|j|☆PizzaSanwitch
|j|☆abadanriyi92
|html|PizzaSanwitchabadanriyi92    
|uhtml|bestof|Game 3 of a best-of-3
|t:|1785879538
|gametype|doubles
|player|p1|PizzaSanwitch|265|1209
|player|p2|abadanriyi92|colress|1256
|gen|9
|tier|[Gen 9 Champions] VGC 2026 Reg M-B (Bo3)
|rated|
|rule|Species Clause: Limit one of each Pokémon
|rule|Item Clause: Limit 1 of each item
|clearpoke
|poke|p1|Pelipper, L50, M|
|poke|p1|Archaludon, L50, M|
|poke|p1|Venusaur, L50, M|
|poke|p1|Basculegion, L50, M|
|poke|p1|Grimmsnarl, L50, M|
|poke|p1|Charizard, L50, F|
|poke|p2|Tyranitar, L50, M|
|poke|p2|Excadrill, L50, F|
|poke|p2|Milotic, L50, F|
|poke|p2|Sinistcha, L50|
|poke|p2|Staraptor, L50, M|
|poke|p2|Gholdengo, L50|
|teampreview|4
|showteam|p1|Pelipper||SitrusBerry|Drizzle|WeatherBall,Hurricane,Tailwind,Protect|Modest||M|||50|]Archaludon||Leftovers|Stamina|ElectroShot,FlashCannon,DragonPulse,Protect|Modest||M|||50|]Venusaur||Venusaurite|Chlorophyll|GigaDrain,SludgeBomb,EarthPower,Protect|Modest||M|||50|]Basculegion||ChoiceScarf|Adaptability|WaveCrash,LastRespects,AquaJet,FlipTurn|Jolly||M|||50|]Grimmsnarl||LightClay|Prankster|SpiritBreak,Reflect,LightScreen,PartingShot|Sassy||M|||50|]Charizard||CharizarditeY|SolarPower|HeatWave,WeatherBall,Hurricane,Protect|Modest||F|||50|
|showteam|p2|Tyranitar||Tyranitarite|SandStream|KnockOff,RockSlide,HighHorsepower,Protect|Jolly||M|||50|]Excadrill||FocusSash|SandRush|Earthquake,IronHead,RockSlide,Protect|Adamant||F|||50|]Milotic||SitrusBerry|Competitive|Scald,IcyWind,Haze,Protect|Calm||F|||50|]Sinistcha||ColburBerry|Hospitality|MatchaGotcha,ShadowBall,Protect,RagePowder|Bold|||||50|]Staraptor||Staraptite|Intimidate|CloseCombat,BraveBird,Tailwind,Protect|Jolly||M|||50|]Gholdengo||LifeOrb|GoodasGold|MakeItRain,ShadowBall,NastyPlot,Protect|Modest|||||50|
|inactive|Battle timer is ON: inactive players will automatically lose when time's up. (requested by abadanriyi92)
|inactive|PizzaSanwitch has 60 seconds left.
|inactive|PizzaSanwitch has 30 seconds left.
|inactive|PizzaSanwitch has 20 seconds left.
|inactive|PizzaSanwitch has 15 seconds left.
|inactive|PizzaSanwitch has 10 seconds left.
|inactive|PizzaSanwitch has 5 seconds left.
|
|t:|1785879665
|teamsize|p1|4
|teamsize|p2|4
|start
|switch|p1a: Grimmsnarl|Grimmsnarl, L50, M|100/100
|switch|p1b: Basculegion|Basculegion, L50, M|100/100
|switch|p2a: Tyranitar|Tyranitar, L50, M|100/100
|switch|p2b: Gholdengo|Gholdengo, L50|100/100
|-weather|Sandstorm|[from] ability: Sand Stream|[of] p2a: Tyranitar
|turn|1
|inactive|PizzaSanwitch has 30 seconds left.
|
|t:|1785879699
|move|p2a: Tyranitar|Protect|p2a: Tyranitar
|-singleturn|p2a: Tyranitar|Protect
|move|p1a: Grimmsnarl|Reflect|p1a: Grimmsnarl
|-sidestart|p1: PizzaSanwitch|Reflect
|move|p1b: Basculegion|Flip Turn|p2b: Gholdengo
|-damage|p2b: Gholdengo|68/100
|
|t:|1785879707
|switch|p1b: Venusaur|Venusaur, L50, M|100/100|[from] Flip Turn
|move|p2b: Gholdengo|Nasty Plot|p2b: Gholdengo
|-boost|p2b: Gholdengo|spa|2
|
|-weather|Sandstorm|[upkeep]
|-damage|p1b: Venusaur|94/100|[from] Sandstorm
|-damage|p1a: Grimmsnarl|94/100|[from] Sandstorm
|upkeep
|turn|2
|inactive|abadanriyi92 has 30 seconds left.
|inactive|PizzaSanwitch has 30 seconds left.
|inactive|abadanriyi92 has 20 seconds left.
|inactive|abadanriyi92 has 15 seconds left.
|inactive|abadanriyi92 has 10 seconds left.
|
|t:|1785879756
|switch|p2a: Sinistcha|Sinistcha, L50|100/100
|-heal|p2b: Gholdengo|93/100|[from] ability: Hospitality|[of] p2a: Sinistcha
|detailschange|p1b: Venusaur|Venusaur-Mega, L50, M
|-mega|p1b: Venusaur|Venusaur|Venusaurite
|move|p2b: Gholdengo|Protect|p2b: Gholdengo
|-singleturn|p2b: Gholdengo|Protect
|move|p1a: Grimmsnarl|Light Screen|p1a: Grimmsnarl
|-sidestart|p1: PizzaSanwitch|move: Light Screen
|move|p1b: Venusaur|Giga Drain|p2a: Sinistcha
|-resisted|p2a: Sinistcha|1
|-damage|p2a: Sinistcha|80/100
|-heal|p1b: Venusaur|100/100|[from] drain|[of] p2a: Sinistcha
|
|-weather|Sandstorm|[upkeep]
|-damage|p1b: Venusaur|94/100|[from] Sandstorm
|-damage|p2a: Sinistcha|74/100|[from] Sandstorm
|-damage|p1a: Grimmsnarl|88/100|[from] Sandstorm
|upkeep
|turn|3
|inactive|abadanriyi92 has 30 seconds left.
|
|t:|1785879786
|switch|p2a: Staraptor|Staraptor, L50, M|100/100
|-ability|p2a: Staraptor|Intimidate|boost
|-unboost|p1a: Grimmsnarl|atk|1
|-unboost|p1b: Venusaur|atk|1
|move|p1a: Grimmsnarl|Parting Shot|p2a: Staraptor
|-unboost|p2a: Staraptor|atk|1
|-unboost|p2a: Staraptor|spa|1
|
|t:|1785879796
|switch|p1a: Pelipper|Pelipper, L50, M|100/100|[from] Parting Shot
|-weather|RainDance|[from] ability: Drizzle|[of] p1a: Pelipper
|move|p2b: Gholdengo|Make It Rain|p1b: Venusaur|[spread] p1a,p1b
|-resisted|p1a: Pelipper|1
|-damage|p1a: Pelipper|51/100
|-damage|p1b: Venusaur|36/100
|-unboost|p2b: Gholdengo|spa|2
|-damage|p2b: Gholdengo|83/100|[from] item: Life Orb
|move|p1b: Venusaur|Earth Power|p2b: Gholdengo
|-supereffective|p2b: Gholdengo|1
|-damage|p2b: Gholdengo|27/100
|
|-weather|RainDance|[upkeep]
|upkeep
|turn|4
|inactive|PizzaSanwitch has 30 seconds left.
|inactive|abadanriyi92 has 30 seconds left.
|
|t:|1785879830
|switch|p2b: Tyranitar|Tyranitar, L50, M|100/100
|-weather|Sandstorm|[from] ability: Sand Stream|[of] p2b: Tyranitar
|detailschange|p2a: Staraptor|Staraptor-Mega, L50, M
|-mega|p2a: Staraptor|Staraptor|Staraptite
|move|p2a: Staraptor|Tailwind|p2a: Staraptor
|-sidestart|p2: abadanriyi92|move: Tailwind
|move|p1b: Venusaur|Earth Power|p2b: Tyranitar
|-supereffective|p2b: Tyranitar|1
|-damage|p2b: Tyranitar|60/100
|move|p1a: Pelipper|Tailwind|p1a: Pelipper
|-sidestart|p1: PizzaSanwitch|move: Tailwind
|
|-weather|Sandstorm|[upkeep]
|-damage|p2a: Staraptor|94/100|[from] Sandstorm
|-damage|p1b: Venusaur|31/100|[from] Sandstorm
|-damage|p1a: Pelipper|45/100|[from] Sandstorm
|-enditem|p1a: Pelipper|Sitrus Berry|[eat]
|-heal|p1a: Pelipper|69/100|[from] item: Sitrus Berry
|upkeep
|turn|5
|
|t:|1785879855
|switch|p1a: Basculegion|Basculegion, L50, M|100/100
|move|p1b: Venusaur|Protect|p1b: Venusaur
|-singleturn|p1b: Venusaur|Protect
|move|p2a: Staraptor|Close Combat|p1a: Basculegion
|-immune|p1a: Basculegion
|move|p2b: Tyranitar|Knock Off|p1b: Venusaur
|-activate|p1b: Venusaur|move: Protect
|
|-weather|Sandstorm|[upkeep]
|-damage|p1a: Basculegion|93/100|[from] Sandstorm
|-damage|p2a: Staraptor|88/100|[from] Sandstorm
|-damage|p1b: Venusaur|25/100|[from] Sandstorm
|upkeep
|turn|6
|inactive|PizzaSanwitch has 30 seconds left.
|inactive|abadanriyi92 has 30 seconds left.
|
|t:|1785879888
|switch|p2b: Sinistcha|Sinistcha, L50|74/100
|-heal|p2a: Staraptor|100/100|[from] ability: Hospitality|[of] p2b: Sinistcha
|move|p2a: Staraptor|Protect|p2a: Staraptor
|-singleturn|p2a: Staraptor|Protect
|move|p1a: Basculegion|Wave Crash|p2a: Staraptor
|-activate|p2a: Staraptor|move: Protect
|move|p1b: Venusaur|Giga Drain|p2b: Sinistcha
|-resisted|p2b: Sinistcha|1
|-damage|p2b: Sinistcha|54/100
|-heal|p1b: Venusaur|34/100|[from] drain|[of] p2b: Sinistcha
|
|-weather|Sandstorm|[upkeep]
|-damage|p1a: Basculegion|87/100|[from] Sandstorm
|-damage|p2a: Staraptor|94/100|[from] Sandstorm
|-damage|p1b: Venusaur|28/100|[from] Sandstorm
|-damage|p2b: Sinistcha|48/100|[from] Sandstorm
|upkeep
|turn|7
|inactive|PizzaSanwitch has 30 seconds left.
|inactive|abadanriyi92 has 30 seconds left.
|inactive|PizzaSanwitch has 20 seconds left.
|inactive|abadanriyi92 has 20 seconds left.
|inactive|PizzaSanwitch has 15 seconds left.
|inactive|abadanriyi92 has 15 seconds left.
|inactive|PizzaSanwitch has 10 seconds left.
|inactive|PizzaSanwitch has 5 seconds left.
|
|t:|1785879940
|switch|p1b: Grimmsnarl|Grimmsnarl, L50, M|88/100
|move|p1a: Basculegion|Wave Crash|p2a: Staraptor
|-damage|p2a: Staraptor|29/100
|-damage|p1a: Basculegion|67/100|[from] Recoil
|move|p2a: Staraptor|Close Combat|p1a: Basculegion
|-immune|p1a: Basculegion
|move|p2b: Sinistcha|Shadow Ball|p1b: Grimmsnarl
|-resisted|p1b: Grimmsnarl|1
|-damage|p1b: Grimmsnarl|78/100
|
|-weather|Sandstorm|[upkeep]
|-damage|p1a: Basculegion|61/100|[from] Sandstorm
|-damage|p2a: Staraptor|23/100|[from] Sandstorm
|-damage|p2b: Sinistcha|42/100|[from] Sandstorm
|-damage|p1b: Grimmsnarl|72/100|[from] Sandstorm
|-sideend|p1: PizzaSanwitch|move: Tailwind
|-sideend|p2: abadanriyi92|move: Tailwind
|upkeep
|turn|8
|inactive|PizzaSanwitch has 30 seconds left.
|inactive|PizzaSanwitch has 20 seconds left.
|inactive|PizzaSanwitch has 15 seconds left.
|
|t:|1785879982
|switch|p1b: Pelipper|Pelipper, L50, M|69/100
|-weather|RainDance|[from] ability: Drizzle|[of] p1b: Pelipper
|move|p2b: Sinistcha|Rage Powder|p2b: Sinistcha
|-singleturn|p2b: Sinistcha|move: Rage Powder
|move|p1a: Basculegion|Wave Crash|p2b: Sinistcha
|-resisted|p2b: Sinistcha|1
|-damage|p2b: Sinistcha|0 fnt
|faint|p2b: Sinistcha
|-damage|p1a: Basculegion|48/100|[from] Recoil
|move|p2a: Staraptor|Tailwind|p2a: Staraptor
|-sidestart|p2: abadanriyi92|move: Tailwind
|
|-weather|RainDance|[upkeep]
|-sideend|p1: PizzaSanwitch|Reflect
|upkeep
|
|t:|1785880000
|switch|p2b: Tyranitar|Tyranitar, L50, M|60/100
|-weather|Sandstorm|[from] ability: Sand Stream|[of] p2b: Tyranitar
|turn|9
|
|t:|1785880016
|switch|p1a: Grimmsnarl|Grimmsnarl, L50, M|72/100
|switch|p1b: Venusaur|Venusaur-Mega, L50, M|28/100
|move|p2a: Staraptor|Brave Bird|p1a: Grimmsnarl
|-damage|p1a: Grimmsnarl|32/100
|-damage|p2a: Staraptor|9/100|[from] Recoil
|move|p2b: Tyranitar|Rock Slide|p1b: Venusaur|[spread] p1a,p1b
|-damage|p1a: Grimmsnarl|4/100
|-damage|p1b: Venusaur|6/100
|
|-weather|Sandstorm|[upkeep]
|-damage|p2a: Staraptor|3/100|[from] Sandstorm
|-damage|p1b: Venusaur|1/100|[from] Sandstorm
|-damage|p1a: Grimmsnarl|0 fnt|[from] Sandstorm
|faint|p1a: Grimmsnarl
|-sideend|p1: PizzaSanwitch|move: Light Screen
|upkeep
|inactive|PizzaSanwitch has 30 seconds left.
|inactive|PizzaSanwitch has 20 seconds left.
|c|☆PizzaSanwitch|i dont know if there is a consistent way that my team can beat yours
|inactive|PizzaSanwitch has 15 seconds left.
|
|t:|1785880058
|switch|p1a: Pelipper|Pelipper, L50, M|69/100
|-weather|RainDance|[from] ability: Drizzle|[of] p1a: Pelipper
|turn|10
|inactive|abadanriyi92 has 30 seconds left.
|c|☆abadanriyi92|You prolly had to find a way to tailwind for venusaur to kill dengo, but yeah its tought for both of us lol
|inactive|abadanriyi92 has 20 seconds left.
|inactive|abadanriyi92 has 15 seconds left.
|
|t:|1785880099
|move|p1b: Venusaur|Protect|p1b: Venusaur
|-singleturn|p1b: Venusaur|Protect
|move|p2a: Staraptor|Close Combat|p1a: Pelipper
|-resisted|p1a: Pelipper|1
|-damage|p1a: Pelipper|48/100
|-boost|p2a: Staraptor|def|1
|-boost|p2a: Staraptor|spd|1
|move|p2b: Tyranitar|Rock Slide|p1b: Venusaur|[spread] p1a
|-activate|p1b: Venusaur|move: Protect
|-supereffective|p1a: Pelipper|1
|-damage|p1a: Pelipper|0 fnt
|faint|p1a: Pelipper
|
|-weather|RainDance|[upkeep]
|upkeep
|-message|PizzaSanwitch forfeited.
|
|win|abadanriyi92
|raw|PizzaSanwitch's rating: 1209 → 1187(-22 for losing)
|raw|abadanriyi92's rating: 1256 → 1278(+22 for winning)
|l|☆abadanriyi92
|player|p2|
