|j|☆LibraryBun01
|j|☆Not_Paint
|html|LibraryBun01Not_Paint    
|uhtml|bestof|Game 1 of a best-of-3
|t:|1785254914
|gametype|doubles
|player|p1|LibraryBun01|265|1000
|player|p2|Not_Paint|yellow|1117
|gen|9
|tier|[Gen 9 Champions] VGC 2026 Reg M-B (Bo3)
|rated|
|rule|Species Clause: Limit one of each Pokémon
|rule|Item Clause: Limit 1 of each item
|clearpoke
|poke|p1|Metagross, L50|
|poke|p1|Annihilape, L50, M|
|poke|p1|Mawile, L50, F|
|poke|p1|Sinistcha, L50|
|poke|p1|Basculegion, L50, M|
|poke|p1|Aerodactyl, L50, F|
|poke|p2|Raichu, L50, M|
|poke|p2|Vivillon, L50, M|
|poke|p2|Typhlosion-Hisui, L50, M|
|poke|p2|Torkoal, L50, M|
|poke|p2|Blaziken, L50, F|
|poke|p2|Venusaur, L50, M|
|teampreview|4
|showteam|p1|Metagross||Metagrossite|ClearBody|IronHead,PsychicFangs,Protect,BulletPunch|Jolly|||||50|]Annihilape||Leftovers|InnerFocus|DrainPunch,BulkUp,Taunt,RageFist|Adamant||M|||50|]Mawile||Mawilite|Intimidate|DrainingKiss,KnockOff,Flamethrower,Protect|Adamant||F|||50|]Sinistcha||KasibBerry|Hospitality|ShadowBall,TrickRoom,MatchaGotcha,Protect|Relaxed|||||50|]Basculegion||SitrusBerry|MoldBreaker|LastRespects,WaveCrash,FlipTurn,Protect|Jolly||M|||50|]Aerodactyl||FocusSash|Unnerve|RockSlide,Tailwind,DualWingbeat,Protect|Adamant||F|||50|
|showteam|p2|Raichu||RaichuniteY|LightningRod|ZapCannon,FocusBlast,FakeOut,Protect|Timid||M|||50|]Vivillon||FocusSash|CompoundEyes|Hurricane,RagePowder,Tailwind,Protect|Timid||M|||50|]Typhlosion-Hisui||ChoiceScarf|Blaze|Eruption,HeatWave,InfernalParade,Extrasensory|Timid||M|||50|]Torkoal||Charcoal|Drought|Eruption,WeatherBall,EarthPower,Protect|Modest||M|||50|]Blaziken||Blazikenite|SpeedBoost|CloseCombat,FlareBlitz,RockSlide,Protect|Adamant||F|||50|]Venusaur||LifeOrb|Chlorophyll|EnergyBall,SludgeBomb,SleepPowder,Protect|Modest||M|||50|
|inactive|Battle timer is ON: inactive players will automatically lose when time's up. (requested by Not_Paint)
|inactive|LibraryBun01 has 60 seconds left.
|
|t:|1785254974
|teamsize|p1|4
|teamsize|p2|4
|start
|switch|p1a: Basculegion|Basculegion, L50, M|100/100
|switch|p1b: Aerodactyl|Aerodactyl, L50, F|100/100
|switch|p2a: Raichu|Raichu, L50, M|100/100
|switch|p2b: Typhlosion|Typhlosion-Hisui, L50, M|100/100
|-ability|p1b: Aerodactyl|Unnerve
|-ability|p1a: Basculegion|Mold Breaker
|turn|1
|inactive|LibraryBun01 has 30 seconds left.
|
|t:|1785255004
|move|p2a: Raichu|Fake Out|p1b: Aerodactyl
|-resisted|p1b: Aerodactyl|1
|-damage|p1b: Aerodactyl|94/100
|move|p2b: Typhlosion|Infernal Parade|p1a: Basculegion
|-supereffective|p1a: Basculegion|1
|-damage|p1a: Basculegion|19/100
|-status|p1a: Basculegion|brn
|-enditem|p1a: Basculegion|Sitrus Berry|[eat]
|-heal|p1a: Basculegion|44/100 brn|[from] item: Sitrus Berry
|cant|p1b: Aerodactyl|flinch
|move|p1a: Basculegion|Wave Crash|p2b: Typhlosion
|-supereffective|p2b: Typhlosion|1
|-damage|p2b: Typhlosion|16/100
|-damage|p1a: Basculegion|23/100 brn|[from] Recoil
|
|-damage|p1a: Basculegion|17/100 brn|[from] brn
|upkeep
|turn|2
|inactive|LibraryBun01 has 30 seconds left.
|
|t:|1785255038
|move|p1a: Basculegion|Protect|p1a: Basculegion
|-singleturn|p1a: Basculegion|Protect
|move|p2b: Typhlosion|Infernal Parade|p1a: Basculegion
|-activate|p1a: Basculegion|move: Protect
|move|p2a: Raichu|Zap Cannon|p1b: Aerodactyl|[miss]
|-miss|p2a: Raichu|p1b: Aerodactyl
|move|p1b: Aerodactyl|Tailwind|p1b: Aerodactyl
|-sidestart|p1: LibraryBun01|move: Tailwind
|
|-damage|p1a: Basculegion|11/100 brn|[from] brn
|upkeep
|turn|3
|inactive|LibraryBun01 has 30 seconds left.
|inactive|LibraryBun01 has 20 seconds left.
|
|t:|1785255074
|switch|p2a: Torkoal|Torkoal, L50, M|100/100
|-weather|SunnyDay|[from] ability: Drought|[of] p2a: Torkoal
|move|p1b: Aerodactyl|Rock Slide|p2a: Torkoal|[spread] p2a,p2b
|-supereffective|p2a: Torkoal|1
|-supereffective|p2b: Typhlosion|1
|-damage|p2a: Torkoal|58/100
|-damage|p2b: Typhlosion|0 fnt
|faint|p2b: Typhlosion
|move|p1a: Basculegion|Flip Turn|p2a: Torkoal
|-supereffective|p2a: Torkoal|1
|-damage|p2a: Torkoal|47/100
|inactive|LibraryBun01 has 30 seconds left.
|
|t:|1785255103
|switch|p1a: Sinistcha|Sinistcha, L50|100/100|[from] Flip Turn
|-heal|p1b: Aerodactyl|100/100|[from] ability: Hospitality|[of] p1a: Sinistcha
|
|-weather|SunnyDay|[upkeep]
|upkeep
|
|t:|1785255106
|switch|p2b: Raichu|Raichu, L50, M|100/100
|turn|4
|
|t:|1785255127
|move|p1a: Sinistcha|Protect|p1a: Sinistcha
|-singleturn|p1a: Sinistcha|Protect
|move|p2b: Raichu|Fake Out|p1b: Aerodactyl
|-resisted|p1b: Aerodactyl|1
|-damage|p1b: Aerodactyl|94/100
|cant|p1b: Aerodactyl|flinch
|move|p2a: Torkoal|Weather Ball|p1a: Sinistcha
|-activate|p1a: Sinistcha|move: Protect
|
|-weather|SunnyDay|[upkeep]
|upkeep
|turn|5
|inactive|LibraryBun01 has 30 seconds left.
|
|t:|1785255153
|switch|p1a: Mawile|Mawile, L50, F|100/100
|-ability|p1a: Mawile|Intimidate|boost
|-unboost|p2a: Torkoal|atk|1
|-unboost|p2b: Raichu|atk|1
|move|p2b: Raichu|Protect|p2b: Raichu
|-singleturn|p2b: Raichu|Protect
|move|p2a: Torkoal|Protect|p2a: Torkoal
|-singleturn|p2a: Torkoal|Protect
|move|p1b: Aerodactyl|Rock Slide|p2a: Torkoal|[spread] 
|-activate|p2a: Torkoal|move: Protect
|-activate|p2b: Raichu|move: Protect
|
|-weather|SunnyDay|[upkeep]
|-sideend|p1: LibraryBun01|move: Tailwind
|upkeep
|turn|6
|inactive|LibraryBun01 has 30 seconds left.
|inactive|LibraryBun01 has 20 seconds left.
|
|t:|1785255193
|detailschange|p2b: Raichu|Raichu-Mega-Y, L50, M
|-mega|p2b: Raichu|Raichu|Raichunite Y
|move|p2b: Raichu|Zap Cannon|p1b: Aerodactyl
|-supereffective|p1b: Aerodactyl|1
|-damage|p1b: Aerodactyl|0 fnt
|faint|p1b: Aerodactyl
|move|p1a: Mawile|Knock Off|p2a: Torkoal
|-crit|p2a: Torkoal
|-damage|p2a: Torkoal|15/100
|-enditem|p2a: Torkoal|Charcoal|[from] move: Knock Off|[of] p1a: Mawile
|move|p2a: Torkoal|Weather Ball|p1a: Mawile
|-supereffective|p1a: Mawile|1
|-damage|p1a: Mawile|0 fnt
|faint|p1a: Mawile
|
|-weather|SunnyDay|[upkeep]
|upkeep
|
|t:|1785255213
|switch|p1b: Sinistcha|Sinistcha, L50|100/100
|switch|p1a: Basculegion|Basculegion, L50, M|11/100 brn
|-ability|p1a: Basculegion|Mold Breaker
|-heal|p1a: Basculegion|36/100 brn|[from] ability: Hospitality|[of] p1b: Sinistcha
|turn|7
|
|t:|1785255233
|move|p2b: Raichu|Zap Cannon|p1a: Basculegion
|-supereffective|p1a: Basculegion|1
|-crit|p1a: Basculegion
|-damage|p1a: Basculegion|0 fnt
|faint|p1a: Basculegion
|move|p1b: Sinistcha|Matcha Gotcha|p2a: Torkoal|[spread] p2a,p2b
|-resisted|p2a: Torkoal|1
|-damage|p2a: Torkoal|0 fnt
|-damage|p2b: Raichu|64/100
|faint|p2a: Torkoal
|
|-weather|none
|upkeep
|
|t:|1785255243
|switch|p2a: Blaziken|Blaziken, L50, F|100/100
|turn|8
|
|t:|1785255251
|move|p2b: Raichu|Zap Cannon|p1b: Sinistcha
|-resisted|p1b: Sinistcha|1
|-damage|p1b: Sinistcha|58/100
|-status|p1b: Sinistcha|par
|move|p2a: Blaziken|Flare Blitz|p1b: Sinistcha
|-supereffective|p1b: Sinistcha|1
|-damage|p1b: Sinistcha|0 fnt
|faint|p1b: Sinistcha
|-damage|p2a: Blaziken|77/100|[from] Recoil
|
|win|Not_Paint
||Not_Paint is ready for game 2.
|l|☆Not_Paint
|player|p2|
|inactive|LibraryBun01 has 30 seconds to confirm battle start!
|inactive|LibraryBun01 has 20 seconds to confirm battle start!
