|j|☆EternalSnowman
|j|☆kunal
|html|EternalSnowmankunal    
|uhtml|bestof|Game 2 of a best-of-3
|t:|1785811425
|gametype|doubles
|player|p1|EternalSnowman|#dwcopv|
|player|p2|kunal|#wcop2026uswest|
|gen|9
|tier|[Gen 9 Champions] VGC 2026 Reg M-B (Bo3)
|rule|Species Clause: Limit one of each Pokémon
|rule|Item Clause: Limit 1 of each item
|clearpoke
|poke|p1|Hydreigon, L50, M|
|poke|p1|Mawile, L50, F|
|poke|p1|Arcanine-Hisui, L50, M|
|poke|p1|Farigiraf, L50, F|
|poke|p1|Staraptor, L50, F|
|poke|p1|Grimmsnarl, L50, M|
|poke|p2|Charizard, L50, M|
|poke|p2|Venusaur, L50, F|
|poke|p2|Garchomp, L50, M|
|poke|p2|Floette-Eternal, L50, F|
|poke|p2|Incineroar, L50, M|
|poke|p2|Grimmsnarl, L50, M|
|teampreview|4
|showteam|p1|Hydreigon||HabanBerry|Levitate|DarkPulse,DracoMeteor,EarthPower,Protect|Timid||M|||50|]Mawile||Mawilite|HyperCutter|RockSlide,SuckerPunch,PlayRough,Protect|Adamant||F|||50|]Arcanine-Hisui||FocusSash|RockHead|HeadSmash,FlareBlitz,Protect,ExtremeSpeed|Jolly||M|||50|]Farigiraf||SitrusBerry|ArmorTail|TrickRoom,Protect,Psychic,HyperVoice|Calm||F|||50|]Staraptor||Staraptite|Intimidate|CloseCombat,BraveBird,Protect,Roost|Jolly||F|||50|]Grimmsnarl||RoseliBerry|Prankster|FakeOut,PartingShot,PlayRough,ScaryFace|Impish||M|||50|
|showteam|p2|Charizard||CharizarditeY|Blaze|HeatWave,WeatherBall,SolarBeam,Protect|Modest||M|||50|]Venusaur||FocusSash|Chlorophyll|SludgeBomb,LeafStorm,SleepPowder,Protect|Modest||F|||50|]Garchomp||ChoiceScarf|RoughSkin|RockSlide,Earthquake,DragonClaw,StompingTantrum|Adamant||M|||50|]Floette-Eternal||Floettite|FlowerVeil|DrainingKiss,DazzlingGleam,CalmMind,Protect|Modest||F|||50|]Incineroar||SitrusBerry|Intimidate|FakeOut,FlareBlitz,HelpingHand,PartingShot|Careful||M|||50|]Grimmsnarl||LightClay|Prankster|SpiritBreak,Reflect,LightScreen,PartingShot|Careful||M|||50|
|j| srvoltmike
|j| gephicka
|j| icypenguin604
|j| Raf
|j|+eragon
|j| Terekusai
|l| srvoltmike
|j| Code
|
|t:|1785811483
|teamsize|p1|4
|teamsize|p2|4
|start
|switch|p1a: Farigiraf|Farigiraf, L50, F|100/100
|switch|p1b: Mawile|Mawile, L50, F|100/100
|switch|p2a: Floette|Floette-Eternal, L50, F|100/100
|switch|p2b: Incineroar|Incineroar, L50, M|100/100
|-ability|p2b: Incineroar|Intimidate|boost
|-unboost|p1a: Farigiraf|atk|1
|-fail|p1b: Mawile|unboost|Attack|[from] ability: Hyper Cutter|[of] p1b: Mawile
|turn|1
|j| Hasayo
|j|+zoe✿
|
|t:|1785811504
|move|p1b: Mawile|Protect|p1b: Mawile
|-singleturn|p1b: Mawile|Protect
|move|p2a: Floette|Calm Mind|p2a: Floette
|-boost|p2a: Floette|spa|1
|-boost|p2a: Floette|spd|1
|move|p2b: Incineroar|Parting Shot|p1b: Mawile
|-activate|p1b: Mawile|move: Protect
|move|p1a: Farigiraf|Trick Room|p1a: Farigiraf
|-fieldstart|move: Trick Room|[of] p1a: Farigiraf
|
|upkeep
|turn|2
|j| srvoltmike
|
|t:|1785811545
|move|p2a: Floette|Protect|p2a: Floette
|-singleturn|p2a: Floette|Protect
|move|p1b: Mawile|Rock Slide|p2b: Incineroar|[spread] p2b
|-activate|p2a: Floette|move: Protect
|-supereffective|p2b: Incineroar|1
|-damage|p2b: Incineroar|72/100
|move|p1a: Farigiraf|Hyper Voice|p2b: Incineroar|[spread] p2b
|-activate|p2a: Floette|move: Protect
|-damage|p2b: Incineroar|54/100
|move|p2b: Incineroar|Parting Shot|p1b: Mawile
|-fail|p1b: Mawile|unboost|Attack|[from] ability: Hyper Cutter|[of] p1b: Mawile
|-unboost|p1b: Mawile|spa|1
|
|t:|1785811561
|switch|p2b: Grimmsnarl|Grimmsnarl, L50, M|100/100|[from] Parting Shot
|
|upkeep
|turn|3
|
|t:|1785811571
|detailschange|p1b: Mawile|Mawile-Mega, L50, F
|-mega|p1b: Mawile|Mawile|Mawilite
|detailschange|p2a: Floette|Floette-Mega, L50, F
|-mega|p2a: Floette|Floette|Floettite
|-ability|p2a: Floette|Fairy Aura
|move|p2b: Grimmsnarl|Reflect|p2b: Grimmsnarl
|-sidestart|p2: kunal|Reflect
|move|p1b: Mawile|Play Rough|p2a: Floette
|-damage|p2a: Floette|22/100
|move|p1a: Farigiraf|Hyper Voice|p2a: Floette|[spread] p2a,p2b
|-damage|p2a: Floette|9/100
|-damage|p2b: Grimmsnarl|77/100
|move|p2a: Floette|Draining Kiss|p1a: Farigiraf
|-damage|p1a: Farigiraf|54/100
|-heal|p2a: Floette|54/100|[from] drain|[of] p1a: Farigiraf
|
|upkeep
|turn|4
|j|+iPetBigfoot
|
|t:|1785811607
|move|p2a: Floette|Protect|p2a: Floette
|-singleturn|p2a: Floette|Protect
|move|p1b: Mawile|Play Rough|p2b: Grimmsnarl
|-supereffective|p2b: Grimmsnarl|1
|-damage|p2b: Grimmsnarl|0 fnt
|faint|p2b: Grimmsnarl
|move|p1a: Farigiraf|Hyper Voice|p2a: Floette
|-activate|p2a: Floette|move: Protect
|
|upkeep
|
|t:|1785811614
|switch|p2b: Incineroar|Incineroar, L50, M|54/100
|-ability|p2b: Incineroar|Intimidate|boost
|-unboost|p1a: Farigiraf|atk|1
|-unboost|p1b: Mawile|atk|1
|turn|5
|
|t:|1785811642
|move|p1b: Mawile|Play Rough|p2a: Floette|[miss]
|-miss|p1b: Mawile|p2a: Floette
|move|p1a: Farigiraf|Hyper Voice|p2a: Floette|[spread] p2a,p2b
|-damage|p2a: Floette|41/100
|-damage|p2b: Incineroar|36/100
|-enditem|p2b: Incineroar|Sitrus Berry|[eat]
|-heal|p2b: Incineroar|60/100|[from] item: Sitrus Berry
|move|p2b: Incineroar|Flare Blitz|p1b: Mawile
|-supereffective|p1b: Mawile|1
|-damage|p1b: Mawile|4/100
|-damage|p2b: Incineroar|36/100|[from] Recoil
|move|p2a: Floette|Draining Kiss|p1a: Farigiraf
|-damage|p1a: Farigiraf|8/100
|-heal|p2a: Floette|87/100|[from] drain|[of] p1a: Farigiraf
|-enditem|p1a: Farigiraf|Sitrus Berry|[eat]
|-heal|p1a: Farigiraf|33/100|[from] item: Sitrus Berry
|
|-fieldend|move: Trick Room
|upkeep
|turn|6
|
|t:|1785811664
|switch|p2b: Garchomp|Garchomp, L50, M|100/100
|move|p1a: Farigiraf|Protect|p1a: Farigiraf
|-singleturn|p1a: Farigiraf|Protect
|move|p1b: Mawile|Sucker Punch|p2a: Floette
|-resisted|p2a: Floette|1
|-damage|p2a: Floette|76/100
|move|p2a: Floette|Dazzling Gleam|p1a: Farigiraf|[spread] p1b
|-activate|p1a: Farigiraf|move: Protect
|-resisted|p1b: Mawile|1
|-damage|p1b: Mawile|0 fnt
|faint|p1b: Mawile
|
|upkeep
|c| gephicka|Sv
|
|t:|1785811681
|switch|p1b: Arcanine|Arcanine-Hisui, L50, M|100/100
|turn|7
|
|t:|1785811702
|switch|p1a: Hydreigon|Hydreigon, L50, M|100/100
|move|p1b: Arcanine|Protect|p1b: Arcanine
|-singleturn|p1b: Arcanine|Protect
|move|p2b: Garchomp|Stomping Tantrum|p1b: Arcanine
|-activate|p1b: Arcanine|move: Protect
|move|p2a: Floette|Dazzling Gleam|p1a: Hydreigon|[spread] p1a
|-activate|p1b: Arcanine|move: Protect
|-supereffective|p1a: Hydreigon|2
|-damage|p1a: Hydreigon|0 fnt
|faint|p1a: Hydreigon
|
|upkeep
|
|t:|1785811705
|switch|p1a: Farigiraf|Farigiraf, L50, F|33/100
|turn|8
|
|t:|1785811711
|move|p2b: Garchomp|Stomping Tantrum|p1b: Arcanine
|-supereffective|p1b: Arcanine|2
|-enditem|p1b: Arcanine|Focus Sash
|-damage|p1b: Arcanine|1/100
|move|p1b: Arcanine|Head Smash|p2a: Floette|[miss]
|-miss|p1b: Arcanine|p2a: Floette
|move|p2a: Floette|Dazzling Gleam|p1a: Farigiraf|[spread] p1a,p1b
|-resisted|p1b: Arcanine|1
|-damage|p1a: Farigiraf|0 fnt
|-damage|p1b: Arcanine|0 fnt
|faint|p1a: Farigiraf
|faint|p1b: Arcanine
|
|win|kunal
|l| Terekusai
|c|☆EternalSnowman|gg
|l|+zoe✿
|c|☆kunal|gg
|l|+iPetBigfoot
|l| srvoltmike
|l| Raf
