|j|☆Notbad4first
|j|☆viatles
|html|Notbad4firstviatles    
|uhtml|bestof|Game 1 of a best-of-3
|t:|1757630026
|gametype|doubles
|player|p1|Notbad4first|2|1009
|player|p2|viatles|hiker|1017
|gen|9
|tier|[Gen 9] VGC 2025 Reg H (Bo3)
|rated|
|rule|Species Clause: Limit one of each Pokémon
|rule|Item Clause: Limit 1 of each item
|clearpoke
|poke|p1|Weezing, L50, F|
|poke|p1|Kilowattrel, L50, M|
|poke|p1|Mamoswine, L50, F|
|poke|p1|Slaking, L50, F|
|poke|p1|Dondozo, L50, F|
|poke|p1|Tatsugiri-Droopy, L50, M|
|poke|p2|Scizor, L50, F|
|poke|p2|Talonflame, L50, F|
|poke|p2|Rillaboom, L50, F|
|poke|p2|Garchomp, L50, F|
|poke|p2|Kilowattrel, L50, M|
|poke|p2|Garganacl, L50, M|
|teampreview|4
|showteam|p1|Weezing||CovertCloak|NeutralizingGas|Protect,SludgeBomb,WillOWisp,ToxicSpikes|||F|||50|,,,,,Fairy]Kilowattrel||ChoiceSpecs|Competitive|AirSlash,Discharge,VoltSwitch,Thunderbolt|||M|||50|,,,,,Ghost]Mamoswine||FocusSash|Oblivious|HighHorsepower,IcicleCrash,IceShard,Protect|||F|||50|,,,,,Ghost]Slaking||LifeOrb|Truant|HighHorsepower,Protect,SuckerPunch,DoubleEdge|||F|||50|,,,,,Ghost]Dondozo||Leftovers|Unaware|Earthquake,Protect,Substitute,WaveCrash|||F|||50|,,,,,Ground]Tatsugiri-Droopy||AssaultVest|Commander|DracoMeteor,MirrorCoat,IcyWind,MuddyWater|||M|||50|,,,,,Steel
|showteam|p2|Scizor||LifeOrb|Technician|BulletPunch,BugBite,DualWingbeat,Protect|||F|||50|,,,,,Fire]Talonflame||CovertCloak|GaleWings|DualWingbeat,Tailwind,Taunt,FlareBlitz|||F|||50|,,,,,Flying]Rillaboom||AssaultVest|GrassySurge|FakeOut,GrassyGlide,Uturn,WoodHammer|||F|||50|,,,,,Fairy]Garchomp||ClearAmulet|RoughSkin|IronHead,Earthquake,DragonClaw,Protect|||F|||50|,,,,,Steel]Kilowattrel||FocusSash|Competitive|Discharge,AirSlash,Tailwind,Protect|||M|||50|,,,,,Fairy]Garganacl||Leftovers|PurifyingSalt|SaltCure,Recover,Protect,RockSlide|||M|||50|,,,,,Grass
|j| Sheik
|c|☆viatles|gl hf
|inactive|Battle timer is ON: inactive players will automatically lose when time's up. (requested by viatles)
|l| Sheik
|
|t:|1757630055
|teamsize|p1|4
|teamsize|p2|4
|start
|switch|p1a: Weezing|Weezing, L50, F|100/100
|switch|p1b: Slaking|Slaking, L50, F|100/100
|switch|p2a: Rillaboom|Rillaboom, L50, F|100/100
|switch|p2b: Garganacl|Garganacl, L50, M|100/100
|-ability|p1a: Weezing|Neutralizing Gas
|turn|1
|
|t:|1757630076
|move|p2a: Rillaboom|Fake Out|p1b: Slaking
|-damage|p1b: Slaking|90/100
|cant|p1b: Slaking|flinch
|move|p1a: Weezing|Will-O-Wisp|p2a: Rillaboom
|-status|p2a: Rillaboom|brn
|move|p2b: Garganacl|Salt Cure|p1b: Slaking
|-damage|p1b: Slaking|78/100
|-start|p1b: Slaking|Salt Cure
|
|-damage|p2a: Rillaboom|95/100 brn|[from] brn
|-damage|p1b: Slaking|66/100|[from] Salt Cure
|upkeep
|turn|2
|
|t:|1757630100
|move|p1b: Slaking|High Horsepower|p2b: Garganacl
|-supereffective|p2b: Garganacl
|-damage|p2b: Garganacl|25/100
|-damage|p1b: Slaking|56/100|[from] item: Life Orb
|move|p2a: Rillaboom|Wood Hammer|p1b: Slaking
|-damage|p1b: Slaking|32/100
|-damage|p2a: Rillaboom|86/100 brn|[from] Recoil
|move|p1a: Weezing|Sludge Bomb|p2a: Rillaboom
|-supereffective|p2a: Rillaboom
|-damage|p2a: Rillaboom|48/100 brn
|move|p2b: Garganacl|Rock Slide|p1b: Slaking|[spread] p1a,p1b
|-damage|p1a: Weezing|83/100
|-damage|p1b: Slaking|15/100
|
|-heal|p2b: Garganacl|31/100|[from] item: Leftovers
|-damage|p2a: Rillaboom|42/100 brn|[from] brn
|-damage|p1b: Slaking|2/100|[from] Salt Cure
|upkeep
|turn|3
|inactive|Notbad4first has 30 seconds left.
|
|t:|1757630128
|move|p2b: Garganacl|Protect|p2b: Garganacl
|-singleturn|p2b: Garganacl|Protect
|move|p1b: Slaking|Sucker Punch||[still]
|-fail|p1b: Slaking
|move|p2a: Rillaboom|Wood Hammer|p1a: Weezing
|-resisted|p1a: Weezing
|-damage|p1a: Weezing|70/100
|-damage|p2a: Rillaboom|38/100 brn|[from] Recoil
|move|p1a: Weezing|Sludge Bomb|p2a: Rillaboom
|-supereffective|p2a: Rillaboom
|-damage|p2a: Rillaboom|0 fnt
|faint|p2a: Rillaboom
|
|-heal|p2b: Garganacl|37/100|[from] item: Leftovers
|-damage|p1b: Slaking|0 fnt|[from] Salt Cure
|faint|p1b: Slaking
|upkeep
|
|t:|1757630147
|switch|p1b: Mamoswine|Mamoswine, L50, F|100/100
|switch|p2a: Scizor|Scizor, L50, F|100/100
|turn|4
|
|t:|1757630171
|move|p2a: Scizor|Protect|p2a: Scizor
|-singleturn|p2a: Scizor|Protect
|move|p1b: Mamoswine|High Horsepower|p2a: Scizor
|-activate|p2a: Scizor|move: Protect
|move|p1a: Weezing|Sludge Bomb|p2b: Garganacl
|-resisted|p2b: Garganacl
|-damage|p2b: Garganacl|29/100
|move|p2b: Garganacl|Rock Slide|p1a: Weezing|[spread] p1a,p1b
|-damage|p1a: Weezing|52/100
|-damage|p1b: Mamoswine|78/100
|
|-heal|p2b: Garganacl|34/100|[from] item: Leftovers
|upkeep
|turn|5
|
|t:|1757630188
|-terastallize|p2a: Scizor|Fire
|move|p2a: Scizor|Bullet Punch|p1b: Mamoswine
|-supereffective|p1b: Mamoswine
|-damage|p1b: Mamoswine|6/100
|-damage|p2a: Scizor|91/100|[from] item: Life Orb
|move|p1b: Mamoswine|High Horsepower|p2b: Garganacl
|-supereffective|p2b: Garganacl
|-damage|p2b: Garganacl|0 fnt
|faint|p2b: Garganacl
|move|p1a: Weezing|Will-O-Wisp|p2a: Scizor
|-immune|p2a: Scizor
|
|upkeep
|
|t:|1757630200
|switch|p2b: Garchomp|Garchomp, L50, F|100/100
|turn|6
|
|t:|1757630207
|move|p2b: Garchomp|Protect|p2b: Garchomp
|-singleturn|p2b: Garchomp|Protect
|move|p1b: Mamoswine|Ice Shard|p2b: Garchomp
|-activate|p2b: Garchomp|move: Protect
|move|p2a: Scizor|Bullet Punch|p1b: Mamoswine
|-supereffective|p1b: Mamoswine
|-damage|p1b: Mamoswine|0 fnt
|faint|p1b: Mamoswine
|-damage|p2a: Scizor|81/100|[from] item: Life Orb
|move|p1a: Weezing|Will-O-Wisp|p2b: Garchomp
|-activate|p2b: Garchomp|move: Protect
|
|upkeep
|
|t:|1757630221
|switch|p1b: Kilowattrel|Kilowattrel, L50, M|100/100
|turn|7
|
|t:|1757630234
|move|p2a: Scizor|Bullet Punch|p1b: Kilowattrel
|-resisted|p1b: Kilowattrel
|-damage|p1b: Kilowattrel|76/100
|-damage|p2a: Scizor|72/100|[from] item: Life Orb
|move|p1b: Kilowattrel|Air Slash|p2a: Scizor
|-damage|p2a: Scizor|15/100
|move|p2b: Garchomp|Dragon Claw|p1b: Kilowattrel
|-damage|p1b: Kilowattrel|1/100
|move|p1a: Weezing|Will-O-Wisp|p2b: Garchomp
|-status|p2b: Garchomp|brn
|
|-damage|p2b: Garchomp|95/100 brn|[from] brn
|upkeep
|turn|8
|inactive|Notbad4first has 30 seconds left.
|
|t:|1757630263
|move|p2a: Scizor|Bullet Punch|p1b: Kilowattrel
|-resisted|p1b: Kilowattrel
|-damage|p1b: Kilowattrel|0 fnt
|faint|p1b: Kilowattrel
|-damage|p2a: Scizor|6/100|[from] item: Life Orb
|move|p2b: Garchomp|Iron Head|p1a: Weezing
|-damage|p1a: Weezing|39/100
|move|p1a: Weezing|Sludge Bomb|p2b: Garchomp
|-resisted|p2b: Garchomp
|-damage|p2b: Garchomp|79/100 brn
|
|-damage|p2b: Garchomp|73/100 brn|[from] brn
|upkeep
|turn|9
|
|t:|1757630282
|move|p2a: Scizor|Protect|p2a: Scizor
|-singleturn|p2a: Scizor|Protect
|move|p2b: Garchomp|Earthquake|p1a: Weezing|[spread] p1a
|-activate|p2a: Scizor|move: Protect
|-supereffective|p1a: Weezing
|-damage|p1a: Weezing|0 fnt
|faint|p1a: Weezing
|-end|p1a: Weezing|ability: Neutralizing Gas
|
|win|viatles
|l|☆Notbad4first
|player|p1|
