|j|☆s4m1_jaw3d
|j|☆hamixio
|html|s4m1_jaw3dhamixio    
|uhtml|bestof|Game 2 of a best-of-3
|t:|1784657524
|gametype|doubles
|player|p1|s4m1_jaw3d|volkner|
|player|p2|hamixio|psychic|
|gen|9
|tier|[Gen 9 Champions] VGC 2026 Reg M-B (Bo3)
|rule|Species Clause: Limit one of each Pokémon
|rule|Item Clause: Limit 1 of each item
|clearpoke
|poke|p1|Grimmsnarl, L50, M|
|poke|p1|Archaludon, L50, M|
|poke|p1|Venusaur, L50, M|
|poke|p1|Pelipper, L50, M|
|poke|p1|Espeon, L50, M|
|poke|p1|Scizor, L50, M|
|poke|p2|Charizard, L50, F|
|poke|p2|Klefki, L50, M|
|poke|p2|Tauros-Paldea-Combat, L50, M|
|poke|p2|Tsareena, L50, F|
|poke|p2|Diggersby, L50, M, shiny|
|poke|p2|Basculegion, L50, M|
|teampreview|4
|showteam|p1|Grimmsnarl||LightClay|Prankster|Taunt,LightScreen,Reflect,PartingShot|Impish||M|||50|]Archaludon||Leftovers|Stamina|Protect,ElectroShot,DragonPulse,FlashCannon|Modest||M|||50|]Venusaur||Venusaurite|Overgrow|Protect,EarthPower,GigaDrain,SludgeBomb|Bold||M|||50|]Pelipper||FocusSash|Drizzle|Protect,WeatherBall,WideGuard,Tailwind|Timid||M|||50|]Espeon||ExpertBelt|MagicBounce|PowerGem,Detect,DazzlingGleam,Psychic|Timid||M|||50|]Scizor||LifeOrb|Technician|BulletPunch,Protect,KnockOff,Roost|Adamant||M|||50|
|showteam|p2|Charizard||CharizarditeY|Blaze|AirSlash,WeatherBall,HeatWave,Protect|Timid||F|||50|]Klefki||LightClay|Prankster|LightScreen,Reflect,ThunderWave,SteelBeam|Calm||M|||50|]Tauros-Paldea-Combat||SitrusBerry|Intimidate|RagingBull,CloseCombat,Protect,WildCharge|Jolly||M|||50|]Tsareena||WideLens|QueenlyMajesty|HighJumpKick,Protect,TripleAxel,TropKick|Jolly||F|||50|]Diggersby||ChoiceScarf|HugePower|RockSlide,Earthquake,Uturn,IronHead|Jolly||M|||50|]Basculegion||MysticWater|Adaptability|AquaJet,WaveCrash,LastRespects,Protect|Jolly||M|||50|
|
|t:|1784657547
|teamsize|p1|4
|teamsize|p2|4
|start
|switch|p1a: Grimmsnarl|Grimmsnarl, L50, M|100/100
|switch|p1b: Archaludon|Archaludon, L50, M|100/100
|switch|p2a: Charizard|Charizard, L50, F|100/100
|switch|p2b: Klefki|Klefki, L50, M|100/100
|turn|1
|inactive|Battle timer is ON: inactive players will automatically lose when time's up. (requested by s4m1_jaw3d)
|inactive|hamixio has 60 seconds left.
|
|t:|1784657585
|detailschange|p2a: Charizard|Charizard-Mega-Y, L50, F
|-mega|p2a: Charizard|Charizard|Charizardite Y
|-weather|SunnyDay|[from] ability: Drought|[of] p2a: Charizard
|move|p1b: Archaludon|Protect|p1b: Archaludon
|-singleturn|p1b: Archaludon|Protect
|move|p1a: Grimmsnarl|Taunt|p2b: Klefki
|-start|p2b: Klefki|move: Taunt
|move|p2a: Charizard|Heat Wave|p1a: Grimmsnarl|[spread] p1a
|-activate|p1b: Archaludon|move: Protect
|-damage|p1a: Grimmsnarl|19/100
|move|p2b: Klefki|Steel Beam|p1a: Grimmsnarl
|-supereffective|p1a: Grimmsnarl|1
|-damage|p1a: Grimmsnarl|0 fnt
|faint|p1a: Grimmsnarl
|-damage|p2b: Klefki|50/100y|[from] steelbeam
|
|-weather|SunnyDay|[upkeep]
|upkeep
|
|t:|1784657599
|switch|p1a: Pelipper|Pelipper, L50, M|100/100
|-weather|RainDance|[from] ability: Drizzle|[of] p1a: Pelipper
|turn|2
|
|t:|1784657621
|switch|p1a: Venusaur|Venusaur, L50, M|100/100
|switch|p2b: Tsareena|Tsareena, L50, F|100/100
|move|p2a: Charizard|Protect|p2a: Charizard
|-singleturn|p2a: Charizard|Protect
|move|p1b: Archaludon|Electro Shot||[still]
|-prepare|p1b: Archaludon|Electro Shot
|-boost|p1b: Archaludon|spa|1
|-anim|p1b: Archaludon|Electro Shot|p2a: Charizard
|-activate|p2a: Charizard|move: Protect
|
|-weather|RainDance|[upkeep]
|upkeep
|turn|3
|inactive|s4m1_jaw3d has 30 seconds left.
|
|t:|1784657646
|detailschange|p1a: Venusaur|Venusaur-Mega, L50, M
|-mega|p1a: Venusaur|Venusaur|Venusaurite
|move|p2a: Charizard|Air Slash|p1a: Venusaur
|-supereffective|p1a: Venusaur|1
|-damage|p1a: Venusaur|22/100
|move|p2b: Tsareena|High Jump Kick|p1b: Archaludon
|-supereffective|p1b: Archaludon|1
|-damage|p1b: Archaludon|43/100
|-ability|p1b: Archaludon|Stamina|boost
|-boost|p1b: Archaludon|def|1
|move|p1b: Archaludon|Dragon Pulse|p2a: Charizard
|-damage|p2a: Charizard|43/100
|cant|p1a: Venusaur|flinch
|
|-weather|RainDance|[upkeep]
|-heal|p1b: Archaludon|49/100|[from] item: Leftovers
|upkeep
|turn|4
|inactive|hamixio has 30 seconds left.
|
|t:|1784657680
|move|p1b: Archaludon|Protect|p1b: Archaludon
|-singleturn|p1b: Archaludon|Protect
|move|p1a: Venusaur|Protect|p1a: Venusaur
|-singleturn|p1a: Venusaur|Protect
|move|p2a: Charizard|Air Slash|p1a: Venusaur
|-activate|p1a: Venusaur|move: Protect
|move|p2b: Tsareena|High Jump Kick|p1b: Archaludon
|-activate|p1b: Archaludon|move: Protect
|-damage|p2b: Tsareena|50/100y|[from] highjumpkick
|
|-weather|RainDance|[upkeep]
|-heal|p1b: Archaludon|55/100|[from] item: Leftovers
|upkeep
|turn|5
|inactive|hamixio has 30 seconds left.
|
|t:|1784657707
|switch|p2b: Klefki|Klefki, L50, M|50/100y
|switch|p1a: Pelipper|Pelipper, L50, M|100/100
|move|p2a: Charizard|Heat Wave|p1b: Archaludon|[spread] p1a,p1b
|-resisted|p1a: Pelipper|1
|-damage|p1a: Pelipper|81/100
|-damage|p1b: Archaludon|36/100
|-ability|p1b: Archaludon|Stamina|boost
|-boost|p1b: Archaludon|def|1
|move|p1b: Archaludon|Dragon Pulse|p2b: Klefki
|-immune|p2b: Klefki
|
|-weather|RainDance|[upkeep]
|-heal|p1b: Archaludon|42/100|[from] item: Leftovers
|upkeep
|turn|6
|
|t:|1784657726
|switch|p2a: Tauros|Tauros-Paldea-Combat, L50, M|100/100
|-ability|p2a: Tauros|Intimidate|boost
|-unboost|p1a: Pelipper|atk|1
|-unboost|p1b: Archaludon|atk|1
|move|p2b: Klefki|Reflect|p2b: Klefki
|-sidestart|p2: hamixio|Reflect
|move|p1a: Pelipper|Tailwind|p1a: Pelipper
|-sidestart|p1: s4m1_jaw3d|move: Tailwind
|move|p1b: Archaludon|Electro Shot||[still]
|-prepare|p1b: Archaludon|Electro Shot
|-boost|p1b: Archaludon|spa|1
|-anim|p1b: Archaludon|Electro Shot|p2a: Tauros
|-damage|p2a: Tauros|0 fnt
|faint|p2a: Tauros
|
|-weather|none
|-heal|p1b: Archaludon|48/100|[from] item: Leftovers
|upkeep
|
|t:|1784657748
|switch|p2a: Charizard|Charizard-Mega-Y, L50, F|43/100
|-weather|SunnyDay|[from] ability: Drought|[of] p2a: Charizard
|turn|7
|
|t:|1784657761
|move|p1b: Archaludon|Protect|p1b: Archaludon
|-singleturn|p1b: Archaludon|Protect
|move|p2b: Klefki|Thunder Wave|p1a: Pelipper
|-status|p1a: Pelipper|par
|move|p2a: Charizard|Weather Ball|p1b: Archaludon
|-activate|p1b: Archaludon|move: Protect
|move|p1a: Pelipper|Weather Ball|p2b: Klefki
|-supereffective|p2b: Klefki|1
|-crit|p2b: Klefki
|-damage|p2b: Klefki|0 fnt
|faint|p2b: Klefki
|
|-weather|SunnyDay|[upkeep]
|-heal|p1b: Archaludon|54/100|[from] item: Leftovers
|upkeep
|
|t:|1784657775
|switch|p2b: Tsareena|Tsareena, L50, F|50/100y
|turn|8
|c|☆s4m1_jaw3d|Might be ggs
|inactive|hamixio has 30 seconds left.
|inactive|hamixio has 20 seconds left.
|inactive|hamixio has 15 seconds left.
|inactive|hamixio has 10 seconds left.
|
|t:|1784657824
|move|p1b: Archaludon|Dragon Pulse|p2a: Charizard
|-damage|p2a: Charizard|0 fnt
|faint|p2a: Charizard
|move|p1a: Pelipper|Weather Ball|p2b: Tsareena
|-supereffective|p2b: Tsareena|1
|-damage|p2b: Tsareena|0 fnt
|faint|p2b: Tsareena
|
|win|s4m1_jaw3d
|c|☆s4m1_jaw3d|Ggwp
|c|☆hamixio|gg
