|j|☆Aceofmonsters
|j|☆El Dexter
|html|AceofmonstersEl Dexter    
|uhtml|bestof|Game 2 of a best-of-3
|t:|1756188775
|gametype|doubles
|player|p1|Aceofmonsters|2|1050
|player|p2|El Dexter|hilbert-wonderlauncher|1111
|gen|9
|tier|[Gen 9] VGC 2025 Reg H (Bo3)
|rated|
|rule|Species Clause: Limit one of each Pokémon
|rule|Item Clause: Limit 1 of each item
|clearpoke
|poke|p1|Tyranitar, L50, F|
|poke|p1|Corviknight, L50, F|
|poke|p1|Excadrill, L50, M|
|poke|p1|Milotic, L50, F|
|poke|p1|Sinistcha, L50|
|poke|p1|Magmar, L50, M|
|poke|p2|Electabuzz, L50, M|
|poke|p2|Pelipper, L50, M|
|poke|p2|Rillaboom, L50, M|
|poke|p2|Basculegion, L50, M|
|poke|p2|Kingambit, L50, M|
|poke|p2|Archaludon, L50, M|
|teampreview|4
|showteam|p1|Tyranitar||AssaultVest|SandStream|RockSlide,KnockOff,LowKick,TeraBlast|||F|||50|,,,,,Flying]Corviknight||MarangaBerry|MirrorArmor|BraveBird,PowerTrip,BulkUp,Roost|||F|||50|,,,,,Water]Excadrill||FocusSash|SandRush|Earthquake,IronHead,SwordsDance,Protect|||M|||50|,,,,,Ground]Milotic||SafetyGoggles|Competitive|Scald,IceBeam,Haze,Protect|||F|||50|,,,,,Fairy]Sinistcha||RockyHelmet|Hospitality|MatchaGotcha,RagePowder,TrickRoom,Protect||||||50|,,,,,Bug]Magmar||Eviolite|VitalSpirit|HeatWave,FollowMe,HelpingHand,Protect|||M|||50|,,,,,Flying
|showteam|p2|Electabuzz||Eviolite|VitalSpirit|Electroweb,Taunt,FollowMe,Protect|||M|||50|,,,,,Ghost]Pelipper||FocusSash|Drizzle|WeatherBall,Hurricane,Tailwind,Protect|||M|||50|,,,,,Ghost]Rillaboom||LoadedDice|GrassySurge|BulletSeed,GrassyGlide,FakeOut,HighHorsepower|||M|||50|,,,,,Fire]Basculegion||ChoiceBand|SwiftSwim|WaveCrash,AquaJet,FlipTurn,LastRespects|||M|||50|,,,,,Grass]Kingambit||BlackGlasses|Defiant|KowtowCleave,SuckerPunch,SwordsDance,Protect|||M|||50|,,,,,Dark]Archaludon||AssaultVest|Stamina|FlashCannon,DragonPulse,ElectroShot,BodyPress|||M|||50|,,,,,Fairy
|inactive|Battle timer is ON: inactive players will automatically lose when time's up. (requested by Aceofmonsters)
|inactive|Aceofmonsters has 60 seconds left.
|inactive|El Dexter has 60 seconds left.
|inactive|Aceofmonsters has 30 seconds left.
|
|t:|1756188840
|teamsize|p1|4
|teamsize|p2|4
|start
|switch|p1a: Sinistcha|Sinistcha, L50|100/100
|switch|p1b: Milotic|Milotic, L50, F|100/100
|switch|p2a: Electabuzz|Electabuzz, L50, M|100/100
|switch|p2b: Mojo Jojo|Rillaboom, L50, M, shiny|100/100
|-fieldstart|move: Grassy Terrain|[from] ability: Grassy Surge|[of] p2b: Mojo Jojo
|turn|1
|inactive|El Dexter has 30 seconds left.
|
|t:|1756188866
|move|p1b: Milotic|Protect|p1b: Milotic
|-singleturn|p1b: Milotic|Protect
|move|p2a: Electabuzz|Taunt|p1a: Sinistcha
|-start|p1a: Sinistcha|move: Taunt
|move|p2b: Mojo Jojo|Bullet Seed|p1b: Milotic
|-activate|p1b: Milotic|move: Protect
|move|p1a: Sinistcha|Matcha Gotcha|p2b: Mojo Jojo|[spread] p2a,p2b
|-resisted|p2b: Mojo Jojo
|-damage|p2a: Electabuzz|78/100
|-damage|p2b: Mojo Jojo|83/100
|
|-heal|p2a: Electabuzz|84/100|[from] Grassy Terrain
|-heal|p2b: Mojo Jojo|89/100|[from] Grassy Terrain
|upkeep
|turn|2
|inactive|Aceofmonsters has 30 seconds left.
|
|t:|1756188894
|move|p2a: Electabuzz|Electroweb|p1b: Milotic|[spread] p1a,p1b
|-resisted|p1a: Sinistcha
|-supereffective|p1b: Milotic
|-damage|p1a: Sinistcha|92/100
|-damage|p1b: Milotic|79/100
|-unboost|p1a: Sinistcha|spe|1
|-unboost|p1b: Milotic|spe|1
|-ability|p1b: Milotic|Competitive|boost
|-boost|p1b: Milotic|spa|2
|move|p2b: Mojo Jojo|Bullet Seed|p1b: Milotic
|-supereffective|p1b: Milotic
|-damage|p1b: Milotic|45/100
|-supereffective|p1b: Milotic
|-damage|p1b: Milotic|14/100
|-supereffective|p1b: Milotic
|-damage|p1b: Milotic|0 fnt
|faint|p1b: Milotic
|-hitcount|p1: Milotic|3
|move|p1a: Sinistcha|Matcha Gotcha|p2a: Electabuzz|[spread] p2a,p2b
|-resisted|p2b: Mojo Jojo
|-damage|p2a: Electabuzz|59/100
|-heal|p1a: Sinistcha|100/100|[from] drain|[of] p2a: Electabuzz
|-damage|p2b: Mojo Jojo|71/100
|
|-heal|p2a: Electabuzz|65/100|[from] Grassy Terrain
|-heal|p2b: Mojo Jojo|77/100|[from] Grassy Terrain
|upkeep
|
|t:|1756188916
|switch|p1b: Corviknight|Corviknight, L50, F|100/100
|turn|3
|
|t:|1756188932
|switch|p2b: Francisco|Archaludon, L50, M|100/100
|move|p2a: Electabuzz|Taunt|p1b: Corviknight
|-start|p1b: Corviknight|move: Taunt
|cant|p1b: Corviknight|move: Taunt|Bulk Up
|move|p1a: Sinistcha|Matcha Gotcha|p2a: Electabuzz|[spread] p2b
|-miss|p1a: Sinistcha|p2a: Electabuzz
|-resisted|p2b: Francisco
|-damage|p2b: Francisco|95/100
|-status|p2b: Francisco|brn
|-ability|p2b: Francisco|Stamina|boost
|-boost|p2b: Francisco|def|1
|
|-heal|p2a: Electabuzz|71/100|[from] Grassy Terrain
|-heal|p2b: Francisco|100/100 brn|[from] Grassy Terrain
|-damage|p2b: Francisco|94/100 brn|[from] brn
|-end|p1a: Sinistcha|move: Taunt
|upkeep
|turn|4
|
|t:|1756188955
|switch|p2a: Richa|Pelipper, L50, M|100/100
|-weather|RainDance|[from] ability: Drizzle|[of] p2a: Richa
|switch|p1b: Tyranitar|Tyranitar, L50, F|100/100
|-weather|Sandstorm|[from] ability: Sand Stream|[of] p1b: Tyranitar
|move|p1a: Sinistcha|Rage Powder|p1a: Sinistcha
|-singleturn|p1a: Sinistcha|move: Rage Powder
|move|p2b: Francisco|Electro Shot||[still]
|-prepare|p2b: Francisco|Electro Shot
|-boost|p2b: Francisco|spa|1
|
|-weather|Sandstorm|[upkeep]
|-damage|p2a: Richa|95/100|[from] Sandstorm
|-damage|p1a: Sinistcha|94/100|[from] Sandstorm
|-heal|p2b: Francisco|100/100 brn|[from] Grassy Terrain
|-heal|p1a: Sinistcha|100/100|[from] Grassy Terrain
|-damage|p2b: Francisco|94/100 brn|[from] brn
|upkeep
|turn|5
|inactive|Aceofmonsters has 30 seconds left.
|inactive|Aceofmonsters has 20 seconds left.
|
|t:|1756188992
|move|p1a: Sinistcha|Rage Powder|p1a: Sinistcha
|-singleturn|p1a: Sinistcha|move: Rage Powder
|move|p2b: Francisco|Electro Shot|p1a: Sinistcha|[from] lockedmove
|-resisted|p1a: Sinistcha
|-damage|p1a: Sinistcha|67/100
|move|p2a: Richa|Hurricane|p1a: Sinistcha|[miss]
|-miss|p2a: Richa|p1a: Sinistcha
|move|p1b: Tyranitar|Knock Off|p2b: Francisco
|-damage|p2b: Francisco|69/100 brn
|-ability|p2b: Francisco|Stamina|boost
|-boost|p2b: Francisco|def|1
|-enditem|p2b: Francisco|Assault Vest|[from] move: Knock Off|[of] p1b: Tyranitar
|
|-weather|Sandstorm|[upkeep]
|-damage|p2a: Richa|89/100|[from] Sandstorm
|-damage|p1a: Sinistcha|61/100|[from] Sandstorm
|-heal|p2b: Francisco|75/100 brn|[from] Grassy Terrain
|-heal|p1a: Sinistcha|67/100|[from] Grassy Terrain
|-damage|p2b: Francisco|69/100 brn|[from] brn
|-fieldend|move: Grassy Terrain
|upkeep
|turn|6
|
|t:|1756189014
|switch|p2b: Mojo Jojo|Rillaboom, L50, M, shiny|77/100
|-fieldstart|move: Grassy Terrain|[from] ability: Grassy Surge|[of] p2b: Mojo Jojo
|move|p2a: Richa|Hurricane|p1a: Sinistcha
|-supereffective|p1a: Sinistcha
|-damage|p1a: Sinistcha|0 fnt
|faint|p1a: Sinistcha
|move|p1b: Tyranitar|Rock Slide|p2b: Mojo Jojo|[spread] p2a,p2b
|-supereffective|p2a: Richa
|-crit|p2a: Richa
|-damage|p2a: Richa|0 fnt
|-damage|p2b: Mojo Jojo|48/100
|faint|p2a: Richa
|
|-weather|Sandstorm|[upkeep]
|-damage|p2b: Mojo Jojo|42/100|[from] Sandstorm
|-heal|p2b: Mojo Jojo|48/100|[from] Grassy Terrain
|upkeep
|inactive|El Dexter has 30 seconds left.
|
|t:|1756189041
|switch|p2a: Francisco|Archaludon, L50, M|69/100 brn
|switch|p1a: Corviknight|Corviknight, L50, F|100/100
|turn|7
|
|t:|1756189066
|-terastallize|p1b: Tyranitar|Flying
|move|p2b: Mojo Jojo|Fake Out|p1a: Corviknight
|-resisted|p1a: Corviknight
|-damage|p1a: Corviknight|95/100
|move|p2a: Francisco|Electro Shot||[still]
|-prepare|p2a: Francisco|Electro Shot
|-boost|p2a: Francisco|spa|1
|cant|p1a: Corviknight|flinch
|move|p1b: Tyranitar|Low Kick|p2a: Francisco
|-supereffective|p2a: Francisco
|-damage|p2a: Francisco|24/100 brn
|-ability|p2a: Francisco|Stamina|boost
|-boost|p2a: Francisco|def|1
|
|-weather|Sandstorm|[upkeep]
|-damage|p2b: Mojo Jojo|42/100|[from] Sandstorm
|-damage|p1b: Tyranitar|95/100|[from] Sandstorm
|-heal|p2b: Mojo Jojo|48/100|[from] Grassy Terrain
|-heal|p2a: Francisco|31/100 brn|[from] Grassy Terrain
|-damage|p2a: Francisco|24/100 brn|[from] brn
|upkeep
|turn|8
|inactive|Aceofmonsters has 30 seconds left.
|
|t:|1756189098
|switch|p2b: Electabuzz|Electabuzz, L50, M|71/100
|move|p2a: Francisco|Electro Shot|p1a: Corviknight|[from] lockedmove
|-supereffective|p1a: Corviknight
|-damage|p1a: Corviknight|13/100
|-enditem|p1a: Corviknight|Maranga Berry|[eat]
|-boost|p1a: Corviknight|spd|1|[from] item: Maranga Berry
|move|p1a: Corviknight|Brave Bird|p2b: Electabuzz
|-resisted|p2b: Electabuzz
|-damage|p2b: Electabuzz|55/100
|-damage|p1a: Corviknight|8/100|[from] Recoil
|move|p1b: Tyranitar|Tera Blast|p2b: Electabuzz|[anim] Tera Blast Flying
|-resisted|p2b: Electabuzz
|-damage|p2b: Electabuzz|36/100
|
|-weather|none
|-heal|p2b: Electabuzz|42/100|[from] Grassy Terrain
|-heal|p2a: Francisco|31/100 brn|[from] Grassy Terrain
|-damage|p2a: Francisco|24/100 brn|[from] brn
|upkeep
|turn|9
|inactive|Aceofmonsters has 30 seconds left.
|
|t:|1756189131
|move|p2b: Electabuzz|Electroweb|p1a: Corviknight|[spread] p1a,p1b
|-supereffective|p1a: Corviknight
|-supereffective|p1b: Tyranitar
|-damage|p1a: Corviknight|0 fnt
|-damage|p1b: Tyranitar|77/100
|-unboost|p1b: Tyranitar|spe|1
|faint|p1a: Corviknight
|move|p2a: Francisco|Electro Shot||[still]
|-prepare|p2a: Francisco|Electro Shot
|-boost|p2a: Francisco|spa|1
|move|p1b: Tyranitar|Tera Blast|p2a: Francisco|[anim] Tera Blast Flying
|-resisted|p2a: Francisco
|-damage|p2a: Francisco|15/100 brn
|-ability|p2a: Francisco|Stamina|boost
|-boost|p2a: Francisco|def|1
|
|-heal|p2b: Electabuzz|48/100|[from] Grassy Terrain
|-heal|p2a: Francisco|21/100 brn|[from] Grassy Terrain
|-damage|p2a: Francisco|15/100 brn|[from] brn
|upkeep
|turn|10
|
|t:|1756189151
|move|p2b: Electabuzz|Follow Me|p2b: Electabuzz
|-singleturn|p2b: Electabuzz|move: Follow Me
|move|p2a: Francisco|Electro Shot|p1b: Tyranitar|[from] lockedmove
|-supereffective|p1b: Tyranitar
|-damage|p1b: Tyranitar|0 fnt
|faint|p1b: Tyranitar
|
|win|El Dexter
||Aceofmonsters is ready for game 3.
