|j|☆sleepypz
|j|☆B0mb3r6969
|html|sleepypzB0mb3r6969    
|uhtml|bestof|Game 1 of a best-of-3
|t:|1785127685
|gametype|doubles
|player|p1|sleepypz|unknown|1000
|player|p2|B0mb3r6969|cynthia-gen4|1107
|gen|9
|tier|[Gen 9 Champions] VGC 2026 Reg M-B (Bo3)
|rated|
|rule|Species Clause: Limit one of each Pokémon
|rule|Item Clause: Limit 1 of each item
|clearpoke
|poke|p1|Charizard, L50, M, shiny|
|poke|p1|Garchomp, L50, M|
|poke|p1|Incineroar, L50, M, shiny|
|poke|p1|Venusaur, L50, M|
|poke|p1|Toxapex, L50, F|
|poke|p1|Sylveon, L50, F|
|poke|p2|Araquanid, L50, M|
|poke|p2|Sinistcha-Masterpiece, L50|
|poke|p2|Delphox, L50, F|
|poke|p2|Swampert, L50, F|
|poke|p2|Altaria, L50, M|
|poke|p2|Meowstic, L50, M|
|teampreview|4
|showteam|p1|Charizard||CharizarditeY|SolarPower|WeatherBall,HeatWave,AncientPower,Protect|Modest||M|||50|]Garchomp||ChoiceScarf|RoughSkin|RockSlide,DragonClaw,Earthquake,StompingTantrum|Adamant||M|||50|]Incineroar||SitrusBerry|Intimidate|FlareBlitz,FakeOut,DarkestLariat,PartingShot|Impish||M|||50|]Venusaur||LifeOrb|Chlorophyll|SludgeBomb,EnergyBall,EarthPower,Protect|Modest||M|||50|]Toxapex||Leftovers|Regenerator|Infestation,Toxic,WideGuard,BanefulBunker|Bold||F|||50|]Sylveon||FairyFeather|Pixilate|Detect,HyperVoice,HyperBeam,QuickAttack|Modest||F|||50|
|showteam|p2|Araquanid||Leftovers|WaterBubble|SkitterSmack,LeechLife,Liquidation,Protect|Adamant||M|||50|]Sinistcha-Masterpiece||ColburBerry|Hospitality|MatchaGotcha,ShadowBall,StrengthSap,LifeDew|Bold|||||50|]Delphox||Delphoxite|Blaze|Protect,ExpandingForce,NastyPlot,HeatWave|Timid||F|||50|]Swampert||Swampertite|Damp|HighHorsepower,IcePunch,Liquidation,PoisonJab|Adamant||F|||50|]Altaria||RoseliBerry|CloudNine|Protect,DualWingbeat,Tailwind,DracoMeteor|Timid||M|||50|]Meowstic||ScopeLens|Prankster|Reflect,Charm,ExpandingForce,PsychicTerrain|Bold||M|||50|
|inactive|Battle timer is ON: inactive players will automatically lose when time's up. (requested by B0mb3r6969)
|inactive|sleepypz has 60 seconds left.
|
|t:|1785127735
|teamsize|p1|4
|teamsize|p2|4
|start
|switch|p1a: Sylveon|Sylveon, L50, F|100/100
|switch|p1b: Incineroar|Incineroar, L50, M, shiny|100/100
|switch|p2a: Araquanid|Araquanid, L50, M|100/100
|switch|p2b: Altaria|Altaria, L50, M|100/100
|-ability|p2b: Altaria|Cloud Nine
|-ability|p1b: Incineroar|Intimidate|boost
|-unboost|p2a: Araquanid|atk|1
|-unboost|p2b: Altaria|atk|1
|turn|1
|
|t:|1785127755
|move|p1b: Incineroar|Fake Out|p2a: Araquanid
|-damage|p2a: Araquanid|88/100
|move|p2b: Altaria|Tailwind|p2b: Altaria
|-sidestart|p2: B0mb3r6969|move: Tailwind
|cant|p2a: Araquanid|flinch
|move|p1a: Sylveon|Hyper Voice|p2b: Altaria|[spread] p2a,p2b
|-supereffective|p2b: Altaria|1
|-enditem|p2b: Altaria|Roseli Berry|[eat]
|-enditem|p2b: Altaria|Roseli Berry|[weaken]
|-damage|p2a: Araquanid|51/100
|-damage|p2b: Altaria|55/100
|
|-heal|p2a: Araquanid|56/100|[from] item: Leftovers
|upkeep
|turn|2
|inactive|sleepypz has 30 seconds left.
|
|t:|1785127781
|move|p1a: Sylveon|Quick Attack|p2b: Altaria
|-supereffective|p2b: Altaria|1
|-damage|p2b: Altaria|20/100y
|move|p2b: Altaria|Draco Meteor|p1b: Incineroar
|-damage|p1b: Incineroar|68/100
|-unboost|p2b: Altaria|spa|2
|move|p2a: Araquanid|Skitter Smack|p1a: Sylveon
|-resisted|p1a: Sylveon|1
|-damage|p1a: Sylveon|91/100
|-unboost|p1a: Sylveon|spa|1
|move|p1b: Incineroar|Parting Shot|p2a: Araquanid
|-unboost|p2a: Araquanid|atk|1
|-unboost|p2a: Araquanid|spa|1
|
|t:|1785127797
|switch|p1b: Garchomp|Garchomp, L50, M|100/100|[from] Parting Shot
|
|-heal|p2a: Araquanid|62/100|[from] item: Leftovers
|upkeep
|turn|3
|
|t:|1785127813
|move|p2a: Araquanid|Protect|p2a: Araquanid
|-singleturn|p2a: Araquanid|Protect
|move|p1a: Sylveon|Quick Attack|p2b: Altaria
|-supereffective|p2b: Altaria|1
|-damage|p2b: Altaria|0 fnt
|faint|p2b: Altaria
|move|p1b: Garchomp|Rock Slide|p2a: Araquanid
|-activate|p2a: Araquanid|move: Protect
|
|-heal|p2a: Araquanid|67/100|[from] item: Leftovers
|upkeep
|
|t:|1785127825
|switch|p2b: Swampert|Swampert, L50, F|100/100
|turn|4
|
|t:|1785127837
|switch|p1b: Incineroar|Incineroar, L50, M, shiny|68/100
|-ability|p1b: Incineroar|Intimidate|boost
|-unboost|p2a: Araquanid|atk|1
|-unboost|p2b: Swampert|atk|1
|move|p1a: Sylveon|Detect|p1a: Sylveon
|-singleturn|p1a: Sylveon|Protect
|move|p2b: Swampert|Ice Punch|p1b: Incineroar
|-resisted|p1b: Incineroar|1
|-damage|p1b: Incineroar|61/100
|move|p2a: Araquanid|Leech Life|p1a: Sylveon
|-activate|p1a: Sylveon|move: Protect
|
|-heal|p2a: Araquanid|73/100|[from] item: Leftovers
|-sideend|p2: B0mb3r6969|move: Tailwind
|upkeep
|turn|5
|inactive|B0mb3r6969 has 30 seconds left.
|
|t:|1785127867
|switch|p1a: Garchomp|Garchomp, L50, M|100/100
|move|p1b: Incineroar|Fake Out|p2b: Swampert
|-damage|p2b: Swampert|88/100
|cant|p2b: Swampert|flinch
|move|p2a: Araquanid|Skitter Smack|p1a: Garchomp
|-damage|p1a: Garchomp|90/100
|-unboost|p1a: Garchomp|spa|1
|-damage|p2a: Araquanid|61/100|[from] ability: Rough Skin|[of] p1a: Garchomp
|
|-heal|p2a: Araquanid|67/100|[from] item: Leftovers
|upkeep
|turn|6
|
|t:|1785127886
|move|p2a: Araquanid|Protect|p2a: Araquanid
|-singleturn|p2a: Araquanid|Protect
|move|p1a: Garchomp|Rock Slide|p2a: Araquanid|[spread] p2b
|-activate|p2a: Araquanid|move: Protect
|-resisted|p2b: Swampert|1
|-damage|p2b: Swampert|76/100
|move|p2b: Swampert|Ice Punch|p1a: Garchomp
|-supereffective|p1a: Garchomp|2
|-damage|p1a: Garchomp|20/100y
|-damage|p2b: Swampert|64/100|[from] ability: Rough Skin|[of] p1a: Garchomp
|move|p1b: Incineroar|Parting Shot|p2b: Swampert
|-unboost|p2b: Swampert|atk|1
|-unboost|p2b: Swampert|spa|1
|
|t:|1785127899
|switch|p1b: Charizard|Charizard, L50, M, shiny|100/100|[from] Parting Shot
|
|-heal|p2a: Araquanid|72/100|[from] item: Leftovers
|upkeep
|turn|7
|
|t:|1785127911
|switch|p1a: Incineroar|Incineroar, L50, M, shiny|61/100
|-ability|p1a: Incineroar|Intimidate|boost
|-unboost|p2a: Araquanid|atk|1
|-unboost|p2b: Swampert|atk|1
|detailschange|p1b: Charizard|Charizard-Mega-Y, L50, M, shiny
|-mega|p1b: Charizard|Charizard|Charizardite Y
|-weather|SunnyDay|[from] ability: Drought|[of] p1b: Charizard
|move|p1b: Charizard|Ancient Power|p2a: Araquanid
|-supereffective|p2a: Araquanid|1
|-damage|p2a: Araquanid|34/100
|move|p2b: Swampert|Liquidation|p1b: Charizard
|-supereffective|p1b: Charizard|1
|-damage|p1b: Charizard|82/100
|move|p2a: Araquanid|Skitter Smack|p1b: Charizard
|-resisted|p1b: Charizard|2
|-damage|p1b: Charizard|81/100
|-unboost|p1b: Charizard|spa|1
|
|-weather|SunnyDay|[upkeep]
|-heal|p2a: Araquanid|40/100|[from] item: Leftovers
|upkeep
|turn|8
|inactive|sleepypz has 30 seconds left.
|inactive|B0mb3r6969 has 30 seconds left.
|
|t:|1785127945
|switch|p2a: Delphox|Delphox, L50, F|100/100
|move|p1a: Incineroar|Fake Out|p2b: Swampert
|-damage|p2b: Swampert|52/100
|move|p1b: Charizard|Weather Ball|p2b: Swampert
|-resisted|p2b: Swampert|1
|-damage|p2b: Swampert|18/100
|cant|p2b: Swampert|flinch
|
|-weather|SunnyDay|[upkeep]
|upkeep
|turn|9
|
|t:|1785127966
|move|p2a: Delphox|Protect|p2a: Delphox
|-singleturn|p2a: Delphox|Protect
|move|p1b: Charizard|Ancient Power|p2a: Delphox
|-activate|p2a: Delphox|move: Protect
|move|p2b: Swampert|Liquidation|p1a: Incineroar
|-supereffective|p1a: Incineroar|1
|-crit|p1a: Incineroar
|-damage|p1a: Incineroar|13/100
|-enditem|p1a: Incineroar|Sitrus Berry|[eat]
|-heal|p1a: Incineroar|38/100|[from] item: Sitrus Berry
|move|p1a: Incineroar|Darkest Lariat|p2a: Delphox
|-activate|p2a: Delphox|move: Protect
|
|-weather|SunnyDay|[upkeep]
|upkeep
|turn|10
|
|t:|1785127986
|detailschange|p2a: Delphox|Delphox-Mega, L50, F
|-mega|p2a: Delphox|Delphox|Delphoxite
|move|p2a: Delphox|Heat Wave|p1b: Charizard|[spread] p1a,p1b
|-resisted|p1a: Incineroar|1
|-resisted|p1b: Charizard|1
|-damage|p1a: Incineroar|11/100
|-damage|p1b: Charizard|52/100
|move|p1b: Charizard|Weather Ball|p2b: Swampert
|-resisted|p2b: Swampert|1
|-damage|p2b: Swampert|0 fnt
|faint|p2b: Swampert
|move|p1a: Incineroar|Parting Shot|p2a: Delphox
|-unboost|p2a: Delphox|atk|1
|-unboost|p2a: Delphox|spa|1
|
|t:|1785127998
|switch|p1a: Garchomp|Garchomp, L50, M|20/100y|[from] Parting Shot
|
|-weather|SunnyDay|[upkeep]
|upkeep
|
|t:|1785128003
|switch|p2b: Araquanid|Araquanid, L50, M|40/100
|turn|11
|
|t:|1785128012
|move|p1a: Garchomp|Rock Slide|p2a: Delphox|[spread] p2a,p2b
|-supereffective|p2a: Delphox|1
|-supereffective|p2b: Araquanid|1
|-damage|p2a: Delphox|35/100
|-damage|p2b: Araquanid|0 fnt
|faint|p2b: Araquanid
|cant|p2a: Delphox|flinch
|move|p1b: Charizard|Ancient Power|p2a: Delphox
|-supereffective|p2a: Delphox|1
|-crit|p2a: Delphox
|-damage|p2a: Delphox|0 fnt
|faint|p2a: Delphox
|
|win|sleepypz
||B0mb3r6969 is ready for game 2.
|inactive|sleepypz has 30 seconds to confirm battle start!
||sleepypz is ready for game 2.
|uhtml|next|Next: Game 2 of 3
|l|☆B0mb3r6969
|player|p2|
