|j|‚òÜSmogonSupervillain
|j|‚òÜCopyOfUntitled1111
|html|SmogonSupervillainCopyOfUntitled1111    
|uhtml|bestof|Game 3 of a best-of-3
|t:|1756346296
|gametype|doubles
|player|p1|SmogonSupervillain|170|1056
|player|p2|CopyOfUntitled1111|steven|1000
|gen|9
|tier|[Gen 9] VGC 2025 Reg H (Bo3)
|rated|
|rule|Species Clause: Limit one of each Pok√©mon
|rule|Item Clause: Limit 1 of each item
|clearpoke
|poke|p1|Gholdengo, L50|
|poke|p1|Archaludon, L50, M|
|poke|p1|Pelipper, L50, M|
|poke|p1|Annihilape, L50, M|
|poke|p1|Maushold, L50|
|poke|p1|Basculegion, L50, M|
|poke|p2|Noivern, L50, M|
|poke|p2|Weezing-Galar, L50, M|
|poke|p2|Gholdengo, L50|
|poke|p2|Garchomp, L50, M|
|poke|p2|Annihilape, L50, M|
|poke|p2|Incineroar, L50, M|
|teampreview|4
|showteam|p1|Gholdengo||LifeOrb|GoodasGold|Protect,NastyPlot,MakeItRain,ShadowBall||||||50|,,,,,Water]Archaludon||AssaultVest|Stamina|BodyPress,ElectroShot,FlashCannon,DracoMeteor|||M|||50|,,,,,Fighting]Pelipper||FocusSash|Drizzle|Tailwind,Hurricane,WeatherBall,Protect|||M|||50|,,,,,Grass]Annihilape||SafetyGoggles|Defiant|RageFist,BulkUp,CloseCombat,Protect|||M|||50|,,,,,Fairy]Maushold||WideLens|FriendGuard|BeatUp,FollowMe,Protect,Taunt||||||50|,,,,,Normal]Basculegion||ChoiceBand|SwiftSwim|WaveCrash,AquaJet,LastRespects,FlipTurn|||M|||50|,,,,,Grass
|showteam|p2|Noivern||CovertCloak|Telepathy|AirSlash,SuperFang,Tailwind,Taunt|||M|||50|,,,,,Steel]Weezing-Galar||ChoiceSpecs|NeutralizingGas|DazzlingGleam,SludgeBomb,StrangeSteam,Flamethrower|||M|||50|,,,,,Flying]Gholdengo||MetalCoat|GoodasGold|MakeItRain,ShadowBall,NastyPlot,Protect||||||50|,,,,,Flying]Garchomp||LifeOrb|RoughSkin|DragonClaw,Earthquake,StompingTantrum,Protect|||M|||50|,,,,,Ground]Annihilape||SafetyGoggles|Defiant|CloseCombat,ShadowClaw,FinalGambit,Taunt|||M|||50|,,,,,Stellar]Incineroar||AssaultVest|Intimidate|FlareBlitz,KnockOff,FakeOut,Uturn|||M|||50|,,,,,Bug
|inactive|Battle timer is ON: inactive players will automatically lose when time's up. (requested by CopyOfUntitled1111)
|
|t:|1756346319
|teamsize|p1|4
|teamsize|p2|4
|start
|switch|p1a: Archaludon|Archaludon, L50, M|100/100
|switch|p1b: Maushold|Maushold, L50|100/100
|switch|p2a: Ozzy|Noivern, L50, M|100/100
|switch|p2b: Bl√•haj|Garchomp, L50, M|100/100
|turn|1
|
|t:|1756346339
|-terastallize|p2b: Bl√•haj|Ground
|-terastallize|p1a: Archaludon|Fighting
|move|p2a: Ozzy|Tailwind|p2a: Ozzy
|-sidestart|p2: CopyOfUntitled1111|move: Tailwind
|move|p2b: Bl√•haj|Earthquake|p1b: Maushold|[spread] p1a,p1b
|-activate|p2a: Ozzy|ability: Telepathy
|-damage|p1a: Archaludon|62/100
|-damage|p1b: Maushold|0 fnt
|-ability|p1a: Archaludon|Stamina|boost
|-boost|p1a: Archaludon|def|1
|faint|p1b: Maushold
|-damage|p2b: Bl√•haj|91/100|[from] item: Life Orb
|move|p1a: Archaludon|Electro Shot||[still]
|-prepare|p1a: Archaludon|Electro Shot
|-boost|p1a: Archaludon|spa|1
|
|upkeep
|
|t:|1756346350
|switch|p1b: Pelipper|Pelipper, L50, M|100/100
|-weather|RainDance|[from] ability: Drizzle|[of] p1b: Pelipper
|turn|2
|
|t:|1756346363
|move|p2b: Bl√•haj|Protect|p2b: Bl√•haj
|-singleturn|p2b: Bl√•haj|Protect
|move|p2a: Ozzy|Air Slash|p1a: Archaludon
|-supereffective|p1a: Archaludon
|-damage|p1a: Archaludon|19/100
|-ability|p1a: Archaludon|Stamina|boost
|-boost|p1a: Archaludon|def|1
|move|p1b: Pelipper|Tailwind|p1b: Pelipper
|-sidestart|p1: SmogonSupervillain|move: Tailwind
|move|p1a: Archaludon|Electro Shot|p2a: Ozzy|[from] lockedmove
|-damage|p2a: Ozzy|20/100
|
|-weather|RainDance|[upkeep]
|upkeep
|turn|3
|
|t:|1756346383
|move|p2a: Ozzy|Air Slash|p1b: Pelipper
|-damage|p1b: Pelipper|59/100
|move|p2b: Bl√•haj|Dragon Claw|p1b: Pelipper
|-damage|p1b: Pelipper|0 fnt
|faint|p1b: Pelipper
|-damage|p2b: Bl√•haj|81/100|[from] item: Life Orb
|move|p1a: Archaludon|Draco Meteor|p2b: Bl√•haj
|-damage|p2b: Bl√•haj|0 fnt
|-unboost|p1a: Archaludon|spa|2
|faint|p2b: Bl√•haj
|
|-weather|RainDance|[upkeep]
|upkeep
|
|t:|1756346390
|switch|p2b: Steely Dan|Gholdengo, L50|100/100
|switch|p1b: Basculegion|Basculegion, L50, M, shiny|100/100
|turn|4
|
|t:|1756346413
|switch|p2a: PurpleüíúHaze|Weezing-Galar, L50, M|100/100
|-ability|p2a: PurpleüíúHaze|Neutralizing Gas
|move|p2b: Steely Dan|Shadow Ball|p1b: Basculegion
|-supereffective|p1b: Basculegion
|-damage|p1b: Basculegion|9/100
|move|p1b: Basculegion|Last Respects|p2b: Steely Dan
|-supereffective|p2b: Steely Dan
|-damage|p2b: Steely Dan|0 fnt
|faint|p2b: Steely Dan
|move|p1a: Archaludon|Electro Shot||[still]
|-prepare|p1a: Archaludon|Electro Shot
|-boost|p1a: Archaludon|spa|1
|-anim|p1a: Archaludon|Electro Shot|p2a: PurpleüíúHaze
|-crit|p2a: PurpleüíúHaze
|-damage|p2a: PurpleüíúHaze|8/100
|
|-weather|RainDance|[upkeep]
|-sideend|p2: CopyOfUntitled1111|move: Tailwind
|upkeep
|
|t:|1756346423
|switch|p2b: Ozzy|Noivern, L50, M|20/100
|turn|5
|inactive|SmogonSupervillain has 30 seconds left.
|inactive|SmogonSupervillain has 20 seconds left.
|inactive|SmogonSupervillain has 15 seconds left.
|inactive|SmogonSupervillain has 10 seconds left.
|
|t:|1756346470
|move|p1b: Basculegion|Last Respects|p2a: PurpleüíúHaze
|-damage|p2a: PurpleüíúHaze|0 fnt
|faint|p2a: PurpleüíúHaze
|-end|p2a: PurpleüíúHaze|ability: Neutralizing Gas
|move|p1a: Archaludon|Electro Shot||[still]
|-prepare|p1a: Archaludon|Electro Shot
|-boost|p1a: Archaludon|spa|1
|-anim|p1a: Archaludon|Electro Shot|p2b: Ozzy
|-damage|p2b: Ozzy|0 fnt
|faint|p2b: Ozzy
|
|win|SmogonSupervillain
|raw|SmogonSupervillain's rating: 1056 → 1083(+27 for winning)
|raw|CopyOfUntitled1111's rating: 1000 → 1000(+0 for losing)
