|j|☆mayor of clowntown
|j|☆sashield
|html|mayor of clowntownsashield    
|uhtml|bestof|Game 1 of a best-of-3
|t:|1785377816
|gametype|doubles
|player|p1|mayor of clowntown|clown|1067
|player|p2|sashield|265|1101
|gen|9
|tier|[Gen 9 Champions] VGC 2026 Reg M-B (Bo3)
|rated|
|rule|Species Clause: Limit one of each Pokémon
|rule|Item Clause: Limit 1 of each item
|clearpoke
|poke|p1|Garchomp, L50, M, shiny|
|poke|p1|Charizard, L50, M, shiny|
|poke|p1|Whimsicott, L50, F|
|poke|p1|Floette-Eternal, L50, F|
|poke|p1|Basculegion, L50, M|
|poke|p1|Kingambit, L50, F, shiny|
|poke|p2|Dragalge, L50, M|
|poke|p2|Farigiraf, L50, F|
|poke|p2|Torkoal, L50, F|
|poke|p2|Maushold-Four, L50|
|poke|p2|Annihilape, L50, F|
|poke|p2|Ninetales-Alola, L50, M|
|teampreview|4
|showteam|p1|Garchomp||LifeOrb|RoughSkin|Earthquake,RockSlide,DragonClaw,Protect|Jolly||M|||50|]Charizard||CharizarditeY|Blaze|HeatWave,WeatherBall,SolarBeam,Protect|Modest||M|||50|]Whimsicott||FocusSash|Prankster|Moonblast,Tailwind,Encore,Protect|Timid||F|||50|]Floette-Eternal||Floettite|FlowerVeil|Moonblast,DazzlingGleam,LightofRuin,Protect|Modest||F|||50|]Basculegion||MysticWater|Adaptability|WaveCrash,LastRespects,AquaJet,Protect|Adamant||M|||50|]Kingambit||ChopleBerry|Defiant|KowtowCleave,SuckerPunch,IronHead,LowKick|Adamant||F|||50|
|showteam|p2|Dragalge||Dragalgite|PoisonPoint|DragonPulse,ShadowBall,SludgeBomb,Protect|Quiet||M|||50|]Farigiraf||MentalHerb|ArmorTail|TrickRoom,TwinBeam,Thunderbolt,Protect|Quiet||F|||50|]Torkoal||Charcoal|Drought|Eruption,WeatherBall,Protect,EarthPower|Quiet||F|||50|]Maushold-Four||KingsRock|FriendGuard|FollowMe,SuperFang,PopulationBomb,Protect|Jolly|||||50|]Annihilape||LifeOrb|Defiant|DrainPunch,RageFist,ThroatChop,Protect|Adamant||F|||50|]Ninetales-Alola||ChoiceScarf|SnowWarning|Blizzard,FreezeDry,Moonblast,AuroraVeil|Timid||M|||50|
|
|t:|1785377901
|teamsize|p1|4
|teamsize|p2|4
|start
|switch|p1a: Whimsicott|Whimsicott, L50, F|100/100
|switch|p1b: Floette|Floette-Eternal, L50, F|100/100
|switch|p2a: Farigiraf|Farigiraf, L50, F|100/100
|switch|p2b: Dragalge|Dragalge, L50, M|100/100
|turn|1
|inactive|Battle timer is ON: inactive players will automatically lose when time's up. (requested by mayor of clowntown)
|inactive|sashield has 60 seconds left.
|inactive|sashield has 30 seconds left.
|inactive|sashield has 20 seconds left.
|inactive|sashield has 15 seconds left.
|inactive|sashield has 10 seconds left.
|inactive|sashield has 5 seconds left.
|
|t:|1785378061
|detailschange|p1b: Floette|Floette-Mega, L50, F
|-mega|p1b: Floette|Floette|Floettite
|-ability|p1b: Floette|Fairy Aura
|move|p1a: Whimsicott|Moonblast|p2b: Dragalge
|-damage|p2b: Dragalge|59/100
|-unboost|p2b: Dragalge|spa|1
|move|p1b: Floette|Light of Ruin|p2b: Dragalge|[miss]
|-miss|p1b: Floette|p2b: Dragalge
|move|p2b: Dragalge|Dragon Pulse|p1b: Floette
|-immune|p1b: Floette
|move|p2a: Farigiraf|Trick Room|p2a: Farigiraf
|-fieldstart|move: Trick Room|[of] p2a: Farigiraf
|
|upkeep
|turn|2
|inactive|mayor of clowntown has 30 seconds left.
|inactive|sashield has 30 seconds left.
|inactive|mayor of clowntown has 20 seconds left.
|inactive|mayor of clowntown has 15 seconds left.
|
|t:|1785378102
|detailschange|p2b: Dragalge|Dragalge-Mega, L50, M
|-mega|p2b: Dragalge|Dragalge|Dragalgite
|move|p2b: Dragalge|Protect|p2b: Dragalge
|-singleturn|p2b: Dragalge|Protect
|move|p1b: Floette|Protect|p1b: Floette
|-singleturn|p1b: Floette|Protect
|move|p2a: Farigiraf|Thunderbolt|p1a: Whimsicott
|-resisted|p1a: Whimsicott|1
|-damage|p1a: Whimsicott|78/100
|move|p1a: Whimsicott|Moonblast|p2b: Dragalge
|-activate|p2b: Dragalge|move: Protect
|
|upkeep
|turn|3
|inactive|sashield has 30 seconds left.
|inactive|mayor of clowntown has 30 seconds left.
|inactive|mayor of clowntown has 20 seconds left.
|
|t:|1785378148
|switch|p1a: Garchomp|Garchomp, L50, M, shiny|100/100
|move|p2b: Dragalge|Sludge Bomb|p1b: Floette
|-supereffective|p1b: Floette|1
|-damage|p1b: Floette|50/100g
|move|p2a: Farigiraf|Twin Beam|p1b: Floette
|-damage|p1b: Floette|36/100
|-damage|p1b: Floette|22/100
|-hitcount|p1b: Floette|2
|move|p1b: Floette|Moonblast|p2b: Dragalge
|-damage|p2b: Dragalge|7/100
|-unboost|p2b: Dragalge|spa|1
|
|upkeep
|turn|4
|inactive|mayor of clowntown has 30 seconds left.
|inactive|sashield has 30 seconds left.
|inactive|mayor of clowntown has 20 seconds left.
|inactive|sashield has 20 seconds left.
|inactive|mayor of clowntown has 15 seconds left.
|inactive|sashield has 15 seconds left.
|inactive|sashield has 10 seconds left.
|
|t:|1785378194
|move|p1b: Floette|Protect|p1b: Floette
|-singleturn|p1b: Floette|Protect
|move|p2b: Dragalge|Dragon Pulse|p1a: Garchomp
|-supereffective|p1a: Garchomp|1
|-damage|p1a: Garchomp|51/100
|move|p2a: Farigiraf|Twin Beam|p1b: Floette
|-activate|p1b: Floette|move: Protect
|move|p1a: Garchomp|Earthquake|p2b: Dragalge|[spread] p2a,p2b
|-activate|p1b: Floette|move: Protect
|-supereffective|p2b: Dragalge|1
|-damage|p2a: Farigiraf|58/100
|-damage|p2b: Dragalge|0 fnt
|faint|p2b: Dragalge
|-damage|p1a: Garchomp|41/100|[from] item: Life Orb
|
|upkeep
|
|t:|1785378202
|switch|p2b: Torkoal|Torkoal, L50, F|100/100
|-weather|SunnyDay|[from] ability: Drought|[of] p2b: Torkoal
|turn|5
|inactive|mayor of clowntown has 30 seconds left.
|inactive|mayor of clowntown has 20 seconds left.
|inactive|mayor of clowntown has 15 seconds left.
|
|t:|1785378245
|switch|p2a: Maushold|Maushold-Four, L50|100/100
|switch|p1b: Basculegion|Basculegion, L50, M|100/100
|move|p1a: Garchomp|Protect|p1a: Garchomp
|-singleturn|p1a: Garchomp|Protect
|move|p2b: Torkoal|Eruption|p1b: Basculegion|[spread] p1b
|-activate|p1a: Garchomp|move: Protect
|-resisted|p1b: Basculegion|1
|-damage|p1b: Basculegion|55/100
|
|-weather|SunnyDay|[upkeep]
|-fieldend|move: Trick Room
|upkeep
|turn|6
|inactive|mayor of clowntown has 30 seconds left.
|inactive|mayor of clowntown has 20 seconds left.
|inactive|mayor of clowntown has 15 seconds left.
|inactive|mayor of clowntown has 10 seconds left.
|
|t:|1785378290
|move|p2a: Maushold|Protect|p2a: Maushold
|-singleturn|p2a: Maushold|Protect
|move|p1a: Garchomp|Protect||[still]
|-fail|p1a: Garchomp
|move|p2b: Torkoal|Protect|p2b: Torkoal
|-singleturn|p2b: Torkoal|Protect
|move|p1b: Basculegion|Wave Crash|p2a: Maushold
|-activate|p2a: Maushold|move: Protect
|
|-weather|SunnyDay|[upkeep]
|upkeep
|turn|7
|inactive|mayor of clowntown has 30 seconds left.
|inactive|mayor of clowntown has 20 seconds left.
|
|t:|1785378329
|switch|p1a: Floette|Floette-Mega, L50, F|22/100
|-ability|p1a: Floette|Fairy Aura
|move|p2a: Maushold|Follow Me|p2a: Maushold
|-singleturn|p2a: Maushold|move: Follow Me
|move|p1b: Basculegion|Wave Crash|p2a: Maushold
|-damage|p2a: Maushold|39/100
|-damage|p1b: Basculegion|37/100|[from] Recoil
|move|p2b: Torkoal|Eruption|p1b: Basculegion|[spread] p1a,p1b
|-crit|p1a: Floette
|-resisted|p1b: Basculegion|1
|-damage|p1a: Floette|0 fnt
|-damage|p1b: Basculegion|0 fnt
|faint|p1a: Floette
|faint|p1b: Basculegion
|
|-weather|SunnyDay|[upkeep]
|upkeep
|
|t:|1785378344
|switch|p1a: Garchomp|Garchomp, L50, M, shiny|41/100
|switch|p1b: Whimsicott|Whimsicott, L50, F|78/100
|turn|8
|
|t:|1785378368
|move|p1b: Whimsicott|Tailwind|p1b: Whimsicott
|-sidestart|p1: mayor of clowntown|move: Tailwind
|move|p1a: Garchomp|Earthquake|p2b: Torkoal|[spread] p1b,p2a,p2b
|-resisted|p1b: Whimsicott|1
|-supereffective|p2b: Torkoal|1
|-damage|p1b: Whimsicott|38/100
|-damage|p2a: Maushold|0 fnt
|-damage|p2b: Torkoal|40/100
|faint|p2a: Maushold
|-damage|p1a: Garchomp|31/100|[from] item: Life Orb
|move|p2b: Torkoal|Weather Ball|p1a: Garchomp
|-resisted|p1a: Garchomp|1
|-damage|p1a: Garchomp|0 fnt
|faint|p1a: Garchomp
|
|-weather|SunnyDay|[upkeep]
|upkeep
|
|t:|1785378378
|switch|p2a: Farigiraf|Farigiraf, L50, F|58/100
|turn|9
|-message|mayor of clowntown forfeited.
|
|win|sashield
|l|☆mayor of clowntown
|player|p1|
||mayor of clowntown is ready for game 2.
|j|☆mayor of clowntown
|player|p1|mayor of clowntown|clown|
|inactive|sashield has 30 seconds to confirm battle start!
