|j|☆Sparkles1755
|j|☆ssooner
|html|Sparkles1755ssooner    
|uhtml|bestof|Game 3 of a best-of-3
|t:|1785892046
|gametype|doubles
|player|p1|Sparkles1755|veteran|
|player|p2|ssooner|wallace|
|gen|9
|tier|[Gen 9 Champions] VGC 2026 Reg M-B (Bo3)
|rule|Species Clause: Limit one of each Pokémon
|rule|Item Clause: Limit 1 of each item
|clearpoke
|poke|p1|Gyarados, L50, M|
|poke|p1|Lucario, L50, F|
|poke|p1|Typhlosion-Hisui, L50, M|
|poke|p1|Rotom-Mow, L50|
|poke|p1|Altaria, L50, M|
|poke|p1|Infernape, L50, M|
|poke|p2|Cofagrigus, L50, M|
|poke|p2|Scrafty, L50, F|
|poke|p2|Crabominable, L50, M|
|poke|p2|Palafin, L50, M|
|poke|p2|Roserade, L50, M|
|poke|p2|Aegislash, L50, M|
|teampreview|4
|showteam|p1|Gyarados||Gyaradosite|Intimidate|Waterfall,Crunch,DragonDance,Protect|Jolly||M|||50|]Lucario||Lucarionite|InnerFocus|CloseCombat,MeteorMash,ExtremeSpeed,Detect|Jolly||F|||50|]Typhlosion-Hisui||ChoiceScarf|Blaze|Eruption,HeatWave,Flamethrower,ShadowBall|Modest||M|||50|]Rotom-Mow||Leftovers|Levitate|LeafStorm,VoltSwitch,WillOWisp,Protect|Timid|||||50|]Altaria||MentalHerb|CloudNine|Tailwind,Roar,DracoMeteor,Protect|Bold||M|||50|]Infernape||FocusSash|Blaze|CloseCombat,HeatWave,FakeOut,Coaching|Hasty||M|||50|
|showteam|p2|Cofagrigus||MentalHerb|Mummy|TrickRoom,Protect,WillOWisp,ShadowBall|Sassy||M|||50|]Scrafty||SitrusBerry|Intimidate|Detect,KnockOff,FakeOut,Taunt|Jolly||F|||50|]Crabominable||Crabominite|IronFist|Crabhammer,IceHammer,Protect,MachPunch|Brave||M|||50|]Palafin||MysticWater|ZerotoHero|CloseCombat,WaveCrash,JetPunch,Protect|Adamant||M|||50|]Roserade||FocusSash|Technician|EnergyBall,SludgeBomb,Protect,SleepPowder|Timid||M|||50|]Aegislash||Leftovers|StanceChange|SwordsDance,KingsShield,ShadowSneak,IronHead|Brave||M|||50|
|inactive|Battle timer is ON: inactive players will automatically lose when time's up. (requested by Sparkles1755)
|inactive|ssooner also wants the timer to be on.
|inactive|Sparkles1755 has 60 seconds left.
|inactive|ssooner has 60 seconds left.
|
|t:|1785892101
|teamsize|p1|4
|teamsize|p2|4
|start
|switch|p1a: Lucario|Lucario, L50, F|100/100
|switch|p1b: Typhlosion|Typhlosion-Hisui, L50, M|100/100
|switch|p2a: Palafin|Palafin, L50, M|100/100
|switch|p2b: Aegislash|Aegislash, L50, M|100/100
|turn|1
|inactive|Sparkles1755 has 30 seconds left.
|
|t:|1785892136
|switch|p1b: Rotom|Rotom-Mow, L50|100/100
|detailschange|p1a: Lucario|Lucario-Mega, L50, F
|-mega|p1a: Lucario|Lucario|Lucarionite
|move|p2a: Palafin|Jet Punch|p1b: Rotom
|-resisted|p1b: Rotom|1
|-damage|p1b: Rotom|82/100
|-formechange|p2b: Aegislash|Aegislash-Blade|
|move|p2b: Aegislash|Shadow Sneak|p1b: Rotom
|-damage|p1b: Rotom|46/100
|move|p1a: Lucario|Close Combat|p2a: Palafin
|-damage|p2a: Palafin|0 fnt
|-unboost|p1a: Lucario|def|1
|-unboost|p1a: Lucario|spd|1
|faint|p2a: Palafin
|
|-heal|p1b: Rotom|51/100|[from] item: Leftovers
|upkeep
|
|t:|1785892155
|switch|p2a: Scrafty|Scrafty, L50, F|100/100
|-ability|p2a: Scrafty|Intimidate|boost
|-unboost|p1a: Lucario|atk|1
|-unboost|p1b: Rotom|atk|1
|turn|2
|
|t:|1785892175
|move|p2a: Scrafty|Fake Out|p1a: Lucario
|-resisted|p1a: Lucario|1
|-damage|p1a: Lucario|91/100
|cant|p1a: Lucario|flinch
|move|p1b: Rotom|Will-O-Wisp|p2b: Aegislash
|-status|p2b: Aegislash|brn
|move|p2b: Aegislash|Swords Dance|p2b: Aegislash
|-boost|p2b: Aegislash|atk|2
|
|-heal|p1b: Rotom|57/100|[from] item: Leftovers
|-damage|p2b: Aegislash|94/100 brn|[from] brn
|upkeep
|turn|3
|
|t:|1785892189
|switch|p1a: Infernape|Infernape, L50, M|100/100
|move|p1b: Rotom|Volt Switch|p2b: Aegislash
|-damage|p2b: Aegislash|34/100 brn
|
|t:|1785892195
|switch|p1b: Lucario|Lucario-Mega, L50, F|91/100|[from] Volt Switch
|move|p2a: Scrafty|Knock Off|p1b: Lucario
|-resisted|p1b: Lucario|1
|-damage|p1b: Lucario|77/100
|move|p2b: Aegislash|Swords Dance|p2b: Aegislash
|-boost|p2b: Aegislash|atk|2
|
|-heal|p2b: Aegislash|40/100 brn|[from] item: Leftovers
|-damage|p2b: Aegislash|34/100 brn|[from] brn
|upkeep
|turn|4
|
|t:|1785892218
|-formechange|p2b: Aegislash|Aegislash|
|move|p2b: Aegislash|King's Shield|p2b: Aegislash
|-singleturn|p2b: Aegislash|Protect
|move|p1b: Lucario|Close Combat|p2a: Scrafty
|-supereffective|p2a: Scrafty|1
|-damage|p2a: Scrafty|0 fnt
|-unboost|p1b: Lucario|def|1
|-unboost|p1b: Lucario|spd|1
|faint|p2a: Scrafty
|move|p1a: Infernape|Heat Wave|p2b: Aegislash
|-activate|p2b: Aegislash|move: Protect
|
|-heal|p2b: Aegislash|40/100 brn|[from] item: Leftovers
|-damage|p2b: Aegislash|34/100 brn|[from] brn
|upkeep
|
|t:|1785892231
|switch|p2a: Roserade|Roserade, L50, M|100/100
|turn|5
|inactive|ssooner has 30 seconds left.
|inactive|ssooner has 20 seconds left.
|inactive|ssooner has 15 seconds left.
|
|t:|1785892272
|move|p1b: Lucario|Extreme Speed|p2a: Roserade
|-damage|p2a: Roserade|45/100
|-formechange|p2b: Aegislash|Aegislash-Blade|
|move|p2b: Aegislash|Shadow Sneak|p1a: Infernape
|-damage|p1a: Infernape|32/100
|move|p1a: Infernape|Heat Wave|p2a: Roserade|[spread] p2a,p2b
|-supereffective|p2a: Roserade|1
|-supereffective|p2b: Aegislash|1
|-damage|p2a: Roserade|0 fnt
|-damage|p2b: Aegislash|0 fnt
|faint|p2a: Roserade
|faint|p2b: Aegislash
|
|win|Sparkles1755
