|j|☆raksbach
|j|☆Rexar.Deco
|html|raksbachRexar.Deco    
|uhtml|bestof|Game 3 of a best-of-3
|t:|1782468984
|gametype|doubles
|player|p1|raksbach|170|1110
|player|p2|Rexar.Deco|1|1119
|gen|9
|tier|[Gen 9 Champions] VGC 2026 Reg M-B (Bo3)
|rated|
|rule|Species Clause: Limit one of each Pokémon
|rule|Item Clause: Limit 1 of each item
|clearpoke
|poke|p1|Swampert, L50, M|
|poke|p1|Pelipper, L50, F|
|poke|p1|Archaludon, L50, M|
|poke|p1|Venusaur, L50, M|
|poke|p1|Gholdengo, L50|
|poke|p1|Grimmsnarl, L50, M|
|poke|p2|Sneasler, L50, F|
|poke|p2|Ninetales-Alola, L50, M|
|poke|p2|Kingambit, L50, M|
|poke|p2|Meganium, L50, M|
|poke|p2|Aerodactyl, L50, F|
|poke|p2|Froslass, L50, F|
|teampreview|4
|showteam|p1|Swampert||Swampertite|Damp|WaveCrash,Earthquake,IcePunch,Protect|Adamant||M|||50|]Pelipper||SitrusBerry|Drizzle|Hurricane,WeatherBall,WideGuard,Tailwind|Bold||F|||50|]Archaludon||Leftovers|Stamina|DragonPulse,FlashCannon,ElectroShot,Protect|Modest||M|||50|]Venusaur||Venusaurite|Chlorophyll|SludgeBomb,GigaDrain,EarthPower,Protect|Modest||M|||50|]Gholdengo||LifeOrb|GoodasGold|MakeItRain,ShadowBall,NastyPlot,Protect|Timid|||||50|]Grimmsnarl||LightClay|Prankster|FoulPlay,Reflect,LightScreen,PartingShot|Careful||M|||50|
|showteam|p2|Sneasler||WhiteHerb|Unburden|CloseCombat,DireClaw,FakeOut,Protect|Jolly||F|||50|]Ninetales-Alola||ChoiceScarf|SnowWarning|IcyWind,Blizzard,Moonblast,FreezeDry|Timid||M|||50|]Kingambit||LifeOrb|Defiant|SuckerPunch,KowtowCleave,IronHead,LowKick|Adamant||M|||50|]Meganium||Meganiumite|Overgrow|SolarBeam,WeatherBall,DazzlingGleam,Protect|Modest||M|||50|]Aerodactyl||FocusSash|Unnerve|RockSlide,Tailwind,DualWingbeat,WideGuard|Jolly||F|||50|]Froslass||Froslassite|SnowCloak|Blizzard,ShadowBall,AuroraVeil,Protect|Modest||F|||50|
|inactive|Battle timer is ON: inactive players will automatically lose when time's up. (requested by raksbach)
|
|t:|1782469012
|teamsize|p1|4
|teamsize|p2|4
|start
|switch|p1a: Swampert|Swampert, L50, M|100/100
|switch|p1b: Grimmsnarl|Grimmsnarl, L50, M|100/100
|switch|p2a: Meganium|Meganium, L50, M|100/100
|switch|p2b: Sneasler|Sneasler, L50, F|100/100
|turn|1
|
|t:|1782469032
|switch|p1b: Pelipper|Pelipper, L50, F|100/100
|-weather|RainDance|[from] ability: Drizzle|[of] p1b: Pelipper
|detailschange|p2a: Meganium|Meganium-Mega, L50, M
|-mega|p2a: Meganium|Meganium|Meganiumite
|detailschange|p1a: Swampert|Swampert-Mega, L50, M
|-mega|p1a: Swampert|Swampert|Swampertite
|move|p2b: Sneasler|Fake Out|p1b: Pelipper
|-damage|p1b: Pelipper|87/100
|move|p1a: Swampert|Earthquake|p2b: Sneasler|[spread] p2a,p2b
|-immune|p1b: Pelipper
|-resisted|p2a: Meganium|1
|-supereffective|p2b: Sneasler|1
|-damage|p2a: Meganium|77/100
|-damage|p2b: Sneasler|0 fnt
|faint|p2b: Sneasler
|move|p2a: Meganium|Solar Beam||[still]
|-prepare|p2a: Meganium|Solar Beam
|-activate|p2a: Meganium|ability: Mega Sol
|-anim|p2a: Meganium|Solar Beam|p1a: Swampert
|-supereffective|p1a: Swampert|2
|-damage|p1a: Swampert|0 fnt
|faint|p1a: Swampert
|
|-weather|RainDance|[upkeep]
|upkeep
|
|t:|1782469054
|switch|p2b: Ninetales|Ninetales-Alola, L50, M|100/100
|switch|p1a: Grimmsnarl|Grimmsnarl, L50, M|100/100
|-weather|Snowscape|[from] ability: Snow Warning|[of] p2b: Ninetales
|turn|2
|
|t:|1782469078
|move|p1b: Pelipper|Wide Guard|p1b: Pelipper
|-singleturn|p1b: Pelipper|Wide Guard
|move|p1a: Grimmsnarl|Light Screen|p1a: Grimmsnarl
|-sidestart|p1: raksbach|move: Light Screen
|move|p2b: Ninetales|Blizzard|p1b: Pelipper|[spread] 
|-activate|p1a: Grimmsnarl|move: Wide Guard
|-activate|p1b: Pelipper|move: Wide Guard
|move|p2a: Meganium|Weather Ball|p1b: Pelipper
|-resisted|p1b: Pelipper|1
|-damage|p1b: Pelipper|65/100
|
|-weather|Snowscape|[upkeep]
|upkeep
|turn|3
|
|t:|1782469095
|switch|p2a: Kingambit|Kingambit, L50, M|100/100
|switch|p1a: Gholdengo|Gholdengo, L50|100/100
|move|p1b: Pelipper|Wide Guard|p1b: Pelipper
|-singleturn|p1b: Pelipper|Wide Guard
|move|p2b: Ninetales|Blizzard|p1a: Gholdengo|[spread] 
|-activate|p1a: Gholdengo|move: Wide Guard
|-activate|p1b: Pelipper|move: Wide Guard
|
|-weather|Snowscape|[upkeep]
|upkeep
|turn|4
|inactive|raksbach has 30 seconds left.
|inactive|Rexar.Deco has 30 seconds left.
|
|t:|1782469122
|move|p1a: Gholdengo|Protect|p1a: Gholdengo
|-singleturn|p1a: Gholdengo|Protect
|move|p1b: Pelipper|Wide Guard|p1b: Pelipper
|-singleturn|p1b: Pelipper|Wide Guard
|move|p2b: Ninetales|Blizzard|p1b: Pelipper|[spread] 
|-activate|p1a: Gholdengo|move: Wide Guard
|-activate|p1b: Pelipper|move: Wide Guard
|move|p2a: Kingambit|Kowtow Cleave|p1a: Gholdengo
|-activate|p1a: Gholdengo|move: Protect
|
|-weather|Snowscape|[upkeep]
|upkeep
|turn|5
|inactive|Rexar.Deco has 30 seconds left.
|
|t:|1782469147
|move|p1b: Pelipper|Wide Guard|p1b: Pelipper
|-singleturn|p1b: Pelipper|Wide Guard
|move|p2b: Ninetales|Blizzard|p1b: Pelipper|[spread] 
|-activate|p1a: Gholdengo|move: Wide Guard
|-activate|p1b: Pelipper|move: Wide Guard
|move|p1a: Gholdengo|Make It Rain|p2a: Kingambit|[spread] p2a,p2b
|-resisted|p2a: Kingambit|1
|-supereffective|p2b: Ninetales|2
|-damage|p2a: Kingambit|72/100
|-damage|p2b: Ninetales|0 fnt
|-unboost|p1a: Gholdengo|spa|2
|faint|p2b: Ninetales
|-damage|p1a: Gholdengo|90/100|[from] item: Life Orb
|move|p2a: Kingambit|Kowtow Cleave|p1a: Gholdengo
|-supereffective|p1a: Gholdengo|1
|-damage|p1a: Gholdengo|0 fnt
|faint|p1a: Gholdengo
|-damage|p2a: Kingambit|63/100|[from] item: Life Orb
|
|-weather|Snowscape|[upkeep]
|upkeep
|
|t:|1782469165
|switch|p2b: Meganium|Meganium-Mega, L50, M|77/100
|switch|p1a: Grimmsnarl|Grimmsnarl, L50, M|100/100
|turn|6
|
|t:|1782469183
|move|p1a: Grimmsnarl|Reflect|p1a: Grimmsnarl
|-sidestart|p1: raksbach|Reflect
|move|p2b: Meganium|Dazzling Gleam|p1a: Grimmsnarl|[spread] p1a,p1b
|-supereffective|p1a: Grimmsnarl|1
|-damage|p1a: Grimmsnarl|52/100
|-damage|p1b: Pelipper|39/100
|-enditem|p1b: Pelipper|Sitrus Berry|[eat]
|-heal|p1b: Pelipper|64/100|[from] item: Sitrus Berry
|move|p1b: Pelipper|Weather Ball|p2b: Meganium
|-supereffective|p2b: Meganium|1
|-damage|p2b: Meganium|33/100
|move|p2a: Kingambit|Kowtow Cleave|p1b: Pelipper
|-damage|p1b: Pelipper|25/100
|-damage|p2a: Kingambit|53/100|[from] item: Life Orb
|
|-weather|none
|upkeep
|turn|7
|inactive|raksbach has 30 seconds left.
|
|t:|1782469216
|move|p2b: Meganium|Dazzling Gleam|p1a: Grimmsnarl|[spread] p1a,p1b
|-supereffective|p1a: Grimmsnarl|1
|-crit|p1b: Pelipper
|-damage|p1a: Grimmsnarl|8/100
|-damage|p1b: Pelipper|0 fnt
|faint|p1b: Pelipper
|move|p1a: Grimmsnarl|Foul Play|p2a: Kingambit
|-resisted|p2a: Kingambit|1
|-damage|p2a: Kingambit|33/100
|move|p2a: Kingambit|Iron Head|p1a: Grimmsnarl
|-supereffective|p1a: Grimmsnarl|1
|-damage|p1a: Grimmsnarl|0 fnt
|faint|p1a: Grimmsnarl
|-damage|p2a: Kingambit|23/100|[from] item: Life Orb
|
|win|Rexar.Deco
|raw|raksbach's rating: 1110 → 1086(-24 for losing)
|raw|Rexar.Deco's rating: 1119 → 1143(+24 for winning)
