|j|☆marcosdeltasena31
|j|☆AnriVGC
|html|marcosdeltasena31AnriVGC    
|uhtml|bestof|Game 3 of a best-of-3
|t:|1756434064
|gametype|doubles
|player|p1|marcosdeltasena31|hilbert|1172
|player|p2|AnriVGC|hilda-masters3|1109
|gen|9
|tier|[Gen 9] VGC 2025 Reg H (Bo3)
|rated|
|rule|Species Clause: Limit one of each Pokémon
|rule|Item Clause: Limit 1 of each item
|clearpoke
|poke|p1|Archaludon, L50, F|
|poke|p1|Pelipper, L50, F|
|poke|p1|Basculegion, L50, M|
|poke|p1|Incineroar, L50, F|
|poke|p1|Amoonguss, L50, F|
|poke|p1|Gholdengo, L50|
|poke|p2|Gholdengo, L50|
|poke|p2|Sneasler, L50, F|
|poke|p2|Rillaboom, L50, F|
|poke|p2|Dragonite, L50, F|
|poke|p2|Ninetales-Alola, L50, M|
|poke|p2|Arcanine-Hisui, L50, F|
|teampreview|4
|showteam|p1|Archaludon||AssaultVest|Stamina|ElectroShot,DragonPulse,FlashCannon,BodyPress|||F|||50|,,,,,Bug]Pelipper||FocusSash|Drizzle|WeatherBall,Hurricane,Tailwind,Protect|||F|||50|,,,,,Ghost]Basculegion||ChoiceBand|SwiftSwim|WaveCrash,LastRespects,AquaJet,FlipTurn|||M|||50|,,,,,Water]Incineroar||SafetyGoggles|Intimidate|FlareBlitz,FakeOut,PartingShot,KnockOff|||F|||50|,,,,,Ghost]Amoonguss||SitrusBerry|Regenerator|PollenPuff,Spore,RagePowder,Protect|||F|||50|,,,,,Psychic]Gholdengo||LifeOrb|GoodasGold|MakeItRain,ShadowBall,NastyPlot,Protect||||||50|,,,,,Water
|showteam|p2|Gholdengo||GrassySeed|GoodasGold|NastyPlot,MakeItRain,ShadowBall,Protect||||||50|,,,,,Water]Sneasler||FocusSash|Unburden|CloseCombat,DireClaw,Coaching,FakeOut|||F|||50|,,,,,Ghost]Rillaboom||AssaultVest|GrassySurge|FakeOut,DrumBeating,HighHorsepower,GrassyGlide|||F|||50|,,,,,Fire]Dragonite||LoadedDice|Multiscale|ScaleShot,StompingTantrum,Haze,Protect|||F|||50|,,,,,Steel]Ninetales-Alola||LightClay|SnowWarning|IcyWind,Blizzard,Moonblast,AuroraVeil|||M|||50|,,,,,Water]Arcanine-Hisui||ClearAmulet|Intimidate|RockSlide,FlareBlitz,ExtremeSpeed,Protect|||F|||50|,,,,,Grass
|
|t:|1756434114
|teamsize|p1|4
|teamsize|p2|4
|start
|switch|p1a: Incineroar|Incineroar, L50, F|100/100
|switch|p1b: Amoonguss|Amoonguss, L50, F|100/100
|switch|p2a: Ninetales|Ninetales-Alola, L50, M|100/100
|switch|p2b: Rillaboom|Rillaboom, L50, F|100/100
|-weather|Snowscape|[from] ability: Snow Warning|[of] p2a: Ninetales
|-fieldstart|move: Grassy Terrain|[from] ability: Grassy Surge|[of] p2b: Rillaboom
|-ability|p1a: Incineroar|Intimidate|boost
|-unboost|p2a: Ninetales|atk|1
|-unboost|p2b: Rillaboom|atk|1
|turn|1
|
|t:|1756434129
|move|p1b: Amoonguss|Protect|p1b: Amoonguss
|-singleturn|p1b: Amoonguss|Protect
|move|p2b: Rillaboom|Fake Out|p1b: Amoonguss
|-activate|p1b: Amoonguss|move: Protect
|move|p2a: Ninetales|Aurora Veil|p2a: Ninetales
|-sidestart|p2: AnriVGC|move: Aurora Veil
|move|p1a: Incineroar|Flare Blitz|p2a: Ninetales
|-supereffective|p2a: Ninetales
|-damage|p2a: Ninetales|46/100
|-damage|p1a: Incineroar|85/100|[from] Recoil
|
|-weather|Snowscape|[upkeep]
|-heal|p2a: Ninetales|52/100|[from] Grassy Terrain
|-heal|p1a: Incineroar|91/100|[from] Grassy Terrain
|upkeep
|turn|2
|
|t:|1756434147
|move|p2a: Ninetales|Blizzard|p1b: Amoonguss|[spread] p1a,p1b
|-resisted|p1a: Incineroar
|-supereffective|p1b: Amoonguss
|-crit|p1b: Amoonguss
|-damage|p1a: Incineroar|82/100
|-damage|p1b: Amoonguss|45/100
|-status|p1a: Incineroar|frz
|-enditem|p1b: Amoonguss|Sitrus Berry|[eat]
|-heal|p1b: Amoonguss|69/100|[from] item: Sitrus Berry
|move|p2b: Rillaboom|High Horsepower|p1a: Incineroar
|-supereffective|p1a: Incineroar
|-damage|p1a: Incineroar|43/100 frz
|-curestatus|p1a: Incineroar|frz|[from] move: Flare Blitz
|move|p1a: Incineroar|Flare Blitz|p2b: Rillaboom
|-supereffective|p2b: Rillaboom
|-damage|p2b: Rillaboom|32/100
|-damage|p1a: Incineroar|21/100|[from] Recoil
|move|p1b: Amoonguss|Spore|p2a: Ninetales
|-status|p2a: Ninetales|slp|[from] move: Spore
|
|-weather|Snowscape|[upkeep]
|-heal|p2a: Ninetales|58/100 slp|[from] Grassy Terrain
|-heal|p2b: Rillaboom|38/100|[from] Grassy Terrain
|-heal|p1a: Incineroar|27/100|[from] Grassy Terrain
|-heal|p1b: Amoonguss|75/100|[from] Grassy Terrain
|upkeep
|turn|3
|
|t:|1756434170
|switch|p1a: Archaludon|Archaludon, L50, F|100/100
|cant|p2a: Ninetales|slp
|move|p2b: Rillaboom|High Horsepower|p1a: Archaludon|[miss]
|-miss|p2b: Rillaboom|p1a: Archaludon
|move|p1b: Amoonguss|Pollen Puff|p1a: Archaludon
|
|-weather|Snowscape|[upkeep]
|-heal|p2a: Ninetales|65/100 slp|[from] Grassy Terrain
|-heal|p2b: Rillaboom|44/100|[from] Grassy Terrain
|-heal|p1b: Amoonguss|81/100|[from] Grassy Terrain
|upkeep
|turn|4
|
|t:|1756434195
|switch|p1b: Pelipper|Pelipper, L50, F|100/100
|-weather|RainDance|[from] ability: Drizzle|[of] p1b: Pelipper
|cant|p2a: Ninetales|slp
|move|p2b: Rillaboom|High Horsepower|p1b: Pelipper
|-immune|p1b: Pelipper
|move|p1a: Archaludon|Flash Cannon|p2a: Ninetales
|-supereffective|p2a: Ninetales
|-damage|p2a: Ninetales|0 fnt
|faint|p2a: Ninetales
|
|-weather|RainDance|[upkeep]
|-heal|p2b: Rillaboom|50/100|[from] Grassy Terrain
|upkeep
|
|t:|1756434203
|switch|p2a: Sneasler|Sneasler, L50, F|100/100
|turn|5
|
|t:|1756434213
|switch|p2b: Arcanine|Arcanine-Hisui, L50, F|100/100
|-ability|p2b: Arcanine|Intimidate|boost
|-unboost|p1a: Archaludon|atk|1
|-unboost|p1b: Pelipper|atk|1
|switch|p1b: Incineroar|Incineroar, L50, F|27/100
|-ability|p1b: Incineroar|Intimidate|boost
|-unboost|p2a: Sneasler|atk|1
|-fail|p2b: Arcanine|unboost|[from] item: Clear Amulet|[of] p2b: Arcanine
|-terastallize|p1a: Archaludon|Bug
|move|p2a: Sneasler|Fake Out|p1b: Incineroar
|-damage|p1b: Incineroar|17/100
|move|p1a: Archaludon|Electro Shot||[still]
|-prepare|p1a: Archaludon|Electro Shot
|-boost|p1a: Archaludon|spa|1
|-anim|p1a: Archaludon|Electro Shot|p2a: Sneasler
|-damage|p2a: Sneasler|49/100
|
|-weather|RainDance|[upkeep]
|-heal|p2a: Sneasler|54/100|[from] Grassy Terrain
|-heal|p1b: Incineroar|23/100|[from] Grassy Terrain
|-fieldend|move: Grassy Terrain
|upkeep
|turn|6
|
|t:|1756434244
|-terastallize|p2a: Sneasler|Ghost
|move|p1b: Incineroar|Fake Out|p2b: Arcanine
|-resisted|p2b: Arcanine
|-damage|p2b: Arcanine|97/100
|move|p2a: Sneasler|Coaching|p2b: Arcanine
|-boost|p2b: Arcanine|atk|1
|-boost|p2b: Arcanine|def|1
|cant|p2b: Arcanine|flinch
|move|p1a: Archaludon|Electro Shot||[still]
|-prepare|p1a: Archaludon|Electro Shot
|-boost|p1a: Archaludon|spa|1
|-anim|p1a: Archaludon|Electro Shot|p2a: Sneasler
|-damage|p2a: Sneasler|0 fnt
|faint|p2a: Sneasler
|
|-weather|RainDance|[upkeep]
|upkeep
|
|t:|1756434256
|switch|p2a: Rillaboom|Rillaboom, L50, F|50/100
|-fieldstart|move: Grassy Terrain|[from] ability: Grassy Surge|[of] p2a: Rillaboom
|turn|7
|
|t:|1756434266
|switch|p1b: Amoonguss|Amoonguss, L50, F|100/100
|move|p2b: Arcanine|Rock Slide|p1a: Archaludon|[spread] p1b
|-miss|p2b: Arcanine|p1a: Archaludon
|-crit|p1b: Amoonguss
|-damage|p1b: Amoonguss|44/100
|move|p2a: Rillaboom|Drum Beating|p1b: Amoonguss
|-resisted|p1b: Amoonguss
|-damage|p1b: Amoonguss|33/100
|-unboost|p1b: Amoonguss|spe|1
|move|p1a: Archaludon|Electro Shot||[still]
|-prepare|p1a: Archaludon|Electro Shot
|-boost|p1a: Archaludon|spa|1
|-anim|p1a: Archaludon|Electro Shot|p2b: Arcanine
|-damage|p2b: Arcanine|14/100
|
|-weather|RainDance|[upkeep]
|-heal|p2b: Arcanine|20/100|[from] Grassy Terrain
|-heal|p2a: Rillaboom|57/100|[from] Grassy Terrain
|-heal|p1b: Amoonguss|39/100|[from] Grassy Terrain
|upkeep
|turn|8
|
|t:|1756434286
|move|p1b: Amoonguss|Protect|p1b: Amoonguss
|-singleturn|p1b: Amoonguss|Protect
|move|p2b: Arcanine|Rock Slide|p1a: Archaludon|[spread] 
|-activate|p1b: Amoonguss|move: Protect
|-miss|p2b: Arcanine|p1a: Archaludon
|move|p2a: Rillaboom|Drum Beating|p1a: Archaludon
|-resisted|p1a: Archaludon
|-damage|p1a: Archaludon|83/100
|-unboost|p1a: Archaludon|spe|1
|-ability|p1a: Archaludon|Stamina|boost
|-boost|p1a: Archaludon|def|1
|move|p1a: Archaludon|Electro Shot||[still]
|-prepare|p1a: Archaludon|Electro Shot
|-boost|p1a: Archaludon|spa|1
|-anim|p1a: Archaludon|Electro Shot|p2b: Arcanine
|-damage|p2b: Arcanine|0 fnt
|faint|p2b: Arcanine
|
|-weather|none
|-heal|p2a: Rillaboom|63/100|[from] Grassy Terrain
|-heal|p1a: Archaludon|89/100|[from] Grassy Terrain
|-heal|p1b: Amoonguss|45/100|[from] Grassy Terrain
|-sideend|p2: AnriVGC|move: Aurora Veil
|upkeep
|turn|9
|j| entei enthusiast
|-message|AnriVGC forfeited.
|
|win|marcosdeltasena31
|raw|marcosdeltasena31's rating: 1172 → 1193(+21 for winning)
|raw|AnriVGC's rating: 1109 → 1088(-21 for losing)
|l|☆AnriVGC
|player|p2|
|l| entei enthusiast
|j|☆AnriVGC
|player|p2|AnriVGC|hilda-masters3|
