|j|☆washingtongargacha
|j|☆ddojemane47
|html|washingtongargachaddojemane47    
|uhtml|bestof|Game 3 of a best-of-3
|t:|1757689035
|gametype|doubles
|player|p1|washingtongargacha|102|1174
|player|p2|ddojemane47|266|1200
|gen|9
|tier|[Gen 9] VGC 2025 Reg H (Bo3)
|rated|
|rule|Species Clause: Limit one of each Pokémon
|rule|Item Clause: Limit 1 of each item
|clearpoke
|poke|p1|Talonflame, L50, M|
|poke|p1|Gholdengo, L50|
|poke|p1|Dragonite, L50, M|
|poke|p1|Archaludon, L50, F|
|poke|p1|Tyranitar, L50, M|
|poke|p1|Garchomp, L50, M|
|poke|p2|Incineroar, L50, M|
|poke|p2|Amoonguss, L50, M|
|poke|p2|Ursaluna-Bloodmoon, L50, M|
|poke|p2|Sneasler, L50, F|
|poke|p2|Gholdengo, L50|
|poke|p2|Dragonite, L50, M|
|teampreview|4
|showteam|p1|Talonflame||LifeOrb|GaleWings|Tailwind,DualWingbeat,Taunt,FlareBlitz|||M|||50|,,,,,Ghost]Gholdengo||ChoiceSpecs|GoodasGold|MakeItRain,SteelBeam,ShadowBall,PowerGem||||||50|,,,,,Flying]Dragonite||LoadedDice|Multiscale|ScaleShot,IceSpinner,Haze,Protect|||M|||50|,,,,,Steel]Archaludon||PowerHerb|Sturdy|FlashCannon,ElectroShot,DracoMeteor,Protect|||F|||50|,,,,,Flying]Tyranitar||AssaultVest|SandStream|KnockOff,RockSlide,TeraBlast,LowKick|||M|||50|,,,,,Flying]Garchomp||EarthPlate|RoughSkin|DragonClaw,StompingTantrum,Earthquake,Protect|||M|||50|,,,,,Steel
|showteam|p2|Incineroar||SafetyGoggles|Intimidate|FlareBlitz,KnockOff,PartingShot,FakeOut|||M|||50|,,,,,Ghost]Amoonguss||SitrusBerry|Regenerator|Spore,RagePowder,PollenPuff,Protect|||M|||50|,,,,,Psychic]Ursaluna-Bloodmoon||AssaultVest|MindsEye|HyperVoice,BloodMoon,EarthPower,VacuumWave|||M|||50|,,,,,Water]Sneasler||FocusSash|Unburden|CloseCombat,DireClaw,ThroatChop,Protect|||F|||50|,,,,,Stellar]Gholdengo||LifeOrb|GoodasGold|MakeItRain,ShadowBall,NastyPlot,Protect||||||50|,,,,,Water]Dragonite||LoadedDice|Multiscale|ScaleShot,Tailwind,Haze,Protect|||M|||50|,,,,,Fairy
|inactive|Battle timer is ON: inactive players will automatically lose when time's up. (requested by ddojemane47)
|inactive|washingtongargacha has 60 seconds left.
|
|t:|1757689092
|teamsize|p1|4
|teamsize|p2|4
|start
|switch|p1a: Talonflame|Talonflame, L50, M|100/100
|switch|p1b: Gholdengo|Gholdengo, L50|100/100
|switch|p2a: Amoonguss|Amoonguss, L50, M|100/100
|switch|p2b: Incineroar|Incineroar, L50, M|100/100
|-ability|p2b: Incineroar|Intimidate|boost
|-unboost|p1a: Talonflame|atk|1
|-unboost|p1b: Gholdengo|atk|1
|turn|1
|inactive|washingtongargacha has 30 seconds left.
|inactive|ddojemane47 has 30 seconds left.
|inactive|washingtongargacha has 20 seconds left.
|inactive|washingtongargacha has 15 seconds left.
|inactive|washingtongargacha has 10 seconds left.
|
|t:|1757689139
|move|p2b: Incineroar|Fake Out|p1a: Talonflame
|-damage|p1a: Talonflame|85/100
|cant|p1a: Talonflame|flinch
|move|p1b: Gholdengo|Make It Rain|p2a: Amoonguss|[spread] p2a,p2b
|-resisted|p2b: Incineroar
|-damage|p2a: Amoonguss|36/100
|-damage|p2b: Incineroar|68/100
|-unboost|p1b: Gholdengo|spa|1
|-enditem|p2a: Amoonguss|Sitrus Berry|[eat]
|-heal|p2a: Amoonguss|61/100|[from] item: Sitrus Berry
|move|p2a: Amoonguss|Spore|p1a: Talonflame
|-status|p1a: Talonflame|slp|[from] move: Spore
|
|upkeep
|turn|2
|
|t:|1757689161
|switch|p1b: Garchomp|Garchomp, L50, M|100/100
|switch|p2a: Gholdengo|Gholdengo, L50|100/100
|cant|p1a: Talonflame|slp
|move|p2b: Incineroar|Knock Off|p1b: Garchomp
|-crit|p1b: Garchomp
|-damage|p1b: Garchomp|41/100
|-damage|p2b: Incineroar|55/100|[from] ability: Rough Skin|[of] p1b: Garchomp
|-enditem|p1b: Garchomp|Earth Plate|[from] move: Knock Off|[of] p2b: Incineroar
|
|upkeep
|turn|3
|inactive|washingtongargacha has 30 seconds left.
|
|t:|1757689191
|switch|p2b: Dragonite|Dragonite, L50, M|100/100
|-terastallize|p2a: Gholdengo|Water
|cant|p1a: Talonflame|slp
|move|p1b: Garchomp|Earthquake|p2a: Gholdengo|[spread] p2a
|-immune|p1a: Talonflame
|-immune|p2b: Dragonite
|-damage|p2a: Gholdengo|61/100
|move|p2a: Gholdengo|Make It Rain|p1a: Talonflame|[spread] p1a,p1b
|-resisted|p1a: Talonflame
|-damage|p1a: Talonflame|46/100 slp
|-damage|p1b: Garchomp|0 fnt
|-unboost|p2a: Gholdengo|spa|1
|faint|p1b: Garchomp
|-damage|p2a: Gholdengo|51/100|[from] item: Life Orb
|
|upkeep
|
|t:|1757689207
|switch|p1b: Gholdengo|Gholdengo, L50|100/100
|turn|4
|
|t:|1757689221
|-curestatus|p1a: Talonflame|slp|[msg]
|move|p1a: Talonflame|Tailwind|p1a: Talonflame
|-sidestart|p1: washingtongargacha|move: Tailwind
|move|p1b: Gholdengo|Make It Rain|p2b: Dragonite|[spread] p2a,p2b
|-resisted|p2a: Gholdengo
|-damage|p2a: Gholdengo|6/100
|-damage|p2b: Dragonite|63/100
|-unboost|p1b: Gholdengo|spa|1
|move|p2a: Gholdengo|Shadow Ball|p1b: Gholdengo
|-supereffective|p1b: Gholdengo
|-damage|p1b: Gholdengo|9/100
|-damage|p2a: Gholdengo|0 fnt|[from] item: Life Orb
|faint|p2a: Gholdengo
|move|p2b: Dragonite|Scale Shot|p1a: Talonflame
|-damage|p1a: Talonflame|26/100
|-damage|p1a: Talonflame|6/100
|-damage|p1a: Talonflame|0 fnt
|faint|p1a: Talonflame
|-hitcount|p1: Talonflame|3
|-unboost|p2b: Dragonite|def|1
|-boost|p2b: Dragonite|spe|1
|
|upkeep
|
|t:|1757689242
|switch|p1a: Archaludon|Archaludon, L50, F|100/100
|switch|p2a: Incineroar|Incineroar, L50, M|55/100
|-ability|p2a: Incineroar|Intimidate|boost
|-unboost|p1a: Archaludon|atk|1
|-unboost|p1b: Gholdengo|atk|1
|turn|5
|
|t:|1757689261
|-terastallize|p1a: Archaludon|Flying
|move|p2a: Incineroar|Fake Out|p1a: Archaludon
|-damage|p1a: Archaludon|90/100
|cant|p1a: Archaludon|flinch
|move|p1b: Gholdengo|Make It Rain|p2b: Dragonite|[spread] p2a,p2b
|-resisted|p2a: Incineroar
|-damage|p2a: Incineroar|33/100
|-damage|p2b: Dragonite|3/100
|-unboost|p1b: Gholdengo|spa|1
|move|p2b: Dragonite|Scale Shot|p1b: Gholdengo
|-resisted|p1b: Gholdengo
|-damage|p1b: Gholdengo|2/100
|-resisted|p1b: Gholdengo
|-crit|p1b: Gholdengo
|-damage|p1b: Gholdengo|0 fnt
|faint|p1b: Gholdengo
|-hitcount|p1: Gholdengo|2
|-unboost|p2b: Dragonite|def|1
|-boost|p2b: Dragonite|spe|1
|
|upkeep
|turn|6
|inactive|washingtongargacha has 30 seconds left.
|inactive|ddojemane47 has 30 seconds left.
|inactive|ddojemane47 has 20 seconds left.
|
|t:|1757689299
|switch|p2a: Amoonguss|Amoonguss, L50, M|95/100
|move|p2b: Dragonite|Protect|p2b: Dragonite
|-singleturn|p2b: Dragonite|Protect
|move|p1a: Archaludon|Electro Shot||[still]
|-prepare|p1a: Archaludon|Electro Shot
|-boost|p1a: Archaludon|spa|1
|-enditem|p1a: Archaludon|Power Herb
|-anim|p1a: Archaludon|Electro Shot|p2a: Amoonguss
|-resisted|p2a: Amoonguss
|-damage|p2a: Amoonguss|66/100
|
|upkeep
|turn|7
|inactive|washingtongargacha has 30 seconds left.
|inactive|washingtongargacha has 20 seconds left.
|inactive|washingtongargacha has 15 seconds left.
|
|t:|1757689341
|move|p1a: Archaludon|Flash Cannon|p2b: Dragonite
|-damage|p2b: Dragonite|0 fnt
|faint|p2b: Dragonite
|move|p2a: Amoonguss|Spore|p1a: Archaludon
|-status|p1a: Archaludon|slp|[from] move: Spore
|
|-sideend|p1: washingtongargacha|move: Tailwind
|upkeep
|
|t:|1757689347
|switch|p2b: Incineroar|Incineroar, L50, M|33/100
|-ability|p2b: Incineroar|Intimidate|boost
|-unboost|p1a: Archaludon|atk|1
|turn|8
|
|t:|1757689360
|cant|p1a: Archaludon|slp
|move|p2b: Incineroar|Flare Blitz|p1a: Archaludon
|-damage|p1a: Archaludon|50/100 slp
|-damage|p2b: Incineroar|22/100|[from] Recoil
|move|p2a: Amoonguss|Pollen Puff|p2b: Incineroar
|-heal|p2b: Incineroar|72/100
|
|upkeep
|turn|9
|
|t:|1757689379
|move|p2a: Amoonguss|Rage Powder|p2a: Amoonguss
|-singleturn|p2a: Amoonguss|move: Rage Powder
|cant|p1a: Archaludon|slp
|move|p2b: Incineroar|Flare Blitz|p1a: Archaludon
|-damage|p1a: Archaludon|8/100 slp
|-damage|p2b: Incineroar|60/100|[from] Recoil
|
|upkeep
|turn|10
|-message|washingtongargacha forfeited.
|raw|washingtongargacha's rating: 1174 → 1151(-23 for losing)
|raw|ddojemane47's rating: 1200 → 1223(+23 for winning)
|
|win|ddojemane47
