|j|☆lyk0
|j|☆palle synchro
|html|lyk0palle synchro    
|uhtml|bestof|Game 2 of a best-of-3
|t:|1785767514
|gametype|doubles
|player|p1|lyk0|ghetsis|1266
|player|p2|palle synchro|ethan|1390
|gen|9
|tier|[Gen 9 Champions] VGC 2026 Reg M-B (Bo3)
|rated|
|rule|Species Clause: Limit one of each Pokémon
|rule|Item Clause: Limit 1 of each item
|clearpoke
|poke|p1|Staraptor, L50, M|
|poke|p1|Delphox, L50, F|
|poke|p1|Whimsicott, L50, F|
|poke|p1|Kingambit, L50, F|
|poke|p1|Garchomp, L50, F|
|poke|p1|Milotic, L50, M, shiny|
|poke|p2|Staraptor, L50, M, shiny|
|poke|p2|Garchomp, L50, M|
|poke|p2|Whimsicott, L50, M, shiny|
|poke|p2|Delphox, L50, M, shiny|
|poke|p2|Glimmora, L50, M, shiny|
|poke|p2|Kingambit, L50, M|
|teampreview|4
|showteam|p1|Staraptor||Staraptite|Intimidate|BraveBird,CloseCombat,Roost,Protect|Jolly||M|||50|]Delphox||Delphoxite|Blaze|HeatWave,Psychic,Substitute,Protect|Timid||F|||50|]Whimsicott||OccaBerry|Prankster|Moonblast,Tailwind,Charm,LightScreen|Timid||F|||50|]Kingambit||ChopleBerry|Defiant|LowKick,KowtowCleave,IronHead,SuckerPunch|Adamant||F|||50|]Garchomp||LifeOrb|RoughSkin|DragonClaw,Earthquake,RockSlide,Protect|Jolly||F|||50|]Milotic||Leftovers|Competitive|Recover,Scald,IcyWind,Protect|Bold||M|||50|
|showteam|p2|Staraptor||Staraptite|Intimidate|Protect,Roost,CloseCombat,BraveBird|Jolly||M|||50|]Garchomp||LifeOrb|RoughSkin|Protect,RockSlide,Earthquake,DragonClaw|Jolly||M|||50|]Whimsicott||OccaBerry|Prankster|Moonblast,Tailwind,Charm,LightScreen|Timid||M|||50|]Delphox||Delphoxite|Magician|Protect,Psychic,HeatWave,Substitute|Timid||M|||50|]Glimmora||FocusSash|ToxicDebris|SpikyShield,SludgeBomb,EarthPower,PowerGem|Timid||M|||50|]Kingambit||ChopleBerry|Defiant|SuckerPunch,LowKick,IronHead,KowtowCleave|Adamant||M|||50|
|inactive|Battle timer is ON: inactive players will automatically lose when time's up. (requested by palle synchro)
|inactive|lyk0 has 60 seconds left.
|inactive|palle synchro has 60 seconds left.
|inactive|palle synchro has 30 seconds left.
|
|t:|1785767583
|teamsize|p1|4
|teamsize|p2|4
|start
|switch|p1a: Milotic|Milotic, L50, M, shiny|100/100
|switch|p1b: Whimsicott|Whimsicott, L50, F|100/100
|switch|p2a: Whimsicott|Whimsicott, L50, M, shiny|100/100
|switch|p2b: Glimmora|Glimmora, L50, M, shiny|100/100
|turn|1
|inactive|lyk0 has 30 seconds left.
|inactive|lyk0 has 20 seconds left.
|
|t:|1785767621
|switch|p1b: Garchomp|Garchomp, L50, F|100/100
|move|p2a: Whimsicott|Light Screen|p2a: Whimsicott
|-sidestart|p2: palle synchro|move: Light Screen
|move|p2b: Glimmora|Sludge Bomb|p1b: Garchomp
|-resisted|p1b: Garchomp|1
|-damage|p1b: Garchomp|74/100
|-status|p1b: Garchomp|psn
|move|p1a: Milotic|Icy Wind|p2b: Glimmora|[spread] p2a,p2b
|-supereffective|p2a: Whimsicott|1
|-damage|p2a: Whimsicott|79/100
|-damage|p2b: Glimmora|90/100
|-unboost|p2a: Whimsicott|spe|1
|-unboost|p2b: Glimmora|spe|1
|
|-damage|p1b: Garchomp|62/100 psn|[from] psn
|upkeep
|turn|2
|inactive|lyk0 has 30 seconds left.
|inactive|lyk0 has 20 seconds left.
|
|t:|1785767657
|move|p1b: Garchomp|Protect|p1b: Garchomp
|-singleturn|p1b: Garchomp|Protect
|move|p2a: Whimsicott|Tailwind|p2a: Whimsicott
|-sidestart|p2: palle synchro|move: Tailwind
|move|p2b: Glimmora|Sludge Bomb|p1a: Milotic
|-damage|p1a: Milotic|64/100
|move|p1a: Milotic|Icy Wind|p2b: Glimmora|[spread] p2a,p2b
|-supereffective|p2a: Whimsicott|1
|-crit|p2a: Whimsicott
|-damage|p2a: Whimsicott|36/100
|-damage|p2b: Glimmora|82/100
|-unboost|p2a: Whimsicott|spe|1
|-unboost|p2b: Glimmora|spe|1
|
|-heal|p1a: Milotic|70/100|[from] item: Leftovers
|-damage|p1b: Garchomp|49/100 psn|[from] psn
|upkeep
|turn|3
|inactive|lyk0 has 30 seconds left.
|inactive|lyk0 has 20 seconds left.
|
|t:|1785767693
|move|p1a: Milotic|Protect|p1a: Milotic
|-singleturn|p1a: Milotic|Protect
|move|p2a: Whimsicott|Moonblast|p1b: Garchomp
|-supereffective|p1b: Garchomp|1
|-damage|p1b: Garchomp|0 fnt
|faint|p1b: Garchomp
|move|p2b: Glimmora|Sludge Bomb|p1a: Milotic
|-activate|p1a: Milotic|move: Protect
|
|-heal|p1a: Milotic|76/100|[from] item: Leftovers
|upkeep
|
|t:|1785767708
|switch|p1b: Delphox|Delphox, L50, F|100/100
|turn|4
|inactive|palle synchro has 30 seconds left.
|
|t:|1785767740
|switch|p2a: Staraptor|Staraptor, L50, M, shiny|100/100
|-ability|p2a: Staraptor|Intimidate|boost
|-unboost|p1a: Milotic|atk|1
|-ability|p1a: Milotic|Competitive|boost
|-boost|p1a: Milotic|spa|2
|-unboost|p1b: Delphox|atk|1
|detailschange|p1b: Delphox|Delphox-Mega, L50, F
|-mega|p1b: Delphox|Delphox|Delphoxite
|move|p1b: Delphox|Psychic|p2b: Glimmora
|-supereffective|p2b: Glimmora|1
|-damage|p2b: Glimmora|0 fnt
|faint|p2b: Glimmora
|move|p1a: Milotic|Icy Wind|p2a: Staraptor
|-supereffective|p2a: Staraptor|1
|-damage|p2a: Staraptor|57/100
|-unboost|p2a: Staraptor|spe|1
|
|-heal|p1a: Milotic|82/100|[from] item: Leftovers
|upkeep
|
|t:|1785767753
|switch|p2b: Whimsicott|Whimsicott, L50, M, shiny|36/100
|turn|5
|inactive|lyk0 has 30 seconds left.
|
|t:|1785767779
|detailschange|p2a: Staraptor|Staraptor-Mega, L50, M, shiny
|-mega|p2a: Staraptor|Staraptor|Staraptite
|move|p2b: Whimsicott|Charm|p2a: Staraptor
|-boost|p2a: Staraptor|atk|2
|move|p2a: Staraptor|Close Combat|p1a: Milotic
|-damage|p1a: Milotic|0 fnt
|-boost|p2a: Staraptor|def|1
|-boost|p2a: Staraptor|spd|1
|faint|p1a: Milotic
|move|p1b: Delphox|Heat Wave|p2a: Staraptor|[spread] p2a,p2b
|-supereffective|p2b: Whimsicott|1
|-enditem|p2b: Whimsicott|Occa Berry|[eat]
|-enditem|p2b: Whimsicott|Occa Berry|[weaken]
|-damage|p2a: Staraptor|39/100
|-damage|p2b: Whimsicott|0 fnt
|faint|p2b: Whimsicott
|
|-sideend|p2: palle synchro|move: Light Screen
|-sideend|p2: palle synchro|move: Tailwind
|upkeep
|
|t:|1785767793
|switch|p2b: Garchomp|Garchomp, L50, M|100/100
|switch|p1a: Whimsicott|Whimsicott, L50, F|100/100
|turn|6
|
|t:|1785767808
|move|p2a: Staraptor|Protect|p2a: Staraptor
|-singleturn|p2a: Staraptor|Protect
|move|p1a: Whimsicott|Charm|p2b: Garchomp
|-unboost|p2b: Garchomp|atk|2
|move|p1b: Delphox|Psychic|p2a: Staraptor
|-activate|p2a: Staraptor|move: Protect
|move|p2b: Garchomp|Rock Slide|p1a: Whimsicott|[spread] p1a,p1b
|-supereffective|p1b: Delphox|1
|-damage|p1a: Whimsicott|88/100
|-damage|p1b: Delphox|58/100
|-damage|p2b: Garchomp|90/100|[from] item: Life Orb
|
|upkeep
|turn|7
|
|t:|1785767831
|move|p1b: Delphox|Psychic|p2a: Staraptor
|-supereffective|p2a: Staraptor|1
|-damage|p2a: Staraptor|0 fnt
|faint|p2a: Staraptor
|move|p2b: Garchomp|Rock Slide|p1b: Delphox|[spread] p1a
|-miss|p2b: Garchomp|p1b: Delphox
|-damage|p1a: Whimsicott|75/100
|-damage|p2b: Garchomp|80/100|[from] item: Life Orb
|move|p1a: Whimsicott|Moonblast|p2b: Garchomp
|-supereffective|p2b: Garchomp|1
|-damage|p2b: Garchomp|20/100y
|
|upkeep
|turn|8
|-message|palle synchro forfeited.
|
|win|lyk0
|raw|lyk0's rating: 1266 → 1300(+34 for winning)
|raw|palle synchro's rating: 1390 → 1363(-27 for losing)
