|j|☆LookBackInBanger
|j|☆triziateam
|html|LookBackInBangertriziateam    
|uhtml|bestof|Game 2 of a best-of-3
|t:|1756068951
|gametype|doubles
|player|p1|LookBackInBanger|roxie|1195
|player|p2|triziateam|wallace|1247
|gen|9
|tier|[Gen 9] VGC 2025 Reg H (Bo3)
|rated|
|rule|Species Clause: Limit one of each Pokémon
|rule|Item Clause: Limit 1 of each item
|clearpoke
|poke|p1|Indeedee, L50, M|
|poke|p1|Drifblim, L50, M|
|poke|p1|Volcarona, L50, F|
|poke|p1|Kommo-o, L50, M|
|poke|p1|Toxtricity, L50, M|
|poke|p1|Hydreigon, L50, M|
|poke|p2|Sinistcha, L50|
|poke|p2|Ursaluna, L50, F|
|poke|p2|Dragonite, L50, M|
|poke|p2|Pelipper, L50, F|
|poke|p2|Incineroar, L50, M|
|poke|p2|Archaludon, L50, M|
|teampreview|4
|showteam|p1|Indeedee||FocusSash|PsychicSurge|ExpandingForce,TeraBlast,Imprison,TrickRoom|||M|||50|,,,,,Ground]Drifblim||PsychicSeed|Unburden|Acrobatics,WillOWisp,StrengthSap,Tailwind|||M|||50|,,,,,Grass]Volcarona||LifeOrb|FlameBody|BugBuzz,HeatWave,TeraBlast,Protect|||F|||50|,,,,,Fairy]Kommo-o||Leftovers|Soundproof|BodyPress,Flamethrower,IronDefense,Protect|||M|||50|,,,,,Fire]Toxtricity||ChoiceSpecs|PunkRock|Overdrive,SludgeBomb,Boomburst,VoltSwitch|||M|||50|,,,,,Normal]Hydreigon||AssaultVest|Levitate|DarkPulse,DracoMeteor,EarthPower,Snarl|||M|||50|,,,,,Ghost
|showteam|p2|Sinistcha||SitrusBerry|Hospitality|LifeDew,RagePowder,TrickRoom,MatchaGotcha||||||50|,,,,,Dark]Ursaluna||FlameOrb|Guts|HeadlongRush,Facade,Earthquake,Protect|||F|||50|,,,,,Ghost]Dragonite||LoadedDice|Multiscale|Haze,Tailwind,ScaleShot,Protect|||M|||50|,,,,,Fairy]Pelipper||FocusSash|Drizzle|Hurricane,MuddyWater,WideGuard,Protect|||F|||50|,,,,,Ghost]Incineroar||SafetyGoggles|Intimidate|FlareBlitz,KnockOff,FakeOut,PartingShot|||M|||50|,,,,,Ghost]Archaludon||AssaultVest|Stamina|BodyPress,Snarl,ElectroShot,FlashCannon|||M|||50|,,,,,Bug
|inactive|Battle timer is ON: inactive players will automatically lose when time's up. (requested by triziateam)
|inactive|LookBackInBanger has 60 seconds left.
|inactive|triziateam has 60 seconds left.
|inactive|LookBackInBanger has 30 seconds left.
|
|t:|1756069019
|teamsize|p1|4
|teamsize|p2|4
|start
|switch|p1a: Jett Joan|Drifblim, L50, M|100/100
|switch|p1b: Poseur|Indeedee, L50, M|100/100
|switch|p2a: Pelipper|Pelipper, L50, F, shiny|100/100
|switch|p2b: Archaludon|Archaludon, L50, M, shiny|100/100
|-fieldstart|move: Psychic Terrain|[from] ability: Psychic Surge|[of] p1b: Poseur
|-enditem|p1a: Jett Joan|Psychic Seed
|-boost|p1a: Jett Joan|spd|1|[from] item: Psychic Seed
|-weather|RainDance|[from] ability: Drizzle|[of] p2a: Pelipper
|turn|1
|inactive|LookBackInBanger has 30 seconds left.
|
|t:|1756069046
|-terastallize|p2b: Archaludon|Bug
|move|p2a: Pelipper|Wide Guard|p2a: Pelipper
|-singleturn|p2a: Pelipper|Wide Guard
|move|p1a: Jett Joan|Acrobatics|p2a: Pelipper
|-damage|p2a: Pelipper|58/100
|move|p1b: Poseur|Tera Blast|p2a: Pelipper
|-damage|p2a: Pelipper|0 fnt
|faint|p2a: Pelipper
|move|p2b: Archaludon|Electro Shot||[still]
|-prepare|p2b: Archaludon|Electro Shot
|-boost|p2b: Archaludon|spa|1
|-anim|p2b: Archaludon|Electro Shot|p1a: Jett Joan
|-supereffective|p1a: Jett Joan
|-damage|p1a: Jett Joan|20/100
|
|-weather|RainDance|[upkeep]
|upkeep
|
|t:|1756069062
|switch|p2a: Incineroar|Incineroar, L50, M, shiny|100/100
|-ability|p2a: Incineroar|Intimidate|boost
|-unboost|p1a: Jett Joan|atk|1
|-unboost|p1b: Poseur|atk|1
|turn|2
|inactive|LookBackInBanger has 30 seconds left.
|inactive|LookBackInBanger has 20 seconds left.
|inactive|LookBackInBanger has 15 seconds left.
|inactive|LookBackInBanger has 10 seconds left.
|
|t:|1756069112
|switch|p1b: Iggy|Toxtricity, L50, M|100/100
|move|p1a: Jett Joan|Tailwind|p1a: Jett Joan
|-sidestart|p1: LookBackInBanger|move: Tailwind
|move|p2a: Incineroar|Knock Off|p1b: Iggy
|-damage|p1b: Iggy|38/100
|-enditem|p1b: Iggy|Choice Specs|[from] move: Knock Off|[of] p2a: Incineroar
|move|p2b: Archaludon|Snarl|p1a: Jett Joan|[spread] p1a
|-miss|p2b: Archaludon|p1b: Iggy
|-supereffective|p1a: Jett Joan
|-damage|p1a: Jett Joan|0 fnt
|faint|p1a: Jett Joan
|
|-weather|RainDance|[upkeep]
|upkeep
|inactive|LookBackInBanger has 30 seconds left.
|
|t:|1756069139
|switch|p1a: Rotten|Hydreigon, L50, M|100/100
|turn|3
|inactive|LookBackInBanger has 30 seconds left.
|c|☆triziateam|Genial miss
|
|t:|1756069173
|move|p1a: Rotten|Dark Pulse|p2b: Archaludon
|-damage|p2b: Archaludon|75/100
|-ability|p2b: Archaludon|Stamina|boost
|-boost|p2b: Archaludon|def|1
|move|p1b: Iggy|Sludge Bomb|p2b: Archaludon
|-crit|p2b: Archaludon
|-damage|p2b: Archaludon|38/100
|-ability|p2b: Archaludon|Stamina|boost
|-boost|p2b: Archaludon|def|1
|move|p2a: Incineroar|Parting Shot|p1a: Rotten
|-unboost|p1a: Rotten|atk|1
|-unboost|p1a: Rotten|spa|1
|
|t:|1756069185
|switch|p2a: Sinistcha|Sinistcha, L50, shiny|100/100|[from] Parting Shot
|-heal|p2b: Archaludon|63/100|[from] ability: Hospitality|[of] p2a: Sinistcha
|move|p2b: Archaludon|Electro Shot||[still]
|-prepare|p2b: Archaludon|Electro Shot
|-boost|p2b: Archaludon|spa|1
|-anim|p2b: Archaludon|Electro Shot|p1b: Iggy
|-resisted|p1b: Iggy
|-damage|p1b: Iggy|0 fnt
|faint|p1b: Iggy
|
|-weather|RainDance|[upkeep]
|upkeep
|
|t:|1756069196
|switch|p1b: Poseur|Indeedee, L50, M|100/100
|turn|4
|c|☆triziateam|Ah y me criteas
|c|☆triziateam|Asco de juego
|inactive|LookBackInBanger has 30 seconds left.
|inactive|LookBackInBanger has 20 seconds left.
|inactive|LookBackInBanger has 15 seconds left.
|inactive|LookBackInBanger has 10 seconds left.
|
|t:|1756069242
|switch|p2a: Incineroar|Incineroar, L50, M, shiny|100/100
|-ability|p2a: Incineroar|Intimidate|boost
|-unboost|p1a: Rotten|atk|1
|-unboost|p1b: Poseur|atk|1
|move|p1b: Poseur|Expanding Force|p2b: Archaludon|[spread] p2b
|-immune|p2a: Incineroar
|-damage|p2b: Archaludon|30/100
|-ability|p2b: Archaludon|Stamina|boost
|-boost|p2b: Archaludon|def|1
|move|p1a: Rotten|Snarl|p2b: Archaludon|[spread] p2a,p2b
|-resisted|p2a: Incineroar
|-damage|p2a: Incineroar|94/100
|-damage|p2b: Archaludon|22/100
|-unboost|p2a: Incineroar|spa|1
|-unboost|p2b: Archaludon|spa|1
|-ability|p2b: Archaludon|Stamina|boost
|-boost|p2b: Archaludon|def|1
|move|p2b: Archaludon|Snarl|p1b: Poseur|[spread] p1a,p1b
|-resisted|p1a: Rotten
|-supereffective|p1b: Poseur
|-damage|p1a: Rotten|94/100
|-damage|p1b: Poseur|50/100
|-unboost|p1a: Rotten|spa|1
|-unboost|p1b: Poseur|spa|1
|
|-weather|RainDance|[upkeep]
|upkeep
|turn|5
|inactive|LookBackInBanger has 30 seconds left.
|inactive|triziateam has 30 seconds left.
|inactive|LookBackInBanger has 20 seconds left.
|inactive|triziateam has 20 seconds left.
|inactive|LookBackInBanger has 15 seconds left.
|inactive|triziateam has 15 seconds left.
|inactive|LookBackInBanger has 10 seconds left.
|inactive|triziateam has 10 seconds left.
|
|t:|1756069292
|move|p1b: Poseur|Expanding Force|p2a: Incineroar|[spread] p2b
|-immune|p2a: Incineroar
|-crit|p2b: Archaludon
|-damage|p2b: Archaludon|0 fnt
|faint|p2b: Archaludon
|move|p1a: Rotten|Earth Power|p2a: Incineroar
|-supereffective|p2a: Incineroar
|-damage|p2a: Incineroar|66/100
|move|p2a: Incineroar|Knock Off|p1b: Poseur
|-supereffective|p1b: Poseur
|-damage|p1b: Poseur|0 fnt
|-enditem|p1b: Poseur|Focus Sash|[from] move: Knock Off|[of] p2a: Incineroar
|faint|p1b: Poseur
|
|-weather|none
|-sideend|p1: LookBackInBanger|move: Tailwind
|-fieldend|move: Psychic Terrain
|upkeep
|
|t:|1756069301
|switch|p2b: Sinistcha|Sinistcha, L50, shiny|100/100
|-heal|p2a: Incineroar|90/100|[from] ability: Hospitality|[of] p2b: Sinistcha
|turn|6
|c|☆triziateam|Asco de juego
|c|☆triziateam|Asco
|
|t:|1756069326
|move|p1a: Rotten|Dark Pulse|p2b: Sinistcha
|-supereffective|p2b: Sinistcha
|-damage|p2b: Sinistcha|66/100
|move|p2a: Incineroar|Parting Shot|p1a: Rotten
|-unboost|p1a: Rotten|atk|1
|-unboost|p1a: Rotten|spa|1
|move|p2b: Sinistcha|Trick Room|p2b: Sinistcha
|-fieldstart|move: Trick Room|[of] p2b: Sinistcha
|
|upkeep
|turn|7
|inactive|LookBackInBanger has 30 seconds left.
|c|☆LookBackInBanger|ajajJajAJAjAa pobre hydragon =(
|
|t:|1756069358
|move|p2b: Sinistcha|Matcha Gotcha|p1a: Rotten
|-resisted|p1a: Rotten
|-damage|p1a: Rotten|84/100
|-heal|p2b: Sinistcha|72/100|[from] drain|[of] p1a: Rotten
|move|p2a: Incineroar|Knock Off|p1a: Rotten
|-resisted|p1a: Rotten
|-damage|p1a: Rotten|63/100
|-enditem|p1a: Rotten|Assault Vest|[from] move: Knock Off|[of] p2a: Incineroar
|move|p1a: Rotten|Dark Pulse|p2b: Sinistcha
|-supereffective|p2b: Sinistcha
|-damage|p2b: Sinistcha|44/100
|-enditem|p2b: Sinistcha|Sitrus Berry|[eat]
|-heal|p2b: Sinistcha|69/100|[from] item: Sitrus Berry
|
|upkeep
|turn|8
|
|t:|1756069375
|move|p2b: Sinistcha|Matcha Gotcha|p1a: Rotten
|-resisted|p1a: Rotten
|-damage|p1a: Rotten|47/100
|-heal|p2b: Sinistcha|77/100|[from] drain|[of] p1a: Rotten
|move|p2a: Incineroar|Knock Off|p1a: Rotten
|-resisted|p1a: Rotten
|-damage|p1a: Rotten|33/100
|move|p1a: Rotten|Dark Pulse|p2b: Sinistcha
|-supereffective|p2b: Sinistcha
|-damage|p2b: Sinistcha|45/100
|
|upkeep
|turn|9
|
|t:|1756069393
|move|p2b: Sinistcha|Matcha Gotcha|p1a: Rotten
|-resisted|p1a: Rotten
|-damage|p1a: Rotten|16/100
|-heal|p2b: Sinistcha|54/100|[from] drain|[of] p1a: Rotten
|-status|p1a: Rotten|brn
|move|p2a: Incineroar|Flare Blitz|p1a: Rotten
|-resisted|p1a: Rotten
|-damage|p1a: Rotten|0 fnt
|faint|p1a: Rotten
|-damage|p2a: Incineroar|86/100|[from] Recoil
|
|win|triziateam
|raw|LookBackInBanger's rating: 1195 → 1174(-21 for losing)
|raw|triziateam's rating: 1247 → 1268(+21 for winning)
|c|☆LookBackInBanger|ggs!
|l|☆triziateam
|player|p2|
