|j|☆yenjang
|j|☆bearlover997
|html|yenjangbearlover997    
|uhtml|bestof|Game 1 of a best-of-3
|t:|1786186755
|gametype|doubles
|player|p1|yenjang|cynthia-gen4|1156
|player|p2|bearlover997|sage|1093
|gen|9
|tier|[Gen 9 Champions] VGC 2026 Reg M-B (Bo3)
|rated|
|rule|Species Clause: Limit one of each Pokémon
|rule|Item Clause: Limit 1 of each item
|clearpoke
|poke|p1|Raichu, L50, M, shiny|
|poke|p1|Sylveon, L50, F, shiny|
|poke|p1|Arcanine-Hisui, L50, M, shiny|
|poke|p1|Kingambit, L50, M, shiny|
|poke|p1|Farigiraf, L50, F, shiny|
|poke|p1|Staraptor, L50, M, shiny|
|poke|p2|Dragalge, L50, M, shiny|
|poke|p2|Sinistcha, L50|
|poke|p2|Incineroar, L50, M|
|poke|p2|Grimmsnarl, L50, M|
|poke|p2|Lopunny, L50, M, shiny|
|poke|p2|Tyrantrum, L50, F, shiny|
|teampreview|4
|showteam|p1|Raichu||RaichuniteY|LightningRod|ZapCannon,FocusBlast,Protect,FakeOut|Timid||M|||50|]Sylveon||FairyFeather|Pixilate|HyperVoice,HyperBeam,Detect,QuickAttack|Modest||F|||50|]Arcanine-Hisui||FocusSash|RockHead|HeadSmash,FlareBlitz,Protect,ExtremeSpeed|Jolly||M|||50|]Kingambit||LifeOrb|Defiant|SuckerPunch,KowtowCleave,LowKick,Protect|Adamant||M|||50|]Farigiraf||SitrusBerry|ArmorTail|Thunderbolt,Psychic,HelpingHand,TrickRoom|Calm||F|||50|]Staraptor||Staraptite|Intimidate|CloseCombat,DualWingbeat,Protect,Tailwind|Jolly||M|||50|
|showteam|p2|Dragalge||Dragalgite|PoisonPoint|DracoMeteor,SludgeBomb,FlipTurn,Toxic|Calm||M|||50|]Sinistcha||ColburBerry|Hospitality|MatchaGotcha,StrengthSap,RagePowder,Protect|Bold|||||50|]Incineroar||SitrusBerry|Intimidate|FakeOut,PartingShot,WillOWisp,FlareBlitz|Adamant||M|||50|]Grimmsnarl||LightClay|Prankster|LightScreen,Reflect,PartingShot,SpiritBreak|Careful||M|||50|]Lopunny||Lopunnite|Limber|CloseCombat,Encore,FakeOut,Uturn|Jolly||M|||50|]Tyrantrum||LifeOrb|RockHead|HeadSmash,DragonDance,DragonClaw,Protect|Adamant||F|||50|
|inactive|Battle timer is ON: inactive players will automatically lose when time's up. (requested by bearlover997)
|inactive|yenjang has 60 seconds left.
|
|t:|1786186812
|teamsize|p1|4
|teamsize|p2|4
|start
|switch|p1a: Raichu|Raichu, L50, M, shiny|100/100
|switch|p1b: Kingambit|Kingambit, L50, M, shiny|100/100
|switch|p2a: Lopunny|Lopunny, L50, M, shiny|100/100
|switch|p2b: Grimmsnarl|Grimmsnarl, L50, M|100/100
|turn|1
|
|t:|1786186834
|switch|p1b: Farigiraf|Farigiraf, L50, F, shiny|100/100
|detailschange|p1a: Raichu|Raichu-Mega-Y, L50, M, shiny
|-mega|p1a: Raichu|Raichu|Raichunite Y
|detailschange|p2a: Lopunny|Lopunny-Mega, L50, M, shiny
|-mega|p2a: Lopunny|Lopunny|Lopunnite
|move|p2b: Grimmsnarl|Light Screen|p2b: Grimmsnarl
|-sidestart|p2: bearlover997|move: Light Screen
|move|p2a: Lopunny|Close Combat|p1b: Farigiraf
|-damage|p1b: Farigiraf|44/100
|-unboost|p2a: Lopunny|def|1
|-unboost|p2a: Lopunny|spd|1
|-enditem|p1b: Farigiraf|Sitrus Berry|[eat]
|-heal|p1b: Farigiraf|68/100|[from] item: Sitrus Berry
|move|p1a: Raichu|Focus Blast|p2a: Lopunny
|-supereffective|p2a: Lopunny|1
|-damage|p2a: Lopunny|0 fnt
|faint|p2a: Lopunny
|
|upkeep
|
|t:|1786186853
|switch|p2a: Tyrantrum|Tyrantrum, L50, F, shiny|100/100
|turn|2
|inactive|yenjang has 30 seconds left.
|inactive|yenjang has 20 seconds left.
|
|t:|1786186889
|move|p1b: Farigiraf|Helping Hand|p1a: Raichu
|-singleturn|p1a: Raichu|Helping Hand|[of] p1b: Farigiraf
|move|p2b: Grimmsnarl|Parting Shot||[still]
|cant|p1b: Farigiraf|ability: Armor Tail|Parting Shot|[of] p2b: Grimmsnarl
|move|p1a: Raichu|Focus Blast|p2a: Tyrantrum
|-supereffective|p2a: Tyrantrum|1
|-damage|p2a: Tyrantrum|0 fnt
|faint|p2a: Tyrantrum
|
|upkeep
|
|t:|1786186897
|switch|p2a: Sinistcha|Sinistcha, L50|100/100
|turn|3
|
|t:|1786186906
|move|p1b: Farigiraf|Helping Hand|p1a: Raichu
|-singleturn|p1a: Raichu|Helping Hand|[of] p1b: Farigiraf
|move|p1a: Raichu|Zap Cannon|p2b: Grimmsnarl
|-damage|p2b: Grimmsnarl|53/100
|-status|p2b: Grimmsnarl|par
|move|p2a: Sinistcha|Matcha Gotcha|p1b: Farigiraf|[spread] p1a,p1b
|-damage|p1a: Raichu|67/100
|-damage|p1b: Farigiraf|51/100
|move|p2b: Grimmsnarl|Spirit Break|p1a: Raichu
|-damage|p1a: Raichu|17/100
|-unboost|p1a: Raichu|spa|1
|
|upkeep
|turn|4
|inactive|yenjang has 30 seconds left.
|
|t:|1786186937
|switch|p1a: Kingambit|Kingambit, L50, M, shiny|100/100
|move|p2a: Sinistcha|Matcha Gotcha|p1a: Kingambit|[spread] p1b
|-miss|p2a: Sinistcha|p1a: Kingambit
|-damage|p1b: Farigiraf|32/100
|move|p1b: Farigiraf|Psychic|p2a: Sinistcha
|-damage|p2a: Sinistcha|73/100
|move|p2b: Grimmsnarl|Spirit Break|p1b: Farigiraf
|-damage|p1b: Farigiraf|2/100
|-unboost|p1b: Farigiraf|spa|1
|
|upkeep
|turn|5
|inactive|yenjang has 30 seconds left.
|
|t:|1786186966
|move|p1b: Farigiraf|Helping Hand|p1a: Kingambit
|-singleturn|p1a: Kingambit|Helping Hand|[of] p1b: Farigiraf
|move|p2a: Sinistcha|Matcha Gotcha|p1b: Farigiraf|[spread] p1b
|-miss|p2a: Sinistcha|p1a: Kingambit
|-damage|p1b: Farigiraf|0 fnt
|-heal|p2a: Sinistcha|75/100|[from] drain|[of] p1b: Farigiraf
|faint|p1b: Farigiraf
|move|p1a: Kingambit|Kowtow Cleave|p2b: Grimmsnarl
|-resisted|p2b: Grimmsnarl|2
|-damage|p2b: Grimmsnarl|26/100 par
|-damage|p1a: Kingambit|90/100|[from] item: Life Orb
|move|p2b: Grimmsnarl|Spirit Break|p1a: Kingambit
|-damage|p1a: Kingambit|67/100
|-unboost|p1a: Kingambit|spa|1
|-ability|p1a: Kingambit|Defiant|boost
|-boost|p1a: Kingambit|atk|2
|
|upkeep
|
|t:|1786186984
|switch|p1b: Raichu|Raichu-Mega-Y, L50, M, shiny|17/100
|turn|6
|
|t:|1786186992
|move|p1b: Raichu|Fake Out|p2b: Grimmsnarl
|-damage|p2b: Grimmsnarl|16/100 par
|move|p2a: Sinistcha|Matcha Gotcha|p1a: Kingambit|[spread] p1a,p1b
|-resisted|p1a: Kingambit|1
|-damage|p1a: Kingambit|57/100
|-heal|p2a: Sinistcha|80/100|[from] drain|[of] p1a: Kingambit
|-damage|p1b: Raichu|0 fnt
|-heal|p2a: Sinistcha|88/100|[from] drain|[of] p1b: Raichu
|faint|p1b: Raichu
|move|p1a: Kingambit|Kowtow Cleave|p2a: Sinistcha
|-supereffective|p2a: Sinistcha|1
|-enditem|p2a: Sinistcha|Colbur Berry|[eat]
|-enditem|p2a: Sinistcha|Colbur Berry|[weaken]
|-damage|p2a: Sinistcha|8/100
|-damage|p1a: Kingambit|48/100|[from] item: Life Orb
|cant|p2b: Grimmsnarl|flinch
|
|upkeep
|
|t:|1786187010
|switch|p1b: Sylveon|Sylveon, L50, F, shiny|100/100
|turn|7
|
|t:|1786187019
|move|p1a: Kingambit|Sucker Punch|p2a: Sinistcha
|-supereffective|p2a: Sinistcha|1
|-damage|p2a: Sinistcha|0 fnt
|faint|p2a: Sinistcha
|-damage|p1a: Kingambit|38/100|[from] item: Life Orb
|move|p1b: Sylveon|Hyper Voice|p2b: Grimmsnarl
|-supereffective|p2b: Grimmsnarl|1
|-damage|p2b: Grimmsnarl|0 fnt
|faint|p2b: Grimmsnarl
|
|win|yenjang
||bearlover997 is ready for game 2.
|inactive|yenjang has 30 seconds to confirm battle start!
