|j|☆tbpgerard
|j|☆DiamondNate
|html|tbpgerardDiamondNate    
|uhtml|bestof|Game 2 of a best-of-3
|t:|1757648700
|gametype|doubles
|player|p1|tbpgerard|guitarist|1132
|player|p2|DiamondNate|lass-gen7|1131
|gen|9
|tier|[Gen 9] VGC 2025 Reg H (Bo3)
|rated|
|rule|Species Clause: Limit one of each Pokémon
|rule|Item Clause: Limit 1 of each item
|clearpoke
|poke|p1|Indeedee-F, L50, F|
|poke|p1|Hatterene, L50, F|
|poke|p1|Gallade, L50, M|
|poke|p1|Ursaluna, L50, M|
|poke|p1|Lilligant-Hisui, L50, F|
|poke|p1|Torkoal, L50, M|
|poke|p2|Clefable, L50, M|
|poke|p2|Garchomp, L50, M|
|poke|p2|Whimsicott, L50, F|
|poke|p2|Hydreigon, L50, F|
|poke|p2|Annihilape, L50, F|
|poke|p2|Gholdengo, L50|
|teampreview|4
|showteam|p1|Indeedee-F||SafetyGoggles|PsychicSurge|DazzlingGleam,FollowMe,HelpingHand,TrickRoom|||F|||50|,,,,,Fairy]Hatterene||LifeOrb|MagicBounce|ExpandingForce,DazzlingGleam,Protect,TrickRoom|||F|||50|,,,,,Water]Gallade||ClearAmulet|Sharpness|SacredSword,PsychoCut,WideGuard,TrickRoom|||M|||50|,,,,,Grass]Ursaluna||FlameOrb|Guts|Facade,HeadlongRush,Substitute,Protect|||M|||50|,,,,,Ghost]Lilligant-Hisui||FocusSash|Chlorophyll|CloseCombat,LeafBlade,SleepPowder,AfterYou|||F|||50|,,,,,Ghost]Torkoal||ChoiceSpecs|Drought|Eruption,HeatWave,Flamethrower,ClearSmog|||M|||50|,,,,,Fire
|showteam|p2|Clefable||SitrusBerry|Unaware|FollowMe,Moonblast,MistyTerrain,Protect|||M|||50|,,,,,Water]Garchomp||LifeOrb|RoughSkin|StompingTantrum,DragonClaw,Earthquake,Protect|||M|||50|,,,,,Ground]Whimsicott||FocusSash|Prankster|Moonblast,Encore,Tailwind,SunnyDay|||F|||50|,,,,,Ghost]Hydreigon||ChoiceSpecs|Levitate|DarkPulse,DracoMeteor,Snarl,HeatWave|||F|||50|,,,,,Fire]Annihilape||Leftovers|Defiant|RageFist,DrainPunch,BulkUp,Protect|||F|||50|,,,,,Water]Gholdengo||IronPlate|GoodasGold|MakeItRain,ShadowBall,NastyPlot,Protect||||||50|,,,,,Steel
|
|t:|1757648724
|teamsize|p1|4
|teamsize|p2|4
|start
|switch|p1a: labubu|Indeedee-F, L50, F|100/100
|switch|p1b: matcha|Gallade, L50, M|100/100
|switch|p2a: Hydreigon|Hydreigon, L50, F|100/100
|switch|p2b: Garchomp|Garchomp, L50, M|100/100
|-fieldstart|move: Psychic Terrain|[from] ability: Psychic Surge|[of] p1a: labubu
|turn|1
|
|t:|1757648748
|move|p1a: labubu|Follow Me|p1a: labubu
|-singleturn|p1a: labubu|move: Follow Me
|move|p2b: Garchomp|Earthquake|p1b: matcha|[spread] p1a,p1b
|-immune|p2a: Hydreigon|[from] ability: Levitate
|-damage|p1a: labubu|54/100
|-damage|p1b: matcha|33/100
|-damage|p2b: Garchomp|91/100|[from] item: Life Orb
|move|p2a: Hydreigon|Dark Pulse|p1a: labubu
|-supereffective|p1a: labubu
|-damage|p1a: labubu|0 fnt
|faint|p1a: labubu
|move|p1b: matcha|Trick Room|p1b: matcha
|-fieldstart|move: Trick Room|[of] p1b: matcha
|
|upkeep
|
|t:|1757648758
|switch|p1a: clairo|Hatterene, L50, F, shiny|100/100
|turn|2
|
|t:|1757648776
|move|p1a: clairo|Dazzling Gleam|p2a: Hydreigon|[spread] p2a,p2b
|-supereffective|p2a: Hydreigon
|-supereffective|p2b: Garchomp
|-damage|p2a: Hydreigon|0 fnt
|-damage|p2b: Garchomp|0 fnt
|faint|p2a: Hydreigon
|faint|p2b: Garchomp
|-damage|p1a: clairo|91/100|[from] item: Life Orb
|move|p1b: matcha|Sacred Sword|p2: Hydreigon|[notarget]
|-fail|p1b: matcha
|
|upkeep
|
|t:|1757648780
|switch|p2a: Clefable|Clefable, L50, M|100/100
|switch|p2b: Gholdengo|Gholdengo, L50|100/100
|turn|3
|
|t:|1757648799
|move|p2a: Clefable|Protect|p2a: Clefable
|-singleturn|p2a: Clefable|Protect
|move|p2b: Gholdengo|Protect|p2b: Gholdengo
|-singleturn|p2b: Gholdengo|Protect
|move|p1a: clairo|Expanding Force|p2b: Gholdengo|[spread] 
|-activate|p2a: Clefable|move: Protect
|-activate|p2b: Gholdengo|move: Protect
|move|p1b: matcha|Psycho Cut|p2b: Gholdengo
|-activate|p2b: Gholdengo|move: Protect
|
|upkeep
|turn|4
|
|t:|1757648815
|-terastallize|p1a: clairo|Water
|move|p2a: Clefable|Follow Me|p2a: Clefable
|-singleturn|p2a: Clefable|move: Follow Me
|move|p1a: clairo|Expanding Force|p2b: Gholdengo|[spread] p2a,p2b
|-crit|p2a: Clefable
|-resisted|p2b: Gholdengo
|-damage|p2a: Clefable|0 fnt
|-damage|p2b: Gholdengo|53/100
|faint|p2a: Clefable
|-damage|p1a: clairo|82/100|[from] item: Life Orb
|move|p1b: matcha|Psycho Cut|p2b: Gholdengo
|-resisted|p2b: Gholdengo
|-damage|p2b: Gholdengo|16/100
|move|p2b: Gholdengo|Nasty Plot|p2b: Gholdengo
|-boost|p2b: Gholdengo|spa|2
|
|upkeep
|turn|5
|
|t:|1757648830
|-terastallize|p2b: Gholdengo|Steel
|move|p2b: Gholdengo|Make It Rain|p1a: clairo|[spread] p1a,p1b
|-resisted|p1a: clairo
|-damage|p1a: clairo|4/100
|-damage|p1b: matcha|0 fnt
|-unboost|p2b: Gholdengo|spa|1
|faint|p1b: matcha
|move|p1a: clairo|Trick Room|p1a: clairo
|-fieldend|move: Trick Room
|
|-fieldend|move: Psychic Terrain
|upkeep
|
|t:|1757648835
|switch|p1b: fem lit|Torkoal, L50, M|100/100
|-weather|SunnyDay|[from] ability: Drought|[of] p1b: fem lit
|turn|6
|
|t:|1757648849
|move|p2b: Gholdengo|Make It Rain|p1a: clairo|[spread] p1a,p1b
|-resisted|p1a: clairo
|-resisted|p1b: fem lit
|-damage|p1a: clairo|0 fnt
|-damage|p1b: fem lit|34/100
|-unboost|p2b: Gholdengo|spa|1
|faint|p1a: clairo
|move|p1b: fem lit|Flamethrower|p2b: Gholdengo
|-supereffective|p2b: Gholdengo
|-damage|p2b: Gholdengo|0 fnt
|faint|p2b: Gholdengo
|
|win|tbpgerard
|raw|tbpgerard's rating: 1132 → 1157(+25 for winning)
|raw|DiamondNate's rating: 1131 → 1106(-25 for losing)
|l|☆DiamondNate
|player|p2|
