|j|☆theolegoat
|j|☆LeCehlou
|html|theolegoatLeCehlou    
|uhtml|bestof|Game 1 of a best-of-3
|t:|1757928051
|gametype|doubles
|player|p1|theolegoat|ghetsis-gen5bw|
|player|p2|LeCehlou|rocker-gen3|
|gen|9
|tier|[Gen 9] VGC 2025 Reg H (Bo3)
|rule|Species Clause: Limit one of each Pokémon
|rule|Item Clause: Limit 1 of each item
|clearpoke
|poke|p1|Porygon2, L50|
|poke|p1|Hydreigon, L50, M|
|poke|p1|Amoonguss, L50, M|
|poke|p1|Clodsire, L50, M|
|poke|p1|Garganacl, L50, F|
|poke|p1|Hatterene, L50, F|
|poke|p2|Excadrill, L50, F|
|poke|p2|Tyranitar, L50, M|
|poke|p2|Amoonguss, L50, M|
|poke|p2|Kilowattrel, L50, F|
|poke|p2|Incineroar, L50, M|
|poke|p2|Gholdengo, L50|
|teampreview|4
|showteam|p1|Porygon2||Eviolite|Download|TrickRoom,Recover,IceBeam,Thunderbolt||||||50|,,,,,Normal]Hydreigon||IronBall|Levitate|DracoMeteor,DarkPulse,FireBlast,Protect|||M|||50|,,,,,Dragon]Amoonguss||BlackSludge|Regenerator|Spore,RagePowder,GigaDrain,Protect|||M|||50|,,,,,Grass]Clodsire||AssaultVest|Unaware|Earthquake,SludgeBomb,Recover,Protect|||M|||50|,,,,,Ground]Garganacl||Leftovers|PurifyingSalt|SaltCure,BodyPress,Recover,Protect|||F|||50|,,,,,Rock]Hatterene||LifeOrb|MagicBounce|Psychic,DazzlingGleam,MysticalFire,Protect|||F|||50|,,,,,Fairy
|showteam|p2|Excadrill||SoftSand|SandRush|HighHorsepower,RockSlide,Protect,Earthquake|||F|||50|,,,,,Ground]Tyranitar||ClearAmulet|SandStream|RockSlide,KnockOff,DragonDance,Protect|||M|||50|,,,,,Flying]Amoonguss||MentalHerb|Regenerator|Spore,SludgeBomb,RagePowder,Protect|||M|||50|,,,,,Water]Kilowattrel||FocusSash|Competitive|Thunderbolt,AirSlash,Tailwind,Protect|||F|||50|,,,,,Steel]Incineroar||SafetyGoggles|Intimidate|KnockOff,FlareBlitz,FakeOut,PartingShot|||M|||50|,,,,,Ghost]Gholdengo||LifeOrb|GoodasGold|MakeItRain,ShadowBall,NastyPlot,Protect||||||50|,,,,,Dragon
|
|t:|1757928098
|teamsize|p1|4
|teamsize|p2|4
|start
|switch|p1a: Porygon2|Porygon2, L50|100/100
|switch|p1b: Amoonguss|Amoonguss, L50, M|100/100
|switch|p2a: Incineroar|Incineroar, L50, M|100/100
|switch|p2b: Excadrill|Excadrill, L50, F|100/100
|-ability|p2a: Incineroar|Intimidate|boost
|-unboost|p1a: Porygon2|atk|1
|-unboost|p1b: Amoonguss|atk|1
|-ability|p1a: Porygon2|Download|boost
|-boost|p1a: Porygon2|atk|1
|turn|1
|
|t:|1757928118
|switch|p2b: Gholdengo|Gholdengo, L50|100/100
|move|p1b: Amoonguss|Protect|p1b: Amoonguss
|-singleturn|p1b: Amoonguss|Protect
|move|p2a: Incineroar|Knock Off|p1a: Porygon2
|-damage|p1a: Porygon2|75/100
|-enditem|p1a: Porygon2|Eviolite|[from] move: Knock Off|[of] p2a: Incineroar
|move|p1a: Porygon2|Trick Room|p1a: Porygon2
|-fieldstart|move: Trick Room|[of] p1a: Porygon2
|
|upkeep
|turn|2
|
|t:|1757928167
|switch|p1b: Garganacl|Garganacl, L50, F|100/100
|move|p1a: Porygon2|Recover|p1a: Porygon2
|-heal|p1a: Porygon2|100/100
|move|p2a: Incineroar|Parting Shot|p1a: Porygon2
|-unboost|p1a: Porygon2|atk|1
|-unboost|p1a: Porygon2|spa|1
|
|t:|1757928175
|switch|p2a: Excadrill|Excadrill, L50, F|100/100|[from] Parting Shot
|move|p2b: Gholdengo|Nasty Plot|p2b: Gholdengo
|-boost|p2b: Gholdengo|spa|2
|
|upkeep
|turn|3
|
|t:|1757928192
|move|p1b: Garganacl|Protect|p1b: Garganacl
|-singleturn|p1b: Garganacl|Protect
|move|p1a: Porygon2|Thunderbolt|p2b: Gholdengo
|-damage|p2b: Gholdengo|83/100
|move|p2a: Excadrill|High Horsepower|p1a: Porygon2
|-damage|p1a: Porygon2|44/100
|move|p2b: Gholdengo|Make It Rain|p1a: Porygon2|[spread] p1a
|-activate|p1b: Garganacl|move: Protect
|-crit|p1a: Porygon2
|-damage|p1a: Porygon2|0 fnt
|-unboost|p2b: Gholdengo|spa|1
|faint|p1a: Porygon2
|-damage|p2b: Gholdengo|73/100|[from] item: Life Orb
|
|upkeep
|
|t:|1757928204
|switch|p1a: Hydreigon|Hydreigon, L50, M|100/100
|turn|4
|
|t:|1757928226
|switch|p2a: Incineroar|Incineroar, L50, M|100/100
|-ability|p2a: Incineroar|Intimidate|boost
|-unboost|p1a: Hydreigon|atk|1
|-unboost|p1b: Garganacl|atk|1
|-terastallize|p1a: Hydreigon|Dragon
|move|p2b: Gholdengo|Protect|p2b: Gholdengo
|-singleturn|p2b: Gholdengo|Protect
|move|p1b: Garganacl|Salt Cure|p2a: Incineroar
|-supereffective|p2a: Incineroar
|-damage|p2a: Incineroar|81/100
|-start|p2a: Incineroar|Salt Cure
|move|p1a: Hydreigon|Dark Pulse|p2b: Gholdengo
|-activate|p2b: Gholdengo|move: Protect
|
|-damage|p2a: Incineroar|68/100|[from] Salt Cure
|upkeep
|turn|5
|
|t:|1757928243
|move|p2a: Incineroar|Fake Out|p1a: Hydreigon
|-damage|p1a: Hydreigon|88/100
|move|p1b: Garganacl|Body Press|p2a: Incineroar
|-supereffective|p2a: Incineroar
|-damage|p2a: Incineroar|11/100
|cant|p1a: Hydreigon|flinch
|move|p2b: Gholdengo|Make It Rain|p1b: Garganacl|[spread] p1a,p1b
|-supereffective|p1b: Garganacl
|-damage|p1a: Hydreigon|2/100
|-damage|p1b: Garganacl|0 fnt
|-unboost|p2b: Gholdengo|spa|1
|faint|p1b: Garganacl
|-damage|p2b: Gholdengo|64/100|[from] item: Life Orb
|
|-damage|p2a: Incineroar|0 fnt|[from] Salt Cure
|faint|p2a: Incineroar
|-fieldend|move: Trick Room
|upkeep
|
|t:|1757928253
|switch|p2a: Tyranitar|Tyranitar, L50, M|100/100
|switch|p1b: Amoonguss|Amoonguss, L50, M|100/100
|-weather|Sandstorm|[from] ability: Sand Stream|[of] p2a: Tyranitar
|turn|6
|-message|theolegoat forfeited.
|
|win|LeCehlou
|l|☆theolegoat
|player|p1|
||LeCehlou is ready for game 2.
||theolegoat is ready for game 2.
|uhtml|next|Next: Game 2 of 3
