|j|☆TheLambasEffigy
|j|☆vilan333
|html|TheLambasEffigyvilan333    
|uhtml|bestof|Game 2 of a best-of-3
|t:|1782427358
|gametype|doubles
|player|p1|TheLambasEffigy|2|1104
|player|p2|vilan333|marshal|1187
|gen|9
|tier|[Gen 9 Champions] VGC 2026 Reg M-B (Bo3)
|rated|
|rule|Species Clause: Limit one of each Pokémon
|rule|Item Clause: Limit 1 of each item
|clearpoke
|poke|p1|Floette-Eternal, L50, F|
|poke|p1|Aerodactyl, L50, F|
|poke|p1|Tinkaton, L50, F|
|poke|p1|Kingambit, L50, M|
|poke|p1|Basculegion, L50, M|
|poke|p1|Sneasler, L50, M|
|poke|p2|Kangaskhan, L50, F|
|poke|p2|Mawile, L50, F|
|poke|p2|Farigiraf, L50, F|
|poke|p2|Torkoal, L50, F|
|poke|p2|Pyroar, L50, F|
|poke|p2|Aerodactyl, L50, M|
|teampreview|4
|showteam|p1|Floette-Eternal||Floettite|FlowerVeil|GigaDrain,DazzlingGleam,Protect,CalmMind|Bold||F|||50|]Aerodactyl||Aerodactylite|Unnerve|Tailwind,DualWingbeat,Protect,RockSlide|Jolly||F|||50|]Tinkaton||ShucaBerry|MoldBreaker|FakeOut,Encore,Protect,GigatonHammer|Careful||F|||50|]Kingambit||BlackGlasses|Defiant|KowtowCleave,SuckerPunch,SwordsDance,Protect|Adamant||M|||50|]Basculegion||LifeOrb|Adaptability|LastRespects,WaveCrash,AquaJet,Protect|Adamant||M|||50|]Sneasler||WhiteHerb|Unburden|Protect,DireClaw,FakeOut,CloseCombat|Jolly||M|||50|
|showteam|p2|Kangaskhan||LifeOrb|Scrappy|FakeOut,DoubleEdge,HammerArm,IcePunch|Adamant||F|||50|]Mawile||Mawilite|Intimidate|SuckerPunch,PlayRough,SwordsDance,IronHead|Brave||F|||50|]Farigiraf||ColburBerry|ArmorTail|Thunderbolt,Psychic,TrickRoom,HelpingHand|Quiet||F|||50|]Torkoal||Charcoal|Drought|Eruption,WeatherBall,EarthPower,Protect|Quiet||F|||50|]Pyroar||Pyroarite|Unnerve|Protect,HeatWave,Overheat,SolarBeam|Timid||F|||50|]Aerodactyl||FocusSash|Unnerve|RockSlide,Tailwind,DualWingbeat,WideGuard|Jolly||M|||50|
|inactive|Battle timer is ON: inactive players will automatically lose when time's up. (requested by vilan333)
|
|t:|1782427391
|teamsize|p1|4
|teamsize|p2|4
|start
|switch|p1a: Tinkaton|Tinkaton, L50, F|100/100
|switch|p1b: Aerodactyl|Aerodactyl, L50, F|100/100
|switch|p2a: Aerodactyl|Aerodactyl, L50, M|100/100
|switch|p2b: Pyroar|Pyroar, L50, F|100/100
|-ability|p1b: Aerodactyl|Unnerve
|-ability|p2a: Aerodactyl|Unnerve
|-ability|p2b: Pyroar|Unnerve
|-ability|p1a: Tinkaton|Mold Breaker
|turn|1
|inactive|TheLambasEffigy has 30 seconds left.
|
|t:|1782427421
|detailschange|p1b: Aerodactyl|Aerodactyl-Mega, L50, F
|-mega|p1b: Aerodactyl|Aerodactyl|Aerodactylite
|detailschange|p2b: Pyroar|Pyroar-Mega, L50, F
|-mega|p2b: Pyroar|Pyroar|Pyroarite
|move|p1a: Tinkaton|Fake Out|p2b: Pyroar
|-damage|p2b: Pyroar|90/100
|move|p1b: Aerodactyl|Tailwind|p1b: Aerodactyl
|-sidestart|p1: TheLambasEffigy|move: Tailwind
|move|p2a: Aerodactyl|Tailwind|p2a: Aerodactyl
|-sidestart|p2: vilan333|move: Tailwind
|cant|p2b: Pyroar|flinch
|
|upkeep
|turn|2
|
|t:|1782427439
|switch|p2a: Kangaskhan|Kangaskhan, L50, F|100/100
|move|p2b: Pyroar|Protect|p2b: Pyroar
|-singleturn|p2b: Pyroar|Protect
|move|p1a: Tinkaton|Protect|p1a: Tinkaton
|-singleturn|p1a: Tinkaton|Protect
|move|p1b: Aerodactyl|Rock Slide|p2a: Kangaskhan|[spread] p2a
|-activate|p2b: Pyroar|move: Protect
|-damage|p2a: Kangaskhan|69/100
|
|upkeep
|turn|3
|
|t:|1782427459
|switch|p1a: Sneasler|Sneasler, L50, M|100/100
|move|p1b: Aerodactyl|Protect|p1b: Aerodactyl
|-singleturn|p1b: Aerodactyl|Protect
|move|p2a: Kangaskhan|Fake Out|p1b: Aerodactyl
|-activate|p1b: Aerodactyl|move: Protect
|move|p2b: Pyroar|Heat Wave|p1a: Sneasler|[spread] p1a
|-activate|p1b: Aerodactyl|move: Protect
|-damage|p1a: Sneasler|22/100
|
|upkeep
|turn|4
|inactive|vilan333 has 30 seconds left.
|
|t:|1782427485
|switch|p2a: Torkoal|Torkoal, L50, F|100/100
|-weather|SunnyDay|[from] ability: Drought|[of] p2a: Torkoal
|move|p2b: Pyroar|Protect|p2b: Pyroar
|-singleturn|p2b: Pyroar|Protect
|move|p1a: Sneasler|Fake Out|p2b: Pyroar
|-activate|p2b: Pyroar|move: Protect
|move|p1b: Aerodactyl|Rock Slide|p2b: Pyroar|[spread] p2a
|-activate|p2b: Pyroar|move: Protect
|-supereffective|p2a: Torkoal|1
|-damage|p2a: Torkoal|54/100
|
|-weather|SunnyDay|[upkeep]
|-sideend|p2: vilan333|move: Tailwind
|-sideend|p1: TheLambasEffigy|move: Tailwind
|upkeep
|turn|5
|
|t:|1782427508
|move|p1b: Aerodactyl|Rock Slide|p2a: Torkoal|[spread] p2a,p2b
|-supereffective|p2a: Torkoal|1
|-supereffective|p2b: Pyroar|1
|-damage|p2a: Torkoal|6/100
|-damage|p2b: Pyroar|23/100
|move|p2b: Pyroar|Solar Beam||[still]
|-prepare|p2b: Pyroar|Solar Beam
|-anim|p2b: Pyroar|Solar Beam|p1b: Aerodactyl
|-damage|p1b: Aerodactyl|48/100
|move|p1a: Sneasler|Close Combat|p2b: Pyroar
|-supereffective|p2b: Pyroar|1
|-damage|p2b: Pyroar|0 fnt
|-unboost|p1a: Sneasler|def|1
|-unboost|p1a: Sneasler|spd|1
|faint|p2b: Pyroar
|-enditem|p1a: Sneasler|White Herb
|-clearnegativeboost|p1a: Sneasler|[silent]
|move|p2a: Torkoal|Weather Ball|p1a: Sneasler
|-damage|p1a: Sneasler|0 fnt
|faint|p1a: Sneasler
|
|-weather|SunnyDay|[upkeep]
|upkeep
|
|t:|1782427532
|switch|p2b: Kangaskhan|Kangaskhan, L50, F|69/100
|switch|p1a: Tinkaton|Tinkaton, L50, F|100/100
|-ability|p1a: Tinkaton|Mold Breaker
|turn|6
|
|t:|1782427552
|move|p1b: Aerodactyl|Protect|p1b: Aerodactyl
|-singleturn|p1b: Aerodactyl|Protect
|move|p1a: Tinkaton|Protect|p1a: Tinkaton
|-singleturn|p1a: Tinkaton|Protect
|move|p2b: Kangaskhan|Fake Out|p1b: Aerodactyl
|-activate|p1b: Aerodactyl|move: Protect
|move|p2a: Torkoal|Earth Power|p1a: Tinkaton
|-activate|p1a: Tinkaton|move: Protect
|
|-weather|SunnyDay|[upkeep]
|upkeep
|turn|7
|-message|vilan333 forfeited.
|
|win|TheLambasEffigy
|l|☆vilan333
|player|p2|
||TheLambasEffigy is ready for game 3.
|j|☆vilan333
|player|p2|vilan333|marshal|
|inactive|vilan333 has 30 seconds to confirm battle start!
