|j|☆note2610
|j|☆Luzeleah
|html|note2610Luzeleah    
|uhtml|bestof|Game 2 of a best-of-3
|t:|1756301583
|gametype|doubles
|player|p1|note2610|n|
|player|p2|Luzeleah|lacey|
|gen|9
|tier|[Gen 9] VGC 2025 Reg H (Bo3)
|rule|Species Clause: Limit one of each Pokémon
|rule|Item Clause: Limit 1 of each item
|clearpoke
|poke|p1|Indeedee-F, L50, F|
|poke|p1|Ursaluna, L50, M|
|poke|p1|Torkoal, L50, F|
|poke|p1|Lilligant-Hisui, L50, F|
|poke|p1|Hatterene, L50, F|
|poke|p1|Farigiraf, L50, M|
|poke|p2|Spewpa, L50, F|
|poke|p2|Dragonite, L50, F|
|poke|p2|Incineroar, L50, F|
|poke|p2|Ursaluna-Bloodmoon, L50, M|
|poke|p2|Amoonguss, L50, F|
|poke|p2|Gholdengo, L50|
|teampreview|4
|showteam|p1|Indeedee-F||MentalHerb|PsychicSurge|FollowMe,TrickRoom,HelpingHand,DazzlingGleam|||F|||50|,,,,,Steel]Ursaluna||FlameOrb|Guts|Facade,HeadlongRush,Earthquake,Protect|||M|||50|,,,,,Ghost]Torkoal||ChoiceSpecs|Drought|Eruption,HeatWave,EarthPower,SolarBeam|||F|||50|,,,,,Fire]Lilligant-Hisui||FocusSash|Chlorophyll|AfterYou,HelpingHand,LeafBlade,AxeKick|||F|||50|,,,,,Ghost]Hatterene||LifeOrb|MagicBounce|MysticalFire,ExpandingForce,Protect,DazzlingGleam|||F|||50|,,,,,Fire]Farigiraf||ThroatSpray|ArmorTail|TrickRoom,HyperVoice,FoulPlay,HelpingHand|||M|||50|,,,,,Fairy
|showteam|p2|Spewpa||Eviolite|FriendGuard|StruggleBug,RagePowder,StringShot,Protect|||F|||50|,,,,,Dark]Dragonite||LoadedDice|Multiscale|ScaleShot,ExtremeSpeed,Tailwind,Protect|||F|||50|,,,,,Fairy]Incineroar||SafetyGoggles|Intimidate|FakeOut,FlareBlitz,KnockOff,PartingShot|||F|||50|,,,,,Bug]Ursaluna-Bloodmoon||AssaultVest|MindsEye|HyperVoice,BloodMoon,EarthPower,VacuumWave|||M|||50|,,,,,Normal]Amoonguss||RockyHelmet|Regenerator|PollenPuff,ClearSmog,Spore,RagePowder|||F|||50|,,,,,Water]Gholdengo||LifeOrb|GoodasGold|MakeItRain,ShadowBall,NastyPlot,Protect||||||50|,,,,,Water
|
|t:|1756301597
|teamsize|p1|4
|teamsize|p2|4
|start
|switch|p1a: Indeedee|Indeedee-F, L50, F|100/100
|switch|p1b: Hatterene|Hatterene, L50, F|100/100
|switch|p2a: Incineroar|Incineroar, L50, F|100/100
|switch|p2b: Gholdengo|Gholdengo, L50|100/100
|-ability|p2a: Incineroar|Intimidate|boost
|-unboost|p1a: Indeedee|atk|1
|-unboost|p1b: Hatterene|atk|1
|-fieldstart|move: Psychic Terrain|[from] ability: Psychic Surge|[of] p1a: Indeedee
|turn|1
|inactive|Battle timer is ON: inactive players will automatically lose when time's up. (requested by note2610)
|
|t:|1756301615
|-terastallize|p1b: Hatterene|Fire
|move|p1a: Indeedee|Follow Me|p1a: Indeedee
|-singleturn|p1a: Indeedee|move: Follow Me
|move|p2b: Gholdengo|Make It Rain|p1a: Indeedee|[spread] p1a,p1b
|-resisted|p1b: Hatterene
|-damage|p1a: Indeedee|49/100
|-damage|p1b: Hatterene|67/100
|-unboost|p2b: Gholdengo|spa|1
|-damage|p2b: Gholdengo|91/100|[from] item: Life Orb
|move|p2a: Incineroar|Flare Blitz|p1a: Indeedee
|-damage|p1a: Indeedee|0 fnt
|faint|p1a: Indeedee
|-damage|p2a: Incineroar|86/100|[from] Recoil
|move|p1b: Hatterene|Expanding Force|p2a: Incineroar|[spread] p2b
|-immune|p2a: Incineroar
|-resisted|p2b: Gholdengo
|-damage|p2b: Gholdengo|42/100
|-damage|p1b: Hatterene|57/100|[from] item: Life Orb
|
|upkeep
|
|t:|1756301631
|switch|p1a: Lilligant|Lilligant-Hisui, L50, F|100/100
|turn|2
|inactive|Luzeleah has 30 seconds left.
|inactive|Luzeleah has 20 seconds left.
|inactive|Luzeleah has 15 seconds left.
|inactive|Luzeleah has 10 seconds left.
|
|t:|1756301681
|switch|p2b: Dragonite|Dragonite, L50, F|100/100
|move|p1b: Hatterene|Protect|p1b: Hatterene
|-singleturn|p1b: Hatterene|Protect
|move|p1a: Lilligant|Axe Kick|p2a: Incineroar
|-supereffective|p2a: Incineroar
|-crit|p2a: Incineroar
|-damage|p2a: Incineroar|0 fnt
|faint|p2a: Incineroar
|
|upkeep
|
|t:|1756301700
|switch|p2a: Gholdengo|Gholdengo, L50|42/100
|turn|3
|inactive|note2610 has 30 seconds left.
|
|t:|1756301729
|move|p1a: Lilligant|After You|p1b: Hatterene
|-activate|p1b: Hatterene|move: After You
|move|p1b: Hatterene|Expanding Force|p2b: Dragonite|[spread] p2a,p2b
|-resisted|p2a: Gholdengo
|-damage|p2a: Gholdengo|0 fnt
|-damage|p2b: Dragonite|57/100
|faint|p2a: Gholdengo
|-damage|p1b: Hatterene|47/100|[from] item: Life Orb
|move|p2b: Dragonite|Scale Shot|p1a: Lilligant|[miss]
|-miss|p2b: Dragonite|p1a: Lilligant
|
|upkeep
|
|t:|1756301737
|switch|p2a: Ursaluna|Ursaluna-Bloodmoon, L50, M|100/100
|turn|4
|inactive|Luzeleah has 30 seconds left.
|
|t:|1756301763
|move|p1a: Lilligant|After You|p1b: Hatterene
|-activate|p1b: Hatterene|move: After You
|move|p1b: Hatterene|Expanding Force|p2b: Dragonite|[spread] p2a,p2b
|-damage|p2a: Ursaluna|40/100
|-damage|p2b: Dragonite|0 fnt
|faint|p2b: Dragonite
|-damage|p1b: Hatterene|38/100|[from] item: Life Orb
|move|p2a: Ursaluna|Hyper Voice|p1a: Lilligant|[spread] p1a,p1b
|-damage|p1a: Lilligant|50/100
|-damage|p1b: Hatterene|0 fnt
|faint|p1b: Hatterene
|
|upkeep
|
|t:|1756301773
|switch|p1b: Torkoal|Torkoal, L50, F|100/100
|-weather|SunnyDay|[from] ability: Drought|[of] p1b: Torkoal
|turn|5
|
|t:|1756301778
|-terastallize|p2a: Ursaluna|Normal
|move|p1a: Lilligant|After You|p1b: Torkoal
|-activate|p1b: Torkoal|move: After You
|move|p1b: Torkoal|Eruption|p2a: Ursaluna
|-damage|p2a: Ursaluna|0 fnt
|faint|p2a: Ursaluna
|
|win|note2610
||Luzeleah is ready for game 3.
||note2610 is ready for game 3.
|uhtml|next|Next: Game 3 of 3
