|j|☆Bread2468
|j|☆Qicide
|html|Bread2468Qicide    
|uhtml|bestof|Game 2 of a best-of-3
|t:|1757632183
|gametype|doubles
|player|p1|Bread2468|101|1286
|player|p2|Qicide|red|1365
|gen|9
|tier|[Gen 9] VGC 2025 Reg H (Bo3)
|rated|
|rule|Species Clause: Limit one of each Pokémon
|rule|Item Clause: Limit 1 of each item
|clearpoke
|poke|p1|Charizard, L50, M|
|poke|p1|Torkoal, L50, M|
|poke|p1|Porygon2, L50|
|poke|p1|Incineroar, L50, M|
|poke|p1|Jumpluff, L50, M|
|poke|p1|Ursaluna, L50, F|
|poke|p2|Porygon2, L50|
|poke|p2|Incineroar, L50, F|
|poke|p2|Ursaluna, L50, F|
|poke|p2|Jumpluff, L50, M|
|poke|p2|Charizard, L50, F|
|poke|p2|Torkoal, L50, M|
|teampreview|4
|showteam|p1|Charizard||ChoiceSpecs|SolarPower|HeatWave,Overheat,WeatherBall,AirSlash|||M|||50|,,,,,Ghost]Torkoal||EjectPack|Drought|Eruption,Overheat,HelpingHand,Protect|||M|||50|,,,,,Fire]Porygon2||Eviolite|Download|TeraBlast,IceBeam,Recover,TrickRoom||||||50|,,,,,Fighting]Incineroar||SitrusBerry|Intimidate|FlareBlitz,KnockOff,FakeOut,PartingShot|||M|||50|,,,,,Ghost]Jumpluff||CovertCloak|Chlorophyll|SleepPowder,SunnyDay,RagePowder,Tailwind|||M|||50|,,,,,Water]Ursaluna||FlameOrb|Guts|HeadlongRush,Facade,Earthquake,Protect|||F|||50|,,,,,Ghost
|showteam|p2|Porygon2||Eviolite|Download|TeraBlast,IceBeam,TrickRoom,Recover||||||50|,,,,,Fighting]Incineroar||SitrusBerry|Intimidate|FakeOut,KnockOff,FlareBlitz,PartingShot|||F|||50|,,,,,Ghost]Ursaluna||FlameOrb|Guts|HeadlongRush,Facade,Earthquake,Protect|||F|||50|,,,,,Ghost]Jumpluff||CovertCloak|Chlorophyll|RagePowder,SunnyDay,Tailwind,SleepPowder|||M|||50|,,,,,Water]Charizard||ChoiceSpecs|SolarPower|HeatWave,Overheat,WeatherBall,SolarBeam|||F|||50|,,,,,Ghost]Torkoal||EjectPack|Drought|Overheat,Eruption,HelpingHand,Protect|||M|||50|,,,,,Fire
|inactive|Battle timer is ON: inactive players will automatically lose when time's up. (requested by Bread2468)
|inactive|Qicide also wants the timer to be on.
|
|t:|1757632203
|teamsize|p1|4
|teamsize|p2|4
|start
|switch|p1a: Charizard|Charizard, L50, M|100/100
|switch|p1b: Incineroar|Incineroar, L50, M|100/100
|switch|p2a: Jumpluff|Jumpluff, L50, M|100/100
|switch|p2b: Charizard|Charizard, L50, F, shiny|100/100
|-ability|p1b: Incineroar|Intimidate|boost
|-unboost|p2a: Jumpluff|atk|1
|-unboost|p2b: Charizard|atk|1
|turn|1
|
|t:|1757632219
|switch|p2b: Ursaluna|Ursaluna, L50, F|100/100
|-terastallize|p2a: Jumpluff|Water
|move|p2a: Jumpluff|Tailwind|p2a: Jumpluff
|-sidestart|p2: Qicide|move: Tailwind
|move|p1a: Charizard|Heat Wave|p2b: Ursaluna|[spread] p2a,p2b
|-resisted|p2a: Jumpluff
|-damage|p2a: Jumpluff|74/100
|-damage|p2b: Ursaluna|52/100
|move|p1b: Incineroar|Parting Shot|p2b: Ursaluna
|-unboost|p2b: Ursaluna|atk|1
|-unboost|p2b: Ursaluna|spa|1
|inactive|Bread2468 has 30 seconds left.
|inactive|Bread2468 has 20 seconds left.
|inactive|Bread2468 has 15 seconds left.
|
|t:|1757632261
|switch|p1b: Ursaluna|Ursaluna, L50, F|100/100|[from] Parting Shot
|
|-status|p2b: Ursaluna|brn|[from] item: Flame Orb
|-status|p1b: Ursaluna|brn|[from] item: Flame Orb
|upkeep
|turn|2
|
|t:|1757632275
|switch|p2b: Incineroar|Incineroar, L50, F|100/100
|-ability|p2b: Incineroar|Intimidate|boost
|-unboost|p1a: Charizard|atk|1
|-unboost|p1b: Ursaluna|atk|1
|switch|p1a: Jumpluff|Jumpluff, L50, M|100/100
|-terastallize|p1b: Ursaluna|Ghost
|move|p2a: Jumpluff|Sunny Day|p2a: Jumpluff
|-weather|SunnyDay
|move|p1b: Ursaluna|Facade|p2b: Incineroar
|-damage|p2b: Incineroar|20/100
|-enditem|p2b: Incineroar|Sitrus Berry|[eat]
|-heal|p2b: Incineroar|45/100|[from] item: Sitrus Berry
|
|-weather|SunnyDay|[upkeep]
|-damage|p1b: Ursaluna|95/100 brn|[from] brn
|upkeep
|turn|3
|inactive|Qicide has 30 seconds left.
|inactive|Qicide has 20 seconds left.
|
|t:|1757632314
|move|p2a: Jumpluff|Rage Powder|p2a: Jumpluff
|-singleturn|p2a: Jumpluff|move: Rage Powder
|move|p1a: Jumpluff|Sleep Powder|p2b: Incineroar
|-status|p2b: Incineroar|slp|[from] move: Sleep Powder
|cant|p2b: Incineroar|slp
|move|p1b: Ursaluna|Earthquake|p2a: Jumpluff|[spread] p2a,p2b
|-immune|p1a: Jumpluff
|-supereffective|p2b: Incineroar
|-damage|p2a: Jumpluff|18/100
|-damage|p2b: Incineroar|0 fnt
|faint|p2b: Incineroar
|
|-weather|SunnyDay|[upkeep]
|-damage|p1b: Ursaluna|89/100 brn|[from] brn
|upkeep
|
|t:|1757632323
|switch|p2b: Charizard|Charizard, L50, F, shiny|100/100
|turn|4
|
|t:|1757632331
|switch|p2a: Ursaluna|Ursaluna, L50, F|52/100 brn
|switch|p1a: Incineroar|Incineroar, L50, M|100/100
|-ability|p1a: Incineroar|Intimidate|boost
|-unboost|p2a: Ursaluna|atk|1
|-unboost|p2b: Charizard|atk|1
|move|p1b: Ursaluna|Protect|p1b: Ursaluna
|-singleturn|p1b: Ursaluna|Protect
|move|p2b: Charizard|Heat Wave|p1b: Ursaluna|[spread] p1a
|-activate|p1b: Ursaluna|move: Protect
|-resisted|p1a: Incineroar
|-damage|p1a: Incineroar|45/100
|-enditem|p1a: Incineroar|Sitrus Berry|[eat]
|-heal|p1a: Incineroar|69/100|[from] item: Sitrus Berry
|
|-weather|SunnyDay|[upkeep]
|-damage|p2b: Charizard|88/100|[from] ability: Solar Power|[of] p2b: Charizard
|-damage|p2a: Ursaluna|46/100 brn|[from] brn
|-damage|p1b: Ursaluna|83/100 brn|[from] brn
|-sideend|p2: Qicide|move: Tailwind
|upkeep
|turn|5
|
|t:|1757632345
|move|p1a: Incineroar|Fake Out|p2b: Charizard
|-damage|p2b: Charizard|71/100
|cant|p2b: Charizard|flinch
|move|p1b: Ursaluna|Facade|p2a: Ursaluna
|-damage|p2a: Ursaluna|0 fnt
|faint|p2a: Ursaluna
|
|-weather|SunnyDay|[upkeep]
|-damage|p2b: Charizard|58/100|[from] ability: Solar Power|[of] p2b: Charizard
|-damage|p1b: Ursaluna|77/100 brn|[from] brn
|upkeep
|
|t:|1757632352
|switch|p2a: Jumpluff|Jumpluff, L50, M, tera:Water|18/100
|turn|6
|
|t:|1757632361
|move|p1b: Ursaluna|Protect|p1b: Ursaluna
|-singleturn|p1b: Ursaluna|Protect
|move|p2a: Jumpluff|Sleep Powder|p1a: Incineroar
|-status|p1a: Incineroar|slp|[from] move: Sleep Powder
|move|p2b: Charizard|Heat Wave|p1a: Incineroar|[spread] p1a
|-activate|p1b: Ursaluna|move: Protect
|-resisted|p1a: Incineroar
|-damage|p1a: Incineroar|14/100 slp
|cant|p1a: Incineroar|slp
|
|-weather|none
|-damage|p1b: Ursaluna|71/100 brn|[from] brn
|upkeep
|turn|7
|
|t:|1757632371
|switch|p1b: Charizard|Charizard, L50, M|100/100
|move|p2a: Jumpluff|Sunny Day|p2a: Jumpluff
|-weather|SunnyDay
|move|p2b: Charizard|Heat Wave|p1b: Charizard|[spread] p1a,p1b
|-resisted|p1a: Incineroar
|-resisted|p1b: Charizard
|-damage|p1a: Incineroar|0 fnt
|-damage|p1b: Charizard|25/100
|faint|p1a: Incineroar
|
|-weather|SunnyDay|[upkeep]
|-damage|p2b: Charizard|46/100|[from] ability: Solar Power|[of] p2b: Charizard
|-damage|p1b: Charizard|13/100|[from] ability: Solar Power|[of] p1b: Charizard
|upkeep
|
|t:|1757632379
|switch|p1a: Jumpluff|Jumpluff, L50, M|100/100
|turn|8
|
|t:|1757632382
|move|p1a: Jumpluff|Tailwind|p1a: Jumpluff
|-sidestart|p1: Bread2468|move: Tailwind
|move|p2a: Jumpluff|Tailwind|p2a: Jumpluff
|-sidestart|p2: Qicide|move: Tailwind
|move|p1b: Charizard|Heat Wave|p2b: Charizard|[spread] p2a,p2b
|-resisted|p2a: Jumpluff
|-resisted|p2b: Charizard
|-damage|p2a: Jumpluff|0 fnt
|-damage|p2b: Charizard|0 fnt
|faint|p2a: Jumpluff
|faint|p2b: Charizard
|
|win|Bread2468
|raw|Bread2468's rating: 1286 → 1317(+31 for winning)
|raw|Qicide's rating: 1365 → 1341(-24 for losing)
|c|☆Qicide|gg
