|j|☆SheIcyMyWind
|j|☆danicruz.music
|html|SheIcyMyWinddanicruz.music    
|uhtml|bestof|Game 1 of a best-of-3
|t:|1756219368
|gametype|doubles
|player|p1|SheIcyMyWind|n|1089
|player|p2|danicruz.music|whitney|1067
|gen|9
|tier|[Gen 9] VGC 2025 Reg H (Bo3)
|rated|
|rule|Species Clause: Limit one of each Pokémon
|rule|Item Clause: Limit 1 of each item
|clearpoke
|poke|p1|Annihilape, L50, M|
|poke|p1|Ninetales-Alola, L50, M|
|poke|p1|Garchomp, L50, F|
|poke|p1|Dragonite, L50, M|
|poke|p1|Sneasler, L50, M|
|poke|p1|Incineroar, L50, F|
|poke|p2|Dondozo, L50, F|
|poke|p2|Tatsugiri, L50, F|
|poke|p2|Pelipper, L50, F|
|poke|p2|Barraskewda, L50, M|
|poke|p2|Farigiraf, L50, M|
|poke|p2|Smeargle, L50, M|
|teampreview|4
|showteam|p1|Annihilape||AssaultVest|Defiant|RageFist,DrainPunch,RockTomb,FinalGambit|||M|||50|,,,,,Fire]Ninetales-Alola||ChoiceSpecs|SnowWarning|Blizzard,Moonblast,FreezeDry,IcyWind|||M|||50|,,,,,Ghost]Garchomp||LifeOrb|RoughSkin|Earthquake,StompingTantrum,DragonClaw,Protect|||F|||50|,,,,,Steel]Dragonite||LoadedDice|Multiscale|ScaleShot,Tailwind,Protect,Haze|||M|||50|,,,,,Fairy]Sneasler||FocusSash|Unburden|CloseCombat,DireClaw,FakeOut,Coaching|||M|||50|,,,,,Ghost]Incineroar||SafetyGoggles|Intimidate|KnockOff,Taunt,FakeOut,PartingShot|||F|||50|,,,,,Fairy
|showteam|p2|Dondozo||Leftovers|Unaware|WaveCrash,Earthquake,OrderUp,Protect|||F|||50|,,,,,Ground]Tatsugiri||ChoiceSpecs|Commander|DragonPulse,DracoMeteor,MuddyWater,IcyWind|||F|||50|,,,,,Fairy]Pelipper||CovertCloak|Drizzle|Hurricane,WeatherBall,WideGuard,Tailwind|||F|||50|,,,,,Water]Barraskewda||LifeOrb|SwiftSwim|PoisonJab,Liquidation,PsychicFangs,Protect|||M|||50|,,,,,Stellar]Farigiraf||ThroatSpray|ArmorTail|HyperVoice,TrickRoom,ShadowBall,HelpingHand|||M|||50|,,,,,Normal]Smeargle||FocusSash|Moody|FakeOut,FollowMe,Spore,Decorate|||M|||50|,,,,,Normal
|inactive|Battle timer is ON: inactive players will automatically lose when time's up. (requested by danicruz.music)
|inactive|SheIcyMyWind has 60 seconds left.
|
|t:|1756219412
|teamsize|p1|4
|teamsize|p2|4
|start
|switch|p1a: Sneasler|Sneasler, L50, M, shiny|100/100
|switch|p1b: Incineroar|Incineroar, L50, F, shiny|100/100
|switch|p2a: Smeargle|Smeargle, L50, M|100/100
|switch|p2b: Barraskewda|Barraskewda, L50, M|100/100
|-ability|p1b: Incineroar|Intimidate|boost
|-unboost|p2a: Smeargle|atk|1
|-unboost|p2b: Barraskewda|atk|1
|turn|1
|
|t:|1756219435
|switch|p2b: Dondozo|Dondozo, L50, F|100/100
|-terastallize|p1b: Incineroar|Fairy
|move|p2a: Smeargle|Fake Out|p1b: Incineroar
|-damage|p1b: Incineroar|97/100
|move|p1a: Sneasler|Dire Claw|p2b: Dondozo
|-damage|p2b: Dondozo|73/100
|cant|p1b: Incineroar|flinch
|
|-heal|p2b: Dondozo|79/100|[from] item: Leftovers
|-ability|p2a: Smeargle|Moody|boost
|-boost|p2a: Smeargle|atk|2
|-unboost|p2a: Smeargle|spa|1
|upkeep
|turn|2
|inactive|danicruz.music has 30 seconds left.
|inactive|SheIcyMyWind has 30 seconds left.
|
|t:|1756219469
|switch|p2a: Tatsugiri|Tatsugiri, L50, F|100/100
|-activate|p2a: Tatsugiri|ability: Commander|[of] p2b: Dondozo
|-boost|p2b: Dondozo|atk|2
|-boost|p2b: Dondozo|spa|2
|-boost|p2b: Dondozo|spe|2
|-boost|p2b: Dondozo|def|2
|-boost|p2b: Dondozo|spd|2
|-terastallize|p2b: Dondozo|Ground
|move|p1a: Sneasler|Dire Claw|p2b: Dondozo
|-resisted|p2b: Dondozo
|-damage|p2b: Dondozo|72/100
|move|p1b: Incineroar|Taunt|p2a: Tatsugiri|[miss]
|-miss|p1b: Incineroar|p2a: Tatsugiri
|move|p2b: Dondozo|Earthquake|p1a: Sneasler|[spread] p1a,p1b
|-miss|p2b: Dondozo|p2a: Tatsugiri
|-supereffective|p1a: Sneasler
|-enditem|p1a: Sneasler|Focus Sash
|-damage|p1a: Sneasler|1/100
|-damage|p1b: Incineroar|32/100
|
|-heal|p2b: Dondozo|79/100|[from] item: Leftovers
|upkeep
|turn|3
|
|t:|1756219488
|switch|p1a: Dragonite|Dragonite, L50, M, shiny|100/100
|move|p1b: Incineroar|Taunt|p2b: Dondozo
|-start|p2b: Dondozo|move: Taunt
|move|p2b: Dondozo|Earthquake|p1a: Dragonite|[spread] p1b
|-miss|p2b: Dondozo|p2a: Tatsugiri
|-immune|p1a: Dragonite
|-damage|p1b: Incineroar|0 fnt
|faint|p1b: Incineroar
|
|-heal|p2b: Dondozo|85/100|[from] item: Leftovers
|upkeep
|
|t:|1756219494
|switch|p1b: Ninetales|Ninetales-Alola, L50, M, shiny|100/100
|-weather|Snowscape|[from] ability: Snow Warning|[of] p1b: Ninetales
|turn|4
|
|t:|1756219502
|move|p1b: Ninetales|Blizzard|p2b: Dondozo|[spread] p2b
|-miss|p1b: Ninetales|p2a: Tatsugiri
|-supereffective|p2b: Dondozo
|-damage|p2b: Dondozo|38/100
|move|p1a: Dragonite|Haze|p1a: Dragonite
|-clearallboost
|move|p2b: Dondozo|Wave Crash|p1a: Dragonite
|-resisted|p1a: Dragonite
|-damage|p1a: Dragonite|84/100
|-damage|p2b: Dondozo|35/100|[from] Recoil
|
|-weather|Snowscape|[upkeep]
|-heal|p2b: Dondozo|41/100|[from] item: Leftovers
|upkeep
|turn|5
|
|t:|1756219517
|move|p1b: Ninetales|Blizzard|p2a: Tatsugiri|[spread] p2b
|-miss|p1b: Ninetales|p2a: Tatsugiri
|-supereffective|p2b: Dondozo
|-damage|p2b: Dondozo|0 fnt
|faint|p2b: Dondozo
|move|p1a: Dragonite|Scale Shot|p2a: Tatsugiri
|-supereffective|p2a: Tatsugiri
|-damage|p2a: Tatsugiri|33/100
|-supereffective|p2a: Tatsugiri
|-damage|p2a: Tatsugiri|0 fnt
|faint|p2a: Tatsugiri
|-hitcount|p2: Tatsugiri|2
|-unboost|p1a: Dragonite|def|1
|-boost|p1a: Dragonite|spe|1
|
|-weather|Snowscape|[upkeep]
|upkeep
|
|t:|1756219523
|switch|p2a: Smeargle|Smeargle, L50, M|100/100
|switch|p2b: Barraskewda|Barraskewda, L50, M|100/100
|turn|6
|
|t:|1756219540
|switch|p1b: Sneasler|Sneasler, L50, M, shiny|1/100
|move|p1a: Dragonite|Protect|p1a: Dragonite
|-singleturn|p1a: Dragonite|Protect
|move|p2a: Smeargle|Fake Out|p1b: Sneasler
|-damage|p1b: Sneasler|0 fnt
|faint|p1b: Sneasler
|move|p2b: Barraskewda|Liquidation|p1a: Dragonite
|-activate|p1a: Dragonite|move: Protect
|
|-weather|Snowscape|[upkeep]
|-ability|p2a: Smeargle|Moody|boost
|-boost|p2a: Smeargle|atk|2
|-unboost|p2a: Smeargle|spa|1
|upkeep
|
|t:|1756219547
|switch|p1b: Ninetales|Ninetales-Alola, L50, M, shiny|100/100
|turn|7
|
|t:|1756219559
|move|p2b: Barraskewda|Protect|p2b: Barraskewda
|-singleturn|p2b: Barraskewda|Protect
|move|p1a: Dragonite|Scale Shot|p2b: Barraskewda
|-activate|p2b: Barraskewda|move: Protect
|move|p1b: Ninetales|Blizzard|p2b: Barraskewda|[spread] p2a
|-activate|p2b: Barraskewda|move: Protect
|-damage|p2a: Smeargle|5/100
|move|p2a: Smeargle|Spore|p1a: Dragonite
|-status|p1a: Dragonite|slp|[from] move: Spore
|
|-weather|Snowscape|[upkeep]
|-ability|p2a: Smeargle|Moody|boost
|-boost|p2a: Smeargle|spd|2
|-unboost|p2a: Smeargle|atk|1
|upkeep
|turn|8
|
|t:|1756219575
|cant|p1a: Dragonite|slp
|move|p2b: Barraskewda|Liquidation|p1b: Ninetales
|-damage|p1b: Ninetales|45/100
|-damage|p2b: Barraskewda|91/100|[from] item: Life Orb
|move|p1b: Ninetales|Blizzard|p2a: Smeargle|[spread] p2a,p2b
|-resisted|p2b: Barraskewda
|-crit|p2b: Barraskewda
|-damage|p2a: Smeargle|0 fnt
|-damage|p2b: Barraskewda|17/100
|faint|p2a: Smeargle
|
|-weather|none
|upkeep
|turn|9
|
|t:|1756219584
|cant|p1a: Dragonite|slp
|move|p2b: Barraskewda|Liquidation|p1b: Ninetales
|-damage|p1b: Ninetales|0 fnt
|faint|p1b: Ninetales
|-damage|p2b: Barraskewda|8/100|[from] item: Life Orb
|
|upkeep
|turn|10
|
|t:|1756219589
|-curestatus|p1a: Dragonite|slp|[msg]
|move|p1a: Dragonite|Scale Shot|p2b: Barraskewda
|-damage|p2b: Barraskewda|0 fnt
|faint|p2b: Barraskewda
|-hitcount|p2: Barraskewda|1
|
|win|SheIcyMyWind
|l|☆danicruz.music
|player|p2|
||SheIcyMyWind is ready for game 2.
||danicruz.music is ready for game 2.
|uhtml|next|Next: Game 2 of 3
