|j|☆dasllamaman
|j|☆adc in 2017
|html|dasllamamanadc in 2017    
|uhtml|bestof|Game 3 of a best-of-3
|t:|1756168701
|gametype|doubles
|player|p1|dasllamaman|266|
|player|p2|adc in 2017|2|
|gen|9
|tier|[Gen 9] VGC 2025 Reg H (Bo3)
|rule|Species Clause: Limit one of each Pokémon
|rule|Item Clause: Limit 1 of each item
|clearpoke
|poke|p1|Sneasler, L50, F|
|poke|p1|Ursaluna-Bloodmoon, L50, M|
|poke|p1|Slaking, L50, M|
|poke|p1|Weezing-Galar, L50, F|
|poke|p1|Volcarona, L50, F|
|poke|p1|Toedscruel, L50, F|
|poke|p2|Pelipper, L50, F|
|poke|p2|Tatsugiri, L50, F|
|poke|p2|Dondozo, L50, F|
|poke|p2|Archaludon, L50, F|
|poke|p2|Basculegion, L50, M|
|poke|p2|Whimsicott, L50, F|
|teampreview|4
|showteam|p1|Sneasler||FocusSash|Unburden|CloseCombat,DireClaw,ThroatChop,FakeOut|||F|||50|,,,,,Stellar]Ursaluna-Bloodmoon||LifeOrb|MindsEye|BloodMoon,EarthPower,HyperVoice,Protect|||M|||50|,,,,,Normal]Slaking||AssaultVest|Truant|ThunderPunch,DrainPunch,KnockOff,TeraBlast|||M|||50|,,,,,Ghost]Weezing-Galar||BlackSludge|NeutralizingGas|AcidSpray,StrangeSteam,Thunder,Protect|||F|||50|,,,,,Steel]Volcarona||SitrusBerry|FlameBody|FieryDance,GigaDrain,Protect,QuiverDance|||F|||50|,,,,,Grass]Toedscruel||ExpertBelt|MyceliumMight|LeafStorm,EarthPower,Spore,RagePowder|||F|||50|,,,,,Grass
|showteam|p2|Pelipper||AbilityShield|Drizzle|Hurricane,HelpingHand,Protect,WeatherBall|||F|||50|,,,,,Steel]Tatsugiri||EjectPack|Commander|DracoMeteor,MuddyWater,HelpingHand,Protect|||F|||50|,,,,,Stellar]Dondozo||Leftovers|Unaware|OrderUp,WaveCrash,Protect,Substitute|||F|||50|,,,,,Dragon]Archaludon||PowerHerb|Stamina|DracoMeteor,FlashCannon,ElectroShot,Protect|||F|||50|,,,,,Flying]Basculegion||LifeOrb|SwiftSwim|LastRespects,WaveCrash,AquaJet,Protect|||M|||50|,,,,,Water]Whimsicott||CovertCloak|Prankster|Moonblast,Taunt,Encore,LightScreen|||F|||50|,,,,,Dark
|j| joemama1313
|j| AWailOfATail
|c| AWailOfATail|GAME THREE
|c| AWailOfATail|MATCH OF THE WEEK
|j| KurosakiTaichou
|
|t:|1756168761
|teamsize|p1|4
|teamsize|p2|4
|start
|switch|p1a: Weezing|Weezing-Galar, L50, F|100/100
|switch|p1b: Toedscruel|Toedscruel, L50, F|100/100
|switch|p2a: Pelipper|Pelipper, L50, F|100/100
|switch|p2b: Archaludon|Archaludon, L50, F|100/100
|-ability|p1a: Weezing|Neutralizing Gas
|-block|p2a: Pelipper|item: Ability Shield
|-weather|RainDance|[from] ability: Drizzle|[of] p2a: Pelipper
|turn|1
|
|t:|1756168796
|move|p2b: Archaludon|Protect|p2b: Archaludon
|-singleturn|p2b: Archaludon|Protect
|move|p1b: Toedscruel|Spore|p2b: Archaludon
|-activate|p2b: Archaludon|move: Protect
|move|p2a: Pelipper|Hurricane|p1b: Toedscruel
|-supereffective|p1b: Toedscruel
|-damage|p1b: Toedscruel|37/100
|move|p1a: Weezing|Thunder|p2a: Pelipper
|-supereffective|p2a: Pelipper
|-damage|p2a: Pelipper|0 fnt
|faint|p2a: Pelipper
|
|-weather|RainDance|[upkeep]
|upkeep
|c| AWailOfATail|deja vu
|
|t:|1756168815
|switch|p2a: Tatsugiri|Tatsugiri, L50, F|100/100
|turn|2
|c|☆adc in 2017|build diversity!
|j| Aeraster
|
|t:|1756168847
|move|p1b: Toedscruel|Spore|p2b: Archaludon
|-status|p2b: Archaludon|slp|[from] move: Spore
|move|p2a: Tatsugiri|Muddy Water|p1b: Toedscruel|[spread] p1a,p1b
|-damage|p1a: Weezing|46/100
|-damage|p1b: Toedscruel|0 fnt
|-unboost|p1a: Weezing|accuracy|1
|faint|p1b: Toedscruel
|cant|p2b: Archaludon|slp
|move|p1a: Weezing|Strange Steam|p2a: Tatsugiri|[miss]
|-miss|p1a: Weezing|p2a: Tatsugiri
|
|-weather|RainDance|[upkeep]
|-heal|p1a: Weezing|52/100|[from] item: Black Sludge
|upkeep
|
|t:|1756168879
|switch|p1b: Volcarona|Volcarona, L50, F|100/100
|turn|3
|
|t:|1756169021
|-terastallize|p1b: Volcarona|Grass
|move|p2a: Tatsugiri|Protect|p2a: Tatsugiri
|-singleturn|p2a: Tatsugiri|Protect
|move|p1a: Weezing|Protect|p1a: Weezing
|-singleturn|p1a: Weezing|Protect
|move|p1b: Volcarona|Quiver Dance|p1b: Volcarona
|-boost|p1b: Volcarona|spa|1
|-boost|p1b: Volcarona|spd|1
|-boost|p1b: Volcarona|spe|1
|cant|p2b: Archaludon|slp
|
|-weather|RainDance|[upkeep]
|-heal|p1a: Weezing|58/100|[from] item: Black Sludge
|upkeep
|turn|4
|
|t:|1756169156
|move|p2a: Tatsugiri|Protect|p2a: Tatsugiri
|-singleturn|p2a: Tatsugiri|Protect
|move|p1b: Volcarona|Giga Drain|p2a: Tatsugiri
|-activate|p2a: Tatsugiri|move: Protect
|cant|p2b: Archaludon|slp
|move|p1a: Weezing|Thunder|p2a: Tatsugiri
|-activate|p2a: Tatsugiri|move: Protect
|
|-weather|RainDance|[upkeep]
|-heal|p1a: Weezing|64/100|[from] item: Black Sludge
|upkeep
|turn|5
|
|t:|1756169304
|-terastallize|p2a: Tatsugiri|Stellar
|move|p1a: Weezing|Protect|p1a: Weezing
|-singleturn|p1a: Weezing|Protect
|move|p1b: Volcarona|Giga Drain|p2a: Tatsugiri
|-damage|p2a: Tatsugiri|27/100
|move|p2a: Tatsugiri|Draco Meteor|p1b: Volcarona
|-damage|p1b: Volcarona|39/100
|-unboost|p2a: Tatsugiri|spa|2
|-enditem|p1b: Volcarona|Sitrus Berry|[eat]
|-heal|p1b: Volcarona|64/100|[from] item: Sitrus Berry
|-enditem|p2a: Tatsugiri|Eject Pack
|
|t:|1756169318
|switch|p2a: Dondozo|Dondozo, L50, F|100/100
|-curestatus|p2b: Archaludon|slp|[msg]
|move|p2b: Archaludon|Electro Shot||[still]
|-prepare|p2b: Archaludon|Electro Shot
|-boost|p2b: Archaludon|spa|1
|-anim|p2b: Archaludon|Electro Shot|p1b: Volcarona
|-resisted|p1b: Volcarona
|-damage|p1b: Volcarona|47/100
|
|-weather|none
|-heal|p1a: Weezing|70/100|[from] item: Black Sludge
|upkeep
|turn|6
|
|t:|1756169574
|-end|p1a: Weezing|ability: Neutralizing Gas
|switch|p1a: Sneasler|Sneasler, L50, F|100/100
|move|p2a: Dondozo|Protect|p2a: Dondozo
|-singleturn|p2a: Dondozo|Protect
|move|p1b: Volcarona|Fiery Dance|p2b: Archaludon
|-damage|p2b: Archaludon|40/100
|-ability|p2b: Archaludon|Stamina|boost
|-boost|p2b: Archaludon|def|1
|move|p2b: Archaludon|Flash Cannon|p1a: Sneasler
|-damage|p1a: Sneasler|25/100
|
|upkeep
|turn|7
|
|t:|1756169734
|switch|p1a: Weezing|Weezing-Galar, L50, F|70/100
|-ability|p1a: Weezing|Neutralizing Gas
|switch|p2b: Tatsugiri|Tatsugiri, L50, F, tera:Stellar|27/100
|move|p2a: Dondozo|Protect||[still]
|-fail|p2a: Dondozo
|move|p1b: Volcarona|Fiery Dance|p2b: Tatsugiri
|-resisted|p2b: Tatsugiri
|-damage|p2b: Tatsugiri|5/100
|
|-heal|p1a: Weezing|75/100|[from] item: Black Sludge
|upkeep
|turn|8
|
|t:|1756169972
|switch|p2a: Archaludon|Archaludon, L50, F|40/100
|move|p1a: Weezing|Protect|p1a: Weezing
|-singleturn|p1a: Weezing|Protect
|move|p1b: Volcarona|Giga Drain|p2a: Archaludon
|-resisted|p2a: Archaludon
|-damage|p2a: Archaludon|25/100
|-heal|p1b: Volcarona|55/100|[from] drain|[of] p2a: Archaludon
|move|p2b: Tatsugiri|Draco Meteor|p1b: Volcarona
|-damage|p1b: Volcarona|16/100
|-unboost|p2b: Tatsugiri|spa|2
|
|-heal|p1a: Weezing|81/100|[from] item: Black Sludge
|upkeep
|turn|9
|inactive|Battle timer is ON: inactive players will automatically lose when time's up. (requested by dasllamaman)
|
|t:|1756170115
|move|p1b: Volcarona|Fiery Dance|p2a: Archaludon
|-damage|p2a: Archaludon|0 fnt
|faint|p2a: Archaludon
|move|p2b: Tatsugiri|Draco Meteor|p1b: Volcarona
|-damage|p1b: Volcarona|0 fnt
|-unboost|p2b: Tatsugiri|spa|2
|faint|p1b: Volcarona
|move|p1a: Weezing|Acid Spray|p2b: Tatsugiri
|-damage|p2b: Tatsugiri|0 fnt
|faint|p2b: Tatsugiri
|
|-heal|p1a: Weezing|87/100|[from] item: Black Sludge
|upkeep
|inactive|adc in 2017 has 30 seconds left.
|
|t:|1756170141
|switch|p1b: Sneasler|Sneasler, L50, F|25/100
|switch|p2a: Dondozo|Dondozo, L50, F|100/100
|turn|10
|
|t:|1756170165
|move|p2a: Dondozo|Protect|p2a: Dondozo
|-singleturn|p2a: Dondozo|Protect
|move|p1b: Sneasler|Fake Out|p2a: Dondozo
|-activate|p2a: Dondozo|move: Protect
|move|p1a: Weezing|Acid Spray|p2a: Dondozo
|-activate|p2a: Dondozo|move: Protect
|
|-heal|p1a: Weezing|93/100|[from] item: Black Sludge
|upkeep
|turn|11
|inactive|dasllamaman has 30 seconds left.
|
|t:|1756170199
|move|p1b: Sneasler|Dire Claw|p2a: Dondozo
|-damage|p2a: Dondozo|78/100
|move|p1a: Weezing|Acid Spray|p2a: Dondozo
|-damage|p2a: Dondozo|68/100
|-unboost|p2a: Dondozo|spd|2
|move|p2a: Dondozo|Order Up|p1b: Sneasler
|-damage|p1b: Sneasler|0 fnt
|faint|p1b: Sneasler
|
|-heal|p1a: Weezing|99/100|[from] item: Black Sludge
|-heal|p2a: Dondozo|74/100|[from] item: Leftovers
|upkeep
|turn|12
|inactive|adc in 2017 has 30 seconds left.
|inactive|dasllamaman has 30 seconds left.
|inactive|adc in 2017 has 20 seconds left.
|inactive|adc in 2017 has 15 seconds left.
|
|t:|1756170243
|move|p2a: Dondozo|Protect|p2a: Dondozo
|-singleturn|p2a: Dondozo|Protect
|move|p1a: Weezing|Strange Steam|p2a: Dondozo
|-activate|p2a: Dondozo|move: Protect
|
|-heal|p1a: Weezing|100/100|[from] item: Black Sludge
|-heal|p2a: Dondozo|80/100|[from] item: Leftovers
|upkeep
|turn|13
|inactive|dasllamaman has 30 seconds left.
|inactive|adc in 2017 has 30 seconds left.
|inactive|dasllamaman has 20 seconds left.
|inactive|dasllamaman has 15 seconds left.
|inactive|dasllamaman has 10 seconds left.
|
|t:|1756170292
|move|p1a: Weezing|Acid Spray|p2a: Dondozo
|-damage|p2a: Dondozo|59/100
|-unboost|p2a: Dondozo|spd|2
|move|p2a: Dondozo|Wave Crash|p1a: Weezing
|-damage|p1a: Weezing|63/100
|-damage|p2a: Dondozo|51/100|[from] Recoil
|
|-heal|p1a: Weezing|69/100|[from] item: Black Sludge
|-heal|p2a: Dondozo|57/100|[from] item: Leftovers
|upkeep
|turn|14
|inactive|adc in 2017 has 30 seconds left.
|
|t:|1756170323
|move|p2a: Dondozo|Protect|p2a: Dondozo
|-singleturn|p2a: Dondozo|Protect
|move|p1a: Weezing|Strange Steam|p2a: Dondozo
|-activate|p2a: Dondozo|move: Protect
|
|-heal|p1a: Weezing|75/100|[from] item: Black Sludge
|-heal|p2a: Dondozo|63/100|[from] item: Leftovers
|upkeep
|turn|15
|
|t:|1756170334
|move|p1a: Weezing|Strange Steam|p2a: Dondozo
|-damage|p2a: Dondozo|0 fnt
|faint|p2a: Dondozo
|
|win|dasllamaman
|c| AWailOfATail|banger
|c| AWailOfATail|gg
|c|☆adc in 2017|gg
