|j|☆dhrx
|j|☆jcoisa
|html|dhrxjcoisa    
|uhtml|bestof|Game 1 of a best-of-3
|t:|1783990035
|gametype|doubles
|player|p1|dhrx|lucian|
|player|p2|jcoisa|1|
|gen|9
|tier|[Gen 9 Champions] VGC 2026 Reg M-B (Bo3)
|rule|Species Clause: Limit one of each Pokémon
|rule|Item Clause: Limit 1 of each item
|clearpoke
|poke|p1|Mawile, L50, M|
|poke|p1|Farigiraf, L50, F|
|poke|p1|Torkoal, L50, M|
|poke|p1|Vivillon, L50, F|
|poke|p1|Incineroar, L50, F|
|poke|p1|Gallade, L50, M|
|poke|p2|Chimecho, L50, F|
|poke|p2|Palafin, L50, M|
|poke|p2|Krookodile, L50, F|
|poke|p2|Pelipper, L50, M|
|poke|p2|Heliolisk, L50, F|
|poke|p2|Machamp, L50, F|
|teampreview|4
|showteam|p1|Mawile||Mawilite|HyperCutter|PlayRough,RockSlide,SuckerPunch,Protect|Brave||M|||50|]Farigiraf||SitrusBerry|ArmorTail|Psychic,Thunderbolt,TrickRoom,Protect|Quiet||F|||50|]Torkoal||Charcoal|Drought|Eruption,WeatherBall,HelpingHand,Protect|Quiet||M|||50|]Vivillon||FocusSash|CompoundEyes|Hurricane,SleepPowder,RagePowder,Protect|Timid||F|||50|]Incineroar||LifeOrb|Intimidate|FlareBlitz,DarkestLariat,CloseCombat,FakeOut|Brave||F|||50|]Gallade||IronBall|Sharpness|SacredSword,PsychoCut,LeafBlade,TrickRoom|Brave||M|||50|
|showteam|p2|Chimecho||Chimechite|Levitate|Psyshock,FlashCannon,TrickRoom,Protect|Modest||F|||50|]Palafin||MysticWater|ZerotoHero|WaveCrash,JetPunch,BulkUp,Protect|Adamant||M|||50|]Krookodile||ChoiceScarf|Intimidate|KnockOff,Earthquake,RockSlide,HighHorsepower|Adamant||F|||50|]Pelipper||SharpBeak|Drizzle|Hurricane,WeatherBall,HelpingHand,Protect|Modest||M|||50|]Heliolisk||FocusSash|DrySkin|Thunder,Glare,VoltSwitch,Protect|Timid||F|||50|]Machamp||SitrusBerry|NoGuard|DynamicPunch,StoneEdge,KnockOff,WideGuard|Adamant||F|||50|
|
|t:|1783990072
|teamsize|p1|4
|teamsize|p2|4
|start
|switch|p1a: Incineroar|Incineroar, L50, F|100/100
|switch|p1b: Farigiraf|Farigiraf, L50, F|100/100
|switch|p2a: Chimecho|Chimecho, L50, F|100/100
|switch|p2b: Krookodile|Krookodile, L50, F|100/100
|-ability|p2b: Krookodile|Intimidate|boost
|-unboost|p1a: Incineroar|atk|1
|-unboost|p1b: Farigiraf|atk|1
|-ability|p1a: Incineroar|Intimidate|boost
|-unboost|p2a: Chimecho|atk|1
|-unboost|p2b: Krookodile|atk|1
|turn|1
|
|t:|1783990106
|detailschange|p2a: Chimecho|Chimecho-Mega, L50, F
|-mega|p2a: Chimecho|Chimecho|Chimechite
|move|p1b: Farigiraf|Protect|p1b: Farigiraf
|-singleturn|p1b: Farigiraf|Protect
|move|p2b: Krookodile|Knock Off|p1b: Farigiraf
|-activate|p1b: Farigiraf|move: Protect
|move|p1a: Incineroar|Flare Blitz|p2a: Chimecho
|-supereffective|p2a: Chimecho|1
|-damage|p2a: Chimecho|13/100
|-damage|p1a: Incineroar|74/100|[from] Recoil
|-damage|p1a: Incineroar|64/100|[from] item: Life Orb
|move|p2a: Chimecho|Trick Room|p2a: Chimecho
|-fieldstart|move: Trick Room|[of] p2a: Chimecho
|
|upkeep
|turn|2
|
|t:|1783990143
|move|p2a: Chimecho|Protect|p2a: Chimecho
|-singleturn|p2a: Chimecho|Protect
|move|p1b: Farigiraf|Thunderbolt|p2a: Chimecho
|-activate|p2a: Chimecho|move: Protect
|move|p1a: Incineroar|Close Combat|p2b: Krookodile
|-supereffective|p2b: Krookodile|1
|-damage|p2b: Krookodile|4/100
|-unboost|p1a: Incineroar|def|1
|-unboost|p1a: Incineroar|spd|1
|-damage|p1a: Incineroar|54/100|[from] item: Life Orb
|move|p2b: Krookodile|Knock Off|p1b: Farigiraf
|-supereffective|p1b: Farigiraf|1
|-damage|p1b: Farigiraf|42/100
|-enditem|p1b: Farigiraf|Sitrus Berry|[from] move: Knock Off|[of] p2b: Krookodile
|
|upkeep
|turn|3
|
|t:|1783990171
|switch|p2a: Machamp|Machamp, L50, F|100/100
|switch|p2b: Pelipper|Pelipper, L50, M|100/100
|-weather|RainDance|[from] ability: Drizzle|[of] p2b: Pelipper
|move|p1b: Farigiraf|Thunderbolt|p2a: Machamp
|-damage|p2a: Machamp|72/100
|move|p1a: Incineroar|Darkest Lariat|p2b: Pelipper
|-damage|p2b: Pelipper|55/100
|-damage|p1a: Incineroar|45/100|[from] item: Life Orb
|
|-weather|RainDance|[upkeep]
|upkeep
|turn|4
|
|t:|1783990209
|move|p1b: Farigiraf|Thunderbolt|p2b: Pelipper
|-supereffective|p2b: Pelipper|2
|-damage|p2b: Pelipper|0 fnt
|faint|p2b: Pelipper
|move|p1a: Incineroar|Darkest Lariat|p2a: Machamp
|-resisted|p2a: Machamp|1
|-damage|p2a: Machamp|53/100
|-damage|p1a: Incineroar|35/100|[from] item: Life Orb
|move|p2a: Machamp|Knock Off|p1b: Farigiraf
|-supereffective|p1b: Farigiraf|1
|-damage|p1b: Farigiraf|0 fnt
|faint|p1b: Farigiraf
|
|-weather|RainDance|[upkeep]
|upkeep
|
|t:|1783990230
|switch|p1b: Gallade|Gallade, L50, M|100/100
|switch|p2b: Krookodile|Krookodile, L50, F|4/100
|-ability|p2b: Krookodile|Intimidate|boost
|-unboost|p1a: Incineroar|atk|1
|-unboost|p1b: Gallade|atk|1
|turn|5
|
|t:|1783990255
|switch|p2b: Chimecho|Chimecho-Mega, L50, F|13/100
|move|p1b: Gallade|Psycho Cut|p2a: Machamp
|-supereffective|p2a: Machamp|1
|-damage|p2a: Machamp|0 fnt
|faint|p2a: Machamp
|move|p1a: Incineroar|Close Combat|p2b: Chimecho
|-damage|p2b: Chimecho|0 fnt
|-unboost|p1a: Incineroar|def|1
|-unboost|p1a: Incineroar|spd|1
|faint|p2b: Chimecho
|-damage|p1a: Incineroar|25/100|[from] item: Life Orb
|
|-weather|RainDance|[upkeep]
|-fieldend|move: Trick Room
|upkeep
|
|t:|1783990271
|switch|p2a: Krookodile|Krookodile, L50, F|4/100
|-ability|p2a: Krookodile|Intimidate|boost
|-unboost|p1a: Incineroar|atk|1
|-unboost|p1b: Gallade|atk|1
|turn|6
|
|t:|1783990279
|move|p2a: Krookodile|Earthquake|p1b: Gallade|[spread] p1a,p1b
|-supereffective|p1a: Incineroar|1
|-damage|p1a: Incineroar|0 fnt
|-damage|p1b: Gallade|48/100
|faint|p1a: Incineroar
|move|p1b: Gallade|Sacred Sword|p2a: Krookodile
|-supereffective|p2a: Krookodile|1
|-damage|p2a: Krookodile|0 fnt
|faint|p2a: Krookodile
|
|win|dhrx
