|j|☆EddyG_7889
|j|☆Mero_deando
|html|EddyG_7889Mero_deando    
|uhtml|bestof|Game 2 of a best-of-3
|t:|1783907990
|gametype|doubles
|player|p1|EddyG_7889|artist-gen4|
|player|p2|Mero_deando|lady-gen4|
|gen|9
|tier|[Gen 9 Champions] VGC 2026 Reg M-B (Bo3)
|rule|Species Clause: Limit one of each Pokémon
|rule|Item Clause: Limit 1 of each item
|clearpoke
|poke|p1|Starmie, L50|
|poke|p1|Kingambit, L50, M|
|poke|p1|Sinistcha, L50|
|poke|p1|Archaludon, L50, F|
|poke|p1|Pelipper, L50, F|
|poke|p1|Basculegion, L50, M|
|poke|p2|Delphox, L50, M|
|poke|p2|Whimsicott, L50, F|
|poke|p2|Alcremie, L50, F|
|poke|p2|Ceruledge, L50, M|
|poke|p2|Pangoro, L50, F|
|poke|p2|Mimikyu, L50, F|
|teampreview|4
|showteam|p1|Starmie||Starminite|NaturalCure|Liquidation,ZenHeadbutt,AquaJet,Protect|Jolly|||||50|]Kingambit||OccaBerry|Defiant|KowtowCleave,SuckerPunch,Protect,IronHead|Adamant||M|||50|]Sinistcha||KasibBerry|Hospitality|MatchaGotcha,RagePowder,Protect,TrickRoom|Relaxed|||||50|]Archaludon||Leftovers|Stamina|ElectroShot,FlashCannon,DracoMeteor,Protect|Timid||F|||50|]Pelipper||FocusSash|Drizzle|Hurricane,WeatherBall,WideGuard,Tailwind|Modest||F|||50|]Basculegion||ChoiceScarf|SwiftSwim|Liquidation,LastRespects,FlipTurn,WaveCrash|Adamant||M|||50|
|showteam|p2|Delphox||Delphoxite|Blaze|HeatWave,Psychic,Encore,Protect|Timid||M|||50|]Whimsicott||FocusSash|Prankster|Moonblast,Tailwind,Protect,SunnyDay|Timid||F|||50|]Alcremie||SitrusBerry|SweetVeil|Decorate,DazzlingGleam,HelpingHand,Protect|Calm||F|||50|]Ceruledge||ColburBerry|FlashFire|BitterBlade,ShadowSneak,BulkUp,Protect|Adamant||M|||50|]Pangoro||ExpertBelt|Scrappy|StormThrow,KnockOff,ThunderPunch,PartingShot|Adamant||F|||50|]Mimikyu||LifeOrb|Disguise|TrickRoom,PlayRough,ShadowSneak,Taunt|Adamant||F|||50|
|
|t:|1783908082
|teamsize|p1|4
|teamsize|p2|4
|start
|switch|p1a: Pelipper|Pelipper, L50, F|100/100
|switch|p1b: Basculegion|Basculegion, L50, M|100/100
|switch|p2a: Palomita|Whimsicott, L50, F|100/100
|switch|p2b: Made n China|Pangoro, L50, F|100/100
|-weather|RainDance|[from] ability: Drizzle|[of] p1a: Pelipper
|turn|1
|
|t:|1783908142
|move|p2a: Palomita|Tailwind|p2a: Palomita
|-sidestart|p2: Mero_deando|move: Tailwind
|move|p1b: Basculegion|Flip Turn|p2a: Palomita
|-resisted|p2a: Palomita|1
|-damage|p2a: Palomita|65/100
|
|t:|1783908147
|switch|p1b: Kingambit|Kingambit, L50, M|100/100|[from] Flip Turn
|move|p2b: Made n China|Thunder Punch|p1a: Pelipper
|-supereffective|p1a: Pelipper|2
|-enditem|p1a: Pelipper|Focus Sash
|-damage|p1a: Pelipper|1/100
|move|p1a: Pelipper|Tailwind|p1a: Pelipper
|-sidestart|p1: EddyG_7889|move: Tailwind
|
|-weather|RainDance|[upkeep]
|upkeep
|turn|2
|
|t:|1783908192
|switch|p1b: Basculegion|Basculegion, L50, M|100/100
|move|p2a: Palomita|Moonblast|p1a: Pelipper
|-damage|p1a: Pelipper|0 fnt
|faint|p1a: Pelipper
|move|p2b: Made n China|Storm Throw|p1b: Basculegion
|-crit|p1b: Basculegion
|-damage|p1b: Basculegion|31/100
|
|-weather|RainDance|[upkeep]
|upkeep
|
|t:|1783908212
|switch|p1a: Kingambit|Kingambit, L50, M|100/100
|turn|3
|
|t:|1783908250
|move|p1a: Kingambit|Protect|p1a: Kingambit
|-singleturn|p1a: Kingambit|Protect
|move|p2a: Palomita|Sunny Day|p2a: Palomita
|-weather|SunnyDay
|move|p1b: Basculegion|Wave Crash|p2b: Made n China
|-damage|p2b: Made n China|67/100
|-damage|p1b: Basculegion|20/100y|[from] Recoil
|move|p2b: Made n China|Thunder Punch|p1b: Basculegion
|-supereffective|p1b: Basculegion|1
|-damage|p1b: Basculegion|0 fnt
|faint|p1b: Basculegion
|
|-weather|SunnyDay|[upkeep]
|upkeep
|
|t:|1783908284
|switch|p1b: Starmie|Starmie, L50|100/100
|turn|4
|
|t:|1783908331
|switch|p2a: Kyubei|Mimikyu, L50, F|100/100
|detailschange|p1b: Starmie|Starmie-Mega, L50
|-mega|p1b: Starmie|Starmie|Starminite
|move|p1b: Starmie|Zen Headbutt|p2a: Kyubei
|-activate|p2a: Kyubei|ability: Disguise
|-damage|p2a: Kyubei|100/100
|detailschange|p2a: Kyubei|Mimikyu-Busted, L50, F
|-damage|p2a: Kyubei|87/100|[from] pokemon: Mimikyu-Busted
|move|p2b: Made n China|Knock Off|p1b: Starmie
|-supereffective|p1b: Starmie|1
|-damage|p1b: Starmie|0 fnt
|faint|p1b: Starmie
|move|p1a: Kingambit|Iron Head|p2a: Kyubei
|-supereffective|p2a: Kyubei|1
|-damage|p2a: Kyubei|0 fnt
|faint|p2a: Kyubei
|
|-weather|SunnyDay|[upkeep]
|-sideend|p1: EddyG_7889|move: Tailwind
|-sideend|p2: Mero_deando|move: Tailwind
|upkeep
|
|t:|1783908349
|switch|p2a: Madoka|Delphox, L50, M|100/100
|turn|5
|
|t:|1783908380
|detailschange|p2a: Madoka|Delphox-Mega, L50, M
|-mega|p2a: Madoka|Delphox|Delphoxite
|move|p2a: Madoka|Heat Wave|p1a: Kingambit
|-supereffective|p1a: Kingambit|1
|-enditem|p1a: Kingambit|Occa Berry|[eat]
|-enditem|p1a: Kingambit|Occa Berry|[weaken]
|-damage|p1a: Kingambit|16/100
|move|p2b: Made n China|Storm Throw|p1a: Kingambit
|-supereffective|p1a: Kingambit|2
|-crit|p1a: Kingambit
|-damage|p1a: Kingambit|0 fnt
|faint|p1a: Kingambit
|
|win|Mero_deando
||EddyG_7889 is ready for game 3.
|inactive|Mero_deando has 30 seconds to confirm battle start!
|inactive|Mero_deando has 20 seconds to confirm battle start!
||Mero_deando is ready for game 3.
|uhtml|next|Next: Game 3 of 3
