|j|☆chalizhou
|j|☆incartamene2etti
|html|chalizhouincartamene2etti    
|uhtml|bestof|Game 2 of a best-of-3
|t:|1757085181
|gametype|doubles
|player|p1|chalizhou|rosa|1176
|player|p2|incartamene2etti|plasmagrunt|1266
|gen|9
|tier|[Gen 9] VGC 2025 Reg H (Bo3)
|rated|
|rule|Species Clause: Limit one of each Pokémon
|rule|Item Clause: Limit 1 of each item
|clearpoke
|poke|p1|Umbreon, L50, F|
|poke|p1|Gholdengo, L50|
|poke|p1|Rillaboom, L50, M|
|poke|p1|Dragonite, L50, F|
|poke|p1|Whimsicott, L50, M|
|poke|p1|Arcanine, L50, F|
|poke|p2|Incineroar, L50, F|
|poke|p2|Gholdengo, L50|
|poke|p2|Amoonguss, L50, M|
|poke|p2|Hydreigon, L50, F|
|poke|p2|Porygon2, L50|
|poke|p2|Ursaluna, L50, F|
|teampreview|4
|showteam|p1|Umbreon||Leftovers|Synchronize|FoulPlay,Toxic,Protect,Wish|||F|||50|,,,,,Dark]Gholdengo||ChoiceSpecs|GoodasGold|MakeItRain,ShadowBall,PowerGem,Thunderbolt||||||50|,,,,,Steel]Rillaboom||AssaultVest|GrassySurge|WoodHammer,FakeOut,GrassyGlide,HighHorsepower|||M|||50|,,,,,Water]Dragonite||LoadedDice|Multiscale|Roost,Tailwind,ScaleShot,Haze|||F|||50|,,,,,Dragon]Whimsicott||FocusSash|Prankster|HelpingHand,Tailwind,Endeavor,Encore|||M|||50|,,,,,Grass]Arcanine||AguavBerry|Intimidate|ExtremeSpeed,FlareBlitz,HelpingHand,WillOWisp|||F|||50|,,,,,Fire
|showteam|p2|Incineroar||SitrusBerry|Intimidate|KnockOff,FakeOut,FlareBlitz,PartingShot|||F|||50|,,,,,Ghost]Gholdengo||LifeOrb|GoodasGold|Protect,NastyPlot,ShadowBall,MakeItRain||||||50|,,,,,Water]Amoonguss||RockyHelmet|Regenerator|Spore,RagePowder,PollenPuff,Protect|||M|||50|,,,,,Fairy]Hydreigon||SafetyGoggles|Levitate|DracoMeteor,Snarl,Tailwind,Protect|||F|||50|,,,,,Ghost]Porygon2||Eviolite|Download|Recover,IceBeam,TeraBlast,TrickRoom||||||50|,,,,,Fighting]Ursaluna||FlameOrb|Guts|Earthquake,Facade,HeadlongRush,Protect|||F|||50|,,,,,Ghost
|inactive|Battle timer is ON: inactive players will automatically lose when time's up. (requested by incartamene2etti)
|inactive|incartamene2etti has 60 seconds left.
|
|t:|1757085234
|teamsize|p1|4
|teamsize|p2|4
|start
|switch|p1a: Whimsicott|Whimsicott, L50, M|100/100
|switch|p1b: Umbreon|Umbreon, L50, F|100/100
|switch|p2a: Incineroar|Incineroar, L50, F|100/100
|switch|p2b: Gholdengo|Gholdengo, L50|100/100
|-ability|p2a: Incineroar|Intimidate|boost
|-unboost|p1a: Whimsicott|atk|1
|-unboost|p1b: Umbreon|atk|1
|turn|1
|inactive|chalizhou has 30 seconds left.
|inactive|chalizhou has 20 seconds left.
|
|t:|1757085270
|switch|p1a: Rillaboom|Rillaboom, L50, M|100/100
|-fieldstart|move: Grassy Terrain|[from] ability: Grassy Surge|[of] p1a: Rillaboom
|move|p2a: Incineroar|Fake Out|p1a: Rillaboom
|-damage|p1a: Rillaboom|89/100
|move|p2b: Gholdengo|Nasty Plot|p2b: Gholdengo
|-boost|p2b: Gholdengo|spa|2
|move|p1b: Umbreon|Foul Play|p2b: Gholdengo
|-supereffective|p2b: Gholdengo
|-damage|p2b: Gholdengo|69/100
|
|-heal|p2b: Gholdengo|75/100|[from] Grassy Terrain
|-heal|p1a: Rillaboom|95/100|[from] Grassy Terrain
|upkeep
|turn|2
|inactive|incartamene2etti has 30 seconds left.
|inactive|incartamene2etti has 20 seconds left.
|inactive|incartamene2etti has 15 seconds left.
|inactive|incartamene2etti has 10 seconds left.
|
|t:|1757085315
|-terastallize|p1a: Rillaboom|Water
|move|p2b: Gholdengo|Protect|p2b: Gholdengo
|-singleturn|p2b: Gholdengo|Protect
|move|p1a: Rillaboom|High Horsepower|p2b: Gholdengo
|-activate|p2b: Gholdengo|move: Protect
|move|p2a: Incineroar|Knock Off|p1a: Rillaboom
|-damage|p1a: Rillaboom|61/100
|-enditem|p1a: Rillaboom|Assault Vest|[from] move: Knock Off|[of] p2a: Incineroar
|move|p1b: Umbreon|Foul Play|p2b: Gholdengo
|-activate|p2b: Gholdengo|move: Protect
|
|-heal|p2b: Gholdengo|80/100|[from] Grassy Terrain
|-heal|p1a: Rillaboom|67/100|[from] Grassy Terrain
|upkeep
|turn|3
|inactive|incartamene2etti has 30 seconds left.
|inactive|incartamene2etti has 20 seconds left.
|
|t:|1757085352
|move|p2b: Gholdengo|Shadow Ball|p1a: Rillaboom
|-damage|p1a: Rillaboom|0 fnt
|faint|p1a: Rillaboom
|-damage|p2b: Gholdengo|71/100|[from] item: Life Orb
|move|p2a: Incineroar|Parting Shot|p1b: Umbreon
|-unboost|p1b: Umbreon|atk|1
|-unboost|p1b: Umbreon|spa|1
|
|t:|1757085365
|switch|p2a: Porygon2|Porygon2, L50|100/100|[from] Parting Shot
|-ability|p2a: Porygon2|Download|boost
|-boost|p2a: Porygon2|spa|1
|move|p1b: Umbreon|Foul Play|p2b: Gholdengo
|-supereffective|p2b: Gholdengo
|-damage|p2b: Gholdengo|38/100
|
|-heal|p2b: Gholdengo|44/100|[from] Grassy Terrain
|upkeep
|
|t:|1757085378
|switch|p1a: Whimsicott|Whimsicott, L50, M|100/100
|turn|4
|
|t:|1757085402
|switch|p1a: Gholdengo|Gholdengo, L50|100/100
|move|p2b: Gholdengo|Make It Rain|p1a: Gholdengo|[spread] p1a,p1b
|-resisted|p1a: Gholdengo
|-damage|p1a: Gholdengo|34/100
|-damage|p1b: Umbreon|19/100
|-unboost|p2b: Gholdengo|spa|1
|-damage|p2b: Gholdengo|34/100|[from] item: Life Orb
|move|p1b: Umbreon|Foul Play|p2b: Gholdengo
|-supereffective|p2b: Gholdengo
|-damage|p2b: Gholdengo|3/100
|move|p2a: Porygon2|Ice Beam|p1a: Gholdengo
|-resisted|p1a: Gholdengo
|-damage|p1a: Gholdengo|8/100
|
|-heal|p1a: Gholdengo|14/100|[from] Grassy Terrain
|-heal|p2b: Gholdengo|8/100|[from] Grassy Terrain
|-heal|p1b: Umbreon|25/100|[from] Grassy Terrain
|-heal|p1b: Umbreon|31/100|[from] item: Leftovers
|upkeep
|turn|5
|inactive|incartamene2etti has 30 seconds left.
|
|t:|1757085428
|move|p1a: Gholdengo|Make It Rain|p2a: Porygon2|[spread] p2a,p2b
|-resisted|p2b: Gholdengo
|-damage|p2a: Porygon2|47/100
|-damage|p2b: Gholdengo|0 fnt
|-unboost|p1a: Gholdengo|spa|1
|faint|p2b: Gholdengo
|move|p1b: Umbreon|Wish|p1b: Umbreon
|move|p2a: Porygon2|Trick Room|p2a: Porygon2
|-fieldstart|move: Trick Room|[of] p2a: Porygon2
|
|-heal|p2a: Porygon2|53/100|[from] Grassy Terrain
|-heal|p1b: Umbreon|37/100|[from] Grassy Terrain
|-heal|p1b: Umbreon|43/100|[from] item: Leftovers
|-heal|p1a: Gholdengo|20/100|[from] Grassy Terrain
|-fieldend|move: Grassy Terrain
|upkeep
|
|t:|1757085441
|switch|p2b: Ursaluna|Ursaluna, L50, F|100/100
|turn|6
|inactive|incartamene2etti has 30 seconds left.
|inactive|incartamene2etti has 20 seconds left.
|
|t:|1757085480
|switch|p1a: Whimsicott|Whimsicott, L50, M|100/100
|move|p1b: Umbreon|Protect|p1b: Umbreon
|-singleturn|p1b: Umbreon|Protect
|move|p2a: Porygon2|Ice Beam|p1a: Whimsicott
|-supereffective|p1a: Whimsicott
|-enditem|p1a: Whimsicott|Focus Sash
|-damage|p1a: Whimsicott|1/100
|move|p2b: Ursaluna|Headlong Rush|p1a: Whimsicott
|-resisted|p1a: Whimsicott
|-damage|p1a: Whimsicott|0 fnt
|-unboost|p2b: Ursaluna|def|1
|-unboost|p2b: Ursaluna|spd|1
|faint|p1a: Whimsicott
|
|-heal|p1b: Umbreon|93/100|[from] move: Wish|[wisher] Umbreon
|-heal|p1b: Umbreon|99/100|[from] item: Leftovers
|-status|p2b: Ursaluna|brn|[from] item: Flame Orb
|upkeep
|
|t:|1757085495
|switch|p1a: Gholdengo|Gholdengo, L50|20/100
|turn|7
|
|t:|1757085507
|move|p2a: Porygon2|Recover|p2a: Porygon2
|-heal|p2a: Porygon2|100/100
|move|p1b: Umbreon|Foul Play|p2b: Ursaluna
|-damage|p2b: Ursaluna|35/100 brn
|move|p2b: Ursaluna|Headlong Rush|p1a: Gholdengo
|-supereffective|p1a: Gholdengo
|-damage|p1a: Gholdengo|0 fnt
|-unboost|p2b: Ursaluna|def|1
|-unboost|p2b: Ursaluna|spd|1
|faint|p1a: Gholdengo
|
|-heal|p1b: Umbreon|100/100|[from] item: Leftovers
|-damage|p2b: Ursaluna|29/100 brn|[from] brn
|upkeep
|turn|8
|
|t:|1757085526
|-terastallize|p2a: Porygon2|Fighting
|move|p2a: Porygon2|Tera Blast|p1b: Umbreon|[anim] Tera Blast Fighting
|-supereffective|p1b: Umbreon
|-damage|p1b: Umbreon|19/100
|move|p1b: Umbreon|Foul Play|p2b: Ursaluna
|-damage|p2b: Ursaluna|0 fnt
|faint|p2b: Ursaluna
|
|-heal|p1b: Umbreon|25/100|[from] item: Leftovers
|upkeep
|
|t:|1757085532
|switch|p2b: Incineroar|Incineroar, L50, F|100/100
|-ability|p2b: Incineroar|Intimidate|boost
|-unboost|p1b: Umbreon|atk|1
|turn|9
|
|t:|1757085543
|move|p1b: Umbreon|Protect|p1b: Umbreon
|-singleturn|p1b: Umbreon|Protect
|move|p2b: Incineroar|Fake Out|p1b: Umbreon
|-activate|p1b: Umbreon|move: Protect
|move|p2a: Porygon2|Tera Blast|p1b: Umbreon|[anim] Tera Blast Fighting
|-activate|p1b: Umbreon|move: Protect
|
|-heal|p1b: Umbreon|31/100|[from] item: Leftovers
|-fieldend|move: Trick Room
|upkeep
|turn|10
|
|t:|1757085553
|move|p2b: Incineroar|Flare Blitz|p1b: Umbreon
|-damage|p1b: Umbreon|0 fnt
|faint|p1b: Umbreon
|-damage|p2b: Incineroar|91/100|[from] Recoil
|
|win|incartamene2etti
|raw|chalizhou's rating: 1176 → 1157(-19 for losing)
|raw|incartamene2etti's rating: 1266 → 1285(+19 for winning)
|l|☆chalizhou
|player|p1|
