|j|☆Dungx showdown
|j|☆naibot2814
|html|Dungx showdownnaibot2814    
|uhtml|bestof|Game 2 of a best-of-3
|t:|1782525407
|gametype|doubles
|player|p1|Dungx showdown|miku-ghost|1297
|player|p2|naibot2814|ghetsis|1290
|gen|9
|tier|[Gen 9 Champions] VGC 2026 Reg M-B (Bo3)
|rated|
|rule|Species Clause: Limit one of each Pokémon
|rule|Item Clause: Limit 1 of each item
|clearpoke
|poke|p1|Metagross, L50|
|poke|p1|Pelipper, L50, M|
|poke|p1|Archaludon, L50, M|
|poke|p1|Basculegion, L50, M|
|poke|p1|Grimmsnarl, L50, M|
|poke|p1|Sneasler, L50, F|
|poke|p2|Metagross, L50, shiny|
|poke|p2|Sneasler, L50, M|
|poke|p2|Hydreigon, L50, M|
|poke|p2|Incineroar, L50, M|
|poke|p2|Aerodactyl, L50, M|
|poke|p2|Floette-Eternal, L50, F|
|teampreview|4
|showteam|p1|Metagross||Metagrossite|ClearBody|StompingTantrum,Protect,MeteorMash,PsychicFangs|Adamant|||||50|]Pelipper||FocusSash|Drizzle|Tailwind,Protect,WeatherBall,Hurricane|Modest||M|||50|]Archaludon||Leftovers|Stamina|ElectroShot,Protect,FlashCannon,DragonPulse|Modest||M|||50|]Basculegion||LifeOrb|SwiftSwim|AquaJet,WaveCrash,Protect,LastRespects|Adamant||M|||50|]Grimmsnarl||LightClay|Prankster|LightScreen,Reflect,PartingShot,SpiritBreak|Impish||M|||50|]Sneasler||WhiteHerb|Unburden|DireClaw,Coaching,FakeOut,CloseCombat|Adamant||F|||50|
|showteam|p2|Metagross||Metagrossite|ClearBody|PsychicFangs,BodyPress,IronHead,Protect|Jolly|||||50|]Sneasler||WhiteHerb|Unburden|FakeOut,Coaching,CloseCombat,DireClaw|Jolly||M|||50|]Hydreigon||ChoiceScarf|Levitate|DracoMeteor,Snarl,DarkPulse,Flamethrower|Modest||M|||50|]Incineroar||PasshoBerry|Intimidate|FakeOut,DarkestLariat,FlareBlitz,PartingShot|Careful||M|||50|]Aerodactyl||FocusSash|Unnerve|DualWingbeat,RockSlide,WideGuard,Tailwind|Jolly||M|||50|]Floette-Eternal||Floettite|FlowerVeil|DrainingKiss,DazzlingGleam,CalmMind,Protect|Modest||F|||50|
|inactive|Battle timer is ON: inactive players will automatically lose when time's up. (requested by Dungx showdown)
|
|t:|1782525431
|teamsize|p1|4
|teamsize|p2|4
|start
|switch|p1a: Mồm to|Pelipper, L50, M|100/100
|switch|p1b: Recoil|Basculegion, L50, M|100/100
|switch|p2a: Nagatoro|Sneasler, L50, M|100/100
|switch|p2b: Metron|Metagross, L50, shiny|100/100
|-weather|RainDance|[from] ability: Drizzle|[of] p1a: Mồm to
|turn|1
|
|t:|1782525449
|switch|p2a: HAIL HYDRA|Hydreigon, L50, M|100/100
|switch|p1a: Roblox|Archaludon, L50, M|100/100
|detailschange|p2b: Metron|Metagross-Mega, L50, shiny
|-mega|p2b: Metron|Metagross|Metagrossite
|move|p1b: Recoil|Wave Crash|p2a: HAIL HYDRA
|-resisted|p2a: HAIL HYDRA|1
|-damage|p2a: HAIL HYDRA|35/100
|-damage|p1b: Recoil|81/100|[from] Recoil
|-damage|p1b: Recoil|71/100|[from] item: Life Orb
|move|p2b: Metron|Psychic Fangs|p1b: Recoil
|-damage|p1b: Recoil|0 fnt
|faint|p1b: Recoil
|
|-weather|RainDance|[upkeep]
|upkeep
|
|t:|1782525470
|switch|p1b: Super neon|Metagross, L50|100/100
|turn|2
|inactive|naibot2814 has 30 seconds left.
|inactive|naibot2814 has 20 seconds left.
|
|t:|1782525509
|detailschange|p1b: Super neon|Metagross-Mega, L50
|-mega|p1b: Super neon|Metagross|Metagrossite
|move|p2a: HAIL HYDRA|Dark Pulse|p1a: Roblox
|-damage|p1a: Roblox|49/100
|-ability|p1a: Roblox|Stamina|boost
|-boost|p1a: Roblox|def|1
|move|p2b: Metron|Iron Head|p1a: Roblox
|-resisted|p1a: Roblox|1
|-damage|p1a: Roblox|36/100
|-ability|p1a: Roblox|Stamina|boost
|-boost|p1a: Roblox|def|1
|move|p1b: Super neon|Meteor Mash|p2a: HAIL HYDRA
|-damage|p2a: HAIL HYDRA|0 fnt
|faint|p2a: HAIL HYDRA
|cant|p1a: Roblox|flinch
|
|-weather|RainDance|[upkeep]
|-heal|p1a: Roblox|42/100|[from] item: Leftovers
|upkeep
|
|t:|1782525523
|switch|p2a: Nagatoro|Sneasler, L50, M|100/100
|turn|3
|
|t:|1782525538
|move|p2a: Nagatoro|Coaching|p2b: Metron
|-boost|p2b: Metron|atk|1
|-boost|p2b: Metron|def|1
|move|p2b: Metron|Body Press|p1a: Roblox
|-supereffective|p1a: Roblox|1
|-damage|p1a: Roblox|1/100
|-ability|p1a: Roblox|Stamina|boost
|-boost|p1a: Roblox|def|1
|move|p1b: Super neon|Psychic Fangs|p2a: Nagatoro
|-supereffective|p2a: Nagatoro|2
|-damage|p2a: Nagatoro|0 fnt
|faint|p2a: Nagatoro
|move|p1a: Roblox|Electro Shot||[still]
|-prepare|p1a: Roblox|Electro Shot
|-boost|p1a: Roblox|spa|1
|-anim|p1a: Roblox|Electro Shot|p2b: Metron
|-damage|p2b: Metron|35/100
|
|-weather|RainDance|[upkeep]
|-heal|p1a: Roblox|7/100|[from] item: Leftovers
|upkeep
|
|t:|1782525545
|switch|p2a: Gumball|Incineroar, L50, M|100/100
|-ability|p2a: Gumball|Intimidate|boost
|-unboost|p1a: Roblox|atk|1
|-unboost|p1b: Super neon|atk|1
|turn|4
|inactive|Dungx showdown has 30 seconds left.
|
|t:|1782525573
|move|p1a: Roblox|Protect|p1a: Roblox
|-singleturn|p1a: Roblox|Protect
|move|p2a: Gumball|Fake Out|p1b: Super neon
|-resisted|p1b: Super neon|1
|-damage|p1b: Super neon|96/100
|move|p2b: Metron|Psychic Fangs|p1a: Roblox
|-activate|p1a: Roblox|move: Protect
|cant|p1b: Super neon|flinch
|
|-weather|RainDance|[upkeep]
|-heal|p1a: Roblox|13/100|[from] item: Leftovers
|upkeep
|turn|5
|
|t:|1782525589
|move|p2b: Metron|Psychic Fangs|p1a: Roblox
|-resisted|p1a: Roblox|1
|-damage|p1a: Roblox|1/100
|-ability|p1a: Roblox|Stamina|boost
|-boost|p1a: Roblox|def|1
|move|p1b: Super neon|Stomping Tantrum|p2b: Metron
|-supereffective|p2b: Metron|1
|-crit|p2b: Metron
|-damage|p2b: Metron|0 fnt
|faint|p2b: Metron
|move|p1a: Roblox|Electro Shot||[still]
|-prepare|p1a: Roblox|Electro Shot
|-boost|p1a: Roblox|spa|1
|-anim|p1a: Roblox|Electro Shot|p2a: Gumball
|-crit|p2a: Gumball
|-damage|p2a: Gumball|8/100
|move|p2a: Gumball|Darkest Lariat|p1b: Super neon
|-supereffective|p1b: Super neon|1
|-damage|p1b: Super neon|50/100g
|
|-weather|none
|-heal|p1a: Roblox|6/100|[from] item: Leftovers
|upkeep
|turn|6
|-message|naibot2814 forfeited.
|
|win|Dungx showdown
|l|☆naibot2814
|player|p2|
||naibot2814 is ready for game 3.
||Dungx showdown is ready for game 3.
|uhtml|next|Next: Game 3 of 3
|l|☆Dungx showdown
|player|p1|
|j|☆naibot2814
|player|p2|naibot2814|ghetsis|
