|j|☆anino23
|j|☆Daniw9
|html|anino23Daniw9    
|uhtml|bestof|Game 2 of a best-of-3
|t:|1757103104
|gametype|doubles
|player|p1|anino23|1|1156
|player|p2|Daniw9|169|1198
|gen|9
|tier|[Gen 9] VGC 2025 Reg H (Bo3)
|rated|
|rule|Species Clause: Limit one of each Pokémon
|rule|Item Clause: Limit 1 of each item
|clearpoke
|poke|p1|Gholdengo, L50|
|poke|p1|Ursaluna, L50, F|
|poke|p1|Incineroar, L50, M|
|poke|p1|Porygon2, L50|
|poke|p1|Kilowattrel, L50, F|
|poke|p1|Amoonguss, L50, F|
|poke|p2|Garchomp, L50, F|
|poke|p2|Tyranitar, L50, M|
|poke|p2|Indeedee-F, L50, F|
|poke|p2|Gardevoir, L50, M|
|poke|p2|Talonflame, L50, F|
|poke|p2|Annihilape, L50, M|
|teampreview|4
|showteam|p1|Gholdengo||LifeOrb|GoodasGold|MakeItRain,NastyPlot,ShadowBall,Protect||||||50|,,,,,Dark]Ursaluna||FlameOrb|Guts|Facade,HeadlongRush,Earthquake,Protect|||F|||50|,,,,,Ghost]Incineroar||SafetyGoggles|Intimidate|FakeOut,FlareBlitz,KnockOff,PartingShot|||M|||50|,,,,,Bug]Porygon2||Eviolite|Download|IceBeam,TeraBlast,Recover,TrickRoom||||||50|,,,,,Fighting]Kilowattrel||FocusSash|Competitive|Thunderbolt,AirSlash,Protect,Tailwind|||F|||50|,,,,,Electric]Amoonguss||SitrusBerry|Regenerator|RagePowder,ClearSmog,Spore,PollenPuff|||F|||50|,,,,,Water
|showteam|p2|Garchomp||ClearAmulet|SandVeil|Earthquake,StompingTantrum,Protect,DragonClaw|||F|||50|,,,,,Steel]Tyranitar||AssaultVest|SandStream|RockSlide,TeraBlast,KnockOff,LowKick|||M|||50|,,,,,Flying]Indeedee-F||SafetyGoggles|PsychicSurge|DazzlingGleam,TrickRoom,FollowMe,HelpingHand|||F|||50|,,,,,Water]Gardevoir||ChoiceScarf|Telepathy|IcyWind,Moonblast,ExpandingForce,MysticalFire|||M|||50|,,,,,Fire]Talonflame||CovertCloak|GaleWings|Tailwind,DualWingbeat,FlareBlitz,Taunt|||F|||50|,,,,,Flying]Annihilape||SitrusBerry|Defiant|CloseCombat,RageFist,Coaching,FinalGambit|||M|||50|,,,,,Grass
|inactive|Battle timer is ON: inactive players will automatically lose when time's up. (requested by anino23)
|inactive|anino23 has 60 seconds left.
|inactive|anino23 has 30 seconds left.
|
|t:|1757103171
|teamsize|p1|4
|teamsize|p2|4
|start
|switch|p1a: Porygon2|Porygon2, L50|100/100
|switch|p1b: Amoonguss|Amoonguss, L50, F|100/100
|switch|p2a: Indeedee|Indeedee-F, L50, F|100/100
|switch|p2b: Gardevoir|Gardevoir, L50, M|100/100
|-fieldstart|move: Psychic Terrain|[from] ability: Psychic Surge|[of] p2a: Indeedee
|-ability|p1a: Porygon2|Download|boost
|-boost|p1a: Porygon2|atk|1
|turn|1
|inactive|anino23 has 30 seconds left.
|inactive|anino23 has 20 seconds left.
|
|t:|1757103207
|switch|p1b: Gholdengo|Gholdengo, L50|100/100
|move|p2a: Indeedee|Follow Me|p2a: Indeedee
|-singleturn|p2a: Indeedee|move: Follow Me
|move|p2b: Gardevoir|Expanding Force|p1a: Porygon2|[spread] p1a,p1b
|-resisted|p1b: Gholdengo
|-damage|p1a: Porygon2|55/100
|-damage|p1b: Gholdengo|67/100
|move|p1a: Porygon2|Trick Room|p1a: Porygon2
|-fieldstart|move: Trick Room|[of] p1a: Porygon2
|
|upkeep
|turn|2
|inactive|anino23 has 30 seconds left.
|
|t:|1757103237
|-terastallize|p2b: Gardevoir|Fire
|move|p1a: Porygon2|Tera Blast|p2b: Gardevoir
|-damage|p2b: Gardevoir|63/100
|move|p1b: Gholdengo|Make It Rain|p2b: Gardevoir|[spread] p2a,p2b
|-resisted|p2b: Gardevoir
|-damage|p2a: Indeedee|47/100
|-damage|p2b: Gardevoir|32/100
|-unboost|p1b: Gholdengo|spa|1
|-damage|p1b: Gholdengo|57/100|[from] item: Life Orb
|move|p2b: Gardevoir|Expanding Force|p1a: Porygon2|[spread] p1a,p1b
|-resisted|p1b: Gholdengo
|-damage|p1a: Porygon2|10/100
|-damage|p1b: Gholdengo|24/100
|move|p2a: Indeedee|Trick Room|p2a: Indeedee
|-fieldend|move: Trick Room
|
|upkeep
|turn|3
|inactive|anino23 has 30 seconds left.
|
|t:|1757103271
|switch|p2a: Garchomp|Garchomp, L50, F|100/100
|move|p1b: Gholdengo|Protect|p1b: Gholdengo
|-singleturn|p1b: Gholdengo|Protect
|move|p2b: Gardevoir|Expanding Force|p1b: Gholdengo|[spread] p1a
|-activate|p1b: Gholdengo|move: Protect
|-damage|p1a: Porygon2|0 fnt
|faint|p1a: Porygon2
|
|upkeep
|
|t:|1757103282
|switch|p1a: Amoonguss|Amoonguss, L50, F|100/100
|turn|4
|
|t:|1757103294
|-terastallize|p1a: Amoonguss|Water
|move|p1b: Gholdengo|Protect||[still]
|-fail|p1b: Gholdengo
|move|p2b: Gardevoir|Expanding Force|p1a: Amoonguss|[spread] p1a,p1b
|-resisted|p1b: Gholdengo
|-damage|p1a: Amoonguss|45/100
|-damage|p1b: Gholdengo|0 fnt
|-enditem|p1a: Amoonguss|Sitrus Berry|[eat]
|-heal|p1a: Amoonguss|70/100|[from] item: Sitrus Berry
|faint|p1b: Gholdengo
|move|p2a: Garchomp|Earthquake|p1a: Amoonguss|[spread] p1a
|-activate|p2b: Gardevoir|ability: Telepathy
|-damage|p1a: Amoonguss|36/100
|move|p1a: Amoonguss|Spore|p2b: Gardevoir
|-status|p2b: Gardevoir|slp|[from] move: Spore
|
|upkeep
|
|t:|1757103308
|switch|p1b: Ursaluna|Ursaluna, L50, F|100/100
|turn|5
|inactive|anino23 has 30 seconds left.
|inactive|anino23 has 20 seconds left.
|inactive|anino23 has 15 seconds left.
|inactive|anino23 has 10 seconds left.
|
|t:|1757103357
|move|p1a: Amoonguss|Rage Powder|p1a: Amoonguss
|-singleturn|p1a: Amoonguss|move: Rage Powder
|cant|p2b: Gardevoir|slp
|move|p2a: Garchomp|Dragon Claw|p1a: Amoonguss
|-damage|p1a: Amoonguss|0 fnt
|faint|p1a: Amoonguss
|move|p1b: Ursaluna|Facade|p2b: Gardevoir
|-damage|p2b: Gardevoir|0 fnt
|faint|p2b: Gardevoir
|
|-fieldend|move: Psychic Terrain
|-status|p1b: Ursaluna|brn|[from] item: Flame Orb
|upkeep
|
|t:|1757103367
|switch|p2b: Tyranitar|Tyranitar, L50, M|100/100
|-weather|Sandstorm|[from] ability: Sand Stream|[of] p2b: Tyranitar
|turn|6
|
|t:|1757103373
|move|p2a: Garchomp|Dragon Claw|p1b: Ursaluna
|-damage|p1b: Ursaluna|67/100 brn
|move|p2b: Tyranitar|Low Kick|p1b: Ursaluna
|-supereffective|p1b: Ursaluna
|-damage|p1b: Ursaluna|0 fnt
|faint|p1b: Ursaluna
|
|win|Daniw9
||Daniw9 is ready for game 3.
||anino23 is ready for game 3.
|uhtml|next|Next: Game 3 of 3
|l|☆anino23
|player|p1|
