|j|☆Cfing
|j|☆moth.o
|html|Cfingmoth.o    
|uhtml|bestof|Game 2 of a best-of-3
|t:|1756401960
|gametype|doubles
|player|p1|Cfing|hiker-gen4|1143
|player|p2|moth.o|roxie|1145
|gen|9
|tier|[Gen 9] VGC 2025 Reg H (Bo3)
|rated|
|rule|Species Clause: Limit one of each Pokémon
|rule|Item Clause: Limit 1 of each item
|clearpoke
|poke|p1|Whimsicott, L50, M|
|poke|p1|Annihilape, L50, F|
|poke|p1|Pelipper, L50, M|
|poke|p1|Archaludon, L50, M|
|poke|p1|Sneasler, L50, F|
|poke|p1|Indeedee, L50, M|
|poke|p2|Arcanine-Hisui, L50, F|
|poke|p2|Indeedee-F, L50, F|
|poke|p2|Gallade, L50, M|
|poke|p2|Gholdengo, L50|
|poke|p2|Whimsicott, L50, M|
|poke|p2|Hydreigon, L50, F|
|teampreview|4
|showteam|p1|Whimsicott||FocusSash|Prankster|Tailwind,Taunt,Moonblast,BeatUp|||M|||50|,,,,,Ghost]Annihilape||AssaultVest|Defiant|RageFist,CloseCombat,RockSlide,DrainPunch|||F|||50|,,,,,Fire]Pelipper||CovertCloak|Drizzle|Tailwind,Hurricane,WeatherBall,Protect|||M|||50|,,,,,Ground]Archaludon||LifeOrb|Stamina|ElectroShot,Protect,DracoMeteor,BodyPress|||M|||50|,,,,,Stellar]Sneasler||PsychicSeed|Unburden|Acrobatics,CloseCombat,DireClaw,ThroatChop|||F|||50|,,,,,Dark]Indeedee||ChoiceSpecs|PsychicSurge|ExpandingForce,Imprison,TrickRoom,Trick|||M|||50|,,,,,Psychic
|showteam|p2|Arcanine-Hisui||SafetyGoggles|Intimidate|Protect,RockSlide,FlareBlitz,ExtremeSpeed|||F|||50|,,,,,Fairy]Indeedee-F||SitrusBerry|PsychicSurge|TrickRoom,FollowMe,Psychic,HelpingHand|||F|||50|,,,,,Fairy]Gallade||LifeOrb|Sharpness|Protect,ThroatChop,SacredSword,PsychoCut|||M|||50|,,,,,Grass]Gholdengo||ChoiceSpecs|GoodasGold|MakeItRain,ShadowBall,PowerGem,Thunderbolt||||||50|,,,,,Steel]Whimsicott||CovertCloak|Prankster|Uturn,Moonblast,Encore,Tailwind|||M|||50|,,,,,Dark]Hydreigon||AssaultVest|Levitate|Uturn,Snarl,DarkPulse,DracoMeteor|||F|||50|,,,,,Ghost
|inactive|Battle timer is ON: inactive players will automatically lose when time's up. (requested by Cfing)
|
|t:|1756401977
|teamsize|p1|4
|teamsize|p2|4
|start
|switch|p1a: Pelipper|Pelipper, L50, M|100/100
|switch|p1b: Archaludon|Archaludon, L50, M|100/100
|switch|p2a: Gholdengo|Gholdengo, L50|100/100
|switch|p2b: Meigallo|Whimsicott, L50, M, shiny|100/100
|-weather|RainDance|[from] ability: Drizzle|[of] p1a: Pelipper
|turn|1
|inactive|moth.o has 30 seconds left.
|
|t:|1756402005
|-terastallize|p1b: Archaludon|Stellar
|-terastallize|p2a: Gholdengo|Steel
|move|p2b: Meigallo|Tailwind|p2b: Meigallo
|-sidestart|p2: moth.o|move: Tailwind
|move|p2a: Gholdengo|Shadow Ball|p1a: Pelipper
|-damage|p1a: Pelipper|0 fnt
|faint|p1a: Pelipper
|move|p1b: Archaludon|Draco Meteor|p2a: Gholdengo
|-resisted|p2a: Gholdengo
|-damage|p2a: Gholdengo|34/100
|-unboost|p1b: Archaludon|spa|2
|-damage|p1b: Archaludon|91/100|[from] item: Life Orb
|
|-weather|RainDance|[upkeep]
|upkeep
|
|t:|1756402021
|switch|p1a: Whimsicott|Whimsicott, L50, M|100/100
|turn|2
|
|t:|1756402038
|move|p1a: Whimsicott|Tailwind|p1a: Whimsicott
|-sidestart|p1: Cfing|move: Tailwind
|move|p2b: Meigallo|Moonblast|p1a: Whimsicott
|-damage|p1a: Whimsicott|58/100
|move|p1b: Archaludon|Body Press|p2a: Gholdengo
|-supereffective|p2a: Gholdengo
|-damage|p2a: Gholdengo|0 fnt
|faint|p2a: Gholdengo
|-damage|p1b: Archaludon|81/100|[from] item: Life Orb
|
|-weather|RainDance|[upkeep]
|upkeep
|
|t:|1756402052
|switch|p2a: Galantería|Gallade, L50, M, shiny|100/100
|turn|3
|
|t:|1756402072
|move|p2a: Galantería|Protect|p2a: Galantería
|-singleturn|p2a: Galantería|Protect
|move|p1a: Whimsicott|Moonblast|p2b: Meigallo
|-damage|p2b: Meigallo|51/100
|move|p2b: Meigallo|U-turn|p1a: Whimsicott
|-damage|p1a: Whimsicott|43/100
|
|t:|1756402080
|switch|p2b: Servicial|Indeedee-F, L50, F|100/100|[from] U-turn
|-fieldstart|move: Psychic Terrain|[from] ability: Psychic Surge|[of] p2b: Servicial
|move|p1b: Archaludon|Electro Shot||[still]
|-prepare|p1b: Archaludon|Electro Shot
|-boost|p1b: Archaludon|spa|1
|-anim|p1b: Archaludon|Electro Shot|p2b: Servicial
|-damage|p2b: Servicial|56/100
|-damage|p1b: Archaludon|72/100|[from] item: Life Orb
|
|-weather|RainDance|[upkeep]
|upkeep
|turn|4
|inactive|moth.o has 30 seconds left.
|
|t:|1756402108
|move|p1a: Whimsicott|Beat Up|p1b: Archaludon
|-damage|p1b: Archaludon|70/100
|-ability|p1b: Archaludon|Stamina|boost
|-boost|p1b: Archaludon|def|1
|-damage|p1b: Archaludon|68/100
|-ability|p1b: Archaludon|Stamina|boost
|-boost|p1b: Archaludon|def|1
|-damage|p1b: Archaludon|67/100
|-ability|p1b: Archaludon|Stamina|boost
|-boost|p1b: Archaludon|def|1
|-hitcount|p1b: Archaludon|3
|move|p1b: Archaludon|Electro Shot||[still]
|-prepare|p1b: Archaludon|Electro Shot
|-boost|p1b: Archaludon|spa|1
|-anim|p1b: Archaludon|Electro Shot|p2b: Servicial
|-crit|p2b: Servicial
|-damage|p2b: Servicial|0 fnt
|faint|p2b: Servicial
|-damage|p1b: Archaludon|57/100|[from] item: Life Orb
|move|p2a: Galantería|Sacred Sword|p1b: Archaludon
|-supereffective|p1b: Archaludon
|-damage|p1b: Archaludon|0 fnt
|faint|p1b: Archaludon
|-damage|p2a: Galantería|91/100|[from] item: Life Orb
|
|-weather|RainDance|[upkeep]
|-sideend|p2: moth.o|move: Tailwind
|upkeep
|
|t:|1756402133
|switch|p1b: Indeedee|Indeedee, L50, M|100/100
|switch|p2b: Meigallo|Whimsicott, L50, M, shiny|51/100
|turn|5
|
|t:|1756402152
|move|p2b: Meigallo|Tailwind|p2b: Meigallo
|-sidestart|p2: moth.o|move: Tailwind
|move|p1a: Whimsicott|Moonblast|p2b: Meigallo
|-damage|p2b: Meigallo|2/100
|move|p1b: Indeedee|Expanding Force|p2b: Meigallo|[spread] p2a,p2b
|-damage|p2a: Galantería|0 fnt
|-damage|p2b: Meigallo|0 fnt
|faint|p2a: Galantería
|faint|p2b: Meigallo
|
|win|Cfing
|inactive|Cfing has 30 seconds to confirm battle start!
|inactive|moth.o has 30 seconds to confirm battle start!
||moth.o is ready for game 3.
||Cfing is ready for game 3.
|uhtml|next|Next: Game 3 of 3
|l|☆Cfing
|player|p1|
|l|☆moth.o
|player|p2|
|j|☆moth.o
|player|p2|moth.o|roxie|
