|j|☆toxiccroc12
|j|☆123gfd
|html|toxiccroc12123gfd    
|uhtml|bestof|Game 1 of a best-of-3
|t:|1783836005
|gametype|doubles
|player|p1|toxiccroc12|266|1050
|player|p2|123gfd|101|1000
|gen|9
|tier|[Gen 9 Champions] VGC 2026 Reg M-B (Bo3)
|rated|
|rule|Species Clause: Limit one of each Pokémon
|rule|Item Clause: Limit 1 of each item
|clearpoke
|poke|p1|Floette-Eternal, L50, F|
|poke|p1|Incineroar, L50, F|
|poke|p1|Sinistcha, L50|
|poke|p1|Delphox, L50, F|
|poke|p1|Sneasler, L50, F|
|poke|p1|Kingambit, L50, F|
|poke|p2|Ampharos, L50, M, shiny|
|poke|p2|Aegislash, L50, M|
|poke|p2|Hydrapple, L50, F, shiny|
|poke|p2|Mamoswine, L50, F|
|poke|p2|Toxapex, L50, F|
|poke|p2|Charizard, L50, M, shiny|
|teampreview|4
|showteam|p1|Floette-Eternal||Floettite|FlowerVeil|DazzlingGleam,DrainingKiss,CalmMind,Protect|Modest||F|||50|]Incineroar||SitrusBerry|Intimidate|FlareBlitz,FakeOut,PartingShot,HelpingHand|Impish||F|||50|]Sinistcha||OccaBerry|Hospitality|MatchaGotcha,RagePowder,TrickRoom,Protect|Relaxed|||||50|]Delphox||Delphoxite|Blaze|HeatWave,Psyshock,NastyPlot,Protect|Timid||F|||50|]Sneasler||FocusSash|PoisonTouch|PoisonJab,CloseCombat,FakeOut,QuickGuard|Jolly||F|||50|]Kingambit||BlackGlasses|Defiant|KowtowCleave,SuckerPunch,SwordsDance,Protect|Adamant||F|||50|
|showteam|p2|Ampharos||Ampharosite|Static|DazzlingGleam,VoltSwitch,ElectricTerrain,Electroweb|Quiet||M|||50|]Aegislash||FocusSash|StanceChange|BrickBreak,SwordsDance,NightSlash,ShadowClaw|Jolly||M|||50|]Hydrapple||SitrusBerry|Regenerator|SunnyDay,GigaDrain,Yawn,DragonPulse|Modest||F|||50|]Mamoswine||ChestoBerry|Oblivious|Avalanche,Earthquake,SmackDown,Trailblaze|Serious||F|||50|]Toxapex||Leftovers|Merciless|BanefulBunker,ToxicSpikes,Liquidation,PoisonJab|Brave||F|||50|]Charizard||CharizarditeY|SolarPower|AncientPower,ScorchingSands,SolarBeam,Flamethrower|Mild||M|||50|
|inactive|Battle timer is ON: inactive players will automatically lose when time's up. (requested by 123gfd)
|inactive|123gfd has 60 seconds left.
|
|t:|1783836060
|teamsize|p1|4
|teamsize|p2|4
|start
|switch|p1a: Delphox|Delphox, L50, F|100/100
|switch|p1b: Incineroar|Incineroar, L50, F|100/100
|switch|p2a: Ampharos|Ampharos, L50, M, shiny|100/100
|switch|p2b: Hydrapple|Hydrapple, L50, F, shiny|100/100
|-ability|p1b: Incineroar|Intimidate|boost
|-unboost|p2a: Ampharos|atk|1
|-unboost|p2b: Hydrapple|atk|1
|turn|1
|inactive|123gfd has 30 seconds left.
|
|t:|1783836086
|detailschange|p1a: Delphox|Delphox-Mega, L50, F
|-mega|p1a: Delphox|Delphox|Delphoxite
|move|p1b: Incineroar|Fake Out|p2b: Hydrapple
|-damage|p2b: Hydrapple|90/100
|move|p1a: Delphox|Nasty Plot|p1a: Delphox
|-boost|p1a: Delphox|spa|2
|cant|p2b: Hydrapple|flinch
|move|p2a: Ampharos|Electroweb|p1b: Incineroar|[spread] p1a,p1b
|-damage|p1a: Delphox|79/100
|-damage|p1b: Incineroar|80/100
|-unboost|p1a: Delphox|spe|1
|-unboost|p1b: Incineroar|spe|1
|
|upkeep
|turn|2
|inactive|toxiccroc12 has 30 seconds left.
|
|t:|1783836117
|move|p1a: Delphox|Psyshock|p2a: Ampharos
|-damage|p2a: Ampharos|12/100
|move|p2b: Hydrapple|Yawn|p1a: Delphox
|-start|p1a: Delphox|move: Yawn|[of] p2b: Hydrapple
|move|p2a: Ampharos|Electric Terrain|p2a: Ampharos
|-fieldstart|move: Electric Terrain
|move|p1b: Incineroar|Parting Shot|p2a: Ampharos
|-unboost|p2a: Ampharos|atk|1
|-unboost|p2a: Ampharos|spa|1
|
|t:|1783836126
|switch|p1b: Sneasler|Sneasler, L50, F|100/100|[from] Parting Shot
|
|upkeep
|turn|3
|inactive|toxiccroc12 has 30 seconds left.
|
|t:|1783836159
|move|p1b: Sneasler|Poison Jab|p2b: Hydrapple
|-supereffective|p2b: Hydrapple|1
|-damage|p2b: Hydrapple|17/100
|-enditem|p2b: Hydrapple|Sitrus Berry|[eat]
|-heal|p2b: Hydrapple|42/100|[from] item: Sitrus Berry
|move|p1a: Delphox|Heat Wave|p2b: Hydrapple|[spread] p2a,p2b
|-damage|p2a: Ampharos|0 fnt
|-damage|p2b: Hydrapple|0 fnt
|faint|p2a: Ampharos
|faint|p2b: Hydrapple
|
|-end|p1a: Delphox|move: Yawn|[silent]
|-status|p1a: Delphox|slp
|upkeep
|
|t:|1783836171
|switch|p2b: Charizard|Charizard, L50, M, shiny|100/100
|switch|p2a: Mamoswine|Mamoswine, L50, F|100/100
|turn|4
|inactive|toxiccroc12 has 30 seconds left.
|inactive|123gfd has 30 seconds left.
|inactive|toxiccroc12 has 20 seconds left.
|inactive|123gfd has 20 seconds left.
|inactive|toxiccroc12 has 15 seconds left.
|inactive|123gfd has 15 seconds left.
|inactive|123gfd has 10 seconds left.
|
|t:|1783836217
|switch|p1a: Sinistcha|Sinistcha, L50|100/100
|move|p1b: Sneasler|Close Combat|p2a: Mamoswine
|-supereffective|p2a: Mamoswine|1
|-damage|p2a: Mamoswine|0 fnt
|-unboost|p1b: Sneasler|def|1
|-unboost|p1b: Sneasler|spd|1
|faint|p2a: Mamoswine
|move|p2b: Charizard|Scorching Sands|p1b: Sneasler
|-supereffective|p1b: Sneasler|1
|-damage|p1b: Sneasler|1/100
|
|upkeep
|turn|5
|inactive|toxiccroc12 has 30 seconds left.
|inactive|toxiccroc12 has 20 seconds left.
|
|t:|1783836254
|switch|p1a: Incineroar|Incineroar, L50, F|80/100
|-ability|p1a: Incineroar|Intimidate|boost
|-unboost|p2b: Charizard|atk|1
|detailschange|p2b: Charizard|Charizard-Mega-Y, L50, M, shiny
|-mega|p2b: Charizard|Charizard|Charizardite Y
|-weather|SunnyDay|[from] ability: Drought|[of] p2b: Charizard
|move|p1b: Sneasler|Poison Jab|p2b: Charizard
|-damage|p2b: Charizard|36/100
|-status|p2b: Charizard|psn
|move|p2b: Charizard|Flamethrower|p1a: Incineroar
|-resisted|p1a: Incineroar|1
|-damage|p1a: Incineroar|36/100
|-enditem|p1a: Incineroar|Sitrus Berry|[eat]
|-heal|p1a: Incineroar|61/100|[from] item: Sitrus Berry
|
|-weather|SunnyDay|[upkeep]
|-damage|p2b: Charizard|24/100 psn|[from] psn
|upkeep
|turn|6
|
|t:|1783836272
|move|p1a: Incineroar|Fake Out|p2b: Charizard
|-damage|p2b: Charizard|7/100 psn
|move|p1b: Sneasler|Poison Jab|p2b: Charizard
|-damage|p2b: Charizard|0 fnt
|faint|p2b: Charizard
|
|win|toxiccroc12
||123gfd is ready for game 2.
|l|☆123gfd
|player|p2|
|inactive|toxiccroc12 has 30 seconds to confirm battle start!
