|j|☆tryson69
|j|☆TalonMasterJ
|html|tryson69TalonMasterJ    
|uhtml|bestof|Game 3 of a best-of-3
|t:|1783002836
|gametype|doubles
|player|p1|tryson69|crasherwake|1231
|player|p2|TalonMasterJ|steven|1264
|gen|9
|tier|[Gen 9 Champions] VGC 2026 Reg M-B (Bo3)
|rated|
|rule|Species Clause: Limit one of each Pokémon
|rule|Item Clause: Limit 1 of each item
|clearpoke
|poke|p1|Tyranitar, L50, F|
|poke|p1|Sinistcha, L50|
|poke|p1|Sneasler, L50, M|
|poke|p1|Garchomp, L50, F|
|poke|p1|Corviknight, L50, M|
|poke|p1|Gholdengo, L50|
|poke|p2|Raichu, L50, M|
|poke|p2|Mawile, L50, F|
|poke|p2|Sinistcha, L50|
|poke|p2|Ceruledge, L50, F|
|poke|p2|Milotic, L50, M|
|poke|p2|Incineroar, L50, F|
|teampreview|4
|showteam|p1|Tyranitar||Tyranitarite|SandStream|KnockOff,RockSlide,Protect,DragonDance|Adamant||F|||50|]Sinistcha||SitrusBerry|Hospitality|TrickRoom,MatchaGotcha,RagePowder,Protect|Bold|||||50|]Sneasler||WhiteHerb|Unburden|CloseCombat,DireClaw,FakeOut,Protect|Jolly||M|||50|]Garchomp||LifeOrb|RoughSkin|Earthquake,RockSlide,Protect,DragonClaw|Adamant||F|||50|]Corviknight||Leftovers|MirrorArmor|Tailwind,BulkUp,Protect,BraveBird|Careful||M|||50|]Gholdengo||SpellTag|GoodasGold|MakeItRain,NastyPlot,ShadowBall,Protect|Modest|||||50|
|showteam|p2|Raichu||RaichuniteY|LightningRod|ZapCannon,FocusBlast,FakeOut,Protect|Timid||M|||50|]Mawile||Mawilite|HyperCutter|PlayRough,SuckerPunch,SwordsDance,Protect|Adamant||F|||50|]Sinistcha||KasibBerry|Hospitality|MatchaGotcha,LifeDew,RagePowder,Protect|Relaxed|||||50|]Ceruledge||ColburBerry|FlashFire|BitterBlade,ShadowSneak,BulkUp,Protect|Adamant||F|||50|]Milotic||Leftovers|Competitive|MuddyWater,Coil,Hypnosis,Protect|Calm||M|||50|]Incineroar||SitrusBerry|Intimidate|FlareBlitz,ThroatChop,FakeOut,PartingShot|Impish||F|||50|
|
|t:|1783002875
|teamsize|p1|4
|teamsize|p2|4
|start
|switch|p1a: Gholdengo|Gholdengo, L50|100/100
|switch|p1b: Sneasler|Sneasler, L50, M|100/100
|switch|p2a: Raichu|Raichu, L50, M|100/100
|switch|p2b: Mawile|Mawile, L50, F|100/100
|turn|1
|
|t:|1783002898
|detailschange|p2a: Raichu|Raichu-Mega-Y, L50, M
|-mega|p2a: Raichu|Raichu|Raichunite Y
|move|p1b: Sneasler|Fake Out|p2b: Mawile
|-resisted|p2b: Mawile|1
|-damage|p2b: Mawile|91/100
|move|p2a: Raichu|Zap Cannon|p1a: Gholdengo
|-damage|p1a: Gholdengo|42/100
|-status|p1a: Gholdengo|par
|cant|p2b: Mawile|flinch
|cant|p1a: Gholdengo|par
|
|upkeep
|turn|2
|
|t:|1783002925
|switch|p1a: Garchomp|Garchomp, L50, F|100/100
|move|p1b: Sneasler|Protect|p1b: Sneasler
|-singleturn|p1b: Sneasler|Protect
|move|p2a: Raichu|Zap Cannon|p1b: Sneasler
|-activate|p1b: Sneasler|move: Protect
|move|p2b: Mawile|Swords Dance|p2b: Mawile
|-boost|p2b: Mawile|atk|2
|
|upkeep
|turn|3
|
|t:|1783002954
|switch|p2a: Incineroar|Incineroar, L50, F|100/100
|-ability|p2a: Incineroar|Intimidate|boost
|-unboost|p1a: Garchomp|atk|1
|-unboost|p1b: Sneasler|atk|1
|-enditem|p1b: Sneasler|White Herb
|-clearnegativeboost|p1b: Sneasler|[silent]
|switch|p1b: Gholdengo|Gholdengo, L50|42/100 par
|move|p2b: Mawile|Protect|p2b: Mawile
|-singleturn|p2b: Mawile|Protect
|move|p1a: Garchomp|Earthquake|p2a: Incineroar|[spread] p1b,p2a
|-activate|p2b: Mawile|move: Protect
|-supereffective|p1b: Gholdengo|1
|-supereffective|p2a: Incineroar|1
|-crit|p2a: Incineroar
|-damage|p1b: Gholdengo|0 fnt
|-damage|p2a: Incineroar|0 fnt
|faint|p1b: Gholdengo
|faint|p2a: Incineroar
|-damage|p1a: Garchomp|90/100|[from] item: Life Orb
|
|upkeep
|
|t:|1783002962
|switch|p1b: Sneasler|Sneasler, L50, M|100/100
|switch|p2a: Sinistcha|Sinistcha, L50|100/100
|-heal|p2b: Mawile|100/100|[from] ability: Hospitality|[of] p2a: Sinistcha
|turn|4
|
|t:|1783002982
|switch|p1a: Sinistcha|Sinistcha, L50|100/100
|move|p2b: Mawile|Protect||[still]
|-fail|p2b: Mawile
|move|p1b: Sneasler|Dire Claw|p2a: Sinistcha
|-damage|p2a: Sinistcha|66/100
|move|p2a: Sinistcha|Matcha Gotcha|p1b: Sneasler|[spread] p1b
|-miss|p2a: Sinistcha|p1a: Sinistcha
|-resisted|p1b: Sneasler|1
|-damage|p1b: Sneasler|82/100
|-heal|p2a: Sinistcha|74/100|[from] drain|[of] p1b: Sneasler
|
|upkeep
|turn|5
|
|t:|1783003003
|move|p1a: Sinistcha|Rage Powder|p1a: Sinistcha
|-singleturn|p1a: Sinistcha|move: Rage Powder
|move|p1b: Sneasler|Dire Claw|p2a: Sinistcha
|-damage|p2a: Sinistcha|38/100
|move|p2a: Sinistcha|Matcha Gotcha|p1a: Sinistcha|[spread] p1a,p1b
|-resisted|p1a: Sinistcha|1
|-resisted|p1b: Sneasler|1
|-damage|p1a: Sinistcha|89/100
|-heal|p2a: Sinistcha|43/100|[from] drain|[of] p1a: Sinistcha
|-damage|p1b: Sneasler|67/100
|-heal|p2a: Sinistcha|50/100g|[from] drain|[of] p1b: Sneasler
|move|p2b: Mawile|Swords Dance|p2b: Mawile
|-boost|p2b: Mawile|atk|2
|
|upkeep
|turn|6
|
|t:|1783003017
|move|p1a: Sinistcha|Protect|p1a: Sinistcha
|-singleturn|p1a: Sinistcha|Protect
|move|p2a: Sinistcha|Protect|p2a: Sinistcha
|-singleturn|p2a: Sinistcha|Protect
|move|p1b: Sneasler|Dire Claw|p2a: Sinistcha
|-activate|p2a: Sinistcha|move: Protect
|move|p2b: Mawile|Swords Dance|p2b: Mawile
|-boost|p2b: Mawile|atk|2
|
|upkeep
|turn|7
|
|t:|1783003026
|move|p1a: Sinistcha|Rage Powder|p1a: Sinistcha
|-singleturn|p1a: Sinistcha|move: Rage Powder
|move|p2b: Mawile|Sucker Punch||[still]
|-fail|p2b: Mawile
|move|p1b: Sneasler|Close Combat|p2b: Mawile
|-damage|p2b: Mawile|22/100
|-unboost|p1b: Sneasler|def|1
|-unboost|p1b: Sneasler|spd|1
|move|p2a: Sinistcha|Life Dew|p2a: Sinistcha|[spread] p2a,p2b
|-heal|p2a: Sinistcha|75/100
|-heal|p2b: Mawile|47/100
|
|upkeep
|turn|8
|
|t:|1783003040
|move|p2b: Mawile|Protect|p2b: Mawile
|-singleturn|p2b: Mawile|Protect
|move|p1b: Sneasler|Dire Claw|p2a: Sinistcha
|-damage|p2a: Sinistcha|40/100
|-status|p2a: Sinistcha|psn
|move|p1a: Sinistcha|Matcha Gotcha|p2a: Sinistcha|[spread] p2a
|-activate|p2b: Mawile|move: Protect
|-resisted|p2a: Sinistcha|1
|-damage|p2a: Sinistcha|28/100 psn
|-heal|p1a: Sinistcha|95/100|[from] drain|[of] p2a: Sinistcha
|move|p2a: Sinistcha|Life Dew|p2a: Sinistcha|[spread] p2a,p2b
|-heal|p2a: Sinistcha|53/100 psn
|-heal|p2b: Mawile|72/100
|
|-damage|p2a: Sinistcha|41/100 psn|[from] psn
|upkeep
|turn|9
|
|t:|1783003062
|move|p1a: Sinistcha|Rage Powder|p1a: Sinistcha
|-singleturn|p1a: Sinistcha|move: Rage Powder
|move|p2b: Mawile|Sucker Punch||[still]
|-fail|p2b: Mawile
|move|p1b: Sneasler|Close Combat|p2b: Mawile
|-crit|p2b: Mawile
|-damage|p2b: Mawile|0 fnt
|-unboost|p1b: Sneasler|def|1
|-unboost|p1b: Sneasler|spd|1
|faint|p2b: Mawile
|move|p2a: Sinistcha|Life Dew|p2a: Sinistcha
|-heal|p2a: Sinistcha|66/100 psn
|
|-damage|p2a: Sinistcha|54/100 psn|[from] psn
|upkeep
|
|t:|1783003066
|switch|p2b: Raichu|Raichu-Mega-Y, L50, M|100/100
|turn|10
|-message|TalonMasterJ forfeited.
|raw|tryson69's rating: 1231 → 1258(+27 for winning)
|raw|TalonMasterJ's rating: 1264 → 1237(-27 for losing)
|
|win|tryson69
|l|☆TalonMasterJ
|player|p2|
