|j|☆ShackWoods
|j|☆PidoveQ
|html|ShackWoodsPidoveQ    
|uhtml|bestof|Game 2 of a best-of-3
|t:|1755112128
|gametype|doubles
|player|p1|ShackWoods|korrina|1199
|player|p2|PidoveQ|akari|1408
|gen|9
|tier|[Gen 9] VGC 2025 Reg H (Bo3)
|rated|
|rule|Species Clause: Limit one of each Pokémon
|rule|Item Clause: Limit 1 of each item
|clearpoke
|poke|p1|Lilligant-Hisui, L50, F|
|poke|p1|Armarouge, L50, M|
|poke|p1|Indeedee-F, L50, F|
|poke|p1|Torkoal, L50, M|
|poke|p1|Ursaluna, L50, F|
|poke|p1|Hatterene, L50, F|
|poke|p2|Incineroar, L50, M|
|poke|p2|Farigiraf, L50, M|
|poke|p2|Amoonguss, L50, F|
|poke|p2|Sneasler, L50, F|
|poke|p2|Dragapult, L50, M|
|poke|p2|Gholdengo, L50|
|teampreview|4
|showteam|p1|Lilligant-Hisui||FocusSash|Chlorophyll|SolarBlade,CloseCombat,TripleAxel,AfterYou|||F|||50|,,,,,Ghost]Armarouge||PsychicSeed|FlashFire|ExpandingForce,ArmorCannon,WideGuard,TrickRoom|||M|||50|,,,,,Grass]Indeedee-F||RockyHelmet|PsychicSurge|Psychic,HelpingHand,FollowMe,TrickRoom|||F|||50|,,,,,Grass]Torkoal||Charcoal|Drought|Eruption,WeatherBall,EarthPower,Protect|||M|||50|,,,,,Fire]Ursaluna||FlameOrb|Guts|Facade,HeadlongRush,Substitute,Protect|||F|||50|,,,,,Ghost]Hatterene||LifeOrb|MagicBounce|ExpandingForce,DazzlingGleam,TrickRoom,Protect|||F|||50|,,,,,Fire
|showteam|p2|Incineroar||AssaultVest|Intimidate|FlareBlitz,KnockOff,FakeOut,Uturn|||M|||50|,,,,,Grass]Farigiraf||ThroatSpray|ArmorTail|HyperVoice,Psychic,TrickRoom,Protect|||M|||50|,,,,,Water]Amoonguss||MentalHerb|Regenerator|PollenPuff,RagePowder,Spore,Protect|||F|||50|,,,,,Water]Sneasler||FocusSash|Unburden|DireClaw,CloseCombat,ThroatChop,Protect|||F|||50|,,,,,Stellar]Dragapult||ChoiceBand|ClearBody|DragonDarts,PhantomForce,Outrage,Uturn|||M|||50|,,,,,Dragon]Gholdengo||LifeOrb|GoodasGold|MakeItRain,ShadowBall,DazzlingGleam,Protect||||||50|,,,,,Fairy
|inactive|Battle timer is ON: inactive players will automatically lose when time's up. (requested by PidoveQ)
|c|☆ShackWoods|gl fh
|c|☆ShackWoods|...
|c|☆ShackWoods|gl hf
|c|☆PidoveQ|glhf :D
|inactive|ShackWoods has 60 seconds left.
|
|t:|1755112179
|teamsize|p1|4
|teamsize|p2|4
|start
|switch|p1a: Lilligant|Lilligant-Hisui, L50, F|100/100
|switch|p1b: Torkoal|Torkoal, L50, M|100/100
|switch|p2a: Yggalag|Incineroar, L50, M, shiny|100/100
|switch|p2b: Safety car|Farigiraf, L50, M, shiny|100/100
|-ability|p2a: Yggalag|Intimidate|boost
|-unboost|p1a: Lilligant|atk|1
|-unboost|p1b: Torkoal|atk|1
|-weather|SunnyDay|[from] ability: Drought|[of] p1b: Torkoal
|turn|1
|
|t:|1755112196
|-terastallize|p1a: Lilligant|Ghost
|move|p2b: Safety car|Protect|p2b: Safety car
|-singleturn|p2b: Safety car|Protect
|move|p1b: Torkoal|Protect|p1b: Torkoal
|-singleturn|p1b: Torkoal|Protect
|move|p1a: Lilligant|Close Combat|p2a: Yggalag
|-supereffective|p2a: Yggalag
|-damage|p2a: Yggalag|31/100
|-unboost|p1a: Lilligant|def|1
|-unboost|p1a: Lilligant|spd|1
|move|p2a: Yggalag|Flare Blitz|p1a: Lilligant
|-enditem|p1a: Lilligant|Focus Sash
|-damage|p1a: Lilligant|1/100
|-damage|p2a: Yggalag|7/100|[from] Recoil
|
|-weather|SunnyDay|[upkeep]
|upkeep
|turn|2
|
|t:|1755112213
|switch|p2a: Sassy|Sneasler, L50, F, shiny|100/100
|move|p2b: Safety car|Protect|p2b: Safety car
|-singleturn|p2b: Safety car|Protect
|move|p1a: Lilligant|After You|p1b: Torkoal
|-activate|p1b: Torkoal|move: After You
|move|p1b: Torkoal|Eruption|p2a: Sassy|[spread] p2a
|-activate|p2b: Safety car|move: Protect
|-enditem|p2a: Sassy|Focus Sash
|-damage|p2a: Sassy|1/100
|
|-weather|SunnyDay|[upkeep]
|upkeep
|turn|3
|inactive|ShackWoods has 30 seconds left.
|inactive|ShackWoods has 20 seconds left.
|
|t:|1755112252
|switch|p1a: Ursaluna|Ursaluna, L50, F|100/100
|move|p1b: Torkoal|Protect|p1b: Torkoal
|-singleturn|p1b: Torkoal|Protect
|move|p2a: Sassy|Dire Claw|p1a: Ursaluna
|-resisted|p1a: Ursaluna
|-damage|p1a: Ursaluna|85/100
|-status|p1a: Ursaluna|slp
|move|p2b: Safety car|Hyper Voice|p1b: Torkoal|[spread] p1a
|-activate|p1b: Torkoal|move: Protect
|-damage|p1a: Ursaluna|57/100 slp
|-enditem|p2b: Safety car|Throat Spray
|-boost|p2b: Safety car|spa|1|[from] item: Throat Spray
|
|-weather|SunnyDay|[upkeep]
|upkeep
|turn|4
|
|t:|1755112270
|move|p1b: Torkoal|Protect||[still]
|-fail|p1b: Torkoal
|move|p2a: Sassy|Close Combat|p1b: Torkoal
|-damage|p1b: Torkoal|56/100
|-unboost|p2a: Sassy|def|1
|-unboost|p2a: Sassy|spd|1
|move|p2b: Safety car|Hyper Voice|p1a: Ursaluna|[spread] p1a,p1b
|-damage|p1a: Ursaluna|17/100 slp
|-damage|p1b: Torkoal|0 fnt
|faint|p1b: Torkoal
|cant|p1a: Ursaluna|slp
|
|-weather|SunnyDay|[upkeep]
|upkeep
|
|t:|1755112286
|switch|p1b: Indeedee|Indeedee-F, L50, F|100/100
|-fieldstart|move: Psychic Terrain|[from] ability: Psychic Surge|[of] p1b: Indeedee
|turn|5
|
|t:|1755112294
|-terastallize|p2a: Sassy|Stellar
|cant|p1a: Ursaluna|slp
|move|p2a: Sassy|Throat Chop|p1b: Indeedee
|-supereffective|p1b: Indeedee
|-damage|p1b: Indeedee|30/100
|-start|p1b: Indeedee|Throat Chop|[silent]
|-damage|p2a: Sassy|0 fnt|[from] item: Rocky Helmet|[of] p1b: Indeedee
|faint|p2a: Sassy
|move|p2b: Safety car|Hyper Voice|p1b: Indeedee|[spread] p1a,p1b
|-damage|p1a: Ursaluna|0 fnt
|-damage|p1b: Indeedee|0 fnt
|faint|p1a: Ursaluna
|faint|p1b: Indeedee
|
|-weather|none
|upkeep
|c|☆PidoveQ|gg
|c|☆ShackWoods|gg
|
|t:|1755112308
|switch|p2a: Nirnroot|Amoonguss, L50, F, shiny|100/100
|switch|p1b: Lilligant|Lilligant-Hisui, L50, F, tera:Ghost|1/100
|turn|6
|
|t:|1755112313
|move|p2a: Nirnroot|Rage Powder|p2a: Nirnroot
|-singleturn|p2a: Nirnroot|move: Rage Powder
|move|p1b: Lilligant|Triple Axel|p2a: Nirnroot
|-supereffective|p2a: Nirnroot
|-damage|p2a: Nirnroot|89/100
|-supereffective|p2a: Nirnroot
|-damage|p2a: Nirnroot|69/100
|-supereffective|p2a: Nirnroot
|-damage|p2a: Nirnroot|39/100
|-hitcount|p2a: Nirnroot|3
|move|p2b: Safety car|Psychic|p1b: Lilligant
|-damage|p1b: Lilligant|0 fnt
|faint|p1b: Lilligant
|
|win|PidoveQ
|raw|ShackWoods's rating: 1199 → 1187(-12 for losing)
|raw|PidoveQ's rating: 1408 → 1417(+9 for winning)
