|j|☆ilikecsr
|j|☆KMMULLER2020
|html|ilikecsrKMMULLER2020    
|uhtml|bestof|Game 2 of a best-of-3
|t:|1786096664
|gametype|doubles
|player|p1|ilikecsr|volkner|1209
|player|p2|KMMULLER2020|nate|1191
|gen|9
|tier|[Gen 9 Champions] VGC 2026 Reg M-B (Bo3)
|rated|
|rule|Species Clause: Limit one of each Pokémon
|rule|Item Clause: Limit 1 of each item
|clearpoke
|poke|p1|Swampert, L50, F|
|poke|p1|Archaludon, L50, M|
|poke|p1|Sableye, L50, F|
|poke|p1|Sinistcha-Masterpiece, L50|
|poke|p1|Pelipper, L50, F|
|poke|p1|Floette-Eternal, L50, F|
|poke|p2|Gengar, L50, F|
|poke|p2|Politoed, L50, F|
|poke|p2|Incineroar, L50, F|
|poke|p2|Sinistcha, L50|
|poke|p2|Hydreigon, L50, M|
|poke|p2|Aggron, L50, M|
|teampreview|4
|showteam|p1|Swampert||Swampertite|Torrent|WaveCrash,Earthquake,IcePunch,Protect|Adamant||F|||50|]Archaludon||Leftovers|Stamina|ElectroShot,DragonPulse,FlashCannon,Protect|Modest||M|||50|]Sableye||LightClay|Prankster|Reflect,LightScreen,RainDance,Encore|Sassy||F|||50|]Sinistcha-Masterpiece||ColburBerry|Hospitality|MatchaGotcha,RagePowder,TrickRoom,Protect|Sassy|||||50|]Pelipper||FocusSash|Drizzle|WeatherBall,Hurricane,Tailwind,Protect|Modest||F|||50|]Floette-Eternal||Floettite|FlowerVeil|Moonblast,DazzlingGleam,LightofRuin,Protect|Modest||F|||50|
|showteam|p2|Gengar||Gengarite|CursedBody|Protect,PerishSong,Disable,ShadowBall|Timid||F|||50|]Politoed||Leftovers|Drizzle|Protect,PerishSong,Encore,WeatherBall|Sassy||F|||50|]Incineroar||SitrusBerry|Intimidate|Protect,FakeOut,PartingShot,ThroatChop|Relaxed||F|||50|]Sinistcha||FocusSash|Hospitality|Protect,RagePowder,TrickRoom,MatchaGotcha|Relaxed|||||50|]Hydreigon||LifeOrb|Levitate|Protect,NastyPlot,DragonPulse,DarkPulse|Modest||M|||50|]Aggron||Aggronite|Sturdy|Protect,IronDefense,BodyPress,StoneEdge|Sassy||M|||50|
|inactive|Battle timer is ON: inactive players will automatically lose when time's up. (requested by KMMULLER2020)
|inactive|ilikecsr also wants the timer to be on.
|
|t:|1786096690
|teamsize|p1|4
|teamsize|p2|4
|start
|switch|p1a: Katappa|Pelipper, L50, F|100/100
|switch|p1b: Maithan Steel|Archaludon, L50, M|100/100
|switch|p2a: Gengar|Gengar, L50, F|100/100
|switch|p2b: Incineroar|Incineroar, L50, F|100/100
|-weather|RainDance|[from] ability: Drizzle|[of] p1a: Katappa
|-ability|p2b: Incineroar|Intimidate|boost
|-unboost|p1a: Katappa|atk|1
|-unboost|p1b: Maithan Steel|atk|1
|turn|1
|inactive|ilikecsr has 30 seconds left.
|
|t:|1786096717
|detailschange|p2a: Gengar|Gengar-Mega, L50, F
|-mega|p2a: Gengar|Gengar|Gengarite
|move|p2b: Incineroar|Fake Out|p1a: Katappa
|-damage|p1a: Katappa|86/100
|move|p2a: Gengar|Perish Song|p2a: Gengar
|-start|p1a: Katappa|perish3|[silent]
|-start|p1b: Maithan Steel|perish3|[silent]
|-start|p2a: Gengar|perish3|[silent]
|-start|p2b: Incineroar|perish3|[silent]
|-fieldactivate|move: Perish Song
|cant|p1a: Katappa|flinch
|move|p1b: Maithan Steel|Electro Shot||[still]
|-prepare|p1b: Maithan Steel|Electro Shot
|-boost|p1b: Maithan Steel|spa|1
|-anim|p1b: Maithan Steel|Electro Shot|p2a: Gengar
|-damage|p2a: Gengar|31/100
|
|-weather|RainDance|[upkeep]
|-start|p2a: Gengar|perish3
|-start|p1a: Katappa|perish3
|-start|p1b: Maithan Steel|perish3
|-start|p2b: Incineroar|perish3
|upkeep
|turn|2
|
|t:|1786096737
|move|p2a: Gengar|Protect|p2a: Gengar
|-singleturn|p2a: Gengar|Protect
|move|p1a: Katappa|Weather Ball|p2b: Incineroar
|-supereffective|p2b: Incineroar|1
|-damage|p2b: Incineroar|0 fnt
|faint|p2b: Incineroar
|move|p1b: Maithan Steel|Dragon Pulse|p2a: Gengar
|-activate|p2a: Gengar|move: Protect
|
|-weather|RainDance|[upkeep]
|-start|p2a: Gengar|perish2
|-start|p1a: Katappa|perish2
|-start|p1b: Maithan Steel|perish2
|upkeep
|
|t:|1786096753
|switch|p2b: Sinistcha|Sinistcha, L50|100/100
|-heal|p2a: Gengar|55/100|[from] ability: Hospitality|[of] p2b: Sinistcha
|turn|3
|
|t:|1786096762
|move|p2b: Sinistcha|Rage Powder|p2b: Sinistcha
|-singleturn|p2b: Sinistcha|move: Rage Powder
|move|p2a: Gengar|Disable|p1b: Maithan Steel
|-start|p1b: Maithan Steel|Disable|Dragon Pulse
|move|p1a: Katappa|Hurricane|p2b: Sinistcha
|-supereffective|p2b: Sinistcha|1
|-damage|p2b: Sinistcha|1/100
|move|p1b: Maithan Steel|Electro Shot||[still]
|-prepare|p1b: Maithan Steel|Electro Shot
|-boost|p1b: Maithan Steel|spa|1
|-anim|p1b: Maithan Steel|Electro Shot|p2b: Sinistcha
|-resisted|p2b: Sinistcha|1
|-damage|p2b: Sinistcha|0 fnt
|faint|p2b: Sinistcha
|
|-weather|RainDance|[upkeep]
|-start|p2a: Gengar|perish1
|-start|p1a: Katappa|perish1
|-start|p1b: Maithan Steel|perish1
|upkeep
|
|t:|1786096778
|switch|p2b: Politoed|Politoed, L50, F|100/100
|turn|4
|
|t:|1786096789
|move|p2a: Gengar|Protect|p2a: Gengar
|-singleturn|p2a: Gengar|Protect
|move|p2b: Politoed|Protect|p2b: Politoed
|-singleturn|p2b: Politoed|Protect
|move|p1a: Katappa|Hurricane|p2b: Politoed
|-activate|p2b: Politoed|move: Protect
|move|p1b: Maithan Steel|Electro Shot||[still]
|-prepare|p1b: Maithan Steel|Electro Shot
|-boost|p1b: Maithan Steel|spa|1
|-anim|p1b: Maithan Steel|Electro Shot|p2b: Politoed
|-activate|p2b: Politoed|move: Protect
|
|-weather|RainDance|[upkeep]
|-start|p2a: Gengar|perish0
|-start|p1a: Katappa|perish0
|-start|p1b: Maithan Steel|perish0
|faint|p2a: Gengar
|faint|p1a: Katappa
|faint|p1b: Maithan Steel
|upkeep
|
|t:|1786096801
|switch|p1a: Bahubali|Swampert, L50, F|100/100
|switch|p1b: Floette|Floette-Eternal, L50, F|100/100
|turn|5
|
|t:|1786096815
|detailschange|p1b: Floette|Floette-Mega, L50, F
|-mega|p1b: Floette|Floette|Floettite
|-ability|p1b: Floette|Fairy Aura
|move|p1b: Floette|Moonblast|p2b: Politoed
|-damage|p2b: Politoed|32/100
|move|p1a: Bahubali|Wave Crash|p2b: Politoed
|-resisted|p2b: Politoed|1
|-damage|p2b: Politoed|0 fnt
|faint|p2b: Politoed
|-damage|p1a: Bahubali|88/100|[from] Recoil
|
|win|ilikecsr
|inactive|ilikecsr has 30 seconds to confirm battle start!
|inactive|KMMULLER2020 has 30 seconds to confirm battle start!
||ilikecsr is ready for game 3.
||KMMULLER2020 is ready for game 3.
|uhtml|next|Next: Game 3 of 3
