|j|☆teruelgang
|j|☆bighamsterbaseball
|html|teruelgangbighamsterbaseball    
|uhtml|bestof|Game 1 of a best-of-3
|t:|1785017101
|gametype|doubles
|player|p1|teruelgang|102|1123
|player|p2|bighamsterbaseball|pokemaniac|1268
|gen|9
|tier|[Gen 9 Champions] VGC 2026 Reg M-B (Bo3)
|rated|
|rule|Species Clause: Limit one of each Pokémon
|rule|Item Clause: Limit 1 of each item
|clearpoke
|poke|p1|Charizard, L50, M|
|poke|p1|Grimmsnarl, L50, M|
|poke|p1|Pelipper, L50, M|
|poke|p1|Archaludon, L50, M|
|poke|p1|Basculegion, L50, M|
|poke|p1|Venusaur, L50, F|
|poke|p2|Pyroar, L50, F|
|poke|p2|Scrafty, L50, F|
|poke|p2|Torkoal, L50, M|
|poke|p2|Farigiraf, L50, M|
|poke|p2|Sneasler, L50, M|
|poke|p2|Mamoswine, L50, F|
|teampreview|4
|showteam|p1|Charizard||CharizarditeY|Blaze|HeatWave,WeatherBall,SolarBeam,Protect|Modest||M|||50|]Grimmsnarl||LightClay|Prankster|SpiritBreak,Reflect,LightScreen,PartingShot|Sassy||M|||50|]Pelipper||SitrusBerry|Drizzle|WeatherBall,Hurricane,Tailwind,WideGuard|Modest||M|||50|]Archaludon||Leftovers|Stamina|FlashCannon,DragonPulse,ElectroShot,Protect|Calm||M|||50|]Basculegion||ChoiceScarf|Adaptability|WaveCrash,AquaJet,LastRespects,FlipTurn|Jolly||M|||50|]Venusaur||FocusSash|Chlorophyll|SludgeBomb,EarthPower,SleepPowder,Protect|Modest||F|||50|
|showteam|p2|Pyroar||Pyroarite|Unnerve|HeatWave,Overheat,SolarBeam,Protect|Timid||F|||50|]Scrafty||Scraftinite|Intimidate|FakeOut,DrainPunch,KnockOff,IcePunch|Adamant||F|||50|]Torkoal||Leftovers|Drought|HeatWave,Yawn,HelpingHand,Protect|Relaxed||M|||50|]Farigiraf||SitrusBerry|ArmorTail|Psychic,HyperVoice,TrickRoom,NastyPlot|Sassy||M|||50|]Sneasler||LifeOrb|PoisonTouch|CloseCombat,PoisonJab,RockSlide,Protect|Adamant||M|||50|]Mamoswine||FocusSash|Oblivious|IceShard,HighHorsepower,FreezeDry,Protect|Rash||F|||50|
|inactive|Battle timer is ON: inactive players will automatically lose when time's up. (requested by teruelgang)
|inactive|bighamsterbaseball has 60 seconds left.
|
|t:|1785017155
|teamsize|p1|4
|teamsize|p2|4
|start
|switch|p1a: Venusaur|Venusaur, L50, F|100/100
|switch|p1b: Basculegion|Basculegion, L50, M|100/100
|switch|p2a: Sneasler|Sneasler, L50, M|100/100
|switch|p2b: Mamoswine|Mamoswine, L50, F|100/100
|turn|1
|
|t:|1785017178
|move|p1a: Venusaur|Protect|p1a: Venusaur
|-singleturn|p1a: Venusaur|Protect
|move|p2b: Mamoswine|Protect|p2b: Mamoswine
|-singleturn|p2b: Mamoswine|Protect
|move|p1b: Basculegion|Flip Turn|p2b: Mamoswine
|-activate|p2b: Mamoswine|move: Protect
|move|p2a: Sneasler|Rock Slide|p1a: Venusaur|[spread] p1b
|-activate|p1a: Venusaur|move: Protect
|-damage|p1b: Basculegion|66/100
|-damage|p2a: Sneasler|90/100|[from] item: Life Orb
|
|upkeep
|turn|2
|inactive|bighamsterbaseball has 30 seconds left.
|
|t:|1785017204
|switch|p1a: Pelipper|Pelipper, L50, M|100/100
|-weather|RainDance|[from] ability: Drizzle|[of] p1a: Pelipper
|move|p2a: Sneasler|Protect|p2a: Sneasler
|-singleturn|p2a: Sneasler|Protect
|move|p1b: Basculegion|Flip Turn|p2a: Sneasler
|-activate|p2a: Sneasler|move: Protect
|move|p2b: Mamoswine|Freeze-Dry|p1a: Pelipper
|-supereffective|p1a: Pelipper|2
|-damage|p1a: Pelipper|0 fnt
|faint|p1a: Pelipper
|
|-weather|RainDance|[upkeep]
|upkeep
|
|t:|1785017219
|switch|p1a: Venusaur|Venusaur, L50, F|100/100
|turn|3
|inactive|bighamsterbaseball has 30 seconds left.
|
|t:|1785017245
|move|p1b: Basculegion|Flip Turn|p2a: Sneasler
|-damage|p2a: Sneasler|0 fnt
|faint|p2a: Sneasler
|
|t:|1785017249
|switch|p1b: Archaludon|Archaludon, L50, M|100/100|[from] Flip Turn
|move|p1a: Venusaur|Sleep Powder|p2b: Mamoswine
|-status|p2b: Mamoswine|slp|[from] move: Sleep Powder
|cant|p2b: Mamoswine|slp
|
|-weather|RainDance|[upkeep]
|upkeep
|
|t:|1785017261
|switch|p2a: Pyroar|Pyroar, L50, F|100/100
|-ability|p2a: Pyroar|Unnerve
|turn|4
|
|t:|1785017272
|move|p2a: Pyroar|Protect|p2a: Pyroar
|-singleturn|p2a: Pyroar|Protect
|cant|p2b: Mamoswine|slp
|move|p1b: Archaludon|Protect|p1b: Archaludon
|-singleturn|p1b: Archaludon|Protect
|move|p1a: Venusaur|Sleep Powder|p2a: Pyroar
|-activate|p2a: Pyroar|move: Protect
|
|-weather|RainDance|[upkeep]
|upkeep
|turn|5
|
|t:|1785017293
|detailschange|p2a: Pyroar|Pyroar-Mega, L50, F
|-mega|p2a: Pyroar|Pyroar|Pyroarite
|-curestatus|p2b: Mamoswine|slp|[msg]
|move|p2b: Mamoswine|Ice Shard|p1a: Venusaur
|-supereffective|p1a: Venusaur|1
|-damage|p1a: Venusaur|42/100
|move|p2a: Pyroar|Heat Wave|p1b: Archaludon|[spread] p1a,p1b
|-supereffective|p1a: Venusaur|1
|-damage|p1a: Venusaur|0 fnt
|-damage|p1b: Archaludon|78/100
|-ability|p1b: Archaludon|Stamina|boost
|-boost|p1b: Archaludon|def|1
|faint|p1a: Venusaur
|move|p1b: Archaludon|Flash Cannon|p2b: Mamoswine
|-supereffective|p2b: Mamoswine|1
|-crit|p2b: Mamoswine
|-enditem|p2b: Mamoswine|Focus Sash
|-damage|p2b: Mamoswine|1/100
|
|-weather|RainDance|[upkeep]
|-heal|p1b: Archaludon|84/100|[from] item: Leftovers
|upkeep
|
|t:|1785017304
|switch|p1a: Basculegion|Basculegion, L50, M|66/100
|turn|6
|
|t:|1785017326
|move|p2a: Pyroar|Protect|p2a: Pyroar
|-singleturn|p2a: Pyroar|Protect
|move|p1a: Basculegion|Last Respects|p2b: Mamoswine
|-damage|p2b: Mamoswine|0 fnt
|faint|p2b: Mamoswine
|move|p1b: Archaludon|Dragon Pulse|p2a: Pyroar
|-activate|p2a: Pyroar|move: Protect
|
|-weather|none
|-heal|p1b: Archaludon|90/100|[from] item: Leftovers
|upkeep
|
|t:|1785017331
|switch|p2b: Torkoal|Torkoal, L50, M|100/100
|-weather|SunnyDay|[from] ability: Drought|[of] p2b: Torkoal
|turn|7
|
|t:|1785017343
|move|p2b: Torkoal|Helping Hand|p2a: Pyroar
|-singleturn|p2a: Pyroar|Helping Hand|[of] p2b: Torkoal
|move|p1a: Basculegion|Last Respects|p2b: Torkoal
|-damage|p2b: Torkoal|38/100
|move|p2a: Pyroar|Heat Wave|p1b: Archaludon|[spread] p1a,p1b
|-resisted|p1a: Basculegion|1
|-damage|p1a: Basculegion|0 fnt
|-damage|p1b: Archaludon|0 fnt
|faint|p1a: Basculegion
|faint|p1b: Archaludon
|
|win|bighamsterbaseball
||teruelgang is ready for game 2.
|inactive|bighamsterbaseball has 30 seconds to confirm battle start!
||bighamsterbaseball is ready for game 2.
|uhtml|next|Next: Game 2 of 3
|l|☆teruelgang
|player|p1|
