|j|☆MidoMidori
|j|☆chaoticfarmer
|html|MidoMidorichaoticfarmer    
|uhtml|bestof|Game 2 of a best-of-3
|t:|1756599863
|gametype|doubles
|player|p1|MidoMidori|roxanne-gen6|1184
|player|p2|chaoticfarmer|norman|1277
|gen|9
|tier|[Gen 9] VGC 2025 Reg H (Bo3)
|rated|
|rule|Species Clause: Limit one of each Pokémon
|rule|Item Clause: Limit 1 of each item
|clearpoke
|poke|p1|Sneasler, L50, F|
|poke|p1|Indeedee, L50, M|
|poke|p1|Volcarona, L50, M|
|poke|p1|Ursaluna-Bloodmoon, L50, M|
|poke|p1|Annihilape, L50, F|
|poke|p1|Tyranitar, L50, M|
|poke|p2|Rillaboom, L50, M|
|poke|p2|Pelipper, L50, M|
|poke|p2|Sneasler, L50, F|
|poke|p2|Cetitan, L50, F|
|poke|p2|Malamar, L50, M|
|poke|p2|Ursaluna-Bloodmoon, L50, M|
|teampreview|4
|showteam|p1|Sneasler||PsychicSeed|Unburden|CloseCombat,DireClaw,ThroatChop,Protect|||F|||50|,,,,,Dark]Indeedee||ChoiceScarf|PsychicSurge|ExpandingForce,TeraBlast,Trick,Protect|||M|||50|,,,,,Psychic]Volcarona||SitrusBerry|FlameBody|Overheat,StruggleBug,RagePowder,Tailwind|||M|||50|,,,,,Grass]Ursaluna-Bloodmoon||LifeOrb|MindsEye|BloodMoon,HyperVoice,EarthPower,Protect|||M|||50|,,,,,Normal]Annihilape||SafetyGoggles|Defiant|CloseCombat,RageFist,Taunt,FinalGambit|||F|||50|,,,,,Fairy]Tyranitar||AssaultVest|SandStream|RockSlide,KnockOff,TeraBlast,LowKick|||M|||50|,,,,,Flying
|showteam|p2|Rillaboom||AssaultVest|GrassySurge|FakeOut,GrassyGlide,WoodHammer,Uturn|||M|||50|,,,,,Fire]Pelipper||FocusSash|Drizzle|Tailwind,Hurricane,WideGuard,WeatherBall|||M|||50|,,,,,Ghost]Sneasler||GrassySeed|Unburden|CloseCombat,DireClaw,Taunt,Protect|||F|||50|,,,,,Dark]Cetitan||LifeOrb|SheerForce|IcicleCrash,Liquidation,IceShard,Protect|||F|||50|,,,,,Water]Malamar||CovertCloak|Contrary|PsychoCut,KnockOff,Superpower,TrickRoom|||M|||50|,,,,,Steel]Ursaluna-Bloodmoon||SilkScarf|MindsEye|BloodMoon,HyperVoice,EarthPower,Protect|||M|||50|,,,,,Ghost
|inactive|Battle timer is ON: inactive players will automatically lose when time's up. (requested by chaoticfarmer)
|inactive|chaoticfarmer has 60 seconds left.
|
|t:|1756599896
|teamsize|p1|4
|teamsize|p2|4
|start
|switch|p1a: Sneasler|Sneasler, L50, F|100/100
|switch|p1b: Indeedee|Indeedee, L50, M|100/100
|switch|p2a: Malamar|Malamar, L50, M|100/100
|switch|p2b: Pelipper|Pelipper, L50, M|100/100
|-fieldstart|move: Psychic Terrain|[from] ability: Psychic Surge|[of] p1b: Indeedee
|-enditem|p1a: Sneasler|Psychic Seed
|-boost|p1a: Sneasler|spd|1|[from] item: Psychic Seed
|-weather|RainDance|[from] ability: Drizzle|[of] p2b: Pelipper
|turn|1
|inactive|chaoticfarmer has 30 seconds left.
|inactive|chaoticfarmer has 20 seconds left.
|
|t:|1756599933
|switch|p2b: Rillaboom|Rillaboom, L50, M|100/100
|-fieldstart|move: Grassy Terrain|[from] ability: Grassy Surge|[of] p2b: Rillaboom
|move|p1a: Sneasler|Close Combat|p2a: Malamar
|-damage|p2a: Malamar|31/100
|-unboost|p1a: Sneasler|def|1
|-unboost|p1a: Sneasler|spd|1
|move|p1b: Indeedee|Tera Blast|p2a: Malamar
|-damage|p2a: Malamar|0 fnt
|faint|p2a: Malamar
|
|-weather|RainDance|[upkeep]
|upkeep
|
|t:|1756599945
|switch|p2a: Pelipper|Pelipper, L50, M|100/100
|turn|2
|
|t:|1756599959
|switch|p1b: Volcarona|Volcarona, L50, M|100/100
|move|p1a: Sneasler|Protect|p1a: Sneasler
|-singleturn|p1a: Sneasler|Protect
|move|p2a: Pelipper|Hurricane|p1a: Sneasler
|-activate|p1a: Sneasler|move: Protect
|move|p2b: Rillaboom|U-turn|p1a: Sneasler
|-activate|p1a: Sneasler|move: Protect
|
|-weather|RainDance|[upkeep]
|upkeep
|turn|3
|
|t:|1756599969
|move|p1a: Sneasler|Dire Claw|p2b: Rillaboom
|-supereffective|p2b: Rillaboom
|-damage|p2b: Rillaboom|15/100
|-status|p2b: Rillaboom|slp
|move|p1b: Volcarona|Tailwind|p1b: Volcarona
|-sidestart|p1: MidoMidori|move: Tailwind
|move|p2a: Pelipper|Hurricane|p1b: Volcarona
|-supereffective|p1b: Volcarona
|-damage|p1b: Volcarona|17/100
|-enditem|p1b: Volcarona|Sitrus Berry|[eat]
|-heal|p1b: Volcarona|42/100|[from] item: Sitrus Berry
|cant|p2b: Rillaboom|slp
|
|-weather|RainDance|[upkeep]
|-heal|p1b: Volcarona|48/100|[from] Grassy Terrain
|-heal|p2b: Rillaboom|21/100 slp|[from] Grassy Terrain
|upkeep
|turn|4
|inactive|chaoticfarmer has 30 seconds left.
|
|t:|1756599997
|move|p1a: Sneasler|Dire Claw|p2a: Pelipper
|-damage|p2a: Pelipper|41/100
|-status|p2a: Pelipper|psn
|move|p1b: Volcarona|Struggle Bug|p2b: Rillaboom|[spread] p2a,p2b
|-resisted|p2a: Pelipper
|-supereffective|p2b: Rillaboom
|-damage|p2a: Pelipper|28/100 psn
|-damage|p2b: Rillaboom|0 fnt
|-unboost|p2a: Pelipper|spa|1
|faint|p2b: Rillaboom
|move|p2a: Pelipper|Hurricane|p1a: Sneasler
|-supereffective|p1a: Sneasler
|-damage|p1a: Sneasler|8/100
|
|-weather|RainDance|[upkeep]
|-heal|p1a: Sneasler|13/100|[from] Grassy Terrain
|-heal|p1b: Volcarona|54/100|[from] Grassy Terrain
|-damage|p2a: Pelipper|15/100 psn|[from] psn
|upkeep
|
|t:|1756600005
|switch|p2b: Sneasler|Sneasler, L50, F|100/100
|-enditem|p2b: Sneasler|Grassy Seed
|-boost|p2b: Sneasler|def|1|[from] item: Grassy Seed
|turn|5
|
|t:|1756600025
|move|p1a: Sneasler|Dire Claw|p2a: Pelipper
|-damage|p2a: Pelipper|0 fnt
|faint|p2a: Pelipper
|move|p2b: Sneasler|Dire Claw|p1b: Volcarona
|-damage|p1b: Volcarona|0 fnt
|faint|p1b: Volcarona
|
|-weather|none
|-heal|p1a: Sneasler|19/100|[from] Grassy Terrain
|-fieldend|move: Grassy Terrain
|upkeep
|
|t:|1756600028
|switch|p1b: Indeedee|Indeedee, L50, M|100/100
|-fieldstart|move: Psychic Terrain|[from] ability: Psychic Surge|[of] p1b: Indeedee
|turn|6
|
|t:|1756600038
|-terastallize|p1b: Indeedee|Psychic
|move|p2b: Sneasler|Protect|p2b: Sneasler
|-singleturn|p2b: Sneasler|Protect
|move|p1a: Sneasler|Dire Claw|p2b: Sneasler
|-activate|p2b: Sneasler|move: Protect
|move|p1b: Indeedee|Expanding Force|p2b: Sneasler
|-activate|p2b: Sneasler|move: Protect
|
|-sideend|p1: MidoMidori|move: Tailwind
|upkeep
|turn|7
|
|t:|1756600045
|-terastallize|p2b: Sneasler|Dark
|move|p1a: Sneasler|Dire Claw|p2b: Sneasler
|-damage|p2b: Sneasler|46/100
|move|p2b: Sneasler|Dire Claw|p1a: Sneasler
|-resisted|p1a: Sneasler
|-damage|p1a: Sneasler|0 fnt
|faint|p1a: Sneasler
|move|p1b: Indeedee|Expanding Force|p2b: Sneasler
|-immune|p2b: Sneasler
|
|upkeep
|
|t:|1756600049
|switch|p1a: Ursaluna|Ursaluna-Bloodmoon, L50, M|100/100
|turn|8
|
|t:|1756600057
|move|p2b: Sneasler|Close Combat|p1a: Ursaluna
|-supereffective|p1a: Ursaluna
|-damage|p1a: Ursaluna|0 fnt
|-unboost|p2b: Sneasler|def|1
|-unboost|p2b: Sneasler|spd|1
|faint|p1a: Ursaluna
|move|p1b: Indeedee|Expanding Force|p2b: Sneasler
|-immune|p2b: Sneasler
|
|upkeep
|turn|9
|-message|MidoMidori forfeited.
|
|win|chaoticfarmer
|raw|MidoMidori's rating: 1184 → 1166(-18 for losing)
|raw|chaoticfarmer's rating: 1277 → 1295(+18 for winning)
