|j|☆jgm1234
|j|☆Olympicsvgc
|html|jgm1234Olympicsvgc    
|uhtml|bestof|Game 1 of a best-of-3
|t:|1785841642
|gametype|doubles
|player|p1|jgm1234|emmet|1265
|player|p2|Olympicsvgc|dawn|1319
|gen|9
|tier|[Gen 9 Champions] VGC 2026 Reg M-B (Bo3)
|rated|
|rule|Species Clause: Limit one of each Pokémon
|rule|Item Clause: Limit 1 of each item
|clearpoke
|poke|p1|Charizard, L50, F|
|poke|p1|Toxapex, L50, F|
|poke|p1|Incineroar, L50, F|
|poke|p1|Annihilape, L50, F|
|poke|p1|Garchomp, L50, M|
|poke|p1|Venusaur, L50, F|
|poke|p2|Delphox, L50, M|
|poke|p2|Archaludon, L50, M|
|poke|p2|Pelipper, L50, M|
|poke|p2|Sableye, L50, M|
|poke|p2|Sinistcha, L50|
|poke|p2|Swampert, L50, F|
|teampreview|4
|showteam|p1|Charizard||CharizarditeY|Blaze|HeatWave,WeatherBall,HelpingHand,Protect|Timid||F|||50|]Toxapex||Leftovers|Regenerator|Infestation,Toxic,WideGuard,BanefulBunker|Sassy||F|||50|]Incineroar||SitrusBerry|Intimidate|ThroatChop,FlareBlitz,FakeOut,PartingShot|Impish||F|||50|]Annihilape||FocusSash|Defiant|PhantomForce,CloseCombat,RockTomb,Protect|Jolly||F|||50|]Garchomp||ChoiceScarf|RoughSkin|Earthquake,StompingTantrum,DragonClaw,RockTomb|Adamant||M|||50|]Venusaur||LifeOrb|Chlorophyll|SolarBeam,SludgeBomb,EarthPower,Protect|Modest||F|||50|
|showteam|p2|Delphox||Delphoxite|Blaze|Protect,NastyPlot,HeatWave,Psyshock|Timid||M|||50|]Archaludon||Leftovers|Stamina|ElectroShot,Protect,DragonPulse,FlashCannon|Calm||M|||50|]Pelipper||SitrusBerry|Drizzle|Protect,Tailwind,WeatherBall,Hurricane|Modest||M|||50|]Sableye||LightClay|Prankster|FoulPlay,LightScreen,RainDance,Reflect|Calm||M|||50|]Sinistcha||KasibBerry|Hospitality|Protect,MatchaGotcha,RagePowder,LifeDew|Bold|||||50|]Swampert||Swampertite|Damp|Protect,WaveCrash,IcePunch,Earthquake|Adamant||F|||50|
|inactive|Battle timer is ON: inactive players will automatically lose when time's up. (requested by jgm1234)
|inactive|jgm1234 has 60 seconds left.
|
|t:|1785841687
|teamsize|p1|4
|teamsize|p2|4
|start
|switch|p1a: Garchomp|Garchomp, L50, M|100/100
|switch|p1b: Venusaur|Venusaur, L50, F|100/100
|switch|p2a: Sableye|Sableye, L50, M|100/100
|switch|p2b: Delphox|Delphox, L50, M|100/100
|turn|1
|
|t:|1785841706
|switch|p2b: Archaludon|Archaludon, L50, M|100/100
|move|p2a: Sableye|Light Screen|p2a: Sableye
|-sidestart|p2: Olympicsvgc|move: Light Screen
|move|p1a: Garchomp|Rock Tomb|p2b: Archaludon
|-resisted|p2b: Archaludon|1
|-damage|p2b: Archaludon|91/100
|-unboost|p2b: Archaludon|spe|1
|-ability|p2b: Archaludon|Stamina|boost
|-boost|p2b: Archaludon|def|1
|move|p1b: Venusaur|Sludge Bomb|p2b: Archaludon
|-immune|p2b: Archaludon
|
|-heal|p2b: Archaludon|97/100|[from] item: Leftovers
|upkeep
|turn|2
|
|t:|1785841723
|switch|p1a: Annihilape|Annihilape, L50, F|100/100
|move|p1b: Venusaur|Earth Power|p2a: Sableye
|-damage|p2a: Sableye|72/100
|-damage|p1b: Venusaur|90/100|[from] item: Life Orb
|move|p2b: Archaludon|Dragon Pulse|p1b: Venusaur
|-damage|p1b: Venusaur|47/100
|move|p2a: Sableye|Foul Play|p1b: Venusaur
|-damage|p1b: Venusaur|16/100
|
|-heal|p2b: Archaludon|100/100|[from] item: Leftovers
|upkeep
|turn|3
|
|t:|1785841739
|move|p2a: Sableye|Reflect|p2a: Sableye
|-sidestart|p2: Olympicsvgc|Reflect
|move|p1a: Annihilape|Close Combat|p2b: Archaludon
|-supereffective|p2b: Archaludon|1
|-damage|p2b: Archaludon|61/100
|-unboost|p1a: Annihilape|def|1
|-unboost|p1a: Annihilape|spd|1
|-ability|p2b: Archaludon|Stamina|boost
|-boost|p2b: Archaludon|def|1
|move|p1b: Venusaur|Earth Power|p2b: Archaludon
|-supereffective|p2b: Archaludon|1
|-damage|p2b: Archaludon|14/100
|-ability|p2b: Archaludon|Stamina|boost
|-boost|p2b: Archaludon|def|1
|-damage|p1b: Venusaur|6/100|[from] item: Life Orb
|move|p2b: Archaludon|Dragon Pulse|p1a: Annihilape
|-damage|p1a: Annihilape|39/100
|
|-heal|p2b: Archaludon|21/100|[from] item: Leftovers
|upkeep
|turn|4
|
|t:|1785841751
|move|p2b: Archaludon|Protect|p2b: Archaludon
|-singleturn|p2b: Archaludon|Protect
|move|p1a: Annihilape|Phantom Force||[still]
|-prepare|p1a: Annihilape|Phantom Force
|move|p1b: Venusaur|Earth Power|p2a: Sableye
|-damage|p2a: Sableye|43/100
|-damage|p1b: Venusaur|0 fnt|[from] item: Life Orb
|faint|p1b: Venusaur
|move|p2a: Sableye|Foul Play|p1a: Annihilape|[miss]
|-miss|p2a: Sableye|p1a: Annihilape
|
|-heal|p2b: Archaludon|27/100|[from] item: Leftovers
|upkeep
|
|t:|1785841765
|switch|p1b: Garchomp|Garchomp, L50, M|100/100
|turn|5
|
|t:|1785841778
|move|p1b: Garchomp|Earthquake|p2a: Sableye|[spread] p2a,p2b
|-miss|p1b: Garchomp|p1a: Annihilape
|-supereffective|p2b: Archaludon|1
|-damage|p2a: Sableye|9/100
|-damage|p2b: Archaludon|12/100
|-ability|p2b: Archaludon|Stamina|boost
|-boost|p2b: Archaludon|def|1
|move|p1a: Annihilape|Phantom Force|p2b: Archaludon|[from] lockedmove
|-damage|p2b: Archaludon|5/100
|-ability|p2b: Archaludon|Stamina|boost
|-boost|p2b: Archaludon|def|1
|move|p2b: Archaludon|Dragon Pulse|p1b: Garchomp
|-supereffective|p1b: Garchomp|1
|-damage|p1b: Garchomp|32/100
|move|p2a: Sableye|Foul Play|p1a: Annihilape
|-damage|p1a: Annihilape|0 fnt
|faint|p1a: Annihilape
|
|-heal|p2b: Archaludon|11/100|[from] item: Leftovers
|upkeep
|
|t:|1785841783
|switch|p1a: Charizard|Charizard, L50, F|100/100
|turn|6
|
|t:|1785841794
|move|p2b: Archaludon|Protect|p2b: Archaludon
|-singleturn|p2b: Archaludon|Protect
|move|p2a: Sableye|Rain Dance|p2a: Sableye
|-weather|RainDance
|move|p1b: Garchomp|Earthquake|p2a: Sableye|[spread] p2a
|-activate|p2b: Archaludon|move: Protect
|-immune|p1a: Charizard
|-damage|p2a: Sableye|0 fnt
|faint|p2a: Sableye
|move|p1a: Charizard|Heat Wave|p2b: Archaludon
|-activate|p2b: Archaludon|move: Protect
|
|-weather|RainDance|[upkeep]
|-heal|p2b: Archaludon|17/100|[from] item: Leftovers
|upkeep
|
|t:|1785841799
|switch|p2a: Delphox|Delphox, L50, M|100/100
|turn|7
|inactive|Olympicsvgc has 30 seconds left.
|
|t:|1785841824
|switch|p2b: Pelipper|Pelipper, L50, M|100/100
|detailschange|p2a: Delphox|Delphox-Mega, L50, M
|-mega|p2a: Delphox|Delphox|Delphoxite
|move|p2a: Delphox|Protect|p2a: Delphox
|-singleturn|p2a: Delphox|Protect
|move|p1b: Garchomp|Earthquake|p2a: Delphox|[spread] 
|-activate|p2a: Delphox|move: Protect
|-immune|p1a: Charizard
|-immune|p2b: Pelipper
|move|p1a: Charizard|Heat Wave|p2a: Delphox|[spread] p2b
|-activate|p2a: Delphox|move: Protect
|-resisted|p2b: Pelipper|1
|-damage|p2b: Pelipper|92/100
|
|-weather|RainDance|[upkeep]
|upkeep
|turn|8
|
|t:|1785841846
|switch|p2a: Archaludon|Archaludon, L50, M|17/100
|detailschange|p1a: Charizard|Charizard-Mega-Y, L50, F
|-mega|p1a: Charizard|Charizard|Charizardite Y
|-weather|SunnyDay|[from] ability: Drought|[of] p1a: Charizard
|move|p1b: Garchomp|Earthquake|p2a: Archaludon|[spread] p2a
|-immune|p1a: Charizard
|-immune|p2b: Pelipper
|-supereffective|p2a: Archaludon|1
|-damage|p2a: Archaludon|0 fnt
|faint|p2a: Archaludon
|move|p1a: Charizard|Heat Wave|p2b: Pelipper
|-resisted|p2b: Pelipper|1
|-damage|p2b: Pelipper|55/100
|move|p2b: Pelipper|Weather Ball|p1b: Garchomp
|-resisted|p1b: Garchomp|1
|-damage|p1b: Garchomp|14/100
|
|-weather|SunnyDay|[upkeep]
|-sideend|p2: Olympicsvgc|move: Light Screen
|upkeep
|
|t:|1785841851
|switch|p2a: Delphox|Delphox-Mega, L50, M|100/100
|turn|9
|
|t:|1785841870
|move|p1b: Garchomp|Earthquake|p2a: Delphox|[spread] 
|-immune|p1a: Charizard
|-immune|p2a: Delphox|[from] ability: Levitate
|-immune|p2b: Pelipper
|move|p2a: Delphox|Nasty Plot|p2a: Delphox
|-boost|p2a: Delphox|spa|2
|move|p1a: Charizard|Weather Ball|p2b: Pelipper
|-resisted|p2b: Pelipper|1
|-damage|p2b: Pelipper|0 fnt
|faint|p2b: Pelipper
|
|-weather|SunnyDay|[upkeep]
|upkeep
|turn|10
|
|t:|1785841876
|move|p1b: Garchomp|Earthquake|p2a: Delphox|[spread] 
|-immune|p1a: Charizard
|-immune|p2a: Delphox|[from] ability: Levitate
|move|p2a: Delphox|Heat Wave|p1a: Charizard|[spread] p1b
|-miss|p2a: Delphox|p1a: Charizard
|-resisted|p1b: Garchomp|1
|-damage|p1b: Garchomp|0 fnt
|faint|p1b: Garchomp
|move|p1a: Charizard|Weather Ball|p2a: Delphox
|-resisted|p2a: Delphox|1
|-damage|p2a: Delphox|61/100
|
|-weather|SunnyDay|[upkeep]
|-sideend|p2: Olympicsvgc|Reflect
|upkeep
|turn|11
|
|t:|1785841887
|move|p2a: Delphox|Psyshock|p1a: Charizard
|-damage|p1a: Charizard|0 fnt
|faint|p1a: Charizard
|
|win|Olympicsvgc
||jgm1234 is ready for game 2.
|l|☆jgm1234
|player|p1|
||Olympicsvgc is ready for game 2.
|uhtml|next|Next: Game 2 of 3
