|j|☆liamvgc1
|j|☆Wooperdooperpooper
|html|liamvgc1Wooperdooperpooper    
|uhtml|bestof|Game 3 of a best-of-3
|t:|1756022875
|gametype|doubles
|player|p1|liamvgc1|1|1324
|player|p2|Wooperdooperpooper|ninjaboy|1423
|gen|9
|tier|[Gen 9] VGC 2025 Reg H (Bo3)
|rated|
|rule|Species Clause: Limit one of each Pokémon
|rule|Item Clause: Limit 1 of each item
|clearpoke
|poke|p1|Typhlosion-Hisui, L50, M|
|poke|p1|Whimsicott, L50, F|
|poke|p1|Dragonite, L50, F|
|poke|p1|Annihilape, L50, M|
|poke|p1|Farigiraf, L50, M|
|poke|p1|Ursaluna-Bloodmoon, L50, M|
|poke|p2|Charizard, L50, M|
|poke|p2|Indeedee-F, L50, F|
|poke|p2|Ursaluna, L50, M|
|poke|p2|Torkoal, L50, M|
|poke|p2|Gallade, L50, M|
|poke|p2|Hatterene, L50, F|
|teampreview|4
|showteam|p1|Typhlosion-Hisui||ChoiceSpecs|Blaze|Eruption,HeatWave,Flamethrower,ShadowBall|||M|||50|,,,,,Fire]Whimsicott||CovertCloak|Prankster|SunnyDay,Tailwind,Encore,Moonblast|||F|||50|,,,,,Dark]Dragonite||LoadedDice|Multiscale|ExtremeSpeed,ScaleShot,Protect,StompingTantrum|||F|||50|,,,,,Normal]Annihilape||SafetyGoggles|Defiant|CloseCombat,ShadowClaw,FinalGambit,Protect|||M|||50|,,,,,Water]Farigiraf||ThroatSpray|CudChew|HyperVoice,TrickRoom,Psychic,Imprison|||M|||50|,,,,,Fairy]Ursaluna-Bloodmoon||LifeOrb|MindsEye|BloodMoon,HyperVoice,EarthPower,Protect|||M|||50|,,,,,Normal
|showteam|p2|Charizard||ChoiceScarf|SolarPower|HeatWave,Overheat,WeatherBall,ScorchingSands|||M|||50|,,,,,Fire]Indeedee-F||SafetyGoggles|PsychicSurge|DazzlingGleam,FollowMe,TrickRoom,HelpingHand|||F|||50|,,,,,Water]Ursaluna||FlameOrb|Guts|HeadlongRush,Facade,RockSlide,Protect|||M|||50|,,,,,Dragon]Torkoal||Charcoal|Drought|Eruption,Overheat,HelpingHand,Protect|||M|||50|,,,,,Fire]Gallade||ClearAmulet|Sharpness|SacredSword,PsychoCut,TrickRoom,WideGuard|||M|||50|,,,,,Grass]Hatterene||LifeOrb|MagicBounce|ExpandingForce,DazzlingGleam,TrickRoom,Protect|||F|||50|,,,,,Water
|inactive|Battle timer is ON: inactive players will automatically lose when time's up. (requested by liamvgc1)
|inactive|Wooperdooperpooper also wants the timer to be on.
|
|t:|1756022883
|teamsize|p1|4
|teamsize|p2|4
|start
|switch|p1a: Typhlosion|Typhlosion-Hisui, L50, M|100/100
|switch|p1b: Whimsicott|Whimsicott, L50, F|100/100
|switch|p2a: Charizard|Charizard, L50, M|100/100
|switch|p2b: Indeedee|Indeedee-F, L50, F, shiny|100/100
|-fieldstart|move: Psychic Terrain|[from] ability: Psychic Surge|[of] p2b: Indeedee
|turn|1
|
|t:|1756022902
|-terastallize|p1a: Typhlosion|Fire
|-terastallize|p2b: Indeedee|Water
|move|p1b: Whimsicott|Tailwind|p1b: Whimsicott
|-sidestart|p1: liamvgc1|move: Tailwind
|move|p1a: Typhlosion|Eruption|p2a: Charizard|[spread] p2a,p2b
|-resisted|p2a: Charizard
|-resisted|p2b: Indeedee
|-damage|p2a: Charizard|23/100
|-damage|p2b: Indeedee|47/100
|move|p2a: Charizard|Heat Wave|p1b: Whimsicott|[spread] p1b
|-miss|p2a: Charizard|p1a: Typhlosion
|-supereffective|p1b: Whimsicott
|-damage|p1b: Whimsicott|36/100
|move|p2b: Indeedee|Trick Room|p2b: Indeedee
|-fieldstart|move: Trick Room|[of] p2b: Indeedee
|
|upkeep
|turn|2
|
|t:|1756022913
|move|p2b: Indeedee|Helping Hand|p2a: Charizard
|-singleturn|p2a: Charizard|Helping Hand|[of] p2b: Indeedee
|move|p2a: Charizard|Heat Wave|p1a: Typhlosion|[spread] p1a,p1b
|-resisted|p1a: Typhlosion
|-supereffective|p1b: Whimsicott
|-damage|p1a: Typhlosion|67/100
|-damage|p1b: Whimsicott|0 fnt
|faint|p1b: Whimsicott
|move|p1a: Typhlosion|Eruption|p2b: Indeedee|[spread] p2a,p2b
|-resisted|p2a: Charizard
|-resisted|p2b: Indeedee
|-damage|p2a: Charizard|0 fnt
|-damage|p2b: Indeedee|12/100
|faint|p2a: Charizard
|
|upkeep
|
|t:|1756022923
|switch|p1b: Annihilape|Annihilape, L50, M|100/100
|switch|p2a: Hatterene|Hatterene, L50, F|100/100
|turn|3
|
|t:|1756022929
|switch|p2b: Torkoal|Torkoal, L50, M|100/100
|-weather|SunnyDay|[from] ability: Drought|[of] p2b: Torkoal
|move|p1b: Annihilape|Protect|p1b: Annihilape
|-singleturn|p1b: Annihilape|Protect
|move|p2a: Hatterene|Expanding Force|p1a: Typhlosion|[spread] p1a
|-activate|p1b: Annihilape|move: Protect
|-damage|p1a: Typhlosion|0 fnt
|faint|p1a: Typhlosion
|-damage|p2a: Hatterene|91/100|[from] item: Life Orb
|
|-weather|SunnyDay|[upkeep]
|upkeep
|
|t:|1756022931
|switch|p1a: Ursaluna|Ursaluna-Bloodmoon, L50, M|100/100
|turn|4
|
|t:|1756022937
|move|p1a: Ursaluna|Protect|p1a: Ursaluna
|-singleturn|p1a: Ursaluna|Protect
|move|p1b: Annihilape|Protect||[still]
|-fail|p1b: Annihilape
|move|p2b: Torkoal|Eruption|p1b: Annihilape|[spread] p1b
|-activate|p1a: Ursaluna|move: Protect
|-damage|p1b: Annihilape|17/100
|move|p2a: Hatterene|Expanding Force|p1b: Annihilape|[spread] p1b
|-activate|p1a: Ursaluna|move: Protect
|-supereffective|p1b: Annihilape
|-damage|p1b: Annihilape|0 fnt
|faint|p1b: Annihilape
|-damage|p2a: Hatterene|81/100|[from] item: Life Orb
|
|-weather|SunnyDay|[upkeep]
|-sideend|p1: liamvgc1|move: Tailwind
|upkeep
|turn|5
|
|t:|1756022953
|switch|p2a: Indeedee|Indeedee-F, L50, F, shiny, tera:Water|12/100
|move|p1a: Ursaluna|Protect|p1a: Ursaluna
|-singleturn|p1a: Ursaluna|Protect
|move|p2b: Torkoal|Eruption|p1a: Ursaluna
|-activate|p1a: Ursaluna|move: Protect
|
|-weather|SunnyDay|[upkeep]
|-fieldend|move: Trick Room
|-fieldend|move: Psychic Terrain
|upkeep
|turn|6
|
|t:|1756022958
|move|p2a: Indeedee|Follow Me|p2a: Indeedee
|-singleturn|p2a: Indeedee|move: Follow Me
|move|p1a: Ursaluna|Hyper Voice|p2b: Torkoal|[spread] p2a,p2b
|-damage|p2a: Indeedee|0 fnt
|-damage|p2b: Torkoal|38/100
|faint|p2a: Indeedee
|-damage|p1a: Ursaluna|91/100|[from] item: Life Orb
|move|p2b: Torkoal|Overheat|p1a: Ursaluna
|-damage|p1a: Ursaluna|0 fnt
|-unboost|p2b: Torkoal|spa|2
|faint|p1a: Ursaluna
|
|win|Wooperdooperpooper
|raw|liamvgc1's rating: 1324 → 1310(-14 for losing)
|raw|Wooperdooperpooper's rating: 1423 → 1437(+14 for winning)
|l|☆liamvgc1
|player|p1|
|l|☆Wooperdooperpooper
|player|p2|
|j|☆Wooperdooperpooper
|player|p2|Wooperdooperpooper|ninjaboy|
