|j|☆ShadowJeffX
|j|☆Truevillany123
|html|ShadowJeffXTruevillany123    
|uhtml|bestof|Game 1 of a best-of-3
|t:|1757736943
|gametype|doubles
|player|p1|ShadowJeffX|ethan|1179
|player|p2|Truevillany123|101|1150
|gen|9
|tier|[Gen 9] VGC 2025 Reg H (Bo3)
|rated|
|rule|Species Clause: Limit one of each Pokémon
|rule|Item Clause: Limit 1 of each item
|clearpoke
|poke|p1|Jumpluff, L50, F|
|poke|p1|Charizard, L50, M|
|poke|p1|Torkoal, L50, M|
|poke|p1|Ursaluna, L50, M|
|poke|p1|Incineroar, L50, M|
|poke|p1|Porygon2, L50|
|poke|p2|Dragonite, L50, M|
|poke|p2|Ursaluna-Bloodmoon, L50, M|
|poke|p2|Gholdengo, L50|
|poke|p2|Annihilape, L50, F|
|poke|p2|Ninetales-Alola, L50, M|
|poke|p2|Rillaboom, L50, F|
|teampreview|4
|showteam|p1|Jumpluff||CovertCloak|Chlorophyll|SleepPowder,Tailwind,SunnyDay,RagePowder|||F|||50|,,,,,Water]Charizard||ChoiceSpecs|SolarPower|HeatWave,Overheat,WeatherBall,AirSlash|||M|||50|,,,,,Ghost]Torkoal||EjectPack|Drought|Eruption,Overheat,HelpingHand,Protect|||M|||50|,,,,,Fire]Ursaluna||FlameOrb|Guts|Earthquake,Facade,HeadlongRush,Protect|||M|||50|,,,,,Ghost]Incineroar||SitrusBerry|Intimidate|FlareBlitz,KnockOff,FakeOut,PartingShot|||M|||50|,,,,,Grass]Porygon2||Eviolite|Download|TeraBlast,IceBeam,Recover,TrickRoom||||||50|,,,,,Fighting
|showteam|p2|Dragonite||LoadedDice|Multiscale|ScaleShot,Protect,Haze,Tailwind|||M|||50|,,,,,Fairy]Ursaluna-Bloodmoon||LifeOrb|MindsEye|BloodMoon,HyperVoice,EarthPower,Protect|||M|||50|,,,,,Normal]Gholdengo||GrassySeed|GoodasGold|MakeItRain,ShadowBall,Protect,NastyPlot||||||50|,,,,,Water]Annihilape||SafetyGoggles|Defiant|DrainPunch,RageFist,Protect,BulkUp|||F|||50|,,,,,Fire]Ninetales-Alola||FocusSash|SnowWarning|FreezeDry,AuroraVeil,Encore,IcicleSpear|||M|||50|,,,,,Ghost]Rillaboom||AssaultVest|GrassySurge|FakeOut,WoodHammer,HighHorsepower,Uturn|||F|||50|,,,,,Fire
|c|☆Truevillany123|gl hf
|c|☆ShadowJeffX|glhf
|
|t:|1757736991
|teamsize|p1|4
|teamsize|p2|4
|start
|switch|p1a: Jumpluff|Jumpluff, L50, F|100/100
|switch|p1b: Ursaluna|Ursaluna, L50, M|100/100
|switch|p2a: Annihilape|Annihilape, L50, F|100/100
|switch|p2b: Dragonite|Dragonite, L50, M, shiny|100/100
|turn|1
|
|t:|1757737007
|switch|p1b: Torkoal|Torkoal, L50, M|100/100
|-weather|SunnyDay|[from] ability: Drought|[of] p1b: Torkoal
|move|p1a: Jumpluff|Sleep Powder|p2b: Dragonite|[miss]
|-miss|p1a: Jumpluff|p2b: Dragonite
|move|p2a: Annihilape|Bulk Up|p2a: Annihilape
|-boost|p2a: Annihilape|atk|1
|-boost|p2a: Annihilape|def|1
|move|p2b: Dragonite|Tailwind|p2b: Dragonite
|-sidestart|p2: Truevillany123|move: Tailwind
|
|-weather|SunnyDay|[upkeep]
|upkeep
|turn|2
|
|t:|1757737045
|switch|p2a: Ninetales|Ninetales-Alola, L50, M|100/100
|-weather|Snowscape|[from] ability: Snow Warning|[of] p2a: Ninetales
|move|p2b: Dragonite|Scale Shot|p1a: Jumpluff
|-crit|p1a: Jumpluff
|-damage|p1a: Jumpluff|73/100
|-damage|p1a: Jumpluff|54/100
|-damage|p1a: Jumpluff|37/100
|-damage|p1a: Jumpluff|18/100
|-damage|p1a: Jumpluff|1/100
|-hitcount|p1a: Jumpluff|5
|-unboost|p2b: Dragonite|def|1
|-boost|p2b: Dragonite|spe|1
|move|p1a: Jumpluff|Sleep Powder|p2b: Dragonite
|-status|p2b: Dragonite|slp|[from] move: Sleep Powder
|move|p1b: Torkoal|Overheat|p2a: Ninetales
|-supereffective|p2a: Ninetales
|-enditem|p2a: Ninetales|Focus Sash
|-damage|p2a: Ninetales|1/100
|-unboost|p1b: Torkoal|spa|2
|-enditem|p1b: Torkoal|Eject Pack
|
|t:|1757737068
|switch|p1b: Charizard|Charizard, L50, M|100/100
|
|-weather|Snowscape|[upkeep]
|upkeep
|turn|3
|
|t:|1757737087
|switch|p1a: Torkoal|Torkoal, L50, M|100/100
|-weather|SunnyDay|[from] ability: Drought|[of] p1a: Torkoal
|cant|p2b: Dragonite|slp
|move|p2a: Ninetales|Aurora Veil||[still]
|-fail|p2a: Ninetales
|move|p1b: Charizard|Heat Wave|p2b: Dragonite|[spread] p2a
|-miss|p1b: Charizard|p2b: Dragonite
|-supereffective|p2a: Ninetales
|-damage|p2a: Ninetales|0 fnt
|faint|p2a: Ninetales
|
|-weather|SunnyDay|[upkeep]
|-damage|p1b: Charizard|88/100|[from] ability: Solar Power|[of] p1b: Charizard
|upkeep
|
|t:|1757737096
|switch|p2a: Annihilape|Annihilape, L50, F|100/100
|turn|4
|
|t:|1757737115
|switch|p1b: Ursaluna|Ursaluna, L50, M|100/100
|-terastallize|p2a: Annihilape|Fire
|-curestatus|p2b: Dragonite|slp|[msg]
|move|p2b: Dragonite|Scale Shot|p1a: Torkoal
|-damage|p1a: Torkoal|89/100
|-damage|p1a: Torkoal|76/100
|-damage|p1a: Torkoal|65/100
|-damage|p1a: Torkoal|54/100
|-hitcount|p1a: Torkoal|4
|-unboost|p2b: Dragonite|def|1
|-boost|p2b: Dragonite|spe|1
|move|p2a: Annihilape|Bulk Up|p2a: Annihilape
|-boost|p2a: Annihilape|atk|1
|-boost|p2a: Annihilape|def|1
|move|p1a: Torkoal|Eruption|p2b: Dragonite|[spread] p2a,p2b
|-resisted|p2a: Annihilape
|-resisted|p2b: Dragonite
|-damage|p2a: Annihilape|84/100
|-damage|p2b: Dragonite|90/100
|
|-weather|SunnyDay|[upkeep]
|-sideend|p2: Truevillany123|move: Tailwind
|-status|p1b: Ursaluna|brn|[from] item: Flame Orb
|upkeep
|turn|5
|
|t:|1757737148
|move|p2a: Annihilape|Protect|p2a: Annihilape
|-singleturn|p2a: Annihilape|Protect
|move|p2b: Dragonite|Scale Shot|p1b: Ursaluna
|-damage|p1b: Ursaluna|88/100 brn
|-damage|p1b: Ursaluna|78/100 brn
|-damage|p1b: Ursaluna|66/100 brn
|-damage|p1b: Ursaluna|53/100 brn
|-hitcount|p1b: Ursaluna|4
|-unboost|p2b: Dragonite|def|1
|-boost|p2b: Dragonite|spe|1
|move|p1b: Ursaluna|Earthquake|p2a: Annihilape|[spread] p1a
|-activate|p2a: Annihilape|move: Protect
|-immune|p2b: Dragonite
|-supereffective|p1a: Torkoal
|-damage|p1a: Torkoal|0 fnt
|faint|p1a: Torkoal
|
|-weather|SunnyDay|[upkeep]
|-damage|p1b: Ursaluna|48/100 brn|[from] brn
|upkeep
|
|t:|1757737166
|switch|p1a: Jumpluff|Jumpluff, L50, F|1/100
|turn|6
|
|t:|1757737172
|move|p1a: Jumpluff|Tailwind|p1a: Jumpluff
|-sidestart|p1: ShadowJeffX|move: Tailwind
|move|p2b: Dragonite|Scale Shot|p1a: Jumpluff
|-damage|p1a: Jumpluff|0 fnt
|faint|p1a: Jumpluff
|-hitcount|p1: Jumpluff|1
|-unboost|p2b: Dragonite|def|1
|-boost|p2b: Dragonite|spe|1
|move|p1b: Ursaluna|Earthquake|p2b: Dragonite|[spread] p2a
|-immune|p2b: Dragonite
|-supereffective|p2a: Annihilape
|-damage|p2a: Annihilape|0 fnt
|faint|p2a: Annihilape
|
|-weather|SunnyDay|[upkeep]
|-damage|p1b: Ursaluna|42/100 brn|[from] brn
|upkeep
|
|t:|1757737186
|switch|p1a: Charizard|Charizard, L50, M|88/100
|switch|p2a: Ursaluna|Ursaluna-Bloodmoon, L50, M|100/100
|turn|7
|
|t:|1757737211
|move|p1b: Ursaluna|Protect|p1b: Ursaluna
|-singleturn|p1b: Ursaluna|Protect
|move|p2a: Ursaluna|Protect|p2a: Ursaluna
|-singleturn|p2a: Ursaluna|Protect
|move|p2b: Dragonite|Scale Shot|p1a: Charizard
|-crit|p1a: Charizard
|-damage|p1a: Charizard|57/100
|-damage|p1a: Charizard|36/100
|-damage|p1a: Charizard|15/100
|-damage|p1a: Charizard|0 fnt
|faint|p1a: Charizard
|-hitcount|p1: Charizard|4
|-unboost|p2b: Dragonite|def|1
|-boost|p2b: Dragonite|spe|1
|
|-weather|none
|-damage|p1b: Ursaluna|36/100 brn|[from] brn
|upkeep
|turn|8
|c|☆Truevillany123|gg
|
|t:|1757737230
|move|p2b: Dragonite|Tailwind|p2b: Dragonite
|-sidestart|p2: Truevillany123|move: Tailwind
|move|p2a: Ursaluna|Blood Moon|p1b: Ursaluna
|-damage|p1b: Ursaluna|0 fnt
|faint|p1b: Ursaluna
|-damage|p2a: Ursaluna|91/100|[from] item: Life Orb
|
|win|Truevillany123
||ShadowJeffX is ready for game 2.
|c|☆ShadowJeffX|gg
|inactive|Truevillany123 has 30 seconds to confirm battle start!
|inactive|Truevillany123 has 20 seconds to confirm battle start!
|inactive|Truevillany123 has 10 seconds to confirm battle start!
||Truevillany123 is ready for game 2.
|uhtml|next|Next: Game 2 of 3
