|j|☆ghjk09
|j|☆jicxy
|html|ghjk09jicxy    
|uhtml|bestof|Game 1 of a best-of-3
|t:|1785002890
|gametype|doubles
|player|p1|ghjk09|hilbert|1042
|player|p2|jicxy|dancer|1000
|gen|9
|tier|[Gen 9 Champions] VGC 2026 Reg M-B (Bo3)
|rated|
|rule|Species Clause: Limit one of each Pokémon
|rule|Item Clause: Limit 1 of each item
|clearpoke
|poke|p1|Ariados, L50, M|
|poke|p1|Beedrill, L50, F|
|poke|p1|Ditto, L50|
|poke|p1|Vivillon, L50, F|
|poke|p1|Pikachu, L50, M|
|poke|p1|Sableye, L50, M|
|poke|p2|Rhyperior, L50, M|
|poke|p2|Tsareena, L50, F|
|poke|p2|Morpeko, L50, F|
|poke|p2|Qwilfish, L50, M|
|poke|p2|Gardevoir, L50, F|
|poke|p2|Blastoise, L50, F|
|teampreview|4
|showteam|p1|Ariados||MentalHerb|Insomnia|Infestation,Protect,StickyWeb,ToxicThread|Relaxed||M|||50|]Beedrill||Beedrillite|Swarm|DrillRun,PoisonJab,Protect,Lunge|Jolly||F|||50|]Ditto||QuickClaw|Imposter|Transform|Timid|||||50|]Vivillon||FocusSash|CompoundEyes|Hurricane,SleepPowder,Protect,Tailwind|Timid||F|||50|]Pikachu||LightBall|LightningRod|Thunderbolt,AlluringVoice,Protect,GrassKnot|Modest||M|||50|]Sableye|||Prankster|Disable,Encore,Protect,Quash|Serious||M|||50|
|showteam|p2|Rhyperior||BrightPowder|SolidRock|Earthquake,HeatCrash,Protect,RockSlide|Careful||M|||50|]Tsareena||CobaBerry|QueenlyMajesty|TropKick,LowKick,TripleAxel,Protect|Adamant||F|||50|]Morpeko||FocusSash|HungerSwitch|AuraWheel,PartingShot,Protect,Outrage|Jolly||F|||50|]Qwilfish||LifeOrb|Intimidate|BarbBarrage,AquaJet,DestinyBond,SwordsDance|Jolly||M|||50|]Gardevoir||Gardevoirite|Synchronize|HyperVoice,MysticalFire,TrickRoom,Protect|Sassy||F|||50|]Blastoise||WhiteHerb|RainDish|ShellSmash,MuddyWater,AuraSphere,Protect|Modest||F|||50|
|l|☆ghjk09
|player|p1|
|j|☆ghjk09
|player|p1|ghjk09|hilbert|
|l|☆ghjk09
|player|p1|
|j|☆ghjk09
|player|p1|ghjk09|hilbert|
|l|☆ghjk09
|player|p1|
|j|☆ghjk09
|player|p1|ghjk09|hilbert|
|
|t:|1785002990
|teamsize|p1|4
|teamsize|p2|4
|start
|switch|p1a: Vivillon|Vivillon, L50, F|100/100
|switch|p1b: Beedrill|Beedrill, L50, F|100/100
|switch|p2a: Qwilfish|Qwilfish, L50, M|100/100
|switch|p2b: Tsareena|Tsareena, L50, F|100/100
|-ability|p2a: Qwilfish|Intimidate|boost
|-unboost|p1a: Vivillon|atk|1
|-unboost|p1b: Beedrill|atk|1
|turn|1
|c|☆jicxy|buenas me ayudas con algop si vez algun fallo me dices para mejorar
|
|t:|1785003021
|detailschange|p1b: Beedrill|Beedrill-Mega, L50, F
|-mega|p1b: Beedrill|Beedrill|Beedrillite
|move|p2b: Tsareena|Protect|p2b: Tsareena
|-singleturn|p2b: Tsareena|Protect
|move|p1b: Beedrill|Poison Jab|p2b: Tsareena
|-activate|p2b: Tsareena|move: Protect
|move|p1a: Vivillon|Sleep Powder|p2a: Qwilfish|[miss]
|-miss|p1a: Vivillon|p2a: Qwilfish
|move|p2a: Qwilfish|Swords Dance|p2a: Qwilfish
|-boost|p2a: Qwilfish|atk|2
|
|upkeep
|turn|2
|
|t:|1785003046
|switch|p2b: Gardevoir|Gardevoir, L50, F|100/100
|move|p2a: Qwilfish|Aqua Jet|p1a: Vivillon
|-damage|p1a: Vivillon|9/100
|-damage|p2a: Qwilfish|90/100|[from] item: Life Orb
|move|p1b: Beedrill|Lunge|p2b: Gardevoir
|-damage|p2b: Gardevoir|40/100
|-unboost|p2b: Gardevoir|atk|1
|move|p1a: Vivillon|Sleep Powder|p2a: Qwilfish
|-status|p2a: Qwilfish|slp|[from] move: Sleep Powder
|
|upkeep
|turn|3
|
|t:|1785003084
|detailschange|p2b: Gardevoir|Gardevoir-Mega, L50, F
|-mega|p2b: Gardevoir|Gardevoir|Gardevoirite
|move|p1b: Beedrill|Poison Jab|p2b: Gardevoir
|-supereffective|p2b: Gardevoir|1
|-damage|p2b: Gardevoir|0 fnt
|faint|p2b: Gardevoir
|move|p1a: Vivillon|Hurricane|p2a: Qwilfish
|-damage|p2a: Qwilfish|7/100 slp
|cant|p2a: Qwilfish|slp
|
|upkeep
|
|t:|1785003096
|switch|p2b: Rhyperior|Rhyperior, L50, M|100/100
|turn|4
|
|t:|1785003123
|-curestatus|p2a: Qwilfish|slp|[msg]
|move|p2a: Qwilfish|Aqua Jet|p1b: Beedrill
|-damage|p1b: Beedrill|0 fnt
|faint|p1b: Beedrill
|-damage|p2a: Qwilfish|0 fnt|[from] item: Life Orb
|faint|p2a: Qwilfish
|move|p1a: Vivillon|Sleep Powder|p2b: Rhyperior
|-status|p2b: Rhyperior|slp|[from] move: Sleep Powder
|cant|p2b: Rhyperior|slp
|
|upkeep
|
|t:|1785003153
|switch|p1b: Ditto|Ditto, L50|100/100
|switch|p2a: Tsareena|Tsareena, L50, F|100/100
|-transform|p1b: Ditto|p2a: Tsareena|[from] ability: Imposter
|turn|5
|
|t:|1785003167
|-curestatus|p2b: Rhyperior|slp|[msg]
|move|p2b: Rhyperior|Protect|p2b: Rhyperior
|-singleturn|p2b: Rhyperior|Protect
|move|p1a: Vivillon|Hurricane|p2a: Tsareena
|-supereffective|p2a: Tsareena|1
|-enditem|p2a: Tsareena|Coba Berry|[eat]
|-enditem|p2a: Tsareena|Coba Berry|[weaken]
|-damage|p2a: Tsareena|53/100
|move|p2a: Tsareena|Triple Axel|p1b: Ditto
|-supereffective|p1b: Ditto|1
|-damage|p1b: Ditto|80/100
|-supereffective|p1b: Ditto|1
|-damage|p1b: Ditto|44/100
|-supereffective|p1b: Ditto|1
|-damage|p1b: Ditto|0 fnt
|faint|p1b: Ditto
|-hitcount|p1: Ditto|3
|
|upkeep
|
|t:|1785003184
|switch|p1b: Pikachu|Pikachu, L50, M|100/100
|turn|6
|
|t:|1785003233
|move|p2a: Tsareena|Protect|p2a: Tsareena
|-singleturn|p2a: Tsareena|Protect
|move|p1a: Vivillon|Hurricane|p2a: Tsareena
|-activate|p2a: Tsareena|move: Protect
|move|p1b: Pikachu|Grass Knot|p2b: Rhyperior
|-supereffective|p2b: Rhyperior|2
|-damage|p2b: Rhyperior|0 fnt
|faint|p2b: Rhyperior
|
|upkeep
|turn|7
|
|t:|1785003257
|move|p1a: Vivillon|Hurricane|p2a: Tsareena
|-supereffective|p2a: Tsareena|1
|-crit|p2a: Tsareena
|-damage|p2a: Tsareena|0 fnt
|faint|p2a: Tsareena
|
|win|ghjk09
