|j|☆ToastedArt
|j|☆zephnix
|html|ToastedArtzephnix    
|uhtml|bestof|Game 2 of a best-of-3
|t:|1785204317
|gametype|doubles
|player|p1|ToastedArt|iris|1062
|player|p2|zephnix|lucas-gen4pt|1092
|gen|9
|tier|[Gen 9 Champions] VGC 2026 Reg M-B (Bo3)
|rated|
|rule|Species Clause: Limit one of each Pokémon
|rule|Item Clause: Limit 1 of each item
|clearpoke
|poke|p1|Vanilluxe, L50, M, shiny|
|poke|p1|Sneasler, L50, M|
|poke|p1|Sinistcha, L50, shiny|
|poke|p1|Raichu, L50, F|
|poke|p1|Incineroar, L50, M|
|poke|p1|Azumarill, L50, F|
|poke|p2|Gallade, L50, M, shiny|
|poke|p2|Maushold-Four, L50|
|poke|p2|Basculegion, L50, M|
|poke|p2|Archaludon, L50, M|
|poke|p2|Pelipper, L50, F|
|poke|p2|Sinistcha, L50|
|teampreview|4
|showteam|p1|Vanilluxe||ChoiceScarf|SnowWarning|Blizzard,FreezeDry,IcyWind,SheerCold|Timid||M|||50|]Sneasler||FocusSash|PoisonTouch|PoisonJab,CloseCombat,FakeOut,Taunt|Adamant||M|||50|]Sinistcha||ColburBerry|Heatproof|MatchaGotcha,RagePowder,TrickRoom,Protect|Modest|||||50|]Raichu||RaichuniteY|LightningRod|ZapCannon,FocusBlast,Substitute,Protect|Timid||F|||50|]Incineroar||Charcoal|Intimidate|FlareBlitz,ThroatChop,FakeOut,PartingShot|Adamant||M|||50|]Azumarill||SitrusBerry|HugePower|PlayRough,AquaJet,BellyDrum,Protect|Adamant||F|||50|
|showteam|p2|Gallade||Galladite|Justified|ShadowSneak,StoneEdge,Protect,DrainPunch|Jolly||M|||50|]Maushold-Four||Leftovers|FriendGuard|FollowMe,SuperFang,Protect,BeatUp|Timid|||||50|]Basculegion||MysticWater|SwiftSwim|AquaJet,WaveCrash,Protect,LastRespects|Serious||M|||50|]Archaludon||DragonFang|Sturdy|FlashCannon,DracoMeteor,Protect,ElectroShot|Serious||M|||50|]Pelipper||FocusSash|Drizzle|Hurricane,WeatherBall,Protect,Tailwind|Serious||F|||50|]Sinistcha||SitrusBerry|Hospitality|MatchaGotcha,RagePowder,ShadowBall,LifeDew|Serious|||||50|
|inactive|Battle timer is ON: inactive players will automatically lose when time's up. (requested by ToastedArt)
|
|t:|1785204344
|teamsize|p1|4
|teamsize|p2|4
|start
|switch|p1a: Ol' Betsy|Raichu, L50, F|100/100
|switch|p1b: Incineroar|Incineroar, L50, M|100/100
|switch|p2a: Archaludon|Archaludon, L50, M|100/100
|switch|p2b: Pelipper|Pelipper, L50, F|100/100
|-weather|RainDance|[from] ability: Drizzle|[of] p2b: Pelipper
|-ability|p1b: Incineroar|Intimidate|boost
|-unboost|p2a: Archaludon|atk|1
|-unboost|p2b: Pelipper|atk|1
|turn|1
|
|t:|1785204359
|move|p1b: Incineroar|Fake Out|p2b: Pelipper
|-damage|p2b: Pelipper|83/100
|move|p1a: Ol' Betsy|Substitute|p1a: Ol' Betsy
|-start|p1a: Ol' Betsy|Substitute
|-damage|p1a: Ol' Betsy|75/100
|move|p2a: Archaludon|Draco Meteor|p1a: Ol' Betsy
|-end|p1a: Ol' Betsy|Substitute
|-unboost|p2a: Archaludon|spa|2
|cant|p2b: Pelipper|flinch
|
|-weather|RainDance|[upkeep]
|upkeep
|turn|2
|
|t:|1785204379
|switch|p2a: Sinistcha|Sinistcha, L50|100/100
|-heal|p2b: Pelipper|100/100|[from] ability: Hospitality|[of] p2a: Sinistcha
|detailschange|p1a: Ol' Betsy|Raichu-Mega-Y, L50, F
|-mega|p1a: Ol' Betsy|Raichu|Raichunite Y
|move|p1a: Ol' Betsy|Zap Cannon|p2b: Pelipper
|-supereffective|p2b: Pelipper|2
|-enditem|p2b: Pelipper|Focus Sash
|-damage|p2b: Pelipper|1/100
|-status|p2b: Pelipper|par
|move|p1b: Incineroar|Parting Shot|p2a: Sinistcha
|-unboost|p2a: Sinistcha|atk|1
|-unboost|p2a: Sinistcha|spa|1
|
|t:|1785204388
|switch|p1b: Pickle Cup|Sinistcha, L50, shiny|100/100|[from] Parting Shot
|move|p2b: Pelipper|Weather Ball|p1b: Pickle Cup
|-resisted|p1b: Pickle Cup|1
|-damage|p1b: Pickle Cup|69/100
|
|-weather|RainDance|[upkeep]
|upkeep
|turn|3
|
|t:|1785204411
|switch|p2b: Archaludon|Archaludon, L50, M|100/100
|move|p1a: Ol' Betsy|Zap Cannon|p2a: Sinistcha
|-resisted|p2a: Sinistcha|1
|-damage|p2a: Sinistcha|61/100
|-status|p2a: Sinistcha|par
|move|p1b: Pickle Cup|Matcha Gotcha|p2b: Archaludon|[spread] p2a,p2b
|-resisted|p2a: Sinistcha|1
|-resisted|p2b: Archaludon|2
|-damage|p2a: Sinistcha|44/100 par
|-heal|p1b: Pickle Cup|78/100|[from] drain|[of] p2a: Sinistcha
|-damage|p2b: Archaludon|90/100
|-heal|p1b: Pickle Cup|82/100|[from] drain|[of] p2b: Archaludon
|-enditem|p2a: Sinistcha|Sitrus Berry|[eat]
|-heal|p2a: Sinistcha|69/100 par|[from] item: Sitrus Berry
|cant|p2a: Sinistcha|par
|
|-weather|RainDance|[upkeep]
|upkeep
|turn|4
|
|t:|1785204433
|switch|p1b: Vanilluxe|Vanilluxe, L50, M, shiny|100/100
|-weather|Snowscape|[from] ability: Snow Warning|[of] p1b: Vanilluxe
|move|p1a: Ol' Betsy|Protect|p1a: Ol' Betsy
|-singleturn|p1a: Ol' Betsy|Protect
|move|p2b: Archaludon|Protect|p2b: Archaludon
|-singleturn|p2b: Archaludon|Protect
|move|p2a: Sinistcha|Life Dew|p2a: Sinistcha|[spread] p2a,p2b
|-heal|p2a: Sinistcha|94/100 par
|-heal|p2b: Archaludon|100/100
|
|-weather|Snowscape|[upkeep]
|upkeep
|turn|5
|
|t:|1785204452
|switch|p2a: Pelipper|Pelipper, L50, F|1/100 par
|-weather|RainDance|[from] ability: Drizzle|[of] p2a: Pelipper
|move|p1b: Vanilluxe|Blizzard|p2a: Pelipper|[spread] p2b
|-miss|p1b: Vanilluxe|p2a: Pelipper
|-damage|p2b: Archaludon|40/100
|move|p1a: Ol' Betsy|Focus Blast|p2b: Archaludon
|-supereffective|p2b: Archaludon|1
|-damage|p2b: Archaludon|0 fnt
|faint|p2b: Archaludon
|
|-weather|RainDance|[upkeep]
|upkeep
|
|t:|1785204468
|switch|p2b: Basculegion|Basculegion, L50, M|100/100
|turn|6
|
|t:|1785204480
|switch|p1b: Incineroar|Incineroar, L50, M|100/100
|-ability|p1b: Incineroar|Intimidate|boost
|-unboost|p2a: Pelipper|atk|1
|-unboost|p2b: Basculegion|atk|1
|move|p1a: Ol' Betsy|Protect|p1a: Ol' Betsy
|-singleturn|p1a: Ol' Betsy|Protect
|move|p2b: Basculegion|Last Respects|p1a: Ol' Betsy
|-activate|p1a: Ol' Betsy|move: Protect
|move|p2a: Pelipper|Tailwind|p2a: Pelipper
|-sidestart|p2: zephnix|move: Tailwind
|
|-weather|RainDance|[upkeep]
|upkeep
|turn|7
|
|t:|1785204502
|switch|p1a: Vanilluxe|Vanilluxe, L50, M, shiny|100/100
|-weather|Snowscape|[from] ability: Snow Warning|[of] p1a: Vanilluxe
|move|p2a: Pelipper|Protect|p2a: Pelipper
|-singleturn|p2a: Pelipper|Protect
|move|p2b: Basculegion|Last Respects|p1a: Vanilluxe
|-damage|p1a: Vanilluxe|69/100
|move|p1b: Incineroar|Throat Chop|p2b: Basculegion
|-supereffective|p2b: Basculegion|1
|-damage|p2b: Basculegion|7/100
|-start|p2b: Basculegion|Throat Chop|[silent]
|
|-weather|Snowscape|[upkeep]
|upkeep
|turn|8
|
|t:|1785204518
|switch|p2a: Sinistcha|Sinistcha, L50|94/100 par
|-heal|p2b: Basculegion|31/100|[from] ability: Hospitality|[of] p2a: Sinistcha
|move|p2b: Basculegion|Protect|p2b: Basculegion
|-singleturn|p2b: Basculegion|Protect
|move|p1a: Vanilluxe|Blizzard|p2a: Sinistcha|[spread] p2a
|-activate|p2b: Basculegion|move: Protect
|-supereffective|p2a: Sinistcha|1
|-damage|p2a: Sinistcha|2/100 par
|move|p1b: Incineroar|Throat Chop|p2a: Sinistcha
|-supereffective|p2a: Sinistcha|1
|-damage|p2a: Sinistcha|0 fnt
|faint|p2a: Sinistcha
|
|-weather|Snowscape|[upkeep]
|-end|p2b: Basculegion|Throat Chop|[silent]
|upkeep
|
|t:|1785204533
|switch|p2a: Pelipper|Pelipper, L50, F|1/100 par
|-weather|RainDance|[from] ability: Drizzle|[of] p2a: Pelipper
|turn|9
|
|t:|1785204543
|switch|p1b: Pickle Cup|Sinistcha, L50, shiny|82/100
|move|p2b: Basculegion|Last Respects|p1a: Vanilluxe
|-damage|p1a: Vanilluxe|1/100
|move|p1a: Vanilluxe|Blizzard|p2b: Basculegion|[spread] 
|-miss|p1a: Vanilluxe|p2a: Pelipper
|-miss|p1a: Vanilluxe|p2b: Basculegion
|move|p2a: Pelipper|Weather Ball|p1b: Pickle Cup
|-resisted|p1b: Pickle Cup|1
|-damage|p1b: Pickle Cup|55/100
|
|-weather|RainDance|[upkeep]
|-sideend|p2: zephnix|move: Tailwind
|upkeep
|turn|10
|
|t:|1785204558
|switch|p1a: Incineroar|Incineroar, L50, M|100/100
|-ability|p1a: Incineroar|Intimidate|boost
|-unboost|p2a: Pelipper|atk|1
|-unboost|p2b: Basculegion|atk|1
|move|p2b: Basculegion|Last Respects|p1a: Incineroar
|-resisted|p1a: Incineroar|1
|-damage|p1a: Incineroar|83/100
|move|p1b: Pickle Cup|Matcha Gotcha|p2b: Basculegion|[spread] p2a,p2b
|-supereffective|p2b: Basculegion|1
|-damage|p2a: Pelipper|0 fnt
|-heal|p1b: Pickle Cup|56/100|[from] drain|[of] p2a: Pelipper
|-damage|p2b: Basculegion|0 fnt
|-heal|p1b: Pickle Cup|74/100|[from] drain|[of] p2b: Basculegion
|faint|p2a: Pelipper
|faint|p2b: Basculegion
|
|win|ToastedArt
|raw|ToastedArt's rating: 1062 → 1095(+33 for winning)
|raw|zephnix's rating: 1092 → 1066(-26 for losing)
