|j|☆p1ch1pichi
|j|‽Giraldo567
|html|p1ch1pichiGiraldo567    
|uhtml|bestof|Game 1 of a best-of-3
|t:|1785853088
|gametype|doubles
|player|p1|p1ch1pichi|n|1058
|player|p2|Giraldo567|2|1171
|gen|9
|tier|[Gen 9 Champions] VGC 2026 Reg M-B (Bo3)
|rated|
|rule|Species Clause: Limit one of each Pokémon
|rule|Item Clause: Limit 1 of each item
|clearpoke
|poke|p1|Mawile, L50, F, shiny|
|poke|p1|Farigiraf, L50, F, shiny|
|poke|p1|Incineroar, L50, M|
|poke|p1|Ninetales-Alola, L50, F|
|poke|p1|Basculegion, L50, M|
|poke|p1|Dragonite, L50, M, shiny|
|poke|p2|Farigiraf, L50, M|
|poke|p2|Annihilape, L50, F|
|poke|p2|Mawile, L50, F|
|poke|p2|Milotic, L50, M|
|poke|p2|Sinistcha-Masterpiece, L50|
|poke|p2|Garchomp, L50, F|
|teampreview|4
|showteam|p1|Mawile||Mawilite|HyperCutter|Protect,PlayRough,IronHead,SuckerPunch|Brave||F|||50|]Farigiraf||ColburBerry|ArmorTail|Protect,Psychic,HelpingHand,TrickRoom|Relaxed||F|||50|]Incineroar||PasshoBerry|Intimidate|PartingShot,FakeOut,FlareBlitz,ThroatChop|Brave||M|||50|]Ninetales-Alola||FocusSash|SnowWarning|Protect,Blizzard,FreezeDry,Moonblast|Timid||F|||50|]Basculegion||ChoiceScarf|Adaptability|WaveCrash,LastRespects,AquaJet,FlipTurn|Jolly||M|||50|]Dragonite||Dragoninite|Multiscale|Protect,DragonPulse,Thunderbolt,HeatWave|Modest||M|||50|
|showteam|p2|Farigiraf||ColburBerry|ArmorTail|TrickRoom,Protect,Psychic,Thunderbolt|Sassy||M|||50|]Annihilape||BlackBelt|Defiant|Protect,RageFist,BulkUp,CloseCombat|Adamant||F|||50|]Mawile||Mawilite|Intimidate|Protect,PlayRough,IronHead,SuckerPunch|Adamant||F|||50|]Milotic||Leftovers|Competitive|Protect,Coil,Hypnosis,MuddyWater|Calm||M|||50|]Sinistcha-Masterpiece||SitrusBerry|Hospitality|Protect,TrickRoom,MatchaGotcha,RagePowder|Relaxed|||||50|]Garchomp||LifeOrb|RoughSkin|Earthquake,Protect,RockSlide,SwordsDance|Jolly||F|||50|
|inactive|Battle timer is ON: inactive players will automatically lose when time's up. (requested by p1ch1pichi)
|inactive|p1ch1pichi has 60 seconds left.
|inactive|p1ch1pichi has 30 seconds left.
|
|t:|1785853154
|teamsize|p1|4
|teamsize|p2|4
|start
|switch|p1a: Keokeo|Ninetales-Alola, L50, F|100/100
|switch|p1b: Float|Farigiraf, L50, F, shiny|100/100
|switch|p2a: Milotic|Milotic, L50, M|100/100
|switch|p2b: Farigiraf|Farigiraf, L50, M|100/100
|-weather|Snowscape|[from] ability: Snow Warning|[of] p1a: Keokeo
|turn|1
|
|t:|1785853172
|switch|p2b: Mawile|Mawile, L50, F|100/100
|-ability|p2b: Mawile|Intimidate|boost
|-unboost|p1a: Keokeo|atk|1
|-unboost|p1b: Float|atk|1
|move|p1b: Float|Helping Hand|p1a: Keokeo
|-singleturn|p1a: Keokeo|Helping Hand|[of] p1b: Float
|move|p1a: Keokeo|Freeze-Dry|p2a: Milotic
|-supereffective|p2a: Milotic|1
|-damage|p2a: Milotic|49/100
|move|p2a: Milotic|Coil|p2a: Milotic
|-boost|p2a: Milotic|atk|1
|-boost|p2a: Milotic|def|1
|-boost|p2a: Milotic|accuracy|1
|
|-weather|Snowscape|[upkeep]
|-heal|p2a: Milotic|55/100|[from] item: Leftovers
|upkeep
|turn|2
|
|t:|1785853194
|detailschange|p2b: Mawile|Mawile-Mega, L50, F
|-mega|p2b: Mawile|Mawile|Mawilite
|move|p1b: Float|Helping Hand|p1a: Keokeo
|-singleturn|p1a: Keokeo|Helping Hand|[of] p1b: Float
|move|p2a: Milotic|Protect|p2a: Milotic
|-singleturn|p2a: Milotic|Protect
|move|p1a: Keokeo|Freeze-Dry|p2a: Milotic
|-activate|p2a: Milotic|move: Protect
|move|p2b: Mawile|Play Rough|p1b: Float
|-damage|p1b: Float|29/100
|
|-weather|Snowscape|[upkeep]
|-heal|p2a: Milotic|61/100|[from] item: Leftovers
|upkeep
|turn|3
|
|t:|1785853213
|switch|p1b: Coke|Incineroar, L50, M|100/100
|-ability|p1b: Coke|Intimidate|boost
|-unboost|p2a: Milotic|atk|1
|-ability|p2a: Milotic|Competitive|boost
|-boost|p2a: Milotic|spa|2
|-unboost|p2b: Mawile|atk|1
|move|p1a: Keokeo|Freeze-Dry|p2a: Milotic
|-supereffective|p2a: Milotic|1
|-damage|p2a: Milotic|27/100
|move|p2a: Milotic|Hypnosis|p1a: Keokeo
|-status|p1a: Keokeo|slp|[from] move: Hypnosis
|move|p2b: Mawile|Iron Head|p1a: Keokeo
|-supereffective|p1a: Keokeo|2
|-enditem|p1a: Keokeo|Focus Sash
|-damage|p1a: Keokeo|1/100 slp
|
|-weather|Snowscape|[upkeep]
|-heal|p2a: Milotic|33/100|[from] item: Leftovers
|upkeep
|turn|4
|inactive|p1ch1pichi has 30 seconds left.
|
|t:|1785853241
|switch|p2b: Annihilape|Annihilape, L50, F|100/100
|move|p1b: Coke|Fake Out|p2b: Annihilape
|-immune|p2b: Annihilape
|cant|p1a: Keokeo|slp
|move|p2a: Milotic|Muddy Water|p1a: Keokeo|[spread] p1a,p1b
|-supereffective|p1b: Coke|1
|-enditem|p1b: Coke|Passho Berry|[eat]
|-enditem|p1b: Coke|Passho Berry|[weaken]
|-damage|p1a: Keokeo|0 fnt
|-damage|p1b: Coke|59/100
|faint|p1a: Keokeo
|
|-weather|Snowscape|[upkeep]
|-heal|p2a: Milotic|39/100|[from] item: Leftovers
|upkeep
|
|t:|1785853257
|switch|p1a: Azuki|Mawile, L50, F, shiny|100/100
|turn|5
|
|t:|1785853275
|switch|p1b: Float|Farigiraf, L50, F, shiny|29/100
|detailschange|p1a: Azuki|Mawile-Mega, L50, F, shiny
|-mega|p1a: Azuki|Mawile|Mawilite
|move|p1a: Azuki|Sucker Punch||[still]
|-fail|p1a: Azuki
|move|p2b: Annihilape|Bulk Up|p2b: Annihilape
|-boost|p2b: Annihilape|atk|1
|-boost|p2b: Annihilape|def|1
|move|p2a: Milotic|Coil|p2a: Milotic
|-boost|p2a: Milotic|atk|1
|-boost|p2a: Milotic|def|1
|-boost|p2a: Milotic|accuracy|1
|
|-weather|none
|-heal|p2a: Milotic|45/100|[from] item: Leftovers
|upkeep
|turn|6
|
|t:|1785853299
|move|p1b: Float|Protect|p1b: Float
|-singleturn|p1b: Float|Protect
|move|p2b: Annihilape|Close Combat|p1a: Azuki
|-damage|p1a: Azuki|6/100
|-unboost|p2b: Annihilape|def|1
|-unboost|p2b: Annihilape|spd|1
|move|p2a: Milotic|Hypnosis|p1b: Float
|-activate|p1b: Float|move: Protect
|move|p1a: Azuki|Play Rough|p2b: Annihilape
|-supereffective|p2b: Annihilape|1
|-damage|p2b: Annihilape|0 fnt
|faint|p2b: Annihilape
|
|-heal|p2a: Milotic|51/100|[from] item: Leftovers
|upkeep
|
|t:|1785853303
|switch|p2b: Farigiraf|Farigiraf, L50, M|100/100
|turn|7
|
|t:|1785853325
|move|p1b: Float|Helping Hand|p1a: Azuki
|-singleturn|p1a: Azuki|Helping Hand|[of] p1b: Float
|move|p1a: Azuki|Sucker Punch||[still]
|cant|p2b: Farigiraf|ability: Armor Tail|Sucker Punch|[of] p1a: Azuki
|move|p2a: Milotic|Muddy Water|p1a: Azuki|[spread] p1a,p1b
|-damage|p1a: Azuki|0 fnt
|-damage|p1b: Float|0 fnt
|faint|p1a: Azuki
|faint|p1b: Float
|move|p2b: Farigiraf|Psychic|p1: Azuki|[notarget]
|-fail|p2b: Farigiraf
|
|-heal|p2a: Milotic|57/100|[from] item: Leftovers
|upkeep
|-message|p1ch1pichi forfeited.
|
|win|Giraldo567
||p1ch1pichi is ready for game 2.
||Giraldo567 is ready for game 2.
|uhtml|next|Next: Game 2 of 3
|l|‽Giraldo567
|player|p2|
