|j|☆Luca Santoriello
|j|☆Washingtung DC
|html|Luca SantorielloWashingtung DC    
|uhtml|bestof|Game 2 of a best-of-3
|t:|1782373228
|gametype|doubles
|player|p1|Luca Santoriello|juan|1166
|player|p2|Washingtung DC|roughneck|1259
|gen|9
|tier|[Gen 9 Champions] VGC 2026 Reg M-B (Bo3)
|rated|
|rule|Species Clause: Limit one of each Pokémon
|rule|Item Clause: Limit 1 of each item
|clearpoke
|poke|p1|Swampert, L50, F|
|poke|p1|Pelipper, L50, M|
|poke|p1|Archaludon, L50, M|
|poke|p1|Venusaur, L50, M|
|poke|p1|Gholdengo, L50|
|poke|p1|Grimmsnarl, L50, M|
|poke|p2|Swampert, L50, M|
|poke|p2|Pelipper, L50, M|
|poke|p2|Archaludon, L50, F|
|poke|p2|Rotom-Heat, L50|
|poke|p2|Ninetales-Alola, L50, M|
|poke|p2|Pyroar, L50, M|
|teampreview|4
|showteam|p1|Swampert||Swampertite|Torrent|WaveCrash,HighHorsepower,IcePunch,Protect|Adamant||F|||50|]Pelipper||FocusSash|Drizzle|WideGuard,Tailwind,WeatherBall,Hurricane|Modest||M|||50|]Archaludon||Leftovers|Stamina|Protect,FlashCannon,DragonPulse,ElectroShot|Modest||M|||50|]Venusaur||Venusaurite|Chlorophyll|Protect,GigaDrain,SludgeBomb,EarthPower|Modest||M|||50|]Gholdengo||LifeOrb|GoodasGold|Protect,NastyPlot,MakeItRain,ShadowBall|Modest|||||50|]Grimmsnarl||RoseliBerry|Prankster|FakeOut,LightScreen,PartingShot,FoulPlay|Careful||M|||50|
|showteam|p2|Swampert||Swampertite|Torrent|Earthquake,WaveCrash,HighHorsepower,Protect|Adamant||M|||50|]Pelipper||SitrusBerry|Drizzle|Tailwind,WeatherBall,Hurricane,Protect|Modest||M|||50|]Archaludon||Leftovers|Stamina|DragonPulse,ElectroShot,FlashCannon,Protect|Modest||F|||50|]Rotom-Heat||ChoiceScarf|Levitate|Electroweb,Overheat,VoltSwitch,Thunder|Timid|||||50|]Ninetales-Alola||FocusSash|SnowWarning|AuroraVeil,FreezeDry,Moonblast,Encore|Timid||M|||50|]Pyroar||Pyroarite|Unnerve|HeatWave,Taunt,Protect,Overheat|Modest||M|||50|
|
|t:|1782373255
|teamsize|p1|4
|teamsize|p2|4
|start
|switch|p1a: Grimmsnarl|Grimmsnarl, L50, M|100/100
|switch|p1b: Swampert|Swampert, L50, F|100/100
|switch|p2a: Rotom|Rotom-Heat, L50|100/100
|switch|p2b: Pyroar|Pyroar, L50, M|100/100
|-ability|p2b: Pyroar|Unnerve
|turn|1
|
|t:|1782373316
|switch|p2a: Archaludon|Archaludon, L50, F|100/100
|detailschange|p2b: Pyroar|Pyroar-Mega, L50, M
|-mega|p2b: Pyroar|Pyroar|Pyroarite
|detailschange|p1b: Swampert|Swampert-Mega, L50, F
|-mega|p1b: Swampert|Swampert|Swampertite
|move|p1a: Grimmsnarl|Fake Out|p2a: Archaludon
|-resisted|p2a: Archaludon|1
|-crit|p2a: Archaludon
|-damage|p2a: Archaludon|93/100
|-ability|p2a: Archaludon|Stamina|boost
|-boost|p2a: Archaludon|def|1
|move|p2b: Pyroar|Heat Wave|p1a: Grimmsnarl|[spread] p1a,p1b
|-resisted|p1b: Swampert|1
|-damage|p1a: Grimmsnarl|45/100
|-damage|p1b: Swampert|73/100
|move|p1b: Swampert|High Horsepower|p2b: Pyroar
|-supereffective|p2b: Pyroar|1
|-damage|p2b: Pyroar|0 fnt
|faint|p2b: Pyroar
|
|-heal|p2a: Archaludon|100/100|[from] item: Leftovers
|upkeep
|
|t:|1782373332
|switch|p2b: Ninetales|Ninetales-Alola, L50, M|100/100
|-weather|Snowscape|[from] ability: Snow Warning|[of] p2b: Ninetales
|turn|2
|
|t:|1782373347
|switch|p1b: Archaludon|Archaludon, L50, M|100/100
|move|p1a: Grimmsnarl|Parting Shot|p2b: Ninetales
|-unboost|p2b: Ninetales|atk|1
|-unboost|p2b: Ninetales|spa|1
|
|t:|1782373351
|switch|p1a: Swampert|Swampert-Mega, L50, F|73/100|[from] Parting Shot
|move|p2b: Ninetales|Freeze-Dry|p1b: Archaludon
|-damage|p1b: Archaludon|82/100
|-ability|p1b: Archaludon|Stamina|boost
|-boost|p1b: Archaludon|def|1
|move|p2a: Archaludon|Flash Cannon|p1a: Swampert
|-resisted|p1a: Swampert|1
|-damage|p1a: Swampert|56/100
|
|-weather|Snowscape|[upkeep]
|-heal|p1b: Archaludon|89/100|[from] item: Leftovers
|upkeep
|turn|3
|
|t:|1782373367
|switch|p2b: Rotom|Rotom-Heat, L50|100/100
|move|p1a: Swampert|Protect|p1a: Swampert
|-singleturn|p1a: Swampert|Protect
|move|p2a: Archaludon|Electro Shot||[still]
|-prepare|p2a: Archaludon|Electro Shot
|-boost|p2a: Archaludon|spa|1
|move|p1b: Archaludon|Flash Cannon|p2b: Rotom
|-resisted|p2b: Rotom|2
|-damage|p2b: Rotom|88/100
|
|-weather|Snowscape|[upkeep]
|-heal|p1b: Archaludon|95/100|[from] item: Leftovers
|upkeep
|turn|4
|
|t:|1782373380
|move|p1b: Archaludon|Protect|p1b: Archaludon
|-singleturn|p1b: Archaludon|Protect
|move|p2b: Rotom|Volt Switch|p1b: Archaludon
|-activate|p1b: Archaludon|move: Protect
|move|p2a: Archaludon|Electro Shot|p1b: Archaludon|[from] lockedmove
|-activate|p1b: Archaludon|move: Protect
|move|p1a: Swampert|Wave Crash|p2b: Rotom
|-supereffective|p2b: Rotom|1
|-damage|p2b: Rotom|0 fnt
|faint|p2b: Rotom
|-damage|p1a: Swampert|35/100|[from] Recoil
|
|-weather|Snowscape|[upkeep]
|-heal|p1b: Archaludon|100/100|[from] item: Leftovers
|upkeep
|
|t:|1782373384
|switch|p2b: Ninetales|Ninetales-Alola, L50, M|100/100
|turn|5
|
|t:|1782373414
|switch|p1b: Grimmsnarl|Grimmsnarl, L50, M|45/100
|move|p2b: Ninetales|Freeze-Dry|p1b: Grimmsnarl
|-damage|p1b: Grimmsnarl|19/100
|move|p2a: Archaludon|Electro Shot||[still]
|-prepare|p2a: Archaludon|Electro Shot
|-boost|p2a: Archaludon|spa|1
|move|p1a: Swampert|Wave Crash|p2b: Ninetales
|-damage|p2b: Ninetales|30/100
|-damage|p1a: Swampert|17/100|[from] Recoil
|
|-weather|Snowscape|[upkeep]
|upkeep
|turn|6
|
|t:|1782373433
|move|p1a: Swampert|Protect|p1a: Swampert
|-singleturn|p1a: Swampert|Protect
|move|p1b: Grimmsnarl|Fake Out|p2b: Ninetales
|-damage|p2b: Ninetales|20/100y
|cant|p2b: Ninetales|flinch
|move|p2a: Archaludon|Electro Shot|p1b: Grimmsnarl|[from] lockedmove
|-damage|p1b: Grimmsnarl|0 fnt
|faint|p1b: Grimmsnarl
|
|-weather|none
|upkeep
|
|t:|1782373442
|switch|p1b: Archaludon|Archaludon, L50, M|100/100
|turn|7
|
|t:|1782373457
|switch|p1a: Pelipper|Pelipper, L50, M|100/100
|-weather|RainDance|[from] ability: Drizzle|[of] p1a: Pelipper
|move|p2b: Ninetales|Encore||[still]
|-fail|p2b: Ninetales
|move|p2a: Archaludon|Dragon Pulse|p1b: Archaludon
|-damage|p1b: Archaludon|23/100
|-ability|p1b: Archaludon|Stamina|boost
|-boost|p1b: Archaludon|def|1
|move|p1b: Archaludon|Electro Shot||[still]
|-prepare|p1b: Archaludon|Electro Shot
|-boost|p1b: Archaludon|spa|1
|-anim|p1b: Archaludon|Electro Shot|p2b: Ninetales
|-damage|p2b: Ninetales|0 fnt
|faint|p2b: Ninetales
|
|-weather|RainDance|[upkeep]
|-heal|p1b: Archaludon|29/100|[from] item: Leftovers
|upkeep
|turn|8
|
|t:|1782373501
|move|p1b: Archaludon|Protect|p1b: Archaludon
|-singleturn|p1b: Archaludon|Protect
|move|p2a: Archaludon|Electro Shot||[still]
|-prepare|p2a: Archaludon|Electro Shot
|-boost|p2a: Archaludon|spa|1
|-anim|p2a: Archaludon|Electro Shot|p1a: Pelipper
|-supereffective|p1a: Pelipper|2
|-enditem|p1a: Pelipper|Focus Sash
|-damage|p1a: Pelipper|1/100
|move|p1a: Pelipper|Tailwind|p1a: Pelipper
|-sidestart|p1: Luca Santoriello|move: Tailwind
|
|-weather|RainDance|[upkeep]
|-heal|p1b: Archaludon|35/100|[from] item: Leftovers
|upkeep
|turn|9
|
|t:|1782373538
|move|p2a: Archaludon|Protect|p2a: Archaludon
|-singleturn|p2a: Archaludon|Protect
|move|p1a: Pelipper|Hurricane|p2a: Archaludon
|-activate|p2a: Archaludon|move: Protect
|move|p1b: Archaludon|Dragon Pulse|p2a: Archaludon
|-activate|p2a: Archaludon|move: Protect
|
|-weather|RainDance|[upkeep]
|-heal|p1b: Archaludon|42/100|[from] item: Leftovers
|upkeep
|turn|10
|
|t:|1782373546
|switch|p1a: Swampert|Swampert-Mega, L50, F|17/100
|move|p1b: Archaludon|Protect|p1b: Archaludon
|-singleturn|p1b: Archaludon|Protect
|move|p2a: Archaludon|Dragon Pulse|p1b: Archaludon
|-activate|p1b: Archaludon|move: Protect
|
|-weather|RainDance|[upkeep]
|-heal|p1b: Archaludon|48/100|[from] item: Leftovers
|upkeep
|turn|11
|
|t:|1782373562
|move|p2a: Archaludon|Protect|p2a: Archaludon
|-singleturn|p2a: Archaludon|Protect
|move|p1a: Swampert|High Horsepower|p2a: Archaludon
|-activate|p2a: Archaludon|move: Protect
|move|p1b: Archaludon|Electro Shot||[still]
|-prepare|p1b: Archaludon|Electro Shot
|-boost|p1b: Archaludon|spa|1
|-anim|p1b: Archaludon|Electro Shot|p2a: Archaludon
|-activate|p2a: Archaludon|move: Protect
|
|-weather|none
|-heal|p1b: Archaludon|54/100|[from] item: Leftovers
|-sideend|p1: Luca Santoriello|move: Tailwind
|upkeep
|turn|12
|
|t:|1782373571
|move|p2a: Archaludon|Dragon Pulse|p1b: Archaludon
|-damage|p1b: Archaludon|0 fnt
|faint|p1b: Archaludon
|move|p1a: Swampert|High Horsepower|p2a: Archaludon
|-supereffective|p2a: Archaludon|1
|-damage|p2a: Archaludon|46/100
|-ability|p2a: Archaludon|Stamina|boost
|-boost|p2a: Archaludon|def|1
|
|-heal|p2a: Archaludon|53/100|[from] item: Leftovers
|upkeep
|
|t:|1782373577
|switch|p1b: Pelipper|Pelipper, L50, M|1/100
|-weather|RainDance|[from] ability: Drizzle|[of] p1b: Pelipper
|turn|13
|
|t:|1782373588
|move|p2a: Archaludon|Protect|p2a: Archaludon
|-singleturn|p2a: Archaludon|Protect
|move|p1a: Swampert|High Horsepower|p2a: Archaludon
|-activate|p2a: Archaludon|move: Protect
|move|p1b: Pelipper|Tailwind|p1b: Pelipper
|-sidestart|p1: Luca Santoriello|move: Tailwind
|
|-weather|RainDance|[upkeep]
|-heal|p2a: Archaludon|59/100|[from] item: Leftovers
|upkeep
|turn|14
|
|t:|1782373595
|move|p1a: Swampert|High Horsepower|p2a: Archaludon
|-supereffective|p2a: Archaludon|1
|-damage|p2a: Archaludon|18/100
|-ability|p2a: Archaludon|Stamina|boost
|-boost|p2a: Archaludon|def|1
|move|p1b: Pelipper|Hurricane|p2a: Archaludon
|-resisted|p2a: Archaludon|1
|-crit|p2a: Archaludon
|-damage|p2a: Archaludon|0 fnt
|faint|p2a: Archaludon
|
|win|Luca Santoriello
||Washingtung DC is ready for game 3.
||Luca Santoriello is ready for game 3.
|uhtml|next|Next: Game 3 of 3
|l|☆Washingtung DC
|player|p2|
