|j|☆tipolucha
|j|☆raksbach
|html|tipolucharaksbach    
|uhtml|bestof|Game 2 of a best-of-3
|t:|1783417572
|gametype|doubles
|player|p1|tipolucha|101|1118
|player|p2|raksbach|265|1198
|gen|9
|tier|[Gen 9 Champions] VGC 2026 Reg M-B (Bo3)
|rated|
|rule|Species Clause: Limit one of each Pokémon
|rule|Item Clause: Limit 1 of each item
|clearpoke
|poke|p1|Whimsicott, L50, F|
|poke|p1|Froslass, L50, F|
|poke|p1|Pelipper, L50, M|
|poke|p1|Incineroar, L50, F|
|poke|p1|Milotic, L50, F|
|poke|p1|Sneasler, L50, M|
|poke|p2|Incineroar, L50, M|
|poke|p2|Maushold, L50|
|poke|p2|Sinistcha, L50|
|poke|p2|Sneasler, L50, M|
|poke|p2|Blastoise, L50, F|
|poke|p2|Delphox, L50, M|
|teampreview|4
|showteam|p1|Whimsicott||FocusSash|Prankster|Tailwind,Encore,Moonblast,FakeTears|Timid||F|||50|]Froslass||Froslassite|SnowCloak|Blizzard,AuroraVeil,ShadowBall,Protect|Timid||F|||50|]Pelipper||SitrusBerry|Drizzle|WideGuard,Protect,WeatherBall,Hurricane|Relaxed||M|||50|]Incineroar||LifeOrb|Blaze|PartingShot,FakeOut,FlareBlitz,DarkestLariat|Adamant||F|||50|]Milotic||MysticWater|Competitive|AlluringVoice,Scald,IcyWind,Protect|Modest||F|||50|]Sneasler||WhiteHerb|Unburden|RockSlide,FakeOut,CloseCombat,DireClaw|Adamant||M|||50|
|showteam|p2|Incineroar||SitrusBerry|Intimidate|FakeOut,FlareBlitz,DarkestLariat,PartingShot|Impish||M|||50|]Maushold||ChopleBerry|FriendGuard|SuperFang,FollowMe,Protect,Feint|Impish|||||50|]Sinistcha||OccaBerry|Hospitality|MatchaGotcha,LifeDew,RagePowder,Protect|Bold|||||50|]Sneasler||FocusSash|PoisonTouch|FakeOut,CloseCombat,DireClaw,QuickGuard|Jolly||M|||50|]Blastoise||Blastoisinite|Torrent|WaterSpout,DarkPulse,ShellSmash,Protect|Modest||F|||50|]Delphox||Delphoxite|Blaze|HeatWave,Psychic,NastyPlot,Protect|Timid||M|||50|
|inactive|Battle timer is ON: inactive players will automatically lose when time's up. (requested by raksbach)
|inactive|tipolucha has 60 seconds left.
|inactive|raksbach has 60 seconds left.
|
|t:|1783417620
|teamsize|p1|4
|teamsize|p2|4
|start
|switch|p1a: Milotic|Milotic, L50, F|100/100
|switch|p1b: Sneasler|Sneasler, L50, M|100/100
|switch|p2a: Sinistcha|Sinistcha, L50|100/100
|switch|p2b: Blastoise|Blastoise, L50, F|100/100
|turn|1
|inactive|raksbach has 30 seconds left.
|inactive|raksbach has 20 seconds left.
|
|t:|1783417657
|move|p2b: Blastoise|Protect|p2b: Blastoise
|-singleturn|p2b: Blastoise|Protect
|move|p1b: Sneasler|Fake Out|p2b: Blastoise
|-activate|p2b: Blastoise|move: Protect
|move|p1a: Milotic|Icy Wind|p2a: Sinistcha|[spread] p2a
|-activate|p2b: Blastoise|move: Protect
|-supereffective|p2a: Sinistcha|1
|-damage|p2a: Sinistcha|73/100
|-unboost|p2a: Sinistcha|spe|1
|move|p2a: Sinistcha|Matcha Gotcha|p1a: Milotic|[spread] p1a,p1b
|-supereffective|p1a: Milotic|1
|-resisted|p1b: Sneasler|1
|-damage|p1a: Milotic|66/100
|-heal|p2a: Sinistcha|92/100|[from] drain|[of] p1a: Milotic
|-damage|p1b: Sneasler|82/100
|-heal|p2a: Sinistcha|100/100|[from] drain|[of] p1b: Sneasler
|
|upkeep
|turn|2
|inactive|raksbach has 30 seconds left.
|inactive|raksbach has 20 seconds left.
|inactive|raksbach has 15 seconds left.
|
|t:|1783417700
|detailschange|p2b: Blastoise|Blastoise-Mega, L50, F
|-mega|p2b: Blastoise|Blastoise|Blastoisinite
|move|p1b: Sneasler|Dire Claw|p2a: Sinistcha
|-damage|p2a: Sinistcha|62/100
|-status|p2a: Sinistcha|slp
|move|p2b: Blastoise|Water Spout|p1a: Milotic|[spread] p1a,p1b
|-resisted|p1a: Milotic|1
|-damage|p1a: Milotic|41/100
|-damage|p1b: Sneasler|0 fnt
|faint|p1b: Sneasler
|move|p1a: Milotic|Icy Wind|p2b: Blastoise|[spread] p2a,p2b
|-supereffective|p2a: Sinistcha|1
|-crit|p2a: Sinistcha
|-resisted|p2b: Blastoise|1
|-damage|p2a: Sinistcha|23/100 slp
|-damage|p2b: Blastoise|94/100
|-unboost|p2a: Sinistcha|spe|1
|-unboost|p2b: Blastoise|spe|1
|cant|p2a: Sinistcha|slp
|
|upkeep
|
|t:|1783417709
|switch|p1b: Whimsicott|Whimsicott, L50, F|100/100
|turn|3
|
|t:|1783417727
|switch|p2b: Sneasler|Sneasler, L50, M|100/100
|move|p1b: Whimsicott|Fake Tears|p2b: Sneasler
|-unboost|p2b: Sneasler|spd|2
|move|p1a: Milotic|Alluring Voice|p2b: Sneasler
|-damage|p2b: Sneasler|23/100
|cant|p2a: Sinistcha|slp
|
|upkeep
|turn|4
|
|t:|1783417742
|move|p2b: Sneasler|Dire Claw|p1b: Whimsicott
|-supereffective|p1b: Whimsicott|2
|-enditem|p1b: Whimsicott|Focus Sash
|-damage|p1b: Whimsicott|1/100
|-status|p1b: Whimsicott|par
|move|p1a: Milotic|Icy Wind|p2a: Sinistcha|[spread] p2b
|-miss|p1a: Milotic|p2a: Sinistcha
|-damage|p2b: Sneasler|0 fnt
|faint|p2b: Sneasler
|move|p1b: Whimsicott|Moonblast|p2a: Sinistcha
|-damage|p2a: Sinistcha|0 fnt
|faint|p2a: Sinistcha
|
|upkeep
|
|t:|1783417756
|switch|p2b: Maushold|Maushold, L50|100/100
|switch|p2a: Blastoise|Blastoise-Mega, L50, F|94/100
|turn|5
|inactive|raksbach has 30 seconds left.
|
|t:|1783417782
|move|p1b: Whimsicott|Fake Tears|p2b: Maushold
|-unboost|p2b: Maushold|spd|2
|move|p2b: Maushold|Super Fang|p1a: Milotic
|-damage|p1a: Milotic|20/100y
|move|p2a: Blastoise|Water Spout|p1b: Whimsicott|[spread] p1a,p1b
|-resisted|p1a: Milotic|1
|-resisted|p1b: Whimsicott|1
|-damage|p1a: Milotic|0 fnt
|-damage|p1b: Whimsicott|0 fnt
|faint|p1a: Milotic
|faint|p1b: Whimsicott
|
|upkeep
|
|t:|1783417788
|switch|p1b: Froslass|Froslass, L50, F|100/100
|turn|6
|
|t:|1783417806
|detailschange|p1b: Froslass|Froslass-Mega, L50, F
|-mega|p1b: Froslass|Froslass|Froslassite
|-weather|Snowscape|[from] ability: Snow Warning|[of] p1b: Froslass
|move|p2b: Maushold|Follow Me|p2b: Maushold
|-singleturn|p2b: Maushold|move: Follow Me
|move|p1b: Froslass|Blizzard|p2a: Blastoise|[spread] p2a,p2b
|-resisted|p2a: Blastoise|1
|-crit|p2a: Blastoise
|-damage|p2a: Blastoise|70/100
|-damage|p2b: Maushold|0 fnt
|faint|p2b: Maushold
|move|p2a: Blastoise|Dark Pulse|p1b: Froslass
|-supereffective|p1b: Froslass|1
|-crit|p1b: Froslass
|-damage|p1b: Froslass|0 fnt
|faint|p1b: Froslass
|
|win|raksbach
