|j|☆tester1991
|j|☆dracojackson
|html|tester1991dracojackson    
|uhtml|bestof|Game 2 of a best-of-3
|t:|1754271914
|gametype|doubles
|player|p1|tester1991|supernerd|1205
|player|p2|dracojackson|veteranf|1321
|gen|9
|tier|[Gen 9] VGC 2025 Reg H (Bo3)
|rated|
|rule|Species Clause: Limit one of each Pokémon
|rule|Item Clause: Limit 1 of each item
|clearpoke
|poke|p1|Indeedee, L50, M|
|poke|p1|Garchomp, L50, F|
|poke|p1|Lycanroc, L50, M|
|poke|p1|Dragapult, L50, M|
|poke|p1|Corviknight, L50, M|
|poke|p1|Tyranitar, L50, M|
|poke|p2|Kommo-o, L50, F|
|poke|p2|Rillaboom, L50, F|
|poke|p2|Clefairy, L50, F|
|poke|p2|Gyarados, L50, M|
|poke|p2|Kingambit, L50, M|
|poke|p2|Sneasler, L50, M|
|teampreview|4
|showteam|p1|Indeedee||ChoiceScarf|PsychicSurge|ExpandingForce,TeraBlast,Trick,Protect|||M|||50|,,,,,Psychic]Garchomp||LoadedDice|SandVeil|ScaleShot,Earthquake,StompingTantrum,Protect|||F|||50|,,,,,Steel]Lycanroc||FocusSash|SandRush|RockSlide,CloseCombat,Endeavor,Protect|||M|||50|,,,,,Rock]Dragapult||ChoiceSpecs|CursedBody|DracoMeteor,ShadowBall,FireBlast,TeraBlast|||M|||50|,,,,,Fighting]Corviknight||PsychicSeed|MirrorArmor|BraveBird,PowerTrip,BulkUp,Roost|||M|||50|,,,,,Fire]Tyranitar||AssaultVest|SandStream|RockSlide,KnockOff,LowKick,TeraBlast|||M|||50|,,,,,Flying
|showteam|p2|Kommo-o||ThroatSpray|Overcoat|Protect,ClangingScales,ClangorousSoul,Flamethrower|||F|||50|,,,,,Fire]Rillaboom||AssaultVest|GrassySurge|FakeOut,WoodHammer,GrassyGlide,Uturn|||F|||50|,,,,,Fire]Clefairy||Eviolite|FriendGuard|FollowMe,HelpingHand,Protect,AfterYou|||F|||50|,,,,,Grass]Gyarados||CovertCloak|Intimidate|Waterfall,Taunt,IronHead,ThunderWave|||M|||50|,,,,,Fairy]Kingambit||BlackGlasses|Defiant|KowtowCleave,SuckerPunch,IronHead,Protect|||M|||50|,,,,,Ghost]Sneasler||GrassySeed|Unburden|FakeOut,CloseCombat,DireClaw,Coaching|||M|||50|,,,,,Ghost
|inactive|Battle timer is ON: inactive players will automatically lose when time's up. (requested by tester1991)
|inactive|tester1991 has 60 seconds left.
|
|t:|1754271952
|teamsize|p1|4
|teamsize|p2|4
|start
|switch|p1a: Indeedee|Indeedee, L50, M, shiny|100/100
|switch|p1b: Corviknight|Corviknight, L50, M, shiny|100/100
|switch|p2a: Craig|Sneasler, L50, M|100/100
|switch|p2b: AJ|Rillaboom, L50, F, shiny|100/100
|-fieldstart|move: Psychic Terrain|[from] ability: Psychic Surge|[of] p1a: Indeedee
|-enditem|p1b: Corviknight|Psychic Seed
|-boost|p1b: Corviknight|spd|1|[from] item: Psychic Seed
|-fieldstart|move: Grassy Terrain|[from] ability: Grassy Surge|[of] p2b: AJ
|-enditem|p2a: Craig|Grassy Seed
|-boost|p2a: Craig|def|1|[from] item: Grassy Seed
|turn|1
|inactive|tester1991 has 30 seconds left.
|inactive|tester1991 has 20 seconds left.
|inactive|tester1991 has 15 seconds left.
|inactive|tester1991 has 10 seconds left.
|
|t:|1754271998
|switch|p1a: Garchomp|Garchomp, L50, F, shiny|100/100
|move|p2a: Craig|Close Combat|p1a: Garchomp
|-damage|p1a: Garchomp|26/100
|-unboost|p2a: Craig|def|1
|-unboost|p2a: Craig|spd|1
|move|p2b: AJ|U-turn|p1a: Garchomp
|-damage|p1a: Garchomp|3/100
|
|t:|1754272003
|switch|p2b: Blake|Kommo-o, L50, F, shiny|100/100|[from] U-turn
|move|p1b: Corviknight|Bulk Up|p1b: Corviknight
|-boost|p1b: Corviknight|atk|1
|-boost|p1b: Corviknight|def|1
|
|-heal|p1a: Garchomp|9/100|[from] Grassy Terrain
|upkeep
|turn|2
|inactive|tester1991 has 30 seconds left.
|inactive|tester1991 has 20 seconds left.
|inactive|dracojackson has 30 seconds left.
|
|t:|1754272042
|-terastallize|p2b: Blake|Fire
|-terastallize|p1b: Corviknight|Fire
|move|p1a: Garchomp|Protect|p1a: Garchomp
|-singleturn|p1a: Garchomp|Protect
|move|p2a: Craig|Dire Claw|p1a: Garchomp
|-activate|p1a: Garchomp|move: Protect
|move|p2b: Blake|Clangorous Soul|p2b: Blake
|-boost|p2b: Blake|atk|1
|-boost|p2b: Blake|def|1
|-boost|p2b: Blake|spa|1
|-boost|p2b: Blake|spd|1
|-boost|p2b: Blake|spe|1
|-damage|p2b: Blake|68/100
|-enditem|p2b: Blake|Throat Spray
|-boost|p2b: Blake|spa|1|[from] item: Throat Spray
|move|p1b: Corviknight|Brave Bird|p2b: Blake
|-damage|p2b: Blake|22/100
|-damage|p1b: Corviknight|89/100|[from] Recoil
|
|-heal|p2b: Blake|28/100|[from] Grassy Terrain
|-heal|p1a: Garchomp|15/100|[from] Grassy Terrain
|-heal|p1b: Corviknight|95/100|[from] Grassy Terrain
|upkeep
|turn|3
|inactive|tester1991 has 30 seconds left.
|
|t:|1754272072
|switch|p1a: Dragapult|Dragapult, L50, M, shiny|100/100
|move|p2a: Craig|Close Combat|p1b: Corviknight
|-damage|p1b: Corviknight|57/100
|-unboost|p2a: Craig|def|1
|-unboost|p2a: Craig|spd|1
|move|p2b: Blake|Clanging Scales|p1a: Dragapult|[spread] p1a,p1b
|-supereffective|p1a: Dragapult
|-damage|p1a: Dragapult|0 fnt
|-damage|p1b: Corviknight|15/100
|faint|p1a: Dragapult
|-unboost|p2b: Blake|def|1
|move|p1b: Corviknight|Brave Bird|p2b: Blake
|-damage|p2b: Blake|0 fnt
|faint|p2b: Blake
|-damage|p1b: Corviknight|8/100|[from] Recoil
|
|-heal|p1b: Corviknight|14/100|[from] Grassy Terrain
|upkeep
|
|t:|1754272095
|switch|p1a: Indeedee|Indeedee, L50, M, shiny|100/100
|switch|p2b: Seam|Clefairy, L50, F, shiny|100/100
|-fieldstart|move: Psychic Terrain|[from] ability: Psychic Surge|[of] p1a: Indeedee
|turn|4
|
|t:|1754272107
|switch|p2b: AJ|Rillaboom, L50, F, shiny|100/100
|-fieldstart|move: Grassy Terrain|[from] ability: Grassy Surge|[of] p2b: AJ
|move|p2a: Craig|Close Combat|p1b: Corviknight
|-damage|p1b: Corviknight|0 fnt
|-unboost|p2a: Craig|def|1
|-unboost|p2a: Craig|spd|1
|faint|p1b: Corviknight
|move|p1a: Indeedee|Expanding Force|p2a: Craig
|-supereffective|p2a: Craig
|-damage|p2a: Craig|0 fnt
|faint|p2a: Craig
|
|upkeep
|
|t:|1754272120
|switch|p2a: Seam|Clefairy, L50, F, shiny|100/100
|switch|p1b: Garchomp|Garchomp, L50, F, shiny|15/100
|turn|5
|
|t:|1754272130
|move|p1b: Garchomp|Protect|p1b: Garchomp
|-singleturn|p1b: Garchomp|Protect
|move|p2a: Seam|Follow Me|p2a: Seam
|-singleturn|p2a: Seam|move: Follow Me
|move|p1a: Indeedee|Expanding Force|p2a: Seam
|-damage|p2a: Seam|67/100
|move|p2b: AJ|Wood Hammer|p1a: Indeedee
|-damage|p1a: Indeedee|0 fnt
|faint|p1a: Indeedee
|-damage|p2b: AJ|79/100|[from] Recoil
|
|-heal|p1b: Garchomp|21/100|[from] Grassy Terrain
|-heal|p2b: AJ|85/100|[from] Grassy Terrain
|-heal|p2a: Seam|73/100|[from] Grassy Terrain
|upkeep
|turn|6
|c|☆tester1991|Gg
|
|t:|1754272153
|move|p2a: Seam|Follow Me|p2a: Seam
|-singleturn|p2a: Seam|move: Follow Me
|move|p1b: Garchomp|Stomping Tantrum|p2a: Seam
|-damage|p2a: Seam|39/100
|move|p2b: AJ|Wood Hammer|p1b: Garchomp
|-damage|p1b: Garchomp|0 fnt
|faint|p1b: Garchomp
|-damage|p2b: AJ|79/100|[from] Recoil
|
|win|dracojackson
|raw|tester1991's rating: 1205 → 1188(-17 for losing)
|raw|dracojackson's rating: 1321 → 1335(+14 for winning)
|c|☆dracojackson|Gg
