|j|â˜†saboyita
|j|â˜†WolfeWithTheGlicky
|html|saboyitaWolfeWithTheGlicky    
|uhtml|bestof|Game 2 of a best-of-3
|t:|1756328799
|gametype|doubles
|player|p1|saboyita|grimsley|1129
|player|p2|WolfeWithTheGlicky|boarder|1216
|gen|9
|tier|[Gen 9] VGC 2025 Reg H (Bo3)
|rated|
|rule|Species Clause: Limit one of each PokÃ©mon
|rule|Item Clause: Limit 1 of each item
|clearpoke
|poke|p1|Amoonguss, L50, F|
|poke|p1|Hydreigon, L50, M|
|poke|p1|Whimsicott, L50, F|
|poke|p1|Maushold-Four, L50|
|poke|p1|Annihilape, L50, F|
|poke|p1|Ursaluna-Bloodmoon, L50, M|
|poke|p2|Porygon2, L50|
|poke|p2|Ursaluna, L50, M|
|poke|p2|Volcarona, L50, M|
|poke|p2|Grimmsnarl, L50, M|
|poke|p2|Archaludon, L50, F|
|poke|p2|Gholdengo, L50|
|teampreview|4
|showteam|p1|Amoonguss||MentalHerb|Regenerator|ClearSmog,Spore,RagePowder,Protect|||F|||50|,,,,,Water]Hydreigon||ChoiceSpecs|Levitate|Snarl,HeatWave,DarkPulse,DracoMeteor|||M|||50|,,,,,Ghost]Whimsicott||CovertCloak|Prankster|BeatUp,Encore,HelpingHand,Tailwind|||F|||50|,,,,,Dark]Maushold-Four||WideLens|Technician|PopulationBomb,Taunt,FollowMe,Protect||||||50|,,,,,Ghost]Annihilape||Leftovers|Defiant|RageFist,CloseCombat,FinalGambit,Protect|||F|||50|,,,,,Water]Ursaluna-Bloodmoon||AssaultVest|MindsEye|VacuumWave,HyperVoice,EarthPower,BloodMoon|||M|||50|,,,,,Water
|showteam|p2|Porygon2||Eviolite|Download|TriAttack,ShadowBall,Recover,TrickRoom||||||50|,,,,,Ghost]Ursaluna||FlameOrb|Guts|Facade,Earthquake,HeadlongRush,Protect|||M|||50|,,,,,Ghost]Volcarona||CovertCloak|FlameBody|Overheat,StruggleBug,RagePowder,WillOWisp|||M|||50|,,,,,Fairy]Grimmsnarl||LightClay|Prankster|SpiritBreak,Reflect,LightScreen,Taunt|||M|||50|,,,,,Poison]Archaludon||PowerHerb|Sturdy|DragonPulse,ElectroShot,Thunderbolt,Protect|||F|||50|,,,,,Electric]Gholdengo||ChoiceSpecs|GoodasGold|ShadowBall,MakeItRain,PowerGem,Trick||||||50|,,,,,Dragon
|inactive|Battle timer is ON: inactive players will automatically lose when time's up. (requested by saboyita)
|inactive|saboyita has 60 seconds left.
|inactive|WolfeWithTheGlicky has 60 seconds left.
|inactive|WolfeWithTheGlicky has 30 seconds left.
|inactive|WolfeWithTheGlicky has 20 seconds left.
|inactive|WolfeWithTheGlicky has 15 seconds left.
|
|t:|1756328878
|teamsize|p1|4
|teamsize|p2|4
|start
|switch|p1a: Maushold|Maushold-Four, L50|100/100
|switch|p1b: Ursaluna|Ursaluna-Bloodmoon, L50, M|100/100
|switch|p2a: Archaludon|Archaludon, L50, F|100/100
|switch|p2b: Porygon2|Porygon2, L50|100/100
|-ability|p2b: Porygon2|Download|boost
|-boost|p2b: Porygon2|spa|1
|turn|1
|inactive|saboyita has 30 seconds left.
|inactive|saboyita has 20 seconds left.
|
|t:|1756328915
|move|p1a: Maushold|Population Bomb|p2b: Porygon2
|-damage|p2b: Porygon2|93/100
|-damage|p2b: Porygon2|85/100
|-damage|p2b: Porygon2|78/100
|-damage|p2b: Porygon2|71/100
|-damage|p2b: Porygon2|64/100
|-damage|p2b: Porygon2|56/100
|-damage|p2b: Porygon2|48/100
|-damage|p2b: Porygon2|40/100
|-damage|p2b: Porygon2|33/100
|-damage|p2b: Porygon2|26/100
|-hitcount|p2b: Porygon2|10
|move|p2a: Archaludon|Electro Shot||[still]
|-prepare|p2a: Archaludon|Electro Shot
|-boost|p2a: Archaludon|spa|1
|-enditem|p2a: Archaludon|Power Herb
|-anim|p2a: Archaludon|Electro Shot|p1a: Maushold
|-damage|p1a: Maushold|0 fnt
|faint|p1a: Maushold
|move|p1b: Ursaluna|Hyper Voice|p2a: Archaludon|[spread] p2a,p2b
|-resisted|p2a: Archaludon
|-damage|p2a: Archaludon|70/100
|-damage|p2b: Porygon2|0 fnt
|faint|p2b: Porygon2
|
|upkeep
|inactive|saboyita has 30 seconds left.
|
|t:|1756328943
|switch|p1a: Amoonguss|Amoonguss, L50, F|100/100
|switch|p2b: Volcarona|Volcarona, L50, M|100/100
|turn|2
|inactive|saboyita has 30 seconds left.
|inactive|WolfeWithTheGlicky has 30 seconds left.
|inactive|saboyita has 20 seconds left.
|inactive|WolfeWithTheGlicky has 20 seconds left.
|inactive|saboyita has 15 seconds left.
|
|t:|1756328986
|move|p1a: Amoonguss|Protect|p1a: Amoonguss
|-singleturn|p1a: Amoonguss|Protect
|move|p2b: Volcarona|Overheat|p1a: Amoonguss
|-activate|p1a: Amoonguss|move: Protect
|move|p2a: Archaludon|Thunderbolt|p1a: Amoonguss
|-activate|p1a: Amoonguss|move: Protect
|move|p1b: Ursaluna|Blood Moon|p2b: Volcarona
|-damage|p2b: Volcarona|22/100
|
|upkeep
|turn|3
|inactive|saboyita has 30 seconds left.
|
|t:|1756329013
|switch|p1a: Hydreigon|Hydreigon, L50, M|100/100
|move|p2b: Volcarona|Struggle Bug|p1b: Ursaluna|[spread] p1a,p1b
|-supereffective|p1a: Hydreigon
|-damage|p1a: Hydreigon|64/100
|-damage|p1b: Ursaluna|88/100
|-unboost|p1a: Hydreigon|spa|1
|-unboost|p1b: Ursaluna|spa|1
|move|p2a: Archaludon|Dragon Pulse|p1b: Ursaluna
|-crit|p1b: Ursaluna
|-damage|p1b: Ursaluna|13/100
|move|p1b: Ursaluna|Earth Power|p2a: Archaludon
|-supereffective|p2a: Archaludon
|-damage|p2a: Archaludon|0 fnt
|faint|p2a: Archaludon
|
|upkeep
|
|t:|1756329022
|switch|p2a: Gholdengo|Gholdengo, L50|100/100
|turn|4
|inactive|saboyita has 30 seconds left.
|inactive|saboyita has 20 seconds left.
|inactive|saboyita has 15 seconds left.
|
|t:|1756329066
|switch|p1b: Amoonguss|Amoonguss, L50, F|100/100
|-terastallize|p2a: Gholdengo|Dragon
|move|p2b: Volcarona|Struggle Bug|p1a: Hydreigon|[spread] p1a,p1b
|-supereffective|p1a: Hydreigon
|-damage|p1a: Hydreigon|27/100
|-damage|p1b: Amoonguss|87/100
|-unboost|p1a: Hydreigon|spa|1
|-unboost|p1b: Amoonguss|spa|1
|move|p1a: Hydreigon|Dark Pulse|p2b: Volcarona
|-damage|p2b: Volcarona|0 fnt
|faint|p2b: Volcarona
|move|p2a: Gholdengo|Make It Rain|p1b: Amoonguss|[spread] p1a,p1b
|-damage|p1a: Hydreigon|0 fnt
|-damage|p1b: Amoonguss|35/100
|-unboost|p2a: Gholdengo|spa|1
|faint|p1a: Hydreigon
|
|upkeep
|
|t:|1756329082
|switch|p1a: Ursaluna|Ursaluna-Bloodmoon, L50, M|13/100
|turn|5
|
|t:|1756329096
|-terastallize|p1a: Ursaluna|Water
|move|p1b: Amoonguss|Rage Powder|p1b: Amoonguss
|-singleturn|p1b: Amoonguss|move: Rage Powder
|move|p2a: Gholdengo|Make It Rain|p1b: Amoonguss|[spread] p1a,p1b
|-resisted|p1a: Ursaluna
|-damage|p1a: Ursaluna|0 fnt
|-damage|p1b: Amoonguss|0 fnt
|-unboost|p2a: Gholdengo|spa|1
|faint|p1a: Ursaluna
|faint|p1b: Amoonguss
|
|win|WolfeWithTheGlicky
|raw|saboyita's rating: 1129 → 1110(-19 for losing)
|raw|WolfeWithTheGlicky's rating: 1216 → 1235(+19 for winning)
|l|â˜†WolfeWithTheGlicky
|player|p2|
