|j|☆nygma29
|j|☆madhat29
|html|nygma29madhat29    
|uhtml|bestof|Game 1 of a best-of-3
|t:|1783204021
|gametype|doubles
|player|p1|nygma29|102|
|player|p2|madhat29|1|
|gen|9
|tier|[Gen 9 Champions] VGC 2026 Reg M-B (Bo3)
|rule|Species Clause: Limit one of each Pokémon
|rule|Item Clause: Limit 1 of each item
|clearpoke
|poke|p1|Raichu, L50, M|
|poke|p1|Metagross, L50|
|poke|p1|Krookodile, L50, M|
|poke|p1|Dragapult, L50, F|
|poke|p1|Primarina, L50, F|
|poke|p1|Staraptor, L50, F|
|poke|p2|Ampharos, L50, F|
|poke|p2|Sableye, L50, M|
|poke|p2|Espathra, L50, M|
|poke|p2|Kangaskhan, L50, F|
|poke|p2|Gengar, L50, F|
|poke|p2|Aromatisse, L50, M|
|teampreview|4
|showteam|p1|Raichu||RaichuniteY|LightningRod|Nuzzle,Encore,FakeOut,VoltSwitch|Timid||M|||50|]Metagross||Metagrossite|ClearBody|IronHead,PsychicFangs,StompingTantrum,Protect|Adamant|||||50|]Krookodile||LifeOrb|Intimidate|Earthquake,KnockOff,StompingTantrum,Protect|Adamant||M|||50|]Dragapult||FocusSash|ClearBody|DracoMeteor,ShadowBall,BreakingSwipe,WillOWisp|Timid||F|||50|]Primarina||Leftovers|LiquidVoice|HyperVoice,Moonblast,CalmMind,Protect|Modest||F|||50|]Staraptor||WacanBerry|Intimidate|BraveBird,Tailwind,DoubleEdge,Protect|Jolly||F|||50|
|showteam|p2|Ampharos||Ampharosite|Static|Thunderbolt,DragonPulse,CottonGuard,Protect|Bold||F|||50|]Sableye||Sablenite|Prankster|FakeOut,WillOWisp,Taunt,LightScreen|Careful||M|||50|]Espathra||ColburBerry|SpeedBoost|LuminaCrash,CalmMind,BatonPass,Protect|Bold||M|||50|]Kangaskhan||SilkScarf|Scrappy|FakeOut,DoubleEdge,SuckerPunch,IceBeam|Adamant||F|||50|]Gengar||Gengarite|CursedBody|SludgeBomb,ShadowBall,DazzlingGleam,Protect|Modest||F|||50|]Aromatisse||BabiriBerry|AromaVeil|Moonblast,HealPulse,TrickRoom,Protect|Bold||M|||50|
|
|t:|1783204118
|teamsize|p1|4
|teamsize|p2|4
|start
|switch|p1a: Krookodile|Krookodile, L50, M|100/100
|switch|p1b: Dragapult|Dragapult, L50, F|100/100
|switch|p2a: Sableye|Sableye, L50, M|100/100
|switch|p2b: Espathra|Espathra, L50, M|100/100
|-ability|p1a: Krookodile|Intimidate|boost
|-unboost|p2a: Sableye|atk|1
|-unboost|p2b: Espathra|atk|1
|turn|1
|
|t:|1783204199
|move|p2b: Espathra|Protect|p2b: Espathra
|-singleturn|p2b: Espathra|Protect
|move|p2a: Sableye|Will-O-Wisp|p1a: Krookodile
|-hint|Since gen 7, Dark is immune to Prankster moves.
|-immune|p1a: Krookodile
|move|p1b: Dragapult|Shadow Ball|p2a: Sableye
|-damage|p2a: Sableye|63/100
|move|p1a: Krookodile|Stomping Tantrum|p2a: Sableye
|-damage|p2a: Sableye|0 fnt
|faint|p2a: Sableye
|-damage|p1a: Krookodile|90/100|[from] item: Life Orb
|
|-ability|p2b: Espathra|Speed Boost|boost
|-boost|p2b: Espathra|spe|1
|upkeep
|
|t:|1783204219
|switch|p2a: Kangaskhan|Kangaskhan, L50, F|100/100
|turn|2
|
|t:|1783204243
|move|p2a: Kangaskhan|Fake Out|p1a: Krookodile
|-damage|p1a: Krookodile|63/100
|move|p2b: Espathra|Calm Mind|p2b: Espathra
|-boost|p2b: Espathra|spa|1
|-boost|p2b: Espathra|spd|1
|move|p1b: Dragapult|Shadow Ball|p2b: Espathra
|-supereffective|p2b: Espathra|1
|-damage|p2b: Espathra|27/100
|cant|p1a: Krookodile|flinch
|
|-ability|p2b: Espathra|Speed Boost|boost
|-boost|p2b: Espathra|spe|1
|upkeep
|turn|3
|
|t:|1783204318
|move|p2b: Espathra|Protect|p2b: Espathra
|-singleturn|p2b: Espathra|Protect
|move|p1b: Dragapult|Will-O-Wisp|p2a: Kangaskhan
|-status|p2a: Kangaskhan|brn
|move|p1a: Krookodile|Knock Off|p2b: Espathra
|-activate|p2b: Espathra|move: Protect
|move|p2a: Kangaskhan|Double-Edge|p1a: Krookodile
|-damage|p1a: Krookodile|21/100
|-damage|p2a: Kangaskhan|86/100 brn|[from] Recoil
|
|-damage|p2a: Kangaskhan|80/100 brn|[from] brn
|-ability|p2b: Espathra|Speed Boost|boost
|-boost|p2b: Espathra|spe|1
|upkeep
|turn|4
|
|t:|1783204364
|move|p2b: Espathra|Baton Pass|p2b: Espathra
|
|t:|1783204366
|switch|p2b: Ampharos|Ampharos, L50, F|100/100|[from] Baton Pass
|move|p1b: Dragapult|Breaking Swipe|p2a: Kangaskhan|[spread] p2a,p2b
|-damage|p2a: Kangaskhan|59/100 brn
|-damage|p2b: Ampharos|85/100
|-unboost|p2a: Kangaskhan|atk|1
|-unboost|p2b: Ampharos|atk|1
|move|p1a: Krookodile|Stomping Tantrum|p2b: Ampharos
|-supereffective|p2b: Ampharos|1
|-damage|p2b: Ampharos|1/100
|-damage|p1a: Krookodile|11/100|[from] item: Life Orb
|move|p2a: Kangaskhan|Ice Beam|p1a: Krookodile
|-supereffective|p1a: Krookodile|1
|-damage|p1a: Krookodile|0 fnt
|faint|p1a: Krookodile
|
|-damage|p2a: Kangaskhan|53/100 brn|[from] brn
|upkeep
|
|t:|1783204390
|switch|p1a: Metagross|Metagross, L50|100/100
|turn|5
|
|t:|1783204423
|switch|p2a: Espathra|Espathra, L50, M|27/100
|detailschange|p2b: Ampharos|Ampharos-Mega, L50, F
|-mega|p2b: Ampharos|Ampharos|Ampharosite
|-ability|p2b: Ampharos|Mold Breaker
|detailschange|p1a: Metagross|Metagross-Mega, L50
|-mega|p1a: Metagross|Metagross|Metagrossite
|move|p2b: Ampharos|Protect|p2b: Ampharos
|-singleturn|p2b: Ampharos|Protect
|move|p1b: Dragapult|Breaking Swipe|p2a: Espathra|[spread] p2a
|-activate|p2b: Ampharos|move: Protect
|-damage|p2a: Espathra|12/100
|-unboost|p2a: Espathra|atk|1
|move|p1a: Metagross|Iron Head|p2a: Espathra
|-damage|p2a: Espathra|0 fnt
|faint|p2a: Espathra
|
|upkeep
|
|t:|1783204441
|switch|p2a: Kangaskhan|Kangaskhan, L50, F|53/100 brn
|turn|6
|
|t:|1783204480
|move|p2a: Kangaskhan|Fake Out|p1a: Metagross
|-resisted|p1a: Metagross|1
|-damage|p1a: Metagross|95/100
|move|p1b: Dragapult|Breaking Swipe|p2a: Kangaskhan|[spread] p2a,p2b
|-supereffective|p2b: Ampharos|1
|-damage|p2a: Kangaskhan|33/100 brn
|-damage|p2b: Ampharos|0 fnt
|-unboost|p2a: Kangaskhan|atk|1
|faint|p2b: Ampharos
|cant|p1a: Metagross|flinch
|
|-damage|p2a: Kangaskhan|27/100 brn|[from] brn
|upkeep
|turn|7
|
|t:|1783204606
|move|p2a: Kangaskhan|Sucker Punch|p1b: Dragapult
|-supereffective|p1b: Dragapult|1
|-damage|p1b: Dragapult|81/100
|move|p1b: Dragapult|Draco Meteor|p2a: Kangaskhan
|-damage|p2a: Kangaskhan|0 fnt
|-unboost|p1b: Dragapult|spa|2
|faint|p2a: Kangaskhan
|
|win|nygma29
||madhat29 is ready for game 2.
||nygma29 is ready for game 2.
|uhtml|next|Next: Game 2 of 3
