|j|☆Baronismo
|j|‽CaratroncoSun
|html|BaronismoCaratroncoSun    
|uhtml|bestof|Game 2 of a best-of-3
|t:|1784277275
|gametype|doubles
|player|p1|Baronismo|depotagent|1388
|player|p2|CaratroncoSun|juan|1336
|gen|9
|tier|[Gen 9 Champions] VGC 2026 Reg M-B (Bo3)
|rated|
|rule|Species Clause: Limit one of each Pokémon
|rule|Item Clause: Limit 1 of each item
|clearpoke
|poke|p1|Floette-Eternal, L50, F|
|poke|p1|Whimsicott, L50, M|
|poke|p1|Glimmora, L50, F|
|poke|p1|Basculegion, L50, M|
|poke|p1|Dragonite, L50, M|
|poke|p1|Kingambit, L50, F|
|poke|p2|Charizard, L50, M, shiny|
|poke|p2|Venusaur, L50, M, shiny|
|poke|p2|Whimsicott, L50, F, shiny|
|poke|p2|Basculegion, L50, M|
|poke|p2|Tyranitar, L50, F|
|poke|p2|Mamoswine, L50, M|
|teampreview|4
|showteam|p1|Floette-Eternal||Floettite|FlowerVeil|Moonblast,DazzlingGleam,LightofRuin,Protect|Modest||F|||50|]Whimsicott||FocusSash|Prankster|Moonblast,Tailwind,Encore,Protect|Timid||M|||50|]Glimmora||Glimmoranite|ToxicDebris|PowerGem,SludgeBomb,EarthPower,SpikyShield|Modest||F|||50|]Basculegion||ChoiceScarf|Adaptability|WaveCrash,LastRespects,AquaJet,FlipTurn|Jolly||M|||50|]Dragonite||LifeOrb|InnerFocus|DragonClaw,ExtremeSpeed,LowKick,Protect|Adamant||M|||50|]Kingambit||BlackGlasses|Defiant|KowtowCleave,IronHead,SuckerPunch,Protect|Adamant||F|||50|
|showteam|p2|Charizard||CharizarditeY|Blaze|Protect,SolarBeam,HeatWave,AirSlash|Modest||M|||50|]Venusaur||WideLens|Chlorophyll|Protect,GigaDrain,EarthPower,SleepPowder|Modest||M|||50|]Whimsicott||FocusSash|Prankster|Protect,Moonblast,Tailwind,Encore|Timid||F|||50|]Basculegion||MysticWater|Adaptability|Protect,AquaJet,WaveCrash,LastRespects|Adamant||M|||50|]Tyranitar||Tyranitarite|SandStream|Protect,RockSlide,KnockOff,LowKick|Adamant||F|||50|]Mamoswine||LifeOrb|Oblivious|Protect,HighHorsepower,RockSlide,IceShard|Adamant||M|||50|
|inactive|Battle timer is ON: inactive players will automatically lose when time's up. (requested by Baronismo)
|
|t:|1784277332
|teamsize|p1|4
|teamsize|p2|4
|start
|switch|p1a: Whimsicott|Whimsicott, L50, M|100/100
|switch|p1b: Glimmora|Glimmora, L50, F|100/100
|switch|p2a: Whimsicott|Whimsicott, L50, F, shiny|100/100
|switch|p2b: Venusaur|Venusaur, L50, M, shiny|100/100
|turn|1
|inactive|Baronismo has 30 seconds left.
|inactive|Baronismo has 20 seconds left.
|inactive|Baronismo has 15 seconds left.
|inactive|Baronismo has 10 seconds left.
|inactive|Baronismo has 5 seconds left.
|
|t:|1784277386
|detailschange|p1b: Glimmora|Glimmora-Mega, L50, F
|-mega|p1b: Glimmora|Glimmora|Glimmoranite
|move|p1a: Whimsicott|Tailwind|p1a: Whimsicott
|-sidestart|p1: Baronismo|move: Tailwind
|move|p1b: Glimmora|Sludge Bomb|p2b: Venusaur
|-damage|p2b: Venusaur|18/100
|move|p2a: Whimsicott|Moonblast|p1a: Whimsicott
|-damage|p1a: Whimsicott|40/100
|move|p2b: Venusaur|Earth Power|p1b: Glimmora
|-supereffective|p1b: Glimmora|2
|-damage|p1b: Glimmora|0 fnt
|faint|p1b: Glimmora
|
|upkeep
|
|t:|1784277398
|switch|p1b: Kingambit|Kingambit, L50, F|100/100
|turn|2
|
|t:|1784277408
|move|p1a: Whimsicott|Encore|p2a: Whimsicott
|-start|p2a: Whimsicott|Encore
|move|p2a: Whimsicott|Moonblast|p1a: Whimsicott
|-damage|p1a: Whimsicott|0 fnt
|faint|p1a: Whimsicott
|move|p1b: Kingambit|Kowtow Cleave|p2b: Venusaur
|-damage|p2b: Venusaur|0 fnt
|faint|p2b: Venusaur
|
|upkeep
|
|t:|1784277431
|switch|p1a: Basculegion|Basculegion, L50, M|100/100
|switch|p2b: Charizard|Charizard, L50, M, shiny|100/100
|turn|3
|
|t:|1784277443
|switch|p2a: Mamoswine|Mamoswine, L50, M|100/100
|move|p2b: Charizard|Protect|p2b: Charizard
|-singleturn|p2b: Charizard|Protect
|move|p1a: Basculegion|Last Respects|p2b: Charizard
|-activate|p2b: Charizard|move: Protect
|move|p1b: Kingambit|Iron Head|p2b: Charizard
|-activate|p2b: Charizard|move: Protect
|
|upkeep
|turn|4
|
|t:|1784277466
|switch|p2b: Whimsicott|Whimsicott, L50, F, shiny|100/100
|move|p2a: Mamoswine|Protect|p2a: Mamoswine
|-singleturn|p2a: Mamoswine|Protect
|move|p1a: Basculegion|Last Respects|p2b: Whimsicott
|-enditem|p2b: Whimsicott|Focus Sash
|-damage|p2b: Whimsicott|1/100
|move|p1b: Kingambit|Iron Head|p2a: Mamoswine
|-activate|p2a: Mamoswine|move: Protect
|
|-sideend|p1: Baronismo|move: Tailwind
|upkeep
|turn|5
|inactive|CaratroncoSun has 30 seconds left.
|
|t:|1784277493
|move|p2b: Whimsicott|Tailwind|p2b: Whimsicott
|-sidestart|p2: CaratroncoSun|move: Tailwind
|move|p1b: Kingambit|Sucker Punch|p2a: Mamoswine
|-damage|p2a: Mamoswine|43/100
|move|p2a: Mamoswine|High Horsepower|p1a: Basculegion
|-damage|p1a: Basculegion|27/100
|-damage|p2a: Mamoswine|34/100|[from] item: Life Orb
|move|p1a: Basculegion|Last Respects|p2a: Mamoswine
|-damage|p2a: Mamoswine|0 fnt
|faint|p2a: Mamoswine
|
|upkeep
|
|t:|1784277507
|switch|p2a: Charizard|Charizard, L50, M, shiny|100/100
|turn|6
|
|t:|1784277517
|detailschange|p2a: Charizard|Charizard-Mega-Y, L50, M, shiny
|-mega|p2a: Charizard|Charizard|Charizardite Y
|-weather|SunnyDay|[from] ability: Drought|[of] p2a: Charizard
|move|p2b: Whimsicott|Protect|p2b: Whimsicott
|-singleturn|p2b: Whimsicott|Protect
|move|p1b: Kingambit|Sucker Punch||[still]
|-fail|p1b: Kingambit
|move|p2a: Charizard|Heat Wave|p1a: Basculegion|[spread] p1a,p1b
|-resisted|p1a: Basculegion|1
|-supereffective|p1b: Kingambit|1
|-damage|p1a: Basculegion|0 fnt
|-damage|p1b: Kingambit|0 fnt
|faint|p1a: Basculegion
|faint|p1b: Kingambit
|
|win|CaratroncoSun
