|j|☆blisswy
|j|☆raineyluvsu
|html|blisswyraineyluvsu    
|uhtml|bestof|Game 1 of a best-of-3
|t:|1783722841
|gametype|doubles
|player|p1|blisswy|lady-gen4|
|player|p2|raineyluvsu|169|
|gen|9
|tier|[Gen 9 Champions] VGC 2026 Reg M-B (Bo3)
|rule|Species Clause: Limit one of each Pokémon
|rule|Item Clause: Limit 1 of each item
|clearpoke
|poke|p1|Gholdengo, L50, shiny|
|poke|p1|Lopunny, L50, F, shiny|
|poke|p1|Garchomp, L50, M|
|poke|p1|Pelipper, L50, F|
|poke|p1|Sinistcha, L50|
|poke|p1|Archaludon, L50, F, shiny|
|poke|p2|Metagross, L50|
|poke|p2|Basculegion, L50, M|
|poke|p2|Blaziken, L50, M|
|poke|p2|Politoed, L50, F|
|poke|p2|Tsareena, L50, F|
|poke|p2|Kingambit, L50, M|
|teampreview|4
|showteam|p1|Gholdengo||MetalCoat|GoodasGold|MakeItRain,ShadowBall,Protect,NastyPlot|Modest|||||50|]Lopunny||Lopunnite|CuteCharm|FakeOut,CloseCombat,IcePunch,Uturn|Jolly||F|||50|]Garchomp||LifeOrb|RoughSkin|RockSlide,Earthquake,Protect,DragonClaw|Jolly||M|||50|]Pelipper||SitrusBerry|Drizzle|Hurricane,WeatherBall,WideGuard,Tailwind|Modest||F|||50|]Sinistcha||KasibBerry|Hospitality|Protect,TrickRoom,RagePowder,MatchaGotcha|Relaxed|||||50|]Archaludon||Leftovers|Stamina|ElectroShot,FlashCannon,DragonPulse,Protect|Modest||F|||50|
|showteam|p2|Metagross||Metagrossite|ClearBody|IronHead,PsychicFangs,StompingTantrum,Protect|Jolly|||||50|]Basculegion||LifeOrb|Adaptability|WaveCrash,LastRespects,AquaJet,Protect|Jolly||M|||50|]Blaziken||FocusSash|SpeedBoost|Overheat,AuraSphere,Coaching,Detect|Modest||M|||50|]Politoed||SitrusBerry|Drizzle|WeatherBall,IceBeam,PerishSong,Protect|Bold||F|||50|]Tsareena||ChoiceScarf|QueenlyMajesty|TropKick,TripleAxel,LowKick,Uturn|Jolly||F|||50|]Kingambit||BlackGlasses|Defiant|KowtowCleave,SuckerPunch,SwordsDance,Protect|Brave||M|||50|
|j| YamperIsTheBest
|
|t:|1783722938
|teamsize|p1|4
|teamsize|p2|4
|start
|switch|p1a: Lopunny|Lopunny, L50, F, shiny|100/100
|switch|p1b: Archaludon|Archaludon, L50, F, shiny|100/100
|switch|p2a: Blaziken|Blaziken, L50, M|100/100
|switch|p2b: Tsareena|Tsareena, L50, F|100/100
|turn|1
|
|t:|1783722971
|move|p2b: Tsareena|Low Kick|p1a: Lopunny
|-supereffective|p1a: Lopunny|1
|-crit|p1a: Lopunny
|-damage|p1a: Lopunny|15/100
|move|p1a: Lopunny|U-turn|p1b: Archaludon
|-resisted|p1b: Archaludon|1
|-damage|p1b: Archaludon|93/100
|-ability|p1b: Archaludon|Stamina|boost
|-boost|p1b: Archaludon|def|1
|
|t:|1783722976
|switch|p1a: Pelipper|Pelipper, L50, F|100/100|[from] U-turn
|-weather|RainDance|[from] ability: Drizzle|[of] p1a: Pelipper
|move|p2a: Blaziken|Aura Sphere|p1a: Pelipper
|-resisted|p1a: Pelipper|1
|-damage|p1a: Pelipper|75/100
|move|p1b: Archaludon|Electro Shot||[still]
|-prepare|p1b: Archaludon|Electro Shot
|-boost|p1b: Archaludon|spa|1
|-anim|p1b: Archaludon|Electro Shot|p2a: Blaziken
|-damage|p2a: Blaziken|7/100
|
|-weather|RainDance|[upkeep]
|-heal|p1b: Archaludon|100/100|[from] item: Leftovers
|-ability|p2a: Blaziken|Speed Boost|boost
|-boost|p2a: Blaziken|spe|1
|upkeep
|turn|2
|
|t:|1783723019
|move|p2a: Blaziken|Detect|p2a: Blaziken
|-singleturn|p2a: Blaziken|Protect
|move|p1b: Archaludon|Protect|p1b: Archaludon
|-singleturn|p1b: Archaludon|Protect
|move|p2b: Tsareena|Low Kick|p1b: Archaludon
|-activate|p1b: Archaludon|move: Protect
|move|p1a: Pelipper|Tailwind|p1a: Pelipper
|-sidestart|p1: blisswy|move: Tailwind
|
|-weather|RainDance|[upkeep]
|-ability|p2a: Blaziken|Speed Boost|boost
|-boost|p2a: Blaziken|spe|1
|upkeep
|turn|3
|
|t:|1783723033
|switch|p2b: Metagross|Metagross, L50|100/100
|move|p2a: Blaziken|Aura Sphere|p1b: Archaludon
|-supereffective|p1b: Archaludon|1
|-damage|p1b: Archaludon|17/100
|-ability|p1b: Archaludon|Stamina|boost
|-boost|p1b: Archaludon|def|1
|move|p1b: Archaludon|Electro Shot||[still]
|-prepare|p1b: Archaludon|Electro Shot
|-boost|p1b: Archaludon|spa|1
|-anim|p1b: Archaludon|Electro Shot|p2b: Metagross
|-damage|p2b: Metagross|4/100
|move|p1a: Pelipper|Hurricane|p2b: Metagross
|-resisted|p2b: Metagross|1
|-damage|p2b: Metagross|0 fnt
|faint|p2b: Metagross
|
|-weather|RainDance|[upkeep]
|-heal|p1b: Archaludon|23/100|[from] item: Leftovers
|-ability|p2a: Blaziken|Speed Boost|boost
|-boost|p2a: Blaziken|spe|1
|upkeep
|
|t:|1783723046
|switch|p2b: Tsareena|Tsareena, L50, F|100/100
|turn|4
|j| NorfOrSomething
|
|t:|1783723060
|move|p2a: Blaziken|Aura Sphere|p1a: Pelipper
|-resisted|p1a: Pelipper|1
|-damage|p1a: Pelipper|49/100
|-enditem|p1a: Pelipper|Sitrus Berry|[eat]
|-heal|p1a: Pelipper|74/100|[from] item: Sitrus Berry
|move|p1b: Archaludon|Electro Shot||[still]
|-prepare|p1b: Archaludon|Electro Shot
|-boost|p1b: Archaludon|spa|1
|-anim|p1b: Archaludon|Electro Shot|p2a: Blaziken
|-crit|p2a: Blaziken
|-damage|p2a: Blaziken|0 fnt
|faint|p2a: Blaziken
|move|p2b: Tsareena|Trop Kick|p1a: Pelipper
|-crit|p1a: Pelipper
|-damage|p1a: Pelipper|7/100
|-unboost|p1a: Pelipper|atk|1
|move|p1a: Pelipper|Hurricane|p2b: Tsareena
|-supereffective|p2b: Tsareena|1
|-damage|p2b: Tsareena|2/100
|-start|p2b: Tsareena|confusion
|
|-weather|RainDance|[upkeep]
|-heal|p1b: Archaludon|29/100|[from] item: Leftovers
|upkeep
|
|t:|1783723065
|switch|p2a: Kingambit|Kingambit, L50, M|100/100
|turn|5
|
|t:|1783723081
|move|p1b: Archaludon|Electro Shot||[still]
|-prepare|p1b: Archaludon|Electro Shot
|-boost|p1b: Archaludon|spa|1
|-anim|p1b: Archaludon|Electro Shot|p2a: Kingambit
|-damage|p2a: Kingambit|0 fnt
|faint|p2a: Kingambit
|-activate|p2b: Tsareena|confusion
|move|p2b: Tsareena|Trop Kick|p1a: Pelipper
|-damage|p1a: Pelipper|0 fnt
|faint|p1a: Pelipper
|
|-weather|none
|-heal|p1b: Archaludon|36/100|[from] item: Leftovers
|-sideend|p1: blisswy|move: Tailwind
|upkeep
|
|t:|1783723086
|switch|p1a: Lopunny|Lopunny, L50, F, shiny|15/100
|turn|6
|
|t:|1783723094
|detailschange|p1a: Lopunny|Lopunny-Mega, L50, F, shiny
|-mega|p1a: Lopunny|Lopunny|Lopunnite
|move|p1a: Lopunny|Fake Out||[still]
|cant|p2b: Tsareena|ability: Queenly Majesty|Fake Out|[of] p1a: Lopunny
|-end|p2b: Tsareena|confusion
|move|p2b: Tsareena|Trop Kick|p1a: Lopunny
|-damage|p1a: Lopunny|0 fnt
|faint|p1a: Lopunny
|move|p1b: Archaludon|Dragon Pulse|p2b: Tsareena
|-damage|p2b: Tsareena|0 fnt
|faint|p2b: Tsareena
|
|win|blisswy
|j| TemporalDonut
||blisswy is ready for game 2.
||raineyluvsu is ready for game 2.
|uhtml|next|Next: Game 2 of 3
|j| Evelyie
|l| TemporalDonut
|l| Evelyie
|l| YamperIsTheBest
