|j|☆Pacogol
|j|☆Crystneel
|html|PacogolCrystneel    
|uhtml|bestof|Game 2 of a best-of-3
|t:|1757160962
|gametype|doubles
|player|p1|Pacogol|2|1118
|player|p2|Crystneel|ethan|1199
|gen|9
|tier|[Gen 9] VGC 2025 Reg H (Bo3)
|rated|
|rule|Species Clause: Limit one of each Pokémon
|rule|Item Clause: Limit 1 of each item
|clearpoke
|poke|p1|Sneasler, L50, M|
|poke|p1|Indeedee, L50, M|
|poke|p1|Ursaluna-Bloodmoon, L50, M|
|poke|p1|Talonflame, L50, M|
|poke|p1|Electabuzz, L50, M|
|poke|p1|Hydreigon, L50, M|
|poke|p2|Volcarona, L50, F|
|poke|p2|Electabuzz, L50, F|
|poke|p2|Sneasler, L50, M|
|poke|p2|Rillaboom, L50, F|
|poke|p2|Dragonite, L50, F|
|poke|p2|Ursaluna-Bloodmoon, L50, M|
|teampreview|4
|showteam|p1|Sneasler||PsychicSeed|Unburden|Protect,CloseCombat,DireClaw,ThroatChop|||M|||50|,,,,,Dark]Indeedee||FocusSash|PsychicSurge|ExpandingForce,Protect,TrickRoom,HelpingHand|||M|||50|,,,,,Psychic]Ursaluna-Bloodmoon||LifeOrb|MindsEye|Protect,HyperVoice,EarthPower,BloodMoon|||M|||50|,,,,,Normal]Talonflame||CovertCloak|GaleWings|Tailwind,DualWingbeat,Taunt,WillOWisp|||M|||50|,,,,,Stellar]Electabuzz||Eviolite|VitalSpirit|Taunt,FollowMe,Protect,Electroweb|||M|||50|,,,,,Fairy]Hydreigon||ChoiceSpecs|Levitate|HeatWave,DracoMeteor,DarkPulse,Snarl|||M|||50|,,,,,Fire
|showteam|p2|Volcarona||Leftovers|FlameBody|FieryDance,QuiverDance,GigaDrain,Protect|||F|||50|,,,,,Water]Electabuzz||Eviolite|Static|FollowMe,Electroweb,VoltSwitch,Taunt|||F|||50|,,,,,Fairy]Sneasler||GrassySeed|Unburden|DireClaw,CloseCombat,ThroatChop,Protect|||M|||50|,,,,,Dark]Rillaboom||AssaultVest|GrassySurge|FakeOut,GrassyGlide,WoodHammer,Uturn|||F|||50|,,,,,Fire]Dragonite||LoadedDice|Multiscale|ExtremeSpeed,ScaleShot,IceSpinner,LowKick|||F|||50|,,,,,Normal]Ursaluna-Bloodmoon||ThroatSpray|MindsEye|BloodMoon,HyperVoice,EarthPower,Protect|||M|||50|,,,,,Poison
|inactive|Battle timer is ON: inactive players will automatically lose when time's up. (requested by Crystneel)
|
|t:|1757161001
|teamsize|p1|4
|teamsize|p2|4
|start
|switch|p1a: Talonflame|Talonflame, L50, M|100/100
|switch|p1b: Hydreigon|Hydreigon, L50, M|100/100
|switch|p2a: Rillaboom|Rillaboom, L50, F|100/100
|switch|p2b: Electabuzz|Electabuzz, L50, F|100/100
|-fieldstart|move: Grassy Terrain|[from] ability: Grassy Surge|[of] p2a: Rillaboom
|turn|1
|inactive|Pacogol has 30 seconds left.
|inactive|Pacogol has 20 seconds left.
|
|t:|1757161040
|move|p2a: Rillaboom|Fake Out|p1b: Hydreigon
|-damage|p1b: Hydreigon|82/100
|move|p1a: Talonflame|Tailwind|p1a: Talonflame
|-sidestart|p1: Pacogol|move: Tailwind
|cant|p1b: Hydreigon|flinch
|move|p2b: Electabuzz|Volt Switch|p1a: Talonflame
|-supereffective|p1a: Talonflame
|-damage|p1a: Talonflame|33/100
|
|t:|1757161053
|switch|p2b: Sneasler|Sneasler, L50, M|100/100|[from] Volt Switch
|-enditem|p2b: Sneasler|Grassy Seed
|-boost|p2b: Sneasler|def|1|[from] item: Grassy Seed
|
|upkeep
|turn|2
|
|t:|1757161069
|switch|p2a: Electabuzz|Electabuzz, L50, F|100/100
|-terastallize|p1b: Hydreigon|Fire
|move|p2b: Sneasler|Protect|p2b: Sneasler
|-singleturn|p2b: Sneasler|Protect
|move|p1a: Talonflame|Will-O-Wisp|p2b: Sneasler
|-activate|p2b: Sneasler|move: Protect
|move|p1b: Hydreigon|Heat Wave|p2b: Sneasler|[spread] p2a
|-activate|p2b: Sneasler|move: Protect
|-damage|p2a: Electabuzz|65/100
|
|-heal|p2a: Electabuzz|71/100|[from] Grassy Terrain
|upkeep
|turn|3
|
|t:|1757161086
|switch|p1a: Sneasler|Sneasler, L50, M|100/100
|move|p2a: Electabuzz|Follow Me|p2a: Electabuzz
|-singleturn|p2a: Electabuzz|move: Follow Me
|move|p2b: Sneasler|Dire Claw|p1b: Hydreigon
|-damage|p1b: Hydreigon|33/100
|-status|p1b: Hydreigon|slp
|cant|p1b: Hydreigon|slp
|
|-heal|p2a: Electabuzz|77/100|[from] Grassy Terrain
|upkeep
|turn|4
|
|t:|1757161108
|move|p2b: Sneasler|Protect|p2b: Sneasler
|-singleturn|p2b: Sneasler|Protect
|move|p1a: Sneasler|Dire Claw|p2a: Electabuzz
|-damage|p2a: Electabuzz|36/100
|-status|p2a: Electabuzz|slp
|cant|p1b: Hydreigon|slp
|cant|p2a: Electabuzz|slp
|
|-heal|p2a: Electabuzz|42/100 slp|[from] Grassy Terrain
|-sideend|p1: Pacogol|move: Tailwind
|upkeep
|turn|5
|
|t:|1757161122
|cant|p2a: Electabuzz|slp
|move|p2b: Sneasler|Dire Claw|p1b: Hydreigon
|-damage|p1b: Hydreigon|0 fnt
|faint|p1b: Hydreigon
|move|p1a: Sneasler|Dire Claw|p2b: Sneasler
|-resisted|p2b: Sneasler
|-damage|p2b: Sneasler|73/100
|
|-heal|p2b: Sneasler|79/100|[from] Grassy Terrain
|-heal|p2a: Electabuzz|48/100 slp|[from] Grassy Terrain
|-fieldend|move: Grassy Terrain
|upkeep
|
|t:|1757161135
|switch|p1b: Talonflame|Talonflame, L50, M|33/100
|turn|6
|
|t:|1757161146
|move|p2b: Sneasler|Protect|p2b: Sneasler
|-singleturn|p2b: Sneasler|Protect
|move|p1b: Talonflame|Tailwind|p1b: Talonflame
|-sidestart|p1: Pacogol|move: Tailwind
|move|p1a: Sneasler|Dire Claw|p2b: Sneasler
|-activate|p2b: Sneasler|move: Protect
|cant|p2a: Electabuzz|slp
|
|upkeep
|turn|7
|
|t:|1757161164
|-curestatus|p2a: Electabuzz|slp|[msg]
|move|p2a: Electabuzz|Follow Me|p2a: Electabuzz
|-singleturn|p2a: Electabuzz|move: Follow Me
|move|p1b: Talonflame|Dual Wingbeat|p2a: Electabuzz
|-resisted|p2a: Electabuzz
|-damage|p2a: Electabuzz|41/100
|-resisted|p2a: Electabuzz
|-damage|p2a: Electabuzz|34/100
|-hitcount|p2a: Electabuzz|2
|move|p2b: Sneasler|Dire Claw|p1b: Talonflame
|-damage|p1b: Talonflame|0 fnt
|faint|p1b: Talonflame
|move|p1a: Sneasler|Dire Claw|p2a: Electabuzz
|-damage|p2a: Electabuzz|0 fnt
|faint|p2a: Electabuzz
|
|upkeep
|
|t:|1757161184
|switch|p1b: Ursaluna|Ursaluna-Bloodmoon, L50, M|100/100
|switch|p2a: Rillaboom|Rillaboom, L50, F|100/100
|-fieldstart|move: Grassy Terrain|[from] ability: Grassy Surge|[of] p2a: Rillaboom
|turn|8
|inactive|Pacogol has 30 seconds left.
|
|t:|1757161210
|move|p2a: Rillaboom|Fake Out|p1a: Sneasler
|-damage|p1a: Sneasler|75/100
|move|p2b: Sneasler|Close Combat|p1b: Ursaluna
|-supereffective|p1b: Ursaluna
|-damage|p1b: Ursaluna|0 fnt
|-unboost|p2b: Sneasler|def|1
|-unboost|p2b: Sneasler|spd|1
|faint|p1b: Ursaluna
|cant|p1a: Sneasler|flinch
|
|-heal|p2b: Sneasler|85/100|[from] Grassy Terrain
|-heal|p1a: Sneasler|81/100|[from] Grassy Terrain
|upkeep
|turn|9
|
|t:|1757161224
|move|p2b: Sneasler|Dire Claw|p1a: Sneasler
|-resisted|p1a: Sneasler
|-damage|p1a: Sneasler|48/100
|move|p1a: Sneasler|Dire Claw|p2a: Rillaboom
|-supereffective|p2a: Rillaboom
|-damage|p2a: Rillaboom|19/100
|-status|p2a: Rillaboom|slp
|cant|p2a: Rillaboom|slp
|
|-heal|p2b: Sneasler|91/100|[from] Grassy Terrain
|-heal|p1a: Sneasler|54/100|[from] Grassy Terrain
|-heal|p2a: Rillaboom|24/100 slp|[from] Grassy Terrain
|-sideend|p1: Pacogol|move: Tailwind
|upkeep
|turn|10
|
|t:|1757161239
|move|p2b: Sneasler|Protect|p2b: Sneasler
|-singleturn|p2b: Sneasler|Protect
|move|p1a: Sneasler|Dire Claw|p2b: Sneasler
|-activate|p2b: Sneasler|move: Protect
|-curestatus|p2a: Rillaboom|slp|[msg]
|move|p2a: Rillaboom|Wood Hammer|p1a: Sneasler
|-resisted|p1a: Sneasler
|-damage|p1a: Sneasler|0 fnt
|faint|p1a: Sneasler
|-damage|p2a: Rillaboom|11/100|[from] Recoil
|
|win|Crystneel
|raw|Pacogol's rating: 1118 → 1099(-19 for losing)
|raw|Crystneel's rating: 1199 → 1218(+19 for winning)
|l|☆Pacogol
|player|p1|
