|j|☆Mclovingods
|j|☆lettitripppp
|html|Mclovingodslettitripppp    
|uhtml|bestof|Game 1 of a best-of-3
|t:|1782767692
|gametype|doubles
|player|p1|Mclovingods|2|1158
|player|p2|lettitripppp|lucas|1173
|gen|9
|tier|[Gen 9 Champions] VGC 2026 Reg M-B (Bo3)
|rated|
|rule|Species Clause: Limit one of each Pokémon
|rule|Item Clause: Limit 1 of each item
|clearpoke
|poke|p1|Delphox, L50, M|
|poke|p1|Basculegion, L50, M|
|poke|p1|Sinistcha, L50|
|poke|p1|Incineroar, L50, F|
|poke|p1|Garchomp, L50, M|
|poke|p1|Staraptor, L50, F|
|poke|p2|Charizard, L50, M|
|poke|p2|Floette-Eternal, L50, F|
|poke|p2|Basculegion, L50, M, shiny|
|poke|p2|Garchomp, L50, F|
|poke|p2|Whimsicott, L50, M, shiny|
|poke|p2|Kingambit, L50, F|
|teampreview|4
|showteam|p1|Delphox||Delphoxite|Blaze|NastyPlot,HeatWave,Psychic,Protect|Timid||M|||50|]Basculegion||MysticWater|Adaptability|WaveCrash,AquaJet,LastRespects,Protect|Jolly||M|||50|]Sinistcha||CobaBerry|Hospitality|MatchaGotcha,RagePowder,LifeDew,TrickRoom|Calm|||||50|]Incineroar||SitrusBerry|Intimidate|FakeOut,PartingShot,FlareBlitz,DarkestLariat|Careful||F|||50|]Garchomp||LifeOrb|RoughSkin|Earthquake,DragonClaw,RockSlide,Protect|Jolly||M|||50|]Staraptor||Staraptite|Intimidate|CloseCombat,BraveBird,Protect,Roost|Jolly||F|||50|
|showteam|p2|Charizard||CharizarditeY|Blaze|WeatherBall,SolarBeam,HeatWave,Protect|Modest||M|||50|]Floette-Eternal||Floettite|FlowerVeil|DazzlingGleam,LightofRuin,Moonblast,Protect|Timid||F|||50|]Basculegion||MysticWater|Adaptability|LastRespects,WaveCrash,AquaJet,Protect|Adamant||M|||50|]Garchomp||LifeOrb|RoughSkin|DragonClaw,Earthquake,RockSlide,Protect|Jolly||F|||50|]Whimsicott||FocusSash|Prankster|Moonblast,Tailwind,Encore,Protect|Timid||M|||50|]Kingambit||ChopleBerry|Defiant|KowtowCleave,SuckerPunch,IronHead,LowKick|Adamant||F|||50|
|inactive|Battle timer is ON: inactive players will automatically lose when time's up. (requested by lettitripppp)
|
|t:|1782767712
|teamsize|p1|4
|teamsize|p2|4
|start
|switch|p1a: Delphox|Delphox, L50, M|100/100
|switch|p1b: Incineroar|Incineroar, L50, F|100/100
|switch|p2a: GHOSTWAVE|Basculegion, L50, M, shiny|100/100
|switch|p2b: LETS GO GO|Whimsicott, L50, M, shiny|100/100
|-ability|p1b: Incineroar|Intimidate|boost
|-unboost|p2a: GHOSTWAVE|atk|1
|-unboost|p2b: LETS GO GO|atk|1
|turn|1
|
|t:|1782767729
|detailschange|p1a: Delphox|Delphox-Mega, L50, M
|-mega|p1a: Delphox|Delphox|Delphoxite
|move|p2b: LETS GO GO|Protect|p2b: LETS GO GO
|-singleturn|p2b: LETS GO GO|Protect
|move|p1a: Delphox|Protect|p1a: Delphox
|-singleturn|p1a: Delphox|Protect
|move|p2a: GHOSTWAVE|Wave Crash|p1a: Delphox
|-activate|p1a: Delphox|move: Protect
|move|p1b: Incineroar|Parting Shot|p2a: GHOSTWAVE
|-unboost|p2a: GHOSTWAVE|atk|1
|-unboost|p2a: GHOSTWAVE|spa|1
|
|t:|1782767739
|switch|p1b: Sinistcha|Sinistcha, L50|100/100|[from] Parting Shot
|
|upkeep
|turn|2
|
|t:|1782767746
|switch|p2a: GENERAL BLADUS|Kingambit, L50, F|100/100
|move|p1b: Sinistcha|Rage Powder|p1b: Sinistcha
|-singleturn|p1b: Sinistcha|move: Rage Powder
|move|p2b: LETS GO GO|Encore|p1a: Delphox
|-start|p1a: Delphox|Encore
|move|p1a: Delphox|Protect||[still]
|-fail|p1a: Delphox
|
|upkeep
|turn|3
|
|t:|1782767761
|switch|p1a: Basculegion|Basculegion, L50, M|100/100
|move|p2b: LETS GO GO|Moonblast|p1b: Sinistcha
|-damage|p1b: Sinistcha|73/100
|move|p2a: GENERAL BLADUS|Kowtow Cleave|p1b: Sinistcha
|-supereffective|p1b: Sinistcha|1
|-damage|p1b: Sinistcha|0 fnt
|faint|p1b: Sinistcha
|
|upkeep
|
|t:|1782767769
|switch|p1b: Delphox|Delphox-Mega, L50, M|100/100
|turn|4
|
|t:|1782767777
|move|p2b: LETS GO GO|Tailwind|p2b: LETS GO GO
|-sidestart|p2: lettitripppp|move: Tailwind
|move|p1b: Delphox|Heat Wave|p2a: GENERAL BLADUS|[spread] p2a,p2b
|-supereffective|p2a: GENERAL BLADUS|1
|-supereffective|p2b: LETS GO GO|1
|-damage|p2a: GENERAL BLADUS|12/100
|-enditem|p2b: LETS GO GO|Focus Sash
|-damage|p2b: LETS GO GO|1/100
|move|p1a: Basculegion|Wave Crash|p2a: GENERAL BLADUS
|-damage|p2a: GENERAL BLADUS|0 fnt
|faint|p2a: GENERAL BLADUS
|-damage|p1a: Basculegion|95/100|[from] Recoil
|
|upkeep
|
|t:|1782767787
|switch|p2a: GHOSTWAVE|Basculegion, L50, M, shiny|100/100
|turn|5
|
|t:|1782767796
|switch|p1a: Incineroar|Incineroar, L50, F|100/100
|-ability|p1a: Incineroar|Intimidate|boost
|-unboost|p2a: GHOSTWAVE|atk|1
|-unboost|p2b: LETS GO GO|atk|1
|move|p1b: Delphox|Protect|p1b: Delphox
|-singleturn|p1b: Delphox|Protect
|move|p2b: LETS GO GO|Moonblast|p1a: Incineroar
|-damage|p1a: Incineroar|77/100
|move|p2a: GHOSTWAVE|Wave Crash|p1b: Delphox
|-activate|p1b: Delphox|move: Protect
|
|upkeep
|turn|6
|
|t:|1782767810
|switch|p1b: Basculegion|Basculegion, L50, M|95/100
|move|p1a: Incineroar|Fake Out|p2b: LETS GO GO
|-damage|p2b: LETS GO GO|0 fnt
|faint|p2b: LETS GO GO
|move|p2a: GHOSTWAVE|Wave Crash|p1b: Basculegion
|-resisted|p1b: Basculegion|1
|-damage|p1b: Basculegion|58/100
|-damage|p2a: GHOSTWAVE|88/100|[from] Recoil
|
|upkeep
|
|t:|1782767814
|switch|p2b: RUINOUS LIGHT|Floette-Eternal, L50, F|100/100
|turn|7
|
|t:|1782767823
|detailschange|p2b: RUINOUS LIGHT|Floette-Mega, L50, F
|-mega|p2b: RUINOUS LIGHT|Floette|Floettite
|-ability|p2b: RUINOUS LIGHT|Fairy Aura
|move|p1b: Basculegion|Aqua Jet|p2b: RUINOUS LIGHT
|-damage|p2b: RUINOUS LIGHT|56/100
|move|p2b: RUINOUS LIGHT|Moonblast|p1b: Basculegion
|-damage|p1b: Basculegion|0 fnt
|faint|p1b: Basculegion
|move|p2a: GHOSTWAVE|Wave Crash|p1a: Incineroar
|-supereffective|p1a: Incineroar|1
|-damage|p1a: Incineroar|0 fnt
|faint|p1a: Incineroar
|-damage|p2a: GHOSTWAVE|64/100|[from] Recoil
|
|-sideend|p2: lettitripppp|move: Tailwind
|upkeep
|
|t:|1782767832
|switch|p1b: Delphox|Delphox-Mega, L50, M|100/100
|turn|8
|
|t:|1782767840
|move|p1b: Delphox|Psychic|p2a: GHOSTWAVE
|-damage|p2a: GHOSTWAVE|6/100
|move|p2b: RUINOUS LIGHT|Light of Ruin|p1b: Delphox
|-resisted|p1b: Delphox|1
|-damage|p1b: Delphox|44/100
|-damage|p2b: RUINOUS LIGHT|27/100|[from] Recoil
|move|p2a: GHOSTWAVE|Last Respects|p1b: Delphox
|-supereffective|p1b: Delphox|1
|-damage|p1b: Delphox|0 fnt
|faint|p1b: Delphox
|
|win|lettitripppp
||Mclovingods is ready for game 2.
