|j|☆Lewis94
|j|☆Trestkon
|html|Lewis94Trestkon    
|uhtml|bestof|Game 2 of a best-of-3
|t:|1756226417
|gametype|doubles
|player|p1|Lewis94|ethan-gen2|1159
|player|p2|Trestkon|266|1146
|gen|9
|tier|[Gen 9] VGC 2025 Reg H (Bo3)
|rated|
|rule|Species Clause: Limit one of each Pokémon
|rule|Item Clause: Limit 1 of each item
|clearpoke
|poke|p1|Garchomp, L50, M|
|poke|p1|Whimsicott, L50, M|
|poke|p1|Dragonite, L50, F|
|poke|p1|Typhlosion-Hisui, L50, M|
|poke|p1|Torkoal, L50, M|
|poke|p1|Kingambit, L50, F|
|poke|p2|Indeedee-F, L50, F|
|poke|p2|Gallade, L50, M|
|poke|p2|Torkoal, L50, F|
|poke|p2|Ursaluna-Bloodmoon, L50, M|
|poke|p2|Armarouge, L50, M|
|poke|p2|Exeggutor, L50, M|
|teampreview|4
|showteam|p1|Garchomp||LifeOrb|RoughSkin|DragonClaw,StompingTantrum,Earthquake,Protect|||M|||50|,,,,,Ground]Whimsicott||CovertCloak|Prankster|Tailwind,SunnyDay,Moonblast,Encore|||M|||50|,,,,,Dark]Dragonite||LoadedDice|Multiscale|ExtremeSpeed,ScaleShot,IceSpinner,Protect|||F|||50|,,,,,Normal]Typhlosion-Hisui||ChoiceSpecs|Blaze|Eruption,ShadowBall,HeatWave,Protect|||M|||50|,,,,,Fire]Torkoal||EjectPack|Drought|Overheat,Eruption,HelpingHand,Protect|||M|||50|,,,,,Flying]Kingambit||AssaultVest|Defiant|IronHead,Assurance,SuckerPunch,LowKick|||F|||50|,,,,,Flying
|showteam|p2|Indeedee-F||SafetyGoggles|PsychicSurge|FollowMe,Psychic,HelpingHand,TrickRoom|||F|||50|,,,,,Fairy]Gallade||ClearAmulet|Sharpness|PsychoCut,SacredSword,WideGuard,TrickRoom|||M|||50|,,,,,Steel]Torkoal||Charcoal|Drought|Eruption,WeatherBall,ClearSmog,Protect|||F|||50|,,,,,Fire]Ursaluna-Bloodmoon||ThroatSpray|MindsEye|EarthPower,HyperVoice,BloodMoon,Protect|||M|||50|,,,,,Normal]Armarouge||PowerHerb|FlashFire|ArmorCannon,ExpandingForce,MeteorBeam,TrickRoom|||M|||50|,,,,,Grass]Exeggutor||FocusSash|Chlorophyll|TrickRoom,ExpandingForce,EnergyBall,SleepPowder|||M|||50|,,,,,Psychic
|inactive|Battle timer is ON: inactive players will automatically lose when time's up. (requested by Lewis94)
|
|t:|1756226431
|teamsize|p1|4
|teamsize|p2|4
|start
|switch|p1a: Garchomp|Garchomp, L50, M|100/100
|switch|p1b: Dragonite|Dragonite, L50, F|100/100
|switch|p2a: Dermezel|Indeedee-F, L50, F|100/100
|switch|p2b: Rockman.EXE|Armarouge, L50, M|100/100
|-fieldstart|move: Psychic Terrain|[from] ability: Psychic Surge|[of] p2a: Dermezel
|turn|1
|
|t:|1756226454
|-terastallize|p1a: Garchomp|Ground
|-terastallize|p2b: Rockman.EXE|Grass
|move|p2a: Dermezel|Follow Me|p2a: Dermezel
|-singleturn|p2a: Dermezel|move: Follow Me
|move|p1a: Garchomp|Earthquake|p2a: Dermezel|[spread] p2a,p2b
|-immune|p1b: Dragonite
|-resisted|p2b: Rockman.EXE
|-damage|p2a: Dermezel|33/100
|-damage|p2b: Rockman.EXE|66/100
|-damage|p1a: Garchomp|91/100|[from] item: Life Orb
|move|p1b: Dragonite|Scale Shot|p2a: Dermezel
|-damage|p2a: Dermezel|17/100
|-damage|p2a: Dermezel|2/100
|-damage|p2a: Dermezel|0 fnt
|faint|p2a: Dermezel
|-hitcount|p2: Dermezel|3
|-unboost|p1b: Dragonite|def|1
|-boost|p1b: Dragonite|spe|1
|move|p2b: Rockman.EXE|Trick Room|p2b: Rockman.EXE
|-fieldstart|move: Trick Room|[of] p2b: Rockman.EXE
|
|upkeep
|inactive|Trestkon has 30 seconds left.
|
|t:|1756226481
|switch|p2a: Dr. Love|Torkoal, L50, F|100/100
|-weather|SunnyDay|[from] ability: Drought|[of] p2a: Dr. Love
|turn|2
|inactive|Lewis94 has 30 seconds left.
|
|t:|1756226515
|switch|p1a: Torkoal|Torkoal, L50, M|100/100
|move|p2a: Dr. Love|Eruption|p1a: Torkoal|[spread] p1a,p1b
|-resisted|p1a: Torkoal
|-resisted|p1b: Dragonite
|-damage|p1a: Torkoal|35/100
|-damage|p1b: Dragonite|79/100
|move|p2b: Rockman.EXE|Meteor Beam||[still]
|-prepare|p2b: Rockman.EXE|Meteor Beam
|-boost|p2b: Rockman.EXE|spa|1
|-enditem|p2b: Rockman.EXE|Power Herb
|-anim|p2b: Rockman.EXE|Meteor Beam|p1b: Dragonite
|-supereffective|p1b: Dragonite
|-damage|p1b: Dragonite|0 fnt
|faint|p1b: Dragonite
|
|-weather|SunnyDay|[upkeep]
|upkeep
|
|t:|1756226528
|switch|p1b: Garchomp|Garchomp, L50, M, tera:Ground|91/100
|turn|3
|
|t:|1756226541
|move|p1a: Torkoal|Protect|p1a: Torkoal
|-singleturn|p1a: Torkoal|Protect
|move|p1b: Garchomp|Protect|p1b: Garchomp
|-singleturn|p1b: Garchomp|Protect
|move|p2a: Dr. Love|Eruption|p1a: Torkoal|[spread] 
|-activate|p1a: Torkoal|move: Protect
|-activate|p1b: Garchomp|move: Protect
|move|p2b: Rockman.EXE|Expanding Force|p1b: Garchomp|[spread] 
|-activate|p1a: Torkoal|move: Protect
|-activate|p1b: Garchomp|move: Protect
|
|-weather|SunnyDay|[upkeep]
|upkeep
|turn|4
|inactive|Lewis94 has 30 seconds left.
|
|t:|1756226570
|move|p1b: Garchomp|Protect|p1b: Garchomp
|-singleturn|p1b: Garchomp|Protect
|move|p2a: Dr. Love|Eruption|p1b: Garchomp|[spread] p1a
|-activate|p1b: Garchomp|move: Protect
|-resisted|p1a: Torkoal
|-damage|p1a: Torkoal|0 fnt
|faint|p1a: Torkoal
|move|p2b: Rockman.EXE|Expanding Force|p1b: Garchomp
|-activate|p1b: Garchomp|move: Protect
|
|-weather|SunnyDay|[upkeep]
|upkeep
|
|t:|1756226586
|switch|p1a: Typhlosion|Typhlosion-Hisui, L50, M|100/100
|turn|5
|
|t:|1756226598
|move|p2a: Dr. Love|Eruption|p1b: Garchomp|[spread] p1a,p1b
|-resisted|p1a: Typhlosion
|-damage|p1a: Typhlosion|46/100
|-damage|p1b: Garchomp|0 fnt
|faint|p1b: Garchomp
|move|p2b: Rockman.EXE|Expanding Force|p1a: Typhlosion
|-damage|p1a: Typhlosion|0 fnt
|faint|p1a: Typhlosion
|
|win|Trestkon
|raw|Lewis94's rating: 1159 → 1133(-26 for losing)
|raw|Trestkon's rating: 1146 → 1172(+26 for winning)
