|j|☆SunshineTufo
|j|☆teyvgc
|html|SunshineTufoteyvgc    
|uhtml|bestof|Game 2 of a best-of-3
|t:|1785264229
|gametype|doubles
|player|p1|SunshineTufo|li|1175
|player|p2|teyvgc|rood|1263
|gen|9
|tier|[Gen 9 Champions] VGC 2026 Reg M-B (Bo3)
|rated|
|rule|Species Clause: Limit one of each Pokémon
|rule|Item Clause: Limit 1 of each item
|clearpoke
|poke|p1|Espathra, L50, M, shiny|
|poke|p1|Charizard, L50, M, shiny|
|poke|p1|Garchomp, L50, M, shiny|
|poke|p1|Aerodactyl, L50, M, shiny|
|poke|p1|Tsareena, L50, F|
|poke|p1|Milotic, L50, M|
|poke|p2|Kingambit, L50, F|
|poke|p2|Garchomp, L50, F|
|poke|p2|Farigiraf, L50, F|
|poke|p2|Charizard, L50, M|
|poke|p2|Sylveon, L50, F|
|poke|p2|Aerodactyl, L50, M|
|teampreview|4
|showteam|p1|Espathra||FocusSash|SpeedBoost|LuminaCrash,SkillSwap,Protect|Modest||M|||50|]Charizard||CharizarditeY|SolarPower|HeatWave,WeatherBall,SolarBeam,Protect|Modest||M|||50|]Garchomp||LifeOrb|RoughSkin|Protect,RockSlide,DragonClaw,Earthquake|Adamant||M|||50|]Aerodactyl||Aerodactylite|Unnerve|WideGuard,RockSlide,DualWingbeat,Tailwind|Jolly||M|||50|]Tsareena||WideLens|QueenlyMajesty|TripleAxel,TropKick,Taunt,Protect|Adamant||F|||50|]Milotic||Leftovers|Competitive|Scald,IceBeam,Recover,Protect|Calm||M|||50|
|showteam|p2|Kingambit||BlackGlasses|Defiant|Protect,IronHead,SuckerPunch,KowtowCleave|Brave||F|||50|]Garchomp||LifeOrb|RoughSkin|DragonClaw,Earthquake,RockSlide,Protect|Jolly||F|||50|]Farigiraf||SitrusBerry|ArmorTail|TwinBeam,Thunderbolt,TrickRoom,HelpingHand|Bold||F|||50|]Charizard||CharizarditeY|Blaze|Protect,HeatWave,SolarBeam,WeatherBall|Modest||M|||50|]Sylveon||FairyFeather|Pixilate|Detect,HyperBeam,HyperVoice,QuickAttack|Modest||F|||50|]Aerodactyl||Aerodactylite|Unnerve|WideGuard,RockSlide,DualWingbeat,Tailwind|Jolly||M|||50|
|inactive|Battle timer is ON: inactive players will automatically lose when time's up. (requested by SunshineTufo)
|inactive|teyvgc has 60 seconds left.
|
|t:|1785264260
|teamsize|p1|4
|teamsize|p2|4
|start
|switch|p1a: Aerodactyl|Aerodactyl, L50, M, shiny|100/100
|switch|p1b: Tsareena|Tsareena, L50, F|100/100
|switch|p2a: Obsession|Aerodactyl, L50, M|100/100
|switch|p2b: One Wish Willow|Sylveon, L50, F|100/100
|-ability|p1a: Aerodactyl|Unnerve
|-ability|p2a: Obsession|Unnerve
|turn|1
|
|t:|1785264274
|detailschange|p2a: Obsession|Aerodactyl-Mega, L50, M
|-mega|p2a: Obsession|Aerodactyl|Aerodactylite
|move|p2a: Obsession|Tailwind|p2a: Obsession
|-sidestart|p2: teyvgc|move: Tailwind
|move|p1a: Aerodactyl|Tailwind|p1a: Aerodactyl
|-sidestart|p1: SunshineTufo|move: Tailwind
|move|p1b: Tsareena|Triple Axel|p2a: Obsession
|-supereffective|p2a: Obsession|1
|-damage|p2a: Obsession|83/100
|-supereffective|p2a: Obsession|1
|-damage|p2a: Obsession|53/100
|-supereffective|p2a: Obsession|1
|-damage|p2a: Obsession|10/100
|-hitcount|p2a: Obsession|3
|move|p2b: One Wish Willow|Hyper Voice|p1b: Tsareena|[spread] p1a,p1b
|-damage|p1a: Aerodactyl|40/100
|-damage|p1b: Tsareena|43/100
|
|upkeep
|turn|2
|inactive|teyvgc has 30 seconds left.
|
|t:|1785264299
|switch|p2a: Bear|Kingambit, L50, F|100/100
|switch|p1b: Garchomp|Garchomp, L50, M, shiny|100/100
|move|p1a: Aerodactyl|Wide Guard|p1a: Aerodactyl
|-singleturn|p1a: Aerodactyl|Wide Guard
|move|p2b: One Wish Willow|Hyper Voice|p1b: Garchomp|[spread] 
|-activate|p1a: Aerodactyl|move: Wide Guard
|-activate|p1b: Garchomp|move: Wide Guard
|
|upkeep
|turn|3
|
|t:|1785264322
|move|p1b: Garchomp|Protect|p1b: Garchomp
|-singleturn|p1b: Garchomp|Protect
|move|p2a: Bear|Sucker Punch|p1a: Aerodactyl
|-damage|p1a: Aerodactyl|0 fnt
|faint|p1a: Aerodactyl
|move|p2b: One Wish Willow|Hyper Beam|p1b: Garchomp
|-activate|p1b: Garchomp|move: Protect
|
|upkeep
|
|t:|1785264324
|switch|p1a: Charizard|Charizard, L50, M, shiny|100/100
|turn|4
|inactive|teyvgc has 30 seconds left.
|inactive|teyvgc has 20 seconds left.
|
|t:|1785264361
|switch|p2b: Ian|Garchomp, L50, F|100/100
|detailschange|p1a: Charizard|Charizard-Mega-Y, L50, M, shiny
|-mega|p1a: Charizard|Charizard|Charizardite Y
|-weather|SunnyDay|[from] ability: Drought|[of] p1a: Charizard
|move|p2a: Bear|Sucker Punch|p1a: Charizard
|-damage|p1a: Charizard|47/100
|move|p1b: Garchomp|Rock Slide|p2b: Ian|[spread] p2a,p2b
|-resisted|p2a: Bear|1
|-resisted|p2b: Ian|1
|-damage|p2a: Bear|91/100
|-damage|p2b: Ian|88/100
|-damage|p1b: Garchomp|90/100|[from] item: Life Orb
|move|p1a: Charizard|Heat Wave|p2a: Bear|[spread] p2a,p2b
|-supereffective|p2a: Bear|1
|-resisted|p2b: Ian|1
|-damage|p2a: Bear|0 fnt
|-damage|p2b: Ian|54/100
|faint|p2a: Bear
|
|-weather|SunnyDay|[upkeep]
|-sideend|p1: SunshineTufo|move: Tailwind
|-sideend|p2: teyvgc|move: Tailwind
|upkeep
|
|t:|1785264378
|switch|p2a: Obsession|Aerodactyl-Mega, L50, M|10/100
|turn|5
|
|t:|1785264391
|move|p1a: Charizard|Protect|p1a: Charizard
|-singleturn|p1a: Charizard|Protect
|move|p2a: Obsession|Tailwind|p2a: Obsession
|-sidestart|p2: teyvgc|move: Tailwind
|move|p2b: Ian|Dragon Claw|p1b: Garchomp
|-supereffective|p1b: Garchomp|1
|-damage|p1b: Garchomp|3/100
|-damage|p2b: Ian|41/100|[from] ability: Rough Skin|[of] p1b: Garchomp
|-damage|p2b: Ian|32/100|[from] item: Life Orb
|move|p1b: Garchomp|Dragon Claw|p2b: Ian
|-supereffective|p2b: Ian|1
|-damage|p2b: Ian|0 fnt
|-damage|p1b: Garchomp|0 fnt|[from] ability: Rough Skin|[of] p2b: Ian
|faint|p2b: Ian
|faint|p1b: Garchomp
|
|-weather|SunnyDay|[upkeep]
|upkeep
|-message|SunshineTufo forfeited.
|
|win|teyvgc
