|j|☆LeonardPlayz
|j|☆Cannon14
|html|LeonardPlayzCannon14    
|uhtml|bestof|Game 1 of a best-of-3
|t:|1784787950
|gametype|doubles
|player|p1|LeonardPlayz|hilbert-wonderlauncher|1195
|player|p2|Cannon14|gentleman|1176
|gen|9
|tier|[Gen 9 Champions] VGC 2026 Reg M-B (Bo3)
|rated|
|rule|Species Clause: Limit one of each Pokémon
|rule|Item Clause: Limit 1 of each item
|clearpoke
|poke|p1|Swampert, L50, M|
|poke|p1|Hydreigon, L50, M|
|poke|p1|Grimmsnarl, L50, M|
|poke|p1|Pelipper, L50, F|
|poke|p1|Archaludon, L50, M|
|poke|p1|Sinistcha, L50|
|poke|p2|Basculegion, L50, M|
|poke|p2|Floette-Eternal, L50, F|
|poke|p2|Glimmora, L50, F|
|poke|p2|Kingambit, L50, F|
|poke|p2|Ninetales-Alola, L50, F|
|poke|p2|Incineroar, L50, F, shiny|
|teampreview|4
|showteam|p1|Swampert||Swampertite|Damp|WaveCrash,Earthquake,IcePunch,Protect|Adamant||M|||50|]Hydreigon||ChoiceScarf|Levitate|DarkPulse,DragonPulse,Snarl,Uturn|Modest||M|||50|]Grimmsnarl||RoseliBerry|Prankster|FakeOut,FoulPlay,WonderRoom,PartingShot|Impish||M|||50|]Pelipper||SitrusBerry|Drizzle|Tailwind,WeatherBall,Hurricane,WideGuard|Modest||F|||50|]Archaludon||Leftovers|Stamina|ElectroShot,DragonPulse,FlashCannon,Protect|Modest||M|||50|]Sinistcha||CobaBerry|Hospitality|RagePowder,MatchaGotcha,ShadowBall,Protect|Modest|||||50|
|showteam|p2|Basculegion||LifeOrb|Adaptability|WaveCrash,LastRespects,AquaJet,Protect|Adamant||M|||50|]Floette-Eternal||Floettite|FlowerVeil|DrainingKiss,DazzlingGleam,CalmMind,Protect|Calm||F|||50|]Glimmora||Glimmoranite|ToxicDebris|SludgeBomb,EarthPower,PowerGem,Protect|Timid||F|||50|]Kingambit||FocusSash|Defiant|KowtowCleave,SuckerPunch,LowKick,IronHead|Adamant||F|||50|]Ninetales-Alola||NeverMeltIce|SnowWarning|AuroraVeil,FreezeDry,IcyWind,Protect|Timid||F|||50|]Incineroar||ShucaBerry|Intimidate|FlareBlitz,FakeOut,DarkestLariat,PartingShot|Impish||F|||50|
|inactive|Battle timer is ON: inactive players will automatically lose when time's up. (requested by Cannon14)
|inactive|LeonardPlayz also wants the timer to be on.
|inactive|Cannon14 has 60 seconds left.
|inactive|Cannon14 has 30 seconds left.
|inactive|Cannon14 has 20 seconds left.
|inactive|Cannon14 has 15 seconds left.
|inactive|Cannon14 has 10 seconds left.
|
|t:|1784788034
|teamsize|p1|4
|teamsize|p2|4
|start
|switch|p1a: Architect|Archaludon, L50, M|100/100
|switch|p1b: Grimmothy S.|Grimmsnarl, L50, M|100/100
|switch|p2a: Floette|Floette-Eternal, L50, F|100/100
|switch|p2b: Kingambit|Kingambit, L50, F|100/100
|turn|1
|
|t:|1784788053
|detailschange|p2a: Floette|Floette-Mega, L50, F
|-mega|p2a: Floette|Floette|Floettite
|-ability|p2a: Floette|Fairy Aura
|move|p1b: Grimmothy S.|Wonder Room|p1b: Grimmothy S.
|-fieldstart|move: Wonder Room|[of] p1b: Grimmothy S.
|move|p2a: Floette|Calm Mind|p2a: Floette
|-boost|p2a: Floette|spa|1
|-boost|p2a: Floette|spd|1
|move|p1a: Architect|Flash Cannon|p2a: Floette
|-supereffective|p2a: Floette|1
|-damage|p2a: Floette|49/100
|-unboost|p2a: Floette|spd|1
|move|p2b: Kingambit|Iron Head|p1b: Grimmothy S.
|-supereffective|p1b: Grimmothy S.|1
|-damage|p1b: Grimmothy S.|15/100
|
|upkeep
|turn|2
|
|t:|1784788072
|switch|p1b: Elnina|Pelipper, L50, F|100/100
|-weather|RainDance|[from] ability: Drizzle|[of] p1b: Elnina
|move|p2a: Floette|Dazzling Gleam|p1a: Architect|[spread] p1a,p1b
|-damage|p1a: Architect|58/100
|-damage|p1b: Elnina|35/100
|-ability|p1a: Architect|Stamina|boost
|-boost|p1a: Architect|def|1
|-enditem|p1b: Elnina|Sitrus Berry|[eat]
|-heal|p1b: Elnina|59/100|[from] item: Sitrus Berry
|move|p1a: Architect|Electro Shot||[still]
|-prepare|p1a: Architect|Electro Shot
|-boost|p1a: Architect|spa|1
|-anim|p1a: Architect|Electro Shot|p2b: Kingambit
|-damage|p2b: Kingambit|54/100
|move|p2b: Kingambit|Low Kick|p1a: Architect
|-supereffective|p1a: Architect|1
|-damage|p1a: Architect|19/100
|-ability|p1a: Architect|Stamina|boost
|-boost|p1a: Architect|def|1
|
|-weather|RainDance|[upkeep]
|-heal|p1a: Architect|25/100|[from] item: Leftovers
|upkeep
|turn|3
|c|☆Cannon14|the wonder room animation looks so good
|inactive|LeonardPlayz has 30 seconds left.
|
|t:|1784788097
|move|p1a: Architect|Protect|p1a: Architect
|-singleturn|p1a: Architect|Protect
|move|p2a: Floette|Draining Kiss|p1b: Elnina
|-damage|p1b: Elnina|4/100
|-heal|p2a: Floette|88/100|[from] drain|[of] p1b: Elnina
|move|p1b: Elnina|Tailwind|p1b: Elnina
|-sidestart|p1: LeonardPlayz|move: Tailwind
|move|p2b: Kingambit|Kowtow Cleave|p1b: Elnina
|-damage|p1b: Elnina|0 fnt
|faint|p1b: Elnina
|
|-weather|RainDance|[upkeep]
|-heal|p1a: Architect|31/100|[from] item: Leftovers
|upkeep
|
|t:|1784788113
|switch|p1b: Bart|Swampert, L50, M|100/100
|turn|4
|
|t:|1784788122
|switch|p2b: Ninetales|Ninetales-Alola, L50, F|100/100
|-weather|Snowscape|[from] ability: Snow Warning|[of] p2b: Ninetales
|detailschange|p1b: Bart|Swampert-Mega, L50, M
|-mega|p1b: Bart|Swampert|Swampertite
|move|p1b: Bart|Wave Crash|p2b: Ninetales
|-damage|p2b: Ninetales|42/100
|-damage|p1b: Bart|84/100|[from] Recoil
|move|p1a: Architect|Flash Cannon|p2a: Floette
|-supereffective|p2a: Floette|1
|-damage|p2a: Floette|0 fnt
|faint|p2a: Floette
|
|-weather|Snowscape|[upkeep]
|-heal|p1a: Architect|38/100|[from] item: Leftovers
|upkeep
|
|t:|1784788138
|switch|p2a: Basculegion|Basculegion, L50, M|100/100
|turn|5
|
|t:|1784788159
|move|p1a: Architect|Protect|p1a: Architect
|-singleturn|p1a: Architect|Protect
|move|p2b: Ninetales|Protect|p2b: Ninetales
|-singleturn|p2b: Ninetales|Protect
|move|p1b: Bart|Earthquake|p2b: Ninetales|[spread] p2a
|-activate|p1a: Architect|move: Protect
|-activate|p2b: Ninetales|move: Protect
|-damage|p2a: Basculegion|49/100
|move|p2a: Basculegion|Last Respects|p1a: Architect
|-activate|p1a: Architect|move: Protect
|
|-weather|Snowscape|[upkeep]
|-heal|p1a: Architect|44/100|[from] item: Leftovers
|-fieldend|move: Wonder Room
|upkeep
|turn|6
|inactive|LeonardPlayz has 30 seconds left.
|
|t:|1784788184
|switch|p2b: Kingambit|Kingambit, L50, F|54/100
|move|p2a: Basculegion|Protect|p2a: Basculegion
|-singleturn|p2a: Basculegion|Protect
|move|p1b: Bart|Wave Crash|p2b: Kingambit
|-damage|p2b: Kingambit|0 fnt
|faint|p2b: Kingambit
|-damage|p1b: Bart|66/100|[from] Recoil
|move|p1a: Architect|Dragon Pulse|p2a: Basculegion
|-activate|p2a: Basculegion|move: Protect
|
|-weather|Snowscape|[upkeep]
|-heal|p1a: Architect|50/100g|[from] item: Leftovers
|-sideend|p1: LeonardPlayz|move: Tailwind
|upkeep
|
|t:|1784788201
|switch|p2b: Ninetales|Ninetales-Alola, L50, F|42/100
|turn|7
|inactive|LeonardPlayz has 30 seconds left.
|
|t:|1784788234
|move|p1a: Architect|Protect|p1a: Architect
|-singleturn|p1a: Architect|Protect
|move|p2b: Ninetales|Icy Wind|p1a: Architect|[spread] p1b
|-activate|p1a: Architect|move: Protect
|-damage|p1b: Bart|48/100
|-unboost|p1b: Bart|spe|1
|move|p2a: Basculegion|Last Respects|p1a: Architect
|-activate|p1a: Architect|move: Protect
|move|p1b: Bart|Earthquake|p2a: Basculegion|[spread] p2a,p2b
|-activate|p1a: Architect|move: Protect
|-damage|p2a: Basculegion|6/100
|-damage|p2b: Ninetales|0 fnt
|faint|p2b: Ninetales
|
|-weather|Snowscape|[upkeep]
|-heal|p1a: Architect|56/100|[from] item: Leftovers
|upkeep
|turn|8
|
|t:|1784788252
|move|p2a: Basculegion|Last Respects|p1a: Architect
|-damage|p1a: Architect|0 fnt
|faint|p1a: Architect
|-damage|p2a: Basculegion|0 fnt|[from] item: Life Orb
|faint|p2a: Basculegion
|
|win|LeonardPlayz
||LeonardPlayz is ready for game 2.
|inactive|Cannon14 has 30 seconds to confirm battle start!
|l|☆LeonardPlayz
|player|p1|
|inactive|Cannon14 has 20 seconds to confirm battle start!
|inactive|Cannon14 has 10 seconds to confirm battle start!
|uhtml|next|Next: Game 2 of 3
|j|☆LeonardPlayz
|player|p1|LeonardPlayz|hilbert-wonderlauncher|
|l|☆Cannon14
|player|p2|
|l|☆LeonardPlayz
|player|p1|
|j|☆LeonardPlayz
|player|p1|LeonardPlayz|hilbert-wonderlauncher|
|l|☆LeonardPlayz
|player|p1|
|j|☆LeonardPlayz
|player|p1|LeonardPlayz|hilbert-wonderlauncher|
