|j|☆ThatGualaKid
|j|☆gerginator
|html|ThatGualaKidgerginator    
|uhtml|bestof|Game 1 of a best-of-3
|t:|1785760981
|gametype|doubles
|player|p1|ThatGualaKid|266|
|player|p2|gerginator|170|
|gen|9
|tier|[Gen 9 Champions] VGC 2026 Reg M-B (Bo3)
|rule|Species Clause: Limit one of each Pokémon
|rule|Item Clause: Limit 1 of each item
|clearpoke
|poke|p1|Charizard, L50, F, shiny|
|poke|p1|Venusaur, L50, M|
|poke|p1|Basculegion, L50, M|
|poke|p1|Jolteon, L50, M|
|poke|p1|Kingambit, L50, F|
|poke|p1|Sableye, L50, F|
|poke|p2|Sinistcha, L50|
|poke|p2|Liepard, L50, M|
|poke|p2|Aerodactyl, L50, F|
|poke|p2|Rotom-Heat, L50|
|poke|p2|Krookodile, L50, F|
|poke|p2|Vaporeon, L50, F|
|teampreview|4
|showteam|p1|Charizard||CharizarditeY|Blaze|HeatWave,SolarBeam,WeatherBall,Protect|Modest||F|||50|]Venusaur||LifeOrb|Chlorophyll|EnergyBall,SludgeBomb,WeatherBall,Protect|Modest||M|||50|]Basculegion||MysticWater|Adaptability|AquaJet,WaveCrash,LastRespects,Protect|Adamant||M|||50|]Jolteon||FocusSash|VoltAbsorb|Thunderbolt,AlluringVoice,WeatherBall,Detect|Timid||M|||50|]Kingambit||BlackGlasses|Defiant|KowtowCleave,SuckerPunch,IronHead,Protect|Adamant||F|||50|]Sableye||Sablenite|Prankster|FoulPlay,Quash,Encore,RainDance|Impish||F|||50|
|showteam|p2|Sinistcha||OccaBerry|Hospitality|RagePowder,MatchaGotcha,NightShade,StrengthSap|Brave|||||50|]Liepard||FocusSash|Prankster|FakeOut,Taunt,Encore,SuckerPunch|Jolly||M|||50|]Aerodactyl||Aerodactylite|Unnerve|RockSlide,DualWingbeat,Tailwind,Protect|Jolly||F|||50|]Rotom-Heat||Magnet|Levitate|Thunderbolt,Overheat,WillOWisp,Protect|Modest|||||50|]Krookodile||PasshoBerry|Moxie|HighHorsepower,StoneEdge,KnockOff,Taunt|Jolly||F|||50|]Vaporeon||RindoBerry|WaterAbsorb|Yawn,Scald,HelpingHand,Detect|Bold||F|||50|
|
|t:|1785761022
|teamsize|p1|4
|teamsize|p2|4
|start
|switch|p1a: Basculegion|Basculegion, L50, M|100/100
|switch|p1b: Sableye|Sableye, L50, F|100/100
|switch|p2a: Liepard|Liepard, L50, M|100/100
|switch|p2b: Aerodactyl|Aerodactyl, L50, F|100/100
|-ability|p2b: Aerodactyl|Unnerve
|turn|1
|inactive|Battle timer is ON: inactive players will automatically lose when time's up. (requested by ThatGualaKid)
|
|t:|1785761044
|detailschange|p2b: Aerodactyl|Aerodactyl-Mega, L50, F
|-mega|p2b: Aerodactyl|Aerodactyl|Aerodactylite
|move|p2b: Aerodactyl|Protect|p2b: Aerodactyl
|-singleturn|p2b: Aerodactyl|Protect
|move|p2a: Liepard|Sucker Punch|p1a: Basculegion
|-supereffective|p1a: Basculegion|1
|-damage|p1a: Basculegion|35/100
|move|p1a: Basculegion|Aqua Jet|p2b: Aerodactyl
|-activate|p2b: Aerodactyl|move: Protect
|move|p1b: Sableye|Rain Dance|p1b: Sableye
|-weather|RainDance
|
|-weather|RainDance|[upkeep]
|upkeep
|turn|2
|inactive|gerginator has 30 seconds left.
|inactive|ThatGualaKid has 30 seconds left.
|c|☆gerginator|bro uve got open team sheets
|inactive|gerginator has 20 seconds left.
|inactive|gerginator has 15 seconds left.
|
|t:|1785761084
|switch|p2b: Sinistcha|Sinistcha, L50|100/100
|switch|p1a: Venusaur|Venusaur, L50, M|100/100
|move|p2a: Liepard|Sucker Punch||[still]
|-fail|p2a: Liepard
|move|p1b: Sableye|Encore||[still]
|-fail|p1b: Sableye
|
|-weather|RainDance|[upkeep]
|upkeep
|turn|3
|c|☆ThatGualaKid|its always open sheets
|c|☆gerginator|oh
|inactive|ThatGualaKid has 30 seconds left.
|inactive|gerginator has 30 seconds left.
|inactive|gerginator has 20 seconds left.
|
|t:|1785761120
|switch|p2a: Rotom|Rotom-Heat, L50|100/100
|move|p1a: Venusaur|Sludge Bomb|p2b: Sinistcha
|-damage|p2b: Sinistcha|45/100
|-damage|p1a: Venusaur|90/100|[from] item: Life Orb
|move|p2b: Sinistcha|Matcha Gotcha|p1b: Sableye|[spread] p1b
|-miss|p2b: Sinistcha|p1a: Venusaur
|-damage|p1b: Sableye|68/100
|-heal|p2b: Sinistcha|59/100|[from] drain|[of] p1b: Sableye
|move|p1b: Sableye|Foul Play|p2b: Sinistcha
|-supereffective|p2b: Sinistcha|1
|-damage|p2b: Sinistcha|14/100
|
|-weather|RainDance|[upkeep]
|upkeep
|turn|4
|c|☆ThatGualaKid|yeah haha i would also prefer if it wasnt
|c|☆gerginator|why lol thats so weird
|inactive|ThatGualaKid has 30 seconds left.
|inactive|gerginator has 30 seconds left.
|inactive|gerginator has 20 seconds left.
|inactive|gerginator has 15 seconds left.
|
|t:|1785761161
|move|p1a: Venusaur|Weather Ball|p2a: Rotom
|-supereffective|p2a: Rotom|1
|-damage|p2a: Rotom|0 fnt
|faint|p2a: Rotom
|-damage|p1a: Venusaur|80/100|[from] item: Life Orb
|move|p2b: Sinistcha|Strength Sap|p1a: Venusaur
|-unboost|p1a: Venusaur|atk|1
|-heal|p2b: Sinistcha|65/100
|move|p1b: Sableye|Foul Play|p2b: Sinistcha
|-supereffective|p2b: Sinistcha|1
|-damage|p2b: Sinistcha|24/100
|
|-weather|RainDance|[upkeep]
|upkeep
|
|t:|1785761174
|switch|p2a: Aerodactyl|Aerodactyl-Mega, L50, F|100/100
|turn|5
|inactive|ThatGualaKid has 30 seconds left.
|
|t:|1785761200
|move|p1a: Venusaur|Protect|p1a: Venusaur
|-singleturn|p1a: Venusaur|Protect
|move|p2b: Sinistcha|Rage Powder|p2b: Sinistcha
|-singleturn|p2b: Sinistcha|move: Rage Powder
|move|p2a: Aerodactyl|Dual Wingbeat|p1a: Venusaur
|-activate|p1a: Venusaur|move: Protect
|move|p1b: Sableye|Foul Play|p2b: Sinistcha
|-supereffective|p2b: Sinistcha|1
|-damage|p2b: Sinistcha|0 fnt
|faint|p2b: Sinistcha
|
|-weather|none
|upkeep
|
|t:|1785761211
|switch|p2b: Liepard|Liepard, L50, M|100/100
|turn|6
|
|t:|1785761226
|switch|p1a: Charizard|Charizard, L50, F, shiny|100/100
|move|p2b: Liepard|Fake Out|p1a: Charizard
|-damage|p1a: Charizard|87/100
|move|p1b: Sableye|Rain Dance|p1b: Sableye
|-weather|RainDance
|move|p2a: Aerodactyl|Dual Wingbeat|p1a: Charizard
|-damage|p1a: Charizard|53/100
|-damage|p1a: Charizard|21/100
|-hitcount|p1a: Charizard|2
|
|-weather|RainDance|[upkeep]
|upkeep
|turn|7
|inactive|ThatGualaKid has 30 seconds left.
|inactive|ThatGualaKid has 20 seconds left.
|
|t:|1785761263
|move|p1a: Charizard|Protect|p1a: Charizard
|-singleturn|p1a: Charizard|Protect
|move|p2b: Liepard|Sucker Punch||[still]
|-fail|p2b: Liepard
|move|p2a: Aerodactyl|Rock Slide|p1b: Sableye|[spread] p1b
|-activate|p1a: Charizard|move: Protect
|-damage|p1b: Sableye|32/100
|move|p1b: Sableye|Foul Play|p2a: Aerodactyl
|-damage|p2a: Aerodactyl|36/100
|
|-weather|RainDance|[upkeep]
|upkeep
|turn|8
|inactive|ThatGualaKid has 30 seconds left.
|
|t:|1785761293
|switch|p1a: Basculegion|Basculegion, L50, M|35/100
|move|p2b: Liepard|Sucker Punch||[still]
|-fail|p2b: Liepard
|move|p2a: Aerodactyl|Rock Slide|p1a: Basculegion|[spread] p1a,p1b
|-damage|p1a: Basculegion|0 fnt
|-damage|p1b: Sableye|0 fnt
|faint|p1a: Basculegion
|faint|p1b: Sableye
|
|-weather|RainDance|[upkeep]
|upkeep
|
|t:|1785761300
|switch|p1a: Charizard|Charizard, L50, F, shiny|21/100
|switch|p1b: Venusaur|Venusaur, L50, M|80/100
|turn|9
|inactive|gerginator has 30 seconds left.
|inactive|gerginator has 20 seconds left.
|inactive|gerginator has 15 seconds left.
|
|t:|1785761340
|detailschange|p1a: Charizard|Charizard-Mega-Y, L50, F, shiny
|-mega|p1a: Charizard|Charizard|Charizardite Y
|-weather|SunnyDay|[from] ability: Drought|[of] p1a: Charizard
|move|p2b: Liepard|Sucker Punch|p1b: Venusaur
|-damage|p1b: Venusaur|50/100g
|move|p1b: Venusaur|Energy Ball|p2a: Aerodactyl
|-damage|p2a: Aerodactyl|0 fnt
|faint|p2a: Aerodactyl
|-damage|p1b: Venusaur|40/100|[from] item: Life Orb
|move|p1a: Charizard|Weather Ball|p2b: Liepard
|-crit|p2b: Liepard
|-enditem|p2b: Liepard|Focus Sash
|-damage|p2b: Liepard|1/100
|
|-weather|SunnyDay|[upkeep]
|upkeep
|turn|10
|
|t:|1785761360
|move|p2b: Liepard|Sucker Punch|p1a: Charizard
|-damage|p1a: Charizard|0 fnt
|faint|p1a: Charizard
|move|p1b: Venusaur|Sludge Bomb|p2b: Liepard
|-damage|p2b: Liepard|0 fnt
|faint|p2b: Liepard
|-damage|p1b: Venusaur|31/100|[from] item: Life Orb
|
|win|ThatGualaKid
||ThatGualaKid is ready for game 2.
||gerginator is ready for game 2.
|uhtml|next|Next: Game 2 of 3
|l|☆gerginator
|player|p2|
