|j|☆Darkan33
|j|☆JobberKatie
|html|Darkan33JobberKatie    
|uhtml|bestof|Game 1 of a best-of-3
|t:|1756310372
|gametype|doubles
|player|p1|Darkan33|veteran|1070
|player|p2|JobberKatie|bellelba|1060
|gen|9
|tier|[Gen 9] VGC 2025 Reg H (Bo3)
|rated|
|rule|Species Clause: Limit one of each Pokémon
|rule|Item Clause: Limit 1 of each item
|clearpoke
|poke|p1|Kingdra, L50, F|
|poke|p1|Pelipper, L50, M|
|poke|p1|Garchomp, L50, F|
|poke|p1|Breloom, L50, M|
|poke|p1|Archaludon, L50, M|
|poke|p1|Grimmsnarl, L50, M|
|poke|p2|Volcarona, L50, F|
|poke|p2|Rillaboom, L50, F|
|poke|p2|Tyranitar, L50, M|
|poke|p2|Dragonite, L50, F|
|poke|p2|Jumpluff, L50, M|
|poke|p2|Primarina, L50, M|
|teampreview|4
|showteam|p1|Kingdra||LifeOrb|SwiftSwim|MuddyWater,DracoMeteor,Hurricane,Protect|||F|||50|,,,,,Stellar]Pelipper||CovertCloak|Drizzle|WeatherBall,Hurricane,WideGuard,Tailwind|||M|||50|,,,,,Ghost]Garchomp||LoadedDice|RoughSkin|ScaleShot,Protect,StompingTantrum,Earthquake|||F|||50|,,,,,Steel]Breloom||FocusSash|Technician|MachPunch,BulletSeed,Spore,Protect|||M|||50|,,,,,Steel]Archaludon||AssaultVest|Stamina|BodyPress,FlashCannon,ElectroShot,DragonPulse|||M|||50|,,,,,Grass]Grimmsnarl||LightClay|Prankster|LightScreen,Reflect,SpiritBreak,ThunderWave|||M|||50|,,,,,Ghost
|showteam|p2|Volcarona||GrassySeed|FlameBody|QuiverDance,HeatWave,TeraBlast,Protect|||F|||50|,,,,,Fairy]Rillaboom||AssaultVest|GrassySurge|HighHorsepower,GrassyGlide,Uturn,FakeOut|||F|||50|,,,,,Fire]Tyranitar||LifeOrb|SandStream|RockSlide,KnockOff,Protect,DragonDance|||M|||50|,,,,,Ghost]Dragonite||LoadedDice|Multiscale|ExtremeSpeed,IceSpinner,Protect,ScaleShot|||F|||50|,,,,,Steel]Jumpluff||CovertCloak|Chlorophyll|SleepPowder,Tailwind,Encore,LeafStorm|||M|||50|,,,,,Water]Primarina||SitrusBerry|LiquidVoice|HyperVoice,Moonblast,Protect,Haze|||M|||50|,,,,,Poison
|inactive|Battle timer is ON: inactive players will automatically lose when time's up. (requested by Darkan33)
|
|t:|1756310477
|teamsize|p1|4
|teamsize|p2|4
|start
|switch|p1a: Garchomp|Garchomp, L50, F|100/100
|switch|p1b: Breloom|Breloom, L50, M, shiny|100/100
|switch|p2a: Nami|Jumpluff, L50, M|100/100
|switch|p2b: Monkey D Garp|Rillaboom, L50, F|100/100
|-fieldstart|move: Grassy Terrain|[from] ability: Grassy Surge|[of] p2b: Monkey D Garp
|turn|1
|inactive|Darkan33 has 30 seconds left.
|inactive|JobberKatie has 30 seconds left.
|inactive|Darkan33 has 20 seconds left.
|inactive|Darkan33 has 15 seconds left.
|
|t:|1756310520
|move|p1a: Garchomp|Protect|p1a: Garchomp
|-singleturn|p1a: Garchomp|Protect
|move|p1b: Breloom|Mach Punch|p2a: Nami
|-resisted|p2a: Nami
|-damage|p2a: Nami|80/100
|move|p2a: Nami|Sleep Powder|p1a: Garchomp
|-activate|p1a: Garchomp|move: Protect
|move|p2b: Monkey D Garp|U-turn|p1b: Breloom
|-damage|p1b: Breloom|65/100
|
|t:|1756310530
|switch|p2b: Kuma|Dragonite, L50, F|100/100|[from] U-turn
|
|-heal|p1b: Breloom|70/100|[from] Grassy Terrain
|upkeep
|turn|2
|
|t:|1756310552
|-terastallize|p1a: Garchomp|Steel
|move|p2b: Kuma|Protect|p2b: Kuma
|-singleturn|p2b: Kuma|Protect
|move|p2a: Nami|Sleep Powder|p1a: Garchomp|[miss]
|-miss|p2a: Nami|p1a: Garchomp
|move|p1a: Garchomp|Scale Shot|p2b: Kuma
|-activate|p2b: Kuma|move: Protect
|move|p1b: Breloom|Spore|p2b: Kuma
|-activate|p2b: Kuma|move: Protect
|
|-heal|p1b: Breloom|76/100|[from] Grassy Terrain
|upkeep
|turn|3
|
|t:|1756310570
|move|p2a: Nami|Tailwind|p2a: Nami
|-sidestart|p2: JobberKatie|move: Tailwind
|move|p2b: Kuma|Ice Spinner|p1b: Breloom
|-supereffective|p1b: Breloom
|-damage|p1b: Breloom|0 fnt
|-fieldend|move: Grassy Terrain
|faint|p1b: Breloom
|move|p1a: Garchomp|Scale Shot|p2b: Kuma
|-supereffective|p2b: Kuma
|-damage|p2b: Kuma|88/100
|-supereffective|p2b: Kuma
|-damage|p2b: Kuma|61/100
|-supereffective|p2b: Kuma
|-damage|p2b: Kuma|34/100
|-supereffective|p2b: Kuma
|-damage|p2b: Kuma|7/100
|-supereffective|p2b: Kuma
|-damage|p2b: Kuma|0 fnt
|faint|p2b: Kuma
|-hitcount|p2: Kuma|5
|-unboost|p1a: Garchomp|def|1
|-boost|p1a: Garchomp|spe|1
|
|upkeep
|
|t:|1756310582
|switch|p1b: Pelipper|Pelipper, L50, M, shiny|100/100
|switch|p2b: Monkey D Garp|Rillaboom, L50, F|100/100
|-fieldstart|move: Grassy Terrain|[from] ability: Grassy Surge|[of] p2b: Monkey D Garp
|-weather|RainDance|[from] ability: Drizzle|[of] p1b: Pelipper
|turn|4
|
|t:|1756310601
|move|p2b: Monkey D Garp|Fake Out|p1a: Garchomp
|-resisted|p1a: Garchomp
|-damage|p1a: Garchomp|91/100
|-damage|p2b: Monkey D Garp|88/100|[from] ability: Rough Skin|[of] p1a: Garchomp
|move|p2a: Nami|Sleep Powder|p1b: Pelipper|[miss]
|-miss|p2a: Nami|p1b: Pelipper
|cant|p1a: Garchomp|flinch
|move|p1b: Pelipper|Hurricane|p2a: Nami
|-supereffective|p2a: Nami
|-damage|p2a: Nami|0 fnt
|faint|p2a: Nami
|
|-weather|RainDance|[upkeep]
|-heal|p1a: Garchomp|97/100|[from] Grassy Terrain
|-heal|p2b: Monkey D Garp|94/100|[from] Grassy Terrain
|upkeep
|
|t:|1756310608
|switch|p2a: Rocks D Xebec|Tyranitar, L50, M|100/100
|-weather|Sandstorm|[from] ability: Sand Stream|[of] p2a: Rocks D Xebec
|turn|5
|
|t:|1756310628
|-terastallize|p2a: Rocks D Xebec|Ghost
|move|p1a: Garchomp|Stomping Tantrum|p2a: Rocks D Xebec
|-damage|p2a: Rocks D Xebec|36/100
|move|p2b: Monkey D Garp|High Horsepower|p1a: Garchomp|[miss]
|-miss|p2b: Monkey D Garp|p1a: Garchomp
|move|p2a: Rocks D Xebec|Dragon Dance|p2a: Rocks D Xebec
|-boost|p2a: Rocks D Xebec|atk|1
|-boost|p2a: Rocks D Xebec|spe|1
|move|p1b: Pelipper|Hurricane|p2b: Monkey D Garp|[miss]
|-miss|p1b: Pelipper|p2b: Monkey D Garp
|
|-weather|Sandstorm|[upkeep]
|-damage|p2a: Rocks D Xebec|30/100|[from] Sandstorm
|-damage|p2b: Monkey D Garp|88/100|[from] Sandstorm
|-damage|p1b: Pelipper|95/100|[from] Sandstorm
|-heal|p2a: Rocks D Xebec|36/100|[from] Grassy Terrain
|-heal|p1a: Garchomp|100/100|[from] Grassy Terrain
|-heal|p2b: Monkey D Garp|94/100|[from] Grassy Terrain
|upkeep
|turn|6
|inactive|Darkan33 has 30 seconds left.
|
|t:|1756310661
|move|p2a: Rocks D Xebec|Rock Slide|p1a: Garchomp|[spread] p1a,p1b
|-resisted|p1a: Garchomp
|-supereffective|p1b: Pelipper
|-damage|p1a: Garchomp|58/100
|-damage|p1b: Pelipper|0 fnt
|faint|p1b: Pelipper
|-damage|p2a: Rocks D Xebec|26/100|[from] item: Life Orb
|cant|p1a: Garchomp|flinch
|move|p2b: Monkey D Garp|High Horsepower|p1a: Garchomp
|-supereffective|p1a: Garchomp
|-damage|p1a: Garchomp|0 fnt
|-damage|p2b: Monkey D Garp|82/100|[from] ability: Rough Skin|[of] p1a: Garchomp
|faint|p1a: Garchomp
|
|-weather|Sandstorm|[upkeep]
|-damage|p2a: Rocks D Xebec|20/100|[from] Sandstorm
|-damage|p2b: Monkey D Garp|76/100|[from] Sandstorm
|-heal|p2a: Rocks D Xebec|26/100|[from] Grassy Terrain
|-heal|p2b: Monkey D Garp|82/100|[from] Grassy Terrain
|-sideend|p2: JobberKatie|move: Tailwind
|upkeep
|
|t:|1756310672
|switch|p1b: Kingdra|Kingdra, L50, F|100/100
|turn|7
|
|t:|1756310682
|move|p2b: Monkey D Garp|Grassy Glide|p1b: Kingdra
|-damage|p1b: Kingdra|60/100
|move|p2a: Rocks D Xebec|Knock Off|p1b: Kingdra
|-damage|p1b: Kingdra|0 fnt
|-enditem|p1b: Kingdra|Life Orb|[from] move: Knock Off|[of] p2a: Rocks D Xebec
|faint|p1b: Kingdra
|-damage|p2a: Rocks D Xebec|17/100|[from] item: Life Orb
|
|win|JobberKatie
|l|☆JobberKatie
|player|p2|
||Darkan33 is ready for game 2.
|inactive|JobberKatie has 30 seconds to confirm battle start!
||JobberKatie is ready for game 2.
|uhtml|next|Next: Game 2 of 3
