|j|☆Oriozz
|j|☆thegreatestnone
|html|Oriozzthegreatestnone    
|uhtml|bestof|Game 2 of a best-of-3
|t:|1783574583
|gametype|doubles
|player|p1|Oriozz|169|1066
|player|p2|thegreatestnone|102|1136
|gen|9
|tier|[Gen 9 Champions] VGC 2026 Reg M-B (Bo3)
|rated|
|rule|Species Clause: Limit one of each Pokémon
|rule|Item Clause: Limit 1 of each item
|clearpoke
|poke|p1|Kingambit, L50, F|
|poke|p1|Floette-Eternal, L50, F|
|poke|p1|Sneasler, L50, M|
|poke|p1|Incineroar, L50, F|
|poke|p1|Garchomp, L50, F|
|poke|p1|Sinistcha, L50|
|poke|p2|Grimmsnarl, L50, M|
|poke|p2|Toxapex, L50, F|
|poke|p2|Annihilape, L50, M|
|poke|p2|Garchomp, L50, F|
|poke|p2|Garganacl, L50, M|
|poke|p2|Scovillain, L50, M|
|teampreview|4
|showteam|p1|Kingambit||ChopleBerry|Defiant|KowtowCleave,Protect,SuckerPunch,IronHead|Adamant||F|||50|]Floette-Eternal||Floettite|FlowerVeil|DazzlingGleam,DrainingKiss,Protect,CalmMind|Bold||F|||50|]Sneasler||FocusSash|Unburden|FakeOut,DireClaw,CloseCombat,Coaching|Jolly||M|||50|]Incineroar||Leftovers|Intimidate|FakeOut,FlareBlitz,PartingShot,HelpingHand|Careful||F|||50|]Garchomp||Garchompite|RoughSkin|Earthquake,StompingTantrum,RockSlide,Protect|Adamant||F|||50|]Sinistcha||SitrusBerry|Hospitality|Protect,MatchaGotcha,TrickRoom,RagePowder|Bold|||||50|
|showteam|p2|Grimmsnarl||LightClay|Prankster|Taunt,Reflect,PartingShot,LightScreen|Sassy||M|||50|]Toxapex||Leftovers|Regenerator|BanefulBunker,Infestation,Toxic,Recover|Relaxed||F|||50|]Annihilape||ShellBell|Defiant|BulkUp,RageFist,DrainPunch,Protect|Careful||M|||50|]Garchomp||YacheBerry|RoughSkin|Protect,RockSlide,StompingTantrum,SandTomb|Impish||F|||50|]Garganacl||SitrusBerry|PurifyingSalt|Recover,SaltCure,Protect,WideGuard|Relaxed||M|||50|]Scovillain||Scovillainite|Chlorophyll|LeechSeed,RagePowder,Protect,Flamethrower|Calm||M|||50|
|inactive|Battle timer is ON: inactive players will automatically lose when time's up. (requested by Oriozz)
|
|t:|1783574614
|teamsize|p1|4
|teamsize|p2|4
|start
|switch|p1a: Sneasler|Sneasler, L50, M|100/100
|switch|p1b: Garchomp|Garchomp, L50, F|100/100
|switch|p2a: Grimmsnarl|Grimmsnarl, L50, M|100/100
|switch|p2b: Scovillain|Scovillain, L50, M|100/100
|turn|1
|inactive|Oriozz has 30 seconds left.
|inactive|thegreatestnone has 30 seconds left.
|inactive|thegreatestnone has 20 seconds left.
|
|t:|1783574649
|switch|p2a: Garchomp|Garchomp, L50, F|100/100
|detailschange|p1b: Garchomp|Garchomp-Mega, L50, F
|-mega|p1b: Garchomp|Garchomp|Garchompite
|detailschange|p2b: Scovillain|Scovillain-Mega, L50, M
|-mega|p2b: Scovillain|Scovillain|Scovillainite
|move|p1a: Sneasler|Dire Claw|p2b: Scovillain
|-supereffective|p2b: Scovillain|1
|-damage|p2b: Scovillain|18/100
|-status|p1a: Sneasler|brn|[from] ability: Spicy Spray|[of] p2b: Scovillain
|move|p1b: Garchomp|Stomping Tantrum|p2a: Garchomp
|-damage|p2a: Garchomp|66/100
|-damage|p1b: Garchomp|87/100|[from] ability: Rough Skin|[of] p2a: Garchomp
|move|p2b: Scovillain|Leech Seed|p1b: Garchomp
|-start|p1b: Garchomp|move: Leech Seed
|
|-damage|p1b: Garchomp|75/100|[from] Leech Seed|[of] p2b: Scovillain
|-heal|p2b: Scovillain|31/100|[silent]
|-damage|p1a: Sneasler|94/100 brn|[from] brn
|upkeep
|turn|2
|inactive|Oriozz has 30 seconds left.
|inactive|thegreatestnone has 30 seconds left.
|
|t:|1783574681
|switch|p1b: Floette|Floette-Eternal, L50, F|100/100
|switch|p2a: Grimmsnarl|Grimmsnarl, L50, M|100/100
|move|p2b: Scovillain|Protect|p2b: Scovillain
|-singleturn|p2b: Scovillain|Protect
|move|p1a: Sneasler|Coaching|p1b: Floette
|-boost|p1b: Floette|atk|1
|-boost|p1b: Floette|def|1
|
|-damage|p1a: Sneasler|88/100 brn|[from] brn
|upkeep
|turn|3
|inactive|Oriozz has 30 seconds left.
|
|t:|1783574708
|move|p2a: Grimmsnarl|Reflect|p2a: Grimmsnarl
|-sidestart|p2: thegreatestnone|Reflect
|move|p1a: Sneasler|Dire Claw|p2b: Scovillain
|-supereffective|p2b: Scovillain|1
|-damage|p2b: Scovillain|2/100
|move|p1b: Floette|Calm Mind|p1b: Floette
|-boost|p1b: Floette|spa|1
|-boost|p1b: Floette|spd|1
|move|p2b: Scovillain|Leech Seed|p1b: Floette
|-start|p1b: Floette|move: Leech Seed
|
|-damage|p1b: Floette|88/100|[from] Leech Seed|[of] p2b: Scovillain
|-heal|p2b: Scovillain|13/100|[silent]
|-damage|p1a: Sneasler|82/100 brn|[from] brn
|upkeep
|turn|4
|
|t:|1783574733
|switch|p1b: Sinistcha|Sinistcha, L50|100/100
|-heal|p1a: Sneasler|100/100 brn|[from] ability: Hospitality|[of] p1b: Sinistcha
|move|p2b: Scovillain|Protect|p2b: Scovillain
|-singleturn|p2b: Scovillain|Protect
|move|p2a: Grimmsnarl|Light Screen|p2a: Grimmsnarl
|-sidestart|p2: thegreatestnone|move: Light Screen
|move|p1a: Sneasler|Dire Claw|p2b: Scovillain
|-activate|p2b: Scovillain|move: Protect
|
|-damage|p1a: Sneasler|94/100 brn|[from] brn
|upkeep
|turn|5
|inactive|Oriozz has 30 seconds left.
|
|t:|1783574768
|move|p1b: Sinistcha|Rage Powder|p1b: Sinistcha
|-singleturn|p1b: Sinistcha|move: Rage Powder
|move|p2a: Grimmsnarl|Parting Shot|p1b: Sinistcha
|-unboost|p1b: Sinistcha|atk|1
|-unboost|p1b: Sinistcha|spa|1
|inactive|thegreatestnone has 30 seconds left.
|inactive|thegreatestnone has 20 seconds left.
|inactive|thegreatestnone has 15 seconds left.
|
|t:|1783574810
|switch|p2a: Toxapex|Toxapex, L50, F|100/100|[from] Parting Shot
|move|p1a: Sneasler|Dire Claw|p2b: Scovillain
|-supereffective|p2b: Scovillain|1
|-damage|p2b: Scovillain|0 fnt
|faint|p2b: Scovillain
|
|-damage|p1a: Sneasler|88/100 brn|[from] brn
|upkeep
|
|t:|1783574819
|switch|p2b: Garchomp|Garchomp, L50, F|66/100
|turn|6
|
|t:|1783574830
|switch|p1b: Garchomp|Garchomp-Mega, L50, F|75/100
|move|p1a: Sneasler|Coaching|p1b: Garchomp
|-boost|p1b: Garchomp|atk|1
|-boost|p1b: Garchomp|def|1
|move|p2b: Garchomp|Sand Tomb|p1a: Sneasler|[miss]
|-miss|p2b: Garchomp|p1a: Sneasler
|move|p2a: Toxapex|Toxic|p1b: Garchomp
|-status|p1b: Garchomp|tox
|
|-damage|p1b: Garchomp|69/100 tox|[from] psn
|-damage|p1a: Sneasler|82/100 brn|[from] brn
|upkeep
|turn|7
|
|t:|1783574853
|move|p1a: Sneasler|Coaching|p1b: Garchomp
|-boost|p1b: Garchomp|atk|1
|-boost|p1b: Garchomp|def|1
|move|p1b: Garchomp|Earthquake|p2b: Garchomp|[spread] p1a,p2a,p2b
|-supereffective|p1a: Sneasler|1
|-supereffective|p2a: Toxapex|1
|-damage|p1a: Sneasler|0 fnt
|-damage|p2a: Toxapex|10/100
|-damage|p2b: Garchomp|26/100
|faint|p1a: Sneasler
|move|p2b: Garchomp|Sand Tomb|p1b: Garchomp
|-damage|p1b: Garchomp|62/100 tox
|-activate|p1b: Garchomp|move: Sand Tomb|[of] p2b: Garchomp
|move|p2a: Toxapex|Infestation|p1b: Garchomp
|-damage|p1b: Garchomp|59/100 tox
|
|-heal|p2a: Toxapex|15/100|[from] item: Leftovers
|-damage|p1b: Garchomp|47/100 tox|[from] psn
|-damage|p1b: Garchomp|35/100 tox|[from] move: Sand Tomb|[partiallytrapped]
|upkeep
|
|t:|1783574869
|switch|p1a: Sinistcha|Sinistcha, L50|100/100
|-heal|p1b: Garchomp|60/100 tox|[from] ability: Hospitality|[of] p1a: Sinistcha
|turn|8
|inactive|Oriozz has 30 seconds left.
|
|t:|1783574894
|move|p2b: Garchomp|Protect|p2b: Garchomp
|-singleturn|p2b: Garchomp|Protect
|move|p2a: Toxapex|Baneful Bunker|p2a: Toxapex
|-singleturn|p2a: Toxapex|move: Protect
|move|p1a: Sinistcha|Rage Powder|p1a: Sinistcha
|-singleturn|p1a: Sinistcha|move: Rage Powder
|move|p1b: Garchomp|Earthquake|p2b: Garchomp|[spread] p1a
|-activate|p2a: Toxapex|move: Protect
|-activate|p2b: Garchomp|move: Protect
|-resisted|p1a: Sinistcha|1
|-damage|p1a: Sinistcha|59/100
|
|-heal|p2a: Toxapex|21/100|[from] item: Leftovers
|-damage|p1b: Garchomp|42/100 tox|[from] psn
|-damage|p1b: Garchomp|30/100 tox|[from] move: Sand Tomb|[partiallytrapped]
|upkeep
|turn|9
|inactive|Oriozz has 30 seconds left.
|
|t:|1783574927
|-heal|p2a: Toxapex|54/100|[from] ability: Regenerator|[silent]
|switch|p2a: Grimmsnarl|Grimmsnarl, L50, M|100/100
|move|p2b: Garchomp|Protect||[still]
|-fail|p2b: Garchomp
|move|p1a: Sinistcha|Protect|p1a: Sinistcha
|-singleturn|p1a: Sinistcha|Protect
|move|p1b: Garchomp|Earthquake|p2a: Grimmsnarl|[spread] p2a,p2b
|-activate|p1a: Sinistcha|move: Protect
|-damage|p2a: Grimmsnarl|37/100
|-damage|p2b: Garchomp|0 fnt
|faint|p2b: Garchomp
|
|-damage|p1b: Garchomp|6/100 tox|[from] psn
|-end|p1b: Garchomp|Sand Tomb|[partiallytrapped]|[silent]
|upkeep
|
|t:|1783574941
|switch|p2b: Toxapex|Toxapex, L50, F|54/100
|turn|10
|inactive|Oriozz has 30 seconds left.
|
|t:|1783574971
|switch|p1b: Floette|Floette-Eternal, L50, F|88/100
|move|p2b: Toxapex|Baneful Bunker|p2b: Toxapex
|-singleturn|p2b: Toxapex|move: Protect
|move|p2a: Grimmsnarl|Parting Shot|p1b: Floette
|-unboost|p1b: Floette|atk|1
|-unboost|p1b: Floette|spa|1
|move|p1a: Sinistcha|Matcha Gotcha|p2a: Grimmsnarl|[spread] p2a
|-activate|p2b: Toxapex|move: Protect
|-damage|p2a: Grimmsnarl|23/100
|-heal|p1a: Sinistcha|67/100|[from] drain|[of] p2a: Grimmsnarl
|
|-heal|p2b: Toxapex|60/100|[from] item: Leftovers
|-sideend|p2: thegreatestnone|Reflect
|upkeep
|turn|11
|inactive|Oriozz has 30 seconds left.
|inactive|thegreatestnone has 30 seconds left.
|inactive|thegreatestnone has 20 seconds left.
|
|t:|1783575014
|move|p2a: Grimmsnarl|Parting Shot|p1b: Floette
|-unboost|p1b: Floette|atk|1
|-unboost|p1b: Floette|spa|1
|move|p1b: Floette|Dazzling Gleam|p2a: Grimmsnarl|[spread] p2a,p2b
|-supereffective|p2a: Grimmsnarl|1
|-resisted|p2b: Toxapex|1
|-damage|p2a: Grimmsnarl|5/100
|-damage|p2b: Toxapex|57/100
|move|p1a: Sinistcha|Matcha Gotcha|p2a: Grimmsnarl|[spread] p2a,p2b
|-damage|p2a: Grimmsnarl|0 fnt
|-heal|p1a: Sinistcha|71/100|[from] drain|[of] p2a: Grimmsnarl
|-damage|p2b: Toxapex|45/100
|-heal|p1a: Sinistcha|76/100|[from] drain|[of] p2b: Toxapex
|faint|p2a: Grimmsnarl
|move|p2b: Toxapex|Toxic|p1b: Floette
|-status|p1b: Floette|tox
|
|-heal|p2b: Toxapex|50/100g|[from] item: Leftovers
|-damage|p1b: Floette|82/100 tox|[from] psn
|-sideend|p2: thegreatestnone|move: Light Screen
|upkeep
|turn|12
|inactive|Oriozz has 30 seconds left.
|
|t:|1783575048
|move|p1b: Floette|Calm Mind|p1b: Floette
|-boost|p1b: Floette|spa|1
|-boost|p1b: Floette|spd|1
|move|p1a: Sinistcha|Matcha Gotcha|p2b: Toxapex
|-damage|p2b: Toxapex|26/100
|-heal|p1a: Sinistcha|88/100|[from] drain|[of] p2b: Toxapex
|move|p2b: Toxapex|Recover|p2b: Toxapex
|-heal|p2b: Toxapex|76/100
|
|-heal|p2b: Toxapex|82/100|[from] item: Leftovers
|-damage|p1b: Floette|71/100 tox|[from] psn
|upkeep
|turn|13
|
|t:|1783575068
|move|p1b: Floette|Calm Mind|p1b: Floette
|-boost|p1b: Floette|spa|1
|-boost|p1b: Floette|spd|1
|move|p1a: Sinistcha|Matcha Gotcha|p2b: Toxapex
|-crit|p2b: Toxapex
|-damage|p2b: Toxapex|45/100
|-heal|p1a: Sinistcha|100/100|[from] drain|[of] p2b: Toxapex
|move|p2b: Toxapex|Infestation|p1b: Floette
|-resisted|p1b: Floette|1
|-damage|p1b: Floette|70/100 tox
|-activate|p1b: Floette|move: Infestation|[of] p2b: Toxapex
|
|-heal|p2b: Toxapex|50/100g|[from] item: Leftovers
|-damage|p1b: Floette|53/100 tox|[from] psn
|-damage|p1b: Floette|41/100 tox|[from] move: Infestation|[partiallytrapped]
|upkeep
|turn|14
|
|t:|1783575086
|move|p1b: Floette|Calm Mind|p1b: Floette
|-boost|p1b: Floette|spa|1
|-boost|p1b: Floette|spd|1
|move|p1a: Sinistcha|Matcha Gotcha|p2b: Toxapex|[miss]
|-miss|p1a: Sinistcha|p2b: Toxapex
|move|p2b: Toxapex|Recover|p2b: Toxapex
|-heal|p2b: Toxapex|100/100
|
|-damage|p1b: Floette|18/100 tox|[from] psn
|-damage|p1b: Floette|6/100 tox|[from] move: Infestation|[partiallytrapped]
|upkeep
|turn|15
|
|t:|1783575105
|move|p1b: Floette|Dazzling Gleam|p2b: Toxapex
|-resisted|p2b: Toxapex|1
|-damage|p2b: Toxapex|77/100
|move|p1a: Sinistcha|Matcha Gotcha|p2b: Toxapex
|-damage|p2b: Toxapex|50/100g
|move|p2b: Toxapex|Toxic|p1a: Sinistcha
|-block|p1a: Sinistcha|ability: Flower Veil|[of] p1b: Floette
|
|-heal|p2b: Toxapex|56/100|[from] item: Leftovers
|-damage|p1b: Floette|0 fnt|[from] psn
|faint|p1b: Floette
|upkeep
|
|t:|1783575117
|switch|p1b: Garchomp|Garchomp-Mega, L50, F|6/100 tox
|turn|16
|
|t:|1783575134
|move|p2b: Toxapex|Baneful Bunker|p2b: Toxapex
|-singleturn|p2b: Toxapex|move: Protect
|move|p1b: Garchomp|Stomping Tantrum|p2b: Toxapex
|-activate|p2b: Toxapex|move: Protect
|move|p1a: Sinistcha|Matcha Gotcha|p2b: Toxapex
|-activate|p2b: Toxapex|move: Protect
|
|-heal|p2b: Toxapex|61/100|[from] item: Leftovers
|-damage|p1b: Garchomp|0 fnt|[from] psn
|faint|p1b: Garchomp
|upkeep
|turn|17
|inactive|Oriozz has 30 seconds left.
|
|t:|1783575147
|move|p1a: Sinistcha|Matcha Gotcha|p2b: Toxapex
|-damage|p2b: Toxapex|36/100
|move|p2b: Toxapex|Recover|p2b: Toxapex
|-heal|p2b: Toxapex|87/100
|
|-heal|p2b: Toxapex|92/100|[from] item: Leftovers
|upkeep
|turn|18
|inactive|Oriozz has 25 seconds left this turn.
|inactive|Oriozz has 20 seconds left.
|
|t:|1783575155
|move|p1a: Sinistcha|Matcha Gotcha|p2b: Toxapex
|-crit|p2b: Toxapex
|-damage|p2b: Toxapex|57/100
|move|p2b: Toxapex|Toxic|p1a: Sinistcha
|-status|p1a: Sinistcha|tox
|
|-heal|p2b: Toxapex|63/100|[from] item: Leftovers
|-damage|p1a: Sinistcha|93/100 tox|[from] psn
|upkeep
|turn|19
|inactive|Oriozz has 20 seconds left this turn.
|inactive|Oriozz has 15 seconds left.
|inactive|Oriozz has 10 seconds left.
|
|t:|1783575166
|move|p1a: Sinistcha|Matcha Gotcha|p2b: Toxapex
|-damage|p2b: Toxapex|38/100
|-heal|p1a: Sinistcha|100/100 tox|[from] drain|[of] p2b: Toxapex
|move|p2b: Toxapex|Recover|p2b: Toxapex
|-heal|p2b: Toxapex|89/100
|
|-heal|p2b: Toxapex|94/100|[from] item: Leftovers
|-damage|p1a: Sinistcha|87/100 tox|[from] psn
|upkeep
|turn|20
|inactive|Oriozz has 10 seconds left this turn.
|inactive|Oriozz has 5 seconds left.
|
|t:|1783575176
|move|p1a: Sinistcha|Matcha Gotcha|p2b: Toxapex
|-damage|p2b: Toxapex|71/100
|-heal|p1a: Sinistcha|98/100 tox|[from] drain|[of] p2b: Toxapex
|-status|p2b: Toxapex|brn
|move|p2b: Toxapex|Infestation|p1a: Sinistcha
|-damage|p1a: Sinistcha|94/100 tox
|-activate|p1a: Sinistcha|move: Infestation|[of] p2b: Toxapex
|
|-heal|p2b: Toxapex|77/100 brn|[from] item: Leftovers
|-damage|p1a: Sinistcha|76/100 tox|[from] psn
|-damage|p2b: Toxapex|71/100 brn|[from] brn
|-damage|p1a: Sinistcha|64/100 tox|[from] move: Infestation|[partiallytrapped]
|upkeep
|turn|21
|inactive|Oriozz has 5 seconds left this turn.
|-message|Oriozz lost due to inactivity.
|
|win|thegreatestnone
|raw|Oriozz's rating: 1066 → 1050(-16 for losing)
|raw|thegreatestnone's rating: 1136 → 1156(+20 for winning)
|l|☆thegreatestnone
|player|p2|
