|j|☆tk_feenix
|j|☆JoeGurt_Gaming
|html|tk_feenixJoeGurt_Gaming    
|uhtml|bestof|Game 1 of a best-of-3
|t:|1756968279
|gametype|doubles
|player|p1|tk_feenix|266|1078
|player|p2|JoeGurt_Gaming|1|1040
|gen|9
|tier|[Gen 9] VGC 2025 Reg H (Bo3)
|rated|
|rule|Species Clause: Limit one of each Pokémon
|rule|Item Clause: Limit 1 of each item
|clearpoke
|poke|p1|Archaludon, L50, M|
|poke|p1|Gholdengo, L50|
|poke|p1|Pelipper, L50, M|
|poke|p1|Ursaluna, L50, F|
|poke|p1|Sinistcha, L50|
|poke|p1|Dragonite, L50, F|
|poke|p2|Eiscue, L50, M|
|poke|p2|Ursaluna, L50, M|
|poke|p2|Talonflame, L50, F|
|poke|p2|Rillaboom, L50, M|
|poke|p2|Sneasler, L50, F|
|poke|p2|Gastrodon, L50, F|
|teampreview|4
|showteam|p1|Archaludon||AssaultVest|Stamina|FlashCannon,ElectroShot,BodyPress,Snarl|||M|||50|,,,,,Fighting]Gholdengo||ChoiceScarf|GoodasGold|MakeItRain,ShadowBall,ThunderWave,Trick||||||50|,,,,,Flying]Pelipper||SafetyGoggles|Drizzle|WeatherBall,Hurricane,Tailwind,Protect|||M|||50|,,,,,Steel]Ursaluna||FlameOrb|Guts|Facade,HeadlongRush,Earthquake,Protect|||F|||50|,,,,,Dragon]Sinistcha||SitrusBerry|Hospitality|MatchaGotcha,LifeDew,RagePowder,TrickRoom||||||50|,,,,,Fire]Dragonite||LoadedDice|Multiscale|ScaleShot,Tailwind,Haze,Protect|||F|||50|,,,,,Fairy
|showteam|p2|Eiscue||SitrusBerry|IceFace|BellyDrum,Protect,IceSpinner,TeraBlast|||M|||50|,,,,,Electric]Ursaluna||FlameOrb|Guts|Earthquake,Facade,Protect,StompingTantrum|||M|||50|,,,,,Ghost]Talonflame||CovertCloak|GaleWings|UpperHand,Tailwind,BraveBird,Protect|||F|||50|,,,,,Flying]Rillaboom||AssaultVest|GrassySurge|FakeOut,Uturn,GrassyGlide,WoodHammer|||M|||50|,,,,,Fire]Sneasler||FocusSash|PoisonTouch|FakeOut,Coaching,DireClaw,Protect|||F|||50|,,,,,Stellar]Gastrodon||Leftovers|StormDrain|EarthPower,IceBeam,Protect,Yawn|||F|||50|,,,,,Fairy
|inactive|Battle timer is ON: inactive players will automatically lose when time's up. (requested by tk_feenix)
|inactive|tk_feenix has 60 seconds left.
|inactive|JoeGurt_Gaming has 60 seconds left.
|
|t:|1756968341
|teamsize|p1|4
|teamsize|p2|4
|start
|switch|p1a: Gholdengo|Gholdengo, L50|100/100
|switch|p1b: Sinistcha|Sinistcha, L50|100/100
|switch|p2a: Talonflame|Talonflame, L50, F|100/100
|switch|p2b: Eiscue|Eiscue, L50, M|100/100
|turn|1
|inactive|tk_feenix has 30 seconds left.
|inactive|tk_feenix has 20 seconds left.
|inactive|tk_feenix has 15 seconds left.
|
|t:|1756968382
|-terastallize|p2b: Eiscue|Electric
|move|p2a: Talonflame|Tailwind|p2a: Talonflame
|-sidestart|p2: JoeGurt_Gaming|move: Tailwind
|move|p2b: Eiscue|Belly Drum|p2b: Eiscue
|-damage|p2b: Eiscue|51/100
|-setboost|p2b: Eiscue|atk|6|[from] move: Belly Drum
|move|p1a: Gholdengo|Make It Rain|p2b: Eiscue|[spread] p2a,p2b
|-resisted|p2a: Talonflame
|-crit|p2a: Talonflame
|-resisted|p2b: Eiscue
|-damage|p2a: Talonflame|49/100
|-damage|p2b: Eiscue|16/100
|-unboost|p1a: Gholdengo|spa|1
|-enditem|p2b: Eiscue|Sitrus Berry|[eat]
|-heal|p2b: Eiscue|41/100|[from] item: Sitrus Berry
|move|p1b: Sinistcha|Trick Room|p1b: Sinistcha
|-fieldstart|move: Trick Room|[of] p1b: Sinistcha
|
|upkeep
|turn|2
|inactive|tk_feenix has 30 seconds left.
|inactive|JoeGurt_Gaming has 30 seconds left.
|
|t:|1756968411
|switch|p1b: Ursaluna|Ursaluna, L50, F|100/100
|move|p2b: Eiscue|Protect|p2b: Eiscue
|-singleturn|p2b: Eiscue|Protect
|move|p1a: Gholdengo|Make It Rain|p2a: Talonflame|[spread] p2a
|-activate|p2b: Eiscue|move: Protect
|-resisted|p2a: Talonflame
|-damage|p2a: Talonflame|27/100
|-unboost|p1a: Gholdengo|spa|1
|move|p2a: Talonflame|Brave Bird|p1b: Ursaluna
|-damage|p1b: Ursaluna|74/100
|-damage|p2a: Talonflame|16/100|[from] Recoil
|
|-status|p1b: Ursaluna|brn|[from] item: Flame Orb
|upkeep
|turn|3
|inactive|tk_feenix has 30 seconds left.
|inactive|JoeGurt_Gaming has 30 seconds left.
|
|t:|1756968438
|switch|p1a: Sinistcha|Sinistcha, L50|100/100
|-heal|p1b: Ursaluna|98/100 brn|[from] ability: Hospitality|[of] p1a: Sinistcha
|move|p1b: Ursaluna|Facade|p2b: Eiscue
|-activate|p2b: Eiscue|ability: Ice Face
|-damage|p2b: Eiscue|41/100
|detailschange|p2b: Eiscue|Eiscue-Noice, L50, M, tera:Electric
|move|p2b: Eiscue|Ice Spinner|p1b: Ursaluna
|-supereffective|p1b: Ursaluna
|-damage|p1b: Ursaluna|0 fnt
|faint|p1b: Ursaluna
|move|p2a: Talonflame|Brave Bird|p1a: Sinistcha
|-supereffective|p1a: Sinistcha
|-damage|p1a: Sinistcha|35/100
|-enditem|p1a: Sinistcha|Sitrus Berry|[eat]
|-heal|p1a: Sinistcha|60/100|[from] item: Sitrus Berry
|-damage|p2a: Talonflame|0 fnt|[from] Recoil
|faint|p2a: Talonflame
|
|upkeep
|
|t:|1756968461
|switch|p1b: Gholdengo|Gholdengo, L50|100/100
|switch|p2a: Rillaboom|Rillaboom, L50, M|100/100
|-fieldstart|move: Grassy Terrain|[from] ability: Grassy Surge|[of] p2a: Rillaboom
|turn|4
|inactive|JoeGurt_Gaming has 30 seconds left.
|
|t:|1756968489
|move|p2b: Eiscue|Protect|p2b: Eiscue
|-singleturn|p2b: Eiscue|Protect
|move|p1a: Sinistcha|Life Dew|p1a: Sinistcha|[spread] p1a
|-immune|p1b: Gholdengo|[from] ability: Good as Gold
|-heal|p1a: Sinistcha|85/100
|move|p1b: Gholdengo|Make It Rain|p2b: Eiscue|[spread] p2a
|-activate|p2b: Eiscue|move: Protect
|-damage|p2a: Rillaboom|68/100
|-unboost|p1b: Gholdengo|spa|1
|move|p2a: Rillaboom|Wood Hammer|p1b: Gholdengo
|-resisted|p1b: Gholdengo
|-damage|p1b: Gholdengo|59/100
|-damage|p2a: Rillaboom|57/100|[from] Recoil
|
|-heal|p1a: Sinistcha|91/100|[from] Grassy Terrain
|-heal|p1b: Gholdengo|65/100|[from] Grassy Terrain
|-heal|p2a: Rillaboom|63/100|[from] Grassy Terrain
|-heal|p2b: Eiscue|47/100|[from] Grassy Terrain
|-sideend|p2: JoeGurt_Gaming|move: Tailwind
|upkeep
|turn|5
|inactive|tk_feenix has 30 seconds left.
|inactive|JoeGurt_Gaming has 30 seconds left.
|inactive|tk_feenix has 20 seconds left.
|
|t:|1756968528
|switch|p1b: Dragonite|Dragonite, L50, F|100/100
|move|p2b: Eiscue|Protect||[still]
|-fail|p2b: Eiscue
|move|p1a: Sinistcha|Rage Powder|p1a: Sinistcha
|-singleturn|p1a: Sinistcha|move: Rage Powder
|move|p2a: Rillaboom|U-turn|p1b: Dragonite
|-resisted|p1b: Dragonite
|-damage|p1b: Dragonite|94/100
|
|t:|1756968536
|switch|p2a: Sneasler|Sneasler, L50, F|100/100|[from] U-turn
|
|-heal|p1a: Sinistcha|97/100|[from] Grassy Terrain
|-heal|p2b: Eiscue|53/100|[from] Grassy Terrain
|-fieldend|move: Trick Room
|upkeep
|turn|6
|inactive|tk_feenix has 30 seconds left.
|inactive|JoeGurt_Gaming has 30 seconds left.
|
|t:|1756968572
|move|p2a: Sneasler|Fake Out|p1b: Dragonite
|-damage|p1b: Dragonite|78/100
|move|p1a: Sinistcha|Rage Powder|p1a: Sinistcha
|-singleturn|p1a: Sinistcha|move: Rage Powder
|move|p2b: Eiscue|Ice Spinner|p1a: Sinistcha
|-supereffective|p1a: Sinistcha
|-damage|p1a: Sinistcha|0 fnt
|-fieldend|move: Grassy Terrain
|faint|p1a: Sinistcha
|cant|p1b: Dragonite|flinch
|
|upkeep
|
|t:|1756968576
|switch|p1a: Gholdengo|Gholdengo, L50|65/100
|turn|7
|inactive|JoeGurt_Gaming has 30 seconds left.
|
|t:|1756968608
|move|p2b: Eiscue|Protect|p2b: Eiscue
|-singleturn|p2b: Eiscue|Protect
|move|p1a: Gholdengo|Trick|p2a: Sneasler
|-activate|p1a: Gholdengo|move: Trick|[of] p2a: Sneasler
|-item|p2a: Sneasler|Choice Scarf|[from] move: Trick
|-item|p1a: Gholdengo|Focus Sash|[from] move: Trick
|move|p2a: Sneasler|Dire Claw|p1b: Dragonite
|-crit|p1b: Dragonite
|-damage|p1b: Dragonite|10/100
|-status|p1b: Dragonite|par
|move|p1b: Dragonite|Scale Shot|p2b: Eiscue
|-activate|p2b: Eiscue|move: Protect
|
|upkeep
|turn|8
|inactive|tk_feenix has 30 seconds left.
|inactive|JoeGurt_Gaming has 30 seconds left.
|inactive|tk_feenix has 20 seconds left.
|inactive|tk_feenix has 15 seconds left.
|
|t:|1756968650
|move|p2a: Sneasler|Dire Claw|p1b: Dragonite
|-damage|p1b: Dragonite|0 fnt
|faint|p1b: Dragonite
|move|p2b: Eiscue|Tera Blast|p1a: Gholdengo|[anim] Tera Blast Electric
|-damage|p1a: Gholdengo|0 fnt
|faint|p1a: Gholdengo
|
|win|JoeGurt_Gaming
||tk_feenix is ready for game 2.
