|j|☆MudkipBestp0kem0n
|j|☆AbadanRiyi92
|html|MudkipBestp0kem0nAbadanRiyi92    
|uhtml|bestof|Game 2 of a best-of-3
|t:|1784943722
|gametype|doubles
|player|p1|MudkipBestp0kem0n|1|1177
|player|p2|AbadanRiyi92|colress|1191
|gen|9
|tier|[Gen 9 Champions] VGC 2026 Reg M-B (Bo3)
|rated|
|rule|Species Clause: Limit one of each Pokémon
|rule|Item Clause: Limit 1 of each item
|clearpoke
|poke|p1|Torkoal, L50, M|
|poke|p1|Annihilape, L50, F, shiny|
|poke|p1|Skarmory, L50, F|
|poke|p1|Whimsicott, L50, M, shiny|
|poke|p1|Houndoom, L50, F|
|poke|p1|Sinistcha-Masterpiece, L50|
|poke|p2|Gengar, L50, M, shiny|
|poke|p2|Maushold-Four, L50|
|poke|p2|Annihilape, L50, F|
|poke|p2|Incineroar, L50, F|
|poke|p2|Politoed, L50, M, shiny|
|poke|p2|Archaludon, L50, F|
|teampreview|4
|showteam|p1|Torkoal||SitrusBerry|Drought|LavaPlume,Protect,HelpingHand,EarthPower|Bold||M|||50|]Annihilape||LifeOrb|Defiant|Protect,DrainPunch,RageFist,Uturn|Brave||F|||50|]Skarmory||Skarmorite|KeenEye|BraveBird,Protect,SwordsDance,IronHead|Jolly||F|||50|]Whimsicott||FocusSash|Prankster|SunnyDay,Encore,HelpingHand,Tailwind|Calm||M|||50|]Houndoom||Houndoominite|FlashFire|HeatWave,Protect,DarkPulse,SolarBeam|Timid||F|||50|]Sinistcha-Masterpiece||Leftovers|Hospitality|MatchaGotcha,Protect,RagePowder,LifeDew|Bold|||||50|
|showteam|p2|Gengar||Gengarite|CursedBody|ShadowBall,Disable,PerishSong,Protect|Timid||M|||50|]Maushold-Four||FocusSash|FriendGuard|FollowMe,Encore,BeatUp,Protect|Jolly|||||50|]Annihilape||RoseliBerry|Defiant|RageFist,CloseCombat,Encore,Protect|Jolly||F|||50|]Incineroar||PasshoBerry|Blaze|PartingShot,ThroatChop,Protect,FakeOut|Sassy||F|||50|]Politoed||SitrusBerry|Drizzle|WeatherBall,Encore,PerishSong,Protect|Calm||M|||50|]Archaludon||Leftovers|Stamina|DragonPulse,FlashCannon,ElectroShot,Protect|Bold||F|||50|
|inactive|Battle timer is ON: inactive players will automatically lose when time's up. (requested by MudkipBestp0kem0n)
|
|t:|1784943738
|teamsize|p1|4
|teamsize|p2|4
|start
|switch|p1a: Whimsicott|Whimsicott, L50, M, shiny|100/100
|switch|p1b: Skarmory|Skarmory, L50, F|100/100
|switch|p2a: Gengar|Gengar, L50, M, shiny|100/100
|switch|p2b: Incineroar|Incineroar, L50, F|100/100
|turn|1
|inactive|AbadanRiyi92 has 30 seconds left.
|inactive|AbadanRiyi92 has 20 seconds left.
|inactive|AbadanRiyi92 has 15 seconds left.
|inactive|AbadanRiyi92 has 10 seconds left.
|
|t:|1784943785
|switch|p1b: Annihilape|Annihilape, L50, F, shiny|100/100
|detailschange|p2a: Gengar|Gengar-Mega, L50, M, shiny
|-mega|p2a: Gengar|Gengar|Gengarite
|move|p2b: Incineroar|Fake Out|p1a: Whimsicott
|-damage|p1a: Whimsicott|86/100
|cant|p1a: Whimsicott|flinch
|move|p2a: Gengar|Perish Song|p2a: Gengar
|-start|p1a: Whimsicott|perish3|[silent]
|-start|p1b: Annihilape|perish3|[silent]
|-start|p2a: Gengar|perish3|[silent]
|-start|p2b: Incineroar|perish3|[silent]
|-fieldactivate|move: Perish Song
|
|-start|p2a: Gengar|perish3
|-start|p1a: Whimsicott|perish3
|-start|p1b: Annihilape|perish3
|-start|p2b: Incineroar|perish3
|upkeep
|turn|2
|inactive|MudkipBestp0kem0n has 30 seconds left.
|inactive|AbadanRiyi92 has 30 seconds left.
|
|t:|1784943816
|move|p2a: Gengar|Protect|p2a: Gengar
|-singleturn|p2a: Gengar|Protect
|move|p1a: Whimsicott|Tailwind|p1a: Whimsicott
|-sidestart|p1: MudkipBestp0kem0n|move: Tailwind
|move|p1b: Annihilape|Rage Fist|p2a: Gengar
|-activate|p2a: Gengar|move: Protect
|move|p2b: Incineroar|Throat Chop|p1b: Annihilape
|-damage|p1b: Annihilape|66/100
|-start|p1b: Annihilape|Throat Chop|[silent]
|
|-start|p1a: Whimsicott|perish2
|-start|p1b: Annihilape|perish2
|-start|p2a: Gengar|perish2
|-start|p2b: Incineroar|perish2
|upkeep
|turn|3
|inactive|AbadanRiyi92 has 30 seconds left.
|inactive|AbadanRiyi92 has 20 seconds left.
|
|t:|1784943851
|switch|p2a: Archaludon|Archaludon, L50, F|100/100
|move|p1a: Whimsicott|Encore||[still]
|-fail|p1a: Whimsicott
|move|p1b: Annihilape|Rage Fist|p2a: Archaludon
|-damage|p2a: Archaludon|53/100
|-ability|p2a: Archaludon|Stamina|boost
|-boost|p2a: Archaludon|def|1
|-damage|p1b: Annihilape|57/100|[from] item: Life Orb
|move|p2b: Incineroar|Parting Shot|p1a: Whimsicott
|-unboost|p1a: Whimsicott|atk|1
|-unboost|p1a: Whimsicott|spa|1
|
|t:|1784943865
|switch|p2b: Gengar|Gengar-Mega, L50, M, shiny|100/100|[from] Parting Shot
|
|-heal|p2a: Archaludon|59/100|[from] item: Leftovers
|-end|p1b: Annihilape|Throat Chop|[silent]
|-start|p1a: Whimsicott|perish1
|-start|p1b: Annihilape|perish1
|upkeep
|turn|4
|
|t:|1784943890
|switch|p1b: Skarmory|Skarmory, L50, F|100/100
|move|p2a: Archaludon|Protect|p2a: Archaludon
|-singleturn|p2a: Archaludon|Protect
|move|p1a: Whimsicott|Sunny Day|p1a: Whimsicott
|-weather|SunnyDay
|move|p2b: Gengar|Shadow Ball|p1b: Skarmory
|-damage|p1b: Skarmory|36/100
|
|-weather|SunnyDay|[upkeep]
|-heal|p2a: Archaludon|65/100|[from] item: Leftovers
|-start|p1a: Whimsicott|perish0
|faint|p1a: Whimsicott
|upkeep
|
|t:|1784943905
|switch|p1a: Sinistcha|Sinistcha-Masterpiece, L50|100/100
|-heal|p1b: Skarmory|61/100|[from] ability: Hospitality|[of] p1a: Sinistcha
|turn|5
|
|t:|1784943922
|detailschange|p1b: Skarmory|Skarmory-Mega, L50, F
|-mega|p1b: Skarmory|Skarmory|Skarmorite
|move|p1a: Sinistcha|Rage Powder|p1a: Sinistcha
|-singleturn|p1a: Sinistcha|move: Rage Powder
|move|p1b: Skarmory|Brave Bird|p2b: Gengar
|-damage|p2b: Gengar|40/100
|-damage|p1b: Skarmory|42/100|[from] Recoil
|move|p2b: Gengar|Shadow Ball|p1a: Sinistcha
|-supereffective|p1a: Sinistcha|1
|-damage|p1a: Sinistcha|1/100
|-unboost|p1a: Sinistcha|spd|1
|move|p2a: Archaludon|Dragon Pulse|p1a: Sinistcha
|-damage|p1a: Sinistcha|0 fnt
|faint|p1a: Sinistcha
|
|-weather|SunnyDay|[upkeep]
|-heal|p2a: Archaludon|72/100|[from] item: Leftovers
|-sideend|p1: MudkipBestp0kem0n|move: Tailwind
|upkeep
|
|t:|1784943926
|switch|p1a: Annihilape|Annihilape, L50, F, shiny|57/100
|turn|6
|-message|MudkipBestp0kem0n forfeited.
|
|win|AbadanRiyi92
|raw|MudkipBestp0kem0n's rating: 1177 → 1153(-24 for losing)
|raw|AbadanRiyi92's rating: 1191 → 1215(+24 for winning)
|l|☆MudkipBestp0kem0n
|player|p1|
