|j|☆kokomiiiii
|j|☆gundojuan8
|html|kokomiiiiigundojuan8    
|uhtml|bestof|Game 3 of a best-of-3
|t:|1757716959
|gametype|doubles
|player|p1|kokomiiiii|lillie-masters|1084
|player|p2|gundojuan8|ethan-gen2|1044
|gen|9
|tier|[Gen 9] VGC 2025 Reg H (Bo3)
|rated|
|rule|Species Clause: Limit one of each Pokémon
|rule|Item Clause: Limit 1 of each item
|clearpoke
|poke|p1|Dragonite, L50, F|
|poke|p1|Sneasler, L50, M|
|poke|p1|Kingambit, L50, F|
|poke|p1|Rillaboom, L50, M|
|poke|p1|Volcarona, L50, F|
|poke|p1|Ninetales-Alola, L50, F|
|poke|p2|Talonflame, L50, M|
|poke|p2|Gholdengo, L50|
|poke|p2|Tyranitar, L50, M|
|poke|p2|Garchomp, L50, M|
|poke|p2|Primarina, L50, F|
|poke|p2|Rillaboom, L50, M|
|teampreview|4
|showteam|p1|Dragonite||LoadedDice|Multiscale|ScaleShot,StompingTantrum,Haze,Protect|||F|||50|,,,,,Fairy]Sneasler||FocusSash|Unburden|FakeOut,Coaching,CloseCombat,DireClaw|||M|||50|,,,,,Stellar]Kingambit||SafetyGoggles|Defiant|KowtowCleave,SwordsDance,SuckerPunch,Protect|||F|||50|,,,,,Fire]Rillaboom||AssaultVest|GrassySurge|FakeOut,WoodHammer,HighHorsepower,GrassyGlide|||M|||50|,,,,,Fire]Volcarona||Leftovers|FlameBody|HeatWave,TeraBlast,QuiverDance,Protect|||F|||50|,,,,,Fairy]Ninetales-Alola||CovertCloak|SnowWarning|IcyWind,AuroraVeil,Blizzard,Encore|||F|||50|,,,,,Water
|showteam|p2|Talonflame||CovertCloak|GaleWings|Tailwind,DualWingbeat,FlareBlitz,Taunt|||M|||50|,,,,,Ghost]Gholdengo||ChoiceSpecs|GoodasGold|MakeItRain,ShadowBall,Thunderbolt,FocusBlast||||||50|,,,,,Steel]Tyranitar||AssaultVest|SandStream|RockSlide,KnockOff,LowKick,TeraBlast|||M|||50|,,,,,Flying]Garchomp||LifeOrb|RoughSkin|Protect,DragonClaw,Earthquake,StompingTantrum|||M|||50|,,,,,Steel]Primarina||SitrusBerry|LiquidVoice|Protect,Moonblast,HyperVoice,Haze|||F|||50|,,,,,Poison]Rillaboom||MiracleSeed|GrassySurge|FakeOut,GrassyGlide,HighHorsepower,WoodHammer|||M|||50|,,,,,Fire
|inactive|Battle timer is ON: inactive players will automatically lose when time's up. (requested by gundojuan8)
|inactive|kokomiiiii has 60 seconds left.
|inactive|gundojuan8 has 60 seconds left.
|inactive|kokomiiiii has 30 seconds left.
|
|t:|1757717023
|teamsize|p1|4
|teamsize|p2|4
|start
|switch|p1a: Sneasler|Sneasler, L50, M, shiny|100/100
|switch|p1b: Kingambit|Kingambit, L50, F, shiny|100/100
|switch|p2a: Talonflame|Talonflame, L50, M, shiny|100/100
|switch|p2b: Gholdengo|Gholdengo, L50, shiny|100/100
|turn|1
|inactive|kokomiiiii has 30 seconds left.
|inactive|kokomiiiii has 20 seconds left.
|
|t:|1757717061
|switch|p2b: Primarina|Primarina, L50, F|100/100
|move|p2a: Talonflame|Dual Wingbeat|p1a: Sneasler
|-supereffective|p1a: Sneasler
|-damage|p1a: Sneasler|50/100
|-supereffective|p1a: Sneasler
|-damage|p1a: Sneasler|0 fnt
|faint|p1a: Sneasler
|-hitcount|p1: Sneasler|2
|move|p1b: Kingambit|Sucker Punch||[still]
|-fail|p1b: Kingambit
|
|upkeep
|
|t:|1757717067
|switch|p1a: Rillaboom|Rillaboom, L50, M, shiny|100/100
|-fieldstart|move: Grassy Terrain|[from] ability: Grassy Surge|[of] p1a: Rillaboom
|turn|2
|
|t:|1757717085
|-terastallize|p2b: Primarina|Poison
|move|p2a: Talonflame|Dual Wingbeat|p1a: Rillaboom
|-supereffective|p1a: Rillaboom
|-damage|p1a: Rillaboom|73/100
|-supereffective|p1a: Rillaboom
|-damage|p1a: Rillaboom|47/100
|-hitcount|p1a: Rillaboom|2
|move|p1a: Rillaboom|Wood Hammer|p2b: Primarina
|-resisted|p2b: Primarina
|-damage|p2b: Primarina|58/100
|-damage|p1a: Rillaboom|36/100|[from] Recoil
|move|p2b: Primarina|Hyper Voice|p1a: Rillaboom|[spread] p1a,p1b
|-resisted|p1a: Rillaboom
|-damage|p1a: Rillaboom|22/100
|-damage|p1b: Kingambit|65/100
|move|p1b: Kingambit|Swords Dance|p1b: Kingambit
|-boost|p1b: Kingambit|atk|2
|
|-heal|p1a: Rillaboom|28/100|[from] Grassy Terrain
|-heal|p2b: Primarina|64/100|[from] Grassy Terrain
|-heal|p1b: Kingambit|71/100|[from] Grassy Terrain
|upkeep
|turn|3
|inactive|gundojuan8 has 30 seconds left.
|inactive|gundojuan8 has 20 seconds left.
|inactive|gundojuan8 has 15 seconds left.
|inactive|gundojuan8 has 10 seconds left.
|inactive|gundojuan8 has 5 seconds left.
|
|t:|1757717140
|move|p2b: Primarina|Protect|p2b: Primarina
|-singleturn|p2b: Primarina|Protect
|move|p2a: Talonflame|Tailwind|p2a: Talonflame
|-sidestart|p2: gundojuan8|move: Tailwind
|move|p1a: Rillaboom|Grassy Glide|p2a: Talonflame
|-resisted|p2a: Talonflame
|-damage|p2a: Talonflame|88/100
|move|p1b: Kingambit|Swords Dance|p1b: Kingambit
|-boost|p1b: Kingambit|atk|2
|
|-heal|p2b: Primarina|70/100|[from] Grassy Terrain
|-heal|p1a: Rillaboom|34/100|[from] Grassy Terrain
|-heal|p1b: Kingambit|76/100|[from] Grassy Terrain
|upkeep
|turn|4
|inactive|gundojuan8 has 30 seconds left.
|
|t:|1757717166
|move|p2a: Talonflame|Taunt|p1b: Kingambit
|-start|p1b: Kingambit|move: Taunt
|move|p2b: Primarina|Haze|p2b: Primarina
|-clearallboost
|move|p1a: Rillaboom|High Horsepower|p2b: Primarina
|-supereffective|p2b: Primarina
|-damage|p2b: Primarina|2/100
|-enditem|p2b: Primarina|Sitrus Berry|[eat]
|-heal|p2b: Primarina|27/100|[from] item: Sitrus Berry
|move|p1b: Kingambit|Kowtow Cleave|p2a: Talonflame
|-damage|p2a: Talonflame|15/100
|
|-heal|p2b: Primarina|33/100|[from] Grassy Terrain
|-heal|p1a: Rillaboom|40/100|[from] Grassy Terrain
|-heal|p1b: Kingambit|82/100|[from] Grassy Terrain
|upkeep
|turn|5
|inactive|gundojuan8 has 30 seconds left.
|inactive|gundojuan8 has 20 seconds left.
|inactive|gundojuan8 has 15 seconds left.
|inactive|gundojuan8 has 10 seconds left.
|
|t:|1757717214
|move|p2a: Talonflame|Dual Wingbeat|p1a: Rillaboom
|-supereffective|p1a: Rillaboom
|-damage|p1a: Rillaboom|13/100
|-supereffective|p1a: Rillaboom
|-damage|p1a: Rillaboom|0 fnt
|faint|p1a: Rillaboom
|-hitcount|p1: Rillaboom|2
|move|p2b: Primarina|Hyper Voice|p1b: Kingambit
|-damage|p1b: Kingambit|36/100
|move|p1b: Kingambit|Kowtow Cleave|p2a: Talonflame
|-damage|p2a: Talonflame|0 fnt
|faint|p2a: Talonflame
|
|-heal|p2b: Primarina|39/100|[from] Grassy Terrain
|-heal|p1b: Kingambit|42/100|[from] Grassy Terrain
|upkeep
|
|t:|1757717229
|switch|p2a: Tyranitar|Tyranitar, L50, M|100/100
|switch|p1a: Ninetales|Ninetales-Alola, L50, F, shiny|100/100
|-weather|Snowscape|[from] ability: Snow Warning|[of] p1a: Ninetales
|-weather|Sandstorm|[from] ability: Sand Stream|[of] p2a: Tyranitar
|turn|6
|inactive|gundojuan8 has 30 seconds left.
|inactive|gundojuan8 has 20 seconds left.
|inactive|gundojuan8 has 15 seconds left.
|inactive|gundojuan8 has 10 seconds left.
|inactive|gundojuan8 has 5 seconds left.
|inactive|kokomiiiii has 30 seconds left.
|
|t:|1757717284
|move|p1b: Kingambit|Sucker Punch|p2b: Primarina
|-damage|p2b: Primarina|0 fnt
|faint|p2b: Primarina
|move|p1a: Ninetales|Blizzard|p2a: Tyranitar|[miss]
|-miss|p1a: Ninetales|p2a: Tyranitar
|move|p2a: Tyranitar|Rock Slide|p1b: Kingambit|[spread] p1a,p1b
|-supereffective|p1a: Ninetales
|-resisted|p1b: Kingambit
|-damage|p1a: Ninetales|32/100
|-damage|p1b: Kingambit|32/100
|
|-weather|Sandstorm|[upkeep]
|-damage|p1a: Ninetales|26/100|[from] Sandstorm
|-heal|p1a: Ninetales|32/100|[from] Grassy Terrain
|-heal|p1b: Kingambit|38/100|[from] Grassy Terrain
|-end|p1b: Kingambit|move: Taunt
|-sideend|p2: gundojuan8|move: Tailwind
|-fieldend|move: Grassy Terrain
|upkeep
|
|t:|1757717294
|switch|p2b: Gholdengo|Gholdengo, L50, shiny|100/100
|turn|7
|
|t:|1757717318
|-terastallize|p1a: Ninetales|Water
|move|p1b: Kingambit|Sucker Punch|p2b: Gholdengo
|-supereffective|p2b: Gholdengo
|-damage|p2b: Gholdengo|8/100
|move|p1a: Ninetales|Encore|p2a: Tyranitar
|-start|p2a: Tyranitar|Encore
|move|p2b: Gholdengo|Make It Rain|p1b: Kingambit|[spread] p1a,p1b
|-resisted|p1a: Ninetales
|-resisted|p1b: Kingambit
|-damage|p1a: Ninetales|0 fnt
|-damage|p1b: Kingambit|7/100
|-unboost|p2b: Gholdengo|spa|1
|faint|p1a: Ninetales
|move|p2a: Tyranitar|Rock Slide|p1b: Kingambit
|-resisted|p1b: Kingambit
|-damage|p1b: Kingambit|0 fnt
|faint|p1b: Kingambit
|
|win|gundojuan8
|raw|kokomiiiii's rating: 1084 → 1059(-25 for losing)
|raw|gundojuan8's rating: 1044 → 1081(+37 for winning)
