|j|☆ilearnpkmnnow
|j|☆kiwi fox
|html|ilearnpkmnnowkiwi fox    
|uhtml|bestof|Game 1 of a best-of-3
|t:|1785885282
|gametype|doubles
|player|p1|ilearnpkmnnow|265|1000
|player|p2|kiwi fox|102|1000
|gen|9
|tier|[Gen 9 Champions] VGC 2026 Reg M-B (Bo3)
|rated|
|rule|Species Clause: Limit one of each Pokémon
|rule|Item Clause: Limit 1 of each item
|clearpoke
|poke|p1|Raichu, L50, F|
|poke|p1|Staraptor, L50, F|
|poke|p1|Arcanine-Hisui, L50, M|
|poke|p1|Farigiraf, L50, M|
|poke|p1|Sylveon, L50, F|
|poke|p1|Kingambit, L50, M|
|poke|p2|Tyranitar, L50, F|
|poke|p2|Excadrill, L50, F, shiny|
|poke|p2|Milotic, L50, F|
|poke|p2|Sinistcha, L50|
|poke|p2|Staraptor, L50, F|
|poke|p2|Gholdengo, L50|
|teampreview|4
|showteam|p1|Raichu||RaichuniteY|LightningRod|ZapCannon,FocusBlast,FakeOut,Protect|Timid||F|||50|]Staraptor||Staraptite|Intimidate|CloseCombat,DualWingbeat,Tailwind,Protect|Jolly||F|||50|]Arcanine-Hisui||FocusSash|RockHead|FlareBlitz,HeadSmash,ExtremeSpeed,Protect|Jolly||M|||50|]Farigiraf||SitrusBerry|ArmorTail|Psychic,HelpingHand,TrickRoom,Protect|Calm||M|||50|]Sylveon||FairyFeather|Pixilate|HyperVoice,QuickAttack,HyperBeam,Detect|Modest||F|||50|]Kingambit||LifeOrb|Defiant|KowtowCleave,SuckerPunch,SwordsDance,Protect|Adamant||M|||50|
|showteam|p2|Tyranitar||Tyranitarite|SandStream|RockSlide,Protect,KnockOff,LowKick|Jolly||F|||50|]Excadrill||FocusSash|SandRush|Protect,IronHead,HighHorsepower,RockSlide|Adamant||F|||50|]Milotic||Leftovers|Competitive|Scald,Protect,IcyWind,IceBeam|Calm||F|||50|]Sinistcha||ColburBerry|Hospitality|MatchaGotcha,RagePowder,ShadowBall,TrickRoom|Bold|||||50|]Staraptor||Staraptite|Intimidate|BraveBird,Protect,CloseCombat,Tailwind|Jolly||F|||50|]Gholdengo||LifeOrb|GoodasGold|MakeItRain,Protect,NastyPlot,ShadowBall|Modest|||||50|
|inactive|Battle timer is ON: inactive players will automatically lose when time's up. (requested by kiwi fox)
|inactive|ilearnpkmnnow has 60 seconds left.
|
|t:|1785885412
|teamsize|p1|4
|teamsize|p2|4
|start
|switch|p1a: Staraptor|Staraptor, L50, F|100/100
|switch|p1b: Arcanine|Arcanine-Hisui, L50, M|100/100
|switch|p2a: Milotic|Milotic, L50, F|100/100
|switch|p2b: Gholdengo|Gholdengo, L50|100/100
|-ability|p1a: Staraptor|Intimidate|boost
|-unboost|p2a: Milotic|atk|1
|-ability|p2a: Milotic|Competitive|boost
|-boost|p2a: Milotic|spa|2
|-unboost|p2b: Gholdengo|atk|1
|turn|1
|inactive|ilearnpkmnnow has 30 seconds left.
|inactive|kiwi fox has 30 seconds left.
|inactive|ilearnpkmnnow has 20 seconds left.
|inactive|kiwi fox has 20 seconds left.
|inactive|ilearnpkmnnow has 15 seconds left.
|inactive|kiwi fox has 15 seconds left.
|inactive|kiwi fox has 10 seconds left.
|inactive|kiwi fox has 5 seconds left.
|
|t:|1785885464
|switch|p2b: Tyranitar|Tyranitar, L50, F|100/100
|-weather|Sandstorm|[from] ability: Sand Stream|[of] p2b: Tyranitar
|detailschange|p1a: Staraptor|Staraptor-Mega, L50, F
|-mega|p1a: Staraptor|Staraptor|Staraptite
|move|p1a: Staraptor|Tailwind|p1a: Staraptor
|-sidestart|p1: ilearnpkmnnow|move: Tailwind
|move|p1b: Arcanine|Flare Blitz|p2b: Tyranitar
|-resisted|p2b: Tyranitar|1
|-damage|p2b: Tyranitar|73/100
|move|p2a: Milotic|Ice Beam|p1a: Staraptor
|-supereffective|p1a: Staraptor|1
|-damage|p1a: Staraptor|0 fnt
|faint|p1a: Staraptor
|
|-weather|Sandstorm|[upkeep]
|-damage|p2a: Milotic|94/100|[from] Sandstorm
|-heal|p2a: Milotic|100/100|[from] item: Leftovers
|upkeep
|
|t:|1785885481
|switch|p1a: Sylveon|Sylveon, L50, F|100/100
|turn|2
|inactive|ilearnpkmnnow has 30 seconds left.
|inactive|kiwi fox has 30 seconds left.
|
|t:|1785885515
|detailschange|p2b: Tyranitar|Tyranitar-Mega, L50, F
|-mega|p2b: Tyranitar|Tyranitar|Tyranitarite
|move|p2a: Milotic|Protect|p2a: Milotic
|-singleturn|p2a: Milotic|Protect
|move|p1b: Arcanine|Head Smash|p2a: Milotic
|-activate|p2a: Milotic|move: Protect
|move|p1a: Sylveon|Hyper Voice|p2b: Tyranitar|[spread] p2b
|-activate|p2a: Milotic|move: Protect
|-supereffective|p2b: Tyranitar|1
|-damage|p2b: Tyranitar|17/100
|move|p2b: Tyranitar|Rock Slide|p1a: Sylveon|[spread] p1a
|-miss|p2b: Tyranitar|p1b: Arcanine
|-damage|p1a: Sylveon|65/100
|
|-weather|Sandstorm|[upkeep]
|-damage|p1a: Sylveon|59/100|[from] Sandstorm
|-damage|p2a: Milotic|94/100|[from] Sandstorm
|-heal|p2a: Milotic|100/100|[from] item: Leftovers
|upkeep
|turn|3
|inactive|kiwi fox has 30 seconds left.
|inactive|kiwi fox has 20 seconds left.
|inactive|kiwi fox has 15 seconds left.
|inactive|kiwi fox has 10 seconds left.
|inactive|kiwi fox has 5 seconds left.
|
|t:|1785885566
|switch|p2a: Sinistcha|Sinistcha, L50|100/100
|-heal|p2b: Tyranitar|42/100|[from] ability: Hospitality|[of] p2a: Sinistcha
|move|p2b: Tyranitar|Protect|p2b: Tyranitar
|-singleturn|p2b: Tyranitar|Protect
|move|p1b: Arcanine|Head Smash|p2a: Sinistcha
|-damage|p2a: Sinistcha|39/100
|move|p1a: Sylveon|Hyper Voice|p2b: Tyranitar|[spread] p2a
|-activate|p2b: Tyranitar|move: Protect
|-damage|p2a: Sinistcha|0 fnt
|faint|p2a: Sinistcha
|
|-weather|Sandstorm|[upkeep]
|-damage|p1a: Sylveon|53/100|[from] Sandstorm
|upkeep
|
|t:|1785885581
|switch|p2a: Gholdengo|Gholdengo, L50|100/100
|turn|4
|
|t:|1785885604
|move|p1b: Arcanine|Flare Blitz|p2a: Gholdengo
|-supereffective|p2a: Gholdengo|1
|-damage|p2a: Gholdengo|0 fnt
|faint|p2a: Gholdengo
|move|p1a: Sylveon|Hyper Voice|p2b: Tyranitar
|-supereffective|p2b: Tyranitar|1
|-damage|p2b: Tyranitar|0 fnt
|faint|p2b: Tyranitar
|
|-weather|Sandstorm|[upkeep]
|-damage|p1a: Sylveon|47/100|[from] Sandstorm
|-sideend|p1: ilearnpkmnnow|move: Tailwind
|upkeep
|
|t:|1785885614
|switch|p2b: Milotic|Milotic, L50, F|100/100
|turn|5
|
|t:|1785885628
|move|p1b: Arcanine|Head Smash|p2b: Milotic
|-damage|p2b: Milotic|29/100
|move|p2b: Milotic|Scald|p1b: Arcanine
|-supereffective|p1b: Arcanine|2
|-enditem|p1b: Arcanine|Focus Sash
|-damage|p1b: Arcanine|1/100
|move|p1a: Sylveon|Hyper Voice|p2b: Milotic
|-damage|p2b: Milotic|0 fnt
|faint|p2b: Milotic
|
|win|ilearnpkmnnow
|inactive|ilearnpkmnnow has 30 seconds to confirm battle start!
|inactive|kiwi fox has 30 seconds to confirm battle start!
||kiwi fox is ready for game 2.
|l|☆ilearnpkmnnow
|player|p1|
|raw|ilearnpkmnnow's rating: 1000 → 1000(+0 for losing)
|raw|kiwi fox's rating: 1000 → 1040(+40 for winning)
