|j|☆HeroLinik
|j|☆puffinbee
|html|HeroLinikpuffinbee    
|uhtml|bestof|Game 1 of a best-of-3
|t:|1783362190
|gametype|doubles
|player|p1|HeroLinik|gambler|
|player|p2|puffinbee|169|
|gen|9
|tier|[Gen 9 Champions] VGC 2026 Reg M-B (Bo3)
|rule|Species Clause: Limit one of each Pokémon
|rule|Item Clause: Limit 1 of each item
|clearpoke
|poke|p1|Pyroar, L50, M|
|poke|p1|Farigiraf, L50, M|
|poke|p1|Venusaur, L50, M|
|poke|p1|Primarina, L50, F|
|poke|p1|Torkoal, L50, M|
|poke|p1|Gholdengo, L50|
|poke|p2|Mawile, L50, F|
|poke|p2|Incineroar, L50, F|
|poke|p2|Staraptor, L50, F|
|poke|p2|Farigiraf, L50, M|
|poke|p2|Ampharos, L50, F|
|poke|p2|Basculegion, L50, M|
|teampreview|4
|showteam|p1|Pyroar||Pyroarite|Unnerve|Overheat,HeatWave,SolarBeam,Protect|Timid||M|||50|]Farigiraf||ColburBerry|ArmorTail|Protect,SunnyDay,TrickRoom,Psychic|Bold||M|||50|]Venusaur||FocusSash|Chlorophyll|SleepPowder,SludgeBomb,EarthPower,Protect|Timid||M|||50|]Primarina||LifeOrb|LiquidVoice|HyperVoice,Moonblast,DazzlingGleam,Protect|Quiet||F|||50|]Torkoal||Charcoal|Drought|Eruption,WeatherBall,HelpingHand,Yawn|Quiet||M|||50|]Gholdengo||ChoiceScarf|GoodasGold|MakeItRain,ShadowBall,FocusBlast,Thunderbolt|Timid|||||50|
|showteam|p2|Mawile||Mawilite|HyperCutter|IronHead,PlayRough,SuckerPunch,Protect|Brave||F|||50|]Incineroar||Charcoal|Intimidate|FlareBlitz,PartingShot,FakeOut,DarkestLariat|Adamant||F|||50|]Staraptor||ChoiceScarf|Intimidate|BraveBird,CloseCombat,Uturn,FinalGambit|Bashful||F|||50|]Farigiraf||SitrusBerry|ArmorTail|Psychic,GrassKnot,TrickRoom,HelpingHand|Quiet||M|||50|]Ampharos||Ampharosite|Static|Thunderbolt,DragonPulse,FocusBlast,Protect|Quiet||F|||50|]Basculegion||FocusSash|Adaptability|Liquidation,LastRespects,AquaJet,Protect|Adamant||M|||50|
|c|☆HeroLinik|glhf
|inactive|Battle timer is ON: inactive players will automatically lose when time's up. (requested by HeroLinik)
|c|☆puffinbee|gl
|inactive|HeroLinik has 60 seconds left.
|
|t:|1783362243
|teamsize|p1|4
|teamsize|p2|4
|start
|switch|p1a: Pyroar|Pyroar, L50, M|100/100
|switch|p1b: Venusaur|Venusaur, L50, M|100/100
|switch|p2a: Staraptor|Staraptor, L50, F|100/100
|switch|p2b: Farigiraf|Farigiraf, L50, M|100/100
|-ability|p1a: Pyroar|Unnerve
|-ability|p2a: Staraptor|Intimidate|boost
|-unboost|p1a: Pyroar|atk|1
|-unboost|p1b: Venusaur|atk|1
|turn|1
|
|t:|1783362266
|detailschange|p1a: Pyroar|Pyroar-Mega, L50, M
|-mega|p1a: Pyroar|Pyroar|Pyroarite
|move|p1b: Venusaur|Protect|p1b: Venusaur
|-singleturn|p1b: Venusaur|Protect
|move|p2a: Staraptor|Final Gambit|p1a: Pyroar
|-damage|p1a: Pyroar|0 fnt
|faint|p2a: Staraptor
|faint|p1a: Pyroar
|move|p2b: Farigiraf|Trick Room|p2b: Farigiraf
|-fieldstart|move: Trick Room|[of] p2b: Farigiraf
|
|upkeep
|
|t:|1783362282
|switch|p2a: Ampharos|Ampharos, L50, F|100/100
|switch|p1a: Torkoal|Torkoal, L50, M|100/100
|-weather|SunnyDay|[from] ability: Drought|[of] p1a: Torkoal
|turn|2
|
|t:|1783362297
|detailschange|p2a: Ampharos|Ampharos-Mega, L50, F
|-mega|p2a: Ampharos|Ampharos|Ampharosite
|-ability|p2a: Ampharos|Mold Breaker
|move|p1a: Torkoal|Eruption|p2b: Farigiraf|[spread] p2a,p2b
|-resisted|p2a: Ampharos|1
|-damage|p2a: Ampharos|61/100
|-damage|p2b: Farigiraf|10/100
|-enditem|p2b: Farigiraf|Sitrus Berry|[eat]
|-heal|p2b: Farigiraf|35/100|[from] item: Sitrus Berry
|move|p2a: Ampharos|Dragon Pulse|p1a: Torkoal
|-damage|p1a: Torkoal|20/100y
|move|p2b: Farigiraf|Psychic|p1b: Venusaur
|-supereffective|p1b: Venusaur|1
|-damage|p1b: Venusaur|14/100
|move|p1b: Venusaur|Sleep Powder|p2b: Farigiraf
|-status|p2b: Farigiraf|slp|[from] move: Sleep Powder
|
|-weather|SunnyDay|[upkeep]
|upkeep
|turn|3
|inactive|puffinbee has 30 seconds left.
|
|t:|1783362327
|move|p1a: Torkoal|Weather Ball|p2b: Farigiraf
|-damage|p2b: Farigiraf|0 fnt
|faint|p2b: Farigiraf
|move|p2a: Ampharos|Dragon Pulse|p1b: Venusaur
|-damage|p1b: Venusaur|0 fnt
|faint|p1b: Venusaur
|
|-weather|SunnyDay|[upkeep]
|upkeep
|
|t:|1783362336
|switch|p2b: Basculegion|Basculegion, L50, M|100/100
|switch|p1b: Gholdengo|Gholdengo, L50|100/100
|turn|4
|
|t:|1783362352
|move|p2b: Basculegion|Aqua Jet|p1a: Torkoal
|-supereffective|p1a: Torkoal|1
|-damage|p1a: Torkoal|2/100
|move|p1a: Torkoal|Weather Ball|p2b: Basculegion
|-resisted|p2b: Basculegion|1
|-damage|p2b: Basculegion|57/100
|move|p2a: Ampharos|Thunderbolt|p1b: Gholdengo
|-damage|p1b: Gholdengo|30/100
|-status|p1b: Gholdengo|par
|move|p1b: Gholdengo|Shadow Ball|p2b: Basculegion
|-supereffective|p2b: Basculegion|1
|-damage|p2b: Basculegion|0 fnt
|faint|p2b: Basculegion
|
|-weather|SunnyDay|[upkeep]
|upkeep
|turn|5
|
|t:|1783362370
|move|p1a: Torkoal|Weather Ball|p2a: Ampharos
|-resisted|p2a: Ampharos|1
|-damage|p2a: Ampharos|27/100
|move|p2a: Ampharos|Thunderbolt|p1b: Gholdengo
|-damage|p1b: Gholdengo|0 fnt
|faint|p1b: Gholdengo
|
|-weather|SunnyDay|[upkeep]
|-fieldend|move: Trick Room
|upkeep
|turn|6
|-message|HeroLinik forfeited.
|
|win|puffinbee
||HeroLinik is ready for game 2.
|c|☆puffinbee|gg
|l|☆puffinbee
|player|p2|
|inactive|puffinbee has 30 seconds to confirm battle start!
|inactive|puffinbee has 20 seconds to confirm battle start!
|inactive|puffinbee has 10 seconds to confirm battle start!
|uhtml|next|Next: Game 2 of 3
