|j|☆leejit
|j|☆jonan_97
|html|leejitjonan_97    
|uhtml|bestof|Game 3 of a best-of-3
|t:|1784829159
|gametype|doubles
|player|p1|leejit|170|1177
|player|p2|jonan_97|102|1099
|gen|9
|tier|[Gen 9 Champions] VGC 2026 Reg M-B (Bo3)
|rated|
|rule|Species Clause: Limit one of each Pokémon
|rule|Item Clause: Limit 1 of each item
|clearpoke
|poke|p1|Tyranitar, L50, M|
|poke|p1|Excadrill, L50, M|
|poke|p1|Milotic, L50, F|
|poke|p1|Gholdengo, L50|
|poke|p1|Sinistcha, L50|
|poke|p1|Staraptor, L50, F|
|poke|p2|Staraptor, L50, F|
|poke|p2|Delphox, L50, M|
|poke|p2|Whimsicott, L50, F|
|poke|p2|Kingambit, L50, F|
|poke|p2|Garchomp, L50, M|
|poke|p2|Glimmora, L50, M|
|teampreview|4
|showteam|p1|Tyranitar||Tyranitarite|SandStream|KnockOff,RockSlide,HighHorsepower,Protect|Jolly||M|||50|]Excadrill||FocusSash|SandRush|HighHorsepower,IronHead,RockSlide,Protect|Jolly||M|||50|]Milotic||SitrusBerry|Competitive|Scald,IcyWind,Haze,Protect|Calm||F|||50|]Gholdengo||LifeOrb|GoodasGold|MakeItRain,ShadowBall,NastyPlot,Protect|Modest|||||50|]Sinistcha||ColburBerry|Hospitality|MatchaGotcha,ShadowBall,Protect,RagePowder|Bold|||||50|]Staraptor||Staraptite|Intimidate|CloseCombat,BraveBird,Tailwind,Protect|Jolly||F|||50|
|showteam|p2|Staraptor||Staraptite|Intimidate|Protect,DualWingbeat,CloseCombat,Roost|Jolly||F|||50|]Delphox||Delphoxite|Blaze|HeatWave,Psychic,Encore,Protect|Timid||M|||50|]Whimsicott||OccaBerry|Prankster|Tailwind,Moonblast,Charm,LightScreen|Timid||F|||50|]Kingambit||ChopleBerry|Defiant|KowtowCleave,IronHead,SuckerPunch,LowKick|Adamant||F|||50|]Garchomp||ChoiceScarf|RoughSkin|DragonClaw,Earthquake,RockSlide,Protect|Adamant||M|||50|]Glimmora||FocusSash|ToxicDebris|PowerGem,SludgeBomb,EarthPower,SpikyShield|Modest||M|||50|
|inactive|Battle timer is ON: inactive players will automatically lose when time's up. (requested by jonan_97)
|inactive|leejit has 60 seconds left.
|inactive|jonan_97 has 60 seconds left.
|inactive|leejit has 30 seconds left.
|
|t:|1784829225
|teamsize|p1|4
|teamsize|p2|4
|start
|switch|p1a: Tyranitar|Tyranitar, L50, M|100/100
|switch|p1b: Excadrill|Excadrill, L50, M|100/100
|switch|p2a: Garchomp|Garchomp, L50, M|100/100
|switch|p2b: Kingambit|Kingambit, L50, F|100/100
|-weather|Sandstorm|[from] ability: Sand Stream|[of] p1a: Tyranitar
|turn|1
|inactive|leejit has 30 seconds left.
|inactive|jonan_97 has 30 seconds left.
|inactive|jonan_97 has 20 seconds left.
|inactive|jonan_97 has 15 seconds left.
|
|t:|1784829270
|move|p1b: Excadrill|High Horsepower|p2b: Kingambit|[miss]
|-miss|p1b: Excadrill|p2b: Kingambit
|move|p2a: Garchomp|Earthquake|p1b: Excadrill|[spread] p2b,p1a,p1b
|-supereffective|p2b: Kingambit|1
|-supereffective|p1a: Tyranitar|1
|-supereffective|p1b: Excadrill|1
|-damage|p2b: Kingambit|36/100
|-damage|p1a: Tyranitar|28/100
|-enditem|p1b: Excadrill|Focus Sash
|-damage|p1b: Excadrill|1/100
|move|p1a: Tyranitar|High Horsepower|p2b: Kingambit
|-supereffective|p2b: Kingambit|1
|-crit|p2b: Kingambit
|-damage|p2b: Kingambit|0 fnt
|faint|p2b: Kingambit
|
|-weather|Sandstorm|[upkeep]
|upkeep
|
|t:|1784829284
|switch|p2b: Delphox|Delphox, L50, M|100/100
|turn|2
|
|t:|1784829298
|detailschange|p2b: Delphox|Delphox-Mega, L50, M
|-mega|p2b: Delphox|Delphox|Delphoxite
|move|p1a: Tyranitar|Protect|p1a: Tyranitar
|-singleturn|p1a: Tyranitar|Protect
|move|p1b: Excadrill|Rock Slide|p2a: Garchomp|[spread] p2a,p2b
|-resisted|p2a: Garchomp|1
|-supereffective|p2b: Delphox|1
|-damage|p2a: Garchomp|90/100
|-damage|p2b: Delphox|40/100
|cant|p2a: Garchomp|flinch
|cant|p2b: Delphox|flinch
|
|-weather|Sandstorm|[upkeep]
|-damage|p2b: Delphox|34/100|[from] Sandstorm
|upkeep
|turn|3
|c|☆jonan_97|lopl
|inactive|leejit has 30 seconds left.
|
|t:|1784829331
|switch|p1b: Sinistcha|Sinistcha, L50|100/100
|-heal|p1a: Tyranitar|53/100|[from] ability: Hospitality|[of] p1b: Sinistcha
|switch|p1a: Staraptor|Staraptor, L50, F|100/100
|-ability|p1a: Staraptor|Intimidate|boost
|-unboost|p2a: Garchomp|atk|1
|-unboost|p2b: Delphox|atk|1
|move|p2b: Delphox|Protect|p2b: Delphox
|-singleturn|p2b: Delphox|Protect
|move|p2a: Garchomp|Earthquake|p1b: Sinistcha|[spread] p1b
|-activate|p2b: Delphox|move: Protect
|-immune|p1a: Staraptor
|-resisted|p1b: Sinistcha|1
|-damage|p1b: Sinistcha|89/100
|
|-weather|Sandstorm|[upkeep]
|-damage|p2b: Delphox|28/100|[from] Sandstorm
|-damage|p1a: Staraptor|94/100|[from] Sandstorm
|-damage|p1b: Sinistcha|83/100|[from] Sandstorm
|upkeep
|turn|4
|inactive|jonan_97 has 30 seconds left.
|
|t:|1784829362
|switch|p2a: Whimsicott|Whimsicott, L50, F|100/100
|detailschange|p1a: Staraptor|Staraptor-Mega, L50, F
|-mega|p1a: Staraptor|Staraptor|Staraptite
|move|p2b: Delphox|Heat Wave|p1a: Staraptor|[spread] p1a,p1b
|-supereffective|p1b: Sinistcha|1
|-damage|p1a: Staraptor|52/100
|-damage|p1b: Sinistcha|0 fnt
|faint|p1b: Sinistcha
|move|p1a: Staraptor|Close Combat|p2b: Delphox
|-resisted|p2b: Delphox|1
|-damage|p2b: Delphox|0 fnt
|-boost|p1a: Staraptor|def|1
|-boost|p1a: Staraptor|spd|1
|faint|p2b: Delphox
|
|-weather|Sandstorm|[upkeep]
|-damage|p1a: Staraptor|47/100|[from] Sandstorm
|-damage|p2a: Whimsicott|93/100|[from] Sandstorm
|upkeep
|
|t:|1784829377
|switch|p2b: Garchomp|Garchomp, L50, M|90/100
|switch|p1b: Tyranitar|Tyranitar, L50, M|53/100
|turn|5
|inactive|leejit has 30 seconds left.
|
|t:|1784829407
|move|p2b: Garchomp|Rock Slide|p1a: Staraptor|[spread] p1a,p1b
|-damage|p1a: Staraptor|34/100
|-damage|p1b: Tyranitar|36/100
|move|p1a: Staraptor|Brave Bird|p2a: Whimsicott
|-supereffective|p2a: Whimsicott|1
|-damage|p2a: Whimsicott|0 fnt
|faint|p2a: Whimsicott
|-damage|p1a: Staraptor|7/100|[from] Recoil
|move|p1b: Tyranitar|Rock Slide|p2b: Garchomp
|-resisted|p2b: Garchomp|1
|-damage|p2b: Garchomp|72/100
|
|-weather|none
|upkeep
|turn|6
|inactive|leejit has 30 seconds left.
|inactive|leejit has 20 seconds left.
|inactive|leejit has 15 seconds left.
|
|t:|1784829447
|move|p1a: Staraptor|Protect|p1a: Staraptor
|-singleturn|p1a: Staraptor|Protect
|move|p2b: Garchomp|Rock Slide|p1b: Tyranitar|[spread] 
|-activate|p1a: Staraptor|move: Protect
|-miss|p2b: Garchomp|p1b: Tyranitar
|move|p1b: Tyranitar|Knock Off|p2b: Garchomp
|-damage|p2b: Garchomp|28/100
|-damage|p1b: Tyranitar|23/100|[from] ability: Rough Skin|[of] p2b: Garchomp
|-enditem|p2b: Garchomp|Choice Scarf|[from] move: Knock Off|[of] p1b: Tyranitar
|
|upkeep
|turn|7
|
|t:|1784829464
|move|p1a: Staraptor|Close Combat|p2b: Garchomp
|-damage|p2b: Garchomp|0 fnt
|-boost|p1a: Staraptor|def|1
|-boost|p1a: Staraptor|spd|1
|-damage|p1a: Staraptor|0 fnt|[from] ability: Rough Skin|[of] p2b: Garchomp
|faint|p2b: Garchomp
|faint|p1a: Staraptor
|
|win|leejit
|raw|leejit's rating: 1177 → 1196(+19 for winning)
|raw|jonan_97's rating: 1099 → 1080(-19 for losing)
