|j|☆zuiyyy
|j|☆aviaflylol
|html|zuiyyyaviaflylol    
|uhtml|bestof|Game 2 of a best-of-3
|t:|1756514878
|gametype|doubles
|player|p1|zuiyyy|170|
|player|p2|aviaflylol|lucas|
|gen|9
|tier|[Gen 9] VGC 2025 Reg H (Bo3)
|rule|Tera Type Preview: Tera Types are shown at Team Preview
|rule|Species Clause: Limit one of each Pokémon
|rule|Item Clause: Limit 1 of each item
|raw|2 custom rules: Tera Type Preview, !Force Open Team Sheets
|clearpoke
|poke|p1|Kommo-o, L50, F|
|poke|p1|Pachirisu, L50, M|
|poke|p1|Empoleon, L50, M|
|poke|p1|Mimikyu, L50, F|
|poke|p1|Tyranitar, L50, F|
|poke|p1|Cacturne, L50, M|
|poke|p2|Archaludon, L50, M|
|poke|p2|Maushold, L50|
|poke|p2|Pelipper, L50, F|
|poke|p2|Overqwil, L50, M|
|poke|p2|Polteageist, L50|
|poke|p2|Slowpoke, L50, M|
|raw|zuiyyy's Tera Types: /  /  /  /  / 
|raw|aviaflylol's Tera Types: /  /  /  /  / 
|teampreview|4
|j| Harridino
|j| sussygon
|j| Criee
|j| hunterdrago
|j| jfwarriors
|j| freshveggies2
|
|t:|1756514990
|teamsize|p1|4
|teamsize|p2|4
|start
|switch|p1a: 5 Big Booms|Kommo-o, L50, F|100/100
|switch|p1b: Cheek Pouch|Pachirisu, L50, M|100/100
|switch|p2a: Pelipper|Pelipper, L50, F|100/100
|switch|p2b: Archaludon|Archaludon, L50, M|100/100
|-weather|RainDance|[from] ability: Drizzle|[of] p2a: Pelipper
|turn|1
|j| yellow juice
|l| freshveggies2
|
|t:|1756515125
|move|p1b: Cheek Pouch|Follow Me|p1b: Cheek Pouch
|-singleturn|p1b: Cheek Pouch|move: Follow Me
|move|p1a: 5 Big Booms|Clangorous Soul|p1a: 5 Big Booms
|-boost|p1a: 5 Big Booms|atk|1
|-boost|p1a: 5 Big Booms|def|1
|-boost|p1a: 5 Big Booms|spa|1
|-boost|p1a: 5 Big Booms|spd|1
|-boost|p1a: 5 Big Booms|spe|1
|-damage|p1a: 5 Big Booms|68/100
|move|p2b: Archaludon|Flash Cannon|p1b: Cheek Pouch
|-resisted|p1b: Cheek Pouch
|-damage|p1b: Cheek Pouch|71/100
|move|p2a: Pelipper|Weather Ball|p1b: Cheek Pouch
|-damage|p1b: Cheek Pouch|0 fnt
|faint|p1b: Cheek Pouch
|
|-weather|RainDance|[upkeep]
|upkeep
|
|t:|1756515140
|switch|p1b: LIVE ACTION|Tyranitar, L50, F|100/100
|-weather|Sandstorm|[from] ability: Sand Stream|[of] p1b: LIVE ACTION
|turn|2
|
|t:|1756515204
|switch|p2b: Polteageist|Polteageist, L50|100/100
|-terastallize|p1b: LIVE ACTION|Electric
|move|p2a: Pelipper|Wide Guard|p2a: Pelipper
|-singleturn|p2a: Pelipper|Wide Guard
|move|p1a: 5 Big Booms|Clangorous Soul|p1a: 5 Big Booms
|-boost|p1a: 5 Big Booms|atk|1
|-boost|p1a: 5 Big Booms|def|1
|-boost|p1a: 5 Big Booms|spa|1
|-boost|p1a: 5 Big Booms|spd|1
|-boost|p1a: 5 Big Booms|spe|1
|-damage|p1a: 5 Big Booms|36/100
|move|p1b: LIVE ACTION|Rock Slide|p2a: Pelipper|[spread] 
|-activate|p2a: Pelipper|move: Wide Guard
|-activate|p2b: Polteageist|move: Wide Guard
|
|-weather|Sandstorm|[upkeep]
|-damage|p2b: Polteageist|95/100|[from] Sandstorm
|-damage|p2a: Pelipper|95/100|[from] Sandstorm
|-damage|p1b: LIVE ACTION|94/100|[from] Sandstorm
|upkeep
|turn|3
|
|t:|1756515246
|switch|p2a: Maushold|Maushold, L50|100/100
|move|p1a: 5 Big Booms|Protect|p1a: 5 Big Booms
|-singleturn|p1a: 5 Big Booms|Protect
|move|p2b: Polteageist|Protect|p2b: Polteageist
|-singleturn|p2b: Polteageist|Protect
|move|p1b: LIVE ACTION|Crunch|p2b: Polteageist
|-activate|p2b: Polteageist|move: Protect
|
|-weather|Sandstorm|[upkeep]
|-damage|p2a: Maushold|94/100|[from] Sandstorm
|-damage|p2b: Polteageist|89/100|[from] Sandstorm
|-damage|p1b: LIVE ACTION|88/100|[from] Sandstorm
|upkeep
|turn|4
|
|t:|1756515301
|move|p2a: Maushold|Follow Me|p2a: Maushold
|-singleturn|p2a: Maushold|move: Follow Me
|move|p1a: 5 Big Booms|Clanging Scales|p2b: Polteageist|[spread] p2a,p2b
|-damage|p2a: Maushold|6/100
|-damage|p2b: Polteageist|20/100
|-unboost|p1a: 5 Big Booms|def|1
|move|p2b: Polteageist|Shadow Ball|p1a: 5 Big Booms
|-damage|p1a: 5 Big Booms|9/100
|-enditem|p1a: 5 Big Booms|Iapapa Berry|[eat]
|-heal|p1a: 5 Big Booms|42/100|[from] item: Iapapa Berry
|move|p1b: LIVE ACTION|Crunch|p2a: Maushold
|-damage|p2a: Maushold|0 fnt
|faint|p2a: Maushold
|
|-weather|Sandstorm|[upkeep]
|-damage|p2b: Polteageist|15/100|[from] Sandstorm
|-damage|p1b: LIVE ACTION|82/100|[from] Sandstorm
|upkeep
|
|t:|1756515312
|switch|p2a: Pelipper|Pelipper, L50, F|95/100
|-weather|RainDance|[from] ability: Drizzle|[of] p2a: Pelipper
|turn|5
|
|t:|1756515345
|-terastallize|p2a: Pelipper|Water
|move|p1a: 5 Big Booms|Protect|p1a: 5 Big Booms
|-singleturn|p1a: 5 Big Booms|Protect
|move|p2b: Polteageist|Shell Smash|p2b: Polteageist
|-unboost|p2b: Polteageist|def|1
|-unboost|p2b: Polteageist|spd|1
|-boost|p2b: Polteageist|atk|2
|-boost|p2b: Polteageist|spa|2
|-boost|p2b: Polteageist|spe|2
|move|p2a: Pelipper|Hurricane|p1a: 5 Big Booms
|-activate|p1a: 5 Big Booms|move: Protect
|move|p1b: LIVE ACTION|Crunch|p2b: Polteageist
|-supereffective|p2b: Polteageist
|-damage|p2b: Polteageist|0 fnt
|faint|p2b: Polteageist
|
|-weather|RainDance|[upkeep]
|upkeep
|
|t:|1756515356
|switch|p2b: Archaludon|Archaludon, L50, M|100/100
|turn|6
|
|t:|1756515375
|move|p1a: 5 Big Booms|Aura Sphere|p2b: Archaludon
|-supereffective|p2b: Archaludon
|-damage|p2b: Archaludon|0 fnt
|faint|p2b: Archaludon
|move|p2a: Pelipper|Hurricane|p1a: 5 Big Booms
|-supereffective|p1a: 5 Big Booms
|-damage|p1a: 5 Big Booms|0 fnt
|faint|p1a: 5 Big Booms
|move|p1b: LIVE ACTION|Crunch|p2a: Pelipper
|-damage|p2a: Pelipper|51/100
|
|-weather|RainDance|[upkeep]
|upkeep
|
|t:|1756515386
|switch|p1a: Wannabe|Mimikyu, L50, F|100/100
|turn|7
|
|t:|1756515399
|move|p1b: LIVE ACTION|Protect|p1b: LIVE ACTION
|-singleturn|p1b: LIVE ACTION|Protect
|move|p2a: Pelipper|Weather Ball|p1b: LIVE ACTION
|-activate|p1b: LIVE ACTION|move: Protect
|move|p1a: Wannabe|Trick Room|p1a: Wannabe
|-fieldstart|move: Trick Room|[of] p1a: Wannabe
|
|-weather|RainDance|[upkeep]
|upkeep
|turn|8
|
|t:|1756515409
|move|p1b: LIVE ACTION|Crunch|p2a: Pelipper
|-damage|p2a: Pelipper|11/100
|move|p2a: Pelipper|Weather Ball|p1a: Wannabe
|-activate|p1a: Wannabe|ability: Disguise
|-damage|p1a: Wannabe|100/100
|detailschange|p1a: Wannabe|Mimikyu-Busted, L50, F
|-damage|p1a: Wannabe|88/100|[from] pokemon: Mimikyu-Busted
|move|p1a: Wannabe|Shadow Claw|p2a: Pelipper
|-crit|p2a: Pelipper
|-damage|p2a: Pelipper|0 fnt
|faint|p2a: Pelipper
|
|win|zuiyyy
||aviaflylol is ready for game 3.
|inactive|zuiyyy has 30 seconds to confirm battle start!
||zuiyyy is ready for game 3.
|uhtml|next|Next: Game 3 of 3
|l| yellow juice
|l| jfwarriors
|l| Harridino
