|j|☆mayorga9099
|j|☆Welosethose!
|html|mayorga9099Welosethose!    
|uhtml|bestof|Game 1 of a best-of-3
|t:|1756583671
|gametype|doubles
|player|p1|mayorga9099|ethan|1137
|player|p2|Welosethose!|hilbert|1121
|gen|9
|tier|[Gen 9] VGC 2025 Reg H (Bo3)
|rated|
|rule|Species Clause: Limit one of each Pokémon
|rule|Item Clause: Limit 1 of each item
|clearpoke
|poke|p1|Incineroar, L50, M|
|poke|p1|Dragapult, L50, M|
|poke|p1|Gastrodon, L50, F|
|poke|p1|Farigiraf, L50, F|
|poke|p1|Gholdengo, L50|
|poke|p1|Ursaluna-Bloodmoon, L50, M|
|poke|p2|Gholdengo, L50|
|poke|p2|Incineroar, L50, F|
|poke|p2|Archaludon, L50, M|
|poke|p2|Amoonguss, L50, M|
|poke|p2|Whimsicott, L50, F|
|poke|p2|Dragapult, L50, F|
|teampreview|4
|showteam|p1|Incineroar||AssaultVest|Intimidate|FlareBlitz,KnockOff,FakeOut,Uturn|||M|||50|,,,,,Water]Dragapult||FocusSash|ClearBody|PhantomForce,BreakingSwipe,Disable,ThunderWave|||M|||50|,,,,,Ghost]Gastrodon||Leftovers|StormDrain|EarthPower,IcyWind,Protect,Yawn|||F|||50|,,,,,Fairy]Farigiraf||SitrusBerry|ArmorTail|DazzlingGleam,PsychicNoise,HelpingHand,TrickRoom|||F|||50|,,,,,Fairy]Gholdengo||MetalCoat|GoodasGold|MakeItRain,ShadowBall,NastyPlot,Protect||||||50|,,,,,Water]Ursaluna-Bloodmoon||LifeOrb|MindsEye|BloodMoon,HyperVoice,EarthPower,Protect|||M|||50|,,,,,Normal
|showteam|p2|Gholdengo||Leftovers|GoodasGold|MakeItRain,DazzlingGleam,NastyPlot,Protect||||||50|,,,,,Fairy]Incineroar||AssaultVest|Intimidate|FakeOut,Uturn,FlareBlitz,KnockOff|||F|||50|,,,,,Grass]Archaludon||PowerHerb|Stalwart|ElectroShot,DracoMeteor,Thunderbolt,Protect|||M|||50|,,,,,Electric]Amoonguss||SitrusBerry|Regenerator|RagePowder,Spore,ClearSmog,Protect|||M|||50|,,,,,Psychic]Whimsicott||FocusSash|Prankster|Tailwind,Moonblast,Endeavor,Encore|||F|||50|,,,,,Ghost]Dragapult||ChoiceBand|ClearBody|DragonDarts,Outrage,TeraBlast,Uturn|||F|||50|,,,,,Ghost
|
|t:|1756583745
|teamsize|p1|4
|teamsize|p2|4
|start
|switch|p1a: Ursaluna|Ursaluna-Bloodmoon, L50, M|100/100
|switch|p1b: Dragapult|Dragapult, L50, M|100/100
|switch|p2a: Gholdengo|Gholdengo, L50|100/100
|switch|p2b: Dragapult|Dragapult, L50, F|100/100
|turn|1
|
|t:|1756583772
|switch|p1b: Farigiraf|Farigiraf, L50, F|100/100
|-terastallize|p2a: Gholdengo|Fairy
|-terastallize|p1a: Ursaluna|Normal
|move|p2b: Dragapult|U-turn|p1b: Farigiraf
|-supereffective|p1b: Farigiraf
|-damage|p1b: Farigiraf|42/100
|-enditem|p1b: Farigiraf|Sitrus Berry|[eat]
|-heal|p1b: Farigiraf|67/100|[from] item: Sitrus Berry
|
|t:|1756583784
|switch|p2b: Amoonguss|Amoonguss, L50, M|100/100|[from] U-turn
|move|p2a: Gholdengo|Dazzling Gleam|p1a: Ursaluna|[spread] p1a,p1b
|-damage|p1a: Ursaluna|65/100
|-damage|p1b: Farigiraf|41/100
|move|p1a: Ursaluna|Hyper Voice|p2a: Gholdengo|[spread] p2a,p2b
|-crit|p2a: Gholdengo
|-damage|p2a: Gholdengo|11/100
|-damage|p2b: Amoonguss|50/100
|-enditem|p2b: Amoonguss|Sitrus Berry|[eat]
|-heal|p2b: Amoonguss|75/100|[from] item: Sitrus Berry
|-damage|p1a: Ursaluna|55/100|[from] item: Life Orb
|
|-heal|p2a: Gholdengo|17/100|[from] item: Leftovers
|upkeep
|turn|2
|
|t:|1756583813
|move|p2a: Gholdengo|Make It Rain|p1a: Ursaluna|[spread] p1a,p1b
|-damage|p1a: Ursaluna|8/100
|-damage|p1b: Farigiraf|0 fnt
|-unboost|p2a: Gholdengo|spa|1
|faint|p1b: Farigiraf
|move|p1a: Ursaluna|Hyper Voice|p2a: Gholdengo|[spread] p2a,p2b
|-damage|p2a: Gholdengo|0 fnt
|-damage|p2b: Amoonguss|26/100
|faint|p2a: Gholdengo
|-damage|p1a: Ursaluna|0 fnt|[from] item: Life Orb
|faint|p1a: Ursaluna
|move|p2b: Amoonguss|Spore|p1: Ursaluna|[notarget]
|-fail|p2b: Amoonguss
|
|upkeep
|
|t:|1756583822
|switch|p2a: Dragapult|Dragapult, L50, F|100/100
|switch|p1b: Gastrodon|Gastrodon, L50, F|100/100
|switch|p1a: Dragapult|Dragapult, L50, M|100/100
|turn|3
|
|t:|1756583843
|switch|p2b: Incineroar|Incineroar, L50, F|100/100
|-ability|p2b: Incineroar|Intimidate|boost
|-fail|p1a: Dragapult|unboost|[from] ability: Clear Body|[of] p1a: Dragapult
|-unboost|p1b: Gastrodon|atk|1
|move|p2a: Dragapult|U-turn|p1a: Dragapult
|-resisted|p1a: Dragapult
|-damage|p1a: Dragapult|75/100
|
|t:|1756583850
|switch|p2a: Amoonguss|Amoonguss, L50, M|59/100|[from] U-turn
|move|p1a: Dragapult|Breaking Swipe|p2b: Incineroar|[spread] p2a,p2b
|-damage|p2a: Amoonguss|38/100
|-damage|p2b: Incineroar|77/100
|-unboost|p2a: Amoonguss|atk|1
|-unboost|p2b: Incineroar|atk|1
|move|p1b: Gastrodon|Icy Wind|p2a: Amoonguss|[spread] p2a,p2b
|-supereffective|p2a: Amoonguss
|-resisted|p2b: Incineroar
|-damage|p2a: Amoonguss|24/100
|-damage|p2b: Incineroar|74/100
|-unboost|p2a: Amoonguss|spe|1
|-unboost|p2b: Incineroar|spe|1
|
|upkeep
|turn|4
|
|t:|1756583870
|move|p1b: Gastrodon|Protect|p1b: Gastrodon
|-singleturn|p1b: Gastrodon|Protect
|move|p2b: Incineroar|Fake Out|p1b: Gastrodon
|-activate|p1b: Gastrodon|move: Protect
|move|p1a: Dragapult|Phantom Force||[still]
|-prepare|p1a: Dragapult|Phantom Force
|move|p2a: Amoonguss|Spore|p1a: Dragapult|[miss]
|-miss|p2a: Amoonguss|p1a: Dragapult
|
|upkeep
|turn|5
|
|t:|1756583886
|move|p2a: Amoonguss|Rage Powder|p2a: Amoonguss
|-singleturn|p2a: Amoonguss|move: Rage Powder
|move|p1a: Dragapult|Phantom Force|p2a: Amoonguss|[from] lockedmove
|-damage|p2a: Amoonguss|0 fnt
|faint|p2a: Amoonguss
|move|p2b: Incineroar|Knock Off|p1a: Dragapult
|-supereffective|p1a: Dragapult
|-damage|p1a: Dragapult|0 fnt
|-enditem|p1a: Dragapult|Focus Sash|[from] move: Knock Off|[of] p2b: Incineroar
|faint|p1a: Dragapult
|move|p1b: Gastrodon|Earth Power|p2b: Incineroar
|-supereffective|p2b: Incineroar
|-damage|p2b: Incineroar|36/100
|
|upkeep
|
|t:|1756583893
|switch|p2a: Dragapult|Dragapult, L50, F|100/100
|turn|6
|
|t:|1756583908
|move|p2a: Dragapult|Outrage|p1b: Gastrodon
|-damage|p1b: Gastrodon|28/100
|move|p2b: Incineroar|Knock Off|p1b: Gastrodon
|-damage|p1b: Gastrodon|4/100
|-enditem|p1b: Gastrodon|Leftovers|[from] move: Knock Off|[of] p2b: Incineroar
|move|p1b: Gastrodon|Icy Wind|p2b: Incineroar|[spread] p2a,p2b
|-supereffective|p2a: Dragapult
|-resisted|p2b: Incineroar
|-damage|p2a: Dragapult|74/100
|-damage|p2b: Incineroar|33/100
|-unboost|p2b: Incineroar|spe|1
|
|upkeep
|turn|7
|-message|mayorga9099 forfeited.
|
|win|Welosethose!
|l|☆mayorga9099
|player|p1|
||Welosethose! is ready for game 2.
||mayorga9099 is ready for game 2.
|uhtml|next|Next: Game 2 of 3
