|j|☆iori696
|j|☆Thorton506
|html|iori696Thorton506    
|uhtml|bestof|Game 3 of a best-of-3
|t:|1783402855
|gametype|doubles
|player|p1|iori696|170|
|player|p2|Thorton506|brycen|
|gen|9
|tier|[Gen 9 Champions] VGC 2026 Reg M-B (Bo3)
|rule|Species Clause: Limit one of each Pokémon
|rule|Item Clause: Limit 1 of each item
|clearpoke
|poke|p1|Swampert, L50, F|
|poke|p1|Pelipper, L50, M|
|poke|p1|Archaludon, L50, M|
|poke|p1|Grimmsnarl, L50, M|
|poke|p1|Metagross, L50|
|poke|p1|Sinistcha, L50|
|poke|p2|Swampert, L50, M, shiny|
|poke|p2|Pelipper, L50, M, shiny|
|poke|p2|Archaludon, L50, M, shiny|
|poke|p2|Sinistcha, L50, shiny|
|poke|p2|Grimmsnarl, L50, M, shiny|
|poke|p2|Floette-Eternal, L50, F|
|teampreview|4
|showteam|p1|Swampert||Swampertite|Torrent|WaveCrash,Earthquake,IcePunch,Protect|Adamant||F|||50|]Pelipper||FocusSash|Drizzle|WeatherBall,Hurricane,Tailwind,Protect|Modest||M|||50|]Archaludon||Leftovers|Stamina|ElectroShot,FlashCannon,DragonPulse,Protect|Modest||M|||50|]Grimmsnarl||LightClay|Prankster|SpiritBreak,LightScreen,Reflect,PartingShot|Careful||M|||50|]Metagross||Metagrossite|ClearBody|IronHead,PsychicFangs,StompingTantrum,Protect|Jolly|||||50|]Sinistcha||CobaBerry|Hospitality|MatchaGotcha,LifeDew,TrickRoom,RagePowder|Bold|||||50|
|showteam|p2|Swampert||Swampertite|Torrent|WaveCrash,Earthquake,IcePunch,Protect|Adamant||M|||50|]Pelipper||SitrusBerry|Drizzle|WeatherBall,Hurricane,WideGuard,Tailwind|Modest||M|||50|]Archaludon||Leftovers|Stamina|ElectroShot,DragonPulse,FlashCannon,Protect|Modest||M|||50|]Sinistcha||CobaBerry|Hospitality|MatchaGotcha,RagePowder,LifeDew,Protect|Relaxed|||||50|]Grimmsnarl||LightClay|Prankster|FoulPlay,Reflect,LightScreen,PartingShot|Careful||M|||50|]Floette-Eternal||Floettite|FlowerVeil|DazzlingGleam,Moonblast,CalmMind,Protect|Modest||F|||50|
|
|t:|1783402878
|teamsize|p1|4
|teamsize|p2|4
|start
|switch|p1a: Archaludon|Archaludon, L50, M|100/100
|switch|p1b: Grimmsnarl|Grimmsnarl, L50, M|100/100
|switch|p2a: Archaludon|Archaludon, L50, M, shiny|100/100
|switch|p2b: Grimmsnarl|Grimmsnarl, L50, M, shiny|100/100
|turn|1
|inactive|Battle timer is ON: inactive players will automatically lose when time's up. (requested by Thorton506)
|
|t:|1783402896
|move|p2b: Grimmsnarl|Light Screen|p2b: Grimmsnarl
|-sidestart|p2: Thorton506|move: Light Screen
|move|p1b: Grimmsnarl|Light Screen|p1b: Grimmsnarl
|-sidestart|p1: iori696|move: Light Screen
|move|p1a: Archaludon|Flash Cannon|p2b: Grimmsnarl
|-supereffective|p2b: Grimmsnarl|1
|-damage|p2b: Grimmsnarl|52/100
|move|p2a: Archaludon|Dragon Pulse|p1a: Archaludon
|-damage|p1a: Archaludon|73/100
|-ability|p1a: Archaludon|Stamina|boost
|-boost|p1a: Archaludon|def|1
|
|-heal|p1a: Archaludon|79/100|[from] item: Leftovers
|upkeep
|turn|2
|inactive|Thorton506 has 30 seconds left.
|
|t:|1783402925
|move|p1a: Archaludon|Protect|p1a: Archaludon
|-singleturn|p1a: Archaludon|Protect
|move|p2b: Grimmsnarl|Parting Shot|p1a: Archaludon
|-activate|p1a: Archaludon|move: Protect
|move|p2a: Archaludon|Flash Cannon|p1b: Grimmsnarl
|-supereffective|p1b: Grimmsnarl|1
|-damage|p1b: Grimmsnarl|58/100
|move|p1b: Grimmsnarl|Spirit Break|p2a: Archaludon
|-damage|p2a: Archaludon|78/100
|-unboost|p2a: Archaludon|spa|1
|-ability|p2a: Archaludon|Stamina|boost
|-boost|p2a: Archaludon|def|1
|
|-heal|p1a: Archaludon|85/100|[from] item: Leftovers
|-heal|p2a: Archaludon|84/100|[from] item: Leftovers
|upkeep
|turn|3
|
|t:|1783402940
|switch|p2a: Sinistcha|Sinistcha, L50, shiny|100/100
|-heal|p2b: Grimmsnarl|77/100|[from] ability: Hospitality|[of] p2a: Sinistcha
|move|p1b: Grimmsnarl|Parting Shot|p2a: Sinistcha
|-unboost|p2a: Sinistcha|atk|1
|-unboost|p2a: Sinistcha|spa|1
|
|t:|1783402949
|switch|p1b: Metagross|Metagross, L50|100/100|[from] Parting Shot
|move|p2b: Grimmsnarl|Parting Shot|p1a: Archaludon
|-unboost|p1a: Archaludon|atk|1
|-unboost|p1a: Archaludon|spa|1
|
|t:|1783402955
|switch|p2b: Archaludon|Archaludon, L50, M, shiny|84/100|[from] Parting Shot
|move|p1a: Archaludon|Electro Shot||[still]
|-prepare|p1a: Archaludon|Electro Shot
|-boost|p1a: Archaludon|spa|1
|
|-heal|p1a: Archaludon|91/100|[from] item: Leftovers
|-heal|p2b: Archaludon|90/100|[from] item: Leftovers
|upkeep
|turn|4
|
|t:|1783402967
|detailschange|p1b: Metagross|Metagross-Mega, L50
|-mega|p1b: Metagross|Metagross|Metagrossite
|move|p2a: Sinistcha|Rage Powder|p2a: Sinistcha
|-singleturn|p2a: Sinistcha|move: Rage Powder
|move|p1b: Metagross|Iron Head|p2a: Sinistcha
|-damage|p2a: Sinistcha|52/100
|move|p1a: Archaludon|Electro Shot|p2a: Sinistcha|[from] lockedmove
|-resisted|p2a: Sinistcha|1
|-damage|p2a: Sinistcha|39/100
|move|p2b: Archaludon|Electro Shot||[still]
|-prepare|p2b: Archaludon|Electro Shot
|-boost|p2b: Archaludon|spa|1
|
|-heal|p1a: Archaludon|97/100|[from] item: Leftovers
|-heal|p2b: Archaludon|96/100|[from] item: Leftovers
|upkeep
|turn|5
|
|t:|1783402989
|move|p1b: Metagross|Protect|p1b: Metagross
|-singleturn|p1b: Metagross|Protect
|move|p2a: Sinistcha|Protect|p2a: Sinistcha
|-singleturn|p2a: Sinistcha|Protect
|move|p1a: Archaludon|Flash Cannon|p2a: Sinistcha
|-activate|p2a: Sinistcha|move: Protect
|move|p2b: Archaludon|Electro Shot|p1b: Metagross|[from] lockedmove
|-activate|p1b: Metagross|move: Protect
|
|-heal|p1a: Archaludon|100/100|[from] item: Leftovers
|-heal|p2b: Archaludon|100/100|[from] item: Leftovers
|upkeep
|turn|6
|
|t:|1783403011
|move|p1b: Metagross|Iron Head|p2a: Sinistcha
|-damage|p2a: Sinistcha|0 fnt
|faint|p2a: Sinistcha
|move|p1a: Archaludon|Flash Cannon|p2b: Archaludon
|-resisted|p2b: Archaludon|1
|-damage|p2b: Archaludon|88/100
|-ability|p2b: Archaludon|Stamina|boost
|-boost|p2b: Archaludon|def|1
|move|p2b: Archaludon|Dragon Pulse|p1a: Archaludon
|-damage|p1a: Archaludon|62/100
|-ability|p1a: Archaludon|Stamina|boost
|-boost|p1a: Archaludon|def|1
|
|-heal|p1a: Archaludon|68/100|[from] item: Leftovers
|-heal|p2b: Archaludon|94/100|[from] item: Leftovers
|upkeep
|
|t:|1783403023
|switch|p2a: Grimmsnarl|Grimmsnarl, L50, M, shiny|77/100
|turn|7
|
|t:|1783403039
|move|p1a: Archaludon|Protect|p1a: Archaludon
|-singleturn|p1a: Archaludon|Protect
|move|p2a: Grimmsnarl|Reflect|p2a: Grimmsnarl
|-sidestart|p2: Thorton506|Reflect
|move|p1b: Metagross|Iron Head|p2a: Grimmsnarl
|-supereffective|p2a: Grimmsnarl|1
|-damage|p2a: Grimmsnarl|5/100
|move|p2b: Archaludon|Electro Shot||[still]
|-prepare|p2b: Archaludon|Electro Shot
|-boost|p2b: Archaludon|spa|1
|
|-heal|p1a: Archaludon|74/100|[from] item: Leftovers
|-heal|p2b: Archaludon|100/100|[from] item: Leftovers
|upkeep
|turn|8
|
|t:|1783403063
|switch|p1a: Grimmsnarl|Grimmsnarl, L50, M|58/100
|move|p1b: Metagross|Protect|p1b: Metagross
|-singleturn|p1b: Metagross|Protect
|move|p2b: Archaludon|Electro Shot|p1b: Metagross|[from] lockedmove
|-activate|p1b: Metagross|move: Protect
|move|p2a: Grimmsnarl|Foul Play|p1b: Metagross
|-activate|p1b: Metagross|move: Protect
|
|-sideend|p2: Thorton506|move: Light Screen
|-sideend|p1: iori696|move: Light Screen
|upkeep
|turn|9
|
|t:|1783403087
|move|p1a: Grimmsnarl|Parting Shot|p2b: Archaludon
|-unboost|p2b: Archaludon|atk|1
|-unboost|p2b: Archaludon|spa|1
|
|t:|1783403089
|switch|p1a: Archaludon|Archaludon, L50, M|74/100|[from] Parting Shot
|move|p2a: Grimmsnarl|Light Screen|p2a: Grimmsnarl
|-sidestart|p2: Thorton506|move: Light Screen
|move|p1b: Metagross|Iron Head|p2a: Grimmsnarl
|-supereffective|p2a: Grimmsnarl|1
|-damage|p2a: Grimmsnarl|0 fnt
|faint|p2a: Grimmsnarl
|move|p2b: Archaludon|Flash Cannon|p1a: Archaludon
|-resisted|p1a: Archaludon|1
|-damage|p1a: Archaludon|48/100
|-ability|p1a: Archaludon|Stamina|boost
|-boost|p1a: Archaludon|def|1
|
|-heal|p1a: Archaludon|54/100|[from] item: Leftovers
|upkeep
|
|t:|1783403092
|switch|p2a: Floette|Floette-Eternal, L50, F|100/100
|turn|10
|inactive|iori696 has 30 seconds left.
|
|t:|1783403117
|detailschange|p2a: Floette|Floette-Mega, L50, F
|-mega|p2a: Floette|Floette|Floettite
|-ability|p2a: Floette|Fairy Aura
|move|p1a: Archaludon|Protect|p1a: Archaludon
|-singleturn|p1a: Archaludon|Protect
|move|p1b: Metagross|Psychic Fangs|p2a: Floette
|-sideend|p2: Thorton506|Reflect
|-sideend|p2: Thorton506|move: Light Screen
|-damage|p2a: Floette|32/100
|move|p2a: Floette|Moonblast|p1b: Metagross
|-resisted|p1b: Metagross|1
|-crit|p1b: Metagross
|-damage|p1b: Metagross|41/100
|move|p2b: Archaludon|Dragon Pulse|p1b: Metagross
|-resisted|p1b: Metagross|1
|-damage|p1b: Metagross|11/100
|
|-heal|p1a: Archaludon|60/100|[from] item: Leftovers
|upkeep
|turn|11
|
|t:|1783403137
|switch|p1a: Sinistcha|Sinistcha, L50|100/100
|-heal|p1b: Metagross|36/100|[from] ability: Hospitality|[of] p1a: Sinistcha
|move|p1b: Metagross|Protect|p1b: Metagross
|-singleturn|p1b: Metagross|Protect
|move|p2a: Floette|Protect|p2a: Floette
|-singleturn|p2a: Floette|Protect
|move|p2b: Archaludon|Flash Cannon|p1b: Metagross
|-activate|p1b: Metagross|move: Protect
|
|upkeep
|turn|12
|
|t:|1783403149
|move|p2a: Floette|Protect|p2a: Floette
|-singleturn|p2a: Floette|Protect
|move|p1a: Sinistcha|Rage Powder|p1a: Sinistcha
|-singleturn|p1a: Sinistcha|move: Rage Powder
|move|p1b: Metagross|Iron Head|p2a: Floette
|-activate|p2a: Floette|move: Protect
|move|p2b: Archaludon|Dragon Pulse|p1a: Sinistcha
|-damage|p1a: Sinistcha|35/100
|
|upkeep
|turn|13
|
|t:|1783403164
|switch|p1a: Archaludon|Archaludon, L50, M|60/100
|move|p1b: Metagross|Iron Head|p2a: Floette
|-supereffective|p2a: Floette|1
|-damage|p2a: Floette|0 fnt
|faint|p2a: Floette
|move|p2b: Archaludon|Dragon Pulse|p1a: Archaludon
|-damage|p1a: Archaludon|5/100
|-ability|p1a: Archaludon|Stamina|boost
|-boost|p1a: Archaludon|def|1
|
|-heal|p1a: Archaludon|11/100|[from] item: Leftovers
|upkeep
|turn|14
|
|t:|1783403187
|switch|p1b: Sinistcha|Sinistcha, L50|35/100
|-heal|p1a: Archaludon|36/100|[from] ability: Hospitality|[of] p1b: Sinistcha
|move|p1a: Archaludon|Protect|p1a: Archaludon
|-singleturn|p1a: Archaludon|Protect
|move|p2b: Archaludon|Dragon Pulse|p1a: Archaludon
|-activate|p1a: Archaludon|move: Protect
|
|-heal|p1a: Archaludon|42/100|[from] item: Leftovers
|upkeep
|turn|15
|
|t:|1783403200
|switch|p1a: Grimmsnarl|Grimmsnarl, L50, M|58/100
|switch|p1b: Metagross|Metagross-Mega, L50|36/100
|move|p2b: Archaludon|Dragon Pulse|p1b: Metagross
|-resisted|p1b: Metagross|1
|-damage|p1b: Metagross|8/100
|
|upkeep
|turn|16
|
|t:|1783403223
|move|p1b: Metagross|Protect|p1b: Metagross
|-singleturn|p1b: Metagross|Protect
|move|p1a: Grimmsnarl|Parting Shot|p2b: Archaludon
|-unboost|p2b: Archaludon|atk|1
|-unboost|p2b: Archaludon|spa|1
|
|t:|1783403229
|switch|p1a: Sinistcha|Sinistcha, L50|35/100|[from] Parting Shot
|-heal|p1b: Metagross|33/100|[from] ability: Hospitality|[of] p1a: Sinistcha
|move|p2b: Archaludon|Flash Cannon|p1a: Sinistcha
|-damage|p1a: Sinistcha|0 fnt
|faint|p1a: Sinistcha
|
|upkeep
|
|t:|1783403235
|switch|p1a: Grimmsnarl|Grimmsnarl, L50, M|58/100
|turn|17
|
|t:|1783403246
|move|p1a: Grimmsnarl|Light Screen|p1a: Grimmsnarl
|-sidestart|p1: iori696|move: Light Screen
|move|p1b: Metagross|Stomping Tantrum|p2b: Archaludon
|-supereffective|p2b: Archaludon|1
|-damage|p2b: Archaludon|67/100
|-ability|p2b: Archaludon|Stamina|boost
|-boost|p2b: Archaludon|def|1
|move|p2b: Archaludon|Dragon Pulse|p1a: Grimmsnarl
|-immune|p1a: Grimmsnarl
|
|-heal|p2b: Archaludon|73/100|[from] item: Leftovers
|upkeep
|turn|18
|
|t:|1783403263
|move|p1b: Metagross|Stomping Tantrum|p2b: Archaludon
|-supereffective|p2b: Archaludon|1
|-damage|p2b: Archaludon|49/100
|-ability|p2b: Archaludon|Stamina|boost
|-boost|p2b: Archaludon|def|1
|move|p2b: Archaludon|Electro Shot||[still]
|-prepare|p2b: Archaludon|Electro Shot
|-boost|p2b: Archaludon|spa|1
|move|p1a: Grimmsnarl|Spirit Break|p2b: Archaludon
|-crit|p2b: Archaludon
|-damage|p2b: Archaludon|13/100
|-unboost|p2b: Archaludon|spa|1
|-ability|p2b: Archaludon|Stamina|boost
|-boost|p2b: Archaludon|def|1
|
|-heal|p2b: Archaludon|19/100|[from] item: Leftovers
|upkeep
|turn|19
|
|t:|1783403274
|move|p1b: Metagross|Stomping Tantrum|p2b: Archaludon
|-supereffective|p2b: Archaludon|1
|-crit|p2b: Archaludon
|-damage|p2b: Archaludon|0 fnt
|faint|p2b: Archaludon
|
|win|iori696
|c|☆Thorton506|ggs me chamaqueo
|c|☆iori696|ggs
|c|☆iori696|Esos críticos letales
|c|☆iori696|Pero que buenas peleas
|c|☆iori696|Ese doble protect me cagó
|c|☆Thorton506|Mae un 4-0 no es por crits jaja no le lei ni un solo switch todo perra
|c|☆Thorton506|demasiado manco yo
