|j|☆Arceus428
|j|☆Lemon1524
|html|Arceus428Lemon1524    
|uhtml|bestof|Game 1 of a best-of-3
|t:|1757790978
|gametype|doubles
|player|p1|Arceus428|170|
|player|p2|Lemon1524|1|
|gen|9
|tier|[Gen 9] VGC 2025 Reg H (Bo3)
|rule|Species Clause: Limit one of each Pokémon
|rule|Item Clause: Limit 1 of each item
|clearpoke
|poke|p1|Ditto, L50|
|poke|p1|Smeargle, L50, F|
|poke|p1|Clefairy, L50, M|
|poke|p1|Clefable, L50, F|
|poke|p1|Toxapex, L50, M|
|poke|p1|Slowking, L50, M|
|poke|p2|Serperior, L50, F|
|poke|p2|Dragonite, L50, F|
|poke|p2|Farigiraf, L50, M|
|poke|p2|Ursaluna-Bloodmoon, L50, M|
|poke|p2|Rillaboom, L50, M|
|poke|p2|Ceruledge, L50, M|
|teampreview|4
|showteam|p1|Ditto||ChoiceScarf|Imposter|Transform||||||50|,,,,,Steel]Smeargle||FocusSash|OwnTempo|Transform,Protect,WideGuard,FollowMe|||F|||50|,,,,,Fire]Clefairy||Eviolite|FriendGuard|FollowMe,HealPulse,HealingWish,Protect|||M|||50|,,,,,Poison]Clefable||SitrusBerry|Unaware|FollowMe,HelpingHand,Protect,HealPulse|||F|||50|,,,,,Fairy]Toxapex||Leftovers|Regenerator|Recover,Protect,IronDefense,WideGuard|||M|||50|,,,,,Poison]Slowking||EjectButton|Regenerator|Protect,ChillyReception,HelpingHand,ThunderWave|||M|||50|,,,,,Fire
|showteam|p2|Serperior||AbilityShield|Contrary|LeafStorm,TeraBlast,EnergyBall,DragonPulse|||F|||50|,,,,,Stellar]Dragonite||LoadedDice|Multiscale|HelpingHand,ExtremeSpeed,ScaleShot,DracoMeteor|||F|||50|,,,,,Dragon]Farigiraf||FocusSash|ArmorTail|BatonPass,Agility,CalmMind,TrickRoom|||M|||50|,,,,,Normal]Ursaluna-Bloodmoon||Leftovers|MindsEye|BloodMoon,BodyPress,CalmMind,CloseCombat|||M|||50|,,,,,Ground]Rillaboom||AssaultVest|GrassySurge|DrumBeating,FakeOut,GrassyGlide,DrainPunch|||M|||50|,,,,,Grass]Ceruledge||LifeOrb|WeakArmor|CloseCombat,BitterBlade,Disable,DestinyBond|||M|||50|,,,,,Fire
|
|t:|1757791002
|teamsize|p1|4
|teamsize|p2|4
|start
|switch|p1a: Ditto|Ditto, L50|100/100
|switch|p1b: Smeargle|Smeargle, L50, F|100/100
|switch|p2a: Ceruledge|Ceruledge, L50, M|100/100
|switch|p2b: Farigiraf|Farigiraf, L50, M|100/100
|-transform|p1a: Ditto|p2b: Farigiraf|[from] ability: Imposter
|turn|1
|
|t:|1757791046
|switch|p1b: Clefairy|Clefairy, L50, M|100/100
|move|p2a: Ceruledge|Bitter Blade|p1b: Clefairy
|-damage|p1b: Clefairy|39/100
|-damage|p2a: Ceruledge|90/100|[from] item: Life Orb
|move|p2b: Farigiraf|Calm Mind|p2b: Farigiraf
|-boost|p2b: Farigiraf|spa|1
|-boost|p2b: Farigiraf|spd|1
|move|p1a: Ditto|Trick Room|p1a: Ditto
|-fieldstart|move: Trick Room|[of] p1a: Ditto
|
|upkeep
|turn|2
|
|t:|1757791069
|switch|p1a: Smeargle|Smeargle, L50, F|100/100
|move|p1b: Clefairy|Protect|p1b: Clefairy
|-singleturn|p1b: Clefairy|Protect
|move|p2b: Farigiraf|Calm Mind|p2b: Farigiraf
|-boost|p2b: Farigiraf|spa|1
|-boost|p2b: Farigiraf|spd|1
|move|p2a: Ceruledge|Destiny Bond|p2a: Ceruledge
|-singlemove|p2a: Ceruledge|Destiny Bond
|
|upkeep
|turn|3
|
|t:|1757791090
|switch|p1b: Ditto|Ditto, L50|100/100
|-transform|p1b: Ditto|p2a: Ceruledge|[from] ability: Imposter
|move|p2b: Farigiraf|Calm Mind|p2b: Farigiraf
|-boost|p2b: Farigiraf|spa|1
|-boost|p2b: Farigiraf|spd|1
|move|p2a: Ceruledge|Bitter Blade|p1b: Ditto
|-resisted|p1b: Ditto
|-damage|p1b: Ditto|60/100
|-heal|p2a: Ceruledge|100/100|[from] drain|[of] p1b: Ditto
|-ability|p1b: Ditto|Weak Armor|boost
|-unboost|p1b: Ditto|def|1
|-boost|p1b: Ditto|spe|2
|-damage|p2a: Ceruledge|90/100|[from] item: Life Orb
|move|p1a: Smeargle|Transform|p2a: Ceruledge
|-transform|p1a: Smeargle|p2a: Ceruledge
|
|upkeep
|turn|4
|
|t:|1757791125
|move|p2b: Farigiraf|Calm Mind|p2b: Farigiraf
|-boost|p2b: Farigiraf|spa|1
|-boost|p2b: Farigiraf|spd|1
|move|p2a: Ceruledge|Disable|p1a: Smeargle
|-start|p1a: Smeargle|Disable|Transform
|move|p1a: Smeargle|Bitter Blade|p2b: Farigiraf
|-damage|p2b: Farigiraf|66/100
|move|p1b: Ditto|Destiny Bond|p1b: Ditto
|-singlemove|p1b: Ditto|Destiny Bond
|
|upkeep
|turn|5
|
|t:|1757791149
|switch|p1a: Clefable|Clefable, L50, F|100/100
|move|p2b: Farigiraf|Baton Pass|p2b: Farigiraf
|
|t:|1757791155
|switch|p2b: Serperior|Serperior, L50, F|100/100|[from] Baton Pass
|move|p2a: Ceruledge|Close Combat|p1a: Clefable
|-resisted|p1a: Clefable
|-damage|p1a: Clefable|75/100
|-unboost|p2a: Ceruledge|def|1
|-unboost|p2a: Ceruledge|spd|1
|-damage|p2a: Ceruledge|80/100|[from] item: Life Orb
|move|p1b: Ditto|Destiny Bond||[still]
|-fail|p1b: Ditto
|
|-fieldend|move: Trick Room
|upkeep
|turn|6
|
|t:|1757791182
|switch|p1b: Clefairy|Clefairy, L50, M|39/100
|-terastallize|p2b: Serperior|Stellar
|move|p2a: Ceruledge|Destiny Bond|p2a: Ceruledge
|-singlemove|p2a: Ceruledge|Destiny Bond
|move|p2b: Serperior|Tera Blast|p1a: Clefable|[anim] Tera Blast Stellar
|-damage|p1a: Clefable|58/100
|-boost|p2b: Serperior|atk|1
|-boost|p2b: Serperior|spa|1
|move|p1a: Clefable|Heal Pulse|p1b: Clefairy
|-heal|p1b: Clefairy|89/100
|
|upkeep
|turn|7
|
|t:|1757791207
|move|p1a: Clefable|Follow Me|p1a: Clefable
|-singleturn|p1a: Clefable|move: Follow Me
|move|p2a: Ceruledge|Destiny Bond||[still]
|-fail|p2a: Ceruledge
|move|p2b: Serperior|Leaf Storm|p1a: Clefable
|-crit|p1a: Clefable
|-damage|p1a: Clefable|3/100
|-boost|p2b: Serperior|spa|1
|-enditem|p1a: Clefable|Sitrus Berry|[eat]
|-heal|p1a: Clefable|28/100|[from] item: Sitrus Berry
|move|p1b: Clefairy|Heal Pulse|p1a: Clefable
|-heal|p1a: Clefable|78/100
|
|upkeep
|turn|8
|
|t:|1757791228
|switch|p1a: Ditto|Ditto, L50|60/100
|-transform|p1a: Ditto|p2b: Serperior|[from] ability: Imposter
|move|p1b: Clefairy|Follow Me|p1b: Clefairy
|-singleturn|p1b: Clefairy|move: Follow Me
|move|p2a: Ceruledge|Close Combat|p1b: Clefairy
|-resisted|p1b: Clefairy
|-damage|p1b: Clefairy|63/100
|-unboost|p2a: Ceruledge|def|1
|-unboost|p2a: Ceruledge|spd|1
|-damage|p2a: Ceruledge|70/100|[from] item: Life Orb
|move|p2b: Serperior|Leaf Storm|p1b: Clefairy|[miss]
|-miss|p2b: Serperior|p1b: Clefairy
|
|upkeep
|-start|p1a: Ditto|typechange|Grass|[silent]
|turn|9
|
|t:|1757791254
|move|p1b: Clefairy|Follow Me|p1b: Clefairy
|-singleturn|p1b: Clefairy|move: Follow Me
|move|p1a: Ditto|Leaf Storm|p2b: Serperior
|-resisted|p2b: Serperior
|-damage|p2b: Serperior|69/100
|move|p2a: Ceruledge|Destiny Bond|p2a: Ceruledge
|-singlemove|p2a: Ceruledge|Destiny Bond
|move|p2b: Serperior|Tera Blast|p1b: Clefairy|[anim] Tera Blast Stellar
|-damage|p1b: Clefairy|0 fnt
|-boost|p2b: Serperior|atk|1
|faint|p1b: Clefairy
|
|upkeep
|
|t:|1757791268
|switch|p1b: Smeargle|Smeargle, L50, F|100/100
|turn|10
|
|t:|1757791279
|move|p1b: Smeargle|Protect|p1b: Smeargle
|-singleturn|p1b: Smeargle|Protect
|move|p1a: Ditto|Leaf Storm|p2b: Serperior
|-resisted|p2b: Serperior
|-damage|p2b: Serperior|40/100
|move|p2a: Ceruledge|Destiny Bond||[still]
|-fail|p2a: Ceruledge
|move|p2b: Serperior|Tera Blast|p1b: Smeargle|[anim] Tera Blast Stellar
|-activate|p1b: Smeargle|move: Protect
|
|upkeep
|turn|11
|
|t:|1757791304
|switch|p1b: Clefable|Clefable, L50, F|78/100
|move|p1a: Ditto|Leaf Storm|p2b: Serperior|[miss]
|-miss|p1a: Ditto|p2b: Serperior
|move|p2a: Ceruledge|Close Combat|p1b: Clefable
|-resisted|p1b: Clefable
|-damage|p1b: Clefable|51/100
|-unboost|p2a: Ceruledge|def|1
|-unboost|p2a: Ceruledge|spd|1
|-damage|p2a: Ceruledge|60/100|[from] item: Life Orb
|move|p2b: Serperior|Tera Blast|p1a: Ditto|[anim] Tera Blast Stellar
|-damage|p1a: Ditto|23/100
|-boost|p2b: Serperior|atk|1
|
|upkeep
|turn|12
|
|t:|1757791333
|move|p1a: Ditto|Leaf Storm|p2b: Serperior
|-resisted|p2b: Serperior
|-damage|p2b: Serperior|10/100
|move|p2a: Ceruledge|Close Combat|p1a: Ditto
|-damage|p1a: Ditto|0 fnt
|-unboost|p2a: Ceruledge|def|1
|-unboost|p2a: Ceruledge|spd|1
|faint|p1a: Ditto
|-damage|p2a: Ceruledge|50/100|[from] item: Life Orb
|move|p2b: Serperior|Leaf Storm|p1b: Clefable
|-damage|p1b: Clefable|9/100
|move|p1b: Clefable|Heal Pulse|p1: Ditto|[notarget]
|-fail|p1b: Clefable
|
|upkeep
|
|t:|1757791347
|switch|p1a: Smeargle|Smeargle, L50, F|100/100
|turn|13
|-message|Arceus428 forfeited.
|
|win|Lemon1524
|l|☆Arceus428
|player|p1|
|inactive|Arceus428 has 30 seconds to confirm battle start!
|inactive|Lemon1524 has 30 seconds to confirm battle start!
|l|☆Lemon1524
|player|p2|
|inactive|Arceus428 has 20 seconds to confirm battle start!
|inactive|Lemon1524 has 20 seconds to confirm battle start!
|inactive|Arceus428 has 10 seconds to confirm battle start!
|inactive|Lemon1524 has 10 seconds to confirm battle start!
|uhtml|next|Next: Game 2 of 3
