|j|☆KoopaPlays
|j|☆whipq
|html|KoopaPlayswhipq    
|uhtml|bestof|Game 3 of a best-of-3
|t:|1783814976
|gametype|doubles
|player|p1|KoopaPlays|hiker|
|player|p2|whipq|2|
|gen|9
|tier|[Gen 9 Champions] VGC 2026 Reg M-B (Bo3)
|rule|Species Clause: Limit one of each Pokémon
|rule|Item Clause: Limit 1 of each item
|clearpoke
|poke|p1|Glimmora, L50, M, shiny|
|poke|p1|Liepard, L50, F, shiny|
|poke|p1|Krookodile, L50, M|
|poke|p1|Rotom-Heat, L50, shiny|
|poke|p1|Corviknight, L50, M, shiny|
|poke|p1|Mawile, L50, F, shiny|
|poke|p2|Simipour, L50, F, shiny|
|poke|p2|Salazzle, L50, F, shiny|
|poke|p2|Sableye, L50, M, shiny|
|poke|p2|Snorlax, L50, F, shiny|
|poke|p2|Chesnaught, L50, F, shiny|
|poke|p2|Aegislash, L50, M, shiny|
|teampreview|4
|showteam|p1|Glimmora||Glimmoranite|ToxicDebris|SludgeBomb,EarthPower,PowerGem,SpikyShield|Modest||M|||50|]Liepard||FocusSash|Prankster|FakeOut,FakeTears,Encore,Taunt|Jolly||F|||50|]Krookodile||LifeOrb|Intimidate|KnockOff,CloseCombat,HighHorsepower,Protect|Adamant||M|||50|]Rotom-Heat||SitrusBerry|Levitate|Overheat,Thunderbolt,Electroweb,VoltSwitch|Modest|||||50|]Corviknight||OccaBerry|Unnerve|BraveBird,Tailwind,IronHead,Protect|Careful||M|||50|]Mawile||Mawilite|HyperCutter|SuckerPunch,PlayRough,IronHead,Protect|Adamant||F|||50|
|showteam|p2|Simipour||SitrusBerry|Gluttony|IcePunch,Liquidation,FlipTurn,FakeOut|Jolly||F|||50|]Salazzle||FocusSash|Oblivious|HeatWave,SludgeWave,Protect,NastyPlot|Timid||F|||50|]Sableye||Sablenite|Prankster|Poltergeist,FakeOut,WillOWisp,DrainPunch|Adamant||M|||50|]Snorlax||Leftovers|ThickFat|BodySlam,IcePunch,Rest,SleepTalk|Adamant||F|||50|]Chesnaught||Chesnaughtite|Bulletproof|WoodHammer,BodyPress,SpikyShield,LeechSeed|Impish||F|||50|]Aegislash||OccaBerry|StanceChange|SacredSword,DestinyBond,KingsShield,Poltergeist|Careful||M|||50|
|
|t:|1783815181
|teamsize|p1|4
|teamsize|p2|4
|start
|switch|p1a: Glimmora|Glimmora, L50, M, shiny|100/100
|switch|p1b: Liepard|Liepard, L50, F, shiny|100/100
|switch|p2a: Simipour|Simipour, L50, F, shiny|100/100
|switch|p2b: Salazzle|Salazzle, L50, F, shiny|100/100
|turn|1
|
|t:|1783815223
|detailschange|p1a: Glimmora|Glimmora-Mega, L50, M, shiny
|-mega|p1a: Glimmora|Glimmora|Glimmoranite
|move|p1b: Liepard|Fake Out|p2a: Simipour
|-damage|p2a: Simipour|86/100
|move|p2b: Salazzle|Nasty Plot|p2b: Salazzle
|-boost|p2b: Salazzle|spa|2
|cant|p2a: Simipour|flinch
|move|p1a: Glimmora|Earth Power|p2b: Salazzle
|-supereffective|p2b: Salazzle|2
|-enditem|p2b: Salazzle|Focus Sash
|-damage|p2b: Salazzle|1/100
|
|upkeep
|turn|2
|
|t:|1783815277
|move|p1b: Liepard|Encore|p2b: Salazzle
|-start|p2b: Salazzle|Encore
|move|p2b: Salazzle|Nasty Plot|p2b: Salazzle
|-boost|p2b: Salazzle|spa|2
|move|p2a: Simipour|Liquidation|p1a: Glimmora
|-supereffective|p1a: Glimmora|1
|-damage|p1a: Glimmora|16/100
|move|p1a: Glimmora|Earth Power|p2b: Salazzle
|-supereffective|p2b: Salazzle|2
|-damage|p2b: Salazzle|0 fnt
|faint|p2b: Salazzle
|
|upkeep
|
|t:|1783815293
|switch|p2b: Aegislash|Aegislash, L50, M, shiny|100/100
|turn|3
|
|t:|1783815387
|switch|p1a: Corviknight|Corviknight, L50, M, shiny|100/100
|-ability|p1a: Corviknight|Unnerve
|move|p1b: Liepard|Taunt|p2b: Aegislash
|-start|p2b: Aegislash|move: Taunt
|move|p2a: Simipour|Liquidation|p1b: Liepard
|-damage|p1b: Liepard|28/100
|-formechange|p2b: Aegislash|Aegislash-Blade|
|move|p2b: Aegislash|Sacred Sword|p1b: Liepard
|-supereffective|p1b: Liepard|1
|-damage|p1b: Liepard|0 fnt
|faint|p1b: Liepard
|
|upkeep
|
|t:|1783815439
|switch|p1b: Krookodile|Krookodile, L50, M|100/100
|-ability|p1b: Krookodile|Intimidate|boost
|-unboost|p2a: Simipour|atk|1
|-unboost|p2b: Aegislash|atk|1
|turn|4
|
|t:|1783815558
|move|p1b: Krookodile|Protect|p1b: Krookodile
|-singleturn|p1b: Krookodile|Protect
|move|p2a: Simipour|Liquidation|p1b: Krookodile
|-activate|p1b: Krookodile|move: Protect
|move|p1a: Corviknight|Tailwind|p1a: Corviknight
|-sidestart|p1: KoopaPlays|move: Tailwind
|move|p2b: Aegislash|Poltergeist|p1a: Corviknight
|-activate|p1a: Corviknight|move: Poltergeist|Occa Berry
|-damage|p1a: Corviknight|70/100
|
|upkeep
|turn|5
|
|t:|1783815627
|move|p1b: Krookodile|Knock Off|p2b: Aegislash
|-supereffective|p2b: Aegislash|1
|-damage|p2b: Aegislash|0 fnt
|-enditem|p2b: Aegislash|Occa Berry|[from] move: Knock Off|[of] p1b: Krookodile
|faint|p2b: Aegislash
|-damage|p1b: Krookodile|90/100|[from] item: Life Orb
|move|p1a: Corviknight|Brave Bird|p2a: Simipour
|-damage|p2a: Simipour|0 fnt
|faint|p2a: Simipour
|-damage|p1a: Corviknight|47/100|[from] Recoil
|
|upkeep
|
|t:|1783815638
|switch|p2a: Chesnaught|Chesnaught, L50, F, shiny|100/100
|turn|6
|
|t:|1783815681
|detailschange|p2a: Chesnaught|Chesnaught-Mega, L50, F, shiny
|-mega|p2a: Chesnaught|Chesnaught|Chesnaughtite
|move|p1b: Krookodile|Close Combat|p2a: Chesnaught
|-damage|p2a: Chesnaught|76/100
|-unboost|p1b: Krookodile|def|1
|-unboost|p1b: Krookodile|spd|1
|-damage|p1b: Krookodile|80/100|[from] item: Life Orb
|move|p1a: Corviknight|Brave Bird|p2a: Chesnaught
|-supereffective|p2a: Chesnaught|2
|-damage|p2a: Chesnaught|0 fnt
|faint|p2a: Chesnaught
|-damage|p1a: Corviknight|21/100|[from] Recoil
|
|win|KoopaPlays
