|j|☆CTM_Charion
|j|☆sergiovj
|html|CTM_Charionsergiovj    
|uhtml|bestof|Game 1 of a best-of-3
|t:|1782418019
|gametype|doubles
|player|p1|CTM_Charion|chase|
|player|p2|sergiovj|266|
|gen|9
|tier|[Gen 9 Champions] VGC 2026 Reg M-B (Bo3)
|rule|Species Clause: Limit one of each Pokémon
|rule|Item Clause: Limit 1 of each item
|clearpoke
|poke|p1|Staraptor, L50, F|
|poke|p1|Maushold-Four, L50|
|poke|p1|Delphox, L50, M|
|poke|p1|Sinistcha, L50|
|poke|p1|Annihilape, L50, M|
|poke|p1|Whimsicott, L50, M|
|poke|p2|Hydreigon, L50, F|
|poke|p2|Garchomp, L50, F|
|poke|p2|Metagross, L50|
|poke|p2|Charizard, L50, M|
|poke|p2|Grimmsnarl, L50, M|
|poke|p2|Toxapex, L50, M|
|teampreview|4
|showteam|p1|Staraptor||Staraptite|Intimidate|DualWingbeat,CloseCombat,Tailwind,Protect|Jolly||F|||50|]Maushold-Four||ChopleBerry|FriendGuard|SuperFang,FollowMe,BeatUp,Protect|Jolly|||||50|]Delphox||Delphoxite|Blaze|HeatWave,Psychic,NastyPlot,Protect|Timid||M|||50|]Sinistcha||CobaBerry|Hospitality|MatchaGotcha,LifeDew,RagePowder,Protect|Bold|||||50|]Annihilape||Leftovers|Defiant|RageFist,DrainPunch,BulkUp,Protect|Jolly||M|||50|]Whimsicott||FocusSash|Prankster|Moonblast,Tailwind,SunnyDay,Protect|Timid||M|||50|
|showteam|p2|Hydreigon||ChoiceScarf|Levitate|HeatWave,DarkPulse,DracoMeteor,Snarl|Modest||F|||50|]Garchomp||SitrusBerry|RoughSkin|Earthquake,RockSlide,DragonClaw,Protect|Adamant||F|||50|]Metagross||Metagrossite|ClearBody|IronHead,HammerArm,BulletPunch,Protect|Adamant|||||50|]Charizard||CharizarditeY|Blaze|Protect,HeatWave,SolarBeam,WeatherBall|Timid||M|||50|]Grimmsnarl||RoseliBerry|Prankster|FakeOut,FoulPlay,Reflect,PartingShot|Sassy||M|||50|]Toxapex||Leftovers|Regenerator|Infestation,Toxic,BanefulBunker,WideGuard|Bold||M|||50|
|c|☆sergiovj|Suerte compañero!
|c|☆CTM_Charion|gl
|l|☆sergiovj
|player|p2|
|j|☆sergiovj
|player|p2|sergiovj|266|
|
|t:|1782418235
|teamsize|p1|4
|teamsize|p2|4
|start
|switch|p1a: Staraptor|Staraptor, L50, F|100/100
|switch|p1b: Maushold|Maushold-Four, L50|100/100
|switch|p2a: Charizard|Charizard, L50, M|100/100
|switch|p2b: Grimmsnarl|Grimmsnarl, L50, M|100/100
|-ability|p1a: Staraptor|Intimidate|boost
|-unboost|p2a: Charizard|atk|1
|-unboost|p2b: Grimmsnarl|atk|1
|turn|1
|
|t:|1782418282
|detailschange|p1a: Staraptor|Staraptor-Mega, L50, F
|-mega|p1a: Staraptor|Staraptor|Staraptite
|detailschange|p2a: Charizard|Charizard-Mega-Y, L50, M
|-mega|p2a: Charizard|Charizard|Charizardite Y
|-weather|SunnyDay|[from] ability: Drought|[of] p2a: Charizard
|move|p2b: Grimmsnarl|Fake Out|p1a: Staraptor
|-damage|p1a: Staraptor|94/100
|move|p1b: Maushold|Super Fang|p2a: Charizard
|-damage|p2a: Charizard|50/100g
|cant|p1a: Staraptor|flinch
|move|p2a: Charizard|Heat Wave|p1b: Maushold|[spread] p1a,p1b
|-damage|p1a: Staraptor|48/100
|-damage|p1b: Maushold|33/100
|
|-weather|SunnyDay|[upkeep]
|upkeep
|turn|2
|
|t:|1782418317
|switch|p1b: Sinistcha|Sinistcha, L50|100/100
|-heal|p1a: Staraptor|73/100|[from] ability: Hospitality|[of] p1b: Sinistcha
|move|p2a: Charizard|Protect|p2a: Charizard
|-singleturn|p2a: Charizard|Protect
|move|p1a: Staraptor|Close Combat|p2b: Grimmsnarl
|-crit|p2b: Grimmsnarl
|-damage|p2b: Grimmsnarl|20/100y
|-boost|p1a: Staraptor|def|1
|-boost|p1a: Staraptor|spd|1
|move|p2b: Grimmsnarl|Foul Play|p1b: Sinistcha
|-supereffective|p1b: Sinistcha|1
|-damage|p1b: Sinistcha|68/100
|
|-weather|SunnyDay|[upkeep]
|upkeep
|turn|3
|
|t:|1782418355
|move|p2b: Grimmsnarl|Reflect|p2b: Grimmsnarl
|-sidestart|p2: sergiovj|Reflect
|move|p1a: Staraptor|Close Combat|p2a: Charizard
|-resisted|p2a: Charizard|1
|-damage|p2a: Charizard|28/100
|-boost|p1a: Staraptor|def|1
|-boost|p1a: Staraptor|spd|1
|move|p2a: Charizard|Heat Wave|p1a: Staraptor|[spread] p1b
|-miss|p2a: Charizard|p1a: Staraptor
|-supereffective|p1b: Sinistcha|1
|-damage|p1b: Sinistcha|0 fnt
|faint|p1b: Sinistcha
|
|-weather|SunnyDay|[upkeep]
|upkeep
|
|t:|1782418382
|switch|p1b: Annihilape|Annihilape, L50, M|100/100
|turn|4
|
|t:|1782418414
|move|p2a: Charizard|Protect|p2a: Charizard
|-singleturn|p2a: Charizard|Protect
|move|p1a: Staraptor|Dual Wingbeat|p2a: Charizard
|-activate|p2a: Charizard|move: Protect
|move|p1b: Annihilape|Bulk Up|p1b: Annihilape
|-boost|p1b: Annihilape|atk|1
|-boost|p1b: Annihilape|def|1
|move|p2b: Grimmsnarl|Foul Play|p1b: Annihilape
|-damage|p1b: Annihilape|65/100
|
|-weather|SunnyDay|[upkeep]
|-heal|p1b: Annihilape|71/100|[from] item: Leftovers
|upkeep
|turn|5
|
|t:|1782418435
|switch|p2a: Garchomp|Garchomp, L50, F|100/100
|move|p1a: Staraptor|Tailwind|p1a: Staraptor
|-sidestart|p1: CTM_Charion|move: Tailwind
|move|p1b: Annihilape|Rage Fist|p2a: Garchomp
|-damage|p2a: Garchomp|64/100
|-damage|p1b: Annihilape|59/100|[from] ability: Rough Skin|[of] p2a: Garchomp
|move|p2b: Grimmsnarl|Foul Play|p1b: Annihilape
|-damage|p1b: Annihilape|22/100
|
|-weather|none
|-heal|p1b: Annihilape|28/100|[from] item: Leftovers
|upkeep
|turn|6
|
|t:|1782418492
|move|p1b: Annihilape|Protect|p1b: Annihilape
|-singleturn|p1b: Annihilape|Protect
|move|p1a: Staraptor|Close Combat|p2b: Grimmsnarl
|-damage|p2b: Grimmsnarl|0 fnt
|-boost|p1a: Staraptor|def|1
|-boost|p1a: Staraptor|spd|1
|faint|p2b: Grimmsnarl
|move|p2a: Garchomp|Dragon Claw|p1b: Annihilape
|-activate|p1b: Annihilape|move: Protect
|
|-heal|p1b: Annihilape|34/100|[from] item: Leftovers
|upkeep
|
|t:|1782418504
|switch|p2b: Hydreigon|Hydreigon, L50, F|100/100
|turn|7
|
|t:|1782418531
|move|p1a: Staraptor|Close Combat|p2a: Garchomp
|-damage|p2a: Garchomp|34/100
|-boost|p1a: Staraptor|def|1
|-boost|p1a: Staraptor|spd|1
|-damage|p1a: Staraptor|61/100|[from] ability: Rough Skin|[of] p2a: Garchomp
|-enditem|p2a: Garchomp|Sitrus Berry|[eat]
|-heal|p2a: Garchomp|58/100|[from] item: Sitrus Berry
|move|p1b: Annihilape|Drain Punch|p2b: Hydreigon
|-supereffective|p2b: Hydreigon|1
|-damage|p2b: Hydreigon|33/100
|-heal|p1b: Annihilape|62/100|[from] drain|[of] p2b: Hydreigon
|move|p2b: Hydreigon|Heat Wave|p1b: Annihilape|[spread] p1a,p1b
|-damage|p1a: Staraptor|51/100
|-damage|p1b: Annihilape|40/100
|move|p2a: Garchomp|Dragon Claw|p1a: Staraptor
|-damage|p1a: Staraptor|38/100
|
|-heal|p1b: Annihilape|46/100|[from] item: Leftovers
|-sideend|p2: sergiovj|Reflect
|upkeep
|turn|8
|
|t:|1782418571
|switch|p2b: Charizard|Charizard-Mega-Y, L50, M|28/100
|-weather|SunnyDay|[from] ability: Drought|[of] p2b: Charizard
|move|p2a: Garchomp|Protect|p2a: Garchomp
|-singleturn|p2a: Garchomp|Protect
|move|p1a: Staraptor|Close Combat|p2b: Charizard
|-resisted|p2b: Charizard|1
|-damage|p2b: Charizard|0 fnt
|-boost|p1a: Staraptor|def|1
|-boost|p1a: Staraptor|spd|1
|faint|p2b: Charizard
|move|p1b: Annihilape|Rage Fist|p2a: Garchomp
|-activate|p2a: Garchomp|move: Protect
|
|-weather|SunnyDay|[upkeep]
|-heal|p1b: Annihilape|53/100|[from] item: Leftovers
|-sideend|p1: CTM_Charion|move: Tailwind
|upkeep
|
|t:|1782418581
|switch|p2b: Hydreigon|Hydreigon, L50, F|33/100
|turn|9
|
|t:|1782418610
|move|p2b: Hydreigon|Dark Pulse|p1b: Annihilape
|-damage|p1b: Annihilape|12/100
|move|p1a: Staraptor|Close Combat|p2b: Hydreigon
|-supereffective|p2b: Hydreigon|1
|-damage|p2b: Hydreigon|0 fnt
|-boost|p1a: Staraptor|def|1
|-boost|p1a: Staraptor|spd|1
|faint|p2b: Hydreigon
|move|p1b: Annihilape|Rage Fist|p2a: Garchomp
|-damage|p2a: Garchomp|0 fnt
|-damage|p1b: Annihilape|1/100|[from] ability: Rough Skin|[of] p2a: Garchomp
|faint|p2a: Garchomp
|
|win|CTM_Charion
|c|☆sergiovj|GG
||sergiovj is ready for game 2.
|inactive|CTM_Charion has 30 seconds to confirm battle start!
||CTM_Charion is ready for game 2.
|uhtml|next|Next: Game 2 of 3
