|j|☆Pakaan64
|j|☆Ja-Orange
|html|Pakaan64Ja-Orange    
|uhtml|bestof|Game 1 of a best-of-3
|t:|1783278363
|gametype|doubles
|player|p1|Pakaan64|170|1183
|player|p2|Ja-Orange|guzma|1080
|gen|9
|tier|[Gen 9 Champions] VGC 2026 Reg M-B (Bo3)
|rated|
|rule|Species Clause: Limit one of each Pokémon
|rule|Item Clause: Limit 1 of each item
|clearpoke
|poke|p1|Charizard, L50, M|
|poke|p1|Armarouge, L50, M|
|poke|p1|Garchomp, L50, M|
|poke|p1|Aerodactyl, L50, M|
|poke|p1|Kingambit, L50, F, shiny|
|poke|p1|Sylveon, L50, M|
|poke|p2|Gengar, L50, F, shiny|
|poke|p2|Maushold-Four, L50|
|poke|p2|Annihilape, L50, M, shiny|
|poke|p2|Incineroar, L50, F, shiny|
|poke|p2|Hydreigon, L50, F|
|poke|p2|Ninetales-Alola, L50, M|
|teampreview|4
|showteam|p1|Charizard||CharizarditeY|Blaze|HeatWave,WeatherBall,Protect,SolarBeam|Modest||M|||50|]Armarouge||LifeOrb|FlashFire|HeatWave,WideGuard,TrickRoom,Protect|Relaxed||M|||50|]Garchomp||SitrusBerry|RoughSkin|Earthquake,Protect,DragonClaw,StompingTantrum|Adamant||M|||50|]Aerodactyl||Aerodactylite|Unnerve|Protect,Tailwind,RockSlide,DualWingbeat|Jolly||M|||50|]Kingambit||FocusSash|Defiant|SuckerPunch,KowtowCleave,LowKick,IronHead|Adamant||F|||50|]Sylveon||FairyFeather|Pixilate|HyperBeam,HyperVoice,Protect,Moonblast|Modest||M|||50|
|showteam|p2|Gengar||Gengarite|CursedBody|Protect,ShadowBall,PerishSong,Disable|Modest||F|||50|]Maushold-Four||FocusSash|FriendGuard|Protect,FollowMe,BeatUp,Encore|Jolly|||||50|]Annihilape||Leftovers|Defiant|Protect,BulkUp,DrainPunch,RageFist|Jolly||M|||50|]Incineroar||SitrusBerry|Intimidate|FakeOut,FlareBlitz,PartingShot,Protect|Careful||F|||50|]Hydreigon||ChoiceScarf|Levitate|DracoMeteor,DarkPulse,EarthPower,Snarl|Modest||F|||50|]Ninetales-Alola||NeverMeltIce|SnowWarning|Protect,Encore,Blizzard,FreezeDry|Timid||M|||50|
|inactive|Battle timer is ON: inactive players will automatically lose when time's up. (requested by Ja-Orange)
|inactive|Pakaan64 also wants the timer to be on.
|inactive|Pakaan64 has 60 seconds left.
|
|t:|1783278403
|teamsize|p1|4
|teamsize|p2|4
|start
|switch|p1a: Sylveon|Sylveon, L50, M|100/100
|switch|p1b: Aerodactyl|Aerodactyl, L50, M|100/100
|switch|p2a: Incineroar|Incineroar, L50, F, shiny|100/100
|switch|p2b: Gengar|Gengar, L50, F, shiny|100/100
|-ability|p1b: Aerodactyl|Unnerve
|-ability|p2a: Incineroar|Intimidate|boost
|-unboost|p1a: Sylveon|atk|1
|-unboost|p1b: Aerodactyl|atk|1
|turn|1
|
|t:|1783278427
|switch|p1b: Kingambit|Kingambit, L50, F, shiny|100/100
|detailschange|p2b: Gengar|Gengar-Mega, L50, F, shiny
|-mega|p2b: Gengar|Gengar|Gengarite
|move|p2a: Incineroar|Fake Out|p1a: Sylveon
|-damage|p1a: Sylveon|85/100
|move|p2b: Gengar|Perish Song|p2b: Gengar
|-start|p1a: Sylveon|perish3|[silent]
|-start|p1b: Kingambit|perish3|[silent]
|-start|p2a: Incineroar|perish3|[silent]
|-start|p2b: Gengar|perish3|[silent]
|-fieldactivate|move: Perish Song
|cant|p1a: Sylveon|flinch
|
|-start|p2b: Gengar|perish3
|-start|p1a: Sylveon|perish3
|-start|p1b: Kingambit|perish3
|-start|p2a: Incineroar|perish3
|upkeep
|turn|2
|
|t:|1783278444
|move|p2b: Gengar|Protect|p2b: Gengar
|-singleturn|p2b: Gengar|Protect
|move|p2a: Incineroar|Protect|p2a: Incineroar
|-singleturn|p2a: Incineroar|Protect
|move|p1a: Sylveon|Hyper Beam|p2a: Incineroar
|-activate|p2a: Incineroar|move: Protect
|move|p1b: Kingambit|Kowtow Cleave|p2b: Gengar
|-activate|p2b: Gengar|move: Protect
|
|-start|p2b: Gengar|perish2
|-start|p1a: Sylveon|perish2
|-start|p1b: Kingambit|perish2
|-start|p2a: Incineroar|perish2
|upkeep
|turn|3
|inactive|Pakaan64 has 30 seconds left.
|inactive|Pakaan64 has 20 seconds left.
|inactive|Pakaan64 has 15 seconds left.
|inactive|Pakaan64 has 10 seconds left.
|
|t:|1783278494
|switch|p2b: Ninetales|Ninetales-Alola, L50, M|100/100
|-weather|Snowscape|[from] ability: Snow Warning|[of] p2b: Ninetales
|move|p1a: Sylveon|Hyper Beam|p2a: Incineroar
|-damage|p2a: Incineroar|8/100
|-mustrecharge|p1a: Sylveon
|-enditem|p2a: Incineroar|Sitrus Berry|[eat]
|-heal|p2a: Incineroar|33/100|[from] item: Sitrus Berry
|move|p1b: Kingambit|Kowtow Cleave|p2b: Ninetales
|-resisted|p2b: Ninetales|1
|-damage|p2b: Ninetales|75/100
|move|p2a: Incineroar|Parting Shot|p2b: Ninetales
|-unboost|p2b: Ninetales|atk|1
|-unboost|p2b: Ninetales|spa|1
|
|t:|1783278506
|switch|p2a: Gengar|Gengar-Mega, L50, F, shiny|100/100|[from] Parting Shot
|
|-weather|Snowscape|[upkeep]
|-start|p1a: Sylveon|perish1
|-start|p1b: Kingambit|perish1
|upkeep
|turn|4
|
|t:|1783278511
|move|p2b: Ninetales|Protect|p2b: Ninetales
|-singleturn|p2b: Ninetales|Protect
|move|p2a: Gengar|Protect|p2a: Gengar
|-singleturn|p2a: Gengar|Protect
|move|p1b: Kingambit|Sucker Punch||[still]
|-fail|p1b: Kingambit
|cant|p1a: Sylveon|recharge
|
|-weather|Snowscape|[upkeep]
|-start|p1a: Sylveon|perish0
|-start|p1b: Kingambit|perish0
|faint|p1a: Sylveon
|faint|p1b: Kingambit
|upkeep
|
|t:|1783278513
|switch|p1a: Aerodactyl|Aerodactyl, L50, M|100/100
|switch|p1b: Charizard|Charizard, L50, M|100/100
|-ability|p1a: Aerodactyl|Unnerve
|turn|5
|
|t:|1783278526
|switch|p2b: Hydreigon|Hydreigon, L50, F|100/100
|switch|p2a: Incineroar|Incineroar, L50, F, shiny|33/100
|-ability|p2a: Incineroar|Intimidate|boost
|-unboost|p1a: Aerodactyl|atk|1
|-unboost|p1b: Charizard|atk|1
|detailschange|p1b: Charizard|Charizard-Mega-Y, L50, M
|-mega|p1b: Charizard|Charizard|Charizardite Y
|-weather|SunnyDay|[from] ability: Drought|[of] p1b: Charizard
|move|p1a: Aerodactyl|Tailwind|p1a: Aerodactyl
|-sidestart|p1: Pakaan64|move: Tailwind
|move|p1b: Charizard|Weather Ball|p2a: Incineroar
|-resisted|p2a: Incineroar|1
|-damage|p2a: Incineroar|0 fnt
|faint|p2a: Incineroar
|
|-weather|SunnyDay|[upkeep]
|upkeep
|
|t:|1783278543
|switch|p2a: Ninetales|Ninetales-Alola, L50, M|75/100
|-weather|Snowscape|[from] ability: Snow Warning|[of] p2a: Ninetales
|turn|6
|
|t:|1783278566
|move|p2a: Ninetales|Protect|p2a: Ninetales
|-singleturn|p2a: Ninetales|Protect
|move|p1a: Aerodactyl|Rock Slide|p2a: Ninetales|[spread] p2b
|-activate|p2a: Ninetales|move: Protect
|-damage|p2b: Hydreigon|80/100
|move|p1b: Charizard|Weather Ball|p2b: Hydreigon
|-supereffective|p2b: Hydreigon|1
|-damage|p2b: Hydreigon|0 fnt
|faint|p2b: Hydreigon
|
|-weather|Snowscape|[upkeep]
|upkeep
|
|t:|1783278575
|switch|p2b: Gengar|Gengar-Mega, L50, F, shiny|100/100
|turn|7
|
|t:|1783278587
|move|p1a: Aerodactyl|Rock Slide|p2b: Gengar|[spread] p2a,p2b
|-supereffective|p2a: Ninetales|1
|-damage|p2a: Ninetales|40/100
|-damage|p2b: Gengar|82/100
|move|p1b: Charizard|Heat Wave|p2b: Gengar|[spread] p2a,p2b
|-supereffective|p2a: Ninetales|1
|-damage|p2a: Ninetales|0 fnt
|-damage|p2b: Gengar|31/100
|faint|p2a: Ninetales
|move|p2b: Gengar|Shadow Ball|p1b: Charizard
|-damage|p1b: Charizard|59/100
|
|-weather|Snowscape|[upkeep]
|upkeep
|turn|8
|-message|Ja-Orange forfeited.
|
|win|Pakaan64
