|j|☆SlimesandGrimes
|j|☆alvarodaza
|html|SlimesandGrimesalvarodaza    
|uhtml|bestof|Game 1 of a best-of-3
|t:|1783008713
|gametype|doubles
|player|p1|SlimesandGrimes|miku-psychic|1000
|player|p2|alvarodaza|266|1000
|gen|9
|tier|[Gen 9 Champions] VGC 2026 Reg M-B (Bo3)
|rated|
|rule|Species Clause: Limit one of each Pokémon
|rule|Item Clause: Limit 1 of each item
|clearpoke
|poke|p1|Delphox, L50, F|
|poke|p1|Incineroar, L50, M|
|poke|p1|Sinistcha, L50|
|poke|p1|Maushold, L50|
|poke|p1|Blastoise, L50, F|
|poke|p1|Sneasler, L50, M|
|poke|p2|Sceptile, L50, M|
|poke|p2|Rotom-Heat, L50|
|poke|p2|Basculegion, L50, M|
|poke|p2|Aerodactyl, L50, M|
|poke|p2|Garchomp, L50, M|
|poke|p2|Floette-Eternal, L50, F|
|teampreview|4
|showteam|p1|Delphox||Delphoxite|Blaze|Protect,NastyPlot,HeatWave,Psyshock|Modest||F|||50|]Incineroar||PasshoBerry|Intimidate|FlareBlitz,FakeOut,DarkestLariat,PartingShot|Impish||M|||50|]Sinistcha||KasibBerry|Hospitality|Protect,MatchaGotcha,RagePowder,LifeDew|Bold|||||50|]Maushold||FocusSash|FriendGuard|Protect,SuperFang,FollowMe,Feint|Jolly|||||50|]Blastoise||Blastoisinite|RainDish|Protect,ShellSmash,WaterSpout,DarkPulse|Modest||F|||50|]Sneasler||WhiteHerb|Unburden|Protect,FakeOut,GunkShot,CloseCombat|Jolly||M|||50|
|showteam|p2|Sceptile||Sceptilite|Overgrow|GrassKnot,DragonPulse,EarthPower,Detect|Timid||M|||50|]Rotom-Heat||ChoiceScarf|Levitate|Thunderbolt,Overheat,VoltSwitch,Discharge|Timid|||||50|]Basculegion||SitrusBerry|Adaptability|WaveCrash,LastRespects,AquaJet,Protect|Adamant||M|||50|]Aerodactyl||FocusSash|Unnerve|RockSlide,DualWingbeat,Tailwind,WideGuard|Jolly||M|||50|]Garchomp||LifeOrb|RoughSkin|DragonClaw,Earthquake,RockSlide,Protect|Jolly||M|||50|]Floette-Eternal||Floettite|FlowerVeil|Moonblast,DazzlingGleam,LightofRuin,Protect|Timid||F|||50|
|
|t:|1783008771
|teamsize|p1|4
|teamsize|p2|4
|start
|switch|p1a: Incineroar|Incineroar, L50, M|100/100
|switch|p1b: Delphox|Delphox, L50, F|100/100
|switch|p2a: Aerodactyl|Aerodactyl, L50, M|100/100
|switch|p2b: Rotom|Rotom-Heat, L50|100/100
|-ability|p2a: Aerodactyl|Unnerve
|-ability|p1a: Incineroar|Intimidate|boost
|-unboost|p2a: Aerodactyl|atk|1
|-unboost|p2b: Rotom|atk|1
|turn|1
|inactive|Battle timer is ON: inactive players will automatically lose when time's up. (requested by alvarodaza)
|
|t:|1783008794
|detailschange|p1b: Delphox|Delphox-Mega, L50, F
|-mega|p1b: Delphox|Delphox|Delphoxite
|move|p1a: Incineroar|Fake Out|p2a: Aerodactyl
|-resisted|p2a: Aerodactyl|1
|-damage|p2a: Aerodactyl|91/100
|move|p2b: Rotom|Volt Switch|p1b: Delphox
|-damage|p1b: Delphox|72/100
|
|t:|1783008803
|switch|p2b: Garchomp|Garchomp, L50, M|100/100|[from] Volt Switch
|cant|p2a: Aerodactyl|flinch
|move|p1b: Delphox|Nasty Plot|p1b: Delphox
|-boost|p1b: Delphox|spa|2
|
|upkeep
|turn|2
|inactive|SlimesandGrimes has 30 seconds left.
|
|t:|1783008836
|move|p2a: Aerodactyl|Wide Guard|p2a: Aerodactyl
|-singleturn|p2a: Aerodactyl|Wide Guard
|move|p1b: Delphox|Psyshock|p2b: Garchomp
|-damage|p2b: Garchomp|7/100
|move|p2b: Garchomp|Rock Slide|p1b: Delphox|[spread] p1a,p1b
|-supereffective|p1a: Incineroar|1
|-supereffective|p1b: Delphox|1
|-damage|p1a: Incineroar|63/100
|-damage|p1b: Delphox|1/100
|-damage|p2b: Garchomp|0 fnt|[from] item: Life Orb
|faint|p2b: Garchomp
|move|p1a: Incineroar|Parting Shot|p2a: Aerodactyl
|-unboost|p2a: Aerodactyl|atk|1
|-unboost|p2a: Aerodactyl|spa|1
|
|t:|1783008849
|switch|p1a: Sneasler|Sneasler, L50, M|100/100|[from] Parting Shot
|
|upkeep
|
|t:|1783008852
|switch|p2b: Rotom|Rotom-Heat, L50|100/100
|turn|3
|
|t:|1783008874
|move|p1a: Sneasler|Fake Out|p2b: Rotom
|-damage|p2b: Rotom|84/100
|cant|p2b: Rotom|flinch
|move|p2a: Aerodactyl|Tailwind|p2a: Aerodactyl
|-sidestart|p2: alvarodaza|move: Tailwind
|move|p1b: Delphox|Psyshock|p2a: Aerodactyl
|-damage|p2a: Aerodactyl|0 fnt
|faint|p2a: Aerodactyl
|
|upkeep
|
|t:|1783008883
|switch|p2a: Sceptile|Sceptile, L50, M|100/100
|turn|4
|
|t:|1783008892
|detailschange|p2a: Sceptile|Sceptile-Mega, L50, M
|-mega|p2a: Sceptile|Sceptile|Sceptilite
|move|p1b: Delphox|Protect|p1b: Delphox
|-singleturn|p1b: Delphox|Protect
|move|p2b: Rotom|Discharge|p1a: Sneasler|[spread] p1a
|-activate|p1b: Delphox|move: Protect
|-ability|p2a: Sceptile|Lightning Rod|boost
|-boost|p2a: Sceptile|spa|1
|-damage|p1a: Sneasler|68/100
|move|p2a: Sceptile|Earth Power|p1a: Sneasler
|-supereffective|p1a: Sneasler|1
|-crit|p1a: Sneasler
|-damage|p1a: Sneasler|0 fnt
|faint|p1a: Sneasler
|
|upkeep
|
|t:|1783008905
|switch|p1a: Incineroar|Incineroar, L50, M|63/100
|-ability|p1a: Incineroar|Intimidate|boost
|-unboost|p2a: Sceptile|atk|1
|-unboost|p2b: Rotom|atk|1
|turn|5
|
|t:|1783008924
|switch|p1b: Sinistcha|Sinistcha, L50|100/100
|-heal|p1a: Incineroar|88/100|[from] ability: Hospitality|[of] p1b: Sinistcha
|move|p2a: Sceptile|Detect|p2a: Sceptile
|-singleturn|p2a: Sceptile|Protect
|move|p1a: Incineroar|Fake Out|p2a: Sceptile
|-activate|p2a: Sceptile|move: Protect
|move|p2b: Rotom|Discharge|p1a: Incineroar|[spread] p1a,p1b
|-activate|p2a: Sceptile|move: Protect
|-resisted|p1b: Sinistcha|1
|-damage|p1a: Incineroar|61/100
|-damage|p1b: Sinistcha|88/100
|-status|p1a: Incineroar|par
|-status|p1b: Sinistcha|par
|
|upkeep
|turn|6
|inactive|SlimesandGrimes has 30 seconds left.
|inactive|alvarodaza has 30 seconds left.
|
|t:|1783008952
|move|p2b: Rotom|Discharge|p1b: Sinistcha|[spread] p1a,p1b
|-ability|p2a: Sceptile|Lightning Rod|boost
|-boost|p2a: Sceptile|spa|1
|-resisted|p1b: Sinistcha|1
|-damage|p1a: Incineroar|33/100 par
|-damage|p1b: Sinistcha|75/100 par
|move|p2a: Sceptile|Dragon Pulse|p1a: Incineroar
|-damage|p1a: Incineroar|0 fnt
|faint|p1a: Incineroar
|cant|p1b: Sinistcha|par
|
|-sideend|p2: alvarodaza|move: Tailwind
|upkeep
|
|t:|1783008960
|switch|p1a: Delphox|Delphox-Mega, L50, F|1/100
|turn|7
|
|t:|1783008974
|move|p2b: Rotom|Discharge|p1a: Delphox|[spread] p1a,p1b
|-ability|p2a: Sceptile|Lightning Rod|boost
|-boost|p2a: Sceptile|spa|1
|-resisted|p1b: Sinistcha|1
|-damage|p1a: Delphox|0 fnt
|-damage|p1b: Sinistcha|62/100 par
|faint|p1a: Delphox
|move|p2a: Sceptile|Dragon Pulse|p1b: Sinistcha
|-damage|p1b: Sinistcha|0 fnt
|faint|p1b: Sinistcha
|
|win|alvarodaza
