|j|☆new mental
|j|☆raksbach
|html|new mentalraksbach    
|uhtml|bestof|Game 3 of a best-of-3
|t:|1785940447
|gametype|doubles
|player|p1|new mental|volkner|
|player|p2|raksbach|doubleteam|
|gen|9
|tier|[Gen 9 Champions] VGC 2026 Reg M-B (Bo3)
|rule|Species Clause: Limit one of each Pokémon
|rule|Item Clause: Limit 1 of each item
|clearpoke
|poke|p1|Charizard, L50, M|
|poke|p1|Garchomp, L50, M|
|poke|p1|Incineroar, L50, F|
|poke|p1|Venusaur, L50, M|
|poke|p1|Toxapex, L50, M|
|poke|p1|Sylveon, L50, F|
|poke|p2|Glimmora, L50, M|
|poke|p2|Kommo-o, L50, M|
|poke|p2|Ninetales-Alola, L50, F|
|poke|p2|Basculegion, L50, M|
|poke|p2|Whimsicott, L50, M|
|poke|p2|Kingambit, L50, M|
|teampreview|4
|showteam|p1|Charizard||CharizarditeY|Blaze|WeatherBall,HeatWave,AncientPower,Protect|Modest||M|||50|]Garchomp||ChoiceScarf|RoughSkin|RockSlide,DragonClaw,Earthquake,StompingTantrum|Adamant||M|||50|]Incineroar||SitrusBerry|Intimidate|FlareBlitz,FakeOut,DarkestLariat,PartingShot|Impish||F|||50|]Venusaur||LifeOrb|Chlorophyll|SludgeBomb,LeafStorm,EarthPower,Protect|Modest||M|||50|]Toxapex||Leftovers|Regenerator|Infestation,Toxic,WideGuard,BanefulBunker|Bold||M|||50|]Sylveon||FairyFeather|Pixilate|HyperVoice,QuickAttack,Yawn,Detect|Modest||F|||50|
|showteam|p2|Glimmora||Glimmoranite|ToxicDebris|EarthPower,SludgeBomb,PowerGem,SpikyShield|Modest||M|||50|]Kommo-o||LifeOrb|Overcoat|AuraSphere,ClangingScales,VacuumWave,Protect|Modest||M|||50|]Ninetales-Alola||NeverMeltIce|SnowWarning|Blizzard,FreezeDry,Encore,Protect|Timid||F|||50|]Basculegion||ChoiceScarf|Adaptability|LastRespects,WaveCrash,AquaJet,FlipTurn|Jolly||M|||50|]Whimsicott||FocusSash|Prankster|Moonblast,Encore,Tailwind,Protect|Timid||M|||50|]Kingambit||ChopleBerry|Defiant|IronHead,SuckerPunch,KowtowCleave,LowKick|Adamant||M|||50|
|inactive|Battle timer is ON: inactive players will automatically lose when time's up. (requested by raksbach)
|inactive|raksbach has 60 seconds left.
|inactiveoff|Battle timer is now OFF.
|
|t:|1785940538
|teamsize|p1|4
|teamsize|p2|4
|start
|switch|p1a: Charizard|Charizard, L50, M|100/100
|switch|p1b: Venusaur|Venusaur, L50, M|100/100
|switch|p2a: Glimmora|Glimmora, L50, M|100/100
|switch|p2b: Kommo-o|Kommo-o, L50, M|100/100
|turn|1
|
|t:|1785940547
|detailschange|p1a: Charizard|Charizard-Mega-Y, L50, M
|-mega|p1a: Charizard|Charizard|Charizardite Y
|-weather|SunnyDay|[from] ability: Drought|[of] p1a: Charizard
|detailschange|p2a: Glimmora|Glimmora-Mega, L50, M
|-mega|p2a: Glimmora|Glimmora|Glimmoranite
|move|p2a: Glimmora|Spiky Shield|p2a: Glimmora
|-singleturn|p2a: Glimmora|move: Protect
|move|p1b: Venusaur|Earth Power|p2a: Glimmora
|-activate|p2a: Glimmora|move: Protect
|move|p1a: Charizard|Heat Wave|p2b: Kommo-o|[spread] 
|-activate|p2a: Glimmora|move: Protect
|-miss|p1a: Charizard|p2b: Kommo-o
|move|p2b: Kommo-o|Clanging Scales|p1a: Charizard|[spread] p1a,p1b
|-damage|p1a: Charizard|51/100
|-damage|p1b: Venusaur|47/100
|-unboost|p2b: Kommo-o|def|1
|-damage|p2b: Kommo-o|90/100|[from] item: Life Orb
|
|-weather|SunnyDay|[upkeep]
|upkeep
|turn|2
|
|t:|1785940572
|switch|p2a: Ninetales|Ninetales-Alola, L50, F|100/100
|-weather|Snowscape|[from] ability: Snow Warning|[of] p2a: Ninetales
|move|p1a: Charizard|Heat Wave|p2b: Kommo-o|[spread] p2a,p2b
|-supereffective|p2a: Ninetales|1
|-resisted|p2b: Kommo-o|1
|-damage|p2a: Ninetales|9/100
|-damage|p2b: Kommo-o|69/100
|move|p2b: Kommo-o|Clanging Scales|p1a: Charizard|[spread] p1a,p1b
|-damage|p1a: Charizard|1/100
|-damage|p1b: Venusaur|0 fnt
|faint|p1b: Venusaur
|-unboost|p2b: Kommo-o|def|1
|-damage|p2b: Kommo-o|60/100|[from] item: Life Orb
|
|-weather|Snowscape|[upkeep]
|upkeep
|
|t:|1785940584
|switch|p1b: Garchomp|Garchomp, L50, M|100/100
|turn|3
|
|t:|1785940604
|move|p2a: Ninetales|Protect|p2a: Ninetales
|-singleturn|p2a: Ninetales|Protect
|move|p2b: Kommo-o|Protect|p2b: Kommo-o
|-singleturn|p2b: Kommo-o|Protect
|move|p1b: Garchomp|Earthquake|p2b: Kommo-o|[spread] 
|-activate|p2a: Ninetales|move: Protect
|-activate|p2b: Kommo-o|move: Protect
|-immune|p1a: Charizard
|move|p1a: Charizard|Heat Wave|p2a: Ninetales|[spread] 
|-activate|p2a: Ninetales|move: Protect
|-activate|p2b: Kommo-o|move: Protect
|
|-weather|Snowscape|[upkeep]
|upkeep
|turn|4
|
|t:|1785940615
|move|p1b: Garchomp|Earthquake|p2b: Kommo-o|[spread] p2a,p2b
|-immune|p1a: Charizard
|-damage|p2a: Ninetales|0 fnt
|-damage|p2b: Kommo-o|0 fnt
|faint|p2a: Ninetales
|faint|p2b: Kommo-o
|move|p1a: Charizard|Heat Wave|p2: Ninetales|[notarget]
|-fail|p1a: Charizard
|
|-weather|Snowscape|[upkeep]
|upkeep
|
|t:|1785940617
|switch|p2a: Glimmora|Glimmora-Mega, L50, M|100/100
|switch|p2b: Basculegion|Basculegion, L50, M|100/100
|turn|5
|
|t:|1785940630
|switch|p1b: Incineroar|Incineroar, L50, F|100/100
|-ability|p1b: Incineroar|Intimidate|boost
|-unboost|p2a: Glimmora|atk|1
|-unboost|p2b: Basculegion|atk|1
|move|p2a: Glimmora|Spiky Shield|p2a: Glimmora
|-singleturn|p2a: Glimmora|move: Protect
|move|p1a: Charizard|Protect|p1a: Charizard
|-singleturn|p1a: Charizard|Protect
|move|p2b: Basculegion|Wave Crash|p1b: Incineroar
|-supereffective|p1b: Incineroar|1
|-damage|p1b: Incineroar|28/100
|-enditem|p1b: Incineroar|Sitrus Berry|[eat]
|-heal|p1b: Incineroar|53/100|[from] item: Sitrus Berry
|-damage|p2b: Basculegion|75/100|[from] Recoil
|
|-weather|Snowscape|[upkeep]
|upkeep
|turn|6
|
|t:|1785940649
|move|p2b: Basculegion|Wave Crash|p1b: Incineroar
|-supereffective|p1b: Incineroar|1
|-crit|p1b: Incineroar
|-damage|p1b: Incineroar|0 fnt
|faint|p1b: Incineroar
|-damage|p2b: Basculegion|56/100|[from] Recoil
|move|p2a: Glimmora|Power Gem|p1a: Charizard
|-supereffective|p1a: Charizard|2
|-damage|p1a: Charizard|0 fnt
|faint|p1a: Charizard
|
|-weather|none
|upkeep
|
|t:|1785940652
|switch|p1b: Garchomp|Garchomp, L50, M|100/100
|turn|7
|
|t:|1785940664
|move|p1b: Garchomp|Earthquake|p2b: Basculegion|[spread] p2a,p2b
|-supereffective|p2a: Glimmora|2
|-damage|p2a: Glimmora|0 fnt
|-damage|p2b: Basculegion|6/100
|faint|p2a: Glimmora
|move|p2b: Basculegion|Wave Crash|p1b: Garchomp
|-damage|p1b: Garchomp|50/100g
|-damage|p2b: Basculegion|0 fnt|[from] ability: Rough Skin|[of] p1b: Garchomp
|faint|p2b: Basculegion
|
|win|new mental
