|j|☆Manitarenios ht
|j|☆Staryu14
|html|Manitarenios htStaryu14    
|uhtml|bestof|Game 2 of a best-of-3
|t:|1756334436
|gametype|doubles
|player|p1|Manitarenios ht|ghetsis-gen5bw|1116
|player|p2|Staryu14|matt|1190
|gen|9
|tier|[Gen 9] VGC 2025 Reg H (Bo3)
|rated|
|rule|Species Clause: Limit one of each Pokémon
|rule|Item Clause: Limit 1 of each item
|clearpoke
|poke|p1|Talonflame, L50, M|
|poke|p1|Sneasler, L50, F|
|poke|p1|Indeedee, L50, M|
|poke|p1|Ursaluna-Bloodmoon, L50, M|
|poke|p1|Electabuzz, L50, M|
|poke|p1|Incineroar, L50, F|
|poke|p2|Archaludon, L50, F|
|poke|p2|Pelipper, L50, M|
|poke|p2|Basculegion, L50, M|
|poke|p2|Incineroar, L50, M|
|poke|p2|Toxicroak, L50, M|
|poke|p2|Amoonguss, L50, M|
|teampreview|4
|showteam|p1|Talonflame||CovertCloak|GaleWings|FlareBlitz,SunnyDay,DualWingbeat,Tailwind|||M|||50|,,,,,Fairy]Sneasler||PsychicSeed|Unburden|CloseCombat,DireClaw,ThroatChop,Protect|||F|||50|,,,,,Dark]Indeedee||FocusSash|PsychicSurge|ExpandingForce,TrickRoom,HelpingHand,Protect|||M|||50|,,,,,Psychic]Ursaluna-Bloodmoon||LifeOrb|MindsEye|BloodMoon,HyperVoice,EarthPower,Protect|||M|||50|,,,,,Normal]Electabuzz||Eviolite|VitalSpirit|Electroweb,FollowMe,Taunt,Protect|||M|||50|,,,,,Dragon]Incineroar||SafetyGoggles|Intimidate|FlareBlitz,KnockOff,PartingShot,FakeOut|||F|||50|,,,,,Ghost
|showteam|p2|Archaludon||AssaultVest|Stamina|ElectroShot,Snarl,DragonPulse,BodyPress|||F|||50|,,,,,Grass]Pelipper||FocusSash|Drizzle|WeatherBall,Hurricane,Protect,Tailwind|||M|||50|,,,,,Stellar]Basculegion||MysticWater|SwiftSwim|AquaJet,WaveCrash,Protect,LastRespects|||M|||50|,,,,,Water]Incineroar||SafetyGoggles|Intimidate|FakeOut,FlareBlitz,KnockOff,PartingShot|||M|||50|,,,,,Ghost]Toxicroak||LifeOrb|DrySkin|FakeOut,CloseCombat,PoisonJab,SuckerPunch|||M|||50|,,,,,Dark]Amoonguss||CovertCloak|Regenerator|Protect,RagePowder,PollenPuff,Spore|||M|||50|,,,,,Fairy
|inactive|Battle timer is ON: inactive players will automatically lose when time's up. (requested by Manitarenios ht)
|
|t:|1756334455
|teamsize|p1|4
|teamsize|p2|4
|start
|switch|p1a: Electabuzz|Electabuzz, L50, M|100/100
|switch|p1b: Indeedee|Indeedee, L50, M|100/100
|switch|p2a: Archaludon|Archaludon, L50, F|100/100
|switch|p2b: Basculegion|Basculegion, L50, M|100/100
|-fieldstart|move: Psychic Terrain|[from] ability: Psychic Surge|[of] p1b: Indeedee
|turn|1
|
|t:|1756334475
|-terastallize|p1b: Indeedee|Psychic
|move|p2b: Basculegion|Protect|p2b: Basculegion
|-singleturn|p2b: Basculegion|Protect
|move|p1a: Electabuzz|Electroweb|p2a: Archaludon|[spread] p2a
|-activate|p2b: Basculegion|move: Protect
|-resisted|p2a: Archaludon
|-damage|p2a: Archaludon|96/100
|-unboost|p2a: Archaludon|spe|1
|-ability|p2a: Archaludon|Stamina|boost
|-boost|p2a: Archaludon|def|1
|move|p1b: Indeedee|Expanding Force|p2b: Basculegion|[spread] p2a
|-activate|p2b: Basculegion|move: Protect
|-resisted|p2a: Archaludon
|-damage|p2a: Archaludon|72/100
|-ability|p2a: Archaludon|Stamina|boost
|-boost|p2a: Archaludon|def|1
|move|p2a: Archaludon|Snarl|p1a: Electabuzz|[spread] p1a,p1b
|-supereffective|p1b: Indeedee
|-damage|p1a: Electabuzz|89/100
|-damage|p1b: Indeedee|65/100
|-unboost|p1a: Electabuzz|spa|1
|-unboost|p1b: Indeedee|spa|1
|
|upkeep
|turn|2
|inactive|Staryu14 has 30 seconds left.
|inactive|Staryu14 has 20 seconds left.
|inactive|Staryu14 has 15 seconds left.
|inactive|Staryu14 has 10 seconds left.
|
|t:|1756334523
|switch|p2b: Incineroar|Incineroar, L50, M|100/100
|-ability|p2b: Incineroar|Intimidate|boost
|-unboost|p1a: Electabuzz|atk|1
|-unboost|p1b: Indeedee|atk|1
|move|p1a: Electabuzz|Electroweb|p2a: Archaludon|[spread] p2b
|-miss|p1a: Electabuzz|p2a: Archaludon
|-damage|p2b: Incineroar|93/100
|-unboost|p2b: Incineroar|spe|1
|move|p1b: Indeedee|Expanding Force|p2a: Archaludon|[spread] p2a
|-immune|p2b: Incineroar
|-resisted|p2a: Archaludon
|-damage|p2a: Archaludon|57/100
|-ability|p2a: Archaludon|Stamina|boost
|-boost|p2a: Archaludon|def|1
|move|p2a: Archaludon|Snarl|p1b: Indeedee|[spread] p1a,p1b
|-supereffective|p1b: Indeedee
|-damage|p1a: Electabuzz|77/100
|-damage|p1b: Indeedee|30/100
|-unboost|p1a: Electabuzz|spa|1
|-unboost|p1b: Indeedee|spa|1
|
|upkeep
|turn|3
|inactive|Manitarenios ht has 30 seconds left.
|inactive|Manitarenios ht has 20 seconds left.
|
|t:|1756334559
|move|p1a: Electabuzz|Protect|p1a: Electabuzz
|-singleturn|p1a: Electabuzz|Protect
|move|p1b: Indeedee|Expanding Force|p2a: Archaludon|[spread] p2a
|-immune|p2b: Incineroar
|-resisted|p2a: Archaludon
|-damage|p2a: Archaludon|45/100
|-ability|p2a: Archaludon|Stamina|boost
|-boost|p2a: Archaludon|def|1
|move|p2a: Archaludon|Body Press|p1a: Electabuzz
|-activate|p1a: Electabuzz|move: Protect
|move|p2b: Incineroar|Parting Shot|p1a: Electabuzz
|-activate|p1a: Electabuzz|move: Protect
|
|upkeep
|turn|4
|inactive|Staryu14 has 30 seconds left.
|
|t:|1756334591
|move|p1a: Electabuzz|Follow Me|p1a: Electabuzz
|-singleturn|p1a: Electabuzz|move: Follow Me
|move|p1b: Indeedee|Expanding Force|p2b: Incineroar|[spread] p2a
|-immune|p2b: Incineroar
|-resisted|p2a: Archaludon
|-damage|p2a: Archaludon|34/100
|-ability|p2a: Archaludon|Stamina|boost
|-boost|p2a: Archaludon|def|1
|move|p2a: Archaludon|Body Press|p1a: Electabuzz
|-damage|p1a: Electabuzz|0 fnt
|faint|p1a: Electabuzz
|move|p2b: Incineroar|Parting Shot|p1b: Indeedee
|-unboost|p1b: Indeedee|atk|1
|-unboost|p1b: Indeedee|spa|1
|
|t:|1756334599
|switch|p2b: Basculegion|Basculegion, L50, M|100/100|[from] Parting Shot
|
|upkeep
|
|t:|1756334610
|switch|p1a: Ursaluna|Ursaluna-Bloodmoon, L50, M|100/100
|turn|5
|inactive|Staryu14 has 30 seconds left.
|
|t:|1756334637
|switch|p2a: Pelipper|Pelipper, L50, M|100/100
|-weather|RainDance|[from] ability: Drizzle|[of] p2a: Pelipper
|move|p1a: Ursaluna|Protect|p1a: Ursaluna
|-singleturn|p1a: Ursaluna|Protect
|move|p2b: Basculegion|Wave Crash|p1a: Ursaluna
|-activate|p1a: Ursaluna|move: Protect
|move|p1b: Indeedee|Expanding Force|p2b: Basculegion|[spread] p2a,p2b
|-damage|p2a: Pelipper|53/100
|-damage|p2b: Basculegion|70/100
|
|-weather|RainDance|[upkeep]
|-fieldend|move: Psychic Terrain
|upkeep
|turn|6
|
|t:|1756334657
|-terastallize|p2a: Pelipper|Stellar
|move|p1b: Indeedee|Helping Hand|p1a: Ursaluna
|-singleturn|p1a: Ursaluna|Helping Hand|[of] p1b: Indeedee
|move|p2b: Basculegion|Wave Crash|p1b: Indeedee
|-damage|p1b: Indeedee|0 fnt
|faint|p1b: Indeedee
|-damage|p2b: Basculegion|64/100|[from] Recoil
|move|p2a: Pelipper|Weather Ball|p1a: Ursaluna
|-supereffective|p1a: Ursaluna
|-damage|p1a: Ursaluna|0 fnt
|faint|p1a: Ursaluna
|
|-weather|RainDance|[upkeep]
|upkeep
|
|t:|1756334681
|switch|p1a: Sneasler|Sneasler, L50, F|100/100
|turn|7
|-message|Manitarenios ht forfeited.
|
|win|Staryu14
|raw|Manitarenios ht's rating: 1116 → 1096(-20 for losing)
|raw|Staryu14's rating: 1190 → 1210(+20 for winning)
|l|☆Manitarenios ht
|player|p1|
