|j|☆LOArmarouge
|j|‽parsley<3
|html|LOArmarougeparsley<3    
|uhtml|bestof|Game 3 of a best-of-3
|t:|1756860926
|gametype|doubles
|player|p1|LOArmarouge|265|1282
|player|p2|parsley<3|lacey|1298
|gen|9
|tier|[Gen 9] VGC 2025 Reg H (Bo3)
|rated|
|rule|Species Clause: Limit one of each Pokémon
|rule|Item Clause: Limit 1 of each item
|clearpoke
|poke|p1|Annihilape, L50, M|
|poke|p1|Maushold, L50|
|poke|p1|Ursaluna-Bloodmoon, L50, M|
|poke|p1|Gholdengo, L50|
|poke|p1|Rillaboom, L50, F|
|poke|p1|Dragonite, L50, F|
|poke|p2|Maushold, L50|
|poke|p2|Annihilape, L50, F|
|poke|p2|Gholdengo, L50|
|poke|p2|Ursaluna-Bloodmoon, L50, M|
|poke|p2|Dragonite, L50, F|
|poke|p2|Sneasler, L50, M|
|teampreview|4
|showteam|p1|Annihilape||SitrusBerry|Defiant|DrainPunch,RageFist,BulkUp,Protect|||M|||50|,,,,,Fire]Maushold||FocusSash|FriendGuard|BeatUp,FollowMe,SuperFang,Protect||||||50|,,,,,Ghost]Ursaluna-Bloodmoon||AssaultVest|MindsEye|BloodMoon,EarthPower,HyperVoice,VacuumWave|||M|||50|,,,,,Water]Gholdengo||LifeOrb|GoodasGold|MakeItRain,ShadowBall,NastyPlot,Protect||||||50|,,,,,Dragon]Rillaboom||MiracleSeed|GrassySurge|GrassyGlide,FakeOut,WoodHammer,HighHorsepower|||F|||50|,,,,,Fire]Dragonite||LoadedDice|Multiscale|ScaleShot,Tailwind,Haze,Protect|||F|||50|,,,,,Fairy
|showteam|p2|Maushold||SafetyGoggles|FriendGuard|SuperFang,BeatUp,Protect,FollowMe||||||50|,,,,,Ghost]Annihilape||SitrusBerry|Defiant|RageFist,CloseCombat,Protect,FinalGambit|||F|||50|,,,,,Fire]Gholdengo||LifeOrb|GoodasGold|MakeItRain,ShadowBall,Protect,NastyPlot||||||50|,,,,,Water]Ursaluna-Bloodmoon||AssaultVest|MindsEye|HyperVoice,BloodMoon,EarthPower,VacuumWave|||M|||50|,,,,,Ghost]Dragonite||LoadedDice|Multiscale|ScaleShot,Tailwind,Protect,Haze|||F|||50|,,,,,Fairy]Sneasler||FocusSash|Unburden|DireClaw,CloseCombat,Protect,ThroatChop|||M|||50|,,,,,Stellar
|j| Hockeystick7
|j| atxflyer
|
|t:|1756860937
|teamsize|p1|4
|teamsize|p2|4
|start
|switch|p1a: Dragonite|Dragonite, L50, F|100/100
|switch|p1b: Annihilape|Annihilape, L50, M|100/100
|switch|p2a: Gholdengo|Gholdengo, L50|100/100
|switch|p2b: Maushold|Maushold, L50|100/100
|turn|1
|
|t:|1756860958
|-terastallize|p2a: Gholdengo|Water
|move|p1b: Annihilape|Protect|p1b: Annihilape
|-singleturn|p1b: Annihilape|Protect
|move|p2b: Maushold|Super Fang|p1a: Dragonite
|-damage|p1a: Dragonite|51/100
|move|p2a: Gholdengo|Make It Rain|p1b: Annihilape|[spread] p1a
|-activate|p1b: Annihilape|move: Protect
|-crit|p1a: Dragonite
|-damage|p1a: Dragonite|0 fnt
|-unboost|p2a: Gholdengo|spa|1
|faint|p1a: Dragonite
|-damage|p2a: Gholdengo|91/100|[from] item: Life Orb
|
|upkeep
|
|t:|1756860965
|switch|p1a: Rillaboom|Rillaboom, L50, F|100/100
|-fieldstart|move: Grassy Terrain|[from] ability: Grassy Surge|[of] p1a: Rillaboom
|turn|2
|
|t:|1756860990
|move|p2b: Maushold|Protect|p2b: Maushold
|-singleturn|p2b: Maushold|Protect
|move|p1a: Rillaboom|Fake Out|p2b: Maushold
|-activate|p2b: Maushold|move: Protect
|move|p1b: Annihilape|Bulk Up|p1b: Annihilape
|-boost|p1b: Annihilape|atk|1
|-boost|p1b: Annihilape|def|1
|move|p2a: Gholdengo|Nasty Plot|p2a: Gholdengo
|-boost|p2a: Gholdengo|spa|2
|
|-heal|p2a: Gholdengo|97/100|[from] Grassy Terrain
|upkeep
|turn|3
|
|t:|1756861014
|-terastallize|p1b: Annihilape|Fire
|move|p1a: Rillaboom|Grassy Glide|p2b: Maushold
|-damage|p2b: Maushold|39/100
|move|p2b: Maushold|Super Fang|p1a: Rillaboom
|-damage|p1a: Rillaboom|50/100
|move|p1b: Annihilape|Drain Punch|p2b: Maushold
|-supereffective|p2b: Maushold
|-damage|p2b: Maushold|0 fnt
|faint|p2b: Maushold
|move|p2a: Gholdengo|Shadow Ball|p1a: Rillaboom
|-damage|p1a: Rillaboom|0 fnt
|faint|p1a: Rillaboom
|-damage|p2a: Gholdengo|87/100|[from] item: Life Orb
|
|-heal|p2a: Gholdengo|93/100|[from] Grassy Terrain
|upkeep
|
|t:|1756861037
|switch|p2b: Sneasler|Sneasler, L50, M|100/100
|switch|p1a: Ursaluna|Ursaluna-Bloodmoon, L50, M|100/100
|turn|4
|
|t:|1756861054
|move|p1a: Ursaluna|Vacuum Wave|p2a: Gholdengo
|-damage|p2a: Gholdengo|78/100
|move|p2b: Sneasler|Close Combat|p1a: Ursaluna
|-supereffective|p1a: Ursaluna
|-damage|p1a: Ursaluna|2/100
|-unboost|p2b: Sneasler|def|1
|-unboost|p2b: Sneasler|spd|1
|move|p1b: Annihilape|Drain Punch|p2a: Gholdengo
|-damage|p2a: Gholdengo|28/100
|move|p2a: Gholdengo|Make It Rain|p1b: Annihilape|[spread] p1a,p1b
|-resisted|p1b: Annihilape
|-damage|p1a: Ursaluna|0 fnt
|-damage|p1b: Annihilape|56/100
|-unboost|p2a: Gholdengo|spa|1
|faint|p1a: Ursaluna
|-damage|p2a: Gholdengo|19/100|[from] item: Life Orb
|
|-heal|p1b: Annihilape|62/100|[from] Grassy Terrain
|-heal|p2a: Gholdengo|25/100|[from] Grassy Terrain
|upkeep
|turn|5
|
|t:|1756861071
|move|p2b: Sneasler|Dire Claw|p1b: Annihilape
|-damage|p1b: Annihilape|28/100
|-status|p1b: Annihilape|psn
|-enditem|p1b: Annihilape|Sitrus Berry|[eat]
|-heal|p1b: Annihilape|52/100 psn|[from] item: Sitrus Berry
|move|p1b: Annihilape|Drain Punch|p2b: Sneasler
|-resisted|p2b: Sneasler
|-damage|p2b: Sneasler|42/100
|-heal|p1b: Annihilape|75/100 psn|[from] drain|[of] p2b: Sneasler
|move|p2a: Gholdengo|Shadow Ball|p1b: Annihilape
|-damage|p1b: Annihilape|23/100 psn
|-unboost|p1b: Annihilape|spd|1
|-ability|p1b: Annihilape|Defiant|boost
|-boost|p1b: Annihilape|atk|2
|-damage|p2a: Gholdengo|15/100|[from] item: Life Orb
|
|-heal|p2b: Sneasler|48/100|[from] Grassy Terrain
|-heal|p1b: Annihilape|29/100 psn|[from] Grassy Terrain
|-heal|p2a: Gholdengo|21/100|[from] Grassy Terrain
|-damage|p1b: Annihilape|16/100 psn|[from] psn
|upkeep
|turn|6
|
|t:|1756861092
|move|p2b: Sneasler|Protect|p2b: Sneasler
|-singleturn|p2b: Sneasler|Protect
|move|p2a: Gholdengo|Protect|p2a: Gholdengo
|-singleturn|p2a: Gholdengo|Protect
|move|p1b: Annihilape|Drain Punch|p2b: Sneasler
|-activate|p2b: Sneasler|move: Protect
|
|-heal|p2b: Sneasler|54/100|[from] Grassy Terrain
|-heal|p1b: Annihilape|22/100 psn|[from] Grassy Terrain
|-heal|p2a: Gholdengo|27/100|[from] Grassy Terrain
|-damage|p1b: Annihilape|10/100 psn|[from] psn
|-fieldend|move: Grassy Terrain
|upkeep
|turn|7
|l| atxflyer
|
|t:|1756861107
|move|p2b: Sneasler|Dire Claw|p1b: Annihilape
|-damage|p1b: Annihilape|0 fnt
|faint|p1b: Annihilape
|
|win|parsley<3
|raw|LOArmarouge's rating: 1282 → 1258(-24 for losing)
|raw|parsley<3's rating: 1298 → 1322(+24 for winning)
