|j|☆GholdengoMerchant7
|j|☆albertomoralo15
|html|GholdengoMerchant7albertomoralo15    
|uhtml|bestof|Game 2 of a best-of-3
|t:|1782757090
|gametype|doubles
|player|p1|GholdengoMerchant7|nate|1283
|player|p2|albertomoralo15|benga|1345
|gen|9
|tier|[Gen 9 Champions] VGC 2026 Reg M-B (Bo3)
|rated|
|rule|Species Clause: Limit one of each Pokémon
|rule|Item Clause: Limit 1 of each item
|clearpoke
|poke|p1|Blastoise, L50, F|
|poke|p1|Delphox, L50, M|
|poke|p1|Sneasler, L50, M|
|poke|p1|Incineroar, L50, F|
|poke|p1|Kingambit, L50, M|
|poke|p1|Sinistcha, L50|
|poke|p2|Garchomp, L50, M|
|poke|p2|Floette-Eternal, L50, F|
|poke|p2|Charizard, L50, M|
|poke|p2|Whimsicott, L50, F|
|poke|p2|Kingambit, L50, M|
|poke|p2|Basculegion, L50, M|
|teampreview|4
|showteam|p1|Blastoise||Blastoisinite|RainDish|WaterSpout,DarkPulse,ShellSmash,Protect|Modest||F|||50|]Delphox||Delphoxite|Blaze|HeatWave,Psyshock,NastyPlot,Protect|Timid||M|||50|]Sneasler||FocusSash|PoisonTouch|FakeOut,CloseCombat,DireClaw,QuickGuard|Jolly||M|||50|]Incineroar||SitrusBerry|Intimidate|FakeOut,FlareBlitz,PartingShot,HelpingHand|Impish||F|||50|]Kingambit||BlackGlasses|Defiant|KowtowCleave,SuckerPunch,SwordsDance,Protect|Adamant||M|||50|]Sinistcha||OccaBerry|Hospitality|MatchaGotcha,RagePowder,TrickRoom,Protect|Bold|||||50|
|showteam|p2|Garchomp||LifeOrb|RoughSkin|Protect,DragonClaw,Earthquake,RockSlide|Jolly||M|||50|]Floette-Eternal||Floettite|FlowerVeil|Protect,DazzlingGleam,Moonblast,LightofRuin|Timid||F|||50|]Charizard||CharizarditeY|Blaze|Protect,HeatWave,WeatherBall,SolarBeam|Modest||M|||50|]Whimsicott||FocusSash|Prankster|Protect,Tailwind,Encore,Moonblast|Timid||F|||50|]Kingambit||ChopleBerry|Defiant|BrickBreak,SuckerPunch,KowtowCleave,IronHead|Adamant||M|||50|]Basculegion||MysticWater|Adaptability|Protect,WaveCrash,LastRespects,AquaJet|Adamant||M|||50|
|inactive|Battle timer is ON: inactive players will automatically lose when time's up. (requested by GholdengoMerchant7)
|
|t:|1782757110
|teamsize|p1|4
|teamsize|p2|4
|start
|switch|p1a: Delphox|Delphox, L50, M|100/100
|switch|p1b: Sneasler|Sneasler, L50, M|100/100
|switch|p2a: Basculegion|Basculegion, L50, M|100/100
|switch|p2b: Kingambit|Kingambit, L50, M|100/100
|turn|1
|
|t:|1782757133
|switch|p1b: Kingambit|Kingambit, L50, M|100/100
|detailschange|p1a: Delphox|Delphox-Mega, L50, M
|-mega|p1a: Delphox|Delphox|Delphoxite
|move|p1a: Delphox|Protect|p1a: Delphox
|-singleturn|p1a: Delphox|Protect
|move|p2a: Basculegion|Wave Crash|p1a: Delphox
|-activate|p1a: Delphox|move: Protect
|move|p2b: Kingambit|Iron Head|p1b: Kingambit
|-resisted|p1b: Kingambit|1
|-damage|p1b: Kingambit|82/100
|
|upkeep
|turn|2
|
|t:|1782757158
|switch|p1a: Incineroar|Incineroar, L50, F|100/100
|-ability|p1a: Incineroar|Intimidate|boost
|-unboost|p2a: Basculegion|atk|1
|-unboost|p2b: Kingambit|atk|1
|-ability|p2b: Kingambit|Defiant|boost
|-boost|p2b: Kingambit|atk|2
|switch|p2a: Whimsicott|Whimsicott, L50, F|100/100
|move|p1b: Kingambit|Protect|p1b: Kingambit
|-singleturn|p1b: Kingambit|Protect
|move|p2b: Kingambit|Brick Break|p1b: Kingambit
|-activate|p1b: Kingambit|move: Protect
|
|upkeep
|turn|3
|inactive|albertomoralo15 has 30 seconds left.
|
|t:|1782757189
|move|p1a: Incineroar|Fake Out|p2b: Kingambit
|-resisted|p2b: Kingambit|1
|-damage|p2b: Kingambit|95/100
|move|p2a: Whimsicott|Moonblast|p1b: Kingambit
|-damage|p1b: Kingambit|49/100
|cant|p2b: Kingambit|flinch
|move|p1b: Kingambit|Kowtow Cleave|p2a: Whimsicott
|-resisted|p2a: Whimsicott|1
|-damage|p2a: Whimsicott|55/100
|
|upkeep
|turn|4
|
|t:|1782757206
|move|p2a: Whimsicott|Tailwind|p2a: Whimsicott
|-sidestart|p2: albertomoralo15|move: Tailwind
|move|p1b: Kingambit|Sucker Punch|p2b: Kingambit
|-resisted|p2b: Kingambit|1
|-damage|p2b: Kingambit|76/100
|move|p2b: Kingambit|Brick Break|p1a: Incineroar
|-supereffective|p1a: Incineroar|1
|-crit|p1a: Incineroar
|-damage|p1a: Incineroar|0 fnt
|faint|p1a: Incineroar
|
|upkeep
|
|t:|1782757215
|switch|p1a: Sneasler|Sneasler, L50, M|100/100
|turn|5
|
|t:|1782757226
|move|p2b: Kingambit|Sucker Punch|p1a: Sneasler
|-resisted|p1a: Sneasler|1
|-damage|p1a: Sneasler|47/100
|move|p2a: Whimsicott|Moonblast|p1a: Sneasler
|-damage|p1a: Sneasler|0 fnt
|faint|p1a: Sneasler
|move|p1b: Kingambit|Swords Dance|p1b: Kingambit
|-boost|p1b: Kingambit|atk|2
|
|upkeep
|
|t:|1782757232
|switch|p1a: Delphox|Delphox-Mega, L50, M|100/100
|turn|6
|
|t:|1782757242
|move|p2a: Whimsicott|Protect|p2a: Whimsicott
|-singleturn|p2a: Whimsicott|Protect
|move|p1b: Kingambit|Protect|p1b: Kingambit
|-singleturn|p1b: Kingambit|Protect
|move|p1a: Delphox|Heat Wave|p2a: Whimsicott|[spread] 
|-activate|p2a: Whimsicott|move: Protect
|-miss|p1a: Delphox|p2b: Kingambit
|move|p2b: Kingambit|Brick Break|p1b: Kingambit
|-activate|p1b: Kingambit|move: Protect
|
|upkeep
|turn|7
|
|t:|1782757263
|move|p1a: Delphox|Protect|p1a: Delphox
|-singleturn|p1a: Delphox|Protect
|move|p2b: Kingambit|Sucker Punch||[still]
|-fail|p2b: Kingambit
|move|p2a: Whimsicott|Moonblast|p1b: Kingambit
|-damage|p1b: Kingambit|14/100
|move|p1b: Kingambit|Kowtow Cleave|p2a: Whimsicott
|-resisted|p2a: Whimsicott|1
|-damage|p2a: Whimsicott|0 fnt
|faint|p2a: Whimsicott
|
|-sideend|p2: albertomoralo15|move: Tailwind
|upkeep
|
|t:|1782757274
|switch|p2a: Floette|Floette-Eternal, L50, F|100/100
|turn|8
|
|t:|1782757281
|detailschange|p2a: Floette|Floette-Mega, L50, F
|-mega|p2a: Floette|Floette|Floettite
|-ability|p2a: Floette|Fairy Aura
|move|p1b: Kingambit|Sucker Punch|p2a: Floette
|-resisted|p2a: Floette|1
|-damage|p2a: Floette|33/100
|move|p2b: Kingambit|Sucker Punch|p1a: Delphox
|-supereffective|p1a: Delphox|1
|-crit|p1a: Delphox
|-damage|p1a: Delphox|0 fnt
|faint|p1a: Delphox
|move|p2a: Floette|Dazzling Gleam|p1b: Kingambit
|-crit|p1b: Kingambit
|-damage|p1b: Kingambit|0 fnt
|faint|p1b: Kingambit
|
|win|albertomoralo15
|raw|GholdengoMerchant7's rating: 1283 → 1262(-21 for losing)
|raw|albertomoralo15's rating: 1345 → 1361(+16 for winning)
