|j|☆lilacq
|j|☆natsukivgc
|html|lilacqnatsukivgc    
|uhtml|bestof|Game 1 of a best-of-3
|t:|1785943064
|gametype|doubles
|player|p1|lilacq|shauntal|1184
|player|p2|natsukivgc|265|1192
|gen|9
|tier|[Gen 9 Champions] VGC 2026 Reg M-B (Bo3)
|rated|
|rule|Species Clause: Limit one of each Pokémon
|rule|Item Clause: Limit 1 of each item
|clearpoke
|poke|p1|Whimsicott, L50, F|
|poke|p1|Sinistcha, L50|
|poke|p1|Glimmora, L50, F|
|poke|p1|Staraptor, L50, F|
|poke|p1|Ceruledge, L50, F|
|poke|p1|Sneasler, L50, F|
|poke|p2|Hydreigon, L50, F|
|poke|p2|Garchomp, L50, F|
|poke|p2|Metagross, L50|
|poke|p2|Charizard, L50, F|
|poke|p2|Grimmsnarl, L50, M|
|poke|p2|Toxapex, L50, F|
|teampreview|4
|showteam|p1|Whimsicott||MentalHerb|Prankster|Tailwind,Charm,Encore,Moonblast|Bold||F|||50|]Sinistcha||SitrusBerry|Hospitality|RagePowder,LifeDew,MatchaGotcha,TrickRoom|Bold|||||50|]Glimmora||Glimmoranite|ToxicDebris|EarthPower,PowerGem,SpikyShield,SludgeBomb|Timid||F|||50|]Staraptor||Staraptite|Intimidate|CloseCombat,BraveBird,Roost,Protect|Adamant||F|||50|]Ceruledge||ColburBerry|FlashFire|BulkUp,BitterBlade,ShadowSneak,Poltergeist|Adamant||F|||50|]Sneasler||WhiteHerb|Unburden|FakeOut,DireClaw,CloseCombat,Coaching|Adamant||F|||50|
|showteam|p2|Hydreigon||ChoiceScarf|Levitate|HeatWave,DarkPulse,DracoMeteor,Snarl|Modest||F|||50|]Garchomp||SitrusBerry|RoughSkin|Earthquake,RockSlide,DragonClaw,Protect|Adamant||F|||50|]Metagross||Metagrossite|ClearBody|IronHead,HammerArm,BulletPunch,Protect|Adamant|||||50|]Charizard||CharizarditeY|Blaze|Protect,HeatWave,SolarBeam,WeatherBall|Timid||F|||50|]Grimmsnarl||RoseliBerry|Prankster|FakeOut,FoulPlay,Reflect,PartingShot|Sassy||M|||50|]Toxapex||Leftovers|Regenerator|Infestation,Toxic,BanefulBunker,WideGuard|Bold||F|||50|
|inactive|Battle timer is ON: inactive players will automatically lose when time's up. (requested by lilacq)
|inactive|natsukivgc has 60 seconds left.
|inactive|natsukivgc has 30 seconds left.
|
|t:|1785943130
|teamsize|p1|4
|teamsize|p2|4
|start
|switch|p1a: Whimsicott|Whimsicott, L50, F|100/100
|switch|p1b: Glimmora|Glimmora, L50, F|100/100
|switch|p2a: Grimmsnarl|Grimmsnarl, L50, M|100/100
|switch|p2b: Garchomp|Garchomp, L50, F|100/100
|turn|1
|inactive|natsukivgc has 30 seconds left.
|inactive|natsukivgc has 20 seconds left.
|
|t:|1785943167
|move|p2a: Grimmsnarl|Fake Out|p1a: Whimsicott
|-damage|p1a: Whimsicott|89/100
|cant|p1a: Whimsicott|flinch
|move|p1b: Glimmora|Sludge Bomb|p2a: Grimmsnarl
|-supereffective|p2a: Grimmsnarl|1
|-damage|p2a: Grimmsnarl|7/100
|move|p2b: Garchomp|Earthquake|p1a: Whimsicott|[spread] p2a,p1a,p1b
|-resisted|p1a: Whimsicott|1
|-supereffective|p1b: Glimmora|2
|-damage|p2a: Grimmsnarl|0 fnt
|-damage|p1a: Whimsicott|73/100
|-damage|p1b: Glimmora|0 fnt
|-activate|p1b: Glimmora|ability: Toxic Debris
|-sidestart|p2: natsukivgc|move: Toxic Spikes
|faint|p2a: Grimmsnarl
|faint|p1b: Glimmora
|
|upkeep
|
|t:|1785943186
|switch|p1b: Staraptor|Staraptor, L50, F|100/100
|switch|p2a: Toxapex|Toxapex, L50, F|100/100
|-ability|p1b: Staraptor|Intimidate|boost
|-unboost|p2a: Toxapex|atk|1
|-unboost|p2b: Garchomp|atk|1
|-sideend|p2: natsukivgc|move: Toxic Spikes|[of] p2a: Toxapex
|turn|2
|inactive|natsukivgc has 30 seconds left.
|inactive|natsukivgc has 20 seconds left.
|inactive|natsukivgc has 15 seconds left.
|
|t:|1785943229
|switch|p2b: Charizard|Charizard, L50, F|100/100
|detailschange|p1b: Staraptor|Staraptor-Mega, L50, F
|-mega|p1b: Staraptor|Staraptor|Staraptite
|move|p1a: Whimsicott|Charm|p1b: Staraptor
|-boost|p1b: Staraptor|atk|2
|move|p1b: Staraptor|Close Combat|p2b: Charizard
|-resisted|p2b: Charizard|1
|-damage|p2b: Charizard|25/100
|-boost|p1b: Staraptor|def|1
|-boost|p1b: Staraptor|spd|1
|move|p2a: Toxapex|Toxic|p1b: Staraptor
|-status|p1b: Staraptor|tox
|
|-damage|p1b: Staraptor|94/100 tox|[from] psn
|upkeep
|turn|3
|inactive|lilacq has 30 seconds left.
|
|t:|1785943263
|detailschange|p2b: Charizard|Charizard-Mega-Y, L50, F
|-mega|p2b: Charizard|Charizard|Charizardite Y
|-weather|SunnyDay|[from] ability: Drought|[of] p2b: Charizard
|move|p2b: Charizard|Protect|p2b: Charizard
|-singleturn|p2b: Charizard|Protect
|move|p1a: Whimsicott|Tailwind|p1a: Whimsicott
|-sidestart|p1: lilacq|move: Tailwind
|move|p1b: Staraptor|Close Combat|p2b: Charizard
|-activate|p2b: Charizard|move: Protect
|move|p2a: Toxapex|Infestation|p1b: Staraptor
|-resisted|p1b: Staraptor|2
|-damage|p1b: Staraptor|93/100 tox
|-activate|p1b: Staraptor|move: Infestation|[of] p2a: Toxapex
|
|-weather|SunnyDay|[upkeep]
|-damage|p1b: Staraptor|82/100 tox|[from] psn
|-damage|p1b: Staraptor|70/100 tox|[from] move: Infestation|[partiallytrapped]
|upkeep
|turn|4
|inactive|natsukivgc has 30 seconds left.
|
|t:|1785943297
|switch|p2b: Garchomp|Garchomp, L50, F|100/100
|move|p1a: Whimsicott|Encore|p2a: Toxapex
|-start|p2a: Toxapex|Encore
|move|p1b: Staraptor|Close Combat|p2b: Garchomp
|-damage|p2b: Garchomp|0 fnt
|-boost|p1b: Staraptor|def|1
|-boost|p1b: Staraptor|spd|1
|-damage|p1b: Staraptor|58/100 tox|[from] ability: Rough Skin|[of] p2b: Garchomp
|faint|p2b: Garchomp
|move|p2a: Toxapex|Infestation|p1a: Whimsicott
|-damage|p1a: Whimsicott|69/100
|-activate|p1a: Whimsicott|move: Infestation|[of] p2a: Toxapex
|
|-weather|SunnyDay|[upkeep]
|-damage|p1b: Staraptor|40/100 tox|[from] psn
|-damage|p1a: Whimsicott|57/100|[from] move: Infestation|[partiallytrapped]
|-damage|p1b: Staraptor|28/100 tox|[from] move: Infestation|[partiallytrapped]
|upkeep
|
|t:|1785943313
|switch|p2b: Charizard|Charizard-Mega-Y, L50, F|25/100
|turn|5
|
|t:|1785943334
|move|p2b: Charizard|Protect|p2b: Charizard
|-singleturn|p2b: Charizard|Protect
|move|p1a: Whimsicott|Moonblast|p2b: Charizard
|-activate|p2b: Charizard|move: Protect
|move|p1b: Staraptor|Close Combat|p2a: Toxapex
|-resisted|p2a: Toxapex|1
|-damage|p2a: Toxapex|52/100
|-boost|p1b: Staraptor|def|1
|-boost|p1b: Staraptor|spd|1
|move|p2a: Toxapex|Infestation|p1b: Staraptor
|-resisted|p1b: Staraptor|2
|-damage|p1b: Staraptor|28/100 tox
|
|-weather|SunnyDay|[upkeep]
|-heal|p2a: Toxapex|57/100|[from] item: Leftovers
|-damage|p1b: Staraptor|5/100 tox|[from] psn
|-damage|p1a: Whimsicott|45/100|[from] move: Infestation|[partiallytrapped]
|-damage|p1b: Staraptor|0 fnt|[from] move: Infestation|[partiallytrapped]
|faint|p1b: Staraptor
|upkeep
|
|t:|1785943344
|switch|p1b: Ceruledge|Ceruledge, L50, F|100/100
|turn|6
|
|t:|1785943367
|move|p1a: Whimsicott|Moonblast|p2a: Toxapex
|-resisted|p2a: Toxapex|1
|-damage|p2a: Toxapex|47/100
|-unboost|p2a: Toxapex|spa|1
|move|p1b: Ceruledge|Bitter Blade|p2b: Charizard
|-resisted|p2b: Charizard|1
|-damage|p2b: Charizard|0 fnt
|faint|p2b: Charizard
|move|p2a: Toxapex|Infestation|p1b: Ceruledge
|-resisted|p1b: Ceruledge|2
|-damage|p1b: Ceruledge|99/100
|-activate|p1b: Ceruledge|move: Infestation|[of] p2a: Toxapex
|
|-weather|SunnyDay|[upkeep]
|-heal|p2a: Toxapex|52/100|[from] item: Leftovers
|-damage|p1a: Whimsicott|33/100|[from] move: Infestation|[partiallytrapped]
|-damage|p1b: Ceruledge|87/100|[from] move: Infestation|[partiallytrapped]
|-end|p2a: Toxapex|Encore
|-sideend|p1: lilacq|move: Tailwind
|upkeep
|turn|7
|inactive|lilacq has 30 seconds left.
|inactive|natsukivgc has 30 seconds left.
|inactive|natsukivgc has 20 seconds left.
|inactive|natsukivgc has 15 seconds left.
|
|t:|1785943412
|move|p2a: Toxapex|Baneful Bunker|p2a: Toxapex
|-singleturn|p2a: Toxapex|move: Protect
|move|p1a: Whimsicott|Encore|p2a: Toxapex
|-activate|p2a: Toxapex|move: Protect
|move|p1b: Ceruledge|Poltergeist|p2a: Toxapex
|-activate|p2a: Toxapex|move: Protect
|
|-weather|none
|-heal|p2a: Toxapex|58/100|[from] item: Leftovers
|-damage|p1a: Whimsicott|21/100|[from] move: Infestation|[partiallytrapped]
|-damage|p1b: Ceruledge|75/100|[from] move: Infestation|[partiallytrapped]
|upkeep
|turn|8
|
|t:|1785943424
|move|p2a: Toxapex|Baneful Bunker||[still]
|-fail|p2a: Toxapex
|move|p1a: Whimsicott|Encore|p2a: Toxapex
|-start|p2a: Toxapex|Encore
|move|p1b: Ceruledge|Bulk Up|p1b: Ceruledge
|-boost|p1b: Ceruledge|atk|1
|-boost|p1b: Ceruledge|def|1
|
|-heal|p2a: Toxapex|64/100|[from] item: Leftovers
|-damage|p1a: Whimsicott|9/100|[from] move: Infestation|[partiallytrapped]
|-damage|p1b: Ceruledge|63/100|[from] move: Infestation|[partiallytrapped]
|upkeep
|turn|9
|
|t:|1785943434
|move|p2a: Toxapex|Baneful Bunker|p2a: Toxapex
|-singleturn|p2a: Toxapex|move: Protect
|move|p1a: Whimsicott|Moonblast|p2a: Toxapex
|-activate|p2a: Toxapex|move: Protect
|move|p1b: Ceruledge|Bulk Up|p1b: Ceruledge
|-boost|p1b: Ceruledge|atk|1
|-boost|p1b: Ceruledge|def|1
|
|-heal|p2a: Toxapex|70/100|[from] item: Leftovers
|-end|p1a: Whimsicott|Infestation|[partiallytrapped]
|-damage|p1b: Ceruledge|51/100|[from] move: Infestation|[partiallytrapped]
|upkeep
|turn|10
|
|t:|1785943445
|move|p2a: Toxapex|Baneful Bunker||[still]
|-fail|p2a: Toxapex
|move|p1a: Whimsicott|Moonblast|p2a: Toxapex
|-resisted|p2a: Toxapex|1
|-damage|p2a: Toxapex|58/100
|move|p1b: Ceruledge|Poltergeist|p2a: Toxapex
|-activate|p2a: Toxapex|move: Poltergeist|Leftovers
|-damage|p2a: Toxapex|0 fnt
|faint|p2a: Toxapex
|
|win|lilacq
