|j|☆RamonTheKiller
|j|☆SeanClubcardcoach
|html|RamonTheKillerSeanClubcardcoach    
|uhtml|bestof|Game 3 of a best-of-3
|t:|1754670874
|gametype|doubles
|player|p1|RamonTheKiller|palmer|1126
|player|p2|SeanClubcardcoach|alder|1231
|gen|9
|tier|[Gen 9] VGC 2025 Reg H (Bo3)
|rated|
|rule|Species Clause: Limit one of each Pokémon
|rule|Item Clause: Limit 1 of each item
|clearpoke
|poke|p1|Incineroar, L50, F|
|poke|p1|Amoonguss, L50, F|
|poke|p1|Gholdengo, L50|
|poke|p1|Dragonite, L50, M|
|poke|p1|Ursaluna-Bloodmoon, L50, M|
|poke|p1|Sneasler, L50, M|
|poke|p2|Tyranitar, L50, F|
|poke|p2|Kommo-o, L50, F|
|poke|p2|Rillaboom, L50, M|
|poke|p2|Volcarona, L50, M|
|poke|p2|Whimsicott, L50, M|
|poke|p2|Palafin, L50, M|
|teampreview|4
|showteam|p1|Incineroar||SafetyGoggles|Intimidate|KnockOff,FakeOut,PartingShot,FlareBlitz|||F|||50|,,,,,Ghost]Amoonguss||RockyHelmet|Regenerator|RagePowder,PollenPuff,Spore,Protect|||F|||50|,,,,,Fairy]Gholdengo||LifeOrb|GoodasGold|MakeItRain,ShadowBall,NastyPlot,Protect||||||50|,,,,,Water]Dragonite||LoadedDice|Multiscale|ScaleShot,Protect,Tailwind,Haze|||M|||50|,,,,,Fairy]Ursaluna-Bloodmoon||CovertCloak|MindsEye|BloodMoon,EarthPower,Protect,Yawn|||M|||50|,,,,,Poison]Sneasler||FocusSash|Unburden|DireClaw,CloseCombat,Protect,ThroatChop|||M|||50|,,,,,Stellar
|showteam|p2|Tyranitar||AssaultVest|SandStream|KnockOff,RockSlide,LowKick,TeraBlast|||F|||50|,,,,,Flying]Kommo-o||ChoiceSpecs|Overcoat|ClangingScales,AuraSphere,Flamethrower,DracoMeteor|||F|||50|,,,,,Fire]Rillaboom||MiracleSeed|GrassySurge|Protect,WoodHammer,GrassyGlide,FakeOut|||M|||50|,,,,,Grass]Volcarona||GrassySeed|FlameBody|Protect,RagePowder,WillOWisp,HeatWave|||M|||50|,,,,,Dragon]Whimsicott||CovertCloak|Prankster|Tailwind,Moonblast,Encore,FakeTears|||M|||50|,,,,,Fire]Palafin||MysticWater|ZerotoHero|WaveCrash,JetPunch,Haze,Protect|||M|||50|,,,,,Water
|inactive|Battle timer is ON: inactive players will automatically lose when time's up. (requested by SeanClubcardcoach)
|
|t:|1754670905
|teamsize|p1|4
|teamsize|p2|4
|start
|switch|p1a: Dragonite|Dragonite, L50, M|100/100
|switch|p1b: Sneasler|Sneasler, L50, M|100/100
|switch|p2a: Whimsicott|Whimsicott, L50, M|100/100
|switch|p2b: Tyranitar|Tyranitar, L50, F|100/100
|-weather|Sandstorm|[from] ability: Sand Stream|[of] p2b: Tyranitar
|turn|1
|
|t:|1754670924
|-terastallize|p1a: Dragonite|Fairy
|-terastallize|p2b: Tyranitar|Flying
|move|p2a: Whimsicott|Tailwind|p2a: Whimsicott
|-sidestart|p2: SeanClubcardcoach|move: Tailwind
|move|p2b: Tyranitar|Tera Blast|p1b: Sneasler|[anim] Tera Blast Flying
|-supereffective|p1b: Sneasler
|-enditem|p1b: Sneasler|Focus Sash
|-damage|p1b: Sneasler|1/100
|move|p1b: Sneasler|Dire Claw|p2a: Whimsicott
|-supereffective|p2a: Whimsicott
|-damage|p2a: Whimsicott|0 fnt
|faint|p2a: Whimsicott
|move|p1a: Dragonite|Tailwind|p1a: Dragonite
|-sidestart|p1: RamonTheKiller|move: Tailwind
|
|-weather|Sandstorm|[upkeep]
|-damage|p1b: Sneasler|0 fnt|[from] Sandstorm
|-damage|p1a: Dragonite|95/100|[from] Sandstorm
|-damage|p2b: Tyranitar|95/100|[from] Sandstorm
|faint|p1b: Sneasler
|upkeep
|inactive|RamonTheKiller has 30 seconds left.
|
|t:|1754670951
|switch|p2a: Rillaboom|Rillaboom, L50, M, shiny|100/100
|switch|p1b: Incineroar|Incineroar, L50, F|100/100
|-ability|p1b: Incineroar|Intimidate|boost
|-unboost|p2a: Rillaboom|atk|1
|-unboost|p2b: Tyranitar|atk|1
|-fieldstart|move: Grassy Terrain|[from] ability: Grassy Surge|[of] p2a: Rillaboom
|turn|2
|
|t:|1754670973
|move|p1b: Incineroar|Fake Out|p2b: Tyranitar
|-damage|p2b: Tyranitar|86/100
|move|p2a: Rillaboom|Fake Out|p1a: Dragonite
|-damage|p1a: Dragonite|83/100
|cant|p1a: Dragonite|flinch
|cant|p2b: Tyranitar|flinch
|
|-weather|Sandstorm|[upkeep]
|-damage|p1a: Dragonite|77/100|[from] Sandstorm
|-damage|p2a: Rillaboom|95/100|[from] Sandstorm
|-damage|p2b: Tyranitar|80/100|[from] Sandstorm
|-heal|p1a: Dragonite|83/100|[from] Grassy Terrain
|-heal|p2a: Rillaboom|100/100|[from] Grassy Terrain
|upkeep
|turn|3
|
|t:|1754670992
|move|p2a: Rillaboom|Protect|p2a: Rillaboom
|-singleturn|p2a: Rillaboom|Protect
|move|p1a: Dragonite|Scale Shot|p2b: Tyranitar
|-damage|p2b: Tyranitar|70/100
|-damage|p2b: Tyranitar|59/100
|-damage|p2b: Tyranitar|49/100
|-damage|p2b: Tyranitar|38/100
|-hitcount|p2b: Tyranitar|4
|-unboost|p1a: Dragonite|def|1
|-boost|p1a: Dragonite|spe|1
|move|p1b: Incineroar|Flare Blitz|p2a: Rillaboom
|-activate|p2a: Rillaboom|move: Protect
|move|p2b: Tyranitar|Rock Slide|p1b: Incineroar|[spread] p1a,p1b
|-supereffective|p1b: Incineroar
|-damage|p1a: Dragonite|49/100
|-damage|p1b: Incineroar|63/100
|
|-weather|Sandstorm|[upkeep]
|-damage|p1a: Dragonite|43/100|[from] Sandstorm
|-damage|p2a: Rillaboom|95/100|[from] Sandstorm
|-damage|p2b: Tyranitar|32/100|[from] Sandstorm
|-heal|p1a: Dragonite|49/100|[from] Grassy Terrain
|-heal|p1b: Incineroar|69/100|[from] Grassy Terrain
|-heal|p2a: Rillaboom|100/100|[from] Grassy Terrain
|upkeep
|turn|4
|inactive|RamonTheKiller has 30 seconds left.
|inactive|RamonTheKiller has 20 seconds left.
|
|t:|1754671030
|switch|p2a: Kommo-o|Kommo-o, L50, F|100/100
|move|p1a: Dragonite|Protect|p1a: Dragonite
|-singleturn|p1a: Dragonite|Protect
|move|p1b: Incineroar|Knock Off|p2b: Tyranitar
|-damage|p2b: Tyranitar|2/100
|-enditem|p2b: Tyranitar|Assault Vest|[from] move: Knock Off|[of] p1b: Incineroar
|move|p2b: Tyranitar|Rock Slide|p1a: Dragonite|[spread] p1b
|-activate|p1a: Dragonite|move: Protect
|-supereffective|p1b: Incineroar
|-damage|p1b: Incineroar|29/100
|
|-weather|Sandstorm|[upkeep]
|-damage|p1a: Dragonite|43/100|[from] Sandstorm
|-damage|p2b: Tyranitar|0 fnt|[from] Sandstorm
|faint|p2b: Tyranitar
|-heal|p1a: Dragonite|49/100|[from] Grassy Terrain
|-heal|p1b: Incineroar|35/100|[from] Grassy Terrain
|-sideend|p2: SeanClubcardcoach|move: Tailwind
|-sideend|p1: RamonTheKiller|move: Tailwind
|upkeep
|
|t:|1754671042
|switch|p2b: Rillaboom|Rillaboom, L50, M, shiny|100/100
|turn|5
|inactive|RamonTheKiller has 30 seconds left.
|inactive|SeanClubcardcoach has 30 seconds left.
|
|t:|1754671076
|switch|p1b: Gholdengo|Gholdengo, L50|100/100
|move|p2b: Rillaboom|Fake Out|p1a: Dragonite
|-damage|p1a: Dragonite|24/100
|cant|p1a: Dragonite|flinch
|move|p2a: Kommo-o|Clanging Scales|p1b: Gholdengo|[spread] p1b
|-immune|p1a: Dragonite
|-resisted|p1b: Gholdengo
|-damage|p1b: Gholdengo|70/100
|-unboost|p2a: Kommo-o|def|1
|
|-weather|none
|-heal|p1a: Dragonite|30/100|[from] Grassy Terrain
|-heal|p1b: Gholdengo|76/100|[from] Grassy Terrain
|upkeep
|turn|6
|inactive|RamonTheKiller has 30 seconds left.
|
|t:|1754671105
|move|p1a: Dragonite|Protect|p1a: Dragonite
|-singleturn|p1a: Dragonite|Protect
|move|p2b: Rillaboom|Grassy Glide|p1a: Dragonite
|-activate|p1a: Dragonite|move: Protect
|move|p1b: Gholdengo|Make It Rain|p2a: Kommo-o|[spread] p2a,p2b
|-damage|p2a: Kommo-o|34/100
|-damage|p2b: Rillaboom|25/100
|-unboost|p1b: Gholdengo|spa|1
|-damage|p1b: Gholdengo|67/100|[from] item: Life Orb
|move|p2a: Kommo-o|Clanging Scales|p1a: Dragonite|[spread] p1b
|-activate|p1a: Dragonite|move: Protect
|-resisted|p1b: Gholdengo
|-damage|p1b: Gholdengo|36/100
|-unboost|p2a: Kommo-o|def|1
|
|-heal|p1a: Dragonite|36/100|[from] Grassy Terrain
|-heal|p1b: Gholdengo|42/100|[from] Grassy Terrain
|-heal|p2a: Kommo-o|39/100|[from] Grassy Terrain
|-heal|p2b: Rillaboom|31/100|[from] Grassy Terrain
|-fieldend|move: Grassy Terrain
|upkeep
|turn|7
|-message|SeanClubcardcoach forfeited.
|raw|RamonTheKiller's rating: 1126 → 1158(+32 for winning)
|raw|SeanClubcardcoach's rating: 1231 → 1199(-32 for losing)
|
|win|RamonTheKiller
|l|☆SeanClubcardcoach
|player|p2|
