|j|☆is_katabo
|j|☆memeberserk
|html|is_katabomemeberserk    
|uhtml|bestof|Game 2 of a best-of-3
|t:|1785285105
|gametype|doubles
|player|p1|is_katabo|youngster-gen4dp|1320
|player|p2|memeberserk|lance|1329
|gen|9
|tier|[Gen 9 Champions] VGC 2026 Reg M-B (Bo3)
|rated|
|rule|Species Clause: Limit one of each Pokémon
|rule|Item Clause: Limit 1 of each item
|clearpoke
|poke|p1|Tyranitar, L50, F|
|poke|p1|Garchomp, L50, M|
|poke|p1|Incineroar, L50, M|
|poke|p1|Farigiraf, L50, F|
|poke|p1|Milotic, L50, F|
|poke|p1|Houndstone, L50, F|
|poke|p2|Raichu, L50, F|
|poke|p2|Corviknight, L50, F|
|poke|p2|Sylveon, L50, F|
|poke|p2|Basculegion, L50, M|
|poke|p2|Mamoswine, L50, F|
|poke|p2|Tyranitar, L50, M|
|teampreview|4
|showteam|p1|Tyranitar||ChoiceScarf|SandStream|RockSlide,KnockOff,LowKick,IcePunch|Jolly||F|||50|]Garchomp||Garchompite|RoughSkin|EarthPower,DracoMeteor,PowerGem,Protect|Modest||M|||50|]Incineroar||SitrusBerry|Intimidate|FakeOut,ThroatChop,FlareBlitz,PartingShot|Careful||M|||50|]Farigiraf||ColburBerry|ArmorTail|Psychic,HelpingHand,TrickRoom,Protect|Calm||F|||50|]Milotic||Leftovers|Competitive|Scald,IceBeam,Haze,Protect|Modest||F|||50|]Houndstone||FocusSash|SandRush|Poltergeist,BodyPress,ShadowSneak,Protect|Adamant||F|||50|
|showteam|p2|Raichu||RaichuniteY|LightningRod|ZapCannon,FocusBlast,FakeOut,Protect|Timid||F|||50|]Corviknight||Leftovers|Unnerve|BraveBird,IronHead,Tailwind,Protect|Careful||F|||50|]Sylveon||FairyFeather|Pixilate|HyperVoice,QuickAttack,Protect,Yawn|Modest||F|||50|]Basculegion||MysticWater|SwiftSwim|WaveCrash,LastRespects,AquaJet,Protect|Adamant||M|||50|]Mamoswine||LifeOrb|Oblivious|HighHorsepower,IceShard,IcicleCrash,Protect|Adamant||F|||50|]Tyranitar||FocusSash|SandStream|RockSlide,KnockOff,Superpower,Protect|Adamant||M|||50|
|inactive|Battle timer is ON: inactive players will automatically lose when time's up. (requested by memeberserk)
|inactive|is_katabo has 60 seconds left.
|
|t:|1785285160
|teamsize|p1|4
|teamsize|p2|4
|start
|switch|p1a: Milotic|Milotic, L50, F|100/100
|switch|p1b: Tyranitar|Tyranitar, L50, F|100/100
|switch|p2a: Tyranitar|Tyranitar, L50, M|100/100
|switch|p2b: Mamoswine|Mamoswine, L50, F|100/100
|-weather|Sandstorm|[from] ability: Sand Stream|[of] p1b: Tyranitar
|turn|1
|
|t:|1785285182
|move|p2b: Mamoswine|Protect|p2b: Mamoswine
|-singleturn|p2b: Mamoswine|Protect
|move|p1b: Tyranitar|Rock Slide|p2b: Mamoswine|[spread] p2a
|-activate|p2b: Mamoswine|move: Protect
|-damage|p2a: Tyranitar|68/100
|move|p2a: Tyranitar|Superpower|p1b: Tyranitar
|-supereffective|p1b: Tyranitar|2
|-damage|p1b: Tyranitar|0 fnt
|-unboost|p2a: Tyranitar|atk|1
|-unboost|p2a: Tyranitar|def|1
|faint|p1b: Tyranitar
|move|p1a: Milotic|Scald|p2b: Mamoswine
|-activate|p2b: Mamoswine|move: Protect
|
|-weather|Sandstorm|[upkeep]
|-damage|p1a: Milotic|94/100|[from] Sandstorm
|-heal|p1a: Milotic|100/100|[from] item: Leftovers
|upkeep
|
|t:|1785285189
|switch|p1b: Houndstone|Houndstone, L50, F|100/100
|turn|2
|
|t:|1785285202
|switch|p2b: Sylveon|Sylveon, L50, F|100/100
|move|p1b: Houndstone|Body Press|p2a: Tyranitar
|-supereffective|p2a: Tyranitar|2
|-damage|p2a: Tyranitar|0 fnt
|faint|p2a: Tyranitar
|move|p1a: Milotic|Scald|p2b: Sylveon
|-damage|p2b: Sylveon|73/100
|
|-weather|Sandstorm|[upkeep]
|-damage|p1a: Milotic|94/100|[from] Sandstorm
|-damage|p2b: Sylveon|67/100|[from] Sandstorm
|-heal|p1a: Milotic|100/100|[from] item: Leftovers
|upkeep
|
|t:|1785285217
|switch|p2a: Basculegion|Basculegion, L50, M|100/100
|turn|3
|
|t:|1785285226
|move|p2a: Basculegion|Protect|p2a: Basculegion
|-singleturn|p2a: Basculegion|Protect
|move|p1b: Houndstone|Poltergeist|p2a: Basculegion
|-activate|p2a: Basculegion|move: Protect
|move|p1a: Milotic|Scald|p2b: Sylveon
|-damage|p2b: Sylveon|40/100
|-status|p2b: Sylveon|brn
|move|p2b: Sylveon|Hyper Voice|p1a: Milotic|[spread] p1a,p1b
|-damage|p1a: Milotic|68/100
|-damage|p1b: Houndstone|44/100
|
|-weather|Sandstorm|[upkeep]
|-damage|p2a: Basculegion|94/100|[from] Sandstorm
|-damage|p1a: Milotic|62/100|[from] Sandstorm
|-damage|p2b: Sylveon|34/100 brn|[from] Sandstorm
|-heal|p1a: Milotic|68/100|[from] item: Leftovers
|-damage|p2b: Sylveon|28/100 brn|[from] brn
|upkeep
|turn|4
|inactive|memeberserk has 30 seconds left.
|
|t:|1785285256
|move|p1b: Houndstone|Protect|p1b: Houndstone
|-singleturn|p1b: Houndstone|Protect
|move|p2a: Basculegion|Aqua Jet|p1b: Houndstone
|-activate|p1b: Houndstone|move: Protect
|move|p1a: Milotic|Scald|p2b: Sylveon
|-damage|p2b: Sylveon|2/100 brn
|move|p2b: Sylveon|Hyper Voice|p1b: Houndstone|[spread] p1a
|-activate|p1b: Houndstone|move: Protect
|-damage|p1a: Milotic|35/100
|
|-weather|Sandstorm|[upkeep]
|-damage|p2a: Basculegion|88/100|[from] Sandstorm
|-damage|p1a: Milotic|29/100|[from] Sandstorm
|-damage|p2b: Sylveon|0 fnt|[from] Sandstorm
|faint|p2b: Sylveon
|-heal|p1a: Milotic|35/100|[from] item: Leftovers
|upkeep
|
|t:|1785285270
|switch|p2b: Mamoswine|Mamoswine, L50, F|100/100
|turn|5
|
|t:|1785285285
|move|p2a: Basculegion|Aqua Jet|p1b: Houndstone
|-damage|p1b: Houndstone|18/100
|move|p1b: Houndstone|Poltergeist|p2b: Mamoswine
|-activate|p2b: Mamoswine|move: Poltergeist|Life Orb
|-damage|p2b: Mamoswine|39/100
|move|p2b: Mamoswine|High Horsepower|p1a: Milotic
|-damage|p1a: Milotic|0 fnt
|faint|p1a: Milotic
|-damage|p2b: Mamoswine|29/100|[from] item: Life Orb
|
|-weather|none
|upkeep
|
|t:|1785285294
|switch|p1a: Garchomp|Garchomp, L50, M|100/100
|turn|6
|inactive|is_katabo has 30 seconds left.
|
|t:|1785285325
|move|p1a: Garchomp|Protect|p1a: Garchomp
|-singleturn|p1a: Garchomp|Protect
|move|p2b: Mamoswine|Protect|p2b: Mamoswine
|-singleturn|p2b: Mamoswine|Protect
|move|p1b: Houndstone|Shadow Sneak|p2b: Mamoswine
|-activate|p2b: Mamoswine|move: Protect
|move|p2a: Basculegion|Aqua Jet|p1b: Houndstone
|-damage|p1b: Houndstone|0 fnt
|faint|p1b: Houndstone
|
|upkeep
|turn|7
|-message|is_katabo forfeited.
|
|win|memeberserk
|raw|is_katabo's rating: 1320 → 1301(-19 for losing)
|raw|memeberserk's rating: 1329 → 1348(+19 for winning)
|c|☆memeberserk|gg good team
|c|☆is_katabo|thx
