|j|☆Br1_lore
|j|☆Kaazuma
|html|Br1_loreKaazuma    
|uhtml|bestof|Game 1 of a best-of-3
|t:|1785266498
|gametype|doubles
|player|p1|Br1_lore|102|
|player|p2|Kaazuma|red|
|gen|9
|tier|[Gen 9 Champions] VGC 2026 Reg M-B (Bo3)
|rule|Species Clause: Limit one of each Pokémon
|rule|Item Clause: Limit 1 of each item
|clearpoke
|poke|p1|Metagross, L50|
|poke|p1|Hydreigon, L50, M|
|poke|p1|Sneasler, L50, M|
|poke|p1|Aerodactyl, L50, M|
|poke|p1|Sylveon, L50, M|
|poke|p1|Sinistcha, L50|
|poke|p2|Tyranitar, L50, M|
|poke|p2|Excadrill, L50, M|
|poke|p2|Milotic, L50, F|
|poke|p2|Sinistcha, L50|
|poke|p2|Staraptor, L50, M|
|poke|p2|Gholdengo, L50|
|teampreview|4
|showteam|p1|Metagross||Metagrossite|ClearBody|IronHead,PsychicFangs,IcePunch,Protect|Jolly|||||50|]Hydreigon||ChoiceScarf|Levitate|DracoMeteor,EarthPower,HeatWave,DarkPulse|Timid||M|||50|]Sneasler||WhiteHerb|Unburden|CloseCombat,DireClaw,FakeOut,Protect|Adamant||M|||50|]Aerodactyl||FocusSash|Unnerve|DualWingbeat,Protect,Tailwind,RockSlide|Jolly||M|||50|]Sylveon||FairyFeather|Pixilate|HyperBeam,HyperVoice,QuickAttack,Detect|Modest||M|||50|]Sinistcha||KasibBerry|Hospitality|MatchaGotcha,LifeDew,RagePowder,Protect|Bold|||||50|
|showteam|p2|Tyranitar||Tyranitarite|SandStream|KnockOff,RockSlide,LowKick,Protect|Jolly||M|||50|]Excadrill||FocusSash|SandRush|HighHorsepower,IronHead,RockSlide,Protect|Adamant||M|||50|]Milotic||SitrusBerry|Competitive|Scald,IceBeam,Haze,Protect|Modest||F|||50|]Sinistcha||ColburBerry|Hospitality|MatchaGotcha,ShadowBall,Protect,RagePowder|Bold|||||50|]Staraptor||Staraptite|Intimidate|CloseCombat,BraveBird,Tailwind,Protect|Jolly||M|||50|]Gholdengo||LifeOrb|GoodasGold|MakeItRain,ShadowBall,NastyPlot,Protect|Modest|||||50|
|inactive|Battle timer is ON: inactive players will automatically lose when time's up. (requested by Kaazuma)
|j| mimikyumumble
|j| A_TerroneVGC
|inactive|Br1_lore has 60 seconds left.
|inactive|Kaazuma has 60 seconds left.
|inactive|Br1_lore has 30 seconds left.
|inactive|Kaazuma has 30 seconds left.
|inactive|Kaazuma has 20 seconds left.
|inactive|Kaazuma has 15 seconds left.
|inactive|Kaazuma has 10 seconds left.
|l| A_TerroneVGC
|inactive|Kaazuma has 5 seconds left.
|
|t:|1785266586
|teamsize|p1|4
|teamsize|p2|4
|start
|switch|p1a: Metagross|Metagross, L50|100/100
|switch|p1b: Sylveon|Sylveon, L50, M|100/100
|switch|p2a: Excadrill|Excadrill, L50, M|100/100
|switch|p2b: Milotic|Milotic, L50, F|100/100
|turn|1
|j| A_TerroneVGC
|inactive|Br1_lore has 30 seconds left.
|inactive|Kaazuma has 30 seconds left.
|inactive|Kaazuma has 20 seconds left.
|inactive|Kaazuma has 15 seconds left.
|inactive|Kaazuma has 10 seconds left.
|
|t:|1785266632
|detailschange|p1a: Metagross|Metagross-Mega, L50
|-mega|p1a: Metagross|Metagross|Metagrossite
|move|p1b: Sylveon|Detect|p1b: Sylveon
|-singleturn|p1b: Sylveon|Protect
|move|p1a: Metagross|Ice Punch|p2a: Excadrill
|-damage|p2a: Excadrill|46/100
|move|p2a: Excadrill|High Horsepower|p1a: Metagross
|-supereffective|p1a: Metagross|1
|-damage|p1a: Metagross|14/100
|move|p2b: Milotic|Scald|p1b: Sylveon
|-activate|p1b: Sylveon|move: Protect
|
|upkeep
|turn|2
|
|t:|1785266653
|switch|p2b: Sinistcha|Sinistcha, L50|100/100
|-heal|p2a: Excadrill|71/100|[from] ability: Hospitality|[of] p2b: Sinistcha
|switch|p1b: Sinistcha|Sinistcha, L50|100/100
|-heal|p1a: Metagross|39/100|[from] ability: Hospitality|[of] p1b: Sinistcha
|move|p2a: Excadrill|Protect|p2a: Excadrill
|-singleturn|p2a: Excadrill|Protect
|move|p1a: Metagross|Ice Punch|p2a: Excadrill
|-activate|p2a: Excadrill|move: Protect
|
|upkeep
|turn|3
|
|t:|1785266670
|move|p2b: Sinistcha|Rage Powder|p2b: Sinistcha
|-singleturn|p2b: Sinistcha|move: Rage Powder
|move|p1b: Sinistcha|Rage Powder|p1b: Sinistcha
|-singleturn|p1b: Sinistcha|move: Rage Powder
|move|p1a: Metagross|Ice Punch|p2b: Sinistcha
|-supereffective|p2b: Sinistcha|1
|-damage|p2b: Sinistcha|42/100
|move|p2a: Excadrill|Rock Slide|p1a: Metagross|[spread] p1a,p1b
|-resisted|p1a: Metagross|1
|-damage|p1a: Metagross|30/100
|-damage|p1b: Sinistcha|82/100
|
|upkeep
|turn|4
|
|t:|1785266689
|switch|p2b: Gholdengo|Gholdengo, L50|100/100
|move|p2a: Excadrill|Protect|p2a: Excadrill
|-singleturn|p2a: Excadrill|Protect
|move|p1b: Sinistcha|Rage Powder|p1b: Sinistcha
|-singleturn|p1b: Sinistcha|move: Rage Powder
|move|p1a: Metagross|Ice Punch|p2a: Excadrill
|-activate|p2a: Excadrill|move: Protect
|
|upkeep
|turn|5
|
|t:|1785266713
|switch|p2a: Milotic|Milotic, L50, F|100/100
|move|p1a: Metagross|Ice Punch|p2a: Milotic
|-resisted|p2a: Milotic|1
|-damage|p2a: Milotic|85/100
|move|p2b: Gholdengo|Shadow Ball|p1a: Metagross
|-supereffective|p1a: Metagross|1
|-damage|p1a: Metagross|0 fnt
|faint|p1a: Metagross
|-damage|p2b: Gholdengo|90/100|[from] item: Life Orb
|move|p1b: Sinistcha|Matcha Gotcha|p2a: Milotic|[spread] p2a,p2b
|-supereffective|p2a: Milotic|1
|-resisted|p2b: Gholdengo|1
|-damage|p2a: Milotic|52/100
|-heal|p1b: Sinistcha|100/100|[from] drain|[of] p2a: Milotic
|-damage|p2b: Gholdengo|77/100
|
|upkeep
|
|t:|1785266734
|switch|p1a: Sylveon|Sylveon, L50, M|100/100
|turn|6
|
|t:|1785266743
|move|p2b: Gholdengo|Make It Rain|p1b: Sinistcha|[spread] p1a,p1b
|-supereffective|p1a: Sylveon|1
|-damage|p1a: Sylveon|4/100
|-damage|p1b: Sinistcha|38/100
|-unboost|p2b: Gholdengo|spa|2
|-damage|p2b: Gholdengo|67/100|[from] item: Life Orb
|move|p2a: Milotic|Ice Beam|p1b: Sinistcha
|-supereffective|p1b: Sinistcha|1
|-damage|p1b: Sinistcha|0 fnt
|faint|p1b: Sinistcha
|move|p1a: Sylveon|Hyper Voice|p2b: Gholdengo|[spread] p2a,p2b
|-resisted|p2b: Gholdengo|1
|-damage|p2a: Milotic|22/100
|-damage|p2b: Gholdengo|40/100
|-enditem|p2a: Milotic|Sitrus Berry|[eat]
|-heal|p2a: Milotic|47/100|[from] item: Sitrus Berry
|
|upkeep
|
|t:|1785266757
|switch|p1b: Sneasler|Sneasler, L50, M|100/100
|turn|7
|l| A_TerroneVGC
|
|t:|1785266776
|switch|p2b: Sinistcha|Sinistcha, L50|42/100
|-heal|p2a: Milotic|72/100|[from] ability: Hospitality|[of] p2b: Sinistcha
|move|p2a: Milotic|Protect|p2a: Milotic
|-singleturn|p2a: Milotic|Protect
|move|p1a: Sylveon|Detect|p1a: Sylveon
|-singleturn|p1a: Sylveon|Protect
|move|p1b: Sneasler|Dire Claw|p2a: Milotic
|-activate|p2a: Milotic|move: Protect
|
|upkeep
|turn|8
|
|t:|1785266789
|move|p2b: Sinistcha|Rage Powder|p2b: Sinistcha
|-singleturn|p2b: Sinistcha|move: Rage Powder
|move|p1b: Sneasler|Dire Claw|p2b: Sinistcha
|-damage|p2b: Sinistcha|11/100
|-status|p2b: Sinistcha|slp
|move|p2a: Milotic|Scald|p1a: Sylveon
|-damage|p1a: Sylveon|0 fnt
|faint|p1a: Sylveon
|
|upkeep
|turn|9
|j| A_TerroneVGC
|
|t:|1785266798
|move|p1b: Sneasler|Close Combat|p2a: Milotic
|-damage|p2a: Milotic|27/100
|-unboost|p1b: Sneasler|def|1
|-unboost|p1b: Sneasler|spd|1
|-enditem|p1b: Sneasler|White Herb
|-clearnegativeboost|p1b: Sneasler|[silent]
|move|p2a: Milotic|Scald|p1b: Sneasler
|-damage|p1b: Sneasler|58/100
|cant|p2b: Sinistcha|slp
|
|upkeep
|turn|10
|
|t:|1785266811
|cant|p2b: Sinistcha|slp
|move|p1b: Sneasler|Dire Claw|p2a: Milotic
|-damage|p2a: Milotic|0 fnt
|faint|p2a: Milotic
|
|upkeep
|
|t:|1785266814
|switch|p2a: Excadrill|Excadrill, L50, M|71/100
|turn|11
|
|t:|1785266818
|-curestatus|p2b: Sinistcha|slp|[msg]
|move|p2b: Sinistcha|Rage Powder|p2b: Sinistcha
|-singleturn|p2b: Sinistcha|move: Rage Powder
|move|p1b: Sneasler|Close Combat|p2b: Sinistcha
|-immune|p2b: Sinistcha
|move|p2a: Excadrill|High Horsepower|p1b: Sneasler
|-supereffective|p1b: Sneasler|1
|-damage|p1b: Sneasler|0 fnt
|faint|p1b: Sneasler
|
|win|Kaazuma
||Kaazuma is ready for game 2.
||Br1_lore is ready for game 2.
|uhtml|next|Next: Game 2 of 3
|l| mimikyumumble
|l| A_TerroneVGC
