|j|☆panflex00
|j|☆XelaMaster
|html|panflex00XelaMaster    
|uhtml|bestof|Game 2 of a best-of-3
|t:|1782712347
|gametype|doubles
|player|p1|panflex00|steven-masters|1115
|player|p2|XelaMaster|volkner|1105
|gen|9
|tier|[Gen 9 Champions] VGC 2026 Reg M-B (Bo3)
|rated|
|rule|Species Clause: Limit one of each Pokémon
|rule|Item Clause: Limit 1 of each item
|clearpoke
|poke|p1|Mimikyu, L50, F|
|poke|p1|Orthworm, L50, M|
|poke|p1|Talonflame, L50, M|
|poke|p1|Garchomp, L50, M|
|poke|p1|Sinistcha, L50|
|poke|p1|Rotom-Wash, L50|
|poke|p2|Gardevoir, L50, M|
|poke|p2|Maushold-Four, L50|
|poke|p2|Basculegion, L50, M|
|poke|p2|Kingambit, L50, M|
|poke|p2|Talonflame, L50, M|
|poke|p2|Garchomp, L50, M|
|teampreview|4
|showteam|p1|Mimikyu||FocusSash|Disguise|ShadowClaw,PlayRough,DrainPunch,SwordsDance|Jolly||F|||50|]Orthworm||SitrusBerry|EarthEater|HeavySlam,BodyPress,ShedTail,Protect|Impish||M|||50|]Talonflame||SharpBeak|GaleWings|FlareBlitz,BraveBird,Tailwind,Protect|Jolly||M|||50|]Garchomp||LifeOrb|RoughSkin|DragonClaw,Earthquake,RockSlide,Protect|Jolly||M|||50|]Sinistcha||Leftovers|Hospitality|MatchaGotcha,RagePowder,LifeDew,TrickRoom|Modest|||||50|]Rotom-Wash||ChoiceScarf|Levitate|HydroPump,Thunderbolt,VoltSwitch,WillOWisp|Timid|||||50|
|showteam|p2|Gardevoir||Gardevoirite|Telepathy|HyperVoice,Protect,Psyshock,TrickRoom|Modest||M|||50|]Maushold-Four||FocusSash|FriendGuard|FollowMe,Encore,SuperFang,Protect|Jolly|||||50|]Basculegion||SitrusBerry|Adaptability|AquaJet,LastRespects,WaveCrash,Protect|Adamant||M|||50|]Kingambit||ChopleBerry|Defiant|Protect,SuckerPunch,KowtowCleave,IronHead|Adamant||M|||50|]Talonflame|||GaleWings|Tailwind,WillOWisp,Acrobatics,Protect|Jolly||M|||50|]Garchomp||LifeOrb|RoughSkin|Earthquake,RockSlide,DragonClaw,Protect|Adamant||M|||50|
|inactive|Battle timer is ON: inactive players will automatically lose when time's up. (requested by XelaMaster)
|
|t:|1782712360
|teamsize|p1|4
|teamsize|p2|4
|start
|switch|p1a: Talonflame|Talonflame, L50, M|100/100
|switch|p1b: Garchomp|Garchomp, L50, M|100/100
|switch|p2a: Talonflame|Talonflame, L50, M|100/100
|switch|p2b: Gardevoir|Gardevoir, L50, M|100/100
|turn|1
|l|☆XelaMaster
|inactive|XelaMaster disconnected and has a minute to reconnect!
|player|p2|
|inactive|panflex00 has 30 seconds left.
|inactive|XelaMaster has 30 seconds left.
|j|☆XelaMaster
|inactive|XelaMaster reconnected and has 30 seconds left.
|player|p2|XelaMaster|volkner|
|inactive|panflex00 has 20 seconds left.
|inactive|XelaMaster has 20 seconds left.
|inactive|panflex00 has 15 seconds left.
|inactive|XelaMaster has 15 seconds left.
|inactive|panflex00 has 10 seconds left.
|inactive|XelaMaster has 10 seconds left.
|
|t:|1782712407
|detailschange|p2b: Gardevoir|Gardevoir-Mega, L50, M
|-mega|p2b: Gardevoir|Gardevoir|Gardevoirite
|move|p1b: Garchomp|Protect|p1b: Garchomp
|-singleturn|p1b: Garchomp|Protect
|move|p1a: Talonflame|Brave Bird|p2b: Gardevoir
|-damage|p2b: Gardevoir|26/100
|-damage|p1a: Talonflame|72/100|[from] Recoil
|move|p2a: Talonflame|Will-O-Wisp|p1b: Garchomp
|-activate|p1b: Garchomp|move: Protect
|move|p2b: Gardevoir|Trick Room|p2b: Gardevoir
|-fieldstart|move: Trick Room|[of] p2b: Gardevoir
|
|upkeep
|turn|2
|inactive|panflex00 has 30 seconds left.
|
|t:|1782712438
|switch|p1b: Sinistcha|Sinistcha, L50|100/100
|-heal|p1a: Talonflame|96/100|[from] ability: Hospitality|[of] p1b: Sinistcha
|move|p1a: Talonflame|Protect|p1a: Talonflame
|-singleturn|p1a: Talonflame|Protect
|move|p2a: Talonflame|Acrobatics|p1a: Talonflame
|-activate|p1a: Talonflame|move: Protect
|move|p2b: Gardevoir|Hyper Voice|p1a: Talonflame|[spread] p1b
|-activate|p1a: Talonflame|move: Protect
|-damage|p1b: Sinistcha|53/100
|
|-heal|p1b: Sinistcha|60/100|[from] item: Leftovers
|upkeep
|turn|3
|inactive|panflex00 has 30 seconds left.
|inactive|panflex00 has 20 seconds left.
|inactive|panflex00 has 15 seconds left.
|
|t:|1782712479
|switch|p1b: Rotom|Rotom-Wash, L50|100/100
|move|p2b: Gardevoir|Protect|p2b: Gardevoir
|-singleturn|p2b: Gardevoir|Protect
|move|p2a: Talonflame|Acrobatics|p1b: Rotom
|-resisted|p1b: Rotom|1
|-damage|p1b: Rotom|71/100
|move|p1a: Talonflame|Brave Bird|p2a: Talonflame
|-damage|p2a: Talonflame|9/100
|-damage|p1a: Talonflame|67/100|[from] Recoil
|
|upkeep
|turn|4
|inactive|XelaMaster has 30 seconds left.
|
|t:|1782712507
|switch|p2a: Garchomp|Garchomp, L50, M|100/100
|switch|p1b: Sinistcha|Sinistcha, L50|60/100
|-heal|p1a: Talonflame|91/100|[from] ability: Hospitality|[of] p1b: Sinistcha
|move|p2b: Gardevoir|Psyshock|p1a: Talonflame
|-damage|p1a: Talonflame|7/100
|move|p1a: Talonflame|Brave Bird|p2b: Gardevoir
|-damage|p2b: Gardevoir|0 fnt
|faint|p2b: Gardevoir
|-damage|p1a: Talonflame|0 fnt|[from] Recoil
|faint|p1a: Talonflame
|
|-heal|p1b: Sinistcha|66/100|[from] item: Leftovers
|upkeep
|
|t:|1782712527
|switch|p2b: Basculegion|Basculegion, L50, M|100/100
|switch|p1a: Garchomp|Garchomp, L50, M|100/100
|turn|5
|
|t:|1782712551
|move|p2b: Basculegion|Protect|p2b: Basculegion
|-singleturn|p2b: Basculegion|Protect
|move|p1b: Sinistcha|Rage Powder|p1b: Sinistcha
|-singleturn|p1b: Sinistcha|move: Rage Powder
|move|p2a: Garchomp|Dragon Claw|p1b: Sinistcha
|-damage|p1b: Sinistcha|5/100
|-damage|p2a: Garchomp|90/100|[from] item: Life Orb
|move|p1a: Garchomp|Dragon Claw|p2a: Garchomp
|-supereffective|p2a: Garchomp|1
|-damage|p2a: Garchomp|0 fnt
|-damage|p1a: Garchomp|87/100|[from] ability: Rough Skin|[of] p2a: Garchomp
|faint|p2a: Garchomp
|-damage|p1a: Garchomp|77/100|[from] item: Life Orb
|
|-heal|p1b: Sinistcha|11/100|[from] item: Leftovers
|-fieldend|move: Trick Room
|upkeep
|
|t:|1782712565
|switch|p2a: Talonflame|Talonflame, L50, M|9/100
|turn|6
|
|t:|1782712576
|move|p1b: Sinistcha|Rage Powder|p1b: Sinistcha
|-singleturn|p1b: Sinistcha|move: Rage Powder
|move|p2a: Talonflame|Tailwind|p2a: Talonflame
|-sidestart|p2: XelaMaster|move: Tailwind
|move|p2b: Basculegion|Last Respects|p1b: Sinistcha
|-supereffective|p1b: Sinistcha|1
|-damage|p1b: Sinistcha|0 fnt
|faint|p1b: Sinistcha
|move|p1a: Garchomp|Rock Slide|p2a: Talonflame|[spread] p2a,p2b
|-supereffective|p2a: Talonflame|2
|-damage|p2a: Talonflame|0 fnt
|-damage|p2b: Basculegion|72/100
|faint|p2a: Talonflame
|-damage|p1a: Garchomp|68/100|[from] item: Life Orb
|
|upkeep
|
|t:|1782712588
|switch|p1b: Rotom|Rotom-Wash, L50|71/100
|turn|7
|
|t:|1782712598
|move|p1b: Rotom|Thunderbolt|p2b: Basculegion
|-supereffective|p2b: Basculegion|1
|-crit|p2b: Basculegion
|-damage|p2b: Basculegion|0 fnt
|faint|p2b: Basculegion
|
|win|panflex00
||panflex00 is ready for game 3.
||XelaMaster is ready for game 3.
|uhtml|next|Next: Game 3 of 3
