|j|☆washingtongargacha
|j|☆ramalon
|html|washingtongargacharamalon    
|uhtml|bestof|Game 1 of a best-of-3
|t:|1756814772
|gametype|doubles
|player|p1|washingtongargacha|1|1189
|player|p2|ramalon|102|1074
|gen|9
|tier|[Gen 9] VGC 2025 Reg H (Bo3)
|rated|
|rule|Species Clause: Limit one of each Pokémon
|rule|Item Clause: Limit 1 of each item
|clearpoke
|poke|p1|Talonflame, L50, M|
|poke|p1|Gholdengo, L50|
|poke|p1|Dragonite, L50, F|
|poke|p1|Archaludon, L50, F|
|poke|p1|Tyranitar, L50, M|
|poke|p1|Garchomp, L50, F|
|poke|p2|Pelipper, L50, F|
|poke|p2|Archaludon, L50, M|
|poke|p2|Amoonguss, L50, M|
|poke|p2|Gholdengo, L50|
|poke|p2|Basculegion, L50, M|
|poke|p2|Incineroar, L50, M|
|teampreview|4
|showteam|p1|Talonflame||CovertCloak|GaleWings|Tailwind,BraveBird,Taunt,WillOWisp|||M|||50|,,,,,Ghost]Gholdengo||ChoiceSpecs|GoodasGold|MakeItRain,SteelBeam,ShadowBall,PowerGem||||||50|,,,,,Steel]Dragonite||LoadedDice|Multiscale|ScaleShot,IceSpinner,Haze,Protect|||F|||50|,,,,,Steel]Archaludon||PowerHerb|Sturdy|FlashCannon,ElectroShot,DracoMeteor,Protect|||F|||50|,,,,,Flying]Tyranitar||AssaultVest|SandStream|KnockOff,RockSlide,TeraBlast,LowKick|||M|||50|,,,,,Flying]Garchomp||LifeOrb|RoughSkin|DragonClaw,StompingTantrum,Earthquake,Protect|||F|||50|,,,,,Steel
|showteam|p2|Pelipper||FocusSash|Drizzle|Protect,Tailwind,Hurricane,WeatherBall|||F|||50|,,,,,Stellar]Archaludon||AssaultVest|Stamina|BodyPress,FlashCannon,DragonPulse,ElectroShot|||M|||50|,,,,,Grass]Amoonguss||RockyHelmet|Regenerator|Spore,RagePowder,PollenPuff,Protect|||M|||50|,,,,,Water]Gholdengo||LifeOrb|GoodasGold|MakeItRain,ShadowBall,NastyPlot,Protect||||||50|,,,,,Water]Basculegion||ChoiceScarf|Adaptability|WaveCrash,AquaJet,LastRespects,FlipTurn|||M|||50|,,,,,Water]Incineroar||SafetyGoggles|Intimidate|KnockOff,FlareBlitz,PartingShot,FakeOut|||M|||50|,,,,,Ghost
|
|t:|1756814822
|teamsize|p1|4
|teamsize|p2|4
|start
|switch|p1a: Dragonite|Dragonite, L50, F|100/100
|switch|p1b: Garchomp|Garchomp, L50, F|100/100
|switch|p2a: Basculegion|Basculegion, L50, M|100/100
|switch|p2b: Pelipper|Pelipper, L50, F|100/100
|-weather|RainDance|[from] ability: Drizzle|[of] p2b: Pelipper
|turn|1
|
|t:|1756814862
|switch|p1b: Tyranitar|Tyranitar, L50, M|100/100
|-weather|Sandstorm|[from] ability: Sand Stream|[of] p1b: Tyranitar
|-terastallize|p2a: Basculegion|Water
|move|p2a: Basculegion|Flip Turn|p1b: Tyranitar
|-supereffective|p1b: Tyranitar
|-damage|p1b: Tyranitar|21/100
|
|t:|1756814870
|switch|p2a: Incineroar|Incineroar, L50, M|100/100|[from] Flip Turn
|-ability|p2a: Incineroar|Intimidate|boost
|-unboost|p1a: Dragonite|atk|1
|-unboost|p1b: Tyranitar|atk|1
|move|p1a: Dragonite|Scale Shot|p2b: Pelipper
|-damage|p2b: Pelipper|90/100
|-damage|p2b: Pelipper|78/100
|-damage|p2b: Pelipper|68/100
|-damage|p2b: Pelipper|57/100
|-hitcount|p2b: Pelipper|4
|-unboost|p1a: Dragonite|def|1
|-boost|p1a: Dragonite|spe|1
|move|p2b: Pelipper|Tailwind|p2b: Pelipper
|-sidestart|p2: ramalon|move: Tailwind
|
|-weather|Sandstorm|[upkeep]
|-damage|p2b: Pelipper|51/100|[from] Sandstorm
|-damage|p1a: Dragonite|95/100|[from] Sandstorm
|upkeep
|turn|2
|
|t:|1756814918
|switch|p1b: Gholdengo|Gholdengo, L50|100/100
|move|p2a: Incineroar|Fake Out|p1b: Gholdengo
|-immune|p1b: Gholdengo
|move|p2b: Pelipper|Tailwind||[still]
|-fail|p2b: Pelipper
|move|p1a: Dragonite|Scale Shot|p2b: Pelipper
|-damage|p2b: Pelipper|39/100
|-damage|p2b: Pelipper|28/100
|-damage|p2b: Pelipper|17/100
|-damage|p2b: Pelipper|5/100
|-hitcount|p2b: Pelipper|4
|-unboost|p1a: Dragonite|def|1
|-boost|p1a: Dragonite|spe|1
|
|-weather|Sandstorm|[upkeep]
|-damage|p1a: Dragonite|89/100|[from] Sandstorm
|-damage|p2b: Pelipper|0 fnt|[from] Sandstorm
|faint|p2b: Pelipper
|upkeep
|
|t:|1756814940
|switch|p2b: Gholdengo|Gholdengo, L50|100/100
|turn|3
|inactive|Battle timer is ON: inactive players will automatically lose when time's up. (requested by ramalon)
|
|t:|1756814986
|switch|p1b: Tyranitar|Tyranitar, L50, M|21/100
|move|p2b: Gholdengo|Protect|p2b: Gholdengo
|-singleturn|p2b: Gholdengo|Protect
|move|p1a: Dragonite|Scale Shot|p2a: Incineroar|[miss]
|-miss|p1a: Dragonite|p2a: Incineroar
|move|p2a: Incineroar|Knock Off|p1b: Tyranitar
|-resisted|p1b: Tyranitar
|-damage|p1b: Tyranitar|3/100
|-enditem|p1b: Tyranitar|Assault Vest|[from] move: Knock Off|[of] p2a: Incineroar
|
|-weather|Sandstorm|[upkeep]
|-damage|p1a: Dragonite|83/100|[from] Sandstorm
|upkeep
|turn|4
|inactive|ramalon has 30 seconds left.
|
|t:|1756815017
|move|p1a: Dragonite|Protect|p1a: Dragonite
|-singleturn|p1a: Dragonite|Protect
|move|p2b: Gholdengo|Nasty Plot|p2b: Gholdengo
|-boost|p2b: Gholdengo|spa|2
|move|p2a: Incineroar|Knock Off|p1b: Tyranitar
|-resisted|p1b: Tyranitar
|-damage|p1b: Tyranitar|0 fnt
|faint|p1b: Tyranitar
|
|-weather|Sandstorm|[upkeep]
|-damage|p1a: Dragonite|77/100|[from] Sandstorm
|-sideend|p2: ramalon|move: Tailwind
|upkeep
|
|t:|1756815030
|switch|p1b: Gholdengo|Gholdengo, L50|100/100
|turn|5
|inactive|washingtongargacha has 30 seconds left.
|
|t:|1756815057
|-terastallize|p1b: Gholdengo|Steel
|move|p1a: Dragonite|Haze|p1a: Dragonite
|-clearallboost
|move|p2b: Gholdengo|Shadow Ball|p1a: Dragonite
|-damage|p1a: Dragonite|20/100
|-damage|p2b: Gholdengo|91/100|[from] item: Life Orb
|move|p1b: Gholdengo|Power Gem|p2a: Incineroar
|-supereffective|p2a: Incineroar
|-damage|p2a: Incineroar|25/100
|move|p2a: Incineroar|Knock Off|p1b: Gholdengo
|-damage|p1b: Gholdengo|64/100
|-enditem|p1b: Gholdengo|Choice Specs|[from] move: Knock Off|[of] p2a: Incineroar
|
|-weather|none
|upkeep
|turn|6
|inactive|ramalon has 30 seconds left.
|inactive|ramalon has 20 seconds left.
|inactive|ramalon has 15 seconds left.
|
|t:|1756815099
|move|p2b: Gholdengo|Shadow Ball|p1b: Gholdengo
|-damage|p1b: Gholdengo|4/100
|-damage|p2b: Gholdengo|81/100|[from] item: Life Orb
|move|p1a: Dragonite|Scale Shot|p2a: Incineroar
|-damage|p2a: Incineroar|13/100
|-damage|p2a: Incineroar|2/100
|-damage|p2a: Incineroar|0 fnt
|faint|p2a: Incineroar
|-hitcount|p2: Incineroar|3
|-unboost|p1a: Dragonite|def|1
|-boost|p1a: Dragonite|spe|1
|move|p1b: Gholdengo|Shadow Ball|p2b: Gholdengo
|-supereffective|p2b: Gholdengo
|-damage|p2b: Gholdengo|0 fnt
|faint|p2b: Gholdengo
|
|upkeep
|
|t:|1756815115
|switch|p2b: Basculegion|Basculegion, L50, M, tera:Water|100/100
|turn|7
|inactive|washingtongargacha has 30 seconds left.
|
|t:|1756815141
|move|p2b: Basculegion|Last Respects|p1b: Gholdengo
|-damage|p1b: Gholdengo|0 fnt
|faint|p1b: Gholdengo
|move|p1a: Dragonite|Scale Shot|p2b: Basculegion
|-damage|p2b: Basculegion|79/100
|-damage|p2b: Basculegion|59/100
|-damage|p2b: Basculegion|41/100
|-damage|p2b: Basculegion|22/100
|-hitcount|p2b: Basculegion|4
|-unboost|p1a: Dragonite|def|1
|-boost|p1a: Dragonite|spe|1
|
|upkeep
|
|t:|1756815153
|switch|p1b: Garchomp|Garchomp, L50, F|100/100
|turn|8
|inactive|washingtongargacha has 30 seconds left.
|inactive|washingtongargacha has 20 seconds left.
|
|t:|1756815193
|move|p1a: Dragonite|Scale Shot|p2b: Basculegion
|-damage|p2b: Basculegion|2/100
|-damage|p2b: Basculegion|0 fnt
|faint|p2b: Basculegion
|-hitcount|p2: Basculegion|2
|
|win|washingtongargacha
