|j|☆Harry Koekenpan
|j|☆dialghite
|html|Harry Koekenpandialghite    
|uhtml|bestof|Game 1 of a best-of-3
|t:|1756928635
|gametype|doubles
|player|p1|Harry Koekenpan|170|
|player|p2|dialghite|volkner|
|gen|9
|tier|[Gen 9] VGC 2025 Reg H (Bo3)
|rule|Species Clause: Limit one of each Pokémon
|rule|Item Clause: Limit 1 of each item
|clearpoke
|poke|p1|Dondozo, L50, M|
|poke|p1|Tatsugiri, L50, M|
|poke|p1|Talonflame, L50, F|
|poke|p1|Ursaluna-Bloodmoon, L50, M|
|poke|p1|Sneasler, L50, M|
|poke|p1|Indeedee, L50, M|
|poke|p2|Whimsicott, L50, F|
|poke|p2|Corviknight, L50, M|
|poke|p2|Indeedee, L50, M|
|poke|p2|Sneasler, L50, F|
|poke|p2|Ursaluna-Bloodmoon, L50, M|
|poke|p2|Archaludon, L50, F|
|teampreview|4
|showteam|p1|Dondozo||Leftovers|Unaware|WaveCrash,HeavySlam,OrderUp,Protect|||M|||50|,,,,,Steel]Tatsugiri||ChoiceScarf|Commander|MuddyWater,IcyWind,DragonPulse,DracoMeteor|||M|||50|,,,,,Stellar]Talonflame||CovertCloak|GaleWings|FlareBlitz,Tailwind,Taunt,DualWingbeat|||F|||50|,,,,,Grass]Ursaluna-Bloodmoon||LifeOrb|MindsEye|HyperVoice,BloodMoon,EarthPower,Protect|||M|||50|,,,,,Normal]Sneasler||PsychicSeed|Unburden|DireClaw,ThroatChop,CloseCombat,Protect|||M|||50|,,,,,Dark]Indeedee||FocusSash|PsychicSurge|ExpandingForce,TrickRoom,Imprison,HelpingHand|||M|||50|,,,,,Psychic
|showteam|p2|Whimsicott||CovertCloak|Prankster|Moonblast,Taunt,Tailwind,FakeTears|||F|||50|,,,,,Water]Corviknight||Leftovers|MirrorArmor|BraveBird,BulkUp,Tailwind,Roost|||M|||50|,,,,,Dragon]Indeedee||FocusSash|PsychicSurge|ExpandingForce,TeraBlast,Imprison,TrickRoom|||M|||50|,,,,,Psychic]Sneasler||PsychicSeed|Unburden|CloseCombat,DireClaw,ThroatChop,Protect|||F|||50|,,,,,Dark]Ursaluna-Bloodmoon||LifeOrb|MindsEye|HyperVoice,BloodMoon,EarthPower,Protect|||M|||50|,,,,,Normal]Archaludon||PowerHerb|Stalwart|ElectroShot,DragonPulse,Thunderbolt,Protect|||F|||50|,,,,,Electric
|inactive|Battle timer is ON: inactive players will automatically lose when time's up. (requested by Harry Koekenpan)
|c|☆dialghite|glhf
|c|☆Harry Koekenpan|Glhf
|inactive|Harry Koekenpan has 60 seconds left.
|inactive|dialghite has 60 seconds left.
|
|t:|1756928675
|teamsize|p1|4
|teamsize|p2|4
|start
|switch|p1a: Indeedee|Indeedee, L50, M|100/100
|switch|p1b: Sneasler|Sneasler, L50, M|100/100
|switch|p2a: Corviknight|Corviknight, L50, M|100/100
|switch|p2b: Sneasler|Sneasler, L50, F|100/100
|-fieldstart|move: Psychic Terrain|[from] ability: Psychic Surge|[of] p1a: Indeedee
|-enditem|p1b: Sneasler|Psychic Seed
|-boost|p1b: Sneasler|spd|1|[from] item: Psychic Seed
|-enditem|p2b: Sneasler|Psychic Seed
|-boost|p2b: Sneasler|spd|1|[from] item: Psychic Seed
|turn|1
|
|t:|1756928696
|move|p2b: Sneasler|Protect|p2b: Sneasler
|-singleturn|p2b: Sneasler|Protect
|move|p1b: Sneasler|Close Combat|p2b: Sneasler
|-activate|p2b: Sneasler|move: Protect
|move|p1a: Indeedee|Expanding Force|p2b: Sneasler|[spread] p2a
|-activate|p2b: Sneasler|move: Protect
|-resisted|p2a: Corviknight
|-damage|p2a: Corviknight|77/100
|move|p2a: Corviknight|Tailwind|p2a: Corviknight
|-sidestart|p2: dialghite|move: Tailwind
|
|-heal|p2a: Corviknight|83/100|[from] item: Leftovers
|upkeep
|turn|2
|
|t:|1756928714
|move|p2b: Sneasler|Dire Claw|p1a: Indeedee
|-damage|p1a: Indeedee|12/100
|-status|p1a: Indeedee|par
|move|p1b: Sneasler|Close Combat|p2b: Sneasler
|-resisted|p2b: Sneasler
|-damage|p2b: Sneasler|54/100
|-unboost|p1b: Sneasler|def|1
|-unboost|p1b: Sneasler|spd|1
|move|p2a: Corviknight|Brave Bird|p1a: Indeedee
|-damage|p1a: Indeedee|0 fnt
|faint|p1a: Indeedee
|-damage|p2a: Corviknight|80/100|[from] Recoil
|
|-heal|p2a: Corviknight|86/100|[from] item: Leftovers
|upkeep
|
|t:|1756928731
|switch|p1a: Dondozo|Dondozo, L50, M|100/100
|turn|3
|
|t:|1756928738
|switch|p1b: Tatsugiri|Tatsugiri, L50, M|100/100
|-activate|p1b: Tatsugiri|ability: Commander|[of] p1a: Dondozo
|-boost|p1a: Dondozo|atk|2
|-boost|p1a: Dondozo|spa|2
|-boost|p1a: Dondozo|spe|2
|-boost|p1a: Dondozo|def|2
|-boost|p1a: Dondozo|spd|2
|-terastallize|p1a: Dondozo|Steel
|move|p2b: Sneasler|Protect|p2b: Sneasler
|-singleturn|p2b: Sneasler|Protect
|move|p2a: Corviknight|Brave Bird|p1b: Tatsugiri|[miss]
|-miss|p2a: Corviknight|p1b: Tatsugiri
|move|p1a: Dondozo|Heavy Slam|p2b: Sneasler
|-activate|p2b: Sneasler|move: Protect
|
|-heal|p2a: Corviknight|92/100|[from] item: Leftovers
|upkeep
|turn|4
|
|t:|1756928762
|move|p2b: Sneasler|Close Combat|p1a: Dondozo
|-supereffective|p1a: Dondozo
|-damage|p1a: Dondozo|57/100
|-unboost|p2b: Sneasler|def|1
|-unboost|p2b: Sneasler|spd|1
|move|p2a: Corviknight|Bulk Up|p2a: Corviknight
|-boost|p2a: Corviknight|atk|1
|-boost|p2a: Corviknight|def|1
|move|p1a: Dondozo|Heavy Slam|p2b: Sneasler
|-crit|p2b: Sneasler
|-damage|p2b: Sneasler|0 fnt
|faint|p2b: Sneasler
|
|-heal|p2a: Corviknight|98/100|[from] item: Leftovers
|-heal|p1a: Dondozo|63/100|[from] item: Leftovers
|-sideend|p2: dialghite|move: Tailwind
|upkeep
|
|t:|1756928772
|switch|p2b: Whimsicott|Whimsicott, L50, F|100/100
|turn|5
|
|t:|1756928786
|switch|p2a: Ursaluna|Ursaluna-Bloodmoon, L50, M|100/100
|-terastallize|p2b: Whimsicott|Water
|move|p2b: Whimsicott|Tailwind|p2b: Whimsicott
|-sidestart|p2: dialghite|move: Tailwind
|move|p1a: Dondozo|Heavy Slam|p2b: Whimsicott
|-resisted|p2b: Whimsicott
|-damage|p2b: Whimsicott|26/100
|
|-heal|p1a: Dondozo|70/100|[from] item: Leftovers
|-fieldend|move: Psychic Terrain
|upkeep
|turn|6
|
|t:|1756928805
|move|p1a: Dondozo|Protect|p1a: Dondozo
|-singleturn|p1a: Dondozo|Protect
|move|p2b: Whimsicott|Fake Tears|p1a: Dondozo
|-activate|p1a: Dondozo|move: Protect
|move|p2a: Ursaluna|Earth Power|p1a: Dondozo
|-activate|p1a: Dondozo|move: Protect
|
|-heal|p1a: Dondozo|76/100|[from] item: Leftovers
|upkeep
|turn|7
|
|t:|1756928819
|move|p2b: Whimsicott|Fake Tears|p1a: Dondozo
|-unboost|p1a: Dondozo|spd|2
|move|p2a: Ursaluna|Earth Power|p1a: Dondozo
|-supereffective|p1a: Dondozo
|-damage|p1a: Dondozo|0 fnt
|faint|p1a: Dondozo
|-damage|p2a: Ursaluna|91/100|[from] item: Life Orb
|
|upkeep
|
|t:|1756928825
|switch|p1a: Sneasler|Sneasler, L50, M|100/100
|turn|8
|
|t:|1756928845
|move|p1a: Sneasler|Protect|p1a: Sneasler
|-singleturn|p1a: Sneasler|Protect
|move|p2b: Whimsicott|Moonblast|p1b: Tatsugiri
|-supereffective|p1b: Tatsugiri
|-damage|p1b: Tatsugiri|28/100
|move|p2a: Ursaluna|Hyper Voice|p1b: Tatsugiri|[spread] p1b
|-activate|p1a: Sneasler|move: Protect
|-damage|p1b: Tatsugiri|0 fnt
|faint|p1b: Tatsugiri
|-damage|p2a: Ursaluna|81/100|[from] item: Life Orb
|
|-sideend|p2: dialghite|move: Tailwind
|upkeep
|turn|9
|
|t:|1756928856
|move|p2b: Whimsicott|Tailwind|p2b: Whimsicott
|-sidestart|p2: dialghite|move: Tailwind
|move|p2a: Ursaluna|Earth Power|p1a: Sneasler
|-supereffective|p1a: Sneasler
|-damage|p1a: Sneasler|0 fnt
|faint|p1a: Sneasler
|-damage|p2a: Ursaluna|72/100|[from] item: Life Orb
|
|win|dialghite
