|j|☆oyarzalinho
|j|☆la cabra1
|html|oyarzalinhola cabra1    
|uhtml|bestof|Game 2 of a best-of-3
|t:|1783095277
|gametype|doubles
|player|p1|oyarzalinho|grimsley|1259
|player|p2|la cabra1|volkner|1324
|gen|9
|tier|[Gen 9 Champions] VGC 2026 Reg M-B (Bo3)
|rated|
|rule|Species Clause: Limit one of each Pokémon
|rule|Item Clause: Limit 1 of each item
|clearpoke
|poke|p1|Incineroar, L50, M, shiny|
|poke|p1|Kingambit, L50, F|
|poke|p1|Sinistcha, L50|
|poke|p1|Sneasler, L50, F|
|poke|p1|Floette-Eternal, L50, F|
|poke|p1|Delphox, L50, M|
|poke|p2|Aerodactyl, L50, M|
|poke|p2|Garchomp, L50, M|
|poke|p2|Kingambit, L50, F|
|poke|p2|Charizard, L50, M|
|poke|p2|Sylveon, L50, F|
|poke|p2|Farigiraf, L50, M|
|teampreview|4
|showteam|p1|Incineroar||SitrusBerry|Intimidate|FakeOut,FlareBlitz,DarkestLariat,PartingShot|Careful||M|||50|]Kingambit||BlackGlasses|Defiant|KowtowCleave,SuckerPunch,SwordsDance,Protect|Adamant||F|||50|]Sinistcha||KasibBerry|Hospitality|MatchaGotcha,RagePowder,TrickRoom,Protect|Calm|||||50|]Sneasler||FocusSash|PoisonTouch|FakeOut,CloseCombat,DireClaw,QuickGuard|Jolly||F|||50|]Floette-Eternal||Floettite|FlowerVeil|Moonblast,DazzlingGleam,CalmMind,Protect|Timid||F|||50|]Delphox||Delphoxite|Blaze|HeatWave,Psyshock,NastyPlot,Protect|Timid||M|||50|
|showteam|p2|Aerodactyl||Aerodactylite|Unnerve|IceFang,RockSlide,Tailwind,DualWingbeat|Jolly||M|||50|]Garchomp||LifeOrb|RoughSkin|DragonClaw,StompingTantrum,Earthquake,Protect|Jolly||M|||50|]Kingambit||FocusSash|Defiant|SuckerPunch,KowtowCleave,IronHead,LowKick|Adamant||F|||50|]Charizard||CharizarditeY|SolarPower|Protect,HeatWave,SolarBeam,WeatherBall|Modest||M|||50|]Sylveon||FairyFeather|Pixilate|Protect,HyperVoice,HyperBeam,QuickAttack|Modest||F|||50|]Farigiraf||SitrusBerry|ArmorTail|TrickRoom,Thunderbolt,Psychic,Roar|Bold||M|||50|
|inactive|Battle timer is ON: inactive players will automatically lose when time's up. (requested by oyarzalinho)
|inactive|la cabra1 has 60 seconds left.
|inactive|la cabra1 has 30 seconds left.
|inactive|la cabra1 has 20 seconds left.
|
|t:|1783095350
|teamsize|p1|4
|teamsize|p2|4
|start
|switch|p1a: Héctor Helio|Sneasler, L50, F|100/100
|switch|p1b: Jude Sharp|Delphox, L50, M|100/100
|switch|p2a: Aerodactyl|Aerodactyl, L50, M|100/100
|switch|p2b: Kingambit|Kingambit, L50, F|100/100
|-ability|p2a: Aerodactyl|Unnerve
|turn|1
|inactive|oyarzalinho has 30 seconds left.
|inactive|oyarzalinho has 20 seconds left.
|inactive|oyarzalinho has 15 seconds left.
|
|t:|1783095393
|switch|p2b: Farigiraf|Farigiraf, L50, M|100/100
|detailschange|p2a: Aerodactyl|Aerodactyl-Mega, L50, M
|-mega|p2a: Aerodactyl|Aerodactyl|Aerodactylite
|detailschange|p1b: Jude Sharp|Delphox-Mega, L50, M
|-mega|p1b: Jude Sharp|Delphox|Delphoxite
|move|p1a: Héctor Helio|Quick Guard|p1a: Héctor Helio
|-singleturn|p1a: Héctor Helio|Quick Guard
|move|p2a: Aerodactyl|Dual Wingbeat|p1a: Héctor Helio
|-supereffective|p1a: Héctor Helio|1
|-damage|p1a: Héctor Helio|7/100
|-supereffective|p1a: Héctor Helio|1
|-damage|p1a: Héctor Helio|0 fnt
|faint|p1a: Héctor Helio
|-hitcount|p1: Héctor Helio|2
|move|p1b: Jude Sharp|Heat Wave|p2a: Aerodactyl|[spread] p2a,p2b
|-resisted|p2a: Aerodactyl|1
|-damage|p2a: Aerodactyl|79/100
|-damage|p2b: Farigiraf|64/100
|
|upkeep
|
|t:|1783095409
|switch|p1a: Aiden Frost|Incineroar, L50, M, shiny|100/100
|-ability|p1a: Aiden Frost|Intimidate|boost
|-unboost|p2a: Aerodactyl|atk|1
|-unboost|p2b: Farigiraf|atk|1
|turn|2
|
|t:|1783095432
|move|p2a: Aerodactyl|Tailwind|p2a: Aerodactyl
|-sidestart|p2: la cabra1|move: Tailwind
|move|p1b: Jude Sharp|Nasty Plot|p1b: Jude Sharp
|-boost|p1b: Jude Sharp|spa|2
|move|p2b: Farigiraf|Psychic|p1b: Jude Sharp
|-resisted|p1b: Jude Sharp|1
|-damage|p1b: Jude Sharp|83/100
|move|p1a: Aiden Frost|Parting Shot|p2a: Aerodactyl
|-unboost|p2a: Aerodactyl|atk|1
|-unboost|p2a: Aerodactyl|spa|1
|
|t:|1783095442
|switch|p1a: David Samford|Sinistcha, L50|100/100|[from] Parting Shot
|-heal|p1b: Jude Sharp|100/100|[from] ability: Hospitality|[of] p1a: David Samford
|
|upkeep
|turn|3
|inactive|oyarzalinho has 30 seconds left.
|
|t:|1783095473
|switch|p1a: Aiden Frost|Incineroar, L50, M, shiny|100/100
|-ability|p1a: Aiden Frost|Intimidate|boost
|-unboost|p2a: Aerodactyl|atk|1
|-unboost|p2b: Farigiraf|atk|1
|move|p2a: Aerodactyl|Dual Wingbeat|p1a: Aiden Frost
|-damage|p1a: Aiden Frost|92/100
|-damage|p1a: Aiden Frost|84/100
|-hitcount|p1a: Aiden Frost|2
|move|p1b: Jude Sharp|Heat Wave|p2b: Farigiraf|[spread] p2a,p2b
|-resisted|p2a: Aerodactyl|1
|-damage|p2a: Aerodactyl|44/100
|-damage|p2b: Farigiraf|1/100
|-enditem|p2b: Farigiraf|Sitrus Berry|[eat]
|-heal|p2b: Farigiraf|26/100|[from] item: Sitrus Berry
|move|p2b: Farigiraf|Psychic|p1a: Aiden Frost
|-immune|p1a: Aiden Frost
|
|upkeep
|turn|4
|
|t:|1783095498
|move|p2a: Aerodactyl|Rock Slide|p1a: Aiden Frost|[spread] p1a,p1b
|-supereffective|p1a: Aiden Frost|1
|-crit|p1a: Aiden Frost
|-supereffective|p1b: Jude Sharp|1
|-damage|p1a: Aiden Frost|17/100
|-damage|p1b: Jude Sharp|74/100
|-enditem|p1a: Aiden Frost|Sitrus Berry|[eat]
|-heal|p1a: Aiden Frost|42/100|[from] item: Sitrus Berry
|move|p1b: Jude Sharp|Heat Wave|p2a: Aerodactyl|[spread] p2a,p2b
|-resisted|p2a: Aerodactyl|1
|-damage|p2a: Aerodactyl|5/100
|-damage|p2b: Farigiraf|0 fnt
|faint|p2b: Farigiraf
|cant|p1a: Aiden Frost|flinch
|
|upkeep
|
|t:|1783095505
|switch|p2b: Sylveon|Sylveon, L50, F|100/100
|turn|5
|
|t:|1783095517
|switch|p2a: Kingambit|Kingambit, L50, F|100/100
|switch|p1a: David Samford|Sinistcha, L50|100/100
|-heal|p1b: Jude Sharp|99/100|[from] ability: Hospitality|[of] p1a: David Samford
|move|p1b: Jude Sharp|Protect|p1b: Jude Sharp
|-singleturn|p1b: Jude Sharp|Protect
|move|p2b: Sylveon|Hyper Voice|p1b: Jude Sharp|[spread] p1a
|-activate|p1b: Jude Sharp|move: Protect
|-damage|p1a: David Samford|54/100
|
|-sideend|p2: la cabra1|move: Tailwind
|upkeep
|turn|6
|
|t:|1783095530
|move|p1a: David Samford|Rage Powder|p1a: David Samford
|-singleturn|p1a: David Samford|move: Rage Powder
|move|p1b: Jude Sharp|Heat Wave|p2b: Sylveon|[spread] p2a,p2b
|-supereffective|p2a: Kingambit|1
|-enditem|p2a: Kingambit|Focus Sash
|-damage|p2a: Kingambit|1/100
|-damage|p2b: Sylveon|42/100
|move|p2a: Kingambit|Kowtow Cleave|p1a: David Samford
|-supereffective|p1a: David Samford|1
|-damage|p1a: David Samford|0 fnt
|faint|p1a: David Samford
|move|p2b: Sylveon|Hyper Beam|p1b: Jude Sharp
|-resisted|p1b: Jude Sharp|1
|-damage|p1b: Jude Sharp|50/100g
|-mustrecharge|p2b: Sylveon
|
|upkeep
|
|t:|1783095540
|switch|p1a: Aiden Frost|Incineroar, L50, M, shiny|42/100
|-ability|p1a: Aiden Frost|Intimidate|boost
|-unboost|p2a: Kingambit|atk|1
|-ability|p2a: Kingambit|Defiant|boost
|-boost|p2a: Kingambit|atk|2
|-unboost|p2b: Sylveon|atk|1
|turn|7
|
|t:|1783095557
|switch|p2a: Aerodactyl|Aerodactyl-Mega, L50, M|5/100
|move|p1a: Aiden Frost|Fake Out|p2a: Aerodactyl
|-resisted|p2a: Aerodactyl|1
|-damage|p2a: Aerodactyl|0 fnt
|faint|p2a: Aerodactyl
|move|p1b: Jude Sharp|Heat Wave|p2b: Sylveon
|-damage|p2b: Sylveon|0 fnt
|faint|p2b: Sylveon
|
|upkeep
|
|t:|1783095560
|switch|p2b: Kingambit|Kingambit, L50, F|1/100
|turn|8
|
|t:|1783095566
|move|p1b: Jude Sharp|Heat Wave|p2b: Kingambit
|-supereffective|p2b: Kingambit|1
|-damage|p2b: Kingambit|0 fnt
|faint|p2b: Kingambit
|
|win|oyarzalinho
||la cabra1 is ready for game 3.
||oyarzalinho is ready for game 3.
|uhtml|next|Next: Game 3 of 3
