|j|☆Bhjjggggggfghhgff
|j|☆falafamiredosidofa
|html|Bhjjggggggfghhgfffalafamiredosidofa    
|uhtml|bestof|Game 1 of a best-of-3
|t:|1785783260
|gametype|doubles
|player|p1|Bhjjggggggfghhgff|102|1076
|player|p2|falafamiredosidofa|steven|1089
|gen|9
|tier|[Gen 9 Champions] VGC 2026 Reg M-B (Bo3)
|rated|
|rule|Species Clause: Limit one of each Pokémon
|rule|Item Clause: Limit 1 of each item
|clearpoke
|poke|p1|Ninetales-Alola, L50, F|
|poke|p1|Kingambit, L50, M|
|poke|p1|Glimmora, L50, F|
|poke|p1|Kommo-o, L50, M|
|poke|p1|Whimsicott, L50, F|
|poke|p1|Basculegion, L50, M|
|poke|p2|Garchomp, L50, M|
|poke|p2|Venusaur, L50, M|
|poke|p2|Incineroar, L50, M|
|poke|p2|Charizard, L50, M|
|poke|p2|Toxapex, L50, M|
|poke|p2|Annihilape, L50, F|
|teampreview|4
|showteam|p1|Ninetales-Alola||NeverMeltIce|SnowWarning|Protect,Blizzard,FreezeDry,HelpingHand|Timid||F|||50|]Kingambit||ChopleBerry|Defiant|Protect,KowtowCleave,LowKick,SuckerPunch|Adamant||M|||50|]Glimmora||Glimmoranite|ToxicDebris|PowerGem,SludgeBomb,EarthPower,SpikyShield|Modest||F|||50|]Kommo-o||LifeOrb|Soundproof|AuraSphere,ClangingScales,VacuumWave,Protect|Modest||M|||50|]Whimsicott||FocusSash|Prankster|Protect,Moonblast,Tailwind,Encore|Timid||F|||50|]Basculegion||ChoiceScarf|Adaptability|WaveCrash,LastRespects,FlipTurn,AquaJet|Jolly||M|||50|
|showteam|p2|Garchomp||ChoiceScarf|RoughSkin|Earthquake,RockSlide,DragonClaw,StompingTantrum|Adamant||M|||50|]Venusaur||LifeOrb|Chlorophyll|SludgeBomb,SolarBeam,EarthPower,Protect|Modest||M|||50|]Incineroar||SitrusBerry|Intimidate|FakeOut,FlareBlitz,ThroatChop,PartingShot|Impish||M|||50|]Charizard||CharizarditeY|Blaze|HeatWave,WeatherBall,Protect,HelpingHand|Modest||M|||50|]Toxapex||Leftovers|Regenerator|Infestation,Toxic,WideGuard,BanefulBunker|Impish||M|||50|]Annihilape||FocusSash|Defiant|CloseCombat,PhantomForce,RockTomb,Protect|Jolly||F|||50|
|inactive|Battle timer is ON: inactive players will automatically lose when time's up. (requested by Bhjjggggggfghhgff)
|inactive|falafamiredosidofa has 60 seconds left.
|
|t:|1785783313
|teamsize|p1|4
|teamsize|p2|4
|start
|switch|p1a: Kingambit|Kingambit, L50, M|100/100
|switch|p1b: Whimsicott|Whimsicott, L50, F|100/100
|switch|p2a: Charizard|Charizard, L50, M|100/100
|switch|p2b: Venusaur|Venusaur, L50, M|100/100
|turn|1
|inactive|falafamiredosidofa has 30 seconds left.
|
|t:|1785783343
|detailschange|p2a: Charizard|Charizard-Mega-Y, L50, M
|-mega|p2a: Charizard|Charizard|Charizardite Y
|-weather|SunnyDay|[from] ability: Drought|[of] p2a: Charizard
|move|p1b: Whimsicott|Tailwind|p1b: Whimsicott
|-sidestart|p1: Bhjjggggggfghhgff|move: Tailwind
|move|p1a: Kingambit|Sucker Punch|p2a: Charizard
|-damage|p2a: Charizard|60/100
|move|p2b: Venusaur|Earth Power|p1a: Kingambit
|-supereffective|p1a: Kingambit|1
|-damage|p1a: Kingambit|41/100
|-damage|p2b: Venusaur|90/100|[from] item: Life Orb
|move|p2a: Charizard|Heat Wave|p1b: Whimsicott|[spread] p1a,p1b
|-supereffective|p1a: Kingambit|1
|-supereffective|p1b: Whimsicott|1
|-damage|p1a: Kingambit|0 fnt
|-enditem|p1b: Whimsicott|Focus Sash
|-damage|p1b: Whimsicott|1/100
|faint|p1a: Kingambit
|
|-weather|SunnyDay|[upkeep]
|upkeep
|
|t:|1785783359
|switch|p1a: Ninetales|Ninetales-Alola, L50, F|100/100
|-weather|Snowscape|[from] ability: Snow Warning|[of] p1a: Ninetales
|turn|2
|
|t:|1785783368
|switch|p2a: Incineroar|Incineroar, L50, M|100/100
|-ability|p2a: Incineroar|Intimidate|boost
|-unboost|p1a: Ninetales|atk|1
|-unboost|p1b: Whimsicott|atk|1
|switch|p2b: Toxapex|Toxapex, L50, M|100/100
|move|p1b: Whimsicott|Encore||[still]
|-fail|p1b: Whimsicott
|move|p1a: Ninetales|Blizzard|p2b: Toxapex|[spread] p2a,p2b
|-resisted|p2a: Incineroar|1
|-resisted|p2b: Toxapex|1
|-damage|p2a: Incineroar|83/100
|-damage|p2b: Toxapex|86/100
|
|-weather|Snowscape|[upkeep]
|-heal|p2b: Toxapex|92/100|[from] item: Leftovers
|upkeep
|turn|3
|
|t:|1785783388
|switch|p1a: Glimmora|Glimmora, L50, F|100/100
|move|p1b: Whimsicott|Protect|p1b: Whimsicott
|-singleturn|p1b: Whimsicott|Protect
|move|p2a: Incineroar|Fake Out|p1a: Glimmora
|-resisted|p1a: Glimmora|1
|-damage|p1a: Glimmora|94/100
|-activate|p1a: Glimmora|ability: Toxic Debris
|-sidestart|p2: falafamiredosidofa|move: Toxic Spikes
|move|p2b: Toxapex|Infestation|p1b: Whimsicott
|-activate|p1b: Whimsicott|move: Protect
|
|-weather|Snowscape|[upkeep]
|-heal|p2b: Toxapex|98/100|[from] item: Leftovers
|upkeep
|turn|4
|inactive|falafamiredosidofa has 30 seconds left.
|
|t:|1785783414
|detailschange|p1a: Glimmora|Glimmora-Mega, L50, F
|-mega|p1a: Glimmora|Glimmora|Glimmoranite
|move|p1b: Whimsicott|Encore|p2b: Toxapex
|-start|p2b: Toxapex|Encore
|move|p1a: Glimmora|Power Gem|p2a: Incineroar
|-supereffective|p2a: Incineroar|1
|-damage|p2a: Incineroar|0 fnt
|faint|p2a: Incineroar
|move|p2b: Toxapex|Infestation|p1b: Whimsicott
|-damage|p1b: Whimsicott|0 fnt
|faint|p1b: Whimsicott
|
|-weather|Snowscape|[upkeep]
|-heal|p2b: Toxapex|100/100|[from] item: Leftovers
|-sideend|p1: Bhjjggggggfghhgff|move: Tailwind
|upkeep
|
|t:|1785783428
|switch|p1b: Ninetales|Ninetales-Alola, L50, F|100/100
|switch|p2a: Charizard|Charizard-Mega-Y, L50, M|60/100
|-weather|SunnyDay|[from] ability: Drought|[of] p2a: Charizard
|turn|5
|
|t:|1785783435
|switch|p2b: Venusaur|Venusaur, L50, M|90/100
|-sideend|p2: falafamiredosidofa|move: Toxic Spikes|[of] p2b: Venusaur
|move|p1b: Ninetales|Protect|p1b: Ninetales
|-singleturn|p1b: Ninetales|Protect
|move|p2a: Charizard|Protect|p2a: Charizard
|-singleturn|p2a: Charizard|Protect
|move|p1a: Glimmora|Earth Power|p2b: Venusaur
|-damage|p2b: Venusaur|46/100
|
|-weather|SunnyDay|[upkeep]
|upkeep
|turn|6
|
|t:|1785783449
|move|p1a: Glimmora|Spiky Shield|p1a: Glimmora
|-singleturn|p1a: Glimmora|move: Protect
|move|p2b: Venusaur|Earth Power|p1a: Glimmora
|-activate|p1a: Glimmora|move: Protect
|move|p1b: Ninetales|Blizzard|p2a: Charizard|[spread] p2a,p2b
|-supereffective|p2b: Venusaur|1
|-damage|p2a: Charizard|31/100
|-damage|p2b: Venusaur|0 fnt
|faint|p2b: Venusaur
|move|p2a: Charizard|Weather Ball|p1b: Ninetales
|-supereffective|p1b: Ninetales|1
|-damage|p1b: Ninetales|0 fnt
|faint|p1b: Ninetales
|
|-weather|SunnyDay|[upkeep]
|upkeep
|
|t:|1785783451
|switch|p2b: Toxapex|Toxapex, L50, M|100/100
|turn|7
|
|t:|1785783467
|move|p1a: Glimmora|Power Gem|p2b: Toxapex
|-damage|p2b: Toxapex|49/100
|move|p2a: Charizard|Weather Ball|p1a: Glimmora
|-resisted|p1a: Glimmora|1
|-crit|p1a: Glimmora
|-damage|p1a: Glimmora|16/100
|move|p2b: Toxapex|Infestation|p1a: Glimmora
|-resisted|p1a: Glimmora|1
|-damage|p1a: Glimmora|15/100
|-activate|p1a: Glimmora|move: Infestation|[of] p2b: Toxapex
|
|-weather|SunnyDay|[upkeep]
|-heal|p2b: Toxapex|54/100|[from] item: Leftovers
|-damage|p1a: Glimmora|3/100|[from] move: Infestation|[partiallytrapped]
|upkeep
|turn|8
|
|t:|1785783480
|move|p2a: Charizard|Protect|p2a: Charizard
|-singleturn|p2a: Charizard|Protect
|move|p2b: Toxapex|Baneful Bunker|p2b: Toxapex
|-singleturn|p2b: Toxapex|move: Protect
|move|p1a: Glimmora|Power Gem|p2a: Charizard
|-activate|p2a: Charizard|move: Protect
|
|-weather|SunnyDay|[upkeep]
|-heal|p2b: Toxapex|60/100|[from] item: Leftovers
|-damage|p1a: Glimmora|0 fnt|[from] move: Infestation|[partiallytrapped]
|faint|p1a: Glimmora
|
|win|falafamiredosidofa
