|j|☆Lewis94
|j|☆HeracrossVGC
|html|Lewis94HeracrossVGC    
|uhtml|bestof|Game 3 of a best-of-3
|t:|1755873257
|gametype|doubles
|player|p1|Lewis94|ethan-gen2|1216
|player|p2|HeracrossVGC|102|1254
|gen|9
|tier|[Gen 9] VGC 2025 Reg H (Bo3)
|rated|
|rule|Species Clause: Limit one of each Pokémon
|rule|Item Clause: Limit 1 of each item
|clearpoke
|poke|p1|Garchomp, L50, M|
|poke|p1|Whimsicott, L50, F|
|poke|p1|Dragonite, L50, F|
|poke|p1|Kingambit, L50, F|
|poke|p1|Typhlosion-Hisui, L50, F|
|poke|p1|Torkoal, L50, M|
|poke|p2|Gholdengo, L50|
|poke|p2|Sneasler, L50, M|
|poke|p2|Rillaboom, L50, F|
|poke|p2|Dragonite, L50, M|
|poke|p2|Ninetales-Alola, L50, F|
|poke|p2|Arcanine-Hisui, L50, F|
|teampreview|4
|showteam|p1|Garchomp||LifeOrb|RoughSkin|DragonClaw,StompingTantrum,Earthquake,Protect|||M|||50|,,,,,Ground]Whimsicott||CovertCloak|Prankster|Tailwind,SunnyDay,Moonblast,Encore|||F|||50|,,,,,Dark]Dragonite||LoadedDice|Multiscale|ExtremeSpeed,ScaleShot,Tailwind,Protect|||F|||50|,,,,,Normal]Kingambit||AssaultVest|Defiant|IronHead,SuckerPunch,KowtowCleave,LowKick|||F|||50|,,,,,Flying]Typhlosion-Hisui||ChoiceSpecs|Blaze|Eruption,ShadowBall,HeatWave,Overheat|||F|||50|,,,,,Fire]Torkoal||EjectPack|Drought|Overheat,Flamethrower,HelpingHand,Protect|||M|||50|,,,,,Flying
|showteam|p2|Gholdengo||GrassySeed|GoodasGold|NastyPlot,MakeItRain,ShadowBall,Protect||||||50|,,,,,Water]Sneasler||WhiteHerb|Unburden|CloseCombat,DireClaw,Coaching,Protect|||M|||50|,,,,,Ghost]Rillaboom||AssaultVest|GrassySurge|FakeOut,GrassyGlide,DrumBeating,HighHorsepower|||F|||50|,,,,,Fire]Dragonite||LoadedDice|Multiscale|ScaleShot,Haze,Tailwind,Protect|||M|||50|,,,,,Ground]Ninetales-Alola||FocusSash|SnowWarning|Blizzard,IcyWind,Encore,AuroraVeil|||F|||50|,,,,,Ghost]Arcanine-Hisui||ClearAmulet|Intimidate|RockSlide,FlareBlitz,ExtremeSpeed,Protect|||F|||50|,,,,,Water
|inactive|Battle timer is ON: inactive players will automatically lose when time's up. (requested by Lewis94)
|j| spicy rider
|l| spicy rider
|inactive|Lewis94 has 60 seconds left.
|inactive|HeracrossVGC has 60 seconds left.
|inactive|HeracrossVGC has 30 seconds left.
|inactive|Lewis94 has 30 seconds left.
|inactive|HeracrossVGC has 20 seconds left.
|inactive|HeracrossVGC has 15 seconds left.
|inactive|HeracrossVGC has 10 seconds left.
|
|t:|1755873343
|teamsize|p1|4
|teamsize|p2|4
|start
|switch|p1a: Whimsicott|Whimsicott, L50, F|100/100
|switch|p1b: Torkoal|Torkoal, L50, M|100/100
|switch|p2a: Gholdengo|Gholdengo, L50|100/100
|switch|p2b: Rillaboom|Rillaboom, L50, F|100/100
|-fieldstart|move: Grassy Terrain|[from] ability: Grassy Surge|[of] p2b: Rillaboom
|-enditem|p2a: Gholdengo|Grassy Seed
|-boost|p2a: Gholdengo|def|1|[from] item: Grassy Seed
|-weather|SunnyDay|[from] ability: Drought|[of] p1b: Torkoal
|turn|1
|
|t:|1755873362
|move|p1b: Torkoal|Protect|p1b: Torkoal
|-singleturn|p1b: Torkoal|Protect
|move|p2b: Rillaboom|Fake Out|p1b: Torkoal
|-activate|p1b: Torkoal|move: Protect
|move|p1a: Whimsicott|Tailwind|p1a: Whimsicott
|-sidestart|p1: Lewis94|move: Tailwind
|move|p2a: Gholdengo|Nasty Plot|p2a: Gholdengo
|-boost|p2a: Gholdengo|spa|2
|
|-weather|SunnyDay|[upkeep]
|upkeep
|turn|2
|inactive|HeracrossVGC has 30 seconds left.
|inactive|HeracrossVGC has 20 seconds left.
|inactive|HeracrossVGC has 15 seconds left.
|inactive|HeracrossVGC has 10 seconds left.
|inactive|HeracrossVGC has 5 seconds left.
|
|t:|1755873414
|switch|p2b: Arcanine|Arcanine-Hisui, L50, F|100/100
|-ability|p2b: Arcanine|Intimidate|boost
|-unboost|p1a: Whimsicott|atk|1
|-unboost|p1b: Torkoal|atk|1
|-enditem|p1b: Torkoal|Eject Pack
|
|t:|1755873432
|switch|p1b: Garchomp|Garchomp, L50, M|100/100
|-terastallize|p2a: Gholdengo|Water
|move|p1a: Whimsicott|Encore||[still]
|-fail|p1a: Whimsicott
|move|p2a: Gholdengo|Shadow Ball|p1b: Garchomp
|-damage|p1b: Garchomp|16/100
|
|-weather|SunnyDay|[upkeep]
|-heal|p1b: Garchomp|22/100|[from] Grassy Terrain
|upkeep
|turn|3
|inactive|Lewis94 has 30 seconds left.
|inactive|Lewis94 has 20 seconds left.
|
|t:|1755873468
|switch|p1a: Torkoal|Torkoal, L50, M|100/100
|move|p1b: Garchomp|Protect|p1b: Garchomp
|-singleturn|p1b: Garchomp|Protect
|move|p2b: Arcanine|Extreme Speed|p1b: Garchomp
|-activate|p1b: Garchomp|move: Protect
|move|p2a: Gholdengo|Shadow Ball|p1a: Torkoal
|-damage|p1a: Torkoal|0 fnt
|faint|p1a: Torkoal
|
|-weather|SunnyDay|[upkeep]
|-heal|p1b: Garchomp|28/100|[from] Grassy Terrain
|upkeep
|
|t:|1755873491
|switch|p1a: Whimsicott|Whimsicott, L50, F|100/100
|turn|4
|inactive|Lewis94 has 30 seconds left.
|
|t:|1755873517
|switch|p2b: Rillaboom|Rillaboom, L50, F|100/100
|-terastallize|p1b: Garchomp|Ground
|move|p1a: Whimsicott|Moonblast|p2a: Gholdengo
|-damage|p2a: Gholdengo|64/100
|move|p1b: Garchomp|Earthquake|p2b: Rillaboom|[spread] p1a,p2a,p2b
|-resisted|p1a: Whimsicott
|-resisted|p2b: Rillaboom
|-damage|p1a: Whimsicott|72/100
|-damage|p2a: Gholdengo|35/100
|-damage|p2b: Rillaboom|78/100
|-damage|p1b: Garchomp|19/100|[from] item: Life Orb
|move|p2a: Gholdengo|Make It Rain|p1b: Garchomp|[spread] p1a,p1b
|-supereffective|p1a: Whimsicott
|-damage|p1a: Whimsicott|0 fnt
|-damage|p1b: Garchomp|0 fnt
|-unboost|p2a: Gholdengo|spa|1
|faint|p1a: Whimsicott
|faint|p1b: Garchomp
|
|-weather|SunnyDay|[upkeep]
|-heal|p2b: Rillaboom|84/100|[from] Grassy Terrain
|-heal|p2a: Gholdengo|42/100|[from] Grassy Terrain
|-sideend|p1: Lewis94|move: Tailwind
|upkeep
|
|t:|1755873537
|switch|p1b: Typhlosion|Typhlosion-Hisui, L50, F|100/100
|turn|5
|inactive|HeracrossVGC has 30 seconds left.
|inactive|HeracrossVGC has 20 seconds left.
|inactive|HeracrossVGC has 15 seconds left.
|c|☆HeracrossVGC|For next times, the Power of EQ Is halved when the grassy terrain is on the field :)
|inactive|HeracrossVGC has 10 seconds left.
|inactive|HeracrossVGC has 5 seconds left.
|
|t:|1755873589
|move|p2a: Gholdengo|Protect|p2a: Gholdengo
|-singleturn|p2a: Gholdengo|Protect
|move|p1b: Typhlosion|Heat Wave|p2a: Gholdengo|[spread] p2b
|-activate|p2a: Gholdengo|move: Protect
|-supereffective|p2b: Rillaboom
|-damage|p2b: Rillaboom|0 fnt
|faint|p2b: Rillaboom
|
|-weather|none
|-heal|p2a: Gholdengo|48/100|[from] Grassy Terrain
|-fieldend|move: Grassy Terrain
|upkeep
|
|t:|1755873596
|switch|p2b: Dragonite|Dragonite, L50, M|100/100
|turn|6
|c|☆Lewis94|thanks I appreciate it
|
|t:|1755873607
|switch|p2a: Arcanine|Arcanine-Hisui, L50, F|100/100
|-ability|p2a: Arcanine|Intimidate|boost
|-unboost|p1b: Typhlosion|atk|1
|move|p1b: Typhlosion|Heat Wave|p2b: Dragonite|[spread] p2a,p2b
|-resisted|p2a: Arcanine
|-resisted|p2b: Dragonite
|-damage|p2a: Arcanine|84/100
|-damage|p2b: Dragonite|87/100
|move|p2b: Dragonite|Tailwind|p2b: Dragonite
|-sidestart|p2: HeracrossVGC|move: Tailwind
|
|upkeep
|turn|7
|c|☆Lewis94|ggs
|
|t:|1755873617
|move|p2a: Arcanine|Rock Slide|p1b: Typhlosion
|-supereffective|p1b: Typhlosion
|-damage|p1b: Typhlosion|2/100
|move|p2b: Dragonite|Scale Shot|p1b: Typhlosion
|-damage|p1b: Typhlosion|0 fnt
|faint|p1b: Typhlosion
|-hitcount|p1: Typhlosion|1
|
|win|HeracrossVGC
|raw|Lewis94's rating: 1216 → 1194(-22 for losing)
|raw|HeracrossVGC's rating: 1254 → 1276(+22 for winning)
|c|☆HeracrossVGC|ggs
|l|☆HeracrossVGC
|player|p2|
