|j|☆VicSaus53
|j|☆Doomnik
|html|VicSaus53Doomnik    
|uhtml|bestof|Game 1 of a best-of-3
|t:|1756548953
|gametype|doubles
|player|p1|VicSaus53|266|1254
|player|p2|Doomnik|hiker-gen4|1170
|gen|9
|tier|[Gen 9] VGC 2025 Reg H (Bo3)
|rated|
|rule|Species Clause: Limit one of each Pokémon
|rule|Item Clause: Limit 1 of each item
|clearpoke
|poke|p1|Quaquaval, L50, F|
|poke|p1|Gholdengo, L50|
|poke|p1|Hydreigon, L50, F|
|poke|p1|Rillaboom, L50, F|
|poke|p1|Ninetales-Alola, L50, F|
|poke|p1|Magmar, L50, F|
|poke|p2|Ninetales-Alola, L50, F|
|poke|p2|Ursaluna-Bloodmoon, L50, M|
|poke|p2|Maushold-Four, L50|
|poke|p2|Annihilape, L50, M|
|poke|p2|Klefki, L50, F|
|poke|p2|Sinistcha-Masterpiece, L50|
|teampreview|4
|showteam|p1|Quaquaval||LifeOrb|Moxie|CloseCombat,AquaStep,AquaJet,Detect|||F|||50|,,,,,Water]Gholdengo||Leftovers|GoodasGold|MakeItRain,ShadowBall,NastyPlot,Protect||||||50|,,,,,Dragon]Hydreigon||SitrusBerry|Levitate|DragonPulse,DarkPulse,Tailwind,Protect|||F|||50|,,,,,Poison]Rillaboom||AssaultVest|GrassySurge|WoodHammer,GrassyGlide,Uturn,FakeOut|||F|||50|,,,,,Fire]Ninetales-Alola||FocusSash|SnowWarning|Blizzard,FreezeDry,Encore,Protect|||F|||50|,,,,,Ghost]Magmar||Eviolite|VitalSpirit|Flamethrower,Taunt,FollowMe,Protect|||F|||50|,,,,,Fairy
|showteam|p2|Ninetales-Alola||FocusSash|SnowWarning|Blizzard,FreezeDry,Encore,Protect|||F|||50|,,,,,Ghost]Ursaluna-Bloodmoon||AssaultVest|MindsEye|BloodMoon,EarthPower,HyperVoice,VacuumWave|||M|||50|,,,,,Water]Maushold-Four||SafetyGoggles|FriendGuard|BeatUp,Taunt,FollowMe,Protect||||||50|,,,,,Ghost]Annihilape||Leftovers|Defiant|DrainPunch,RageFist,BulkUp,Protect|||M|||50|,,,,,Fire]Klefki||LightClay|Prankster|DazzlingGleam,Reflect,LightScreen,MistyTerrain|||F|||50|,,,,,Ghost]Sinistcha-Masterpiece||SitrusBerry|Hospitality|MatchaGotcha,RagePowder,LifeDew,TrickRoom||||||50|,,,,,Water
|inactive|Battle timer is ON: inactive players will automatically lose when time's up. (requested by Doomnik)
|
|t:|1756549014
|teamsize|p1|4
|teamsize|p2|4
|start
|switch|p1a: Gholdengo|Gholdengo, L50|100/100
|switch|p1b: Magmar|Magmar, L50, F|100/100
|switch|p2a: Ursaluna|Ursaluna-Bloodmoon, L50, M|100/100
|switch|p2b: Klefki|Klefki, L50, F|100/100
|turn|1
|
|t:|1756549033
|-terastallize|p1a: Gholdengo|Dragon
|move|p1b: Magmar|Follow Me|p1b: Magmar
|-singleturn|p1b: Magmar|move: Follow Me
|move|p2b: Klefki|Light Screen|p2b: Klefki
|-sidestart|p2: Doomnik|move: Light Screen
|move|p1a: Gholdengo|Nasty Plot|p1a: Gholdengo
|-boost|p1a: Gholdengo|spa|2
|move|p2a: Ursaluna|Earth Power|p1b: Magmar
|-supereffective|p1b: Magmar
|-damage|p1b: Magmar|33/100
|
|upkeep
|turn|2
|
|t:|1756549057
|switch|p2b: Maushold|Maushold-Four, L50|100/100
|-terastallize|p2a: Ursaluna|Water
|move|p1b: Magmar|Follow Me|p1b: Magmar
|-singleturn|p1b: Magmar|move: Follow Me
|move|p1a: Gholdengo|Nasty Plot|p1a: Gholdengo
|-boost|p1a: Gholdengo|spa|2
|move|p2a: Ursaluna|Hyper Voice|p1b: Magmar|[spread] p1a,p1b
|-damage|p1a: Gholdengo|63/100
|-damage|p1b: Magmar|11/100
|
|-heal|p1a: Gholdengo|69/100|[from] item: Leftovers
|upkeep
|turn|3
|
|t:|1756549073
|move|p2b: Maushold|Follow Me|p2b: Maushold
|-singleturn|p2b: Maushold|move: Follow Me
|move|p1b: Magmar|Follow Me|p1b: Magmar
|-singleturn|p1b: Magmar|move: Follow Me
|move|p1a: Gholdengo|Make It Rain|p2a: Ursaluna|[spread] p2a,p2b
|-resisted|p2a: Ursaluna
|-damage|p2a: Ursaluna|78/100
|-damage|p2b: Maushold|0 fnt
|-unboost|p1a: Gholdengo|spa|1
|faint|p2b: Maushold
|move|p2a: Ursaluna|Hyper Voice|p1a: Gholdengo|[spread] p1a,p1b
|-damage|p1a: Gholdengo|35/100
|-damage|p1b: Magmar|0 fnt
|faint|p1b: Magmar
|
|-heal|p1a: Gholdengo|41/100|[from] item: Leftovers
|upkeep
|
|t:|1756549091
|switch|p2b: Sinistcha|Sinistcha-Masterpiece, L50|100/100
|switch|p1b: Ninetales|Ninetales-Alola, L50, F|100/100
|-weather|Snowscape|[from] ability: Snow Warning|[of] p1b: Ninetales
|-heal|p2a: Ursaluna|100/100|[from] ability: Hospitality|[of] p2b: Sinistcha
|turn|4
|inactive|Doomnik has 30 seconds left.
|inactive|Doomnik has 20 seconds left.
|inactive|Doomnik has 15 seconds left.
|
|t:|1756549131
|switch|p2b: Klefki|Klefki, L50, F|100/100
|move|p1a: Gholdengo|Protect|p1a: Gholdengo
|-singleturn|p1a: Gholdengo|Protect
|move|p1b: Ninetales|Blizzard|p2a: Ursaluna|[spread] p2a,p2b
|-resisted|p2a: Ursaluna
|-resisted|p2b: Klefki
|-damage|p2a: Ursaluna|94/100
|-damage|p2b: Klefki|90/100
|move|p2a: Ursaluna|Hyper Voice|p1a: Gholdengo|[spread] p1b
|-activate|p1a: Gholdengo|move: Protect
|-damage|p1b: Ninetales|53/100
|
|-weather|Snowscape|[upkeep]
|-heal|p1a: Gholdengo|47/100|[from] item: Leftovers
|upkeep
|turn|5
|
|t:|1756549155
|move|p1b: Ninetales|Freeze-Dry|p2a: Ursaluna
|-supereffective|p2a: Ursaluna
|-damage|p2a: Ursaluna|71/100
|move|p1a: Gholdengo|Shadow Ball|p2a: Ursaluna
|-damage|p2a: Ursaluna|26/100
|-unboost|p2a: Ursaluna|spd|1
|move|p2b: Klefki|Dazzling Gleam|p1b: Ninetales|[spread] p1a,p1b
|-supereffective|p1a: Gholdengo
|-damage|p1a: Gholdengo|13/100
|-damage|p1b: Ninetales|31/100
|move|p2a: Ursaluna|Hyper Voice|p1b: Ninetales|[spread] p1a,p1b
|-damage|p1a: Gholdengo|0 fnt
|-damage|p1b: Ninetales|0 fnt
|faint|p1a: Gholdengo
|faint|p1b: Ninetales
|
|-weather|Snowscape|[upkeep]
|upkeep
|
|t:|1756549164
|switch|p1b: Quaquaval|Quaquaval, L50, F|100/100
|turn|6
|
|t:|1756549174
|switch|p2b: Sinistcha|Sinistcha-Masterpiece, L50|100/100
|-heal|p2a: Ursaluna|50/100|[from] ability: Hospitality|[of] p2b: Sinistcha
|move|p1b: Quaquaval|Close Combat|p2a: Ursaluna
|-damage|p2a: Ursaluna|0 fnt
|-unboost|p1b: Quaquaval|def|1
|-unboost|p1b: Quaquaval|spd|1
|faint|p2a: Ursaluna
|-ability|p1b: Quaquaval|Moxie|boost
|-boost|p1b: Quaquaval|atk|1
|-damage|p1b: Quaquaval|91/100|[from] item: Life Orb
|
|-weather|Snowscape|[upkeep]
|upkeep
|
|t:|1756549181
|switch|p2a: Klefki|Klefki, L50, F|90/100
|turn|7
|-message|VicSaus53 forfeited.
|
|win|Doomnik
|l|☆VicSaus53
|player|p1|
||Doomnik is ready for game 2.
||VicSaus53 is ready for game 2.
|uhtml|next|Next: Game 2 of 3
