|j|☆clare_chan1738
|j|☆budster16
|html|clare_chan1738budster16    
|uhtml|bestof|Game 3 of a best-of-3
|t:|1783447418
|gametype|doubles
|player|p1|clare_chan1738|dawn-gen4pt|
|player|p2|budster16|silver|
|gen|9
|tier|[Gen 9 Champions] VGC 2026 Reg M-B (Bo3)
|rule|Species Clause: Limit one of each Pokémon
|rule|Item Clause: Limit 1 of each item
|clearpoke
|poke|p1|Aerodactyl, L50, M|
|poke|p1|Decidueye-Hisui, L50, M|
|poke|p1|Sneasler, L50, M, shiny|
|poke|p1|Volcarona, L50, F|
|poke|p1|Hatterene, L50, F|
|poke|p1|Banette, L50, F, shiny|
|poke|p2|Conkeldurr, L50, M|
|poke|p2|Skeledirge, L50, M|
|poke|p2|Leafeon, L50, F|
|poke|p2|Barbaracle, L50, M|
|poke|p2|Infernape, L50, F|
|poke|p2|Pyroar, L50, F|
|teampreview|4
|showteam|p1|Aerodactyl||Aerodactylite|Unnerve|DualWingbeat,RockSlide,Tailwind,Protect|Jolly||M|||50|]Decidueye-Hisui||ScopeLens|Scrappy|TripleArrows,LeafBlade,SuckerPunch,Protect|Jolly||M|||50|]Sneasler||WhiteHerb|Unburden|FakeOut,DireClaw,CloseCombat,Protect|Adamant||M|||50|]Volcarona||FocusSash|FlameBody|QuiverDance,FieryDance,BugBuzz,Protect|Timid||F|||50|]Hatterene||QuickClaw|MagicBounce|Psychic,DazzlingGleam,ShadowBall,Protect|Modest||F|||50|]Banette||Banettite|CursedBody|DestinyBond,Encore,Disable,Poltergeist|Adamant||F|||50|
|showteam|p2|Conkeldurr||LifeOrb|SheerForce|CloseCombat,RockSlide,IcePunch,MachPunch|Adamant||M|||50|]Skeledirge||Leftovers|Unaware|TorchSong,ShadowBall,SlackOff,Protect|Modest||M|||50|]Leafeon||MiracleSeed|Chlorophyll|SolarBlade,SwordsDance,SunnyDay,KnockOff|Adamant||F|||50|]Barbaracle||Barbaracite|ToughClaws|RockSlide,CloseCombat,ShellSmash,Protect|Adamant||M|||50|]Infernape||FocusSash|Blaze|FakeOut,FlareBlitz,CloseCombat,SunnyDay|Jolly||F|||50|]Pyroar||Pyroarite|Unnerve|HeatWave,Overheat,ScorchingSands,Protect|Timid||F|||50|
|j| ChocoHammy
|j| InfiniKnight
|c| InfiniKnight|round 1 3 game series lets go!!!!!
|
|t:|1783447460
|teamsize|p1|4
|teamsize|p2|4
|start
|switch|p1a: Sneasler|Sneasler, L50, M, shiny|100/100
|switch|p1b: Aerodactyl|Aerodactyl, L50, M|100/100
|switch|p2a: Conk|Conkeldurr, L50, M|100/100
|switch|p2b: Conk's FO User|Infernape, L50, F|100/100
|-ability|p1b: Aerodactyl|Unnerve
|turn|1
|
|t:|1783447505
|move|p2b: Conk's FO User|Fake Out|p1b: Aerodactyl
|-resisted|p1b: Aerodactyl|1
|-damage|p1b: Aerodactyl|92/100
|cant|p1b: Aerodactyl|flinch
|move|p1a: Sneasler|Close Combat|p2a: Conk
|-damage|p2a: Conk|41/100
|-unboost|p1a: Sneasler|def|1
|-unboost|p1a: Sneasler|spd|1
|-enditem|p1a: Sneasler|White Herb
|-clearnegativeboost|p1a: Sneasler|[silent]
|move|p2a: Conk|Rock Slide|p1b: Aerodactyl|[spread] p1a,p1b
|-resisted|p1a: Sneasler|1
|-supereffective|p1b: Aerodactyl|1
|-damage|p1a: Sneasler|72/100
|-damage|p1b: Aerodactyl|1/100
|
|upkeep
|turn|2
|c| InfiniKnight|tanky aero
|
|t:|1783447547
|switch|p2a: Conk's Civic|Skeledirge, L50, M|100/100
|detailschange|p1b: Aerodactyl|Aerodactyl-Mega, L50, M
|-mega|p1b: Aerodactyl|Aerodactyl|Aerodactylite
|move|p1a: Sneasler|Close Combat|p2a: Conk's Civic
|-immune|p2a: Conk's Civic
|move|p1b: Aerodactyl|Dual Wingbeat|p2b: Conk's FO User
|-supereffective|p2b: Conk's FO User|1
|-damage|p2b: Conk's FO User|17/100
|-supereffective|p2b: Conk's FO User|1
|-damage|p2b: Conk's FO User|0 fnt
|faint|p2b: Conk's FO User
|-hitcount|p2: Conk's FO User|2
|
|upkeep
|
|t:|1783447564
|switch|p2b: Punc Hands|Barbaracle, L50, M|100/100
|turn|3
|
|t:|1783447582
|move|p2b: Punc Hands|Protect|p2b: Punc Hands
|-singleturn|p2b: Punc Hands|Protect
|move|p1a: Sneasler|Close Combat|p2b: Punc Hands
|-activate|p2b: Punc Hands|move: Protect
|move|p1b: Aerodactyl|Rock Slide|p2b: Punc Hands|[spread] p2a
|-activate|p2b: Punc Hands|move: Protect
|-supereffective|p2a: Conk's Civic|1
|-damage|p2a: Conk's Civic|55/100
|move|p2a: Conk's Civic|Torch Song|p1b: Aerodactyl
|-resisted|p1b: Aerodactyl|1
|-damage|p1b: Aerodactyl|0 fnt
|-boost|p2a: Conk's Civic|spa|1
|faint|p1b: Aerodactyl
|
|-heal|p2a: Conk's Civic|61/100|[from] item: Leftovers
|upkeep
|
|t:|1783447598
|switch|p1b: Rock Immune|Volcarona, L50, F|100/100
|turn|4
|
|t:|1783447630
|detailschange|p2b: Punc Hands|Barbaracle-Mega, L50, M
|-mega|p2b: Punc Hands|Barbaracle|Barbaracite
|move|p1a: Sneasler|Close Combat|p2b: Punc Hands
|-supereffective|p2b: Punc Hands|1
|-damage|p2b: Punc Hands|0 fnt
|-unboost|p1a: Sneasler|def|1
|-unboost|p1a: Sneasler|spd|1
|faint|p2b: Punc Hands
|move|p1b: Rock Immune|Quiver Dance|p1b: Rock Immune
|-boost|p1b: Rock Immune|spa|1
|-boost|p1b: Rock Immune|spd|1
|-boost|p1b: Rock Immune|spe|1
|move|p2a: Conk's Civic|Torch Song|p1a: Sneasler
|-damage|p1a: Sneasler|0 fnt
|-boost|p2a: Conk's Civic|spa|1
|faint|p1a: Sneasler
|
|-heal|p2a: Conk's Civic|66/100|[from] item: Leftovers
|upkeep
|
|t:|1783447648
|switch|p1a: Banette|Banette, L50, F, shiny|100/100
|switch|p2b: Conk|Conkeldurr, L50, M|41/100
|turn|5
|
|t:|1783447703
|move|p2b: Conk|Mach Punch|p1b: Rock Immune
|-resisted|p1b: Rock Immune|1
|-crit|p1b: Rock Immune
|-damage|p1b: Rock Immune|67/100
|-damage|p2b: Conk|32/100|[from] item: Life Orb
|move|p1b: Rock Immune|Fiery Dance|p2b: Conk
|-damage|p2b: Conk|0 fnt
|faint|p2b: Conk
|move|p1a: Banette|Destiny Bond|p1a: Banette
|-singlemove|p1a: Banette|Destiny Bond
|move|p2a: Conk's Civic|Shadow Ball|p1a: Banette
|-supereffective|p1a: Banette|1
|-damage|p1a: Banette|0 fnt
|faint|p1a: Banette
|-activate|p1a: Banette|move: Destiny Bond
|faint|p2a: Conk's Civic
|
|win|clare_chan1738
|c| InfiniKnight|OMG
