|j|☆spaceworld2000
|j|☆elegyinternational
|html|spaceworld2000elegyinternational    
|uhtml|bestof|Game 2 of a best-of-3
|t:|1756876718
|gametype|doubles
|player|p1|spaceworld2000|n|1014
|player|p2|elegyinternational|pokemonbreederf|1066
|gen|9
|tier|[Gen 9] VGC 2025 Reg H (Bo3)
|rated|
|rule|Species Clause: Limit one of each Pokémon
|rule|Item Clause: Limit 1 of each item
|clearpoke
|poke|p1|Dragonite, L50, F|
|poke|p1|Volcarona, L50, M|
|poke|p1|Sylveon, L50, M|
|poke|p1|Rillaboom, L50, F|
|poke|p1|Sneasler, L50, M|
|poke|p1|Kingambit, L50, M|
|poke|p2|Ursaluna-Bloodmoon, L50, M|
|poke|p2|Gholdengo, L50|
|poke|p2|Incineroar, L50, F|
|poke|p2|Dragonite, L50, M|
|poke|p2|Sneasler, L50, F|
|poke|p2|Amoonguss, L50, F|
|teampreview|4
|showteam|p1|Dragonite||WeaknessPolicy|Multiscale|ExtremeSpeed,Tailwind,DragonClaw,StompingTantrum|||F|||50|,,,,,Normal]Volcarona||CovertCloak|FlameBody|StruggleBug,FieryDance,RagePowder,WillOWisp|||M|||50|,,,,,Grass]Sylveon||ThroatSpray|Pixilate|HyperVoice,HelpingHand,TeraBlast,QuickAttack|||M|||50|,,,,,Fire]Rillaboom||AssaultVest|GrassySurge|FakeOut,Uturn,GrassyGlide,WoodHammer|||F|||50|,,,,,Grass]Sneasler||GrassySeed|Unburden|CloseCombat,Coaching,DireClaw,FakeOut|||M|||50|,,,,,Flying]Kingambit||BlackGlasses|Defiant|KowtowCleave,SwordsDance,SuckerPunch,Protect|||M|||50|,,,,,Dark
|showteam|p2|Ursaluna-Bloodmoon||LifeOrb|MindsEye|HyperVoice,BloodMoon,EarthPower,Protect|||M|||50|,,,,,Dragon]Gholdengo||MetalCoat|GoodasGold|MakeItRain,ShadowBall,NastyPlot,Protect||||||50|,,,,,Water]Incineroar||AssaultVest|Intimidate|FakeOut,FlareBlitz,KnockOff,Uturn|||F|||50|,,,,,Grass]Dragonite||LoadedDice|Multiscale|ScaleShot,Tailwind,Haze,Protect|||M|||50|,,,,,Fairy]Sneasler||FocusSash|PoisonTouch|DireClaw,CloseCombat,FakeOut,Protect|||F|||50|,,,,,Stellar]Amoonguss||SitrusBerry|Regenerator|Spore,RagePowder,PollenPuff,Protect|||F|||50|,,,,,Water
|inactive|Battle timer is ON: inactive players will automatically lose when time's up. (requested by spaceworld2000)
|inactive|spaceworld2000 has 60 seconds left.
|
|t:|1756876756
|teamsize|p1|4
|teamsize|p2|4
|start
|switch|p1a: Sylveon|Sylveon, L50, M, shiny|100/100
|switch|p1b: Dragonite|Dragonite, L50, F|100/100
|switch|p2a: Ursaluna|Ursaluna-Bloodmoon, L50, M|100/100
|switch|p2b: Joshua|Dragonite, L50, M|100/100
|turn|1
|
|t:|1756876766
|-terastallize|p2b: Joshua|Fairy
|move|p2b: Joshua|Tailwind|p2b: Joshua
|-sidestart|p2: elegyinternational|move: Tailwind
|move|p2a: Ursaluna|Blood Moon|p1a: Sylveon
|-damage|p1a: Sylveon|33/100
|-damage|p2a: Ursaluna|91/100|[from] item: Life Orb
|move|p1b: Dragonite|Tailwind|p1b: Dragonite
|-sidestart|p1: spaceworld2000|move: Tailwind
|move|p1a: Sylveon|Hyper Voice|p2b: Joshua|[spread] p2a,p2b
|-crit|p2a: Ursaluna
|-crit|p2b: Joshua
|-damage|p2a: Ursaluna|22/100
|-damage|p2b: Joshua|70/100
|-enditem|p1a: Sylveon|Throat Spray
|-boost|p1a: Sylveon|spa|1|[from] item: Throat Spray
|
|upkeep
|turn|2
|inactive|spaceworld2000 has 30 seconds left.
|
|t:|1756876801
|switch|p2b: Lancelot|Incineroar, L50, F, shiny|100/100
|-ability|p2b: Lancelot|Intimidate|boost
|-unboost|p1a: Sylveon|atk|1
|-unboost|p1b: Dragonite|atk|1
|move|p2a: Ursaluna|Protect|p2a: Ursaluna
|-singleturn|p2a: Ursaluna|Protect
|move|p1b: Dragonite|Extreme Speed|p2a: Ursaluna
|-activate|p2a: Ursaluna|move: Protect
|move|p1a: Sylveon|Quick Attack|p1b: Dragonite
|-supereffective|p1b: Dragonite
|-damage|p1b: Dragonite|94/100
|-enditem|p1b: Dragonite|Weakness Policy
|-boost|p1b: Dragonite|atk|2|[from] item: Weakness Policy
|-boost|p1b: Dragonite|spa|2|[from] item: Weakness Policy
|
|upkeep
|turn|3
|
|t:|1756876830
|-terastallize|p1b: Dragonite|Normal
|move|p1b: Dragonite|Extreme Speed|p2b: Lancelot
|-damage|p2b: Lancelot|36/100
|move|p2b: Lancelot|U-turn|p1a: Sylveon
|-resisted|p1a: Sylveon
|-damage|p1a: Sylveon|21/100
|
|t:|1756876836
|switch|p2b: Joshua|Dragonite, L50, M, tera:Fairy|70/100|[from] U-turn
|move|p2a: Ursaluna|Blood Moon|p1b: Dragonite
|-damage|p1b: Dragonite|0 fnt
|faint|p1b: Dragonite
|-damage|p2a: Ursaluna|12/100|[from] item: Life Orb
|move|p1a: Sylveon|Hyper Voice|p2a: Ursaluna|[spread] p2a,p2b
|-damage|p2a: Ursaluna|0 fnt
|-damage|p2b: Joshua|3/100
|faint|p2a: Ursaluna
|
|upkeep
|
|t:|1756876850
|switch|p1b: Sneasler|Sneasler, L50, M|100/100
|switch|p2a: Hehe|Sneasler, L50, F|100/100
|turn|4
|
|t:|1756876873
|move|p2a: Hehe|Protect|p2a: Hehe
|-singleturn|p2a: Hehe|Protect
|move|p1b: Sneasler|Fake Out|p2a: Hehe
|-activate|p2a: Hehe|move: Protect
|move|p1a: Sylveon|Quick Attack|p2b: Joshua
|-damage|p2b: Joshua|0 fnt
|faint|p2b: Joshua
|
|-sideend|p2: elegyinternational|move: Tailwind
|-sideend|p1: spaceworld2000|move: Tailwind
|upkeep
|
|t:|1756876879
|switch|p2b: Lancelot|Incineroar, L50, F, shiny|36/100
|-ability|p2b: Lancelot|Intimidate|boost
|-unboost|p1a: Sylveon|atk|1
|-unboost|p1b: Sneasler|atk|1
|turn|5
|
|t:|1756876893
|switch|p1b: Volcarona|Volcarona, L50, M|100/100
|move|p2a: Hehe|Dire Claw|p1b: Volcarona
|-damage|p1b: Volcarona|44/100
|move|p2b: Lancelot|Flare Blitz|p1a: Sylveon
|-damage|p1a: Sylveon|0 fnt
|faint|p1a: Sylveon
|-damage|p2b: Lancelot|29/100|[from] Recoil
|
|upkeep
|
|t:|1756876902
|switch|p1a: Sneasler|Sneasler, L50, M|100/100
|turn|6
|
|t:|1756876922
|move|p1b: Volcarona|Rage Powder|p1b: Volcarona
|-singleturn|p1b: Volcarona|move: Rage Powder
|move|p1a: Sneasler|Dire Claw|p2b: Lancelot
|-damage|p2b: Lancelot|0 fnt
|faint|p2b: Lancelot
|move|p2a: Hehe|Dire Claw|p1b: Volcarona
|-crit|p1b: Volcarona
|-damage|p1b: Volcarona|0 fnt
|faint|p1b: Volcarona
|
|upkeep
|turn|7
|c|☆elegyinternational|it begins
|c|☆elegyinternational|good luck
|
|t:|1756876939
|move|p2a: Hehe|Dire Claw|p1a: Sneasler
|-resisted|p1a: Sneasler
|-damage|p1a: Sneasler|64/100
|-status|p1a: Sneasler|slp
|cant|p1a: Sneasler|slp
|
|upkeep
|turn|8
|-message|spaceworld2000 forfeited.
|raw|spaceworld2000's rating: 1014 → 1004(-10 for losing)
|raw|elegyinternational's rating: 1066 → 1092(+26 for winning)
|
|win|elegyinternational
|l|☆spaceworld2000
|player|p1|
