|j|☆aqoursfan1
|j|☆lakenta
|html|aqoursfan1lakenta    
|uhtml|bestof|Game 3 of a best-of-3
|t:|1785616823
|gametype|doubles
|player|p1|aqoursfan1|anabel-gen7|1143
|player|p2|lakenta|pokemonranger-gen4|1149
|gen|9
|tier|[Gen 9 Champions] VGC 2026 Reg M-B (Bo3)
|rated|
|rule|Species Clause: Limit one of each Pokémon
|rule|Item Clause: Limit 1 of each item
|clearpoke
|poke|p1|Raichu, L50, F|
|poke|p1|Gengar, L50, F|
|poke|p1|Incineroar, L50, M|
|poke|p1|Ninetales-Alola, L50, F, shiny|
|poke|p1|Volcarona, L50, F, shiny|
|poke|p1|Kommo-o, L50, M|
|poke|p2|Kingambit, L50, M|
|poke|p2|Charizard, L50, F|
|poke|p2|Garchomp, L50, F|
|poke|p2|Aerodactyl, L50, M|
|poke|p2|Sneasler, L50, M|
|poke|p2|Floette-Eternal, L50, F|
|teampreview|4
|showteam|p1|Raichu||RaichuniteX|LightningRod|VoltTackle,VoltSwitch,FakeOut,Protect|Jolly||F|||50|]Gengar||Gengarite|CursedBody|ShadowBall,SludgeBomb,Substitute,Protect|Modest||F|||50|]Incineroar||PasshoBerry|Intimidate|FlareBlitz,ThroatChop,PartingShot,FakeOut|Adamant||M|||50|]Ninetales-Alola||ChoiceScarf|SnowWarning|Blizzard,FreezeDry,IcyWind,Moonblast|Timid||F|||50|]Volcarona||SitrusBerry|FlameBody|Flamethrower,StruggleBug,RagePowder,Protect|Bold||F|||50|]Kommo-o||Leftovers|Soundproof|ClangingScales,AuraSphere,ClangorousSoul,Protect|Modest||M|||50|
|showteam|p2|Kingambit||BlackGlasses|Defiant|KowtowCleave,IronHead,SuckerPunch,Protect|Adamant||M|||50|]Charizard||CharizarditeY|SolarPower|WeatherBall,HeatWave,SolarBeam,Protect|Modest||F|||50|]Garchomp||LifeOrb|RoughSkin|ScaleShot,RockSlide,Earthquake,Protect|Adamant||F|||50|]Aerodactyl||FocusSash|Unnerve|RockSlide,Tailwind,WideGuard,Protect|Jolly||M|||50|]Sneasler||WhiteHerb|Unburden|CloseCombat,DireClaw,FakeOut,Protect|Adamant||M|||50|]Floette-Eternal||Floettite|FlowerVeil|Moonblast,LightofRuin,DazzlingGleam,Protect|Timid||F|||50|
|inactive|Battle timer is ON: inactive players will automatically lose when time's up. (requested by aqoursfan1)
|inactive|aqoursfan1 has 60 seconds left.
|
|t:|1785616876
|teamsize|p1|4
|teamsize|p2|4
|start
|switch|p1a: Kommo-o|Kommo-o, L50, M|100/100
|switch|p1b: Gengar|Gengar, L50, F|100/100
|switch|p2a: Kanye West|Sneasler, L50, M|100/100
|switch|p2b: Beabadoobee|Garchomp, L50, F|100/100
|turn|1
|
|t:|1785616890
|switch|p1a: Ninetales|Ninetales-Alola, L50, F, shiny|100/100
|-weather|Snowscape|[from] ability: Snow Warning|[of] p1a: Ninetales
|detailschange|p1b: Gengar|Gengar-Mega, L50, F
|-mega|p1b: Gengar|Gengar|Gengarite
|move|p1b: Gengar|Protect|p1b: Gengar
|-singleturn|p1b: Gengar|Protect
|move|p2a: Kanye West|Fake Out|p1a: Ninetales
|-damage|p1a: Ninetales|83/100
|move|p2b: Beabadoobee|Scale Shot|p1b: Gengar
|-activate|p1b: Gengar|move: Protect
|
|-weather|Snowscape|[upkeep]
|upkeep
|turn|2
|
|t:|1785616903
|move|p2b: Beabadoobee|Protect|p2b: Beabadoobee
|-singleturn|p2b: Beabadoobee|Protect
|move|p1a: Ninetales|Blizzard|p2b: Beabadoobee|[spread] p2a
|-activate|p2b: Beabadoobee|move: Protect
|-damage|p2a: Kanye West|59/100
|move|p1b: Gengar|Shadow Ball|p2a: Kanye West
|-crit|p2a: Kanye West
|-damage|p2a: Kanye West|0 fnt
|faint|p2a: Kanye West
|
|-weather|Snowscape|[upkeep]
|upkeep
|
|t:|1785616918
|switch|p2a: Hailey Knox|Charizard, L50, F|100/100
|turn|3
|
|t:|1785616928
|detailschange|p2a: Hailey Knox|Charizard-Mega-Y, L50, F
|-mega|p2a: Hailey Knox|Charizard|Charizardite Y
|-weather|SunnyDay|[from] ability: Drought|[of] p2a: Hailey Knox
|move|p1a: Ninetales|Blizzard|p2b: Beabadoobee|[spread] p2a,p2b
|-supereffective|p2b: Beabadoobee|2
|-damage|p2a: Hailey Knox|69/100
|-damage|p2b: Beabadoobee|0 fnt
|faint|p2b: Beabadoobee
|move|p1b: Gengar|Sludge Bomb|p2a: Hailey Knox
|-damage|p2a: Hailey Knox|12/100
|move|p2a: Hailey Knox|Heat Wave|p1b: Gengar|[spread] p1a,p1b
|-supereffective|p1a: Ninetales|1
|-damage|p1a: Ninetales|0 fnt
|-damage|p1b: Gengar|24/100
|-status|p1b: Gengar|brn
|faint|p1a: Ninetales
|
|-weather|SunnyDay|[upkeep]
|-damage|p1b: Gengar|18/100 brn|[from] brn
|upkeep
|
|t:|1785616943
|switch|p1a: Kommo-o|Kommo-o, L50, M|100/100
|switch|p2b: Leon Thomas|Kingambit, L50, M|100/100
|turn|4
|
|t:|1785616956
|move|p2b: Leon Thomas|Sucker Punch|p1b: Gengar
|-supereffective|p1b: Gengar|1
|-damage|p1b: Gengar|0 fnt
|faint|p1b: Gengar
|move|p2a: Hailey Knox|Weather Ball|p1a: Kommo-o
|-resisted|p1a: Kommo-o|1
|-damage|p1a: Kommo-o|43/100
|move|p1a: Kommo-o|Aura Sphere|p2b: Leon Thomas
|-supereffective|p2b: Leon Thomas|2
|-damage|p2b: Leon Thomas|0 fnt
|faint|p2b: Leon Thomas
|
|-weather|SunnyDay|[upkeep]
|-heal|p1a: Kommo-o|49/100|[from] item: Leftovers
|upkeep
|
|t:|1785616959
|switch|p1b: Volcarona|Volcarona, L50, F, shiny|100/100
|turn|5
|
|t:|1785616973
|move|p1a: Kommo-o|Protect|p1a: Kommo-o
|-singleturn|p1a: Kommo-o|Protect
|move|p1b: Volcarona|Protect|p1b: Volcarona
|-singleturn|p1b: Volcarona|Protect
|move|p2a: Hailey Knox|Weather Ball|p1a: Kommo-o
|-activate|p1a: Kommo-o|move: Protect
|
|-weather|SunnyDay|[upkeep]
|-heal|p1a: Kommo-o|54/100|[from] item: Leftovers
|upkeep
|turn|6
|
|t:|1785616979
|move|p1b: Volcarona|Rage Powder|p1b: Volcarona
|-singleturn|p1b: Volcarona|move: Rage Powder
|move|p2a: Hailey Knox|Weather Ball|p1b: Volcarona
|-damage|p1b: Volcarona|14/100
|-enditem|p1b: Volcarona|Sitrus Berry|[eat]
|-heal|p1b: Volcarona|39/100|[from] item: Sitrus Berry
|move|p1a: Kommo-o|Clanging Scales|p2a: Hailey Knox
|-damage|p2a: Hailey Knox|0 fnt
|faint|p2a: Hailey Knox
|
|win|aqoursfan1
|raw|aqoursfan1's rating: 1143 → 1168(+25 for winning)
|raw|lakenta's rating: 1149 → 1124(-25 for losing)
