|j|☆Astterio
|j|☆cynthia's grippers
|html|Astteriocynthia's grippers    
|uhtml|bestof|Game 1 of a best-of-3
|t:|1756479555
|gametype|doubles
|player|p1|Astterio|eusine|1304
|player|p2|cynthia's grippers|cynthia-gen4|1198
|gen|9
|tier|[Gen 9] VGC 2025 Reg H (Bo3)
|rated|
|rule|Species Clause: Limit one of each Pokémon
|rule|Item Clause: Limit 1 of each item
|clearpoke
|poke|p1|Ninetales-Alola, L50, F|
|poke|p1|Dragonite, L50, F|
|poke|p1|Incineroar, L50, F|
|poke|p1|Annihilape, L50, M|
|poke|p1|Ursaluna-Bloodmoon, L50, M|
|poke|p1|Basculegion, L50, M|
|poke|p2|Rillaboom, L50, F|
|poke|p2|Magmar, L50, F|
|poke|p2|Kingambit, L50, F|
|poke|p2|Ninetales-Alola, L50, F|
|poke|p2|Basculegion, L50, M|
|poke|p2|Sneasler, L50, F|
|teampreview|4
|showteam|p1|Ninetales-Alola||FocusSash|SnowWarning|Blizzard,Moonblast,Encore,Protect|||F|||50|,,,,,Ghost]Dragonite||LoadedDice|Multiscale|ScaleShot,Haze,Tailwind,Protect|||F|||50|,,,,,Steel]Incineroar||SafetyGoggles|Intimidate|FakeOut,PartingShot,KnockOff,FlareBlitz|||F|||50|,,,,,Ghost]Annihilape||LumBerry|Defiant|Taunt,CloseCombat,RageFist,Protect|||M|||50|,,,,,Fire]Ursaluna-Bloodmoon||AssaultVest|MindsEye|BloodMoon,HyperVoice,EarthPower,VacuumWave|||M|||50|,,,,,Poison]Basculegion||ChoiceScarf|Adaptability|WaveCrash,LastRespects,FlipTurn,AquaJet|||M|||50|,,,,,Water
|showteam|p2|Rillaboom||AssaultVest|GrassySurge|DrumBeating,GrassyGlide,FakeOut,Uturn|||F|||50|,,,,,Ghost]Magmar||Eviolite|VitalSpirit|Overheat,FollowMe,Taunt,Protect|||F|||50|,,,,,Ghost]Kingambit||BlackGlasses|Defiant|KowtowCleave,SuckerPunch,SwordsDance,Protect|||F|||50|,,,,,Fire]Ninetales-Alola||LifeOrb|SnowWarning|Blizzard,FreezeDry,Encore,Protect|||F|||50|,,,,,Ghost]Basculegion||ChoiceScarf|Adaptability|WaveCrash,LastRespects,FlipTurn,TeraBlast|||M|||50|,,,,,Fighting]Sneasler||FocusSash|PoisonTouch|CloseCombat,DireClaw,FakeOut,Protect|||F|||50|,,,,,Ghost
|inactive|Battle timer is ON: inactive players will automatically lose when time's up. (requested by Astterio)
|
|t:|1756479589
|teamsize|p1|4
|teamsize|p2|4
|start
|switch|p1a: Basculegion|Basculegion, L50, M|100/100
|switch|p1b: Annihilape|Annihilape, L50, M|100/100
|switch|p2a: Sneasler|Sneasler, L50, F|100/100
|switch|p2b: Kingambit|Kingambit, L50, F|100/100
|turn|1
|inactive|cynthia's grippers has 30 seconds left.
|inactive|cynthia's grippers has 20 seconds left.
|
|t:|1756479624
|-terastallize|p1a: Basculegion|Water
|move|p2b: Kingambit|Protect|p2b: Kingambit
|-singleturn|p2b: Kingambit|Protect
|move|p1a: Basculegion|Flip Turn|p2a: Sneasler
|-damage|p2a: Sneasler|25/100
|
|t:|1756479631
|switch|p1a: Ninetales|Ninetales-Alola, L50, F, shiny|100/100|[from] Flip Turn
|-weather|Snowscape|[from] ability: Snow Warning|[of] p1a: Ninetales
|move|p2a: Sneasler|Dire Claw|p1a: Ninetales
|-supereffective|p1a: Ninetales
|-enditem|p1a: Ninetales|Focus Sash
|-damage|p1a: Ninetales|1/100
|move|p1b: Annihilape|Rage Fist|p2a: Sneasler
|-damage|p2a: Sneasler|0 fnt
|faint|p2a: Sneasler
|
|-weather|Snowscape|[upkeep]
|upkeep
|
|t:|1756479649
|switch|p2a: Basculegion|Basculegion, L50, M|100/100
|turn|2
|inactive|Astterio has 30 seconds left.
|
|t:|1756479674
|switch|p1b: Ursaluna|Ursaluna-Bloodmoon, L50, M|100/100
|-terastallize|p2b: Kingambit|Fire
|move|p2a: Basculegion|Last Respects|p1b: Ursaluna
|-immune|p1b: Ursaluna
|move|p1a: Ninetales|Encore|p2b: Kingambit
|-start|p2b: Kingambit|Encore
|move|p2b: Kingambit|Protect||[still]
|-fail|p2b: Kingambit
|
|-weather|Snowscape|[upkeep]
|upkeep
|turn|3
|
|t:|1756479696
|switch|p2b: Ninetales|Ninetales-Alola, L50, F|100/100
|move|p2a: Basculegion|Last Respects|p1a: Ninetales
|-damage|p1a: Ninetales|0 fnt
|faint|p1a: Ninetales
|move|p1b: Ursaluna|Blood Moon|p2a: Basculegion
|-damage|p2a: Basculegion|22/100
|
|-weather|Snowscape|[upkeep]
|upkeep
|
|t:|1756479703
|switch|p1a: Basculegion|Basculegion, L50, M, tera:Water|100/100
|turn|4
|
|t:|1756479717
|move|p1a: Basculegion|Flip Turn|p2a: Basculegion
|-resisted|p2a: Basculegion
|-damage|p2a: Basculegion|0 fnt
|faint|p2a: Basculegion
|
|t:|1756479719
|switch|p1a: Annihilape|Annihilape, L50, M|100/100|[from] Flip Turn
|move|p2b: Ninetales|Freeze-Dry|p1a: Annihilape
|-damage|p1a: Annihilape|68/100
|-damage|p2b: Ninetales|91/100|[from] item: Life Orb
|move|p1b: Ursaluna|Hyper Voice|p2b: Ninetales
|-damage|p2b: Ninetales|38/100
|
|-weather|Snowscape|[upkeep]
|upkeep
|
|t:|1756479721
|switch|p2a: Kingambit|Kingambit, L50, F, tera:Fire|100/100
|turn|5
|
|t:|1756479733
|switch|p1b: Basculegion|Basculegion, L50, M, tera:Water|100/100
|move|p2a: Kingambit|Sucker Punch|p1a: Annihilape
|-damage|p1a: Annihilape|17/100
|move|p2b: Ninetales|Blizzard|p1b: Basculegion|[spread] p1a,p1b
|-resisted|p1b: Basculegion
|-damage|p1a: Annihilape|0 fnt
|-damage|p1b: Basculegion|78/100
|faint|p1a: Annihilape
|-damage|p2b: Ninetales|29/100|[from] item: Life Orb
|
|-weather|none
|upkeep
|
|t:|1756479740
|switch|p1a: Ursaluna|Ursaluna-Bloodmoon, L50, M|100/100
|turn|6
|
|t:|1756479747
|move|p1b: Basculegion|Aqua Jet|p2b: Ninetales
|-damage|p2b: Ninetales|0 fnt
|faint|p2b: Ninetales
|move|p2a: Kingambit|Sucker Punch||[still]
|-fail|p2a: Kingambit
|move|p1a: Ursaluna|Earth Power|p2a: Kingambit
|-supereffective|p2a: Kingambit
|-damage|p2a: Kingambit|15/100
|
|upkeep
|turn|7
|-message|cynthia's grippers forfeited.
|
|win|Astterio
|l|☆cynthia's grippers
|player|p2|
||cynthia's grippers is ready for game 2.
|inactive|Astterio has 30 seconds to confirm battle start!
||Astterio is ready for game 2.
|uhtml|next|Next: Game 2 of 3
|l|☆Astterio
|player|p1|
|j|☆cynthia's grippers
|player|p2|cynthia's grippers|cynthia-gen4|
