|j|☆Velocibakka
|j|☆RegiSIXSEVEN
|html|VelocibakkaRegiSIXSEVEN    
|uhtml|bestof|Game 2 of a best-of-3
|t:|1782314628
|gametype|doubles
|player|p1|Velocibakka|101|1100
|player|p2|RegiSIXSEVEN|steven|1122
|gen|9
|tier|[Gen 9 Champions] VGC 2026 Reg M-B (Bo3)
|rated|
|rule|Species Clause: Limit one of each Pokémon
|rule|Item Clause: Limit 1 of each item
|clearpoke
|poke|p1|Houndoom, L50, F|
|poke|p1|Torkoal, L50, M|
|poke|p1|Aegislash, L50, F|
|poke|p1|Skeledirge, L50, M|
|poke|p1|Dragonite, L50, M|
|poke|p1|Gardevoir, L50, F|
|poke|p2|Dragalge, L50, F, shiny|
|poke|p2|Kommo-o, L50, F, shiny|
|poke|p2|Rotom-Wash, L50, shiny|
|poke|p2|Tyranitar, L50, M, shiny|
|poke|p2|Serperior, L50, F, shiny|
|poke|p2|Incineroar, L50, M|
|teampreview|4
|showteam|p1|Houndoom||Houndoominite|FlashFire|HeatWave,NastyPlot,Protect,DarkPulse|Timid||F|||50|]Torkoal||HeatRock|Drought|ClearSmog,Protect,BodyPress,Eruption|Relaxed||M|||50|]Aegislash||ColburBerry|StanceChange|WideGuard,KingsShield,SacredSword,Poltergeist|Sassy||F|||50|]Skeledirge||Leftovers|Unaware|TorchSong,AlluringVoice,Protect,SlackOff|Quiet||M|||50|]Dragonite||Dragoninite|Multiscale|HeatWave,DracoMeteor,Protect,AirSlash|Modest||M|||50|]Gardevoir||FocusSash|Trace|TrickRoom,Psychic,Moonblast,Protect|Quiet||F|||50|
|showteam|p2|Dragalge||Dragalgite|Adaptability|SludgeBomb,DracoMeteor,Thunderbolt,FlipTurn|Sassy||F|||50|]Kommo-o||Leftovers|Overcoat|ClangingScales,AuraSphere,ClangorousSoul,Protect|Modest||F|||50|]Rotom-Wash||ChoiceScarf|Levitate|HydroPump,Thunderbolt,VoltSwitch,Electroweb|Modest|||||50|]Tyranitar||Tyranitarite|SandStream|RockSlide,KnockOff,DragonDance,Protect|Jolly||M|||50|]Serperior||MentalHerb|Contrary|LeafStorm,Reflect,LightScreen,Glare|Timid||F|||50|]Incineroar||ShucaBerry|Intimidate|FakeOut,FlareBlitz,ThroatChop,PartingShot|Careful||M|||50|
|inactive|Battle timer is ON: inactive players will automatically lose when time's up. (requested by RegiSIXSEVEN)
|
|t:|1782314646
|teamsize|p1|4
|teamsize|p2|4
|start
|switch|p1a: Torkoal|Torkoal, L50, M|100/100
|switch|p1b: Houndoom|Houndoom, L50, F|100/100
|switch|p2a: Kommo-o|Kommo-o, L50, F, shiny|100/100
|switch|p2b: Tyranitar|Tyranitar, L50, M, shiny|100/100
|-weather|Sandstorm|[from] ability: Sand Stream|[of] p2b: Tyranitar
|-weather|SunnyDay|[from] ability: Drought|[of] p1a: Torkoal
|turn|1
|
|t:|1782314666
|switch|p2a: Incineroar|Incineroar, L50, M|100/100
|-ability|p2a: Incineroar|Intimidate|boost
|-unboost|p1a: Torkoal|atk|1
|-unboost|p1b: Houndoom|atk|1
|detailschange|p1b: Houndoom|Houndoom-Mega, L50, F
|-mega|p1b: Houndoom|Houndoom|Houndoominite
|move|p2b: Tyranitar|Protect|p2b: Tyranitar
|-singleturn|p2b: Tyranitar|Protect
|move|p1b: Houndoom|Dark Pulse|p2a: Incineroar
|-resisted|p2a: Incineroar|1
|-damage|p2a: Incineroar|77/100
|move|p1a: Torkoal|Body Press|p2b: Tyranitar
|-activate|p2b: Tyranitar|move: Protect
|
|-weather|SunnyDay|[upkeep]
|-damage|p1b: Houndoom|87/100|[from] ability: Solar Power|[of] p1b: Houndoom
|upkeep
|turn|2
|
|t:|1782314685
|move|p1b: Houndoom|Protect|p1b: Houndoom
|-singleturn|p1b: Houndoom|Protect
|move|p2a: Incineroar|Fake Out|p1a: Torkoal
|-damage|p1a: Torkoal|93/100
|move|p2b: Tyranitar|Dragon Dance|p2b: Tyranitar
|-boost|p2b: Tyranitar|atk|1
|-boost|p2b: Tyranitar|spe|1
|cant|p1a: Torkoal|flinch
|
|-weather|SunnyDay|[upkeep]
|-damage|p1b: Houndoom|75/100|[from] ability: Solar Power|[of] p1b: Houndoom
|upkeep
|turn|3
|
|t:|1782314706
|detailschange|p2b: Tyranitar|Tyranitar-Mega, L50, M, shiny
|-mega|p2b: Tyranitar|Tyranitar|Tyranitarite
|-weather|Sandstorm|[from] ability: Sand Stream|[of] p2b: Tyranitar
|move|p2b: Tyranitar|Rock Slide|p1b: Houndoom|[spread] p1a,p1b
|-supereffective|p1a: Torkoal|1
|-supereffective|p1b: Houndoom|1
|-damage|p1a: Torkoal|20/100y
|-damage|p1b: Houndoom|0 fnt
|faint|p1b: Houndoom
|move|p2a: Incineroar|Throat Chop|p1a: Torkoal
|-damage|p1a: Torkoal|1/100
|-start|p1a: Torkoal|Throat Chop|[silent]
|move|p1a: Torkoal|Body Press|p2b: Tyranitar
|-supereffective|p2b: Tyranitar|2
|-damage|p2b: Tyranitar|9/100
|
|-weather|Sandstorm|[upkeep]
|-damage|p2a: Incineroar|71/100|[from] Sandstorm
|-damage|p1a: Torkoal|0 fnt|[from] Sandstorm
|faint|p1a: Torkoal
|upkeep
|
|t:|1782314723
|switch|p1b: Aegislash|Aegislash, L50, F|100/100
|switch|p1a: Gardevoir|Gardevoir, L50, F|100/100
|-ability|p1a: Gardevoir|Intimidate|Trace|[from] ability: Trace|[of] p2a: Incineroar
|-ability|p1a: Gardevoir|Intimidate|boost
|-unboost|p2a: Incineroar|atk|1
|-unboost|p2b: Tyranitar|atk|1
|turn|4
|
|t:|1782314744
|move|p2b: Tyranitar|Protect|p2b: Tyranitar
|-singleturn|p2b: Tyranitar|Protect
|move|p1b: Aegislash|Wide Guard|p1b: Aegislash
|-singleturn|p1b: Aegislash|Wide Guard
|move|p1a: Gardevoir|Moonblast|p2b: Tyranitar
|-activate|p2b: Tyranitar|move: Protect
|move|p2a: Incineroar|Flare Blitz|p1b: Aegislash
|-supereffective|p1b: Aegislash|1
|-damage|p1b: Aegislash|49/100
|-damage|p2a: Incineroar|60/100|[from] Recoil
|
|-weather|Sandstorm|[upkeep]
|-damage|p1a: Gardevoir|94/100|[from] Sandstorm
|-damage|p2a: Incineroar|54/100|[from] Sandstorm
|upkeep
|turn|5
|
|t:|1782314763
|move|p2b: Tyranitar|Knock Off|p1b: Aegislash
|-supereffective|p1b: Aegislash|1
|-enditem|p1b: Aegislash|Colbur Berry|[eat]
|-enditem|p1b: Aegislash|Colbur Berry|[weaken]
|-damage|p1b: Aegislash|0 fnt
|faint|p1b: Aegislash
|move|p1a: Gardevoir|Moonblast|p2b: Tyranitar
|-supereffective|p2b: Tyranitar|1
|-damage|p2b: Tyranitar|0 fnt
|faint|p2b: Tyranitar
|move|p2a: Incineroar|Flare Blitz|p1a: Gardevoir
|-damage|p1a: Gardevoir|46/100
|-damage|p2a: Incineroar|40/100|[from] Recoil
|
|-weather|Sandstorm|[upkeep]
|-damage|p1a: Gardevoir|40/100|[from] Sandstorm
|-damage|p2a: Incineroar|34/100|[from] Sandstorm
|upkeep
|
|t:|1782314768
|switch|p2b: Dragalge|Dragalge, L50, F, shiny|100/100
|turn|6
|
|t:|1782314771
|move|p1a: Gardevoir|Psychic|p2b: Dragalge
|-supereffective|p2b: Dragalge|1
|-damage|p2b: Dragalge|25/100
|move|p2a: Incineroar|Flare Blitz|p1a: Gardevoir
|-damage|p1a: Gardevoir|0 fnt
|faint|p1a: Gardevoir
|-damage|p2a: Incineroar|23/100|[from] Recoil
|
|win|RegiSIXSEVEN
