|j|☆new mental
|j|☆raksbach
|html|new mentalraksbach    
|uhtml|bestof|Game 1 of a best-of-3
|t:|1785941541
|gametype|doubles
|player|p1|new mental|volkner|
|player|p2|raksbach|doubleteam|
|gen|9
|tier|[Gen 9 Champions] VGC 2026 Reg M-B (Bo3)
|rule|Species Clause: Limit one of each Pokémon
|rule|Item Clause: Limit 1 of each item
|clearpoke
|poke|p1|Charizard, L50, F|
|poke|p1|Garchomp, L50, M|
|poke|p1|Incineroar, L50, M|
|poke|p1|Venusaur, L50, M|
|poke|p1|Toxapex, L50, M|
|poke|p1|Sylveon, L50, M|
|poke|p2|Incineroar, L50, M|
|poke|p2|Maushold, L50|
|poke|p2|Sinistcha, L50|
|poke|p2|Sneasler, L50, F|
|poke|p2|Blastoise, L50, M|
|poke|p2|Delphox, L50, F|
|teampreview|4
|showteam|p1|Charizard||CharizarditeY|Blaze|WeatherBall,HeatWave,AncientPower,Protect|Modest||F|||50|]Garchomp||ChoiceScarf|RoughSkin|RockSlide,DragonClaw,Earthquake,StompingTantrum|Adamant||M|||50|]Incineroar||SitrusBerry|Intimidate|FlareBlitz,FakeOut,DarkestLariat,PartingShot|Impish||M|||50|]Venusaur||LifeOrb|Chlorophyll|SludgeBomb,LeafStorm,EarthPower,Protect|Modest||M|||50|]Toxapex||Leftovers|Regenerator|Infestation,Toxic,WideGuard,BanefulBunker|Bold||M|||50|]Sylveon||FairyFeather|Pixilate|HyperVoice,QuickAttack,Yawn,Detect|Modest||M|||50|
|showteam|p2|Incineroar||SitrusBerry|Intimidate|FakeOut,FlareBlitz,DarkestLariat,PartingShot|Impish||M|||50|]Maushold||ChopleBerry|FriendGuard|SuperFang,FollowMe,Protect,Feint|Impish|||||50|]Sinistcha||OccaBerry|Hospitality|MatchaGotcha,LifeDew,RagePowder,Protect|Bold|||||50|]Sneasler||FocusSash|PoisonTouch|FakeOut,CloseCombat,DireClaw,QuickGuard|Jolly||F|||50|]Blastoise||Blastoisinite|Torrent|WaterSpout,DarkPulse,ShellSmash,Protect|Modest||M|||50|]Delphox||Delphoxite|Blaze|HeatWave,Psychic,NastyPlot,Protect|Timid||F|||50|
|inactive|Battle timer is ON: inactive players will automatically lose when time's up. (requested by raksbach)
|inactiveoff|Battle timer is now OFF.
|
|t:|1785941613
|teamsize|p1|4
|teamsize|p2|4
|start
|switch|p1a: Incineroar|Incineroar, L50, M|100/100
|switch|p1b: Toxapex|Toxapex, L50, M|100/100
|switch|p2a: Sneasler|Sneasler, L50, F|100/100
|switch|p2b: Incineroar|Incineroar, L50, M|100/100
|-ability|p2b: Incineroar|Intimidate|boost
|-unboost|p1a: Incineroar|atk|1
|-unboost|p1b: Toxapex|atk|1
|-ability|p1a: Incineroar|Intimidate|boost
|-unboost|p2a: Sneasler|atk|1
|-unboost|p2b: Incineroar|atk|1
|turn|1
|
|t:|1785941635
|move|p2a: Sneasler|Quick Guard|p2a: Sneasler
|-singleturn|p2a: Sneasler|Quick Guard
|move|p1a: Incineroar|Fake Out|p2a: Sneasler
|-activate|p2a: Sneasler|move: Quick Guard
|move|p2b: Incineroar|Parting Shot|p1a: Incineroar
|-unboost|p1a: Incineroar|atk|1
|-unboost|p1a: Incineroar|spa|1
|
|t:|1785941643
|switch|p2b: Delphox|Delphox, L50, F|100/100|[from] Parting Shot
|move|p1b: Toxapex|Infestation|p2a: Sneasler
|-resisted|p2a: Sneasler|2
|-damage|p2a: Sneasler|99/100
|-activate|p2a: Sneasler|move: Infestation|[of] p1b: Toxapex
|
|-damage|p2a: Sneasler|87/100|[from] move: Infestation|[partiallytrapped]
|upkeep
|turn|2
|
|t:|1785941656
|detailschange|p2b: Delphox|Delphox-Mega, L50, F
|-mega|p2b: Delphox|Delphox|Delphoxite
|move|p2b: Delphox|Protect|p2b: Delphox
|-singleturn|p2b: Delphox|Protect
|move|p2a: Sneasler|Close Combat|p1a: Incineroar
|-supereffective|p1a: Incineroar|1
|-damage|p1a: Incineroar|42/100
|-unboost|p2a: Sneasler|def|1
|-unboost|p2a: Sneasler|spd|1
|-enditem|p1a: Incineroar|Sitrus Berry|[eat]
|-heal|p1a: Incineroar|67/100|[from] item: Sitrus Berry
|move|p1a: Incineroar|Parting Shot|p2b: Delphox
|-activate|p2b: Delphox|move: Protect
|move|p1b: Toxapex|Toxic|p2b: Delphox
|-activate|p2b: Delphox|move: Protect
|
|-damage|p2a: Sneasler|74/100|[from] move: Infestation|[partiallytrapped]
|upkeep
|turn|3
|
|t:|1785941678
|move|p2b: Delphox|Nasty Plot|p2b: Delphox
|-boost|p2b: Delphox|spa|2
|move|p2a: Sneasler|Close Combat|p1a: Incineroar
|-supereffective|p1a: Incineroar|1
|-damage|p1a: Incineroar|1/100
|-unboost|p2a: Sneasler|def|1
|-unboost|p2a: Sneasler|spd|1
|move|p1a: Incineroar|Parting Shot|p2b: Delphox
|-unboost|p2b: Delphox|atk|1
|-unboost|p2b: Delphox|spa|1
|
|t:|1785941714
|switch|p1a: Garchomp|Garchomp, L50, M|100/100|[from] Parting Shot
|move|p1b: Toxapex|Toxic|p2b: Delphox
|-status|p2b: Delphox|tox
|
|-damage|p2b: Delphox|93/100 tox|[from] psn
|-damage|p2a: Sneasler|62/100|[from] move: Infestation|[partiallytrapped]
|upkeep
|turn|4
|
|t:|1785941730
|switch|p1b: Incineroar|Incineroar, L50, M|1/100
|-ability|p1b: Incineroar|Intimidate|boost
|-unboost|p2a: Sneasler|atk|1
|-unboost|p2b: Delphox|atk|1
|move|p2b: Delphox|Protect|p2b: Delphox
|-singleturn|p2b: Delphox|Protect
|move|p1a: Garchomp|Rock Slide|p2b: Delphox|[spread] p2a
|-activate|p2b: Delphox|move: Protect
|-resisted|p2a: Sneasler|1
|-damage|p2a: Sneasler|26/100
|cant|p2a: Sneasler|flinch
|
|-damage|p2b: Delphox|81/100 tox|[from] psn
|-end|p2a: Sneasler|Infestation|[partiallytrapped]|[silent]
|upkeep
|turn|5
|
|t:|1785941751
|switch|p2a: Sinistcha|Sinistcha, L50|100/100
|-heal|p2b: Delphox|100/100 tox|[from] ability: Hospitality|[of] p2a: Sinistcha
|move|p1b: Incineroar|Fake Out|p2b: Delphox
|-damage|p2b: Delphox|87/100 tox
|move|p1a: Garchomp|Rock Slide|p2a: Sinistcha|[spread] p2a,p2b
|-supereffective|p2b: Delphox|1
|-damage|p2a: Sinistcha|83/100
|-damage|p2b: Delphox|32/100 tox
|cant|p2b: Delphox|flinch
|
|-damage|p2b: Delphox|14/100 tox|[from] psn
|upkeep
|turn|6
|
|t:|1785941771
|move|p1a: Garchomp|Rock Slide|p2b: Delphox|[spread] p2a,p2b
|-supereffective|p2b: Delphox|1
|-damage|p2a: Sinistcha|65/100
|-damage|p2b: Delphox|0 fnt
|faint|p2b: Delphox
|move|p2a: Sinistcha|Matcha Gotcha|p1a: Garchomp|[spread] p1a,p1b
|-resisted|p1b: Incineroar|1
|-damage|p1a: Garchomp|73/100
|-heal|p2a: Sinistcha|78/100|[from] drain|[of] p1a: Garchomp
|-damage|p1b: Incineroar|0 fnt
|-heal|p2a: Sinistcha|79/100|[from] drain|[of] p1b: Incineroar
|faint|p1b: Incineroar
|
|upkeep
|
|t:|1785941784
|switch|p2b: Sneasler|Sneasler, L50, F|26/100
|switch|p1b: Charizard|Charizard, L50, F|100/100
|turn|7
|
|t:|1785941793
|switch|p1a: Toxapex|Toxapex, L50, M|100/100
|switch|p2b: Incineroar|Incineroar, L50, M|100/100
|-ability|p2b: Incineroar|Intimidate|boost
|-unboost|p1a: Toxapex|atk|1
|-unboost|p1b: Charizard|atk|1
|detailschange|p1b: Charizard|Charizard-Mega-Y, L50, F
|-mega|p1b: Charizard|Charizard|Charizardite Y
|-weather|SunnyDay|[from] ability: Drought|[of] p1b: Charizard
|move|p1b: Charizard|Heat Wave|p2a: Sinistcha|[spread] p2a,p2b
|-supereffective|p2a: Sinistcha|1
|-enditem|p2a: Sinistcha|Occa Berry|[eat]
|-enditem|p2a: Sinistcha|Occa Berry|[weaken]
|-resisted|p2b: Incineroar|1
|-damage|p2a: Sinistcha|20/100y
|-damage|p2b: Incineroar|71/100
|move|p2a: Sinistcha|Matcha Gotcha|p1a: Toxapex|[spread] p1a,p1b
|-resisted|p1b: Charizard|2
|-damage|p1a: Toxapex|80/100
|-heal|p2a: Sinistcha|29/100|[from] drain|[of] p1a: Toxapex
|-damage|p1b: Charizard|95/100
|-heal|p2a: Sinistcha|31/100|[from] drain|[of] p1b: Charizard
|
|-weather|SunnyDay|[upkeep]
|-heal|p1a: Toxapex|85/100|[from] item: Leftovers
|upkeep
|turn|8
|-message|raksbach forfeited.
|
|win|new mental
