|j|☆the_frantic_franxx
|j|☆dawnenen
|html|the_frantic_franxxdawnenen    
|uhtml|bestof|Game 1 of a best-of-3
|t:|1784981863
|gametype|doubles
|player|p1|the_frantic_franxx|1|1263
|player|p2|dawnenen|galacticgruntf|1067
|gen|9
|tier|[Gen 9 Champions] VGC 2026 Reg M-B (Bo3)
|rated|
|rule|Species Clause: Limit one of each Pokémon
|rule|Item Clause: Limit 1 of each item
|clearpoke
|poke|p1|Toxapex, L50, F|
|poke|p1|Hydreigon, L50, M|
|poke|p1|Metagross, L50|
|poke|p1|Incineroar, L50, F|
|poke|p1|Charizard, L50, M|
|poke|p1|Annihilape, L50, F|
|poke|p2|Venusaur, L50, M|
|poke|p2|Charizard, L50, M|
|poke|p2|Grimmsnarl, L50, M|
|poke|p2|Archaludon, L50, F|
|poke|p2|Basculegion, L50, M|
|poke|p2|Pelipper, L50, F|
|teampreview|4
|showteam|p1|Toxapex||Leftovers|Regenerator|BanefulBunker,Toxic,WideGuard,Infestation|Bold||F|||50|]Hydreigon||ChoiceScarf|Levitate|Snarl,HeatWave,DracoMeteor,DarkPulse|Modest||M|||50|]Metagross||Metagrossite|ClearBody|IcePunch,BulletPunch,PsychicFangs,Protect|Jolly|||||50|]Incineroar||SitrusBerry|Intimidate|FakeOut,FlareBlitz,PartingShot,DarkestLariat|Careful||F|||50|]Charizard||CharizarditeY|Blaze|SolarBeam,HeatWave,WeatherBall,Protect|Modest||M|||50|]Annihilape||FocusSash|Defiant|CloseCombat,RockTomb,Protect,PhantomForce|Jolly||F|||50|
|showteam|p2|Venusaur||FocusSash|Chlorophyll|SludgeBomb,EarthPower,SleepPowder,Protect|Modest||M|||50|]Charizard||CharizarditeY|Blaze|Protect,HeatWave,SolarBeam,WeatherBall|Modest||M|||50|]Grimmsnarl||LightClay|Prankster|SpiritBreak,LightScreen,Reflect,PartingShot|Sassy||M|||50|]Archaludon||Leftovers|Stamina|ElectroShot,DragonPulse,FlashCannon,Protect|Calm||F|||50|]Basculegion||ChoiceScarf|Adaptability|WaveCrash,LastRespects,AquaJet,FlipTurn|Jolly||M|||50|]Pelipper||SitrusBerry|Drizzle|Hurricane,WeatherBall,Tailwind,WideGuard|Modest||F|||50|
|inactive|Battle timer is ON: inactive players will automatically lose when time's up. (requested by dawnenen)
|inactive|dawnenen has 60 seconds left.
|c|☆dawnenen|hmmm. I don't actually know how to beat this team
|
|t:|1784981922
|teamsize|p1|4
|teamsize|p2|4
|start
|switch|p1a: Annihilape|Annihilape, L50, F|100/100
|switch|p1b: Incineroar|Incineroar, L50, F|100/100
|switch|p2a: Archaludon|Archaludon, L50, F|100/100
|switch|p2b: Basculegion|Basculegion, L50, M|100/100
|-ability|p1b: Incineroar|Intimidate|boost
|-unboost|p2a: Archaludon|atk|1
|-unboost|p2b: Basculegion|atk|1
|turn|1
|
|t:|1784981939
|move|p2a: Archaludon|Protect|p2a: Archaludon
|-singleturn|p2a: Archaludon|Protect
|move|p2b: Basculegion|Flip Turn|p1b: Incineroar
|-supereffective|p1b: Incineroar|1
|-damage|p1b: Incineroar|56/100
|
|t:|1784981946
|switch|p2b: Pelipper|Pelipper, L50, F|100/100|[from] Flip Turn
|-weather|RainDance|[from] ability: Drizzle|[of] p2b: Pelipper
|move|p1a: Annihilape|Close Combat|p2a: Archaludon
|-activate|p2a: Archaludon|move: Protect
|move|p1b: Incineroar|Parting Shot|p2a: Archaludon
|-activate|p2a: Archaludon|move: Protect
|
|-weather|RainDance|[upkeep]
|upkeep
|turn|2
|
|t:|1784981964
|move|p1a: Annihilape|Close Combat|p2a: Archaludon
|-supereffective|p2a: Archaludon|1
|-damage|p2a: Archaludon|11/100
|-unboost|p1a: Annihilape|def|1
|-unboost|p1a: Annihilape|spd|1
|-ability|p2a: Archaludon|Stamina|boost
|-boost|p2a: Archaludon|def|1
|move|p2a: Archaludon|Electro Shot||[still]
|-prepare|p2a: Archaludon|Electro Shot
|-boost|p2a: Archaludon|spa|1
|-anim|p2a: Archaludon|Electro Shot|p1a: Annihilape
|-damage|p1a: Annihilape|20/100y
|move|p2b: Pelipper|Tailwind|p2b: Pelipper
|-sidestart|p2: dawnenen|move: Tailwind
|move|p1b: Incineroar|Parting Shot|p2a: Archaludon
|-unboost|p2a: Archaludon|atk|1
|-unboost|p2a: Archaludon|spa|1
|
|t:|1784981967
|switch|p1b: Hydreigon|Hydreigon, L50, M|100/100|[from] Parting Shot
|
|-weather|RainDance|[upkeep]
|-heal|p2a: Archaludon|17/100|[from] item: Leftovers
|upkeep
|turn|3
|inactive|the_frantic_franxx has 30 seconds left.
|inactive|dawnenen has 30 seconds left.
|inactive|dawnenen has 20 seconds left.
|
|t:|1784982003
|move|p1a: Annihilape|Protect|p1a: Annihilape
|-singleturn|p1a: Annihilape|Protect
|move|p1b: Hydreigon|Dark Pulse|p2a: Archaludon
|-damage|p2a: Archaludon|0 fnt
|faint|p2a: Archaludon
|move|p2b: Pelipper|Hurricane|p1a: Annihilape
|-activate|p1a: Annihilape|move: Protect
|
|-weather|RainDance|[upkeep]
|upkeep
|
|t:|1784982014
|switch|p2a: Charizard|Charizard, L50, M|100/100
|turn|4
|
|t:|1784982021
|switch|p1a: Incineroar|Incineroar, L50, F|56/100
|-ability|p1a: Incineroar|Intimidate|boost
|-unboost|p2a: Charizard|atk|1
|-unboost|p2b: Pelipper|atk|1
|move|p2a: Charizard|Protect|p2a: Charizard
|-singleturn|p2a: Charizard|Protect
|move|p1b: Hydreigon|Dark Pulse|p2b: Pelipper
|-damage|p2b: Pelipper|31/100
|-enditem|p2b: Pelipper|Sitrus Berry|[eat]
|-heal|p2b: Pelipper|55/100|[from] item: Sitrus Berry
|move|p2b: Pelipper|Hurricane|p1a: Incineroar
|-damage|p1a: Incineroar|17/100
|-enditem|p1a: Incineroar|Sitrus Berry|[eat]
|-heal|p1a: Incineroar|42/100|[from] item: Sitrus Berry
|
|-weather|RainDance|[upkeep]
|upkeep
|turn|5
|
|t:|1784982044
|switch|p2a: Basculegion|Basculegion, L50, M|100/100
|move|p1a: Incineroar|Fake Out|p2a: Basculegion
|-immune|p2a: Basculegion
|move|p1b: Hydreigon|Dark Pulse|p2b: Pelipper
|-damage|p2b: Pelipper|0 fnt
|faint|p2b: Pelipper
|
|-weather|none
|-sideend|p2: dawnenen|move: Tailwind
|upkeep
|
|t:|1784982054
|switch|p2b: Charizard|Charizard, L50, M|100/100
|turn|6
|
|t:|1784982073
|move|p2b: Charizard|Protect|p2b: Charizard
|-singleturn|p2b: Charizard|Protect
|move|p1b: Hydreigon|Dark Pulse|p2a: Basculegion
|-supereffective|p2a: Basculegion|1
|-damage|p2a: Basculegion|0 fnt
|faint|p2a: Basculegion
|move|p1a: Incineroar|Parting Shot|p2b: Charizard
|-activate|p2b: Charizard|move: Protect
|
|upkeep
|turn|7
|-message|dawnenen forfeited.
|
|win|the_frantic_franxx
||dawnenen is ready for game 2.
||the_frantic_franxx is ready for game 2.
|uhtml|next|Next: Game 2 of 3
|l|☆the_frantic_franxx
|player|p1|
