|j|☆Chknadobovgc
|j|☆dr_sugus_vgc
|html|Chknadobovgcdr_sugus_vgc    
|uhtml|bestof|Game 1 of a best-of-3
|t:|1756552841
|gametype|doubles
|player|p1|Chknadobovgc|2|1061
|player|p2|dr_sugus_vgc|169|1133
|gen|9
|tier|[Gen 9] VGC 2025 Reg H (Bo3)
|rated|
|rule|Species Clause: Limit one of each Pokémon
|rule|Item Clause: Limit 1 of each item
|clearpoke
|poke|p1|Pelipper, L50, F|
|poke|p1|Archaludon, L50, M|
|poke|p1|Basculegion, L50, M|
|poke|p1|Dragonite, L50, M|
|poke|p1|Maushold, L50|
|poke|p1|Gholdengo, L50|
|poke|p2|Tyranitar, L50, F|
|poke|p2|Corviknight, L50, M|
|poke|p2|Weezing-Galar, L50, M|
|poke|p2|Garchomp, L50, F|
|poke|p2|Incineroar, L50, M|
|poke|p2|Sinistcha, L50|
|teampreview|4
|showteam|p1|Pelipper||FocusSash|Drizzle|WeatherBall,Hurricane,Tailwind,WideGuard|||F|||50|,,,,,Ghost]Archaludon||AssaultVest|Stamina|ElectroShot,DracoMeteor,FlashCannon,BodyPress|||M|||50|,,,,,Bug]Basculegion||LifeOrb|SwiftSwim|WaveCrash,LastRespects,FlipTurn,AquaJet|||M|||50|,,,,,Water]Dragonite||LoadedDice|Multiscale|ScaleShot,Tailwind,Haze,Protect|||M|||50|,,,,,Fairy]Maushold||SafetyGoggles|FriendGuard|BeatUp,Taunt,FollowMe,Protect||||||50|,,,,,Ghost]Gholdengo||ChoiceScarf|GoodasGold|MakeItRain,ShadowBall,Trick,Protect||||||50|,,,,,Steel
|showteam|p2|Tyranitar||AssaultVest|SandStream|RockSlide,LowKick,TeraBlast,KnockOff|||F|||50|,,,,,Flying]Corviknight||Leftovers|MirrorArmor|BraveBird,BulkUp,Roost,Tailwind|||M|||50|,,,,,Dragon]Weezing-Galar||SitrusBerry|MistySurge|DazzlingGleam,Taunt,Haze,Protect|||M|||50|,,,,,Steel]Garchomp||ClearAmulet|RoughSkin|PoisonJab,StompingTantrum,SwordsDance,Protect|||F|||50|,,,,,Ground]Incineroar||SafetyGoggles|Intimidate|FakeOut,KnockOff,FlareBlitz,PartingShot|||M|||50|,,,,,Ghost]Sinistcha||RockyHelmet|Hospitality|MatchaGotcha,RagePowder,TrickRoom,Protect||||||50|,,,,,Rock
|
|t:|1756552872
|teamsize|p1|4
|teamsize|p2|4
|start
|switch|p1a: Basculegion|Basculegion, L50, M|100/100
|switch|p1b: Gholdengo|Gholdengo, L50, shiny|100/100
|switch|p2a: Tyranitar|Tyranitar, L50, F|100/100
|switch|p2b: Incineroar|Incineroar, L50, M|100/100
|-ability|p2b: Incineroar|Intimidate|boost
|-unboost|p1a: Basculegion|atk|1
|-unboost|p1b: Gholdengo|atk|1
|-weather|Sandstorm|[from] ability: Sand Stream|[of] p2a: Tyranitar
|turn|1
|inactive|Battle timer is ON: inactive players will automatically lose when time's up. (requested by Chknadobovgc)
|inactive|dr_sugus_vgc has 60 seconds left.
|
|t:|1756552904
|switch|p1b: Pelipper|Pelipper, L50, F, shiny|100/100
|-weather|RainDance|[from] ability: Drizzle|[of] p1b: Pelipper
|switch|p2a: Corviknight|Corviknight, L50, M|100/100
|move|p1a: Basculegion|Flip Turn|p2b: Incineroar
|-supereffective|p2b: Incineroar
|-damage|p2b: Incineroar|27/100
|-damage|p1a: Basculegion|91/100|[from] item: Life Orb
|
|t:|1756552915
|switch|p1a: Maushold|Maushold, L50|100/100|[from] Flip Turn
|move|p2b: Incineroar|Knock Off|p1a: Maushold
|-damage|p1a: Maushold|50/100
|-enditem|p1a: Maushold|Safety Goggles|[from] move: Knock Off|[of] p2b: Incineroar
|
|-weather|RainDance|[upkeep]
|upkeep
|turn|2
|
|t:|1756552937
|switch|p1b: Basculegion|Basculegion, L50, M|91/100
|switch|p2b: Garchomp|Garchomp, L50, F|100/100
|switch|p2a: Tyranitar|Tyranitar, L50, F|100/100
|-weather|Sandstorm|[from] ability: Sand Stream|[of] p2a: Tyranitar
|move|p1a: Maushold|Taunt|p2a: Tyranitar
|-start|p2a: Tyranitar|move: Taunt
|
|-weather|Sandstorm|[upkeep]
|-damage|p1a: Maushold|44/100|[from] Sandstorm
|-damage|p1b: Basculegion|85/100|[from] Sandstorm
|upkeep
|turn|3
|
|t:|1756552962
|switch|p1a: Pelipper|Pelipper, L50, F, shiny|100/100
|-weather|RainDance|[from] ability: Drizzle|[of] p1a: Pelipper
|switch|p2a: Incineroar|Incineroar, L50, M|27/100
|-ability|p2a: Incineroar|Intimidate|boost
|-unboost|p1a: Pelipper|atk|1
|-unboost|p1b: Basculegion|atk|1
|-terastallize|p1b: Basculegion|Water
|move|p1b: Basculegion|Flip Turn|p2a: Incineroar
|-supereffective|p2a: Incineroar
|-damage|p2a: Incineroar|0 fnt
|faint|p2a: Incineroar
|-damage|p1b: Basculegion|75/100|[from] item: Life Orb
|
|t:|1756552970
|switch|p1b: Maushold|Maushold, L50|44/100|[from] Flip Turn
|move|p2b: Garchomp|Poison Jab|p1a: Pelipper
|-damage|p1a: Pelipper|75/100
|-status|p1a: Pelipper|psn
|
|-weather|RainDance|[upkeep]
|-damage|p1a: Pelipper|63/100 psn|[from] psn
|upkeep
|
|t:|1756552983
|switch|p2a: Tyranitar|Tyranitar, L50, F|100/100
|-weather|Sandstorm|[from] ability: Sand Stream|[of] p2a: Tyranitar
|turn|4
|
|t:|1756553003
|switch|p1a: Gholdengo|Gholdengo, L50, shiny|100/100
|move|p1b: Maushold|Protect|p1b: Maushold
|-singleturn|p1b: Maushold|Protect
|move|p2b: Garchomp|Stomping Tantrum|p1a: Gholdengo
|-supereffective|p1a: Gholdengo
|-damage|p1a: Gholdengo|28/100
|move|p2a: Tyranitar|Knock Off|p1a: Gholdengo
|-supereffective|p1a: Gholdengo
|-damage|p1a: Gholdengo|0 fnt
|-enditem|p1a: Gholdengo|Choice Scarf|[from] move: Knock Off|[of] p2a: Tyranitar
|faint|p1a: Gholdengo
|
|-weather|Sandstorm|[upkeep]
|-damage|p1b: Maushold|38/100|[from] Sandstorm
|upkeep
|
|t:|1756553012
|switch|p1a: Pelipper|Pelipper, L50, F, shiny|63/100 psn
|-weather|RainDance|[from] ability: Drizzle|[of] p1a: Pelipper
|turn|5
|inactive|dr_sugus_vgc has 30 seconds left.
|
|t:|1756553038
|switch|p2a: Corviknight|Corviknight, L50, M|100/100
|move|p1b: Maushold|Follow Me|p1b: Maushold
|-singleturn|p1b: Maushold|move: Follow Me
|move|p2b: Garchomp|Poison Jab|p1b: Maushold
|-damage|p1b: Maushold|5/100
|move|p1a: Pelipper|Weather Ball|p2a: Corviknight
|-damage|p2a: Corviknight|46/100
|
|-weather|RainDance|[upkeep]
|-heal|p2a: Corviknight|51/100|[from] item: Leftovers
|-damage|p1a: Pelipper|51/100 psn|[from] psn
|upkeep
|turn|6
|
|t:|1756553056
|switch|p1a: Basculegion|Basculegion, L50, M, tera:Water|75/100
|move|p1b: Maushold|Protect|p1b: Maushold
|-singleturn|p1b: Maushold|Protect
|move|p2b: Garchomp|Poison Jab|p1a: Basculegion
|-damage|p1a: Basculegion|47/100
|move|p2a: Corviknight|Tailwind|p2a: Corviknight
|-sidestart|p2: dr_sugus_vgc|move: Tailwind
|
|-weather|RainDance|[upkeep]
|-heal|p2a: Corviknight|57/100|[from] item: Leftovers
|upkeep
|turn|7
|inactive|dr_sugus_vgc has 30 seconds left.
|
|t:|1756553082
|switch|p1b: Pelipper|Pelipper, L50, F, shiny|51/100 psn
|-terastallize|p2a: Corviknight|Dragon
|move|p2b: Garchomp|Protect|p2b: Garchomp
|-singleturn|p2b: Garchomp|Protect
|move|p1a: Basculegion|Flip Turn|p2a: Corviknight
|-resisted|p2a: Corviknight
|-damage|p2a: Corviknight|23/100
|-damage|p1a: Basculegion|37/100|[from] item: Life Orb
|
|t:|1756553092
|switch|p1a: Maushold|Maushold, L50|5/100|[from] Flip Turn
|move|p2a: Corviknight|Brave Bird|p1a: Maushold
|-damage|p1a: Maushold|0 fnt
|faint|p1a: Maushold
|-damage|p2a: Corviknight|22/100|[from] Recoil
|
|-weather|RainDance|[upkeep]
|-heal|p2a: Corviknight|28/100|[from] item: Leftovers
|-damage|p1b: Pelipper|39/100 psn|[from] psn
|upkeep
|
|t:|1756553095
|switch|p1a: Basculegion|Basculegion, L50, M, tera:Water|37/100
|turn|8
|
|t:|1756553112
|switch|p2b: Tyranitar|Tyranitar, L50, F|100/100
|-weather|Sandstorm|[from] ability: Sand Stream|[of] p2b: Tyranitar
|move|p2a: Corviknight|Brave Bird|p1b: Pelipper
|-damage|p1b: Pelipper|0 fnt
|faint|p1b: Pelipper
|-damage|p2a: Corviknight|19/100|[from] Recoil
|move|p1a: Basculegion|Last Respects|p2b: Tyranitar
|-resisted|p2b: Tyranitar
|-damage|p2b: Tyranitar|48/100
|-damage|p1a: Basculegion|27/100|[from] item: Life Orb
|
|-weather|Sandstorm|[upkeep]
|-damage|p2a: Corviknight|13/100|[from] Sandstorm
|-damage|p1a: Basculegion|21/100|[from] Sandstorm
|-heal|p2a: Corviknight|19/100|[from] item: Leftovers
|upkeep
|turn|9
|-message|Chknadobovgc forfeited.
|
|win|dr_sugus_vgc
||Chknadobovgc is ready for game 2.
|inactive|dr_sugus_vgc has 30 seconds to confirm battle start!
||dr_sugus_vgc is ready for game 2.
|uhtml|next|Next: Game 2 of 3
|l|☆Chknadobovgc
|player|p1|
