|j|☆crullvgc
|j|☆Crapaud2008
|html|crullvgcCrapaud2008    
|uhtml|bestof|Game 1 of a best-of-3
|t:|1756655365
|gametype|doubles
|player|p1|crullvgc|janitor|1117
|player|p2|Crapaud2008|1|1087
|gen|9
|tier|[Gen 9] VGC 2025 Reg H (Bo3)
|rated|
|rule|Species Clause: Limit one of each Pokémon
|rule|Item Clause: Limit 1 of each item
|clearpoke
|poke|p1|Garchomp, L50, F|
|poke|p1|Talonflame, L50, M|
|poke|p1|Primarina, L50, M|
|poke|p1|Electabuzz, L50, M|
|poke|p1|Rillaboom, L50, M|
|poke|p1|Gholdengo, L50|
|poke|p2|Rillaboom, L50, M|
|poke|p2|Annihilape, L50, F|
|poke|p2|Archaludon, L50, M|
|poke|p2|Sneasler, L50, M|
|poke|p2|Maushold-Four, L50|
|poke|p2|Pelipper, L50, M|
|teampreview|4
|showteam|p1|Garchomp||LifeOrb|RoughSkin|StompingTantrum,Earthquake,DragonClaw,Protect|||F|||50|,,,,,Fire]Talonflame||CovertCloak|GaleWings|Tailwind,WillOWisp,DualWingbeat,Taunt|||M|||50|,,,,,Dark]Primarina||ThroatSpray|LiquidVoice|HyperVoice,Moonblast,Haze,Protect|||M|||50|,,,,,Poison]Electabuzz||Eviolite|VitalSpirit|FollowMe,Electroweb,HelpingHand,Protect|||M|||50|,,,,,Ghost]Rillaboom||AssaultVest|GrassySurge|FakeOut,GrassyGlide,WoodHammer,HighHorsepower|||M|||50|,,,,,Fire]Gholdengo||MetalCoat|GoodasGold|MakeItRain,ShadowBall,NastyPlot,Protect||||||50|,,,,,Steel
|showteam|p2|Rillaboom||MiracleSeed|GrassySurge|GrassyGlide,WoodHammer,HighHorsepower,FakeOut|||M|||50|,,,,,Fire]Annihilape||SitrusBerry|Defiant|RageFist,DrainPunch,BulkUp,Protect|||F|||50|,,,,,Steel]Archaludon||AssaultVest|Stamina|DragonPulse,FlashCannon,ElectroShot,BodyPress|||M|||50|,,,,,Ghost]Sneasler||GrassySeed|Unburden|CloseCombat,DireClaw,Acrobatics,Protect|||M|||50|,,,,,Flying]Maushold-Four||WideLens|FriendGuard|FollowMe,PopulationBomb,BeatUp,Protect||||||50|,,,,,Normal]Pelipper||FocusSash|Drizzle|WeatherBall,Hurricane,Tailwind,WideGuard|||M|||50|,,,,,Ground
|inactive|Battle timer is ON: inactive players will automatically lose when time's up. (requested by Crapaud2008)
|inactive|crullvgc has 60 seconds left.
|
|t:|1756655440
|teamsize|p1|4
|teamsize|p2|4
|start
|switch|p1a: Electabuzz|Electabuzz, L50, M|100/100
|switch|p1b: Gholdengo|Gholdengo, L50|100/100
|switch|p2a: Maushold|Maushold-Four, L50|100/100
|switch|p2b: MèreFurax|Annihilape, L50, F|100/100
|turn|1
|inactive|Crapaud2008 has 30 seconds left.
|inactive|Crapaud2008 has 20 seconds left.
|inactive|Crapaud2008 has 15 seconds left.
|
|t:|1756655484
|move|p1a: Electabuzz|Follow Me|p1a: Electabuzz
|-singleturn|p1a: Electabuzz|move: Follow Me
|move|p2a: Maushold|Population Bomb|p1a: Electabuzz
|-damage|p1a: Electabuzz|92/100
|-damage|p1a: Electabuzz|83/100
|-damage|p1a: Electabuzz|75/100
|-damage|p1a: Electabuzz|65/100
|-damage|p1a: Electabuzz|57/100
|-damage|p1a: Electabuzz|49/100
|-damage|p1a: Electabuzz|41/100
|-damage|p1a: Electabuzz|33/100
|-damage|p1a: Electabuzz|24/100
|-damage|p1a: Electabuzz|17/100
|-hitcount|p1a: Electabuzz|10
|move|p2b: MèreFurax|Bulk Up|p2b: MèreFurax
|-boost|p2b: MèreFurax|atk|1
|-boost|p2b: MèreFurax|def|1
|move|p1b: Gholdengo|Nasty Plot|p1b: Gholdengo
|-boost|p1b: Gholdengo|spa|2
|
|upkeep
|turn|2
|inactive|crullvgc has 30 seconds left.
|inactive|Crapaud2008 has 30 seconds left.
|inactive|Crapaud2008 has 20 seconds left.
|
|t:|1756655528
|-terastallize|p2b: MèreFurax|Steel
|-terastallize|p1b: Gholdengo|Steel
|move|p1a: Electabuzz|Helping Hand|p1b: Gholdengo
|-immune|p1b: Gholdengo|[from] ability: Good as Gold
|move|p2a: Maushold|Population Bomb|p1a: Electabuzz
|-damage|p1a: Electabuzz|9/100
|-damage|p1a: Electabuzz|1/100
|-damage|p1a: Electabuzz|0 fnt
|faint|p1a: Electabuzz
|-hitcount|p1: Electabuzz|3
|move|p2b: MèreFurax|Rage Fist|p1b: Gholdengo
|-damage|p1b: Gholdengo|59/100
|move|p1b: Gholdengo|Shadow Ball|p2b: MèreFurax
|-damage|p2b: MèreFurax|39/100
|-enditem|p2b: MèreFurax|Sitrus Berry|[eat]
|-heal|p2b: MèreFurax|64/100|[from] item: Sitrus Berry
|
|upkeep
|
|t:|1756655545
|switch|p1a: Rillaboom|Rillaboom, L50, M|100/100
|-fieldstart|move: Grassy Terrain|[from] ability: Grassy Surge|[of] p1a: Rillaboom
|turn|3
|
|t:|1756655558
|move|p2a: Maushold|Protect|p2a: Maushold
|-singleturn|p2a: Maushold|Protect
|move|p2b: MèreFurax|Protect|p2b: MèreFurax
|-singleturn|p2b: MèreFurax|Protect
|move|p1a: Rillaboom|Fake Out|p2b: MèreFurax
|-activate|p2b: MèreFurax|move: Protect
|move|p1b: Gholdengo|Make It Rain|p2a: Maushold|[spread] 
|-activate|p2a: Maushold|move: Protect
|-activate|p2b: MèreFurax|move: Protect
|
|-heal|p2b: MèreFurax|70/100|[from] Grassy Terrain
|-heal|p1b: Gholdengo|66/100|[from] Grassy Terrain
|upkeep
|turn|4
|c|☆crullvgc|lol didnt know helping hand immunity
|inactive|Crapaud2008 has 30 seconds left.
|
|t:|1756655585
|move|p2a: Maushold|Population Bomb|p1a: Rillaboom
|-damage|p1a: Rillaboom|92/100
|-damage|p1a: Rillaboom|85/100
|-damage|p1a: Rillaboom|77/100
|-damage|p1a: Rillaboom|70/100
|-damage|p1a: Rillaboom|62/100
|-damage|p1a: Rillaboom|55/100
|-damage|p1a: Rillaboom|48/100
|-crit|p1a: Rillaboom
|-damage|p1a: Rillaboom|37/100
|-damage|p1a: Rillaboom|29/100
|-damage|p1a: Rillaboom|22/100
|-hitcount|p1a: Rillaboom|10
|move|p2b: MèreFurax|Drain Punch|p1b: Gholdengo
|-supereffective|p1b: Gholdengo
|-damage|p1b: Gholdengo|0 fnt
|-heal|p2b: MèreFurax|96/100|[from] drain|[of] p1b: Gholdengo
|faint|p1b: Gholdengo
|move|p1a: Rillaboom|High Horsepower|p2b: MèreFurax
|-supereffective|p2b: MèreFurax
|-damage|p2b: MèreFurax|63/100
|
|-heal|p2b: MèreFurax|69/100|[from] Grassy Terrain
|-heal|p1a: Rillaboom|28/100|[from] Grassy Terrain
|upkeep
|
|t:|1756655603
|switch|p1b: Primarina|Primarina, L50, M|100/100
|turn|5
|
|t:|1756655613
|move|p1a: Rillaboom|Grassy Glide|p2b: MèreFurax
|-resisted|p2b: MèreFurax
|-damage|p2b: MèreFurax|59/100
|move|p2a: Maushold|Beat Up|p2b: MèreFurax
|-damage|p2b: MèreFurax|57/100
|-damage|p2b: MèreFurax|55/100
|-damage|p2b: MèreFurax|53/100
|-damage|p2b: MèreFurax|52/100
|-hitcount|p2b: MèreFurax|4
|move|p2b: MèreFurax|Rage Fist|p1b: Primarina
|-damage|p1b: Primarina|0 fnt
|faint|p1b: Primarina
|
|-heal|p2b: MèreFurax|58/100|[from] Grassy Terrain
|-heal|p1a: Rillaboom|33/100|[from] Grassy Terrain
|upkeep
|turn|6
|
|t:|1756655635
|move|p1a: Rillaboom|Grassy Glide|p2b: MèreFurax
|-resisted|p2b: MèreFurax
|-damage|p2b: MèreFurax|48/100
|move|p2a: Maushold|Population Bomb|p1a: Rillaboom
|-damage|p1a: Rillaboom|26/100
|-damage|p1a: Rillaboom|18/100
|-damage|p1a: Rillaboom|11/100
|-damage|p1a: Rillaboom|3/100
|-damage|p1a: Rillaboom|0 fnt
|faint|p1a: Rillaboom
|-hitcount|p1: Rillaboom|5
|
|win|Crapaud2008
||crullvgc is ready for game 2.
|inactive|Crapaud2008 has 30 seconds to confirm battle start!
||Crapaud2008 is ready for game 2.
|uhtml|next|Next: Game 2 of 3
