|j|☆ladderal
|j|☆loveforvgctest
|html|ladderalloveforvgctest    
|uhtml|bestof|Game 2 of a best-of-3
|t:|1757768223
|gametype|doubles
|player|p1|ladderal|170|1127
|player|p2|loveforvgctest|ghetsis|1204
|gen|9
|tier|[Gen 9] VGC 2025 Reg H (Bo3)
|rated|
|rule|Species Clause: Limit one of each Pokémon
|rule|Item Clause: Limit 1 of each item
|clearpoke
|poke|p1|Charizard, L50, F|
|poke|p1|Torkoal, L50, M|
|poke|p1|Porygon2, L50|
|poke|p1|Incineroar, L50, F|
|poke|p1|Jumpluff, L50, F|
|poke|p1|Ursaluna, L50, F|
|poke|p2|Garchomp, L50, F|
|poke|p2|Tyranitar, L50, F|
|poke|p2|Talonflame, L50, F|
|poke|p2|Gholdengo, L50|
|poke|p2|Milotic, L50, F|
|poke|p2|Amoonguss, L50, M|
|teampreview|4
|showteam|p1|Charizard||ChoiceSpecs|SolarPower|HeatWave,Overheat,WeatherBall,AirSlash|||F|||50|,,,,,Ghost]Torkoal||EjectPack|Drought|Eruption,Overheat,HelpingHand,Protect|||M|||50|,,,,,Fire]Porygon2||Eviolite|Download|TeraBlast,IceBeam,Recover,TrickRoom||||||50|,,,,,Fighting]Incineroar||SitrusBerry|Intimidate|FlareBlitz,KnockOff,FakeOut,PartingShot|||F|||50|,,,,,Ghost]Jumpluff||CovertCloak|Chlorophyll|SleepPowder,SunnyDay,RagePowder,Tailwind|||F|||50|,,,,,Water]Ursaluna||FlameOrb|Guts|HeadlongRush,Facade,Earthquake,Protect|||F|||50|,,,,,Ghost
|showteam|p2|Garchomp||BrightPowder|RoughSkin|Earthquake,DragonClaw,SwordsDance,Protect|||F|||50|,,,,,Steel]Tyranitar||AssaultVest|SandStream|RockSlide,KnockOff,TeraBlast,LowKick|||F|||50|,,,,,Flying]Talonflame||CovertCloak|GaleWings|DualWingbeat,Tailwind,WillOWisp,Taunt|||F|||50|,,,,,Grass]Gholdengo||MetalCoat|GoodasGold|MakeItRain,ShadowBall,NastyPlot,Protect||||||50|,,,,,Water]Milotic||SafetyGoggles|Competitive|Scald,IceBeam,Haze,Protect|||F|||50|,,,,,Dragon]Amoonguss||SitrusBerry|Regenerator|PollenPuff,RagePowder,Spore,Protect|||M|||50|,,,,,Water
|inactive|Battle timer is ON: inactive players will automatically lose when time's up. (requested by loveforvgctest)
|
|t:|1757768255
|teamsize|p1|4
|teamsize|p2|4
|start
|switch|p1a: Charizard|Charizard, L50, F|100/100
|switch|p1b: Porygon2|Porygon2, L50|100/100
|switch|p2a: Gholdengo|Gholdengo, L50|100/100
|switch|p2b: Talonflame|Talonflame, L50, F|100/100
|-ability|p1b: Porygon2|Download|boost
|-boost|p1b: Porygon2|spa|1
|turn|1
|inactive|loveforvgctest has 30 seconds left.
|
|t:|1757768287
|switch|p2b: Tyranitar|Tyranitar, L50, F|100/100
|-weather|Sandstorm|[from] ability: Sand Stream|[of] p2b: Tyranitar
|-terastallize|p2a: Gholdengo|Water
|move|p1a: Charizard|Heat Wave|p2b: Tyranitar|[spread] p2a,p2b
|-resisted|p2a: Gholdengo
|-resisted|p2b: Tyranitar
|-damage|p2a: Gholdengo|75/100
|-damage|p2b: Tyranitar|91/100
|move|p2a: Gholdengo|Nasty Plot|p2a: Gholdengo
|-boost|p2a: Gholdengo|spa|2
|move|p1b: Porygon2|Tera Blast|p2a: Gholdengo
|-damage|p2a: Gholdengo|14/100
|
|-weather|Sandstorm|[upkeep]
|-damage|p1a: Charizard|95/100|[from] Sandstorm
|-damage|p2a: Gholdengo|8/100|[from] Sandstorm
|-damage|p1b: Porygon2|94/100|[from] Sandstorm
|upkeep
|turn|2
|
|t:|1757768311
|-terastallize|p1b: Porygon2|Fighting
|move|p2a: Gholdengo|Protect|p2a: Gholdengo
|-singleturn|p2a: Gholdengo|Protect
|move|p1a: Charizard|Heat Wave|p2a: Gholdengo|[spread] p2b
|-activate|p2a: Gholdengo|move: Protect
|-resisted|p2b: Tyranitar
|-damage|p2b: Tyranitar|82/100
|move|p2b: Tyranitar|Knock Off|p1a: Charizard
|-damage|p1a: Charizard|16/100
|-enditem|p1a: Charizard|Choice Specs|[from] move: Knock Off|[of] p2b: Tyranitar
|move|p1b: Porygon2|Tera Blast|p2b: Tyranitar|[anim] Tera Blast Fighting
|-supereffective|p2b: Tyranitar
|-damage|p2b: Tyranitar|0 fnt
|faint|p2b: Tyranitar
|
|-weather|Sandstorm|[upkeep]
|-damage|p1a: Charizard|10/100|[from] Sandstorm
|-damage|p2a: Gholdengo|2/100|[from] Sandstorm
|-damage|p1b: Porygon2|88/100|[from] Sandstorm
|upkeep
|
|t:|1757768324
|switch|p2b: Talonflame|Talonflame, L50, F|100/100
|turn|3
|
|t:|1757768340
|move|p2b: Talonflame|Dual Wingbeat|p1a: Charizard
|-damage|p1a: Charizard|0 fnt
|faint|p1a: Charizard
|-hitcount|p1: Charizard|1
|move|p2a: Gholdengo|Make It Rain|p1b: Porygon2
|-damage|p1b: Porygon2|0 fnt
|-unboost|p2a: Gholdengo|spa|1
|faint|p1b: Porygon2
|
|-weather|Sandstorm|[upkeep]
|-damage|p2b: Talonflame|95/100|[from] Sandstorm
|-damage|p2a: Gholdengo|0 fnt|[from] Sandstorm
|faint|p2a: Gholdengo
|upkeep
|
|t:|1757768348
|switch|p1a: Ursaluna|Ursaluna, L50, F|100/100
|switch|p2a: Garchomp|Garchomp, L50, F|100/100
|switch|p1b: Torkoal|Torkoal, L50, M|100/100
|-weather|SunnyDay|[from] ability: Drought|[of] p1b: Torkoal
|turn|4
|
|t:|1757768360
|move|p1a: Ursaluna|Protect|p1a: Ursaluna
|-singleturn|p1a: Ursaluna|Protect
|move|p2b: Talonflame|Dual Wingbeat|p1a: Ursaluna
|-activate|p1a: Ursaluna|move: Protect
|move|p2a: Garchomp|Swords Dance|p2a: Garchomp
|-boost|p2a: Garchomp|atk|2
|move|p1b: Torkoal|Overheat|p2a: Garchomp
|-resisted|p2a: Garchomp
|-damage|p2a: Garchomp|52/100
|-unboost|p1b: Torkoal|spa|2
|
|-weather|SunnyDay|[upkeep]
|-status|p1a: Ursaluna|brn|[from] item: Flame Orb
|upkeep
|turn|5
|
|t:|1757768377
|move|p2b: Talonflame|Dual Wingbeat|p1a: Ursaluna
|-damage|p1a: Ursaluna|88/100 brn
|-damage|p1a: Ursaluna|76/100 brn
|-hitcount|p1a: Ursaluna|2
|move|p2a: Garchomp|Dragon Claw|p1a: Ursaluna
|-damage|p1a: Ursaluna|11/100 brn
|move|p1a: Ursaluna|Facade|p2a: Garchomp
|-damage|p2a: Garchomp|0 fnt
|-damage|p1a: Ursaluna|0 fnt|[from] ability: Rough Skin|[of] p2a: Garchomp
|faint|p2a: Garchomp
|faint|p1a: Ursaluna
|move|p1b: Torkoal|Eruption|p2b: Talonflame
|-resisted|p2b: Talonflame
|-damage|p2b: Talonflame|60/100
|
|-weather|SunnyDay|[upkeep]
|upkeep
|turn|6
|
|t:|1757768393
|move|p2b: Talonflame|Dual Wingbeat|p1b: Torkoal
|-damage|p1b: Torkoal|89/100
|-damage|p1b: Torkoal|78/100
|-hitcount|p1b: Torkoal|2
|move|p1b: Torkoal|Overheat|p2b: Talonflame
|-resisted|p2b: Talonflame
|-damage|p2b: Talonflame|27/100
|-unboost|p1b: Torkoal|spa|2
|
|-weather|SunnyDay|[upkeep]
|upkeep
|turn|7
|
|t:|1757768405
|move|p2b: Talonflame|Dual Wingbeat|p1b: Torkoal
|-damage|p1b: Torkoal|66/100
|-damage|p1b: Torkoal|55/100
|-hitcount|p1b: Torkoal|2
|move|p1b: Torkoal|Overheat|p2b: Talonflame
|-resisted|p2b: Talonflame
|-damage|p2b: Talonflame|7/100
|-unboost|p1b: Torkoal|spa|2
|
|-weather|SunnyDay|[upkeep]
|upkeep
|turn|8
|
|t:|1757768418
|move|p2b: Talonflame|Dual Wingbeat|p1b: Torkoal|[miss]
|-miss|p2b: Talonflame|p1b: Torkoal
|move|p1b: Torkoal|Eruption|p2b: Talonflame
|-resisted|p2b: Talonflame
|-damage|p2b: Talonflame|0 fnt
|faint|p2b: Talonflame
|
|win|ladderal
||loveforvgctest is ready for game 3.
||ladderal is ready for game 3.
|uhtml|next|Next: Game 3 of 3
|l|☆loveforvgctest
|player|p2|
