|j|☆Blitzenss
|j|☆mil0battles
|html|Blitzenssmil0battles    
|uhtml|bestof|Game 1 of a best-of-3
|t:|1757931653
|gametype|doubles
|player|p1|Blitzenss|steven|1068
|player|p2|mil0battles|266|1109
|gen|9
|tier|[Gen 9] VGC 2025 Reg H (Bo3)
|rated|
|rule|Species Clause: Limit one of each Pokémon
|rule|Item Clause: Limit 1 of each item
|clearpoke
|poke|p1|Kingambit, L50, M|
|poke|p1|Gholdengo, L50|
|poke|p1|Rillaboom, L50, F|
|poke|p1|Ursaluna-Bloodmoon, L50, M|
|poke|p1|Dragonite, L50, M|
|poke|p1|Volcarona, L50, M|
|poke|p2|Ursaluna-Bloodmoon, L50, M|
|poke|p2|Gholdengo, L50|
|poke|p2|Dragonite, L50, F|
|poke|p2|Amoonguss, L50, F|
|poke|p2|Incineroar, L50, M|
|poke|p2|Primarina, L50, M|
|teampreview|4
|showteam|p1|Kingambit||BlackGlasses|Defiant|KowtowCleave,SuckerPunch,Protect,SwordsDance|||M|||50|,,,,,Dark]Gholdengo||ChoiceScarf|GoodasGold|MakeItRain,Trick,NastyPlot,ShadowBall||||||50|,,,,,Steel]Rillaboom||MiracleSeed|GrassySurge|GrassyGlide,WoodHammer,FakeOut,Uturn|||F|||50|,,,,,Grass]Ursaluna-Bloodmoon||LifeOrb|MindsEye|EarthPower,BloodMoon,HyperVoice,Protect|||M|||50|,,,,,Ghost]Dragonite||LoadedDice|Multiscale|Tailwind,Haze,ScaleShot,StompingTantrum|||M|||50|,,,,,Fairy]Volcarona||RockyHelmet|FlameBody|RagePowder,WillOWisp,Overheat,Protect|||M|||50|,,,,,Water
|showteam|p2|Ursaluna-Bloodmoon||AssaultVest|MindsEye|BloodMoon,EarthPower,VacuumWave,HyperVoice|||M|||50|,,,,,Water]Gholdengo||LifeOrb|GoodasGold|Protect,MakeItRain,ShadowBall,NastyPlot||||||50|,,,,,Water]Dragonite||LoadedDice|Multiscale|ScaleShot,Tailwind,ExtremeSpeed,Protect|||F|||50|,,,,,Fairy]Amoonguss||SitrusBerry|Regenerator|Spore,RagePowder,PollenPuff,Protect|||F|||50|,,,,,Water]Incineroar||SafetyGoggles|Intimidate|FakeOut,KnockOff,PartingShot,FlareBlitz|||M|||50|,,,,,Ghost]Primarina||ThroatSpray|LiquidVoice|HyperVoice,Moonblast,Haze,Protect|||M|||50|,,,,,Poison
|inactive|Battle timer is ON: inactive players will automatically lose when time's up. (requested by mil0battles)
|inactive|Blitzenss has 60 seconds left.
|
|t:|1757931749
|teamsize|p1|4
|teamsize|p2|4
|start
|switch|p1a: Kingambit|Kingambit, L50, M|100/100
|switch|p1b: Rillaboom|Rillaboom, L50, F|100/100
|switch|p2a: Dragonite|Dragonite, L50, F|100/100
|switch|p2b: Incineroar|Incineroar, L50, M|100/100
|-fieldstart|move: Grassy Terrain|[from] ability: Grassy Surge|[of] p1b: Rillaboom
|-ability|p2b: Incineroar|Intimidate|boost
|-unboost|p1a: Kingambit|atk|1
|-ability|p1a: Kingambit|Defiant|boost
|-boost|p1a: Kingambit|atk|2
|-unboost|p1b: Rillaboom|atk|1
|turn|1
|inactive|mil0battles has 30 seconds left.
|inactive|mil0battles has 20 seconds left.
|
|t:|1757931788
|-terastallize|p1a: Kingambit|Dark
|move|p1b: Rillaboom|Fake Out|p2a: Dragonite
|-damage|p2a: Dragonite|95/100
|move|p2b: Incineroar|Fake Out|p1a: Kingambit
|-crit|p1a: Kingambit
|-damage|p1a: Kingambit|87/100
|cant|p2a: Dragonite|flinch
|cant|p1a: Kingambit|flinch
|
|-heal|p1a: Kingambit|93/100|[from] Grassy Terrain
|upkeep
|turn|2
|
|t:|1757931812
|move|p1b: Rillaboom|U-turn|p2b: Incineroar
|-damage|p2b: Incineroar|84/100
|
|t:|1757931817
|switch|p1b: Volcarona|Volcarona, L50, M|100/100|[from] U-turn
|move|p2a: Dragonite|Scale Shot|p1a: Kingambit
|-damage|p1a: Kingambit|82/100
|-damage|p1a: Kingambit|71/100
|-damage|p1a: Kingambit|58/100
|-damage|p1a: Kingambit|46/100
|-hitcount|p1a: Kingambit|4
|-unboost|p2a: Dragonite|def|1
|-boost|p2a: Dragonite|spe|1
|move|p2b: Incineroar|Flare Blitz|p1a: Kingambit
|-damage|p1a: Kingambit|6/100
|-damage|p2b: Incineroar|71/100|[from] Recoil
|move|p1a: Kingambit|Kowtow Cleave|p2b: Incineroar
|-resisted|p2b: Incineroar
|-damage|p2b: Incineroar|17/100
|
|-heal|p2b: Incineroar|23/100|[from] Grassy Terrain
|-heal|p1a: Kingambit|12/100|[from] Grassy Terrain
|upkeep
|turn|3
|inactive|mil0battles has 30 seconds left.
|
|t:|1757931843
|move|p1b: Volcarona|Rage Powder|p1b: Volcarona
|-singleturn|p1b: Volcarona|move: Rage Powder
|move|p1a: Kingambit|Sucker Punch||[still]
|-fail|p1a: Kingambit
|move|p2a: Dragonite|Tailwind|p2a: Dragonite
|-sidestart|p2: mil0battles|move: Tailwind
|move|p2b: Incineroar|Knock Off|p1a: Kingambit
|-resisted|p1a: Kingambit
|-damage|p1a: Kingambit|0 fnt
|-enditem|p1a: Kingambit|Black Glasses|[from] move: Knock Off|[of] p2b: Incineroar
|faint|p1a: Kingambit
|
|-heal|p2b: Incineroar|29/100|[from] Grassy Terrain
|upkeep
|
|t:|1757931862
|switch|p1a: Gholdengo|Gholdengo, L50|100/100
|turn|4
|
|t:|1757931875
|move|p2a: Dragonite|Scale Shot|p1b: Volcarona
|-damage|p1b: Volcarona|83/100
|-damage|p1b: Volcarona|66/100
|-damage|p1b: Volcarona|50/100
|-damage|p1b: Volcarona|34/100
|-damage|p1b: Volcarona|18/100
|-hitcount|p1b: Volcarona|5
|-unboost|p2a: Dragonite|def|1
|-boost|p2a: Dragonite|spe|1
|move|p2b: Incineroar|Flare Blitz|p1a: Gholdengo
|-supereffective|p1a: Gholdengo
|-damage|p1a: Gholdengo|0 fnt
|faint|p1a: Gholdengo
|-damage|p2b: Incineroar|2/100|[from] Recoil
|move|p1b: Volcarona|Will-O-Wisp|p2a: Dragonite
|-status|p2a: Dragonite|brn
|
|-heal|p2b: Incineroar|8/100|[from] Grassy Terrain
|-heal|p1b: Volcarona|24/100|[from] Grassy Terrain
|-damage|p2a: Dragonite|89/100 brn|[from] brn
|upkeep
|
|t:|1757931886
|switch|p1a: Rillaboom|Rillaboom, L50, F|100/100
|turn|5
|
|t:|1757931896
|switch|p2b: Amoonguss|Amoonguss, L50, F|100/100
|move|p2a: Dragonite|Protect|p2a: Dragonite
|-singleturn|p2a: Dragonite|Protect
|move|p1b: Volcarona|Protect|p1b: Volcarona
|-singleturn|p1b: Volcarona|Protect
|move|p1a: Rillaboom|Fake Out|p2b: Amoonguss
|-damage|p2b: Amoonguss|90/100
|
|-heal|p1b: Volcarona|31/100|[from] Grassy Terrain
|-heal|p2b: Amoonguss|96/100|[from] Grassy Terrain
|-damage|p2a: Dragonite|83/100 brn|[from] brn
|-fieldend|move: Grassy Terrain
|upkeep
|turn|6
|
|t:|1757931917
|move|p2a: Dragonite|Scale Shot|p1a: Rillaboom
|-damage|p1a: Rillaboom|92/100
|-damage|p1a: Rillaboom|84/100
|-damage|p1a: Rillaboom|75/100
|-damage|p1a: Rillaboom|67/100
|-damage|p1a: Rillaboom|59/100
|-hitcount|p1a: Rillaboom|5
|-unboost|p2a: Dragonite|def|1
|-boost|p2a: Dragonite|spe|1
|move|p1a: Rillaboom|Wood Hammer|p2a: Dragonite
|-resisted|p2a: Dragonite
|-damage|p2a: Dragonite|28/100 brn
|-damage|p1a: Rillaboom|42/100|[from] Recoil
|move|p1b: Volcarona|Overheat|p2b: Amoonguss
|-supereffective|p2b: Amoonguss
|-damage|p2b: Amoonguss|0 fnt
|-unboost|p1b: Volcarona|spa|2
|faint|p2b: Amoonguss
|
|-damage|p2a: Dragonite|22/100 brn|[from] brn
|-sideend|p2: mil0battles|move: Tailwind
|upkeep
|-message|Blitzenss forfeited.
|
|win|mil0battles
|l|☆Blitzenss
|player|p1|
