|j|☆TogoVGC
|j|☆quain4
|html|TogoVGCquain4    
|uhtml|bestof|Game 2 of a best-of-3
|t:|1757766990
|gametype|doubles
|player|p1|TogoVGC|scientist-gen4|1168
|player|p2|quain4|1|1162
|gen|9
|tier|[Gen 9] VGC 2025 Reg H (Bo3)
|rated|
|rule|Species Clause: Limit one of each Pokémon
|rule|Item Clause: Limit 1 of each item
|clearpoke
|poke|p1|Riolu, L50, F|
|poke|p1|Kingambit, L50, F|
|poke|p1|Scovillain, L50, F|
|poke|p1|Dragapult, L50, F|
|poke|p1|Porygon2, L50|
|poke|p1|Pincurchin, L50, M|
|poke|p2|Zoroark-Hisui, L50, M|
|poke|p2|Kilowattrel, L50, M|
|poke|p2|Gloom, L50, F|
|poke|p2|Mandibuzz, L50, F|
|poke|p2|Mamoswine, L50, M|
|poke|p2|Arcanine-Hisui, L50, F|
|teampreview|4
|showteam|p1|Riolu||FocusSash|Prankster|CloseCombat,Coaching,QuickGuard,Copycat|||F|||50|,,,,,Dark]Kingambit||AssaultVest|Defiant|KowtowCleave,IronHead,SuckerPunch,StoneEdge|||F|||50|,,,,,Ghost]Scovillain||EjectPack|Moody|RagePowder,LeafStorm,TemperFlare,Protect|||F|||50|,,,,,Steel]Dragapult||ChoiceBand|ClearBody|DragonDarts,PhantomForce,TeraBlast,Uturn|||F|||50|,,,,,Fairy]Porygon2||Eviolite|Download|TeraBlast,IceBeam,TrickRoom,Recover||||||50|,,,,,Ground]Pincurchin||LifeOrb|ElectricSurge|HydroPump,Thunderbolt,MuddyWater,Protect|||M|||50|,,,,,Water
|showteam|p2|Zoroark-Hisui||LifeOrb|Illusion|Protect,HyperVoice,NastyPlot,BitterMalice|||M|||50|,,,,,Normal]Kilowattrel||ChoiceSpecs|Competitive|VoltSwitch,Thunderbolt,AirSlash,Discharge|||M|||50|,,,,,Ghost]Gloom||Eviolite|Chlorophyll|SleepPowder,HelpingHand,AcidSpray,LeechSeed|||F|||50|,,,,,Water]Mandibuzz||SitrusBerry|Overcoat|Snarl,Protect,Tailwind,FoulPlay|||F|||50|,,,,,Poison]Mamoswine||FocusSash|Oblivious|IcicleCrash,IceShard,Protect,Earthquake|||M|||50|,,,,,Ice]Arcanine-Hisui||LumBerry|Intimidate|WillOWisp,ExtremeSpeed,FlareBlitz,Protect|||F|||50|,,,,,Psychic
|inactive|Battle timer is ON: inactive players will automatically lose when time's up. (requested by quain4)
|inactive|quain4 has 60 seconds left.
|
|t:|1757767021
|teamsize|p1|4
|teamsize|p2|4
|start
|switch|p1a: Porygon2|Porygon2, L50|100/100
|switch|p1b: Scovillain|Scovillain, L50, F|100/100
|switch|p2a: Kilowattrel|Kilowattrel, L50, M|100/100
|switch|p2b: Mamoswine|Mamoswine, L50, M|100/100
|-ability|p1a: Porygon2|Download|boost
|-boost|p1a: Porygon2|spa|1
|turn|1
|inactive|quain4 has 30 seconds left.
|inactive|quain4 has 20 seconds left.
|inactive|quain4 has 15 seconds left.
|inactive|quain4 has 10 seconds left.
|
|t:|1757767067
|move|p1b: Scovillain|Protect|p1b: Scovillain
|-singleturn|p1b: Scovillain|Protect
|move|p2a: Kilowattrel|Air Slash|p1a: Porygon2
|-damage|p1a: Porygon2|70/100
|move|p2b: Mamoswine|Icicle Crash|p1a: Porygon2
|-damage|p1a: Porygon2|33/100
|move|p1a: Porygon2|Trick Room|p1a: Porygon2
|-fieldstart|move: Trick Room|[of] p1a: Porygon2
|
|-ability|p1b: Scovillain|Moody|boost
|-boost|p1b: Scovillain|def|2
|-unboost|p1b: Scovillain|spa|1
|-enditem|p1b: Scovillain|Eject Pack
|upkeep
|inactive|TogoVGC has 30 seconds left.
|inactive|TogoVGC has 20 seconds left.
|inactive|TogoVGC has 15 seconds left.
|inactive|TogoVGC has 10 seconds left.
|
|t:|1757767114
|switch|p1b: Pincurchin|Pincurchin, L50, M|100/100
|-fieldstart|move: Electric Terrain|[from] ability: Electric Surge|[of] p1b: Pincurchin
|turn|2
|inactive|quain4 has 30 seconds left.
|
|t:|1757767139
|switch|p2a: Gloom|Gloom, L50, F|100/100
|move|p2b: Mamoswine|Protect|p2b: Mamoswine
|-singleturn|p2b: Mamoswine|Protect
|move|p1b: Pincurchin|Muddy Water|p2b: Mamoswine|[spread] p2a
|-activate|p2b: Mamoswine|move: Protect
|-resisted|p2a: Gloom
|-damage|p2a: Gloom|92/100
|-unboost|p2a: Gloom|accuracy|1
|-damage|p1b: Pincurchin|91/100|[from] item: Life Orb
|move|p1a: Porygon2|Recover|p1a: Porygon2
|-heal|p1a: Porygon2|83/100
|
|upkeep
|turn|3
|inactive|TogoVGC has 30 seconds left.
|inactive|quain4 has 30 seconds left.
|inactive|TogoVGC has 20 seconds left.
|inactive|quain4 has 20 seconds left.
|inactive|TogoVGC has 15 seconds left.
|inactive|quain4 has 15 seconds left.
|inactive|TogoVGC has 10 seconds left.
|
|t:|1757767185
|switch|p2b: Mamoswine|Mamoswine, L50, M|100/100
|move|p1b: Pincurchin|Muddy Water|p2b: Mamoswine|[spread] p2b
|-miss|p1b: Pincurchin|p2a: Gloom
|-damage|p2b: Mamoswine|44/100
|replace|p2b: Zoroark|Zoroark-Hisui, L50, M
|-end|p2b: Zoroark|Illusion
|-damage|p1b: Pincurchin|82/100|[from] item: Life Orb
|move|p1a: Porygon2|Tera Blast|p2b: Zoroark
|-immune|p2b: Zoroark
|move|p2a: Gloom|Sleep Powder|p1b: Pincurchin
|-activate|p1b: Pincurchin|move: Electric Terrain
|
|upkeep
|turn|4
|inactive|quain4 has 30 seconds left.
|
|t:|1757767217
|move|p2b: Zoroark|Protect|p2b: Zoroark
|-singleturn|p2b: Zoroark|Protect
|move|p1b: Pincurchin|Muddy Water|p2a: Gloom|[spread] p2a
|-activate|p2b: Zoroark|move: Protect
|-resisted|p2a: Gloom
|-damage|p2a: Gloom|83/100
|-unboost|p2a: Gloom|accuracy|1
|-damage|p1b: Pincurchin|72/100|[from] item: Life Orb
|move|p1a: Porygon2|Ice Beam|p2a: Gloom
|-supereffective|p2a: Gloom
|-damage|p2a: Gloom|19/100
|move|p2a: Gloom|Leech Seed|p1a: Porygon2|[miss]
|-miss|p2a: Gloom|p1a: Porygon2
|
|upkeep
|turn|5
|inactive|TogoVGC has 30 seconds left.
|inactive|quain4 has 30 seconds left.
|inactive|TogoVGC has 20 seconds left.
|inactive|quain4 has 20 seconds left.
|inactive|TogoVGC has 15 seconds left.
|
|t:|1757767257
|move|p2b: Zoroark|Protect||[still]
|-fail|p2b: Zoroark
|move|p1b: Pincurchin|Thunderbolt|p2b: Zoroark
|-damage|p2b: Zoroark|0 fnt
|faint|p2b: Zoroark
|-damage|p1b: Pincurchin|63/100|[from] item: Life Orb
|move|p1a: Porygon2|Ice Beam|p2a: Gloom
|-supereffective|p2a: Gloom
|-damage|p2a: Gloom|0 fnt
|faint|p2a: Gloom
|
|-fieldend|move: Trick Room
|upkeep
|
|t:|1757767259
|switch|p2b: Mamoswine|Mamoswine, L50, M|100/100
|switch|p2a: Kilowattrel|Kilowattrel, L50, M|100/100
|turn|6
|inactive|TogoVGC has 30 seconds left.
|inactive|TogoVGC has 20 seconds left.
|inactive|TogoVGC has 15 seconds left.
|inactive|TogoVGC has 10 seconds left.
|inactive|TogoVGC has 5 seconds left.
|
|t:|1757767314
|move|p2a: Kilowattrel|Thunderbolt|p1a: Porygon2
|-damage|p1a: Porygon2|46/100
|move|p2b: Mamoswine|Earthquake|p1a: Porygon2|[spread] p1a,p1b
|-immune|p2a: Kilowattrel
|-supereffective|p1b: Pincurchin
|-damage|p1a: Porygon2|14/100
|-damage|p1b: Pincurchin|0 fnt
|faint|p1b: Pincurchin
|move|p1a: Porygon2|Tera Blast|p2a: Kilowattrel
|-damage|p2a: Kilowattrel|0 fnt
|faint|p2a: Kilowattrel
|
|-fieldend|move: Electric Terrain
|upkeep
|
|t:|1757767321
|switch|p1b: Riolu|Riolu, L50, F|100/100
|turn|7
|
|t:|1757767344
|move|p2b: Mamoswine|Earthquake|p1a: Porygon2|[spread] p1a,p1b
|-damage|p1a: Porygon2|0 fnt
|-enditem|p1b: Riolu|Focus Sash
|-damage|p1b: Riolu|1/100
|faint|p1a: Porygon2
|move|p1b: Riolu|Close Combat|p2b: Mamoswine
|-supereffective|p2b: Mamoswine
|-damage|p2b: Mamoswine|2/100
|-unboost|p1b: Riolu|def|1
|-unboost|p1b: Riolu|spd|1
|
|upkeep
|inactive|TogoVGC has 30 seconds left.
|-message|quain4 forfeited.
|
|win|TogoVGC
|l|☆quain4
|player|p2|
||quain4 is ready for game 3.
|inactive|TogoVGC has 30 seconds to confirm battle start!
|inactive|TogoVGC has 20 seconds to confirm battle start!
|inactive|TogoVGC has 10 seconds to confirm battle start!
|uhtml|next|Next: Game 3 of 3
|l|☆TogoVGC
|player|p1|
