|j|☆efwefwefwefweifier
|j|☆moth.o
|html|efwefwefwefweifiermoth.o    
|uhtml|bestof|Game 2 of a best-of-3
|t:|1757150449
|gametype|doubles
|player|p1|efwefwefwefweifier|juan|1187
|player|p2|moth.o|roxie|1307
|gen|9
|tier|[Gen 9] VGC 2025 Reg H (Bo3)
|rated|
|rule|Species Clause: Limit one of each Pokémon
|rule|Item Clause: Limit 1 of each item
|clearpoke
|poke|p1|Maushold-Four, L50|
|poke|p1|Rillaboom, L50, M|
|poke|p1|Ursaluna-Bloodmoon, L50, M|
|poke|p1|Annihilape, L50, F|
|poke|p1|Ninetales-Alola, L50, F|
|poke|p1|Talonflame, L50, M|
|poke|p2|Arcanine-Hisui, L50, M|
|poke|p2|Indeedee-F, L50, F|
|poke|p2|Gallade, L50, M|
|poke|p2|Gholdengo, L50|
|poke|p2|Whimsicott, L50, F|
|poke|p2|Hydreigon, L50, M|
|teampreview|4
|showteam|p1|Maushold-Four||SafetyGoggles|FriendGuard|FollowMe,BeatUp,SuperFang,Protect||||||50|,,,,,Ghost]Rillaboom||AssaultVest|GrassySurge|WoodHammer,GrassyGlide,Uturn,FakeOut|||M|||50|,,,,,Fire]Ursaluna-Bloodmoon||LifeOrb|MindsEye|BloodMoon,HyperVoice,EarthPower,Protect|||M|||50|,,,,,Normal]Annihilape||Leftovers|Defiant|DrainPunch,RageFist,BulkUp,Protect|||F|||50|,,,,,Fire]Ninetales-Alola||LightClay|SnowWarning|Blizzard,Encore,Moonblast,AuroraVeil|||F|||50|,,,,,Water]Talonflame||CovertCloak|GaleWings|BraveBird,Tailwind,WillOWisp,Taunt|||M|||50|,,,,,Dark
|showteam|p2|Arcanine-Hisui||SafetyGoggles|Intimidate|RockSlide,FlareBlitz,ExtremeSpeed,Protect|||M|||50|,,,,,Fairy]Indeedee-F||SitrusBerry|PsychicSurge|TrickRoom,FollowMe,Psychic,HelpingHand|||F|||50|,,,,,Fairy]Gallade||LifeOrb|Sharpness|Protect,WideGuard,SacredSword,PsychoCut|||M|||50|,,,,,Grass]Gholdengo||ChoiceSpecs|GoodasGold|Trick,ShadowBall,MakeItRain,PowerGem||||||50|,,,,,Water]Whimsicott||CovertCloak|Prankster|SunnyDay,Moonblast,Encore,Tailwind|||F|||50|,,,,,Dark]Hydreigon||AssaultVest|Levitate|Uturn,Snarl,DarkPulse,DracoMeteor|||M|||50|,,,,,Ghost
|inactive|Battle timer is ON: inactive players will automatically lose when time's up. (requested by efwefwefwefweifier)
|inactive|efwefwefwefweifier has 60 seconds left.
|
|t:|1757150508
|teamsize|p1|4
|teamsize|p2|4
|start
|switch|p1a: Go! Rilla|Rillaboom, L50, M|100/100
|switch|p1b: Talonflame|Talonflame, L50, M|100/100
|switch|p2a: Tesorero|Gholdengo, L50|100/100
|switch|p2b: Triquiñuela|Whimsicott, L50, F, shiny|100/100
|-fieldstart|move: Grassy Terrain|[from] ability: Grassy Surge|[of] p1a: Go! Rilla
|turn|1
|
|t:|1757150529
|move|p1b: Talonflame|Tailwind|p1b: Talonflame
|-sidestart|p1: efwefwefwefweifier|move: Tailwind
|move|p2b: Triquiñuela|Tailwind|p2b: Triquiñuela
|-sidestart|p2: moth.o|move: Tailwind
|move|p2a: Tesorero|Shadow Ball|p1a: Go! Rilla
|-damage|p1a: Go! Rilla|52/100
|move|p1a: Go! Rilla|U-turn|p2b: Triquiñuela
|-damage|p2b: Triquiñuela|76/100
|
|t:|1757150548
|switch|p1a: Ursaluna|Ursaluna-Bloodmoon, L50, M|100/100|[from] U-turn
|
|-heal|p2b: Triquiñuela|81/100|[from] Grassy Terrain
|upkeep
|turn|2
|
|t:|1757150562
|switch|p2a: Servidumbre|Indeedee-F, L50, F|100/100
|-fieldstart|move: Psychic Terrain|[from] ability: Psychic Surge|[of] p2a: Servidumbre
|move|p1b: Talonflame|Brave Bird|p2b: Triquiñuela
|-activate|p2b: Triquiñuela|move: Psychic Terrain
|move|p2b: Triquiñuela|Encore|p1b: Talonflame
|-start|p1b: Talonflame|Encore
|move|p1a: Ursaluna|Earth Power|p2a: Servidumbre
|-damage|p2a: Servidumbre|34/100
|-enditem|p2a: Servidumbre|Sitrus Berry|[eat]
|-heal|p2a: Servidumbre|59/100|[from] item: Sitrus Berry
|-damage|p1a: Ursaluna|91/100|[from] item: Life Orb
|
|upkeep
|turn|3
|inactive|moth.o has 30 seconds left.
|
|t:|1757150589
|-terastallize|p1a: Ursaluna|Normal
|move|p1b: Talonflame|Brave Bird|p2b: Triquiñuela
|-activate|p2b: Triquiñuela|move: Psychic Terrain
|move|p2b: Triquiñuela|Moonblast|p1a: Ursaluna
|-damage|p1a: Ursaluna|57/100
|move|p2a: Servidumbre|Psychic|p1a: Ursaluna
|-damage|p1a: Ursaluna|8/100
|move|p1a: Ursaluna|Hyper Voice|p2a: Servidumbre|[spread] p2a,p2b
|-damage|p2a: Servidumbre|0 fnt
|-damage|p2b: Triquiñuela|0 fnt
|faint|p2a: Servidumbre
|faint|p2b: Triquiñuela
|-damage|p1a: Ursaluna|0 fnt|[from] item: Life Orb
|faint|p1a: Ursaluna
|
|upkeep
|
|t:|1757150607
|switch|p2b: Tesorero|Gholdengo, L50|100/100
|switch|p2a: Galantería|Gallade, L50, M, shiny|100/100
|switch|p1a: Go! Rilla|Rillaboom, L50, M|52/100
|-fieldstart|move: Grassy Terrain|[from] ability: Grassy Surge|[of] p1a: Go! Rilla
|turn|4
|inactive|moth.o has 30 seconds left.
|
|t:|1757150632
|move|p2a: Galantería|Protect|p2a: Galantería
|-singleturn|p2a: Galantería|Protect
|move|p1b: Talonflame|Brave Bird|p2a: Galantería
|-activate|p2a: Galantería|move: Protect
|move|p2b: Tesorero|Power Gem|p1b: Talonflame
|-supereffective|p1b: Talonflame
|-damage|p1b: Talonflame|0 fnt
|faint|p1b: Talonflame
|move|p1a: Go! Rilla|U-turn|p2b: Tesorero
|-resisted|p2b: Tesorero
|-damage|p2b: Tesorero|94/100
|
|t:|1757150642
|switch|p1a: Annihilape|Annihilape, L50, F, shiny|100/100|[from] U-turn
|
|-heal|p2b: Tesorero|99/100|[from] Grassy Terrain
|-sideend|p1: efwefwefwefweifier|move: Tailwind
|-sideend|p2: moth.o|move: Tailwind
|upkeep
|
|t:|1757150644
|switch|p1b: Go! Rilla|Rillaboom, L50, M|52/100
|turn|5
|
|t:|1757150659
|move|p2a: Galantería|Protect||[still]
|-fail|p2a: Galantería
|move|p1b: Go! Rilla|Fake Out|p2a: Galantería
|-damage|p2a: Galantería|77/100
|move|p1a: Annihilape|Rage Fist|p2a: Galantería
|-supereffective|p2a: Galantería
|-damage|p2a: Galantería|5/100
|move|p2b: Tesorero|Power Gem|p1b: Go! Rilla
|-damage|p1b: Go! Rilla|20/100
|
|-heal|p2b: Tesorero|100/100|[from] Grassy Terrain
|-heal|p2a: Galantería|10/100|[from] Grassy Terrain
|-heal|p1b: Go! Rilla|26/100|[from] Grassy Terrain
|upkeep
|turn|6
|
|t:|1757150678
|move|p2a: Galantería|Protect|p2a: Galantería
|-singleturn|p2a: Galantería|Protect
|move|p1b: Go! Rilla|Grassy Glide|p2a: Galantería
|-activate|p2a: Galantería|move: Protect
|move|p1a: Annihilape|Bulk Up|p1a: Annihilape
|-boost|p1a: Annihilape|atk|1
|-boost|p1a: Annihilape|def|1
|move|p2b: Tesorero|Power Gem|p1b: Go! Rilla
|-damage|p1b: Go! Rilla|0 fnt
|faint|p1b: Go! Rilla
|
|-heal|p2a: Galantería|16/100|[from] Grassy Terrain
|upkeep
|turn|7
|
|t:|1757150698
|move|p1a: Annihilape|Rage Fist|p2a: Galantería
|-supereffective|p2a: Galantería
|-damage|p2a: Galantería|0 fnt
|faint|p2a: Galantería
|move|p2b: Tesorero|Power Gem|p1a: Annihilape
|-resisted|p1a: Annihilape
|-damage|p1a: Annihilape|80/100
|
|-heal|p1a: Annihilape|87/100|[from] Grassy Terrain
|-heal|p1a: Annihilape|93/100|[from] item: Leftovers
|upkeep
|turn|8
|-message|moth.o forfeited.
|
|win|efwefwefwefweifier
||efwefwefwefweifier is ready for game 3.
||moth.o is ready for game 3.
|uhtml|next|Next: Game 3 of 3
|l|☆efwefwefwefweifier
|player|p1|
|l|☆moth.o
|player|p2|
|j|☆moth.o
|player|p2|moth.o|roxie|
