|j|☆Trapooz
|j|☆Astano
|html|TrapoozAstano    
|uhtml|bestof|Game 2 of a best-of-3
|t:|1783063938
|gametype|doubles
|player|p1|Trapooz|steven|1000
|player|p2|Astano|265|1000
|gen|9
|tier|[Gen 9 Champions] VGC 2026 Reg M-B (Bo3)
|rated|
|rule|Species Clause: Limit one of each Pokémon
|rule|Item Clause: Limit 1 of each item
|clearpoke
|poke|p1|Pelipper, L50, F|
|poke|p1|Archaludon, L50, M|
|poke|p1|Basculegion, L50, M|
|poke|p1|Meganium, L50, F|
|poke|p1|Sneasler, L50, F|
|poke|p1|Palafin, L50, F|
|poke|p2|Swampert, L50, M|
|poke|p2|Sableye, L50, F|
|poke|p2|Archaludon, L50, F|
|poke|p2|Pelipper, L50, M|
|poke|p2|Sylveon, L50, F|
|poke|p2|Venusaur, L50, M|
|teampreview|4
|showteam|p1|Pelipper||FocusSash|Drizzle|HydroPump,Hurricane,IceBeam,Tailwind|Modest||F|||50|]Archaludon||Leftovers|Stamina|ElectroShot,ThunderWave,FlashCannon,Thunderbolt|Timid||M|||50|]Basculegion||MysticWater|Adaptability|WaveCrash,FlipTurn,AquaJet,LastRespects|Adamant||M|||50|]Meganium||Meganiumite|LeafGuard|WeatherBall,Trailblaze,SolarBlade,DazzlingGleam|Hasty||F|||50|]Sneasler||WhiteHerb|Unburden|DireClaw,CloseCombat,FakeOut,Protect|Adamant||F|||50|]Palafin||ExpertBelt|ZerotoHero|JetPunch,BulkUp,DrainPunch,FlipTurn|Jolly||F|||50|
|showteam|p2|Swampert||Swampertite|Torrent|Protect,WaveCrash,Earthquake,HighHorsepower|Adamant||M|||50|]Sableye||LightClay|Prankster|Encore,Reflect,LightScreen,RainDance|Bold||F|||50|]Archaludon||Leftovers|Stamina|Protect,DragonPulse,FlashCannon,ElectroShot|Modest||F|||50|]Pelipper||SitrusBerry|Drizzle|Protect,WeatherBall,Hurricane,Tailwind|Bold||M|||50|]Sylveon||FairyFeather|Pixilate|Detect,HyperVoice,Moonblast,QuickAttack|Modest||F|||50|]Venusaur||Venusaurite|Overgrow|Protect,GigaDrain,SludgeBomb,EarthPower|Modest||M|||50|
|inactive|Battle timer is ON: inactive players will automatically lose when time's up. (requested by Astano)
|
|t:|1783063975
|teamsize|p1|4
|teamsize|p2|4
|start
|switch|p1a: Pelipper|Pelipper, L50, F|100/100
|switch|p1b: Archaludon|Archaludon, L50, M|100/100
|switch|p2a: Sableye|Sableye, L50, F|100/100
|switch|p2b: Archaludon|Archaludon, L50, F|100/100
|-weather|RainDance|[from] ability: Drizzle|[of] p1a: Pelipper
|turn|1
|
|t:|1783063990
|move|p2a: Sableye|Light Screen|p2a: Sableye
|-sidestart|p2: Astano|move: Light Screen
|move|p1b: Archaludon|Thunder Wave|p2b: Archaludon
|-status|p2b: Archaludon|par
|move|p1a: Pelipper|Tailwind|p1a: Pelipper
|-sidestart|p1: Trapooz|move: Tailwind
|move|p2b: Archaludon|Electro Shot||[still]
|-prepare|p2b: Archaludon|Electro Shot
|-boost|p2b: Archaludon|spa|1
|-anim|p2b: Archaludon|Electro Shot|p1a: Pelipper
|-supereffective|p1a: Pelipper|2
|-enditem|p1a: Pelipper|Focus Sash
|-damage|p1a: Pelipper|1/100
|
|-weather|RainDance|[upkeep]
|upkeep
|turn|2
|
|t:|1783064011
|move|p2a: Sableye|Encore|p1a: Pelipper
|-start|p1a: Pelipper|Encore
|move|p1b: Archaludon|Electro Shot||[still]
|-prepare|p1b: Archaludon|Electro Shot
|-boost|p1b: Archaludon|spa|1
|-anim|p1b: Archaludon|Electro Shot|p2a: Sableye
|-damage|p2a: Sableye|44/100
|move|p1a: Pelipper|Tailwind||[still]
|-fail|p1a: Pelipper
|move|p2b: Archaludon|Dragon Pulse|p1b: Archaludon
|-damage|p1b: Archaludon|12/100
|-ability|p1b: Archaludon|Stamina|boost
|-boost|p1b: Archaludon|def|1
|
|-weather|RainDance|[upkeep]
|-heal|p1b: Archaludon|18/100|[from] item: Leftovers
|upkeep
|turn|3
|inactive|Astano has 30 seconds left.
|inactive|Trapooz has 30 seconds left.
|inactive|Astano has 20 seconds left.
|inactive|Astano has 15 seconds left.
|
|t:|1783064055
|switch|p1a: Sneasler|Sneasler, L50, F|100/100
|move|p2a: Sableye|Encore|p1b: Archaludon
|-start|p1b: Archaludon|Encore
|move|p1b: Archaludon|Electro Shot||[still]
|-prepare|p1b: Archaludon|Electro Shot
|-boost|p1b: Archaludon|spa|1
|-anim|p1b: Archaludon|Electro Shot|p2b: Archaludon
|-resisted|p2b: Archaludon|1
|-damage|p2b: Archaludon|70/100 par
|-ability|p2b: Archaludon|Stamina|boost
|-boost|p2b: Archaludon|def|1
|move|p2b: Archaludon|Electro Shot||[still]
|-prepare|p2b: Archaludon|Electro Shot
|-boost|p2b: Archaludon|spa|1
|-anim|p2b: Archaludon|Electro Shot|p1a: Sneasler
|-damage|p1a: Sneasler|0 fnt
|faint|p1a: Sneasler
|
|-weather|RainDance|[upkeep]
|-heal|p1b: Archaludon|24/100|[from] item: Leftovers
|-heal|p2b: Archaludon|76/100 par|[from] item: Leftovers
|upkeep
|
|t:|1783064076
|switch|p1a: Basculegion|Basculegion, L50, M|100/100
|turn|4
|
|t:|1783064087
|move|p2a: Sableye|Reflect|p2a: Sableye
|-sidestart|p2: Astano|Reflect
|move|p1b: Archaludon|Electro Shot||[still]
|-prepare|p1b: Archaludon|Electro Shot
|-boost|p1b: Archaludon|spa|1
|-anim|p1b: Archaludon|Electro Shot|p2b: Archaludon
|-resisted|p2b: Archaludon|1
|-damage|p2b: Archaludon|37/100 par
|-ability|p2b: Archaludon|Stamina|boost
|-boost|p2b: Archaludon|def|1
|move|p1a: Basculegion|Last Respects|p2a: Sableye
|-damage|p2a: Sableye|0 fnt
|faint|p2a: Sableye
|move|p2b: Archaludon|Electro Shot||[still]
|-prepare|p2b: Archaludon|Electro Shot
|-boost|p2b: Archaludon|spa|1
|-anim|p2b: Archaludon|Electro Shot|p1a: Basculegion
|-supereffective|p1a: Basculegion|1
|-damage|p1a: Basculegion|0 fnt
|faint|p1a: Basculegion
|
|-weather|RainDance|[upkeep]
|-heal|p1b: Archaludon|30/100|[from] item: Leftovers
|-heal|p2b: Archaludon|43/100 par|[from] item: Leftovers
|-sideend|p1: Trapooz|move: Tailwind
|upkeep
|
|t:|1783064105
|switch|p1a: Pelipper|Pelipper, L50, F|1/100
|switch|p2a: Pelipper|Pelipper, L50, M|100/100
|turn|5
|l|☆Trapooz
|inactive|Trapooz disconnected and has a minute to reconnect!
|player|p1|
|inactive|Trapooz has 30 seconds left.
|inactive|Trapooz has 20 seconds left.
|inactive|Trapooz has 15 seconds left.
|inactive|Trapooz has 10 seconds left.
|inactive|Trapooz has 5 seconds left.
|-message|Trapooz lost due to inactivity.
|
|win|Astano
|raw|Trapooz's rating: 1000 → 1000(+0 for losing)
|raw|Astano's rating: 1000 → 1040(+40 for winning)
