|j|☆GRNSBRN
|j|☆oddizz
|html|GRNSBRNoddizz    
|uhtml|bestof|Game 2 of a best-of-3
|t:|1757661276
|gametype|doubles
|player|p1|GRNSBRN|benga|1013
|player|p2|oddizz|101|1068
|gen|9
|tier|[Gen 9] VGC 2025 Reg H (Bo3)
|rated|
|rule|Species Clause: Limit one of each Pokémon
|rule|Item Clause: Limit 1 of each item
|clearpoke
|poke|p1|Reuniclus, L50, F|
|poke|p1|Tyranitar, L50, F|
|poke|p1|Indeedee-F, L50, F|
|poke|p1|Sneasler, L50, F|
|poke|p1|Houndstone, L50, M|
|poke|p1|Basculegion, L50, M|
|poke|p2|Archaludon, L50, F|
|poke|p2|Basculegion, L50, M|
|poke|p2|Gholdengo, L50|
|poke|p2|Pelipper, L50, M|
|poke|p2|Rillaboom, L50, M|
|poke|p2|Magmar, L50, M|
|teampreview|4
|showteam|p1|Reuniclus||SitrusBerry|Overcoat|ExpandingForce,TrickRoom,TeraBlast,Recover|||F|||50|,,,,,Water]Tyranitar||AssaultVest|SandStream|KnockOff,RockSlide,TeraBlast,LowKick|||F|||50|,,,,,Flying]Indeedee-F||RockyHelmet|PsychicSurge|TrickRoom,FollowMe,HealPulse,DazzlingGleam|||F|||50|,,,,,Fairy]Sneasler||PsychicSeed|Unburden|RockSlide,Protect,CloseCombat,DireClaw|||F|||50|,,,,,Rock]Houndstone||Leftovers|SandRush|Protect,Yawn,Snarl,LastRespects|||M|||50|,,,,,Fairy]Basculegion||ChoiceScarf|Adaptability|FlipTurn,PhantomForce,WaveCrash,LastRespects|||M|||50|,,,,,Water
|showteam|p2|Archaludon||AssaultVest|Stamina|DragonPulse,BodyPress,ElectroShot,FlashCannon|||F|||50|,,,,,Water]Basculegion||MysticWater|SwiftSwim|WaveCrash,LastRespects,Protect,AquaJet|||M|||50|,,,,,Water]Gholdengo||LifeOrb|GoodasGold|MakeItRain,ShadowBall,NastyPlot,Protect||||||50|,,,,,Steel]Pelipper||FocusSash|Drizzle|Hurricane,WeatherBall,Tailwind,Protect|||M|||50|,,,,,Steel]Rillaboom||MiracleSeed|GrassySurge|FakeOut,GrassyGlide,WoodHammer,Uturn|||M|||50|,,,,,Fire]Magmar||Eviolite|VitalSpirit|Flamethrower,Protect,WillOWisp,FollowMe|||M|||50|,,,,,Water
|inactive|Battle timer is ON: inactive players will automatically lose when time's up. (requested by GRNSBRN)
|
|t:|1757661302
|teamsize|p1|4
|teamsize|p2|4
|start
|switch|p1a: Houndstone|Houndstone, L50, M|100/100
|switch|p1b: Indeedee|Indeedee-F, L50, F, shiny|100/100
|switch|p2a: Pelipper|Pelipper, L50, M, shiny|100/100
|switch|p2b: Archaludon|Archaludon, L50, F, shiny|100/100
|-weather|RainDance|[from] ability: Drizzle|[of] p2a: Pelipper
|-fieldstart|move: Psychic Terrain|[from] ability: Psychic Surge|[of] p1b: Indeedee
|turn|1
|inactive|oddizz has 30 seconds left.
|
|t:|1757661332
|switch|p1b: Tyranitar|Tyranitar, L50, F|100/100
|-weather|Sandstorm|[from] ability: Sand Stream|[of] p1b: Tyranitar
|move|p1a: Houndstone|Yawn|p2b: Archaludon
|-start|p2b: Archaludon|move: Yawn|[of] p1a: Houndstone
|move|p2b: Archaludon|Electro Shot||[still]
|-prepare|p2b: Archaludon|Electro Shot
|-boost|p2b: Archaludon|spa|1
|move|p2a: Pelipper|Tailwind|p2a: Pelipper
|-sidestart|p2: oddizz|move: Tailwind
|
|-weather|Sandstorm|[upkeep]
|-damage|p2a: Pelipper|95/100|[from] Sandstorm
|upkeep
|turn|2
|inactive|GRNSBRN has 30 seconds left.
|
|t:|1757661364
|switch|p2a: Rillaboom|Rillaboom, L50, M, shiny|100/100
|-fieldstart|move: Grassy Terrain|[from] ability: Grassy Surge|[of] p2a: Rillaboom
|move|p1a: Houndstone|Protect|p1a: Houndstone
|-singleturn|p1a: Houndstone|Protect
|move|p2b: Archaludon|Electro Shot|p1a: Houndstone|[from] lockedmove
|-activate|p1a: Houndstone|move: Protect
|move|p1b: Tyranitar|Knock Off|p2b: Archaludon
|-damage|p2b: Archaludon|54/100
|-ability|p2b: Archaludon|Stamina|boost
|-boost|p2b: Archaludon|def|1
|-enditem|p2b: Archaludon|Assault Vest|[from] move: Knock Off|[of] p1b: Tyranitar
|
|-weather|Sandstorm|[upkeep]
|-damage|p2a: Rillaboom|95/100|[from] Sandstorm
|-heal|p2b: Archaludon|60/100|[from] Grassy Terrain
|-heal|p2a: Rillaboom|100/100|[from] Grassy Terrain
|-end|p2b: Archaludon|move: Yawn|[silent]
|-status|p2b: Archaludon|slp
|upkeep
|turn|3
|inactive|oddizz has 30 seconds left.
|
|t:|1757661391
|-terastallize|p1b: Tyranitar|Flying
|move|p2a: Rillaboom|Fake Out|p1b: Tyranitar
|-damage|p1b: Tyranitar|88/100
|cant|p2b: Archaludon|slp
|move|p1a: Houndstone|Snarl|p2a: Rillaboom|[spread] p2a,p2b
|-damage|p2a: Rillaboom|95/100
|-damage|p2b: Archaludon|53/100 slp
|-unboost|p2a: Rillaboom|spa|1
|-unboost|p2b: Archaludon|spa|1
|-ability|p2b: Archaludon|Stamina|boost
|-boost|p2b: Archaludon|def|1
|cant|p1b: Tyranitar|flinch
|
|-weather|Sandstorm|[upkeep]
|-damage|p2a: Rillaboom|89/100|[from] Sandstorm
|-damage|p1b: Tyranitar|82/100|[from] Sandstorm
|-heal|p2b: Archaludon|59/100 slp|[from] Grassy Terrain
|-heal|p2a: Rillaboom|95/100|[from] Grassy Terrain
|upkeep
|turn|4
|inactive|oddizz has 30 seconds left.
|
|t:|1757661425
|move|p2a: Rillaboom|Grassy Glide|p1a: Houndstone
|-damage|p1a: Houndstone|55/100
|cant|p2b: Archaludon|slp
|move|p1a: Houndstone|Snarl|p2b: Archaludon|[spread] p2a,p2b
|-damage|p2a: Rillaboom|89/100
|-damage|p2b: Archaludon|51/100 slp
|-unboost|p2a: Rillaboom|spa|1
|-unboost|p2b: Archaludon|spa|1
|-ability|p2b: Archaludon|Stamina|boost
|-boost|p2b: Archaludon|def|1
|move|p1b: Tyranitar|Tera Blast|p2a: Rillaboom|[anim] Tera Blast Flying
|-supereffective|p2a: Rillaboom
|-damage|p2a: Rillaboom|8/100
|
|-weather|Sandstorm|[upkeep]
|-damage|p2a: Rillaboom|2/100|[from] Sandstorm
|-damage|p1b: Tyranitar|76/100|[from] Sandstorm
|-heal|p2b: Archaludon|57/100 slp|[from] Grassy Terrain
|-heal|p1a: Houndstone|61/100|[from] Grassy Terrain
|-heal|p1a: Houndstone|67/100|[from] item: Leftovers
|-heal|p2a: Rillaboom|8/100|[from] Grassy Terrain
|-sideend|p2: oddizz|move: Tailwind
|upkeep
|turn|5
|inactive|GRNSBRN has 30 seconds left.
|inactive|oddizz has 30 seconds left.
|
|t:|1757661454
|switch|p1a: Indeedee|Indeedee-F, L50, F, shiny|100/100
|-fieldstart|move: Psychic Terrain|[from] ability: Psychic Surge|[of] p1a: Indeedee
|cant|p2b: Archaludon|slp
|move|p2a: Rillaboom|Wood Hammer|p1a: Indeedee
|-damage|p1a: Indeedee|20/100
|-damage|p2a: Rillaboom|0 fnt|[from] item: Rocky Helmet|[of] p1a: Indeedee
|faint|p2a: Rillaboom
|move|p1b: Tyranitar|Rock Slide|p2b: Archaludon
|-resisted|p2b: Archaludon
|-damage|p2b: Archaludon|50/100 slp
|-ability|p2b: Archaludon|Stamina|boost
|-boost|p2b: Archaludon|def|1
|
|-weather|none
|upkeep
|
|t:|1757661471
|switch|p2a: Pelipper|Pelipper, L50, M, shiny|95/100
|-weather|RainDance|[from] ability: Drizzle|[of] p2a: Pelipper
|turn|6
|
|t:|1757661493
|switch|p1b: Sneasler|Sneasler, L50, F|100/100
|-enditem|p1b: Sneasler|Psychic Seed
|-boost|p1b: Sneasler|spd|1|[from] item: Psychic Seed
|-curestatus|p2b: Archaludon|slp|[msg]
|move|p2b: Archaludon|Dragon Pulse|p1b: Sneasler
|-damage|p1b: Sneasler|75/100
|move|p2a: Pelipper|Weather Ball|p1b: Sneasler
|-damage|p1b: Sneasler|15/100
|move|p1a: Indeedee|Trick Room|p1a: Indeedee
|-fieldstart|move: Trick Room|[of] p1a: Indeedee
|
|-weather|RainDance|[upkeep]
|upkeep
|turn|7
|inactive|oddizz has 30 seconds left.
|
|t:|1757661522
|switch|p1b: Tyranitar|Tyranitar, L50, F, tera:Flying|76/100
|-weather|Sandstorm|[from] ability: Sand Stream|[of] p1b: Tyranitar
|move|p1a: Indeedee|Heal Pulse|p1b: Tyranitar
|-heal|p1b: Tyranitar|100/100
|move|p2a: Pelipper|Weather Ball|p1b: Tyranitar
|-supereffective|p1b: Tyranitar
|-damage|p1b: Tyranitar|61/100
|move|p2b: Archaludon|Dragon Pulse|p1a: Indeedee
|-damage|p1a: Indeedee|0 fnt
|faint|p1a: Indeedee
|
|-weather|Sandstorm|[upkeep]
|-damage|p1b: Tyranitar|55/100|[from] Sandstorm
|-damage|p2a: Pelipper|89/100|[from] Sandstorm
|upkeep
|
|t:|1757661537
|switch|p1a: Houndstone|Houndstone, L50, M|67/100
|turn|8
|
|t:|1757661564
|move|p1b: Tyranitar|Tera Blast|p2a: Pelipper|[anim] Tera Blast Flying
|-damage|p2a: Pelipper|25/100
|move|p2a: Pelipper|Weather Ball|p1b: Tyranitar
|-supereffective|p1b: Tyranitar
|-damage|p1b: Tyranitar|19/100
|move|p2b: Archaludon|Dragon Pulse|p1b: Tyranitar
|-damage|p1b: Tyranitar|2/100
|move|p1a: Houndstone|Yawn|p2b: Archaludon
|-start|p2b: Archaludon|move: Yawn|[of] p1a: Houndstone
|
|-weather|Sandstorm|[upkeep]
|-damage|p1b: Tyranitar|0 fnt|[from] Sandstorm
|-damage|p2a: Pelipper|19/100|[from] Sandstorm
|faint|p1b: Tyranitar
|-heal|p1a: Houndstone|73/100|[from] item: Leftovers
|upkeep
|
|t:|1757661578
|switch|p1b: Sneasler|Sneasler, L50, F|15/100
|turn|9
|
|t:|1757661600
|move|p2a: Pelipper|Weather Ball|p1b: Sneasler
|-resisted|p1b: Sneasler
|-damage|p1b: Sneasler|0 fnt
|faint|p1b: Sneasler
|move|p2b: Archaludon|Dragon Pulse|p1a: Houndstone
|-damage|p1a: Houndstone|38/100
|move|p1a: Houndstone|Last Respects|p2b: Archaludon
|-damage|p2b: Archaludon|30/100
|-ability|p2b: Archaludon|Stamina|boost
|-boost|p2b: Archaludon|def|1
|
|-weather|Sandstorm|[upkeep]
|-damage|p2a: Pelipper|13/100|[from] Sandstorm
|-heal|p1a: Houndstone|44/100|[from] item: Leftovers
|-end|p2b: Archaludon|move: Yawn|[silent]
|-status|p2b: Archaludon|slp
|-fieldend|move: Psychic Terrain
|upkeep
|turn|10
|
|t:|1757661624
|move|p1a: Houndstone|Protect|p1a: Houndstone
|-singleturn|p1a: Houndstone|Protect
|move|p2a: Pelipper|Weather Ball|p1a: Houndstone
|-activate|p1a: Houndstone|move: Protect
|cant|p2b: Archaludon|slp
|
|-weather|Sandstorm|[upkeep]
|-damage|p2a: Pelipper|7/100|[from] Sandstorm
|-heal|p1a: Houndstone|50/100|[from] item: Leftovers
|-fieldend|move: Trick Room
|upkeep
|turn|11
|
|t:|1757661638
|switch|p2a: Basculegion|Basculegion, L50, M|100/100
|move|p1a: Houndstone|Snarl|p2b: Archaludon|[spread] p2a,p2b
|-supereffective|p2a: Basculegion
|-damage|p2a: Basculegion|88/100
|-damage|p2b: Archaludon|23/100 slp
|-unboost|p2a: Basculegion|spa|1
|-unboost|p2b: Archaludon|spa|1
|-ability|p2b: Archaludon|Stamina|boost
|-boost|p2b: Archaludon|def|1
|cant|p2b: Archaludon|slp
|
|-weather|none
|-heal|p1a: Houndstone|56/100|[from] item: Leftovers
|upkeep
|turn|12
|
|t:|1757661655
|switch|p2b: Pelipper|Pelipper, L50, M, shiny|7/100
|-weather|RainDance|[from] ability: Drizzle|[of] p2b: Pelipper
|move|p2a: Basculegion|Wave Crash|p1a: Houndstone
|-damage|p1a: Houndstone|0 fnt
|faint|p1a: Houndstone
|-damage|p2a: Basculegion|74/100|[from] Recoil
|
|win|oddizz
||oddizz is ready for game 3.
|l|☆GRNSBRN
|player|p1|
|inactive|GRNSBRN has 30 seconds to confirm battle start!
||GRNSBRN is ready for game 3.
|uhtml|next|Next: Game 3 of 3
