|j|☆mil0battles
|j|☆danicruz.music
|html|mil0battlesdanicruz.music    
|uhtml|bestof|Game 1 of a best-of-3
|t:|1756600575
|gametype|doubles
|player|p1|mil0battles|pokemonranger-gen4|1145
|player|p2|danicruz.music|whitney|1117
|gen|9
|tier|[Gen 9] VGC 2025 Reg H (Bo3)
|rated|
|rule|Species Clause: Limit one of each Pokémon
|rule|Item Clause: Limit 1 of each item
|clearpoke
|poke|p1|Incineroar, L50, F|
|poke|p1|Primarina, L50, M|
|poke|p1|Gholdengo, L50|
|poke|p1|Sneasler, L50, M|
|poke|p1|Kilowattrel, L50, F|
|poke|p1|Rillaboom, L50, M|
|poke|p2|Dondozo, L50, F|
|poke|p2|Tatsugiri, L50, M|
|poke|p2|Pelipper, L50, F|
|poke|p2|Archaludon, L50, M|
|poke|p2|Corviknight, L50, M|
|poke|p2|Garchomp, L50, F|
|teampreview|4
|showteam|p1|Incineroar||SafetyGoggles|Intimidate|FakeOut,KnockOff,PartingShot,FlareBlitz|||F|||50|,,,,,Ghost]Primarina||ThroatSpray|LiquidVoice|HyperVoice,Moonblast,Haze,Protect|||M|||50|,,,,,Poison]Gholdengo||LifeOrb|GoodasGold|NastyPlot,MakeItRain,ShadowBall,Protect||||||50|,,,,,Water]Sneasler||WhiteHerb|Unburden|DireClaw,CloseCombat,FakeOut,Protect|||M|||50|,,,,,Stellar]Kilowattrel||FocusSash|Competitive|AirSlash,Thunderbolt,Tailwind,Protect|||F|||50|,,,,,Ghost]Rillaboom||AssaultVest|GrassySurge|GrassyGlide,WoodHammer,FakeOut,Uturn|||M|||50|,,,,,Fire
|showteam|p2|Dondozo||Leftovers|Unaware|WaveCrash,Earthquake,OrderUp,Protect|||F|||50|,,,,,Ground]Tatsugiri||FocusSash|Commander|DragonPulse,DracoMeteor,MuddyWater,IcyWind|||M|||50|,,,,,Fairy]Pelipper||CovertCloak|Drizzle|Hurricane,WeatherBall,WideGuard,Tailwind|||F|||50|,,,,,Water]Archaludon||PowerHerb|Stalwart|ElectroShot,MeteorBeam,DracoMeteor,Protect|||M|||50|,,,,,Electric]Corviknight||SitrusBerry|Unnerve|BraveBird,Tailwind,Roost,Protect|||M|||50|,,,,,Flying]Garchomp||ClearAmulet|RoughSkin|DragonClaw,Earthquake,RockSlide,Protect|||F|||50|,,,,,Dragon
|inactive|Battle timer is ON: inactive players will automatically lose when time's up. (requested by danicruz.music)
|inactive|mil0battles has 60 seconds left.
|
|t:|1756600618
|teamsize|p1|4
|teamsize|p2|4
|start
|switch|p1a: Kilowattrel|Kilowattrel, L50, F|100/100
|switch|p1b: Rillaboom|Rillaboom, L50, M|100/100
|switch|p2a: Corviknight|Corviknight, L50, M|100/100
|switch|p2b: Garchomp|Garchomp, L50, F|100/100
|-ability|p2a: Corviknight|Unnerve
|-fieldstart|move: Grassy Terrain|[from] ability: Grassy Surge|[of] p1b: Rillaboom
|turn|1
|inactive|danicruz.music has 30 seconds left.
|
|t:|1756600645
|move|p1b: Rillaboom|Fake Out|p2b: Garchomp
|-damage|p2b: Garchomp|86/100
|-damage|p1b: Rillaboom|88/100|[from] ability: Rough Skin|[of] p2b: Garchomp
|move|p1a: Kilowattrel|Thunderbolt|p2a: Corviknight
|-supereffective|p2a: Corviknight
|-damage|p2a: Corviknight|12/100
|-enditem|p2a: Corviknight|Sitrus Berry|[eat]
|-heal|p2a: Corviknight|37/100|[from] item: Sitrus Berry
|cant|p2b: Garchomp|flinch
|move|p2a: Corviknight|Tailwind|p2a: Corviknight
|-sidestart|p2: danicruz.music|move: Tailwind
|
|-heal|p2b: Garchomp|92/100|[from] Grassy Terrain
|-heal|p1b: Rillaboom|94/100|[from] Grassy Terrain
|upkeep
|turn|2
|
|t:|1756600659
|move|p2b: Garchomp|Rock Slide|p1b: Rillaboom|[spread] p1a,p1b
|-supereffective|p1a: Kilowattrel
|-damage|p1a: Kilowattrel|29/100
|-damage|p1b: Rillaboom|76/100
|cant|p1a: Kilowattrel|flinch
|move|p2a: Corviknight|Brave Bird|p1b: Rillaboom
|-supereffective|p1b: Rillaboom
|-damage|p1b: Rillaboom|2/100
|-damage|p2a: Corviknight|12/100|[from] Recoil
|move|p1b: Rillaboom|Wood Hammer|p2b: Garchomp
|-damage|p2b: Garchomp|8/100
|-damage|p1b: Rillaboom|0 fnt|[from] ability: Rough Skin|[of] p2b: Garchomp
|faint|p1b: Rillaboom
|
|-heal|p2b: Garchomp|14/100|[from] Grassy Terrain
|upkeep
|
|t:|1756600675
|switch|p1b: Primarina|Primarina, L50, M|100/100
|turn|3
|
|t:|1756600683
|move|p1a: Kilowattrel|Protect|p1a: Kilowattrel
|-singleturn|p1a: Kilowattrel|Protect
|move|p2b: Garchomp|Rock Slide|p1b: Primarina|[spread] p1b
|-activate|p1a: Kilowattrel|move: Protect
|-damage|p1b: Primarina|78/100
|move|p2a: Corviknight|Roost|p2a: Corviknight
|-heal|p2a: Corviknight|62/100
|-singleturn|p2a: Corviknight|move: Roost
|move|p1b: Primarina|Hyper Voice|p2a: Corviknight|[spread] p2a,p2b
|-damage|p2a: Corviknight|29/100
|-damage|p2b: Garchomp|0 fnt
|faint|p2b: Garchomp
|-enditem|p1b: Primarina|Throat Spray
|-boost|p1b: Primarina|spa|1|[from] item: Throat Spray
|
|-heal|p2a: Corviknight|35/100|[from] Grassy Terrain
|-heal|p1b: Primarina|84/100|[from] Grassy Terrain
|upkeep
|
|t:|1756600699
|switch|p2b: Tatsugiri|Tatsugiri, L50, M|100/100
|turn|4
|
|t:|1756600714
|switch|p1a: Gholdengo|Gholdengo, L50|100/100
|-terastallize|p2b: Tatsugiri|Fairy
|move|p2b: Tatsugiri|Icy Wind|p1a: Gholdengo|[spread] p1a,p1b
|-resisted|p1a: Gholdengo
|-resisted|p1b: Primarina
|-damage|p1a: Gholdengo|93/100
|-damage|p1b: Primarina|78/100
|-unboost|p1a: Gholdengo|spe|1
|-unboost|p1b: Primarina|spe|1
|move|p2a: Corviknight|Brave Bird|p1b: Primarina
|-damage|p1b: Primarina|34/100
|-damage|p2a: Corviknight|22/100|[from] Recoil
|move|p1b: Primarina|Moonblast|p2a: Corviknight
|-resisted|p2a: Corviknight
|-damage|p2a: Corviknight|0 fnt
|faint|p2a: Corviknight
|
|-heal|p1a: Gholdengo|99/100|[from] Grassy Terrain
|-heal|p1b: Primarina|40/100|[from] Grassy Terrain
|-sideend|p2: danicruz.music|move: Tailwind
|upkeep
|
|t:|1756600726
|switch|p2a: Dondozo|Dondozo, L50, F|100/100
|-activate|p2b: Tatsugiri|ability: Commander|[of] p2a: Dondozo
|-boost|p2a: Dondozo|atk|2
|-boost|p2a: Dondozo|spa|2
|-boost|p2a: Dondozo|spe|2
|-boost|p2a: Dondozo|def|2
|-boost|p2a: Dondozo|spd|2
|turn|5
|
|t:|1756600743
|-terastallize|p1a: Gholdengo|Water
|move|p1b: Primarina|Protect|p1b: Primarina
|-singleturn|p1b: Primarina|Protect
|move|p2a: Dondozo|Earthquake|p1a: Gholdengo|[spread] p1a
|-miss|p2a: Dondozo|p2b: Tatsugiri
|-activate|p1b: Primarina|move: Protect
|-damage|p1a: Gholdengo|76/100
|move|p1a: Gholdengo|Nasty Plot|p1a: Gholdengo
|-boost|p1a: Gholdengo|spa|2
|
|-heal|p1a: Gholdengo|82/100|[from] Grassy Terrain
|-heal|p1b: Primarina|47/100|[from] Grassy Terrain
|-fieldend|move: Grassy Terrain
|upkeep
|turn|6
|
|t:|1756600754
|switch|p1b: Kilowattrel|Kilowattrel, L50, F|29/100
|move|p2a: Dondozo|Earthquake|p1a: Gholdengo|[spread] p1a
|-miss|p2a: Dondozo|p2b: Tatsugiri
|-immune|p1b: Kilowattrel
|-damage|p1a: Gholdengo|31/100
|move|p1a: Gholdengo|Shadow Ball|p2a: Dondozo
|-damage|p2a: Dondozo|76/100
|-unboost|p2a: Dondozo|spd|1
|-damage|p1a: Gholdengo|21/100|[from] item: Life Orb
|
|-heal|p2a: Dondozo|82/100|[from] item: Leftovers
|upkeep
|turn|7
|
|t:|1756600769
|move|p1b: Kilowattrel|Tailwind|p1b: Kilowattrel
|-sidestart|p1: mil0battles|move: Tailwind
|move|p1a: Gholdengo|Shadow Ball|p2a: Dondozo
|-damage|p2a: Dondozo|50/100
|-damage|p1a: Gholdengo|12/100|[from] item: Life Orb
|move|p2a: Dondozo|Order Up|p1b: Kilowattrel
|-damage|p1b: Kilowattrel|0 fnt
|faint|p1b: Kilowattrel
|-boost|p2a: Dondozo|atk|1
|
|-heal|p2a: Dondozo|56/100|[from] item: Leftovers
|upkeep
|
|t:|1756600776
|switch|p1b: Primarina|Primarina, L50, M|47/100
|turn|8
|
|t:|1756600785
|move|p2a: Dondozo|Protect|p2a: Dondozo
|-singleturn|p2a: Dondozo|Protect
|move|p1a: Gholdengo|Shadow Ball|p2a: Dondozo
|-activate|p2a: Dondozo|move: Protect
|move|p1b: Primarina|Haze|p1b: Primarina
|-clearallboost
|
|-heal|p2a: Dondozo|62/100|[from] item: Leftovers
|upkeep
|turn|9
|
|t:|1756600808
|move|p1a: Gholdengo|Shadow Ball|p2a: Dondozo
|-damage|p2a: Dondozo|16/100
|-damage|p1a: Gholdengo|2/100|[from] item: Life Orb
|move|p1b: Primarina|Moonblast|p2a: Dondozo
|-damage|p2a: Dondozo|0 fnt
|faint|p2a: Dondozo
|
|upkeep
|turn|10
|
|t:|1756600817
|move|p1a: Gholdengo|Make It Rain|p2b: Tatsugiri
|-supereffective|p2b: Tatsugiri
|-enditem|p2b: Tatsugiri|Focus Sash
|-damage|p2b: Tatsugiri|1/100
|-unboost|p1a: Gholdengo|spa|1
|-damage|p1a: Gholdengo|0 fnt|[from] item: Life Orb
|faint|p1a: Gholdengo
|move|p1b: Primarina|Moonblast|p2b: Tatsugiri
|-crit|p2b: Tatsugiri
|-damage|p2b: Tatsugiri|0 fnt
|faint|p2b: Tatsugiri
|
|win|mil0battles
|l|☆danicruz.music
|player|p2|
||danicruz.music is ready for game 2.
