|j|☆Victor231
|j|☆mammamiapik
|html|Victor231mammamiapik    
|uhtml|bestof|Game 1 of a best-of-3
|t:|1784142987
|gametype|doubles
|player|p1|Victor231|266|1000
|player|p2|mammamiapik|benga|1089
|gen|9
|tier|[Gen 9 Champions] VGC 2026 Reg M-B (Bo3)
|rated|
|rule|Species Clause: Limit one of each Pokémon
|rule|Item Clause: Limit 1 of each item
|clearpoke
|poke|p1|Floette-Eternal, L50, F|
|poke|p1|Incineroar, L50, F|
|poke|p1|Sinistcha-Masterpiece, L50|
|poke|p1|Rotom-Wash, L50|
|poke|p1|Sneasler, L50, F|
|poke|p1|Metagross, L50|
|poke|p2|Gengar, L50, F|
|poke|p2|Politoed, L50, M|
|poke|p2|Incineroar, L50, F|
|poke|p2|Archaludon, L50, M|
|poke|p2|Meowscarada, L50, M|
|poke|p2|Raichu, L50, M|
|teampreview|4
|showteam|p1|Floette-Eternal||Floettite|FlowerVeil|DazzlingGleam,DrainingKiss,CalmMind,Protect|Modest||F|||50|]Incineroar||SitrusBerry|Intimidate|FakeOut,PartingShot,ThroatChop,FlareBlitz|Careful||F|||50|]Sinistcha-Masterpiece||KasibBerry|Hospitality|MatchaGotcha,LifeDew,TrickRoom,RagePowder|Calm|||||50|]Rotom-Wash||ChoiceScarf|Levitate|VoltSwitch,WillOWisp,HydroPump,Trick|Modest|||||50|]Sneasler||WhiteHerb|Unburden|FakeOut,Coaching,DireClaw,CloseCombat|Jolly||F|||50|]Metagross||Metagrossite|ClearBody|BulletPunch,PsychicFangs,Protect,IcePunch|Jolly|||||50|
|showteam|p2|Gengar||Gengarite|CursedBody|PerishSong,ShadowBall,Substitute,Protect|Timid||F|||50|]Politoed||SitrusBerry|Drizzle|WeatherBall,PerishSong,Encore,Protect|Bold||M|||50|]Incineroar||PasshoBerry|Intimidate|FakeOut,ThroatChop,PartingShot,Protect|Sassy||F|||50|]Archaludon||Leftovers|Stamina|ElectroShot,DragonPulse,FlashCannon,Protect|Modest||M|||50|]Meowscarada||LifeOrb|Protean|FlowerTrick,SuckerPunch,TripleAxel,Protect|Jolly||M|||50|]Raichu||RaichuniteX|Static|FakeOut,RisingVoltage,VoltTackle,Protect|Hasty||M|||50|
|inactive|Battle timer is ON: inactive players will automatically lose when time's up. (requested by Victor231)
|
|t:|1784143068
|teamsize|p1|4
|teamsize|p2|4
|start
|switch|p1a: Incineroar|Incineroar, L50, F|100/100
|switch|p1b: Rotom|Rotom-Wash, L50|100/100
|switch|p2a: Gengar|Gengar, L50, F|100/100
|switch|p2b: Incineroar|Incineroar, L50, F|100/100
|-ability|p1a: Incineroar|Intimidate|boost
|-unboost|p2a: Gengar|atk|1
|-unboost|p2b: Incineroar|atk|1
|-ability|p2b: Incineroar|Intimidate|boost
|-unboost|p1a: Incineroar|atk|1
|-unboost|p1b: Rotom|atk|1
|turn|1
|inactive|mammamiapik has 30 seconds left.
|inactive|mammamiapik has 20 seconds left.
|inactive|mammamiapik has 15 seconds left.
|inactive|mammamiapik has 10 seconds left.
|inactive|mammamiapik has 5 seconds left.
|
|t:|1784143123
|move|p1a: Incineroar|Fake Out|p2b: Incineroar
|-damage|p2b: Incineroar|94/100
|cant|p2b: Incineroar|flinch
|move|p1b: Rotom|Trick|p2b: Incineroar
|-activate|p1b: Rotom|move: Trick|[of] p2b: Incineroar
|-item|p2b: Incineroar|Choice Scarf|[from] move: Trick
|-item|p1b: Rotom|Passho Berry|[from] move: Trick
|move|p2a: Gengar|Perish Song|p2a: Gengar
|-start|p1a: Incineroar|perish3|[silent]
|-start|p1b: Rotom|perish3|[silent]
|-start|p2a: Gengar|perish3|[silent]
|-start|p2b: Incineroar|perish3|[silent]
|-fieldactivate|move: Perish Song
|
|-start|p2a: Gengar|perish3
|-start|p1b: Rotom|perish3
|-start|p2b: Incineroar|perish3
|-start|p1a: Incineroar|perish3
|upkeep
|turn|2
|inactive|mammamiapik has 30 seconds left.
|
|t:|1784143153
|switch|p2a: Politoed|Politoed, L50, M|100/100
|-weather|RainDance|[from] ability: Drizzle|[of] p2a: Politoed
|move|p1b: Rotom|Hydro Pump|p2b: Incineroar
|-supereffective|p2b: Incineroar|1
|-damage|p2b: Incineroar|0 fnt
|faint|p2b: Incineroar
|move|p1a: Incineroar|Flare Blitz|p2a: Politoed
|-resisted|p2a: Politoed|1
|-damage|p2a: Politoed|92/100
|-damage|p1a: Incineroar|97/100|[from] Recoil
|
|-weather|RainDance|[upkeep]
|-start|p1b: Rotom|perish2
|-start|p1a: Incineroar|perish2
|upkeep
|
|t:|1784143177
|switch|p2b: Gengar|Gengar, L50, F|100/100
|turn|3
|
|t:|1784143192
|switch|p1a: Floette|Floette-Eternal, L50, F|100/100
|detailschange|p2b: Gengar|Gengar-Mega, L50, F
|-mega|p2b: Gengar|Gengar|Gengarite
|move|p2b: Gengar|Protect|p2b: Gengar
|-singleturn|p2b: Gengar|Protect
|move|p2a: Politoed|Protect|p2a: Politoed
|-singleturn|p2a: Politoed|Protect
|move|p1b: Rotom|Volt Switch|p2a: Politoed
|-activate|p2a: Politoed|move: Protect
|
|-weather|RainDance|[upkeep]
|-start|p1b: Rotom|perish1
|upkeep
|turn|4
|inactive|Victor231 has 30 seconds left.
|
|t:|1784143222
|detailschange|p1a: Floette|Floette-Mega, L50, F
|-mega|p1a: Floette|Floette|Floettite
|-ability|p1a: Floette|Fairy Aura
|move|p2b: Gengar|Perish Song|p2b: Gengar
|-start|p1a: Floette|perish3|[silent]
|-start|p2a: Politoed|perish3|[silent]
|-start|p2b: Gengar|perish3|[silent]
|-fieldactivate|move: Perish Song
|move|p1a: Floette|Calm Mind|p1a: Floette
|-boost|p1a: Floette|spa|1
|-boost|p1a: Floette|spd|1
|move|p1b: Rotom|Volt Switch|p2a: Politoed
|-supereffective|p2a: Politoed|1
|-damage|p2a: Politoed|44/100
|-enditem|p2a: Politoed|Sitrus Berry|[eat]
|-heal|p2a: Politoed|69/100|[from] item: Sitrus Berry
|
|t:|1784143235
|switch|p1b: Incineroar|Incineroar, L50, F|97/100|[from] Volt Switch
|-ability|p1b: Incineroar|Intimidate|boost
|-unboost|p2a: Politoed|atk|1
|-unboost|p2b: Gengar|atk|1
|move|p2a: Politoed|Weather Ball|p1b: Incineroar
|-supereffective|p1b: Incineroar|1
|-damage|p1b: Incineroar|30/100
|-enditem|p1b: Incineroar|Sitrus Berry|[eat]
|-heal|p1b: Incineroar|55/100|[from] item: Sitrus Berry
|
|-weather|RainDance|[upkeep]
|-start|p2b: Gengar|perish3
|-start|p1a: Floette|perish3
|-start|p2a: Politoed|perish3
|upkeep
|turn|5
|inactive|mammamiapik has 30 seconds left.
|inactive|mammamiapik has 20 seconds left.
|inactive|mammamiapik has 15 seconds left.
|inactive|mammamiapik has 10 seconds left.
|
|t:|1784143284
|switch|p2b: Archaludon|Archaludon, L50, M|100/100
|move|p1a: Floette|Dazzling Gleam|p2b: Archaludon|[spread] p2a,p2b
|-damage|p2a: Politoed|11/100
|-damage|p2b: Archaludon|34/100
|-ability|p2b: Archaludon|Stamina|boost
|-boost|p2b: Archaludon|def|1
|move|p2a: Politoed|Encore||[still]
|-fail|p2a: Politoed
|move|p1b: Incineroar|Throat Chop|p2b: Archaludon
|-damage|p2b: Archaludon|19/100
|-start|p2b: Archaludon|Throat Chop|[silent]
|-ability|p2b: Archaludon|Stamina|boost
|-boost|p2b: Archaludon|def|1
|
|-weather|RainDance|[upkeep]
|-heal|p2b: Archaludon|25/100|[from] item: Leftovers
|-start|p1a: Floette|perish2
|-start|p2a: Politoed|perish2
|upkeep
|turn|6
|-message|mammamiapik forfeited.
|
|win|Victor231
