|j|☆endK649
|j|☆Bread2468
|html|endK649Bread2468    
|uhtml|bestof|Game 1 of a best-of-3
|t:|1757043582
|gametype|doubles
|player|p1|endK649|gambler|1127
|player|p2|Bread2468|266|1040
|gen|9
|tier|[Gen 9] VGC 2025 Reg H (Bo3)
|rated|
|rule|Species Clause: Limit one of each Pokémon
|rule|Item Clause: Limit 1 of each item
|clearpoke
|poke|p1|Feraligatr, L50, F|
|poke|p1|Kommo-o, L50, M|
|poke|p1|Politoed, L50, M|
|poke|p1|Rillaboom, L50, F|
|poke|p1|Sneasler, L50, M|
|poke|p1|Electabuzz, L50, F|
|poke|p2|Gholdengo, L50|
|poke|p2|Sneasler, L50, F|
|poke|p2|Incineroar, L50, M|
|poke|p2|Amoonguss, L50, F|
|poke|p2|Dragonite, L50, F|
|poke|p2|Ursaluna-Bloodmoon, L50, M|
|teampreview|4
|showteam|p1|Feraligatr||LifeOrb|SheerForce|Liquidation,Crunch,DragonDance,Protect|||F|||50|,,,,,Dark]Kommo-o||ThroatSpray|Soundproof|ClangingScales,AuraSphere,ClangorousSoul,Protect|||M|||50|,,,,,Fairy]Politoed||SitrusBerry|Drizzle|WeatherBall,IcyWind,Haze,Protect|||M|||50|,,,,,Grass]Rillaboom||AssaultVest|GrassySurge|WoodHammer,GrassyGlide,FakeOut,Uturn|||F|||50|,,,,,Fire]Sneasler||FocusSash|Unburden|DireClaw,CloseCombat,ThroatChop,Protect|||M|||50|,,,,,Stellar]Electabuzz||Eviolite|VitalSpirit|Thunderbolt,Taunt,FollowMe,Protect|||F|||50|,,,,,Ghost
|showteam|p2|Gholdengo||LifeOrb|GoodasGold|MakeItRain,ShadowBall,NastyPlot,Protect||||||50|,,,,,Water]Sneasler||FocusSash|PoisonTouch|ThroatChop,CloseCombat,DireClaw,Protect|||F|||50|,,,,,Stellar]Incineroar||SafetyGoggles|Intimidate|FakeOut,FlareBlitz,KnockOff,PartingShot|||M|||50|,,,,,Ghost]Amoonguss||SitrusBerry|Regenerator|Spore,RagePowder,SludgeBomb,Protect|||F|||50|,,,,,Psychic]Dragonite||LoadedDice|Multiscale|ScaleShot,Haze,Tailwind,Protect|||F|||50|,,,,,Fairy]Ursaluna-Bloodmoon||AssaultVest|MindsEye|HyperVoice,BloodMoon,EarthPower,VacuumWave|||M|||50|,,,,,Normal
|inactive|Battle timer is ON: inactive players will automatically lose when time's up. (requested by Bread2468)
|inactive|endK649 has 60 seconds left.
|inactive|Bread2468 has 60 seconds left.
|inactive|endK649 has 30 seconds left.
|inactive|Bread2468 has 30 seconds left.
|inactive|endK649 has 20 seconds left.
|inactive|Bread2468 has 20 seconds left.
|inactive|endK649 has 15 seconds left.
|inactive|Bread2468 has 15 seconds left.
|inactive|endK649 has 10 seconds left.
|inactive|endK649 has 5 seconds left.
|
|t:|1757043670
|teamsize|p1|4
|teamsize|p2|4
|start
|switch|p1a: Feraligatr|Feraligatr, L50, F, shiny|100/100
|switch|p1b: Politoed|Politoed, L50, M|100/100
|switch|p2a: Amoonguss|Amoonguss, L50, F|100/100
|switch|p2b: Dragonite|Dragonite, L50, F|100/100
|-weather|RainDance|[from] ability: Drizzle|[of] p1b: Politoed
|turn|1
|inactive|Bread2468 has 30 seconds left.
|
|t:|1757043697
|switch|p1a: Rillaboom|Rillaboom, L50, F, shiny|100/100
|-fieldstart|move: Grassy Terrain|[from] ability: Grassy Surge|[of] p1a: Rillaboom
|move|p2b: Dragonite|Tailwind|p2b: Dragonite
|-sidestart|p2: Bread2468|move: Tailwind
|move|p1b: Politoed|Icy Wind|p2a: Amoonguss|[spread] p2a
|-miss|p1b: Politoed|p2b: Dragonite
|-supereffective|p2a: Amoonguss
|-damage|p2a: Amoonguss|80/100
|-unboost|p2a: Amoonguss|spe|1
|move|p2a: Amoonguss|Spore|p1a: Rillaboom
|-immune|p1a: Rillaboom
|
|-weather|RainDance|[upkeep]
|-heal|p2a: Amoonguss|85/100|[from] Grassy Terrain
|upkeep
|turn|2
|
|t:|1757043713
|move|p1a: Rillaboom|Fake Out|p2a: Amoonguss
|-damage|p2a: Amoonguss|74/100
|move|p2b: Dragonite|Scale Shot|p1a: Rillaboom
|-crit|p1a: Rillaboom
|-damage|p1a: Rillaboom|79/100
|-damage|p1a: Rillaboom|64/100
|-damage|p1a: Rillaboom|49/100
|-damage|p1a: Rillaboom|35/100
|-damage|p1a: Rillaboom|21/100
|-hitcount|p1a: Rillaboom|5
|-unboost|p2b: Dragonite|def|1
|-boost|p2b: Dragonite|spe|1
|move|p1b: Politoed|Icy Wind|p2b: Dragonite|[spread] p2a,p2b
|-supereffective|p2a: Amoonguss
|-supereffective|p2b: Dragonite
|-damage|p2a: Amoonguss|51/100
|-damage|p2b: Dragonite|73/100
|-unboost|p2a: Amoonguss|spe|1
|-unboost|p2b: Dragonite|spe|1
|cant|p2a: Amoonguss|flinch
|
|-weather|RainDance|[upkeep]
|-heal|p1a: Rillaboom|27/100|[from] Grassy Terrain
|-heal|p2a: Amoonguss|57/100|[from] Grassy Terrain
|upkeep
|turn|3
|inactive|endK649 has 30 seconds left.
|inactive|endK649 has 20 seconds left.
|inactive|endK649 has 15 seconds left.
|inactive|endK649 has 10 seconds left.
|
|t:|1757043760
|move|p2b: Dragonite|Scale Shot|p1a: Rillaboom
|-damage|p1a: Rillaboom|12/100
|-damage|p1a: Rillaboom|0 fnt
|faint|p1a: Rillaboom
|-hitcount|p1: Rillaboom|2
|-unboost|p2b: Dragonite|def|1
|-boost|p2b: Dragonite|spe|1
|move|p1b: Politoed|Icy Wind|p2a: Amoonguss|[spread] p2a,p2b
|-supereffective|p2a: Amoonguss
|-supereffective|p2b: Dragonite
|-damage|p2a: Amoonguss|37/100
|-damage|p2b: Dragonite|18/100
|-unboost|p2a: Amoonguss|spe|1
|-unboost|p2b: Dragonite|spe|1
|-enditem|p2a: Amoonguss|Sitrus Berry|[eat]
|-heal|p2a: Amoonguss|62/100|[from] item: Sitrus Berry
|move|p2a: Amoonguss|Spore|p1b: Politoed
|-status|p1b: Politoed|slp|[from] move: Spore
|
|-weather|RainDance|[upkeep]
|-heal|p2a: Amoonguss|68/100|[from] Grassy Terrain
|upkeep
|
|t:|1757043770
|switch|p1a: Feraligatr|Feraligatr, L50, F, shiny|100/100
|turn|4
|
|t:|1757043780
|move|p1a: Feraligatr|Protect|p1a: Feraligatr
|-singleturn|p1a: Feraligatr|Protect
|move|p2b: Dragonite|Scale Shot|p1b: Politoed
|-damage|p1b: Politoed|81/100 slp
|-damage|p1b: Politoed|62/100 slp
|-damage|p1b: Politoed|44/100 slp
|-enditem|p1b: Politoed|Sitrus Berry|[eat]
|-heal|p1b: Politoed|69/100 slp|[from] item: Sitrus Berry
|-damage|p1b: Politoed|52/100 slp
|-hitcount|p1b: Politoed|4
|-unboost|p2b: Dragonite|def|1
|-boost|p2b: Dragonite|spe|1
|cant|p1b: Politoed|slp
|move|p2a: Amoonguss|Spore|p1a: Feraligatr
|-activate|p1a: Feraligatr|move: Protect
|
|-weather|RainDance|[upkeep]
|-heal|p1b: Politoed|58/100 slp|[from] Grassy Terrain
|-heal|p2a: Amoonguss|74/100|[from] Grassy Terrain
|-sideend|p2: Bread2468|move: Tailwind
|upkeep
|turn|5
|inactive|endK649 has 30 seconds left.
|
|t:|1757043812
|switch|p1b: Sneasler|Sneasler, L50, M, shiny|100/100
|move|p2b: Dragonite|Tailwind|p2b: Dragonite
|-sidestart|p2: Bread2468|move: Tailwind
|move|p1a: Feraligatr|Liquidation|p2b: Dragonite
|-resisted|p2b: Dragonite
|-crit|p2b: Dragonite
|-damage|p2b: Dragonite|0 fnt
|faint|p2b: Dragonite
|move|p2a: Amoonguss|Spore|p1a: Feraligatr
|-status|p1a: Feraligatr|slp|[from] move: Spore
|
|-weather|none
|-heal|p2a: Amoonguss|80/100|[from] Grassy Terrain
|-fieldend|move: Grassy Terrain
|upkeep
|
|t:|1757043828
|switch|p2b: Gholdengo|Gholdengo, L50|100/100
|turn|6
|
|t:|1757043836
|move|p2a: Amoonguss|Rage Powder|p2a: Amoonguss
|-singleturn|p2a: Amoonguss|move: Rage Powder
|move|p2b: Gholdengo|Nasty Plot|p2b: Gholdengo
|-boost|p2b: Gholdengo|spa|2
|move|p1b: Sneasler|Dire Claw|p2a: Amoonguss
|-damage|p2a: Amoonguss|44/100
|cant|p1a: Feraligatr|slp
|
|upkeep
|turn|7
|
|t:|1757043849
|-terastallize|p2b: Gholdengo|Water
|move|p2b: Gholdengo|Make It Rain|p1a: Feraligatr|[spread] p1a,p1b
|-resisted|p1a: Feraligatr
|-damage|p1a: Feraligatr|36/100 slp
|-enditem|p1b: Sneasler|Focus Sash
|-damage|p1b: Sneasler|1/100
|-unboost|p2b: Gholdengo|spa|1
|-damage|p2b: Gholdengo|91/100|[from] item: Life Orb
|move|p1b: Sneasler|Dire Claw|p2a: Amoonguss
|-damage|p2a: Amoonguss|9/100
|-status|p2a: Amoonguss|slp
|-curestatus|p1a: Feraligatr|slp|[msg]
|move|p1a: Feraligatr|Crunch|p2b: Gholdengo
|-damage|p2b: Gholdengo|51/100
|cant|p2a: Amoonguss|slp
|
|upkeep
|turn|8
|
|t:|1757043867
|move|p1b: Sneasler|Protect|p1b: Sneasler
|-singleturn|p1b: Sneasler|Protect
|move|p1a: Feraligatr|Protect|p1a: Feraligatr
|-singleturn|p1a: Feraligatr|Protect
|cant|p2a: Amoonguss|slp
|move|p2b: Gholdengo|Make It Rain|p1a: Feraligatr|[spread] 
|-activate|p1a: Feraligatr|move: Protect
|-activate|p1b: Sneasler|move: Protect
|
|-sideend|p2: Bread2468|move: Tailwind
|upkeep
|turn|9
|
|t:|1757043889
|-terastallize|p1a: Feraligatr|Dark
|-curestatus|p2a: Amoonguss|slp|[msg]
|move|p2a: Amoonguss|Rage Powder|p2a: Amoonguss
|-singleturn|p2a: Amoonguss|move: Rage Powder
|move|p1b: Sneasler|Dire Claw|p2a: Amoonguss
|-damage|p2a: Amoonguss|0 fnt
|faint|p2a: Amoonguss
|move|p2b: Gholdengo|Make It Rain|p1b: Sneasler|[spread] p1a,p1b
|-damage|p1a: Feraligatr|0 fnt
|-damage|p1b: Sneasler|0 fnt
|-unboost|p2b: Gholdengo|spa|1
|faint|p1a: Feraligatr
|faint|p1b: Sneasler
|-damage|p2b: Gholdengo|42/100|[from] item: Life Orb
|
|upkeep
|
|t:|1757043898
|switch|p1b: Politoed|Politoed, L50, M|58/100 slp
|switch|p2a: Sneasler|Sneasler, L50, F|100/100
|-weather|RainDance|[from] ability: Drizzle|[of] p1b: Politoed
|turn|10
|
|t:|1757043902
|move|p2a: Sneasler|Close Combat|p1b: Politoed
|-damage|p1b: Politoed|0 fnt
|-unboost|p2a: Sneasler|def|1
|-unboost|p2a: Sneasler|spd|1
|faint|p1b: Politoed
|
|win|Bread2468
||endK649 is ready for game 2.
||Bread2468 is ready for game 2.
|uhtml|next|Next: Game 2 of 3
|l|☆endK649
|player|p1|
