|j|☆Recentclaw
|j|☆ProtoZeroYT
|html|RecentclawProtoZeroYT    
|uhtml|bestof|Game 1 of a best-of-3
|t:|1756772149
|gametype|doubles
|player|p1|Recentclaw|giovanni|1084
|player|p2|ProtoZeroYT|miku-flying|1099
|gen|9
|tier|[Gen 9] VGC 2025 Reg H (Bo3)
|rated|
|rule|Species Clause: Limit one of each Pokémon
|rule|Item Clause: Limit 1 of each item
|clearpoke
|poke|p1|Sneasler, L50, F|
|poke|p1|Dragonite, L50, F|
|poke|p1|Incineroar, L50, M|
|poke|p1|Ursaluna-Bloodmoon, L50, M|
|poke|p1|Gholdengo, L50|
|poke|p1|Amoonguss, L50, M|
|poke|p2|Sneasler, L50, F|
|poke|p2|Indeedee, L50, M|
|poke|p2|Volcarona, L50, F|
|poke|p2|Ursaluna-Bloodmoon, L50, M|
|poke|p2|Annihilape, L50, M|
|poke|p2|Tyranitar, L50, M|
|teampreview|4
|showteam|p1|Sneasler||FocusSash|Unburden|DireClaw,CloseCombat,FakeOut,Protect|||F|||50|,,,,,Fairy]Dragonite||LoadedDice|InnerFocus|Haze,ScaleShot,Tailwind,ExtremeSpeed|||F|||50|,,,,,Fairy]Incineroar||SafetyGoggles|Intimidate|FakeOut,FlareBlitz,KnockOff,PartingShot|||M|||50|,,,,,Grass]Ursaluna-Bloodmoon||AssaultVest|MindsEye|BloodMoon,EarthPower,HyperVoice,Snarl|||M|||50|,,,,,Water]Gholdengo||GrassySeed|GoodasGold|MakeItRain,ShadowBall,NastyPlot,Protect||||||50|,,,,,Dragon]Amoonguss||RoomService|Regenerator|Spore,RagePowder,PollenPuff,Protect|||M|||50|,,,,,Water
|showteam|p2|Sneasler||PsychicSeed|Unburden|CloseCombat,DireClaw,ThroatChop,Protect|||F|||50|,,,,,Dark]Indeedee||ChoiceScarf|PsychicSurge|ExpandingForce,TeraBlast,Trick,Protect|||M|||50|,,,,,Psychic]Volcarona||SitrusBerry|FlameBody|Overheat,StruggleBug,RagePowder,Tailwind|||F|||50|,,,,,Grass]Ursaluna-Bloodmoon||LifeOrb|MindsEye|BloodMoon,HyperVoice,EarthPower,Protect|||M|||50|,,,,,Normal]Annihilape||SafetyGoggles|Defiant|CloseCombat,RageFist,Taunt,FinalGambit|||M|||50|,,,,,Fairy]Tyranitar||AssaultVest|SandStream|RockSlide,KnockOff,TeraBlast,LowKick|||M|||50|,,,,,Flying
|inactive|Battle timer is ON: inactive players will automatically lose when time's up. (requested by Recentclaw)
|inactive|Recentclaw has 60 seconds left.
|
|t:|1756772196
|teamsize|p1|4
|teamsize|p2|4
|start
|switch|p1a: Free|Dragonite, L50, F|100/100
|switch|p1b: Your Idol|Incineroar, L50, M|100/100
|switch|p2a: Annihilape|Annihilape, L50, M|100/100
|switch|p2b: Volcarona|Volcarona, L50, F|100/100
|-ability|p1b: Your Idol|Intimidate|boost
|-unboost|p2a: Annihilape|atk|1
|-ability|p2a: Annihilape|Defiant|boost
|-boost|p2a: Annihilape|atk|2
|-unboost|p2b: Volcarona|atk|1
|turn|1
|inactive|ProtoZeroYT has 30 seconds left.
|
|t:|1756772223
|move|p1b: Your Idol|Fake Out|p2b: Volcarona
|-damage|p2b: Volcarona|84/100
|cant|p2b: Volcarona|flinch
|move|p2a: Annihilape|Close Combat|p1b: Your Idol
|-supereffective|p1b: Your Idol
|-damage|p1b: Your Idol|0 fnt
|-unboost|p2a: Annihilape|def|1
|-unboost|p2a: Annihilape|spd|1
|faint|p1b: Your Idol
|move|p1a: Free|Tailwind|p1a: Free
|-sidestart|p1: Recentclaw|move: Tailwind
|
|upkeep
|
|t:|1756772233
|switch|p1b: Golden|Gholdengo, L50|100/100
|turn|2
|inactive|ProtoZeroYT has 30 seconds left.
|
|t:|1756772259
|switch|p2a: Tyranitar|Tyranitar, L50, M|100/100
|-weather|Sandstorm|[from] ability: Sand Stream|[of] p2a: Tyranitar
|-terastallize|p1b: Golden|Dragon
|move|p1b: Golden|Nasty Plot|p1b: Golden
|-boost|p1b: Golden|spa|2
|move|p1a: Free|Scale Shot|p2b: Volcarona
|-damage|p2b: Volcarona|65/100
|-damage|p2b: Volcarona|45/100
|-enditem|p2b: Volcarona|Sitrus Berry|[eat]
|-heal|p2b: Volcarona|70/100|[from] item: Sitrus Berry
|-crit|p2b: Volcarona
|-damage|p2b: Volcarona|42/100
|-damage|p2b: Volcarona|24/100
|-hitcount|p2b: Volcarona|4
|-unboost|p1a: Free|def|1
|-boost|p1a: Free|spe|1
|move|p2b: Volcarona|Tailwind|p2b: Volcarona
|-sidestart|p2: ProtoZeroYT|move: Tailwind
|
|-weather|Sandstorm|[upkeep]
|-damage|p1a: Free|94/100|[from] Sandstorm
|-damage|p2b: Volcarona|18/100|[from] Sandstorm
|-damage|p1b: Golden|94/100|[from] Sandstorm
|upkeep
|turn|3
|
|t:|1756772281
|move|p1a: Free|Scale Shot|p2a: Tyranitar
|-damage|p2a: Tyranitar|87/100
|-damage|p2a: Tyranitar|73/100
|-damage|p2a: Tyranitar|60/100
|-damage|p2a: Tyranitar|46/100
|-damage|p2a: Tyranitar|33/100
|-hitcount|p2a: Tyranitar|5
|-unboost|p1a: Free|def|1
|-boost|p1a: Free|spe|1
|move|p2b: Volcarona|Struggle Bug|p1b: Golden|[spread] p1a,p1b
|-resisted|p1a: Free
|-damage|p1a: Free|85/100
|-damage|p1b: Golden|77/100
|-unboost|p1a: Free|spa|1
|-unboost|p1b: Golden|spa|1
|move|p1b: Golden|Make It Rain|p2a: Tyranitar|[spread] p2a,p2b
|-supereffective|p2a: Tyranitar
|-resisted|p2b: Volcarona
|-crit|p2b: Volcarona
|-damage|p2a: Tyranitar|0 fnt
|-damage|p2b: Volcarona|0 fnt
|-unboost|p1b: Golden|spa|1
|faint|p2a: Tyranitar
|faint|p2b: Volcarona
|
|-weather|Sandstorm|[upkeep]
|-damage|p1a: Free|79/100|[from] Sandstorm
|-damage|p1b: Golden|70/100|[from] Sandstorm
|upkeep
|
|t:|1756772300
|switch|p2b: Ursaluna|Ursaluna-Bloodmoon, L50, M|100/100
|switch|p2a: Annihilape|Annihilape, L50, M|100/100
|turn|4
|inactive|Recentclaw has 30 seconds left.
|
|t:|1756772334
|move|p1b: Golden|Protect|p1b: Golden
|-singleturn|p1b: Golden|Protect
|move|p2b: Ursaluna|Protect|p2b: Ursaluna
|-singleturn|p2b: Ursaluna|Protect
|move|p1a: Free|Scale Shot|p2b: Ursaluna
|-activate|p2b: Ursaluna|move: Protect
|move|p2a: Annihilape|Close Combat|p1b: Golden
|-activate|p1b: Golden|move: Protect
|
|-weather|Sandstorm|[upkeep]
|-damage|p1a: Free|73/100|[from] Sandstorm
|-damage|p1b: Golden|64/100|[from] Sandstorm
|-sideend|p1: Recentclaw|move: Tailwind
|upkeep
|turn|5
|inactive|ProtoZeroYT has 30 seconds left.
|
|t:|1756772362
|switch|p1b: Takedown|Sneasler, L50, F|100/100
|move|p2a: Annihilape|Close Combat|p1b: Takedown
|-resisted|p1b: Takedown
|-damage|p1b: Takedown|60/100
|-unboost|p2a: Annihilape|def|1
|-unboost|p2a: Annihilape|spd|1
|move|p1a: Free|Tailwind|p1a: Free
|-sidestart|p1: Recentclaw|move: Tailwind
|move|p2b: Ursaluna|Blood Moon|p1a: Free
|-damage|p1a: Free|0 fnt
|faint|p1a: Free
|-damage|p2b: Ursaluna|91/100|[from] item: Life Orb
|
|-weather|Sandstorm|[upkeep]
|-damage|p1b: Takedown|54/100|[from] Sandstorm
|-sideend|p2: ProtoZeroYT|move: Tailwind
|upkeep
|
|t:|1756772365
|switch|p1a: Golden|Gholdengo, L50, tera:Dragon|64/100
|turn|6
|inactive|ProtoZeroYT has 30 seconds left.
|inactive|Recentclaw has 30 seconds left.
|
|t:|1756772403
|move|p2b: Ursaluna|Protect|p2b: Ursaluna
|-singleturn|p2b: Ursaluna|Protect
|move|p1b: Takedown|Fake Out|p2b: Ursaluna
|-activate|p2b: Ursaluna|move: Protect
|move|p1a: Golden|Make It Rain|p2a: Annihilape|[spread] p2a
|-activate|p2b: Ursaluna|move: Protect
|-damage|p2a: Annihilape|37/100
|-unboost|p1a: Golden|spa|1
|move|p2a: Annihilape|Final Gambit|p1b: Takedown
|-damage|p1b: Takedown|6/100
|faint|p2a: Annihilape
|
|-weather|none
|upkeep
|turn|7
|inactive|ProtoZeroYT has 30 seconds left.
|
|t:|1756772437
|move|p1b: Takedown|Close Combat|p2b: Ursaluna
|-supereffective|p2b: Ursaluna
|-damage|p2b: Ursaluna|0 fnt
|-unboost|p1b: Takedown|def|1
|-unboost|p1b: Takedown|spd|1
|faint|p2b: Ursaluna
|
|win|Recentclaw
||ProtoZeroYT is ready for game 2.
|inactive|Recentclaw has 30 seconds to confirm battle start!
||Recentclaw is ready for game 2.
|uhtml|next|Next: Game 2 of 3
