|j|☆clarocojones
|j|‽daniiivgc
|html|clarocojonesdaniiivgc    
|uhtml|bestof|Game 2 of a best-of-3
|t:|1786121952
|gametype|doubles
|player|p1|clarocojones|striker|1349
|player|p2|daniiivgc|giovanni|1256
|gen|9
|tier|[Gen 9 Champions] VGC 2026 Reg M-B (Bo3)
|rated|
|rule|Species Clause: Limit one of each Pokémon
|rule|Item Clause: Limit 1 of each item
|clearpoke
|poke|p1|Floette-Eternal, L50, F|
|poke|p1|Incineroar, L50, M, shiny|
|poke|p1|Sinistcha-Masterpiece, L50, shiny|
|poke|p1|Milotic, L50, M|
|poke|p1|Raichu, L50, F|
|poke|p1|Ceruledge, L50, F|
|poke|p2|Venusaur, L50, M|
|poke|p2|Houndoom, L50, M|
|poke|p2|Annihilape, L50, F|
|poke|p2|Torkoal, L50, F|
|poke|p2|Kangaskhan, L50, F|
|poke|p2|Farigiraf, L50, F|
|teampreview|4
|showteam|p1|Floette-Eternal||Floettite|FlowerVeil|Moonblast,DazzlingGleam,CalmMind,Protect|Modest||F|||50|]Incineroar||SitrusBerry|Intimidate|FakeOut,PartingShot,ThroatChop,FlareBlitz|Careful||M|||50|]Sinistcha-Masterpiece||KasibBerry|Hospitality|MatchaGotcha,LifeDew,RagePowder,TrickRoom|Bold|||||50|]Milotic||Leftovers|Competitive|MuddyWater,Coil,Hypnosis,Recover|Calm||M|||50|]Raichu||RaichuniteY|Static|FakeOut,ZapCannon,FocusBlast,Protect|Timid||F|||50|]Ceruledge||ColburBerry|FlashFire|BitterBlade,ShadowSneak,BulkUp,Protect|Adamant||F|||50|
|showteam|p2|Venusaur||LifeOrb|Chlorophyll|SludgeBomb,SolarBeam,EarthPower,Protect|Modest||M|||50|]Houndoom||Houndoominite|FlashFire|HeatWave,DarkPulse,Overheat,Protect|Timid||M|||50|]Annihilape||ChoiceScarf|Defiant|CloseCombat,IcePunch,RockSlide,Uturn|Adamant||F|||50|]Torkoal||Charcoal|Drought|Eruption,WeatherBall,HelpingHand,Protect|Quiet||F|||50|]Kangaskhan||Kangaskhanite|Scrappy|DoubleEdge,IcePunch,HammerArm,FakeOut|Brave||F|||50|]Farigiraf||SitrusBerry|ArmorTail|Psychic,Thunderbolt,TrickRoom,HelpingHand|Bold||F|||50|
|inactive|Battle timer is ON: inactive players will automatically lose when time's up. (requested by daniiivgc)
|inactive|clarocojones has 60 seconds left.
|
|t:|1786122019
|teamsize|p1|4
|teamsize|p2|4
|start
|switch|p1a: Ceruledge|Ceruledge, L50, F|100/100
|switch|p1b: Milotic|Milotic, L50, M|100/100
|switch|p2a: Kangaskhan|Kangaskhan, L50, F|100/100
|switch|p2b: Farigiraf|Farigiraf, L50, F|100/100
|turn|1
|inactive|daniiivgc has 30 seconds left.
|
|t:|1786122050
|detailschange|p2a: Kangaskhan|Kangaskhan-Mega, L50, F
|-mega|p2a: Kangaskhan|Kangaskhan|Kangaskhanite
|move|p1b: Milotic|Coil|p1b: Milotic
|-boost|p1b: Milotic|atk|1
|-boost|p1b: Milotic|def|1
|-boost|p1b: Milotic|accuracy|1
|move|p2a: Kangaskhan|Double-Edge|p1b: Milotic
|-damage|p1b: Milotic|58/100
|-damage|p1b: Milotic|49/100
|-hitcount|p1b: Milotic|2
|-damage|p2a: Kangaskhan|84/100|[from] Recoil
|move|p1a: Ceruledge|Bulk Up|p1a: Ceruledge
|-boost|p1a: Ceruledge|atk|1
|-boost|p1a: Ceruledge|def|1
|move|p2b: Farigiraf|Trick Room|p2b: Farigiraf
|-fieldstart|move: Trick Room|[of] p2b: Farigiraf
|
|-heal|p1b: Milotic|55/100|[from] item: Leftovers
|upkeep
|turn|2
|inactive|daniiivgc has 30 seconds left.
|inactive|clarocojones has 30 seconds left.
|inactive|daniiivgc has 20 seconds left.
|
|t:|1786122092
|move|p2b: Farigiraf|Helping Hand|p2a: Kangaskhan
|-singleturn|p2a: Kangaskhan|Helping Hand|[of] p2b: Farigiraf
|move|p1a: Ceruledge|Bitter Blade|p2b: Farigiraf
|-damage|p2b: Farigiraf|42/100
|-enditem|p2b: Farigiraf|Sitrus Berry|[eat]
|-heal|p2b: Farigiraf|67/100|[from] item: Sitrus Berry
|move|p2a: Kangaskhan|Double-Edge|p1b: Milotic
|-damage|p1b: Milotic|0 fnt
|faint|p1b: Milotic
|-damage|p2a: Kangaskhan|67/100|[from] Recoil
|
|upkeep
|
|t:|1786122103
|switch|p1b: Friends Take|Incineroar, L50, M, shiny|100/100
|-ability|p1b: Friends Take|Intimidate|boost
|-unboost|p2a: Kangaskhan|atk|1
|-unboost|p2b: Farigiraf|atk|1
|turn|3
|
|t:|1786122118
|move|p2b: Farigiraf|Psychic|p1a: Ceruledge
|-damage|p1a: Ceruledge|69/100
|-unboost|p1a: Ceruledge|spd|1
|move|p1b: Friends Take|Parting Shot|p2a: Kangaskhan
|-unboost|p2a: Kangaskhan|atk|1
|-unboost|p2a: Kangaskhan|spa|1
|
|t:|1786122125
|switch|p1b: Felicidad|Floette-Eternal, L50, F|100/100|[from] Parting Shot
|move|p1a: Ceruledge|Bulk Up|p1a: Ceruledge
|-boost|p1a: Ceruledge|atk|1
|-boost|p1a: Ceruledge|def|1
|move|p2a: Kangaskhan|Double-Edge|p1a: Ceruledge
|-immune|p1a: Ceruledge
|
|upkeep
|turn|4
|
|t:|1786122144
|detailschange|p1b: Felicidad|Floette-Mega, L50, F
|-mega|p1b: Felicidad|Floette|Floettite
|-ability|p1b: Felicidad|Fairy Aura
|move|p2b: Farigiraf|Psychic|p1a: Ceruledge
|-damage|p1a: Ceruledge|19/100
|move|p1a: Ceruledge|Bitter Blade|p2b: Farigiraf
|-damage|p2b: Farigiraf|0 fnt
|-heal|p1a: Ceruledge|62/100|[from] drain|[of] p2b: Farigiraf
|faint|p2b: Farigiraf
|move|p2a: Kangaskhan|Double-Edge|p1b: Felicidad
|-crit|p1b: Felicidad
|-damage|p1b: Felicidad|3/100
|-crit|p1b: Felicidad
|-damage|p1b: Felicidad|0 fnt
|faint|p1b: Felicidad
|-hitcount|p1: Felicidad|2
|-damage|p2a: Kangaskhan|38/100|[from] Recoil
|
|upkeep
|
|t:|1786122162
|switch|p2b: Torkoal|Torkoal, L50, F|100/100
|switch|p1b: Friends Take|Incineroar, L50, M, shiny|100/100
|-weather|SunnyDay|[from] ability: Drought|[of] p2b: Torkoal
|-ability|p1b: Friends Take|Intimidate|boost
|-unboost|p2a: Kangaskhan|atk|1
|-unboost|p2b: Torkoal|atk|1
|turn|5
|
|t:|1786122169
|move|p2b: Torkoal|Protect|p2b: Torkoal
|-singleturn|p2b: Torkoal|Protect
|move|p1b: Friends Take|Fake Out|p2a: Kangaskhan
|-damage|p2a: Kangaskhan|29/100
|move|p1a: Ceruledge|Bulk Up|p1a: Ceruledge
|-boost|p1a: Ceruledge|atk|1
|-boost|p1a: Ceruledge|def|1
|cant|p2a: Kangaskhan|flinch
|
|-weather|SunnyDay|[upkeep]
|-fieldend|move: Trick Room
|upkeep
|turn|6
|
|t:|1786122190
|move|p2a: Kangaskhan|Hammer Arm|p1b: Friends Take
|-supereffective|p1b: Friends Take|1
|-damage|p1b: Friends Take|72/100
|-unboost|p2a: Kangaskhan|spe|1
|-supereffective|p1b: Friends Take|1
|-damage|p1b: Friends Take|65/100
|-unboost|p2a: Kangaskhan|spe|1
|-hitcount|p1b: Friends Take|2
|move|p1a: Ceruledge|Bitter Blade|p2b: Torkoal
|-resisted|p2b: Torkoal|1
|-damage|p2b: Torkoal|28/100
|-heal|p1a: Ceruledge|97/100|[from] drain|[of] p2b: Torkoal
|move|p1b: Friends Take|Flare Blitz|p2a: Kangaskhan
|-damage|p2a: Kangaskhan|0 fnt
|faint|p2a: Kangaskhan
|-damage|p1b: Friends Take|55/100|[from] Recoil
|move|p2b: Torkoal|Weather Ball|p1b: Friends Take
|-resisted|p1b: Friends Take|1
|-damage|p1b: Friends Take|25/100
|-enditem|p1b: Friends Take|Sitrus Berry|[eat]
|-heal|p1b: Friends Take|50/100g|[from] item: Sitrus Berry
|
|-weather|SunnyDay|[upkeep]
|upkeep
|
|t:|1786122208
|switch|p2a: Venusaur|Venusaur, L50, M|100/100
|turn|7
|
|t:|1786122231
|move|p2b: Torkoal|Helping Hand|p2a: Venusaur
|-singleturn|p2a: Venusaur|Helping Hand|[of] p2b: Torkoal
|move|p2a: Venusaur|Earth Power|p1b: Friends Take
|-supereffective|p1b: Friends Take|1
|-damage|p1b: Friends Take|0 fnt
|faint|p1b: Friends Take
|-damage|p2a: Venusaur|90/100|[from] item: Life Orb
|move|p1a: Ceruledge|Bitter Blade|p2a: Venusaur
|-supereffective|p2a: Venusaur|1
|-damage|p2a: Venusaur|0 fnt
|-heal|p1a: Ceruledge|100/100|[from] drain|[of] p2a: Venusaur
|faint|p2a: Venusaur
|
|-weather|SunnyDay|[upkeep]
|upkeep
|turn|8
|-message|daniiivgc forfeited.
|
|win|clarocojones
