|j|☆Le Philly
|j|☆Luke693VGC
|html|Le PhillyLuke693VGC    
|uhtml|bestof|Game 3 of a best-of-3
|t:|1756236539
|gametype|doubles
|player|p1|Le Philly|169|1029
|player|p2|Luke693VGC|cyclist-gen4|1040
|gen|9
|tier|[Gen 9] VGC 2025 Reg H (Bo3)
|rated|
|rule|Species Clause: Limit one of each Pokémon
|rule|Item Clause: Limit 1 of each item
|clearpoke
|poke|p1|Baxcalibur, L50, F|
|poke|p1|Sneasler, L50, M|
|poke|p1|Kingambit, L50, M|
|poke|p1|Gastrodon, L50, F|
|poke|p1|Volcarona, L50, F|
|poke|p1|Rillaboom, L50, M|
|poke|p2|Pelipper, L50, M|
|poke|p2|Archaludon, L50, M|
|poke|p2|Sinistcha, L50|
|poke|p2|Ursaluna, L50, M|
|poke|p2|Dragonite, L50, M|
|poke|p2|Incineroar, L50, F|
|teampreview|4
|showteam|p1|Baxcalibur||LoadedDice|ThermalExchange|IceShard,IcicleSpear,ScaleShot,Protect|||F|||50|,,,,,Ghost]Sneasler||FocusSash|Unburden|DireClaw,CloseCombat,Coaching,FakeOut|||M|||50|,,,,,Ghost]Kingambit||AssaultVest|Defiant|KowtowCleave,SuckerPunch,IronHead,TeraBlast|||M|||50|,,,,,Flying]Gastrodon||SitrusBerry|StormDrain|EarthPower,ClearSmog,Yawn,Protect|||F|||50|,,,,,Fairy]Volcarona||Leftovers|FlameBody|HeatWave,GigaDrain,QuiverDance,Protect|||F|||50|,,,,,Grass]Rillaboom||MiracleSeed|GrassySurge|FakeOut,GrassyGlide,WoodHammer,HighHorsepower|||M|||50|,,,,,Fire
|showteam|p2|Pelipper||FocusSash|Drizzle|MuddyWater,Hurricane,WideGuard,Tailwind|||M|||50|,,,,,Ghost]Archaludon||AssaultVest|Stamina|FlashCannon,BodyPress,ElectroShot,Snarl|||M|||50|,,,,,Fighting]Sinistcha||SitrusBerry|Hospitality|MatchaGotcha,LifeDew,RagePowder,TrickRoom||||||50|,,,,,Dark]Ursaluna||FlameOrb|Guts|Protect,Facade,HeadlongRush,Earthquake|||M|||50|,,,,,Ghost]Dragonite||LoadedDice|Multiscale|Protect,ScaleShot,Haze,Tailwind|||M|||50|,,,,,Fairy]Incineroar||SafetyGoggles|Intimidate|FlareBlitz,KnockOff,FakeOut,PartingShot|||F|||50|,,,,,Ghost
|inactive|Battle timer is ON: inactive players will automatically lose when time's up. (requested by Le Philly)
|inactive|Le Philly has 60 seconds left.
|inactive|Luke693VGC has 60 seconds left.
|inactive|Le Philly has 30 seconds left.
|inactive|Luke693VGC has 30 seconds left.
|inactive|Luke693VGC has 20 seconds left.
|inactive|Luke693VGC has 15 seconds left.
|
|t:|1756236619
|teamsize|p1|4
|teamsize|p2|4
|start
|switch|p1a: Kingambit|Kingambit, L50, M|100/100
|switch|p1b: Rillaboom|Rillaboom, L50, M|100/100
|switch|p2a: Pelipper|Pelipper, L50, M|100/100
|switch|p2b: Incineroar|Incineroar, L50, F|100/100
|-fieldstart|move: Grassy Terrain|[from] ability: Grassy Surge|[of] p1b: Rillaboom
|-weather|RainDance|[from] ability: Drizzle|[of] p2a: Pelipper
|-ability|p2b: Incineroar|Intimidate|boost
|-unboost|p1a: Kingambit|atk|1
|-ability|p1a: Kingambit|Defiant|boost
|-boost|p1a: Kingambit|atk|2
|-unboost|p1b: Rillaboom|atk|1
|turn|1
|inactive|Le Philly has 30 seconds left.
|inactive|Le Philly has 20 seconds left.
|inactive|Le Philly has 15 seconds left.
|inactive|Le Philly has 10 seconds left.
|inactive|Le Philly has 5 seconds left.
|
|t:|1756236670
|move|p1b: Rillaboom|Fake Out|p2b: Incineroar
|-damage|p2b: Incineroar|91/100
|cant|p2b: Incineroar|flinch
|move|p2a: Pelipper|Tailwind|p2a: Pelipper
|-sidestart|p2: Luke693VGC|move: Tailwind
|move|p1a: Kingambit|Kowtow Cleave|p2a: Pelipper
|-damage|p2a: Pelipper|9/100
|
|-weather|RainDance|[upkeep]
|-heal|p2b: Incineroar|97/100|[from] Grassy Terrain
|upkeep
|turn|2
|inactive|Le Philly has 30 seconds left.
|inactive|Luke693VGC has 30 seconds left.
|inactive|Luke693VGC has 20 seconds left.
|inactive|Le Philly has 20 seconds left.
|inactive|Luke693VGC has 15 seconds left.
|inactive|Le Philly has 15 seconds left.
|inactive|Le Philly has 10 seconds left.
|
|t:|1756236722
|switch|p2a: Archaludon|Archaludon, L50, M|100/100
|switch|p2b: Ursaluna|Ursaluna, L50, M|100/100
|-terastallize|p1a: Kingambit|Flying
|move|p1b: Rillaboom|High Horsepower|p2b: Ursaluna|[miss]
|-miss|p1b: Rillaboom|p2b: Ursaluna
|move|p1a: Kingambit|Tera Blast|p2b: Ursaluna|[anim] Tera Blast Flying
|-damage|p2b: Ursaluna|49/100
|
|-weather|RainDance|[upkeep]
|-heal|p2b: Ursaluna|55/100|[from] Grassy Terrain
|-status|p2b: Ursaluna|brn|[from] item: Flame Orb
|upkeep
|turn|3
|inactive|Le Philly has 30 seconds left.
|inactive|Luke693VGC has 30 seconds left.
|inactive|Le Philly has 20 seconds left.
|inactive|Le Philly has 15 seconds left.
|inactive|Le Philly has 10 seconds left.
|
|t:|1756236771
|switch|p1b: Gastrodon|Gastrodon, L50, F|100/100
|move|p1a: Kingambit|Sucker Punch|p2b: Ursaluna
|-damage|p2b: Ursaluna|6/100 brn
|move|p2a: Archaludon|Electro Shot||[still]
|-prepare|p2a: Archaludon|Electro Shot
|-boost|p2a: Archaludon|spa|1
|-anim|p2a: Archaludon|Electro Shot|p1a: Kingambit
|-supereffective|p1a: Kingambit
|-damage|p1a: Kingambit|32/100
|move|p2b: Ursaluna|Facade|p1b: Gastrodon
|-damage|p1b: Gastrodon|4/100
|-enditem|p1b: Gastrodon|Sitrus Berry|[eat]
|-heal|p1b: Gastrodon|29/100|[from] item: Sitrus Berry
|
|-weather|RainDance|[upkeep]
|-heal|p2b: Ursaluna|12/100 brn|[from] Grassy Terrain
|-heal|p1b: Gastrodon|35/100|[from] Grassy Terrain
|-damage|p2b: Ursaluna|6/100 brn|[from] brn
|upkeep
|turn|4
|inactive|Le Philly has 30 seconds left.
|inactive|Le Philly has 20 seconds left.
|inactive|Le Philly has 15 seconds left.
|inactive|Le Philly has 10 seconds left.
|
|t:|1756236820
|move|p2b: Ursaluna|Protect|p2b: Ursaluna
|-singleturn|p2b: Ursaluna|Protect
|move|p1a: Kingambit|Sucker Punch|p2a: Archaludon
|-damage|p2a: Archaludon|61/100
|-ability|p2a: Archaludon|Stamina|boost
|-boost|p2a: Archaludon|def|1
|move|p2a: Archaludon|Electro Shot||[still]
|-prepare|p2a: Archaludon|Electro Shot
|-boost|p2a: Archaludon|spa|1
|-anim|p2a: Archaludon|Electro Shot|p1a: Kingambit
|-supereffective|p1a: Kingambit
|-damage|p1a: Kingambit|0 fnt
|faint|p1a: Kingambit
|move|p1b: Gastrodon|Earth Power|p2a: Archaludon
|-supereffective|p2a: Archaludon
|-damage|p2a: Archaludon|25/100
|-ability|p2a: Archaludon|Stamina|boost
|-boost|p2a: Archaludon|def|1
|
|-weather|RainDance|[upkeep]
|-heal|p2a: Archaludon|32/100|[from] Grassy Terrain
|-heal|p2b: Ursaluna|12/100 brn|[from] Grassy Terrain
|-heal|p1b: Gastrodon|41/100|[from] Grassy Terrain
|-damage|p2b: Ursaluna|6/100 brn|[from] brn
|-sideend|p2: Luke693VGC|move: Tailwind
|upkeep
|inactive|Le Philly has 30 seconds left.
|inactive|Le Philly has 20 seconds left.
|
|t:|1756236860
|switch|p1a: Sneasler|Sneasler, L50, M|100/100
|turn|5
|inactive|Luke693VGC has 30 seconds left.
|inactive|Luke693VGC has 20 seconds left.
|inactive|Luke693VGC has 15 seconds left.
|inactive|Luke693VGC has 10 seconds left.
|inactive|Le Philly has 30 seconds left.
|
|t:|1756236918
|-terastallize|p2b: Ursaluna|Ghost
|move|p1a: Sneasler|Close Combat|p2b: Ursaluna
|-immune|p2b: Ursaluna
|move|p2a: Archaludon|Electro Shot||[still]
|-prepare|p2a: Archaludon|Electro Shot
|-boost|p2a: Archaludon|spa|1
|-anim|p2a: Archaludon|Electro Shot|p1a: Sneasler
|-enditem|p1a: Sneasler|Focus Sash
|-damage|p1a: Sneasler|1/100
|move|p2b: Ursaluna|Facade|p1a: Sneasler
|-damage|p1a: Sneasler|0 fnt
|faint|p1a: Sneasler
|move|p1b: Gastrodon|Earth Power|p2a: Archaludon
|-supereffective|p2a: Archaludon
|-damage|p2a: Archaludon|0 fnt
|faint|p2a: Archaludon
|
|-weather|none
|-heal|p2b: Ursaluna|12/100 brn|[from] Grassy Terrain
|-heal|p1b: Gastrodon|48/100|[from] Grassy Terrain
|-damage|p2b: Ursaluna|6/100 brn|[from] brn
|-fieldend|move: Grassy Terrain
|upkeep
|
|t:|1756236938
|switch|p1a: Rillaboom|Rillaboom, L50, M|100/100
|switch|p2a: Pelipper|Pelipper, L50, M|9/100
|-fieldstart|move: Grassy Terrain|[from] ability: Grassy Surge|[of] p1a: Rillaboom
|-weather|RainDance|[from] ability: Drizzle|[of] p2a: Pelipper
|turn|6
|inactive|Le Philly has 30 seconds left.
|
|t:|1756236970
|move|p2b: Ursaluna|Protect|p2b: Ursaluna
|-singleturn|p2b: Ursaluna|Protect
|move|p1b: Gastrodon|Protect|p1b: Gastrodon
|-singleturn|p1b: Gastrodon|Protect
|move|p1a: Rillaboom|Grassy Glide|p2b: Ursaluna
|-activate|p2b: Ursaluna|move: Protect
|move|p2a: Pelipper|Tailwind|p2a: Pelipper
|-sidestart|p2: Luke693VGC|move: Tailwind
|
|-weather|RainDance|[upkeep]
|-heal|p2b: Ursaluna|12/100 brn|[from] Grassy Terrain
|-heal|p1b: Gastrodon|54/100|[from] Grassy Terrain
|-damage|p2b: Ursaluna|6/100 brn|[from] brn
|upkeep
|turn|7
|
|t:|1756236994
|move|p1a: Rillaboom|Grassy Glide|p2b: Ursaluna
|-damage|p2b: Ursaluna|0 fnt
|faint|p2b: Ursaluna
|move|p2a: Pelipper|Hurricane|p1a: Rillaboom
|-supereffective|p1a: Rillaboom
|-damage|p1a: Rillaboom|0 fnt
|faint|p1a: Rillaboom
|move|p1b: Gastrodon|Earth Power|p2a: Pelipper
|-immune|p2a: Pelipper
|
|-weather|RainDance|[upkeep]
|-heal|p1b: Gastrodon|60/100|[from] Grassy Terrain
|upkeep
|
|t:|1756237005
|switch|p2b: Incineroar|Incineroar, L50, F|97/100
|-ability|p2b: Incineroar|Intimidate|boost
|-unboost|p1b: Gastrodon|atk|1
|turn|8
|
|t:|1756237023
|move|p1b: Gastrodon|Protect|p1b: Gastrodon
|-singleturn|p1b: Gastrodon|Protect
|move|p2b: Incineroar|Fake Out|p1b: Gastrodon
|-activate|p1b: Gastrodon|move: Protect
|move|p2a: Pelipper|Hurricane|p1b: Gastrodon
|-activate|p1b: Gastrodon|move: Protect
|
|-weather|RainDance|[upkeep]
|-heal|p2b: Incineroar|100/100|[from] Grassy Terrain
|-heal|p1b: Gastrodon|66/100|[from] Grassy Terrain
|upkeep
|turn|9
|
|t:|1756237038
|move|p2a: Pelipper|Hurricane|p1b: Gastrodon
|-damage|p1b: Gastrodon|21/100
|move|p2b: Incineroar|Knock Off|p1b: Gastrodon
|-damage|p1b: Gastrodon|0 fnt
|faint|p1b: Gastrodon
|
|win|Luke693VGC
|raw|Le Philly's rating: 1029 → 1015(-14 for losing)
|raw|Luke693VGC's rating: 1040 → 1073(+33 for winning)
