|j|☆pod_warbatino
|j|☆captaingarchomp92
|html|pod_warbatinocaptaingarchomp92    
|uhtml|bestof|Game 1 of a best-of-3
|t:|1782765106
|gametype|doubles
|player|p1|pod_warbatino|richboy|1142
|player|p2|captaingarchomp92|265|1249
|gen|9
|tier|[Gen 9 Champions] VGC 2026 Reg M-B (Bo3)
|rated|
|rule|Species Clause: Limit one of each Pokémon
|rule|Item Clause: Limit 1 of each item
|clearpoke
|poke|p1|Ditto, L50, shiny|
|poke|p1|Glimmora, L50, F, shiny|
|poke|p1|Sneasler, L50, F, shiny|
|poke|p1|Basculegion, L50, M, shiny|
|poke|p1|Kingambit, L50, F|
|poke|p1|Whimsicott, L50, F|
|poke|p2|Gengar, L50, M|
|poke|p2|Incineroar, L50, F|
|poke|p2|Politoed, L50, F|
|poke|p2|Archaludon, L50, F|
|poke|p2|Sinistcha, L50|
|poke|p2|Basculegion, L50, M|
|teampreview|4
|showteam|p1|Ditto||Leftovers|Imposter|Transform|Bold|||||50|]Glimmora||Glimmoranite|ToxicDebris|EarthPower,PowerGem,SludgeBomb,SpikyShield|Timid||F|||50|]Sneasler||WhiteHerb|Unburden|QuickGuard,CloseCombat,FakeOut,DireClaw|Jolly||F|||50|]Basculegion||MysticWater|MoldBreaker|LastRespects,FlipTurn,Protect,WaveCrash|Sassy||M|||50|]Kingambit||ExpertBelt|Defiant|IronHead,SuckerPunch,BrickBreak,Protect|Adamant||F|||50|]Whimsicott||FocusSash|Prankster|Tailwind,DazzlingGleam,WorrySeed,HelpingHand|Bold||F|||50|
|showteam|p2|Gengar||Gengarite|CursedBody|ShadowBall,PerishSong,Disable,Protect|Timid||M|||50|]Incineroar||PasshoBerry|Intimidate|ThroatChop,PartingShot,FakeOut,Protect|Careful||F|||50|]Politoed||SitrusBerry|Drizzle|WeatherBall,PerishSong,Encore,Protect|Calm||F|||50|]Archaludon||Leftovers|Stamina|DragonPulse,ElectroShot,FlashCannon,Protect|Calm||F|||50|]Sinistcha||KasibBerry|Hospitality|MatchaGotcha,RagePowder,LifeDew,Protect|Bold|||||50|]Basculegion||ChoiceScarf|Adaptability|WaveCrash,LastRespects,FlipTurn,AquaJet|Jolly||M|||50|
|inactive|Battle timer is ON: inactive players will automatically lose when time's up. (requested by captaingarchomp92)
|
|t:|1782765137
|teamsize|p1|4
|teamsize|p2|4
|start
|switch|p1a: Theridiosa|Sneasler, L50, F, shiny|100/100
|switch|p1b: Whimsicott|Whimsicott, L50, F|100/100
|switch|p2a: Sinistcha|Sinistcha, L50|100/100
|switch|p2b: Gengar|Gengar, L50, M|100/100
|turn|1
|inactive|pod_warbatino has 30 seconds left.
|inactive|pod_warbatino has 20 seconds left.
|inactive|pod_warbatino has 15 seconds left.
|inactive|pod_warbatino has 10 seconds left.
|inactive|pod_warbatino has 5 seconds left.
|
|t:|1782765188
|switch|p1a: Transforma-ditto|Ditto, L50, shiny|100/100
|-transform|p1a: Transforma-ditto|p2b: Gengar|[from] ability: Imposter
|switch|p2a: Incineroar|Incineroar, L50, F|100/100
|-ability|p2a: Incineroar|Intimidate|boost
|-unboost|p1a: Transforma-ditto|atk|1
|-unboost|p1b: Whimsicott|atk|1
|detailschange|p2b: Gengar|Gengar-Mega, L50, M
|-mega|p2b: Gengar|Gengar|Gengarite
|move|p1b: Whimsicott|Worry Seed|p2b: Gengar
|-ability|p2b: Gengar|Insomnia|Shadow Tag|[from] move: Worry Seed
|move|p2b: Gengar|Perish Song|p2b: Gengar
|-start|p1a: Transforma-ditto|perish3|[silent]
|-start|p1b: Whimsicott|perish3|[silent]
|-start|p2a: Incineroar|perish3|[silent]
|-start|p2b: Gengar|perish3|[silent]
|-fieldactivate|move: Perish Song
|
|-start|p2b: Gengar|perish3
|-start|p1a: Transforma-ditto|perish3
|-start|p1b: Whimsicott|perish3
|-start|p2a: Incineroar|perish3
|upkeep
|turn|2
|inactive|pod_warbatino has 30 seconds left.
|inactive|captaingarchomp92 has 30 seconds left.
|
|t:|1782765222
|move|p1b: Whimsicott|Tailwind|p1b: Whimsicott
|-sidestart|p1: pod_warbatino|move: Tailwind
|move|p1a: Transforma-ditto|Disable|p2b: Gengar
|-start|p2b: Gengar|Disable|Perish Song
|move|p2b: Gengar|Shadow Ball|p1a: Transforma-ditto
|-supereffective|p1a: Transforma-ditto|1
|-crit|p1a: Transforma-ditto
|-damage|p1a: Transforma-ditto|0 fnt
|faint|p1a: Transforma-ditto
|move|p2a: Incineroar|Throat Chop|p1b: Whimsicott
|-resisted|p1b: Whimsicott|1
|-damage|p1b: Whimsicott|87/100
|-start|p1b: Whimsicott|Throat Chop|[silent]
|
|-start|p1b: Whimsicott|perish2
|-start|p2b: Gengar|perish2
|-start|p2a: Incineroar|perish2
|upkeep
|
|t:|1782765242
|switch|p1a: Basculegion|Basculegion, L50, M, shiny|100/100
|-ability|p1a: Basculegion|Mold Breaker
|turn|3
|inactive|pod_warbatino has 30 seconds left.
|
|t:|1782765268
|switch|p2b: Politoed|Politoed, L50, F|100/100
|-weather|RainDance|[from] ability: Drizzle|[of] p2b: Politoed
|switch|p2a: Sinistcha|Sinistcha, L50|100/100
|move|p1b: Whimsicott|Helping Hand|p1a: Basculegion
|-singleturn|p1a: Basculegion|Helping Hand|[of] p1b: Whimsicott
|move|p1a: Basculegion|Wave Crash|p2a: Sinistcha
|-resisted|p2a: Sinistcha|1
|-crit|p2a: Sinistcha
|-damage|p2a: Sinistcha|33/100
|-damage|p1a: Basculegion|82/100|[from] Recoil
|
|-weather|RainDance|[upkeep]
|-end|p1b: Whimsicott|Throat Chop|[silent]
|-start|p1b: Whimsicott|perish1
|upkeep
|turn|4
|
|t:|1782765292
|switch|p1b: Theridiosa|Sneasler, L50, F, shiny|100/100
|move|p1a: Basculegion|Protect|p1a: Basculegion
|-singleturn|p1a: Basculegion|Protect
|move|p2a: Sinistcha|Protect|p2a: Sinistcha
|-singleturn|p2a: Sinistcha|Protect
|move|p2b: Politoed|Weather Ball|p1b: Theridiosa
|-damage|p1b: Theridiosa|38/100
|
|-weather|RainDance|[upkeep]
|upkeep
|turn|5
|
|t:|1782765314
|switch|p2a: Incineroar|Incineroar, L50, F|100/100
|-ability|p2a: Incineroar|Intimidate|boost
|-unboost|p1a: Basculegion|atk|1
|-unboost|p1b: Theridiosa|atk|1
|-enditem|p1b: Theridiosa|White Herb
|-clearnegativeboost|p1b: Theridiosa|[silent]
|move|p1b: Theridiosa|Dire Claw|p2b: Politoed
|-damage|p2b: Politoed|58/100
|move|p1a: Basculegion|Last Respects|p2a: Incineroar
|-resisted|p2a: Incineroar|1
|-damage|p2a: Incineroar|90/100
|move|p2b: Politoed|Weather Ball|p1b: Theridiosa
|-damage|p1b: Theridiosa|0 fnt
|faint|p1b: Theridiosa
|
|-weather|RainDance|[upkeep]
|-sideend|p1: pod_warbatino|move: Tailwind
|upkeep
|
|t:|1782765332
|switch|p1b: Whimsicott|Whimsicott, L50, F|87/100
|turn|6
|
|t:|1782765350
|switch|p2a: Sinistcha|Sinistcha, L50|33/100
|-heal|p2b: Politoed|83/100|[from] ability: Hospitality|[of] p2a: Sinistcha
|move|p1b: Whimsicott|Tailwind|p1b: Whimsicott
|-sidestart|p1: pod_warbatino|move: Tailwind
|move|p1a: Basculegion|Flip Turn|p2a: Sinistcha
|-resisted|p2a: Sinistcha|1
|-damage|p2a: Sinistcha|22/100
|move|p2b: Politoed|Perish Song|p2b: Politoed
|-start|p1a: Basculegion|perish3|[silent]
|-start|p1b: Whimsicott|perish3|[silent]
|-start|p2a: Sinistcha|perish3|[silent]
|-start|p2b: Politoed|perish3|[silent]
|-fieldactivate|move: Perish Song
|
|-weather|RainDance|[upkeep]
|-start|p1b: Whimsicott|perish3
|-start|p1a: Basculegion|perish3
|-start|p2b: Politoed|perish3
|-start|p2a: Sinistcha|perish3
|upkeep
|turn|7
|inactive|pod_warbatino has 30 seconds left.
|
|t:|1782765385
|move|p2b: Politoed|Protect|p2b: Politoed
|-singleturn|p2b: Politoed|Protect
|move|p2a: Sinistcha|Protect|p2a: Sinistcha
|-singleturn|p2a: Sinistcha|Protect
|move|p1b: Whimsicott|Worry Seed|p2b: Politoed
|-activate|p2b: Politoed|move: Protect
|move|p1a: Basculegion|Last Respects|p2a: Sinistcha
|-activate|p2a: Sinistcha|move: Protect
|
|-weather|none
|-start|p1b: Whimsicott|perish2
|-start|p1a: Basculegion|perish2
|-start|p2b: Politoed|perish2
|-start|p2a: Sinistcha|perish2
|upkeep
|turn|8
|inactive|captaingarchomp92 has 30 seconds left.
|
|t:|1782765416
|switch|p2a: Incineroar|Incineroar, L50, F|90/100
|-ability|p2a: Incineroar|Intimidate|boost
|-unboost|p1a: Basculegion|atk|1
|-unboost|p1b: Whimsicott|atk|1
|move|p1b: Whimsicott|Dazzling Gleam|p2b: Politoed|[spread] p2a,p2b
|-damage|p2a: Incineroar|77/100
|-damage|p2b: Politoed|71/100
|move|p1a: Basculegion|Last Respects|p2b: Politoed
|-damage|p2b: Politoed|46/100
|-enditem|p2b: Politoed|Sitrus Berry|[eat]
|-heal|p2b: Politoed|71/100|[from] item: Sitrus Berry
|move|p2b: Politoed|Encore|p1b: Whimsicott
|-start|p1b: Whimsicott|Encore
|
|-start|p1b: Whimsicott|perish1
|-start|p1a: Basculegion|perish1
|-start|p2b: Politoed|perish1
|upkeep
|turn|9
|
|t:|1782765433
|move|p1a: Basculegion|Protect|p1a: Basculegion
|-singleturn|p1a: Basculegion|Protect
|move|p2b: Politoed|Protect|p2b: Politoed
|-singleturn|p2b: Politoed|Protect
|move|p2a: Incineroar|Protect|p2a: Incineroar
|-singleturn|p2a: Incineroar|Protect
|move|p1b: Whimsicott|Dazzling Gleam|p2b: Politoed|[spread] 
|-activate|p2a: Incineroar|move: Protect
|-activate|p2b: Politoed|move: Protect
|
|-start|p1b: Whimsicott|perish0
|-start|p1a: Basculegion|perish0
|-start|p2b: Politoed|perish0
|-sideend|p1: pod_warbatino|move: Tailwind
|faint|p1b: Whimsicott
|faint|p1a: Basculegion
|faint|p2b: Politoed
|
|win|captaingarchomp92
||pod_warbatino is ready for game 2.
