|j|☆guillelona
|j|☆Nova2309
|html|guillelonaNova2309    
|uhtml|bestof|Game 2 of a best-of-3
|t:|1785633058
|gametype|doubles
|player|p1|guillelona|1|1300
|player|p2|Nova2309|265|1520
|gen|9
|tier|[Gen 9 Champions] VGC 2026 Reg M-B (Bo3)
|rated|
|rule|Species Clause: Limit one of each Pokémon
|rule|Item Clause: Limit 1 of each item
|clearpoke
|poke|p1|Charizard, L50, M|
|poke|p1|Glimmora, L50, M|
|poke|p1|Whimsicott, L50, F|
|poke|p1|Ninetales-Alola, L50, F|
|poke|p1|Kingambit, L50, M|
|poke|p1|Kommo-o, L50, M|
|poke|p2|Grimmsnarl, L50, M|
|poke|p2|Incineroar, L50, F|
|poke|p2|Garchomp, L50, F|
|poke|p2|Floette-Eternal, L50, F|
|poke|p2|Charizard, L50, F|
|poke|p2|Venusaur, L50, F|
|teampreview|4
|showteam|p1|Charizard||CharizarditeY|Blaze|HeatWave,WeatherBall,SolarBeam,Protect|Modest||M|||50|]Glimmora||Glimmoranite|ToxicDebris|SludgeBomb,PowerGem,EarthPower,SpikyShield|Modest||M|||50|]Whimsicott||FocusSash|Prankster|Moonblast,Tailwind,Encore,Protect|Timid||F|||50|]Ninetales-Alola||NeverMeltIce|SnowWarning|Blizzard,FreezeDry,Disable,Protect|Timid||F|||50|]Kingambit||BlackGlasses|Defiant|KowtowCleave,SuckerPunch,IronHead,Protect|Adamant||M|||50|]Kommo-o||LifeOrb|Overcoat|ClangingScales,AuraSphere,VacuumWave,Protect|Modest||M|||50|
|showteam|p2|Grimmsnarl||LightClay|Prankster|SpiritBreak,PartingShot,Reflect,LightScreen|Careful||M|||50|]Incineroar||SitrusBerry|Intimidate|FlareBlitz,WillOWisp,FakeOut,PartingShot|Careful||F|||50|]Garchomp||ChoiceScarf|RoughSkin|DragonClaw,Earthquake,StompingTantrum,RockSlide|Adamant||F|||50|]Floette-Eternal||Floettite|FlowerVeil|Moonblast,DrainingKiss,CalmMind,Protect|Modest||F|||50|]Charizard||CharizarditeY|Blaze|WeatherBall,HeatWave,SolarBeam,Protect|Modest||F|||50|]Venusaur||FocusSash|Chlorophyll|SludgeBomb,LeafStorm,SleepPowder,Protect|Modest||F|||50|
|inactive|Battle timer is ON: inactive players will automatically lose when time's up. (requested by guillelona)
|
|t:|1785633107
|teamsize|p1|4
|teamsize|p2|4
|start
|switch|p1a: Glimmora|Glimmora, L50, M|100/100
|switch|p1b: Whimsicott|Whimsicott, L50, F|100/100
|switch|p2a: Grimmsnarl|Grimmsnarl, L50, M|100/100
|switch|p2b: Charizard|Charizard, L50, F|100/100
|turn|1
|
|t:|1785633123
|switch|p2b: Garchomp|Garchomp, L50, F|100/100
|detailschange|p1a: Glimmora|Glimmora-Mega, L50, M
|-mega|p1a: Glimmora|Glimmora|Glimmoranite
|move|p1b: Whimsicott|Tailwind|p1b: Whimsicott
|-sidestart|p1: guillelona|move: Tailwind
|move|p2a: Grimmsnarl|Light Screen|p2a: Grimmsnarl
|-sidestart|p2: Nova2309|move: Light Screen
|move|p1a: Glimmora|Power Gem|p2b: Garchomp
|-resisted|p2b: Garchomp|1
|-damage|p2b: Garchomp|75/100
|
|upkeep
|turn|2
|
|t:|1785633148
|switch|p2b: Venusaur|Venusaur, L50, F|100/100
|move|p1a: Glimmora|Spiky Shield|p1a: Glimmora
|-singleturn|p1a: Glimmora|move: Protect
|move|p2a: Grimmsnarl|Parting Shot|p1b: Whimsicott
|-unboost|p1b: Whimsicott|atk|1
|-unboost|p1b: Whimsicott|spa|1
|
|t:|1785633154
|switch|p2a: Charizard|Charizard, L50, F|100/100|[from] Parting Shot
|move|p1b: Whimsicott|Moonblast|p2b: Venusaur
|-resisted|p2b: Venusaur|1
|-damage|p2b: Venusaur|91/100
|
|upkeep
|turn|3
|inactive|guillelona has 30 seconds left.
|
|t:|1785633179
|switch|p1a: Kommo-o|Kommo-o, L50, M|100/100
|switch|p2a: Grimmsnarl|Grimmsnarl, L50, M|100/100
|move|p1b: Whimsicott|Protect|p1b: Whimsicott
|-singleturn|p1b: Whimsicott|Protect
|move|p2b: Venusaur|Sludge Bomb|p1b: Whimsicott
|-activate|p1b: Whimsicott|move: Protect
|
|upkeep
|turn|4
|
|t:|1785633199
|switch|p1b: Glimmora|Glimmora-Mega, L50, M|100/100
|move|p1a: Kommo-o|Protect|p1a: Kommo-o
|-singleturn|p1a: Kommo-o|Protect
|move|p2b: Venusaur|Sludge Bomb|p1b: Glimmora
|-resisted|p1b: Glimmora|2
|-damage|p1b: Glimmora|86/100
|move|p2a: Grimmsnarl|Spirit Break|p1b: Glimmora
|-resisted|p1b: Glimmora|1
|-damage|p1b: Glimmora|71/100
|-unboost|p1b: Glimmora|spa|1
|
|-sideend|p1: guillelona|move: Tailwind
|upkeep
|turn|5
|inactive|guillelona has 30 seconds left.
|
|t:|1785633229
|move|p1b: Glimmora|Sludge Bomb|p2b: Venusaur
|-damage|p2b: Venusaur|50/100g
|move|p1a: Kommo-o|Clanging Scales|p2a: Grimmsnarl|[spread] p2b
|-immune|p2a: Grimmsnarl
|-damage|p2b: Venusaur|12/100
|-unboost|p1a: Kommo-o|def|1
|-damage|p1a: Kommo-o|90/100|[from] item: Life Orb
|move|p2b: Venusaur|Sleep Powder|p1b: Glimmora
|-status|p1b: Glimmora|slp|[from] move: Sleep Powder
|move|p2a: Grimmsnarl|Spirit Break|p1a: Kommo-o
|-supereffective|p1a: Kommo-o|2
|-damage|p1a: Kommo-o|0 fnt
|faint|p1a: Kommo-o
|
|upkeep
|
|t:|1785633244
|switch|p1a: Whimsicott|Whimsicott, L50, F|100/100
|turn|6
|
|t:|1785633252
|move|p1a: Whimsicott|Encore|p2b: Venusaur
|-start|p2b: Venusaur|Encore
|move|p2a: Grimmsnarl|Parting Shot|p1b: Glimmora
|-unboost|p1b: Glimmora|atk|1
|-unboost|p1b: Glimmora|spa|1
|
|t:|1785633261
|switch|p2a: Charizard|Charizard, L50, F|100/100|[from] Parting Shot
|cant|p1b: Glimmora|slp
|move|p2b: Venusaur|Sleep Powder|p1a: Whimsicott
|-immune|p1a: Whimsicott
|
|upkeep
|turn|7
|
|t:|1785633279
|switch|p2b: Garchomp|Garchomp, L50, F|75/100
|detailschange|p2a: Charizard|Charizard-Mega-Y, L50, F
|-mega|p2a: Charizard|Charizard|Charizardite Y
|-weather|SunnyDay|[from] ability: Drought|[of] p2a: Charizard
|move|p1a: Whimsicott|Protect|p1a: Whimsicott
|-singleturn|p1a: Whimsicott|Protect
|-curestatus|p1b: Glimmora|slp|[msg]
|move|p1b: Glimmora|Power Gem|p2a: Charizard
|-supereffective|p2a: Charizard|2
|-damage|p2a: Charizard|18/100
|move|p2a: Charizard|Heat Wave|p1a: Whimsicott|[spread] p1b
|-activate|p1a: Whimsicott|move: Protect
|-resisted|p1b: Glimmora|1
|-damage|p1b: Glimmora|33/100
|
|-weather|SunnyDay|[upkeep]
|upkeep
|turn|8
|inactive|guillelona has 30 seconds left.
|inactive|guillelona has 20 seconds left.
|inactive|guillelona has 15 seconds left.
|
|t:|1785633322
|switch|p1b: Ninetales|Ninetales-Alola, L50, F|100/100
|-weather|Snowscape|[from] ability: Snow Warning|[of] p1b: Ninetales
|move|p2b: Garchomp|Earthquake|p1a: Whimsicott|[spread] p1a,p1b
|-immune|p2a: Charizard
|-resisted|p1a: Whimsicott|1
|-damage|p1a: Whimsicott|71/100
|-damage|p1b: Ninetales|59/100
|move|p1a: Whimsicott|Moonblast|p2a: Charizard
|-resisted|p2a: Charizard|1
|-damage|p2a: Charizard|7/100
|-unboost|p2a: Charizard|spa|1
|move|p2a: Charizard|Heat Wave|p1b: Ninetales|[spread] p1a,p1b
|-supereffective|p1a: Whimsicott|1
|-crit|p1a: Whimsicott
|-supereffective|p1b: Ninetales|1
|-damage|p1a: Whimsicott|0 fnt
|-damage|p1b: Ninetales|0 fnt
|faint|p1a: Whimsicott
|faint|p1b: Ninetales
|
|-weather|Snowscape|[upkeep]
|-sideend|p2: Nova2309|move: Light Screen
|upkeep
|
|t:|1785633344
|switch|p1b: Glimmora|Glimmora-Mega, L50, M|33/100
|turn|9
|-message|guillelona forfeited.
|
|win|Nova2309
|raw|guillelona's rating: 1300 → 1289(-11 for losing)
|raw|Nova2309's rating: 1520 → 1529(+9 for winning)
|l|☆guillelona
|player|p1|
|l|☆Nova2309
|player|p2|
|j|☆guillelona
|player|p1|guillelona|1|
