|j|☆benny313
|j|☆anon.mp4
|html|benny313anon.mp4    
|uhtml|bestof|Game 2 of a best-of-3
|t:|1785355513
|gametype|doubles
|player|p1|benny313|skierf|
|player|p2|anon.mp4|caitlin|
|gen|9
|tier|[Gen 9 Champions] VGC 2026 Reg M-B (Bo3)
|rule|Species Clause: Limit one of each Pokémon
|rule|Item Clause: Limit 1 of each item
|clearpoke
|poke|p1|Staraptor, L50, F|
|poke|p1|Vanilluxe, L50, M|
|poke|p1|Farigiraf, L50, M|
|poke|p1|Blastoise, L50, F|
|poke|p1|Kingambit, L50, M|
|poke|p1|Camerupt, L50, F|
|poke|p2|Pelipper, L50, M|
|poke|p2|Archaludon, L50, M|
|poke|p2|Sneasler, L50, F|
|poke|p2|Swampert, L50, M|
|poke|p2|Raichu, L50, M|
|poke|p2|Garchomp, L50, M|
|teampreview|4
|showteam|p1|Staraptor||ChoiceScarf|Intimidate|FinalGambit,BraveBird,CloseCombat,Uturn|Jolly||F|||50|]Vanilluxe||NeverMeltIce|SnowWarning|Blizzard,FreezeDry,Protect,IceShard|Quiet||M|||50|]Farigiraf||SitrusBerry|ArmorTail|PsychicFangs,HyperVoice,HelpingHand,TrickRoom|Relaxed||M|||50|]Blastoise||Blastoisinite|RainDish|FakeOut,WaterSpout,AuraSphere,DarkPulse|Quiet||F|||50|]Kingambit||LifeOrb|Defiant|KowtowCleave,IronHead,Protect,SuckerPunch|Brave||M|||50|]Camerupt||Cameruptite|SolidRock|HeatWave,EarthPower,Protect,AncientPower|Quiet||F|||50|
|showteam|p2|Pelipper||SitrusBerry|Drizzle|Tailwind,WeatherBall,Hurricane,WideGuard|Modest||M|||50|]Archaludon||Leftovers|Stamina|ElectroShot,DragonPulse,FlashCannon,Protect|Modest||M|||50|]Sneasler||WhiteHerb|Unburden|CloseCombat,DireClaw,FakeOut,Protect|Jolly||F|||50|]Swampert||Swampertite|Torrent|WaveCrash,Earthquake,IcePunch,Protect|Adamant||M|||50|]Raichu||RaichuniteY|LightningRod|ZapCannon,FocusBlast,FakeOut,Protect|Modest||M|||50|]Garchomp||RoseliBerry|RoughSkin|DragonClaw,Earthquake,RockSlide,Protect|Jolly||M|||50|
|inactive|Battle timer is ON: inactive players will automatically lose when time's up. (requested by anon.mp4)
|inactive|benny313 also wants the timer to be on.
|inactive|benny313 has 60 seconds left.
|inactive|anon.mp4 has 60 seconds left.
|
|t:|1785355565
|teamsize|p1|4
|teamsize|p2|4
|start
|switch|p1a: Farigiraf|Farigiraf, L50, M|100/100
|switch|p1b: Blastoise|Blastoise, L50, F|100/100
|switch|p2a: Pelipper|Pelipper, L50, M|100/100
|switch|p2b: Swampert|Swampert, L50, M|100/100
|-weather|RainDance|[from] ability: Drizzle|[of] p2a: Pelipper
|turn|1
|inactive|benny313 has 30 seconds left.
|inactive|anon.mp4 has 30 seconds left.
|
|t:|1785355596
|detailschange|p2b: Swampert|Swampert-Mega, L50, M
|-mega|p2b: Swampert|Swampert|Swampertite
|detailschange|p1b: Blastoise|Blastoise-Mega, L50, F
|-mega|p1b: Blastoise|Blastoise|Blastoisinite
|move|p1b: Blastoise|Fake Out|p2a: Pelipper
|-damage|p2a: Pelipper|89/100
|move|p2b: Swampert|Wave Crash|p1a: Farigiraf
|-damage|p1a: Farigiraf|3/100
|-enditem|p1a: Farigiraf|Sitrus Berry|[eat]
|-heal|p1a: Farigiraf|28/100|[from] item: Sitrus Berry
|-damage|p2b: Swampert|59/100|[from] Recoil
|cant|p2a: Pelipper|flinch
|move|p1a: Farigiraf|Trick Room|p1a: Farigiraf
|-fieldstart|move: Trick Room|[of] p1a: Farigiraf
|
|-weather|RainDance|[upkeep]
|upkeep
|turn|2
|c|☆anon.mp4|did you calc that
|c|☆benny313|nope 100% went off vibes
|inactive|benny313 has 30 seconds left.
|inactive|anon.mp4 has 30 seconds left.
|
|t:|1785355625
|move|p1a: Farigiraf|Helping Hand|p1b: Blastoise
|-singleturn|p1b: Blastoise|Helping Hand|[of] p1a: Farigiraf
|move|p2a: Pelipper|Wide Guard|p2a: Pelipper
|-singleturn|p2a: Pelipper|Wide Guard
|move|p1b: Blastoise|Water Spout|p2a: Pelipper|[spread] 
|-activate|p2a: Pelipper|move: Wide Guard
|-activate|p2b: Swampert|move: Wide Guard
|move|p2b: Swampert|Earthquake|p1b: Blastoise|[spread] p1a,p1b
|-activate|p2a: Pelipper|move: Wide Guard
|-damage|p1a: Farigiraf|0 fnt
|-damage|p1b: Blastoise|62/100
|faint|p1a: Farigiraf
|
|-weather|RainDance|[upkeep]
|upkeep
|
|t:|1785355633
|switch|p1a: Vanilluxe|Vanilluxe, L50, M|100/100
|-weather|Snowscape|[from] ability: Snow Warning|[of] p1a: Vanilluxe
|turn|3
|inactive|benny313 has 30 seconds left.
|inactive|anon.mp4 has 30 seconds left.
|inactive|anon.mp4 has 20 seconds left.
|
|t:|1785355669
|move|p2a: Pelipper|Hurricane|p1b: Blastoise
|-damage|p1b: Blastoise|23/100
|-start|p1b: Blastoise|confusion
|-activate|p1b: Blastoise|confusion
|-damage|p1b: Blastoise|15/100|[from] confusion
|move|p1a: Vanilluxe|Freeze-Dry|p2a: Pelipper
|-supereffective|p2a: Pelipper|2
|-damage|p2a: Pelipper|0 fnt
|faint|p2a: Pelipper
|move|p2b: Swampert|Earthquake|p1a: Vanilluxe|[spread] p1a,p1b
|-damage|p1a: Vanilluxe|62/100
|-damage|p1b: Blastoise|0 fnt
|faint|p1b: Blastoise
|
|-weather|Snowscape|[upkeep]
|upkeep
|c|☆anon.mp4|?
|inactive|anon.mp4 has 30 seconds left.
|
|t:|1785355694
|switch|p2a: Archaludon|Archaludon, L50, M|100/100
|switch|p1b: Camerupt|Camerupt, L50, F|100/100
|turn|4
|
|t:|1785355711
|move|p2a: Archaludon|Protect|p2a: Archaludon
|-singleturn|p2a: Archaludon|Protect
|move|p1b: Camerupt|Heat Wave|p2a: Archaludon|[spread] p2b
|-activate|p2a: Archaludon|move: Protect
|-resisted|p2b: Swampert|1
|-damage|p2b: Swampert|42/100
|move|p1a: Vanilluxe|Blizzard|p2b: Swampert|[spread] p2b
|-activate|p2a: Archaludon|move: Protect
|-crit|p2b: Swampert
|-damage|p2b: Swampert|0 fnt
|faint|p2b: Swampert
|
|-weather|Snowscape|[upkeep]
|upkeep
|
|t:|1785355722
|switch|p2b: Garchomp|Garchomp, L50, M|100/100
|turn|5
|
|t:|1785355739
|move|p1b: Camerupt|Heat Wave|p2b: Garchomp|[spread] 
|-miss|p1b: Camerupt|p2a: Archaludon
|-miss|p1b: Camerupt|p2b: Garchomp
|move|p1a: Vanilluxe|Blizzard|p2a: Archaludon|[spread] p2a,p2b
|-supereffective|p2b: Garchomp|2
|-damage|p2a: Archaludon|52/100
|-damage|p2b: Garchomp|0 fnt
|-ability|p2a: Archaludon|Stamina|boost
|-boost|p2a: Archaludon|def|1
|faint|p2b: Garchomp
|move|p2a: Archaludon|Flash Cannon|p1a: Vanilluxe
|-supereffective|p1a: Vanilluxe|1
|-damage|p1a: Vanilluxe|0 fnt
|faint|p1a: Vanilluxe
|
|-weather|Snowscape|[upkeep]
|-heal|p2a: Archaludon|58/100|[from] item: Leftovers
|-fieldend|move: Trick Room
|upkeep
|turn|6
|
|t:|1785355760
|move|p2a: Archaludon|Dragon Pulse|p1b: Camerupt
|-damage|p1b: Camerupt|45/100
|move|p1b: Camerupt|Earth Power|p2a: Archaludon
|-supereffective|p2a: Archaludon|1
|-damage|p2a: Archaludon|0 fnt
|faint|p2a: Archaludon
|
|win|benny313
|c|☆anon.mp4|gg
|c|☆benny313|ggwp
|l|☆anon.mp4
|player|p2|
