|j|☆setheeswag
|j|☆Farigi no Raf
|html|setheeswagFarigi no Raf    
|uhtml|bestof|Game 1 of a best-of-3
|t:|1757090077
|gametype|doubles
|player|p1|setheeswag|169|1268
|player|p2|Farigi no Raf|vince|1385
|gen|9
|tier|[Gen 9] VGC 2025 Reg H (Bo3)
|rated|
|rule|Species Clause: Limit one of each Pokémon
|rule|Item Clause: Limit 1 of each item
|clearpoke
|poke|p1|Charizard, L50, F|
|poke|p1|Torkoal, L50, M|
|poke|p1|Porygon2, L50|
|poke|p1|Incineroar, L50, M|
|poke|p1|Jumpluff, L50, F|
|poke|p1|Ursaluna, L50, M|
|poke|p2|Dragonite, L50, F|
|poke|p2|Gholdengo, L50|
|poke|p2|Sneasler, L50, F|
|poke|p2|Rillaboom, L50, M|
|poke|p2|Ursaluna-Bloodmoon, L50, M|
|poke|p2|Magmar, L50, F|
|teampreview|4
|showteam|p1|Charizard||ChoiceSpecs|SolarPower|HeatWave,Overheat,WeatherBall,AirSlash|||F|||50|,,,,,Ghost]Torkoal||EjectPack|Drought|Eruption,Overheat,HelpingHand,Protect|||M|||50|,,,,,Fire]Porygon2||Eviolite|Download|TeraBlast,IceBeam,Recover,TrickRoom||||||50|,,,,,Fighting]Incineroar||SitrusBerry|Intimidate|FlareBlitz,KnockOff,FakeOut,PartingShot|||M|||50|,,,,,Ghost]Jumpluff||CovertCloak|Chlorophyll|SleepPowder,SunnyDay,RagePowder,Tailwind|||F|||50|,,,,,Water]Ursaluna||FlameOrb|Guts|HeadlongRush,Facade,Earthquake,Protect|||M|||50|,,,,,Ghost
|showteam|p2|Dragonite||LoadedDice|Multiscale|ScaleShot,Tailwind,ExtremeSpeed,Protect|||F|||50|,,,,,Fairy]Gholdengo||LifeOrb|GoodasGold|MakeItRain,ShadowBall,NastyPlot,Protect||||||50|,,,,,Water]Sneasler||FocusSash|PoisonTouch|CloseCombat,DireClaw,Coaching,FakeOut|||F|||50|,,,,,Ghost]Rillaboom||AssaultVest|GrassySurge|WoodHammer,FakeOut,GrassyGlide,HighHorsepower|||M|||50|,,,,,Fire]Ursaluna-Bloodmoon||SilkScarf|MindsEye|HyperVoice,EarthPower,BloodMoon,Protect|||M|||50|,,,,,Water]Magmar||Eviolite|VitalSpirit|FollowMe,BurningJealousy,ClearSmog,Protect|||F|||50|,,,,,Dragon
|inactive|Battle timer is ON: inactive players will automatically lose when time's up. (requested by setheeswag)
|
|t:|1757090105
|teamsize|p1|4
|teamsize|p2|4
|start
|switch|p1a: Jumpluff|Jumpluff, L50, F|100/100
|switch|p1b: Incineroar|Incineroar, L50, M|100/100
|switch|p2a: Magmar|Magmar, L50, F|100/100
|switch|p2b: Dragonite|Dragonite, L50, F|100/100
|-ability|p1b: Incineroar|Intimidate|boost
|-unboost|p2a: Magmar|atk|1
|-unboost|p2b: Dragonite|atk|1
|turn|1
|inactive|setheeswag has 30 seconds left.
|inactive|setheeswag has 20 seconds left.
|inactive|setheeswag has 15 seconds left.
|inactive|setheeswag has 10 seconds left.
|inactive|setheeswag has 5 seconds left.
|
|t:|1757090156
|move|p1a: Jumpluff|Tailwind|p1a: Jumpluff
|-sidestart|p1: setheeswag|move: Tailwind
|move|p1b: Incineroar|Parting Shot|p2b: Dragonite
|-unboost|p2b: Dragonite|atk|1
|-unboost|p2b: Dragonite|spa|1
|
|t:|1757090166
|switch|p1b: Ursaluna|Ursaluna, L50, M|100/100|[from] Parting Shot
|move|p2b: Dragonite|Scale Shot|p1a: Jumpluff
|-crit|p1a: Jumpluff
|-damage|p1a: Jumpluff|72/100
|-damage|p1a: Jumpluff|63/100
|-damage|p1a: Jumpluff|54/100
|-damage|p1a: Jumpluff|44/100
|-damage|p1a: Jumpluff|35/100
|-hitcount|p1a: Jumpluff|5
|-unboost|p2b: Dragonite|def|1
|-boost|p2b: Dragonite|spe|1
|move|p2a: Magmar|Burning Jealousy|p1b: Ursaluna|[spread] p1a,p1b
|-supereffective|p1a: Jumpluff
|-damage|p1a: Jumpluff|1/100
|-damage|p1b: Ursaluna|85/100
|
|-status|p1b: Ursaluna|brn|[from] item: Flame Orb
|upkeep
|turn|2
|inactive|setheeswag has 30 seconds left.
|
|t:|1757090192
|move|p2b: Dragonite|Protect|p2b: Dragonite
|-singleturn|p2b: Dragonite|Protect
|move|p2a: Magmar|Protect|p2a: Magmar
|-singleturn|p2a: Magmar|Protect
|move|p1a: Jumpluff|Sleep Powder|p2b: Dragonite
|-activate|p2b: Dragonite|move: Protect
|move|p1b: Ursaluna|Earthquake|p2a: Magmar|[spread] 
|-activate|p2a: Magmar|move: Protect
|-activate|p2b: Dragonite|move: Protect
|-immune|p1a: Jumpluff
|
|-damage|p1b: Ursaluna|79/100 brn|[from] brn
|upkeep
|turn|3
|
|t:|1757090201
|move|p2b: Dragonite|Extreme Speed|p1a: Jumpluff
|-damage|p1a: Jumpluff|0 fnt
|faint|p1a: Jumpluff
|move|p1b: Ursaluna|Earthquake|p2b: Dragonite|[spread] p2a
|-immune|p2b: Dragonite
|-supereffective|p2a: Magmar
|-damage|p2a: Magmar|13/100
|move|p2a: Magmar|Burning Jealousy|p1b: Ursaluna
|-damage|p1b: Ursaluna|55/100 brn
|
|-damage|p1b: Ursaluna|49/100 brn|[from] brn
|upkeep
|
|t:|1757090214
|switch|p1a: Porygon2|Porygon2, L50|100/100
|-ability|p1a: Porygon2|Download|boost
|-boost|p1a: Porygon2|atk|1
|turn|4
|inactive|setheeswag has 30 seconds left.
|inactive|Farigi no Raf has 30 seconds left.
|
|t:|1757090254
|move|p1b: Ursaluna|Protect|p1b: Ursaluna
|-singleturn|p1b: Ursaluna|Protect
|move|p2b: Dragonite|Scale Shot|p1a: Porygon2
|-damage|p1a: Porygon2|95/100
|-damage|p1a: Porygon2|91/100
|-damage|p1a: Porygon2|86/100
|-damage|p1a: Porygon2|81/100
|-hitcount|p1a: Porygon2|4
|-unboost|p2b: Dragonite|def|1
|-boost|p2b: Dragonite|spe|1
|move|p2a: Magmar|Burning Jealousy|p1b: Ursaluna|[spread] p1a
|-activate|p1b: Ursaluna|move: Protect
|-damage|p1a: Porygon2|69/100
|move|p1a: Porygon2|Trick Room|p1a: Porygon2
|-fieldstart|move: Trick Room|[of] p1a: Porygon2
|
|-damage|p1b: Ursaluna|43/100 brn|[from] brn
|-sideend|p1: setheeswag|move: Tailwind
|upkeep
|turn|5
|inactive|Farigi no Raf has 30 seconds left.
|
|t:|1757090288
|move|p2a: Magmar|Protect|p2a: Magmar
|-singleturn|p2a: Magmar|Protect
|move|p2b: Dragonite|Protect|p2b: Dragonite
|-singleturn|p2b: Dragonite|Protect
|move|p1a: Porygon2|Tera Blast|p2a: Magmar
|-activate|p2a: Magmar|move: Protect
|move|p1b: Ursaluna|Facade|p2b: Dragonite
|-activate|p2b: Dragonite|move: Protect
|
|-damage|p1b: Ursaluna|37/100 brn|[from] brn
|upkeep
|turn|6
|inactive|Farigi no Raf has 30 seconds left.
|
|t:|1757090322
|-terastallize|p1b: Ursaluna|Ghost
|move|p2b: Dragonite|Extreme Speed|p1a: Porygon2
|-damage|p1a: Porygon2|59/100
|move|p1a: Porygon2|Tera Blast|p2a: Magmar
|-damage|p2a: Magmar|0 fnt
|faint|p2a: Magmar
|move|p1b: Ursaluna|Facade|p2b: Dragonite
|-damage|p2b: Dragonite|0 fnt
|faint|p2b: Dragonite
|
|-damage|p1b: Ursaluna|31/100 brn|[from] brn
|upkeep
|
|t:|1757090332
|switch|p2a: Ursaluna|Ursaluna-Bloodmoon, L50, M|100/100
|switch|p2b: Sneasler|Sneasler, L50, F|100/100
|turn|7
|inactive|Farigi no Raf has 30 seconds left.
|
|t:|1757090359
|move|p2b: Sneasler|Fake Out|p1a: Porygon2
|-damage|p1a: Porygon2|49/100
|cant|p1a: Porygon2|flinch
|move|p1b: Ursaluna|Facade|p2b: Sneasler
|-enditem|p2b: Sneasler|Focus Sash
|-damage|p2b: Sneasler|1/100
|move|p2a: Ursaluna|Hyper Voice|p1b: Ursaluna|[spread] p1a,p1b
|-damage|p1a: Porygon2|22/100
|-damage|p1b: Ursaluna|0 fnt
|faint|p1b: Ursaluna
|
|upkeep
|
|t:|1757090365
|switch|p1b: Incineroar|Incineroar, L50, M|100/100
|-ability|p1b: Incineroar|Intimidate|boost
|-unboost|p2a: Ursaluna|atk|1
|-unboost|p2b: Sneasler|atk|1
|turn|8
|
|t:|1757090381
|-terastallize|p2a: Ursaluna|Water
|move|p1b: Incineroar|Fake Out|p2b: Sneasler
|-damage|p2b: Sneasler|0 fnt
|faint|p2b: Sneasler
|move|p1a: Porygon2|Recover|p1a: Porygon2
|-heal|p1a: Porygon2|72/100
|move|p2a: Ursaluna|Blood Moon|p1a: Porygon2
|-damage|p1a: Porygon2|18/100
|
|-fieldend|move: Trick Room
|upkeep
|turn|9
|inactive|setheeswag has 30 seconds left.
|
|t:|1757090416
|move|p1b: Incineroar|Knock Off|p2a: Ursaluna
|-damage|p2a: Ursaluna|66/100
|-enditem|p2a: Ursaluna|Silk Scarf|[from] move: Knock Off|[of] p1b: Incineroar
|move|p2a: Ursaluna|Hyper Voice|p1b: Incineroar|[spread] p1a,p1b
|-damage|p1a: Porygon2|0 fnt
|-damage|p1b: Incineroar|64/100
|faint|p1a: Porygon2
|
|upkeep
|turn|10
|
|t:|1757090425
|move|p1b: Incineroar|Knock Off|p2a: Ursaluna
|-damage|p2a: Ursaluna|44/100
|move|p2a: Ursaluna|Earth Power|p1b: Incineroar
|-supereffective|p1b: Incineroar
|-crit|p1b: Incineroar
|-damage|p1b: Incineroar|0 fnt
|faint|p1b: Incineroar
|
|win|Farigi no Raf
