|j|☆Andrea Pirlo 2
|j|☆Capravolante97
|html|Andrea Pirlo 2Capravolante97    
|uhtml|bestof|Game 2 of a best-of-3
|t:|1782232570
|gametype|doubles
|player|p1|Andrea Pirlo 2|volkner|
|player|p2|Capravolante97|fantina|
|gen|9
|tier|[Gen 9 Champions] VGC 2026 Reg M-B (Bo3)
|rule|Species Clause: Limit one of each Pokémon
|rule|Item Clause: Limit 1 of each item
|clearpoke
|poke|p1|Pelipper, L50, F|
|poke|p1|Swampert, L50, M|
|poke|p1|Basculegion, L50, M|
|poke|p1|Archaludon, L50, M|
|poke|p1|Floette-Eternal, L50, F|
|poke|p1|Whimsicott, L50, M|
|poke|p2|Gholdengo, L50|
|poke|p2|Scovillain, L50, M|
|poke|p2|Aerodactyl, L50, M|
|poke|p2|Garchomp, L50, M|
|poke|p2|Primarina, L50, M|
|poke|p2|Hydreigon, L50, F|
|teampreview|4
|showteam|p1|Pelipper||LifeOrb|Drizzle|WeatherBall,Hurricane,Tailwind,Protect|Modest||F|||50|]Swampert||Swampertite|Torrent|WaveCrash,HighHorsepower,IcePunch,Protect|Adamant||M|||50|]Basculegion||FocusSash|Adaptability|Liquidation,LastRespects,AquaJet,Protect|Adamant||M|||50|]Archaludon||Leftovers|Stamina|ElectroShot,DragonPulse,FlashCannon,Protect|Modest||M|||50|]Floette-Eternal||Floettite|FlowerVeil|LightofRuin,Moonblast,DazzlingGleam,Protect|Modest||F|||50|]Whimsicott||CobaBerry|Prankster|Moonblast,Tailwind,Encore,Protect|Bold||M|||50|
|showteam|p2|Gholdengo||LifeOrb|GoodasGold|MakeItRain,ShadowBall,NastyPlot,Protect|Timid|||||50|]Scovillain||Scovillainite|Moody|RagePowder,GigaDrain,Overheat,Protect|Bold||M|||50|]Aerodactyl||FocusSash|Unnerve|Tailwind,RockSlide,Protect,DualWingbeat|Jolly||M|||50|]Garchomp||ExpertBelt|RoughSkin|RockSlide,DragonClaw,Earthquake,Protect|Jolly||M|||50|]Primarina||MysticWater|LiquidVoice|CalmMind,HyperVoice,Moonblast,Protect|Modest||M|||50|]Hydreigon||ChoiceScarf|Levitate|Snarl,DarkPulse,HeatWave,DracoMeteor|Modest||F|||50|
|inactive|Battle timer is ON: inactive players will automatically lose when time's up. (requested by Capravolante97)
|
|t:|1782232595
|teamsize|p1|4
|teamsize|p2|4
|start
|switch|p1a: Pelipper|Pelipper, L50, F|100/100
|switch|p1b: Swampert|Swampert, L50, M|100/100
|switch|p2a: Aerodactyl|Aerodactyl, L50, M|100/100
|switch|p2b: Primarina|Primarina, L50, M|100/100
|-ability|p2a: Aerodactyl|Unnerve
|-weather|RainDance|[from] ability: Drizzle|[of] p1a: Pelipper
|turn|1
|
|t:|1782232602
|detailschange|p1b: Swampert|Swampert-Mega, L50, M
|-mega|p1b: Swampert|Swampert|Swampertite
|move|p1b: Swampert|High Horsepower|p2b: Primarina
|-damage|p2b: Primarina|19/100
|move|p2a: Aerodactyl|Rock Slide|p1a: Pelipper|[spread] p1a
|-miss|p2a: Aerodactyl|p1b: Swampert
|-supereffective|p1a: Pelipper|1
|-damage|p1a: Pelipper|42/100
|move|p1a: Pelipper|Tailwind|p1a: Pelipper
|-sidestart|p1: Andrea Pirlo 2|move: Tailwind
|move|p2b: Primarina|Hyper Voice|p1b: Swampert|[spread] p1a,p1b
|-resisted|p1a: Pelipper|1
|-damage|p1a: Pelipper|0 fnt
|-damage|p1b: Swampert|39/100
|faint|p1a: Pelipper
|
|-weather|RainDance|[upkeep]
|upkeep
|
|t:|1782232614
|switch|p1a: Archaludon|Archaludon, L50, M|100/100
|turn|2
|
|t:|1782232628
|move|p1b: Swampert|Ice Punch|p2a: Aerodactyl
|-supereffective|p2a: Aerodactyl|1
|-damage|p2a: Aerodactyl|1/100
|move|p1a: Archaludon|Electro Shot||[still]
|-prepare|p1a: Archaludon|Electro Shot
|-boost|p1a: Archaludon|spa|1
|-anim|p1a: Archaludon|Electro Shot|p2b: Primarina
|-supereffective|p2b: Primarina|1
|-damage|p2b: Primarina|0 fnt
|faint|p2b: Primarina
|move|p2a: Aerodactyl|Tailwind|p2a: Aerodactyl
|-sidestart|p2: Capravolante97|move: Tailwind
|
|-weather|RainDance|[upkeep]
|upkeep
|
|t:|1782232643
|switch|p2b: Scovillain|Scovillain, L50, M|100/100
|turn|3
|
|t:|1782232653
|detailschange|p2b: Scovillain|Scovillain-Mega, L50, M
|-mega|p2b: Scovillain|Scovillain|Scovillainite
|move|p2a: Aerodactyl|Protect|p2a: Aerodactyl
|-singleturn|p2a: Aerodactyl|Protect
|move|p2b: Scovillain|Protect|p2b: Scovillain
|-singleturn|p2b: Scovillain|Protect
|move|p1b: Swampert|Wave Crash|p2b: Scovillain
|-activate|p2b: Scovillain|move: Protect
|move|p1a: Archaludon|Electro Shot||[still]
|-prepare|p1a: Archaludon|Electro Shot
|-boost|p1a: Archaludon|spa|1
|-anim|p1a: Archaludon|Electro Shot|p2a: Aerodactyl
|-activate|p2a: Aerodactyl|move: Protect
|
|-weather|RainDance|[upkeep]
|upkeep
|turn|4
|
|t:|1782232676
|switch|p2a: Hydreigon|Hydreigon, L50, F|100/100
|move|p2b: Scovillain|Rage Powder|p2b: Scovillain
|-singleturn|p2b: Scovillain|move: Rage Powder
|move|p1b: Swampert|Wave Crash|p2b: Scovillain
|-damage|p2b: Scovillain|0 fnt
|-status|p1b: Swampert|brn|[from] ability: Spicy Spray|[of] p2b: Scovillain
|faint|p2b: Scovillain
|-damage|p1b: Swampert|9/100 brn|[from] Recoil
|move|p1a: Archaludon|Dragon Pulse|p2a: Hydreigon
|-supereffective|p2a: Hydreigon|1
|-damage|p2a: Hydreigon|0 fnt
|faint|p2a: Hydreigon
|
|-weather|RainDance|[upkeep]
|-damage|p1b: Swampert|3/100 brn|[from] brn
|-sideend|p1: Andrea Pirlo 2|move: Tailwind
|upkeep
|
|t:|1782232695
|switch|p2b: Aerodactyl|Aerodactyl, L50, M|1/100
|-ability|p2b: Aerodactyl|Unnerve
|turn|5
|
|t:|1782232702
|move|p2b: Aerodactyl|Rock Slide|p1a: Archaludon|[spread] p1a,p1b
|-resisted|p1a: Archaludon|1
|-resisted|p1b: Swampert|1
|-damage|p1a: Archaludon|91/100
|-damage|p1b: Swampert|0 fnt
|-ability|p1a: Archaludon|Stamina|boost
|-boost|p1a: Archaludon|def|1
|faint|p1b: Swampert
|move|p1a: Archaludon|Dragon Pulse|p2b: Aerodactyl
|-damage|p2b: Aerodactyl|0 fnt
|faint|p2b: Aerodactyl
|
|win|Andrea Pirlo 2
