|j|☆NicoHax
|j|☆2playakyle
|html|NicoHax2playakyle    
|uhtml|bestof|Game 2 of a best-of-3
|t:|1756168132
|gametype|doubles
|player|p1|NicoHax|ethan|1223
|player|p2|2playakyle|iris-masters|1210
|gen|9
|tier|[Gen 9] VGC 2025 Reg H (Bo3)
|rated|
|rule|Species Clause: Limit one of each Pokémon
|rule|Item Clause: Limit 1 of each item
|clearpoke
|poke|p1|Sneasler, L50, M|
|poke|p1|Volcarona, L50, M|
|poke|p1|Baxcalibur, L50, F|
|poke|p1|Rillaboom, L50, M|
|poke|p1|Kingambit, L50, M|
|poke|p1|Dondozo, L50, F|
|poke|p2|Dragonite, L50, M|
|poke|p2|Gholdengo, L50|
|poke|p2|Volcarona, L50, F|
|poke|p2|Ursaluna-Bloodmoon, L50, M|
|poke|p2|Sinistcha, L50|
|poke|p2|Sneasler, L50, M|
|teampreview|4
|showteam|p1|Sneasler||FocusSash|Unburden|Protect,CloseCombat,DireClaw,Coaching|||M|||50|,,,,,Stellar]Volcarona||CovertCloak|FlameBody|QuiverDance,HeatWave,TeraBlast,Protect|||M|||50|,,,,,Fairy]Baxcalibur||LoadedDice|ThermalExchange|Protect,IceShard,ScaleShot,IcicleSpear|||F|||50|,,,,,Ghost]Rillaboom||AssaultVest|GrassySurge|WoodHammer,GrassyGlide,HighHorsepower,FakeOut|||M|||50|,,,,,Water]Kingambit||SafetyGoggles|Defiant|KowtowCleave,SuckerPunch,SwordsDance,Protect|||M|||50|,,,,,Ghost]Dondozo||Leftovers|Unaware|Protect,Yawn,Liquidation,Fissure|||F|||50|,,,,,Poison
|showteam|p2|Dragonite||LoadedDice|Multiscale|ScaleShot,ExtremeSpeed,Haze,Protect|||M|||50|,,,,,Normal]Gholdengo||LifeOrb|GoodasGold|MakeItRain,ShadowBall,Protect,NastyPlot||||||50|,,,,,Water]Volcarona||SitrusBerry|FlameBody|HeatWave,StruggleBug,Tailwind,WillOWisp|||F|||50|,,,,,Water]Ursaluna-Bloodmoon||AssaultVest|MindsEye|BloodMoon,EarthPower,HyperVoice,VacuumWave|||M|||50|,,,,,Ghost]Sinistcha||RockyHelmet|Hospitality|MatchaGotcha,RagePowder,TrickRoom,LifeDew||||||50|,,,,,Fairy]Sneasler||WhiteHerb|Unburden|CloseCombat,DireClaw,ThroatChop,FakeOut|||M|||50|,,,,,Dark
|
|t:|1756168171
|teamsize|p1|4
|teamsize|p2|4
|start
|switch|p1a: Siddartha|Baxcalibur, L50, F|100/100
|switch|p1b: Velosa|Volcarona, L50, M|100/100
|switch|p2a: Volcarona|Volcarona, L50, F|100/100
|switch|p2b: Gholdengo|Gholdengo, L50, shiny|100/100
|turn|1
|
|t:|1756168187
|-terastallize|p2b: Gholdengo|Water
|-terastallize|p1a: Siddartha|Ghost
|move|p2a: Volcarona|Tailwind|p2a: Volcarona
|-sidestart|p2: 2playakyle|move: Tailwind
|move|p2b: Gholdengo|Nasty Plot|p2b: Gholdengo
|-boost|p2b: Gholdengo|spa|2
|move|p1b: Velosa|Quiver Dance|p1b: Velosa
|-boost|p1b: Velosa|spa|1
|-boost|p1b: Velosa|spd|1
|-boost|p1b: Velosa|spe|1
|move|p1a: Siddartha|Scale Shot|p2a: Volcarona
|-damage|p2a: Volcarona|83/100
|-damage|p2a: Volcarona|66/100
|-damage|p2a: Volcarona|49/100
|-enditem|p2a: Volcarona|Sitrus Berry|[eat]
|-heal|p2a: Volcarona|74/100|[from] item: Sitrus Berry
|-damage|p2a: Volcarona|57/100
|-hitcount|p2a: Volcarona|4
|-unboost|p1a: Siddartha|def|1
|-boost|p1a: Siddartha|spe|1
|
|upkeep
|turn|2
|
|t:|1756168217
|move|p1a: Siddartha|Protect|p1a: Siddartha
|-singleturn|p1a: Siddartha|Protect
|move|p2a: Volcarona|Struggle Bug|p1a: Siddartha|[spread] p1b
|-activate|p1a: Siddartha|move: Protect
|-resisted|p1b: Velosa
|-damage|p1b: Velosa|96/100
|move|p2b: Gholdengo|Shadow Ball|p1a: Siddartha
|-activate|p1a: Siddartha|move: Protect
|move|p1b: Velosa|Quiver Dance|p1b: Velosa
|-boost|p1b: Velosa|spa|1
|-boost|p1b: Velosa|spd|1
|-boost|p1b: Velosa|spe|1
|
|upkeep
|turn|3
|
|t:|1756168237
|switch|p1a: Kaisen|Kingambit, L50, M|100/100
|move|p2a: Volcarona|Struggle Bug|p1b: Velosa|[spread] p1a,p1b
|-resisted|p1b: Velosa
|-damage|p1a: Kaisen|84/100
|-damage|p1b: Velosa|92/100
|-unboost|p1a: Kaisen|spa|1
|-ability|p1a: Kaisen|Defiant|boost
|-boost|p1a: Kaisen|atk|2
|move|p2b: Gholdengo|Shadow Ball|p1a: Kaisen
|-resisted|p1a: Kaisen
|-damage|p1a: Kaisen|29/100
|-damage|p2b: Gholdengo|91/100|[from] item: Life Orb
|move|p1b: Velosa|Heat Wave|p2a: Volcarona|[spread] p2a,p2b
|-resisted|p2b: Gholdengo
|-damage|p2a: Volcarona|0 fnt
|-damage|p2b: Gholdengo|48/100
|faint|p2a: Volcarona
|
|upkeep
|
|t:|1756168244
|switch|p2a: Ursaluna|Ursaluna-Bloodmoon, L50, M|100/100
|turn|4
|
|t:|1756168268
|move|p1a: Kaisen|Protect|p1a: Kaisen
|-singleturn|p1a: Kaisen|Protect
|move|p2b: Gholdengo|Shadow Ball|p1b: Velosa
|-damage|p1b: Velosa|45/100
|-damage|p2b: Gholdengo|39/100|[from] item: Life Orb
|move|p1b: Velosa|Heat Wave|p2a: Ursaluna|[spread] p2b
|-miss|p1b: Velosa|p2a: Ursaluna
|-resisted|p2b: Gholdengo
|-damage|p2b: Gholdengo|0 fnt
|faint|p2b: Gholdengo
|move|p2a: Ursaluna|Blood Moon|p1b: Velosa
|-damage|p1b: Velosa|10/100
|
|-sideend|p2: 2playakyle|move: Tailwind
|upkeep
|
|t:|1756168278
|switch|p2b: Sinistcha|Sinistcha, L50|100/100
|turn|5
|
|t:|1756168299
|move|p2a: Ursaluna|Vacuum Wave|p1a: Kaisen
|-supereffective|p1a: Kaisen
|-damage|p1a: Kaisen|0 fnt
|faint|p1a: Kaisen
|move|p1b: Velosa|Heat Wave|p2a: Ursaluna|[spread] p2a
|-miss|p1b: Velosa|p2b: Sinistcha
|-damage|p2a: Ursaluna|57/100
|move|p2b: Sinistcha|Trick Room|p2b: Sinistcha
|-fieldstart|move: Trick Room|[of] p2b: Sinistcha
|
|upkeep
|
|t:|1756168310
|switch|p1a: Siddartha|Baxcalibur, L50, F, tera:Ghost|100/100
|turn|6
|
|t:|1756168318
|move|p1b: Velosa|Protect|p1b: Velosa
|-singleturn|p1b: Velosa|Protect
|move|p2b: Sinistcha|Matcha Gotcha|p1b: Velosa|[spread] p1a
|-activate|p1b: Velosa|move: Protect
|-damage|p1a: Siddartha|75/100
|move|p2a: Ursaluna|Hyper Voice|p1b: Velosa|[spread] p1a
|-activate|p1b: Velosa|move: Protect
|-damage|p1a: Siddartha|42/100
|move|p1a: Siddartha|Icicle Spear|p2a: Ursaluna
|-supereffective|p2a: Ursaluna
|-damage|p2a: Ursaluna|34/100
|-supereffective|p2a: Ursaluna
|-damage|p2a: Ursaluna|10/100
|-supereffective|p2a: Ursaluna
|-damage|p2a: Ursaluna|0 fnt
|faint|p2a: Ursaluna
|-hitcount|p2: Ursaluna|3
|
|upkeep
|turn|7
|
|t:|1756168335
|move|p1a: Siddartha|Ice Shard|p2b: Sinistcha
|-supereffective|p2b: Sinistcha
|-damage|p2b: Sinistcha|60/100
|move|p2b: Sinistcha|Matcha Gotcha|p1b: Velosa|[spread] p1a,p1b
|-resisted|p1b: Velosa
|-damage|p1a: Siddartha|20/100
|-heal|p2b: Sinistcha|73/100|[from] drain|[of] p1a: Siddartha
|-damage|p1b: Velosa|8/100
|-heal|p2b: Sinistcha|74/100|[from] drain|[of] p1b: Velosa
|move|p1b: Velosa|Heat Wave|p2b: Sinistcha
|-supereffective|p2b: Sinistcha
|-damage|p2b: Sinistcha|0 fnt
|faint|p2b: Sinistcha
|
|win|NicoHax
||NicoHax is ready for game 3.
|inactive|2playakyle has 30 seconds to confirm battle start!
||2playakyle is ready for game 3.
|uhtml|next|Next: Game 3 of 3
|l|☆2playakyle
|player|p2|
