|j|☆tymoune
|j|☆KirtZunder
|html|tymouneKirtZunder    
|uhtml|bestof|Game 1 of a best-of-3
|t:|1786036172
|gametype|doubles
|player|p1|tymoune|dancer|1031
|player|p2|KirtZunder|hilbert-wonderlauncher|1045
|gen|9
|tier|[Gen 9 Champions] VGC 2026 Reg M-B (Bo3)
|rated|
|rule|Species Clause: Limit one of each Pokémon
|rule|Item Clause: Limit 1 of each item
|clearpoke
|poke|p1|Starmie, L50|
|poke|p1|Pelipper, L50, M|
|poke|p1|Kommo-o, L50, F|
|poke|p1|Incineroar, L50, F|
|poke|p1|Gholdengo, L50|
|poke|p1|Tsareena, L50, F|
|poke|p2|Charizard, L50, M|
|poke|p2|Venusaur, L50, F|
|poke|p2|Archaludon, L50, M|
|poke|p2|Basculegion, L50, M, shiny|
|poke|p2|Grimmsnarl, L50, M, shiny|
|poke|p2|Pelipper, L50, M, shiny|
|teampreview|4
|showteam|p1|Starmie||Starminite|NaturalCure|Waterfall,PsychoCut,AquaJet,Protect|Jolly|||||50|]Pelipper||SitrusBerry|Drizzle|WeatherBall,Hurricane,Tailwind,WideGuard|Calm||M|||50|]Kommo-o||LifeOrb|Soundproof|ClangingScales,AuraSphere,VacuumWave,Protect|Modest||F|||50|]Incineroar||ChopleBerry|Intimidate|FakeOut,FlareBlitz,PartingShot,ThroatChop|Careful||F|||50|]Gholdengo||MetalCoat|GoodasGold|MakeItRain,ShadowBall,NastyPlot,Protect|Modest|||||50|]Tsareena||WideLens|QueenlyMajesty|PowerWhip,TripleAxel,HelpingHand,Protect|Adamant||F|||50|
|showteam|p2|Charizard||CharizarditeY|SolarPower|HeatWave,Protect,HelpingHand,SolarBeam|Timid||M|||50|]Venusaur||LifeOrb|Chlorophyll|EnergyBall,SludgeBomb,Protect,SleepPowder|Modest||F|||50|]Archaludon||Leftovers|Stamina|DragonPulse,ElectroShot,FlashCannon,Protect|Modest||M|||50|]Basculegion||ChoiceScarf|Adaptability|AquaJet,LastRespects,WaveCrash,PsychicFangs|Jolly||M|||50|]Grimmsnarl||LightClay|Prankster|LightScreen,Reflect,SpiritBreak,PartingShot|Careful||M|||50|]Pelipper||FocusSash|Drizzle|Hurricane,WeatherBall,Tailwind,Protect|Modest||M|||50|
|c|☆tymoune|gl
|c|☆KirtZunder|gl?
|
|t:|1786036255
|teamsize|p1|4
|teamsize|p2|4
|start
|switch|p1a: Starmie|Starmie, L50|100/100
|switch|p1b: Incineroar|Incineroar, L50, F|100/100
|switch|p2a: Pachacho|Grimmsnarl, L50, M, shiny|100/100
|switch|p2b: Verano|Charizard, L50, M|100/100
|-ability|p1b: Incineroar|Intimidate|boost
|-unboost|p2a: Pachacho|atk|1
|-unboost|p2b: Verano|atk|1
|turn|1
|
|t:|1786036287
|move|p1a: Starmie|Protect|p1a: Starmie
|-singleturn|p1a: Starmie|Protect
|move|p2b: Verano|Protect|p2b: Verano
|-singleturn|p2b: Verano|Protect
|move|p1b: Incineroar|Fake Out|p2a: Pachacho
|-damage|p2a: Pachacho|84/100
|cant|p2a: Pachacho|flinch
|
|upkeep
|turn|2
|
|t:|1786036314
|detailschange|p1a: Starmie|Starmie-Mega, L50
|-mega|p1a: Starmie|Starmie|Starminite
|detailschange|p2b: Verano|Charizard-Mega-Y, L50, M
|-mega|p2b: Verano|Charizard|Charizardite Y
|-weather|SunnyDay|[from] ability: Drought|[of] p2b: Verano
|move|p2a: Pachacho|Light Screen|p2a: Pachacho
|-sidestart|p2: KirtZunder|move: Light Screen
|move|p1a: Starmie|Waterfall|p2b: Verano
|-supereffective|p2b: Verano|1
|-damage|p2b: Verano|0 fnt
|faint|p2b: Verano
|move|p1b: Incineroar|Parting Shot|p2a: Pachacho
|-unboost|p2a: Pachacho|atk|1
|-unboost|p2a: Pachacho|spa|1
|
|t:|1786036328
|switch|p1b: Gholdengo|Gholdengo, L50|100/100|[from] Parting Shot
|
|-weather|SunnyDay|[upkeep]
|upkeep
|c|☆KirtZunder|what the hell with that XD
|
|t:|1786036345
|switch|p2b: Girasol?|Venusaur, L50, F|100/100
|turn|3
|
|t:|1786036378
|switch|p1a: Pelipper|Pelipper, L50, M|100/100
|-weather|RainDance|[from] ability: Drizzle|[of] p1a: Pelipper
|move|p2a: Pachacho|Parting Shot|p1b: Gholdengo
|-immune|p1b: Gholdengo|[from] ability: Good as Gold
|move|p1b: Gholdengo|Make It Rain|p2a: Pachacho|[spread] p2a,p2b
|-supereffective|p2a: Pachacho|1
|-damage|p2a: Pachacho|8/100
|-damage|p2b: Girasol?|56/100
|-unboost|p1b: Gholdengo|spa|2
|move|p2b: Girasol?|Energy Ball|p1a: Pelipper
|-damage|p1a: Pelipper|41/100
|-enditem|p1a: Pelipper|Sitrus Berry|[eat]
|-heal|p1a: Pelipper|66/100|[from] item: Sitrus Berry
|-damage|p2b: Girasol?|46/100|[from] item: Life Orb
|
|-weather|RainDance|[upkeep]
|upkeep
|turn|4
|
|t:|1786036407
|switch|p2a: Empaire Esteit|Archaludon, L50, M|100/100
|move|p1b: Gholdengo|Make It Rain|p2b: Girasol?|[spread] p2a,p2b
|-resisted|p2a: Empaire Esteit|1
|-damage|p2a: Empaire Esteit|89/100
|-damage|p2b: Girasol?|24/100
|-unboost|p1b: Gholdengo|spa|2
|-ability|p2a: Empaire Esteit|Stamina|boost
|-boost|p2a: Empaire Esteit|def|1
|move|p2b: Girasol?|Sleep Powder|p1a: Pelipper
|-status|p1a: Pelipper|slp|[from] move: Sleep Powder
|cant|p1a: Pelipper|slp
|
|-weather|RainDance|[upkeep]
|-heal|p2a: Empaire Esteit|95/100|[from] item: Leftovers
|upkeep
|turn|5
|
|t:|1786036444
|switch|p1b: Incineroar|Incineroar, L50, F|100/100
|-ability|p1b: Incineroar|Intimidate|boost
|-unboost|p2a: Empaire Esteit|atk|1
|-unboost|p2b: Girasol?|atk|1
|switch|p1a: Starmie|Starmie-Mega, L50|100/100
|move|p2b: Girasol?|Sludge Bomb|p1a: Starmie
|-damage|p1a: Starmie|32/100
|-damage|p2b: Girasol?|14/100|[from] item: Life Orb
|move|p2a: Empaire Esteit|Electro Shot||[still]
|-prepare|p2a: Empaire Esteit|Electro Shot
|-boost|p2a: Empaire Esteit|spa|1
|-anim|p2a: Empaire Esteit|Electro Shot|p1a: Starmie
|-supereffective|p1a: Starmie|1
|-damage|p1a: Starmie|0 fnt
|faint|p1a: Starmie
|
|-weather|RainDance|[upkeep]
|-heal|p2a: Empaire Esteit|100/100|[from] item: Leftovers
|upkeep
|
|t:|1786036451
|switch|p1a: Gholdengo|Gholdengo, L50|100/100
|turn|6
|
|t:|1786036473
|move|p1a: Gholdengo|Nasty Plot|p1a: Gholdengo
|-boost|p1a: Gholdengo|spa|2
|move|p2b: Girasol?|Sleep Powder|p1b: Incineroar
|-status|p1b: Incineroar|slp|[from] move: Sleep Powder
|move|p2a: Empaire Esteit|Electro Shot||[still]
|-prepare|p2a: Empaire Esteit|Electro Shot
|-boost|p2a: Empaire Esteit|spa|1
|-anim|p2a: Empaire Esteit|Electro Shot|p1a: Gholdengo
|-damage|p1a: Gholdengo|9/100
|cant|p1b: Incineroar|slp
|
|-weather|RainDance|[upkeep]
|upkeep
|turn|7
|
|t:|1786036493
|move|p1a: Gholdengo|Shadow Ball|p2a: Empaire Esteit
|-damage|p2a: Empaire Esteit|40/100
|-ability|p2a: Empaire Esteit|Stamina|boost
|-boost|p2a: Empaire Esteit|def|1
|move|p2b: Girasol?|Energy Ball|p1a: Gholdengo
|-resisted|p1a: Gholdengo|1
|-damage|p1a: Gholdengo|0 fnt
|faint|p1a: Gholdengo
|-damage|p2b: Girasol?|5/100|[from] item: Life Orb
|move|p2a: Empaire Esteit|Electro Shot||[still]
|-prepare|p2a: Empaire Esteit|Electro Shot
|-boost|p2a: Empaire Esteit|spa|1
|-anim|p2a: Empaire Esteit|Electro Shot|p1b: Incineroar
|-damage|p1b: Incineroar|21/100 slp
|cant|p1b: Incineroar|slp
|
|-weather|none
|-heal|p2a: Empaire Esteit|46/100|[from] item: Leftovers
|upkeep
|
|t:|1786036501
|switch|p1a: Pelipper|Pelipper, L50, M|66/100 slp
|-weather|RainDance|[from] ability: Drizzle|[of] p1a: Pelipper
|turn|8
|-message|tymoune forfeited.
|
|win|KirtZunder
|l|☆tymoune
|player|p1|
|raw|tymoune's rating: 1031 → 1017(-14 for losing)
|raw|KirtZunder's rating: 1045 → 1077(+32 for winning)
