|j|☆robby w
|j|☆hondo civic
|html|robby whondo civic    
|uhtml|bestof|Game 2 of a best-of-3
|t:|1756610406
|gametype|doubles
|player|p1|robby w|pokekid|1402
|player|p2|hondo civic|2|1354
|gen|9
|tier|[Gen 9] VGC 2025 Reg H (Bo3)
|rated|
|rule|Species Clause: Limit one of each Pokémon
|rule|Item Clause: Limit 1 of each item
|clearpoke
|poke|p1|Dondozo, L50, M|
|poke|p1|Tatsugiri, L50, M|
|poke|p1|Sneasler, L50, F|
|poke|p1|Indeedee, L50, M|
|poke|p1|Whimsicott, L50, M|
|poke|p1|Typhlosion-Hisui, L50, M|
|poke|p2|Ninetales-Alola, L50, M|
|poke|p2|Rillaboom, L50, F|
|poke|p2|Magmar, L50, F|
|poke|p2|Sneasler, L50, M|
|poke|p2|Kingambit, L50, F|
|poke|p2|Basculegion, L50, M|
|teampreview|4
|showteam|p1|Dondozo||Leftovers|Unaware|Protect,WaveCrash,Earthquake,OrderUp|||M|||50|,,,,,Grass]Tatsugiri||ChoiceScarf|Commander|DragonPulse,IcyWind,DracoMeteor,MuddyWater|||M|||50|,,,,,Stellar]Sneasler||PsychicSeed|Unburden|DireClaw,CloseCombat,Protect,ThroatChop|||F|||50|,,,,,Dark]Indeedee||FocusSash|PsychicSurge|DazzlingGleam,HelpingHand,ExpandingForce,Protect|||M|||50|,,,,,Fairy]Whimsicott||CovertCloak|Prankster|Tailwind,Moonblast,Encore,SunnyDay|||M|||50|,,,,,Dark]Typhlosion-Hisui||ChoiceSpecs|Blaze|Eruption,ShadowBall,HeatWave,Overheat|||M|||50|,,,,,Fire
|showteam|p2|Ninetales-Alola||LifeOrb|SnowWarning|Blizzard,FreezeDry,Encore,Protect|||M|||50|,,,,,Ghost]Rillaboom||AssaultVest|GrassySurge|WoodHammer,FakeOut,Uturn,GrassyGlide|||F|||50|,,,,,Ghost]Magmar||Eviolite|VitalSpirit|Protect,HeatWave,Taunt,FollowMe|||F|||50|,,,,,Ghost]Sneasler||FocusSash|PoisonTouch|FakeOut,DireClaw,CloseCombat,Protect|||M|||50|,,,,,Ghost]Kingambit||BlackGlasses|Defiant|KowtowCleave,SwordsDance,SuckerPunch,Protect|||F|||50|,,,,,Fire]Basculegion||ChoiceScarf|Adaptability|WaveCrash,FlipTurn,TeraBlast,LastRespects|||M|||50|,,,,,Fairy
|inactive|Battle timer is ON: inactive players will automatically lose when time's up. (requested by hondo civic)
|
|t:|1756610425
|teamsize|p1|4
|teamsize|p2|4
|start
|switch|p1a: Sneasler|Sneasler, L50, F|100/100
|switch|p1b: Indeedee|Indeedee, L50, M|100/100
|switch|p2a: Kingambit|Kingambit, L50, F, shiny|100/100
|switch|p2b: Sneasler|Sneasler, L50, M|100/100
|-fieldstart|move: Psychic Terrain|[from] ability: Psychic Surge|[of] p1b: Indeedee
|-enditem|p1a: Sneasler|Psychic Seed
|-boost|p1a: Sneasler|spd|1|[from] item: Psychic Seed
|turn|1
|
|t:|1756610447
|switch|p2a: Rillaboom|Rillaboom, L50, F|100/100
|-fieldstart|move: Grassy Terrain|[from] ability: Grassy Surge|[of] p2a: Rillaboom
|move|p2b: Sneasler|Fake Out|p1b: Indeedee
|-damage|p1b: Indeedee|72/100
|move|p1a: Sneasler|Close Combat|p2a: Rillaboom
|-damage|p2a: Rillaboom|31/100
|-unboost|p1a: Sneasler|def|1
|-unboost|p1a: Sneasler|spd|1
|cant|p1b: Indeedee|flinch
|
|-heal|p1b: Indeedee|78/100|[from] Grassy Terrain
|-heal|p2a: Rillaboom|37/100|[from] Grassy Terrain
|upkeep
|turn|2
|
|t:|1756610472
|switch|p1b: Tatsugiri|Tatsugiri, L50, M|100/100
|move|p1a: Sneasler|Protect|p1a: Sneasler
|-singleturn|p1a: Sneasler|Protect
|move|p2a: Rillaboom|Fake Out|p1a: Sneasler
|-activate|p1a: Sneasler|move: Protect
|move|p2b: Sneasler|Close Combat|p1b: Tatsugiri
|-damage|p1b: Tatsugiri|0 fnt
|-unboost|p2b: Sneasler|def|1
|-unboost|p2b: Sneasler|spd|1
|faint|p1b: Tatsugiri
|
|-heal|p2a: Rillaboom|43/100|[from] Grassy Terrain
|upkeep
|
|t:|1756610487
|switch|p1b: Indeedee|Indeedee, L50, M|78/100
|-fieldstart|move: Psychic Terrain|[from] ability: Psychic Surge|[of] p1b: Indeedee
|turn|3
|inactive|hondo civic has 30 seconds left.
|
|t:|1756610518
|move|p1a: Sneasler|Dire Claw|p2a: Rillaboom
|-supereffective|p2a: Rillaboom
|-damage|p2a: Rillaboom|0 fnt
|faint|p2a: Rillaboom
|move|p2b: Sneasler|Close Combat|p1b: Indeedee
|-damage|p1b: Indeedee|0 fnt
|-unboost|p2b: Sneasler|def|1
|-unboost|p2b: Sneasler|spd|1
|faint|p1b: Indeedee
|
|upkeep
|
|t:|1756610529
|switch|p1b: Dondozo|Dondozo, L50, M, shiny|100/100
|switch|p2a: Ninetales|Ninetales-Alola, L50, M|100/100
|-weather|Snowscape|[from] ability: Snow Warning|[of] p2a: Ninetales
|turn|4
|
|t:|1756610548
|move|p1a: Sneasler|Protect|p1a: Sneasler
|-singleturn|p1a: Sneasler|Protect
|move|p2b: Sneasler|Close Combat|p1a: Sneasler
|-activate|p1a: Sneasler|move: Protect
|move|p2a: Ninetales|Freeze-Dry|p1b: Dondozo
|-supereffective|p1b: Dondozo
|-damage|p1b: Dondozo|24/100
|-damage|p2a: Ninetales|91/100|[from] item: Life Orb
|move|p1b: Dondozo|Earthquake|p2b: Sneasler|[spread] p2a,p2b
|-activate|p1a: Sneasler|move: Protect
|-supereffective|p2b: Sneasler
|-damage|p2a: Ninetales|67/100
|-damage|p2b: Sneasler|15/100
|
|-weather|Snowscape|[upkeep]
|-heal|p1b: Dondozo|31/100|[from] item: Leftovers
|upkeep
|turn|5
|inactive|robby w has 30 seconds left.
|inactive|hondo civic has 30 seconds left.
|
|t:|1756610592
|switch|p2b: Kingambit|Kingambit, L50, F, shiny|100/100
|move|p1b: Dondozo|Protect|p1b: Dondozo
|-singleturn|p1b: Dondozo|Protect
|move|p1a: Sneasler|Dire Claw|p2b: Kingambit
|-immune|p2b: Kingambit
|move|p2a: Ninetales|Blizzard|p1b: Dondozo|[spread] p1a
|-activate|p1b: Dondozo|move: Protect
|-damage|p1a: Sneasler|48/100
|-damage|p2a: Ninetales|58/100|[from] item: Life Orb
|
|-weather|Snowscape|[upkeep]
|-heal|p1b: Dondozo|37/100|[from] item: Leftovers
|upkeep
|turn|6
|inactive|robby w has 30 seconds left.
|inactive|hondo civic has 30 seconds left.
|inactive|robby w has 20 seconds left.
|inactive|hondo civic has 20 seconds left.
|inactive|hondo civic has 15 seconds left.
|inactive|hondo civic has 10 seconds left.
|
|t:|1756610637
|-terastallize|p2b: Kingambit|Fire
|move|p1a: Sneasler|Protect|p1a: Sneasler
|-singleturn|p1a: Sneasler|Protect
|move|p2a: Ninetales|Blizzard|p1a: Sneasler|[spread] p1b
|-activate|p1a: Sneasler|move: Protect
|-resisted|p1b: Dondozo
|-crit|p1b: Dondozo
|-damage|p1b: Dondozo|2/100
|-damage|p2a: Ninetales|48/100|[from] item: Life Orb
|move|p2b: Kingambit|Kowtow Cleave|p1a: Sneasler
|-activate|p1a: Sneasler|move: Protect
|move|p1b: Dondozo|Earthquake|p2b: Kingambit|[spread] p2a,p2b
|-activate|p1a: Sneasler|move: Protect
|-supereffective|p2b: Kingambit
|-damage|p2a: Ninetales|23/100
|-damage|p2b: Kingambit|62/100
|
|-weather|Snowscape|[upkeep]
|-heal|p1b: Dondozo|8/100|[from] item: Leftovers
|upkeep
|turn|7
|inactive|robby w has 30 seconds left.
|
|t:|1756610666
|move|p2b: Kingambit|Protect|p2b: Kingambit
|-singleturn|p2b: Kingambit|Protect
|move|p1a: Sneasler|Close Combat|p2b: Kingambit
|-activate|p2b: Kingambit|move: Protect
|move|p2a: Ninetales|Blizzard|p1a: Sneasler|[spread] p1a,p1b
|-resisted|p1b: Dondozo
|-damage|p1a: Sneasler|0 fnt
|-damage|p1b: Dondozo|0 fnt
|faint|p1a: Sneasler
|faint|p1b: Dondozo
|-damage|p2a: Ninetales|13/100|[from] item: Life Orb
|
|win|hondo civic
|raw|robby w's rating: 1402 → 1379(-23 for losing)
|raw|hondo civic's rating: 1354 → 1377(+23 for winning)
|l|☆hondo civic
|player|p2|
