|j|☆UnApostrofoRosaVGC
|j|☆Brutalandathebozz
|html|UnApostrofoRosaVGCBrutalandathebozz    
|uhtml|bestof|Game 2 of a best-of-3
|t:|1756196374
|gametype|doubles
|player|p1|UnApostrofoRosaVGC|101|1254
|player|p2|Brutalandathebozz|1|1264
|gen|9
|tier|[Gen 9] VGC 2025 Reg H (Bo3)
|rated|
|rule|Species Clause: Limit one of each Pokémon
|rule|Item Clause: Limit 1 of each item
|clearpoke
|poke|p1|Indeedee-F, L50, F|
|poke|p1|Armarouge, L50, F|
|poke|p1|Kingambit, L50, F|
|poke|p1|Torkoal, L50, M|
|poke|p1|Gallade, L50, M|
|poke|p1|Maushold-Four, L50|
|poke|p2|Salamence, L50, M|
|poke|p2|Sneasler, L50, F|
|poke|p2|Kingambit, L50, M|
|poke|p2|Primarina, L50, M|
|poke|p2|Electabuzz, L50, F|
|poke|p2|Rillaboom, L50, M|
|teampreview|4
|showteam|p1|Indeedee-F||PsychicSeed|PsychicSurge|Psychic,HelpingHand,FollowMe,TrickRoom|||F|||50|,,,,,Grass]Armarouge||LifeOrb|FlashFire|ExpandingForce,ArmorCannon,TrickRoom,Protect|||F|||50|,,,,,Grass]Kingambit||SafetyGoggles|Defiant|KowtowCleave,SuckerPunch,LowKick,SwordsDance|||F|||50|,,,,,Dark]Torkoal||Charcoal|Drought|Eruption,WeatherBall,HeatWave,Protect|||M|||50|,,,,,Fire]Gallade||ClearAmulet|Sharpness|SacredSword,PsychoCut,WideGuard,TrickRoom|||M|||50|,,,,,Grass]Maushold-Four||WideLens|Technician|PopulationBomb,Taunt,FollowMe,Protect||||||50|,,,,,Ghost
|showteam|p2|Salamence||LifeOrb|Intimidate|DualWingbeat,DracoMeteor,Protect,Tailwind|||M|||50|,,,,,Stellar]Sneasler||FocusSash|PoisonTouch|FakeOut,CloseCombat,DireClaw,Protect|||F|||50|,,,,,Ghost]Kingambit||BlackGlasses|Defiant|KowtowCleave,SuckerPunch,Protect,SwordsDance|||M|||50|,,,,,Dark]Primarina||SitrusBerry|LiquidVoice|HyperVoice,Moonblast,Protect,Haze|||M|||50|,,,,,Poison]Electabuzz||Eviolite|VitalSpirit|Protect,Taunt,FollowMe,Electroweb|||F|||50|,,,,,Ghost]Rillaboom||AssaultVest|GrassySurge|WoodHammer,GrassyGlide,FakeOut,HighHorsepower|||M|||50|,,,,,Fire
|
|t:|1756196396
|teamsize|p1|4
|teamsize|p2|4
|start
|switch|p1a: Maushold|Maushold-Four, L50|100/100
|switch|p1b: Armarouge|Armarouge, L50, F|100/100
|switch|p2a: Primarina|Primarina, L50, M|100/100
|switch|p2b: Salamence|Salamence, L50, M|100/100
|-ability|p2b: Salamence|Intimidate|boost
|-unboost|p1a: Maushold|atk|1
|-unboost|p1b: Armarouge|atk|1
|turn|1
|j| Arkhept
|
|t:|1756196420
|-terastallize|p1b: Armarouge|Grass
|move|p1a: Maushold|Follow Me|p1a: Maushold
|-singleturn|p1a: Maushold|move: Follow Me
|move|p2b: Salamence|Dual Wingbeat|p1a: Maushold
|-damage|p1a: Maushold|64/100
|-damage|p1a: Maushold|29/100
|-hitcount|p1a: Maushold|2
|-damage|p2b: Salamence|91/100|[from] item: Life Orb
|move|p2a: Primarina|Hyper Voice|p1b: Armarouge|[spread] p1a,p1b
|-resisted|p1b: Armarouge
|-damage|p1a: Maushold|0 fnt
|-damage|p1b: Armarouge|84/100
|faint|p1a: Maushold
|move|p1b: Armarouge|Trick Room|p1b: Armarouge
|-fieldstart|move: Trick Room|[of] p1b: Armarouge
|
|upkeep
|
|t:|1756196430
|switch|p1a: Torkoal|Torkoal, L50, M|100/100
|-weather|SunnyDay|[from] ability: Drought|[of] p1a: Torkoal
|turn|2
|l| Arkhept
|j| Arkhept
|l| Arkhept
|
|t:|1756196456
|move|p1a: Torkoal|Eruption|p2b: Salamence|[spread] p2a,p2b
|-resisted|p2a: Primarina
|-resisted|p2b: Salamence
|-damage|p2a: Primarina|63/100
|-damage|p2b: Salamence|42/100
|move|p1b: Armarouge|Expanding Force|p2b: Salamence
|-damage|p2b: Salamence|0 fnt
|faint|p2b: Salamence
|-damage|p1b: Armarouge|75/100|[from] item: Life Orb
|move|p2a: Primarina|Hyper Voice|p1b: Armarouge|[spread] p1a,p1b
|-supereffective|p1a: Torkoal
|-resisted|p1b: Armarouge
|-damage|p1a: Torkoal|53/100
|-damage|p1b: Armarouge|67/100
|
|-weather|SunnyDay|[upkeep]
|upkeep
|
|t:|1756196468
|switch|p2b: Kingambit|Kingambit, L50, M|100/100
|turn|3
|
|t:|1756196487
|switch|p1a: Indeedee|Indeedee-F, L50, F|100/100
|-fieldstart|move: Psychic Terrain|[from] ability: Psychic Surge|[of] p1a: Indeedee
|-enditem|p1a: Indeedee|Psychic Seed
|-boost|p1a: Indeedee|spd|1|[from] item: Psychic Seed
|switch|p2a: Rillaboom|Rillaboom, L50, M|100/100
|-fieldstart|move: Grassy Terrain|[from] ability: Grassy Surge|[of] p2a: Rillaboom
|-terastallize|p2b: Kingambit|Dark
|move|p1b: Armarouge|Armor Cannon|p2b: Kingambit
|-damage|p2b: Kingambit|0 fnt
|-unboost|p1b: Armarouge|def|1
|-unboost|p1b: Armarouge|spd|1
|faint|p2b: Kingambit
|-damage|p1b: Armarouge|57/100|[from] item: Life Orb
|
|-weather|SunnyDay|[upkeep]
|-heal|p1b: Armarouge|63/100|[from] Grassy Terrain
|upkeep
|
|t:|1756196493
|switch|p2b: Primarina|Primarina, L50, M|63/100
|turn|4
|
|t:|1756196519
|switch|p1a: Torkoal|Torkoal, L50, M|53/100
|move|p1b: Armarouge|Protect|p1b: Armarouge
|-singleturn|p1b: Armarouge|Protect
|move|p2a: Rillaboom|Fake Out|p1b: Armarouge
|-activate|p1b: Armarouge|move: Protect
|move|p2b: Primarina|Hyper Voice|p1a: Torkoal|[spread] p1a
|-activate|p1b: Armarouge|move: Protect
|-supereffective|p1a: Torkoal
|-damage|p1a: Torkoal|11/100
|
|-weather|SunnyDay|[upkeep]
|-heal|p1a: Torkoal|17/100|[from] Grassy Terrain
|-heal|p1b: Armarouge|69/100|[from] Grassy Terrain
|-heal|p2b: Primarina|69/100|[from] Grassy Terrain
|upkeep
|turn|5
|
|t:|1756196533
|switch|p1a: Indeedee|Indeedee-F, L50, F|100/100
|-fieldstart|move: Psychic Terrain|[from] ability: Psychic Surge|[of] p1a: Indeedee
|move|p1b: Armarouge|Expanding Force|p2a: Rillaboom|[spread] p2a,p2b
|-crit|p2a: Rillaboom
|-damage|p2a: Rillaboom|5/100
|-damage|p2b: Primarina|2/100
|-enditem|p2b: Primarina|Sitrus Berry|[eat]
|-heal|p2b: Primarina|26/100|[from] item: Sitrus Berry
|-damage|p1b: Armarouge|59/100|[from] item: Life Orb
|move|p2b: Primarina|Hyper Voice|p1b: Armarouge|[spread] p1a,p1b
|-resisted|p1b: Armarouge
|-damage|p1a: Indeedee|85/100
|-damage|p1b: Armarouge|45/100
|move|p2a: Rillaboom|Grassy Glide|p1a: Indeedee
|-damage|p1a: Indeedee|63/100
|
|-weather|SunnyDay|[upkeep]
|-fieldend|move: Trick Room
|upkeep
|turn|6
|
|t:|1756196570
|move|p1a: Indeedee|Follow Me|p1a: Indeedee
|-singleturn|p1a: Indeedee|move: Follow Me
|move|p2a: Rillaboom|Wood Hammer|p1a: Indeedee
|-damage|p1a: Indeedee|11/100
|-damage|p2a: Rillaboom|0 fnt|[from] Recoil
|faint|p2a: Rillaboom
|move|p2b: Primarina|Moonblast|p1a: Indeedee
|-damage|p1a: Indeedee|0 fnt
|faint|p1a: Indeedee
|move|p1b: Armarouge|Expanding Force|p2b: Primarina
|-damage|p2b: Primarina|0 fnt
|faint|p2b: Primarina
|-damage|p1b: Armarouge|35/100|[from] item: Life Orb
|
|win|UnApostrofoRosaVGC
|raw|UnApostrofoRosaVGC's rating: 1254 → 1280(+26 for winning)
|raw|Brutalandathebozz's rating: 1264 → 1238(-26 for losing)
