|j|☆olciax34
|j|☆TheHorrorHare
|html|olciax34TheHorrorHare    
|uhtml|bestof|Game 3 of a best-of-3
|t:|1785867461
|gametype|doubles
|player|p1|olciax34|266|1337
|player|p2|TheHorrorHare|#wcor2025canada|1507
|gen|9
|tier|[Gen 9 Champions] VGC 2026 Reg M-B (Bo3)
|rated|
|rule|Species Clause: Limit one of each Pokémon
|rule|Item Clause: Limit 1 of each item
|clearpoke
|poke|p1|Incineroar, L50, M|
|poke|p1|Floette-Eternal, L50, F|
|poke|p1|Sinistcha, L50|
|poke|p1|Basculegion, L50, M|
|poke|p1|Glimmora, L50, F|
|poke|p1|Staraptor, L50, M|
|poke|p2|Raichu, L50, F|
|poke|p2|Arcanine-Hisui, L50, M|
|poke|p2|Staraptor, L50, M|
|poke|p2|Sylveon, L50, M|
|poke|p2|Kingambit, L50, M|
|poke|p2|Farigiraf, L50, M|
|teampreview|4
|showteam|p1|Incineroar||SitrusBerry|Intimidate|FakeOut,ThroatChop,FlareBlitz,PartingShot|Careful||M|||50|]Floette-Eternal||Floettite|FlowerVeil|DazzlingGleam,DrainingKiss,CalmMind,Protect|Modest||F|||50|]Sinistcha||ColburBerry|Hospitality|MatchaGotcha,LifeDew,RagePowder,Protect|Calm|||||50|]Basculegion||ChoiceScarf|Adaptability|WaveCrash,FlipTurn,AquaJet,LastRespects|Jolly||M|||50|]Glimmora||FocusSash|ToxicDebris|SludgeBomb,PowerGem,EarthPower,SpikyShield|Modest||F|||50|]Staraptor||Staraptite|Intimidate|DualWingbeat,CloseCombat,Tailwind,Protect|Jolly||M|||50|
|showteam|p2|Raichu||RaichuniteY|LightningRod|ZapCannon,FocusBlast,FakeOut,Protect|Timid||F|||50|]Arcanine-Hisui||FocusSash|RockHead|HeadSmash,FlareBlitz,ExtremeSpeed,Protect|Jolly||M|||50|]Staraptor||Staraptite|Intimidate|CloseCombat,DualWingbeat,Tailwind,Protect|Jolly||M|||50|]Sylveon||FairyFeather|Pixilate|HyperVoice,HyperBeam,QuickAttack,Detect|Modest||M|||50|]Kingambit||LifeOrb|Defiant|KowtowCleave,SuckerPunch,SwordsDance,Protect|Adamant||M|||50|]Farigiraf||SitrusBerry|ArmorTail|Psychic,TrickRoom,HelpingHand,Protect|Calm||M|||50|
|inactive|Battle timer is ON: inactive players will automatically lose when time's up. (requested by TheHorrorHare)
|
|t:|1785867484
|teamsize|p1|4
|teamsize|p2|4
|start
|switch|p1a: Glimmora|Glimmora, L50, F|100/100
|switch|p1b: Floette|Floette-Eternal, L50, F|100/100
|switch|p2a: Raichu|Raichu, L50, F|100/100
|switch|p2b: Farigiraf|Farigiraf, L50, M|100/100
|turn|1
|
|t:|1785867507
|switch|p1a: Incineroar|Incineroar, L50, M|100/100
|-ability|p1a: Incineroar|Intimidate|boost
|-unboost|p2a: Raichu|atk|1
|-unboost|p2b: Farigiraf|atk|1
|detailschange|p2a: Raichu|Raichu-Mega-Y, L50, F
|-mega|p2a: Raichu|Raichu|Raichunite Y
|detailschange|p1b: Floette|Floette-Mega, L50, F
|-mega|p1b: Floette|Floette|Floettite
|-ability|p1b: Floette|Fairy Aura
|move|p2a: Raichu|Zap Cannon|p1a: Incineroar
|-damage|p1a: Incineroar|50/100g
|-status|p1a: Incineroar|par
|move|p1b: Floette|Calm Mind|p1b: Floette
|-boost|p1b: Floette|spa|1
|-boost|p1b: Floette|spd|1
|move|p2b: Farigiraf|Psychic|p1a: Incineroar
|-immune|p1a: Incineroar
|
|upkeep
|turn|2
|inactive|olciax34 has 30 seconds left.
|
|t:|1785867537
|switch|p2b: Arcanine|Arcanine-Hisui, L50, M|100/100
|move|p2a: Raichu|Zap Cannon|p1b: Floette
|-damage|p1b: Floette|65/100
|-status|p1b: Floette|par
|move|p1b: Floette|Dazzling Gleam|p2b: Arcanine|[spread] p2a,p2b
|-resisted|p2b: Arcanine|1
|-damage|p2a: Raichu|9/100
|-damage|p2b: Arcanine|55/100
|move|p1a: Incineroar|Parting Shot|p2a: Raichu
|-unboost|p2a: Raichu|atk|1
|-unboost|p2a: Raichu|spa|1
|
|t:|1785867548
|switch|p1a: Sinistcha|Sinistcha, L50|100/100|[from] Parting Shot
|-heal|p1b: Floette|90/100 par|[from] ability: Hospitality|[of] p1a: Sinistcha
|
|upkeep
|turn|3
|inactive|TheHorrorHare has 30 seconds left.
|
|t:|1785867577
|switch|p1a: Incineroar|Incineroar, L50, M|50/100g par
|-ability|p1a: Incineroar|Intimidate|boost
|-unboost|p2a: Raichu|atk|1
|-unboost|p2b: Arcanine|atk|1
|move|p2a: Raichu|Zap Cannon|p1b: Floette
|-damage|p1b: Floette|71/100 par
|move|p2b: Arcanine|Flare Blitz|p1b: Floette
|-damage|p1b: Floette|35/100 par
|move|p1b: Floette|Draining Kiss|p2b: Arcanine
|-resisted|p2b: Arcanine|1
|-damage|p2b: Arcanine|20/100y
|-heal|p1b: Floette|62/100 par|[from] drain|[of] p2b: Arcanine
|
|upkeep
|turn|4
|
|t:|1785867602
|switch|p2b: Farigiraf|Farigiraf, L50, M|100/100
|switch|p1a: Sinistcha|Sinistcha, L50|100/100
|-heal|p1b: Floette|86/100 par|[from] ability: Hospitality|[of] p1a: Sinistcha
|move|p2a: Raichu|Focus Blast|p1a: Sinistcha
|-immune|p1a: Sinistcha
|cant|p1b: Floette|par
|
|upkeep
|turn|5
|
|t:|1785867612
|move|p2b: Farigiraf|Protect|p2b: Farigiraf
|-singleturn|p2b: Farigiraf|Protect
|move|p1a: Sinistcha|Rage Powder|p1a: Sinistcha
|-singleturn|p1a: Sinistcha|move: Rage Powder
|move|p2a: Raichu|Zap Cannon|p1a: Sinistcha
|-resisted|p1a: Sinistcha|1
|-damage|p1a: Sinistcha|81/100
|-status|p1a: Sinistcha|par
|move|p1b: Floette|Dazzling Gleam|p2a: Raichu|[spread] p2a
|-activate|p2b: Farigiraf|move: Protect
|-damage|p2a: Raichu|0 fnt
|faint|p2a: Raichu
|
|upkeep
|
|t:|1785867617
|switch|p2a: Arcanine|Arcanine-Hisui, L50, M|20/100y
|turn|6
|
|t:|1785867626
|move|p2b: Farigiraf|Helping Hand|p2a: Arcanine
|-singleturn|p2a: Arcanine|Helping Hand|[of] p2b: Farigiraf
|move|p1a: Sinistcha|Rage Powder|p1a: Sinistcha
|-singleturn|p1a: Sinistcha|move: Rage Powder
|move|p2a: Arcanine|Head Smash|p1a: Sinistcha
|-damage|p1a: Sinistcha|0 fnt
|faint|p1a: Sinistcha
|move|p1b: Floette|Dazzling Gleam|p2a: Arcanine|[spread] p2a,p2b
|-resisted|p2a: Arcanine|1
|-damage|p2a: Arcanine|0 fnt
|-damage|p2b: Farigiraf|49/100
|-enditem|p2b: Farigiraf|Sitrus Berry|[eat]
|-heal|p2b: Farigiraf|74/100|[from] item: Sitrus Berry
|faint|p2a: Arcanine
|
|upkeep
|
|t:|1785867642
|switch|p2a: Sylveon|Sylveon, L50, M|100/100
|switch|p1a: Glimmora|Glimmora, L50, F|100/100
|turn|7
|
|t:|1785867657
|move|p2a: Sylveon|Detect|p2a: Sylveon
|-singleturn|p2a: Sylveon|Protect
|move|p1a: Glimmora|Sludge Bomb|p2b: Farigiraf
|-damage|p2b: Farigiraf|37/100
|move|p2b: Farigiraf|Psychic|p1a: Glimmora
|-supereffective|p1a: Glimmora|1
|-crit|p1a: Glimmora
|-enditem|p1a: Glimmora|Focus Sash
|-damage|p1a: Glimmora|1/100
|-unboost|p1a: Glimmora|spd|1
|move|p1b: Floette|Dazzling Gleam|p2a: Sylveon|[spread] p2b
|-activate|p2a: Sylveon|move: Protect
|-damage|p2b: Farigiraf|0 fnt
|faint|p2b: Farigiraf
|
|upkeep
|turn|8
|
|t:|1785867673
|move|p2a: Sylveon|Detect||[still]
|-fail|p2a: Sylveon
|move|p1a: Glimmora|Sludge Bomb|p2a: Sylveon
|-supereffective|p2a: Sylveon|1
|-damage|p2a: Sylveon|25/100
|-status|p2a: Sylveon|psn
|move|p1b: Floette|Draining Kiss|p2a: Sylveon
|-damage|p2a: Sylveon|0 fnt
|-heal|p1b: Floette|100/100 par|[from] drain|[of] p2a: Sylveon
|faint|p2a: Sylveon
|
|win|olciax34
|raw|olciax34's rating: 1337 → 1366(+29 for winning)
|raw|TheHorrorHare's rating: 1507 → 1478(-29 for losing)
|c|☆TheHorrorHare|Gg
|c|☆olciax34|gg wp
|l|☆TheHorrorHare
|player|p2|
