|j|☆delphigni
|j|☆DragoniteMega149
|html|delphigniDragoniteMega149    
|uhtml|bestof|Game 2 of a best-of-3
|t:|1756328068
|gametype|doubles
|player|p1|delphigni|dawn|1233
|player|p2|DragoniteMega149|102|1328
|gen|9
|tier|[Gen 9] VGC 2025 Reg H (Bo3)
|rated|
|rule|Species Clause: Limit one of each Pokémon
|rule|Item Clause: Limit 1 of each item
|clearpoke
|poke|p1|Kommo-o, L50, M|
|poke|p1|Primarina, L50, M|
|poke|p1|Rillaboom, L50, M|
|poke|p1|Electabuzz, L50, M|
|poke|p1|Tyranitar, L50, F|
|poke|p1|Excadrill, L50, F|
|poke|p2|Sneasler, L50, F|
|poke|p2|Indeedee, L50, M|
|poke|p2|Talonflame, L50, F|
|poke|p2|Incineroar, L50, M|
|poke|p2|Electabuzz, L50, F|
|poke|p2|Ursaluna-Bloodmoon, L50, M|
|teampreview|4
|showteam|p1|Kommo-o||ThroatSpray|Overcoat|ClangingScales,Flamethrower,ClangorousSoul,Protect|||M|||50|,,,,,Fire]Primarina||LifeOrb|LiquidVoice|HyperVoice,Moonblast,Haze,Protect|||M|||50|,,,,,Poison]Rillaboom||MeadowPlate|GrassySurge|WoodHammer,GrassyGlide,FakeOut,Protect|||M|||50|,,,,,Water]Electabuzz||Eviolite|VitalSpirit|FollowMe,Electroweb,Taunt,Protect|||M|||50|,,,,,Fairy]Tyranitar||AssaultVest|SandStream|TeraBlast,RockSlide,KnockOff,LowKick|||F|||50|,,,,,Flying]Excadrill||ClearAmulet|SandRush|RockSlide,IronHead,HighHorsepower,Protect|||F|||50|,,,,,Stellar
|showteam|p2|Sneasler||PsychicSeed|Unburden|DireClaw,CloseCombat,Protect,ThroatChop|||F|||50|,,,,,Dark]Indeedee||FocusSash|PsychicSurge|Imprison,Protect,ExpandingForce,TrickRoom|||M|||50|,,,,,Psychic]Talonflame||CovertCloak|GaleWings|FlareBlitz,Tailwind,DualWingbeat,WillOWisp|||F|||50|,,,,,Fairy]Incineroar||SafetyGoggles|Intimidate|FakeOut,FlareBlitz,KnockOff,PartingShot|||M|||50|,,,,,Ghost]Electabuzz||Eviolite|VitalSpirit|FollowMe,Electroweb,Taunt,Protect|||F|||50|,,,,,Fairy]Ursaluna-Bloodmoon||LifeOrb|MindsEye|BloodMoon,HyperVoice,EarthPower,Protect|||M|||50|,,,,,Normal
|inactive|Battle timer is ON: inactive players will automatically lose when time's up. (requested by delphigni)
|inactive|DragoniteMega149 has 60 seconds left.
|
|t:|1756328117
|teamsize|p1|4
|teamsize|p2|4
|start
|switch|p1a: Primlance|Primarina, L50, M, shiny|100/100
|switch|p1b: Bumblebirb|Electabuzz, L50, M, shiny|100/100
|switch|p2a: Incineroar|Incineroar, L50, M|100/100
|switch|p2b: Ursaluna|Ursaluna-Bloodmoon, L50, M|100/100
|-ability|p2a: Incineroar|Intimidate|boost
|-unboost|p1a: Primlance|atk|1
|-unboost|p1b: Bumblebirb|atk|1
|turn|1
|
|t:|1756328129
|switch|p2a: Electabuzz|Electabuzz, L50, F|100/100
|move|p1b: Bumblebirb|Protect|p1b: Bumblebirb
|-singleturn|p1b: Bumblebirb|Protect
|move|p1a: Primlance|Protect|p1a: Primlance
|-singleturn|p1a: Primlance|Protect
|move|p2b: Ursaluna|Earth Power|p1b: Bumblebirb
|-activate|p1b: Bumblebirb|move: Protect
|
|upkeep
|turn|2
|
|t:|1756328146
|-terastallize|p2b: Ursaluna|Normal
|move|p2a: Electabuzz|Electroweb|p1b: Bumblebirb|[spread] p1a,p1b
|-supereffective|p1a: Primlance
|-resisted|p1b: Bumblebirb
|-damage|p1a: Primlance|76/100
|-damage|p1b: Bumblebirb|95/100
|-unboost|p1a: Primlance|spe|1
|-unboost|p1b: Bumblebirb|spe|1
|move|p2b: Ursaluna|Hyper Voice|p1b: Bumblebirb|[spread] p1a,p1b
|-damage|p1a: Primlance|8/100
|-damage|p1b: Bumblebirb|40/100
|-damage|p2b: Ursaluna|91/100|[from] item: Life Orb
|move|p1b: Bumblebirb|Taunt|p2a: Electabuzz
|-start|p2a: Electabuzz|move: Taunt
|move|p1a: Primlance|Hyper Voice|p2b: Ursaluna|[spread] p2a,p2b
|-damage|p2a: Electabuzz|59/100
|-damage|p2b: Ursaluna|33/100
|-damage|p1a: Primlance|0 fnt|[from] item: Life Orb
|faint|p1a: Primlance
|
|upkeep
|
|t:|1756328162
|switch|p1a: Perferator|Excadrill, L50, F, shiny|100/100
|turn|3
|
|t:|1756328185
|-terastallize|p1a: Perferator|Stellar
|move|p1b: Bumblebirb|Follow Me|p1b: Bumblebirb
|-singleturn|p1b: Bumblebirb|move: Follow Me
|move|p2a: Electabuzz|Electroweb|p1b: Bumblebirb|[spread] p1b
|-immune|p1a: Perferator
|-resisted|p1b: Bumblebirb
|-damage|p1b: Bumblebirb|35/100
|-unboost|p1b: Bumblebirb|spe|1
|move|p1a: Perferator|Rock Slide|p2b: Ursaluna|[spread] p2a,p2b
|-damage|p2a: Electabuzz|32/100
|-damage|p2b: Ursaluna|13/100
|move|p2b: Ursaluna|Earth Power|p1b: Bumblebirb
|-supereffective|p1b: Bumblebirb
|-damage|p1b: Bumblebirb|0 fnt
|faint|p1b: Bumblebirb
|-damage|p2b: Ursaluna|4/100|[from] item: Life Orb
|
|upkeep
|
|t:|1756328197
|switch|p1b: Great S. Shark|Tyranitar, L50, F, shiny|100/100
|-weather|Sandstorm|[from] ability: Sand Stream|[of] p1b: Great S. Shark
|turn|4
|
|t:|1756328212
|switch|p2a: Incineroar|Incineroar, L50, M|100/100
|-ability|p2a: Incineroar|Intimidate|boost
|-fail|p1a: Perferator|unboost|[from] item: Clear Amulet|[of] p1a: Perferator
|-unboost|p1b: Great S. Shark|atk|1
|move|p1a: Perferator|Rock Slide|p2a: Incineroar|[spread] p2a,p2b
|-supereffective|p2a: Incineroar
|-damage|p2a: Incineroar|63/100
|-damage|p2b: Ursaluna|0 fnt
|faint|p2b: Ursaluna
|move|p1b: Great S. Shark|Rock Slide|p2a: Incineroar
|-supereffective|p2a: Incineroar
|-damage|p2a: Incineroar|11/100
|
|-weather|Sandstorm|[upkeep]
|upkeep
|
|t:|1756328215
|switch|p2b: Sneasler|Sneasler, L50, F|100/100
|turn|5
|
|t:|1756328233
|move|p2a: Incineroar|Fake Out|p1a: Perferator
|-resisted|p1a: Perferator
|-damage|p1a: Perferator|92/100
|cant|p1a: Perferator|flinch
|move|p2b: Sneasler|Close Combat|p1b: Great S. Shark
|-supereffective|p1b: Great S. Shark
|-damage|p1b: Great S. Shark|0 fnt
|-unboost|p2b: Sneasler|def|1
|-unboost|p2b: Sneasler|spd|1
|faint|p1b: Great S. Shark
|
|-weather|Sandstorm|[upkeep]
|-damage|p2b: Sneasler|95/100|[from] Sandstorm
|upkeep
|turn|6
|
|t:|1756328250
|move|p2b: Sneasler|Protect|p2b: Sneasler
|-singleturn|p2b: Sneasler|Protect
|move|p1a: Perferator|Iron Head|p2b: Sneasler
|-activate|p2b: Sneasler|move: Protect
|move|p2a: Incineroar|Flare Blitz|p1a: Perferator
|-supereffective|p1a: Perferator
|-damage|p1a: Perferator|0 fnt
|faint|p1a: Perferator
|-damage|p2a: Incineroar|0 fnt|[from] Recoil
|faint|p2a: Incineroar
|
|win|DragoniteMega149
||delphigni is ready for game 3.
||DragoniteMega149 is ready for game 3.
|uhtml|next|Next: Game 3 of 3
