|j|☆SRareFox
|j|‽edo ghira
|html|SRareFoxedo ghira    
|uhtml|bestof|Game 1 of a best-of-3
|t:|1757167462
|gametype|doubles
|player|p1|SRareFox|169|1284
|player|p2|edo ghira|lance|1280
|gen|9
|tier|[Gen 9] VGC 2025 Reg H (Bo3)
|rated|
|rule|Species Clause: Limit one of each Pokémon
|rule|Item Clause: Limit 1 of each item
|clearpoke
|poke|p1|Hatterene, L50, F|
|poke|p1|Indeedee-F, L50, F|
|poke|p1|Gallade, L50, M|
|poke|p1|Ursaluna, L50, M|
|poke|p1|Torkoal, L50, M|
|poke|p1|Porygon2, L50|
|poke|p2|Dragapult, L50, M|
|poke|p2|Weezing-Galar, L50, M|
|poke|p2|Incineroar, L50, F|
|poke|p2|Palafin, L50, F|
|poke|p2|Toedscruel, L50, M|
|poke|p2|Flamigo, L50, F|
|teampreview|4
|showteam|p1|Hatterene||LifeOrb|MagicBounce|ExpandingForce,DazzlingGleam,TrickRoom,MysticalFire|||F|||50|,,,,,Fire]Indeedee-F||SafetyGoggles|PsychicSurge|Psychic,FollowMe,TrickRoom,HelpingHand|||F|||50|,,,,,Water]Gallade||ClearAmulet|Sharpness|PsychoCut,SacredSword,TrickRoom,WideGuard|||M|||50|,,,,,Grass]Ursaluna||FlameOrb|Guts|Facade,HeadlongRush,Earthquake,Protect|||M|||50|,,,,,Ghost]Torkoal||Charcoal|Drought|Eruption,WeatherBall,ClearSmog,Protect|||M|||50|,,,,,Fire]Porygon2||Eviolite|Download|IceBeam,TeraBlast,TrickRoom,Recover||||||50|,,,,,Flying
|showteam|p2|Dragapult||ChoiceSpecs|ClearBody|DracoMeteor,ShadowBall,Flamethrower,TeraBlast|||M|||50|,,,,,Fairy]Weezing-Galar||SitrusBerry|NeutralizingGas|SludgeBomb,Taunt,WillOWisp,Protect|||M|||50|,,,,,Grass]Incineroar||AbilityShield|Intimidate|FlareBlitz,FakeOut,KnockOff,PartingShot|||F|||50|,,,,,Ghost]Palafin||MysticWater|ZerotoHero|FlipTurn,JetPunch,WaveCrash,Protect|||F|||50|,,,,,Water]Toedscruel||CovertCloak|MyceliumMight|Spore,RagePowder,EarthPower,Protect|||M|||50|,,,,,Water]Flamigo||FocusSash|Scrappy|CloseCombat,BraveBird,Tailwind,Detect|||F|||50|,,,,,Stellar
|inactive|Battle timer is ON: inactive players will automatically lose when time's up. (requested by SRareFox)
|inactive|SRareFox has 60 seconds left.
|
|t:|1757167505
|teamsize|p1|4
|teamsize|p2|4
|start
|switch|p1a: Porygon2|Porygon2, L50|100/100
|switch|p1b: Gallade|Gallade, L50, M|100/100
|switch|p2a: Weezing|Weezing-Galar, L50, M|100/100
|switch|p2b: Incineroar|Incineroar, L50, F|100/100
|-ability|p2a: Weezing|Neutralizing Gas
|-block|p2b: Incineroar|item: Ability Shield
|-ability|p2b: Incineroar|Intimidate|boost
|-unboost|p1a: Porygon2|atk|1
|-fail|p1b: Gallade|unboost|[from] item: Clear Amulet|[of] p1b: Gallade
|turn|1
|inactive|SRareFox has 30 seconds left.
|inactive|SRareFox has 20 seconds left.
|inactive|SRareFox has 15 seconds left.
|inactive|SRareFox has 10 seconds left.
|
|t:|1757167551
|move|p2b: Incineroar|Fake Out|p1b: Gallade
|-damage|p1b: Gallade|86/100
|move|p2a: Weezing|Taunt|p1a: Porygon2
|-start|p1a: Porygon2|move: Taunt
|cant|p1b: Gallade|flinch
|cant|p1a: Porygon2|move: Taunt|Trick Room
|
|upkeep
|turn|2
|
|t:|1757167568
|switch|p1a: Indeedee|Indeedee-F, L50, F|100/100
|move|p2a: Weezing|Will-O-Wisp|p1b: Gallade
|-status|p1b: Gallade|brn
|move|p2b: Incineroar|Parting Shot|p1a: Indeedee
|-unboost|p1a: Indeedee|atk|1
|-unboost|p1a: Indeedee|spa|1
|
|t:|1757167578
|switch|p2b: Dragapult|Dragapult, L50, M|100/100|[from] Parting Shot
|move|p1b: Gallade|Psycho Cut|p2a: Weezing
|-supereffective|p2a: Weezing
|-damage|p2a: Weezing|69/100
|
|-damage|p1b: Gallade|80/100 brn|[from] brn
|upkeep
|turn|3
|
|t:|1757167588
|move|p1a: Indeedee|Follow Me|p1a: Indeedee
|-singleturn|p1a: Indeedee|move: Follow Me
|move|p2b: Dragapult|Draco Meteor|p1a: Indeedee
|-damage|p1a: Indeedee|28/100
|-unboost|p2b: Dragapult|spa|2
|move|p2a: Weezing|Taunt|p1a: Indeedee
|-start|p1a: Indeedee|move: Taunt
|move|p1b: Gallade|Trick Room|p1b: Gallade
|-fieldstart|move: Trick Room|[of] p1b: Gallade
|
|-damage|p1b: Gallade|74/100 brn|[from] brn
|upkeep
|turn|4
|inactive|SRareFox has 30 seconds left.
|inactive|SRareFox has 20 seconds left.
|inactive|SRareFox has 15 seconds left.
|inactive|SRareFox has 10 seconds left.
|
|t:|1757167634
|switch|p1a: Hatterene|Hatterene, L50, F|100/100
|switch|p2b: Incineroar|Incineroar, L50, F|100/100
|-ability|p2b: Incineroar|Intimidate|boost
|-unboost|p1a: Hatterene|atk|1
|-fail|p1b: Gallade|unboost|[from] item: Clear Amulet|[of] p1b: Gallade
|move|p2a: Weezing|Protect|p2a: Weezing
|-singleturn|p2a: Weezing|Protect
|move|p1b: Gallade|Sacred Sword|p2b: Incineroar
|-supereffective|p2b: Incineroar
|-damage|p2b: Incineroar|63/100
|
|-damage|p1b: Gallade|68/100 brn|[from] brn
|upkeep
|turn|5
|inactive|SRareFox has 30 seconds left.
|inactive|SRareFox has 20 seconds left.
|inactive|SRareFox has 15 seconds left.
|inactive|SRareFox has 10 seconds left.
|
|t:|1757167681
|-terastallize|p1a: Hatterene|Fire
|move|p2b: Incineroar|Fake Out|p1a: Hatterene
|-damage|p1a: Hatterene|87/100
|cant|p1a: Hatterene|flinch
|move|p1b: Gallade|Sacred Sword|p2b: Incineroar
|-supereffective|p2b: Incineroar
|-damage|p2b: Incineroar|23/100
|move|p2a: Weezing|Sludge Bomb|p1a: Hatterene
|-damage|p1a: Hatterene|56/100
|
|-damage|p1b: Gallade|63/100 brn|[from] brn
|upkeep
|turn|6
|inactive|edo ghira has 30 seconds left.
|
|t:|1757167707
|switch|p2b: Dragapult|Dragapult, L50, M|100/100
|move|p2a: Weezing|Protect|p2a: Weezing
|-singleturn|p2a: Weezing|Protect
|move|p1a: Hatterene|Expanding Force|p2a: Weezing
|-activate|p2a: Weezing|move: Protect
|move|p1b: Gallade|Sacred Sword|p2b: Dragapult
|-immune|p2b: Dragapult
|
|-damage|p1b: Gallade|57/100 brn|[from] brn
|upkeep
|turn|7
|
|t:|1757167721
|switch|p1b: Indeedee|Indeedee-F, L50, F|28/100
|-end|p2a: Weezing|ability: Neutralizing Gas
|-fieldstart|move: Psychic Terrain|[from] ability: Psychic Surge|[of] p1b: Indeedee
|switch|p2a: Incineroar|Incineroar, L50, F|23/100
|-ability|p2a: Incineroar|Intimidate|boost
|-unboost|p1a: Hatterene|atk|1
|-unboost|p1b: Indeedee|atk|1
|move|p1a: Hatterene|Dazzling Gleam|p2a: Incineroar|[spread] p2a,p2b
|-supereffective|p2b: Dragapult
|-damage|p2a: Incineroar|0 fnt
|-damage|p2b: Dragapult|0 fnt
|faint|p2a: Incineroar
|faint|p2b: Dragapult
|-damage|p1a: Hatterene|46/100|[from] item: Life Orb
|
|-fieldend|move: Trick Room
|upkeep
|
|t:|1757167735
|switch|p2b: Flamigo|Flamigo, L50, F|100/100
|switch|p2a: Weezing|Weezing-Galar, L50, M|69/100
|-ability|p2a: Weezing|Neutralizing Gas
|turn|8
|
|t:|1757167751
|move|p1b: Indeedee|Follow Me|p1b: Indeedee
|-singleturn|p1b: Indeedee|move: Follow Me
|move|p2b: Flamigo|Close Combat|p1b: Indeedee
|-damage|p1b: Indeedee|0 fnt
|-unboost|p2b: Flamigo|def|1
|-unboost|p2b: Flamigo|spd|1
|faint|p1b: Indeedee
|move|p2a: Weezing|Sludge Bomb|p1a: Hatterene
|-damage|p1a: Hatterene|18/100
|move|p1a: Hatterene|Trick Room|p1a: Hatterene
|-fieldstart|move: Trick Room|[of] p1a: Hatterene
|
|upkeep
|
|t:|1757167775
|switch|p1b: Gallade|Gallade, L50, M|57/100 brn
|turn|9
|
|t:|1757167791
|move|p2a: Weezing|Protect|p2a: Weezing
|-singleturn|p2a: Weezing|Protect
|move|p1a: Hatterene|Expanding Force|p2b: Flamigo|[spread] p2b
|-activate|p2a: Weezing|move: Protect
|-supereffective|p2b: Flamigo
|-enditem|p2b: Flamigo|Focus Sash
|-damage|p2b: Flamigo|1/100
|-damage|p1a: Hatterene|8/100|[from] item: Life Orb
|move|p1b: Gallade|Psycho Cut|p2b: Flamigo
|-supereffective|p2b: Flamigo
|-damage|p2b: Flamigo|0 fnt
|faint|p2b: Flamigo
|
|-damage|p1b: Gallade|51/100 brn|[from] brn
|upkeep
|turn|10
|
|t:|1757167806
|-terastallize|p2a: Weezing|Grass
|move|p1a: Hatterene|Expanding Force|p2a: Weezing
|-damage|p2a: Weezing|0 fnt
|faint|p2a: Weezing
|-end|p2a: Weezing|ability: Neutralizing Gas
|-damage|p1a: Hatterene|0 fnt|[from] item: Life Orb
|faint|p1a: Hatterene
|
|win|SRareFox
