|j|☆I am the Sweeper
|j|☆redpandavgclol
|html|I am the Sweeperredpandavgclol    
|uhtml|bestof|Game 1 of a best-of-3
|t:|1756962117
|gametype|doubles
|player|p1|I am the Sweeper|janitor|1101
|player|p2|redpandavgclol|pokemonranger-gen4|1008
|gen|9
|tier|[Gen 9] VGC 2025 Reg H (Bo3)
|rated|
|rule|Species Clause: Limit one of each Pokémon
|rule|Item Clause: Limit 1 of each item
|clearpoke
|poke|p1|Annihilape, L50, F|
|poke|p1|Archaludon, L50, M|
|poke|p1|Pelipper, L50, M|
|poke|p1|Maushold-Four, L50|
|poke|p1|Sinistcha, L50|
|poke|p1|Grimmsnarl, L50, M|
|poke|p2|Rillaboom, L50, M|
|poke|p2|Archaludon, L50, M|
|poke|p2|Grimmsnarl, L50, M|
|poke|p2|Basculegion, L50, M|
|poke|p2|Politoed, L50, M|
|poke|p2|Volcarona, L50, M|
|teampreview|4
|showteam|p1|Annihilape||Leftovers|Defiant|RageFist,DrainPunch,BulkUp,Protect|||F|||50|,,,,,Fire]Archaludon||AssaultVest|Stamina|ElectroShot,DragonPulse,Snarl,BodyPress|||M|||50|,,,,,Bug]Pelipper||LifeOrb|Drizzle|Tailwind,Hurricane,WeatherBall,Protect|||M|||50|,,,,,Stellar]Maushold-Four||SafetyGoggles|FriendGuard|SuperFang,FollowMe,BeatUp,Protect||||||50|,,,,,Ghost]Sinistcha||SitrusBerry|Hospitality|LifeDew,TrickRoom,StrengthSap,MatchaGotcha||||||50|,,,,,Water]Grimmsnarl||LightClay|Prankster|ThunderWave,LightScreen,Reflect,SpiritBreak|||M|||50|,,,,,Ghost
|showteam|p2|Rillaboom||AssaultVest|GrassySurge|GrassyGlide,Uturn,FakeOut,WoodHammer|||M|||50|,,,,,Fire]Archaludon||Leftovers|Stamina|ElectroShot,FlashCannon,BodyPress,Protect|||M|||50|,,,,,Fairy]Grimmsnarl||LightClay|Prankster|PartingShot,ThunderWave,LightScreen,Reflect|||M|||50|,,,,,Ghost]Basculegion||LifeOrb|Adaptability|AquaJet,LastRespects,WaveCrash,Protect|||M|||50|,,,,,Water]Politoed||SitrusBerry|Drizzle|Protect,WeatherBall,Haze,HelpingHand|||M|||50|,,,,,Grass]Volcarona||CovertCloak|FlameBody|FieryDance,GigaDrain,QuiverDance,Protect|||M|||50|,,,,,Grass
|
|t:|1756962185
|teamsize|p1|4
|teamsize|p2|4
|start
|switch|p1a: Pelipper|Pelipper, L50, M|100/100
|switch|p1b: Grimmsnarl|Grimmsnarl, L50, M|100/100
|switch|p2a: Tappan Zee|Archaludon, L50, M, shiny|100/100
|switch|p2b: frog|Grimmsnarl, L50, M, shiny|100/100
|-weather|RainDance|[from] ability: Drizzle|[of] p1a: Pelipper
|turn|1
|inactive|Battle timer is ON: inactive players will automatically lose when time's up. (requested by redpandavgclol)
|
|t:|1756962278
|switch|p1a: Archaludon|Archaludon, L50, M|100/100
|move|p2b: frog|Light Screen|p2b: frog
|-sidestart|p2: redpandavgclol|move: Light Screen
|move|p1b: Grimmsnarl|Light Screen|p1b: Grimmsnarl
|-sidestart|p1: I am the Sweeper|move: Light Screen
|move|p2a: Tappan Zee|Electro Shot||[still]
|-prepare|p2a: Tappan Zee|Electro Shot
|-boost|p2a: Tappan Zee|spa|1
|-anim|p2a: Tappan Zee|Electro Shot|p1b: Grimmsnarl
|-damage|p1b: Grimmsnarl|65/100
|
|-weather|RainDance|[upkeep]
|upkeep
|turn|2
|inactive|I am the Sweeper has 30 seconds left.
|inactive|redpandavgclol has 30 seconds left.
|inactive|I am the Sweeper has 20 seconds left.
|
|t:|1756962318
|move|p2b: frog|Thunder Wave|p1a: Archaludon
|-status|p1a: Archaludon|par
|move|p2a: Tappan Zee|Electro Shot||[still]
|-prepare|p2a: Tappan Zee|Electro Shot
|-boost|p2a: Tappan Zee|spa|1
|-anim|p2a: Tappan Zee|Electro Shot|p1b: Grimmsnarl
|-damage|p1b: Grimmsnarl|16/100
|move|p1b: Grimmsnarl|Spirit Break|p2a: Tappan Zee
|-damage|p2a: Tappan Zee|80/100
|-unboost|p2a: Tappan Zee|spa|1
|-ability|p2a: Tappan Zee|Stamina|boost
|-boost|p2a: Tappan Zee|def|1
|cant|p1a: Archaludon|par
|
|-weather|RainDance|[upkeep]
|-heal|p2a: Tappan Zee|86/100|[from] item: Leftovers
|upkeep
|turn|3
|inactive|I am the Sweeper has 30 seconds left.
|inactive|I am the Sweeper has 20 seconds left.
|inactive|I am the Sweeper has 15 seconds left.
|inactive|I am the Sweeper has 10 seconds left.
|
|t:|1756962364
|move|p2b: frog|Parting Shot|p1a: Archaludon
|-unboost|p1a: Archaludon|atk|1
|-unboost|p1a: Archaludon|spa|1
|
|t:|1756962377
|switch|p2b: Duppy|Basculegion, L50, M|100/100|[from] Parting Shot
|move|p1b: Grimmsnarl|Thunder Wave|p2a: Tappan Zee
|-status|p2a: Tappan Zee|par
|move|p1a: Archaludon|Electro Shot||[still]
|-prepare|p1a: Archaludon|Electro Shot
|-boost|p1a: Archaludon|spa|1
|-anim|p1a: Archaludon|Electro Shot|p2b: Duppy
|-supereffective|p2b: Duppy
|-damage|p2b: Duppy|42/100
|move|p2a: Tappan Zee|Electro Shot||[still]
|-prepare|p2a: Tappan Zee|Electro Shot
|-boost|p2a: Tappan Zee|spa|1
|-anim|p2a: Tappan Zee|Electro Shot|p1b: Grimmsnarl
|-damage|p1b: Grimmsnarl|0 fnt
|faint|p1b: Grimmsnarl
|
|-weather|RainDance|[upkeep]
|-heal|p2a: Tappan Zee|92/100 par|[from] item: Leftovers
|upkeep
|
|t:|1756962400
|switch|p1b: Sinistcha|Sinistcha, L50|100/100
|turn|4
|inactive|I am the Sweeper has 30 seconds left.
|inactive|redpandavgclol has 30 seconds left.
|inactive|I am the Sweeper has 20 seconds left.
|inactive|I am the Sweeper has 15 seconds left.
|inactive|I am the Sweeper has 10 seconds left.
|
|t:|1756962447
|move|p2b: Duppy|Protect|p2b: Duppy
|-singleturn|p2b: Duppy|Protect
|move|p1b: Sinistcha|Matcha Gotcha|p2a: Tappan Zee|[spread] p2a
|-activate|p2b: Duppy|move: Protect
|-resisted|p2a: Tappan Zee
|-damage|p2a: Tappan Zee|88/100 par
|-ability|p2a: Tappan Zee|Stamina|boost
|-boost|p2a: Tappan Zee|def|1
|move|p1a: Archaludon|Electro Shot||[still]
|-prepare|p1a: Archaludon|Electro Shot
|-boost|p1a: Archaludon|spa|1
|-anim|p1a: Archaludon|Electro Shot|p2b: Duppy
|-activate|p2b: Duppy|move: Protect
|move|p2a: Tappan Zee|Flash Cannon|p1b: Sinistcha
|-damage|p1b: Sinistcha|54/100
|
|-weather|RainDance|[upkeep]
|-heal|p2a: Tappan Zee|94/100 par|[from] item: Leftovers
|upkeep
|turn|5
|inactive|I am the Sweeper has 30 seconds left.
|inactive|redpandavgclol has 30 seconds left.
|inactive|redpandavgclol has 20 seconds left.
|inactive|redpandavgclol has 15 seconds left.
|inactive|redpandavgclol has 10 seconds left.
|
|t:|1756962496
|switch|p2b: frog|Grimmsnarl, L50, M, shiny|100/100
|move|p1b: Sinistcha|Strength Sap|p2b: frog
|-unboost|p2b: frog|atk|1
|-heal|p1b: Sinistcha|100/100
|move|p1a: Archaludon|Electro Shot||[still]
|-prepare|p1a: Archaludon|Electro Shot
|-boost|p1a: Archaludon|spa|1
|-anim|p1a: Archaludon|Electro Shot|p2b: frog
|-damage|p2b: frog|43/100
|cant|p2a: Tappan Zee|par
|
|-weather|none
|-heal|p2a: Tappan Zee|100/100 par|[from] item: Leftovers
|upkeep
|turn|6
|inactive|I am the Sweeper has 30 seconds left.
|inactive|redpandavgclol has 30 seconds left.
|inactive|I am the Sweeper has 20 seconds left.
|inactive|redpandavgclol has 20 seconds left.
|inactive|I am the Sweeper has 15 seconds left.
|inactive|I am the Sweeper has 10 seconds left.
|
|t:|1756962544
|-terastallize|p2a: Tappan Zee|Fairy
|move|p2b: frog|Parting Shot|p1a: Archaludon
|-unboost|p1a: Archaludon|atk|1
|-unboost|p1a: Archaludon|spa|1
|
|t:|1756962550
|switch|p2b: peepoclap|Politoed, L50, M, shiny|100/100|[from] Parting Shot
|-weather|RainDance|[from] ability: Drizzle|[of] p2b: peepoclap
|move|p1b: Sinistcha|Matcha Gotcha|p2b: peepoclap|[spread] p2a,p2b
|-supereffective|p2b: peepoclap
|-damage|p2a: Tappan Zee|84/100 par
|-damage|p2b: peepoclap|78/100
|-status|p2b: peepoclap|brn
|-ability|p2a: Tappan Zee|Stamina|boost
|-boost|p2a: Tappan Zee|def|1
|cant|p1a: Archaludon|par
|move|p2a: Tappan Zee|Electro Shot||[still]
|-prepare|p2a: Tappan Zee|Electro Shot
|-boost|p2a: Tappan Zee|spa|1
|-anim|p2a: Tappan Zee|Electro Shot|p1a: Archaludon
|-resisted|p1a: Archaludon
|-damage|p1a: Archaludon|75/100 par
|-ability|p1a: Archaludon|Stamina|boost
|-boost|p1a: Archaludon|def|1
|
|-weather|RainDance|[upkeep]
|-heal|p2a: Tappan Zee|90/100 par|[from] item: Leftovers
|-damage|p2b: peepoclap|71/100 brn|[from] brn
|upkeep
|turn|7
|inactive|I am the Sweeper has 30 seconds left.
|inactive|redpandavgclol has 30 seconds left.
|inactive|I am the Sweeper has 20 seconds left.
|inactive|I am the Sweeper has 15 seconds left.
|
|t:|1756962593
|move|p2b: peepoclap|Helping Hand|p2a: Tappan Zee
|-singleturn|p2a: Tappan Zee|Helping Hand|[of] p2b: peepoclap
|move|p1b: Sinistcha|Life Dew||[still]|[spread] p1a,p1b
|-heal|p1a: Archaludon|99/100 par
|-fail|p1b: Sinistcha|heal
|move|p1a: Archaludon|Snarl|p2a: Tappan Zee|[spread] p2b
|-miss|p1a: Archaludon|p2a: Tappan Zee
|-damage|p2b: peepoclap|62/100 brn
|-unboost|p2b: peepoclap|spa|1
|cant|p2a: Tappan Zee|par
|
|-weather|RainDance|[upkeep]
|-heal|p2a: Tappan Zee|96/100 par|[from] item: Leftovers
|-damage|p2b: peepoclap|56/100 brn|[from] brn
|upkeep
|turn|8
|inactive|I am the Sweeper has 30 seconds left.
|inactive|redpandavgclol has 30 seconds left.
|inactive|I am the Sweeper has 20 seconds left.
|inactive|I am the Sweeper has 15 seconds left.
|
|t:|1756962633
|move|p2b: peepoclap|Helping Hand|p2a: Tappan Zee
|-singleturn|p2a: Tappan Zee|Helping Hand|[of] p2b: peepoclap
|move|p1b: Sinistcha|Matcha Gotcha|p2a: Tappan Zee|[spread] p2a
|-miss|p1b: Sinistcha|p2b: peepoclap
|-damage|p2a: Tappan Zee|79/100 par
|-ability|p2a: Tappan Zee|Stamina|boost
|-boost|p2a: Tappan Zee|def|1
|move|p1a: Archaludon|Electro Shot||[still]
|-prepare|p1a: Archaludon|Electro Shot
|-boost|p1a: Archaludon|spa|1
|-anim|p1a: Archaludon|Electro Shot|p2b: peepoclap
|-supereffective|p2b: peepoclap
|-damage|p2b: peepoclap|0 fnt
|faint|p2b: peepoclap
|move|p2a: Tappan Zee|Body Press|p1a: Archaludon
|-supereffective|p1a: Archaludon
|-damage|p1a: Archaludon|0 fnt
|faint|p1a: Archaludon
|
|-weather|RainDance|[upkeep]
|-heal|p2a: Tappan Zee|85/100 par|[from] item: Leftovers
|-sideend|p1: I am the Sweeper|move: Light Screen
|-sideend|p2: redpandavgclol|move: Light Screen
|upkeep
|
|t:|1756962657
|switch|p1a: Pelipper|Pelipper, L50, M|100/100
|switch|p2b: Duppy|Basculegion, L50, M|42/100
|turn|9
|-message|I am the Sweeper forfeited.
|
|win|redpandavgclol
||I am the Sweeper is ready for game 2.
||redpandavgclol is ready for game 2.
|uhtml|next|Next: Game 2 of 3
