|j|☆tipolucha
|j|☆exessvgc
|html|tipoluchaexessvgc    
|uhtml|bestof|Game 2 of a best-of-3
|t:|1782377596
|gametype|doubles
|player|p1|tipolucha|169|1185
|player|p2|exessvgc|lucas|1144
|gen|9
|tier|[Gen 9 Champions] VGC 2026 Reg M-B (Bo3)
|rated|
|rule|Species Clause: Limit one of each Pokémon
|rule|Item Clause: Limit 1 of each item
|clearpoke
|poke|p1|Banette, L50, M|
|poke|p1|Swampert, L50, M|
|poke|p1|Pelipper, L50, F|
|poke|p1|Milotic, L50, F|
|poke|p1|Sneasler, L50, F|
|poke|p1|Sinistcha-Masterpiece, L50|
|poke|p2|Charizard, L50, F|
|poke|p2|Sneasler, L50, M|
|poke|p2|Farigiraf, L50, F|
|poke|p2|Aerodactyl, L50, M|
|poke|p2|Kingambit, L50, M|
|poke|p2|Sylveon, L50, F|
|teampreview|4
|showteam|p1|Banette||Banettite|Insomnia|KnockOff,RainDance,ShadowSneak,WillOWisp|Serious||M|||50|]Swampert||Swampertite|Torrent|WaveCrash,Protect,IcePunch,FlipTurn|Adamant||M|||50|]Pelipper||SitrusBerry|Drizzle|WideGuard,Tailwind,Hurricane,WeatherBall|Modest||F|||50|]Milotic||LifeOrb|Competitive|Scald,IcyWind,AlluringVoice,Protect|Modest||F|||50|]Sneasler||WhiteHerb|Unburden|FakeOut,ThroatChop,DireClaw,CloseCombat|Adamant||F|||50|]Sinistcha-Masterpiece||KasibBerry|Hospitality|RagePowder,MatchaGotcha,ShadowBall,StrengthSap|Modest|||||50|
|showteam|p2|Charizard||CharizarditeX|Blaze|DragonDance,DragonClaw,FlareBlitz,Protect|Jolly||F|||50|]Sneasler||WhiteHerb|Unburden|FakeOut,Protect,CloseCombat,DireClaw|Jolly||M|||50|]Farigiraf||SitrusBerry|ArmorTail|TrickRoom,Thunderbolt,HelpingHand,TwinBeam|Calm||F|||50|]Aerodactyl||FocusSash|Unnerve|RockSlide,Tailwind,DualWingbeat,Protect|Jolly||M|||50|]Kingambit||LifeOrb|Defiant|KowtowCleave,SuckerPunch,IronHead,Protect|Brave||M|||50|]Sylveon||FairyFeather|Pixilate|HyperVoice,HyperBeam,Protect,QuickAttack|Quiet||F|||50|
|inactive|Battle timer is ON: inactive players will automatically lose when time's up. (requested by exessvgc)
|
|t:|1782377624
|teamsize|p1|4
|teamsize|p2|4
|start
|switch|p1a: Banette|Banette, L50, M|100/100
|switch|p1b: Pelipper|Pelipper, L50, F|100/100
|switch|p2a: DINOSAUVO|Aerodactyl, L50, M|100/100
|switch|p2b: LA GIRAFFA|Farigiraf, L50, F|100/100
|-ability|p2a: DINOSAUVO|Unnerve
|-weather|RainDance|[from] ability: Drizzle|[of] p1b: Pelipper
|turn|1
|inactive|exessvgc has 30 seconds left.
|
|t:|1782377649
|switch|p1b: Swampert|Swampert, L50, M|100/100
|detailschange|p1a: Banette|Banette-Mega, L50, M
|-mega|p1a: Banette|Banette|Banettite
|move|p2a: DINOSAUVO|Tailwind|p2a: DINOSAUVO
|-sidestart|p2: exessvgc|move: Tailwind
|move|p2b: LA GIRAFFA|Twin Beam|p1a: Banette
|-damage|p1a: Banette|82/100
|-damage|p1a: Banette|64/100
|-hitcount|p1a: Banette|2
|move|p1a: Banette|Knock Off|p2b: LA GIRAFFA
|-supereffective|p2b: LA GIRAFFA|1
|-damage|p2b: LA GIRAFFA|33/100
|-enditem|p2b: LA GIRAFFA|Sitrus Berry|[from] move: Knock Off|[of] p1a: Banette
|
|-weather|RainDance|[upkeep]
|upkeep
|turn|2
|inactive|exessvgc has 30 seconds left.
|inactive|exessvgc has 20 seconds left.
|inactive|exessvgc has 15 seconds left.
|
|t:|1782377691
|switch|p1a: Sinistcha|Sinistcha-Masterpiece, L50|100/100
|move|p2a: DINOSAUVO|Dual Wingbeat|p1a: Sinistcha|[miss]
|-miss|p2a: DINOSAUVO|p1a: Sinistcha
|move|p2b: LA GIRAFFA|Twin Beam|p1a: Sinistcha
|-damage|p1a: Sinistcha|80/100
|-damage|p1a: Sinistcha|61/100
|-hitcount|p1a: Sinistcha|2
|move|p1b: Swampert|Flip Turn|p2b: LA GIRAFFA
|-damage|p2b: LA GIRAFFA|0 fnt
|faint|p2b: LA GIRAFFA
|
|t:|1782377702
|switch|p1b: Banette|Banette-Mega, L50, M|64/100|[from] Flip Turn
|
|-weather|RainDance|[upkeep]
|upkeep
|
|t:|1782377708
|switch|p2b: Kingambit|Kingambit, L50, M|100/100
|turn|3
|
|t:|1782377734
|move|p1a: Sinistcha|Rage Powder|p1a: Sinistcha
|-singleturn|p1a: Sinistcha|move: Rage Powder
|move|p2a: DINOSAUVO|Rock Slide|p1b: Banette|[spread] p1a,p1b
|-damage|p1a: Sinistcha|35/100
|-damage|p1b: Banette|30/100
|move|p2b: Kingambit|Kowtow Cleave|p1a: Sinistcha
|-supereffective|p1a: Sinistcha|1
|-damage|p1a: Sinistcha|0 fnt
|faint|p1a: Sinistcha
|-damage|p2b: Kingambit|90/100|[from] item: Life Orb
|cant|p1b: Banette|flinch
|
|-weather|RainDance|[upkeep]
|upkeep
|
|t:|1782377745
|switch|p1a: Swampert|Swampert, L50, M|100/100
|turn|4
|
|t:|1782377763
|move|p1b: Banette|Will-O-Wisp|p2a: DINOSAUVO
|-status|p2a: DINOSAUVO|brn
|move|p2a: DINOSAUVO|Rock Slide|p1a: Swampert|[spread] 
|-miss|p2a: DINOSAUVO|p1a: Swampert
|-miss|p2a: DINOSAUVO|p1b: Banette
|move|p2b: Kingambit|Kowtow Cleave|p1a: Swampert
|-damage|p1a: Swampert|34/100
|-damage|p2b: Kingambit|80/100|[from] item: Life Orb
|move|p1a: Swampert|Wave Crash|p2b: Kingambit
|-damage|p2b: Kingambit|11/100
|-damage|p1a: Swampert|13/100|[from] Recoil
|
|-weather|RainDance|[upkeep]
|-damage|p2a: DINOSAUVO|94/100 brn|[from] brn
|-sideend|p2: exessvgc|move: Tailwind
|upkeep
|turn|5
|
|t:|1782377783
|move|p1a: Swampert|Protect|p1a: Swampert
|-singleturn|p1a: Swampert|Protect
|move|p2b: Kingambit|Protect|p2b: Kingambit
|-singleturn|p2b: Kingambit|Protect
|move|p1b: Banette|Shadow Sneak|p2b: Kingambit
|-activate|p2b: Kingambit|move: Protect
|move|p2a: DINOSAUVO|Tailwind|p2a: DINOSAUVO
|-sidestart|p2: exessvgc|move: Tailwind
|
|-weather|none
|-damage|p2a: DINOSAUVO|88/100 brn|[from] brn
|upkeep
|turn|6
|inactive|exessvgc has 30 seconds left.
|
|t:|1782377814
|move|p1b: Banette|Shadow Sneak|p2b: Kingambit
|-resisted|p2b: Kingambit|1
|-damage|p2b: Kingambit|1/100
|move|p2a: DINOSAUVO|Rock Slide|p1b: Banette|[spread] p1a
|-miss|p2a: DINOSAUVO|p1b: Banette
|-resisted|p1a: Swampert|1
|-damage|p1a: Swampert|7/100
|move|p2b: Kingambit|Kowtow Cleave|p1a: Swampert
|-damage|p1a: Swampert|0 fnt
|faint|p1a: Swampert
|-damage|p2b: Kingambit|0 fnt|[from] item: Life Orb
|faint|p2b: Kingambit
|
|-damage|p2a: DINOSAUVO|82/100 brn|[from] brn
|upkeep
|
|t:|1782377824
|switch|p1a: Pelipper|Pelipper, L50, F|100/100
|switch|p2b: Sylveon|Sylveon, L50, F|100/100
|-weather|RainDance|[from] ability: Drizzle|[of] p1a: Pelipper
|turn|7
|inactive|tipolucha has 30 seconds left.
|
|t:|1782377851
|move|p2a: DINOSAUVO|Dual Wingbeat|p1b: Banette
|-damage|p1b: Banette|19/100
|-damage|p1b: Banette|7/100
|-hitcount|p1b: Banette|2
|move|p2b: Sylveon|Hyper Beam|p1a: Pelipper
|-damage|p1a: Pelipper|0 fnt
|-mustrecharge|p2b: Sylveon
|faint|p1a: Pelipper
|move|p1b: Banette|Knock Off|p2b: Sylveon
|-resisted|p2b: Sylveon|1
|-damage|p2b: Sylveon|76/100
|-enditem|p2b: Sylveon|Fairy Feather|[from] move: Knock Off|[of] p1b: Banette
|
|-weather|RainDance|[upkeep]
|-damage|p2a: DINOSAUVO|77/100 brn|[from] brn
|upkeep
|turn|8
|-message|tipolucha forfeited.
|
|win|exessvgc
|raw|tipolucha's rating: 1185 → 1157(-28 for losing)
|raw|exessvgc's rating: 1144 → 1172(+28 for winning)
|l|☆tipolucha
|player|p1|
|l|☆exessvgc
|player|p2|
|j|☆exessvgc
|player|p2|exessvgc|lucas|
