|j|☆nachoconpicodgallo
|j|☆Axo of DOOM
|html|nachoconpicodgalloAxo of DOOM    
|uhtml|bestof|Game 3 of a best-of-3
|t:|1786074434
|gametype|doubles
|player|p1|nachoconpicodgallo|guitarist|1223
|player|p2|Axo of DOOM|crasherwake|1230
|gen|9
|tier|[Gen 9 Champions] VGC 2026 Reg M-B (Bo3)
|rated|
|rule|Species Clause: Limit one of each Pokémon
|rule|Item Clause: Limit 1 of each item
|clearpoke
|poke|p1|Gengar, L50, F, shiny|
|poke|p1|Ninetales-Alola, L50, F, shiny|
|poke|p1|Incineroar, L50, F|
|poke|p1|Scovillain, L50, M|
|poke|p1|Lycanroc-Dusk, L50, F|
|poke|p1|Dragonite, L50, M|
|poke|p2|Raichu, L50, F|
|poke|p2|Staraptor, L50, F|
|poke|p2|Arcanine-Hisui, L50, M|
|poke|p2|Farigiraf, L50, M|
|poke|p2|Sylveon, L50, F|
|poke|p2|Kingambit, L50, M|
|teampreview|4
|showteam|p1|Gengar||Gengarite|CursedBody|ShadowBall,SludgeBomb,Substitute,Protect|Modest||F|||50|]Ninetales-Alola||ChoiceScarf|SnowWarning|Blizzard,FreezeDry,IcyWind,Encore|Timid||F|||50|]Incineroar||SitrusBerry|Intimidate|FlareBlitz,ThroatChop,FakeOut,PartingShot|Impish||F|||50|]Scovillain||Scovillainite|Moody|GigaDrain,Overheat,RagePowder,Protect|Bold||M|||50|]Lycanroc-Dusk||FocusSash|ToughClaws|RockSlide,CloseCombat,Accelerock,Protect|Adamant||F|||50|]Dragonite||LifeOrb|InnerFocus|DragonClaw,ExtremeSpeed,Superpower,Protect|Adamant||M|||50|
|showteam|p2|Raichu||RaichuniteY|LightningRod|ZapCannon,FocusBlast,FakeOut,Protect|Timid||F|||50|]Staraptor||Staraptite|Intimidate|CloseCombat,DualWingbeat,Tailwind,Protect|Jolly||F|||50|]Arcanine-Hisui||FocusSash|RockHead|FlareBlitz,HeadSmash,ExtremeSpeed,Protect|Jolly||M|||50|]Farigiraf||SitrusBerry|ArmorTail|Psychic,HelpingHand,TrickRoom,Protect|Calm||M|||50|]Sylveon||FairyFeather|Pixilate|HyperVoice,QuickAttack,HyperBeam,Detect|Modest||F|||50|]Kingambit||LifeOrb|Defiant|KowtowCleave,SuckerPunch,SwordsDance,Protect|Adamant||M|||50|
|inactive|Battle timer is ON: inactive players will automatically lose when time's up. (requested by nachoconpicodgallo)
|
|t:|1786074462
|teamsize|p1|4
|teamsize|p2|4
|start
|switch|p1a: Lycanroc|Lycanroc-Dusk, L50, F|100/100
|switch|p1b: Gengar|Gengar, L50, F, shiny|100/100
|switch|p2a: Staraptor|Staraptor, L50, F|100/100
|switch|p2b: Kingambit|Kingambit, L50, M|100/100
|-ability|p2a: Staraptor|Intimidate|boost
|-unboost|p1a: Lycanroc|atk|1
|-unboost|p1b: Gengar|atk|1
|turn|1
|
|t:|1786074484
|detailschange|p2a: Staraptor|Staraptor-Mega, L50, F
|-mega|p2a: Staraptor|Staraptor|Staraptite
|detailschange|p1b: Gengar|Gengar-Mega, L50, F, shiny
|-mega|p1b: Gengar|Gengar|Gengarite
|move|p2b: Kingambit|Sucker Punch|p1a: Lycanroc
|-damage|p1a: Lycanroc|17/100
|-damage|p2b: Kingambit|90/100|[from] item: Life Orb
|move|p1b: Gengar|Substitute|p1b: Gengar
|-start|p1b: Gengar|Substitute
|-damage|p1b: Gengar|75/100
|move|p2a: Staraptor|Close Combat|p1a: Lycanroc
|-supereffective|p1a: Lycanroc|1
|-damage|p1a: Lycanroc|0 fnt
|-boost|p2a: Staraptor|def|1
|-boost|p2a: Staraptor|spd|1
|faint|p1a: Lycanroc
|
|upkeep
|
|t:|1786074494
|switch|p1a: Ninetales|Ninetales-Alola, L50, F, shiny|100/100
|-weather|Snowscape|[from] ability: Snow Warning|[of] p1a: Ninetales
|turn|2
|
|t:|1786074512
|move|p2a: Staraptor|Protect|p2a: Staraptor
|-singleturn|p2a: Staraptor|Protect
|move|p1a: Ninetales|Blizzard|p2b: Kingambit|[spread] p2b
|-activate|p2a: Staraptor|move: Protect
|-resisted|p2b: Kingambit|1
|-damage|p2b: Kingambit|75/100
|move|p1b: Gengar|Sludge Bomb|p2a: Staraptor
|-activate|p2a: Staraptor|move: Protect
|move|p2b: Kingambit|Kowtow Cleave|p1b: Gengar
|-supereffective|p1b: Gengar|1
|-end|p1b: Gengar|Substitute
|-damage|p2b: Kingambit|66/100|[from] item: Life Orb
|
|-weather|Snowscape|[upkeep]
|upkeep
|turn|3
|
|t:|1786074524
|move|p2b: Kingambit|Sucker Punch||[still]
|-fail|p2b: Kingambit
|move|p1a: Ninetales|Blizzard|p2a: Staraptor|[spread] p2a,p2b
|-supereffective|p2a: Staraptor|1
|-resisted|p2b: Kingambit|1
|-damage|p2a: Staraptor|54/100
|-damage|p2b: Kingambit|53/100
|move|p1b: Gengar|Substitute|p1b: Gengar
|-start|p1b: Gengar|Substitute
|-damage|p1b: Gengar|50/100g
|move|p2a: Staraptor|Tailwind|p2a: Staraptor
|-sidestart|p2: Axo of DOOM|move: Tailwind
|
|-weather|Snowscape|[upkeep]
|upkeep
|turn|4
|inactive|nachoconpicodgallo has 30 seconds left.
|inactive|nachoconpicodgallo has 20 seconds left.
|inactive|nachoconpicodgallo has 15 seconds left.
|
|t:|1786074565
|move|p2a: Staraptor|Protect|p2a: Staraptor
|-singleturn|p2a: Staraptor|Protect
|move|p1b: Gengar|Protect|p1b: Gengar
|-singleturn|p1b: Gengar|Protect
|move|p1a: Ninetales|Blizzard|p2a: Staraptor|[spread] p2b
|-activate|p2a: Staraptor|move: Protect
|-resisted|p2b: Kingambit|1
|-damage|p2b: Kingambit|38/100
|move|p2b: Kingambit|Kowtow Cleave|p1b: Gengar
|-activate|p1b: Gengar|move: Protect
|
|-weather|Snowscape|[upkeep]
|upkeep
|turn|5
|
|t:|1786074579
|move|p2a: Staraptor|Dual Wingbeat|p1b: Gengar
|-end|p1b: Gengar|Substitute
|-damage|p1b: Gengar|21/100
|-hitcount|p1b: Gengar|2
|move|p1a: Ninetales|Blizzard|p2a: Staraptor|[spread] p2a,p2b
|-supereffective|p2a: Staraptor|1
|-resisted|p2b: Kingambit|1
|-damage|p2a: Staraptor|13/100
|-damage|p2b: Kingambit|23/100
|move|p1b: Gengar|Shadow Ball|p2b: Kingambit
|-resisted|p2b: Kingambit|1
|-damage|p2b: Kingambit|0 fnt
|faint|p2b: Kingambit
|
|-weather|Snowscape|[upkeep]
|upkeep
|
|t:|1786074593
|switch|p2b: Arcanine|Arcanine-Hisui, L50, M|100/100
|turn|6
|
|t:|1786074606
|switch|p1a: Dragonite|Dragonite, L50, M|100/100
|move|p1b: Gengar|Protect|p1b: Gengar
|-singleturn|p1b: Gengar|Protect
|move|p2a: Staraptor|Dual Wingbeat|p1b: Gengar
|-activate|p1b: Gengar|move: Protect
|move|p2b: Arcanine|Flare Blitz|p1a: Dragonite
|-resisted|p1a: Dragonite|1
|-damage|p1a: Dragonite|73/100
|
|-weather|none
|-sideend|p2: Axo of DOOM|move: Tailwind
|upkeep
|turn|7
|
|t:|1786074628
|move|p2a: Staraptor|Protect|p2a: Staraptor
|-singleturn|p2a: Staraptor|Protect
|move|p1a: Dragonite|Extreme Speed|p2a: Staraptor
|-activate|p2a: Staraptor|move: Protect
|move|p1b: Gengar|Shadow Ball|p2b: Arcanine
|-damage|p2b: Arcanine|40/100
|move|p2b: Arcanine|Flare Blitz|p1b: Gengar
|-damage|p1b: Gengar|0 fnt
|faint|p1b: Gengar
|
|upkeep
|
|t:|1786074638
|switch|p1b: Ninetales|Ninetales-Alola, L50, F, shiny|100/100
|-weather|Snowscape|[from] ability: Snow Warning|[of] p1b: Ninetales
|turn|8
|
|t:|1786074656
|switch|p2a: Farigiraf|Farigiraf, L50, M|100/100
|move|p1b: Ninetales|Icy Wind|p2b: Arcanine|[spread] p2a,p2b
|-resisted|p2b: Arcanine|1
|-damage|p2a: Farigiraf|86/100
|-damage|p2b: Arcanine|31/100
|-unboost|p2a: Farigiraf|spe|1
|-unboost|p2b: Arcanine|spe|1
|move|p1a: Dragonite|Dragon Claw|p2b: Arcanine
|-damage|p2b: Arcanine|0 fnt
|faint|p2b: Arcanine
|-damage|p1a: Dragonite|63/100|[from] item: Life Orb
|
|-weather|Snowscape|[upkeep]
|upkeep
|
|t:|1786074680
|switch|p2b: Staraptor|Staraptor-Mega, L50, F|13/100
|turn|9
|
|t:|1786074688
|move|p2b: Staraptor|Protect|p2b: Staraptor
|-singleturn|p2b: Staraptor|Protect
|move|p1b: Ninetales|Icy Wind|p2a: Farigiraf|[spread] 
|-activate|p2b: Staraptor|move: Protect
|-miss|p1b: Ninetales|p2a: Farigiraf
|move|p1a: Dragonite|Dragon Claw|p2a: Farigiraf
|-crit|p2a: Farigiraf
|-damage|p2a: Farigiraf|1/100
|-enditem|p2a: Farigiraf|Sitrus Berry|[eat]
|-heal|p2a: Farigiraf|26/100|[from] item: Sitrus Berry
|-damage|p1a: Dragonite|53/100|[from] item: Life Orb
|move|p2a: Farigiraf|Psychic|p1b: Ninetales
|-damage|p1b: Ninetales|64/100
|
|-weather|Snowscape|[upkeep]
|upkeep
|turn|10
|inactive|Axo of DOOM has 30 seconds left.
|
|t:|1786074719
|move|p2a: Farigiraf|Protect|p2a: Farigiraf
|-singleturn|p2a: Farigiraf|Protect
|move|p1b: Ninetales|Icy Wind|p2a: Farigiraf|[spread] p2b
|-activate|p2a: Farigiraf|move: Protect
|-supereffective|p2b: Staraptor|1
|-damage|p2b: Staraptor|0 fnt
|faint|p2b: Staraptor
|move|p1a: Dragonite|Dragon Claw|p2a: Farigiraf
|-activate|p2a: Farigiraf|move: Protect
|
|-weather|Snowscape|[upkeep]
|upkeep
|turn|11
|
|t:|1786074734
|move|p1b: Ninetales|Icy Wind|p2a: Farigiraf
|-damage|p2a: Farigiraf|11/100
|-unboost|p2a: Farigiraf|spe|1
|move|p1a: Dragonite|Dragon Claw|p2a: Farigiraf
|-damage|p2a: Farigiraf|0 fnt
|faint|p2a: Farigiraf
|-damage|p1a: Dragonite|44/100|[from] item: Life Orb
|
|win|nachoconpicodgallo
|raw|nachoconpicodgallo's rating: 1223 → 1249(+26 for winning)
|raw|Axo of DOOM's rating: 1230 → 1204(-26 for losing)
