|j|☆gamertag1001if
|j|☆KodeBeast0526
|html|gamertag1001ifKodeBeast0526    
|uhtml|bestof|Game 2 of a best-of-3
|t:|1785627309
|gametype|doubles
|player|p1|gamertag1001if|pokemaniac|1218
|player|p2|KodeBeast0526|hiker|1286
|gen|9
|tier|[Gen 9 Champions] VGC 2026 Reg M-B (Bo3)
|rated|
|rule|Species Clause: Limit one of each Pokémon
|rule|Item Clause: Limit 1 of each item
|clearpoke
|poke|p1|Raichu, L50, F|
|poke|p1|Garchomp, L50, M|
|poke|p1|Talonflame, L50, M|
|poke|p1|Ninetales-Alola, L50, F|
|poke|p1|Gholdengo, L50|
|poke|p1|Araquanid, L50, F|
|poke|p2|Basculegion, L50, M|
|poke|p2|Garchomp, L50, F|
|poke|p2|Scizor, L50, F|
|poke|p2|Tyranitar, L50, F|
|poke|p2|Sneasler, L50, F|
|poke|p2|Corviknight, L50, F|
|teampreview|4
|showteam|p1|Raichu||RaichuniteY|LightningRod|ZapCannon,FocusBlast,FakeOut,Protect|Timid||F|||50|]Garchomp||ChoiceScarf|RoughSkin|Earthquake,StompingTantrum,DragonClaw,RockSlide|Adamant||M|||50|]Talonflame|||GaleWings|Acrobatics,WillOWisp,Tailwind,Protect|Jolly||M|||50|]Ninetales-Alola||FocusSash|SnowWarning|Blizzard,FreezeDry,Encore,Protect|Timid||F|||50|]Gholdengo||LifeOrb|GoodasGold|MakeItRain,ShadowBall,NastyPlot,Protect|Modest|||||50|]Araquanid||SitrusBerry|WaterBubble|Liquidation,LeechLife,Protect,WideGuard|Adamant||F|||50|
|showteam|p2|Basculegion||SitrusBerry|Adaptability|WaveCrash,LastRespects,AquaJet,Protect|Jolly||M|||50|]Garchomp||Garchompite|RoughSkin|EarthPower,DracoMeteor,PowerGem,Protect|Modest||F|||50|]Scizor||LifeOrb|Technician|BulletPunch,BugBite,SwordsDance,Protect|Adamant||F|||50|]Tyranitar||ChoiceScarf|SandStream|RockSlide,KnockOff,IcePunch,Superpower|Jolly||F|||50|]Sneasler||FocusSash|PoisonTouch|PoisonJab,CloseCombat,FakeOut,Protect|Jolly||F|||50|]Corviknight||Leftovers|MirrorArmor|IronHead,BraveBird,Tailwind,Protect|Impish||F|||50|
|inactive|Battle timer is ON: inactive players will automatically lose when time's up. (requested by gamertag1001if)
|
|t:|1785627340
|teamsize|p1|4
|teamsize|p2|4
|start
|switch|p1a: Raichu|Raichu, L50, F|100/100
|switch|p1b: Talonflame|Talonflame, L50, M|100/100
|switch|p2a: Tyranitar|Tyranitar, L50, F|100/100
|switch|p2b: Sneasler|Sneasler, L50, F|100/100
|-weather|Sandstorm|[from] ability: Sand Stream|[of] p2a: Tyranitar
|turn|1
|
|t:|1785627363
|detailschange|p1a: Raichu|Raichu-Mega-Y, L50, F
|-mega|p1a: Raichu|Raichu|Raichunite Y
|move|p2b: Sneasler|Fake Out|p1a: Raichu
|-damage|p1a: Raichu|80/100
|cant|p1a: Raichu|flinch
|move|p1b: Talonflame|Tailwind|p1b: Talonflame
|-sidestart|p1: gamertag1001if|move: Tailwind
|move|p2a: Tyranitar|Rock Slide|p1a: Raichu|[spread] p1a,p1b
|-supereffective|p1b: Talonflame|2
|-damage|p1a: Raichu|40/100
|-damage|p1b: Talonflame|0 fnt
|faint|p1b: Talonflame
|
|-weather|Sandstorm|[upkeep]
|-damage|p1a: Raichu|34/100|[from] Sandstorm
|-damage|p2b: Sneasler|94/100|[from] Sandstorm
|upkeep
|
|t:|1785627371
|switch|p1b: Ninetales|Ninetales-Alola, L50, F|100/100
|-weather|Snowscape|[from] ability: Snow Warning|[of] p1b: Ninetales
|turn|2
|
|t:|1785627377
|switch|p2a: Basculegion|Basculegion, L50, M|100/100
|move|p2b: Sneasler|Protect|p2b: Sneasler
|-singleturn|p2b: Sneasler|Protect
|move|p1a: Raichu|Focus Blast|p2a: Basculegion
|-immune|p2a: Basculegion
|move|p1b: Ninetales|Encore|p2b: Sneasler
|-activate|p2b: Sneasler|move: Protect
|
|-weather|Snowscape|[upkeep]
|upkeep
|turn|3
|
|t:|1785627392
|switch|p1a: Araquanid|Araquanid, L50, F|100/100
|switch|p2b: Tyranitar|Tyranitar, L50, F|100/100
|-weather|Sandstorm|[from] ability: Sand Stream|[of] p2b: Tyranitar
|move|p2a: Basculegion|Aqua Jet|p1a: Araquanid
|-resisted|p1a: Araquanid|1
|-damage|p1a: Araquanid|87/100
|move|p1b: Ninetales|Encore||[still]
|-fail|p1b: Ninetales
|
|-weather|Sandstorm|[upkeep]
|-damage|p1b: Ninetales|94/100|[from] Sandstorm
|-damage|p2a: Basculegion|93/100|[from] Sandstorm
|-damage|p1a: Araquanid|81/100|[from] Sandstorm
|upkeep
|turn|4
|
|t:|1785627410
|switch|p2a: Garchomp|Garchomp, L50, F|100/100
|move|p1a: Araquanid|Wide Guard|p1a: Araquanid
|-singleturn|p1a: Araquanid|Wide Guard
|move|p1b: Ninetales|Freeze-Dry|p2a: Garchomp
|-supereffective|p2a: Garchomp|2
|-damage|p2a: Garchomp|0 fnt
|faint|p2a: Garchomp
|move|p2b: Tyranitar|Rock Slide|p1b: Ninetales|[spread] 
|-activate|p1a: Araquanid|move: Wide Guard
|-activate|p1b: Ninetales|move: Wide Guard
|
|-weather|Sandstorm|[upkeep]
|-damage|p1b: Ninetales|88/100|[from] Sandstorm
|-damage|p1a: Araquanid|75/100|[from] Sandstorm
|-sideend|p1: gamertag1001if|move: Tailwind
|upkeep
|
|t:|1785627416
|switch|p2a: Sneasler|Sneasler, L50, F|94/100
|turn|5
|
|t:|1785627432
|move|p1b: Ninetales|Protect|p1b: Ninetales
|-singleturn|p1b: Ninetales|Protect
|move|p2a: Sneasler|Poison Jab|p1b: Ninetales
|-activate|p1b: Ninetales|move: Protect
|move|p2b: Tyranitar|Rock Slide|p1b: Ninetales|[spread] 
|-activate|p1b: Ninetales|move: Protect
|-miss|p2b: Tyranitar|p1a: Araquanid
|move|p1a: Araquanid|Liquidation|p2b: Tyranitar
|-supereffective|p2b: Tyranitar|1
|-damage|p2b: Tyranitar|0 fnt
|faint|p2b: Tyranitar
|
|-weather|Sandstorm|[upkeep]
|-damage|p2a: Sneasler|88/100|[from] Sandstorm
|-damage|p1b: Ninetales|82/100|[from] Sandstorm
|-damage|p1a: Araquanid|70/100|[from] Sandstorm
|upkeep
|
|t:|1785627440
|switch|p2b: Basculegion|Basculegion, L50, M|93/100
|turn|6
|
|t:|1785627459
|switch|p1b: Raichu|Raichu-Mega-Y, L50, F|34/100
|move|p1a: Araquanid|Protect|p1a: Araquanid
|-singleturn|p1a: Araquanid|Protect
|move|p2a: Sneasler|Poison Jab|p1b: Raichu
|-damage|p1b: Raichu|0 fnt
|faint|p1b: Raichu
|move|p2b: Basculegion|Last Respects|p1a: Araquanid
|-activate|p1a: Araquanid|move: Protect
|
|-weather|Sandstorm|[upkeep]
|-damage|p2a: Sneasler|82/100|[from] Sandstorm
|-damage|p2b: Basculegion|87/100|[from] Sandstorm
|-damage|p1a: Araquanid|64/100|[from] Sandstorm
|upkeep
|
|t:|1785627463
|switch|p1b: Ninetales|Ninetales-Alola, L50, F|82/100
|-weather|Snowscape|[from] ability: Snow Warning|[of] p1b: Ninetales
|turn|7
|
|t:|1785627469
|move|p2a: Sneasler|Poison Jab|p1b: Ninetales
|-supereffective|p1b: Ninetales|1
|-damage|p1b: Ninetales|0 fnt
|faint|p1b: Ninetales
|move|p2b: Basculegion|Last Respects|p1a: Araquanid
|-damage|p1a: Araquanid|0 fnt
|faint|p1a: Araquanid
|
|win|KodeBeast0526
