|j|☆lolgz
|j|☆Bobbo1
|html|lolgzBobbo1    
|uhtml|bestof|Game 1 of a best-of-3
|t:|1784034175
|gametype|doubles
|player|p1|lolgz|dawn|1104
|player|p2|Bobbo1|ghetsis|1148
|gen|9
|tier|[Gen 9 Champions] VGC 2026 Reg M-B (Bo3)
|rated|
|rule|Species Clause: Limit one of each Pokémon
|rule|Item Clause: Limit 1 of each item
|clearpoke
|poke|p1|Delphox, L50, F|
|poke|p1|Incineroar, L50, F|
|poke|p1|Vivillon, L50, F|
|poke|p1|Sinistcha, L50|
|poke|p1|Blastoise, L50, M|
|poke|p1|Maushold, L50|
|poke|p2|Whimsicott, L50, M|
|poke|p2|Raichu, L50, M|
|poke|p2|Floette-Eternal, L50, F|
|poke|p2|Kingambit, L50, M|
|poke|p2|Basculegion, L50, M|
|poke|p2|Sneasler, L50, M|
|teampreview|4
|showteam|p1|Delphox||Delphoxite|Blaze|HeatWave,Psychic,NastyPlot,Protect|Timid||F|||50|]Incineroar||SitrusBerry|Intimidate|FakeOut,PartingShot,FlareBlitz,ThroatChop|Impish||F|||50|]Vivillon||ChoiceScarf|CompoundEyes|SleepPowder,Hurricane,RagePowder,Tailwind|Timid||F|||50|]Sinistcha||KasibBerry|Hospitality|MatchaGotcha,RagePowder,Protect,TrickRoom|Bold|||||50|]Blastoise||Blastoisinite|RainDish|Protect,WaterSpout,DarkPulse,ShellSmash|Modest||M|||50|]Maushold||FocusSash|FriendGuard|FollowMe,Protect,SuperFang,Feint|Jolly|||||50|
|showteam|p2|Whimsicott||FocusSash|Prankster|Protect,Moonblast,Tailwind,Encore|Timid||M|||50|]Raichu||RaichuniteY|LightningRod|Protect,ZapCannon,FocusBlast,FakeOut|Timid||M|||50|]Floette-Eternal||Floettite|FlowerVeil|Protect,LightofRuin,Moonblast,DazzlingGleam|Modest||F|||50|]Kingambit||ChopleBerry|Defiant|Protect,KowtowCleave,SuckerPunch,SwordsDance|Adamant||M|||50|]Basculegion||ChoiceScarf|Adaptability|WaveCrash,LastRespects,FlipTurn,AquaJet|Adamant||M|||50|]Sneasler||WhiteHerb|Unburden|Protect,CloseCombat,DireClaw,FakeOut|Adamant||M|||50|
|inactive|Battle timer is ON: inactive players will automatically lose when time's up. (requested by lolgz)
|
|t:|1784034204
|teamsize|p1|4
|teamsize|p2|4
|start
|switch|p1a: Incineroar|Incineroar, L50, F|100/100
|switch|p1b: Delphox|Delphox, L50, F|100/100
|switch|p2a: Whimsicott|Whimsicott, L50, M|100/100
|switch|p2b: Raichu|Raichu, L50, M|100/100
|-ability|p1a: Incineroar|Intimidate|boost
|-unboost|p2a: Whimsicott|atk|1
|-unboost|p2b: Raichu|atk|1
|turn|1
|
|t:|1784034226
|switch|p2a: Basculegion|Basculegion, L50, M|100/100
|detailschange|p2b: Raichu|Raichu-Mega-Y, L50, M
|-mega|p2b: Raichu|Raichu|Raichunite Y
|detailschange|p1b: Delphox|Delphox-Mega, L50, F
|-mega|p1b: Delphox|Delphox|Delphoxite
|move|p2b: Raichu|Fake Out|p1b: Delphox
|-damage|p1b: Delphox|91/100
|move|p1a: Incineroar|Fake Out|p2a: Basculegion
|-immune|p2a: Basculegion
|cant|p1b: Delphox|flinch
|
|upkeep
|turn|2
|inactive|lolgz has 30 seconds left.
|
|t:|1784034259
|move|p1b: Delphox|Protect|p1b: Delphox
|-singleturn|p1b: Delphox|Protect
|move|p2b: Raichu|Zap Cannon|p1b: Delphox
|-activate|p1b: Delphox|move: Protect
|move|p2a: Basculegion|Wave Crash|p1a: Incineroar
|-supereffective|p1a: Incineroar|1
|-damage|p1a: Incineroar|0 fnt
|faint|p1a: Incineroar
|-damage|p2a: Basculegion|71/100|[from] Recoil
|
|upkeep
|
|t:|1784034265
|switch|p1a: Maushold|Maushold, L50|100/100
|turn|3
|
|t:|1784034285
|move|p2b: Raichu|Protect|p2b: Raichu
|-singleturn|p2b: Raichu|Protect
|move|p1a: Maushold|Follow Me|p1a: Maushold
|-singleturn|p1a: Maushold|move: Follow Me
|move|p1b: Delphox|Psychic|p2a: Basculegion
|-damage|p2a: Basculegion|13/100
|move|p2a: Basculegion|Wave Crash|p1a: Maushold
|-enditem|p1a: Maushold|Focus Sash
|-damage|p1a: Maushold|1/100
|-damage|p2a: Basculegion|0 fnt|[from] Recoil
|faint|p2a: Basculegion
|
|upkeep
|
|t:|1784034288
|switch|p2a: Sneasler|Sneasler, L50, M|100/100
|turn|4
|
|t:|1784034298
|switch|p2a: Whimsicott|Whimsicott, L50, M|100/100
|move|p1b: Delphox|Protect|p1b: Delphox
|-singleturn|p1b: Delphox|Protect
|move|p1a: Maushold|Protect|p1a: Maushold
|-singleturn|p1a: Maushold|Protect
|move|p2b: Raichu|Zap Cannon|p1b: Delphox
|-activate|p1b: Delphox|move: Protect
|
|upkeep
|turn|5
|
|t:|1784034320
|move|p2a: Whimsicott|Protect|p2a: Whimsicott
|-singleturn|p2a: Whimsicott|Protect
|move|p1a: Maushold|Follow Me|p1a: Maushold
|-singleturn|p1a: Maushold|move: Follow Me
|move|p1b: Delphox|Heat Wave|p2a: Whimsicott|[spread] p2b
|-activate|p2a: Whimsicott|move: Protect
|-damage|p2b: Raichu|29/100
|move|p2b: Raichu|Zap Cannon|p1a: Maushold
|-damage|p1a: Maushold|0 fnt
|faint|p1a: Maushold
|
|upkeep
|
|t:|1784034328
|switch|p1a: Sinistcha|Sinistcha, L50|100/100
|-heal|p1b: Delphox|100/100|[from] ability: Hospitality|[of] p1a: Sinistcha
|turn|6
|
|t:|1784034341
|switch|p2b: Sneasler|Sneasler, L50, M|100/100
|move|p1a: Sinistcha|Rage Powder|p1a: Sinistcha
|-singleturn|p1a: Sinistcha|move: Rage Powder
|move|p2a: Whimsicott|Tailwind|p2a: Whimsicott
|-sidestart|p2: Bobbo1|move: Tailwind
|move|p1b: Delphox|Heat Wave|p2a: Whimsicott|[spread] p2a,p2b
|-supereffective|p2a: Whimsicott|1
|-enditem|p2a: Whimsicott|Focus Sash
|-damage|p2a: Whimsicott|1/100
|-damage|p2b: Sneasler|36/100
|
|upkeep
|turn|7
|
|t:|1784034353
|move|p1b: Delphox|Protect|p1b: Delphox
|-singleturn|p1b: Delphox|Protect
|move|p2a: Whimsicott|Moonblast|p1a: Sinistcha
|-damage|p1a: Sinistcha|65/100
|move|p2b: Sneasler|Dire Claw|p1a: Sinistcha
|-damage|p1a: Sinistcha|26/100
|move|p1a: Sinistcha|Matcha Gotcha|p2b: Sneasler|[spread] p2a,p2b
|-resisted|p2a: Whimsicott|1
|-resisted|p2b: Sneasler|1
|-damage|p2a: Whimsicott|0 fnt
|-heal|p1a: Sinistcha|27/100|[from] drain|[of] p2a: Whimsicott
|-damage|p2b: Sneasler|19/100
|-heal|p1a: Sinistcha|35/100|[from] drain|[of] p2b: Sneasler
|faint|p2a: Whimsicott
|
|upkeep
|
|t:|1784034355
|switch|p2a: Raichu|Raichu-Mega-Y, L50, M|29/100
|turn|8
|
|t:|1784034364
|move|p2a: Raichu|Zap Cannon|p1b: Delphox
|-damage|p1b: Delphox|22/100
|-status|p1b: Delphox|par
|move|p2b: Sneasler|Dire Claw|p1b: Delphox
|-damage|p1b: Delphox|0 fnt
|-fail|p1b: Delphox
|faint|p1b: Delphox
|move|p1a: Sinistcha|Matcha Gotcha|p2a: Raichu|[spread] p2a,p2b
|-resisted|p2b: Sneasler|1
|-damage|p2a: Raichu|0 fnt
|-heal|p1a: Sinistcha|46/100|[from] drain|[of] p2a: Raichu
|-damage|p2b: Sneasler|1/100
|-heal|p1a: Sinistcha|54/100|[from] drain|[of] p2b: Sneasler
|faint|p2a: Raichu
|
|upkeep
|turn|9
|
|t:|1784034368
|move|p2b: Sneasler|Dire Claw|p1a: Sinistcha
|-damage|p1a: Sinistcha|15/100
|move|p1a: Sinistcha|Matcha Gotcha|p2b: Sneasler
|-resisted|p2b: Sneasler|1
|-damage|p2b: Sneasler|0 fnt
|-heal|p1a: Sinistcha|16/100|[from] drain|[of] p2b: Sneasler
|faint|p2b: Sneasler
|
|win|lolgz
