|j|☆amtgc
|j|☆Kylliza
|html|amtgcKylliza    
|uhtml|bestof|Game 3 of a best-of-3
|t:|1782333413
|gametype|doubles
|player|p1|amtgc|102|1000
|player|p2|Kylliza|265|1042
|gen|9
|tier|[Gen 9 Champions] VGC 2026 Reg M-B (Bo3)
|rated|
|rule|Species Clause: Limit one of each Pokémon
|rule|Item Clause: Limit 1 of each item
|clearpoke
|poke|p1|Metagross, L50|
|poke|p1|Charizard, L50, M|
|poke|p1|Kingambit, L50, F|
|poke|p1|Sylveon, L50, F|
|poke|p1|Garchomp, L50, M|
|poke|p1|Whimsicott, L50, F, shiny|
|poke|p2|Blaziken, L50, F|
|poke|p2|Whimsicott, L50, F|
|poke|p2|Incineroar, L50, F|
|poke|p2|Sylveon, L50, M|
|poke|p2|Basculegion, L50, M|
|poke|p2|Froslass, L50, F|
|teampreview|4
|showteam|p1|Metagross||Metagrossite|ClearBody|PsychicFangs,IronHead,IcePunch,Protect|Jolly|||||50|]Charizard||CharizarditeY|Blaze|HeatWave,WeatherBall,SolarBeam,Protect|Modest||M|||50|]Kingambit||FocusSash|Defiant|SuckerPunch,KowtowCleave,LowKick,IronHead|Adamant||F|||50|]Sylveon||FairyFeather|Pixilate|HyperVoice,QuickAttack,HyperBeam,Detect|Modest||F|||50|]Garchomp||LifeOrb|RoughSkin|Earthquake,DragonClaw,Protect,StompingTantrum|Jolly||M|||50|]Whimsicott||SitrusBerry|Prankster|Moonblast,SunnyDay,Tailwind,Encore|Calm||F|||50|
|showteam|p2|Blaziken||Blazikenite|SpeedBoost|FlareBlitz,CloseCombat,RockSlide,Protect|Adamant||F|||50|]Whimsicott||FocusSash|Prankster|Moonblast,Tailwind,Encore,Protect|Timid||F|||50|]Incineroar||SitrusBerry|Intimidate|FakeOut,FlareBlitz,ThroatChop,PartingShot|Careful||F|||50|]Sylveon||FairyFeather|Pixilate|HyperVoice,HyperBeam,QuickAttack,Protect|Modest||M|||50|]Basculegion||ChoiceScarf|Adaptability|WaveCrash,LastRespects,AquaJet,FlipTurn|Jolly||M|||50|]Froslass||Froslassite|CursedBody|Blizzard,ShadowBall,AuroraVeil,Protect|Timid||F|||50|
|inactive|Battle timer is ON: inactive players will automatically lose when time's up. (requested by Kylliza)
|inactive|amtgc has 60 seconds left.
|inactive|amtgc has 30 seconds left.
|inactive|amtgc has 20 seconds left.
|
|t:|1782333503
|teamsize|p1|4
|teamsize|p2|4
|start
|switch|p1a: Garchomp|Garchomp, L50, M|100/100
|switch|p1b: Metagross|Metagross, L50|100/100
|switch|p2a: Blaziken|Blaziken, L50, F|100/100
|switch|p2b: Whimsicott|Whimsicott, L50, F|100/100
|turn|1
|
|t:|1782333522
|switch|p1b: Maddy|Whimsicott, L50, F, shiny|100/100
|detailschange|p2a: Blaziken|Blaziken-Mega, L50, F
|-mega|p2a: Blaziken|Blaziken|Blazikenite
|move|p2a: Blaziken|Protect|p2a: Blaziken
|-singleturn|p2a: Blaziken|Protect
|move|p2b: Whimsicott|Tailwind|p2b: Whimsicott
|-sidestart|p2: Kylliza|move: Tailwind
|move|p1a: Garchomp|Stomping Tantrum|p2a: Blaziken
|-activate|p2a: Blaziken|move: Protect
|
|-ability|p2a: Blaziken|Speed Boost|boost
|-boost|p2a: Blaziken|spe|1
|upkeep
|turn|2
|
|t:|1782333540
|switch|p1a: Metagross|Metagross, L50|100/100
|move|p1b: Maddy|Encore|p2a: Blaziken
|-start|p2a: Blaziken|Encore
|move|p2a: Blaziken|Protect||[still]
|-fail|p2a: Blaziken
|move|p2b: Whimsicott|Moonblast|p1a: Metagross
|-resisted|p1a: Metagross|1
|-damage|p1a: Metagross|82/100
|
|-ability|p2a: Blaziken|Speed Boost|boost
|-boost|p2a: Blaziken|spe|1
|upkeep
|turn|3
|inactive|amtgc has 30 seconds left.
|
|t:|1782333567
|switch|p2a: Basculegion|Basculegion, L50, M|100/100
|move|p2b: Whimsicott|Encore||[still]
|-fail|p2b: Whimsicott
|move|p1b: Maddy|Moonblast|p2b: Whimsicott
|-damage|p2b: Whimsicott|63/100
|move|p1a: Metagross|Iron Head|p2b: Whimsicott
|-supereffective|p2b: Whimsicott|1
|-damage|p2b: Whimsicott|0 fnt
|faint|p2b: Whimsicott
|
|upkeep
|
|t:|1782333587
|switch|p2b: Blaziken|Blaziken-Mega, L50, F|100/100
|turn|4
|inactive|amtgc has 30 seconds left.
|inactive|amtgc has 20 seconds left.
|inactive|amtgc has 15 seconds left.
|inactive|amtgc has 10 seconds left.
|
|t:|1782333634
|detailschange|p1a: Metagross|Metagross-Mega, L50
|-mega|p1a: Metagross|Metagross|Metagrossite
|move|p1b: Maddy|Tailwind|p1b: Maddy
|-sidestart|p1: amtgc|move: Tailwind
|move|p2a: Basculegion|Last Respects|p1a: Metagross
|-supereffective|p1a: Metagross|1
|-damage|p1a: Metagross|0 fnt
|faint|p1a: Metagross
|move|p2b: Blaziken|Flare Blitz|p1b: Maddy
|-supereffective|p1b: Maddy|1
|-damage|p1b: Maddy|0 fnt
|faint|p1b: Maddy
|-damage|p2b: Blaziken|64/100|[from] Recoil
|
|-sideend|p2: Kylliza|move: Tailwind
|-ability|p2b: Blaziken|Speed Boost|boost
|-boost|p2b: Blaziken|spe|1
|upkeep
|
|t:|1782333643
|switch|p1a: Garchomp|Garchomp, L50, M|100/100
|switch|p1b: Kingambit|Kingambit, L50, F|100/100
|turn|5
|inactive|amtgc has 30 seconds left.
|inactive|Kylliza has 30 seconds left.
|inactive|amtgc has 20 seconds left.
|
|t:|1782333683
|switch|p2a: Sylveon|Sylveon, L50, M|100/100
|move|p2b: Blaziken|Protect|p2b: Blaziken
|-singleturn|p2b: Blaziken|Protect
|move|p1b: Kingambit|Sucker Punch||[still]
|-fail|p1b: Kingambit
|move|p1a: Garchomp|Stomping Tantrum|p2b: Blaziken
|-activate|p2b: Blaziken|move: Protect
|
|-ability|p2b: Blaziken|Speed Boost|boost
|-boost|p2b: Blaziken|spe|1
|upkeep
|turn|6
|inactive|Kylliza has 30 seconds left.
|
|t:|1782333711
|switch|p2b: Basculegion|Basculegion, L50, M|100/100
|move|p2a: Sylveon|Protect|p2a: Sylveon
|-singleturn|p2a: Sylveon|Protect
|move|p1a: Garchomp|Stomping Tantrum|p2b: Basculegion
|-damage|p2b: Basculegion|40/100
|-damage|p1a: Garchomp|90/100|[from] item: Life Orb
|move|p1b: Kingambit|Iron Head|p2a: Sylveon
|-activate|p2a: Sylveon|move: Protect
|
|upkeep
|turn|7
|inactive|Kylliza has 30 seconds left.
|inactive|Kylliza has 20 seconds left.
|inactive|Kylliza has 15 seconds left.
|
|t:|1782333751
|move|p1a: Garchomp|Stomping Tantrum|p2b: Basculegion
|-damage|p2b: Basculegion|0 fnt
|faint|p2b: Basculegion
|-damage|p1a: Garchomp|80/100|[from] item: Life Orb
|move|p1b: Kingambit|Iron Head|p2a: Sylveon
|-supereffective|p2a: Sylveon|1
|-damage|p2a: Sylveon|0 fnt
|faint|p2a: Sylveon
|
|-sideend|p1: amtgc|move: Tailwind
|upkeep
|
|t:|1782333761
|switch|p2a: Blaziken|Blaziken-Mega, L50, F|64/100
|turn|8
|
|t:|1782333772
|move|p2a: Blaziken|Protect|p2a: Blaziken
|-singleturn|p2a: Blaziken|Protect
|move|p1a: Garchomp|Stomping Tantrum|p2a: Blaziken
|-activate|p2a: Blaziken|move: Protect
|move|p1b: Kingambit|Kowtow Cleave|p2a: Blaziken
|-activate|p2a: Blaziken|move: Protect
|
|-ability|p2a: Blaziken|Speed Boost|boost
|-boost|p2a: Blaziken|spe|1
|upkeep
|turn|9
|
|t:|1782333782
|move|p2a: Blaziken|Close Combat|p1a: Garchomp
|-damage|p1a: Garchomp|2/100
|-unboost|p2a: Blaziken|def|1
|-unboost|p2a: Blaziken|spd|1
|-damage|p2a: Blaziken|52/100|[from] ability: Rough Skin|[of] p1a: Garchomp
|move|p1a: Garchomp|Stomping Tantrum|p2a: Blaziken
|-supereffective|p2a: Blaziken|1
|-damage|p2a: Blaziken|0 fnt
|faint|p2a: Blaziken
|-damage|p1a: Garchomp|0 fnt|[from] item: Life Orb
|faint|p1a: Garchomp
|
|win|amtgc
|raw|amtgc's rating: 1000 → 1045(+45 for winning)
|raw|Kylliza's rating: 1042 → 1024(-18 for losing)
