|j|☆paudurin
|j|☆mudkipc4
|html|paudurinmudkipc4    
|uhtml|bestof|Game 1 of a best-of-3
|t:|1782520174
|gametype|doubles
|player|p1|paudurin|266|1105
|player|p2|mudkipc4|pokemaniac|1146
|gen|9
|tier|[Gen 9 Champions] VGC 2026 Reg M-B (Bo3)
|rated|
|rule|Species Clause: Limit one of each Pokémon
|rule|Item Clause: Limit 1 of each item
|clearpoke
|poke|p1|Falinks, L50|
|poke|p1|Sinistcha, L50|
|poke|p1|Dragalge, L50, F|
|poke|p1|Talonflame, L50, F|
|poke|p1|Garchomp, L50, F|
|poke|p1|Kingambit, L50, F|
|poke|p2|Mawile, L50, M|
|poke|p2|Farigiraf, L50, M|
|poke|p2|Tyranitar, L50, M|
|poke|p2|Gengar, L50, F|
|poke|p2|Grimmsnarl, L50, M|
|poke|p2|Hydreigon, L50, M|
|teampreview|4
|showteam|p1|Falinks||Falinksite|Defiant|Protect,SwordsDance,RockSlide,CloseCombat|Jolly|||||50|]Sinistcha||OccaBerry|Hospitality|StrengthSap,MatchaGotcha,RagePowder,Protect|Calm|||||50|]Dragalge||Dragalgite|Adaptability|DracoMeteor,SludgeBomb,Protect,Thunderbolt|Modest||F|||50|]Talonflame||MentalHerb|FlameBody|Tailwind,Protect,FlareBlitz,BraveBird|Jolly||F|||50|]Garchomp||Leftovers|RoughSkin|DragonClaw,StompingTantrum,RockSlide,Protect|Serious||F|||50|]Kingambit||BlackGlasses|Defiant|KowtowCleave,SuckerPunch,IronHead,Protect|Adamant||F|||50|
|showteam|p2|Mawile||Mawilite|Intimidate|PlayRough,IronHead,SuckerPunch,Protect|Brave||M|||50|]Farigiraf||SitrusBerry|ArmorTail|TrickRoom,Psychic,Protect,Imprison|Bold||M|||50|]Tyranitar||FocusSash|SandStream|RockSlide,BrickBreak,KnockOff,Protect|Adamant||M|||50|]Gengar||Gengarite|CursedBody|SludgeBomb,ShadowBall,Protect,WillOWisp|Timid||F|||50|]Grimmsnarl||LightClay|Prankster|FakeOut,PartingShot,Reflect,SpiritBreak|Impish||M|||50|]Hydreigon||ChoiceScarf|Levitate|DarkPulse,DracoMeteor,EarthPower,Snarl|Modest||M|||50|
|c|☆mudkipc4|I did not prep for this
|
|t:|1782520228
|teamsize|p1|4
|teamsize|p2|4
|start
|switch|p1a: Falinks|Falinks, L50|100/100
|switch|p1b: Talonflame|Talonflame, L50, F|100/100
|switch|p2a: Chimera|Farigiraf, L50, M|100/100
|switch|p2b: Hydra|Hydreigon, L50, M|100/100
|turn|1
|
|t:|1782520240
|switch|p2b: Typhon|Tyranitar, L50, M|100/100
|-weather|Sandstorm|[from] ability: Sand Stream|[of] p2b: Typhon
|detailschange|p1a: Falinks|Falinks-Mega, L50
|-mega|p1a: Falinks|Falinks|Falinksite
|move|p1a: Falinks|Protect|p1a: Falinks
|-singleturn|p1a: Falinks|Protect
|move|p1b: Talonflame|Tailwind|p1b: Talonflame
|-sidestart|p1: paudurin|move: Tailwind
|move|p2a: Chimera|Trick Room|p2a: Chimera
|-fieldstart|move: Trick Room|[of] p2a: Chimera
|
|-weather|Sandstorm|[upkeep]
|-damage|p2a: Chimera|93/100|[from] Sandstorm
|-damage|p1a: Falinks|94/100|[from] Sandstorm
|-damage|p1b: Talonflame|94/100|[from] Sandstorm
|upkeep
|turn|2
|
|t:|1782520255
|switch|p1a: Sinistcha|Sinistcha, L50|100/100
|-heal|p1b: Talonflame|100/100|[from] ability: Hospitality|[of] p1a: Sinistcha
|move|p1b: Talonflame|Protect|p1b: Talonflame
|-singleturn|p1b: Talonflame|Protect
|move|p2a: Chimera|Psychic|p1a: Sinistcha
|-damage|p1a: Sinistcha|64/100
|move|p2b: Typhon|Rock Slide|p1a: Sinistcha|[spread] p1a
|-activate|p1b: Talonflame|move: Protect
|-damage|p1a: Sinistcha|40/100
|
|-weather|Sandstorm|[upkeep]
|-damage|p2a: Chimera|87/100|[from] Sandstorm
|-damage|p1a: Sinistcha|34/100|[from] Sandstorm
|-damage|p1b: Talonflame|94/100|[from] Sandstorm
|upkeep
|turn|3
|
|t:|1782520277
|switch|p1b: Falinks|Falinks-Mega, L50|94/100
|move|p2a: Chimera|Psychic|p1a: Sinistcha
|-damage|p1a: Sinistcha|0 fnt
|faint|p1a: Sinistcha
|move|p2b: Typhon|Brick Break|p1b: Falinks
|-damage|p1b: Falinks|64/100
|
|-weather|Sandstorm|[upkeep]
|-damage|p2a: Chimera|81/100|[from] Sandstorm
|-damage|p1b: Falinks|58/100|[from] Sandstorm
|upkeep
|
|t:|1782520298
|switch|p1a: Garchomp|Garchomp, L50, F|100/100
|turn|4
|
|t:|1782520321
|move|p1b: Falinks|Protect|p1b: Falinks
|-singleturn|p1b: Falinks|Protect
|move|p2a: Chimera|Imprison|p2a: Chimera
|-start|p2a: Chimera|move: Imprison
|move|p2b: Typhon|Knock Off|p1a: Garchomp
|-damage|p1a: Garchomp|45/100
|-damage|p2b: Typhon|87/100|[from] ability: Rough Skin|[of] p1a: Garchomp
|-enditem|p1a: Garchomp|Leftovers|[from] move: Knock Off|[of] p2b: Typhon
|move|p1a: Garchomp|Dragon Claw|p2a: Chimera
|-crit|p2a: Chimera
|-damage|p2a: Chimera|37/100
|-enditem|p2a: Chimera|Sitrus Berry|[eat]
|-heal|p2a: Chimera|62/100|[from] item: Sitrus Berry
|
|-weather|Sandstorm|[upkeep]
|-damage|p2a: Chimera|56/100|[from] Sandstorm
|-damage|p1b: Falinks|52/100|[from] Sandstorm
|-sideend|p1: paudurin|move: Tailwind
|upkeep
|turn|5
|-message|paudurin forfeited.
|
|win|mudkipc4
|l|☆paudurin
|player|p1|
||mudkipc4 is ready for game 2.
||paudurin is ready for game 2.
|uhtml|next|Next: Game 2 of 3
|l|☆mudkipc4
|player|p2|
|j|☆mudkipc4
|player|p2|mudkipc4|pokemaniac|
