|j|☆terry-torrial
|j|☆Yubay007
|html|terry-torrialYubay007    
|uhtml|bestof|Game 1 of a best-of-3
|t:|1756299874
|gametype|doubles
|player|p1|terry-torrial|170|
|player|p2|Yubay007|cynthia-gen7|
|gen|9
|tier|[Gen 9] VGC 2025 Reg H (Bo3)
|rule|Species Clause: Limit one of each Pokémon
|rule|Item Clause: Limit 1 of each item
|clearpoke
|poke|p1|Incineroar, L50, M|
|poke|p1|Gholdengo, L50|
|poke|p1|Rillaboom, L50, M|
|poke|p1|Sneasler, L50, F|
|poke|p1|Electabuzz, L50, M|
|poke|p1|Dragonite, L50, F|
|poke|p2|Garchomp, L50, M|
|poke|p2|Incineroar, L50, M|
|poke|p2|Kingambit, L50, M|
|poke|p2|Ninetales-Alola, L50, M|
|poke|p2|Dragonite, L50, F|
|poke|p2|Amoonguss, L50, F|
|teampreview|4
|showteam|p1|Incineroar||SafetyGoggles|Intimidate|KnockOff,FlareBlitz,PartingShot,FakeOut|||M|||50|,,,,,Ghost]Gholdengo||LifeOrb|GoodasGold|NastyPlot,MakeItRain,Protect,ShadowBall||||||50|,,,,,Water]Rillaboom||AssaultVest|GrassySurge|WoodHammer,GrassyGlide,FakeOut,HighHorsepower|||M|||50|,,,,,Fire]Sneasler||FocusSash|Unburden|DireClaw,CloseCombat,FakeOut,Coaching|||F|||50|,,,,,Stellar]Electabuzz||Eviolite|VitalSpirit|Thunderbolt,Electroweb,FollowMe,Protect|||M|||50|,,,,,Dragon]Dragonite||LoadedDice|Multiscale|ScaleShot,Tailwind,Haze,Protect|||F|||50|,,,,,Fairy
|showteam|p2|Garchomp||LifeOrb|RoughSkin|StompingTantrum,DragonClaw,Earthquake,Protect|||M|||50|,,,,,Steel]Incineroar||SafetyGoggles|Intimidate|FakeOut,FlareBlitz,KnockOff,PartingShot|||M|||50|,,,,,Ghost]Kingambit||AssaultVest|Defiant|LowKick,IronHead,KowtowCleave,SuckerPunch|||M|||50|,,,,,Flying]Ninetales-Alola||FocusSash|SnowWarning|Protect,Encore,FreezeDry,Blizzard|||M|||50|,,,,,Ice]Dragonite||LumBerry|Multiscale|TeraBlast,LowKick,ExtremeSpeed,Protect|||F|||50|,,,,,Flying]Amoonguss||SitrusBerry|Regenerator|ClearSmog,Spore,RagePowder,PollenPuff|||F|||50|,,,,,Water
|inactive|Battle timer is ON: inactive players will automatically lose when time's up. (requested by Yubay007)
|c|☆terry-torrial|glhf
|inactive|terry-torrial has 60 seconds left.
|inactive|Yubay007 has 60 seconds left.
|inactive|terry-torrial has 30 seconds left.
|c|☆Yubay007|glhf
|inactive|terry-torrial has 20 seconds left.
|
|t:|1756299947
|teamsize|p1|4
|teamsize|p2|4
|start
|switch|p1a: Sneasler|Sneasler, L50, F, shiny|100/100
|switch|p1b: Dragonite|Dragonite, L50, F, shiny|100/100
|switch|p2a: Dragonite|Dragonite, L50, F|100/100
|switch|p2b: Garchomp|Garchomp, L50, M|100/100
|turn|1
|inactive|terry-torrial has 30 seconds left.
|inactive|terry-torrial has 20 seconds left.
|
|t:|1756299984
|move|p2b: Garchomp|Protect|p2b: Garchomp
|-singleturn|p2b: Garchomp|Protect
|move|p2a: Dragonite|Protect|p2a: Dragonite
|-singleturn|p2a: Dragonite|Protect
|move|p1a: Sneasler|Fake Out|p2b: Garchomp
|-activate|p2b: Garchomp|move: Protect
|move|p1b: Dragonite|Tailwind|p1b: Dragonite
|-sidestart|p1: terry-torrial|move: Tailwind
|
|upkeep
|turn|2
|
|t:|1756300002
|switch|p2b: Incineroar|Incineroar, L50, M|100/100
|-ability|p2b: Incineroar|Intimidate|boost
|-unboost|p1a: Sneasler|atk|1
|-unboost|p1b: Dragonite|atk|1
|-terastallize|p1b: Dragonite|Fairy
|-terastallize|p2a: Dragonite|Flying
|move|p1a: Sneasler|Coaching|p1b: Dragonite
|-boost|p1b: Dragonite|atk|1
|-boost|p1b: Dragonite|def|1
|move|p1b: Dragonite|Scale Shot|p2b: Incineroar
|-damage|p2b: Incineroar|86/100
|-damage|p2b: Incineroar|69/100
|-damage|p2b: Incineroar|53/100
|-damage|p2b: Incineroar|38/100
|-damage|p2b: Incineroar|22/100
|-hitcount|p2b: Incineroar|5
|-unboost|p1b: Dragonite|def|1
|-boost|p1b: Dragonite|spe|1
|move|p2a: Dragonite|Tera Blast|p1a: Sneasler|[anim] Tera Blast Flying
|-supereffective|p1a: Sneasler
|-enditem|p1a: Sneasler|Focus Sash
|-damage|p1a: Sneasler|1/100
|
|upkeep
|turn|3
|inactive|Yubay007 has 30 seconds left.
|
|t:|1756300030
|switch|p1a: Gholdengo|Gholdengo, L50|100/100
|move|p1b: Dragonite|Protect|p1b: Dragonite
|-singleturn|p1b: Dragonite|Protect
|move|p2b: Incineroar|Fake Out|p1b: Dragonite
|-activate|p1b: Dragonite|move: Protect
|move|p2a: Dragonite|Extreme Speed|p1a: Gholdengo
|-immune|p1a: Gholdengo
|
|upkeep
|turn|4
|
|t:|1756300049
|switch|p2b: Kingambit|Kingambit, L50, M|100/100
|move|p1b: Dragonite|Scale Shot|p2a: Dragonite
|-damage|p2a: Dragonite|92/100
|-damage|p2a: Dragonite|75/100
|-damage|p2a: Dragonite|59/100
|-damage|p2a: Dragonite|44/100
|-damage|p2a: Dragonite|29/100
|-hitcount|p2a: Dragonite|5
|-unboost|p1b: Dragonite|def|1
|-boost|p1b: Dragonite|spe|1
|move|p1a: Gholdengo|Make It Rain|p2b: Kingambit|[spread] p2a,p2b
|-resisted|p2b: Kingambit
|-damage|p2a: Dragonite|0 fnt
|-damage|p2b: Kingambit|80/100
|-unboost|p1a: Gholdengo|spa|1
|faint|p2a: Dragonite
|-damage|p1a: Gholdengo|91/100|[from] item: Life Orb
|
|-sideend|p1: terry-torrial|move: Tailwind
|upkeep
|
|t:|1756300069
|switch|p2a: Incineroar|Incineroar, L50, M|22/100
|-ability|p2a: Incineroar|Intimidate|boost
|-unboost|p1a: Gholdengo|atk|1
|-unboost|p1b: Dragonite|atk|1
|turn|5
|
|t:|1756300079
|switch|p1a: Sneasler|Sneasler, L50, F, shiny|1/100
|move|p1b: Dragonite|Protect|p1b: Dragonite
|-singleturn|p1b: Dragonite|Protect
|move|p2a: Incineroar|Fake Out|p1b: Dragonite
|-activate|p1b: Dragonite|move: Protect
|move|p2b: Kingambit|Kowtow Cleave|p1a: Sneasler
|-resisted|p1a: Sneasler
|-crit|p1a: Sneasler
|-damage|p1a: Sneasler|0 fnt
|faint|p1a: Sneasler
|
|upkeep
|
|t:|1756300090
|switch|p1a: Gholdengo|Gholdengo, L50|91/100
|turn|6
|
|t:|1756300106
|move|p1b: Dragonite|Scale Shot|p2b: Kingambit
|-resisted|p2b: Kingambit
|-damage|p2b: Kingambit|76/100
|-resisted|p2b: Kingambit
|-damage|p2b: Kingambit|72/100
|-resisted|p2b: Kingambit
|-damage|p2b: Kingambit|68/100
|-resisted|p2b: Kingambit
|-damage|p2b: Kingambit|64/100
|-hitcount|p2b: Kingambit|4
|-unboost|p1b: Dragonite|def|1
|-boost|p1b: Dragonite|spe|1
|move|p1a: Gholdengo|Make It Rain|p2a: Incineroar|[spread] p2a,p2b
|-resisted|p2a: Incineroar
|-resisted|p2b: Kingambit
|-damage|p2a: Incineroar|0 fnt
|-damage|p2b: Kingambit|44/100
|-unboost|p1a: Gholdengo|spa|1
|faint|p2a: Incineroar
|-damage|p1a: Gholdengo|82/100|[from] item: Life Orb
|move|p2b: Kingambit|Kowtow Cleave|p1a: Gholdengo
|-supereffective|p1a: Gholdengo
|-damage|p1a: Gholdengo|0 fnt
|faint|p1a: Gholdengo
|
|upkeep
|
|t:|1756300126
|switch|p1a: Rillaboom|Rillaboom, L50, M, shiny|100/100
|switch|p2a: Garchomp|Garchomp, L50, M|100/100
|-fieldstart|move: Grassy Terrain|[from] ability: Grassy Surge|[of] p1a: Rillaboom
|turn|7
|inactive|terry-torrial has 30 seconds left.
|
|t:|1756300153
|move|p2a: Garchomp|Protect|p2a: Garchomp
|-singleturn|p2a: Garchomp|Protect
|move|p1a: Rillaboom|Fake Out|p2b: Kingambit
|-resisted|p2b: Kingambit
|-damage|p2b: Kingambit|38/100
|move|p1b: Dragonite|Haze|p1b: Dragonite
|-clearallboost
|cant|p2b: Kingambit|flinch
|
|-heal|p2b: Kingambit|44/100|[from] Grassy Terrain
|upkeep
|turn|8
|
|t:|1756300175
|move|p2a: Garchomp|Stomping Tantrum|p1b: Dragonite
|-damage|p1b: Dragonite|73/100
|-damage|p2a: Garchomp|91/100|[from] item: Life Orb
|move|p1b: Dragonite|Scale Shot|p2a: Garchomp|[miss]
|-miss|p1b: Dragonite|p2a: Garchomp
|move|p1a: Rillaboom|High Horsepower|p2b: Kingambit
|-supereffective|p2b: Kingambit
|-damage|p2b: Kingambit|0 fnt
|faint|p2b: Kingambit
|
|-heal|p2a: Garchomp|97/100|[from] Grassy Terrain
|-heal|p1b: Dragonite|79/100|[from] Grassy Terrain
|upkeep
|turn|9
|-message|Yubay007 forfeited.
|
|win|terry-torrial
|l|☆Yubay007
|player|p2|
||Yubay007 is ready for game 2.
|inactive|terry-torrial has 30 seconds to confirm battle start!
||terry-torrial is ready for game 2.
|uhtml|next|Next: Game 2 of 3
|j|☆Yubay007
|player|p2|Yubay007|cynthia-gen7|
