|j|☆harrybxrry
|j|☆Alex Blader
|html|harrybxrryAlex Blader    
|uhtml|bestof|Game 3 of a best-of-3
|t:|1784473925
|gametype|doubles
|player|p1|harrybxrry|ingo|
|player|p2|Alex Blader|drayden|
|gen|9
|tier|[Gen 9 Champions] VGC 2026 Reg M-B (Bo3)
|rule|Species Clause: Limit one of each Pokémon
|rule|Item Clause: Limit 1 of each item
|clearpoke
|poke|p1|Blastoise, L50, M|
|poke|p1|Orthworm, L50, F|
|poke|p1|Sylveon, L50, F, shiny|
|poke|p1|Incineroar, L50, M|
|poke|p1|Banette, L50, M|
|poke|p1|Kleavor, L50, M, shiny|
|poke|p2|Sceptile, L50, M|
|poke|p2|Rotom-Heat, L50|
|poke|p2|Scizor, L50, M|
|poke|p2|Liepard, L50, M|
|poke|p2|Sinistcha, L50|
|poke|p2|Krookodile, L50, M|
|teampreview|4
|showteam|p1|Blastoise||Blastoisinite|RainDish|WaterSpout,DarkPulse,FakeOut,ShellSmash|Modest||M|||50|]Orthworm||OccaBerry|EarthEater|BodyPress,ShedTail,HeavySlam,Protect|Careful||F|||50|]Sylveon||FairyFeather|Pixilate|HyperVoice,WeatherBall,HyperBeam,QuickAttack|Modest||F|||50|]Incineroar||SitrusBerry|Intimidate|FakeOut,PartingShot,FlareBlitz,DarkestLariat|Careful||M|||50|]Banette||Banettite|Frisk|RainDance,Encore,TrickRoom,Poltergeist|Adamant||M|||50|]Kleavor||FocusSash|Sharpness|StoneAxe,RainDance,XScissor,Tailwind|Adamant||M|||50|
|showteam|p2|Sceptile||Sceptilite|Overgrow|Protect,FocusBlast,LeafStorm,EarthPower|Modest||M|||50|]Rotom-Heat||ChoiceScarf|Levitate|Discharge,VoltSwitch,Overheat,WillOWisp|Modest|||||50|]Scizor||Scizorite|Technician|BugBite,BulletPunch,Protect,SwordsDance|Adamant||M|||50|]Liepard||FocusSash|Prankster|Taunt,Encore,FakeOut,FoulPlay|Jolly||M|||50|]Sinistcha||SitrusBerry|Hospitality|MatchaGotcha,RagePowder,LifeDew,Protect|Calm|||||50|]Krookodile||RoseliBerry|Intimidate|Earthquake,IronHead,CloseCombat,Protect|Jolly||M|||50|
|
|t:|1784473998
|teamsize|p1|4
|teamsize|p2|4
|start
|switch|p1a: Wolfe|Incineroar, L50, M|100/100
|switch|p1b: Sally|Orthworm, L50, F|100/100
|switch|p2a: Asbel|Sceptile, L50, M|100/100
|switch|p2b: 1945|Rotom-Heat, L50|100/100
|-ability|p1a: Wolfe|Intimidate|boost
|-unboost|p2a: Asbel|atk|1
|-unboost|p2b: 1945|atk|1
|turn|1
|
|t:|1784474034
|detailschange|p2a: Asbel|Sceptile-Mega, L50, M
|-mega|p2a: Asbel|Sceptile|Sceptilite
|move|p1a: Wolfe|Fake Out|p2b: 1945
|-damage|p2b: 1945|88/100
|move|p2a: Asbel|Leaf Storm|p1b: Sally
|-resisted|p1b: Sally|1
|-damage|p1b: Sally|57/100
|-unboost|p2a: Asbel|spa|2
|cant|p2b: 1945|flinch
|move|p1b: Sally|Shed Tail|p1b: Sally
|-start|p1b: Sally|Substitute|[from] move: Shed Tail
|-damage|p1b: Sally|7/100
|
|t:|1784474046
|switch|p1b: Caravan|Blastoise, L50, M|100/100|[from] Shed Tail
|
|upkeep
|turn|2
|
|t:|1784474070
|switch|p2a: Lipton|Sinistcha, L50|100/100
|-heal|p2b: 1945|100/100|[from] ability: Hospitality|[of] p2a: Lipton
|switch|p1a: Big Red Button|Sylveon, L50, F, shiny|100/100
|detailschange|p1b: Caravan|Blastoise-Mega, L50, M
|-mega|p1b: Caravan|Blastoise|Blastoisinite
|move|p2b: 1945|Volt Switch|p1b: Caravan
|-supereffective|p1b: Caravan|1
|-end|p1b: Caravan|Substitute
|
|t:|1784474080
|switch|p2b: Lea|Liepard, L50, M|100/100|[from] Volt Switch
|move|p1b: Caravan|Shell Smash|p1b: Caravan
|-unboost|p1b: Caravan|def|1
|-unboost|p1b: Caravan|spd|1
|-boost|p1b: Caravan|atk|2
|-boost|p1b: Caravan|spa|2
|-boost|p1b: Caravan|spe|2
|
|upkeep
|turn|3
|
|t:|1784474095
|move|p2b: Lea|Encore|p1b: Caravan
|-start|p1b: Caravan|Encore
|move|p1b: Caravan|Shell Smash|p1b: Caravan
|-unboost|p1b: Caravan|def|1
|-unboost|p1b: Caravan|spd|1
|-boost|p1b: Caravan|atk|2
|-boost|p1b: Caravan|spa|2
|-boost|p1b: Caravan|spe|2
|move|p2a: Lipton|Matcha Gotcha|p1a: Big Red Button|[spread] p1a,p1b
|-supereffective|p1b: Caravan|1
|-damage|p1a: Big Red Button|83/100
|-damage|p1b: Caravan|21/100
|move|p1a: Big Red Button|Hyper Voice|p2b: Lea|[spread] p2a,p2b
|-supereffective|p2b: Lea|1
|-damage|p2a: Lipton|46/100
|-enditem|p2b: Lea|Focus Sash
|-damage|p2b: Lea|1/100
|-enditem|p2a: Lipton|Sitrus Berry|[eat]
|-heal|p2a: Lipton|70/100|[from] item: Sitrus Berry
|
|upkeep
|turn|4
|
|t:|1784474125
|switch|p1b: Sally|Orthworm, L50, F|7/100
|switch|p2b: 1945|Rotom-Heat, L50|100/100
|move|p2a: Lipton|Matcha Gotcha|p1a: Big Red Button|[spread] p1a,p1b
|-resisted|p1b: Sally|1
|-damage|p1a: Big Red Button|65/100
|-heal|p2a: Lipton|80/100|[from] drain|[of] p1a: Big Red Button
|-damage|p1b: Sally|0 fnt
|-heal|p2a: Lipton|84/100|[from] drain|[of] p1b: Sally
|-status|p1a: Big Red Button|brn
|faint|p1b: Sally
|move|p1a: Big Red Button|Hyper Voice|p2a: Lipton|[spread] p2a,p2b
|-resisted|p2b: 1945|1
|-damage|p2a: Lipton|35/100
|-damage|p2b: 1945|68/100
|
|-damage|p1a: Big Red Button|59/100 brn|[from] brn
|upkeep
|
|t:|1784474142
|switch|p1b: Wolfe|Incineroar, L50, M|100/100
|-ability|p1b: Wolfe|Intimidate|boost
|-unboost|p2a: Lipton|atk|1
|-unboost|p2b: 1945|atk|1
|turn|5
|
|t:|1784474165
|move|p2a: Lipton|Protect|p2a: Lipton
|-singleturn|p2a: Lipton|Protect
|move|p1b: Wolfe|Fake Out|p2b: 1945
|-damage|p2b: 1945|56/100
|cant|p2b: 1945|flinch
|move|p1a: Big Red Button|Hyper Voice|p2a: Lipton|[spread] p2b
|-activate|p2a: Lipton|move: Protect
|-resisted|p2b: 1945|1
|-damage|p2b: 1945|25/100
|
|-damage|p1a: Big Red Button|53/100 brn|[from] brn
|upkeep
|turn|6
|
|t:|1784474245
|switch|p2a: Lea|Liepard, L50, M|1/100
|move|p2b: 1945|Overheat|p1a: Big Red Button
|-damage|p1a: Big Red Button|7/100 brn
|-unboost|p2b: 1945|spa|2
|move|p1a: Big Red Button|Hyper Voice|p2b: 1945|[spread] p2a,p2b
|-supereffective|p2a: Lea|1
|-resisted|p2b: 1945|1
|-damage|p2a: Lea|0 fnt
|-damage|p2b: 1945|0 fnt
|faint|p2a: Lea
|faint|p2b: 1945
|move|p1b: Wolfe|Darkest Lariat|p2: Lea|[notarget]
|-fail|p1b: Wolfe
|
|-damage|p1a: Big Red Button|1/100 brn|[from] brn
|upkeep
|
|t:|1784474260
|switch|p2a: Lipton|Sinistcha, L50|35/100
|switch|p2b: Asbel|Sceptile-Mega, L50, M|100/100
|turn|7
|
|t:|1784474311
|move|p2b: Asbel|Protect|p2b: Asbel
|-singleturn|p2b: Asbel|Protect
|move|p2a: Lipton|Protect|p2a: Lipton
|-singleturn|p2a: Lipton|Protect
|move|p1a: Big Red Button|Quick Attack|p2b: Asbel
|-activate|p2b: Asbel|move: Protect
|move|p1b: Wolfe|Darkest Lariat|p2a: Lipton
|-activate|p2a: Lipton|move: Protect
|
|-damage|p1a: Big Red Button|0 fnt|[from] brn
|faint|p1a: Big Red Button
|upkeep
|
|t:|1784474318
|switch|p1a: Caravan|Blastoise-Mega, L50, M|21/100
|turn|8
|
|t:|1784474346
|move|p1a: Caravan|Fake Out|p2b: Asbel
|-damage|p2b: Asbel|87/100
|cant|p2b: Asbel|flinch
|move|p2a: Lipton|Matcha Gotcha|p1b: Wolfe|[spread] p1a,p1b
|-supereffective|p1a: Caravan|1
|-resisted|p1b: Wolfe|1
|-damage|p1a: Caravan|0 fnt
|-heal|p2a: Lipton|47/100|[from] drain|[of] p1a: Caravan
|-damage|p1b: Wolfe|91/100
|-heal|p2a: Lipton|52/100|[from] drain|[of] p1b: Wolfe
|faint|p1a: Caravan
|move|p1b: Wolfe|Darkest Lariat|p2a: Lipton
|-supereffective|p2a: Lipton|1
|-damage|p2a: Lipton|0 fnt
|faint|p2a: Lipton
|
|upkeep
|turn|9
|
|t:|1784474376
|move|p2b: Asbel|Focus Blast|p1b: Wolfe
|-supereffective|p1b: Wolfe|1
|-damage|p1b: Wolfe|16/100
|-enditem|p1b: Wolfe|Sitrus Berry|[eat]
|-heal|p1b: Wolfe|41/100|[from] item: Sitrus Berry
|move|p1b: Wolfe|Flare Blitz|p2b: Asbel
|-damage|p2b: Asbel|19/100
|-damage|p1b: Wolfe|25/100|[from] Recoil
|
|upkeep
|turn|10
|c|☆harrybxrry|gg
|
|t:|1784474391
|move|p2b: Asbel|Earth Power|p1b: Wolfe
|-supereffective|p1b: Wolfe|1
|-damage|p1b: Wolfe|0 fnt
|faint|p1b: Wolfe
|
|win|Alex Blader
