|j|☆fralb14
|j|☆okkoso
|html|fralb14okkoso    
|uhtml|bestof|Game 2 of a best-of-3
|t:|1756301830
|gametype|doubles
|player|p1|fralb14|2|1157
|player|p2|okkoso|waiter-gen4dp|1062
|gen|9
|tier|[Gen 9] VGC 2025 Reg H (Bo3)
|rated|
|rule|Species Clause: Limit one of each Pokémon
|rule|Item Clause: Limit 1 of each item
|clearpoke
|poke|p1|Gholdengo, L50|
|poke|p1|Pelipper, L50, F|
|poke|p1|Archaludon, L50, F|
|poke|p1|Sinistcha, L50|
|poke|p1|Ursaluna, L50, M|
|poke|p1|Dragonite, L50, F|
|poke|p2|Incineroar, L50, M|
|poke|p2|Gholdengo, L50|
|poke|p2|Dragonite, L50, M|
|poke|p2|Amoonguss, L50, F|
|poke|p2|Ursaluna-Bloodmoon, L50, M|
|poke|p2|Sneasler, L50, F|
|teampreview|4
|showteam|p1|Gholdengo||ChoiceScarf|GoodasGold|MakeItRain,ShadowBall,Trick,Protect||||||50|,,,,,Flying]Pelipper||FocusSash|Drizzle|WeatherBall,Hurricane,Tailwind,Protect|||F|||50|,,,,,Ghost]Archaludon||AssaultVest|Stamina|ElectroShot,FlashCannon,BodyPress,Snarl|||F|||50|,,,,,Fighting]Sinistcha||SitrusBerry|Hospitality|MatchaGotcha,LifeDew,RagePowder,TrickRoom||||||50|,,,,,Dark]Ursaluna||FlameOrb|Guts|HeadlongRush,Earthquake,Facade,Protect|||M|||50|,,,,,Ghost]Dragonite||LoadedDice|Multiscale|ScaleShot,Haze,Tailwind,Protect|||F|||50|,,,,,Fairy
|showteam|p2|Incineroar||SafetyGoggles|Intimidate|FlareBlitz,KnockOff,PartingShot,FakeOut|||M|||50|,,,,,Ghost]Gholdengo||LifeOrb|GoodasGold|MakeItRain,ShadowBall,NastyPlot,Protect||||||50|,,,,,Water]Dragonite||LoadedDice|Multiscale|ScaleShot,Tailwind,Haze,Protect|||M|||50|,,,,,Fairy]Amoonguss||SitrusBerry|Regenerator|Spore,RagePowder,PollenPuff,Protect|||F|||50|,,,,,Psychic]Ursaluna-Bloodmoon||AssaultVest|MindsEye|HyperVoice,BloodMoon,EarthPower,VacuumWave|||M|||50|,,,,,Water]Sneasler||FocusSash|Unburden|CloseCombat,DireClaw,ThroatChop,Protect|||F|||50|,,,,,Stellar
|inactive|Battle timer is ON: inactive players will automatically lose when time's up. (requested by fralb14)
|inactive|okkoso has 60 seconds left.
|
|t:|1756301865
|teamsize|p1|4
|teamsize|p2|4
|start
|switch|p1a: Dragonite|Dragonite, L50, F|100/100
|switch|p1b: Gholdengo|Gholdengo, L50|100/100
|switch|p2a: Incineroar|Incineroar, L50, M|100/100
|switch|p2b: Gholdengo|Gholdengo, L50|100/100
|-ability|p2a: Incineroar|Intimidate|boost
|-unboost|p1a: Dragonite|atk|1
|-unboost|p1b: Gholdengo|atk|1
|turn|1
|inactive|fralb14 has 30 seconds left.
|inactive|fralb14 has 20 seconds left.
|
|t:|1756301901
|switch|p1a: Archaludon|Archaludon, L50, F|100/100
|move|p2a: Incineroar|Fake Out|p1a: Archaludon
|-resisted|p1a: Archaludon
|-crit|p1a: Archaludon
|-damage|p1a: Archaludon|95/100
|-ability|p1a: Archaludon|Stamina|boost
|-boost|p1a: Archaludon|def|1
|move|p1b: Gholdengo|Trick|p2a: Incineroar
|-activate|p1b: Gholdengo|move: Trick|[of] p2a: Incineroar
|-item|p2a: Incineroar|Choice Scarf|[from] move: Trick
|-item|p1b: Gholdengo|Safety Goggles|[from] move: Trick
|move|p2b: Gholdengo|Shadow Ball|p1b: Gholdengo
|-supereffective|p1b: Gholdengo
|-damage|p1b: Gholdengo|0 fnt
|faint|p1b: Gholdengo
|-damage|p2b: Gholdengo|91/100|[from] item: Life Orb
|
|upkeep
|
|t:|1756301925
|switch|p1b: Dragonite|Dragonite, L50, F|100/100
|turn|2
|
|t:|1756301939
|move|p2b: Gholdengo|Nasty Plot|p2b: Gholdengo
|-boost|p2b: Gholdengo|spa|2
|move|p1b: Dragonite|Scale Shot|p2a: Incineroar
|-damage|p2a: Incineroar|87/100
|-damage|p2a: Incineroar|74/100
|-damage|p2a: Incineroar|61/100
|-damage|p2a: Incineroar|49/100
|-damage|p2a: Incineroar|34/100
|-hitcount|p2a: Incineroar|5
|-unboost|p1b: Dragonite|def|1
|-boost|p1b: Dragonite|spe|1
|move|p2a: Incineroar|Parting Shot|p1b: Dragonite
|-unboost|p1b: Dragonite|atk|1
|-unboost|p1b: Dragonite|spa|1
|
|t:|1756301958
|switch|p2a: Sneasler|Sneasler, L50, F|100/100|[from] Parting Shot
|move|p1a: Archaludon|Snarl|p2a: Sneasler|[spread] p2a,p2b
|-resisted|p2a: Sneasler
|-supereffective|p2b: Gholdengo
|-damage|p2a: Sneasler|93/100
|-damage|p2b: Gholdengo|64/100
|-unboost|p2a: Sneasler|spa|1
|-unboost|p2b: Gholdengo|spa|1
|
|upkeep
|turn|3
|inactive|fralb14 has 30 seconds left.
|inactive|okkoso has 30 seconds left.
|inactive|fralb14 has 20 seconds left.
|inactive|okkoso has 20 seconds left.
|inactive|fralb14 has 15 seconds left.
|inactive|okkoso has 15 seconds left.
|inactive|fralb14 has 10 seconds left.
|inactive|okkoso has 10 seconds left.
|inactive|fralb14 has 5 seconds left.
|inactive|okkoso has 5 seconds left.
|
|t:|1756302011
|move|p1b: Dragonite|Tailwind|p1b: Dragonite
|-sidestart|p1: fralb14|move: Tailwind
|move|p1a: Archaludon|Snarl|p2a: Sneasler|[spread] p2a,p2b
|-resisted|p2a: Sneasler
|-supereffective|p2b: Gholdengo
|-damage|p2a: Sneasler|85/100
|-damage|p2b: Gholdengo|40/100
|-unboost|p2a: Sneasler|spa|1
|-unboost|p2b: Gholdengo|spa|1
|move|p2a: Sneasler|Close Combat|p1a: Archaludon
|-supereffective|p1a: Archaludon
|-damage|p1a: Archaludon|44/100
|-unboost|p2a: Sneasler|def|1
|-unboost|p2a: Sneasler|spd|1
|-ability|p1a: Archaludon|Stamina|boost
|-boost|p1a: Archaludon|def|1
|move|p2b: Gholdengo|Make It Rain|p1a: Archaludon|[spread] p1a,p1b
|-resisted|p1a: Archaludon
|-damage|p1a: Archaludon|24/100
|-damage|p1b: Dragonite|70/100
|-unboost|p2b: Gholdengo|spa|1
|-ability|p1a: Archaludon|Stamina|boost
|-boost|p1a: Archaludon|def|1
|-damage|p2b: Gholdengo|30/100|[from] item: Life Orb
|
|upkeep
|turn|4
|inactive|fralb14 has 30 seconds left.
|inactive|okkoso has 30 seconds left.
|inactive|fralb14 has 20 seconds left.
|
|t:|1756302047
|switch|p2b: Incineroar|Incineroar, L50, M|34/100
|-ability|p2b: Incineroar|Intimidate|boost
|-unboost|p1a: Archaludon|atk|1
|-unboost|p1b: Dragonite|atk|1
|-terastallize|p1a: Archaludon|Fighting
|move|p1b: Dragonite|Scale Shot|p2b: Incineroar
|-damage|p2b: Incineroar|26/100
|-damage|p2b: Incineroar|20/100
|-damage|p2b: Incineroar|12/100
|-damage|p2b: Incineroar|6/100
|-hitcount|p2b: Incineroar|4
|-unboost|p1b: Dragonite|def|1
|-boost|p1b: Dragonite|spe|1
|move|p1a: Archaludon|Snarl|p2a: Sneasler|[spread] p2a,p2b
|-resisted|p2a: Sneasler
|-resisted|p2b: Incineroar
|-damage|p2a: Sneasler|74/100
|-damage|p2b: Incineroar|1/100
|-unboost|p2a: Sneasler|spa|1
|-unboost|p2b: Incineroar|spa|1
|move|p2a: Sneasler|Close Combat|p1a: Archaludon
|-damage|p1a: Archaludon|7/100
|-unboost|p2a: Sneasler|def|1
|-unboost|p2a: Sneasler|spd|1
|-ability|p1a: Archaludon|Stamina|boost
|-boost|p1a: Archaludon|def|1
|
|upkeep
|turn|5
|inactive|fralb14 has 30 seconds left.
|inactive|okkoso has 30 seconds left.
|inactive|fralb14 has 20 seconds left.
|inactive|okkoso has 20 seconds left.
|inactive|okkoso has 15 seconds left.
|
|t:|1756302088
|switch|p1b: Sinistcha|Sinistcha, L50|100/100
|-heal|p1a: Archaludon|32/100|[from] ability: Hospitality|[of] p1b: Sinistcha
|move|p2b: Incineroar|Fake Out|p1b: Sinistcha
|-immune|p1b: Sinistcha
|move|p1a: Archaludon|Body Press|p2a: Sneasler
|-resisted|p2a: Sneasler
|-damage|p2a: Sneasler|0 fnt
|faint|p2a: Sneasler
|
|upkeep
|
|t:|1756302100
|switch|p2a: Gholdengo|Gholdengo, L50|30/100
|turn|6
|inactive|okkoso has 30 seconds left.
|
|t:|1756302127
|switch|p2b: Dragonite|Dragonite, L50, M|100/100
|move|p1a: Archaludon|Snarl|p2b: Dragonite|[spread] p2b
|-miss|p1a: Archaludon|p2a: Gholdengo
|-damage|p2b: Dragonite|95/100
|-unboost|p2b: Dragonite|spa|1
|move|p2a: Gholdengo|Nasty Plot|p2a: Gholdengo
|-boost|p2a: Gholdengo|spa|2
|move|p1b: Sinistcha|Life Dew||[still]|[spread] p1a,p1b
|-heal|p1a: Archaludon|57/100
|-fail|p1b: Sinistcha|heal
|
|-sideend|p1: fralb14|move: Tailwind
|upkeep
|turn|7
|inactive|fralb14 has 30 seconds left.
|inactive|fralb14 has 20 seconds left.
|inactive|fralb14 has 15 seconds left.
|inactive|fralb14 has 10 seconds left.
|inactive|fralb14 has 5 seconds left.
|
|t:|1756302180
|-terastallize|p2b: Dragonite|Fairy
|move|p2a: Gholdengo|Make It Rain|p1b: Sinistcha|[spread] p1a,p1b
|-damage|p1a: Archaludon|0 fnt
|-damage|p1b: Sinistcha|0 fnt
|-unboost|p2a: Gholdengo|spa|1
|faint|p1a: Archaludon
|faint|p1b: Sinistcha
|-damage|p2a: Gholdengo|21/100|[from] item: Life Orb
|move|p2b: Dragonite|Scale Shot|p1: Archaludon|[notarget]
|-fail|p2b: Dragonite
|
|upkeep
|
|t:|1756302194
|switch|p1b: Dragonite|Dragonite, L50, F|70/100
|turn|8
|-message|fralb14 forfeited.
|
|win|okkoso
||fralb14 is ready for game 3.
||okkoso is ready for game 3.
|uhtml|next|Next: Game 3 of 3
