|j|☆TheMarrsterVGC
|j|☆spellbreakvgc
|html|TheMarrsterVGCspellbreakvgc    
|uhtml|bestof|Game 3 of a best-of-3
|t:|1756730110
|gametype|doubles
|player|p1|TheMarrsterVGC|266|1188
|player|p2|spellbreakvgc|lance|1116
|gen|9
|tier|[Gen 9] VGC 2025 Reg H (Bo3)
|rated|
|rule|Species Clause: Limit one of each Pokémon
|rule|Item Clause: Limit 1 of each item
|clearpoke
|poke|p1|Gholdengo, L50|
|poke|p1|Amoonguss, L50, F|
|poke|p1|Basculegion, L50, M|
|poke|p1|Pelipper, L50, M|
|poke|p1|Incineroar, L50, M|
|poke|p1|Archaludon, L50, F|
|poke|p2|Sneasler, L50, M|
|poke|p2|Ursaluna-Bloodmoon, L50, M|
|poke|p2|Indeedee, L50, M|
|poke|p2|Tyranitar, L50, F|
|poke|p2|Annihilape, L50, F|
|poke|p2|Volcarona, L50, F|
|teampreview|4
|showteam|p1|Gholdengo||LifeOrb|GoodasGold|MakeItRain,ShadowBall,NastyPlot,Protect||||||50|,,,,,Water]Amoonguss||SitrusBerry|Regenerator|Spore,RagePowder,PollenPuff,Protect|||F|||50|,,,,,Psychic]Basculegion||ChoiceBand|SwiftSwim|WaveCrash,FlipTurn,LastRespects,AquaJet|||M|||50|,,,,,Water]Pelipper||FocusSash|Drizzle|WeatherBall,Hurricane,Tailwind,Protect|||M|||50|,,,,,Ground]Incineroar||SafetyGoggles|Intimidate|FlareBlitz,KnockOff,PartingShot,FakeOut|||M|||50|,,,,,Ghost]Archaludon||AssaultVest|Stamina|ElectroShot,FlashCannon,DracoMeteor,BodyPress|||F|||50|,,,,,Bug
|showteam|p2|Sneasler||PsychicSeed|Unburden|Protect,CloseCombat,DireClaw,ThroatChop|||M|||50|,,,,,Dark]Ursaluna-Bloodmoon||LifeOrb|MindsEye|Protect,HyperVoice,BloodMoon,EarthPower|||M|||50|,,,,,Normal]Indeedee||ChoiceScarf|PsychicSurge|ExpandingForce,TeraBlast,Trick,Protect|||M|||50|,,,,,Psychic]Tyranitar||AssaultVest|SandStream|RockSlide,TeraBlast,KnockOff,LowKick|||F|||50|,,,,,Flying]Annihilape||SafetyGoggles|Defiant|FinalGambit,CloseCombat,RageFist,Taunt|||F|||50|,,,,,Fairy]Volcarona||SitrusBerry|FlameBody|RagePowder,Overheat,StruggleBug,Tailwind|||F|||50|,,,,,Grass
|inactive|Battle timer is ON: inactive players will automatically lose when time's up. (requested by spellbreakvgc)
|
|t:|1756730139
|teamsize|p1|4
|teamsize|p2|4
|start
|switch|p1a: Gholdengo|Gholdengo, L50|100/100
|switch|p1b: Amoonguss|Amoonguss, L50, F|100/100
|switch|p2a: Indeedee|Indeedee, L50, M, shiny|100/100
|switch|p2b: Annihilape|Annihilape, L50, F, shiny|100/100
|-fieldstart|move: Psychic Terrain|[from] ability: Psychic Surge|[of] p2a: Indeedee
|turn|1
|inactive|TheMarrsterVGC has 30 seconds left.
|inactive|TheMarrsterVGC has 20 seconds left.
|inactive|spellbreakvgc has 30 seconds left.
|
|t:|1756730182
|-terastallize|p2a: Indeedee|Psychic
|move|p1b: Amoonguss|Protect|p1b: Amoonguss
|-singleturn|p1b: Amoonguss|Protect
|move|p2a: Indeedee|Expanding Force|p1b: Amoonguss|[spread] p1a
|-activate|p1b: Amoonguss|move: Protect
|-resisted|p1a: Gholdengo
|-damage|p1a: Gholdengo|56/100
|move|p2b: Annihilape|Final Gambit|p1b: Amoonguss
|-activate|p1b: Amoonguss|move: Protect
|move|p1a: Gholdengo|Make It Rain|p2a: Indeedee|[spread] p2a,p2b
|-damage|p2a: Indeedee|20/100
|-damage|p2b: Annihilape|48/100
|-unboost|p1a: Gholdengo|spa|1
|-damage|p1a: Gholdengo|46/100|[from] item: Life Orb
|
|upkeep
|turn|2
|inactive|TheMarrsterVGC has 30 seconds left.
|
|t:|1756730209
|-terastallize|p1b: Amoonguss|Psychic
|move|p1a: Gholdengo|Protect|p1a: Gholdengo
|-singleturn|p1a: Gholdengo|Protect
|move|p2a: Indeedee|Expanding Force|p1b: Amoonguss|[spread] p1b
|-activate|p1a: Gholdengo|move: Protect
|-resisted|p1b: Amoonguss
|-damage|p1b: Amoonguss|68/100
|move|p2b: Annihilape|Taunt|p1b: Amoonguss
|-start|p1b: Amoonguss|move: Taunt
|cant|p1b: Amoonguss|move: Taunt|Spore
|
|upkeep
|turn|3
|
|t:|1756730233
|switch|p1a: Archaludon|Archaludon, L50, F|100/100
|move|p2a: Indeedee|Expanding Force|p1b: Amoonguss|[spread] p1a,p1b
|-resisted|p1a: Archaludon
|-resisted|p1b: Amoonguss
|-damage|p1a: Archaludon|72/100
|-damage|p1b: Amoonguss|35/100
|-ability|p1a: Archaludon|Stamina|boost
|-boost|p1a: Archaludon|def|1
|-enditem|p1b: Amoonguss|Sitrus Berry|[eat]
|-heal|p1b: Amoonguss|60/100|[from] item: Sitrus Berry
|move|p2b: Annihilape|Rage Fist|p1a: Archaludon
|-damage|p1a: Archaludon|52/100
|-ability|p1a: Archaludon|Stamina|boost
|-boost|p1a: Archaludon|def|1
|move|p1b: Amoonguss|Pollen Puff|p1a: Archaludon
|-heal|p1a: Archaludon|100/100
|
|upkeep
|turn|4
|inactive|TheMarrsterVGC has 30 seconds left.
|
|t:|1756730266
|move|p2a: Indeedee|Expanding Force|p1b: Amoonguss|[spread] p1a,p1b
|-resisted|p1a: Archaludon
|-resisted|p1b: Amoonguss
|-damage|p1a: Archaludon|72/100
|-damage|p1b: Amoonguss|27/100
|-ability|p1a: Archaludon|Stamina|boost
|-boost|p1a: Archaludon|def|1
|move|p2b: Annihilape|Close Combat|p1a: Archaludon
|-supereffective|p1a: Archaludon
|-damage|p1a: Archaludon|46/100
|-unboost|p2b: Annihilape|def|1
|-unboost|p2b: Annihilape|spd|1
|-ability|p1a: Archaludon|Stamina|boost
|-boost|p1a: Archaludon|def|1
|move|p1a: Archaludon|Flash Cannon|p2a: Indeedee
|-damage|p2a: Indeedee|0 fnt
|faint|p2a: Indeedee
|move|p1b: Amoonguss|Pollen Puff|p1a: Archaludon
|-heal|p1a: Archaludon|96/100
|
|-end|p1b: Amoonguss|move: Taunt
|upkeep
|
|t:|1756730285
|switch|p2a: Volcarona|Volcarona, L50, F, shiny|100/100
|turn|5
|
|t:|1756730292
|switch|p1b: Pelipper|Pelipper, L50, M|100/100
|-weather|RainDance|[from] ability: Drizzle|[of] p1b: Pelipper
|move|p2a: Volcarona|Overheat|p1a: Archaludon
|-damage|p1a: Archaludon|73/100
|-unboost|p2a: Volcarona|spa|2
|-ability|p1a: Archaludon|Stamina|boost
|-boost|p1a: Archaludon|def|1
|move|p2b: Annihilape|Taunt|p1b: Pelipper
|-start|p1b: Pelipper|move: Taunt
|move|p1a: Archaludon|Electro Shot||[still]
|-prepare|p1a: Archaludon|Electro Shot
|-boost|p1a: Archaludon|spa|1
|-anim|p1a: Archaludon|Electro Shot|p2b: Annihilape
|-damage|p2b: Annihilape|0 fnt
|faint|p2b: Annihilape
|
|-weather|RainDance|[upkeep]
|-fieldend|move: Psychic Terrain
|upkeep
|-message|spellbreakvgc forfeited.
|
|win|TheMarrsterVGC
