|j|☆angusgrind13
|j|☆FencingMaster13
|html|angusgrind13FencingMaster13    
|uhtml|bestof|Game 2 of a best-of-3
|t:|1784785263
|gametype|doubles
|player|p1|angusgrind13|steven|1000
|player|p2|FencingMaster13|1|1000
|gen|9
|tier|[Gen 9 Champions] VGC 2026 Reg M-B (Bo3)
|rated|
|rule|Species Clause: Limit one of each Pokémon
|rule|Item Clause: Limit 1 of each item
|clearpoke
|poke|p1|Primarina, L50, F|
|poke|p1|Kingambit, L50, M|
|poke|p1|Froslass, L50, F|
|poke|p1|Sneasler, L50, F|
|poke|p1|Lycanroc-Dusk, L50, F|
|poke|p1|Dragonite, L50, M|
|poke|p2|Archaludon, L50, M, shiny|
|poke|p2|Sylveon, L50, M, shiny|
|poke|p2|Pelipper, L50, M, shiny|
|poke|p2|Swampert, L50, M|
|poke|p2|Sinistcha-Masterpiece, L50, shiny|
|poke|p2|Sableye, L50, M, shiny|
|teampreview|4
|showteam|p1|Primarina||LifeOrb|LiquidVoice|HyperVoice,Moonblast,Haze,Protect|Modest||F|||50|]Kingambit||BlackGlasses|Defiant|KowtowCleave,SuckerPunch,SwordsDance,Protect|Adamant||M|||50|]Froslass||Froslassite|CursedBody|Blizzard,ShadowBall,AuroraVeil,Protect|Timid||F|||50|]Sneasler||WhiteHerb|Unburden|GunkShot,CloseCombat,FakeOut,Protect|Adamant||F|||50|]Lycanroc-Dusk||FocusSash|ToughClaws|RockSlide,Accelerock,CloseCombat,Protect|Adamant||F|||50|]Dragonite||Dragoninite|Multiscale|DragonPulse,Flamethrower,Tailwind,Protect|Modest||M|||50|
|showteam|p2|Archaludon||Leftovers|Stamina|ElectroShot,FlashCannon,DragonPulse,Protect|Modest||M|||50|]Sylveon||LifeOrb|Pixilate|HyperVoice,HyperBeam,QuickAttack,Protect|Timid||M|||50|]Pelipper||FocusSash|Drizzle|Hurricane,WeatherBall,Tailwind,Protect|Timid||M|||50|]Swampert||Swampertite|Damp|WaveCrash,Earthquake,IcePunch,Protect|Adamant||M|||50|]Sinistcha-Masterpiece||KasibBerry|Hospitality|MatchaGotcha,RagePowder,TrickRoom,Protect|Relaxed|||||50|]Sableye||LightClay|Prankster|Quash,RainDance,Reflect,LightScreen|Sassy||M|||50|
|inactive|Battle timer is ON: inactive players will automatically lose when time's up. (requested by FencingMaster13)
|inactive|angusgrind13 has 60 seconds left.
|
|t:|1784785303
|teamsize|p1|4
|teamsize|p2|4
|start
|switch|p1a: Dragonite|Dragonite, L50, M|100/100
|switch|p1b: Sneasler|Sneasler, L50, F|100/100
|switch|p2a: Swampert|Swampert, L50, M|100/100
|switch|p2b: Sableye|Sableye, L50, M, shiny|100/100
|turn|1
|inactive|angusgrind13 has 30 seconds left.
|
|t:|1784785330
|detailschange|p1a: Dragonite|Dragonite-Mega, L50, M
|-mega|p1a: Dragonite|Dragonite|Dragoninite
|move|p2a: Swampert|Protect|p2a: Swampert
|-singleturn|p2a: Swampert|Protect
|move|p2b: Sableye|Reflect|p2b: Sableye
|-sidestart|p2: FencingMaster13|Reflect
|move|p1b: Sneasler|Close Combat|p2a: Swampert
|-activate|p2a: Swampert|move: Protect
|move|p1a: Dragonite|Tailwind|p1a: Dragonite
|-sidestart|p1: angusgrind13|move: Tailwind
|
|upkeep
|turn|2
|inactive|FencingMaster13 has 30 seconds left.
|
|t:|1784785361
|move|p2b: Sableye|Rain Dance|p2b: Sableye
|-weather|RainDance
|move|p1b: Sneasler|Close Combat|p2a: Swampert
|-damage|p2a: Swampert|55/100
|-unboost|p1b: Sneasler|def|1
|-unboost|p1b: Sneasler|spd|1
|-enditem|p1b: Sneasler|White Herb
|-clearnegativeboost|p1b: Sneasler|[silent]
|move|p1a: Dragonite|Dragon Pulse|p2a: Swampert
|-damage|p2a: Swampert|0 fnt
|faint|p2a: Swampert
|
|-weather|RainDance|[upkeep]
|upkeep
|
|t:|1784785372
|switch|p2a: Archaludon|Archaludon, L50, M, shiny|100/100
|turn|3
|inactive|FencingMaster13 has 30 seconds left.
|inactive|FencingMaster13 has 20 seconds left.
|inactive|FencingMaster13 has 15 seconds left.
|
|t:|1784785414
|move|p2a: Archaludon|Protect|p2a: Archaludon
|-singleturn|p2a: Archaludon|Protect
|move|p2b: Sableye|Light Screen|p2b: Sableye
|-sidestart|p2: FencingMaster13|move: Light Screen
|move|p1b: Sneasler|Close Combat|p2a: Archaludon
|-activate|p2a: Archaludon|move: Protect
|move|p1a: Dragonite|Flamethrower|p2b: Sableye
|-damage|p2b: Sableye|85/100
|
|-weather|RainDance|[upkeep]
|upkeep
|turn|4
|
|t:|1784785430
|move|p2b: Sableye|Quash|p1b: Sneasler
|-activate|p1b: Sneasler|move: Quash
|move|p1a: Dragonite|Dragon Pulse|p2b: Sableye
|-damage|p2b: Sableye|43/100
|move|p2a: Archaludon|Electro Shot||[still]
|-prepare|p2a: Archaludon|Electro Shot
|-boost|p2a: Archaludon|spa|1
|-anim|p2a: Archaludon|Electro Shot|p1b: Sneasler
|-damage|p1b: Sneasler|10/100
|move|p1b: Sneasler|Close Combat|p2a: Archaludon
|-supereffective|p2a: Archaludon|1
|-damage|p2a: Archaludon|32/100
|-unboost|p1b: Sneasler|def|1
|-unboost|p1b: Sneasler|spd|1
|-ability|p2a: Archaludon|Stamina|boost
|-boost|p2a: Archaludon|def|1
|
|-weather|RainDance|[upkeep]
|-heal|p2a: Archaludon|38/100|[from] item: Leftovers
|-sideend|p1: angusgrind13|move: Tailwind
|upkeep
|turn|5
|inactive|FencingMaster13 has 30 seconds left.
|inactive|FencingMaster13 has 20 seconds left.
|inactive|FencingMaster13 has 15 seconds left.
|inactive|FencingMaster13 has 10 seconds left.
|inactive|FencingMaster13 has 5 seconds left.
|
|t:|1784785481
|switch|p2b: Pelipper|Pelipper, L50, M, shiny|100/100
|move|p1b: Sneasler|Protect|p1b: Sneasler
|-singleturn|p1b: Sneasler|Protect
|move|p2a: Archaludon|Protect|p2a: Archaludon
|-singleturn|p2a: Archaludon|Protect
|move|p1a: Dragonite|Dragon Pulse|p2b: Pelipper
|-damage|p2b: Pelipper|40/100
|
|-weather|RainDance|[upkeep]
|-heal|p2a: Archaludon|44/100|[from] item: Leftovers
|upkeep
|turn|6
|inactive|FencingMaster13 has 30 seconds left.
|inactive|FencingMaster13 has 20 seconds left.
|inactive|FencingMaster13 has 15 seconds left.
|inactive|FencingMaster13 has 10 seconds left.
|inactive|FencingMaster13 has 5 seconds left.
|
|t:|1784785531
|switch|p2a: Sableye|Sableye, L50, M, shiny|43/100
|move|p1b: Sneasler|Gunk Shot|p2b: Pelipper
|-damage|p2b: Pelipper|0 fnt
|faint|p2b: Pelipper
|move|p1a: Dragonite|Dragon Pulse|p2a: Sableye
|-damage|p2a: Sableye|1/100
|
|-weather|none
|upkeep
|
|t:|1784785540
|switch|p2b: Archaludon|Archaludon, L50, M, shiny|44/100
|turn|7
|
|t:|1784785555
|move|p2a: Sableye|Rain Dance|p2a: Sableye
|-weather|RainDance
|move|p1b: Sneasler|Close Combat|p2b: Archaludon
|-supereffective|p2b: Archaludon|1
|-damage|p2b: Archaludon|0 fnt
|-unboost|p1b: Sneasler|def|1
|-unboost|p1b: Sneasler|spd|1
|faint|p2b: Archaludon
|move|p1a: Dragonite|Dragon Pulse|p2a: Sableye
|-damage|p2a: Sableye|0 fnt
|faint|p2a: Sableye
|
|win|angusgrind13
