|j|☆madhav56464
|j|☆OssiGT
|html|madhav56464OssiGT    
|uhtml|bestof|Game 1 of a best-of-3
|t:|1785159302
|gametype|doubles
|player|p1|madhav56464|roxie|1150
|player|p2|OssiGT|hilbert-wonderlauncher|1196
|gen|9
|tier|[Gen 9 Champions] VGC 2026 Reg M-B (Bo3)
|rated|
|rule|Species Clause: Limit one of each Pokémon
|rule|Item Clause: Limit 1 of each item
|clearpoke
|poke|p1|Blaziken, L50, M|
|poke|p1|Kingambit, L50, F|
|poke|p1|Ninetales-Alola, L50, F|
|poke|p1|Basculegion, L50, M|
|poke|p1|Lycanroc-Dusk, L50, F|
|poke|p1|Venusaur, L50, F|
|poke|p2|Mawile, L50, F|
|poke|p2|Charizard, L50, M, shiny|
|poke|p2|Farigiraf, L50, M, shiny|
|poke|p2|Garchomp, L50, M, shiny|
|poke|p2|Venusaur, L50, F|
|poke|p2|Incineroar, L50, F|
|teampreview|4
|showteam|p1|Blaziken||Blazikenite|SpeedBoost|FlareBlitz,CloseCombat,StoneEdge,Detect|Adamant||M|||50|]Kingambit||LifeOrb|Defiant|KowtowCleave,SuckerPunch,IronHead,Protect|Adamant||F|||50|]Ninetales-Alola||NeverMeltIce|SnowWarning|Blizzard,FreezeDry,Encore,Protect|Timid||F|||50|]Basculegion||ChoiceScarf|Adaptability|WaveCrash,LastRespects,AquaJet,FlipTurn|Adamant||M|||50|]Lycanroc-Dusk||FocusSash|ToughClaws|RockSlide,CloseCombat,Accelerock,Protect|Adamant||F|||50|]Venusaur||Venusaurite|Overgrow|GigaDrain,SludgeBomb,EarthPower,Protect|Modest||F|||50|
|showteam|p2|Mawile||Mawilite|HyperCutter|Protect,PlayRough,SuckerPunch,SwordsDance|Brave||F|||50|]Charizard||CharizarditeY|Blaze|Protect,HeatWave,WeatherBall,SolarBeam|Modest||M|||50|]Farigiraf||ColburBerry|ArmorTail|Psychic,Thunderbolt,HelpingHand,TrickRoom|Serious||M|||50|]Garchomp||LifeOrb|RoughSkin|Protect,DragonClaw,Earthquake,RockSlide|Jolly||M|||50|]Venusaur||FocusSash|Chlorophyll|Protect,LeafStorm,SludgeBomb,SleepPowder|Modest||F|||50|]Incineroar||SitrusBerry|Intimidate|FlareBlitz,DarkestLariat,PartingShot,FakeOut|Careful||F|||50|
|inactive|Battle timer is ON: inactive players will automatically lose when time's up. (requested by madhav56464)
|inactive|OssiGT has 60 seconds left.
|
|t:|1785159367
|teamsize|p1|4
|teamsize|p2|4
|start
|switch|p1a: Kingambit|Kingambit, L50, F|100/100
|switch|p1b: Venusaur|Venusaur, L50, F|100/100
|switch|p2a: Charizard|Charizard, L50, M, shiny|100/100
|switch|p2b: Garchomp|Garchomp, L50, M, shiny|100/100
|turn|1
|inactive|madhav56464 has 30 seconds left.
|
|t:|1785159396
|detailschange|p1b: Venusaur|Venusaur-Mega, L50, F
|-mega|p1b: Venusaur|Venusaur|Venusaurite
|move|p1a: Kingambit|Protect|p1a: Kingambit
|-singleturn|p1a: Kingambit|Protect
|move|p2b: Garchomp|Earthquake|p1a: Kingambit|[spread] p1b
|-activate|p1a: Kingambit|move: Protect
|-immune|p2a: Charizard
|-damage|p1b: Venusaur|58/100
|-damage|p2b: Garchomp|90/100|[from] item: Life Orb
|move|p2a: Charizard|Heat Wave|p1b: Venusaur|[spread] p1b
|-activate|p1a: Kingambit|move: Protect
|-supereffective|p1b: Venusaur|1
|-damage|p1b: Venusaur|30/100
|move|p1b: Venusaur|Giga Drain|p2b: Garchomp
|-damage|p2b: Garchomp|44/100
|-heal|p1b: Venusaur|54/100|[from] drain|[of] p2b: Garchomp
|
|upkeep
|turn|2
|
|t:|1785159416
|switch|p2b: Farigiraf|Farigiraf, L50, M, shiny|100/100
|move|p1b: Venusaur|Protect|p1b: Venusaur
|-singleturn|p1b: Venusaur|Protect
|move|p1a: Kingambit|Sucker Punch||[still]
|cant|p2b: Farigiraf|ability: Armor Tail|Sucker Punch|[of] p1a: Kingambit
|move|p2a: Charizard|Heat Wave|p1a: Kingambit|[spread] 
|-activate|p1b: Venusaur|move: Protect
|-miss|p2a: Charizard|p1a: Kingambit
|
|upkeep
|turn|3
|
|t:|1785159436
|switch|p2b: Venusaur|Venusaur, L50, F|100/100
|move|p2a: Charizard|Heat Wave|p1b: Venusaur|[spread] p1a,p1b
|-supereffective|p1a: Kingambit|1
|-supereffective|p1b: Venusaur|1
|-damage|p1a: Kingambit|35/100
|-damage|p1b: Venusaur|25/100
|move|p1b: Venusaur|Giga Drain|p2b: Venusaur
|-resisted|p2b: Venusaur|2
|-damage|p2b: Venusaur|87/100
|-heal|p1b: Venusaur|31/100|[from] drain|[of] p2b: Venusaur
|move|p1a: Kingambit|Kowtow Cleave|p2b: Venusaur
|-damage|p2b: Venusaur|0 fnt
|faint|p2b: Venusaur
|-damage|p1a: Kingambit|26/100|[from] item: Life Orb
|
|upkeep
|
|t:|1785159442
|switch|p2b: Garchomp|Garchomp, L50, M, shiny|44/100
|turn|4
|
|t:|1785159464
|move|p1b: Venusaur|Protect|p1b: Venusaur
|-singleturn|p1b: Venusaur|Protect
|move|p2b: Garchomp|Earthquake|p1a: Kingambit|[spread] p1a
|-activate|p1b: Venusaur|move: Protect
|-immune|p2a: Charizard
|-supereffective|p1a: Kingambit|1
|-damage|p1a: Kingambit|0 fnt
|faint|p1a: Kingambit
|-damage|p2b: Garchomp|34/100|[from] item: Life Orb
|move|p2a: Charizard|Heat Wave|p1b: Venusaur
|-activate|p1b: Venusaur|move: Protect
|
|upkeep
|
|t:|1785159471
|switch|p1a: Lycanroc|Lycanroc-Dusk, L50, F|100/100
|turn|5
|
|t:|1785159482
|move|p2a: Charizard|Protect|p2a: Charizard
|-singleturn|p2a: Charizard|Protect
|move|p2b: Garchomp|Earthquake|p1a: Lycanroc|[spread] p1a,p1b
|-activate|p2a: Charizard|move: Protect
|-supereffective|p1a: Lycanroc|1
|-enditem|p1a: Lycanroc|Focus Sash
|-damage|p1a: Lycanroc|1/100
|-damage|p1b: Venusaur|0 fnt
|faint|p1b: Venusaur
|-damage|p2b: Garchomp|24/100|[from] item: Life Orb
|move|p1a: Lycanroc|Rock Slide|p2a: Charizard|[spread] p2b
|-activate|p2a: Charizard|move: Protect
|-resisted|p2b: Garchomp|1
|-damage|p2b: Garchomp|8/100
|
|upkeep
|
|t:|1785159490
|switch|p1b: Ninetales|Ninetales-Alola, L50, F|100/100
|-weather|Snowscape|[from] ability: Snow Warning|[of] p1b: Ninetales
|turn|6
|
|t:|1785159500
|switch|p2b: Farigiraf|Farigiraf, L50, M, shiny|100/100
|detailschange|p2a: Charizard|Charizard-Mega-Y, L50, M, shiny
|-mega|p2a: Charizard|Charizard|Charizardite Y
|-weather|SunnyDay|[from] ability: Drought|[of] p2a: Charizard
|move|p1b: Ninetales|Freeze-Dry|p2b: Farigiraf
|-damage|p2b: Farigiraf|71/100
|move|p1a: Lycanroc|Rock Slide|p2a: Charizard|[spread] p2a,p2b
|-supereffective|p2a: Charizard|2
|-crit|p2a: Charizard
|-damage|p2a: Charizard|0 fnt
|-damage|p2b: Farigiraf|41/100
|faint|p2a: Charizard
|
|-weather|SunnyDay|[upkeep]
|upkeep
|
|t:|1785159503
|switch|p2a: Garchomp|Garchomp, L50, M, shiny|8/100
|turn|7
|
|t:|1785159521
|move|p2a: Garchomp|Protect|p2a: Garchomp
|-singleturn|p2a: Garchomp|Protect
|move|p1a: Lycanroc|Protect|p1a: Lycanroc
|-singleturn|p1a: Lycanroc|Protect
|move|p1b: Ninetales|Freeze-Dry|p2a: Garchomp
|-activate|p2a: Garchomp|move: Protect
|move|p2b: Farigiraf|Trick Room|p2b: Farigiraf
|-fieldstart|move: Trick Room|[of] p2b: Farigiraf
|
|-weather|SunnyDay|[upkeep]
|upkeep
|turn|8
|
|t:|1785159530
|move|p2b: Farigiraf|Psychic|p1b: Ninetales
|-damage|p1b: Ninetales|59/100
|move|p1a: Lycanroc|Rock Slide|p2b: Farigiraf|[spread] p2a
|-miss|p1a: Lycanroc|p2b: Farigiraf
|-resisted|p2a: Garchomp|1
|-damage|p2a: Garchomp|0 fnt
|faint|p2a: Garchomp
|move|p1b: Ninetales|Blizzard|p2b: Farigiraf
|-damage|p2b: Farigiraf|0 fnt
|faint|p2b: Farigiraf
|
|win|madhav56464
||OssiGT is ready for game 2.
|inactive|madhav56464 has 30 seconds to confirm battle start!
||madhav56464 is ready for game 2.
|uhtml|next|Next: Game 2 of 3
|l|☆OssiGT
|player|p2|
