|j|☆raucho
|j|☆Sincubii
|html|rauchoSincubii    
|uhtml|bestof|Game 2 of a best-of-3
|t:|1757733722
|gametype|doubles
|player|p1|raucho|n|1183
|player|p2|Sincubii|palmer|1143
|gen|9
|tier|[Gen 9] VGC 2025 Reg H (Bo3)
|rated|
|rule|Species Clause: Limit one of each Pokémon
|rule|Item Clause: Limit 1 of each item
|clearpoke
|poke|p1|Gholdengo, L50|
|poke|p1|Whimsicott, L50, M|
|poke|p1|Indeedee, L50, M|
|poke|p1|Sneasler, L50, M|
|poke|p1|Electabuzz, L50, F|
|poke|p1|Ursaluna-Bloodmoon, L50, M|
|poke|p2|Weavile, L50, F|
|poke|p2|Weezing-Galar, L50, M|
|poke|p2|Tyranitar, L50, F|
|poke|p2|Toedscruel, L50, M|
|poke|p2|Rotom-Heat, L50|
|poke|p2|Dragonite, L50, M|
|teampreview|4
|showteam|p1|Gholdengo||IronPlate|GoodasGold|MakeItRain,ShadowBall,NastyPlot,Protect||||||50|,,,,,Dragon]Whimsicott||CovertCloak|Prankster|Moonblast,Tailwind,LightScreen,Encore|||M|||50|,,,,,Rock]Indeedee||FocusSash|PsychicSurge|ExpandingForce,Imprison,TrickRoom,Protect|||M|||50|,,,,,Psychic]Sneasler||PsychicSeed|Unburden|ThroatChop,CloseCombat,DireClaw,Protect|||M|||50|,,,,,Dark]Electabuzz||Eviolite|VitalSpirit|Electroweb,Taunt,FollowMe,Protect|||F|||50|,,,,,Dragon]Ursaluna-Bloodmoon||LifeOrb|MindsEye|HyperVoice,BloodMoon,EarthPower,Protect|||M|||50|,,,,,Normal
|showteam|p2|Weavile||LifeOrb|Pressure|FakeOut,IceSpinner,KnockOff,LowKick|||F|||50|,,,,,Ghost]Weezing-Galar||SafetyGoggles|NeutralizingGas|StrangeSteam,WillOWisp,Taunt,Protect|||M|||50|,,,,,Fire]Tyranitar||AssaultVest|SandStream|KnockOff,RockSlide,TeraBlast,LowKick|||F|||50|,,,,,Flying]Toedscruel||CovertCloak|MyceliumMight|Spore,EarthPower,Protect,LeafStorm|||M|||50|,,,,,Poison]Rotom-Heat||ChoiceScarf|Levitate|Electroweb,VoltSwitch,Trick,Overheat||||||50|,,,,,Electric]Dragonite||LoadedDice|InnerFocus|Protect,ScaleShot,Tailwind,IronHead|||M|||50|,,,,,Steel
|inactive|Battle timer is ON: inactive players will automatically lose when time's up. (requested by raucho)
|inactive|raucho has 60 seconds left.
|inactive|Sincubii has 60 seconds left.
|
|t:|1757733768
|teamsize|p1|4
|teamsize|p2|4
|start
|switch|p1a: Whimsicott|Whimsicott, L50, M, shiny|100/100
|switch|p1b: Gholdengo|Gholdengo, L50, shiny|100/100
|switch|p2a: Weavile|Weavile, L50, F|100/100
|switch|p2b: Tyranitar|Tyranitar, L50, F|100/100
|-ability|p2a: Weavile|Pressure
|-weather|Sandstorm|[from] ability: Sand Stream|[of] p2b: Tyranitar
|turn|1
|inactive|Sincubii has 30 seconds left.
|
|t:|1757733799
|switch|p2b: Weezing|Weezing-Galar, L50, M|100/100
|-ability|p2b: Weezing|Neutralizing Gas
|move|p1b: Gholdengo|Protect|p1b: Gholdengo
|-singleturn|p1b: Gholdengo|Protect
|move|p2a: Weavile|Knock Off|p1b: Gholdengo
|-activate|p1b: Gholdengo|move: Protect
|move|p1a: Whimsicott|Tailwind|p1a: Whimsicott
|-sidestart|p1: raucho|move: Tailwind
|
|-weather|Sandstorm|[upkeep]
|-damage|p1a: Whimsicott|95/100|[from] Sandstorm
|-damage|p2a: Weavile|94/100|[from] Sandstorm
|upkeep
|turn|2
|inactive|raucho has 30 seconds left.
|inactive|Sincubii has 30 seconds left.
|
|t:|1757733832
|switch|p2a: Toedscruel|Toedscruel, L50, M|100/100
|-terastallize|p1b: Gholdengo|Dragon
|-terastallize|p2b: Weezing|Fire
|move|p1a: Whimsicott|Moonblast|p2a: Toedscruel
|-damage|p2a: Toedscruel|75/100
|move|p1b: Gholdengo|Nasty Plot|p1b: Gholdengo
|-boost|p1b: Gholdengo|spa|2
|move|p2b: Weezing|Taunt|p1a: Whimsicott
|-start|p1a: Whimsicott|move: Taunt
|
|-weather|Sandstorm|[upkeep]
|-damage|p1a: Whimsicott|89/100|[from] Sandstorm
|-damage|p1b: Gholdengo|94/100|[from] Sandstorm
|upkeep
|turn|3
|
|t:|1757733855
|move|p2b: Weezing|Protect|p2b: Weezing
|-singleturn|p2b: Weezing|Protect
|move|p1a: Whimsicott|Moonblast|p2a: Toedscruel
|-damage|p2a: Toedscruel|50/100
|move|p1b: Gholdengo|Shadow Ball|p2a: Toedscruel
|-damage|p2a: Toedscruel|0 fnt
|faint|p2a: Toedscruel
|
|-weather|Sandstorm|[upkeep]
|-damage|p1a: Whimsicott|83/100|[from] Sandstorm
|-damage|p1b: Gholdengo|88/100|[from] Sandstorm
|upkeep
|
|t:|1757733869
|switch|p2a: Weavile|Weavile, L50, F|94/100
|turn|4
|
|t:|1757733890
|move|p2a: Weavile|Fake Out|p1b: Gholdengo
|-damage|p1b: Gholdengo|69/100
|-damage|p2a: Weavile|85/100|[from] item: Life Orb
|move|p1a: Whimsicott|Moonblast|p2b: Weezing
|-resisted|p2b: Weezing
|-damage|p2b: Weezing|82/100
|cant|p1b: Gholdengo|flinch
|move|p2b: Weezing|Strange Steam|p1a: Whimsicott
|-damage|p1a: Whimsicott|51/100
|
|-weather|Sandstorm|[upkeep]
|-damage|p1a: Whimsicott|45/100|[from] Sandstorm
|-damage|p1b: Gholdengo|63/100|[from] Sandstorm
|-damage|p2a: Weavile|79/100|[from] Sandstorm
|-sideend|p1: raucho|move: Tailwind
|upkeep
|turn|5
|
|t:|1757733905
|move|p1b: Gholdengo|Protect|p1b: Gholdengo
|-singleturn|p1b: Gholdengo|Protect
|move|p2a: Weavile|Ice Spinner|p1a: Whimsicott
|-supereffective|p1a: Whimsicott
|-damage|p1a: Whimsicott|0 fnt
|faint|p1a: Whimsicott
|-damage|p2a: Weavile|69/100|[from] item: Life Orb
|move|p2b: Weezing|Strange Steam|p1b: Gholdengo
|-activate|p1b: Gholdengo|move: Protect
|
|-weather|none
|upkeep
|
|t:|1757733910
|switch|p1a: Sneasler|Sneasler, L50, M, shiny|100/100
|turn|6
|
|t:|1757733916
|move|p2a: Weavile|Ice Spinner|p1b: Gholdengo
|-supereffective|p1b: Gholdengo
|-damage|p1b: Gholdengo|0 fnt
|faint|p1b: Gholdengo
|-damage|p2a: Weavile|59/100|[from] item: Life Orb
|move|p1a: Sneasler|Close Combat|p2a: Weavile
|-supereffective|p2a: Weavile
|-damage|p2a: Weavile|0 fnt
|-unboost|p1a: Sneasler|def|1
|-unboost|p1a: Sneasler|spd|1
|faint|p2a: Weavile
|move|p2b: Weezing|Will-O-Wisp|p1a: Sneasler|[miss]
|-miss|p2b: Weezing|p1a: Sneasler
|
|upkeep
|
|t:|1757733925
|switch|p2a: Tyranitar|Tyranitar, L50, F|100/100
|switch|p1b: Indeedee|Indeedee, L50, M, shiny|100/100
|turn|7
|
|t:|1757733935
|move|p1a: Sneasler|Close Combat|p2a: Tyranitar
|-supereffective|p2a: Tyranitar
|-crit|p2a: Tyranitar
|-damage|p2a: Tyranitar|0 fnt
|-unboost|p1a: Sneasler|def|1
|-unboost|p1a: Sneasler|spd|1
|faint|p2a: Tyranitar
|move|p1b: Indeedee|Expanding Force|p2b: Weezing
|-damage|p2b: Weezing|30/100
|move|p2b: Weezing|Strange Steam|p1a: Sneasler
|-damage|p1a: Sneasler|26/100
|-start|p1a: Sneasler|confusion
|
|upkeep
|turn|8
|-message|Sincubii forfeited.
|
|win|raucho
|l|☆Sincubii
|player|p2|
||Sincubii is ready for game 3.
