|j|☆SeymoursLeftToeVGC
|j|☆nephele_13
|html|SeymoursLeftToeVGCnephele_13    
|uhtml|bestof|Game 1 of a best-of-3
|t:|1783086995
|gametype|doubles
|player|p1|SeymoursLeftToeVGC|ninjaboy|1147
|player|p2|nephele_13|roxie|1156
|gen|9
|tier|[Gen 9 Champions] VGC 2026 Reg M-B (Bo3)
|rated|
|rule|Species Clause: Limit one of each Pokémon
|rule|Item Clause: Limit 1 of each item
|clearpoke
|poke|p1|Farigiraf, L50, M, shiny|
|poke|p1|Tyranitar, L50, M, shiny|
|poke|p1|Excadrill, L50, M, shiny|
|poke|p1|Basculegion, L50, M, shiny|
|poke|p1|Clefable, L50, M, shiny|
|poke|p1|Whimsicott, L50, M, shiny|
|poke|p2|Scizor, L50, M|
|poke|p2|Incineroar, L50, F|
|poke|p2|Aerodactyl, L50, M|
|poke|p2|Sylveon, L50, M|
|poke|p2|Basculegion, L50, M|
|poke|p2|Venusaur, L50, M|
|teampreview|4
|showteam|p1|Farigiraf||SitrusBerry|ArmorTail|HyperVoice,TwinBeam,Protect,HelpingHand|Modest||M|||50|]Tyranitar||Tyranitarite|SandStream|RockSlide,Protect,DragonDance,KnockOff|Adamant||M|||50|]Excadrill||FocusSash|SandRush|Earthquake,IronHead,Protect,HighHorsepower|Adamant||M|||50|]Basculegion||LifeOrb|Adaptability|Protect,IceFang,WaveCrash,LastRespects|Adamant||M|||50|]Clefable||Clefablite|Unaware|GrassKnot,Protect,FollowMe,Moonblast|Modest||M|||50|]Whimsicott||MentalHerb|Prankster|Moonblast,Protect,Tailwind,Encore|Calm||M|||50|
|showteam|p2|Scizor||Scizorite|Technician|Protect,BulletPunch,BugBite,SwordsDance|Adamant||M|||50|]Incineroar||SitrusBerry|Intimidate|FlareBlitz,DarkestLariat,FakeOut,PartingShot|Relaxed||F|||50|]Aerodactyl||FocusSash|Unnerve|Tailwind,DualWingbeat,RockSlide,Protect|Jolly||M|||50|]Sylveon||FairyFeather|Pixilate|Detect,HyperVoice,QuickAttack,HyperBeam|Modest||M|||50|]Basculegion||ChoiceScarf|Adaptability|FlipTurn,AquaJet,WaveCrash,LastRespects|Jolly||M|||50|]Venusaur||Venusaurite|Chlorophyll|Protect,EarthPower,GigaDrain,SludgeBomb|Modest||M|||50|
|inactive|Battle timer is ON: inactive players will automatically lose when time's up. (requested by SeymoursLeftToeVGC)
|inactive|SeymoursLeftToeVGC has 60 seconds left.
|inactive|nephele_13 has 60 seconds left.
|inactive|nephele_13 has 30 seconds left.
|
|t:|1783087065
|teamsize|p1|4
|teamsize|p2|4
|start
|switch|p1a: Whimsicott|Whimsicott, L50, M, shiny|100/100
|switch|p1b: Basculegion|Basculegion, L50, M, shiny|100/100
|switch|p2a: Scizor|Scizor, L50, M|100/100
|switch|p2b: Aerodactyl|Aerodactyl, L50, M|100/100
|-ability|p2b: Aerodactyl|Unnerve
|turn|1
|inactive|nephele_13 has 30 seconds left.
|
|t:|1783087093
|detailschange|p2a: Scizor|Scizor-Mega, L50, M
|-mega|p2a: Scizor|Scizor|Scizorite
|move|p1a: Whimsicott|Tailwind|p1a: Whimsicott
|-sidestart|p1: SeymoursLeftToeVGC|move: Tailwind
|move|p1b: Basculegion|Wave Crash|p2a: Scizor
|-damage|p2a: Scizor|16/100
|-damage|p1b: Basculegion|77/100|[from] Recoil
|-damage|p1b: Basculegion|67/100|[from] item: Life Orb
|move|p2b: Aerodactyl|Dual Wingbeat|p1a: Whimsicott
|-supereffective|p1a: Whimsicott|1
|-damage|p1a: Whimsicott|60/100
|-supereffective|p1a: Whimsicott|1
|-damage|p1a: Whimsicott|16/100
|-hitcount|p1a: Whimsicott|2
|move|p2a: Scizor|Swords Dance|p2a: Scizor
|-boost|p2a: Scizor|atk|2
|
|upkeep
|turn|2
|inactive|nephele_13 has 30 seconds left.
|
|t:|1783087121
|move|p2a: Scizor|Protect|p2a: Scizor
|-singleturn|p2a: Scizor|Protect
|move|p1a: Whimsicott|Encore|p2a: Scizor
|-activate|p2a: Scizor|move: Protect
|move|p1b: Basculegion|Ice Fang|p2b: Aerodactyl
|-supereffective|p2b: Aerodactyl|1
|-damage|p2b: Aerodactyl|3/100
|-damage|p1b: Basculegion|57/100|[from] item: Life Orb
|move|p2b: Aerodactyl|Rock Slide|p1b: Basculegion|[spread] p1a,p1b
|-damage|p1a: Whimsicott|0 fnt
|-damage|p1b: Basculegion|29/100
|faint|p1a: Whimsicott
|
|upkeep
|
|t:|1783087133
|switch|p1a: Tyranitar|Tyranitar, L50, M, shiny|100/100
|-weather|Sandstorm|[from] ability: Sand Stream|[of] p1a: Tyranitar
|turn|3
|
|t:|1783087149
|switch|p2b: Incineroar|Incineroar, L50, F|100/100
|-ability|p2b: Incineroar|Intimidate|boost
|-unboost|p1a: Tyranitar|atk|1
|-unboost|p1b: Basculegion|atk|1
|detailschange|p1a: Tyranitar|Tyranitar-Mega, L50, M, shiny
|-mega|p1a: Tyranitar|Tyranitar|Tyranitarite
|move|p2a: Scizor|Bullet Punch|p1b: Basculegion
|-resisted|p1b: Basculegion|1
|-damage|p1b: Basculegion|0 fnt
|faint|p1b: Basculegion
|move|p1a: Tyranitar|Rock Slide|p2b: Incineroar|[spread] p2a,p2b
|-supereffective|p2b: Incineroar|1
|-damage|p2a: Scizor|0 fnt
|-damage|p2b: Incineroar|61/100
|faint|p2a: Scizor
|
|-weather|Sandstorm|[upkeep]
|-damage|p2b: Incineroar|55/100|[from] Sandstorm
|upkeep
|
|t:|1783087169
|switch|p1b: Excadrill|Excadrill, L50, M, shiny|100/100
|switch|p2a: Aerodactyl|Aerodactyl, L50, M|3/100
|-ability|p2a: Aerodactyl|Unnerve
|turn|4
|
|t:|1783087185
|move|p2a: Aerodactyl|Protect|p2a: Aerodactyl
|-singleturn|p2a: Aerodactyl|Protect
|move|p2b: Incineroar|Fake Out|p1b: Excadrill
|-resisted|p1b: Excadrill|1
|-damage|p1b: Excadrill|92/100
|cant|p1b: Excadrill|flinch
|move|p1a: Tyranitar|Rock Slide|p2a: Aerodactyl|[spread] p2b
|-activate|p2a: Aerodactyl|move: Protect
|-supereffective|p2b: Incineroar|1
|-damage|p2b: Incineroar|16/100
|-enditem|p2b: Incineroar|Sitrus Berry|[eat]
|-heal|p2b: Incineroar|41/100|[from] item: Sitrus Berry
|
|-weather|Sandstorm|[upkeep]
|-damage|p2b: Incineroar|35/100|[from] Sandstorm
|-sideend|p1: SeymoursLeftToeVGC|move: Tailwind
|upkeep
|turn|5
|
|t:|1783087208
|switch|p2b: Basculegion|Basculegion, L50, M|100/100
|move|p1b: Excadrill|High Horsepower|p2b: Basculegion
|-damage|p2b: Basculegion|26/100
|move|p2a: Aerodactyl|Tailwind|p2a: Aerodactyl
|-sidestart|p2: nephele_13|move: Tailwind
|move|p1a: Tyranitar|Rock Slide|p2b: Basculegion|[spread] p2a
|-miss|p1a: Tyranitar|p2b: Basculegion
|-supereffective|p2a: Aerodactyl|1
|-damage|p2a: Aerodactyl|0 fnt
|faint|p2a: Aerodactyl
|
|-weather|Sandstorm|[upkeep]
|-damage|p2b: Basculegion|20/100r|[from] Sandstorm
|upkeep
|
|t:|1783087218
|switch|p2a: Incineroar|Incineroar, L50, F|35/100
|-ability|p2a: Incineroar|Intimidate|boost
|-unboost|p1a: Tyranitar|atk|1
|-unboost|p1b: Excadrill|atk|1
|turn|6
|inactive|nephele_13 has 30 seconds left.
|inactive|SeymoursLeftToeVGC has 30 seconds left.
|
|t:|1783087264
|move|p1b: Excadrill|Protect|p1b: Excadrill
|-singleturn|p1b: Excadrill|Protect
|move|p2a: Incineroar|Fake Out|p1a: Tyranitar
|-resisted|p1a: Tyranitar|1
|-damage|p1a: Tyranitar|97/100
|move|p2b: Basculegion|Last Respects|p1b: Excadrill
|-activate|p1b: Excadrill|move: Protect
|cant|p1a: Tyranitar|flinch
|
|-weather|Sandstorm|[upkeep]
|-damage|p2b: Basculegion|13/100|[from] Sandstorm
|-damage|p2a: Incineroar|29/100|[from] Sandstorm
|upkeep
|turn|7
|
|t:|1783087283
|move|p2b: Basculegion|Last Respects|p1b: Excadrill
|-damage|p1b: Excadrill|0 fnt
|faint|p1b: Excadrill
|move|p2a: Incineroar|Darkest Lariat|p1a: Tyranitar
|-resisted|p1a: Tyranitar|1
|-damage|p1a: Tyranitar|86/100
|move|p1a: Tyranitar|Knock Off|p2b: Basculegion
|-supereffective|p2b: Basculegion|1
|-damage|p2b: Basculegion|0 fnt
|-enditem|p2b: Basculegion|Choice Scarf|[from] move: Knock Off|[of] p1a: Tyranitar
|faint|p2b: Basculegion
|
|-weather|none
|upkeep
|turn|8
|
|t:|1783087299
|move|p2a: Incineroar|Parting Shot|p1a: Tyranitar
|-unboost|p1a: Tyranitar|atk|1
|-unboost|p1a: Tyranitar|spa|1
|move|p1a: Tyranitar|Rock Slide|p2a: Incineroar
|-supereffective|p2a: Incineroar|1
|-damage|p2a: Incineroar|0 fnt
|faint|p2a: Incineroar
|
|win|SeymoursLeftToeVGC
