|j|Ōśåspiritnekoalt
|j|ŌśåMtDrumr
|html|spiritnekoaltMtDrumr    
|uhtml|bestof|Game 2 of a best-of-3
|t:|1757212779
|gametype|doubles
|player|p1|spiritnekoalt|psychic-gen4|1000
|player|p2|MtDrumr|1|1020
|gen|9
|tier|[Gen 9] VGC 2025 Reg H (Bo3)
|rated|
|rule|Species Clause: Limit one of each Pok├®mon
|rule|Item Clause: Limit 1 of each item
|clearpoke
|poke|p1|Gothitelle, L50, F|
|poke|p1|Politoed, L50, M|
|poke|p1|Dondozo, L50, F|
|poke|p1|Tatsugiri, L50, F|
|poke|p1|Armarouge, L50, M|
|poke|p1|Indeedee-F, L50, F|
|poke|p2|Indeedee-F, L50, F|
|poke|p2|Armarouge, L50, M|
|poke|p2|Amoonguss, L50, F|
|poke|p2|Ursaluna, L50, M|
|poke|p2|Kilowattrel, L50, M|
|poke|p2|Annihilape, L50, F|
|teampreview|4
|showteam|p1|Gothitelle||SitrusBerry|ShadowTag|FakeOut,Protect,TrickRoom,Psychic|||F|||50|,,,,,Dark]Politoed||Leftovers|Drizzle|PerishSong,Protect,WeatherBall,Encore|||M|||50|,,,,,Grass]Dondozo||AguavBerry|Unaware|OrderUp,WaveCrash,Protect,Earthquake|||F|||50|,,,,,Grass]Tatsugiri||FocusSash|Commander|MuddyWater,IcyWind,DracoMeteor,Protect|||F|||50|,,,,,Dragon]Armarouge||MindPlate|FlashFire|ExpandingForce,WeatherBall,TrickRoom,Protect|||M|||50|,,,,,Psychic]Indeedee-F||PsychicSeed|PsychicSurge|FollowMe,TrickRoom,HelpingHand,Psychic|||F|||50|,,,,,Psychic
|showteam|p2|Indeedee-F||PsychicSeed|PsychicSurge|Psychic,FollowMe,TrickRoom,HelpingHand|||F|||50|,,,,,Grass]Armarouge||LifeOrb|FlashFire|TrickRoom,WideGuard,ExpandingForce,AuraSphere|||M|||50|,,,,,Grass]Amoonguss||EjectButton|Regenerator|Protect,RagePowder,PollenPuff,Spore|||F|||50|,,,,,Water]Ursaluna||FlameOrb|Guts|Earthquake,Facade,Protect,ShadowClaw|||M|||50|,,,,,Ghost]Kilowattrel||FocusSash|Competitive|Tailwind,AirSlash,Thunderbolt,Protect|||M|||50|,,,,,Stellar]Annihilape||ChoiceScarf|Defiant|FinalGambit,Taunt,CloseCombat,Uturn|||F|||50|,,,,,Fighting
|inactive|Battle timer is ON: inactive players will automatically lose when time's up. (requested by spiritnekoalt)
|
|t:|1757212804
|teamsize|p1|4
|teamsize|p2|4
|start
|switch|p1a: Armarouge|Armarouge, L50, M|100/100
|switch|p1b: Indeedee|Indeedee-F, L50, F|100/100
|switch|p2a: Annihilape|Annihilape, L50, F|100/100
|switch|p2b: Kilowattrel|Kilowattrel, L50, M|100/100
|-fieldstart|move: Psychic Terrain|[from] ability: Psychic Surge|[of] p1b: Indeedee
|-enditem|p1b: Indeedee|Psychic Seed
|-boost|p1b: Indeedee|spd|1|[from] item: Psychic Seed
|turn|1
|inactive|MtDrumr has 30 seconds left.
|
|t:|1757212831
|move|p1b: Indeedee|Follow Me|p1b: Indeedee
|-singleturn|p1b: Indeedee|move: Follow Me
|move|p2a: Annihilape|Final Gambit|p1b: Indeedee
|-damage|p1b: Indeedee|0 fnt
|faint|p2a: Annihilape
|faint|p1b: Indeedee
|move|p2b: Kilowattrel|Air Slash|p1a: Armarouge|[miss]
|-miss|p2b: Kilowattrel|p1a: Armarouge
|move|p1a: Armarouge|Trick Room|p1a: Armarouge
|-fieldstart|move: Trick Room|[of] p1a: Armarouge
|
|upkeep
|
|t:|1757212841
|switch|p1b: Tatsugiri|Tatsugiri, L50, F|100/100
|switch|p2a: Armarouge|Armarouge, L50, M|100/100
|turn|2
|
|t:|1757212854
|-terastallize|p1a: Armarouge|Psychic
|move|p2a: Armarouge|Wide Guard|p2a: Armarouge
|-singleturn|p2a: Armarouge|Wide Guard
|move|p1a: Armarouge|Expanding Force|p2b: Kilowattrel|[spread] 
|-activate|p2a: Armarouge|move: Wide Guard
|-activate|p2b: Kilowattrel|move: Wide Guard
|move|p1b: Tatsugiri|Muddy Water|p2a: Armarouge|[spread] 
|-activate|p2a: Armarouge|move: Wide Guard
|-activate|p2b: Kilowattrel|move: Wide Guard
|move|p2b: Kilowattrel|Thunderbolt|p1a: Armarouge
|-damage|p1a: Armarouge|58/100
|
|upkeep
|turn|3
|c|Ōśåspiritnekoalt|oh
|c|Ōśåspiritnekoalt|oops
|c|Ōśåspiritnekoalt|that could be a problem
|
|t:|1757212874
|move|p2b: Kilowattrel|Protect|p2b: Kilowattrel
|-singleturn|p2b: Kilowattrel|Protect
|move|p1a: Armarouge|Expanding Force|p2b: Kilowattrel|[spread] p2a
|-activate|p2b: Kilowattrel|move: Protect
|-resisted|p2a: Armarouge
|-damage|p2a: Armarouge|50/100
|move|p2a: Armarouge|Expanding Force|p1a: Armarouge|[spread] p1a,p1b
|-resisted|p1a: Armarouge
|-damage|p1a: Armarouge|17/100
|-enditem|p1b: Tatsugiri|Focus Sash
|-damage|p1b: Tatsugiri|1/100
|-damage|p2a: Armarouge|40/100|[from] item: Life Orb
|move|p1b: Tatsugiri|Draco Meteor|p2a: Armarouge
|-damage|p2a: Armarouge|0 fnt
|-unboost|p1b: Tatsugiri|spa|2
|faint|p2a: Armarouge
|
|upkeep
|
|t:|1757212884
|switch|p2a: Ursaluna|Ursaluna, L50, M|100/100
|turn|4
|
|t:|1757212897
|switch|p1a: Dondozo|Dondozo, L50, F|100/100
|-activate|p1b: Tatsugiri|ability: Commander|[of] p1a: Dondozo
|-boost|p1a: Dondozo|atk|2
|-boost|p1a: Dondozo|spa|2
|-boost|p1a: Dondozo|spe|2
|-boost|p1a: Dondozo|def|2
|-boost|p1a: Dondozo|spd|2
|move|p2b: Kilowattrel|Protect||[still]
|-fail|p2b: Kilowattrel
|move|p2a: Ursaluna|Earthquake|p1b: Tatsugiri|[spread] p1a
|-miss|p2a: Ursaluna|p1b: Tatsugiri
|-immune|p2b: Kilowattrel
|-damage|p1a: Dondozo|86/100
|
|-status|p2a: Ursaluna|brn|[from] item: Flame Orb
|upkeep
|turn|5
|inactive|spiritnekoalt has 30 seconds left.
|
|t:|1757212925
|move|p2a: Ursaluna|Protect|p2a: Ursaluna
|-singleturn|p2a: Ursaluna|Protect
|move|p2b: Kilowattrel|Protect|p2b: Kilowattrel
|-singleturn|p2b: Kilowattrel|Protect
|move|p1a: Dondozo|Order Up|p2b: Kilowattrel
|-activate|p2b: Kilowattrel|move: Protect
|
|-damage|p2a: Ursaluna|95/100 brn|[from] brn
|-fieldend|move: Trick Room
|-fieldend|move: Psychic Terrain
|upkeep
|turn|6
|
|t:|1757212949
|-terastallize|p2b: Kilowattrel|Stellar
|move|p2b: Kilowattrel|Air Slash|p1a: Dondozo
|-damage|p1a: Dondozo|62/100
|move|p1a: Dondozo|Wave Crash|p2a: Ursaluna
|-supereffective|p2a: Ursaluna
|-damage|p2a: Ursaluna|0 fnt
|faint|p2a: Ursaluna
|-damage|p1a: Dondozo|35/100|[from] Recoil
|
|upkeep
|turn|7
|-message|MtDrumr forfeited.
|
|win|spiritnekoalt
|raw|spiritnekoalt's rating: 1000 → 1042(+42 for winning)
|raw|MtDrumr's rating: 1020 → 1006(-14 for losing)
|l|ŌśåMtDrumr
|player|p2|
