|j|☆Ryan Hawkins
|j|☆gamer3DRider
|html|Ryan Hawkinsgamer3DRider    
|uhtml|bestof|Game 1 of a best-of-3
|t:|1757653729
|gametype|doubles
|player|p1|Ryan Hawkins|2|1086
|player|p2|gamer3DRider|266|1068
|gen|9
|tier|[Gen 9] VGC 2025 Reg H (Bo3)
|rated|
|rule|Species Clause: Limit one of each Pokémon
|rule|Item Clause: Limit 1 of each item
|clearpoke
|poke|p1|Haxorus, L50, F|
|poke|p1|Whimsicott, L50, M|
|poke|p1|Ursaluna-Bloodmoon, L50, M|
|poke|p1|Spiritomb, L50, F|
|poke|p1|Kingambit, L50, M|
|poke|p1|Farigiraf, L50, M|
|poke|p2|Archaludon, L50, F|
|poke|p2|Tinkaton, L50, F|
|poke|p2|Gholdengo, L50|
|poke|p2|Incineroar, L50, F|
|poke|p2|Amoonguss, L50, M|
|poke|p2|Pelipper, L50, M|
|teampreview|4
|showteam|p1|Haxorus||LifeOrb|MoldBreaker|Protect,DragonClaw,PoisonJab,DragonDance|||F|||50|,,,,,Poison]Whimsicott||FocusSash|Prankster|Protect,Tailwind,Endeavor,EnergyBall|||M|||50|,,,,,Ghost]Ursaluna-Bloodmoon||ThroatSpray|MindsEye|Protect,BloodMoon,HyperVoice,EarthPower|||M|||50|,,,,,Grass]Spiritomb||BlackGlasses|Infiltrator|Protect,TrickRoom,DarkPulse,Snarl|||F|||50|,,,,,Steel]Kingambit||MuscleBand|Defiant|Protect,KowtowCleave,IronHead,SuckerPunch|||M|||50|,,,,,Ghost]Farigiraf||RoomService|ArmorTail|Protect,TeraBlast,ExpandingForce,TrickRoom|||M|||50|,,,,,Water
|showteam|p2|Archaludon||AssaultVest|Stamina|ElectroShot,FlashCannon,BodyPress,DracoMeteor|||F|||50|,,,,,Fairy]Tinkaton||Leftovers|OwnTempo|FakeOut,GigatonHammer,ThunderWave,PlayRough|||F|||50|,,,,,Ghost]Gholdengo||LifeOrb|GoodasGold|MakeItRain,NastyPlot,ShadowBall,Protect||||||50|,,,,,Fairy]Incineroar||SafetyGoggles|Intimidate|FakeOut,PartingShot,FlareBlitz,KnockOff|||F|||50|,,,,,Ghost]Amoonguss||RockyHelmet|Regenerator|SludgeBomb,Protect,Spore,RagePowder|||M|||50|,,,,,Water]Pelipper||CovertCloak|Drizzle|WeatherBall,Hurricane,Protect,Tailwind|||M|||50|,,,,,Ground
|inactive|Battle timer is ON: inactive players will automatically lose when time's up. (requested by gamer3DRider)
|inactive|Ryan Hawkins has 60 seconds left.
|
|t:|1757653790
|teamsize|p1|4
|teamsize|p2|4
|start
|switch|p1a: Spiritomb|Spiritomb, L50, F, shiny|100/100
|switch|p1b: Farigiraf|Farigiraf, L50, M, shiny|100/100
|switch|p2a: Tinkaton|Tinkaton, L50, F|100/100
|switch|p2b: Amoonguss|Amoonguss, L50, M|100/100
|turn|1
|inactive|Ryan Hawkins has 30 seconds left.
|
|t:|1757653817
|move|p2a: Tinkaton|Play Rough|p1a: Spiritomb
|-supereffective|p1a: Spiritomb
|-damage|p1a: Spiritomb|47/100
|move|p1b: Farigiraf|Expanding Force|p2b: Amoonguss
|-supereffective|p2b: Amoonguss
|-damage|p2b: Amoonguss|37/100
|move|p2b: Amoonguss|Spore|p1b: Farigiraf
|-status|p1b: Farigiraf|slp|[from] move: Spore
|move|p1a: Spiritomb|Trick Room|p1a: Spiritomb
|-fieldstart|move: Trick Room|[of] p1a: Spiritomb
|-enditem|p1b: Farigiraf|Room Service
|-unboost|p1b: Farigiraf|spe|1|[from] item: Room Service
|
|upkeep
|turn|2
|inactive|gamer3DRider has 30 seconds left.
|
|t:|1757653844
|move|p2b: Amoonguss|Spore|p1a: Spiritomb
|-status|p1a: Spiritomb|slp|[from] move: Spore
|cant|p1a: Spiritomb|slp
|cant|p1b: Farigiraf|slp
|move|p2a: Tinkaton|Play Rough|p1b: Farigiraf
|-damage|p1b: Farigiraf|69/100 slp
|
|upkeep
|turn|3
|
|t:|1757653858
|switch|p2b: Archaludon|Archaludon, L50, F|100/100
|cant|p1a: Spiritomb|slp
|-curestatus|p1b: Farigiraf|slp|[msg]
|move|p1b: Farigiraf|Expanding Force|p2b: Archaludon
|-resisted|p2b: Archaludon
|-damage|p2b: Archaludon|86/100
|-ability|p2b: Archaludon|Stamina|boost
|-boost|p2b: Archaludon|def|1
|move|p2a: Tinkaton|Gigaton Hammer|p1b: Farigiraf
|-damage|p1b: Farigiraf|22/100
|
|upkeep
|turn|4
|inactive|gamer3DRider has 30 seconds left.
|
|t:|1757653883
|switch|p1b: Ursaluna|Ursaluna-Bloodmoon, L50, M|100/100
|cant|p1a: Spiritomb|slp
|move|p2b: Archaludon|Body Press|p1b: Ursaluna
|-supereffective|p1b: Ursaluna
|-damage|p1b: Ursaluna|45/100
|move|p2a: Tinkaton|Play Rough|p1a: Spiritomb
|-supereffective|p1a: Spiritomb
|-damage|p1a: Spiritomb|0 fnt
|faint|p1a: Spiritomb
|
|upkeep
|
|t:|1757653895
|switch|p1a: Kingambit|Kingambit, L50, M, shiny|100/100
|turn|5
|
|t:|1757653906
|switch|p2a: Amoonguss|Amoonguss, L50, M|70/100
|-terastallize|p2b: Archaludon|Fairy
|move|p1a: Kingambit|Iron Head|p2a: Amoonguss
|-damage|p2a: Amoonguss|29/100
|-damage|p1a: Kingambit|84/100|[from] item: Rocky Helmet|[of] p2a: Amoonguss
|move|p1b: Ursaluna|Earth Power|p2b: Archaludon
|-damage|p2b: Archaludon|52/100
|-unboost|p2b: Archaludon|spd|1
|-ability|p2b: Archaludon|Stamina|boost
|-boost|p2b: Archaludon|def|1
|move|p2b: Archaludon|Body Press|p1a: Kingambit
|-supereffective|p1a: Kingambit
|-damage|p1a: Kingambit|0 fnt
|faint|p1a: Kingambit
|
|-fieldend|move: Trick Room
|upkeep
|
|t:|1757653922
|switch|p1a: Farigiraf|Farigiraf, L50, M, shiny|22/100
|turn|6
|
|t:|1757653940
|switch|p2a: Tinkaton|Tinkaton, L50, F|100/100
|-terastallize|p1b: Ursaluna|Grass
|move|p2b: Archaludon|Body Press|p1b: Ursaluna
|-damage|p1b: Ursaluna|5/100
|move|p1b: Ursaluna|Hyper Voice|p2b: Archaludon|[spread] p2a,p2b
|-resisted|p2a: Tinkaton
|-damage|p2a: Tinkaton|87/100
|-damage|p2b: Archaludon|7/100
|-ability|p2b: Archaludon|Stamina|boost
|-boost|p2b: Archaludon|def|1
|-enditem|p1b: Ursaluna|Throat Spray
|-boost|p1b: Ursaluna|spa|1|[from] item: Throat Spray
|move|p1a: Farigiraf|Trick Room|p1a: Farigiraf
|-fieldstart|move: Trick Room|[of] p1a: Farigiraf
|
|-heal|p2a: Tinkaton|93/100|[from] item: Leftovers
|upkeep
|turn|7
|
|t:|1757653969
|switch|p2b: Amoonguss|Amoonguss, L50, M|62/100
|move|p1b: Ursaluna|Earth Power|p2a: Tinkaton
|-supereffective|p2a: Tinkaton
|-damage|p2a: Tinkaton|0 fnt
|faint|p2a: Tinkaton
|move|p1a: Farigiraf|Tera Blast|p2b: Amoonguss
|-damage|p2b: Amoonguss|34/100
|
|upkeep
|
|t:|1757653978
|switch|p2a: Gholdengo|Gholdengo, L50|100/100
|turn|8
|
|t:|1757653996
|move|p1b: Ursaluna|Protect|p1b: Ursaluna
|-singleturn|p1b: Ursaluna|Protect
|move|p2b: Amoonguss|Sludge Bomb|p1b: Ursaluna
|-activate|p1b: Ursaluna|move: Protect
|move|p1a: Farigiraf|Expanding Force|p2b: Amoonguss
|-supereffective|p2b: Amoonguss
|-damage|p2b: Amoonguss|0 fnt
|faint|p2b: Amoonguss
|move|p2a: Gholdengo|Make It Rain|p1b: Ursaluna|[spread] p1a
|-activate|p1b: Ursaluna|move: Protect
|-damage|p1a: Farigiraf|0 fnt
|-unboost|p2a: Gholdengo|spa|1
|faint|p1a: Farigiraf
|-damage|p2a: Gholdengo|91/100|[from] item: Life Orb
|
|upkeep
|
|t:|1757654002
|switch|p2b: Archaludon|Archaludon, L50, F, tera:Fairy|7/100
|turn|9
|
|t:|1757654012
|move|p1b: Ursaluna|Hyper Voice|p2b: Archaludon|[spread] p2a,p2b
|-resisted|p2a: Gholdengo
|-damage|p2a: Gholdengo|62/100
|-damage|p2b: Archaludon|0 fnt
|faint|p2b: Archaludon
|move|p2a: Gholdengo|Shadow Ball|p1b: Ursaluna
|-damage|p1b: Ursaluna|0 fnt
|faint|p1b: Ursaluna
|-damage|p2a: Gholdengo|52/100|[from] item: Life Orb
|
|win|gamer3DRider
||Ryan Hawkins is ready for game 2.
||gamer3DRider is ready for game 2.
|uhtml|next|Next: Game 2 of 3
