|j|☆CrystalGem02
|j|‽Livnlarge27
|html|CrystalGem02Livnlarge27    
|uhtml|bestof|Game 2 of a best-of-3
|t:|1755540424
|gametype|doubles
|player|p1|CrystalGem02|valerie|1251
|player|p2|Livnlarge27|red|1454
|gen|9
|tier|[Gen 9] VGC 2025 Reg H (Bo3)
|rated|
|rule|Species Clause: Limit one of each Pokémon
|rule|Item Clause: Limit 1 of each item
|clearpoke
|poke|p1|Gholdengo, L50|
|poke|p1|Incineroar, L50, F|
|poke|p1|Amoonguss, L50, F|
|poke|p1|Basculegion, L50, M|
|poke|p1|Pelipper, L50, M|
|poke|p1|Archaludon, L50, M|
|poke|p2|Blastoise, L50, F|
|poke|p2|Indeedee-F, L50, F|
|poke|p2|Armarouge, L50, F|
|poke|p2|Whimsicott, L50, F|
|poke|p2|Chesnaught, L50, M|
|poke|p2|Dragapult, L50, F|
|teampreview|4
|showteam|p1|Gholdengo||LifeOrb|GoodasGold|MakeItRain,ShadowBall,NastyPlot,Protect||||||50|,,,,,Water]Incineroar||SafetyGoggles|Intimidate|KnockOff,PartingShot,Taunt,FakeOut|||F|||50|,,,,,Ghost]Amoonguss||SitrusBerry|Regenerator|PollenPuff,RagePowder,Spore,Protect|||F|||50|,,,,,Fairy]Basculegion||ChoiceBand|SwiftSwim|WaveCrash,LastRespects,AquaJet,FlipTurn|||M|||50|,,,,,Water]Pelipper||FocusSash|Drizzle|WeatherBall,Hurricane,Tailwind,Protect|||M|||50|,,,,,Ground]Archaludon||AssaultVest|Stamina|DragonPulse,ElectroShot,FlashCannon,BodyPress|||M|||50|,,,,,Bug
|showteam|p2|Blastoise||MysticWater|Torrent|Protect,WaterSpout,HydroPump,ShellSmash|||F|||50|,,,,,Water]Indeedee-F||SafetyGoggles|PsychicSurge|Imprison,FollowMe,HelpingHand,TrickRoom|||F|||50|,,,,,Fairy]Armarouge||LifeOrb|FlashFire|ExpandingForce,ArmorCannon,ClearSmog,AuraSphere|||F|||50|,,,,,Grass]Whimsicott||CovertCloak|Prankster|Tailwind,Moonblast,Encore,Taunt|||F|||50|,,,,,Dark]Chesnaught||Leftovers|Bulletproof|IronDefense,BodyPress,LeechSeed,SpikyShield|||M|||50|,,,,,Fairy]Dragapult||ChoiceBand|ClearBody|DragonDarts,Uturn,PhantomForce,Curse|||F|||50|,,,,,Dragon
|inactive|Battle timer is ON: inactive players will automatically lose when time's up. (requested by CrystalGem02)
|inactive|CrystalGem02 has 60 seconds left.
|
|t:|1755540478
|teamsize|p1|4
|teamsize|p2|4
|start
|switch|p1a: Phantom|Basculegion, L50, M|100/100
|switch|p1b: Impostor|Amoonguss, L50, F|100/100
|switch|p2a: Blastoise|Blastoise, L50, F|100/100
|switch|p2b: Indeedee|Indeedee-F, L50, F|100/100
|-fieldstart|move: Psychic Terrain|[from] ability: Psychic Surge|[of] p2b: Indeedee
|turn|1
|
|t:|1755540486
|-terastallize|p1a: Phantom|Water
|move|p2b: Indeedee|Follow Me|p2b: Indeedee
|-singleturn|p2b: Indeedee|move: Follow Me
|move|p2a: Blastoise|Shell Smash|p2a: Blastoise
|-unboost|p2a: Blastoise|def|1
|-unboost|p2a: Blastoise|spd|1
|-boost|p2a: Blastoise|atk|2
|-boost|p2a: Blastoise|spa|2
|-boost|p2a: Blastoise|spe|2
|move|p1a: Phantom|Wave Crash|p2b: Indeedee
|-damage|p2b: Indeedee|0 fnt
|faint|p2b: Indeedee
|-damage|p1a: Phantom|71/100|[from] Recoil
|move|p1b: Impostor|Spore|p2a: Blastoise
|-status|p2a: Blastoise|slp|[from] move: Spore
|
|upkeep
|
|t:|1755540491
|switch|p2b: Dragapult|Dragapult, L50, F|100/100
|turn|2
|
|t:|1755540507
|switch|p1b: PippoPelippo|Pelipper, L50, M|100/100
|-weather|RainDance|[from] ability: Drizzle|[of] p1b: PippoPelippo
|cant|p2a: Blastoise|slp
|move|p1a: Phantom|Wave Crash|p2b: Dragapult
|-resisted|p2b: Dragapult
|-damage|p2b: Dragapult|0 fnt
|faint|p2b: Dragapult
|-damage|p1a: Phantom|44/100|[from] Recoil
|
|-weather|RainDance|[upkeep]
|upkeep
|
|t:|1755540511
|switch|p2b: Whimsicott|Whimsicott, L50, F|100/100
|turn|3
|
|t:|1755540522
|-curestatus|p2a: Blastoise|slp|[msg]
|move|p2a: Blastoise|Water Spout|p1a: Phantom|[spread] p1a,p1b
|-resisted|p1a: Phantom
|-resisted|p1b: PippoPelippo
|-damage|p1a: Phantom|0 fnt
|-enditem|p1b: PippoPelippo|Focus Sash
|-damage|p1b: PippoPelippo|1/100
|faint|p1a: Phantom
|move|p2b: Whimsicott|Moonblast|p1b: PippoPelippo
|-damage|p1b: PippoPelippo|0 fnt
|faint|p1b: PippoPelippo
|
|-weather|RainDance|[upkeep]
|upkeep
|
|t:|1755540533
|switch|p1a: Impostor|Amoonguss, L50, F|100/100
|switch|p1b: V.Eradito|Archaludon, L50, M, shiny|100/100
|turn|4
|
|t:|1755540541
|-terastallize|p2a: Blastoise|Water
|move|p2a: Blastoise|Water Spout|p1b: V.Eradito|[spread] p1a,p1b
|-resisted|p1a: Impostor
|-resisted|p1b: V.Eradito
|-damage|p1a: Impostor|10/100
|-damage|p1b: V.Eradito|17/100
|-ability|p1b: V.Eradito|Stamina|boost
|-boost|p1b: V.Eradito|def|1
|-enditem|p1a: Impostor|Sitrus Berry|[eat]
|-heal|p1a: Impostor|35/100|[from] item: Sitrus Berry
|move|p2b: Whimsicott|Moonblast|p1b: V.Eradito
|-damage|p1b: V.Eradito|0 fnt
|faint|p1b: V.Eradito
|move|p1a: Impostor|Spore|p2a: Blastoise
|-status|p2a: Blastoise|slp|[from] move: Spore
|
|-weather|RainDance|[upkeep]
|upkeep
|turn|5
|-message|CrystalGem02 forfeited.
|
|win|Livnlarge27
|raw|CrystalGem02's rating: 1251 → 1239(-12 for losing)
|raw|Livnlarge27's rating: 1454 → 1463(+9 for winning)
