|j|☆Truevillany123
|j|☆Traindelpivgc
|html|Truevillany123Traindelpivgc    
|uhtml|bestof|Game 2 of a best-of-3
|t:|1756387150
|gametype|doubles
|player|p1|Truevillany123|steven|1160
|player|p2|Traindelpivgc|hilbert-wonderlauncher|1185
|gen|9
|tier|[Gen 9] VGC 2025 Reg H (Bo3)
|rated|
|rule|Species Clause: Limit one of each Pokémon
|rule|Item Clause: Limit 1 of each item
|clearpoke
|poke|p1|Ursaluna-Bloodmoon, L50, M|
|poke|p1|Gholdengo, L50|
|poke|p1|Dragonite, L50, M|
|poke|p1|Sneasler, L50, M|
|poke|p1|Incineroar, L50, F|
|poke|p1|Amoonguss, L50, M|
|poke|p2|Incineroar, L50, M|
|poke|p2|Amoonguss, L50, F|
|poke|p2|Ursaluna-Bloodmoon, L50, M|
|poke|p2|Sneasler, L50, F|
|poke|p2|Gholdengo, L50|
|poke|p2|Dragonite, L50, F|
|teampreview|4
|showteam|p1|Ursaluna-Bloodmoon||AssaultVest|MindsEye|BloodMoon,EarthPower,VacuumWave,HyperVoice|||M|||50|,,,,,Water]Gholdengo||LifeOrb|GoodasGold|Protect,MakeItRain,ShadowBall,NastyPlot||||||50|,,,,,Water]Dragonite||LoadedDice|Multiscale|ScaleShot,Tailwind,Haze,Protect|||M|||50|,,,,,Fairy]Sneasler||FocusSash|Unburden|Protect,DireClaw,CloseCombat,ThroatChop|||M|||50|,,,,,Stellar]Incineroar||SafetyGoggles|Intimidate|KnockOff,PartingShot,FlareBlitz,FakeOut|||F|||50|,,,,,Ghost]Amoonguss||SitrusBerry|Regenerator|RagePowder,Spore,PollenPuff,Protect|||M|||50|,,,,,Psychic
|showteam|p2|Incineroar||SafetyGoggles|Intimidate|FlareBlitz,KnockOff,PartingShot,FakeOut|||M|||50|,,,,,Ghost]Amoonguss||SitrusBerry|Regenerator|Spore,RagePowder,PollenPuff,Protect|||F|||50|,,,,,Psychic]Ursaluna-Bloodmoon||AssaultVest|MindsEye|HyperVoice,BloodMoon,EarthPower,VacuumWave|||M|||50|,,,,,Water]Sneasler||FocusSash|Unburden|CloseCombat,DireClaw,ThroatChop,Protect|||F|||50|,,,,,Stellar]Gholdengo||LifeOrb|GoodasGold|MakeItRain,ShadowBall,NastyPlot,Protect||||||50|,,,,,Water]Dragonite||LoadedDice|Multiscale|ScaleShot,Tailwind,Haze,Protect|||F|||50|,,,,,Fairy
|c|☆Truevillany123|gg
|c|☆Traindelpivgc|gg
|inactive|Battle timer is ON: inactive players will automatically lose when time's up. (requested by Truevillany123)
|inactive|Traindelpivgc has 60 seconds left.
|
|t:|1756387217
|teamsize|p1|4
|teamsize|p2|4
|start
|switch|p1a: Amoonguss|Amoonguss, L50, M|100/100
|switch|p1b: Gholdengo|Gholdengo, L50|100/100
|switch|p2a: Sneasler|Sneasler, L50, F|100/100
|switch|p2b: Dragonite|Dragonite, L50, F|100/100
|turn|1
|
|t:|1756387241
|move|p2a: Sneasler|Dire Claw|p1a: Amoonguss
|-damage|p1a: Amoonguss|66/100
|move|p1b: Gholdengo|Nasty Plot|p1b: Gholdengo
|-boost|p1b: Gholdengo|spa|2
|move|p2b: Dragonite|Tailwind|p2b: Dragonite
|-sidestart|p2: Traindelpivgc|move: Tailwind
|move|p1a: Amoonguss|Spore|p2a: Sneasler
|-status|p2a: Sneasler|slp|[from] move: Spore
|
|upkeep
|turn|2
|inactive|Traindelpivgc has 30 seconds left.
|inactive|Truevillany123 has 30 seconds left.
|
|t:|1756387278
|cant|p2a: Sneasler|slp
|move|p2b: Dragonite|Haze|p2b: Dragonite
|-clearallboost
|move|p1b: Gholdengo|Make It Rain|p2a: Sneasler|[spread] p2a,p2b
|-damage|p2a: Sneasler|22/100 slp
|-damage|p2b: Dragonite|74/100
|-unboost|p1b: Gholdengo|spa|1
|-damage|p1b: Gholdengo|91/100|[from] item: Life Orb
|move|p1a: Amoonguss|Pollen Puff|p1b: Gholdengo
|-heal|p1b: Gholdengo|100/100
|
|upkeep
|turn|3
|c|☆Truevillany123|gg
|inactive|Traindelpivgc has 30 seconds left.
|
|t:|1756387304
|switch|p2b: Incineroar|Incineroar, L50, M|100/100
|-ability|p2b: Incineroar|Intimidate|boost
|-unboost|p1a: Amoonguss|atk|1
|-unboost|p1b: Gholdengo|atk|1
|cant|p2a: Sneasler|slp
|move|p1b: Gholdengo|Shadow Ball|p1a: Amoonguss
|-damage|p1a: Amoonguss|38/100
|-enditem|p1a: Amoonguss|Sitrus Berry|[eat]
|-heal|p1a: Amoonguss|63/100|[from] item: Sitrus Berry
|-damage|p1b: Gholdengo|91/100|[from] item: Life Orb
|move|p1a: Amoonguss|Spore|p1b: Gholdengo
|-immune|p1b: Gholdengo|[from] ability: Good as Gold
|
|upkeep
|turn|4
|c|☆Traindelpivgc|what are you doing?
|inactive|Traindelpivgc has 30 seconds left.
|inactive|Traindelpivgc has 20 seconds left.
|
|t:|1756387339
|switch|p1b: Dragonite|Dragonite, L50, M|100/100
|-curestatus|p2a: Sneasler|slp|[msg]
|move|p2a: Sneasler|Dire Claw|p1a: Amoonguss
|-damage|p1a: Amoonguss|33/100
|-status|p1a: Amoonguss|par
|move|p2b: Incineroar|Knock Off|p1b: Dragonite
|-damage|p1b: Dragonite|78/100
|-enditem|p1b: Dragonite|Loaded Dice|[from] move: Knock Off|[of] p2b: Incineroar
|move|p1a: Amoonguss|Spore|p1b: Dragonite
|-status|p1b: Dragonite|slp|[from] move: Spore
|
|-sideend|p2: Traindelpivgc|move: Tailwind
|upkeep
|turn|5
|inactive|Traindelpivgc has 30 seconds left.
|
|t:|1756387368
|move|p2a: Sneasler|Close Combat|p1a: Amoonguss
|-resisted|p1a: Amoonguss
|-damage|p1a: Amoonguss|7/100 par
|-unboost|p2a: Sneasler|def|1
|-unboost|p2a: Sneasler|spd|1
|cant|p1b: Dragonite|slp
|move|p2b: Incineroar|Parting Shot|p1b: Dragonite
|-unboost|p1b: Dragonite|atk|1
|-unboost|p1b: Dragonite|spa|1
|
|t:|1756387379
|switch|p2b: Dragonite|Dragonite, L50, F|74/100|[from] Parting Shot
|cant|p1a: Amoonguss|par
|
|upkeep
|turn|6
|
|t:|1756387394
|move|p2a: Sneasler|Dire Claw|p1b: Dragonite
|-damage|p1b: Dragonite|26/100 slp
|cant|p1b: Dragonite|slp
|move|p2b: Dragonite|Scale Shot|p1a: Amoonguss
|-damage|p1a: Amoonguss|0 fnt
|faint|p1a: Amoonguss
|-hitcount|p1: Amoonguss|1
|-unboost|p2b: Dragonite|def|1
|-boost|p2b: Dragonite|spe|1
|
|upkeep
|
|t:|1756387401
|switch|p1a: Sneasler|Sneasler, L50, M|100/100
|turn|7
|
|t:|1756387417
|move|p2a: Sneasler|Protect|p2a: Sneasler
|-singleturn|p2a: Sneasler|Protect
|move|p2b: Dragonite|Scale Shot|p1a: Sneasler|[miss]
|-miss|p2b: Dragonite|p1a: Sneasler
|move|p1a: Sneasler|Dire Claw|p1b: Dragonite
|-damage|p1b: Dragonite|0 fnt
|faint|p1b: Dragonite
|
|upkeep
|
|t:|1756387426
|switch|p1b: Gholdengo|Gholdengo, L50|91/100
|turn|8
|c|☆Traindelpivgc|ok...
|c|☆Truevillany123|gg
|
|t:|1756387446
|move|p2b: Dragonite|Scale Shot|p1a: Sneasler
|-damage|p1a: Sneasler|77/100
|-damage|p1a: Sneasler|50/100
|-damage|p1a: Sneasler|26/100
|-damage|p1a: Sneasler|3/100
|-damage|p1a: Sneasler|0 fnt
|faint|p1a: Sneasler
|-hitcount|p1: Sneasler|5
|-unboost|p2b: Dragonite|def|1
|-boost|p2b: Dragonite|spe|1
|move|p2a: Sneasler|Throat Chop|p1b: Gholdengo
|-supereffective|p1b: Gholdengo
|-damage|p1b: Gholdengo|35/100
|-start|p1b: Gholdengo|Throat Chop|[silent]
|move|p1b: Gholdengo|Shadow Ball|p1: Sneasler|[notarget]
|-fail|p1b: Gholdengo
|
|upkeep
|turn|9
|c|☆Traindelpivgc|what are you doing?
|c|☆Truevillany123|Was over once Haze was clicked
|c|☆Traindelpivgc|no sense you played
|inactive|Traindelpivgc has 30 seconds left.
|inactive|Traindelpivgc has 20 seconds left.
|
|t:|1756387485
|move|p2b: Dragonite|Scale Shot|p1b: Gholdengo
|-resisted|p1b: Gholdengo
|-damage|p1b: Gholdengo|27/100
|-resisted|p1b: Gholdengo
|-damage|p1b: Gholdengo|19/100
|-resisted|p1b: Gholdengo
|-damage|p1b: Gholdengo|11/100
|-resisted|p1b: Gholdengo
|-damage|p1b: Gholdengo|3/100
|-resisted|p1b: Gholdengo
|-damage|p1b: Gholdengo|0 fnt
|faint|p1b: Gholdengo
|-hitcount|p1: Gholdengo|5
|
|win|Traindelpivgc
|raw|Truevillany123's rating: 1160 → 1137(-23 for losing)
|raw|Traindelpivgc's rating: 1185 → 1208(+23 for winning)
|c|☆Truevillany123|Actually over at the beginning why i said GG
|c|☆Truevillany123|gg tho wp
