|j|☆shilips
|j|☆sandy ghost 5
|html|shilipssandy ghost 5    
|uhtml|bestof|Game 1 of a best-of-3
|t:|1756983551
|gametype|doubles
|player|p1|shilips|ninjaboy|1196
|player|p2|sandy ghost 5|baker|1283
|gen|9
|tier|[Gen 9] VGC 2025 Reg H (Bo3)
|rated|
|rule|Species Clause: Limit one of each Pokémon
|rule|Item Clause: Limit 1 of each item
|clearpoke
|poke|p1|Dragonite, L50, M|
|poke|p1|Archaludon, L50, F|
|poke|p1|Pelipper, L50, M|
|poke|p1|Gholdengo, L50|
|poke|p1|Sinistcha, L50|
|poke|p1|Ursaluna, L50, M|
|poke|p2|Tyranitar, L50, F|
|poke|p2|Excadrill, L50, M|
|poke|p2|Sinistcha-Masterpiece, L50|
|poke|p2|Salamence, L50, F|
|poke|p2|Blaziken, L50, F|
|poke|p2|Bruxish, L50, M|
|teampreview|4
|showteam|p1|Dragonite||LoadedDice|InnerFocus|Protect,ScaleShot,IceSpinner,Haze|||M|||50|,,,,,Fairy]Archaludon||AssaultVest|Stamina|DragonPulse,ElectroShot,BodyPress,FlashCannon|||F|||50|,,,,,Bug]Pelipper||FocusSash|Drizzle|Hurricane,WeatherBall,Tailwind,WideGuard|||M|||50|,,,,,Grass]Gholdengo||LifeOrb|GoodasGold|MakeItRain,ShadowBall,NastyPlot,Protect||||||50|,,,,,Dark]Sinistcha||SitrusBerry|Hospitality|MatchaGotcha,RagePowder,LifeDew,TrickRoom||||||50|,,,,,Dark]Ursaluna||FlameOrb|Guts|Earthquake,Facade,Protect,HeadlongRush|||M|||50|,,,,,Ghost
|showteam|p2|Tyranitar||ClearAmulet|SandStream|RockSlide,KnockOff,DragonDance,Protect|||F|||50|,,,,,Grass]Excadrill||AssaultVest|SandRush|Earthquake,IronHead,HighHorsepower,RockSlide|||M|||50|,,,,,Ghost]Sinistcha-Masterpiece||SitrusBerry|Hospitality|ShadowBall,MatchaGotcha,RagePowder,Protect||||||50|,,,,,Dark]Salamence||LifeOrb|Intimidate|DracoMeteor,AirSlash,Protect,Tailwind|||F|||50|,,,,,Ghost]Blaziken||CovertCloak|SpeedBoost|AuraSphere,HeatWave,Coaching,WillOWisp|||F|||50|,,,,,Dragon]Bruxish||ChoiceScarf|Dazzling|PsychicFangs,FlipTurn,WaveCrash,SuperFang|||M|||50|,,,,,Water
|
|t:|1756983603
|teamsize|p1|4
|teamsize|p2|4
|start
|switch|p1a: Ursaluna|Ursaluna, L50, M, shiny|100/100
|switch|p1b: Sinistcha|Sinistcha, L50, shiny|100/100
|switch|p2a: Blaziken|Blaziken, L50, F|100/100
|switch|p2b: Excadrill|Excadrill, L50, M|100/100
|turn|1
|
|t:|1756983636
|-terastallize|p1a: Ursaluna|Ghost
|move|p2a: Blaziken|Coaching|p2b: Excadrill
|-boost|p2b: Excadrill|atk|1
|-boost|p2b: Excadrill|def|1
|move|p2b: Excadrill|Iron Head|p1b: Sinistcha
|-damage|p1b: Sinistcha|39/100
|-enditem|p1b: Sinistcha|Sitrus Berry|[eat]
|-heal|p1b: Sinistcha|64/100|[from] item: Sitrus Berry
|move|p1a: Ursaluna|Earthquake|p2b: Excadrill|[spread] p1b,p2a,p2b
|-resisted|p1b: Sinistcha
|-supereffective|p2a: Blaziken
|-supereffective|p2b: Excadrill
|-damage|p1b: Sinistcha|44/100
|-damage|p2a: Blaziken|0 fnt
|-damage|p2b: Excadrill|15/100
|faint|p2a: Blaziken
|cant|p1b: Sinistcha|flinch
|
|-status|p1a: Ursaluna|brn|[from] item: Flame Orb
|upkeep
|
|t:|1756983653
|switch|p2a: Puppet|Sinistcha-Masterpiece, L50|100/100
|-heal|p2b: Excadrill|40/100|[from] ability: Hospitality|[of] p2a: Puppet
|turn|2
|
|t:|1756983675
|move|p1a: Ursaluna|Protect|p1a: Ursaluna
|-singleturn|p1a: Ursaluna|Protect
|move|p2b: Excadrill|Earthquake|p1a: Ursaluna|[spread] p2a,p1b
|-activate|p1a: Ursaluna|move: Protect
|-resisted|p2a: Puppet
|-resisted|p1b: Sinistcha
|-crit|p1b: Sinistcha
|-damage|p2a: Puppet|70/100
|-damage|p1b: Sinistcha|0 fnt
|faint|p1b: Sinistcha
|move|p2a: Puppet|Shadow Ball|p1a: Ursaluna
|-activate|p1a: Ursaluna|move: Protect
|
|-damage|p1a: Ursaluna|94/100 brn|[from] brn
|upkeep
|
|t:|1756983692
|switch|p1b: Pelipper|Pelipper, L50, M, shiny|100/100
|-weather|RainDance|[from] ability: Drizzle|[of] p1b: Pelipper
|turn|3
|
|t:|1756983705
|move|p2a: Puppet|Protect|p2a: Puppet
|-singleturn|p2a: Puppet|Protect
|move|p2b: Excadrill|High Horsepower|p1a: Ursaluna
|-damage|p1a: Ursaluna|33/100 brn
|move|p1b: Pelipper|Hurricane|p2a: Puppet
|-activate|p2a: Puppet|move: Protect
|move|p1a: Ursaluna|Earthquake|p2b: Excadrill|[spread] p2b
|-activate|p2a: Puppet|move: Protect
|-immune|p1b: Pelipper
|-supereffective|p2b: Excadrill
|-damage|p2b: Excadrill|0 fnt
|faint|p2b: Excadrill
|
|-weather|RainDance|[upkeep]
|-damage|p1a: Ursaluna|27/100 brn|[from] brn
|upkeep
|
|t:|1756983715
|switch|p2b: Salamence|Salamence, L50, F|100/100
|-ability|p2b: Salamence|Intimidate|boost
|-unboost|p1a: Ursaluna|atk|1
|-unboost|p1b: Pelipper|atk|1
|turn|4
|
|t:|1756983740
|-terastallize|p2a: Puppet|Dark
|move|p1a: Ursaluna|Protect|p1a: Ursaluna
|-singleturn|p1a: Ursaluna|Protect
|move|p2b: Salamence|Air Slash|p1b: Pelipper
|-damage|p1b: Pelipper|20/100
|-damage|p2b: Salamence|91/100|[from] item: Life Orb
|cant|p1b: Pelipper|flinch
|move|p2a: Puppet|Matcha Gotcha|p1a: Ursaluna|[spread] p1b
|-activate|p1a: Ursaluna|move: Protect
|-damage|p1b: Pelipper|0 fnt
|-heal|p2a: Puppet|78/100|[from] drain|[of] p1b: Pelipper
|faint|p1b: Pelipper
|
|-weather|RainDance|[upkeep]
|-damage|p1a: Ursaluna|21/100 brn|[from] brn
|upkeep
|
|t:|1756983760
|switch|p1b: Dragonite|Dragonite, L50, M, shiny|100/100
|turn|5
|c|☆sandy ghost 5|sorry for the flinches
|
|t:|1756983775
|move|p2a: Puppet|Rage Powder|p2a: Puppet
|-singleturn|p2a: Puppet|move: Rage Powder
|move|p2b: Salamence|Air Slash|p1a: Ursaluna
|-damage|p1a: Ursaluna|0 fnt
|faint|p1a: Ursaluna
|-damage|p2b: Salamence|81/100|[from] item: Life Orb
|move|p1b: Dragonite|Scale Shot|p2a: Puppet
|-damage|p2a: Puppet|64/100
|-damage|p2a: Puppet|48/100
|-enditem|p2a: Puppet|Sitrus Berry|[eat]
|-heal|p2a: Puppet|73/100|[from] item: Sitrus Berry
|-damage|p2a: Puppet|59/100
|-damage|p2a: Puppet|45/100
|-hitcount|p2a: Puppet|4
|-unboost|p1b: Dragonite|def|1
|-boost|p1b: Dragonite|spe|1
|
|-weather|RainDance|[upkeep]
|upkeep
|turn|6
|
|t:|1756983799
|move|p2b: Salamence|Protect|p2b: Salamence
|-singleturn|p2b: Salamence|Protect
|move|p1b: Dragonite|Scale Shot|p2b: Salamence
|-activate|p2b: Salamence|move: Protect
|move|p2a: Puppet|Matcha Gotcha|p1b: Dragonite
|-resisted|p1b: Dragonite
|-damage|p1b: Dragonite|92/100
|-heal|p2a: Puppet|49/100|[from] drain|[of] p1b: Dragonite
|
|-weather|RainDance|[upkeep]
|upkeep
|turn|7
|
|t:|1756983813
|move|p2a: Puppet|Rage Powder|p2a: Puppet
|-singleturn|p2a: Puppet|move: Rage Powder
|move|p2b: Salamence|Draco Meteor|p1b: Dragonite
|-supereffective|p1b: Dragonite
|-damage|p1b: Dragonite|0 fnt
|-unboost|p2b: Salamence|spa|2
|faint|p1b: Dragonite
|-damage|p2b: Salamence|71/100|[from] item: Life Orb
|
|win|sandy ghost 5
||sandy ghost 5 is ready for game 2.
|l|☆shilips
|player|p1|
|inactive|shilips has 30 seconds to confirm battle start!
|inactive|shilips has 20 seconds to confirm battle start!
|inactive|shilips has 9 seconds to confirm battle start!
|uhtml|next|Next: Game 2 of 3
