|j|☆p1ch1pichi
|j|☆SleepySilver07
|html|p1ch1pichiSleepySilver07    
|uhtml|bestof|Game 1 of a best-of-3
|t:|1784647570
|gametype|doubles
|player|p1|p1ch1pichi|n|1150
|player|p2|SleepySilver07|170|1158
|gen|9
|tier|[Gen 9 Champions] VGC 2026 Reg M-B (Bo3)
|rated|
|rule|Species Clause: Limit one of each Pokémon
|rule|Item Clause: Limit 1 of each item
|clearpoke
|poke|p1|Raichu, L50, M, shiny|
|poke|p1|Meowscarada, L50, F|
|poke|p1|Incineroar, L50, M|
|poke|p1|Milotic, L50, M|
|poke|p1|Sylveon, L50, M, shiny|
|poke|p1|Ceruledge, L50, F|
|poke|p2|Scrafty, L50, F|
|poke|p2|Farigiraf, L50, M|
|poke|p2|Torkoal, L50, F|
|poke|p2|Venusaur, L50, F|
|poke|p2|Kleavor, L50, F|
|poke|p2|Clefable, L50, F|
|teampreview|4
|showteam|p1|Raichu||RaichuniteY|LightningRod|ZapCannon,FocusBlast,FakeOut,Protect|Timid||M|||50|]Meowscarada||ChoiceScarf|Protean|FlowerTrick,KnockOff,TripleAxel,Uturn|Adamant||F|||50|]Incineroar||PasshoBerry|Intimidate|PartingShot,FakeOut,FlareBlitz,ThroatChop|Adamant||M|||50|]Milotic||Leftovers|Competitive|Protect,Coil,Hypnosis,MuddyWater|Bold||M|||50|]Sylveon||FairyFeather|Pixilate|HyperVoice,HyperBeam,QuickAttack,Detect|Modest||M|||50|]Ceruledge||ColburBerry|FlashFire|Protect,BulkUp,BitterBlade,ShadowSneak|Jolly||F|||50|
|showteam|p2|Scrafty||Scraftinite|Moxie|DrainPunch,ThroatChop,FakeOut,SwordsDance|Brave||F|||50|]Farigiraf||ColburBerry|ArmorTail|TwinBeam,Thunderbolt,Protect,TrickRoom|Quiet||M|||50|]Torkoal||Charcoal|Drought|HeatWave,Eruption,EarthPower,Protect|Quiet||F|||50|]Venusaur||ExpertBelt|Chlorophyll|GigaDrain,SludgeBomb,EarthPower,SleepPowder|Modest||F|||50|]Kleavor||FocusSash|Sharpness|StoneAxe,XScissor,Feint,Protect|Adamant||F|||50|]Clefable||LifeOrb|MagicGuard|Moonblast,Thunderbolt,Moonlight,FollowMe|Sassy||F|||50|
|inactive|Battle timer is ON: inactive players will automatically lose when time's up. (requested by p1ch1pichi)
|inactive|p1ch1pichi has 60 seconds left.
|
|t:|1784647609
|teamsize|p1|4
|teamsize|p2|4
|start
|switch|p1a: QueenOfDrag!|Milotic, L50, M|100/100
|switch|p1b: Ceruledge|Ceruledge, L50, F|100/100
|switch|p2a: Venusaur|Venusaur, L50, F|100/100
|switch|p2b: Farigiraf|Farigiraf, L50, M|100/100
|turn|1
|inactive|SleepySilver07 has 30 seconds left.
|
|t:|1784647642
|switch|p2b: Torkoal|Torkoal, L50, F|100/100
|-weather|SunnyDay|[from] ability: Drought|[of] p2b: Torkoal
|move|p1a: QueenOfDrag!|Protect|p1a: QueenOfDrag!
|-singleturn|p1a: QueenOfDrag!|Protect
|move|p2a: Venusaur|Sleep Powder|p1b: Ceruledge|[miss]
|-miss|p2a: Venusaur|p1b: Ceruledge
|move|p1b: Ceruledge|Bitter Blade|p2a: Venusaur
|-supereffective|p2a: Venusaur|1
|-damage|p2a: Venusaur|0 fnt
|faint|p2a: Venusaur
|
|-weather|SunnyDay|[upkeep]
|upkeep
|
|t:|1784647651
|switch|p2a: Scrafty|Scrafty, L50, F|100/100
|turn|2
|
|t:|1784647673
|switch|p1b: Kaoru|Raichu, L50, M, shiny|100/100
|move|p1a: QueenOfDrag!|Coil|p1a: QueenOfDrag!
|-boost|p1a: QueenOfDrag!|atk|1
|-boost|p1a: QueenOfDrag!|def|1
|-boost|p1a: QueenOfDrag!|accuracy|1
|move|p2a: Scrafty|Throat Chop|p1b: Kaoru
|-damage|p1b: Kaoru|42/100
|-start|p1b: Kaoru|Throat Chop|[silent]
|move|p2b: Torkoal|Earth Power|p1b: Kaoru
|-supereffective|p1b: Kaoru|1
|-damage|p1b: Kaoru|0 fnt
|faint|p1b: Kaoru
|
|-weather|SunnyDay|[upkeep]
|upkeep
|
|t:|1784647685
|switch|p1b: Ceruledge|Ceruledge, L50, F|100/100
|turn|3
|
|t:|1784647698
|move|p1b: Ceruledge|Protect|p1b: Ceruledge
|-singleturn|p1b: Ceruledge|Protect
|move|p1a: QueenOfDrag!|Hypnosis|p2a: Scrafty
|-status|p2a: Scrafty|slp|[from] move: Hypnosis
|cant|p2a: Scrafty|slp
|move|p2b: Torkoal|Earth Power|p1b: Ceruledge
|-activate|p1b: Ceruledge|move: Protect
|
|-weather|SunnyDay|[upkeep]
|upkeep
|turn|4
|
|t:|1784647709
|move|p1b: Ceruledge|Bulk Up|p1b: Ceruledge
|-boost|p1b: Ceruledge|atk|1
|-boost|p1b: Ceruledge|def|1
|move|p1a: QueenOfDrag!|Hypnosis|p2b: Torkoal|[miss]
|-miss|p1a: QueenOfDrag!|p2b: Torkoal
|-curestatus|p2a: Scrafty|slp|[msg]
|move|p2a: Scrafty|Throat Chop|p1b: Ceruledge
|-supereffective|p1b: Ceruledge|1
|-enditem|p1b: Ceruledge|Colbur Berry|[eat]
|-enditem|p1b: Ceruledge|Colbur Berry|[weaken]
|-damage|p1b: Ceruledge|68/100
|-start|p1b: Ceruledge|Throat Chop|[silent]
|move|p2b: Torkoal|Earth Power|p1b: Ceruledge
|-supereffective|p1b: Ceruledge|1
|-damage|p1b: Ceruledge|5/100
|
|-weather|SunnyDay|[upkeep]
|upkeep
|turn|5
|
|t:|1784647732
|move|p1b: Ceruledge|Bitter Blade|p2a: Scrafty
|-damage|p2a: Scrafty|1/100
|-heal|p1b: Ceruledge|61/100|[from] drain|[of] p2a: Scrafty
|move|p1a: QueenOfDrag!|Hypnosis|p2b: Torkoal
|-status|p2b: Torkoal|slp|[from] move: Hypnosis
|move|p2a: Scrafty|Throat Chop|p1b: Ceruledge
|-supereffective|p1b: Ceruledge|1
|-damage|p1b: Ceruledge|0 fnt
|faint|p1b: Ceruledge
|-ability|p2a: Scrafty|Moxie|boost
|-boost|p2a: Scrafty|atk|1
|cant|p2b: Torkoal|slp
|
|-weather|none
|upkeep
|
|t:|1784647745
|switch|p1b: Rosemary|Meowscarada, L50, F|100/100
|turn|6
|
|t:|1784647752
|switch|p2b: Farigiraf|Farigiraf, L50, M|100/100
|move|p1b: Rosemary|Knock Off|p2a: Scrafty
|-start|p1b: Rosemary|typechange|Dark|[from] ability: Protean
|-resisted|p2a: Scrafty|2
|-damage|p2a: Scrafty|0 fnt
|faint|p2a: Scrafty
|move|p1a: QueenOfDrag!|Muddy Water|p2b: Farigiraf
|-damage|p2b: Farigiraf|74/100
|
|upkeep
|
|t:|1784647756
|switch|p2a: Torkoal|Torkoal, L50, F|100/100 slp
|-weather|SunnyDay|[from] ability: Drought|[of] p2a: Torkoal
|turn|7
|
|t:|1784647774
|move|p1b: Rosemary|Knock Off|p2b: Farigiraf
|-supereffective|p2b: Farigiraf|1
|-enditem|p2b: Farigiraf|Colbur Berry|[eat]
|-enditem|p2b: Farigiraf|Colbur Berry|[weaken]
|-damage|p2b: Farigiraf|23/100
|move|p1a: QueenOfDrag!|Coil|p1a: QueenOfDrag!
|-boost|p1a: QueenOfDrag!|atk|1
|-boost|p1a: QueenOfDrag!|def|1
|-boost|p1a: QueenOfDrag!|accuracy|1
|cant|p2a: Torkoal|slp
|move|p2b: Farigiraf|Trick Room|p2b: Farigiraf
|-fieldstart|move: Trick Room|[of] p2b: Farigiraf
|
|-weather|SunnyDay|[upkeep]
|upkeep
|turn|8
|
|t:|1784647795
|-curestatus|p2a: Torkoal|slp|[msg]
|move|p2a: Torkoal|Heat Wave|p1b: Rosemary|[spread] p1b
|-miss|p2a: Torkoal|p1a: QueenOfDrag!
|-damage|p1b: Rosemary|13/100
|move|p2b: Farigiraf|Thunderbolt|p1a: QueenOfDrag!
|-supereffective|p1a: QueenOfDrag!|1
|-damage|p1a: QueenOfDrag!|64/100
|move|p1a: QueenOfDrag!|Hypnosis|p2b: Farigiraf
|-status|p2b: Farigiraf|slp|[from] move: Hypnosis
|move|p1b: Rosemary|Knock Off|p2a: Torkoal
|-damage|p2a: Torkoal|63/100
|-enditem|p2a: Torkoal|Charcoal|[from] move: Knock Off|[of] p1b: Rosemary
|
|-weather|SunnyDay|[upkeep]
|-heal|p1a: QueenOfDrag!|70/100|[from] item: Leftovers
|upkeep
|turn|9
|
|t:|1784647815
|move|p2a: Torkoal|Heat Wave|p1a: QueenOfDrag!|[spread] p1a,p1b
|-resisted|p1a: QueenOfDrag!|1
|-damage|p1a: QueenOfDrag!|52/100
|-damage|p1b: Rosemary|0 fnt
|faint|p1b: Rosemary
|cant|p2b: Farigiraf|slp
|move|p1a: QueenOfDrag!|Hypnosis|p2a: Torkoal
|-status|p2a: Torkoal|slp|[from] move: Hypnosis
|
|-weather|SunnyDay|[upkeep]
|-heal|p1a: QueenOfDrag!|58/100|[from] item: Leftovers
|upkeep
|turn|10
|
|t:|1784647831
|cant|p2a: Torkoal|slp
|-curestatus|p2b: Farigiraf|slp|[msg]
|move|p2b: Farigiraf|Thunderbolt|p1a: QueenOfDrag!
|-supereffective|p1a: QueenOfDrag!|1
|-damage|p1a: QueenOfDrag!|19/100
|move|p1a: QueenOfDrag!|Muddy Water|p2b: Farigiraf|[spread] p2a,p2b
|-supereffective|p2a: Torkoal|1
|-crit|p2b: Farigiraf
|-damage|p2a: Torkoal|32/100 slp
|-damage|p2b: Farigiraf|10/100
|-unboost|p2a: Torkoal|accuracy|1
|
|-weather|SunnyDay|[upkeep]
|-heal|p1a: QueenOfDrag!|25/100|[from] item: Leftovers
|upkeep
|turn|11
|
|t:|1784647844
|move|p1a: QueenOfDrag!|Protect|p1a: QueenOfDrag!
|-singleturn|p1a: QueenOfDrag!|Protect
|cant|p2a: Torkoal|slp
|move|p2b: Farigiraf|Thunderbolt|p1a: QueenOfDrag!
|-activate|p1a: QueenOfDrag!|move: Protect
|
|-weather|none
|-heal|p1a: QueenOfDrag!|31/100|[from] item: Leftovers
|-fieldend|move: Trick Room
|upkeep
|turn|12
|
|t:|1784647854
|move|p2b: Farigiraf|Protect|p2b: Farigiraf
|-singleturn|p2b: Farigiraf|Protect
|move|p1a: QueenOfDrag!|Hypnosis|p2b: Farigiraf
|-activate|p2b: Farigiraf|move: Protect
|-curestatus|p2a: Torkoal|slp|[msg]
|move|p2a: Torkoal|Earth Power|p1a: QueenOfDrag!
|-damage|p1a: QueenOfDrag!|12/100
|
|-heal|p1a: QueenOfDrag!|18/100|[from] item: Leftovers
|upkeep
|turn|13
|
|t:|1784647865
|move|p1a: QueenOfDrag!|Hypnosis|p2b: Farigiraf
|-status|p2b: Farigiraf|slp|[from] move: Hypnosis
|move|p2a: Torkoal|Earth Power|p1a: QueenOfDrag!
|-damage|p1a: QueenOfDrag!|0 fnt
|faint|p1a: QueenOfDrag!
|
|win|SleepySilver07
||p1ch1pichi is ready for game 2.
||SleepySilver07 is ready for game 2.
|uhtml|next|Next: Game 2 of 3
