|j|☆kojay
|j|☆RelentlessRogue
|html|kojayRelentlessRogue    
|uhtml|bestof|Game 1 of a best-of-3
|t:|1756523479
|gametype|doubles
|player|p1|kojay|kamado-armor|
|player|p2|RelentlessRogue|ethan|
|gen|9
|tier|[Gen 9] VGC 2025 Reg H (Bo3)
|rule|Species Clause: Limit one of each Pokémon
|rule|Item Clause: Limit 1 of each item
|clearpoke
|poke|p1|Garchomp, L50, M|
|poke|p1|Sneasler, L50, M|
|poke|p1|Incineroar, L50, M|
|poke|p1|Dragonite, L50, F|
|poke|p1|Gholdengo, L50|
|poke|p1|Tyranitar, L50, F|
|poke|p2|Archaludon, L50, M|
|poke|p2|Pelipper, L50, M|
|poke|p2|Basculegion, L50, M|
|poke|p2|Rillaboom, L50, F|
|poke|p2|Electabuzz, L50, F|
|poke|p2|Kingambit, L50, F|
|teampreview|4
|showteam|p1|Garchomp||LifeOrb|RoughSkin|Earthquake,DragonClaw,StompingTantrum,Protect|||M|||50|,,,,,Ground]Sneasler||WhiteHerb|Unburden|Coaching,Protect,DireClaw,CloseCombat|||M|||50|,,,,,Ghost]Incineroar||SafetyGoggles|Intimidate|FakeOut,FlareBlitz,KnockOff,PartingShot|||M|||50|,,,,,Ghost]Dragonite||LoadedDice|InnerFocus|TeraBlast,ScaleShot,Tailwind,Protect|||F|||50|,,,,,Flying]Gholdengo||ChoiceScarf|GoodasGold|MakeItRain,ShadowBall,Trick,Thunderbolt||||||50|,,,,,Steel]Tyranitar||AssaultVest|SandStream|RockSlide,TeraBlast,Assurance,LowKick|||F|||50|,,,,,Grass
|showteam|p2|Archaludon||AssaultVest|Stamina|FlashCannon,DracoMeteor,ElectroShot,BodyPress|||M|||50|,,,,,Fairy]Pelipper||FocusSash|Drizzle|MuddyWater,Hurricane,Tailwind,Protect|||M|||50|,,,,,Ghost]Basculegion||ChoiceBand|SwiftSwim|WaveCrash,LastRespects,FlipTurn,AquaJet|||M|||50|,,,,,Water]Rillaboom||LoadedDice|GrassySurge|BulletSeed,GrassyGlide,FakeOut,HighHorsepower|||F|||50|,,,,,Fire]Electabuzz||Eviolite|VitalSpirit|Electroweb,Taunt,FollowMe,Protect|||F|||50|,,,,,Ghost]Kingambit||BlackGlasses|Defiant|KowtowCleave,SuckerPunch,SwordsDance,Protect|||F|||50|,,,,,Dark
|inactive|Battle timer is ON: inactive players will automatically lose when time's up. (requested by RelentlessRogue)
|inactive|kojay has 60 seconds left.
|inactive|kojay has 30 seconds left.
|
|t:|1756523544
|teamsize|p1|4
|teamsize|p2|4
|start
|switch|p1a: Dragonite|Dragonite, L50, F, shiny|100/100
|switch|p1b: Tyranitar|Tyranitar, L50, F, shiny|100/100
|switch|p2a: Kingambit|Kingambit, L50, F|100/100
|switch|p2b: Rillaboom|Rillaboom, L50, F|100/100
|-fieldstart|move: Grassy Terrain|[from] ability: Grassy Surge|[of] p2b: Rillaboom
|-weather|Sandstorm|[from] ability: Sand Stream|[of] p1b: Tyranitar
|turn|1
|inactive|RelentlessRogue has 30 seconds left.
|j| azubbang
|inactive|RelentlessRogue has 20 seconds left.
|
|t:|1756523582
|switch|p2b: Archaludon|Archaludon, L50, M|100/100
|-terastallize|p1a: Dragonite|Flying
|move|p2a: Kingambit|Protect|p2a: Kingambit
|-singleturn|p2a: Kingambit|Protect
|move|p1a: Dragonite|Tera Blast|p2b: Archaludon|[anim] Tera Blast Flying
|-resisted|p2b: Archaludon
|-damage|p2b: Archaludon|80/100
|-ability|p2b: Archaludon|Stamina|boost
|-boost|p2b: Archaludon|def|1
|move|p1b: Tyranitar|Low Kick|p2a: Kingambit
|-activate|p2a: Kingambit|move: Protect
|
|-weather|Sandstorm|[upkeep]
|-damage|p1a: Dragonite|95/100|[from] Sandstorm
|-heal|p2b: Archaludon|86/100|[from] Grassy Terrain
|upkeep
|turn|2
|inactive|RelentlessRogue has 30 seconds left.
|
|t:|1756523609
|switch|p2a: Pelipper|Pelipper, L50, M|100/100
|-weather|RainDance|[from] ability: Drizzle|[of] p2a: Pelipper
|-terastallize|p2b: Archaludon|Fairy
|move|p1a: Dragonite|Scale Shot|p2a: Pelipper
|-damage|p2a: Pelipper|81/100
|-crit|p2a: Pelipper
|-damage|p2a: Pelipper|49/100
|-damage|p2a: Pelipper|27/100
|-damage|p2a: Pelipper|7/100
|-hitcount|p2a: Pelipper|4
|-unboost|p1a: Dragonite|def|1
|-boost|p1a: Dragonite|spe|1
|move|p2b: Archaludon|Electro Shot||[still]
|-prepare|p2b: Archaludon|Electro Shot
|-boost|p2b: Archaludon|spa|1
|-anim|p2b: Archaludon|Electro Shot|p1a: Dragonite
|-supereffective|p1a: Dragonite
|-damage|p1a: Dragonite|0 fnt
|faint|p1a: Dragonite
|move|p1b: Tyranitar|Low Kick|p2a: Pelipper
|-resisted|p2a: Pelipper
|-damage|p2a: Pelipper|0 fnt
|faint|p2a: Pelipper
|
|-weather|RainDance|[upkeep]
|-heal|p2b: Archaludon|92/100|[from] Grassy Terrain
|upkeep
|
|t:|1756523630
|switch|p1a: Dalinar|Incineroar, L50, M, shiny|100/100
|switch|p2a: Rillaboom|Rillaboom, L50, F|100/100
|-ability|p1a: Dalinar|Intimidate|boost
|-unboost|p2a: Rillaboom|atk|1
|-unboost|p2b: Archaludon|atk|1
|turn|3
|
|t:|1756523648
|switch|p1b: Kaladin|Garchomp, L50, M, shiny|100/100
|move|p2a: Rillaboom|Fake Out|p1a: Dalinar
|-damage|p1a: Dalinar|92/100
|cant|p1a: Dalinar|flinch
|move|p2b: Archaludon|Body Press|p1b: Kaladin
|-damage|p1b: Kaladin|61/100
|-damage|p2b: Archaludon|80/100|[from] ability: Rough Skin|[of] p1b: Kaladin
|
|-weather|RainDance|[upkeep]
|-heal|p1b: Kaladin|67/100|[from] Grassy Terrain
|-heal|p2b: Archaludon|86/100|[from] Grassy Terrain
|-heal|p1a: Dalinar|98/100|[from] Grassy Terrain
|upkeep
|turn|4
|inactive|kojay has 30 seconds left.
|
|t:|1756523676
|switch|p1b: Tyranitar|Tyranitar, L50, F, shiny|100/100
|-weather|Sandstorm|[from] ability: Sand Stream|[of] p1b: Tyranitar
|move|p2a: Rillaboom|Bullet Seed|p1b: Tyranitar
|-supereffective|p1b: Tyranitar
|-damage|p1b: Tyranitar|81/100
|-supereffective|p1b: Tyranitar
|-damage|p1b: Tyranitar|65/100
|-supereffective|p1b: Tyranitar
|-damage|p1b: Tyranitar|46/100
|-supereffective|p1b: Tyranitar
|-damage|p1b: Tyranitar|25/100
|-hitcount|p1b: Tyranitar|4
|move|p2b: Archaludon|Body Press|p1a: Dalinar
|-supereffective|p1a: Dalinar
|-damage|p1a: Dalinar|26/100
|move|p1a: Dalinar|Flare Blitz|p2a: Rillaboom
|-supereffective|p2a: Rillaboom
|-damage|p2a: Rillaboom|0 fnt
|faint|p2a: Rillaboom
|-damage|p1a: Dalinar|0 fnt|[from] Recoil
|faint|p1a: Dalinar
|
|-weather|Sandstorm|[upkeep]
|-damage|p2b: Archaludon|80/100|[from] Sandstorm
|-heal|p2b: Archaludon|86/100|[from] Grassy Terrain
|-heal|p1b: Tyranitar|31/100|[from] Grassy Terrain
|upkeep
|
|t:|1756523692
|switch|p2a: Kingambit|Kingambit, L50, F|100/100
|switch|p1a: Kaladin|Garchomp, L50, M, shiny|67/100
|turn|5
|inactive|kojay has 30 seconds left.
|
|t:|1756523720
|move|p1a: Kaladin|Protect|p1a: Kaladin
|-singleturn|p1a: Kaladin|Protect
|move|p2a: Kingambit|Sucker Punch||[still]
|-fail|p2a: Kingambit
|move|p2b: Archaludon|Body Press|p1b: Tyranitar
|-supereffective|p1b: Tyranitar
|-damage|p1b: Tyranitar|0 fnt
|faint|p1b: Tyranitar
|
|-weather|Sandstorm|[upkeep]
|-damage|p2b: Archaludon|80/100|[from] Sandstorm
|-heal|p1a: Kaladin|73/100|[from] Grassy Terrain
|-heal|p2b: Archaludon|86/100|[from] Grassy Terrain
|-fieldend|move: Grassy Terrain
|upkeep
|turn|6
|
|t:|1756523738
|move|p2a: Kingambit|Sucker Punch|p1a: Kaladin
|-damage|p1a: Kaladin|25/100
|-damage|p2a: Kingambit|88/100|[from] ability: Rough Skin|[of] p1a: Kaladin
|move|p1a: Kaladin|Earthquake|p2b: Archaludon|[spread] p2a,p2b
|-supereffective|p2a: Kingambit
|-damage|p2a: Kingambit|8/100
|-damage|p2b: Archaludon|63/100
|-ability|p2b: Archaludon|Stamina|boost
|-boost|p2b: Archaludon|def|1
|-damage|p1a: Kaladin|15/100|[from] item: Life Orb
|move|p2b: Archaludon|Body Press|p1a: Kaladin
|-damage|p1a: Kaladin|0 fnt
|-damage|p2b: Archaludon|51/100|[from] ability: Rough Skin|[of] p1a: Kaladin
|faint|p1a: Kaladin
|
|win|RelentlessRogue
||kojay is ready for game 2.
|inactive|RelentlessRogue has 30 seconds to confirm battle start!
||RelentlessRogue is ready for game 2.
|uhtml|next|Next: Game 2 of 3
