|j|☆Gayangos
|j|☆spernerslemma
|html|Gayangosspernerslemma    
|uhtml|bestof|Game 1 of a best-of-3
|t:|1784813281
|gametype|doubles
|player|p1|Gayangos|1|1284
|player|p2|spernerslemma|pokekid|1376
|gen|9
|tier|[Gen 9 Champions] VGC 2026 Reg M-B (Bo3)
|rated|
|rule|Species Clause: Limit one of each Pokémon
|rule|Item Clause: Limit 1 of each item
|clearpoke
|poke|p1|Sneasler, L50, F|
|poke|p1|Froslass, L50, F|
|poke|p1|Dragonite, L50, F|
|poke|p1|Arcanine-Hisui, L50, M|
|poke|p1|Gholdengo, L50|
|poke|p1|Kingambit, L50, F|
|poke|p2|Swampert, L50, M|
|poke|p2|Grimmsnarl, L50, M|
|poke|p2|Archaludon, L50, M|
|poke|p2|Pelipper, L50, M|
|poke|p2|Venusaur, L50, M|
|poke|p2|Sneasler, L50, F|
|teampreview|4
|showteam|p1|Sneasler||WhiteHerb|Unburden|FakeOut,CloseCombat,GunkShot,Protect|Jolly||F|||50|]Froslass||Froslassite|CursedBody|Blizzard,ShadowBall,AuroraVeil,Protect|Timid||F|||50|]Dragonite||DragonFang|Multiscale|ScaleShot,LowKick,Tailwind,Protect|Adamant||F|||50|]Arcanine-Hisui||FocusSash|RockHead|HeadSmash,FlareBlitz,ExtremeSpeed,Protect|Adamant||M|||50|]Gholdengo||ChoiceScarf|GoodasGold|MakeItRain,ShadowBall,PowerGem,Trick|Modest|||||50|]Kingambit||LifeOrb|Defiant|KowtowCleave,SuckerPunch,SwordsDance,Protect|Adamant||F|||50|
|showteam|p2|Swampert||Swampertite|Torrent|WaveCrash,Protect,Earthquake,IcePunch|Adamant||M|||50|]Grimmsnarl||LightClay|Prankster|FoulPlay,Reflect,LightScreen,PartingShot|Careful||M|||50|]Archaludon||Leftovers|Stamina|ElectroShot,DragonPulse,FlashCannon,Protect|Modest||M|||50|]Pelipper||SitrusBerry|Drizzle|WeatherBall,Hurricane,Tailwind,Protect|Modest||M|||50|]Venusaur||Venusaurite|Chlorophyll|SludgeBomb,Protect,GigaDrain,EarthPower|Modest||M|||50|]Sneasler||FocusSash|PoisonTouch|FakeOut,DireClaw,CloseCombat,Protect|Jolly||F|||50|
|inactive|Battle timer is ON: inactive players will automatically lose when time's up. (requested by Gayangos)
|inactive|spernerslemma has 60 seconds left.
|inactive|spernerslemma has 30 seconds left.
|inactive|spernerslemma has 20 seconds left.
|inactive|spernerslemma has 15 seconds left.
|inactive|spernerslemma has 10 seconds left.
|inactive|spernerslemma has 5 seconds left.
|
|t:|1784813394
|teamsize|p1|4
|teamsize|p2|4
|start
|switch|p1a: Gholdengo|Gholdengo, L50|100/100
|switch|p1b: Froslass|Froslass, L50, F|100/100
|switch|p2a: Swampert|Swampert, L50, M|100/100
|switch|p2b: Grimmsnarl|Grimmsnarl, L50, M|100/100
|turn|1
|inactive|spernerslemma has 30 seconds left.
|inactive|spernerslemma has 20 seconds left.
|inactive|spernerslemma has 15 seconds left.
|
|t:|1784813437
|detailschange|p2a: Swampert|Swampert-Mega, L50, M
|-mega|p2a: Swampert|Swampert|Swampertite
|move|p1b: Froslass|Protect|p1b: Froslass
|-singleturn|p1b: Froslass|Protect
|move|p2b: Grimmsnarl|Light Screen|p2b: Grimmsnarl
|-sidestart|p2: spernerslemma|move: Light Screen
|move|p1a: Gholdengo|Make It Rain|p2b: Grimmsnarl|[spread] p2a,p2b
|-resisted|p2a: Swampert|1
|-supereffective|p2b: Grimmsnarl|1
|-damage|p2a: Swampert|84/100
|-damage|p2b: Grimmsnarl|40/100
|-unboost|p1a: Gholdengo|spa|2
|move|p2a: Swampert|Wave Crash|p1b: Froslass
|-activate|p1b: Froslass|move: Protect
|
|upkeep
|turn|2
|inactive|Gayangos has 30 seconds left.
|inactive|spernerslemma has 30 seconds left.
|
|t:|1784813465
|switch|p1b: Sneasler|Sneasler, L50, F|100/100
|move|p2b: Grimmsnarl|Parting Shot|p1b: Sneasler
|-unboost|p1b: Sneasler|atk|1
|-unboost|p1b: Sneasler|spa|1
|
|t:|1784813486
|switch|p2b: Archaludon|Archaludon, L50, M|100/100|[from] Parting Shot
|-enditem|p1b: Sneasler|White Herb
|-clearnegativeboost|p1b: Sneasler|[silent]
|move|p1a: Gholdengo|Make It Rain|p2b: Archaludon|[spread] p2a,p2b
|-resisted|p2a: Swampert|1
|-resisted|p2b: Archaludon|1
|-crit|p2b: Archaludon
|-damage|p2a: Swampert|76/100
|-damage|p2b: Archaludon|60/100
|-unboost|p1a: Gholdengo|spa|2
|-ability|p2b: Archaludon|Stamina|boost
|-boost|p2b: Archaludon|def|1
|move|p2a: Swampert|Wave Crash|p1b: Sneasler
|-crit|p1b: Sneasler
|-damage|p1b: Sneasler|0 fnt
|faint|p1b: Sneasler
|-damage|p2a: Swampert|47/100|[from] Recoil
|
|-heal|p2b: Archaludon|66/100|[from] item: Leftovers
|upkeep
|
|t:|1784813494
|switch|p1b: Froslass|Froslass, L50, F|100/100
|turn|3
|inactive|spernerslemma has 30 seconds left.
|inactive|spernerslemma has 20 seconds left.
|inactive|spernerslemma has 15 seconds left.
|inactive|spernerslemma has 10 seconds left.
|inactive|spernerslemma has 5 seconds left.
|
|t:|1784813548
|switch|p1a: Arcanine|Arcanine-Hisui, L50, M|100/100
|move|p1b: Froslass|Protect|p1b: Froslass
|-singleturn|p1b: Froslass|Protect
|move|p2a: Swampert|Wave Crash|p1b: Froslass
|-activate|p1b: Froslass|move: Protect
|move|p2b: Archaludon|Flash Cannon|p1b: Froslass
|-activate|p1b: Froslass|move: Protect
|
|-heal|p2b: Archaludon|72/100|[from] item: Leftovers
|upkeep
|turn|4
|inactive|spernerslemma has 30 seconds left.
|
|t:|1784813576
|detailschange|p1b: Froslass|Froslass-Mega, L50, F
|-mega|p1b: Froslass|Froslass|Froslassite
|-weather|Snowscape|[from] ability: Snow Warning|[of] p1b: Froslass
|move|p2a: Swampert|Protect|p2a: Swampert
|-singleturn|p2a: Swampert|Protect
|move|p2b: Archaludon|Protect|p2b: Archaludon
|-singleturn|p2b: Archaludon|Protect
|move|p1b: Froslass|Aurora Veil|p1b: Froslass
|-sidestart|p1: Gayangos|move: Aurora Veil
|move|p1a: Arcanine|Head Smash|p2a: Swampert
|-activate|p2a: Swampert|move: Protect
|
|-weather|Snowscape|[upkeep]
|-heal|p2b: Archaludon|78/100|[from] item: Leftovers
|upkeep
|turn|5
|
|t:|1784813601
|switch|p1b: Gholdengo|Gholdengo, L50|100/100
|switch|p2b: Pelipper|Pelipper, L50, M|100/100
|-weather|RainDance|[from] ability: Drizzle|[of] p2b: Pelipper
|move|p2a: Swampert|Earthquake|p1b: Gholdengo|[spread] p1a,p1b
|-immune|p2b: Pelipper
|-supereffective|p1a: Arcanine|2
|-supereffective|p1b: Gholdengo|1
|-enditem|p1a: Arcanine|Focus Sash
|-damage|p1a: Arcanine|1/100
|-damage|p1b: Gholdengo|25/100
|move|p1a: Arcanine|Head Smash|p2a: Swampert
|-resisted|p2a: Swampert|1
|-damage|p2a: Swampert|10/100
|
|-weather|RainDance|[upkeep]
|upkeep
|turn|6
|
|t:|1784813624
|switch|p2b: Grimmsnarl|Grimmsnarl, L50, M|40/100
|move|p2a: Swampert|Protect|p2a: Swampert
|-singleturn|p2a: Swampert|Protect
|move|p1a: Arcanine|Extreme Speed|p2a: Swampert
|-activate|p2a: Swampert|move: Protect
|move|p1b: Gholdengo|Power Gem|p2b: Grimmsnarl
|-damage|p2b: Grimmsnarl|21/100
|
|-weather|RainDance|[upkeep]
|upkeep
|turn|7
|
|t:|1784813642
|switch|p2a: Archaludon|Archaludon, L50, M|78/100
|switch|p1b: Froslass|Froslass-Mega, L50, F|100/100
|-weather|Snowscape|[from] ability: Snow Warning|[of] p1b: Froslass
|move|p1a: Arcanine|Extreme Speed|p2b: Grimmsnarl
|-damage|p2b: Grimmsnarl|0 fnt
|faint|p2b: Grimmsnarl
|
|-weather|Snowscape|[upkeep]
|-heal|p2a: Archaludon|84/100|[from] item: Leftovers
|upkeep
|
|t:|1784813653
|switch|p2b: Pelipper|Pelipper, L50, M|100/100
|-weather|RainDance|[from] ability: Drizzle|[of] p2b: Pelipper
|turn|8
|
|t:|1784813663
|switch|p1b: Gholdengo|Gholdengo, L50|25/100
|move|p1a: Arcanine|Head Smash|p2b: Pelipper
|-supereffective|p2b: Pelipper|1
|-damage|p2b: Pelipper|0 fnt
|faint|p2b: Pelipper
|move|p2a: Archaludon|Electro Shot||[still]
|-prepare|p2a: Archaludon|Electro Shot
|-boost|p2a: Archaludon|spa|1
|-anim|p2a: Archaludon|Electro Shot|p1a: Arcanine
|-damage|p1a: Arcanine|0 fnt
|faint|p1a: Arcanine
|
|-weather|RainDance|[upkeep]
|-heal|p2a: Archaludon|91/100|[from] item: Leftovers
|-sideend|p2: spernerslemma|move: Light Screen
|-sideend|p1: Gayangos|move: Aurora Veil
|upkeep
|
|t:|1784813672
|switch|p1a: Froslass|Froslass-Mega, L50, F|100/100
|switch|p2b: Swampert|Swampert-Mega, L50, M|10/100
|-weather|Snowscape|[from] ability: Snow Warning|[of] p1a: Froslass
|turn|9
|
|t:|1784813691
|move|p2b: Swampert|Protect|p2b: Swampert
|-singleturn|p2b: Swampert|Protect
|move|p1b: Gholdengo|Shadow Ball|p2a: Archaludon
|-damage|p2a: Archaludon|41/100
|-ability|p2a: Archaludon|Stamina|boost
|-boost|p2a: Archaludon|def|1
|move|p1a: Froslass|Blizzard|p2b: Swampert|[spread] p2a
|-activate|p2b: Swampert|move: Protect
|-damage|p2a: Archaludon|0 fnt
|faint|p2a: Archaludon
|
|-weather|Snowscape|[upkeep]
|upkeep
|turn|10
|-message|spernerslemma forfeited.
|
|win|Gayangos
||spernerslemma is ready for game 2.
||Gayangos is ready for game 2.
|uhtml|next|Next: Game 2 of 3
|l|☆Gayangos
|player|p1|
