|j|☆GubGubFan
|j|☆mikodex
|html|GubGubFanmikodex    
|uhtml|bestof|Game 2 of a best-of-3
|t:|1757135188
|gametype|doubles
|player|p1|GubGubFan|gladion-stance|1116
|player|p2|mikodex|265|1005
|gen|9
|tier|[Gen 9] VGC 2025 Reg H (Bo3)
|rated|
|rule|Species Clause: Limit one of each Pokémon
|rule|Item Clause: Limit 1 of each item
|clearpoke
|poke|p1|Tyranitar, L50, F|
|poke|p1|Excadrill, L50, F|
|poke|p1|Basculegion, L50, M|
|poke|p1|Incineroar, L50, F|
|poke|p1|Volcarona, L50, M|
|poke|p1|Dragonite, L50, F|
|poke|p2|Incineroar, L50, M|
|poke|p2|Flamigo, L50, F|
|poke|p2|Amoonguss, L50, F|
|poke|p2|Garchomp, L50, M|
|poke|p2|Gholdengo, L50|
|poke|p2|Hydreigon, L50, F|
|teampreview|4
|showteam|p1|Tyranitar||AssaultVest|SandStream|RockSlide,KnockOff,LowKick,TeraBlast|||F|||50|,,,,,Flying]Excadrill||FocusSash|SandRush|Earthquake,HighHorsepower,IronHead,Protect|||F|||50|,,,,,Ground]Basculegion||ChoiceScarf|Adaptability|WaveCrash,FlipTurn,AquaJet,LastRespects|||M|||50|,,,,,Grass]Incineroar||SafetyGoggles|Intimidate|FakeOut,KnockOff,PartingShot,FlareBlitz|||F|||50|,,,,,Ghost]Volcarona||Leftovers|FlameBody|HeatWave,QuiverDance,TeraBlast,Protect|||M|||50|,,,,,Fairy]Dragonite||LoadedDice|Multiscale|Protect,Tailwind,ScaleShot,Haze|||F|||50|,,,,,Fairy
|showteam|p2|Incineroar||SafetyGoggles|Intimidate|KnockOff,PartingShot,FlareBlitz,FakeOut|||M|||50|,,,,,Bug]Flamigo||FocusSash|Scrappy|CloseCombat,DualWingbeat,Tailwind,Protect|||F|||50|,,,,,Ghost]Amoonguss||CovertCloak|Regenerator|ClearSmog,PollenPuff,Spore,RagePowder|||F|||50|,,,,,Dark]Garchomp||ClearAmulet|RoughSkin|StompingTantrum,Earthquake,DragonClaw,Protect|||M|||50|,,,,,Steel]Gholdengo||MetalCoat|GoodasGold|MakeItRain,ShadowBall,Protect,NastyPlot||||||50|,,,,,Water]Hydreigon||ChoiceSpecs|Levitate|DarkPulse,DragonPulse,HeatWave,Snarl|||F|||50|,,,,,Fire
|inactive|Battle timer is ON: inactive players will automatically lose when time's up. (requested by GubGubFan)
|
|t:|1757135213
|teamsize|p1|4
|teamsize|p2|4
|start
|switch|p1a: Volcarona|Volcarona, L50, M|100/100
|switch|p1b: Incineroar|Incineroar, L50, F|100/100
|switch|p2a: Incineroar|Incineroar, L50, M|100/100
|switch|p2b: Flamigo|Flamigo, L50, F|100/100
|-ability|p1b: Incineroar|Intimidate|boost
|-unboost|p2a: Incineroar|atk|1
|-fail|p2b: Flamigo|unboost|Attack|[from] ability: Scrappy|[of] p2b: Flamigo
|-ability|p2a: Incineroar|Intimidate|boost
|-unboost|p1a: Volcarona|atk|1
|-unboost|p1b: Incineroar|atk|1
|turn|1
|inactive|GubGubFan has 30 seconds left.
|inactive|mikodex has 30 seconds left.
|
|t:|1757135241
|-terastallize|p1a: Volcarona|Fairy
|move|p2b: Flamigo|Protect|p2b: Flamigo
|-singleturn|p2b: Flamigo|Protect
|move|p1b: Incineroar|Fake Out|p2a: Incineroar
|-damage|p2a: Incineroar|94/100
|cant|p2a: Incineroar|flinch
|move|p1a: Volcarona|Quiver Dance|p1a: Volcarona
|-boost|p1a: Volcarona|spa|1
|-boost|p1a: Volcarona|spd|1
|-boost|p1a: Volcarona|spe|1
|
|upkeep
|turn|2
|inactive|mikodex has 30 seconds left.
|
|t:|1757135269
|move|p1a: Volcarona|Tera Blast|p2b: Flamigo|[anim] Tera Blast Fairy
|-supereffective|p2b: Flamigo
|-enditem|p2b: Flamigo|Focus Sash
|-damage|p2b: Flamigo|1/100
|move|p2b: Flamigo|Tailwind|p2b: Flamigo
|-sidestart|p2: mikodex|move: Tailwind
|move|p2a: Incineroar|Knock Off|p1a: Volcarona
|-resisted|p1a: Volcarona
|-damage|p1a: Volcarona|83/100
|-enditem|p1a: Volcarona|Leftovers|[from] move: Knock Off|[of] p2a: Incineroar
|move|p1b: Incineroar|Flare Blitz|p2b: Flamigo
|-damage|p2b: Flamigo|0 fnt
|faint|p2b: Flamigo
|-damage|p1b: Incineroar|99/100|[from] Recoil
|
|upkeep
|
|t:|1757135282
|switch|p2b: rex|Garchomp, L50, M|100/100
|turn|3
|
|t:|1757135300
|switch|p1b: Dragonite|Dragonite, L50, F|100/100
|-terastallize|p2b: rex|Steel
|move|p1a: Volcarona|Protect|p1a: Volcarona
|-singleturn|p1a: Volcarona|Protect
|move|p2b: rex|Earthquake|p1b: Dragonite|[spread] p2a
|-activate|p1a: Volcarona|move: Protect
|-immune|p1b: Dragonite
|-supereffective|p2a: Incineroar
|-damage|p2a: Incineroar|32/100
|move|p2a: Incineroar|Parting Shot|p1a: Volcarona
|-activate|p1a: Volcarona|move: Protect
|
|upkeep
|turn|4
|inactive|mikodex has 30 seconds left.
|
|t:|1757135327
|move|p2b: rex|Protect|p2b: rex
|-singleturn|p2b: rex|Protect
|move|p1a: Volcarona|Heat Wave|p2b: rex|[spread] p2a
|-activate|p2b: rex|move: Protect
|-resisted|p2a: Incineroar
|-damage|p2a: Incineroar|9/100
|move|p2a: Incineroar|Knock Off|p1b: Dragonite
|-damage|p1b: Dragonite|84/100
|-enditem|p1b: Dragonite|Loaded Dice|[from] move: Knock Off|[of] p2a: Incineroar
|move|p1b: Dragonite|Scale Shot|p2a: Incineroar
|-damage|p2a: Incineroar|0 fnt
|faint|p2a: Incineroar
|-hitcount|p2: Incineroar|1
|-unboost|p1b: Dragonite|def|1
|-boost|p1b: Dragonite|spe|1
|
|upkeep
|
|t:|1757135341
|switch|p2a: Hydreigon|Hydreigon, L50, F|100/100
|turn|5
|
|t:|1757135355
|move|p1a: Volcarona|Protect|p1a: Volcarona
|-singleturn|p1a: Volcarona|Protect
|move|p1b: Dragonite|Protect|p1b: Dragonite
|-singleturn|p1b: Dragonite|Protect
|move|p2b: rex|Earthquake|p1b: Dragonite|[spread] 
|-activate|p1a: Volcarona|move: Protect
|-activate|p1b: Dragonite|move: Protect
|-immune|p2a: Hydreigon|[from] ability: Levitate
|move|p2a: Hydreigon|Dragon Pulse|p1b: Dragonite
|-activate|p1b: Dragonite|move: Protect
|
|-sideend|p2: mikodex|move: Tailwind
|upkeep
|turn|6
|
|t:|1757135379
|move|p1a: Volcarona|Tera Blast|p2a: Hydreigon|[anim] Tera Blast Fairy
|-supereffective|p2a: Hydreigon
|-damage|p2a: Hydreigon|0 fnt
|faint|p2a: Hydreigon
|move|p1b: Dragonite|Scale Shot|p2b: rex|[miss]
|-miss|p1b: Dragonite|p2b: rex
|move|p2b: rex|Earthquake|p1a: Volcarona|[spread] p1a
|-immune|p1b: Dragonite
|-damage|p1a: Volcarona|34/100
|
|upkeep
|turn|7
|
|t:|1757135390
|move|p1a: Volcarona|Heat Wave|p2b: rex
|-supereffective|p2b: rex
|-damage|p2b: rex|0 fnt
|faint|p2b: rex
|
|win|GubGubFan
|raw|GubGubFan's rating: 1116 → 1133(+17 for winning)
|raw|mikodex's rating: 1005 → 1000(-5 for losing)
|l|☆mikodex
|player|p2|
