|j|☆JakAttack101
|j|☆Fedex 27
|html|JakAttack101Fedex 27    
|uhtml|bestof|Game 1 of a best-of-3
|t:|1756393049
|gametype|doubles
|player|p1|JakAttack101|blaine|1000
|player|p2|Fedex 27|will|1077
|gen|9
|tier|[Gen 9] VGC 2025 Reg H (Bo3)
|rated|
|rule|Species Clause: Limit one of each Pokémon
|rule|Item Clause: Limit 1 of each item
|clearpoke
|poke|p1|Annihilape, L50, M|
|poke|p1|Ninetales-Alola, L50, M|
|poke|p1|Garchomp, L50, F|
|poke|p1|Dragonite, L50, M|
|poke|p1|Sneasler, L50, M|
|poke|p1|Incineroar, L50, F|
|poke|p2|Ninetales-Alola, L50, F|
|poke|p2|Dragonite, L50, M|
|poke|p2|Gholdengo, L50|
|poke|p2|Magmar, L50, M|
|poke|p2|Annihilape, L50, F|
|poke|p2|Ursaluna-Bloodmoon, L50, M|
|teampreview|4
|showteam|p1|Annihilape||AssaultVest|Defiant|RageFist,DrainPunch,RockTomb,FinalGambit|||M|||50|,,,,,Fire]Ninetales-Alola||ChoiceSpecs|SnowWarning|Blizzard,Moonblast,FreezeDry,IcyWind|||M|||50|,,,,,Ghost]Garchomp||LifeOrb|RoughSkin|Earthquake,StompingTantrum,DragonClaw,Protect|||F|||50|,,,,,Steel]Dragonite||LoadedDice|Multiscale|ScaleShot,Tailwind,Protect,Haze|||M|||50|,,,,,Fairy]Sneasler||FocusSash|Unburden|CloseCombat,DireClaw,FakeOut,Coaching|||M|||50|,,,,,Ghost]Incineroar||SafetyGoggles|Intimidate|KnockOff,Taunt,FakeOut,PartingShot|||F|||50|,,,,,Fairy
|showteam|p2|Ninetales-Alola||LightClay|SnowWarning|AuroraVeil,Blizzard,IceBeam,Encore|||F|||50|,,,,,Ghost]Dragonite||LoadedDice|Multiscale|ScaleShot,IceSpinner,ExtremeSpeed,Protect|||M|||50|,,,,,Normal]Gholdengo||MetalCoat|GoodasGold|MakeItRain,Protect,ShadowBall,NastyPlot||||||50|,,,,,Dragon]Magmar||Eviolite|FlameBody|FollowMe,HeatWave,Protect,WillOWisp|||M|||50|,,,,,Ghost]Annihilape||SafetyGoggles|Defiant|DrainPunch,BulkUp,Protect,RageFist|||F|||50|,,,,,Fire]Ursaluna-Bloodmoon||AssaultVest|MindsEye|BloodMoon,EarthPower,VacuumWave,HyperVoice|||M|||50|,,,,,Water
|inactive|Battle timer is ON: inactive players will automatically lose when time's up. (requested by JakAttack101)
|inactive|JakAttack101 has 60 seconds left.
|inactive|Fedex 27 has 60 seconds left.
|
|t:|1756393105
|teamsize|p1|4
|teamsize|p2|4
|start
|switch|p1a: Sneasler|Sneasler, L50, M, shiny|100/100
|switch|p1b: Dragonite|Dragonite, L50, M, shiny|100/100
|switch|p2a: Annihilape|Annihilape, L50, F|100/100
|switch|p2b: Magmar|Magmar, L50, M|100/100
|turn|1
|inactive|Fedex 27 has 30 seconds left.
|
|t:|1756393136
|move|p1b: Dragonite|Protect|p1b: Dragonite
|-singleturn|p1b: Dragonite|Protect
|move|p1a: Sneasler|Coaching|p1b: Dragonite
|-boost|p1b: Dragonite|atk|1
|-boost|p1b: Dragonite|def|1
|move|p2a: Annihilape|Bulk Up|p2a: Annihilape
|-boost|p2a: Annihilape|atk|1
|-boost|p2a: Annihilape|def|1
|move|p2b: Magmar|Will-O-Wisp|p1b: Dragonite
|-activate|p1b: Dragonite|move: Protect
|
|upkeep
|turn|2
|inactive|Fedex 27 has 30 seconds left.
|
|t:|1756393161
|move|p1a: Sneasler|Coaching|p1b: Dragonite
|-boost|p1b: Dragonite|atk|1
|-boost|p1b: Dragonite|def|1
|move|p2a: Annihilape|Rage Fist|p1a: Sneasler
|-damage|p1a: Sneasler|45/100
|move|p1b: Dragonite|Scale Shot|p2b: Magmar
|-damage|p2b: Magmar|76/100
|-damage|p2b: Magmar|51/100
|-damage|p2b: Magmar|28/100
|-damage|p2b: Magmar|5/100
|-hitcount|p2b: Magmar|4
|-unboost|p1b: Dragonite|def|1
|-boost|p1b: Dragonite|spe|1
|move|p2b: Magmar|Will-O-Wisp|p1b: Dragonite
|-status|p1b: Dragonite|brn
|
|-damage|p1b: Dragonite|95/100 brn|[from] brn
|upkeep
|turn|3
|inactive|JakAttack101 has 30 seconds left.
|inactive|Fedex 27 has 30 seconds left.
|
|t:|1756393189
|move|p1b: Dragonite|Protect|p1b: Dragonite
|-singleturn|p1b: Dragonite|Protect
|move|p2b: Magmar|Protect|p2b: Magmar
|-singleturn|p2b: Magmar|Protect
|move|p1a: Sneasler|Coaching|p1b: Dragonite
|-boost|p1b: Dragonite|atk|1
|-boost|p1b: Dragonite|def|1
|move|p2a: Annihilape|Rage Fist|p1a: Sneasler
|-damage|p1a: Sneasler|0 fnt
|faint|p1a: Sneasler
|
|-damage|p1b: Dragonite|89/100 brn|[from] brn
|upkeep
|
|t:|1756393199
|switch|p1a: Garchomp|Garchomp, L50, F|100/100
|turn|4
|inactive|Fedex 27 has 30 seconds left.
|
|t:|1756393226
|move|p2b: Magmar|Follow Me|p2b: Magmar
|-singleturn|p2b: Magmar|move: Follow Me
|move|p1b: Dragonite|Scale Shot|p2b: Magmar|[miss]
|-miss|p1b: Dragonite|p2b: Magmar
|move|p1a: Garchomp|Earthquake|p2a: Annihilape|[spread] p2a,p2b
|-immune|p1b: Dragonite
|-supereffective|p2b: Magmar
|-damage|p2a: Annihilape|63/100
|-damage|p2b: Magmar|0 fnt
|faint|p2b: Magmar
|-damage|p1a: Garchomp|91/100|[from] item: Life Orb
|move|p2a: Annihilape|Drain Punch|p1a: Garchomp
|-damage|p1a: Garchomp|44/100
|-heal|p2a: Annihilape|86/100|[from] drain|[of] p1a: Garchomp
|-damage|p2a: Annihilape|74/100|[from] ability: Rough Skin|[of] p1a: Garchomp
|
|-damage|p1b: Dragonite|83/100 brn|[from] brn
|upkeep
|
|t:|1756393243
|switch|p2b: Dragonite|Dragonite, L50, M|100/100
|turn|5
|inactive|JakAttack101 has 30 seconds left.
|inactive|Fedex 27 has 30 seconds left.
|
|t:|1756393270
|switch|p1a: Annihilape|Annihilape, L50, M, shiny|100/100
|-terastallize|p2b: Dragonite|Normal
|move|p1b: Dragonite|Scale Shot|p2a: Annihilape
|-damage|p2a: Annihilape|62/100
|-damage|p2a: Annihilape|49/100
|-damage|p2a: Annihilape|35/100
|-damage|p2a: Annihilape|21/100
|-damage|p2a: Annihilape|7/100
|-hitcount|p2a: Annihilape|5
|-unboost|p1b: Dragonite|def|1
|-boost|p1b: Dragonite|spe|1
|move|p2a: Annihilape|Drain Punch|p1a: Annihilape
|-immune|p1a: Annihilape
|move|p2b: Dragonite|Ice Spinner|p1b: Dragonite
|-supereffective|p1b: Dragonite
|-damage|p1b: Dragonite|0 fnt
|faint|p1b: Dragonite
|
|upkeep
|
|t:|1756393280
|switch|p1b: Garchomp|Garchomp, L50, F|44/100
|turn|6
|
|t:|1756393298
|-terastallize|p1a: Annihilape|Fire
|move|p1b: Garchomp|Protect|p1b: Garchomp
|-singleturn|p1b: Garchomp|Protect
|move|p2a: Annihilape|Protect|p2a: Annihilape
|-singleturn|p2a: Annihilape|Protect
|move|p1a: Annihilape|Rage Fist|p2a: Annihilape
|-activate|p2a: Annihilape|move: Protect
|move|p2b: Dragonite|Ice Spinner|p1b: Garchomp
|-activate|p1b: Garchomp|move: Protect
|
|upkeep
|turn|7
|inactive|Fedex 27 has 30 seconds left.
|
|t:|1756393328
|move|p2b: Dragonite|Extreme Speed|p1b: Garchomp
|-damage|p1b: Garchomp|0 fnt
|-damage|p2b: Dragonite|88/100|[from] ability: Rough Skin|[of] p1b: Garchomp
|faint|p1b: Garchomp
|move|p2a: Annihilape|Rage Fist|p1a: Annihilape
|-damage|p1a: Annihilape|0 fnt
|faint|p1a: Annihilape
|
|win|Fedex 27
||JakAttack101 is ready for game 2.
|inactive|Fedex 27 has 30 seconds to confirm battle start!
||Fedex 27 is ready for game 2.
|uhtml|next|Next: Game 2 of 3
|l|☆Fedex 27
|player|p2|
