|j|☆PikaTROD
|j|☆Il Mule
|html|PikaTRODIl Mule    
|uhtml|bestof|Game 1 of a best-of-3
|t:|1756906892
|gametype|doubles
|player|p1|PikaTROD|2|1513
|player|p2|Il Mule|salvatore|1453
|gen|9
|tier|[Gen 9] VGC 2025 Reg H (Bo3)
|rated|
|rule|Species Clause: Limit one of each Pokémon
|rule|Item Clause: Limit 1 of each item
|clearpoke
|poke|p1|Kingambit, L50, M|
|poke|p1|Primarina, L50, F|
|poke|p1|Sneasler, L50, F|
|poke|p1|Magmar, L50, F|
|poke|p1|Rillaboom, L50, M|
|poke|p1|Dragapult, L50, F|
|poke|p2|Corviknight, L50, M|
|poke|p2|Garchomp, L50, M|
|poke|p2|Tyranitar, L50, M|
|poke|p2|Gholdengo, L50|
|poke|p2|Sneasler, L50, M|
|poke|p2|Incineroar, L50, M|
|teampreview|4
|showteam|p1|Kingambit||BlackGlasses|Defiant|KowtowCleave,SuckerPunch,SwordsDance,Protect|||M|||50|,,,,,Dark]Primarina||SitrusBerry|LiquidVoice|HyperVoice,Moonblast,Haze,Protect|||F|||50|,,,,,Water]Sneasler||FocusSash|Unburden|CloseCombat,DireClaw,FakeOut,Protect|||F|||50|,,,,,Stellar]Magmar||Eviolite|VitalSpirit|Overheat,WillOWisp,FollowMe,Protect|||F|||50|,,,,,Ghost]Rillaboom||AssaultVest|GrassySurge|WoodHammer,GrassyGlide,HighHorsepower,FakeOut|||M|||50|,,,,,Fire]Dragapult||ChoiceBand|ClearBody|DragonDarts,PhantomForce,Outrage,Uturn|||F|||50|,,,,,Dragon
|showteam|p2|Corviknight||CovertCloak|MirrorArmor|BraveBird,Taunt,Roost,Tailwind|||M|||50|,,,,,Dragon]Garchomp||ClearAmulet|RoughSkin|Earthquake,DragonClaw,StompingTantrum,Protect|||M|||50|,,,,,Steel]Tyranitar||AssaultVest|SandStream|RockSlide,KnockOff,TeraBlast,LowKick|||M|||50|,,,,,Flying]Gholdengo||LifeOrb|GoodasGold|MakeItRain,ShadowBall,NastyPlot,Protect||||||50|,,,,,Flying]Sneasler||AirBalloon|Unburden|DireClaw,CloseCombat,Coaching,Protect|||M|||50|,,,,,Ghost]Incineroar||SafetyGoggles|Intimidate|FlareBlitz,WillOWisp,PartingShot,FakeOut|||M|||50|,,,,,Ghost
|inactive|Battle timer is ON: inactive players will automatically lose when time's up. (requested by Il Mule)
|
|t:|1756906960
|teamsize|p1|4
|teamsize|p2|4
|start
|switch|p1a: Dragapult|Dragapult, L50, F|100/100
|switch|p1b: Primarina|Primarina, L50, F|100/100
|switch|p2a: Corviknight|Corviknight, L50, M, shiny|100/100
|switch|p2b: Tyranitar|Tyranitar, L50, M|100/100
|-weather|Sandstorm|[from] ability: Sand Stream|[of] p2b: Tyranitar
|turn|1
|inactive|Il Mule has 30 seconds left.
|
|t:|1756906991
|move|p1a: Dragapult|U-turn|p2b: Tyranitar
|-supereffective|p2b: Tyranitar
|-damage|p2b: Tyranitar|37/100
|
|t:|1756907007
|switch|p1a: Magmar|Magmar, L50, F|100/100|[from] U-turn
|move|p2a: Corviknight|Tailwind|p2a: Corviknight
|-sidestart|p2: Il Mule|move: Tailwind
|move|p2b: Tyranitar|Knock Off|p1b: Primarina
|-resisted|p1b: Primarina
|-damage|p1b: Primarina|73/100
|-enditem|p1b: Primarina|Sitrus Berry|[from] move: Knock Off|[of] p2b: Tyranitar
|move|p1b: Primarina|Moonblast|p2b: Tyranitar
|-supereffective|p2b: Tyranitar
|-damage|p2b: Tyranitar|0 fnt
|faint|p2b: Tyranitar
|
|-weather|Sandstorm|[upkeep]
|-damage|p1a: Magmar|95/100|[from] Sandstorm
|-damage|p1b: Primarina|67/100|[from] Sandstorm
|upkeep
|
|t:|1756907018
|switch|p2b: Garchomp|Garchomp, L50, M|100/100
|turn|2
|
|t:|1756907041
|move|p1a: Magmar|Protect|p1a: Magmar
|-singleturn|p1a: Magmar|Protect
|move|p1b: Primarina|Protect|p1b: Primarina
|-singleturn|p1b: Primarina|Protect
|move|p2b: Garchomp|Earthquake|p1b: Primarina|[spread] 
|-activate|p1a: Magmar|move: Protect
|-activate|p1b: Primarina|move: Protect
|-immune|p2a: Corviknight
|move|p2a: Corviknight|Brave Bird|p1b: Primarina
|-activate|p1b: Primarina|move: Protect
|
|-weather|Sandstorm|[upkeep]
|-damage|p1a: Magmar|89/100|[from] Sandstorm
|-damage|p1b: Primarina|61/100|[from] Sandstorm
|upkeep
|turn|3
|
|t:|1756907059
|-terastallize|p1a: Magmar|Ghost
|move|p1a: Magmar|Follow Me|p1a: Magmar
|-singleturn|p1a: Magmar|move: Follow Me
|move|p2b: Garchomp|Earthquake|p1a: Magmar|[spread] p1a,p1b
|-immune|p2a: Corviknight
|-crit|p1b: Primarina
|-damage|p1a: Magmar|57/100
|-damage|p1b: Primarina|0 fnt
|faint|p1b: Primarina
|move|p2a: Corviknight|Brave Bird|p1a: Magmar
|-damage|p1a: Magmar|23/100
|-damage|p2a: Corviknight|91/100|[from] Recoil
|
|-weather|Sandstorm|[upkeep]
|-damage|p1a: Magmar|17/100|[from] Sandstorm
|upkeep
|
|t:|1756907068
|switch|p1b: Kingambit|Kingambit, L50, M|100/100
|turn|4
|inactive|PikaTROD has 30 seconds left.
|
|t:|1756907101
|switch|p1a: Dragapult|Dragapult, L50, F|100/100
|move|p2b: Garchomp|Earthquake|p1a: Dragapult|[spread] p1a,p1b
|-immune|p2a: Corviknight
|-supereffective|p1b: Kingambit
|-damage|p1a: Dragapult|44/100
|-damage|p1b: Kingambit|37/100
|move|p2a: Corviknight|Taunt|p1b: Kingambit
|-start|p1b: Kingambit|move: Taunt
|move|p1b: Kingambit|Kowtow Cleave|p2a: Corviknight
|-damage|p2a: Corviknight|39/100
|
|-weather|Sandstorm|[upkeep]
|-damage|p1a: Dragapult|38/100|[from] Sandstorm
|-sideend|p2: Il Mule|move: Tailwind
|upkeep
|turn|5
|inactive|PikaTROD has 30 seconds left.
|
|t:|1756907126
|-terastallize|p2b: Garchomp|Steel
|move|p1b: Kingambit|Sucker Punch|p2b: Garchomp
|-damage|p2b: Garchomp|53/100
|-damage|p1b: Kingambit|25/100|[from] ability: Rough Skin|[of] p2b: Garchomp
|move|p1a: Dragapult|Dragon Darts|p2b: Garchomp
|-resisted|p2b: Garchomp
|-damage|p2b: Garchomp|32/100
|-anim|p1a: Dragapult|Dragon Darts|p2a: Corviknight
|-resisted|p2a: Corviknight
|-damage|p2a: Corviknight|22/100
|move|p2b: Garchomp|Earthquake|p1a: Dragapult|[spread] p1a,p1b
|-immune|p2a: Corviknight
|-supereffective|p1b: Kingambit
|-damage|p1a: Dragapult|0 fnt
|-damage|p1b: Kingambit|0 fnt
|faint|p1a: Dragapult
|faint|p1b: Kingambit
|move|p2a: Corviknight|Tailwind|p2a: Corviknight
|-sidestart|p2: Il Mule|move: Tailwind
|
|-weather|none
|upkeep
|
|t:|1756907131
|switch|p1b: Magmar|Magmar, L50, F, tera:Ghost|17/100
|turn|6
|
|t:|1756907136
|move|p2b: Garchomp|Earthquake|p1b: Magmar|[spread] p1b
|-immune|p2a: Corviknight
|-damage|p1b: Magmar|0 fnt
|faint|p1b: Magmar
|
|win|Il Mule
||Il Mule is ready for game 2.
||PikaTROD is ready for game 2.
|uhtml|next|Next: Game 2 of 3
