|j|☆Wesrui
|j|☆RaikuDraco
|html|WesruiRaikuDraco    
|uhtml|bestof|Game 2 of a best-of-3
|t:|1756778257
|gametype|doubles
|player|p1|Wesrui|silver|1113
|player|p2|RaikuDraco|drake-gen3|1227
|gen|9
|tier|[Gen 9] VGC 2025 Reg H (Bo3)
|rated|
|rule|Species Clause: Limit one of each Pokémon
|rule|Item Clause: Limit 1 of each item
|clearpoke
|poke|p1|Sneasler, L50, M|
|poke|p1|Dragonite, L50, F|
|poke|p1|Rillaboom, L50, F|
|poke|p1|Basculegion, L50, M|
|poke|p1|Volcarona, L50, F|
|poke|p1|Kingambit, L50, F|
|poke|p2|Whimsicott, L50, F|
|poke|p2|Dragonite, L50, M|
|poke|p2|Gholdengo, L50|
|poke|p2|Garchomp, L50, F|
|poke|p2|Sneasler, L50, M|
|poke|p2|Incineroar, L50, F|
|teampreview|4
|showteam|p1|Sneasler||FocusSash|Unburden|CloseCombat,DireClaw,Coaching,Protect|||M|||50|,,,,,Ghost]Dragonite||LoadedDice|Multiscale|ScaleShot,ExtremeSpeed,Haze,Protect|||F|||50|,,,,,Fairy]Rillaboom||MiracleSeed|GrassySurge|WoodHammer,GrassyGlide,Taunt,FakeOut|||F|||50|,,,,,Fire]Basculegion||ChoiceScarf|Adaptability|WaveCrash,FlipTurn,LastRespects,TeraBlast|||M|||50|,,,,,Fairy]Volcarona||CovertCloak|FlameBody|HeatWave,TeraBlast,QuiverDance,Protect|||F|||50|,,,,,Fairy]Kingambit||AssaultVest|Defiant|KowtowCleave,SuckerPunch,IronHead,LowKick|||F|||50|,,,,,Ghost
|showteam|p2|Whimsicott||CovertCloak|Prankster|Moonblast,Tailwind,Encore,Taunt|||F|||50|,,,,,Water]Dragonite||LoadedDice|Multiscale|ScaleShot,ExtremeSpeed,Haze,Protect|||M|||50|,,,,,Fairy]Gholdengo||ChoiceSpecs|GoodasGold|MakeItRain,ShadowBall,Thunderbolt,Trick||||||50|,,,,,Steel]Garchomp||LifeOrb|RoughSkin|DragonClaw,StompingTantrum,Earthquake,Protect|||F|||50|,,,,,Ground]Sneasler||FocusSash|Unburden|DireClaw,CloseCombat,Coaching,Protect|||M|||50|,,,,,Stellar]Incineroar||AssaultVest|Intimidate|FlareBlitz,KnockOff,Uturn,FakeOut|||F|||50|,,,,,Grass
|inactive|Battle timer is ON: inactive players will automatically lose when time's up. (requested by Wesrui)
|inactive|Wesrui has 60 seconds left.
|inactive|RaikuDraco has 60 seconds left.
|
|t:|1756778313
|teamsize|p1|4
|teamsize|p2|4
|start
|switch|p1a: Rillaboom|Rillaboom, L50, F|100/100
|switch|p1b: Volcarona|Volcarona, L50, F|100/100
|switch|p2a: Whimsicott|Whimsicott, L50, F|100/100
|switch|p2b: Dragonite|Dragonite, L50, M|100/100
|-fieldstart|move: Grassy Terrain|[from] ability: Grassy Surge|[of] p1a: Rillaboom
|turn|1
|inactive|RaikuDraco has 30 seconds left.
|
|t:|1756778343
|-terastallize|p1b: Volcarona|Fairy
|move|p2b: Dragonite|Protect|p2b: Dragonite
|-singleturn|p2b: Dragonite|Protect
|move|p2a: Whimsicott|Taunt|p1b: Volcarona
|-start|p1b: Volcarona|move: Taunt
|move|p1b: Volcarona|Heat Wave|p2a: Whimsicott|[spread] p2a
|-activate|p2b: Dragonite|move: Protect
|-supereffective|p2a: Whimsicott
|-damage|p2a: Whimsicott|12/100
|move|p1a: Rillaboom|Taunt|p2a: Whimsicott
|-start|p2a: Whimsicott|move: Taunt
|
|-heal|p2a: Whimsicott|18/100|[from] Grassy Terrain
|upkeep
|turn|2
|inactive|Wesrui has 30 seconds left.
|inactive|RaikuDraco has 30 seconds left.
|inactive|Wesrui has 20 seconds left.
|
|t:|1756778379
|move|p1a: Rillaboom|Grassy Glide|p2b: Dragonite
|-resisted|p2b: Dragonite
|-damage|p2b: Dragonite|95/100
|move|p2a: Whimsicott|Moonblast|p1a: Rillaboom
|-damage|p1a: Rillaboom|74/100
|move|p1b: Volcarona|Heat Wave|p2a: Whimsicott|[spread] p2a,p2b
|-supereffective|p2a: Whimsicott
|-resisted|p2b: Dragonite
|-damage|p2a: Whimsicott|0 fnt
|-damage|p2b: Dragonite|74/100
|faint|p2a: Whimsicott
|move|p2b: Dragonite|Scale Shot|p1a: Rillaboom
|-damage|p1a: Rillaboom|59/100
|-damage|p1a: Rillaboom|45/100
|-damage|p1a: Rillaboom|31/100
|-damage|p1a: Rillaboom|17/100
|-hitcount|p1a: Rillaboom|4
|-unboost|p2b: Dragonite|def|1
|-boost|p2b: Dragonite|spe|1
|
|-heal|p1a: Rillaboom|23/100|[from] Grassy Terrain
|upkeep
|
|t:|1756778403
|switch|p2a: Sneasler|Sneasler, L50, M|100/100
|turn|3
|
|t:|1756778421
|move|p1a: Rillaboom|Grassy Glide|p2a: Sneasler
|-resisted|p2a: Sneasler
|-damage|p2a: Sneasler|62/100
|move|p2b: Dragonite|Scale Shot|p1a: Rillaboom
|-damage|p1a: Rillaboom|9/100
|-crit|p1a: Rillaboom
|-damage|p1a: Rillaboom|0 fnt
|faint|p1a: Rillaboom
|-hitcount|p1: Rillaboom|2
|-unboost|p2b: Dragonite|def|1
|-boost|p2b: Dragonite|spe|1
|move|p2a: Sneasler|Dire Claw|p1b: Volcarona
|-supereffective|p1b: Volcarona
|-damage|p1b: Volcarona|0 fnt
|faint|p1b: Volcarona
|
|-heal|p2a: Sneasler|68/100|[from] Grassy Terrain
|upkeep
|
|t:|1756778437
|switch|p1b: Basculegion|Basculegion, L50, M|100/100
|switch|p1a: Sneasler|Sneasler, L50, M|100/100
|turn|4
|inactive|RaikuDraco has 30 seconds left.
|inactive|Wesrui has 30 seconds left.
|
|t:|1756778469
|move|p2b: Dragonite|Scale Shot|p1b: Basculegion
|-damage|p1b: Basculegion|79/100
|-damage|p1b: Basculegion|59/100
|-damage|p1b: Basculegion|39/100
|-damage|p1b: Basculegion|20/100
|-damage|p1b: Basculegion|2/100
|-hitcount|p1b: Basculegion|5
|-unboost|p2b: Dragonite|def|1
|-boost|p2b: Dragonite|spe|1
|move|p1b: Basculegion|Last Respects|p2b: Dragonite
|-damage|p2b: Dragonite|0 fnt
|faint|p2b: Dragonite
|move|p1a: Sneasler|Dire Claw|p2a: Sneasler
|-resisted|p2a: Sneasler
|-damage|p2a: Sneasler|33/100
|move|p2a: Sneasler|Dire Claw|p1a: Sneasler
|-resisted|p1a: Sneasler
|-damage|p1a: Sneasler|62/100
|-status|p1a: Sneasler|slp
|
|-heal|p1b: Basculegion|8/100|[from] Grassy Terrain
|-heal|p1a: Sneasler|68/100 slp|[from] Grassy Terrain
|-heal|p2a: Sneasler|39/100|[from] Grassy Terrain
|upkeep
|inactive|RaikuDraco has 30 seconds left.
|
|t:|1756778494
|switch|p2b: Garchomp|Garchomp, L50, F|100/100
|turn|5
|inactive|RaikuDraco has 30 seconds left.
|
|t:|1756778525
|move|p1b: Basculegion|Last Respects|p2a: Sneasler
|-damage|p2a: Sneasler|0 fnt
|faint|p2a: Sneasler
|cant|p1a: Sneasler|slp
|move|p2b: Garchomp|Earthquake|p1b: Basculegion|[spread] p1a,p1b
|-supereffective|p1a: Sneasler
|-damage|p1a: Sneasler|0 fnt
|-damage|p1b: Basculegion|0 fnt
|faint|p1a: Sneasler
|faint|p1b: Basculegion
|-damage|p2b: Garchomp|91/100|[from] item: Life Orb
|
|win|RaikuDraco
||Wesrui is ready for game 3.
|inactive|RaikuDraco has 30 seconds to confirm battle start!
||RaikuDraco is ready for game 3.
|uhtml|next|Next: Game 3 of 3
|l|☆Wesrui
|player|p1|
