|j|☆RuruViGiCi
|j|☆HADES055
|html|RuruViGiCiHADES055    
|uhtml|bestof|Game 1 of a best-of-3
|t:|1783018649
|gametype|doubles
|player|p1|RuruViGiCi|nate|
|player|p2|HADES055|pokemaniac|
|gen|9
|tier|[Gen 9 Champions] VGC 2026 Reg M-B (Bo3)
|rule|Species Clause: Limit one of each Pokémon
|rule|Item Clause: Limit 1 of each item
|clearpoke
|poke|p1|Blaziken, L50, M|
|poke|p1|Milotic, L50, F|
|poke|p1|Sinistcha, L50|
|poke|p1|Sylveon, L50, F|
|poke|p1|Metagross, L50|
|poke|p1|Hydreigon, L50, M|
|poke|p2|Meowstic, L50, M|
|poke|p2|Overqwil, L50, F|
|poke|p2|Delphox, L50, M|
|poke|p2|Sableye, L50, F|
|poke|p2|Klefki, L50, F|
|poke|p2|Sneasler, L50, M|
|teampreview|4
|showteam|p1|Blaziken||Blazikenite|SpeedBoost|FlareBlitz,CloseCombat,RockSlide,Detect|Adamant||M|||50|]Milotic||Leftovers|Competitive|MuddyWater,Coil,Hypnosis,Recover|Calm||F|||50|]Sinistcha||SitrusBerry|Hospitality|MatchaGotcha,RagePowder,TrickRoom,ShadowBall|Bold|||||50|]Sylveon||FairyFeather|Pixilate|HyperVoice,HyperBeam,QuickAttack,Detect|Modest||F|||50|]Metagross||Metagrossite|ClearBody|IronHead,PsychicFangs,StompingTantrum,Protect|Jolly|||||50|]Hydreigon||ChoiceScarf|Levitate|DarkPulse,EarthPower,Snarl,DracoMeteor|Modest||M|||50|
|showteam|p2|Meowstic||BrightPowder|Prankster|Yawn,SkillSwap,SunnyDay,FakeOut|Impish||M|||50|]Overqwil||Leftovers|Intimidate|BarbBarrage,Stockpile,Minimize,Protect|Careful||F|||50|]Delphox||Delphoxite|Blaze|HeatWave,StoredPower,PsychUp,Protect|Timid||M|||50|]Sableye||Sablenite|Prankster|FoulPlay,DarkPulse,PainSplit,PsychUp|Sassy||F|||50|]Klefki||SitrusBerry|Prankster|DrainingKiss,CalmMind,Substitute,PsychUp|Bold||F|||50|]Sneasler||FocusSash|PoisonTouch|PoisonJab,CloseCombat,QuickGuard,FakeOut|Jolly||M|||50|
|inactive|Battle timer is ON: inactive players will automatically lose when time's up. (requested by HADES055)
|c|☆RuruViGiCi|g1
|c|☆RuruViGiCi|glhf!
|c|☆HADES055|gl hf
|inactive|RuruViGiCi has 60 seconds left.
|inactive|HADES055 has 60 seconds left.
|inactive|RuruViGiCi has 30 seconds left.
|inactive|HADES055 has 30 seconds left.
|inactive|RuruViGiCi has 20 seconds left.
|inactive|RuruViGiCi has 15 seconds left.
|inactive|RuruViGiCi has 10 seconds left.
|inactive|RuruViGiCi has 5 seconds left.
|
|t:|1783018739
|teamsize|p1|4
|teamsize|p2|4
|start
|switch|p1a: Hydreigon|Hydreigon, L50, M|100/100
|switch|p1b: Blaziken|Blaziken, L50, M|100/100
|switch|p2a: Meowstic|Meowstic, L50, M|100/100
|switch|p2b: Overqwil|Overqwil, L50, F|100/100
|-ability|p2b: Overqwil|Intimidate|boost
|-unboost|p1a: Hydreigon|atk|1
|-unboost|p1b: Blaziken|atk|1
|turn|1
|inactive|RuruViGiCi has 30 seconds left.
|
|t:|1783018771
|switch|p1b: Milotic|Milotic, L50, F|100/100
|move|p2a: Meowstic|Skill Swap|p2b: Overqwil
|-activate|p2a: Meowstic|Skill Swap|||[of] p2b: Overqwil
|-ability|p2a: Meowstic|Intimidate|boost
|-unboost|p1a: Hydreigon|atk|1
|-unboost|p1b: Milotic|atk|1
|-ability|p1b: Milotic|Competitive|boost
|-boost|p1b: Milotic|spa|2
|move|p2b: Overqwil|Minimize|p2b: Overqwil
|-boost|p2b: Overqwil|evasion|2
|move|p1a: Hydreigon|Earth Power|p2b: Overqwil
|-supereffective|p2b: Overqwil|1
|-damage|p2b: Overqwil|29/100
|
|-heal|p2b: Overqwil|35/100|[from] item: Leftovers
|upkeep
|turn|2
|inactive|HADES055 has 30 seconds left.
|
|t:|1783018805
|move|p2b: Overqwil|Stockpile|p2b: Overqwil
|-start|p2b: Overqwil|stockpile1
|-boost|p2b: Overqwil|def|1
|-boost|p2b: Overqwil|spd|1
|move|p1a: Hydreigon|Earth Power|p2b: Overqwil
|-supereffective|p2b: Overqwil|1
|-damage|p2b: Overqwil|0 fnt
|faint|p2b: Overqwil
|move|p2a: Meowstic|Yawn|p1b: Milotic
|-start|p1b: Milotic|move: Yawn|[of] p2a: Meowstic
|move|p1b: Milotic|Muddy Water|p2a: Meowstic
|-damage|p2a: Meowstic|36/100
|
|upkeep
|
|t:|1783018816
|switch|p2b: Sneasler|Sneasler, L50, M|100/100
|turn|3
|inactive|RuruViGiCi has 30 seconds left.
|
|t:|1783018849
|move|p2b: Sneasler|Fake Out|p1a: Hydreigon
|-damage|p1a: Hydreigon|84/100
|cant|p1a: Hydreigon|flinch
|move|p2a: Meowstic|Sunny Day|p2a: Meowstic
|-weather|SunnyDay
|move|p1b: Milotic|Muddy Water|p2b: Sneasler|[spread] p2a,p2b
|-damage|p2a: Meowstic|11/100
|-damage|p2b: Sneasler|71/100
|
|-weather|SunnyDay|[upkeep]
|-end|p1b: Milotic|move: Yawn|[silent]
|-status|p1b: Milotic|slp
|upkeep
|turn|4
|
|t:|1783018865
|switch|p2a: Delphox|Delphox, L50, M|100/100
|move|p1a: Hydreigon|Earth Power|p2b: Sneasler
|-supereffective|p2b: Sneasler|1
|-damage|p2b: Sneasler|0 fnt
|faint|p2b: Sneasler
|cant|p1b: Milotic|slp
|
|-weather|SunnyDay|[upkeep]
|upkeep
|
|t:|1783018870
|switch|p2b: Meowstic|Meowstic, L50, M|11/100
|turn|5
|inactive|RuruViGiCi has 30 seconds left.
|inactive|HADES055 has 30 seconds left.
|inactive|RuruViGiCi has 20 seconds left.
|
|t:|1783018910
|switch|p1a: Sinistcha|Sinistcha, L50|100/100
|detailschange|p2a: Delphox|Delphox-Mega, L50, M
|-mega|p2a: Delphox|Delphox|Delphoxite
|move|p2b: Meowstic|Yawn|p1a: Sinistcha
|-start|p1a: Sinistcha|move: Yawn|[of] p2b: Meowstic
|move|p2a: Delphox|Heat Wave|p1a: Sinistcha|[spread] p1b
|-miss|p2a: Delphox|p1a: Sinistcha
|-resisted|p1b: Milotic|1
|-damage|p1b: Milotic|83/100 slp
|cant|p1b: Milotic|slp
|
|-weather|SunnyDay|[upkeep]
|-heal|p1b: Milotic|89/100 slp|[from] item: Leftovers
|upkeep
|turn|6
|inactive|RuruViGiCi has 30 seconds left.
|inactive|HADES055 has 30 seconds left.
|
|t:|1783018944
|move|p2b: Meowstic|Skill Swap|p1a: Sinistcha
|-activate|p2b: Meowstic|Skill Swap|Hospitality|Prankster|[of] p1a: Sinistcha
|move|p2a: Delphox|Heat Wave|p1a: Sinistcha|[spread] p1a,p1b
|-supereffective|p1a: Sinistcha|1
|-resisted|p1b: Milotic|1
|-damage|p1a: Sinistcha|0 fnt
|-damage|p1b: Milotic|73/100 slp
|faint|p1a: Sinistcha
|-curestatus|p1b: Milotic|slp|[msg]
|move|p1b: Milotic|Muddy Water|p2a: Delphox|[spread] p2a,p2b
|-supereffective|p2a: Delphox|1
|-damage|p2a: Delphox|64/100
|-damage|p2b: Meowstic|0 fnt
|faint|p2b: Meowstic
|
|-weather|SunnyDay|[upkeep]
|-heal|p1b: Milotic|79/100|[from] item: Leftovers
|upkeep
|
|t:|1783018956
|switch|p1a: Hydreigon|Hydreigon, L50, M|84/100
|turn|7
|
|t:|1783018966
|move|p1a: Hydreigon|Dark Pulse|p2a: Delphox
|-supereffective|p2a: Delphox|1
|-damage|p2a: Delphox|0 fnt
|faint|p2a: Delphox
|
|win|RuruViGiCi
||HADES055 is ready for game 2.
||RuruViGiCi is ready for game 2.
|uhtml|next|Next: Game 2 of 3
