|j|☆LPTesting1
|j|☆LooDeecolo
|html|LPTesting1LooDeecolo    
|uhtml|bestof|Game 1 of a best-of-3
|t:|1756700014
|gametype|doubles
|player|p1|LPTesting1|266|1186
|player|p2|LooDeecolo|266|1097
|gen|9
|tier|[Gen 9] VGC 2025 Reg H (Bo3)
|rated|
|rule|Species Clause: Limit one of each Pokémon
|rule|Item Clause: Limit 1 of each item
|clearpoke
|poke|p1|Maushold, L50|
|poke|p1|Annihilape, L50, F|
|poke|p1|Sinistcha, L50|
|poke|p1|Pelipper, L50, F|
|poke|p1|Archaludon, L50, F|
|poke|p1|Incineroar, L50, F|
|poke|p2|Gastrodon, L50, M|
|poke|p2|Sneasler, L50, F|
|poke|p2|Incineroar, L50, M|
|poke|p2|Gholdengo, L50|
|poke|p2|Ursaluna, L50, M|
|poke|p2|Dragonite, L50, M|
|teampreview|4
|showteam|p1|Maushold||SafetyGoggles|FriendGuard|BeatUp,Taunt,FollowMe,Protect||||||50|,,,,,Ghost]Annihilape||Leftovers|Defiant|RageFist,DrainPunch,BulkUp,Protect|||F|||50|,,,,,Grass]Sinistcha||RockyHelmet|Hospitality|MatchaGotcha,LifeDew,TrickRoom,RagePowder||||||50|,,,,,Water]Pelipper||FocusSash|Drizzle|WeatherBall,Hurricane,Tailwind,WideGuard|||F|||50|,,,,,Ghost]Archaludon||AssaultVest|Stamina|ElectroShot,DragonPulse,FlashCannon,BodyPress|||F|||50|,,,,,Grass]Incineroar||SitrusBerry|Intimidate|FlareBlitz,KnockOff,PartingShot,FakeOut|||F|||50|,,,,,Grass
|showteam|p2|Gastrodon||CovertCloak|StormDrain|EarthPower,Protect,Recover,IceBeam|||M|||50|,,,,,Water]Sneasler||FocusSash|PoisonTouch|CloseCombat,Protect,DireClaw,VacuumWave|||F|||50|,,,,,Ghost]Incineroar||SafetyGoggles|Intimidate|FakeOut,KnockOff,Protect,PartingShot|||M|||50|,,,,,Ghost]Gholdengo||LifeOrb|GoodasGold|MakeItRain,ShadowBall,Protect,NastyPlot||||||50|,,,,,Water]Ursaluna||FlameOrb|Guts|HeadlongRush,Facade,Protect,Earthquake|||M|||50|,,,,,Normal]Dragonite||LoadedDice|Multiscale|ScaleShot,Tailwind,LowKick,Protect|||M|||50|,,,,,Fairy
|inactive|Battle timer is ON: inactive players will automatically lose when time's up. (requested by LPTesting1)
|l|☆LPTesting1
|inactive|LPTesting1 disconnected and has a minute to reconnect!
|player|p1|
|inactive|LooDeecolo has 60 seconds left.
|j|☆LPTesting1
|inactive|LPTesting1 reconnected.
|player|p1|LPTesting1|266|
|
|t:|1756700147
|teamsize|p1|4
|teamsize|p2|4
|start
|switch|p1a: Maushold|Maushold, L50|100/100
|switch|p1b: Annihilape|Annihilape, L50, F|100/100
|switch|p2a: Sneasler|Sneasler, L50, F|100/100
|switch|p2b: Dragonite|Dragonite, L50, M|100/100
|turn|1
|inactive|LPTesting1 has 30 seconds left.
|inactive|LooDeecolo has 30 seconds left.
|inactive|LPTesting1 has 20 seconds left.
|inactive|LooDeecolo has 20 seconds left.
|inactive|LPTesting1 has 15 seconds left.
|inactive|LPTesting1 has 10 seconds left.
|inactive|LooDeecolo has 15 seconds left.
|inactive|LooDeecolo has 10 seconds left.
|inactive|LooDeecolo has 5 seconds left.
|
|t:|1756700204
|move|p1a: Maushold|Beat Up|p1b: Annihilape
|-damage|p1b: Annihilape|99/100
|-damage|p1b: Annihilape|97/100
|-damage|p1b: Annihilape|95/100
|-damage|p1b: Annihilape|93/100
|-hitcount|p1b: Annihilape|4
|move|p2a: Sneasler|Close Combat|p1a: Maushold
|-supereffective|p1a: Maushold
|-damage|p1a: Maushold|0 fnt
|-unboost|p2a: Sneasler|def|1
|-unboost|p2a: Sneasler|spd|1
|faint|p1a: Maushold
|move|p1b: Annihilape|Rage Fist|p2b: Dragonite
|-damage|p2b: Dragonite|44/100
|move|p2b: Dragonite|Scale Shot|p1b: Annihilape
|-crit|p1b: Annihilape
|-damage|p1b: Annihilape|72/100
|-damage|p1b: Annihilape|60/100
|-damage|p1b: Annihilape|45/100
|-crit|p1b: Annihilape
|-damage|p1b: Annihilape|25/100
|-damage|p1b: Annihilape|12/100
|-hitcount|p1b: Annihilape|5
|-unboost|p2b: Dragonite|def|1
|-boost|p2b: Dragonite|spe|1
|
|-heal|p1b: Annihilape|18/100|[from] item: Leftovers
|upkeep
|
|t:|1756700221
|switch|p1a: Sinistcha|Sinistcha, L50|100/100
|-heal|p1b: Annihilape|43/100|[from] ability: Hospitality|[of] p1a: Sinistcha
|turn|2
|inactive|LPTesting1 has 30 seconds left.
|inactive|LooDeecolo has 30 seconds left.
|inactive|LooDeecolo has 20 seconds left.
|
|t:|1756700266
|move|p1b: Annihilape|Protect|p1b: Annihilape
|-singleturn|p1b: Annihilape|Protect
|move|p2a: Sneasler|Dire Claw|p1a: Sinistcha
|-damage|p1a: Sinistcha|63/100
|-damage|p2a: Sneasler|84/100|[from] item: Rocky Helmet|[of] p1a: Sinistcha
|-status|p1a: Sinistcha|psn|[from] ability: Poison Touch|[of] p2a: Sneasler
|move|p2b: Dragonite|Tailwind|p2b: Dragonite
|-sidestart|p2: LooDeecolo|move: Tailwind
|move|p1a: Sinistcha|Life Dew|p1a: Sinistcha|[spread] p1a,p1b
|-heal|p1a: Sinistcha|89/100 psn
|-heal|p1b: Annihilape|68/100
|
|-heal|p1b: Annihilape|74/100|[from] item: Leftovers
|-damage|p1a: Sinistcha|76/100 psn|[from] psn
|upkeep
|turn|3
|inactive|LPTesting1 has 30 seconds left.
|inactive|LooDeecolo has 30 seconds left.
|inactive|LPTesting1 has 20 seconds left.
|inactive|LPTesting1 has 15 seconds left.
|inactive|LooDeecolo has 20 seconds left.
|inactive|LooDeecolo has 15 seconds left.
|
|t:|1756700313
|move|p1a: Sinistcha|Rage Powder|p1a: Sinistcha
|-singleturn|p1a: Sinistcha|move: Rage Powder
|move|p2a: Sneasler|Dire Claw|p1a: Sinistcha
|-crit|p1a: Sinistcha
|-damage|p1a: Sinistcha|24/100 psn
|-damage|p2a: Sneasler|67/100|[from] item: Rocky Helmet|[of] p1a: Sinistcha
|move|p2b: Dragonite|Scale Shot|p1a: Sinistcha
|-damage|p1a: Sinistcha|14/100 psn
|-damage|p1a: Sinistcha|4/100 psn
|-damage|p1a: Sinistcha|0 fnt
|faint|p1a: Sinistcha
|-hitcount|p1: Sinistcha|3
|-unboost|p2b: Dragonite|def|1
|-boost|p2b: Dragonite|spe|1
|move|p1b: Annihilape|Bulk Up|p1b: Annihilape
|-boost|p1b: Annihilape|atk|1
|-boost|p1b: Annihilape|def|1
|
|-heal|p1b: Annihilape|80/100|[from] item: Leftovers
|upkeep
|
|t:|1756700322
|switch|p1a: Incineroar|Incineroar, L50, F|100/100
|-ability|p1a: Incineroar|Intimidate|boost
|-unboost|p2a: Sneasler|atk|1
|-unboost|p2b: Dragonite|atk|1
|turn|4
|inactive|LPTesting1 has 30 seconds left.
|
|t:|1756700349
|move|p2b: Dragonite|Protect|p2b: Dragonite
|-singleturn|p2b: Dragonite|Protect
|move|p2a: Sneasler|Protect|p2a: Sneasler
|-singleturn|p2a: Sneasler|Protect
|move|p1a: Incineroar|Fake Out|p2b: Dragonite
|-activate|p2b: Dragonite|move: Protect
|move|p1b: Annihilape|Bulk Up|p1b: Annihilape
|-boost|p1b: Annihilape|atk|1
|-boost|p1b: Annihilape|def|1
|
|-heal|p1b: Annihilape|87/100|[from] item: Leftovers
|upkeep
|turn|5
|
|t:|1756700369
|move|p2b: Dragonite|Low Kick|p1a: Incineroar
|-supereffective|p1a: Incineroar
|-damage|p1a: Incineroar|62/100
|move|p2a: Sneasler|Close Combat|p1a: Incineroar
|-supereffective|p1a: Incineroar
|-damage|p1a: Incineroar|0 fnt
|-unboost|p2a: Sneasler|def|1
|-unboost|p2a: Sneasler|spd|1
|faint|p1a: Incineroar
|move|p1b: Annihilape|Drain Punch|p2a: Sneasler
|-resisted|p2a: Sneasler
|-damage|p2a: Sneasler|0 fnt
|-heal|p1b: Annihilape|100/100|[from] drain|[of] p2a: Sneasler
|faint|p2a: Sneasler
|
|-sideend|p2: LooDeecolo|move: Tailwind
|upkeep
|
|t:|1756700379
|switch|p2a: Gholdengo|Gholdengo, L50|100/100
|turn|6
|
|t:|1756700400
|-terastallize|p1b: Annihilape|Grass
|move|p2b: Dragonite|Tailwind|p2b: Dragonite
|-sidestart|p2: LooDeecolo|move: Tailwind
|move|p2a: Gholdengo|Nasty Plot|p2a: Gholdengo
|-boost|p2a: Gholdengo|spa|2
|move|p1b: Annihilape|Rage Fist|p2a: Gholdengo
|-supereffective|p2a: Gholdengo
|-damage|p2a: Gholdengo|0 fnt
|faint|p2a: Gholdengo
|
|upkeep
|
|t:|1756700410
|switch|p2a: Ursaluna|Ursaluna, L50, M|100/100
|turn|7
|
|t:|1756700425
|move|p2b: Dragonite|Scale Shot|p1b: Annihilape|[miss]
|-miss|p2b: Dragonite|p1b: Annihilape
|move|p2a: Ursaluna|Facade|p1b: Annihilape
|-damage|p1b: Annihilape|80/100
|move|p1b: Annihilape|Drain Punch|p2b: Dragonite
|-resisted|p2b: Dragonite
|-damage|p2b: Dragonite|0 fnt
|-heal|p1b: Annihilape|98/100|[from] drain|[of] p2b: Dragonite
|faint|p2b: Dragonite
|
|-heal|p1b: Annihilape|100/100|[from] item: Leftovers
|-status|p2a: Ursaluna|brn|[from] item: Flame Orb
|upkeep
|turn|8
|
|t:|1756700440
|-terastallize|p2a: Ursaluna|Normal
|move|p1b: Annihilape|Protect|p1b: Annihilape
|-singleturn|p1b: Annihilape|Protect
|move|p2a: Ursaluna|Facade|p1b: Annihilape
|-activate|p1b: Annihilape|move: Protect
|
|-damage|p2a: Ursaluna|95/100 brn|[from] brn
|upkeep
|turn|9
|
|t:|1756700447
|move|p2a: Ursaluna|Facade|p1b: Annihilape
|-damage|p1b: Annihilape|17/100
|move|p1b: Annihilape|Drain Punch|p2a: Ursaluna
|-supereffective|p2a: Ursaluna
|-damage|p2a: Ursaluna|1/100 brn
|-heal|p1b: Annihilape|70/100|[from] drain|[of] p2a: Ursaluna
|
|-heal|p1b: Annihilape|76/100|[from] item: Leftovers
|-damage|p2a: Ursaluna|0 fnt|[from] brn
|faint|p2a: Ursaluna
|
|win|LPTesting1
|inactive|LPTesting1 has 30 seconds to confirm battle start!
|inactive|LooDeecolo has 30 seconds to confirm battle start!
|l|☆LooDeecolo
|player|p2|
