|j|☆GexVGC
|j|☆abgesaftet
|html|GexVGCabgesaftet    
|uhtml|bestof|Game 1 of a best-of-3
|t:|1785796919
|gametype|doubles
|player|p1|GexVGC|265|1263
|player|p2|abgesaftet|ballguy|1430
|gen|9
|tier|[Gen 9 Champions] VGC 2026 Reg M-B (Bo3)
|rated|
|rule|Species Clause: Limit one of each Pokémon
|rule|Item Clause: Limit 1 of each item
|clearpoke
|poke|p1|Kingambit, L50, M|
|poke|p1|Arcanine-Hisui, L50, F|
|poke|p1|Sylveon, L50, F|
|poke|p1|Tsareena, L50, F|
|poke|p1|Raichu, L50, F|
|poke|p1|Froslass, L50, F|
|poke|p2|Sneasler, L50, F|
|poke|p2|Sinistcha, L50|
|poke|p2|Incineroar, L50, M|
|poke|p2|Kingambit, L50, M|
|poke|p2|Delphox, L50, F|
|poke|p2|Blastoise, L50, F|
|teampreview|4
|showteam|p1|Kingambit||LifeOrb|Defiant|SwordsDance,Protect,KowtowCleave,SuckerPunch|Brave||M|||50|]Arcanine-Hisui||FocusSash|RockHead|ExtremeSpeed,Protect,HeadSmash,FlareBlitz|Jolly||F|||50|]Sylveon||FairyFeather|Pixilate|Detect,HyperVoice,QuickAttack,HyperBeam|Modest||F|||50|]Tsareena||WideLens|QueenlyMajesty|TripleAxel,PowerWhip,Protect,HighJumpKick|Adamant||F|||50|]Raichu||RaichuniteY|LightningRod|ZapCannon,FakeOut,FocusBlast,Encore|Timid||F|||50|]Froslass||Froslassite|CursedBody|Blizzard,AuroraVeil,Protect,Taunt|Timid||F|||50|
|showteam|p2|Sneasler||FocusSash|PoisonTouch|FakeOut,CloseCombat,PoisonJab,QuickGuard|Jolly||F|||50|]Sinistcha||OccaBerry|Hospitality|MatchaGotcha,RagePowder,TrickRoom,Protect|Bold|||||50|]Incineroar||SitrusBerry|Intimidate|FakeOut,FlareBlitz,ThroatChop,PartingShot|Careful||M|||50|]Kingambit||LifeOrb|Defiant|KowtowCleave,SuckerPunch,SwordsDance,Protect|Adamant||M|||50|]Delphox||Delphoxite|Blaze|HeatWave,Psychic,NastyPlot,Protect|Timid||F|||50|]Blastoise||Blastoisinite|RainDish|WaterSpout,DarkPulse,ShellSmash,Protect|Modest||F|||50|
|inactive|Battle timer is ON: inactive players will automatically lose when time's up. (requested by GexVGC)
|inactive|GexVGC has 60 seconds left.
|inactive|abgesaftet has 60 seconds left.
|
|t:|1785796968
|teamsize|p1|4
|teamsize|p2|4
|start
|switch|p1a: Raichu|Raichu, L50, F|100/100
|switch|p1b: Tsareena|Tsareena, L50, F|100/100
|switch|p2a: Blastoise|Blastoise, L50, F|100/100
|switch|p2b: Sneasler|Sneasler, L50, F|100/100
|turn|1
|
|t:|1785796983
|switch|p2a: Incineroar|Incineroar, L50, M|100/100
|-ability|p2a: Incineroar|Intimidate|boost
|-unboost|p1a: Raichu|atk|1
|-unboost|p1b: Tsareena|atk|1
|detailschange|p1a: Raichu|Raichu-Mega-Y, L50, F
|-mega|p1a: Raichu|Raichu|Raichunite Y
|move|p1a: Raichu|Fake Out|p2b: Sneasler
|-damage|p2b: Sneasler|89/100
|cant|p2b: Sneasler|flinch
|move|p1b: Tsareena|Power Whip|p2a: Incineroar
|-resisted|p2a: Incineroar|1
|-damage|p2a: Incineroar|80/100
|
|upkeep
|turn|2
|inactive|GexVGC has 30 seconds left.
|
|t:|1785797008
|switch|p2a: Sinistcha|Sinistcha, L50|100/100
|-heal|p2b: Sneasler|100/100|[from] ability: Hospitality|[of] p2a: Sinistcha
|move|p1a: Raichu|Zap Cannon|p2b: Sneasler
|-damage|p2b: Sneasler|10/100
|-status|p2b: Sneasler|par
|move|p1b: Tsareena|Power Whip|p2b: Sneasler
|-resisted|p2b: Sneasler|1
|-damage|p2b: Sneasler|0 fnt
|faint|p2b: Sneasler
|
|upkeep
|
|t:|1785797020
|switch|p2b: Blastoise|Blastoise, L50, F|100/100
|turn|3
|inactive|GexVGC has 30 seconds left.
|
|t:|1785797049
|detailschange|p2b: Blastoise|Blastoise-Mega, L50, F
|-mega|p2b: Blastoise|Blastoise|Blastoisinite
|move|p2a: Sinistcha|Rage Powder|p2a: Sinistcha
|-singleturn|p2a: Sinistcha|move: Rage Powder
|move|p1a: Raichu|Zap Cannon|p2a: Sinistcha
|-resisted|p2a: Sinistcha|1
|-damage|p2a: Sinistcha|70/100
|-status|p2a: Sinistcha|par
|move|p2b: Blastoise|Dark Pulse|p1b: Tsareena
|-damage|p1b: Tsareena|53/100
|cant|p1b: Tsareena|flinch
|
|upkeep
|turn|4
|
|t:|1785797072
|move|p2a: Sinistcha|Rage Powder|p2a: Sinistcha
|-singleturn|p2a: Sinistcha|move: Rage Powder
|move|p1a: Raichu|Zap Cannon|p2a: Sinistcha
|-resisted|p2a: Sinistcha|1
|-damage|p2a: Sinistcha|40/100 par
|move|p2b: Blastoise|Water Spout|p1b: Tsareena|[spread] p1a,p1b
|-resisted|p1b: Tsareena|1
|-damage|p1a: Raichu|14/100
|-damage|p1b: Tsareena|22/100
|move|p1b: Tsareena|Triple Axel|p2a: Sinistcha
|-supereffective|p2a: Sinistcha|1
|-damage|p2a: Sinistcha|32/100 par
|-supereffective|p2a: Sinistcha|1
|-damage|p2a: Sinistcha|19/100 par
|-supereffective|p2a: Sinistcha|1
|-damage|p2a: Sinistcha|0 fnt
|faint|p2a: Sinistcha
|-hitcount|p2: Sinistcha|3
|
|upkeep
|
|t:|1785797081
|switch|p2a: Incineroar|Incineroar, L50, M|80/100
|-ability|p2a: Incineroar|Intimidate|boost
|-unboost|p1a: Raichu|atk|1
|-unboost|p1b: Tsareena|atk|1
|turn|5
|
|t:|1785797096
|move|p1a: Raichu|Focus Blast|p2a: Incineroar
|-supereffective|p2a: Incineroar|1
|-damage|p2a: Incineroar|12/100
|-enditem|p2a: Incineroar|Sitrus Berry|[eat]
|-heal|p2a: Incineroar|36/100|[from] item: Sitrus Berry
|move|p2b: Blastoise|Water Spout|p1b: Tsareena|[spread] p1a,p1b
|-resisted|p1b: Tsareena|1
|-crit|p1b: Tsareena
|-damage|p1a: Raichu|0 fnt
|-damage|p1b: Tsareena|0 fnt
|faint|p1a: Raichu
|faint|p1b: Tsareena
|move|p2a: Incineroar|Throat Chop|p1: Raichu|[notarget]
|-fail|p2a: Incineroar
|
|upkeep
|
|t:|1785797101
|switch|p1a: Kingambit|Kingambit, L50, M|100/100
|switch|p1b: Arcanine|Arcanine-Hisui, L50, F|100/100
|turn|6
|
|t:|1785797113
|move|p1b: Arcanine|Head Smash|p2a: Incineroar
|-supereffective|p2a: Incineroar|1
|-damage|p2a: Incineroar|0 fnt
|faint|p2a: Incineroar
|move|p2b: Blastoise|Water Spout|p1a: Kingambit|[spread] p1a,p1b
|-supereffective|p1b: Arcanine|2
|-damage|p1a: Kingambit|39/100
|-enditem|p1b: Arcanine|Focus Sash
|-damage|p1b: Arcanine|1/100
|move|p1a: Kingambit|Kowtow Cleave|p2b: Blastoise
|-damage|p2b: Blastoise|31/100
|-damage|p1a: Kingambit|29/100|[from] item: Life Orb
|
|upkeep
|turn|7
|
|t:|1785797123
|move|p1a: Kingambit|Sucker Punch|p2b: Blastoise
|-damage|p2b: Blastoise|0 fnt
|faint|p2b: Blastoise
|-damage|p1a: Kingambit|19/100|[from] item: Life Orb
|
|win|GexVGC
||abgesaftet is ready for game 2.
||GexVGC is ready for game 2.
|uhtml|next|Next: Game 2 of 3
