|j|☆puffinbee
|j|☆Sky_Yagami95
|html|puffinbeeSky_Yagami95    
|uhtml|bestof|Game 2 of a best-of-3
|t:|1784432529
|gametype|doubles
|player|p1|puffinbee|101|
|player|p2|Sky_Yagami95|riley|
|gen|9
|tier|[Gen 9 Champions] VGC 2026 Reg M-B (Bo3)
|rule|Species Clause: Limit one of each Pokémon
|rule|Item Clause: Limit 1 of each item
|clearpoke
|poke|p1|Mawile, L50, M|
|poke|p1|Incineroar, L50, M|
|poke|p1|Staraptor, L50, M|
|poke|p1|Farigiraf, L50, F|
|poke|p1|Ampharos, L50, F|
|poke|p1|Basculegion, L50, M|
|poke|p2|Lycanroc, L50, M|
|poke|p2|Lucario, L50, M|
|poke|p2|Goodra, L50, M|
|poke|p2|Samurott-Hisui, L50, M|
|poke|p2|Altaria, L50, F|
|poke|p2|Umbreon, L50, M|
|teampreview|4
|showteam|p1|Mawile||Mawilite|HyperCutter|IronHead,PlayRough,SuckerPunch,Protect|Brave||M|||50|]Incineroar||Charcoal|Intimidate|FlareBlitz,PartingShot,FakeOut,DarkestLariat|Adamant||M|||50|]Staraptor||ChoiceScarf|Intimidate|BraveBird,CloseCombat,Uturn,FinalGambit|Bashful||M|||50|]Farigiraf||SitrusBerry|ArmorTail|Psychic,GrassKnot,TrickRoom,HelpingHand|Quiet||F|||50|]Ampharos||Ampharosite|Static|Thunderbolt,DragonPulse,FocusBlast,Protect|Quiet||F|||50|]Basculegion||FocusSash|Adaptability|Liquidation,LastRespects,AquaJet,Protect|Adamant||M|||50|
|showteam|p2|Lycanroc||FocusSash|KeenEye|PlayRough,DrillRun,Endeavor,SuckerPunch|Jolly||M|||50|]Lucario||Lucarionite|InnerFocus|CloseCombat,MeteorMash,BulletPunch,BrickBreak|Jolly||M|||50|]Goodra||DampRock|Hydration|RainDance,DracoMeteor,Toxic,Rest|Calm||M|||50|]Samurott-Hisui||MentalHerb|Sharpness|AquaCutter,AirSlash,NightSlash,SacredSword|Naive||M|||50|]Altaria||Altarianite|CloudNine|DracoMeteor,BraveBird,Facade,AlluringVoice|Rash||F|||50|]Umbreon||LumBerry|Synchronize|Toxic,Substitute,Moonlight,DarkPulse|Calm||M|||50|
|
|t:|1784432582
|teamsize|p1|4
|teamsize|p2|4
|start
|switch|p1a: Farigiraf|Farigiraf, L50, F|100/100
|switch|p1b: Staraptor|Staraptor, L50, M|100/100
|switch|p2a: Lycanroc|Lycanroc, L50, M|100/100
|switch|p2b: Goodra|Goodra, L50, M|100/100
|-ability|p1b: Staraptor|Intimidate|boost
|-unboost|p2a: Lycanroc|atk|1
|-unboost|p2b: Goodra|atk|1
|turn|1
|
|t:|1784432632
|move|p1b: Staraptor|Close Combat|p2a: Lycanroc
|-supereffective|p2a: Lycanroc|1
|-enditem|p2a: Lycanroc|Focus Sash
|-damage|p2a: Lycanroc|1/100
|-unboost|p1b: Staraptor|def|1
|-unboost|p1b: Staraptor|spd|1
|move|p2a: Lycanroc|Endeavor|p1b: Staraptor
|-damage|p1b: Staraptor|1/100
|move|p2b: Goodra|Rain Dance|p2b: Goodra
|-weather|RainDance
|move|p1a: Farigiraf|Trick Room|p1a: Farigiraf
|-fieldstart|move: Trick Room|[of] p1a: Farigiraf
|
|-weather|RainDance|[upkeep]
|upkeep
|turn|2
|
|t:|1784432686
|switch|p2a: Umbreon|Umbreon, L50, M|100/100
|move|p1a: Farigiraf|Psychic|p2b: Goodra
|-damage|p2b: Goodra|81/100
|move|p2b: Goodra|Draco Meteor|p1a: Farigiraf
|-damage|p1a: Farigiraf|57/100
|-unboost|p2b: Goodra|spa|2
|move|p1b: Staraptor|Close Combat|p2a: Umbreon
|-supereffective|p2a: Umbreon|1
|-damage|p2a: Umbreon|46/100
|-unboost|p1b: Staraptor|def|1
|-unboost|p1b: Staraptor|spd|1
|
|-weather|RainDance|[upkeep]
|upkeep
|turn|3
|
|t:|1784432718
|move|p1a: Farigiraf|Helping Hand|p1b: Staraptor
|-singleturn|p1b: Staraptor|Helping Hand|[of] p1a: Farigiraf
|move|p2a: Umbreon|Dark Pulse|p1a: Farigiraf
|-supereffective|p1a: Farigiraf|1
|-damage|p1a: Farigiraf|23/100
|-enditem|p1a: Farigiraf|Sitrus Berry|[eat]
|-heal|p1a: Farigiraf|48/100|[from] item: Sitrus Berry
|move|p2b: Goodra|Draco Meteor|p1b: Staraptor
|-damage|p1b: Staraptor|0 fnt
|-unboost|p2b: Goodra|spa|2
|faint|p1b: Staraptor
|
|-weather|RainDance|[upkeep]
|upkeep
|
|t:|1784432730
|switch|p1b: Basculegion|Basculegion, L50, M|100/100
|turn|4
|
|t:|1784432744
|move|p1b: Basculegion|Aqua Jet|p2a: Umbreon
|-damage|p2a: Umbreon|10/100
|move|p1a: Farigiraf|Psychic|p2b: Goodra
|-damage|p2b: Goodra|61/100
|-unboost|p2b: Goodra|spd|1
|move|p2a: Umbreon|Dark Pulse|p1a: Farigiraf
|-supereffective|p1a: Farigiraf|1
|-damage|p1a: Farigiraf|13/100
|move|p2b: Goodra|Toxic|p1b: Basculegion|[miss]
|-miss|p2b: Goodra|p1b: Basculegion
|
|-weather|RainDance|[upkeep]
|upkeep
|turn|5
|
|t:|1784432775
|move|p1b: Basculegion|Aqua Jet|p2a: Umbreon
|-damage|p2a: Umbreon|0 fnt
|faint|p2a: Umbreon
|move|p1a: Farigiraf|Psychic|p2b: Goodra
|-damage|p2b: Goodra|29/100
|move|p2b: Goodra|Rest|p2b: Goodra
|-status|p2b: Goodra|slp|[from] move: Rest
|-heal|p2b: Goodra|100/100 slp|[silent]
|
|-weather|RainDance|[upkeep]
|-activate|p2b: Goodra|ability: Hydration
|-curestatus|p2b: Goodra|slp|[msg]
|-fieldend|move: Trick Room
|upkeep
|
|t:|1784432791
|switch|p2a: Altaria|Altaria, L50, F|100/100
|-ability|p2a: Altaria|Cloud Nine
|turn|6
|
|t:|1784432815
|switch|p1a: Mawile|Mawile, L50, M|100/100
|detailschange|p2a: Altaria|Altaria-Mega, L50, F
|-mega|p2a: Altaria|Altaria|Altarianite
|move|p1b: Basculegion|Last Respects|p2a: Altaria
|-damage|p2a: Altaria|39/100
|move|p2a: Altaria|Alluring Voice|p1b: Basculegion
|-damage|p1b: Basculegion|61/100
|move|p2b: Goodra|Draco Meteor|p1a: Mawile
|-immune|p1a: Mawile
|
|-weather|RainDance|[upkeep]
|upkeep
|turn|7
|
|t:|1784432864
|detailschange|p1a: Mawile|Mawile-Mega, L50, M
|-mega|p1a: Mawile|Mawile|Mawilite
|move|p1b: Basculegion|Last Respects|p2a: Altaria
|-damage|p2a: Altaria|0 fnt
|faint|p2a: Altaria
|move|p2b: Goodra|Toxic|p1b: Basculegion
|-status|p1b: Basculegion|tox
|move|p1a: Mawile|Play Rough|p2b: Goodra
|-supereffective|p2b: Goodra|1
|-damage|p2b: Goodra|0 fnt
|faint|p2b: Goodra
|
|-weather|RainDance|[upkeep]
|-damage|p1b: Basculegion|54/100 tox|[from] psn
|upkeep
|
|t:|1784432882
|switch|p2b: Lycanroc|Lycanroc, L50, M|1/100
|turn|8
|
|t:|1784432890
|move|p1b: Basculegion|Aqua Jet|p2b: Lycanroc
|-supereffective|p2b: Lycanroc|1
|-damage|p2b: Lycanroc|0 fnt
|faint|p2b: Lycanroc
|
|win|puffinbee
|c|☆puffinbee|gg
|c|☆Sky_Yagami95|GG
|c|☆puffinbee|ill send replays
|c|☆Sky_Yagami95|Ok thanks
|l|☆Sky_Yagami95
|player|p2|
