|j|☆moicito
|j|☆Lord_of_Ewoks
|html|moicitoLord_of_Ewoks    
|uhtml|bestof|Game 3 of a best-of-3
|t:|1756959217
|gametype|doubles
|player|p1|moicito|caitlin|1151
|player|p2|Lord_of_Ewoks|101|1107
|gen|9
|tier|[Gen 9] VGC 2025 Reg H (Bo3)
|rated|
|rule|Species Clause: Limit one of each Pokémon
|rule|Item Clause: Limit 1 of each item
|clearpoke
|poke|p1|Kingambit, L50, F|
|poke|p1|Rillaboom, L50, F|
|poke|p1|Magmar, L50, M|
|poke|p1|Primarina, L50, M|
|poke|p1|Sneasler, L50, F|
|poke|p1|Dragapult, L50, F|
|poke|p2|Blaziken, L50, F|
|poke|p2|Primarina, L50, M|
|poke|p2|Serperior, L50, F|
|poke|p2|Incineroar, L50, F|
|poke|p2|Indeedee-F, L50, F|
|poke|p2|Dragapult, L50, M|
|teampreview|4
|showteam|p1|Kingambit||BlackGlasses|Defiant|Protect,KowtowCleave,SuckerPunch,SwordsDance|||F|||50|,,,,,Ghost]Rillaboom||AssaultVest|GrassySurge|WoodHammer,GrassyGlide,HighHorsepower,FakeOut|||F|||50|,,,,,Fire]Magmar||Eviolite|VitalSpirit|Overheat,WillOWisp,FollowMe,Protect|||M|||50|,,,,,Ghost]Primarina||SitrusBerry|LiquidVoice|HyperVoice,Moonblast,Haze,Protect|||M|||50|,,,,,Water]Sneasler||FocusSash|PoisonTouch|CloseCombat,DireClaw,Coaching,FakeOut|||F|||50|,,,,,Stellar]Dragapult||ChoiceBand|ClearBody|DragonDarts,TeraBlast,PhantomForce,Uturn|||F|||50|,,,,,Steel
|showteam|p2|Blaziken||ClearAmulet|SpeedBoost|FirePledge,CloseCombat,RockSlide,Protect|||F|||50|,,,,,Dark]Primarina||LifeOrb|LiquidVoice|HyperVoice,Moonblast,WaterPledge,Protect|||M|||50|,,,,,Poison]Serperior||FocusSash|Contrary|LeafStorm,TeraBlast,GrassPledge,Protect|||F|||50|,,,,,Stellar]Incineroar||SitrusBerry|Intimidate|FakeOut,PartingShot,KnockOff,WillOWisp|||F|||50|,,,,,Ghost]Indeedee-F||SafetyGoggles|PsychicSurge|FollowMe,Protect,TrickRoom,Psychic|||F|||50|,,,,,Dark]Dragapult||ChoiceBand|ClearBody|DragonDarts,PhantomForce,Uturn,PsychicFangs|||M|||50|,,,,,Dragon
|inactive|Battle timer is ON: inactive players will automatically lose when time's up. (requested by Lord_of_Ewoks)
|
|t:|1756959248
|teamsize|p1|4
|teamsize|p2|4
|start
|switch|p1a: Magmar|Magmar, L50, M|100/100
|switch|p1b: Kingii|Kingambit, L50, F, shiny|100/100
|switch|p2a: Blaziken|Blaziken, L50, F|100/100
|switch|p2b: Serperior|Serperior, L50, F|100/100
|turn|1
|
|t:|1756959269
|move|p1a: Magmar|Follow Me|p1a: Magmar
|-singleturn|p1a: Magmar|move: Follow Me
|move|p2b: Serperior|Leaf Storm|p1a: Magmar
|-resisted|p1a: Magmar
|-damage|p1a: Magmar|82/100
|-boost|p2b: Serperior|spa|2
|move|p2a: Blaziken|Rock Slide|p1a: Magmar|[spread] p1a,p1b
|-supereffective|p1a: Magmar
|-resisted|p1b: Kingii
|-damage|p1a: Magmar|54/100
|-damage|p1b: Kingii|93/100
|move|p1b: Kingii|Swords Dance|p1b: Kingii
|-boost|p1b: Kingii|atk|2
|
|-ability|p2a: Blaziken|Speed Boost|boost
|-boost|p2a: Blaziken|spe|1
|upkeep
|turn|2
|inactive|moicito has 30 seconds left.
|inactive|Lord_of_Ewoks has 30 seconds left.
|
|t:|1756959297
|-terastallize|p2b: Serperior|Stellar
|move|p2a: Blaziken|Protect|p2a: Blaziken
|-singleturn|p2a: Blaziken|Protect
|move|p1b: Kingii|Protect|p1b: Kingii
|-singleturn|p1b: Kingii|Protect
|move|p2b: Serperior|Tera Blast|p1b: Kingii|[anim] Tera Blast Stellar
|-activate|p1b: Kingii|move: Protect
|move|p1a: Magmar|Overheat|p2b: Serperior
|-supereffective|p2b: Serperior
|-enditem|p2b: Serperior|Focus Sash
|-damage|p2b: Serperior|1/100
|-unboost|p1a: Magmar|spa|2
|
|-ability|p2a: Blaziken|Speed Boost|boost
|-boost|p2a: Blaziken|spe|1
|upkeep
|turn|3
|inactive|moicito has 30 seconds left.
|
|t:|1756959327
|switch|p2a: Indeedee|Indeedee-F, L50, F|100/100
|-fieldstart|move: Psychic Terrain|[from] ability: Psychic Surge|[of] p2a: Indeedee
|move|p1a: Magmar|Follow Me|p1a: Magmar
|-singleturn|p1a: Magmar|move: Follow Me
|move|p1b: Kingii|Sucker Punch||[still]
|-fail|p1b: Kingii
|move|p2b: Serperior|Tera Blast|p1a: Magmar|[anim] Tera Blast Stellar
|-damage|p1a: Magmar|13/100
|-boost|p2b: Serperior|atk|1
|-boost|p2b: Serperior|spa|1
|
|upkeep
|turn|4
|inactive|moicito has 30 seconds left.
|inactive|Lord_of_Ewoks has 30 seconds left.
|inactive|Lord_of_Ewoks has 20 seconds left.
|
|t:|1756959363
|switch|p1a: Rilli|Rillaboom, L50, F, shiny|100/100
|-fieldstart|move: Grassy Terrain|[from] ability: Grassy Surge|[of] p1a: Rilli
|move|p2a: Indeedee|Follow Me|p2a: Indeedee
|-singleturn|p2a: Indeedee|move: Follow Me
|move|p2b: Serperior|Tera Blast|p1b: Kingii|[anim] Tera Blast Stellar
|-damage|p1b: Kingii|39/100
|-boost|p2b: Serperior|atk|1
|-boost|p2b: Serperior|spa|1
|move|p1b: Kingii|Kowtow Cleave|p2a: Indeedee
|-supereffective|p2a: Indeedee
|-damage|p2a: Indeedee|0 fnt
|faint|p2a: Indeedee
|
|-heal|p2b: Serperior|7/100|[from] Grassy Terrain
|-heal|p1b: Kingii|44/100|[from] Grassy Terrain
|upkeep
|
|t:|1756959378
|switch|p2a: Blaziken|Blaziken, L50, F|100/100
|turn|5
|
|t:|1756959392
|move|p2b: Serperior|Protect|p2b: Serperior
|-singleturn|p2b: Serperior|Protect
|move|p2a: Blaziken|Protect|p2a: Blaziken
|-singleturn|p2a: Blaziken|Protect
|move|p1a: Rilli|Fake Out|p2a: Blaziken
|-activate|p2a: Blaziken|move: Protect
|move|p1b: Kingii|Sucker Punch||[still]
|-fail|p1b: Kingii
|
|-heal|p2b: Serperior|13/100|[from] Grassy Terrain
|-heal|p1b: Kingii|50/100|[from] Grassy Terrain
|-ability|p2a: Blaziken|Speed Boost|boost
|-boost|p2a: Blaziken|spe|1
|upkeep
|turn|6
|
|t:|1756959416
|-terastallize|p1b: Kingii|Ghost
|move|p2b: Serperior|Protect|p2b: Serperior
|-singleturn|p2b: Serperior|Protect
|move|p1a: Rilli|Grassy Glide|p2b: Serperior
|-activate|p2b: Serperior|move: Protect
|move|p1b: Kingii|Sucker Punch|p2a: Blaziken
|-resisted|p2a: Blaziken
|-damage|p2a: Blaziken|17/100
|move|p2a: Blaziken|Close Combat|p1b: Kingii
|-immune|p1b: Kingii
|
|-heal|p2a: Blaziken|22/100|[from] Grassy Terrain
|-heal|p2b: Serperior|19/100|[from] Grassy Terrain
|-heal|p1b: Kingii|56/100|[from] Grassy Terrain
|-ability|p2a: Blaziken|Speed Boost|boost
|-boost|p2a: Blaziken|spe|1
|upkeep
|turn|7
|inactive|moicito has 30 seconds left.
|
|t:|1756959444
|move|p1a: Rilli|Grassy Glide|p2a: Blaziken
|-resisted|p2a: Blaziken
|-damage|p2a: Blaziken|0 fnt
|faint|p2a: Blaziken
|move|p1b: Kingii|Sucker Punch|p2b: Serperior
|-damage|p2b: Serperior|0 fnt
|faint|p2b: Serperior
|
|-heal|p1b: Kingii|62/100|[from] Grassy Terrain
|upkeep
|-message|Lord_of_Ewoks forfeited.
|
|win|moicito
|raw|moicito's rating: 1151 → 1173(+22 for winning)
|raw|Lord_of_Ewoks's rating: 1107 → 1085(-22 for losing)
|c|☆moicito|ggs
|l|☆Lord_of_Ewoks
|player|p2|
