|j|☆VGCsoul
|j|‽Juaner95
|html|VGCsoulJuaner95    
|uhtml|bestof|Game 2 of a best-of-3
|t:|1783646028
|gametype|doubles
|player|p1|VGCsoul|lance|1063
|player|p2|Juaner95|ash-johto|1040
|gen|9
|tier|[Gen 9 Champions] VGC 2026 Reg M-B (Bo3)
|rated|
|rule|Species Clause: Limit one of each Pokémon
|rule|Item Clause: Limit 1 of each item
|clearpoke
|poke|p1|Gengar, L50, M|
|poke|p1|Politoed, L50, F|
|poke|p1|Archaludon, L50, M|
|poke|p1|Talonflame, L50, M|
|poke|p1|Swampert, L50, M|
|poke|p1|Meowscarada, L50, M|
|poke|p2|Scovillain, L50, M|
|poke|p2|Basculegion, L50, M, shiny|
|poke|p2|Sylveon, L50, F, shiny|
|poke|p2|Garchomp, L50, M|
|poke|p2|Aerodactyl, L50, M|
|poke|p2|Kingambit, L50, M|
|teampreview|4
|showteam|p1|Gengar||Gengarite|CursedBody|ShadowBall,Taunt,Substitute,Protect|Timid||M|||50|]Politoed||MysticWater|Drizzle|PerishSong,HydroPump,IceBeam,Protect|Calm||F|||50|]Archaludon||Leftovers|Stamina|FlashCannon,DracoMeteor,Thunder,Protect|Timid||M|||50|]Talonflame||SharpBeak|GaleWings|BraveBird,Tailwind,FlareBlitz,Protect|Jolly||M|||50|]Swampert||Swampertite|Torrent|Liquidation,HighHorsepower,IcePunch,Protect|Adamant||M|||50|]Meowscarada||LifeOrb|Protean|FlowerTrick,ShadowClaw,PlayRough,KnockOff|Jolly||M|||50|
|showteam|p2|Scovillain||Scovillainite|Moody|Overheat,LeechSeed,RagePowder,Protect|Calm||M|||50|]Basculegion||ChoiceScarf|Adaptability|WaveCrash,LastRespects,FlipTurn,AquaJet|Jolly||M|||50|]Sylveon||FairyFeather|Pixilate|HyperVoice,HyperBeam,QuickAttack,Detect|Modest||F|||50|]Garchomp||SitrusBerry|RoughSkin|Earthquake,DragonClaw,PoisonJab,Protect|Adamant||M|||50|]Aerodactyl||Aerodactylite|Unnerve|RockSlide,DualWingbeat,Tailwind,Protect|Jolly||M|||50|]Kingambit||FocusSash|Defiant|KowtowCleave,IronHead,LowKick,SuckerPunch|Adamant||M|||50|
|inactive|Battle timer is ON: inactive players will automatically lose when time's up. (requested by VGCsoul)
|inactive|Juaner95 has 60 seconds left.
|inactive|Juaner95 has 30 seconds left.
|inactive|Juaner95 has 20 seconds left.
|
|t:|1783646243
|teamsize|p1|4
|teamsize|p2|4
|start
|switch|p1a: Gengar|Gengar, L50, M|100/100
|switch|p1b: Politoed|Politoed, L50, F|100/100
|switch|p2a: Aerodactyl|Aerodactyl, L50, M|100/100
|switch|p2b: Basculegion|Basculegion, L50, M, shiny|100/100
|-ability|p2a: Aerodactyl|Unnerve
|-weather|RainDance|[from] ability: Drizzle|[of] p1b: Politoed
|turn|1
|
|t:|1783646258
|detailschange|p2a: Aerodactyl|Aerodactyl-Mega, L50, M
|-mega|p2a: Aerodactyl|Aerodactyl|Aerodactylite
|detailschange|p1a: Gengar|Gengar-Mega, L50, M
|-mega|p1a: Gengar|Gengar|Gengarite
|move|p2a: Aerodactyl|Tailwind|p2a: Aerodactyl
|-sidestart|p2: Juaner95|move: Tailwind
|move|p2b: Basculegion|Flip Turn|p1a: Gengar
|-damage|p1a: Gengar|29/100
|
|t:|1783646266
|switch|p2b: Garchomp|Garchomp, L50, M|100/100|[from] Flip Turn
|move|p1a: Gengar|Substitute|p1a: Gengar
|-start|p1a: Gengar|Substitute
|-damage|p1a: Gengar|4/100
|move|p1b: Politoed|Perish Song|p1b: Politoed
|-start|p1a: Gengar|perish3|[silent]
|-start|p1b: Politoed|perish3|[silent]
|-start|p2a: Aerodactyl|perish3|[silent]
|-start|p2b: Garchomp|perish3|[silent]
|-fieldactivate|move: Perish Song
|
|-weather|RainDance|[upkeep]
|-start|p2a: Aerodactyl|perish3
|-start|p2b: Garchomp|perish3
|-start|p1a: Gengar|perish3
|-start|p1b: Politoed|perish3
|upkeep
|turn|2
|inactive|VGCsoul has 30 seconds left.
|
|t:|1783646292
|move|p1a: Gengar|Protect|p1a: Gengar
|-singleturn|p1a: Gengar|Protect
|move|p2a: Aerodactyl|Rock Slide|p1a: Gengar|[spread] p1b
|-activate|p1a: Gengar|move: Protect
|-damage|p1b: Politoed|70/100
|move|p2b: Garchomp|Earthquake|p1a: Gengar|[spread] p1b
|-activate|p1a: Gengar|move: Protect
|-immune|p2a: Aerodactyl
|-damage|p1b: Politoed|24/100
|move|p1b: Politoed|Hydro Pump|p2a: Aerodactyl
|-supereffective|p2a: Aerodactyl|1
|-damage|p2a: Aerodactyl|0 fnt
|faint|p2a: Aerodactyl
|
|-weather|RainDance|[upkeep]
|-start|p2b: Garchomp|perish2
|-start|p1a: Gengar|perish2
|-start|p1b: Politoed|perish2
|upkeep
|
|t:|1783646305
|switch|p2a: Basculegion|Basculegion, L50, M, shiny|100/100
|turn|3
|
|t:|1783646322
|move|p1b: Politoed|Protect|p1b: Politoed
|-singleturn|p1b: Politoed|Protect
|move|p2a: Basculegion|Flip Turn|p1a: Gengar
|-end|p1a: Gengar|Substitute
|
|t:|1783646328
|switch|p2a: Sylveon|Sylveon, L50, F, shiny|100/100|[from] Flip Turn
|move|p2b: Garchomp|Dragon Claw|p1a: Gengar
|-damage|p1a: Gengar|0 fnt
|faint|p1a: Gengar
|
|-weather|RainDance|[upkeep]
|-start|p2b: Garchomp|perish1
|-start|p1b: Politoed|perish1
|upkeep
|
|t:|1783646339
|switch|p1a: Archaludon|Archaludon, L50, M|100/100
|turn|4
|
|t:|1783646347
|switch|p2b: Basculegion|Basculegion, L50, M, shiny|100/100
|switch|p1b: Talonflame|Talonflame, L50, M|100/100
|move|p2a: Sylveon|Hyper Voice|p1a: Archaludon|[spread] p1a,p1b
|-resisted|p1b: Talonflame|1
|-damage|p1a: Archaludon|31/100
|-damage|p1b: Talonflame|60/100
|-ability|p1a: Archaludon|Stamina|boost
|-boost|p1a: Archaludon|def|1
|move|p1a: Archaludon|Draco Meteor|p2b: Basculegion
|-damage|p2b: Basculegion|20/100r
|-unboost|p1a: Archaludon|spa|2
|
|-weather|RainDance|[upkeep]
|-heal|p1a: Archaludon|37/100|[from] item: Leftovers
|-sideend|p2: Juaner95|move: Tailwind
|upkeep
|turn|5
|
|t:|1783646368
|move|p2b: Basculegion|Flip Turn|p1b: Talonflame
|-supereffective|p1b: Talonflame|1
|-damage|p1b: Talonflame|0 fnt
|faint|p1b: Talonflame
|
|t:|1783646372
|switch|p2b: Garchomp|Garchomp, L50, M|100/100|[from] Flip Turn
|move|p1a: Archaludon|Flash Cannon|p2a: Sylveon
|-supereffective|p2a: Sylveon|1
|-damage|p2a: Sylveon|72/100
|move|p2a: Sylveon|Hyper Voice|p1a: Archaludon
|-damage|p1a: Archaludon|0 fnt
|faint|p1a: Archaludon
|
|-weather|none
|upkeep
|-message|VGCsoul forfeited.
|
|win|Juaner95
|raw|VGCsoul's rating: 1063 → 1042(-21 for losing)
|raw|Juaner95's rating: 1040 → 1076(+36 for winning)
|l|☆VGCsoul
|player|p1|
