|j|☆chocokoala vgc
|j|☆trevYAH
|html|chocokoala vgctrevYAH    
|uhtml|bestof|Game 2 of a best-of-3
|t:|1784729266
|gametype|doubles
|player|p1|chocokoala vgc|benga|1265
|player|p2|trevYAH|trevor|1349
|gen|9
|tier|[Gen 9 Champions] VGC 2026 Reg M-B (Bo3)
|rated|
|rule|Species Clause: Limit one of each Pokémon
|rule|Item Clause: Limit 1 of each item
|clearpoke
|poke|p1|Scovillain, L50, F|
|poke|p1|Primarina, L50, F|
|poke|p1|Aerodactyl, L50, M|
|poke|p1|Garchomp, L50, F|
|poke|p1|Gholdengo, L50|
|poke|p1|Grimmsnarl, L50, M|
|poke|p2|Blaziken, L50, M, shiny|
|poke|p2|Kingambit, L50, F, shiny|
|poke|p2|Dragonite, L50, F, shiny|
|poke|p2|Ninetales-Alola, L50, M, shiny|
|poke|p2|Gengar, L50, F, shiny|
|poke|p2|Incineroar, L50, F, shiny|
|teampreview|4
|showteam|p1|Scovillain||Scovillainite|Moody|Flamethrower,GigaDrain,Protect,RagePowder|Bold||F|||50|]Primarina||Leftovers|LiquidVoice|HyperVoice,Moonblast,Protect,CalmMind|Modest||F|||50|]Aerodactyl||Aerodactylite|Unnerve|RockSlide,DualWingbeat,Protect,Tailwind|Jolly||M|||50|]Garchomp||SoftSand|RoughSkin|Earthquake,StompingTantrum,Protect,DragonClaw|Jolly||F|||50|]Gholdengo||LifeOrb|GoodasGold|MakeItRain,ShadowBall,Protect,NastyPlot|Modest|||||50|]Grimmsnarl||LightClay|Prankster|LightScreen,Reflect,PartingShot,SpiritBreak|Sassy||M|||50|
|showteam|p2|Blaziken||Blazikenite|SpeedBoost|CloseCombat,RockSlide,FlareBlitz,Detect|Adamant||M|||50|]Kingambit||LifeOrb|Defiant|KowtowCleave,IronHead,SuckerPunch,Protect|Adamant||F|||50|]Dragonite||HabanBerry|InnerFocus|DragonClaw,LowKick,ExtremeSpeed,Protect|Adamant||F|||50|]Ninetales-Alola||FocusSash|SnowWarning|Blizzard,FreezeDry,Encore,Protect|Timid||M|||50|]Gengar||Gengarite|CursedBody|ShadowBall,Disable,PerishSong,Protect|Modest||F|||50|]Incineroar||SitrusBerry|Intimidate|FlareBlitz,PartingShot,FakeOut,Protect|Relaxed||F|||50|
|inactive|Battle timer is ON: inactive players will automatically lose when time's up. (requested by chocokoala vgc)
|
|t:|1784729287
|teamsize|p1|4
|teamsize|p2|4
|start
|switch|p1a: Scovillain|Scovillain, L50, F|100/100
|switch|p1b: Gholdengo|Gholdengo, L50|100/100
|switch|p2a: The Cure|Ninetales-Alola, L50, M, shiny|100/100
|switch|p2b: Expectations|Gengar, L50, F, shiny|100/100
|-weather|Snowscape|[from] ability: Snow Warning|[of] p2a: The Cure
|turn|1
|
|t:|1784729299
|switch|p2a: Begged|Incineroar, L50, F, shiny|100/100
|-ability|p2a: Begged|Intimidate|boost
|-unboost|p1a: Scovillain|atk|1
|-unboost|p1b: Gholdengo|atk|1
|detailschange|p2b: Expectations|Gengar-Mega, L50, F, shiny
|-mega|p2b: Expectations|Gengar|Gengarite
|detailschange|p1a: Scovillain|Scovillain-Mega, L50, F
|-mega|p1a: Scovillain|Scovillain|Scovillainite
|move|p2b: Expectations|Protect|p2b: Expectations
|-singleturn|p2b: Expectations|Protect
|move|p1a: Scovillain|Rage Powder|p1a: Scovillain
|-singleturn|p1a: Scovillain|move: Rage Powder
|move|p1b: Gholdengo|Shadow Ball|p2b: Expectations
|-activate|p2b: Expectations|move: Protect
|
|-weather|Snowscape|[upkeep]
|upkeep
|turn|2
|
|t:|1784729321
|move|p1b: Gholdengo|Protect|p1b: Gholdengo
|-singleturn|p1b: Gholdengo|Protect
|move|p2a: Begged|Fake Out|p1a: Scovillain
|-damage|p1a: Scovillain|88/100
|-immune|p2a: Begged
|move|p2b: Expectations|Shadow Ball|p1b: Gholdengo
|-activate|p1b: Gholdengo|move: Protect
|cant|p1a: Scovillain|flinch
|
|-weather|Snowscape|[upkeep]
|upkeep
|turn|3
|
|t:|1784729337
|switch|p2b: Drop Dead|Kingambit, L50, F, shiny|100/100
|switch|p1b: Garchomp|Garchomp, L50, F|100/100
|move|p1a: Scovillain|Flamethrower|p2b: Drop Dead
|-supereffective|p2b: Drop Dead|1
|-damage|p2b: Drop Dead|18/100
|move|p2a: Begged|Parting Shot|p1a: Scovillain
|-unboost|p1a: Scovillain|atk|1
|-unboost|p1a: Scovillain|spa|1
|
|t:|1784729347
|switch|p2a: Expectations|Gengar-Mega, L50, F, shiny|100/100|[from] Parting Shot
|
|-weather|Snowscape|[upkeep]
|upkeep
|turn|4
|
|t:|1784729353
|switch|p2b: Begged|Incineroar, L50, F, shiny|100/100
|-ability|p2b: Begged|Intimidate|boost
|-unboost|p1a: Scovillain|atk|1
|-unboost|p1b: Garchomp|atk|1
|move|p2a: Expectations|Protect|p2a: Expectations
|-singleturn|p2a: Expectations|Protect
|move|p1a: Scovillain|Protect|p1a: Scovillain
|-singleturn|p1a: Scovillain|Protect
|move|p1b: Garchomp|Earthquake|p2b: Begged|[spread] p2b
|-activate|p1a: Scovillain|move: Protect
|-activate|p2a: Expectations|move: Protect
|-supereffective|p2b: Begged|1
|-damage|p2b: Begged|57/100
|
|-weather|Snowscape|[upkeep]
|upkeep
|turn|5
|
|t:|1784729368
|move|p2b: Begged|Fake Out|p1b: Garchomp
|-damage|p1b: Garchomp|89/100
|-damage|p2b: Begged|44/100|[from] ability: Rough Skin|[of] p1b: Garchomp
|-enditem|p2b: Begged|Sitrus Berry|[eat]
|-heal|p2b: Begged|69/100|[from] item: Sitrus Berry
|cant|p1b: Garchomp|flinch
|move|p2a: Expectations|Perish Song|p2a: Expectations
|-start|p1a: Scovillain|perish3|[silent]
|-start|p1b: Garchomp|perish3|[silent]
|-start|p2a: Expectations|perish3|[silent]
|-start|p2b: Begged|perish3|[silent]
|-fieldactivate|move: Perish Song
|move|p1a: Scovillain|Flamethrower|p2a: Expectations
|-damage|p2a: Expectations|74/100
|
|-weather|none
|-start|p1b: Garchomp|perish3
|-start|p2a: Expectations|perish3
|-start|p1a: Scovillain|perish3
|-start|p2b: Begged|perish3
|upkeep
|turn|6
|
|t:|1784729385
|move|p2a: Expectations|Protect|p2a: Expectations
|-singleturn|p2a: Expectations|Protect
|move|p2b: Begged|Protect|p2b: Begged
|-singleturn|p2b: Begged|Protect
|move|p1b: Garchomp|Stomping Tantrum|p2a: Expectations
|-activate|p2a: Expectations|move: Protect
|move|p1a: Scovillain|Flamethrower|p2a: Expectations
|-activate|p2a: Expectations|move: Protect
|
|-start|p1b: Garchomp|perish2
|-start|p2a: Expectations|perish2
|-start|p1a: Scovillain|perish2
|-start|p2b: Begged|perish2
|upkeep
|turn|7
|
|t:|1784729395
|switch|p2a: Drop Dead|Kingambit, L50, F, shiny|18/100
|move|p1a: Scovillain|Protect|p1a: Scovillain
|-singleturn|p1a: Scovillain|Protect
|move|p1b: Garchomp|Earthquake|p2a: Drop Dead|[spread] p2a,p2b
|-activate|p1a: Scovillain|move: Protect
|-supereffective|p2a: Drop Dead|1
|-crit|p2a: Drop Dead
|-supereffective|p2b: Begged|1
|-damage|p2a: Drop Dead|0 fnt
|-damage|p2b: Begged|26/100
|faint|p2a: Drop Dead
|move|p2b: Begged|Parting Shot|p1b: Garchomp
|-unboost|p1b: Garchomp|atk|1
|-unboost|p1b: Garchomp|spa|1
|
|t:|1784729405
|switch|p2b: Expectations|Gengar-Mega, L50, F, shiny|74/100|[from] Parting Shot
|
|-start|p1b: Garchomp|perish1
|-start|p1a: Scovillain|perish1
|upkeep
|
|t:|1784729413
|switch|p2a: The Cure|Ninetales-Alola, L50, M, shiny|100/100
|-weather|Snowscape|[from] ability: Snow Warning|[of] p2a: The Cure
|turn|8
|
|t:|1784729419
|move|p2a: The Cure|Protect|p2a: The Cure
|-singleturn|p2a: The Cure|Protect
|move|p2b: Expectations|Protect|p2b: Expectations
|-singleturn|p2b: Expectations|Protect
|move|p1b: Garchomp|Earthquake|p2a: The Cure|[spread] p1a
|-activate|p2a: The Cure|move: Protect
|-activate|p2b: Expectations|move: Protect
|-damage|p1a: Scovillain|65/100
|-status|p1b: Garchomp|brn|[from] ability: Spicy Spray|[of] p1a: Scovillain
|move|p1a: Scovillain|Flamethrower|p2a: The Cure
|-activate|p2a: The Cure|move: Protect
|
|-weather|Snowscape|[upkeep]
|-damage|p1b: Garchomp|83/100 brn|[from] brn
|-start|p1b: Garchomp|perish0
|-start|p1a: Scovillain|perish0
|faint|p1b: Garchomp
|faint|p1a: Scovillain
|upkeep
|
|t:|1784729423
|switch|p1b: Primarina|Primarina, L50, F|100/100
|switch|p1a: Gholdengo|Gholdengo, L50|100/100
|turn|9
|
|t:|1784729429
|move|p1a: Gholdengo|Protect|p1a: Gholdengo
|-singleturn|p1a: Gholdengo|Protect
|move|p2a: The Cure|Blizzard|p1a: Gholdengo|[spread] p1b
|-activate|p1a: Gholdengo|move: Protect
|-resisted|p1b: Primarina|1
|-damage|p1b: Primarina|87/100
|move|p2b: Expectations|Shadow Ball|p1a: Gholdengo
|-activate|p1a: Gholdengo|move: Protect
|move|p1b: Primarina|Hyper Voice|p2a: The Cure|[spread] p2a,p2b
|-damage|p2a: The Cure|59/100
|-damage|p2b: Expectations|39/100
|
|-weather|Snowscape|[upkeep]
|-heal|p1b: Primarina|93/100|[from] item: Leftovers
|upkeep
|turn|10
|
|t:|1784729445
|move|p2a: The Cure|Blizzard|p1a: Gholdengo|[spread] p1a,p1b
|-resisted|p1a: Gholdengo|1
|-resisted|p1b: Primarina|1
|-damage|p1a: Gholdengo|82/100
|-damage|p1b: Primarina|79/100
|move|p2b: Expectations|Shadow Ball|p1a: Gholdengo
|-supereffective|p1a: Gholdengo|1
|-damage|p1a: Gholdengo|0 fnt
|faint|p1a: Gholdengo
|move|p1b: Primarina|Hyper Voice|p2a: The Cure|[spread] p2a,p2b
|-crit|p2b: Expectations
|-damage|p2a: The Cure|17/100
|-damage|p2b: Expectations|0 fnt
|faint|p2b: Expectations
|
|-weather|Snowscape|[upkeep]
|-heal|p1b: Primarina|85/100|[from] item: Leftovers
|upkeep
|
|t:|1784729448
|switch|p2b: Begged|Incineroar, L50, F, shiny|26/100
|-ability|p2b: Begged|Intimidate|boost
|-unboost|p1b: Primarina|atk|1
|turn|11
|
|t:|1784729459
|move|p2b: Begged|Fake Out|p1b: Primarina
|-damage|p1b: Primarina|72/100
|move|p2a: The Cure|Freeze-Dry|p1b: Primarina
|-supereffective|p1b: Primarina|1
|-damage|p1b: Primarina|29/100
|cant|p1b: Primarina|flinch
|
|-weather|Snowscape|[upkeep]
|-heal|p1b: Primarina|35/100|[from] item: Leftovers
|upkeep
|turn|12
|
|t:|1784729471
|move|p2a: The Cure|Freeze-Dry|p1b: Primarina
|-supereffective|p1b: Primarina|1
|-damage|p1b: Primarina|0 fnt
|faint|p1b: Primarina
|
|win|trevYAH
|raw|chocokoala vgc's rating: 1265 → 1246(-19 for losing)
|raw|trevYAH's rating: 1349 → 1364(+15 for winning)
