|j|☆Ciccoismadatme
|j|☆piase
|html|Ciccoismadatmepiase    
|uhtml|bestof|Game 2 of a best-of-3
|t:|1784677821
|gametype|doubles
|player|p1|Ciccoismadatme|ghetsis|
|player|p2|piase|cynthia-gen4|
|gen|9
|tier|[Gen 9 Champions] VGC 2026 Reg M-B (Bo3)
|rule|Species Clause: Limit one of each Pokémon
|rule|Item Clause: Limit 1 of each item
|clearpoke
|poke|p1|Kingambit, L50, M|
|poke|p1|Dragonite, L50, M|
|poke|p1|Raichu, L50, F|
|poke|p1|Umbreon, L50, F|
|poke|p1|Charizard, L50, M|
|poke|p1|Aggron, L50, M|
|poke|p2|Hawlucha, L50, F, shiny|
|poke|p2|Dragapult, L50, F, shiny|
|poke|p2|Krookodile, L50, F, shiny|
|poke|p2|Typhlosion, L50, F, shiny|
|poke|p2|Tsareena, L50, F, shiny|
|poke|p2|Jolteon, L50, F, shiny|
|teampreview|4
|showteam|p1|Kingambit||BlackGlasses|SupremeOverlord|KowtowCleave,IronHead,SuckerPunch,Protect|Adamant||M|||50|]Dragonite||LumBerry|Multiscale|ExtremeSpeed,DragonClaw,StompingTantrum,Protect|Adamant||M|||50|]Raichu||FocusSash|LightningRod|FakeOut,Nuzzle,VoltSwitch,Protect|Timid||F|||50|]Umbreon||Leftovers|InnerFocus|FoulPlay,HelpingHand,Wish,Protect|Calm||F|||50|]Charizard||CharizarditeX|Blaze|DragonClaw,DragonDance,FlareBlitz,Protect|Adamant||M|||50|]Aggron||Aggronite|Sturdy|BodyPress,HeavySlam,Protect,RockSlide|Relaxed||M|||50|
|showteam|p2|Hawlucha||Hawluchanite|Limber|LowKick,Detect,Entrainment,Encore|Jolly||F|||50|]Dragapult||LifeOrb|ClearBody|DragonDarts,Protect,PhantomForce,Uturn|Jolly||F|||50|]Krookodile||SitrusBerry|Intimidate|Earthquake,Protect,RockSlide,Fissure|Jolly||F|||50|]Typhlosion||ChoiceScarf|FlashFire|Eruption,Protect,ScorchingSands,Extrasensory|Timid||F|||50|]Tsareena||LightClay|QueenlyMajesty|TripleAxel,Reflect,LightScreen,Protect|Impish||F|||50|]Jolteon||Leftovers|VoltAbsorb|Discharge,Yawn,VoltSwitch,ThunderWave|Timid||F|||50|
|j| endras125
|
|t:|1784677863
|teamsize|p1|4
|teamsize|p2|4
|start
|switch|p1a: Raichu|Raichu, L50, F|100/100
|switch|p1b: Charizard|Charizard, L50, M|100/100
|switch|p2a: Hawlucha|Hawlucha, L50, F, shiny|100/100
|switch|p2b: Dragapult|Dragapult, L50, F, shiny|100/100
|turn|1
|
|t:|1784677906
|detailschange|p1b: Charizard|Charizard-Mega-X, L50, M
|-mega|p1b: Charizard|Charizard|Charizardite X
|move|p2a: Hawlucha|Detect|p2a: Hawlucha
|-singleturn|p2a: Hawlucha|Protect
|move|p1a: Raichu|Protect|p1a: Raichu
|-singleturn|p1a: Raichu|Protect
|move|p1b: Charizard|Protect|p1b: Charizard
|-singleturn|p1b: Charizard|Protect
|move|p2b: Dragapult|Dragon Darts|p1b: Charizard
|-activate|p1a: Raichu|move: Protect
|
|upkeep
|turn|2
|
|t:|1784677938
|move|p2b: Dragapult|U-turn|p1a: Raichu
|-damage|p1a: Raichu|38/100
|-damage|p2b: Dragapult|90/100|[from] item: Life Orb
|
|t:|1784677943
|switch|p2b: Krookodile|Krookodile, L50, F, shiny|100/100|[from] U-turn
|-ability|p2b: Krookodile|Intimidate|boost
|-unboost|p1a: Raichu|atk|1
|-unboost|p1b: Charizard|atk|1
|move|p2a: Hawlucha|Encore|p1b: Charizard
|-start|p1b: Charizard|Encore
|move|p1b: Charizard|Protect|p1b: Charizard
|-singleturn|p1b: Charizard|Protect
|move|p1a: Raichu|Nuzzle|p2a: Hawlucha
|-supereffective|p2a: Hawlucha|1
|-damage|p2a: Hawlucha|89/100
|
|upkeep
|turn|3
|j| mrpokemon33
|
|t:|1784677979
|detailschange|p2a: Hawlucha|Hawlucha-Mega, L50, F, shiny
|-mega|p2a: Hawlucha|Hawlucha|Hawluchanite
|move|p1a: Raichu|Protect|p1a: Raichu
|-singleturn|p1a: Raichu|Protect
|move|p1b: Charizard|Protect||[still]
|-fail|p1b: Charizard
|move|p2a: Hawlucha|Entrainment|p2b: Krookodile
|-ability|p2b: Krookodile|No Guard|Intimidate|[from] move: Entrainment|[of] p2a: Hawlucha
|move|p2b: Krookodile|Fissure|p1b: Charizard
|-damage|p1b: Charizard|0 fnt
|faint|p1b: Charizard
|-ohko
|
|upkeep
|
|t:|1784678011
|switch|p1b: Dragonite|Dragonite, L50, M|100/100
|turn|4
|
|t:|1784678044
|move|p2a: Hawlucha|Detect|p2a: Hawlucha
|-singleturn|p2a: Hawlucha|Protect
|move|p1b: Dragonite|Extreme Speed|p2b: Krookodile
|-damage|p2b: Krookodile|69/100
|move|p2b: Krookodile|Rock Slide|p1b: Dragonite|[spread] p1a,p1b
|-supereffective|p1b: Dragonite|1
|-damage|p1a: Raichu|0 fnt
|-damage|p1b: Dragonite|80/100
|faint|p1a: Raichu
|
|upkeep
|
|t:|1784678055
|switch|p1a: Kingambit|Kingambit, L50, M|100/100
|-activate|p1a: Kingambit|ability: Supreme Overlord
|-start|p1a: Kingambit|fallen2|[silent]
|turn|5
|
|t:|1784678070
|move|p2b: Krookodile|Protect|p2b: Krookodile
|-singleturn|p2b: Krookodile|Protect
|move|p1b: Dragonite|Extreme Speed|p2a: Hawlucha
|-damage|p2a: Hawlucha|64/100
|move|p2a: Hawlucha|Low Kick|p1a: Kingambit
|-supereffective|p1a: Kingambit|2
|-damage|p1a: Kingambit|0 fnt
|faint|p1a: Kingambit
|-end|p1a: Kingambit|fallen2|[silent]
|
|upkeep
|turn|6
|
|t:|1784678088
|switch|p2b: Dragapult|Dragapult, L50, F, shiny|90/100
|move|p1b: Dragonite|Protect|p1b: Dragonite
|-singleturn|p1b: Dragonite|Protect
|move|p2a: Hawlucha|Encore|p1b: Dragonite
|-activate|p1b: Dragonite|move: Protect
|
|upkeep
|turn|7
|
|t:|1784678110
|move|p2b: Dragapult|Dragon Darts|p1b: Dragonite
|-supereffective|p1b: Dragonite|1
|-damage|p1b: Dragonite|8/100
|-anim|p2b: Dragapult|Dragon Darts|p1b: Dragonite
|-supereffective|p1b: Dragonite|1
|-damage|p1b: Dragonite|0 fnt
|faint|p1b: Dragonite
|-damage|p2b: Dragapult|80/100|[from] item: Life Orb
|
|win|piase
