|j|☆Beatyful
|j|☆Mahdrescher
|html|BeatyfulMahdrescher    
|uhtml|bestof|Game 1 of a best-of-3
|t:|1756824257
|gametype|doubles
|player|p1|Beatyful|miku-water|1124
|player|p2|Mahdrescher|palmer|1192
|gen|9
|tier|[Gen 9] VGC 2025 Reg H (Bo3)
|rated|
|rule|Species Clause: Limit one of each Pokémon
|rule|Item Clause: Limit 1 of each item
|clearpoke
|poke|p1|Volcarona, L50, F|
|poke|p1|Dragonite, L50, M|
|poke|p1|Annihilape, L50, M|
|poke|p1|Sneasler, L50, M|
|poke|p1|Rillaboom, L50, F|
|poke|p1|Incineroar, L50, F|
|poke|p2|Annihilape, L50, M|
|poke|p2|Rillaboom, L50, M|
|poke|p2|Gholdengo, L50|
|poke|p2|Ursaluna-Bloodmoon, L50, M|
|poke|p2|Incineroar, L50, M|
|poke|p2|Dragonite, L50, F|
|teampreview|4
|showteam|p1|Volcarona||Leftovers|FlameBody|HeatWave,TeraBlast,QuiverDance,Protect|||F|||50|,,,,,Fairy]Dragonite||LoadedDice|Multiscale|ScaleShot,ExtremeSpeed,Haze,Protect|||M|||50|,,,,,Steel]Annihilape||SafetyGoggles|Defiant|CloseCombat,RageFist,Taunt,FinalGambit|||M|||50|,,,,,Fire]Sneasler||FocusSash|Unburden|CloseCombat,DireClaw,Coaching,Protect|||M|||50|,,,,,Stellar]Rillaboom||AssaultVest|GrassySurge|WoodHammer,GrassyGlide,HighHorsepower,FakeOut|||F|||50|,,,,,Fire]Incineroar||RockyHelmet|Intimidate|FakeOut,KnockOff,FlareBlitz,PartingShot|||F|||50|,,,,,Grass
|showteam|p2|Annihilape||SafetyGoggles|Defiant|CloseCombat,RageFist,FinalGambit,Taunt|||M|||50|,,,,,Water]Rillaboom||AssaultVest|GrassySurge|WoodHammer,GrassyGlide,HighHorsepower,FakeOut|||M|||50|,,,,,Fire]Gholdengo||LifeOrb|GoodasGold|MakeItRain,ShadowBall,NastyPlot,Protect||||||50|,,,,,Water]Ursaluna-Bloodmoon||FocusSash|MindsEye|HyperVoice,BloodMoon,EarthPower,Protect|||M|||50|,,,,,Normal]Incineroar||SitrusBerry|Intimidate|FlareBlitz,KnockOff,PartingShot,FakeOut|||M|||50|,,,,,Ghost]Dragonite||LoadedDice|Multiscale|ScaleShot,Haze,Tailwind,Protect|||F|||50|,,,,,Steel
|inactive|Battle timer is ON: inactive players will automatically lose when time's up. (requested by Beatyful)
|inactive|Mahdrescher has 60 seconds left.
|
|t:|1756824379
|teamsize|p1|4
|teamsize|p2|4
|start
|switch|p1a: Annihilape|Annihilape, L50, M|100/100
|switch|p1b: Dragonite|Dragonite, L50, M|100/100
|switch|p2a: Annihilape|Annihilape, L50, M|100/100
|switch|p2b: Dragonite|Dragonite, L50, F|100/100
|turn|1
|inactive|Beatyful has 30 seconds left.
|inactive|Mahdrescher has 30 seconds left.
|inactive|Beatyful has 20 seconds left.
|inactive|Beatyful has 15 seconds left.
|inactive|Beatyful has 10 seconds left.
|inactive|Beatyful has 5 seconds left.
|
|t:|1756824434
|move|p2b: Dragonite|Protect|p2b: Dragonite
|-singleturn|p2b: Dragonite|Protect
|move|p1a: Annihilape|Rage Fist|p2a: Annihilape
|-supereffective|p2a: Annihilape
|-damage|p2a: Annihilape|57/100
|move|p2a: Annihilape|Final Gambit|p1b: Dragonite
|-damage|p1b: Dragonite|29/100
|faint|p2a: Annihilape
|move|p1b: Dragonite|Scale Shot|p2b: Dragonite
|-activate|p2b: Dragonite|move: Protect
|
|upkeep
|
|t:|1756824452
|switch|p2a: Ursaluna|Ursaluna-Bloodmoon, L50, M|100/100
|turn|2
|
|t:|1756824472
|-terastallize|p2b: Dragonite|Steel
|move|p1b: Dragonite|Protect|p1b: Dragonite
|-singleturn|p1b: Dragonite|Protect
|move|p2a: Ursaluna|Protect|p2a: Ursaluna
|-singleturn|p2a: Ursaluna|Protect
|move|p1a: Annihilape|Close Combat|p2a: Ursaluna
|-activate|p2a: Ursaluna|move: Protect
|move|p2b: Dragonite|Tailwind|p2b: Dragonite
|-sidestart|p2: Mahdrescher|move: Tailwind
|
|upkeep
|turn|3
|
|t:|1756824493
|move|p1b: Dragonite|Extreme Speed|p2a: Ursaluna
|-damage|p2a: Ursaluna|73/100
|move|p2b: Dragonite|Scale Shot|p1a: Annihilape
|-damage|p1a: Annihilape|83/100
|-damage|p1a: Annihilape|67/100
|-damage|p1a: Annihilape|51/100
|-damage|p1a: Annihilape|36/100
|-damage|p1a: Annihilape|21/100
|-hitcount|p1a: Annihilape|5
|-unboost|p2b: Dragonite|def|1
|-boost|p2b: Dragonite|spe|1
|move|p2a: Ursaluna|Hyper Voice|p1a: Annihilape|[spread] p1a,p1b
|-damage|p1a: Annihilape|0 fnt
|-damage|p1b: Dragonite|0 fnt
|faint|p1a: Annihilape
|faint|p1b: Dragonite
|
|upkeep
|
|t:|1756824516
|switch|p1a: Sneasler|Sneasler, L50, M|100/100
|switch|p1b: Volcarona|Volcarona, L50, F|100/100
|turn|4
|inactive|Mahdrescher has 30 seconds left.
|inactive|Mahdrescher has 20 seconds left.
|
|t:|1756824555
|-terastallize|p1b: Volcarona|Fairy
|move|p1a: Sneasler|Protect|p1a: Sneasler
|-singleturn|p1a: Sneasler|Protect
|move|p2b: Dragonite|Scale Shot|p1a: Sneasler
|-activate|p1a: Sneasler|move: Protect
|move|p2a: Ursaluna|Blood Moon|p1b: Volcarona
|-damage|p1b: Volcarona|15/100
|move|p1b: Volcarona|Quiver Dance|p1b: Volcarona
|-boost|p1b: Volcarona|spa|1
|-boost|p1b: Volcarona|spd|1
|-boost|p1b: Volcarona|spe|1
|
|-heal|p1b: Volcarona|22/100|[from] item: Leftovers
|upkeep
|turn|5
|inactive|Beatyful has 30 seconds left.
|inactive|Beatyful has 20 seconds left.
|inactive|Beatyful has 15 seconds left.
|
|t:|1756824598
|move|p1b: Volcarona|Protect|p1b: Volcarona
|-singleturn|p1b: Volcarona|Protect
|move|p2b: Dragonite|Scale Shot|p1a: Sneasler
|-damage|p1a: Sneasler|75/100
|-damage|p1a: Sneasler|49/100
|-damage|p1a: Sneasler|22/100
|-damage|p1a: Sneasler|0 fnt
|faint|p1a: Sneasler
|-hitcount|p1: Sneasler|4
|-unboost|p2b: Dragonite|def|1
|-boost|p2b: Dragonite|spe|1
|move|p2a: Ursaluna|Hyper Voice|p1b: Volcarona
|-activate|p1b: Volcarona|move: Protect
|
|-heal|p1b: Volcarona|28/100|[from] item: Leftovers
|-sideend|p2: Mahdrescher|move: Tailwind
|upkeep
|turn|6
|inactive|Mahdrescher has 30 seconds left.
|
|t:|1756824631
|move|p2b: Dragonite|Tailwind|p2b: Dragonite
|-sidestart|p2: Mahdrescher|move: Tailwind
|move|p1b: Volcarona|Tera Blast|p2a: Ursaluna|[anim] Tera Blast Fairy
|-damage|p2a: Ursaluna|0 fnt
|faint|p2a: Ursaluna
|
|-heal|p1b: Volcarona|34/100|[from] item: Leftovers
|upkeep
|
|t:|1756824639
|switch|p2a: Incineroar|Incineroar, L50, M|100/100
|-ability|p2a: Incineroar|Intimidate|boost
|-unboost|p1b: Volcarona|atk|1
|turn|7
|
|t:|1756824655
|move|p1b: Volcarona|Protect|p1b: Volcarona
|-singleturn|p1b: Volcarona|Protect
|move|p2b: Dragonite|Haze|p2b: Dragonite
|-clearallboost
|move|p2a: Incineroar|Flare Blitz|p1b: Volcarona
|-activate|p1b: Volcarona|move: Protect
|
|-heal|p1b: Volcarona|40/100|[from] item: Leftovers
|upkeep
|turn|8
|inactive|Beatyful has 30 seconds left.
|inactive|Beatyful has 20 seconds left.
|inactive|Beatyful has 15 seconds left.
|
|t:|1756824700
|move|p2b: Dragonite|Protect|p2b: Dragonite
|-singleturn|p2b: Dragonite|Protect
|move|p2a: Incineroar|Flare Blitz|p1b: Volcarona
|-damage|p1b: Volcarona|0 fnt
|faint|p1b: Volcarona
|-damage|p2a: Incineroar|89/100|[from] Recoil
|
|win|Mahdrescher
||Mahdrescher is ready for game 2.
||Beatyful is ready for game 2.
|uhtml|next|Next: Game 2 of 3
