|j|☆AngelLRG18
|j|☆bom e novo
|html|AngelLRG18bom e novo    
|uhtml|bestof|Game 2 of a best-of-3
|t:|1757652248
|gametype|doubles
|player|p1|AngelLRG18|266|1087
|player|p2|bom e novo|red-lgpe|1049
|gen|9
|tier|[Gen 9] VGC 2025 Reg H (Bo3)
|rated|
|rule|Species Clause: Limit one of each Pokémon
|rule|Item Clause: Limit 1 of each item
|clearpoke
|poke|p1|Gholdengo, L50|
|poke|p1|Incineroar, L50, F|
|poke|p1|Sneasler, L50, M|
|poke|p1|Ursaluna-Bloodmoon, L50, M|
|poke|p1|Dragonite, L50, F|
|poke|p1|Amoonguss, L50, M|
|poke|p2|Kommo-o, L50, F|
|poke|p2|Tyranitar, L50, F|
|poke|p2|Lycanroc, L50, M|
|poke|p2|Samurott-Hisui, L50, M|
|poke|p2|Corviknight, L50, F|
|poke|p2|Ribombee, L50, F|
|teampreview|4
|showteam|p1|Gholdengo||LifeOrb|GoodasGold|Protect,MakeItRain,NastyPlot,ShadowBall||||||50|,,,,,Water]Incineroar||SafetyGoggles|Intimidate|FakeOut,FlareBlitz,KnockOff,PartingShot|||F|||50|,,,,,Ghost]Sneasler||FocusSash|Unburden|DireClaw,CloseCombat,ThroatChop,Protect|||M|||50|,,,,,Stellar]Ursaluna-Bloodmoon||AssaultVest|MindsEye|BloodMoon,EarthPower,VacuumWave,HyperVoice|||M|||50|,,,,,Water]Dragonite||LoadedDice|Multiscale|ScaleShot,Tailwind,Haze,Protect|||F|||50|,,,,,Fairy]Amoonguss||SitrusBerry|Regenerator|Spore,Protect,PollenPuff,RagePowder|||M|||50|,,,,,Psychic
|showteam|p2|Kommo-o||ChoiceSpecs|Overcoat|ClangingScales,DracoMeteor,AuraSphere,TeraBlast|||F|||50|,,,,,Ghost]Tyranitar||ChoiceScarf|SandStream|RockSlide,KnockOff,TeraBlast,LowKick|||F|||50|,,,,,Flying]Lycanroc||FocusSash|SandRush|RockSlide,CloseCombat,Endeavor,Protect|||M|||50|,,,,,Ghost]Samurott-Hisui||AssaultVest|Sharpness|NightSlash,RazorShell,SacredSword,SuckerPunch|||M|||50|,,,,,Grass]Corviknight||SitrusBerry|MirrorArmor|BulkUp,BraveBird,Taunt,Roost|||F|||50|,,,,,Fairy]Ribombee||LifeOrb|ShieldDust|Psychic,DazzlingGleam,Tailwind,Protect|||F|||50|,,,,,Psychic
|
|t:|1757652276
|teamsize|p1|4
|teamsize|p2|4
|start
|switch|p1a: Gholdengo|Gholdengo, L50|100/100
|switch|p1b: Incineroar|Incineroar, L50, F|100/100
|switch|p2a: Kommo-o|Kommo-o, L50, F|100/100
|switch|p2b: Corviknight|Corviknight, L50, F|100/100
|-ability|p1b: Incineroar|Intimidate|boost
|-unboost|p2a: Kommo-o|atk|1
|-ability|p2b: Corviknight|Mirror Armor
|-unboost|p1b: Incineroar|atk|1
|turn|1
|inactive|Battle timer is ON: inactive players will automatically lose when time's up. (requested by bom e novo)
|inactive|AngelLRG18 has 60 seconds left.
|
|t:|1757652322
|-terastallize|p1b: Incineroar|Ghost
|move|p1a: Gholdengo|Shadow Ball|p2a: Kommo-o
|-damage|p2a: Kommo-o|45/100
|-damage|p1a: Gholdengo|91/100|[from] item: Life Orb
|move|p2a: Kommo-o|Aura Sphere|p1b: Incineroar
|-immune|p1b: Incineroar
|move|p2b: Corviknight|Bulk Up|p2b: Corviknight
|-boost|p2b: Corviknight|atk|1
|-boost|p2b: Corviknight|def|1
|move|p1b: Incineroar|Knock Off|p2b: Corviknight
|-damage|p2b: Corviknight|86/100
|-enditem|p2b: Corviknight|Sitrus Berry|[from] move: Knock Off|[of] p1b: Incineroar
|
|upkeep
|turn|2
|inactive|AngelLRG18 has 30 seconds left.
|inactive|bom e novo has 30 seconds left.
|
|t:|1757652356
|switch|p2a: Samurott|Samurott-Hisui, L50, M|100/100
|move|p1a: Gholdengo|Shadow Ball|p2a: Samurott
|-resisted|p2a: Samurott
|-damage|p2a: Samurott|72/100
|-damage|p1a: Gholdengo|81/100|[from] item: Life Orb
|move|p2b: Corviknight|Brave Bird|p1a: Gholdengo
|-resisted|p1a: Gholdengo
|-damage|p1a: Gholdengo|39/100
|-damage|p2b: Corviknight|74/100|[from] Recoil
|move|p1b: Incineroar|Flare Blitz|p2b: Corviknight
|-supereffective|p2b: Corviknight
|-damage|p2b: Corviknight|38/100
|-damage|p1b: Incineroar|89/100|[from] Recoil
|
|upkeep
|turn|3
|inactive|AngelLRG18 has 30 seconds left.
|inactive|AngelLRG18 has 20 seconds left.
|inactive|AngelLRG18 has 15 seconds left.
|inactive|AngelLRG18 has 10 seconds left.
|
|t:|1757652403
|switch|p1b: Dragonite|Dragonite, L50, F|100/100
|move|p2a: Samurott|Sucker Punch|p1a: Gholdengo
|-supereffective|p1a: Gholdengo
|-damage|p1a: Gholdengo|0 fnt
|faint|p1a: Gholdengo
|move|p2b: Corviknight|Roost|p2b: Corviknight
|-heal|p2b: Corviknight|88/100
|-singleturn|p2b: Corviknight|move: Roost
|
|upkeep
|
|t:|1757652416
|switch|p1a: Sneasler|Sneasler, L50, M|100/100
|turn|4
|inactive|AngelLRG18 has 30 seconds left.
|
|t:|1757652446
|move|p2a: Samurott|Sucker Punch|p1a: Sneasler
|-resisted|p1a: Sneasler
|-damage|p1a: Sneasler|70/100
|move|p1a: Sneasler|Close Combat|p2a: Samurott
|-supereffective|p2a: Samurott
|-crit|p2a: Samurott
|-damage|p2a: Samurott|0 fnt
|-unboost|p1a: Sneasler|def|1
|-unboost|p1a: Sneasler|spd|1
|faint|p2a: Samurott
|move|p1b: Dragonite|Haze|p1b: Dragonite
|-clearallboost
|move|p2b: Corviknight|Brave Bird|p1a: Sneasler
|-supereffective|p1a: Sneasler
|-damage|p1a: Sneasler|0 fnt
|faint|p1a: Sneasler
|-damage|p2b: Corviknight|71/100|[from] Recoil
|
|upkeep
|inactive|AngelLRG18 has 30 seconds left.
|
|t:|1757652471
|switch|p1a: Incineroar|Incineroar, L50, F, tera:Ghost|89/100
|switch|p2a: Ribombee|Ribombee, L50, F|100/100
|-ability|p1a: Incineroar|Intimidate|boost
|-unboost|p2a: Ribombee|atk|1
|-ability|p2b: Corviknight|Mirror Armor
|-unboost|p1a: Incineroar|atk|1
|turn|5
|inactive|AngelLRG18 has 30 seconds left.
|inactive|AngelLRG18 has 20 seconds left.
|inactive|AngelLRG18 has 15 seconds left.
|
|t:|1757652516
|move|p2a: Ribombee|Protect|p2a: Ribombee
|-singleturn|p2a: Ribombee|Protect
|move|p1b: Dragonite|Scale Shot|p2b: Corviknight
|-resisted|p2b: Corviknight
|-damage|p2b: Corviknight|65/100
|-resisted|p2b: Corviknight
|-damage|p2b: Corviknight|59/100
|-resisted|p2b: Corviknight
|-damage|p2b: Corviknight|53/100
|-resisted|p2b: Corviknight
|-damage|p2b: Corviknight|47/100
|-resisted|p2b: Corviknight
|-damage|p2b: Corviknight|41/100
|-hitcount|p2b: Corviknight|5
|-unboost|p1b: Dragonite|def|1
|-boost|p1b: Dragonite|spe|1
|move|p2b: Corviknight|Roost|p2b: Corviknight
|-heal|p2b: Corviknight|92/100
|-singleturn|p2b: Corviknight|move: Roost
|move|p1a: Incineroar|Flare Blitz|p2b: Corviknight
|-supereffective|p2b: Corviknight
|-damage|p2b: Corviknight|35/100
|-damage|p1a: Incineroar|70/100|[from] Recoil
|
|upkeep
|turn|6
|inactive|AngelLRG18 has 30 seconds left.
|inactive|bom e novo has 30 seconds left.
|
|t:|1757652549
|move|p1b: Dragonite|Scale Shot|p2b: Corviknight
|-resisted|p2b: Corviknight
|-damage|p2b: Corviknight|29/100
|-resisted|p2b: Corviknight
|-damage|p2b: Corviknight|23/100
|-resisted|p2b: Corviknight
|-damage|p2b: Corviknight|17/100
|-resisted|p2b: Corviknight
|-damage|p2b: Corviknight|11/100
|-hitcount|p2b: Corviknight|4
|-unboost|p1b: Dragonite|def|1
|-boost|p1b: Dragonite|spe|1
|move|p2a: Ribombee|Tailwind|p2a: Ribombee
|-sidestart|p2: bom e novo|move: Tailwind
|move|p2b: Corviknight|Brave Bird|p1b: Dragonite
|-damage|p1b: Dragonite|45/100
|-damage|p2b: Corviknight|0 fnt|[from] Recoil
|faint|p2b: Corviknight
|move|p1a: Incineroar|Flare Blitz|p2a: Ribombee
|-supereffective|p2a: Ribombee
|-damage|p2a: Ribombee|0 fnt
|faint|p2a: Ribombee
|-damage|p1a: Incineroar|48/100|[from] Recoil
|
|upkeep
|-message|bom e novo forfeited.
|
|win|AngelLRG18
|raw|AngelLRG18's rating: 1087 → 1111(+24 for winning)
|raw|bom e novo's rating: 1049 → 1034(-15 for losing)
|l|☆bom e novo
|player|p2|
|l|☆AngelLRG18
|player|p1|
