|j|Ōśåeviovulpix
|j|Ōśåyuirs gsb
|html|eviovulpixyuirs gsb    
|uhtml|bestof|Game 1 of a best-of-3
|t:|1782329141
|gametype|doubles
|player|p1|eviovulpix|101|
|player|p2|yuirs gsb|benga|
|gen|9
|tier|[Gen 9 Champions] VGC 2026 Reg M-B (Bo3)
|rule|Species Clause: Limit one of each Pok├®mon
|rule|Item Clause: Limit 1 of each item
|clearpoke
|poke|p1|Mawile, L50, M, shiny|
|poke|p1|Pelipper, L50, M, shiny|
|poke|p1|Archaludon, L50, M, shiny|
|poke|p1|Sinistcha, L50, shiny|
|poke|p1|Swampert, L50, M, shiny|
|poke|p1|Farigiraf, L50, F, shiny|
|poke|p2|Kommo-o, L50, M|
|poke|p2|Kangaskhan, L50, F|
|poke|p2|Arcanine-Hisui, L50, M|
|poke|p2|Ditto, L50|
|poke|p2|Basculegion, L50, M|
|poke|p2|Metagross, L50|
|teampreview|4
|showteam|p1|Mawile||Mawilite|HyperCutter|IronHead,PlayRough,RockSlide,Protect|Adamant||M|||50|]Pelipper||FocusSash|Drizzle|WeatherBall,Hurricane,Tailwind,Protect|Modest||M|||50|]Archaludon||Leftovers|Stamina|ElectroShot,FlashCannon,DragonPulse,Protect|Modest||M|||50|]Sinistcha||KasibBerry|Hospitality|ShadowBall,RagePowder,MatchaGotcha,TrickRoom|Bold|||||50|]Swampert||Swampertite|Torrent|IcePunch,HighHorsepower,WaveCrash,Protect|Adamant||M|||50|]Farigiraf||SitrusBerry|ArmorTail|TrickRoom,Thunderbolt,TwinBeam,HelpingHand|Modest||F|||50|
|showteam|p2|Kommo-o||SitrusBerry|Soundproof|Protect,ClangorousSoul,ClangingScales,AuraSphere|Timid||M|||50|]Kangaskhan||Kangaskhanite|Scrappy|FakeOut,DoubleEdge,SuckerPunch,DrainPunch|Adamant||F|||50|]Arcanine-Hisui||ChopleBerry|Intimidate|Protect,RockSlide,FlareBlitz,HeadSmash|Jolly||M|||50|]Ditto||FocusSash|Imposter|Transform|Timid|||||50|]Basculegion||ChoiceScarf|Adaptability|LastRespects,WaveCrash,AquaJet,FlipTurn|Jolly||M|||50|]Metagross||Metagrossite|ClearBody|BulletPunch,IronHead,PsychicFangs,Protect|Adamant|||||50|
|inactive|Battle timer is ON: inactive players will automatically lose when time's up. (requested by yuirs gsb)
|c|Ōśåyuirs gsb|glhf
|c|Ōśåeviovulpix|hl
|c|Ōśåeviovulpix|gl
|inactive|eviovulpix has 60 seconds left.
|
|t:|1782329183
|teamsize|p1|4
|teamsize|p2|4
|start
|switch|p1a: Sinistcha|Sinistcha, L50, shiny|100/100
|switch|p1b: Farigiraf|Farigiraf, L50, F, shiny|100/100
|switch|p2a: Kommo-o|Kommo-o, L50, M|100/100
|switch|p2b: Kangaskhan|Kangaskhan, L50, F|100/100
|turn|1
|
|t:|1782329195
|switch|p1a: Mawile|Mawile, L50, M, shiny|100/100
|detailschange|p2b: Kangaskhan|Kangaskhan-Mega, L50, F
|-mega|p2b: Kangaskhan|Kangaskhan|Kangaskhanite
|move|p2a: Kommo-o|Clangorous Soul|p2a: Kommo-o
|-boost|p2a: Kommo-o|atk|1
|-boost|p2a: Kommo-o|def|1
|-boost|p2a: Kommo-o|spa|1
|-boost|p2a: Kommo-o|spd|1
|-boost|p2a: Kommo-o|spe|1
|-damage|p2a: Kommo-o|67/100
|move|p2b: Kangaskhan|Double-Edge|p1b: Farigiraf
|-damage|p1b: Farigiraf|34/100
|-enditem|p1b: Farigiraf|Sitrus Berry|[eat]
|-heal|p1b: Farigiraf|59/100|[from] item: Sitrus Berry
|-damage|p1b: Farigiraf|45/100
|-hitcount|p1b: Farigiraf|2
|-damage|p2b: Kangaskhan|69/100|[from] Recoil
|move|p1b: Farigiraf|Trick Room|p1b: Farigiraf
|-fieldstart|move: Trick Room|[of] p1b: Farigiraf
|
|upkeep
|turn|2
|inactive|eviovulpix has 30 seconds left.
|
|t:|1782329225
|switch|p2b: Ditto|Ditto, L50|100/100
|-transform|p2b: Ditto|p1a: Mawile|[from] ability: Imposter
|move|p2a: Kommo-o|Protect|p2a: Kommo-o
|-singleturn|p2a: Kommo-o|Protect
|move|p1b: Farigiraf|Twin Beam|p2b: Ditto
|-resisted|p2b: Ditto|1
|-damage|p2b: Ditto|82/100
|-resisted|p2b: Ditto|1
|-damage|p2b: Ditto|65/100
|-hitcount|p2b: Ditto|2
|move|p1a: Mawile|Iron Head|p2b: Ditto
|-damage|p2b: Ditto|24/100
|
|upkeep
|turn|3
|
|t:|1782329243
|detailschange|p1a: Mawile|Mawile-Mega, L50, M, shiny
|-mega|p1a: Mawile|Mawile|Mawilite
|move|p1b: Farigiraf|Thunderbolt|p2b: Ditto
|-damage|p2b: Ditto|0 fnt
|faint|p2b: Ditto
|move|p1a: Mawile|Play Rough|p2a: Kommo-o
|-supereffective|p2a: Kommo-o|2
|-damage|p2a: Kommo-o|0 fnt
|faint|p2a: Kommo-o
|
|upkeep
|
|t:|1782329251
|switch|p2b: Basculegion|Basculegion, L50, M|100/100
|switch|p2a: Kangaskhan|Kangaskhan-Mega, L50, F|69/100
|turn|4
|
|t:|1782329263
|move|p1b: Farigiraf|Helping Hand|p1a: Mawile
|-singleturn|p1a: Mawile|Helping Hand|[of] p1b: Farigiraf
|move|p1a: Mawile|Iron Head|p2a: Kangaskhan
|-damage|p2a: Kangaskhan|0 fnt
|faint|p2a: Kangaskhan
|move|p2b: Basculegion|Last Respects|p1a: Mawile
|-damage|p1a: Mawile|0 fnt
|faint|p1a: Mawile
|
|upkeep
|
|t:|1782329271
|switch|p1a: Sinistcha|Sinistcha, L50, shiny|100/100
|-heal|p1b: Farigiraf|70/100|[from] ability: Hospitality|[of] p1a: Sinistcha
|turn|5
|
|t:|1782329277
|move|p1b: Farigiraf|Thunderbolt|p2b: Basculegion
|-supereffective|p2b: Basculegion|1
|-damage|p2b: Basculegion|43/100
|move|p1a: Sinistcha|Shadow Ball|p2b: Basculegion
|-supereffective|p2b: Basculegion|1
|-damage|p2b: Basculegion|0 fnt
|faint|p2b: Basculegion
|
|win|eviovulpix
||yuirs gsb is ready for game 2.
||eviovulpix is ready for game 2.
|uhtml|next|Next: Game 2 of 3
|l|Ōśåyuirs gsb
|player|p2|
