|j|☆JuanGuerrero09
|j|☆Kilom11
|html|JuanGuerrero09Kilom11    
|uhtml|bestof|Game 2 of a best-of-3
|t:|1756649692
|gametype|doubles
|player|p1|JuanGuerrero09|265|1188
|player|p2|Kilom11|benga|1341
|gen|9
|tier|[Gen 9] VGC 2025 Reg H (Bo3)
|rated|
|rule|Species Clause: Limit one of each Pokémon
|rule|Item Clause: Limit 1 of each item
|clearpoke
|poke|p1|Sneasler, L50, M|
|poke|p1|Indeedee, L50, M|
|poke|p1|Tyranitar, L50, M|
|poke|p1|Excadrill, L50, M|
|poke|p1|Annihilape, L50, M|
|poke|p1|Hydreigon, L50, F|
|poke|p2|Electabuzz, L50, M|
|poke|p2|Kingambit, L50, F|
|poke|p2|Rillaboom, L50, F|
|poke|p2|Sneasler, L50, M|
|poke|p2|Volcarona, L50, M|
|poke|p2|Dragonite, L50, M|
|teampreview|4
|showteam|p1|Sneasler||PsychicSeed|Unburden|CloseCombat,DireClaw,ThroatChop,Protect|||M|||50|,,,,,Dark]Indeedee||ChoiceScarf|PsychicSurge|ExpandingForce,TeraBlast,Trick,DazzlingGleam|||M|||50|,,,,,Fire]Tyranitar||AssaultVest|SandStream|RockSlide,KnockOff,TeraBlast,LowKick|||M|||50|,,,,,Flying]Excadrill||FocusSash|SandRush|HighHorsepower,Earthquake,IronHead,Protect|||M|||50|,,,,,Ground]Annihilape||SafetyGoggles|Defiant|CloseCombat,RageFist,Taunt,FinalGambit|||M|||50|,,,,,Psychic]Hydreigon||CovertCloak|Levitate|Snarl,Tailwind,DracoMeteor,Protect|||F|||50|,,,,,Poison
|showteam|p2|Electabuzz||Eviolite|VitalSpirit|Thunderbolt,Taunt,FollowMe,Protect|||M|||50|,,,,,Ghost]Kingambit||BlackGlasses|Defiant|KowtowCleave,SuckerPunch,SwordsDance,Protect|||F|||50|,,,,,Dark]Rillaboom||AssaultVest|GrassySurge|FakeOut,HighHorsepower,WoodHammer,GrassyGlide|||F|||50|,,,,,Fire]Sneasler||FocusSash|PoisonTouch|DireClaw,CloseCombat,FakeOut,Coaching|||M|||50|,,,,,Stellar]Volcarona||Leftovers|FlameBody|HeatWave,TeraBlast,QuiverDance,Protect|||M|||50|,,,,,Fairy]Dragonite||LoadedDice|Multiscale|ExtremeSpeed,ScaleShot,Protect,Haze|||M|||50|,,,,,Steel
|inactive|Battle timer is ON: inactive players will automatically lose when time's up. (requested by Kilom11)
|inactive|Kilom11 has 60 seconds left.
|
|t:|1756649733
|teamsize|p1|4
|teamsize|p2|4
|start
|switch|p1a: Tyranitar|Tyranitar, L50, M|100/100
|switch|p1b: Excadrill|Excadrill, L50, M|100/100
|switch|p2a: Rillaboom|Rillaboom, L50, F|100/100
|switch|p2b: Dragonite|Dragonite, L50, M|100/100
|-fieldstart|move: Grassy Terrain|[from] ability: Grassy Surge|[of] p2a: Rillaboom
|-weather|Sandstorm|[from] ability: Sand Stream|[of] p1a: Tyranitar
|turn|1
|inactive|JuanGuerrero09 has 30 seconds left.
|
|t:|1756649760
|switch|p1b: Indeedee|Indeedee, L50, M|100/100
|-fieldstart|move: Psychic Terrain|[from] ability: Psychic Surge|[of] p1b: Indeedee
|-terastallize|p1a: Tyranitar|Flying
|move|p2a: Rillaboom|Fake Out|p1a: Tyranitar
|-hint|Psychic Terrain doesn't affect Pokémon immune to Ground.
|-damage|p1a: Tyranitar|89/100
|move|p2b: Dragonite|Scale Shot|p1a: Tyranitar
|-damage|p1a: Tyranitar|78/100
|-damage|p1a: Tyranitar|66/100
|-damage|p1a: Tyranitar|54/100
|-damage|p1a: Tyranitar|41/100
|-hitcount|p1a: Tyranitar|4
|-unboost|p2b: Dragonite|def|1
|-boost|p2b: Dragonite|spe|1
|cant|p1a: Tyranitar|flinch
|
|-weather|Sandstorm|[upkeep]
|-damage|p1b: Indeedee|95/100|[from] Sandstorm
|-damage|p2b: Dragonite|94/100|[from] Sandstorm
|-damage|p2a: Rillaboom|95/100|[from] Sandstorm
|-damage|p1a: Tyranitar|35/100|[from] Sandstorm
|upkeep
|turn|2
|inactive|Kilom11 has 30 seconds left.
|inactive|Kilom11 has 20 seconds left.
|inactive|Kilom11 has 15 seconds left.
|
|t:|1756649804
|switch|p2a: Kingambit|Kingambit, L50, F|100/100
|move|p1b: Indeedee|Expanding Force|p2b: Dragonite|[spread] p2b
|-immune|p2a: Kingambit
|-damage|p2b: Dragonite|34/100
|move|p2b: Dragonite|Scale Shot|p1a: Tyranitar|[miss]
|-miss|p2b: Dragonite|p1a: Tyranitar
|move|p1a: Tyranitar|Tera Blast|p2a: Kingambit|[anim] Tera Blast Flying
|-resisted|p2a: Kingambit
|-damage|p2a: Kingambit|85/100
|
|-weather|Sandstorm|[upkeep]
|-damage|p1b: Indeedee|89/100|[from] Sandstorm
|-damage|p2b: Dragonite|28/100|[from] Sandstorm
|-damage|p1a: Tyranitar|29/100|[from] Sandstorm
|upkeep
|turn|3
|
|t:|1756649821
|switch|p2b: Rillaboom|Rillaboom, L50, F|95/100
|-fieldstart|move: Grassy Terrain|[from] ability: Grassy Surge|[of] p2b: Rillaboom
|move|p1b: Indeedee|Expanding Force|p2b: Rillaboom
|-damage|p2b: Rillaboom|68/100
|move|p1a: Tyranitar|Low Kick|p2a: Kingambit
|-supereffective|p2a: Kingambit
|-damage|p2a: Kingambit|0 fnt
|faint|p2a: Kingambit
|
|-weather|Sandstorm|[upkeep]
|-damage|p1b: Indeedee|83/100|[from] Sandstorm
|-damage|p2b: Rillaboom|63/100|[from] Sandstorm
|-damage|p1a: Tyranitar|24/100|[from] Sandstorm
|-heal|p1b: Indeedee|89/100|[from] Grassy Terrain
|-heal|p2b: Rillaboom|68/100|[from] Grassy Terrain
|upkeep
|
|t:|1756649831
|switch|p2a: Dragonite|Dragonite, L50, M|28/100
|turn|4
|
|t:|1756649855
|move|p2b: Rillaboom|Fake Out|p1b: Indeedee
|-damage|p1b: Indeedee|60/100
|cant|p1b: Indeedee|flinch
|move|p2a: Dragonite|Scale Shot|p1a: Tyranitar
|-damage|p1a: Tyranitar|10/100
|-damage|p1a: Tyranitar|0 fnt
|faint|p1a: Tyranitar
|-hitcount|p1: Tyranitar|2
|-unboost|p2a: Dragonite|def|1
|-boost|p2a: Dragonite|spe|1
|
|-weather|Sandstorm|[upkeep]
|-damage|p1b: Indeedee|54/100|[from] Sandstorm
|-damage|p2a: Dragonite|22/100|[from] Sandstorm
|-damage|p2b: Rillaboom|63/100|[from] Sandstorm
|-heal|p1b: Indeedee|60/100|[from] Grassy Terrain
|-heal|p2b: Rillaboom|68/100|[from] Grassy Terrain
|upkeep
|
|t:|1756649870
|switch|p1a: Excadrill|Excadrill, L50, M|100/100
|turn|5
|
|t:|1756649877
|move|p2a: Dragonite|Protect|p2a: Dragonite
|-singleturn|p2a: Dragonite|Protect
|move|p2b: Rillaboom|Grassy Glide|p1b: Indeedee
|-damage|p1b: Indeedee|0 fnt
|faint|p1b: Indeedee
|move|p1a: Excadrill|Iron Head|p2a: Dragonite
|-activate|p2a: Dragonite|move: Protect
|
|-weather|none
|-heal|p2b: Rillaboom|74/100|[from] Grassy Terrain
|upkeep
|
|t:|1756649888
|switch|p1b: Sneasler|Sneasler, L50, M|100/100
|turn|6
|
|t:|1756649902
|move|p1b: Sneasler|Protect|p1b: Sneasler
|-singleturn|p1b: Sneasler|Protect
|move|p1a: Excadrill|Protect|p1a: Excadrill
|-singleturn|p1a: Excadrill|Protect
|move|p2a: Dragonite|Scale Shot|p1b: Sneasler
|-activate|p1b: Sneasler|move: Protect
|move|p2b: Rillaboom|Wood Hammer|p1a: Excadrill
|-activate|p1a: Excadrill|move: Protect
|
|-heal|p2b: Rillaboom|80/100|[from] Grassy Terrain
|upkeep
|turn|7
|
|t:|1756649922
|move|p2b: Rillaboom|Grassy Glide|p1a: Excadrill
|-damage|p1a: Excadrill|48/100
|move|p2a: Dragonite|Scale Shot|p1b: Sneasler
|-damage|p1b: Sneasler|75/100
|-damage|p1b: Sneasler|51/100
|-damage|p1b: Sneasler|26/100
|-damage|p1b: Sneasler|0 fnt
|faint|p1b: Sneasler
|-hitcount|p1: Sneasler|4
|-unboost|p2a: Dragonite|def|1
|-boost|p2a: Dragonite|spe|1
|move|p1a: Excadrill|Iron Head|p2b: Rillaboom
|-damage|p2b: Rillaboom|33/100
|
|-heal|p1a: Excadrill|54/100|[from] Grassy Terrain
|-heal|p2b: Rillaboom|39/100|[from] Grassy Terrain
|-fieldend|move: Grassy Terrain
|upkeep
|turn|8
|inactive|JuanGuerrero09 has 30 seconds left.
|
|t:|1756649952
|move|p2a: Dragonite|Scale Shot|p1a: Excadrill
|-resisted|p1a: Excadrill
|-damage|p1a: Excadrill|43/100
|-resisted|p1a: Excadrill
|-damage|p1a: Excadrill|32/100
|-resisted|p1a: Excadrill
|-damage|p1a: Excadrill|22/100
|-resisted|p1a: Excadrill
|-damage|p1a: Excadrill|11/100
|-resisted|p1a: Excadrill
|-damage|p1a: Excadrill|0 fnt
|faint|p1a: Excadrill
|-hitcount|p1: Excadrill|5
|
|win|Kilom11
