|j|‽darrell sim
|j|☆glueck
|html|darrell simglueck    
|uhtml|bestof|Game 1 of a best-of-3
|t:|1756382927
|gametype|doubles
|player|p1|darrell sim|n|1063
|player|p2|glueck|marley|1000
|gen|9
|tier|[Gen 9] VGC 2025 Reg H (Bo3)
|rated|
|rule|Species Clause: Limit one of each Pokémon
|rule|Item Clause: Limit 1 of each item
|clearpoke
|poke|p1|Weezing-Galar, L50, M|
|poke|p1|Toedscruel, L50, M|
|poke|p1|Corviknight, L50, F|
|poke|p1|Garchomp, L50, F|
|poke|p1|Typhlosion-Hisui, L50, M|
|poke|p1|Gholdengo, L50|
|poke|p2|Indeedee, L50, M|
|poke|p2|Sneasler, L50, M|
|poke|p2|Ursaluna-Bloodmoon, L50, M|
|poke|p2|Talonflame, L50, M|
|poke|p2|Archaludon, L50, F|
|poke|p2|Electabuzz, L50, M|
|teampreview|4
|showteam|p1|Weezing-Galar||ChoiceSpecs|Levitate|SludgeWave,SludgeBomb,DazzlingGleam,Thunderbolt|||M|||50|,,,,,Steel]Toedscruel||FocusSash|MyceliumMight|Spore,EarthPower,EnergyBall,AcidSpray|||M|||50|,,,,,Rock]Corviknight||SitrusBerry|MirrorArmor|BraveBird,IronHead,Protect,Tailwind|||F|||50|,,,,,Ghost]Garchomp||LifeOrb|RoughSkin|DragonClaw,StompingTantrum,Earthquake,Protect|||F|||50|,,,,,Steel]Typhlosion-Hisui||ChoiceScarf|Blaze|Eruption,HeatWave,ShadowBall,InfernalParade|||M|||50|,,,,,Fire]Gholdengo||AbilityShield|GoodasGold|MakeItRain,DazzlingGleam,Protect,NastyPlot||||||50|,,,,,Fairy
|showteam|p2|Indeedee||FocusSash|PsychicSurge|ExpandingForce,TrickRoom,HelpingHand,Protect|||M|||50|,,,,,Psychic]Sneasler||PsychicSeed|Unburden|DireClaw,CloseCombat,ThroatChop,Protect|||M|||50|,,,,,Dark]Ursaluna-Bloodmoon||LifeOrb|MindsEye|BloodMoon,HyperVoice,EarthPower,Protect|||M|||50|,,,,,Normal]Talonflame||CovertCloak|GaleWings|FlareBlitz,DualWingbeat,Tailwind,WillOWisp|||M|||50|,,,,,Grass]Archaludon||PowerHerb|Stamina|ElectroShot,Protect,DracoMeteor,BodyPress|||F|||50|,,,,,Stellar]Electabuzz||Eviolite|VitalSpirit|Protect,Electroweb,HelpingHand,FollowMe|||M|||50|,,,,,Dragon
|inactive|Battle timer is ON: inactive players will automatically lose when time's up. (requested by darrell sim)
|inactive|darrell sim has 60 seconds left.
|inactive|glueck has 60 seconds left.
|
|t:|1756382980
|teamsize|p1|4
|teamsize|p2|4
|start
|switch|p1a: Weezing|Weezing-Galar, L50, M|100/100
|switch|p1b: Toedscruel|Toedscruel, L50, M|100/100
|switch|p2a: Indeedee|Indeedee, L50, M|100/100
|switch|p2b: Sneasler|Sneasler, L50, M|100/100
|-fieldstart|move: Psychic Terrain|[from] ability: Psychic Surge|[of] p2a: Indeedee
|-enditem|p2b: Sneasler|Psychic Seed
|-boost|p2b: Sneasler|spd|1|[from] item: Psychic Seed
|turn|1
|inactive|darrell sim has 30 seconds left.
|inactive|glueck has 30 seconds left.
|
|t:|1756383013
|switch|p1b: Corviknight|Corviknight, L50, F|100/100
|-terastallize|p1a: Weezing|Steel
|move|p2b: Sneasler|Dire Claw|p1b: Corviknight
|-immune|p1b: Corviknight
|move|p2a: Indeedee|Expanding Force|p1a: Weezing|[spread] p1a,p1b
|-resisted|p1a: Weezing
|-resisted|p1b: Corviknight
|-damage|p1a: Weezing|67/100
|-damage|p1b: Corviknight|74/100
|move|p1a: Weezing|Sludge Wave|p2a: Indeedee|[spread] p2a,p2b
|-immune|p1b: Corviknight
|-resisted|p2b: Sneasler
|-damage|p2a: Indeedee|37/100
|-damage|p2b: Sneasler|78/100
|
|upkeep
|turn|2
|inactive|glueck has 30 seconds left.
|
|t:|1756383045
|move|p2b: Sneasler|Close Combat|p1a: Weezing
|-supereffective|p1a: Weezing
|-damage|p1a: Weezing|0 fnt
|-unboost|p2b: Sneasler|def|1
|-unboost|p2b: Sneasler|spd|1
|faint|p1a: Weezing
|move|p2a: Indeedee|Expanding Force|p1b: Corviknight
|-resisted|p1b: Corviknight
|-damage|p1b: Corviknight|40/100
|-enditem|p1b: Corviknight|Sitrus Berry|[eat]
|-heal|p1b: Corviknight|65/100|[from] item: Sitrus Berry
|move|p1b: Corviknight|Brave Bird|p2b: Sneasler
|-supereffective|p2b: Sneasler
|-damage|p2b: Sneasler|0 fnt
|faint|p2b: Sneasler
|-damage|p1b: Corviknight|46/100|[from] Recoil
|
|upkeep
|
|t:|1756383061
|switch|p2b: Talonflame|Talonflame, L50, M|100/100
|switch|p1a: Toedscruel|Toedscruel, L50, M|100/100
|turn|3
|inactive|glueck has 30 seconds left.
|
|t:|1756383088
|-terastallize|p2b: Talonflame|Grass
|move|p1b: Corviknight|Protect|p1b: Corviknight
|-singleturn|p1b: Corviknight|Protect
|move|p2b: Talonflame|Flare Blitz|p1b: Corviknight
|-activate|p1b: Corviknight|move: Protect
|move|p2a: Indeedee|Expanding Force|p1b: Corviknight|[spread] p1a
|-activate|p1b: Corviknight|move: Protect
|-damage|p1a: Toedscruel|46/100
|move|p1a: Toedscruel|Spore|p2b: Talonflame
|-immune|p2b: Talonflame
|
|upkeep
|turn|4
|inactive|darrell sim has 30 seconds left.
|inactive|glueck has 30 seconds left.
|
|t:|1756383116
|switch|p1b: Garchomp|Garchomp, L50, F|100/100
|move|p2b: Talonflame|Flare Blitz|p1b: Garchomp
|-resisted|p1b: Garchomp
|-damage|p1b: Garchomp|78/100
|-damage|p2b: Talonflame|88/100|[from] ability: Rough Skin|[of] p1b: Garchomp
|-damage|p2b: Talonflame|79/100|[from] Recoil
|move|p1a: Toedscruel|Energy Ball|p2a: Indeedee
|-damage|p2a: Indeedee|0 fnt
|faint|p2a: Indeedee
|
|upkeep
|
|t:|1756383127
|switch|p2a: Ursaluna|Ursaluna-Bloodmoon, L50, M|100/100
|turn|5
|
|t:|1756383149
|move|p1b: Garchomp|Protect|p1b: Garchomp
|-singleturn|p1b: Garchomp|Protect
|move|p2b: Talonflame|Will-O-Wisp|p1b: Garchomp
|-activate|p1b: Garchomp|move: Protect
|move|p2a: Ursaluna|Blood Moon|p1a: Toedscruel
|-damage|p1a: Toedscruel|0 fnt
|faint|p1a: Toedscruel
|-damage|p2a: Ursaluna|91/100|[from] item: Life Orb
|
|-fieldend|move: Psychic Terrain
|upkeep
|
|t:|1756383159
|switch|p1a: Corviknight|Corviknight, L50, F|46/100
|turn|6
|
|t:|1756383179
|move|p2b: Talonflame|Will-O-Wisp|p1b: Garchomp
|-status|p1b: Garchomp|brn
|move|p1b: Garchomp|Dragon Claw|p2b: Talonflame
|-damage|p2b: Talonflame|38/100
|-damage|p1b: Garchomp|68/100 brn|[from] item: Life Orb
|move|p2a: Ursaluna|Hyper Voice|p1b: Garchomp|[spread] p1a,p1b
|-resisted|p1a: Corviknight
|-damage|p1a: Corviknight|23/100
|-damage|p1b: Garchomp|19/100 brn
|-damage|p2a: Ursaluna|81/100|[from] item: Life Orb
|move|p1a: Corviknight|Tailwind|p1a: Corviknight
|-sidestart|p1: darrell sim|move: Tailwind
|
|-damage|p1b: Garchomp|13/100 brn|[from] brn
|upkeep
|turn|7
|inactive|darrell sim has 30 seconds left.
|
|t:|1756383206
|move|p1b: Garchomp|Earthquake|p2b: Talonflame|[spread] p2a,p2b
|-immune|p1a: Corviknight
|-resisted|p2b: Talonflame
|-damage|p2a: Ursaluna|61/100
|-damage|p2b: Talonflame|18/100
|-damage|p1b: Garchomp|3/100 brn|[from] item: Life Orb
|move|p2b: Talonflame|Tailwind|p2b: Talonflame
|-sidestart|p2: glueck|move: Tailwind
|move|p2a: Ursaluna|Hyper Voice|p1a: Corviknight|[spread] p1a,p1b
|-resisted|p1a: Corviknight
|-damage|p1a: Corviknight|0 fnt
|-damage|p1b: Garchomp|0 fnt
|faint|p1a: Corviknight
|faint|p1b: Garchomp
|-damage|p2a: Ursaluna|52/100|[from] item: Life Orb
|
|win|glueck
||darrell sim is ready for game 2.
|inactive|glueck has 30 seconds to confirm battle start!
||glueck is ready for game 2.
|uhtml|next|Next: Game 2 of 3
|l|‽darrell sim
|player|p1|
