|j|☆JCosio
|j|☆bowlingbulbenjoyer
|html|JCosiobowlingbulbenjoyer    
|uhtml|bestof|Game 2 of a best-of-3
|t:|1782373097
|gametype|doubles
|player|p1|JCosio|fisherman-gen4|1094
|player|p2|bowlingbulbenjoyer|cynthia-gen4|1000
|gen|9
|tier|[Gen 9 Champions] VGC 2026 Reg M-B (Bo3)
|rated|
|rule|Species Clause: Limit one of each Pokémon
|rule|Item Clause: Limit 1 of each item
|clearpoke
|poke|p1|Charizard, L50, F|
|poke|p1|Farigiraf, L50, F|
|poke|p1|Whimsicott, L50, F|
|poke|p1|Mawile, L50, F|
|poke|p1|Basculegion, L50, M|
|poke|p1|Garchomp, L50, M|
|poke|p2|Metagross, L50|
|poke|p2|Sneasler, L50, M|
|poke|p2|Hydreigon, L50, F|
|poke|p2|Aerodactyl, L50, F|
|poke|p2|Sinistcha-Masterpiece, L50|
|poke|p2|Gyarados, L50, M|
|teampreview|4
|showteam|p1|Charizard||CharizarditeY|Blaze|Protect,HeatWave,WeatherBall,SolarBeam|Modest||F|||50|]Farigiraf||SitrusBerry|ArmorTail|Roar,PsychicFangs,Thunderbolt,TrickRoom|Bold||F|||50|]Whimsicott||FocusSash|Prankster|SunnyDay,Tailwind,Moonblast,Encore|Timid||F|||50|]Mawile||Mawilite|HyperCutter|Protect,SuckerPunch,PlayRough,RockSlide|Adamant||F|||50|]Basculegion||MysticWater|Adaptability|Protect,AquaJet,LastRespects,WaveCrash|Adamant||M|||50|]Garchomp||LifeOrb|RoughSkin|StompingTantrum,RockSlide,DragonClaw,Protect|Jolly||M|||50|
|showteam|p2|Metagross||Metagrossite|ClearBody|IronHead,PsychicFangs,BulletPunch,Protect|Jolly|||||50|]Sneasler||WhiteHerb|Unburden|CloseCombat,DireClaw,FakeOut,Coaching|Adamant||M|||50|]Hydreigon||ChoiceScarf|Levitate|DracoMeteor,DarkPulse,HeatWave,FlashCannon|Timid||F|||50|]Aerodactyl||FocusSash|Unnerve|Tailwind,Taunt,WideGuard,RockSlide|Jolly||F|||50|]Sinistcha-Masterpiece||SitrusBerry|Hospitality|MatchaGotcha,RagePowder,ShadowBall,LifeDew|Bold|||||50|]Gyarados||Gyaradosite|Intimidate|DragonDance,Earthquake,Waterfall,Protect|Adamant||M|||50|
|inactive|Battle timer is ON: inactive players will automatically lose when time's up. (requested by JCosio)
|
|t:|1782373129
|teamsize|p1|4
|teamsize|p2|4
|start
|switch|p1a: Farigiraf|Farigiraf, L50, F|100/100
|switch|p1b: Basculegion|Basculegion, L50, M|100/100
|switch|p2a: Aerodactyl|Aerodactyl, L50, F|100/100
|switch|p2b: Hydreigon|Hydreigon, L50, F|100/100
|-ability|p2a: Aerodactyl|Unnerve
|turn|1
|inactive|JCosio has 30 seconds left.
|inactive|JCosio has 20 seconds left.
|inactive|JCosio has 15 seconds left.
|inactive|JCosio has 10 seconds left.
|inactive|JCosio has 5 seconds left.
|
|t:|1782373180
|switch|p1a: Mawile|Mawile, L50, F|100/100
|move|p1b: Basculegion|Aqua Jet|p2a: Aerodactyl
|-supereffective|p2a: Aerodactyl|1
|-damage|p2a: Aerodactyl|8/100
|move|p2b: Hydreigon|Dark Pulse|p1b: Basculegion
|-supereffective|p1b: Basculegion|1
|-damage|p1b: Basculegion|11/100
|move|p2a: Aerodactyl|Taunt|p1a: Mawile
|-start|p1a: Mawile|move: Taunt
|
|upkeep
|turn|2
|inactive|JCosio has 30 seconds left.
|inactive|bowlingbulbenjoyer has 30 seconds left.
|
|t:|1782373214
|switch|p2a: Gyarados|Gyarados, L50, M|100/100
|-ability|p2a: Gyarados|Intimidate|boost
|-fail|p1a: Mawile|unboost|Attack|[from] ability: Hyper Cutter|[of] p1a: Mawile
|-unboost|p1b: Basculegion|atk|1
|detailschange|p1a: Mawile|Mawile-Mega, L50, F
|-mega|p1a: Mawile|Mawile|Mawilite
|move|p1b: Basculegion|Protect|p1b: Basculegion
|-singleturn|p1b: Basculegion|Protect
|move|p2b: Hydreigon|Dark Pulse|p1b: Basculegion
|-activate|p1b: Basculegion|move: Protect
|move|p1a: Mawile|Play Rough|p2b: Hydreigon|[miss]
|-miss|p1a: Mawile|p2b: Hydreigon
|
|upkeep
|turn|3
|inactive|JCosio has 30 seconds left.
|inactive|bowlingbulbenjoyer has 30 seconds left.
|inactive|JCosio has 20 seconds left.
|inactive|JCosio has 15 seconds left.
|inactive|JCosio has 10 seconds left.
|
|t:|1782373261
|switch|p2b: Sinistcha|Sinistcha-Masterpiece, L50|100/100
|switch|p1a: Garchomp|Garchomp, L50, M|100/100
|detailschange|p2a: Gyarados|Gyarados-Mega, L50, M
|-mega|p2a: Gyarados|Gyarados|Gyaradosite
|-ability|p2a: Gyarados|Mold Breaker
|move|p1b: Basculegion|Aqua Jet|p2a: Gyarados
|-resisted|p2a: Gyarados|1
|-damage|p2a: Gyarados|88/100
|move|p2a: Gyarados|Dragon Dance|p2a: Gyarados
|-boost|p2a: Gyarados|atk|1
|-boost|p2a: Gyarados|spe|1
|
|upkeep
|turn|4
|
|t:|1782373285
|move|p2a: Gyarados|Waterfall|p1a: Garchomp
|-damage|p1a: Garchomp|17/100
|-damage|p2a: Gyarados|76/100|[from] ability: Rough Skin|[of] p1a: Garchomp
|move|p1a: Garchomp|Rock Slide|p2a: Gyarados|[spread] p2a,p2b
|-damage|p2a: Gyarados|53/100
|-damage|p2b: Sinistcha|83/100
|-damage|p1a: Garchomp|7/100|[from] item: Life Orb
|move|p1b: Basculegion|Last Respects|p2a: Gyarados
|-resisted|p2a: Gyarados|1
|-damage|p2a: Gyarados|40/100
|cant|p2b: Sinistcha|flinch
|
|upkeep
|turn|5
|inactive|JCosio has 30 seconds left.
|
|t:|1782373319
|move|p1a: Garchomp|Protect|p1a: Garchomp
|-singleturn|p1a: Garchomp|Protect
|move|p1b: Basculegion|Aqua Jet|p2a: Gyarados
|-resisted|p2a: Gyarados|1
|-damage|p2a: Gyarados|30/100
|move|p2a: Gyarados|Earthquake|p1b: Basculegion|[spread] p2b,p1b
|-activate|p1a: Garchomp|move: Protect
|-resisted|p2b: Sinistcha|1
|-damage|p2b: Sinistcha|65/100
|-damage|p1b: Basculegion|0 fnt
|faint|p1b: Basculegion
|move|p2b: Sinistcha|Life Dew|p2b: Sinistcha|[spread] p2a,p2b
|-heal|p2a: Gyarados|56/100
|-heal|p2b: Sinistcha|90/100
|
|upkeep
|
|t:|1782373328
|switch|p1b: Farigiraf|Farigiraf, L50, F|100/100
|turn|6
|inactive|JCosio has 30 seconds left.
|
|t:|1782373353
|move|p2a: Gyarados|Waterfall|p1b: Farigiraf
|-damage|p1b: Farigiraf|34/100
|-enditem|p1b: Farigiraf|Sitrus Berry|[eat]
|-heal|p1b: Farigiraf|59/100|[from] item: Sitrus Berry
|move|p1a: Garchomp|Dragon Claw|p2a: Gyarados
|-damage|p2a: Gyarados|1/100
|-damage|p1a: Garchomp|0 fnt|[from] item: Life Orb
|faint|p1a: Garchomp
|move|p2b: Sinistcha|Matcha Gotcha|p1b: Farigiraf
|-damage|p1b: Farigiraf|25/100
|-heal|p2b: Sinistcha|100/100|[from] drain|[of] p1b: Farigiraf
|-status|p1b: Farigiraf|brn
|move|p1b: Farigiraf|Trick Room|p1b: Farigiraf
|-fieldstart|move: Trick Room|[of] p1b: Farigiraf
|
|-damage|p1b: Farigiraf|19/100 brn|[from] brn
|upkeep
|
|t:|1782373369
|switch|p1a: Mawile|Mawile-Mega, L50, F|100/100
|turn|7
|inactive|JCosio has 30 seconds left.
|inactive|JCosio has 20 seconds left.
|
|t:|1782373405
|move|p2a: Gyarados|Protect|p2a: Gyarados
|-singleturn|p2a: Gyarados|Protect
|move|p1a: Mawile|Rock Slide|p2a: Gyarados|[spread] p2b
|-activate|p2a: Gyarados|move: Protect
|-damage|p2b: Sinistcha|71/100
|move|p1b: Farigiraf|Psychic Fangs|p2b: Sinistcha
|-damage|p2b: Sinistcha|62/100
|cant|p2b: Sinistcha|flinch
|
|-damage|p1b: Farigiraf|13/100 brn|[from] brn
|upkeep
|turn|8
|inactive|JCosio has 30 seconds left.
|inactive|bowlingbulbenjoyer has 30 seconds left.
|inactive|JCosio has 20 seconds left.
|inactive|bowlingbulbenjoyer has 20 seconds left.
|inactive|JCosio has 15 seconds left.
|inactive|bowlingbulbenjoyer has 15 seconds left.
|inactive|bowlingbulbenjoyer has 10 seconds left.
|
|t:|1782373451
|switch|p2a: Aerodactyl|Aerodactyl, L50, F|8/100
|-ability|p2a: Aerodactyl|Unnerve
|move|p1a: Mawile|Rock Slide|p2a: Aerodactyl|[spread] p2a,p2b
|-supereffective|p2a: Aerodactyl|1
|-damage|p2a: Aerodactyl|0 fnt
|-damage|p2b: Sinistcha|38/100
|-enditem|p2b: Sinistcha|Sitrus Berry|[eat]
|-heal|p2b: Sinistcha|62/100|[from] item: Sitrus Berry
|faint|p2a: Aerodactyl
|move|p1b: Farigiraf|Thunderbolt|p2b: Sinistcha
|-resisted|p2b: Sinistcha|1
|-damage|p2b: Sinistcha|48/100
|move|p2b: Sinistcha|Matcha Gotcha|p1b: Farigiraf|[spread] p1a,p1b
|-resisted|p1a: Mawile|1
|-crit|p1b: Farigiraf
|-damage|p1a: Mawile|85/100
|-heal|p2b: Sinistcha|55/100|[from] drain|[of] p1a: Mawile
|-damage|p1b: Farigiraf|0 fnt
|-heal|p2b: Sinistcha|62/100|[from] drain|[of] p1b: Farigiraf
|faint|p1b: Farigiraf
|
|upkeep
|
|t:|1782373474
|switch|p2a: Gyarados|Gyarados-Mega, L50, M|1/100
|-ability|p2a: Gyarados|Mold Breaker
|turn|9
|
|t:|1782373479
|move|p2a: Gyarados|Protect|p2a: Gyarados
|-singleturn|p2a: Gyarados|Protect
|move|p1a: Mawile|Rock Slide|p2b: Sinistcha|[spread] p2b
|-activate|p2a: Gyarados|move: Protect
|-damage|p2b: Sinistcha|35/100
|move|p2b: Sinistcha|Life Dew|p2b: Sinistcha|[spread] p2a,p2b
|-heal|p2a: Gyarados|26/100
|-heal|p2b: Sinistcha|61/100
|
|upkeep
|turn|10
|
|t:|1782373499
|move|p2b: Sinistcha|Rage Powder|p2b: Sinistcha
|-singleturn|p2b: Sinistcha|move: Rage Powder
|move|p1a: Mawile|Rock Slide|p2b: Sinistcha|[spread] p2a,p2b
|-damage|p2a: Gyarados|0 fnt
|-damage|p2b: Sinistcha|36/100
|faint|p2a: Gyarados
|
|-fieldend|move: Trick Room
|upkeep
|
|t:|1782373505
|switch|p2a: Hydreigon|Hydreigon, L50, F|100/100
|turn|11
|
|t:|1782373517
|move|p1a: Mawile|Protect|p1a: Mawile
|-singleturn|p1a: Mawile|Protect
|move|p2b: Sinistcha|Rage Powder|p2b: Sinistcha
|-singleturn|p2b: Sinistcha|move: Rage Powder
|move|p2a: Hydreigon|Flash Cannon|p1a: Mawile
|-activate|p1a: Mawile|move: Protect
|
|upkeep
|turn|12
|
|t:|1782373539
|move|p2b: Sinistcha|Rage Powder|p2b: Sinistcha
|-singleturn|p2b: Sinistcha|move: Rage Powder
|move|p2a: Hydreigon|Flash Cannon|p1a: Mawile
|-damage|p1a: Mawile|52/100
|move|p1a: Mawile|Play Rough|p2b: Sinistcha
|-damage|p2b: Sinistcha|0 fnt
|faint|p2b: Sinistcha
|
|upkeep
|turn|13
|
|t:|1782373549
|move|p2a: Hydreigon|Flash Cannon|p1a: Mawile
|-damage|p1a: Mawile|20/100y
|move|p1a: Mawile|Play Rough|p2a: Hydreigon
|-supereffective|p2a: Hydreigon|2
|-damage|p2a: Hydreigon|0 fnt
|faint|p2a: Hydreigon
|
|win|JCosio
||JCosio is ready for game 3.
||bowlingbulbenjoyer is ready for game 3.
|uhtml|next|Next: Game 3 of 3
|l|☆bowlingbulbenjoyer
|player|p2|
