|j|☆nikolasnaiz
|j|☆mariocansado
|html|nikolasnaizmariocansado    
|uhtml|bestof|Game 2 of a best-of-3
|t:|1756672149
|gametype|doubles
|player|p1|nikolasnaiz|larry|1168
|player|p2|mariocansado|arven-s|1125
|gen|9
|tier|[Gen 9] VGC 2025 Reg H (Bo3)
|rated|
|rule|Species Clause: Limit one of each Pokémon
|rule|Item Clause: Limit 1 of each item
|clearpoke
|poke|p1|Dragonite, L50, F|
|poke|p1|Ursaluna-Bloodmoon, L50, M|
|poke|p1|Annihilape, L50, F|
|poke|p1|Volcarona, L50, F|
|poke|p1|Rillaboom, L50, F|
|poke|p1|Incineroar, L50, M|
|poke|p2|Rillaboom, L50, M|
|poke|p2|Dragapult, L50, M|
|poke|p2|Electabuzz, L50, F|
|poke|p2|Volcarona, L50, M|
|poke|p2|Whimsicott, L50, M|
|poke|p2|Arcanine-Hisui, L50, F|
|teampreview|4
|showteam|p1|Dragonite||LoadedDice|Multiscale|Protect,ScaleShot,Tailwind,Haze|||F|||50|,,,,,Steel]Ursaluna-Bloodmoon||FocusSash|MindsEye|Protect,BloodMoon,EarthPower,HyperVoice|||M|||50|,,,,,Normal]Annihilape||LumBerry|Defiant|Protect,RageFist,CloseCombat,Taunt|||F|||50|,,,,,Fire]Volcarona||CovertCloak|FlameBody|Protect,QuiverDance,HeatWave,TeraBlast|||F|||50|,,,,,Fairy]Rillaboom||AssaultVest|GrassySurge|FakeOut,WoodHammer,GrassyGlide,HighHorsepower|||F|||50|,,,,,Fire]Incineroar||SafetyGoggles|Intimidate|FakeOut,PartingShot,FlareBlitz,KnockOff|||M|||50|,,,,,Ghost
|showteam|p2|Rillaboom||AssaultVest|GrassySurge|FakeOut,WoodHammer,Uturn,GrassyGlide|||M|||50|,,,,,Fire]Dragapult||ChoiceBand|ClearBody|DragonDarts,DragonClaw,PhantomForce,Uturn|||M|||50|,,,,,Dragon]Electabuzz||Eviolite|VitalSpirit|Thunderbolt,Taunt,FollowMe,Protect|||F|||50|,,,,,Ghost]Volcarona||Leftovers|FlameBody|HeatWave,QuiverDance,Protect,GigaDrain|||M|||50|,,,,,Grass]Whimsicott||CovertCloak|Prankster|SunnyDay,Moonblast,Encore,Tailwind|||M|||50|,,,,,Dark]Arcanine-Hisui||SafetyGoggles|Intimidate|RockSlide,FlareBlitz,ExtremeSpeed,Protect|||F|||50|,,,,,Fairy
|inactive|Battle timer is ON: inactive players will automatically lose when time's up. (requested by nikolasnaiz)
|
|t:|1756672166
|teamsize|p1|4
|teamsize|p2|4
|start
|switch|p1a: Incineroar|Incineroar, L50, M, shiny|100/100
|switch|p1b: Annihilape|Annihilape, L50, F, shiny|100/100
|switch|p2a: Whimsicott|Whimsicott, L50, M|100/100
|switch|p2b: Dragapult|Dragapult, L50, M|100/100
|-ability|p1a: Incineroar|Intimidate|boost
|-unboost|p2a: Whimsicott|atk|1
|-fail|p2b: Dragapult|unboost|[from] ability: Clear Body|[of] p2b: Dragapult
|turn|1
|inactive|nikolasnaiz has 30 seconds left.
|inactive|mariocansado has 30 seconds left.
|
|t:|1756672195
|move|p2a: Whimsicott|Tailwind|p2a: Whimsicott
|-sidestart|p2: mariocansado|move: Tailwind
|move|p2b: Dragapult|Phantom Force||[still]
|-prepare|p2b: Dragapult|Phantom Force
|move|p1b: Annihilape|Taunt|p2a: Whimsicott
|-start|p2a: Whimsicott|move: Taunt
|move|p1a: Incineroar|Knock Off|p2b: Dragapult|[miss]
|-miss|p1a: Incineroar|p2b: Dragapult
|
|upkeep
|turn|2
|
|t:|1756672210
|switch|p2a: Arcanine|Arcanine-Hisui, L50, F|100/100
|-ability|p2a: Arcanine|Intimidate|boost
|-unboost|p1a: Incineroar|atk|1
|-unboost|p1b: Annihilape|atk|1
|-ability|p1b: Annihilape|Defiant|boost
|-boost|p1b: Annihilape|atk|2
|switch|p1b: Rillaboom|Rillaboom, L50, F|100/100
|-fieldstart|move: Grassy Terrain|[from] ability: Grassy Surge|[of] p1b: Rillaboom
|move|p2b: Dragapult|Phantom Force|p1b: Rillaboom|[from] lockedmove
|-damage|p1b: Rillaboom|31/100
|move|p1a: Incineroar|Knock Off|p2b: Dragapult
|-supereffective|p2b: Dragapult
|-damage|p2b: Dragapult|30/100
|-enditem|p2b: Dragapult|Choice Band|[from] move: Knock Off|[of] p1a: Incineroar
|
|-heal|p2b: Dragapult|36/100|[from] Grassy Terrain
|-heal|p1b: Rillaboom|37/100|[from] Grassy Terrain
|upkeep
|turn|3
|inactive|mariocansado has 30 seconds left.
|
|t:|1756672245
|-terastallize|p2b: Dragapult|Dragon
|move|p2b: Dragapult|Dragon Darts|p1a: Incineroar
|-damage|p1a: Incineroar|69/100
|-anim|p2b: Dragapult|Dragon Darts|p1b: Rillaboom
|-damage|p1b: Rillaboom|0 fnt
|faint|p1b: Rillaboom
|move|p2a: Arcanine|Rock Slide|p1a: Incineroar
|-supereffective|p1a: Incineroar
|-damage|p1a: Incineroar|9/100
|move|p1a: Incineroar|Knock Off|p2b: Dragapult
|-damage|p2b: Dragapult|13/100
|
|-heal|p2b: Dragapult|19/100|[from] Grassy Terrain
|-heal|p1a: Incineroar|15/100|[from] Grassy Terrain
|upkeep
|
|t:|1756672252
|switch|p1b: Volcarona|Volcarona, L50, F|100/100
|turn|4
|
|t:|1756672268
|-terastallize|p1b: Volcarona|Fairy
|move|p2b: Dragapult|U-turn|p1b: Volcarona
|-resisted|p1b: Volcarona
|-damage|p1b: Volcarona|88/100
|-status|p2b: Dragapult|brn|[from] ability: Flame Body|[of] p1b: Volcarona
|
|t:|1756672277
|switch|p2b: Volcarona|Volcarona, L50, M|100/100|[from] U-turn
|move|p2a: Arcanine|Rock Slide|p1b: Volcarona|[spread] p1b
|-miss|p2a: Arcanine|p1a: Incineroar
|-damage|p1b: Volcarona|56/100
|move|p1b: Volcarona|Quiver Dance|p1b: Volcarona
|-boost|p1b: Volcarona|spa|1
|-boost|p1b: Volcarona|spd|1
|-boost|p1b: Volcarona|spe|1
|move|p1a: Incineroar|Knock Off|p2a: Arcanine
|-damage|p2a: Arcanine|70/100
|-enditem|p2a: Arcanine|Safety Goggles|[from] move: Knock Off|[of] p1a: Incineroar
|
|-heal|p2a: Arcanine|76/100|[from] Grassy Terrain
|-heal|p1b: Volcarona|62/100|[from] Grassy Terrain
|-heal|p1a: Incineroar|21/100|[from] Grassy Terrain
|-sideend|p2: mariocansado|move: Tailwind
|upkeep
|turn|5
|
|t:|1756672298
|move|p2b: Volcarona|Protect|p2b: Volcarona
|-singleturn|p2b: Volcarona|Protect
|move|p1b: Volcarona|Heat Wave|p2a: Arcanine|[spread] p2a
|-activate|p2b: Volcarona|move: Protect
|-resisted|p2a: Arcanine
|-damage|p2a: Arcanine|61/100
|move|p2a: Arcanine|Flare Blitz|p1b: Volcarona
|-damage|p1b: Volcarona|0 fnt
|faint|p1b: Volcarona
|-damage|p2a: Arcanine|40/100|[from] Recoil
|move|p1a: Incineroar|Parting Shot|p2b: Volcarona
|-activate|p2b: Volcarona|move: Protect
|
|-heal|p2a: Arcanine|47/100|[from] Grassy Terrain
|-heal|p1a: Incineroar|27/100|[from] Grassy Terrain
|upkeep
|
|t:|1756672305
|switch|p1b: Annihilape|Annihilape, L50, F, shiny|100/100
|turn|6
|-message|nikolasnaiz forfeited.
|
|win|mariocansado
|raw|nikolasnaiz's rating: 1168 → 1140(-28 for losing)
|raw|mariocansado's rating: 1125 → 1153(+28 for winning)
|l|☆nikolasnaiz
|player|p1|
