|j|☆Farei Jr VGC
|j|☆Quill86
|html|Farei Jr VGCQuill86    
|uhtml|bestof|Game 1 of a best-of-3
|t:|1756764369
|gametype|doubles
|player|p1|Farei Jr VGC|hiker-gen7|1438
|player|p2|Quill86|lucas|1326
|gen|9
|tier|[Gen 9] VGC 2025 Reg H (Bo3)
|rated|
|rule|Species Clause: Limit one of each Pokémon
|rule|Item Clause: Limit 1 of each item
|clearpoke
|poke|p1|Maushold-Four, L50|
|poke|p1|Annihilape, L50, F|
|poke|p1|Rillaboom, L50, M|
|poke|p1|Klefki, L50, F|
|poke|p1|Volcarona, L50, M|
|poke|p1|Tyranitar, L50, F|
|poke|p2|Indeedee-F, L50, F|
|poke|p2|Gallade, L50, M|
|poke|p2|Torkoal, L50, F|
|poke|p2|Ursaluna, L50, M|
|poke|p2|Hatterene, L50, F|
|poke|p2|Smeargle, L50, F|
|teampreview|4
|showteam|p1|Maushold-Four||SafetyGoggles|FriendGuard|Protect,BeatUp,Taunt,FollowMe||||||50|,,,,,Ghost]Annihilape||Leftovers|Defiant|Protect,RageFist,BulkUp,DrainPunch|||F|||50|,,,,,Fire]Rillaboom||MeadowPlate|GrassySurge|FakeOut,WoodHammer,GrassyGlide,Uturn|||M|||50|,,,,,Grass]Klefki||LightClay|Prankster|Reflect,LightScreen,ThunderWave,DazzlingGleam|||F|||50|,,,,,Water]Volcarona||GrassySeed|FlameBody|Protect,GigaDrain,QuiverDance,HeatWave|||M|||50|,,,,,Grass]Tyranitar||AssaultVest|SandStream|TeraBlast,RockSlide,LowKick,KnockOff|||F|||50|,,,,,Flying
|showteam|p2|Indeedee-F||PsychicSeed|PsychicSurge|FollowMe,TrickRoom,HelpingHand,DazzlingGleam|||F|||50|,,,,,Fairy]Gallade||ClearAmulet|Sharpness|SacredSword,WideGuard,TrickRoom,PsychoCut|||M|||50|,,,,,Grass]Torkoal||ChoiceSpecs|Drought|Eruption,WeatherBall,EarthPower,HeatWave|||F|||50|,,,,,Fire]Ursaluna||FlameOrb|Guts|Protect,HeadlongRush,Facade,Earthquake|||M|||50|,,,,,Ghost]Hatterene||LifeOrb|MagicBounce|DazzlingGleam,ExpandingForce,MysticalFire,TrickRoom|||F|||50|,,,,,Fire]Smeargle||FocusSash|Moody|FakeOut,Spore,Instruct,FollowMe|||F|||50|,,,,,Ghost
|inactive|Battle timer is ON: inactive players will automatically lose when time's up. (requested by Farei Jr VGC)
|inactive|Quill86 has 60 seconds left.
|
|t:|1756764411
|teamsize|p1|4
|teamsize|p2|4
|start
|switch|p1a: Klefki|Klefki, L50, F|100/100
|switch|p1b: Volcarona|Volcarona, L50, M|100/100
|switch|p2a: Indeedee|Indeedee-F, L50, F|100/100
|switch|p2b: Gallade|Gallade, L50, M|100/100
|-fieldstart|move: Psychic Terrain|[from] ability: Psychic Surge|[of] p2a: Indeedee
|-enditem|p2a: Indeedee|Psychic Seed
|-boost|p2a: Indeedee|spd|1|[from] item: Psychic Seed
|turn|1
|
|t:|1756764431
|move|p2a: Indeedee|Helping Hand|p2b: Gallade
|-singleturn|p2b: Gallade|Helping Hand|[of] p2a: Indeedee
|move|p1b: Volcarona|Protect|p1b: Volcarona
|-singleturn|p1b: Volcarona|Protect
|move|p1a: Klefki|Reflect|p1a: Klefki
|-sidestart|p1: Farei Jr VGC|Reflect
|move|p2b: Gallade|Psycho Cut|p1b: Volcarona
|-activate|p1b: Volcarona|move: Protect
|
|upkeep
|turn|2
|
|t:|1756764442
|switch|p1a: Rillaboom|Rillaboom, L50, M|100/100
|-fieldstart|move: Grassy Terrain|[from] ability: Grassy Surge|[of] p1a: Rillaboom
|-enditem|p1b: Volcarona|Grassy Seed
|-boost|p1b: Volcarona|def|1|[from] item: Grassy Seed
|move|p2a: Indeedee|Helping Hand|p2b: Gallade
|-singleturn|p2b: Gallade|Helping Hand|[of] p2a: Indeedee
|move|p1b: Volcarona|Quiver Dance|p1b: Volcarona
|-boost|p1b: Volcarona|spa|1
|-boost|p1b: Volcarona|spd|1
|-boost|p1b: Volcarona|spe|1
|move|p2b: Gallade|Psycho Cut|p1b: Volcarona
|-damage|p1b: Volcarona|60/100
|
|-heal|p1b: Volcarona|67/100|[from] Grassy Terrain
|upkeep
|turn|3
|
|t:|1756764467
|switch|p2a: Torkoal|Torkoal, L50, F|100/100
|-weather|SunnyDay|[from] ability: Drought|[of] p2a: Torkoal
|move|p1b: Volcarona|Quiver Dance|p1b: Volcarona
|-boost|p1b: Volcarona|spa|1
|-boost|p1b: Volcarona|spd|1
|-boost|p1b: Volcarona|spe|1
|move|p1a: Rillaboom|U-turn|p2a: Torkoal
|-resisted|p2a: Torkoal
|-crit|p2a: Torkoal
|-damage|p2a: Torkoal|86/100
|
|t:|1756764480
|switch|p1a: Klefki|Klefki, L50, F|100/100|[from] U-turn
|move|p2b: Gallade|Trick Room|p2b: Gallade
|-fieldstart|move: Trick Room|[of] p2b: Gallade
|
|-weather|SunnyDay|[upkeep]
|-heal|p2a: Torkoal|93/100|[from] Grassy Terrain
|-heal|p1b: Volcarona|73/100|[from] Grassy Terrain
|upkeep
|turn|4
|
|t:|1756764491
|switch|p1a: Tyranitar|Tyranitar, L50, F|100/100
|-weather|Sandstorm|[from] ability: Sand Stream|[of] p1a: Tyranitar
|-terastallize|p2a: Torkoal|Fire
|move|p2a: Torkoal|Eruption|p1a: Tyranitar|[spread] p1a,p1b
|-resisted|p1a: Tyranitar
|-damage|p1a: Tyranitar|81/100
|-damage|p1b: Volcarona|30/100
|move|p2b: Gallade|Psycho Cut|p1b: Volcarona
|-damage|p1b: Volcarona|0 fnt
|faint|p1b: Volcarona
|
|-weather|Sandstorm|[upkeep]
|-damage|p2a: Torkoal|86/100|[from] Sandstorm
|-damage|p2b: Gallade|95/100|[from] Sandstorm
|-heal|p2a: Torkoal|93/100|[from] Grassy Terrain
|-heal|p2b: Gallade|100/100|[from] Grassy Terrain
|-heal|p1a: Tyranitar|87/100|[from] Grassy Terrain
|upkeep
|
|t:|1756764502
|switch|p1b: Klefki|Klefki, L50, F|100/100
|turn|5
|
|t:|1756764509
|-terastallize|p1a: Tyranitar|Flying
|move|p1b: Klefki|Light Screen|p1b: Klefki
|-sidestart|p1: Farei Jr VGC|move: Light Screen
|move|p2a: Torkoal|Eruption|p1a: Tyranitar|[spread] p1a,p1b
|-supereffective|p1b: Klefki
|-damage|p1a: Tyranitar|49/100
|-damage|p1b: Klefki|0 fnt
|faint|p1b: Klefki
|move|p2b: Gallade|Sacred Sword|p1a: Tyranitar
|-resisted|p1a: Tyranitar
|-damage|p1a: Tyranitar|28/100
|move|p1a: Tyranitar|Tera Blast|p2b: Gallade|[anim] Tera Blast Flying
|-supereffective|p2b: Gallade
|-damage|p2b: Gallade|0 fnt
|faint|p2b: Gallade
|
|-weather|Sandstorm|[upkeep]
|-damage|p2a: Torkoal|86/100|[from] Sandstorm
|-damage|p1a: Tyranitar|22/100|[from] Sandstorm
|-heal|p2a: Torkoal|93/100|[from] Grassy Terrain
|upkeep
|
|t:|1756764526
|switch|p2b: Hatterene|Hatterene, L50, F|100/100
|switch|p1b: Rillaboom|Rillaboom, L50, M|100/100
|turn|6
|
|t:|1756764532
|switch|p2a: Indeedee|Indeedee-F, L50, F|100/100
|-fieldstart|move: Psychic Terrain|[from] ability: Psychic Surge|[of] p2a: Indeedee
|move|p1b: Rillaboom|Fake Out|p2a: Indeedee
|-activate|p2a: Indeedee|move: Psychic Terrain
|move|p2b: Hatterene|Expanding Force|p1a: Tyranitar|[spread] p1a,p1b
|-damage|p1a: Tyranitar|0 fnt
|-damage|p1b: Rillaboom|29/100
|faint|p1a: Tyranitar
|-damage|p2b: Hatterene|91/100|[from] item: Life Orb
|
|-weather|Sandstorm|[upkeep]
|-damage|p2b: Hatterene|85/100|[from] Sandstorm
|-damage|p2a: Indeedee|94/100|[from] Sandstorm
|-damage|p1b: Rillaboom|22/100|[from] Sandstorm
|upkeep
|turn|7
|-message|Farei Jr VGC forfeited.
|
|win|Quill86
||Farei Jr VGC is ready for game 2.
||Farei Jr VGC is ready for game 2.
