|j|☆Kyooby
|j|☆Donzoabuser
|html|KyoobyDonzoabuser    
|uhtml|bestof|Game 1 of a best-of-3
|t:|1757667988
|gametype|doubles
|player|p1|Kyooby|volkner|1050
|player|p2|Donzoabuser|2|1053
|gen|9
|tier|[Gen 9] VGC 2025 Reg H (Bo3)
|rated|
|rule|Species Clause: Limit one of each Pokémon
|rule|Item Clause: Limit 1 of each item
|clearpoke
|poke|p1|Sinistcha, L50|
|poke|p1|Archaludon, L50, M|
|poke|p1|Pelipper, L50, M|
|poke|p1|Basculegion, L50, M|
|poke|p1|Hydreigon, L50, M|
|poke|p1|Electrode-Hisui, L50|
|poke|p2|Dondozo, L50, M|
|poke|p2|Tatsugiri, L50, M|
|poke|p2|Annihilape, L50, F|
|poke|p2|Dragonite, L50, M|
|poke|p2|Ninetales-Alola, L50, M|
|poke|p2|Typhlosion, L50, M|
|teampreview|4
|showteam|p1|Sinistcha||SitrusBerry|Hospitality|MatchaGotcha,StrengthSap,RagePowder,TrickRoom||||||50|,,,,,Fire]Archaludon||AssaultVest|Stamina|DragonPulse,FlashCannon,ElectroShot,BodyPress|||M|||50|,,,,,Bug]Pelipper||FocusSash|Drizzle|WeatherBall,Hurricane,Tailwind,Protect|||M|||50|,,,,,Stellar]Basculegion||LifeOrb|SwiftSwim|WaveCrash,LastRespects,AquaJet,Protect|||M|||50|,,,,,Grass]Hydreigon||ScopeLens|Levitate|DracoMeteor,DarkPulse,FocusEnergy,Protect|||M|||50|,,,,,Steel]Electrode-Hisui||LoadedDice|Soundproof|BulletSeed,Electroweb,Taunt,RainDance||||||50|,,,,,Ghost
|showteam|p2|Dondozo||Leftovers|Unaware|Protect,WaveCrash,Earthquake,OrderUp|||M|||50|,,,,,Steel]Tatsugiri||ChoiceSpecs|Commander|DracoMeteor,MuddyWater,IcyWind,DragonPulse|||M|||50|,,,,,Ghost]Annihilape||SafetyGoggles|Defiant|DrainPunch,RageFist,BulkUp,Protect|||F|||50|,,,,,Water]Dragonite||LoadedDice|Multiscale|Protect,ScaleShot,Tailwind,IceSpinner|||M|||50|,,,,,Fairy]Ninetales-Alola||LightClay|SnowWarning|Blizzard,FreezeDry,AuroraVeil,Moonblast|||M|||50|,,,,,Ghost]Typhlosion||ChoiceScarf|FlashFire|Eruption,Flamethrower,ScorchingSands,Overheat|||M|||50|,,,,,Fire
|inactive|Battle timer is ON: inactive players will automatically lose when time's up. (requested by Kyooby)
|inactive|Kyooby has 60 seconds left.
|
|t:|1757668032
|teamsize|p1|4
|teamsize|p2|4
|start
|switch|p1a: Electrode|Electrode-Hisui, L50, shiny|100/100
|switch|p1b: Hydreigon|Hydreigon, L50, M|100/100
|switch|p2a: Annihilape|Annihilape, L50, F|100/100
|switch|p2b: Ninetales|Ninetales-Alola, L50, M|100/100
|-weather|Snowscape|[from] ability: Snow Warning|[of] p2b: Ninetales
|turn|1
|inactive|Kyooby has 30 seconds left.
|inactive|Kyooby has 20 seconds left.
|
|t:|1757668069
|move|p1b: Hydreigon|Protect|p1b: Hydreigon
|-singleturn|p1b: Hydreigon|Protect
|move|p1a: Electrode|Rain Dance|p1a: Electrode
|-weather|RainDance
|move|p2b: Ninetales|Blizzard|p1b: Hydreigon|[spread] p1a
|-activate|p1b: Hydreigon|move: Protect
|-supereffective|p1a: Electrode
|-damage|p1a: Electrode|14/100
|move|p2a: Annihilape|Bulk Up|p2a: Annihilape
|-boost|p2a: Annihilape|atk|1
|-boost|p2a: Annihilape|def|1
|
|-weather|RainDance|[upkeep]
|upkeep
|turn|2
|
|t:|1757668093
|-terastallize|p1b: Hydreigon|Steel
|move|p1a: Electrode|Taunt|p2a: Annihilape
|-start|p2a: Annihilape|move: Taunt
|move|p2b: Ninetales|Freeze-Dry|p1a: Electrode
|-supereffective|p1a: Electrode
|-damage|p1a: Electrode|0 fnt
|faint|p1a: Electrode
|move|p1b: Hydreigon|Focus Energy|p1b: Hydreigon
|-start|p1b: Hydreigon|move: Focus Energy
|move|p2a: Annihilape|Drain Punch|p1b: Hydreigon
|-supereffective|p1b: Hydreigon
|-damage|p1b: Hydreigon|6/100
|
|-weather|RainDance|[upkeep]
|upkeep
|
|t:|1757668109
|switch|p1a: Basculegion|Basculegion, L50, M|100/100
|turn|3
|
|t:|1757668131
|-terastallize|p2a: Annihilape|Water
|move|p1b: Hydreigon|Protect|p1b: Hydreigon
|-singleturn|p1b: Hydreigon|Protect
|move|p1a: Basculegion|Wave Crash|p2b: Ninetales
|-damage|p2b: Ninetales|0 fnt
|faint|p2b: Ninetales
|-damage|p1a: Basculegion|75/100|[from] Recoil
|-damage|p1a: Basculegion|66/100|[from] item: Life Orb
|move|p2a: Annihilape|Rage Fist|p1a: Basculegion
|-supereffective|p1a: Basculegion
|-damage|p1a: Basculegion|0 fnt
|faint|p1a: Basculegion
|
|-weather|RainDance|[upkeep]
|upkeep
|
|t:|1757668144
|switch|p2b: Dondozo|Dondozo, L50, M|100/100
|switch|p1a: Pelipper|Pelipper, L50, M|100/100
|turn|4
|
|t:|1757668153
|move|p2b: Dondozo|Protect|p2b: Dondozo
|-singleturn|p2b: Dondozo|Protect
|move|p1b: Hydreigon|Draco Meteor|p2a: Annihilape
|-crit|p2a: Annihilape
|-damage|p2a: Annihilape|22/100
|-unboost|p1b: Hydreigon|spa|2
|move|p2a: Annihilape|Drain Punch|p1b: Hydreigon
|-supereffective|p1b: Hydreigon
|-damage|p1b: Hydreigon|0 fnt
|-heal|p2a: Annihilape|24/100|[from] drain|[of] p1b: Hydreigon
|faint|p1b: Hydreigon
|move|p1a: Pelipper|Tailwind|p1a: Pelipper
|-sidestart|p1: Kyooby|move: Tailwind
|
|-weather|RainDance|[upkeep]
|-end|p2a: Annihilape|move: Taunt
|upkeep
|turn|5
|-message|Kyooby forfeited.
|
|win|Donzoabuser
||Kyooby is ready for game 2.
|inactive|Donzoabuser has 30 seconds to confirm battle start!
|l|☆Donzoabuser
|player|p2|
||Donzoabuser is ready for game 2.
|uhtml|next|Next: Game 2 of 3
