|j|☆jomivgc
|j|☆Treecko25
|html|jomivgcTreecko25    
|uhtml|bestof|Game 2 of a best-of-3
|t:|1783714763
|gametype|doubles
|player|p1|jomivgc|falkner-gen2|1184
|player|p2|Treecko25|hilda|1246
|gen|9
|tier|[Gen 9 Champions] VGC 2026 Reg M-B (Bo3)
|rated|
|rule|Species Clause: Limit one of each Pokémon
|rule|Item Clause: Limit 1 of each item
|clearpoke
|poke|p1|Kleavor, L50, M|
|poke|p1|Sinistcha, L50|
|poke|p1|Archaludon, L50, F|
|poke|p1|Swampert, L50, M|
|poke|p1|Froslass, L50, F|
|poke|p1|Pelipper, L50, F|
|poke|p2|Sceptile, L50, M, shiny|
|poke|p2|Rotom-Wash, L50|
|poke|p2|Floette-Eternal, L50, F|
|poke|p2|Garchomp, L50, F|
|poke|p2|Kingambit, L50, M|
|poke|p2|Talonflame, L50, F|
|teampreview|4
|showteam|p1|Kleavor||ChoiceScarf|Sharpness|StoneAxe,XScissor,CloseCombat,NightSlash|Jolly||M|||50|]Sinistcha||KasibBerry|Hospitality|MatchaGotcha,Protect,RagePowder,TrickRoom|Modest|||||50|]Archaludon||Leftovers|Stamina|FlashCannon,Protect,ElectroShot,DragonPulse|Modest||F|||50|]Swampert||Swampertite|Damp|WaveCrash,Earthquake,RockSlide,Protect|Adamant||M|||50|]Froslass||Froslassite|CursedBody|Blizzard,RainDance,AuroraVeil,Protect|Modest||F|||50|]Pelipper||FocusSash|Drizzle|Hurricane,WeatherBall,WideGuard,Tailwind|Modest||F|||50|
|showteam|p2|Sceptile||Sceptilite|Overgrow|DragonPulse,EnergyBall,EarthPower,Detect|Timid||M|||50|]Rotom-Wash||ChoiceScarf|Levitate|Discharge,HydroPump,Thunderbolt,VoltSwitch|Timid|||||50|]Floette-Eternal||Floettite|FlowerVeil|DrainingKiss,DazzlingGleam,CalmMind,Protect|Modest||F|||50|]Garchomp||LifeOrb|RoughSkin|StompingTantrum,DragonClaw,RockSlide,Protect|Jolly||F|||50|]Kingambit||ChopleBerry|Defiant|KowtowCleave,SuckerPunch,IronHead,Protect|Adamant||M|||50|]Talonflame||SharpBeak|GaleWings|DualWingbeat,FlareBlitz,Tailwind,QuickGuard|Jolly||F|||50|
|inactive|Battle timer is ON: inactive players will automatically lose when time's up. (requested by jomivgc)
|inactive|jomivgc has 60 seconds left.
|
|t:|1783714800
|teamsize|p1|4
|teamsize|p2|4
|start
|switch|p1a: Pelipper|Pelipper, L50, F|100/100
|switch|p1b: Swampert|Swampert, L50, M|100/100
|switch|p2a: Talonflame|Talonflame, L50, F|100/100
|switch|p2b: ガブリアス|Garchomp, L50, F|100/100
|-weather|RainDance|[from] ability: Drizzle|[of] p1a: Pelipper
|turn|1
|
|t:|1783714819
|detailschange|p1b: Swampert|Swampert-Mega, L50, M
|-mega|p1b: Swampert|Swampert|Swampertite
|move|p2a: Talonflame|Tailwind|p2a: Talonflame
|-sidestart|p2: Treecko25|move: Tailwind
|move|p2b: ガブリアス|Rock Slide|p1a: Pelipper|[spread] p1a,p1b
|-supereffective|p1a: Pelipper|1
|-resisted|p1b: Swampert|1
|-damage|p1a: Pelipper|31/100
|-damage|p1b: Swampert|89/100
|-damage|p2b: ガブリアス|90/100|[from] item: Life Orb
|move|p1b: Swampert|Wave Crash|p2a: Talonflame
|-supereffective|p2a: Talonflame|1
|-damage|p2a: Talonflame|0 fnt
|faint|p2a: Talonflame
|-damage|p1b: Swampert|58/100|[from] Recoil
|move|p1a: Pelipper|Tailwind|p1a: Pelipper
|-sidestart|p1: jomivgc|move: Tailwind
|
|-weather|RainDance|[upkeep]
|upkeep
|
|t:|1783714835
|switch|p2a: Sceptile|Sceptile, L50, M, shiny|100/100
|turn|2
|inactive|jomivgc has 30 seconds left.
|
|t:|1783714868
|detailschange|p2a: Sceptile|Sceptile-Mega, L50, M, shiny
|-mega|p2a: Sceptile|Sceptile|Sceptilite
|move|p2a: Sceptile|Detect|p2a: Sceptile
|-singleturn|p2a: Sceptile|Protect
|move|p1b: Swampert|Wave Crash|p2b: ガブリアス
|-damage|p2b: ガブリアス|0 fnt
|-damage|p1b: Swampert|46/100|[from] ability: Rough Skin|[of] p2b: ガブリアス
|faint|p2b: ガブリアス
|-damage|p1b: Swampert|14/100|[from] Recoil
|move|p1a: Pelipper|Hurricane|p2a: Sceptile
|-activate|p2a: Sceptile|move: Protect
|
|-weather|RainDance|[upkeep]
|upkeep
|
|t:|1783714878
|switch|p2b: Rotom|Rotom-Wash, L50|100/100
|turn|3
|
|t:|1783714900
|move|p1a: Pelipper|Wide Guard|p1a: Pelipper
|-singleturn|p1a: Pelipper|Wide Guard
|move|p1b: Swampert|Rock Slide|p2b: Rotom|[spread] 
|-miss|p1b: Swampert|p2a: Sceptile
|-miss|p1b: Swampert|p2b: Rotom
|move|p2b: Rotom|Hydro Pump|p1b: Swampert
|-damage|p1b: Swampert|0 fnt
|faint|p1b: Swampert
|move|p2a: Sceptile|Dragon Pulse|p1a: Pelipper
|-damage|p1a: Pelipper|0 fnt
|faint|p1a: Pelipper
|
|-weather|RainDance|[upkeep]
|upkeep
|
|t:|1783714913
|switch|p1b: Kleavor|Kleavor, L50, M|100/100
|switch|p1a: Archaludon|Archaludon, L50, F|100/100
|turn|4
|inactive|jomivgc has 30 seconds left.
|
|t:|1783714946
|move|p2a: Sceptile|Detect|p2a: Sceptile
|-singleturn|p2a: Sceptile|Protect
|move|p2b: Rotom|Hydro Pump|p1b: Kleavor
|-supereffective|p1b: Kleavor|1
|-crit|p1b: Kleavor
|-damage|p1b: Kleavor|0 fnt
|faint|p1b: Kleavor
|move|p1a: Archaludon|Electro Shot||[still]
|-activate|p2a: Sceptile|ability: Lightning Rod
|-prepare|p1a: Archaludon|Electro Shot
|-boost|p1a: Archaludon|spa|1
|-anim|p1a: Archaludon|Electro Shot|p2a: Sceptile
|-activate|p2a: Sceptile|move: Protect
|
|-weather|RainDance|[upkeep]
|-sideend|p1: jomivgc|move: Tailwind
|-sideend|p2: Treecko25|move: Tailwind
|upkeep
|turn|5
|-message|jomivgc forfeited.
|
|win|Treecko25
|raw|jomivgc's rating: 1184 → 1163(-21 for losing)
|raw|Treecko25's rating: 1246 → 1267(+21 for winning)
|l|☆jomivgc
|player|p1|
|j|☆jomivgc
|player|p1|jomivgc|falkner-gen2|
