|j|☆lettitripppp
|j|☆akasia
|html|lettitrippppakasia    
|uhtml|bestof|Game 3 of a best-of-3
|t:|1785797931
|gametype|doubles
|player|p1|lettitripppp|lucas|1186
|player|p2|akasia|265|1131
|gen|9
|tier|[Gen 9 Champions] VGC 2026 Reg M-B (Bo3)
|rated|
|rule|Species Clause: Limit one of each Pokémon
|rule|Item Clause: Limit 1 of each item
|clearpoke
|poke|p1|Charizard, L50, F|
|poke|p1|Floette-Eternal, L50, F|
|poke|p1|Basculegion, L50, M|
|poke|p1|Whimsicott, L50, M, shiny|
|poke|p1|Garchomp, L50, M|
|poke|p1|Kingambit, L50, F, shiny|
|poke|p2|Mawile, L50, F|
|poke|p2|Farigiraf, L50, M|
|poke|p2|Whimsicott, L50, F|
|poke|p2|Garchomp, L50, F|
|poke|p2|Basculegion, L50, M|
|poke|p2|Charizard, L50, F|
|teampreview|4
|showteam|p1|Charizard||CharizarditeY|Blaze|WeatherBall,SolarBeam,HeatWave,Protect|Modest||F|||50|]Floette-Eternal||Floettite|Symbiosis|DazzlingGleam,LightofRuin,Moonblast,Protect|Modest||F|||50|]Basculegion||MysticWater|Adaptability|LastRespects,WaveCrash,AquaJet,Protect|Adamant||M|||50|]Whimsicott||FocusSash|Prankster|Moonblast,Tailwind,Encore,Protect|Timid||M|||50|]Garchomp||LifeOrb|RoughSkin|StompingTantrum,DragonClaw,RockSlide,Protect|Jolly||M|||50|]Kingambit||ChopleBerry|Defiant|KowtowCleave,SuckerPunch,IronHead,LowKick|Adamant||F|||50|
|showteam|p2|Mawile||Mawilite|Intimidate|PlayRough,IronHead,SuckerPunch,Protect|Adamant||F|||50|]Farigiraf||SitrusBerry|ArmorTail|Psychic,HelpingHand,Thunderbolt,TrickRoom|Modest||M|||50|]Whimsicott||FocusSash|Prankster|Moonblast,Tailwind,Encore,Protect|Timid||F|||50|]Garchomp||LifeOrb|RoughSkin|RockSlide,DragonClaw,Earthquake,Protect|Jolly||F|||50|]Basculegion||MysticWater|SwiftSwim|WaveCrash,LastRespects,AquaJet,Protect|Adamant||M|||50|]Charizard||CharizarditeY|SolarPower|HeatWave,SolarBeam,WeatherBall,Protect|Modest||F|||50|
|inactive|Battle timer is ON: inactive players will automatically lose when time's up. (requested by lettitripppp)
|
|t:|1785797965
|teamsize|p1|4
|teamsize|p2|4
|start
|switch|p1a: CRUSH SHARK|Garchomp, L50, M|100/100
|switch|p1b: LETS GO AGAIN|Whimsicott, L50, M, shiny|100/100
|switch|p2a: Mawile|Mawile, L50, F|100/100
|switch|p2b: Whimsicott|Whimsicott, L50, F|100/100
|-ability|p2a: Mawile|Intimidate|boost
|-unboost|p1a: CRUSH SHARK|atk|1
|-unboost|p1b: LETS GO AGAIN|atk|1
|turn|1
|
|t:|1785797981
|switch|p1a: GENERAL BLADUS|Kingambit, L50, F, shiny|100/100
|detailschange|p2a: Mawile|Mawile-Mega, L50, F
|-mega|p2a: Mawile|Mawile|Mawilite
|move|p2a: Mawile|Protect|p2a: Mawile
|-singleturn|p2a: Mawile|Protect
|move|p1b: LETS GO AGAIN|Tailwind|p1b: LETS GO AGAIN
|-sidestart|p1: lettitripppp|move: Tailwind
|move|p2b: Whimsicott|Moonblast|p1a: GENERAL BLADUS
|-damage|p1a: GENERAL BLADUS|65/100
|
|upkeep
|turn|2
|
|t:|1785797994
|switch|p2a: Garchomp|Garchomp, L50, F|100/100
|move|p2b: Whimsicott|Tailwind|p2b: Whimsicott
|-sidestart|p2: akasia|move: Tailwind
|move|p1b: LETS GO AGAIN|Moonblast|p2b: Whimsicott
|-damage|p2b: Whimsicott|42/100
|move|p1a: GENERAL BLADUS|Iron Head|p2b: Whimsicott
|-supereffective|p2b: Whimsicott|1
|-damage|p2b: Whimsicott|0 fnt
|faint|p2b: Whimsicott
|
|upkeep
|
|t:|1785798002
|switch|p2b: Basculegion|Basculegion, L50, M|100/100
|turn|3
|
|t:|1785798010
|move|p2b: Basculegion|Protect|p2b: Basculegion
|-singleturn|p2b: Basculegion|Protect
|move|p1a: GENERAL BLADUS|Sucker Punch|p2a: Garchomp
|-damage|p2a: Garchomp|59/100
|-damage|p1a: GENERAL BLADUS|53/100|[from] ability: Rough Skin|[of] p2a: Garchomp
|move|p1b: LETS GO AGAIN|Moonblast|p2a: Garchomp
|-supereffective|p2a: Garchomp|1
|-damage|p2a: Garchomp|0 fnt
|faint|p2a: Garchomp
|
|upkeep
|
|t:|1785798018
|switch|p2a: Mawile|Mawile-Mega, L50, F|100/100
|turn|4
|c|☆lettitripppp|gg
|
|t:|1785798029
|move|p2b: Basculegion|Aqua Jet|p1b: LETS GO AGAIN
|-resisted|p1b: LETS GO AGAIN|1
|-damage|p1b: LETS GO AGAIN|82/100
|move|p1b: LETS GO AGAIN|Moonblast|p2b: Basculegion
|-damage|p2b: Basculegion|63/100
|move|p2a: Mawile|Play Rough|p1a: GENERAL BLADUS
|-damage|p1a: GENERAL BLADUS|0 fnt
|faint|p1a: GENERAL BLADUS
|
|-sideend|p1: lettitripppp|move: Tailwind
|upkeep
|
|t:|1785798038
|switch|p1a: RUINOUS LIGHT|Floette-Eternal, L50, F|100/100
|turn|5
|
|t:|1785798054
|move|p1b: LETS GO AGAIN|Protect|p1b: LETS GO AGAIN
|-singleturn|p1b: LETS GO AGAIN|Protect
|move|p1a: RUINOUS LIGHT|Protect|p1a: RUINOUS LIGHT
|-singleturn|p1a: RUINOUS LIGHT|Protect
|move|p2b: Basculegion|Wave Crash|p1a: RUINOUS LIGHT
|-activate|p1a: RUINOUS LIGHT|move: Protect
|move|p2a: Mawile|Iron Head|p1b: LETS GO AGAIN
|-activate|p1b: LETS GO AGAIN|move: Protect
|
|-sideend|p2: akasia|move: Tailwind
|upkeep
|turn|6
|
|t:|1785798062
|detailschange|p1a: RUINOUS LIGHT|Floette-Mega, L50, F
|-mega|p1a: RUINOUS LIGHT|Floette|Floettite
|-ability|p1a: RUINOUS LIGHT|Fairy Aura
|move|p2b: Basculegion|Protect|p2b: Basculegion
|-singleturn|p2b: Basculegion|Protect
|move|p1b: LETS GO AGAIN|Moonblast|p2a: Mawile
|-resisted|p2a: Mawile|1
|-damage|p2a: Mawile|71/100
|move|p1a: RUINOUS LIGHT|Light of Ruin|p2a: Mawile
|-resisted|p2a: Mawile|1
|-damage|p2a: Mawile|0 fnt
|faint|p2a: Mawile
|-damage|p1a: RUINOUS LIGHT|62/100|[from] Recoil
|
|upkeep
|turn|7
|-message|akasia forfeited.
|
|win|lettitripppp
|raw|lettitripppp's rating: 1186 → 1207(+21 for winning)
|raw|akasia's rating: 1131 → 1110(-21 for losing)
|l|☆akasia
|player|p2|
