|j|☆PizzaSanwitch
|j|☆FB06
|html|PizzaSanwitchFB06    
|uhtml|bestof|Game 1 of a best-of-3
|t:|1786045462
|gametype|doubles
|player|p1|PizzaSanwitch|102|1105
|player|p2|FB06|hoopster|1115
|gen|9
|tier|[Gen 9 Champions] VGC 2026 Reg M-B (Bo3)
|rated|
|rule|Species Clause: Limit one of each Pokémon
|rule|Item Clause: Limit 1 of each item
|clearpoke
|poke|p1|Pelipper, L50, F|
|poke|p1|Archaludon, L50, M|
|poke|p1|Basculegion, L50, M|
|poke|p1|Grimmsnarl, L50, M|
|poke|p1|Charizard, L50, F|
|poke|p1|Metagross, L50|
|poke|p2|Metagross, L50|
|poke|p2|Floette-Eternal, L50, F|
|poke|p2|Hydreigon, L50, F|
|poke|p2|Talonflame, L50, F|
|poke|p2|Ninetales-Alola, L50, M|
|poke|p2|Gholdengo, L50|
|teampreview|4
|showteam|p1|Pelipper||SitrusBerry|Drizzle|WeatherBall,Hurricane,Tailwind,Protect|Modest||F|||50|]Archaludon||Leftovers|Stamina|ElectroShot,FlashCannon,DragonPulse,Protect|Modest||M|||50|]Basculegion||ChoiceScarf|Adaptability|WaveCrash,LastRespects,AquaJet,FlipTurn|Jolly||M|||50|]Grimmsnarl||LightClay|Prankster|SpiritBreak,Reflect,LightScreen,PartingShot|Sassy||M|||50|]Charizard||CharizarditeY|SolarPower|HeatWave,WeatherBall,Hurricane,Protect|Modest||F|||50|]Metagross||Metagrossite|ClearBody|HardPress,PsychicFangs,BodyPress,Protect|Adamant|||||50|
|showteam|p2|Metagross||Metagrossite|ClearBody|BodyPress,Protect,IronHead,PsychicFangs|Jolly|||||50|]Floette-Eternal||Floettite|FlowerVeil|Moonblast,Protect,Psychic,DazzlingGleam|Modest||F|||50|]Hydreigon||LifeOrb|Levitate|DarkPulse,DracoMeteor,EarthPower,Protect|Modest||F|||50|]Talonflame||SharpBeak|GaleWings|BraveBird,FlareBlitz,Tailwind,Protect|Adamant||F|||50|]Ninetales-Alola||NeverMeltIce|SnowWarning|AuroraVeil,Blizzard,FreezeDry,Protect|Timid||M|||50|]Gholdengo||WhiteHerb|GoodasGold|NastyPlot,MakeItRain,ShadowBall,Protect|Modest|||||50|
|
|t:|1786045547
|teamsize|p1|4
|teamsize|p2|4
|start
|switch|p1a: Charizard|Charizard, L50, F|100/100
|switch|p1b: Grimmsnarl|Grimmsnarl, L50, M|100/100
|switch|p2a: Metagross|Metagross, L50|100/100
|switch|p2b: Gholdengo|Gholdengo, L50|100/100
|turn|1
|
|t:|1786045605
|detailschange|p1a: Charizard|Charizard-Mega-Y, L50, F
|-mega|p1a: Charizard|Charizard|Charizardite Y
|-weather|SunnyDay|[from] ability: Drought|[of] p1a: Charizard
|detailschange|p2a: Metagross|Metagross-Mega, L50
|-mega|p2a: Metagross|Metagross|Metagrossite
|move|p1b: Grimmsnarl|Parting Shot|p2a: Metagross
|-unboost|p2a: Metagross|atk|1
|-unboost|p2a: Metagross|spa|1
|
|t:|1786045612
|switch|p1b: Archaludon|Archaludon, L50, M|100/100|[from] Parting Shot
|move|p2a: Metagross|Psychic Fangs|p1a: Charizard
|-damage|p1a: Charizard|56/100
|move|p1a: Charizard|Heat Wave|p2a: Metagross|[spread] p2a,p2b
|-supereffective|p2a: Metagross|1
|-supereffective|p2b: Gholdengo|1
|-damage|p2a: Metagross|0 fnt
|-damage|p2b: Gholdengo|0 fnt
|faint|p2a: Metagross
|faint|p2b: Gholdengo
|
|-weather|SunnyDay|[upkeep]
|upkeep
|
|t:|1786045624
|switch|p2a: Ninetales|Ninetales-Alola, L50, M|100/100
|switch|p2b: Hydreigon|Hydreigon, L50, F|100/100
|-weather|Snowscape|[from] ability: Snow Warning|[of] p2a: Ninetales
|turn|2
|
|t:|1786045655
|switch|p1b: Grimmsnarl|Grimmsnarl, L50, M|100/100
|move|p1a: Charizard|Protect|p1a: Charizard
|-singleturn|p1a: Charizard|Protect
|move|p2a: Ninetales|Blizzard|p1b: Grimmsnarl|[spread] p1b
|-activate|p1a: Charizard|move: Protect
|-damage|p1b: Grimmsnarl|69/100
|move|p2b: Hydreigon|Earth Power|p1b: Grimmsnarl
|-damage|p1b: Grimmsnarl|32/100
|-damage|p2b: Hydreigon|90/100|[from] item: Life Orb
|
|-weather|Snowscape|[upkeep]
|upkeep
|turn|3
|
|t:|1786045685
|switch|p1a: Pelipper|Pelipper, L50, F|100/100
|-weather|RainDance|[from] ability: Drizzle|[of] p1a: Pelipper
|move|p1b: Grimmsnarl|Light Screen|p1b: Grimmsnarl
|-sidestart|p1: PizzaSanwitch|move: Light Screen
|move|p2a: Ninetales|Aurora Veil||[still]
|-fail|p2a: Ninetales
|move|p2b: Hydreigon|Draco Meteor|p1a: Pelipper
|-damage|p1a: Pelipper|21/100
|-unboost|p2b: Hydreigon|spa|2
|-enditem|p1a: Pelipper|Sitrus Berry|[eat]
|-heal|p1a: Pelipper|45/100|[from] item: Sitrus Berry
|-damage|p2b: Hydreigon|80/100|[from] item: Life Orb
|
|-weather|RainDance|[upkeep]
|upkeep
|turn|4
|
|t:|1786045710
|move|p2a: Ninetales|Blizzard|p1a: Pelipper|[spread] p1a
|-miss|p2a: Ninetales|p1b: Grimmsnarl
|-damage|p1a: Pelipper|15/100
|move|p2b: Hydreigon|Earth Power|p1b: Grimmsnarl
|-damage|p1b: Grimmsnarl|21/100
|-damage|p2b: Hydreigon|70/100|[from] item: Life Orb
|move|p1a: Pelipper|Tailwind|p1a: Pelipper
|-sidestart|p1: PizzaSanwitch|move: Tailwind
|move|p1b: Grimmsnarl|Spirit Break|p2b: Hydreigon
|-supereffective|p2b: Hydreigon|2
|-damage|p2b: Hydreigon|0 fnt
|faint|p2b: Hydreigon
|
|-weather|RainDance|[upkeep]
|upkeep
|turn|5
|
|t:|1786045731
|move|p1a: Pelipper|Weather Ball|p2a: Ninetales
|-damage|p2a: Ninetales|35/100
|move|p2a: Ninetales|Freeze-Dry|p1a: Pelipper
|-supereffective|p1a: Pelipper|2
|-damage|p1a: Pelipper|0 fnt
|faint|p1a: Pelipper
|move|p1b: Grimmsnarl|Spirit Break|p2a: Ninetales
|-damage|p2a: Ninetales|0 fnt
|faint|p2a: Ninetales
|
|win|PizzaSanwitch
||PizzaSanwitch is ready for game 2.
||FB06 is ready for game 2.
|uhtml|next|Next: Game 2 of 3
