|j|☆Eneko Jauregi
|j|☆BarryTreacy
|html|Eneko JauregiBarryTreacy    
|uhtml|bestof|Game 1 of a best-of-3
|t:|1756317403
|gametype|doubles
|player|p1|Eneko Jauregi|marlon|1043
|player|p2|BarryTreacy|170|1010
|gen|9
|tier|[Gen 9] VGC 2025 Reg H (Bo3)
|rated|
|rule|Species Clause: Limit one of each Pokémon
|rule|Item Clause: Limit 1 of each item
|clearpoke
|poke|p1|Grimmsnarl, L50, M|
|poke|p1|Archaludon, L50, M|
|poke|p1|Sinistcha, L50|
|poke|p1|Pelipper, L50, F|
|poke|p1|Maushold, L50|
|poke|p1|Annihilape, L50, M|
|poke|p2|Charizard, L50, F|
|poke|p2|Torkoal, L50, F|
|poke|p2|Porygon2, L50|
|poke|p2|Incineroar, L50, M|
|poke|p2|Jumpluff, L50, M|
|poke|p2|Ursaluna, L50, M|
|teampreview|4
|showteam|p1|Grimmsnarl||LightClay|Prankster|SpiritBreak,ThunderWave,Reflect,LightScreen|||M|||50|,,,,,Ghost]Archaludon||AssaultVest|Stamina|ElectroShot,FlashCannon,BodyPress,Snarl|||M|||50|,,,,,Grass]Sinistcha||SitrusBerry|Hospitality|MatchaGotcha,LifeDew,RagePowder,TrickRoom||||||50|,,,,,Dark]Pelipper||FocusSash|Drizzle|Hurricane,WeatherBall,Tailwind,Protect|||F|||50|,,,,,Ghost]Maushold||SafetyGoggles|FriendGuard|BeatUp,Taunt,FollowMe,Protect||||||50|,,,,,Ghost]Annihilape||Leftovers|Defiant|DrainPunch,RageFist,BulkUp,Protect|||M|||50|,,,,,Water
|showteam|p2|Charizard||ChoiceSpecs|SolarPower|HeatWave,Overheat,WeatherBall,AirSlash|||F|||50|,,,,,Ghost]Torkoal||EjectPack|Drought|Eruption,Overheat,HelpingHand,Protect|||F|||50|,,,,,Fire]Porygon2||Eviolite|Download|TeraBlast,IceBeam,Recover,TrickRoom||||||50|,,,,,Fighting]Incineroar||SitrusBerry|Intimidate|FlareBlitz,KnockOff,FakeOut,PartingShot|||M|||50|,,,,,Ghost]Jumpluff||CovertCloak|Chlorophyll|SleepPowder,SunnyDay,RagePowder,Tailwind|||M|||50|,,,,,Water]Ursaluna||FlameOrb|Guts|HeadlongRush,Facade,Earthquake,Protect|||M|||50|,,,,,Ghost
|
|t:|1756317437
|teamsize|p1|4
|teamsize|p2|4
|start
|switch|p1a: Grimmsnarl|Grimmsnarl, L50, M|100/100
|switch|p1b: Annihilape|Annihilape, L50, M|100/100
|switch|p2a: Porygon2|Porygon2, L50|100/100
|switch|p2b: Jumpluff|Jumpluff, L50, M|100/100
|-ability|p2a: Porygon2|Download|boost
|-boost|p2a: Porygon2|atk|1
|turn|1
|
|t:|1756317494
|move|p1a: Grimmsnarl|Light Screen|p1a: Grimmsnarl
|-sidestart|p1: Eneko Jauregi|move: Light Screen
|move|p2b: Jumpluff|Sleep Powder|p1b: Annihilape|[miss]
|-miss|p2b: Jumpluff|p1b: Annihilape
|move|p1b: Annihilape|Bulk Up|p1b: Annihilape
|-boost|p1b: Annihilape|atk|1
|-boost|p1b: Annihilape|def|1
|move|p2a: Porygon2|Trick Room|p2a: Porygon2
|-fieldstart|move: Trick Room|[of] p2a: Porygon2
|
|upkeep
|turn|2
|
|t:|1756317534
|switch|p2a: Ursaluna|Ursaluna, L50, M|100/100
|move|p1a: Grimmsnarl|Spirit Break|p2a: Ursaluna
|-damage|p2a: Ursaluna|75/100
|-unboost|p2a: Ursaluna|spa|1
|move|p1b: Annihilape|Drain Punch|p2a: Ursaluna
|-supereffective|p2a: Ursaluna
|-damage|p2a: Ursaluna|7/100
|move|p2b: Jumpluff|Sleep Powder|p1a: Grimmsnarl
|-status|p1a: Grimmsnarl|slp|[from] move: Sleep Powder
|
|-status|p2a: Ursaluna|brn|[from] item: Flame Orb
|upkeep
|turn|3
|
|t:|1756317572
|move|p1b: Annihilape|Protect|p1b: Annihilape
|-singleturn|p1b: Annihilape|Protect
|cant|p1a: Grimmsnarl|slp
|move|p2a: Ursaluna|Earthquake|p1b: Annihilape|[spread] p1a
|-activate|p1b: Annihilape|move: Protect
|-immune|p2b: Jumpluff
|-damage|p1a: Grimmsnarl|31/100 slp
|move|p2b: Jumpluff|Sleep Powder|p1b: Annihilape
|-activate|p1b: Annihilape|move: Protect
|
|-damage|p2a: Ursaluna|1/100 brn|[from] brn
|upkeep
|turn|4
|
|t:|1756317595
|-curestatus|p1a: Grimmsnarl|slp|[msg]
|move|p1a: Grimmsnarl|Reflect|p1a: Grimmsnarl
|-sidestart|p1: Eneko Jauregi|Reflect
|move|p2a: Ursaluna|Earthquake|p1b: Annihilape|[spread] p1a,p1b
|-immune|p2b: Jumpluff
|-damage|p1a: Grimmsnarl|0 fnt
|-damage|p1b: Annihilape|68/100
|faint|p1a: Grimmsnarl
|move|p1b: Annihilape|Bulk Up|p1b: Annihilape
|-boost|p1b: Annihilape|atk|1
|-boost|p1b: Annihilape|def|1
|move|p2b: Jumpluff|Sleep Powder|p1b: Annihilape
|-status|p1b: Annihilape|slp|[from] move: Sleep Powder
|
|-heal|p1b: Annihilape|74/100 slp|[from] item: Leftovers
|-damage|p2a: Ursaluna|0 fnt|[from] brn
|faint|p2a: Ursaluna
|upkeep
|
|t:|1756317630
|switch|p1a: Sinistcha|Sinistcha, L50|100/100
|switch|p2a: Torkoal|Torkoal, L50, F|100/100
|-weather|SunnyDay|[from] ability: Drought|[of] p2a: Torkoal
|-heal|p1b: Annihilape|99/100 slp|[from] ability: Hospitality|[of] p1a: Sinistcha
|turn|5
|
|t:|1756317655
|switch|p1a: Pelipper|Pelipper, L50, F|100/100
|-weather|RainDance|[from] ability: Drizzle|[of] p1a: Pelipper
|-terastallize|p1b: Annihilape|Water
|move|p2b: Jumpluff|Rage Powder|p2b: Jumpluff
|-singleturn|p2b: Jumpluff|move: Rage Powder
|move|p2a: Torkoal|Eruption|p1a: Pelipper|[spread] p1a,p1b
|-resisted|p1a: Pelipper
|-resisted|p1b: Annihilape
|-crit|p1b: Annihilape
|-damage|p1a: Pelipper|87/100
|-damage|p1b: Annihilape|82/100 slp
|cant|p1b: Annihilape|slp
|
|-weather|RainDance|[upkeep]
|-heal|p1b: Annihilape|88/100 slp|[from] item: Leftovers
|-fieldend|move: Trick Room
|upkeep
|turn|6
|
|t:|1756317686
|move|p2b: Jumpluff|Sunny Day|p2b: Jumpluff
|-weather|SunnyDay
|cant|p1b: Annihilape|slp
|move|p1a: Pelipper|Hurricane|p2b: Jumpluff
|-supereffective|p2b: Jumpluff
|-damage|p2b: Jumpluff|0 fnt
|faint|p2b: Jumpluff
|move|p2a: Torkoal|Eruption|p1a: Pelipper|[spread] p1a,p1b
|-resisted|p1a: Pelipper
|-resisted|p1b: Annihilape
|-damage|p1a: Pelipper|43/100
|-damage|p1b: Annihilape|66/100 slp
|
|-weather|SunnyDay|[upkeep]
|-heal|p1b: Annihilape|72/100 slp|[from] item: Leftovers
|upkeep
|
|t:|1756317698
|switch|p2b: Porygon2|Porygon2, L50|100/100
|-ability|p2b: Porygon2|Download|boost
|-boost|p2b: Porygon2|spa|1
|turn|7
|
|t:|1756317728
|switch|p1a: Sinistcha|Sinistcha, L50|100/100
|-heal|p1b: Annihilape|97/100 slp|[from] ability: Hospitality|[of] p1a: Sinistcha
|-curestatus|p1b: Annihilape|slp|[msg]
|move|p1b: Annihilape|Rage Fist|p2a: Torkoal
|-damage|p2a: Torkoal|0 fnt
|faint|p2a: Torkoal
|move|p2b: Porygon2|Trick Room|p2b: Porygon2
|-fieldstart|move: Trick Room|[of] p2b: Porygon2
|
|-weather|SunnyDay|[upkeep]
|-heal|p1b: Annihilape|100/100|[from] item: Leftovers
|upkeep
|turn|8
|-message|BarryTreacy forfeited.
|
|win|Eneko Jauregi
|l|☆BarryTreacy
|player|p2|
||BarryTreacy is ready for game 2.
||Eneko Jauregi is ready for game 2.
|uhtml|next|Next: Game 2 of 3
