|j|☆Lucario Palworld
|j|☆Lorido
|html|Lucario PalworldLorido    
|uhtml|bestof|Game 2 of a best-of-3
|t:|1756019978
|gametype|doubles
|player|p1|Lucario Palworld|1|1351
|player|p2|Lorido|170|1230
|gen|9
|tier|[Gen 9] VGC 2025 Reg H (Bo3)
|rated|
|rule|Species Clause: Limit one of each Pokémon
|rule|Item Clause: Limit 1 of each item
|clearpoke
|poke|p1|Whimsicott, L50, M|
|poke|p1|Dragonite, L50, F|
|poke|p1|Tatsugiri, L50, M|
|poke|p1|Dondozo, L50, F|
|poke|p1|Gholdengo, L50|
|poke|p1|Perrserker, L50, F|
|poke|p2|Incineroar, L50, M|
|poke|p2|Amoonguss, L50, M|
|poke|p2|Ursaluna-Bloodmoon, L50, M|
|poke|p2|Sneasler, L50, M|
|poke|p2|Gholdengo, L50|
|poke|p2|Dragonite, L50, M|
|teampreview|4
|showteam|p1|Whimsicott||CovertCloak|Prankster|Encore,Endeavor,Moonblast,Tailwind|||M|||50|,,,,,Ghost]Dragonite||LoadedDice|Multiscale|ScaleShot,Haze,AerialAce,LowKick|||F|||50|,,,,,Grass]Tatsugiri||ChoiceScarf|Commander|MuddyWater,DracoMeteor,DragonPulse,IcyWind|||M|||50|,,,,,Steel]Dondozo||ClearAmulet|Unaware|Earthquake,WaveCrash,OrderUp,Protect|||F|||50|,,,,,Grass]Gholdengo||ChoiceSpecs|GoodasGold|ShadowBall,MakeItRain,FocusBlast,Thunderbolt||||||50|,,,,,Steel]Perrserker||ChopleBerry|SteelySpirit|FakeOut,IronHead,Taunt,KnockOff|||F|||50|,,,,,Steel
|showteam|p2|Incineroar||SafetyGoggles|Intimidate|FlareBlitz,KnockOff,PartingShot,FakeOut|||M|||50|,,,,,Ghost]Amoonguss||SitrusBerry|Regenerator|Spore,RagePowder,PollenPuff,Protect|||M|||50|,,,,,Psychic]Ursaluna-Bloodmoon||AssaultVest|MindsEye|HyperVoice,BloodMoon,EarthPower,VacuumWave|||M|||50|,,,,,Water]Sneasler||FocusSash|Unburden|CloseCombat,DireClaw,ThroatChop,Protect|||M|||50|,,,,,Stellar]Gholdengo||LifeOrb|GoodasGold|MakeItRain,ShadowBall,NastyPlot,Protect||||||50|,,,,,Water]Dragonite||LoadedDice|Multiscale|ScaleShot,Tailwind,Haze,Protect|||M|||50|,,,,,Fairy
|
|t:|1756020045
|teamsize|p1|4
|teamsize|p2|4
|start
|switch|p1a: Gholdengo|Gholdengo, L50|100/100
|switch|p1b: Perrserker|Perrserker, L50, F|100/100
|switch|p2a: Dragonite|Dragonite, L50, M|100/100
|switch|p2b: Ursaluna|Ursaluna-Bloodmoon, L50, M|100/100
|turn|1
|
|t:|1756020078
|switch|p2b: Incineroar|Incineroar, L50, M|100/100
|-ability|p2b: Incineroar|Intimidate|boost
|-unboost|p1a: Gholdengo|atk|1
|-unboost|p1b: Perrserker|atk|1
|move|p1b: Perrserker|Fake Out|p2b: Incineroar
|-damage|p2b: Incineroar|95/100
|move|p1a: Gholdengo|Make It Rain|p2b: Incineroar|[spread] p2a,p2b
|-resisted|p2b: Incineroar
|-crit|p2b: Incineroar
|-damage|p2a: Dragonite|36/100
|-damage|p2b: Incineroar|21/100
|-unboost|p1a: Gholdengo|spa|1
|move|p2a: Dragonite|Tailwind|p2a: Dragonite
|-sidestart|p2: Lorido|move: Tailwind
|
|upkeep
|turn|2
|
|t:|1756020119
|switch|p2a: Ursaluna|Ursaluna-Bloodmoon, L50, M|100/100
|switch|p1a: Dondozo|Dondozo, L50, F|100/100
|move|p2b: Incineroar|Flare Blitz|p1a: Dondozo
|-resisted|p1a: Dondozo
|-damage|p1a: Dondozo|82/100
|-damage|p2b: Incineroar|14/100|[from] Recoil
|move|p1b: Perrserker|Iron Head|p2a: Ursaluna
|-damage|p2a: Ursaluna|77/100
|
|upkeep
|turn|3
|
|t:|1756020149
|switch|p1b: Tatsugiri|Tatsugiri, L50, M|100/100
|-activate|p1b: Tatsugiri|ability: Commander|[of] p1a: Dondozo
|-boost|p1a: Dondozo|atk|2
|-boost|p1a: Dondozo|spa|2
|-boost|p1a: Dondozo|spe|2
|-boost|p1a: Dondozo|def|2
|-boost|p1a: Dondozo|spd|2
|-terastallize|p2a: Ursaluna|Water
|move|p1a: Dondozo|Wave Crash|p2a: Ursaluna
|-resisted|p2a: Ursaluna
|-damage|p2a: Ursaluna|38/100
|-damage|p1a: Dondozo|70/100|[from] Recoil
|move|p2b: Incineroar|Knock Off|p1a: Dondozo
|-damage|p1a: Dondozo|55/100
|-enditem|p1a: Dondozo|Clear Amulet|[from] move: Knock Off|[of] p2b: Incineroar
|move|p2a: Ursaluna|Blood Moon|p1a: Dondozo
|-damage|p1a: Dondozo|10/100
|
|upkeep
|turn|4
|
|t:|1756020184
|switch|p2b: Dragonite|Dragonite, L50, M|36/100
|move|p2a: Ursaluna|Vacuum Wave|p1a: Dondozo
|-crit|p1a: Dondozo
|-damage|p1a: Dondozo|0 fnt
|faint|p1a: Dondozo
|
|-sideend|p2: Lorido|move: Tailwind
|upkeep
|
|t:|1756020189
|switch|p1a: Gholdengo|Gholdengo, L50|100/100
|turn|5
|
|t:|1756020231
|switch|p1b: Perrserker|Perrserker, L50, F|100/100
|switch|p2a: Incineroar|Incineroar, L50, M|14/100
|-ability|p2a: Incineroar|Intimidate|boost
|-unboost|p1a: Gholdengo|atk|1
|-unboost|p1b: Perrserker|atk|1
|move|p1a: Gholdengo|Make It Rain|p2b: Dragonite|[spread] p2a,p2b
|-resisted|p2a: Incineroar
|-damage|p2a: Incineroar|0 fnt
|-damage|p2b: Dragonite|0 fnt
|-unboost|p1a: Gholdengo|spa|1
|faint|p2a: Incineroar
|faint|p2b: Dragonite
|
|upkeep
|
|t:|1756020241
|switch|p2b: Ursaluna|Ursaluna-Bloodmoon, L50, M, tera:Water|38/100
|switch|p2a: Sneasler|Sneasler, L50, M|100/100
|turn|6
|
|t:|1756020256
|move|p1b: Perrserker|Fake Out|p2b: Ursaluna
|-damage|p2b: Ursaluna|33/100
|move|p2a: Sneasler|Throat Chop|p1a: Gholdengo
|-supereffective|p1a: Gholdengo
|-damage|p1a: Gholdengo|35/100
|-start|p1a: Gholdengo|Throat Chop|[silent]
|move|p1a: Gholdengo|Make It Rain|p2b: Ursaluna|[spread] p2a,p2b
|-resisted|p2b: Ursaluna
|-crit|p2b: Ursaluna
|-enditem|p2a: Sneasler|Focus Sash
|-damage|p2a: Sneasler|1/100
|-damage|p2b: Ursaluna|0 fnt
|-unboost|p1a: Gholdengo|spa|1
|faint|p2b: Ursaluna
|
|upkeep
|turn|7
|
|t:|1756020268
|-terastallize|p1b: Perrserker|Steel
|move|p2a: Sneasler|Close Combat|p1b: Perrserker
|-supereffective|p1b: Perrserker
|-enditem|p1b: Perrserker|Chople Berry|[eat]
|-enditem|p1b: Perrserker|Chople Berry|[weaken]
|-damage|p1b: Perrserker|39/100
|-unboost|p2a: Sneasler|def|1
|-unboost|p2a: Sneasler|spd|1
|move|p1a: Gholdengo|Make It Rain|p2a: Sneasler
|-damage|p2a: Sneasler|0 fnt
|-unboost|p1a: Gholdengo|spa|1
|faint|p2a: Sneasler
|
|win|Lucario Palworld
|raw|Lucario Palworld's rating: 1351 → 1364(+13 for winning)
|raw|Lorido's rating: 1230 → 1213(-17 for losing)
