|j|‽Juaner95
|j|☆KodeBeast0526
|html|Juaner95KodeBeast0526    
|uhtml|bestof|Game 1 of a best-of-3
|t:|1785124960
|gametype|doubles
|player|p1|Juaner95|ash-hoenn|1172
|player|p2|KodeBeast0526|hiker|1252
|gen|9
|tier|[Gen 9 Champions] VGC 2026 Reg M-B (Bo3)
|rated|
|rule|Species Clause: Limit one of each Pokémon
|rule|Item Clause: Limit 1 of each item
|clearpoke
|poke|p1|Eelektross, L50, M|
|poke|p1|Ninetales-Alola, L50, F, shiny|
|poke|p1|Talonflame, L50, M|
|poke|p1|Garchomp, L50, M|
|poke|p1|Incineroar, L50, M, shiny|
|poke|p1|Kingambit, L50, M|
|poke|p2|Staraptor, L50, F, shiny|
|poke|p2|Gholdengo, L50|
|poke|p2|Whimsicott, L50, M, shiny|
|poke|p2|Incineroar, L50, M, shiny|
|poke|p2|Basculegion, L50, M|
|poke|p2|Garchomp, L50, M, shiny|
|teampreview|4
|showteam|p1|Eelektross||Eelektrossite|Levitate|SupercellSlam,DrainPunch,Coil,Protect|Adamant||M|||50|]Ninetales-Alola||ChoiceScarf|SnowWarning|Blizzard,FreezeDry,IcyWind,Moonblast|Modest||F|||50|]Talonflame||SharpBeak|GaleWings|BraveBird,FlareBlitz,Tailwind,Protect|Jolly||M|||50|]Garchomp||LifeOrb|RoughSkin|RockSlide,Earthquake,DragonClaw,Protect|Jolly||M|||50|]Incineroar||SitrusBerry|Intimidate|FlareBlitz,ThroatChop,PartingShot,FakeOut|Careful||M|||50|]Kingambit||FocusSash|Defiant|KowtowCleave,SuckerPunch,LowKick,Protect|Adamant||M|||50|
|showteam|p2|Staraptor||Staraptite|Intimidate|BraveBird,CloseCombat,Tailwind,Protect|Jolly||F|||50|]Gholdengo||Leftovers|GoodasGold|MakeItRain,ShadowBall,NastyPlot,Protect|Modest|||||50|]Whimsicott||FocusSash|Prankster|Moonblast,Tailwind,Encore,FakeTears|Timid||M|||50|]Incineroar||SitrusBerry|Intimidate|DarkestLariat,FlareBlitz,FakeOut,PartingShot|Impish||M|||50|]Basculegion||ChoiceScarf|Adaptability|FlipTurn,WaveCrash,LastRespects,AquaJet|Adamant||M|||50|]Garchomp||LifeOrb|RoughSkin|Earthquake,DragonClaw,RockSlide,Protect|Jolly||M|||50|
|inactive|Battle timer is ON: inactive players will automatically lose when time's up. (requested by KodeBeast0526)
|inactive|Juaner95 has 60 seconds left.
|inactive|Juaner95 has 30 seconds left.
|inactive|Juaner95 has 20 seconds left.
|inactive|Juaner95 has 15 seconds left.
|inactive|Juaner95 has 10 seconds left.
|
|t:|1785125096
|teamsize|p1|4
|teamsize|p2|4
|start
|switch|p1a: Talonflame|Talonflame, L50, M|100/100
|switch|p1b: Kingambit|Kingambit, L50, M|100/100
|switch|p2a: Gholdengo|Gholdengo, L50|100/100
|switch|p2b: Incineroar|Incineroar, L50, M, shiny|100/100
|-ability|p2b: Incineroar|Intimidate|boost
|-unboost|p1a: Talonflame|atk|1
|-unboost|p1b: Kingambit|atk|1
|-ability|p1b: Kingambit|Defiant|boost
|-boost|p1b: Kingambit|atk|2
|turn|1
|
|t:|1785125117
|move|p1a: Talonflame|Protect|p1a: Talonflame
|-singleturn|p1a: Talonflame|Protect
|move|p1b: Kingambit|Protect|p1b: Kingambit
|-singleturn|p1b: Kingambit|Protect
|move|p2a: Gholdengo|Nasty Plot|p2a: Gholdengo
|-boost|p2a: Gholdengo|spa|2
|move|p2b: Incineroar|Flare Blitz|p1b: Kingambit
|-activate|p1b: Kingambit|move: Protect
|
|upkeep
|turn|2
|
|t:|1785125133
|move|p1a: Talonflame|Tailwind|p1a: Talonflame
|-sidestart|p1: Juaner95|move: Tailwind
|move|p1b: Kingambit|Kowtow Cleave|p2a: Gholdengo
|-supereffective|p2a: Gholdengo|1
|-damage|p2a: Gholdengo|0 fnt
|faint|p2a: Gholdengo
|move|p2b: Incineroar|Flare Blitz|p1b: Kingambit
|-supereffective|p1b: Kingambit|1
|-damage|p1b: Kingambit|35/100
|-damage|p2b: Incineroar|78/100|[from] Recoil
|
|upkeep
|
|t:|1785125139
|switch|p2a: Basculegion|Basculegion, L50, M|100/100
|turn|3
|
|t:|1785125159
|switch|p1a: Eelektross|Eelektross, L50, M|100/100
|switch|p2a: Staraptor|Staraptor, L50, F, shiny|100/100
|-ability|p2a: Staraptor|Intimidate|boost
|-unboost|p1a: Eelektross|atk|1
|-unboost|p1b: Kingambit|atk|1
|-ability|p1b: Kingambit|Defiant|boost
|-boost|p1b: Kingambit|atk|2
|move|p1b: Kingambit|Sucker Punch||[still]
|-fail|p1b: Kingambit
|move|p2b: Incineroar|Flare Blitz|p1b: Kingambit
|-supereffective|p1b: Kingambit|1
|-damage|p1b: Kingambit|0 fnt
|faint|p1b: Kingambit
|-damage|p2b: Incineroar|66/100|[from] Recoil
|
|upkeep
|
|t:|1785125170
|switch|p1b: Talonflame|Talonflame, L50, M|100/100
|turn|4
|
|t:|1785125188
|switch|p1a: Garchomp|Garchomp, L50, M|100/100
|move|p1b: Talonflame|Brave Bird|p2a: Staraptor
|-damage|p2a: Staraptor|24/100
|-damage|p1b: Talonflame|73/100|[from] Recoil
|move|p2a: Staraptor|Tailwind|p2a: Staraptor
|-sidestart|p2: KodeBeast0526|move: Tailwind
|move|p2b: Incineroar|Parting Shot|p1a: Garchomp
|-unboost|p1a: Garchomp|atk|1
|-unboost|p1a: Garchomp|spa|1
|
|t:|1785125199
|switch|p2b: Basculegion|Basculegion, L50, M|100/100|[from] Parting Shot
|
|upkeep
|turn|5
|
|t:|1785125211
|switch|p1a: Eelektross|Eelektross, L50, M|100/100
|detailschange|p2a: Staraptor|Staraptor-Mega, L50, F, shiny
|-mega|p2a: Staraptor|Staraptor|Staraptite
|move|p1b: Talonflame|Protect|p1b: Talonflame
|-singleturn|p1b: Talonflame|Protect
|move|p2b: Basculegion|Last Respects|p1b: Talonflame
|-activate|p1b: Talonflame|move: Protect
|move|p2a: Staraptor|Close Combat|p1a: Eelektross
|-damage|p1a: Eelektross|32/100
|-boost|p2a: Staraptor|def|1
|-boost|p2a: Staraptor|spd|1
|
|-sideend|p1: Juaner95|move: Tailwind
|upkeep
|turn|6
|
|t:|1785125224
|detailschange|p1a: Eelektross|Eelektross-Mega, L50, M
|-mega|p1a: Eelektross|Eelektross|Eelektrossite
|move|p2b: Basculegion|Last Respects|p1b: Talonflame
|-damage|p1b: Talonflame|0 fnt
|faint|p1b: Talonflame
|move|p2a: Staraptor|Close Combat|p1a: Eelektross
|-damage|p1a: Eelektross|0 fnt
|-boost|p2a: Staraptor|def|1
|-boost|p2a: Staraptor|spd|1
|faint|p1a: Eelektross
|
|upkeep
|
|t:|1785125228
|switch|p1a: Garchomp|Garchomp, L50, M|100/100
|turn|7
|
|t:|1785125237
|move|p1a: Garchomp|Protect|p1a: Garchomp
|-singleturn|p1a: Garchomp|Protect
|move|p2b: Basculegion|Last Respects|p1a: Garchomp
|-activate|p1a: Garchomp|move: Protect
|move|p2a: Staraptor|Close Combat|p1a: Garchomp
|-activate|p1a: Garchomp|move: Protect
|
|-sideend|p2: KodeBeast0526|move: Tailwind
|upkeep
|turn|8
|
|t:|1785125243
|move|p2b: Basculegion|Last Respects|p1a: Garchomp
|-damage|p1a: Garchomp|25/100
|move|p2a: Staraptor|Close Combat|p1a: Garchomp
|-damage|p1a: Garchomp|0 fnt
|-boost|p2a: Staraptor|def|1
|-boost|p2a: Staraptor|spd|1
|-damage|p2a: Staraptor|12/100|[from] ability: Rough Skin|[of] p1a: Garchomp
|faint|p1a: Garchomp
|
|win|KodeBeast0526
