|j|☆blackstarmie_br
|j|☆Darkan33
|html|blackstarmie_brDarkan33    
|uhtml|bestof|Game 1 of a best-of-3
|t:|1756219591
|gametype|doubles
|player|p1|blackstarmie_br|swimmerf-gen4|1000
|player|p2|Darkan33|veteran|1000
|gen|9
|tier|[Gen 9] VGC 2025 Reg H (Bo3)
|rated|
|rule|Species Clause: Limit one of each Pokémon
|rule|Item Clause: Limit 1 of each item
|clearpoke
|poke|p1|Ninetales, L50, M|
|poke|p1|Exeggutor, L50, F|
|poke|p1|Indeedee-F, L50, F|
|poke|p1|Murkrow, L50, M|
|poke|p1|Kommo-o, L50, F|
|poke|p1|Sneasler, L50, M|
|poke|p2|Kingdra, L50, F|
|poke|p2|Pelipper, L50, M|
|poke|p2|Garchomp, L50, M|
|poke|p2|Breloom, L50, F|
|poke|p2|Archaludon, L50, M|
|poke|p2|Grimmsnarl, L50, M|
|teampreview|4
|showteam|p1|Ninetales||CovertCloak|Drought|HeatWave,WeatherBall,SolarBeam,WillOWisp|||M|||50|,,,,,Fire]Exeggutor||LifeOrb|Chlorophyll|Protect,LeafStorm,ExpandingForce,TeraBlast|||F|||50|,,,,,Fire]Indeedee-F||RockyHelmet|PsychicSurge|Psychic,FollowMe,TrickRoom,Imprison|||F|||50|,,,,,Fairy]Murkrow||FocusSash|Prankster|Tailwind,SunnyDay,FoulPlay,Haze|||M|||50|,,,,,Dark]Kommo-o||ChoiceSpecs|Bulletproof|ClangingScales,AuraSphere,Flamethrower,FlashCannon|||F|||50|,,,,,Dragon]Sneasler||PsychicSeed|PoisonTouch|Protect,FakeOut,DireClaw,CloseCombat|||M|||50|,,,,,Fighting
|showteam|p2|Kingdra||LifeOrb|SwiftSwim|MuddyWater,DracoMeteor,Hurricane,Protect|||F|||50|,,,,,Stellar]Pelipper||CovertCloak|Drizzle|WeatherBall,Hurricane,WideGuard,Tailwind|||M|||50|,,,,,Ghost]Garchomp||LoadedDice|RoughSkin|ScaleShot,Protect,StompingTantrum,Earthquake|||M|||50|,,,,,Steel]Breloom||FocusSash|Technician|MachPunch,BulletSeed,Spore,Protect|||F|||50|,,,,,Steel]Archaludon||AssaultVest|Stamina|BodyPress,FlashCannon,ElectroShot,DragonPulse|||M|||50|,,,,,Grass]Grimmsnarl||LightClay|Prankster|LightScreen,Reflect,SpiritBreak,ThunderWave|||M|||50|,,,,,Ghost
|inactive|Battle timer is ON: inactive players will automatically lose when time's up. (requested by blackstarmie_br)
|inactive|Darkan33 has 60 seconds left.
|
|t:|1756219646
|teamsize|p1|4
|teamsize|p2|4
|start
|switch|p1a: Exeggutor|Exeggutor, L50, F|100/100
|switch|p1b: Indeedee|Indeedee-F, L50, F|100/100
|switch|p2a: Grimmsnarl|Grimmsnarl, L50, M|100/100
|switch|p2b: Garchomp|Garchomp, L50, M|100/100
|-fieldstart|move: Psychic Terrain|[from] ability: Psychic Surge|[of] p1b: Indeedee
|turn|1
|inactive|Darkan33 has 30 seconds left.
|inactive|blackstarmie_br has 30 seconds left.
|inactive|Darkan33 has 20 seconds left.
|inactive|Darkan33 has 15 seconds left.
|inactive|Darkan33 has 10 seconds left.
|
|t:|1756219691
|move|p1b: Indeedee|Follow Me|p1b: Indeedee
|-singleturn|p1b: Indeedee|move: Follow Me
|move|p2a: Grimmsnarl|Light Screen|p2a: Grimmsnarl
|-sidestart|p2: Darkan33|move: Light Screen
|move|p2b: Garchomp|Scale Shot|p1b: Indeedee
|-damage|p1b: Indeedee|85/100
|-damage|p1b: Indeedee|73/100
|-damage|p1b: Indeedee|59/100
|-damage|p1b: Indeedee|45/100
|-hitcount|p1b: Indeedee|4
|-unboost|p2b: Garchomp|def|1
|-boost|p2b: Garchomp|spe|1
|move|p1a: Exeggutor|Expanding Force|p2a: Grimmsnarl|[spread] p2b
|-immune|p2a: Grimmsnarl
|-damage|p2b: Garchomp|42/100
|-damage|p1a: Exeggutor|90/100|[from] item: Life Orb
|
|upkeep
|turn|2
|inactive|blackstarmie_br has 30 seconds left.
|inactive|Darkan33 has 30 seconds left.
|
|t:|1756219723
|switch|p1b: Ninetales|Ninetales, L50, M|100/100
|-weather|SunnyDay|[from] ability: Drought|[of] p1b: Ninetales
|move|p2b: Garchomp|Protect|p2b: Garchomp
|-singleturn|p2b: Garchomp|Protect
|move|p2a: Grimmsnarl|Reflect|p2a: Grimmsnarl
|-sidestart|p2: Darkan33|Reflect
|move|p1a: Exeggutor|Expanding Force|p2b: Garchomp|[spread] 
|-activate|p2b: Garchomp|move: Protect
|-immune|p2a: Grimmsnarl
|
|-weather|SunnyDay|[upkeep]
|upkeep
|turn|3
|
|t:|1756219741
|switch|p1b: Indeedee|Indeedee-F, L50, F|45/100
|switch|p2a: Pelipper|Pelipper, L50, M, shiny|100/100
|-weather|RainDance|[from] ability: Drizzle|[of] p2a: Pelipper
|move|p2b: Garchomp|Earthquake|p1a: Exeggutor|[spread] p1a,p1b
|-immune|p2a: Pelipper
|-resisted|p1a: Exeggutor
|-damage|p1a: Exeggutor|68/100
|-damage|p1b: Indeedee|3/100
|move|p1a: Exeggutor|Expanding Force|p2b: Garchomp|[spread] p2a,p2b
|-damage|p2a: Pelipper|3/100
|-damage|p2b: Garchomp|0 fnt
|faint|p2b: Garchomp
|-damage|p1a: Exeggutor|58/100|[from] item: Life Orb
|
|-weather|RainDance|[upkeep]
|upkeep
|
|t:|1756219753
|switch|p2b: Archaludon|Archaludon, L50, M|100/100
|turn|4
|
|t:|1756219776
|switch|p1b: Ninetales|Ninetales, L50, M|100/100
|-weather|SunnyDay|[from] ability: Drought|[of] p1b: Ninetales
|move|p1a: Exeggutor|Tera Blast|p2a: Pelipper
|-damage|p2a: Pelipper|0 fnt
|faint|p2a: Pelipper
|-damage|p1a: Exeggutor|48/100|[from] item: Life Orb
|move|p2b: Archaludon|Flash Cannon|p1a: Exeggutor
|-damage|p1a: Exeggutor|0 fnt
|faint|p1a: Exeggutor
|
|-weather|SunnyDay|[upkeep]
|upkeep
|
|t:|1756219798
|switch|p2a: Grimmsnarl|Grimmsnarl, L50, M|100/100
|switch|p1a: Kommo-o|Kommo-o, L50, F|100/100
|turn|5
|
|t:|1756219811
|move|p1b: Ninetales|Heat Wave|p2b: Archaludon|[spread] p2a,p2b
|-damage|p2a: Grimmsnarl|75/100
|-damage|p2b: Archaludon|83/100
|-ability|p2b: Archaludon|Stamina|boost
|-boost|p2b: Archaludon|def|1
|move|p1a: Kommo-o|Clanging Scales|p2a: Grimmsnarl|[spread] p2b
|-immune|p2a: Grimmsnarl
|-damage|p2b: Archaludon|57/100
|-ability|p2b: Archaludon|Stamina|boost
|-boost|p2b: Archaludon|def|1
|-unboost|p1a: Kommo-o|def|1
|move|p2b: Archaludon|Dragon Pulse|p1a: Kommo-o
|-supereffective|p1a: Kommo-o
|-damage|p1a: Kommo-o|3/100
|move|p2a: Grimmsnarl|Spirit Break|p1a: Kommo-o
|-supereffective|p1a: Kommo-o
|-damage|p1a: Kommo-o|0 fnt
|faint|p1a: Kommo-o
|
|-weather|SunnyDay|[upkeep]
|-fieldend|move: Psychic Terrain
|upkeep
|
|t:|1756219834
|switch|p1a: Indeedee|Indeedee-F, L50, F|3/100
|-fieldstart|move: Psychic Terrain|[from] ability: Psychic Surge|[of] p1a: Indeedee
|turn|6
|-message|blackstarmie_br forfeited.
|
|win|Darkan33
|l|☆blackstarmie_br
|player|p1|
