|j|☆swarmhostuser
|j|☆Diego Han
|html|swarmhostuserDiego Han    
|uhtml|bestof|Game 2 of a best-of-3
|t:|1756831048
|gametype|doubles
|player|p1|swarmhostuser|2|1027
|player|p2|Diego Han|li|1141
|gen|9
|tier|[Gen 9] VGC 2025 Reg H (Bo3)
|rated|
|rule|Species Clause: Limit one of each Pokémon
|rule|Item Clause: Limit 1 of each item
|clearpoke
|poke|p1|Sneasler, L50, F|
|poke|p1|Kingambit, L50, M|
|poke|p1|Rillaboom, L50, F|
|poke|p1|Dragonite, L50, F|
|poke|p1|Volcarona, L50, F|
|poke|p1|Electabuzz, L50, M|
|poke|p2|Archaludon, L50, M|
|poke|p2|Rillaboom, L50, M|
|poke|p2|Basculegion, L50, M|
|poke|p2|Kingambit, L50, M|
|poke|p2|Pelipper, L50, M|
|poke|p2|Electabuzz, L50, M|
|teampreview|4
|showteam|p1|Sneasler||FocusSash|Unburden|DireClaw,CloseCombat,Coaching,FakeOut|||F|||50|,,,,,Stellar]Kingambit||BlackGlasses|Defiant|KowtowCleave,SwordsDance,SuckerPunch,Protect|||M|||50|,,,,,Dark]Rillaboom||AssaultVest|GrassySurge|FakeOut,WoodHammer,GrassyGlide,HighHorsepower|||F|||50|,,,,,Fire]Dragonite||LoadedDice|Multiscale|ScaleShot,ExtremeSpeed,Haze,Protect|||F|||50|,,,,,Fairy]Volcarona||CovertCloak|FlameBody|HeatWave,TeraBlast,QuiverDance,Protect|||F|||50|,,,,,Fairy]Electabuzz||Eviolite|VitalSpirit|Electroweb,FollowMe,Taunt,Protect|||M|||50|,,,,,Ghost
|showteam|p2|Archaludon||AssaultVest|Stamina|ElectroShot,DracoMeteor,FlashCannon,BodyPress|||M|||50|,,,,,Fairy]Rillaboom||LoadedDice|GrassySurge|BulletSeed,GrassyGlide,FakeOut,HighHorsepower|||M|||50|,,,,,Fire]Basculegion||ChoiceBand|SwiftSwim|WaveCrash,LastRespects,FlipTurn,AquaJet|||M|||50|,,,,,Water]Kingambit||BlackGlasses|Defiant|KowtowCleave,SuckerPunch,SwordsDance,Protect|||M|||50|,,,,,Dark]Pelipper||FocusSash|Drizzle|WeatherBall,Hurricane,Tailwind,Protect|||M|||50|,,,,,Ghost]Electabuzz||Eviolite|VitalSpirit|Electroweb,Taunt,FollowMe,Protect|||M|||50|,,,,,Ghost
|inactive|Battle timer is ON: inactive players will automatically lose when time's up. (requested by Diego Han)
|
|t:|1756831094
|teamsize|p1|4
|teamsize|p2|4
|start
|switch|p1a: Volcarona|Volcarona, L50, F|100/100
|switch|p1b: Electabuzz|Electabuzz, L50, M|100/100
|switch|p2a: Basculegion|Basculegion, L50, M|100/100
|switch|p2b: Electabuzz|Electabuzz, L50, M|100/100
|turn|1
|inactive|swarmhostuser has 30 seconds left.
|inactive|Diego Han has 30 seconds left.
|inactive|swarmhostuser has 20 seconds left.
|inactive|swarmhostuser has 15 seconds left.
|inactive|swarmhostuser has 10 seconds left.
|inactive|swarmhostuser has 5 seconds left.
|
|t:|1756831145
|switch|p2b: Pelipper|Pelipper, L50, M|100/100
|-weather|RainDance|[from] ability: Drizzle|[of] p2b: Pelipper
|switch|p1a: Rillaboom|Rillaboom, L50, F|100/100
|-fieldstart|move: Grassy Terrain|[from] ability: Grassy Surge|[of] p1a: Rillaboom
|-terastallize|p2a: Basculegion|Water
|move|p2a: Basculegion|Wave Crash|p1b: Electabuzz
|-damage|p1b: Electabuzz|0 fnt
|faint|p1b: Electabuzz
|-damage|p2a: Basculegion|72/100|[from] Recoil
|
|-weather|RainDance|[upkeep]
|-heal|p2a: Basculegion|78/100|[from] Grassy Terrain
|upkeep
|
|t:|1756831158
|switch|p1b: Kingambit|Kingambit, L50, M|100/100
|turn|2
|
|t:|1756831182
|switch|p2a: Kingambit|Kingambit, L50, M|100/100
|move|p2b: Pelipper|Tailwind|p2b: Pelipper
|-sidestart|p2: Diego Han|move: Tailwind
|move|p1a: Rillaboom|Wood Hammer|p2a: Kingambit
|-resisted|p2a: Kingambit
|-damage|p2a: Kingambit|72/100
|-damage|p1a: Rillaboom|91/100|[from] Recoil
|move|p1b: Kingambit|Swords Dance|p1b: Kingambit
|-boost|p1b: Kingambit|atk|2
|
|-weather|RainDance|[upkeep]
|-heal|p2a: Kingambit|78/100|[from] Grassy Terrain
|-heal|p1a: Rillaboom|97/100|[from] Grassy Terrain
|upkeep
|turn|3
|inactive|swarmhostuser has 30 seconds left.
|
|t:|1756831211
|move|p2b: Pelipper|Weather Ball|p1b: Kingambit
|-damage|p1b: Kingambit|30/100
|move|p2a: Kingambit|Kowtow Cleave|p1b: Kingambit
|-resisted|p1b: Kingambit
|-damage|p1b: Kingambit|6/100
|move|p1a: Rillaboom|High Horsepower|p2a: Kingambit
|-supereffective|p2a: Kingambit
|-damage|p2a: Kingambit|29/100
|move|p1b: Kingambit|Swords Dance|p1b: Kingambit
|-boost|p1b: Kingambit|atk|2
|
|-weather|RainDance|[upkeep]
|-heal|p2a: Kingambit|35/100|[from] Grassy Terrain
|-heal|p1a: Rillaboom|100/100|[from] Grassy Terrain
|-heal|p1b: Kingambit|12/100|[from] Grassy Terrain
|upkeep
|turn|4
|inactive|swarmhostuser has 30 seconds left.
|inactive|swarmhostuser has 20 seconds left.
|
|t:|1756831250
|move|p1b: Kingambit|Protect|p1b: Kingambit
|-singleturn|p1b: Kingambit|Protect
|move|p2b: Pelipper|Hurricane|p1a: Rillaboom
|-supereffective|p1a: Rillaboom
|-damage|p1a: Rillaboom|24/100
|-start|p1a: Rillaboom|confusion
|move|p2a: Kingambit|Kowtow Cleave|p1b: Kingambit
|-activate|p1b: Kingambit|move: Protect
|-activate|p1a: Rillaboom|confusion
|move|p1a: Rillaboom|High Horsepower|p2a: Kingambit
|-supereffective|p2a: Kingambit
|-damage|p2a: Kingambit|0 fnt
|faint|p2a: Kingambit
|
|-weather|RainDance|[upkeep]
|-heal|p1a: Rillaboom|30/100|[from] Grassy Terrain
|-heal|p1b: Kingambit|19/100|[from] Grassy Terrain
|upkeep
|
|t:|1756831257
|switch|p2a: Electabuzz|Electabuzz, L50, M|100/100
|turn|5
|inactive|swarmhostuser has 30 seconds left.
|
|t:|1756831292
|move|p2a: Electabuzz|Follow Me|p2a: Electabuzz
|-singleturn|p2a: Electabuzz|move: Follow Me
|move|p1b: Kingambit|Sucker Punch||[still]
|-fail|p1b: Kingambit
|move|p2b: Pelipper|Weather Ball|p1b: Kingambit
|-damage|p1b: Kingambit|0 fnt
|faint|p1b: Kingambit
|-activate|p1a: Rillaboom|confusion
|-damage|p1a: Rillaboom|17/100|[from] confusion
|
|-weather|none
|-heal|p1a: Rillaboom|23/100|[from] Grassy Terrain
|-sideend|p2: Diego Han|move: Tailwind
|-fieldend|move: Grassy Terrain
|upkeep
|
|t:|1756831302
|switch|p1b: Volcarona|Volcarona, L50, F|100/100
|turn|6
|
|t:|1756831314
|move|p2a: Electabuzz|Electroweb|p1a: Rillaboom|[spread] p1a,p1b
|-resisted|p1a: Rillaboom
|-damage|p1a: Rillaboom|18/100
|-damage|p1b: Volcarona|88/100
|-unboost|p1a: Rillaboom|spe|1
|move|p1b: Volcarona|Quiver Dance|p1b: Volcarona
|-boost|p1b: Volcarona|spa|1
|-boost|p1b: Volcarona|spd|1
|-boost|p1b: Volcarona|spe|1
|move|p2b: Pelipper|Weather Ball|p1a: Rillaboom
|-damage|p1a: Rillaboom|7/100
|-activate|p1a: Rillaboom|confusion
|move|p1a: Rillaboom|High Horsepower|p2a: Electabuzz
|-supereffective|p2a: Electabuzz
|-damage|p2a: Electabuzz|46/100
|
|upkeep
|turn|7
|
|t:|1756831333
|move|p1b: Volcarona|Quiver Dance|p1b: Volcarona
|-boost|p1b: Volcarona|spa|1
|-boost|p1b: Volcarona|spd|1
|-boost|p1b: Volcarona|spe|1
|move|p2a: Electabuzz|Electroweb|p1b: Volcarona|[spread] p1a,p1b
|-resisted|p1a: Rillaboom
|-damage|p1a: Rillaboom|2/100
|-damage|p1b: Volcarona|81/100
|-unboost|p1a: Rillaboom|spe|1
|move|p2b: Pelipper|Hurricane|p1b: Volcarona
|-supereffective|p1b: Volcarona
|-damage|p1b: Volcarona|37/100
|-end|p1a: Rillaboom|confusion
|move|p1a: Rillaboom|Grassy Glide|p2b: Pelipper
|-damage|p2b: Pelipper|62/100
|
|upkeep
|turn|8
|inactive|Diego Han has 30 seconds left.
|
|t:|1756831358
|switch|p2b: Basculegion|Basculegion, L50, M, tera:Water|78/100
|move|p1b: Volcarona|Heat Wave|p2a: Electabuzz|[spread] p2a
|-miss|p1b: Volcarona|p2b: Basculegion
|-crit|p2a: Electabuzz
|-damage|p2a: Electabuzz|0 fnt
|faint|p2a: Electabuzz
|move|p1a: Rillaboom|Grassy Glide|p2b: Basculegion
|-supereffective|p2b: Basculegion
|-damage|p2b: Basculegion|16/100
|
|upkeep
|
|t:|1756831365
|switch|p2a: Pelipper|Pelipper, L50, M|62/100
|-weather|RainDance|[from] ability: Drizzle|[of] p2a: Pelipper
|turn|9
|
|t:|1756831385
|move|p1b: Volcarona|Protect|p1b: Volcarona
|-singleturn|p1b: Volcarona|Protect
|move|p2b: Basculegion|Aqua Jet|p1b: Volcarona
|-activate|p1b: Volcarona|move: Protect
|move|p2a: Pelipper|Hurricane|p1a: Rillaboom
|-supereffective|p1a: Rillaboom
|-damage|p1a: Rillaboom|0 fnt
|faint|p1a: Rillaboom
|
|-weather|RainDance|[upkeep]
|upkeep
|turn|10
|inactive|swarmhostuser has 30 seconds left.
|
|t:|1756831412
|-terastallize|p1b: Volcarona|Fairy
|move|p2b: Basculegion|Aqua Jet|p1b: Volcarona
|-damage|p1b: Volcarona|0 fnt
|-status|p2b: Basculegion|brn|[from] ability: Flame Body|[of] p1b: Volcarona
|faint|p1b: Volcarona
|
|win|Diego Han
|raw|swarmhostuser's rating: 1027 → 1017(-10 for losing)
|raw|Diego Han's rating: 1141 → 1158(+17 for winning)
