|j|☆bbull
|j|☆Whitelightning31
|html|bbullWhitelightning31    
|uhtml|bestof|Game 2 of a best-of-3
|t:|1784928514
|gametype|doubles
|player|p1|bbull|bruno|
|player|p2|Whitelightning31|2|
|gen|9
|tier|[Gen 9 Champions] VGC 2026 Reg M-B (Bo3)
|rule|Species Clause: Limit one of each Pokémon
|rule|Item Clause: Limit 1 of each item
|clearpoke
|poke|p1|Archaludon, L50, M|
|poke|p1|Politoed, L50, M|
|poke|p1|Weavile, L50, M|
|poke|p1|Venusaur, L50, M|
|poke|p1|Hatterene, L50, F|
|poke|p1|Dragonite, L50, M|
|poke|p2|Froslass, L50, F|
|poke|p2|Rotom-Frost, L50|
|poke|p2|Toxicroak, L50, M|
|poke|p2|Palafin, L50, F, shiny|
|poke|p2|Whimsicott, L50, F|
|poke|p2|Arcanine-Hisui, L50, F|
|teampreview|4
|showteam|p1|Archaludon||ChopleBerry|Stamina|ElectroShot,FlashCannon,Protect,DragonPulse|Sassy||M|||50|]Politoed||SitrusBerry|Drizzle|BrickBreak,Protect,IceBeam,WeatherBall|Sassy||M|||50|]Weavile||FocusSash|Pickpocket|KnockOff,Protect,TripleAxel,FakeOut|Jolly||M|||50|]Venusaur||Venusaurite|Overgrow|EarthPower,Protect,SludgeBomb,GigaDrain|Quiet||M|||50|]Hatterene||KebiaBerry|MagicBounce|TrickRoom,Psychic,MysticalFire,Protect|Quiet||F|||50|]Dragonite||Dragoninite|Multiscale|Tailwind,Protect,Hurricane,DragonPulse|Modest||M|||50|
|showteam|p2|Froslass||Froslassite|CursedBody|ShadowBall,Blizzard,Thunder,Protect|Modest||F|||50|]Rotom-Frost||SitrusBerry|Levitate|Blizzard,Electroweb,EerieImpulse,Protect|Calm|||||50|]Toxicroak||CobaBerry|DrySkin|LowKick,GunkShot,VacuumWave,FakeOut|Hasty||M|||50|]Palafin||ChoiceScarf|ZerotoHero|FlipTurn,WaveCrash,CloseCombat,IcePunch|Adamant||F|||50|]Whimsicott||FocusSash|Prankster|Moonblast,Tailwind,Encore,Protect|Timid||F|||50|]Arcanine-Hisui||LifeOrb|Intimidate|RockSlide,CloseCombat,PsychicFangs,Protect|Jolly||F|||50|
|inactive|Battle timer is ON: inactive players will automatically lose when time's up. (requested by bbull)
|inactive|Whitelightning31 has 60 seconds left.
|inactive|Whitelightning31 has 30 seconds left.
|inactive|Whitelightning31 has 20 seconds left.
|
|t:|1784928586
|teamsize|p1|4
|teamsize|p2|4
|start
|switch|p1a: Hatterene|Hatterene, L50, F|100/100
|switch|p1b: Venusaur|Venusaur, L50, M|100/100
|switch|p2a: Toxicroak|Toxicroak, L50, M|100/100
|switch|p2b: Palafin|Palafin, L50, F, shiny|100/100
|turn|1
|inactive|Whitelightning31 has 30 seconds left.
|
|t:|1784928615
|detailschange|p1b: Venusaur|Venusaur-Mega, L50, M
|-mega|p1b: Venusaur|Venusaur|Venusaurite
|move|p1a: Hatterene|Protect|p1a: Hatterene
|-singleturn|p1a: Hatterene|Protect
|move|p2b: Palafin|Flip Turn|p1a: Hatterene
|-activate|p1a: Hatterene|move: Protect
|move|p2a: Toxicroak|Gunk Shot|p1a: Hatterene
|-activate|p1a: Hatterene|move: Protect
|move|p1b: Venusaur|Earth Power|p2a: Toxicroak
|-supereffective|p2a: Toxicroak|1
|-damage|p2a: Toxicroak|2/100
|
|upkeep
|turn|2
|
|t:|1784928637
|move|p2b: Palafin|Flip Turn|p1b: Venusaur
|-resisted|p1b: Venusaur|1
|-damage|p1b: Venusaur|90/100
|
|t:|1784928645
|detailschange|p2b: Palafin|Palafin-Hero, L50, F, shiny
|switch|p2b: Rotom|Rotom-Frost, L50|100/100|[from] Flip Turn
|move|p2a: Toxicroak|Gunk Shot|p1a: Hatterene|[miss]
|-miss|p2a: Toxicroak|p1a: Hatterene
|move|p1b: Venusaur|Giga Drain|p2a: Toxicroak
|-resisted|p2a: Toxicroak|1
|-damage|p2a: Toxicroak|0 fnt
|-heal|p1b: Venusaur|91/100|[from] drain|[of] p2a: Toxicroak
|faint|p2a: Toxicroak
|move|p1a: Hatterene|Trick Room|p1a: Hatterene
|-fieldstart|move: Trick Room|[of] p1a: Hatterene
|
|upkeep
|
|t:|1784928668
|switch|p2a: Froslass|Froslass, L50, F|100/100
|turn|3
|inactive|bbull has 30 seconds left.
|inactive|Whitelightning31 has 30 seconds left.
|
|t:|1784928702
|detailschange|p2a: Froslass|Froslass-Mega, L50, F
|-mega|p2a: Froslass|Froslass|Froslassite
|-weather|Snowscape|[from] ability: Snow Warning|[of] p2a: Froslass
|move|p1b: Venusaur|Protect|p1b: Venusaur
|-singleturn|p1b: Venusaur|Protect
|move|p2a: Froslass|Protect|p2a: Froslass
|-singleturn|p2a: Froslass|Protect
|move|p1a: Hatterene|Mystical Fire|p2a: Froslass
|-activate|p2a: Froslass|move: Protect
|move|p2b: Rotom|Eerie Impulse|p1b: Venusaur
|-activate|p1b: Venusaur|move: Protect
|
|-weather|Snowscape|[upkeep]
|upkeep
|turn|4
|inactive|bbull has 30 seconds left.
|inactive|Whitelightning31 has 30 seconds left.
|inactive|Whitelightning31 has 20 seconds left.
|inactive|Whitelightning31 has 15 seconds left.
|
|t:|1784928748
|switch|p2a: Palafin|Palafin-Hero, L50, F, shiny|100/100
|-activate|p2a: Palafin|ability: Zero to Hero
|move|p1a: Hatterene|Mystical Fire|p2a: Palafin
|-resisted|p2a: Palafin|1
|-damage|p2a: Palafin|83/100
|-unboost|p2a: Palafin|spa|1
|move|p1b: Venusaur|Giga Drain|p2a: Palafin
|-supereffective|p2a: Palafin|1
|-damage|p2a: Palafin|0 fnt
|-heal|p1b: Venusaur|100/100|[from] drain|[of] p2a: Palafin
|faint|p2a: Palafin
|move|p2b: Rotom|Blizzard|p1a: Hatterene|[spread] p1a,p1b
|-supereffective|p1b: Venusaur|1
|-crit|p1b: Venusaur
|-damage|p1a: Hatterene|72/100
|-damage|p1b: Venusaur|67/100
|
|-weather|Snowscape|[upkeep]
|upkeep
|
|t:|1784928766
|switch|p2a: Froslass|Froslass-Mega, L50, F|100/100
|turn|5
|inactive|Whitelightning31 has 30 seconds left.
|inactive|Whitelightning31 has 20 seconds left.
|inactive|Whitelightning31 has 15 seconds left.
|
|t:|1784928807
|move|p1a: Hatterene|Mystical Fire|p2a: Froslass
|-supereffective|p2a: Froslass|1
|-damage|p2a: Froslass|27/100
|-unboost|p2a: Froslass|spa|1
|move|p1b: Venusaur|Giga Drain|p2b: Rotom
|-damage|p2b: Rotom|65/100
|-heal|p1b: Venusaur|83/100|[from] drain|[of] p2b: Rotom
|move|p2b: Rotom|Blizzard|p1a: Hatterene|[spread] p1a,p1b
|-supereffective|p1b: Venusaur|1
|-damage|p1a: Hatterene|44/100
|-damage|p1b: Venusaur|58/100
|-status|p1a: Hatterene|frz
|move|p2a: Froslass|Shadow Ball|p1a: Hatterene
|-supereffective|p1a: Hatterene|1
|-damage|p1a: Hatterene|0 fnt
|faint|p1a: Hatterene
|
|-weather|Snowscape|[upkeep]
|upkeep
|
|t:|1784928824
|switch|p1a: Politoed|Politoed, L50, M|100/100
|-weather|RainDance|[from] ability: Drizzle|[of] p1a: Politoed
|turn|6
|
|t:|1784928836
|move|p2b: Rotom|Protect|p2b: Rotom
|-singleturn|p2b: Rotom|Protect
|move|p2a: Froslass|Protect|p2a: Froslass
|-singleturn|p2a: Froslass|Protect
|move|p1a: Politoed|Weather Ball|p2b: Rotom
|-activate|p2b: Rotom|move: Protect
|move|p1b: Venusaur|Giga Drain|p2a: Froslass
|-activate|p2a: Froslass|move: Protect
|
|-weather|RainDance|[upkeep]
|-fieldend|move: Trick Room
|upkeep
|turn|7
|inactive|Whitelightning31 has 30 seconds left.
|
|t:|1784928863
|move|p1b: Venusaur|Protect|p1b: Venusaur
|-singleturn|p1b: Venusaur|Protect
|move|p2a: Froslass|Thunder|p1a: Politoed
|-supereffective|p1a: Politoed|1
|-crit|p1a: Politoed
|-damage|p1a: Politoed|18/100
|-status|p1a: Politoed|par
|-enditem|p1a: Politoed|Sitrus Berry|[eat]
|-heal|p1a: Politoed|43/100 par|[from] item: Sitrus Berry
|move|p2b: Rotom|Blizzard|p1b: Venusaur|[spread] p1a
|-activate|p1b: Venusaur|move: Protect
|-resisted|p1a: Politoed|1
|-damage|p1a: Politoed|34/100 par
|move|p1a: Politoed|Weather Ball|p2a: Froslass
|-damage|p2a: Froslass|0 fnt
|faint|p2a: Froslass
|
|-weather|RainDance|[upkeep]
|upkeep
|turn|8
|inactive|bbull has 30 seconds left.
|
|t:|1784928892
|move|p2b: Rotom|Blizzard|p1a: Politoed|[spread] p1a,p1b
|-resisted|p1a: Politoed|1
|-supereffective|p1b: Venusaur|1
|-damage|p1a: Politoed|24/100 par
|-damage|p1b: Venusaur|32/100
|move|p1b: Venusaur|Giga Drain|p2b: Rotom
|-damage|p2b: Rotom|32/100
|-heal|p1b: Venusaur|48/100|[from] drain|[of] p2b: Rotom
|-enditem|p2b: Rotom|Sitrus Berry|[eat]
|-heal|p2b: Rotom|57/100|[from] item: Sitrus Berry
|move|p1a: Politoed|Weather Ball|p2b: Rotom
|-damage|p2b: Rotom|15/100
|
|-weather|RainDance|[upkeep]
|upkeep
|turn|9
|
|t:|1784928911
|move|p2b: Rotom|Blizzard|p1a: Politoed|[spread] p1a
|-miss|p2b: Rotom|p1b: Venusaur
|-resisted|p1a: Politoed|1
|-damage|p1a: Politoed|14/100 par
|move|p1b: Venusaur|Giga Drain|p2b: Rotom
|-damage|p2b: Rotom|0 fnt
|-heal|p1b: Venusaur|55/100|[from] drain|[of] p2b: Rotom
|faint|p2b: Rotom
|
|win|bbull
|c|☆Whitelightning31|gg
|c|☆bbull|gg
|c|☆Whitelightning31|rough look for the kid
|c|☆bbull|I picked up venusaur just to deal with this matchup
