|j|☆Lyon Grey
|j|☆stewiie25
|html|Lyon Greystewiie25    
|uhtml|bestof|Game 2 of a best-of-3
|t:|1757926903
|gametype|doubles
|player|p1|Lyon Grey|170|1049
|player|p2|stewiie25|169|1081
|gen|9
|tier|[Gen 9] VGC 2025 Reg H (Bo3)
|rated|
|rule|Species Clause: Limit one of each Pokémon
|rule|Item Clause: Limit 1 of each item
|clearpoke
|poke|p1|Kingambit, L50, F|
|poke|p1|Dragonite, L50, F|
|poke|p1|Rillaboom, L50, M|
|poke|p1|Pelipper, L50, M|
|poke|p1|Archaludon, L50, M|
|poke|p1|Ursaluna-Bloodmoon, L50, M|
|poke|p2|Meowscarada, L50, M|
|poke|p2|Baxcalibur, L50, F|
|poke|p2|Gholdengo, L50|
|poke|p2|Garganacl, L50, F|
|poke|p2|Tauros-Paldea-Aqua, L50, M|
|poke|p2|Mimikyu, L50, M|
|teampreview|4
|showteam|p1|Kingambit||BlackGlasses|SupremeOverlord|Protect,SwordsDance,KowtowCleave,SuckerPunch|||F|||50|,,,,,Ghost]Dragonite||ClearAmulet|Multiscale|DragonClaw,ExtremeSpeed,DragonDance,Tailwind|||F|||50|,,,,,Normal]Rillaboom||MiracleSeed|GrassySurge|WoodHammer,GrassyGlide,HighHorsepower,FakeOut|||M|||50|,,,,,Fire]Pelipper||FocusSash|Drizzle|Hurricane,WeatherBall,Tailwind,Soak|||M|||50|,,,,,Ghost]Archaludon||PowerHerb|Stamina|Protect,DracoMeteor,ElectroShot,FlashCannon|||M|||50|,,,,,Flying]Ursaluna-Bloodmoon||AssaultVest|MindsEye|HyperVoice,BloodMoon,EarthPower,VacuumWave|||M|||50|,,,,,Normal
|showteam|p2|Meowscarada||FocusSash|Overgrow|Protect,FlowerTrick,SuckerPunch,KnockOff|||M|||50|,,,,,Grass]Baxcalibur||LoadedDice|ThermalExchange|Protect,IcicleSpear,IceShard,GlaiveRush|||F|||50|,,,,,Water]Gholdengo||ChoiceSpecs|GoodasGold|MakeItRain,FocusBlast,PowerGem,ShadowBall||||||50|,,,,,Steel]Garganacl||Leftovers|PurifyingSalt|Protect,WideGuard,SaltCure,Recover|||F|||50|,,,,,Poison]Tauros-Paldea-Aqua||SitrusBerry|Intimidate|Protect,AquaJet,WaveCrash,CloseCombat|||M|||50|,,,,,Fighting]Mimikyu||LifeOrb|Disguise|Protect,ShadowClaw,ShadowSneak,PlayRough|||M|||50|,,,,,Ghost
|inactive|Battle timer is ON: inactive players will automatically lose when time's up. (requested by Lyon Grey)
|
|t:|1757926922
|teamsize|p1|4
|teamsize|p2|4
|start
|switch|p1a: King Rook|Rillaboom, L50, M|100/100
|switch|p1b: Mihawk|Kingambit, L50, F, shiny|100/100
|switch|p2a: Gholdengo|Gholdengo, L50|100/100
|switch|p2b: Mimikyu|Mimikyu, L50, M|100/100
|-fieldstart|move: Grassy Terrain|[from] ability: Grassy Surge|[of] p1a: King Rook
|turn|1
|inactive|Lyon Grey has 30 seconds left.
|inactive|stewiie25 has 30 seconds left.
|inactive|Lyon Grey has 20 seconds left.
|inactive|Lyon Grey has 15 seconds left.
|inactive|Lyon Grey has 10 seconds left.
|inactive|Lyon Grey has 5 seconds left.
|
|t:|1757926974
|move|p2b: Mimikyu|Shadow Claw|p1b: Mihawk
|-resisted|p1b: Mihawk
|-damage|p1b: Mihawk|89/100
|-damage|p2b: Mimikyu|91/100|[from] item: Life Orb
|move|p2a: Gholdengo|Focus Blast|p1b: Mihawk
|-supereffective|p1b: Mihawk
|-damage|p1b: Mihawk|0 fnt
|faint|p1b: Mihawk
|-end|p1b: Mihawk|fallenundefined|[silent]
|move|p1a: King Rook|High Horsepower|p2a: Gholdengo
|-supereffective|p2a: Gholdengo
|-damage|p2a: Gholdengo|29/100
|
|-heal|p2b: Mimikyu|96/100|[from] Grassy Terrain
|-heal|p2a: Gholdengo|35/100|[from] Grassy Terrain
|upkeep
|
|t:|1757926993
|switch|p1b: Pelipper|Pelipper, L50, M, shiny|100/100
|-weather|RainDance|[from] ability: Drizzle|[of] p1b: Pelipper
|turn|2
|
|t:|1757927007
|switch|p2a: Baxcalibur|Baxcalibur, L50, F|100/100
|move|p1a: King Rook|Grassy Glide|p2b: Mimikyu
|-activate|p2b: Mimikyu|ability: Disguise
|-damage|p2b: Mimikyu|96/100
|detailschange|p2b: Mimikyu|Mimikyu-Busted, L50, M
|-damage|p2b: Mimikyu|84/100|[from] pokemon: Mimikyu-Busted
|move|p2b: Mimikyu|Play Rough|p1b: Pelipper
|-damage|p1b: Pelipper|49/100
|-damage|p2b: Mimikyu|74/100|[from] item: Life Orb
|move|p1b: Pelipper|Weather Ball|p2a: Baxcalibur
|-resisted|p2a: Baxcalibur
|-damage|p2a: Baxcalibur|76/100
|
|-weather|RainDance|[upkeep]
|-heal|p2b: Mimikyu|80/100|[from] Grassy Terrain
|-heal|p2a: Baxcalibur|82/100|[from] Grassy Terrain
|upkeep
|turn|3
|inactive|Lyon Grey has 30 seconds left.
|inactive|Lyon Grey has 20 seconds left.
|inactive|Lyon Grey has 15 seconds left.
|inactive|Lyon Grey has 10 seconds left.
|inactive|Lyon Grey has 5 seconds left.
|
|t:|1757927058
|switch|p1b: Archie|Archaludon, L50, M, shiny|100/100
|-terastallize|p1a: King Rook|Fire
|move|p1a: King Rook|Grassy Glide|p2b: Mimikyu
|-crit|p2b: Mimikyu
|-damage|p2b: Mimikyu|0 fnt
|faint|p2b: Mimikyu
|move|p2a: Baxcalibur|Icicle Spear|p1a: King Rook
|-resisted|p1a: King Rook
|-damage|p1a: King Rook|94/100
|-resisted|p1a: King Rook
|-damage|p1a: King Rook|88/100
|-resisted|p1a: King Rook
|-damage|p1a: King Rook|81/100
|-resisted|p1a: King Rook
|-damage|p1a: King Rook|73/100
|-resisted|p1a: King Rook
|-damage|p1a: King Rook|67/100
|-hitcount|p1a: King Rook|5
|
|-weather|RainDance|[upkeep]
|-heal|p1a: King Rook|73/100|[from] Grassy Terrain
|-heal|p2a: Baxcalibur|88/100|[from] Grassy Terrain
|upkeep
|
|t:|1757927070
|switch|p2b: Tauros|Tauros-Paldea-Aqua, L50, M|100/100
|-ability|p2b: Tauros|Intimidate|boost
|-unboost|p1a: King Rook|atk|1
|-unboost|p1b: Archie|atk|1
|turn|4
|inactive|Lyon Grey has 30 seconds left.
|inactive|Lyon Grey has 20 seconds left.
|inactive|Lyon Grey has 15 seconds left.
|
|t:|1757927113
|move|p2b: Tauros|Wave Crash|p1a: King Rook
|-supereffective|p1a: King Rook
|-damage|p1a: King Rook|0 fnt
|faint|p1a: King Rook
|-damage|p2b: Tauros|74/100|[from] Recoil
|move|p1b: Archie|Draco Meteor|p2a: Baxcalibur
|-supereffective|p2a: Baxcalibur
|-damage|p2a: Baxcalibur|0 fnt
|-unboost|p1b: Archie|spa|2
|faint|p2a: Baxcalibur
|
|-weather|RainDance|[upkeep]
|-heal|p2b: Tauros|80/100|[from] Grassy Terrain
|upkeep
|
|t:|1757927125
|switch|p1a: Pelipper|Pelipper, L50, M, shiny|49/100
|switch|p2a: Gholdengo|Gholdengo, L50|35/100
|turn|5
|inactive|Lyon Grey has 30 seconds left.
|
|t:|1757927155
|move|p1b: Archie|Protect|p1b: Archie
|-singleturn|p1b: Archie|Protect
|move|p2b: Tauros|Wave Crash|p1a: Pelipper
|-resisted|p1a: Pelipper
|-damage|p1a: Pelipper|6/100
|-damage|p2b: Tauros|68/100|[from] Recoil
|move|p2a: Gholdengo|Focus Blast|p1b: Archie
|-activate|p1b: Archie|move: Protect
|move|p1a: Pelipper|Hurricane|p2b: Tauros
|-supereffective|p2b: Tauros
|-damage|p2b: Tauros|0 fnt
|faint|p2b: Tauros
|
|-weather|RainDance|[upkeep]
|-heal|p2a: Gholdengo|41/100|[from] Grassy Terrain
|-fieldend|move: Grassy Terrain
|upkeep
|turn|6
|inactive|Lyon Grey has 30 seconds left.
|inactive|Lyon Grey has 20 seconds left.
|inactive|Lyon Grey has 15 seconds left.
|inactive|Lyon Grey has 10 seconds left.
|
|t:|1757927202
|move|p2a: Gholdengo|Focus Blast|p1b: Archie|[miss]
|-miss|p2a: Gholdengo|p1b: Archie
|move|p1a: Pelipper|Weather Ball|p2a: Gholdengo
|-damage|p2a: Gholdengo|0 fnt
|faint|p2a: Gholdengo
|
|win|Lyon Grey
||Lyon Grey is ready for game 3.
|inactive|stewiie25 has 30 seconds to confirm battle start!
|inactive|stewiie25 has 20 seconds to confirm battle start!
||stewiie25 is ready for game 3.
|uhtml|next|Next: Game 3 of 3
|l|☆Lyon Grey
|player|p1|
