|j|☆Suffle_Gz
|j|☆DeditoALaPanchita
|html|Suffle_GzDeditoALaPanchita    
|uhtml|bestof|Game 1 of a best-of-3
|t:|1786037816
|gametype|doubles
|player|p1|Suffle_Gz|mars|1037
|player|p2|DeditoALaPanchita|striker|1000
|gen|9
|tier|[Gen 9 Champions] VGC 2026 Reg M-B (Bo3)
|rated|
|rule|Species Clause: Limit one of each Pokémon
|rule|Item Clause: Limit 1 of each item
|clearpoke
|poke|p1|Chesnaught, L50, M|
|poke|p1|Sableye, L50, F|
|poke|p1|Dragalge, L50, M|
|poke|p1|Mudsdale, L50, F|
|poke|p1|Torkoal, L50, M, shiny|
|poke|p1|Farigiraf, L50, F|
|poke|p2|Floette-Eternal, L50, F|
|poke|p2|Incineroar, L50, F, shiny|
|poke|p2|Sinistcha-Masterpiece, L50, shiny|
|poke|p2|Milotic, L50, M|
|poke|p2|Raichu, L50, M|
|poke|p2|Ceruledge, L50, M|
|teampreview|4
|showteam|p1|Chesnaught||Chesnaughtite|Bulletproof|BodyPress,IronDefense,LeechSeed,SpikyShield|Careful||M|||50|]Sableye||LightClay|Prankster|LightScreen,Reflect,WillOWisp,Protect|Calm||F|||50|]Dragalge||Dragalgite|PoisonPoint|SludgeBomb,DracoMeteor,FlipTurn,Protect|Sassy||M|||50|]Mudsdale||Leftovers|Stamina|RockSlide,BodyPress,StompingTantrum,Protect|Brave||F|||50|]Torkoal||Charcoal|Drought|Eruption,WeatherBall,EarthPower,Protect|Quiet||M|||50|]Farigiraf||ColburBerry|ArmorTail|TrickRoom,TwinBeam,Thunderbolt,Protect|Quiet||F|||50|
|showteam|p2|Floette-Eternal||Floettite|FlowerVeil|Moonblast,DazzlingGleam,CalmMind,Protect|Modest||F|||50|]Incineroar||SitrusBerry|Intimidate|FakeOut,PartingShot,ThroatChop,FlareBlitz|Careful||F|||50|]Sinistcha-Masterpiece||KasibBerry|Hospitality|MatchaGotcha,LifeDew,RagePowder,TrickRoom|Bold|||||50|]Milotic||Leftovers|MarvelScale|MuddyWater,Coil,Hypnosis,Recover|Calm||M|||50|]Raichu||RaichuniteY|Static|FakeOut,ZapCannon,FocusBlast,Protect|Timid||M|||50|]Ceruledge||ColburBerry|FlashFire|BitterBlade,ShadowSneak,BulkUp,Protect|Adamant||M|||50|
|inactive|Battle timer is ON: inactive players will automatically lose when time's up. (requested by Suffle_Gz)
|inactive|DeditoALaPanchita has 60 seconds left.
|inactive|Suffle_Gz has 60 seconds left.
|
|t:|1786037884
|teamsize|p1|4
|teamsize|p2|4
|start
|switch|p1a: Farigiraf|Farigiraf, L50, F|100/100
|switch|p1b: Sableye|Sableye, L50, F|100/100
|switch|p2a: Friends Take|Incineroar, L50, F, shiny|100/100
|switch|p2b: Felicidad|Floette-Eternal, L50, F|100/100
|-ability|p2a: Friends Take|Intimidate|boost
|-unboost|p1a: Farigiraf|atk|1
|-unboost|p1b: Sableye|atk|1
|turn|1
|
|t:|1786037904
|move|p1b: Sableye|Light Screen|p1b: Sableye
|-sidestart|p1: Suffle_Gz|move: Light Screen
|move|p2b: Felicidad|Calm Mind|p2b: Felicidad
|-boost|p2b: Felicidad|spa|1
|-boost|p2b: Felicidad|spd|1
|move|p2a: Friends Take|Throat Chop|p1a: Farigiraf
|-supereffective|p1a: Farigiraf|1
|-enditem|p1a: Farigiraf|Colbur Berry|[eat]
|-enditem|p1a: Farigiraf|Colbur Berry|[weaken]
|-damage|p1a: Farigiraf|65/100
|-start|p1a: Farigiraf|Throat Chop|[silent]
|move|p1a: Farigiraf|Trick Room|p1a: Farigiraf
|-fieldstart|move: Trick Room|[of] p1a: Farigiraf
|
|upkeep
|turn|2
|
|t:|1786037922
|move|p1b: Sableye|Will-O-Wisp|p2b: Felicidad
|-status|p2b: Felicidad|brn
|move|p1a: Farigiraf|Thunderbolt|p2b: Felicidad
|-damage|p2b: Felicidad|83/100 brn
|move|p2a: Friends Take|Parting Shot|p1b: Sableye
|-unboost|p1b: Sableye|atk|1
|-unboost|p1b: Sableye|spa|1
|
|t:|1786037929
|switch|p2a: DON JULIO|Sinistcha-Masterpiece, L50, shiny|100/100|[from] Parting Shot
|-heal|p2b: Felicidad|100/100 brn|[from] ability: Hospitality|[of] p2a: DON JULIO
|move|p2b: Felicidad|Calm Mind|p2b: Felicidad
|-boost|p2b: Felicidad|spa|1
|-boost|p2b: Felicidad|spd|1
|
|-damage|p2b: Felicidad|93/100 brn|[from] brn
|-end|p1a: Farigiraf|Throat Chop|[silent]
|upkeep
|turn|3
|inactive|Suffle_Gz has 30 seconds left.
|
|t:|1786037955
|detailschange|p2b: Felicidad|Floette-Mega, L50, F
|-mega|p2b: Felicidad|Floette|Floettite
|-ability|p2b: Felicidad|Fairy Aura
|move|p1b: Sableye|Will-O-Wisp|p2a: DON JULIO
|-status|p2a: DON JULIO|brn
|move|p1a: Farigiraf|Twin Beam|p2b: Felicidad
|-damage|p2b: Felicidad|87/100 brn
|-damage|p2b: Felicidad|80/100 brn
|-hitcount|p2b: Felicidad|2
|move|p2b: Felicidad|Dazzling Gleam|p1a: Farigiraf|[spread] p1a,p1b
|-supereffective|p1b: Sableye|1
|-damage|p1a: Farigiraf|3/100
|-damage|p1b: Sableye|0 fnt
|faint|p1b: Sableye
|move|p2a: DON JULIO|Trick Room|p2a: DON JULIO
|-fieldend|move: Trick Room
|
|-damage|p2b: Felicidad|74/100 brn|[from] brn
|-damage|p2a: DON JULIO|93/100 brn|[from] brn
|upkeep
|
|t:|1786037969
|switch|p1b: Dragalge|Dragalge, L50, M|100/100
|turn|4
|
|t:|1786037978
|detailschange|p1b: Dragalge|Dragalge-Mega, L50, M
|-mega|p1b: Dragalge|Dragalge|Dragalgite
|move|p2a: DON JULIO|Rage Powder|p2a: DON JULIO
|-singleturn|p2a: DON JULIO|move: Rage Powder
|move|p2b: Felicidad|Dazzling Gleam|p1b: Dragalge|[spread] p1a,p1b
|-damage|p1a: Farigiraf|0 fnt
|-damage|p1b: Dragalge|65/100
|faint|p1a: Farigiraf
|move|p1b: Dragalge|Flip Turn|p2a: DON JULIO
|-resisted|p2a: DON JULIO|1
|-damage|p2a: DON JULIO|88/100 brn
|
|t:|1786037988
|-heal|p1b: Dragalge|98/100|[from] ability: Regenerator|[silent]
|switch|p1b: Mudsdale|Mudsdale, L50, F|100/100|[from] Flip Turn
|
|-damage|p2b: Felicidad|67/100 brn|[from] brn
|-damage|p2a: DON JULIO|82/100 brn|[from] brn
|upkeep
|
|t:|1786037996
|switch|p1a: Dragalge|Dragalge-Mega, L50, M|98/100
|turn|5
|
|t:|1786038004
|switch|p2a: Friends Take|Incineroar, L50, F, shiny|100/100
|-ability|p2a: Friends Take|Intimidate|boost
|-unboost|p1a: Dragalge|atk|1
|-unboost|p1b: Mudsdale|atk|1
|move|p2b: Felicidad|Protect|p2b: Felicidad
|-singleturn|p2b: Felicidad|Protect
|move|p1b: Mudsdale|Protect|p1b: Mudsdale
|-singleturn|p1b: Mudsdale|Protect
|move|p1a: Dragalge|Sludge Bomb|p2b: Felicidad
|-activate|p2b: Felicidad|move: Protect
|
|-damage|p2b: Felicidad|61/100 brn|[from] brn
|upkeep
|turn|6
|
|t:|1786038019
|move|p1a: Dragalge|Protect|p1a: Dragalge
|-singleturn|p1a: Dragalge|Protect
|move|p2b: Felicidad|Calm Mind|p2b: Felicidad
|-boost|p2b: Felicidad|spa|1
|-boost|p2b: Felicidad|spd|1
|move|p2a: Friends Take|Parting Shot|p1a: Dragalge
|-activate|p1a: Dragalge|move: Protect
|move|p1b: Mudsdale|Body Press|p2a: Friends Take
|-supereffective|p2a: Friends Take|1
|-damage|p2a: Friends Take|58/100
|
|-damage|p2b: Felicidad|55/100 brn|[from] brn
|upkeep
|turn|7
|
|t:|1786038034
|move|p2b: Felicidad|Protect|p2b: Felicidad
|-singleturn|p2b: Felicidad|Protect
|move|p2a: Friends Take|Parting Shot|p1a: Dragalge
|-unboost|p1a: Dragalge|atk|1
|-unboost|p1a: Dragalge|spa|1
|
|t:|1786038038
|switch|p2a: DON JULIO|Sinistcha-Masterpiece, L50, shiny|82/100 brn|[from] Parting Shot
|-heal|p2b: Felicidad|80/100 brn|[from] ability: Hospitality|[of] p2a: DON JULIO
|move|p1a: Dragalge|Sludge Bomb|p2b: Felicidad
|-activate|p2b: Felicidad|move: Protect
|move|p1b: Mudsdale|Rock Slide|p2b: Felicidad|[spread] p2a
|-activate|p2b: Felicidad|move: Protect
|-damage|p2a: DON JULIO|70/100 brn
|
|-damage|p2b: Felicidad|74/100 brn|[from] brn
|-damage|p2a: DON JULIO|64/100 brn|[from] brn
|upkeep
|turn|8
|
|t:|1786038053
|move|p2a: DON JULIO|Rage Powder|p2a: DON JULIO
|-singleturn|p2a: DON JULIO|move: Rage Powder
|move|p2b: Felicidad|Moonblast|p1b: Mudsdale
|-damage|p1b: Mudsdale|0 fnt
|faint|p1b: Mudsdale
|move|p1a: Dragalge|Sludge Bomb|p2a: DON JULIO
|-damage|p2a: DON JULIO|38/100 brn
|
|-damage|p2b: Felicidad|68/100 brn|[from] brn
|-damage|p2a: DON JULIO|32/100 brn|[from] brn
|-sideend|p1: Suffle_Gz|move: Light Screen
|upkeep
|turn|9
|-message|Suffle_Gz forfeited.
|raw|Suffle_Gz's rating: 1037 → 1020(-17 for losing)
|raw|DeditoALaPanchita's rating: 1000 → 1044(+44 for winning)
|
|win|DeditoALaPanchita
