|j|☆exessvgc
|j|☆14#coder9
|html|exessvgc14#coder9    
|uhtml|bestof|Game 1 of a best-of-3
|t:|1785885118
|gametype|doubles
|player|p1|exessvgc|lucas|1164
|player|p2|14#coder9|unknown|1168
|gen|9
|tier|[Gen 9 Champions] VGC 2026 Reg M-B (Bo3)
|rated|
|rule|Species Clause: Limit one of each Pokémon
|rule|Item Clause: Limit 1 of each item
|clearpoke
|poke|p1|Altaria, L50, F|
|poke|p1|Lopunny, L50, F|
|poke|p1|Garchomp, L50, M|
|poke|p1|Whimsicott, L50, M|
|poke|p1|Vivillon-Pokeball, L50, M|
|poke|p1|Tsareena, L50, F|
|poke|p2|Charizard, L50, F, shiny|
|poke|p2|Whimsicott, L50, F, shiny|
|poke|p2|Incineroar, L50, M|
|poke|p2|Garchomp, L50, M, shiny|
|poke|p2|Rotom-Wash, L50|
|poke|p2|Staraptor, L50, M, shiny|
|teampreview|4
|showteam|p1|Altaria||Altarianite|NaturalCure|Moonblast,HyperVoice,HyperBeam,Protect|Modest||F|||50|]Lopunny||Lopunnite|Limber|FakeOut,CloseCombat,GigaImpact,Protect|Jolly||F|||50|]Garchomp||LifeOrb|RoughSkin|Earthquake,DragonClaw,StompingTantrum,RockSlide|Jolly||M|||50|]Whimsicott||FocusSash|Prankster|Tailwind,Encore,Moonblast,Protect|Timid||M|||50|]Vivillon-Pokeball||ChoiceScarf|CompoundEyes|SleepPowder,Hurricane,RagePowder,GigaDrain|Timid||M|||50|]Tsareena||MuscleBand|QueenlyMajesty|TripleAxel,Taunt,KnockOff,TropKick|Adamant||F|||50|
|showteam|p2|Charizard||CharizarditeY|Blaze|HeatWave,Overheat,SolarBeam,Protect|Modest||F|||50|]Whimsicott||FocusSash|Prankster|SunnyDay,Tailwind,Moonblast,Encore|Timid||F|||50|]Incineroar||ChopleBerry|Intimidate|FlareBlitz,PartingShot,FakeOut,ThroatChop|Careful||M|||50|]Garchomp||LifeOrb|RoughSkin|RockSlide,DragonClaw,Earthquake,Protect|Jolly||M|||50|]Rotom-Wash||SitrusBerry|Levitate|HydroPump,VoltSwitch,WillOWisp,Electroweb|Bold|||||50|]Staraptor||Staraptite|Intimidate|Protect,CloseCombat,BraveBird,Roost|Jolly||M|||50|
|inactive|Battle timer is ON: inactive players will automatically lose when time's up. (requested by exessvgc)
|inactive|14#coder9 has 60 seconds left.
|c|☆exessvgc|Bruh click the buttons
|inactive|14#coder9 has 30 seconds left.
|inactive|14#coder9 has 20 seconds left.
|
|t:|1785885238
|teamsize|p1|4
|teamsize|p2|4
|start
|switch|p1a: Candy|Altaria, L50, F|100/100
|switch|p1b: Vivillon|Vivillon-Pokeball, L50, M|100/100
|switch|p2a: Incineroar|Incineroar, L50, M|100/100
|switch|p2b: Rotom|Rotom-Wash, L50|100/100
|-ability|p2a: Incineroar|Intimidate|boost
|-unboost|p1a: Candy|atk|1
|-unboost|p1b: Vivillon|atk|1
|turn|1
|inactive|exessvgc has 30 seconds left.
|inactive|14#coder9 has 30 seconds left.
|inactive|exessvgc has 20 seconds left.
|
|t:|1785885277
|switch|p1b: Tsareena|Tsareena, L50, F|100/100
|detailschange|p1a: Candy|Altaria-Mega, L50, F
|-mega|p1a: Candy|Altaria|Altarianite
|move|p2a: Incineroar|Fake Out||[still]
|cant|p1b: Tsareena|ability: Queenly Majesty|Fake Out|[of] p2a: Incineroar
|move|p2b: Rotom|Will-O-Wisp|p1b: Tsareena
|-status|p1b: Tsareena|brn
|move|p1a: Candy|Hyper Voice|p2a: Incineroar|[spread] p2a,p2b
|-damage|p2a: Incineroar|67/100
|-damage|p2b: Rotom|58/100
|
|-damage|p1b: Tsareena|93/100 brn|[from] brn
|upkeep
|turn|2
|inactive|14#coder9 has 30 seconds left.
|
|t:|1785885308
|move|p1b: Tsareena|Trop Kick|p2b: Rotom
|-supereffective|p2b: Rotom|1
|-crit|p2b: Rotom
|-damage|p2b: Rotom|0 fnt
|faint|p2b: Rotom
|move|p1a: Candy|Hyper Beam|p2a: Incineroar
|-damage|p2a: Incineroar|0 fnt
|-mustrecharge|p1a: Candy
|faint|p2a: Incineroar
|
|-damage|p1b: Tsareena|87/100 brn|[from] brn
|upkeep
|
|t:|1785885318
|switch|p2b: Garchomp|Garchomp, L50, M, shiny|100/100
|switch|p2a: Charizard|Charizard, L50, F, shiny|100/100
|turn|3
|
|t:|1785885336
|switch|p1b: Vivillon|Vivillon-Pokeball, L50, M|100/100
|detailschange|p2a: Charizard|Charizard-Mega-Y, L50, F, shiny
|-mega|p2a: Charizard|Charizard|Charizardite Y
|-weather|SunnyDay|[from] ability: Drought|[of] p2a: Charizard
|move|p2b: Garchomp|Dragon Claw|p1a: Candy
|-immune|p1a: Candy
|move|p2a: Charizard|Heat Wave|p1b: Vivillon|[spread] p1b
|-miss|p2a: Charizard|p1a: Candy
|-supereffective|p1b: Vivillon|1
|-damage|p1b: Vivillon|0 fnt
|faint|p1b: Vivillon
|cant|p1a: Candy|recharge
|
|-weather|SunnyDay|[upkeep]
|upkeep
|
|t:|1785885349
|switch|p1b: Whimsicott|Whimsicott, L50, M|100/100
|turn|4
|
|t:|1785885365
|move|p1b: Whimsicott|Encore|p2b: Garchomp
|-start|p2b: Garchomp|Encore
|move|p2b: Garchomp|Dragon Claw|p1b: Whimsicott
|-immune|p1b: Whimsicott
|move|p2a: Charizard|Heat Wave|p1a: Candy|[spread] p1a,p1b
|-resisted|p1a: Candy|1
|-supereffective|p1b: Whimsicott|1
|-damage|p1a: Candy|68/100
|-enditem|p1b: Whimsicott|Focus Sash
|-damage|p1b: Whimsicott|1/100
|move|p1a: Candy|Hyper Voice|p2b: Garchomp|[spread] p2a,p2b
|-resisted|p2a: Charizard|1
|-supereffective|p2b: Garchomp|1
|-damage|p2a: Charizard|82/100
|-damage|p2b: Garchomp|11/100
|
|-weather|SunnyDay|[upkeep]
|upkeep
|turn|5
|
|t:|1785885384
|move|p1b: Whimsicott|Tailwind|p1b: Whimsicott
|-sidestart|p1: exessvgc|move: Tailwind
|move|p1a: Candy|Hyper Voice|p2b: Garchomp|[spread] p2a,p2b
|-resisted|p2a: Charizard|1
|-supereffective|p2b: Garchomp|1
|-damage|p2a: Charizard|64/100
|-damage|p2b: Garchomp|0 fnt
|faint|p2b: Garchomp
|move|p2a: Charizard|Heat Wave|p1a: Candy|[spread] p1a,p1b
|-resisted|p1a: Candy|1
|-supereffective|p1b: Whimsicott|1
|-crit|p1b: Whimsicott
|-damage|p1a: Candy|33/100
|-damage|p1b: Whimsicott|0 fnt
|faint|p1b: Whimsicott
|
|-weather|SunnyDay|[upkeep]
|upkeep
|
|t:|1785885389
|switch|p1b: Tsareena|Tsareena, L50, F|87/100 brn
|turn|6
|
|t:|1785885411
|move|p1b: Tsareena|Knock Off|p2a: Charizard
|-damage|p2a: Charizard|50/100g
|move|p1a: Candy|Hyper Beam|p2a: Charizard
|-resisted|p2a: Charizard|1
|-damage|p2a: Charizard|6/100
|-mustrecharge|p1a: Candy
|move|p2a: Charizard|Overheat|p1a: Candy
|-resisted|p1a: Candy|1
|-damage|p1a: Candy|0 fnt
|-unboost|p2a: Charizard|spa|2
|faint|p1a: Candy
|
|-weather|SunnyDay|[upkeep]
|-damage|p1b: Tsareena|81/100 brn|[from] brn
|upkeep
|turn|7
|inactive|14#coder9 has 30 seconds left.
|
|t:|1785885436
|move|p2a: Charizard|Protect|p2a: Charizard
|-singleturn|p2a: Charizard|Protect
|move|p1b: Tsareena|Knock Off|p2a: Charizard
|-activate|p2a: Charizard|move: Protect
|
|-weather|none
|-damage|p1b: Tsareena|75/100 brn|[from] brn
|upkeep
|turn|8
|
|t:|1785885443
|move|p2a: Charizard|Protect||[still]
|-fail|p2a: Charizard
|move|p1b: Tsareena|Knock Off|p2a: Charizard
|-damage|p2a: Charizard|0 fnt
|faint|p2a: Charizard
|
|win|exessvgc
||exessvgc is ready for game 2.
|inactive|14#coder9 has 30 seconds to confirm battle start!
||14#coder9 is ready for game 2.
|uhtml|next|Next: Game 2 of 3
