|j|☆Crying Flurmels
|j|☆jogadorzero
|html|Crying Flurmelsjogadorzero    
|uhtml|bestof|Game 1 of a best-of-3
|t:|1756593299
|gametype|doubles
|player|p1|Crying Flurmels|102|
|player|p2|jogadorzero|brock|
|gen|9
|tier|[Gen 9] VGC 2025 Reg H (Bo3)
|rule|Species Clause: Limit one of each Pokémon
|rule|Item Clause: Limit 1 of each item
|clearpoke
|poke|p1|Murkrow, L50, F|
|poke|p1|Volcarona, L50, F|
|poke|p1|Sneasler, L50, M|
|poke|p1|Kingambit, L50, M|
|poke|p1|Dragonite, L50, F|
|poke|p1|Rillaboom, L50, F|
|poke|p2|Delphox, L50, M|
|poke|p2|Indeedee, L50, M|
|poke|p2|Dragapult, L50, M|
|poke|p2|Sneasler, L50, F|
|poke|p2|Talonflame, L50, M|
|poke|p2|Ninetales-Alola, L50, F|
|teampreview|4
|showteam|p1|Murkrow||Eviolite|Prankster|FoulPlay,Tailwind,Haze,SunnyDay|||F|||50|,,,,,Ghost]Volcarona||CovertCloak|FlameBody|HeatWave,TeraBlast,QuiverDance,Protect|||F|||50|,,,,,Water]Sneasler||GrassySeed|Unburden|DireClaw,CloseCombat,Protect,Coaching|||M|||50|,,,,,Stellar]Kingambit||BlackGlasses|Defiant|KowtowCleave,SuckerPunch,SwordsDance,Protect|||M|||50|,,,,,Dark]Dragonite||ChoiceBand|InnerFocus|Outrage,StompingTantrum,LowKick,ExtremeSpeed|||F|||50|,,,,,Normal]Rillaboom||MiracleSeed|GrassySurge|WoodHammer,GrassyGlide,Uturn,FakeOut|||F|||50|,,,,,Fire
|showteam|p2|Delphox||LifeOrb|Blaze|ExpandingForce,HeatWave,TeraBlast,Protect|||M|||50|,,,,,Fighting]Indeedee||FocusSash|PsychicSurge|ExpandingForce,TrickRoom,Imprison,TeraBlast|||M|||50|,,,,,Fighting]Dragapult||ChoiceBand|ClearBody|DragonDarts,TeraBlast,Uturn,PhantomForce|||M|||50|,,,,,Fairy]Sneasler||PsychicSeed|Unburden|DireClaw,CloseCombat,Protect,ThroatChop|||F|||50|,,,,,Dark]Talonflame||CovertCloak|GaleWings|Tailwind,FlareBlitz,BraveBird,Protect|||M|||50|,,,,,Electric]Ninetales-Alola||LightClay|SnowWarning|FreezeDry,AuroraVeil,Moonblast,Protect|||F|||50|,,,,,Ice
|c|☆jogadorzero|glhf
|inactive|Battle timer is ON: inactive players will automatically lose when time's up. (requested by jogadorzero)
|c|☆Crying Flurmels|glhf
|inactive|Crying Flurmels has 60 seconds left.
|inactive|Crying Flurmels has 30 seconds left.
|
|t:|1756593371
|teamsize|p1|4
|teamsize|p2|4
|start
|switch|p1a: Dragonite|Dragonite, L50, F|100/100
|switch|p1b: Kingambit|Kingambit, L50, M|100/100
|switch|p2a: Sneasler|Sneasler, L50, F|100/100
|switch|p2b: Dragapult|Dragapult, L50, M|100/100
|turn|1
|inactive|Crying Flurmels has 30 seconds left.
|inactive|jogadorzero has 30 seconds left.
|inactive|Crying Flurmels has 20 seconds left.
|inactive|Crying Flurmels has 15 seconds left.
|inactive|Crying Flurmels has 10 seconds left.
|inactive|jogadorzero has 20 seconds left.
|
|t:|1756593416
|switch|p2a: Indeedee|Indeedee, L50, M|100/100
|-fieldstart|move: Psychic Terrain|[from] ability: Psychic Surge|[of] p2a: Indeedee
|-terastallize|p2b: Dragapult|Fairy
|move|p2b: Dragapult|Dragon Darts|p1a: Dragonite
|-supereffective|p1a: Dragonite
|-damage|p1a: Dragonite|20/100
|-anim|p2b: Dragapult|Dragon Darts|p1b: Kingambit
|-resisted|p1b: Kingambit
|-damage|p1b: Kingambit|85/100
|move|p1a: Dragonite|Stomping Tantrum|p2a: Indeedee
|-damage|p2a: Indeedee|10/100
|move|p1b: Kingambit|Kowtow Cleave|p2a: Indeedee
|-supereffective|p2a: Indeedee
|-damage|p2a: Indeedee|0 fnt
|faint|p2a: Indeedee
|
|upkeep
|
|t:|1756593433
|switch|p2a: Sneasler|Sneasler, L50, F|100/100
|-enditem|p2a: Sneasler|Psychic Seed
|-boost|p2a: Sneasler|spd|1|[from] item: Psychic Seed
|turn|2
|
|t:|1756593442
|move|p1b: Kingambit|Protect|p1b: Kingambit
|-singleturn|p1b: Kingambit|Protect
|move|p2a: Sneasler|Close Combat|p1b: Kingambit
|-activate|p1b: Kingambit|move: Protect
|move|p2b: Dragapult|Dragon Darts|p1a: Dragonite
|-supereffective|p1a: Dragonite
|-damage|p1a: Dragonite|0 fnt
|faint|p1a: Dragonite
|
|upkeep
|
|t:|1756593454
|switch|p1a: Sneasler|Sneasler, L50, M|100/100
|turn|3
|inactive|Crying Flurmels has 30 seconds left.
|inactive|jogadorzero has 30 seconds left.
|
|t:|1756593487
|switch|p1b: Volcarona|Volcarona, L50, F|100/100
|move|p2a: Sneasler|Dire Claw|p1b: Volcarona
|-damage|p1b: Volcarona|53/100
|-status|p2a: Sneasler|brn|[from] ability: Flame Body|[of] p1b: Volcarona
|move|p2b: Dragapult|Dragon Darts|p1a: Sneasler
|-damage|p1a: Sneasler|38/100
|-anim|p2b: Dragapult|Dragon Darts|p1b: Volcarona
|-damage|p1b: Volcarona|12/100
|move|p1a: Sneasler|Dire Claw|p2b: Dragapult
|-supereffective|p2b: Dragapult
|-damage|p2b: Dragapult|0 fnt
|faint|p2b: Dragapult
|
|-damage|p2a: Sneasler|95/100 brn|[from] brn
|upkeep
|
|t:|1756593502
|switch|p2b: Delphox|Delphox, L50, M|100/100
|turn|4
|
|t:|1756593521
|move|p1a: Sneasler|Protect|p1a: Sneasler
|-singleturn|p1a: Sneasler|Protect
|move|p1b: Volcarona|Protect|p1b: Volcarona
|-singleturn|p1b: Volcarona|Protect
|move|p2a: Sneasler|Dire Claw|p1a: Sneasler
|-activate|p1a: Sneasler|move: Protect
|move|p2b: Delphox|Expanding Force|p1b: Volcarona|[spread] 
|-activate|p1a: Sneasler|move: Protect
|-activate|p1b: Volcarona|move: Protect
|
|-damage|p2a: Sneasler|89/100 brn|[from] brn
|upkeep
|turn|5
|inactive|Crying Flurmels has 30 seconds left.
|
|t:|1756593552
|-terastallize|p1a: Sneasler|Stellar
|move|p2a: Sneasler|Dire Claw|p1a: Sneasler
|-resisted|p1a: Sneasler
|-damage|p1a: Sneasler|18/100
|move|p1a: Sneasler|Close Combat|p2a: Sneasler
|-resisted|p2a: Sneasler
|-damage|p2a: Sneasler|11/100 brn
|-unboost|p1a: Sneasler|def|1
|-unboost|p1a: Sneasler|spd|1
|move|p2b: Delphox|Heat Wave|p1b: Volcarona|[spread] p1a,p1b
|-damage|p1a: Sneasler|0 fnt
|-damage|p1b: Volcarona|0 fnt
|faint|p1a: Sneasler
|faint|p1b: Volcarona
|-damage|p2b: Delphox|90/100|[from] item: Life Orb
|
|-damage|p2a: Sneasler|6/100 brn|[from] brn
|-fieldend|move: Psychic Terrain
|upkeep
|
|t:|1756593564
|switch|p1b: Kingambit|Kingambit, L50, M|85/100
|turn|6
|
|t:|1756593577
|move|p1b: Kingambit|Protect|p1b: Kingambit
|-singleturn|p1b: Kingambit|Protect
|move|p2a: Sneasler|Close Combat|p1b: Kingambit
|-activate|p1b: Kingambit|move: Protect
|move|p2b: Delphox|Heat Wave|p1b: Kingambit
|-activate|p1b: Kingambit|move: Protect
|
|-damage|p2a: Sneasler|0 fnt|[from] brn
|faint|p2a: Sneasler
|upkeep
|turn|7
|
|t:|1756593588
|move|p1b: Kingambit|Sucker Punch|p2b: Delphox
|-supereffective|p2b: Delphox
|-damage|p2b: Delphox|0 fnt
|faint|p2b: Delphox
|
|win|Crying Flurmels
||Crying Flurmels is ready for game 2.
|inactive|jogadorzero has 30 seconds to confirm battle start!
||jogadorzero is ready for game 2.
|uhtml|next|Next: Game 2 of 3
