|j|☆nemadevil
|j|☆Beanybag
|html|nemadevilBeanybag    
|uhtml|bestof|Game 2 of a best-of-3
|t:|1782650394
|gametype|doubles
|player|p1|nemadevil|101|1215
|player|p2|Beanybag|102|1043
|gen|9
|tier|[Gen 9 Champions] VGC 2026 Reg M-B (Bo3)
|rated|
|rule|Species Clause: Limit one of each Pokémon
|rule|Item Clause: Limit 1 of each item
|clearpoke
|poke|p1|Swampert, L50, F|
|poke|p1|Pelipper, L50, F, shiny|
|poke|p1|Dragonite, L50, F|
|poke|p1|Archaludon, L50, M|
|poke|p1|Tsareena, L50, F, shiny|
|poke|p1|Incineroar, L50, M|
|poke|p2|Ampharos, L50, F|
|poke|p2|Dedenne, L50, M|
|poke|p2|Manectric, L50, F|
|poke|p2|Runerigus, L50, F|
|poke|p2|Bellibolt, L50, M|
|poke|p2|Meowscarada, L50, M|
|teampreview|4
|showteam|p1|Swampert||Swampertite|Torrent|WaveCrash,HighHorsepower,Protect,Earthquake|Adamant||F|||50|]Pelipper||FocusSash|Drizzle|WeatherBall,Hurricane,Protect,Tailwind|Modest||F|||50|]Dragonite||LifeOrb|InnerFocus|Hurricane,DracoMeteor,Protect,Tailwind|Timid||F|||50|]Archaludon||Magnet|Sturdy|ElectroShot,DracoMeteor,Protect,FlashCannon|Timid||M|||50|]Tsareena||ChoiceScarf|QueenlyMajesty|TropKick,KnockOff,Uturn,TripleAxel|Jolly||F|||50|]Incineroar||SitrusBerry|Intimidate|FakeOut,DarkestLariat,Taunt,PartingShot|Careful||M|||50|
|showteam|p2|Ampharos||Leftovers|Plus|MagneticFlux,DazzlingGleam,ParabolicCharge,Protect|Serious||F|||50|]Dedenne||FocusSash|Plus|DrainingKiss,ParabolicCharge,Uturn,Protect|Timid||M|||50|]Manectric||Manectite|Minus|Snarl,HyperVoice,Protect,VoltSwitch|Timid||F|||50|]Runerigus||SitrusBerry|WanderingSpirit|BodyPress,AllySwitch,Protect,TrickRoom|Relaxed||F|||50|]Bellibolt||ShucaBerry|Electromorphosis|Soak,Toxic,VoltSwitch,SlackOff|Bold||M|||50|]Meowscarada||WideLens|Protean|FlowerTrick,PollenPuff,TripleAxel,SuckerPunch|Hasty||M|||50|
|inactive|Battle timer is ON: inactive players will automatically lose when time's up. (requested by nemadevil)
|
|t:|1782650453
|teamsize|p1|4
|teamsize|p2|4
|start
|switch|p1a: Swampert|Swampert, L50, F|100/100
|switch|p1b: Pelipper|Pelipper, L50, F, shiny|100/100
|switch|p2a: Dedenne|Dedenne, L50, M|100/100
|switch|p2b: Runerigus|Runerigus, L50, F|100/100
|-weather|RainDance|[from] ability: Drizzle|[of] p1b: Pelipper
|turn|1
|inactive|nemadevil has 30 seconds left.
|inactive|nemadevil has 20 seconds left.
|inactive|nemadevil has 15 seconds left.
|
|t:|1782650497
|detailschange|p1a: Swampert|Swampert-Mega, L50, F
|-mega|p1a: Swampert|Swampert|Swampertite
|move|p1a: Swampert|Wave Crash|p2b: Runerigus
|-supereffective|p2b: Runerigus|1
|-damage|p2b: Runerigus|0 fnt
|-activate|p1a: Swampert|Skill Swap|Wandering Spirit|Swift Swim|[of] p2b: Runerigus
|faint|p2b: Runerigus
|-damage|p1a: Swampert|70/100|[from] Recoil
|move|p2a: Dedenne|U-turn|p2: Runerigus|[notarget]
|-fail|p2a: Dedenne
|move|p1b: Pelipper|Tailwind|p1b: Pelipper
|-sidestart|p1: nemadevil|move: Tailwind
|
|-weather|RainDance|[upkeep]
|upkeep
|c|☆nemadevil|dam
|inactive|Beanybag has 30 seconds left.
|
|t:|1782650522
|switch|p2b: Bellibolt|Bellibolt, L50, M|100/100
|turn|2
|
|t:|1782650540
|move|p2a: Dedenne|Protect|p2a: Dedenne
|-singleturn|p2a: Dedenne|Protect
|move|p1a: Swampert|Earthquake|p2a: Dedenne|[spread] p2b
|-activate|p2a: Dedenne|move: Protect
|-immune|p1b: Pelipper
|-supereffective|p2b: Bellibolt|1
|-enditem|p2b: Bellibolt|Shuca Berry|[eat]
|-enditem|p2b: Bellibolt|Shuca Berry|[weaken]
|-damage|p2b: Bellibolt|71/100
|-start|p2b: Bellibolt|Charge|Earthquake|[from] ability: Electromorphosis
|move|p1b: Pelipper|Weather Ball|p2a: Dedenne
|-activate|p2a: Dedenne|move: Protect
|move|p2b: Bellibolt|Soak|p1a: Swampert
|-start|p1a: Swampert|typechange|Water
|
|-weather|RainDance|[upkeep]
|upkeep
|turn|3
|
|t:|1782650558
|move|p1a: Swampert|Wave Crash|p2b: Bellibolt
|-damage|p2b: Bellibolt|5/100
|-start|p2b: Bellibolt|Charge|Wave Crash|[from] ability: Electromorphosis
|-damage|p1a: Swampert|45/100|[from] Recoil
|move|p1b: Pelipper|Weather Ball|p2a: Dedenne
|-enditem|p2a: Dedenne|Focus Sash
|-damage|p2a: Dedenne|1/100
|move|p2a: Dedenne|Parabolic Charge|p1b: Pelipper|[spread] p2b,p1a,p1b
|-resisted|p2b: Bellibolt|1
|-supereffective|p1a: Swampert|1
|-supereffective|p1b: Pelipper|2
|-damage|p2b: Bellibolt|0 fnt
|-heal|p2a: Dedenne|4/100|[from] drain|[of] p2b: Bellibolt
|-damage|p1a: Swampert|9/100
|-heal|p2a: Dedenne|27/100|[from] drain|[of] p1a: Swampert
|-enditem|p1b: Pelipper|Focus Sash
|-damage|p1b: Pelipper|1/100
|-heal|p2a: Dedenne|75/100|[from] drain|[of] p1b: Pelipper
|faint|p2b: Bellibolt
|
|-weather|RainDance|[upkeep]
|upkeep
|
|t:|1782650563
|switch|p2b: Ampharos|Ampharos, L50, F|100/100
|turn|4
|inactive|nemadevil has 30 seconds left.
|
|t:|1782650591
|switch|p1a: Incineroar|Incineroar, L50, M|100/100
|-ability|p1a: Incineroar|Intimidate|boost
|-unboost|p2a: Dedenne|atk|1
|-unboost|p2b: Ampharos|atk|1
|move|p2b: Ampharos|Protect|p2b: Ampharos
|-singleturn|p2b: Ampharos|Protect
|move|p1b: Pelipper|Weather Ball|p2b: Ampharos
|-activate|p2b: Ampharos|move: Protect
|move|p2a: Dedenne|Parabolic Charge|p1a: Incineroar|[spread] p1a,p1b
|-activate|p2b: Ampharos|move: Protect
|-supereffective|p1b: Pelipper|2
|-damage|p1a: Incineroar|76/100
|-heal|p2a: Dedenne|91/100|[from] drain|[of] p1a: Incineroar
|-damage|p1b: Pelipper|0 fnt
|-heal|p2a: Dedenne|92/100|[from] drain|[of] p1b: Pelipper
|faint|p1b: Pelipper
|
|-weather|RainDance|[upkeep]
|-sideend|p1: nemadevil|move: Tailwind
|upkeep
|
|t:|1782650611
|switch|p1b: Swampert|Swampert-Mega, L50, F|9/100
|turn|5
|inactive|Beanybag has 30 seconds left.
|
|t:|1782650636
|move|p1a: Incineroar|Fake Out|p2a: Dedenne
|-damage|p2a: Dedenne|73/100
|move|p1b: Swampert|High Horsepower|p2b: Ampharos
|-supereffective|p2b: Ampharos|1
|-crit|p2b: Ampharos
|-damage|p2b: Ampharos|0 fnt
|faint|p2b: Ampharos
|cant|p2a: Dedenne|flinch
|
|-weather|none
|upkeep
|turn|6
|
|t:|1782650652
|move|p2a: Dedenne|Draining Kiss|p1b: Swampert
|-damage|p1b: Swampert|0 fnt
|-heal|p2a: Dedenne|83/100|[from] drain|[of] p1b: Swampert
|faint|p1b: Swampert
|move|p1a: Incineroar|Taunt|p2a: Dedenne
|-start|p2a: Dedenne|move: Taunt
|
|upkeep
|
|t:|1782650659
|switch|p1b: Dragonite|Dragonite, L50, F|100/100
|turn|7
|
|t:|1782650666
|move|p1b: Dragonite|Protect|p1b: Dragonite
|-singleturn|p1b: Dragonite|Protect
|move|p2a: Dedenne|Draining Kiss|p1b: Dragonite
|-activate|p1b: Dragonite|move: Protect
|move|p1a: Incineroar|Parting Shot|p2a: Dedenne
|-unboost|p2a: Dedenne|atk|1
|-unboost|p2a: Dedenne|spa|1
|
|upkeep
|turn|8
|
|t:|1782650681
|move|p2a: Dedenne|Draining Kiss|p1b: Dragonite
|-supereffective|p1b: Dragonite|1
|-crit|p1b: Dragonite
|-damage|p1b: Dragonite|41/100
|-heal|p2a: Dedenne|100/100|[from] drain|[of] p1b: Dragonite
|move|p1b: Dragonite|Hurricane|p2a: Dedenne|[miss]
|-miss|p1b: Dragonite|p2a: Dedenne
|move|p1a: Incineroar|Darkest Lariat|p2a: Dedenne
|-resisted|p2a: Dedenne|1
|-damage|p2a: Dedenne|66/100
|
|upkeep
|turn|9
|
|t:|1782650695
|move|p1b: Dragonite|Protect|p1b: Dragonite
|-singleturn|p1b: Dragonite|Protect
|move|p2a: Dedenne|Draining Kiss|p1b: Dragonite
|-activate|p1b: Dragonite|move: Protect
|move|p1a: Incineroar|Parting Shot|p2a: Dedenne
|-unboost|p2a: Dedenne|atk|1
|-unboost|p2a: Dedenne|spa|1
|
|-end|p2a: Dedenne|move: Taunt
|upkeep
|turn|10
|
|t:|1782650708
|move|p2a: Dedenne|Draining Kiss|p1b: Dragonite
|-supereffective|p1b: Dragonite|1
|-damage|p1b: Dragonite|19/100
|-heal|p2a: Dedenne|86/100|[from] drain|[of] p1b: Dragonite
|move|p1b: Dragonite|Hurricane|p2a: Dedenne
|-resisted|p2a: Dedenne|1
|-damage|p2a: Dedenne|32/100
|-damage|p1b: Dragonite|9/100|[from] item: Life Orb
|move|p1a: Incineroar|Darkest Lariat|p2a: Dedenne
|-resisted|p2a: Dedenne|1
|-damage|p2a: Dedenne|1/100
|
|upkeep
|turn|11
|
|t:|1782650727
|move|p2a: Dedenne|Parabolic Charge|p1b: Dragonite|[spread] p1a,p1b
|-damage|p1a: Incineroar|70/100
|-heal|p2a: Dedenne|6/100|[from] drain|[of] p1a: Incineroar
|-damage|p1b: Dragonite|0 fnt
|-heal|p2a: Dedenne|11/100|[from] drain|[of] p1b: Dragonite
|faint|p1b: Dragonite
|move|p1a: Incineroar|Darkest Lariat|p2a: Dedenne
|-resisted|p2a: Dedenne|1
|-damage|p2a: Dedenne|0 fnt
|faint|p2a: Dedenne
|
|win|nemadevil
|raw|nemadevil's rating: 1215 → 1229(+14 for winning)
|raw|Beanybag's rating: 1043 → 1034(-9 for losing)
