|j|☆dukegman
|j|☆pinba2
|html|dukegmanpinba2    
|uhtml|bestof|Game 2 of a best-of-3
|t:|1757128497
|gametype|doubles
|player|p1|dukegman|n|1000
|player|p2|pinba2|nate|1074
|gen|9
|tier|[Gen 9] VGC 2025 Reg H (Bo3)
|rated|
|rule|Species Clause: Limit one of each Pokémon
|rule|Item Clause: Limit 1 of each item
|clearpoke
|poke|p1|Basculegion, L50, M|
|poke|p1|Pelipper, L50, F|
|poke|p1|Incineroar, L50, M|
|poke|p1|Amoonguss, L50, M|
|poke|p1|Gliscor, L50, M|
|poke|p1|Archaludon, L50, M|
|poke|p2|Annihilape, L50, M|
|poke|p2|Garchomp, L50, M|
|poke|p2|Incineroar, L50, M|
|poke|p2|Whimsicott, L50, M|
|poke|p2|Rillaboom, L50, F|
|poke|p2|Palafin, L50, M|
|teampreview|4
|showteam|p1|Basculegion||MysticWater|SwiftSwim|WaveCrash,LastRespects,Protect,AquaJet|||M|||50|,,,,,Water]Pelipper||FocusSash|Drizzle|Hurricane,WeatherBall,Tailwind,Protect|||F|||50|,,,,,Ghost]Incineroar||SafetyGoggles|Intimidate|FakeOut,PartingShot,FlareBlitz,KnockOff|||M|||50|,,,,,Ghost]Amoonguss||RockyHelmet|Regenerator|Spore,RagePowder,PollenPuff,ClearSmog|||M|||50|,,,,,Water]Gliscor||ToxicOrb|PoisonHeal|Protect,Facade,SwordsDance,Earthquake|||M|||50|,,,,,Normal]Archaludon||AssaultVest|Stamina|ElectroShot,FlashCannon,DragonPulse,BodyPress|||M|||50|,,,,,Grass
|showteam|p2|Annihilape||ChoiceScarf|Defiant|IcePunch,PoisonJab,RageFist,CloseCombat|||M|||50|,,,,,Dark]Garchomp||FocusSash|RoughSkin|ScaleShot,RockSlide,Earthquake,Protect|||M|||50|,,,,,Ground]Incineroar||CovertCloak|Intimidate|FlareBlitz,SunnyDay,KnockOff,FakeOut|||M|||50|,,,,,Bug]Whimsicott||AbilityShield|Prankster|Encore,Tailwind,DazzlingGleam,TrickRoom|||M|||50|,,,,,Dark]Rillaboom||MiracleSeed|GrassySurge|FakeOut,GrassyGlide,WoodHammer,Taunt|||F|||50|,,,,,Fire]Palafin||MysticWater|ZerotoHero|Haze,WaveCrash,IcePunch,CloseCombat|||M|||50|,,,,,Water
|inactive|Battle timer is ON: inactive players will automatically lose when time's up. (requested by dukegman)
|inactive|pinba2 has 60 seconds left.
|inactive|pinba2 has 30 seconds left.
|inactive|pinba2 has 20 seconds left.
|inactive|pinba2 has 15 seconds left.
|inactive|pinba2 has 10 seconds left.
|
|t:|1757128578
|teamsize|p1|4
|teamsize|p2|4
|start
|switch|p1a: Amoonguss|Amoonguss, L50, M|100/100
|switch|p1b: Incineroar|Incineroar, L50, M|100/100
|switch|p2a: Palafin|Palafin, L50, M|100/100
|switch|p2b: Rillaboom|Rillaboom, L50, F|100/100
|-fieldstart|move: Grassy Terrain|[from] ability: Grassy Surge|[of] p2b: Rillaboom
|-ability|p1b: Incineroar|Intimidate|boost
|-unboost|p2a: Palafin|atk|1
|-unboost|p2b: Rillaboom|atk|1
|turn|1
|inactive|pinba2 has 30 seconds left.
|inactive|pinba2 has 20 seconds left.
|
|t:|1757128614
|move|p2b: Rillaboom|Fake Out|p1b: Incineroar
|-damage|p1b: Incineroar|92/100
|cant|p1b: Incineroar|flinch
|move|p1a: Amoonguss|Rage Powder|p1a: Amoonguss
|-singleturn|p1a: Amoonguss|move: Rage Powder
|move|p2a: Palafin|Close Combat|p1a: Amoonguss
|-resisted|p1a: Amoonguss
|-damage|p1a: Amoonguss|91/100
|-unboost|p2a: Palafin|def|1
|-unboost|p2a: Palafin|spd|1
|-damage|p2a: Palafin|84/100|[from] item: Rocky Helmet|[of] p1a: Amoonguss
|
|-heal|p2a: Palafin|90/100|[from] Grassy Terrain
|-heal|p1b: Incineroar|98/100|[from] Grassy Terrain
|-heal|p1a: Amoonguss|97/100|[from] Grassy Terrain
|upkeep
|turn|2
|inactive|dukegman has 30 seconds left.
|inactive|pinba2 has 30 seconds left.
|
|t:|1757128644
|detailschange|p2a: Palafin|Palafin-Hero, L50, M
|switch|p2a: Whimsicott|Whimsicott, L50, M|100/100
|-terastallize|p2b: Rillaboom|Fire
|-terastallize|p1b: Incineroar|Ghost
|move|p2b: Rillaboom|Taunt|p1a: Amoonguss
|-start|p1a: Amoonguss|move: Taunt
|move|p1b: Incineroar|Flare Blitz|p2b: Rillaboom
|-resisted|p2b: Rillaboom
|-damage|p2b: Rillaboom|70/100
|-damage|p1b: Incineroar|89/100|[from] Recoil
|cant|p1a: Amoonguss|move: Taunt|Spore
|
|-heal|p2b: Rillaboom|75/100|[from] Grassy Terrain
|-heal|p1b: Incineroar|95/100|[from] Grassy Terrain
|-heal|p1a: Amoonguss|100/100|[from] Grassy Terrain
|upkeep
|turn|3
|inactive|pinba2 has 30 seconds left.
|
|t:|1757128671
|switch|p2b: Palafin|Palafin-Hero, L50, M|90/100
|-activate|p2b: Palafin|ability: Zero to Hero
|move|p2a: Whimsicott|Tailwind|p2a: Whimsicott
|-sidestart|p2: pinba2|move: Tailwind
|move|p1b: Incineroar|Knock Off|p2b: Palafin
|-damage|p2b: Palafin|39/100
|-enditem|p2b: Palafin|Mystic Water|[from] move: Knock Off|[of] p1b: Incineroar
|move|p1a: Amoonguss|Clear Smog|p2a: Whimsicott
|-supereffective|p2a: Whimsicott
|-crit|p2a: Whimsicott
|-damage|p2a: Whimsicott|0 fnt
|-clearboost|p2a: Whimsicott
|faint|p2a: Whimsicott
|
|-heal|p2b: Palafin|45/100|[from] Grassy Terrain
|-heal|p1b: Incineroar|100/100|[from] Grassy Terrain
|upkeep
|
|t:|1757128692
|switch|p2a: Annihilape|Annihilape, L50, M|100/100
|turn|4
|inactive|dukegman has 30 seconds left.
|inactive|pinba2 has 30 seconds left.
|inactive|dukegman has 20 seconds left.
|
|t:|1757128730
|switch|p1b: Pelipper|Pelipper, L50, F|100/100
|-weather|RainDance|[from] ability: Drizzle|[of] p1b: Pelipper
|move|p2a: Annihilape|Rage Fist|p1b: Pelipper
|-damage|p1b: Pelipper|67/100
|move|p2b: Palafin|Wave Crash|p1b: Pelipper
|-resisted|p1b: Pelipper
|-crit|p1b: Pelipper
|-damage|p1b: Pelipper|0 fnt
|faint|p1b: Pelipper
|-damage|p2b: Palafin|28/100|[from] Recoil
|move|p1a: Amoonguss|Pollen Puff|p2b: Palafin
|-damage|p2b: Palafin|6/100
|
|-weather|RainDance|[upkeep]
|-heal|p2b: Palafin|12/100|[from] Grassy Terrain
|-end|p1a: Amoonguss|move: Taunt
|upkeep
|
|t:|1757128739
|switch|p1b: Archaludon|Archaludon, L50, M|100/100
|turn|5
|inactive|pinba2 has 30 seconds left.
|inactive|pinba2 has 20 seconds left.
|inactive|pinba2 has 15 seconds left.
|inactive|pinba2 has 10 seconds left.
|
|t:|1757128787
|switch|p2b: Rillaboom|Rillaboom, L50, F, tera:Fire|75/100
|move|p2a: Annihilape|Rage Fist|p1a: Amoonguss
|-damage|p1a: Amoonguss|78/100
|-damage|p2a: Annihilape|84/100|[from] item: Rocky Helmet|[of] p1a: Amoonguss
|move|p1b: Archaludon|Electro Shot||[still]
|-prepare|p1b: Archaludon|Electro Shot
|-boost|p1b: Archaludon|spa|1
|-anim|p1b: Archaludon|Electro Shot|p2b: Rillaboom
|-damage|p2b: Rillaboom|0 fnt
|faint|p2b: Rillaboom
|move|p1a: Amoonguss|Spore|p2a: Annihilape
|-status|p2a: Annihilape|slp|[from] move: Spore
|
|-weather|RainDance|[upkeep]
|-heal|p2a: Annihilape|90/100 slp|[from] Grassy Terrain
|-heal|p1a: Amoonguss|84/100|[from] Grassy Terrain
|-fieldend|move: Grassy Terrain
|upkeep
|
|t:|1757128807
|switch|p2b: Palafin|Palafin-Hero, L50, M|12/100
|turn|6
|
|t:|1757128829
|move|p1a: Amoonguss|Rage Powder|p1a: Amoonguss
|-singleturn|p1a: Amoonguss|move: Rage Powder
|cant|p2a: Annihilape|slp
|move|p2b: Palafin|Close Combat|p1a: Amoonguss
|-resisted|p1a: Amoonguss
|-damage|p1a: Amoonguss|62/100
|-unboost|p2b: Palafin|def|1
|-unboost|p2b: Palafin|spd|1
|-damage|p2b: Palafin|0 fnt|[from] item: Rocky Helmet|[of] p1a: Amoonguss
|faint|p2b: Palafin
|move|p1b: Archaludon|Electro Shot||[still]
|-prepare|p1b: Archaludon|Electro Shot
|-boost|p1b: Archaludon|spa|1
|-anim|p1b: Archaludon|Electro Shot|p2a: Annihilape
|-damage|p2a: Annihilape|0 fnt
|faint|p2a: Annihilape
|
|win|dukegman
|inactive|dukegman has 30 seconds to confirm battle start!
|inactive|pinba2 has 30 seconds to confirm battle start!
||dukegman is ready for game 3.
