|j|☆mczenith
|j|☆trundlorb
|html|mczenithtrundlorb    
|uhtml|bestof|Game 1 of a best-of-3
|t:|1785903960
|gametype|doubles
|player|p1|mczenith|266|1041
|player|p2|trundlorb|170|1049
|gen|9
|tier|[Gen 9 Champions] VGC 2026 Reg M-B (Bo3)
|rated|
|rule|Species Clause: Limit one of each Pokémon
|rule|Item Clause: Limit 1 of each item
|clearpoke
|poke|p1|Basculegion, L50, M|
|poke|p1|Sinistcha, L50|
|poke|p1|Gardevoir, L50, F|
|poke|p1|Incineroar, L50, M|
|poke|p1|Aerodactyl, L50, M|
|poke|p1|Charizard, L50, M|
|poke|p2|Raichu, L50, F|
|poke|p2|Staraptor, L50, F|
|poke|p2|Arcanine-Hisui, L50, M|
|poke|p2|Farigiraf, L50, M|
|poke|p2|Sylveon, L50, F|
|poke|p2|Kingambit, L50, M|
|teampreview|4
|showteam|p1|Basculegion||ChoiceScarf|Adaptability|AquaJet,FlipTurn,WaveCrash,LastRespects|Adamant||M|||50|]Sinistcha||BrightPowder|Hospitality|MatchaGotcha,LifeDew,RagePowder,StrengthSap|Bold|||||50|]Gardevoir||Gardevoirite|Trace|CalmMind,PsychicNoise,HyperVoice,Protect|Timid||F|||50|]Incineroar||SitrusBerry|Intimidate|FakeOut,BulkUp,DarkestLariat,BatonPass|Brave||M|||50|]Aerodactyl||FocusSash|Pressure|Tailwind,WideGuard,DualWingbeat,RockSlide|Jolly||M|||50|]Charizard||CharizarditeX|Blaze|FlameCharge,FlareBlitz,RockSlide,SwordsDance|Jolly||M|||50|
|showteam|p2|Raichu||RaichuniteY|LightningRod|ZapCannon,FocusBlast,FakeOut,Protect|Timid||F|||50|]Staraptor||Staraptite|Intimidate|CloseCombat,DualWingbeat,Tailwind,Protect|Jolly||F|||50|]Arcanine-Hisui||FocusSash|RockHead|FlareBlitz,HeadSmash,ExtremeSpeed,Protect|Jolly||M|||50|]Farigiraf||SitrusBerry|ArmorTail|Psychic,HelpingHand,TrickRoom,Protect|Calm||M|||50|]Sylveon||FairyFeather|Pixilate|HyperVoice,QuickAttack,HyperBeam,Detect|Modest||F|||50|]Kingambit||LifeOrb|Defiant|KowtowCleave,SuckerPunch,SwordsDance,Protect|Adamant||M|||50|
|inactive|Battle timer is ON: inactive players will automatically lose when time's up. (requested by trundlorb)
|inactive|mczenith also wants the timer to be on.
|inactive|trundlorb has 60 seconds left.
|inactive|trundlorb has 30 seconds left.
|
|t:|1785904029
|teamsize|p1|4
|teamsize|p2|4
|start
|switch|p1a: Basculegion|Basculegion, L50, M|100/100
|switch|p1b: Gardevoir|Gardevoir, L50, F|100/100
|switch|p2a: Raichu|Raichu, L50, F|100/100
|switch|p2b: Arcanine|Arcanine-Hisui, L50, M|100/100
|-ability|p1b: Gardevoir|Lightning Rod|Trace|[from] ability: Trace|[of] p2a: Raichu
|turn|1
|inactive|mczenith has 30 seconds left.
|inactive|trundlorb has 30 seconds left.
|inactive|trundlorb has 20 seconds left.
|
|t:|1785904065
|switch|p2b: Kingambit|Kingambit, L50, M|100/100
|move|p2a: Raichu|Protect|p2a: Raichu
|-singleturn|p2a: Raichu|Protect
|move|p1b: Gardevoir|Protect|p1b: Gardevoir
|-singleturn|p1b: Gardevoir|Protect
|move|p1a: Basculegion|Flip Turn|p2b: Kingambit
|-crit|p2b: Kingambit
|-damage|p2b: Kingambit|54/100
|
|t:|1785904072
|switch|p1a: Sinistcha|Sinistcha, L50|100/100|[from] Flip Turn
|
|upkeep
|turn|2
|inactive|trundlorb has 30 seconds left.
|
|t:|1785904104
|switch|p2a: Arcanine|Arcanine-Hisui, L50, M|100/100
|move|p1a: Sinistcha|Rage Powder|p1a: Sinistcha
|-singleturn|p1a: Sinistcha|move: Rage Powder
|move|p1b: Gardevoir|Calm Mind|p1b: Gardevoir
|-boost|p1b: Gardevoir|spa|1
|-boost|p1b: Gardevoir|spd|1
|move|p2b: Kingambit|Swords Dance|p2b: Kingambit
|-boost|p2b: Kingambit|atk|2
|
|upkeep
|turn|3
|
|t:|1785904128
|detailschange|p1b: Gardevoir|Gardevoir-Mega, L50, F
|-mega|p1b: Gardevoir|Gardevoir|Gardevoirite
|move|p1a: Sinistcha|Rage Powder|p1a: Sinistcha
|-singleturn|p1a: Sinistcha|move: Rage Powder
|move|p1b: Gardevoir|Hyper Voice|p2a: Arcanine|[spread] p2a,p2b
|-resisted|p2a: Arcanine|1
|-damage|p2a: Arcanine|53/100
|-damage|p2b: Kingambit|0 fnt
|faint|p2b: Kingambit
|move|p2a: Arcanine|Flare Blitz|p1a: Sinistcha
|-supereffective|p1a: Sinistcha|1
|-damage|p1a: Sinistcha|25/100
|
|upkeep
|
|t:|1785904140
|switch|p2b: Raichu|Raichu, L50, F|100/100
|turn|4
|
|t:|1785904157
|move|p1b: Gardevoir|Protect|p1b: Gardevoir
|-singleturn|p1b: Gardevoir|Protect
|move|p2b: Raichu|Fake Out|p1b: Gardevoir
|-activate|p1b: Gardevoir|move: Protect
|move|p2a: Arcanine|Flare Blitz|p1a: Sinistcha
|-supereffective|p1a: Sinistcha|1
|-damage|p1a: Sinistcha|0 fnt
|faint|p1a: Sinistcha
|
|upkeep
|
|t:|1785904166
|switch|p1a: Basculegion|Basculegion, L50, M|100/100
|turn|5
|
|t:|1785904178
|switch|p2a: Farigiraf|Farigiraf, L50, M|100/100
|detailschange|p2b: Raichu|Raichu-Mega-Y, L50, F
|-mega|p2b: Raichu|Raichu|Raichunite Y
|move|p2b: Raichu|Zap Cannon|p1a: Basculegion
|-supereffective|p1a: Basculegion|1
|-damage|p1a: Basculegion|0 fnt
|faint|p1a: Basculegion
|move|p1b: Gardevoir|Calm Mind|p1b: Gardevoir
|-boost|p1b: Gardevoir|spa|1
|-boost|p1b: Gardevoir|spd|1
|
|upkeep
|
|t:|1785904183
|switch|p1a: Incineroar|Incineroar, L50, M|100/100
|-ability|p1a: Incineroar|Intimidate|boost
|-unboost|p2a: Farigiraf|atk|1
|-unboost|p2b: Raichu|atk|1
|turn|6
|
|t:|1785904203
|move|p2a: Farigiraf|Protect|p2a: Farigiraf
|-singleturn|p2a: Farigiraf|Protect
|move|p2b: Raichu|Focus Blast|p1a: Incineroar
|-supereffective|p1a: Incineroar|1
|-damage|p1a: Incineroar|24/100
|-enditem|p1a: Incineroar|Sitrus Berry|[eat]
|-heal|p1a: Incineroar|49/100|[from] item: Sitrus Berry
|move|p1b: Gardevoir|Hyper Voice|p2a: Farigiraf|[spread] p2b
|-activate|p2a: Farigiraf|move: Protect
|-damage|p2b: Raichu|0 fnt
|faint|p2b: Raichu
|move|p1a: Incineroar|Bulk Up|p1a: Incineroar
|-boost|p1a: Incineroar|atk|1
|-boost|p1a: Incineroar|def|1
|
|upkeep
|
|t:|1785904218
|switch|p2b: Arcanine|Arcanine-Hisui, L50, M|53/100
|turn|7
|
|t:|1785904232
|move|p2a: Farigiraf|Helping Hand|p2b: Arcanine
|-singleturn|p2b: Arcanine|Helping Hand|[of] p2a: Farigiraf
|move|p1b: Gardevoir|Protect|p1b: Gardevoir
|-singleturn|p1b: Gardevoir|Protect
|move|p2b: Arcanine|Flare Blitz|p1b: Gardevoir
|-activate|p1b: Gardevoir|move: Protect
|move|p1a: Incineroar|Darkest Lariat|p2b: Arcanine
|-damage|p2b: Arcanine|0 fnt
|faint|p2b: Arcanine
|
|upkeep
|turn|8
|-message|trundlorb forfeited.
|
|win|mczenith
||mczenith is ready for game 2.
||trundlorb is ready for game 2.
|uhtml|next|Next: Game 2 of 3
|l|☆mczenith
|player|p1|
