|j|☆ToastedArt
|j|☆PJO_Merchant
|html|ToastedArtPJO_Merchant    
|uhtml|bestof|Game 1 of a best-of-3
|t:|1785795840
|gametype|doubles
|player|p1|ToastedArt|101|1083
|player|p2|PJO_Merchant|flannery|1049
|gen|9
|tier|[Gen 9 Champions] VGC 2026 Reg M-B (Bo3)
|rated|
|rule|Species Clause: Limit one of each Pokémon
|rule|Item Clause: Limit 1 of each item
|clearpoke
|poke|p1|Staraptor, L50, M|
|poke|p1|Whimsicott, L50, M|
|poke|p1|Gholdengo, L50|
|poke|p1|Incineroar, L50, F|
|poke|p1|Zoroark-Hisui, L50, M|
|poke|p1|Basculegion, L50, M|
|poke|p2|Gallade, L50, M|
|poke|p2|Whimsicott, L50, M, shiny|
|poke|p2|Incineroar, L50, F, shiny|
|poke|p2|Pelipper, L50, M|
|poke|p2|Basculegion, L50, M|
|poke|p2|Sinistcha, L50|
|teampreview|4
|showteam|p1|Staraptor||Staraptite|Intimidate|CloseCombat,DualWingbeat,Roost,Protect|Jolly||M|||50|]Whimsicott||OccaBerry|Prankster|Encore,Tailwind,Charm,Moonblast|Timid||M|||50|]Gholdengo||LifeOrb|GoodasGold|MakeItRain,ShadowBall,NastyPlot,Protect|Modest|||||50|]Incineroar||SitrusBerry|Intimidate|PartingShot,FlareBlitz,ThroatChop,FakeOut|Careful||F|||50|]Zoroark-Hisui||FocusSash|Illusion|BitterMalice,IcyWind,Taunt,FakeTears|Timid||M|||50|]Basculegion||MysticWater|Adaptability|WaveCrash,LastRespects,AquaJet,Protect|Adamant||M|||50|
|showteam|p2|Gallade||Galladite|Justified|CloseCombat,TripleAxel,ZenHeadbutt,Protect|Jolly||M|||50|]Whimsicott||FocusSash|Prankster|Moonblast,EnergyBall,Encore,Tailwind|Bold||M|||50|]Incineroar||SitrusBerry|Intimidate|FlareBlitz,PartingShot,Crunch,FakeOut|Serious||F|||50|]Pelipper||DampRock|Drizzle|Hurricane,WideGuard,HydroPump,Protect|Bold||M|||50|]Basculegion||ChoiceScarf|Adaptability|WaveCrash,LastRespects,AquaJet,FlipTurn|Serious||M|||50|]Sinistcha||Leftovers|Hospitality|MatchaGotcha,RagePowder,StrengthSap,Protect|Serious|||||50|
|inactive|Battle timer is ON: inactive players will automatically lose when time's up. (requested by PJO_Merchant)
|inactive|ToastedArt also wants the timer to be on.
|inactive|ToastedArt has 60 seconds left.
|inactive|PJO_Merchant has 60 seconds left.
|j| Eyemasked
|inactive|ToastedArt has 30 seconds left.
|c|☆PJO_Merchant|glhf
|
|t:|1785795911
|teamsize|p1|4
|teamsize|p2|4
|start
|switch|p1a: Whimsicott|Whimsicott, L50, M|100/100
|switch|p1b: Gholdengo|Gholdengo, L50|100/100
|switch|p2a: Incineroar|Incineroar, L50, F, shiny|100/100
|switch|p2b: Whimsicott|Whimsicott, L50, M, shiny|100/100
|-ability|p2a: Incineroar|Intimidate|boost
|-unboost|p1a: Whimsicott|atk|1
|-unboost|p1b: Gholdengo|atk|1
|turn|1
|
|t:|1785795925
|switch|p1b: Staraptor|Staraptor, L50, M|100/100
|-ability|p1b: Staraptor|Intimidate|boost
|-unboost|p2a: Incineroar|atk|1
|-unboost|p2b: Whimsicott|atk|1
|move|p2a: Incineroar|Fake Out|p1a: Whimsicott
|-damage|p1a: Whimsicott|91/100
|cant|p1a: Whimsicott|flinch
|move|p2b: Whimsicott|Tailwind|p2b: Whimsicott
|-sidestart|p2: PJO_Merchant|move: Tailwind
|
|upkeep
|turn|2
|
|t:|1785795942
|detailschange|p1b: Staraptor|Staraptor-Mega, L50, M
|-mega|p1b: Staraptor|Staraptor|Staraptite
|move|p1a: Whimsicott|Charm|p1b: Staraptor
|-boost|p1b: Staraptor|atk|2
|move|p2b: Whimsicott|Moonblast|p1b: Staraptor
|-supereffective|p1b: Staraptor|1
|-damage|p1b: Staraptor|46/100
|move|p1b: Staraptor|Close Combat|p2a: Incineroar
|-supereffective|p2a: Incineroar|1
|-damage|p2a: Incineroar|0 fnt
|-boost|p1b: Staraptor|def|1
|-boost|p1b: Staraptor|spd|1
|faint|p2a: Incineroar
|
|upkeep
|
|t:|1785795958
|switch|p2a: Gallade|Gallade, L50, M|100/100
|turn|3
|
|t:|1785795978
|move|p2b: Whimsicott|Encore|p1a: Whimsicott
|-start|p1a: Whimsicott|Encore
|move|p1a: Whimsicott|Charm|p2a: Gallade
|-unboost|p2a: Gallade|atk|2
|move|p2a: Gallade|Zen Headbutt|p1b: Staraptor
|-supereffective|p1b: Staraptor|1
|-damage|p1b: Staraptor|19/100
|move|p1b: Staraptor|Roost|p1b: Staraptor
|-heal|p1b: Staraptor|69/100
|-singleturn|p1b: Staraptor|move: Roost
|
|upkeep
|turn|4
|
|t:|1785795993
|switch|p2a: Basculegion|Basculegion, L50, M|100/100
|move|p1a: Whimsicott|Charm|p2a: Basculegion
|-unboost|p2a: Basculegion|atk|2
|move|p2b: Whimsicott|Moonblast|p1b: Staraptor
|-supereffective|p1b: Staraptor|1
|-damage|p1b: Staraptor|32/100
|move|p1b: Staraptor|Roost|p1b: Staraptor
|-heal|p1b: Staraptor|82/100
|-singleturn|p1b: Staraptor|move: Roost
|
|-sideend|p2: PJO_Merchant|move: Tailwind
|upkeep
|turn|5
|
|t:|1785796010
|move|p1a: Whimsicott|Charm|p1b: Staraptor
|-boost|p1b: Staraptor|atk|2
|move|p2b: Whimsicott|Tailwind|p2b: Whimsicott
|-sidestart|p2: PJO_Merchant|move: Tailwind
|move|p2a: Basculegion|Flip Turn|p1b: Staraptor
|-damage|p1b: Staraptor|68/100
|
|t:|1785796016
|switch|p2a: Gallade|Gallade, L50, M|100/100|[from] Flip Turn
|move|p1b: Staraptor|Dual Wingbeat|p2b: Whimsicott
|-supereffective|p2b: Whimsicott|1
|-damage|p2b: Whimsicott|2/100
|-supereffective|p2b: Whimsicott|1
|-damage|p2b: Whimsicott|0 fnt
|faint|p2b: Whimsicott
|-hitcount|p2: Whimsicott|2
|
|-end|p1a: Whimsicott|Encore
|upkeep
|
|t:|1785796020
|switch|p2b: Basculegion|Basculegion, L50, M|100/100
|turn|6
|
|t:|1785796043
|move|p1a: Whimsicott|Tailwind|p1a: Whimsicott
|-sidestart|p1: ToastedArt|move: Tailwind
|move|p2b: Basculegion|Last Respects|p1b: Staraptor
|-damage|p1b: Staraptor|6/100
|move|p1b: Staraptor|Dual Wingbeat|p2a: Gallade
|-supereffective|p2a: Gallade|1
|-damage|p2a: Gallade|0 fnt
|faint|p2a: Gallade
|-hitcount|p2: Gallade|1
|
|upkeep
|turn|7
|inactive|ToastedArt has 30 seconds left.
|inactive|PJO_Merchant has 30 seconds left.
|inactive|ToastedArt has 20 seconds left.
|inactive|PJO_Merchant has 20 seconds left.
|inactive|ToastedArt has 15 seconds left.
|inactive|PJO_Merchant has 15 seconds left.
|inactive|ToastedArt has 10 seconds left.
|-message|PJO_Merchant forfeited.
|
|win|ToastedArt
