|j|☆Grogguu
|j|☆parisonic
|html|Grogguuparisonic    
|uhtml|bestof|Game 1 of a best-of-3
|t:|1756867913
|gametype|doubles
|player|p1|Grogguu|zinzolin|1109
|player|p2|parisonic|dawn|1102
|gen|9
|tier|[Gen 9] VGC 2025 Reg H (Bo3)
|rated|
|rule|Species Clause: Limit one of each Pokémon
|rule|Item Clause: Limit 1 of each item
|clearpoke
|poke|p1|Dragonite, L50, F|
|poke|p1|Rillaboom, L50, M|
|poke|p1|Ursaluna-Bloodmoon, L50, M|
|poke|p1|Annihilape, L50, M|
|poke|p1|Incineroar, L50, M|
|poke|p1|Gholdengo, L50|
|poke|p2|Dragonite, L50, M|
|poke|p2|Gholdengo, L50|
|poke|p2|Rillaboom, L50, F|
|poke|p2|Ursaluna-Bloodmoon, L50, M|
|poke|p2|Maushold-Four, L50|
|poke|p2|Annihilape, L50, M|
|teampreview|4
|showteam|p1|Dragonite||LoadedDice|Multiscale|ScaleShot,Tailwind,Haze,Protect|||F|||50|,,,,,Fairy]Rillaboom||AssaultVest|GrassySurge|WoodHammer,KnockOff,GrassyGlide,FakeOut|||M|||50|,,,,,Dark]Ursaluna-Bloodmoon||ThroatSpray|MindsEye|BloodMoon,EarthPower,HyperVoice,Protect|||M|||50|,,,,,Normal]Annihilape||LumBerry|Defiant|BulkUp,DrainPunch,RageFist,Protect|||M|||50|,,,,,Fire]Incineroar||SitrusBerry|Intimidate|FakeOut,PartingShot,KnockOff,FlareBlitz|||M|||50|,,,,,Ghost]Gholdengo||Leftovers|GoodasGold|MakeItRain,ShadowBall,Protect,NastyPlot||||||50|,,,,,Water
|showteam|p2|Dragonite||LoadedDice|Multiscale|Tailwind,Haze,Protect,ScaleShot|||M|||50|,,,,,Fairy]Gholdengo||LifeOrb|GoodasGold|MakeItRain,ShadowBall,NastyPlot,Protect||||||50|,,,,,Water]Rillaboom||MiracleSeed|GrassySurge|WoodHammer,GrassyGlide,FakeOut,HighHorsepower|||F|||50|,,,,,Fire]Ursaluna-Bloodmoon||AssaultVest|MindsEye|BloodMoon,EarthPower,HyperVoice,VacuumWave|||M|||50|,,,,,Water]Maushold-Four||FocusSash|FriendGuard|SuperFang,FollowMe,BeatUp,Protect||||||50|,,,,,Ghost]Annihilape||SitrusBerry|Defiant|RageFist,DrainPunch,BulkUp,Protect|||M|||50|,,,,,Fire
|
|t:|1756867979
|teamsize|p1|4
|teamsize|p2|4
|start
|switch|p1a: Dragonite|Dragonite, L50, F|100/100
|switch|p1b: Gholdengo|Gholdengo, L50|100/100
|switch|p2a: Maushold|Maushold-Four, L50|100/100
|switch|p2b: Annihilape|Annihilape, L50, M|100/100
|turn|1
|inactive|Battle timer is ON: inactive players will automatically lose when time's up. (requested by Grogguu)
|inactive|parisonic has 60 seconds left.
|
|t:|1756868018
|move|p2a: Maushold|Beat Up|p2b: Annihilape
|-damage|p2b: Annihilape|99/100
|-damage|p2b: Annihilape|96/100
|-damage|p2b: Annihilape|93/100
|-damage|p2b: Annihilape|91/100
|-hitcount|p2b: Annihilape|4
|move|p2b: Annihilape|Rage Fist|p1b: Gholdengo
|-supereffective|p1b: Gholdengo
|-damage|p1b: Gholdengo|0 fnt
|faint|p1b: Gholdengo
|move|p1a: Dragonite|Tailwind|p1a: Dragonite
|-sidestart|p1: Grogguu|move: Tailwind
|
|upkeep
|
|t:|1756868030
|switch|p1b: Annihilape|Annihilape, L50, M, shiny|100/100
|turn|2
|
|t:|1756868052
|move|p1b: Annihilape|Protect|p1b: Annihilape
|-singleturn|p1b: Annihilape|Protect
|move|p2a: Maushold|Follow Me|p2a: Maushold
|-singleturn|p2a: Maushold|move: Follow Me
|move|p1a: Dragonite|Scale Shot|p2a: Maushold
|-damage|p2a: Maushold|80/100
|-damage|p2a: Maushold|61/100
|-damage|p2a: Maushold|45/100
|-damage|p2a: Maushold|27/100
|-damage|p2a: Maushold|9/100
|-hitcount|p2a: Maushold|5
|-unboost|p1a: Dragonite|def|1
|-boost|p1a: Dragonite|spe|1
|move|p2b: Annihilape|Rage Fist|p1b: Annihilape
|-activate|p1b: Annihilape|move: Protect
|
|upkeep
|turn|3
|inactive|Grogguu has 30 seconds left.
|
|t:|1756868082
|-terastallize|p1b: Annihilape|Fire
|move|p2a: Maushold|Follow Me|p2a: Maushold
|-singleturn|p2a: Maushold|move: Follow Me
|move|p1a: Dragonite|Scale Shot|p2a: Maushold
|-damage|p2a: Maushold|0 fnt
|faint|p2a: Maushold
|-hitcount|p2: Maushold|1
|-unboost|p1a: Dragonite|def|1
|-boost|p1a: Dragonite|spe|1
|move|p1b: Annihilape|Rage Fist|p2b: Annihilape
|-supereffective|p2b: Annihilape
|-damage|p2b: Annihilape|44/100
|-enditem|p2b: Annihilape|Sitrus Berry|[eat]
|-heal|p2b: Annihilape|69/100|[from] item: Sitrus Berry
|move|p2b: Annihilape|Rage Fist|p1b: Annihilape
|-damage|p1b: Annihilape|0 fnt
|faint|p1b: Annihilape
|
|upkeep
|inactive|parisonic has 30 seconds left.
|
|t:|1756868112
|switch|p2a: Rillaboom|Rillaboom, L50, F|100/100
|switch|p1b: Rillaboom|Rillaboom, L50, M|100/100
|-fieldstart|move: Grassy Terrain|[from] ability: Grassy Surge|[of] p1b: Rillaboom
|turn|4
|inactive|parisonic has 30 seconds left.
|inactive|parisonic has 20 seconds left.
|inactive|parisonic has 15 seconds left.
|inactive|parisonic has 10 seconds left.
|
|t:|1756868160
|-terastallize|p2a: Rillaboom|Fire
|move|p2b: Annihilape|Protect|p2b: Annihilape
|-singleturn|p2b: Annihilape|Protect
|move|p2a: Rillaboom|Fake Out|p1a: Dragonite
|-damage|p1a: Dragonite|86/100
|cant|p1a: Dragonite|flinch
|move|p1b: Rillaboom|Knock Off|p2b: Annihilape
|-activate|p2b: Annihilape|move: Protect
|
|-heal|p2b: Annihilape|75/100|[from] Grassy Terrain
|-sideend|p1: Grogguu|move: Tailwind
|upkeep
|turn|5
|inactive|parisonic has 30 seconds left.
|
|t:|1756868189
|move|p1a: Dragonite|Scale Shot|p2b: Annihilape
|-damage|p2b: Annihilape|58/100
|-damage|p2b: Annihilape|42/100
|-damage|p2b: Annihilape|26/100
|-damage|p2b: Annihilape|12/100
|-damage|p2b: Annihilape|0 fnt
|faint|p2b: Annihilape
|-hitcount|p2: Annihilape|5
|-unboost|p1a: Dragonite|def|1
|-boost|p1a: Dragonite|spe|1
|move|p1b: Rillaboom|Knock Off|p2a: Rillaboom
|-damage|p2a: Rillaboom|72/100
|-enditem|p2a: Rillaboom|Miracle Seed|[from] move: Knock Off|[of] p1b: Rillaboom
|move|p2a: Rillaboom|Wood Hammer|p1a: Dragonite
|-resisted|p1a: Dragonite
|-damage|p1a: Dragonite|33/100
|-damage|p2a: Rillaboom|56/100|[from] Recoil
|
|-heal|p2a: Rillaboom|61/100|[from] Grassy Terrain
|upkeep
|
|t:|1756868208
|switch|p2b: Ursaluna|Ursaluna-Bloodmoon, L50, M|100/100
|turn|6
|inactive|parisonic has 30 seconds left.
|inactive|parisonic has 20 seconds left.
|inactive|parisonic has 15 seconds left.
|inactive|parisonic has 10 seconds left.
|inactive|parisonic has 5 seconds left.
|
|t:|1756868263
|move|p1b: Rillaboom|Grassy Glide|p2b: Ursaluna
|-supereffective|p2b: Ursaluna
|-damage|p2b: Ursaluna|51/100
|move|p1a: Dragonite|Scale Shot|p2a: Rillaboom
|-damage|p2a: Rillaboom|48/100
|-damage|p2a: Rillaboom|33/100
|-damage|p2a: Rillaboom|18/100
|-damage|p2a: Rillaboom|3/100
|-damage|p2a: Rillaboom|0 fnt
|faint|p2a: Rillaboom
|-hitcount|p2: Rillaboom|5
|-unboost|p1a: Dragonite|def|1
|-boost|p1a: Dragonite|spe|1
|move|p2b: Ursaluna|Blood Moon|p1b: Rillaboom
|-crit|p1b: Rillaboom
|-damage|p1b: Rillaboom|10/100
|
|-heal|p1b: Rillaboom|16/100|[from] Grassy Terrain
|-heal|p2b: Ursaluna|57/100|[from] Grassy Terrain
|upkeep
|turn|7
|inactive|Grogguu has 30 seconds left.
|inactive|parisonic has 30 seconds left.
|
|t:|1756868296
|move|p1b: Rillaboom|Grassy Glide|p2b: Ursaluna
|-supereffective|p2b: Ursaluna
|-damage|p2b: Ursaluna|2/100
|move|p1a: Dragonite|Scale Shot|p2b: Ursaluna
|-damage|p2b: Ursaluna|0 fnt
|faint|p2b: Ursaluna
|-hitcount|p2: Ursaluna|1
|
|win|Grogguu
||parisonic is ready for game 2.
|inactive|Grogguu has 30 seconds to confirm battle start!
||Grogguu is ready for game 2.
|uhtml|next|Next: Game 2 of 3
