|j|☆CrayolaEater27
|j|☆xongog
|html|CrayolaEater27xongog    
|uhtml|bestof|Game 1 of a best-of-3
|t:|1783619874
|gametype|doubles
|player|p1|CrayolaEater27|101|
|player|p2|xongog|265|
|gen|9
|tier|[Gen 9 Champions] VGC 2026 Reg M-B (Bo3)
|rule|Species Clause: Limit one of each Pokémon
|rule|Item Clause: Limit 1 of each item
|clearpoke
|poke|p1|Charizard, L50, M|
|poke|p1|Sylveon, L50, F|
|poke|p1|Typhlosion-Hisui, L50, F|
|poke|p1|Rotom-Wash, L50|
|poke|p1|Mimikyu, L50, F|
|poke|p1|Lycanroc, L50, M|
|poke|p2|Archaludon, L50, M|
|poke|p2|Dragonite, L50, M|
|poke|p2|Politoed, L50, M|
|poke|p2|Swampert, L50, F|
|poke|p2|Overqwil, L50, F|
|poke|p2|Heliolisk, L50, M|
|teampreview|4
|showteam|p1|Charizard||CharizarditeY|Blaze|Protect,HeatWave,SolarBeam,WeatherBall|Timid||M|||50|]Sylveon||FairyFeather|Pixilate|HyperVoice,QuickAttack,HyperBeam,Detect|Modest||F|||50|]Typhlosion-Hisui||ChoiceScarf|Frisk|Eruption,ShadowBall,HeatWave,Overheat|Modest||F|||50|]Rotom-Wash||SitrusBerry|Levitate|HydroPump,WillOWisp,Thunderbolt,Protect|Modest|||||50|]Mimikyu||LifeOrb|Disguise|PlayRough,ShadowSneak,ShadowClaw,SwordsDance|Jolly||F|||50|]Lycanroc||FocusSash|Steadfast|Protect,CloseCombat,RockSlide,Accelerock|Adamant||M|||50|
|showteam|p2|Archaludon||Leftovers|Stamina|FlashCannon,ElectroShot,Protect,AuraSphere|Timid||M|||50|]Dragonite||Dragoninite|Multiscale|Thunder,Surf,Hurricane,Protect|Modest||M|||50|]Politoed||SitrusBerry|Drizzle|MuddyWater,Protect,PerishSong,Encore|Calm||M|||50|]Swampert||Swampertite|Torrent|WaveCrash,HighHorsepower,Protect,RockSlide|Adamant||F|||50|]Overqwil||LifeOrb|Intimidate|Liquidation,ThroatChop,BarbBarrage,Protect|Jolly||F|||50|]Heliolisk||ChoiceScarf|DrySkin|VoltSwitch,Surf,DarkPulse,HyperVoice|Modest||M|||50|
|inactive|Battle timer is ON: inactive players will automatically lose when time's up. (requested by CrayolaEater27)
|inactiveoff|Battle timer is now OFF.
|j| brtsz
|
|t:|1783619953
|teamsize|p1|4
|teamsize|p2|4
|start
|switch|p1a: Typhlosion|Typhlosion-Hisui, L50, F|100/100
|switch|p1b: Mimikyu|Mimikyu, L50, F|100/100
|switch|p2a: Archaludon|Archaludon, L50, M|100/100
|switch|p2b: Politoed|Politoed, L50, M|100/100
|-item|p2a: Archaludon|Leftovers|[from] ability: Frisk|[of] p1a: Typhlosion
|-item|p2b: Politoed|Sitrus Berry|[from] ability: Frisk|[of] p1a: Typhlosion
|-weather|RainDance|[from] ability: Drizzle|[of] p2b: Politoed
|turn|1
|
|t:|1783619971
|move|p2a: Archaludon|Protect|p2a: Archaludon
|-singleturn|p2a: Archaludon|Protect
|move|p1a: Typhlosion|Eruption|p2b: Politoed|[spread] p2b
|-activate|p2a: Archaludon|move: Protect
|-resisted|p2b: Politoed|1
|-damage|p2b: Politoed|89/100
|move|p1b: Mimikyu|Swords Dance|p1b: Mimikyu
|-boost|p1b: Mimikyu|atk|2
|move|p2b: Politoed|Muddy Water|p1b: Mimikyu|[spread] p1a,p1b
|-supereffective|p1a: Typhlosion|1
|-damage|p1a: Typhlosion|8/100
|-activate|p1b: Mimikyu|ability: Disguise
|-damage|p1b: Mimikyu|100/100
|-unboost|p1a: Typhlosion|accuracy|1
|detailschange|p1b: Mimikyu|Mimikyu-Busted, L50, F
|-damage|p1b: Mimikyu|87/100|[from] pokemon: Mimikyu-Busted
|
|-weather|RainDance|[upkeep]
|upkeep
|turn|2
|
|t:|1783619993
|switch|p1a: Rotom|Rotom-Wash, L50|100/100
|move|p1b: Mimikyu|Shadow Claw|p2b: Politoed
|-damage|p2b: Politoed|12/100
|-enditem|p2b: Politoed|Sitrus Berry|[eat]
|-heal|p2b: Politoed|37/100|[from] item: Sitrus Berry
|-damage|p1b: Mimikyu|78/100|[from] item: Life Orb
|move|p2a: Archaludon|Flash Cannon|p1b: Mimikyu
|-supereffective|p1b: Mimikyu|1
|-damage|p1b: Mimikyu|0 fnt
|faint|p1b: Mimikyu
|move|p2b: Politoed|Muddy Water|p1a: Rotom
|-resisted|p1a: Rotom|1
|-damage|p1a: Rotom|69/100
|-unboost|p1a: Rotom|accuracy|1
|
|-weather|RainDance|[upkeep]
|upkeep
|
|t:|1783620008
|switch|p1b: Charizard|Charizard, L50, M|100/100
|turn|3
|j| mythhops
|
|t:|1783620033
|switch|p2b: Swampert|Swampert, L50, F|100/100
|detailschange|p1b: Charizard|Charizard-Mega-Y, L50, M
|-mega|p1b: Charizard|Charizard|Charizardite Y
|-weather|SunnyDay|[from] ability: Drought|[of] p1b: Charizard
|move|p2a: Archaludon|Protect|p2a: Archaludon
|-singleturn|p2a: Archaludon|Protect
|move|p1b: Charizard|Heat Wave|p2b: Swampert|[spread] p2b
|-activate|p2a: Archaludon|move: Protect
|-resisted|p2b: Swampert|1
|-crit|p2b: Swampert
|-damage|p2b: Swampert|57/100
|move|p1a: Rotom|Thunderbolt|p2b: Swampert
|-immune|p2b: Swampert
|
|-weather|SunnyDay|[upkeep]
|upkeep
|turn|4
|
|t:|1783620075
|switch|p2b: Politoed|Politoed, L50, M|37/100
|-weather|RainDance|[from] ability: Drizzle|[of] p2b: Politoed
|move|p1b: Charizard|Weather Ball|p2a: Archaludon
|-resisted|p2a: Archaludon|1
|-damage|p2a: Archaludon|54/100
|-ability|p2a: Archaludon|Stamina|boost
|-boost|p2a: Archaludon|def|1
|move|p2a: Archaludon|Electro Shot||[still]
|-prepare|p2a: Archaludon|Electro Shot
|-boost|p2a: Archaludon|spa|1
|-anim|p2a: Archaludon|Electro Shot|p1b: Charizard
|-supereffective|p1b: Charizard|1
|-damage|p1b: Charizard|0 fnt
|faint|p1b: Charizard
|move|p1a: Rotom|Will-O-Wisp|p2b: Politoed
|-status|p2b: Politoed|brn
|
|-weather|RainDance|[upkeep]
|-heal|p2a: Archaludon|60/100|[from] item: Leftovers
|-damage|p2b: Politoed|30/100 brn|[from] brn
|upkeep
|
|t:|1783620094
|switch|p1b: Typhlosion|Typhlosion-Hisui, L50, F|8/100
|-item|p2a: Archaludon|Leftovers|[from] ability: Frisk|[of] p1b: Typhlosion
|turn|5
|
|t:|1783620108
|move|p1a: Rotom|Protect|p1a: Rotom
|-singleturn|p1a: Rotom|Protect
|move|p1b: Typhlosion|Shadow Ball|p2a: Archaludon
|-damage|p2a: Archaludon|0 fnt
|faint|p2a: Archaludon
|move|p2b: Politoed|Muddy Water|p1b: Typhlosion|[spread] 
|-activate|p1a: Rotom|move: Protect
|-miss|p2b: Politoed|p1b: Typhlosion
|
|-weather|RainDance|[upkeep]
|-damage|p2b: Politoed|24/100 brn|[from] brn
|upkeep
|
|t:|1783620122
|switch|p2a: Heliolisk|Heliolisk, L50, M|100/100
|turn|6
|
|t:|1783620158
|move|p2b: Politoed|Protect|p2b: Politoed
|-singleturn|p2b: Politoed|Protect
|move|p2a: Heliolisk|Volt Switch|p1b: Typhlosion
|-crit|p1b: Typhlosion
|-damage|p1b: Typhlosion|0 fnt
|faint|p1b: Typhlosion
|
|t:|1783620163
|switch|p2a: Swampert|Swampert, L50, F|57/100|[from] Volt Switch
|move|p1a: Rotom|Will-O-Wisp|p2a: Swampert|[miss]
|-miss|p1a: Rotom|p2a: Swampert
|
|-weather|RainDance|[upkeep]
|-damage|p2b: Politoed|18/100 brn|[from] brn
|upkeep
|turn|7
|
|t:|1783620179
|detailschange|p2a: Swampert|Swampert-Mega, L50, F
|-mega|p2a: Swampert|Swampert|Swampertite
|move|p2a: Swampert|Rock Slide|p1a: Rotom
|-damage|p1a: Rotom|26/100
|-enditem|p1a: Rotom|Sitrus Berry|[eat]
|-heal|p1a: Rotom|51/100|[from] item: Sitrus Berry
|move|p1a: Rotom|Thunderbolt|p2b: Politoed|[miss]
|-miss|p1a: Rotom|p2b: Politoed
|move|p2b: Politoed|Perish Song|p2b: Politoed
|-start|p1a: Rotom|perish3|[silent]
|-start|p2a: Swampert|perish3|[silent]
|-start|p2b: Politoed|perish3|[silent]
|-fieldactivate|move: Perish Song
|
|-weather|RainDance|[upkeep]
|-damage|p2b: Politoed|12/100 brn|[from] brn
|-start|p2a: Swampert|perish3
|-start|p1a: Rotom|perish3
|-start|p2b: Politoed|perish3
|upkeep
|turn|8
|
|t:|1783620196
|move|p2a: Swampert|Rock Slide|p1a: Rotom
|-damage|p1a: Rotom|9/100
|cant|p1a: Rotom|flinch
|move|p2b: Politoed|Muddy Water|p1a: Rotom|[miss]
|-miss|p2b: Politoed|p1a: Rotom
|
|-weather|none
|-damage|p2b: Politoed|6/100 brn|[from] brn
|-start|p2a: Swampert|perish2
|-start|p1a: Rotom|perish2
|-start|p2b: Politoed|perish2
|upkeep
|turn|9
|
|t:|1783620209
|move|p1a: Rotom|Hydro Pump|p2a: Swampert|[miss]
|-miss|p1a: Rotom|p2a: Swampert
|move|p2b: Politoed|Muddy Water|p1a: Rotom
|-resisted|p1a: Rotom|1
|-damage|p1a: Rotom|0 fnt
|faint|p1a: Rotom
|
|win|xongog
|c|☆CrayolaEater27|gr
