|j|☆K4minar1
|j|☆Daniw9
|html|K4minar1Daniw9    
|uhtml|bestof|Game 3 of a best-of-3
|t:|1754341073
|gametype|doubles
|player|p1|K4minar1|volkner|1286
|player|p2|Daniw9|1|1179
|gen|9
|tier|[Gen 9] VGC 2025 Reg H (Bo3)
|rated|
|rule|Species Clause: Limit one of each Pokémon
|rule|Item Clause: Limit 1 of each item
|clearpoke
|poke|p1|Dragonite, L50, M|
|poke|p1|Ursaluna-Bloodmoon, L50, M|
|poke|p1|Gholdengo, L50|
|poke|p1|Ninetales-Alola, L50, M|
|poke|p1|Incineroar, L50, F|
|poke|p1|Annihilape, L50, M|
|poke|p2|Whimsicott, L50, F|
|poke|p2|Ursaluna-Bloodmoon, L50, M|
|poke|p2|Farigiraf, L50, F|
|poke|p2|Rillaboom, L50, F|
|poke|p2|Electabuzz, L50, M|
|poke|p2|Ceruledge, L50, F|
|teampreview|4
|showteam|p1|Dragonite||LoadedDice|Multiscale|ScaleShot,Tailwind,Haze,Protect|||M|||50|,,,,,Fairy]Ursaluna-Bloodmoon||AssaultVest|MindsEye|BloodMoon,HyperVoice,EarthPower,VacuumWave|||M|||50|,,,,,Poison]Gholdengo||LifeOrb|GoodasGold|MakeItRain,ShadowBall,NastyPlot,Protect||||||50|,,,,,Water]Ninetales-Alola||LightClay|SnowWarning|Blizzard,IcyWind,FreezeDry,AuroraVeil|||M|||50|,,,,,Ghost]Incineroar||SafetyGoggles|Intimidate|KnockOff,FlareBlitz,PartingShot,FakeOut|||F|||50|,,,,,Ghost]Annihilape||FocusSash|Defiant|RageFist,DrainPunch,BulkUp,Protect|||M|||50|,,,,,Fire
|showteam|p2|Whimsicott||CovertCloak|Prankster|Moonblast,Tailwind,LightScreen,Encore|||F|||50|,,,,,Water]Ursaluna-Bloodmoon||LifeOrb|MindsEye|HyperVoice,BloodMoon,Protect,EarthPower|||M|||50|,,,,,Normal]Farigiraf||SitrusBerry|ArmorTail|DazzlingGleam,Psychic,HelpingHand,TrickRoom|||F|||50|,,,,,Fairy]Rillaboom||AssaultVest|GrassySurge|Uturn,WoodHammer,GrassyGlide,FakeOut|||F|||50|,,,,,Fire]Electabuzz||Eviolite|VitalSpirit|Taunt,FollowMe,Protect,Electroweb|||M|||50|,,,,,Ghost]Ceruledge||ClearAmulet|FlashFire|BitterBlade,ShadowClaw,BulkUp,Protect|||F|||50|,,,,,Fairy
|
|t:|1754341106
|teamsize|p1|4
|teamsize|p2|4
|start
|switch|p1a: Gholdengo|Gholdengo, L50|100/100
|switch|p1b: Ninetales|Ninetales-Alola, L50, M|100/100
|switch|p2a: Whimsicott|Whimsicott, L50, F|100/100
|switch|p2b: Ceruledge|Ceruledge, L50, F|100/100
|-weather|Snowscape|[from] ability: Snow Warning|[of] p1b: Ninetales
|turn|1
|
|t:|1754341118
|-terastallize|p1a: Gholdengo|Water
|move|p2a: Whimsicott|Tailwind|p2a: Whimsicott
|-sidestart|p2: Daniw9|move: Tailwind
|move|p2b: Ceruledge|Bitter Blade|p1b: Ninetales
|-supereffective|p1b: Ninetales
|-damage|p1b: Ninetales|20/100
|move|p1b: Ninetales|Aurora Veil|p1b: Ninetales
|-sidestart|p1: K4minar1|move: Aurora Veil
|move|p1a: Gholdengo|Shadow Ball|p2b: Ceruledge
|-supereffective|p2b: Ceruledge
|-damage|p2b: Ceruledge|0 fnt
|faint|p2b: Ceruledge
|-damage|p1a: Gholdengo|91/100|[from] item: Life Orb
|
|-weather|Snowscape|[upkeep]
|upkeep
|
|t:|1754341125
|switch|p2b: Ursaluna|Ursaluna-Bloodmoon, L50, M|100/100
|turn|2
|
|t:|1754341131
|switch|p1b: Incineroar|Incineroar, L50, F|100/100
|-ability|p1b: Incineroar|Intimidate|boost
|-unboost|p2a: Whimsicott|atk|1
|-unboost|p2b: Ursaluna|atk|1
|-terastallize|p2b: Ursaluna|Normal
|move|p2a: Whimsicott|Encore|p1b: Incineroar
|-hint|Since gen 7, Dark is immune to Prankster moves.
|-immune|p1b: Incineroar
|move|p2b: Ursaluna|Blood Moon|p1a: Gholdengo
|-damage|p1a: Gholdengo|0 fnt
|faint|p1a: Gholdengo
|-damage|p2b: Ursaluna|91/100|[from] item: Life Orb
|
|-weather|Snowscape|[upkeep]
|upkeep
|
|t:|1754341153
|switch|p1a: Ninetales|Ninetales-Alola, L50, M|20/100
|turn|3
|
|t:|1754341164
|move|p2b: Ursaluna|Protect|p2b: Ursaluna
|-singleturn|p2b: Ursaluna|Protect
|move|p1b: Incineroar|Fake Out|p2a: Whimsicott
|-damage|p2a: Whimsicott|85/100
|move|p2a: Whimsicott|Light Screen|p2a: Whimsicott
|-sidestart|p2: Daniw9|move: Light Screen
|move|p1a: Ninetales|Icy Wind|p2a: Whimsicott|[spread] p2a
|-activate|p2b: Ursaluna|move: Protect
|-supereffective|p2a: Whimsicott
|-damage|p2a: Whimsicott|58/100
|
|-weather|Snowscape|[upkeep]
|upkeep
|turn|4
|
|t:|1754341178
|move|p2a: Whimsicott|Moonblast|p1a: Ninetales
|-damage|p1a: Ninetales|0 fnt
|faint|p1a: Ninetales
|move|p2b: Ursaluna|Earth Power|p1b: Incineroar
|-supereffective|p1b: Incineroar
|-damage|p1b: Incineroar|27/100
|-damage|p2b: Ursaluna|81/100|[from] item: Life Orb
|move|p1b: Incineroar|Knock Off|p2b: Ursaluna
|-damage|p2b: Ursaluna|48/100
|-enditem|p2b: Ursaluna|Life Orb|[from] move: Knock Off|[of] p1b: Incineroar
|
|-weather|Snowscape|[upkeep]
|-sideend|p2: Daniw9|move: Tailwind
|upkeep
|
|t:|1754341181
|switch|p1a: Annihilape|Annihilape, L50, M|100/100
|turn|5
|
|t:|1754341188
|move|p2a: Whimsicott|Tailwind|p2a: Whimsicott
|-sidestart|p2: Daniw9|move: Tailwind
|move|p2b: Ursaluna|Hyper Voice|p1a: Annihilape|[spread] p1a,p1b
|-damage|p1a: Annihilape|64/100
|-damage|p1b: Incineroar|0 fnt
|faint|p1b: Incineroar
|move|p1a: Annihilape|Drain Punch|p2b: Ursaluna
|-supereffective|p2b: Ursaluna
|-damage|p2b: Ursaluna|0 fnt
|-heal|p1a: Annihilape|90/100|[from] drain|[of] p2b: Ursaluna
|faint|p2b: Ursaluna
|
|-weather|none
|upkeep
|
|t:|1754341193
|switch|p2b: Electabuzz|Electabuzz, L50, M|100/100
|turn|6
|
|t:|1754341201
|move|p2a: Whimsicott|Encore|p1a: Annihilape
|-start|p1a: Annihilape|Encore
|move|p2b: Electabuzz|Taunt|p1a: Annihilape
|-start|p1a: Annihilape|move: Taunt
|move|p1a: Annihilape|Drain Punch|p2b: Electabuzz
|-damage|p2b: Electabuzz|60/100
|-heal|p1a: Annihilape|100/100|[from] drain|[of] p2b: Electabuzz
|
|upkeep
|turn|7
|
|t:|1754341209
|move|p2a: Whimsicott|Moonblast|p1a: Annihilape
|-supereffective|p1a: Annihilape
|-damage|p1a: Annihilape|51/100
|move|p2b: Electabuzz|Electroweb|p1a: Annihilape
|-damage|p1a: Annihilape|39/100
|-unboost|p1a: Annihilape|spe|1
|-ability|p1a: Annihilape|Defiant|boost
|-boost|p1a: Annihilape|atk|2
|move|p1a: Annihilape|Drain Punch|p2b: Electabuzz
|-damage|p2b: Electabuzz|0 fnt
|-heal|p1a: Annihilape|67/100|[from] drain|[of] p2b: Electabuzz
|faint|p2b: Electabuzz
|
|-sideend|p2: Daniw9|move: Light Screen
|upkeep
|turn|8
|
|t:|1754341221
|move|p2a: Whimsicott|Moonblast|p1a: Annihilape
|-supereffective|p1a: Annihilape
|-damage|p1a: Annihilape|12/100
|move|p1a: Annihilape|Drain Punch|p2a: Whimsicott
|-resisted|p2a: Whimsicott
|-damage|p2a: Whimsicott|8/100
|-heal|p1a: Annihilape|31/100|[from] drain|[of] p2a: Whimsicott
|
|-end|p1a: Annihilape|move: Taunt
|-end|p1a: Annihilape|Encore
|-sideend|p2: Daniw9|move: Tailwind
|-sideend|p1: K4minar1|move: Aurora Veil
|upkeep
|turn|9
|
|t:|1754341228
|move|p2a: Whimsicott|Moonblast|p1a: Annihilape
|-supereffective|p1a: Annihilape
|-damage|p1a: Annihilape|0 fnt
|faint|p1a: Annihilape
|
|win|Daniw9
|raw|K4minar1's rating: 1286 → 1254(-32 for losing)
|raw|Daniw9's rating: 1179 → 1211(+32 for winning)
|l|☆K4minar1
|player|p1|
