|j|â˜†SandroSSB
|j|â˜†RadarUndetectable
|html|SandroSSBRadarUndetectable    
|uhtml|bestof|Game 2 of a best-of-3
|t:|1783537808
|gametype|doubles
|player|p1|SandroSSB|brycen|
|player|p2|RadarUndetectable|dawn|
|gen|9
|tier|[Gen 9 Champions] VGC 2026 Reg M-B (Bo3)
|rule|Species Clause: Limit one of each PokÃ©mon
|rule|Item Clause: Limit 1 of each item
|clearpoke
|poke|p1|Metagross, L50, shiny|
|poke|p1|Lycanroc-Dusk, L50, F|
|poke|p1|Hydreigon, L50, M|
|poke|p1|Whimsicott, L50, F, shiny|
|poke|p1|Floette-Eternal, L50, F|
|poke|p1|Incineroar, L50, F|
|poke|p2|Meowscarada, L50, F|
|poke|p2|Raichu, L50, F|
|poke|p2|Pelipper, L50, F|
|poke|p2|Swampert, L50, F|
|poke|p2|Archaludon, L50, M|
|poke|p2|Drampa, L50, F|
|teampreview|4
|showteam|p1|Metagross||Metagrossite|ClearBody|IronHead,PsychicFangs,StompingTantrum,Protect|Jolly|||||50|]Lycanroc-Dusk||FocusSash|ToughClaws|RockSlide,Accelerock,CloseCombat,Protect|Adamant||F|||50|]Hydreigon||LifeOrb|Levitate|DarkPulse,DracoMeteor,EarthPower,Protect|Modest||M|||50|]Whimsicott||FairyFeather|Prankster|Moonblast,Tailwind,Encore,Protect|Timid||F|||50|]Floette-Eternal||Floettite|FlowerVeil|Moonblast,DazzlingGleam,LightofRuin,Protect|Modest||F|||50|]Incineroar||SitrusBerry|Intimidate|FakeOut,FlareBlitz,DarkestLariat,PartingShot|Adamant||F|||50|
|showteam|p2|Meowscarada||ChoiceScarf|Protean|FlowerTrick,Uturn,TripleAxel,KnockOff|Jolly||F|||50|]Raichu||RaichuniteX|LightningRod|RainDance,FakeOut,Electroweb,RisingVoltage|Timid||F|||50|]Pelipper||FocusSash|Drizzle|Hurricane,Tailwind,Soak,WideGuard|Timid||F|||50|]Swampert||Swampertite|Torrent|Earthquake,WaveCrash,PoisonJab,Protect|Adamant||F|||50|]Archaludon||Leftovers|Stalwart|ElectroShot,DracoMeteor,FlashCannon,Protect|Modest||M|||50|]Drampa||SitrusBerry|CloudNine|IcyWind,HyperVoice,Thunderbolt,Protect|Calm||F|||50|
|inactive|Battle timer is ON: inactive players will automatically lose when time's up. (requested by SandroSSB)
|
|t:|1783537831
|teamsize|p1|4
|teamsize|p2|4
|start
|switch|p1a: Whimsicott|Whimsicott, L50, F, shiny|100/100
|switch|p1b: Floette|Floette-Eternal, L50, F|100/100
|switch|p2a: Archaludon|Archaludon, L50, M|100/100
|switch|p2b: Pelipper|Pelipper, L50, F|100/100
|-weather|RainDance|[from] ability: Drizzle|[of] p2b: Pelipper
|turn|1
|inactive|SandroSSB has 30 seconds left.
|inactive|RadarUndetectable has 30 seconds left.
|inactive|SandroSSB has 20 seconds left.
|inactive|SandroSSB has 15 seconds left.
|
|t:|1783537873
|detailschange|p1b: Floette|Floette-Mega, L50, F
|-mega|p1b: Floette|Floette|Floettite
|-ability|p1b: Floette|Fairy Aura
|move|p1a: Whimsicott|Protect|p1a: Whimsicott
|-singleturn|p1a: Whimsicott|Protect
|move|p1b: Floette|Dazzling Gleam|p2a: Archaludon|[spread] p2a,p2b
|-damage|p2a: Archaludon|46/100
|-damage|p2b: Pelipper|9/100
|move|p2b: Pelipper|Tailwind|p2b: Pelipper
|-sidestart|p2: RadarUndetectable|move: Tailwind
|move|p2a: Archaludon|Electro Shot||[still]
|-prepare|p2a: Archaludon|Electro Shot
|-boost|p2a: Archaludon|spa|1
|-anim|p2a: Archaludon|Electro Shot|p1b: Floette
|-damage|p1b: Floette|44/100
|
|-weather|RainDance|[upkeep]
|-heal|p2a: Archaludon|52/100|[from] item: Leftovers
|upkeep
|turn|2
|inactive|RadarUndetectable has 30 seconds left.
|
|t:|1783537900
|move|p2b: Pelipper|Wide Guard|p2b: Pelipper
|-singleturn|p2b: Pelipper|Wide Guard
|move|p1a: Whimsicott|Tailwind|p1a: Whimsicott
|-sidestart|p1: SandroSSB|move: Tailwind
|move|p1b: Floette|Moonblast|p2a: Archaludon
|-damage|p2a: Archaludon|0 fnt
|faint|p2a: Archaludon
|
|-weather|RainDance|[upkeep]
|upkeep
|
|t:|1783537911
|switch|p2a: Meowscarada|Meowscarada, L50, F|100/100
|turn|3
|
|t:|1783537926
|move|p1a: Whimsicott|Protect|p1a: Whimsicott
|-singleturn|p1a: Whimsicott|Protect
|move|p1b: Floette|Protect|p1b: Floette
|-singleturn|p1b: Floette|Protect
|move|p2a: Meowscarada|Triple Axel|p1a: Whimsicott
|-start|p2a: Meowscarada|typechange|Ice|[from] ability: Protean
|-activate|p1a: Whimsicott|move: Protect
|move|p2b: Pelipper|Hurricane|p1b: Floette
|-activate|p1b: Floette|move: Protect
|
|-weather|RainDance|[upkeep]
|upkeep
|turn|4
|inactive|SandroSSB has 30 seconds left.
|
|t:|1783537959
|switch|p1b: Lycanroc|Lycanroc-Dusk, L50, F|100/100
|move|p2a: Meowscarada|Triple Axel|p1b: Lycanroc
|-damage|p1b: Lycanroc|82/100
|-damage|p1b: Lycanroc|51/100
|-damage|p1b: Lycanroc|4/100
|-hitcount|p1b: Lycanroc|3
|move|p1a: Whimsicott|Moonblast|p2a: Meowscarada
|-damage|p2a: Meowscarada|41/100
|move|p2b: Pelipper|Hurricane|p1a: Whimsicott
|-supereffective|p1a: Whimsicott|1
|-damage|p1a: Whimsicott|0 fnt
|faint|p1a: Whimsicott
|
|-weather|RainDance|[upkeep]
|-sideend|p2: RadarUndetectable|move: Tailwind
|upkeep
|inactive|SandroSSB has 30 seconds left.
|inactive|SandroSSB has 20 seconds left.
|inactive|SandroSSB has 15 seconds left.
|inactive|SandroSSB has 10 seconds left.
|
|t:|1783538007
|switch|p1a: Floette|Floette-Mega, L50, F|44/100
|-ability|p1a: Floette|Fairy Aura
|turn|5
|
|t:|1783538022
|switch|p2b: Swampert|Swampert, L50, F|100/100
|move|p1b: Lycanroc|Close Combat|p2b: Swampert
|-damage|p2b: Swampert|44/100
|-unboost|p1b: Lycanroc|def|1
|-unboost|p1b: Lycanroc|spd|1
|move|p1a: Floette|Moonblast|p2a: Meowscarada
|-damage|p2a: Meowscarada|0 fnt
|faint|p2a: Meowscarada
|
|-weather|none
|-sideend|p1: SandroSSB|move: Tailwind
|upkeep
|
|t:|1783538031
|switch|p2a: Pelipper|Pelipper, L50, F|9/100
|-weather|RainDance|[from] ability: Drizzle|[of] p2a: Pelipper
|turn|6
|inactive|RadarUndetectable has 30 seconds left.
|
|t:|1783538060
|detailschange|p2b: Swampert|Swampert-Mega, L50, F
|-mega|p2b: Swampert|Swampert|Swampertite
|move|p1b: Lycanroc|Accelerock|p2a: Pelipper
|-supereffective|p2a: Pelipper|1
|-damage|p2a: Pelipper|0 fnt
|faint|p2a: Pelipper
|move|p2b: Swampert|Earthquake|p1a: Floette|[spread] p1a,p1b
|-supereffective|p1b: Lycanroc|1
|-damage|p1a: Floette|0 fnt
|-damage|p1b: Lycanroc|0 fnt
|faint|p1a: Floette
|faint|p1b: Lycanroc
|
|-weather|RainDance|[upkeep]
|upkeep
|
|t:|1783538078
|switch|p1b: Hydreigon|Hydreigon, L50, M|100/100
|turn|7
|
|t:|1783538097
|move|p1b: Hydreigon|Protect|p1b: Hydreigon
|-singleturn|p1b: Hydreigon|Protect
|move|p2b: Swampert|Wave Crash|p1b: Hydreigon
|-activate|p1b: Hydreigon|move: Protect
|
|-weather|RainDance|[upkeep]
|upkeep
|turn|8
|
|t:|1783538111
|move|p2b: Swampert|Wave Crash|p1b: Hydreigon
|-resisted|p1b: Hydreigon|1
|-damage|p1b: Hydreigon|36/100
|-damage|p2b: Swampert|24/100|[from] Recoil
|move|p1b: Hydreigon|Dark Pulse|p2b: Swampert
|-damage|p2b: Swampert|0 fnt
|faint|p2b: Swampert
|-damage|p1b: Hydreigon|26/100|[from] item: Life Orb
|
|win|SandroSSB
|c|â˜†SandroSSB|ggs
|c|â˜†RadarUndetectable|ggs
|l|â˜†SandroSSB
|player|p1|
|n|â˜†RadarUndetectable|radarundetectable
