|j|☆PRLT1 Jurrasicz
|j|☆lux raymundi
|html|PRLT1 Jurrasiczlux raymundi    
|uhtml|bestof|Game 2 of a best-of-3
|t:|1782400338
|gametype|doubles
|player|p1|PRLT1 Jurrasicz|pokemaniac|1236
|player|p2|lux raymundi|266|1277
|gen|9
|tier|[Gen 9 Champions] VGC 2026 Reg M-B (Bo3)
|rated|
|rule|Species Clause: Limit one of each Pokémon
|rule|Item Clause: Limit 1 of each item
|clearpoke
|poke|p1|Charizard, L50, M|
|poke|p1|Floette-Eternal, L50, F|
|poke|p1|Incineroar, L50, M, shiny|
|poke|p1|Garchomp, L50, F, shiny|
|poke|p1|Kingambit, L50, F|
|poke|p1|Basculegion, L50, M|
|poke|p2|Farigiraf, L50, F|
|poke|p2|Floette-Eternal, L50, F|
|poke|p2|Basculegion, L50, M|
|poke|p2|Sneasler, L50, F|
|poke|p2|Sinistcha, L50|
|poke|p2|Delphox, L50, F|
|teampreview|4
|showteam|p1|Charizard||CharizarditeY|Blaze|HeatWave,WeatherBall,Protect,SolarBeam|Modest||M|||50|]Floette-Eternal||Floettite|FlowerVeil|Moonblast,DazzlingGleam,CalmMind,Protect|Modest||F|||50|]Incineroar||SitrusBerry|Intimidate|PartingShot,ThroatChop,FlareBlitz,FakeOut|Careful||M|||50|]Garchomp||LifeOrb|RoughSkin|StompingTantrum,DragonClaw,Protect,RockSlide|Jolly||F|||50|]Kingambit||BlackGlasses|Defiant|SuckerPunch,KowtowCleave,IronHead,Protect|Adamant||F|||50|]Basculegion||ChoiceScarf|Adaptability|WaveCrash,FlipTurn,LastRespects,AquaJet|Jolly||M|||50|
|showteam|p2|Farigiraf||SitrusBerry|ArmorTail|TrickRoom,HelpingHand,Protect,TwinBeam|Bold||F|||50|]Floette-Eternal||Floettite|FlowerVeil|CalmMind,DazzlingGleam,Moonblast,Protect|Modest||F|||50|]Basculegion||FocusSash|Adaptability|AquaJet,Liquidation,LastRespects,Protect|Adamant||M|||50|]Sneasler||WhiteHerb|Unburden|FakeOut,CloseCombat,DireClaw,Protect|Jolly||F|||50|]Sinistcha||KasibBerry|Hospitality|MatchaGotcha,RagePowder,TrickRoom,LifeDew|Serious|||||50|]Delphox||Delphoxite|Blaze|NastyPlot,HeatWave,Psychic,Protect|Timid||F|||50|
|
|t:|1782400365
|teamsize|p1|4
|teamsize|p2|4
|start
|switch|p1a: Incineroar|Incineroar, L50, M, shiny|100/100
|switch|p1b: Basculegion|Basculegion, L50, M|100/100
|switch|p2a: Sneasler|Sneasler, L50, F|100/100
|switch|p2b: Floette|Floette-Eternal, L50, F|100/100
|-ability|p1a: Incineroar|Intimidate|boost
|-unboost|p2a: Sneasler|atk|1
|-unboost|p2b: Floette|atk|1
|-enditem|p2a: Sneasler|White Herb
|-clearnegativeboost|p2a: Sneasler|[silent]
|turn|1
|inactive|Battle timer is ON: inactive players will automatically lose when time's up. (requested by PRLT1 Jurrasicz)
|
|t:|1782400382
|detailschange|p2b: Floette|Floette-Mega, L50, F
|-mega|p2b: Floette|Floette|Floettite
|-ability|p2b: Floette|Fairy Aura
|move|p2a: Sneasler|Dire Claw|p1b: Basculegion
|-resisted|p1b: Basculegion|1
|-damage|p1b: Basculegion|71/100
|move|p1b: Basculegion|Wave Crash|p2b: Floette
|-damage|p2b: Floette|11/100
|-damage|p1b: Basculegion|45/100|[from] Recoil
|move|p2b: Floette|Moonblast|p1b: Basculegion
|-damage|p1b: Basculegion|0 fnt
|faint|p1b: Basculegion
|move|p1a: Incineroar|Flare Blitz|p2a: Sneasler
|-damage|p2a: Sneasler|14/100
|-damage|p1a: Incineroar|78/100|[from] Recoil
|
|upkeep
|
|t:|1782400401
|switch|p1b: Kingambit|Kingambit, L50, F|100/100
|turn|2
|
|t:|1782400414
|switch|p2b: Farigiraf|Farigiraf, L50, F|100/100
|move|p1b: Kingambit|Sucker Punch||[still]
|cant|p2b: Farigiraf|ability: Armor Tail|Sucker Punch|[of] p1b: Kingambit
|move|p2a: Sneasler|Close Combat|p1a: Incineroar
|-supereffective|p1a: Incineroar|1
|-damage|p1a: Incineroar|0 fnt
|-unboost|p2a: Sneasler|def|1
|-unboost|p2a: Sneasler|spd|1
|faint|p1a: Incineroar
|
|upkeep
|
|t:|1782400420
|switch|p1a: Floette|Floette-Eternal, L50, F|100/100
|turn|3
|inactive|PRLT1 Jurrasicz has 30 seconds left.
|inactive|PRLT1 Jurrasicz has 20 seconds left.
|
|t:|1782400455
|detailschange|p1a: Floette|Floette-Mega, L50, F
|-mega|p1a: Floette|Floette|Floettite
|-ability|p1a: Floette|Fairy Aura
|move|p2a: Sneasler|Protect|p2a: Sneasler
|-singleturn|p2a: Sneasler|Protect
|move|p1a: Floette|Protect|p1a: Floette
|-singleturn|p1a: Floette|Protect
|move|p2b: Farigiraf|Protect|p2b: Farigiraf
|-singleturn|p2b: Farigiraf|Protect
|move|p1b: Kingambit|Kowtow Cleave|p2a: Sneasler
|-activate|p2a: Sneasler|move: Protect
|
|upkeep
|turn|4
|
|t:|1782400477
|move|p2b: Farigiraf|Helping Hand|p2a: Sneasler
|-singleturn|p2a: Sneasler|Helping Hand|[of] p2b: Farigiraf
|move|p1a: Floette|Protect|p1a: Floette
|-singleturn|p1a: Floette|Protect
|move|p2a: Sneasler|Dire Claw|p1a: Floette
|-activate|p1a: Floette|move: Protect
|move|p1b: Kingambit|Kowtow Cleave|p2a: Sneasler
|-resisted|p2a: Sneasler|1
|-damage|p2a: Sneasler|0 fnt
|faint|p2a: Sneasler
|
|upkeep
|c|☆lux raymundi|Come on
|
|t:|1782400492
|switch|p2a: Basculegion|Basculegion, L50, M|100/100
|turn|5
|c|☆PRLT1 Jurrasicz|it was my only play, my bad
|inactive|PRLT1 Jurrasicz has 30 seconds left.
|
|t:|1782400523
|move|p2b: Farigiraf|Helping Hand|p2a: Basculegion
|-singleturn|p2a: Basculegion|Helping Hand|[of] p2b: Farigiraf
|move|p1a: Floette|Dazzling Gleam|p2b: Farigiraf|[spread] p2a,p2b
|-crit|p2a: Basculegion
|-damage|p2a: Basculegion|16/100
|-damage|p2b: Farigiraf|57/100
|move|p2a: Basculegion|Last Respects|p1a: Floette
|-damage|p1a: Floette|0 fnt
|faint|p1a: Floette
|move|p1b: Kingambit|Kowtow Cleave|p2b: Farigiraf
|-supereffective|p2b: Farigiraf|1
|-damage|p2b: Farigiraf|0 fnt
|faint|p2b: Farigiraf
|
|upkeep
|
|t:|1782400528
|switch|p2b: Floette|Floette-Mega, L50, F|11/100
|-ability|p2b: Floette|Fairy Aura
|turn|6
|
|t:|1782400551
|move|p2a: Basculegion|Aqua Jet|p1b: Kingambit
|-damage|p1b: Kingambit|76/100
|move|p1b: Kingambit|Sucker Punch|p2b: Floette
|-resisted|p2b: Floette|1
|-damage|p2b: Floette|0 fnt
|faint|p2b: Floette
|
|upkeep
|turn|7
|
|t:|1782400568
|move|p2a: Basculegion|Liquidation|p1b: Kingambit
|-damage|p1b: Kingambit|36/100
|move|p1b: Kingambit|Kowtow Cleave|p2a: Basculegion
|-supereffective|p2a: Basculegion|1
|-damage|p2a: Basculegion|0 fnt
|faint|p2a: Basculegion
|
|win|PRLT1 Jurrasicz
|raw|PRLT1 Jurrasicz's rating: 1236 → 1264(+28 for winning)
|raw|lux raymundi's rating: 1277 → 1249(-28 for losing)
