|j|☆flyingantsarmy
|j|☆Blizzzey
|html|flyingantsarmyBlizzzey    
|uhtml|bestof|Game 3 of a best-of-3
|t:|1755785026
|gametype|doubles
|player|p1|flyingantsarmy|rocketgrunt|1163
|player|p2|Blizzzey|twins-gen4dp|1251
|gen|9
|tier|[Gen 9] VGC 2025 Reg H (Bo3)
|rated|
|rule|Species Clause: Limit one of each Pokémon
|rule|Item Clause: Limit 1 of each item
|clearpoke
|poke|p1|Pelipper, L50, M|
|poke|p1|Basculegion, L50, M|
|poke|p1|Archaludon, L50, F|
|poke|p1|Rillaboom, L50, F|
|poke|p1|Kingambit, L50, M|
|poke|p1|Electabuzz, L50, M|
|poke|p2|Gholdengo, L50|
|poke|p2|Talonflame, L50, M|
|poke|p2|Ninetales-Alola, L50, M|
|poke|p2|Dragonite, L50, F|
|poke|p2|Ursaluna-Bloodmoon, L50, M|
|poke|p2|Rillaboom, L50, F|
|teampreview|4
|showteam|p1|Pelipper||FocusSash|Drizzle|Hurricane,WeatherBall,Tailwind,Protect|||M|||50|,,,,,Ghost]Basculegion||LifeOrb|SwiftSwim|Protect,WaveCrash,AquaJet,LastRespects|||M|||50|,,,,,Water]Archaludon||AssaultVest|Stamina|ElectroShot,DragonPulse,FlashCannon,BodyPress|||F|||50|,,,,,Grass]Rillaboom||LoadedDice|GrassySurge|GrassyGlide,WoodHammer,BulletSeed,FakeOut|||F|||50|,,,,,Water]Kingambit||BlackGlasses|Defiant|KowtowCleave,SwordsDance,SuckerPunch,Protect|||M|||50|,,,,,Dark]Electabuzz||Eviolite|VitalSpirit|Electroweb,FollowMe,Taunt,Protect|||M|||50|,,,,,Ghost
|showteam|p2|Gholdengo||GrassySeed|GoodasGold|MakeItRain,ShadowBall,NastyPlot,Protect||||||50|,,,,,Steel]Talonflame||CovertCloak|GaleWings|BraveBird,Taunt,Tailwind,WillOWisp|||M|||50|,,,,,Fairy]Ninetales-Alola||FocusSash|SnowWarning|FreezeDry,Blizzard,Protect,AuroraVeil|||M|||50|,,,,,Ghost]Dragonite||LoadedDice|Multiscale|ScaleShot,StompingTantrum,Protect,Haze|||F|||50|,,,,,Steel]Ursaluna-Bloodmoon||LifeOrb|MindsEye|BloodMoon,EarthPower,HyperVoice,Protect|||M|||50|,,,,,Normal]Rillaboom||ClearAmulet|GrassySurge|WoodHammer,GrassyGlide,HighHorsepower,FakeOut|||F|||50|,,,,,Fire
|inactive|Battle timer is ON: inactive players will automatically lose when time's up. (requested by flyingantsarmy)
|inactive|Blizzzey has 60 seconds left.
|
|t:|1755785073
|teamsize|p1|4
|teamsize|p2|4
|start
|switch|p1a: Rillaboom|Rillaboom, L50, F|100/100
|switch|p1b: Archaludon|Archaludon, L50, F, shiny|100/100
|switch|p2a: Talonflame|Talonflame, L50, M|100/100
|switch|p2b: Ursaluna|Ursaluna-Bloodmoon, L50, M|100/100
|-fieldstart|move: Grassy Terrain|[from] ability: Grassy Surge|[of] p1a: Rillaboom
|turn|1
|inactive|Blizzzey has 30 seconds left.
|
|t:|1755785099
|-terastallize|p1a: Rillaboom|Water
|-terastallize|p2b: Ursaluna|Normal
|move|p2a: Talonflame|Brave Bird|p1b: Archaludon
|-resisted|p1b: Archaludon
|-damage|p1b: Archaludon|85/100
|-ability|p1b: Archaludon|Stamina|boost
|-boost|p1b: Archaludon|def|1
|-damage|p2a: Talonflame|94/100|[from] Recoil
|move|p1a: Rillaboom|Bullet Seed|p1b: Archaludon
|-resisted|p1b: Archaludon
|-damage|p1b: Archaludon|83/100
|-ability|p1b: Archaludon|Stamina|boost
|-boost|p1b: Archaludon|def|1
|-resisted|p1b: Archaludon
|-damage|p1b: Archaludon|82/100
|-ability|p1b: Archaludon|Stamina|boost
|-boost|p1b: Archaludon|def|1
|-resisted|p1b: Archaludon
|-damage|p1b: Archaludon|80/100
|-ability|p1b: Archaludon|Stamina|boost
|-boost|p1b: Archaludon|def|1
|-resisted|p1b: Archaludon
|-damage|p1b: Archaludon|79/100
|-ability|p1b: Archaludon|Stamina|boost
|-boost|p1b: Archaludon|def|1
|-hitcount|p1b: Archaludon|4
|move|p1b: Archaludon|Body Press|p2b: Ursaluna
|-supereffective|p2b: Ursaluna
|-damage|p2b: Ursaluna|0 fnt
|faint|p2b: Ursaluna
|
|-heal|p1b: Archaludon|85/100|[from] Grassy Terrain
|upkeep
|
|t:|1755785116
|switch|p2b: Dragonite|Dragonite, L50, F|100/100
|turn|2
|
|t:|1755785135
|switch|p1a: Pelipper|Pelipper, L50, M|100/100
|-weather|RainDance|[from] ability: Drizzle|[of] p1a: Pelipper
|move|p2a: Talonflame|Will-O-Wisp|p1a: Pelipper
|-status|p1a: Pelipper|brn
|move|p2b: Dragonite|Haze|p2b: Dragonite
|-clearallboost
|move|p1b: Archaludon|Electro Shot||[still]
|-prepare|p1b: Archaludon|Electro Shot
|-boost|p1b: Archaludon|spa|1
|-anim|p1b: Archaludon|Electro Shot|p2a: Talonflame
|-supereffective|p2a: Talonflame
|-damage|p2a: Talonflame|0 fnt
|faint|p2a: Talonflame
|
|-weather|RainDance|[upkeep]
|-heal|p1b: Archaludon|91/100|[from] Grassy Terrain
|-damage|p1a: Pelipper|95/100 brn|[from] brn
|upkeep
|
|t:|1755785145
|switch|p2a: Ninetales|Ninetales-Alola, L50, M|100/100
|-weather|Snowscape|[from] ability: Snow Warning|[of] p2a: Ninetales
|turn|3
|
|t:|1755785159
|switch|p1a: Kingambit|Kingambit, L50, M, shiny|100/100
|move|p2a: Ninetales|Blizzard|p1a: Kingambit|[spread] p1a,p1b
|-resisted|p1a: Kingambit
|-crit|p1b: Archaludon
|-damage|p1a: Kingambit|85/100
|-damage|p1b: Archaludon|55/100
|-ability|p1b: Archaludon|Stamina|boost
|-boost|p1b: Archaludon|def|1
|move|p2b: Dragonite|Scale Shot|p1a: Kingambit
|-resisted|p1a: Kingambit
|-damage|p1a: Kingambit|79/100
|-resisted|p1a: Kingambit
|-damage|p1a: Kingambit|73/100
|-resisted|p1a: Kingambit
|-damage|p1a: Kingambit|68/100
|-resisted|p1a: Kingambit
|-crit|p1a: Kingambit
|-damage|p1a: Kingambit|58/100
|-resisted|p1a: Kingambit
|-damage|p1a: Kingambit|53/100
|-hitcount|p1a: Kingambit|5
|-unboost|p2b: Dragonite|def|1
|-boost|p2b: Dragonite|spe|1
|move|p1b: Archaludon|Flash Cannon|p2a: Ninetales
|-supereffective|p2a: Ninetales
|-enditem|p2a: Ninetales|Focus Sash
|-damage|p2a: Ninetales|1/100
|
|-weather|Snowscape|[upkeep]
|-heal|p2a: Ninetales|7/100|[from] Grassy Terrain
|-heal|p1b: Archaludon|61/100|[from] Grassy Terrain
|-heal|p1a: Kingambit|59/100|[from] Grassy Terrain
|upkeep
|turn|4
|inactive|flyingantsarmy has 30 seconds left.
|
|t:|1755785186
|move|p2b: Dragonite|Protect|p2b: Dragonite
|-singleturn|p2b: Dragonite|Protect
|move|p1a: Kingambit|Sucker Punch||[still]
|-fail|p1a: Kingambit
|move|p2a: Ninetales|Aurora Veil|p2a: Ninetales
|-sidestart|p2: Blizzzey|move: Aurora Veil
|move|p1b: Archaludon|Dragon Pulse|p2b: Dragonite
|-activate|p2b: Dragonite|move: Protect
|
|-weather|Snowscape|[upkeep]
|-heal|p2a: Ninetales|13/100|[from] Grassy Terrain
|-heal|p1b: Archaludon|67/100|[from] Grassy Terrain
|-heal|p1a: Kingambit|65/100|[from] Grassy Terrain
|upkeep
|turn|5
|
|t:|1755785203
|move|p2a: Ninetales|Protect|p2a: Ninetales
|-singleturn|p2a: Ninetales|Protect
|move|p1a: Kingambit|Sucker Punch||[still]
|-fail|p1a: Kingambit
|move|p2b: Dragonite|Stomping Tantrum|p1a: Kingambit
|-supereffective|p1a: Kingambit
|-damage|p1a: Kingambit|24/100
|move|p1b: Archaludon|Dragon Pulse|p2b: Dragonite
|-supereffective|p2b: Dragonite
|-damage|p2b: Dragonite|54/100
|
|-weather|Snowscape|[upkeep]
|-heal|p2a: Ninetales|19/100|[from] Grassy Terrain
|-heal|p1b: Archaludon|73/100|[from] Grassy Terrain
|-heal|p1a: Kingambit|30/100|[from] Grassy Terrain
|-fieldend|move: Grassy Terrain
|upkeep
|turn|6
|
|t:|1755785227
|switch|p1a: Pelipper|Pelipper, L50, M|95/100 brn
|-weather|RainDance|[from] ability: Drizzle|[of] p1a: Pelipper
|move|p2b: Dragonite|Stomping Tantrum|p1a: Pelipper
|-immune|p1a: Pelipper
|move|p2a: Ninetales|Blizzard|p1a: Pelipper|[spread] p1a,p1b
|-crit|p1b: Archaludon
|-damage|p1a: Pelipper|39/100 brn
|-damage|p1b: Archaludon|41/100
|-ability|p1b: Archaludon|Stamina|boost
|-boost|p1b: Archaludon|def|1
|move|p1b: Archaludon|Flash Cannon|p2a: Ninetales
|-supereffective|p2a: Ninetales
|-damage|p2a: Ninetales|0 fnt
|faint|p2a: Ninetales
|
|-weather|RainDance|[upkeep]
|-damage|p1a: Pelipper|33/100 brn|[from] brn
|upkeep
|turn|7
|
|t:|1755785249
|move|p2b: Dragonite|Scale Shot|p1b: Archaludon
|-crit|p1b: Archaludon
|-damage|p1b: Archaludon|24/100
|-ability|p1b: Archaludon|Stamina|boost
|-boost|p1b: Archaludon|def|1
|-damage|p1b: Archaludon|20/100
|-ability|p1b: Archaludon|Stamina|boost
|-boost|p1b: Archaludon|def|1
|-damage|p1b: Archaludon|16/100
|-ability|p1b: Archaludon|Stamina|boost
|-boost|p1b: Archaludon|def|1
|-damage|p1b: Archaludon|13/100
|-ability|p1b: Archaludon|Stamina|boost
|-boost|p1b: Archaludon|def|1
|-damage|p1b: Archaludon|10/100
|-hitcount|p1b: Archaludon|5
|-unboost|p2b: Dragonite|def|1
|-boost|p2b: Dragonite|spe|1
|move|p1a: Pelipper|Hurricane|p2b: Dragonite
|-damage|p2b: Dragonite|19/100
|move|p1b: Archaludon|Dragon Pulse|p2b: Dragonite
|-supereffective|p2b: Dragonite
|-damage|p2b: Dragonite|0 fnt
|faint|p2b: Dragonite
|
|win|flyingantsarmy
|raw|flyingantsarmy's rating: 1163 → 1194(+31 for winning)
|raw|Blizzzey's rating: 1251 → 1220(-31 for losing)
|l|☆Blizzzey
|player|p2|
