|j|☆kollio
|j|☆RegiSIXSEVEN
|html|kollioRegiSIXSEVEN    
|uhtml|bestof|Game 1 of a best-of-3
|t:|1784799174
|gametype|doubles
|player|p1|kollio|steven|1068
|player|p2|RegiSIXSEVEN|steven|1188
|gen|9
|tier|[Gen 9 Champions] VGC 2026 Reg M-B (Bo3)
|rated|
|rule|Species Clause: Limit one of each Pokémon
|rule|Item Clause: Limit 1 of each item
|clearpoke
|poke|p1|Trevenant, L50, F|
|poke|p1|Klefki, L50, M|
|poke|p1|Sinistcha-Masterpiece, L50|
|poke|p1|Slowking-Galar, L50, M, shiny|
|poke|p1|Scrafty, L50, M|
|poke|p1|Garbodor, L50, F|
|poke|p2|Gengar, L50, M, shiny|
|poke|p2|Swampert, L50, M, shiny|
|poke|p2|Incineroar, L50, F, shiny|
|poke|p2|Politoed, L50, M, shiny|
|poke|p2|Archaludon, L50, M, shiny|
|poke|p2|Vivillon-Elegant, L50, M, shiny|
|teampreview|4
|showteam|p1|Trevenant||LifeOrb|Harvest|DrainPunch,Poltergeist,Protect,HornLeech|Adamant||F|||50|]Klefki||LightClay|Prankster|DrainingKiss,Reflect,Protect,ThunderWave|Bold||M|||50|]Sinistcha-Masterpiece||FocusSash|Hospitality|MatchaGotcha,LifeDew,TrickRoom,Protect|Quiet|||||50|]Slowking-Galar||MentalHerb|Regenerator|Protect,TrickRoom,Psychic,SludgeWave|Relaxed||M|||50|]Scrafty||Scraftinite|Intimidate|FakeOut,KnockOff,DrainPunch,DragonDance|Adamant||M|||50|]Garbodor||Leftovers|Stench|GunkShot,StompingTantrum,DrainPunch,RockBlast|Adamant||F|||50|
|showteam|p2|Gengar||Gengarite|CursedBody|ShadowBall,SludgeBomb,PerishSong,Protect|Timid||M|||50|]Swampert||Swampertite|Damp|WaveCrash,Earthquake,IcePunch,Protect|Adamant||M|||50|]Incineroar||PasshoBerry|Intimidate|FakeOut,ThroatChop,PartingShot,Protect|Sassy||F|||50|]Politoed||SitrusBerry|Drizzle|WeatherBall,Encore,PerishSong,Protect|Calm||M|||50|]Archaludon||Leftovers|Stamina|DragonPulse,FlashCannon,ElectroShot,Protect|Bold||M|||50|]Vivillon-Elegant||FocusSash|CompoundEyes|Hurricane,SleepPowder,RagePowder,Protect|Timid||M|||50|
|inactive|Battle timer is ON: inactive players will automatically lose when time's up. (requested by RegiSIXSEVEN)
|inactive|kollio has 60 seconds left.
|
|t:|1784799209
|teamsize|p1|4
|teamsize|p2|4
|start
|switch|p1a: Garbodor|Garbodor, L50, F|100/100
|switch|p1b: Klefki|Klefki, L50, M|100/100
|switch|p2a: Gengar|Gengar, L50, M, shiny|100/100
|switch|p2b: Vivillon|Vivillon-Elegant, L50, M, shiny|100/100
|turn|1
|
|t:|1784799226
|detailschange|p2a: Gengar|Gengar-Mega, L50, M, shiny
|-mega|p2a: Gengar|Gengar|Gengarite
|move|p1b: Klefki|Thunder Wave|p2b: Vivillon
|-status|p2b: Vivillon|par
|move|p2a: Gengar|Perish Song|p2a: Gengar
|-start|p1a: Garbodor|perish3|[silent]
|-start|p1b: Klefki|perish3|[silent]
|-start|p2a: Gengar|perish3|[silent]
|-start|p2b: Vivillon|perish3|[silent]
|-fieldactivate|move: Perish Song
|move|p1a: Garbodor|Stomping Tantrum|p2a: Gengar
|-supereffective|p2a: Gengar|1
|-damage|p2a: Gengar|49/100
|move|p2b: Vivillon|Sleep Powder|p1a: Garbodor
|-status|p1a: Garbodor|slp|[from] move: Sleep Powder
|
|-start|p2a: Gengar|perish3
|-start|p1a: Garbodor|perish3
|-start|p1b: Klefki|perish3
|-start|p2b: Vivillon|perish3
|upkeep
|turn|2
|
|t:|1784799251
|move|p1b: Klefki|Thunder Wave|p2a: Gengar
|-status|p2a: Gengar|par
|cant|p1a: Garbodor|slp
|move|p2a: Gengar|Shadow Ball|p1b: Klefki
|-crit|p1b: Klefki
|-damage|p1b: Klefki|19/100
|move|p2b: Vivillon|Sleep Powder|p1b: Klefki
|-status|p1b: Klefki|slp|[from] move: Sleep Powder
|
|-start|p1b: Klefki|perish2
|-start|p1a: Garbodor|perish2
|-start|p2a: Gengar|perish2
|-start|p2b: Vivillon|perish2
|upkeep
|turn|3
|
|t:|1784799269
|move|p2a: Gengar|Protect|p2a: Gengar
|-singleturn|p2a: Gengar|Protect
|move|p2b: Vivillon|Protect|p2b: Vivillon
|-singleturn|p2b: Vivillon|Protect
|cant|p1b: Klefki|slp
|cant|p1a: Garbodor|slp
|
|-start|p1a: Garbodor|perish1
|-start|p1b: Klefki|perish1
|-start|p2a: Gengar|perish1
|-start|p2b: Vivillon|perish1
|upkeep
|turn|4
|
|t:|1784799276
|switch|p2a: Politoed|Politoed, L50, M, shiny|100/100
|-weather|RainDance|[from] ability: Drizzle|[of] p2a: Politoed
|switch|p2b: Archaludon|Archaludon, L50, M, shiny|100/100
|-curestatus|p1a: Garbodor|slp|[msg]
|move|p1a: Garbodor|Stomping Tantrum|p2a: Politoed
|-damage|p2a: Politoed|54/100
|cant|p1b: Klefki|slp
|
|-weather|RainDance|[upkeep]
|-start|p1a: Garbodor|perish0
|-start|p1b: Klefki|perish0
|upkeep
|faint|p1a: Garbodor
|faint|p1b: Klefki
|
|t:|1784799280
|switch|p1a: Sinistcha|Sinistcha-Masterpiece, L50|100/100
|switch|p1b: Scrafty|Scrafty, L50, M|100/100
|-ability|p1b: Scrafty|Intimidate|boost
|-unboost|p2a: Politoed|atk|1
|-unboost|p2b: Archaludon|atk|1
|turn|5
|
|t:|1784799300
|detailschange|p1b: Scrafty|Scrafty-Mega, L50, M
|-mega|p1b: Scrafty|Scrafty|Scraftinite
|-ability|p1b: Scrafty|Intimidate|boost
|-unboost|p2a: Politoed|atk|1
|-unboost|p2b: Archaludon|atk|1
|move|p1b: Scrafty|Fake Out|p2b: Archaludon
|-resisted|p2b: Archaludon|1
|-damage|p2b: Archaludon|94/100
|-ability|p2b: Archaludon|Stamina|boost
|-boost|p2b: Archaludon|def|1
|cant|p2b: Archaludon|flinch
|move|p2a: Politoed|Perish Song|p2a: Politoed
|-start|p1a: Sinistcha|perish3|[silent]
|-start|p1b: Scrafty|perish3|[silent]
|-start|p2a: Politoed|perish3|[silent]
|-start|p2b: Archaludon|perish3|[silent]
|-fieldactivate|move: Perish Song
|move|p1a: Sinistcha|Trick Room|p1a: Sinistcha
|-fieldstart|move: Trick Room|[of] p1a: Sinistcha
|
|-weather|RainDance|[upkeep]
|-heal|p2b: Archaludon|100/100|[from] item: Leftovers
|-start|p1a: Sinistcha|perish3
|-start|p2a: Politoed|perish3
|-start|p2b: Archaludon|perish3
|-start|p1b: Scrafty|perish3
|upkeep
|turn|6
|
|t:|1784799307
|move|p2a: Politoed|Protect|p2a: Politoed
|-singleturn|p2a: Politoed|Protect
|move|p2b: Archaludon|Protect|p2b: Archaludon
|-singleturn|p2b: Archaludon|Protect
|move|p1a: Sinistcha|Matcha Gotcha|p2a: Politoed|[spread] 
|-activate|p2a: Politoed|move: Protect
|-activate|p2b: Archaludon|move: Protect
|move|p1b: Scrafty|Dragon Dance|p1b: Scrafty
|-boost|p1b: Scrafty|atk|1
|-boost|p1b: Scrafty|spe|1
|
|-weather|RainDance|[upkeep]
|-start|p1a: Sinistcha|perish2
|-start|p2a: Politoed|perish2
|-start|p2b: Archaludon|perish2
|-start|p1b: Scrafty|perish2
|upkeep
|turn|7
|
|t:|1784799311
|switch|p2a: Gengar|Gengar-Mega, L50, M, shiny|49/100 par
|switch|p2b: Vivillon|Vivillon-Elegant, L50, M, shiny|100/100 par
|move|p1a: Sinistcha|Matcha Gotcha|p2a: Gengar|[spread] p2a,p2b
|-resisted|p2a: Gengar|1
|-resisted|p2b: Vivillon|2
|-damage|p2a: Gengar|32/100 par
|-damage|p2b: Vivillon|84/100 par
|move|p1b: Scrafty|Drain Punch|p2a: Gengar
|-immune|p2a: Gengar
|
|-weather|RainDance|[upkeep]
|-start|p1a: Sinistcha|perish1
|-start|p1b: Scrafty|perish1
|upkeep
|turn|8
|
|t:|1784799316
|cant|p2b: Vivillon|par
|move|p2a: Gengar|Protect|p2a: Gengar
|-singleturn|p2a: Gengar|Protect
|move|p1a: Sinistcha|Matcha Gotcha|p2a: Gengar|[spread] p2b
|-activate|p2a: Gengar|move: Protect
|-resisted|p2b: Vivillon|2
|-damage|p2b: Vivillon|69/100 par
|move|p1b: Scrafty|Knock Off|p2a: Gengar
|-activate|p2a: Gengar|move: Protect
|
|-weather|none
|-start|p1a: Sinistcha|perish0
|-start|p1b: Scrafty|perish0
|faint|p1a: Sinistcha
|faint|p1b: Scrafty
|
|win|RegiSIXSEVEN
|l|☆kollio
|player|p1|
