|j|☆Gurrasnurra5
|j|☆Gamma_90
|html|Gurrasnurra5Gamma_90    
|uhtml|bestof|Game 1 of a best-of-3
|t:|1756666636
|gametype|doubles
|player|p1|Gurrasnurra5|wattson|1165
|player|p2|Gamma_90|1|1111
|gen|9
|tier|[Gen 9] VGC 2025 Reg H (Bo3)
|rated|
|rule|Species Clause: Limit one of each Pokémon
|rule|Item Clause: Limit 1 of each item
|clearpoke
|poke|p1|Kingambit, L50, M|
|poke|p1|Electabuzz, L50, F|
|poke|p1|Incineroar, L50, F|
|poke|p1|Basculegion, L50, M|
|poke|p1|Dragonite, L50, M|
|poke|p1|Sneasler, L50, M|
|poke|p2|Meowscarada, L50, F|
|poke|p2|Volcarona, L50, F|
|poke|p2|Primarina, L50, F|
|poke|p2|Gholdengo, L50|
|poke|p2|Ursaluna, L50, F|
|poke|p2|Porygon2, L50|
|teampreview|4
|showteam|p1|Kingambit||SafetyGoggles|Defiant|KowtowCleave,SuckerPunch,SwordsDance,Protect|||M|||50|,,,,,Dark]Electabuzz||Eviolite|VitalSpirit|FollowMe,Electroweb,Taunt,Protect|||F|||50|,,,,,Ghost]Incineroar||SitrusBerry|Intimidate|FakeOut,FlareBlitz,KnockOff,PartingShot|||F|||50|,,,,,Grass]Basculegion||ChoiceScarf|Adaptability|WaveCrash,TeraBlast,LastRespects,FlipTurn|||M|||50|,,,,,Fighting]Dragonite||LoadedDice|Multiscale|ScaleShot,ExtremeSpeed,Haze,Protect|||M|||50|,,,,,Fairy]Sneasler||FocusSash|PoisonTouch|FakeOut,CloseCombat,DireClaw,Protect|||M|||50|,,,,,Ghost
|showteam|p2|Meowscarada||ChoiceBand|Protean|FlowerTrick,KnockOff,LowKick,Uturn|||F|||50|,,,,,Ghost]Volcarona||SitrusBerry|FlameBody|Overheat,Tailwind,RagePowder,Protect|||F|||50|,,,,,Dragon]Primarina||LifeOrb|LiquidVoice|HyperVoice,Moonblast,Haze,Protect|||F|||50|,,,,,Grass]Gholdengo||MetalCoat|GoodasGold|MakeItRain,ShadowBall,NastyPlot,Protect||||||50|,,,,,Water]Ursaluna||FlameOrb|Guts|Facade,HeadlongRush,Earthquake,Protect|||F|||50|,,,,,Ghost]Porygon2||Eviolite|Download|TeraBlast,TrickRoom,Recover,IceBeam||||||50|,,,,,Fighting
|inactive|Battle timer is ON: inactive players will automatically lose when time's up. (requested by Gamma_90)
|inactive|Gurrasnurra5 has 60 seconds left.
|inactive|Gamma_90 has 60 seconds left.
|inactive|Gamma_90 has 30 seconds left.
|
|t:|1756666697
|teamsize|p1|4
|teamsize|p2|4
|start
|switch|p1a: Incineroar|Incineroar, L50, F|100/100
|switch|p1b: Basculegion|Basculegion, L50, M|100/100
|switch|p2a: Volcarona|Volcarona, L50, F|100/100
|switch|p2b: Porygon2|Porygon2, L50|100/100
|-ability|p1a: Incineroar|Intimidate|boost
|-unboost|p2a: Volcarona|atk|1
|-unboost|p2b: Porygon2|atk|1
|-ability|p2b: Porygon2|Download|boost
|-boost|p2b: Porygon2|spa|1
|turn|1
|inactive|Gamma_90 has 30 seconds left.
|inactive|Gamma_90 has 20 seconds left.
|inactive|Gamma_90 has 15 seconds left.
|
|t:|1756666738
|move|p2a: Volcarona|Protect|p2a: Volcarona
|-singleturn|p2a: Volcarona|Protect
|move|p1a: Incineroar|Fake Out|p2a: Volcarona
|-activate|p2a: Volcarona|move: Protect
|move|p1b: Basculegion|Flip Turn|p2a: Volcarona
|-activate|p2a: Volcarona|move: Protect
|move|p2b: Porygon2|Trick Room|p2b: Porygon2
|-fieldstart|move: Trick Room|[of] p2b: Porygon2
|
|upkeep
|turn|2
|inactive|Gamma_90 has 30 seconds left.
|inactive|Gamma_90 has 20 seconds left.
|inactive|Gamma_90 has 15 seconds left.
|
|t:|1756666779
|-terastallize|p1a: Incineroar|Grass
|move|p2b: Porygon2|Tera Blast|p1b: Basculegion
|-immune|p1b: Basculegion
|move|p1a: Incineroar|Knock Off|p2a: Volcarona
|-damage|p2a: Volcarona|64/100
|-enditem|p2a: Volcarona|Sitrus Berry|[from] move: Knock Off|[of] p1a: Incineroar
|move|p2a: Volcarona|Overheat|p1b: Basculegion
|-resisted|p1b: Basculegion
|-damage|p1b: Basculegion|70/100
|-unboost|p2a: Volcarona|spa|2
|move|p1b: Basculegion|Flip Turn|p2a: Volcarona
|-supereffective|p2a: Volcarona
|-damage|p2a: Volcarona|0 fnt
|-status|p1b: Basculegion|brn|[from] ability: Flame Body|[of] p2a: Volcarona
|faint|p2a: Volcarona
|
|t:|1756666800
|switch|p1b: Sneasler|Sneasler, L50, M|100/100|[from] Flip Turn
|
|upkeep
|
|t:|1756666804
|switch|p2a: Ursaluna|Ursaluna, L50, F|100/100
|turn|3
|
|t:|1756666820
|switch|p1b: Basculegion|Basculegion, L50, M|70/100 brn
|move|p2a: Ursaluna|Protect|p2a: Ursaluna
|-singleturn|p2a: Ursaluna|Protect
|move|p2b: Porygon2|Ice Beam|p1a: Incineroar
|-supereffective|p1a: Incineroar
|-damage|p1a: Incineroar|36/100
|-enditem|p1a: Incineroar|Sitrus Berry|[eat]
|-heal|p1a: Incineroar|61/100|[from] item: Sitrus Berry
|move|p1a: Incineroar|Parting Shot|p2b: Porygon2
|-unboost|p2b: Porygon2|atk|1
|-unboost|p2b: Porygon2|spa|1
|
|t:|1756666832
|switch|p1a: Sneasler|Sneasler, L50, M|100/100|[from] Parting Shot
|
|-damage|p1b: Basculegion|64/100 brn|[from] brn
|-status|p2a: Ursaluna|brn|[from] item: Flame Orb
|upkeep
|turn|4
|inactive|Gamma_90 has 30 seconds left.
|
|t:|1756666865
|switch|p1b: Incineroar|Incineroar, L50, F, tera:Grass|61/100
|-ability|p1b: Incineroar|Intimidate|boost
|-unboost|p2a: Ursaluna|atk|1
|-unboost|p2b: Porygon2|atk|1
|-terastallize|p2a: Ursaluna|Ghost
|move|p1a: Sneasler|Fake Out|p2b: Porygon2
|-damage|p2b: Porygon2|92/100
|move|p2a: Ursaluna|Earthquake|p1a: Sneasler|[spread] p2b,p1a,p1b
|-supereffective|p1a: Sneasler
|-resisted|p1b: Incineroar
|-damage|p2b: Porygon2|64/100
|-enditem|p1a: Sneasler|Focus Sash
|-damage|p1a: Sneasler|1/100
|-damage|p1b: Incineroar|45/100
|cant|p2b: Porygon2|flinch
|
|-damage|p2a: Ursaluna|95/100 brn|[from] brn
|upkeep
|turn|5
|inactive|Gamma_90 has 30 seconds left.
|
|t:|1756666892
|switch|p1b: Basculegion|Basculegion, L50, M|64/100 brn
|move|p1a: Sneasler|Protect|p1a: Sneasler
|-singleturn|p1a: Sneasler|Protect
|move|p2a: Ursaluna|Facade|p1b: Basculegion
|-immune|p1b: Basculegion
|move|p2b: Porygon2|Ice Beam|p1b: Basculegion
|-resisted|p1b: Basculegion
|-damage|p1b: Basculegion|51/100 brn
|
|-damage|p2a: Ursaluna|89/100 brn|[from] brn
|-damage|p1b: Basculegion|45/100 brn|[from] brn
|-fieldend|move: Trick Room
|upkeep
|turn|6
|
|t:|1756666917
|switch|p2a: Gholdengo|Gholdengo, L50|100/100
|move|p1b: Basculegion|Flip Turn|p2b: Porygon2
|-damage|p2b: Porygon2|52/100
|
|t:|1756666925
|switch|p1b: Kingambit|Kingambit, L50, M|100/100|[from] Flip Turn
|move|p1a: Sneasler|Close Combat|p2b: Porygon2
|-supereffective|p2b: Porygon2
|-damage|p2b: Porygon2|0 fnt
|-unboost|p1a: Sneasler|def|1
|-unboost|p1a: Sneasler|spd|1
|faint|p2b: Porygon2
|
|upkeep
|
|t:|1756666935
|switch|p2b: Ursaluna|Ursaluna, L50, F, tera:Ghost|89/100 brn
|turn|7
|
|t:|1756666949
|move|p2a: Gholdengo|Protect|p2a: Gholdengo
|-singleturn|p2a: Gholdengo|Protect
|move|p1b: Kingambit|Protect|p1b: Kingambit
|-singleturn|p1b: Kingambit|Protect
|move|p1a: Sneasler|Dire Claw|p2b: Ursaluna
|-resisted|p2b: Ursaluna
|-damage|p2b: Ursaluna|73/100 brn
|move|p2b: Ursaluna|Earthquake|p1a: Sneasler|[spread] p1a
|-activate|p2a: Gholdengo|move: Protect
|-activate|p1b: Kingambit|move: Protect
|-supereffective|p1a: Sneasler
|-damage|p1a: Sneasler|0 fnt
|faint|p1a: Sneasler
|
|-damage|p2b: Ursaluna|68/100 brn|[from] brn
|upkeep
|
|t:|1756666959
|switch|p1a: Incineroar|Incineroar, L50, F, tera:Grass|45/100
|-ability|p1a: Incineroar|Intimidate|boost
|-unboost|p2a: Gholdengo|atk|1
|-unboost|p2b: Ursaluna|atk|1
|turn|8
|
|t:|1756666972
|move|p2a: Gholdengo|Protect||[still]
|-fail|p2a: Gholdengo
|move|p1b: Kingambit|Kowtow Cleave|p2b: Ursaluna
|-supereffective|p2b: Ursaluna
|-damage|p2b: Ursaluna|0 fnt
|faint|p2b: Ursaluna
|move|p1a: Incineroar|Flare Blitz|p2a: Gholdengo
|-supereffective|p2a: Gholdengo
|-damage|p2a: Gholdengo|12/100
|-damage|p1a: Incineroar|19/100|[from] Recoil
|
|upkeep
|turn|9
|-message|Gamma_90 forfeited.
|
|win|Gurrasnurra5
||Gamma_90 is ready for game 2.
||Gurrasnurra5 is ready for game 2.
|uhtml|next|Next: Game 2 of 3
|l|☆Gurrasnurra5
|player|p1|
