|j|вҳҶar1stoteles vgc
|j|вҳҶMrTedno
|html|ar1stoteles vgcMrTedno    
|uhtml|bestof|Game 2 of a best-of-3
|t:|1756387072
|gametype|doubles
|player|p1|ar1stoteles vgc|wallace|1171
|player|p2|MrTedno|2|1180
|gen|9
|tier|[Gen 9] VGC 2025 Reg H (Bo3)
|rated|
|rule|Species Clause: Limit one of each PokГ©mon
|rule|Item Clause: Limit 1 of each item
|clearpoke
|poke|p1|Indeedee-F, L50, F|
|poke|p1|Hatterene, L50, F|
|poke|p1|Gallade, L50, M|
|poke|p1|Ursaluna, L50, M|
|poke|p1|Lilligant-Hisui, L50, F|
|poke|p1|Torkoal, L50, M|
|poke|p2|Dondozo, L50, F|
|poke|p2|Tatsugiri, L50, M|
|poke|p2|Politoed, L50, F|
|poke|p2|Archaludon, L50, M|
|poke|p2|Amoonguss, L50, F|
|poke|p2|Overqwil, L50, M|
|teampreview|4
|showteam|p1|Indeedee-F||PsychicSeed|PsychicSurge|TrickRoom,FollowMe,HelpingHand,DazzlingGleam|||F|||50|,,,,,Fire]Hatterene||LifeOrb|MagicBounce|ExpandingForce,TrickRoom,DazzlingGleam,Protect|||F|||50|,,,,,Psychic]Gallade||ClearAmulet|Sharpness|PsychoCut,TrickRoom,SacredSword,WideGuard|||M|||50|,,,,,Grass]Ursaluna||FlameOrb|Guts|HeadlongRush,Facade,SwordsDance,Protect|||M|||50|,,,,,Ghost]Lilligant-Hisui||FocusSash|Chlorophyll|SolarBlade,SleepPowder,CloseCombat,AfterYou|||F|||50|,,,,,Ghost]Torkoal||ChoiceSpecs|Drought|Eruption,HeatWave,WeatherBall,EarthPower|||M|||50|,,,,,Fire
|showteam|p2|Dondozo||LifeOrb|Unaware|Surf,Protect,SleepTalk|||F|||50|,,,,,Water]Tatsugiri||FocusSash|Commander|DracoMeteor,Protect,MuddyWater,Taunt|||M|||50|,,,,,Stellar]Politoed||SitrusBerry|Drizzle|WeatherBall,IceBeam,Haze,Protect|||F|||50|,,,,,Steel]Archaludon||AssaultVest|Stamina|BodyPress,ElectroShot,DragonPulse,FlashCannon|||M|||50|,,,,,Grass]Amoonguss||RockyHelmet|Regenerator|Spore,RagePowder,PollenPuff,Protect|||F|||50|,,,,,Fairy]Overqwil||ChoiceBand|SwiftSwim|PoisonJab,ThroatChop,Liquidation,PinMissile|||M|||50|,,,,,Ghost
|inactive|Battle timer is ON: inactive players will automatically lose when time's up. (requested by ar1stoteles vgc)
|inactive|ar1stoteles vgc has 60 seconds left.
|
|t:|1756387131
|teamsize|p1|4
|teamsize|p2|4
|start
|switch|p1a: зҙ«з«Ҫи¶…еҸҜж„ӣ|Indeedee-F, L50, F, shiny|100/100
|switch|p1b: зҙ«з«Ҫж•ІеҸҜж„ӣ|Hatterene, L50, F, shiny|100/100
|switch|p2a: Shellington|Overqwil, L50, M|100/100
|switch|p2b: Peso|Tatsugiri, L50, M|100/100
|-fieldstart|move: Psychic Terrain|[from] ability: Psychic Surge|[of] p1a: зҙ«з«Ҫи¶…еҸҜж„ӣ
|-enditem|p1a: зҙ«з«Ҫи¶…еҸҜж„ӣ|Psychic Seed
|-boost|p1a: зҙ«з«Ҫи¶…еҸҜж„ӣ|spd|1|[from] item: Psychic Seed
|turn|1
|
|t:|1756387151
|move|p1a: зҙ«з«Ҫи¶…еҸҜж„ӣ|Follow Me|p1a: зҙ«з«Ҫи¶…еҸҜж„ӣ
|-singleturn|p1a: зҙ«з«Ҫи¶…еҸҜж„ӣ|move: Follow Me
|move|p2a: Shellington|Poison Jab|p1a: зҙ«з«Ҫи¶…еҸҜж„ӣ
|-damage|p1a: зҙ«з«Ҫи¶…еҸҜж„ӣ|41/100
|move|p2b: Peso|Taunt|p1a: зҙ«з«Ҫи¶…еҸҜж„ӣ
|-start|p1a: зҙ«з«Ҫи¶…еҸҜж„ӣ|move: Taunt
|move|p1b: зҙ«з«Ҫж•ІеҸҜж„ӣ|Dazzling Gleam|p2b: Peso|[spread] p2a,p2b
|-supereffective|p2b: Peso
|-damage|p2a: Shellington|33/100
|-enditem|p2b: Peso|Focus Sash
|-damage|p2b: Peso|1/100
|-damage|p1b: зҙ«з«Ҫж•ІеҸҜж„ӣ|91/100|[from] item: Life Orb
|
|upkeep
|turn|2
|inactive|MrTedno has 30 seconds left.
|
|t:|1756387183
|switch|p2b: Tweak|Politoed, L50, F|100/100
|-weather|RainDance|[from] ability: Drizzle|[of] p2b: Tweak
|move|p1b: зҙ«з«Ҫж•ІеҸҜж„ӣ|Protect|p1b: зҙ«з«Ҫж•ІеҸҜж„ӣ
|-singleturn|p1b: зҙ«з«Ҫж•ІеҸҜж„ӣ|Protect
|move|p2a: Shellington|Poison Jab|p1b: зҙ«з«Ҫж•ІеҸҜж„ӣ
|-activate|p1b: зҙ«з«Ҫж•ІеҸҜж„ӣ|move: Protect
|move|p1a: зҙ«з«Ҫи¶…еҸҜж„ӣ|Dazzling Gleam|p2a: Shellington|[spread] p2a,p2b
|-damage|p2a: Shellington|13/100
|-damage|p2b: Tweak|90/100
|
|-weather|RainDance|[upkeep]
|upkeep
|turn|3
|inactive|ar1stoteles vgc has 30 seconds left.
|inactive|ar1stoteles vgc has 20 seconds left.
|inactive|ar1stoteles vgc has 15 seconds left.
|inactive|ar1stoteles vgc has 10 seconds left.
|
|t:|1756387232
|-terastallize|p1b: зҙ«з«Ҫж•ІеҸҜж„ӣ|Psychic
|move|p2a: Shellington|Poison Jab|p1b: зҙ«з«Ҫж•ІеҸҜж„ӣ
|-damage|p1b: зҙ«з«Ҫж•ІеҸҜж„ӣ|24/100
|move|p2b: Tweak|Weather Ball|p1b: зҙ«з«Ҫж•ІеҸҜж„ӣ
|-damage|p1b: зҙ«з«Ҫж•ІеҸҜж„ӣ|0 fnt
|faint|p1b: зҙ«з«Ҫж•ІеҸҜж„ӣ
|move|p1a: зҙ«з«Ҫи¶…еҸҜж„ӣ|Dazzling Gleam|p2b: Tweak|[spread] p2a,p2b
|-damage|p2a: Shellington|0 fnt
|-damage|p2b: Tweak|81/100
|faint|p2a: Shellington
|
|-weather|RainDance|[upkeep]
|upkeep
|
|t:|1756387243
|switch|p2a: Kwazii|Dondozo, L50, F|100/100
|switch|p1b: зҙ«з«ҪеҘҪеҸҜж„ӣ|Lilligant-Hisui, L50, F, shiny|100/100
|turn|4
|inactive|MrTedno has 30 seconds left.
|
|t:|1756387278
|move|p2a: Kwazii|Protect|p2a: Kwazii
|-singleturn|p2a: Kwazii|Protect
|move|p1b: зҙ«з«ҪеҘҪеҸҜж„ӣ|Sleep Powder|p2a: Kwazii
|-activate|p2a: Kwazii|move: Protect
|move|p2b: Tweak|Ice Beam|p1b: зҙ«з«ҪеҘҪеҸҜж„ӣ
|-supereffective|p1b: зҙ«з«ҪеҘҪеҸҜж„ӣ
|-damage|p1b: зҙ«з«ҪеҘҪеҸҜж„ӣ|36/100
|move|p1a: зҙ«з«Ҫи¶…еҸҜж„ӣ|Dazzling Gleam|p2b: Tweak|[spread] p2b
|-activate|p2a: Kwazii|move: Protect
|-damage|p2b: Tweak|71/100
|
|-weather|RainDance|[upkeep]
|-end|p1a: зҙ«з«Ҫи¶…еҸҜж„ӣ|move: Taunt
|upkeep
|turn|5
|
|t:|1756387295
|switch|p2b: Peso|Tatsugiri, L50, M|1/100
|-activate|p2b: Peso|ability: Commander|[of] p2a: Kwazii
|-boost|p2a: Kwazii|atk|2
|-boost|p2a: Kwazii|spa|2
|-boost|p2a: Kwazii|spe|2
|-boost|p2a: Kwazii|def|2
|-boost|p2a: Kwazii|spd|2
|-terastallize|p2a: Kwazii|Water
|move|p1a: зҙ«з«Ҫи¶…еҸҜж„ӣ|Follow Me|p1a: зҙ«з«Ҫи¶…еҸҜж„ӣ
|-singleturn|p1a: зҙ«з«Ҫи¶…еҸҜж„ӣ|move: Follow Me
|move|p2a: Kwazii|Surf|p1b: зҙ«з«ҪеҘҪеҸҜж„ӣ|[spread] p1a,p1b
|-miss|p2a: Kwazii|p2b: Peso
|-resisted|p1b: зҙ«з«ҪеҘҪеҸҜж„ӣ
|-damage|p1a: зҙ«з«Ҫи¶…еҸҜж„ӣ|0 fnt
|-damage|p1b: зҙ«з«ҪеҘҪеҸҜж„ӣ|0 fnt
|faint|p1a: зҙ«з«Ҫи¶…еҸҜж„ӣ
|faint|p1b: зҙ«з«ҪеҘҪеҸҜж„ӣ
|-damage|p2a: Kwazii|91/100|[from] item: Life Orb
|
|-weather|RainDance|[upkeep]
|-fieldend|move: Psychic Terrain
|upkeep
|-message|ar1stoteles vgc forfeited.
|
|win|MrTedno
||ar1stoteles vgc is ready for game 3.
|inactive|MrTedno has 30 seconds to confirm battle start!
||MrTedno is ready for game 3.
|uhtml|next|Next: Game 3 of 3
|l|вҳҶar1stoteles vgc
|player|p1|
|l|вҳҶMrTedno
|player|p2|
|j|вҳҶMrTedno
|player|p2|MrTedno|2|
