|j|☆norganic_snsrr
|j|☆apolloquibs
|html|norganic_snsrrapolloquibs    
|uhtml|bestof|Game 1 of a best-of-3
|t:|1782437207
|gametype|doubles
|player|p1|norganic_snsrr|pokefan|1212
|player|p2|apolloquibs|2|1103
|gen|9
|tier|[Gen 9 Champions] VGC 2026 Reg M-B (Bo3)
|rated|
|rule|Species Clause: Limit one of each Pokémon
|rule|Item Clause: Limit 1 of each item
|clearpoke
|poke|p1|Annihilape, L50, M, shiny|
|poke|p1|Whimsicott, L50, F, shiny|
|poke|p1|Milotic, L50, M|
|poke|p1|Hydreigon, L50, M|
|poke|p1|Kingambit, L50, F|
|poke|p1|Mawile, L50, F|
|poke|p2|Delphox, L50, F|
|poke|p2|Staraptor, L50, M|
|poke|p2|Maushold-Four, L50|
|poke|p2|Sinistcha-Masterpiece, L50|
|poke|p2|Basculegion, L50, M|
|poke|p2|Sneasler, L50, M|
|teampreview|4
|showteam|p1|Annihilape||Leftovers|InnerFocus|RageFist,BulkUp,DrainPunch,Protect|Careful||M|||50|]Whimsicott||FocusSash|Prankster|BeatUp,Tailwind,Moonblast,Encore|Timid||F|||50|]Milotic||SitrusBerry|Competitive|Scald,IceBeam,Recover,Protect|Serious||M|||50|]Hydreigon||LifeOrb|Levitate|DarkPulse,DragonPulse,EarthPower,Protect|Timid||M|||50|]Kingambit||ChopleBerry|Defiant|KowtowCleave,SuckerPunch,IronHead,Protect|Adamant||F|||50|]Mawile||Mawilite|Intimidate|PlayRough,IronHead,SuckerPunch,Protect|Adamant||F|||50|
|showteam|p2|Delphox||Delphoxite|Blaze|HeatWave,Psyshock,CalmMind,Protect|Timid||F|||50|]Staraptor||Staraptite|Intimidate|CloseCombat,BraveBird,Roost,Protect|Adamant||M|||50|]Maushold-Four||SitrusBerry|FriendGuard|SuperFang,FollowMe,Charm,Protect|Timid|||||50|]Sinistcha-Masterpiece||OccaBerry|Hospitality|MatchaGotcha,RagePowder,LifeDew,Protect|Calm|||||50|]Basculegion||ChoiceScarf|Adaptability|WaveCrash,LastRespects,AquaJet,FlipTurn|Jolly||M|||50|]Sneasler||FocusSash|PoisonTouch|DireClaw,CloseCombat,FakeOut,Protect|Jolly||M|||50|
|
|t:|1782437291
|teamsize|p1|4
|teamsize|p2|4
|start
|switch|p1a: Annihilape|Annihilape, L50, M, shiny|100/100
|switch|p1b: Whimsicott|Whimsicott, L50, F, shiny|100/100
|switch|p2a: Staraptor|Staraptor, L50, M|100/100
|switch|p2b: Maushold|Maushold-Four, L50|100/100
|-ability|p2a: Staraptor|Intimidate|boost
|-fail|p1a: Annihilape|unboost|Attack|[from] ability: Inner Focus|[of] p1a: Annihilape
|-unboost|p1b: Whimsicott|atk|1
|turn|1
|
|t:|1782437339
|detailschange|p2a: Staraptor|Staraptor-Mega, L50, M
|-mega|p2a: Staraptor|Staraptor|Staraptite
|move|p1b: Whimsicott|Tailwind|p1b: Whimsicott
|-sidestart|p1: norganic_snsrr|move: Tailwind
|move|p1a: Annihilape|Bulk Up|p1a: Annihilape
|-boost|p1a: Annihilape|atk|1
|-boost|p1a: Annihilape|def|1
|move|p2b: Maushold|Super Fang|p1b: Whimsicott
|-damage|p1b: Whimsicott|50/100g
|move|p2a: Staraptor|Close Combat|p1b: Whimsicott
|-resisted|p1b: Whimsicott|1
|-damage|p1b: Whimsicott|0 fnt
|-boost|p2a: Staraptor|def|1
|-boost|p2a: Staraptor|spd|1
|faint|p1b: Whimsicott
|
|upkeep
|
|t:|1782437354
|switch|p1b: Milotic|Milotic, L50, M|100/100
|turn|2
|
|t:|1782437364
|move|p2b: Maushold|Follow Me|p2b: Maushold
|-singleturn|p2b: Maushold|move: Follow Me
|move|p1a: Annihilape|Drain Punch|p2b: Maushold
|-supereffective|p2b: Maushold|1
|-damage|p2b: Maushold|0 fnt
|faint|p2b: Maushold
|move|p1b: Milotic|Ice Beam|p2a: Staraptor
|-supereffective|p2a: Staraptor|1
|-damage|p2a: Staraptor|65/100
|move|p2a: Staraptor|Brave Bird|p1a: Annihilape
|-supereffective|p1a: Annihilape|1
|-damage|p1a: Annihilape|19/100
|-damage|p2a: Staraptor|31/100|[from] Recoil
|
|-heal|p1a: Annihilape|25/100|[from] item: Leftovers
|upkeep
|
|t:|1782437380
|switch|p2b: Sinistcha|Sinistcha-Masterpiece, L50|100/100
|-heal|p2a: Staraptor|56/100|[from] ability: Hospitality|[of] p2b: Sinistcha
|turn|3
|
|t:|1782437391
|move|p2a: Staraptor|Protect|p2a: Staraptor
|-singleturn|p2a: Staraptor|Protect
|move|p1a: Annihilape|Rage Fist|p2b: Sinistcha
|-supereffective|p2b: Sinistcha|1
|-damage|p2b: Sinistcha|0 fnt
|faint|p2b: Sinistcha
|move|p1b: Milotic|Ice Beam|p2a: Staraptor
|-activate|p2a: Staraptor|move: Protect
|
|-heal|p1a: Annihilape|31/100|[from] item: Leftovers
|upkeep
|
|t:|1782437400
|switch|p2b: Sneasler|Sneasler, L50, M|100/100
|turn|4
|
|t:|1782437413
|move|p1b: Milotic|Protect|p1b: Milotic
|-singleturn|p1b: Milotic|Protect
|move|p2b: Sneasler|Fake Out|p1b: Milotic
|-activate|p1b: Milotic|move: Protect
|move|p1a: Annihilape|Rage Fist|p2b: Sneasler
|-enditem|p2b: Sneasler|Focus Sash
|-damage|p2b: Sneasler|1/100
|move|p2a: Staraptor|Brave Bird|p1a: Annihilape
|-supereffective|p1a: Annihilape|1
|-crit|p1a: Annihilape
|-damage|p1a: Annihilape|0 fnt
|faint|p1a: Annihilape
|-damage|p2a: Staraptor|43/100|[from] Recoil
|
|-sideend|p1: norganic_snsrr|move: Tailwind
|upkeep
|
|t:|1782437428
|switch|p1a: Hydreigon|Hydreigon, L50, M|100/100
|turn|5
|
|t:|1782437451
|move|p2b: Sneasler|Close Combat|p1a: Hydreigon
|-supereffective|p1a: Hydreigon|1
|-damage|p1a: Hydreigon|0 fnt
|-unboost|p2b: Sneasler|def|1
|-unboost|p2b: Sneasler|spd|1
|faint|p1a: Hydreigon
|move|p2a: Staraptor|Close Combat|p1b: Milotic
|-damage|p1b: Milotic|33/100
|-boost|p2a: Staraptor|def|1
|-boost|p2a: Staraptor|spd|1
|-enditem|p1b: Milotic|Sitrus Berry|[eat]
|-heal|p1b: Milotic|57/100|[from] item: Sitrus Berry
|move|p1b: Milotic|Ice Beam|p2a: Staraptor
|-supereffective|p2a: Staraptor|1
|-damage|p2a: Staraptor|14/100
|
|upkeep
|turn|6
|
|t:|1782437465
|move|p2b: Sneasler|Dire Claw|p1b: Milotic
|-damage|p1b: Milotic|23/100
|-status|p1b: Milotic|psn
|move|p2a: Staraptor|Close Combat|p1b: Milotic
|-damage|p1b: Milotic|0 fnt
|-boost|p2a: Staraptor|def|1
|-boost|p2a: Staraptor|spd|1
|faint|p1b: Milotic
|
|win|apolloquibs
||norganic_snsrr is ready for game 2.
|inactive|apolloquibs has 30 seconds to confirm battle start!
|inactive|apolloquibs has 20 seconds to confirm battle start!
||apolloquibs is ready for game 2.
|uhtml|next|Next: Game 2 of 3
|l|☆norganic_snsrr
|player|p1|
