|j|☆marcosdeltasena31
|j|☆UntilBreakingFree
|html|marcosdeltasena31UntilBreakingFree    
|uhtml|bestof|Game 3 of a best-of-3
|t:|1755646244
|gametype|doubles
|player|p1|marcosdeltasena31|hilbert|1383
|player|p2|UntilBreakingFree|gambler|1354
|gen|9
|tier|[Gen 9] VGC 2025 Reg H (Bo3)
|rated|
|rule|Species Clause: Limit one of each Pokémon
|rule|Item Clause: Limit 1 of each item
|clearpoke
|poke|p1|Dragonite, L50, F|
|poke|p1|Sneasler, L50, F|
|poke|p1|Volcarona, L50, F|
|poke|p1|Rillaboom, L50, M|
|poke|p1|Kingambit, L50, F|
|poke|p1|Electabuzz, L50, F|
|poke|p2|Charizard, L50, M|
|poke|p2|Salamence, L50, M|
|poke|p2|Sneasler, L50, F|
|poke|p2|Indeedee, L50, M|
|poke|p2|Ursaluna-Bloodmoon, L50, M|
|poke|p2|Whimsicott, L50, F|
|teampreview|4
|showteam|p1|Dragonite||LoadedDice|Multiscale|ScaleShot,ExtremeSpeed,Haze,Protect|||F|||50|,,,,,Fairy]Sneasler||FocusSash|PoisonTouch|DireClaw,CloseCombat,FakeOut,Coaching|||F|||50|,,,,,Ghost]Volcarona||CovertCloak|FlameBody|HeatWave,TeraBlast,QuiverDance,Protect|||F|||50|,,,,,Fairy]Rillaboom||AssaultVest|GrassySurge|WoodHammer,FakeOut,GrassyGlide,HighHorsepower|||M|||50|,,,,,Fire]Kingambit||BlackGlasses|Defiant|KowtowCleave,SwordsDance,SuckerPunch,Protect|||F|||50|,,,,,Dark]Electabuzz||Eviolite|VitalSpirit|Electroweb,FollowMe,Taunt,Protect|||F|||50|,,,,,Ghost
|showteam|p2|Charizard||ChoiceSpecs|SolarPower|HeatWave,Overheat,WeatherBall,SolarBeam|||M|||50|,,,,,Ghost]Salamence||SafetyGoggles|Intimidate|DragonClaw,DualWingbeat,IronHead,Protect|||M|||50|,,,,,Steel]Sneasler||PsychicSeed|Unburden|DireClaw,CloseCombat,ThroatChop,Protect|||F|||50|,,,,,Dark]Indeedee||FocusSash|PsychicSurge|ExpandingForce,TeraBlast,TrickRoom,Imprison|||M|||50|,,,,,Psychic]Ursaluna-Bloodmoon||LifeOrb|MindsEye|BloodMoon,HyperVoice,EarthPower,Protect|||M|||50|,,,,,Normal]Whimsicott||CovertCloak|Prankster|Moonblast,Tailwind,Tickle,SunnyDay|||F|||50|,,,,,Poison
|
|t:|1755646283
|teamsize|p1|4
|teamsize|p2|4
|start
|switch|p1a: Volcarona|Volcarona, L50, F|100/100
|switch|p1b: Electabuzz|Electabuzz, L50, F|100/100
|switch|p2a: Shāhmat|Ursaluna-Bloodmoon, L50, M|100/100
|switch|p2b: Rudra|Salamence, L50, M|100/100
|-ability|p2b: Rudra|Intimidate|boost
|-unboost|p1a: Volcarona|atk|1
|-unboost|p1b: Electabuzz|atk|1
|turn|1
|
|t:|1755646297
|move|p1b: Electabuzz|Follow Me|p1b: Electabuzz
|-singleturn|p1b: Electabuzz|move: Follow Me
|move|p2b: Rudra|Dual Wingbeat|p1b: Electabuzz
|-resisted|p1b: Electabuzz
|-damage|p1b: Electabuzz|92/100
|-resisted|p1b: Electabuzz
|-damage|p1b: Electabuzz|84/100
|-hitcount|p1b: Electabuzz|2
|move|p1a: Volcarona|Quiver Dance|p1a: Volcarona
|-boost|p1a: Volcarona|spa|1
|-boost|p1a: Volcarona|spd|1
|-boost|p1a: Volcarona|spe|1
|move|p2a: Shāhmat|Earth Power|p1b: Electabuzz
|-supereffective|p1b: Electabuzz
|-damage|p1b: Electabuzz|0 fnt
|faint|p1b: Electabuzz
|-damage|p2a: Shāhmat|91/100|[from] item: Life Orb
|
|upkeep
|
|t:|1755646307
|switch|p1b: Dragonite|Dragonite, L50, F|100/100
|turn|2
|
|t:|1755646321
|-terastallize|p1a: Volcarona|Fairy
|move|p2b: Rudra|Protect|p2b: Rudra
|-singleturn|p2b: Rudra|Protect
|move|p2a: Shāhmat|Protect|p2a: Shāhmat
|-singleturn|p2a: Shāhmat|Protect
|move|p1a: Volcarona|Heat Wave|p2b: Rudra|[spread] 
|-activate|p2a: Shāhmat|move: Protect
|-activate|p2b: Rudra|move: Protect
|move|p1b: Dragonite|Scale Shot|p2a: Shāhmat
|-activate|p2a: Shāhmat|move: Protect
|
|upkeep
|turn|3
|
|t:|1755646337
|move|p1a: Volcarona|Heat Wave|p2b: Rudra|[spread] p2a,p2b
|-resisted|p2b: Rudra
|-damage|p2a: Shāhmat|19/100
|-damage|p2b: Rudra|68/100
|move|p2b: Rudra|Iron Head|p1a: Volcarona
|-supereffective|p1a: Volcarona
|-damage|p1a: Volcarona|31/100
|move|p1b: Dragonite|Scale Shot|p2b: Rudra|[miss]
|-miss|p1b: Dragonite|p2b: Rudra
|move|p2a: Shāhmat|Hyper Voice|p1b: Dragonite|[spread] p1a,p1b
|-damage|p1a: Volcarona|0 fnt
|-damage|p1b: Dragonite|77/100
|faint|p1a: Volcarona
|-damage|p2a: Shāhmat|9/100|[from] item: Life Orb
|
|upkeep
|
|t:|1755646346
|switch|p1a: Rillaboom|Rillaboom, L50, M|100/100
|-fieldstart|move: Grassy Terrain|[from] ability: Grassy Surge|[of] p1a: Rillaboom
|turn|4
|
|t:|1755646368
|switch|p2a: Xavier|Indeedee, L50, M|100/100
|-fieldstart|move: Psychic Terrain|[from] ability: Psychic Surge|[of] p2a: Xavier
|-terastallize|p2b: Rudra|Steel
|move|p2b: Rudra|Dual Wingbeat|p1a: Rillaboom
|-supereffective|p1a: Rillaboom
|-damage|p1a: Rillaboom|65/100
|-supereffective|p1a: Rillaboom
|-damage|p1a: Rillaboom|27/100
|-hitcount|p1a: Rillaboom|2
|move|p1b: Dragonite|Scale Shot|p2b: Rudra
|-resisted|p2b: Rudra
|-damage|p2b: Rudra|59/100
|-resisted|p2b: Rudra
|-damage|p2b: Rudra|49/100
|-resisted|p2b: Rudra
|-damage|p2b: Rudra|39/100
|-resisted|p2b: Rudra
|-damage|p2b: Rudra|30/100
|-hitcount|p2b: Rudra|4
|-unboost|p1b: Dragonite|def|1
|-boost|p1b: Dragonite|spe|1
|move|p1a: Rillaboom|Wood Hammer|p2a: Xavier
|-crit|p2a: Xavier
|-enditem|p2a: Xavier|Focus Sash
|-damage|p2a: Xavier|1/100
|-damage|p1a: Rillaboom|6/100|[from] Recoil
|
|upkeep
|turn|5
|
|t:|1755646390
|move|p1b: Dragonite|Scale Shot|p2a: Xavier
|-damage|p2a: Xavier|0 fnt
|faint|p2a: Xavier
|-hitcount|p2: Xavier|1
|-unboost|p1b: Dragonite|def|1
|-boost|p1b: Dragonite|spe|1
|move|p2b: Rudra|Dual Wingbeat|p1a: Rillaboom
|-supereffective|p1a: Rillaboom
|-damage|p1a: Rillaboom|0 fnt
|faint|p1a: Rillaboom
|-hitcount|p1: Rillaboom|1
|
|upkeep
|
|t:|1755646398
|switch|p2a: D'oro|Sneasler, L50, F|100/100
|-enditem|p2a: D'oro|Psychic Seed
|-boost|p2a: D'oro|spd|1|[from] item: Psychic Seed
|turn|6
|inactive|Battle timer is ON: inactive players will automatically lose when time's up. (requested by UntilBreakingFree)
|
|t:|1755646409
|move|p1b: Dragonite|Protect|p1b: Dragonite
|-singleturn|p1b: Dragonite|Protect
|move|p2a: D'oro|Dire Claw|p1b: Dragonite
|-activate|p1b: Dragonite|move: Protect
|move|p2b: Rudra|Dragon Claw|p1b: Dragonite
|-activate|p1b: Dragonite|move: Protect
|
|upkeep
|turn|7
|
|t:|1755646416
|move|p2a: D'oro|Dire Claw|p1b: Dragonite
|-damage|p1b: Dragonite|0 fnt
|faint|p1b: Dragonite
|
|win|UntilBreakingFree
|raw|marcosdeltasena31's rating: 1383 → 1361(-22 for losing)
|raw|UntilBreakingFree's rating: 1354 → 1376(+22 for winning)
|l|☆UntilBreakingFree
|player|p2|
