|j|☆Tajinvgc3
|j|☆chante_tm
|html|Tajinvgc3chante_tm    
|uhtml|bestof|Game 2 of a best-of-3
|t:|1783898165
|gametype|doubles
|player|p1|Tajinvgc3|102|1000
|player|p2|chante_tm|aromalady|1000
|gen|9
|tier|[Gen 9 Champions] VGC 2026 Reg M-B (Bo3)
|rated|
|rule|Species Clause: Limit one of each Pokémon
|rule|Item Clause: Limit 1 of each item
|clearpoke
|poke|p1|Venusaur, L50, M, shiny|
|poke|p1|Charizard, L50, F, shiny|
|poke|p1|Pelipper, L50, M, shiny|
|poke|p1|Grimmsnarl, L50, M, shiny|
|poke|p1|Archaludon, L50, F, shiny|
|poke|p1|Basculegion, L50, M|
|poke|p2|Metagross, L50|
|poke|p2|Pelipper, L50, F|
|poke|p2|Archaludon, L50, M|
|poke|p2|Swampert, L50, F|
|poke|p2|Sinistcha, L50|
|poke|p2|Grimmsnarl, L50, M|
|teampreview|4
|showteam|p1|Venusaur||FocusSash|Chlorophyll|Protect,SludgeBomb,EarthPower,SleepPowder|Modest||M|||50|]Charizard||CharizarditeY|Blaze|Protect,HeatWave,WeatherBall,SolarBeam|Modest||F|||50|]Pelipper||SitrusBerry|Drizzle|Hurricane,Tailwind,WeatherBall,WideGuard|Modest||M|||50|]Grimmsnarl||LightClay|Prankster|SpiritBreak,Reflect,LightScreen,PartingShot|Sassy||M|||50|]Archaludon||Leftovers|Stamina|ElectroShot,Protect,DragonPulse,FlashCannon|Calm||F|||50|]Basculegion||LifeOrb|Adaptability|WaveCrash,AquaJet,Protect,LastRespects|Adamant||M|||50|
|showteam|p2|Metagross||Metagrossite|ClearBody|MeteorMash,RockTomb,BulletPunch,StompingTantrum|Jolly|||||50|]Pelipper||DampRock|Drizzle|WeatherBall,Protect,Tailwind,Hurricane|Bold||F|||50|]Archaludon||Leftovers|Stamina|FlashCannon,Protect,ElectroShot,DragonPulse|Timid||M|||50|]Swampert||Swampertite|Torrent|WaveCrash,Protect,IceBeam,HighHorsepower|Sassy||F|||50|]Sinistcha||SitrusBerry|Hospitality|MatchaGotcha,Protect,RagePowder,LifeDew|Bold|||||50|]Grimmsnarl||RoseliBerry|Prankster|FoulPlay,Reflect,LightScreen,PartingShot|Calm||M|||50|
|inactive|Battle timer is ON: inactive players will automatically lose when time's up. (requested by Tajinvgc3)
|inactive|Tajinvgc3 has 60 seconds left.
|
|t:|1783898219
|teamsize|p1|4
|teamsize|p2|4
|start
|switch|p1a: Grimmsnarl|Grimmsnarl, L50, M, shiny|100/100
|switch|p1b: Basculegion|Basculegion, L50, M|100/100
|switch|p2a: Swampert|Swampert, L50, F|100/100
|switch|p2b: Grimmsnarl|Grimmsnarl, L50, M|100/100
|turn|1
|
|t:|1783898242
|move|p2a: Swampert|Protect|p2a: Swampert
|-singleturn|p2a: Swampert|Protect
|move|p2b: Grimmsnarl|Parting Shot|p1b: Basculegion
|-unboost|p1b: Basculegion|atk|1
|-unboost|p1b: Basculegion|spa|1
|
|t:|1783898250
|switch|p2b: Metagross|Metagross, L50|100/100|[from] Parting Shot
|move|p1a: Grimmsnarl|Reflect|p1a: Grimmsnarl
|-sidestart|p1: Tajinvgc3|Reflect
|move|p1b: Basculegion|Wave Crash|p2b: Metagross
|-damage|p2b: Metagross|36/100
|-damage|p1b: Basculegion|83/100|[from] Recoil
|-damage|p1b: Basculegion|73/100|[from] item: Life Orb
|
|upkeep
|turn|2
|
|t:|1783898275
|detailschange|p2b: Metagross|Metagross-Mega, L50
|-mega|p2b: Metagross|Metagross|Metagrossite
|move|p1a: Grimmsnarl|Parting Shot|p2a: Swampert
|-unboost|p2a: Swampert|atk|1
|-unboost|p2a: Swampert|spa|1
|
|t:|1783898280
|switch|p1a: Archaludon|Archaludon, L50, F, shiny|100/100|[from] Parting Shot
|move|p2b: Metagross|Meteor Mash|p1a: Archaludon
|-resisted|p1a: Archaludon|1
|-damage|p1a: Archaludon|85/100
|-boost|p2b: Metagross|atk|1
|-ability|p1a: Archaludon|Stamina|boost
|-boost|p1a: Archaludon|def|1
|move|p1b: Basculegion|Wave Crash|p2a: Swampert
|-damage|p2a: Swampert|39/100
|-damage|p1b: Basculegion|53/100|[from] Recoil
|-damage|p1b: Basculegion|43/100|[from] item: Life Orb
|move|p2a: Swampert|High Horsepower|p1b: Basculegion|[miss]
|-miss|p2a: Swampert|p1b: Basculegion
|
|-heal|p1a: Archaludon|91/100|[from] item: Leftovers
|upkeep
|turn|3
|inactive|Tajinvgc3 has 30 seconds left.
|inactive|chante_tm has 30 seconds left.
|inactive|Tajinvgc3 has 20 seconds left.
|inactive|Tajinvgc3 has 15 seconds left.
|inactive|Tajinvgc3 has 10 seconds left.
|
|t:|1783898325
|switch|p1b: Grimmsnarl|Grimmsnarl, L50, M, shiny|100/100
|move|p2b: Metagross|Stomping Tantrum|p1a: Archaludon
|-supereffective|p1a: Archaludon|1
|-damage|p1a: Archaludon|53/100
|-ability|p1a: Archaludon|Stamina|boost
|-boost|p1a: Archaludon|def|1
|move|p1a: Archaludon|Dragon Pulse|p2a: Swampert
|-damage|p2a: Swampert|16/100
|move|p2a: Swampert|Ice Beam|p1a: Archaludon
|-damage|p1a: Archaludon|43/100
|-ability|p1a: Archaludon|Stamina|boost
|-boost|p1a: Archaludon|def|1
|
|-heal|p1a: Archaludon|49/100|[from] item: Leftovers
|upkeep
|turn|4
|inactive|Tajinvgc3 has 30 seconds left.
|
|t:|1783898356
|move|p1a: Archaludon|Protect|p1a: Archaludon
|-singleturn|p1a: Archaludon|Protect
|move|p2a: Swampert|Protect|p2a: Swampert
|-singleturn|p2a: Swampert|Protect
|move|p2b: Metagross|Bullet Punch|p1b: Grimmsnarl
|-supereffective|p1b: Grimmsnarl|1
|-damage|p1b: Grimmsnarl|40/100
|move|p1b: Grimmsnarl|Parting Shot|p2b: Metagross
|-unboost|p2b: Metagross|atk|1
|-unboost|p2b: Metagross|spa|1
|
|t:|1783898368
|switch|p1b: Basculegion|Basculegion, L50, M|43/100|[from] Parting Shot
|
|-heal|p1a: Archaludon|55/100|[from] item: Leftovers
|upkeep
|turn|5
|
|t:|1783898385
|move|p1b: Basculegion|Aqua Jet|p2b: Metagross
|-damage|p2b: Metagross|8/100
|-damage|p1b: Basculegion|34/100|[from] item: Life Orb
|move|p2b: Metagross|Stomping Tantrum|p1a: Archaludon
|-supereffective|p1a: Archaludon|1
|-damage|p1a: Archaludon|39/100
|-ability|p1a: Archaludon|Stamina|boost
|-boost|p1a: Archaludon|def|1
|move|p1a: Archaludon|Dragon Pulse|p2a: Swampert
|-damage|p2a: Swampert|0 fnt
|faint|p2a: Swampert
|
|-heal|p1a: Archaludon|45/100|[from] item: Leftovers
|upkeep
|
|t:|1783898388
|switch|p2a: Pelipper|Pelipper, L50, F|100/100
|-weather|RainDance|[from] ability: Drizzle|[of] p2a: Pelipper
|turn|6
|
|t:|1783898406
|move|p1b: Basculegion|Aqua Jet|p2b: Metagross
|-damage|p2b: Metagross|0 fnt
|faint|p2b: Metagross
|-damage|p1b: Basculegion|24/100|[from] item: Life Orb
|move|p1a: Archaludon|Electro Shot||[still]
|-prepare|p1a: Archaludon|Electro Shot
|-boost|p1a: Archaludon|spa|1
|-anim|p1a: Archaludon|Electro Shot|p2a: Pelipper
|-supereffective|p2a: Pelipper|2
|-damage|p2a: Pelipper|0 fnt
|faint|p2a: Pelipper
|
|-weather|RainDance|[upkeep]
|-heal|p1a: Archaludon|51/100|[from] item: Leftovers
|upkeep
|
|t:|1783898410
|switch|p2b: Grimmsnarl|Grimmsnarl, L50, M|100/100
|turn|7
|
|t:|1783898429
|move|p1b: Basculegion|Wave Crash|p2b: Grimmsnarl
|-crit|p2b: Grimmsnarl
|-damage|p2b: Grimmsnarl|0 fnt
|faint|p2b: Grimmsnarl
|-damage|p1b: Basculegion|0 fnt|[from] Recoil
|faint|p1b: Basculegion
|
|win|Tajinvgc3
|raw|Tajinvgc3's rating: 1000 → 1040(+40 for winning)
|raw|chante_tm's rating: 1000 → 1000(+0 for losing)
