|j|☆audrith
|j|☆Mega Chime Time
|html|audrithMega Chime Time    
|uhtml|bestof|Game 2 of a best-of-3
|t:|1783373367
|gametype|doubles
|player|p1|audrith|lady|
|player|p2|Mega Chime Time|miku-flying|
|gen|9
|tier|[Gen 9 Champions] VGC 2026 Reg M-B (Bo3)
|rule|Species Clause: Limit one of each Pokémon
|rule|Item Clause: Limit 1 of each item
|clearpoke
|poke|p1|Chandelure, L50, F|
|poke|p1|Orthworm, L50, M|
|poke|p1|Noivern, L50, M|
|poke|p1|Swampert, L50, F|
|poke|p1|Goodra-Hisui, L50, F|
|poke|p1|Floette-Eternal, L50, F|
|poke|p2|Noivern, L50, M|
|poke|p2|Gardevoir, L50, F, shiny|
|poke|p2|Chimecho, L50, F|
|poke|p2|Blastoise, L50, M|
|poke|p2|Dragalge, L50, M|
|poke|p2|Hippowdon, L50, F|
|teampreview|4
|showteam|p1|Chandelure||Chandelurite|FlashFire|HeatWave,ShadowBall,TrickRoom,Protect|Serious||F|||50|]Orthworm||Leftovers|EarthEater|Protect,ShedTail,IronDefense,BodyPress|Careful||M|||50|]Noivern||WhiteHerb|Frisk|Tailwind,Taunt,SunnyDay,DracoMeteor|Timid||M|||50|]Swampert||SitrusBerry|Torrent|Earthquake,WaveCrash,KnockOff,Protect|Adamant||F|||50|]Goodra-Hisui||LifeOrb|Gooey|MuddyWater,FlashCannon,DragonPulse,Protect|Modest||F|||50|]Floette-Eternal||ChoiceScarf|FlowerVeil|DazzlingGleam,LightofRuin,EnergyBall,Psychic|Modest||F|||50|
|showteam|p2|Noivern||FocusSash|Telepathy|Tailwind,AirSlash,DracoMeteor,Protect|Timid||M|||50|]Gardevoir||FairyFeather|Telepathy|Moonblast,DazzlingGleam,CalmMind,Protect|Modest||F|||50|]Chimecho||Chimechite|Levitate|Psychic,FlashCannon,Protect,TrickRoom|Modest||F|||50|]Blastoise||SitrusBerry|RainDish|FakeOut,WaveCrash,Yawn,LifeDew|Adamant||M|||50|]Dragalge||PoisonBarb|Adaptability|SludgeBomb,SludgeWave,DragonPulse,Protect|Modest||M|||50|]Hippowdon||Leftovers|SandStream|RockSlide,Protect,SandTomb,Yawn|Adamant||F|||50|
|inactive|Battle timer is ON: inactive players will automatically lose when time's up. (requested by Mega Chime Time)
|inactive|audrith has 60 seconds left.
|inactive|audrith has 30 seconds left.
|inactive|audrith has 20 seconds left.
|
|t:|1783373443
|teamsize|p1|4
|teamsize|p2|4
|start
|switch|p1a: Noivern|Noivern, L50, M|100/100
|switch|p1b: Goodra|Goodra-Hisui, L50, F|100/100
|switch|p2a: Chimecho|Chimecho, L50, F|100/100
|switch|p2b: Blastoise|Blastoise, L50, M|100/100
|-item|p2a: Chimecho|Chimechite|[from] ability: Frisk|[of] p1a: Noivern
|-item|p2b: Blastoise|Sitrus Berry|[from] ability: Frisk|[of] p1a: Noivern
|turn|1
|inactive|audrith has 30 seconds left.
|inactive|audrith has 20 seconds left.
|inactive|audrith has 15 seconds left.
|inactive|audrith has 10 seconds left.
|
|t:|1783373489
|switch|p1a: Orthworm|Orthworm, L50, M|100/100
|detailschange|p2a: Chimecho|Chimecho-Mega, L50, F
|-mega|p2a: Chimecho|Chimecho|Chimechite
|move|p2b: Blastoise|Fake Out|p1a: Orthworm
|-resisted|p1a: Orthworm|1
|-damage|p1a: Orthworm|96/100
|move|p1b: Goodra|Muddy Water|p2a: Chimecho|[spread] p2b
|-miss|p1b: Goodra|p2a: Chimecho
|-resisted|p2b: Blastoise|1
|-damage|p2b: Blastoise|86/100
|-damage|p1b: Goodra|90/100|[from] item: Life Orb
|move|p2a: Chimecho|Trick Room|p2a: Chimecho
|-fieldstart|move: Trick Room|[of] p2a: Chimecho
|
|-heal|p1a: Orthworm|100/100|[from] item: Leftovers
|upkeep
|turn|2
|inactive|audrith has 30 seconds left.
|inactive|audrith has 20 seconds left.
|inactive|Mega Chime Time has 30 seconds left.
|
|t:|1783373528
|move|p1a: Orthworm|Body Press|p2a: Chimecho
|-damage|p2a: Chimecho|71/100
|move|p2a: Chimecho|Psychic|p1a: Orthworm
|-resisted|p1a: Orthworm|1
|-damage|p1a: Orthworm|65/100
|move|p2b: Blastoise|Yawn|p1a: Orthworm
|-start|p1a: Orthworm|move: Yawn|[of] p2b: Blastoise
|move|p1b: Goodra|Dragon Pulse|p2b: Blastoise
|-damage|p2b: Blastoise|37/100
|-enditem|p2b: Blastoise|Sitrus Berry|[eat]
|-heal|p2b: Blastoise|62/100|[from] item: Sitrus Berry
|-damage|p1b: Goodra|80/100|[from] item: Life Orb
|
|-heal|p1a: Orthworm|71/100|[from] item: Leftovers
|upkeep
|turn|3
|inactive|audrith has 30 seconds left.
|
|t:|1783373555
|switch|p2a: Dragalge|Dragalge, L50, M|100/100
|switch|p1a: Noivern|Noivern, L50, M|100/100
|-item|p2a: Dragalge|Poison Barb|[from] ability: Frisk|[of] p1a: Noivern
|move|p2b: Blastoise|Yawn|p1b: Goodra
|-start|p1b: Goodra|move: Yawn|[of] p2b: Blastoise
|move|p1b: Goodra|Dragon Pulse|p2b: Blastoise
|-damage|p2b: Blastoise|8/100
|-damage|p1b: Goodra|70/100|[from] item: Life Orb
|
|upkeep
|turn|4
|inactive|audrith has 30 seconds left.
|
|t:|1783373585
|switch|p2b: Chimecho|Chimecho-Mega, L50, F|71/100
|switch|p1a: Orthworm|Orthworm, L50, M|71/100
|move|p2a: Dragalge|Dragon Pulse|p1a: Orthworm
|-resisted|p1a: Orthworm|1
|-damage|p1a: Orthworm|33/100
|move|p1b: Goodra|Dragon Pulse|p2b: Chimecho
|-resisted|p2b: Chimecho|1
|-damage|p2b: Chimecho|50/100y
|-damage|p1b: Goodra|61/100|[from] item: Life Orb
|
|-heal|p1a: Orthworm|40/100|[from] item: Leftovers
|-end|p1b: Goodra|move: Yawn|[silent]
|-status|p1b: Goodra|slp
|upkeep
|turn|5
|inactive|audrith has 30 seconds left.
|inactive|audrith has 20 seconds left.
|inactive|audrith has 15 seconds left.
|
|t:|1783373629
|move|p2a: Dragalge|Dragon Pulse|p1b: Goodra
|-damage|p1b: Goodra|21/100 slp
|move|p1a: Orthworm|Iron Defense|p1a: Orthworm
|-boost|p1a: Orthworm|def|2
|move|p2b: Chimecho|Psychic|p1a: Orthworm
|-resisted|p1a: Orthworm|1
|-damage|p1a: Orthworm|2/100
|-unboost|p1a: Orthworm|spd|1
|cant|p1b: Goodra|slp
|
|-heal|p1a: Orthworm|8/100|[from] item: Leftovers
|-fieldend|move: Trick Room
|upkeep
|turn|6
|inactive|audrith has 30 seconds left.
|inactive|audrith has 20 seconds left.
|
|t:|1783373668
|switch|p2a: Blastoise|Blastoise, L50, M|8/100
|move|p1a: Orthworm|Protect|p1a: Orthworm
|-singleturn|p1a: Orthworm|Protect
|cant|p1b: Goodra|slp
|move|p2b: Chimecho|Psychic|p1b: Goodra
|-resisted|p1b: Goodra|1
|-damage|p1b: Goodra|0 fnt
|faint|p1b: Goodra
|
|-heal|p1a: Orthworm|14/100|[from] item: Leftovers
|upkeep
|
|t:|1783373684
|switch|p1b: Chandelure|Chandelure, L50, F|100/100
|turn|7
|
|t:|1783373708
|switch|p2b: Dragalge|Dragalge, L50, M|100/100
|detailschange|p1b: Chandelure|Chandelure-Mega, L50, F
|-mega|p1b: Chandelure|Chandelure|Chandelurite
|move|p1b: Chandelure|Heat Wave|p2a: Blastoise|[spread] p2a,p2b
|-resisted|p2a: Blastoise|1
|-resisted|p2b: Dragalge|1
|-damage|p2a: Blastoise|0 fnt
|-damage|p2b: Dragalge|79/100
|faint|p2a: Blastoise
|move|p1a: Orthworm|Body Press|p2b: Dragalge
|-resisted|p2b: Dragalge|1
|-damage|p2b: Dragalge|44/100
|
|-heal|p1a: Orthworm|20/100y|[from] item: Leftovers
|upkeep
|
|t:|1783373719
|switch|p2a: Hippowdon|Hippowdon, L50, F|100/100
|-weather|Sandstorm|[from] ability: Sand Stream|[of] p2a: Hippowdon
|turn|8
|
|t:|1783373731
|move|p1b: Chandelure|Protect|p1b: Chandelure
|-singleturn|p1b: Chandelure|Protect
|move|p1a: Orthworm|Protect|p1a: Orthworm
|-singleturn|p1a: Orthworm|Protect
|move|p2a: Hippowdon|Yawn|p1a: Orthworm
|-activate|p1a: Orthworm|move: Protect
|move|p2b: Dragalge|Dragon Pulse|p1b: Chandelure
|-activate|p1b: Chandelure|move: Protect
|
|-weather|Sandstorm|[upkeep]
|-damage|p1b: Chandelure|93/100|[from] Sandstorm
|-damage|p2b: Dragalge|38/100|[from] Sandstorm
|-heal|p1a: Orthworm|27/100|[from] item: Leftovers
|upkeep
|turn|9
|inactive|audrith has 30 seconds left.
|inactive|audrith has 20 seconds left.
|inactive|audrith has 15 seconds left.
|
|t:|1783373774
|switch|p2b: Chimecho|Chimecho-Mega, L50, F|50/100y
|move|p1b: Chandelure|Shadow Ball|p2a: Hippowdon
|-damage|p2a: Hippowdon|29/100
|-unboost|p2a: Hippowdon|spd|1
|move|p2a: Hippowdon|Yawn|p1a: Orthworm
|-start|p1a: Orthworm|move: Yawn|[of] p2a: Hippowdon
|move|p1a: Orthworm|Body Press|p2a: Hippowdon
|-damage|p2a: Hippowdon|0 fnt
|faint|p2a: Hippowdon
|
|-weather|Sandstorm|[upkeep]
|-damage|p1b: Chandelure|87/100|[from] Sandstorm
|-heal|p1a: Orthworm|33/100|[from] item: Leftovers
|upkeep
|
|t:|1783373785
|switch|p2a: Dragalge|Dragalge, L50, M|38/100
|turn|10
|
|t:|1783373807
|move|p1b: Chandelure|Heat Wave|p2a: Dragalge|[spread] p2a,p2b
|-resisted|p2a: Dragalge|1
|-supereffective|p2b: Chimecho|1
|-damage|p2a: Dragalge|19/100
|-damage|p2b: Chimecho|0 fnt
|-status|p2a: Dragalge|brn
|faint|p2b: Chimecho
|move|p1a: Orthworm|Body Press|p2a: Dragalge
|-resisted|p2a: Dragalge|1
|-damage|p2a: Dragalge|0 fnt
|faint|p2a: Dragalge
|
|win|audrith
||Mega Chime Time is ready for game 3.
|c|☆audrith|game 3 babbyyy
|inactive|audrith has 30 seconds to confirm battle start!
||audrith is ready for game 3.
|uhtml|next|Next: Game 3 of 3
