|j|☆Kertoip
|j|☆homerj71
|html|Kertoiphomerj71    
|uhtml|bestof|Game 2 of a best-of-3
|t:|1783157800
|gametype|doubles
|player|p1|Kertoip|acetrainer-gen4|1088
|player|p2|homerj71|1|1168
|gen|9
|tier|[Gen 9 Champions] VGC 2026 Reg M-B (Bo3)
|rated|
|rule|Species Clause: Limit one of each Pokémon
|rule|Item Clause: Limit 1 of each item
|clearpoke
|poke|p1|Tyranitar, L50, M|
|poke|p1|Excadrill, L50, M, shiny|
|poke|p1|Garchomp, L50, M|
|poke|p1|Corviknight, L50, M, shiny|
|poke|p1|Musharna, L50, F|
|poke|p1|Sneasler, L50, M|
|poke|p2|Delphox, L50, M|
|poke|p2|Sneasler, L50, F|
|poke|p2|Floette-Eternal, L50, F|
|poke|p2|Incineroar, L50, M|
|poke|p2|Kingambit, L50, F|
|poke|p2|Sinistcha, L50|
|teampreview|4
|showteam|p1|Tyranitar||Tyranitarite|SandStream|KnockOff,RockSlide,DragonDance,Protect|Adamant||M|||50|]Excadrill||FocusSash|SandRush|Earthquake,IronHead,Protect,SwordsDance|Adamant||M|||50|]Garchomp||BrightPowder|SandVeil|RockSlide,Earthquake,DragonClaw,Protect|Jolly||M|||50|]Corviknight||SitrusBerry|MirrorArmor|BraveBird,Tailwind,Roost,Protect|Adamant||M|||50|]Musharna||LightClay|Telepathy|TrickRoom,LightScreen,Reflect,Psychic|Sassy||F|||50|]Sneasler||WhiteHerb|Unburden|DireClaw,CloseCombat,FakeOut,Protect|Adamant||M|||50|
|showteam|p2|Delphox||Delphoxite|Blaze|Protect,Psyshock,HeatWave,NastyPlot|Timid||M|||50|]Sneasler||FocusSash|PoisonTouch|QuickGuard,CloseCombat,FakeOut,DireClaw|Jolly||F|||50|]Floette-Eternal||Floettite|FlowerVeil|Protect,DazzlingGleam,CalmMind,Moonblast|Timid||F|||50|]Incineroar||SitrusBerry|Intimidate|ThroatChop,FlareBlitz,PartingShot,FakeOut|Impish||M|||50|]Kingambit||BlackGlasses|Defiant|Protect,KowtowCleave,SuckerPunch,SwordsDance|Adamant||F|||50|]Sinistcha||KasibBerry|Hospitality|Protect,TrickRoom,MatchaGotcha,RagePowder|Relaxed|||||50|
|inactive|Battle timer is ON: inactive players will automatically lose when time's up. (requested by homerj71)
|inactive|Kertoip has 60 seconds left.
|
|t:|1783157837
|teamsize|p1|4
|teamsize|p2|4
|start
|switch|p1a: Tyranitar|Tyranitar, L50, M|100/100
|switch|p1b: Excadrill|Excadrill, L50, M, shiny|100/100
|switch|p2a: Sneasler|Sneasler, L50, F|100/100
|switch|p2b: Floette|Floette-Eternal, L50, F|100/100
|-weather|Sandstorm|[from] ability: Sand Stream|[of] p1a: Tyranitar
|turn|1
|
|t:|1783157856
|switch|p2b: Incineroar|Incineroar, L50, M|100/100
|-ability|p2b: Incineroar|Intimidate|boost
|-unboost|p1a: Tyranitar|atk|1
|-unboost|p1b: Excadrill|atk|1
|switch|p1a: Musharna|Musharna, L50, F|100/100
|move|p1b: Excadrill|Protect|p1b: Excadrill
|-singleturn|p1b: Excadrill|Protect
|move|p2a: Sneasler|Close Combat|p1b: Excadrill
|-activate|p1b: Excadrill|move: Protect
|
|-weather|Sandstorm|[upkeep]
|-damage|p2a: Sneasler|94/100|[from] Sandstorm
|-damage|p2b: Incineroar|94/100|[from] Sandstorm
|-damage|p1a: Musharna|94/100|[from] Sandstorm
|upkeep
|turn|2
|
|t:|1783157875
|switch|p1b: Corviknight|Corviknight, L50, M, shiny|100/100
|move|p2b: Incineroar|Fake Out|p1b: Corviknight
|-resisted|p1b: Corviknight|1
|-damage|p1b: Corviknight|95/100
|move|p2a: Sneasler|Close Combat|p1b: Corviknight
|-damage|p1b: Corviknight|47/100
|-unboost|p2a: Sneasler|def|1
|-unboost|p2a: Sneasler|spd|1
|-enditem|p1b: Corviknight|Sitrus Berry|[eat]
|-heal|p1b: Corviknight|72/100|[from] item: Sitrus Berry
|move|p1a: Musharna|Reflect|p1a: Musharna
|-sidestart|p1: Kertoip|Reflect
|
|-weather|Sandstorm|[upkeep]
|-damage|p2a: Sneasler|88/100|[from] Sandstorm
|-damage|p2b: Incineroar|88/100|[from] Sandstorm
|-damage|p1a: Musharna|88/100|[from] Sandstorm
|upkeep
|turn|3
|
|t:|1783157895
|switch|p2a: Sinistcha|Sinistcha, L50|100/100
|-heal|p2b: Incineroar|100/100|[from] ability: Hospitality|[of] p2a: Sinistcha
|move|p1b: Corviknight|Brave Bird|p2a: Sinistcha
|-supereffective|p2a: Sinistcha|1
|-damage|p2a: Sinistcha|32/100
|-damage|p1b: Corviknight|52/100|[from] Recoil
|move|p2b: Incineroar|Throat Chop|p1a: Musharna
|-supereffective|p1a: Musharna|1
|-damage|p1a: Musharna|55/100
|-start|p1a: Musharna|Throat Chop|[silent]
|move|p1a: Musharna|Light Screen|p1a: Musharna
|-sidestart|p1: Kertoip|move: Light Screen
|
|-weather|Sandstorm|[upkeep]
|-damage|p2a: Sinistcha|26/100|[from] Sandstorm
|-damage|p2b: Incineroar|94/100|[from] Sandstorm
|-damage|p1a: Musharna|49/100|[from] Sandstorm
|upkeep
|turn|4
|
|t:|1783157920
|switch|p1a: Tyranitar|Tyranitar, L50, M|100/100
|move|p2a: Sinistcha|Protect|p2a: Sinistcha
|-singleturn|p2a: Sinistcha|Protect
|move|p1b: Corviknight|Brave Bird|p2a: Sinistcha
|-activate|p2a: Sinistcha|move: Protect
|move|p2b: Incineroar|Flare Blitz|p1b: Corviknight
|-supereffective|p1b: Corviknight|1
|-damage|p1b: Corviknight|5/100
|-damage|p2b: Incineroar|78/100|[from] Recoil
|
|-weather|Sandstorm|[upkeep]
|-damage|p2a: Sinistcha|20/100y|[from] Sandstorm
|-damage|p2b: Incineroar|72/100|[from] Sandstorm
|upkeep
|turn|5
|inactive|Kertoip has 30 seconds left.
|
|t:|1783157945
|move|p1a: Tyranitar|Rock Slide|p2a: Sinistcha|[spread] p2a,p2b
|-supereffective|p2b: Incineroar|1
|-damage|p2a: Sinistcha|0 fnt
|-damage|p2b: Incineroar|21/100
|-enditem|p2b: Incineroar|Sitrus Berry|[eat]
|-heal|p2b: Incineroar|46/100|[from] item: Sitrus Berry
|faint|p2a: Sinistcha
|move|p1b: Corviknight|Tailwind|p1b: Corviknight
|-sidestart|p1: Kertoip|move: Tailwind
|cant|p2b: Incineroar|flinch
|
|-weather|none
|upkeep
|
|t:|1783157956
|switch|p2a: Floette|Floette-Eternal, L50, F|100/100
|turn|6
|
|t:|1783157977
|detailschange|p1a: Tyranitar|Tyranitar-Mega, L50, M
|-mega|p1a: Tyranitar|Tyranitar|Tyranitarite
|-weather|Sandstorm|[from] ability: Sand Stream|[of] p1a: Tyranitar
|detailschange|p2a: Floette|Floette-Mega, L50, F
|-mega|p2a: Floette|Floette|Floettite
|-ability|p2a: Floette|Fairy Aura
|move|p1a: Tyranitar|Rock Slide|p2a: Floette|[spread] p2a
|-miss|p1a: Tyranitar|p2b: Incineroar
|-damage|p2a: Floette|64/100
|move|p1b: Corviknight|Brave Bird|p2a: Floette
|-damage|p2a: Floette|22/100
|-damage|p1b: Corviknight|0 fnt|[from] Recoil
|faint|p1b: Corviknight
|cant|p2a: Floette|flinch
|move|p2b: Incineroar|Parting Shot|p1a: Tyranitar
|-unboost|p1a: Tyranitar|atk|1
|-unboost|p1a: Tyranitar|spa|1
|
|t:|1783157991
|switch|p2b: Sneasler|Sneasler, L50, F|88/100|[from] Parting Shot
|
|-weather|Sandstorm|[upkeep]
|-damage|p2b: Sneasler|82/100|[from] Sandstorm
|-damage|p2a: Floette|16/100|[from] Sandstorm
|upkeep
|
|t:|1783158001
|switch|p1b: Excadrill|Excadrill, L50, M, shiny|100/100
|turn|7
|
|t:|1783158021
|switch|p2b: Incineroar|Incineroar, L50, M|46/100
|-ability|p2b: Incineroar|Intimidate|boost
|-unboost|p1a: Tyranitar|atk|1
|-unboost|p1b: Excadrill|atk|1
|move|p2a: Floette|Protect|p2a: Floette
|-singleturn|p2a: Floette|Protect
|move|p1b: Excadrill|Iron Head|p2a: Floette
|-activate|p2a: Floette|move: Protect
|move|p1a: Tyranitar|Rock Slide|p2b: Incineroar|[spread] p2b
|-activate|p2a: Floette|move: Protect
|-supereffective|p2b: Incineroar|1
|-damage|p2b: Incineroar|21/100
|
|-weather|Sandstorm|[upkeep]
|-damage|p2a: Floette|10/100|[from] Sandstorm
|-damage|p2b: Incineroar|15/100|[from] Sandstorm
|upkeep
|turn|8
|
|t:|1783158044
|switch|p1a: Musharna|Musharna, L50, F|49/100
|switch|p2a: Sneasler|Sneasler, L50, F|82/100
|move|p1b: Excadrill|Protect|p1b: Excadrill
|-singleturn|p1b: Excadrill|Protect
|move|p2b: Incineroar|Flare Blitz|p1b: Excadrill
|-activate|p1b: Excadrill|move: Protect
|
|-weather|Sandstorm|[upkeep]
|-damage|p2a: Sneasler|76/100|[from] Sandstorm
|-damage|p1a: Musharna|43/100|[from] Sandstorm
|-damage|p2b: Incineroar|9/100|[from] Sandstorm
|-sideend|p1: Kertoip|move: Tailwind
|upkeep
|turn|9
|
|t:|1783158059
|move|p2a: Sneasler|Fake Out|p1b: Excadrill
|-resisted|p1b: Excadrill|1
|-damage|p1b: Excadrill|93/100
|cant|p1b: Excadrill|flinch
|move|p2b: Incineroar|Throat Chop|p1a: Musharna
|-supereffective|p1a: Musharna|1
|-crit|p1a: Musharna
|-damage|p1a: Musharna|0 fnt
|faint|p1a: Musharna
|
|-weather|Sandstorm|[upkeep]
|-damage|p2a: Sneasler|71/100|[from] Sandstorm
|-damage|p2b: Incineroar|3/100|[from] Sandstorm
|-sideend|p1: Kertoip|Reflect
|upkeep
|
|t:|1783158071
|switch|p1a: Tyranitar|Tyranitar-Mega, L50, M|100/100
|turn|10
|
|t:|1783158079
|switch|p2a: Floette|Floette-Mega, L50, F|10/100
|-ability|p2a: Floette|Fairy Aura
|move|p1a: Tyranitar|Protect|p1a: Tyranitar
|-singleturn|p1a: Tyranitar|Protect
|move|p1b: Excadrill|Earthquake|p2a: Floette|[spread] p2a,p2b
|-activate|p1a: Tyranitar|move: Protect
|-supereffective|p2b: Incineroar|1
|-damage|p2a: Floette|0 fnt
|-damage|p2b: Incineroar|0 fnt
|faint|p2a: Floette
|faint|p2b: Incineroar
|
|-weather|none
|-sideend|p1: Kertoip|move: Light Screen
|upkeep
|
|t:|1783158088
|switch|p2b: Sneasler|Sneasler, L50, F|71/100
|turn|11
|inactive|Kertoip has 30 seconds left.
|
|t:|1783158120
|move|p2b: Sneasler|Close Combat|p1b: Excadrill
|-supereffective|p1b: Excadrill|1
|-damage|p1b: Excadrill|0 fnt
|-unboost|p2b: Sneasler|def|1
|-unboost|p2b: Sneasler|spd|1
|faint|p1b: Excadrill
|move|p1a: Tyranitar|Knock Off|p2b: Sneasler
|-resisted|p2b: Sneasler|1
|-damage|p2b: Sneasler|0 fnt
|-enditem|p2b: Sneasler|Focus Sash|[from] move: Knock Off|[of] p1a: Tyranitar
|faint|p2b: Sneasler
|
|win|Kertoip
