|j|☆hakoryu
|j|☆Someoneofficial
|html|hakoryuSomeoneofficial    
|uhtml|bestof|Game 1 of a best-of-3
|t:|1784926559
|gametype|doubles
|player|p1|hakoryu|valerie|
|player|p2|Someoneofficial|170|
|gen|9
|tier|[Gen 9 Champions] VGC 2026 Reg M-B (Bo3)
|rule|Species Clause: Limit one of each Pokémon
|rule|Item Clause: Limit 1 of each item
|clearpoke
|poke|p1|Kommo-o, L50, F|
|poke|p1|Gyarados, L50, F|
|poke|p1|Sinistcha, L50|
|poke|p1|Banette, L50, F|
|poke|p1|Arcanine-Hisui, L50, M|
|poke|p1|Ninetales-Alola, L50, M|
|poke|p2|Charizard, L50, F, shiny|
|poke|p2|Raichu, L50, M, shiny|
|poke|p2|Sinistcha, L50, shiny|
|poke|p2|Vivillon-Monsoon, L50, M, shiny|
|poke|p2|Basculegion, L50, M, shiny|
|poke|p2|Sneasler, L50, M, shiny|
|teampreview|4
|showteam|p1|Kommo-o||Leftovers|Bulletproof|ClangorousSoul,ClangingScales,Protect,AuraSphere|Modest||F|||50|]Gyarados||Gyaradosite|Intimidate|Waterfall,DragonDance,Protect,Crunch|Adamant||F|||50|]Sinistcha||SitrusBerry|Hospitality|MatchaGotcha,LifeDew,TrickRoom,RagePowder|Quiet|||||50|]Banette||Banettite|Insomnia|Poltergeist,ShadowSneak,Taunt,DestinyBond|Lonely||F|||50|]Arcanine-Hisui||LifeOrb|Intimidate|RockSlide,FlareBlitz,ExtremeSpeed,Protect|Adamant||M|||50|]Ninetales-Alola||LightClay|SnowWarning|FreezeDry,IcyWind,AuroraVeil,Protect|Timid||M|||50|
|showteam|p2|Charizard||CharizarditeX|Blaze|BreakingSwipe,DragonDance,FlareBlitz,Protect|Adamant||F|||50|]Raichu||RaichuniteY|LightningRod|FakeOut,Protect,FocusBlast,ZapCannon|Timid||M|||50|]Sinistcha||ColburBerry|Hospitality|RagePowder,MatchaGotcha,TrickRoom,Imprison|Bold|||||50|]Vivillon-Monsoon||FocusSash|CompoundEyes|Protect,Tailwind,SleepPowder,SunnyDay|Timid||M|||50|]Basculegion||ChoiceScarf|Adaptability|LastRespects,WaveCrash,AquaJet,FlipTurn|Jolly||M|||50|]Sneasler||WhiteHerb|Unburden|Protect,FakeOut,CloseCombat,DireClaw|Adamant||M|||50|
|j| JoltSmash
|n| Shitfuckerreturns2|joltsmash
|
|t:|1784926608
|teamsize|p1|4
|teamsize|p2|4
|start
|switch|p1a: Gyarados|Gyarados, L50, F|100/100
|switch|p1b: Ninetales|Ninetales-Alola, L50, M|100/100
|switch|p2a: Chonka chu|Raichu, L50, M, shiny|100/100
|switch|p2b: 2slimey|Sneasler, L50, M, shiny|100/100
|-weather|Snowscape|[from] ability: Snow Warning|[of] p1b: Ninetales
|-ability|p1a: Gyarados|Intimidate|boost
|-unboost|p2a: Chonka chu|atk|1
|-unboost|p2b: 2slimey|atk|1
|-enditem|p2b: 2slimey|White Herb
|-clearnegativeboost|p2b: 2slimey|[silent]
|turn|1
|c| Shitfuckerreturns2|Peppino pizza tower
|
|t:|1784926621
|switch|p1a: Kommo-o|Kommo-o, L50, F|100/100
|detailschange|p2a: Chonka chu|Raichu-Mega-Y, L50, M, shiny
|-mega|p2a: Chonka chu|Raichu|Raichunite Y
|move|p1b: Ninetales|Protect|p1b: Ninetales
|-singleturn|p1b: Ninetales|Protect
|move|p2b: 2slimey|Fake Out|p1b: Ninetales
|-activate|p1b: Ninetales|move: Protect
|move|p2a: Chonka chu|Zap Cannon|p1a: Kommo-o
|-immune|p1a: Kommo-o|[from] ability: Bulletproof
|
|-weather|Snowscape|[upkeep]
|upkeep
|turn|2
|c| Shitfuckerreturns2|Pixsla
|c| Shitfuckerreturns2|Chungus
|
|t:|1784926654
|move|p2b: 2slimey|Dire Claw|p1b: Ninetales
|-supereffective|p1b: Ninetales|1
|-damage|p1b: Ninetales|10/100
|-status|p1b: Ninetales|slp
|move|p2a: Chonka chu|Zap Cannon|p1b: Ninetales
|-damage|p1b: Ninetales|0 fnt
|faint|p1b: Ninetales
|move|p1a: Kommo-o|Aura Sphere|p2a: Chonka chu
|-damage|p2a: Chonka chu|57/100
|
|-weather|Snowscape|[upkeep]
|upkeep
|
|t:|1784926663
|switch|p1b: Arcanine|Arcanine-Hisui, L50, M|100/100
|-ability|p1b: Arcanine|Intimidate|boost
|-unboost|p2a: Chonka chu|atk|1
|-unboost|p2b: 2slimey|atk|1
|turn|3
|c| Shitfuckerreturns2|Wilted rose emoji
|
|t:|1784926675
|switch|p2a: Bascu|Basculegion, L50, M, shiny|100/100
|move|p2b: 2slimey|Protect|p2b: 2slimey
|-singleturn|p2b: 2slimey|Protect
|move|p1b: Arcanine|Extreme Speed|p2a: Bascu
|-immune|p2a: Bascu
|move|p1a: Kommo-o|Clangorous Soul|p1a: Kommo-o
|-boost|p1a: Kommo-o|atk|1
|-boost|p1a: Kommo-o|def|1
|-boost|p1a: Kommo-o|spa|1
|-boost|p1a: Kommo-o|spd|1
|-boost|p1a: Kommo-o|spe|1
|-damage|p1a: Kommo-o|67/100
|
|-weather|Snowscape|[upkeep]
|-heal|p1a: Kommo-o|73/100|[from] item: Leftovers
|upkeep
|turn|4
|c| Shitfuckerreturns2|🥀
|
|t:|1784926690
|switch|p1b: Gyarados|Gyarados, L50, F|100/100
|-ability|p1b: Gyarados|Intimidate|boost
|-unboost|p2a: Bascu|atk|1
|-unboost|p2b: 2slimey|atk|1
|move|p1a: Kommo-o|Protect|p1a: Kommo-o
|-singleturn|p1a: Kommo-o|Protect
|move|p2b: 2slimey|Close Combat|p1b: Gyarados
|-resisted|p1b: Gyarados|1
|-damage|p1b: Gyarados|82/100
|-unboost|p2b: 2slimey|def|1
|-unboost|p2b: 2slimey|spd|1
|move|p2a: Bascu|Last Respects|p1a: Kommo-o
|-activate|p1a: Kommo-o|move: Protect
|
|-weather|Snowscape|[upkeep]
|-heal|p1a: Kommo-o|79/100|[from] item: Leftovers
|upkeep
|turn|5
|
|t:|1784926722
|switch|p2a: Vivion|Vivillon-Monsoon, L50, M, shiny|100/100
|detailschange|p1b: Gyarados|Gyarados-Mega, L50, F
|-mega|p1b: Gyarados|Gyarados|Gyaradosite
|-ability|p1b: Gyarados|Mold Breaker
|move|p2b: 2slimey|Dire Claw|p1a: Kommo-o
|-damage|p1a: Kommo-o|63/100
|move|p1a: Kommo-o|Clangorous Soul|p1a: Kommo-o
|-boost|p1a: Kommo-o|atk|1
|-boost|p1a: Kommo-o|def|1
|-boost|p1a: Kommo-o|spa|1
|-boost|p1a: Kommo-o|spd|1
|-boost|p1a: Kommo-o|spe|1
|-damage|p1a: Kommo-o|30/100
|move|p1b: Gyarados|Crunch|p2a: Vivion
|-damage|p2a: Vivion|24/100
|
|-weather|none
|-heal|p1a: Kommo-o|36/100|[from] item: Leftovers
|upkeep
|turn|6
|c| Shitfuckerreturns2|Call me greed the way I be stacking my boosts
|
|t:|1784926750
|move|p2b: 2slimey|Dire Claw|p1a: Kommo-o
|-damage|p1a: Kommo-o|25/100
|move|p1a: Kommo-o|Clanging Scales|p2b: 2slimey|[spread] p2a,p2b
|-damage|p2a: Vivion|0 fnt
|-damage|p2b: 2slimey|0 fnt
|faint|p2a: Vivion
|faint|p2b: 2slimey
|-unboost|p1a: Kommo-o|def|1
|move|p1b: Gyarados|Dragon Dance|p1b: Gyarados
|-boost|p1b: Gyarados|atk|1
|-boost|p1b: Gyarados|spe|1
|
|-heal|p1a: Kommo-o|31/100|[from] item: Leftovers
|upkeep
|
|t:|1784926756
|switch|p2b: Chonka chu|Raichu-Mega-Y, L50, M, shiny|57/100
|switch|p2a: Bascu|Basculegion, L50, M, shiny|100/100
|turn|7
|
|t:|1784926765
|move|p1a: Kommo-o|Protect|p1a: Kommo-o
|-singleturn|p1a: Kommo-o|Protect
|move|p1b: Gyarados|Protect|p1b: Gyarados
|-singleturn|p1b: Gyarados|Protect
|move|p2b: Chonka chu|Fake Out|p1b: Gyarados
|-activate|p1b: Gyarados|move: Protect
|move|p2a: Bascu|Last Respects|p1a: Kommo-o
|-activate|p1a: Kommo-o|move: Protect
|
|-heal|p1a: Kommo-o|37/100|[from] item: Leftovers
|upkeep
|turn|8
|
|t:|1784926777
|move|p1a: Kommo-o|Clanging Scales|p2a: Bascu|[spread] p2a,p2b
|-damage|p2a: Bascu|32/100
|-damage|p2b: Chonka chu|0 fnt
|faint|p2b: Chonka chu
|-unboost|p1a: Kommo-o|def|1
|move|p2a: Bascu|Last Respects|p1a: Kommo-o
|-damage|p1a: Kommo-o|0 fnt
|faint|p1a: Kommo-o
|move|p1b: Gyarados|Crunch|p2a: Bascu
|-supereffective|p2a: Bascu|1
|-damage|p2a: Bascu|0 fnt
|faint|p2a: Bascu
|
|win|hakoryu
||Someoneofficial is ready for game 2.
|inactive|hakoryu has 30 seconds to confirm battle start!
||hakoryu is ready for game 2.
|uhtml|next|Next: Game 2 of 3
|j| HEROBREIN9
|j| guxueprimalblade
|l| guxueprimalblade
