|j|☆KnekroGitano
|j|☆cccfff
|html|KnekroGitanocccfff    
|uhtml|bestof|Game 1 of a best-of-3
|t:|1782762083
|gametype|doubles
|player|p1|KnekroGitano|preschooler|1140
|player|p2|cccfff|swimmer|1080
|gen|9
|tier|[Gen 9 Champions] VGC 2026 Reg M-B (Bo3)
|rated|
|rule|Species Clause: Limit one of each Pokémon
|rule|Item Clause: Limit 1 of each item
|clearpoke
|poke|p1|Froslass, L50, F|
|poke|p1|Scovillain, L50, F, shiny|
|poke|p1|Basculegion, L50, M|
|poke|p1|Kingambit, L50, F|
|poke|p1|Sneasler, L50, M|
|poke|p1|Lycanroc-Dusk, L50, M|
|poke|p2|Golurk, L50, shiny|
|poke|p2|Aromatisse, L50, F, shiny|
|poke|p2|Scrafty, L50, F|
|poke|p2|Hydrapple, L50, F|
|poke|p2|Chandelure, L50, M|
|poke|p2|Araquanid, L50, M|
|teampreview|4
|showteam|p1|Froslass||Froslassite|CursedBody|Blizzard,ShadowBall,AuroraVeil,Protect|Modest||F|||50|]Scovillain||Scovillainite|Moody|GigaDrain,Overheat,RagePowder,Protect|Bold||F|||50|]Basculegion||SitrusBerry|Adaptability|WaveCrash,LastRespects,AquaJet,Protect|Adamant||M|||50|]Kingambit||BlackGlasses|Defiant|KowtowCleave,SuckerPunch,SwordsDance,Protect|Adamant||F|||50|]Sneasler||WhiteHerb|Unburden|CloseCombat,GunkShot,Protect,FakeOut|Adamant||M|||50|]Lycanroc-Dusk||FocusSash|ToughClaws|CloseCombat,Accelerock,RockSlide,Protect|Adamant||M|||50|
|showteam|p2|Golurk||LifeOrb|IronFist|HeadlongRush,IcePunch,Protect,Poltergeist|Brave|||||50|]Aromatisse||SitrusBerry|AromaVeil|TrickRoom,Hypnosis,AlluringVoice,LightScreen|Impish||F|||50|]Scrafty||Scraftinite|Intimidate|FakeOut,Detect,Crunch,DrainPunch|Brave||F|||50|]Hydrapple||WhiteHerb|SupersweetSyrup|DracoMeteor,PollenPuff,LeafStorm,Protect|Quiet||F|||50|]Chandelure||Chandelurite|Infiltrator|TrickRoom,HeatWave,Protect,ShadowBall|Quiet||M|||50|]Araquanid||FocusSash|WaterBubble|Liquidation,LeechLife,Protect,Endeavor|Adamant||M|||50|
|inactive|Battle timer is ON: inactive players will automatically lose when time's up. (requested by KnekroGitano)
|
|t:|1782762201
|teamsize|p1|4
|teamsize|p2|4
|start
|switch|p1a: Froslass|Froslass, L50, F|100/100
|switch|p1b: Sneasler|Sneasler, L50, M|100/100
|switch|p2a: Aromatisse|Aromatisse, L50, F, shiny|100/100
|switch|p2b: Scrafty|Scrafty, L50, F|100/100
|-ability|p2b: Scrafty|Intimidate|boost
|-unboost|p1a: Froslass|atk|1
|-unboost|p1b: Sneasler|atk|1
|-enditem|p1b: Sneasler|White Herb
|-clearnegativeboost|p1b: Sneasler|[silent]
|turn|1
|inactive|KnekroGitano has 30 seconds left.
|inactive|KnekroGitano has 20 seconds left.
|
|t:|1782762241
|detailschange|p1a: Froslass|Froslass-Mega, L50, F
|-mega|p1a: Froslass|Froslass|Froslassite
|-weather|Snowscape|[from] ability: Snow Warning|[of] p1a: Froslass
|detailschange|p2b: Scrafty|Scrafty-Mega, L50, F
|-mega|p2b: Scrafty|Scrafty|Scraftinite
|-ability|p2b: Scrafty|Intimidate|boost
|-unboost|p1a: Froslass|atk|1
|-unboost|p1b: Sneasler|atk|1
|move|p1b: Sneasler|Fake Out|p2a: Aromatisse
|-damage|p2a: Aromatisse|93/100
|move|p1a: Froslass|Aurora Veil|p1a: Froslass
|-sidestart|p1: KnekroGitano|move: Aurora Veil
|move|p2b: Scrafty|Crunch|p1a: Froslass
|-supereffective|p1a: Froslass|1
|-damage|p1a: Froslass|40/100
|-unboost|p1a: Froslass|def|1
|cant|p2a: Aromatisse|flinch
|
|-weather|Snowscape|[upkeep]
|upkeep
|turn|2
|
|t:|1782762259
|move|p2b: Scrafty|Detect|p2b: Scrafty
|-singleturn|p2b: Scrafty|Protect
|move|p1b: Sneasler|Gunk Shot|p2a: Aromatisse
|-supereffective|p2a: Aromatisse|1
|-damage|p2a: Aromatisse|38/100
|-status|p2a: Aromatisse|psn
|-enditem|p2a: Aromatisse|Sitrus Berry|[eat]
|-heal|p2a: Aromatisse|63/100 psn|[from] item: Sitrus Berry
|move|p1a: Froslass|Blizzard|p2b: Scrafty|[spread] p2a
|-activate|p2b: Scrafty|move: Protect
|-damage|p2a: Aromatisse|22/100 psn
|move|p2a: Aromatisse|Trick Room|p2a: Aromatisse
|-fieldstart|move: Trick Room|[of] p2a: Aromatisse
|
|-weather|Snowscape|[upkeep]
|-damage|p2a: Aromatisse|10/100 psn|[from] psn
|upkeep
|turn|3
|inactive|cccfff has 30 seconds left.
|
|t:|1782762285
|move|p1a: Froslass|Protect|p1a: Froslass
|-singleturn|p1a: Froslass|Protect
|move|p2a: Aromatisse|Light Screen|p2a: Aromatisse
|-sidestart|p2: cccfff|move: Light Screen
|move|p2b: Scrafty|Crunch|p1a: Froslass
|-activate|p1a: Froslass|move: Protect
|move|p1b: Sneasler|Close Combat|p2b: Scrafty
|-supereffective|p2b: Scrafty|1
|-damage|p2b: Scrafty|40/100
|-unboost|p1b: Sneasler|def|1
|-unboost|p1b: Sneasler|spd|1
|
|-weather|Snowscape|[upkeep]
|-damage|p2a: Aromatisse|0 fnt|[from] psn
|faint|p2a: Aromatisse
|upkeep
|
|t:|1782762289
|switch|p2a: Golurk|Golurk, L50, shiny|100/100
|turn|4
|inactive|KnekroGitano has 30 seconds left.
|inactive|KnekroGitano has 20 seconds left.
|inactive|KnekroGitano has 15 seconds left.
|inactive|KnekroGitano has 10 seconds left.
|
|t:|1782762338
|switch|p1a: Kingambit|Kingambit, L50, F|100/100
|move|p1b: Sneasler|Protect|p1b: Sneasler
|-singleturn|p1b: Sneasler|Protect
|move|p2a: Golurk|Headlong Rush|p1b: Sneasler
|-activate|p1b: Sneasler|move: Protect
|move|p2b: Scrafty|Crunch|p1a: Kingambit
|-resisted|p1a: Kingambit|1
|-damage|p1a: Kingambit|87/100
|
|-weather|Snowscape|[upkeep]
|upkeep
|turn|5
|inactive|KnekroGitano has 30 seconds left.
|inactive|cccfff has 30 seconds left.
|inactive|KnekroGitano has 20 seconds left.
|inactive|KnekroGitano has 15 seconds left.
|inactive|KnekroGitano has 10 seconds left.
|
|t:|1782762384
|move|p1a: Kingambit|Protect|p1a: Kingambit
|-singleturn|p1a: Kingambit|Protect
|move|p2a: Golurk|Headlong Rush|p1b: Sneasler
|-supereffective|p1b: Sneasler|1
|-damage|p1b: Sneasler|0 fnt
|-unboost|p2a: Golurk|def|1
|-unboost|p2a: Golurk|spd|1
|faint|p1b: Sneasler
|-damage|p2a: Golurk|90/100|[from] item: Life Orb
|move|p2b: Scrafty|Drain Punch|p1a: Kingambit
|-activate|p1a: Kingambit|move: Protect
|
|-weather|none
|-sideend|p1: KnekroGitano|move: Aurora Veil
|upkeep
|inactive|KnekroGitano has 30 seconds left.
|inactive|KnekroGitano has 20 seconds left.
|inactive|KnekroGitano has 15 seconds left.
|
|t:|1782762427
|switch|p1b: Froslass|Froslass-Mega, L50, F|40/100
|-weather|Snowscape|[from] ability: Snow Warning|[of] p1b: Froslass
|turn|6
|
|t:|1782762437
|switch|p1a: Basculegion|Basculegion, L50, M|100/100
|move|p1b: Froslass|Protect|p1b: Froslass
|-singleturn|p1b: Froslass|Protect
|move|p2a: Golurk|Headlong Rush|p1a: Basculegion
|-damage|p1a: Basculegion|7/100
|-unboost|p2a: Golurk|def|1
|-unboost|p2a: Golurk|spd|1
|-enditem|p1a: Basculegion|Sitrus Berry|[eat]
|-heal|p1a: Basculegion|31/100|[from] item: Sitrus Berry
|-damage|p2a: Golurk|80/100|[from] item: Life Orb
|move|p2b: Scrafty|Crunch|p1b: Froslass
|-activate|p1b: Froslass|move: Protect
|
|-weather|Snowscape|[upkeep]
|-fieldend|move: Trick Room
|upkeep
|turn|7
|inactive|KnekroGitano has 30 seconds left.
|inactive|cccfff has 30 seconds left.
|
|t:|1782762468
|switch|p2b: Chandelure|Chandelure, L50, M|100/100
|move|p2a: Golurk|Protect|p2a: Golurk
|-singleturn|p2a: Golurk|Protect
|move|p1b: Froslass|Blizzard|p2b: Chandelure|[spread] p2b
|-activate|p2a: Golurk|move: Protect
|-resisted|p2b: Chandelure|1
|-damage|p2b: Chandelure|82/100
|move|p1a: Basculegion|Wave Crash|p2b: Chandelure
|-supereffective|p2b: Chandelure|1
|-damage|p2b: Chandelure|0 fnt
|faint|p2b: Chandelure
|-damage|p1a: Basculegion|10/100|[from] Recoil
|
|-weather|Snowscape|[upkeep]
|-sideend|p2: cccfff|move: Light Screen
|upkeep
|
|t:|1782762479
|switch|p2b: Scrafty|Scrafty-Mega, L50, F|40/100
|-ability|p2b: Scrafty|Intimidate|boost
|-unboost|p1a: Basculegion|atk|1
|-unboost|p1b: Froslass|atk|1
|turn|8
|
|t:|1782762496
|move|p2b: Scrafty|Detect|p2b: Scrafty
|-singleturn|p2b: Scrafty|Protect
|move|p1a: Basculegion|Aqua Jet|p2b: Scrafty
|-activate|p2b: Scrafty|move: Protect
|move|p1b: Froslass|Blizzard|p2a: Golurk|[spread] p2a
|-activate|p2b: Scrafty|move: Protect
|-supereffective|p2a: Golurk|1
|-damage|p2a: Golurk|0 fnt
|faint|p2a: Golurk
|
|-weather|Snowscape|[upkeep]
|upkeep
|turn|9
|
|t:|1782762507
|move|p1a: Basculegion|Aqua Jet|p2b: Scrafty
|-damage|p2b: Scrafty|26/100
|move|p1b: Froslass|Blizzard|p2b: Scrafty
|-crit|p2b: Scrafty
|-damage|p2b: Scrafty|0 fnt
|faint|p2b: Scrafty
|
|win|KnekroGitano
|l|☆cccfff
|player|p2|
|raw|KnekroGitano's rating: 1140 → 1161(+21 for winning)
|raw|cccfff's rating: 1080 → 1062(-18 for losing)
