|j|☆Tajinvgc2
|j|☆AlrunaDream
|html|Tajinvgc2AlrunaDream    
|uhtml|bestof|Game 2 of a best-of-3
|t:|1783826199
|gametype|doubles
|player|p1|Tajinvgc2|265|1080
|player|p2|AlrunaDream|170|1047
|gen|9
|tier|[Gen 9 Champions] VGC 2026 Reg M-B (Bo3)
|rated|
|rule|Species Clause: Limit one of each Pokémon
|rule|Item Clause: Limit 1 of each item
|clearpoke
|poke|p1|Charizard, L50, F, shiny|
|poke|p1|Kingambit, L50, M, shiny|
|poke|p1|Sylveon, L50, M, shiny|
|poke|p1|Garchomp, L50, M, shiny|
|poke|p1|Aerodactyl, L50, M|
|poke|p1|Farigiraf, L50, F, shiny|
|poke|p2|Lopunny, L50, M|
|poke|p2|Sylveon, L50, F|
|poke|p2|Talonflame, L50, M|
|poke|p2|Basculegion, L50, M|
|poke|p2|Dragonite, L50, F|
|poke|p2|Archaludon, L50, M|
|teampreview|4
|showteam|p1|Charizard||CharizarditeY|SolarPower|HeatWave,WeatherBall,SolarBeam,Protect|Modest||F|||50|]Kingambit||FocusSash|Defiant|IronHead,SuckerPunch,KowtowCleave,LowKick|Adamant||M|||50|]Sylveon||FairyFeather|Pixilate|Detect,HyperVoice,HyperBeam,QuickAttack|Modest||M|||50|]Garchomp||LifeOrb|RoughSkin|Protect,DragonClaw,Earthquake,StompingTantrum|Jolly||M|||50|]Aerodactyl||Aerodactylite|Unnerve|RockSlide,Tailwind,DualWingbeat,IceFang|Jolly||M|||50|]Farigiraf||SitrusBerry|ArmorTail|TrickRoom,Psychic,Thunderbolt,Protect|Bold||F|||50|
|showteam|p2|Lopunny||Lopunnite|CuteCharm|CloseCombat,GigaImpact,FakeOut,Encore|Jolly||M|||50|]Sylveon||FairyFeather|Pixilate|HyperVoice,HyperBeam,QuickAttack,Detect|Modest||F|||50|]Talonflame|||GaleWings|Acrobatics,FlareBlitz,Tailwind,Protect|Adamant||M|||50|]Basculegion||FocusSash|Adaptability|Liquidation,LastRespects,AquaJet,Protect|Adamant||M|||50|]Dragonite||Dragoninite|InnerFocus|DragonPulse,AirSlash,ExtremeSpeed,Protect|Modest||F|||50|]Archaludon||ChoiceScarf|Sturdy|FlashCannon,DracoMeteor,Thunderbolt,AuraSphere|Modest||M|||50|
|inactive|Battle timer is ON: inactive players will automatically lose when time's up. (requested by Tajinvgc2)
|
|t:|1783826237
|teamsize|p1|4
|teamsize|p2|4
|start
|switch|p1a: Aerodactyl|Aerodactyl, L50, M|100/100
|switch|p1b: Sylveon|Sylveon, L50, M, shiny|100/100
|switch|p2a: Lopunny|Lopunny, L50, M|100/100
|switch|p2b: Sylveon|Sylveon, L50, F|100/100
|-ability|p1a: Aerodactyl|Unnerve
|turn|1
|
|t:|1783826261
|detailschange|p1a: Aerodactyl|Aerodactyl-Mega, L50, M
|-mega|p1a: Aerodactyl|Aerodactyl|Aerodactylite
|detailschange|p2a: Lopunny|Lopunny-Mega, L50, M
|-mega|p2a: Lopunny|Lopunny|Lopunnite
|move|p2a: Lopunny|Fake Out|p1b: Sylveon
|-damage|p1b: Sylveon|74/100
|move|p1a: Aerodactyl|Dual Wingbeat|p2a: Lopunny
|-supereffective|p2a: Lopunny|1
|-damage|p2a: Lopunny|33/100
|-supereffective|p2a: Lopunny|1
|-damage|p2a: Lopunny|0 fnt
|faint|p2a: Lopunny
|-hitcount|p2: Lopunny|2
|cant|p1b: Sylveon|flinch
|move|p2b: Sylveon|Hyper Voice|p1a: Aerodactyl|[spread] p1a,p1b
|-damage|p1a: Aerodactyl|49/100
|-damage|p1b: Sylveon|36/100
|
|upkeep
|
|t:|1783826265
|switch|p2a: Archaludon|Archaludon, L50, M|100/100
|turn|2
|inactive|Tajinvgc2 has 30 seconds left.
|inactive|Tajinvgc2 has 20 seconds left.
|inactive|Tajinvgc2 has 15 seconds left.
|inactive|Tajinvgc2 has 10 seconds left.
|
|t:|1783826311
|move|p1a: Aerodactyl|Tailwind|p1a: Aerodactyl
|-sidestart|p1: Tajinvgc2|move: Tailwind
|move|p2a: Archaludon|Flash Cannon|p1b: Sylveon
|-supereffective|p1b: Sylveon|1
|-damage|p1b: Sylveon|0 fnt
|faint|p1b: Sylveon
|move|p2b: Sylveon|Hyper Voice|p1a: Aerodactyl
|-damage|p1a: Aerodactyl|0 fnt
|faint|p1a: Aerodactyl
|
|upkeep
|
|t:|1783826322
|switch|p1a: Garchomp|Garchomp, L50, M, shiny|100/100
|switch|p1b: Farigiraf|Farigiraf, L50, F, shiny|100/100
|turn|3
|
|t:|1783826339
|move|p1a: Garchomp|Protect|p1a: Garchomp
|-singleturn|p1a: Garchomp|Protect
|move|p2a: Archaludon|Flash Cannon|p1b: Farigiraf
|-damage|p1b: Farigiraf|61/100
|move|p1b: Farigiraf|Psychic|p2b: Sylveon
|-damage|p2b: Sylveon|70/100
|move|p2b: Sylveon|Hyper Voice|p1b: Farigiraf|[spread] p1b
|-activate|p1a: Garchomp|move: Protect
|-damage|p1b: Farigiraf|15/100
|-enditem|p1b: Farigiraf|Sitrus Berry|[eat]
|-heal|p1b: Farigiraf|40/100|[from] item: Sitrus Berry
|
|upkeep
|turn|4
|
|t:|1783826358
|move|p1a: Garchomp|Stomping Tantrum|p2b: Sylveon
|-damage|p2b: Sylveon|18/100
|-damage|p1a: Garchomp|90/100|[from] item: Life Orb
|move|p2a: Archaludon|Flash Cannon|p1b: Farigiraf
|-damage|p1b: Farigiraf|1/100
|move|p1b: Farigiraf|Psychic|p2b: Sylveon
|-damage|p2b: Sylveon|0 fnt
|faint|p2b: Sylveon
|
|upkeep
|
|t:|1783826364
|switch|p2b: Basculegion|Basculegion, L50, M|100/100
|turn|5
|
|t:|1783826380
|move|p1b: Farigiraf|Protect|p1b: Farigiraf
|-singleturn|p1b: Farigiraf|Protect
|move|p2b: Basculegion|Protect|p2b: Basculegion
|-singleturn|p2b: Basculegion|Protect
|move|p1a: Garchomp|Earthquake|p2b: Basculegion|[spread] p2a
|-activate|p1b: Farigiraf|move: Protect
|-activate|p2b: Basculegion|move: Protect
|-supereffective|p2a: Archaludon|1
|-damage|p2a: Archaludon|20/100y
|-damage|p1a: Garchomp|80/100|[from] item: Life Orb
|move|p2a: Archaludon|Flash Cannon|p1b: Farigiraf
|-activate|p1b: Farigiraf|move: Protect
|
|-sideend|p1: Tajinvgc2|move: Tailwind
|upkeep
|turn|6
|inactive|Tajinvgc2 has 30 seconds left.
|
|t:|1783826407
|move|p2a: Archaludon|Flash Cannon|p1b: Farigiraf
|-damage|p1b: Farigiraf|0 fnt
|faint|p1b: Farigiraf
|move|p1a: Garchomp|Earthquake|p2b: Basculegion|[spread] p2a,p2b
|-supereffective|p2a: Archaludon|1
|-damage|p2a: Archaludon|0 fnt
|-damage|p2b: Basculegion|40/100
|faint|p2a: Archaludon
|-damage|p1a: Garchomp|70/100|[from] item: Life Orb
|move|p2b: Basculegion|Liquidation|p1a: Garchomp
|-damage|p1a: Garchomp|14/100
|-damage|p2b: Basculegion|27/100|[from] ability: Rough Skin|[of] p1a: Garchomp
|
|upkeep
|turn|7
|
|t:|1783826421
|move|p2b: Basculegion|Aqua Jet|p1a: Garchomp
|-damage|p1a: Garchomp|0 fnt
|-damage|p2b: Basculegion|15/100|[from] ability: Rough Skin|[of] p1a: Garchomp
|faint|p1a: Garchomp
|
|win|AlrunaDream
