|j|☆Ltlauti
|j|☆wh1ssperr77
|html|Ltlautiwh1ssperr77    
|uhtml|bestof|Game 1 of a best-of-3
|t:|1786100648
|gametype|doubles
|player|p1|Ltlauti|101|1053
|player|p2|wh1ssperr77|pokekid|1143
|gen|9
|tier|[Gen 9 Champions] VGC 2026 Reg M-B (Bo3)
|rated|
|rule|Species Clause: Limit one of each Pokémon
|rule|Item Clause: Limit 1 of each item
|clearpoke
|poke|p1|Swampert, L50, M|
|poke|p1|Pelipper, L50, F|
|poke|p1|Archaludon, L50, F|
|poke|p1|Sinistcha, L50|
|poke|p1|Grimmsnarl, L50, M|
|poke|p1|Metagross, L50|
|poke|p2|Metagross, L50, shiny|
|poke|p2|Raichu, L50, F|
|poke|p2|Kommo-o, L50, M|
|poke|p2|Whimsicott, L50, F|
|poke|p2|Ninetales-Alola, L50, M|
|poke|p2|Ceruledge, L50, M|
|teampreview|4
|showteam|p1|Swampert||Swampertite|Torrent|WaveCrash,Earthquake,IcePunch,Protect|Adamant||M|||50|]Pelipper||DampRock|Drizzle|WeatherBall,Hurricane,Tailwind,WideGuard|Modest||F|||50|]Archaludon||Leftovers|Stamina|ElectroShot,FlashCannon,DracoMeteor,Protect|Modest||F|||50|]Sinistcha||SitrusBerry|Hospitality|MatchaGotcha,RagePowder,LifeDew,Protect|Bold|||||50|]Grimmsnarl||LightClay|Prankster|Reflect,LightScreen,PartingShot,SpiritBreak|Impish||M|||50|]Metagross||Metagrossite|ClearBody|IronHead,PsychicFangs,BulletPunch,Protect|Jolly|||||50|
|showteam|p2|Metagross||Metagrossite|ClearBody|IronHead,BodyPress,PsychicFangs,Protect|Adamant|||||50|]Raichu||RaichuniteY|LightningRod|ZapCannon,FocusBlast,FakeOut,Protect|Timid||F|||50|]Kommo-o||LifeOrb|Soundproof|AuraSphere,ClangingScales,VacuumWave,Protect|Modest||M|||50|]Whimsicott||FocusSash|Prankster|Tailwind,Encore,Moonblast,Protect|Timid||F|||50|]Ninetales-Alola||NeverMeltIce|SnowWarning|Blizzard,FreezeDry,AuroraVeil,Protect|Timid||M|||50|]Ceruledge||ColburBerry|FlashFire|BitterBlade,ShadowSneak,BulkUp,Protect|Adamant||M|||50|
|inactive|Battle timer is ON: inactive players will automatically lose when time's up. (requested by wh1ssperr77)
|
|t:|1786100745
|teamsize|p1|4
|teamsize|p2|4
|start
|switch|p1a: Grimmsnarl|Grimmsnarl, L50, M|100/100
|switch|p1b: Metagross|Metagross, L50|100/100
|switch|p2a: Raichu|Raichu, L50, F|100/100
|switch|p2b: Whimsicott|Whimsicott, L50, F|100/100
|turn|1
|inactive|Ltlauti has 30 seconds left.
|inactive|wh1ssperr77 has 30 seconds left.
|
|t:|1786100775
|detailschange|p2a: Raichu|Raichu-Mega-Y, L50, F
|-mega|p2a: Raichu|Raichu|Raichunite Y
|move|p2a: Raichu|Fake Out|p1a: Grimmsnarl
|-damage|p1a: Grimmsnarl|93/100
|move|p2b: Whimsicott|Tailwind|p2b: Whimsicott
|-sidestart|p2: wh1ssperr77|move: Tailwind
|cant|p1a: Grimmsnarl|flinch
|move|p1b: Metagross|Iron Head|p2b: Whimsicott
|-supereffective|p2b: Whimsicott|1
|-enditem|p2b: Whimsicott|Focus Sash
|-damage|p2b: Whimsicott|1/100
|
|upkeep
|turn|2
|inactive|Ltlauti has 30 seconds left.
|
|t:|1786100802
|switch|p2b: Kommo-o|Kommo-o, L50, M|100/100
|move|p1b: Metagross|Bullet Punch|p2b: Kommo-o
|-damage|p2b: Kommo-o|79/100
|move|p1a: Grimmsnarl|Light Screen|p1a: Grimmsnarl
|-sidestart|p1: Ltlauti|move: Light Screen
|move|p2a: Raichu|Zap Cannon|p1b: Metagross
|-damage|p1b: Metagross|51/100
|-status|p1b: Metagross|par
|
|upkeep
|turn|3
|
|t:|1786100822
|move|p2a: Raichu|Zap Cannon|p1b: Metagross
|-damage|p1b: Metagross|0 fnt
|faint|p1b: Metagross
|move|p2b: Kommo-o|Aura Sphere|p1a: Grimmsnarl
|-damage|p1a: Grimmsnarl|54/100
|-damage|p2b: Kommo-o|69/100|[from] item: Life Orb
|move|p1a: Grimmsnarl|Spirit Break|p2b: Kommo-o
|-supereffective|p2b: Kommo-o|2
|-damage|p2b: Kommo-o|0 fnt
|faint|p2b: Kommo-o
|
|upkeep
|
|t:|1786100833
|switch|p1b: Pelipper|Pelipper, L50, F|100/100
|switch|p2b: Whimsicott|Whimsicott, L50, F|1/100
|-weather|RainDance|[from] ability: Drizzle|[of] p1b: Pelipper
|turn|4
|
|t:|1786100851
|switch|p1b: Swampert|Swampert, L50, M|100/100
|move|p2a: Raichu|Zap Cannon|p1b: Swampert
|-immune|p1b: Swampert
|move|p2b: Whimsicott|Moonblast|p1a: Grimmsnarl
|-supereffective|p1a: Grimmsnarl|1
|-damage|p1a: Grimmsnarl|0 fnt
|faint|p1a: Grimmsnarl
|
|-weather|RainDance|[upkeep]
|-sideend|p2: wh1ssperr77|move: Tailwind
|upkeep
|
|t:|1786100860
|switch|p1a: Pelipper|Pelipper, L50, F|100/100
|turn|5
|
|t:|1786100871
|detailschange|p1b: Swampert|Swampert-Mega, L50, M
|-mega|p1b: Swampert|Swampert|Swampertite
|move|p2b: Whimsicott|Tailwind|p2b: Whimsicott
|-sidestart|p2: wh1ssperr77|move: Tailwind
|move|p2a: Raichu|Zap Cannon|p1a: Pelipper
|-supereffective|p1a: Pelipper|2
|-crit|p1a: Pelipper
|-damage|p1a: Pelipper|0 fnt
|faint|p1a: Pelipper
|move|p1b: Swampert|Earthquake|p2b: Whimsicott|[spread] p2a,p2b
|-supereffective|p2a: Raichu|1
|-resisted|p2b: Whimsicott|1
|-damage|p2a: Raichu|0 fnt
|-damage|p2b: Whimsicott|0 fnt
|faint|p2a: Raichu
|faint|p2b: Whimsicott
|
|-weather|RainDance|[upkeep]
|upkeep
|
|t:|1786100880
|switch|p2a: Ninetales|Ninetales-Alola, L50, M|100/100
|-weather|Snowscape|[from] ability: Snow Warning|[of] p2a: Ninetales
|turn|6
|
|t:|1786100888
|move|p1b: Swampert|Protect|p1b: Swampert
|-singleturn|p1b: Swampert|Protect
|move|p2a: Ninetales|Freeze-Dry|p1b: Swampert
|-activate|p1b: Swampert|move: Protect
|
|-weather|Snowscape|[upkeep]
|upkeep
|turn|7
|
|t:|1786100896
|move|p2a: Ninetales|Freeze-Dry|p1b: Swampert
|-supereffective|p1b: Swampert|2
|-damage|p1b: Swampert|17/100
|move|p1b: Swampert|Earthquake|p2a: Ninetales
|-damage|p2a: Ninetales|40/100
|
|-weather|Snowscape|[upkeep]
|upkeep
|turn|8
|
|t:|1786100903
|move|p1b: Swampert|Protect|p1b: Swampert
|-singleturn|p1b: Swampert|Protect
|move|p2a: Ninetales|Freeze-Dry|p1b: Swampert
|-activate|p1b: Swampert|move: Protect
|
|-weather|Snowscape|[upkeep]
|-sideend|p2: wh1ssperr77|move: Tailwind
|upkeep
|turn|9
|
|t:|1786100913
|move|p2a: Ninetales|Freeze-Dry|p1b: Swampert
|-supereffective|p1b: Swampert|2
|-damage|p1b: Swampert|0 fnt
|faint|p1b: Swampert
|
|win|wh1ssperr77
||Ltlauti is ready for game 2.
||wh1ssperr77 is ready for game 2.
|uhtml|next|Next: Game 2 of 3
