|j|☆Its Sushiii
|j|☆cooledoregon
|html|Its Sushiiicooledoregon    
|uhtml|bestof|Game 1 of a best-of-3
|t:|1783281605
|gametype|doubles
|player|p1|Its Sushiii|170|1289
|player|p2|cooledoregon|101|1308
|gen|9
|tier|[Gen 9 Champions] VGC 2026 Reg M-B (Bo3)
|rated|
|rule|Species Clause: Limit one of each Pokémon
|rule|Item Clause: Limit 1 of each item
|clearpoke
|poke|p1|Excadrill, L50, M, shiny|
|poke|p1|Tyranitar, L50, M|
|poke|p1|Farigiraf, L50, M|
|poke|p1|Torkoal, L50, F|
|poke|p1|Floette-Eternal, L50, F|
|poke|p1|Incineroar, L50, M|
|poke|p2|Aerodactyl, L50, M|
|poke|p2|Meganium, L50, F|
|poke|p2|Basculegion, L50, M|
|poke|p2|Sneasler, L50, F|
|poke|p2|Kingambit, L50, F|
|poke|p2|Farigiraf, L50, M|
|teampreview|4
|showteam|p1|Excadrill||FocusSash|SandRush|IronHead,HighHorsepower,RockSlide,Protect|Jolly||M|||50|]Tyranitar||Tyranitarite|SandStream|RockSlide,KnockOff,IcePunch,Protect|Adamant||M|||50|]Farigiraf||SitrusBerry|ArmorTail|PsychicFangs,Thunderbolt,HelpingHand,TrickRoom|Relaxed||M|||50|]Torkoal||Charcoal|Drought|Eruption,WeatherBall,SolarBeam,Protect|Quiet||F|||50|]Floette-Eternal||Floettite|FlowerVeil|Moonblast,DazzlingGleam,LightofRuin,Protect|Modest||F|||50|]Incineroar||ShucaBerry|Intimidate|PartingShot,DarkestLariat,FlareBlitz,FakeOut|Impish||M|||50|
|showteam|p2|Aerodactyl||Aerodactylite|Unnerve|RockSlide,DualWingbeat,IceFang,Tailwind|Jolly||M|||50|]Meganium||Meganiumite|Overgrow|SolarBeam,WeatherBall,DazzlingGleam,Protect|Modest||F|||50|]Basculegion||ChoiceScarf|Adaptability|FlipTurn,WaveCrash,LastRespects,AquaJet|Jolly||M|||50|]Sneasler||WhiteHerb|Unburden|FakeOut,DireClaw,CloseCombat,Protect|Jolly||F|||50|]Kingambit||FocusSash|Defiant|KowtowCleave,IronHead,SuckerPunch,LowKick|Jolly||F|||50|]Farigiraf||SitrusBerry|ArmorTail|Psychic,TrickRoom,Protect,Thunderbolt|Bold||M|||50|
|inactive|Battle timer is ON: inactive players will automatically lose when time's up. (requested by cooledoregon)
|inactive|Its Sushiii has 60 seconds left.
|inactive|cooledoregon has 60 seconds left.
|inactive|cooledoregon has 30 seconds left.
|inactive|cooledoregon has 20 seconds left.
|inactive|cooledoregon has 15 seconds left.
|
|t:|1783281684
|teamsize|p1|4
|teamsize|p2|4
|start
|switch|p1a: Excadrill|Excadrill, L50, M, shiny|100/100
|switch|p1b: Tyranitar|Tyranitar, L50, M|100/100
|switch|p2a: Aerodactyl|Aerodactyl, L50, M|100/100
|switch|p2b: Basculegion|Basculegion, L50, M|100/100
|-ability|p2a: Aerodactyl|Unnerve
|-weather|Sandstorm|[from] ability: Sand Stream|[of] p1b: Tyranitar
|turn|1
|
|t:|1783281706
|switch|p1b: Farigiraf|Farigiraf, L50, M|100/100
|move|p1a: Excadrill|Iron Head|p2a: Aerodactyl
|-supereffective|p2a: Aerodactyl|1
|-damage|p2a: Aerodactyl|0 fnt
|faint|p2a: Aerodactyl
|move|p2b: Basculegion|Flip Turn|p1a: Excadrill
|-supereffective|p1a: Excadrill|1
|-enditem|p1a: Excadrill|Focus Sash
|-damage|p1a: Excadrill|1/100
|
|t:|1783281725
|switch|p2b: Meganium|Meganium, L50, F|100/100|[from] Flip Turn
|
|-weather|Sandstorm|[upkeep]
|-damage|p2b: Meganium|93/100|[from] Sandstorm
|-damage|p1b: Farigiraf|94/100|[from] Sandstorm
|upkeep
|
|t:|1783281726
|switch|p2a: Basculegion|Basculegion, L50, M|100/100
|turn|2
|inactive|Its Sushiii has 30 seconds left.
|inactive|cooledoregon has 30 seconds left.
|
|t:|1783281761
|detailschange|p2b: Meganium|Meganium-Mega, L50, F
|-mega|p2b: Meganium|Meganium|Meganiumite
|move|p1a: Excadrill|Rock Slide|p2b: Meganium|[spread] p2b
|-miss|p1a: Excadrill|p2a: Basculegion
|-damage|p2b: Meganium|75/100
|move|p2a: Basculegion|Flip Turn|p1b: Farigiraf
|-damage|p1b: Farigiraf|62/100
|
|t:|1783281765
|switch|p2a: Sneasler|Sneasler, L50, F|100/100|[from] Flip Turn
|move|p2b: Meganium|Solar Beam||[still]
|-prepare|p2b: Meganium|Solar Beam
|-activate|p2b: Meganium|ability: Mega Sol
|-anim|p2b: Meganium|Solar Beam|p1b: Farigiraf
|-damage|p1b: Farigiraf|3/100
|-enditem|p1b: Farigiraf|Sitrus Berry|[eat]
|-heal|p1b: Farigiraf|27/100|[from] item: Sitrus Berry
|move|p1b: Farigiraf|Trick Room|p1b: Farigiraf
|-fieldstart|move: Trick Room|[of] p1b: Farigiraf
|
|-weather|Sandstorm|[upkeep]
|-damage|p1b: Farigiraf|21/100|[from] Sandstorm
|-damage|p2b: Meganium|68/100|[from] Sandstorm
|-damage|p2a: Sneasler|94/100|[from] Sandstorm
|upkeep
|turn|3
|inactive|Its Sushiii has 30 seconds left.
|
|t:|1783281790
|switch|p2a: Basculegion|Basculegion, L50, M|100/100
|move|p1b: Farigiraf|Psychic Fangs|p2a: Basculegion
|-damage|p2a: Basculegion|66/100
|move|p2b: Meganium|Dazzling Gleam|p1a: Excadrill|[spread] p1a,p1b
|-resisted|p1a: Excadrill|1
|-damage|p1a: Excadrill|0 fnt
|-damage|p1b: Farigiraf|0 fnt
|faint|p1a: Excadrill
|faint|p1b: Farigiraf
|
|-weather|Sandstorm|[upkeep]
|-damage|p2b: Meganium|62/100|[from] Sandstorm
|-damage|p2a: Basculegion|60/100|[from] Sandstorm
|upkeep
|
|t:|1783281805
|switch|p1b: Torkoal|Torkoal, L50, F|100/100
|switch|p1a: Tyranitar|Tyranitar, L50, M|100/100
|-weather|SunnyDay|[from] ability: Drought|[of] p1b: Torkoal
|-weather|Sandstorm|[from] ability: Sand Stream|[of] p1a: Tyranitar
|turn|4
|
|t:|1783281827
|move|p2b: Meganium|Protect|p2b: Meganium
|-singleturn|p2b: Meganium|Protect
|move|p2a: Basculegion|Aqua Jet|p1b: Torkoal
|-supereffective|p1b: Torkoal|1
|-damage|p1b: Torkoal|61/100
|move|p1b: Torkoal|Eruption|p2a: Basculegion|[spread] p2a
|-activate|p2b: Meganium|move: Protect
|-resisted|p2a: Basculegion|1
|-damage|p2a: Basculegion|40/100
|move|p1a: Tyranitar|Knock Off|p2a: Basculegion
|-supereffective|p2a: Basculegion|1
|-damage|p2a: Basculegion|0 fnt
|-enditem|p2a: Basculegion|Choice Scarf|[from] move: Knock Off|[of] p1a: Tyranitar
|faint|p2a: Basculegion
|
|-weather|Sandstorm|[upkeep]
|-damage|p1b: Torkoal|55/100|[from] Sandstorm
|-damage|p2b: Meganium|56/100|[from] Sandstorm
|upkeep
|
|t:|1783281839
|switch|p2a: Sneasler|Sneasler, L50, F|94/100
|turn|5
|
|t:|1783281858
|detailschange|p1a: Tyranitar|Tyranitar-Mega, L50, M
|-mega|p1a: Tyranitar|Tyranitar|Tyranitarite
|move|p2a: Sneasler|Fake Out|p1b: Torkoal
|-damage|p1b: Torkoal|44/100
|cant|p1b: Torkoal|flinch
|move|p1a: Tyranitar|Ice Punch|p2b: Meganium
|-supereffective|p2b: Meganium|1
|-damage|p2b: Meganium|0 fnt
|faint|p2b: Meganium
|
|-weather|Sandstorm|[upkeep]
|-damage|p1b: Torkoal|38/100|[from] Sandstorm
|-damage|p2a: Sneasler|88/100|[from] Sandstorm
|upkeep
|turn|6
|
|t:|1783281877
|move|p2a: Sneasler|Protect|p2a: Sneasler
|-singleturn|p2a: Sneasler|Protect
|move|p1b: Torkoal|Eruption|p2a: Sneasler
|-activate|p2a: Sneasler|move: Protect
|move|p1a: Tyranitar|Ice Punch|p2a: Sneasler
|-activate|p2a: Sneasler|move: Protect
|
|-weather|Sandstorm|[upkeep]
|-damage|p1b: Torkoal|32/100|[from] Sandstorm
|-damage|p2a: Sneasler|82/100|[from] Sandstorm
|-fieldend|move: Trick Room
|upkeep
|turn|7
|
|t:|1783281892
|move|p1a: Tyranitar|Protect|p1a: Tyranitar
|-singleturn|p1a: Tyranitar|Protect
|move|p2a: Sneasler|Close Combat|p1a: Tyranitar
|-activate|p1a: Tyranitar|move: Protect
|move|p1b: Torkoal|Eruption|p2a: Sneasler
|-damage|p2a: Sneasler|46/100
|
|-weather|Sandstorm|[upkeep]
|-damage|p2a: Sneasler|40/100|[from] Sandstorm
|-damage|p1b: Torkoal|26/100|[from] Sandstorm
|upkeep
|turn|8
|
|t:|1783281914
|move|p1a: Tyranitar|Protect||[still]
|-fail|p1a: Tyranitar
|move|p2a: Sneasler|Close Combat|p1a: Tyranitar
|-supereffective|p1a: Tyranitar|2
|-damage|p1a: Tyranitar|0 fnt
|-unboost|p2a: Sneasler|def|1
|-unboost|p2a: Sneasler|spd|1
|faint|p1a: Tyranitar
|-enditem|p2a: Sneasler|White Herb
|-clearnegativeboost|p2a: Sneasler|[silent]
|move|p1b: Torkoal|Weather Ball|p2a: Sneasler
|-resisted|p2a: Sneasler|1
|-damage|p2a: Sneasler|22/100
|
|-weather|none
|upkeep
|turn|9
|-message|Its Sushiii forfeited.
|
|win|cooledoregon
||Its Sushiii is ready for game 2.
||cooledoregon is ready for game 2.
|uhtml|next|Next: Game 2 of 3
