|j|☆tactical espeonage
|j|☆jirufell
|html|tactical espeonagejirufell    
|uhtml|bestof|Game 2 of a best-of-3
|t:|1757772011
|gametype|doubles
|player|p1|tactical espeonage|102|1198
|player|p2|jirufell|acetrainerf|1214
|gen|9
|tier|[Gen 9] VGC 2025 Reg H (Bo3)
|rated|
|rule|Species Clause: Limit one of each Pokémon
|rule|Item Clause: Limit 1 of each item
|clearpoke
|poke|p1|Indeedee-F, L50, F|
|poke|p1|Espeon, L50, M|
|poke|p1|Tyranitar, L50, F|
|poke|p1|Excadrill, L50, M|
|poke|p1|Annihilape, L50, M|
|poke|p1|Scyther, L50, F|
|poke|p2|Incineroar, L50, F|
|poke|p2|Ursaluna, L50, F|
|poke|p2|Pelipper, L50, M|
|poke|p2|Sinistcha, L50|
|poke|p2|Archaludon, L50, F|
|poke|p2|Dragonite, L50, M|
|teampreview|4
|showteam|p1|Indeedee-F||PsychicSeed|PsychicSurge|Psychic,FollowMe,HelpingHand,TrickRoom|||F|||50|,,,,,Fairy]Espeon||ChoiceSpecs|MagicBounce|ExpandingForce,ShadowBall,PowerGem,TeraBlast|||M|||50|,,,,,Fighting]Tyranitar||AssaultVest|SandStream|KnockOff,RockSlide,LowKick,TeraBlast|||F|||50|,,,,,Flying]Excadrill||ClearAmulet|SandRush|HighHorsepower,IronHead,Earthquake,Protect|||M|||50|,,,,,Ghost]Annihilape||SafetyGoggles|Defiant|RageFist,CloseCombat,Taunt,Protect|||M|||50|,,,,,Fire]Scyther||Eviolite|Technician|DualWingbeat,StruggleBug,Tailwind,Protect|||F|||50|,,,,,Rock
|showteam|p2|Incineroar||SafetyGoggles|Intimidate|FlareBlitz,KnockOff,FakeOut,PartingShot|||F|||50|,,,,,Ghost]Ursaluna||FlameOrb|Guts|Protect,Facade,HeadlongRush,Earthquake|||F|||50|,,,,,Psychic]Pelipper||FocusSash|Drizzle|Protect,MuddyWater,Hurricane,Tailwind|||M|||50|,,,,,Ground]Sinistcha||SitrusBerry|Hospitality|MatchaGotcha,LifeDew,RagePowder,TrickRoom||||||50|,,,,,Dark]Archaludon||AssaultVest|Stamina|FlashCannon,BodyPress,ElectroShot,Snarl|||F|||50|,,,,,Bug]Dragonite||LoadedDice|Multiscale|Protect,ScaleShot,Tailwind,Haze|||M|||50|,,,,,Steel
|
|t:|1757772051
|teamsize|p1|4
|teamsize|p2|4
|start
|switch|p1a: Indeedee|Indeedee-F, L50, F|100/100
|switch|p1b: Espeon|Espeon, L50, M|100/100
|switch|p2a: Sinistcha|Sinistcha, L50|100/100
|switch|p2b: Pelipper|Pelipper, L50, M|100/100
|-weather|RainDance|[from] ability: Drizzle|[of] p2b: Pelipper
|-fieldstart|move: Psychic Terrain|[from] ability: Psychic Surge|[of] p1a: Indeedee
|-enditem|p1a: Indeedee|Psychic Seed
|-boost|p1a: Indeedee|spd|1|[from] item: Psychic Seed
|turn|1
|
|t:|1757772085
|switch|p1a: Tyranitar|Tyranitar, L50, F|100/100
|-weather|Sandstorm|[from] ability: Sand Stream|[of] p1a: Tyranitar
|move|p1b: Espeon|Expanding Force|p2b: Pelipper|[spread] p2a,p2b
|-damage|p2a: Sinistcha|28/100
|-enditem|p2b: Pelipper|Focus Sash
|-damage|p2b: Pelipper|1/100
|-enditem|p2a: Sinistcha|Sitrus Berry|[eat]
|-heal|p2a: Sinistcha|53/100|[from] item: Sitrus Berry
|move|p2b: Pelipper|Muddy Water|p1a: Tyranitar|[spread] p1a,p1b
|-supereffective|p1a: Tyranitar
|-damage|p1a: Tyranitar|75/100
|-damage|p1b: Espeon|64/100
|-unboost|p1b: Espeon|accuracy|1
|move|p2a: Sinistcha|Trick Room|p2a: Sinistcha
|-fieldstart|move: Trick Room|[of] p2a: Sinistcha
|
|-weather|Sandstorm|[upkeep]
|-damage|p2a: Sinistcha|47/100|[from] Sandstorm
|-damage|p2b: Pelipper|0 fnt|[from] Sandstorm
|-damage|p1b: Espeon|59/100|[from] Sandstorm
|faint|p2b: Pelipper
|upkeep
|
|t:|1757772096
|switch|p2b: Ursaluna|Ursaluna, L50, F|100/100
|turn|2
|
|t:|1757772139
|switch|p1a: Indeedee|Indeedee-F, L50, F|100/100
|-terastallize|p2a: Sinistcha|Dark
|move|p2b: Ursaluna|Protect|p2b: Ursaluna
|-singleturn|p2b: Ursaluna|Protect
|move|p2a: Sinistcha|Matcha Gotcha|p1a: Indeedee|[spread] p1a,p1b
|-damage|p1a: Indeedee|76/100
|-heal|p2a: Sinistcha|59/100|[from] drain|[of] p1a: Indeedee
|-damage|p1b: Espeon|27/100
|-heal|p2a: Sinistcha|72/100|[from] drain|[of] p1b: Espeon
|-status|p1a: Indeedee|brn
|move|p1b: Espeon|Expanding Force|p2a: Sinistcha|[spread] 
|-activate|p2b: Ursaluna|move: Protect
|-immune|p2a: Sinistcha
|
|-weather|Sandstorm|[upkeep]
|-damage|p2a: Sinistcha|66/100|[from] Sandstorm
|-damage|p1a: Indeedee|71/100 brn|[from] Sandstorm
|-damage|p1b: Espeon|21/100|[from] Sandstorm
|-damage|p1a: Indeedee|65/100 brn|[from] brn
|-status|p2b: Ursaluna|brn|[from] item: Flame Orb
|upkeep
|turn|3
|
|t:|1757772182
|switch|p1a: Annihilape|Annihilape, L50, M|100/100
|switch|p1b: Tyranitar|Tyranitar, L50, F|75/100
|move|p2b: Ursaluna|Earthquake|p1a: Annihilape|[spread] p2a,p1a,p1b
|-supereffective|p1b: Tyranitar
|-crit|p1b: Tyranitar
|-damage|p2a: Sinistcha|0 fnt
|-damage|p1a: Annihilape|35/100
|-damage|p1b: Tyranitar|0 fnt
|faint|p2a: Sinistcha
|faint|p1b: Tyranitar
|
|-weather|Sandstorm|[upkeep]
|-damage|p2b: Ursaluna|95/100 brn|[from] brn
|upkeep
|
|t:|1757772201
|switch|p2a: Archaludon|Archaludon, L50, F|100/100
|switch|p1b: Indeedee|Indeedee-F, L50, F|65/100 brn
|turn|4
|
|t:|1757772237
|move|p2b: Ursaluna|Earthquake|p1a: Annihilape|[spread] p2a,p1a,p1b
|-supereffective|p2a: Archaludon
|-damage|p2a: Archaludon|17/100
|-damage|p1a: Annihilape|0 fnt
|-damage|p1b: Indeedee|0 fnt
|-ability|p2a: Archaludon|Stamina|boost
|-boost|p2a: Archaludon|def|1
|faint|p1a: Annihilape
|faint|p1b: Indeedee
|move|p2a: Archaludon|Flash Cannon|p1: Annihilape|[notarget]
|-fail|p2a: Archaludon
|
|-weather|Sandstorm|[upkeep]
|-damage|p2b: Ursaluna|89/100 brn|[from] brn
|upkeep
|
|t:|1757772248
|switch|p1b: Espeon|Espeon, L50, M|21/100
|turn|5
|
|t:|1757772259
|move|p2b: Ursaluna|Facade|p1b: Espeon
|-damage|p1b: Espeon|0 fnt
|faint|p1b: Espeon
|
|win|jirufell
||jirufell is ready for game 3.
|inactive|tactical espeonage has 30 seconds to confirm battle start!
||tactical espeonage is ready for game 3.
|uhtml|next|Next: Game 3 of 3
