|j|☆MrMrvz
|j|☆Roseofrosarade
|html|MrMrvzRoseofrosarade    
|uhtml|bestof|Game 2 of a best-of-3
|t:|1785433027
|gametype|doubles
|player|p1|MrMrvz|ethan|1132
|player|p2|Roseofrosarade|170|1040
|gen|9
|tier|[Gen 9 Champions] VGC 2026 Reg M-B (Bo3)
|rated|
|rule|Species Clause: Limit one of each Pokémon
|rule|Item Clause: Limit 1 of each item
|clearpoke
|poke|p1|Staraptor, L50, M|
|poke|p1|Feraligatr, L50, M, shiny|
|poke|p1|Whimsicott, L50, F|
|poke|p1|Glimmora, L50, F|
|poke|p1|Delphox, L50, M|
|poke|p1|Kingambit, L50, M, shiny|
|poke|p2|Staraptor, L50, M|
|poke|p2|Milotic, L50, F|
|poke|p2|Sinistcha, L50|
|poke|p2|Aegislash, L50, M|
|poke|p2|Garchomp, L50, M|
|poke|p2|Incineroar, L50, F|
|teampreview|4
|showteam|p1|Staraptor||Staraptite|Intimidate|BraveBird,CloseCombat,Roost,Protect|Jolly||M|||50|]Feraligatr||LifeOrb|SheerForce|Liquidation,RockSlide,IcePunch,AquaJet|Adamant||M|||50|]Whimsicott||OccaBerry|Prankster|Tailwind,Moonblast,Charm,LightScreen|Timid||F|||50|]Glimmora||FocusSash|ToxicDebris|PowerGem,SludgeBomb,EarthPower,SpikyShield|Modest||F|||50|]Delphox||Delphoxite|Blaze|HeatWave,Psychic,Encore,Protect|Timid||M|||50|]Kingambit||ChopleBerry|Defiant|KowtowCleave,IronHead,LowKick,SuckerPunch|Adamant||M|||50|
|showteam|p2|Staraptor||Staraptite|Intimidate|Tailwind,Protect,CloseCombat,DualWingbeat|Jolly||M|||50|]Milotic||BrightPowder|Competitive|LifeDew,Scald,MuddyWater,Protect|Bold||F|||50|]Sinistcha||SitrusBerry|Hospitality|StrengthSap,MatchaGotcha,RagePowder,LifeDew|Bold|||||50|]Aegislash||Leftovers|StanceChange|WideGuard,KingsShield,IronHead,ShadowBall|Sassy||M|||50|]Garchomp||RoseliBerry|SandVeil|Protect,SwordsDance,RockSlide,StompingTantrum|Serious||M|||50|]Incineroar||ChestoBerry|Blaze|FakeOut,PartingShot,FlareBlitz,Crunch|Careful||F|||50|
|
|t:|1785433078
|teamsize|p1|4
|teamsize|p2|4
|start
|switch|p1a: Glimmora|Glimmora, L50, F|100/100
|switch|p1b: Whimsicott|Whimsicott, L50, F|100/100
|switch|p2a: Incineroar|Incineroar, L50, F|100/100
|switch|p2b: Garchomp|Garchomp, L50, M|100/100
|turn|1
|
|t:|1785433112
|switch|p2a: Milotic|Milotic, L50, F|100/100
|move|p1a: Glimmora|Spiky Shield|p1a: Glimmora
|-singleturn|p1a: Glimmora|move: Protect
|move|p1b: Whimsicott|Tailwind|p1b: Whimsicott
|-sidestart|p1: MrMrvz|move: Tailwind
|move|p2b: Garchomp|Stomping Tantrum|p1a: Glimmora
|-activate|p1a: Glimmora|move: Protect
|-damage|p2b: Garchomp|87/100|[from] Spiky Shield|[of] p1a: Glimmora
|
|upkeep
|turn|2
|
|t:|1785433133
|switch|p1a: Feraligatr|Feraligatr, L50, M, shiny|100/100
|move|p1b: Whimsicott|Light Screen|p1b: Whimsicott
|-sidestart|p1: MrMrvz|move: Light Screen
|move|p2b: Garchomp|Stomping Tantrum|p1a: Feraligatr
|-damage|p1a: Feraligatr|60/100
|move|p2a: Milotic|Muddy Water|p1a: Feraligatr|[spread] p1a,p1b
|-resisted|p1a: Feraligatr|1
|-resisted|p1b: Whimsicott|1
|-damage|p1a: Feraligatr|53/100
|-damage|p1b: Whimsicott|88/100
|
|upkeep
|turn|3
|
|t:|1785433157
|move|p1b: Whimsicott|Charm|p2b: Garchomp
|-unboost|p2b: Garchomp|atk|2
|move|p1a: Feraligatr|Ice Punch|p2b: Garchomp
|-supereffective|p2b: Garchomp|2
|-damage|p2b: Garchomp|0 fnt
|faint|p2b: Garchomp
|move|p2a: Milotic|Life Dew||[still]
|-fail|p2a: Milotic|heal
|
|upkeep
|
|t:|1785433165
|switch|p2b: Aegislash|Aegislash, L50, M|100/100
|turn|4
|
|t:|1785433181
|move|p1b: Whimsicott|Moonblast|p2a: Milotic
|-damage|p2a: Milotic|79/100
|move|p1a: Feraligatr|Rock Slide|p2a: Milotic|[spread] p2a,p2b
|-resisted|p2b: Aegislash|1
|-damage|p2a: Milotic|59/100
|-damage|p2b: Aegislash|88/100
|move|p2a: Milotic|Scald|p1a: Feraligatr
|-resisted|p1a: Feraligatr|1
|-damage|p1a: Feraligatr|45/100
|-status|p1a: Feraligatr|brn
|-formechange|p2b: Aegislash|Aegislash-Blade|
|move|p2b: Aegislash|Shadow Ball|p1a: Feraligatr
|-damage|p1a: Feraligatr|20/100y brn
|
|-heal|p2b: Aegislash|94/100|[from] item: Leftovers
|-damage|p1a: Feraligatr|14/100 brn|[from] brn
|-sideend|p1: MrMrvz|move: Tailwind
|upkeep
|turn|5
|
|t:|1785433214
|switch|p1a: Staraptor|Staraptor, L50, M|100/100
|-ability|p1a: Staraptor|Intimidate|boost
|-unboost|p2a: Milotic|atk|1
|-ability|p2a: Milotic|Competitive|boost
|-boost|p2a: Milotic|spa|2
|-unboost|p2b: Aegislash|atk|1
|-formechange|p2b: Aegislash|Aegislash|
|move|p2b: Aegislash|King's Shield|p2b: Aegislash
|-singleturn|p2b: Aegislash|Protect
|move|p1b: Whimsicott|Tailwind|p1b: Whimsicott
|-sidestart|p1: MrMrvz|move: Tailwind
|move|p2a: Milotic|Life Dew|p2a: Milotic|[spread] p2a,p2b
|-heal|p2a: Milotic|84/100
|-heal|p2b: Aegislash|100/100
|
|upkeep
|turn|6
|
|t:|1785433244
|detailschange|p1a: Staraptor|Staraptor-Mega, L50, M
|-mega|p1a: Staraptor|Staraptor|Staraptite
|move|p1b: Whimsicott|Charm|p1a: Staraptor
|-boost|p1a: Staraptor|atk|2
|move|p1a: Staraptor|Close Combat|p2a: Milotic
|-damage|p2a: Milotic|3/100
|-boost|p1a: Staraptor|def|1
|-boost|p1a: Staraptor|spd|1
|move|p2a: Milotic|Scald|p1a: Staraptor
|-damage|p1a: Staraptor|74/100
|-formechange|p2b: Aegislash|Aegislash-Blade|
|move|p2b: Aegislash|Shadow Ball|p1a: Staraptor
|-damage|p1a: Staraptor|55/100
|
|-sideend|p1: MrMrvz|move: Light Screen
|upkeep
|turn|7
|
|t:|1785433270
|switch|p2a: Incineroar|Incineroar, L50, F|100/100
|move|p1a: Staraptor|Roost|p1a: Staraptor
|-heal|p1a: Staraptor|100/100
|-singleturn|p1a: Staraptor|move: Roost
|move|p1b: Whimsicott|Moonblast|p2a: Incineroar
|-damage|p2a: Incineroar|80/100
|-unboost|p2a: Incineroar|spa|1
|move|p2b: Aegislash|Shadow Ball|p1a: Staraptor
|-damage|p1a: Staraptor|75/100
|
|upkeep
|turn|8
|
|t:|1785433298
|switch|p2a: Milotic|Milotic, L50, F|3/100
|move|p1a: Staraptor|Protect|p1a: Staraptor
|-singleturn|p1a: Staraptor|Protect
|move|p1b: Whimsicott|Moonblast|p2a: Milotic
|-crit|p2a: Milotic
|-damage|p2a: Milotic|0 fnt
|faint|p2a: Milotic
|move|p2b: Aegislash|Shadow Ball|p1a: Staraptor
|-activate|p1a: Staraptor|move: Protect
|
|-sideend|p1: MrMrvz|move: Tailwind
|upkeep
|
|t:|1785433305
|switch|p2a: Incineroar|Incineroar, L50, F|80/100
|turn|9
|inactive|Battle timer is ON: inactive players will automatically lose when time's up. (requested by Roseofrosarade)
|
|t:|1785433332
|move|p2a: Incineroar|Fake Out|p1a: Staraptor
|-damage|p1a: Staraptor|68/100
|move|p1b: Whimsicott|Charm|p2a: Incineroar
|-hint|Since gen 7, Dark is immune to Prankster moves.
|-immune|p2a: Incineroar
|cant|p1a: Staraptor|flinch
|move|p2b: Aegislash|Shadow Ball|p1a: Staraptor
|-damage|p1a: Staraptor|42/100
|
|upkeep
|turn|10
|
|t:|1785433345
|move|p1b: Whimsicott|Light Screen|p1b: Whimsicott
|-sidestart|p1: MrMrvz|move: Light Screen
|move|p1a: Staraptor|Roost|p1a: Staraptor
|-heal|p1a: Staraptor|92/100
|-singleturn|p1a: Staraptor|move: Roost
|move|p2a: Incineroar|Flare Blitz|p1a: Staraptor
|-damage|p1a: Staraptor|62/100
|-damage|p2a: Incineroar|71/100|[from] Recoil
|move|p2b: Aegislash|Shadow Ball|p1a: Staraptor
|-damage|p1a: Staraptor|44/100
|
|upkeep
|turn|11
|
|t:|1785433370
|move|p1b: Whimsicott|Tailwind|p1b: Whimsicott
|-sidestart|p1: MrMrvz|move: Tailwind
|move|p1a: Staraptor|Roost|p1a: Staraptor
|-heal|p1a: Staraptor|95/100
|-singleturn|p1a: Staraptor|move: Roost
|move|p2a: Incineroar|Flare Blitz|p1a: Staraptor
|-damage|p1a: Staraptor|66/100
|-damage|p2a: Incineroar|63/100|[from] Recoil
|move|p2b: Aegislash|Shadow Ball|p1a: Staraptor
|-damage|p1a: Staraptor|49/100
|
|upkeep
|turn|12
|
|t:|1785433384
|switch|p1b: Feraligatr|Feraligatr, L50, M, shiny|14/100 brn
|move|p1a: Staraptor|Roost|p1a: Staraptor
|-heal|p1a: Staraptor|100/100
|-singleturn|p1a: Staraptor|move: Roost
|move|p2a: Incineroar|Flare Blitz|p1a: Staraptor
|-damage|p1a: Staraptor|66/100
|-damage|p2a: Incineroar|53/100|[from] Recoil
|move|p2b: Aegislash|Shadow Ball|p1a: Staraptor
|-damage|p1a: Staraptor|49/100
|
|-damage|p1b: Feraligatr|8/100 brn|[from] brn
|upkeep
|turn|13
|
|t:|1785433409
|move|p1a: Staraptor|Close Combat|p2a: Incineroar
|-supereffective|p2a: Incineroar|1
|-damage|p2a: Incineroar|0 fnt
|-boost|p1a: Staraptor|def|1
|-boost|p1a: Staraptor|spd|1
|faint|p2a: Incineroar
|move|p1b: Feraligatr|Liquidation|p2b: Aegislash
|-damage|p2b: Aegislash|40/100
|move|p2b: Aegislash|Shadow Ball|p1a: Staraptor
|-damage|p1a: Staraptor|34/100
|
|-heal|p2b: Aegislash|46/100|[from] item: Leftovers
|-damage|p1b: Feraligatr|3/100 brn|[from] brn
|upkeep
|turn|14
|
|t:|1785433427
|move|p1a: Staraptor|Roost|p1a: Staraptor
|-heal|p1a: Staraptor|85/100
|-singleturn|p1a: Staraptor|move: Roost
|move|p1b: Feraligatr|Liquidation|p2b: Aegislash
|-damage|p2b: Aegislash|0 fnt
|faint|p2b: Aegislash
|
|win|MrMrvz
|l|☆Roseofrosarade
|player|p2|
||Roseofrosarade is ready for game 3.
