|j|☆Can I pet the dog?
|j|☆Navizz0
|html|Can I pet the dog?Navizz0    
|uhtml|bestof|Game 2 of a best-of-3
|t:|1785504686
|gametype|doubles
|player|p1|Can I pet the dog?|102|1472
|player|p2|Navizz0|ethan|1380
|gen|9
|tier|[Gen 9 Champions] VGC 2026 Reg M-B (Bo3)
|rated|
|rule|Species Clause: Limit one of each Pokémon
|rule|Item Clause: Limit 1 of each item
|clearpoke
|poke|p1|Charizard, L50, M|
|poke|p1|Glimmora, L50, M|
|poke|p1|Whimsicott, L50, F|
|poke|p1|Ninetales-Alola, L50, F|
|poke|p1|Kingambit, L50, M|
|poke|p1|Kommo-o, L50, M|
|poke|p2|Blaziken, L50, M|
|poke|p2|Ninetales-Alola, L50, F|
|poke|p2|Kingambit, L50, M|
|poke|p2|Basculegion, L50, M|
|poke|p2|Whimsicott, L50, F|
|poke|p2|Aerodactyl, L50, M|
|teampreview|4
|showteam|p1|Charizard||CharizarditeY|Blaze|HeatWave,WeatherBall,SolarBeam,Protect|Modest||M|||50|]Glimmora||Glimmoranite|ToxicDebris|SludgeBomb,PowerGem,EarthPower,SpikyShield|Timid||M|||50|]Whimsicott||FocusSash|Prankster|Moonblast,Tailwind,Encore,Protect|Timid||F|||50|]Ninetales-Alola||NeverMeltIce|SnowWarning|Blizzard,FreezeDry,Disable,Protect|Timid||F|||50|]Kingambit||BlackGlasses|Defiant|KowtowCleave,SuckerPunch,IronHead,Protect|Adamant||M|||50|]Kommo-o||LifeOrb|Soundproof|ClangingScales,AuraSphere,VacuumWave,Protect|Modest||M|||50|
|showteam|p2|Blaziken||Blazikenite|SpeedBoost|AuraSphere,HeatWave,ScorchingSands,Detect|Modest||M|||50|]Ninetales-Alola||LifeOrb|SnowWarning|Blizzard,FreezeDry,Moonblast,Protect|Timid||F|||50|]Kingambit||BlackGlasses|Defiant|SuckerPunch,IronHead,Protect,KowtowCleave|Adamant||M|||50|]Basculegion||ChoiceScarf|Adaptability|LastRespects,WaveCrash,AquaJet,FlipTurn|Jolly||M|||50|]Whimsicott||FocusSash|Prankster|Moonblast,Tailwind,Protect,Encore|Timid||F|||50|]Aerodactyl||Aerodactylite|Unnerve|RockSlide,DualWingbeat,WideGuard,PsychicFangs|Jolly||M|||50|
|inactive|Battle timer is ON: inactive players will automatically lose when time's up. (requested by Can I pet the dog?)
|inactive|Navizz0 also wants the timer to be on.
|
|t:|1785504706
|teamsize|p1|4
|teamsize|p2|4
|start
|switch|p1a: Charizard|Charizard, L50, M|100/100
|switch|p1b: Whimsicott|Whimsicott, L50, F|100/100
|switch|p2a: Whimsicott|Whimsicott, L50, F|100/100
|switch|p2b: Blaziken|Blaziken, L50, M|100/100
|turn|1
|
|t:|1785504722
|detailschange|p1a: Charizard|Charizard-Mega-Y, L50, M
|-mega|p1a: Charizard|Charizard|Charizardite Y
|-weather|SunnyDay|[from] ability: Drought|[of] p1a: Charizard
|detailschange|p2b: Blaziken|Blaziken-Mega, L50, M
|-mega|p2b: Blaziken|Blaziken|Blazikenite
|move|p2a: Whimsicott|Tailwind|p2a: Whimsicott
|-sidestart|p2: Navizz0|move: Tailwind
|move|p1b: Whimsicott|Tailwind|p1b: Whimsicott
|-sidestart|p1: Can I pet the dog?|move: Tailwind
|move|p2b: Blaziken|Heat Wave|p1b: Whimsicott|[spread] p1a
|-miss|p2b: Blaziken|p1b: Whimsicott
|-resisted|p1a: Charizard|1
|-damage|p1a: Charizard|69/100
|move|p1a: Charizard|Heat Wave|p2b: Blaziken|[spread] p2a
|-miss|p1a: Charizard|p2b: Blaziken
|-supereffective|p2a: Whimsicott|1
|-enditem|p2a: Whimsicott|Focus Sash
|-damage|p2a: Whimsicott|1/100
|
|-weather|SunnyDay|[upkeep]
|-ability|p2b: Blaziken|Speed Boost|boost
|-boost|p2b: Blaziken|spe|1
|upkeep
|turn|2
|inactive|Can I pet the dog? has 30 seconds left.
|
|t:|1785504750
|move|p2a: Whimsicott|Protect|p2a: Whimsicott
|-singleturn|p2a: Whimsicott|Protect
|move|p1b: Whimsicott|Encore|p2a: Whimsicott
|-activate|p2a: Whimsicott|move: Protect
|move|p2b: Blaziken|Heat Wave|p1b: Whimsicott|[spread] p1a
|-miss|p2b: Blaziken|p1b: Whimsicott
|-resisted|p1a: Charizard|1
|-damage|p1a: Charizard|40/100
|move|p1a: Charizard|Weather Ball|p2b: Blaziken
|-resisted|p2b: Blaziken|1
|-damage|p2b: Blaziken|41/100
|
|-weather|SunnyDay|[upkeep]
|-ability|p2b: Blaziken|Speed Boost|boost
|-boost|p2b: Blaziken|spe|1
|upkeep
|turn|3
|c|☆Navizz0|What the actual
|
|t:|1785504770
|switch|p1b: Glimmora|Glimmora, L50, M|100/100
|switch|p2a: Aerodactyl|Aerodactyl, L50, M|100/100
|-ability|p2a: Aerodactyl|Unnerve
|move|p2b: Blaziken|Heat Wave|p1a: Charizard|[spread] p1a,p1b
|-resisted|p1a: Charizard|1
|-resisted|p1b: Glimmora|1
|-damage|p1a: Charizard|10/100
|-damage|p1b: Glimmora|59/100
|move|p1a: Charizard|Heat Wave|p2b: Blaziken|[spread] p2b
|-miss|p1a: Charizard|p2a: Aerodactyl
|-resisted|p2b: Blaziken|1
|-damage|p2b: Blaziken|3/100
|
|-weather|SunnyDay|[upkeep]
|-ability|p2b: Blaziken|Speed Boost|boost
|-boost|p2b: Blaziken|spe|1
|upkeep
|turn|4
|c|☆Navizz0|We both keep missing
|inactive|Can I pet the dog? has 30 seconds left.
|
|t:|1785504801
|move|p1b: Glimmora|Spiky Shield|p1b: Glimmora
|-singleturn|p1b: Glimmora|move: Protect
|move|p2b: Blaziken|Heat Wave|p1b: Glimmora|[spread] 
|-activate|p1b: Glimmora|move: Protect
|-miss|p2b: Blaziken|p1a: Charizard
|move|p2a: Aerodactyl|Rock Slide|p1b: Glimmora|[spread] p1a
|-activate|p1b: Glimmora|move: Protect
|-supereffective|p1a: Charizard|2
|-damage|p1a: Charizard|0 fnt
|faint|p1a: Charizard
|
|-weather|SunnyDay|[upkeep]
|-sideend|p1: Can I pet the dog?|move: Tailwind
|-sideend|p2: Navizz0|move: Tailwind
|-ability|p2b: Blaziken|Speed Boost|boost
|-boost|p2b: Blaziken|spe|1
|upkeep
|
|t:|1785504808
|switch|p1a: Kingambit|Kingambit, L50, M|100/100
|turn|5
|inactive|Can I pet the dog? has 30 seconds left.
|
|t:|1785504838
|switch|p1b: Whimsicott|Whimsicott, L50, F|100/100
|move|p1a: Kingambit|Sucker Punch|p2b: Blaziken
|-resisted|p2b: Blaziken|1
|-damage|p2b: Blaziken|0 fnt
|faint|p2b: Blaziken
|move|p2a: Aerodactyl|Psychic Fangs|p1b: Whimsicott
|-damage|p1b: Whimsicott|60/100
|
|-weather|none
|upkeep
|
|t:|1785504847
|switch|p2b: Whimsicott|Whimsicott, L50, F|1/100
|turn|6
|inactive|Can I pet the dog? has 30 seconds left.
|l|☆Navizz0
|inactive|Navizz0 disconnected and has a minute to reconnect!
|player|p2|
|
|t:|1785504881
|move|p1b: Whimsicott|Protect|p1b: Whimsicott
|-singleturn|p1b: Whimsicott|Protect
|move|p2b: Whimsicott|Tailwind|p2b: Whimsicott
|-sidestart|p2: Navizz0|move: Tailwind
|move|p2a: Aerodactyl|Dual Wingbeat|p1b: Whimsicott
|-activate|p1b: Whimsicott|move: Protect
|move|p1a: Kingambit|Iron Head|p2a: Aerodactyl
|-supereffective|p2a: Aerodactyl|1
|-damage|p2a: Aerodactyl|0 fnt
|faint|p2a: Aerodactyl
|
|upkeep
|j|☆Navizz0
|inactive|Navizz0 reconnected and has 55 seconds left.
|player|p2|Navizz0|ethan|
|
|t:|1785504886
|switch|p2a: Basculegion|Basculegion, L50, M|100/100
|turn|7
|
|t:|1785504906
|move|p1a: Kingambit|Protect|p1a: Kingambit
|-singleturn|p1a: Kingambit|Protect
|move|p2a: Basculegion|Aqua Jet|p1a: Kingambit
|-activate|p1a: Kingambit|move: Protect
|move|p1b: Whimsicott|Tailwind|p1b: Whimsicott
|-sidestart|p1: Can I pet the dog?|move: Tailwind
|move|p2b: Whimsicott|Moonblast|p1a: Kingambit
|-activate|p1a: Kingambit|move: Protect
|
|upkeep
|turn|8
|
|t:|1785504917
|move|p2a: Basculegion|Aqua Jet|p1a: Kingambit
|-damage|p1a: Kingambit|79/100
|move|p2b: Whimsicott|Encore|p1b: Whimsicott
|-start|p1b: Whimsicott|Encore
|move|p1b: Whimsicott|Tailwind||[still]
|-fail|p1b: Whimsicott
|move|p1a: Kingambit|Kowtow Cleave|p2a: Basculegion
|-supereffective|p2a: Basculegion|1
|-damage|p2a: Basculegion|0 fnt
|faint|p2a: Basculegion
|
|upkeep
|turn|9
|-message|Navizz0 forfeited.
|
|win|Can I pet the dog?
