|j|☆Tinman1025
|j|☆Lego Darth Malgus
|html|Tinman1025Lego Darth Malgus    
|uhtml|bestof|Game 3 of a best-of-3
|t:|1757018883
|gametype|doubles
|player|p1|Tinman1025|marlon|1201
|player|p2|Lego Darth Malgus|2|1308
|gen|9
|tier|[Gen 9] VGC 2025 Reg H (Bo3)
|rated|
|rule|Species Clause: Limit one of each Pokémon
|rule|Item Clause: Limit 1 of each item
|clearpoke
|poke|p1|Dondozo, L50, F|
|poke|p1|Tatsugiri, L50, M|
|poke|p1|Talonflame, L50, F|
|poke|p1|Gholdengo, L50|
|poke|p1|Dragonite, L50, F|
|poke|p1|Pawmot, L50, M|
|poke|p2|Kommo-o, L50, M|
|poke|p2|Tyranitar, L50, M|
|poke|p2|Excadrill, L50, F|
|poke|p2|Samurott-Hisui, L50, F|
|poke|p2|Rillaboom, L50, M|
|poke|p2|Volcarona, L50, M|
|teampreview|4
|showteam|p1|Dondozo||Leftovers|Unaware|Protect,WaveCrash,Earthquake,OrderUp|||F|||50|,,,,,Grass]Tatsugiri||ChoiceScarf|Commander|MuddyWater,DragonPulse,IcyWind,DracoMeteor|||M|||50|,,,,,Water]Talonflame||CovertCloak|GaleWings|Tailwind,BraveBird,FlareBlitz,WillOWisp|||F|||50|,,,,,Flying]Gholdengo||ChoiceSpecs|GoodasGold|MakeItRain,ShadowBall,Thunderbolt,Trick||||||50|,,,,,Steel]Dragonite||ChoiceBand|InnerFocus|ExtremeSpeed,Outrage,StompingTantrum,BrickBreak|||F|||50|,,,,,Normal]Pawmot||FocusSash|VoltAbsorb|CloseCombat,DoubleShock,FakeOut,RevivalBlessing|||M|||50|,,,,,Electric
|showteam|p2|Kommo-o||GrassySeed|Overcoat|BodyPress,IronDefense,Protect,DragonPulse|||M|||50|,,,,,Fairy]Tyranitar||ChoiceScarf|SandStream|RockSlide,KnockOff,TeraBlast,LowKick|||M|||50|,,,,,Flying]Excadrill||FocusSash|SandRush|HighHorsepower,IronHead,Bulldoze,Protect|||F|||50|,,,,,Ghost]Samurott-Hisui||AssaultVest|Sharpness|NightSlash,AquaCutter,SacredSword,SuckerPunch|||F|||50|,,,,,Ghost]Rillaboom||MiracleSeed|GrassySurge|FakeOut,DrumBeating,GrassyGlide,Taunt|||M|||50|,,,,,Water]Volcarona||SitrusBerry|FlameBody|QuiverDance,HeatWave,TeraBlast,Protect|||M|||50|,,,,,Fairy
|inactive|Battle timer is ON: inactive players will automatically lose when time's up. (requested by Lego Darth Malgus)
|inactive|Lego Darth Malgus has 60 seconds left.
|
|t:|1757018922
|teamsize|p1|4
|teamsize|p2|4
|start
|switch|p1a: Pawmot|Pawmot, L50, M|100/100
|switch|p1b: Dragonite|Dragonite, L50, F|100/100
|switch|p2a: Tyranitar|Tyranitar, L50, M|100/100
|switch|p2b: Samurott|Samurott-Hisui, L50, F, shiny|100/100
|-weather|Sandstorm|[from] ability: Sand Stream|[of] p2a: Tyranitar
|turn|1
|inactive|Tinman1025 has 30 seconds left.
|inactive|Tinman1025 has 20 seconds left.
|inactive|Tinman1025 has 15 seconds left.
|
|t:|1757018962
|switch|p2a: Excadrill|Excadrill, L50, F, shiny|100/100
|-terastallize|p2b: Samurott|Ghost
|move|p1a: Pawmot|Double Shock|p2b: Samurott
|-damage|p2b: Samurott|24/100
|-start|p1a: Pawmot|typechange|???/Fighting|[from] move: Double Shock
|move|p2b: Samurott|Aqua Cutter|p1a: Pawmot
|-damage|p1a: Pawmot|18/100
|move|p1b: Dragonite|Brick Break|p2a: Excadrill
|-supereffective|p2a: Excadrill
|-enditem|p2a: Excadrill|Focus Sash
|-damage|p2a: Excadrill|1/100
|
|-weather|Sandstorm|[upkeep]
|-damage|p1a: Pawmot|12/100|[from] Sandstorm
|-damage|p2b: Samurott|17/100|[from] Sandstorm
|-damage|p1b: Dragonite|94/100|[from] Sandstorm
|upkeep
|turn|2
|inactive|Tinman1025 has 30 seconds left.
|inactive|Lego Darth Malgus has 30 seconds left.
|inactive|Lego Darth Malgus has 20 seconds left.
|
|t:|1757018997
|switch|p1a: Dondozo|Dondozo, L50, F|100/100
|switch|p1b: Tatsugiri|Tatsugiri, L50, M|100/100
|-activate|p1b: Tatsugiri|ability: Commander|[of] p1a: Dondozo
|-boost|p1a: Dondozo|atk|2
|-boost|p1a: Dondozo|spa|2
|-boost|p1a: Dondozo|spe|2
|-boost|p1a: Dondozo|def|2
|-boost|p1a: Dondozo|spd|2
|move|p2b: Samurott|Sucker Punch||[still]
|-fail|p2b: Samurott
|move|p2a: Excadrill|Iron Head|p1b: Tatsugiri|[miss]
|-miss|p2a: Excadrill|p1b: Tatsugiri
|
|-weather|Sandstorm|[upkeep]
|-damage|p1b: Tatsugiri|94/100|[from] Sandstorm
|-damage|p1a: Dondozo|94/100|[from] Sandstorm
|-damage|p2b: Samurott|11/100|[from] Sandstorm
|-heal|p1a: Dondozo|100/100|[from] item: Leftovers
|upkeep
|turn|3
|
|t:|1757019014
|switch|p2b: Rillaboom|Rillaboom, L50, M, shiny|100/100
|-fieldstart|move: Grassy Terrain|[from] ability: Grassy Surge|[of] p2b: Rillaboom
|move|p1a: Dondozo|Protect|p1a: Dondozo
|-singleturn|p1a: Dondozo|Protect
|move|p2a: Excadrill|Bulldoze|p1a: Dondozo|[spread] p2b
|-miss|p2a: Excadrill|p1b: Tatsugiri
|-activate|p1a: Dondozo|move: Protect
|-resisted|p2b: Rillaboom
|-damage|p2b: Rillaboom|94/100
|-unboost|p2b: Rillaboom|spe|1
|
|-weather|Sandstorm|[upkeep]
|-damage|p1b: Tatsugiri|88/100|[from] Sandstorm
|-damage|p1a: Dondozo|94/100|[from] Sandstorm
|-damage|p2b: Rillaboom|88/100|[from] Sandstorm
|-heal|p2a: Excadrill|7/100|[from] Grassy Terrain
|-heal|p1b: Tatsugiri|94/100|[from] Grassy Terrain
|-heal|p1a: Dondozo|100/100|[from] Grassy Terrain
|-heal|p2b: Rillaboom|94/100|[from] Grassy Terrain
|upkeep
|turn|4
|
|t:|1757019033
|-terastallize|p1a: Dondozo|Grass
|move|p2a: Excadrill|Bulldoze|p1b: Tatsugiri|[spread] p2b,p1a
|-miss|p2a: Excadrill|p1b: Tatsugiri
|-resisted|p2b: Rillaboom
|-resisted|p1a: Dondozo
|-damage|p2b: Rillaboom|86/100
|-damage|p1a: Dondozo|98/100
|-unboost|p2b: Rillaboom|spe|1
|-unboost|p1a: Dondozo|spe|1
|move|p1a: Dondozo|Order Up|p2a: Excadrill
|-resisted|p2a: Excadrill
|-damage|p2a: Excadrill|0 fnt
|faint|p2a: Excadrill
|-boost|p1a: Dondozo|atk|1
|move|p2b: Rillaboom|Drum Beating|p1a: Dondozo
|-resisted|p1a: Dondozo
|-damage|p1a: Dondozo|86/100
|-unboost|p1a: Dondozo|spe|1
|
|-weather|Sandstorm|[upkeep]
|-damage|p1b: Tatsugiri|88/100|[from] Sandstorm
|-damage|p1a: Dondozo|80/100|[from] Sandstorm
|-damage|p2b: Rillaboom|80/100|[from] Sandstorm
|-heal|p1b: Tatsugiri|94/100|[from] Grassy Terrain
|-heal|p1a: Dondozo|86/100|[from] Grassy Terrain
|-heal|p1a: Dondozo|92/100|[from] item: Leftovers
|-heal|p2b: Rillaboom|86/100|[from] Grassy Terrain
|upkeep
|
|t:|1757019041
|switch|p2a: Tyranitar|Tyranitar, L50, M|100/100
|turn|5
|
|t:|1757019052
|switch|p2b: Samurott|Samurott-Hisui, L50, F, shiny, tera:Ghost|11/100
|move|p1a: Dondozo|Protect|p1a: Dondozo
|-singleturn|p1a: Dondozo|Protect
|move|p2a: Tyranitar|Rock Slide|p1b: Tatsugiri|[spread] 
|-miss|p2a: Tyranitar|p1b: Tatsugiri
|-activate|p1a: Dondozo|move: Protect
|
|-weather|none
|-heal|p1b: Tatsugiri|100/100|[from] Grassy Terrain
|-heal|p2b: Samurott|17/100|[from] Grassy Terrain
|-heal|p1a: Dondozo|99/100|[from] Grassy Terrain
|-heal|p1a: Dondozo|100/100|[from] item: Leftovers
|upkeep
|turn|6
|
|t:|1757019063
|move|p2a: Tyranitar|Rock Slide|p1a: Dondozo|[spread] 
|-miss|p2a: Tyranitar|p1b: Tatsugiri
|-miss|p2a: Tyranitar|p1a: Dondozo
|move|p2b: Samurott|Sacred Sword|p1a: Dondozo
|-damage|p1a: Dondozo|70/100
|move|p1a: Dondozo|Order Up|p2b: Samurott
|-damage|p2b: Samurott|0 fnt
|faint|p2b: Samurott
|-boost|p1a: Dondozo|atk|1
|
|-heal|p1a: Dondozo|76/100|[from] Grassy Terrain
|-heal|p1a: Dondozo|83/100|[from] item: Leftovers
|upkeep
|
|t:|1757019064
|switch|p2b: Rillaboom|Rillaboom, L50, M, shiny|86/100
|turn|7
|
|t:|1757019073
|move|p1a: Dondozo|Protect|p1a: Dondozo
|-singleturn|p1a: Dondozo|Protect
|move|p2b: Rillaboom|Fake Out|p1a: Dondozo
|-activate|p1a: Dondozo|move: Protect
|move|p2a: Tyranitar|Rock Slide|p1a: Dondozo|[spread] 
|-miss|p2a: Tyranitar|p1b: Tatsugiri
|-activate|p1a: Dondozo|move: Protect
|
|-heal|p2b: Rillaboom|92/100|[from] Grassy Terrain
|-heal|p1a: Dondozo|89/100|[from] Grassy Terrain
|-heal|p1a: Dondozo|95/100|[from] item: Leftovers
|-fieldend|move: Grassy Terrain
|upkeep
|turn|8
|
|t:|1757019083
|move|p2a: Tyranitar|Rock Slide|p1b: Tatsugiri|[spread] p1a
|-miss|p2a: Tyranitar|p1b: Tatsugiri
|-damage|p1a: Dondozo|84/100
|move|p2b: Rillaboom|Drum Beating|p1a: Dondozo
|-resisted|p1a: Dondozo
|-damage|p1a: Dondozo|76/100
|-unboost|p1a: Dondozo|spe|1
|move|p1a: Dondozo|Wave Crash|p2a: Tyranitar
|-supereffective|p2a: Tyranitar
|-damage|p2a: Tyranitar|0 fnt
|faint|p2a: Tyranitar
|-damage|p1a: Dondozo|51/100|[from] Recoil
|
|-heal|p1a: Dondozo|57/100|[from] item: Leftovers
|upkeep
|turn|9
|-message|Lego Darth Malgus forfeited.
|
|win|Tinman1025
|raw|Tinman1025's rating: 1201 → 1233(+32 for winning)
|raw|Lego Darth Malgus's rating: 1308 → 1282(-26 for losing)
|l|☆Tinman1025
|player|p1|
