|j|☆mikodex
|j|☆Bruthathechosen
|html|mikodexBruthathechosen    
|uhtml|bestof|Game 1 of a best-of-3
|t:|1757188011
|gametype|doubles
|player|p1|mikodex|102|1101
|player|p2|Bruthathechosen|lady-gen4|1099
|gen|9
|tier|[Gen 9] VGC 2025 Reg H (Bo3)
|rated|
|rule|Species Clause: Limit one of each Pokémon
|rule|Item Clause: Limit 1 of each item
|clearpoke
|poke|p1|Dragonite, L50, F|
|poke|p1|Sneasler, L50, M|
|poke|p1|Kingambit, L50, M|
|poke|p1|Amoonguss, L50, F|
|poke|p1|Rillaboom, L50, F|
|poke|p1|Ursaluna-Bloodmoon, L50, M|
|poke|p2|Kingambit, L50, F|
|poke|p2|Rillaboom, L50, F|
|poke|p2|Hydreigon, L50, F|
|poke|p2|Sneasler, L50, M|
|poke|p2|Electabuzz, L50, M|
|poke|p2|Volcarona, L50, M|
|teampreview|4
|showteam|p1|Dragonite||LoadedDice|Multiscale|Tailwind,TeraBlast,ScaleShot,Protect|||F|||50|,,,,,Flying]Sneasler||FocusSash|PoisonTouch|DireClaw,CloseCombat,Coaching,FakeOut|||M|||50|,,,,,Ghost]Kingambit||AssaultVest|Defiant|KowtowCleave,IronHead,SuckerPunch,LowKick|||M|||50|,,,,,Water]Amoonguss||CovertCloak|Regenerator|PollenPuff,ClearSmog,RagePowder,Spore|||F|||50|,,,,,Dark]Rillaboom||MiracleSeed|GrassySurge|FakeOut,Uturn,WoodHammer,GrassyGlide|||F|||50|,,,,,Fire]Ursaluna-Bloodmoon||LifeOrb|MindsEye|BloodMoon,EarthPower,HyperVoice,Protect|||M|||50|,,,,,Water
|showteam|p2|Kingambit||BlackGlasses|Defiant|SuckerPunch,KowtowCleave,SwordsDance,Protect|||F|||50|,,,,,Dark]Rillaboom||AssaultVest|GrassySurge|FakeOut,GrassyGlide,HighHorsepower,Uturn|||F|||50|,,,,,Water]Hydreigon||ChoiceSpecs|Levitate|DarkPulse,DracoMeteor,Snarl,Uturn|||F|||50|,,,,,Ghost]Sneasler||GrassySeed|Unburden|FakeOut,CloseCombat,DireClaw,Protect|||M|||50|,,,,,Stellar]Electabuzz||Eviolite|VitalSpirit|Taunt,Thunderbolt,FollowMe,Protect|||M|||50|,,,,,Dragon]Volcarona||CovertCloak|FlameBody|QuiverDance,HeatWave,TeraBlast,Protect|||M|||50|,,,,,Fairy
|inactive|Battle timer is ON: inactive players will automatically lose when time's up. (requested by mikodex)
|inactive|mikodex has 60 seconds left.
|inactive|Bruthathechosen has 60 seconds left.
|inactive|mikodex has 30 seconds left.
|inactive|mikodex has 20 seconds left.
|inactive|mikodex has 15 seconds left.
|
|t:|1757188093
|teamsize|p1|4
|teamsize|p2|4
|start
|switch|p1a: Ursaluna|Ursaluna-Bloodmoon, L50, M|100/100
|switch|p1b: serapina|Sneasler, L50, M|100/100
|switch|p2a: Electabuzz|Electabuzz, L50, M|100/100
|switch|p2b: Volcarona|Volcarona, L50, M|100/100
|turn|1
|inactive|mikodex has 30 seconds left.
|
|t:|1757188127
|move|p1b: serapina|Fake Out|p2a: Electabuzz
|-damage|p2a: Electabuzz|87/100
|cant|p2a: Electabuzz|flinch
|move|p2b: Volcarona|Quiver Dance|p2b: Volcarona
|-boost|p2b: Volcarona|spa|1
|-boost|p2b: Volcarona|spd|1
|-boost|p2b: Volcarona|spe|1
|move|p1a: Ursaluna|Hyper Voice|p2a: Electabuzz|[spread] p2a,p2b
|-crit|p2a: Electabuzz
|-damage|p2a: Electabuzz|29/100
|-damage|p2b: Volcarona|73/100
|-damage|p1a: Ursaluna|91/100|[from] item: Life Orb
|
|upkeep
|turn|2
|
|t:|1757188150
|move|p2a: Electabuzz|Follow Me|p2a: Electabuzz
|-singleturn|p2a: Electabuzz|move: Follow Me
|move|p2b: Volcarona|Quiver Dance|p2b: Volcarona
|-boost|p2b: Volcarona|spa|1
|-boost|p2b: Volcarona|spd|1
|-boost|p2b: Volcarona|spe|1
|move|p1b: serapina|Dire Claw|p2a: Electabuzz
|-damage|p2a: Electabuzz|0 fnt
|faint|p2a: Electabuzz
|move|p1a: Ursaluna|Hyper Voice|p2b: Volcarona
|-damage|p2b: Volcarona|42/100
|-damage|p1a: Ursaluna|81/100|[from] item: Life Orb
|
|upkeep
|
|t:|1757188164
|switch|p2a: Kingambit|Kingambit, L50, F|100/100
|turn|3
|
|t:|1757188187
|-terastallize|p1a: Ursaluna|Water
|move|p2a: Kingambit|Sucker Punch|p1b: serapina
|-resisted|p1b: serapina
|-damage|p1b: serapina|62/100
|move|p2b: Volcarona|Heat Wave|p1a: Ursaluna|[spread] p1a,p1b
|-resisted|p1a: Ursaluna
|-damage|p1a: Ursaluna|51/100
|-damage|p1b: serapina|0 fnt
|faint|p1b: serapina
|move|p1a: Ursaluna|Blood Moon|p2b: Volcarona
|-damage|p2b: Volcarona|0 fnt
|faint|p2b: Volcarona
|-damage|p1a: Ursaluna|41/100|[from] item: Life Orb
|
|upkeep
|
|t:|1757188207
|switch|p1b: knox|Kingambit, L50, M|100/100
|switch|p2b: Hydreigon|Hydreigon, L50, F|100/100
|turn|4
|
|t:|1757188227
|-terastallize|p2a: Kingambit|Dark
|move|p2b: Hydreigon|Dark Pulse|p1a: Ursaluna
|-damage|p1a: Ursaluna|0 fnt
|faint|p1a: Ursaluna
|move|p1b: knox|Low Kick|p2a: Kingambit
|-supereffective|p2a: Kingambit
|-damage|p2a: Kingambit|45/100
|move|p2a: Kingambit|Swords Dance|p2a: Kingambit
|-boost|p2a: Kingambit|atk|2
|
|upkeep
|
|t:|1757188237
|switch|p1a: mac|Dragonite, L50, F|100/100
|turn|5
|inactive|mikodex has 30 seconds left.
|inactive|mikodex has 20 seconds left.
|
|t:|1757188275
|move|p2a: Kingambit|Protect|p2a: Kingambit
|-singleturn|p2a: Kingambit|Protect
|move|p2b: Hydreigon|Dark Pulse|p1a: mac
|-damage|p1a: mac|69/100
|cant|p1a: mac|flinch
|move|p1b: knox|Low Kick|p2a: Kingambit
|-activate|p2a: Kingambit|move: Protect
|
|upkeep
|turn|6
|
|t:|1757188286
|move|p2a: Kingambit|Sucker Punch|p1b: knox
|-resisted|p1b: knox
|-damage|p1b: knox|48/100
|move|p2b: Hydreigon|Dark Pulse|p1a: mac
|-damage|p1a: mac|3/100
|move|p1a: mac|Tailwind|p1a: mac
|-sidestart|p1: mikodex|move: Tailwind
|move|p1b: knox|Low Kick|p2a: Kingambit
|-supereffective|p2a: Kingambit
|-crit|p2a: Kingambit
|-damage|p2a: Kingambit|0 fnt
|faint|p2a: Kingambit
|
|upkeep
|turn|7
|
|t:|1757188305
|move|p1a: mac|Scale Shot|p2b: Hydreigon
|-supereffective|p2b: Hydreigon
|-damage|p2b: Hydreigon|64/100
|-supereffective|p2b: Hydreigon
|-damage|p2b: Hydreigon|31/100
|-supereffective|p2b: Hydreigon
|-damage|p2b: Hydreigon|0 fnt
|faint|p2b: Hydreigon
|-hitcount|p2: Hydreigon|3
|
|win|mikodex
||Bruthathechosen is ready for game 2.
|l|☆mikodex
|player|p1|
||mikodex is ready for game 2.
|uhtml|next|Next: Game 2 of 3
