|j|☆DragonCloak99
|j|☆luka008
|html|DragonCloak99luka008    
|uhtml|bestof|Game 3 of a best-of-3
|t:|1783350399
|gametype|doubles
|player|p1|DragonCloak99|lance|1000
|player|p2|luka008|colress|1105
|gen|9
|tier|[Gen 9 Champions] VGC 2026 Reg M-B (Bo3)
|rated|
|rule|Species Clause: Limit one of each Pokémon
|rule|Item Clause: Limit 1 of each item
|clearpoke
|poke|p1|Sceptile, L50, M|
|poke|p1|Rotom-Heat, L50|
|poke|p1|Basculegion, L50, M|
|poke|p1|Aerodactyl, L50, M|
|poke|p1|Garchomp, L50, M|
|poke|p1|Floette-Eternal, L50, F|
|poke|p2|Gholdengo, L50|
|poke|p2|Incineroar, L50, M|
|poke|p2|Garchomp, L50, M|
|poke|p2|Charizard, L50, F|
|poke|p2|Whimsicott, L50, M|
|poke|p2|Basculegion, L50, M|
|teampreview|4
|showteam|p1|Sceptile||Sceptilite|Overgrow|GrassKnot,DragonPulse,EarthPower,Detect|Timid||M|||50|]Rotom-Heat||ChoiceScarf|Levitate|Thunderbolt,Overheat,VoltSwitch,Discharge|Timid|||||50|]Basculegion||SitrusBerry|Adaptability|WaveCrash,LastRespects,AquaJet,Protect|Adamant||M|||50|]Aerodactyl||FocusSash|Unnerve|RockSlide,DualWingbeat,Tailwind,WideGuard|Jolly||M|||50|]Garchomp||LifeOrb|RoughSkin|DragonClaw,Earthquake,RockSlide,Protect|Jolly||M|||50|]Floette-Eternal||Floettite|FlowerVeil|Moonblast,DazzlingGleam,LightofRuin,Protect|Timid||F|||50|
|showteam|p2|Gholdengo||MetalCoat|GoodasGold|MakeItRain,ShadowBall,NastyPlot,Protect|Modest|||||50|]Incineroar||SitrusBerry|Intimidate|FakeOut,FlareBlitz,PartingShot,ThroatChop|Impish||M|||50|]Garchomp||LifeOrb|RoughSkin|Earthquake,DragonClaw,RockSlide,Protect|Jolly||M|||50|]Charizard||CharizarditeY|Blaze|HeatWave,SolarBeam,WeatherBall,Protect|Modest||F|||50|]Whimsicott||FocusSash|Prankster|Tailwind,Encore,Moonblast,Protect|Timid||M|||50|]Basculegion||MysticWater|Adaptability|LastRespects,AquaJet,WaveCrash,Protect|Adamant||M|||50|
|inactive|Battle timer is ON: inactive players will automatically lose when time's up. (requested by DragonCloak99)
|inactive|luka008 has 60 seconds left.
|
|t:|1783350472
|teamsize|p1|4
|teamsize|p2|4
|start
|switch|p1a: Aerodactyl|Aerodactyl, L50, M|100/100
|switch|p1b: Sceptile|Sceptile, L50, M|100/100
|switch|p2a: Basculegion|Basculegion, L50, M|100/100
|switch|p2b: Whimsicott|Whimsicott, L50, M|100/100
|-ability|p1a: Aerodactyl|Unnerve
|turn|1
|inactive|DragonCloak99 has 30 seconds left.
|inactive|luka008 has 30 seconds left.
|
|t:|1783350500
|detailschange|p1b: Sceptile|Sceptile-Mega, L50, M
|-mega|p1b: Sceptile|Sceptile|Sceptilite
|move|p2b: Whimsicott|Protect|p2b: Whimsicott
|-singleturn|p2b: Whimsicott|Protect
|move|p1b: Sceptile|Detect|p1b: Sceptile
|-singleturn|p1b: Sceptile|Protect
|move|p2a: Basculegion|Aqua Jet|p1a: Aerodactyl
|-supereffective|p1a: Aerodactyl|1
|-damage|p1a: Aerodactyl|1/100
|move|p1a: Aerodactyl|Tailwind|p1a: Aerodactyl
|-sidestart|p1: DragonCloak99|move: Tailwind
|
|upkeep
|turn|2
|inactive|DragonCloak99 has 30 seconds left.
|inactive|luka008 has 30 seconds left.
|
|t:|1783350536
|move|p2b: Whimsicott|Encore|p1b: Sceptile
|-start|p1b: Sceptile|Encore
|move|p1b: Sceptile|Detect||[still]
|-fail|p1b: Sceptile
|move|p1a: Aerodactyl|Dual Wingbeat|p2b: Whimsicott
|-supereffective|p2b: Whimsicott|1
|-damage|p2b: Whimsicott|41/100
|-supereffective|p2b: Whimsicott|1
|-damage|p2b: Whimsicott|0 fnt
|faint|p2b: Whimsicott
|-hitcount|p2: Whimsicott|2
|move|p2a: Basculegion|Wave Crash|p1a: Aerodactyl
|-supereffective|p1a: Aerodactyl|1
|-damage|p1a: Aerodactyl|0 fnt
|faint|p1a: Aerodactyl
|-damage|p2a: Basculegion|99/100|[from] Recoil
|
|upkeep
|
|t:|1783350560
|switch|p1a: Garchomp|Garchomp, L50, M|100/100
|switch|p2b: Garchomp|Garchomp, L50, M|100/100
|turn|3
|inactive|DragonCloak99 has 30 seconds left.
|inactive|luka008 has 30 seconds left.
|inactive|DragonCloak99 has 20 seconds left.
|inactive|luka008 has 20 seconds left.
|inactive|luka008 has 15 seconds left.
|
|t:|1783350601
|switch|p1b: Rotom|Rotom-Heat, L50|100/100
|move|p2b: Garchomp|Protect|p2b: Garchomp
|-singleturn|p2b: Garchomp|Protect
|move|p1a: Garchomp|Dragon Claw|p2b: Garchomp
|-activate|p2b: Garchomp|move: Protect
|move|p2a: Basculegion|Wave Crash|p1a: Garchomp
|-damage|p1a: Garchomp|7/100
|-damage|p2a: Basculegion|87/100|[from] ability: Rough Skin|[of] p1a: Garchomp
|-damage|p2a: Basculegion|59/100|[from] Recoil
|
|upkeep
|turn|4
|inactive|luka008 has 30 seconds left.
|
|t:|1783350627
|move|p2a: Basculegion|Aqua Jet|p1a: Garchomp
|-damage|p1a: Garchomp|0 fnt
|-damage|p2a: Basculegion|47/100|[from] ability: Rough Skin|[of] p1a: Garchomp
|faint|p1a: Garchomp
|move|p1b: Rotom|Discharge|p2a: Basculegion|[spread] p2a
|-immune|p2b: Garchomp
|-supereffective|p2a: Basculegion|1
|-damage|p2a: Basculegion|0 fnt
|faint|p2a: Basculegion
|move|p2b: Garchomp|Rock Slide|p1b: Rotom
|-supereffective|p1b: Rotom|1
|-damage|p1b: Rotom|1/100
|-damage|p2b: Garchomp|90/100|[from] item: Life Orb
|
|-sideend|p1: DragonCloak99|move: Tailwind
|upkeep
|
|t:|1783350641
|switch|p1a: Sceptile|Sceptile-Mega, L50, M|100/100
|switch|p2a: Charizard|Charizard, L50, F|100/100
|turn|5
|
|t:|1783350653
|detailschange|p2a: Charizard|Charizard-Mega-Y, L50, F
|-mega|p2a: Charizard|Charizard|Charizardite Y
|-weather|SunnyDay|[from] ability: Drought|[of] p2a: Charizard
|move|p1b: Rotom|Discharge|p2a: Charizard|[spread] p2a
|-ability|p1a: Sceptile|Lightning Rod|boost
|-boost|p1a: Sceptile|spa|1
|-immune|p2b: Garchomp
|-supereffective|p2a: Charizard|1
|-damage|p2a: Charizard|55/100
|move|p1a: Sceptile|Dragon Pulse|p2b: Garchomp
|-supereffective|p2b: Garchomp|1
|-damage|p2b: Garchomp|0 fnt
|faint|p2b: Garchomp
|move|p2a: Charizard|Heat Wave|p1a: Sceptile|[spread] p1a,p1b
|-resisted|p1b: Rotom|1
|-damage|p1a: Sceptile|10/100
|-damage|p1b: Rotom|0 fnt
|faint|p1b: Rotom
|
|-weather|SunnyDay|[upkeep]
|upkeep
|turn|6
|
|t:|1783350671
|move|p1a: Sceptile|Dragon Pulse|p2a: Charizard
|-damage|p2a: Charizard|0 fnt
|faint|p2a: Charizard
|
|win|DragonCloak99
|raw|DragonCloak99's rating: 1000 → 1052(+52 for winning)
|raw|luka008's rating: 1105 → 1073(-32 for losing)
|c|☆DragonCloak99|gg
