|j|☆Recentclaw
|j|☆ProtoZeroYT
|html|RecentclawProtoZeroYT    
|uhtml|bestof|Game 2 of a best-of-3
|t:|1756772452
|gametype|doubles
|player|p1|Recentclaw|giovanni|1084
|player|p2|ProtoZeroYT|miku-flying|1099
|gen|9
|tier|[Gen 9] VGC 2025 Reg H (Bo3)
|rated|
|rule|Species Clause: Limit one of each Pokémon
|rule|Item Clause: Limit 1 of each item
|clearpoke
|poke|p1|Sneasler, L50, F|
|poke|p1|Dragonite, L50, F|
|poke|p1|Incineroar, L50, M|
|poke|p1|Ursaluna-Bloodmoon, L50, M|
|poke|p1|Gholdengo, L50|
|poke|p1|Amoonguss, L50, M|
|poke|p2|Sneasler, L50, F|
|poke|p2|Indeedee, L50, M|
|poke|p2|Volcarona, L50, F|
|poke|p2|Ursaluna-Bloodmoon, L50, M|
|poke|p2|Annihilape, L50, M|
|poke|p2|Tyranitar, L50, M|
|teampreview|4
|showteam|p1|Sneasler||FocusSash|Unburden|DireClaw,CloseCombat,FakeOut,Protect|||F|||50|,,,,,Fairy]Dragonite||LoadedDice|InnerFocus|Haze,ScaleShot,Tailwind,ExtremeSpeed|||F|||50|,,,,,Fairy]Incineroar||SafetyGoggles|Intimidate|FakeOut,FlareBlitz,KnockOff,PartingShot|||M|||50|,,,,,Grass]Ursaluna-Bloodmoon||AssaultVest|MindsEye|BloodMoon,EarthPower,HyperVoice,Snarl|||M|||50|,,,,,Water]Gholdengo||GrassySeed|GoodasGold|MakeItRain,ShadowBall,NastyPlot,Protect||||||50|,,,,,Dragon]Amoonguss||RoomService|Regenerator|Spore,RagePowder,PollenPuff,Protect|||M|||50|,,,,,Water
|showteam|p2|Sneasler||PsychicSeed|Unburden|CloseCombat,DireClaw,ThroatChop,Protect|||F|||50|,,,,,Dark]Indeedee||ChoiceScarf|PsychicSurge|ExpandingForce,TeraBlast,Trick,Protect|||M|||50|,,,,,Psychic]Volcarona||SitrusBerry|FlameBody|Overheat,StruggleBug,RagePowder,Tailwind|||F|||50|,,,,,Grass]Ursaluna-Bloodmoon||LifeOrb|MindsEye|BloodMoon,HyperVoice,EarthPower,Protect|||M|||50|,,,,,Normal]Annihilape||SafetyGoggles|Defiant|CloseCombat,RageFist,Taunt,FinalGambit|||M|||50|,,,,,Fairy]Tyranitar||AssaultVest|SandStream|RockSlide,KnockOff,TeraBlast,LowKick|||M|||50|,,,,,Flying
|inactive|Battle timer is ON: inactive players will automatically lose when time's up. (requested by Recentclaw)
|inactive|Recentclaw has 60 seconds left.
|inactive|ProtoZeroYT has 60 seconds left.
|
|t:|1756772495
|teamsize|p1|4
|teamsize|p2|4
|start
|switch|p1a: Free|Dragonite, L50, F|100/100
|switch|p1b: Your Idol|Incineroar, L50, M|100/100
|switch|p2a: Annihilape|Annihilape, L50, M|100/100
|switch|p2b: Indeedee|Indeedee, L50, M|100/100
|-fieldstart|move: Psychic Terrain|[from] ability: Psychic Surge|[of] p2b: Indeedee
|-ability|p1b: Your Idol|Intimidate|boost
|-unboost|p2a: Annihilape|atk|1
|-ability|p2a: Annihilape|Defiant|boost
|-boost|p2a: Annihilape|atk|2
|-unboost|p2b: Indeedee|atk|1
|turn|1
|inactive|ProtoZeroYT has 30 seconds left.
|inactive|ProtoZeroYT has 20 seconds left.
|inactive|ProtoZeroYT has 15 seconds left.
|
|t:|1756772538
|switch|p1b: Golden|Gholdengo, L50|100/100
|-terastallize|p2b: Indeedee|Psychic
|move|p2b: Indeedee|Expanding Force|p1a: Free|[spread] p1a,p1b
|-resisted|p1b: Golden
|-damage|p1a: Free|32/100
|-damage|p1b: Golden|56/100
|move|p2a: Annihilape|Close Combat|p1b: Golden
|-immune|p1b: Golden
|move|p1a: Free|Tailwind|p1a: Free
|-sidestart|p1: Recentclaw|move: Tailwind
|
|upkeep
|turn|2
|inactive|Recentclaw has 30 seconds left.
|inactive|ProtoZeroYT has 30 seconds left.
|inactive|Recentclaw has 20 seconds left.
|
|t:|1756772577
|move|p1b: Golden|Shadow Ball|p2b: Indeedee
|-supereffective|p2b: Indeedee
|-damage|p2b: Indeedee|0 fnt
|faint|p2b: Indeedee
|move|p1a: Free|Haze|p1a: Free
|-clearallboost
|move|p2a: Annihilape|Rage Fist|p1b: Golden
|-supereffective|p1b: Golden
|-damage|p1b: Golden|12/100
|
|upkeep
|
|t:|1756772587
|switch|p2b: Tyranitar|Tyranitar, L50, M|100/100
|-weather|Sandstorm|[from] ability: Sand Stream|[of] p2b: Tyranitar
|turn|3
|inactive|ProtoZeroYT has 30 seconds left.
|
|t:|1756772621
|move|p1b: Golden|Make It Rain|p2b: Tyranitar|[spread] p2a,p2b
|-supereffective|p2b: Tyranitar
|-damage|p2a: Annihilape|58/100
|-damage|p2b: Tyranitar|58/100
|-unboost|p1b: Golden|spa|1
|move|p1a: Free|Scale Shot|p2a: Annihilape
|-damage|p2a: Annihilape|44/100
|-damage|p2a: Annihilape|29/100
|-damage|p2a: Annihilape|14/100
|-damage|p2a: Annihilape|0 fnt
|faint|p2a: Annihilape
|-hitcount|p2: Annihilape|4
|-unboost|p1a: Free|def|1
|-boost|p1a: Free|spe|1
|move|p2b: Tyranitar|Rock Slide|p1b: Golden|[spread] p1a,p1b
|-supereffective|p1a: Free
|-resisted|p1b: Golden
|-damage|p1a: Free|0 fnt
|-damage|p1b: Golden|0 fnt
|faint|p1a: Free
|faint|p1b: Golden
|
|-weather|Sandstorm|[upkeep]
|upkeep
|
|t:|1756772633
|switch|p2a: Volcarona|Volcarona, L50, F|100/100
|switch|p1b: Your Idol|Incineroar, L50, M|100/100
|switch|p1a: Takedown|Sneasler, L50, F|100/100
|-ability|p1b: Your Idol|Intimidate|boost
|-unboost|p2a: Volcarona|atk|1
|-unboost|p2b: Tyranitar|atk|1
|turn|4
|inactive|Recentclaw has 30 seconds left.
|
|t:|1756772661
|move|p1a: Takedown|Fake Out|p2b: Tyranitar
|-activate|p2b: Tyranitar|move: Psychic Terrain
|move|p2a: Volcarona|Rage Powder|p2a: Volcarona
|-singleturn|p2a: Volcarona|move: Rage Powder
|move|p1b: Your Idol|Knock Off|p2a: Volcarona
|-damage|p2a: Volcarona|54/100
|-enditem|p2a: Volcarona|Sitrus Berry|[from] move: Knock Off|[of] p1b: Your Idol
|move|p2b: Tyranitar|Low Kick|p1b: Your Idol
|-supereffective|p1b: Your Idol
|-damage|p1b: Your Idol|65/100
|
|-weather|Sandstorm|[upkeep]
|-damage|p1a: Takedown|94/100|[from] Sandstorm
|-damage|p2a: Volcarona|48/100|[from] Sandstorm
|-sideend|p1: Recentclaw|move: Tailwind
|upkeep
|turn|5
|inactive|ProtoZeroYT has 30 seconds left.
|
|t:|1756772692
|move|p1a: Takedown|Dire Claw|p2a: Volcarona
|-damage|p2a: Volcarona|0 fnt
|-status|p1a: Takedown|brn|[from] ability: Flame Body|[of] p2a: Volcarona
|faint|p2a: Volcarona
|move|p2b: Tyranitar|Knock Off|p1a: Takedown
|-resisted|p1a: Takedown
|-damage|p1a: Takedown|64/100 brn
|-enditem|p1a: Takedown|Focus Sash|[from] move: Knock Off|[of] p2b: Tyranitar
|move|p1b: Your Idol|Parting Shot|p2b: Tyranitar
|-unboost|p2b: Tyranitar|atk|1
|-unboost|p2b: Tyranitar|spa|1
|
|-weather|Sandstorm|[upkeep]
|-damage|p1a: Takedown|58/100 brn|[from] Sandstorm
|-damage|p1a: Takedown|52/100 brn|[from] brn
|-fieldend|move: Psychic Terrain
|upkeep
|turn|6
|
|t:|1756772714
|-terastallize|p1b: Your Idol|Grass
|move|p1a: Takedown|Close Combat|p2b: Tyranitar
|-supereffective|p2b: Tyranitar
|-damage|p2b: Tyranitar|0 fnt
|-unboost|p1a: Takedown|def|1
|-unboost|p1a: Takedown|spd|1
|faint|p2b: Tyranitar
|
|win|Recentclaw
|raw|Recentclaw's rating: 1084 → 1113(+29 for winning)
|raw|ProtoZeroYT's rating: 1099 → 1073(-26 for losing)
