|j|☆yosiel
|j|☆Divine Monkey King
|html|yosielDivine Monkey King    
|uhtml|bestof|Game 1 of a best-of-3
|t:|1783128097
|gametype|doubles
|player|p1|yosiel|acetrainersnow|1028
|player|p2|Divine Monkey King|1|1051
|gen|9
|tier|[Gen 9 Champions] VGC 2026 Reg M-B (Bo3)
|rated|
|rule|Species Clause: Limit one of each Pokémon
|rule|Item Clause: Limit 1 of each item
|clearpoke
|poke|p1|Mawile, L50, M, shiny|
|poke|p1|Farigiraf, L50, F, shiny|
|poke|p1|Torkoal, L50, M, shiny|
|poke|p1|Incineroar, L50, M, shiny|
|poke|p1|Hatterene, L50, F, shiny|
|poke|p1|Scrafty, L50, M, shiny|
|poke|p2|Tyranitar, L50, M, shiny|
|poke|p2|Aerodactyl, L50, M, shiny|
|poke|p2|Pelipper, L50, M, shiny|
|poke|p2|Basculegion, L50, M, shiny|
|poke|p2|Beedrill, L50, M, shiny|
|poke|p2|Annihilape, L50, M, shiny|
|teampreview|4
|showteam|p1|Mawile||Mawilite|Intimidate|Protect,PlayRough,IronHead,SuckerPunch|Brave||M|||50|]Farigiraf||ColburBerry|ArmorTail|TrickRoom,HelpingHand,TwinBeam,Protect|Relaxed||F|||50|]Torkoal||Charcoal|Drought|Protect,WeatherBall,Eruption,EarthPower|Quiet||M|||50|]Incineroar||ChopleBerry|Intimidate|FakeOut,PartingShot,ThroatChop,FlareBlitz|Careful||M|||50|]Hatterene||LifeOrb|MagicBounce|DazzlingGleam,MysticalFire,PsychicNoise,Protect|Relaxed||F|||50|]Scrafty||Scraftinite|Intimidate|KnockOff,LowKick,FakeOut,IronHead|Adamant||M|||50|
|showteam|p2|Tyranitar||Tyranitarite|SandStream|BrickBreak,KnockOff,Protect,RockSlide|Adamant||M|||50|]Aerodactyl||FocusSash|Unnerve|DualWingbeat,IronHead,Protect,Tailwind|Jolly||M|||50|]Pelipper||WacanBerry|Drizzle|Hurricane,IceBeam,Protect,WeatherBall|Calm||M|||50|]Basculegion||MysticWater|SwiftSwim|AquaJet,FlipTurn,LastRespects,Protect|Adamant||M|||50|]Beedrill||Beedrillite|Sniper|PoisonJab,Protect,Uturn,FellStinger|Jolly||M|||50|]Annihilape||Leftovers|Defiant|BulkUp,DrainPunch,Protect,SeedBomb|Adamant||M|||50|
|inactive|Battle timer is ON: inactive players will automatically lose when time's up. (requested by yosiel)
|
|t:|1783128141
|teamsize|p1|4
|teamsize|p2|4
|start
|switch|p1a: Incineroar|Incineroar, L50, M, shiny|100/100
|switch|p1b: Farigiraf|Farigiraf, L50, F, shiny|100/100
|switch|p2a: Annihilape|Annihilape, L50, M, shiny|100/100
|switch|p2b: Tyranitar|Tyranitar, L50, M, shiny|100/100
|-ability|p1a: Incineroar|Intimidate|boost
|-unboost|p2a: Annihilape|atk|1
|-ability|p2a: Annihilape|Defiant|boost
|-boost|p2a: Annihilape|atk|2
|-unboost|p2b: Tyranitar|atk|1
|-weather|Sandstorm|[from] ability: Sand Stream|[of] p2b: Tyranitar
|turn|1
|
|t:|1783128158
|move|p2b: Tyranitar|Protect|p2b: Tyranitar
|-singleturn|p2b: Tyranitar|Protect
|move|p1a: Incineroar|Fake Out|p2b: Tyranitar
|-activate|p2b: Tyranitar|move: Protect
|move|p2a: Annihilape|Drain Punch|p1a: Incineroar
|-supereffective|p1a: Incineroar|1
|-enditem|p1a: Incineroar|Chople Berry|[eat]
|-enditem|p1a: Incineroar|Chople Berry|[weaken]
|-damage|p1a: Incineroar|51/100
|move|p1b: Farigiraf|Trick Room|p1b: Farigiraf
|-fieldstart|move: Trick Room|[of] p1b: Farigiraf
|
|-weather|Sandstorm|[upkeep]
|-damage|p1b: Farigiraf|94/100|[from] Sandstorm
|-damage|p1a: Incineroar|45/100|[from] Sandstorm
|-damage|p2a: Annihilape|94/100|[from] Sandstorm
|-heal|p2a: Annihilape|100/100|[from] item: Leftovers
|upkeep
|turn|2
|
|t:|1783128179
|switch|p1a: Torkoal|Torkoal, L50, M, shiny|100/100
|-weather|SunnyDay|[from] ability: Drought|[of] p1a: Torkoal
|move|p2a: Annihilape|Protect|p2a: Annihilape
|-singleturn|p2a: Annihilape|Protect
|move|p1b: Farigiraf|Twin Beam|p2a: Annihilape
|-activate|p2a: Annihilape|move: Protect
|move|p2b: Tyranitar|Rock Slide|p1a: Torkoal|[spread] p1a,p1b
|-supereffective|p1a: Torkoal|1
|-damage|p1a: Torkoal|64/100
|-damage|p1b: Farigiraf|73/100
|
|-weather|SunnyDay|[upkeep]
|upkeep
|turn|3
|
|t:|1783128200
|switch|p2b: Pelipper|Pelipper, L50, M, shiny|100/100
|-weather|RainDance|[from] ability: Drizzle|[of] p2b: Pelipper
|move|p1b: Farigiraf|Helping Hand|p1a: Torkoal
|-singleturn|p1a: Torkoal|Helping Hand|[of] p1b: Farigiraf
|move|p1a: Torkoal|Weather Ball|p2a: Annihilape
|-damage|p2a: Annihilape|43/100
|move|p2a: Annihilape|Drain Punch|p1b: Farigiraf
|-damage|p1b: Farigiraf|19/100
|-heal|p2a: Annihilape|71/100|[from] drain|[of] p1b: Farigiraf
|
|-weather|RainDance|[upkeep]
|-heal|p2a: Annihilape|77/100|[from] item: Leftovers
|upkeep
|turn|4
|
|t:|1783128220
|move|p1a: Torkoal|Weather Ball|p2b: Pelipper
|-resisted|p2b: Pelipper|1
|-damage|p2b: Pelipper|75/100
|move|p1b: Farigiraf|Twin Beam|p2b: Pelipper
|-damage|p2b: Pelipper|55/100
|-damage|p2b: Pelipper|34/100
|-hitcount|p2b: Pelipper|2
|move|p2b: Pelipper|Weather Ball|p1b: Farigiraf
|-damage|p1b: Farigiraf|0 fnt
|faint|p1b: Farigiraf
|move|p2a: Annihilape|Drain Punch|p1a: Torkoal
|-damage|p1a: Torkoal|23/100
|-heal|p2a: Annihilape|94/100|[from] drain|[of] p1a: Torkoal
|
|-weather|RainDance|[upkeep]
|-heal|p2a: Annihilape|100/100|[from] item: Leftovers
|upkeep
|
|t:|1783128239
|switch|p1b: Scrafty|Scrafty, L50, M, shiny|100/100
|-ability|p1b: Scrafty|Intimidate|boost
|-unboost|p2a: Annihilape|atk|1
|-ability|p2a: Annihilape|Defiant|boost
|-boost|p2a: Annihilape|atk|2
|-unboost|p2b: Pelipper|atk|1
|turn|5
|
|t:|1783128251
|detailschange|p1b: Scrafty|Scrafty-Mega, L50, M, shiny
|-mega|p1b: Scrafty|Scrafty|Scraftinite
|-ability|p1b: Scrafty|Intimidate|boost
|-unboost|p2a: Annihilape|atk|1
|-ability|p2a: Annihilape|Defiant|boost
|-boost|p2a: Annihilape|atk|2
|-unboost|p2b: Pelipper|atk|1
|move|p2b: Pelipper|Protect|p2b: Pelipper
|-singleturn|p2b: Pelipper|Protect
|move|p1a: Torkoal|Weather Ball|p2a: Annihilape
|-damage|p2a: Annihilape|60/100
|move|p1b: Scrafty|Knock Off|p2a: Annihilape
|-damage|p2a: Annihilape|8/100
|-enditem|p2a: Annihilape|Leftovers|[from] move: Knock Off|[of] p1b: Scrafty
|move|p2a: Annihilape|Drain Punch|p1b: Scrafty
|-supereffective|p1b: Scrafty|1
|-damage|p1b: Scrafty|0 fnt
|-heal|p2a: Annihilape|48/100|[from] drain|[of] p1b: Scrafty
|faint|p1b: Scrafty
|
|-weather|RainDance|[upkeep]
|-fieldend|move: Trick Room
|upkeep
|-message|yosiel forfeited.
|raw|yosiel's rating: 1028 → 1015(-13 for losing)
|raw|Divine Monkey King's rating: 1051 → 1081(+30 for winning)
|
|win|Divine Monkey King
|l|☆yosiel
|player|p1|
