|j|☆KLOEEE
|j|☆ScrewSalesman
|html|KLOEEEScrewSalesman    
|uhtml|bestof|Game 2 of a best-of-3
|t:|1756431539
|gametype|doubles
|player|p1|KLOEEE|caitlin-masters|1045
|player|p2|ScrewSalesman|cynthia-gen4|1000
|gen|9
|tier|[Gen 9] VGC 2025 Reg H (Bo3)
|rated|
|rule|Species Clause: Limit one of each Pokémon
|rule|Item Clause: Limit 1 of each item
|clearpoke
|poke|p1|Dondozo, L50, M|
|poke|p1|Tatsugiri, L50, M|
|poke|p1|Flamigo, L50, F|
|poke|p1|Annihilape, L50, M|
|poke|p1|Maushold, L50|
|poke|p1|Indeedee, L50, M|
|poke|p2|Porygon2, L50|
|poke|p2|Incineroar, L50, F|
|poke|p2|Ursaluna, L50, M|
|poke|p2|Jumpluff, L50, M|
|poke|p2|Charizard, L50, F|
|poke|p2|Torkoal, L50, F|
|teampreview|4
|showteam|p1|Dondozo||Leftovers|Unaware|WaveCrash,Yawn,Protect,Fissure|||M|||50|,,,,,Poison]Tatsugiri||ToxicOrb|Commander|MuddyWater,DracoMeteor,Protect,HelpingHand|||M|||50|,,,,,Stellar]Flamigo||LifeOrb|Costar|BraveBird,CloseCombat,WideGuard,Detect|||F|||50|,,,,,Ghost]Annihilape||SafetyGoggles|Defiant|DrainPunch,RageFist,BulkUp,Protect|||M|||50|,,,,,Water]Maushold||BrightPowder|FriendGuard|FollowMe,BeatUp,Taunt,Protect||||||50|,,,,,Ghost]Indeedee||FocusSash|PsychicSurge|ExpandingForce,TrickRoom,Protect,HelpingHand|||M|||50|,,,,,Psychic
|showteam|p2|Porygon2||Eviolite|Download|TeraBlast,IceBeam,TrickRoom,Recover||||||50|,,,,,Fighting]Incineroar||SitrusBerry|Intimidate|FakeOut,KnockOff,FlareBlitz,PartingShot|||F|||50|,,,,,Ghost]Ursaluna||FlameOrb|Guts|HeadlongRush,Facade,Earthquake,Protect|||M|||50|,,,,,Ghost]Jumpluff||CovertCloak|Chlorophyll|RagePowder,PollenPuff,Tailwind,SleepPowder|||M|||50|,,,,,Water]Charizard||ChoiceSpecs|SolarPower|HeatWave,Overheat,WeatherBall,DragonPulse|||F|||50|,,,,,Ghost]Torkoal||EjectPack|Drought|Overheat,Eruption,HelpingHand,Protect|||F|||50|,,,,,Fire
|inactive|Battle timer is ON: inactive players will automatically lose when time's up. (requested by ScrewSalesman)
|inactive|KLOEEE has 60 seconds left.
|
|t:|1756431598
|teamsize|p1|4
|teamsize|p2|4
|start
|switch|p1a: Indeedee|Indeedee, L50, M|100/100
|switch|p1b: Maushold|Maushold, L50|100/100
|switch|p2a: Incineroar|Incineroar, L50, F|100/100
|switch|p2b: Porygon2|Porygon2, L50, shiny|100/100
|-fieldstart|move: Psychic Terrain|[from] ability: Psychic Surge|[of] p1a: Indeedee
|-ability|p2a: Incineroar|Intimidate|boost
|-unboost|p1a: Indeedee|atk|1
|-unboost|p1b: Maushold|atk|1
|-ability|p2b: Porygon2|Download|boost
|-boost|p2b: Porygon2|atk|1
|turn|1
|inactive|ScrewSalesman has 30 seconds left.
|
|t:|1756431625
|switch|p1b: Tatsugiri|Tatsugiri, L50, M|100/100
|switch|p1a: Dondozo|Dondozo, L50, M|100/100
|-activate|p1b: Tatsugiri|ability: Commander|[of] p1a: Dondozo
|-boost|p1a: Dondozo|atk|2
|-boost|p1a: Dondozo|spa|2
|-boost|p1a: Dondozo|spe|2
|-boost|p1a: Dondozo|def|2
|-boost|p1a: Dondozo|spd|2
|move|p2a: Incineroar|Knock Off|p1a: Dondozo
|-damage|p1a: Dondozo|86/100
|-enditem|p1a: Dondozo|Leftovers|[from] move: Knock Off|[of] p2a: Incineroar
|move|p2b: Porygon2|Trick Room|p2b: Porygon2
|-fieldstart|move: Trick Room|[of] p2b: Porygon2
|
|-status|p1b: Tatsugiri|tox|[from] item: Toxic Orb
|upkeep
|turn|2
|
|t:|1756431643
|move|p2b: Porygon2|Tera Blast|p1a: Dondozo
|-damage|p1a: Dondozo|74/100
|move|p2a: Incineroar|Parting Shot|p1a: Dondozo
|-unboost|p1a: Dondozo|atk|1
|-unboost|p1a: Dondozo|spa|1
|
|t:|1756431660
|switch|p2a: Torkoal|Torkoal, L50, F|100/100|[from] Parting Shot
|-weather|SunnyDay|[from] ability: Drought|[of] p2a: Torkoal
|move|p1a: Dondozo|Wave Crash|p2a: Torkoal
|-supereffective|p2a: Torkoal
|-damage|p2a: Torkoal|52/100
|-damage|p1a: Dondozo|63/100|[from] Recoil
|
|-weather|SunnyDay|[upkeep]
|-damage|p1b: Tatsugiri|95/100 tox|[from] psn
|upkeep
|turn|3
|
|t:|1756431674
|move|p2a: Torkoal|Overheat|p1a: Dondozo|[miss]
|-miss|p2a: Torkoal|p1a: Dondozo
|move|p2b: Porygon2|Tera Blast|p1a: Dondozo
|-damage|p1a: Dondozo|50/100
|move|p1a: Dondozo|Wave Crash|p2a: Torkoal
|-supereffective|p2a: Torkoal
|-damage|p2a: Torkoal|3/100
|-damage|p1a: Dondozo|39/100|[from] Recoil
|
|-weather|SunnyDay|[upkeep]
|-damage|p1b: Tatsugiri|83/100 tox|[from] psn
|upkeep
|turn|4
|
|t:|1756431692
|move|p2a: Torkoal|Overheat|p1a: Dondozo
|-resisted|p1a: Dondozo
|-damage|p1a: Dondozo|24/100
|-unboost|p2a: Torkoal|spa|2
|-enditem|p2a: Torkoal|Eject Pack
|
|t:|1756431698
|switch|p2a: Incineroar|Incineroar, L50, F|100/100
|-ability|p2a: Incineroar|Intimidate|boost
|-unboost|p1a: Dondozo|atk|1
|-unboost|p1b: Tatsugiri|atk|1
|move|p2b: Porygon2|Tera Blast|p1a: Dondozo
|-damage|p1a: Dondozo|10/100
|move|p1a: Dondozo|Wave Crash|p2a: Incineroar
|-supereffective|p2a: Incineroar
|-damage|p2a: Incineroar|62/100
|-damage|p1a: Dondozo|0 fnt|[from] Recoil
|faint|p1a: Dondozo
|
|-weather|SunnyDay|[upkeep]
|-damage|p1b: Tatsugiri|66/100 tox|[from] psn
|upkeep
|
|t:|1756431706
|switch|p1a: Maushold|Maushold, L50|100/100
|turn|5
|
|t:|1756431729
|switch|p2a: Jumpluff|Jumpluff, L50, M|100/100
|move|p1a: Maushold|Follow Me|p1a: Maushold
|-singleturn|p1a: Maushold|move: Follow Me
|move|p2b: Porygon2|Tera Blast|p1a: Maushold
|-damage|p1a: Maushold|50/100
|move|p1b: Tatsugiri|Draco Meteor|p2a: Jumpluff
|-damage|p2a: Jumpluff|44/100
|-unboost|p1b: Tatsugiri|spa|2
|
|-weather|SunnyDay|[upkeep]
|-damage|p1b: Tatsugiri|43/100 tox|[from] psn
|-fieldend|move: Trick Room
|-fieldend|move: Psychic Terrain
|upkeep
|turn|6
|
|t:|1756431748
|move|p2a: Jumpluff|Sleep Powder|p1a: Maushold
|-status|p1a: Maushold|slp|[from] move: Sleep Powder
|cant|p1a: Maushold|slp
|move|p1b: Tatsugiri|Muddy Water|p2b: Porygon2|[spread] p2a,p2b
|-resisted|p2a: Jumpluff
|-damage|p2a: Jumpluff|41/100
|-damage|p2b: Porygon2|97/100
|move|p2b: Porygon2|Tera Blast|p1b: Tatsugiri
|-damage|p1b: Tatsugiri|19/100 tox
|
|-weather|none
|-damage|p1b: Tatsugiri|0 fnt|[from] psn
|faint|p1b: Tatsugiri
|upkeep
|
|t:|1756431753
|switch|p1b: Indeedee|Indeedee, L50, M|100/100
|-fieldstart|move: Psychic Terrain|[from] ability: Psychic Surge|[of] p1b: Indeedee
|turn|7
|
|t:|1756431763
|switch|p2a: Incineroar|Incineroar, L50, F|62/100
|-ability|p2a: Incineroar|Intimidate|boost
|-unboost|p1a: Maushold|atk|1
|-unboost|p1b: Indeedee|atk|1
|-terastallize|p1b: Indeedee|Psychic
|cant|p1a: Maushold|slp
|move|p1b: Indeedee|Expanding Force|p2a: Incineroar|[spread] p2b
|-immune|p2a: Incineroar
|-damage|p2b: Porygon2|55/100
|move|p2b: Porygon2|Tera Blast|p1a: Maushold
|-damage|p1a: Maushold|3/100 slp
|
|upkeep
|turn|8
|
|t:|1756431780
|-curestatus|p1a: Maushold|slp|[msg]
|move|p1a: Maushold|Beat Up|p2a: Incineroar
|-resisted|p2a: Incineroar
|-damage|p2a: Incineroar|61/100
|-resisted|p2a: Incineroar
|-damage|p2a: Incineroar|61/100
|-hitcount|p2a: Incineroar|2
|move|p1b: Indeedee|Expanding Force|p2a: Incineroar|[spread] p2b
|-immune|p2a: Incineroar
|-damage|p2b: Porygon2|11/100
|move|p2a: Incineroar|Knock Off|p1b: Indeedee
|-supereffective|p1b: Indeedee
|-enditem|p1b: Indeedee|Focus Sash
|-damage|p1b: Indeedee|1/100
|move|p2b: Porygon2|Recover|p2b: Porygon2
|-heal|p2b: Porygon2|61/100
|
|upkeep
|turn|9
|
|t:|1756431798
|move|p1a: Maushold|Beat Up|p2a: Incineroar
|-resisted|p2a: Incineroar
|-damage|p2a: Incineroar|60/100
|-resisted|p2a: Incineroar
|-damage|p2a: Incineroar|60/100
|-hitcount|p2a: Incineroar|2
|move|p1b: Indeedee|Expanding Force|p2b: Porygon2|[spread] p2b
|-immune|p2a: Incineroar
|-damage|p2b: Porygon2|18/100
|move|p2a: Incineroar|Knock Off|p1b: Indeedee
|-supereffective|p1b: Indeedee
|-damage|p1b: Indeedee|0 fnt
|faint|p1b: Indeedee
|move|p2b: Porygon2|Tera Blast|p1a: Maushold
|-damage|p1a: Maushold|0 fnt
|faint|p1a: Maushold
|
|win|ScrewSalesman
||KLOEEE is ready for game 3.
||ScrewSalesman is ready for game 3.
|uhtml|next|Next: Game 3 of 3
