|j|☆Painter04
|j|☆FroslassYES!
|html|Painter04FroslassYES!    
|uhtml|bestof|Game 1 of a best-of-3
|t:|1785958958
|gametype|doubles
|player|p1|Painter04|volkner|1031
|player|p2|FroslassYES!|li|1087
|gen|9
|tier|[Gen 9 Champions] VGC 2026 Reg M-B (Bo3)
|rated|
|rule|Species Clause: Limit one of each Pokémon
|rule|Item Clause: Limit 1 of each item
|clearpoke
|poke|p1|Feraligatr, L50, F|
|poke|p1|Sinistcha, L50|
|poke|p1|Pelipper, L50, F|
|poke|p1|Kangaskhan, L50, F|
|poke|p1|Incineroar, L50, M|
|poke|p1|Skarmory, L50, F|
|poke|p2|Scovillain, L50, M, shiny|
|poke|p2|Basculegion, L50, M|
|poke|p2|Kingambit, L50, M, shiny|
|poke|p2|Sneasler, L50, M|
|poke|p2|Lycanroc-Dusk, L50, M, shiny|
|poke|p2|Froslass, L50, F, shiny|
|teampreview|4
|showteam|p1|Feraligatr||Feraligite|Torrent|DoubleEdge,Liquidation,DragonDance,Protect|Adamant||F|||50|]Sinistcha||KasibBerry|Hospitality|RagePowder,MatchaGotcha,LifeDew,Protect|Bold|||||50|]Pelipper||FocusSash|Drizzle|WeatherBall,Hurricane,WideGuard,Tailwind|Modest||F|||50|]Kangaskhan||SilkScarf|Scrappy|FakeOut,LastResort|Adamant||F|||50|]Incineroar||SitrusBerry|Intimidate|FakeOut,FlareBlitz,PartingShot,ThroatChop|Adamant||M|||50|]Skarmory||Skarmorite|Sturdy|IronHead,BraveBird,SwordsDance,Protect|Jolly||F|||50|
|showteam|p2|Scovillain||Scovillainite|Moody|GigaDrain,Overheat,RagePowder,Protect|Bold||M|||50|]Basculegion||SitrusBerry|Adaptability|WaveCrash,LastRespects,AquaJet,Protect|Adamant||M|||50|]Kingambit||LifeOrb|Defiant|KowtowCleave,SuckerPunch,SwordsDance,Protect|Adamant||M|||50|]Sneasler||WhiteHerb|Unburden|CloseCombat,DireClaw,Protect,FakeOut|Adamant||M|||50|]Lycanroc-Dusk||FocusSash|ToughClaws|CloseCombat,Accelerock,RockSlide,Protect|Adamant||M|||50|]Froslass||Froslassite|CursedBody|Blizzard,ShadowBall,AuroraVeil,Protect|Timid||F|||50|
|inactive|Battle timer is ON: inactive players will automatically lose when time's up. (requested by FroslassYES!)
|inactive|Painter04 has 60 seconds left.
|
|t:|1785959004
|teamsize|p1|4
|teamsize|p2|4
|start
|switch|p1a: Kangaskhan|Kangaskhan, L50, F|100/100
|switch|p1b: Feraligatr|Feraligatr, L50, F|100/100
|switch|p2a: Kingambit|Kingambit, L50, M, shiny|100/100
|switch|p2b: Sneasler|Sneasler, L50, M|100/100
|turn|1
|
|t:|1785959019
|detailschange|p1b: Feraligatr|Feraligatr-Mega, L50, F
|-mega|p1b: Feraligatr|Feraligatr|Feraligite
|move|p2b: Sneasler|Fake Out|p1a: Kangaskhan
|-damage|p1a: Kangaskhan|85/100
|cant|p1a: Kangaskhan|flinch
|move|p1b: Feraligatr|Dragon Dance|p1b: Feraligatr
|-boost|p1b: Feraligatr|atk|1
|-boost|p1b: Feraligatr|spe|1
|move|p2a: Kingambit|Swords Dance|p2a: Kingambit
|-boost|p2a: Kingambit|atk|2
|
|upkeep
|turn|2
|
|t:|1785959032
|switch|p1a: Pelipper|Pelipper, L50, F|100/100
|-weather|RainDance|[from] ability: Drizzle|[of] p1a: Pelipper
|move|p2a: Kingambit|Sucker Punch|p1b: Feraligatr
|-damage|p1b: Feraligatr|15/100
|-damage|p2a: Kingambit|90/100|[from] item: Life Orb
|move|p1b: Feraligatr|Liquidation|p2a: Kingambit
|-damage|p2a: Kingambit|0 fnt
|faint|p2a: Kingambit
|move|p2b: Sneasler|Close Combat|p1a: Pelipper
|-resisted|p1a: Pelipper|1
|-damage|p1a: Pelipper|63/100
|-unboost|p2b: Sneasler|def|1
|-unboost|p2b: Sneasler|spd|1
|-enditem|p2b: Sneasler|White Herb
|-clearnegativeboost|p2b: Sneasler|[silent]
|
|-weather|RainDance|[upkeep]
|upkeep
|
|t:|1785959040
|switch|p2a: Basculegion|Basculegion, L50, M|100/100
|turn|3
|inactive|Painter04 has 30 seconds left.
|inactive|Painter04 has 20 seconds left.
|
|t:|1785959080
|move|p1b: Feraligatr|Protect|p1b: Feraligatr
|-singleturn|p1b: Feraligatr|Protect
|move|p2b: Sneasler|Dire Claw|p1b: Feraligatr
|-activate|p1b: Feraligatr|move: Protect
|move|p1a: Pelipper|Hurricane|p2b: Sneasler
|-supereffective|p2b: Sneasler|1
|-damage|p2b: Sneasler|0 fnt
|faint|p2b: Sneasler
|move|p2a: Basculegion|Last Respects|p1a: Pelipper
|-damage|p1a: Pelipper|0 fnt
|faint|p1a: Pelipper
|
|-weather|RainDance|[upkeep]
|upkeep
|
|t:|1785959097
|switch|p2b: Scovillain|Scovillain, L50, M, shiny|100/100
|switch|p1a: Kangaskhan|Kangaskhan, L50, F|85/100
|turn|4
|inactive|Painter04 has 30 seconds left.
|
|t:|1785959129
|detailschange|p2b: Scovillain|Scovillain-Mega, L50, M, shiny
|-mega|p2b: Scovillain|Scovillain|Scovillainite
|move|p2a: Basculegion|Protect|p2a: Basculegion
|-singleturn|p2a: Basculegion|Protect
|move|p2b: Scovillain|Protect|p2b: Scovillain
|-singleturn|p2b: Scovillain|Protect
|move|p1a: Kangaskhan|Fake Out|p2a: Basculegion
|-activate|p2a: Basculegion|move: Protect
|move|p1b: Feraligatr|Liquidation|p2b: Scovillain
|-activate|p2b: Scovillain|move: Protect
|
|-weather|RainDance|[upkeep]
|upkeep
|turn|5
|inactive|Painter04 has 30 seconds left.
|
|t:|1785959159
|switch|p1a: Sinistcha|Sinistcha, L50|100/100
|-heal|p1b: Feraligatr|39/100|[from] ability: Hospitality|[of] p1a: Sinistcha
|move|p2b: Scovillain|Rage Powder|p2b: Scovillain
|-singleturn|p2b: Scovillain|move: Rage Powder
|move|p1b: Feraligatr|Liquidation|p2b: Scovillain
|-damage|p2b: Scovillain|0 fnt
|-status|p1b: Feraligatr|brn|[from] ability: Spicy Spray|[of] p2b: Scovillain
|faint|p2b: Scovillain
|move|p2a: Basculegion|Wave Crash|p1a: Sinistcha
|-resisted|p1a: Sinistcha|1
|-damage|p1a: Sinistcha|51/100
|-damage|p2a: Basculegion|86/100|[from] Recoil
|
|-weather|RainDance|[upkeep]
|-damage|p1b: Feraligatr|33/100 brn|[from] brn
|upkeep
|turn|6
|
|t:|1785959181
|move|p1b: Feraligatr|Double-Edge|p2a: Basculegion
|-damage|p2a: Basculegion|22/100
|-enditem|p2a: Basculegion|Sitrus Berry|[eat]
|-heal|p2a: Basculegion|46/100|[from] item: Sitrus Berry
|-damage|p1b: Feraligatr|7/100 brn|[from] Recoil
|move|p2a: Basculegion|Last Respects|p1a: Sinistcha
|-supereffective|p1a: Sinistcha|1
|-crit|p1a: Sinistcha
|-enditem|p1a: Sinistcha|Kasib Berry|[eat]
|-enditem|p1a: Sinistcha|Kasib Berry|[weaken]
|-damage|p1a: Sinistcha|0 fnt
|faint|p1a: Sinistcha
|
|-weather|none
|-damage|p1b: Feraligatr|1/100 brn|[from] brn
|upkeep
|
|t:|1785959194
|switch|p1a: Kangaskhan|Kangaskhan, L50, F|85/100
|turn|7
|
|t:|1785959201
|move|p2a: Basculegion|Protect|p2a: Basculegion
|-singleturn|p2a: Basculegion|Protect
|move|p1a: Kangaskhan|Fake Out|p2a: Basculegion
|-activate|p2a: Basculegion|move: Protect
|move|p1b: Feraligatr|Dragon Dance|p1b: Feraligatr
|-boost|p1b: Feraligatr|atk|1
|-boost|p1b: Feraligatr|spe|1
|
|-damage|p1b: Feraligatr|0 fnt|[from] brn
|faint|p1b: Feraligatr
|upkeep
|turn|8
|
|t:|1785959211
|move|p1a: Kangaskhan|Last Resort|p2a: Basculegion
|-damage|p2a: Basculegion|0 fnt
|faint|p2a: Basculegion
|
|win|Painter04
