|j|☆BenjiRNG
|j|☆marcosdeltasena31
|html|BenjiRNGmarcosdeltasena31    
|uhtml|bestof|Game 1 of a best-of-3
|t:|1757207138
|gametype|doubles
|player|p1|BenjiRNG|clown|1317
|player|p2|marcosdeltasena31|hilbert|1333
|gen|9
|tier|[Gen 9] VGC 2025 Reg H (Bo3)
|rated|
|rule|Species Clause: Limit one of each Pokémon
|rule|Item Clause: Limit 1 of each item
|clearpoke
|poke|p1|Gholdengo, L50|
|poke|p1|Murkrow, L50, F|
|poke|p1|Archaludon, L50, M|
|poke|p1|Pelipper, L50, F|
|poke|p1|Sneasler, L50, F|
|poke|p1|Amoonguss, L50, M|
|poke|p2|Dragonite, L50, F|
|poke|p2|Sneasler, L50, F|
|poke|p2|Volcarona, L50, F|
|poke|p2|Rillaboom, L50, M|
|poke|p2|Kingambit, L50, F|
|poke|p2|Electabuzz, L50, F|
|teampreview|4
|showteam|p1|Gholdengo||ChoiceSpecs|GoodasGold|MakeItRain,ShadowBall,Thunderbolt,Trick||||||50|,,,,,Steel]Murkrow||Eviolite|Prankster|FoulPlay,Tailwind,Haze,RainDance|||F|||50|,,,,,Ghost]Archaludon||AssaultVest|Stamina|ElectroShot,DracoMeteor,BodyPress,FlashCannon|||M|||50|,,,,,Fairy]Pelipper||FocusSash|Drizzle|Hurricane,WeatherBall,WideGuard,Protect|||F|||50|,,,,,Grass]Sneasler||WhiteHerb|Unburden|FakeOut,CloseCombat,DireClaw,Protect|||F|||50|,,,,,Flying]Amoonguss||SitrusBerry|Regenerator|RagePowder,Spore,PollenPuff,Protect|||M|||50|,,,,,Water
|showteam|p2|Dragonite||LoadedDice|Multiscale|ScaleShot,ExtremeSpeed,Haze,Protect|||F|||50|,,,,,Fairy]Sneasler||FocusSash|PoisonTouch|DireClaw,CloseCombat,FakeOut,Coaching|||F|||50|,,,,,Ghost]Volcarona||CovertCloak|FlameBody|HeatWave,TeraBlast,QuiverDance,Protect|||F|||50|,,,,,Fairy]Rillaboom||AssaultVest|GrassySurge|WoodHammer,FakeOut,GrassyGlide,HighHorsepower|||M|||50|,,,,,Fire]Kingambit||BlackGlasses|Defiant|KowtowCleave,SwordsDance,SuckerPunch,Protect|||F|||50|,,,,,Dark]Electabuzz||Eviolite|VitalSpirit|Thunderbolt,FollowMe,Taunt,Protect|||F|||50|,,,,,Ghost
|
|t:|1757207180
|teamsize|p1|4
|teamsize|p2|4
|start
|switch|p1a: Sneasler|Sneasler, L50, F|100/100
|switch|p1b: Gholdengo|Gholdengo, L50|100/100
|switch|p2a: Dragonite|Dragonite, L50, F|100/100
|switch|p2b: Sneasler|Sneasler, L50, F|100/100
|turn|1
|
|t:|1757207216
|-terastallize|p1b: Gholdengo|Steel
|move|p1a: Sneasler|Fake Out|p2a: Dragonite
|-damage|p2a: Dragonite|93/100
|move|p2b: Sneasler|Fake Out|p1a: Sneasler
|-damage|p1a: Sneasler|75/100
|move|p1b: Gholdengo|Make It Rain|p2a: Dragonite|[spread] p2a,p2b
|-damage|p2a: Dragonite|0 fnt
|-enditem|p2b: Sneasler|Focus Sash
|-damage|p2b: Sneasler|1/100
|-unboost|p1b: Gholdengo|spa|1
|faint|p2a: Dragonite
|
|upkeep
|
|t:|1757207225
|switch|p2a: Volcarona|Volcarona, L50, F|100/100
|turn|2
|
|t:|1757207243
|switch|p1b: Pelipper|Pelipper, L50, F|100/100
|-weather|RainDance|[from] ability: Drizzle|[of] p1b: Pelipper
|move|p1a: Sneasler|Dire Claw|p2b: Sneasler
|-resisted|p2b: Sneasler
|-damage|p2b: Sneasler|0 fnt
|faint|p2b: Sneasler
|move|p2a: Volcarona|Quiver Dance|p2a: Volcarona
|-boost|p2a: Volcarona|spa|1
|-boost|p2a: Volcarona|spd|1
|-boost|p2a: Volcarona|spe|1
|
|-weather|RainDance|[upkeep]
|upkeep
|
|t:|1757207250
|switch|p2b: Electabuzz|Electabuzz, L50, F|100/100
|turn|3
|
|t:|1757207270
|move|p2a: Volcarona|Heat Wave|p1a: Sneasler|[spread] p1a,p1b
|-resisted|p1b: Pelipper
|-damage|p1a: Sneasler|40/100
|-damage|p1b: Pelipper|78/100
|move|p1a: Sneasler|Dire Claw|p2a: Volcarona
|-damage|p2a: Volcarona|51/100
|move|p2b: Electabuzz|Thunderbolt|p1b: Pelipper
|-supereffective|p1b: Pelipper
|-damage|p1b: Pelipper|0 fnt
|faint|p1b: Pelipper
|
|-weather|RainDance|[upkeep]
|upkeep
|
|t:|1757207283
|switch|p1b: Archaludon|Archaludon, L50, M|100/100
|turn|4
|
|t:|1757207303
|move|p2a: Volcarona|Protect|p2a: Volcarona
|-singleturn|p2a: Volcarona|Protect
|move|p1a: Sneasler|Close Combat|p2b: Electabuzz
|-damage|p2b: Electabuzz|50/100
|-unboost|p1a: Sneasler|def|1
|-unboost|p1a: Sneasler|spd|1
|-enditem|p1a: Sneasler|White Herb
|-clearnegativeboost|p1a: Sneasler|[silent]
|move|p2b: Electabuzz|Thunderbolt|p1a: Sneasler
|-damage|p1a: Sneasler|0 fnt
|faint|p1a: Sneasler
|move|p1b: Archaludon|Electro Shot||[still]
|-prepare|p1b: Archaludon|Electro Shot
|-boost|p1b: Archaludon|spa|1
|-anim|p1b: Archaludon|Electro Shot|p2a: Volcarona
|-activate|p2a: Volcarona|move: Protect
|
|-weather|RainDance|[upkeep]
|upkeep
|
|t:|1757207320
|switch|p1a: Gholdengo|Gholdengo, L50, tera:Steel|100/100
|turn|5
|
|t:|1757207330
|move|p2b: Electabuzz|Follow Me|p2b: Electabuzz
|-singleturn|p2b: Electabuzz|move: Follow Me
|move|p2a: Volcarona|Heat Wave|p1a: Gholdengo|[spread] p1a,p1b
|-supereffective|p1a: Gholdengo
|-damage|p1a: Gholdengo|40/100
|-damage|p1b: Archaludon|79/100
|-status|p1b: Archaludon|brn
|-ability|p1b: Archaludon|Stamina|boost
|-boost|p1b: Archaludon|def|1
|move|p1a: Gholdengo|Shadow Ball|p2b: Electabuzz
|-damage|p2b: Electabuzz|0 fnt
|faint|p2b: Electabuzz
|move|p1b: Archaludon|Electro Shot||[still]
|-prepare|p1b: Archaludon|Electro Shot
|-boost|p1b: Archaludon|spa|1
|-anim|p1b: Archaludon|Electro Shot|p2a: Volcarona
|-damage|p2a: Volcarona|0 fnt
|faint|p2a: Volcarona
|
|win|BenjiRNG
|inactive|BenjiRNG has 30 seconds to confirm battle start!
|inactive|marcosdeltasena31 has 30 seconds to confirm battle start!
||BenjiRNG is ready for game 2.
