|j|☆Pelosis
|j|☆Yaceuro
|html|PelosisYaceuro    
|uhtml|bestof|Game 3 of a best-of-3
|t:|1784042542
|gametype|doubles
|player|p1|Pelosis|2|1065
|player|p2|Yaceuro|n|1126
|gen|9
|tier|[Gen 9 Champions] VGC 2026 Reg M-B (Bo3)
|rated|
|rule|Species Clause: Limit one of each Pokémon
|rule|Item Clause: Limit 1 of each item
|clearpoke
|poke|p1|Mawile, L50, M|
|poke|p1|Farigiraf, L50, F|
|poke|p1|Incineroar, L50, M|
|poke|p1|Torkoal, L50, M|
|poke|p1|Venusaur, L50, M|
|poke|p1|Scrafty, L50, M|
|poke|p2|Mawile, L50, M, shiny|
|poke|p2|Swampert, L50, M|
|poke|p2|Pelipper, L50, F|
|poke|p2|Archaludon, L50, F, shiny|
|poke|p2|Basculegion, L50, M|
|poke|p2|Dragonite, L50, F|
|teampreview|4
|showteam|p1|Mawile||Mawilite|HyperCutter|Protect,PlayRough,SwordsDance,SuckerPunch|Brave||M|||50|]Farigiraf||SitrusBerry|ArmorTail|TrickRoom,TwinBeam,Thunderbolt,HelpingHand|Quiet||F|||50|]Incineroar||WhiteHerb|Intimidate|FakeOut,CloseCombat,FlareBlitz,ThroatChop|Brave||M|||50|]Torkoal||Charcoal|Drought|Protect,Eruption,HeatWave,WeatherBall|Quiet||M|||50|]Venusaur||FocusSash|Chlorophyll|SleepPowder,EarthPower,EnergyBall,SludgeBomb|Modest||M|||50|]Scrafty||Scraftinite|Intimidate|FakeOut,CloseCombat,KnockOff,IcePunch|Brave||M|||50|
|showteam|p2|Mawile||Mawilite|HyperCutter|PlayRough,BrickBreak,SuckerPunch,Protect|Adamant||M|||50|]Swampert||Swampertite|Torrent|HighHorsepower,IcePunch,WaveCrash,Protect|Adamant||M|||50|]Pelipper||FocusSash|Drizzle|WeatherBall,Hurricane,Tailwind,Protect|Modest||F|||50|]Archaludon||Leftovers|Stamina|FlashCannon,DragonPulse,ElectroShot,Protect|Modest||F|||50|]Basculegion||ChoiceScarf|Adaptability|FlipTurn,WaveCrash,AquaJet,LastRespects|Jolly||M|||50|]Dragonite||LifeOrb|InnerFocus|DracoMeteor,Hurricane,Thunder,Protect|Modest||F|||50|
|inactive|Battle timer is ON: inactive players will automatically lose when time's up. (requested by Yaceuro)
|inactive|Yaceuro has 60 seconds left.
|
|t:|1784042595
|teamsize|p1|4
|teamsize|p2|4
|start
|switch|p1a: Venusaur|Venusaur, L50, M|100/100
|switch|p1b: Scrafty|Scrafty, L50, M|100/100
|switch|p2a: Archaludon|Archaludon, L50, F, shiny|100/100
|switch|p2b: Dragonite|Dragonite, L50, F|100/100
|-ability|p1b: Scrafty|Intimidate|boost
|-unboost|p2a: Archaludon|atk|1
|-fail|p2b: Dragonite|unboost|Attack|[from] ability: Inner Focus|[of] p2b: Dragonite
|turn|1
|inactive|Pelosis has 30 seconds left.
|inactive|Pelosis has 20 seconds left.
|
|t:|1784042634
|move|p2a: Archaludon|Protect|p2a: Archaludon
|-singleturn|p2a: Archaludon|Protect
|move|p2b: Dragonite|Protect|p2b: Dragonite
|-singleturn|p2b: Dragonite|Protect
|move|p1b: Scrafty|Fake Out|p2b: Dragonite
|-activate|p2b: Dragonite|move: Protect
|move|p1a: Venusaur|Sleep Powder|p2a: Archaludon
|-activate|p2a: Archaludon|move: Protect
|
|upkeep
|turn|2
|inactive|Yaceuro has 30 seconds left.
|inactive|Yaceuro has 20 seconds left.
|inactive|Yaceuro has 15 seconds left.
|inactive|Yaceuro has 10 seconds left.
|
|t:|1784042683
|switch|p2a: Swampert|Swampert, L50, M|100/100
|switch|p1b: Torkoal|Torkoal, L50, M|100/100
|-weather|SunnyDay|[from] ability: Drought|[of] p1b: Torkoal
|move|p1a: Venusaur|Sleep Powder|p2a: Swampert
|-status|p2a: Swampert|slp|[from] move: Sleep Powder
|move|p2b: Dragonite|Hurricane|p1b: Torkoal|[miss]
|-miss|p2b: Dragonite|p1b: Torkoal
|
|-weather|SunnyDay|[upkeep]
|upkeep
|turn|3
|inactive|Yaceuro has 30 seconds left.
|
|t:|1784042711
|switch|p2a: Pelipper|Pelipper, L50, F|100/100
|-weather|RainDance|[from] ability: Drizzle|[of] p2a: Pelipper
|switch|p1b: Scrafty|Scrafty, L50, M|100/100
|-ability|p1b: Scrafty|Intimidate|boost
|-unboost|p2a: Pelipper|atk|1
|-fail|p2b: Dragonite|unboost|Attack|[from] ability: Inner Focus|[of] p2b: Dragonite
|move|p1a: Venusaur|Sleep Powder|p2b: Dragonite
|-status|p2b: Dragonite|slp|[from] move: Sleep Powder
|cant|p2b: Dragonite|slp
|
|-weather|RainDance|[upkeep]
|upkeep
|turn|4
|inactive|Yaceuro has 30 seconds left.
|
|t:|1784042745
|switch|p2a: Archaludon|Archaludon, L50, F, shiny|100/100
|move|p1b: Scrafty|Fake Out|p2a: Archaludon
|-resisted|p2a: Archaludon|1
|-damage|p2a: Archaludon|95/100
|-ability|p2a: Archaludon|Stamina|boost
|-boost|p2a: Archaludon|def|1
|move|p1a: Venusaur|Sludge Bomb|p2a: Archaludon
|-immune|p2a: Archaludon
|-curestatus|p2b: Dragonite|slp|[msg]
|move|p2b: Dragonite|Draco Meteor|p1b: Scrafty
|-damage|p1b: Scrafty|19/100
|-unboost|p2b: Dragonite|spa|2
|-damage|p2b: Dragonite|90/100|[from] item: Life Orb
|
|-weather|RainDance|[upkeep]
|-heal|p2a: Archaludon|100/100|[from] item: Leftovers
|upkeep
|turn|5
|inactive|Yaceuro has 30 seconds left.
|inactive|Yaceuro has 20 seconds left.
|inactive|Yaceuro has 15 seconds left.
|
|t:|1784042787
|switch|p1b: Torkoal|Torkoal, L50, M|100/100
|-weather|SunnyDay|[from] ability: Drought|[of] p1b: Torkoal
|move|p1a: Venusaur|Earth Power|p2a: Archaludon
|-supereffective|p2a: Archaludon|1
|-damage|p2a: Archaludon|37/100
|-ability|p2a: Archaludon|Stamina|boost
|-boost|p2a: Archaludon|def|1
|move|p2a: Archaludon|Electro Shot||[still]
|-prepare|p2a: Archaludon|Electro Shot
|-boost|p2a: Archaludon|spa|1
|move|p2b: Dragonite|Draco Meteor|p1b: Torkoal
|-damage|p1b: Torkoal|50/100g
|-unboost|p2b: Dragonite|spa|2
|-damage|p2b: Dragonite|80/100|[from] item: Life Orb
|
|-weather|SunnyDay|[upkeep]
|-heal|p2a: Archaludon|43/100|[from] item: Leftovers
|upkeep
|turn|6
|inactive|Pelosis has 30 seconds left.
|
|t:|1784042813
|switch|p2b: Pelipper|Pelipper, L50, F|100/100
|-weather|RainDance|[from] ability: Drizzle|[of] p2b: Pelipper
|move|p1b: Torkoal|Protect|p1b: Torkoal
|-singleturn|p1b: Torkoal|Protect
|move|p1a: Venusaur|Earth Power|p2a: Archaludon
|-supereffective|p2a: Archaludon|1
|-damage|p2a: Archaludon|0 fnt
|faint|p2a: Archaludon
|
|-weather|RainDance|[upkeep]
|upkeep
|
|t:|1784042825
|switch|p2a: Dragonite|Dragonite, L50, F|80/100
|turn|7
|
|t:|1784042839
|switch|p2b: Swampert|Swampert, L50, M|100/100 slp
|switch|p1b: Farigiraf|Farigiraf, L50, F|100/100
|move|p1a: Venusaur|Sleep Powder|p2a: Dragonite|[miss]
|-miss|p1a: Venusaur|p2a: Dragonite
|move|p2a: Dragonite|Hurricane|p1b: Farigiraf
|-damage|p1b: Farigiraf|41/100
|-enditem|p1b: Farigiraf|Sitrus Berry|[eat]
|-heal|p1b: Farigiraf|66/100|[from] item: Sitrus Berry
|-damage|p2a: Dragonite|71/100|[from] item: Life Orb
|
|-weather|RainDance|[upkeep]
|upkeep
|turn|8
|inactive|Pelosis has 30 seconds left.
|inactive|Yaceuro has 30 seconds left.
|
|t:|1784042869
|switch|p1b: Torkoal|Torkoal, L50, M|50/100g
|-weather|SunnyDay|[from] ability: Drought|[of] p1b: Torkoal
|detailschange|p2b: Swampert|Swampert-Mega, L50, M
|-mega|p2b: Swampert|Swampert|Swampertite
|move|p2a: Dragonite|Protect|p2a: Dragonite
|-singleturn|p2a: Dragonite|Protect
|move|p1a: Venusaur|Energy Ball|p2b: Swampert
|-supereffective|p2b: Swampert|2
|-damage|p2b: Swampert|0 fnt
|faint|p2b: Swampert
|
|-weather|SunnyDay|[upkeep]
|upkeep
|
|t:|1784042880
|switch|p2b: Pelipper|Pelipper, L50, F|100/100
|-weather|RainDance|[from] ability: Drizzle|[of] p2b: Pelipper
|turn|9
|inactive|Pelosis has 30 seconds left.
|inactive|Yaceuro has 30 seconds left.
|
|t:|1784042910
|switch|p1b: Farigiraf|Farigiraf, L50, F|66/100
|move|p1a: Venusaur|Sleep Powder|p2a: Dragonite
|-status|p2a: Dragonite|slp|[from] move: Sleep Powder
|move|p2b: Pelipper|Hurricane|p1a: Venusaur
|-supereffective|p1a: Venusaur|1
|-enditem|p1a: Venusaur|Focus Sash
|-damage|p1a: Venusaur|1/100
|cant|p2a: Dragonite|slp
|
|-weather|RainDance|[upkeep]
|upkeep
|turn|10
|
|t:|1784042926
|move|p1a: Venusaur|Sludge Bomb|p2a: Dragonite
|-damage|p2a: Dragonite|33/100 slp
|move|p2b: Pelipper|Hurricane|p1a: Venusaur
|-supereffective|p1a: Venusaur|1
|-damage|p1a: Venusaur|0 fnt
|faint|p1a: Venusaur
|cant|p2a: Dragonite|slp
|move|p1b: Farigiraf|Thunderbolt|p2b: Pelipper
|-supereffective|p2b: Pelipper|2
|-enditem|p2b: Pelipper|Focus Sash
|-damage|p2b: Pelipper|1/100
|
|-weather|RainDance|[upkeep]
|upkeep
|
|t:|1784042940
|switch|p1a: Torkoal|Torkoal, L50, M|50/100g
|-weather|SunnyDay|[from] ability: Drought|[of] p1a: Torkoal
|turn|11
|
|t:|1784042952
|move|p1a: Torkoal|Protect|p1a: Torkoal
|-singleturn|p1a: Torkoal|Protect
|move|p2b: Pelipper|Weather Ball|p1b: Farigiraf
|-damage|p1b: Farigiraf|27/100
|-curestatus|p2a: Dragonite|slp|[msg]
|move|p2a: Dragonite|Draco Meteor|p1a: Torkoal
|-activate|p1a: Torkoal|move: Protect
|move|p1b: Farigiraf|Trick Room|p1b: Farigiraf
|-fieldstart|move: Trick Room|[of] p1b: Farigiraf
|
|-weather|SunnyDay|[upkeep]
|upkeep
|turn|12
|c|☆Pelosis|ggs
|
|t:|1784042973
|move|p2a: Dragonite|Protect|p2a: Dragonite
|-singleturn|p2a: Dragonite|Protect
|move|p1a: Torkoal|Weather Ball|p2a: Dragonite
|-activate|p2a: Dragonite|move: Protect
|move|p1b: Farigiraf|Thunderbolt|p2b: Pelipper
|-supereffective|p2b: Pelipper|2
|-damage|p2b: Pelipper|0 fnt
|faint|p2b: Pelipper
|
|-weather|SunnyDay|[upkeep]
|upkeep
|turn|13
|-message|Yaceuro forfeited.
|
|win|Pelosis
|raw|Pelosis's rating: 1065 → 1101(+36 for winning)
|raw|Yaceuro's rating: 1126 → 1097(-29 for losing)
|l|☆Yaceuro
|player|p2|
