|j|☆kamataka
|j|☆Sapitoch 4
|html|kamatakaSapitoch 4    
|uhtml|bestof|Game 1 of a best-of-3
|t:|1782234191
|gametype|doubles
|player|p1|kamataka|bruno|1108
|player|p2|Sapitoch 4|102|1188
|gen|9
|tier|[Gen 9 Champions] VGC 2026 Reg M-B (Bo3)
|rated|
|rule|Species Clause: Limit one of each Pokémon
|rule|Item Clause: Limit 1 of each item
|clearpoke
|poke|p1|Raichu, L50, M, shiny|
|poke|p1|Pelipper, L50, F, shiny|
|poke|p1|Grimmsnarl, L50, M, shiny|
|poke|p1|Sneasler, L50, M, shiny|
|poke|p1|Archaludon, L50, M, shiny|
|poke|p1|Whimsicott, L50, F, shiny|
|poke|p2|Gengar, L50, M|
|poke|p2|Incineroar, L50, F|
|poke|p2|Sinistcha, L50|
|poke|p2|Kingambit, L50, F|
|poke|p2|Garchomp, L50, F|
|poke|p2|Floette-Eternal, L50, F|
|teampreview|4
|showteam|p1|Raichu||RaichuniteY|Static|Protect,DazzlingGleam,FakeOut,ZapCannon|Hasty||M|||50|]Pelipper||WacanBerry|Drizzle|Tailwind,Protect,Hurricane,HelpingHand|Bold||F|||50|]Grimmsnarl||MentalHerb|Prankster|Reflect,LightScreen,SpiritBreak,SuckerPunch|Adamant||M|||50|]Sneasler||WhiteHerb|PoisonTouch|FakeOut,DireClaw,Protect,CloseCombat|Jolly||M|||50|]Archaludon||Leftovers|Stamina|ElectroShot,Protect,DracoMeteor,FlashCannon|Timid||M|||50|]Whimsicott||FocusSash|Prankster|Tailwind,Moonblast,Protect,Taunt|Bold||F|||50|
|showteam|p2|Gengar||Gengarite|CursedBody|ShadowBall,PerishSong,Disable,Protect|Timid||M|||50|]Incineroar||PasshoBerry|Intimidate|PartingShot,FakeOut,FlareBlitz,Protect|Brave||F|||50|]Sinistcha||KasibBerry|Hospitality|MatchaGotcha,Protect,RagePowder,TrickRoom|Sassy|||||50|]Kingambit||BlackGlasses|Defiant|KowtowCleave,SuckerPunch,SwordsDance,Protect|Brave||F|||50|]Garchomp||LifeOrb|RoughSkin|DragonClaw,Earthquake,RockSlide,Protect|Jolly||F|||50|]Floette-Eternal||Floettite|FlowerVeil|DazzlingGleam,Moonblast,LightofRuin,Protect|Timid||F|||50|
|inactive|Battle timer is ON: inactive players will automatically lose when time's up. (requested by kamataka)
|inactive|Sapitoch 4 has 60 seconds left.
|
|t:|1782234234
|teamsize|p1|4
|teamsize|p2|4
|start
|switch|p1a: Archaludon|Archaludon, L50, M, shiny|100/100
|switch|p1b: Pelipper|Pelipper, L50, F, shiny|100/100
|switch|p2a: Gengar|Gengar, L50, M|100/100
|switch|p2b: Incineroar|Incineroar, L50, F|100/100
|-weather|RainDance|[from] ability: Drizzle|[of] p1b: Pelipper
|-ability|p2b: Incineroar|Intimidate|boost
|-unboost|p1a: Archaludon|atk|1
|-unboost|p1b: Pelipper|atk|1
|turn|1
|inactive|Sapitoch 4 has 30 seconds left.
|inactive|Sapitoch 4 has 20 seconds left.
|
|t:|1782234272
|detailschange|p2a: Gengar|Gengar-Mega, L50, M
|-mega|p2a: Gengar|Gengar|Gengarite
|move|p2b: Incineroar|Fake Out|p1b: Pelipper
|-damage|p1b: Pelipper|91/100
|move|p2a: Gengar|Shadow Ball|p1b: Pelipper
|-damage|p1b: Pelipper|26/100
|move|p1a: Archaludon|Electro Shot||[still]
|-prepare|p1a: Archaludon|Electro Shot
|-boost|p1a: Archaludon|spa|1
|-anim|p1a: Archaludon|Electro Shot|p2b: Incineroar
|-damage|p2b: Incineroar|45/100
|cant|p1b: Pelipper|flinch
|
|-weather|RainDance|[upkeep]
|upkeep
|turn|2
|inactive|kamataka has 30 seconds left.
|
|t:|1782234297
|move|p2a: Gengar|Shadow Ball|p1b: Pelipper
|-damage|p1b: Pelipper|0 fnt
|faint|p1b: Pelipper
|move|p1a: Archaludon|Electro Shot||[still]
|-prepare|p1a: Archaludon|Electro Shot
|-boost|p1a: Archaludon|spa|1
|-anim|p1a: Archaludon|Electro Shot|p2a: Gengar
|-damage|p2a: Gengar|15/100
|move|p2b: Incineroar|Parting Shot|p1a: Archaludon
|-unboost|p1a: Archaludon|atk|1
|-unboost|p1a: Archaludon|spa|1
|
|t:|1782234307
|switch|p2b: Sinistcha|Sinistcha, L50|100/100|[from] Parting Shot
|-heal|p2a: Gengar|40/100|[from] ability: Hospitality|[of] p2b: Sinistcha
|
|-weather|RainDance|[upkeep]
|upkeep
|
|t:|1782234310
|switch|p1b: Whimsicott|Whimsicott, L50, F, shiny|100/100
|turn|3
|inactive|Sapitoch 4 has 30 seconds left.
|
|t:|1782234338
|move|p2b: Sinistcha|Rage Powder|p2b: Sinistcha
|-singleturn|p2b: Sinistcha|move: Rage Powder
|move|p1b: Whimsicott|Taunt|p2a: Gengar
|-start|p2a: Gengar|move: Taunt
|cant|p2a: Gengar|move: Taunt|Perish Song
|move|p1a: Archaludon|Electro Shot||[still]
|-prepare|p1a: Archaludon|Electro Shot
|-boost|p1a: Archaludon|spa|1
|-anim|p1a: Archaludon|Electro Shot|p2b: Sinistcha
|-resisted|p2b: Sinistcha|1
|-damage|p2b: Sinistcha|53/100
|
|-weather|RainDance|[upkeep]
|upkeep
|turn|4
|
|t:|1782234362
|move|p2b: Sinistcha|Rage Powder|p2b: Sinistcha
|-singleturn|p2b: Sinistcha|move: Rage Powder
|move|p2a: Gengar|Shadow Ball|p1a: Archaludon
|-damage|p1a: Archaludon|38/100
|-ability|p1a: Archaludon|Stamina|boost
|-boost|p1a: Archaludon|def|1
|move|p1a: Archaludon|Electro Shot||[still]
|-prepare|p1a: Archaludon|Electro Shot
|-boost|p1a: Archaludon|spa|1
|-anim|p1a: Archaludon|Electro Shot|p2b: Sinistcha
|-resisted|p2b: Sinistcha|1
|-damage|p2b: Sinistcha|0 fnt
|faint|p2b: Sinistcha
|move|p1b: Whimsicott|Moonblast|p2a: Gengar
|-resisted|p2a: Gengar|1
|-damage|p2a: Gengar|26/100
|
|-weather|RainDance|[upkeep]
|-heal|p1a: Archaludon|44/100|[from] item: Leftovers
|upkeep
|
|t:|1782234369
|switch|p2b: Incineroar|Incineroar, L50, F|45/100
|-ability|p2b: Incineroar|Intimidate|boost
|-unboost|p1a: Archaludon|atk|1
|-unboost|p1b: Whimsicott|atk|1
|turn|5
|inactive|Sapitoch 4 has 30 seconds left.
|
|t:|1782234395
|move|p1a: Archaludon|Protect|p1a: Archaludon
|-singleturn|p1a: Archaludon|Protect
|move|p2b: Incineroar|Fake Out|p1b: Whimsicott
|-damage|p1b: Whimsicott|90/100
|cant|p1b: Whimsicott|flinch
|move|p2a: Gengar|Shadow Ball|p1b: Whimsicott
|-damage|p1b: Whimsicott|27/100
|
|-weather|none
|-heal|p1a: Archaludon|50/100g|[from] item: Leftovers
|-end|p2a: Gengar|move: Taunt
|upkeep
|turn|6
|
|t:|1782234418
|move|p2a: Gengar|Shadow Ball|p1b: Whimsicott
|-damage|p1b: Whimsicott|0 fnt
|faint|p1b: Whimsicott
|move|p1a: Archaludon|Flash Cannon|p2b: Incineroar
|-resisted|p2b: Incineroar|1
|-damage|p2b: Incineroar|1/100
|-unboost|p2b: Incineroar|spd|1
|move|p2b: Incineroar|Parting Shot|p1a: Archaludon
|-unboost|p1a: Archaludon|atk|1
|-unboost|p1a: Archaludon|spa|1
|
|t:|1782234423
|switch|p2b: Garchomp|Garchomp, L50, F|100/100|[from] Parting Shot
|
|-heal|p1a: Archaludon|56/100|[from] item: Leftovers
|upkeep
|
|t:|1782234427
|switch|p1b: Sneasler|Sneasler, L50, M, shiny|100/100
|turn|7
|
|t:|1782234437
|move|p2b: Garchomp|Protect|p2b: Garchomp
|-singleturn|p2b: Garchomp|Protect
|move|p1b: Sneasler|Fake Out|p2b: Garchomp
|-activate|p2b: Garchomp|move: Protect
|move|p2a: Gengar|Shadow Ball|p1a: Archaludon
|-damage|p1a: Archaludon|0 fnt
|faint|p1a: Archaludon
|
|upkeep
|turn|8
|
|t:|1782234450
|move|p1b: Sneasler|Close Combat|p2b: Garchomp
|-damage|p2b: Garchomp|31/100
|-unboost|p1b: Sneasler|def|1
|-unboost|p1b: Sneasler|spd|1
|-damage|p1b: Sneasler|87/100|[from] ability: Rough Skin|[of] p2b: Garchomp
|-status|p2b: Garchomp|psn|[from] ability: Poison Touch|[of] p1b: Sneasler
|-enditem|p1b: Sneasler|White Herb
|-clearnegativeboost|p1b: Sneasler|[silent]
|move|p2a: Gengar|Shadow Ball|p1b: Sneasler
|-damage|p1b: Sneasler|28/100
|-unboost|p1b: Sneasler|spd|1
|move|p2b: Garchomp|Dragon Claw|p1b: Sneasler
|-damage|p1b: Sneasler|0 fnt
|faint|p1b: Sneasler
|-damage|p2b: Garchomp|22/100 psn|[from] item: Life Orb
|
|win|Sapitoch 4
|l|☆kamataka
|player|p1|
||kamataka is ready for game 2.
