|j|☆abadanriyi92
|j|☆RubyVGCTest
|html|abadanriyi92RubyVGCTest    
|uhtml|bestof|Game 2 of a best-of-3
|t:|1784604584
|gametype|doubles
|player|p1|abadanriyi92|colress|1251
|player|p2|RubyVGCTest|lucas|1113
|gen|9
|tier|[Gen 9 Champions] VGC 2026 Reg M-B (Bo3)
|rated|
|rule|Species Clause: Limit one of each Pokémon
|rule|Item Clause: Limit 1 of each item
|clearpoke
|poke|p1|Venusaur, L50, F|
|poke|p1|Grimmsnarl, L50, M|
|poke|p1|Politoed, L50, F|
|poke|p1|Archaludon, L50, M|
|poke|p1|Kingambit, L50, F|
|poke|p1|Aerodactyl, L50, M|
|poke|p2|Whimsicott, L50, F|
|poke|p2|Ceruledge, L50, M|
|poke|p2|Garchomp, L50, M|
|poke|p2|Gholdengo, L50|
|poke|p2|Kingambit, L50, F|
|poke|p2|Staraptor, L50, F|
|teampreview|4
|showteam|p1|Venusaur||Venusaurite|Chlorophyll|GigaDrain,SludgeBomb,EarthPower,Protect|Modest||F|||50|]Grimmsnarl||LightClay|Prankster|PartingShot,Reflect,LightScreen,FoulPlay|Relaxed||M|||50|]Politoed||SitrusBerry|Drizzle|WeatherBall,PerishSong,Encore,Protect|Sassy||F|||50|]Archaludon||Leftovers|Stamina|ElectroShot,FlashCannon,DracoMeteor,Protect|Modest||M|||50|]Kingambit||BlackGlasses|Defiant|KowtowCleave,SuckerPunch,SwordsDance,Protect|Brave||F|||50|]Aerodactyl||Aerodactylite|Unnerve|RockSlide,DualWingbeat,Tailwind,Protect|Jolly||M|||50|
|showteam|p2|Whimsicott||FocusSash|Prankster|Moonblast,Tailwind,Charm,Protect|Timid||F|||50|]Ceruledge||ColburBerry|FlashFire|BitterBlade,ShadowSneak,BulkUp,Protect|Adamant||M|||50|]Garchomp||LifeOrb|RoughSkin|Earthquake,RockSlide,DragonClaw,Protect|Jolly||M|||50|]Gholdengo||SpellTag|GoodasGold|MakeItRain,ShadowBall,NastyPlot,Protect|Modest|||||50|]Kingambit||OccaBerry|Defiant|KowtowCleave,SuckerPunch,LowKick,IronHead|Adamant||F|||50|]Staraptor||Staraptite|Intimidate|CloseCombat,Roost,BraveBird,Protect|Jolly||F|||50|
|
|t:|1784604622
|teamsize|p1|4
|teamsize|p2|4
|start
|switch|p1a: Aerodactyl|Aerodactyl, L50, M|100/100
|switch|p1b: Politoed|Politoed, L50, F|100/100
|switch|p2a: Whimsicott|Whimsicott, L50, F|100/100
|switch|p2b: Staraptor|Staraptor, L50, F|100/100
|-ability|p1a: Aerodactyl|Unnerve
|-ability|p2b: Staraptor|Intimidate|boost
|-unboost|p1a: Aerodactyl|atk|1
|-unboost|p1b: Politoed|atk|1
|-weather|RainDance|[from] ability: Drizzle|[of] p1b: Politoed
|turn|1
|
|t:|1784604639
|detailschange|p1a: Aerodactyl|Aerodactyl-Mega, L50, M
|-mega|p1a: Aerodactyl|Aerodactyl|Aerodactylite
|detailschange|p2b: Staraptor|Staraptor-Mega, L50, F
|-mega|p2b: Staraptor|Staraptor|Staraptite
|move|p2a: Whimsicott|Charm|p2b: Staraptor
|-boost|p2b: Staraptor|atk|2
|move|p1a: Aerodactyl|Tailwind|p1a: Aerodactyl
|-sidestart|p1: abadanriyi92|move: Tailwind
|move|p2b: Staraptor|Close Combat|p1b: Politoed
|-damage|p1b: Politoed|0 fnt
|-boost|p2b: Staraptor|def|1
|-boost|p2b: Staraptor|spd|1
|faint|p1b: Politoed
|
|-weather|RainDance|[upkeep]
|upkeep
|inactive|Battle timer is ON: inactive players will automatically lose when time's up. (requested by RubyVGCTest)
|
|t:|1784604653
|switch|p1b: Archaludon|Archaludon, L50, M|100/100
|turn|2
|
|t:|1784604664
|move|p2a: Whimsicott|Charm|p2b: Staraptor
|-boost|p2b: Staraptor|atk|2
|move|p1a: Aerodactyl|Rock Slide|p2a: Whimsicott|[spread] p2a,p2b
|-damage|p2a: Whimsicott|67/100
|-damage|p2b: Staraptor|86/100
|move|p1b: Archaludon|Electro Shot||[still]
|-prepare|p1b: Archaludon|Electro Shot
|-boost|p1b: Archaludon|spa|1
|-anim|p1b: Archaludon|Electro Shot|p2b: Staraptor
|-supereffective|p2b: Staraptor|1
|-damage|p2b: Staraptor|7/100
|cant|p2b: Staraptor|flinch
|
|-weather|RainDance|[upkeep]
|upkeep
|turn|3
|inactive|abadanriyi92 has 30 seconds left.
|inactive|RubyVGCTest has 30 seconds left.
|inactive|abadanriyi92 has 20 seconds left.
|
|t:|1784604708
|move|p2a: Whimsicott|Tailwind|p2a: Whimsicott
|-sidestart|p2: RubyVGCTest|move: Tailwind
|move|p1a: Aerodactyl|Rock Slide|p2a: Whimsicott|[spread] p2b
|-miss|p1a: Aerodactyl|p2a: Whimsicott
|-damage|p2b: Staraptor|0 fnt
|faint|p2b: Staraptor
|move|p1b: Archaludon|Electro Shot||[still]
|-prepare|p1b: Archaludon|Electro Shot
|-boost|p1b: Archaludon|spa|1
|-anim|p1b: Archaludon|Electro Shot|p2a: Whimsicott
|-resisted|p2a: Whimsicott|1
|-damage|p2a: Whimsicott|0 fnt
|faint|p2a: Whimsicott
|
|-weather|RainDance|[upkeep]
|upkeep
|
|t:|1784604715
|switch|p2a: Garchomp|Garchomp, L50, M|100/100
|switch|p2b: Gholdengo|Gholdengo, L50|100/100
|turn|4
|
|t:|1784604737
|move|p2b: Gholdengo|Protect|p2b: Gholdengo
|-singleturn|p2b: Gholdengo|Protect
|move|p1a: Aerodactyl|Rock Slide|p2b: Gholdengo|[spread] p2a
|-activate|p2b: Gholdengo|move: Protect
|-resisted|p2a: Garchomp|1
|-damage|p2a: Garchomp|89/100
|move|p2a: Garchomp|Earthquake|p1a: Aerodactyl|[spread] p1b
|-activate|p2b: Gholdengo|move: Protect
|-immune|p1a: Aerodactyl
|-supereffective|p1b: Archaludon|1
|-damage|p1b: Archaludon|24/100
|-ability|p1b: Archaludon|Stamina|boost
|-boost|p1b: Archaludon|def|1
|-damage|p2a: Garchomp|80/100|[from] item: Life Orb
|move|p1b: Archaludon|Draco Meteor|p2a: Garchomp
|-supereffective|p2a: Garchomp|1
|-damage|p2a: Garchomp|0 fnt
|-unboost|p1b: Archaludon|spa|2
|faint|p2a: Garchomp
|
|-weather|RainDance|[upkeep]
|-heal|p1b: Archaludon|30/100|[from] item: Leftovers
|-sideend|p1: abadanriyi92|move: Tailwind
|upkeep
|turn|5
|inactive|abadanriyi92 has 30 seconds left.
|
|t:|1784604764
|move|p2b: Gholdengo|Nasty Plot|p2b: Gholdengo
|-boost|p2b: Gholdengo|spa|2
|move|p1a: Aerodactyl|Dual Wingbeat|p2b: Gholdengo
|-resisted|p2b: Gholdengo|1
|-crit|p2b: Gholdengo
|-damage|p2b: Gholdengo|79/100
|-resisted|p2b: Gholdengo|1
|-damage|p2b: Gholdengo|69/100
|-hitcount|p2b: Gholdengo|2
|move|p1b: Archaludon|Electro Shot||[still]
|-prepare|p1b: Archaludon|Electro Shot
|-boost|p1b: Archaludon|spa|1
|-anim|p1b: Archaludon|Electro Shot|p2b: Gholdengo
|-damage|p2b: Gholdengo|8/100
|
|-weather|none
|-heal|p1b: Archaludon|37/100|[from] item: Leftovers
|upkeep
|turn|6
|
|t:|1784604782
|move|p2b: Gholdengo|Make It Rain|p1b: Archaludon|[spread] p1a,p1b
|-supereffective|p1a: Aerodactyl|1
|-resisted|p1b: Archaludon|1
|-damage|p1a: Aerodactyl|0 fnt
|-damage|p1b: Archaludon|0 fnt
|-unboost|p2b: Gholdengo|spa|2
|faint|p1a: Aerodactyl
|faint|p1b: Archaludon
|
|-sideend|p2: RubyVGCTest|move: Tailwind
|upkeep
|
|t:|1784604792
|switch|p1a: Kingambit|Kingambit, L50, F|100/100
|turn|7
|
|t:|1784604796
|move|p1a: Kingambit|Sucker Punch|p2b: Gholdengo
|-supereffective|p2b: Gholdengo|1
|-damage|p2b: Gholdengo|0 fnt
|faint|p2b: Gholdengo
|
|win|abadanriyi92
||RubyVGCTest is ready for game 3.
|inactive|abadanriyi92 has 30 seconds to confirm battle start!
|inactive|abadanriyi92 has 20 seconds to confirm battle start!
|inactive|abadanriyi92 has 10 seconds to confirm battle start!
