|j|☆Aleysha Mittons
|j|☆hash ketchem 151
|html|Aleysha Mittonshash ketchem 151    
|uhtml|bestof|Game 1 of a best-of-3
|t:|1782323602
|gametype|doubles
|player|p1|Aleysha Mittons|benga|
|player|p2|hash ketchem 151|1|
|gen|9
|tier|[Gen 9 Champions] VGC 2026 Reg M-B (Bo3)
|rule|Species Clause: Limit one of each Pokémon
|rule|Item Clause: Limit 1 of each item
|clearpoke
|poke|p1|Staraptor, L50, M|
|poke|p1|Blaziken, L50, F|
|poke|p1|Milotic, L50, F|
|poke|p1|Mamoswine, L50, M|
|poke|p1|Meowscarada, L50, M|
|poke|p1|Dragonite, L50, M|
|poke|p2|Tyranitar, L50, M|
|poke|p2|Excadrill, L50, M|
|poke|p2|Primarina, L50, F|
|poke|p2|Metagross, L50|
|poke|p2|Whimsicott, L50, M|
|poke|p2|Incineroar, L50, F|
|teampreview|4
|showteam|p1|Staraptor||ChoiceScarf|Intimidate|BraveBird,CloseCombat,FinalGambit,Uturn|Jolly||M|||50|]Blaziken||Blazikenite|SpeedBoost|CloseCombat,FlareBlitz,RockSlide,Protect|Adamant||F|||50|]Milotic||SitrusBerry|Competitive|Scald,IcyWind,Recover,Protect|Modest||F|||50|]Mamoswine||FocusSash|Oblivious|IcicleCrash,IceShard,Earthquake,Protect|Jolly||M|||50|]Meowscarada||LifeOrb|Overgrow|FlowerTrick,KnockOff,SuckerPunch,Protect|Jolly||M|||50|]Dragonite||DragonFang|Multiscale|DragonClaw,ExtremeSpeed,Tailwind,Protect|Adamant||M|||50|
|showteam|p2|Tyranitar||Tyranitarite|SandStream|RockSlide,KnockOff,Protect,LowKick|Adamant||M|||50|]Excadrill||FocusSash|SandRush|Earthquake,Protect,RockSlide,IronHead|Adamant||M|||50|]Primarina||LifeOrb|LiquidVoice|HyperVoice,Protect,Moonblast,CalmMind|Modest||F|||50|]Metagross||Metagrossite|ClearBody|PsychicFangs,Protect,IronHead,IcePunch|Naughty|||||50|]Whimsicott||Leftovers|Prankster|Tailwind,Moonblast,Encore,Protect|Timid||M|||50|]Incineroar||LumBerry|Intimidate|FakeOut,PartingShot,FlareBlitz,DarkestLariat|Careful||F|||50|
|
|t:|1782323727
|teamsize|p1|4
|teamsize|p2|4
|start
|switch|p1a: Staraptor|Staraptor, L50, M|100/100
|switch|p1b: Dragonite|Dragonite, L50, M|100/100
|switch|p2a: Whimsicott|Whimsicott, L50, M|100/100
|switch|p2b: Primarina|Primarina, L50, F|100/100
|-ability|p1a: Staraptor|Intimidate|boost
|-unboost|p2a: Whimsicott|atk|1
|-unboost|p2b: Primarina|atk|1
|turn|1
|
|t:|1782323765
|move|p2a: Whimsicott|Protect|p2a: Whimsicott
|-singleturn|p2a: Whimsicott|Protect
|move|p1a: Staraptor|Final Gambit|p2b: Primarina
|-damage|p2b: Primarina|0 fnt
|faint|p1a: Staraptor
|faint|p2b: Primarina
|move|p1b: Dragonite|Tailwind|p1b: Dragonite
|-sidestart|p1: Aleysha Mittons|move: Tailwind
|
|upkeep
|
|t:|1782323780
|switch|p1a: Blaziken|Blaziken, L50, F|100/100
|switch|p2b: Tyranitar|Tyranitar, L50, M|100/100
|-weather|Sandstorm|[from] ability: Sand Stream|[of] p2b: Tyranitar
|turn|2
|
|t:|1782323804
|detailschange|p1a: Blaziken|Blaziken-Mega, L50, F
|-mega|p1a: Blaziken|Blaziken|Blazikenite
|detailschange|p2b: Tyranitar|Tyranitar-Mega, L50, M
|-mega|p2b: Tyranitar|Tyranitar|Tyranitarite
|move|p1b: Dragonite|Extreme Speed|p2a: Whimsicott
|-damage|p2a: Whimsicott|54/100
|move|p2a: Whimsicott|Tailwind|p2a: Whimsicott
|-sidestart|p2: hash ketchem 151|move: Tailwind
|move|p1a: Blaziken|Close Combat|p2b: Tyranitar
|-supereffective|p2b: Tyranitar|2
|-damage|p2b: Tyranitar|0 fnt
|-unboost|p1a: Blaziken|def|1
|-unboost|p1a: Blaziken|spd|1
|faint|p2b: Tyranitar
|
|-weather|Sandstorm|[upkeep]
|-damage|p2a: Whimsicott|48/100|[from] Sandstorm
|-damage|p1a: Blaziken|94/100|[from] Sandstorm
|-damage|p1b: Dragonite|93/100|[from] Sandstorm
|-heal|p2a: Whimsicott|54/100|[from] item: Leftovers
|-ability|p1a: Blaziken|Speed Boost|boost
|-boost|p1a: Blaziken|spe|1
|upkeep
|
|t:|1782323817
|switch|p2b: Excadrill|Excadrill, L50, M|100/100
|turn|3
|
|t:|1782323827
|move|p2a: Whimsicott|Protect|p2a: Whimsicott
|-singleturn|p2a: Whimsicott|Protect
|move|p1a: Blaziken|Protect|p1a: Blaziken
|-singleturn|p1a: Blaziken|Protect
|move|p1b: Dragonite|Extreme Speed|p2a: Whimsicott
|-activate|p2a: Whimsicott|move: Protect
|move|p2b: Excadrill|Rock Slide|p1b: Dragonite|[spread] p1b
|-activate|p1a: Blaziken|move: Protect
|-supereffective|p1b: Dragonite|1
|-damage|p1b: Dragonite|46/100
|
|-weather|Sandstorm|[upkeep]
|-damage|p1a: Blaziken|88/100|[from] Sandstorm
|-damage|p2a: Whimsicott|48/100|[from] Sandstorm
|-damage|p1b: Dragonite|40/100|[from] Sandstorm
|-heal|p2a: Whimsicott|54/100|[from] item: Leftovers
|-ability|p1a: Blaziken|Speed Boost|boost
|-boost|p1a: Blaziken|spe|1
|upkeep
|turn|4
|
|t:|1782323858
|switch|p1a: Meowscarada|Meowscarada, L50, M|100/100
|move|p1b: Dragonite|Extreme Speed|p2a: Whimsicott
|-damage|p2a: Whimsicott|5/100
|move|p2a: Whimsicott|Encore|p1b: Dragonite
|-start|p1b: Dragonite|Encore
|move|p2b: Excadrill|Rock Slide|p1a: Meowscarada|[spread] p1a,p1b
|-supereffective|p1b: Dragonite|1
|-damage|p1a: Meowscarada|65/100
|-damage|p1b: Dragonite|0 fnt
|faint|p1b: Dragonite
|
|-weather|Sandstorm|[upkeep]
|-damage|p1a: Meowscarada|59/100|[from] Sandstorm
|-damage|p2a: Whimsicott|0 fnt|[from] Sandstorm
|faint|p2a: Whimsicott
|-sideend|p1: Aleysha Mittons|move: Tailwind
|upkeep
|
|t:|1782323873
|switch|p1b: Blaziken|Blaziken-Mega, L50, F|88/100
|turn|5
|
|t:|1782323909
|move|p1b: Blaziken|Protect|p1b: Blaziken
|-singleturn|p1b: Blaziken|Protect
|move|p1a: Meowscarada|Sucker Punch|p2b: Excadrill
|-damage|p2b: Excadrill|39/100
|-damage|p1a: Meowscarada|49/100|[from] item: Life Orb
|move|p2b: Excadrill|Earthquake|p1b: Blaziken|[spread] p1a
|-activate|p1b: Blaziken|move: Protect
|-resisted|p1a: Meowscarada|1
|-damage|p1a: Meowscarada|14/100
|
|-weather|Sandstorm|[upkeep]
|-damage|p1a: Meowscarada|8/100|[from] Sandstorm
|-damage|p1b: Blaziken|82/100|[from] Sandstorm
|-sideend|p2: hash ketchem 151|move: Tailwind
|-ability|p1b: Blaziken|Speed Boost|boost
|-boost|p1b: Blaziken|spe|1
|upkeep
|turn|6
|
|t:|1782323931
|move|p1a: Meowscarada|Sucker Punch|p2b: Excadrill
|-damage|p2b: Excadrill|0 fnt
|faint|p2b: Excadrill
|-damage|p1a: Meowscarada|0 fnt|[from] item: Life Orb
|faint|p1a: Meowscarada
|
|win|Aleysha Mittons
||Aleysha Mittons is ready for game 2.
|inactive|hash ketchem 151 has 30 seconds to confirm battle start!
|l|☆hash ketchem 151
|player|p2|
||hash ketchem 151 is ready for game 2.
|uhtml|next|Next: Game 2 of 3
