|j|☆Stormyparadise
|j|☆mellypoop
|html|Stormyparadisemellypoop    
|uhtml|bestof|Game 1 of a best-of-3
|t:|1782454635
|gametype|doubles
|player|p1|Stormyparadise|iris-gen5bw2|
|player|p2|mellypoop|266|
|gen|9
|tier|[Gen 9 Champions] VGC 2026 Reg M-B (Bo3)
|rule|Species Clause: Limit one of each Pokémon
|rule|Item Clause: Limit 1 of each item
|clearpoke
|poke|p1|Raichu, L50, F, shiny|
|poke|p1|Sylveon, L50, F, shiny|
|poke|p1|Scrafty, L50, F, shiny|
|poke|p1|Greninja, L50, M|
|poke|p1|Incineroar, L50, F, shiny|
|poke|p1|Gengar, L50, F|
|poke|p2|Blaziken, L50, M|
|poke|p2|Ditto, L50|
|poke|p2|Skarmory, L50, M|
|poke|p2|Clefable, L50, F|
|poke|p2|Slowking, L50, M|
|poke|p2|Mr. Rime, L50, M|
|teampreview|4
|showteam|p1|Raichu||RaichuniteY|LightningRod|Protect,FakeOut,ZapCannon,FocusBlast|Hasty||F|||50|]Sylveon||Leftovers|Pixilate|HyperVoice,MysticalFire,Wish,Protect|Calm||F|||50|]Scrafty||Scraftinite|Intimidate|DragonDance,KnockOff,DrainPunch,FakeOut|Jolly||F|||50|]Greninja||LifeOrb|Protean|DarkPulse,SludgeWave,IceBeam,HydroPump|Timid||M|||50|]Incineroar||SitrusBerry|Intimidate|FakeOut,PartingShot,FlareBlitz,DarkestLariat|Impish||F|||50|]Gengar||KasibBerry|CursedBody|DarkPulse,GigaDrain,SludgeBomb,DestinyBond|Timid||F|||50|
|showteam|p2|Blaziken||Blazikenite|SpeedBoost|SwordsDance,FlareBlitz,StoneEdge,KnockOff|Adamant||M|||50|]Ditto||ChoiceScarf|Imposter|Transform|Bold|||||50|]Skarmory||Leftovers|Sturdy|Spikes,BodyPress,IronDefense,Roost|Calm||M|||50|]Clefable||SitrusBerry|Unaware|Moonblast,FollowMe,Protect,LifeDew|Calm||F|||50|]Slowking||ColburBerry|Oblivious|Scald,Amnesia,PowerGem,NastyPlot|Modest||M|||50|]Mr. Rime||FocusSash|ScreenCleaner|RapidSpin,SlackOff,FreezeDry,FutureSight|Calm||M|||50|
|
|t:|1782454681
|teamsize|p1|4
|teamsize|p2|4
|start
|switch|p1a: Spooks|Gengar, L50, F|100/100
|switch|p1b: Cheese|Raichu, L50, F, shiny|100/100
|switch|p2a: Skarmory|Skarmory, L50, M|100/100
|switch|p2b: Clefable|Clefable, L50, F|100/100
|turn|1
|
|t:|1782454691
|detailschange|p1b: Cheese|Raichu-Mega-Y, L50, F, shiny
|-mega|p1b: Cheese|Raichu|Raichunite Y
|move|p1b: Cheese|Fake Out|p2a: Skarmory
|-resisted|p2a: Skarmory|1
|-damage|p2a: Skarmory|96/100
|move|p2b: Clefable|Follow Me|p2b: Clefable
|-singleturn|p2b: Clefable|move: Follow Me
|move|p1a: Spooks|Sludge Bomb|p2b: Clefable
|-supereffective|p2b: Clefable|1
|-damage|p2b: Clefable|34/100
|-enditem|p2b: Clefable|Sitrus Berry|[eat]
|-heal|p2b: Clefable|59/100|[from] item: Sitrus Berry
|cant|p2a: Skarmory|flinch
|
|-heal|p2a: Skarmory|100/100|[from] item: Leftovers
|upkeep
|turn|2
|
|t:|1782454719
|move|p1b: Cheese|Zap Cannon|p2a: Skarmory
|-supereffective|p2a: Skarmory|1
|-ability|p2a: Skarmory|Sturdy
|-damage|p2a: Skarmory|1/100
|-status|p2a: Skarmory|par
|move|p1a: Spooks|Dark Pulse|p2a: Skarmory
|-damage|p2a: Skarmory|0 fnt
|faint|p2a: Skarmory
|move|p2b: Clefable|Life Dew|p2b: Clefable
|-heal|p2b: Clefable|84/100
|
|upkeep
|
|t:|1782454732
|switch|p2a: Ditto|Ditto, L50|100/100
|-transform|p2a: Ditto|p1b: Cheese|[from] ability: Imposter
|turn|3
|
|t:|1782454751
|move|p2b: Clefable|Follow Me|p2b: Clefable
|-singleturn|p2b: Clefable|move: Follow Me
|move|p2a: Ditto|Zap Cannon|p1a: Spooks
|-damage|p1a: Spooks|0 fnt
|faint|p1a: Spooks
|move|p1b: Cheese|Focus Blast|p2b: Clefable
|-resisted|p2b: Clefable|1
|-damage|p2b: Clefable|67/100
|
|upkeep
|
|t:|1782454759
|switch|p1a: Luna|Sylveon, L50, F, shiny|100/100
|turn|4
|
|t:|1782454774
|move|p1a: Luna|Protect|p1a: Luna
|-singleturn|p1a: Luna|Protect
|move|p2a: Ditto|Zap Cannon|p1a: Luna
|-activate|p1a: Luna|move: Protect
|move|p1b: Cheese|Zap Cannon|p2b: Clefable
|-damage|p2b: Clefable|15/100
|-status|p2b: Clefable|par
|move|p2b: Clefable|Moonblast|p1b: Cheese
|-damage|p1b: Cheese|51/100
|
|upkeep
|turn|5
|
|t:|1782454795
|move|p2a: Ditto|Zap Cannon|p1a: Luna
|-damage|p1a: Luna|61/100
|-status|p1a: Luna|par
|move|p1b: Cheese|Focus Blast|p2a: Ditto
|-damage|p2a: Ditto|27/100
|move|p2b: Clefable|Life Dew|p2b: Clefable|[spread] p2a,p2b
|-heal|p2a: Ditto|52/100
|-heal|p2b: Clefable|40/100 par
|move|p1a: Luna|Mystical Fire|p2a: Ditto
|-damage|p2a: Ditto|25/100
|-unboost|p2a: Ditto|spa|1
|
|-heal|p1a: Luna|67/100 par|[from] item: Leftovers
|upkeep
|turn|6
|
|t:|1782454817
|move|p2a: Ditto|Zap Cannon|p1b: Cheese
|-resisted|p1b: Cheese|1
|-damage|p1b: Cheese|14/100
|move|p1b: Cheese|Zap Cannon|p2b: Clefable
|-damage|p2b: Clefable|0 fnt
|faint|p2b: Clefable
|cant|p1a: Luna|par
|
|-heal|p1a: Luna|73/100 par|[from] item: Leftovers
|upkeep
|
|t:|1782454824
|switch|p2b: Blaziken|Blaziken, L50, M|100/100
|turn|7
|
|t:|1782454838
|detailschange|p2b: Blaziken|Blaziken-Mega, L50, M
|-mega|p2b: Blaziken|Blaziken|Blazikenite
|move|p2a: Ditto|Zap Cannon|p1a: Luna
|-damage|p1a: Luna|49/100 par
|move|p1b: Cheese|Zap Cannon|p2b: Blaziken
|-damage|p2b: Blaziken|0 fnt
|faint|p2b: Blaziken
|move|p1a: Luna|Hyper Voice|p2a: Ditto
|-damage|p2a: Ditto|0 fnt
|faint|p2a: Ditto
|
|win|Stormyparadise
||mellypoop is ready for game 2.
|inactive|Stormyparadise has 30 seconds to confirm battle start!
||Stormyparadise is ready for game 2.
|uhtml|next|Next: Game 2 of 3
