|j|☆BranchingBee
|j|☆hyroshx
|html|BranchingBeehyroshx    
|uhtml|bestof|Game 1 of a best-of-3
|t:|1757024018
|gametype|doubles
|player|p1|BranchingBee|266|1070
|player|p2|hyroshx|gambler|1026
|gen|9
|tier|[Gen 9] VGC 2025 Reg H (Bo3)
|rated|
|rule|Species Clause: Limit one of each Pokémon
|rule|Item Clause: Limit 1 of each item
|clearpoke
|poke|p1|Sneasler, L50, F|
|poke|p1|Indeedee, L50, M|
|poke|p1|Ursaluna-Bloodmoon, L50, M|
|poke|p1|Electabuzz, L50, M|
|poke|p1|Incineroar, L50, F|
|poke|p1|Talonflame, L50, M|
|poke|p2|Sylveon, L50, F|
|poke|p2|Incineroar, L50, M|
|poke|p2|Magmar, L50, M|
|poke|p2|Smeargle, L50, M|
|poke|p2|Sinistcha-Masterpiece, L50|
|poke|p2|Whimsicott, L50, F|
|teampreview|4
|showteam|p1|Sneasler||PsychicSeed|Unburden|CloseCombat,DireClaw,ThroatChop,Protect|||F|||50|,,,,,Dark]Indeedee||FocusSash|PsychicSurge|ExpandingForce,HelpingHand,Protect,TrickRoom|||M|||50|,,,,,Psychic]Ursaluna-Bloodmoon||LifeOrb|MindsEye|BloodMoon,HyperVoice,EarthPower,Protect|||M|||50|,,,,,Normal]Electabuzz||Eviolite|VitalSpirit|Electroweb,FollowMe,Taunt,Protect|||M|||50|,,,,,Dragon]Incineroar||SafetyGoggles|Intimidate|FlareBlitz,KnockOff,PartingShot,FakeOut|||F|||50|,,,,,Ghost]Talonflame||CovertCloak|GaleWings|FlareBlitz,BraveBird,WillOWisp,Tailwind|||M|||50|,,,,,Fairy
|showteam|p2|Sylveon||LifeOrb|Pixilate|HyperVoice,Protect,QuickAttack,TeraBlast|||F|||50|,,,,,Fire]Incineroar||SitrusBerry|Intimidate|FakeOut,FlareBlitz,KnockOff,PartingShot|||M|||50|,,,,,Ghost]Magmar||Eviolite|FlameBody|FollowMe,ClearSmog,HeatWave,Taunt|||M|||50|,,,,,Steel]Smeargle||WideLens|Moody|BatonPass,NoRetreat,BanefulBunker,PopulationBomb|||M|||50|,,,,,Grass]Sinistcha-Masterpiece||RockyHelmet|Hospitality|MatchaGotcha,RagePowder,ShadowBall,Protect||||||50|,,,,,Water]Whimsicott||CovertCloak|Prankster|Moonblast,Taunt,Tailwind,Encore|||F|||50|,,,,,Dark
|
|t:|1757024085
|teamsize|p1|4
|teamsize|p2|4
|start
|switch|p1a: Sneasler|Sneasler, L50, F|100/100
|switch|p1b: Talonflame|Talonflame, L50, M|100/100
|switch|p2a: Smeargle|Smeargle, L50, M|100/100
|switch|p2b: Incineroar|Incineroar, L50, M|100/100
|-ability|p2b: Incineroar|Intimidate|boost
|-unboost|p1a: Sneasler|atk|1
|-unboost|p1b: Talonflame|atk|1
|turn|1
|
|t:|1757024122
|switch|p1b: Indeedee|Indeedee, L50, M|100/100
|-fieldstart|move: Psychic Terrain|[from] ability: Psychic Surge|[of] p1b: Indeedee
|-enditem|p1a: Sneasler|Psychic Seed
|-boost|p1a: Sneasler|spd|1|[from] item: Psychic Seed
|move|p2b: Incineroar|Fake Out|p1a: Sneasler
|-activate|p1a: Sneasler|move: Psychic Terrain
|move|p1a: Sneasler|Close Combat|p2b: Incineroar
|-supereffective|p2b: Incineroar
|-damage|p2b: Incineroar|0 fnt
|-unboost|p1a: Sneasler|def|1
|-unboost|p1a: Sneasler|spd|1
|faint|p2b: Incineroar
|move|p2a: Smeargle|No Retreat|p2a: Smeargle
|-boost|p2a: Smeargle|atk|1
|-boost|p2a: Smeargle|def|1
|-boost|p2a: Smeargle|spa|1
|-boost|p2a: Smeargle|spd|1
|-boost|p2a: Smeargle|spe|1
|-start|p2a: Smeargle|move: No Retreat
|
|-ability|p2a: Smeargle|Moody|boost
|-boost|p2a: Smeargle|atk|2
|-unboost|p2a: Smeargle|def|1
|upkeep
|
|t:|1757024144
|switch|p2b: Magmar|Magmar, L50, M|100/100
|turn|2
|
|t:|1757024197
|-terastallize|p1b: Indeedee|Psychic
|move|p2b: Magmar|Follow Me|p2b: Magmar
|-singleturn|p2b: Magmar|move: Follow Me
|move|p1a: Sneasler|Dire Claw|p2b: Magmar
|-crit|p2b: Magmar
|-damage|p2b: Magmar|48/100
|-status|p2b: Magmar|psn
|move|p2a: Smeargle|Population Bomb|p1b: Indeedee
|-damage|p1b: Indeedee|89/100
|-damage|p1b: Indeedee|75/100
|-damage|p1b: Indeedee|62/100
|-damage|p1b: Indeedee|48/100
|-damage|p1b: Indeedee|37/100
|-damage|p1b: Indeedee|23/100
|-damage|p1b: Indeedee|10/100
|-damage|p1b: Indeedee|0 fnt
|faint|p1b: Indeedee
|-hitcount|p1: Indeedee|8
|
|-damage|p2b: Magmar|36/100 psn|[from] psn
|-ability|p2a: Smeargle|Moody|boost
|-boost|p2a: Smeargle|def|2
|-unboost|p2a: Smeargle|spa|1
|upkeep
|
|t:|1757024228
|switch|p1b: Talonflame|Talonflame, L50, M|100/100
|turn|3
|
|t:|1757024257
|move|p2a: Smeargle|Baneful Bunker|p2a: Smeargle
|-singleturn|p2a: Smeargle|move: Protect
|move|p1b: Talonflame|Tailwind|p1b: Talonflame
|-sidestart|p1: BranchingBee|move: Tailwind
|move|p1a: Sneasler|Close Combat|p2b: Magmar
|-damage|p2b: Magmar|0 fnt
|-unboost|p1a: Sneasler|def|1
|-unboost|p1a: Sneasler|spd|1
|-status|p1a: Sneasler|brn|[from] ability: Flame Body|[of] p2b: Magmar
|faint|p2b: Magmar
|
|-damage|p1a: Sneasler|95/100 brn|[from] brn
|-ability|p2a: Smeargle|Moody|boost
|-boost|p2a: Smeargle|spe|2
|-unboost|p2a: Smeargle|def|1
|upkeep
|
|t:|1757024264
|switch|p2b: Sylveon|Sylveon, L50, F, shiny|100/100
|turn|4
|
|t:|1757024294
|-terastallize|p2b: Sylveon|Fire
|move|p1a: Sneasler|Close Combat|p2a: Smeargle
|-supereffective|p2a: Smeargle
|-damage|p2a: Smeargle|39/100
|-unboost|p1a: Sneasler|def|1
|-unboost|p1a: Sneasler|spd|1
|move|p1b: Talonflame|Flare Blitz|p2b: Sylveon
|-resisted|p2b: Sylveon
|-damage|p2b: Sylveon|77/100
|-damage|p1b: Talonflame|90/100|[from] Recoil
|move|p2a: Smeargle|Population Bomb|p1b: Talonflame
|-damage|p1b: Talonflame|80/100
|-damage|p1b: Talonflame|70/100
|-damage|p1b: Talonflame|61/100
|-damage|p1b: Talonflame|52/100
|-damage|p1b: Talonflame|44/100
|-damage|p1b: Talonflame|35/100
|-damage|p1b: Talonflame|25/100
|-damage|p1b: Talonflame|16/100
|-damage|p1b: Talonflame|6/100
|-damage|p1b: Talonflame|0 fnt
|faint|p1b: Talonflame
|-hitcount|p1: Talonflame|10
|move|p2b: Sylveon|Hyper Voice|p1a: Sneasler
|-damage|p1a: Sneasler|0 fnt
|faint|p1a: Sneasler
|-damage|p2b: Sylveon|67/100|[from] item: Life Orb
|
|-ability|p2a: Smeargle|Moody|boost
|-boost|p2a: Smeargle|spe|2
|-unboost|p2a: Smeargle|atk|1
|upkeep
|
|t:|1757024326
|switch|p1a: Ursaluna|Ursaluna-Bloodmoon, L50, M|100/100
|turn|5
|
|t:|1757024365
|move|p2a: Smeargle|Population Bomb|p1a: Ursaluna
|-damage|p1a: Ursaluna|97/100
|-damage|p1a: Ursaluna|92/100
|-damage|p1a: Ursaluna|87/100
|-damage|p1a: Ursaluna|83/100
|-damage|p1a: Ursaluna|78/100
|-damage|p1a: Ursaluna|73/100
|-damage|p1a: Ursaluna|68/100
|-damage|p1a: Ursaluna|63/100
|-damage|p1a: Ursaluna|60/100
|-damage|p1a: Ursaluna|54/100
|-hitcount|p1a: Ursaluna|10
|move|p1a: Ursaluna|Blood Moon|p2b: Sylveon
|-damage|p2b: Sylveon|0 fnt
|faint|p2b: Sylveon
|-damage|p1a: Ursaluna|45/100|[from] item: Life Orb
|
|-fieldend|move: Psychic Terrain
|-ability|p2a: Smeargle|Moody|boost
|-boost|p2a: Smeargle|spe|1
|-unboost|p2a: Smeargle|spa|1
|upkeep
|turn|6
|
|t:|1757024400
|move|p2a: Smeargle|Baneful Bunker|p2a: Smeargle
|-singleturn|p2a: Smeargle|move: Protect
|move|p1a: Ursaluna|Hyper Voice|p2a: Smeargle
|-activate|p2a: Smeargle|move: Protect
|
|-sideend|p1: BranchingBee|move: Tailwind
|-ability|p2a: Smeargle|Moody|boost
|-boost|p2a: Smeargle|spa|2
|-unboost|p2a: Smeargle|def|1
|upkeep
|turn|7
|
|t:|1757024419
|move|p1a: Ursaluna|Protect|p1a: Ursaluna
|-singleturn|p1a: Ursaluna|Protect
|move|p2a: Smeargle|Population Bomb|p1a: Ursaluna
|-activate|p1a: Ursaluna|move: Protect
|
|-ability|p2a: Smeargle|Moody|boost
|-boost|p2a: Smeargle|atk|2
|-unboost|p2a: Smeargle|def|1
|upkeep
|turn|8
|
|t:|1757024431
|move|p2a: Smeargle|Population Bomb|p1a: Ursaluna
|-crit|p1a: Ursaluna
|-damage|p1a: Ursaluna|35/100
|-damage|p1a: Ursaluna|30/100
|-damage|p1a: Ursaluna|24/100
|-damage|p1a: Ursaluna|18/100
|-damage|p1a: Ursaluna|13/100
|-damage|p1a: Ursaluna|8/100
|-damage|p1a: Ursaluna|2/100
|-damage|p1a: Ursaluna|0 fnt
|faint|p1a: Ursaluna
|-hitcount|p1: Ursaluna|8
|
|win|hyroshx
|inactive|BranchingBee has 30 seconds to confirm battle start!
|inactive|hyroshx has 30 seconds to confirm battle start!
||hyroshx is ready for game 2.
||BranchingBee is ready for game 2.
|uhtml|next|Next: Game 2 of 3
|l|☆BranchingBee
|player|p1|
