|j|☆darthnius
|j|☆r4ka
|html|darthniusr4ka    
|uhtml|bestof|Game 1 of a best-of-3
|t:|1756645027
|gametype|doubles
|player|p1|darthnius|volkner|1298
|player|p2|r4ka|169|1150
|gen|9
|tier|[Gen 9] VGC 2025 Reg H (Bo3)
|rated|
|rule|Species Clause: Limit one of each Pokémon
|rule|Item Clause: Limit 1 of each item
|clearpoke
|poke|p1|Frosmoth, L50, F|
|poke|p1|Volcarona, L50, M|
|poke|p1|Ninetales-Alola, L50, M|
|poke|p1|Garchomp, L50, M|
|poke|p1|Rillaboom, L50, F|
|poke|p1|Incineroar, L50, M|
|poke|p2|Rillaboom, L50, M|
|poke|p2|Dragonite, L50, F|
|poke|p2|Sneasler, L50, M|
|poke|p2|Kingambit, L50, M|
|poke|p2|Electabuzz, L50, M|
|poke|p2|Volcarona, L50, F|
|teampreview|4
|showteam|p1|Frosmoth||Leftovers|IceScales|Blizzard,WideGuard,QuiverDance,TeraBlast|||F|||50|,,,,,Water]Volcarona||RockyHelmet|FlameBody|HeatWave,WillOWisp,RagePowder,StruggleBug|||M|||50|,,,,,Steel]Ninetales-Alola||LifeOrb|SnowWarning|FreezeDry,IcyWind,AuroraVeil,Moonblast|||M|||50|,,,,,Ghost]Garchomp||ClearAmulet|RoughSkin|StompingTantrum,BreakingSwipe,RockSlide,Protect|||M|||50|,,,,,Fire]Rillaboom||AssaultVest|GrassySurge|FakeOut,GrassyGlide,WoodHammer,HighHorsepower|||F|||50|,,,,,Fire]Incineroar||SitrusBerry|Intimidate|FakeOut,FlareBlitz,KnockOff,PartingShot|||M|||50|,,,,,Ghost
|showteam|p2|Rillaboom||AssaultVest|GrassySurge|FakeOut,HighHorsepower,WoodHammer,GrassyGlide|||M|||50|,,,,,Fire]Dragonite||LoadedDice|Multiscale|ExtremeSpeed,ScaleShot,Protect,Haze|||F|||50|,,,,,Steel]Sneasler||FocusSash|PoisonTouch|DireClaw,CloseCombat,FakeOut,Coaching|||M|||50|,,,,,Stellar]Kingambit||BlackGlasses|Defiant|KowtowCleave,SuckerPunch,SwordsDance,Protect|||M|||50|,,,,,Dark]Electabuzz||Eviolite|VitalSpirit|Thunderbolt,Taunt,Protect,FollowMe|||M|||50|,,,,,Ghost]Volcarona||Leftovers|FlameBody|HeatWave,TeraBlast,QuiverDance,Protect|||F|||50|,,,,,Fairy
|inactive|Battle timer is ON: inactive players will automatically lose when time's up. (requested by r4ka)
|
|t:|1756645078
|teamsize|p1|4
|teamsize|p2|4
|start
|switch|p1a: Garchomp|Garchomp, L50, M|100/100
|switch|p1b: Volcarona|Volcarona, L50, M|100/100
|switch|p2a: Kingambit|Kingambit, L50, M, shiny|100/100
|switch|p2b: Sneasler|Sneasler, L50, M|100/100
|turn|1
|inactive|r4ka has 30 seconds left.
|inactive|darthnius has 30 seconds left.
|
|t:|1756645118
|-terastallize|p2a: Kingambit|Dark
|move|p2a: Kingambit|Sucker Punch|p1a: Garchomp
|-damage|p1a: Garchomp|37/100
|-damage|p2a: Kingambit|88/100|[from] ability: Rough Skin|[of] p1a: Garchomp
|move|p2b: Sneasler|Close Combat|p1a: Garchomp
|-damage|p1a: Garchomp|0 fnt
|-unboost|p2b: Sneasler|def|1
|-unboost|p2b: Sneasler|spd|1
|-damage|p2b: Sneasler|88/100|[from] ability: Rough Skin|[of] p1a: Garchomp
|faint|p1a: Garchomp
|move|p1b: Volcarona|Will-O-Wisp|p2a: Kingambit
|-status|p2a: Kingambit|brn
|
|-damage|p2a: Kingambit|82/100 brn|[from] brn
|upkeep
|
|t:|1756645137
|switch|p1a: Ninetales|Ninetales-Alola, L50, M|100/100
|-weather|Snowscape|[from] ability: Snow Warning|[of] p1a: Ninetales
|turn|2
|inactive|darthnius has 30 seconds left.
|
|t:|1756645164
|-terastallize|p1a: Ninetales|Ghost
|move|p2b: Sneasler|Dire Claw|p1a: Ninetales
|-resisted|p1a: Ninetales
|-damage|p1a: Ninetales|70/100
|-status|p1a: Ninetales|psn
|move|p1a: Ninetales|Aurora Veil|p1a: Ninetales
|-sidestart|p1: darthnius|move: Aurora Veil
|move|p1b: Volcarona|Heat Wave|p2b: Sneasler|[spread] p2a,p2b
|-damage|p2a: Kingambit|49/100 brn
|-damage|p2b: Sneasler|22/100
|move|p2a: Kingambit|Kowtow Cleave|p1a: Ninetales
|-supereffective|p1a: Ninetales
|-damage|p1a: Ninetales|0 fnt
|faint|p1a: Ninetales
|
|-weather|Snowscape|[upkeep]
|-damage|p2a: Kingambit|43/100 brn|[from] brn
|upkeep
|
|t:|1756645179
|switch|p1a: Incineroar|Incineroar, L50, M|100/100
|-ability|p1a: Incineroar|Intimidate|boost
|-unboost|p2a: Kingambit|atk|1
|-ability|p2a: Kingambit|Defiant|boost
|-boost|p2a: Kingambit|atk|2
|-unboost|p2b: Sneasler|atk|1
|turn|3
|
|t:|1756645193
|switch|p2b: Volcarona|Volcarona, L50, F|100/100
|move|p2a: Kingambit|Protect|p2a: Kingambit
|-singleturn|p2a: Kingambit|Protect
|move|p1a: Incineroar|Fake Out|p2b: Volcarona
|-damage|p2b: Volcarona|89/100
|move|p1b: Volcarona|Heat Wave|p2b: Volcarona|[spread] 
|-activate|p2a: Kingambit|move: Protect
|-miss|p1b: Volcarona|p2b: Volcarona
|
|-weather|Snowscape|[upkeep]
|-heal|p2b: Volcarona|95/100|[from] item: Leftovers
|-damage|p2a: Kingambit|37/100 brn|[from] brn
|upkeep
|turn|4
|
|t:|1756645214
|move|p2b: Volcarona|Heat Wave|p1a: Incineroar|[spread] p1a,p1b
|-resisted|p1a: Incineroar
|-damage|p1a: Incineroar|93/100
|-damage|p1b: Volcarona|80/100
|move|p1b: Volcarona|Heat Wave|p2b: Volcarona|[spread] p2a,p2b
|-damage|p2a: Kingambit|3/100 brn
|-damage|p2b: Volcarona|62/100
|move|p1a: Incineroar|Knock Off|p2b: Volcarona
|-damage|p2b: Volcarona|21/100
|-enditem|p2b: Volcarona|Leftovers|[from] move: Knock Off|[of] p1a: Incineroar
|move|p2a: Kingambit|Kowtow Cleave|p1a: Incineroar
|-resisted|p1a: Incineroar
|-damage|p1a: Incineroar|74/100
|
|-weather|Snowscape|[upkeep]
|-damage|p2a: Kingambit|0 fnt|[from] brn
|faint|p2a: Kingambit
|upkeep
|
|t:|1756645236
|switch|p2a: Rillaboom|Rillaboom, L50, M|100/100
|-fieldstart|move: Grassy Terrain|[from] ability: Grassy Surge|[of] p2a: Rillaboom
|turn|5
|
|t:|1756645247
|move|p2b: Volcarona|Heat Wave|p1a: Incineroar|[spread] p1a,p1b
|-resisted|p1a: Incineroar
|-damage|p1a: Incineroar|66/100
|-damage|p1b: Volcarona|60/100
|move|p1b: Volcarona|Heat Wave|p2a: Rillaboom|[spread] p2a,p2b
|-supereffective|p2a: Rillaboom
|-damage|p2a: Rillaboom|52/100
|-damage|p2b: Volcarona|0 fnt
|faint|p2b: Volcarona
|move|p2a: Rillaboom|High Horsepower|p1a: Incineroar
|-supereffective|p1a: Incineroar
|-damage|p1a: Incineroar|23/100
|-enditem|p1a: Incineroar|Sitrus Berry|[eat]
|-heal|p1a: Incineroar|48/100|[from] item: Sitrus Berry
|move|p1a: Incineroar|Flare Blitz|p2a: Rillaboom
|-supereffective|p2a: Rillaboom
|-damage|p2a: Rillaboom|0 fnt
|faint|p2a: Rillaboom
|-damage|p1a: Incineroar|31/100|[from] Recoil
|
|-weather|Snowscape|[upkeep]
|-heal|p1b: Volcarona|67/100|[from] Grassy Terrain
|-heal|p1a: Incineroar|37/100|[from] Grassy Terrain
|upkeep
|
|t:|1756645266
|switch|p2a: Sneasler|Sneasler, L50, M|22/100
|turn|6
|
|t:|1756645277
|move|p1b: Volcarona|Rage Powder|p1b: Volcarona
|-singleturn|p1b: Volcarona|move: Rage Powder
|move|p2a: Sneasler|Close Combat|p1b: Volcarona
|-resisted|p1b: Volcarona
|-damage|p1b: Volcarona|50/100
|-unboost|p2a: Sneasler|def|1
|-unboost|p2a: Sneasler|spd|1
|-damage|p2a: Sneasler|6/100|[from] item: Rocky Helmet|[of] p1b: Volcarona
|-status|p2a: Sneasler|brn|[from] ability: Flame Body|[of] p1b: Volcarona
|move|p1a: Incineroar|Flare Blitz|p2a: Sneasler
|-damage|p2a: Sneasler|0 fnt
|faint|p2a: Sneasler
|-damage|p1a: Incineroar|35/100|[from] Recoil
|
|win|darthnius
||r4ka is ready for game 2.
|inactive|darthnius has 30 seconds to confirm battle start!
|l|☆darthnius
|player|p1|
|inactive|darthnius has 20 seconds to confirm battle start!
||darthnius is ready for game 2.
|uhtml|next|Next: Game 2 of 3
