|j|☆milkandcereals
|j|☆maish
|html|milkandcerealsmaish    
|uhtml|bestof|Game 2 of a best-of-3
|t:|1756650742
|gametype|doubles
|player|p1|milkandcereals|blue|
|player|p2|maish|veteran|
|gen|9
|tier|[Gen 9] VGC 2025 Reg H (Bo3)
|rule|Species Clause: Limit one of each Pokémon
|rule|Item Clause: Limit 1 of each item
|clearpoke
|poke|p1|Porygon2, L50|
|poke|p1|Rillaboom, L50, M|
|poke|p1|Ursaluna, L50, F|
|poke|p1|Jumpluff, L50, M|
|poke|p1|Charizard, L50, F|
|poke|p1|Torkoal, L50, M|
|poke|p2|Pelipper, L50, M|
|poke|p2|Archaludon, L50, M|
|poke|p2|Basculegion, L50, M|
|poke|p2|Amoonguss, L50, F|
|poke|p2|Incineroar, L50, M|
|poke|p2|Gholdengo, L50|
|teampreview|4
|showteam|p1|Porygon2||Eviolite|Download|TeraBlast,IceBeam,TrickRoom,Recover||||||50|,,,,,Fighting]Rillaboom||AssaultVest|GrassySurge|FakeOut,GrassyGlide,WoodHammer,HighHorsepower|||M|||50|,,,,,Water]Ursaluna||FlameOrb|Guts|Protect,Facade,Earthquake,HeadlongRush|||F|||50|,,,,,Ghost]Jumpluff||CovertCloak|Chlorophyll|SleepPowder,SunnyDay,Tailwind,RagePowder|||M|||50|,,,,,Fire]Charizard||ChoiceSpecs|SolarPower|HeatWave,Overheat,WeatherBall,DragonPulse|||F|||50|,,,,,Ghost]Torkoal||EjectPack|Drought|Overheat,Eruption,HelpingHand,Protect|||M|||50|,,,,,Fire
|showteam|p2|Pelipper||FocusSash|Drizzle|WeatherBall,Hurricane,Tailwind,Protect|||M|||50|,,,,,Ghost]Archaludon||AssaultVest|Stamina|DragonPulse,ElectroShot,Snarl,BodyPress|||M|||50|,,,,,Grass]Basculegion||ChoiceBand|SwiftSwim|WaveCrash,AquaJet,LastRespects,FlipTurn|||M|||50|,,,,,Grass]Amoonguss||RockyHelmet|Regenerator|RagePowder,PollenPuff,Spore,Protect|||F|||50|,,,,,Water]Incineroar||SafetyGoggles|Intimidate|FakeOut,FlareBlitz,PartingShot,KnockOff|||M|||50|,,,,,Water]Gholdengo||LifeOrb|GoodasGold|MakeItRain,ShadowBall,NastyPlot,Protect||||||50|,,,,,Dragon
|inactive|Battle timer is ON: inactive players will automatically lose when time's up. (requested by milkandcereals)
|inactive|milkandcereals has 60 seconds left.
|inactive|maish has 60 seconds left.
|
|t:|1756650803
|teamsize|p1|4
|teamsize|p2|4
|start
|switch|p1a: Jumpluff|Jumpluff, L50, M|100/100
|switch|p1b: Charizard|Charizard, L50, F|100/100
|switch|p2a: Gholdengo|Gholdengo, L50|100/100
|switch|p2b: Incineroar|Incineroar, L50, M, shiny|100/100
|-ability|p2b: Incineroar|Intimidate|boost
|-unboost|p1a: Jumpluff|atk|1
|-unboost|p1b: Charizard|atk|1
|turn|1
|inactive|milkandcereals has 30 seconds left.
|inactive|maish has 30 seconds left.
|inactive|maish has 20 seconds left.
|inactive|maish has 15 seconds left.
|
|t:|1756650849
|move|p2a: Gholdengo|Protect|p2a: Gholdengo
|-singleturn|p2a: Gholdengo|Protect
|move|p1a: Jumpluff|Tailwind|p1a: Jumpluff
|-sidestart|p1: milkandcereals|move: Tailwind
|move|p1b: Charizard|Heat Wave|p2a: Gholdengo|[spread] p2b
|-activate|p2a: Gholdengo|move: Protect
|-resisted|p2b: Incineroar
|-damage|p2b: Incineroar|77/100
|move|p2b: Incineroar|Knock Off|p1b: Charizard
|-damage|p1b: Charizard|51/100
|-enditem|p1b: Charizard|Choice Specs|[from] move: Knock Off|[of] p2b: Incineroar
|
|upkeep
|turn|2
|inactive|milkandcereals has 30 seconds left.
|inactive|maish has 30 seconds left.
|inactive|milkandcereals has 20 seconds left.
|inactive|maish has 20 seconds left.
|inactive|milkandcereals has 15 seconds left.
|inactive|maish has 15 seconds left.
|inactive|milkandcereals has 10 seconds left.
|inactive|maish has 10 seconds left.
|inactive|milkandcereals has 5 seconds left.
|
|t:|1756650904
|-terastallize|p1a: Jumpluff|Fire
|-terastallize|p2a: Gholdengo|Dragon
|move|p1a: Jumpluff|Sunny Day|p1a: Jumpluff
|-weather|SunnyDay
|move|p1b: Charizard|Heat Wave|p2b: Incineroar|[spread] p2a,p2b
|-resisted|p2a: Gholdengo
|-resisted|p2b: Incineroar
|-damage|p2a: Gholdengo|64/100
|-damage|p2b: Incineroar|47/100
|move|p2a: Gholdengo|Shadow Ball|p1b: Charizard
|-damage|p1b: Charizard|0 fnt
|faint|p1b: Charizard
|-damage|p2a: Gholdengo|54/100|[from] item: Life Orb
|move|p2b: Incineroar|Flare Blitz|p1a: Jumpluff
|-resisted|p1a: Jumpluff
|-damage|p1a: Jumpluff|52/100
|-damage|p2b: Incineroar|32/100|[from] Recoil
|
|-weather|SunnyDay|[upkeep]
|upkeep
|
|t:|1756650922
|switch|p1b: Ursaluna|Ursaluna, L50, F|100/100
|turn|3
|inactive|milkandcereals has 30 seconds left.
|inactive|milkandcereals has 20 seconds left.
|inactive|milkandcereals has 15 seconds left.
|
|t:|1756650965
|switch|p2b: Pelipper|Pelipper, L50, M, shiny|100/100
|-weather|RainDance|[from] ability: Drizzle|[of] p2b: Pelipper
|move|p1a: Jumpluff|Sleep Powder|p2b: Pelipper
|-status|p2b: Pelipper|slp|[from] move: Sleep Powder
|move|p1b: Ursaluna|Earthquake|p2a: Gholdengo|[spread] p1a,p2a
|-immune|p2b: Pelipper
|-supereffective|p1a: Jumpluff
|-crit|p2a: Gholdengo
|-damage|p1a: Jumpluff|0 fnt
|-damage|p2a: Gholdengo|0 fnt
|faint|p1a: Jumpluff
|faint|p2a: Gholdengo
|
|-weather|RainDance|[upkeep]
|-status|p1b: Ursaluna|brn|[from] item: Flame Orb
|upkeep
|
|t:|1756650982
|switch|p1a: Rillaboom|Rillaboom, L50, M|100/100
|switch|p2a: Incineroar|Incineroar, L50, M, shiny|32/100
|-fieldstart|move: Grassy Terrain|[from] ability: Grassy Surge|[of] p1a: Rillaboom
|-ability|p2a: Incineroar|Intimidate|boost
|-unboost|p1a: Rillaboom|atk|1
|-unboost|p1b: Ursaluna|atk|1
|turn|4
|inactive|milkandcereals has 30 seconds left.
|inactive|milkandcereals has 20 seconds left.
|inactive|milkandcereals has 15 seconds left.
|
|t:|1756651024
|move|p1b: Ursaluna|Protect|p1b: Ursaluna
|-singleturn|p1b: Ursaluna|Protect
|move|p2a: Incineroar|Fake Out|p1b: Ursaluna
|-activate|p1b: Ursaluna|move: Protect
|move|p1a: Rillaboom|Wood Hammer|p2b: Pelipper
|-damage|p2b: Pelipper|33/100 slp
|-damage|p1a: Rillaboom|86/100|[from] Recoil
|cant|p2b: Pelipper|slp
|
|-weather|RainDance|[upkeep]
|-heal|p1a: Rillaboom|92/100|[from] Grassy Terrain
|-heal|p2a: Incineroar|38/100|[from] Grassy Terrain
|-damage|p1b: Ursaluna|94/100 brn|[from] brn
|-sideend|p1: milkandcereals|move: Tailwind
|upkeep
|turn|5
|inactive|milkandcereals has 30 seconds left.
|inactive|maish has 30 seconds left.
|inactive|maish has 20 seconds left.
|inactive|maish has 15 seconds left.
|inactive|maish has 10 seconds left.
|inactive|maish has 5 seconds left.
|
|t:|1756651077
|move|p1a: Rillaboom|Grassy Glide|p2b: Pelipper
|-damage|p2b: Pelipper|0 fnt
|faint|p2b: Pelipper
|move|p1b: Ursaluna|Headlong Rush|p2a: Incineroar
|-supereffective|p2a: Incineroar
|-damage|p2a: Incineroar|0 fnt
|-unboost|p1b: Ursaluna|def|1
|-unboost|p1b: Ursaluna|spd|1
|faint|p2a: Incineroar
|
|-weather|RainDance|[upkeep]
|-heal|p1a: Rillaboom|98/100|[from] Grassy Terrain
|-heal|p1b: Ursaluna|100/100 brn|[from] Grassy Terrain
|-damage|p1b: Ursaluna|94/100 brn|[from] brn
|upkeep
|
|t:|1756651086
|switch|p2a: Basculegion|Basculegion, L50, M, shiny|100/100
|turn|6
|
|t:|1756651098
|move|p2a: Basculegion|Last Respects|p1a: Rillaboom
|-damage|p1a: Rillaboom|0 fnt
|faint|p1a: Rillaboom
|move|p1b: Ursaluna|Headlong Rush|p2a: Basculegion
|-damage|p2a: Basculegion|14/100
|-unboost|p1b: Ursaluna|def|1
|-unboost|p1b: Ursaluna|spd|1
|
|-weather|RainDance|[upkeep]
|-heal|p2a: Basculegion|20/100|[from] Grassy Terrain
|-heal|p1b: Ursaluna|100/100 brn|[from] Grassy Terrain
|-damage|p1b: Ursaluna|94/100 brn|[from] brn
|upkeep
|turn|7
|
|t:|1756651109
|move|p1b: Ursaluna|Protect|p1b: Ursaluna
|-singleturn|p1b: Ursaluna|Protect
|move|p2a: Basculegion|Last Respects|p1b: Ursaluna
|-activate|p1b: Ursaluna|move: Protect
|
|-weather|none
|-heal|p2a: Basculegion|27/100|[from] Grassy Terrain
|-heal|p1b: Ursaluna|100/100 brn|[from] Grassy Terrain
|-damage|p1b: Ursaluna|94/100 brn|[from] brn
|upkeep
|turn|8
|-message|maish forfeited.
|
|win|milkandcereals
|l|☆maish
|player|p2|
||maish is ready for game 3.
|inactive|milkandcereals has 30 seconds to confirm battle start!
|inactive|milkandcereals has 20 seconds to confirm battle start!
||milkandcereals is ready for game 3.
|uhtml|next|Next: Game 3 of 3
