|j|☆mysteriousmeatman
|j|☆jANMxRin
|html|mysteriousmeatmanjANMxRin    
|uhtml|bestof|Game 1 of a best-of-3
|t:|1756304600
|gametype|doubles
|player|p1|mysteriousmeatman|169|1000
|player|p2|jANMxRin|acerola-masters|1000
|gen|9
|tier|[Gen 9] VGC 2025 Reg H (Bo3)
|rated|
|rule|Species Clause: Limit one of each Pokémon
|rule|Item Clause: Limit 1 of each item
|clearpoke
|poke|p1|Palafin, L50, F|
|poke|p1|Mabosstiff, L50, M|
|poke|p1|Politoed, L50, M|
|poke|p1|Incineroar, L50, M|
|poke|p1|Gothitelle, L50, M|
|poke|p1|Overqwil, L50, F|
|poke|p2|Gardevoir, L50, F|
|poke|p2|Garchomp, L50, F|
|poke|p2|Gastrodon, L50, M|
|poke|p2|Amoonguss, L50, F|
|poke|p2|Excadrill, L50, F|
|poke|p2|Tyranitar, L50, M|
|teampreview|4
|showteam|p1|Palafin||PunchingGlove|ZerotoHero|FlipTurn,JetPunch,DrainPunch,Protect|||F|||50|,,,,,Grass]Mabosstiff||FocusSash|Stakeout|Crunch,FireFang,PlayRough,Protect|||M|||50|,,,,,Dark]Politoed||Leftovers|Drizzle|HydroPump,IcyWind,PerishSong,Protect|||M|||50|,,,,,Ghost]Incineroar||SafetyGoggles|Intimidate|FakeOut,KnockOff,PartingShot,Protect|||M|||50|,,,,,Ghost]Gothitelle||SitrusBerry|ShadowTag|FakeOut,Psychic,TrickRoom,Protect|||M|||50|,,,,,Dark]Overqwil||ClearAmulet|SwiftSwim|Crunch,PoisonJab,Liquidation,Protect|||F|||50|,,,,,Ground
|showteam|p2|Gardevoir||SitrusBerry|Telepathy|Protect,LifeDew,HelpingHand,Moonblast|||F|||50|,,,,,Poison]Garchomp||BrightPowder|SandVeil|SwordsDance,Earthquake,DragonClaw,Protect|||F|||50|,,,,,Ground]Gastrodon||Leftovers|StormDrain|Protect,EarthPower,ChillingWater,ClearSmog|||M|||50|,,,,,Fire]Amoonguss||RockyHelmet|Regenerator|Protect,RagePowder,Spore,PollenPuff|||F|||50|,,,,,Water]Excadrill||ClearAmulet|SandRush|Protect,IronHead,Earthquake,PoisonJab|||F|||50|,,,,,Ground]Tyranitar||AssaultVest|SandStream|KnockOff,RockSlide,TeraBlast,LowKick|||M|||50|,,,,,Flying
|inactive|Battle timer is ON: inactive players will automatically lose when time's up. (requested by mysteriousmeatman)
|inactive|jANMxRin has 60 seconds left.
|inactive|jANMxRin has 30 seconds left.
|
|t:|1756304674
|teamsize|p1|4
|teamsize|p2|4
|start
|switch|p1a: Palafin|Palafin, L50, F, shiny|100/100
|switch|p1b: Overqwil|Overqwil, L50, F, shiny|100/100
|switch|p2a: Tyranitar|Tyranitar, L50, M|100/100
|switch|p2b: Excadrill|Excadrill, L50, F|100/100
|-weather|Sandstorm|[from] ability: Sand Stream|[of] p2a: Tyranitar
|turn|1
|inactive|mysteriousmeatman has 30 seconds left.
|inactive|jANMxRin has 30 seconds left.
|inactive|mysteriousmeatman has 20 seconds left.
|inactive|mysteriousmeatman has 15 seconds left.
|
|t:|1756304715
|detailschange|p1a: Palafin|Palafin-Hero, L50, F, shiny
|switch|p1a: Politoed|Politoed, L50, M, shiny|100/100
|-weather|RainDance|[from] ability: Drizzle|[of] p1a: Politoed
|switch|p2a: Gastrodon|Gastrodon, L50, M|100/100
|move|p1b: Overqwil|Liquidation|p2a: Gastrodon
|-ability|p2a: Gastrodon|Storm Drain|boost
|-boost|p2a: Gastrodon|spa|1
|move|p2b: Excadrill|Earthquake|p1b: Overqwil|[spread] p2a,p1a,p1b
|-supereffective|p1b: Overqwil
|-damage|p2a: Gastrodon|52/100
|-damage|p1a: Politoed|53/100
|-damage|p1b: Overqwil|0 fnt
|faint|p1b: Overqwil
|
|-weather|RainDance|[upkeep]
|-heal|p1a: Politoed|59/100|[from] item: Leftovers
|-heal|p2a: Gastrodon|58/100|[from] item: Leftovers
|upkeep
|
|t:|1756304730
|switch|p1b: Incineroar|Incineroar, L50, M, shiny|100/100
|-ability|p1b: Incineroar|Intimidate|boost
|-unboost|p2a: Gastrodon|atk|1
|-fail|p2b: Excadrill|unboost|[from] item: Clear Amulet|[of] p2b: Excadrill
|turn|2
|inactive|jANMxRin has 30 seconds left.
|
|t:|1756304760
|switch|p2b: Tyranitar|Tyranitar, L50, M|100/100
|-weather|Sandstorm|[from] ability: Sand Stream|[of] p2b: Tyranitar
|move|p2a: Gastrodon|Protect|p2a: Gastrodon
|-singleturn|p2a: Gastrodon|Protect
|move|p1b: Incineroar|Fake Out|p2a: Gastrodon
|-activate|p2a: Gastrodon|move: Protect
|move|p1a: Politoed|Perish Song|p1a: Politoed
|-start|p1a: Politoed|perish3|[silent]
|-start|p1b: Incineroar|perish3|[silent]
|-start|p2a: Gastrodon|perish3|[silent]
|-start|p2b: Tyranitar|perish3|[silent]
|-fieldactivate|move: Perish Song
|
|-weather|Sandstorm|[upkeep]
|-damage|p1a: Politoed|53/100|[from] Sandstorm
|-heal|p1a: Politoed|59/100|[from] item: Leftovers
|-heal|p2a: Gastrodon|64/100|[from] item: Leftovers
|-start|p1a: Politoed|perish3
|-start|p2b: Tyranitar|perish3
|-start|p1b: Incineroar|perish3
|-start|p2a: Gastrodon|perish3
|upkeep
|turn|3
|inactive|jANMxRin has 30 seconds left.
|inactive|jANMxRin has 20 seconds left.
|
|t:|1756304797
|switch|p1a: Palafin|Palafin-Hero, L50, F, shiny|100/100
|-activate|p1a: Palafin|ability: Zero to Hero
|move|p2b: Tyranitar|Knock Off|p1b: Incineroar
|-resisted|p1b: Incineroar
|-damage|p1b: Incineroar|76/100
|-enditem|p1b: Incineroar|Safety Goggles|[from] move: Knock Off|[of] p2b: Tyranitar
|move|p1b: Incineroar|Knock Off|p2b: Tyranitar
|-resisted|p2b: Tyranitar
|-damage|p2b: Tyranitar|86/100
|-enditem|p2b: Tyranitar|Assault Vest|[from] move: Knock Off|[of] p1b: Incineroar
|move|p2a: Gastrodon|Earth Power|p1b: Incineroar
|-supereffective|p1b: Incineroar
|-damage|p1b: Incineroar|0 fnt
|faint|p1b: Incineroar
|
|-weather|Sandstorm|[upkeep]
|-damage|p1a: Palafin|95/100|[from] Sandstorm
|-heal|p2a: Gastrodon|70/100|[from] item: Leftovers
|-start|p2b: Tyranitar|perish2
|-start|p2a: Gastrodon|perish2
|upkeep
|
|t:|1756304810
|switch|p1b: Politoed|Politoed, L50, M, shiny|59/100
|-weather|RainDance|[from] ability: Drizzle|[of] p1b: Politoed
|turn|4
|inactive|jANMxRin has 30 seconds left.
|inactive|jANMxRin has 20 seconds left.
|inactive|jANMxRin has 15 seconds left.
|inactive|jANMxRin has 10 seconds left.
|
|t:|1756304859
|switch|p2a: Garchomp|Garchomp, L50, F|100/100
|-terastallize|p2b: Tyranitar|Flying
|move|p1a: Palafin|Drain Punch|p2b: Tyranitar
|-resisted|p2b: Tyranitar
|-damage|p2b: Tyranitar|72/100
|-heal|p1a: Palafin|100/100|[from] drain|[of] p2b: Tyranitar
|move|p1b: Politoed|Icy Wind|p2a: Garchomp|[spread] p2a,p2b
|-supereffective|p2a: Garchomp
|-supereffective|p2b: Tyranitar
|-damage|p2a: Garchomp|67/100
|-damage|p2b: Tyranitar|56/100
|-unboost|p2a: Garchomp|spe|1
|-unboost|p2b: Tyranitar|spe|1
|move|p2b: Tyranitar|Tera Blast|p1b: Politoed|[anim] Tera Blast Flying
|-damage|p1b: Politoed|2/100
|
|-weather|RainDance|[upkeep]
|-heal|p1b: Politoed|8/100|[from] item: Leftovers
|-start|p2b: Tyranitar|perish1
|upkeep
|turn|5
|inactive|mysteriousmeatman has 30 seconds left.
|inactive|jANMxRin has 30 seconds left.
|inactive|jANMxRin has 20 seconds left.
|inactive|jANMxRin has 15 seconds left.
|inactive|mysteriousmeatman has 20 seconds left.
|
|t:|1756304908
|move|p1a: Palafin|Drain Punch|p2b: Tyranitar
|-resisted|p2b: Tyranitar
|-damage|p2b: Tyranitar|42/100
|move|p2a: Garchomp|Swords Dance|p2a: Garchomp
|-boost|p2a: Garchomp|atk|2
|move|p1b: Politoed|Icy Wind|p2b: Tyranitar|[spread] p2a,p2b
|-supereffective|p2a: Garchomp
|-supereffective|p2b: Tyranitar
|-damage|p2a: Garchomp|30/100
|-damage|p2b: Tyranitar|26/100
|-unboost|p2a: Garchomp|spe|1
|-unboost|p2b: Tyranitar|spe|1
|move|p2b: Tyranitar|Knock Off|p1a: Palafin
|-damage|p1a: Palafin|37/100
|-enditem|p1a: Palafin|Punching Glove|[from] move: Knock Off|[of] p2b: Tyranitar
|
|-weather|RainDance|[upkeep]
|-heal|p1b: Politoed|14/100|[from] item: Leftovers
|-start|p2b: Tyranitar|perish0
|upkeep
|faint|p2b: Tyranitar
|inactive|jANMxRin has 30 seconds left.
|
|t:|1756304934
|switch|p2b: Excadrill|Excadrill, L50, F|100/100
|turn|6
|
|t:|1756304949
|move|p1a: Palafin|Jet Punch|p2a: Garchomp
|-damage|p2a: Garchomp|0 fnt
|faint|p2a: Garchomp
|move|p2b: Excadrill|Earthquake|p1b: Politoed|[spread] p1a,p1b
|-damage|p1a: Palafin|0 fnt
|-damage|p1b: Politoed|0 fnt
|faint|p1a: Palafin
|faint|p1b: Politoed
|
|win|jANMxRin
