|j|☆luiz red
|j|☆lefko542
|html|luiz redlefko542    
|uhtml|bestof|Game 1 of a best-of-3
|t:|1782253492
|gametype|doubles
|player|p1|luiz red|veteran|1000
|player|p2|lefko542|265|1040
|gen|9
|tier|[Gen 9 Champions] VGC 2026 Reg M-B (Bo3)
|rated|
|rule|Species Clause: Limit one of each Pokémon
|rule|Item Clause: Limit 1 of each item
|clearpoke
|poke|p1|Sneasler, L50, M|
|poke|p1|Corviknight, L50, M|
|poke|p1|Basculegion, L50, M|
|poke|p1|Archaludon, L50, F|
|poke|p1|Pelipper, L50, M|
|poke|p1|Venusaur, L50, M|
|poke|p2|Swampert, L50, F|
|poke|p2|Pelipper, L50, F|
|poke|p2|Grimmsnarl, L50, M|
|poke|p2|Sinistcha, L50|
|poke|p2|Mawile, L50, F|
|poke|p2|Garchomp, L50, M|
|teampreview|4
|showteam|p1|Sneasler||WhiteHerb|Unburden|CloseCombat,DireClaw,FakeOut,Protect|Adamant||M|||50|]Corviknight||Leftovers|MirrorArmor|BodyPress,IronDefense,Protect,BraveBird|Impish||M|||50|]Basculegion||ChoiceScarf|Adaptability|FlipTurn,LastRespects,AquaJet,WaveCrash|Jolly||M|||50|]Archaludon||SitrusBerry|Stamina|DragonPulse,FlashCannon,Protect,ElectroShot|Modest||F|||50|]Pelipper||SharpBeak|Drizzle|WeatherBall,Hurricane,Tailwind,WideGuard|Bold||M|||50|]Venusaur||Venusaurite|Chlorophyll|SleepPowder,GigaDrain,SludgeWave,EarthPower|Modest||M|||50|
|showteam|p2|Swampert||Swampertite|Torrent|IcePunch,StompingTantrum,Protect,Liquidation|Adamant||F|||50|]Pelipper||FocusSash|Drizzle|WeatherBall,Protect,WideGuard,Hurricane|Bold||F|||50|]Grimmsnarl||LightClay|Prankster|Reflect,LightScreen,FoulPlay,PartingShot|Careful||M|||50|]Sinistcha||SitrusBerry|Hospitality|TrickRoom,MatchaGotcha,RagePowder,Protect|Bold|||||50|]Mawile||Mawilite|HyperCutter|PlayRough,BrickBreak,IronHead,Protect|Adamant||F|||50|]Garchomp||LifeOrb|RoughSkin|DragonClaw,StompingTantrum,Protect,RockSlide|Jolly||M|||50|
|
|t:|1782253529
|teamsize|p1|4
|teamsize|p2|4
|start
|switch|p1a: Venusaur|Venusaur, L50, M|100/100
|switch|p1b: Basculegion|Basculegion, L50, M|100/100
|switch|p2a: Grimmsnarl|Grimmsnarl, L50, M|100/100
|switch|p2b: Garchomp|Garchomp, L50, M|100/100
|turn|1
|
|t:|1782253555
|detailschange|p1a: Venusaur|Venusaur-Mega, L50, M
|-mega|p1a: Venusaur|Venusaur|Venusaurite
|move|p2b: Garchomp|Protect|p2b: Garchomp
|-singleturn|p2b: Garchomp|Protect
|move|p2a: Grimmsnarl|Reflect|p2a: Grimmsnarl
|-sidestart|p2: lefko542|Reflect
|move|p1b: Basculegion|Flip Turn|p2a: Grimmsnarl
|-damage|p2a: Grimmsnarl|71/100
|
|t:|1782253564
|switch|p1b: Corviknight|Corviknight, L50, M|100/100|[from] Flip Turn
|move|p1a: Venusaur|Sleep Powder|p2b: Garchomp
|-activate|p2b: Garchomp|move: Protect
|
|upkeep
|turn|2
|
|t:|1782253580
|move|p2a: Grimmsnarl|Light Screen|p2a: Grimmsnarl
|-sidestart|p2: lefko542|move: Light Screen
|move|p2b: Garchomp|Dragon Claw|p1a: Venusaur
|-damage|p1a: Venusaur|60/100
|-damage|p2b: Garchomp|90/100|[from] item: Life Orb
|move|p1a: Venusaur|Sludge Wave|p2a: Grimmsnarl|[spread] p2a,p2b
|-immune|p1b: Corviknight
|-supereffective|p2a: Grimmsnarl|1
|-resisted|p2b: Garchomp|1
|-damage|p2a: Grimmsnarl|26/100
|-damage|p2b: Garchomp|76/100
|move|p1b: Corviknight|Iron Defense|p1b: Corviknight
|-boost|p1b: Corviknight|def|2
|
|upkeep
|turn|3
|
|t:|1782253601
|move|p2a: Grimmsnarl|Parting Shot|p1a: Venusaur
|-unboost|p1a: Venusaur|atk|1
|-unboost|p1a: Venusaur|spa|1
|
|t:|1782253606
|switch|p2a: Sinistcha|Sinistcha, L50|100/100|[from] Parting Shot
|-heal|p2b: Garchomp|100/100|[from] ability: Hospitality|[of] p2a: Sinistcha
|move|p2b: Garchomp|Dragon Claw|p1a: Venusaur
|-damage|p1a: Venusaur|22/100
|-damage|p2b: Garchomp|90/100|[from] item: Life Orb
|move|p1a: Venusaur|Sleep Powder|p2b: Garchomp|[miss]
|-miss|p1a: Venusaur|p2b: Garchomp
|move|p1b: Corviknight|Iron Defense|p1b: Corviknight
|-boost|p1b: Corviknight|def|2
|
|upkeep
|turn|4
|
|t:|1782253632
|switch|p1a: Archaludon|Archaludon, L50, F|100/100
|move|p2b: Garchomp|Dragon Claw|p1a: Archaludon
|-damage|p1a: Archaludon|61/100
|-ability|p1a: Archaludon|Stamina|boost
|-boost|p1a: Archaludon|def|1
|-damage|p2b: Garchomp|80/100|[from] item: Life Orb
|move|p2a: Sinistcha|Matcha Gotcha|p1b: Corviknight|[spread] p1b
|-miss|p2a: Sinistcha|p1a: Archaludon
|-resisted|p1b: Corviknight|2
|-damage|p1b: Corviknight|94/100
|move|p1b: Corviknight|Brave Bird|p2a: Sinistcha
|-supereffective|p2a: Sinistcha|1
|-damage|p2a: Sinistcha|62/100
|-damage|p1b: Corviknight|84/100|[from] Recoil
|
|-heal|p1b: Corviknight|90/100|[from] item: Leftovers
|upkeep
|turn|5
|
|t:|1782253665
|move|p2a: Sinistcha|Rage Powder|p2a: Sinistcha
|-singleturn|p2a: Sinistcha|move: Rage Powder
|move|p2b: Garchomp|Stomping Tantrum|p1a: Archaludon
|-supereffective|p1a: Archaludon|1
|-damage|p1a: Archaludon|12/100
|-ability|p1a: Archaludon|Stamina|boost
|-boost|p1a: Archaludon|def|1
|-enditem|p1a: Archaludon|Sitrus Berry|[eat]
|-heal|p1a: Archaludon|37/100|[from] item: Sitrus Berry
|-damage|p2b: Garchomp|70/100|[from] item: Life Orb
|move|p1a: Archaludon|Dragon Pulse|p2a: Sinistcha
|-damage|p2a: Sinistcha|33/100
|-enditem|p2a: Sinistcha|Sitrus Berry|[eat]
|-heal|p2a: Sinistcha|58/100|[from] item: Sitrus Berry
|move|p1b: Corviknight|Brave Bird|p2a: Sinistcha
|-supereffective|p2a: Sinistcha|1
|-damage|p2a: Sinistcha|18/100
|-damage|p1b: Corviknight|79/100|[from] Recoil
|
|-heal|p1b: Corviknight|85/100|[from] item: Leftovers
|upkeep
|turn|6
|
|t:|1782253697
|move|p1a: Archaludon|Protect|p1a: Archaludon
|-singleturn|p1a: Archaludon|Protect
|move|p2a: Sinistcha|Rage Powder|p2a: Sinistcha
|-singleturn|p2a: Sinistcha|move: Rage Powder
|move|p2b: Garchomp|Stomping Tantrum|p1a: Archaludon
|-activate|p1a: Archaludon|move: Protect
|move|p1b: Corviknight|Brave Bird|p2a: Sinistcha
|-supereffective|p2a: Sinistcha|1
|-damage|p2a: Sinistcha|0 fnt
|faint|p2a: Sinistcha
|-damage|p1b: Corviknight|80/100|[from] Recoil
|
|-heal|p1b: Corviknight|86/100|[from] item: Leftovers
|upkeep
|
|t:|1782253714
|switch|p2a: Grimmsnarl|Grimmsnarl, L50, M|26/100
|turn|7
|
|t:|1782253722
|move|p2a: Grimmsnarl|Parting Shot|p1b: Corviknight
|-ability|p1b: Corviknight|Mirror Armor
|-unboost|p2a: Grimmsnarl|atk|1
|-ability|p1b: Corviknight|Mirror Armor
|-unboost|p2a: Grimmsnarl|spa|1
|
|t:|1782253729
|switch|p2a: Mawile|Mawile, L50, F|100/100|[from] Parting Shot
|move|p2b: Garchomp|Stomping Tantrum|p1a: Archaludon
|-supereffective|p1a: Archaludon|1
|-damage|p1a: Archaludon|3/100
|-ability|p1a: Archaludon|Stamina|boost
|-boost|p1a: Archaludon|def|1
|-damage|p2b: Garchomp|60/100|[from] item: Life Orb
|move|p1a: Archaludon|Flash Cannon|p2a: Mawile
|-damage|p2a: Mawile|51/100
|move|p1b: Corviknight|Brave Bird|p1a: Archaludon
|-resisted|p1a: Archaludon|1
|-damage|p1a: Archaludon|0 fnt
|faint|p1a: Archaludon
|-damage|p1b: Corviknight|85/100|[from] Recoil
|
|-heal|p1b: Corviknight|92/100|[from] item: Leftovers
|upkeep
|
|t:|1782253751
|switch|p1a: Venusaur|Venusaur-Mega, L50, M|22/100
|turn|8
|
|t:|1782253763
|detailschange|p2a: Mawile|Mawile-Mega, L50, F
|-mega|p2a: Mawile|Mawile|Mawilite
|move|p2a: Mawile|Protect|p2a: Mawile
|-singleturn|p2a: Mawile|Protect
|move|p2b: Garchomp|Dragon Claw|p1a: Venusaur
|-damage|p1a: Venusaur|0 fnt
|faint|p1a: Venusaur
|-damage|p2b: Garchomp|50/100y|[from] item: Life Orb
|move|p1b: Corviknight|Iron Defense|p1b: Corviknight
|-boost|p1b: Corviknight|def|2
|
|-heal|p1b: Corviknight|98/100|[from] item: Leftovers
|-sideend|p2: lefko542|Reflect
|upkeep
|
|t:|1782253779
|switch|p1a: Basculegion|Basculegion, L50, M|100/100
|turn|9
|
|t:|1782253789
|move|p1a: Basculegion|Last Respects|p2a: Mawile
|-damage|p2a: Mawile|0 fnt
|faint|p2a: Mawile
|move|p2b: Garchomp|Dragon Claw|p1a: Basculegion
|-damage|p1a: Basculegion|40/100
|-damage|p2b: Garchomp|40/100|[from] item: Life Orb
|move|p1b: Corviknight|Body Press|p2b: Garchomp
|-damage|p2b: Garchomp|0 fnt
|-damage|p1b: Corviknight|85/100|[from] ability: Rough Skin|[of] p2b: Garchomp
|faint|p2b: Garchomp
|
|-heal|p1b: Corviknight|92/100|[from] item: Leftovers
|-sideend|p2: lefko542|move: Light Screen
|upkeep
|
|t:|1782253807
|switch|p2a: Grimmsnarl|Grimmsnarl, L50, M|26/100
|turn|10
|
|t:|1782253817
|move|p1a: Basculegion|Last Respects|p2a: Grimmsnarl
|-resisted|p2a: Grimmsnarl|1
|-damage|p2a: Grimmsnarl|0 fnt
|faint|p2a: Grimmsnarl
|
|win|luiz red
||lefko542 is ready for game 2.
|inactive|luiz red has 30 seconds to confirm battle start!
