|j|☆tuckerj752
|j|☆Kylliza
|html|tuckerj752Kylliza    
|uhtml|bestof|Game 1 of a best-of-3
|t:|1782337606
|gametype|doubles
|player|p1|tuckerj752|265|1069
|player|p2|Kylliza|265|1100
|gen|9
|tier|[Gen 9 Champions] VGC 2026 Reg M-B (Bo3)
|rated|
|rule|Species Clause: Limit one of each Pokémon
|rule|Item Clause: Limit 1 of each item
|clearpoke
|poke|p1|Archaludon, L50, M|
|poke|p1|Incineroar, L50, M|
|poke|p1|Floette-Eternal, L50, F|
|poke|p1|Pelipper, L50, M|
|poke|p1|Swampert, L50, M|
|poke|p1|Grimmsnarl, L50, M|
|poke|p2|Blaziken, L50, F|
|poke|p2|Whimsicott, L50, M|
|poke|p2|Incineroar, L50, M|
|poke|p2|Sylveon, L50, M|
|poke|p2|Basculegion, L50, M|
|poke|p2|Froslass, L50, F|
|teampreview|4
|showteam|p1|Archaludon||Leftovers|Stamina|ElectroShot,DracoMeteor,Protect,FlashCannon|Quiet||M|||50|]Incineroar||SitrusBerry|Intimidate|FakeOut,PartingShot,DarkestLariat,FlareBlitz|Adamant||M|||50|]Floette-Eternal||Floettite|FlowerVeil|CalmMind,Psychic,Moonblast,Protect|Quiet||F|||50|]Pelipper||FocusSash|Drizzle|Protect,MuddyWater,Hurricane,Tailwind|Timid||M|||50|]Swampert||Swampertite|Torrent|Earthquake,IcePunch,Liquidation,Protect|Adamant||M|||50|]Grimmsnarl||LightClay|Prankster|LightScreen,Reflect,SpiritBreak,PartingShot|Careful||M|||50|
|showteam|p2|Blaziken||Blazikenite|SpeedBoost|FlareBlitz,CloseCombat,RockSlide,Protect|Adamant||F|||50|]Whimsicott||FocusSash|Prankster|Moonblast,Tailwind,Encore,Protect|Timid||M|||50|]Incineroar||SitrusBerry|Intimidate|FakeOut,FlareBlitz,ThroatChop,PartingShot|Careful||M|||50|]Sylveon||FairyFeather|Pixilate|HyperVoice,HyperBeam,QuickAttack,Protect|Modest||M|||50|]Basculegion||ChoiceScarf|Adaptability|WaveCrash,LastRespects,AquaJet,FlipTurn|Jolly||M|||50|]Froslass||Froslassite|CursedBody|Blizzard,ShadowBall,AuroraVeil,Protect|Timid||F|||50|
|inactive|Battle timer is ON: inactive players will automatically lose when time's up. (requested by tuckerj752)
|
|t:|1782337664
|teamsize|p1|4
|teamsize|p2|4
|start
|switch|p1a: Archaludon|Archaludon, L50, M|100/100
|switch|p1b: Incineroar|Incineroar, L50, M|100/100
|switch|p2a: Froslass|Froslass, L50, F|100/100
|switch|p2b: Whimsicott|Whimsicott, L50, M|100/100
|-ability|p1b: Incineroar|Intimidate|boost
|-unboost|p2a: Froslass|atk|1
|-unboost|p2b: Whimsicott|atk|1
|turn|1
|inactive|Kylliza has 30 seconds left.
|
|t:|1782337691
|switch|p2b: Basculegion|Basculegion, L50, M|100/100
|move|p1b: Incineroar|Fake Out|p2b: Basculegion
|-immune|p2b: Basculegion
|move|p2a: Froslass|Shadow Ball|p1a: Archaludon
|-damage|p1a: Archaludon|60/100
|-unboost|p1a: Archaludon|spd|1
|-ability|p1a: Archaludon|Stamina|boost
|-boost|p1a: Archaludon|def|1
|move|p1a: Archaludon|Flash Cannon|p2a: Froslass
|-supereffective|p2a: Froslass|1
|-damage|p2a: Froslass|0 fnt
|-start|p1a: Archaludon|Disable|Flash Cannon|[from] ability: Cursed Body|[of] p2a: Froslass
|faint|p2a: Froslass
|
|-heal|p1a: Archaludon|66/100|[from] item: Leftovers
|upkeep
|
|t:|1782337710
|switch|p2a: Sylveon|Sylveon, L50, M|100/100
|turn|2
|
|t:|1782337723
|switch|p1b: Pelipper|Pelipper, L50, M|100/100
|-weather|RainDance|[from] ability: Drizzle|[of] p1b: Pelipper
|move|p2b: Basculegion|Wave Crash|p1b: Pelipper
|-resisted|p1b: Pelipper|1
|-damage|p1b: Pelipper|41/100
|-damage|p2b: Basculegion|86/100|[from] Recoil
|move|p1a: Archaludon|Electro Shot||[still]
|-prepare|p1a: Archaludon|Electro Shot
|-boost|p1a: Archaludon|spa|1
|-anim|p1a: Archaludon|Electro Shot|p2b: Basculegion
|-supereffective|p2b: Basculegion|1
|-damage|p2b: Basculegion|0 fnt
|faint|p2b: Basculegion
|move|p2a: Sylveon|Hyper Beam|p1a: Archaludon
|-damage|p1a: Archaludon|0 fnt
|-mustrecharge|p2a: Sylveon
|faint|p1a: Archaludon
|
|-weather|RainDance|[upkeep]
|upkeep
|
|t:|1782337741
|switch|p2b: Whimsicott|Whimsicott, L50, M|100/100
|switch|p1a: Incineroar|Incineroar, L50, M|100/100
|-ability|p1a: Incineroar|Intimidate|boost
|-unboost|p2a: Sylveon|atk|1
|-unboost|p2b: Whimsicott|atk|1
|turn|3
|
|t:|1782337754
|move|p1a: Incineroar|Fake Out|p2b: Whimsicott
|-damage|p2b: Whimsicott|85/100
|cant|p2b: Whimsicott|flinch
|move|p1b: Pelipper|Hurricane|p2a: Sylveon
|-damage|p2a: Sylveon|70/100
|-start|p2a: Sylveon|confusion
|cant|p2a: Sylveon|recharge
|
|-weather|RainDance|[upkeep]
|upkeep
|turn|4
|
|t:|1782337773
|move|p1b: Pelipper|Protect|p1b: Pelipper
|-singleturn|p1b: Pelipper|Protect
|move|p2b: Whimsicott|Encore|p1a: Incineroar
|-hint|Since gen 7, Dark is immune to Prankster moves.
|-immune|p1a: Incineroar
|-activate|p2a: Sylveon|confusion
|-damage|p2a: Sylveon|66/100|[from] confusion
|move|p1a: Incineroar|Parting Shot|p2a: Sylveon
|-unboost|p2a: Sylveon|atk|1
|-unboost|p2a: Sylveon|spa|1
|
|t:|1782337782
|switch|p1a: Swampert|Swampert, L50, M|100/100|[from] Parting Shot
|
|-weather|RainDance|[upkeep]
|upkeep
|turn|5
|c|☆Kylliza|where is the go next gmae button?
|inactive|Kylliza has 30 seconds left.
|inactive|Kylliza has 20 seconds left.
|inactive|Kylliza has 15 seconds left.
|inactive|Kylliza has 10 seconds left.
|
|t:|1782337831
|move|p2b: Whimsicott|Moonblast|p1a: Swampert
|-damage|p1a: Swampert|69/100
|move|p1b: Pelipper|Hurricane|p2a: Sylveon
|-crit|p2a: Sylveon
|-damage|p2a: Sylveon|20/100y
|-end|p2a: Sylveon|confusion
|move|p2a: Sylveon|Hyper Voice|p1a: Swampert|[spread] p1a,p1b
|-damage|p1a: Swampert|38/100
|-damage|p1b: Pelipper|0 fnt
|faint|p1b: Pelipper
|move|p1a: Swampert|Ice Punch|p2b: Whimsicott
|-supereffective|p2b: Whimsicott|1
|-damage|p2b: Whimsicott|24/100
|
|-weather|RainDance|[upkeep]
|upkeep
|
|t:|1782337844
|switch|p1b: Incineroar|Incineroar, L50, M|100/100
|-ability|p1b: Incineroar|Intimidate|boost
|-unboost|p2a: Sylveon|atk|1
|-unboost|p2b: Whimsicott|atk|1
|turn|6
|
|t:|1782337852
|move|p2b: Whimsicott|Protect|p2b: Whimsicott
|-singleturn|p2b: Whimsicott|Protect
|move|p2a: Sylveon|Protect|p2a: Sylveon
|-singleturn|p2a: Sylveon|Protect
|move|p1b: Incineroar|Fake Out|p2a: Sylveon
|-activate|p2a: Sylveon|move: Protect
|move|p1a: Swampert|Ice Punch|p2b: Whimsicott
|-activate|p2b: Whimsicott|move: Protect
|
|-weather|none
|upkeep
|turn|7
|
|t:|1782337876
|move|p2b: Whimsicott|Encore|p1b: Incineroar
|-hint|Since gen 7, Dark is immune to Prankster moves.
|-immune|p1b: Incineroar
|move|p2a: Sylveon|Hyper Beam|p1a: Swampert
|-damage|p1a: Swampert|0 fnt
|-mustrecharge|p2a: Sylveon
|faint|p1a: Swampert
|move|p1b: Incineroar|Flare Blitz|p2b: Whimsicott
|-supereffective|p2b: Whimsicott|1
|-damage|p2b: Whimsicott|0 fnt
|faint|p2b: Whimsicott
|-damage|p1b: Incineroar|93/100|[from] Recoil
|
|upkeep
|turn|8
|
|t:|1782337889
|cant|p2a: Sylveon|recharge
|move|p1b: Incineroar|Flare Blitz|p2a: Sylveon
|-damage|p2a: Sylveon|0 fnt
|faint|p2a: Sylveon
|-damage|p1b: Incineroar|87/100|[from] Recoil
|
|win|tuckerj752
