|j|☆elmono11
|j|☆cubeandcroc
|html|elmono11cubeandcroc    
|uhtml|bestof|Game 1 of a best-of-3
|t:|1785601540
|gametype|doubles
|player|p1|elmono11|101|1437
|player|p2|cubeandcroc|170|1322
|gen|9
|tier|[Gen 9 Champions] VGC 2026 Reg M-B (Bo3)
|rated|
|rule|Species Clause: Limit one of each Pokémon
|rule|Item Clause: Limit 1 of each item
|clearpoke
|poke|p1|Staraptor, L50, M|
|poke|p1|Garchomp, L50, M|
|poke|p1|Whimsicott, L50, M|
|poke|p1|Delphox, L50, M|
|poke|p1|Glimmora, L50, M|
|poke|p1|Kingambit, L50, M|
|poke|p2|Pelipper, L50, M|
|poke|p2|Archaludon, L50, F|
|poke|p2|Swampert, L50, M|
|poke|p2|Sneasler, L50, M|
|poke|p2|Gholdengo, L50|
|poke|p2|Tsareena, L50, F|
|teampreview|4
|showteam|p1|Staraptor||Staraptite|Intimidate|CloseCombat,BraveBird,Roost,Protect|Jolly||M|||50|]Garchomp||LifeOrb|RoughSkin|Earthquake,DragonClaw,RockSlide,Protect|Jolly||M|||50|]Whimsicott||OccaBerry|Prankster|Moonblast,Tailwind,Charm,LightScreen|Timid||M|||50|]Delphox||Delphoxite|Magician|HeatWave,Psychic,Substitute,Protect|Timid||M|||50|]Glimmora||FocusSash|ToxicDebris|SludgeBomb,PowerGem,EarthPower,SpikyShield|Timid||M|||50|]Kingambit||ChopleBerry|Defiant|KowtowCleave,SuckerPunch,LowKick,IronHead|Adamant||M|||50|
|showteam|p2|Pelipper||FocusSash|Drizzle|WeatherBall,Hurricane,Tailwind,WideGuard|Modest||M|||50|]Archaludon||Leftovers|Stamina|DragonPulse,FlashCannon,ElectroShot,Protect|Modest||F|||50|]Swampert||Swampertite|Torrent|WaveCrash,Earthquake,IcePunch,Protect|Adamant||M|||50|]Sneasler||WhiteHerb|Unburden|FakeOut,CloseCombat,PoisonJab,Protect|Jolly||M|||50|]Gholdengo||LifeOrb|GoodasGold|MakeItRain,ShadowBall,NastyPlot,Protect|Timid|||||50|]Tsareena||SitrusBerry|QueenlyMajesty|TropKick,KnockOff,HelpingHand,Protect|Careful||F|||50|
|inactive|Battle timer is ON: inactive players will automatically lose when time's up. (requested by elmono11)
|inactive|elmono11 has 60 seconds left.
|inactive|cubeandcroc has 60 seconds left.
|
|t:|1785601591
|teamsize|p1|4
|teamsize|p2|4
|start
|switch|p1a: Staraptor|Staraptor, L50, M|100/100
|switch|p1b: Whimsicott|Whimsicott, L50, M|100/100
|switch|p2a: Pelipper|Pelipper, L50, M|100/100
|switch|p2b: Swampert|Swampert, L50, M|100/100
|-ability|p1a: Staraptor|Intimidate|boost
|-unboost|p2a: Pelipper|atk|1
|-unboost|p2b: Swampert|atk|1
|-weather|RainDance|[from] ability: Drizzle|[of] p2a: Pelipper
|turn|1
|inactive|elmono11 has 30 seconds left.
|inactive|cubeandcroc has 30 seconds left.
|inactive|elmono11 has 20 seconds left.
|inactive|elmono11 has 15 seconds left.
|
|t:|1785601633
|detailschange|p2b: Swampert|Swampert-Mega, L50, M
|-mega|p2b: Swampert|Swampert|Swampertite
|move|p1a: Staraptor|Protect|p1a: Staraptor
|-singleturn|p1a: Staraptor|Protect
|move|p1b: Whimsicott|Tailwind|p1b: Whimsicott
|-sidestart|p1: elmono11|move: Tailwind
|move|p2b: Swampert|Ice Punch|p1a: Staraptor
|-activate|p1a: Staraptor|move: Protect
|move|p2a: Pelipper|Hurricane|p1a: Staraptor
|-activate|p1a: Staraptor|move: Protect
|
|-weather|RainDance|[upkeep]
|upkeep
|turn|2
|
|t:|1785601651
|detailschange|p1a: Staraptor|Staraptor-Mega, L50, M
|-mega|p1a: Staraptor|Staraptor|Staraptite
|move|p1b: Whimsicott|Moonblast|p2a: Pelipper
|-damage|p2a: Pelipper|58/100
|move|p1a: Staraptor|Brave Bird|p2a: Pelipper
|-damage|p2a: Pelipper|0 fnt
|faint|p2a: Pelipper
|-damage|p1a: Staraptor|83/100|[from] Recoil
|move|p2b: Swampert|Ice Punch|p1a: Staraptor
|-supereffective|p1a: Staraptor|1
|-damage|p1a: Staraptor|43/100
|
|-weather|RainDance|[upkeep]
|upkeep
|
|t:|1785601663
|switch|p2a: Gholdengo|Gholdengo, L50|100/100
|turn|3
|
|t:|1785601684
|move|p1b: Whimsicott|Charm|p1a: Staraptor
|-boost|p1a: Staraptor|atk|2
|move|p1a: Staraptor|Roost|p1a: Staraptor
|-heal|p1a: Staraptor|94/100
|-singleturn|p1a: Staraptor|move: Roost
|move|p2b: Swampert|Ice Punch|p1b: Whimsicott
|-supereffective|p1b: Whimsicott|1
|-damage|p1b: Whimsicott|48/100
|move|p2a: Gholdengo|Nasty Plot|p2a: Gholdengo
|-boost|p2a: Gholdengo|spa|2
|
|-weather|RainDance|[upkeep]
|upkeep
|turn|4
|
|t:|1785601706
|move|p2b: Swampert|Protect|p2b: Swampert
|-singleturn|p2b: Swampert|Protect
|move|p1b: Whimsicott|Charm|p1a: Staraptor
|-boost|p1a: Staraptor|atk|2
|move|p1a: Staraptor|Brave Bird|p2a: Gholdengo
|-resisted|p2a: Gholdengo|1
|-damage|p2a: Gholdengo|0 fnt
|faint|p2a: Gholdengo
|-damage|p1a: Staraptor|65/100|[from] Recoil
|
|-weather|RainDance|[upkeep]
|-sideend|p1: elmono11|move: Tailwind
|upkeep
|
|t:|1785601714
|switch|p2a: Archaludon|Archaludon, L50, F|100/100
|turn|5
|
|t:|1785601718
|move|p1b: Whimsicott|Tailwind|p1b: Whimsicott
|-sidestart|p1: elmono11|move: Tailwind
|move|p1a: Staraptor|Close Combat|p2b: Swampert
|-damage|p2b: Swampert|0 fnt
|-boost|p1a: Staraptor|def|1
|-boost|p1a: Staraptor|spd|1
|faint|p2b: Swampert
|move|p2a: Archaludon|Electro Shot||[still]
|-prepare|p2a: Archaludon|Electro Shot
|-boost|p2a: Archaludon|spa|1
|-anim|p2a: Archaludon|Electro Shot|p1a: Staraptor
|-supereffective|p1a: Staraptor|1
|-damage|p1a: Staraptor|0 fnt
|faint|p1a: Staraptor
|
|-weather|none
|upkeep
|
|t:|1785601722
|switch|p1a: Garchomp|Garchomp, L50, M|100/100
|turn|6
|
|t:|1785601732
|move|p1b: Whimsicott|Light Screen|p1b: Whimsicott
|-sidestart|p1: elmono11|move: Light Screen
|move|p1a: Garchomp|Earthquake|p2a: Archaludon|[spread] p1b,p2a
|-resisted|p1b: Whimsicott|1
|-supereffective|p2a: Archaludon|1
|-damage|p1b: Whimsicott|14/100
|-damage|p2a: Archaludon|16/100
|-ability|p2a: Archaludon|Stamina|boost
|-boost|p2a: Archaludon|def|1
|-damage|p1a: Garchomp|90/100|[from] item: Life Orb
|move|p2a: Archaludon|Dragon Pulse|p1a: Garchomp
|-supereffective|p1a: Garchomp|1
|-damage|p1a: Garchomp|0 fnt
|faint|p1a: Garchomp
|
|-heal|p2a: Archaludon|22/100|[from] item: Leftovers
|upkeep
|
|t:|1785601735
|switch|p1a: Glimmora|Glimmora, L50, M|100/100
|turn|7
|
|t:|1785601745
|move|p2a: Archaludon|Protect|p2a: Archaludon
|-singleturn|p2a: Archaludon|Protect
|move|p1b: Whimsicott|Moonblast|p2a: Archaludon
|-activate|p2a: Archaludon|move: Protect
|move|p1a: Glimmora|Earth Power|p2a: Archaludon
|-activate|p2a: Archaludon|move: Protect
|
|-heal|p2a: Archaludon|28/100|[from] item: Leftovers
|upkeep
|turn|8
|
|t:|1785601757
|move|p1b: Whimsicott|Moonblast|p2a: Archaludon
|-damage|p2a: Archaludon|0 fnt
|faint|p2a: Archaludon
|
|win|elmono11
