|j|☆Athrys
|j|☆mrangelacho
|html|Athrysmrangelacho    
|uhtml|bestof|Game 1 of a best-of-3
|t:|1783151102
|gametype|doubles
|player|p1|Athrys|guitarist|1045
|player|p2|mrangelacho|102|1166
|gen|9
|tier|[Gen 9 Champions] VGC 2026 Reg M-B (Bo3)
|rated|
|rule|Species Clause: Limit one of each Pokémon
|rule|Item Clause: Limit 1 of each item
|clearpoke
|poke|p1|Scolipede, L50, M|
|poke|p1|Scrafty, L50, F|
|poke|p1|Sinistcha, L50|
|poke|p1|Aerodactyl, L50, M|
|poke|p1|Sylveon, L50, M|
|poke|p1|Garchomp, L50, M|
|poke|p2|Camerupt, L50, M|
|poke|p2|Vivillon, L50, F|
|poke|p2|Kingambit, L50, F|
|poke|p2|Farigiraf, L50, M|
|poke|p2|Venusaur, L50, M|
|poke|p2|Sylveon, L50, M|
|teampreview|4
|showteam|p1|Scolipede||Scolipite|SpeedBoost|Protect,PoisonJab,LeechLife,SwordsDance|Adamant||M|||50|]Scrafty||Scraftinite|Intimidate|Protect,FakeOut,KnockOff,DrainPunch|Adamant||F|||50|]Sinistcha||KasibBerry|Hospitality|Protect,MatchaGotcha,TrickRoom,RagePowder|Bold|||||50|]Aerodactyl||FocusSash|Unnerve|Protect,Tailwind,RockSlide,DualWingbeat|Jolly||M|||50|]Sylveon||FairyFeather|Pixilate|Protect,CalmMind,HyperVoice,QuickAttack|Modest||M|||50|]Garchomp||ChoiceScarf|RoughSkin|DragonClaw,Earthquake,PoisonJab,RockSlide|Adamant||M|||50|
|showteam|p2|Camerupt||Cameruptite|MagmaArmor|AncientPower,HeatWave,EarthPower,Protect|Quiet||M|||50|]Vivillon||FocusSash|CompoundEyes|Hurricane,SleepPowder,RagePowder,Protect|Timid||F|||50|]Kingambit||BlackGlasses|Defiant|Protect,SwordsDance,KowtowCleave,SuckerPunch|Adamant||F|||50|]Farigiraf||SitrusBerry|ArmorTail|TrickRoom,Protect,Thunderbolt,PsychicFangs|Relaxed||M|||50|]Venusaur||Venusaurite|Overgrow|EnergyBall,EarthPower,SludgeBomb,Protect|Modest||M|||50|]Sylveon||LifeOrb|Pixilate|HyperBeam,HyperVoice,QuickAttack,Detect|Quiet||M|||50|
|
|t:|1783151156
|teamsize|p1|4
|teamsize|p2|4
|start
|switch|p1a: Scrafty|Scrafty, L50, F|100/100
|switch|p1b: Sylveon|Sylveon, L50, M|100/100
|switch|p2a: Camerupt|Camerupt, L50, M|100/100
|switch|p2b: Farigiraf|Farigiraf, L50, M|100/100
|-ability|p1a: Scrafty|Intimidate|boost
|-unboost|p2a: Camerupt|atk|1
|-unboost|p2b: Farigiraf|atk|1
|turn|1
|
|t:|1783151177
|detailschange|p1a: Scrafty|Scrafty-Mega, L50, F
|-mega|p1a: Scrafty|Scrafty|Scraftinite
|-ability|p1a: Scrafty|Intimidate|boost
|-unboost|p2a: Camerupt|atk|1
|-unboost|p2b: Farigiraf|atk|1
|detailschange|p2a: Camerupt|Camerupt-Mega, L50, M
|-mega|p2a: Camerupt|Camerupt|Cameruptite
|move|p2b: Farigiraf|Protect|p2b: Farigiraf
|-singleturn|p2b: Farigiraf|Protect
|move|p1a: Scrafty|Knock Off|p2b: Farigiraf
|-activate|p2b: Farigiraf|move: Protect
|move|p1b: Sylveon|Hyper Voice|p2b: Farigiraf|[spread] p2a
|-activate|p2b: Farigiraf|move: Protect
|-resisted|p2a: Camerupt|1
|-damage|p2a: Camerupt|77/100
|move|p2a: Camerupt|Heat Wave|p1a: Scrafty|[spread] p1a,p1b
|-damage|p1a: Scrafty|54/100
|-damage|p1b: Sylveon|55/100
|
|upkeep
|turn|2
|inactive|Battle timer is ON: inactive players will automatically lose when time's up. (requested by mrangelacho)
|inactive|mrangelacho has 60 seconds left.
|
|t:|1783151226
|move|p2a: Camerupt|Protect|p2a: Camerupt
|-singleturn|p2a: Camerupt|Protect
|move|p1a: Scrafty|Knock Off|p2b: Farigiraf
|-supereffective|p2b: Farigiraf|1
|-damage|p2b: Farigiraf|22/100
|-enditem|p2b: Farigiraf|Sitrus Berry|[from] move: Knock Off|[of] p1a: Scrafty
|move|p1b: Sylveon|Hyper Voice|p2a: Camerupt|[spread] p2b
|-activate|p2a: Camerupt|move: Protect
|-damage|p2b: Farigiraf|0 fnt
|faint|p2b: Farigiraf
|
|upkeep
|
|t:|1783151237
|switch|p2b: Sylveon|Sylveon, L50, M|100/100
|turn|3
|
|t:|1783151259
|move|p1a: Scrafty|Drain Punch|p2a: Camerupt
|-damage|p2a: Camerupt|40/100
|-heal|p1a: Scrafty|75/100|[from] drain|[of] p2a: Camerupt
|move|p1b: Sylveon|Hyper Voice|p2b: Sylveon|[spread] p2a,p2b
|-resisted|p2a: Camerupt|1
|-damage|p2a: Camerupt|14/100
|-damage|p2b: Sylveon|61/100
|move|p2b: Sylveon|Hyper Voice|p1a: Scrafty|[spread] p1a,p1b
|-supereffective|p1a: Scrafty|2
|-damage|p1a: Scrafty|0 fnt
|-damage|p1b: Sylveon|12/100
|faint|p1a: Scrafty
|-damage|p2b: Sylveon|52/100|[from] item: Life Orb
|move|p2a: Camerupt|Earth Power|p1b: Sylveon
|-damage|p1b: Sylveon|0 fnt
|faint|p1b: Sylveon
|
|upkeep
|
|t:|1783151268
|switch|p1a: Sinistcha|Sinistcha, L50|100/100
|switch|p1b: Garchomp|Garchomp, L50, M|100/100
|turn|4
|inactive|Athrys has 30 seconds left.
|inactive|Athrys has 20 seconds left.
|inactive|Athrys has 15 seconds left.
|
|t:|1783151312
|move|p1a: Sinistcha|Protect|p1a: Sinistcha
|-singleturn|p1a: Sinistcha|Protect
|move|p2b: Sylveon|Detect|p2b: Sylveon
|-singleturn|p2b: Sylveon|Protect
|move|p2a: Camerupt|Protect|p2a: Camerupt
|-singleturn|p2a: Camerupt|Protect
|move|p1b: Garchomp|Earthquake|p2a: Camerupt|[spread] 
|-activate|p1a: Sinistcha|move: Protect
|-activate|p2a: Camerupt|move: Protect
|-activate|p2b: Sylveon|move: Protect
|
|upkeep
|turn|5
|
|t:|1783151331
|move|p2a: Camerupt|Protect||[still]
|-fail|p2a: Camerupt
|move|p1b: Garchomp|Earthquake|p2b: Sylveon|[spread] p1a,p2a,p2b
|-resisted|p1a: Sinistcha|1
|-supereffective|p2a: Camerupt|1
|-damage|p1a: Sinistcha|85/100
|-damage|p2a: Camerupt|0 fnt
|-damage|p2b: Sylveon|4/100
|faint|p2a: Camerupt
|move|p1a: Sinistcha|Matcha Gotcha|p2b: Sylveon
|-damage|p2b: Sylveon|0 fnt
|-heal|p1a: Sinistcha|88/100|[from] drain|[of] p2b: Sylveon
|faint|p2b: Sylveon
|
|upkeep
|-message|mrangelacho forfeited.
|
|win|Athrys
