|j|☆bahia ducati
|j|☆Daniw9
|html|bahia ducatiDaniw9    
|uhtml|bestof|Game 2 of a best-of-3
|t:|1756490929
|gametype|doubles
|player|p1|bahia ducati|skier|1180
|player|p2|Daniw9|2|1191
|gen|9
|tier|[Gen 9] VGC 2025 Reg H (Bo3)
|rated|
|rule|Species Clause: Limit one of each Pokémon
|rule|Item Clause: Limit 1 of each item
|clearpoke
|poke|p1|Sneasler, L50, F|
|poke|p1|Indeedee, L50, M|
|poke|p1|Volcarona, L50, F|
|poke|p1|Ursaluna-Bloodmoon, L50, M|
|poke|p1|Annihilape, L50, F|
|poke|p1|Tyranitar, L50, M|
|poke|p2|Garchomp, L50, M|
|poke|p2|Tyranitar, L50, M|
|poke|p2|Delphox, L50, F|
|poke|p2|Indeedee-F, L50, F|
|poke|p2|Gallade, L50, M|
|poke|p2|Whimsicott, L50, M|
|teampreview|4
|showteam|p1|Sneasler||PsychicSeed|Unburden|CloseCombat,DireClaw,ThroatChop,Protect|||F|||50|,,,,,Dark]Indeedee||ChoiceScarf|PsychicSurge|ExpandingForce,TeraBlast,Trick,Protect|||M|||50|,,,,,Psychic]Volcarona||SitrusBerry|FlameBody|Overheat,StruggleBug,RagePowder,Tailwind|||F|||50|,,,,,Grass]Ursaluna-Bloodmoon||LifeOrb|MindsEye|BloodMoon,HyperVoice,EarthPower,Protect|||M|||50|,,,,,Normal]Annihilape||SafetyGoggles|Defiant|CloseCombat,RageFist,Taunt,FinalGambit|||F|||50|,,,,,Fairy]Tyranitar||AssaultVest|SandStream|RockSlide,KnockOff,TeraBlast,LowKick|||M|||50|,,,,,Flying
|showteam|p2|Garchomp||LifeOrb|SandVeil|Earthquake,StompingTantrum,Protect,DragonClaw|||M|||50|,,,,,Steel]Tyranitar||AssaultVest|SandStream|RockSlide,TeraBlast,KnockOff,LowKick|||M|||50|,,,,,Flying]Delphox||PsychicSeed|Magician|ExpandingForce,HeatWave,TeraBlast,Protect|||F|||50|,,,,,Fairy]Indeedee-F||SafetyGoggles|PsychicSurge|DazzlingGleam,TrickRoom,FollowMe,HelpingHand|||F|||50|,,,,,Water]Gallade||ClearAmulet|Sharpness|SacredSword,PsychoCut,TrickRoom,Protect|||M|||50|,,,,,Grass]Whimsicott||CovertCloak|Prankster|Moonblast,Tailwind,Encore,Protect|||M|||50|,,,,,Ghost
|inactive|Battle timer is ON: inactive players will automatically lose when time's up. (requested by bahia ducati)
|inactive|Daniw9 has 60 seconds left.
|inactive|Daniw9 has 30 seconds left.
|inactive|Daniw9 has 20 seconds left.
|inactive|Daniw9 has 15 seconds left.
|inactive|Daniw9 has 10 seconds left.
|inactive|Daniw9 has 5 seconds left.
|
|t:|1756491017
|teamsize|p1|4
|teamsize|p2|4
|start
|switch|p1a: Vtorp|Sneasler, L50, F|100/100
|switch|p1b: Zelsium|Volcarona, L50, F, shiny|100/100
|switch|p2a: Indeedee|Indeedee-F, L50, F|100/100
|switch|p2b: Gallade|Gallade, L50, M|100/100
|-fieldstart|move: Psychic Terrain|[from] ability: Psychic Surge|[of] p2a: Indeedee
|-enditem|p1a: Vtorp|Psychic Seed
|-boost|p1a: Vtorp|spd|1|[from] item: Psychic Seed
|turn|1
|inactive|bahia ducati has 30 seconds left.
|
|t:|1756491047
|move|p1b: Zelsium|Rage Powder|p1b: Zelsium
|-singleturn|p1b: Zelsium|move: Rage Powder
|move|p2a: Indeedee|Follow Me|p2a: Indeedee
|-singleturn|p2a: Indeedee|move: Follow Me
|move|p1a: Vtorp|Throat Chop|p2a: Indeedee
|-supereffective|p2a: Indeedee
|-damage|p2a: Indeedee|45/100
|-start|p2a: Indeedee|Throat Chop|[silent]
|move|p2b: Gallade|Trick Room|p2b: Gallade
|-fieldstart|move: Trick Room|[of] p2b: Gallade
|
|upkeep
|turn|2
|inactive|bahia ducati has 30 seconds left.
|
|t:|1756491076
|move|p1a: Vtorp|Protect|p1a: Vtorp
|-singleturn|p1a: Vtorp|Protect
|move|p2a: Indeedee|Follow Me|p2a: Indeedee
|-singleturn|p2a: Indeedee|move: Follow Me
|move|p2b: Gallade|Psycho Cut|p1b: Zelsium
|-damage|p1b: Zelsium|7/100
|-enditem|p1b: Zelsium|Sitrus Berry|[eat]
|-heal|p1b: Zelsium|32/100|[from] item: Sitrus Berry
|move|p1b: Zelsium|Struggle Bug|p2b: Gallade|[spread] p2a,p2b
|-supereffective|p2a: Indeedee
|-damage|p2a: Indeedee|13/100
|-damage|p2b: Gallade|84/100
|-unboost|p2a: Indeedee|spa|1
|
|-end|p2a: Indeedee|Throat Chop|[silent]
|upkeep
|turn|3
|
|t:|1756491100
|switch|p1b: Catacroncho|Tyranitar, L50, M|100/100
|-weather|Sandstorm|[from] ability: Sand Stream|[of] p1b: Catacroncho
|-terastallize|p1a: Vtorp|Dark
|move|p2a: Indeedee|Follow Me|p2a: Indeedee
|-singleturn|p2a: Indeedee|move: Follow Me
|move|p2b: Gallade|Psycho Cut|p1a: Vtorp
|-immune|p1a: Vtorp
|move|p1a: Vtorp|Dire Claw|p2a: Indeedee
|-damage|p2a: Indeedee|0 fnt
|faint|p2a: Indeedee
|
|-weather|Sandstorm|[upkeep]
|-damage|p2b: Gallade|78/100|[from] Sandstorm
|-damage|p1a: Vtorp|95/100|[from] Sandstorm
|upkeep
|
|t:|1756491124
|switch|p2a: Tyranitar|Tyranitar, L50, M|100/100
|turn|4
|
|t:|1756491138
|switch|p1a: Zelsium|Volcarona, L50, F, shiny|32/100
|move|p2a: Tyranitar|Low Kick|p1b: Catacroncho
|-supereffective|p1b: Catacroncho
|-damage|p1b: Catacroncho|0 fnt
|faint|p1b: Catacroncho
|move|p2b: Gallade|Sacred Sword|p1a: Zelsium
|-resisted|p1a: Zelsium
|-damage|p1a: Zelsium|0 fnt
|-status|p2b: Gallade|brn|[from] ability: Flame Body|[of] p1a: Zelsium
|faint|p1a: Zelsium
|
|-weather|Sandstorm|[upkeep]
|-damage|p2b: Gallade|72/100 brn|[from] Sandstorm
|-damage|p2b: Gallade|67/100 brn|[from] brn
|upkeep
|
|t:|1756491148
|switch|p1b: Daniela|Indeedee, L50, M|100/100
|switch|p1a: Vtorp|Sneasler, L50, F, tera:Dark|95/100
|turn|5
|
|t:|1756491160
|-terastallize|p2a: Tyranitar|Flying
|move|p1a: Vtorp|Protect|p1a: Vtorp
|-singleturn|p1a: Vtorp|Protect
|move|p2a: Tyranitar|Knock Off|p1b: Daniela
|-supereffective|p1b: Daniela
|-damage|p1b: Daniela|0 fnt
|-enditem|p1b: Daniela|Choice Scarf|[from] move: Knock Off|[of] p2a: Tyranitar
|faint|p1b: Daniela
|move|p2b: Gallade|Sacred Sword|p1a: Vtorp
|-activate|p1a: Vtorp|move: Protect
|
|-weather|Sandstorm|[upkeep]
|-damage|p2a: Tyranitar|95/100|[from] Sandstorm
|-damage|p2b: Gallade|61/100 brn|[from] Sandstorm
|-damage|p1a: Vtorp|89/100|[from] Sandstorm
|-damage|p2b: Gallade|55/100 brn|[from] brn
|-fieldend|move: Trick Room
|-fieldend|move: Psychic Terrain
|upkeep
|turn|6
|-message|bahia ducati forfeited.
|
|win|Daniw9
|raw|bahia ducati's rating: 1180 → 1156(-24 for losing)
|raw|Daniw9's rating: 1191 → 1215(+24 for winning)
|l|☆bahia ducati
|player|p1|
