|j|☆yveltyy
|j|☆Freaky Mane
|html|yveltyyFreaky Mane    
|uhtml|bestof|Game 2 of a best-of-3
|t:|1757761015
|gametype|doubles
|player|p1|yveltyy|plasmagruntf-gen5bw|
|player|p2|Freaky Mane|miku-ghost|
|gen|9
|tier|[Gen 9] VGC 2025 Reg H (Bo3)
|rule|Species Clause: Limit one of each Pokémon
|rule|Item Clause: Limit 1 of each item
|clearpoke
|poke|p1|Ninetales-Alola, L50, F|
|poke|p1|Rotom-Frost, L50|
|poke|p1|Garchomp, L50, M|
|poke|p1|Dragonite, L50, M|
|poke|p1|Amoonguss, L50, F|
|poke|p1|Kingambit, L50, F|
|poke|p2|Rillaboom, L50, M|
|poke|p2|Sneasler, L50, M|
|poke|p2|Ninetales-Alola, L50, F|
|poke|p2|Incineroar, L50, M|
|poke|p2|Glaceon, L50, F|
|poke|p2|Electabuzz, L50, F|
|teampreview|4
|showteam|p1|Ninetales-Alola||FocusSash|SnowWarning|Blizzard,IcyWind,AuroraVeil,Encore|||F|||50|,,,,,Ghost]Rotom-Frost||AssaultVest|Levitate|Blizzard,Thunderbolt,Discharge,TeraBlast||||||50|,,,,,Fire]Garchomp||ChoiceBand|RoughSkin|Earthquake,StompingTantrum,PoisonJab,RockSlide|||M|||50|,,,,,Poison]Dragonite||LoadedDice|Multiscale|ScaleShot,ExtremeSpeed,LowKick,Protect|||M|||50|,,,,,Fairy]Amoonguss||SitrusBerry|Regenerator|RagePowder,Spore,PollenPuff,ClearSmog|||F|||50|,,,,,Psychic]Kingambit||LifeOrb|Defiant|KowtowCleave,SuckerPunch,LowKick,Protect|||F|||50|,,,,,Dark
|showteam|p2|Rillaboom||AssaultVest|GrassySurge|WoodHammer,GrassyGlide,Uturn,FakeOut|||M|||50|,,,,,Poison]Sneasler||GrassySeed|Unburden|RockSlide,DireClaw,CloseCombat,Protect|||M|||50|,,,,,Rock]Ninetales-Alola||FocusSash|SnowWarning|Blizzard,FreezeDry,Encore,Protect|||F|||50|,,,,,Ice]Incineroar||SafetyGoggles|Intimidate|FlareBlitz,KnockOff,PartingShot,FakeOut|||M|||50|,,,,,Ghost]Glaceon||BrightPowder|SnowCloak|Blizzard,TeraBlast,Haze,Detect|||F|||50|,,,,,Water]Electabuzz||Eviolite|Static|VoltSwitch,FollowMe,Taunt,HelpingHand|||F|||50|,,,,,Grass
|inactive|Battle timer is ON: inactive players will automatically lose when time's up. (requested by yveltyy)
|c|☆Freaky Mane|turn timer off
|inactiveoff|Battle timer is now OFF.
|
|t:|1757761099
|teamsize|p1|4
|teamsize|p2|4
|start
|switch|p1a: Ninetales|Ninetales-Alola, L50, F|100/100
|switch|p1b: Rotom|Rotom-Frost, L50|100/100
|switch|p2a: Sneasler|Sneasler, L50, M, shiny|100/100
|switch|p2b: Electabuzz|Electabuzz, L50, F, shiny|100/100
|-weather|Snowscape|[from] ability: Snow Warning|[of] p1a: Ninetales
|turn|1
|
|t:|1757761113
|move|p1a: Ninetales|Blizzard|p2a: Sneasler|[spread] p2a,p2b
|-damage|p2a: Sneasler|68/100
|-damage|p2b: Electabuzz|82/100
|move|p2a: Sneasler|Close Combat|p1b: Rotom
|-supereffective|p1b: Rotom
|-damage|p1b: Rotom|0 fnt
|-unboost|p2a: Sneasler|def|1
|-unboost|p2a: Sneasler|spd|1
|faint|p1b: Rotom
|move|p2b: Electabuzz|Volt Switch|p1a: Ninetales
|-damage|p1a: Ninetales|74/100
|c|☆yveltyy|misclick sob
|
|t:|1757761165
|switch|p2b: Glaceon|Glaceon, L50, F, shiny|100/100|[from] Volt Switch
|
|-weather|Snowscape|[upkeep]
|upkeep
|
|t:|1757761172
|switch|p1b: Kingambit|Kingambit, L50, F|100/100
|turn|2
|
|t:|1757761213
|switch|p2a: Incineroar|Incineroar, L50, M, shiny|100/100
|-ability|p2a: Incineroar|Intimidate|boost
|-unboost|p1a: Ninetales|atk|1
|-unboost|p1b: Kingambit|atk|1
|-ability|p1b: Kingambit|Defiant|boost
|-boost|p1b: Kingambit|atk|2
|-terastallize|p1b: Kingambit|Dark
|move|p1b: Kingambit|Sucker Punch||[still]
|-fail|p1b: Kingambit
|move|p1a: Ninetales|Aurora Veil|p1a: Ninetales
|-sidestart|p1: yveltyy|move: Aurora Veil
|move|p2b: Glaceon|Haze|p2b: Glaceon
|-clearallboost
|
|-weather|Snowscape|[upkeep]
|upkeep
|turn|3
|
|t:|1757761252
|move|p1b: Kingambit|Protect|p1b: Kingambit
|-singleturn|p1b: Kingambit|Protect
|move|p2a: Incineroar|Fake Out|p1b: Kingambit
|-activate|p1b: Kingambit|move: Protect
|move|p1a: Ninetales|Encore|p2b: Glaceon
|-start|p2b: Glaceon|Encore
|move|p2b: Glaceon|Haze|p2b: Glaceon
|-clearallboost
|
|-weather|Snowscape|[upkeep]
|upkeep
|turn|4
|
|t:|1757761266
|switch|p2b: Electabuzz|Electabuzz, L50, F, shiny|82/100
|move|p1a: Ninetales|Aurora Veil||[still]
|-fail|p1a: Ninetales
|move|p1b: Kingambit|Low Kick|p2b: Electabuzz
|-damage|p2b: Electabuzz|58/100
|-damage|p1b: Kingambit|91/100|[from] item: Life Orb
|move|p2a: Incineroar|Flare Blitz|p1a: Ninetales
|-supereffective|p1a: Ninetales
|-crit|p1a: Ninetales
|-damage|p1a: Ninetales|0 fnt
|faint|p1a: Ninetales
|-damage|p2a: Incineroar|80/100|[from] Recoil
|
|-weather|Snowscape|[upkeep]
|upkeep
|c|☆yveltyy|i might be drunk
|
|t:|1757761283
|switch|p1a: Garchomp|Garchomp, L50, M|100/100
|turn|5
|
|t:|1757761298
|move|p1a: Garchomp|Earthquake|p2b: Electabuzz|[spread] p1b,p2a,p2b
|-supereffective|p2a: Incineroar
|-supereffective|p2b: Electabuzz
|-damage|p1b: Kingambit|58/100
|-damage|p2a: Incineroar|0 fnt
|-damage|p2b: Electabuzz|0 fnt
|faint|p2a: Incineroar
|faint|p2b: Electabuzz
|move|p1b: Kingambit|Low Kick|p2: Incineroar|[notarget]
|-fail|p1b: Kingambit
|
|-weather|none
|upkeep
|
|t:|1757761317
|switch|p2b: Sneasler|Sneasler, L50, M, shiny|68/100
|switch|p2a: Glaceon|Glaceon, L50, F, shiny|100/100
|turn|6
|
|t:|1757761337
|move|p2b: Sneasler|Protect|p2b: Sneasler
|-singleturn|p2b: Sneasler|Protect
|move|p2a: Glaceon|Detect|p2a: Glaceon
|-singleturn|p2a: Glaceon|Protect
|move|p1a: Garchomp|Earthquake|p2b: Sneasler|[spread] p1b
|-activate|p2a: Glaceon|move: Protect
|-activate|p2b: Sneasler|move: Protect
|-damage|p1b: Kingambit|22/100
|move|p1b: Kingambit|Kowtow Cleave|p2a: Glaceon
|-activate|p2a: Glaceon|move: Protect
|
|-sideend|p1: yveltyy|move: Aurora Veil
|upkeep
|turn|7
|
|t:|1757761368
|move|p1b: Kingambit|Protect|p1b: Kingambit
|-singleturn|p1b: Kingambit|Protect
|move|p2b: Sneasler|Close Combat|p1a: Garchomp
|-damage|p1a: Garchomp|25/100
|-unboost|p2b: Sneasler|def|1
|-unboost|p2b: Sneasler|spd|1
|-damage|p2b: Sneasler|56/100|[from] ability: Rough Skin|[of] p1a: Garchomp
|move|p1a: Garchomp|Earthquake|p2b: Sneasler|[spread] p2a,p2b
|-activate|p1b: Kingambit|move: Protect
|-supereffective|p2b: Sneasler
|-damage|p2a: Glaceon|46/100
|-damage|p2b: Sneasler|0 fnt
|faint|p2b: Sneasler
|move|p2a: Glaceon|Blizzard|p1a: Garchomp|[spread] 
|-activate|p1b: Kingambit|move: Protect
|-miss|p2a: Glaceon|p1a: Garchomp
|
|upkeep
|turn|8
|c|☆Freaky Mane|i swear to cod
|c|☆yveltyy|gg i played so ass
|
|t:|1757761393
|-terastallize|p2a: Glaceon|Water
|move|p1b: Kingambit|Sucker Punch|p2a: Glaceon
|-damage|p2a: Glaceon|0 fnt
|faint|p2a: Glaceon
|-damage|p1b: Kingambit|12/100|[from] item: Life Orb
|
|win|yveltyy
