|j|☆dogggybears
|j|☆ChuggleAschenazita
|html|dogggybearsChuggleAschenazita    
|uhtml|bestof|Game 3 of a best-of-3
|t:|1757626012
|gametype|doubles
|player|p1|dogggybears|roxie|1217
|player|p2|ChuggleAschenazita|102|1274
|gen|9
|tier|[Gen 9] VGC 2025 Reg H (Bo3)
|rated|
|rule|Species Clause: Limit one of each Pokémon
|rule|Item Clause: Limit 1 of each item
|clearpoke
|poke|p1|Sneasler, L50, M|
|poke|p1|Indeedee, L50, M|
|poke|p1|Volcarona, L50, M|
|poke|p1|Ursaluna-Bloodmoon, L50, M|
|poke|p1|Annihilape, L50, F|
|poke|p1|Tyranitar, L50, M|
|poke|p2|Incineroar, L50, F|
|poke|p2|Amoonguss, L50, M|
|poke|p2|Gholdengo, L50|
|poke|p2|Hydreigon, L50, M|
|poke|p2|Ursaluna, L50, F|
|poke|p2|Porygon2, L50|
|teampreview|4
|showteam|p1|Sneasler||PsychicSeed|Unburden|CloseCombat,DireClaw,ThroatChop,Protect|||M|||50|,,,,,Dark]Indeedee||ChoiceScarf|PsychicSurge|ExpandingForce,TeraBlast,Trick,Protect|||M|||50|,,,,,Psychic]Volcarona||SitrusBerry|FlameBody|Overheat,StruggleBug,RagePowder,Tailwind|||M|||50|,,,,,Grass]Ursaluna-Bloodmoon||LifeOrb|MindsEye|BloodMoon,HyperVoice,EarthPower,Protect|||M|||50|,,,,,Normal]Annihilape||SafetyGoggles|Defiant|CloseCombat,RageFist,Taunt,FinalGambit|||F|||50|,,,,,Fairy]Tyranitar||AssaultVest|SandStream|RockSlide,KnockOff,TeraBlast,LowKick|||M|||50|,,,,,Flying
|showteam|p2|Incineroar||SafetyGoggles|Intimidate|FlareBlitz,KnockOff,PartingShot,FakeOut|||F|||50|,,,,,Grass]Amoonguss||RockyHelmet|Regenerator|PollenPuff,ClearSmog,Spore,RagePowder|||M|||50|,,,,,Psychic]Gholdengo||LifeOrb|GoodasGold|MakeItRain,ShadowBall,NastyPlot,Protect||||||50|,,,,,Water]Hydreigon||CovertCloak|Levitate|DracoMeteor,Snarl,Tailwind,Taunt|||M|||50|,,,,,Ghost]Ursaluna||FlameOrb|Guts|Facade,HeadlongRush,Earthquake,Protect|||F|||50|,,,,,Ghost]Porygon2||Eviolite|Download|TeraBlast,IceBeam,Recover,TrickRoom||||||50|,,,,,Fighting
|
|t:|1757626058
|teamsize|p1|4
|teamsize|p2|4
|start
|switch|p1a: Tyranitar|Tyranitar, L50, M|100/100
|switch|p1b: Ursaluna|Ursaluna-Bloodmoon, L50, M|100/100
|switch|p2a: In Strada|Hydreigon, L50, M|100/100
|switch|p2b: Ho Lavorato|Gholdengo, L50|100/100
|-weather|Sandstorm|[from] ability: Sand Stream|[of] p1a: Tyranitar
|turn|1
|
|t:|1757626097
|switch|p2b: Cane Mangia Cane|Incineroar, L50, F|100/100
|-ability|p2b: Cane Mangia Cane|Intimidate|boost
|-unboost|p1a: Tyranitar|atk|1
|-unboost|p1b: Ursaluna|atk|1
|-terastallize|p1b: Ursaluna|Normal
|move|p2a: In Strada|Tailwind|p2a: In Strada
|-sidestart|p2: ChuggleAschenazita|move: Tailwind
|move|p1a: Tyranitar|Knock Off|p2b: Cane Mangia Cane
|-resisted|p2b: Cane Mangia Cane
|-damage|p2b: Cane Mangia Cane|82/100
|-enditem|p2b: Cane Mangia Cane|Safety Goggles|[from] move: Knock Off|[of] p1a: Tyranitar
|move|p1b: Ursaluna|Hyper Voice|p2b: Cane Mangia Cane|[spread] p2a,p2b
|-damage|p2a: In Strada|18/100
|-damage|p2b: Cane Mangia Cane|21/100
|-damage|p1b: Ursaluna|91/100|[from] item: Life Orb
|
|-weather|Sandstorm|[upkeep]
|-damage|p2a: In Strada|12/100|[from] Sandstorm
|-damage|p2b: Cane Mangia Cane|15/100|[from] Sandstorm
|-damage|p1b: Ursaluna|85/100|[from] Sandstorm
|upkeep
|turn|2
|
|t:|1757626139
|switch|p1b: Indeedee|Indeedee, L50, M|100/100
|-fieldstart|move: Psychic Terrain|[from] ability: Psychic Surge|[of] p1b: Indeedee
|move|p2b: Cane Mangia Cane|Fake Out|p1a: Tyranitar
|-activate|p1a: Tyranitar|move: Psychic Terrain
|move|p2a: In Strada|Snarl|p1b: Indeedee|[spread] p1a,p1b
|-resisted|p1a: Tyranitar
|-supereffective|p1b: Indeedee
|-damage|p1a: Tyranitar|96/100
|-damage|p1b: Indeedee|43/100
|-unboost|p1a: Tyranitar|spa|1
|-unboost|p1b: Indeedee|spa|1
|move|p1a: Tyranitar|Rock Slide|p2a: In Strada|[spread] p2a,p2b
|-supereffective|p2b: Cane Mangia Cane
|-damage|p2a: In Strada|0 fnt
|-damage|p2b: Cane Mangia Cane|0 fnt
|faint|p2a: In Strada
|faint|p2b: Cane Mangia Cane
|
|-weather|Sandstorm|[upkeep]
|-damage|p1b: Indeedee|37/100|[from] Sandstorm
|upkeep
|
|t:|1757626167
|switch|p2a: Ho Lavorato|Gholdengo, L50|100/100
|switch|p2b: Di Notte|Ursaluna, L50, F|100/100
|turn|3
|
|t:|1757626217
|-terastallize|p2a: Ho Lavorato|Water
|move|p2b: Di Notte|Protect|p2b: Di Notte
|-singleturn|p2b: Di Notte|Protect
|move|p2a: Ho Lavorato|Make It Rain|p1a: Tyranitar|[spread] p1a,p1b
|-supereffective|p1a: Tyranitar
|-damage|p1a: Tyranitar|47/100
|-damage|p1b: Indeedee|0 fnt
|-unboost|p2a: Ho Lavorato|spa|1
|faint|p1b: Indeedee
|-damage|p2a: Ho Lavorato|91/100|[from] item: Life Orb
|move|p1a: Tyranitar|Knock Off|p2a: Ho Lavorato
|-damage|p2a: Ho Lavorato|58/100
|-enditem|p2a: Ho Lavorato|Life Orb|[from] move: Knock Off|[of] p1a: Tyranitar
|
|-weather|Sandstorm|[upkeep]
|-damage|p2a: Ho Lavorato|52/100|[from] Sandstorm
|-status|p2b: Di Notte|brn|[from] item: Flame Orb
|upkeep
|
|t:|1757626242
|switch|p1b: Sneasler|Sneasler, L50, M|100/100
|-enditem|p1b: Sneasler|Psychic Seed
|-boost|p1b: Sneasler|spd|1|[from] item: Psychic Seed
|turn|4
|
|t:|1757626296
|move|p1b: Sneasler|Close Combat|p2b: Di Notte
|-supereffective|p2b: Di Notte
|-damage|p2b: Di Notte|0 fnt
|-unboost|p1b: Sneasler|def|1
|-unboost|p1b: Sneasler|spd|1
|faint|p2b: Di Notte
|move|p2a: Ho Lavorato|Make It Rain|p1b: Sneasler|[spread] p1a,p1b
|-supereffective|p1a: Tyranitar
|-damage|p1a: Tyranitar|22/100
|-damage|p1b: Sneasler|58/100
|-unboost|p2a: Ho Lavorato|spa|1
|move|p1a: Tyranitar|Knock Off|p2a: Ho Lavorato
|-damage|p2a: Ho Lavorato|25/100
|
|-weather|Sandstorm|[upkeep]
|-damage|p1b: Sneasler|52/100|[from] Sandstorm
|-damage|p2a: Ho Lavorato|19/100|[from] Sandstorm
|-sideend|p2: ChuggleAschenazita|move: Tailwind
|upkeep
|turn|5
|-message|ChuggleAschenazita forfeited.
|
|win|dogggybears
|raw|dogggybears's rating: 1217 → 1246(+29 for winning)
|raw|ChuggleAschenazita's rating: 1274 → 1245(-29 for losing)
