|j|☆Giraldo567
|j|☆SlipperyDanger
|html|Giraldo567SlipperyDanger    
|uhtml|bestof|Game 1 of a best-of-3
|t:|1757831430
|gametype|doubles
|player|p1|Giraldo567|170|1195
|player|p2|SlipperyDanger|cynthia-gen4|1288
|gen|9
|tier|[Gen 9] VGC 2025 Reg H (Bo3)
|rated|
|rule|Species Clause: Limit one of each Pokémon
|rule|Item Clause: Limit 1 of each item
|clearpoke
|poke|p1|Archaludon, L50, M|
|poke|p1|Pelipper, L50, M|
|poke|p1|Electabuzz, L50, M|
|poke|p1|Incineroar, L50, M|
|poke|p1|Gholdengo, L50|
|poke|p1|Dragapult, L50, M|
|poke|p2|Weezing, L50, F|
|poke|p2|Slaking, L50, F|
|poke|p2|Dondozo, L50, F|
|poke|p2|Tatsugiri, L50, M|
|poke|p2|Kilowattrel, L50, M|
|poke|p2|Mamoswine, L50, M|
|teampreview|4
|showteam|p1|Archaludon||PowerHerb|Stalwart|Protect,ElectroShot,FlashCannon,DracoMeteor|||M|||50|,,,,,Electric]Pelipper||DampRock|Drizzle|Tailwind,Protect,WeatherBall,Hurricane|||M|||50|,,,,,Dragon]Electabuzz||Eviolite|VitalSpirit|Electroweb,Thunderbolt,KnockOff,FollowMe|||M|||50|,,,,,Ghost]Incineroar||SafetyGoggles|Intimidate|FakeOut,PartingShot,KnockOff,FlareBlitz|||M|||50|,,,,,Bug]Gholdengo||LifeOrb|GoodasGold|Protect,NastyPlot,ShadowBall,MakeItRain||||||50|,,,,,Water]Dragapult||FocusSash|ClearBody|DragonDance,DragonDarts,Protect,PhantomForce|||M|||50|,,,,,Bug
|showteam|p2|Weezing||CovertCloak|NeutralizingGas|SludgeBomb,ToxicSpikes,WillOWisp,Protect|||F|||50|,,,,,Fairy]Slaking||LifeOrb|Truant|DoubleEdge,SuckerPunch,HighHorsepower,Protect|||F|||50|,,,,,Ghost]Dondozo||Leftovers|Unaware|WaveCrash,Earthquake,Substitute,Protect|||F|||50|,,,,,Ground]Tatsugiri||AssaultVest|Commander|DracoMeteor,MuddyWater,MirrorCoat,IcyWind|||M|||50|,,,,,Steel]Kilowattrel||ChoiceSpecs|Competitive|Discharge,Thunderbolt,VoltSwitch,AirSlash|||M|||50|,,,,,Ghost]Mamoswine||FocusSash|Oblivious|IcicleCrash,Earthquake,IceShard,Protect|||M|||50|,,,,,Ghost
|inactive|Battle timer is ON: inactive players will automatically lose when time's up. (requested by SlipperyDanger)
|
|t:|1757831453
|teamsize|p1|4
|teamsize|p2|4
|start
|switch|p1a: Electabuzz|Electabuzz, L50, M|100/100
|switch|p1b: Pelipper|Pelipper, L50, M|100/100
|switch|p2a: Kilowattrel|Kilowattrel, L50, M|100/100
|switch|p2b: Mamoswine|Mamoswine, L50, M|100/100
|-weather|RainDance|[from] ability: Drizzle|[of] p1b: Pelipper
|turn|1
|
|t:|1757831468
|-terastallize|p1b: Pelipper|Dragon
|move|p2a: Kilowattrel|Discharge|p1a: Electabuzz|[spread] p1a,p1b
|-immune|p2b: Mamoswine
|-resisted|p1a: Electabuzz
|-resisted|p1b: Pelipper
|-damage|p1a: Electabuzz|85/100
|-damage|p1b: Pelipper|74/100
|-status|p1b: Pelipper|par
|move|p2b: Mamoswine|Earthquake|p1a: Electabuzz|[spread] p1a,p1b
|-immune|p2a: Kilowattrel
|-supereffective|p1a: Electabuzz
|-damage|p1a: Electabuzz|22/100
|-damage|p1b: Pelipper|44/100 par
|move|p1a: Electabuzz|Knock Off|p2b: Mamoswine
|-damage|p2b: Mamoswine|80/100
|-enditem|p2b: Mamoswine|Focus Sash|[from] move: Knock Off|[of] p1a: Electabuzz
|move|p1b: Pelipper|Tailwind|p1b: Pelipper
|-sidestart|p1: Giraldo567|move: Tailwind
|
|-weather|RainDance|[upkeep]
|upkeep
|turn|2
|
|t:|1757831491
|move|p1a: Electabuzz|Thunderbolt|p2a: Kilowattrel
|-damage|p2a: Kilowattrel|40/100
|move|p2a: Kilowattrel|Discharge|p1b: Pelipper|[spread] p1a,p1b
|-immune|p2b: Mamoswine
|-resisted|p1a: Electabuzz
|-resisted|p1b: Pelipper
|-damage|p1a: Electabuzz|7/100
|-damage|p1b: Pelipper|17/100 par
|move|p2b: Mamoswine|Earthquake|p1b: Pelipper|[spread] p1a,p1b
|-immune|p2a: Kilowattrel
|-supereffective|p1a: Electabuzz
|-damage|p1a: Electabuzz|0 fnt
|-damage|p1b: Pelipper|0 fnt
|faint|p1a: Electabuzz
|faint|p1b: Pelipper
|
|-weather|RainDance|[upkeep]
|upkeep
|
|t:|1757831505
|switch|p1a: Dragapult|Dragapult, L50, M|100/100
|switch|p1b: Archaludon|Archaludon, L50, M|100/100
|turn|3
|
|t:|1757831525
|move|p2b: Mamoswine|Protect|p2b: Mamoswine
|-singleturn|p2b: Mamoswine|Protect
|move|p1a: Dragapult|Dragon Darts|p2a: Kilowattrel
|-damage|p2a: Kilowattrel|0 fnt
|faint|p2a: Kilowattrel
|move|p1b: Archaludon|Draco Meteor|p2b: Mamoswine
|-activate|p2b: Mamoswine|move: Protect
|
|-weather|RainDance|[upkeep]
|upkeep
|
|t:|1757831535
|switch|p2a: Dondozo|Dondozo, L50, F|100/100
|turn|4
|
|t:|1757831543
|-terastallize|p2a: Dondozo|Ground
|move|p1b: Archaludon|Protect|p1b: Archaludon
|-singleturn|p1b: Archaludon|Protect
|move|p2b: Mamoswine|Ice Shard|p1a: Dragapult
|-supereffective|p1a: Dragapult
|-damage|p1a: Dragapult|42/100
|move|p1a: Dragapult|Dragon Dance|p1a: Dragapult
|-boost|p1a: Dragapult|atk|1
|-boost|p1a: Dragapult|spe|1
|move|p2a: Dondozo|Wave Crash|p1a: Dragapult
|-resisted|p1a: Dragapult
|-damage|p1a: Dragapult|0 fnt
|faint|p1a: Dragapult
|-damage|p2a: Dondozo|91/100|[from] Recoil
|
|-weather|RainDance|[upkeep]
|-heal|p2a: Dondozo|98/100|[from] item: Leftovers
|-sideend|p1: Giraldo567|move: Tailwind
|upkeep
|turn|5
|
|t:|1757831559
|move|p2a: Dondozo|Protect|p2a: Dondozo
|-singleturn|p2a: Dondozo|Protect
|move|p2b: Mamoswine|Earthquake|p1b: Archaludon|[spread] p1b
|-activate|p2a: Dondozo|move: Protect
|-supereffective|p1b: Archaludon
|-damage|p1b: Archaludon|38/100
|move|p1b: Archaludon|Draco Meteor|p2b: Mamoswine
|-damage|p2b: Mamoswine|0 fnt
|-unboost|p1b: Archaludon|spa|2
|faint|p2b: Mamoswine
|
|-weather|RainDance|[upkeep]
|-heal|p2a: Dondozo|100/100|[from] item: Leftovers
|upkeep
|
|t:|1757831566
|switch|p2b: Tatsugiri|Tatsugiri, L50, M|100/100
|-activate|p2b: Tatsugiri|ability: Commander|[of] p2a: Dondozo
|-boost|p2a: Dondozo|atk|2
|-boost|p2a: Dondozo|spa|2
|-boost|p2a: Dondozo|spe|2
|-boost|p2a: Dondozo|def|2
|-boost|p2a: Dondozo|spd|2
|turn|6
|
|t:|1757831570
|move|p1b: Archaludon|Draco Meteor|p2a: Dondozo
|-damage|p2a: Dondozo|74/100
|-unboost|p1b: Archaludon|spa|2
|move|p2a: Dondozo|Earthquake|p1b: Archaludon|[spread] p1b
|-miss|p2a: Dondozo|p2b: Tatsugiri
|-supereffective|p1b: Archaludon
|-damage|p1b: Archaludon|0 fnt
|faint|p1b: Archaludon
|
|win|SlipperyDanger
||SlipperyDanger is ready for game 2.
||Giraldo567 is ready for game 2.
|uhtml|next|Next: Game 2 of 3
|l|☆SlipperyDanger
|player|p2|
