|j|☆Qicide
|j|☆INT Shinji
|html|QicideINT Shinji    
|uhtml|bestof|Game 1 of a best-of-3
|t:|1757630718
|gametype|doubles
|player|p1|Qicide|red|1359
|player|p2|INT Shinji|hilbert|1304
|gen|9
|tier|[Gen 9] VGC 2025 Reg H (Bo3)
|rated|
|rule|Species Clause: Limit one of each Pokémon
|rule|Item Clause: Limit 1 of each item
|clearpoke
|poke|p1|Porygon2, L50|
|poke|p1|Incineroar, L50, F|
|poke|p1|Ursaluna, L50, M|
|poke|p1|Jumpluff, L50, M|
|poke|p1|Charizard, L50, M|
|poke|p1|Torkoal, L50, F|
|poke|p2|Archaludon, L50, M|
|poke|p2|Maushold, L50|
|poke|p2|Annihilape, L50, M|
|poke|p2|Ursaluna, L50, M|
|poke|p2|Pelipper, L50, F|
|poke|p2|Sinistcha-Masterpiece, L50|
|teampreview|4
|showteam|p1|Porygon2||Eviolite|Download|TeraBlast,IceBeam,TrickRoom,Recover||||||50|,,,,,Fighting]Incineroar||SitrusBerry|Intimidate|FakeOut,KnockOff,FlareBlitz,PartingShot|||F|||50|,,,,,Ghost]Ursaluna||FlameOrb|Guts|HeadlongRush,Facade,Earthquake,Protect|||M|||50|,,,,,Ghost]Jumpluff||CovertCloak|Chlorophyll|RagePowder,SunnyDay,Tailwind,SleepPowder|||M|||50|,,,,,Water]Charizard||ChoiceSpecs|SolarPower|HeatWave,Overheat,WeatherBall,SolarBeam|||M|||50|,,,,,Ghost]Torkoal||EjectPack|Drought|Overheat,Eruption,HelpingHand,Protect|||F|||50|,,,,,Fire
|showteam|p2|Archaludon||AssaultVest|Stamina|ElectroShot,DracoMeteor,FlashCannon,BodyPress|||M|||50|,,,,,Bug]Maushold||WideLens|Technician|PopulationBomb,Protect,BeatUp,Taunt||||||50|,,,,,Grass]Annihilape||SafetyGoggles|Defiant|CloseCombat,Taunt,RageFist,FinalGambit|||M|||50|,,,,,Fire]Ursaluna||FlameOrb|Guts|Facade,HeadlongRush,Earthquake,Protect|||M|||50|,,,,,Ghost]Pelipper||FocusSash|Drizzle|MuddyWater,Hurricane,Tailwind,Protect|||F|||50|,,,,,Ghost]Sinistcha-Masterpiece||SitrusBerry|Hospitality|MatchaGotcha,LifeDew,RagePowder,TrickRoom||||||50|,,,,,Steel
|inactive|Battle timer is ON: inactive players will automatically lose when time's up. (requested by Qicide)
|
|t:|1757630746
|teamsize|p1|4
|teamsize|p2|4
|start
|switch|p1a: Jumpluff|Jumpluff, L50, M|100/100
|switch|p1b: Charizard|Charizard, L50, M, shiny|100/100
|switch|p2a: Maushold|Maushold, L50|100/100
|switch|p2b: Annihilape|Annihilape, L50, M|100/100
|turn|1
|
|t:|1757630765
|switch|p1a: Torkoal|Torkoal, L50, F|100/100
|-weather|SunnyDay|[from] ability: Drought|[of] p1a: Torkoal
|switch|p2b: Pelipper|Pelipper, L50, F|100/100
|-weather|RainDance|[from] ability: Drizzle|[of] p2b: Pelipper
|-terastallize|p2a: Maushold|Grass
|move|p2a: Maushold|Population Bomb|p1a: Torkoal
|-damage|p1a: Torkoal|91/100
|-damage|p1a: Torkoal|83/100
|-crit|p1a: Torkoal
|-damage|p1a: Torkoal|69/100
|-damage|p1a: Torkoal|59/100
|-damage|p1a: Torkoal|50/100
|-damage|p1a: Torkoal|42/100
|-damage|p1a: Torkoal|33/100
|-damage|p1a: Torkoal|24/100
|-crit|p1a: Torkoal
|-damage|p1a: Torkoal|12/100
|-damage|p1a: Torkoal|3/100
|-hitcount|p1a: Torkoal|10
|move|p1b: Charizard|Heat Wave|p2a: Maushold|[spread] p2a,p2b
|-supereffective|p2a: Maushold
|-resisted|p2b: Pelipper
|-damage|p2a: Maushold|32/100
|-damage|p2b: Pelipper|81/100
|
|-weather|RainDance|[upkeep]
|upkeep
|turn|2
|inactive|INT Shinji has 30 seconds left.
|
|t:|1757630795
|switch|p2a: Archaludon|Archaludon, L50, M|100/100
|switch|p1a: Jumpluff|Jumpluff, L50, M|100/100
|move|p1b: Charizard|Heat Wave|p2b: Pelipper|[spread] p2a,p2b
|-resisted|p2b: Pelipper
|-damage|p2a: Archaludon|83/100
|-damage|p2b: Pelipper|61/100
|-status|p2a: Archaludon|brn
|-ability|p2a: Archaludon|Stamina|boost
|-boost|p2a: Archaludon|def|1
|move|p2b: Pelipper|Muddy Water|p1a: Jumpluff|[spread] p1a,p1b
|-resisted|p1a: Jumpluff
|-supereffective|p1b: Charizard
|-damage|p1a: Jumpluff|80/100
|-damage|p1b: Charizard|0 fnt
|faint|p1b: Charizard
|
|-weather|RainDance|[upkeep]
|-damage|p2a: Archaludon|77/100 brn|[from] brn
|upkeep
|
|t:|1757630808
|switch|p1b: Torkoal|Torkoal, L50, F|3/100
|-weather|SunnyDay|[from] ability: Drought|[of] p1b: Torkoal
|turn|3
|
|t:|1757630819
|switch|p2b: Annihilape|Annihilape, L50, M|100/100
|-terastallize|p1a: Jumpluff|Water
|move|p1a: Jumpluff|Sleep Powder|p2b: Annihilape
|-activate|p2b: Annihilape|item: Safety Goggles|Sleep Powder
|move|p2a: Archaludon|Body Press|p1b: Torkoal
|-damage|p1b: Torkoal|0 fnt
|faint|p1b: Torkoal
|
|-weather|SunnyDay|[upkeep]
|-damage|p2a: Archaludon|71/100 brn|[from] brn
|upkeep
|
|t:|1757630827
|switch|p1b: Ursaluna|Ursaluna, L50, M|100/100
|turn|4
|
|t:|1757630848
|move|p1a: Jumpluff|Tailwind|p1a: Jumpluff
|-sidestart|p1: Qicide|move: Tailwind
|move|p1b: Ursaluna|Earthquake|p2a: Archaludon|[spread] p1a,p2a,p2b
|-supereffective|p2a: Archaludon
|-damage|p1a: Jumpluff|25/100
|-damage|p2a: Archaludon|27/100 brn
|-damage|p2b: Annihilape|51/100
|-ability|p2a: Archaludon|Stamina|boost
|-boost|p2a: Archaludon|def|1
|move|p2b: Annihilape|Taunt|p1a: Jumpluff
|-start|p1a: Jumpluff|move: Taunt
|move|p2a: Archaludon|Body Press|p1b: Ursaluna
|-supereffective|p1b: Ursaluna
|-damage|p1b: Ursaluna|63/100
|
|-weather|SunnyDay|[upkeep]
|-damage|p2a: Archaludon|21/100 brn|[from] brn
|-status|p1b: Ursaluna|brn|[from] item: Flame Orb
|upkeep
|turn|5
|
|t:|1757630859
|switch|p2b: Pelipper|Pelipper, L50, F|61/100
|-weather|RainDance|[from] ability: Drizzle|[of] p2b: Pelipper
|-activate|p1a: Jumpluff|move: Struggle
|move|p1a: Jumpluff|Struggle|p2b: Pelipper
|-damage|p2b: Pelipper|54/100
|-damage|p1a: Jumpluff|0 fnt|[from] recoil
|faint|p1a: Jumpluff
|move|p1b: Ursaluna|Headlong Rush|p2b: Pelipper
|-immune|p2b: Pelipper
|move|p2a: Archaludon|Body Press|p1b: Ursaluna
|-supereffective|p1b: Ursaluna
|-damage|p1b: Ursaluna|29/100 brn
|
|-weather|RainDance|[upkeep]
|-damage|p1b: Ursaluna|23/100 brn|[from] brn
|-damage|p2a: Archaludon|15/100 brn|[from] brn
|upkeep
|turn|6
|
|t:|1757630876
|move|p2b: Pelipper|Protect|p2b: Pelipper
|-singleturn|p2b: Pelipper|Protect
|move|p1b: Ursaluna|Facade|p2b: Pelipper
|-activate|p2b: Pelipper|move: Protect
|move|p2a: Archaludon|Draco Meteor|p1b: Ursaluna
|-damage|p1b: Ursaluna|0 fnt
|-unboost|p2a: Archaludon|spa|2
|faint|p1b: Ursaluna
|
|win|INT Shinji
