|j|☆Jun RH
|j|☆D-scNSe
|html|Jun RHD-scNSe    
|uhtml|bestof|Game 1 of a best-of-3
|t:|1756992770
|gametype|doubles
|player|p1|Jun RH|burglar|
|player|p2|D-scNSe|102|
|gen|9
|tier|[Gen 9] VGC 2025 Reg H (Bo3)
|rule|Species Clause: Limit one of each Pokémon
|rule|Item Clause: Limit 1 of each item
|clearpoke
|poke|p1|Gholdengo, L50|
|poke|p1|Incineroar, L50, F|
|poke|p1|Amoonguss, L50, M|
|poke|p1|Dragonite, L50, M|
|poke|p1|Garchomp, L50, F|
|poke|p1|Primarina, L50, F|
|poke|p2|Weezing-Galar, L50, M|
|poke|p2|Garchomp, L50, F|
|poke|p2|Archaludon, L50, M|
|poke|p2|Talonflame, L50, F|
|poke|p2|Gholdengo, L50|
|poke|p2|Annihilape, L50, M|
|teampreview|4
|showteam|p1|Gholdengo||LifeOrb|GoodasGold|MakeItRain,ShadowBall,NastyPlot,Protect||||||50|,,,,,Water]Incineroar||SafetyGoggles|Intimidate|KnockOff,FlareBlitz,FakeOut,PartingShot|||F|||50|,,,,,Ghost]Amoonguss||CovertCloak|Regenerator|RagePowder,PollenPuff,Protect,Spore|||M|||50|,,,,,Dark]Dragonite||LoadedDice|Multiscale|ScaleShot,Tailwind,Protect,Haze|||M|||50|,,,,,Fairy]Garchomp||ClearAmulet|RoughSkin|DragonClaw,Earthquake,StompingTantrum,Protect|||F|||50|,,,,,Fire]Primarina||AssaultVest|LiquidVoice|HyperVoice,Moonblast,IcyWind,DazzlingGleam|||F|||50|,,,,,Grass
|showteam|p2|Weezing-Galar||FocusSash|NeutralizingGas|Protect,Taunt,SludgeBomb,StrangeSteam|||M|||50|,,,,,Flying]Garchomp||LifeOrb|RoughSkin|Protect,DragonClaw,Earthquake,StompingTantrum|||F|||50|,,,,,Ground]Archaludon||PowerHerb|Sturdy|Protect,ElectroShot,Thunderbolt,DracoMeteor|||M|||50|,,,,,Electric]Talonflame||CovertCloak|GaleWings|Tailwind,DualWingbeat,WillOWisp,FlareBlitz|||F|||50|,,,,,Stellar]Gholdengo||ChoiceSpecs|GoodasGold|ShadowBall,DazzlingGleam,PowerGem,MakeItRain||||||50|,,,,,Fairy]Annihilape||AssaultVest|Defiant|CloseCombat,RageFist,FinalGambit,IcePunch|||M|||50|,,,,,Grass
|
|t:|1756992844
|teamsize|p1|4
|teamsize|p2|4
|start
|switch|p1a: Incineroar|Incineroar, L50, F|100/100
|switch|p1b: Primarina|Primarina, L50, F|100/100
|switch|p2a: Archaludon|Archaludon, L50, M|100/100
|switch|p2b: Talonflame|Talonflame, L50, F|100/100
|-ability|p1a: Incineroar|Intimidate|boost
|-unboost|p2a: Archaludon|atk|1
|-unboost|p2b: Talonflame|atk|1
|turn|1
|
|t:|1756992875
|switch|p2b: Weezing|Weezing-Galar, L50, M|100/100
|-ability|p2b: Weezing|Neutralizing Gas
|move|p2a: Archaludon|Protect|p2a: Archaludon
|-singleturn|p2a: Archaludon|Protect
|move|p1a: Incineroar|Fake Out|p2a: Archaludon
|-activate|p2a: Archaludon|move: Protect
|move|p1b: Primarina|Hyper Voice|p2b: Weezing|[spread] p2b
|-activate|p2a: Archaludon|move: Protect
|-damage|p2b: Weezing|61/100
|
|upkeep
|turn|2
|
|t:|1756992915
|switch|p1b: Amoonguss|Amoonguss, L50, M|100/100
|-terastallize|p2a: Archaludon|Electric
|move|p2a: Archaludon|Electro Shot||[still]
|-prepare|p2a: Archaludon|Electro Shot
|-boost|p2a: Archaludon|spa|1
|-enditem|p2a: Archaludon|Power Herb
|-anim|p2a: Archaludon|Electro Shot|p1b: Amoonguss
|-resisted|p1b: Amoonguss
|-damage|p1b: Amoonguss|58/100
|move|p1a: Incineroar|Knock Off|p2a: Archaludon
|-damage|p2a: Archaludon|81/100
|move|p2b: Weezing|Taunt|p1a: Incineroar
|-start|p1a: Incineroar|move: Taunt
|
|upkeep
|turn|3
|
|t:|1756992965
|switch|p1b: Garchomp|Garchomp, L50, F|100/100
|move|p2a: Archaludon|Thunderbolt|p1a: Incineroar
|-damage|p1a: Incineroar|39/100
|move|p1a: Incineroar|Flare Blitz|p2a: Archaludon
|-damage|p2a: Archaludon|39/100
|-damage|p1a: Incineroar|28/100|[from] Recoil
|move|p2b: Weezing|Taunt|p1b: Garchomp
|-start|p1b: Garchomp|move: Taunt
|
|upkeep
|turn|4
|
|t:|1756993007
|-end|p2b: Weezing|ability: Neutralizing Gas
|-ability|p1a: Incineroar|Intimidate|boost
|-unboost|p2a: Archaludon|atk|1
|-unboost|p2b: Weezing|atk|1
|switch|p2b: Talonflame|Talonflame, L50, F|100/100
|move|p2a: Archaludon|Protect|p2a: Archaludon
|-singleturn|p2a: Archaludon|Protect
|move|p1b: Garchomp|Dragon Claw|p2b: Talonflame
|-damage|p2b: Talonflame|40/100
|move|p1a: Incineroar|Knock Off|p2b: Talonflame
|-damage|p2b: Talonflame|0 fnt
|-enditem|p2b: Talonflame|Covert Cloak|[from] move: Knock Off|[of] p1a: Incineroar
|faint|p2b: Talonflame
|
|upkeep
|
|t:|1756993018
|switch|p2b: Garchomp|Garchomp, L50, F|100/100
|turn|5
|
|t:|1756993055
|switch|p1a: Amoonguss|Amoonguss, L50, M|58/100
|-terastallize|p1b: Garchomp|Fire
|move|p2a: Archaludon|Protect||[still]
|-fail|p2a: Archaludon
|move|p1b: Garchomp|Stomping Tantrum|p2a: Archaludon
|-supereffective|p2a: Archaludon
|-damage|p2a: Archaludon|0 fnt
|faint|p2a: Archaludon
|move|p2b: Garchomp|Earthquake|p1b: Garchomp|[spread] p1a,p1b
|-supereffective|p1b: Garchomp
|-damage|p1a: Amoonguss|18/100
|-damage|p1b: Garchomp|5/100
|-damage|p2b: Garchomp|91/100|[from] item: Life Orb
|
|-end|p1b: Garchomp|move: Taunt
|upkeep
|
|t:|1756993066
|switch|p2a: Weezing|Weezing-Galar, L50, M|61/100
|-ability|p2a: Weezing|Neutralizing Gas
|turn|6
|
|t:|1756993095
|switch|p1a: Incineroar|Incineroar, L50, F|28/100
|move|p1b: Garchomp|Protect|p1b: Garchomp
|-singleturn|p1b: Garchomp|Protect
|move|p2a: Weezing|Protect|p2a: Weezing
|-singleturn|p2a: Weezing|Protect
|move|p2b: Garchomp|Earthquake|p1b: Garchomp|[spread] p1a
|-activate|p2a: Weezing|move: Protect
|-activate|p1b: Garchomp|move: Protect
|-supereffective|p1a: Incineroar
|-damage|p1a: Incineroar|0 fnt
|faint|p1a: Incineroar
|-damage|p2b: Garchomp|81/100|[from] item: Life Orb
|
|upkeep
|
|t:|1756993120
|switch|p1a: Primarina|Primarina, L50, F|100/100
|turn|7
|
|t:|1756993143
|move|p2b: Garchomp|Dragon Claw|p1b: Garchomp
|-damage|p1b: Garchomp|0 fnt
|faint|p1b: Garchomp
|-damage|p2b: Garchomp|71/100|[from] item: Life Orb
|move|p2a: Weezing|Sludge Bomb|p1a: Primarina
|-supereffective|p1a: Primarina
|-damage|p1a: Primarina|60/100
|move|p1a: Primarina|Dazzling Gleam|p2a: Weezing|[spread] p2a,p2b
|-resisted|p2a: Weezing
|-supereffective|p2b: Garchomp
|-damage|p2a: Weezing|35/100
|-damage|p2b: Garchomp|6/100
|
|upkeep
|
|t:|1756993157
|switch|p1b: Amoonguss|Amoonguss, L50, M|18/100
|turn|8
|
|t:|1756993180
|move|p2a: Weezing|Protect|p2a: Weezing
|-singleturn|p2a: Weezing|Protect
|move|p1b: Amoonguss|Rage Powder|p1b: Amoonguss
|-singleturn|p1b: Amoonguss|move: Rage Powder
|move|p2b: Garchomp|Earthquake|p1a: Primarina|[spread] p1a,p1b
|-activate|p2a: Weezing|move: Protect
|-crit|p1b: Amoonguss
|-damage|p1a: Primarina|0 fnt
|-damage|p1b: Amoonguss|0 fnt
|faint|p1a: Primarina
|faint|p1b: Amoonguss
|-damage|p2b: Garchomp|0 fnt|[from] item: Life Orb
|faint|p2b: Garchomp
|
|win|D-scNSe
||D-scNSe is ready for game 2.
|inactive|Jun RH has 30 seconds to confirm battle start!
