|j|☆myshirtisdirty
|j|☆I am the Sweeper
|html|myshirtisdirtyI am the Sweeper    
|uhtml|bestof|Game 1 of a best-of-3
|t:|1756950553
|gametype|doubles
|player|p1|myshirtisdirty|1|1083
|player|p2|I am the Sweeper|janitor|1064
|gen|9
|tier|[Gen 9] VGC 2025 Reg H (Bo3)
|rated|
|rule|Species Clause: Limit one of each Pokémon
|rule|Item Clause: Limit 1 of each item
|clearpoke
|poke|p1|Sneasler, L50, F|
|poke|p1|Incineroar, L50, F|
|poke|p1|Ninetales-Alola, L50, M|
|poke|p1|Garchomp, L50, F|
|poke|p1|Indeedee, L50, M|
|poke|p1|Gastrodon, L50, M|
|poke|p2|Annihilape, L50, F|
|poke|p2|Archaludon, L50, F|
|poke|p2|Pelipper, L50, M|
|poke|p2|Maushold-Four, L50|
|poke|p2|Sinistcha, L50|
|poke|p2|Grimmsnarl, L50, M|
|teampreview|4
|showteam|p1|Sneasler||PsychicSeed|Unburden|Protect,CloseCombat,DireClaw,RockSlide|||F|||50|,,,,,Grass]Incineroar||SitrusBerry|Intimidate|FakeOut,FlareBlitz,KnockOff,PartingShot|||F|||50|,,,,,Ghost]Ninetales-Alola||NeverMeltIce|SnowWarning|AuroraVeil,FreezeDry,Blizzard,Protect|||M|||50|,,,,,Fire]Garchomp||LifeOrb|RoughSkin|DragonClaw,ShadowClaw,StompingTantrum,Protect|||F|||50|,,,,,Fairy]Indeedee||FocusSash|PsychicSurge|ExpandingForce,TrickRoom,DazzlingGleam,Protect|||M|||50|,,,,,Fairy]Gastrodon||Leftovers|StormDrain|ClearSmog,EarthPower,MuddyWater,Protect|||M|||50|,,,,,Fire
|showteam|p2|Annihilape||Leftovers|Defiant|RageFist,DrainPunch,BulkUp,Protect|||F|||50|,,,,,Fire]Archaludon||AssaultVest|Stamina|ElectroShot,DragonPulse,Snarl,BodyPress|||F|||50|,,,,,Bug]Pelipper||LifeOrb|Drizzle|Tailwind,Hurricane,WeatherBall,Protect|||M|||50|,,,,,Stellar]Maushold-Four||SafetyGoggles|FriendGuard|SuperFang,FollowMe,BeatUp,Protect||||||50|,,,,,Ghost]Sinistcha||SitrusBerry|Hospitality|LifeDew,TrickRoom,StrengthSap,MatchaGotcha||||||50|,,,,,Water]Grimmsnarl||LightClay|Prankster|ThunderWave,LightScreen,Reflect,SpiritBreak|||M|||50|,,,,,Ghost
|j| teamthief420
|l| teamthief420
|inactive|Battle timer is ON: inactive players will automatically lose when time's up. (requested by myshirtisdirty)
|inactive|I am the Sweeper has 60 seconds left.
|
|t:|1756950654
|teamsize|p1|4
|teamsize|p2|4
|start
|switch|p1a: Sneasler|Sneasler, L50, F|100/100
|switch|p1b: Indeedee|Indeedee, L50, M, shiny|100/100
|switch|p2a: Grimmsnarl|Grimmsnarl, L50, M|100/100
|switch|p2b: Pelipper|Pelipper, L50, M|100/100
|-fieldstart|move: Psychic Terrain|[from] ability: Psychic Surge|[of] p1b: Indeedee
|-enditem|p1a: Sneasler|Psychic Seed
|-boost|p1a: Sneasler|spd|1|[from] item: Psychic Seed
|-weather|RainDance|[from] ability: Drizzle|[of] p2b: Pelipper
|turn|1
|inactive|I am the Sweeper has 30 seconds left.
|inactive|I am the Sweeper has 20 seconds left.
|inactive|I am the Sweeper has 15 seconds left.
|inactive|I am the Sweeper has 10 seconds left.
|inactive|I am the Sweeper has 5 seconds left.
|
|t:|1756950706
|move|p2a: Grimmsnarl|Thunder Wave|p1b: Indeedee
|-activate|p1b: Indeedee|move: Psychic Terrain
|move|p1a: Sneasler|Dire Claw|p2a: Grimmsnarl
|-supereffective|p2a: Grimmsnarl
|-damage|p2a: Grimmsnarl|10/100
|move|p1b: Indeedee|Expanding Force|p2b: Pelipper|[spread] p2b
|-immune|p2a: Grimmsnarl
|-damage|p2b: Pelipper|10/100
|move|p2b: Pelipper|Hurricane|p1a: Sneasler
|-supereffective|p1a: Sneasler
|-damage|p1a: Sneasler|0 fnt
|faint|p1a: Sneasler
|-damage|p2b: Pelipper|0 fnt|[from] item: Life Orb
|faint|p2b: Pelipper
|
|-weather|RainDance|[upkeep]
|upkeep
|inactive|myshirtisdirty has 30 seconds left.
|inactive|I am the Sweeper has 30 seconds left.
|
|t:|1756950736
|switch|p1a: Ninetales|Ninetales-Alola, L50, M|100/100
|switch|p2b: Archaludon|Archaludon, L50, F|100/100
|-weather|Snowscape|[from] ability: Snow Warning|[of] p1a: Ninetales
|turn|2
|inactive|myshirtisdirty has 30 seconds left.
|inactive|I am the Sweeper has 30 seconds left.
|
|t:|1756950771
|move|p2a: Grimmsnarl|Light Screen|p2a: Grimmsnarl
|-sidestart|p2: I am the Sweeper|move: Light Screen
|move|p1a: Ninetales|Blizzard|p2b: Archaludon|[spread] p2a,p2b
|-damage|p2a: Grimmsnarl|0 fnt
|-damage|p2b: Archaludon|84/100
|-ability|p2b: Archaludon|Stamina|boost
|-boost|p2b: Archaludon|def|1
|faint|p2a: Grimmsnarl
|move|p1b: Indeedee|Expanding Force|p2b: Archaludon
|-resisted|p2b: Archaludon
|-crit|p2b: Archaludon
|-damage|p2b: Archaludon|47/100
|-ability|p2b: Archaludon|Stamina|boost
|-boost|p2b: Archaludon|def|1
|move|p2b: Archaludon|Snarl|p1a: Ninetales|[spread] p1a,p1b
|-resisted|p1a: Ninetales
|-supereffective|p1b: Indeedee
|-damage|p1a: Ninetales|92/100
|-damage|p1b: Indeedee|65/100
|-unboost|p1a: Ninetales|spa|1
|-unboost|p1b: Indeedee|spa|1
|
|-weather|Snowscape|[upkeep]
|upkeep
|
|t:|1756950789
|switch|p2a: Sinistcha|Sinistcha, L50|100/100
|-heal|p2b: Archaludon|72/100|[from] ability: Hospitality|[of] p2a: Sinistcha
|turn|3
|inactive|I am the Sweeper has 30 seconds left.
|
|t:|1756950816
|move|p1a: Ninetales|Blizzard|p2b: Archaludon|[spread] p2a,p2b
|-supereffective|p2a: Sinistcha
|-damage|p2a: Sinistcha|71/100
|-damage|p2b: Archaludon|60/100
|-ability|p2b: Archaludon|Stamina|boost
|-boost|p2b: Archaludon|def|1
|move|p1b: Indeedee|Expanding Force|p2b: Archaludon|[spread] p2a,p2b
|-resisted|p2b: Archaludon
|-damage|p2a: Sinistcha|52/100
|-damage|p2b: Archaludon|52/100
|-ability|p2b: Archaludon|Stamina|boost
|-boost|p2b: Archaludon|def|1
|move|p2b: Archaludon|Snarl|p1a: Ninetales|[spread] p1a,p1b
|-resisted|p1a: Ninetales
|-supereffective|p1b: Indeedee
|-damage|p1a: Ninetales|85/100
|-damage|p1b: Indeedee|30/100
|-unboost|p1a: Ninetales|spa|1
|-unboost|p1b: Indeedee|spa|1
|move|p2a: Sinistcha|Trick Room|p2a: Sinistcha
|-fieldstart|move: Trick Room|[of] p2a: Sinistcha
|
|-weather|Snowscape|[upkeep]
|upkeep
|turn|4
|
|t:|1756950841
|switch|p1b: Gastrodon|Gastrodon, L50, M|100/100
|move|p2a: Sinistcha|Life Dew|p2a: Sinistcha|[spread] p2a,p2b
|-heal|p2a: Sinistcha|77/100
|-heal|p2b: Archaludon|77/100
|move|p2b: Archaludon|Snarl|p1b: Gastrodon|[spread] p1a,p1b
|-resisted|p1a: Ninetales
|-damage|p1a: Ninetales|78/100
|-damage|p1b: Gastrodon|87/100
|-unboost|p1a: Ninetales|spa|1
|-unboost|p1b: Gastrodon|spa|1
|move|p1a: Ninetales|Aurora Veil|p1a: Ninetales
|-sidestart|p1: myshirtisdirty|move: Aurora Veil
|
|-weather|Snowscape|[upkeep]
|-heal|p1b: Gastrodon|93/100|[from] item: Leftovers
|upkeep
|turn|5
|inactive|I am the Sweeper has 30 seconds left.
|inactive|I am the Sweeper has 20 seconds left.
|inactive|I am the Sweeper has 15 seconds left.
|inactive|I am the Sweeper has 10 seconds left.
|inactive|I am the Sweeper has 5 seconds left.
|
|t:|1756950894
|switch|p1a: Indeedee|Indeedee, L50, M, shiny|30/100
|move|p1b: Gastrodon|Earth Power|p2b: Archaludon
|-supereffective|p2b: Archaludon
|-damage|p2b: Archaludon|58/100
|-ability|p2b: Archaludon|Stamina|boost
|-boost|p2b: Archaludon|def|1
|move|p2a: Sinistcha|Matcha Gotcha|p1b: Gastrodon|[spread] p1a,p1b
|-supereffective|p1b: Gastrodon
|-damage|p1a: Indeedee|6/100
|-heal|p2a: Sinistcha|86/100|[from] drain|[of] p1a: Indeedee
|-damage|p1b: Gastrodon|25/100
|-heal|p2a: Sinistcha|100/100|[from] drain|[of] p1b: Gastrodon
|move|p2b: Archaludon|Snarl|p1b: Gastrodon|[spread] p1a,p1b
|-supereffective|p1a: Indeedee
|-damage|p1a: Indeedee|0 fnt
|-damage|p1b: Gastrodon|17/100
|-unboost|p1b: Gastrodon|spa|1
|faint|p1a: Indeedee
|
|-weather|Snowscape|[upkeep]
|-heal|p1b: Gastrodon|23/100|[from] item: Leftovers
|-fieldend|move: Psychic Terrain
|upkeep
|
|t:|1756950916
|switch|p1a: Ninetales|Ninetales-Alola, L50, M|78/100
|turn|6
|
|t:|1756950932
|move|p1a: Ninetales|Protect|p1a: Ninetales
|-singleturn|p1a: Ninetales|Protect
|move|p1b: Gastrodon|Earth Power|p2b: Archaludon
|-supereffective|p2b: Archaludon
|-damage|p2b: Archaludon|44/100
|-ability|p2b: Archaludon|Stamina|boost
|-boost|p2b: Archaludon|def|1
|move|p2a: Sinistcha|Matcha Gotcha|p1a: Ninetales|[spread] p1b
|-activate|p1a: Ninetales|move: Protect
|-supereffective|p1b: Gastrodon
|-damage|p1b: Gastrodon|0 fnt
|faint|p1b: Gastrodon
|move|p2b: Archaludon|Body Press|p1a: Ninetales
|-activate|p1a: Ninetales|move: Protect
|
|-weather|none
|upkeep
|turn|7
|inactive|myshirtisdirty has 30 seconds left.
|
|t:|1756950964
|move|p2a: Sinistcha|Life Dew||[still]|[spread] p2a,p2b
|-fail|p2a: Sinistcha|heal
|-heal|p2b: Archaludon|69/100
|move|p2b: Archaludon|Body Press|p1a: Ninetales
|-damage|p1a: Ninetales|0 fnt
|faint|p1a: Ninetales
|
|win|I am the Sweeper
||myshirtisdirty is ready for game 2.
|inactive|I am the Sweeper has 30 seconds to confirm battle start!
||I am the Sweeper is ready for game 2.
|uhtml|next|Next: Game 2 of 3
|l|☆myshirtisdirty
|player|p1|
