|j|☆BoloinaBox
|j|☆Rexolboy
|html|BoloinaBoxRexolboy    
|uhtml|bestof|Game 1 of a best-of-3
|t:|1756547005
|gametype|doubles
|player|p1|BoloinaBox|2|1185
|player|p2|Rexolboy|266|1079
|gen|9
|tier|[Gen 9] VGC 2025 Reg H (Bo3)
|rated|
|rule|Species Clause: Limit one of each Pokémon
|rule|Item Clause: Limit 1 of each item
|clearpoke
|poke|p1|Ceruledge, L50, F|
|poke|p1|Sneasler, L50, F|
|poke|p1|Whimsicott, L50, M|
|poke|p1|Gastrodon, L50, M|
|poke|p1|Dragonite, L50, F|
|poke|p1|Kingambit, L50, F|
|poke|p2|Archaludon, L50, F|
|poke|p2|Incineroar, L50, M|
|poke|p2|Whimsicott, L50, F|
|poke|p2|Ursaluna, L50, F|
|poke|p2|Indeedee-F, L50, F|
|poke|p2|Armarouge, L50, M|
|teampreview|4
|showteam|p1|Ceruledge||ClearAmulet|FlashFire|BitterBlade,Poltergeist,BulkUp,Protect|||F|||50|,,,,,Ghost]Sneasler||GrassySeed|Unburden|CloseCombat,DireClaw,Coaching,FakeOut|||F|||50|,,,,,Ghost]Whimsicott||FocusSash|Prankster|Moonblast,LightScreen,Tailwind,SunnyDay|||M|||50|,,,,,Ghost]Gastrodon||SitrusBerry|StormDrain|IceBeam,EarthPower,Yawn,Protect|||M|||50|,,,,,Fairy]Dragonite||LoadedDice|Multiscale|ScaleShot,Haze,Tailwind,Protect|||F|||50|,,,,,Dragon]Kingambit||AssaultVest|Defiant|SuckerPunch,KowtowCleave,IronHead,LowKick|||F|||50|,,,,,Dark
|showteam|p2|Archaludon||PowerHerb|Stalwart|ElectroShot,FlashCannon,DragonPulse,Protect|||F|||50|,,,,,Electric]Incineroar||SitrusBerry|Intimidate|FlareBlitz,KnockOff,FakeOut,PartingShot|||M|||50|,,,,,Ghost]Whimsicott||CovertCloak|Prankster|Moonblast,Encore,LightScreen,Tailwind|||F|||50|,,,,,Water]Ursaluna||FlameOrb|Guts|Facade,RainDance,HeadlongRush,Protect|||F|||50|,,,,,Ghost]Indeedee-F||SafetyGoggles|PsychicSurge|DazzlingGleam,HelpingHand,FollowMe,TrickRoom|||F|||50|,,,,,Fairy]Armarouge||LifeOrb|FlashFire|ExpandingForce,ArmorCannon,EnergyBall,Protect|||M|||50|,,,,,Stellar
|inactive|Battle timer is ON: inactive players will automatically lose when time's up. (requested by BoloinaBox)
|inactive|BoloinaBox has 60 seconds left.
|inactive|Rexolboy has 60 seconds left.
|inactive|BoloinaBox has 30 seconds left.
|
|t:|1756547066
|teamsize|p1|4
|teamsize|p2|4
|start
|switch|p1a: Sneasler|Sneasler, L50, F|100/100
|switch|p1b: Kingambit|Kingambit, L50, F|100/100
|switch|p2a: Indeedee|Indeedee-F, L50, F|100/100
|switch|p2b: Archaludon|Archaludon, L50, F|100/100
|-fieldstart|move: Psychic Terrain|[from] ability: Psychic Surge|[of] p2a: Indeedee
|turn|1
|inactive|Rexolboy has 30 seconds left.
|inactive|Rexolboy has 20 seconds left.
|inactive|Rexolboy has 15 seconds left.
|inactive|Rexolboy has 10 seconds left.
|
|t:|1756547111
|-terastallize|p2a: Indeedee|Fairy
|move|p1a: Sneasler|Coaching|p1b: Kingambit
|-boost|p1b: Kingambit|atk|1
|-boost|p1b: Kingambit|def|1
|move|p2b: Archaludon|Electro Shot||[still]
|-prepare|p2b: Archaludon|Electro Shot
|-boost|p2b: Archaludon|spa|1
|-enditem|p2b: Archaludon|Power Herb
|-anim|p2b: Archaludon|Electro Shot|p1a: Sneasler
|-crit|p1a: Sneasler
|-damage|p1a: Sneasler|0 fnt
|faint|p1a: Sneasler
|move|p1b: Kingambit|Low Kick|p2b: Archaludon
|-supereffective|p2b: Archaludon
|-damage|p2b: Archaludon|38/100
|move|p2a: Indeedee|Trick Room|p2a: Indeedee
|-fieldstart|move: Trick Room|[of] p2a: Indeedee
|
|upkeep
|inactive|BoloinaBox has 30 seconds left.
|
|t:|1756547145
|switch|p1a: Ceruledge|Ceruledge, L50, F|100/100
|turn|2
|
|t:|1756547163
|switch|p2b: Ursaluna|Ursaluna, L50, F|100/100
|move|p2a: Indeedee|Follow Me|p2a: Indeedee
|-singleturn|p2a: Indeedee|move: Follow Me
|move|p1b: Kingambit|Iron Head|p2a: Indeedee
|-supereffective|p2a: Indeedee
|-damage|p2a: Indeedee|0 fnt
|faint|p2a: Indeedee
|move|p1a: Ceruledge|Bulk Up|p1a: Ceruledge
|-boost|p1a: Ceruledge|atk|1
|-boost|p1a: Ceruledge|def|1
|
|-status|p2b: Ursaluna|brn|[from] item: Flame Orb
|upkeep
|
|t:|1756547172
|switch|p2a: Armarouge|Armarouge, L50, M|100/100
|turn|3
|inactive|BoloinaBox has 30 seconds left.
|inactive|BoloinaBox has 20 seconds left.
|inactive|BoloinaBox has 15 seconds left.
|inactive|BoloinaBox has 10 seconds left.
|
|t:|1756547218
|-terastallize|p1a: Ceruledge|Ghost
|move|p2a: Armarouge|Protect|p2a: Armarouge
|-singleturn|p2a: Armarouge|Protect
|move|p1b: Kingambit|Kowtow Cleave|p2b: Ursaluna
|-damage|p2b: Ursaluna|52/100 brn
|move|p2b: Ursaluna|Headlong Rush|p1b: Kingambit
|-supereffective|p1b: Kingambit
|-damage|p1b: Kingambit|0 fnt
|-unboost|p2b: Ursaluna|def|1
|-unboost|p2b: Ursaluna|spd|1
|faint|p1b: Kingambit
|move|p1a: Ceruledge|Poltergeist|p2a: Armarouge
|-activate|p2a: Armarouge|move: Protect
|
|-damage|p2b: Ursaluna|46/100 brn|[from] brn
|upkeep
|
|t:|1756547235
|switch|p1b: Whimsicott|Whimsicott, L50, M|100/100
|turn|4
|inactive|Rexolboy has 30 seconds left.
|inactive|Rexolboy has 20 seconds left.
|
|t:|1756547270
|move|p1a: Ceruledge|Protect|p1a: Ceruledge
|-singleturn|p1a: Ceruledge|Protect
|move|p2b: Ursaluna|Facade|p1b: Whimsicott
|-enditem|p1b: Whimsicott|Focus Sash
|-damage|p1b: Whimsicott|1/100
|move|p2a: Armarouge|Expanding Force|p1a: Ceruledge|[spread] p1b
|-activate|p1a: Ceruledge|move: Protect
|-damage|p1b: Whimsicott|0 fnt
|faint|p1b: Whimsicott
|-damage|p2a: Armarouge|91/100|[from] item: Life Orb
|
|-damage|p2b: Ursaluna|40/100 brn|[from] brn
|upkeep
|turn|5
|
|t:|1756547283
|move|p1a: Ceruledge|Protect|p1a: Ceruledge
|-singleturn|p1a: Ceruledge|Protect
|move|p2b: Ursaluna|Headlong Rush|p1a: Ceruledge
|-activate|p1a: Ceruledge|move: Protect
|move|p2a: Armarouge|Expanding Force|p1a: Ceruledge
|-activate|p1a: Ceruledge|move: Protect
|
|-damage|p2b: Ursaluna|34/100 brn|[from] brn
|-fieldend|move: Trick Room
|-fieldend|move: Psychic Terrain
|upkeep
|turn|6
|inactive|Rexolboy has 30 seconds left.
|
|t:|1756547311
|move|p1a: Ceruledge|Bitter Blade|p2b: Ursaluna
|-damage|p2b: Ursaluna|0 fnt
|faint|p2b: Ursaluna
|move|p2a: Armarouge|Expanding Force|p1a: Ceruledge
|-damage|p1a: Ceruledge|48/100
|-damage|p2a: Armarouge|81/100|[from] item: Life Orb
|
|upkeep
|
|t:|1756547313
|switch|p2b: Archaludon|Archaludon, L50, F|38/100
|turn|7
|
|t:|1756547326
|move|p2a: Armarouge|Protect|p2a: Armarouge
|-singleturn|p2a: Armarouge|Protect
|move|p2b: Archaludon|Dragon Pulse|p1a: Ceruledge
|-damage|p1a: Ceruledge|10/100
|move|p1a: Ceruledge|Poltergeist|p2a: Armarouge
|-activate|p2a: Armarouge|move: Protect
|
|upkeep
|turn|8
|
|t:|1756547335
|move|p1a: Ceruledge|Protect|p1a: Ceruledge
|-singleturn|p1a: Ceruledge|Protect
|move|p2b: Archaludon|Dragon Pulse|p1a: Ceruledge
|-activate|p1a: Ceruledge|move: Protect
|move|p2a: Armarouge|Expanding Force|p1a: Ceruledge
|-activate|p1a: Ceruledge|move: Protect
|
|upkeep
|turn|9
|
|t:|1756547340
|move|p2b: Archaludon|Dragon Pulse|p1a: Ceruledge
|-damage|p1a: Ceruledge|0 fnt
|faint|p1a: Ceruledge
|
|win|Rexolboy
||BoloinaBox is ready for game 2.
||Rexolboy is ready for game 2.
|uhtml|next|Next: Game 2 of 3
