|j|☆Welwitchia
|j|☆thedrq
|html|Welwitchiathedrq    
|uhtml|bestof|Game 1 of a best-of-3
|t:|1784204741
|gametype|doubles
|player|p1|Welwitchia|pokemonbreeder-gen4|1021
|player|p2|thedrq|169|1059
|gen|9
|tier|[Gen 9 Champions] VGC 2026 Reg M-B (Bo3)
|rated|
|rule|Species Clause: Limit one of each Pokémon
|rule|Item Clause: Limit 1 of each item
|clearpoke
|poke|p1|Banette, L50, F, shiny|
|poke|p1|Umbreon, L50, M|
|poke|p1|Blastoise, L50, F, shiny|
|poke|p1|Charizard, L50, M|
|poke|p1|Hatterene, L50, F, shiny|
|poke|p1|Venusaur, L50, M|
|poke|p2|Klefki, L50, F|
|poke|p2|Archaludon, L50, M|
|poke|p2|Garchomp, L50, M|
|poke|p2|Pelipper, L50, M|
|poke|p2|Swampert, L50, F|
|poke|p2|Charizard, L50, F|
|teampreview|4
|showteam|p1|Banette||Banettite|CursedBody|SkitterSmack,Disable,FoulPlay,DestinyBond|Careful||F|||50|]Umbreon||MentalHerb|InnerFocus|FoulPlay,Swagger,Toxic,Tickle|Calm||M|||50|]Blastoise||MysticWater|RainDish|MuddyWater,FakeOut,IceBeam,AquaJet|Quiet||F|||50|]Charizard||CharizarditeY|Blaze|AirSlash,SolarBeam,HeatWave,RockSlide|Hasty||M|||50|]Hatterene||BabiriBerry|MagicBounce|MagicPowder,TrickRoom,DazzlingGleam,LifeDew|Sassy||F|||50|]Venusaur||Leftovers|Chlorophyll|WorrySeed,SweetScent,SleepPowder,AcidSpray|Timid||M|||50|
|showteam|p2|Klefki||LightClay|Prankster|LightScreen,FoulPlay,ThunderWave,RainDance|Bold||F|||50|]Archaludon||Leftovers|Stamina|ElectroShot,DragonPulse,FlashCannon,Protect|Timid||M|||50|]Garchomp||ChoiceScarf|RoughSkin|DragonClaw,RockSlide,StompingTantrum,PoisonJab|Jolly||M|||50|]Pelipper||FocusSash|Drizzle|Hurricane,WeatherBall,Tailwind,WideGuard|Timid||M|||50|]Swampert||Swampertite|Torrent|WaveCrash,HighHorsepower,IceBeam,Protect|Lonely||F|||50|]Charizard||CharizarditeY|SolarPower|HeatWave,WeatherBall,SolarBeam,Protect|Timid||F|||50|
|inactive|Battle timer is ON: inactive players will automatically lose when time's up. (requested by thedrq)
|
|t:|1784204776
|teamsize|p1|4
|teamsize|p2|4
|start
|switch|p1a: Umbreon|Umbreon, L50, M|100/100
|switch|p1b: Blastoise|Blastoise, L50, F, shiny|100/100
|switch|p2a: Charizard|Charizard, L50, F|100/100
|switch|p2b: Garchomp|Garchomp, L50, M|100/100
|turn|1
|inactive|thedrq has 30 seconds left.
|
|t:|1784204801
|move|p2a: Charizard|Protect|p2a: Charizard
|-singleturn|p2a: Charizard|Protect
|move|p1b: Blastoise|Fake Out|p2a: Charizard
|-activate|p2a: Charizard|move: Protect
|move|p2b: Garchomp|Rock Slide|p1a: Umbreon|[spread] p1b
|-miss|p2b: Garchomp|p1a: Umbreon
|-damage|p1b: Blastoise|79/100
|move|p1a: Umbreon|Toxic|p2b: Garchomp
|-status|p2b: Garchomp|tox
|
|-damage|p2b: Garchomp|94/100 tox|[from] psn
|upkeep
|turn|2
|
|t:|1784204822
|detailschange|p2a: Charizard|Charizard-Mega-Y, L50, F
|-mega|p2a: Charizard|Charizard|Charizardite Y
|-weather|SunnyDay|[from] ability: Drought|[of] p2a: Charizard
|move|p2b: Garchomp|Rock Slide|p1a: Umbreon|[spread] p1a,p1b
|-damage|p1a: Umbreon|84/100
|-damage|p1b: Blastoise|60/100
|move|p2a: Charizard|Solar Beam||[still]
|-prepare|p2a: Charizard|Solar Beam
|-anim|p2a: Charizard|Solar Beam|p1b: Blastoise
|-supereffective|p1b: Blastoise|1
|-damage|p1b: Blastoise|0 fnt
|faint|p1b: Blastoise
|move|p1a: Umbreon|Foul Play|p2b: Garchomp
|-damage|p2b: Garchomp|42/100 tox
|-damage|p1a: Umbreon|72/100|[from] ability: Rough Skin|[of] p2b: Garchomp
|
|-weather|SunnyDay|[upkeep]
|-damage|p2b: Garchomp|30/100 tox|[from] psn
|upkeep
|
|t:|1784204839
|switch|p1b: Banette|Banette, L50, F, shiny|100/100
|turn|3
|
|t:|1784204855
|switch|p2b: Archaludon|Archaludon, L50, M|100/100
|detailschange|p1b: Banette|Banette-Mega, L50, F, shiny
|-mega|p1b: Banette|Banette|Banettite
|move|p1b: Banette|Disable||[still]
|-fail|p1b: Banette
|move|p2a: Charizard|Heat Wave|p1a: Umbreon|[spread] p1a,p1b
|-damage|p1a: Umbreon|40/100
|-damage|p1b: Banette|49/100
|move|p1a: Umbreon|Toxic|p2a: Charizard
|-status|p2a: Charizard|tox
|
|-weather|SunnyDay|[upkeep]
|-damage|p2a: Charizard|94/100 tox|[from] psn
|upkeep
|turn|4
|
|t:|1784204876
|move|p1b: Banette|Destiny Bond|p1b: Banette
|-singlemove|p1b: Banette|Destiny Bond
|move|p2a: Charizard|Heat Wave|p1b: Banette|[spread] p1a,p1b
|-damage|p1a: Umbreon|5/100
|-damage|p1b: Banette|0 fnt
|faint|p1b: Banette
|-activate|p1b: Banette|move: Destiny Bond
|faint|p2a: Charizard
|move|p2b: Archaludon|Dragon Pulse|p1a: Umbreon
|-damage|p1a: Umbreon|0 fnt
|faint|p1a: Umbreon
|
|-weather|SunnyDay|[upkeep]
|upkeep
|
|t:|1784204887
|switch|p2a: Garchomp|Garchomp, L50, M|30/100 tox
|switch|p1b: Hatterene|Hatterene, L50, F, shiny|100/100
|turn|5
|
|t:|1784204896
|move|p2a: Garchomp|Poison Jab|p1b: Hatterene
|-supereffective|p1b: Hatterene|1
|-damage|p1b: Hatterene|32/100
|-status|p1b: Hatterene|psn
|move|p2b: Archaludon|Flash Cannon|p1b: Hatterene
|-supereffective|p1b: Hatterene|1
|-enditem|p1b: Hatterene|Babiri Berry|[eat]
|-enditem|p1b: Hatterene|Babiri Berry|[weaken]
|-damage|p1b: Hatterene|1/100 psn
|move|p1b: Hatterene|Dazzling Gleam|p2b: Archaludon|[spread] p2a,p2b
|-supereffective|p2a: Garchomp|1
|-damage|p2a: Garchomp|0 fnt
|-damage|p2b: Archaludon|58/100
|-ability|p2b: Archaludon|Stamina|boost
|-boost|p2b: Archaludon|def|1
|faint|p2a: Garchomp
|
|-weather|SunnyDay|[upkeep]
|-heal|p2b: Archaludon|64/100|[from] item: Leftovers
|-damage|p1b: Hatterene|0 fnt|[from] psn
|faint|p1b: Hatterene
|
|win|thedrq
