|j|☆beeetch
|j|☆Lightoz
|html|beeetchLightoz    
|uhtml|bestof|Game 3 of a best-of-3
|t:|1756675167
|gametype|doubles
|player|p1|beeetch|beauty-gen4dp|1295
|player|p2|Lightoz|blue-gen2|1365
|gen|9
|tier|[Gen 9] VGC 2025 Reg H (Bo3)
|rated|
|rule|Species Clause: Limit one of each Pokémon
|rule|Item Clause: Limit 1 of each item
|clearpoke
|poke|p1|Toedscruel, L50, F|
|poke|p1|Weezing-Galar, L50, M|
|poke|p1|Corviknight, L50, M|
|poke|p1|Pawmot, L50, F|
|poke|p1|Garchomp, L50, M|
|poke|p1|Typhlosion-Hisui, L50, M|
|poke|p2|Incineroar, L50, F|
|poke|p2|Annihilape, L50, M|
|poke|p2|Dragonite, L50, M|
|poke|p2|Volcarona, L50, M|
|poke|p2|Rillaboom, L50, F|
|poke|p2|Basculegion, L50, M|
|teampreview|4
|showteam|p1|Toedscruel||CovertCloak|MyceliumMight|Spore,EarthPower,AcidSpray,RagePowder|||F|||50|,,,,,Water]Weezing-Galar||ChoiceSpecs|NeutralizingGas|DazzlingGleam,SludgeBomb,StrangeSteam,Flamethrower|||M|||50|,,,,,Fire]Corviknight||SitrusBerry|MirrorArmor|Protect,Tailwind,Roost,BraveBird|||M|||50|,,,,,Dragon]Pawmot||FocusSash|NaturalCure|Protect,CloseCombat,DoubleShock,FakeOut|||F|||50|,,,,,Electric]Garchomp||LifeOrb|RoughSkin|Protect,Earthquake,DragonClaw,StompingTantrum|||M|||50|,,,,,Ground]Typhlosion-Hisui||ChoiceScarf|Blaze|Eruption,SleepTalk,HeatWave,ShadowBall|||M|||50|,,,,,Fire
|showteam|p2|Incineroar||SitrusBerry|Intimidate|FlareBlitz,KnockOff,FakeOut,PartingShot|||F|||50|,,,,,Ghost]Annihilape||SafetyGoggles|Defiant|CloseCombat,RageFist,Coaching,FinalGambit|||M|||50|,,,,,Water]Dragonite||LoadedDice|Multiscale|ScaleShot,ExtremeSpeed,Haze,Protect|||M|||50|,,,,,Normal]Volcarona||Leftovers|FlameBody|HeatWave,TeraBlast,QuiverDance,Protect|||M|||50|,,,,,Fairy]Rillaboom||AssaultVest|GrassySurge|WoodHammer,GrassyGlide,HighHorsepower,FakeOut|||F|||50|,,,,,Fire]Basculegion||ChoiceScarf|Adaptability|WaveCrash,LastRespects,FlipTurn,AquaJet|||M|||50|,,,,,Water
|
|t:|1756675226
|teamsize|p1|4
|teamsize|p2|4
|start
|switch|p1a: Corviknight|Corviknight, L50, M|100/100
|switch|p1b: Pawmot|Pawmot, L50, F|100/100
|switch|p2a: Volcarona|Volcarona, L50, M|100/100
|switch|p2b: Rillaboom|Rillaboom, L50, F|100/100
|-fieldstart|move: Grassy Terrain|[from] ability: Grassy Surge|[of] p2b: Rillaboom
|turn|1
|
|t:|1756675252
|-terastallize|p2a: Volcarona|Fairy
|move|p1b: Pawmot|Fake Out|p2a: Volcarona
|-damage|p2a: Volcarona|86/100
|move|p2b: Rillaboom|Fake Out|p1b: Pawmot
|-damage|p1b: Pawmot|77/100
|cant|p2a: Volcarona|flinch
|move|p1a: Corviknight|Tailwind|p1a: Corviknight
|-sidestart|p1: beeetch|move: Tailwind
|
|-heal|p1b: Pawmot|83/100|[from] Grassy Terrain
|-heal|p2a: Volcarona|92/100|[from] Grassy Terrain
|-heal|p2a: Volcarona|98/100|[from] item: Leftovers
|upkeep
|turn|2
|
|t:|1756675270
|switch|p2b: Incineroar|Incineroar, L50, F|100/100
|-ability|p2b: Incineroar|Intimidate|boost
|-ability|p1a: Corviknight|Mirror Armor
|-unboost|p2b: Incineroar|atk|1
|-unboost|p1b: Pawmot|atk|1
|-terastallize|p1b: Pawmot|Electric
|move|p2a: Volcarona|Protect|p2a: Volcarona
|-singleturn|p2a: Volcarona|Protect
|move|p1b: Pawmot|Double Shock|p2a: Volcarona
|-activate|p2a: Volcarona|move: Protect
|move|p1a: Corviknight|Brave Bird|p2b: Incineroar
|-damage|p2b: Incineroar|72/100
|-damage|p1a: Corviknight|91/100|[from] Recoil
|
|-heal|p1b: Pawmot|89/100|[from] Grassy Terrain
|-heal|p2a: Volcarona|100/100|[from] Grassy Terrain
|-heal|p2b: Incineroar|78/100|[from] Grassy Terrain
|upkeep
|turn|3
|
|t:|1756675285
|switch|p1b: Typhlosion|Typhlosion-Hisui, L50, M|100/100
|move|p2b: Incineroar|Fake Out|p1b: Typhlosion
|-immune|p1b: Typhlosion
|move|p1a: Corviknight|Brave Bird|p2a: Volcarona
|-damage|p2a: Volcarona|54/100
|-status|p1a: Corviknight|brn|[from] ability: Flame Body|[of] p2a: Volcarona
|-damage|p1a: Corviknight|78/100 brn|[from] Recoil
|move|p2a: Volcarona|Quiver Dance|p2a: Volcarona
|-boost|p2a: Volcarona|spa|1
|-boost|p2a: Volcarona|spd|1
|-boost|p2a: Volcarona|spe|1
|
|-heal|p2a: Volcarona|60/100|[from] Grassy Terrain
|-heal|p2a: Volcarona|67/100|[from] item: Leftovers
|-heal|p2b: Incineroar|84/100|[from] Grassy Terrain
|-damage|p1a: Corviknight|72/100 brn|[from] brn
|upkeep
|turn|4
|
|t:|1756675307
|move|p2a: Volcarona|Protect|p2a: Volcarona
|-singleturn|p2a: Volcarona|Protect
|move|p1b: Typhlosion|Eruption|p2b: Incineroar|[spread] p2b
|-activate|p2a: Volcarona|move: Protect
|-resisted|p2b: Incineroar
|-damage|p2b: Incineroar|56/100
|move|p1a: Corviknight|Brave Bird|p2b: Incineroar
|-damage|p2b: Incineroar|42/100
|-enditem|p2b: Incineroar|Sitrus Berry|[eat]
|-heal|p2b: Incineroar|67/100|[from] item: Sitrus Berry
|-damage|p1a: Corviknight|67/100 brn|[from] Recoil
|move|p2b: Incineroar|Parting Shot|p1b: Typhlosion
|-unboost|p1b: Typhlosion|atk|1
|-unboost|p1b: Typhlosion|spa|1
|
|t:|1756675316
|switch|p2b: Basculegion|Basculegion, L50, M|100/100|[from] Parting Shot
|
|-heal|p2a: Volcarona|73/100|[from] Grassy Terrain
|-heal|p2a: Volcarona|79/100|[from] item: Leftovers
|-damage|p1a: Corviknight|61/100 brn|[from] brn
|-sideend|p1: beeetch|move: Tailwind
|upkeep
|turn|5
|
|t:|1756675325
|switch|p1b: Garchomp|Garchomp, L50, M|100/100
|move|p2b: Basculegion|Flip Turn|p1b: Garchomp
|-crit|p1b: Garchomp
|-damage|p1b: Garchomp|43/100
|-damage|p2b: Basculegion|88/100|[from] ability: Rough Skin|[of] p1b: Garchomp
|
|t:|1756675333
|switch|p2b: Rillaboom|Rillaboom, L50, F|100/100|[from] Flip Turn
|move|p2a: Volcarona|Heat Wave|p1a: Corviknight|[spread] p1a,p1b
|-supereffective|p1a: Corviknight
|-resisted|p1b: Garchomp
|-damage|p1a: Corviknight|0 fnt
|-damage|p1b: Garchomp|15/100
|-status|p1b: Garchomp|brn
|faint|p1a: Corviknight
|
|-heal|p2a: Volcarona|85/100|[from] Grassy Terrain
|-heal|p2a: Volcarona|91/100|[from] item: Leftovers
|-heal|p1b: Garchomp|21/100 brn|[from] Grassy Terrain
|-damage|p1b: Garchomp|15/100 brn|[from] brn
|-fieldend|move: Grassy Terrain
|upkeep
|
|t:|1756675339
|switch|p1a: Typhlosion|Typhlosion-Hisui, L50, M|100/100
|turn|6
|
|t:|1756675359
|switch|p2b: Incineroar|Incineroar, L50, F|67/100
|-ability|p2b: Incineroar|Intimidate|boost
|-unboost|p1a: Typhlosion|atk|1
|-unboost|p1b: Garchomp|atk|1
|move|p1a: Typhlosion|Eruption|p2a: Volcarona|[spread] p2a,p2b
|-resisted|p2b: Incineroar
|-damage|p2a: Volcarona|52/100
|-damage|p2b: Incineroar|39/100
|move|p2a: Volcarona|Heat Wave|p1a: Typhlosion|[spread] p1a,p1b
|-resisted|p1a: Typhlosion
|-resisted|p1b: Garchomp
|-damage|p1a: Typhlosion|64/100
|-damage|p1b: Garchomp|0 fnt
|faint|p1b: Garchomp
|
|-heal|p2a: Volcarona|58/100|[from] item: Leftovers
|upkeep
|
|t:|1756675363
|switch|p1b: Pawmot|Pawmot, L50, F, tera:Electric|89/100
|turn|7
|
|t:|1756675383
|move|p2a: Volcarona|Protect|p2a: Volcarona
|-singleturn|p2a: Volcarona|Protect
|move|p1b: Pawmot|Fake Out|p2b: Incineroar
|-damage|p2b: Incineroar|30/100
|move|p1a: Typhlosion|Eruption|p2a: Volcarona|[spread] p2b
|-activate|p2a: Volcarona|move: Protect
|-resisted|p2b: Incineroar
|-damage|p2b: Incineroar|11/100
|cant|p2b: Incineroar|flinch
|
|-heal|p2a: Volcarona|64/100|[from] item: Leftovers
|upkeep
|turn|8
|
|t:|1756675397
|move|p1a: Typhlosion|Eruption|p2a: Volcarona|[spread] p2a,p2b
|-resisted|p2b: Incineroar
|-damage|p2a: Volcarona|39/100
|-damage|p2b: Incineroar|0 fnt
|faint|p2b: Incineroar
|move|p2a: Volcarona|Heat Wave|p1b: Pawmot|[spread] p1a,p1b
|-resisted|p1a: Typhlosion
|-crit|p1a: Typhlosion
|-damage|p1a: Typhlosion|10/100
|-damage|p1b: Pawmot|0 fnt
|faint|p1b: Pawmot
|
|-heal|p2a: Volcarona|45/100|[from] item: Leftovers
|upkeep
|
|t:|1756675404
|switch|p2b: Basculegion|Basculegion, L50, M|88/100
|turn|9
|
|t:|1756675409
|move|p1a: Typhlosion|Eruption|p2a: Volcarona|[spread] p2a,p2b
|-resisted|p2b: Basculegion
|-damage|p2a: Volcarona|39/100
|-damage|p2b: Basculegion|83/100
|move|p2b: Basculegion|Wave Crash|p1a: Typhlosion
|-supereffective|p1a: Typhlosion
|-damage|p1a: Typhlosion|0 fnt
|faint|p1a: Typhlosion
|-damage|p2b: Basculegion|80/100|[from] Recoil
|
|win|Lightoz
|raw|beeetch's rating: 1295 → 1275(-20 for losing)
|raw|Lightoz's rating: 1365 → 1381(+16 for winning)
