|j|☆bobsparents
|j|☆MajinFlavio
|html|bobsparentsMajinFlavio    
|uhtml|bestof|Game 2 of a best-of-3
|t:|1784333348
|gametype|doubles
|player|p1|bobsparents|cynthia|1153
|player|p2|MajinFlavio|palmer|1192
|gen|9
|tier|[Gen 9 Champions] VGC 2026 Reg M-B (Bo3)
|rated|
|rule|Species Clause: Limit one of each Pokémon
|rule|Item Clause: Limit 1 of each item
|clearpoke
|poke|p1|Kangaskhan, L50, F|
|poke|p1|Farigiraf, L50, M|
|poke|p1|Chandelure, L50, F|
|poke|p1|Avalugg-Hisui, L50, F|
|poke|p1|Decidueye-Hisui, L50, M|
|poke|p1|Kingambit, L50, F|
|poke|p2|Annihilape, L50, M|
|poke|p2|Grimmsnarl, L50, M|
|poke|p2|Ceruledge, L50, F|
|poke|p2|Mawile, L50, F|
|poke|p2|Farigiraf, L50, M|
|poke|p2|Sinistcha, L50|
|teampreview|4
|showteam|p1|Kangaskhan||Kangaskhanite|Scrappy|DoubleEdge,HammerArm,IcePunch,FakeOut|Brave||F|||50|]Farigiraf||SitrusBerry|ArmorTail|PsychicNoise,Thunderbolt,TrickRoom,Protect|Quiet||M|||50|]Chandelure||FocusSash|FlashFire|HeatWave,ShadowBall,TrickRoom,Protect|Quiet||F|||50|]Avalugg-Hisui||WideLens|Sturdy|RockSlide,MountainGale,BodyPress,WideGuard|Brave||F|||50|]Decidueye-Hisui||LifeOrb|Scrappy|CloseCombat,LeafBlade,BraveBird,Protect|Brave||M|||50|]Kingambit||BlackGlasses|Defiant|KowtowCleave,IronHead,SuckerPunch,SwordsDance|Brave||F|||50|
|showteam|p2|Annihilape||Leftovers|Defiant|DrainPunch,RageFist,BulkUp,Protect|Adamant||M|||50|]Grimmsnarl||LightClay|Prankster|FakeOut,PartingShot,LightScreen,Reflect|Impish||M|||50|]Ceruledge||ColburBerry|FlashFire|BitterBlade,ShadowSneak,BulkUp,Protect|Adamant||F|||50|]Mawile||Mawilite|HyperCutter|PlayRough,SuckerPunch,SwordsDance,Protect|Brave||F|||50|]Farigiraf||SitrusBerry|ArmorTail|TwinBeam,Thunderbolt,HelpingHand,TrickRoom|Bold||M|||50|]Sinistcha||KasibBerry|Hospitality|MatchaGotcha,RagePowder,LifeDew,Protect|Bold|||||50|
|inactive|Battle timer is ON: inactive players will automatically lose when time's up. (requested by MajinFlavio)
|
|t:|1784333385
|teamsize|p1|4
|teamsize|p2|4
|start
|switch|p1a: Farigiraf|Farigiraf, L50, M|100/100
|switch|p1b: Chandelure|Chandelure, L50, F|100/100
|switch|p2a: Grimmsnarl|Grimmsnarl, L50, M|100/100
|switch|p2b: Mawile|Mawile, L50, F|100/100
|turn|1
|inactive|bobsparents has 30 seconds left.
|inactive|MajinFlavio has 30 seconds left.
|
|t:|1784333412
|detailschange|p2b: Mawile|Mawile-Mega, L50, F
|-mega|p2b: Mawile|Mawile|Mawilite
|move|p2a: Grimmsnarl|Light Screen|p2a: Grimmsnarl
|-sidestart|p2: MajinFlavio|move: Light Screen
|move|p1b: Chandelure|Shadow Ball|p2b: Mawile
|-damage|p2b: Mawile|64/100
|move|p1a: Farigiraf|Thunderbolt|p2b: Mawile
|-damage|p2b: Mawile|49/100
|move|p2b: Mawile|Swords Dance|p2b: Mawile
|-boost|p2b: Mawile|atk|2
|
|upkeep
|turn|2
|inactive|bobsparents has 30 seconds left.
|inactive|bobsparents has 20 seconds left.
|
|t:|1784333450
|move|p2b: Mawile|Protect|p2b: Mawile
|-singleturn|p2b: Mawile|Protect
|move|p2a: Grimmsnarl|Reflect|p2a: Grimmsnarl
|-sidestart|p2: MajinFlavio|Reflect
|move|p1b: Chandelure|Shadow Ball|p2a: Grimmsnarl
|-resisted|p2a: Grimmsnarl|1
|-damage|p2a: Grimmsnarl|85/100
|move|p1a: Farigiraf|Psychic Noise|p2a: Grimmsnarl
|-immune|p2a: Grimmsnarl
|
|upkeep
|turn|3
|
|t:|1784333466
|switch|p2a: Ceruledge|Ceruledge, L50, F|100/100
|move|p1b: Chandelure|Shadow Ball|p2a: Ceruledge
|-supereffective|p2a: Ceruledge|1
|-damage|p2a: Ceruledge|37/100
|move|p1a: Farigiraf|Psychic Noise|p2a: Ceruledge
|-damage|p2a: Ceruledge|15/100
|-start|p2a: Ceruledge|move: Heal Block
|move|p2b: Mawile|Play Rough|p1b: Chandelure
|-resisted|p1b: Chandelure|1
|-damage|p1b: Chandelure|17/100
|
|upkeep
|turn|4
|
|t:|1784333489
|switch|p2a: Annihilape|Annihilape, L50, M|100/100
|move|p2b: Mawile|Protect|p2b: Mawile
|-singleturn|p2b: Mawile|Protect
|move|p1b: Chandelure|Heat Wave|p2a: Annihilape|[spread] p2a
|-activate|p2b: Mawile|move: Protect
|-damage|p2a: Annihilape|72/100
|move|p1a: Farigiraf|Psychic Noise|p2a: Annihilape
|-supereffective|p2a: Annihilape|1
|-damage|p2a: Annihilape|39/100
|-start|p2a: Annihilape|move: Heal Block
|
|upkeep
|turn|5
|inactive|bobsparents has 30 seconds left.
|inactive|bobsparents has 20 seconds left.
|inactive|bobsparents has 15 seconds left.
|
|t:|1784333532
|move|p1a: Farigiraf|Protect|p1a: Farigiraf
|-singleturn|p1a: Farigiraf|Protect
|move|p2a: Annihilape|Rage Fist|p1b: Chandelure
|-supereffective|p1b: Chandelure|1
|-damage|p1b: Chandelure|0 fnt
|faint|p1b: Chandelure
|move|p2b: Mawile|Play Rough|p1a: Farigiraf
|-activate|p1a: Farigiraf|move: Protect
|
|-end|p2a: Annihilape|move: Heal Block
|upkeep
|
|t:|1784333549
|switch|p1b: Kangaskhan|Kangaskhan, L50, F|100/100
|turn|6
|
|t:|1784333568
|move|p1b: Kangaskhan|Fake Out|p2a: Annihilape
|-damage|p2a: Annihilape|27/100
|cant|p2a: Annihilape|flinch
|move|p1a: Farigiraf|Psychic Noise|p2a: Annihilape
|-supereffective|p2a: Annihilape|1
|-damage|p2a: Annihilape|0 fnt
|faint|p2a: Annihilape
|move|p2b: Mawile|Play Rough|p1a: Farigiraf
|-damage|p1a: Farigiraf|0 fnt
|faint|p1a: Farigiraf
|
|upkeep
|
|t:|1784333583
|switch|p2a: Grimmsnarl|Grimmsnarl, L50, M|85/100
|switch|p1a: Avalugg|Avalugg-Hisui, L50, F|100/100
|turn|7
|inactive|bobsparents has 30 seconds left.
|inactive|MajinFlavio has 30 seconds left.
|inactive|bobsparents has 20 seconds left.
|
|t:|1784333621
|move|p2a: Grimmsnarl|Fake Out|p1b: Kangaskhan
|-damage|p1b: Kangaskhan|88/100
|cant|p1b: Kangaskhan|flinch
|move|p2b: Mawile|Play Rough|p1b: Kangaskhan
|-damage|p1b: Kangaskhan|0 fnt
|faint|p1b: Kangaskhan
|move|p1a: Avalugg|Body Press|p2b: Mawile
|-damage|p2b: Mawile|26/100
|
|upkeep
|turn|8
|-message|bobsparents forfeited.
|
|win|MajinFlavio
