|j|☆Jakobtc
|j|☆Phasmas
|html|JakobtcPhasmas    
|uhtml|bestof|Game 1 of a best-of-3
|t:|1757728152
|gametype|doubles
|player|p1|Jakobtc|riley|1136
|player|p2|Phasmas|drayden|1037
|gen|9
|tier|[Gen 9] VGC 2025 Reg H (Bo3)
|rated|
|rule|Species Clause: Limit one of each Pokémon
|rule|Item Clause: Limit 1 of each item
|clearpoke
|poke|p1|Drifblim, L50, M|
|poke|p1|Indeedee, L50, M|
|poke|p1|Arcanine-Hisui, L50, F|
|poke|p1|Garchomp, L50, M|
|poke|p1|Amoonguss, L50, M|
|poke|p1|Magnezone, L50|
|poke|p2|Kingambit, L50, M|
|poke|p2|Corviknight, L50, F|
|poke|p2|Goodra-Hisui, L50, F|
|poke|p2|Gholdengo, L50|
|poke|p2|Bronzong, L50|
|poke|p2|Archaludon, L50, M|
|teampreview|4
|showteam|p1|Drifblim||PsychicSeed|Unburden|Tailwind,StrengthSap,WillOWisp,Acrobatics|||M|||50|,,,,,Grass]Indeedee||FocusSash|PsychicSurge|ExpandingForce,TeraBlast,SkillSwap,Protect|||M|||50|,,,,,Fighting]Arcanine-Hisui||ChoiceBand|Intimidate|RockSlide,FlareBlitz,ExtremeSpeed,CloseCombat|||F|||50|,,,,,Grass]Garchomp||LifeOrb|RoughSkin|StompingTantrum,DragonClaw,Earthquake,Protect|||M|||50|,,,,,Ground]Amoonguss||SitrusBerry|Regenerator|Spore,LeafStorm,RagePowder,Protect|||M|||50|,,,,,Water]Magnezone||ChoiceSpecs|MagnetPull|Thunderbolt,TeraBlast,FlashCannon,VoltSwitch||||||50|,,,,,Flying
|showteam|p2|Kingambit||BlackGlasses|Defiant|KowtowCleave,SuckerPunch,SwordsDance,Protect|||M|||50|,,,,,Fairy]Corviknight||RockyHelmet|MirrorArmor|BraveBird,RainDance,Tailwind,Protect|||F|||50|,,,,,Flying]Goodra-Hisui||Leftovers|ShellArmor|GyroBall,BodyPress,Curse,Protect|||F|||50|,,,,,Water]Gholdengo||LifeOrb|GoodasGold|MakeItRain,ShadowBall,NastyPlot,Protect||||||50|,,,,,Steel]Bronzong||CovertCloak|Levitate|GyroBall,ZenHeadbutt,TrickRoom,Protect||||||50|,,,,,Dark]Archaludon||AssaultVest|Stamina|FlashCannon,DragonPulse,ElectroShot,BodyPress|||M|||50|,,,,,Electric
|c|☆Jakobtc|glhf
|inactive|Battle timer is ON: inactive players will automatically lose when time's up. (requested by Phasmas)
|c|☆Phasmas|U2!
|
|t:|1757728183
|teamsize|p1|4
|teamsize|p2|4
|start
|switch|p1a: Magnezone|Magnezone, L50|100/100
|switch|p1b: Garchomp|Garchomp, L50, M|100/100
|switch|p2a: Corviknight|Corviknight, L50, F|100/100
|switch|p2b: Kingambit|Kingambit, L50, M|100/100
|turn|1
|
|t:|1757728201
|-terastallize|p1b: Garchomp|Ground
|move|p2b: Kingambit|Protect|p2b: Kingambit
|-singleturn|p2b: Kingambit|Protect
|move|p1b: Garchomp|Stomping Tantrum|p2b: Kingambit
|-activate|p2b: Kingambit|move: Protect
|move|p1a: Magnezone|Thunderbolt|p2a: Corviknight
|-supereffective|p2a: Corviknight
|-damage|p2a: Corviknight|0 fnt
|faint|p2a: Corviknight
|
|upkeep
|
|t:|1757728212
|switch|p2a: Archaludon|Archaludon, L50, M|100/100
|turn|2
|
|t:|1757728227
|-terastallize|p2b: Kingambit|Fairy
|move|p2b: Kingambit|Sucker Punch|p1b: Garchomp
|-damage|p1b: Garchomp|52/100
|-damage|p2b: Kingambit|88/100|[from] ability: Rough Skin|[of] p1b: Garchomp
|move|p1b: Garchomp|Stomping Tantrum|p2b: Kingambit
|-damage|p2b: Kingambit|40/100
|-damage|p1b: Garchomp|42/100|[from] item: Life Orb
|move|p2a: Archaludon|Body Press|p1a: Magnezone
|-supereffective|p1a: Magnezone
|-damage|p1a: Magnezone|56/100
|move|p1a: Magnezone|Thunderbolt|p2b: Kingambit
|-damage|p2b: Kingambit|0 fnt
|faint|p2b: Kingambit
|
|upkeep
|
|t:|1757728242
|switch|p2b: Gholdengo|Gholdengo, L50|100/100
|turn|3
|
|t:|1757728259
|move|p1b: Garchomp|Protect|p1b: Garchomp
|-singleturn|p1b: Garchomp|Protect
|move|p2b: Gholdengo|Protect|p2b: Gholdengo
|-singleturn|p2b: Gholdengo|Protect
|move|p2a: Archaludon|Dragon Pulse|p1b: Garchomp
|-activate|p1b: Garchomp|move: Protect
|move|p1a: Magnezone|Thunderbolt|p2b: Gholdengo
|-activate|p2b: Gholdengo|move: Protect
|
|upkeep
|turn|4
|
|t:|1757728272
|move|p1b: Garchomp|Stomping Tantrum|p2b: Gholdengo
|-supereffective|p2b: Gholdengo
|-damage|p2b: Gholdengo|0 fnt
|faint|p2b: Gholdengo
|-damage|p1b: Garchomp|32/100|[from] item: Life Orb
|move|p2a: Archaludon|Electro Shot||[still]
|-prepare|p2a: Archaludon|Electro Shot
|-boost|p2a: Archaludon|spa|1
|move|p1a: Magnezone|Thunderbolt|p2a: Archaludon
|-resisted|p2a: Archaludon
|-damage|p2a: Archaludon|74/100
|-ability|p2a: Archaludon|Stamina|boost
|-boost|p2a: Archaludon|def|1
|
|upkeep
|turn|5
|
|t:|1757728286
|move|p1b: Garchomp|Stomping Tantrum|p2a: Archaludon
|-supereffective|p2a: Archaludon
|-damage|p2a: Archaludon|6/100
|-ability|p2a: Archaludon|Stamina|boost
|-boost|p2a: Archaludon|def|1
|-damage|p1b: Garchomp|22/100|[from] item: Life Orb
|move|p2a: Archaludon|Electro Shot|p1a: Magnezone|[from] lockedmove
|-resisted|p1a: Magnezone
|-damage|p1a: Magnezone|22/100
|move|p1a: Magnezone|Thunderbolt|p2a: Archaludon
|-resisted|p2a: Archaludon
|-damage|p2a: Archaludon|0 fnt
|faint|p2a: Archaludon
|
|win|Jakobtc
|inactive|Jakobtc has 30 seconds to confirm battle start!
|inactive|Phasmas has 30 seconds to confirm battle start!
|l|☆Phasmas
|player|p2|
