|j|☆Birchythesnakerat
|j|☆Astonished25
|html|BirchythesnakeratAstonished25    
|uhtml|bestof|Game 1 of a best-of-3
|t:|1757825218
|gametype|doubles
|player|p1|Birchythesnakerat|266|1149
|player|p2|Astonished25|2|1237
|gen|9
|tier|[Gen 9] VGC 2025 Reg H (Bo3)
|rated|
|rule|Species Clause: Limit one of each Pokémon
|rule|Item Clause: Limit 1 of each item
|clearpoke
|poke|p1|Ninetales-Alola, L50, F|
|poke|p1|Dragonite, L50, F|
|poke|p1|Volcarona, L50, M|
|poke|p1|Whimsicott, L50, F|
|poke|p1|Rillaboom, L50, M|
|poke|p1|Gholdengo, L50|
|poke|p2|Gholdengo, L50|
|poke|p2|Magmar, L50, F|
|poke|p2|Dragonite, L50, M|
|poke|p2|Rillaboom, L50, M|
|poke|p2|Annihilape, L50, M|
|poke|p2|Sneasler, L50, F|
|teampreview|4
|showteam|p1|Ninetales-Alola||LightClay|SnowWarning|AuroraVeil,Blizzard,Moonblast,Protect|||F|||50|,,,,,Ghost]Dragonite||LoadedDice|Multiscale|ExtremeSpeed,Protect,StompingTantrum,ScaleShot|||F|||50|,,,,,Fairy]Volcarona||SafetyGoggles|FlameBody|QuiverDance,HeatWave,BugBuzz,Protect|||M|||50|,,,,,Dragon]Whimsicott||FocusSash|Prankster|Encore,Moonblast,Tailwind,Taunt|||F|||50|,,,,,Ghost]Rillaboom||AssaultVest|GrassySurge|FakeOut,GrassyGlide,WoodHammer,Uturn|||M|||50|,,,,,Fire]Gholdengo||MetalCoat|GoodasGold|MakeItRain,ShadowBall,NastyPlot,Protect||||||50|,,,,,Dragon
|showteam|p2|Gholdengo||LifeOrb|GoodasGold|Protect,NastyPlot,MakeItRain,ShadowBall||||||50|,,,,,Water]Magmar||Eviolite|VitalSpirit|Taunt,WillOWisp,FollowMe,BurningJealousy|||F|||50|,,,,,Ghost]Dragonite||LoadedDice|Multiscale|Protect,Haze,Tailwind,ScaleShot|||M|||50|,,,,,Fairy]Rillaboom||AssaultVest|GrassySurge|FakeOut,GrassyGlide,WoodHammer,HighHorsepower|||M|||50|,,,,,Fire]Annihilape||SafetyGoggles|Defiant|Protect,DrainPunch,RageFist,BulkUp|||M|||50|,,,,,Steel]Sneasler||GrassySeed|Unburden|CloseCombat,Coaching,DireClaw,Protect|||F|||50|,,,,,Stellar
|inactive|Battle timer is ON: inactive players will automatically lose when time's up. (requested by Astonished25)
|inactive|Birchythesnakerat has 60 seconds left.
|
|t:|1757825255
|teamsize|p1|4
|teamsize|p2|4
|start
|switch|p1a: Ninetales|Ninetales-Alola, L50, F, shiny|100/100
|switch|p1b: Volcarona|Volcarona, L50, M, shiny|100/100
|switch|p2a: Gholdengo|Gholdengo, L50|100/100
|switch|p2b: Dragonite|Dragonite, L50, M|100/100
|-weather|Snowscape|[from] ability: Snow Warning|[of] p1a: Ninetales
|turn|1
|
|t:|1757825271
|-terastallize|p2b: Dragonite|Fairy
|move|p1a: Ninetales|Aurora Veil|p1a: Ninetales
|-sidestart|p1: Birchythesnakerat|move: Aurora Veil
|move|p2a: Gholdengo|Nasty Plot|p2a: Gholdengo
|-boost|p2a: Gholdengo|spa|2
|move|p2b: Dragonite|Tailwind|p2b: Dragonite
|-sidestart|p2: Astonished25|move: Tailwind
|move|p1b: Volcarona|Heat Wave|p2b: Dragonite|[spread] p2a,p2b
|-supereffective|p2a: Gholdengo
|-damage|p2a: Gholdengo|25/100
|-damage|p2b: Dragonite|84/100
|-status|p2a: Gholdengo|brn
|
|-weather|Snowscape|[upkeep]
|-damage|p2a: Gholdengo|19/100 brn|[from] brn
|upkeep
|turn|2
|
|t:|1757825291
|move|p2a: Gholdengo|Make It Rain|p1a: Ninetales|[spread] p1a,p1b
|-supereffective|p1a: Ninetales
|-resisted|p1b: Volcarona
|-damage|p1a: Ninetales|0 fnt
|-damage|p1b: Volcarona|62/100
|-unboost|p2a: Gholdengo|spa|1
|faint|p1a: Ninetales
|-damage|p2a: Gholdengo|9/100 brn|[from] item: Life Orb
|move|p2b: Dragonite|Scale Shot|p1b: Volcarona
|-damage|p1b: Volcarona|52/100
|-damage|p1b: Volcarona|41/100
|-damage|p1b: Volcarona|32/100
|-damage|p1b: Volcarona|22/100
|-damage|p1b: Volcarona|10/100
|-hitcount|p1b: Volcarona|5
|-unboost|p2b: Dragonite|def|1
|-boost|p2b: Dragonite|spe|1
|move|p1b: Volcarona|Heat Wave|p2b: Dragonite|[spread] p2a,p2b
|-supereffective|p2a: Gholdengo
|-damage|p2a: Gholdengo|0 fnt
|-damage|p2b: Dragonite|46/100
|faint|p2a: Gholdengo
|
|-weather|Snowscape|[upkeep]
|upkeep
|
|t:|1757825311
|switch|p1a: Whimsicott|Whimsicott, L50, F, shiny|100/100
|switch|p2a: Magmar|Magmar, L50, F|100/100
|turn|3
|
|t:|1757825332
|move|p1a: Whimsicott|Tailwind|p1a: Whimsicott
|-sidestart|p1: Birchythesnakerat|move: Tailwind
|move|p2b: Dragonite|Scale Shot|p1b: Volcarona
|-damage|p1b: Volcarona|1/100
|-damage|p1b: Volcarona|0 fnt
|faint|p1b: Volcarona
|-hitcount|p1: Volcarona|2
|-unboost|p2b: Dragonite|def|1
|-boost|p2b: Dragonite|spe|1
|move|p2a: Magmar|Burning Jealousy|p1a: Whimsicott
|-supereffective|p1a: Whimsicott
|-damage|p1a: Whimsicott|44/100
|
|-weather|Snowscape|[upkeep]
|upkeep
|
|t:|1757825337
|switch|p1b: Gholdengo|Gholdengo, L50|100/100
|turn|4
|inactive|Birchythesnakerat has 30 seconds left.
|inactive|Birchythesnakerat has 20 seconds left.
|inactive|Birchythesnakerat has 15 seconds left.
|
|t:|1757825378
|move|p2b: Dragonite|Scale Shot|p1b: Gholdengo
|-resisted|p1b: Gholdengo
|-damage|p1b: Gholdengo|96/100
|-resisted|p1b: Gholdengo
|-damage|p1b: Gholdengo|93/100
|-resisted|p1b: Gholdengo
|-damage|p1b: Gholdengo|89/100
|-resisted|p1b: Gholdengo
|-damage|p1b: Gholdengo|85/100
|-hitcount|p1b: Gholdengo|4
|-unboost|p2b: Dragonite|def|1
|-boost|p2b: Dragonite|spe|1
|move|p1a: Whimsicott|Moonblast|p2b: Dragonite
|-damage|p2b: Dragonite|10/100
|move|p1b: Gholdengo|Make It Rain|p2a: Magmar|[spread] p2a,p2b
|-resisted|p2a: Magmar
|-supereffective|p2b: Dragonite
|-damage|p2a: Magmar|80/100
|-damage|p2b: Dragonite|0 fnt
|-unboost|p1b: Gholdengo|spa|1
|faint|p2b: Dragonite
|move|p2a: Magmar|Burning Jealousy|p1a: Whimsicott|[spread] p1a,p1b
|-supereffective|p1a: Whimsicott
|-supereffective|p1b: Gholdengo
|-damage|p1a: Whimsicott|8/100
|-damage|p1b: Gholdengo|58/100
|
|-weather|Snowscape|[upkeep]
|-sideend|p2: Astonished25|move: Tailwind
|upkeep
|
|t:|1757825392
|switch|p2b: Sneasler|Sneasler, L50, F|100/100
|turn|5
|
|t:|1757825414
|move|p1a: Whimsicott|Moonblast|p2b: Sneasler
|-damage|p2b: Sneasler|54/100
|move|p1b: Gholdengo|Nasty Plot|p1b: Gholdengo
|-boost|p1b: Gholdengo|spa|2
|move|p2b: Sneasler|Dire Claw|p1a: Whimsicott
|-supereffective|p1a: Whimsicott
|-damage|p1a: Whimsicott|0 fnt
|faint|p1a: Whimsicott
|move|p2a: Magmar|Burning Jealousy|p1b: Gholdengo
|-supereffective|p1b: Gholdengo
|-crit|p1b: Gholdengo
|-damage|p1b: Gholdengo|0 fnt
|faint|p1b: Gholdengo
|
|win|Astonished25
||Astonished25 is ready for game 2.
|inactive|Birchythesnakerat has 30 seconds to confirm battle start!
||Birchythesnakerat is ready for game 2.
|uhtml|next|Next: Game 2 of 3
|l|☆Birchythesnakerat
|player|p1|
