|j|☆snowyowl260
|j|☆The RU Agenda
|html|snowyowl260The RU Agenda    
|uhtml|bestof|Game 3 of a best-of-3
|t:|1784236590
|gametype|doubles
|player|p1|snowyowl260|170|1177
|player|p2|The RU Agenda|169|1341
|gen|9
|tier|[Gen 9 Champions] VGC 2026 Reg M-B (Bo3)
|rated|
|rule|Species Clause: Limit one of each Pokémon
|rule|Item Clause: Limit 1 of each item
|clearpoke
|poke|p1|Gyarados, L50, F|
|poke|p1|Talonflame, L50, M|
|poke|p1|Sinistcha, L50|
|poke|p1|Ninetales-Alola, L50, F|
|poke|p1|Pyroar, L50, F|
|poke|p1|Sneasler, L50, F|
|poke|p2|Chesnaught, L50, M|
|poke|p2|Basculegion, L50, M|
|poke|p2|Arcanine-Hisui, L50, M|
|poke|p2|Froslass, L50, F|
|poke|p2|Farigiraf, L50, M|
|poke|p2|Kingambit, L50, M|
|teampreview|4
|showteam|p1|Gyarados||Gyaradosite|Intimidate|Waterfall,DragonDance,Crunch,Protect|Adamant||F|||50|]Talonflame||FocusSash|GaleWings|Tailwind,BraveBird,WillOWisp,Protect|Jolly||M|||50|]Sinistcha||SitrusBerry|Hospitality|MatchaGotcha,RagePowder,LifeDew,Scald|Bold|||||50|]Ninetales-Alola|||SnowWarning|AuroraVeil,Blizzard,Encore,Protect|Timid||F|||50|]Pyroar||Pyroarite|Rivalry|HeatWave,Overheat,HyperVoice,Protect|Timid||F|||50|]Sneasler||WhiteHerb|Unburden|Coaching,DireClaw,CloseCombat,FakeOut|Jolly||F|||50|
|showteam|p2|Chesnaught||Leftovers|Bulletproof|BodyPress,IronDefense,SpikyShield,WideGuard|Impish||M|||50|]Basculegion||ChoiceScarf|Adaptability|WaveCrash,LastRespects,FlipTurn,AquaJet|Jolly||M|||50|]Arcanine-Hisui||FocusSash|RockHead|HeadSmash,FlareBlitz,ExtremeSpeed,Protect|Jolly||M|||50|]Froslass||Froslassite|SnowCloak|Blizzard,ShadowBall,AuroraVeil,Protect|Timid||F|||50|]Farigiraf||SitrusBerry|ArmorTail|HelpingHand,Psychic,Thunderbolt,TrickRoom|Relaxed||M|||50|]Kingambit||ExpertBelt|Defiant|KowtowCleave,SuckerPunch,LowKick,Protect|Adamant||M|||50|
|inactive|Battle timer is ON: inactive players will automatically lose when time's up. (requested by snowyowl260)
|inactive|snowyowl260 has 60 seconds left.
|
|t:|1784236627
|teamsize|p1|4
|teamsize|p2|4
|start
|switch|p1a: Ninetales|Ninetales-Alola, L50, F|100/100
|switch|p1b: Talonflame|Talonflame, L50, M|100/100
|switch|p2a: Chesnaught|Chesnaught, L50, M|100/100
|switch|p2b: Farigiraf|Farigiraf, L50, M|100/100
|-weather|Snowscape|[from] ability: Snow Warning|[of] p1a: Ninetales
|turn|1
|inactive|The RU Agenda has 30 seconds left.
|
|t:|1784236656
|move|p1b: Talonflame|Will-O-Wisp|p2a: Chesnaught
|-status|p2a: Chesnaught|brn
|move|p1a: Ninetales|Blizzard|p2a: Chesnaught|[spread] p2a,p2b
|-supereffective|p2a: Chesnaught|1
|-crit|p2a: Chesnaught
|-damage|p2a: Chesnaught|23/100 brn
|-damage|p2b: Farigiraf|76/100
|move|p2a: Chesnaught|Iron Defense|p2a: Chesnaught
|-boost|p2a: Chesnaught|def|2
|move|p2b: Farigiraf|Trick Room|p2b: Farigiraf
|-fieldstart|move: Trick Room|[of] p2b: Farigiraf
|
|-weather|Snowscape|[upkeep]
|-heal|p2a: Chesnaught|30/100 brn|[from] item: Leftovers
|-damage|p2a: Chesnaught|23/100 brn|[from] brn
|upkeep
|turn|2
|
|t:|1784236676
|move|p2b: Farigiraf|Psychic|p1a: Ninetales
|-damage|p1a: Ninetales|66/100
|move|p2a: Chesnaught|Body Press|p1a: Ninetales
|-damage|p1a: Ninetales|31/100
|move|p1a: Ninetales|Blizzard|p2b: Farigiraf|[spread] p2a,p2b
|-supereffective|p2a: Chesnaught|1
|-damage|p2a: Chesnaught|0 fnt
|-damage|p2b: Farigiraf|54/100
|faint|p2a: Chesnaught
|move|p1b: Talonflame|Will-O-Wisp|p2b: Farigiraf|[miss]
|-miss|p1b: Talonflame|p2b: Farigiraf
|
|-weather|Snowscape|[upkeep]
|upkeep
|
|t:|1784236687
|switch|p2a: Kingambit|Kingambit, L50, M|100/100
|turn|3
|
|t:|1784236704
|switch|p1a: Sinistcha|Sinistcha, L50|100/100
|move|p2a: Kingambit|Protect|p2a: Kingambit
|-singleturn|p2a: Kingambit|Protect
|move|p2b: Farigiraf|Psychic|p1a: Sinistcha
|-damage|p1a: Sinistcha|57/100
|move|p1b: Talonflame|Will-O-Wisp|p2a: Kingambit
|-activate|p2a: Kingambit|move: Protect
|
|-weather|Snowscape|[upkeep]
|upkeep
|turn|4
|
|t:|1784236721
|move|p2a: Kingambit|Kowtow Cleave|p1b: Talonflame
|-damage|p1b: Talonflame|32/100
|move|p2b: Farigiraf|Thunderbolt|p1b: Talonflame
|-supereffective|p1b: Talonflame|1
|-damage|p1b: Talonflame|0 fnt
|faint|p1b: Talonflame
|move|p1a: Sinistcha|Scald|p2a: Kingambit
|-damage|p2a: Kingambit|77/100
|
|-weather|Snowscape|[upkeep]
|upkeep
|
|t:|1784236730
|switch|p1b: Ninetales|Ninetales-Alola, L50, F|31/100
|turn|5
|
|t:|1784236743
|move|p2a: Kingambit|Kowtow Cleave|p1a: Sinistcha
|-supereffective|p1a: Sinistcha|1
|-damage|p1a: Sinistcha|0 fnt
|faint|p1a: Sinistcha
|move|p2b: Farigiraf|Psychic|p1b: Ninetales
|-damage|p1b: Ninetales|0 fnt
|faint|p1b: Ninetales
|
|-weather|none
|-fieldend|move: Trick Room
|upkeep
|
|t:|1784236762
|switch|p1b: Sneasler|Sneasler, L50, F|100/100
|turn|6
|
|t:|1784236775
|move|p2a: Kingambit|Sucker Punch|p1b: Sneasler
|-resisted|p1b: Sneasler|1
|-damage|p1b: Sneasler|61/100
|move|p1b: Sneasler|Close Combat|p2b: Farigiraf
|-damage|p2b: Farigiraf|8/100
|-unboost|p1b: Sneasler|def|1
|-unboost|p1b: Sneasler|spd|1
|-enditem|p2b: Farigiraf|Sitrus Berry|[eat]
|-heal|p2b: Farigiraf|33/100|[from] item: Sitrus Berry
|-enditem|p1b: Sneasler|White Herb
|-clearnegativeboost|p1b: Sneasler|[silent]
|move|p2b: Farigiraf|Psychic|p1b: Sneasler
|-supereffective|p1b: Sneasler|2
|-damage|p1b: Sneasler|0 fnt
|faint|p1b: Sneasler
|
|win|The RU Agenda
|raw|snowyowl260's rating: 1177 → 1163(-14 for losing)
|raw|The RU Agenda's rating: 1341 → 1352(+11 for winning)
