|j|Ōśåkeahi
|j|Ōśåmagicalarcher57
|html|keahimagicalarcher57    
|uhtml|bestof|Game 2 of a best-of-3
|t:|1784876023
|gametype|doubles
|player|p1|keahi|willow|1166
|player|p2|magicalarcher57|clair|1353
|gen|9
|tier|[Gen 9 Champions] VGC 2026 Reg M-B (Bo3)
|rated|
|rule|Species Clause: Limit one of each Pok├®mon
|rule|Item Clause: Limit 1 of each item
|clearpoke
|poke|p1|Tyranitar, L50, M|
|poke|p1|Excadrill, L50, M|
|poke|p1|Barbaracle, L50, M|
|poke|p1|Sylveon, L50, F, shiny|
|poke|p1|Rotom-Heat, L50|
|poke|p1|Sinistcha, L50|
|poke|p2|Sneasler, L50, F|
|poke|p2|Garchomp, L50, F|
|poke|p2|Aerodactyl, L50, M|
|poke|p2|Charizard, L50, F|
|poke|p2|Venusaur, L50, F|
|poke|p2|Kingambit, L50, M|
|teampreview|4
|showteam|p1|Tyranitar||Tyranitarite|SandStream|RockSlide,Protect,Assurance,LowKick|Adamant||M|||50|]Excadrill||FocusSash|SandRush|HighHorsepower,IronHead,Protect,RockTomb|Adamant||M|||50|]Barbaracle||Barbaracite|ToughClaws|ShellSmash,RockSlide,CloseCombat,Protect|Adamant||M|||50|]Sylveon||FairyFeather|Pixilate|HyperVoice,Detect,QuickAttack,HyperBeam|Modest||F|||50|]Rotom-Heat||LightClay|Levitate|Reflect,LightScreen,VoltSwitch,Overheat|Modest|||||50|]Sinistcha||Leftovers|Hospitality|MatchaGotcha,ShadowBall,TrickRoom,RagePowder|Bold|||||50|
|showteam|p2|Sneasler||WhiteHerb|Unburden|FakeOut,CloseCombat,DireClaw,Protect|Adamant||F|||50|]Garchomp||LifeOrb|RoughSkin|Earthquake,StompingTantrum,DragonClaw,Protect|Jolly||F|||50|]Aerodactyl||Aerodactylite|Unnerve|RockSlide,WideGuard,Tailwind,IceFang|Jolly||M|||50|]Charizard||CharizarditeY|Blaze|HeatWave,WeatherBall,SolarBeam,Protect|Modest||F|||50|]Venusaur||FocusSash|Chlorophyll|SolarBeam,SludgeBomb,Protect,EarthPower|Modest||F|||50|]Kingambit||BlackGlasses|Defiant|LowKick,KowtowCleave,SuckerPunch,Protect|Adamant||M|||50|
|inactive|Battle timer is ON: inactive players will automatically lose when time's up. (requested by magicalarcher57)
|
|t:|1784876034
|teamsize|p1|4
|teamsize|p2|4
|start
|switch|p1a: Tyranitar|Tyranitar, L50, M|100/100
|switch|p1b: Rotom|Rotom-Heat, L50|100/100
|switch|p2a: Aerodactyl|Aerodactyl, L50, M|100/100
|switch|p2b: Garchomp|Garchomp, L50, F|100/100
|-ability|p2a: Aerodactyl|Unnerve
|-weather|Sandstorm|[from] ability: Sand Stream|[of] p1a: Tyranitar
|turn|1
|
|t:|1784876056
|detailschange|p2a: Aerodactyl|Aerodactyl-Mega, L50, M
|-mega|p2a: Aerodactyl|Aerodactyl|Aerodactylite
|move|p1a: Tyranitar|Protect|p1a: Tyranitar
|-singleturn|p1a: Tyranitar|Protect
|move|p2a: Aerodactyl|Rock Slide|p1b: Rotom|[spread] p1b
|-activate|p1a: Tyranitar|move: Protect
|-supereffective|p1b: Rotom|1
|-damage|p1b: Rotom|41/100
|move|p2b: Garchomp|Earthquake|p1b: Rotom|[spread] 
|-activate|p1a: Tyranitar|move: Protect
|-immune|p2a: Aerodactyl
|-immune|p1b: Rotom|[from] ability: Levitate
|cant|p1b: Rotom|flinch
|
|-weather|Sandstorm|[upkeep]
|-damage|p1b: Rotom|35/100|[from] Sandstorm
|upkeep
|turn|2
|c|Ōśåmagicalarcher57|Sorry ­¤śŁ
|
|t:|1784876066
|switch|p1a: Sinistcha|Sinistcha, L50|100/100
|-heal|p1b: Rotom|60/100|[from] ability: Hospitality|[of] p1a: Sinistcha
|move|p2a: Aerodactyl|Rock Slide|p1a: Sinistcha|[spread] p1a,p1b
|-supereffective|p1b: Rotom|1
|-damage|p1a: Sinistcha|78/100
|-damage|p1b: Rotom|0 fnt
|faint|p1b: Rotom
|move|p2b: Garchomp|Earthquake|p1a: Sinistcha|[spread] p1a
|-immune|p2a: Aerodactyl
|-resisted|p1a: Sinistcha|1
|-damage|p1a: Sinistcha|58/100
|-damage|p2b: Garchomp|90/100|[from] item: Life Orb
|
|-weather|Sandstorm|[upkeep]
|-damage|p1a: Sinistcha|52/100|[from] Sandstorm
|-heal|p1a: Sinistcha|58/100|[from] item: Leftovers
|upkeep
|c|Ōśåkeahi|/me shrugs
|c|Ōśåkeahi|idc
|c|Ōśåkeahi|oi
|
|t:|1784876079
|switch|p1b: Excadrill|Excadrill, L50, M|100/100
|turn|3
|
|t:|1784876096
|move|p1b: Excadrill|Iron Head|p2b: Garchomp
|-damage|p2b: Garchomp|45/100
|-damage|p1b: Excadrill|87/100|[from] ability: Rough Skin|[of] p2b: Garchomp
|move|p2a: Aerodactyl|Tailwind|p2a: Aerodactyl
|-sidestart|p2: magicalarcher57|move: Tailwind
|move|p2b: Garchomp|Earthquake|p1a: Sinistcha|[spread] p1a,p1b
|-immune|p2a: Aerodactyl
|-resisted|p1a: Sinistcha|1
|-supereffective|p1b: Excadrill|1
|-damage|p1a: Sinistcha|37/100
|-damage|p1b: Excadrill|0 fnt
|faint|p1b: Excadrill
|-damage|p2b: Garchomp|36/100|[from] item: Life Orb
|move|p1a: Sinistcha|Trick Room|p1a: Sinistcha
|-fieldstart|move: Trick Room|[of] p1a: Sinistcha
|
|-weather|Sandstorm|[upkeep]
|-damage|p1a: Sinistcha|31/100|[from] Sandstorm
|-heal|p1a: Sinistcha|37/100|[from] item: Leftovers
|upkeep
|j| perecer trampa
|l| perecer trampa
|
|t:|1784876104
|switch|p1b: Tyranitar|Tyranitar, L50, M|100/100
|turn|4
|
|t:|1784876119
|detailschange|p1b: Tyranitar|Tyranitar-Mega, L50, M
|-mega|p1b: Tyranitar|Tyranitar|Tyranitarite
|move|p1a: Sinistcha|Shadow Ball|p2b: Garchomp
|-damage|p2b: Garchomp|1/100
|move|p1b: Tyranitar|Low Kick|p2a: Aerodactyl
|-damage|p2a: Aerodactyl|49/100
|move|p2b: Garchomp|Earthquake|p1a: Sinistcha|[spread] p1a,p1b
|-immune|p2a: Aerodactyl
|-resisted|p1a: Sinistcha|1
|-supereffective|p1b: Tyranitar|1
|-damage|p1a: Sinistcha|17/100
|-damage|p1b: Tyranitar|39/100
|-damage|p2b: Garchomp|0 fnt|[from] item: Life Orb
|faint|p2b: Garchomp
|move|p2a: Aerodactyl|Rock Slide|p1b: Tyranitar|[spread] p1a,p1b
|-damage|p1a: Sinistcha|0 fnt
|-damage|p1b: Tyranitar|21/100
|faint|p1a: Sinistcha
|
|-weather|Sandstorm|[upkeep]
|upkeep
|
|t:|1784876127
|switch|p2b: Kingambit|Kingambit, L50, M|100/100
|turn|5
|
|t:|1784876132
|move|p2b: Kingambit|Protect|p2b: Kingambit
|-singleturn|p2b: Kingambit|Protect
|move|p1b: Tyranitar|Low Kick|p2b: Kingambit
|-activate|p2b: Kingambit|move: Protect
|move|p2a: Aerodactyl|Rock Slide|p1b: Tyranitar
|-damage|p1b: Tyranitar|0 fnt
|faint|p1b: Tyranitar
|
|win|magicalarcher57
