|j|‽tarakan
|j|☆pyrolytic
|html|tarakanpyrolytic    
|uhtml|bestof|Game 1 of a best-of-3
|t:|1784210562
|gametype|doubles
|player|p1|tarakan|roxie|1080
|player|p2|pyrolytic|n|1193
|gen|9
|tier|[Gen 9 Champions] VGC 2026 Reg M-B (Bo3)
|rated|
|rule|Species Clause: Limit one of each Pokémon
|rule|Item Clause: Limit 1 of each item
|clearpoke
|poke|p1|Rotom-Wash, L50|
|poke|p1|Goodra-Hisui, L50, F|
|poke|p1|Armarouge, L50, M|
|poke|p1|Ceruledge, L50, F|
|poke|p1|Froslass, L50, F|
|poke|p1|Malamar, L50, M|
|poke|p2|Gengar, L50, M|
|poke|p2|Whimsicott, L50, F|
|poke|p2|Kingambit, L50, M|
|poke|p2|Dragonite, L50, F|
|poke|p2|Meowscarada, L50, M|
|poke|p2|Raichu, L50, F|
|teampreview|4
|showteam|p1|Rotom-Wash||QuickClaw|Levitate|HydroPump,WillOWisp,Electroweb,Discharge|Modest|||||50|]Goodra-Hisui||Leftovers|ShellArmor|Shelter,LifeDew,BodyPress,Thunderbolt|Calm||F|||50|]Armarouge||ColburBerry|FlashFire|StoredPower,EnergyBall,ArmorCannon,Protect|Quiet||M|||50|]Ceruledge||FocusSash|FlashFire|BitterBlade,AllySwitch,ShadowSneak,Protect|Serious||F|||50|]Froslass||Froslassite|SnowCloak|AuroraVeil,Blizzard,ShadowBall,Protect|Timid||F|||50|]Malamar||SitrusBerry|Contrary|Superpower,KnockOff,TrickRoom,SkillSwap|Sassy||M|||50|
|showteam|p2|Gengar||Gengarite|CursedBody|ShadowBall,Protect,SludgeBomb,IcyWind|Timid||M|||50|]Whimsicott||FocusSash|Prankster|Moonblast,Taunt,Endeavor,Tailwind|Bold||F|||50|]Kingambit||BlackGlasses|Defiant|KowtowCleave,SuckerPunch,Protect,IronHead|Adamant||M|||50|]Dragonite||LifeOrb|InnerFocus|DracoMeteor,Flamethrower,IceBeam,ExtremeSpeed|Hasty||F|||50|]Meowscarada||MiracleSeed|Protean|FlowerTrick,Protect,Uturn,KnockOff|Jolly||M|||50|]Raichu||RaichuniteY|LightningRod|FakeOut,Protect,ZapCannon,FocusBlast|Timid||F|||50|
|inactive|Battle timer is ON: inactive players will automatically lose when time's up. (requested by pyrolytic)
|inactive|pyrolytic has 60 seconds left.
|
|t:|1784210602
|teamsize|p1|4
|teamsize|p2|4
|start
|switch|p1a: Froslass|Froslass, L50, F|100/100
|switch|p1b: Malamar|Malamar, L50, M|100/100
|switch|p2a: Raichu|Raichu, L50, F|100/100
|switch|p2b: Gengar|Gengar, L50, M|100/100
|turn|1
|inactive|tarakan has 30 seconds left.
|
|t:|1784210628
|detailschange|p1a: Froslass|Froslass-Mega, L50, F
|-mega|p1a: Froslass|Froslass|Froslassite
|-weather|Snowscape|[from] ability: Snow Warning|[of] p1a: Froslass
|detailschange|p2b: Gengar|Gengar-Mega, L50, M
|-mega|p2b: Gengar|Gengar|Gengarite
|move|p2a: Raichu|Fake Out|p1b: Malamar
|-damage|p1b: Malamar|92/100
|move|p2b: Gengar|Shadow Ball|p1a: Froslass
|-supereffective|p1a: Froslass|1
|-damage|p1a: Froslass|0 fnt
|faint|p1a: Froslass
|cant|p1b: Malamar|flinch
|
|-weather|Snowscape|[upkeep]
|upkeep
|
|t:|1784210635
|switch|p1a: Armarouge|Armarouge, L50, M|100/100
|turn|2
|
|t:|1784210648
|move|p1a: Armarouge|Protect|p1a: Armarouge
|-singleturn|p1a: Armarouge|Protect
|move|p2b: Gengar|Shadow Ball|p1a: Armarouge
|-activate|p1a: Armarouge|move: Protect
|move|p2a: Raichu|Zap Cannon|p1b: Malamar
|-damage|p1b: Malamar|51/100
|-status|p1b: Malamar|par
|move|p1b: Malamar|Trick Room|p1b: Malamar
|-fieldstart|move: Trick Room|[of] p1b: Malamar
|
|-weather|Snowscape|[upkeep]
|upkeep
|turn|3
|
|t:|1784210666
|switch|p2b: Kingambit|Kingambit, L50, M|100/100
|move|p1b: Malamar|Skill Swap|p1a: Armarouge
|-activate|p1b: Malamar|Skill Swap|||[of] p1a: Armarouge
|move|p1a: Armarouge|Armor Cannon|p2b: Kingambit
|-supereffective|p2b: Kingambit|1
|-damage|p2b: Kingambit|0 fnt
|-boost|p1a: Armarouge|def|1
|-boost|p1a: Armarouge|spd|1
|faint|p2b: Kingambit
|move|p2a: Raichu|Zap Cannon|p1a: Armarouge
|-damage|p1a: Armarouge|63/100
|-status|p1a: Armarouge|par
|
|-weather|Snowscape|[upkeep]
|upkeep
|
|t:|1784210681
|switch|p2b: Dragonite|Dragonite, L50, F|100/100
|turn|4
|inactive|tarakan has 30 seconds left.
|
|t:|1784210709
|move|p1b: Malamar|Knock Off|p2a: Raichu
|-damage|p2a: Raichu|56/100
|move|p1a: Armarouge|Armor Cannon|p2a: Raichu
|-damage|p2a: Raichu|0 fnt
|-boost|p1a: Armarouge|def|1
|-boost|p1a: Armarouge|spd|1
|faint|p2a: Raichu
|move|p2b: Dragonite|Draco Meteor|p1a: Armarouge
|-damage|p1a: Armarouge|23/100 par
|-unboost|p2b: Dragonite|spa|2
|-damage|p2b: Dragonite|90/100|[from] item: Life Orb
|
|-weather|Snowscape|[upkeep]
|upkeep
|
|t:|1784210723
|switch|p2a: Gengar|Gengar-Mega, L50, M|100/100
|turn|5
|
|t:|1784210732
|move|p2a: Gengar|Protect|p2a: Gengar
|-singleturn|p2a: Gengar|Protect
|move|p2b: Dragonite|Extreme Speed|p1a: Armarouge
|-crit|p1a: Armarouge
|-damage|p1a: Armarouge|0 fnt
|faint|p1a: Armarouge
|-damage|p2b: Dragonite|80/100|[from] item: Life Orb
|move|p1b: Malamar|Knock Off|p2a: Gengar
|-activate|p2a: Gengar|move: Protect
|
|-weather|none
|upkeep
|
|t:|1784210734
|switch|p1a: Goodra|Goodra-Hisui, L50, F|100/100
|turn|6
|
|t:|1784210750
|move|p2a: Gengar|Protect|p2a: Gengar
|-singleturn|p2a: Gengar|Protect
|move|p2b: Dragonite|Extreme Speed|p1b: Malamar
|-damage|p1b: Malamar|19/100 par
|-enditem|p1b: Malamar|Sitrus Berry|[eat]
|-heal|p1b: Malamar|44/100 par|[from] item: Sitrus Berry
|-damage|p2b: Dragonite|71/100|[from] item: Life Orb
|move|p1b: Malamar|Knock Off|p2a: Gengar
|-activate|p2a: Gengar|move: Protect
|move|p1a: Goodra|Thunderbolt|p2a: Gengar
|-activate|p2a: Gengar|move: Protect
|
|-fieldend|move: Trick Room
|upkeep
|turn|7
|inactive|pyrolytic has 30 seconds left.
|inactive|pyrolytic has 20 seconds left.
|inactive|pyrolytic has 15 seconds left.
|
|t:|1784210799
|move|p2b: Dragonite|Extreme Speed|p1a: Goodra
|-resisted|p1a: Goodra|1
|-damage|p1a: Goodra|87/100
|-damage|p2b: Dragonite|61/100|[from] item: Life Orb
|move|p2a: Gengar|Sludge Bomb|p1b: Malamar
|-damage|p1b: Malamar|1/100 par
|move|p1a: Goodra|Thunderbolt|p2a: Gengar
|-damage|p2a: Gengar|70/100
|move|p1b: Malamar|Knock Off|p2a: Gengar
|-supereffective|p2a: Gengar|1
|-damage|p2a: Gengar|7/100
|
|-heal|p1a: Goodra|93/100|[from] item: Leftovers
|upkeep
|turn|8
|
|t:|1784210819
|move|p2b: Dragonite|Extreme Speed|p1b: Malamar
|-damage|p1b: Malamar|0 fnt
|faint|p1b: Malamar
|-damage|p2b: Dragonite|51/100|[from] item: Life Orb
|move|p2a: Gengar|Shadow Ball|p1a: Goodra
|-damage|p1a: Goodra|63/100
|move|p1a: Goodra|Life Dew|p1a: Goodra
|-heal|p1a: Goodra|88/100
|
|-heal|p1a: Goodra|94/100|[from] item: Leftovers
|upkeep
|turn|9
|
|t:|1784210836
|move|p2a: Gengar|Shadow Ball|p1a: Goodra
|-damage|p1a: Goodra|64/100
|move|p2b: Dragonite|Flamethrower|p1a: Goodra
|-damage|p1a: Goodra|54/100
|-damage|p2b: Dragonite|42/100|[from] item: Life Orb
|move|p1a: Goodra|Thunderbolt|p2a: Gengar
|-damage|p2a: Gengar|0 fnt
|faint|p2a: Gengar
|
|-heal|p1a: Goodra|60/100|[from] item: Leftovers
|upkeep
|turn|10
|l|☆pyrolytic
|inactive|pyrolytic disconnected and has a minute to reconnect!
|player|p2|
|inactive|pyrolytic has 30 seconds left.
|inactive|pyrolytic has 20 seconds left.
|inactive|pyrolytic has 15 seconds left.
|inactive|pyrolytic has 10 seconds left.
|inactive|pyrolytic has 5 seconds left.
|-message|pyrolytic lost due to inactivity.
|
|win|tarakan
||tarakan is ready for game 2.
|inactive|pyrolytic has 5 seconds to reconnect!
|raw|tarakan's rating: 1080 → 1117(+37 for winning)
|raw|pyrolytic's rating: 1193 → 1160(-33 for losing)
