|j|☆aqueousbloop
|j|☆Dametrix
|html|aqueousbloopDametrix    
|uhtml|bestof|Game 2 of a best-of-3
|t:|1756220286
|gametype|doubles
|player|p1|aqueousbloop|101|1164
|player|p2|Dametrix|caitlin|1228
|gen|9
|tier|[Gen 9] VGC 2025 Reg H (Bo3)
|rated|
|rule|Species Clause: Limit one of each Pokémon
|rule|Item Clause: Limit 1 of each item
|clearpoke
|poke|p1|Sneasler, L50, F|
|poke|p1|Basculegion, L50, M|
|poke|p1|Pelipper, L50, M|
|poke|p1|Indeedee-F, L50, F|
|poke|p1|Lurantis, L50, F|
|poke|p1|Hatterene, L50, F|
|poke|p2|Gardevoir, L50, F|
|poke|p2|Indeedee, L50, M|
|poke|p2|Sneasler, L50, M|
|poke|p2|Tyranitar, L50, M|
|poke|p2|Excadrill, L50, M|
|poke|p2|Salamence, L50, F|
|teampreview|4
|showteam|p1|Sneasler||SafetyGoggles|PoisonTouch|ThroatChop,CloseCombat,DireClaw,FakeOut|||F|||50|,,,,,Dark]Basculegion||ChoiceBand|SwiftSwim|FlipTurn,WaveCrash,LastRespects,AquaJet|||M|||50|,,,,,Grass]Pelipper||FocusSash|Drizzle|Hurricane,WeatherBall,WideGuard,Protect|||M|||50|,,,,,Ghost]Indeedee-F||PsychicSeed|PsychicSurge|TrickRoom,FollowMe,HelpingHand,Psychic|||F|||50|,,,,,Fairy]Lurantis||AssaultVest|Contrary|Superpower,LeafBlade,KnockOff,LeechLife|||F|||50|,,,,,Poison]Hatterene||LifeOrb|MagicBounce|TrickRoom,ExpandingForce,DazzlingGleam,Protect|||F|||50|,,,,,Psychic
|showteam|p2|Gardevoir||ChoiceScarf|Telepathy|ExpandingForce,DazzlingGleam,Moonblast,Trick|||F|||50|,,,,,Psychic]Indeedee||FocusSash|PsychicSurge|ExpandingForce,TeraBlast,TrickRoom,Imprison|||M|||50|,,,,,Fighting]Sneasler||PsychicSeed|Unburden|CloseCombat,DireClaw,ThroatChop,Protect|||M|||50|,,,,,Stellar]Tyranitar||AssaultVest|SandStream|RockSlide,KnockOff,LowKick,TeraBlast|||M|||50|,,,,,Flying]Excadrill||ClearAmulet|SandRush|Earthquake,IronHead,HighHorsepower,Protect|||M|||50|,,,,,Ghost]Salamence||SafetyGoggles|Intimidate|DracoMeteor,AirSlash,HeatWave,Protect|||F|||50|,,,,,Fairy
|
|t:|1756220311
|teamsize|p1|4
|teamsize|p2|4
|start
|switch|p1a: Sneasler|Sneasler, L50, F|100/100
|switch|p1b: Lurantis|Lurantis, L50, F|100/100
|switch|p2a: Sneasler|Sneasler, L50, M|100/100
|switch|p2b: Gardevoir|Gardevoir, L50, F|100/100
|turn|1
|
|t:|1756220347
|move|p2a: Sneasler|Protect|p2a: Sneasler
|-singleturn|p2a: Sneasler|Protect
|move|p1a: Sneasler|Fake Out|p2b: Gardevoir
|-damage|p2b: Gardevoir|75/100
|cant|p2b: Gardevoir|flinch
|move|p1b: Lurantis|Knock Off|p2a: Sneasler
|-activate|p2a: Sneasler|move: Protect
|
|upkeep
|turn|2
|inactive|Battle timer is ON: inactive players will automatically lose when time's up. (requested by Dametrix)
|inactive|aqueousbloop has 60 seconds left.
|
|t:|1756220474
|switch|p2a: Indeedee|Indeedee, L50, M|100/100
|-fieldstart|move: Psychic Terrain|[from] ability: Psychic Surge|[of] p2a: Indeedee
|move|p2b: Gardevoir|Expanding Force|p1a: Sneasler|[spread] p1a,p1b
|-supereffective|p1a: Sneasler
|-damage|p1a: Sneasler|0 fnt
|-damage|p1b: Lurantis|61/100
|faint|p1a: Sneasler
|move|p1b: Lurantis|Knock Off|p2b: Gardevoir
|-damage|p2b: Gardevoir|23/100
|-enditem|p2b: Gardevoir|Choice Scarf|[from] move: Knock Off|[of] p1b: Lurantis
|
|upkeep
|
|t:|1756220490
|switch|p1a: Pelipper|Pelipper, L50, M|100/100
|-weather|RainDance|[from] ability: Drizzle|[of] p1a: Pelipper
|turn|3
|inactive|aqueousbloop has 30 seconds left.
|inactive|aqueousbloop has 20 seconds left.
|
|t:|1756220531
|move|p1a: Pelipper|Protect|p1a: Pelipper
|-singleturn|p1a: Pelipper|Protect
|move|p2a: Indeedee|Expanding Force|p1a: Pelipper|[spread] p1b
|-activate|p1a: Pelipper|move: Protect
|-damage|p1b: Lurantis|26/100
|move|p2b: Gardevoir|Moonblast|p1a: Pelipper
|-activate|p1a: Pelipper|move: Protect
|move|p1b: Lurantis|Knock Off|p2b: Gardevoir
|-crit|p2b: Gardevoir
|-damage|p2b: Gardevoir|0 fnt
|faint|p2b: Gardevoir
|
|-weather|RainDance|[upkeep]
|upkeep
|
|t:|1756220550
|switch|p2b: Sneasler|Sneasler, L50, M|100/100
|-enditem|p2b: Sneasler|Psychic Seed
|-boost|p2b: Sneasler|spd|1|[from] item: Psychic Seed
|turn|4
|inactive|aqueousbloop has 30 seconds left.
|inactive|aqueousbloop has 20 seconds left.
|inactive|aqueousbloop has 15 seconds left.
|inactive|aqueousbloop has 10 seconds left.
|
|t:|1756220597
|-terastallize|p1a: Pelipper|Ghost
|move|p2b: Sneasler|Dire Claw|p1a: Pelipper
|-resisted|p1a: Pelipper
|-damage|p1a: Pelipper|79/100
|move|p2a: Indeedee|Expanding Force|p1a: Pelipper|[spread] p1a,p1b
|-damage|p1a: Pelipper|10/100
|-damage|p1b: Lurantis|0 fnt
|faint|p1b: Lurantis
|move|p1a: Pelipper|Hurricane|p2b: Sneasler
|-supereffective|p2b: Sneasler
|-damage|p2b: Sneasler|16/100
|-start|p2b: Sneasler|confusion
|
|-weather|RainDance|[upkeep]
|upkeep
|
|t:|1756220610
|switch|p1b: Basculegion|Basculegion, L50, M|100/100
|turn|5
|
|t:|1756220631
|-terastallize|p2b: Sneasler|Stellar
|move|p1a: Pelipper|Wide Guard|p1a: Pelipper
|-singleturn|p1a: Pelipper|Wide Guard
|-activate|p2b: Sneasler|confusion
|-damage|p2b: Sneasler|0 fnt|[from] confusion
|faint|p2b: Sneasler
|move|p1b: Basculegion|Wave Crash|p2a: Indeedee
|-enditem|p2a: Indeedee|Focus Sash
|-damage|p2a: Indeedee|1/100
|-damage|p1b: Basculegion|77/100|[from] Recoil
|move|p2a: Indeedee|Expanding Force|p1b: Basculegion|[spread] 
|-activate|p1a: Pelipper|move: Wide Guard
|-activate|p1b: Basculegion|move: Wide Guard
|
|-weather|RainDance|[upkeep]
|upkeep
|
|t:|1756220638
|switch|p2b: Excadrill|Excadrill, L50, M|100/100
|turn|6
|inactive|aqueousbloop has 30 seconds left.
|
|t:|1756220665
|move|p2b: Excadrill|Protect|p2b: Excadrill
|-singleturn|p2b: Excadrill|Protect
|move|p1b: Basculegion|Wave Crash|p2b: Excadrill
|-activate|p2b: Excadrill|move: Protect
|move|p2a: Indeedee|Expanding Force|p1b: Basculegion|[spread] p1a,p1b
|-damage|p1a: Pelipper|0 fnt
|-damage|p1b: Basculegion|14/100
|faint|p1a: Pelipper
|
|-weather|RainDance|[upkeep]
|-fieldend|move: Psychic Terrain
|upkeep
|turn|7
|
|t:|1756220678
|move|p1b: Basculegion|Wave Crash|p2b: Excadrill
|-supereffective|p2b: Excadrill
|-damage|p2b: Excadrill|0 fnt
|faint|p2b: Excadrill
|-damage|p1b: Basculegion|0 fnt|[from] Recoil
|faint|p1b: Basculegion
|
|win|Dametrix
|raw|aqueousbloop's rating: 1164 → 1144(-20 for losing)
|raw|Dametrix's rating: 1228 → 1248(+20 for winning)
|l|☆Dametrix
|player|p2|
