|j|☆avlin>pele
|j|☆MrsMarxy
|html|avlin>peleMrsMarxy    
|uhtml|bestof|Game 2 of a best-of-3
|t:|1784433444
|gametype|doubles
|player|p1|avlin>pele|102|1169
|player|p2|MrsMarxy|bellelba|1207
|gen|9
|tier|[Gen 9 Champions] VGC 2026 Reg M-B (Bo3)
|rated|
|rule|Species Clause: Limit one of each Pokémon
|rule|Item Clause: Limit 1 of each item
|clearpoke
|poke|p1|Metagross, L50|
|poke|p1|Overqwil, L50, M|
|poke|p1|Pelipper, L50, M|
|poke|p1|Palafin, L50, F|
|poke|p1|Hydreigon, L50, M|
|poke|p1|Floette-Eternal, L50, F|
|poke|p2|Venusaur, L50, M|
|poke|p2|Charizard, L50, M|
|poke|p2|Grimmsnarl, L50, M|
|poke|p2|Archaludon, L50, F|
|poke|p2|Basculegion, L50, M|
|poke|p2|Pelipper, L50, F|
|teampreview|4
|showteam|p1|Metagross||Metagrossite|ClearBody|MeteorMash,PsychicFangs,BulletPunch,Protect|Jolly|||||50|]Overqwil||BlackGlasses|SwiftSwim|PoisonJab,Crunch,Taunt,Protect|Adamant||M|||50|]Pelipper||FocusSash|Drizzle|Hurricane,MuddyWater,Tailwind,Protect|Modest||M|||50|]Palafin||LifeOrb|ZerotoHero|JetPunch,WaveCrash,ThroatChop,Protect|Adamant||F|||50|]Hydreigon||ChoiceScarf|Levitate|DracoMeteor,DarkPulse,Snarl,EarthPower|Modest||M|||50|]Floette-Eternal||Floettite|FlowerVeil|Moonblast,DazzlingGleam,LightofRuin,Protect|Modest||F|||50|
|showteam|p2|Venusaur||FocusSash|Chlorophyll|SludgeBomb,EarthPower,SleepPowder,Protect|Modest||M|||50|]Charizard||CharizarditeY|Blaze|Protect,HeatWave,SolarBeam,WeatherBall|Modest||M|||50|]Grimmsnarl||LightClay|Prankster|SpiritBreak,LightScreen,Reflect,PartingShot|Sassy||M|||50|]Archaludon||Leftovers|Stamina|ElectroShot,DragonPulse,FlashCannon,Protect|Calm||F|||50|]Basculegion||ChoiceScarf|Adaptability|WaveCrash,LastRespects,AquaJet,FlipTurn|Jolly||M|||50|]Pelipper||SitrusBerry|Drizzle|Hurricane,WeatherBall,Tailwind,WideGuard|Modest||F|||50|
|inactive|Battle timer is ON: inactive players will automatically lose when time's up. (requested by MrsMarxy)
|inactive|avlin>pele has 60 seconds left.
|inactive|MrsMarxy has 60 seconds left.
|
|t:|1784433485
|teamsize|p1|4
|teamsize|p2|4
|start
|switch|p1a: Overqwil|Overqwil, L50, M|100/100
|switch|p1b: Hydreigon|Hydreigon, L50, M|100/100
|switch|p2a: Grimmsnarl|Grimmsnarl, L50, M|100/100
|switch|p2b: Archaludon|Archaludon, L50, F|100/100
|turn|1
|
|t:|1784433498
|move|p2a: Grimmsnarl|Light Screen|p2a: Grimmsnarl
|-sidestart|p2: MrsMarxy|move: Light Screen
|move|p1b: Hydreigon|Earth Power|p2b: Archaludon
|-supereffective|p2b: Archaludon|1
|-damage|p2b: Archaludon|59/100
|-ability|p2b: Archaludon|Stamina|boost
|-boost|p2b: Archaludon|def|1
|move|p2b: Archaludon|Dragon Pulse|p1b: Hydreigon
|-supereffective|p1b: Hydreigon|1
|-damage|p1b: Hydreigon|20/100y
|move|p1a: Overqwil|Taunt|p2a: Grimmsnarl
|-start|p2a: Grimmsnarl|move: Taunt
|
|-heal|p2b: Archaludon|65/100|[from] item: Leftovers
|upkeep
|turn|2
|inactive|MrsMarxy has 30 seconds left.
|inactive|MrsMarxy has 20 seconds left.
|
|t:|1784433534
|move|p1b: Hydreigon|Earth Power|p2a: Grimmsnarl
|-damage|p2a: Grimmsnarl|81/100
|move|p2b: Archaludon|Flash Cannon|p1a: Overqwil
|-damage|p1a: Overqwil|64/100
|move|p1a: Overqwil|Poison Jab|p2a: Grimmsnarl
|-supereffective|p2a: Grimmsnarl|1
|-damage|p2a: Grimmsnarl|1/100
|move|p2a: Grimmsnarl|Spirit Break|p1b: Hydreigon
|-supereffective|p1b: Hydreigon|2
|-damage|p1b: Hydreigon|0 fnt
|faint|p1b: Hydreigon
|
|-heal|p2b: Archaludon|71/100|[from] item: Leftovers
|upkeep
|
|t:|1784433545
|switch|p1b: Floette|Floette-Eternal, L50, F|100/100
|turn|3
|inactive|MrsMarxy has 30 seconds left.
|
|t:|1784433575
|switch|p2a: Pelipper|Pelipper, L50, F|100/100
|-weather|RainDance|[from] ability: Drizzle|[of] p2a: Pelipper
|detailschange|p1b: Floette|Floette-Mega, L50, F
|-mega|p1b: Floette|Floette|Floettite
|-ability|p1b: Floette|Fairy Aura
|move|p1a: Overqwil|Crunch|p2b: Archaludon
|-damage|p2b: Archaludon|48/100
|-ability|p2b: Archaludon|Stamina|boost
|-boost|p2b: Archaludon|def|1
|move|p1b: Floette|Dazzling Gleam|p2b: Archaludon|[spread] p2a,p2b
|-damage|p2a: Pelipper|50/100g
|-damage|p2b: Archaludon|20/100y
|-ability|p2b: Archaludon|Stamina|boost
|-boost|p2b: Archaludon|def|1
|move|p2b: Archaludon|Electro Shot||[still]
|-prepare|p2b: Archaludon|Electro Shot
|-boost|p2b: Archaludon|spa|1
|-anim|p2b: Archaludon|Electro Shot|p1a: Overqwil
|-damage|p1a: Overqwil|1/100
|
|-weather|RainDance|[upkeep]
|-heal|p2b: Archaludon|26/100|[from] item: Leftovers
|upkeep
|turn|4
|inactive|avlin>pele has 30 seconds left.
|inactive|avlin>pele has 20 seconds left.
|inactive|avlin>pele has 15 seconds left.
|inactive|MrsMarxy has 30 seconds left.
|
|t:|1784433620
|move|p2b: Archaludon|Protect|p2b: Archaludon
|-singleturn|p2b: Archaludon|Protect
|move|p1a: Overqwil|Crunch|p2a: Pelipper
|-damage|p2a: Pelipper|0 fnt
|faint|p2a: Pelipper
|move|p1b: Floette|Moonblast|p2b: Archaludon
|-activate|p2b: Archaludon|move: Protect
|
|-weather|RainDance|[upkeep]
|-heal|p2b: Archaludon|32/100|[from] item: Leftovers
|upkeep
|
|t:|1784433627
|switch|p2a: Grimmsnarl|Grimmsnarl, L50, M|1/100
|turn|5
|inactive|avlin>pele has 30 seconds left.
|
|t:|1784433661
|move|p2a: Grimmsnarl|Parting Shot|p1b: Floette
|-unboost|p1b: Floette|atk|1
|-unboost|p1b: Floette|spa|1
|
|t:|1784433664
|switch|p2a: Charizard|Charizard, L50, M|100/100|[from] Parting Shot
|move|p1a: Overqwil|Crunch|p2b: Archaludon
|-damage|p2b: Archaludon|18/100
|-ability|p2b: Archaludon|Stamina|boost
|-boost|p2b: Archaludon|def|1
|move|p1b: Floette|Moonblast|p2b: Archaludon
|-damage|p2b: Archaludon|0 fnt
|faint|p2b: Archaludon
|
|-weather|RainDance|[upkeep]
|upkeep
|
|t:|1784433666
|switch|p2b: Grimmsnarl|Grimmsnarl, L50, M|1/100
|turn|6
|
|t:|1784433676
|detailschange|p2a: Charizard|Charizard-Mega-Y, L50, M
|-mega|p2a: Charizard|Charizard|Charizardite Y
|-weather|SunnyDay|[from] ability: Drought|[of] p2a: Charizard
|move|p1b: Floette|Protect|p1b: Floette
|-singleturn|p1b: Floette|Protect
|move|p1a: Overqwil|Protect|p1a: Overqwil
|-singleturn|p1a: Overqwil|Protect
|move|p2b: Grimmsnarl|Reflect|p2b: Grimmsnarl
|-sidestart|p2: MrsMarxy|Reflect
|move|p2a: Charizard|Heat Wave|p1b: Floette|[spread] 
|-activate|p1a: Overqwil|move: Protect
|-activate|p1b: Floette|move: Protect
|
|-weather|SunnyDay|[upkeep]
|upkeep
|turn|7
|
|t:|1784433692
|switch|p1b: Pelipper|Pelipper, L50, M|100/100
|-weather|RainDance|[from] ability: Drizzle|[of] p1b: Pelipper
|move|p2b: Grimmsnarl|Parting Shot|p1b: Pelipper
|-unboost|p1b: Pelipper|atk|1
|-unboost|p1b: Pelipper|spa|1
|move|p1a: Overqwil|Crunch|p2a: Charizard
|-damage|p2a: Charizard|65/100
|move|p2a: Charizard|Heat Wave|p1b: Pelipper|[spread] p1a
|-miss|p2a: Charizard|p1b: Pelipper
|-damage|p1a: Overqwil|0 fnt
|faint|p1a: Overqwil
|
|-weather|RainDance|[upkeep]
|upkeep
|
|t:|1784433701
|switch|p1a: Floette|Floette-Mega, L50, F|100/100
|-ability|p1a: Floette|Fairy Aura
|turn|8
|
|t:|1784433721
|move|p1a: Floette|Moonblast|p2a: Charizard
|-resisted|p2a: Charizard|1
|-damage|p2a: Charizard|41/100
|move|p2a: Charizard|Weather Ball|p1a: Floette
|-damage|p1a: Floette|56/100
|move|p1b: Pelipper|Muddy Water|p2b: Grimmsnarl|[spread] p2a,p2b
|-supereffective|p2a: Charizard|1
|-damage|p2a: Charizard|2/100
|-damage|p2b: Grimmsnarl|0 fnt
|faint|p2b: Grimmsnarl
|
|-weather|RainDance|[upkeep]
|-sideend|p2: MrsMarxy|move: Light Screen
|upkeep
|turn|9
|
|t:|1784433726
|move|p1a: Floette|Moonblast|p2a: Charizard
|-resisted|p2a: Charizard|1
|-damage|p2a: Charizard|0 fnt
|faint|p2a: Charizard
|
|win|avlin>pele
||MrsMarxy is ready for game 3.
||avlin>pele is ready for game 3.
|uhtml|next|Next: Game 3 of 3
|l|☆avlin>pele
|player|p1|
