|j|☆lure shell
|j|☆Capravolante97
|html|lure shellCapravolante97    
|uhtml|bestof|Game 2 of a best-of-3
|t:|1756659161
|gametype|doubles
|player|p1|lure shell|steven|1373
|player|p2|Capravolante97|102|1389
|gen|9
|tier|[Gen 9] VGC 2025 Reg H (Bo3)
|rated|
|rule|Species Clause: Limit one of each Pokémon
|rule|Item Clause: Limit 1 of each item
|clearpoke
|poke|p1|Whimsicott, L50, F|
|poke|p1|Indeedee, L50, M|
|poke|p1|Sneasler, L50, M|
|poke|p1|Ursaluna-Bloodmoon, L50, M|
|poke|p1|Archaludon, L50, F|
|poke|p1|Gholdengo, L50|
|poke|p2|Grimmsnarl, L50, M|
|poke|p2|Gholdengo, L50|
|poke|p2|Rillaboom, L50, M|
|poke|p2|Incineroar, L50, F|
|poke|p2|Annihilape, L50, F|
|poke|p2|Sinistcha-Masterpiece, L50|
|teampreview|4
|showteam|p1|Whimsicott||CovertCloak|Prankster|Moonblast,Taunt,Tailwind,FakeTears|||F|||50|,,,,,Water]Indeedee||FocusSash|PsychicSurge|ExpandingForce,TeraBlast,Imprison,TrickRoom|||M|||50|,,,,,Psychic]Sneasler||PsychicSeed|Unburden|CloseCombat,DireClaw,ThroatChop,Protect|||M|||50|,,,,,Dark]Ursaluna-Bloodmoon||LifeOrb|MindsEye|HyperVoice,BloodMoon,EarthPower,Protect|||M|||50|,,,,,Normal]Archaludon||PowerHerb|Stalwart|ElectroShot,DragonPulse,Thunderbolt,Protect|||F|||50|,,,,,Electric]Gholdengo||MetalCoat|GoodasGold|MakeItRain,NastyPlot,ShadowBall,Protect||||||50|,,,,,Steel
|showteam|p2|Grimmsnarl||LightClay|Prankster|Reflect,LightScreen,ThunderWave,SpiritBreak|||M|||50|,,,,,Ghost]Gholdengo||GrassySeed|GoodasGold|MakeItRain,ShadowBall,NastyPlot,Protect||||||50|,,,,,Water]Rillaboom||AssaultVest|GrassySurge|HighHorsepower,WoodHammer,GrassyGlide,FakeOut|||M|||50|,,,,,Water]Incineroar||SitrusBerry|Intimidate|FakeOut,KnockOff,FlareBlitz,PartingShot|||F|||50|,,,,,Grass]Annihilape||SafetyGoggles|Defiant|RageFist,Protect,DrainPunch,BulkUp|||F|||50|,,,,,Fire]Sinistcha-Masterpiece||RockyHelmet|Hospitality|MatchaGotcha,RagePowder,TrickRoom,Curse||||||50|,,,,,Dark
|inactive|Battle timer is ON: inactive players will automatically lose when time's up. (requested by lure shell)
|inactive|lure shell has 60 seconds left.
|
|t:|1756659207
|teamsize|p1|4
|teamsize|p2|4
|start
|switch|p1a: Ursaluna|Ursaluna-Bloodmoon, L50, M|100/100
|switch|p1b: Gholdengo|Gholdengo, L50|100/100
|switch|p2a: Gholdengo|Gholdengo, L50, shiny|100/100
|switch|p2b: Rillaboom|Rillaboom, L50, M|100/100
|-fieldstart|move: Grassy Terrain|[from] ability: Grassy Surge|[of] p2b: Rillaboom
|-enditem|p2a: Gholdengo|Grassy Seed
|-boost|p2a: Gholdengo|def|1|[from] item: Grassy Seed
|turn|1
|
|t:|1756659232
|switch|p1a: Indeedee|Indeedee, L50, M|100/100
|-fieldstart|move: Psychic Terrain|[from] ability: Psychic Surge|[of] p1a: Indeedee
|-terastallize|p1b: Gholdengo|Steel
|-terastallize|p2a: Gholdengo|Water
|move|p2b: Rillaboom|Fake Out|p1a: Indeedee
|-activate|p1a: Indeedee|move: Psychic Terrain
|move|p1b: Gholdengo|Nasty Plot|p1b: Gholdengo
|-boost|p1b: Gholdengo|spa|2
|move|p2a: Gholdengo|Nasty Plot|p2a: Gholdengo
|-boost|p2a: Gholdengo|spa|2
|
|upkeep
|turn|2
|inactive|lure shell has 30 seconds left.
|
|t:|1756659259
|switch|p2b: Grimmsnarl|Grimmsnarl, L50, M|100/100
|move|p1b: Gholdengo|Protect|p1b: Gholdengo
|-singleturn|p1b: Gholdengo|Protect
|move|p2a: Gholdengo|Protect|p2a: Gholdengo
|-singleturn|p2a: Gholdengo|Protect
|move|p1a: Indeedee|Expanding Force|p2b: Grimmsnarl|[spread] 
|-activate|p2a: Gholdengo|move: Protect
|-immune|p2b: Grimmsnarl
|
|upkeep
|turn|3
|
|t:|1756659281
|move|p2b: Grimmsnarl|Light Screen|p2b: Grimmsnarl
|-sidestart|p2: Capravolante97|move: Light Screen
|move|p1a: Indeedee|Expanding Force|p2a: Gholdengo|[spread] p2a
|-immune|p2b: Grimmsnarl
|-damage|p2a: Gholdengo|69/100
|move|p1b: Gholdengo|Shadow Ball|p2a: Gholdengo
|-damage|p2a: Gholdengo|21/100
|move|p2a: Gholdengo|Make It Rain|p1a: Indeedee|[spread] p1a,p1b
|-resisted|p1b: Gholdengo
|-enditem|p1a: Indeedee|Focus Sash
|-damage|p1a: Indeedee|1/100
|-damage|p1b: Gholdengo|47/100
|-unboost|p2a: Gholdengo|spa|1
|
|upkeep
|turn|4
|
|t:|1756659302
|switch|p2b: Rillaboom|Rillaboom, L50, M|100/100
|-fieldstart|move: Grassy Terrain|[from] ability: Grassy Surge|[of] p2b: Rillaboom
|move|p2a: Gholdengo|Protect|p2a: Gholdengo
|-singleturn|p2a: Gholdengo|Protect
|move|p1a: Indeedee|Expanding Force|p2a: Gholdengo
|-activate|p2a: Gholdengo|move: Protect
|move|p1b: Gholdengo|Make It Rain|p2a: Gholdengo|[spread] p2b
|-activate|p2a: Gholdengo|move: Protect
|-damage|p2b: Rillaboom|16/100
|-unboost|p1b: Gholdengo|spa|1
|
|-heal|p1a: Indeedee|7/100|[from] Grassy Terrain
|-heal|p1b: Gholdengo|53/100|[from] Grassy Terrain
|-heal|p2b: Rillaboom|22/100|[from] Grassy Terrain
|-heal|p2a: Gholdengo|27/100|[from] Grassy Terrain
|upkeep
|turn|5
|inactive|Capravolante97 has 30 seconds left.
|inactive|Capravolante97 has 20 seconds left.
|inactive|Capravolante97 has 15 seconds left.
|
|t:|1756659346
|switch|p1a: Ursaluna|Ursaluna-Bloodmoon, L50, M|100/100
|switch|p2a: Sinistcha|Sinistcha-Masterpiece, L50|100/100
|-heal|p2b: Rillaboom|47/100|[from] ability: Hospitality|[of] p2a: Sinistcha
|move|p1b: Gholdengo|Protect|p1b: Gholdengo
|-singleturn|p1b: Gholdengo|Protect
|move|p2b: Rillaboom|Grassy Glide|p1a: Ursaluna
|-supereffective|p1a: Ursaluna
|-damage|p1a: Ursaluna|40/100
|
|-heal|p1b: Gholdengo|59/100|[from] Grassy Terrain
|-heal|p2b: Rillaboom|53/100|[from] Grassy Terrain
|-heal|p1a: Ursaluna|46/100|[from] Grassy Terrain
|upkeep
|turn|6
|inactive|lure shell has 30 seconds left.
|inactive|Capravolante97 has 30 seconds left.
|inactive|lure shell has 20 seconds left.
|inactive|lure shell has 15 seconds left.
|inactive|Capravolante97 has 20 seconds left.
|inactive|lure shell has 10 seconds left.
|
|t:|1756659396
|switch|p1b: Indeedee|Indeedee, L50, M|7/100
|-fieldstart|move: Psychic Terrain|[from] ability: Psychic Surge|[of] p1b: Indeedee
|switch|p2a: Grimmsnarl|Grimmsnarl, L50, M|100/100
|move|p2b: Rillaboom|High Horsepower|p1b: Indeedee
|-damage|p1b: Indeedee|0 fnt
|faint|p1b: Indeedee
|move|p1a: Ursaluna|Blood Moon|p2a: Grimmsnarl
|-damage|p2a: Grimmsnarl|31/100
|-damage|p1a: Ursaluna|36/100|[from] item: Life Orb
|
|upkeep
|
|t:|1756659410
|switch|p1b: Sneasler|Sneasler, L50, M|100/100
|-enditem|p1b: Sneasler|Psychic Seed
|-boost|p1b: Sneasler|spd|1|[from] item: Psychic Seed
|turn|7
|
|t:|1756659427
|switch|p2b: Sinistcha|Sinistcha-Masterpiece, L50|100/100
|-heal|p2a: Grimmsnarl|55/100|[from] ability: Hospitality|[of] p2b: Sinistcha
|move|p2a: Grimmsnarl|Reflect|p2a: Grimmsnarl
|-sidestart|p2: Capravolante97|Reflect
|move|p1b: Sneasler|Dire Claw|p2b: Sinistcha
|-damage|p2b: Sinistcha|76/100
|-damage|p1b: Sneasler|84/100|[from] item: Rocky Helmet|[of] p2b: Sinistcha
|move|p1a: Ursaluna|Hyper Voice|p2a: Grimmsnarl|[spread] p2a,p2b
|-damage|p2a: Grimmsnarl|23/100
|-damage|p2b: Sinistcha|46/100
|-damage|p1a: Ursaluna|27/100|[from] item: Life Orb
|
|upkeep
|turn|8
|inactive|Capravolante97 has 30 seconds left.
|
|t:|1756659454
|switch|p2b: Rillaboom|Rillaboom, L50, M|53/100
|-fieldstart|move: Grassy Terrain|[from] ability: Grassy Surge|[of] p2b: Rillaboom
|move|p2a: Grimmsnarl|Thunder Wave|p1b: Sneasler
|-status|p1b: Sneasler|par
|move|p1b: Sneasler|Dire Claw|p2a: Grimmsnarl
|-supereffective|p2a: Grimmsnarl
|-damage|p2a: Grimmsnarl|0 fnt
|faint|p2a: Grimmsnarl
|move|p1a: Ursaluna|Blood Moon|p2b: Rillaboom
|-damage|p2b: Rillaboom|0 fnt
|faint|p2b: Rillaboom
|-damage|p1a: Ursaluna|17/100|[from] item: Life Orb
|
|-heal|p1b: Sneasler|90/100 par|[from] Grassy Terrain
|-heal|p1a: Ursaluna|23/100|[from] Grassy Terrain
|upkeep
|
|t:|1756659465
|switch|p2b: Sinistcha|Sinistcha-Masterpiece, L50|46/100
|switch|p2a: Gholdengo|Gholdengo, L50, shiny, tera:Water|27/100
|-heal|p2a: Gholdengo|52/100|[from] ability: Hospitality|[of] p2b: Sinistcha
|turn|9
|
|t:|1756659478
|move|p1b: Sneasler|Protect|p1b: Sneasler
|-singleturn|p1b: Sneasler|Protect
|move|p2a: Gholdengo|Make It Rain|p1a: Ursaluna|[spread] p1a
|-activate|p1b: Sneasler|move: Protect
|-damage|p1a: Ursaluna|0 fnt
|-unboost|p2a: Gholdengo|spa|1
|faint|p1a: Ursaluna
|move|p2b: Sinistcha|Trick Room|p2b: Sinistcha
|-fieldstart|move: Trick Room|[of] p2b: Sinistcha
|
|-heal|p2b: Sinistcha|52/100|[from] Grassy Terrain
|-heal|p2a: Gholdengo|59/100|[from] Grassy Terrain
|-heal|p1b: Sneasler|95/100 par|[from] Grassy Terrain
|upkeep
|
|t:|1756659486
|switch|p1a: Gholdengo|Gholdengo, L50, tera:Steel|59/100
|turn|10
|inactive|lure shell has 30 seconds left.
|
|t:|1756659514
|move|p2b: Sinistcha|Rage Powder|p2b: Sinistcha
|-singleturn|p2b: Sinistcha|move: Rage Powder
|move|p2a: Gholdengo|Nasty Plot|p2a: Gholdengo
|-boost|p2a: Gholdengo|spa|2
|move|p1a: Gholdengo|Shadow Ball|p2b: Sinistcha
|-supereffective|p2b: Sinistcha
|-damage|p2b: Sinistcha|5/100
|cant|p1b: Sneasler|par
|
|-heal|p2b: Sinistcha|11/100|[from] Grassy Terrain
|-heal|p2a: Gholdengo|65/100|[from] Grassy Terrain
|-heal|p1a: Gholdengo|65/100|[from] Grassy Terrain
|-heal|p1b: Sneasler|100/100 par|[from] Grassy Terrain
|-sideend|p2: Capravolante97|move: Light Screen
|upkeep
|turn|11
|
|t:|1756659531
|move|p2b: Sinistcha|Matcha Gotcha|p1b: Sneasler|[spread] p1a,p1b
|-resisted|p1a: Gholdengo
|-resisted|p1b: Sneasler
|-damage|p1a: Gholdengo|46/100
|-heal|p2b: Sinistcha|20/100|[from] drain|[of] p1a: Gholdengo
|-damage|p1b: Sneasler|86/100 par
|-heal|p2b: Sinistcha|26/100|[from] drain|[of] p1b: Sneasler
|-status|p1a: Gholdengo|brn
|move|p2a: Gholdengo|Make It Rain|p1a: Gholdengo|[spread] p1a,p1b
|-resisted|p1a: Gholdengo
|-crit|p1b: Sneasler
|-damage|p1a: Gholdengo|6/100 brn
|-damage|p1b: Sneasler|0 fnt
|-unboost|p2a: Gholdengo|spa|1
|faint|p1b: Sneasler
|move|p1a: Gholdengo|Make It Rain|p2a: Gholdengo|[spread] p2a,p2b
|-resisted|p2a: Gholdengo
|-damage|p2a: Gholdengo|28/100
|-damage|p2b: Sinistcha|0 fnt
|-unboost|p1a: Gholdengo|spa|1
|faint|p2b: Sinistcha
|
|-heal|p2a: Gholdengo|34/100|[from] Grassy Terrain
|-heal|p1a: Gholdengo|12/100 brn|[from] Grassy Terrain
|-damage|p1a: Gholdengo|6/100 brn|[from] brn
|upkeep
|turn|12
|
|t:|1756659547
|move|p2a: Gholdengo|Shadow Ball|p1a: Gholdengo
|-damage|p1a: Gholdengo|0 fnt
|faint|p1a: Gholdengo
|
|win|Capravolante97
|c|☆lure shell|tie
||lure shell is ready for game 3.
|inactive|Capravolante97 has 30 seconds to confirm battle start!
|c|☆Capravolante97|Senza crit perdevo credo
||Capravolante97 is ready for game 3.
|uhtml|next|Next: Game 3 of 3
