|j|☆sgt254
|j|☆robby w
|html|sgt254robby w    
|uhtml|bestof|Game 3 of a best-of-3
|t:|1756565272
|gametype|doubles
|player|p1|sgt254|parasollady|1136
|player|p2|robby w|pokekid|1338
|gen|9
|tier|[Gen 9] VGC 2025 Reg H (Bo3)
|rated|
|rule|Species Clause: Limit one of each Pokémon
|rule|Item Clause: Limit 1 of each item
|clearpoke
|poke|p1|Politoed, L50, M|
|poke|p1|Kingdra, L50, M|
|poke|p1|Archaludon, L50, M|
|poke|p1|Amoonguss, L50, F|
|poke|p1|Incineroar, L50, F|
|poke|p1|Gothitelle, L50, F|
|poke|p2|Dondozo, L50, M|
|poke|p2|Tatsugiri, L50, F|
|poke|p2|Sneasler, L50, F|
|poke|p2|Indeedee, L50, M|
|poke|p2|Ursaluna-Bloodmoon, L50, M|
|poke|p2|Electabuzz, L50, F|
|teampreview|4
|showteam|p1|Politoed||Leftovers|Drizzle|PerishSong,WeatherBall,Protect,IceBeam|||M|||50|,,,,,Grass]Kingdra||LifeOrb|SwiftSwim|MuddyWater,DracoMeteor,Protect,WeatherBall|||M|||50|,,,,,Stellar]Archaludon||PowerHerb|Stalwart|ElectroShot,FlashCannon,Protect,DragonPulse|||M|||50|,,,,,Electric]Amoonguss||EjectButton|Regenerator|RagePowder,Spore,Protect,PollenPuff|||F|||50|,,,,,Fire]Incineroar||SafetyGoggles|Intimidate|Protect,FakeOut,KnockOff,PartingShot|||F|||50|,,,,,Ghost]Gothitelle||SitrusBerry|ShadowTag|Taunt,FakeOut,Psychic,Protect|||F|||50|,,,,,Dark
|showteam|p2|Dondozo||Leftovers|Unaware|Protect,WaveCrash,Earthquake,OrderUp|||M|||50|,,,,,Grass]Tatsugiri||ChoiceScarf|Commander|DragonPulse,IcyWind,DracoMeteor,MuddyWater|||F|||50|,,,,,Stellar]Sneasler||PsychicSeed|Unburden|DireClaw,CloseCombat,Protect,ThroatChop|||F|||50|,,,,,Dark]Indeedee||FocusSash|PsychicSurge|DazzlingGleam,TrickRoom,ExpandingForce,Protect|||M|||50|,,,,,Fairy]Ursaluna-Bloodmoon||LifeOrb|MindsEye|BloodMoon,Protect,HyperVoice,EarthPower|||M|||50|,,,,,Normal]Electabuzz||Eviolite|VitalSpirit|Electroweb,Protect,FollowMe,Taunt|||F|||50|,,,,,Ghost
|
|t:|1756565296
|teamsize|p1|4
|teamsize|p2|4
|start
|switch|p1a: Gothitelle|Gothitelle, L50, F|100/100
|switch|p1b: Archaludon|Archaludon, L50, M|100/100
|switch|p2a: Dondozo|Dondozo, L50, M, shiny|100/100
|switch|p2b: Tatsugiri|Tatsugiri, L50, F|100/100
|-activate|p2b: Tatsugiri|ability: Commander|[of] p2a: Dondozo
|-boost|p2a: Dondozo|atk|2
|-boost|p2a: Dondozo|spa|2
|-boost|p2a: Dondozo|spe|2
|-boost|p2a: Dondozo|def|2
|-boost|p2a: Dondozo|spd|2
|turn|1
|inactive|Battle timer is ON: inactive players will automatically lose when time's up. (requested by robby w)
|
|t:|1756565311
|move|p2a: Dondozo|Protect|p2a: Dondozo
|-singleturn|p2a: Dondozo|Protect
|move|p1a: Gothitelle|Fake Out|p2a: Dondozo
|-activate|p2a: Dondozo|move: Protect
|move|p1b: Archaludon|Electro Shot||[still]
|-prepare|p1b: Archaludon|Electro Shot
|-boost|p1b: Archaludon|spa|1
|-enditem|p1b: Archaludon|Power Herb
|-anim|p1b: Archaludon|Electro Shot|p2a: Dondozo
|-activate|p2a: Dondozo|move: Protect
|
|upkeep
|turn|2
|
|t:|1756565329
|switch|p1a: Politoed|Politoed, L50, M|100/100
|-weather|RainDance|[from] ability: Drizzle|[of] p1a: Politoed
|-terastallize|p2a: Dondozo|Grass
|move|p2a: Dondozo|Earthquake|p1a: Politoed|[spread] p1a,p1b
|-miss|p2a: Dondozo|p2b: Tatsugiri
|-supereffective|p1b: Archaludon
|-crit|p1b: Archaludon
|-damage|p1a: Politoed|44/100
|-damage|p1b: Archaludon|0 fnt
|faint|p1b: Archaludon
|
|-weather|RainDance|[upkeep]
|-heal|p1a: Politoed|50/100|[from] item: Leftovers
|upkeep
|
|t:|1756565337
|switch|p1b: Gothitelle|Gothitelle, L50, F|100/100
|turn|3
|
|t:|1756565348
|move|p2a: Dondozo|Protect|p2a: Dondozo
|-singleturn|p2a: Dondozo|Protect
|move|p1b: Gothitelle|Fake Out|p2a: Dondozo
|-activate|p2a: Dondozo|move: Protect
|move|p1a: Politoed|Perish Song|p1a: Politoed
|-start|p1a: Politoed|perish3|[silent]
|-start|p1b: Gothitelle|perish3|[silent]
|-start|p2a: Dondozo|perish3|[silent]
|-miss|p1a: Politoed|p2b: Tatsugiri
|-fieldactivate|move: Perish Song
|
|-weather|RainDance|[upkeep]
|-heal|p1a: Politoed|56/100|[from] item: Leftovers
|-start|p2a: Dondozo|perish3
|-start|p1a: Politoed|perish3
|-start|p1b: Gothitelle|perish3
|upkeep
|turn|4
|
|t:|1756565374
|move|p1a: Politoed|Protect|p1a: Politoed
|-singleturn|p1a: Politoed|Protect
|move|p2a: Dondozo|Earthquake|p1b: Gothitelle|[spread] p1b
|-miss|p2a: Dondozo|p2b: Tatsugiri
|-activate|p1a: Politoed|move: Protect
|-damage|p1b: Gothitelle|49/100
|-enditem|p1b: Gothitelle|Sitrus Berry|[eat]
|-heal|p1b: Gothitelle|73/100|[from] item: Sitrus Berry
|move|p1b: Gothitelle|Taunt|p2a: Dondozo
|-start|p2a: Dondozo|move: Taunt
|
|-weather|RainDance|[upkeep]
|-heal|p1a: Politoed|62/100|[from] item: Leftovers
|-start|p2a: Dondozo|perish2
|-start|p1a: Politoed|perish2
|-start|p1b: Gothitelle|perish2
|upkeep
|turn|5
|inactive|sgt254 has 30 seconds left.
|
|t:|1756565401
|switch|p1b: Amoonguss|Amoonguss, L50, F, shiny|100/100
|-terastallize|p1a: Politoed|Grass
|move|p2a: Dondozo|Earthquake|p1a: Politoed|[spread] p1a,p1b
|-miss|p2a: Dondozo|p2b: Tatsugiri
|-resisted|p1a: Politoed
|-damage|p1a: Politoed|36/100
|-damage|p1b: Amoonguss|49/100
|-enditem|p1b: Amoonguss|Eject Button
|
|t:|1756565410
|switch|p1b: Gothitelle|Gothitelle, L50, F|73/100
|move|p1a: Politoed|Ice Beam|p2a: Dondozo
|-supereffective|p2a: Dondozo
|-damage|p2a: Dondozo|78/100
|
|-weather|RainDance|[upkeep]
|-heal|p2a: Dondozo|85/100|[from] item: Leftovers
|-heal|p1a: Politoed|42/100|[from] item: Leftovers
|-start|p2a: Dondozo|perish1
|-start|p1a: Politoed|perish1
|upkeep
|turn|6
|
|t:|1756565426
|switch|p1a: Amoonguss|Amoonguss, L50, F, shiny|82/100
|move|p1b: Gothitelle|Fake Out|p2a: Dondozo
|-damage|p2a: Dondozo|82/100
|cant|p2a: Dondozo|flinch
|
|-weather|none
|-heal|p2a: Dondozo|89/100|[from] item: Leftovers
|-start|p2a: Dondozo|perish0
|upkeep
|faint|p2a: Dondozo
|
|t:|1756565437
|switch|p2a: Indeedee|Indeedee, L50, M|100/100
|-fieldstart|move: Psychic Terrain|[from] ability: Psychic Surge|[of] p2a: Indeedee
|turn|7
|
|t:|1756565460
|move|p2b: Tatsugiri|Draco Meteor|p1b: Gothitelle
|-damage|p1b: Gothitelle|29/100
|-unboost|p2b: Tatsugiri|spa|2
|move|p2a: Indeedee|Expanding Force|p1a: Amoonguss|[spread] p1a,p1b
|-supereffective|p1a: Amoonguss
|-resisted|p1b: Gothitelle
|-damage|p1a: Amoonguss|8/100
|-damage|p1b: Gothitelle|10/100
|move|p1b: Gothitelle|Psychic|p2b: Tatsugiri
|-damage|p2b: Tatsugiri|52/100
|-unboost|p2b: Tatsugiri|spd|1
|move|p1a: Amoonguss|Spore|p2a: Indeedee
|-status|p2a: Indeedee|slp|[from] move: Spore
|
|upkeep
|turn|8
|inactive|robby w has 30 seconds left.
|
|t:|1756565494
|switch|p1a: Politoed|Politoed, L50, M, tera:Grass|42/100
|-weather|RainDance|[from] ability: Drizzle|[of] p1a: Politoed
|move|p1b: Gothitelle|Protect|p1b: Gothitelle
|-singleturn|p1b: Gothitelle|Protect
|move|p2b: Tatsugiri|Draco Meteor|p1a: Politoed
|-damage|p1a: Politoed|21/100
|-unboost|p2b: Tatsugiri|spa|2
|cant|p2a: Indeedee|slp
|
|-weather|RainDance|[upkeep]
|-heal|p1a: Politoed|27/100|[from] item: Leftovers
|upkeep
|turn|9
|inactive|robby w has 30 seconds left.
|
|t:|1756565526
|switch|p1b: Amoonguss|Amoonguss, L50, F, shiny|41/100
|move|p2b: Tatsugiri|Draco Meteor|p1b: Amoonguss
|-damage|p1b: Amoonguss|27/100
|-unboost|p2b: Tatsugiri|spa|2
|cant|p2a: Indeedee|slp
|move|p1a: Politoed|Perish Song|p1a: Politoed
|-start|p1a: Politoed|perish3|[silent]
|-start|p1b: Amoonguss|perish3|[silent]
|-start|p2a: Indeedee|perish3|[silent]
|-start|p2b: Tatsugiri|perish3|[silent]
|-fieldactivate|move: Perish Song
|
|-weather|RainDance|[upkeep]
|-heal|p1a: Politoed|33/100|[from] item: Leftovers
|-start|p2b: Tatsugiri|perish3
|-start|p2a: Indeedee|perish3
|-start|p1a: Politoed|perish3
|-start|p1b: Amoonguss|perish3
|upkeep
|turn|10
|
|t:|1756565550
|switch|p1a: Gothitelle|Gothitelle, L50, F|10/100
|move|p2b: Tatsugiri|Draco Meteor|p1b: Amoonguss
|-damage|p1b: Amoonguss|17/100
|cant|p2a: Indeedee|slp
|move|p1b: Amoonguss|Pollen Puff|p1a: Gothitelle
|-heal|p1a: Gothitelle|60/100
|
|-weather|RainDance|[upkeep]
|-start|p2b: Tatsugiri|perish2
|-start|p2a: Indeedee|perish2
|-start|p1b: Amoonguss|perish2
|upkeep
|turn|11
|
|t:|1756565569
|switch|p1b: Politoed|Politoed, L50, M, tera:Grass|33/100
|move|p1a: Gothitelle|Protect|p1a: Gothitelle
|-singleturn|p1a: Gothitelle|Protect
|move|p2b: Tatsugiri|Draco Meteor|p1a: Gothitelle
|-activate|p1a: Gothitelle|move: Protect
|-curestatus|p2a: Indeedee|slp|[msg]
|move|p2a: Indeedee|Expanding Force|p1b: Politoed|[spread] p1b
|-activate|p1a: Gothitelle|move: Protect
|-damage|p1b: Politoed|0 fnt
|faint|p1b: Politoed
|
|-weather|RainDance|[upkeep]
|-start|p2b: Tatsugiri|perish1
|-start|p2a: Indeedee|perish1
|-fieldend|move: Psychic Terrain
|upkeep
|
|t:|1756565583
|switch|p1b: Amoonguss|Amoonguss, L50, F, shiny|50/100
|turn|12
|
|t:|1756565604
|move|p1b: Amoonguss|Protect|p1b: Amoonguss
|-singleturn|p1b: Amoonguss|Protect
|move|p2b: Tatsugiri|Draco Meteor|p1a: Gothitelle
|-damage|p1a: Gothitelle|48/100
|move|p2a: Indeedee|Dazzling Gleam|p1b: Amoonguss|[spread] p1a
|-activate|p1b: Amoonguss|move: Protect
|-damage|p1a: Gothitelle|34/100
|move|p1a: Gothitelle|Psychic|p2a: Indeedee
|-resisted|p2a: Indeedee
|-damage|p2a: Indeedee|79/100
|
|-weather|none
|-start|p2b: Tatsugiri|perish0
|-start|p2a: Indeedee|perish0
|faint|p2b: Tatsugiri
|faint|p2a: Indeedee
|upkeep
|
|t:|1756565621
|switch|p2b: Sneasler|Sneasler, L50, F|100/100
|turn|13
|
|t:|1756565636
|move|p1b: Amoonguss|Rage Powder|p1b: Amoonguss
|-singleturn|p1b: Amoonguss|move: Rage Powder
|move|p2b: Sneasler|Dire Claw|p1b: Amoonguss
|-damage|p1b: Amoonguss|3/100
|-status|p1b: Amoonguss|slp
|move|p1a: Gothitelle|Psychic|p2b: Sneasler
|-supereffective|p2b: Sneasler
|-damage|p2b: Sneasler|0 fnt
|faint|p2b: Sneasler
|
|win|sgt254
|raw|sgt254's rating: 1136 → 1174(+38 for winning)
|raw|robby w's rating: 1338 → 1308(-30 for losing)
|l|☆sgt254
|player|p1|
