|j|☆nem_foka
|j|☆Zdog2015
|html|nem_fokaZdog2015    
|uhtml|bestof|Game 1 of a best-of-3
|t:|1784206778
|gametype|doubles
|player|p1|nem_foka|102|1120
|player|p2|Zdog2015|1|1144
|gen|9
|tier|[Gen 9 Champions] VGC 2026 Reg M-B (Bo3)
|rated|
|rule|Species Clause: Limit one of each Pokémon
|rule|Item Clause: Limit 1 of each item
|clearpoke
|poke|p1|Gengar, L50, M|
|poke|p1|Incineroar, L50, M|
|poke|p1|Grimmsnarl, L50, M|
|poke|p1|Espathra, L50, M|
|poke|p1|Floette-Eternal, L50, F|
|poke|p1|Sinistcha, L50|
|poke|p2|Kingambit, L50, F|
|poke|p2|Whimsicott, L50, F|
|poke|p2|Basculegion, L50, M|
|poke|p2|Garchomp, L50, F|
|poke|p2|Charizard, L50, M|
|poke|p2|Floette-Eternal, L50, F|
|teampreview|4
|showteam|p1|Gengar||Gengarite|CursedBody|SludgeBomb,Disable,PerishSong,Protect|Calm||M|||50|]Incineroar||ChopleBerry|Intimidate|FakeOut,FlareBlitz,DarkestLariat,PartingShot|Naughty||M|||50|]Grimmsnarl||LightClay|Prankster|FakeOut,LightScreen,Reflect,PartingShot|Impish||M|||50|]Espathra||Leftovers|SpeedBoost|LuminaCrash,BatonPass,CalmMind,Protect|Calm||M|||50|]Floette-Eternal||Floettite|FlowerVeil|DazzlingGleam,Moonblast,ChillingWater,Protect|Modest||F|||50|]Sinistcha||SitrusBerry|Hospitality|MatchaGotcha,RagePowder,LifeDew,Protect|Calm|||||50|
|showteam|p2|Kingambit||ChopleBerry|Defiant|KowtowCleave,LowKick,SuckerPunch,Protect|Adamant||F|||50|]Whimsicott||FocusSash|Prankster|Moonblast,Tailwind,Encore,Protect|Timid||F|||50|]Basculegion||MysticWater|Adaptability|WaveCrash,LastRespects,AquaJet,Protect|Adamant||M|||50|]Garchomp||LifeOrb|RoughSkin|DragonClaw,RockSlide,Earthquake,Protect|Jolly||F|||50|]Charizard||CharizarditeY|Blaze|WeatherBall,HeatWave,SolarBeam,Protect|Modest||M|||50|]Floette-Eternal||Floettite|FlowerVeil|Moonblast,DazzlingGleam,LightofRuin,Protect|Timid||F|||50|
|inactive|Battle timer is ON: inactive players will automatically lose when time's up. (requested by nem_foka)
|inactive|Zdog2015 has 60 seconds left.
|
|t:|1784206866
|teamsize|p1|4
|teamsize|p2|4
|start
|switch|p1a: Grimmsnarl|Grimmsnarl, L50, M|100/100
|switch|p1b: Gengar|Gengar, L50, M|100/100
|switch|p2a: Whimsicott|Whimsicott, L50, F|100/100
|switch|p2b: Kingambit|Kingambit, L50, F|100/100
|turn|1
|inactive|nem_foka has 30 seconds left.
|
|t:|1784206898
|detailschange|p1b: Gengar|Gengar-Mega, L50, M
|-mega|p1b: Gengar|Gengar|Gengarite
|move|p1a: Grimmsnarl|Fake Out|p2b: Kingambit
|-resisted|p2b: Kingambit|1
|-damage|p2b: Kingambit|96/100
|move|p2a: Whimsicott|Tailwind|p2a: Whimsicott
|-sidestart|p2: Zdog2015|move: Tailwind
|cant|p2b: Kingambit|flinch
|move|p1b: Gengar|Perish Song|p1b: Gengar
|-start|p1a: Grimmsnarl|perish3|[silent]
|-start|p1b: Gengar|perish3|[silent]
|-start|p2a: Whimsicott|perish3|[silent]
|-start|p2b: Kingambit|perish3|[silent]
|-fieldactivate|move: Perish Song
|
|-start|p2a: Whimsicott|perish3
|-start|p2b: Kingambit|perish3
|-start|p1b: Gengar|perish3
|-start|p1a: Grimmsnarl|perish3
|upkeep
|turn|2
|
|t:|1784206922
|switch|p1a: Incineroar|Incineroar, L50, M|100/100
|-ability|p1a: Incineroar|Intimidate|boost
|-unboost|p2a: Whimsicott|atk|1
|-unboost|p2b: Kingambit|atk|1
|-ability|p2b: Kingambit|Defiant|boost
|-boost|p2b: Kingambit|atk|2
|move|p1b: Gengar|Protect|p1b: Gengar
|-singleturn|p1b: Gengar|Protect
|move|p2a: Whimsicott|Encore|p1b: Gengar
|-activate|p1b: Gengar|move: Protect
|move|p2b: Kingambit|Kowtow Cleave|p1b: Gengar
|-activate|p1b: Gengar|move: Protect
|
|-start|p2a: Whimsicott|perish2
|-start|p2b: Kingambit|perish2
|-start|p1b: Gengar|perish2
|upkeep
|turn|3
|inactive|Zdog2015 has 30 seconds left.
|
|t:|1784206948
|move|p1a: Incineroar|Fake Out|p2b: Kingambit
|-resisted|p2b: Kingambit|1
|-damage|p2b: Kingambit|91/100
|move|p2a: Whimsicott|Encore|p1b: Gengar
|-start|p1b: Gengar|Encore
|move|p1b: Gengar|Protect|p1b: Gengar
|-singleturn|p1b: Gengar|Protect
|cant|p2b: Kingambit|flinch
|
|-start|p2a: Whimsicott|perish1
|-start|p2b: Kingambit|perish1
|-start|p1b: Gengar|perish1
|upkeep
|turn|4
|inactive|nem_foka has 30 seconds left.
|inactive|Zdog2015 has 30 seconds left.
|inactive|nem_foka has 20 seconds left.
|
|t:|1784206987
|switch|p1b: Grimmsnarl|Grimmsnarl, L50, M|100/100
|move|p2a: Whimsicott|Moonblast|p1a: Incineroar
|-damage|p1a: Incineroar|62/100
|move|p2b: Kingambit|Low Kick|p1a: Incineroar
|-supereffective|p1a: Incineroar|1
|-enditem|p1a: Incineroar|Chople Berry|[eat]
|-enditem|p1a: Incineroar|Chople Berry|[weaken]
|-damage|p1a: Incineroar|21/100
|move|p1a: Incineroar|Parting Shot|p2a: Whimsicott
|-unboost|p2a: Whimsicott|atk|1
|-unboost|p2a: Whimsicott|spa|1
|
|t:|1784206998
|switch|p1a: Gengar|Gengar-Mega, L50, M|100/100|[from] Parting Shot
|
|-start|p2a: Whimsicott|perish0
|-start|p2b: Kingambit|perish0
|-sideend|p2: Zdog2015|move: Tailwind
|upkeep
|faint|p2a: Whimsicott
|faint|p2b: Kingambit
|
|t:|1784207004
|switch|p2a: Basculegion|Basculegion, L50, M|100/100
|switch|p2b: Floette|Floette-Eternal, L50, F|100/100
|turn|5
|
|t:|1784207021
|detailschange|p2b: Floette|Floette-Mega, L50, F
|-mega|p2b: Floette|Floette|Floettite
|-ability|p2b: Floette|Fairy Aura
|move|p1b: Grimmsnarl|Fake Out|p2b: Floette
|-damage|p2b: Floette|84/100
|cant|p2b: Floette|flinch
|move|p1a: Gengar|Perish Song|p1a: Gengar
|-start|p1a: Gengar|perish3|[silent]
|-start|p1b: Grimmsnarl|perish3|[silent]
|-start|p2a: Basculegion|perish3|[silent]
|-start|p2b: Floette|perish3|[silent]
|-fieldactivate|move: Perish Song
|move|p2a: Basculegion|Last Respects|p1a: Gengar
|-supereffective|p1a: Gengar|1
|-damage|p1a: Gengar|0 fnt
|faint|p1a: Gengar
|
|-start|p2b: Floette|perish3
|-start|p2a: Basculegion|perish3
|-start|p1b: Grimmsnarl|perish3
|upkeep
|
|t:|1784207038
|switch|p1a: Incineroar|Incineroar, L50, M|21/100
|-ability|p1a: Incineroar|Intimidate|boost
|-unboost|p2a: Basculegion|atk|1
|-unboost|p2b: Floette|atk|1
|turn|6
|
|t:|1784207050
|move|p2b: Floette|Protect|p2b: Floette
|-singleturn|p2b: Floette|Protect
|move|p1a: Incineroar|Fake Out|p2b: Floette
|-activate|p2b: Floette|move: Protect
|move|p1b: Grimmsnarl|Reflect|p1b: Grimmsnarl
|-sidestart|p1: nem_foka|Reflect
|move|p2a: Basculegion|Wave Crash|p1a: Incineroar
|-supereffective|p1a: Incineroar|1
|-damage|p1a: Incineroar|0 fnt
|faint|p1a: Incineroar
|-damage|p2a: Basculegion|93/100|[from] Recoil
|
|-start|p2b: Floette|perish2
|-start|p2a: Basculegion|perish2
|-start|p1b: Grimmsnarl|perish2
|upkeep
|
|t:|1784207064
|switch|p1a: Sinistcha|Sinistcha, L50|100/100
|turn|7
|
|t:|1784207072
|move|p1a: Sinistcha|Protect|p1a: Sinistcha
|-singleturn|p1a: Sinistcha|Protect
|move|p1b: Grimmsnarl|Light Screen|p1b: Grimmsnarl
|-sidestart|p1: nem_foka|move: Light Screen
|move|p2b: Floette|Dazzling Gleam|p1a: Sinistcha|[spread] p1b
|-activate|p1a: Sinistcha|move: Protect
|-supereffective|p1b: Grimmsnarl|1
|-damage|p1b: Grimmsnarl|28/100
|move|p2a: Basculegion|Last Respects|p1a: Sinistcha
|-activate|p1a: Sinistcha|move: Protect
|
|-start|p2b: Floette|perish1
|-start|p2a: Basculegion|perish1
|-start|p1b: Grimmsnarl|perish1
|upkeep
|turn|8
|inactive|nem_foka has 30 seconds left.
|inactive|nem_foka has 20 seconds left.
|inactive|nem_foka has 15 seconds left.
|inactive|nem_foka has 10 seconds left.
|
|t:|1784207121
|move|p1a: Sinistcha|Protect||[still]
|-fail|p1a: Sinistcha
|move|p1b: Grimmsnarl|Parting Shot|p2a: Basculegion
|-unboost|p2a: Basculegion|atk|1
|-unboost|p2a: Basculegion|spa|1
|move|p2b: Floette|Dazzling Gleam|p1a: Sinistcha|[spread] p1a,p1b
|-supereffective|p1b: Grimmsnarl|1
|-damage|p1a: Sinistcha|65/100
|-damage|p1b: Grimmsnarl|0 fnt
|faint|p1b: Grimmsnarl
|move|p2a: Basculegion|Last Respects|p1a: Sinistcha
|-supereffective|p1a: Sinistcha|1
|-damage|p1a: Sinistcha|10/100
|-enditem|p1a: Sinistcha|Sitrus Berry|[eat]
|-heal|p1a: Sinistcha|34/100|[from] item: Sitrus Berry
|
|-start|p2b: Floette|perish0
|-start|p2a: Basculegion|perish0
|faint|p2b: Floette
|faint|p2a: Basculegion
|
|win|nem_foka
|inactive|nem_foka has 30 seconds to confirm battle start!
|inactive|Zdog2015 has 30 seconds to confirm battle start!
||nem_foka is ready for game 2.
