|j|☆tedidn
|j|☆Cyberman152
|html|tedidnCyberman152    
|uhtml|bestof|Game 3 of a best-of-3
|t:|1754176288
|gametype|doubles
|player|p1|tedidn|marshal|1198
|player|p2|Cyberman152|1|1224
|gen|9
|tier|[Gen 9] VGC 2025 Reg H (Bo3)
|rated|
|rule|Species Clause: Limit one of each Pokémon
|rule|Item Clause: Limit 1 of each item
|clearpoke
|poke|p1|Dragonite, L50, M|
|poke|p1|Rillaboom, L50, M|
|poke|p1|Sneasler, L50, F|
|poke|p1|Volcarona, L50, M|
|poke|p1|Electabuzz, L50, M|
|poke|p1|Kingambit, L50, M|
|poke|p2|Archaludon, L50, M|
|poke|p2|Pelipper, L50, M|
|poke|p2|Basculegion, L50, M|
|poke|p2|Incineroar, L50, M|
|poke|p2|Rillaboom, L50, M|
|poke|p2|Volcarona, L50, F|
|teampreview|4
|showteam|p1|Dragonite||LoadedDice|Multiscale|ScaleShot,ExtremeSpeed,Haze,Protect|||M|||50|,,,,,Fairy]Rillaboom||AssaultVest|GrassySurge|WoodHammer,GrassyGlide,FakeOut,Uturn|||M|||50|,,,,,Fire]Sneasler||FocusSash|Unburden|CloseCombat,Coaching,DireClaw,FakeOut|||F|||50|,,,,,Stellar]Volcarona||GrassySeed|FlameBody|HeatWave,QuiverDance,GigaDrain,Protect|||M|||50|,,,,,Grass]Electabuzz||Eviolite|VitalSpirit|Thunderbolt,Taunt,FollowMe,Protect|||M|||50|,,,,,Ghost]Kingambit||SafetyGoggles|Defiant|KowtowCleave,SuckerPunch,SwordsDance,Protect|||M|||50|,,,,,Dark
|showteam|p2|Archaludon||AssaultVest|Stamina|FlashCannon,DragonPulse,ElectroShot,BodyPress|||M|||50|,,,,,Bug]Pelipper||FocusSash|Drizzle|WeatherBall,Hurricane,Tailwind,Protect|||M|||50|,,,,,Stellar]Basculegion||ChoiceBand|SwiftSwim|WaveCrash,FlipTurn,AquaJet,LastRespects|||M|||50|,,,,,Grass]Incineroar||SafetyGoggles|Intimidate|KnockOff,FakeOut,Taunt,PartingShot|||M|||50|,,,,,Ghost]Rillaboom||LoadedDice|GrassySurge|BulletSeed,GrassyGlide,FakeOut,Protect|||M|||50|,,,,,Fire]Volcarona||GrassySeed|FlameBody|FieryDance,TeraBlast,QuiverDance,Protect|||F|||50|,,,,,Fairy
|
|t:|1754176349
|teamsize|p1|4
|teamsize|p2|4
|start
|switch|p1a: Noxia|Sneasler, L50, F|100/100
|switch|p1b: Tokugawa|Kingambit, L50, M|100/100
|switch|p2a: Pelipper|Pelipper, L50, M, shiny|100/100
|switch|p2b: Basculegion|Basculegion, L50, M, shiny|100/100
|-weather|RainDance|[from] ability: Drizzle|[of] p2a: Pelipper
|turn|1
|
|t:|1754176373
|switch|p2a: Archaludon|Archaludon, L50, M, shiny|100/100
|move|p1b: Tokugawa|Protect|p1b: Tokugawa
|-singleturn|p1b: Tokugawa|Protect
|move|p2b: Basculegion|Wave Crash|p1b: Tokugawa
|-activate|p1b: Tokugawa|move: Protect
|move|p1a: Noxia|Coaching|p1b: Tokugawa
|-boost|p1b: Tokugawa|atk|1
|-boost|p1b: Tokugawa|def|1
|
|-weather|RainDance|[upkeep]
|upkeep
|turn|2
|
|t:|1754176401
|-terastallize|p2b: Basculegion|Grass
|move|p2b: Basculegion|Wave Crash|p1b: Tokugawa
|-damage|p1b: Tokugawa|29/100
|-damage|p2b: Basculegion|75/100|[from] Recoil
|move|p1a: Noxia|Coaching|p1b: Tokugawa
|-boost|p1b: Tokugawa|atk|1
|-boost|p1b: Tokugawa|def|1
|move|p2a: Archaludon|Electro Shot||[still]
|-prepare|p2a: Archaludon|Electro Shot
|-boost|p2a: Archaludon|spa|1
|-anim|p2a: Archaludon|Electro Shot|p1a: Noxia
|-damage|p1a: Noxia|7/100
|move|p1b: Tokugawa|Kowtow Cleave|p2b: Basculegion
|-damage|p2b: Basculegion|0 fnt
|faint|p2b: Basculegion
|
|-weather|RainDance|[upkeep]
|upkeep
|
|t:|1754176412
|switch|p2b: Pelipper|Pelipper, L50, M, shiny|100/100
|turn|3
|
|t:|1754176432
|-terastallize|p1b: Tokugawa|Dark
|move|p1b: Tokugawa|Sucker Punch|p2a: Archaludon
|-damage|p2a: Archaludon|15/100
|-ability|p2a: Archaludon|Stamina|boost
|-boost|p2a: Archaludon|def|1
|move|p1a: Noxia|Dire Claw|p2b: Pelipper
|-damage|p2b: Pelipper|45/100
|move|p2a: Archaludon|Body Press|p1b: Tokugawa
|-supereffective|p1b: Tokugawa
|-damage|p1b: Tokugawa|3/100
|move|p2b: Pelipper|Hurricane|p1b: Tokugawa
|-damage|p1b: Tokugawa|0 fnt
|faint|p1b: Tokugawa
|
|-weather|RainDance|[upkeep]
|upkeep
|
|t:|1754176444
|switch|p1b: Harambe|Rillaboom, L50, M|100/100
|-fieldstart|move: Grassy Terrain|[from] ability: Grassy Surge|[of] p1b: Harambe
|turn|4
|
|t:|1754176461
|switch|p2a: Incineroar|Incineroar, L50, M, shiny|100/100
|-ability|p2a: Incineroar|Intimidate|boost
|-unboost|p1a: Noxia|atk|1
|-unboost|p1b: Harambe|atk|1
|move|p2b: Pelipper|Protect|p2b: Pelipper
|-singleturn|p2b: Pelipper|Protect
|move|p1b: Harambe|Fake Out|p2b: Pelipper
|-activate|p2b: Pelipper|move: Protect
|move|p1a: Noxia|Close Combat|p2a: Incineroar
|-supereffective|p2a: Incineroar
|-damage|p2a: Incineroar|23/100
|-unboost|p1a: Noxia|def|1
|-unboost|p1a: Noxia|spd|1
|
|-weather|RainDance|[upkeep]
|-heal|p1a: Noxia|13/100|[from] Grassy Terrain
|-heal|p2a: Incineroar|29/100|[from] Grassy Terrain
|upkeep
|turn|5
|
|t:|1754176479
|switch|p2b: Archaludon|Archaludon, L50, M, shiny|15/100
|move|p2a: Incineroar|Fake Out|p1a: Noxia
|-damage|p1a: Noxia|0 fnt
|faint|p1a: Noxia
|move|p1b: Harambe|Grassy Glide|p2b: Archaludon
|-resisted|p2b: Archaludon
|-damage|p2b: Archaludon|10/100
|-ability|p2b: Archaludon|Stamina|boost
|-boost|p2b: Archaludon|def|1
|
|-weather|none
|-heal|p2b: Archaludon|16/100|[from] Grassy Terrain
|-heal|p2a: Incineroar|35/100|[from] Grassy Terrain
|upkeep
|
|t:|1754176482
|switch|p1a: Sinatra|Volcarona, L50, M|100/100
|-enditem|p1a: Sinatra|Grassy Seed
|-boost|p1a: Sinatra|def|1|[from] item: Grassy Seed
|turn|6
|
|t:|1754176519
|move|p1a: Sinatra|Heat Wave|p2b: Archaludon|[spread] p2a,p2b
|-resisted|p2a: Incineroar
|-damage|p2a: Incineroar|21/100
|-damage|p2b: Archaludon|0 fnt
|faint|p2b: Archaludon
|move|p1b: Harambe|Wood Hammer|p2a: Incineroar
|-resisted|p2a: Incineroar
|-damage|p2a: Incineroar|0 fnt
|faint|p2a: Incineroar
|-damage|p1b: Harambe|93/100|[from] Recoil
|
|-heal|p1b: Harambe|99/100|[from] Grassy Terrain
|upkeep
|
|t:|1754176522
|switch|p2b: Pelipper|Pelipper, L50, M, shiny|45/100
|-weather|RainDance|[from] ability: Drizzle|[of] p2b: Pelipper
|turn|7
|
|t:|1754176528
|move|p1a: Sinatra|Giga Drain|p2b: Pelipper
|-damage|p2b: Pelipper|0 fnt
|faint|p2b: Pelipper
|
|win|tedidn
|raw|tedidn's rating: 1198 → 1225(+27 for winning)
|raw|Cyberman152's rating: 1224 → 1197(-27 for losing)
