|j|☆cuquabu
|j|☆exessevio
|html|cuquabuexessevio    
|uhtml|bestof|Game 2 of a best-of-3
|t:|1785756067
|gametype|doubles
|player|p1|cuquabu|lucas|1154
|player|p2|exessevio|169|1113
|gen|9
|tier|[Gen 9 Champions] VGC 2026 Reg M-B (Bo3)
|rated|
|rule|Species Clause: Limit one of each Pokémon
|rule|Item Clause: Limit 1 of each item
|clearpoke
|poke|p1|Basculegion, L50, M, shiny|
|poke|p1|Garchomp, L50, F, shiny|
|poke|p1|Scizor, L50, F, shiny|
|poke|p1|Tyranitar, L50, M, shiny|
|poke|p1|Sneasler, L50, M, shiny|
|poke|p1|Corviknight, L50, M, shiny|
|poke|p2|Altaria, L50, M|
|poke|p2|Delphox, L50, F|
|poke|p2|Garchomp, L50, F|
|poke|p2|Kangaskhan, L50, F|
|poke|p2|Aerodactyl, L50, F|
|poke|p2|Incineroar, L50, F|
|teampreview|4
|showteam|p1|Basculegion||SitrusBerry|Adaptability|WaveCrash,LastRespects,AquaJet,Protect|Jolly||M|||50|]Garchomp||Garchompite|RoughSkin|EarthPower,DracoMeteor,PowerGem,Protect|Modest||F|||50|]Scizor||LifeOrb|Technician|BulletPunch,BugBite,SwordsDance,Protect|Adamant||F|||50|]Tyranitar||ChoiceScarf|SandStream|RockSlide,KnockOff,IcePunch,Superpower|Jolly||M|||50|]Sneasler||FocusSash|PoisonTouch|PoisonJab,CloseCombat,FakeOut,Protect|Jolly||M|||50|]Corviknight||Leftovers|MirrorArmor|IronHead,BraveBird,Tailwind,Protect|Impish||M|||50|
|showteam|p2|Altaria||YacheBerry|CloudNine|Tailwind,HelpingHand,DazzlingGleam,HeatWave|Bold||M|||50|]Delphox||Delphoxite|Blaze|Psyshock,HeatWave,NastyPlot,Protect|Timid||F|||50|]Garchomp||LifeOrb|RoughSkin|Earthquake,RockSlide,DragonClaw,StompingTantrum|Adamant||F|||50|]Kangaskhan||SilkScarf|Scrappy|FakeOut,LastResort|Adamant||F|||50|]Aerodactyl||Aerodactylite|RockHead|IceFang,RockSlide,Tailwind,WideGuard|Jolly||F|||50|]Incineroar||SitrusBerry|Intimidate|FakeOut,PartingShot,FlareBlitz,ThroatChop|Careful||F|||50|
|inactive|Battle timer is ON: inactive players will automatically lose when time's up. (requested by cuquabu)
|inactive|cuquabu has 60 seconds left.
|inactive|cuquabu has 30 seconds left.
|inactive|cuquabu has 20 seconds left.
|
|t:|1785756140
|teamsize|p1|4
|teamsize|p2|4
|start
|switch|p1a: Sneasler|Sneasler, L50, M, shiny|100/100
|switch|p1b: Basculegion|Basculegion, L50, M, shiny|100/100
|switch|p2a: Kangaskhan|Kangaskhan, L50, F|100/100
|switch|p2b: Aerodactyl|Aerodactyl, L50, F|100/100
|turn|1
|inactive|exessevio has 30 seconds left.
|
|t:|1785756171
|switch|p2b: Incineroar|Incineroar, L50, F|100/100
|-ability|p2b: Incineroar|Intimidate|boost
|-unboost|p1a: Sneasler|atk|1
|-unboost|p1b: Basculegion|atk|1
|move|p1a: Sneasler|Fake Out|p2b: Incineroar
|-damage|p2b: Incineroar|93/100
|-status|p2b: Incineroar|psn|[from] ability: Poison Touch|[of] p1a: Sneasler
|move|p2a: Kangaskhan|Fake Out|p1a: Sneasler
|-damage|p1a: Sneasler|63/100
|move|p1b: Basculegion|Wave Crash|p2a: Kangaskhan
|-damage|p2a: Kangaskhan|52/100
|-damage|p1b: Basculegion|83/100|[from] Recoil
|
|-damage|p2b: Incineroar|80/100 psn|[from] psn
|upkeep
|turn|2
|inactive|cuquabu has 30 seconds left.
|inactive|exessevio has 30 seconds left.
|inactive|cuquabu has 20 seconds left.
|
|t:|1785756208
|switch|p1b: Scizor|Scizor, L50, F, shiny|100/100
|switch|p2a: Garchomp|Garchomp, L50, F|100/100
|switch|p2b: Aerodactyl|Aerodactyl, L50, F|100/100
|move|p1a: Sneasler|Protect||[still]
|-fail|p1a: Sneasler
|
|upkeep
|turn|3
|inactive|cuquabu has 30 seconds left.
|inactive|exessevio has 30 seconds left.
|inactive|cuquabu has 20 seconds left.
|inactive|exessevio has 20 seconds left.
|inactive|cuquabu has 15 seconds left.
|inactive|exessevio has 15 seconds left.
|inactive|cuquabu has 10 seconds left.
|inactive|exessevio has 10 seconds left.
|inactive|exessevio has 5 seconds left.
|
|t:|1785756258
|switch|p2a: Incineroar|Incineroar, L50, F|80/100 psn
|-ability|p2a: Incineroar|Intimidate|boost
|-unboost|p1a: Sneasler|atk|1
|-unboost|p1b: Scizor|atk|1
|detailschange|p2b: Aerodactyl|Aerodactyl-Mega, L50, F
|-mega|p2b: Aerodactyl|Aerodactyl|Aerodactylite
|move|p1b: Scizor|Bullet Punch|p2b: Aerodactyl
|-supereffective|p2b: Aerodactyl|1
|-damage|p2b: Aerodactyl|20/100y
|-damage|p1b: Scizor|90/100|[from] item: Life Orb
|move|p2b: Aerodactyl|Tailwind|p2b: Aerodactyl
|-sidestart|p2: exessevio|move: Tailwind
|move|p1a: Sneasler|Close Combat|p2a: Incineroar
|-supereffective|p2a: Incineroar|1
|-damage|p2a: Incineroar|33/100 psn
|-unboost|p1a: Sneasler|def|1
|-unboost|p1a: Sneasler|spd|1
|-enditem|p2a: Incineroar|Sitrus Berry|[eat]
|-heal|p2a: Incineroar|57/100 psn|[from] item: Sitrus Berry
|
|-damage|p2a: Incineroar|45/100 psn|[from] psn
|upkeep
|turn|4
|inactive|cuquabu has 30 seconds left.
|
|t:|1785756292
|switch|p2b: Kangaskhan|Kangaskhan, L50, F|52/100
|switch|p1a: Garchomp|Garchomp, L50, F, shiny|100/100
|move|p1b: Scizor|Protect|p1b: Scizor
|-singleturn|p1b: Scizor|Protect
|move|p2a: Incineroar|Fake Out|p1b: Scizor
|-activate|p1b: Scizor|move: Protect
|
|-damage|p2a: Incineroar|33/100 psn|[from] psn
|upkeep
|turn|5
|inactive|exessevio has 30 seconds left.
|inactive|cuquabu has 30 seconds left.
|inactive|exessevio has 20 seconds left.
|inactive|exessevio has 15 seconds left.
|inactive|exessevio has 10 seconds left.
|
|t:|1785756341
|switch|p1b: Basculegion|Basculegion, L50, M, shiny|83/100
|detailschange|p1a: Garchomp|Garchomp-Mega, L50, F, shiny
|-mega|p1a: Garchomp|Garchomp|Garchompite
|move|p2b: Kangaskhan|Fake Out|p1b: Basculegion
|-damage|p1b: Basculegion|59/100
|move|p2a: Incineroar|Parting Shot|p1a: Garchomp
|-unboost|p1a: Garchomp|atk|1
|-unboost|p1a: Garchomp|spa|1
|
|t:|1785756358
|switch|p2a: Garchomp|Garchomp, L50, F|100/100|[from] Parting Shot
|move|p1a: Garchomp|Earth Power|p2b: Kangaskhan
|-damage|p2b: Kangaskhan|20/100y
|
|upkeep
|turn|6
|l|☆exessevio
|inactive|exessevio disconnected and has a minute to reconnect!
|player|p2|
|j|☆exessevio
|inactive|exessevio reconnected and has 35 seconds left.
|player|p2|exessevio|169|
|inactive|exessevio has 30 seconds left.
|inactive|exessevio has 20 seconds left.
|
|t:|1785756398
|switch|p2b: Incineroar|Incineroar, L50, F|33/100 psn
|-ability|p2b: Incineroar|Intimidate|boost
|-unboost|p1a: Garchomp|atk|1
|-unboost|p1b: Basculegion|atk|1
|move|p1a: Garchomp|Protect|p1a: Garchomp
|-singleturn|p1a: Garchomp|Protect
|move|p1b: Basculegion|Aqua Jet|p2b: Incineroar
|-supereffective|p2b: Incineroar|1
|-damage|p2b: Incineroar|7/100 psn
|move|p2a: Garchomp|Earthquake|p1a: Garchomp|[spread] p2b,p1b
|-activate|p1a: Garchomp|move: Protect
|-supereffective|p2b: Incineroar|1
|-damage|p2b: Incineroar|0 fnt
|-damage|p1b: Basculegion|0 fnt
|faint|p2b: Incineroar
|faint|p1b: Basculegion
|-damage|p2a: Garchomp|90/100|[from] item: Life Orb
|
|-sideend|p2: exessevio|move: Tailwind
|upkeep
|l|☆exessevio
|inactive|exessevio disconnected and has a minute to reconnect!
|player|p2|
|inactive|exessevio has 30 seconds left.
|j|☆exessevio
|inactive|exessevio reconnected and has 30 seconds left.
|player|p2|exessevio|169|
|
|t:|1785756427
|switch|p1b: Sneasler|Sneasler, L50, M, shiny|63/100
|switch|p2b: Kangaskhan|Kangaskhan, L50, F|20/100y
|turn|7
|l|☆exessevio
|inactive|exessevio disconnected and has a minute to reconnect!
|player|p2|
|j|☆exessevio
|inactive|exessevio reconnected and has 35 seconds left.
|player|p2|exessevio|169|
|inactive|cuquabu has 30 seconds left.
|inactive|exessevio has 30 seconds left.
|
|t:|1785756462
|switch|p1a: Scizor|Scizor, L50, F, shiny|90/100
|move|p1b: Sneasler|Fake Out|p2b: Kangaskhan
|-damage|p2b: Kangaskhan|5/100
|cant|p2b: Kangaskhan|flinch
|move|p2a: Garchomp|Dragon Claw|p1a: Scizor
|-resisted|p1a: Scizor|1
|-damage|p1a: Scizor|60/100
|-damage|p2a: Garchomp|80/100|[from] item: Life Orb
|
|upkeep
|turn|8
|
|t:|1785756477
|switch|p2b: Aerodactyl|Aerodactyl-Mega, L50, F|20/100y
|move|p1a: Scizor|Bullet Punch|p2b: Aerodactyl
|-supereffective|p2b: Aerodactyl|1
|-damage|p2b: Aerodactyl|0 fnt
|faint|p2b: Aerodactyl
|-damage|p1a: Scizor|50/100g|[from] item: Life Orb
|move|p1b: Sneasler|Close Combat|p2a: Garchomp
|-damage|p2a: Garchomp|23/100
|-unboost|p1b: Sneasler|def|1
|-unboost|p1b: Sneasler|spd|1
|-damage|p1b: Sneasler|50/100g|[from] ability: Rough Skin|[of] p2a: Garchomp
|move|p2a: Garchomp|Earthquake|p1b: Sneasler|[spread] p1a,p1b
|-supereffective|p1b: Sneasler|1
|-damage|p1a: Scizor|0 fnt
|-damage|p1b: Sneasler|0 fnt
|faint|p1a: Scizor
|faint|p1b: Sneasler
|-damage|p2a: Garchomp|13/100|[from] item: Life Orb
|
|upkeep
|l|☆exessevio
|inactive|exessevio disconnected and has a minute to reconnect!
|player|p2|
|j|☆exessevio
|inactive|exessevio reconnected and has 35 seconds left.
|player|p2|exessevio|169|
|
|t:|1785756500
|switch|p2b: Kangaskhan|Kangaskhan, L50, F|5/100
|switch|p1b: Garchomp|Garchomp-Mega, L50, F, shiny|100/100
|turn|9
|
|t:|1785756506
|move|p1b: Garchomp|Protect|p1b: Garchomp
|-singleturn|p1b: Garchomp|Protect
|move|p2b: Kangaskhan|Fake Out|p1b: Garchomp
|-activate|p1b: Garchomp|move: Protect
|move|p2a: Garchomp|Dragon Claw|p1b: Garchomp
|-activate|p1b: Garchomp|move: Protect
|
|upkeep
|turn|10
|
|t:|1785756529
|move|p2a: Garchomp|Dragon Claw|p1b: Garchomp
|-supereffective|p1b: Garchomp|1
|-damage|p1b: Garchomp|1/100
|-damage|p2a: Garchomp|4/100|[from] item: Life Orb
|move|p1b: Garchomp|Earth Power|p2a: Garchomp
|-damage|p2a: Garchomp|0 fnt
|faint|p2a: Garchomp
|move|p2b: Kangaskhan|Last Resort|p1b: Garchomp
|-damage|p1b: Garchomp|0 fnt
|faint|p1b: Garchomp
|
|win|exessevio
||cuquabu is ready for game 3.
|inactive|exessevio has 30 seconds to confirm battle start!
|inactive|exessevio has 20 seconds to confirm battle start!
||exessevio is ready for game 3.
|uhtml|next|Next: Game 3 of 3
|l|☆exessevio
|player|p2|
|l|☆cuquabu
|player|p1|
|j|☆exessevio
|player|p2|exessevio|169|
