|j|☆Gastrosophilipp
|j|☆xDesert98
|html|GastrosophilippxDesert98    
|uhtml|bestof|Game 2 of a best-of-3
|t:|1786040717
|gametype|doubles
|player|p1|Gastrosophilipp|juan|
|player|p2|xDesert98|266|
|gen|9
|tier|[Gen 9 Champions] VGC 2026 Reg M-B (Bo3)
|rule|Species Clause: Limit one of each Pokémon
|rule|Item Clause: Limit 1 of each item
|clearpoke
|poke|p1|Sinistcha, L50|
|poke|p1|Incineroar, L50, M|
|poke|p1|Milotic, L50, F|
|poke|p1|Raichu, L50, M|
|poke|p1|Espathra, L50, F|
|poke|p1|Ceruledge, L50, M|
|poke|p2|Staraptor, L50, M|
|poke|p2|Garchomp, L50, M|
|poke|p2|Whimsicott, L50, M|
|poke|p2|Delphox, L50, M|
|poke|p2|Glimmora, L50, M|
|poke|p2|Kingambit, L50, M|
|teampreview|4
|showteam|p1|Sinistcha||KasibBerry|Hospitality|MatchaGotcha,LifeDew,RagePowder,Protect|Relaxed|||||50|]Incineroar||SitrusBerry|Intimidate|FlareBlitz,ThroatChop,FakeOut,PartingShot|Impish||M|||50|]Milotic||Leftovers|Competitive|MuddyWater,Coil,Hypnosis,Protect|Calm||F|||50|]Raichu||RaichuniteY|LightningRod|ZapCannon,FocusBlast,FakeOut,Protect|Timid||M|||50|]Espathra||LifeOrb|SpeedBoost|LuminaCrash,EnergyBall,LightScreen,Protect|Timid||F|||50|]Ceruledge||FocusSash|FlashFire|BitterBlade,ShadowSneak,BulkUp,Protect|Adamant||M|||50|
|showteam|p2|Staraptor||Staraptite|Intimidate|Protect,Roost,CloseCombat,BraveBird|Jolly||M|||50|]Garchomp||LifeOrb|RoughSkin|Protect,RockSlide,Earthquake,DragonClaw|Jolly||M|||50|]Whimsicott||OccaBerry|Prankster|Moonblast,Tailwind,Charm,LightScreen|Timid||M|||50|]Delphox||Delphoxite|Magician|Protect,Psychic,HeatWave,Substitute|Timid||M|||50|]Glimmora||FocusSash|ToxicDebris|SpikyShield,SludgeBomb,EarthPower,PowerGem|Timid||M|||50|]Kingambit||ChopleBerry|Defiant|SuckerPunch,LowKick,IronHead,KowtowCleave|Adamant||M|||50|
|inactive|Battle timer is ON: inactive players will automatically lose when time's up. (requested by Gastrosophilipp)
|inactive|Gastrosophilipp has 60 seconds left.
|
|t:|1786040770
|teamsize|p1|4
|teamsize|p2|4
|start
|switch|p1a: Milotic|Milotic, L50, F|100/100
|switch|p1b: Raichu|Raichu, L50, M|100/100
|switch|p2a: Garchomp|Garchomp, L50, M|100/100
|switch|p2b: Kingambit|Kingambit, L50, M|100/100
|turn|1
|inactive|Gastrosophilipp has 30 seconds left.
|inactive|xDesert98 has 30 seconds left.
|inactive|Gastrosophilipp has 20 seconds left.
|inactive|xDesert98 has 20 seconds left.
|inactive|Gastrosophilipp has 15 seconds left.
|inactive|Gastrosophilipp has 10 seconds left.
|inactive|xDesert98 has 15 seconds left.
|
|t:|1786040819
|detailschange|p1b: Raichu|Raichu-Mega-Y, L50, M
|-mega|p1b: Raichu|Raichu|Raichunite Y
|move|p1b: Raichu|Protect|p1b: Raichu
|-singleturn|p1b: Raichu|Protect
|move|p2a: Garchomp|Dragon Claw|p1a: Milotic
|-damage|p1a: Milotic|55/100
|-damage|p2a: Garchomp|90/100|[from] item: Life Orb
|move|p1a: Milotic|Coil|p1a: Milotic
|-boost|p1a: Milotic|atk|1
|-boost|p1a: Milotic|def|1
|-boost|p1a: Milotic|accuracy|1
|move|p2b: Kingambit|Kowtow Cleave|p1a: Milotic
|-damage|p1a: Milotic|31/100
|
|-heal|p1a: Milotic|37/100|[from] item: Leftovers
|upkeep
|turn|2
|inactive|Gastrosophilipp has 30 seconds left.
|
|t:|1786040853
|switch|p1b: Incineroar|Incineroar, L50, M|100/100
|-ability|p1b: Incineroar|Intimidate|boost
|-unboost|p2a: Garchomp|atk|1
|-unboost|p2b: Kingambit|atk|1
|-ability|p2b: Kingambit|Defiant|boost
|-boost|p2b: Kingambit|atk|2
|switch|p2b: Whimsicott|Whimsicott, L50, M|100/100
|move|p2a: Garchomp|Earthquake|p1b: Incineroar|[spread] p2b,p1a,p1b
|-resisted|p2b: Whimsicott|1
|-supereffective|p1b: Incineroar|1
|-damage|p2b: Whimsicott|78/100
|-damage|p1a: Milotic|17/100
|-damage|p1b: Incineroar|48/100
|-enditem|p1b: Incineroar|Sitrus Berry|[eat]
|-heal|p1b: Incineroar|73/100|[from] item: Sitrus Berry
|-damage|p2a: Garchomp|80/100|[from] item: Life Orb
|move|p1a: Milotic|Hypnosis|p2b: Whimsicott
|-status|p2b: Whimsicott|slp|[from] move: Hypnosis
|
|-heal|p1a: Milotic|23/100|[from] item: Leftovers
|upkeep
|turn|3
|inactive|Gastrosophilipp has 30 seconds left.
|inactive|xDesert98 has 30 seconds left.
|inactive|Gastrosophilipp has 20 seconds left.
|inactive|xDesert98 has 20 seconds left.
|inactive|xDesert98 has 15 seconds left.
|inactive|xDesert98 has 10 seconds left.
|
|t:|1786040902
|move|p1b: Incineroar|Fake Out|p2a: Garchomp
|-damage|p2a: Garchomp|69/100
|-damage|p1b: Incineroar|60/100|[from] ability: Rough Skin|[of] p2a: Garchomp
|cant|p2b: Whimsicott|slp
|cant|p2a: Garchomp|flinch
|move|p1a: Milotic|Coil|p1a: Milotic
|-boost|p1a: Milotic|atk|1
|-boost|p1a: Milotic|def|1
|-boost|p1a: Milotic|accuracy|1
|
|-heal|p1a: Milotic|29/100|[from] item: Leftovers
|upkeep
|turn|4
|
|t:|1786040922
|move|p1a: Milotic|Protect|p1a: Milotic
|-singleturn|p1a: Milotic|Protect
|cant|p2b: Whimsicott|slp
|move|p2a: Garchomp|Earthquake|p1a: Milotic|[spread] p2b,p1b
|-activate|p1a: Milotic|move: Protect
|-resisted|p2b: Whimsicott|1
|-supereffective|p1b: Incineroar|1
|-damage|p2b: Whimsicott|57/100 slp
|-damage|p1b: Incineroar|9/100
|-damage|p2a: Garchomp|59/100|[from] item: Life Orb
|move|p1b: Incineroar|Parting Shot|p2a: Garchomp
|-unboost|p2a: Garchomp|atk|1
|-unboost|p2a: Garchomp|spa|1
|
|t:|1786040936
|switch|p1b: Ceruledge|Ceruledge, L50, M|100/100|[from] Parting Shot
|
|-heal|p1a: Milotic|35/100|[from] item: Leftovers
|upkeep
|turn|5
|
|t:|1786040956
|switch|p2a: Kingambit|Kingambit, L50, M|100/100
|-curestatus|p2b: Whimsicott|slp|[msg]
|move|p2b: Whimsicott|Tailwind|p2b: Whimsicott
|-sidestart|p2: xDesert98|move: Tailwind
|move|p1b: Ceruledge|Bulk Up|p1b: Ceruledge
|-boost|p1b: Ceruledge|atk|1
|-boost|p1b: Ceruledge|def|1
|move|p1a: Milotic|Hypnosis|p2a: Kingambit
|-status|p2a: Kingambit|slp|[from] move: Hypnosis
|
|-heal|p1a: Milotic|41/100|[from] item: Leftovers
|upkeep
|turn|6
|inactive|Gastrosophilipp has 30 seconds left.
|inactive|xDesert98 has 30 seconds left.
|
|t:|1786040988
|move|p1b: Ceruledge|Protect|p1b: Ceruledge
|-singleturn|p1b: Ceruledge|Protect
|move|p2b: Whimsicott|Charm|p1b: Ceruledge
|-activate|p1b: Ceruledge|move: Protect
|cant|p2a: Kingambit|slp
|move|p1a: Milotic|Hypnosis|p2b: Whimsicott
|-status|p2b: Whimsicott|slp|[from] move: Hypnosis
|
|-heal|p1a: Milotic|47/100|[from] item: Leftovers
|upkeep
|turn|7
|
|t:|1786041010
|cant|p2b: Whimsicott|slp
|cant|p2a: Kingambit|slp
|move|p1b: Ceruledge|Bitter Blade|p2a: Kingambit
|-supereffective|p2a: Kingambit|1
|-damage|p2a: Kingambit|0 fnt
|faint|p2a: Kingambit
|move|p1a: Milotic|Coil|p1a: Milotic
|-boost|p1a: Milotic|atk|1
|-boost|p1a: Milotic|def|1
|-boost|p1a: Milotic|accuracy|1
|
|-heal|p1a: Milotic|53/100|[from] item: Leftovers
|upkeep
|inactive|xDesert98 has 30 seconds left.
|
|t:|1786041041
|switch|p2a: Staraptor|Staraptor, L50, M|100/100
|-ability|p2a: Staraptor|Intimidate|boost
|-unboost|p1a: Milotic|atk|1
|-ability|p1a: Milotic|Competitive|boost
|-boost|p1a: Milotic|spa|2
|-unboost|p1b: Ceruledge|atk|1
|turn|8
|inactive|Gastrosophilipp has 30 seconds left.
|
|t:|1786041066
|detailschange|p2a: Staraptor|Staraptor-Mega, L50, M
|-mega|p2a: Staraptor|Staraptor|Staraptite
|move|p2a: Staraptor|Protect|p2a: Staraptor
|-singleturn|p2a: Staraptor|Protect
|-curestatus|p2b: Whimsicott|slp|[msg]
|move|p2b: Whimsicott|Light Screen|p2b: Whimsicott
|-sidestart|p2: xDesert98|move: Light Screen
|move|p1b: Ceruledge|Bitter Blade|p2b: Whimsicott
|-supereffective|p2b: Whimsicott|1
|-enditem|p2b: Whimsicott|Occa Berry|[eat]
|-enditem|p2b: Whimsicott|Occa Berry|[weaken]
|-damage|p2b: Whimsicott|0 fnt
|faint|p2b: Whimsicott
|move|p1a: Milotic|Hypnosis|p2a: Staraptor
|-activate|p2a: Staraptor|move: Protect
|
|-heal|p1a: Milotic|59/100|[from] item: Leftovers
|-sideend|p2: xDesert98|move: Tailwind
|upkeep
|
|t:|1786041076
|switch|p2b: Garchomp|Garchomp, L50, M|59/100
|turn|9
|inactive|Gastrosophilipp has 30 seconds left.
|inactive|Gastrosophilipp has 20 seconds left.
|inactive|Gastrosophilipp has 15 seconds left.
|inactive|Gastrosophilipp has 10 seconds left.
|
|t:|1786041123
|move|p1b: Ceruledge|Protect|p1b: Ceruledge
|-singleturn|p1b: Ceruledge|Protect
|move|p2a: Staraptor|Close Combat|p1a: Milotic
|-damage|p1a: Milotic|38/100
|-boost|p2a: Staraptor|def|1
|-boost|p2a: Staraptor|spd|1
|move|p2b: Garchomp|Earthquake|p1a: Milotic|[spread] p1a
|-activate|p1b: Ceruledge|move: Protect
|-immune|p2a: Staraptor
|-damage|p1a: Milotic|22/100
|-damage|p2b: Garchomp|49/100|[from] item: Life Orb
|move|p1a: Milotic|Hypnosis|p2a: Staraptor
|-status|p2a: Staraptor|slp|[from] move: Hypnosis
|
|-heal|p1a: Milotic|28/100|[from] item: Leftovers
|upkeep
|turn|10
|inactive|Gastrosophilipp has 30 seconds left.
|inactive|xDesert98 has 30 seconds left.
|inactive|xDesert98 has 20 seconds left.
|
|t:|1786041163
|move|p2b: Garchomp|Protect|p2b: Garchomp
|-singleturn|p2b: Garchomp|Protect
|cant|p2a: Staraptor|slp
|move|p1b: Ceruledge|Bitter Blade|p2a: Staraptor
|-damage|p2a: Staraptor|67/100 slp
|move|p1a: Milotic|Muddy Water|p2b: Garchomp|[spread] p2a
|-activate|p2b: Garchomp|move: Protect
|-damage|p2a: Staraptor|44/100 slp
|
|-heal|p1a: Milotic|34/100|[from] item: Leftovers
|upkeep
|turn|11
|inactive|Gastrosophilipp has 30 seconds left.
|
|t:|1786041197
|move|p1b: Ceruledge|Protect|p1b: Ceruledge
|-singleturn|p1b: Ceruledge|Protect
|-curestatus|p2a: Staraptor|slp|[msg]
|move|p2a: Staraptor|Close Combat|p1a: Milotic
|-damage|p1a: Milotic|13/100
|-boost|p2a: Staraptor|def|1
|-boost|p2a: Staraptor|spd|1
|move|p2b: Garchomp|Rock Slide|p1b: Ceruledge|[spread] p1a
|-activate|p1b: Ceruledge|move: Protect
|-damage|p1a: Milotic|5/100
|-damage|p2b: Garchomp|39/100|[from] item: Life Orb
|cant|p1a: Milotic|flinch
|
|-heal|p1a: Milotic|11/100|[from] item: Leftovers
|upkeep
|turn|12
|inactive|Gastrosophilipp has 30 seconds left.
|inactive|xDesert98 has 30 seconds left.
|inactive|Gastrosophilipp has 20 seconds left.
|inactive|xDesert98 has 20 seconds left.
|inactive|Gastrosophilipp has 15 seconds left.
|inactive|Gastrosophilipp has 10 seconds left.
|
|t:|1786041246
|move|p1a: Milotic|Protect|p1a: Milotic
|-singleturn|p1a: Milotic|Protect
|move|p1b: Ceruledge|Shadow Sneak|p2b: Garchomp
|-damage|p2b: Garchomp|18/100
|-damage|p1b: Ceruledge|87/100|[from] ability: Rough Skin|[of] p2b: Garchomp
|move|p2a: Staraptor|Roost|p2a: Staraptor
|-heal|p2a: Staraptor|95/100
|-singleturn|p2a: Staraptor|move: Roost
|move|p2b: Garchomp|Earthquake|p1b: Ceruledge|[spread] p2a,p1b
|-activate|p1a: Milotic|move: Protect
|-supereffective|p1b: Ceruledge|1
|-damage|p2a: Staraptor|71/100
|-damage|p1b: Ceruledge|10/100
|-damage|p2b: Garchomp|8/100|[from] item: Life Orb
|
|-heal|p1a: Milotic|17/100|[from] item: Leftovers
|-sideend|p2: xDesert98|move: Light Screen
|upkeep
|turn|13
|inactive|xDesert98 has 30 seconds left.
|
|t:|1786041276
|move|p2b: Garchomp|Protect|p2b: Garchomp
|-singleturn|p2b: Garchomp|Protect
|move|p1b: Ceruledge|Shadow Sneak|p2b: Garchomp
|-activate|p2b: Garchomp|move: Protect
|move|p2a: Staraptor|Close Combat|p1a: Milotic
|-damage|p1a: Milotic|0 fnt
|-boost|p2a: Staraptor|def|1
|-boost|p2a: Staraptor|spd|1
|faint|p1a: Milotic
|
|upkeep
|
|t:|1786041286
|switch|p1a: Raichu|Raichu-Mega-Y, L50, M|100/100
|turn|14
|inactive|Gastrosophilipp has 30 seconds left.
|
|t:|1786041309
|move|p1a: Raichu|Fake Out|p2a: Staraptor
|-damage|p2a: Staraptor|68/100
|move|p1b: Ceruledge|Shadow Sneak|p2b: Garchomp
|-damage|p2b: Garchomp|0 fnt
|-damage|p1b: Ceruledge|0 fnt|[from] ability: Rough Skin|[of] p2b: Garchomp
|faint|p2b: Garchomp
|faint|p1b: Ceruledge
|cant|p2a: Staraptor|flinch
|
|upkeep
|inactive|Gastrosophilipp has 30 seconds left this turn.
|
|t:|1786041317
|switch|p1b: Incineroar|Incineroar, L50, M|9/100
|-ability|p1b: Incineroar|Intimidate|boost
|-boost|p2a: Staraptor|atk|1
|turn|15
|inactive|Gastrosophilipp has 25 seconds left this turn.
|inactive|Gastrosophilipp has 20 seconds left.
|
|t:|1786041323
|move|p2a: Staraptor|Protect|p2a: Staraptor
|-singleturn|p2a: Staraptor|Protect
|move|p1b: Incineroar|Fake Out|p2a: Staraptor
|-activate|p2a: Staraptor|move: Protect
|move|p1a: Raichu|Zap Cannon|p2a: Staraptor
|-activate|p2a: Staraptor|move: Protect
|
|upkeep
|turn|16
|inactive|Gastrosophilipp has 20 seconds left this turn.
|inactive|Gastrosophilipp has 15 seconds left.
|inactive|xDesert98 has 30 seconds left.
|inactive|xDesert98 has 20 seconds left.
|inactive|xDesert98 has 15 seconds left.
|inactive|xDesert98 has 10 seconds left.
|
|t:|1786041357
|move|p1a: Raichu|Zap Cannon|p2a: Staraptor
|-supereffective|p2a: Staraptor|1
|-damage|p2a: Staraptor|20/100y
|-status|p2a: Staraptor|par
|move|p2a: Staraptor|Close Combat|p1a: Raichu
|-damage|p1a: Raichu|0 fnt
|-boost|p2a: Staraptor|def|1
|-boost|p2a: Staraptor|spd|1
|faint|p1a: Raichu
|move|p1b: Incineroar|Throat Chop|p2a: Staraptor
|-resisted|p2a: Staraptor|1
|-damage|p2a: Staraptor|15/100 par
|-start|p2a: Staraptor|Throat Chop|[silent]
|
|upkeep
|turn|17
|inactive|Gastrosophilipp has 15 seconds left this turn.
|inactive|xDesert98 has 10 seconds left this turn.
|inactive|Gastrosophilipp has 10 seconds left.
|inactive|xDesert98 has 5 seconds left.
|inactive|Gastrosophilipp has 5 seconds left.
|-message|xDesert98 lost due to inactivity.
|
|win|Gastrosophilipp
