|j|☆dragonaris
|j|☆is_katabo
|html|dragonarisis_katabo    
|uhtml|bestof|Game 2 of a best-of-3
|t:|1782609988
|gametype|doubles
|player|p1|dragonaris|waitress-gen4|1132
|player|p2|is_katabo|youngster-gen4dp|1192
|gen|9
|tier|[Gen 9 Champions] VGC 2026 Reg M-B (Bo3)
|rated|
|rule|Species Clause: Limit one of each Pokémon
|rule|Item Clause: Limit 1 of each item
|clearpoke
|poke|p1|Gengar, L50, M|
|poke|p1|Archaludon, L50, F|
|poke|p1|Charizard, L50, M|
|poke|p1|Pelipper, L50, M|
|poke|p1|Garchomp, L50, F|
|poke|p1|Whimsicott, L50, M|
|poke|p2|Metagross, L50|
|poke|p2|Ninetales-Alola, L50, M|
|poke|p2|Hydreigon, L50, F|
|poke|p2|Talonflame, L50, F|
|poke|p2|Garchomp, L50, M|
|poke|p2|Rotom-Wash, L50|
|teampreview|4
|showteam|p1|Gengar||Gengarite|CursedBody|DestinyBond,ShadowBall,SludgeWave,Thunder|Modest||M|||50|]Archaludon||Leftovers|Stamina|ElectroShot,Protect,DracoMeteor,FlashCannon|Timid||F|||50|]Charizard||CharizarditeY|SolarPower|SolarBeam,HeatWave,DragonPulse,Hurricane|Timid||M|||50|]Pelipper||FocusSash|Drizzle|Protect,Hurricane,HydroPump,Roost|Bold||M|||50|]Garchomp||SitrusBerry|RoughSkin|Earthquake,SwordsDance,DragonClaw,IronHead|Jolly||F|||50|]Whimsicott||LumBerry|Prankster|Tailwind,LeechSeed,Encore,DazzlingGleam|Calm||M|||50|
|showteam|p2|Metagross||Metagrossite|ClearBody|IronHead,PsychicFangs,BodyPress,Protect|Jolly|||||50|]Ninetales-Alola||NeverMeltIce|SnowWarning|Blizzard,FreezeDry,Encore,Protect|Timid||M|||50|]Hydreigon||FocusSash|Levitate|DracoMeteor,DarkPulse,EarthPower,Protect|Timid||F|||50|]Talonflame|||GaleWings|Acrobatics,FlareBlitz,Tailwind,Protect|Jolly||F|||50|]Garchomp||SitrusBerry|RoughSkin|DragonClaw,Earthquake,RockSlide,Protect|Adamant||M|||50|]Rotom-Wash||Magnet|Levitate|Thunderbolt,HydroPump,WillOWisp,Protect|Modest|||||50|
|
|t:|1782610045
|teamsize|p1|4
|teamsize|p2|4
|start
|switch|p1a: Whimsicott|Whimsicott, L50, M|100/100
|switch|p1b: Garchomp|Garchomp, L50, F|100/100
|switch|p2a: Talonflame|Talonflame, L50, F|100/100
|switch|p2b: Garchomp|Garchomp, L50, M|100/100
|turn|1
|
|t:|1782610094
|move|p2a: Talonflame|Acrobatics|p1a: Whimsicott
|-supereffective|p1a: Whimsicott|1
|-crit|p1a: Whimsicott
|-damage|p1a: Whimsicott|0 fnt
|faint|p1a: Whimsicott
|move|p1b: Garchomp|Dragon Claw|p2b: Garchomp
|-supereffective|p2b: Garchomp|1
|-damage|p2b: Garchomp|26/100
|-damage|p1b: Garchomp|87/100|[from] ability: Rough Skin|[of] p2b: Garchomp
|-enditem|p2b: Garchomp|Sitrus Berry|[eat]
|-heal|p2b: Garchomp|50/100g|[from] item: Sitrus Berry
|move|p2b: Garchomp|Earthquake|p1b: Garchomp|[spread] p1b
|-immune|p2a: Talonflame
|-damage|p1b: Garchomp|50/100g
|
|upkeep
|
|t:|1782610108
|switch|p1a: Charizard|Charizard, L50, M|100/100
|turn|2
|
|t:|1782610150
|switch|p1a: Archaludon|Archaludon, L50, F|100/100
|move|p2a: Talonflame|Tailwind|p2a: Talonflame
|-sidestart|p2: is_katabo|move: Tailwind
|move|p2b: Garchomp|Rock Slide|p1b: Garchomp|[spread] p1a,p1b
|-resisted|p1a: Archaludon|1
|-resisted|p1b: Garchomp|1
|-damage|p1a: Archaludon|91/100
|-damage|p1b: Garchomp|41/100
|-ability|p1a: Archaludon|Stamina|boost
|-boost|p1a: Archaludon|def|1
|-enditem|p1b: Garchomp|Sitrus Berry|[eat]
|-heal|p1b: Garchomp|65/100|[from] item: Sitrus Berry
|move|p1b: Garchomp|Dragon Claw|p2b: Garchomp
|-supereffective|p2b: Garchomp|1
|-damage|p2b: Garchomp|0 fnt
|-damage|p1b: Garchomp|53/100|[from] ability: Rough Skin|[of] p2b: Garchomp
|faint|p2b: Garchomp
|
|-heal|p1a: Archaludon|97/100|[from] item: Leftovers
|upkeep
|
|t:|1782610175
|switch|p2b: Metagross|Metagross, L50|100/100
|turn|3
|
|t:|1782610198
|detailschange|p2b: Metagross|Metagross-Mega, L50
|-mega|p2b: Metagross|Metagross|Metagrossite
|move|p1a: Archaludon|Protect|p1a: Archaludon
|-singleturn|p1a: Archaludon|Protect
|move|p2a: Talonflame|Acrobatics|p1b: Garchomp
|-crit|p1b: Garchomp
|-damage|p1b: Garchomp|0 fnt
|-damage|p2a: Talonflame|87/100|[from] ability: Rough Skin|[of] p1b: Garchomp
|faint|p1b: Garchomp
|move|p2b: Metagross|Psychic Fangs|p1a: Archaludon
|-activate|p1a: Archaludon|move: Protect
|
|-heal|p1a: Archaludon|100/100|[from] item: Leftovers
|upkeep
|
|t:|1782610205
|switch|p1b: Charizard|Charizard, L50, M|100/100
|turn|4
|
|t:|1782610222
|detailschange|p1b: Charizard|Charizard-Mega-Y, L50, M
|-mega|p1b: Charizard|Charizard|Charizardite Y
|-weather|SunnyDay|[from] ability: Drought|[of] p1b: Charizard
|move|p2a: Talonflame|Acrobatics|p1b: Charizard
|-damage|p1b: Charizard|43/100
|move|p2b: Metagross|Psychic Fangs|p1b: Charizard
|-damage|p1b: Charizard|0 fnt
|faint|p1b: Charizard
|move|p1a: Archaludon|Electro Shot||[still]
|-prepare|p1a: Archaludon|Electro Shot
|-boost|p1a: Archaludon|spa|1
|
|-weather|SunnyDay|[upkeep]
|upkeep
|turn|5
|
|t:|1782610239
|move|p2a: Talonflame|Flare Blitz|p1a: Archaludon
|-damage|p1a: Archaludon|61/100
|-ability|p1a: Archaludon|Stamina|boost
|-boost|p1a: Archaludon|def|1
|-damage|p2a: Talonflame|74/100|[from] Recoil
|move|p2b: Metagross|Body Press|p1a: Archaludon
|-supereffective|p1a: Archaludon|1
|-damage|p1a: Archaludon|32/100
|-ability|p1a: Archaludon|Stamina|boost
|-boost|p1a: Archaludon|def|1
|move|p1a: Archaludon|Electro Shot|p2a: Talonflame|[from] lockedmove
|-supereffective|p2a: Talonflame|1
|-damage|p2a: Talonflame|0 fnt
|faint|p2a: Talonflame
|
|-weather|SunnyDay|[upkeep]
|-heal|p1a: Archaludon|38/100|[from] item: Leftovers
|-sideend|p2: is_katabo|move: Tailwind
|upkeep
|
|t:|1782610247
|switch|p2a: Hydreigon|Hydreigon, L50, F|100/100
|turn|6
|
|t:|1782610256
|move|p2b: Metagross|Body Press|p1a: Archaludon
|-supereffective|p1a: Archaludon|1
|-damage|p1a: Archaludon|13/100
|-ability|p1a: Archaludon|Stamina|boost
|-boost|p1a: Archaludon|def|1
|move|p2a: Hydreigon|Earth Power|p1a: Archaludon
|-supereffective|p1a: Archaludon|1
|-damage|p1a: Archaludon|0 fnt
|faint|p1a: Archaludon
|
|win|is_katabo
|raw|dragonaris's rating: 1132 → 1111(-21 for losing)
|raw|is_katabo's rating: 1192 → 1213(+21 for winning)
