|j|☆jussdoit
|j|☆minasdevilcrobats
|html|jussdoitminasdevilcrobats    
|uhtml|bestof|Game 2 of a best-of-3
|t:|1756470139
|gametype|doubles
|player|p1|jussdoit|steven|1040
|player|p2|minasdevilcrobats|darach-caitlin|1112
|gen|9
|tier|[Gen 9] VGC 2025 Reg H (Bo3)
|rated|
|rule|Species Clause: Limit one of each Pokémon
|rule|Item Clause: Limit 1 of each item
|clearpoke
|poke|p1|Glaceon, L50, F|
|poke|p1|Ninetales-Alola, L50, M|
|poke|p1|Ceruledge, L50, M|
|poke|p1|Sneasler, L50, F|
|poke|p1|Greninja-*, L50, F|
|poke|p1|Sinistcha, L50|
|poke|p2|Indeedee, L50, M|
|poke|p2|Sneasler, L50, M|
|poke|p2|Ursaluna-Bloodmoon, L50, M|
|poke|p2|Pelipper, L50, M|
|poke|p2|Archaludon, L50, F|
|poke|p2|Basculegion, L50, M|
|teampreview|4
|showteam|p1|Glaceon||ChoiceSpecs|SnowCloak|Blizzard,IceBeam,TeraBlast,WeatherBall|||F|||50|,,,,,Dark]Ninetales-Alola||CovertCloak|SnowWarning|AuroraVeil,Blizzard,Moonblast,Encore|||M|||50|,,,,,Ice]Ceruledge||BigRoot|FlashFire|BitterBlade,ShadowSneak,SwordsDance,Protect|||M|||50|,,,,,Grass]Sneasler||NormalGem|Unburden|DireClaw,FakeOut,SwordsDance,CloseCombat|||F|||50|,,,,,Stellar]Greninja||LifeOrb|Protean|WaterShuriken,DarkPulse,Extrasensory,Taunt|||F|||50|,,,,,Steel]Sinistcha||WeaknessPolicy|Hospitality|LifeDew,MatchaGotcha,StrengthSap,Protect||||||50|,,,,,Fire
|showteam|p2|Indeedee||ChoiceScarf|PsychicSurge|ExpandingForce,DazzlingGleam,Trick,Protect|||M|||50|,,,,,Psychic]Sneasler||PsychicSeed|Unburden|CloseCombat,DireClaw,ThroatChop,Protect|||M|||50|,,,,,Dark]Ursaluna-Bloodmoon||LifeOrb|MindsEye|BloodMoon,HyperVoice,EarthPower,Protect|||M|||50|,,,,,Normal]Pelipper||FocusSash|Drizzle|Hurricane,WeatherBall,Tailwind,Protect|||M|||50|,,,,,Ghost]Archaludon||AssaultVest|Stamina|ElectroShot,BodyPress,Snarl,DragonPulse|||F|||50|,,,,,Grass]Basculegion||ChoiceBand|SwiftSwim|WaveCrash,LastRespects,FlipTurn,AquaJet|||M|||50|,,,,,Ghost
|inactive|Battle timer is ON: inactive players will automatically lose when time's up. (requested by jussdoit)
|
|t:|1756470161
|teamsize|p1|4
|teamsize|p2|4
|start
|switch|p1a: Sneasler|Sneasler, L50, F|100/100
|switch|p1b: Ninetales|Ninetales-Alola, L50, M|100/100
|switch|p2a: Indeedee|Indeedee, L50, M|100/100
|switch|p2b: Sneasler|Sneasler, L50, M|100/100
|-fieldstart|move: Psychic Terrain|[from] ability: Psychic Surge|[of] p2a: Indeedee
|-enditem|p2b: Sneasler|Psychic Seed
|-boost|p2b: Sneasler|spd|1|[from] item: Psychic Seed
|-weather|Snowscape|[from] ability: Snow Warning|[of] p1b: Ninetales
|turn|1
|
|t:|1756470185
|switch|p2a: Pelipper|Pelipper, L50, M|100/100
|-weather|RainDance|[from] ability: Drizzle|[of] p2a: Pelipper
|switch|p1b: Sinistcha|Sinistcha, L50|100/100
|move|p2b: Sneasler|Dire Claw|p1b: Sinistcha
|-damage|p1b: Sinistcha|58/100
|-status|p1b: Sinistcha|psn
|move|p1a: Sneasler|Dire Claw|p2a: Pelipper
|-damage|p2a: Pelipper|43/100
|-status|p2a: Pelipper|slp
|
|-weather|RainDance|[upkeep]
|-damage|p1b: Sinistcha|46/100 psn|[from] psn
|upkeep
|turn|2
|inactive|jussdoit has 30 seconds left.
|inactive|minasdevilcrobats has 30 seconds left.
|
|t:|1756470212
|switch|p2a: Indeedee|Indeedee, L50, M|100/100
|move|p2b: Sneasler|Dire Claw|p1b: Sinistcha
|-damage|p1b: Sinistcha|6/100 psn
|move|p1a: Sneasler|Close Combat|p2b: Sneasler
|-resisted|p2b: Sneasler
|-damage|p2b: Sneasler|46/100
|-unboost|p1a: Sneasler|def|1
|-unboost|p1a: Sneasler|spd|1
|move|p1b: Sinistcha|Matcha Gotcha|p2a: Indeedee|[spread] p2a,p2b
|-resisted|p2b: Sneasler
|-damage|p2a: Indeedee|63/100
|-heal|p1b: Sinistcha|22/100 psn|[from] drain|[of] p2a: Indeedee
|-damage|p2b: Sneasler|35/100
|-heal|p1b: Sinistcha|28/100 psn|[from] drain|[of] p2b: Sneasler
|
|-weather|RainDance|[upkeep]
|-damage|p1b: Sinistcha|16/100 psn|[from] psn
|upkeep
|turn|3
|inactive|jussdoit has 30 seconds left.
|inactive|minasdevilcrobats has 30 seconds left.
|inactive|jussdoit has 20 seconds left.
|
|t:|1756470248
|move|p1b: Sinistcha|Protect|p1b: Sinistcha
|-singleturn|p1b: Sinistcha|Protect
|move|p2b: Sneasler|Dire Claw|p1a: Sneasler
|-resisted|p1a: Sneasler
|-damage|p1a: Sneasler|42/100
|move|p2a: Indeedee|Expanding Force|p1a: Sneasler|[spread] p1a
|-activate|p1b: Sinistcha|move: Protect
|-supereffective|p1a: Sneasler
|-damage|p1a: Sneasler|0 fnt
|faint|p1a: Sneasler
|
|-weather|RainDance|[upkeep]
|-damage|p1b: Sinistcha|4/100 psn|[from] psn
|upkeep
|
|t:|1756470260
|switch|p1a: Ninetales|Ninetales-Alola, L50, M|100/100
|-weather|Snowscape|[from] ability: Snow Warning|[of] p1a: Ninetales
|turn|4
|
|t:|1756470276
|switch|p2b: Pelipper|Pelipper, L50, M|43/100 slp
|-weather|RainDance|[from] ability: Drizzle|[of] p2b: Pelipper
|switch|p1a: Glaceon|Glaceon, L50, F|100/100
|move|p2a: Indeedee|Expanding Force|p1a: Glaceon|[spread] p1a,p1b
|-damage|p1a: Glaceon|48/100
|-damage|p1b: Sinistcha|0 fnt
|faint|p1b: Sinistcha
|
|-weather|RainDance|[upkeep]
|upkeep
|
|t:|1756470286
|switch|p1b: Ninetales|Ninetales-Alola, L50, M|100/100
|-weather|Snowscape|[from] ability: Snow Warning|[of] p1b: Ninetales
|turn|5
|
|t:|1756470299
|switch|p2b: Archaludon|Archaludon, L50, F|100/100
|-terastallize|p2a: Indeedee|Psychic
|move|p2a: Indeedee|Expanding Force|p1b: Ninetales|[spread] p1a,p1b
|-damage|p1a: Glaceon|0 fnt
|-damage|p1b: Ninetales|36/100
|faint|p1a: Glaceon
|move|p1b: Ninetales|Aurora Veil|p1b: Ninetales
|-sidestart|p1: jussdoit|move: Aurora Veil
|
|-weather|Snowscape|[upkeep]
|-fieldend|move: Psychic Terrain
|upkeep
|turn|6
|-message|jussdoit forfeited.
|
|win|minasdevilcrobats
|raw|jussdoit's rating: 1040 → 1027(-13 for losing)
|raw|minasdevilcrobats's rating: 1112 → 1132(+20 for winning)
|l|☆jussdoit
|player|p1|
