|j|‽mewelperro
|j|☆Karissel
|html|mewelperroKarissel    
|uhtml|bestof|Game 1 of a best-of-3
|t:|1784750594
|gametype|doubles
|player|p1|mewelperro|170|1252
|player|p2|Karissel|burgh-masters|1347
|gen|9
|tier|[Gen 9 Champions] VGC 2026 Reg M-B (Bo3)
|rated|
|rule|Species Clause: Limit one of each Pokémon
|rule|Item Clause: Limit 1 of each item
|clearpoke
|poke|p1|Dragalge, L50, F|
|poke|p1|Archaludon, L50, F|
|poke|p1|Pelipper, L50, F|
|poke|p1|Grimmsnarl, L50, M|
|poke|p1|Sinistcha, L50|
|poke|p1|Swampert, L50, F|
|poke|p2|Charizard, L50, F|
|poke|p2|Glimmora, L50, F|
|poke|p2|Whimsicott, L50, F|
|poke|p2|Ninetales-Alola, L50, F|
|poke|p2|Kingambit, L50, M|
|poke|p2|Kommo-o, L50, F|
|teampreview|4
|showteam|p1|Dragalge||Dragalgite|Adaptability|SludgeBomb,DragonPulse,Thunderbolt,Protect|Modest||F|||50|]Archaludon||Leftovers|Stamina|ElectroShot,AuraSphere,FlashCannon,Protect|Modest||F|||50|]Pelipper||SitrusBerry|Drizzle|Tailwind,WeatherBall,Hurricane,WideGuard|Modest||F|||50|]Grimmsnarl||LightClay|Prankster|PartingShot,SpiritBreak,Reflect,LightScreen|Calm||M|||50|]Sinistcha||KasibBerry|Hospitality|MatchaGotcha,LifeDew,RagePowder,TrickRoom|Calm|||||50|]Swampert||Swampertite|Torrent|WaveCrash,Earthquake,IcePunch,Protect|Adamant||F|||50|
|showteam|p2|Charizard||CharizarditeY|Blaze|HeatWave,WeatherBall,SolarBeam,Protect|Modest||F|||50|]Glimmora||Glimmoranite|ToxicDebris|SludgeBomb,PowerGem,EarthPower,SpikyShield|Modest||F|||50|]Whimsicott||FocusSash|Prankster|Moonblast,Tailwind,Encore,Protect|Timid||F|||50|]Ninetales-Alola||NeverMeltIce|SnowWarning|Blizzard,FreezeDry,Disable,Protect|Timid||F|||50|]Kingambit||BlackGlasses|Defiant|KowtowCleave,SuckerPunch,IronHead,Protect|Adamant||M|||50|]Kommo-o||LifeOrb|Overcoat|AuraSphere,VacuumWave,ClangingScales,Protect|Modest||F|||50|
|inactive|Battle timer is ON: inactive players will automatically lose when time's up. (requested by Karissel)
|inactive|mewelperro has 60 seconds left.
|
|t:|1784750636
|teamsize|p1|4
|teamsize|p2|4
|start
|switch|p1a: Dragalge|Dragalge, L50, F|100/100
|switch|p1b: Grimmsnarl|Grimmsnarl, L50, M|100/100
|switch|p2a: Whimsicott|Whimsicott, L50, F|100/100
|switch|p2b: Ninetales|Ninetales-Alola, L50, F|100/100
|-weather|Snowscape|[from] ability: Snow Warning|[of] p2b: Ninetales
|turn|1
|
|t:|1784750656
|switch|p2b: Jacob|Glimmora, L50, F|100/100
|detailschange|p1a: Dragalge|Dragalge-Mega, L50, F
|-mega|p1a: Dragalge|Dragalge|Dragalgite
|move|p1b: Grimmsnarl|Light Screen|p1b: Grimmsnarl
|-sidestart|p1: mewelperro|move: Light Screen
|move|p2a: Whimsicott|Moonblast|p1b: Grimmsnarl
|-supereffective|p1b: Grimmsnarl|1
|-damage|p1b: Grimmsnarl|54/100
|move|p1a: Dragalge|Sludge Bomb|p2a: Whimsicott
|-supereffective|p2a: Whimsicott|2
|-enditem|p2a: Whimsicott|Focus Sash
|-damage|p2a: Whimsicott|1/100
|-status|p2a: Whimsicott|psn
|
|-weather|Snowscape|[upkeep]
|-damage|p2a: Whimsicott|0 fnt|[from] psn
|faint|p2a: Whimsicott
|upkeep
|
|t:|1784750671
|switch|p2a: Ninetales|Ninetales-Alola, L50, F|100/100
|turn|2
|
|t:|1784750681
|detailschange|p2b: Jacob|Glimmora-Mega, L50, F
|-mega|p2b: Jacob|Glimmora|Glimmoranite
|move|p2a: Ninetales|Protect|p2a: Ninetales
|-singleturn|p2a: Ninetales|Protect
|move|p1b: Grimmsnarl|Parting Shot|p2b: Jacob
|-unboost|p2b: Jacob|atk|1
|-unboost|p2b: Jacob|spa|1
|
|t:|1784750687
|switch|p1b: Pelipper|Pelipper, L50, F|100/100|[from] Parting Shot
|-weather|RainDance|[from] ability: Drizzle|[of] p1b: Pelipper
|move|p2b: Jacob|Sludge Bomb|p1b: Pelipper
|-damage|p1b: Pelipper|61/100
|move|p1a: Dragalge|Sludge Bomb|p2a: Ninetales
|-activate|p2a: Ninetales|move: Protect
|
|-weather|RainDance|[upkeep]
|upkeep
|turn|3
|
|t:|1784750702
|switch|p2a: Kommo-o|Kommo-o, L50, F|100/100
|switch|p1b: Grimmsnarl|Grimmsnarl, L50, M|54/100
|move|p2b: Jacob|Power Gem|p1b: Grimmsnarl
|-damage|p1b: Grimmsnarl|28/100
|move|p1a: Dragalge|Sludge Bomb|p2a: Kommo-o
|-crit|p2a: Kommo-o
|-damage|p2a: Kommo-o|18/100
|-status|p2a: Kommo-o|psn
|
|-weather|RainDance|[upkeep]
|-damage|p2a: Kommo-o|5/100 psn|[from] psn
|upkeep
|turn|4
|
|t:|1784750720
|move|p1a: Dragalge|Protect|p1a: Dragalge
|-singleturn|p1a: Dragalge|Protect
|move|p1b: Grimmsnarl|Parting Shot|p2b: Jacob
|-unboost|p2b: Jacob|atk|1
|-unboost|p2b: Jacob|spa|1
|
|t:|1784750725
|switch|p1b: Archaludon|Archaludon, L50, F|100/100|[from] Parting Shot
|move|p2b: Jacob|Sludge Bomb|p1b: Archaludon
|-immune|p1b: Archaludon
|move|p2a: Kommo-o|Clanging Scales|p1b: Archaludon|[spread] p1b
|-activate|p1a: Dragalge|move: Protect
|-damage|p1b: Archaludon|60/100
|-ability|p1b: Archaludon|Stamina|boost
|-boost|p1b: Archaludon|def|1
|-unboost|p2a: Kommo-o|def|1
|-damage|p2a: Kommo-o|0 fnt|[from] item: Life Orb
|faint|p2a: Kommo-o
|
|-weather|RainDance|[upkeep]
|-heal|p1b: Archaludon|67/100|[from] item: Leftovers
|upkeep
|
|t:|1784750728
|switch|p2a: Ninetales|Ninetales-Alola, L50, F|100/100
|-weather|Snowscape|[from] ability: Snow Warning|[of] p2a: Ninetales
|turn|5
|-message|Karissel forfeited.
|
|win|mewelperro
|l|☆Karissel
|player|p2|
||Karissel is ready for game 2.
||mewelperro is ready for game 2.
|uhtml|next|Next: Game 2 of 3
|l|‽mewelperro
|player|p1|
|j|☆Karissel
|player|p2|Karissel|burgh-masters|
