|j|☆minasdevilcrobats
|j|☆Fayz Sharpie
|html|minasdevilcrobatsFayz Sharpie    
|uhtml|bestof|Game 2 of a best-of-3
|t:|1755894782
|gametype|doubles
|player|p1|minasdevilcrobats|darach-caitlin|1225
|player|p2|Fayz Sharpie|2|1179
|gen|9
|tier|[Gen 9] VGC 2025 Reg H (Bo3)
|rated|
|rule|Species Clause: Limit one of each Pokémon
|rule|Item Clause: Limit 1 of each item
|clearpoke
|poke|p1|Dragapult, L50, F|
|poke|p1|Electabuzz, L50, M|
|poke|p1|Sneasler, L50, F|
|poke|p1|Primarina, L50, M|
|poke|p1|Gholdengo, L50|
|poke|p1|Whimsicott, L50, F|
|poke|p2|Charizard, L50, M|
|poke|p2|Torkoal, L50, F|
|poke|p2|Porygon2, L50|
|poke|p2|Incineroar, L50, M|
|poke|p2|Jumpluff, L50, F|
|poke|p2|Ursaluna, L50, F|
|teampreview|4
|showteam|p1|Dragapult||ChoiceBand|ClearBody|DragonDarts,PhantomForce,Outrage,Uturn|||F|||50|,,,,,Dragon]Electabuzz||Eviolite|VitalSpirit|Electroweb,FollowMe,Taunt,Protect|||M|||50|,,,,,Ghost]Sneasler||FocusSash|Unburden|DireClaw,CloseCombat,FakeOut,Protect|||F|||50|,,,,,Stellar]Primarina||ThroatSpray|LiquidVoice|HyperVoice,Moonblast,Haze,Protect|||M|||50|,,,,,Poison]Gholdengo||LifeOrb|GoodasGold|MakeItRain,ShadowBall,NastyPlot,Protect||||||50|,,,,,Water]Whimsicott||CovertCloak|Prankster|Tailwind,Moonblast,Encore,MistyTerrain|||F|||50|,,,,,Water
|showteam|p2|Charizard||ChoiceSpecs|SolarPower|HeatWave,Overheat,WeatherBall,AirSlash|||M|||50|,,,,,Ghost]Torkoal||EjectPack|Drought|Eruption,Overheat,HelpingHand,Protect|||F|||50|,,,,,Fire]Porygon2||Eviolite|Download|IceBeam,TeraBlast,TrickRoom,Recover||||||50|,,,,,Fighting]Incineroar||SitrusBerry|Intimidate|PartingShot,KnockOff,FlareBlitz,FakeOut|||M|||50|,,,,,Ghost]Jumpluff||CovertCloak|Chlorophyll|SleepPowder,SunnyDay,RagePowder,Tailwind|||F|||50|,,,,,Water]Ursaluna||FlameOrb|Guts|HeadlongRush,Facade,Earthquake,Protect|||F|||50|,,,,,Ghost
|inactive|Battle timer is ON: inactive players will automatically lose when time's up. (requested by minasdevilcrobats)
|inactive|Fayz Sharpie has 60 seconds left.
|inactive|Fayz Sharpie has 30 seconds left.
|inactive|Fayz Sharpie has 20 seconds left.
|inactive|Fayz Sharpie has 15 seconds left.
|inactive|Fayz Sharpie has 10 seconds left.
|
|t:|1755894903
|teamsize|p1|4
|teamsize|p2|4
|start
|switch|p1a: Dragapult|Dragapult, L50, F|100/100
|switch|p1b: Whimsicott|Whimsicott, L50, F|100/100
|switch|p2a: Jumpluff|Jumpluff, L50, F|100/100
|switch|p2b: Ursaluna|Ursaluna, L50, F|100/100
|turn|1
|inactive|minasdevilcrobats has 30 seconds left.
|inactive|Fayz Sharpie has 30 seconds left.
|inactive|Fayz Sharpie has 20 seconds left.
|inactive|Fayz Sharpie has 15 seconds left.
|
|t:|1755894943
|move|p1a: Dragapult|Dragon Darts|p2a: Jumpluff
|-damage|p2a: Jumpluff|51/100
|-anim|p1a: Dragapult|Dragon Darts|p2b: Ursaluna
|-damage|p2b: Ursaluna|72/100
|move|p1b: Whimsicott|Moonblast|p2a: Jumpluff
|-damage|p2a: Jumpluff|16/100
|move|p2a: Jumpluff|Tailwind|p2a: Jumpluff
|-sidestart|p2: Fayz Sharpie|move: Tailwind
|move|p2b: Ursaluna|Headlong Rush|p1a: Dragapult
|-damage|p1a: Dragapult|0 fnt
|-unboost|p2b: Ursaluna|def|1
|-unboost|p2b: Ursaluna|spd|1
|faint|p1a: Dragapult
|
|-status|p2b: Ursaluna|brn|[from] item: Flame Orb
|upkeep
|
|t:|1755894956
|switch|p1a: Sneasler|Sneasler, L50, F|100/100
|turn|2
|
|t:|1755894969
|-terastallize|p2b: Ursaluna|Ghost
|move|p1a: Sneasler|Protect|p1a: Sneasler
|-singleturn|p1a: Sneasler|Protect
|move|p1b: Whimsicott|Tailwind|p1b: Whimsicott
|-sidestart|p1: minasdevilcrobats|move: Tailwind
|move|p2a: Jumpluff|Sunny Day|p2a: Jumpluff
|-weather|SunnyDay
|move|p2b: Ursaluna|Earthquake|p1b: Whimsicott|[spread] p1b
|-activate|p1a: Sneasler|move: Protect
|-immune|p2a: Jumpluff
|-resisted|p1b: Whimsicott
|-damage|p1b: Whimsicott|46/100
|
|-weather|SunnyDay|[upkeep]
|-damage|p2b: Ursaluna|66/100 brn|[from] brn
|upkeep
|turn|3
|
|t:|1755894988
|move|p2a: Jumpluff|Rage Powder|p2a: Jumpluff
|-singleturn|p2a: Jumpluff|move: Rage Powder
|move|p1a: Sneasler|Dire Claw|p2a: Jumpluff
|-supereffective|p2a: Jumpluff
|-damage|p2a: Jumpluff|0 fnt
|faint|p2a: Jumpluff
|move|p1b: Whimsicott|Moonblast|p2b: Ursaluna
|-damage|p2b: Ursaluna|12/100 brn
|-unboost|p2b: Ursaluna|spa|1
|move|p2b: Ursaluna|Earthquake|p1b: Whimsicott|[spread] p1a,p1b
|-supereffective|p1a: Sneasler
|-resisted|p1b: Whimsicott
|-enditem|p1a: Sneasler|Focus Sash
|-damage|p1a: Sneasler|1/100
|-damage|p1b: Whimsicott|0 fnt
|faint|p1b: Whimsicott
|
|-weather|SunnyDay|[upkeep]
|-damage|p2b: Ursaluna|6/100 brn|[from] brn
|upkeep
|
|t:|1755895002
|switch|p1b: Primarina|Primarina, L50, M|100/100
|switch|p2a: Incineroar|Incineroar, L50, M|100/100
|-ability|p2a: Incineroar|Intimidate|boost
|-unboost|p1a: Sneasler|atk|1
|-unboost|p1b: Primarina|atk|1
|turn|4
|
|t:|1755895015
|move|p1a: Sneasler|Protect|p1a: Sneasler
|-singleturn|p1a: Sneasler|Protect
|move|p1b: Primarina|Protect|p1b: Primarina
|-singleturn|p1b: Primarina|Protect
|move|p2a: Incineroar|Parting Shot|p1b: Primarina
|-activate|p1b: Primarina|move: Protect
|move|p2b: Ursaluna|Facade|p1b: Primarina
|-activate|p1b: Primarina|move: Protect
|
|-weather|SunnyDay|[upkeep]
|-damage|p2b: Ursaluna|0 fnt|[from] brn
|faint|p2b: Ursaluna
|-sideend|p2: Fayz Sharpie|move: Tailwind
|upkeep
|
|t:|1755895021
|switch|p2b: Charizard|Charizard, L50, M|100/100
|turn|5
|
|t:|1755895033
|-terastallize|p1a: Sneasler|Stellar
|move|p1a: Sneasler|Dire Claw|p2b: Charizard
|-damage|p2b: Charizard|46/100
|move|p1b: Primarina|Hyper Voice|p2b: Charizard|[spread] p2a,p2b
|-supereffective|p2a: Incineroar
|-supereffective|p2b: Charizard
|-damage|p2a: Incineroar|67/100
|-damage|p2b: Charizard|5/100
|-enditem|p1b: Primarina|Throat Spray
|-boost|p1b: Primarina|spa|1|[from] item: Throat Spray
|move|p2b: Charizard|Heat Wave|p1a: Sneasler|[spread] p1a,p1b
|-resisted|p1b: Primarina
|-damage|p1a: Sneasler|0 fnt
|-damage|p1b: Primarina|55/100
|faint|p1a: Sneasler
|move|p2a: Incineroar|Flare Blitz|p1b: Primarina
|-resisted|p1b: Primarina
|-damage|p1b: Primarina|10/100
|-damage|p2a: Incineroar|53/100|[from] Recoil
|
|-weather|SunnyDay|[upkeep]
|-damage|p2b: Charizard|0 fnt|[from] ability: Solar Power|[of] p2b: Charizard
|faint|p2b: Charizard
|-sideend|p1: minasdevilcrobats|move: Tailwind
|upkeep
|turn|6
|
|t:|1755895056
|move|p1b: Primarina|Protect|p1b: Primarina
|-singleturn|p1b: Primarina|Protect
|move|p2a: Incineroar|Flare Blitz|p1b: Primarina
|-activate|p1b: Primarina|move: Protect
|
|-weather|none
|upkeep
|turn|7
|
|t:|1755895060
|move|p2a: Incineroar|Flare Blitz|p1b: Primarina
|-resisted|p1b: Primarina
|-damage|p1b: Primarina|0 fnt
|faint|p1b: Primarina
|-damage|p2a: Incineroar|50/100|[from] Recoil
|-enditem|p2a: Incineroar|Sitrus Berry|[eat]
|-heal|p2a: Incineroar|75/100|[from] item: Sitrus Berry
|
|win|Fayz Sharpie
|raw|minasdevilcrobats's rating: 1225 → 1197(-28 for losing)
|raw|Fayz Sharpie's rating: 1179 → 1207(+28 for winning)
|c|☆Fayz Sharpie|gg
|l|☆Fayz Sharpie
|player|p2|
|c|☆minasdevilcrobats|F
|c|☆minasdevilcrobats|Fg
|c|☆minasdevilcrobats|Gg
