|j|☆Riot0
|j|☆Phix_X
|html|Riot0Phix_X    
|uhtml|bestof|Game 1 of a best-of-3
|t:|1784470317
|gametype|doubles
|player|p1|Riot0|266|
|player|p2|Phix_X|raihan|
|gen|9
|tier|[Gen 9 Champions] VGC 2026 Reg M-B (Bo3)
|rule|Species Clause: Limit one of each Pokémon
|rule|Item Clause: Limit 1 of each item
|clearpoke
|poke|p1|Gengar, L50, M|
|poke|p1|Swampert, L50, F|
|poke|p1|Incineroar, L50, F|
|poke|p1|Politoed, L50, M|
|poke|p1|Archaludon, L50, F|
|poke|p1|Vivillon-Marine, L50, F|
|poke|p2|Staraptor, L50, M|
|poke|p2|Grimmsnarl, L50, M|
|poke|p2|Kingambit, L50, F|
|poke|p2|Glimmora, L50, F|
|poke|p2|Basculegion, L50, M|
|poke|p2|Whimsicott, L50, F|
|teampreview|4
|showteam|p1|Gengar||Gengarite|CursedBody|ShadowBall,PerishSong,SludgeBomb,Protect|Timid||M|||50|]Swampert||Swampertite|Torrent|WaveCrash,Earthquake,IcePunch,Protect|Adamant||F|||50|]Incineroar||PasshoBerry|Intimidate|ThroatChop,PartingShot,FakeOut,Protect|Sassy||F|||50|]Politoed||SitrusBerry|Drizzle|WeatherBall,PerishSong,Encore,Protect|Calm||M|||50|]Archaludon||Leftovers|Stamina|DragonPulse,FlashCannon,ElectroShot,Protect|Bold||F|||50|]Vivillon-Marine||FocusSash|CompoundEyes|Hurricane,SleepPowder,RagePowder,Protect|Timid||F|||50|
|showteam|p2|Staraptor||Staraptite|Intimidate|BraveBird,CloseCombat,Protect,Roost|Jolly||M|||50|]Grimmsnarl||LightClay|Prankster|SpiritBreak,LightScreen,Reflect,FakeOut|Adamant||M|||50|]Kingambit||BlackGlasses|Defiant|KowtowCleave,SuckerPunch,SwordsDance,Protect|Adamant||F|||50|]Glimmora||FocusSash|ToxicDebris|SludgeBomb,PowerGem,SpikyShield,EarthPower|Timid||F|||50|]Basculegion||ChoiceScarf|Adaptability|LastRespects,AquaJet,WaveCrash,FlipTurn|Jolly||M|||50|]Whimsicott||FairyFeather|Prankster|Moonblast,Charm,Encore,Tailwind|Timid||F|||50|
|inactive|Battle timer is ON: inactive players will automatically lose when time's up. (requested by Phix_X)
|c|☆Riot0|Glhf
|c|☆Phix_X|Glhf
|inactive|Riot0 has 60 seconds left.
|inactive|Phix_X has 60 seconds left.
|
|t:|1784470363
|teamsize|p1|4
|teamsize|p2|4
|start
|switch|p1a: Swampert|Swampert, L50, F|100/100
|switch|p1b: Vivillon|Vivillon-Marine, L50, F|100/100
|switch|p2a: Grimmsnarl|Grimmsnarl, L50, M|100/100
|switch|p2b: Kingambit|Kingambit, L50, F|100/100
|turn|1
|
|t:|1784470388
|detailschange|p1a: Swampert|Swampert-Mega, L50, F
|-mega|p1a: Swampert|Swampert|Swampertite
|move|p1b: Vivillon|Protect|p1b: Vivillon
|-singleturn|p1b: Vivillon|Protect
|move|p2a: Grimmsnarl|Fake Out|p1a: Swampert
|-damage|p1a: Swampert|87/100
|cant|p1a: Swampert|flinch
|move|p2b: Kingambit|Swords Dance|p2b: Kingambit
|-boost|p2b: Kingambit|atk|2
|
|upkeep
|turn|2
|
|t:|1784470401
|move|p1a: Swampert|Protect|p1a: Swampert
|-singleturn|p1a: Swampert|Protect
|move|p2a: Grimmsnarl|Reflect|p2a: Grimmsnarl
|-sidestart|p2: Phix_X|Reflect
|move|p1b: Vivillon|Sleep Powder|p2b: Kingambit
|-status|p2b: Kingambit|slp|[from] move: Sleep Powder
|cant|p2b: Kingambit|slp
|
|upkeep
|turn|3
|
|t:|1784470412
|-curestatus|p2b: Kingambit|slp|[msg]
|move|p2b: Kingambit|Protect|p2b: Kingambit
|-singleturn|p2b: Kingambit|Protect
|move|p2a: Grimmsnarl|Light Screen|p2a: Grimmsnarl
|-sidestart|p2: Phix_X|move: Light Screen
|move|p1b: Vivillon|Hurricane|p2b: Kingambit
|-activate|p2b: Kingambit|move: Protect
|move|p1a: Swampert|Earthquake|p2a: Grimmsnarl|[spread] p2a
|-activate|p2b: Kingambit|move: Protect
|-immune|p1b: Vivillon
|-damage|p2a: Grimmsnarl|64/100
|
|upkeep
|turn|4
|j| norforsomething
|
|t:|1784470429
|move|p1a: Swampert|Protect|p1a: Swampert
|-singleturn|p1a: Swampert|Protect
|move|p1b: Vivillon|Sleep Powder|p2b: Kingambit
|-status|p2b: Kingambit|slp|[from] move: Sleep Powder
|move|p2a: Grimmsnarl|Spirit Break|p1b: Vivillon
|-damage|p1b: Vivillon|24/100
|-unboost|p1b: Vivillon|spa|1
|cant|p2b: Kingambit|slp
|
|upkeep
|turn|5
|j| shrimplyasapphic
|l| shrimplyasapphic
|
|t:|1784470437
|cant|p2b: Kingambit|slp
|move|p1b: Vivillon|Hurricane|p2a: Grimmsnarl
|-damage|p2a: Grimmsnarl|42/100
|move|p1a: Swampert|Earthquake|p2b: Kingambit|[spread] p2a,p2b
|-immune|p1b: Vivillon
|-supereffective|p2b: Kingambit|1
|-damage|p2a: Grimmsnarl|6/100
|-damage|p2b: Kingambit|51/100 slp
|move|p2a: Grimmsnarl|Spirit Break|p1b: Vivillon
|-damage|p1b: Vivillon|0 fnt
|faint|p1b: Vivillon
|
|upkeep
|
|t:|1784470445
|switch|p1b: Politoed|Politoed, L50, M|100/100
|-weather|RainDance|[from] ability: Drizzle|[of] p1b: Politoed
|turn|6
|
|t:|1784470450
|-curestatus|p2b: Kingambit|slp|[msg]
|move|p2b: Kingambit|Sucker Punch|p1a: Swampert
|-damage|p1a: Swampert|5/100
|move|p1a: Swampert|Wave Crash|p2b: Kingambit
|-damage|p2b: Kingambit|0 fnt
|faint|p2b: Kingambit
|-damage|p1a: Swampert|0 fnt|[from] Recoil
|faint|p1a: Swampert
|move|p1b: Politoed|Weather Ball|p2a: Grimmsnarl
|-damage|p2a: Grimmsnarl|0 fnt
|faint|p2a: Grimmsnarl
|
|-weather|RainDance|[upkeep]
|upkeep
|
|t:|1784470457
|switch|p1a: Archaludon|Archaludon, L50, F|100/100
|switch|p2a: Staraptor|Staraptor, L50, M|100/100
|switch|p2b: Basculegion|Basculegion, L50, M|100/100
|-ability|p2a: Staraptor|Intimidate|boost
|-unboost|p1a: Archaludon|atk|1
|-unboost|p1b: Politoed|atk|1
|turn|7
|
|t:|1784470471
|detailschange|p2a: Staraptor|Staraptor-Mega, L50, M
|-mega|p2a: Staraptor|Staraptor|Staraptite
|move|p2b: Basculegion|Last Respects|p1b: Politoed
|-damage|p1b: Politoed|18/100
|-enditem|p1b: Politoed|Sitrus Berry|[eat]
|-heal|p1b: Politoed|43/100|[from] item: Sitrus Berry
|move|p2a: Staraptor|Close Combat|p1a: Archaludon
|-supereffective|p1a: Archaludon|1
|-damage|p1a: Archaludon|13/100
|-boost|p2a: Staraptor|def|1
|-boost|p2a: Staraptor|spd|1
|-ability|p1a: Archaludon|Stamina|boost
|-boost|p1a: Archaludon|def|1
|move|p1a: Archaludon|Electro Shot||[still]
|-prepare|p1a: Archaludon|Electro Shot
|-boost|p1a: Archaludon|spa|1
|-anim|p1a: Archaludon|Electro Shot|p2b: Basculegion
|-supereffective|p2b: Basculegion|1
|-damage|p2b: Basculegion|12/100
|move|p1b: Politoed|Perish Song|p1b: Politoed
|-start|p1a: Archaludon|perish3|[silent]
|-start|p1b: Politoed|perish3|[silent]
|-start|p2a: Staraptor|perish3|[silent]
|-start|p2b: Basculegion|perish3|[silent]
|-fieldactivate|move: Perish Song
|
|-weather|RainDance|[upkeep]
|-heal|p1a: Archaludon|19/100|[from] item: Leftovers
|-start|p2b: Basculegion|perish3
|-start|p2a: Staraptor|perish3
|-start|p1a: Archaludon|perish3
|-start|p1b: Politoed|perish3
|upkeep
|turn|8
|
|t:|1784470493
|move|p1a: Archaludon|Protect|p1a: Archaludon
|-singleturn|p1a: Archaludon|Protect
|move|p1b: Politoed|Protect|p1b: Politoed
|-singleturn|p1b: Politoed|Protect
|move|p2b: Basculegion|Last Respects|p1b: Politoed
|-activate|p1b: Politoed|move: Protect
|move|p2a: Staraptor|Close Combat|p1a: Archaludon
|-activate|p1a: Archaludon|move: Protect
|
|-weather|RainDance|[upkeep]
|-heal|p1a: Archaludon|25/100|[from] item: Leftovers
|-start|p2b: Basculegion|perish2
|-start|p2a: Staraptor|perish2
|-start|p1a: Archaludon|perish2
|-start|p1b: Politoed|perish2
|upkeep
|turn|9
|
|t:|1784470498
|move|p1a: Archaludon|Protect||[still]
|-fail|p1a: Archaludon
|move|p1b: Politoed|Protect||[still]
|-fail|p1b: Politoed
|move|p2b: Basculegion|Last Respects|p1b: Politoed
|-damage|p1b: Politoed|0 fnt
|faint|p1b: Politoed
|move|p2a: Staraptor|Close Combat|p1a: Archaludon
|-supereffective|p1a: Archaludon|1
|-damage|p1a: Archaludon|0 fnt
|-boost|p2a: Staraptor|def|1
|-boost|p2a: Staraptor|spd|1
|faint|p1a: Archaludon
|
|win|Phix_X
||Phix_X is ready for game 2.
|l|☆Phix_X
|player|p2|
||Riot0 is ready for game 2.
|uhtml|next|Next: Game 2 of 3
|l| norforsomething
|l|☆Riot0
|player|p1|
|j| YamperIsTheBest
|j|☆Phix_X
|player|p2|Phix_X|raihan|
|l|☆Phix_X
|player|p2|
|j|☆Phix_X
|player|p2|Phix_X|raihan|
