|j|☆SwampertSolly
|j|☆sominecraft
|html|SwampertSollysominecraft    
|uhtml|bestof|Game 2 of a best-of-3
|t:|1785485531
|gametype|doubles
|player|p1|SwampertSolly|giovanni|
|player|p2|sominecraft|102|
|gen|9
|tier|[Gen 9 Champions] VGC 2026 Reg M-B (Bo3)
|rule|Species Clause: Limit one of each Pokémon
|rule|Item Clause: Limit 1 of each item
|clearpoke
|poke|p1|Tyranitar, L50, M|
|poke|p1|Excadrill, L50, F|
|poke|p1|Goodra-Hisui, L50, M|
|poke|p1|Serperior, L50, F|
|poke|p1|Skarmory, L50, F|
|poke|p1|Musharna, L50, M|
|poke|p2|Azumarill, L50, M|
|poke|p2|Sylveon, L50, M, shiny|
|poke|p2|Clefable, L50, F|
|poke|p2|Golurk, L50, shiny|
|poke|p2|Hatterene, L50, F|
|poke|p2|Gardevoir, L50, F|
|teampreview|4
|showteam|p1|Tyranitar||Tyranitarite|SandStream|RockSlide,HeavySlam,DragonDance,Protect|Adamant||M|||50|]Excadrill||FocusSash|SandRush|IronHead,Earthquake,RockSlide,Protect|Adamant||F|||50|]Goodra-Hisui||Leftovers|SapSipper|FlashCannon,SludgeWave,ChillingWater,Protect|Modest||M|||50|]Serperior||LifeOrb|Contrary|Glare,LeafStorm,Protect,Taunt|Timid||F|||50|]Skarmory||ExpertBelt|Sturdy|Tailwind,StealthRock,Whirlwind,IronHead|Careful||F|||50|]Musharna||LightClay|Synchronize|TrickRoom,LightScreen,Moonblast,Reflect|Sassy||M|||50|
|showteam|p2|Azumarill||SitrusBerry|HugePower|AquaJet,BrickBreak,BellyDrum,Protect|Adamant||M|||50|]Sylveon||FairyFeather|Pixilate|HyperVoice,QuickAttack,HyperBeam,Protect|Modest||M|||50|]Clefable||Leftovers|MagicGuard|HelpingHand,FollowMe,Psychic,Encore|Calm||F|||50|]Golurk||Golurkite|IronFist|HeadlongRush,Protect,ShadowPunch,HammerArm|Careful|||||50|]Hatterene||LifeOrb|MagicBounce|ThunderWave,MysticalFire,CalmMind,ExpandingForce|Modest||F|||50|]Gardevoir||Gardevoirite|Trace|TrickRoom,LightScreen,MysticalFire,Reflect|Sassy||F|||50|
|
|t:|1785485544
|teamsize|p1|4
|teamsize|p2|4
|start
|switch|p1a: Excadrill|Excadrill, L50, F|100/100
|switch|p1b: Skarmory|Skarmory, L50, F|100/100
|switch|p2a: Gardevoir|Gardevoir, L50, F|100/100
|switch|p2b: Trans Crimes|Sylveon, L50, M, shiny|100/100
|-ability|p2a: Gardevoir|Sand Rush|Trace|[from] ability: Trace|[of] p1a: Excadrill
|turn|1
|
|t:|1785485565
|move|p1a: Excadrill|Iron Head|p2b: Trans Crimes
|-supereffective|p2b: Trans Crimes|1
|-damage|p2b: Trans Crimes|0 fnt
|faint|p2b: Trans Crimes
|move|p1b: Skarmory|Stealth Rock|p2a: Gardevoir
|-sidestart|p2: sominecraft|move: Stealth Rock
|move|p2a: Gardevoir|Trick Room|p2a: Gardevoir
|-fieldstart|move: Trick Room|[of] p2a: Gardevoir
|
|upkeep
|
|t:|1785485575
|switch|p2b: Azumarill|Azumarill, L50, M|100/100
|-damage|p2b: Azumarill|87/100|[from] Stealth Rock
|turn|2
|
|t:|1785485586
|move|p2b: Azumarill|Belly Drum|p2b: Azumarill
|-damage|p2b: Azumarill|37/100
|-setboost|p2b: Azumarill|atk|6|[from] move: Belly Drum
|-enditem|p2b: Azumarill|Sitrus Berry|[eat]
|-heal|p2b: Azumarill|62/100|[from] item: Sitrus Berry
|move|p2a: Gardevoir|Reflect|p2a: Gardevoir
|-sidestart|p2: sominecraft|Reflect
|move|p1a: Excadrill|Iron Head|p2a: Gardevoir
|-supereffective|p2a: Gardevoir|1
|-damage|p2a: Gardevoir|10/100
|move|p1b: Skarmory|Whirlwind|p2b: Azumarill
|drag|p2b: Clefable|Clefable, L50, F|100/100
|
|upkeep
|turn|3
|
|t:|1785485605
|move|p2b: Clefable|Follow Me|p2b: Clefable
|-singleturn|p2b: Clefable|move: Follow Me
|move|p2a: Gardevoir|Mystical Fire|p1b: Skarmory
|-supereffective|p1b: Skarmory|1
|-damage|p1b: Skarmory|61/100
|-unboost|p1b: Skarmory|spa|1
|move|p1a: Excadrill|Iron Head|p2b: Clefable
|-supereffective|p2b: Clefable|1
|-damage|p2b: Clefable|22/100
|move|p1b: Skarmory|Whirlwind|p2b: Clefable
|drag|p2b: Azumarill|Azumarill, L50, M|62/100
|-damage|p2b: Azumarill|50/100g|[from] Stealth Rock
|
|upkeep
|turn|4
|
|t:|1785485623
|move|p2b: Azumarill|Aqua Jet|p1b: Skarmory
|-damage|p1b: Skarmory|42/100
|move|p2a: Gardevoir|Mystical Fire|p1b: Skarmory
|-supereffective|p1b: Skarmory|1
|-damage|p1b: Skarmory|1/100
|-unboost|p1b: Skarmory|spa|1
|move|p1a: Excadrill|Iron Head|p2a: Gardevoir
|-supereffective|p2a: Gardevoir|1
|-damage|p2a: Gardevoir|0 fnt
|faint|p2a: Gardevoir
|move|p1b: Skarmory|Whirlwind|p2b: Azumarill
|drag|p2b: Clefable|Clefable, L50, F|22/100
|
|-heal|p2b: Clefable|28/100|[from] item: Leftovers
|upkeep
|
|t:|1785485639
|switch|p2a: Azumarill|Azumarill, L50, M|50/100g
|-damage|p2a: Azumarill|38/100|[from] Stealth Rock
|turn|5
|
|t:|1785485647
|move|p2b: Clefable|Follow Me|p2b: Clefable
|-singleturn|p2b: Clefable|move: Follow Me
|move|p2a: Azumarill|Aqua Jet|p1b: Skarmory
|-damage|p1b: Skarmory|0 fnt
|faint|p1b: Skarmory
|move|p1a: Excadrill|Iron Head|p2b: Clefable
|-supereffective|p2b: Clefable|1
|-damage|p2b: Clefable|0 fnt
|faint|p2b: Clefable
|
|-fieldend|move: Trick Room
|upkeep
|
|t:|1785485658
|switch|p1b: Goodra|Goodra-Hisui, L50, M|100/100
|turn|6
|
|t:|1785485669
|move|p1a: Excadrill|Protect|p1a: Excadrill
|-singleturn|p1a: Excadrill|Protect
|move|p2a: Azumarill|Aqua Jet|p1a: Excadrill
|-activate|p1a: Excadrill|move: Protect
|move|p1b: Goodra|Sludge Wave|p2a: Azumarill|[spread] p2a
|-activate|p1a: Excadrill|move: Protect
|-supereffective|p2a: Azumarill|1
|-damage|p2a: Azumarill|0 fnt
|faint|p2a: Azumarill
|
|win|SwampertSolly
|c|☆SwampertSolly|Ggs
