|j|☆Misteryozo
|j|☆TheRealMyan
|html|MisteryozoTheRealMyan    
|uhtml|bestof|Game 1 of a best-of-3
|t:|1782589617
|gametype|doubles
|player|p1|Misteryozo|266|1064
|player|p2|TheRealMyan|101|1000
|gen|9
|tier|[Gen 9 Champions] VGC 2026 Reg M-B (Bo3)
|rated|
|rule|Species Clause: Limit one of each Pokémon
|rule|Item Clause: Limit 1 of each item
|clearpoke
|poke|p1|Dragalge, L50, M, shiny|
|poke|p1|Toxapex, L50, F|
|poke|p1|Typhlosion-Hisui, L50, F, shiny|
|poke|p1|Sinistcha, L50, shiny|
|poke|p1|Grimmsnarl, L50, M, shiny|
|poke|p1|Charizard, L50, M, shiny|
|poke|p2|Mawile, L50, F|
|poke|p2|Farigiraf, L50, M|
|poke|p2|Incineroar, L50, M|
|poke|p2|Hydreigon, L50, F|
|poke|p2|Excadrill, L50, M|
|poke|p2|Tyranitar, L50, M|
|teampreview|4
|showteam|p1|Dragalge||Dragalgite|Adaptability|DragonPulse,Scald,SludgeBomb,Protect|Modest||M|||50|]Toxapex||Leftovers|Regenerator|WideGuard,Haze,Toxic,Infestation|Bold||F|||50|]Typhlosion-Hisui||ChoiceScarf|Frisk|InfernalParade,Eruption,HeatWave,ShadowBall|Timid||F|||50|]Sinistcha||KasibBerry|Hospitality|MatchaGotcha,StrengthSap,RagePowder,LifeDew|Calm|||||50|]Grimmsnarl||LightClay|Prankster|LightScreen,Reflect,PartingShot,SpiritBreak|Careful||M|||50|]Charizard||CharizarditeY|SolarPower|HeatWave,Protect,ScorchingSands,WeatherBall|Timid||M|||50|
|showteam|p2|Mawile||Mawilite|Intimidate|PlayRough,IronHead,Protect,SuckerPunch|Brave||F|||50|]Farigiraf||ColburBerry|ArmorTail|Psychic,TrickRoom,HelpingHand,Thunderbolt|Calm||M|||50|]Incineroar||PasshoBerry|Intimidate|ThroatChop,PartingShot,FakeOut,FlareBlitz|Careful||M|||50|]Hydreigon||RoseliBerry|Levitate|DarkPulse,DracoMeteor,Tailwind,Protect|Modest||F|||50|]Excadrill||FocusSash|SandRush|Earthquake,IronHead,RockSlide,Protect|Adamant||M|||50|]Tyranitar||Tyranitarite|SandStream|KnockOff,LowKick,Protect,RockSlide|Adamant||M|||50|
|
|t:|1782589673
|teamsize|p1|4
|teamsize|p2|4
|start
|switch|p1a: Charizard|Charizard, L50, M, shiny|100/100
|switch|p1b: Typhlosion|Typhlosion-Hisui, L50, F, shiny|100/100
|switch|p2a: Tyranitar|Tyranitar, L50, M|100/100
|switch|p2b: Excadrill|Excadrill, L50, M|100/100
|-item|p2a: Tyranitar|Tyranitarite|[from] ability: Frisk|[of] p1b: Typhlosion
|-item|p2b: Excadrill|Focus Sash|[from] ability: Frisk|[of] p1b: Typhlosion
|-weather|Sandstorm|[from] ability: Sand Stream|[of] p2a: Tyranitar
|turn|1
|
|t:|1782589707
|switch|p1b: Toxapex|Toxapex, L50, F|100/100
|switch|p2a: Hydreigon|Hydreigon, L50, F|100/100
|detailschange|p1a: Charizard|Charizard-Mega-Y, L50, M, shiny
|-mega|p1a: Charizard|Charizard|Charizardite Y
|-weather|SunnyDay|[from] ability: Drought|[of] p1a: Charizard
|move|p1a: Charizard|Protect|p1a: Charizard
|-singleturn|p1a: Charizard|Protect
|move|p2b: Excadrill|Rock Slide|p1a: Charizard|[spread] p1b
|-activate|p1a: Charizard|move: Protect
|-damage|p1b: Toxapex|85/100
|
|-weather|SunnyDay|[upkeep]
|-heal|p1b: Toxapex|91/100|[from] item: Leftovers
|upkeep
|turn|2
|
|t:|1782589756
|move|p1a: Charizard|Heat Wave|p2a: Hydreigon|[spread] p2a
|-miss|p1a: Charizard|p2b: Excadrill
|-resisted|p2a: Hydreigon|1
|-damage|p2a: Hydreigon|65/100
|move|p2a: Hydreigon|Tailwind|p2a: Hydreigon
|-sidestart|p2: TheRealMyan|move: Tailwind
|move|p2b: Excadrill|Rock Slide|p1a: Charizard|[spread] p1a,p1b
|-supereffective|p1a: Charizard|2
|-damage|p1a: Charizard|0 fnt
|-damage|p1b: Toxapex|75/100
|faint|p1a: Charizard
|cant|p1b: Toxapex|flinch
|
|-weather|SunnyDay|[upkeep]
|-heal|p1b: Toxapex|81/100|[from] item: Leftovers
|upkeep
|
|t:|1782589771
|switch|p1a: Typhlosion|Typhlosion-Hisui, L50, F, shiny|100/100
|-item|p2a: Hydreigon|Roseli Berry|[from] ability: Frisk|[of] p1a: Typhlosion
|-item|p2b: Excadrill|Focus Sash|[from] ability: Frisk|[of] p1a: Typhlosion
|turn|3
|
|t:|1782589798
|switch|p2a: Tyranitar|Tyranitar, L50, M|100/100
|-weather|Sandstorm|[from] ability: Sand Stream|[of] p2a: Tyranitar
|move|p1b: Toxapex|Wide Guard|p1b: Toxapex
|-singleturn|p1b: Toxapex|Wide Guard
|move|p2b: Excadrill|Earthquake|p1b: Toxapex|[spread] p2a
|-activate|p1a: Typhlosion|move: Wide Guard
|-activate|p1b: Toxapex|move: Wide Guard
|-supereffective|p2a: Tyranitar|1
|-damage|p2a: Tyranitar|33/100
|move|p1a: Typhlosion|Heat Wave|p2a: Tyranitar|[spread] p2a,p2b
|-resisted|p2a: Tyranitar|1
|-supereffective|p2b: Excadrill|1
|-damage|p2a: Tyranitar|24/100
|-damage|p2b: Excadrill|6/100
|-status|p2a: Tyranitar|brn
|
|-weather|Sandstorm|[upkeep]
|-damage|p1a: Typhlosion|93/100|[from] Sandstorm
|-damage|p1b: Toxapex|75/100|[from] Sandstorm
|-heal|p1b: Toxapex|81/100|[from] item: Leftovers
|-damage|p2a: Tyranitar|18/100 brn|[from] brn
|upkeep
|turn|4
|
|t:|1782589831
|switch|p1a: Sinistcha|Sinistcha, L50, shiny|100/100
|-heal|p1b: Toxapex|100/100|[from] ability: Hospitality|[of] p1a: Sinistcha
|detailschange|p2a: Tyranitar|Tyranitar-Mega, L50, M
|-mega|p2a: Tyranitar|Tyranitar|Tyranitarite
|move|p2b: Excadrill|Protect|p2b: Excadrill
|-singleturn|p2b: Excadrill|Protect
|move|p1b: Toxapex|Wide Guard|p1b: Toxapex
|-singleturn|p1b: Toxapex|Wide Guard
|move|p2a: Tyranitar|Knock Off|p1a: Sinistcha
|-supereffective|p1a: Sinistcha|1
|-damage|p1a: Sinistcha|39/100
|-enditem|p1a: Sinistcha|Kasib Berry|[from] move: Knock Off|[of] p2a: Tyranitar
|
|-weather|Sandstorm|[upkeep]
|-damage|p1a: Sinistcha|33/100|[from] Sandstorm
|-damage|p1b: Toxapex|94/100|[from] Sandstorm
|-heal|p1b: Toxapex|100/100|[from] item: Leftovers
|-damage|p2a: Tyranitar|12/100 brn|[from] brn
|upkeep
|turn|5
|
|t:|1782589876
|move|p2b: Excadrill|Iron Head|p1a: Sinistcha
|-damage|p1a: Sinistcha|0 fnt
|faint|p1a: Sinistcha
|move|p2a: Tyranitar|Knock Off|p1b: Toxapex
|-damage|p1b: Toxapex|77/100
|-enditem|p1b: Toxapex|Leftovers|[from] move: Knock Off|[of] p2a: Tyranitar
|move|p1b: Toxapex|Infestation|p2a: Tyranitar
|-supereffective|p2a: Tyranitar|1
|-damage|p2a: Tyranitar|8/100 brn
|-activate|p2a: Tyranitar|move: Infestation|[of] p1b: Toxapex
|
|-weather|Sandstorm|[upkeep]
|-damage|p1b: Toxapex|71/100|[from] Sandstorm
|-damage|p2a: Tyranitar|2/100 brn|[from] brn
|-damage|p2a: Tyranitar|0 fnt|[from] move: Infestation|[partiallytrapped]
|faint|p2a: Tyranitar
|-sideend|p2: TheRealMyan|move: Tailwind
|upkeep
|
|t:|1782589893
|switch|p2a: Hydreigon|Hydreigon, L50, F|65/100
|switch|p1a: Typhlosion|Typhlosion-Hisui, L50, F, shiny|93/100
|-item|p2a: Hydreigon|Roseli Berry|[from] ability: Frisk|[of] p1a: Typhlosion
|-item|p2b: Excadrill|Focus Sash|[from] ability: Frisk|[of] p1a: Typhlosion
|turn|6
|
|t:|1782589929
|move|p2b: Excadrill|Earthquake|p1a: Typhlosion|[spread] p1a,p1b
|-immune|p2a: Hydreigon|[from] ability: Levitate
|-supereffective|p1a: Typhlosion|1
|-supereffective|p1b: Toxapex|1
|-damage|p1a: Typhlosion|0 fnt
|-damage|p1b: Toxapex|12/100
|faint|p1a: Typhlosion
|move|p2a: Hydreigon|Tailwind|p2a: Hydreigon
|-sidestart|p2: TheRealMyan|move: Tailwind
|move|p1b: Toxapex|Toxic|p2a: Hydreigon
|-status|p2a: Hydreigon|tox
|
|-weather|Sandstorm|[upkeep]
|-damage|p2a: Hydreigon|59/100 tox|[from] Sandstorm
|-damage|p1b: Toxapex|7/100|[from] Sandstorm
|-damage|p2a: Hydreigon|53/100 tox|[from] psn
|upkeep
|turn|7
|-message|Misteryozo forfeited.
|
|win|TheRealMyan
|l|☆Misteryozo
|player|p1|
