|j|☆lindsey453
|j|☆azuree turtle
|html|lindsey453azuree turtle    
|uhtml|bestof|Game 1 of a best-of-3
|t:|1757819149
|gametype|doubles
|player|p1|lindsey453|101|1265
|player|p2|azuree turtle|hilbert|1341
|gen|9
|tier|[Gen 9] VGC 2025 Reg H (Bo3)
|rated|
|rule|Species Clause: Limit one of each Pokémon
|rule|Item Clause: Limit 1 of each item
|clearpoke
|poke|p1|Annihilape, L50, M|
|poke|p1|Archaludon, L50, F|
|poke|p1|Oranguru, L50, F|
|poke|p1|Electabuzz, L50, M|
|poke|p1|Ursaluna-Bloodmoon, L50, M|
|poke|p1|Incineroar, L50, M|
|poke|p2|Weezing, L50, F|
|poke|p2|Slaking, L50, F|
|poke|p2|Kilowattrel, L50, F|
|poke|p2|Mamoswine, L50, F|
|poke|p2|Dondozo, L50, F|
|poke|p2|Tatsugiri, L50, M|
|teampreview|4
|showteam|p1|Annihilape||SitrusBerry|Defiant|BulkUp,RageFist,DrainPunch,Protect|||M|||50|,,,,,Grass]Archaludon||PowerHerb|Sturdy|ElectroShot,Snarl,AuraSphere,FlashCannon|||F|||50|,,,,,Electric]Oranguru||MentalHerb|InnerFocus|Instruct,TrickRoom,Imprison,FoulPlay|||F|||50|,,,,,Fairy]Electabuzz||Eviolite|VitalSpirit|FollowMe,Thunderbolt,Taunt,EerieImpulse|||M|||50|,,,,,Ghost]Ursaluna-Bloodmoon||LifeOrb|MindsEye|HyperVoice,BloodMoon,EarthPower,Protect|||M|||50|,,,,,Normal]Incineroar||AssaultVest|Intimidate|FlareBlitz,Uturn,FakeOut,KnockOff|||M|||50|,,,,,Grass
|showteam|p2|Weezing||CovertCloak|NeutralizingGas|SludgeBomb,ToxicSpikes,WillOWisp,Protect|||F|||50|,,,,,Fairy]Slaking||LifeOrb|Truant|HighHorsepower,DoubleEdge,SuckerPunch,Protect|||F|||50|,,,,,Ghost]Kilowattrel||ChoiceSpecs|WindPower|Thunderbolt,Discharge,VoltSwitch,AirSlash|||F|||50|,,,,,Ghost]Mamoswine||FocusSash|Oblivious|Earthquake,IcicleCrash,IceShard,Protect|||F|||50|,,,,,Ghost]Dondozo||Leftovers|Unaware|WaveCrash,Substitute,Earthquake,Protect|||F|||50|,,,,,Steel]Tatsugiri||SafetyGoggles|Commander|DracoMeteor,MuddyWater,HelpingHand,Protect|||M|||50|,,,,,Normal
|inactive|Battle timer is ON: inactive players will automatically lose when time's up. (requested by lindsey453)
|
|t:|1757819173
|teamsize|p1|4
|teamsize|p2|4
|start
|switch|p1a: Electabuzz|Electabuzz, L50, M|100/100
|switch|p1b: Oranguru|Oranguru, L50, F|100/100
|switch|p2a: Kilowattrel|Kilowattrel, L50, F|100/100
|switch|p2b: Mamoswine|Mamoswine, L50, F|100/100
|turn|1
|inactive|lindsey453 has 30 seconds left.
|
|t:|1757819199
|move|p2a: Kilowattrel|Discharge|p1a: Electabuzz|[spread] p1a,p1b
|-immune|p2b: Mamoswine
|-resisted|p1a: Electabuzz
|-damage|p1a: Electabuzz|88/100
|-damage|p1b: Oranguru|73/100
|-status|p1b: Oranguru|par
|move|p2b: Mamoswine|Earthquake|p1b: Oranguru|[spread] p1a,p1b
|-immune|p2a: Kilowattrel
|-supereffective|p1a: Electabuzz
|-damage|p1a: Electabuzz|17/100
|-damage|p1b: Oranguru|39/100 par
|move|p1a: Electabuzz|Thunderbolt|p2a: Kilowattrel
|-damage|p2a: Kilowattrel|41/100
|move|p1b: Oranguru|Trick Room|p1b: Oranguru
|-fieldstart|move: Trick Room|[of] p1b: Oranguru
|
|upkeep
|turn|2
|
|t:|1757819224
|switch|p1a: Incineroar|Incineroar, L50, M|100/100
|-ability|p1a: Incineroar|Intimidate|boost
|-unboost|p2a: Kilowattrel|atk|1
|-fail|p2b: Mamoswine|unboost|Attack|[from] ability: Oblivious|[of] p2b: Mamoswine
|switch|p2b: Dondozo|Dondozo, L50, F|100/100
|switch|p2a: Tatsugiri|Tatsugiri, L50, M|100/100
|-activate|p2a: Tatsugiri|ability: Commander|[of] p2b: Dondozo
|-boost|p2b: Dondozo|atk|2
|-boost|p2b: Dondozo|spa|2
|-boost|p2b: Dondozo|spe|2
|-boost|p2b: Dondozo|def|2
|-boost|p2b: Dondozo|spd|2
|move|p1b: Oranguru|Foul Play|p2b: Dondozo
|-damage|p2b: Dondozo|91/100
|
|-heal|p2b: Dondozo|97/100|[from] item: Leftovers
|upkeep
|turn|3
|
|t:|1757819242
|switch|p1b: Electabuzz|Electabuzz, L50, M|17/100
|move|p1a: Incineroar|U-turn|p2b: Dondozo
|-damage|p2b: Dondozo|89/100
|
|t:|1757819246
|switch|p1a: Oranguru|Oranguru, L50, F|39/100 par|[from] U-turn
|move|p2b: Dondozo|Substitute|p2b: Dondozo
|-start|p2b: Dondozo|Substitute
|-damage|p2b: Dondozo|65/100
|
|-heal|p2b: Dondozo|71/100|[from] item: Leftovers
|upkeep
|turn|4
|
|t:|1757819265
|move|p2b: Dondozo|Protect|p2b: Dondozo
|-singleturn|p2b: Dondozo|Protect
|move|p1a: Oranguru|Foul Play|p2b: Dondozo
|-activate|p2b: Dondozo|move: Protect
|move|p1b: Electabuzz|Taunt|p2b: Dondozo
|-activate|p2b: Dondozo|move: Protect
|
|-heal|p2b: Dondozo|77/100|[from] item: Leftovers
|upkeep
|turn|5
|
|t:|1757819268
|cant|p1a: Oranguru|par
|move|p1b: Electabuzz|Taunt|p2b: Dondozo
|-start|p2b: Dondozo|move: Taunt
|move|p2b: Dondozo|Earthquake|p1b: Electabuzz|[spread] p1a,p1b
|-miss|p2b: Dondozo|p2a: Tatsugiri
|-supereffective|p1b: Electabuzz
|-damage|p1a: Oranguru|0 fnt
|-damage|p1b: Electabuzz|0 fnt
|faint|p1a: Oranguru
|faint|p1b: Electabuzz
|
|-heal|p2b: Dondozo|83/100|[from] item: Leftovers
|-fieldend|move: Trick Room
|upkeep
|
|t:|1757819273
|switch|p1b: Incineroar|Incineroar, L50, M|100/100
|switch|p1a: Ursaluna|Ursaluna-Bloodmoon, L50, M|100/100
|-ability|p1b: Incineroar|Intimidate|boost
|-unboost|p2a: Tatsugiri|atk|1
|-immune|p2b: Dondozo
|turn|6
|
|t:|1757819285
|move|p1b: Incineroar|Fake Out|p2b: Dondozo
|-activate|p2b: Dondozo|move: Substitute|[damage]
|move|p2b: Dondozo|Earthquake|p1b: Incineroar|[spread] p1a,p1b
|-miss|p2b: Dondozo|p2a: Tatsugiri
|-supereffective|p1b: Incineroar
|-damage|p1a: Ursaluna|68/100
|-damage|p1b: Incineroar|30/100
|move|p1a: Ursaluna|Earth Power|p2b: Dondozo
|-end|p2b: Dondozo|Substitute
|-damage|p1a: Ursaluna|58/100|[from] item: Life Orb
|
|-heal|p2b: Dondozo|89/100|[from] item: Leftovers
|upkeep
|turn|7
|
|t:|1757819302
|-terastallize|p1a: Ursaluna|Normal
|move|p2b: Dondozo|Earthquake|p1a: Ursaluna|[spread] p1a,p1b
|-miss|p2b: Dondozo|p2a: Tatsugiri
|-supereffective|p1b: Incineroar
|-damage|p1a: Ursaluna|27/100
|-damage|p1b: Incineroar|0 fnt
|faint|p1b: Incineroar
|move|p1a: Ursaluna|Blood Moon|p2b: Dondozo
|-damage|p2b: Dondozo|15/100
|-damage|p1a: Ursaluna|17/100|[from] item: Life Orb
|
|-heal|p2b: Dondozo|21/100|[from] item: Leftovers
|-end|p2b: Dondozo|move: Taunt
|upkeep
|turn|8
|-message|lindsey453 forfeited.
|
|win|azuree turtle
|l|☆lindsey453
|player|p1|
||lindsey453 is ready for game 2.
||azuree turtle is ready for game 2.
|uhtml|next|Next: Game 2 of 3
