|j|â˜†Sternwizard
|j|â˜†AGreatRobot
|html|SternwizardAGreatRobot    
|uhtml|bestof|Game 2 of a best-of-3
|t:|1783201831
|gametype|doubles
|player|p1|Sternwizard|102|
|player|p2|AGreatRobot|medium|
|gen|9
|tier|[Gen 9 Champions] VGC 2026 Reg M-B (Bo3)
|rule|Species Clause: Limit one of each PokÃ©mon
|rule|Item Clause: Limit 1 of each item
|clearpoke
|poke|p1|Tyranitar, L50, M|
|poke|p1|Aerodactyl, L50, M|
|poke|p1|Mimikyu, L50, M|
|poke|p1|Arcanine, L50, M|
|poke|p1|Vaporeon, L50, F|
|poke|p1|Tsareena, L50, F|
|poke|p2|Annihilape, L50, F|
|poke|p2|Aerodactyl, L50, M|
|poke|p2|Blaziken, L50, F|
|poke|p2|Roserade, L50, M|
|poke|p2|Rotom-Wash, L50|
|poke|p2|Scizor, L50, F|
|teampreview|4
|showteam|p1|Tyranitar||Tyranitarite|SandStream|RockSlide,KnockOff,DragonDance,Protect|Adamant||M|||50|]Aerodactyl||FocusSash|Unnerve|RockSlide,DualWingbeat,Tailwind,Protect|Jolly||M|||50|]Mimikyu||MentalHerb|Disguise|PlayRough,ShadowSneak,TrickRoom,WillOWisp|Jolly||M|||50|]Arcanine||SitrusBerry|Intimidate|FlareBlitz,ExtremeSpeed,WillOWisp,Protect|Adamant||M|||50|]Vaporeon||Leftovers|WaterAbsorb|Scald,IceBeam,Yawn,Protect|Bold||F|||50|]Tsareena||MuscleBand|QueenlyMajesty|Protect,TropKick,KnockOff,Uturn|Adamant||F|||50|
|showteam|p2|Annihilape||SitrusBerry|Defiant|RageFist,DrainPunch,BulkUp,Protect|Careful||F|||50|]Aerodactyl||FocusSash|Pressure|RockSlide,WideGuard,Tailwind,Taunt|Jolly||M|||50|]Blaziken||Blazikenite|SpeedBoost|FlareBlitz,CloseCombat,SwordsDance,Detect|Adamant||F|||50|]Roserade||WideLens|PoisonPoint|PinMissile,SleepPowder,LifeDew,LeafStorm|Timid||M|||50|]Rotom-Wash||ChoiceScarf|Levitate|HydroPump,Electroweb,VoltSwitch,Thunderbolt|Modest|||||50|]Scizor||LifeOrb|Technician|Assurance,BulletPunch,Uturn,Protect|Adamant||F|||50|
|inactive|Battle timer is ON: inactive players will automatically lose when time's up. (requested by Sternwizard)
|inactive|Sternwizard has 60 seconds left.
|
|t:|1783201868
|teamsize|p1|4
|teamsize|p2|4
|start
|switch|p1a: Aerodactyl|Aerodactyl, L50, M|100/100
|switch|p1b: Mimikyu|Mimikyu, L50, M|100/100
|switch|p2a: Aerodactyl|Aerodactyl, L50, M|100/100
|switch|p2b: Rotom|Rotom-Wash, L50|100/100
|-ability|p1a: Aerodactyl|Unnerve
|-ability|p2a: Aerodactyl|Pressure
|turn|1
|
|t:|1783201886
|move|p2b: Rotom|Electroweb|p1b: Mimikyu|[spread] p1b
|-miss|p2b: Rotom|p1a: Aerodactyl
|-activate|p1b: Mimikyu|ability: Disguise
|-damage|p1b: Mimikyu|100/100
|-unboost|p1b: Mimikyu|spe|1
|detailschange|p1b: Mimikyu|Mimikyu-Busted, L50, M
|-damage|p1b: Mimikyu|87/100|[from] pokemon: Mimikyu-Busted
|move|p2a: Aerodactyl|Taunt|p1b: Mimikyu
|-start|p1b: Mimikyu|move: Taunt
|-enditem|p1b: Mimikyu|Mental Herb
|-end|p1b: Mimikyu|move: Taunt
|move|p1a: Aerodactyl|Rock Slide|p2b: Rotom|[spread] p2a
|-miss|p1a: Aerodactyl|p2b: Rotom
|-supereffective|p2a: Aerodactyl|1
|-damage|p2a: Aerodactyl|23/100
|move|p1b: Mimikyu|Trick Room|p1b: Mimikyu
|-fieldstart|move: Trick Room|[of] p1b: Mimikyu
|
|upkeep
|turn|2
|c|â˜†AGreatRobot|Bruh
|inactive|Sternwizard has 30 seconds left.
|c|â˜†AGreatRobot|Wait
|
|t:|1783201919
|switch|p2a: Scizor|Scizor, L50, F|100/100
|move|p1b: Mimikyu|Shadow Sneak|p2b: Rotom
|-damage|p2b: Rotom|82/100
|move|p1a: Aerodactyl|Rock Slide|p2b: Rotom|[spread] p2a,p2b
|-damage|p2a: Scizor|72/100
|-damage|p2b: Rotom|54/100
|move|p2b: Rotom|Electroweb|p1b: Mimikyu|[spread] p1a
|-miss|p2b: Rotom|p1b: Mimikyu
|-supereffective|p1a: Aerodactyl|1
|-damage|p1a: Aerodactyl|56/100
|-unboost|p1a: Aerodactyl|spe|1
|
|upkeep
|turn|3
|c|â˜†AGreatRobot|No i just cant read
|
|t:|1783201940
|switch|p2b: Aerodactyl|Aerodactyl, L50, M|23/100
|-ability|p2b: Aerodactyl|Pressure
|move|p2a: Scizor|Protect|p2a: Scizor
|-singleturn|p2a: Scizor|Protect
|move|p1b: Mimikyu|Will-O-Wisp|p2a: Scizor
|-activate|p2a: Scizor|move: Protect
|move|p1a: Aerodactyl|Rock Slide|p2b: Aerodactyl|[spread] p2b
|-activate|p2a: Scizor|move: Protect
|-supereffective|p2b: Aerodactyl|1
|-damage|p2b: Aerodactyl|0 fnt
|faint|p2b: Aerodactyl
|
|upkeep
|
|t:|1783201943
|switch|p2b: Rotom|Rotom-Wash, L50|54/100
|turn|4
|inactive|Sternwizard has 30 seconds left.
|
|t:|1783201970
|switch|p1a: Tsareena|Tsareena, L50, F|100/100
|move|p2a: Scizor|Bullet Punch||[still]
|cant|p1a: Tsareena|ability: Queenly Majesty|Bullet Punch|[of] p2a: Scizor
|move|p1b: Mimikyu|Will-O-Wisp|p2a: Scizor|[miss]
|-miss|p1b: Mimikyu|p2a: Scizor
|move|p2b: Rotom|Thunderbolt|p1a: Tsareena
|-resisted|p1a: Tsareena|1
|-damage|p1a: Tsareena|81/100
|
|upkeep
|turn|5
|
|t:|1783201985
|switch|p2b: Blaziken|Blaziken, L50, F|100/100
|move|p2a: Scizor|Protect|p2a: Scizor
|-singleturn|p2a: Scizor|Protect
|move|p1a: Tsareena|Trop Kick|p2b: Blaziken
|-resisted|p2b: Blaziken|1
|-crit|p2b: Blaziken
|-damage|p2b: Blaziken|46/100
|-unboost|p2b: Blaziken|atk|1
|move|p1b: Mimikyu|Will-O-Wisp|p2a: Scizor
|-activate|p2a: Scizor|move: Protect
|
|-fieldend|move: Trick Room
|upkeep
|turn|6
|inactive|Sternwizard has 30 seconds left.
|
|t:|1783202016
|switch|p2b: Rotom|Rotom-Wash, L50|54/100
|switch|p1a: Tyranitar|Tyranitar, L50, M|100/100
|-weather|Sandstorm|[from] ability: Sand Stream|[of] p1a: Tyranitar
|move|p2a: Scizor|U-turn|p1a: Tyranitar
|-supereffective|p1a: Tyranitar|1
|-damage|p1a: Tyranitar|24/100
|-damage|p2a: Scizor|62/100|[from] item: Life Orb
|
|t:|1783202021
|switch|p2a: Blaziken|Blaziken, L50, F|46/100|[from] U-turn
|move|p1b: Mimikyu|Trick Room|p1b: Mimikyu
|-fieldstart|move: Trick Room|[of] p1b: Mimikyu
|
|-weather|Sandstorm|[upkeep]
|-damage|p1b: Mimikyu|81/100|[from] Sandstorm
|-damage|p2a: Blaziken|40/100|[from] Sandstorm
|-damage|p2b: Rotom|49/100|[from] Sandstorm
|upkeep
|turn|7
|inactive|Sternwizard has 30 seconds left.
|
|t:|1783202054
|switch|p2a: Scizor|Scizor, L50, F|62/100
|move|p1a: Tyranitar|Protect|p1a: Tyranitar
|-singleturn|p1a: Tyranitar|Protect
|move|p1b: Mimikyu|Shadow Sneak|p2a: Scizor
|-damage|p2a: Scizor|44/100
|move|p2b: Rotom|Thunderbolt|p1a: Tyranitar
|-activate|p1a: Tyranitar|move: Protect
|
|-weather|Sandstorm|[upkeep]
|-damage|p1b: Mimikyu|75/100|[from] Sandstorm
|-damage|p2b: Rotom|43/100|[from] Sandstorm
|upkeep
|turn|8
|inactive|Sternwizard has 30 seconds left.
|inactive|Sternwizard has 20 seconds left.
|inactive|Sternwizard has 15 seconds left.
|inactive|Sternwizard has 10 seconds left.
|inactive|AGreatRobot has 30 seconds left.
|
|t:|1783202101
|switch|p1b: Tsareena|Tsareena, L50, F|81/100
|detailschange|p1a: Tyranitar|Tyranitar-Mega, L50, M
|-mega|p1a: Tyranitar|Tyranitar|Tyranitarite
|move|p1a: Tyranitar|Rock Slide|p2a: Scizor|[spread] p2a,p2b
|-damage|p2a: Scizor|8/100
|-damage|p2b: Rotom|1/100
|move|p2a: Scizor|U-turn|p1a: Tyranitar
|-supereffective|p1a: Tyranitar|1
|-damage|p1a: Tyranitar|0 fnt
|faint|p1a: Tyranitar
|-damage|p2a: Scizor|0 fnt|[from] item: Life Orb
|faint|p2a: Scizor
|move|p2b: Rotom|Thunderbolt|p1b: Tsareena
|-resisted|p1b: Tsareena|1
|-damage|p1b: Tsareena|61/100
|
|-weather|Sandstorm|[upkeep]
|-damage|p1b: Tsareena|55/100|[from] Sandstorm
|-damage|p2b: Rotom|0 fnt|[from] Sandstorm
|faint|p2b: Rotom
|upkeep
|
|t:|1783202119
|switch|p1a: Mimikyu|Mimikyu-Busted, L50, M|75/100
|switch|p2b: Blaziken|Blaziken, L50, F|40/100
|turn|9
|-message|AGreatRobot forfeited.
|
|win|Sternwizard
||AGreatRobot is ready for game 3.
||Sternwizard is ready for game 3.
|uhtml|next|Next: Game 3 of 3
|l|â˜†Sternwizard
|player|p1|
