|j|☆yetiyoupi
|j|☆SRareFox
|html|yetiyoupiSRareFox    
|uhtml|bestof|Game 1 of a best-of-3
|t:|1757169664
|gametype|doubles
|player|p1|yetiyoupi|266|1146
|player|p2|SRareFox|169|1324
|gen|9
|tier|[Gen 9] VGC 2025 Reg H (Bo3)
|rated|
|rule|Species Clause: Limit one of each Pokémon
|rule|Item Clause: Limit 1 of each item
|clearpoke
|poke|p1|Braviary-Hisui, L50, M|
|poke|p1|Politoed, L50, F|
|poke|p1|Gothitelle, L50, M|
|poke|p1|Archaludon, L50, M|
|poke|p1|Sneasler, L50, M|
|poke|p1|Whimsicott, L50, M|
|poke|p2|Hatterene, L50, F|
|poke|p2|Indeedee-F, L50, F|
|poke|p2|Gallade, L50, M|
|poke|p2|Ursaluna, L50, F|
|poke|p2|Torkoal, L50, M|
|poke|p2|Porygon2, L50|
|teampreview|4
|showteam|p1|Braviary-Hisui||LifeOrb|SheerForce|Hurricane,Psychic,TeraBlast,Protect|||M|||50|,,,,,Ground]Politoed||CovertCloak|Drizzle|PerishSong,Protect,WeatherBall,IceBeam|||F|||50|,,,,,Grass]Gothitelle||SitrusBerry|ShadowTag|FakeOut,Psychic,Protect,Taunt|||M|||50|,,,,,Water]Archaludon||PowerHerb|Stamina|ElectroShot,BodyPress,Protect,DracoMeteor|||M|||50|,,,,,Electric]Sneasler||WhiteHerb|Unburden|DireClaw,CloseCombat,FakeOut,Protect|||M|||50|,,,,,Fighting]Whimsicott||FocusSash|Prankster|BeatUp,Tailwind,Moonblast,Encore|||M|||50|,,,,,Ghost
|showteam|p2|Hatterene||LifeOrb|MagicBounce|ExpandingForce,DazzlingGleam,TrickRoom,MysticalFire|||F|||50|,,,,,Fire]Indeedee-F||SafetyGoggles|PsychicSurge|Psychic,FollowMe,TrickRoom,HelpingHand|||F|||50|,,,,,Water]Gallade||ClearAmulet|Sharpness|PsychoCut,SacredSword,TrickRoom,WideGuard|||M|||50|,,,,,Grass]Ursaluna||FlameOrb|Guts|Facade,HeadlongRush,Earthquake,Protect|||F|||50|,,,,,Ghost]Torkoal||Charcoal|Drought|Eruption,WeatherBall,ClearSmog,Protect|||M|||50|,,,,,Fire]Porygon2||Eviolite|Download|IceBeam,TeraBlast,TrickRoom,Recover||||||50|,,,,,Flying
|inactive|Battle timer is ON: inactive players will automatically lose when time's up. (requested by SRareFox)
|inactive|yetiyoupi has 60 seconds left.
|inactive|SRareFox has 60 seconds left.
|
|t:|1757169711
|teamsize|p1|4
|teamsize|p2|4
|start
|switch|p1a: Gothitelle|Gothitelle, L50, M|100/100
|switch|p1b: Politoed|Politoed, L50, F|100/100
|switch|p2a: Hatterene|Hatterene, L50, F|100/100
|switch|p2b: Indeedee|Indeedee-F, L50, F|100/100
|-weather|RainDance|[from] ability: Drizzle|[of] p1b: Politoed
|-fieldstart|move: Psychic Terrain|[from] ability: Psychic Surge|[of] p2b: Indeedee
|turn|1
|inactive|SRareFox has 30 seconds left.
|
|t:|1757169741
|move|p2b: Indeedee|Helping Hand|p2a: Hatterene
|-singleturn|p2a: Hatterene|Helping Hand|[of] p2b: Indeedee
|move|p1b: Politoed|Perish Song|p1b: Politoed
|-start|p1a: Gothitelle|perish3|[silent]
|-start|p1b: Politoed|perish3|[silent]
|-start|p2a: Hatterene|perish3|[silent]
|-start|p2b: Indeedee|perish3|[silent]
|-fieldactivate|move: Perish Song
|move|p1a: Gothitelle|Taunt|p2b: Indeedee
|-start|p2b: Indeedee|move: Taunt
|move|p2a: Hatterene|Expanding Force|p1b: Politoed|[spread] p1a,p1b
|-resisted|p1a: Gothitelle
|-damage|p1a: Gothitelle|48/100
|-damage|p1b: Politoed|9/100
|-enditem|p1a: Gothitelle|Sitrus Berry|[eat]
|-heal|p1a: Gothitelle|73/100|[from] item: Sitrus Berry
|-damage|p2a: Hatterene|91/100|[from] item: Life Orb
|
|-weather|RainDance|[upkeep]
|-start|p1b: Politoed|perish3
|-start|p1a: Gothitelle|perish3
|-start|p2b: Indeedee|perish3
|-start|p2a: Hatterene|perish3
|upkeep
|turn|2
|
|t:|1757169756
|move|p1b: Politoed|Protect|p1b: Politoed
|-singleturn|p1b: Politoed|Protect
|move|p1a: Gothitelle|Protect|p1a: Gothitelle
|-singleturn|p1a: Gothitelle|Protect
|move|p2b: Indeedee|Psychic|p1a: Gothitelle
|-activate|p1a: Gothitelle|move: Protect
|move|p2a: Hatterene|Expanding Force|p1b: Politoed|[spread] 
|-activate|p1a: Gothitelle|move: Protect
|-activate|p1b: Politoed|move: Protect
|
|-weather|RainDance|[upkeep]
|-start|p1b: Politoed|perish2
|-start|p1a: Gothitelle|perish2
|-start|p2b: Indeedee|perish2
|-start|p2a: Hatterene|perish2
|upkeep
|turn|3
|inactive|yetiyoupi has 30 seconds left.
|
|t:|1757169783
|move|p1b: Politoed|Weather Ball|p2a: Hatterene
|-damage|p2a: Hatterene|40/100
|move|p1a: Gothitelle|Psychic|p2a: Hatterene
|-resisted|p2a: Hatterene
|-damage|p2a: Hatterene|19/100
|move|p2b: Indeedee|Psychic|p1a: Gothitelle
|-resisted|p1a: Gothitelle
|-damage|p1a: Gothitelle|59/100
|move|p2a: Hatterene|Expanding Force|p1b: Politoed|[spread] p1a,p1b
|-resisted|p1a: Gothitelle
|-damage|p1a: Gothitelle|26/100
|-damage|p1b: Politoed|0 fnt
|faint|p1b: Politoed
|-damage|p2a: Hatterene|9/100|[from] item: Life Orb
|
|-weather|RainDance|[upkeep]
|-start|p1a: Gothitelle|perish1
|-start|p2b: Indeedee|perish1
|-start|p2a: Hatterene|perish1
|upkeep
|inactive|yetiyoupi has 30 seconds left.
|
|t:|1757169809
|switch|p1b: Archaludon|Archaludon, L50, M|100/100
|turn|4
|
|t:|1757169832
|switch|p1a: Braviary|Braviary-Hisui, L50, M|100/100
|move|p1b: Archaludon|Protect|p1b: Archaludon
|-singleturn|p1b: Archaludon|Protect
|move|p2b: Indeedee|Psychic|p1a: Braviary
|-resisted|p1a: Braviary
|-damage|p1a: Braviary|75/100
|move|p2a: Hatterene|Expanding Force|p1b: Archaludon|[spread] p1a
|-activate|p1b: Archaludon|move: Protect
|-resisted|p1a: Braviary
|-damage|p1a: Braviary|17/100
|-damage|p2a: Hatterene|0 fnt|[from] item: Life Orb
|faint|p2a: Hatterene
|
|-weather|RainDance|[upkeep]
|-end|p2b: Indeedee|move: Taunt
|-start|p2b: Indeedee|perish0
|faint|p2b: Indeedee
|upkeep
|
|t:|1757169842
|switch|p2b: Torkoal|Torkoal, L50, M|100/100
|switch|p2a: Gallade|Gallade, L50, M|100/100
|-weather|SunnyDay|[from] ability: Drought|[of] p2b: Torkoal
|turn|5
|inactive|yetiyoupi has 30 seconds left.
|inactive|SRareFox has 30 seconds left.
|inactive|yetiyoupi has 20 seconds left.
|inactive|SRareFox has 20 seconds left.
|inactive|yetiyoupi has 15 seconds left.
|inactive|SRareFox has 15 seconds left.
|
|t:|1757169886
|-terastallize|p1b: Archaludon|Electric
|-terastallize|p2b: Torkoal|Fire
|move|p1a: Braviary|Protect|p1a: Braviary
|-singleturn|p1a: Braviary|Protect
|move|p1b: Archaludon|Electro Shot||[still]
|-prepare|p1b: Archaludon|Electro Shot
|-boost|p1b: Archaludon|spa|1
|-enditem|p1b: Archaludon|Power Herb
|-anim|p1b: Archaludon|Electro Shot|p2a: Gallade
|-damage|p2a: Gallade|4/100
|move|p2a: Gallade|Sacred Sword|p1b: Archaludon
|-damage|p1b: Archaludon|47/100
|-ability|p1b: Archaludon|Stamina|boost
|-boost|p1b: Archaludon|def|1
|move|p2b: Torkoal|Eruption|p1b: Archaludon|[spread] p1b
|-activate|p1a: Braviary|move: Protect
|-damage|p1b: Archaludon|0 fnt
|faint|p1b: Archaludon
|
|-weather|SunnyDay|[upkeep]
|-fieldend|move: Psychic Terrain
|upkeep
|
|t:|1757169900
|switch|p1b: Gothitelle|Gothitelle, L50, M|26/100
|turn|6
|inactive|yetiyoupi has 30 seconds left.
|inactive|SRareFox has 30 seconds left.
|inactive|yetiyoupi has 20 seconds left.
|inactive|SRareFox has 20 seconds left.
|inactive|yetiyoupi has 15 seconds left.
|inactive|SRareFox has 15 seconds left.
|
|t:|1757169944
|move|p1b: Gothitelle|Fake Out|p2a: Gallade
|-damage|p2a: Gallade|0 fnt
|faint|p2a: Gallade
|move|p1a: Braviary|Psychic|p2b: Torkoal
|-damage|p2b: Torkoal|0 fnt
|faint|p2b: Torkoal
|
|win|yetiyoupi
