|j|☆PizzaSanwitch
|j|☆iLouca
|html|PizzaSanwitchiLouca    
|uhtml|bestof|Game 2 of a best-of-3
|t:|1757707119
|gametype|doubles
|player|p1|PizzaSanwitch|1|1080
|player|p2|iLouca|acetrainer|1203
|gen|9
|tier|[Gen 9] VGC 2025 Reg H (Bo3)
|rated|
|rule|Species Clause: Limit one of each Pokémon
|rule|Item Clause: Limit 1 of each item
|clearpoke
|poke|p1|Pelipper, L50, F|
|poke|p1|Ursaluna, L50, F|
|poke|p1|Archaludon, L50, M|
|poke|p1|Dragonite, L50, M|
|poke|p1|Gholdengo, L50|
|poke|p1|Sinistcha, L50|
|poke|p2|Charizard, L50, M|
|poke|p2|Dragapult, L50, M|
|poke|p2|Ursaluna, L50, M|
|poke|p2|Kingambit, L50, M|
|poke|p2|Whimsicott, L50, F|
|poke|p2|Tyranitar, L50, M|
|teampreview|4
|showteam|p1|Pelipper||FocusSash|Drizzle|Protect,Hurricane,WeatherBall,WideGuard|||F|||50|,,,,,Ground]Ursaluna||FlameOrb|Guts|Facade,HeadlongRush,Earthquake,Protect|||F|||50|,,,,,Ghost]Archaludon||AssaultVest|Stamina|BodyPress,Snarl,ElectroShot,DragonPulse|||M|||50|,,,,,Bug]Dragonite||LoadedDice|Multiscale|ScaleShot,Haze,Tailwind,Protect|||M|||50|,,,,,Fairy]Gholdengo||ChoiceSpecs|GoodasGold|MakeItRain,ShadowBall,PowerGem,Trick||||||50|,,,,,Flying]Sinistcha||SitrusBerry|Hospitality|MatchaGotcha,RagePowder,TrickRoom,LifeDew||||||50|,,,,,Dark
|showteam|p2|Charizard||LifeOrb|SolarPower|HeatWave,AirSlash,SolarBeam,Protect|||M|||50|,,,,,Fire]Dragapult||ChoiceBand|ClearBody|DragonDarts,PhantomForce,TeraBlast,Uturn|||M|||50|,,,,,Ghost]Ursaluna||FlameOrb|Guts|Facade,HeadlongRush,Earthquake,Protect|||M|||50|,,,,,Ghost]Kingambit||BlackGlasses|Defiant|KowtowCleave,SuckerPunch,SwordsDance,Protect|||M|||50|,,,,,Flying]Whimsicott||CovertCloak|Prankster|Moonblast,Encore,SunnyDay,Tailwind|||F|||50|,,,,,Dark]Tyranitar||AssaultVest|SandStream|RockSlide,KnockOff,TeraBlast,BrickBreak|||M|||50|,,,,,Flying
|
|t:|1757707148
|teamsize|p1|4
|teamsize|p2|4
|start
|switch|p1a: Dragonite|Dragonite, L50, M|100/100
|switch|p1b: Ursaluna|Ursaluna, L50, F|100/100
|switch|p2a: Dragapult|Dragapult, L50, M|100/100
|switch|p2b: Ursaluna|Ursaluna, L50, M|100/100
|turn|1
|
|t:|1757707189
|move|p2a: Dragapult|U-turn|p1a: Dragonite
|-resisted|p1a: Dragonite
|-damage|p1a: Dragonite|90/100
|
|t:|1757707192
|switch|p2a: Whimsicott|Whimsicott, L50, F|100/100|[from] U-turn
|move|p1a: Dragonite|Tailwind|p1a: Dragonite
|-sidestart|p1: PizzaSanwitch|move: Tailwind
|move|p1b: Ursaluna|Earthquake|p2a: Whimsicott|[spread] p2a,p2b
|-immune|p1a: Dragonite
|-resisted|p2a: Whimsicott
|-damage|p2a: Whimsicott|74/100
|-damage|p2b: Ursaluna|69/100
|move|p2b: Ursaluna|Facade|p1a: Dragonite
|-damage|p1a: Dragonite|39/100
|
|-status|p1b: Ursaluna|brn|[from] item: Flame Orb
|-status|p2b: Ursaluna|brn|[from] item: Flame Orb
|upkeep
|turn|2
|
|t:|1757707224
|move|p1a: Dragonite|Protect|p1a: Dragonite
|-singleturn|p1a: Dragonite|Protect
|move|p2a: Whimsicott|Tailwind|p2a: Whimsicott
|-sidestart|p2: iLouca|move: Tailwind
|move|p2b: Ursaluna|Facade|p1b: Ursaluna
|-damage|p1b: Ursaluna|14/100 brn
|move|p1b: Ursaluna|Facade|p2a: Whimsicott
|-crit|p2a: Whimsicott
|-damage|p2a: Whimsicott|0 fnt
|faint|p2a: Whimsicott
|
|-damage|p2b: Ursaluna|63/100 brn|[from] brn
|-damage|p1b: Ursaluna|8/100 brn|[from] brn
|upkeep
|
|t:|1757707251
|switch|p2a: Dragapult|Dragapult, L50, M|100/100
|turn|3
|inactive|Battle timer is ON: inactive players will automatically lose when time's up. (requested by PizzaSanwitch)
|
|t:|1757707345
|switch|p1a: Archaludon|Archaludon, L50, M|100/100
|-terastallize|p2a: Dragapult|Ghost
|move|p2a: Dragapult|Tera Blast|p1a: Archaludon|[anim] Tera Blast Ghost
|-damage|p1a: Archaludon|46/100
|-ability|p1a: Archaludon|Stamina|boost
|-boost|p1a: Archaludon|def|1
|move|p2b: Ursaluna|Facade|p1b: Ursaluna
|-damage|p1b: Ursaluna|0 fnt
|faint|p1b: Ursaluna
|
|-damage|p2b: Ursaluna|57/100 brn|[from] brn
|upkeep
|
|t:|1757707360
|switch|p1b: Pelipper|Pelipper, L50, F|100/100
|-weather|RainDance|[from] ability: Drizzle|[of] p1b: Pelipper
|turn|4
|
|t:|1757707384
|move|p2a: Dragapult|Tera Blast|p1a: Archaludon|[anim] Tera Blast Ghost
|-damage|p1a: Archaludon|14/100
|-ability|p1a: Archaludon|Stamina|boost
|-boost|p1a: Archaludon|def|1
|move|p1b: Pelipper|Weather Ball|p2a: Dragapult
|-damage|p2a: Dragapult|13/100
|move|p1a: Archaludon|Body Press|p2b: Ursaluna
|-supereffective|p2b: Ursaluna
|-damage|p2b: Ursaluna|0 fnt
|faint|p2b: Ursaluna
|
|-weather|RainDance|[upkeep]
|-sideend|p1: PizzaSanwitch|move: Tailwind
|upkeep
|
|t:|1757707399
|switch|p2b: Charizard|Charizard, L50, M|100/100
|turn|5
|
|t:|1757707415
|move|p1b: Pelipper|Protect|p1b: Pelipper
|-singleturn|p1b: Pelipper|Protect
|move|p2a: Dragapult|Tera Blast|p1b: Pelipper|[anim] Tera Blast Ghost
|-activate|p1b: Pelipper|move: Protect
|move|p2b: Charizard|Heat Wave|p1a: Archaludon|[spread] p1a
|-activate|p1b: Pelipper|move: Protect
|-damage|p1a: Archaludon|0 fnt
|faint|p1a: Archaludon
|-damage|p2b: Charizard|91/100|[from] item: Life Orb
|
|-weather|RainDance|[upkeep]
|-sideend|p2: iLouca|move: Tailwind
|upkeep
|
|t:|1757707424
|switch|p1a: Dragonite|Dragonite, L50, M|39/100
|turn|6
|inactive|PizzaSanwitch has 30 seconds left.
|
|t:|1757707451
|move|p1b: Pelipper|Wide Guard|p1b: Pelipper
|-singleturn|p1b: Pelipper|Wide Guard
|move|p2a: Dragapult|Tera Blast|p1a: Dragonite|[anim] Tera Blast Ghost
|-damage|p1a: Dragonite|0 fnt
|faint|p1a: Dragonite
|move|p2b: Charizard|Air Slash|p1b: Pelipper
|-damage|p1b: Pelipper|14/100
|-damage|p2b: Charizard|81/100|[from] item: Life Orb
|
|-weather|RainDance|[upkeep]
|upkeep
|turn|7
|-message|PizzaSanwitch forfeited.
|
|win|iLouca
|raw|PizzaSanwitch's rating: 1080 → 1065(-15 for losing)
|raw|iLouca's rating: 1203 → 1220(+17 for winning)
|l|☆iLouca
|player|p2|
