|j|☆Invoker Kuzan
|j|☆PaniniWeenie
|html|Invoker KuzanPaniniWeenie    
|uhtml|bestof|Game 2 of a best-of-3
|t:|1756399026
|gametype|doubles
|player|p1|Invoker Kuzan|marnie-masters3|1258
|player|p2|PaniniWeenie|266|1430
|gen|9
|tier|[Gen 9] VGC 2025 Reg H (Bo3)
|rated|
|rule|Species Clause: Limit one of each Pokémon
|rule|Item Clause: Limit 1 of each item
|clearpoke
|poke|p1|Indeedee-F, L50, F|
|poke|p1|Hatterene, L50, F|
|poke|p1|Gallade, L50, M|
|poke|p1|Ursaluna, L50, M|
|poke|p1|Lilligant-Hisui, L50, F|
|poke|p1|Torkoal, L50, M|
|poke|p2|Sneasler, L50, F|
|poke|p2|Volcarona, L50, M|
|poke|p2|Dragonite, L50, M|
|poke|p2|Rillaboom, L50, F|
|poke|p2|Electabuzz, L50, F|
|poke|p2|Kingambit, L50, M|
|teampreview|4
|showteam|p1|Indeedee-F||PsychicSeed|PsychicSurge|TrickRoom,FollowMe,HelpingHand,DazzlingGleam|||F|||50|,,,,,Fire]Hatterene||LifeOrb|MagicBounce|ExpandingForce,TrickRoom,DazzlingGleam,Protect|||F|||50|,,,,,Psychic]Gallade||ClearAmulet|Sharpness|PsychoCut,TrickRoom,SacredSword,WideGuard|||M|||50|,,,,,Grass]Ursaluna||FlameOrb|Guts|HeadlongRush,Facade,SwordsDance,Protect|||M|||50|,,,,,Ghost]Lilligant-Hisui||FocusSash|Chlorophyll|SolarBlade,SleepPowder,CloseCombat,AfterYou|||F|||50|,,,,,Ghost]Torkoal||ChoiceSpecs|Drought|Eruption,HeatWave,WeatherBall,EarthPower|||M|||50|,,,,,Fire
|showteam|p2|Sneasler||FocusSash|Unburden|DireClaw,CloseCombat,FakeOut,Coaching|||F|||50|,,,,,Ghost]Volcarona||Leftovers|FlameBody|HeatWave,QuiverDance,Protect,TeraBlast|||M|||50|,,,,,Fairy]Dragonite||LoadedDice|Multiscale|ScaleShot,ExtremeSpeed,Haze,Protect|||M|||50|,,,,,Steel]Rillaboom||AssaultVest|GrassySurge|WoodHammer,GrassyGlide,HighHorsepower,FakeOut|||F|||50|,,,,,Fire]Electabuzz||Eviolite|VitalSpirit|FollowMe,Thunderbolt,Taunt,Protect|||F|||50|,,,,,Fairy]Kingambit||BlackGlasses|Defiant|KowtowCleave,SuckerPunch,SwordsDance,Protect|||M|||50|,,,,,Dark
|inactive|Battle timer is ON: inactive players will automatically lose when time's up. (requested by PaniniWeenie)
|inactive|Invoker Kuzan has 60 seconds left.
|
|t:|1756399070
|teamsize|p1|4
|teamsize|p2|4
|start
|switch|p1a: Indeedee|Indeedee-F, L50, F, shiny|100/100
|switch|p1b: Gallade|Gallade, L50, M, shiny|100/100
|switch|p2a: Sneasler|Sneasler, L50, F|100/100
|switch|p2b: Dragonite|Dragonite, L50, M|100/100
|-fieldstart|move: Psychic Terrain|[from] ability: Psychic Surge|[of] p1a: Indeedee
|-enditem|p1a: Indeedee|Psychic Seed
|-boost|p1a: Indeedee|spd|1|[from] item: Psychic Seed
|turn|1
|inactive|PaniniWeenie has 30 seconds left.
|inactive|PaniniWeenie has 20 seconds left.
|
|t:|1756399112
|move|p1a: Indeedee|Follow Me|p1a: Indeedee
|-singleturn|p1a: Indeedee|move: Follow Me
|move|p2a: Sneasler|Coaching|p2b: Dragonite
|-boost|p2b: Dragonite|atk|1
|-boost|p2b: Dragonite|def|1
|move|p2b: Dragonite|Scale Shot|p1a: Indeedee
|-damage|p1a: Indeedee|78/100
|-damage|p1a: Indeedee|55/100
|-damage|p1a: Indeedee|34/100
|-damage|p1a: Indeedee|12/100
|-damage|p1a: Indeedee|0 fnt
|faint|p1a: Indeedee
|-hitcount|p1: Indeedee|5
|-unboost|p2b: Dragonite|def|1
|-boost|p2b: Dragonite|spe|1
|move|p1b: Gallade|Trick Room|p1b: Gallade
|-fieldstart|move: Trick Room|[of] p1b: Gallade
|
|upkeep
|
|t:|1756399125
|switch|p1a: Hatterene|Hatterene, L50, F, shiny|100/100
|turn|2
|
|t:|1756399140
|switch|p2a: Rillaboom|Rillaboom, L50, F|100/100
|-fieldstart|move: Grassy Terrain|[from] ability: Grassy Surge|[of] p2a: Rillaboom
|move|p2b: Dragonite|Protect|p2b: Dragonite
|-singleturn|p2b: Dragonite|Protect
|move|p1a: Hatterene|Dazzling Gleam|p2b: Dragonite|[spread] p2a
|-activate|p2b: Dragonite|move: Protect
|-damage|p2a: Rillaboom|64/100
|-damage|p1a: Hatterene|91/100|[from] item: Life Orb
|move|p1b: Gallade|Psycho Cut|p2a: Rillaboom
|-damage|p2a: Rillaboom|9/100
|
|-heal|p1a: Hatterene|97/100|[from] Grassy Terrain
|-heal|p2a: Rillaboom|15/100|[from] Grassy Terrain
|upkeep
|turn|3
|inactive|Invoker Kuzan has 30 seconds left.
|inactive|PaniniWeenie has 30 seconds left.
|inactive|PaniniWeenie has 20 seconds left.
|
|t:|1756399178
|switch|p1a: Ursaluna|Ursaluna, L50, M, shiny|100/100
|-terastallize|p2b: Dragonite|Steel
|move|p2a: Rillaboom|Fake Out|p1b: Gallade
|-damage|p1b: Gallade|80/100
|cant|p1b: Gallade|flinch
|move|p2b: Dragonite|Scale Shot|p1b: Gallade
|-damage|p1b: Gallade|48/100
|-damage|p1b: Gallade|12/100
|-damage|p1b: Gallade|0 fnt
|faint|p1b: Gallade
|-hitcount|p1: Gallade|3
|-unboost|p2b: Dragonite|def|1
|-boost|p2b: Dragonite|spe|1
|
|-heal|p2a: Rillaboom|21/100|[from] Grassy Terrain
|-status|p1a: Ursaluna|brn|[from] item: Flame Orb
|upkeep
|
|t:|1756399185
|switch|p1b: Hatterene|Hatterene, L50, F, shiny|97/100
|turn|4
|inactive|Invoker Kuzan has 30 seconds left.
|inactive|PaniniWeenie has 30 seconds left.
|
|t:|1756399219
|switch|p2a: Electabuzz|Electabuzz, L50, F|100/100
|move|p2b: Dragonite|Protect|p2b: Dragonite
|-singleturn|p2b: Dragonite|Protect
|move|p1b: Hatterene|Dazzling Gleam|p2b: Dragonite|[spread] p2a
|-activate|p2b: Dragonite|move: Protect
|-damage|p2a: Electabuzz|64/100
|-damage|p1b: Hatterene|87/100|[from] item: Life Orb
|move|p1a: Ursaluna|Facade|p2a: Electabuzz
|-damage|p2a: Electabuzz|0 fnt
|faint|p2a: Electabuzz
|
|-heal|p1b: Hatterene|93/100|[from] Grassy Terrain
|-damage|p1a: Ursaluna|95/100 brn|[from] brn
|upkeep
|inactive|PaniniWeenie has 30 seconds left.
|
|t:|1756399249
|switch|p2a: Sneasler|Sneasler, L50, F|100/100
|turn|5
|
|t:|1756399267
|-terastallize|p1a: Ursaluna|Ghost
|move|p2a: Sneasler|Fake Out|p1b: Hatterene
|-crit|p1b: Hatterene
|-damage|p1b: Hatterene|68/100
|cant|p1b: Hatterene|flinch
|move|p1a: Ursaluna|Facade|p2a: Sneasler
|-enditem|p2a: Sneasler|Focus Sash
|-damage|p2a: Sneasler|1/100
|move|p2b: Dragonite|Scale Shot|p1a: Ursaluna
|-damage|p1a: Ursaluna|79/100 brn
|-crit|p1a: Ursaluna
|-damage|p1a: Ursaluna|56/100 brn
|-damage|p1a: Ursaluna|39/100 brn
|-damage|p1a: Ursaluna|22/100 brn
|-hitcount|p1a: Ursaluna|4
|-unboost|p2b: Dragonite|def|1
|-boost|p2b: Dragonite|spe|1
|
|-heal|p1b: Hatterene|74/100|[from] Grassy Terrain
|-heal|p1a: Ursaluna|28/100 brn|[from] Grassy Terrain
|-heal|p2a: Sneasler|7/100|[from] Grassy Terrain
|-damage|p1a: Ursaluna|22/100 brn|[from] brn
|-fieldend|move: Trick Room
|upkeep
|turn|6
|inactive|PaniniWeenie has 30 seconds left.
|
|t:|1756399293
|move|p1a: Ursaluna|Protect|p1a: Ursaluna
|-singleturn|p1a: Ursaluna|Protect
|move|p2a: Sneasler|Dire Claw|p1b: Hatterene
|-supereffective|p1b: Hatterene
|-damage|p1b: Hatterene|0 fnt
|faint|p1b: Hatterene
|move|p2b: Dragonite|Scale Shot|p1a: Ursaluna
|-activate|p1a: Ursaluna|move: Protect
|
|-heal|p2a: Sneasler|13/100|[from] Grassy Terrain
|-heal|p1a: Ursaluna|28/100 brn|[from] Grassy Terrain
|-damage|p1a: Ursaluna|22/100 brn|[from] brn
|-fieldend|move: Grassy Terrain
|upkeep
|turn|7
|inactive|Invoker Kuzan has 30 seconds left.
|-message|Invoker Kuzan forfeited.
|
|win|PaniniWeenie
|raw|Invoker Kuzan's rating: 1258 → 1244(-14 for losing)
|raw|PaniniWeenie's rating: 1430 → 1441(+11 for winning)
|l|☆Invoker Kuzan
|player|p1|
