|j|☆MYSEEMBENTON
|j|☆sbhaga34
|html|MYSEEMBENTONsbhaga34    
|uhtml|bestof|Game 1 of a best-of-3
|t:|1784662245
|gametype|doubles
|player|p1|MYSEEMBENTON|102|1189
|player|p2|sbhaga34|hugh|1320
|gen|9
|tier|[Gen 9 Champions] VGC 2026 Reg M-B (Bo3)
|rated|
|rule|Species Clause: Limit one of each Pokémon
|rule|Item Clause: Limit 1 of each item
|clearpoke
|poke|p1|Dragonite, L50, F|
|poke|p1|Basculegion, L50, M|
|poke|p1|Pelipper, L50, F|
|poke|p1|Archaludon, L50, F|
|poke|p1|Meowscarada, L50, F|
|poke|p1|Sneasler, L50, F|
|poke|p2|Excadrill, L50, F|
|poke|p2|Tyranitar, L50, F|
|poke|p2|Corviknight, L50, M|
|poke|p2|Rotom-Wash, L50|
|poke|p2|Chandelure, L50, F|
|poke|p2|Scovillain, L50, F|
|teampreview|4
|showteam|p1|Dragonite||Dragoninite|Multiscale|Protect,HeatWave,Hurricane,DracoMeteor|Modest||F|||50|]Basculegion||ChoiceScarf|Adaptability|Liquidation,LastRespects,WaveCrash,AquaJet|Adamant||M|||50|]Pelipper||SitrusBerry|Drizzle|Protect,Tailwind,MuddyWater,Hurricane|Modest||F|||50|]Archaludon||Leftovers|Stamina|FlashCannon,DracoMeteor,ElectroShot,Protect|Modest||F|||50|]Meowscarada||FocusSash|Protean|Protect,FlowerTrick,TripleAxel,KnockOff|Adamant||F|||50|]Sneasler||WhiteHerb|Unburden|FakeOut,CloseCombat,DireClaw,Uturn|Adamant||F|||50|
|showteam|p2|Excadrill||FocusSash|SandRush|Earthquake,IronHead,SwordsDance,Protect|Adamant||F|||50|]Tyranitar||Tyranitarite|SandStream|RockSlide,KnockOff,LowKick,Protect|Adamant||F|||50|]Corviknight||SharpBeak|MirrorArmor|BraveBird,Tailwind,BulkUp,Roost|Careful||M|||50|]Rotom-Wash||ChoiceScarf|Levitate|VoltSwitch,Thunderbolt,Electroweb,HydroPump|Timid|||||50|]Chandelure||ShucaBerry|FlashFire|HeatWave,ShadowBall,TrickRoom,Protect|Modest||F|||50|]Scovillain||Scovillainite|Chlorophyll|RagePowder,Overheat,GigaDrain,Protect|Calm||F|||50|
|inactive|Battle timer is ON: inactive players will automatically lose when time's up. (requested by sbhaga34)
|
|t:|1784662304
|teamsize|p1|4
|teamsize|p2|4
|start
|switch|p1a: Dragonite|Dragonite, L50, F|100/100
|switch|p1b: Meowscarada|Meowscarada, L50, F|100/100
|switch|p2a: Rotom|Rotom-Wash, L50|100/100
|switch|p2b: Corviknight|Corviknight, L50, M|100/100
|turn|1
|inactive|sbhaga34 has 30 seconds left.
|
|t:|1784662336
|switch|p1b: Archaludon|Archaludon, L50, F|100/100
|detailschange|p1a: Dragonite|Dragonite-Mega, L50, F
|-mega|p1a: Dragonite|Dragonite|Dragoninite
|move|p2a: Rotom|Volt Switch|p1a: Dragonite
|-damage|p1a: Dragonite|87/100
|
|t:|1784662342
|switch|p2a: Tyranitar|Tyranitar, L50, F|100/100|[from] Volt Switch
|-weather|Sandstorm|[from] ability: Sand Stream|[of] p2a: Tyranitar
|move|p1a: Dragonite|Heat Wave|p2b: Corviknight|[spread] p2a
|-miss|p1a: Dragonite|p2b: Corviknight
|-resisted|p2a: Tyranitar|1
|-damage|p2a: Tyranitar|91/100
|move|p2b: Corviknight|Brave Bird|p1b: Archaludon
|-resisted|p1b: Archaludon|1
|-damage|p1b: Archaludon|80/100
|-ability|p1b: Archaludon|Stamina|boost
|-boost|p1b: Archaludon|def|1
|-damage|p2b: Corviknight|94/100|[from] Recoil
|
|-weather|Sandstorm|[upkeep]
|-damage|p1a: Dragonite|81/100|[from] Sandstorm
|-heal|p1b: Archaludon|86/100|[from] item: Leftovers
|upkeep
|turn|2
|
|t:|1784662360
|move|p1a: Dragonite|Protect|p1a: Dragonite
|-singleturn|p1a: Dragonite|Protect
|move|p1b: Archaludon|Protect|p1b: Archaludon
|-singleturn|p1b: Archaludon|Protect
|move|p2b: Corviknight|Tailwind|p2b: Corviknight
|-sidestart|p2: sbhaga34|move: Tailwind
|move|p2a: Tyranitar|Rock Slide|p1b: Archaludon|[spread] 
|-activate|p1a: Dragonite|move: Protect
|-activate|p1b: Archaludon|move: Protect
|
|-weather|Sandstorm|[upkeep]
|-damage|p1a: Dragonite|75/100|[from] Sandstorm
|-heal|p1b: Archaludon|92/100|[from] item: Leftovers
|upkeep
|turn|3
|
|t:|1784662377
|switch|p1a: Pelipper|Pelipper, L50, F|100/100
|-weather|RainDance|[from] ability: Drizzle|[of] p1a: Pelipper
|detailschange|p2a: Tyranitar|Tyranitar-Mega, L50, F
|-mega|p2a: Tyranitar|Tyranitar|Tyranitarite
|-weather|Sandstorm|[from] ability: Sand Stream|[of] p2a: Tyranitar
|move|p2a: Tyranitar|Knock Off|p1b: Archaludon
|-damage|p1b: Archaludon|55/100
|-ability|p1b: Archaludon|Stamina|boost
|-boost|p1b: Archaludon|def|1
|-enditem|p1b: Archaludon|Leftovers|[from] move: Knock Off|[of] p2a: Tyranitar
|move|p2b: Corviknight|Bulk Up|p2b: Corviknight
|-boost|p2b: Corviknight|atk|1
|-boost|p2b: Corviknight|def|1
|move|p1b: Archaludon|Electro Shot||[still]
|-prepare|p1b: Archaludon|Electro Shot
|-boost|p1b: Archaludon|spa|1
|
|-weather|Sandstorm|[upkeep]
|-damage|p1a: Pelipper|94/100|[from] Sandstorm
|upkeep
|turn|4
|
|t:|1784662400
|switch|p2b: Excadrill|Excadrill, L50, F|100/100
|switch|p1a: Meowscarada|Meowscarada, L50, F|100/100
|move|p2a: Tyranitar|Rock Slide|p1a: Meowscarada|[spread] p1a,p1b
|-resisted|p1b: Archaludon|1
|-damage|p1a: Meowscarada|48/100
|-damage|p1b: Archaludon|48/100
|-ability|p1b: Archaludon|Stamina|boost
|-boost|p1b: Archaludon|def|1
|cant|p1b: Archaludon|flinch
|
|-weather|Sandstorm|[upkeep]
|-damage|p1a: Meowscarada|42/100|[from] Sandstorm
|upkeep
|turn|5
|
|t:|1784662420
|move|p1a: Meowscarada|Protect|p1a: Meowscarada
|-start|p1a: Meowscarada|typechange|Normal|[from] ability: Protean
|-singleturn|p1a: Meowscarada|Protect
|move|p1b: Archaludon|Protect|p1b: Archaludon
|-singleturn|p1b: Archaludon|Protect
|move|p2b: Excadrill|Swords Dance|p2b: Excadrill
|-boost|p2b: Excadrill|atk|2
|move|p2a: Tyranitar|Rock Slide|p1b: Archaludon|[spread] 
|-activate|p1a: Meowscarada|move: Protect
|-activate|p1b: Archaludon|move: Protect
|
|-weather|Sandstorm|[upkeep]
|-damage|p1a: Meowscarada|36/100|[from] Sandstorm
|-sideend|p2: sbhaga34|move: Tailwind
|upkeep
|turn|6
|inactive|MYSEEMBENTON has 30 seconds left.
|
|t:|1784662451
|switch|p2a: Corviknight|Corviknight, L50, M|94/100
|switch|p1b: Pelipper|Pelipper, L50, F|94/100
|-weather|RainDance|[from] ability: Drizzle|[of] p1b: Pelipper
|move|p1a: Meowscarada|Flower Trick|p2b: Excadrill
|-crit|p2b: Excadrill
|-damage|p2b: Excadrill|47/100
|move|p2b: Excadrill|Earthquake|p1b: Pelipper|[spread] p1a
|-immune|p2a: Corviknight
|-immune|p1b: Pelipper
|-damage|p1a: Meowscarada|0 fnt
|faint|p1a: Meowscarada
|
|-weather|RainDance|[upkeep]
|upkeep
|
|t:|1784662468
|switch|p1a: Dragonite|Dragonite-Mega, L50, F|75/100
|turn|7
|
|t:|1784662472
|switch|p2a: Tyranitar|Tyranitar-Mega, L50, F|91/100
|-weather|Sandstorm|[from] ability: Sand Stream|[of] p2a: Tyranitar
|move|p1a: Dragonite|Protect|p1a: Dragonite
|-singleturn|p1a: Dragonite|Protect
|move|p2b: Excadrill|Iron Head|p1a: Dragonite
|-activate|p1a: Dragonite|move: Protect
|move|p1b: Pelipper|Muddy Water|p2a: Tyranitar|[spread] p2a,p2b
|-supereffective|p2a: Tyranitar|1
|-supereffective|p2b: Excadrill|1
|-damage|p2a: Tyranitar|61/100
|-damage|p2b: Excadrill|0 fnt
|faint|p2b: Excadrill
|
|-weather|Sandstorm|[upkeep]
|-damage|p1a: Dragonite|69/100|[from] Sandstorm
|-damage|p1b: Pelipper|88/100|[from] Sandstorm
|upkeep
|
|t:|1784662483
|switch|p2b: Rotom|Rotom-Wash, L50|100/100
|turn|8
|
|t:|1784662492
|switch|p1a: Archaludon|Archaludon, L50, F|48/100
|move|p1b: Pelipper|Protect|p1b: Pelipper
|-singleturn|p1b: Pelipper|Protect
|move|p2b: Rotom|Thunderbolt|p1b: Pelipper
|-activate|p1b: Pelipper|move: Protect
|move|p2a: Tyranitar|Rock Slide|p1b: Pelipper|[spread] p1a
|-activate|p1b: Pelipper|move: Protect
|-resisted|p1a: Archaludon|1
|-damage|p1a: Archaludon|35/100
|-ability|p1a: Archaludon|Stamina|boost
|-boost|p1a: Archaludon|def|1
|
|-weather|Sandstorm|[upkeep]
|-damage|p2b: Rotom|94/100|[from] Sandstorm
|-damage|p1b: Pelipper|82/100|[from] Sandstorm
|upkeep
|turn|9
|
|t:|1784662506
|move|p2b: Rotom|Thunderbolt|p1b: Pelipper
|-supereffective|p1b: Pelipper|2
|-damage|p1b: Pelipper|0 fnt
|faint|p1b: Pelipper
|move|p2a: Tyranitar|Low Kick|p1a: Archaludon
|-supereffective|p1a: Archaludon|1
|-damage|p1a: Archaludon|0 fnt
|faint|p1a: Archaludon
|
|-weather|Sandstorm|[upkeep]
|-damage|p2b: Rotom|88/100|[from] Sandstorm
|upkeep
|
|t:|1784662511
|switch|p1b: Dragonite|Dragonite-Mega, L50, F|69/100
|turn|10
|-message|MYSEEMBENTON forfeited.
|
|win|sbhaga34
