|j|☆W/\TSON
|j|☆condret
|html|W/\TSONcondret    
|uhtml|bestof|Game 2 of a best-of-3
|t:|1783728415
|gametype|doubles
|player|p1|W/\TSON|steven|1107
|player|p2|condret|1|1000
|gen|9
|tier|[Gen 9 Champions] VGC 2026 Reg M-B (Bo3)
|rated|
|rule|Species Clause: Limit one of each Pokémon
|rule|Item Clause: Limit 1 of each item
|clearpoke
|poke|p1|Incineroar, L50, M|
|poke|p1|Raichu, L50, M|
|poke|p1|Pelipper, L50, M|
|poke|p1|Gyarados, L50, F|
|poke|p1|Charizard, L50, F|
|poke|p1|Venusaur, L50, M|
|poke|p2|Garchomp, L50, M|
|poke|p2|Aegislash, L50, M|
|poke|p2|Tyranitar, L50, F|
|poke|p2|Glimmora, L50, M|
|poke|p2|Milotic, L50, F|
|poke|p2|Incineroar, L50, M|
|teampreview|4
|showteam|p1|Incineroar||SitrusBerry|Intimidate|FakeOut,FlareBlitz,PartingShot,HelpingHand|Relaxed||M|||50|]Raichu||FocusSash|LightningRod|FakeOut,Nuzzle,KnockOff,Thunderbolt|Hasty||M|||50|]Pelipper||DampRock|Drizzle|WideGuard,Hurricane,Tailwind,Uturn|Bold||M|||50|]Gyarados||Gyaradosite|Intimidate|Protect,Waterfall,Crunch,DragonDance|Adamant||F|||50|]Charizard||CharizarditeY|Blaze|HeatWave,Protect,AirSlash,HelpingHand|Modest||F|||50|]Venusaur||LifeOrb|Chlorophyll|AcidSpray,SludgeBomb,EnergyBall,EarthPower|Modest||M|||50|
|showteam|p2|Garchomp||BrightPowder|SandVeil|StompingTantrum,DragonRush,Protect,Substitute|Jolly||M|||50|]Aegislash||ScopeLens|StanceChange|KingsShield,ShadowClaw,WideGuard,SacredSword|Careful||M|||50|]Tyranitar||Tyranitarite|SandStream|KnockOff,RockSlide,FirePunch,Protect|Adamant||F|||50|]Glimmora||Glimmoranite|ToxicDebris|SludgeBomb,Substitute,SpikyShield,PowerGem|Timid||M|||50|]Milotic||Leftovers|Competitive|MuddyWater,IcyWind,Recover,Scald|Bold||F|||50|]Incineroar||SitrusBerry|Intimidate|FakeOut,PartingShot,FlareBlitz,Substitute|Careful||M|||50|
|
|t:|1783728461
|teamsize|p1|4
|teamsize|p2|4
|start
|switch|p1a: Gyarados|Gyarados, L50, F|100/100
|switch|p1b: Pelipper|Pelipper, L50, M|100/100
|switch|p2a: Incineroar|Incineroar, L50, M|100/100
|switch|p2b: Milotic|Milotic, L50, F|100/100
|-ability|p1a: Gyarados|Intimidate|boost
|-unboost|p2a: Incineroar|atk|1
|-unboost|p2b: Milotic|atk|1
|-ability|p2b: Milotic|Competitive|boost
|-boost|p2b: Milotic|spa|2
|-weather|RainDance|[from] ability: Drizzle|[of] p1b: Pelipper
|-ability|p2a: Incineroar|Intimidate|boost
|-unboost|p1a: Gyarados|atk|1
|-unboost|p1b: Pelipper|atk|1
|turn|1
|inactive|Battle timer is ON: inactive players will automatically lose when time's up. (requested by W/\TSON)
|
|t:|1783728482
|detailschange|p1a: Gyarados|Gyarados-Mega, L50, F
|-mega|p1a: Gyarados|Gyarados|Gyaradosite
|-ability|p1a: Gyarados|Mold Breaker
|move|p2a: Incineroar|Fake Out|p1b: Pelipper
|-damage|p1b: Pelipper|92/100
|move|p1a: Gyarados|Dragon Dance|p1a: Gyarados
|-boost|p1a: Gyarados|atk|1
|-boost|p1a: Gyarados|spe|1
|move|p2b: Milotic|Icy Wind|p1a: Gyarados|[spread] p1a,p1b
|-resisted|p1a: Gyarados|1
|-damage|p1a: Gyarados|93/100
|-damage|p1b: Pelipper|69/100
|-unboost|p1a: Gyarados|spe|1
|-unboost|p1b: Pelipper|spe|1
|cant|p1b: Pelipper|flinch
|
|-weather|RainDance|[upkeep]
|upkeep
|turn|2
|
|t:|1783728506
|move|p1a: Gyarados|Waterfall|p2a: Incineroar
|-supereffective|p2a: Incineroar|1
|-damage|p2a: Incineroar|0 fnt
|faint|p2a: Incineroar
|move|p2b: Milotic|Icy Wind|p1a: Gyarados|[spread] p1a,p1b
|-resisted|p1a: Gyarados|1
|-damage|p1a: Gyarados|86/100
|-damage|p1b: Pelipper|43/100
|-unboost|p1a: Gyarados|spe|1
|-unboost|p1b: Pelipper|spe|1
|move|p1b: Pelipper|Hurricane|p2b: Milotic
|-damage|p2b: Milotic|72/100
|
|-weather|RainDance|[upkeep]
|-heal|p2b: Milotic|78/100|[from] item: Leftovers
|upkeep
|inactive|condret has 30 seconds left.
|inactive|condret has 20 seconds left.
|
|t:|1783728543
|switch|p2a: Garchomp|Garchomp, L50, M|100/100
|turn|3
|inactive|W/\TSON has 30 seconds left.
|inactive|W/\TSON has 20 seconds left.
|inactive|W/\TSON has 15 seconds left.
|inactive|W/\TSON has 10 seconds left.
|inactive|W/\TSON has 5 seconds left.
|
|t:|1783728595
|move|p2a: Garchomp|Protect|p2a: Garchomp
|-singleturn|p2a: Garchomp|Protect
|move|p2b: Milotic|Icy Wind|p1a: Gyarados|[spread] p1a,p1b
|-resisted|p1a: Gyarados|1
|-damage|p1a: Gyarados|80/100
|-damage|p1b: Pelipper|17/100
|-unboost|p1a: Gyarados|spe|1
|-unboost|p1b: Pelipper|spe|1
|move|p1a: Gyarados|Waterfall|p2a: Garchomp
|-activate|p2a: Garchomp|move: Protect
|move|p1b: Pelipper|Hurricane|p2b: Milotic
|-damage|p2b: Milotic|50/100y
|-start|p2b: Milotic|confusion
|
|-weather|RainDance|[upkeep]
|-heal|p2b: Milotic|55/100|[from] item: Leftovers
|upkeep
|turn|4
|inactive|condret has 30 seconds left.
|inactive|condret has 20 seconds left.
|inactive|condret has 15 seconds left.
|
|t:|1783728639
|switch|p2a: Tyranitar|Tyranitar, L50, F|100/100
|-weather|Sandstorm|[from] ability: Sand Stream|[of] p2a: Tyranitar
|-activate|p2b: Milotic|confusion
|-damage|p2b: Milotic|52/100|[from] confusion
|move|p1a: Gyarados|Waterfall|p2a: Tyranitar
|-supereffective|p2a: Tyranitar|1
|-crit|p2a: Tyranitar
|-damage|p2a: Tyranitar|0 fnt
|faint|p2a: Tyranitar
|move|p1b: Pelipper|Tailwind|p1b: Pelipper
|-sidestart|p1: W/\TSON|move: Tailwind
|
|-weather|Sandstorm|[upkeep]
|-damage|p1a: Gyarados|74/100|[from] Sandstorm
|-damage|p2b: Milotic|47/100|[from] Sandstorm
|-damage|p1b: Pelipper|11/100|[from] Sandstorm
|-heal|p2b: Milotic|52/100|[from] item: Leftovers
|upkeep
|
|t:|1783728654
|switch|p2a: Garchomp|Garchomp, L50, M|100/100
|turn|5
|inactive|condret has 30 seconds left.
|inactive|condret has 20 seconds left.
|inactive|condret has 15 seconds left.
|inactive|condret has 10 seconds left.
|
|t:|1783728700
|switch|p1a: Venusaur|Venusaur, L50, M|100/100
|switch|p1b: Incineroar|Incineroar, L50, M|100/100
|-ability|p1b: Incineroar|Intimidate|boost
|-unboost|p2a: Garchomp|atk|1
|-unboost|p2b: Milotic|atk|1
|-ability|p2b: Milotic|Competitive|boost
|-boost|p2b: Milotic|spa|2
|move|p2a: Garchomp|Dragon Rush|p1a: Venusaur|[miss]
|-miss|p2a: Garchomp|p1a: Venusaur
|-end|p2b: Milotic|confusion
|move|p2b: Milotic|Recover|p2b: Milotic
|-heal|p2b: Milotic|100/100
|
|-weather|Sandstorm|[upkeep]
|-damage|p1a: Venusaur|94/100|[from] Sandstorm
|-damage|p1b: Incineroar|93/100|[from] Sandstorm
|-damage|p2b: Milotic|94/100|[from] Sandstorm
|-heal|p2b: Milotic|100/100|[from] item: Leftovers
|upkeep
|turn|6
|inactive|W/\TSON has 30 seconds left.
|inactive|condret has 30 seconds left.
|inactive|W/\TSON has 20 seconds left.
|inactive|condret has 20 seconds left.
|inactive|W/\TSON has 15 seconds left.
|
|t:|1783728744
|move|p1b: Incineroar|Fake Out|p2b: Milotic
|-damage|p2b: Milotic|90/100
|move|p1a: Venusaur|Acid Spray|p2b: Milotic
|-damage|p2b: Milotic|72/100
|-unboost|p2b: Milotic|spd|2
|-ability|p2b: Milotic|Competitive|boost
|-boost|p2b: Milotic|spa|2
|-damage|p1a: Venusaur|84/100|[from] item: Life Orb
|move|p2a: Garchomp|Stomping Tantrum|p1a: Venusaur
|-damage|p1a: Venusaur|23/100
|cant|p2b: Milotic|flinch
|
|-weather|Sandstorm|[upkeep]
|-damage|p1a: Venusaur|17/100|[from] Sandstorm
|-damage|p1b: Incineroar|87/100|[from] Sandstorm
|-damage|p2b: Milotic|66/100|[from] Sandstorm
|-heal|p2b: Milotic|72/100|[from] item: Leftovers
|upkeep
|turn|7
|inactive|condret has 30 seconds left.
|
|t:|1783728775
|move|p1a: Venusaur|Energy Ball|p2b: Milotic
|-supereffective|p2b: Milotic|1
|-damage|p2b: Milotic|0 fnt
|faint|p2b: Milotic
|-damage|p1a: Venusaur|8/100|[from] item: Life Orb
|move|p1b: Incineroar|Parting Shot|p2a: Garchomp
|-unboost|p2a: Garchomp|atk|1
|-unboost|p2a: Garchomp|spa|1
|
|t:|1783728787
|switch|p1b: Pelipper|Pelipper, L50, M|11/100|[from] Parting Shot
|-weather|RainDance|[from] ability: Drizzle|[of] p1b: Pelipper
|move|p2a: Garchomp|Substitute|p2a: Garchomp
|-start|p2a: Garchomp|Substitute
|-damage|p2a: Garchomp|75/100
|
|-weather|RainDance|[upkeep]
|-sideend|p1: W/\TSON|move: Tailwind
|upkeep
|turn|8
|
|t:|1783728804
|move|p2a: Garchomp|Dragon Rush|p1a: Venusaur
|-damage|p1a: Venusaur|0 fnt
|faint|p1a: Venusaur
|move|p1b: Pelipper|Tailwind|p1b: Pelipper
|-sidestart|p1: W/\TSON|move: Tailwind
|
|-weather|RainDance|[upkeep]
|upkeep
|
|t:|1783728810
|switch|p1a: Incineroar|Incineroar, L50, M|87/100
|-ability|p1a: Incineroar|Intimidate|boost
|-immune|p2a: Garchomp
|turn|9
|
|t:|1783728817
|move|p1b: Pelipper|Hurricane|p2a: Garchomp
|-end|p2a: Garchomp|Substitute
|move|p1a: Incineroar|Parting Shot|p2a: Garchomp|[miss]
|-miss|p1a: Incineroar|p2a: Garchomp
|move|p2a: Garchomp|Stomping Tantrum|p1a: Incineroar
|-supereffective|p1a: Incineroar|1
|-damage|p1a: Incineroar|53/100
|
|-weather|RainDance|[upkeep]
|upkeep
|turn|10
|
|t:|1783728835
|move|p1b: Pelipper|Hurricane|p2a: Garchomp
|-damage|p2a: Garchomp|28/100
|-start|p2a: Garchomp|confusion
|move|p1a: Incineroar|Parting Shot|p2a: Garchomp
|-unboost|p2a: Garchomp|atk|1
|-unboost|p2a: Garchomp|spa|1
|
|t:|1783728841
|switch|p1a: Gyarados|Gyarados-Mega, L50, F|74/100|[from] Parting Shot
|-ability|p1a: Gyarados|Mold Breaker
|-activate|p2a: Garchomp|confusion
|move|p2a: Garchomp|Stomping Tantrum|p1a: Gyarados
|-damage|p1a: Gyarados|61/100
|
|-weather|RainDance|[upkeep]
|upkeep
|turn|11
|
|t:|1783728857
|move|p1a: Gyarados|Waterfall|p2a: Garchomp
|-crit|p2a: Garchomp
|-damage|p2a: Garchomp|0 fnt
|faint|p2a: Garchomp
|
|win|W/\TSON
||W/\TSON is ready for game 3.
||condret is ready for game 3.
|uhtml|next|Next: Game 3 of 3
|l|☆W/\TSON
|player|p1|
