|j|☆zeranogamer147
|j|☆Gerecht
|html|zeranogamer147Gerecht    
|uhtml|bestof|Game 2 of a best-of-3
|t:|1782674772
|gametype|doubles
|player|p1|zeranogamer147|benga|
|player|p2|Gerecht|266|
|gen|9
|tier|[Gen 9 Champions] VGC 2026 Reg M-B (Bo3)
|rule|Species Clause: Limit one of each Pokémon
|rule|Item Clause: Limit 1 of each item
|clearpoke
|poke|p1|Raichu, L50, F|
|poke|p1|Staraptor, L50, F|
|poke|p1|Garchomp, L50, F|
|poke|p1|Basculegion, L50, M|
|poke|p1|Incineroar, L50, M|
|poke|p1|Sinistcha, L50|
|poke|p2|Raichu, L50, F|
|poke|p2|Staraptor, L50, M|
|poke|p2|Garchomp, L50, F|
|poke|p2|Basculegion, L50, M|
|poke|p2|Incineroar, L50, M|
|poke|p2|Sinistcha, L50|
|teampreview|4
|showteam|p1|Raichu||RaichuniteY|LightningRod|Encore,ZapCannon,FocusBlast,Protect|Timid||F|||50|]Staraptor||Staraptite|Intimidate|CloseCombat,BraveBird,Whirlwind,Protect|Jolly||F|||50|]Garchomp||LifeOrb|RoughSkin|Earthquake,DragonClaw,RockSlide,Protect|Jolly||F|||50|]Basculegion||ChoiceScarf|Adaptability|WaveCrash,AquaJet,LastRespects,FlipTurn|Jolly||M|||50|]Incineroar||SitrusBerry|Intimidate|FlareBlitz,ThroatChop,PartingShot,FakeOut|Adamant||M|||50|]Sinistcha||ColburBerry|Hospitality|StrengthSap,LifeDew,RagePowder,MatchaGotcha|Bold|||||50|
|showteam|p2|Raichu||RaichuniteY|LightningRod|Encore,ZapCannon,FocusBlast,Protect|Timid||F|||50|]Staraptor||Staraptite|Intimidate|CloseCombat,BraveBird,Whirlwind,Protect|Jolly||M|||50|]Garchomp||LifeOrb|RoughSkin|Earthquake,DragonClaw,RockSlide,Protect|Jolly||F|||50|]Basculegion||ChoiceScarf|Adaptability|WaveCrash,AquaJet,LastRespects,FlipTurn|Jolly||M|||50|]Incineroar||ChopleBerry|Intimidate|FlareBlitz,ThroatChop,PartingShot,FakeOut|Careful||M|||50|]Sinistcha||SitrusBerry|Hospitality|StrengthSap,LifeDew,RagePowder,MatchaGotcha|Bold|||||50|
|
|t:|1782674805
|teamsize|p1|4
|teamsize|p2|4
|start
|switch|p1a: Raichu|Raichu, L50, F|100/100
|switch|p1b: Incineroar|Incineroar, L50, M|100/100
|switch|p2a: Staraptor|Staraptor, L50, M|100/100
|switch|p2b: Incineroar|Incineroar, L50, M|100/100
|-ability|p2a: Staraptor|Intimidate|boost
|-unboost|p1a: Raichu|atk|1
|-unboost|p1b: Incineroar|atk|1
|-ability|p1b: Incineroar|Intimidate|boost
|-unboost|p2a: Staraptor|atk|1
|-unboost|p2b: Incineroar|atk|1
|-ability|p2b: Incineroar|Intimidate|boost
|-unboost|p1a: Raichu|atk|1
|-unboost|p1b: Incineroar|atk|1
|turn|1
|
|t:|1782674848
|detailschange|p2a: Staraptor|Staraptor-Mega, L50, M
|-mega|p2a: Staraptor|Staraptor|Staraptite
|move|p2a: Staraptor|Protect|p2a: Staraptor
|-singleturn|p2a: Staraptor|Protect
|move|p1a: Raichu|Protect|p1a: Raichu
|-singleturn|p1a: Raichu|Protect
|move|p2b: Incineroar|Fake Out|p1a: Raichu
|-activate|p1a: Raichu|move: Protect
|move|p1b: Incineroar|Fake Out|p2a: Staraptor
|-activate|p2a: Staraptor|move: Protect
|
|upkeep
|turn|2
|
|t:|1782674883
|switch|p2a: Sinistcha|Sinistcha, L50|100/100
|detailschange|p1a: Raichu|Raichu-Mega-Y, L50, F
|-mega|p1a: Raichu|Raichu|Raichunite Y
|move|p1a: Raichu|Zap Cannon|p2a: Sinistcha
|-resisted|p2a: Sinistcha|1
|-damage|p2a: Sinistcha|62/100
|-status|p2a: Sinistcha|par
|move|p1b: Incineroar|Throat Chop|p2a: Sinistcha
|-supereffective|p2a: Sinistcha|1
|-damage|p2a: Sinistcha|27/100 par
|-start|p2a: Sinistcha|Throat Chop|[silent]
|-enditem|p2a: Sinistcha|Sitrus Berry|[eat]
|-heal|p2a: Sinistcha|52/100 par|[from] item: Sitrus Berry
|move|p2b: Incineroar|Flare Blitz|p1a: Raichu
|-damage|p1a: Raichu|29/100
|-damage|p2b: Incineroar|84/100|[from] Recoil
|
|upkeep
|turn|3
|
|t:|1782674933
|move|p1a: Raichu|Protect|p1a: Raichu
|-singleturn|p1a: Raichu|Protect
|move|p2b: Incineroar|Parting Shot|p1a: Raichu
|-activate|p1a: Raichu|move: Protect
|move|p1b: Incineroar|Parting Shot|p2b: Incineroar
|-unboost|p2b: Incineroar|atk|1
|-unboost|p2b: Incineroar|spa|1
|
|t:|1782674952
|switch|p1b: Basculegion|Basculegion, L50, M|100/100|[from] Parting Shot
|move|p2a: Sinistcha|Strength Sap|p1b: Basculegion
|-unboost|p1b: Basculegion|atk|1
|-heal|p2a: Sinistcha|100/100 par
|
|-end|p2a: Sinistcha|Throat Chop|[silent]
|upkeep
|turn|4
|
|t:|1782674991
|switch|p1a: Sinistcha|Sinistcha, L50|100/100
|move|p1b: Basculegion|Flip Turn|p2b: Incineroar
|-supereffective|p2b: Incineroar|1
|-crit|p2b: Incineroar
|-damage|p2b: Incineroar|0 fnt
|faint|p2b: Incineroar
|
|t:|1782675003
|switch|p1b: Incineroar|Incineroar, L50, M|100/100|[from] Flip Turn
|-ability|p1b: Incineroar|Intimidate|boost
|-unboost|p2a: Sinistcha|atk|1
|move|p2a: Sinistcha|Strength Sap|p1b: Incineroar
|-unboost|p1b: Incineroar|atk|1
|
|upkeep
|
|t:|1782675015
|switch|p2b: Basculegion|Basculegion, L50, M|100/100
|turn|5
|
|t:|1782675067
|move|p1a: Sinistcha|Rage Powder|p1a: Sinistcha
|-singleturn|p1a: Sinistcha|move: Rage Powder
|move|p2a: Sinistcha|Rage Powder|p2a: Sinistcha
|-singleturn|p2a: Sinistcha|move: Rage Powder
|move|p2b: Basculegion|Flip Turn|p1a: Sinistcha
|-resisted|p1a: Sinistcha|1
|-damage|p1a: Sinistcha|87/100
|
|t:|1782675074
|switch|p2b: Staraptor|Staraptor-Mega, L50, M|100/100|[from] Flip Turn
|move|p1b: Incineroar|Throat Chop|p2a: Sinistcha
|-supereffective|p2a: Sinistcha|1
|-damage|p2a: Sinistcha|47/100 par
|-start|p2a: Sinistcha|Throat Chop|[silent]
|
|upkeep
|turn|6
|
|t:|1782675107
|move|p1a: Sinistcha|Rage Powder|p1a: Sinistcha
|-singleturn|p1a: Sinistcha|move: Rage Powder
|move|p2a: Sinistcha|Rage Powder|p2a: Sinistcha
|-singleturn|p2a: Sinistcha|move: Rage Powder
|move|p2b: Staraptor|Brave Bird|p1a: Sinistcha
|-supereffective|p1a: Sinistcha|1
|-damage|p1a: Sinistcha|11/100
|-damage|p2b: Staraptor|76/100|[from] Recoil
|move|p1b: Incineroar|Throat Chop|p2a: Sinistcha
|-supereffective|p2a: Sinistcha|1
|-damage|p2a: Sinistcha|0 fnt
|faint|p2a: Sinistcha
|
|upkeep
|
|t:|1782675121
|switch|p2a: Basculegion|Basculegion, L50, M|100/100
|turn|7
|
|t:|1782675144
|move|p2a: Basculegion|Last Respects|p1a: Sinistcha
|-supereffective|p1a: Sinistcha|1
|-damage|p1a: Sinistcha|0 fnt
|faint|p1a: Sinistcha
|move|p2b: Staraptor|Close Combat|p1b: Incineroar
|-supereffective|p1b: Incineroar|1
|-damage|p1b: Incineroar|0 fnt
|-boost|p2b: Staraptor|def|1
|-boost|p2b: Staraptor|spd|1
|faint|p1b: Incineroar
|
|upkeep
|
|t:|1782675151
|switch|p1a: Raichu|Raichu-Mega-Y, L50, F|29/100
|switch|p1b: Basculegion|Basculegion, L50, M|100/100
|turn|8
|c|☆zeranogamer147|otro speed tie
|c|☆zeranogamer147|te odio
|
|t:|1782675217
|move|p2a: Basculegion|Last Respects|p1b: Basculegion
|-supereffective|p1b: Basculegion|1
|-damage|p1b: Basculegion|0 fnt
|faint|p1b: Basculegion
|move|p1a: Raichu|Zap Cannon|p2b: Staraptor
|-supereffective|p2b: Staraptor|1
|-damage|p2b: Staraptor|0 fnt
|faint|p2b: Staraptor
|
|upkeep
|turn|9
|c|☆zeranogamer147|te odio
|c|☆zeranogamer147|con toda mi alma
|c|☆zeranogamer147|eres lo peor que me ha pasado en la vida
|c|☆Gerecht|"te odio"
|c|☆Gerecht|"con toda mi alma"
|
|t:|1782675244
|move|p2a: Basculegion|Last Respects|p1a: Raichu
|-damage|p1a: Raichu|0 fnt
|faint|p1a: Raichu
|
|win|Gerecht
|c|☆Gerecht|"eres lo peor que me ha pasado en la vida"
|c|☆Gerecht|nerd
|c|☆Gerecht|skill issue
|l|☆Gerecht
|player|p2|
