|j|☆ZekromAllDay
|j|☆wittraid
|html|ZekromAllDaywittraid    
|uhtml|bestof|Game 1 of a best-of-3
|t:|1756912075
|gametype|doubles
|player|p1|ZekromAllDay|169|1179
|player|p2|wittraid|1|1133
|gen|9
|tier|[Gen 9] VGC 2025 Reg H (Bo3)
|rated|
|rule|Species Clause: Limit one of each Pokémon
|rule|Item Clause: Limit 1 of each item
|clearpoke
|poke|p1|Dragonite, L50, M|
|poke|p1|Gholdengo, L50|
|poke|p1|Ursaluna-Bloodmoon, L50, M|
|poke|p1|Annihilape, L50, M|
|poke|p1|Maushold-Four, L50|
|poke|p1|Rillaboom, L50, M|
|poke|p2|Pelipper, L50, F|
|poke|p2|Archaludon, L50, F|
|poke|p2|Basculegion, L50, M|
|poke|p2|Incineroar, L50, F|
|poke|p2|Sinistcha-Masterpiece, L50|
|poke|p2|Dragonite, L50, F|
|teampreview|4
|showteam|p1|Dragonite||LoadedDice|Multiscale|ScaleShot,Tailwind,Haze,Protect|||M|||50|,,,,,Fairy]Gholdengo||LifeOrb|GoodasGold|MakeItRain,ShadowBall,NastyPlot,Protect||||||50|,,,,,Water]Ursaluna-Bloodmoon||AssaultVest|MindsEye|BloodMoon,EarthPower,HyperVoice,VacuumWave|||M|||50|,,,,,Water]Annihilape||SitrusBerry|Defiant|DrainPunch,RageFist,BulkUp,Protect|||M|||50|,,,,,Fire]Maushold-Four||FocusSash|FriendGuard|SuperFang,BeatUp,FollowMe,Protect||||||50|,,,,,Ghost]Rillaboom||MiracleSeed|GrassySurge|WoodHammer,GrassyGlide,HighHorsepower,FakeOut|||M|||50|,,,,,Fire
|showteam|p2|Pelipper||FocusSash|Drizzle|Tailwind,WideGuard,Hurricane,Protect|||F|||50|,,,,,Ghost]Archaludon||AssaultVest|Stamina|ElectroShot,DragonPulse,BodyPress,Snarl|||F|||50|,,,,,Grass]Basculegion||ChoiceBand|SwiftSwim|WaveCrash,LastRespects,AquaJet,FlipTurn|||M|||50|,,,,,Grass]Incineroar||SafetyGoggles|Intimidate|FakeOut,KnockOff,Taunt,PartingShot|||F|||50|,,,,,Ghost]Sinistcha-Masterpiece||SitrusBerry|Hospitality|RagePowder,MatchaGotcha,TrickRoom,Protect||||||50|,,,,,Fairy]Dragonite||LoadedDice|InnerFocus|ScaleShot,ExtremeSpeed,Haze,Protect|||F|||50|,,,,,Normal
|inactive|Battle timer is ON: inactive players will automatically lose when time's up. (requested by wittraid)
|inactive|ZekromAllDay has 60 seconds left.
|inactive|wittraid has 60 seconds left.
|
|t:|1756912115
|teamsize|p1|4
|teamsize|p2|4
|start
|switch|p1a: Rillaboom|Rillaboom, L50, M|100/100
|switch|p1b: Gholdengo|Gholdengo, L50|100/100
|switch|p2a: Archaludon|Archaludon, L50, F|100/100
|switch|p2b: Pelipper|Pelipper, L50, F|100/100
|-fieldstart|move: Grassy Terrain|[from] ability: Grassy Surge|[of] p1a: Rillaboom
|-weather|RainDance|[from] ability: Drizzle|[of] p2b: Pelipper
|turn|1
|
|t:|1756912135
|move|p1b: Gholdengo|Shadow Ball|p2a: Archaludon
|-damage|p2a: Archaludon|66/100
|-ability|p2a: Archaludon|Stamina|boost
|-boost|p2a: Archaludon|def|1
|-damage|p1b: Gholdengo|91/100|[from] item: Life Orb
|move|p1a: Rillaboom|High Horsepower|p2a: Archaludon
|-supereffective|p2a: Archaludon
|-damage|p2a: Archaludon|37/100
|-ability|p2a: Archaludon|Stamina|boost
|-boost|p2a: Archaludon|def|1
|move|p2a: Archaludon|Electro Shot||[still]
|-prepare|p2a: Archaludon|Electro Shot
|-boost|p2a: Archaludon|spa|1
|-anim|p2a: Archaludon|Electro Shot|p1b: Gholdengo
|-damage|p1b: Gholdengo|26/100
|move|p2b: Pelipper|Tailwind|p2b: Pelipper
|-sidestart|p2: wittraid|move: Tailwind
|
|-weather|RainDance|[upkeep]
|-heal|p2a: Archaludon|43/100|[from] Grassy Terrain
|-heal|p1b: Gholdengo|33/100|[from] Grassy Terrain
|upkeep
|turn|2
|
|t:|1756912157
|move|p1b: Gholdengo|Protect|p1b: Gholdengo
|-singleturn|p1b: Gholdengo|Protect
|move|p1a: Rillaboom|Grassy Glide|p2b: Pelipper
|-damage|p2b: Pelipper|57/100
|move|p2a: Archaludon|Electro Shot||[still]
|-prepare|p2a: Archaludon|Electro Shot
|-boost|p2a: Archaludon|spa|1
|-anim|p2a: Archaludon|Electro Shot|p1b: Gholdengo
|-activate|p1b: Gholdengo|move: Protect
|move|p2b: Pelipper|Hurricane|p1a: Rillaboom
|-supereffective|p1a: Rillaboom
|-damage|p1a: Rillaboom|0 fnt
|faint|p1a: Rillaboom
|
|-weather|RainDance|[upkeep]
|-heal|p2a: Archaludon|49/100|[from] Grassy Terrain
|-heal|p1b: Gholdengo|39/100|[from] Grassy Terrain
|upkeep
|
|t:|1756912170
|switch|p1a: Maushold|Maushold-Four, L50|100/100
|turn|3
|
|t:|1756912180
|switch|p2b: Sinistcha|Sinistcha-Masterpiece, L50|100/100
|-heal|p2a: Archaludon|74/100|[from] ability: Hospitality|[of] p2b: Sinistcha
|move|p1a: Maushold|Follow Me|p1a: Maushold
|-singleturn|p1a: Maushold|move: Follow Me
|move|p2a: Archaludon|Snarl|p1a: Maushold|[spread] p1a,p1b
|-supereffective|p1b: Gholdengo
|-damage|p1a: Maushold|70/100
|-damage|p1b: Gholdengo|1/100
|-unboost|p1a: Maushold|spa|1
|-unboost|p1b: Gholdengo|spa|1
|move|p1b: Gholdengo|Nasty Plot|p1b: Gholdengo
|-boost|p1b: Gholdengo|spa|2
|
|-weather|RainDance|[upkeep]
|-heal|p2a: Archaludon|80/100|[from] Grassy Terrain
|-heal|p1a: Maushold|76/100|[from] Grassy Terrain
|-heal|p1b: Gholdengo|7/100|[from] Grassy Terrain
|upkeep
|turn|4
|
|t:|1756912198
|move|p1a: Maushold|Protect|p1a: Maushold
|-singleturn|p1a: Maushold|Protect
|move|p1b: Gholdengo|Protect|p1b: Gholdengo
|-singleturn|p1b: Gholdengo|Protect
|move|p2a: Archaludon|Snarl|p1b: Gholdengo|[spread] 
|-activate|p1a: Maushold|move: Protect
|-activate|p1b: Gholdengo|move: Protect
|move|p2b: Sinistcha|Trick Room|p2b: Sinistcha
|-fieldstart|move: Trick Room|[of] p2b: Sinistcha
|
|-weather|RainDance|[upkeep]
|-heal|p1b: Gholdengo|13/100|[from] Grassy Terrain
|-heal|p1a: Maushold|83/100|[from] Grassy Terrain
|-heal|p2a: Archaludon|86/100|[from] Grassy Terrain
|-sideend|p2: wittraid|move: Tailwind
|upkeep
|turn|5
|inactive|ZekromAllDay has 30 seconds left.
|
|t:|1756912223
|switch|p1b: Annihilape|Annihilape, L50, M|100/100
|move|p2b: Sinistcha|Matcha Gotcha|p1a: Maushold|[spread] p1a,p1b
|-damage|p1a: Maushold|45/100
|-damage|p1b: Annihilape|80/100
|-status|p1b: Annihilape|brn
|move|p2a: Archaludon|Snarl|p1a: Maushold|[spread] p1a,p1b
|-damage|p1a: Maushold|15/100
|-damage|p1b: Annihilape|64/100 brn
|-unboost|p1a: Maushold|spa|1
|-unboost|p1b: Annihilape|spa|1
|-ability|p1b: Annihilape|Defiant|boost
|-boost|p1b: Annihilape|atk|2
|move|p1a: Maushold|Beat Up|p1b: Annihilape
|-damage|p1b: Annihilape|62/100 brn
|-crit|p1b: Annihilape
|-damage|p1b: Annihilape|59/100 brn
|-hitcount|p1b: Annihilape|2
|
|-weather|none
|-heal|p2a: Archaludon|92/100|[from] Grassy Terrain
|-heal|p1b: Annihilape|65/100 brn|[from] Grassy Terrain
|-heal|p1a: Maushold|21/100|[from] Grassy Terrain
|-damage|p1b: Annihilape|59/100 brn|[from] brn
|-fieldend|move: Grassy Terrain
|upkeep
|turn|6
|inactive|ZekromAllDay has 30 seconds left.
|inactive|wittraid has 30 seconds left.
|
|t:|1756912253
|move|p1a: Maushold|Follow Me|p1a: Maushold
|-singleturn|p1a: Maushold|move: Follow Me
|move|p2b: Sinistcha|Matcha Gotcha|p1b: Annihilape|[spread] p1a,p1b
|-damage|p1a: Maushold|0 fnt
|-damage|p1b: Annihilape|43/100 brn
|-enditem|p1b: Annihilape|Sitrus Berry|[eat]
|-heal|p1b: Annihilape|68/100 brn|[from] item: Sitrus Berry
|faint|p1a: Maushold
|move|p2a: Archaludon|Dragon Pulse|p1b: Annihilape
|-damage|p1b: Annihilape|0 fnt
|faint|p1b: Annihilape
|
|upkeep
|-message|ZekromAllDay forfeited.
|
|win|wittraid
|l|☆ZekromAllDay
|player|p1|
||ZekromAllDay is ready for game 2.
||wittraid is ready for game 2.
|uhtml|next|Next: Game 2 of 3
