|j|☆princeofunderworld
|j|☆Lorido
|html|princeofunderworldLorido    
|uhtml|bestof|Game 1 of a best-of-3
|t:|1784911523
|gametype|doubles
|player|p1|princeofunderworld|1|1206
|player|p2|Lorido|169|1198
|gen|9
|tier|[Gen 9 Champions] VGC 2026 Reg M-B (Bo3)
|rated|
|rule|Species Clause: Limit one of each Pokémon
|rule|Item Clause: Limit 1 of each item
|clearpoke
|poke|p1|Delphox, L50, M|
|poke|p1|Farigiraf, L50, M|
|poke|p1|Basculegion, L50, M|
|poke|p1|Incineroar, L50, M|
|poke|p1|Sylveon, L50, F|
|poke|p1|Garchomp, L50, F|
|poke|p2|Aerodactyl, L50, M|
|poke|p2|Kingambit, L50, F|
|poke|p2|Sylveon, L50, M|
|poke|p2|Charizard, L50, M|
|poke|p2|Garchomp, L50, M|
|poke|p2|Farigiraf, L50, M|
|teampreview|4
|showteam|p1|Delphox||Delphoxite|Blaze|NastyPlot,HeatWave,Protect,Psyshock|Timid||M|||50|]Farigiraf||ColburBerry|ArmorTail|TwinBeam,LowKick,Protect,TrickRoom|Sassy||M|||50|]Basculegion||FocusSash|Adaptability|Liquidation,LastRespects,AquaJet,Protect|Adamant||M|||50|]Incineroar||SitrusBerry|Intimidate|PartingShot,FlareBlitz,Taunt,FakeOut|Adamant||M|||50|]Sylveon||FairyFeather|Pixilate|HyperBeam,HyperVoice,Protect,Yawn|Modest||F|||50|]Garchomp||LifeOrb|RoughSkin|DragonClaw,RockSlide,Protect,Earthquake|Jolly||F|||50|
|showteam|p2|Aerodactyl||Aerodactylite|Unnerve|RockSlide,DualWingbeat,IceFang,Tailwind|Jolly||M|||50|]Kingambit||BlackGlasses|Defiant|KowtowCleave,IronHead,SuckerPunch,LowKick|Jolly||F|||50|]Sylveon||FairyFeather|Pixilate|HyperVoice,QuickAttack,HyperBeam,Detect|Modest||M|||50|]Charizard||CharizarditeY|Blaze|HeatWave,WeatherBall,SolarBeam,Protect|Modest||M|||50|]Garchomp||LifeOrb|RoughSkin|DragonClaw,Earthquake,RockSlide,Protect|Jolly||M|||50|]Farigiraf||SitrusBerry|ArmorTail|TwinBeam,Thunderbolt,TrickRoom,HelpingHand|Relaxed||M|||50|
|inactive|Battle timer is ON: inactive players will automatically lose when time's up. (requested by Lorido)
|inactive|princeofunderworld also wants the timer to be on.
|inactive|princeofunderworld has 60 seconds left.
|inactive|Lorido has 60 seconds left.
|
|t:|1784911565
|teamsize|p1|4
|teamsize|p2|4
|start
|switch|p1a: Incineroar|Incineroar, L50, M|100/100
|switch|p1b: Farigiraf|Farigiraf, L50, M|100/100
|switch|p2a: Aerodactyl|Aerodactyl, L50, M|100/100
|switch|p2b: Charizard|Charizard, L50, M|100/100
|-ability|p2a: Aerodactyl|Unnerve
|-ability|p1a: Incineroar|Intimidate|boost
|-unboost|p2a: Aerodactyl|atk|1
|-unboost|p2b: Charizard|atk|1
|turn|1
|inactive|Lorido has 30 seconds left.
|
|t:|1784911591
|detailschange|p2b: Charizard|Charizard-Mega-Y, L50, M
|-mega|p2b: Charizard|Charizard|Charizardite Y
|-weather|SunnyDay|[from] ability: Drought|[of] p2b: Charizard
|move|p1a: Incineroar|Fake Out|p2b: Charizard
|-damage|p2b: Charizard|86/100
|move|p2a: Aerodactyl|Rock Slide|p1b: Farigiraf|[spread] p1b
|-miss|p2a: Aerodactyl|p1a: Incineroar
|-damage|p1b: Farigiraf|86/100
|cant|p2b: Charizard|flinch
|move|p1b: Farigiraf|Trick Room|p1b: Farigiraf
|-fieldstart|move: Trick Room|[of] p1b: Farigiraf
|
|-weather|SunnyDay|[upkeep]
|upkeep
|turn|2
|inactive|Lorido has 30 seconds left.
|
|t:|1784911618
|switch|p2b: Kingambit|Kingambit, L50, F|100/100
|move|p1b: Farigiraf|Twin Beam|p2a: Aerodactyl
|-damage|p2a: Aerodactyl|77/100
|-damage|p2a: Aerodactyl|57/100
|-hitcount|p2a: Aerodactyl|2
|move|p1a: Incineroar|Parting Shot|p2b: Kingambit
|-unboost|p2b: Kingambit|atk|1
|-ability|p2b: Kingambit|Defiant|boost
|-boost|p2b: Kingambit|atk|2
|-unboost|p2b: Kingambit|spa|1
|-ability|p2b: Kingambit|Defiant|boost
|-boost|p2b: Kingambit|atk|2
|
|t:|1784911624
|switch|p1a: Basculegion|Basculegion, L50, M|100/100|[from] Parting Shot
|move|p2a: Aerodactyl|Rock Slide|p1b: Farigiraf|[spread] p1b
|-miss|p2a: Aerodactyl|p1a: Basculegion
|-crit|p1b: Farigiraf
|-damage|p1b: Farigiraf|55/100
|
|-weather|SunnyDay|[upkeep]
|upkeep
|turn|3
|
|t:|1784911649
|move|p1b: Farigiraf|Low Kick|p2b: Kingambit
|-supereffective|p2b: Kingambit|2
|-damage|p2b: Kingambit|32/100
|move|p2b: Kingambit|Kowtow Cleave|p1a: Basculegion
|-supereffective|p1a: Basculegion|1
|-enditem|p1a: Basculegion|Focus Sash
|-damage|p1a: Basculegion|1/100
|move|p1a: Basculegion|Liquidation|p2a: Aerodactyl
|-supereffective|p2a: Aerodactyl|1
|-damage|p2a: Aerodactyl|0 fnt
|faint|p2a: Aerodactyl
|
|-weather|SunnyDay|[upkeep]
|upkeep
|
|t:|1784911659
|switch|p2a: Garchomp|Garchomp, L50, M|100/100
|turn|4
|
|t:|1784911672
|switch|p1a: Incineroar|Incineroar, L50, M|100/100
|-ability|p1a: Incineroar|Intimidate|boost
|-unboost|p2a: Garchomp|atk|1
|-unboost|p2b: Kingambit|atk|1
|-ability|p2b: Kingambit|Defiant|boost
|-boost|p2b: Kingambit|atk|2
|move|p1b: Farigiraf|Low Kick|p2b: Kingambit
|-supereffective|p2b: Kingambit|2
|-damage|p2b: Kingambit|0 fnt
|faint|p2b: Kingambit
|move|p2a: Garchomp|Earthquake|p1b: Farigiraf|[spread] p1a,p1b
|-supereffective|p1a: Incineroar|1
|-damage|p1a: Incineroar|39/100
|-damage|p1b: Farigiraf|23/100
|-enditem|p1a: Incineroar|Sitrus Berry|[eat]
|-heal|p1a: Incineroar|63/100|[from] item: Sitrus Berry
|-damage|p2a: Garchomp|90/100|[from] item: Life Orb
|
|-weather|SunnyDay|[upkeep]
|upkeep
|
|t:|1784911686
|switch|p2b: Charizard|Charizard-Mega-Y, L50, M|86/100
|turn|5
|
|t:|1784911694
|move|p1b: Farigiraf|Twin Beam|p2b: Charizard
|-crit|p2b: Charizard
|-damage|p2b: Charizard|65/100
|-damage|p2b: Charizard|49/100
|-hitcount|p2b: Charizard|2
|move|p1a: Incineroar|Parting Shot|p2a: Garchomp
|-unboost|p2a: Garchomp|atk|1
|-unboost|p2a: Garchomp|spa|1
|
|t:|1784911701
|switch|p1a: Basculegion|Basculegion, L50, M|1/100|[from] Parting Shot
|move|p2b: Charizard|Solar Beam||[still]
|-prepare|p2b: Charizard|Solar Beam
|-anim|p2b: Charizard|Solar Beam|p1a: Basculegion
|-supereffective|p1a: Basculegion|1
|-damage|p1a: Basculegion|0 fnt
|faint|p1a: Basculegion
|move|p2a: Garchomp|Earthquake|p1b: Farigiraf|[spread] p1b
|-immune|p2b: Charizard
|-damage|p1b: Farigiraf|1/100
|-damage|p2a: Garchomp|80/100|[from] item: Life Orb
|
|-weather|none
|-fieldend|move: Trick Room
|upkeep
|
|t:|1784911702
|switch|p1a: Incineroar|Incineroar, L50, M|63/100
|-ability|p1a: Incineroar|Intimidate|boost
|-unboost|p2a: Garchomp|atk|1
|-unboost|p2b: Charizard|atk|1
|turn|6
|
|t:|1784911719
|move|p1a: Incineroar|Fake Out|p2a: Garchomp
|-damage|p2a: Garchomp|65/100
|-damage|p1a: Incineroar|51/100|[from] ability: Rough Skin|[of] p2a: Garchomp
|cant|p2a: Garchomp|flinch
|move|p2b: Charizard|Weather Ball|p1b: Farigiraf
|-damage|p1b: Farigiraf|0 fnt
|faint|p1b: Farigiraf
|
|upkeep
|
|t:|1784911721
|switch|p1b: Delphox|Delphox, L50, M|100/100
|turn|7
|
|t:|1784911734
|detailschange|p1b: Delphox|Delphox-Mega, L50, M
|-mega|p1b: Delphox|Delphox|Delphoxite
|move|p1b: Delphox|Nasty Plot|p1b: Delphox
|-boost|p1b: Delphox|spa|2
|move|p2a: Garchomp|Rock Slide|p1a: Incineroar|[spread] p1a,p1b
|-supereffective|p1a: Incineroar|1
|-supereffective|p1b: Delphox|1
|-damage|p1a: Incineroar|33/100
|-damage|p1b: Delphox|67/100
|-damage|p2a: Garchomp|55/100|[from] item: Life Orb
|move|p2b: Charizard|Weather Ball|p1a: Incineroar
|-damage|p1a: Incineroar|15/100
|move|p1a: Incineroar|Parting Shot|p2a: Garchomp
|-unboost|p2a: Garchomp|atk|1
|-unboost|p2a: Garchomp|spa|1
|
|upkeep
|turn|8
|
|t:|1784911750
|move|p1b: Delphox|Protect|p1b: Delphox
|-singleturn|p1b: Delphox|Protect
|move|p2a: Garchomp|Protect|p2a: Garchomp
|-singleturn|p2a: Garchomp|Protect
|move|p2b: Charizard|Weather Ball|p1a: Incineroar
|-damage|p1a: Incineroar|0 fnt
|faint|p1a: Incineroar
|
|upkeep
|turn|9
|
|t:|1784911773
|move|p1b: Delphox|Psyshock|p2a: Garchomp
|-damage|p2a: Garchomp|0 fnt
|faint|p2a: Garchomp
|move|p2b: Charizard|Weather Ball|p1b: Delphox
|-damage|p1b: Delphox|49/100
|
|upkeep
|turn|10
|
|t:|1784911780
|move|p1b: Delphox|Psyshock|p2b: Charizard
|-damage|p2b: Charizard|0 fnt
|faint|p2b: Charizard
|
|win|princeofunderworld
