|j|☆AquamarineVGC
|j|☆LyricSum
|html|AquamarineVGCLyricSum    
|uhtml|bestof|Game 1 of a best-of-3
|t:|1784539927
|gametype|doubles
|player|p1|AquamarineVGC|unknown|1171
|player|p2|LyricSum|veteran|1320
|gen|9
|tier|[Gen 9 Champions] VGC 2026 Reg M-B (Bo3)
|rated|
|rule|Species Clause: Limit one of each Pokémon
|rule|Item Clause: Limit 1 of each item
|clearpoke
|poke|p1|Pelipper, L50, M|
|poke|p1|Archaludon, L50, M|
|poke|p1|Staraptor, L50, M|
|poke|p1|Glimmora, L50, F|
|poke|p1|Clefable, L50, M|
|poke|p1|Grimmsnarl, L50, M|
|poke|p2|Froslass, L50, F, shiny|
|poke|p2|Sneasler, L50, M, shiny|
|poke|p2|Lycanroc-Dusk, L50, M, shiny|
|poke|p2|Whimsicott, L50, F, shiny|
|poke|p2|Maushold-Four, L50, shiny|
|poke|p2|Rotom-Wash, L50, shiny|
|teampreview|4
|showteam|p1|Pelipper||QuickClaw|Drizzle|Hurricane,WeatherBall,Tailwind,WideGuard|Modest||M|||50|]Archaludon||Leftovers|Stamina|FlashCannon,DragonPulse,ElectroShot,Protect|Modest||M|||50|]Staraptor||Staraptite|Intimidate|BraveBird,CloseCombat,Roost,Protect|Adamant||M|||50|]Glimmora||Glimmoranite|ToxicDebris|PowerGem,SludgeBomb,AcidSpray,SpikyShield|Timid||F|||50|]Clefable||SitrusBerry|Unaware|Moonblast,FollowMe,LifeDew,Protect|Bold||M|||50|]Grimmsnarl||LightClay|Prankster|FoulPlay,Reflect,LightScreen,PartingShot|Calm||M|||50|
|showteam|p2|Froslass||Froslassite|CursedBody|NastyPlot,Blizzard,ShadowBall,Protect|Timid||F|||50|]Sneasler||WhiteHerb|Unburden|FakeOut,CloseCombat,DireClaw,ThroatChop|Adamant||M|||50|]Lycanroc-Dusk||FocusSash|ToughClaws|Accelerock,RockSlide,CloseCombat,Protect|Jolly||M|||50|]Whimsicott||FairyFeather|Prankster|Tailwind,Moonblast,Encore,Protect|Timid||F|||50|]Maushold-Four||SitrusBerry|FriendGuard|SuperFang,FollowMe,Taunt,Protect|Timid|||||50|]Rotom-Wash||ChoiceScarf|Levitate|VoltSwitch,HydroPump,Thunderbolt,Trick|Timid|||||50|
|inactive|Battle timer is ON: inactive players will automatically lose when time's up. (requested by LyricSum)
|c|☆AquamarineVGC|GLHF
|c|☆LyricSum|Glhf
|inactive|AquamarineVGC has 60 seconds left.
|inactive|LyricSum has 60 seconds left.
|
|t:|1784539976
|teamsize|p1|4
|teamsize|p2|4
|start
|switch|p1a: Grimmsnarl|Grimmsnarl, L50, M|100/100
|switch|p1b: Pelipper|Pelipper, L50, M|100/100
|switch|p2a: Dress2Impress|Froslass, L50, F, shiny|100/100
|switch|p2b: Mickey Mice|Maushold-Four, L50, shiny|100/100
|-weather|RainDance|[from] ability: Drizzle|[of] p1b: Pelipper
|turn|1
|inactive|AquamarineVGC has 30 seconds left.
|inactive|AquamarineVGC has 20 seconds left.
|inactive|AquamarineVGC has 15 seconds left.
|
|t:|1784540018
|move|p2b: Mickey Mice|Follow Me|p2b: Mickey Mice
|-singleturn|p2b: Mickey Mice|move: Follow Me
|move|p1a: Grimmsnarl|Light Screen|p1a: Grimmsnarl
|-sidestart|p1: AquamarineVGC|move: Light Screen
|move|p2a: Dress2Impress|Nasty Plot|p2a: Dress2Impress
|-boost|p2a: Dress2Impress|spa|2
|move|p1b: Pelipper|Tailwind|p1b: Pelipper
|-sidestart|p1: AquamarineVGC|move: Tailwind
|
|-weather|RainDance|[upkeep]
|upkeep
|turn|2
|
|t:|1784540042
|switch|p1b: Glimmora|Glimmora, L50, F|100/100
|move|p2b: Mickey Mice|Protect|p2b: Mickey Mice
|-singleturn|p2b: Mickey Mice|Protect
|move|p2a: Dress2Impress|Protect|p2a: Dress2Impress
|-singleturn|p2a: Dress2Impress|Protect
|move|p1a: Grimmsnarl|Reflect|p1a: Grimmsnarl
|-sidestart|p1: AquamarineVGC|Reflect
|
|-weather|RainDance|[upkeep]
|upkeep
|turn|3
|
|t:|1784540062
|detailschange|p1b: Glimmora|Glimmora-Mega, L50, F
|-mega|p1b: Glimmora|Glimmora|Glimmoranite
|detailschange|p2a: Dress2Impress|Froslass-Mega, L50, F, shiny
|-mega|p2a: Dress2Impress|Froslass|Froslassite
|-weather|Snowscape|[from] ability: Snow Warning|[of] p2a: Dress2Impress
|move|p2b: Mickey Mice|Follow Me|p2b: Mickey Mice
|-singleturn|p2b: Mickey Mice|move: Follow Me
|move|p1a: Grimmsnarl|Parting Shot|p2b: Mickey Mice
|-unboost|p2b: Mickey Mice|atk|1
|-unboost|p2b: Mickey Mice|spa|1
|
|t:|1784540073
|switch|p1a: Pelipper|Pelipper, L50, M|100/100|[from] Parting Shot
|-weather|RainDance|[from] ability: Drizzle|[of] p1a: Pelipper
|move|p1b: Glimmora|Acid Spray|p2b: Mickey Mice
|-damage|p2b: Mickey Mice|63/100
|-unboost|p2b: Mickey Mice|spd|2
|move|p2a: Dress2Impress|Blizzard|p1a: Pelipper|[spread] p1b
|-miss|p2a: Dress2Impress|p1a: Pelipper
|-damage|p1b: Glimmora|37/100
|
|-weather|RainDance|[upkeep]
|upkeep
|turn|4
|inactive|AquamarineVGC has 30 seconds left.
|
|t:|1784540099
|switch|p2b: Not Washed|Rotom-Wash, L50, shiny|100/100
|move|p1b: Glimmora|Sludge Bomb|p2b: Not Washed
|-damage|p2b: Not Washed|0 fnt
|faint|p2b: Not Washed
|move|p1a: Pelipper|Hurricane|p2a: Dress2Impress
|-damage|p2a: Dress2Impress|39/100
|move|p2a: Dress2Impress|Shadow Ball|p1b: Glimmora
|-damage|p1b: Glimmora|0 fnt
|faint|p1b: Glimmora
|
|-weather|RainDance|[upkeep]
|-sideend|p1: AquamarineVGC|move: Tailwind
|upkeep
|
|t:|1784540115
|switch|p1b: Archaludon|Archaludon, L50, M|100/100
|switch|p2b: Haribo|Sneasler, L50, M, shiny|100/100
|turn|5
|
|t:|1784540131
|switch|p1a: Grimmsnarl|Grimmsnarl, L50, M|100/100
|move|p2a: Dress2Impress|Shadow Ball|p1a: Grimmsnarl
|-resisted|p1a: Grimmsnarl|1
|-damage|p1a: Grimmsnarl|79/100
|move|p2b: Haribo|Dire Claw|p1a: Grimmsnarl
|-supereffective|p1a: Grimmsnarl|1
|-damage|p1a: Grimmsnarl|15/100
|-status|p1a: Grimmsnarl|psn
|move|p1b: Archaludon|Electro Shot||[still]
|-prepare|p1b: Archaludon|Electro Shot
|-boost|p1b: Archaludon|spa|1
|-anim|p1b: Archaludon|Electro Shot|p2a: Dress2Impress
|-damage|p2a: Dress2Impress|0 fnt
|faint|p2a: Dress2Impress
|
|-weather|RainDance|[upkeep]
|-damage|p1a: Grimmsnarl|2/100 psn|[from] psn
|upkeep
|
|t:|1784540136
|switch|p2a: Mickey Mice|Maushold-Four, L50, shiny|63/100
|turn|6
|
|t:|1784540157
|move|p1a: Grimmsnarl|Parting Shot|p2b: Haribo
|-unboost|p2b: Haribo|atk|1
|-unboost|p2b: Haribo|spa|1
|
|t:|1784540160
|switch|p1a: Pelipper|Pelipper, L50, M|100/100|[from] Parting Shot
|-enditem|p2b: Haribo|White Herb
|-clearnegativeboost|p2b: Haribo|[silent]
|move|p2b: Haribo|Close Combat|p1b: Archaludon
|-supereffective|p1b: Archaludon|1
|-damage|p1b: Archaludon|44/100
|-unboost|p2b: Haribo|def|1
|-unboost|p2b: Haribo|spd|1
|-ability|p1b: Archaludon|Stamina|boost
|-boost|p1b: Archaludon|def|1
|move|p2a: Mickey Mice|Super Fang|p1b: Archaludon
|-damage|p1b: Archaludon|22/100
|-ability|p1b: Archaludon|Stamina|boost
|-boost|p1b: Archaludon|def|1
|move|p1b: Archaludon|Electro Shot||[still]
|-prepare|p1b: Archaludon|Electro Shot
|-boost|p1b: Archaludon|spa|1
|-anim|p1b: Archaludon|Electro Shot|p2b: Haribo
|-crit|p2b: Haribo
|-damage|p2b: Haribo|0 fnt
|faint|p2b: Haribo
|
|-weather|RainDance|[upkeep]
|-heal|p1b: Archaludon|28/100|[from] item: Leftovers
|upkeep
|turn|7
|-message|LyricSum forfeited.
|raw|AquamarineVGC's rating: 1171 → 1206(+35 for winning)
|raw|LyricSum's rating: 1320 → 1292(-28 for losing)
|
|win|AquamarineVGC
|l|☆LyricSum
|player|p2|
|c|☆AquamarineVGC|GGWP
