|j|☆leafeon03
|html|mb gangleafeon03    
|uhtml|bestof|Game 2 of a best-of-3
|t:|1785855427
|gametype|doubles
|player|p1|mb gang|skier|1332
|player|p2|leafeon03|erika|1417
|gen|9
|tier|[Gen 9 Champions] VGC 2026 Reg M-B (Bo3)
|rated|
|rule|Species Clause: Limit one of each Pokémon
|rule|Item Clause: Limit 1 of each item
|clearpoke
|poke|p1|Drampa, L50, F|
|poke|p1|Kingambit, L50, M|
|poke|p1|Delphox, L50, F|
|poke|p1|Sinistcha, L50|
|poke|p1|Sneasler, L50, M|
|poke|p1|Tauros-Paldea-Aqua, L50, M|
|poke|p2|Garchomp, L50, M|
|poke|p2|Charizard, L50, M, shiny|
|poke|p2|Whimsicott, L50, F|
|poke|p2|Floette-Eternal, L50, F|
|poke|p2|Basculegion, L50, M, shiny|
|poke|p2|Kingambit, L50, F, shiny|
|teampreview|4
|showteam|p1|Drampa||HabanBerry|CloudNine|LightScreen,Protect,HelpingHand,DracoMeteor|Sassy||F|||50|]Kingambit||BlackGlasses|Defiant|KowtowCleave,SuckerPunch,IronHead,Protect|Brave||M|||50|]Delphox||Delphoxite|Blaze|HeatWave,Psychic,CalmMind,Protect|Timid||F|||50|]Sinistcha||SitrusBerry|Hospitality|MatchaGotcha,Protect,RagePowder,TrickRoom|Relaxed|||||50|]Sneasler||FocusSash|PoisonTouch|PoisonJab,CloseCombat,FakeOut,Protect|Jolly||M|||50|]Tauros-Paldea-Aqua||ChoiceScarf|Intimidate|CloseCombat,RockSlide,WaveCrash,AquaJet|Jolly||M|||50|
|showteam|p2|Garchomp||SitrusBerry|RoughSkin|Earthquake,RockSlide,DragonClaw,Protect|Adamant||M|||50|]Charizard||CharizarditeY|Blaze|HeatWave,WeatherBall,SolarBeam,Protect|Bold||M|||50|]Whimsicott||FocusSash|Prankster|Moonblast,Tailwind,Encore,Protect|Timid||F|||50|]Floette-Eternal||Floettite|FlowerVeil|Moonblast,DazzlingGleam,LightofRuin,Protect|Modest||F|||50|]Basculegion||LifeOrb|Adaptability|WaveCrash,LastRespects,AquaJet,Protect|Adamant||M|||50|]Kingambit||ChopleBerry|Defiant|KowtowCleave,SuckerPunch,IronHead,LowKick|Adamant||F|||50|
|j|☆mb gang
|player|p1|mb gang|skier|
|inactive|Battle timer is ON: inactive players will automatically lose when time's up. (requested by mb gang)
|inactive|leafeon03 has 60 seconds left.
|inactive|leafeon03 has 30 seconds left.
|
|t:|1785855495
|teamsize|p1|4
|teamsize|p2|4
|start
|switch|p1a: Delphox|Delphox, L50, F|100/100
|switch|p1b: Sneasler|Sneasler, L50, M|100/100
|switch|p2a: Whimsicott|Whimsicott, L50, F|100/100
|switch|p2b: Basculegion|Basculegion, L50, M, shiny|100/100
|turn|1
|
|t:|1785855519
|switch|p1a: Tauros|Tauros-Paldea-Aqua, L50, M|100/100
|-ability|p1a: Tauros|Intimidate|boost
|-unboost|p2a: Whimsicott|atk|1
|-unboost|p2b: Basculegion|atk|1
|move|p2a: Whimsicott|Tailwind|p2a: Whimsicott
|-sidestart|p2: leafeon03|move: Tailwind
|move|p2b: Basculegion|Aqua Jet|p1b: Sneasler
|-damage|p1b: Sneasler|60/100
|-damage|p2b: Basculegion|90/100|[from] item: Life Orb
|move|p1b: Sneasler|Poison Jab|p2a: Whimsicott
|-supereffective|p2a: Whimsicott|2
|-enditem|p2a: Whimsicott|Focus Sash
|-damage|p2a: Whimsicott|1/100
|
|upkeep
|turn|2
|inactive|leafeon03 has 30 seconds left.
|
|t:|1785855549
|move|p2a: Whimsicott|Protect|p2a: Whimsicott
|-singleturn|p2a: Whimsicott|Protect
|move|p1a: Tauros|Aqua Jet|p2a: Whimsicott
|-activate|p2a: Whimsicott|move: Protect
|move|p2b: Basculegion|Wave Crash|p1b: Sneasler
|-damage|p1b: Sneasler|0 fnt
|faint|p1b: Sneasler
|-damage|p2b: Basculegion|74/100|[from] Recoil
|-damage|p2b: Basculegion|64/100|[from] item: Life Orb
|
|upkeep
|
|t:|1785855557
|switch|p1b: Kingambit|Kingambit, L50, M|100/100
|turn|3
|
|t:|1785855571
|switch|p2a: Garchomp|Garchomp, L50, M|100/100
|switch|p2b: Charizard|Charizard, L50, M, shiny|100/100
|move|p1a: Tauros|Aqua Jet|p2a: Garchomp
|-damage|p2a: Garchomp|83/100
|-damage|p1a: Tauros|87/100|[from] ability: Rough Skin|[of] p2a: Garchomp
|move|p1b: Kingambit|Iron Head|p2a: Garchomp
|-damage|p2a: Garchomp|47/100
|-damage|p1b: Kingambit|87/100|[from] ability: Rough Skin|[of] p2a: Garchomp
|-enditem|p2a: Garchomp|Sitrus Berry|[eat]
|-heal|p2a: Garchomp|72/100|[from] item: Sitrus Berry
|
|upkeep
|turn|4
|inactive|mb gang has 30 seconds left.
|inactive|leafeon03 has 30 seconds left.
|
|t:|1785855599
|detailschange|p2b: Charizard|Charizard-Mega-Y, L50, M, shiny
|-mega|p2b: Charizard|Charizard|Charizardite Y
|-weather|SunnyDay|[from] ability: Drought|[of] p2b: Charizard
|move|p1b: Kingambit|Protect|p1b: Kingambit
|-singleturn|p1b: Kingambit|Protect
|move|p1a: Tauros|Aqua Jet|p2b: Charizard
|-supereffective|p2b: Charizard|1
|-damage|p2b: Charizard|83/100
|move|p2a: Garchomp|Earthquake|p1a: Tauros|[spread] p1a
|-activate|p1b: Kingambit|move: Protect
|-immune|p2b: Charizard
|-damage|p1a: Tauros|42/100
|move|p2b: Charizard|Heat Wave|p1a: Tauros|[spread] p1a
|-activate|p1b: Kingambit|move: Protect
|-resisted|p1a: Tauros|1
|-damage|p1a: Tauros|1/100
|
|-weather|SunnyDay|[upkeep]
|-sideend|p2: leafeon03|move: Tailwind
|upkeep
|turn|5
|inactive|mb gang has 30 seconds left.
|
|t:|1785855625
|move|p1a: Tauros|Aqua Jet|p2b: Charizard
|-supereffective|p2b: Charizard|1
|-damage|p2b: Charizard|67/100
|move|p1b: Kingambit|Sucker Punch|p2b: Charizard
|-damage|p2b: Charizard|26/100
|move|p2a: Garchomp|Earthquake|p1a: Tauros|[spread] p1a,p1b
|-immune|p2b: Charizard
|-supereffective|p1b: Kingambit|1
|-damage|p1a: Tauros|0 fnt
|-damage|p1b: Kingambit|29/100
|faint|p1a: Tauros
|move|p2b: Charizard|Heat Wave|p1b: Kingambit
|-supereffective|p1b: Kingambit|1
|-damage|p1b: Kingambit|0 fnt
|faint|p1b: Kingambit
|
|-weather|SunnyDay|[upkeep]
|upkeep
|-message|mb gang forfeited.
|
|win|leafeon03
||mb gang is ready for game 3.
||leafeon03 is ready for game 3.
|uhtml|next|Next: Game 3 of 3
