|j|☆Juno48
|j|☆quailfish
|html|Juno48quailfish    
|uhtml|bestof|Game 2 of a best-of-3
|t:|1784792447
|gametype|doubles
|player|p1|Juno48|265|1136
|player|p2|quailfish|266|1164
|gen|9
|tier|[Gen 9 Champions] VGC 2026 Reg M-B (Bo3)
|rated|
|rule|Species Clause: Limit one of each Pokémon
|rule|Item Clause: Limit 1 of each item
|clearpoke
|poke|p1|Aerodactyl, L50, M|
|poke|p1|Kingambit, L50, M|
|poke|p1|Sylveon, L50, F|
|poke|p1|Garchomp, L50, M|
|poke|p1|Charizard, L50, F|
|poke|p1|Incineroar, L50, F|
|poke|p2|Swampert, L50, F|
|poke|p2|Pelipper, L50, F|
|poke|p2|Grimmsnarl, L50, M|
|poke|p2|Orthworm, L50, F|
|poke|p2|Chimecho, L50, F|
|poke|p2|Dragapult, L50, M|
|teampreview|4
|showteam|p1|Aerodactyl||Aerodactylite|Unnerve|RockSlide,IceFang,Tailwind,WideGuard|Jolly||M|||50|]Kingambit||FocusSash|Defiant|KowtowCleave,SuckerPunch,IronHead,Protect|Adamant||M|||50|]Sylveon||FairyFeather|Pixilate|Detect,HyperVoice,HyperBeam,QuickAttack|Modest||F|||50|]Garchomp||LifeOrb|RoughSkin|Earthquake,DragonClaw,StompingTantrum,Protect|Jolly||M|||50|]Charizard||CharizarditeY|Blaze|Protect,HeatWave,SolarBeam,WeatherBall|Modest||F|||50|]Incineroar||SitrusBerry|Intimidate|DarkestLariat,FlareBlitz,FakeOut,PartingShot|Impish||F|||50|
|showteam|p2|Swampert||Swampertite|Torrent|Earthquake,WaveCrash,Protect,FlipTurn|Adamant||F|||50|]Pelipper||FocusSash|Drizzle|Hurricane,Protect,MuddyWater,Tailwind|Modest||F|||50|]Grimmsnarl||LightClay|Prankster|PartingShot,Reflect,LightScreen,FakeOut|Careful||M|||50|]Orthworm||SitrusBerry|EarthEater|Protect,ShedTail,RockTomb,BodyPress|Impish||F|||50|]Chimecho||Chimechite|Levitate|Gravity,Psychic,Protect,Hypnosis|Modest||F|||50|]Dragapult||Leftovers|ClearBody|DragonDarts,WillOWisp,Uturn,Disable|Jolly||M|||50|
|inactive|Battle timer is ON: inactive players will automatically lose when time's up. (requested by quailfish)
|
|t:|1784792531
|teamsize|p1|4
|teamsize|p2|4
|start
|switch|p1a: Aerodactyl|Aerodactyl, L50, M|100/100
|switch|p1b: Sylveon|Sylveon, L50, F|100/100
|switch|p2a: Grimmsnarl|Grimmsnarl, L50, M|100/100
|switch|p2b: Swampert|Swampert, L50, F|100/100
|-ability|p1a: Aerodactyl|Unnerve
|turn|1
|inactive|quailfish has 30 seconds left.
|
|t:|1784792564
|detailschange|p1a: Aerodactyl|Aerodactyl-Mega, L50, M
|-mega|p1a: Aerodactyl|Aerodactyl|Aerodactylite
|detailschange|p2b: Swampert|Swampert-Mega, L50, F
|-mega|p2b: Swampert|Swampert|Swampertite
|move|p2b: Swampert|Protect|p2b: Swampert
|-singleturn|p2b: Swampert|Protect
|move|p2a: Grimmsnarl|Fake Out|p1a: Aerodactyl
|-resisted|p1a: Aerodactyl|1
|-damage|p1a: Aerodactyl|93/100
|cant|p1a: Aerodactyl|flinch
|move|p1b: Sylveon|Hyper Voice|p2a: Grimmsnarl|[spread] p2a
|-activate|p2b: Swampert|move: Protect
|-supereffective|p2a: Grimmsnarl|1
|-damage|p2a: Grimmsnarl|12/100
|
|upkeep
|turn|2
|inactive|Juno48 has 30 seconds left.
|
|t:|1784792597
|move|p2a: Grimmsnarl|Light Screen|p2a: Grimmsnarl
|-sidestart|p2: quailfish|move: Light Screen
|move|p1a: Aerodactyl|Tailwind|p1a: Aerodactyl
|-sidestart|p1: Juno48|move: Tailwind
|move|p1b: Sylveon|Hyper Voice|p2b: Swampert|[spread] p2a,p2b
|-supereffective|p2a: Grimmsnarl|1
|-damage|p2a: Grimmsnarl|0 fnt
|-damage|p2b: Swampert|77/100
|faint|p2a: Grimmsnarl
|move|p2b: Swampert|Flip Turn|p1a: Aerodactyl
|-supereffective|p1a: Aerodactyl|1
|-damage|p1a: Aerodactyl|10/100
|
|t:|1784792608
|switch|p2b: Orthworm|Orthworm, L50, F|100/100|[from] Flip Turn
|
|upkeep
|
|t:|1784792613
|switch|p2a: Pelipper|Pelipper, L50, F|100/100
|-weather|RainDance|[from] ability: Drizzle|[of] p2a: Pelipper
|turn|3
|inactive|Juno48 has 30 seconds left.
|
|t:|1784792646
|move|p1a: Aerodactyl|Rock Slide|p2b: Orthworm|[spread] p2a,p2b
|-supereffective|p2a: Pelipper|1
|-resisted|p2b: Orthworm|1
|-damage|p2a: Pelipper|38/100
|-damage|p2b: Orthworm|92/100
|move|p1b: Sylveon|Hyper Beam|p2b: Orthworm
|-resisted|p2b: Orthworm|1
|-damage|p2b: Orthworm|54/100
|-mustrecharge|p1b: Sylveon
|move|p2a: Pelipper|Muddy Water|p1a: Aerodactyl|[spread] p1a,p1b
|-supereffective|p1a: Aerodactyl|1
|-damage|p1a: Aerodactyl|0 fnt
|-damage|p1b: Sylveon|64/100
|-unboost|p1b: Sylveon|accuracy|1
|faint|p1a: Aerodactyl
|move|p2b: Orthworm|Shed Tail|p2b: Orthworm
|-start|p2b: Orthworm|Substitute|[from] move: Shed Tail
|-damage|p2b: Orthworm|3/100
|-enditem|p2b: Orthworm|Sitrus Berry|[eat]
|-heal|p2b: Orthworm|28/100|[from] item: Sitrus Berry
|
|t:|1784792664
|switch|p2b: Swampert|Swampert-Mega, L50, F|77/100|[from] Shed Tail
|
|-weather|RainDance|[upkeep]
|upkeep
|
|t:|1784792672
|switch|p1a: Charizard|Charizard, L50, F|100/100
|turn|4
|inactive|Juno48 has 30 seconds left.
|inactive|quailfish has 30 seconds left.
|inactive|quailfish has 20 seconds left.
|
|t:|1784792711
|move|p1a: Charizard|Protect|p1a: Charizard
|-singleturn|p1a: Charizard|Protect
|cant|p1b: Sylveon|recharge
|move|p2b: Swampert|Wave Crash|p1b: Sylveon
|-damage|p1b: Sylveon|0 fnt
|faint|p1b: Sylveon
|-damage|p2b: Swampert|57/100|[from] Recoil
|move|p2a: Pelipper|Tailwind|p2a: Pelipper
|-sidestart|p2: quailfish|move: Tailwind
|
|-weather|RainDance|[upkeep]
|upkeep
|
|t:|1784792722
|switch|p1b: Kingambit|Kingambit, L50, M|100/100
|turn|5
|
|t:|1784792740
|move|p1b: Kingambit|Sucker Punch|p2b: Swampert
|-end|p2b: Swampert|Substitute
|move|p2b: Swampert|Flip Turn|p1a: Charizard
|-supereffective|p1a: Charizard|1
|-damage|p1a: Charizard|0 fnt
|faint|p1a: Charizard
|
|t:|1784792747
|switch|p2b: Orthworm|Orthworm, L50, F|28/100|[from] Flip Turn
|move|p2a: Pelipper|Muddy Water|p1b: Kingambit
|-damage|p1b: Kingambit|29/100
|
|-weather|RainDance|[upkeep]
|-sideend|p1: Juno48|move: Tailwind
|upkeep
|turn|6
|
|t:|1784792757
|move|p1b: Kingambit|Sucker Punch|p2a: Pelipper
|-damage|p2a: Pelipper|0 fnt
|faint|p2a: Pelipper
|move|p2b: Orthworm|Body Press|p1b: Kingambit
|-supereffective|p1b: Kingambit|2
|-damage|p1b: Kingambit|0 fnt
|faint|p1b: Kingambit
|
|win|quailfish
||quailfish is ready for game 3.
||Juno48 is ready for game 3.
|uhtml|next|Next: Game 3 of 3
|l|☆quailfish
|player|p2|
