|j|ŌśåShabazXVGC
|j|ŌśåSovereignSyl
|html|ShabazXVGCSovereignSyl    
|uhtml|bestof|Game 2 of a best-of-3
|t:|1756915240
|gametype|doubles
|player|p1|ShabazXVGC|marlon|1168
|player|p2|SovereignSyl|amelia-shuffle|1062
|gen|9
|tier|[Gen 9] VGC 2025 Reg H (Bo3)
|rated|
|rule|Species Clause: Limit one of each Pok├®mon
|rule|Item Clause: Limit 1 of each item
|clearpoke
|poke|p1|Rillaboom, L50, M|
|poke|p1|Incineroar, L50, M|
|poke|p1|Weezing-Galar, L50, F|
|poke|p1|Dragapult, L50, M|
|poke|p1|Kingambit, L50, M|
|poke|p1|Porygon2, L50|
|poke|p2|Indeedee-F, L50, F|
|poke|p2|Armarouge, L50, M|
|poke|p2|Hatterene, L50, F|
|poke|p2|Torkoal, L50, M|
|poke|p2|Gallade, L50, M|
|poke|p2|Ursaluna, L50, M|
|teampreview|4
|showteam|p1|Rillaboom||GrassySeed|GrassySurge|FakeOut,HighHorsepower,GrassyGlide,WoodHammer|||M|||50|,,,,,Fire]Incineroar||AssaultVest|Intimidate|FlareBlitz,KnockOff,Uturn,FakeOut|||M|||50|,,,,,Ghost]Weezing-Galar||SitrusBerry|NeutralizingGas|Protect,PoisonGas,SludgeBomb,DazzlingGleam|||F|||50|,,,,,Water]Dragapult||LifeOrb|ClearBody|DragonDarts,PhantomForce,Uturn,Protect|||M|||50|,,,,,Dragon]Kingambit||SafetyGoggles|Defiant|SuckerPunch,KowtowCleave,Protect,SwordsDance|||M|||50|,,,,,Dragon]Porygon2||Eviolite|Download|TeraBlast,IceBeam,TrickRoom,Recover||||||50|,,,,,Poison
|showteam|p2|Indeedee-F||SafetyGoggles|PsychicSurge|AlluringVoice,FollowMe,HelpingHand,TrickRoom|||F|||50|,,,,,Dragon]Armarouge||PowerHerb|FlashFire|ArmorCannon,ExpandingForce,MeteorBeam,Protect|||M|||50|,,,,,Grass]Hatterene||LifeOrb|MagicBounce|ExpandingForce,DazzlingGleam,TrickRoom,Protect|||F|||50|,,,,,Fire]Torkoal||AssaultVest|Drought|Eruption,WeatherBall,EarthPower,ClearSmog|||M|||50|,,,,,Fire]Gallade||ClearAmulet|Sharpness|PsychoCut,SacredSword,WideGuard,TrickRoom|||M|||50|,,,,,Grass]Ursaluna||FlameOrb|Guts|Facade,HeadlongRush,Substitute,Protect|||M|||50|,,,,,Dragon
|c|ŌśåSovereignSyl|what are porygon and drag's names?
|c|ŌśåShabazXVGC|Kaido and Vegapunk
|c|ŌśåSovereignSyl|Makes sense!!!!!!
|c|ŌśåShabazXVGC|lol ty ty.
|c|ŌśåShabazXVGC|wp last round too btw
|
|t:|1756915315
|teamsize|p1|4
|teamsize|p2|4
|start
|switch|p1a: Mihawk|Kingambit, L50, M|100/100
|switch|p1b: Kaido|Dragapult, L50, M|100/100
|switch|p2a: Calliope|Hatterene, L50, F|100/100
|switch|p2b: Thanatos|Gallade, L50, M|100/100
|turn|1
|c|ŌśåSovereignSyl|ty!
|
|t:|1756915343
|-terastallize|p2b: Thanatos|Grass
|-terastallize|p1a: Mihawk|Dragon
|move|p2a: Calliope|Protect|p2a: Calliope
|-singleturn|p2a: Calliope|Protect
|move|p1b: Kaido|U-turn|p2a: Calliope
|-activate|p2a: Calliope|move: Protect
|move|p1a: Mihawk|Kowtow Cleave|p2a: Calliope
|-activate|p2a: Calliope|move: Protect
|move|p2b: Thanatos|Trick Room|p2b: Thanatos
|-fieldstart|move: Trick Room|[of] p2b: Thanatos
|
|upkeep
|turn|2
|
|t:|1756915365
|switch|p2b: Eris|Indeedee-F, L50, F|100/100
|-fieldstart|move: Psychic Terrain|[from] ability: Psychic Surge|[of] p2b: Eris
|move|p1a: Mihawk|Protect|p1a: Mihawk
|-singleturn|p1a: Mihawk|Protect
|move|p1b: Kaido|Protect|p1b: Kaido
|-singleturn|p1b: Kaido|Protect
|move|p2a: Calliope|Expanding Force|p1a: Mihawk|[spread] 
|-activate|p1a: Mihawk|move: Protect
|-activate|p1b: Kaido|move: Protect
|
|upkeep
|turn|3
|
|t:|1756915385
|switch|p1a: Ace|Incineroar, L50, M|100/100
|-ability|p1a: Ace|Intimidate|boost
|-unboost|p2a: Calliope|atk|1
|-unboost|p2b: Eris|atk|1
|switch|p1b: Liberation|Rillaboom, L50, M, shiny|100/100
|-fieldstart|move: Grassy Terrain|[from] ability: Grassy Surge|[of] p1b: Liberation
|-enditem|p1b: Liberation|Grassy Seed
|-boost|p1b: Liberation|def|1|[from] item: Grassy Seed
|move|p2b: Eris|Helping Hand|p2a: Calliope
|-singleturn|p2a: Calliope|Helping Hand|[of] p2b: Eris
|move|p2a: Calliope|Expanding Force|p1a: Ace
|-immune|p1a: Ace
|
|upkeep
|turn|4
|j| tuckered out1
|
|t:|1756915421
|switch|p2a: Thanatos|Gallade, L50, M, tera:Grass|100/100
|switch|p2b: Helios|Torkoal, L50, M, shiny|100/100
|-weather|SunnyDay|[from] ability: Drought|[of] p2b: Helios
|move|p1a: Ace|U-turn|p2b: Helios
|-resisted|p2b: Helios
|-damage|p2b: Helios|92/100
|
|t:|1756915432
|switch|p1a: Kaido|Dragapult, L50, M|100/100|[from] U-turn
|move|p1b: Liberation|Wood Hammer|p2b: Helios
|-resisted|p2b: Helios
|-damage|p2b: Helios|59/100
|-damage|p1b: Liberation|91/100|[from] Recoil
|
|-weather|SunnyDay|[upkeep]
|-heal|p2b: Helios|65/100|[from] Grassy Terrain
|-heal|p1b: Liberation|97/100|[from] Grassy Terrain
|upkeep
|turn|5
|
|t:|1756915457
|switch|p1b: Ace|Incineroar, L50, M|100/100
|-ability|p1b: Ace|Intimidate|boost
|-fail|p2a: Thanatos|unboost|[from] item: Clear Amulet|[of] p2a: Thanatos
|-unboost|p2b: Helios|atk|1
|move|p1a: Kaido|Protect|p1a: Kaido
|-singleturn|p1a: Kaido|Protect
|move|p2a: Thanatos|Wide Guard|p2a: Thanatos
|-singleturn|p2a: Thanatos|Wide Guard
|move|p2b: Helios|Eruption|p1b: Ace|[spread] p1b
|-activate|p1a: Kaido|move: Protect
|-resisted|p1b: Ace
|-damage|p1b: Ace|83/100
|
|-weather|SunnyDay|[upkeep]
|-heal|p2b: Helios|71/100|[from] Grassy Terrain
|-heal|p1b: Ace|89/100|[from] Grassy Terrain
|-fieldend|move: Trick Room
|upkeep
|turn|6
|
|t:|1756915499
|switch|p2b: Eris|Indeedee-F, L50, F|100/100
|-fieldstart|move: Psychic Terrain|[from] ability: Psychic Surge|[of] p2b: Eris
|move|p2a: Thanatos|Wide Guard|p2a: Thanatos
|-singleturn|p2a: Thanatos|Wide Guard
|move|p1a: Kaido|Phantom Force||[still]
|-prepare|p1a: Kaido|Phantom Force
|move|p1b: Ace|Flare Blitz|p2a: Thanatos
|-supereffective|p2a: Thanatos
|-crit|p2a: Thanatos
|-damage|p2a: Thanatos|0 fnt
|faint|p2a: Thanatos
|-damage|p1b: Ace|59/100|[from] Recoil
|
|-weather|SunnyDay|[upkeep]
|upkeep
|
|t:|1756915513
|switch|p2a: Calliope|Hatterene, L50, F|100/100
|turn|7
|
|t:|1756915532
|move|p2b: Eris|Follow Me|p2b: Eris
|-singleturn|p2b: Eris|move: Follow Me
|move|p1a: Kaido|Phantom Force|p2b: Eris|[from] lockedmove
|-immune|p2b: Eris
|move|p1b: Ace|Knock Off|p2b: Eris
|-supereffective|p2b: Eris
|-damage|p2b: Eris|9/100
|-enditem|p2b: Eris|Safety Goggles|[from] move: Knock Off|[of] p1b: Ace
|move|p2a: Calliope|Trick Room|p2a: Calliope
|-fieldstart|move: Trick Room|[of] p2a: Calliope
|
|-weather|SunnyDay|[upkeep]
|upkeep
|turn|8
|
|t:|1756915555
|switch|p1a: Liberation|Rillaboom, L50, M, shiny|97/100
|-fieldstart|move: Grassy Terrain|[from] ability: Grassy Surge|[of] p1a: Liberation
|move|p2b: Eris|Follow Me|p2b: Eris
|-singleturn|p2b: Eris|move: Follow Me
|move|p2a: Calliope|Dazzling Gleam|p1a: Liberation|[spread] p1a,p1b
|-damage|p1a: Liberation|40/100
|-damage|p1b: Ace|24/100
|-damage|p2a: Calliope|91/100|[from] item: Life Orb
|move|p1b: Ace|U-turn|p2b: Eris
|-supereffective|p2b: Eris
|-damage|p2b: Eris|0 fnt
|faint|p2b: Eris
|
|t:|1756915571
|switch|p1b: Kaido|Dragapult, L50, M|100/100|[from] U-turn
|
|-weather|none
|-heal|p2a: Calliope|96/100|[from] Grassy Terrain
|-heal|p1a: Liberation|46/100|[from] Grassy Terrain
|upkeep
|
|t:|1756915577
|switch|p2b: Helios|Torkoal, L50, M, shiny|71/100
|-weather|SunnyDay|[from] ability: Drought|[of] p2b: Helios
|turn|9
|
|t:|1756915602
|move|p1a: Liberation|Fake Out|p2a: Calliope
|-damage|p2a: Calliope|82/100
|move|p2b: Helios|Eruption|p1b: Kaido|[spread] p1a,p1b
|-supereffective|p1a: Liberation
|-resisted|p1b: Kaido
|-damage|p1a: Liberation|0 fnt
|-damage|p1b: Kaido|69/100
|faint|p1a: Liberation
|cant|p2a: Calliope|flinch
|move|p1b: Kaido|Phantom Force||[still]
|-prepare|p1b: Kaido|Phantom Force
|
|-weather|SunnyDay|[upkeep]
|-heal|p2b: Helios|76/100|[from] Grassy Terrain
|-heal|p2a: Calliope|88/100|[from] Grassy Terrain
|upkeep
|
|t:|1756915614
|switch|p1a: Ace|Incineroar, L50, M|24/100
|-ability|p1a: Ace|Intimidate|boost
|-unboost|p2a: Calliope|atk|1
|-unboost|p2b: Helios|atk|1
|turn|10
|
|t:|1756915635
|move|p2a: Calliope|Protect|p2a: Calliope
|-singleturn|p2a: Calliope|Protect
|move|p1a: Ace|Fake Out|p2b: Helios
|-damage|p2b: Helios|64/100
|cant|p2b: Helios|flinch
|move|p1b: Kaido|Phantom Force|p2a: Calliope|[from] lockedmove
|-activate|p2a: Calliope|move: Phantom Force|[broken]
|-supereffective|p2a: Calliope
|-damage|p2a: Calliope|0 fnt
|faint|p2a: Calliope
|-damage|p1b: Kaido|59/100|[from] item: Life Orb
|
|-weather|SunnyDay|[upkeep]
|-heal|p2b: Helios|69/100|[from] Grassy Terrain
|-heal|p1a: Ace|30/100|[from] Grassy Terrain
|-heal|p1b: Kaido|65/100|[from] Grassy Terrain
|upkeep
|turn|11
|
|t:|1756915665
|move|p1b: Kaido|Protect|p1b: Kaido
|-singleturn|p1b: Kaido|Protect
|move|p2b: Helios|Earth Power|p1a: Ace
|-supereffective|p1a: Ace
|-damage|p1a: Ace|0 fnt
|faint|p1a: Ace
|
|-weather|SunnyDay|[upkeep]
|-heal|p2b: Helios|75/100|[from] Grassy Terrain
|-heal|p1b: Kaido|71/100|[from] Grassy Terrain
|-fieldend|move: Trick Room
|upkeep
|
|t:|1756915670
|switch|p1a: Mihawk|Kingambit, L50, M, tera:Dragon|100/100
|turn|12
|c|ŌśåSovereignSyl|oh i guess that's how i'll learn phantom force breaks protection
|
|t:|1756915686
|move|p1a: Mihawk|Sucker Punch|p2b: Helios
|-damage|p2b: Helios|38/100
|move|p1b: Kaido|Dragon Darts|p2b: Helios
|-damage|p2b: Helios|9/100
|-anim|p1b: Kaido|Dragon Darts|p2b: Helios
|-damage|p2b: Helios|0 fnt
|faint|p2b: Helios
|-damage|p1b: Kaido|61/100|[from] item: Life Orb
|
|win|ShabazXVGC
||SovereignSyl is ready for game 3.
|c|ŌśåShabazXVGC|lol yeah
||ShabazXVGC is ready for game 3.
|uhtml|next|Next: Game 3 of 3
|l|ŌśåSovereignSyl
|player|p2|
|l| tuckered out1
