|j|☆tyninja-1
|j|☆abscondia_licorice
|html|tyninja-1abscondia_licorice    
|uhtml|bestof|Game 1 of a best-of-3
|t:|1784414118
|gametype|doubles
|player|p1|tyninja-1|ingo|1256
|player|p2|abscondia_licorice|fisherman|1186
|gen|9
|tier|[Gen 9 Champions] VGC 2026 Reg M-B (Bo3)
|rated|
|rule|Species Clause: Limit one of each Pokémon
|rule|Item Clause: Limit 1 of each item
|clearpoke
|poke|p1|Goodra-Hisui, L50, F, shiny|
|poke|p1|Incineroar, L50, M|
|poke|p1|Raichu, L50, M|
|poke|p1|Tsareena, L50, F|
|poke|p1|Basculegion, L50, M|
|poke|p1|Ninetales-Alola, L50, F|
|poke|p2|Garchomp, L50, F|
|poke|p2|Venusaur, L50, M|
|poke|p2|Incineroar, L50, M|
|poke|p2|Charizard, L50, M|
|poke|p2|Toxapex, L50, M|
|poke|p2|Annihilape, L50, F|
|teampreview|4
|showteam|p1|Goodra-Hisui||ShucaBerry|SapSipper|DracoMeteor,HeavySlam,DragonTail,Protect|Sassy||F|||50|]Incineroar||SitrusBerry|Intimidate|FakeOut,FlareBlitz,PartingShot,DarkestLariat|Impish||M|||50|]Raichu||RaichuniteY|LightningRod|ZapCannon,Protect,FakeOut,FocusBlast|Timid||M|||50|]Tsareena||OccaBerry|QueenlyMajesty|PetalBlizzard,TripleAxel,LowKick,Protect|Adamant||F|||50|]Basculegion||ChoiceScarf|Adaptability|AquaJet,WaveCrash,LastRespects,FlipTurn|Jolly||M|||50|]Ninetales-Alola||FocusSash|SnowWarning|Blizzard,Moonblast,FreezeDry,Protect|Timid||F|||50|
|showteam|p2|Garchomp||ChoiceScarf|RoughSkin|DragonClaw,Earthquake,StompingTantrum,RockSlide|Adamant||F|||50|]Venusaur||LifeOrb|Chlorophyll|SolarBeam,SludgeBomb,EarthPower,Protect|Modest||M|||50|]Incineroar||SitrusBerry|Intimidate|FlareBlitz,ThroatChop,FakeOut,PartingShot|Impish||M|||50|]Charizard||CharizarditeY|Blaze|HeatWave,WeatherBall,HelpingHand,Protect|Modest||M|||50|]Toxapex||Leftovers|Regenerator|Infestation,Toxic,WideGuard,BanefulBunker|Bold||M|||50|]Annihilape||FocusSash|Defiant|CloseCombat,PhantomForce,RockTomb,Protect|Jolly||F|||50|
|inactive|Battle timer is ON: inactive players will automatically lose when time's up. (requested by abscondia_licorice)
|inactive|tyninja-1 has 60 seconds left.
|inactive|abscondia_licorice has 60 seconds left.
|inactive|abscondia_licorice has 30 seconds left.
|inactive|abscondia_licorice has 20 seconds left.
|inactive|abscondia_licorice has 15 seconds left.
|inactive|abscondia_licorice has 10 seconds left.
|
|t:|1784414201
|teamsize|p1|4
|teamsize|p2|4
|start
|switch|p1a: Raichu|Raichu, L50, M|100/100
|switch|p1b: Goodra|Goodra-Hisui, L50, F, shiny|100/100
|switch|p2a: Venusaur|Venusaur, L50, M|100/100
|switch|p2b: Charizard|Charizard, L50, M|100/100
|turn|1
|inactive|tyninja-1 has 30 seconds left.
|inactive|abscondia_licorice has 30 seconds left.
|
|t:|1784414234
|move|p1a: Raichu|Protect|p1a: Raichu
|-singleturn|p1a: Raichu|Protect
|move|p2b: Charizard|Protect|p2b: Charizard
|-singleturn|p2b: Charizard|Protect
|move|p1b: Goodra|Protect|p1b: Goodra
|-singleturn|p1b: Goodra|Protect
|move|p2a: Venusaur|Earth Power|p1a: Raichu
|-activate|p1a: Raichu|move: Protect
|
|upkeep
|turn|2
|inactive|tyninja-1 has 30 seconds left.
|inactive|abscondia_licorice has 30 seconds left.
|inactive|abscondia_licorice has 20 seconds left.
|inactive|abscondia_licorice has 15 seconds left.
|inactive|abscondia_licorice has 10 seconds left.
|
|t:|1784414282
|switch|p2b: Garchomp|Garchomp, L50, F|100/100
|detailschange|p1a: Raichu|Raichu-Mega-Y, L50, M
|-mega|p1a: Raichu|Raichu|Raichunite Y
|move|p2a: Venusaur|Protect|p2a: Venusaur
|-singleturn|p2a: Venusaur|Protect
|move|p1a: Raichu|Zap Cannon|p2b: Garchomp
|-immune|p2b: Garchomp
|move|p1b: Goodra|Draco Meteor|p2b: Garchomp
|-supereffective|p2b: Garchomp|1
|-damage|p2b: Garchomp|0 fnt
|-unboost|p1b: Goodra|spa|2
|faint|p2b: Garchomp
|
|upkeep
|
|t:|1784414295
|switch|p2b: Incineroar|Incineroar, L50, M|100/100
|-ability|p2b: Incineroar|Intimidate|boost
|-unboost|p1a: Raichu|atk|1
|-unboost|p1b: Goodra|atk|1
|turn|3
|
|t:|1784414312
|move|p1a: Raichu|Protect|p1a: Raichu
|-singleturn|p1a: Raichu|Protect
|move|p2a: Venusaur|Earth Power|p1a: Raichu
|-activate|p1a: Raichu|move: Protect
|move|p2b: Incineroar|Parting Shot|p1b: Goodra
|-unboost|p1b: Goodra|atk|1
|-unboost|p1b: Goodra|spa|1
|
|t:|1784414320
|switch|p2b: Charizard|Charizard, L50, M|100/100|[from] Parting Shot
|move|p1b: Goodra|Dragon Tail|p2a: Venusaur
|-damage|p2a: Venusaur|86/100
|drag|p2a: Incineroar|Incineroar, L50, M|100/100
|-ability|p2a: Incineroar|Intimidate|boost
|-unboost|p1a: Raichu|atk|1
|-unboost|p1b: Goodra|atk|1
|
|upkeep
|turn|4
|
|t:|1784414340
|switch|p1a: Basculegion|Basculegion, L50, M|100/100
|detailschange|p2b: Charizard|Charizard-Mega-Y, L50, M
|-mega|p2b: Charizard|Charizard|Charizardite Y
|-weather|SunnyDay|[from] ability: Drought|[of] p2b: Charizard
|move|p1b: Goodra|Protect|p1b: Goodra
|-singleturn|p1b: Goodra|Protect
|move|p2a: Incineroar|Fake Out|p1a: Basculegion
|-immune|p1a: Basculegion
|move|p2b: Charizard|Heat Wave|p1b: Goodra|[spread] p1a
|-activate|p1b: Goodra|move: Protect
|-resisted|p1a: Basculegion|1
|-damage|p1a: Basculegion|67/100
|
|-weather|SunnyDay|[upkeep]
|upkeep
|turn|5
|
|t:|1784414360
|switch|p1b: Ninetales|Ninetales-Alola, L50, F|100/100
|-weather|Snowscape|[from] ability: Snow Warning|[of] p1b: Ninetales
|move|p2b: Charizard|Protect|p2b: Charizard
|-singleturn|p2b: Charizard|Protect
|move|p1a: Basculegion|Wave Crash|p2b: Charizard
|-activate|p2b: Charizard|move: Protect
|move|p2a: Incineroar|Parting Shot|p1a: Basculegion
|-unboost|p1a: Basculegion|atk|1
|-unboost|p1a: Basculegion|spa|1
|
|t:|1784414371
|switch|p2a: Venusaur|Venusaur, L50, M|86/100|[from] Parting Shot
|
|-weather|Snowscape|[upkeep]
|upkeep
|turn|6
|
|t:|1784414376
|switch|p2b: Incineroar|Incineroar, L50, M|100/100
|-ability|p2b: Incineroar|Intimidate|boost
|-unboost|p1a: Basculegion|atk|1
|-unboost|p1b: Ninetales|atk|1
|move|p2a: Venusaur|Protect|p2a: Venusaur
|-singleturn|p2a: Venusaur|Protect
|move|p1a: Basculegion|Wave Crash|p2b: Incineroar
|-supereffective|p2b: Incineroar|1
|-damage|p2b: Incineroar|46/100
|-enditem|p2b: Incineroar|Sitrus Berry|[eat]
|-heal|p2b: Incineroar|71/100|[from] item: Sitrus Berry
|-damage|p1a: Basculegion|49/100|[from] Recoil
|move|p1b: Ninetales|Blizzard|p2b: Incineroar|[spread] p2b
|-activate|p2a: Venusaur|move: Protect
|-resisted|p2b: Incineroar|1
|-damage|p2b: Incineroar|56/100
|
|-weather|Snowscape|[upkeep]
|upkeep
|turn|7
|inactive|tyninja-1 has 30 seconds left.
|
|t:|1784414408
|switch|p1a: Goodra|Goodra-Hisui, L50, F, shiny|100/100
|switch|p1b: Raichu|Raichu-Mega-Y, L50, M|100/100
|move|p2b: Incineroar|Fake Out|p1b: Raichu
|-damage|p1b: Raichu|76/100
|move|p2a: Venusaur|Earth Power|p1a: Goodra
|-supereffective|p1a: Goodra|1
|-enditem|p1a: Goodra|Shuca Berry|[eat]
|-enditem|p1a: Goodra|Shuca Berry|[weaken]
|-damage|p1a: Goodra|81/100
|-damage|p2a: Venusaur|77/100|[from] item: Life Orb
|
|-weather|Snowscape|[upkeep]
|upkeep
|turn|8
|inactive|abscondia_licorice has 30 seconds left.
|
|t:|1784414441
|move|p2a: Venusaur|Protect|p2a: Venusaur
|-singleturn|p2a: Venusaur|Protect
|move|p1b: Raichu|Fake Out|p2a: Venusaur
|-activate|p2a: Venusaur|move: Protect
|move|p2b: Incineroar|Parting Shot|p1a: Goodra
|-unboost|p1a: Goodra|atk|1
|-unboost|p1a: Goodra|spa|1
|
|t:|1784414447
|switch|p2b: Charizard|Charizard-Mega-Y, L50, M|100/100|[from] Parting Shot
|-weather|SunnyDay|[from] ability: Drought|[of] p2b: Charizard
|move|p1a: Goodra|Draco Meteor|p2b: Charizard
|-damage|p2b: Charizard|71/100
|-unboost|p1a: Goodra|spa|2
|
|-weather|SunnyDay|[upkeep]
|upkeep
|turn|9
|
|t:|1784414466
|move|p2a: Venusaur|Sludge Bomb|p1b: Raichu
|-damage|p1b: Raichu|0 fnt
|faint|p1b: Raichu
|-damage|p2a: Venusaur|67/100|[from] item: Life Orb
|move|p2b: Charizard|Heat Wave|p1a: Goodra
|-damage|p1a: Goodra|35/100
|-status|p1a: Goodra|brn
|move|p1a: Goodra|Dragon Tail|p2a: Venusaur
|-crit|p2a: Venusaur
|-damage|p2a: Venusaur|48/100
|drag|p2a: Incineroar|Incineroar, L50, M|56/100
|-ability|p2a: Incineroar|Intimidate|boost
|-unboost|p1a: Goodra|atk|1
|
|-weather|SunnyDay|[upkeep]
|-damage|p1a: Goodra|29/100 brn|[from] brn
|upkeep
|
|t:|1784414477
|switch|p1b: Ninetales|Ninetales-Alola, L50, F|100/100
|-weather|Snowscape|[from] ability: Snow Warning|[of] p1b: Ninetales
|turn|10
|
|t:|1784414492
|move|p2a: Incineroar|Fake Out|p1b: Ninetales
|-damage|p1b: Ninetales|90/100
|cant|p1b: Ninetales|flinch
|move|p2b: Charizard|Heat Wave|p1a: Goodra|[spread] p1a,p1b
|-supereffective|p1b: Ninetales|1
|-damage|p1a: Goodra|7/100 brn
|-damage|p1b: Ninetales|0 fnt
|faint|p1b: Ninetales
|move|p1a: Goodra|Draco Meteor|p2b: Charizard
|-crit|p2b: Charizard
|-damage|p2b: Charizard|9/100
|-unboost|p1a: Goodra|spa|2
|
|-weather|Snowscape|[upkeep]
|-damage|p1a: Goodra|1/100 brn|[from] brn
|upkeep
|
|t:|1784414497
|switch|p1b: Basculegion|Basculegion, L50, M|49/100
|turn|11
|inactive|abscondia_licorice has 30 seconds left.
|inactive|abscondia_licorice has 20 seconds left.
|inactive|abscondia_licorice has 15 seconds left.
|
|t:|1784414541
|move|p1b: Basculegion|Last Respects|p2b: Charizard
|-damage|p2b: Charizard|0 fnt
|faint|p2b: Charizard
|move|p2a: Incineroar|Parting Shot|p1b: Basculegion
|-unboost|p1b: Basculegion|atk|1
|-unboost|p1b: Basculegion|spa|1
|
|t:|1784414547
|switch|p2a: Venusaur|Venusaur, L50, M|48/100|[from] Parting Shot
|move|p1a: Goodra|Draco Meteor|p2a: Venusaur
|-damage|p2a: Venusaur|31/100
|-unboost|p1a: Goodra|spa|1
|
|-weather|Snowscape|[upkeep]
|-damage|p1a: Goodra|0 fnt|[from] brn
|faint|p1a: Goodra
|upkeep
|
|t:|1784414556
|switch|p2b: Incineroar|Incineroar, L50, M|56/100
|-ability|p2b: Incineroar|Intimidate|boost
|-unboost|p1b: Basculegion|atk|1
|turn|12
|
|t:|1784414573
|move|p2a: Venusaur|Protect|p2a: Venusaur
|-singleturn|p2a: Venusaur|Protect
|move|p1b: Basculegion|Last Respects|p2b: Incineroar
|-resisted|p2b: Incineroar|1
|-damage|p2b: Incineroar|32/100
|move|p2b: Incineroar|Throat Chop|p1b: Basculegion
|-supereffective|p1b: Basculegion|1
|-damage|p1b: Basculegion|0 fnt
|faint|p1b: Basculegion
|
|win|abscondia_licorice
||tyninja-1 is ready for game 2.
|inactive|abscondia_licorice has 30 seconds to confirm battle start!
