|j|☆MatteoMabl
|j|☆mayor of clowntown
|html|MatteoMablmayor of clowntown    
|uhtml|bestof|Game 2 of a best-of-3
|t:|1785450416
|gametype|doubles
|player|p1|MatteoMabl|265|1164
|player|p2|mayor of clowntown|clown|1116
|gen|9
|tier|[Gen 9 Champions] VGC 2026 Reg M-B (Bo3)
|rated|
|rule|Species Clause: Limit one of each Pokémon
|rule|Item Clause: Limit 1 of each item
|clearpoke
|poke|p1|Tyranitar, L50, M|
|poke|p1|Staraptor, L50, M|
|poke|p1|Excadrill, L50, F|
|poke|p1|Gholdengo, L50|
|poke|p1|Sinistcha, L50|
|poke|p1|Milotic, L50, F|
|poke|p2|Garchomp, L50, M, shiny|
|poke|p2|Charizard, L50, F, shiny|
|poke|p2|Whimsicott, L50, M|
|poke|p2|Floette-Eternal, L50, F|
|poke|p2|Basculegion, L50, M|
|poke|p2|Kingambit, L50, M, shiny|
|teampreview|4
|showteam|p1|Tyranitar||Tyranitarite|SandStream|RockSlide,KnockOff,LowKick,Protect|Jolly||M|||50|]Staraptor||Staraptite|Intimidate|CloseCombat,BraveBird,Tailwind,Protect|Jolly||M|||50|]Excadrill||FocusSash|SandRush|HighHorsepower,IronHead,RockSlide,Protect|Adamant||F|||50|]Gholdengo||LifeOrb|GoodasGold|MakeItRain,ShadowBall,NastyPlot,Protect|Modest|||||50|]Sinistcha||ColburBerry|Hospitality|MatchaGotcha,ShadowBall,RagePowder,Protect|Bold|||||50|]Milotic||SitrusBerry|Competitive|Scald,IceBeam,IcyWind,Protect|Calm||F|||50|
|showteam|p2|Garchomp||LifeOrb|RoughSkin|Earthquake,RockSlide,DragonClaw,Protect|Jolly||M|||50|]Charizard||CharizarditeY|Blaze|HeatWave,WeatherBall,SolarBeam,Protect|Modest||F|||50|]Whimsicott||FocusSash|Prankster|Moonblast,Tailwind,Encore,Protect|Timid||M|||50|]Floette-Eternal||Floettite|FlowerVeil|Moonblast,DazzlingGleam,LightofRuin,Protect|Modest||F|||50|]Basculegion||MysticWater|Adaptability|WaveCrash,LastRespects,AquaJet,Protect|Adamant||M|||50|]Kingambit||ChopleBerry|Defiant|KowtowCleave,SuckerPunch,IronHead,LowKick|Adamant||M|||50|
|inactive|Battle timer is ON: inactive players will automatically lose when time's up. (requested by MatteoMabl)
|inactive|mayor of clowntown has 60 seconds left.
|
|t:|1785450506
|teamsize|p1|4
|teamsize|p2|4
|start
|switch|p1a: Tyranitar|Tyranitar, L50, M|100/100
|switch|p1b: Excadrill|Excadrill, L50, F|100/100
|switch|p2a: Whimsicott|Whimsicott, L50, M|100/100
|switch|p2b: Kingambit|Kingambit, L50, M, shiny|100/100
|-weather|Sandstorm|[from] ability: Sand Stream|[of] p1a: Tyranitar
|turn|1
|inactive|MatteoMabl has 30 seconds left.
|inactive|mayor of clowntown has 30 seconds left.
|inactive|mayor of clowntown has 20 seconds left.
|
|t:|1785450545
|move|p2a: Whimsicott|Protect|p2a: Whimsicott
|-singleturn|p2a: Whimsicott|Protect
|move|p1a: Tyranitar|Protect|p1a: Tyranitar
|-singleturn|p1a: Tyranitar|Protect
|move|p2b: Kingambit|Sucker Punch|p1b: Excadrill
|-damage|p1b: Excadrill|39/100
|move|p1b: Excadrill|High Horsepower|p2b: Kingambit
|-supereffective|p2b: Kingambit|1
|-damage|p2b: Kingambit|0 fnt
|faint|p2b: Kingambit
|
|-weather|Sandstorm|[upkeep]
|-damage|p2a: Whimsicott|94/100|[from] Sandstorm
|upkeep
|inactive|mayor of clowntown has 30 seconds left.
|
|t:|1785450578
|switch|p2b: Garchomp|Garchomp, L50, M, shiny|100/100
|turn|2
|inactive|mayor of clowntown has 30 seconds left.
|
|t:|1785450613
|switch|p1a: Sinistcha|Sinistcha, L50|100/100
|-heal|p1b: Excadrill|63/100|[from] ability: Hospitality|[of] p1a: Sinistcha
|move|p2a: Whimsicott|Tailwind|p2a: Whimsicott
|-sidestart|p2: mayor of clowntown|move: Tailwind
|move|p2b: Garchomp|Earthquake|p1b: Excadrill|[spread] p2a,p1a,p1b
|-resisted|p2a: Whimsicott|1
|-resisted|p1a: Sinistcha|1
|-supereffective|p1b: Excadrill|1
|-damage|p2a: Whimsicott|56/100
|-damage|p1a: Sinistcha|78/100
|-damage|p1b: Excadrill|0 fnt
|faint|p1b: Excadrill
|-damage|p2b: Garchomp|90/100|[from] item: Life Orb
|
|-weather|Sandstorm|[upkeep]
|-damage|p2a: Whimsicott|51/100|[from] Sandstorm
|-damage|p1a: Sinistcha|71/100|[from] Sandstorm
|upkeep
|
|t:|1785450638
|switch|p1b: Gholdengo|Gholdengo, L50|100/100
|turn|3
|inactive|mayor of clowntown has 30 seconds left.
|
|t:|1785450670
|move|p2a: Whimsicott|Protect|p2a: Whimsicott
|-singleturn|p2a: Whimsicott|Protect
|move|p1b: Gholdengo|Protect|p1b: Gholdengo
|-singleturn|p1b: Gholdengo|Protect
|move|p2b: Garchomp|Earthquake|p1b: Gholdengo|[spread] p1a
|-activate|p2a: Whimsicott|move: Protect
|-activate|p1b: Gholdengo|move: Protect
|-resisted|p1a: Sinistcha|1
|-damage|p1a: Sinistcha|53/100
|-damage|p2b: Garchomp|80/100|[from] item: Life Orb
|move|p1a: Sinistcha|Matcha Gotcha|p2b: Garchomp|[spread] p2b
|-activate|p2a: Whimsicott|move: Protect
|-damage|p2b: Garchomp|52/100
|-heal|p1a: Sinistcha|68/100|[from] drain|[of] p2b: Garchomp
|
|-weather|Sandstorm|[upkeep]
|-damage|p2a: Whimsicott|45/100|[from] Sandstorm
|-damage|p1a: Sinistcha|62/100|[from] Sandstorm
|upkeep
|turn|4
|inactive|MatteoMabl has 30 seconds left.
|
|t:|1785450698
|switch|p2a: Charizard|Charizard, L50, F, shiny|100/100
|move|p2b: Garchomp|Earthquake|p1a: Sinistcha|[spread] p1a,p1b
|-immune|p2a: Charizard
|-resisted|p1a: Sinistcha|1
|-supereffective|p1b: Gholdengo|1
|-damage|p1a: Sinistcha|41/100
|-damage|p1b: Gholdengo|0 fnt
|faint|p1b: Gholdengo
|-damage|p2b: Garchomp|42/100|[from] item: Life Orb
|move|p1a: Sinistcha|Matcha Gotcha|p2a: Charizard|[spread] p2a
|-miss|p1a: Sinistcha|p2b: Garchomp
|-resisted|p2a: Charizard|2
|-damage|p2a: Charizard|92/100
|-heal|p1a: Sinistcha|44/100|[from] drain|[of] p2a: Charizard
|
|-weather|Sandstorm|[upkeep]
|-damage|p2a: Charizard|87/100|[from] Sandstorm
|-damage|p1a: Sinistcha|38/100|[from] Sandstorm
|upkeep
|
|t:|1785450717
|switch|p1b: Tyranitar|Tyranitar, L50, M|100/100
|turn|5
|inactive|mayor of clowntown has 30 seconds left.
|inactive|mayor of clowntown has 20 seconds left.
|inactive|mayor of clowntown has 15 seconds left.
|
|t:|1785450761
|detailschange|p2a: Charizard|Charizard-Mega-Y, L50, F, shiny
|-mega|p2a: Charizard|Charizard|Charizardite Y
|-weather|SunnyDay|[from] ability: Drought|[of] p2a: Charizard
|move|p1b: Tyranitar|Protect|p1b: Tyranitar
|-singleturn|p1b: Tyranitar|Protect
|move|p1a: Sinistcha|Protect|p1a: Sinistcha
|-singleturn|p1a: Sinistcha|Protect
|move|p2b: Garchomp|Earthquake|p1b: Tyranitar|[spread] 
|-activate|p1a: Sinistcha|move: Protect
|-activate|p1b: Tyranitar|move: Protect
|-immune|p2a: Charizard
|move|p2a: Charizard|Heat Wave|p1b: Tyranitar|[spread] 
|-activate|p1a: Sinistcha|move: Protect
|-activate|p1b: Tyranitar|move: Protect
|
|-weather|SunnyDay|[upkeep]
|-sideend|p2: mayor of clowntown|move: Tailwind
|upkeep
|turn|6
|inactive|mayor of clowntown has 30 seconds left.
|inactive|mayor of clowntown has 20 seconds left.
|
|t:|1785450799
|detailschange|p1b: Tyranitar|Tyranitar-Mega, L50, M
|-mega|p1b: Tyranitar|Tyranitar|Tyranitarite
|-weather|Sandstorm|[from] ability: Sand Stream|[of] p1b: Tyranitar
|move|p2b: Garchomp|Earthquake|p1a: Sinistcha|[spread] p1a,p1b
|-immune|p2a: Charizard
|-resisted|p1a: Sinistcha|1
|-supereffective|p1b: Tyranitar|1
|-damage|p1a: Sinistcha|18/100
|-damage|p1b: Tyranitar|23/100
|-damage|p2b: Garchomp|32/100|[from] item: Life Orb
|move|p1b: Tyranitar|Rock Slide|p2b: Garchomp|[spread] p2a
|-miss|p1b: Tyranitar|p2b: Garchomp
|-supereffective|p2a: Charizard|2
|-damage|p2a: Charizard|0 fnt
|faint|p2a: Charizard
|move|p1a: Sinistcha|Matcha Gotcha|p2b: Garchomp
|-crit|p2b: Garchomp
|-damage|p2b: Garchomp|0 fnt
|-heal|p1a: Sinistcha|35/100|[from] drain|[of] p2b: Garchomp
|faint|p2b: Garchomp
|
|-weather|Sandstorm|[upkeep]
|-damage|p1a: Sinistcha|29/100|[from] Sandstorm
|upkeep
|
|t:|1785450821
|switch|p2a: Whimsicott|Whimsicott, L50, M|45/100
|turn|7
|inactive|mayor of clowntown has 30 seconds left.
|inactive|mayor of clowntown has 20 seconds left.
|inactive|mayor of clowntown has 15 seconds left.
|
|t:|1785450863
|move|p1a: Sinistcha|Rage Powder|p1a: Sinistcha
|-singleturn|p1a: Sinistcha|move: Rage Powder
|move|p2a: Whimsicott|Moonblast|p1a: Sinistcha
|-damage|p1a: Sinistcha|0 fnt
|faint|p1a: Sinistcha
|move|p1b: Tyranitar|Rock Slide|p2a: Whimsicott
|-damage|p2a: Whimsicott|0 fnt
|faint|p2a: Whimsicott
|
|win|MatteoMabl
||MatteoMabl is ready for game 3.
