|j|☆play w ur favs
|j|☆sogreenitslime
|html|play w ur favssogreenitslime    
|uhtml|bestof|Game 1 of a best-of-3
|t:|1782652700
|gametype|doubles
|player|p1|play w ur favs|cheryl|1183
|player|p2|sogreenitslime|pokemaniac|1108
|gen|9
|tier|[Gen 9 Champions] VGC 2026 Reg M-B (Bo3)
|rated|
|rule|Species Clause: Limit one of each Pokémon
|rule|Item Clause: Limit 1 of each item
|clearpoke
|poke|p1|Metagross, L50, shiny|
|poke|p1|Staraptor, L50, F|
|poke|p1|Tyranitar, L50, M|
|poke|p1|Excadrill, L50, M|
|poke|p1|Serperior, L50, M|
|poke|p1|Chandelure, L50, M|
|poke|p2|Aerodactyl, L50, F|
|poke|p2|Rotom-Wash, L50|
|poke|p2|Sceptile, L50, F|
|poke|p2|Kingambit, L50, M|
|poke|p2|Sneasler, L50, F|
|poke|p2|Incineroar, L50, F|
|teampreview|4
|showteam|p1|Metagross||Metagrossite|ClearBody|PsychicFangs,BulletPunch,MeteorMash,Protect|Jolly|||||50|]Staraptor||Staraptite|Intimidate|CloseCombat,BraveBird,Facade,Protect|Jolly||F|||50|]Tyranitar||ChopleBerry|SandStream|KnockOff,RockSlide,Taunt,Protect|Adamant||M|||50|]Excadrill||LifeOrb|SandRush|HighHorsepower,IronHead,Earthquake,Protect|Adamant||M|||50|]Serperior||MiracleSeed|Contrary|LeafStorm,ScaryFace,Protect,DragonPulse|Timid||M|||50|]Chandelure||ChoiceScarf|FlashFire|HeatWave,ShadowBall,EnergyBall,DarkPulse|Timid||M|||50|
|showteam|p2|Aerodactyl||Aerodactylite|Unnerve|Tailwind,RockSlide,DualWingbeat,Protect|Jolly||F|||50|]Rotom-Wash||ChoiceScarf|Levitate|VoltSwitch,Discharge,Electroweb,HydroPump|Timid|||||50|]Sceptile||Sceptilite|Overgrow|EnergyBall,EarthPower,DragonPulse,Protect|Timid||F|||50|]Kingambit||ChopleBerry|Defiant|KowtowCleave,SuckerPunch,IronHead,Protect|Adamant||M|||50|]Sneasler||WhiteHerb|Unburden|DireClaw,CloseCombat,FakeOut,Protect|Jolly||F|||50|]Incineroar||SitrusBerry|Intimidate|WillOWisp,FlareBlitz,PartingShot,FakeOut|Careful||F|||50|
|inactive|Battle timer is ON: inactive players will automatically lose when time's up. (requested by play w ur favs)
|inactive|play w ur favs has 60 seconds left.
|inactive|play w ur favs has 30 seconds left.
|inactive|play w ur favs has 20 seconds left.
|inactive|play w ur favs has 15 seconds left.
|inactive|play w ur favs has 10 seconds left.
|
|t:|1782652795
|teamsize|p1|4
|teamsize|p2|4
|start
|switch|p1a: Excadrill|Excadrill, L50, M|100/100
|switch|p1b: Serperior|Serperior, L50, M|100/100
|switch|p2a: Aerodactyl|Aerodactyl, L50, F|100/100
|switch|p2b: Sneasler|Sneasler, L50, F|100/100
|-ability|p2a: Aerodactyl|Unnerve
|turn|1
|inactive|play w ur favs has 30 seconds left.
|inactive|play w ur favs has 20 seconds left.
|inactive|play w ur favs has 15 seconds left.
|inactive|play w ur favs has 10 seconds left.
|
|t:|1782652840
|move|p2b: Sneasler|Fake Out|p1a: Excadrill
|-resisted|p1a: Excadrill|1
|-damage|p1a: Excadrill|90/100
|move|p2a: Aerodactyl|Tailwind|p2a: Aerodactyl
|-sidestart|p2: sogreenitslime|move: Tailwind
|move|p1b: Serperior|Leaf Storm|p2a: Aerodactyl
|-damage|p2a: Aerodactyl|19/100
|-boost|p1b: Serperior|spa|2
|cant|p1a: Excadrill|flinch
|
|upkeep
|turn|2
|inactive|play w ur favs has 30 seconds left.
|inactive|play w ur favs has 20 seconds left.
|
|t:|1782652878
|move|p1a: Excadrill|Protect|p1a: Excadrill
|-singleturn|p1a: Excadrill|Protect
|move|p2a: Aerodactyl|Dual Wingbeat|p1b: Serperior
|-supereffective|p1b: Serperior|1
|-damage|p1b: Serperior|55/100
|-supereffective|p1b: Serperior|1
|-damage|p1b: Serperior|3/100
|-hitcount|p1b: Serperior|2
|move|p2b: Sneasler|Close Combat|p1a: Excadrill
|-activate|p1a: Excadrill|move: Protect
|move|p1b: Serperior|Leaf Storm|p2a: Aerodactyl
|-damage|p2a: Aerodactyl|0 fnt
|-boost|p1b: Serperior|spa|2
|faint|p2a: Aerodactyl
|
|upkeep
|
|t:|1782652897
|switch|p2a: Rotom|Rotom-Wash, L50|100/100
|turn|3
|inactive|play w ur favs has 30 seconds left.
|
|t:|1782652931
|switch|p1a: Staraptor|Staraptor, L50, F|100/100
|-ability|p1a: Staraptor|Intimidate|boost
|-unboost|p2a: Rotom|atk|1
|-unboost|p2b: Sneasler|atk|1
|-enditem|p2b: Sneasler|White Herb
|-clearnegativeboost|p2b: Sneasler|[silent]
|move|p1b: Serperior|Protect|p1b: Serperior
|-singleturn|p1b: Serperior|Protect
|move|p2b: Sneasler|Close Combat|p1a: Staraptor
|-damage|p1a: Staraptor|14/100
|-unboost|p2b: Sneasler|def|1
|-unboost|p2b: Sneasler|spd|1
|move|p2a: Rotom|Volt Switch|p1b: Serperior
|-activate|p1b: Serperior|move: Protect
|
|upkeep
|turn|4
|inactive|play w ur favs has 30 seconds left.
|inactive|play w ur favs has 20 seconds left.
|
|t:|1782652968
|switch|p1b: Excadrill|Excadrill, L50, M|90/100
|detailschange|p1a: Staraptor|Staraptor-Mega, L50, F
|-mega|p1a: Staraptor|Staraptor|Staraptite
|move|p1a: Staraptor|Protect|p1a: Staraptor
|-singleturn|p1a: Staraptor|Protect
|move|p2b: Sneasler|Dire Claw|p1b: Excadrill
|-immune|p1b: Excadrill
|move|p2a: Rotom|Volt Switch|p1a: Staraptor
|-activate|p1a: Staraptor|move: Protect
|
|-sideend|p2: sogreenitslime|move: Tailwind
|upkeep
|turn|5
|
|t:|1782652989
|move|p2b: Sneasler|Close Combat|p1b: Excadrill
|-supereffective|p1b: Excadrill|1
|-damage|p1b: Excadrill|0 fnt
|-unboost|p2b: Sneasler|def|1
|-unboost|p2b: Sneasler|spd|1
|faint|p1b: Excadrill
|move|p2a: Rotom|Volt Switch|p1a: Staraptor
|-supereffective|p1a: Staraptor|1
|-damage|p1a: Staraptor|0 fnt
|faint|p1a: Staraptor
|
|t:|1782652997
|switch|p2a: Sceptile|Sceptile, L50, F|100/100|[from] Volt Switch
|
|upkeep
|
|t:|1782653000
|switch|p1a: Tyranitar|Tyranitar, L50, M|100/100
|switch|p1b: Serperior|Serperior, L50, M|3/100
|-weather|Sandstorm|[from] ability: Sand Stream|[of] p1a: Tyranitar
|turn|6
|
|t:|1782653013
|detailschange|p2a: Sceptile|Sceptile-Mega, L50, F
|-mega|p2a: Sceptile|Sceptile|Sceptilite
|move|p2b: Sneasler|Dire Claw|p1b: Serperior
|-supereffective|p1b: Serperior|1
|-damage|p1b: Serperior|0 fnt
|faint|p1b: Serperior
|move|p2a: Sceptile|Energy Ball|p1a: Tyranitar
|-supereffective|p1a: Tyranitar|1
|-damage|p1a: Tyranitar|40/100
|move|p1a: Tyranitar|Rock Slide|p2b: Sneasler|[spread] p2a,p2b
|-resisted|p2b: Sneasler|1
|-damage|p2a: Sceptile|44/100
|-damage|p2b: Sneasler|42/100
|
|-weather|Sandstorm|[upkeep]
|-damage|p2b: Sneasler|36/100|[from] Sandstorm
|-damage|p2a: Sceptile|38/100|[from] Sandstorm
|upkeep
|turn|7
|
|t:|1782653027
|move|p2b: Sneasler|Close Combat|p1a: Tyranitar
|-supereffective|p1a: Tyranitar|2
|-enditem|p1a: Tyranitar|Chople Berry|[eat]
|-enditem|p1a: Tyranitar|Chople Berry|[weaken]
|-damage|p1a: Tyranitar|0 fnt
|-unboost|p2b: Sneasler|def|1
|-unboost|p2b: Sneasler|spd|1
|faint|p1a: Tyranitar
|
|win|sogreenitslime
||play w ur favs is ready for game 2.
||sogreenitslime is ready for game 2.
|uhtml|next|Next: Game 2 of 3
|l|☆play w ur favs
|player|p1|
