|j|☆upchicken
|j|☆AnotherDreamer
|html|upchickenAnotherDreamer    
|uhtml|bestof|Game 1 of a best-of-3
|t:|1756390120
|gametype|doubles
|player|p1|upchicken|az|1186
|player|p2|AnotherDreamer|266|1140
|gen|9
|tier|[Gen 9] VGC 2025 Reg H (Bo3)
|rated|
|rule|Species Clause: Limit one of each Pokémon
|rule|Item Clause: Limit 1 of each item
|clearpoke
|poke|p1|Grimmsnarl, L50, M|
|poke|p1|Annihilape, L50, F|
|poke|p1|Maushold, L50|
|poke|p1|Pelipper, L50, M|
|poke|p1|Archaludon, L50, M|
|poke|p1|Sinistcha, L50|
|poke|p2|Electabuzz, L50, M|
|poke|p2|Kingambit, L50, M|
|poke|p2|Volcarona, L50, F|
|poke|p2|Dragonite, L50, M|
|poke|p2|Sneasler, L50, F|
|poke|p2|Rillaboom, L50, F|
|teampreview|4
|showteam|p1|Grimmsnarl||LightClay|Prankster|Reflect,LightScreen,ThunderWave,SpiritBreak|||M|||50|,,,,,Steel]Annihilape||SpellTag|Defiant|BulkUp,Protect,DrainPunch,RageFist|||F|||50|,,,,,Fire]Maushold||SafetyGoggles|FriendGuard|BeatUp,Taunt,FollowMe,Protect||||||50|,,,,,Ghost]Pelipper||LifeOrb|Drizzle|WeatherBall,Hurricane,Tailwind,Protect|||M|||50|,,,,,Stellar]Archaludon||AssaultVest|Stamina|ElectroShot,DracoMeteor,Snarl,BodyPress|||M|||50|,,,,,Fighting]Sinistcha||SitrusBerry|Hospitality|LifeDew,RagePowder,TrickRoom,MatchaGotcha||||||50|,,,,,Water
|showteam|p2|Electabuzz||Eviolite|VitalSpirit|FollowMe,Electroweb,Taunt,Protect|||M|||50|,,,,,Ghost]Kingambit||BlackGlasses|Defiant|KowtowCleave,SuckerPunch,SwordsDance,Protect|||M|||50|,,,,,Dark]Volcarona||Leftovers|FlameBody|HeatWave,GigaDrain,QuiverDance,Protect|||F|||50|,,,,,Fairy]Dragonite||LoadedDice|Multiscale|ScaleShot,ExtremeSpeed,Tailwind,Protect|||M|||50|,,,,,Fairy]Sneasler||FocusSash|Unburden|DireClaw,CloseCombat,Coaching,FakeOut|||F|||50|,,,,,Stellar]Rillaboom||AssaultVest|GrassySurge|FakeOut,Uturn,GrassyGlide,HighHorsepower|||F|||50|,,,,,Fire
|inactive|Battle timer is ON: inactive players will automatically lose when time's up. (requested by AnotherDreamer)
|inactive|AnotherDreamer has 60 seconds left.
|
|t:|1756390175
|teamsize|p1|4
|teamsize|p2|4
|start
|switch|p1a: Grimmsnarl|Grimmsnarl, L50, M|100/100
|switch|p1b: Archaludon|Archaludon, L50, M|100/100
|switch|p2a: Electabuzz|Electabuzz, L50, M|100/100
|switch|p2b: Volcarona|Volcarona, L50, F|100/100
|turn|1
|
|t:|1756390187
|move|p1a: Grimmsnarl|Light Screen|p1a: Grimmsnarl
|-sidestart|p1: upchicken|move: Light Screen
|move|p2b: Volcarona|Quiver Dance|p2b: Volcarona
|-boost|p2b: Volcarona|spa|1
|-boost|p2b: Volcarona|spd|1
|-boost|p2b: Volcarona|spe|1
|move|p2a: Electabuzz|Taunt|p1a: Grimmsnarl
|-start|p1a: Grimmsnarl|move: Taunt
|move|p1b: Archaludon|Body Press|p2a: Electabuzz
|-damage|p2a: Electabuzz|83/100
|
|upkeep
|turn|2
|
|t:|1756390196
|move|p2a: Electabuzz|Follow Me|p2a: Electabuzz
|-singleturn|p2a: Electabuzz|move: Follow Me
|move|p2b: Volcarona|Quiver Dance|p2b: Volcarona
|-boost|p2b: Volcarona|spa|1
|-boost|p2b: Volcarona|spd|1
|-boost|p2b: Volcarona|spe|1
|move|p1b: Archaludon|Snarl|p2b: Volcarona|[spread] p2a,p2b
|-damage|p2a: Electabuzz|73/100
|-damage|p2b: Volcarona|95/100
|-unboost|p2a: Electabuzz|spa|1
|-unboost|p2b: Volcarona|spa|1
|move|p1a: Grimmsnarl|Spirit Break|p2a: Electabuzz
|-damage|p2a: Electabuzz|49/100
|-unboost|p2a: Electabuzz|spa|1
|
|-heal|p2b: Volcarona|100/100|[from] item: Leftovers
|upkeep
|turn|3
|inactive|AnotherDreamer has 30 seconds left.
|
|t:|1756390221
|switch|p2a: Sneasler|Sneasler, L50, F|100/100
|switch|p1a: Pelipper|Pelipper, L50, M|100/100
|-weather|RainDance|[from] ability: Drizzle|[of] p1a: Pelipper
|move|p2b: Volcarona|Heat Wave|p1b: Archaludon|[spread] p1a,p1b
|-resisted|p1a: Pelipper
|-damage|p1a: Pelipper|85/100
|-damage|p1b: Archaludon|89/100
|-status|p1a: Pelipper|brn
|-ability|p1b: Archaludon|Stamina|boost
|-boost|p1b: Archaludon|def|1
|move|p1b: Archaludon|Electro Shot||[still]
|-prepare|p1b: Archaludon|Electro Shot
|-boost|p1b: Archaludon|spa|1
|-anim|p1b: Archaludon|Electro Shot|p2b: Volcarona
|-damage|p2b: Volcarona|70/100
|
|-weather|RainDance|[upkeep]
|-heal|p2b: Volcarona|77/100|[from] item: Leftovers
|-damage|p1a: Pelipper|79/100 brn|[from] brn
|upkeep
|turn|4
|inactive|upchicken has 30 seconds left.
|
|t:|1756390253
|-terastallize|p1b: Archaludon|Fighting
|move|p2b: Volcarona|Giga Drain|p1a: Pelipper
|-damage|p1a: Pelipper|34/100 brn
|-heal|p2b: Volcarona|93/100|[from] drain|[of] p1a: Pelipper
|move|p2a: Sneasler|Close Combat|p1b: Archaludon
|-damage|p1b: Archaludon|60/100
|-unboost|p2a: Sneasler|def|1
|-unboost|p2a: Sneasler|spd|1
|-ability|p1b: Archaludon|Stamina|boost
|-boost|p1b: Archaludon|def|1
|move|p1a: Pelipper|Hurricane|p2a: Sneasler
|-supereffective|p2a: Sneasler
|-enditem|p2a: Sneasler|Focus Sash
|-damage|p2a: Sneasler|1/100
|-start|p2a: Sneasler|confusion
|-damage|p1a: Pelipper|25/100 brn|[from] item: Life Orb
|move|p1b: Archaludon|Snarl|p2b: Volcarona|[spread] p2a,p2b
|-resisted|p2a: Sneasler
|-damage|p2a: Sneasler|0 fnt
|-damage|p2b: Volcarona|83/100
|-unboost|p2b: Volcarona|spa|1
|faint|p2a: Sneasler
|
|-weather|RainDance|[upkeep]
|-heal|p2b: Volcarona|90/100|[from] item: Leftovers
|-damage|p1a: Pelipper|19/100 brn|[from] brn
|upkeep
|
|t:|1756390262
|switch|p2a: Electabuzz|Electabuzz, L50, M|49/100
|turn|5
|
|t:|1756390275
|switch|p1a: Sinistcha|Sinistcha, L50|100/100
|-heal|p1b: Archaludon|85/100|[from] ability: Hospitality|[of] p1a: Sinistcha
|move|p2b: Volcarona|Quiver Dance|p2b: Volcarona
|-boost|p2b: Volcarona|spa|1
|-boost|p2b: Volcarona|spd|1
|-boost|p2b: Volcarona|spe|1
|move|p2a: Electabuzz|Electroweb|p1a: Sinistcha|[spread] p1a
|-miss|p2a: Electabuzz|p1b: Archaludon
|-resisted|p1a: Sinistcha
|-damage|p1a: Sinistcha|97/100
|-unboost|p1a: Sinistcha|spe|1
|move|p1b: Archaludon|Snarl|p2a: Electabuzz|[spread] p2a,p2b
|-damage|p2a: Electabuzz|34/100
|-damage|p2b: Volcarona|82/100
|-unboost|p2a: Electabuzz|spa|1
|-unboost|p2b: Volcarona|spa|1
|
|-weather|RainDance|[upkeep]
|-heal|p2b: Volcarona|89/100|[from] item: Leftovers
|upkeep
|turn|6
|
|t:|1756390298
|move|p2b: Volcarona|Giga Drain|p1b: Archaludon
|-damage|p1b: Archaludon|73/100
|-heal|p2b: Volcarona|95/100|[from] drain|[of] p1b: Archaludon
|-ability|p1b: Archaludon|Stamina|boost
|-boost|p1b: Archaludon|def|1
|move|p2a: Electabuzz|Taunt|p1a: Sinistcha
|-start|p1a: Sinistcha|move: Taunt
|move|p1b: Archaludon|Electro Shot||[still]
|-prepare|p1b: Archaludon|Electro Shot
|-boost|p1b: Archaludon|spa|1
|-anim|p1b: Archaludon|Electro Shot|p2b: Volcarona
|-damage|p2b: Volcarona|66/100
|cant|p1a: Sinistcha|move: Taunt|Trick Room
|
|-weather|RainDance|[upkeep]
|-heal|p2b: Volcarona|72/100|[from] item: Leftovers
|upkeep
|turn|7
|
|t:|1756390313
|switch|p2a: Kingambit|Kingambit, L50, M|100/100
|move|p2b: Volcarona|Heat Wave|p1b: Archaludon|[spread] p1a,p1b
|-supereffective|p1a: Sinistcha
|-damage|p1a: Sinistcha|76/100
|-damage|p1b: Archaludon|65/100
|-ability|p1b: Archaludon|Stamina|boost
|-boost|p1b: Archaludon|def|1
|move|p1b: Archaludon|Snarl|p2b: Volcarona|[spread] p2a,p2b
|-resisted|p2a: Kingambit
|-damage|p2a: Kingambit|87/100
|-damage|p2b: Volcarona|61/100
|-unboost|p2a: Kingambit|spa|1
|-ability|p2a: Kingambit|Defiant|boost
|-boost|p2a: Kingambit|atk|2
|-unboost|p2b: Volcarona|spa|1
|move|p1a: Sinistcha|Matcha Gotcha|p2a: Kingambit|[spread] p2a,p2b
|-resisted|p2a: Kingambit
|-resisted|p2b: Volcarona
|-damage|p2a: Kingambit|75/100
|-heal|p1a: Sinistcha|83/100|[from] drain|[of] p2a: Kingambit
|-damage|p2b: Volcarona|59/100
|-heal|p1a: Sinistcha|84/100|[from] drain|[of] p2b: Volcarona
|
|-weather|none
|-heal|p2b: Volcarona|66/100|[from] item: Leftovers
|upkeep
|turn|8
|
|t:|1756390324
|switch|p1a: Grimmsnarl|Grimmsnarl, L50, M|100/100
|move|p2a: Kingambit|Protect|p2a: Kingambit
|-singleturn|p2a: Kingambit|Protect
|move|p2b: Volcarona|Heat Wave|p1b: Archaludon|[spread] p1b
|-miss|p2b: Volcarona|p1a: Grimmsnarl
|-damage|p1b: Archaludon|55/100
|-ability|p1b: Archaludon|Stamina|boost
|-boost|p1b: Archaludon|def|1
|move|p1b: Archaludon|Body Press|p2a: Kingambit
|-activate|p2a: Kingambit|move: Protect
|
|-heal|p2b: Volcarona|72/100|[from] item: Leftovers
|-sideend|p1: upchicken|move: Light Screen
|upkeep
|turn|9
|
|t:|1756390335
|move|p1a: Grimmsnarl|Reflect|p1a: Grimmsnarl
|-sidestart|p1: upchicken|Reflect
|move|p2a: Kingambit|Sucker Punch|p1b: Archaludon
|-resisted|p1b: Archaludon
|-damage|p1b: Archaludon|48/100
|-ability|p1b: Archaludon|Stamina|boost
|-boost|p1b: Archaludon|def|1
|move|p2b: Volcarona|Heat Wave|p1a: Grimmsnarl|[spread] p1a,p1b
|-damage|p1a: Grimmsnarl|81/100
|-damage|p1b: Archaludon|33/100
|move|p1b: Archaludon|Body Press|p2a: Kingambit
|-supereffective|p2a: Kingambit
|-damage|p2a: Kingambit|0 fnt
|faint|p2a: Kingambit
|
|-heal|p2b: Volcarona|78/100|[from] item: Leftovers
|upkeep
|
|t:|1756390339
|switch|p2a: Electabuzz|Electabuzz, L50, M|34/100
|turn|10
|
|t:|1756390352
|switch|p1a: Sinistcha|Sinistcha, L50|84/100
|-heal|p1b: Archaludon|58/100|[from] ability: Hospitality|[of] p1a: Sinistcha
|move|p2a: Electabuzz|Follow Me|p2a: Electabuzz
|-singleturn|p2a: Electabuzz|move: Follow Me
|move|p2b: Volcarona|Heat Wave|p1b: Archaludon|[spread] p1a,p1b
|-supereffective|p1a: Sinistcha
|-damage|p1a: Sinistcha|39/100
|-damage|p1b: Archaludon|42/100
|-enditem|p1a: Sinistcha|Sitrus Berry|[eat]
|-heal|p1a: Sinistcha|64/100|[from] item: Sitrus Berry
|move|p1b: Archaludon|Snarl|p2b: Volcarona|[spread] p2a,p2b
|-damage|p2a: Electabuzz|15/100
|-damage|p2b: Volcarona|68/100
|-unboost|p2a: Electabuzz|spa|1
|-unboost|p2b: Volcarona|spa|1
|
|-heal|p2b: Volcarona|74/100|[from] item: Leftovers
|upkeep
|turn|11
|
|t:|1756390370
|switch|p1a: Pelipper|Pelipper, L50, M|19/100 brn
|-weather|RainDance|[from] ability: Drizzle|[of] p1a: Pelipper
|move|p2b: Volcarona|Heat Wave|p1a: Pelipper|[spread] p1a,p1b
|-resisted|p1a: Pelipper
|-damage|p1a: Pelipper|12/100 brn
|-damage|p1b: Archaludon|38/100
|move|p2a: Electabuzz|Taunt|p1a: Pelipper
|-start|p1a: Pelipper|move: Taunt
|move|p1b: Archaludon|Snarl|p2b: Volcarona|[spread] p2a,p2b
|-damage|p2a: Electabuzz|0 fnt
|-damage|p2b: Volcarona|66/100
|-unboost|p2b: Volcarona|spa|1
|faint|p2a: Electabuzz
|
|-weather|RainDance|[upkeep]
|-heal|p2b: Volcarona|72/100|[from] item: Leftovers
|-damage|p1a: Pelipper|6/100 brn|[from] brn
|upkeep
|turn|12
|
|t:|1756390381
|switch|p1a: Sinistcha|Sinistcha, L50|64/100
|-heal|p1b: Archaludon|62/100|[from] ability: Hospitality|[of] p1a: Sinistcha
|move|p2b: Volcarona|Heat Wave|p1a: Sinistcha|[spread] p1a
|-miss|p2b: Volcarona|p1b: Archaludon
|-supereffective|p1a: Sinistcha
|-damage|p1a: Sinistcha|53/100
|-status|p1a: Sinistcha|brn
|move|p1b: Archaludon|Snarl|p2b: Volcarona
|-damage|p2b: Volcarona|59/100
|-unboost|p2b: Volcarona|spa|1
|
|-weather|RainDance|[upkeep]
|-heal|p2b: Volcarona|66/100|[from] item: Leftovers
|-damage|p1a: Sinistcha|47/100 brn|[from] brn
|upkeep
|turn|13
|
|t:|1756390391
|switch|p1a: Grimmsnarl|Grimmsnarl, L50, M|81/100
|move|p2b: Volcarona|Protect|p2b: Volcarona
|-singleturn|p2b: Volcarona|Protect
|move|p1b: Archaludon|Snarl|p2b: Volcarona
|-activate|p2b: Volcarona|move: Protect
|
|-weather|RainDance|[upkeep]
|-heal|p2b: Volcarona|72/100|[from] item: Leftovers
|upkeep
|turn|14
|
|t:|1756390401
|move|p1a: Grimmsnarl|Light Screen|p1a: Grimmsnarl
|-sidestart|p1: upchicken|move: Light Screen
|move|p2b: Volcarona|Heat Wave|p1a: Grimmsnarl|[spread] p1a,p1b
|-damage|p1a: Grimmsnarl|78/100
|-damage|p1b: Archaludon|60/100
|move|p1b: Archaludon|Electro Shot||[still]
|-prepare|p1b: Archaludon|Electro Shot
|-boost|p1b: Archaludon|spa|1
|-anim|p1b: Archaludon|Electro Shot|p2b: Volcarona
|-damage|p2b: Volcarona|38/100
|
|-weather|RainDance|[upkeep]
|-heal|p2b: Volcarona|44/100|[from] item: Leftovers
|upkeep
|turn|15
|
|t:|1756390411
|move|p2b: Volcarona|Heat Wave|p1a: Grimmsnarl|[spread] p1a,p1b
|-damage|p1a: Grimmsnarl|74/100
|-damage|p1b: Archaludon|57/100
|move|p1b: Archaludon|Electro Shot||[still]
|-prepare|p1b: Archaludon|Electro Shot
|-boost|p1b: Archaludon|spa|1
|-anim|p1b: Archaludon|Electro Shot|p2b: Volcarona
|-damage|p2b: Volcarona|3/100
|move|p1a: Grimmsnarl|Spirit Break|p2b: Volcarona
|-resisted|p2b: Volcarona
|-damage|p2b: Volcarona|0 fnt
|faint|p2b: Volcarona
|
|win|upchicken
||AnotherDreamer is ready for game 2.
|l|☆AnotherDreamer
|player|p2|
|inactive|upchicken has 30 seconds to confirm battle start!
||upchicken is ready for game 2.
|uhtml|next|Next: Game 2 of 3
