|j|‽Ghejeue
|j|☆snailboss
|html|Ghejeuesnailboss    
|uhtml|bestof|Game 1 of a best-of-3
|t:|1756444497
|gametype|doubles
|player|p1|Ghejeue|265|1091
|player|p2|snailboss|hilda-wonderlauncher|1179
|gen|9
|tier|[Gen 9] VGC 2025 Reg H (Bo3)
|rated|
|rule|Species Clause: Limit one of each Pokémon
|rule|Item Clause: Limit 1 of each item
|clearpoke
|poke|p1|Dragapult, L50, M|
|poke|p1|Ursaluna, L50, F|
|poke|p1|Porygon2, L50|
|poke|p1|Gastrodon, L50, M|
|poke|p1|Incineroar, L50, F|
|poke|p1|Sinistcha-Masterpiece, L50|
|poke|p2|Tyranitar, L50, F|
|poke|p2|Excadrill, L50, F|
|poke|p2|Indeedee-F, L50, F|
|poke|p2|Zoroark-Hisui, L50, M|
|poke|p2|Corviknight, L50, M|
|poke|p2|Amoonguss, L50, F|
|teampreview|4
|showteam|p1|Dragapult||EjectPack|ClearBody|DracoMeteor,ShadowBall,Surf,Protect|||M|||50|,,,,,Fairy]Ursaluna||FlameOrb|Guts|HeadlongRush,Facade,Earthquake,Protect|||F|||50|,,,,,Ghost]Porygon2||Eviolite|Download|IceBeam,TeraBlast,TrickRoom,Recover||||||50|,,,,,Ghost]Gastrodon||LifeOrb|StormDrain|EarthPower,Recover,Protect,IceBeam|||M|||50|,,,,,Fairy]Incineroar||SafetyGoggles|Intimidate|FakeOut,PartingShot,FlareBlitz,KnockOff|||F|||50|,,,,,Ghost]Sinistcha-Masterpiece||FocusSash|Hospitality|RagePowder,StrengthSap,TrickRoom,MatchaGotcha||||||50|,,,,,Fire
|showteam|p2|Tyranitar||AssaultVest|SandStream|RockSlide,KnockOff,LowKick,TeraBlast|||F|||50|,,,,,Flying]Excadrill||FocusSash|SandRush|IronHead,Protect,SwordsDance,Earthquake|||F|||50|,,,,,Ground]Indeedee-F||SafetyGoggles|PsychicSurge|TrickRoom,FollowMe,Psychic,HelpingHand|||F|||50|,,,,,Fairy]Zoroark-Hisui||ChoiceSpecs|Illusion|HyperVoice,ShadowBall,HyperBeam,Flamethrower|||M|||50|,,,,,Normal]Corviknight||PsychicSeed|MirrorArmor|BraveBird,PowerTrip,BulkUp,Roost|||M|||50|,,,,,Rock]Amoonguss||SitrusBerry|Regenerator|Spore,RagePowder,Protect,ClearSmog|||F|||50|,,,,,Water
|inactive|Battle timer is ON: inactive players will automatically lose when time's up. (requested by Ghejeue)
|j| Auragap
|
|t:|1756444525
|teamsize|p1|4
|teamsize|p2|4
|start
|switch|p1a: Dragapult|Dragapult, L50, M|100/100
|switch|p1b: Gastrodon|Gastrodon, L50, M|100/100
|switch|p2a: Corviknight|Corviknight, L50, M|100/100
|switch|p2b: Excadrill|Excadrill, L50, F|100/100
|turn|1
|inactive|snailboss has 30 seconds left.
|
|t:|1756444551
|move|p1a: Dragapult|Surf|p2a: Corviknight|[spread] p2a,p2b
|-ability|p1b: Gastrodon|Storm Drain|boost
|-boost|p1b: Gastrodon|spa|1
|-damage|p2a: Corviknight|82/100
|-damage|p2b: Excadrill|62/100
|replace|p2b: Zoroark|Zoroark-Hisui, L50, M
|-end|p2b: Zoroark|Illusion
|move|p2b: Zoroark|Hyper Beam|p1b: Gastrodon|[miss]
|-miss|p2b: Zoroark|p1b: Gastrodon
|move|p2a: Corviknight|Bulk Up|p2a: Corviknight
|-boost|p2a: Corviknight|atk|1
|-boost|p2a: Corviknight|def|1
|move|p1b: Gastrodon|Ice Beam|p2a: Corviknight
|-damage|p2a: Corviknight|44/100
|-damage|p1b: Gastrodon|91/100|[from] item: Life Orb
|
|upkeep
|turn|2
|
|t:|1756444576
|move|p1a: Dragapult|Draco Meteor|p2b: Zoroark
|-damage|p2b: Zoroark|0 fnt
|-unboost|p1a: Dragapult|spa|2
|faint|p2b: Zoroark
|-enditem|p1a: Dragapult|Eject Pack
|
|t:|1756444583
|switch|p1a: Ursaluna|Ursaluna, L50, F|100/100
|move|p2a: Corviknight|Roost|p2a: Corviknight
|-heal|p2a: Corviknight|95/100
|-singleturn|p2a: Corviknight|move: Roost
|move|p1b: Gastrodon|Ice Beam|p2a: Corviknight
|-resisted|p2a: Corviknight
|-damage|p2a: Corviknight|73/100
|-damage|p1b: Gastrodon|81/100|[from] item: Life Orb
|
|-status|p1a: Ursaluna|brn|[from] item: Flame Orb
|upkeep
|
|t:|1756444600
|switch|p2b: Tyranitar|Tyranitar, L50, F|100/100
|-weather|Sandstorm|[from] ability: Sand Stream|[of] p2b: Tyranitar
|turn|3
|inactive|Ghejeue has 30 seconds left.
|
|t:|1756444630
|-terastallize|p2b: Tyranitar|Flying
|-terastallize|p1a: Ursaluna|Ghost
|move|p2b: Tyranitar|Low Kick|p1a: Ursaluna
|-immune|p1a: Ursaluna
|move|p1a: Ursaluna|Facade|p2b: Tyranitar
|-damage|p2b: Tyranitar|0 fnt
|faint|p2b: Tyranitar
|move|p2a: Corviknight|Brave Bird|p1a: Ursaluna
|-damage|p1a: Ursaluna|48/100 brn
|-damage|p2a: Corviknight|56/100|[from] Recoil
|move|p1b: Gastrodon|Ice Beam|p2a: Corviknight
|-damage|p2a: Corviknight|19/100
|-damage|p1b: Gastrodon|71/100|[from] item: Life Orb
|
|-weather|Sandstorm|[upkeep]
|-damage|p1a: Ursaluna|43/100 brn|[from] Sandstorm
|-damage|p1a: Ursaluna|37/100 brn|[from] brn
|upkeep
|
|t:|1756444644
|switch|p2b: Excadrill|Excadrill, L50, F|100/100
|turn|4
|inactive|Ghejeue has 30 seconds left.
|
|t:|1756444672
|move|p1b: Gastrodon|Protect|p1b: Gastrodon
|-singleturn|p1b: Gastrodon|Protect
|move|p2b: Excadrill|Swords Dance|p2b: Excadrill
|-boost|p2b: Excadrill|atk|2
|move|p1a: Ursaluna|Earthquake|p2a: Corviknight|[spread] p2b
|-activate|p1b: Gastrodon|move: Protect
|-immune|p2a: Corviknight
|-supereffective|p2b: Excadrill
|-enditem|p2b: Excadrill|Focus Sash
|-damage|p2b: Excadrill|1/100
|move|p2a: Corviknight|Power Trip|p1a: Ursaluna
|-supereffective|p1a: Ursaluna
|-damage|p1a: Ursaluna|2/100 brn
|
|-weather|Sandstorm|[upkeep]
|-damage|p1a: Ursaluna|0 fnt|[from] Sandstorm
|faint|p1a: Ursaluna
|upkeep
|c|☆snailboss|fast bear
|inactive|Ghejeue has 30 seconds left.
|
|t:|1756444698
|switch|p1a: Dragapult|Dragapult, L50, M|100/100
|turn|5
|
|t:|1756444711
|move|p2b: Excadrill|Earthquake|p1b: Gastrodon|[spread] p1a,p1b
|-immune|p2a: Corviknight
|-damage|p1a: Dragapult|0 fnt
|-damage|p1b: Gastrodon|0 fnt
|faint|p1a: Dragapult
|faint|p1b: Gastrodon
|move|p2a: Corviknight|Roost|p2a: Corviknight
|-heal|p2a: Corviknight|69/100
|-singleturn|p2a: Corviknight|move: Roost
|
|-weather|Sandstorm|[upkeep]
|upkeep
|-message|Ghejeue forfeited.
|
|win|snailboss
|l|‽Ghejeue
|player|p1|
