|j|☆EnzoPS
|j|☆Centiskorch18
|html|EnzoPSCentiskorch18    
|uhtml|bestof|Game 3 of a best-of-3
|t:|1757780888
|gametype|doubles
|player|p1|EnzoPS|cynthia-gen4|1135
|player|p2|Centiskorch18|caitlin|1169
|gen|9
|tier|[Gen 9] VGC 2025 Reg H (Bo3)
|rated|
|rule|Species Clause: Limit one of each Pokémon
|rule|Item Clause: Limit 1 of each item
|clearpoke
|poke|p1|Pelipper, L50, M|
|poke|p1|Amoonguss, L50, M|
|poke|p1|Archaludon, L50, M|
|poke|p1|Basculegion, L50, M|
|poke|p1|Gholdengo, L50|
|poke|p1|Incineroar, L50, F|
|poke|p2|Dragapult, L50, F|
|poke|p2|Sneasler, L50, F|
|poke|p2|Magmar, L50, F|
|poke|p2|Azumarill, L50, M|
|poke|p2|Rillaboom, L50, M|
|poke|p2|Ninetales-Alola, L50, M|
|teampreview|4
|showteam|p1|Pelipper||FocusSash|Drizzle|Protect,WeatherBall,Hurricane,Tailwind|||M|||50|,,,,,Ground]Amoonguss||SitrusBerry|Regenerator|Protect,Spore,RagePowder,PollenPuff|||M|||50|,,,,,Water]Archaludon||AssaultVest|Stamina|DragonPulse,ElectroShot,FlashCannon,BodyPress|||M|||50|,,,,,Grass]Basculegion||ChoiceBand|SwiftSwim|FlipTurn,WaveCrash,AquaJet,LastRespects|||M|||50|,,,,,Grass]Gholdengo||LifeOrb|GoodasGold|Protect,MakeItRain,ShadowBall,NastyPlot||||||50|,,,,,Water]Incineroar||SafetyGoggles|Intimidate|FlareBlitz,KnockOff,PartingShot,FakeOut|||F|||50|,,,,,Ghost
|showteam|p2|Dragapult||LifeOrb|ClearBody|TeraBlast,DragonDarts,SuckerPunch,Protect|||F|||50|,,,,,Ghost]Sneasler||FocusSash|PoisonTouch|CloseCombat,DireClaw,FakeOut,Protect|||F|||50|,,,,,Stellar]Magmar||Eviolite|VitalSpirit|Overheat,FollowMe,ClearSmog,Protect|||F|||50|,,,,,Ghost]Azumarill||SitrusBerry|HugePower|AquaJet,PlayRough,BellyDrum,Protect|||M|||50|,,,,,Poison]Rillaboom||AssaultVest|GrassySurge|WoodHammer,GrassyGlide,FakeOut,HighHorsepower|||M|||50|,,,,,Fire]Ninetales-Alola||ChoiceSpecs|SnowWarning|Blizzard,Moonblast,IcyWind,FreezeDry|||M|||50|,,,,,Ghost
|inactive|Battle timer is ON: inactive players will automatically lose when time's up. (requested by Centiskorch18)
|c|☆Centiskorch18|glhf
|c|☆EnzoPS|gl hf
|inactive|EnzoPS has 60 seconds left.
|inactive|Centiskorch18 has 60 seconds left.
|
|t:|1757780940
|teamsize|p1|4
|teamsize|p2|4
|start
|switch|p1a: Gholdengo|Gholdengo, L50|100/100
|switch|p1b: Incineroar|Incineroar, L50, F|100/100
|switch|p2a: Dragapult|Dragapult, L50, F|100/100
|switch|p2b: Sneasler|Sneasler, L50, F|100/100
|-ability|p1b: Incineroar|Intimidate|boost
|-fail|p2a: Dragapult|unboost|[from] ability: Clear Body|[of] p2a: Dragapult
|-unboost|p2b: Sneasler|atk|1
|turn|1
|inactive|EnzoPS has 30 seconds left.
|inactive|Centiskorch18 has 30 seconds left.
|
|t:|1757780972
|switch|p1a: Archaludon|Archaludon, L50, M|100/100
|-terastallize|p2a: Dragapult|Ghost
|move|p2b: Sneasler|Fake Out|p1b: Incineroar
|-crit|p1b: Incineroar
|-damage|p1b: Incineroar|81/100
|-status|p1b: Incineroar|psn|[from] ability: Poison Touch|[of] p2b: Sneasler
|cant|p1b: Incineroar|flinch
|move|p2a: Dragapult|Tera Blast|p1a: Archaludon|[anim] Tera Blast Ghost
|-damage|p1a: Archaludon|45/100
|-ability|p1a: Archaludon|Stamina|boost
|-boost|p1a: Archaludon|def|1
|-damage|p2a: Dragapult|91/100|[from] item: Life Orb
|
|-damage|p1b: Incineroar|69/100 psn|[from] psn
|upkeep
|turn|2
|inactive|EnzoPS has 30 seconds left.
|inactive|EnzoPS has 20 seconds left.
|inactive|EnzoPS has 15 seconds left.
|inactive|EnzoPS has 10 seconds left.
|
|t:|1757781021
|-terastallize|p1b: Incineroar|Ghost
|move|p2a: Dragapult|Protect|p2a: Dragapult
|-singleturn|p2a: Dragapult|Protect
|move|p2b: Sneasler|Close Combat|p1b: Incineroar
|-immune|p1b: Incineroar
|move|p1a: Archaludon|Body Press|p2b: Sneasler
|-resisted|p2b: Sneasler
|-damage|p2b: Sneasler|69/100
|move|p1b: Incineroar|Knock Off|p2a: Dragapult
|-activate|p2a: Dragapult|move: Protect
|
|-damage|p1b: Incineroar|56/100 psn|[from] psn
|upkeep
|turn|3
|inactive|EnzoPS has 30 seconds left.
|
|t:|1757781052
|move|p2a: Dragapult|Tera Blast|p1b: Incineroar|[anim] Tera Blast Ghost
|-supereffective|p1b: Incineroar
|-damage|p1b: Incineroar|0 fnt
|faint|p1b: Incineroar
|-damage|p2a: Dragapult|81/100|[from] item: Life Orb
|move|p2b: Sneasler|Close Combat|p1a: Archaludon
|-supereffective|p1a: Archaludon
|-damage|p1a: Archaludon|3/100
|-unboost|p2b: Sneasler|def|1
|-unboost|p2b: Sneasler|spd|1
|-ability|p1a: Archaludon|Stamina|boost
|-boost|p1a: Archaludon|def|1
|move|p1a: Archaludon|Dragon Pulse|p2b: Sneasler
|-damage|p2b: Sneasler|0 fnt
|faint|p2b: Sneasler
|
|upkeep
|
|t:|1757781066
|switch|p2b: Magmar|Magmar, L50, F|100/100
|switch|p1b: Pelipper|Pelipper, L50, M, shiny|100/100
|-weather|RainDance|[from] ability: Drizzle|[of] p1b: Pelipper
|turn|4
|inactive|EnzoPS has 30 seconds left.
|
|t:|1757781091
|move|p2b: Magmar|Follow Me|p2b: Magmar
|-singleturn|p2b: Magmar|move: Follow Me
|move|p2a: Dragapult|Dragon Darts|p1a: Archaludon
|-damage|p1a: Archaludon|0 fnt
|-anim|p2a: Dragapult|Dragon Darts|p1b: Pelipper
|-damage|p1b: Pelipper|54/100
|faint|p1a: Archaludon
|-damage|p2a: Dragapult|72/100|[from] item: Life Orb
|move|p1b: Pelipper|Tailwind|p1b: Pelipper
|-sidestart|p1: EnzoPS|move: Tailwind
|
|-weather|RainDance|[upkeep]
|upkeep
|
|t:|1757781097
|switch|p1a: Gholdengo|Gholdengo, L50|100/100
|turn|5
|
|t:|1757781118
|switch|p2b: Ninetales|Ninetales-Alola, L50, M|100/100
|-weather|Snowscape|[from] ability: Snow Warning|[of] p2b: Ninetales
|move|p1a: Gholdengo|Protect|p1a: Gholdengo
|-singleturn|p1a: Gholdengo|Protect
|move|p2a: Dragapult|Protect|p2a: Dragapult
|-singleturn|p2a: Dragapult|Protect
|move|p1b: Pelipper|Weather Ball|p2b: Ninetales
|-resisted|p2b: Ninetales
|-damage|p2b: Ninetales|82/100
|
|-weather|Snowscape|[upkeep]
|upkeep
|turn|6
|
|t:|1757781141
|switch|p2a: Magmar|Magmar, L50, F|100/100
|move|p1a: Gholdengo|Make It Rain|p2a: Magmar|[spread] p2a,p2b
|-resisted|p2a: Magmar
|-supereffective|p2b: Ninetales
|-damage|p2a: Magmar|81/100
|-damage|p2b: Ninetales|0 fnt
|-unboost|p1a: Gholdengo|spa|1
|faint|p2b: Ninetales
|-damage|p1a: Gholdengo|91/100|[from] item: Life Orb
|move|p1b: Pelipper|Hurricane|p2a: Magmar|[miss]
|-miss|p1b: Pelipper|p2a: Magmar
|
|-weather|Snowscape|[upkeep]
|upkeep
|
|t:|1757781143
|switch|p2b: Dragapult|Dragapult, L50, F, tera:Ghost|72/100
|turn|7
|inactive|EnzoPS has 30 seconds left.
|
|t:|1757781176
|move|p2a: Magmar|Follow Me|p2a: Magmar
|-singleturn|p2a: Magmar|move: Follow Me
|move|p1a: Gholdengo|Make It Rain|p2b: Dragapult|[spread] p2a,p2b
|-resisted|p2a: Magmar
|-damage|p2a: Magmar|69/100
|-damage|p2b: Dragapult|18/100
|-unboost|p1a: Gholdengo|spa|1
|-damage|p1a: Gholdengo|82/100|[from] item: Life Orb
|move|p1b: Pelipper|Hurricane|p2a: Magmar
|-damage|p2a: Magmar|39/100
|move|p2b: Dragapult|Tera Blast|p1b: Pelipper|[anim] Tera Blast Ghost
|-damage|p1b: Pelipper|0 fnt
|faint|p1b: Pelipper
|-damage|p2b: Dragapult|8/100|[from] item: Life Orb
|
|-weather|Snowscape|[upkeep]
|-sideend|p1: EnzoPS|move: Tailwind
|upkeep
|turn|8
|
|t:|1757781194
|move|p2b: Dragapult|Tera Blast|p1a: Gholdengo|[anim] Tera Blast Ghost
|-supereffective|p1a: Gholdengo
|-damage|p1a: Gholdengo|0 fnt
|faint|p1a: Gholdengo
|-damage|p2b: Dragapult|0 fnt|[from] item: Life Orb
|faint|p2b: Dragapult
|
|win|Centiskorch18
|raw|EnzoPS's rating: 1135 → 1112(-23 for losing)
|raw|Centiskorch18's rating: 1169 → 1192(+23 for winning)
|c|☆Centiskorch18|gg wp
|c|☆EnzoPS|gg
