|j|☆stanhoff
|j|☆Latios66
|html|stanhoffLatios66    
|uhtml|bestof|Game 3 of a best-of-3
|t:|1757790843
|gametype|doubles
|player|p1|stanhoff|falkner|1122
|player|p2|Latios66|2|1084
|gen|9
|tier|[Gen 9] VGC 2025 Reg H (Bo3)
|rated|
|rule|Species Clause: Limit one of each Pokémon
|rule|Item Clause: Limit 1 of each item
|clearpoke
|poke|p1|Hatterene, L50, F|
|poke|p1|Indeedee-F, L50, F|
|poke|p1|Sneasler, L50, F|
|poke|p1|Excadrill, L50, M|
|poke|p1|Tyranitar, L50, M|
|poke|p1|Amoonguss, L50, F|
|poke|p2|Tyranitar, L50, M|
|poke|p2|Blaziken, L50, F|
|poke|p2|Excadrill, L50, M|
|poke|p2|Salamence, L50, M|
|poke|p2|Sinistcha-Masterpiece, L50|
|poke|p2|Annihilape, L50, M|
|teampreview|4
|showteam|p1|Hatterene||LifeOrb|MagicBounce|Protect,TrickRoom,ExpandingForce,DazzlingGleam|||F|||50|,,,,,Psychic]Indeedee-F||SafetyGoggles|PsychicSurge|FollowMe,HelpingHand,Psychic,TrickRoom|||F|||50|,,,,,Fairy]Sneasler||PsychicSeed|Unburden|DireClaw,CloseCombat,ThroatChop,Protect|||F|||50|,,,,,Dark]Excadrill||FocusSash|SandRush|Earthquake,IronHead,HighHorsepower,Protect|||M|||50|,,,,,Ground]Tyranitar||AirBalloon|SandStream|RockSlide,LowKick,KnockOff,Protect|||M|||50|,,,,,Flying]Amoonguss||RockyHelmet|Regenerator|Spore,RagePowder,SludgeBomb,ClearSmog|||F|||50|,,,,,Water
|showteam|p2|Tyranitar||ClearAmulet|SandStream|RockSlide,KnockOff,Protect,DragonDance|||M|||50|,,,,,Grass]Blaziken||CovertCloak|SpeedBoost|AuraSphere,HeatWave,Coaching,WillOWisp|||F|||50|,,,,,Dragon]Excadrill||AssaultVest|SandRush|RockSlide,HighHorsepower,IronHead,Earthquake|||M|||50|,,,,,Ghost]Salamence||LifeOrb|Intimidate|AirSlash,Tailwind,DracoMeteor,Protect|||M|||50|,,,,,Ghost]Sinistcha-Masterpiece||SitrusBerry|Hospitality|ShadowBall,MatchaGotcha,RagePowder,Protect||||||50|,,,,,Dark]Annihilape||ChoiceScarf|Defiant|FinalGambit,Uturn,CloseCombat,ShadowClaw|||M|||50|,,,,,Grass
|inactive|Battle timer is ON: inactive players will automatically lose when time's up. (requested by stanhoff)
|
|t:|1757790860
|teamsize|p1|4
|teamsize|p2|4
|start
|switch|p1a: Hatterene|Hatterene, L50, F|100/100
|switch|p1b: Indeedee|Indeedee-F, L50, F|100/100
|switch|p2a: Annihilape|Annihilape, L50, M|100/100
|switch|p2b: Tyranitar|Tyranitar, L50, M|100/100
|-weather|Sandstorm|[from] ability: Sand Stream|[of] p2b: Tyranitar
|-fieldstart|move: Psychic Terrain|[from] ability: Psychic Surge|[of] p1b: Indeedee
|turn|1
|
|t:|1757790872
|move|p1b: Indeedee|Follow Me|p1b: Indeedee
|-singleturn|p1b: Indeedee|move: Follow Me
|move|p2a: Annihilape|Final Gambit|p1b: Indeedee
|-damage|p1b: Indeedee|0 fnt
|faint|p2a: Annihilape
|faint|p1b: Indeedee
|move|p2b: Tyranitar|Knock Off|p1a: Hatterene
|-damage|p1a: Hatterene|38/100
|-enditem|p1a: Hatterene|Life Orb|[from] move: Knock Off|[of] p2b: Tyranitar
|move|p1a: Hatterene|Trick Room|p1a: Hatterene
|-fieldstart|move: Trick Room|[of] p1a: Hatterene
|
|-weather|Sandstorm|[upkeep]
|-damage|p1a: Hatterene|32/100|[from] Sandstorm
|upkeep
|
|t:|1757790882
|switch|p1b: Amoonguss|Amoonguss, L50, F|100/100
|switch|p2a: Salamence|Salamence, L50, M|100/100
|-ability|p2a: Salamence|Intimidate|boost
|-unboost|p1a: Hatterene|atk|1
|-unboost|p1b: Amoonguss|atk|1
|turn|2
|
|t:|1757790900
|-terastallize|p1a: Hatterene|Psychic
|-terastallize|p2b: Tyranitar|Grass
|move|p2a: Salamence|Protect|p2a: Salamence
|-singleturn|p2a: Salamence|Protect
|move|p1a: Hatterene|Expanding Force|p2a: Salamence|[spread] p2b
|-activate|p2a: Salamence|move: Protect
|-damage|p2b: Tyranitar|6/100
|move|p1b: Amoonguss|Sludge Bomb|p2b: Tyranitar
|-supereffective|p2b: Tyranitar
|-damage|p2b: Tyranitar|0 fnt
|faint|p2b: Tyranitar
|
|-weather|Sandstorm|[upkeep]
|-damage|p1a: Hatterene|25/100|[from] Sandstorm
|-damage|p1b: Amoonguss|95/100|[from] Sandstorm
|-damage|p2a: Salamence|95/100|[from] Sandstorm
|upkeep
|
|t:|1757790913
|switch|p2b: Excadrill|Excadrill, L50, M|100/100
|turn|3
|
|t:|1757790922
|move|p1a: Hatterene|Dazzling Gleam|p2a: Salamence|[spread] p2a,p2b
|-supereffective|p2a: Salamence
|-resisted|p2b: Excadrill
|-damage|p2a: Salamence|6/100
|-damage|p2b: Excadrill|85/100
|move|p1b: Amoonguss|Spore|p2b: Excadrill
|-status|p2b: Excadrill|slp|[from] move: Spore
|move|p2a: Salamence|Air Slash|p1b: Amoonguss
|-supereffective|p1b: Amoonguss
|-damage|p1b: Amoonguss|20/100
|-damage|p2a: Salamence|0 fnt|[from] item: Life Orb
|faint|p2a: Salamence
|cant|p2b: Excadrill|slp
|
|-weather|Sandstorm|[upkeep]
|-damage|p1a: Hatterene|19/100|[from] Sandstorm
|-damage|p1b: Amoonguss|14/100|[from] Sandstorm
|upkeep
|turn|4
|
|t:|1757790946
|move|p1a: Hatterene|Expanding Force|p2b: Excadrill
|-resisted|p2b: Excadrill
|-damage|p2b: Excadrill|39/100 slp
|move|p1b: Amoonguss|Sludge Bomb|p2b: Excadrill
|-immune|p2b: Excadrill
|-curestatus|p2b: Excadrill|slp|[msg]
|move|p2b: Excadrill|Rock Slide|p1a: Hatterene|[spread] p1a,p1b
|-damage|p1a: Hatterene|0 fnt
|-damage|p1b: Amoonguss|0 fnt
|faint|p1a: Hatterene
|faint|p1b: Amoonguss
|
|-weather|Sandstorm|[upkeep]
|upkeep
|
|t:|1757790951
|switch|p1b: Sneasler|Sneasler, L50, F|100/100
|-enditem|p1b: Sneasler|Psychic Seed
|-boost|p1b: Sneasler|spd|1|[from] item: Psychic Seed
|turn|5
|
|t:|1757790967
|move|p1b: Sneasler|Protect|p1b: Sneasler
|-singleturn|p1b: Sneasler|Protect
|move|p2b: Excadrill|Earthquake|p1b: Sneasler
|-activate|p1b: Sneasler|move: Protect
|
|-weather|none
|-fieldend|move: Trick Room
|-fieldend|move: Psychic Terrain
|upkeep
|turn|6
|
|t:|1757790973
|move|p1b: Sneasler|Close Combat|p2b: Excadrill
|-supereffective|p2b: Excadrill
|-damage|p2b: Excadrill|0 fnt
|-unboost|p1b: Sneasler|def|1
|-unboost|p1b: Sneasler|spd|1
|faint|p2b: Excadrill
|
|win|stanhoff
|raw|stanhoff's rating: 1122 → 1144(+22 for winning)
|raw|Latios66's rating: 1084 → 1064(-20 for losing)
