|j|☆mausoldmybeer
|j|☆FakeOutPlot
|html|mausoldmybeerFakeOutPlot    
|uhtml|bestof|Game 3 of a best-of-3
|t:|1756861292
|gametype|doubles
|player|p1|mausoldmybeer|266|1286
|player|p2|FakeOutPlot|iris|1286
|gen|9
|tier|[Gen 9] VGC 2025 Reg H (Bo3)
|rated|
|rule|Species Clause: Limit one of each Pokémon
|rule|Item Clause: Limit 1 of each item
|clearpoke
|poke|p1|Sneasler, L50, M|
|poke|p1|Indeedee, L50, M|
|poke|p1|Ursaluna-Bloodmoon, L50, M|
|poke|p1|Volcarona, L50, M|
|poke|p1|Annihilape, L50, M|
|poke|p1|Tyranitar, L50, M|
|poke|p2|Gholdengo, L50|
|poke|p2|Incineroar, L50, F|
|poke|p2|Sneasler, L50, M|
|poke|p2|Dragonite, L50, M|
|poke|p2|Ursaluna-Bloodmoon, L50, M|
|poke|p2|Clefable, L50, M|
|teampreview|4
|showteam|p1|Sneasler||PsychicSeed|Unburden|CloseCombat,DireClaw,ThroatChop,Protect|||M|||50|,,,,,Dark]Indeedee||ChoiceScarf|PsychicSurge|ExpandingForce,TeraBlast,Trick,HyperVoice|||M|||50|,,,,,Psychic]Ursaluna-Bloodmoon||LifeOrb|MindsEye|BloodMoon,HyperVoice,EarthPower,Protect|||M|||50|,,,,,Normal]Volcarona||SitrusBerry|FlameBody|Overheat,StruggleBug,RagePowder,Tailwind|||M|||50|,,,,,Grass]Annihilape||SafetyGoggles|Defiant|CloseCombat,RageFist,Taunt,FinalGambit|||M|||50|,,,,,Fairy]Tyranitar||AssaultVest|SandStream|RockSlide,KnockOff,TeraBlast,LowKick|||M|||50|,,,,,Flying
|showteam|p2|Gholdengo||LifeOrb|GoodasGold|MakeItRain,ShadowBall,NastyPlot,Protect||||||50|,,,,,Water]Incineroar||SafetyGoggles|Intimidate|PartingShot,FlareBlitz,KnockOff,FakeOut|||F|||50|,,,,,Ghost]Sneasler||FocusSash|PoisonTouch|DireClaw,CloseCombat,ThroatChop,Protect|||M|||50|,,,,,Stellar]Dragonite||LoadedDice|Multiscale|ScaleShot,Tailwind,Haze,Protect|||M|||50|,,,,,Fairy]Ursaluna-Bloodmoon||AssaultVest|MindsEye|HyperVoice,EarthPower,BloodMoon,VacuumWave|||M|||50|,,,,,Water]Clefable||SitrusBerry|Unaware|FollowMe,Moonblast,ThunderWave,Protect|||M|||50|,,,,,Water
|
|t:|1756861322
|teamsize|p1|4
|teamsize|p2|4
|start
|switch|p1a: Volcarona|Volcarona, L50, M, shiny|100/100
|switch|p1b: Tyranitar|Tyranitar, L50, M|100/100
|switch|p2a: Dragonite|Dragonite, L50, M|100/100
|switch|p2b: Ursaluna|Ursaluna-Bloodmoon, L50, M|100/100
|-weather|Sandstorm|[from] ability: Sand Stream|[of] p1b: Tyranitar
|turn|1
|
|t:|1756861363
|move|p1a: Volcarona|Tailwind|p1a: Volcarona
|-sidestart|p1: mausoldmybeer|move: Tailwind
|move|p1b: Tyranitar|Rock Slide|p2a: Dragonite|[spread] p2b
|-miss|p1b: Tyranitar|p2a: Dragonite
|-resisted|p2b: Ursaluna
|-damage|p2b: Ursaluna|88/100
|move|p2a: Dragonite|Tailwind|p2a: Dragonite
|-sidestart|p2: FakeOutPlot|move: Tailwind
|cant|p2b: Ursaluna|flinch
|
|-weather|Sandstorm|[upkeep]
|-damage|p1a: Volcarona|94/100|[from] Sandstorm
|-damage|p2a: Dragonite|95/100|[from] Sandstorm
|upkeep
|turn|2
|c|☆mausoldmybeer|good format good
|c|☆FakeOutPlot|Of course!
|
|t:|1756861405
|-terastallize|p2a: Dragonite|Fairy
|-terastallize|p1b: Tyranitar|Flying
|move|p1a: Volcarona|Struggle Bug|p2a: Dragonite|[spread] p2a,p2b
|-resisted|p2a: Dragonite
|-crit|p2b: Ursaluna
|-damage|p2a: Dragonite|86/100
|-damage|p2b: Ursaluna|69/100
|-unboost|p2a: Dragonite|spa|1
|-unboost|p2b: Ursaluna|spa|1
|move|p2a: Dragonite|Scale Shot|p1b: Tyranitar
|-damage|p1b: Tyranitar|86/100
|-damage|p1b: Tyranitar|74/100
|-damage|p1b: Tyranitar|61/100
|-damage|p1b: Tyranitar|46/100
|-hitcount|p1b: Tyranitar|4
|-unboost|p2a: Dragonite|def|1
|-boost|p2a: Dragonite|spe|1
|move|p1b: Tyranitar|Knock Off|p2a: Dragonite
|-resisted|p2a: Dragonite
|-damage|p2a: Dragonite|40/100
|-enditem|p2a: Dragonite|Loaded Dice|[from] move: Knock Off|[of] p1b: Tyranitar
|move|p2b: Ursaluna|Hyper Voice|p1a: Volcarona|[spread] p1a,p1b
|-damage|p1a: Volcarona|72/100
|-damage|p1b: Tyranitar|32/100
|
|-weather|Sandstorm|[upkeep]
|-damage|p2a: Dragonite|34/100|[from] Sandstorm
|-damage|p1a: Volcarona|66/100|[from] Sandstorm
|-damage|p1b: Tyranitar|26/100|[from] Sandstorm
|upkeep
|turn|3
|
|t:|1756861445
|move|p2a: Dragonite|Scale Shot|p1b: Tyranitar
|-damage|p1b: Tyranitar|13/100
|-damage|p1b: Tyranitar|0 fnt
|faint|p1b: Tyranitar
|-hitcount|p1: Tyranitar|2
|-unboost|p2a: Dragonite|def|1
|-boost|p2a: Dragonite|spe|1
|move|p1a: Volcarona|Overheat|p2a: Dragonite
|-damage|p2a: Dragonite|0 fnt
|-unboost|p1a: Volcarona|spa|2
|faint|p2a: Dragonite
|move|p2b: Ursaluna|Blood Moon|p1a: Volcarona
|-damage|p1a: Volcarona|18/100
|-enditem|p1a: Volcarona|Sitrus Berry|[eat]
|-heal|p1a: Volcarona|43/100|[from] item: Sitrus Berry
|
|-weather|Sandstorm|[upkeep]
|-damage|p1a: Volcarona|37/100|[from] Sandstorm
|upkeep
|
|t:|1756861479
|switch|p2a: Incineroar|Incineroar, L50, F|100/100
|switch|p1b: Ursaluna|Ursaluna-Bloodmoon, L50, M|100/100
|-ability|p2a: Incineroar|Intimidate|boost
|-unboost|p1a: Volcarona|atk|1
|-unboost|p1b: Ursaluna|atk|1
|turn|4
|
|t:|1756861506
|switch|p1a: Sneasler|Sneasler, L50, M, shiny|100/100
|move|p1b: Ursaluna|Protect|p1b: Ursaluna
|-singleturn|p1b: Ursaluna|Protect
|move|p2a: Incineroar|Fake Out|p1a: Sneasler
|-damage|p1a: Sneasler|79/100
|move|p2b: Ursaluna|Hyper Voice|p1b: Ursaluna|[spread] p1a
|-activate|p1b: Ursaluna|move: Protect
|-damage|p1a: Sneasler|44/100
|
|-weather|Sandstorm|[upkeep]
|-damage|p1a: Sneasler|39/100|[from] Sandstorm
|-sideend|p2: FakeOutPlot|move: Tailwind
|-sideend|p1: mausoldmybeer|move: Tailwind
|upkeep
|turn|5
|
|t:|1756861551
|switch|p2b: Gholdengo|Gholdengo, L50|100/100
|move|p1a: Sneasler|Close Combat|p2b: Gholdengo
|-immune|p2b: Gholdengo
|move|p1b: Ursaluna|Earth Power|p2a: Incineroar
|-supereffective|p2a: Incineroar
|-damage|p2a: Incineroar|0 fnt
|faint|p2a: Incineroar
|-damage|p1b: Ursaluna|91/100|[from] item: Life Orb
|
|-weather|none
|upkeep
|
|t:|1756861552
|switch|p2a: Ursaluna|Ursaluna-Bloodmoon, L50, M|69/100
|turn|6
|
|t:|1756861580
|move|p1b: Ursaluna|Protect|p1b: Ursaluna
|-singleturn|p1b: Ursaluna|Protect
|move|p2a: Ursaluna|Vacuum Wave|p1b: Ursaluna
|-activate|p1b: Ursaluna|move: Protect
|move|p1a: Sneasler|Close Combat|p2a: Ursaluna
|-supereffective|p2a: Ursaluna
|-damage|p2a: Ursaluna|0 fnt
|-unboost|p1a: Sneasler|def|1
|-unboost|p1a: Sneasler|spd|1
|faint|p2a: Ursaluna
|move|p2b: Gholdengo|Make It Rain|p1a: Sneasler|[spread] p1a
|-activate|p1b: Ursaluna|move: Protect
|-damage|p1a: Sneasler|0 fnt
|-unboost|p2b: Gholdengo|spa|1
|faint|p1a: Sneasler
|-damage|p2b: Gholdengo|91/100|[from] item: Life Orb
|
|upkeep
|-message|FakeOutPlot forfeited.
|
|win|mausoldmybeer
|raw|mausoldmybeer's rating: 1286 → 1311(+25 for winning)
|raw|FakeOutPlot's rating: 1286 → 1261(-25 for losing)
|c|☆FakeOutPlot|Bgs
|c|☆mausoldmybeer|ggs
|c|☆mausoldmybeer|c:
|c|☆mausoldmybeer|<3
|l|☆FakeOutPlot
|player|p2|
