|j|☆AnriVGC
|j|☆Dkswagggy
|html|AnriVGCDkswagggy    
|uhtml|bestof|Game 1 of a best-of-3
|t:|1756234800
|gametype|doubles
|player|p1|AnriVGC|hilda-masters3|1163
|player|p2|Dkswagggy|steven|1197
|gen|9
|tier|[Gen 9] VGC 2025 Reg H (Bo3)
|rated|
|rule|Species Clause: Limit one of each Pokémon
|rule|Item Clause: Limit 1 of each item
|clearpoke
|poke|p1|Gholdengo, L50|
|poke|p1|Sneasler, L50, F|
|poke|p1|Rillaboom, L50, M|
|poke|p1|Dragonite, L50, F|
|poke|p1|Ninetales-Alola, L50, M|
|poke|p1|Arcanine-Hisui, L50, F|
|poke|p2|Volcarona, L50, M|
|poke|p2|Ursaluna-Bloodmoon, L50, M|
|poke|p2|Dragonite, L50, F|
|poke|p2|Gholdengo, L50|
|poke|p2|Gallade, L50, M|
|poke|p2|Amoonguss, L50, F|
|teampreview|4
|showteam|p1|Gholdengo||GrassySeed|GoodasGold|NastyPlot,MakeItRain,ShadowBall,Protect||||||50|,,,,,Water]Sneasler||FocusSash|Unburden|CloseCombat,DireClaw,Coaching,FakeOut|||F|||50|,,,,,Ghost]Rillaboom||AssaultVest|GrassySurge|FakeOut,GrassyGlide,DrumBeating,HighHorsepower|||M|||50|,,,,,Fire]Dragonite||LoadedDice|Multiscale|ScaleShot,StompingTantrum,Haze,Protect|||F|||50|,,,,,Steel]Ninetales-Alola||CovertCloak|SnowWarning|IcyWind,Blizzard,Encore,AuroraVeil|||M|||50|,,,,,Water]Arcanine-Hisui||ClearAmulet|Intimidate|RockSlide,FlareBlitz,ExtremeSpeed,Protect|||F|||50|,,,,,Grass
|showteam|p2|Volcarona||Leftovers|FlameBody|Protect,QuiverDance,HeatWave,GigaDrain|||M|||50|,,,,,Grass]Ursaluna-Bloodmoon||AssaultVest|MindsEye|BloodMoon,HyperVoice,EarthPower,VacuumWave|||M|||50|,,,,,Normal]Dragonite||LoadedDice|InnerFocus|Protect,Haze,ScaleShot,ExtremeSpeed|||F|||50|,,,,,Fairy]Gholdengo||LifeOrb|GoodasGold|Protect,NastyPlot,ShadowBall,MakeItRain||||||50|,,,,,Water]Gallade||CovertCloak|Sharpness|Protect,TrickRoom,PsychoCut,SacredSword|||M|||50|,,,,,Steel]Amoonguss||SitrusBerry|Regenerator|Spore,RagePowder,PollenPuff,SludgeBomb|||F|||50|,,,,,Water
|
|t:|1756234845
|teamsize|p1|4
|teamsize|p2|4
|start
|switch|p1a: Gholdengo|Gholdengo, L50|100/100
|switch|p1b: Rillaboom|Rillaboom, L50, M|100/100
|switch|p2a: Gholdengo|Gholdengo, L50|100/100
|switch|p2b: Ursaluna|Ursaluna-Bloodmoon, L50, M|100/100
|-fieldstart|move: Grassy Terrain|[from] ability: Grassy Surge|[of] p1b: Rillaboom
|-enditem|p1a: Gholdengo|Grassy Seed
|-boost|p1a: Gholdengo|def|1|[from] item: Grassy Seed
|turn|1
|
|t:|1756234880
|-terastallize|p2a: Gholdengo|Water
|-terastallize|p1a: Gholdengo|Water
|move|p1b: Rillaboom|Drum Beating|p2a: Gholdengo
|-supereffective|p2a: Gholdengo
|-damage|p2a: Gholdengo|0 fnt
|faint|p2a: Gholdengo
|move|p1a: Gholdengo|Shadow Ball|p2b: Ursaluna
|-immune|p2b: Ursaluna
|move|p2b: Ursaluna|Earth Power|p1a: Gholdengo
|-damage|p1a: Gholdengo|44/100
|
|-heal|p1a: Gholdengo|50/100|[from] Grassy Terrain
|upkeep
|
|t:|1756234895
|switch|p2a: Volcarona|Volcarona, L50, M, shiny|100/100
|turn|2
|inactive|Battle timer is ON: inactive players will automatically lose when time's up. (requested by Dkswagggy)
|
|t:|1756234930
|switch|p1a: Ninetales|Ninetales-Alola, L50, M|100/100
|-weather|Snowscape|[from] ability: Snow Warning|[of] p1a: Ninetales
|move|p1b: Rillaboom|Drum Beating|p2b: Ursaluna
|-supereffective|p2b: Ursaluna
|-damage|p2b: Ursaluna|33/100
|-unboost|p2b: Ursaluna|spe|1
|move|p2a: Volcarona|Quiver Dance|p2a: Volcarona
|-boost|p2a: Volcarona|spa|1
|-boost|p2a: Volcarona|spd|1
|-boost|p2a: Volcarona|spe|1
|move|p2b: Ursaluna|Hyper Voice|p1b: Rillaboom|[spread] p1a,p1b
|-damage|p1a: Ninetales|65/100
|-damage|p1b: Rillaboom|72/100
|
|-weather|Snowscape|[upkeep]
|-heal|p1a: Ninetales|71/100|[from] Grassy Terrain
|-heal|p1b: Rillaboom|78/100|[from] Grassy Terrain
|-heal|p2b: Ursaluna|39/100|[from] Grassy Terrain
|upkeep
|turn|3
|inactive|AnriVGC has 30 seconds left.
|
|t:|1756234955
|move|p2a: Volcarona|Heat Wave|p1b: Rillaboom|[spread] p1a,p1b
|-supereffective|p1a: Ninetales
|-supereffective|p1b: Rillaboom
|-damage|p1a: Ninetales|0 fnt
|-damage|p1b: Rillaboom|0 fnt
|faint|p1a: Ninetales
|faint|p1b: Rillaboom
|move|p2b: Ursaluna|Hyper Voice|p1: Ninetales|[notarget]
|-fail|p2b: Ursaluna
|
|-weather|Snowscape|[upkeep]
|-heal|p2b: Ursaluna|44/100|[from] Grassy Terrain
|upkeep
|
|t:|1756234960
|switch|p1a: Sneasler|Sneasler, L50, F|100/100
|switch|p1b: Gholdengo|Gholdengo, L50, tera:Water|50/100
|turn|4
|
|t:|1756234976
|move|p2a: Volcarona|Protect|p2a: Volcarona
|-singleturn|p2a: Volcarona|Protect
|move|p1a: Sneasler|Fake Out|p2a: Volcarona
|-activate|p2a: Volcarona|move: Protect
|move|p2b: Ursaluna|Vacuum Wave|p1b: Gholdengo
|-damage|p1b: Gholdengo|33/100
|move|p1b: Gholdengo|Nasty Plot|p1b: Gholdengo
|-boost|p1b: Gholdengo|spa|2
|
|-weather|Snowscape|[upkeep]
|-heal|p1b: Gholdengo|39/100|[from] Grassy Terrain
|-heal|p2b: Ursaluna|50/100|[from] Grassy Terrain
|upkeep
|turn|5
|
|t:|1756234993
|move|p1b: Gholdengo|Protect|p1b: Gholdengo
|-singleturn|p1b: Gholdengo|Protect
|move|p2a: Volcarona|Heat Wave|p1a: Sneasler|[spread] p1a
|-activate|p1b: Gholdengo|move: Protect
|-damage|p1a: Sneasler|21/100
|move|p1a: Sneasler|Dire Claw|p2a: Volcarona
|-damage|p2a: Volcarona|42/100
|move|p2b: Ursaluna|Hyper Voice|p1a: Sneasler|[spread] p1a
|-activate|p1b: Gholdengo|move: Protect
|-damage|p1a: Sneasler|0 fnt
|faint|p1a: Sneasler
|
|-weather|Snowscape|[upkeep]
|-heal|p2a: Volcarona|47/100|[from] Grassy Terrain
|-heal|p2a: Volcarona|53/100|[from] item: Leftovers
|-heal|p1b: Gholdengo|45/100|[from] Grassy Terrain
|-heal|p2b: Ursaluna|56/100|[from] Grassy Terrain
|-fieldend|move: Grassy Terrain
|upkeep
|turn|6
|
|t:|1756235008
|move|p2a: Volcarona|Giga Drain|p1b: Gholdengo
|-supereffective|p1b: Gholdengo
|-damage|p1b: Gholdengo|0 fnt
|-heal|p2a: Volcarona|73/100|[from] drain|[of] p1b: Gholdengo
|faint|p1b: Gholdengo
|
|win|Dkswagggy
|l|☆Dkswagggy
|player|p2|
||AnriVGC is ready for game 2.
