|j|☆TheCrazyMonkey14
|j|☆ScillyWi11y
|html|TheCrazyMonkey14ScillyWi11y    
|uhtml|bestof|Game 2 of a best-of-3
|t:|1756411225
|gametype|doubles
|player|p1|TheCrazyMonkey14|benga|1068
|player|p2|ScillyWi11y|170|1081
|gen|9
|tier|[Gen 9] VGC 2025 Reg H (Bo3)
|rated|
|rule|Species Clause: Limit one of each Pokémon
|rule|Item Clause: Limit 1 of each item
|clearpoke
|poke|p1|Gholdengo, L50|
|poke|p1|Amoonguss, L50, F|
|poke|p1|Basculegion, L50, M|
|poke|p1|Pelipper, L50, F|
|poke|p1|Incineroar, L50, M|
|poke|p1|Archaludon, L50, M|
|poke|p2|Garchomp, L50, M|
|poke|p2|Whimsicott, L50, M|
|poke|p2|Incineroar, L50, M|
|poke|p2|Gengar, L50, M|
|poke|p2|Primarina, L50, F|
|poke|p2|Kingambit, L50, M|
|teampreview|4
|showteam|p1|Gholdengo||LifeOrb|GoodasGold|MakeItRain,ShadowBall,NastyPlot,Protect||||||50|,,,,,Water]Amoonguss||SitrusBerry|Regenerator|Spore,RagePowder,PollenPuff,Protect|||F|||50|,,,,,Psychic]Basculegion||ChoiceBand|SwiftSwim|WaveCrash,FlipTurn,LastRespects,AquaJet|||M|||50|,,,,,Water]Pelipper||FocusSash|Drizzle|WeatherBall,Hurricane,Tailwind,Protect|||F|||50|,,,,,Ground]Incineroar||SafetyGoggles|Intimidate|FlareBlitz,KnockOff,PartingShot,FakeOut|||M|||50|,,,,,Ghost]Archaludon||AssaultVest|Stamina|ElectroShot,FlashCannon,DracoMeteor,BodyPress|||M|||50|,,,,,Bug
|showteam|p2|Garchomp||LifeOrb|RoughSkin|Earthquake,Protect,DragonClaw,StompingTantrum|||M|||50|,,,,,Fairy]Whimsicott||CovertCloak|Prankster|Tailwind,FakeTears,Taunt,Moonblast|||M|||50|,,,,,Fairy]Incineroar||SafetyGoggles|Intimidate|FakeOut,Protect,PartingShot,KnockOff|||M|||50|,,,,,Bug]Gengar||FocusSash|CursedBody|SludgeBomb,ShadowBall,Protect,TrickRoom|||M|||50|,,,,,Grass]Primarina||ThroatSpray|LiquidVoice|Moonblast,HyperVoice,CalmMind,Protect|||F|||50|,,,,,Water]Kingambit||BlackGlasses|Defiant|SuckerPunch,KowtowCleave,Protect,IronHead|||M|||50|,,,,,Flying
|
|t:|1756411282
|teamsize|p1|4
|teamsize|p2|4
|start
|switch|p1a: Pelipper|Pelipper, L50, F|100/100
|switch|p1b: Incineroar|Incineroar, L50, M|100/100
|switch|p2a: Incineroar|Incineroar, L50, M|100/100
|switch|p2b: Garchomp|Garchomp, L50, M|100/100
|-weather|RainDance|[from] ability: Drizzle|[of] p1a: Pelipper
|-ability|p1b: Incineroar|Intimidate|boost
|-unboost|p2a: Incineroar|atk|1
|-unboost|p2b: Garchomp|atk|1
|-ability|p2a: Incineroar|Intimidate|boost
|-unboost|p1a: Pelipper|atk|1
|-unboost|p1b: Incineroar|atk|1
|turn|1
|inactive|Battle timer is ON: inactive players will automatically lose when time's up. (requested by ScillyWi11y)
|inactive|ScillyWi11y has 60 seconds left.
|
|t:|1756411319
|move|p2b: Garchomp|Protect|p2b: Garchomp
|-singleturn|p2b: Garchomp|Protect
|move|p1a: Pelipper|Protect|p1a: Pelipper
|-singleturn|p1a: Pelipper|Protect
|move|p1b: Incineroar|Fake Out|p2b: Garchomp
|-activate|p2b: Garchomp|move: Protect
|move|p2a: Incineroar|Fake Out|p1a: Pelipper
|-activate|p1a: Pelipper|move: Protect
|
|-weather|RainDance|[upkeep]
|upkeep
|turn|2
|inactive|TheCrazyMonkey14 has 30 seconds left.
|inactive|ScillyWi11y has 30 seconds left.
|
|t:|1756411359
|switch|p2b: Primarina|Primarina, L50, F|100/100
|move|p1a: Pelipper|Tailwind|p1a: Pelipper
|-sidestart|p1: TheCrazyMonkey14|move: Tailwind
|move|p1b: Incineroar|Parting Shot|p2b: Primarina
|-unboost|p2b: Primarina|atk|1
|-unboost|p2b: Primarina|spa|1
|
|t:|1756411369
|switch|p1b: Gholdengo|Gholdengo, L50|100/100|[from] Parting Shot
|move|p2a: Incineroar|Parting Shot|p1a: Pelipper
|-unboost|p1a: Pelipper|atk|1
|-unboost|p1a: Pelipper|spa|1
|
|t:|1756411372
|switch|p2a: Garchomp|Garchomp, L50, M|100/100|[from] Parting Shot
|
|-weather|RainDance|[upkeep]
|upkeep
|turn|3
|inactive|TheCrazyMonkey14 has 30 seconds left.
|inactive|ScillyWi11y has 30 seconds left.
|inactive|TheCrazyMonkey14 has 20 seconds left.
|inactive|TheCrazyMonkey14 has 15 seconds left.
|
|t:|1756411413
|switch|p2b: Incineroar|Incineroar, L50, M|100/100
|-ability|p2b: Incineroar|Intimidate|boost
|-unboost|p1a: Pelipper|atk|1
|-unboost|p1b: Gholdengo|atk|1
|move|p1b: Gholdengo|Protect|p1b: Gholdengo
|-singleturn|p1b: Gholdengo|Protect
|move|p2a: Garchomp|Protect|p2a: Garchomp
|-singleturn|p2a: Garchomp|Protect
|move|p1a: Pelipper|Weather Ball|p2a: Garchomp
|-activate|p2a: Garchomp|move: Protect
|
|-weather|RainDance|[upkeep]
|upkeep
|turn|4
|inactive|TheCrazyMonkey14 has 30 seconds left.
|
|t:|1756411443
|move|p2b: Incineroar|Fake Out|p1a: Pelipper
|-damage|p1a: Pelipper|87/100
|move|p1b: Gholdengo|Nasty Plot|p1b: Gholdengo
|-boost|p1b: Gholdengo|spa|2
|cant|p1a: Pelipper|flinch
|move|p2a: Garchomp|Stomping Tantrum|p1b: Gholdengo
|-supereffective|p1b: Gholdengo
|-damage|p1b: Gholdengo|0 fnt
|faint|p1b: Gholdengo
|-damage|p2a: Garchomp|91/100|[from] item: Life Orb
|
|-weather|RainDance|[upkeep]
|upkeep
|
|t:|1756411457
|switch|p1b: Incineroar|Incineroar, L50, M|100/100
|-ability|p1b: Incineroar|Intimidate|boost
|-unboost|p2a: Garchomp|atk|1
|-unboost|p2b: Incineroar|atk|1
|turn|5
|
|t:|1756411473
|move|p2a: Garchomp|Protect|p2a: Garchomp
|-singleturn|p2a: Garchomp|Protect
|move|p1a: Pelipper|Weather Ball|p2b: Incineroar
|-supereffective|p2b: Incineroar
|-damage|p2b: Incineroar|35/100
|move|p1b: Incineroar|Knock Off|p2a: Garchomp
|-activate|p2a: Garchomp|move: Protect
|move|p2b: Incineroar|Parting Shot|p1a: Pelipper
|-unboost|p1a: Pelipper|atk|1
|-unboost|p1a: Pelipper|spa|1
|
|t:|1756411491
|switch|p2b: Gengar|Gengar, L50, M|100/100|[from] Parting Shot
|
|-weather|none
|-sideend|p1: TheCrazyMonkey14|move: Tailwind
|upkeep
|turn|6
|
|t:|1756411508
|switch|p1a: Amoonguss|Amoonguss, L50, F|100/100
|move|p2a: Garchomp|Dragon Claw|p1a: Amoonguss
|-damage|p1a: Amoonguss|69/100
|-damage|p2a: Garchomp|81/100|[from] item: Life Orb
|move|p1b: Incineroar|Parting Shot|p2a: Garchomp
|-unboost|p2a: Garchomp|atk|1
|-unboost|p2a: Garchomp|spa|1
|
|t:|1756411518
|switch|p1b: Pelipper|Pelipper, L50, F|87/100|[from] Parting Shot
|-weather|RainDance|[from] ability: Drizzle|[of] p1b: Pelipper
|move|p2b: Gengar|Trick Room|p2b: Gengar
|-fieldstart|move: Trick Room|[of] p2b: Gengar
|
|-weather|RainDance|[upkeep]
|upkeep
|turn|7
|
|t:|1756411539
|switch|p1b: Incineroar|Incineroar, L50, M|100/100
|-ability|p1b: Incineroar|Intimidate|boost
|-unboost|p2a: Garchomp|atk|1
|-unboost|p2b: Gengar|atk|1
|switch|p2a: Incineroar|Incineroar, L50, M|35/100
|-ability|p2a: Incineroar|Intimidate|boost
|-unboost|p1a: Amoonguss|atk|1
|-unboost|p1b: Incineroar|atk|1
|-terastallize|p2b: Gengar|Grass
|move|p1a: Amoonguss|Spore|p2a: Incineroar
|-activate|p2a: Incineroar|item: Safety Goggles|Spore
|move|p2b: Gengar|Sludge Bomb|p1b: Incineroar
|-damage|p1b: Incineroar|58/100
|-status|p1b: Incineroar|psn
|
|-weather|RainDance|[upkeep]
|-damage|p1b: Incineroar|46/100 psn|[from] psn
|upkeep
|turn|8
|inactive|TheCrazyMonkey14 has 30 seconds left.
|inactive|ScillyWi11y has 30 seconds left.
|
|t:|1756411571
|move|p1a: Amoonguss|Protect|p1a: Amoonguss
|-singleturn|p1a: Amoonguss|Protect
|move|p2b: Gengar|Protect|p2b: Gengar
|-singleturn|p2b: Gengar|Protect
|move|p2a: Incineroar|Knock Off|p1a: Amoonguss
|-activate|p1a: Amoonguss|move: Protect
|move|p1b: Incineroar|Flare Blitz|p2b: Gengar
|-activate|p2b: Gengar|move: Protect
|
|-weather|RainDance|[upkeep]
|-damage|p1b: Incineroar|34/100 psn|[from] psn
|upkeep
|turn|9
|
|t:|1756411588
|move|p1a: Amoonguss|Pollen Puff|p2a: Incineroar
|-damage|p2a: Incineroar|22/100
|move|p2a: Incineroar|Knock Off|p1a: Amoonguss
|-damage|p1a: Amoonguss|40/100
|-enditem|p1a: Amoonguss|Sitrus Berry|[from] move: Knock Off|[of] p2a: Incineroar
|move|p1b: Incineroar|Flare Blitz|p2b: Gengar
|-supereffective|p2b: Gengar
|-damage|p2b: Gengar|28/100
|-status|p2b: Gengar|brn
|-start|p1b: Incineroar|Disable|Flare Blitz|[from] ability: Cursed Body|[of] p2b: Gengar
|-damage|p1b: Incineroar|18/100 psn|[from] Recoil
|move|p2b: Gengar|Sludge Bomb|p1b: Incineroar
|-damage|p1b: Incineroar|0 fnt
|faint|p1b: Incineroar
|
|-weather|RainDance|[upkeep]
|-damage|p2b: Gengar|22/100 brn|[from] brn
|upkeep
|
|t:|1756411605
|switch|p1b: Pelipper|Pelipper, L50, F|87/100
|turn|10
|
|t:|1756411621
|move|p1a: Amoonguss|Protect|p1a: Amoonguss
|-singleturn|p1a: Amoonguss|Protect
|move|p2b: Gengar|Protect|p2b: Gengar
|-singleturn|p2b: Gengar|Protect
|move|p2a: Incineroar|Knock Off|p1b: Pelipper
|-damage|p1b: Pelipper|34/100
|-enditem|p1b: Pelipper|Focus Sash|[from] move: Knock Off|[of] p2a: Incineroar
|move|p1b: Pelipper|Weather Ball|p2a: Incineroar
|-supereffective|p2a: Incineroar
|-damage|p2a: Incineroar|0 fnt
|faint|p2a: Incineroar
|
|-weather|none
|-damage|p2b: Gengar|16/100 brn|[from] brn
|-fieldend|move: Trick Room
|upkeep
|inactive|ScillyWi11y has 30 seconds left.
|
|t:|1756411652
|switch|p2a: Garchomp|Garchomp, L50, M|81/100
|turn|11
|
|t:|1756411665
|move|p1a: Amoonguss|Rage Powder|p1a: Amoonguss
|-singleturn|p1a: Amoonguss|move: Rage Powder
|move|p2b: Gengar|Sludge Bomb|p1b: Pelipper
|-damage|p1b: Pelipper|0 fnt
|faint|p1b: Pelipper
|move|p2a: Garchomp|Dragon Claw|p1a: Amoonguss
|-damage|p1a: Amoonguss|0 fnt
|faint|p1a: Amoonguss
|-damage|p2a: Garchomp|71/100|[from] item: Life Orb
|
|win|ScillyWi11y
||TheCrazyMonkey14 is ready for game 3.
||ScillyWi11y is ready for game 3.
|uhtml|next|Next: Game 3 of 3
