|j|☆DrManbeast
|j|☆FALL3N_DWN
|html|DrManbeastFALL3N_DWN    
|uhtml|bestof|Game 3 of a best-of-3
|t:|1757115076
|gametype|doubles
|player|p1|DrManbeast|scientist-gen4dp|1131
|player|p2|FALL3N_DWN|carmine-festival|1153
|gen|9
|tier|[Gen 9] VGC 2025 Reg H (Bo3)
|rated|
|rule|Species Clause: Limit one of each Pokémon
|rule|Item Clause: Limit 1 of each item
|clearpoke
|poke|p1|Dragonite, L50, F|
|poke|p1|Gholdengo, L50|
|poke|p1|Ursaluna, L50, M|
|poke|p1|Annihilape, L50, F|
|poke|p1|Porygon2, L50|
|poke|p1|Incineroar, L50, F|
|poke|p2|Electabuzz, L50, M|
|poke|p2|Kingambit, L50, F|
|poke|p2|Volcarona, L50, M|
|poke|p2|Dragonite, L50, F|
|poke|p2|Sneasler, L50, F|
|poke|p2|Rillaboom, L50, F|
|teampreview|4
|showteam|p1|Dragonite||LoadedDice|InnerFocus|ScaleShot,Tailwind,Haze,Protect|||F|||50|,,,,,Steel]Gholdengo||MetalCoat|GoodasGold|MakeItRain,ShadowBall,NastyPlot,Protect||||||50|,,,,,Water]Ursaluna||FlameOrb|Guts|Facade,HeadlongRush,Earthquake,Protect|||M|||50|,,,,,Ghost]Annihilape||FocusSash|Defiant|CloseCombat,RageFist,Coaching,Taunt|||F|||50|,,,,,Stellar]Porygon2||Eviolite|Download|IceBeam,TeraBlast,Recover,TrickRoom||||||50|,,,,,Fighting]Incineroar||SafetyGoggles|Intimidate|FakeOut,KnockOff,PartingShot,WillOWisp|||F|||50|,,,,,Water
|showteam|p2|Electabuzz||Eviolite|VitalSpirit|FollowMe,Thunderbolt,Taunt,Protect|||M|||50|,,,,,Ghost]Kingambit||BlackGlasses|Defiant|KowtowCleave,SuckerPunch,SwordsDance,Protect|||F|||50|,,,,,Dark]Volcarona||Leftovers|FlameBody|HeatWave,TeraBlast,QuiverDance,Protect|||M|||50|,,,,,Fairy]Dragonite||LoadedDice|Multiscale|ScaleShot,ExtremeSpeed,Haze,Protect|||F|||50|,,,,,Fairy]Sneasler||FocusSash|Unburden|DireClaw,CloseCombat,Coaching,FakeOut|||F|||50|,,,,,Stellar]Rillaboom||AssaultVest|GrassySurge|FakeOut,WoodHammer,GrassyGlide,HighHorsepower|||F|||50|,,,,,Fire
|inactive|Battle timer is ON: inactive players will automatically lose when time's up. (requested by DrManbeast)
|inactive|FALL3N_DWN has 60 seconds left.
|
|t:|1757115107
|teamsize|p1|4
|teamsize|p2|4
|start
|switch|p1a: Dragonite|Dragonite, L50, F|100/100
|switch|p1b: Porygon2|Porygon2, L50|100/100
|switch|p2a: Volcarona|Volcarona, L50, M|100/100
|switch|p2b: Electabuzz|Electabuzz, L50, M|100/100
|-ability|p1b: Porygon2|Download|boost
|-boost|p1b: Porygon2|atk|1
|turn|1
|
|t:|1757115124
|-terastallize|p2a: Volcarona|Fairy
|move|p2a: Volcarona|Quiver Dance|p2a: Volcarona
|-boost|p2a: Volcarona|spa|1
|-boost|p2a: Volcarona|spd|1
|-boost|p2a: Volcarona|spe|1
|move|p2b: Electabuzz|Taunt|p1b: Porygon2
|-start|p1b: Porygon2|move: Taunt
|move|p1a: Dragonite|Tailwind|p1a: Dragonite
|-sidestart|p1: DrManbeast|move: Tailwind
|move|p1b: Porygon2|Ice Beam|p2a: Volcarona
|-damage|p2a: Volcarona|84/100
|
|-heal|p2a: Volcarona|91/100|[from] item: Leftovers
|upkeep
|turn|2
|
|t:|1757115148
|switch|p1b: Ursaluna|Ursaluna, L50, M|100/100
|move|p2b: Electabuzz|Protect|p2b: Electabuzz
|-singleturn|p2b: Electabuzz|Protect
|move|p1a: Dragonite|Haze|p1a: Dragonite
|-clearallboost
|move|p2a: Volcarona|Heat Wave|p1b: Ursaluna|[spread] p1a,p1b
|-resisted|p1a: Dragonite
|-damage|p1a: Dragonite|82/100
|-damage|p1b: Ursaluna|70/100
|
|-heal|p2a: Volcarona|97/100|[from] item: Leftovers
|-status|p1b: Ursaluna|brn|[from] item: Flame Orb
|upkeep
|turn|3
|inactive|FALL3N_DWN has 30 seconds left.
|inactive|FALL3N_DWN has 20 seconds left.
|inactive|FALL3N_DWN has 15 seconds left.
|inactive|FALL3N_DWN has 10 seconds left.
|inactive|FALL3N_DWN has 5 seconds left.
|
|t:|1757115199
|switch|p2b: Rillaboom|Rillaboom, L50, F|100/100
|-fieldstart|move: Grassy Terrain|[from] ability: Grassy Surge|[of] p2b: Rillaboom
|move|p2a: Volcarona|Protect|p2a: Volcarona
|-singleturn|p2a: Volcarona|Protect
|move|p1a: Dragonite|Scale Shot|p2b: Rillaboom
|-damage|p2b: Rillaboom|88/100
|-damage|p2b: Rillaboom|77/100
|-damage|p2b: Rillaboom|65/100
|-damage|p2b: Rillaboom|54/100
|-hitcount|p2b: Rillaboom|4
|-unboost|p1a: Dragonite|def|1
|-boost|p1a: Dragonite|spe|1
|move|p1b: Ursaluna|Facade|p2a: Volcarona
|-activate|p2a: Volcarona|move: Protect
|
|-heal|p2a: Volcarona|100/100|[from] Grassy Terrain
|-heal|p2b: Rillaboom|60/100|[from] Grassy Terrain
|-heal|p1b: Ursaluna|76/100 brn|[from] Grassy Terrain
|-damage|p1b: Ursaluna|70/100 brn|[from] brn
|upkeep
|turn|4
|inactive|FALL3N_DWN has 30 seconds left.
|inactive|FALL3N_DWN has 20 seconds left.
|
|t:|1757115236
|switch|p2a: Kingambit|Kingambit, L50, F|100/100
|switch|p1b: Porygon2|Porygon2, L50|100/100
|-ability|p1b: Porygon2|Download|boost
|-boost|p1b: Porygon2|spa|1
|move|p1a: Dragonite|Protect|p1a: Dragonite
|-singleturn|p1a: Dragonite|Protect
|move|p2b: Rillaboom|Fake Out|p1a: Dragonite
|-activate|p1a: Dragonite|move: Protect
|
|-heal|p2b: Rillaboom|66/100|[from] Grassy Terrain
|-sideend|p1: DrManbeast|move: Tailwind
|upkeep
|turn|5
|inactive|FALL3N_DWN has 30 seconds left.
|inactive|FALL3N_DWN has 20 seconds left.
|
|t:|1757115275
|switch|p2b: Electabuzz|Electabuzz, L50, M|100/100
|move|p1a: Dragonite|Scale Shot|p2b: Electabuzz
|-damage|p2b: Electabuzz|91/100
|-damage|p2b: Electabuzz|82/100
|-damage|p2b: Electabuzz|71/100
|-damage|p2b: Electabuzz|62/100
|-damage|p2b: Electabuzz|53/100
|-hitcount|p2b: Electabuzz|5
|-unboost|p1a: Dragonite|def|1
|-boost|p1a: Dragonite|spe|1
|move|p2a: Kingambit|Swords Dance|p2a: Kingambit
|-boost|p2a: Kingambit|atk|2
|move|p1b: Porygon2|Trick Room|p1b: Porygon2
|-fieldstart|move: Trick Room|[of] p1b: Porygon2
|
|-heal|p2b: Electabuzz|59/100|[from] Grassy Terrain
|upkeep
|turn|6
|
|t:|1757115298
|-terastallize|p1b: Porygon2|Fighting
|move|p2b: Electabuzz|Follow Me|p2b: Electabuzz
|-singleturn|p2b: Electabuzz|move: Follow Me
|move|p2a: Kingambit|Kowtow Cleave|p1b: Porygon2
|-resisted|p1b: Porygon2
|-damage|p1b: Porygon2|63/100
|move|p1b: Porygon2|Tera Blast|p2b: Electabuzz|[anim] Tera Blast Fighting
|-damage|p2b: Electabuzz|17/100
|move|p1a: Dragonite|Haze|p1a: Dragonite
|-clearallboost
|
|-heal|p1b: Porygon2|69/100|[from] Grassy Terrain
|-heal|p2b: Electabuzz|23/100|[from] Grassy Terrain
|upkeep
|turn|7
|inactive|FALL3N_DWN has 30 seconds left.
|
|t:|1757115327
|switch|p2a: Volcarona|Volcarona, L50, M, tera:Fairy|100/100
|switch|p1a: Ursaluna|Ursaluna, L50, M|70/100 brn
|move|p2b: Electabuzz|Protect|p2b: Electabuzz
|-singleturn|p2b: Electabuzz|Protect
|move|p1b: Porygon2|Tera Blast|p2a: Volcarona|[anim] Tera Blast Fighting
|-resisted|p2a: Volcarona
|-damage|p2a: Volcarona|84/100
|
|-heal|p1a: Ursaluna|76/100 brn|[from] Grassy Terrain
|-heal|p1b: Porygon2|74/100|[from] Grassy Terrain
|-heal|p2b: Electabuzz|28/100|[from] Grassy Terrain
|-heal|p2a: Volcarona|90/100|[from] Grassy Terrain
|-heal|p2a: Volcarona|96/100|[from] item: Leftovers
|-damage|p1a: Ursaluna|70/100 brn|[from] brn
|-fieldend|move: Grassy Terrain
|upkeep
|turn|8
|
|t:|1757115347
|switch|p2b: Rillaboom|Rillaboom, L50, F|66/100
|-fieldstart|move: Grassy Terrain|[from] ability: Grassy Surge|[of] p2b: Rillaboom
|move|p2a: Volcarona|Protect|p2a: Volcarona
|-singleturn|p2a: Volcarona|Protect
|move|p1a: Ursaluna|Facade|p2a: Volcarona
|-activate|p2a: Volcarona|move: Protect
|move|p1b: Porygon2|Tera Blast|p2b: Rillaboom|[anim] Tera Blast Fighting
|-damage|p2b: Rillaboom|41/100
|
|-heal|p1a: Ursaluna|76/100 brn|[from] Grassy Terrain
|-heal|p1b: Porygon2|80/100|[from] Grassy Terrain
|-heal|p2b: Rillaboom|47/100|[from] Grassy Terrain
|-heal|p2a: Volcarona|100/100|[from] Grassy Terrain
|-damage|p1a: Ursaluna|70/100 brn|[from] brn
|upkeep
|turn|9
|
|t:|1757115371
|switch|p1a: Dragonite|Dragonite, L50, F|82/100
|switch|p1b: Gholdengo|Gholdengo, L50|100/100
|move|p2b: Rillaboom|Fake Out|p1a: Dragonite
|-damage|p1a: Dragonite|66/100
|move|p2a: Volcarona|Tera Blast|p1b: Gholdengo|[anim] Tera Blast Fairy
|-resisted|p1b: Gholdengo
|-damage|p1b: Gholdengo|78/100
|
|-heal|p2b: Rillaboom|53/100|[from] Grassy Terrain
|-heal|p1b: Gholdengo|84/100|[from] Grassy Terrain
|-fieldend|move: Trick Room
|upkeep
|turn|10
|
|t:|1757115392
|switch|p2a: Kingambit|Kingambit, L50, F|100/100
|move|p1b: Gholdengo|Protect|p1b: Gholdengo
|-singleturn|p1b: Gholdengo|Protect
|move|p1a: Dragonite|Tailwind|p1a: Dragonite
|-sidestart|p1: DrManbeast|move: Tailwind
|move|p2b: Rillaboom|High Horsepower|p1b: Gholdengo
|-activate|p1b: Gholdengo|move: Protect
|
|-heal|p1b: Gholdengo|90/100|[from] Grassy Terrain
|-heal|p2b: Rillaboom|59/100|[from] Grassy Terrain
|upkeep
|turn|11
|inactive|DrManbeast has 30 seconds left.
|
|t:|1757115423
|switch|p1b: Porygon2|Porygon2, L50, tera:Fighting|80/100
|-ability|p1b: Porygon2|Download|boost
|-boost|p1b: Porygon2|spa|1
|move|p1a: Dragonite|Scale Shot|p2b: Rillaboom
|-damage|p2b: Rillaboom|47/100
|-damage|p2b: Rillaboom|34/100
|-damage|p2b: Rillaboom|23/100
|-damage|p2b: Rillaboom|11/100
|-damage|p2b: Rillaboom|0 fnt
|faint|p2b: Rillaboom
|-hitcount|p2: Rillaboom|5
|-unboost|p1a: Dragonite|def|1
|-boost|p1a: Dragonite|spe|1
|move|p2a: Kingambit|Kowtow Cleave|p1a: Dragonite
|-damage|p1a: Dragonite|0 fnt
|faint|p1a: Dragonite
|
|-heal|p1b: Porygon2|86/100|[from] Grassy Terrain
|upkeep
|
|t:|1757115426
|switch|p1a: Gholdengo|Gholdengo, L50|90/100
|switch|p2b: Volcarona|Volcarona, L50, M, tera:Fairy|100/100
|turn|12
|
|t:|1757115448
|move|p1a: Gholdengo|Protect|p1a: Gholdengo
|-singleturn|p1a: Gholdengo|Protect
|move|p2a: Kingambit|Sucker Punch||[still]
|-fail|p2a: Kingambit
|move|p1b: Porygon2|Tera Blast|p2a: Kingambit|[anim] Tera Blast Fighting
|-supereffective|p2a: Kingambit
|-damage|p2a: Kingambit|0 fnt
|faint|p2a: Kingambit
|move|p2b: Volcarona|Tera Blast|p1b: Porygon2|[anim] Tera Blast Fairy
|-supereffective|p1b: Porygon2
|-crit|p1b: Porygon2
|-damage|p1b: Porygon2|19/100
|
|-heal|p1a: Gholdengo|96/100|[from] Grassy Terrain
|-heal|p1b: Porygon2|25/100|[from] Grassy Terrain
|-fieldend|move: Grassy Terrain
|upkeep
|
|t:|1757115461
|switch|p2a: Electabuzz|Electabuzz, L50, M|28/100
|turn|13
|
|t:|1757115472
|move|p2b: Volcarona|Protect|p2b: Volcarona
|-singleturn|p2b: Volcarona|Protect
|move|p2a: Electabuzz|Protect|p2a: Electabuzz
|-singleturn|p2a: Electabuzz|Protect
|move|p1a: Gholdengo|Shadow Ball|p2a: Electabuzz
|-activate|p2a: Electabuzz|move: Protect
|move|p1b: Porygon2|Trick Room|p1b: Porygon2
|-fieldstart|move: Trick Room|[of] p1b: Porygon2
|
|-sideend|p1: DrManbeast|move: Tailwind
|upkeep
|turn|14
|
|t:|1757115493
|move|p2a: Electabuzz|Follow Me|p2a: Electabuzz
|-singleturn|p2a: Electabuzz|move: Follow Me
|move|p1b: Porygon2|Recover|p1b: Porygon2
|-heal|p1b: Porygon2|75/100
|move|p2b: Volcarona|Heat Wave|p1b: Porygon2|[spread] p1b
|-miss|p2b: Volcarona|p1a: Gholdengo
|-damage|p1b: Porygon2|54/100
|move|p1a: Gholdengo|Make It Rain|p2a: Electabuzz|[spread] p2a,p2b
|-resisted|p2a: Electabuzz
|-supereffective|p2b: Volcarona
|-damage|p2a: Electabuzz|6/100
|-damage|p2b: Volcarona|0 fnt
|-unboost|p1a: Gholdengo|spa|1
|faint|p2b: Volcarona
|
|upkeep
|turn|15
|-message|FALL3N_DWN forfeited.
|
|win|DrManbeast
|raw|DrManbeast's rating: 1131 → 1158(+27 for winning)
|raw|FALL3N_DWN's rating: 1153 → 1126(-27 for losing)
|l|☆DrManbeast
|player|p1|
