|j|☆lettitripppp
|j|☆Timothim Chalombre
|html|lettitrippppTimothim Chalombre    
|uhtml|bestof|Game 1 of a best-of-3
|t:|1783736602
|gametype|doubles
|player|p1|lettitripppp|lucas|1273
|player|p2|Timothim Chalombre|caitlin|1131
|gen|9
|tier|[Gen 9 Champions] VGC 2026 Reg M-B (Bo3)
|rated|
|rule|Species Clause: Limit one of each Pokémon
|rule|Item Clause: Limit 1 of each item
|clearpoke
|poke|p1|Charizard, L50, M|
|poke|p1|Basculegion, L50, M|
|poke|p1|Whimsicott, L50, F, shiny|
|poke|p1|Garchomp, L50, M, shiny|
|poke|p1|Floette-Eternal, L50, F|
|poke|p1|Kingambit, L50, F, shiny|
|poke|p2|Ceruledge, L50, M|
|poke|p2|Staraptor, L50, F|
|poke|p2|Whimsicott, L50, M|
|poke|p2|Garchomp, L50, M|
|poke|p2|Ninetales-Alola, L50, F|
|poke|p2|Kingambit, L50, F|
|teampreview|4
|showteam|p1|Charizard||CharizarditeY|Blaze|WeatherBall,SolarBeam,HeatWave,Protect|Modest||M|||50|]Basculegion||MysticWater|Adaptability|LastRespects,WaveCrash,AquaJet,Protect|Adamant||M|||50|]Whimsicott||FocusSash|Prankster|Moonblast,Tailwind,Encore,Protect|Timid||F|||50|]Garchomp||LifeOrb|RoughSkin|DragonClaw,Earthquake,RockSlide,Protect|Jolly||M|||50|]Floette-Eternal||Floettite|FlowerVeil|DazzlingGleam,LightofRuin,Moonblast,Protect|Modest||F|||50|]Kingambit||ChopleBerry|Defiant|KowtowCleave,SuckerPunch,IronHead,LowKick|Adamant||F|||50|
|showteam|p2|Ceruledge||PasshoBerry|FlashFire|BitterBlade,ShadowSneak,BulkUp,Protect|Adamant||M|||50|]Staraptor||Staraptite|Intimidate|BraveBird,CloseCombat,Roost,Protect|Adamant||F|||50|]Whimsicott||FocusSash|Prankster|Moonblast,Tailwind,Protect,Tickle|Timid||M|||50|]Garchomp||LifeOrb|RoughSkin|Earthquake,DragonClaw,RockSlide,Protect|Jolly||M|||50|]Ninetales-Alola||NeverMeltIce|SnowWarning|Blizzard,FreezeDry,Encore,Protect|Timid||F|||50|]Kingambit||BlackGlasses|Defiant|KowtowCleave,IronHead,SuckerPunch,Protect|Adamant||F|||50|
|inactive|Battle timer is ON: inactive players will automatically lose when time's up. (requested by lettitripppp)
|inactive|lettitripppp has 60 seconds left.
|inactive|Timothim Chalombre has 60 seconds left.
|
|t:|1783736659
|teamsize|p1|4
|teamsize|p2|4
|start
|switch|p1a: GHOSTWAVE|Basculegion, L50, M|100/100
|switch|p1b: LETS GO GO|Whimsicott, L50, F, shiny|100/100
|switch|p2a: Ninetales|Ninetales-Alola, L50, F|100/100
|switch|p2b: Whimsicott|Whimsicott, L50, M|100/100
|-weather|Snowscape|[from] ability: Snow Warning|[of] p2a: Ninetales
|turn|1
|inactive|Timothim Chalombre has 30 seconds left.
|
|t:|1783736693
|switch|p1a: GENERAL BLADUS|Kingambit, L50, F, shiny|100/100
|move|p2b: Whimsicott|Tickle|p1a: GENERAL BLADUS
|-hint|Since gen 7, Dark is immune to Prankster moves.
|-immune|p1a: GENERAL BLADUS
|move|p1b: LETS GO GO|Moonblast|p2b: Whimsicott
|-damage|p2b: Whimsicott|65/100
|move|p2a: Ninetales|Blizzard|p1a: GENERAL BLADUS|[spread] p1a,p1b
|-resisted|p1a: GENERAL BLADUS|1
|-supereffective|p1b: LETS GO GO|1
|-damage|p1a: GENERAL BLADUS|84/100
|-enditem|p1b: LETS GO GO|Focus Sash
|-damage|p1b: LETS GO GO|1/100
|
|-weather|Snowscape|[upkeep]
|upkeep
|turn|2
|inactive|Timothim Chalombre has 30 seconds left.
|inactive|Timothim Chalombre has 20 seconds left.
|
|t:|1783736728
|switch|p2a: Ceruledge|Ceruledge, L50, M|100/100
|move|p1b: LETS GO GO|Tailwind|p1b: LETS GO GO
|-sidestart|p1: lettitripppp|move: Tailwind
|move|p2b: Whimsicott|Tailwind|p2b: Whimsicott
|-sidestart|p2: Timothim Chalombre|move: Tailwind
|move|p1a: GENERAL BLADUS|Iron Head|p2a: Ceruledge
|-resisted|p2a: Ceruledge|1
|-damage|p2a: Ceruledge|71/100
|
|-weather|Snowscape|[upkeep]
|upkeep
|turn|3
|inactive|Timothim Chalombre has 30 seconds left.
|
|t:|1783736759
|switch|p2b: Kingambit|Kingambit, L50, F|100/100
|move|p2a: Ceruledge|Shadow Sneak|p1b: LETS GO GO
|-damage|p1b: LETS GO GO|0 fnt
|faint|p1b: LETS GO GO
|move|p1a: GENERAL BLADUS|Kowtow Cleave|p2a: Ceruledge
|-supereffective|p2a: Ceruledge|1
|-crit|p2a: Ceruledge
|-damage|p2a: Ceruledge|0 fnt
|faint|p2a: Ceruledge
|
|-weather|Snowscape|[upkeep]
|upkeep
|
|t:|1783736768
|switch|p1b: RUINOUS LIGHT|Floette-Eternal, L50, F|100/100
|switch|p2a: Ninetales|Ninetales-Alola, L50, F|100/100
|turn|4
|
|t:|1783736776
|detailschange|p1b: RUINOUS LIGHT|Floette-Mega, L50, F
|-mega|p1b: RUINOUS LIGHT|Floette|Floettite
|-ability|p1b: RUINOUS LIGHT|Fairy Aura
|move|p2a: Ninetales|Blizzard|p1b: RUINOUS LIGHT|[spread] p1a,p1b
|-resisted|p1a: GENERAL BLADUS|1
|-damage|p1a: GENERAL BLADUS|67/100
|-damage|p1b: RUINOUS LIGHT|72/100
|-status|p1a: GENERAL BLADUS|frz
|move|p1b: RUINOUS LIGHT|Light of Ruin|p2b: Kingambit
|-damage|p2b: Kingambit|0 fnt
|faint|p2b: Kingambit
|-damage|p1b: RUINOUS LIGHT|8/100|[from] Recoil
|cant|p1a: GENERAL BLADUS|frz
|
|-weather|Snowscape|[upkeep]
|upkeep
|
|t:|1783736782
|switch|p2b: Whimsicott|Whimsicott, L50, M|65/100
|turn|5
|
|t:|1783736795
|move|p2a: Ninetales|Blizzard|p1a: GENERAL BLADUS|[spread] p1a,p1b
|-resisted|p1a: GENERAL BLADUS|1
|-damage|p1a: GENERAL BLADUS|50/100g frz
|-damage|p1b: RUINOUS LIGHT|0 fnt
|faint|p1b: RUINOUS LIGHT
|move|p2b: Whimsicott|Moonblast|p1a: GENERAL BLADUS
|-damage|p1a: GENERAL BLADUS|23/100 frz
|-curestatus|p1a: GENERAL BLADUS|frz|[msg]
|move|p1a: GENERAL BLADUS|Iron Head|p2a: Ninetales
|-supereffective|p2a: Ninetales|2
|-crit|p2a: Ninetales
|-damage|p2a: Ninetales|0 fnt
|faint|p2a: Ninetales
|
|-weather|none
|-sideend|p2: Timothim Chalombre|move: Tailwind
|-sideend|p1: lettitripppp|move: Tailwind
|upkeep
|
|t:|1783736805
|switch|p1b: GHOSTWAVE|Basculegion, L50, M|100/100
|turn|6
|
|t:|1783736822
|move|p2b: Whimsicott|Moonblast|p1a: GENERAL BLADUS
|-damage|p1a: GENERAL BLADUS|0 fnt
|faint|p1a: GENERAL BLADUS
|move|p1b: GHOSTWAVE|Last Respects|p2b: Whimsicott
|-damage|p2b: Whimsicott|0 fnt
|faint|p2b: Whimsicott
|
|win|lettitripppp
||Timothim Chalombre is ready for game 2.
