|j|☆parsley<3
|j|☆Flamingtiger56
|html|parsley<3Flamingtiger56    
|uhtml|bestof|Game 2 of a best-of-3
|t:|1756426405
|gametype|doubles
|player|p1|parsley<3|lacey|1255
|player|p2|Flamingtiger56|101|1374
|gen|9
|tier|[Gen 9] VGC 2025 Reg H (Bo3)
|rated|
|rule|Species Clause: Limit one of each Pokémon
|rule|Item Clause: Limit 1 of each item
|clearpoke
|poke|p1|Maushold, L50|
|poke|p1|Annihilape, L50, M|
|poke|p1|Gholdengo, L50|
|poke|p1|Ursaluna-Bloodmoon, L50, M|
|poke|p1|Dragonite, L50, F|
|poke|p1|Sneasler, L50, F|
|poke|p2|Samurott-Hisui, L50, F|
|poke|p2|Amoonguss, L50, F|
|poke|p2|Incineroar, L50, M|
|poke|p2|Gholdengo, L50|
|poke|p2|Yanmega, L50, F|
|poke|p2|Ursaluna, L50, F|
|teampreview|4
|showteam|p1|Maushold||SafetyGoggles|FriendGuard|SuperFang,BeatUp,Protect,FollowMe||||||50|,,,,,Ghost]Annihilape||SitrusBerry|Defiant|RageFist,CloseCombat,Protect,FinalGambit|||M|||50|,,,,,Fire]Gholdengo||LifeOrb|GoodasGold|MakeItRain,ShadowBall,Protect,NastyPlot||||||50|,,,,,Water]Ursaluna-Bloodmoon||AssaultVest|MindsEye|HyperVoice,BloodMoon,EarthPower,VacuumWave|||M|||50|,,,,,Ghost]Dragonite||LoadedDice|Multiscale|ScaleShot,Tailwind,Protect,Haze|||F|||50|,,,,,Fairy]Sneasler||FocusSash|Unburden|DireClaw,CloseCombat,Protect,ThroatChop|||F|||50|,,,,,Stellar
|showteam|p2|Samurott-Hisui||LifeOrb|Sharpness|CeaselessEdge,RazorShell,SacredSword,Protect|||F|||50|,,,,,Dark]Amoonguss||CovertCloak|Regenerator|Spore,RagePowder,PollenPuff,ClearSmog|||F|||50|,,,,,Water]Incineroar||SafetyGoggles|Intimidate|FakeOut,KnockOff,FlareBlitz,PartingShot|||M|||50|,,,,,Ghost]Gholdengo||SitrusBerry|GoodasGold|MakeItRain,ShadowBall,NastyPlot,Protect||||||50|,,,,,Dragon]Yanmega||FocusSash|SpeedBoost|AirSlash,BugBuzz,Tailwind,Protect|||F|||50|,,,,,Ghost]Ursaluna||FlameOrb|Guts|Facade,HeadlongRush,Earthquake,Protect|||F|||50|,,,,,Fairy
|inactive|Battle timer is ON: inactive players will automatically lose when time's up. (requested by Flamingtiger56)
|inactive|Flamingtiger56 has 60 seconds left.
|
|t:|1756426437
|teamsize|p1|4
|teamsize|p2|4
|start
|switch|p1a: mishold|Maushold, L50|100/100
|switch|p1b: mishape|Annihilape, L50, M|100/100
|switch|p2a: Gholdengo|Gholdengo, L50|100/100
|switch|p2b: Amoonguss|Amoonguss, L50, F|100/100
|turn|1
|
|t:|1756426458
|move|p1b: mishape|Protect|p1b: mishape
|-singleturn|p1b: mishape|Protect
|move|p2b: Amoonguss|Rage Powder|p2b: Amoonguss
|-singleturn|p2b: Amoonguss|move: Rage Powder
|move|p1a: mishold|Super Fang|p2b: Amoonguss
|-damage|p2b: Amoonguss|51/100
|move|p2a: Gholdengo|Nasty Plot|p2a: Gholdengo
|-boost|p2a: Gholdengo|spa|2
|
|upkeep
|turn|2
|
|t:|1756426470
|-terastallize|p1b: mishape|Fire
|move|p2b: Amoonguss|Rage Powder|p2b: Amoonguss
|-singleturn|p2b: Amoonguss|move: Rage Powder
|move|p1a: mishold|Beat Up|p1b: mishape
|-damage|p1b: mishape|99/100
|-damage|p1b: mishape|96/100
|-damage|p1b: mishape|93/100
|-damage|p1b: mishape|90/100
|-hitcount|p1b: mishape|4
|move|p1b: mishape|Rage Fist|p2b: Amoonguss
|-damage|p2b: Amoonguss|0 fnt
|faint|p2b: Amoonguss
|move|p2a: Gholdengo|Shadow Ball|p1b: mishape
|-damage|p1b: mishape|25/100
|-unboost|p1b: mishape|spd|1
|-ability|p1b: mishape|Defiant|boost
|-boost|p1b: mishape|atk|2
|-enditem|p1b: mishape|Sitrus Berry|[eat]
|-heal|p1b: mishape|50/100|[from] item: Sitrus Berry
|
|upkeep
|
|t:|1756426490
|switch|p2b: Yanmega|Yanmega, L50, F|100/100
|turn|3
|
|t:|1756426507
|move|p2b: Yanmega|Protect|p2b: Yanmega
|-singleturn|p2b: Yanmega|Protect
|move|p2a: Gholdengo|Protect|p2a: Gholdengo
|-singleturn|p2a: Gholdengo|Protect
|move|p1a: mishold|Follow Me|p1a: mishold
|-singleturn|p1a: mishold|move: Follow Me
|move|p1b: mishape|Rage Fist|p2a: Gholdengo
|-activate|p2a: Gholdengo|move: Protect
|
|-ability|p2b: Yanmega|Speed Boost|boost
|-boost|p2b: Yanmega|spe|1
|upkeep
|turn|4
|
|t:|1756426523
|move|p1a: mishold|Follow Me|p1a: mishold
|-singleturn|p1a: mishold|move: Follow Me
|move|p2b: Yanmega|Tailwind|p2b: Yanmega
|-sidestart|p2: Flamingtiger56|move: Tailwind
|move|p2a: Gholdengo|Make It Rain|p1b: mishape|[spread] p1a,p1b
|-resisted|p1b: mishape
|-damage|p1a: mishold|0 fnt
|-damage|p1b: mishape|0 fnt
|-unboost|p2a: Gholdengo|spa|1
|faint|p1a: mishold
|faint|p1b: mishape
|
|-ability|p2b: Yanmega|Speed Boost|boost
|-boost|p2b: Yanmega|spe|1
|upkeep
|
|t:|1756426533
|switch|p1a: mishonite|Dragonite, L50, F|100/100
|switch|p1b: mishler|Sneasler, L50, F|100/100
|turn|5
|
|t:|1756426550
|move|p2b: Yanmega|Air Slash|p1a: mishonite
|-damage|p1a: mishonite|81/100
|move|p2a: Gholdengo|Make It Rain|p1a: mishonite|[spread] p1a,p1b
|-damage|p1a: mishonite|5/100
|-enditem|p1b: mishler|Focus Sash
|-damage|p1b: mishler|1/100
|-unboost|p2a: Gholdengo|spa|1
|move|p1b: mishler|Throat Chop|p2a: Gholdengo
|-supereffective|p2a: Gholdengo
|-damage|p2a: Gholdengo|46/100
|-start|p2a: Gholdengo|Throat Chop|[silent]
|-enditem|p2a: Gholdengo|Sitrus Berry|[eat]
|-heal|p2a: Gholdengo|71/100|[from] item: Sitrus Berry
|cant|p1a: mishonite|flinch
|
|-ability|p2b: Yanmega|Speed Boost|boost
|-boost|p2b: Yanmega|spe|1
|upkeep
|turn|6
|j| Hockeystick7
|-message|parsley<3 forfeited.
|
|win|Flamingtiger56
