|j|☆UmamusumeDerby
|j|☆parkertrainingarc
|html|UmamusumeDerbyparkertrainingarc    
|uhtml|bestof|Game 1 of a best-of-3
|t:|1757809198
|gametype|doubles
|player|p1|UmamusumeDerby|bugcatcher-gen4dp|1228
|player|p2|parkertrainingarc|lady|1269
|gen|9
|tier|[Gen 9] VGC 2025 Reg H (Bo3)
|rated|
|rule|Species Clause: Limit one of each Pokémon
|rule|Item Clause: Limit 1 of each item
|clearpoke
|poke|p1|Ninetales-Alola, L50, F|
|poke|p1|Archaludon, L50, F|
|poke|p1|Dragapult, L50, F|
|poke|p1|Sneasler, L50, M|
|poke|p1|Incineroar, L50, F|
|poke|p1|Amoonguss, L50, M|
|poke|p2|Sneasler, L50, M|
|poke|p2|Indeedee, L50, M|
|poke|p2|Volcarona, L50, M|
|poke|p2|Ursaluna-Bloodmoon, L50, M|
|poke|p2|Annihilape, L50, F|
|poke|p2|Tyranitar, L50, M|
|teampreview|4
|showteam|p1|Ninetales-Alola||CovertCloak|SnowWarning|IcyWind,AuroraVeil,Blizzard,FreezeDry|||F|||50|,,,,,Water]Archaludon||PowerHerb|Sturdy|ElectroShot,DracoMeteor,Thunderbolt,Protect|||F|||50|,,,,,Electric]Dragapult||ChoiceBand|ClearBody|DragonDarts,Outrage,PhantomForce,Uturn|||F|||50|,,,,,Dragon]Sneasler||FocusSash|PoisonTouch|FakeOut,DireClaw,CloseCombat,Protect|||M|||50|,,,,,Ghost]Incineroar||AssaultVest|Intimidate|FlareBlitz,KnockOff,Uturn,FakeOut|||F|||50|,,,,,Bug]Amoonguss||MentalHerb|Regenerator|Protect,PollenPuff,Spore,RagePowder|||M|||50|,,,,,Water
|showteam|p2|Sneasler||PsychicSeed|Unburden|CloseCombat,DireClaw,ThroatChop,Protect|||M|||50|,,,,,Dark]Indeedee||ChoiceScarf|PsychicSurge|ExpandingForce,TeraBlast,Trick,Protect|||M|||50|,,,,,Psychic]Volcarona||SitrusBerry|FlameBody|Overheat,StruggleBug,RagePowder,Tailwind|||M|||50|,,,,,Dragon]Ursaluna-Bloodmoon||LifeOrb|MindsEye|BloodMoon,HyperVoice,EarthPower,Protect|||M|||50|,,,,,Normal]Annihilape||SafetyGoggles|Defiant|CloseCombat,RageFist,Taunt,FinalGambit|||F|||50|,,,,,Fairy]Tyranitar||AssaultVest|SandStream|RockSlide,KnockOff,TeraBlast,LowKick|||M|||50|,,,,,Flying
|
|t:|1757809247
|teamsize|p1|4
|teamsize|p2|4
|start
|switch|p1a: Incineroar|Incineroar, L50, F|100/100
|switch|p1b: Laufey|Amoonguss, L50, M|100/100
|switch|p2a: Mio Min Mio|Ursaluna-Bloodmoon, L50, M|100/100
|switch|p2b: Aldehydes|Volcarona, L50, M|100/100
|-ability|p1a: Incineroar|Intimidate|boost
|-unboost|p2a: Mio Min Mio|atk|1
|-unboost|p2b: Aldehydes|atk|1
|turn|1
|
|t:|1757809267
|move|p1a: Incineroar|Fake Out|p2a: Mio Min Mio
|-damage|p2a: Mio Min Mio|90/100
|move|p2b: Aldehydes|Tailwind|p2b: Aldehydes
|-sidestart|p2: parkertrainingarc|move: Tailwind
|cant|p2a: Mio Min Mio|flinch
|move|p1b: Laufey|Spore|p2b: Aldehydes
|-status|p2b: Aldehydes|slp|[from] move: Spore
|
|upkeep
|turn|2
|
|t:|1757809283
|cant|p2b: Aldehydes|slp
|move|p2a: Mio Min Mio|Blood Moon|p1b: Laufey
|-damage|p1b: Laufey|15/100
|-damage|p2a: Mio Min Mio|80/100|[from] item: Life Orb
|move|p1a: Incineroar|U-turn|p2b: Aldehydes
|-resisted|p2b: Aldehydes
|-damage|p2b: Aldehydes|87/100 slp
|
|t:|1757809288
|switch|p1a: Dragapult|Dragapult, L50, F|100/100|[from] U-turn
|move|p1b: Laufey|Spore|p2a: Mio Min Mio
|-status|p2a: Mio Min Mio|slp|[from] move: Spore
|
|upkeep
|turn|3
|
|t:|1757809299
|switch|p1b: Incineroar|Incineroar, L50, F|100/100
|-ability|p1b: Incineroar|Intimidate|boost
|-unboost|p2a: Mio Min Mio|atk|1
|-unboost|p2b: Aldehydes|atk|1
|cant|p2b: Aldehydes|slp
|move|p1a: Dragapult|Dragon Darts|p2b: Aldehydes
|-damage|p2b: Aldehydes|40/100 slp
|-enditem|p2b: Aldehydes|Sitrus Berry|[eat]
|-heal|p2b: Aldehydes|65/100 slp|[from] item: Sitrus Berry
|-anim|p1a: Dragapult|Dragon Darts|p2a: Mio Min Mio
|-damage|p2a: Mio Min Mio|48/100 slp
|cant|p2a: Mio Min Mio|slp
|
|upkeep
|turn|4
|
|t:|1757809319
|cant|p2a: Mio Min Mio|slp
|move|p1b: Incineroar|Fake Out|p2a: Mio Min Mio
|-damage|p2a: Mio Min Mio|37/100 slp
|-curestatus|p2b: Aldehydes|slp|[msg]
|move|p2b: Aldehydes|Struggle Bug|p1b: Incineroar|[spread] p1a,p1b
|-resisted|p1a: Dragapult
|-damage|p1a: Dragapult|89/100
|-damage|p1b: Incineroar|90/100
|-unboost|p1b: Incineroar|spa|1
|move|p1a: Dragapult|Dragon Darts|p2a: Mio Min Mio
|-damage|p2a: Mio Min Mio|4/100 slp
|-anim|p1a: Dragapult|Dragon Darts|p2b: Aldehydes
|-damage|p2b: Aldehydes|18/100
|
|-sideend|p2: parkertrainingarc|move: Tailwind
|upkeep
|turn|5
|
|t:|1757809327
|switch|p1b: Sneasler|Sneasler, L50, M|100/100
|-curestatus|p2a: Mio Min Mio|slp|[msg]
|move|p2a: Mio Min Mio|Protect|p2a: Mio Min Mio
|-singleturn|p2a: Mio Min Mio|Protect
|move|p1a: Dragapult|Dragon Darts|p2b: Aldehydes
|-damage|p2b: Aldehydes|0 fnt
|faint|p2b: Aldehydes
|
|upkeep
|
|t:|1757809334
|switch|p2b: Meanie|Indeedee, L50, M|100/100
|-fieldstart|move: Psychic Terrain|[from] ability: Psychic Surge|[of] p2b: Meanie
|turn|6
|
|t:|1757809348
|move|p2b: Meanie|Expanding Force|p1a: Dragapult|[spread] p1a,p1b
|-supereffective|p1b: Sneasler
|-damage|p1a: Dragapult|16/100
|-enditem|p1b: Sneasler|Focus Sash
|-damage|p1b: Sneasler|1/100
|move|p1a: Dragapult|Dragon Darts|p2a: Mio Min Mio
|-damage|p2a: Mio Min Mio|0 fnt
|-anim|p1a: Dragapult|Dragon Darts|p2b: Meanie
|-damage|p2b: Meanie|25/100
|faint|p2a: Mio Min Mio
|move|p1b: Sneasler|Dire Claw|p2b: Meanie
|-damage|p2b: Meanie|0 fnt
|faint|p2b: Meanie
|
|upkeep
|
|t:|1757809354
|switch|p2b: HornetDisaster|Sneasler, L50, M|100/100
|-enditem|p2b: HornetDisaster|Psychic Seed
|-boost|p2b: HornetDisaster|spd|1|[from] item: Psychic Seed
|turn|7
|-message|parkertrainingarc forfeited.
|
|win|UmamusumeDerby
