|j|☆redx50
|j|☆aefrmm
|html|redx50aefrmm    
|uhtml|bestof|Game 2 of a best-of-3
|t:|1756353105
|gametype|doubles
|player|p1|redx50|red|1137
|player|p2|aefrmm|pokemonrangerf-gen4|1100
|gen|9
|tier|[Gen 9] VGC 2025 Reg H (Bo3)
|rated|
|rule|Species Clause: Limit one of each Pokémon
|rule|Item Clause: Limit 1 of each item
|clearpoke
|poke|p1|Talonflame, L50, F|
|poke|p1|Farigiraf, L50, M|
|poke|p1|Ursaluna, L50, M|
|poke|p1|Empoleon, L50, M|
|poke|p1|Pawmot, L50, M|
|poke|p1|Incineroar, L50, M|
|poke|p2|Ninetales-Alola, L50, F|
|poke|p2|Basculegion, L50, M|
|poke|p2|Magmar, L50, M|
|poke|p2|Sneasler, L50, M|
|poke|p2|Rillaboom, L50, M|
|poke|p2|Kingambit, L50, M|
|teampreview|4
|showteam|p1|Talonflame||SharpBeak|GaleWings|DualWingbeat,Tailwind,Uturn,Protect|||F|||50|,,,,,Ghost]Farigiraf||ThroatSpray|ArmorTail|HyperVoice,Psychic,Protect,TrickRoom|||M|||50|,,,,,Fairy]Ursaluna||FlameOrb|Guts|Facade,Protect,HeadlongRush,Earthquake|||M|||50|,,,,,Ghost]Empoleon||LifeOrb|Competitive|WaterPledge,FlashCannon,Protect,IceBeam|||M|||50|,,,,,Grass]Pawmot||FocusSash|NaturalCure|DoubleShock,CloseCombat,FakeOut,Protect|||M|||50|,,,,,Electric]Incineroar||SafetyGoggles|Intimidate|FlareBlitz,KnockOff,FakeOut,PartingShot|||M|||50|,,,,,Grass
|showteam|p2|Ninetales-Alola||LifeOrb|SnowWarning|Blizzard,FreezeDry,Encore,Protect|||F|||50|,,,,,Ghost]Basculegion||ChoiceScarf|Adaptability|WaveCrash,LastRespects,FlipTurn,TeraBlast|||M|||50|,,,,,Fighting]Magmar||Eviolite|VitalSpirit|Taunt,HeatWave,FollowMe,Protect|||M|||50|,,,,,Water]Sneasler||FocusSash|PoisonTouch|CloseCombat,DireClaw,FakeOut,Protect|||M|||50|,,,,,Stellar]Rillaboom||AssaultVest|GrassySurge|WoodHammer,GrassyGlide,Uturn,FakeOut|||M|||50|,,,,,Water]Kingambit||BlackGlasses|Defiant|KowtowCleave,SuckerPunch,SwordsDance,Protect|||M|||50|,,,,,Fire
|inactive|Battle timer is ON: inactive players will automatically lose when time's up. (requested by aefrmm)
|inactive|redx50 has 60 seconds left.
|
|t:|1756353144
|teamsize|p1|4
|teamsize|p2|4
|start
|switch|p1a: Talonflame|Talonflame, L50, F|100/100
|switch|p1b: Farigiraf|Farigiraf, L50, M|100/100
|switch|p2a: Ninetales|Ninetales-Alola, L50, F|100/100
|switch|p2b: Sneasler|Sneasler, L50, M|100/100
|-weather|Snowscape|[from] ability: Snow Warning|[of] p2a: Ninetales
|turn|1
|
|t:|1756353165
|move|p2b: Sneasler|Protect|p2b: Sneasler
|-singleturn|p2b: Sneasler|Protect
|move|p1a: Talonflame|Dual Wingbeat|p2b: Sneasler
|-activate|p2b: Sneasler|move: Protect
|move|p2a: Ninetales|Blizzard|p1b: Farigiraf|[spread] p1a,p1b
|-damage|p1a: Talonflame|42/100
|-damage|p1b: Farigiraf|55/100
|-damage|p2a: Ninetales|91/100|[from] item: Life Orb
|move|p1b: Farigiraf|Trick Room|p1b: Farigiraf
|-fieldstart|move: Trick Room|[of] p1b: Farigiraf
|
|-weather|Snowscape|[upkeep]
|upkeep
|turn|2
|inactive|aefrmm has 30 seconds left.
|
|t:|1756353191
|move|p1b: Farigiraf|Hyper Voice|p2b: Sneasler|[spread] p2a,p2b
|-damage|p2a: Ninetales|50/100
|-damage|p2b: Sneasler|60/100
|-enditem|p1b: Farigiraf|Throat Spray
|-boost|p1b: Farigiraf|spa|1|[from] item: Throat Spray
|move|p2b: Sneasler|Dire Claw|p1a: Talonflame
|-damage|p1a: Talonflame|0 fnt
|faint|p1a: Talonflame
|move|p2a: Ninetales|Blizzard|p1b: Farigiraf
|-damage|p1b: Farigiraf|2/100
|-damage|p2a: Ninetales|41/100|[from] item: Life Orb
|
|-weather|Snowscape|[upkeep]
|upkeep
|
|t:|1756353202
|switch|p1a: Incineroar|Incineroar, L50, M|100/100
|-ability|p1a: Incineroar|Intimidate|boost
|-unboost|p2a: Ninetales|atk|1
|-unboost|p2b: Sneasler|atk|1
|turn|3
|
|t:|1756353213
|move|p2b: Sneasler|Protect|p2b: Sneasler
|-singleturn|p2b: Sneasler|Protect
|move|p2a: Ninetales|Protect|p2a: Ninetales
|-singleturn|p2a: Ninetales|Protect
|move|p1b: Farigiraf|Psychic|p2b: Sneasler
|-activate|p2b: Sneasler|move: Protect
|move|p1a: Incineroar|Flare Blitz|p2a: Ninetales
|-activate|p2a: Ninetales|move: Protect
|
|-weather|Snowscape|[upkeep]
|upkeep
|turn|4
|
|t:|1756353234
|move|p1b: Farigiraf|Psychic|p2b: Sneasler
|-supereffective|p2b: Sneasler
|-damage|p2b: Sneasler|0 fnt
|faint|p2b: Sneasler
|move|p1a: Incineroar|Flare Blitz|p2a: Ninetales
|-supereffective|p2a: Ninetales
|-damage|p2a: Ninetales|0 fnt
|faint|p2a: Ninetales
|-damage|p1a: Incineroar|90/100|[from] Recoil
|
|-weather|Snowscape|[upkeep]
|upkeep
|
|t:|1756353240
|switch|p2b: Basculegion|Basculegion, L50, M|100/100
|switch|p2a: Rillaboom|Rillaboom, L50, M|100/100
|-fieldstart|move: Grassy Terrain|[from] ability: Grassy Surge|[of] p2a: Rillaboom
|turn|5
|inactive|aefrmm has 30 seconds left.
|inactive|aefrmm has 20 seconds left.
|inactive|aefrmm has 15 seconds left.
|inactive|aefrmm has 10 seconds left.
|
|t:|1756353290
|-terastallize|p2b: Basculegion|Fighting
|move|p1b: Farigiraf|Psychic|p2b: Basculegion
|-supereffective|p2b: Basculegion
|-crit|p2b: Basculegion
|-damage|p2b: Basculegion|0 fnt
|faint|p2b: Basculegion
|move|p1a: Incineroar|Knock Off|p2a: Rillaboom
|-damage|p2a: Rillaboom|59/100
|-enditem|p2a: Rillaboom|Assault Vest|[from] move: Knock Off|[of] p1a: Incineroar
|move|p2a: Rillaboom|U-turn|p1b: Farigiraf
|-supereffective|p1b: Farigiraf
|-damage|p1b: Farigiraf|0 fnt
|faint|p1b: Farigiraf
|
|-weather|none
|-heal|p1a: Incineroar|96/100|[from] Grassy Terrain
|-heal|p2a: Rillaboom|65/100|[from] Grassy Terrain
|-fieldend|move: Trick Room
|upkeep
|
|t:|1756353294
|switch|p1b: Ursaluna|Ursaluna, L50, M|100/100
|turn|6
|
|t:|1756353306
|-terastallize|p1b: Ursaluna|Ghost
|move|p2a: Rillaboom|Grassy Glide|p1b: Ursaluna
|-damage|p1b: Ursaluna|69/100
|move|p1a: Incineroar|Flare Blitz|p2a: Rillaboom
|-supereffective|p2a: Rillaboom
|-damage|p2a: Rillaboom|0 fnt
|faint|p2a: Rillaboom
|-damage|p1a: Incineroar|74/100|[from] Recoil
|
|win|redx50
||redx50 is ready for game 3.
||aefrmm is ready for game 3.
|uhtml|next|Next: Game 3 of 3
