|j|☆komsu
|j|☆lorenzopoke
|html|komsulorenzopoke    
|uhtml|bestof|Game 1 of a best-of-3
|t:|1784146376
|gametype|doubles
|player|p1|komsu|gambler|1235
|player|p2|lorenzopoke|red|1100
|gen|9
|tier|[Gen 9 Champions] VGC 2026 Reg M-B (Bo3)
|rated|
|rule|Species Clause: Limit one of each Pokémon
|rule|Item Clause: Limit 1 of each item
|clearpoke
|poke|p1|Kingambit, L50, M|
|poke|p1|Charizard, L50, M|
|poke|p1|Aerodactyl, L50, M|
|poke|p1|Farigiraf, L50, F|
|poke|p1|Garchomp, L50, M|
|poke|p1|Sylveon, L50, F|
|poke|p2|Staraptor, L50, M|
|poke|p2|Farigiraf, L50, M|
|poke|p2|Sylveon, L50, F|
|poke|p2|Torkoal, L50, M|
|poke|p2|Ampharos, L50, M|
|poke|p2|Kangaskhan, L50, F|
|teampreview|4
|showteam|p1|Kingambit||FocusSash|Defiant|KowtowCleave,IronHead,SuckerPunch,LowKick|Adamant||M|||50|]Charizard||CharizarditeY|Blaze|HeatWave,SolarBeam,WeatherBall,Protect|Modest||M|||50|]Aerodactyl||Aerodactylite|Unnerve|RockSlide,DualWingbeat,IceFang,Tailwind|Jolly||M|||50|]Farigiraf||SitrusBerry|ArmorTail|Psychic,Thunderbolt,TrickRoom,Protect|Bold||F|||50|]Garchomp||LifeOrb|RoughSkin|Earthquake,DragonClaw,RockSlide,Protect|Jolly||M|||50|]Sylveon||FairyFeather|Pixilate|HyperVoice,HyperBeam,QuickAttack,Protect|Modest||F|||50|
|showteam|p2|Staraptor||ChoiceScarf|Intimidate|BraveBird,CloseCombat,Uturn,FinalGambit|Jolly||M|||50|]Farigiraf||SitrusBerry|ArmorTail|HelpingHand,TwinBeam,Thunderbolt,TrickRoom|Sassy||M|||50|]Sylveon||FairyFeather|Pixilate|HyperVoice,QuickAttack,HyperBeam,Detect|Quiet||F|||50|]Torkoal||Charcoal|Drought|Eruption,WeatherBall,HeatWave,Protect|Quiet||M|||50|]Ampharos||Ampharosite|Static|Thunderbolt,DragonPulse,PowerGem,Protect|Quiet||M|||50|]Kangaskhan||Kangaskhanite|Scrappy|HammerArm,FakeOut,DoubleEdge,RockTomb|Adamant||F|||50|
|
|t:|1784146437
|teamsize|p1|4
|teamsize|p2|4
|start
|switch|p1a: Kingambit|Kingambit, L50, M|100/100
|switch|p1b: Sylveon|Sylveon, L50, F|100/100
|switch|p2a: Kangaskhan|Kangaskhan, L50, F|100/100
|switch|p2b: Farigiraf|Farigiraf, L50, M|100/100
|turn|1
|
|t:|1784146476
|switch|p1a: Farigiraf|Farigiraf, L50, F|100/100
|detailschange|p2a: Kangaskhan|Kangaskhan-Mega, L50, F
|-mega|p2a: Kangaskhan|Kangaskhan|Kangaskhanite
|move|p2a: Kangaskhan|Hammer Arm|p1a: Farigiraf
|-damage|p1a: Farigiraf|72/100
|-unboost|p2a: Kangaskhan|spe|1
|-crit|p1a: Farigiraf
|-damage|p1a: Farigiraf|61/100
|-unboost|p2a: Kangaskhan|spe|1
|-hitcount|p1a: Farigiraf|2
|move|p1b: Sylveon|Hyper Voice|p2a: Kangaskhan|[spread] p2a,p2b
|-damage|p2a: Kangaskhan|58/100
|-damage|p2b: Farigiraf|60/100
|move|p2b: Farigiraf|Trick Room|p2b: Farigiraf
|-fieldstart|move: Trick Room|[of] p2b: Farigiraf
|
|upkeep
|turn|2
|
|t:|1784146518
|move|p1a: Farigiraf|Protect|p1a: Farigiraf
|-singleturn|p1a: Farigiraf|Protect
|move|p2a: Kangaskhan|Double-Edge|p1a: Farigiraf
|-activate|p1a: Farigiraf|move: Protect
|move|p2b: Farigiraf|Twin Beam|p1b: Sylveon
|-damage|p1b: Sylveon|86/100
|-damage|p1b: Sylveon|72/100
|-hitcount|p1b: Sylveon|2
|move|p1b: Sylveon|Hyper Voice|p2a: Kangaskhan|[spread] p2a,p2b
|-damage|p2a: Kangaskhan|17/100
|-damage|p2b: Farigiraf|22/100
|-enditem|p2b: Farigiraf|Sitrus Berry|[eat]
|-heal|p2b: Farigiraf|47/100|[from] item: Sitrus Berry
|
|upkeep
|turn|3
|
|t:|1784146550
|switch|p1a: Kingambit|Kingambit, L50, M|100/100
|move|p2a: Kangaskhan|Double-Edge|p1a: Kingambit
|-resisted|p1a: Kingambit|1
|-damage|p1a: Kingambit|71/100
|-resisted|p1a: Kingambit|1
|-crit|p1a: Kingambit
|-damage|p1a: Kingambit|61/100
|-hitcount|p1a: Kingambit|2
|-damage|p2a: Kangaskhan|7/100|[from] Recoil
|move|p2b: Farigiraf|Twin Beam|p1b: Sylveon
|-damage|p1b: Sylveon|60/100
|-damage|p1b: Sylveon|48/100
|-hitcount|p1b: Sylveon|2
|move|p1b: Sylveon|Hyper Voice|p2b: Farigiraf|[spread] p2a,p2b
|-damage|p2a: Kangaskhan|0 fnt
|-damage|p2b: Farigiraf|8/100
|faint|p2a: Kangaskhan
|
|upkeep
|
|t:|1784146586
|switch|p2a: Torkoal|Torkoal, L50, M|100/100
|-weather|SunnyDay|[from] ability: Drought|[of] p2a: Torkoal
|turn|4
|
|t:|1784146601
|switch|p1a: Farigiraf|Farigiraf, L50, F|61/100
|move|p2b: Farigiraf|Helping Hand|p2a: Torkoal
|-singleturn|p2a: Torkoal|Helping Hand|[of] p2b: Farigiraf
|move|p1b: Sylveon|Protect|p1b: Sylveon
|-singleturn|p1b: Sylveon|Protect
|move|p2a: Torkoal|Eruption|p1a: Farigiraf|[spread] p1a
|-activate|p1b: Sylveon|move: Protect
|-damage|p1a: Farigiraf|0 fnt
|faint|p1a: Farigiraf
|
|-weather|SunnyDay|[upkeep]
|upkeep
|
|t:|1784146612
|switch|p1a: Garchomp|Garchomp, L50, M|100/100
|turn|5
|
|t:|1784146639
|move|p2b: Farigiraf|Helping Hand|p2a: Torkoal
|-singleturn|p2a: Torkoal|Helping Hand|[of] p2b: Farigiraf
|move|p1a: Garchomp|Protect|p1a: Garchomp
|-singleturn|p1a: Garchomp|Protect
|move|p2a: Torkoal|Eruption|p1b: Sylveon|[spread] p1b
|-activate|p1a: Garchomp|move: Protect
|-damage|p1b: Sylveon|0 fnt
|faint|p1b: Sylveon
|
|-weather|SunnyDay|[upkeep]
|-fieldend|move: Trick Room
|upkeep
|
|t:|1784146649
|switch|p1b: Kingambit|Kingambit, L50, M|61/100
|turn|6
|
|t:|1784146662
|move|p1a: Garchomp|Rock Slide|p2b: Farigiraf|[spread] p2a,p2b
|-supereffective|p2a: Torkoal|1
|-damage|p2a: Torkoal|57/100
|-damage|p2b: Farigiraf|0 fnt
|faint|p2b: Farigiraf
|-damage|p1a: Garchomp|90/100|[from] item: Life Orb
|move|p1b: Kingambit|Kowtow Cleave|p2a: Torkoal
|-damage|p2a: Torkoal|18/100
|cant|p2a: Torkoal|flinch
|
|-weather|SunnyDay|[upkeep]
|upkeep
|
|t:|1784146675
|switch|p2b: Ampharos|Ampharos, L50, M|100/100
|turn|7
|
|t:|1784146722
|move|p1a: Garchomp|Protect|p1a: Garchomp
|-singleturn|p1a: Garchomp|Protect
|move|p1b: Kingambit|Kowtow Cleave|p2a: Torkoal
|-damage|p2a: Torkoal|0 fnt
|faint|p2a: Torkoal
|move|p2b: Ampharos|Dragon Pulse|p1a: Garchomp
|-activate|p1a: Garchomp|move: Protect
|
|-weather|SunnyDay|[upkeep]
|upkeep
|turn|8
|
|t:|1784146737
|move|p1b: Kingambit|Sucker Punch|p2b: Ampharos
|-damage|p2b: Ampharos|60/100
|move|p1a: Garchomp|Earthquake|p2b: Ampharos|[spread] p1b,p2b
|-supereffective|p1b: Kingambit|1
|-supereffective|p2b: Ampharos|1
|-damage|p1b: Kingambit|0 fnt
|-damage|p2b: Ampharos|0 fnt
|faint|p1b: Kingambit
|faint|p2b: Ampharos
|-damage|p1a: Garchomp|80/100|[from] item: Life Orb
|
|win|komsu
|inactive|komsu has 30 seconds to confirm battle start!
|inactive|lorenzopoke has 30 seconds to confirm battle start!
||komsu is ready for game 2.
||lorenzopoke is ready for game 2.
|uhtml|next|Next: Game 2 of 3
