|j|☆KamiCR666
|j|☆keahi
|html|KamiCR666keahi    
|uhtml|bestof|Game 1 of a best-of-3
|t:|1783657444
|gametype|doubles
|player|p1|KamiCR666|101|1214
|player|p2|keahi|giovanni|1157
|gen|9
|tier|[Gen 9 Champions] VGC 2026 Reg M-B (Bo3)
|rated|
|rule|Species Clause: Limit one of each Pokémon
|rule|Item Clause: Limit 1 of each item
|clearpoke
|poke|p1|Charizard, L50, M|
|poke|p1|Kingambit, L50, M|
|poke|p1|Sylveon, L50, M|
|poke|p1|Garchomp, L50, M|
|poke|p1|Aerodactyl, L50, M|
|poke|p1|Farigiraf, L50, F|
|poke|p2|Scovillain, L50, F, shiny|
|poke|p2|Tyranitar, L50, F|
|poke|p2|Excadrill, L50, M|
|poke|p2|Talonflame, L50, F|
|poke|p2|Sylveon, L50, F, shiny|
|poke|p2|Araquanid, L50, M|
|teampreview|4
|showteam|p1|Charizard||CharizarditeY|SolarPower|Protect,HeatWave,SolarBeam,WeatherBall|Modest||M|||50|]Kingambit||FocusSash|Defiant|IronHead,SuckerPunch,KowtowCleave,LowKick|Adamant||M|||50|]Sylveon||FairyFeather|Pixilate|Detect,HyperVoice,HyperBeam,QuickAttack|Modest||M|||50|]Garchomp||LifeOrb|RoughSkin|Protect,DragonClaw,Earthquake,RockSlide|Jolly||M|||50|]Aerodactyl||Aerodactylite|Unnerve|IceFang,RockSlide,Tailwind,DualWingbeat|Jolly||M|||50|]Farigiraf||SitrusBerry|ArmorTail|TrickRoom,Psychic,Thunderbolt,Protect|Bold||F|||50|
|showteam|p2|Scovillain||Scovillainite|Moody|Protect,GigaDrain,Flamethrower,RagePowder|Bold||F|||50|]Tyranitar||Tyranitarite|SandStream|RockSlide,Protect,Assurance,LowKick|Adamant||F|||50|]Excadrill||FocusSash|SandRush|HighHorsepower,IronHead,Protect,RockSlide|Adamant||M|||50|]Talonflame||SharpBeak|GaleWings|BraveBird,Tailwind,FlareBlitz,Protect|Jolly||F|||50|]Sylveon||FairyFeather|Pixilate|HyperVoice,Detect,QuickAttack,HyperBeam|Modest||F|||50|]Araquanid||MysticWater|WaterBubble|Liquidation,LeechLife,WideGuard,Protect|Careful||M|||50|
|
|t:|1783657470
|teamsize|p1|4
|teamsize|p2|4
|start
|switch|p1a: Aerodactyl|Aerodactyl, L50, M|100/100
|switch|p1b: Garchomp|Garchomp, L50, M|100/100
|switch|p2a: Sylveon|Sylveon, L50, F, shiny|100/100
|switch|p2b: Excadrill|Excadrill, L50, M|100/100
|-ability|p1a: Aerodactyl|Unnerve
|turn|1
|
|t:|1783657494
|detailschange|p1a: Aerodactyl|Aerodactyl-Mega, L50, M
|-mega|p1a: Aerodactyl|Aerodactyl|Aerodactylite
|move|p1a: Aerodactyl|Dual Wingbeat|p2a: Sylveon
|-damage|p2a: Sylveon|64/100
|-damage|p2a: Sylveon|29/100
|-hitcount|p2a: Sylveon|2
|move|p1b: Garchomp|Earthquake|p2b: Excadrill|[spread] p2a,p2b
|-immune|p1a: Aerodactyl
|-supereffective|p2b: Excadrill|1
|-damage|p2a: Sylveon|0 fnt
|-enditem|p2b: Excadrill|Focus Sash
|-damage|p2b: Excadrill|1/100
|faint|p2a: Sylveon
|-damage|p1b: Garchomp|90/100|[from] item: Life Orb
|move|p2b: Excadrill|Iron Head|p1a: Aerodactyl
|-supereffective|p1a: Aerodactyl|1
|-damage|p1a: Aerodactyl|0 fnt
|faint|p1a: Aerodactyl
|
|upkeep
|
|t:|1783657511
|switch|p1a: Farigiraf|Farigiraf, L50, F|100/100
|switch|p2a: Araquanid|Araquanid, L50, M|100/100
|turn|2
|
|t:|1783657531
|move|p2a: Araquanid|Wide Guard|p2a: Araquanid
|-singleturn|p2a: Araquanid|Wide Guard
|move|p1b: Garchomp|Rock Slide|p2b: Excadrill|[spread] 
|-activate|p2a: Araquanid|move: Wide Guard
|-activate|p2b: Excadrill|move: Wide Guard
|move|p2b: Excadrill|Iron Head|p1a: Farigiraf
|-damage|p1a: Farigiraf|64/100
|move|p1a: Farigiraf|Thunderbolt|p2a: Araquanid
|-supereffective|p2a: Araquanid|1
|-damage|p2a: Araquanid|65/100
|
|upkeep
|turn|3
|
|t:|1783657544
|switch|p2b: Tyranitar|Tyranitar, L50, F|100/100
|-weather|Sandstorm|[from] ability: Sand Stream|[of] p2b: Tyranitar
|move|p1b: Garchomp|Dragon Claw|p2b: Tyranitar
|-damage|p2b: Tyranitar|54/100
|-damage|p1b: Garchomp|80/100|[from] item: Life Orb
|move|p1a: Farigiraf|Thunderbolt|p2a: Araquanid
|-supereffective|p2a: Araquanid|1
|-damage|p2a: Araquanid|32/100
|move|p2a: Araquanid|Leech Life|p1a: Farigiraf
|-supereffective|p1a: Farigiraf|1
|-damage|p1a: Farigiraf|25/100
|-heal|p2a: Araquanid|56/100|[from] drain|[of] p1a: Farigiraf
|-enditem|p1a: Farigiraf|Sitrus Berry|[eat]
|-heal|p1a: Farigiraf|50/100g|[from] item: Sitrus Berry
|
|-weather|Sandstorm|[upkeep]
|-damage|p1a: Farigiraf|45/100|[from] Sandstorm
|-damage|p2a: Araquanid|50/100g|[from] Sandstorm
|upkeep
|turn|4
|
|t:|1783657570
|detailschange|p2b: Tyranitar|Tyranitar-Mega, L50, F
|-mega|p2b: Tyranitar|Tyranitar|Tyranitarite
|move|p1a: Farigiraf|Protect|p1a: Farigiraf
|-singleturn|p1a: Farigiraf|Protect
|move|p1b: Garchomp|Earthquake|p2b: Tyranitar|[spread] p2a,p2b
|-activate|p1a: Farigiraf|move: Protect
|-resisted|p2a: Araquanid|1
|-supereffective|p2b: Tyranitar|1
|-damage|p2a: Araquanid|23/100
|-damage|p2b: Tyranitar|0 fnt
|faint|p2b: Tyranitar
|-damage|p1b: Garchomp|70/100|[from] item: Life Orb
|move|p2a: Araquanid|Leech Life|p1a: Farigiraf
|-activate|p1a: Farigiraf|move: Protect
|
|-weather|Sandstorm|[upkeep]
|-damage|p1a: Farigiraf|39/100|[from] Sandstorm
|-damage|p2a: Araquanid|17/100|[from] Sandstorm
|upkeep
|
|t:|1783657574
|switch|p2b: Excadrill|Excadrill, L50, M|1/100
|turn|5
|
|t:|1783657588
|move|p2b: Excadrill|Iron Head|p1b: Garchomp
|-damage|p1b: Garchomp|26/100
|-damage|p2b: Excadrill|0 fnt|[from] ability: Rough Skin|[of] p1b: Garchomp
|faint|p2b: Excadrill
|move|p1b: Garchomp|Earthquake|p2a: Araquanid|[spread] p1a,p2a
|-resisted|p2a: Araquanid|1
|-damage|p1a: Farigiraf|5/100
|-damage|p2a: Araquanid|0 fnt
|faint|p2a: Araquanid
|-damage|p1b: Garchomp|16/100|[from] item: Life Orb
|
|win|KamiCR666
||KamiCR666 is ready for game 2.
||keahi is ready for game 2.
|uhtml|next|Next: Game 2 of 3
