|j|☆Gen4lover2
|j|☆Blizzzey
|html|Gen4lover2Blizzzey    
|uhtml|bestof|Game 1 of a best-of-3
|t:|1785782973
|gametype|doubles
|player|p1|Gen4lover2|wallace|1206
|player|p2|Blizzzey|266|1109
|gen|9
|tier|[Gen 9 Champions] VGC 2026 Reg M-B (Bo3)
|rated|
|rule|Species Clause: Limit one of each Pokémon
|rule|Item Clause: Limit 1 of each item
|clearpoke
|poke|p1|Tyranitar, L50, M|
|poke|p1|Excadrill, L50, F|
|poke|p1|Staraptor, L50, F|
|poke|p1|Milotic, L50, F|
|poke|p1|Gholdengo, L50|
|poke|p1|Sinistcha-Masterpiece, L50|
|poke|p2|Pyroar, L50, M|
|poke|p2|Vileplume, L50, M|
|poke|p2|Torkoal, L50, M|
|poke|p2|Incineroar, L50, F|
|poke|p2|Floette-Eternal, L50, F|
|poke|p2|Farigiraf, L50, F|
|teampreview|4
|showteam|p1|Tyranitar||Tyranitarite|SandStream|RockSlide,KnockOff,LowKick,Protect|Adamant||M|||50|]Excadrill||FocusSash|SandRush|HighHorsepower,IronHead,RockSlide,Protect|Adamant||F|||50|]Staraptor||Staraptite|Intimidate|BraveBird,CloseCombat,Tailwind,Protect|Jolly||F|||50|]Milotic||SitrusBerry|Competitive|Scald,IceBeam,Recover,Protect|Modest||F|||50|]Gholdengo||LifeOrb|GoodasGold|MakeItRain,ShadowBall,NastyPlot,Protect|Modest|||||50|]Sinistcha-Masterpiece||ColburBerry|Hospitality|MatchaGotcha,RagePowder,TrickRoom,Protect|Relaxed|||||50|
|showteam|p2|Pyroar||Pyroarite|Rivalry|HeatWave,SolarBeam,Overheat,Protect|Timid||M|||50|]Vileplume||FocusSash|Chlorophyll|SleepPowder,AfterYou,SludgeBomb,SolarBeam|Timid||M|||50|]Torkoal||Charcoal|Drought|Protect,Eruption,HelpingHand,WeatherBall|Quiet||M|||50|]Incineroar||WhiteHerb|Intimidate|FakeOut,DarkestLariat,FlareBlitz,CloseCombat|Brave||F|||50|]Floette-Eternal||Floettite|FlowerVeil|Protect,Moonblast,CalmMind,DrainingKiss|Modest||F|||50|]Farigiraf||SitrusBerry|ArmorTail|HelpingHand,Psychic,Thunderbolt,TrickRoom|Relaxed||F|||50|
|inactive|Battle timer is ON: inactive players will automatically lose when time's up. (requested by Gen4lover2)
|inactive|Gen4lover2 has 60 seconds left.
|inactive|Blizzzey has 60 seconds left.
|inactive|Blizzzey has 30 seconds left.
|inactive|Gen4lover2 has 30 seconds left.
|
|t:|1785783046
|teamsize|p1|4
|teamsize|p2|4
|start
|switch|p1a: Tyranitar|Tyranitar, L50, M|100/100
|switch|p1b: Excadrill|Excadrill, L50, F|100/100
|switch|p2a: Incineroar|Incineroar, L50, F|100/100
|switch|p2b: Farigiraf|Farigiraf, L50, F|100/100
|-weather|Sandstorm|[from] ability: Sand Stream|[of] p1a: Tyranitar
|-ability|p2a: Incineroar|Intimidate|boost
|-unboost|p1a: Tyranitar|atk|1
|-unboost|p1b: Excadrill|atk|1
|turn|1
|
|t:|1785783067
|move|p2a: Incineroar|Fake Out|p1a: Tyranitar
|-resisted|p1a: Tyranitar|1
|-damage|p1a: Tyranitar|93/100
|move|p1b: Excadrill|High Horsepower|p2a: Incineroar
|-supereffective|p2a: Incineroar|1
|-damage|p2a: Incineroar|30/100
|cant|p1a: Tyranitar|flinch
|move|p2b: Farigiraf|Trick Room|p2b: Farigiraf
|-fieldstart|move: Trick Room|[of] p2b: Farigiraf
|
|-weather|Sandstorm|[upkeep]
|-damage|p2a: Incineroar|24/100|[from] Sandstorm
|-damage|p2b: Farigiraf|93/100|[from] Sandstorm
|upkeep
|turn|2
|inactive|Blizzzey has 30 seconds left.
|inactive|Blizzzey has 20 seconds left.
|
|t:|1785783106
|move|p1a: Tyranitar|Protect|p1a: Tyranitar
|-singleturn|p1a: Tyranitar|Protect
|move|p1b: Excadrill|Protect|p1b: Excadrill
|-singleturn|p1b: Excadrill|Protect
|move|p2a: Incineroar|Flare Blitz|p1a: Tyranitar
|-activate|p1a: Tyranitar|move: Protect
|move|p2b: Farigiraf|Psychic|p1b: Excadrill
|-activate|p1b: Excadrill|move: Protect
|
|-weather|Sandstorm|[upkeep]
|-damage|p2b: Farigiraf|87/100|[from] Sandstorm
|-damage|p2a: Incineroar|18/100|[from] Sandstorm
|upkeep
|turn|3
|
|t:|1785783130
|switch|p1a: Milotic|Milotic, L50, F|100/100
|move|p2b: Farigiraf|Psychic|p1b: Excadrill
|-resisted|p1b: Excadrill|1
|-damage|p1b: Excadrill|76/100
|move|p2a: Incineroar|Flare Blitz|p1b: Excadrill
|-supereffective|p1b: Excadrill|1
|-damage|p1b: Excadrill|0 fnt
|faint|p1b: Excadrill
|-damage|p2a: Incineroar|0 fnt|[from] Recoil
|faint|p2a: Incineroar
|
|-weather|Sandstorm|[upkeep]
|-damage|p2b: Farigiraf|81/100|[from] Sandstorm
|-damage|p1a: Milotic|94/100|[from] Sandstorm
|upkeep
|
|t:|1785783149
|switch|p2a: Floette|Floette-Eternal, L50, F|100/100
|switch|p1b: Gholdengo|Gholdengo, L50|100/100
|turn|4
|inactive|Blizzzey has 30 seconds left.
|
|t:|1785783176
|detailschange|p2a: Floette|Floette-Mega, L50, F
|-mega|p2a: Floette|Floette|Floettite
|-ability|p2a: Floette|Fairy Aura
|move|p2b: Farigiraf|Thunderbolt|p1a: Milotic
|-supereffective|p1a: Milotic|1
|-damage|p1a: Milotic|59/100
|move|p1a: Milotic|Scald|p2a: Floette
|-damage|p2a: Floette|74/100
|-status|p2a: Floette|brn
|move|p1b: Gholdengo|Nasty Plot|p1b: Gholdengo
|-boost|p1b: Gholdengo|spa|2
|move|p2a: Floette|Moonblast|p1a: Milotic
|-damage|p1a: Milotic|8/100
|-enditem|p1a: Milotic|Sitrus Berry|[eat]
|-heal|p1a: Milotic|33/100|[from] item: Sitrus Berry
|
|-weather|Sandstorm|[upkeep]
|-damage|p2b: Farigiraf|75/100|[from] Sandstorm
|-damage|p1a: Milotic|27/100|[from] Sandstorm
|-damage|p2a: Floette|67/100 brn|[from] Sandstorm
|-damage|p2a: Floette|61/100 brn|[from] brn
|upkeep
|turn|5
|inactive|Gen4lover2 has 30 seconds left.
|inactive|Blizzzey has 30 seconds left.
|inactive|Gen4lover2 has 20 seconds left.
|inactive|Blizzzey has 20 seconds left.
|inactive|Blizzzey has 15 seconds left.
|inactive|Blizzzey has 10 seconds left.
|
|t:|1785783223
|move|p1a: Milotic|Protect|p1a: Milotic
|-singleturn|p1a: Milotic|Protect
|move|p2a: Floette|Protect|p2a: Floette
|-singleturn|p2a: Floette|Protect
|move|p2b: Farigiraf|Thunderbolt|p1a: Milotic
|-activate|p1a: Milotic|move: Protect
|move|p1b: Gholdengo|Shadow Ball|p2a: Floette
|-activate|p2a: Floette|move: Protect
|
|-weather|none
|-damage|p2a: Floette|55/100 brn|[from] brn
|-fieldend|move: Trick Room
|upkeep
|turn|6
|inactive|Blizzzey has 30 seconds left.
|inactive|Blizzzey has 20 seconds left.
|
|t:|1785783261
|move|p2a: Floette|Moonblast|p1a: Milotic
|-damage|p1a: Milotic|0 fnt
|faint|p1a: Milotic
|move|p1b: Gholdengo|Make It Rain|p2b: Farigiraf|[spread] p2a,p2b
|-supereffective|p2a: Floette|1
|-damage|p2a: Floette|0 fnt
|-damage|p2b: Farigiraf|0 fnt
|-unboost|p1b: Gholdengo|spa|2
|faint|p2a: Floette
|faint|p2b: Farigiraf
|-damage|p1b: Gholdengo|90/100|[from] item: Life Orb
|
|upkeep
|-message|Blizzzey forfeited.
|
|win|Gen4lover2
||Blizzzey is ready for game 2.
