|j|‽Mortimerd
|j|☆TJP195
|html|MortimerdTJP195    
|uhtml|bestof|Game 2 of a best-of-3
|t:|1757078293
|gametype|doubles
|player|p1|Mortimerd|drayden|1124
|player|p2|TJP195|rocketgrunt|1083
|gen|9
|tier|[Gen 9] VGC 2025 Reg H (Bo3)
|rated|
|rule|Species Clause: Limit one of each Pokémon
|rule|Item Clause: Limit 1 of each item
|clearpoke
|poke|p1|Tyranitar, L50, F|
|poke|p1|Garchomp, L50, M|
|poke|p1|Corviknight, L50, F|
|poke|p1|Weezing-Galar, L50, F|
|poke|p1|Toedscruel, L50, F|
|poke|p1|Incineroar, L50, M|
|poke|p2|Braviary-Hisui, L50, M|
|poke|p2|Ursaluna, L50, M|
|poke|p2|Indeedee-F, L50, F|
|poke|p2|Pawmot, L50, M|
|poke|p2|Tauros-Paldea-Aqua, L50, M|
|poke|p2|Meowstic, L50, M|
|teampreview|4
|showteam|p1|Tyranitar||ClearAmulet|SandStream|RockSlide,KnockOff,TeraBlast,Protect|||F|||50|,,,,,Flying]Garchomp||LifeOrb|RoughSkin|Earthquake,StompingTantrum,DragonClaw,Protect|||M|||50|,,,,,Steel]Corviknight||SitrusBerry|MirrorArmor|BraveBird,IronDefense,Tailwind,BulkUp|||F|||50|,,,,,Ground]Weezing-Galar||ChoiceSpecs|NeutralizingGas|SludgeBomb,DazzlingGleam,StrangeSteam,Flamethrower|||F|||50|,,,,,Grass]Toedscruel||FocusSash|MyceliumMight|Spore,AcidSpray,EarthPower,RagePowder|||F|||50|,,,,,Water]Incineroar||AbilityShield|Intimidate|FakeOut,WillOWisp,KnockOff,PartingShot|||M|||50|,,,,,Grass
|showteam|p2|Braviary-Hisui||ChoiceSpecs|TintedLens|ExpandingForce,HeatWave,Snarl,Hurricane|||M|||50|,,,,,Psychic]Ursaluna||FlameOrb|Guts|Facade,Protect,HeadlongRush,Earthquake|||M|||50|,,,,,Ghost]Indeedee-F||SafetyGoggles|PsychicSurge|TrickRoom,FollowMe,HelpingHand,DazzlingGleam|||F|||50|,,,,,Fairy]Pawmot||FocusSash|NaturalCure|DoubleShock,CloseCombat,RevivalBlessing,Protect|||M|||50|,,,,,Electric]Tauros-Paldea-Aqua||MirrorHerb|Intimidate|IronHead,RagingBull,CloseCombat,Protect|||M|||50|,,,,,Steel]Meowstic||MentalHerb|Prankster|PsychicTerrain,TrickRoom,LightScreen,RainDance|||M|||50|,,,,,Grass
|inactive|Battle timer is ON: inactive players will automatically lose when time's up. (requested by Mortimerd)
|inactive|TJP195 has 60 seconds left.
|
|t:|1757078358
|teamsize|p1|4
|teamsize|p2|4
|start
|switch|p1a: Tyranitar|Tyranitar, L50, F|100/100
|switch|p1b: Garchomp|Garchomp, L50, M|100/100
|switch|p2a: Indeedee|Indeedee-F, L50, F, shiny|100/100
|switch|p2b: Meowstic|Meowstic, L50, M, shiny|100/100
|-weather|Sandstorm|[from] ability: Sand Stream|[of] p1a: Tyranitar
|-fieldstart|move: Psychic Terrain|[from] ability: Psychic Surge|[of] p2a: Indeedee
|turn|1
|
|t:|1757078379
|-terastallize|p1a: Tyranitar|Flying
|move|p2a: Indeedee|Follow Me|p2a: Indeedee
|-singleturn|p2a: Indeedee|move: Follow Me
|move|p1b: Garchomp|Earthquake|p2b: Meowstic|[spread] p2a,p2b
|-immune|p1a: Tyranitar
|-damage|p2a: Indeedee|50/100
|-damage|p2b: Meowstic|59/100
|-damage|p1b: Garchomp|91/100|[from] item: Life Orb
|move|p1a: Tyranitar|Rock Slide|p2b: Meowstic|[spread] p2a,p2b
|-damage|p2a: Indeedee|22/100
|-damage|p2b: Meowstic|33/100
|move|p2b: Meowstic|Trick Room|p2b: Meowstic
|-fieldstart|move: Trick Room|[of] p2b: Meowstic
|
|-weather|Sandstorm|[upkeep]
|-damage|p1a: Tyranitar|94/100|[from] Sandstorm
|-damage|p2b: Meowstic|26/100|[from] Sandstorm
|upkeep
|turn|2
|inactive|TJP195 has 30 seconds left.
|
|t:|1757078414
|switch|p1a: Corviknight|Corviknight, L50, F|100/100
|move|p2a: Indeedee|Follow Me|p2a: Indeedee
|-singleturn|p2a: Indeedee|move: Follow Me
|move|p2b: Meowstic|Rain Dance|p2b: Meowstic
|-weather|RainDance
|move|p1b: Garchomp|Earthquake|p2b: Meowstic|[spread] p2a,p2b
|-immune|p1a: Corviknight
|-damage|p2a: Indeedee|0 fnt
|-damage|p2b: Meowstic|0 fnt
|faint|p2a: Indeedee
|faint|p2b: Meowstic
|-damage|p1b: Garchomp|81/100|[from] item: Life Orb
|
|-weather|RainDance|[upkeep]
|upkeep
|
|t:|1757078426
|switch|p2a: Braviary|Braviary-Hisui, L50, M, shiny|100/100
|switch|p2b: Ursaluna|Ursaluna, L50, M, shiny|100/100
|turn|3
|
|t:|1757078448
|switch|p1a: Incineroar|Incineroar, L50, M|100/100
|-ability|p1a: Incineroar|Intimidate|boost
|-unboost|p2a: Braviary|atk|1
|-unboost|p2b: Ursaluna|atk|1
|move|p1b: Garchomp|Protect|p1b: Garchomp
|-singleturn|p1b: Garchomp|Protect
|move|p2b: Ursaluna|Headlong Rush|p1a: Incineroar
|-supereffective|p1a: Incineroar
|-damage|p1a: Incineroar|10/100
|-unboost|p2b: Ursaluna|def|1
|-unboost|p2b: Ursaluna|spd|1
|move|p2a: Braviary|Expanding Force|p1b: Garchomp
|-activate|p1b: Garchomp|move: Protect
|
|-weather|RainDance|[upkeep]
|-status|p2b: Ursaluna|brn|[from] item: Flame Orb
|upkeep
|turn|4
|inactive|Mortimerd has 30 seconds left.
|
|t:|1757078476
|switch|p1b: Corviknight|Corviknight, L50, F|100/100
|-terastallize|p2a: Braviary|Psychic
|move|p1a: Incineroar|Fake Out|p2a: Braviary
|-activate|p2a: Braviary|move: Psychic Terrain
|move|p2b: Ursaluna|Facade|p1a: Incineroar
|-damage|p1a: Incineroar|0 fnt
|faint|p1a: Incineroar
|move|p2a: Braviary|Expanding Force|p1b: Corviknight
|-resisted|p1b: Corviknight
|-damage|p1b: Corviknight|0 fnt
|faint|p1b: Corviknight
|
|-weather|RainDance|[upkeep]
|-damage|p2b: Ursaluna|94/100 brn|[from] brn
|upkeep
|
|t:|1757078482
|switch|p1a: Garchomp|Garchomp, L50, M|81/100
|switch|p1b: Tyranitar|Tyranitar, L50, F, tera:Flying|94/100
|-weather|Sandstorm|[from] ability: Sand Stream|[of] p1b: Tyranitar
|turn|5
|
|t:|1757078496
|move|p1b: Tyranitar|Protect|p1b: Tyranitar
|-singleturn|p1b: Tyranitar|Protect
|move|p1a: Garchomp|Protect|p1a: Garchomp
|-singleturn|p1a: Garchomp|Protect
|move|p2b: Ursaluna|Facade|p1a: Garchomp
|-activate|p1a: Garchomp|move: Protect
|move|p2a: Braviary|Expanding Force|p1b: Tyranitar|[spread] 
|-activate|p1a: Garchomp|move: Protect
|-activate|p1b: Tyranitar|move: Protect
|
|-weather|Sandstorm|[upkeep]
|-damage|p2a: Braviary|95/100|[from] Sandstorm
|-damage|p1b: Tyranitar|88/100|[from] Sandstorm
|-damage|p2b: Ursaluna|88/100 brn|[from] brn
|-fieldend|move: Trick Room
|-fieldend|move: Psychic Terrain
|upkeep
|turn|6
|
|t:|1757078508
|move|p1a: Garchomp|Earthquake|p2a: Braviary|[spread] p2a,p2b
|-immune|p1b: Tyranitar
|-damage|p2a: Braviary|44/100
|-damage|p2b: Ursaluna|29/100 brn
|-damage|p1a: Garchomp|71/100|[from] item: Life Orb
|move|p1b: Tyranitar|Knock Off|p2a: Braviary
|-supereffective|p2a: Braviary
|-damage|p2a: Braviary|0 fnt
|-enditem|p2a: Braviary|Choice Specs|[from] move: Knock Off|[of] p1b: Tyranitar
|faint|p2a: Braviary
|move|p2b: Ursaluna|Facade|p1a: Garchomp
|-damage|p1a: Garchomp|0 fnt
|-damage|p2b: Ursaluna|17/100 brn|[from] ability: Rough Skin|[of] p1a: Garchomp
|faint|p1a: Garchomp
|
|-weather|Sandstorm|[upkeep]
|-damage|p1b: Tyranitar|82/100|[from] Sandstorm
|-damage|p2b: Ursaluna|11/100 brn|[from] brn
|upkeep
|turn|7
|
|t:|1757078520
|move|p1b: Tyranitar|Knock Off|p2b: Ursaluna
|-damage|p2b: Ursaluna|0 fnt
|-enditem|p2b: Ursaluna|Flame Orb|[from] move: Knock Off|[of] p1b: Tyranitar
|faint|p2b: Ursaluna
|
|win|Mortimerd
||TJP195 is ready for game 3.
