|j|☆jhjnn
|j|☆manyarmskeephead
|html|jhjnnmanyarmskeephead    
|uhtml|bestof|Game 1 of a best-of-3
|t:|1783307121
|gametype|doubles
|player|p1|jhjnn|170|1020
|player|p2|manyarmskeephead|yellow|1002
|gen|9
|tier|[Gen 9 Champions] VGC 2026 Reg M-B (Bo3)
|rated|
|rule|Species Clause: Limit one of each Pokémon
|rule|Item Clause: Limit 1 of each item
|clearpoke
|poke|p1|Swampert, L50, M|
|poke|p1|Sableye, L50, M|
|poke|p1|Pelipper, L50, M|
|poke|p1|Archaludon, L50, M|
|poke|p1|Blastoise, L50, M|
|poke|p1|Castform, L50, M|
|poke|p2|Blastoise, L50, F, shiny|
|poke|p2|Banette, L50, F, shiny|
|poke|p2|Talonflame, L50, M, shiny|
|poke|p2|Farigiraf, L50, F, shiny|
|poke|p2|Gholdengo, L50, shiny|
|poke|p2|Garchomp, L50, M, shiny|
|teampreview|4
|showteam|p1|Swampert||Swampertite|Torrent|Liquidation,BulkUp,Rest,Amnesia|Careful||M|||50|]Sableye||LightClay|Prankster|RainDance,Reflect,LightScreen,Encore|Careful||M|||50|]Pelipper||FocusSash|Drizzle|HydroPump,IceBeam,Tailwind,Hurricane|Modest||M|||50|]Archaludon||SitrusBerry|Stamina|DracoMeteor,AuraSphere,FlashCannon,ElectroShot|Timid||M|||50|]Blastoise||WhiteHerb|RainDish|MuddyWater,ShellSmash,IceBeam,AuraSphere|Modest||M|||50|]Castform||Leftovers|Forecast|Scald,CosmicPower,Rest,Hex|Bold||M|||50|
|showteam|p2|Blastoise||Blastoisinite|RainDish|WaterSpout,FakeOut,DarkPulse,Protect|Modest||F|||50|]Banette||Banettite|Insomnia|Poltergeist,Encore,Protect,DestinyBond|Adamant||F|||50|]Talonflame||SharpBeak|GaleWings|Tailwind,RainDance,BraveBird,Taunt|Jolly||M|||50|]Farigiraf||ColburBerry|ArmorTail|TrickRoom,RainDance,Psychic,Thunderbolt|Relaxed||F|||50|]Gholdengo||MetalCoat|GoodasGold|NastyPlot,ShadowBall,MakeItRain,Protect|Modest|||||50|]Garchomp||LifeOrb|RoughSkin|DragonClaw,RockSlide,Earthquake,Protect|Jolly||M|||50|
|inactive|Battle timer is ON: inactive players will automatically lose when time's up. (requested by manyarmskeephead)
|inactive|manyarmskeephead has 60 seconds left.
|inactive|manyarmskeephead has 30 seconds left.
|
|t:|1783307188
|teamsize|p1|4
|teamsize|p2|4
|start
|switch|p1a: Pelipper|Pelipper, L50, M|100/100
|switch|p1b: Swampert|Swampert, L50, M|100/100
|switch|p2a: Reborn|Talonflame, L50, M, shiny|100/100
|switch|p2b: "Self Made"|Gholdengo, L50, shiny|100/100
|-weather|RainDance|[from] ability: Drizzle|[of] p1a: Pelipper
|turn|1
|
|t:|1783307202
|detailschange|p1b: Swampert|Swampert-Mega, L50, M
|-mega|p1b: Swampert|Swampert|Swampertite
|move|p2a: Reborn|Tailwind|p2a: Reborn
|-sidestart|p2: manyarmskeephead|move: Tailwind
|move|p2b: "Self Made"|Shadow Ball|p1b: Swampert
|-crit|p1b: Swampert
|-damage|p1b: Swampert|61/100
|move|p1b: Swampert|Bulk Up|p1b: Swampert
|-boost|p1b: Swampert|atk|1
|-boost|p1b: Swampert|def|1
|move|p1a: Pelipper|Tailwind|p1a: Pelipper
|-sidestart|p1: jhjnn|move: Tailwind
|
|-weather|RainDance|[upkeep]
|upkeep
|turn|2
|
|t:|1783307222
|switch|p1a: Sableye|Sableye, L50, M|100/100
|move|p2a: Reborn|Brave Bird|p1a: Sableye
|-damage|p1a: Sableye|27/100
|-damage|p2a: Reborn|75/100|[from] Recoil
|move|p1b: Swampert|Liquidation|p2b: "Self Made"
|-damage|p2b: "Self Made"|0 fnt
|faint|p2b: "Self Made"
|
|-weather|RainDance|[upkeep]
|upkeep
|
|t:|1783307232
|switch|p2b: YEAH BOOOOOOOOOOOI|Banette, L50, F, shiny|100/100
|turn|3
|
|t:|1783307241
|detailschange|p2b: YEAH BOOOOOOOOOOOI|Banette-Mega, L50, F, shiny
|-mega|p2b: YEAH BOOOOOOOOOOOI|Banette|Banettite
|move|p2b: YEAH BOOOOOOOOOOOI|Destiny Bond|p2b: YEAH BOOOOOOOOOOOI
|-singlemove|p2b: YEAH BOOOOOOOOOOOI|Destiny Bond
|move|p1a: Sableye|Reflect|p1a: Sableye
|-sidestart|p1: jhjnn|Reflect
|move|p2a: Reborn|Brave Bird|p1a: Sableye
|-damage|p1a: Sableye|0 fnt
|faint|p1a: Sableye
|-damage|p2a: Reborn|66/100|[from] Recoil
|move|p1b: Swampert|Liquidation|p2b: YEAH BOOOOOOOOOOOI
|-damage|p2b: YEAH BOOOOOOOOOOOI|0 fnt
|faint|p2b: YEAH BOOOOOOOOOOOI
|-activate|p2b: YEAH BOOOOOOOOOOOI|move: Destiny Bond
|faint|p1b: Swampert
|
|-weather|RainDance|[upkeep]
|upkeep
|
|t:|1783307260
|switch|p2b: zionoiz|Farigiraf, L50, F, shiny|100/100
|switch|p1b: Castform|Castform, L50, M|100/100
|switch|p1a: Pelipper|Pelipper, L50, M|100/100
|-formechange|p1b: Castform|Castform-Rainy|[msg]|[from] ability: Forecast
|turn|4
|
|t:|1783307278
|move|p2a: Reborn|Brave Bird|p1a: Pelipper
|-damage|p1a: Pelipper|58/100
|-damage|p2a: Reborn|52/100|[from] Recoil
|move|p1a: Pelipper|Hydro Pump|p2a: Reborn|[miss]
|-miss|p1a: Pelipper|p2a: Reborn
|move|p1b: Castform|Cosmic Power|p1b: Castform
|-boost|p1b: Castform|def|1
|-boost|p1b: Castform|spd|1
|move|p2b: zionoiz|Thunderbolt|p1a: Pelipper
|-supereffective|p1a: Pelipper|2
|-damage|p1a: Pelipper|0 fnt
|faint|p1a: Pelipper
|
|-weather|RainDance|[upkeep]
|-sideend|p1: jhjnn|move: Tailwind
|-sideend|p2: manyarmskeephead|move: Tailwind
|upkeep
|turn|5
|
|t:|1783307296
|move|p2a: Reborn|Taunt|p1b: Castform
|-start|p1b: Castform|move: Taunt
|move|p1b: Castform|Scald|p2a: Reborn
|-supereffective|p2a: Reborn|1
|-damage|p2a: Reborn|0 fnt
|faint|p2a: Reborn
|move|p2b: zionoiz|Thunderbolt|p1b: Castform
|-supereffective|p1b: Castform|1
|-damage|p1b: Castform|59/100
|
|-weather|none
|-formechange|p1b: Castform|Castform|[msg]|[from] ability: Forecast
|-heal|p1b: Castform|65/100|[from] item: Leftovers
|upkeep
|turn|6
|
|t:|1783307311
|move|p1b: Castform|Scald|p2b: zionoiz
|-damage|p2b: zionoiz|86/100
|move|p2b: zionoiz|Trick Room|p2b: zionoiz
|-fieldstart|move: Trick Room|[of] p2b: zionoiz
|
|-heal|p1b: Castform|71/100|[from] item: Leftovers
|upkeep
|turn|7
|
|t:|1783307319
|move|p2b: zionoiz|Psychic|p1b: Castform
|-damage|p1b: Castform|41/100
|move|p1b: Castform|Scald|p2b: zionoiz
|-damage|p2b: zionoiz|75/100
|
|-heal|p1b: Castform|47/100|[from] item: Leftovers
|-end|p1b: Castform|move: Taunt
|upkeep
|turn|8
|
|t:|1783307329
|move|p2b: zionoiz|Psychic|p1b: Castform
|-damage|p1b: Castform|18/100
|move|p1b: Castform|Cosmic Power|p1b: Castform
|-boost|p1b: Castform|def|1
|-boost|p1b: Castform|spd|1
|
|-heal|p1b: Castform|24/100|[from] item: Leftovers
|upkeep
|turn|9
|
|t:|1783307337
|move|p2b: zionoiz|Psychic|p1b: Castform
|-crit|p1b: Castform
|-damage|p1b: Castform|0 fnt
|faint|p1b: Castform
|
|win|manyarmskeephead
||manyarmskeephead is ready for game 2.
|l|☆jhjnn
|player|p1|
|raw|jhjnn's rating: 1020 → 1006(-14 for losing)
|raw|manyarmskeephead's rating: 1002 → 1044(+42 for winning)
|l|☆manyarmskeephead
|player|p2|
|j|☆manyarmskeephead
|player|p2|manyarmskeephead|yellow|
