|j|☆friegg
|j|☆WhiteLightning31
|html|frieggWhiteLightning31    
|uhtml|bestof|Game 3 of a best-of-3
|t:|1785471838
|gametype|doubles
|player|p1|friegg|plasmagrunt|
|player|p2|WhiteLightning31|2|
|gen|9
|tier|[Gen 9 Champions] VGC 2026 Reg M-B (Bo3)
|rule|Species Clause: Limit one of each Pokémon
|rule|Item Clause: Limit 1 of each item
|clearpoke
|poke|p1|Charizard, L50, F|
|poke|p1|Kingambit, L50, F|
|poke|p1|Aerodactyl, L50, M|
|poke|p1|Tinkaton, L50, F|
|poke|p1|Scovillain, L50, F|
|poke|p1|Mamoswine, L50, M|
|poke|p2|Basculegion, L50, M|
|poke|p2|Floette-Eternal, L50, F|
|poke|p2|Farigiraf, L50, F|
|poke|p2|Camerupt, L50, F|
|poke|p2|Vivillon, L50, F|
|poke|p2|Toxapex, L50, F|
|teampreview|4
|showteam|p1|Charizard||CharizarditeY|Blaze|HeatWave,WeatherBall,SolarBeam,Protect|Timid||F|||50|]Kingambit||ExpertBelt|Defiant|KowtowCleave,IronHead,Taunt,Protect|Brave||F|||50|]Aerodactyl||FocusSash|RockHead|RockSlide,Taunt,WideGuard,Tailwind|Adamant||M|||50|]Tinkaton||OccaBerry|OwnTempo|GigatonHammer,FakeOut,HelpingHand,Protect|Jolly||F|||50|]Scovillain||SitrusBerry|Chlorophyll|Overheat,LeafStorm,RagePowder,Protect|Modest||F|||50|]Mamoswine||LifeOrb|Oblivious|HighHorsepower,IronHead,KnockOff,Protect|Adamant||M|||50|
|showteam|p2|Basculegion||ChoiceScarf|Adaptability|WaveCrash,LastRespects,HeadSmash,FlipTurn|Jolly||M|||50|]Floette-Eternal||Floettite|FlowerVeil|DazzlingGleam,DrainingKiss,CalmMind,Protect|Modest||F|||50|]Farigiraf||SitrusBerry|ArmorTail|HyperVoice,HelpingHand,TrickRoom,Protect|Sassy||F|||50|]Camerupt||Cameruptite|SolidRock|Eruption,EarthPower,RockSlide,Protect|Quiet||F|||50|]Vivillon||FocusSash|CompoundEyes|Hurricane,SleepPowder,RagePowder,Protect|Timid||F|||50|]Toxapex||Leftovers|Regenerator|Infestation,AcidSpray,WideGuard,BanefulBunker|Sassy||F|||50|
|
|t:|1785471866
|teamsize|p1|4
|teamsize|p2|4
|start
|switch|p1a: Aerodactyl|Aerodactyl, L50, M|100/100
|switch|p1b: Kingambit|Kingambit, L50, F|100/100
|switch|p2a: Floette|Floette-Eternal, L50, F|100/100
|switch|p2b: Vivillon|Vivillon, L50, F|100/100
|turn|1
|
|t:|1785471897
|detailschange|p2a: Floette|Floette-Mega, L50, F
|-mega|p2a: Floette|Floette|Floettite
|-ability|p2a: Floette|Fairy Aura
|move|p2b: Vivillon|Rage Powder|p2b: Vivillon
|-singleturn|p2b: Vivillon|move: Rage Powder
|move|p1a: Aerodactyl|Rock Slide|p2a: Floette|[spread] p2a,p2b
|-supereffective|p2b: Vivillon|2
|-damage|p2a: Floette|69/100
|-enditem|p2b: Vivillon|Focus Sash
|-damage|p2b: Vivillon|1/100
|move|p2a: Floette|Calm Mind|p2a: Floette
|-boost|p2a: Floette|spa|1
|-boost|p2a: Floette|spd|1
|move|p1b: Kingambit|Iron Head|p2b: Vivillon
|-damage|p2b: Vivillon|0 fnt
|faint|p2b: Vivillon
|
|upkeep
|
|t:|1785471916
|switch|p2b: Toxapex|Toxapex, L50, F|100/100
|turn|2
|
|t:|1785471940
|move|p2b: Toxapex|Wide Guard|p2b: Toxapex
|-singleturn|p2b: Toxapex|Wide Guard
|move|p1a: Aerodactyl|Tailwind|p1a: Aerodactyl
|-sidestart|p1: friegg|move: Tailwind
|move|p1b: Kingambit|Iron Head|p2a: Floette
|-supereffective|p2a: Floette|1
|-damage|p2a: Floette|0 fnt
|faint|p2a: Floette
|
|upkeep
|
|t:|1785471952
|switch|p2a: Basculegion|Basculegion, L50, M|100/100
|turn|3
|
|t:|1785471979
|move|p2b: Toxapex|Wide Guard|p2b: Toxapex
|-singleturn|p2b: Toxapex|Wide Guard
|move|p1a: Aerodactyl|Taunt|p2b: Toxapex
|-start|p2b: Toxapex|move: Taunt
|move|p2a: Basculegion|Head Smash|p1a: Aerodactyl
|-supereffective|p1a: Aerodactyl|1
|-enditem|p1a: Aerodactyl|Focus Sash
|-damage|p1a: Aerodactyl|1/100
|-damage|p2a: Basculegion|57/100|[from] Recoil
|move|p1b: Kingambit|Kowtow Cleave|p2a: Basculegion
|-supereffective|p2a: Basculegion|1
|-damage|p2a: Basculegion|0 fnt
|faint|p2a: Basculegion
|
|upkeep
|turn|4
|
|t:|1785471999
|move|p1a: Aerodactyl|Rock Slide|p2b: Toxapex
|-damage|p2b: Toxapex|70/100
|move|p1b: Kingambit|Kowtow Cleave|p2b: Toxapex
|-damage|p2b: Toxapex|29/100
|move|p2b: Toxapex|Acid Spray|p1a: Aerodactyl
|-resisted|p1a: Aerodactyl|1
|-damage|p1a: Aerodactyl|0 fnt
|faint|p1a: Aerodactyl
|
|-heal|p2b: Toxapex|35/100|[from] item: Leftovers
|upkeep
|
|t:|1785472007
|switch|p1a: Mamoswine|Mamoswine, L50, M|100/100
|turn|5
|
|t:|1785472018
|move|p1a: Mamoswine|High Horsepower|p2b: Toxapex
|-supereffective|p2b: Toxapex|1
|-damage|p2b: Toxapex|0 fnt
|faint|p2b: Toxapex
|-damage|p1a: Mamoswine|90/100|[from] item: Life Orb
|
|win|friegg
