|j|☆viatles
|j|☆sdflgjsdf
|html|viatlessdflgjsdf    
|uhtml|bestof|Game 1 of a best-of-3
|t:|1784266019
|gametype|doubles
|player|p1|viatles|hiker|1106
|player|p2|sdflgjsdf|101|1118
|gen|9
|tier|[Gen 9 Champions] VGC 2026 Reg M-B (Bo3)
|rated|
|rule|Species Clause: Limit one of each Pokémon
|rule|Item Clause: Limit 1 of each item
|clearpoke
|poke|p1|Falinks, L50|
|poke|p1|Maushold, L50|
|poke|p1|Sinistcha, L50|
|poke|p1|Sneasler, L50, M|
|poke|p1|Grimmsnarl, L50, M|
|poke|p1|Gyarados, L50, F|
|poke|p2|Staraptor, L50, M|
|poke|p2|Houndstone, L50, M|
|poke|p2|Tyranitar, L50, M|
|poke|p2|Rotom-Wash, L50|
|poke|p2|Excadrill, L50, F|
|poke|p2|Venusaur, L50, F|
|teampreview|4
|showteam|p1|Falinks||Falinksite|Defiant|NoRetreat,KnockOff,CloseCombat,Protect|Serious|||||50|]Maushold||WideLens|FriendGuard|FollowMe,PopulationBomb,Protect,SuperFang|Jolly|||||50|]Sinistcha||SitrusBerry|Hospitality|MatchaGotcha,RagePowder,Imprison,TrickRoom|Bold|||||50|]Sneasler||WhiteHerb|Unburden|FakeOut,DireClaw,CloseCombat,Protect|Jolly||M|||50|]Grimmsnarl||LightClay|Prankster|SpiritBreak,LightScreen,PartingShot,FakeOut|Careful||M|||50|]Gyarados||Gyaradosite|Intimidate|DragonDance,Protect,Crunch,Waterfall|Adamant||F|||50|
|showteam|p2|Staraptor||Staraptite|Intimidate|BraveBird,CloseCombat,Tailwind,Protect|Jolly||M|||50|]Houndstone||SitrusBerry|SandRush|LastRespects,WillOWisp,AllySwitch,Protect|Adamant||M|||50|]Tyranitar||ChoiceScarf|SandStream|RockSlide,KnockOff,IcePunch,LowKick|Jolly||M|||50|]Rotom-Wash||Magnet|Levitate|HydroPump,Thunderbolt,VoltSwitch,Protect|Modest|||||50|]Excadrill||FocusSash|SandRush|Earthquake,IronHead,RockSlide,Protect|Adamant||F|||50|]Venusaur||Venusaurite|Chlorophyll|SludgeBomb,EarthPower,SleepPowder,Protect|Modest||F|||50|
|c|☆viatles|gl hf
|inactive|Battle timer is ON: inactive players will automatically lose when time's up. (requested by viatles)
|inactive|sdflgjsdf has 60 seconds left.
|
|t:|1784266075
|teamsize|p1|4
|teamsize|p2|4
|start
|switch|p1a: The Bois|Falinks, L50|100/100
|switch|p1b: Grimmsnarl|Grimmsnarl, L50, M|100/100
|switch|p2a: Rotom|Rotom-Wash, L50|100/100
|switch|p2b: Staraptor|Staraptor, L50, M|100/100
|-ability|p2b: Staraptor|Intimidate|boost
|-unboost|p1a: The Bois|atk|1
|-ability|p1a: The Bois|Defiant|boost
|-boost|p1a: The Bois|atk|2
|-unboost|p1b: Grimmsnarl|atk|1
|turn|1
|inactive|sdflgjsdf has 30 seconds left.
|inactive|sdflgjsdf has 20 seconds left.
|inactive|sdflgjsdf has 15 seconds left.
|
|t:|1784266118
|detailschange|p2b: Staraptor|Staraptor-Mega, L50, M
|-mega|p2b: Staraptor|Staraptor|Staraptite
|detailschange|p1a: The Bois|Falinks-Mega, L50
|-mega|p1a: The Bois|Falinks|Falinksite
|move|p2b: Staraptor|Protect|p2b: Staraptor
|-singleturn|p2b: Staraptor|Protect
|move|p1b: Grimmsnarl|Fake Out|p2b: Staraptor
|-activate|p2b: Staraptor|move: Protect
|move|p1a: The Bois|Knock Off|p2a: Rotom
|-damage|p2a: Rotom|53/100
|-enditem|p2a: Rotom|Magnet|[from] move: Knock Off|[of] p1a: The Bois
|move|p2a: Rotom|Volt Switch|p1a: The Bois
|-damage|p1a: The Bois|55/100
|
|t:|1784266142
|switch|p2a: Tyranitar|Tyranitar, L50, M|100/100|[from] Volt Switch
|-weather|Sandstorm|[from] ability: Sand Stream|[of] p2a: Tyranitar
|
|-weather|Sandstorm|[upkeep]
|-damage|p2b: Staraptor|94/100|[from] Sandstorm
|-damage|p1a: The Bois|50/100y|[from] Sandstorm
|-damage|p1b: Grimmsnarl|94/100|[from] Sandstorm
|upkeep
|turn|2
|inactive|sdflgjsdf has 30 seconds left.
|
|t:|1784266171
|switch|p2a: Houndstone|Houndstone, L50, M|100/100
|move|p1a: The Bois|Protect|p1a: The Bois
|-singleturn|p1a: The Bois|Protect
|move|p2b: Staraptor|Close Combat|p1b: Grimmsnarl
|-damage|p1b: Grimmsnarl|40/100
|-boost|p2b: Staraptor|def|1
|-boost|p2b: Staraptor|spd|1
|move|p1b: Grimmsnarl|Spirit Break|p2a: Houndstone
|-damage|p2a: Houndstone|79/100
|-unboost|p2a: Houndstone|spa|1
|
|-weather|Sandstorm|[upkeep]
|-damage|p2b: Staraptor|88/100|[from] Sandstorm
|-damage|p1a: The Bois|44/100|[from] Sandstorm
|-damage|p1b: Grimmsnarl|34/100|[from] Sandstorm
|upkeep
|turn|3
|
|t:|1784266195
|move|p1b: Grimmsnarl|Parting Shot|p2a: Houndstone
|-unboost|p2a: Houndstone|atk|1
|-unboost|p2a: Houndstone|spa|1
|
|t:|1784266199
|switch|p1b: Sinistcha|Sinistcha, L50|100/100|[from] Parting Shot
|-heal|p1a: The Bois|69/100|[from] ability: Hospitality|[of] p1b: Sinistcha
|move|p2a: Houndstone|Will-O-Wisp|p1a: The Bois
|-status|p1a: The Bois|brn
|move|p2b: Staraptor|Close Combat|p1b: Sinistcha
|-immune|p1b: Sinistcha
|move|p1a: The Bois|Knock Off|p2a: Houndstone
|-supereffective|p2a: Houndstone|1
|-damage|p2a: Houndstone|36/100
|-enditem|p2a: Houndstone|Sitrus Berry|[from] move: Knock Off|[of] p1a: The Bois
|
|-weather|Sandstorm|[upkeep]
|-damage|p2b: Staraptor|82/100|[from] Sandstorm
|-damage|p1a: The Bois|63/100 brn|[from] Sandstorm
|-damage|p1b: Sinistcha|93/100|[from] Sandstorm
|-damage|p1a: The Bois|57/100 brn|[from] brn
|upkeep
|turn|4
|inactive|sdflgjsdf has 30 seconds left.
|inactive|sdflgjsdf has 20 seconds left.
|
|t:|1784266237
|move|p2a: Houndstone|Protect|p2a: Houndstone
|-singleturn|p2a: Houndstone|Protect
|move|p2b: Staraptor|Tailwind|p2b: Staraptor
|-sidestart|p2: sdflgjsdf|move: Tailwind
|move|p1a: The Bois|No Retreat|p1a: The Bois
|-boost|p1a: The Bois|atk|1
|-boost|p1a: The Bois|def|1
|-boost|p1a: The Bois|spa|1
|-boost|p1a: The Bois|spd|1
|-boost|p1a: The Bois|spe|1
|-start|p1a: The Bois|move: No Retreat
|move|p1b: Sinistcha|Trick Room|p1b: Sinistcha
|-fieldstart|move: Trick Room|[of] p1b: Sinistcha
|
|-weather|Sandstorm|[upkeep]
|-damage|p1b: Sinistcha|87/100|[from] Sandstorm
|-damage|p1a: The Bois|51/100 brn|[from] Sandstorm
|-damage|p2b: Staraptor|76/100|[from] Sandstorm
|-damage|p1a: The Bois|45/100 brn|[from] brn
|upkeep
|turn|5
|inactive|sdflgjsdf has 30 seconds left.
|
|t:|1784266271
|move|p2a: Houndstone|Ally Switch|p2a: Houndstone
|swap|p2a: Houndstone|1|[from] move: Ally Switch
|move|p1b: Sinistcha|Matcha Gotcha|p2b: Houndstone|[spread] p2a,p2b
|-resisted|p2a: Staraptor|1
|-damage|p2a: Staraptor|68/100
|-heal|p1b: Sinistcha|92/100|[from] drain|[of] p2a: Staraptor
|-damage|p2b: Houndstone|12/100
|-heal|p1b: Sinistcha|100/100|[from] drain|[of] p2b: Houndstone
|move|p1a: The Bois|Close Combat|p2b: Houndstone
|-immune|p2b: Houndstone
|move|p2a: Staraptor|Brave Bird|p1a: The Bois
|-supereffective|p1a: The Bois|1
|-damage|p1a: The Bois|0 fnt
|faint|p1a: The Bois
|-damage|p2a: Staraptor|55/100|[from] Recoil
|
|-weather|none
|upkeep
|
|t:|1784266288
|switch|p1a: Sneasler|Sneasler, L50, M|100/100
|turn|6
|
|t:|1784266303
|move|p2b: Houndstone|Protect|p2b: Houndstone
|-singleturn|p2b: Houndstone|Protect
|move|p2a: Staraptor|Protect|p2a: Staraptor
|-singleturn|p2a: Staraptor|Protect
|move|p1b: Sinistcha|Matcha Gotcha|p2a: Staraptor|[spread] 
|-activate|p2a: Staraptor|move: Protect
|-activate|p2b: Houndstone|move: Protect
|move|p1a: Sneasler|Dire Claw|p2a: Staraptor
|-activate|p2a: Staraptor|move: Protect
|
|upkeep
|turn|7
|inactive|sdflgjsdf has 30 seconds left.
|
|t:|1784266334
|move|p1b: Sinistcha|Matcha Gotcha|p2a: Staraptor|[spread] p2b
|-miss|p1b: Sinistcha|p2a: Staraptor
|-damage|p2b: Houndstone|0 fnt
|faint|p2b: Houndstone
|move|p1a: Sneasler|Dire Claw|p2a: Staraptor
|-crit|p2a: Staraptor
|-damage|p2a: Staraptor|0 fnt
|faint|p2a: Staraptor
|
|-sideend|p2: sdflgjsdf|move: Tailwind
|upkeep
|
|t:|1784266345
|switch|p2b: Rotom|Rotom-Wash, L50|53/100
|switch|p2a: Tyranitar|Tyranitar, L50, M|100/100
|-weather|Sandstorm|[from] ability: Sand Stream|[of] p2a: Tyranitar
|turn|8
|
|t:|1784266367
|switch|p1b: Grimmsnarl|Grimmsnarl, L50, M|34/100
|move|p2b: Rotom|Hydro Pump|p1a: Sneasler
|-damage|p1a: Sneasler|31/100
|move|p2a: Tyranitar|Knock Off|p1b: Grimmsnarl
|-resisted|p1b: Grimmsnarl|2
|-damage|p1b: Grimmsnarl|22/100
|-enditem|p1b: Grimmsnarl|Light Clay|[from] move: Knock Off|[of] p2a: Tyranitar
|move|p1a: Sneasler|Close Combat|p2a: Tyranitar
|-supereffective|p2a: Tyranitar|2
|-damage|p2a: Tyranitar|0 fnt
|-unboost|p1a: Sneasler|def|1
|-unboost|p1a: Sneasler|spd|1
|faint|p2a: Tyranitar
|-enditem|p1a: Sneasler|White Herb
|-clearnegativeboost|p1a: Sneasler|[silent]
|
|-weather|Sandstorm|[upkeep]
|-damage|p1b: Grimmsnarl|16/100|[from] Sandstorm
|-damage|p2b: Rotom|47/100|[from] Sandstorm
|-damage|p1a: Sneasler|25/100|[from] Sandstorm
|-fieldend|move: Trick Room
|upkeep
|turn|9
|-message|sdflgjsdf forfeited.
|
|win|viatles
|l|☆sdflgjsdf
|player|p2|
||sdflgjsdf is ready for game 2.
