|j|☆TMJS01
|j|☆Art22
|html|TMJS01Art22    
|uhtml|bestof|Game 2 of a best-of-3
|t:|1783362895
|gametype|doubles
|player|p1|TMJS01|266|1358
|player|p2|Art22|169|1301
|gen|9
|tier|[Gen 9 Champions] VGC 2026 Reg M-B (Bo3)
|rated|
|rule|Species Clause: Limit one of each Pokémon
|rule|Item Clause: Limit 1 of each item
|clearpoke
|poke|p1|Sinistcha, L50|
|poke|p1|Incineroar, L50, M|
|poke|p1|Garchomp, L50, M|
|poke|p1|Floette-Eternal, L50, F|
|poke|p1|Delphox, L50, M|
|poke|p1|Kingambit, L50, M|
|poke|p2|Staraptor, L50, M|
|poke|p2|Whimsicott, L50, F|
|poke|p2|Garchomp, L50, M|
|poke|p2|Delphox, L50, M|
|poke|p2|Kingambit, L50, F|
|poke|p2|Milotic, L50, M|
|teampreview|4
|showteam|p1|Sinistcha||ColburBerry|Hospitality|MatchaGotcha,RagePowder,TrickRoom,LifeDew|Relaxed|||||50|]Incineroar||PasshoBerry|Intimidate|ThroatChop,FlareBlitz,PartingShot,FakeOut|Adamant||M|||50|]Garchomp||LifeOrb|RoughSkin|DragonClaw,StompingTantrum,Protect,RockTomb|Jolly||M|||50|]Floette-Eternal||Floettite|FlowerVeil|Protect,CalmMind,Moonblast,DazzlingGleam|Modest||F|||50|]Delphox||Delphoxite|Blaze|NastyPlot,HeatWave,Psyshock,Protect|Timid||M|||50|]Kingambit||FocusSash|Defiant|SuckerPunch,IronHead,KowtowCleave,LowKick|Adamant||M|||50|
|showteam|p2|Staraptor||Staraptite|Intimidate|CloseCombat,BraveBird,Roost,Protect|Adamant||M|||50|]Whimsicott||FocusSash|Prankster|Moonblast,Tickle,Tailwind,SunnyDay|Timid||F|||50|]Garchomp||LifeOrb|RoughSkin|DragonClaw,Earthquake,RockSlide,Protect|Jolly||M|||50|]Delphox||Delphoxite|Blaze|HeatWave,Psychic,Protect,SolarBeam|Timid||M|||50|]Kingambit||BlackGlasses|Defiant|IronHead,KowtowCleave,SuckerPunch,Protect|Adamant||F|||50|]Milotic||Leftovers|Competitive|IceBeam,MuddyWater,Protect,LifeDew|Modest||M|||50|
|
|t:|1783362938
|teamsize|p1|4
|teamsize|p2|4
|start
|switch|p1a: Floette|Floette-Eternal, L50, F|100/100
|switch|p1b: Sinistcha|Sinistcha, L50|100/100
|switch|p2a: Whimsicott|Whimsicott, L50, F|100/100
|switch|p2b: Delphox|Delphox, L50, M|100/100
|turn|1
|
|t:|1783362960
|switch|p1b: Incineroar|Incineroar, L50, M|100/100
|-ability|p1b: Incineroar|Intimidate|boost
|-unboost|p2a: Whimsicott|atk|1
|-unboost|p2b: Delphox|atk|1
|detailschange|p2b: Delphox|Delphox-Mega, L50, M
|-mega|p2b: Delphox|Delphox|Delphoxite
|detailschange|p1a: Floette|Floette-Mega, L50, F
|-mega|p1a: Floette|Floette|Floettite
|-ability|p1a: Floette|Fairy Aura
|move|p2a: Whimsicott|Sunny Day|p2a: Whimsicott
|-weather|SunnyDay
|move|p2b: Delphox|Heat Wave|p1a: Floette|[spread] p1a,p1b
|-resisted|p1b: Incineroar|1
|-damage|p1a: Floette|52/100
|-damage|p1b: Incineroar|68/100
|move|p1a: Floette|Dazzling Gleam|p2b: Delphox|[spread] p2a,p2b
|-resisted|p2b: Delphox|1
|-damage|p2a: Whimsicott|35/100
|-damage|p2b: Delphox|77/100
|
|-weather|SunnyDay|[upkeep]
|upkeep
|turn|2
|
|t:|1783362977
|switch|p2a: Kingambit|Kingambit, L50, F|100/100
|move|p2b: Delphox|Protect|p2b: Delphox
|-singleturn|p2b: Delphox|Protect
|move|p1a: Floette|Moonblast|p2a: Kingambit
|-damage|p2a: Kingambit|30/100
|move|p1b: Incineroar|Throat Chop|p2b: Delphox
|-activate|p2b: Delphox|move: Protect
|
|-weather|SunnyDay|[upkeep]
|upkeep
|turn|3
|
|t:|1783362996
|switch|p2b: Whimsicott|Whimsicott, L50, F|35/100
|move|p1a: Floette|Dazzling Gleam|p2a: Kingambit|[spread] p2a,p2b
|-damage|p2a: Kingambit|0 fnt
|-damage|p2b: Whimsicott|0 fnt
|faint|p2a: Kingambit
|faint|p2b: Whimsicott
|move|p1b: Incineroar|Throat Chop|p2: Kingambit|[notarget]
|-fail|p1b: Incineroar
|
|-weather|SunnyDay|[upkeep]
|upkeep
|
|t:|1783363005
|switch|p2b: Garchomp|Garchomp, L50, M|100/100
|switch|p2a: Delphox|Delphox-Mega, L50, M|77/100
|turn|4
|
|t:|1783363013
|switch|p1b: Sinistcha|Sinistcha, L50|100/100
|-heal|p1a: Floette|76/100|[from] ability: Hospitality|[of] p1b: Sinistcha
|move|p2a: Delphox|Heat Wave|p1a: Floette|[spread] p1a,p1b
|-supereffective|p1b: Sinistcha|1
|-damage|p1a: Floette|24/100
|-damage|p1b: Sinistcha|0 fnt
|faint|p1b: Sinistcha
|move|p2b: Garchomp|Earthquake|p1a: Floette|[spread] p1a
|-immune|p2a: Delphox|[from] ability: Levitate
|-damage|p1a: Floette|0 fnt
|faint|p1a: Floette
|-damage|p2b: Garchomp|90/100|[from] item: Life Orb
|
|-weather|SunnyDay|[upkeep]
|upkeep
|
|t:|1783363015
|switch|p1a: Kingambit|Kingambit, L50, M|100/100
|switch|p1b: Incineroar|Incineroar, L50, M|68/100
|-ability|p1b: Incineroar|Intimidate|boost
|-unboost|p2a: Delphox|atk|1
|-unboost|p2b: Garchomp|atk|1
|turn|5
|
|t:|1783363046
|move|p2b: Garchomp|Protect|p2b: Garchomp
|-singleturn|p2b: Garchomp|Protect
|move|p1b: Incineroar|Fake Out|p2a: Delphox
|-damage|p2a: Delphox|60/100
|cant|p2a: Delphox|flinch
|move|p1a: Kingambit|Kowtow Cleave|p2b: Garchomp
|-activate|p2b: Garchomp|move: Protect
|
|-weather|none
|upkeep
|turn|6
|
|t:|1783363057
|move|p1a: Kingambit|Sucker Punch|p2a: Delphox
|-supereffective|p2a: Delphox|1
|-damage|p2a: Delphox|0 fnt
|faint|p2a: Delphox
|move|p2b: Garchomp|Earthquake|p1a: Kingambit|[spread] p1a,p1b
|-supereffective|p1a: Kingambit|1
|-supereffective|p1b: Incineroar|1
|-damage|p1a: Kingambit|50/100g
|-damage|p1b: Incineroar|3/100
|-damage|p2b: Garchomp|80/100|[from] item: Life Orb
|move|p1b: Incineroar|Throat Chop|p2b: Garchomp
|-damage|p2b: Garchomp|43/100
|-start|p2b: Garchomp|Throat Chop|[silent]
|-damage|p1b: Incineroar|0 fnt|[from] ability: Rough Skin|[of] p2b: Garchomp
|faint|p1b: Incineroar
|
|upkeep
|turn|7
|
|t:|1783363070
|move|p2b: Garchomp|Protect|p2b: Garchomp
|-singleturn|p2b: Garchomp|Protect
|move|p1a: Kingambit|Sucker Punch||[still]
|-fail|p1a: Kingambit
|
|-end|p2b: Garchomp|Throat Chop|[silent]
|upkeep
|turn|8
|
|t:|1783363081
|move|p2b: Garchomp|Protect||[still]
|-fail|p2b: Garchomp
|move|p1a: Kingambit|Sucker Punch||[still]
|-fail|p1a: Kingambit
|
|upkeep
|turn|9
|
|t:|1783363086
|move|p1a: Kingambit|Sucker Punch|p2b: Garchomp
|-crit|p2b: Garchomp
|-damage|p2b: Garchomp|0 fnt
|-damage|p1a: Kingambit|38/100|[from] ability: Rough Skin|[of] p2b: Garchomp
|faint|p2b: Garchomp
|
|win|TMJS01
|raw|TMJS01's rating: 1358 → 1375(+17 for winning)
|raw|Art22's rating: 1301 → 1284(-17 for losing)
|l|☆Art22
|player|p2|
