|j|☆PizzaSanwitch
|j|☆whatdoesalt+f4do
|html|PizzaSanwitchwhatdoesalt+f4do    
|uhtml|bestof|Game 2 of a best-of-3
|t:|1785351268
|gametype|doubles
|player|p1|PizzaSanwitch|266|1205
|player|p2|whatdoesalt+f4do|102|1157
|gen|9
|tier|[Gen 9 Champions] VGC 2026 Reg M-B (Bo3)
|rated|
|rule|Species Clause: Limit one of each Pokémon
|rule|Item Clause: Limit 1 of each item
|clearpoke
|poke|p1|Pelipper, L50, M|
|poke|p1|Archaludon, L50, F|
|poke|p1|Basculegion, L50, M|
|poke|p1|Grimmsnarl, L50, M|
|poke|p1|Charizard, L50, M|
|poke|p1|Scovillain, L50, M|
|poke|p2|Mr. Rime, L50, F, shiny|
|poke|p2|Raichu, L50, F, shiny|
|poke|p2|Sinistcha-Masterpiece, L50, shiny|
|poke|p2|Incineroar, L50, F, shiny|
|poke|p2|Pidgeot, L50, M, shiny|
|poke|p2|Milotic, L50, F, shiny|
|teampreview|4
|showteam|p1|Pelipper||SitrusBerry|Drizzle|WeatherBall,Hurricane,Tailwind,Protect|Modest||M|||50|]Archaludon||Leftovers|Stamina|ElectroShot,FlashCannon,DragonPulse,Protect|Modest||F|||50|]Basculegion||ChoiceScarf|Adaptability|WaveCrash,LastRespects,AquaJet,FlipTurn|Jolly||M|||50|]Grimmsnarl||LightClay|Prankster|SpiritBreak,Reflect,LightScreen,PartingShot|Sassy||M|||50|]Charizard||CharizarditeY|SolarPower|HeatWave,WeatherBall,Hurricane,Protect|Modest||M|||50|]Scovillain||Scovillainite|Chlorophyll|GigaDrain,Flamethrower,RagePowder,Protect|Bold||M|||50|
|showteam|p2|Mr. Rime||FocusSash|ScreenCleaner|SheerCold,RolePlay,Protect,Hypnosis|Bold||F|||50|]Raichu||RaichuniteY|Static|FocusBlast,ZapCannon,Protect,FakeOut|Bold||F|||50|]Sinistcha-Masterpiece||KasibBerry|Hospitality|TrickRoom,RagePowder,MatchaGotcha,LifeDew|Calm|||||50|]Incineroar||SitrusBerry|Intimidate|FakeOut,PartingShot,FlareBlitz,ThroatChop|Adamant||F|||50|]Pidgeot||Pidgeotite|BigPecks|Hurricane,Protect,Tailwind,HeatWave|Timid||M|||50|]Milotic||Leftovers|Competitive|IcyWind,Scald,IceBeam,Recover|Bold||F|||50|
|inactive|Battle timer is ON: inactive players will automatically lose when time's up. (requested by whatdoesalt+f4do)
|inactive|PizzaSanwitch has 60 seconds left.
|
|t:|1785351302
|teamsize|p1|4
|teamsize|p2|4
|start
|switch|p1a: Pelipper|Pelipper, L50, M|100/100
|switch|p1b: Basculegion|Basculegion, L50, M|100/100
|switch|p2a: Incineroar|Incineroar, L50, F, shiny|100/100
|switch|p2b: Milotic|Milotic, L50, F, shiny|100/100
|-weather|RainDance|[from] ability: Drizzle|[of] p1a: Pelipper
|-ability|p2a: Incineroar|Intimidate|boost
|-unboost|p1a: Pelipper|atk|1
|-unboost|p1b: Basculegion|atk|1
|turn|1
|
|t:|1785351326
|switch|p1a: Archaludon|Archaludon, L50, F|100/100
|move|p1b: Basculegion|Wave Crash|p2a: Incineroar
|-supereffective|p2a: Incineroar|1
|-damage|p2a: Incineroar|0 fnt
|faint|p2a: Incineroar
|-damage|p1b: Basculegion|65/100|[from] Recoil
|move|p2b: Milotic|Icy Wind|p1b: Basculegion|[spread] p1a,p1b
|-resisted|p1b: Basculegion|1
|-crit|p1b: Basculegion
|-damage|p1a: Archaludon|90/100
|-damage|p1b: Basculegion|57/100
|-unboost|p1a: Archaludon|spe|1
|-unboost|p1b: Basculegion|spe|1
|-ability|p1a: Archaludon|Stamina|boost
|-boost|p1a: Archaludon|def|1
|
|-weather|RainDance|[upkeep]
|-heal|p1a: Archaludon|96/100|[from] item: Leftovers
|upkeep
|
|t:|1785351335
|switch|p2a: Raichu|Raichu, L50, F, shiny|100/100
|turn|2
|
|t:|1785351347
|switch|p1b: Scovillain|Scovillain, L50, M|100/100
|detailschange|p2a: Raichu|Raichu-Mega-Y, L50, F, shiny
|-mega|p2a: Raichu|Raichu|Raichunite Y
|move|p1a: Archaludon|Protect|p1a: Archaludon
|-singleturn|p1a: Archaludon|Protect
|move|p2a: Raichu|Zap Cannon|p1b: Scovillain
|-resisted|p1b: Scovillain|1
|-damage|p1b: Scovillain|56/100
|-status|p1b: Scovillain|par
|move|p2b: Milotic|Scald|p1a: Archaludon
|-activate|p1a: Archaludon|move: Protect
|
|-weather|RainDance|[upkeep]
|-heal|p1a: Archaludon|100/100|[from] item: Leftovers
|upkeep
|turn|3
|inactive|PizzaSanwitch has 30 seconds left.
|
|t:|1785351378
|detailschange|p1b: Scovillain|Scovillain-Mega, L50, M
|-mega|p1b: Scovillain|Scovillain|Scovillainite
|move|p1b: Scovillain|Rage Powder|p1b: Scovillain
|-singleturn|p1b: Scovillain|move: Rage Powder
|move|p2a: Raichu|Focus Blast|p1b: Scovillain
|-damage|p1b: Scovillain|10/100 par
|-status|p2a: Raichu|brn|[from] ability: Spicy Spray|[of] p1b: Scovillain
|move|p2b: Milotic|Scald|p1b: Scovillain
|-damage|p1b: Scovillain|0 fnt
|-status|p2b: Milotic|brn|[from] ability: Spicy Spray|[of] p1b: Scovillain
|faint|p1b: Scovillain
|move|p1a: Archaludon|Dragon Pulse|p2a: Raichu
|-damage|p2a: Raichu|47/100 brn
|
|-weather|RainDance|[upkeep]
|-damage|p2a: Raichu|41/100 brn|[from] brn
|-damage|p2b: Milotic|94/100 brn|[from] brn
|upkeep
|
|t:|1785351393
|switch|p1b: Basculegion|Basculegion, L50, M|57/100
|turn|4
|
|t:|1785351411
|move|p2a: Raichu|Protect|p2a: Raichu
|-singleturn|p2a: Raichu|Protect
|move|p1b: Basculegion|Last Respects|p2a: Raichu
|-activate|p2a: Raichu|move: Protect
|move|p2b: Milotic|Icy Wind|p1b: Basculegion|[spread] p1a,p1b
|-resisted|p1b: Basculegion|1
|-damage|p1a: Archaludon|90/100
|-damage|p1b: Basculegion|51/100
|-unboost|p1a: Archaludon|spe|1
|-unboost|p1b: Basculegion|spe|1
|-ability|p1a: Archaludon|Stamina|boost
|-boost|p1a: Archaludon|def|1
|move|p1a: Archaludon|Electro Shot||[still]
|-prepare|p1a: Archaludon|Electro Shot
|-boost|p1a: Archaludon|spa|1
|-anim|p1a: Archaludon|Electro Shot|p2b: Milotic
|-supereffective|p2b: Milotic|1
|-damage|p2b: Milotic|11/100 brn
|
|-weather|RainDance|[upkeep]
|-heal|p2b: Milotic|17/100 brn|[from] item: Leftovers
|-heal|p1a: Archaludon|96/100|[from] item: Leftovers
|-damage|p2a: Raichu|35/100 brn|[from] brn
|-damage|p2b: Milotic|11/100 brn|[from] brn
|upkeep
|turn|5
|inactive|whatdoesalt+f4do has 30 seconds left.
|
|t:|1785351440
|switch|p2b: Sinistcha|Sinistcha-Masterpiece, L50, shiny|100/100
|-heal|p2a: Raichu|59/100 brn|[from] ability: Hospitality|[of] p2b: Sinistcha
|move|p2a: Raichu|Zap Cannon|p1b: Basculegion
|-supereffective|p1b: Basculegion|1
|-damage|p1b: Basculegion|0 fnt
|faint|p1b: Basculegion
|move|p1a: Archaludon|Dragon Pulse|p2a: Raichu
|-damage|p2a: Raichu|0 fnt
|faint|p2a: Raichu
|
|-weather|none
|-heal|p1a: Archaludon|100/100|[from] item: Leftovers
|upkeep
|
|t:|1785351450
|switch|p2a: Milotic|Milotic, L50, F, shiny|11/100 brn
|switch|p1b: Pelipper|Pelipper, L50, M|100/100
|-weather|RainDance|[from] ability: Drizzle|[of] p1b: Pelipper
|turn|6
|
|t:|1785351468
|move|p2b: Sinistcha|Rage Powder|p2b: Sinistcha
|-singleturn|p2b: Sinistcha|move: Rage Powder
|move|p2a: Milotic|Recover|p2a: Milotic
|-heal|p2a: Milotic|61/100 brn
|move|p1b: Pelipper|Hurricane|p2b: Sinistcha
|-supereffective|p2b: Sinistcha|1
|-damage|p2b: Sinistcha|28/100
|move|p1a: Archaludon|Dragon Pulse|p2b: Sinistcha
|-damage|p2b: Sinistcha|0 fnt
|faint|p2b: Sinistcha
|
|-weather|RainDance|[upkeep]
|-heal|p2a: Milotic|67/100 brn|[from] item: Leftovers
|-damage|p2a: Milotic|61/100 brn|[from] brn
|upkeep
|turn|7
|
|t:|1785351479
|move|p2a: Milotic|Ice Beam|p1b: Pelipper
|-damage|p1b: Pelipper|74/100
|move|p1b: Pelipper|Hurricane|p2a: Milotic
|-damage|p2a: Milotic|33/100 brn
|move|p1a: Archaludon|Electro Shot||[still]
|-prepare|p1a: Archaludon|Electro Shot
|-boost|p1a: Archaludon|spa|1
|-anim|p1a: Archaludon|Electro Shot|p2a: Milotic
|-supereffective|p2a: Milotic|1
|-damage|p2a: Milotic|0 fnt
|faint|p2a: Milotic
|
|win|PizzaSanwitch
|raw|PizzaSanwitch's rating: 1205 → 1227(+22 for winning)
|raw|whatdoesalt+f4do's rating: 1157 → 1135(-22 for losing)
|l|☆whatdoesalt+f4do
|player|p2|
