|j|☆Vulpisfoglia
|j|☆poison mouse
|html|Vulpisfogliapoison mouse    
|uhtml|bestof|Game 2 of a best-of-3
|t:|1785140728
|gametype|doubles
|player|p1|Vulpisfoglia|gwynn|1338
|player|p2|poison mouse|tate|1510
|gen|9
|tier|[Gen 9 Champions] VGC 2026 Reg M-B (Bo3)
|rated|
|rule|Species Clause: Limit one of each Pokémon
|rule|Item Clause: Limit 1 of each item
|clearpoke
|poke|p1|Venusaur, L50, M|
|poke|p1|Pelipper, L50, M|
|poke|p1|Swampert, L50, M|
|poke|p1|Sylveon, L50, M|
|poke|p1|Grimmsnarl, L50, M|
|poke|p1|Archaludon, L50, M|
|poke|p2|Tyranitar, L50, M|
|poke|p2|Excadrill, L50, F|
|poke|p2|Milotic, L50, M|
|poke|p2|Sinistcha, L50|
|poke|p2|Staraptor, L50, M|
|poke|p2|Gholdengo, L50|
|teampreview|4
|showteam|p1|Venusaur||Venusaurite|Chlorophyll|Protect,GigaDrain,EarthPower,SludgeBomb|Modest||M|||50|]Pelipper||SitrusBerry|Drizzle|Tailwind,WeatherBall,Hurricane,RainDance|Bold||M|||50|]Swampert||Swampertite|Torrent|WaveCrash,Protect,HighHorsepower,IcePunch|Adamant||M|||50|]Sylveon||FairyFeather|Pixilate|HyperVoice,HyperBeam,Protect,Yawn|Modest||M|||50|]Grimmsnarl||LightClay|Prankster|PartingShot,LightScreen,Reflect,FoulPlay|Careful||M|||50|]Archaludon||Leftovers|Stamina|ElectroShot,FlashCannon,Protect,DragonPulse|Calm||M|||50|
|showteam|p2|Tyranitar||Tyranitarite|SandStream|KnockOff,RockSlide,LowKick,Protect|Jolly||M|||50|]Excadrill||FocusSash|SandRush|HighHorsepower,IronHead,RockSlide,Protect|Adamant||F|||50|]Milotic||SitrusBerry|Competitive|Scald,IcyWind,IceBeam,Protect|Calm||M|||50|]Sinistcha||ColburBerry|Hospitality|MatchaGotcha,ShadowBall,Protect,RagePowder|Bold|||||50|]Staraptor||Staraptite|Intimidate|CloseCombat,BraveBird,Tailwind,Protect|Jolly||M|||50|]Gholdengo||LifeOrb|GoodasGold|MakeItRain,ShadowBall,NastyPlot,Protect|Modest|||||50|
|inactive|Battle timer is ON: inactive players will automatically lose when time's up. (requested by poison mouse)
|
|t:|1785140758
|teamsize|p1|4
|teamsize|p2|4
|start
|switch|p1a: Pelipper|Pelipper, L50, M|100/100
|switch|p1b: Swampert|Swampert, L50, M|100/100
|switch|p2a: Staraptor|Staraptor, L50, M|100/100
|switch|p2b: Gholdengo|Gholdengo, L50|100/100
|-ability|p2a: Staraptor|Intimidate|boost
|-unboost|p1a: Pelipper|atk|1
|-unboost|p1b: Swampert|atk|1
|-weather|RainDance|[from] ability: Drizzle|[of] p1a: Pelipper
|turn|1
|inactive|poison mouse has 30 seconds left.
|inactive|poison mouse has 20 seconds left.
|inactive|poison mouse has 15 seconds left.
|inactive|poison mouse has 10 seconds left.
|
|t:|1785140805
|switch|p2b: Tyranitar|Tyranitar, L50, M|100/100
|-weather|Sandstorm|[from] ability: Sand Stream|[of] p2b: Tyranitar
|detailschange|p2a: Staraptor|Staraptor-Mega, L50, M
|-mega|p2a: Staraptor|Staraptor|Staraptite
|detailschange|p1b: Swampert|Swampert-Mega, L50, M
|-mega|p1b: Swampert|Swampert|Swampertite
|move|p2a: Staraptor|Close Combat|p1b: Swampert
|-damage|p1b: Swampert|50/100g
|-boost|p2a: Staraptor|def|1
|-boost|p2a: Staraptor|spd|1
|move|p1b: Swampert|High Horsepower|p2b: Tyranitar
|-supereffective|p2b: Tyranitar|1
|-damage|p2b: Tyranitar|42/100
|move|p1a: Pelipper|Tailwind|p1a: Pelipper
|-sidestart|p1: Vulpisfoglia|move: Tailwind
|
|-weather|Sandstorm|[upkeep]
|-damage|p1a: Pelipper|93/100|[from] Sandstorm
|-damage|p2a: Staraptor|94/100|[from] Sandstorm
|upkeep
|turn|2
|
|t:|1785140827
|switch|p1a: Grimmsnarl|Grimmsnarl, L50, M|100/100
|switch|p2b: Sinistcha|Sinistcha, L50|100/100
|-heal|p2a: Staraptor|100/100|[from] ability: Hospitality|[of] p2b: Sinistcha
|move|p1b: Swampert|Ice Punch|p2a: Staraptor
|-supereffective|p2a: Staraptor|1
|-damage|p2a: Staraptor|73/100
|move|p2a: Staraptor|Close Combat|p1b: Swampert
|-damage|p1b: Swampert|3/100
|-boost|p2a: Staraptor|def|1
|-boost|p2a: Staraptor|spd|1
|
|-weather|Sandstorm|[upkeep]
|-damage|p2a: Staraptor|67/100|[from] Sandstorm
|-damage|p1a: Grimmsnarl|94/100|[from] Sandstorm
|-damage|p2b: Sinistcha|94/100|[from] Sandstorm
|upkeep
|turn|3
|
|t:|1785140847
|switch|p1b: Pelipper|Pelipper, L50, M|93/100
|-weather|RainDance|[from] ability: Drizzle|[of] p1b: Pelipper
|move|p1a: Grimmsnarl|Reflect|p1a: Grimmsnarl
|-sidestart|p1: Vulpisfoglia|Reflect
|move|p2a: Staraptor|Close Combat|p1a: Grimmsnarl
|-damage|p1a: Grimmsnarl|58/100
|-boost|p2a: Staraptor|def|1
|-boost|p2a: Staraptor|spd|1
|move|p2b: Sinistcha|Matcha Gotcha|p1a: Grimmsnarl|[spread] p1a,p1b
|-damage|p1a: Grimmsnarl|35/100
|-heal|p2b: Sinistcha|100/100|[from] drain|[of] p1a: Grimmsnarl
|-damage|p1b: Pelipper|66/100
|
|-weather|RainDance|[upkeep]
|upkeep
|turn|4
|
|t:|1785140862
|switch|p2b: Tyranitar|Tyranitar, L50, M|42/100
|-weather|Sandstorm|[from] ability: Sand Stream|[of] p2b: Tyranitar
|move|p1a: Grimmsnarl|Parting Shot|p2b: Tyranitar
|-hint|Since gen 7, Dark is immune to Prankster moves.
|-immune|p2b: Tyranitar
|move|p1b: Pelipper|Rain Dance|p1b: Pelipper
|-weather|RainDance
|move|p2a: Staraptor|Close Combat|p1a: Grimmsnarl
|-damage|p1a: Grimmsnarl|0 fnt
|-boost|p2a: Staraptor|def|1
|-boost|p2a: Staraptor|spd|1
|faint|p1a: Grimmsnarl
|
|-weather|RainDance|[upkeep]
|-sideend|p1: Vulpisfoglia|move: Tailwind
|upkeep
|
|t:|1785140873
|switch|p1a: Venusaur|Venusaur, L50, M|100/100
|turn|5
|
|t:|1785140881
|switch|p2b: Sinistcha|Sinistcha, L50|100/100
|-heal|p2a: Staraptor|92/100|[from] ability: Hospitality|[of] p2b: Sinistcha
|move|p2a: Staraptor|Tailwind|p2a: Staraptor
|-sidestart|p2: poison mouse|move: Tailwind
|move|p1a: Venusaur|Sludge Bomb|p2a: Staraptor
|-damage|p2a: Staraptor|79/100
|move|p1b: Pelipper|Hurricane|p2b: Sinistcha
|-supereffective|p2b: Sinistcha|1
|-damage|p2b: Sinistcha|26/100
|
|-weather|RainDance|[upkeep]
|upkeep
|turn|6
|
|t:|1785140897
|switch|p2b: Tyranitar|Tyranitar, L50, M|42/100
|-weather|Sandstorm|[from] ability: Sand Stream|[of] p2b: Tyranitar
|move|p2a: Staraptor|Brave Bird|p1a: Venusaur
|-supereffective|p1a: Venusaur|1
|-damage|p1a: Venusaur|22/100
|-damage|p2a: Staraptor|54/100|[from] Recoil
|move|p1a: Venusaur|Giga Drain|p2b: Tyranitar
|-supereffective|p2b: Tyranitar|1
|-damage|p2b: Tyranitar|0 fnt
|-heal|p1a: Venusaur|44/100|[from] drain|[of] p2b: Tyranitar
|faint|p2b: Tyranitar
|move|p1b: Pelipper|Rain Dance|p1b: Pelipper
|-weather|RainDance
|
|-weather|RainDance|[upkeep]
|upkeep
|
|t:|1785140914
|switch|p2b: Gholdengo|Gholdengo, L50|100/100
|turn|7
|
|t:|1785140936
|move|p1a: Venusaur|Protect|p1a: Venusaur
|-singleturn|p1a: Venusaur|Protect
|move|p2a: Staraptor|Brave Bird|p1a: Venusaur
|-activate|p1a: Venusaur|move: Protect
|move|p2b: Gholdengo|Nasty Plot|p2b: Gholdengo
|-boost|p2b: Gholdengo|spa|2
|move|p1b: Pelipper|Tailwind|p1b: Pelipper
|-sidestart|p1: Vulpisfoglia|move: Tailwind
|
|-weather|RainDance|[upkeep]
|upkeep
|turn|8
|
|t:|1785140950
|move|p2a: Staraptor|Brave Bird|p1a: Venusaur
|-supereffective|p1a: Venusaur|1
|-damage|p1a: Venusaur|0 fnt
|faint|p1a: Venusaur
|-damage|p2a: Staraptor|40/100|[from] Recoil
|move|p2b: Gholdengo|Shadow Ball|p1b: Pelipper
|-crit|p1b: Pelipper
|-damage|p1b: Pelipper|0 fnt
|faint|p1b: Pelipper
|-damage|p2b: Gholdengo|90/100|[from] item: Life Orb
|
|-weather|RainDance|[upkeep]
|-sideend|p2: poison mouse|move: Tailwind
|upkeep
|-message|Vulpisfoglia forfeited.
|raw|Vulpisfoglia's rating: 1338 → 1327(-11 for losing)
|raw|poison mouse's rating: 1510 → 1521(+11 for winning)
|
|win|poison mouse
|l|☆Vulpisfoglia
|player|p1|
