|j|☆Cm3112
|j|☆mackerjuan
|html|Cm3112mackerjuan    
|uhtml|bestof|Game 2 of a best-of-3
|t:|1756727456
|gametype|doubles
|player|p1|Cm3112|1|1293
|player|p2|mackerjuan|2|1308
|gen|9
|tier|[Gen 9] VGC 2025 Reg H (Bo3)
|rated|
|rule|Species Clause: Limit one of each Pokémon
|rule|Item Clause: Limit 1 of each item
|clearpoke
|poke|p1|Archaludon, L50, M|
|poke|p1|Annihilape, L50, M|
|poke|p1|Maushold-Four, L50|
|poke|p1|Pelipper, L50, F|
|poke|p1|Spiritomb, L50, F|
|poke|p1|Ursaluna, L50, M|
|poke|p2|Incineroar, L50, M|
|poke|p2|Gholdengo, L50|
|poke|p2|Porygon2, L50|
|poke|p2|Ursaluna, L50, F|
|poke|p2|Amoonguss, L50, F|
|poke|p2|Hydreigon, L50, F|
|teampreview|4
|showteam|p1|Archaludon||AssaultVest|Stamina|FlashCannon,ElectroShot,DracoMeteor,BodyPress|||M|||50|,,,,,Fairy]Annihilape||SafetyGoggles|Defiant|DrainPunch,RageFist,BulkUp,Protect|||M|||50|,,,,,Dragon]Maushold-Four||WideLens|Technician|PopulationBomb,BeatUp,FollowMe,Protect||||||50|,,,,,Ghost]Pelipper||FocusSash|Drizzle|MuddyWater,Hurricane,WideGuard,Tailwind|||F|||50|,,,,,Water]Spiritomb||SitrusBerry|Infiltrator|WillOWisp,TrickRoom,Snarl,FoulPlay|||F|||50|,,,,,Grass]Ursaluna||FlameOrb|Guts|Facade,HeadlongRush,Earthquake,Protect|||M|||50|,,,,,Grass
|showteam|p2|Incineroar||SafetyGoggles|Intimidate|FlareBlitz,KnockOff,FakeOut,PartingShot|||M|||50|,,,,,Ghost]Gholdengo||LifeOrb|GoodasGold|MakeItRain,ShadowBall,NastyPlot,Protect||||||50|,,,,,Water]Porygon2||Eviolite|Download|TeraBlast,IceBeam,Recover,TrickRoom||||||50|,,,,,Fighting]Ursaluna||FlameOrb|Guts|Facade,HeadlongRush,Earthquake,Protect|||F|||50|,,,,,Ghost]Amoonguss||SitrusBerry|Regenerator|PollenPuff,Spore,RagePowder,Protect|||F|||50|,,,,,Water]Hydreigon||CovertCloak|Levitate|Taunt,Tailwind,DracoMeteor,Snarl|||F|||50|,,,,,Steel
|inactive|Battle timer is ON: inactive players will automatically lose when time's up. (requested by mackerjuan)
|inactive|mackerjuan has 60 seconds left.
|
|t:|1756727492
|teamsize|p1|4
|teamsize|p2|4
|start
|switch|p1a: Maushold|Maushold-Four, L50|100/100
|switch|p1b: Annihilape|Annihilape, L50, M|100/100
|switch|p2a: Gholdengo|Gholdengo, L50|100/100
|switch|p2b: Amoonguss|Amoonguss, L50, F|100/100
|turn|1
|inactive|mackerjuan has 30 seconds left.
|
|t:|1756727519
|move|p1a: Maushold|Population Bomb|p2b: Amoonguss
|-damage|p2b: Amoonguss|90/100
|-damage|p2b: Amoonguss|78/100
|-damage|p2b: Amoonguss|67/100
|-damage|p2b: Amoonguss|56/100
|-damage|p2b: Amoonguss|45/100
|-enditem|p2b: Amoonguss|Sitrus Berry|[eat]
|-heal|p2b: Amoonguss|69/100|[from] item: Sitrus Berry
|-damage|p2b: Amoonguss|58/100
|-crit|p2b: Amoonguss
|-damage|p2b: Amoonguss|41/100
|-damage|p2b: Amoonguss|31/100
|-damage|p2b: Amoonguss|20/100
|-damage|p2b: Amoonguss|8/100
|-hitcount|p2b: Amoonguss|10
|move|p1b: Annihilape|Rage Fist|p2b: Amoonguss
|-damage|p2b: Amoonguss|0 fnt
|faint|p2b: Amoonguss
|move|p2a: Gholdengo|Nasty Plot|p2a: Gholdengo
|-boost|p2a: Gholdengo|spa|2
|
|upkeep
|
|t:|1756727532
|switch|p2b: Hydreigon|Hydreigon, L50, F|100/100
|turn|2
|inactive|mackerjuan has 30 seconds left.
|
|t:|1756727562
|-terastallize|p2b: Hydreigon|Steel
|move|p1a: Maushold|Population Bomb|p2b: Hydreigon
|-resisted|p2b: Hydreigon
|-damage|p2b: Hydreigon|94/100
|-resisted|p2b: Hydreigon
|-damage|p2b: Hydreigon|89/100
|-resisted|p2b: Hydreigon
|-damage|p2b: Hydreigon|83/100
|-resisted|p2b: Hydreigon
|-damage|p2b: Hydreigon|78/100
|-resisted|p2b: Hydreigon
|-damage|p2b: Hydreigon|72/100
|-resisted|p2b: Hydreigon
|-damage|p2b: Hydreigon|65/100
|-resisted|p2b: Hydreigon
|-damage|p2b: Hydreigon|59/100
|-resisted|p2b: Hydreigon
|-damage|p2b: Hydreigon|53/100
|-resisted|p2b: Hydreigon
|-damage|p2b: Hydreigon|47/100
|-resisted|p2b: Hydreigon
|-damage|p2b: Hydreigon|41/100
|-hitcount|p2b: Hydreigon|10
|move|p2b: Hydreigon|Tailwind|p2b: Hydreigon
|-sidestart|p2: mackerjuan|move: Tailwind
|move|p2a: Gholdengo|Shadow Ball|p1b: Annihilape
|-supereffective|p1b: Annihilape
|-damage|p1b: Annihilape|0 fnt
|faint|p1b: Annihilape
|-damage|p2a: Gholdengo|91/100|[from] item: Life Orb
|
|upkeep
|
|t:|1756727577
|switch|p1b: Archaludon|Archaludon, L50, M|100/100
|turn|3
|inactive|mackerjuan has 30 seconds left.
|inactive|mackerjuan has 20 seconds left.
|
|t:|1756727615
|move|p1a: Maushold|Follow Me|p1a: Maushold
|-singleturn|p1a: Maushold|move: Follow Me
|move|p2b: Hydreigon|Snarl|p1b: Archaludon|[spread] p1a,p1b
|-damage|p1a: Maushold|72/100
|-damage|p1b: Archaludon|88/100
|-unboost|p1a: Maushold|spa|1
|-unboost|p1b: Archaludon|spa|1
|-ability|p1b: Archaludon|Stamina|boost
|-boost|p1b: Archaludon|def|1
|move|p2a: Gholdengo|Make It Rain|p1b: Archaludon|[spread] p1a,p1b
|-resisted|p1b: Archaludon
|-damage|p1a: Maushold|0 fnt
|-damage|p1b: Archaludon|49/100
|-unboost|p2a: Gholdengo|spa|1
|-ability|p1b: Archaludon|Stamina|boost
|-boost|p1b: Archaludon|def|1
|faint|p1a: Maushold
|-damage|p2a: Gholdengo|82/100|[from] item: Life Orb
|move|p1b: Archaludon|Body Press|p2b: Hydreigon
|-supereffective|p2b: Hydreigon
|-damage|p2b: Hydreigon|0 fnt
|faint|p2b: Hydreigon
|
|upkeep
|
|t:|1756727633
|switch|p1a: Pelipper|Pelipper, L50, F|100/100
|switch|p2b: Ursaluna|Ursaluna, L50, F|100/100
|-weather|RainDance|[from] ability: Drizzle|[of] p1a: Pelipper
|turn|4
|inactive|mackerjuan has 30 seconds left.
|
|t:|1756727660
|move|p2a: Gholdengo|Shadow Ball|p1b: Archaludon
|-damage|p1b: Archaludon|2/100
|-ability|p1b: Archaludon|Stamina|boost
|-boost|p1b: Archaludon|def|1
|-damage|p2a: Gholdengo|72/100|[from] item: Life Orb
|move|p2b: Ursaluna|Facade|p1a: Pelipper
|-damage|p1a: Pelipper|43/100
|move|p1a: Pelipper|Muddy Water|p2a: Gholdengo|[spread] p2b
|-miss|p1a: Pelipper|p2a: Gholdengo
|-supereffective|p2b: Ursaluna
|-damage|p2b: Ursaluna|19/100
|-unboost|p2b: Ursaluna|accuracy|1
|move|p1b: Archaludon|Electro Shot||[still]
|-prepare|p1b: Archaludon|Electro Shot
|-boost|p1b: Archaludon|spa|1
|-anim|p1b: Archaludon|Electro Shot|p2a: Gholdengo
|-damage|p2a: Gholdengo|31/100
|
|-weather|RainDance|[upkeep]
|-status|p2b: Ursaluna|brn|[from] item: Flame Orb
|upkeep
|turn|5
|inactive|Cm3112 has 30 seconds left.
|
|t:|1756727688
|move|p2a: Gholdengo|Shadow Ball|p1b: Archaludon
|-damage|p1b: Archaludon|0 fnt
|faint|p1b: Archaludon
|-damage|p2a: Gholdengo|21/100|[from] item: Life Orb
|move|p2b: Ursaluna|Facade|p1a: Pelipper
|-damage|p1a: Pelipper|0 fnt
|faint|p1a: Pelipper
|
|win|mackerjuan
