|j|☆princeofunderworld
|j|☆Lorido
|html|princeofunderworldLorido    
|uhtml|bestof|Game 3 of a best-of-3
|t:|1784911922
|gametype|doubles
|player|p1|princeofunderworld|1|1206
|player|p2|Lorido|169|1198
|gen|9
|tier|[Gen 9 Champions] VGC 2026 Reg M-B (Bo3)
|rated|
|rule|Species Clause: Limit one of each Pokémon
|rule|Item Clause: Limit 1 of each item
|clearpoke
|poke|p1|Delphox, L50, F|
|poke|p1|Farigiraf, L50, F|
|poke|p1|Basculegion, L50, M|
|poke|p1|Incineroar, L50, M|
|poke|p1|Sylveon, L50, F|
|poke|p1|Garchomp, L50, M|
|poke|p2|Aerodactyl, L50, M|
|poke|p2|Kingambit, L50, M|
|poke|p2|Sylveon, L50, F|
|poke|p2|Charizard, L50, M|
|poke|p2|Garchomp, L50, F|
|poke|p2|Farigiraf, L50, M|
|teampreview|4
|showteam|p1|Delphox||Delphoxite|Blaze|NastyPlot,HeatWave,Protect,Psyshock|Timid||F|||50|]Farigiraf||ColburBerry|ArmorTail|TwinBeam,LowKick,Protect,TrickRoom|Sassy||F|||50|]Basculegion||FocusSash|Adaptability|Liquidation,LastRespects,AquaJet,Protect|Adamant||M|||50|]Incineroar||SitrusBerry|Intimidate|PartingShot,FlareBlitz,Taunt,FakeOut|Adamant||M|||50|]Sylveon||FairyFeather|Pixilate|HyperBeam,HyperVoice,Protect,Yawn|Modest||F|||50|]Garchomp||LifeOrb|RoughSkin|DragonClaw,RockSlide,Protect,Earthquake|Jolly||M|||50|
|showteam|p2|Aerodactyl||Aerodactylite|Unnerve|RockSlide,DualWingbeat,IceFang,Tailwind|Jolly||M|||50|]Kingambit||BlackGlasses|Defiant|KowtowCleave,IronHead,SuckerPunch,LowKick|Jolly||M|||50|]Sylveon||FairyFeather|Pixilate|HyperVoice,QuickAttack,HyperBeam,Detect|Modest||F|||50|]Charizard||CharizarditeY|Blaze|HeatWave,WeatherBall,SolarBeam,Protect|Modest||M|||50|]Garchomp||LifeOrb|RoughSkin|DragonClaw,Earthquake,RockSlide,Protect|Jolly||F|||50|]Farigiraf||SitrusBerry|ArmorTail|TwinBeam,Thunderbolt,TrickRoom,HelpingHand|Relaxed||M|||50|
|inactive|Battle timer is ON: inactive players will automatically lose when time's up. (requested by Lorido)
|inactive|princeofunderworld also wants the timer to be on.
|
|t:|1784911934
|teamsize|p1|4
|teamsize|p2|4
|start
|switch|p1a: Delphox|Delphox, L50, F|100/100
|switch|p1b: Farigiraf|Farigiraf, L50, F|100/100
|switch|p2a: Garchomp|Garchomp, L50, F|100/100
|switch|p2b: Kingambit|Kingambit, L50, M|100/100
|turn|1
|
|t:|1784911945
|switch|p1b: Incineroar|Incineroar, L50, M|100/100
|-ability|p1b: Incineroar|Intimidate|boost
|-unboost|p2a: Garchomp|atk|1
|-unboost|p2b: Kingambit|atk|1
|-ability|p2b: Kingambit|Defiant|boost
|-boost|p2b: Kingambit|atk|2
|detailschange|p1a: Delphox|Delphox-Mega, L50, F
|-mega|p1a: Delphox|Delphox|Delphoxite
|move|p1a: Delphox|Heat Wave|p2a: Garchomp|[spread] p2a,p2b
|-resisted|p2a: Garchomp|1
|-supereffective|p2b: Kingambit|1
|-damage|p2a: Garchomp|77/100
|-damage|p2b: Kingambit|11/100
|-status|p2a: Garchomp|brn
|move|p2a: Garchomp|Rock Slide|p1b: Incineroar|[spread] p1a,p1b
|-supereffective|p1a: Delphox|1
|-supereffective|p1b: Incineroar|1
|-damage|p1a: Delphox|71/100
|-damage|p1b: Incineroar|82/100
|-damage|p2a: Garchomp|67/100 brn|[from] item: Life Orb
|move|p2b: Kingambit|Kowtow Cleave|p1b: Incineroar
|-resisted|p1b: Incineroar|1
|-damage|p1b: Incineroar|40/100
|-enditem|p1b: Incineroar|Sitrus Berry|[eat]
|-heal|p1b: Incineroar|64/100|[from] item: Sitrus Berry
|
|-damage|p2a: Garchomp|61/100 brn|[from] brn
|upkeep
|turn|2
|
|t:|1784911965
|switch|p2a: Farigiraf|Farigiraf, L50, M|100/100
|move|p1b: Incineroar|Fake Out||[still]
|cant|p2a: Farigiraf|ability: Armor Tail|Fake Out|[of] p1b: Incineroar
|move|p2b: Kingambit|Sucker Punch|p1a: Delphox
|-supereffective|p1a: Delphox|1
|-damage|p1a: Delphox|0 fnt
|faint|p1a: Delphox
|
|upkeep
|
|t:|1784911978
|switch|p1a: Basculegion|Basculegion, L50, M|100/100
|turn|3
|
|t:|1784911993
|move|p1a: Basculegion|Protect|p1a: Basculegion
|-singleturn|p1a: Basculegion|Protect
|move|p2b: Kingambit|Sucker Punch||[still]
|-fail|p2b: Kingambit
|move|p1b: Incineroar|Flare Blitz|p2b: Kingambit
|-supereffective|p2b: Kingambit|1
|-damage|p2b: Kingambit|0 fnt
|faint|p2b: Kingambit
|-damage|p1b: Incineroar|61/100|[from] Recoil
|move|p2a: Farigiraf|Thunderbolt|p1a: Basculegion
|-activate|p1a: Basculegion|move: Protect
|
|upkeep
|
|t:|1784911999
|switch|p2b: Garchomp|Garchomp, L50, F|61/100 brn
|turn|4
|
|t:|1784912004
|switch|p1a: Farigiraf|Farigiraf, L50, F|100/100
|move|p2b: Garchomp|Rock Slide|p1a: Farigiraf|[spread] p1a
|-miss|p2b: Garchomp|p1b: Incineroar
|-damage|p1a: Farigiraf|88/100
|-damage|p2b: Garchomp|51/100 brn|[from] item: Life Orb
|move|p1b: Incineroar|Flare Blitz|p2a: Farigiraf
|-damage|p2a: Farigiraf|54/100
|-damage|p1b: Incineroar|44/100|[from] Recoil
|move|p2a: Farigiraf|Thunderbolt|p1a: Farigiraf
|-crit|p1a: Farigiraf
|-damage|p1a: Farigiraf|58/100
|-status|p1a: Farigiraf|par
|
|-damage|p2b: Garchomp|45/100 brn|[from] brn
|upkeep
|turn|5
|
|t:|1784912024
|move|p2b: Garchomp|Dragon Claw|p1b: Incineroar
|-damage|p1b: Incineroar|15/100
|-damage|p2b: Garchomp|36/100 brn|[from] item: Life Orb
|move|p1b: Incineroar|Flare Blitz|p2a: Farigiraf
|-damage|p2a: Farigiraf|6/100
|-status|p2a: Farigiraf|brn
|-enditem|p2a: Farigiraf|Sitrus Berry|[eat]
|-heal|p2a: Farigiraf|31/100 brn|[from] item: Sitrus Berry
|-damage|p1b: Incineroar|0 fnt|[from] Recoil
|faint|p1b: Incineroar
|move|p2a: Farigiraf|Thunderbolt|p1a: Farigiraf
|-damage|p1a: Farigiraf|39/100 par
|move|p1a: Farigiraf|Twin Beam|p2b: Garchomp
|-damage|p2b: Garchomp|19/100 brn
|-damage|p2b: Garchomp|1/100 brn
|-hitcount|p2b: Garchomp|2
|
|-damage|p2b: Garchomp|0 fnt|[from] brn
|faint|p2b: Garchomp
|-damage|p2a: Farigiraf|25/100 brn|[from] brn
|upkeep
|
|t:|1784912042
|switch|p2b: Aerodactyl|Aerodactyl, L50, M|100/100
|switch|p1b: Basculegion|Basculegion, L50, M|100/100
|-ability|p2b: Aerodactyl|Unnerve
|turn|6
|
|t:|1784912051
|detailschange|p2b: Aerodactyl|Aerodactyl-Mega, L50, M
|-mega|p2b: Aerodactyl|Aerodactyl|Aerodactylite
|move|p2a: Farigiraf|Helping Hand|p2b: Aerodactyl
|-singleturn|p2b: Aerodactyl|Helping Hand|[of] p2a: Farigiraf
|move|p1b: Basculegion|Protect|p1b: Basculegion
|-singleturn|p1b: Basculegion|Protect
|move|p2b: Aerodactyl|Rock Slide|p1b: Basculegion|[spread] p1a
|-activate|p1b: Basculegion|move: Protect
|-damage|p1a: Farigiraf|1/100 par
|cant|p1a: Farigiraf|par
|
|-damage|p2a: Farigiraf|18/100 brn|[from] brn
|upkeep
|turn|7
|
|t:|1784912069
|move|p2b: Aerodactyl|Rock Slide|p1b: Basculegion|[spread] p1a,p1b
|-damage|p1a: Farigiraf|0 fnt
|-damage|p1b: Basculegion|66/100
|faint|p1a: Farigiraf
|cant|p1b: Basculegion|flinch
|move|p2a: Farigiraf|Thunderbolt|p1b: Basculegion
|-supereffective|p1b: Basculegion|1
|-damage|p1b: Basculegion|17/100
|
|-damage|p2a: Farigiraf|12/100 brn|[from] brn
|upkeep
|turn|8
|
|t:|1784912081
|move|p1b: Basculegion|Protect|p1b: Basculegion
|-singleturn|p1b: Basculegion|Protect
|move|p2b: Aerodactyl|Dual Wingbeat|p1b: Basculegion
|-activate|p1b: Basculegion|move: Protect
|move|p2a: Farigiraf|Thunderbolt|p1b: Basculegion
|-activate|p1b: Basculegion|move: Protect
|
|-damage|p2a: Farigiraf|6/100 brn|[from] brn
|upkeep
|turn|9
|
|t:|1784912087
|move|p1b: Basculegion|Protect||[still]
|-fail|p1b: Basculegion
|move|p2b: Aerodactyl|Dual Wingbeat|p1b: Basculegion
|-damage|p1b: Basculegion|0 fnt
|faint|p1b: Basculegion
|-hitcount|p1: Basculegion|1
|
|win|Lorido
|raw|princeofunderworld's rating: 1206 → 1180(-26 for losing)
|raw|Lorido's rating: 1198 → 1224(+26 for winning)
