|j|☆FunkleVGC
|j|☆MrRaffa
|html|FunkleVGCMrRaffa    
|uhtml|bestof|Game 2 of a best-of-3
|t:|1782240694
|gametype|doubles
|player|p1|FunkleVGC|fisherman-gen4|1194
|player|p2|MrRaffa|n|1291
|gen|9
|tier|[Gen 9 Champions] VGC 2026 Reg M-B (Bo3)
|rated|
|rule|Species Clause: Limit one of each Pokémon
|rule|Item Clause: Limit 1 of each item
|clearpoke
|poke|p1|Venusaur, L50, F, shiny|
|poke|p1|Aerodactyl, L50, M, shiny|
|poke|p1|Grimmsnarl, L50, M, shiny|
|poke|p1|Milotic, L50, F, shiny|
|poke|p1|Incineroar, L50, F, shiny|
|poke|p1|Gholdengo, L50, shiny|
|poke|p2|Charizard, L50, M, shiny|
|poke|p2|Floette-Eternal, L50, F|
|poke|p2|Garchomp, L50, M|
|poke|p2|Basculegion, L50, M|
|poke|p2|Incineroar, L50, M|
|poke|p2|Whimsicott, L50, F|
|teampreview|4
|showteam|p1|Venusaur||Venusaurite|Chlorophyll|GigaDrain,SludgeBomb,LeechSeed,Protect|Calm||F|||50|]Aerodactyl||Aerodactylite|Unnerve|RockSlide,DualWingbeat,Tailwind,Protect|Jolly||M|||50|]Grimmsnarl||LightClay|Prankster|LightScreen,Reflect,ScaryFace,SpiritBreak|Careful||M|||50|]Milotic||Leftovers|Competitive|MuddyWater,Coil,Hypnosis,Recover|Bold||F|||50|]Incineroar||SitrusBerry|Intimidate|FakeOut,ThroatChop,FlareBlitz,PartingShot|Careful||F|||50|]Gholdengo||LifeOrb|GoodasGold|MakeItRain,ShadowBall,PowerGem,Protect|Modest|||||50|
|showteam|p2|Charizard||CharizarditeY|Blaze|HeatWave,SolarBeam,WeatherBall,Protect|Modest||M|||50|]Floette-Eternal||Floettite|FlowerVeil|Moonblast,DazzlingGleam,LightofRuin,Protect|Timid||F|||50|]Garchomp||LifeOrb|RoughSkin|Earthquake,DragonClaw,RockSlide,Protect|Jolly||M|||50|]Basculegion||MysticWater|Adaptability|WaveCrash,LastRespects,AquaJet,Protect|Adamant||M|||50|]Incineroar||SitrusBerry|Intimidate|FlareBlitz,ThroatChop,PartingShot,FakeOut|Careful||M|||50|]Whimsicott||FocusSash|Prankster|Moonblast,Tailwind,Encore,Protect|Timid||F|||50|
|j| maxiy
|inactive|Battle timer is ON: inactive players will automatically lose when time's up. (requested by MrRaffa)
|
|t:|1782240713
|teamsize|p1|4
|teamsize|p2|4
|start
|switch|p1a: Grimmsnarl|Grimmsnarl, L50, M, shiny|100/100
|switch|p1b: Aerodactyl|Aerodactyl, L50, M, shiny|100/100
|switch|p2a: Dolly|Whimsicott, L50, F|100/100
|switch|p2b: Basculegion|Basculegion, L50, M|100/100
|-ability|p1b: Aerodactyl|Unnerve
|turn|1
|inactive|FunkleVGC has 30 seconds left.
|
|t:|1782240741
|switch|p1b: Incineroar|Incineroar, L50, F, shiny|100/100
|-ability|p1b: Incineroar|Intimidate|boost
|-unboost|p2a: Dolly|atk|1
|-unboost|p2b: Basculegion|atk|1
|move|p2a: Dolly|Protect|p2a: Dolly
|-singleturn|p2a: Dolly|Protect
|move|p2b: Basculegion|Aqua Jet|p1b: Incineroar
|-supereffective|p1b: Incineroar|1
|-damage|p1b: Incineroar|66/100
|move|p1a: Grimmsnarl|Reflect|p1a: Grimmsnarl
|-sidestart|p1: FunkleVGC|Reflect
|
|upkeep
|turn|2
|
|t:|1782240761
|move|p2a: Dolly|Tailwind|p2a: Dolly
|-sidestart|p2: MrRaffa|move: Tailwind
|move|p1a: Grimmsnarl|Scary Face|p2b: Basculegion
|-unboost|p2b: Basculegion|spe|2
|move|p2b: Basculegion|Wave Crash|p1b: Incineroar
|-supereffective|p1b: Incineroar|1
|-damage|p1b: Incineroar|0 fnt
|faint|p1b: Incineroar
|-damage|p2b: Basculegion|78/100|[from] Recoil
|
|upkeep
|l| maxiy
|
|t:|1782240774
|switch|p1b: Milotic|Milotic, L50, F, shiny|100/100
|turn|3
|
|t:|1782240786
|switch|p2b: Charizard|Charizard, L50, M, shiny|100/100
|move|p2a: Dolly|Moonblast|p1b: Milotic
|-damage|p1b: Milotic|74/100
|move|p1b: Milotic|Muddy Water|p2a: Dolly|[spread] p2a,p2b
|-resisted|p2a: Dolly|1
|-supereffective|p2b: Charizard|1
|-damage|p2a: Dolly|80/100
|-damage|p2b: Charizard|46/100
|move|p1a: Grimmsnarl|Spirit Break|p2b: Charizard
|-resisted|p2b: Charizard|1
|-damage|p2b: Charizard|32/100
|-unboost|p2b: Charizard|spa|1
|
|-heal|p1b: Milotic|80/100|[from] item: Leftovers
|upkeep
|turn|4
|inactive|FunkleVGC has 30 seconds left.
|inactive|MrRaffa has 30 seconds left.
|
|t:|1782240813
|detailschange|p2b: Charizard|Charizard-Mega-Y, L50, M, shiny
|-mega|p2b: Charizard|Charizard|Charizardite Y
|-weather|SunnyDay|[from] ability: Drought|[of] p2b: Charizard
|move|p1a: Grimmsnarl|Light Screen|p1a: Grimmsnarl
|-sidestart|p1: FunkleVGC|move: Light Screen
|move|p2a: Dolly|Moonblast|p1a: Grimmsnarl
|-supereffective|p1a: Grimmsnarl|1
|-damage|p1a: Grimmsnarl|64/100
|move|p2b: Charizard|Weather Ball|p1a: Grimmsnarl
|-damage|p1a: Grimmsnarl|33/100
|move|p1b: Milotic|Muddy Water|p2b: Charizard|[spread] p2a,p2b
|-resisted|p2a: Dolly|1
|-supereffective|p2b: Charizard|1
|-damage|p2a: Dolly|71/100
|-damage|p2b: Charizard|13/100
|-unboost|p2b: Charizard|accuracy|1
|
|-weather|SunnyDay|[upkeep]
|-heal|p1b: Milotic|86/100|[from] item: Leftovers
|upkeep
|turn|5
|
|t:|1782240833
|move|p2a: Dolly|Moonblast|p1a: Grimmsnarl
|-supereffective|p1a: Grimmsnarl|1
|-damage|p1a: Grimmsnarl|0 fnt
|faint|p1a: Grimmsnarl
|move|p2b: Charizard|Heat Wave|p1b: Milotic
|-resisted|p1b: Milotic|1
|-damage|p1b: Milotic|74/100
|move|p1b: Milotic|Muddy Water|p2b: Charizard|[spread] p2a,p2b
|-resisted|p2a: Dolly|1
|-supereffective|p2b: Charizard|1
|-damage|p2a: Dolly|62/100
|-damage|p2b: Charizard|0 fnt
|faint|p2b: Charizard
|
|-weather|SunnyDay|[upkeep]
|-heal|p1b: Milotic|80/100|[from] item: Leftovers
|-sideend|p2: MrRaffa|move: Tailwind
|upkeep
|
|t:|1782240847
|switch|p2b: Basculegion|Basculegion, L50, M|78/100
|switch|p1a: Aerodactyl|Aerodactyl, L50, M, shiny|100/100
|-ability|p1a: Aerodactyl|Unnerve
|turn|6
|
|t:|1782240865
|move|p1a: Aerodactyl|Protect|p1a: Aerodactyl
|-singleturn|p1a: Aerodactyl|Protect
|move|p2a: Dolly|Tailwind|p2a: Dolly
|-sidestart|p2: MrRaffa|move: Tailwind
|move|p2b: Basculegion|Wave Crash|p1a: Aerodactyl
|-activate|p1a: Aerodactyl|move: Protect
|move|p1b: Milotic|Hypnosis|p2b: Basculegion
|-status|p2b: Basculegion|slp|[from] move: Hypnosis
|
|-weather|SunnyDay|[upkeep]
|-heal|p1b: Milotic|86/100|[from] item: Leftovers
|upkeep
|turn|7
|c|☆MrRaffa|lol
|c|☆MrRaffa|55% hitted
|
|t:|1782240889
|detailschange|p1a: Aerodactyl|Aerodactyl-Mega, L50, M, shiny
|-mega|p1a: Aerodactyl|Aerodactyl|Aerodactylite
|move|p2a: Dolly|Encore|p1a: Aerodactyl
|-start|p1a: Aerodactyl|Encore
|move|p1a: Aerodactyl|Protect|p1a: Aerodactyl
|-singleturn|p1a: Aerodactyl|Protect
|cant|p2b: Basculegion|slp
|move|p1b: Milotic|Coil|p1b: Milotic
|-boost|p1b: Milotic|atk|1
|-boost|p1b: Milotic|def|1
|-boost|p1b: Milotic|accuracy|1
|
|-weather|SunnyDay|[upkeep]
|-heal|p1b: Milotic|92/100|[from] item: Leftovers
|upkeep
|turn|8
|-message|FunkleVGC forfeited.
|
|win|MrRaffa
|raw|FunkleVGC's rating: 1194 → 1176(-18 for losing)
|raw|MrRaffa's rating: 1291 → 1309(+18 for winning)
