|j|☆girlschoicebandcry
|j|☆Kamen Rider MIce
|html|girlschoicebandcryKamen Rider MIce    
|uhtml|bestof|Game 2 of a best-of-3
|t:|1785093170
|gametype|doubles
|player|p1|girlschoicebandcry|beauty-gen6xy|1000
|player|p2|Kamen Rider MIce|red-lgpe|1000
|gen|9
|tier|[Gen 9 Champions] VGC 2026 Reg M-B (Bo3)
|rated|
|rule|Species Clause: Limit one of each Pokémon
|rule|Item Clause: Limit 1 of each item
|clearpoke
|poke|p1|Tyranitar, L50, F|
|poke|p1|Excadrill, L50, F|
|poke|p1|Milotic, L50, F|
|poke|p1|Sinistcha, L50|
|poke|p1|Staraptor, L50, M|
|poke|p1|Gholdengo, L50|
|poke|p2|Snorlax, L50, M|
|poke|p2|Victreebel, L50, F|
|poke|p2|Arcanine, L50, M|
|poke|p2|Starmie, L50|
|poke|p2|Machamp, L50, F|
|poke|p2|Clefable, L50, M|
|teampreview|4
|showteam|p1|Tyranitar||Tyranitarite|SandStream|KnockOff,RockSlide,HighHorsepower,Protect|Jolly||F|||50|]Excadrill||FocusSash|SandRush|HighHorsepower,IronHead,RockSlide,Protect|Adamant||F|||50|]Milotic||SitrusBerry|Competitive|Scald,IcyWind,Haze,Protect|Calm||F|||50|]Sinistcha||ColburBerry|Hospitality|MatchaGotcha,ShadowBall,Protect,RagePowder|Bold|||||50|]Staraptor||Staraptite|Intimidate|CloseCombat,BraveBird,Tailwind,Protect|Jolly||M|||50|]Gholdengo||LifeOrb|GoodasGold|MakeItRain,ShadowBall,NastyPlot,Protect|Modest|||||50|
|showteam|p2|Snorlax||Leftovers|Immunity|BodySlam,HeatCrash,SupercellSlam,BellyDrum|Impish||M|||50|]Victreebel||Victreebelite|Chlorophyll|SludgeBomb,EnergyBall,Protect,StrengthSap|Timid||F|||50|]Arcanine||LifeOrb|Intimidate|RagingFury,PlayRough,ExtremeSpeed,Protect|Jolly||M|||50|]Starmie||ChoiceScarf|Analytic|Scald,Psychic,IceBeam,TriAttack|Timid|||||50|]Machamp||BlackBelt|NoGuard|DynamicPunch,StoneEdge,GigaImpact,Protect|Adamant||F|||50|]Clefable||SitrusBerry|CuteCharm|Moonblast,MeteorBeam,Protect,Wish|Modest||M|||50|
|inactive|Battle timer is ON: inactive players will automatically lose when time's up. (requested by girlschoicebandcry)
|inactive|girlschoicebandcry has 60 seconds left.
|inactive|girlschoicebandcry has 30 seconds left.
|inactive|girlschoicebandcry has 20 seconds left.
|inactive|girlschoicebandcry has 15 seconds left.
|inactive|girlschoicebandcry has 10 seconds left.
|
|t:|1785093255
|teamsize|p1|4
|teamsize|p2|4
|start
|switch|p1a: Staraptor|Staraptor, L50, M|100/100
|switch|p1b: Gholdengo|Gholdengo, L50|100/100
|switch|p2a: Victreebel|Victreebel, L50, F|100/100
|switch|p2b: Starmie|Starmie, L50|100/100
|-ability|p1a: Staraptor|Intimidate|boost
|-unboost|p2a: Victreebel|atk|1
|-unboost|p2b: Starmie|atk|1
|turn|1
|
|t:|1785093279
|detailschange|p2a: Victreebel|Victreebel-Mega, L50, F
|-mega|p2a: Victreebel|Victreebel|Victreebelite
|move|p1a: Staraptor|Protect|p1a: Staraptor
|-singleturn|p1a: Staraptor|Protect
|move|p2b: Starmie|Tri Attack|p1a: Staraptor
|-activate|p1a: Staraptor|move: Protect
|move|p2a: Victreebel|Sludge Bomb|p1a: Staraptor
|-activate|p1a: Staraptor|move: Protect
|move|p1b: Gholdengo|Nasty Plot|p1b: Gholdengo
|-boost|p1b: Gholdengo|spa|2
|
|upkeep
|turn|2
|
|t:|1785093301
|switch|p1a: Tyranitar|Tyranitar, L50, F|100/100
|-weather|Sandstorm|[from] ability: Sand Stream|[of] p1a: Tyranitar
|move|p2a: Victreebel|Protect|p2a: Victreebel
|-singleturn|p2a: Victreebel|Protect
|move|p2b: Starmie|Tri Attack|p1a: Tyranitar
|-resisted|p1a: Tyranitar|1
|-damage|p1a: Tyranitar|93/100
|move|p1b: Gholdengo|Shadow Ball|p2b: Starmie
|-supereffective|p2b: Starmie|1
|-damage|p2b: Starmie|0 fnt
|faint|p2b: Starmie
|-damage|p1b: Gholdengo|90/100|[from] item: Life Orb
|
|-weather|Sandstorm|[upkeep]
|-damage|p2a: Victreebel|94/100|[from] Sandstorm
|upkeep
|
|t:|1785093314
|switch|p2b: Machamp|Machamp, L50, F|100/100
|turn|3
|
|t:|1785093328
|move|p1a: Tyranitar|Protect|p1a: Tyranitar
|-singleturn|p1a: Tyranitar|Protect
|move|p2a: Victreebel|Sludge Bomb|p1b: Gholdengo
|-immune|p1b: Gholdengo
|move|p1b: Gholdengo|Shadow Ball|p2b: Machamp
|-damage|p2b: Machamp|0 fnt
|faint|p2b: Machamp
|-damage|p1b: Gholdengo|80/100|[from] item: Life Orb
|
|-weather|Sandstorm|[upkeep]
|-damage|p2a: Victreebel|88/100|[from] Sandstorm
|upkeep
|
|t:|1785093335
|switch|p2b: Clefable|Clefable, L50, M|100/100
|turn|4
|inactive|girlschoicebandcry has 30 seconds left.
|
|t:|1785093361
|move|p1b: Gholdengo|Protect|p1b: Gholdengo
|-singleturn|p1b: Gholdengo|Protect
|move|p2b: Clefable|Protect|p2b: Clefable
|-singleturn|p2b: Clefable|Protect
|move|p2a: Victreebel|Energy Ball|p1b: Gholdengo
|-activate|p1b: Gholdengo|move: Protect
|move|p1a: Tyranitar|Knock Off|p2a: Victreebel
|-damage|p2a: Victreebel|47/100
|
|-weather|Sandstorm|[upkeep]
|-damage|p2a: Victreebel|41/100|[from] Sandstorm
|-damage|p2b: Clefable|94/100|[from] Sandstorm
|upkeep
|turn|5
|
|t:|1785093379
|move|p2b: Clefable|Protect|p2b: Clefable
|-singleturn|p2b: Clefable|Protect
|move|p2a: Victreebel|Strength Sap|p1a: Tyranitar
|-unboost|p1a: Tyranitar|atk|1
|-heal|p2a: Victreebel|100/100
|move|p1a: Tyranitar|Rock Slide|p2a: Victreebel|[spread] p2a
|-activate|p2b: Clefable|move: Protect
|-damage|p2a: Victreebel|72/100
|move|p1b: Gholdengo|Make It Rain|p2b: Clefable|[spread] p2a
|-activate|p2b: Clefable|move: Protect
|-crit|p2a: Victreebel
|-damage|p2a: Victreebel|0 fnt
|-unboost|p1b: Gholdengo|spa|2
|-damage|p1b: Gholdengo|21/100|[from] ability: Innards Out|[of] p2a: Victreebel
|faint|p2a: Victreebel
|-damage|p1b: Gholdengo|11/100|[from] item: Life Orb
|
|-weather|Sandstorm|[upkeep]
|-damage|p2b: Clefable|88/100|[from] Sandstorm
|upkeep
|turn|6
|inactive|girlschoicebandcry has 30 seconds left.
|
|t:|1785093412
|move|p1a: Tyranitar|Rock Slide|p2b: Clefable
|-damage|p2b: Clefable|65/100
|move|p1b: Gholdengo|Make It Rain|p2b: Clefable
|-supereffective|p2b: Clefable|1
|-damage|p2b: Clefable|0 fnt
|-unboost|p1b: Gholdengo|spa|2
|faint|p2b: Clefable
|-damage|p1b: Gholdengo|2/100|[from] item: Life Orb
|
|win|girlschoicebandcry
|raw|girlschoicebandcry's rating: 1000 → 1040(+40 for winning)
|raw|Kamen Rider MIce's rating: 1000 → 1000(+0 for losing)
