|j|☆lucasmalt
|j|☆Lorido
|html|lucasmaltLorido    
|uhtml|bestof|Game 2 of a best-of-3
|t:|1785497388
|gametype|doubles
|player|p1|lucasmalt|266|1396
|player|p2|Lorido|102|1287
|gen|9
|tier|[Gen 9 Champions] VGC 2026 Reg M-B (Bo3)
|rated|
|rule|Species Clause: Limit one of each Pokémon
|rule|Item Clause: Limit 1 of each item
|clearpoke
|poke|p1|Tyranitar, L50, M, shiny|
|poke|p1|Excadrill, L50, F, shiny|
|poke|p1|Gholdengo, L50|
|poke|p1|Sinistcha, L50, shiny|
|poke|p1|Milotic, L50, M, shiny|
|poke|p1|Staraptor, L50, M, shiny|
|poke|p2|Delphox, L50, F|
|poke|p2|Incineroar, L50, M|
|poke|p2|Floette-Eternal, L50, F|
|poke|p2|Kingambit, L50, M|
|poke|p2|Sinistcha, L50|
|poke|p2|Sneasler, L50, F|
|teampreview|4
|showteam|p1|Tyranitar||Tyranitarite|SandStream|RockSlide,KnockOff,LowKick,Protect|Adamant||M|||50|]Excadrill||FocusSash|SandRush|IronHead,HighHorsepower,RockSlide,Protect|Adamant||F|||50|]Gholdengo||LifeOrb|GoodasGold|ShadowBall,MakeItRain,NastyPlot,Protect|Modest|||||50|]Sinistcha||ColburBerry|Hospitality|MatchaGotcha,RagePowder,TrickRoom,Protect|Bold|||||50|]Milotic||SitrusBerry|Competitive|Scald,IceBeam,Recover,Protect|Modest||M|||50|]Staraptor||Staraptite|Intimidate|BraveBird,CloseCombat,Tailwind,Protect|Jolly||M|||50|
|showteam|p2|Delphox||Delphoxite|Blaze|HeatWave,Psychic,NastyPlot,Protect|Timid||F|||50|]Incineroar||SitrusBerry|Intimidate|FlareBlitz,DarkestLariat,FakeOut,PartingShot|Careful||M|||50|]Floette-Eternal||Floettite|FlowerVeil|DazzlingGleam,DrainingKiss,CalmMind,Protect|Bold||F|||50|]Kingambit||BlackGlasses|Defiant|KowtowCleave,SuckerPunch,IronHead,Protect|Adamant||M|||50|]Sinistcha||OccaBerry|Hospitality|MatchaGotcha,RagePowder,TrickRoom,Protect|Bold|||||50|]Sneasler||FocusSash|PoisonTouch|CloseCombat,PoisonJab,FakeOut,QuickGuard|Jolly||F|||50|
|inactive|Battle timer is ON: inactive players will automatically lose when time's up. (requested by Lorido)
|inactive|lucasmalt has 60 seconds left.
|
|t:|1785497419
|teamsize|p1|4
|teamsize|p2|4
|start
|switch|p1a: Milotic|Milotic, L50, M, shiny|100/100
|switch|p1b: Gholdengo|Gholdengo, L50|100/100
|switch|p2a: Kingambit|Kingambit, L50, M|100/100
|switch|p2b: Sneasler|Sneasler, L50, F|100/100
|turn|1
|
|t:|1785497434
|switch|p1b: Tyranitar|Tyranitar, L50, M, shiny|100/100
|-weather|Sandstorm|[from] ability: Sand Stream|[of] p1b: Tyranitar
|move|p1a: Milotic|Protect|p1a: Milotic
|-singleturn|p1a: Milotic|Protect
|move|p2b: Sneasler|Fake Out|p1a: Milotic
|-activate|p1a: Milotic|move: Protect
|move|p2a: Kingambit|Kowtow Cleave|p1b: Tyranitar
|-resisted|p1b: Tyranitar|1
|-damage|p1b: Tyranitar|78/100
|
|-weather|Sandstorm|[upkeep]
|-damage|p2b: Sneasler|94/100|[from] Sandstorm
|-damage|p1a: Milotic|94/100|[from] Sandstorm
|upkeep
|turn|2
|
|t:|1785497453
|switch|p2b: Sinistcha|Sinistcha, L50|100/100
|move|p1b: Tyranitar|Protect|p1b: Tyranitar
|-singleturn|p1b: Tyranitar|Protect
|move|p1a: Milotic|Scald|p2b: Sinistcha
|-resisted|p2b: Sinistcha|1
|-damage|p2b: Sinistcha|84/100
|move|p2a: Kingambit|Kowtow Cleave|p1a: Milotic
|-damage|p1a: Milotic|40/100
|-enditem|p1a: Milotic|Sitrus Berry|[eat]
|-heal|p1a: Milotic|64/100|[from] item: Sitrus Berry
|
|-weather|Sandstorm|[upkeep]
|-damage|p1a: Milotic|58/100|[from] Sandstorm
|-damage|p2b: Sinistcha|78/100|[from] Sandstorm
|upkeep
|turn|3
|inactive|lucasmalt has 30 seconds left.
|
|t:|1785497480
|detailschange|p1b: Tyranitar|Tyranitar-Mega, L50, M, shiny
|-mega|p1b: Tyranitar|Tyranitar|Tyranitarite
|move|p2a: Kingambit|Protect|p2a: Kingambit
|-singleturn|p2a: Kingambit|Protect
|move|p1b: Tyranitar|Knock Off|p2b: Sinistcha
|-supereffective|p2b: Sinistcha|1
|-damage|p2b: Sinistcha|0 fnt
|-enditem|p2b: Sinistcha|Occa Berry|[from] move: Knock Off|[of] p1b: Tyranitar
|faint|p2b: Sinistcha
|move|p1a: Milotic|Scald|p2a: Kingambit
|-activate|p2a: Kingambit|move: Protect
|
|-weather|Sandstorm|[upkeep]
|-damage|p1a: Milotic|52/100|[from] Sandstorm
|upkeep
|
|t:|1785497490
|switch|p2b: Sneasler|Sneasler, L50, F|94/100
|turn|4
|
|t:|1785497505
|move|p1b: Tyranitar|Protect|p1b: Tyranitar
|-singleturn|p1b: Tyranitar|Protect
|move|p2b: Sneasler|Fake Out|p1a: Milotic
|-damage|p1a: Milotic|38/100
|cant|p1a: Milotic|flinch
|move|p2a: Kingambit|Kowtow Cleave|p1a: Milotic
|-damage|p1a: Milotic|0 fnt
|faint|p1a: Milotic
|
|-weather|Sandstorm|[upkeep]
|-damage|p2b: Sneasler|88/100|[from] Sandstorm
|upkeep
|
|t:|1785497511
|switch|p1a: Excadrill|Excadrill, L50, F, shiny|100/100
|turn|5
|
|t:|1785497523
|switch|p2b: Delphox|Delphox, L50, F|100/100
|switch|p1b: Gholdengo|Gholdengo, L50|100/100
|move|p2a: Kingambit|Protect|p2a: Kingambit
|-singleturn|p2a: Kingambit|Protect
|move|p1a: Excadrill|High Horsepower|p2a: Kingambit
|-activate|p2a: Kingambit|move: Protect
|
|-weather|none
|upkeep
|turn|6
|
|t:|1785497547
|switch|p1b: Tyranitar|Tyranitar-Mega, L50, M, shiny|78/100
|-weather|Sandstorm|[from] ability: Sand Stream|[of] p1b: Tyranitar
|detailschange|p2b: Delphox|Delphox-Mega, L50, F
|-mega|p2b: Delphox|Delphox|Delphoxite
|move|p2a: Kingambit|Sucker Punch|p1a: Excadrill
|-damage|p1a: Excadrill|37/100
|move|p1a: Excadrill|Rock Slide|p2b: Delphox|[spread] p2a,p2b
|-resisted|p2a: Kingambit|1
|-crit|p2a: Kingambit
|-supereffective|p2b: Delphox|1
|-damage|p2a: Kingambit|87/100
|-damage|p2b: Delphox|44/100
|move|p2b: Delphox|Heat Wave|p1b: Tyranitar|[spread] p1a,p1b
|-supereffective|p1a: Excadrill|1
|-resisted|p1b: Tyranitar|1
|-damage|p1a: Excadrill|0 fnt
|-damage|p1b: Tyranitar|68/100
|faint|p1a: Excadrill
|
|-weather|Sandstorm|[upkeep]
|-damage|p2b: Delphox|38/100|[from] Sandstorm
|upkeep
|
|t:|1785497563
|switch|p1a: Gholdengo|Gholdengo, L50|100/100
|turn|7
|
|t:|1785497584
|move|p2b: Delphox|Protect|p2b: Delphox
|-singleturn|p2b: Delphox|Protect
|move|p1a: Gholdengo|Shadow Ball|p2b: Delphox
|-activate|p2b: Delphox|move: Protect
|move|p1b: Tyranitar|Low Kick|p2a: Kingambit
|-supereffective|p2a: Kingambit|2
|-damage|p2a: Kingambit|0 fnt
|faint|p2a: Kingambit
|
|-weather|Sandstorm|[upkeep]
|-damage|p2b: Delphox|32/100|[from] Sandstorm
|upkeep
|
|t:|1785497591
|switch|p2a: Sneasler|Sneasler, L50, F|88/100
|turn|8
|
|t:|1785497607
|move|p2b: Delphox|Protect|p2b: Delphox
|-singleturn|p2b: Delphox|Protect
|move|p1b: Tyranitar|Protect|p1b: Tyranitar
|-singleturn|p1b: Tyranitar|Protect
|move|p2a: Sneasler|Close Combat|p1b: Tyranitar
|-activate|p1b: Tyranitar|move: Protect
|move|p1a: Gholdengo|Make It Rain|p2b: Delphox|[spread] p2a
|-activate|p2b: Delphox|move: Protect
|-damage|p2a: Sneasler|1/100
|-unboost|p1a: Gholdengo|spa|2
|-damage|p1a: Gholdengo|90/100|[from] item: Life Orb
|
|-weather|Sandstorm|[upkeep]
|-damage|p2b: Delphox|25/100|[from] Sandstorm
|-damage|p2a: Sneasler|0 fnt|[from] Sandstorm
|faint|p2a: Sneasler
|upkeep
|turn|9
|
|t:|1785497620
|move|p2b: Delphox|Heat Wave|p1a: Gholdengo|[spread] p1a,p1b
|-supereffective|p1a: Gholdengo|1
|-resisted|p1b: Tyranitar|1
|-damage|p1a: Gholdengo|5/100
|-damage|p1b: Tyranitar|58/100
|-status|p1a: Gholdengo|brn
|move|p1a: Gholdengo|Shadow Ball|p2b: Delphox
|-supereffective|p2b: Delphox|1
|-damage|p2b: Delphox|0 fnt
|faint|p2b: Delphox
|-damage|p1a: Gholdengo|0 fnt|[from] item: Life Orb
|faint|p1a: Gholdengo
|
|win|lucasmalt
|raw|lucasmalt's rating: 1396 → 1410(+14 for winning)
|raw|Lorido's rating: 1287 → 1270(-17 for losing)
