|j|☆Gyaradostyranitar
|j|☆M4tty02
|html|GyaradostyranitarM4tty02    
|uhtml|bestof|Game 2 of a best-of-3
|t:|1757752547
|gametype|doubles
|player|p1|Gyaradostyranitar|adaman|1352
|player|p2|M4tty02|emmet|1191
|gen|9
|tier|[Gen 9] VGC 2025 Reg H (Bo3)
|rated|
|rule|Species Clause: Limit one of each Pokémon
|rule|Item Clause: Limit 1 of each item
|clearpoke
|poke|p1|Annihilape, L50, M|
|poke|p1|Volcarona, L50, M|
|poke|p1|Ninetales-Alola, L50, F|
|poke|p1|Rillaboom, L50, M|
|poke|p1|Dragonite, L50, F|
|poke|p1|Maushold, L50|
|poke|p2|Porygon2, L50|
|poke|p2|Torkoal, L50, F|
|poke|p2|Incineroar, L50, F|
|poke|p2|Rillaboom, L50, F|
|poke|p2|Gholdengo, L50|
|poke|p2|Ursaluna-Bloodmoon, L50, M|
|teampreview|4
|showteam|p1|Annihilape||SitrusBerry|Defiant|RageFist,DrainPunch,BulkUp,Protect|||M|||50|,,,,,Fire]Volcarona||Leftovers|FlameBody|HeatWave,TeraBlast,QuiverDance,Protect|||M|||50|,,,,,Fairy]Ninetales-Alola||FocusSash|SnowWarning|Blizzard,FreezeDry,Protect,Encore|||F|||50|,,,,,Water]Rillaboom||AssaultVest|GrassySurge|WoodHammer,GrassyGlide,FakeOut,HighHorsepower|||M|||50|,,,,,Water]Dragonite||LoadedDice|Multiscale|ScaleShot,Tailwind,Haze,Protect|||F|||50|,,,,,Fairy]Maushold||SafetyGoggles|FriendGuard|Protect,BeatUp,FollowMe,Taunt||||||50|,,,,,Ghost
|showteam|p2|Porygon2||Eviolite|Download|TeraBlast,IceBeam,TrickRoom,Recover||||||50|,,,,,Electric]Torkoal||Charcoal|Drought|Eruption,HeatWave,EarthPower,ClearSmog|||F|||50|,,,,,Fire]Incineroar||SitrusBerry|Intimidate|FakeOut,FlareBlitz,KnockOff,PartingShot|||F|||50|,,,,,Water]Rillaboom||AssaultVest|GrassySurge|FakeOut,GrassyGlide,WoodHammer,Uturn|||F|||50|,,,,,Fire]Gholdengo||Leftovers|GoodasGold|MakeItRain,ShadowBall,NastyPlot,Protect||||||50|,,,,,Fairy]Ursaluna-Bloodmoon||LifeOrb|MindsEye|BloodMoon,HyperVoice,EarthPower,Protect|||M|||50|,,,,,Normal
|inactive|Battle timer is ON: inactive players will automatically lose when time's up. (requested by Gyaradostyranitar)
|
|t:|1757752565
|teamsize|p1|4
|teamsize|p2|4
|start
|switch|p1a: Maushold|Maushold, L50|100/100
|switch|p1b: Annihilape|Annihilape, L50, M|100/100
|switch|p2a: Porygon2|Porygon2, L50, shiny|100/100
|switch|p2b: Rillaboom|Rillaboom, L50, F, shiny|100/100
|-fieldstart|move: Grassy Terrain|[from] ability: Grassy Surge|[of] p2b: Rillaboom
|-ability|p2a: Porygon2|Download|boost
|-boost|p2a: Porygon2|atk|1
|turn|1
|
|t:|1757752575
|switch|p2a: Gholdengo|Gholdengo, L50, shiny|100/100
|-terastallize|p1a: Maushold|Ghost
|move|p1a: Maushold|Taunt|p2a: Gholdengo
|-immune|p2a: Gholdengo|[from] ability: Good as Gold
|move|p2b: Rillaboom|Wood Hammer|p1a: Maushold
|-damage|p1a: Maushold|7/100
|-damage|p2b: Rillaboom|73/100|[from] Recoil
|move|p1b: Annihilape|Bulk Up|p1b: Annihilape
|-boost|p1b: Annihilape|atk|1
|-boost|p1b: Annihilape|def|1
|
|-heal|p1a: Maushold|13/100|[from] Grassy Terrain
|-heal|p2b: Rillaboom|79/100|[from] Grassy Terrain
|upkeep
|turn|2
|
|t:|1757752592
|move|p1b: Annihilape|Protect|p1b: Annihilape
|-singleturn|p1b: Annihilape|Protect
|move|p2b: Rillaboom|Grassy Glide|p1a: Maushold
|-damage|p1a: Maushold|0 fnt
|faint|p1a: Maushold
|move|p2a: Gholdengo|Shadow Ball|p1b: Annihilape
|-activate|p1b: Annihilape|move: Protect
|
|-heal|p2b: Rillaboom|85/100|[from] Grassy Terrain
|upkeep
|
|t:|1757752596
|switch|p1a: Volcarona|Volcarona, L50, M|100/100
|turn|3
|
|t:|1757752612
|switch|p2b: Porygon2|Porygon2, L50, shiny|100/100
|-ability|p2b: Porygon2|Download|boost
|-boost|p2b: Porygon2|atk|1
|-terastallize|p2a: Gholdengo|Fairy
|move|p1a: Volcarona|Heat Wave|p2b: Porygon2|[spread] p2a,p2b
|-damage|p2a: Gholdengo|71/100
|-damage|p2b: Porygon2|82/100
|move|p2a: Gholdengo|Nasty Plot|p2a: Gholdengo
|-boost|p2a: Gholdengo|spa|2
|move|p1b: Annihilape|Rage Fist|p2a: Gholdengo
|-damage|p2a: Gholdengo|36/100
|
|-heal|p2a: Gholdengo|42/100|[from] Grassy Terrain
|-heal|p2a: Gholdengo|48/100|[from] item: Leftovers
|-heal|p2b: Porygon2|88/100|[from] Grassy Terrain
|upkeep
|turn|4
|
|t:|1757752627
|move|p1b: Annihilape|Protect|p1b: Annihilape
|-singleturn|p1b: Annihilape|Protect
|move|p2a: Gholdengo|Protect|p2a: Gholdengo
|-singleturn|p2a: Gholdengo|Protect
|move|p1a: Volcarona|Heat Wave|p2b: Porygon2|[spread] p2b
|-activate|p2a: Gholdengo|move: Protect
|-damage|p2b: Porygon2|69/100
|move|p2b: Porygon2|Trick Room|p2b: Porygon2
|-fieldstart|move: Trick Room|[of] p2b: Porygon2
|
|-heal|p2b: Porygon2|75/100|[from] Grassy Terrain
|-heal|p2a: Gholdengo|55/100|[from] Grassy Terrain
|-heal|p2a: Gholdengo|61/100|[from] item: Leftovers
|upkeep
|turn|5
|
|t:|1757752638
|move|p2b: Porygon2|Tera Blast|p1a: Volcarona
|-damage|p1a: Volcarona|74/100
|move|p2a: Gholdengo|Shadow Ball|p1b: Annihilape
|-supereffective|p1b: Annihilape
|-damage|p1b: Annihilape|0 fnt
|faint|p1b: Annihilape
|move|p1a: Volcarona|Heat Wave|p2a: Gholdengo|[spread] p2a,p2b
|-damage|p2a: Gholdengo|30/100
|-damage|p2b: Porygon2|55/100
|-status|p2a: Gholdengo|brn
|
|-heal|p2b: Porygon2|61/100|[from] Grassy Terrain
|-heal|p2a: Gholdengo|36/100 brn|[from] Grassy Terrain
|-heal|p2a: Gholdengo|42/100 brn|[from] item: Leftovers
|-heal|p1a: Volcarona|80/100|[from] Grassy Terrain
|-heal|p1a: Volcarona|85/100|[from] item: Leftovers
|-damage|p2a: Gholdengo|36/100 brn|[from] brn
|-fieldend|move: Grassy Terrain
|upkeep
|
|t:|1757752642
|switch|p1b: Ninetales|Ninetales-Alola, L50, F|100/100
|-weather|Snowscape|[from] ability: Snow Warning|[of] p1b: Ninetales
|turn|6
|-message|Gyaradostyranitar forfeited.
|
|win|M4tty02
|l|☆Gyaradostyranitar
|player|p1|
||M4tty02 is ready for game 3.
||Gyaradostyranitar is ready for game 3.
|uhtml|next|Next: Game 3 of 3
|l|☆M4tty02
|player|p2|
