|j|☆Chizardfalife
|j|☆Zephrhills
|html|ChizardfalifeZephrhills    
|uhtml|bestof|Game 2 of a best-of-3
|t:|1784500011
|gametype|doubles
|player|p1|Chizardfalife|marshal|
|player|p2|Zephrhills|miku-ghost|
|gen|9
|tier|[Gen 9 Champions] VGC 2026 Reg M-B (Bo3)
|rule|Species Clause: Limit one of each Pokémon
|rule|Item Clause: Limit 1 of each item
|clearpoke
|poke|p1|Dragonite, L50, F|
|poke|p1|Primarina, L50, F|
|poke|p1|Aerodactyl, L50, F|
|poke|p1|Krookodile, L50, F|
|poke|p1|Sharpedo, L50, M|
|poke|p1|Lucario, L50, M|
|poke|p2|Blaziken, L50, M|
|poke|p2|Meowstic, L50, M|
|poke|p2|Greninja, L50, F, shiny|
|poke|p2|Florges-White, L50, F, shiny|
|poke|p2|Rotom-Wash, L50, shiny|
|poke|p2|Scizor, L50, F|
|teampreview|4
|showteam|p1|Dragonite||SitrusBerry|Multiscale|IceSpinner,ThunderPunch,StompingTantrum,ExtremeSpeed|Adamant||F|||50|]Primarina||Leftovers|LiquidVoice|Protect,DazzlingGleam,HyperVoice,IceBeam|Modest||F|||50|]Aerodactyl||FocusSash|Unnerve|Tailwind,RockSlide,DualWingbeat,Protect|Jolly||F|||50|]Krookodile||ChoiceScarf|Intimidate|BreakingSwipe,Crunch,HighHorsepower,RockSlide|Jolly||F|||50|]Sharpedo||Sharpedonite|RoughSkin|Protect,Waterfall,IceFang,Crunch|Jolly||M|||50|]Lucario||LifeOrb|InnerFocus|BulletPunch,IcePunch,CloseCombat,Protect|Adamant||M|||50|
|showteam|p2|Blaziken||Blazikenite|SpeedBoost|RockSlide,Detect,CloseCombat,SwordsDance|Adamant||M|||50|]Meowstic||Meowsticite|Prankster|ThunderWave,TrickRoom,AlluringVoice,FakeOut|Modest||M|||50|]Greninja||FocusSash|Protean|WaterShuriken,IceBeam,GunkShot,BrickBreak|Rash||F|||50|]Florges-White||Leftovers|Symbiosis|Wish,DrainingKiss,HelpingHand,Protect|Modest||F|||50|]Rotom-Wash||SitrusBerry|Levitate|Thunderbolt,VoltSwitch,Reflect,Protect|Bold|||||50|]Scizor||OccaBerry|Technician|BulletPunch,Uturn,Protect,Tailwind|Adamant||F|||50|
|
|t:|1784500100
|teamsize|p1|4
|teamsize|p2|4
|start
|switch|p1a: Aerodactyl|Aerodactyl, L50, F|100/100
|switch|p1b: Dragonite|Dragonite, L50, F|100/100
|switch|p2a: Meowstic|Meowstic, L50, M|100/100
|switch|p2b: Rotom|Rotom-Wash, L50, shiny|100/100
|-ability|p1a: Aerodactyl|Unnerve
|turn|1
|
|t:|1784500152
|move|p1a: Aerodactyl|Protect|p1a: Aerodactyl
|-singleturn|p1a: Aerodactyl|Protect
|move|p1b: Dragonite|Extreme Speed|p2b: Rotom
|-damage|p2b: Rotom|73/100
|move|p2a: Meowstic|Thunder Wave|p1a: Aerodactyl
|-activate|p1a: Aerodactyl|move: Protect
|move|p2b: Rotom|Reflect|p2b: Rotom
|-sidestart|p2: Zephrhills|Reflect
|
|upkeep
|turn|2
|
|t:|1784500226
|move|p1b: Dragonite|Extreme Speed|p2a: Meowstic
|-damage|p2a: Meowstic|77/100
|move|p2a: Meowstic|Thunder Wave|p1b: Dragonite
|-status|p1b: Dragonite|par
|move|p1a: Aerodactyl|Tailwind|p1a: Aerodactyl
|-sidestart|p1: Chizardfalife|move: Tailwind
|move|p2b: Rotom|Thunderbolt|p1a: Aerodactyl
|-supereffective|p1a: Aerodactyl|1
|-crit|p1a: Aerodactyl
|-enditem|p1a: Aerodactyl|Focus Sash
|-damage|p1a: Aerodactyl|1/100
|
|upkeep
|turn|3
|
|t:|1784500278
|switch|p1a: Primarina|Primarina, L50, F|100/100
|switch|p2a: Florges|Florges-White, L50, F, shiny|100/100
|move|p1b: Dragonite|Extreme Speed|p2b: Rotom
|-crit|p2b: Rotom
|-damage|p2b: Rotom|34/100
|-enditem|p2b: Rotom|Sitrus Berry|[eat]
|-heal|p2b: Rotom|59/100|[from] item: Sitrus Berry
|-activate|p2a: Florges|ability: Symbiosis|Leftovers|[of] p2b: Rotom
|move|p2b: Rotom|Thunderbolt|p1b: Dragonite
|-damage|p1b: Dragonite|79/100 par
|
|-heal|p2b: Rotom|65/100|[from] item: Leftovers
|upkeep
|turn|4
|
|t:|1784500301
|move|p2b: Rotom|Protect|p2b: Rotom
|-singleturn|p2b: Rotom|Protect
|move|p1b: Dragonite|Extreme Speed|p2b: Rotom
|-activate|p2b: Rotom|move: Protect
|move|p1a: Primarina|Dazzling Gleam|p2a: Florges|[spread] p2a
|-activate|p2b: Rotom|move: Protect
|-damage|p2a: Florges|78/100
|move|p2a: Florges|Draining Kiss|p1b: Dragonite
|-supereffective|p1b: Dragonite|1
|-damage|p1b: Dragonite|29/100 par
|-heal|p2a: Florges|100/100|[from] drain|[of] p1b: Dragonite
|-enditem|p1b: Dragonite|Sitrus Berry|[eat]
|-heal|p1b: Dragonite|54/100 par|[from] item: Sitrus Berry
|
|-heal|p2b: Rotom|70/100|[from] item: Leftovers
|upkeep
|turn|5
|
|t:|1784500333
|move|p1a: Primarina|Protect|p1a: Primarina
|-singleturn|p1a: Primarina|Protect
|move|p1b: Dragonite|Extreme Speed|p2b: Rotom
|-damage|p2b: Rotom|51/100
|move|p2b: Rotom|Thunderbolt|p1a: Primarina
|-activate|p1a: Primarina|move: Protect
|move|p2a: Florges|Draining Kiss|p1b: Dragonite
|-supereffective|p1b: Dragonite|1
|-damage|p1b: Dragonite|1/100 par
|
|-heal|p2b: Rotom|57/100|[from] item: Leftovers
|-sideend|p2: Zephrhills|Reflect
|-sideend|p1: Chizardfalife|move: Tailwind
|upkeep
|turn|6
|
|t:|1784500358
|move|p1b: Dragonite|Extreme Speed|p2b: Rotom
|-damage|p2b: Rotom|31/100
|move|p2b: Rotom|Thunderbolt|p1a: Primarina
|-supereffective|p1a: Primarina|1
|-damage|p1a: Primarina|41/100
|move|p2a: Florges|Draining Kiss|p1b: Dragonite
|-supereffective|p1b: Dragonite|1
|-damage|p1b: Dragonite|0 fnt
|faint|p1b: Dragonite
|move|p1a: Primarina|Dazzling Gleam|p2a: Florges|[spread] p2a,p2b
|-damage|p2a: Florges|78/100
|-damage|p2b: Rotom|0 fnt
|faint|p2b: Rotom
|
|-heal|p1a: Primarina|47/100|[from] item: Leftovers
|upkeep
|
|t:|1784500378
|switch|p1b: Sharpedo|Sharpedo, L50, M|100/100
|switch|p2b: Meowstic|Meowstic, L50, M|77/100
|turn|7
|
|t:|1784500401
|detailschange|p1b: Sharpedo|Sharpedo-Mega, L50, M
|-mega|p1b: Sharpedo|Sharpedo|Sharpedonite
|move|p1b: Sharpedo|Protect|p1b: Sharpedo
|-singleturn|p1b: Sharpedo|Protect
|move|p1a: Primarina|Protect|p1a: Primarina
|-singleturn|p1a: Primarina|Protect
|move|p2b: Meowstic|Fake Out|p1a: Primarina
|-activate|p1a: Primarina|move: Protect
|move|p2a: Florges|Draining Kiss|p1b: Sharpedo
|-activate|p1b: Sharpedo|move: Protect
|
|-heal|p1a: Primarina|52/100|[from] item: Leftovers
|upkeep
|turn|8
|
|t:|1784500448
|move|p2b: Meowstic|Thunder Wave|p1a: Primarina
|-status|p1a: Primarina|par
|move|p1b: Sharpedo|Crunch|p2b: Meowstic
|-supereffective|p2b: Meowstic|1
|-damage|p2b: Meowstic|0 fnt
|faint|p2b: Meowstic
|move|p2a: Florges|Draining Kiss|p1b: Sharpedo
|-supereffective|p1b: Sharpedo|1
|-damage|p1b: Sharpedo|14/100
|-heal|p2a: Florges|100/100|[from] drain|[of] p1b: Sharpedo
|move|p1a: Primarina|Hyper Voice|p2a: Florges
|-damage|p2a: Florges|65/100
|
|-heal|p1a: Primarina|58/100 par|[from] item: Leftovers
|upkeep
|
|t:|1784500463
|switch|p2b: Greninja|Greninja, L50, F, shiny|100/100
|turn|9
|
|t:|1784500506
|move|p1b: Sharpedo|Crunch|p2b: Greninja
|-resisted|p2b: Greninja|1
|-damage|p2b: Greninja|48/100
|move|p2b: Greninja|Gunk Shot|p1a: Primarina
|-start|p2b: Greninja|typechange|Poison|[from] ability: Protean
|-supereffective|p1a: Primarina|1
|-damage|p1a: Primarina|0 fnt
|faint|p1a: Primarina
|move|p2a: Florges|Draining Kiss|p1b: Sharpedo
|-supereffective|p1b: Sharpedo|1
|-damage|p1b: Sharpedo|0 fnt
|-heal|p2a: Florges|74/100|[from] drain|[of] p1b: Sharpedo
|faint|p1b: Sharpedo
|
|upkeep
|
|t:|1784500514
|switch|p1b: Aerodactyl|Aerodactyl, L50, F|1/100
|-ability|p1b: Aerodactyl|Unnerve
|turn|10
|
|t:|1784500524
|move|p2a: Florges|Helping Hand|p2b: Greninja
|-singleturn|p2b: Greninja|Helping Hand|[of] p2a: Florges
|move|p2b: Greninja|Water Shuriken|p1b: Aerodactyl
|-supereffective|p1b: Aerodactyl|1
|-damage|p1b: Aerodactyl|0 fnt
|faint|p1b: Aerodactyl
|-hitcount|p1: Aerodactyl|1
|
|win|Zephrhills
||Zephrhills is ready for game 3.
