|j|☆MaeveOG
|j|☆kenanyildiz10
|html|MaeveOGkenanyildiz10    
|uhtml|bestof|Game 1 of a best-of-3
|t:|1784101164
|gametype|doubles
|player|p1|MaeveOG|cynthia|
|player|p2|kenanyildiz10|169|
|gen|9
|tier|[Gen 9 Champions] VGC 2026 Reg M-B (Bo3)
|rule|Species Clause: Limit one of each Pokémon
|rule|Item Clause: Limit 1 of each item
|clearpoke
|poke|p1|Charizard, L50, M, shiny|
|poke|p1|Garchomp, L50, M|
|poke|p1|Primarina, L50, F|
|poke|p1|Whimsicott, L50, F|
|poke|p1|Annihilape, L50, M|
|poke|p1|Maushold, L50|
|poke|p2|Charizard, L50, M, shiny|
|poke|p2|Garchomp, L50, M|
|poke|p2|Whimsicott, L50, F, shiny|
|poke|p2|Basculegion, L50, M|
|poke|p2|Farigiraf, L50, F|
|poke|p2|Floette-Eternal, L50, F|
|teampreview|4
|showteam|p1|Charizard||CharizarditeY|SolarPower|WeatherBall,HeatWave,SolarBeam,Protect|Timid||M|||50|]Garchomp||DragonFang|RoughSkin|Earthquake,DragonClaw,Protect,RockSlide|Adamant||M|||50|]Primarina||LifeOrb|LiquidVoice|HyperVoice,Moonblast,HydroCannon,Protect|Modest||F|||50|]Whimsicott||FocusSash|Prankster|Moonblast,Tailwind,SunnyDay,Encore|Timid||F|||50|]Annihilape||Leftovers|Defiant|BulkUp,DrainPunch,RageFist,Protect|Adamant||M|||50|]Maushold||ChopleBerry|FriendGuard|Taunt,BeatUp,Protect,FollowMe|Timid|||||50|
|showteam|p2|Charizard||CharizarditeY|Blaze|HeatWave,WeatherBall,SolarBeam,Protect|Modest||M|||50|]Garchomp||LifeOrb|RoughSkin|RockSlide,DragonClaw,Protect,Earthquake|Adamant||M|||50|]Whimsicott||FocusSash|Prankster|Moonblast,Encore,Tailwind,Protect|Timid||F|||50|]Basculegion||MysticWater|Adaptability|WaveCrash,LastRespects,Protect,AquaJet|Adamant||M|||50|]Farigiraf||ColburBerry|ArmorTail|TwinBeam,HelpingHand,Thunderbolt,TrickRoom|Relaxed||F|||50|]Floette-Eternal||Floettite|FlowerVeil|Moonblast,DazzlingGleam,LightofRuin,Protect|Modest||F|||50|
|c|☆MaeveOG|Glhf
|c|☆kenanyildiz10|glhf
|
|t:|1784101241
|teamsize|p1|4
|teamsize|p2|4
|start
|switch|p1a: Primarina|Primarina, L50, F|100/100
|switch|p1b: Charizard|Charizard, L50, M, shiny|100/100
|switch|p2a: Charizard|Charizard, L50, M, shiny|100/100
|switch|p2b: 5-3|Whimsicott, L50, F, shiny|100/100
|turn|1
|
|t:|1784101266
|detailschange|p1b: Charizard|Charizard-Mega-Y, L50, M, shiny
|-mega|p1b: Charizard|Charizard|Charizardite Y
|-weather|SunnyDay|[from] ability: Drought|[of] p1b: Charizard
|detailschange|p2a: Charizard|Charizard-Mega-Y, L50, M, shiny
|-mega|p2a: Charizard|Charizard|Charizardite Y
|move|p2b: 5-3|Protect|p2b: 5-3
|-singleturn|p2b: 5-3|Protect
|move|p1b: Charizard|Heat Wave|p2a: Charizard|[spread] p2a
|-activate|p2b: 5-3|move: Protect
|-resisted|p2a: Charizard|1
|-damage|p2a: Charizard|65/100
|move|p2a: Charizard|Solar Beam||[still]
|-prepare|p2a: Charizard|Solar Beam
|-anim|p2a: Charizard|Solar Beam|p1a: Primarina
|-supereffective|p1a: Primarina|1
|-damage|p1a: Primarina|6/100
|move|p1a: Primarina|Hydro Cannon|p2a: Charizard
|-supereffective|p2a: Charizard|1
|-damage|p2a: Charizard|0 fnt
|-mustrecharge|p1a: Primarina
|faint|p2a: Charizard
|-damage|p1a: Primarina|0 fnt|[from] item: Life Orb
|faint|p1a: Primarina
|
|-weather|SunnyDay|[upkeep]
|upkeep
|
|t:|1784101292
|switch|p2a: Garchomp|Garchomp, L50, M|100/100
|switch|p1a: Annihilape|Annihilape, L50, M|100/100
|turn|2
|
|t:|1784101315
|switch|p1b: Maushold|Maushold, L50|100/100
|move|p1a: Annihilape|Protect|p1a: Annihilape
|-singleturn|p1a: Annihilape|Protect
|move|p2b: 5-3|Tailwind|p2b: 5-3
|-sidestart|p2: kenanyildiz10|move: Tailwind
|move|p2a: Garchomp|Rock Slide|p1b: Maushold|[spread] p1b
|-activate|p1a: Annihilape|move: Protect
|-damage|p1b: Maushold|70/100
|-damage|p2a: Garchomp|90/100|[from] item: Life Orb
|
|-weather|SunnyDay|[upkeep]
|upkeep
|turn|3
|
|t:|1784101343
|move|p2b: 5-3|Moonblast|p1b: Maushold
|-damage|p1b: Maushold|36/100
|move|p2a: Garchomp|Dragon Claw|p1b: Maushold
|-damage|p1b: Maushold|0 fnt
|faint|p1b: Maushold
|-damage|p2a: Garchomp|80/100|[from] item: Life Orb
|move|p1a: Annihilape|Rage Fist|p2a: Garchomp
|-damage|p2a: Garchomp|57/100
|-damage|p1a: Annihilape|87/100|[from] ability: Rough Skin|[of] p2a: Garchomp
|
|-weather|SunnyDay|[upkeep]
|-heal|p1a: Annihilape|93/100|[from] item: Leftovers
|upkeep
|
|t:|1784101364
|switch|p1b: Charizard|Charizard-Mega-Y, L50, M, shiny|100/100
|turn|4
|
|t:|1784101409
|move|p2b: 5-3|Moonblast|p1a: Annihilape
|-supereffective|p1a: Annihilape|1
|-damage|p1a: Annihilape|43/100
|move|p2a: Garchomp|Dragon Claw|p1a: Annihilape
|-damage|p1a: Annihilape|0 fnt
|faint|p1a: Annihilape
|-damage|p2a: Garchomp|47/100|[from] item: Life Orb
|move|p1b: Charizard|Heat Wave|p2a: Garchomp|[spread] p2a,p2b
|-resisted|p2a: Garchomp|1
|-supereffective|p2b: 5-3|1
|-damage|p2a: Garchomp|18/100
|-enditem|p2b: 5-3|Focus Sash
|-damage|p2b: 5-3|1/100
|
|-weather|SunnyDay|[upkeep]
|upkeep
|turn|5
|
|t:|1784101430
|move|p2b: 5-3|Protect|p2b: 5-3
|-singleturn|p2b: 5-3|Protect
|move|p2a: Garchomp|Rock Slide|p1b: Charizard
|-supereffective|p1b: Charizard|2
|-damage|p1b: Charizard|0 fnt
|faint|p1b: Charizard
|-damage|p2a: Garchomp|8/100|[from] item: Life Orb
|
|win|kenanyildiz10
||kenanyildiz10 is ready for game 2.
|inactive|MaeveOG has 30 seconds to confirm battle start!
||MaeveOG is ready for game 2.
|uhtml|next|Next: Game 2 of 3
|l|☆MaeveOG
|player|p1|
