|j|☆lolgz
|j|☆Kha'madonna
|html|lolgzKha'madonna    
|uhtml|bestof|Game 1 of a best-of-3
|t:|1782343068
|gametype|doubles
|player|p1|lolgz|dawn|1156
|player|p2|Kha'madonna|169|1241
|gen|9
|tier|[Gen 9 Champions] VGC 2026 Reg M-B (Bo3)
|rated|
|rule|Species Clause: Limit one of each Pokémon
|rule|Item Clause: Limit 1 of each item
|clearpoke
|poke|p1|Torkoal, L50, M|
|poke|p1|Vileplume, L50, M|
|poke|p1|Farigiraf, L50, M|
|poke|p1|Scrafty, L50, F|
|poke|p1|Gallade, L50, M|
|poke|p1|Mawile, L50, F|
|poke|p2|Gengar, L50, M|
|poke|p2|Incineroar, L50, F|
|poke|p2|Kommo-o, L50, M|
|poke|p2|Ninetales-Alola, L50, F|
|poke|p2|Sneasler, L50, F|
|poke|p2|Floette-Eternal, L50, F|
|teampreview|4
|showteam|p1|Torkoal||Charcoal|Drought|Eruption,WeatherBall,EarthPower,Protect|Quiet||M|||50|]Vileplume||FocusSash|Chlorophyll|EnergyBall,SludgeBomb,SleepPowder,AfterYou|Timid||M|||50|]Farigiraf||SitrusBerry|ArmorTail|TrickRoom,Protect,Psychic,HelpingHand|Bold||M|||50|]Scrafty||Scraftinite|Intimidate|CloseCombat,KnockOff,FakeOut,RockSlide|Brave||F|||50|]Gallade||IronBall|Sharpness|SacredSword,PsychoCut,WideGuard,TrickRoom|Brave||M|||50|]Mawile||Mawilite|HyperCutter|SuckerPunch,PlayRough,SwordsDance,Protect|Brave||F|||50|
|showteam|p2|Gengar||Gengarite|CursedBody|PerishSong,Protect,Disable,ShadowBall|Timid||M|||50|]Incineroar||SitrusBerry|Intimidate|PartingShot,Protect,FlareBlitz,FakeOut|Impish||F|||50|]Kommo-o||Leftovers|Soundproof|AuraSphere,ClangingScales,ClangorousSoul,Protect|Modest||M|||50|]Ninetales-Alola||LightClay|SnowWarning|AuroraVeil,Encore,Protect,Blizzard|Timid||F|||50|]Sneasler||FocusSash|PoisonTouch|FakeOut,CloseCombat,DireClaw,Protect|Adamant||F|||50|]Floette-Eternal||Floettite|FlowerVeil|DrainingKiss,DazzlingGleam,Protect,CalmMind|Timid||F|||50|
|inactive|Battle timer is ON: inactive players will automatically lose when time's up. (requested by lolgz)
|inactive|Kha'madonna has 60 seconds left.
|
|t:|1782343114
|teamsize|p1|4
|teamsize|p2|4
|start
|switch|p1a: Vileplume|Vileplume, L50, M|100/100
|switch|p1b: Torkoal|Torkoal, L50, M|100/100
|switch|p2a: Kommo-o|Kommo-o, L50, M|100/100
|switch|p2b: Gengar|Gengar, L50, M|100/100
|-weather|SunnyDay|[from] ability: Drought|[of] p1b: Torkoal
|turn|1
|
|t:|1782343125
|switch|p2b: Ninetales|Ninetales-Alola, L50, F|100/100
|-weather|Snowscape|[from] ability: Snow Warning|[of] p2b: Ninetales
|switch|p1b: Farigiraf|Farigiraf, L50, M|100/100
|move|p2a: Kommo-o|Clanging Scales|p1a: Vileplume|[spread] p1a,p1b
|-damage|p1a: Vileplume|50/100g
|-damage|p1b: Farigiraf|62/100
|-unboost|p2a: Kommo-o|def|1
|move|p1a: Vileplume|Sleep Powder|p2a: Kommo-o
|-status|p2a: Kommo-o|slp|[from] move: Sleep Powder
|
|-weather|Snowscape|[upkeep]
|upkeep
|turn|2
|inactive|Kha'madonna has 30 seconds left.
|
|t:|1782343154
|move|p2b: Ninetales|Encore|p1a: Vileplume
|-start|p1a: Vileplume|Encore
|cant|p2a: Kommo-o|slp
|move|p1a: Vileplume|Sleep Powder|p2b: Ninetales|[miss]
|-miss|p1a: Vileplume|p2b: Ninetales
|move|p1b: Farigiraf|Trick Room|p1b: Farigiraf
|-fieldstart|move: Trick Room|[of] p1b: Farigiraf
|
|-weather|Snowscape|[upkeep]
|upkeep
|turn|3
|
|t:|1782343170
|switch|p1a: Torkoal|Torkoal, L50, M|100/100
|-weather|SunnyDay|[from] ability: Drought|[of] p1a: Torkoal
|switch|p2b: Incineroar|Incineroar, L50, F|100/100
|-ability|p2b: Incineroar|Intimidate|boost
|-unboost|p1a: Torkoal|atk|1
|-unboost|p1b: Farigiraf|atk|1
|move|p1b: Farigiraf|Psychic|p2a: Kommo-o
|-supereffective|p2a: Kommo-o|1
|-damage|p2a: Kommo-o|34/100 slp
|cant|p2a: Kommo-o|slp
|
|-weather|SunnyDay|[upkeep]
|-heal|p2a: Kommo-o|40/100 slp|[from] item: Leftovers
|upkeep
|turn|4
|
|t:|1782343188
|switch|p1b: Mawile|Mawile, L50, F|100/100
|-curestatus|p2a: Kommo-o|slp|[msg]
|move|p2a: Kommo-o|Protect|p2a: Kommo-o
|-singleturn|p2a: Kommo-o|Protect
|move|p1a: Torkoal|Eruption|p2a: Kommo-o|[spread] p2b
|-activate|p2a: Kommo-o|move: Protect
|-resisted|p2b: Incineroar|1
|-damage|p2b: Incineroar|65/100
|move|p2b: Incineroar|Parting Shot|p1a: Torkoal
|-unboost|p1a: Torkoal|atk|1
|-unboost|p1a: Torkoal|spa|1
|
|t:|1782343199
|switch|p2b: Ninetales|Ninetales-Alola, L50, F|100/100|[from] Parting Shot
|-weather|Snowscape|[from] ability: Snow Warning|[of] p2b: Ninetales
|
|-weather|Snowscape|[upkeep]
|-heal|p2a: Kommo-o|46/100|[from] item: Leftovers
|upkeep
|turn|5
|
|t:|1782343207
|switch|p2a: Incineroar|Incineroar, L50, F|65/100
|-ability|p2a: Incineroar|Intimidate|boost
|-unboost|p1a: Torkoal|atk|1
|-fail|p1b: Mawile|unboost|Attack|[from] ability: Hyper Cutter|[of] p1b: Mawile
|detailschange|p1b: Mawile|Mawile-Mega, L50, F
|-mega|p1b: Mawile|Mawile|Mawilite
|move|p1a: Torkoal|Eruption|p2a: Incineroar|[spread] p2a,p2b
|-resisted|p2a: Incineroar|1
|-supereffective|p2b: Ninetales|1
|-damage|p2a: Incineroar|51/100
|-damage|p2b: Ninetales|11/100
|move|p1b: Mawile|Play Rough|p2a: Incineroar
|-damage|p2a: Incineroar|0 fnt
|faint|p2a: Incineroar
|move|p2b: Ninetales|Aurora Veil|p2b: Ninetales
|-sidestart|p2: Kha'madonna|move: Aurora Veil
|
|-weather|Snowscape|[upkeep]
|upkeep
|
|t:|1782343222
|switch|p2a: Gengar|Gengar, L50, M|100/100
|turn|6
|
|t:|1782343230
|detailschange|p2a: Gengar|Gengar-Mega, L50, M
|-mega|p2a: Gengar|Gengar|Gengarite
|move|p2b: Ninetales|Protect|p2b: Ninetales
|-singleturn|p2b: Ninetales|Protect
|move|p1a: Torkoal|Eruption|p2a: Gengar|[spread] p2a
|-activate|p2b: Ninetales|move: Protect
|-damage|p2a: Gengar|71/100
|move|p1b: Mawile|Swords Dance|p1b: Mawile
|-boost|p1b: Mawile|atk|2
|move|p2a: Gengar|Perish Song|p2a: Gengar
|-start|p1a: Torkoal|perish3|[silent]
|-start|p1b: Mawile|perish3|[silent]
|-start|p2a: Gengar|perish3|[silent]
|-start|p2b: Ninetales|perish3|[silent]
|-fieldactivate|move: Perish Song
|
|-weather|Snowscape|[upkeep]
|-start|p1a: Torkoal|perish3
|-start|p1b: Mawile|perish3
|-start|p2b: Ninetales|perish3
|-start|p2a: Gengar|perish3
|-fieldend|move: Trick Room
|upkeep
|turn|7
|inactive|Kha'madonna has 30 seconds left.
|
|t:|1782343258
|move|p2a: Gengar|Protect|p2a: Gengar
|-singleturn|p2a: Gengar|Protect
|move|p1b: Mawile|Sucker Punch||[still]
|-fail|p1b: Mawile
|move|p2b: Ninetales|Encore|p1b: Mawile
|-start|p1b: Mawile|Encore
|move|p1a: Torkoal|Eruption|p2b: Ninetales|[spread] p2b
|-activate|p2a: Gengar|move: Protect
|-supereffective|p2b: Ninetales|1
|-damage|p2b: Ninetales|0 fnt
|faint|p2b: Ninetales
|
|-weather|Snowscape|[upkeep]
|-start|p2a: Gengar|perish2
|-start|p1b: Mawile|perish2
|-start|p1a: Torkoal|perish2
|upkeep
|
|t:|1782343266
|switch|p2b: Kommo-o|Kommo-o, L50, M|46/100
|turn|8
|
|t:|1782343277
|move|p1b: Mawile|Sucker Punch||[still]
|-fail|p1b: Mawile
|move|p2a: Gengar|Disable|p1a: Torkoal
|-start|p1a: Torkoal|Disable|Eruption
|move|p2b: Kommo-o|Clanging Scales|p1a: Torkoal|[spread] p1a
|-immune|p1b: Mawile
|-damage|p1a: Torkoal|50/100g
|-unboost|p2b: Kommo-o|def|1
|move|p1a: Torkoal|Weather Ball|p2b: Kommo-o
|-supereffective|p2b: Kommo-o|1
|-damage|p2b: Kommo-o|19/100
|
|-weather|none
|-heal|p2b: Kommo-o|26/100|[from] item: Leftovers
|-start|p2a: Gengar|perish1
|-start|p1b: Mawile|perish1
|-start|p1a: Torkoal|perish1
|upkeep
|turn|9
|
|t:|1782343294
|move|p2a: Gengar|Protect|p2a: Gengar
|-singleturn|p2a: Gengar|Protect
|move|p1b: Mawile|Sucker Punch||[still]
|-fail|p1b: Mawile
|move|p2b: Kommo-o|Clangorous Soul||[still]
|-fail|p2b: Kommo-o
|move|p1a: Torkoal|Earth Power|p2a: Gengar
|-activate|p2a: Gengar|move: Protect
|
|-heal|p2b: Kommo-o|32/100|[from] item: Leftovers
|-start|p2a: Gengar|perish0
|-start|p1b: Mawile|perish0
|-start|p1a: Torkoal|perish0
|faint|p2a: Gengar
|faint|p1b: Mawile
|faint|p1a: Torkoal
|upkeep
|
|t:|1782343297
|switch|p1b: Farigiraf|Farigiraf, L50, M|62/100
|switch|p1a: Vileplume|Vileplume, L50, M|50/100g
|turn|10
|
|t:|1782343304
|move|p2b: Kommo-o|Clanging Scales|p1b: Farigiraf|[spread] p1a,p1b
|-damage|p1a: Vileplume|0 fnt
|-damage|p1b: Farigiraf|25/100
|-enditem|p1b: Farigiraf|Sitrus Berry|[eat]
|-heal|p1b: Farigiraf|50/100y|[from] item: Sitrus Berry
|faint|p1a: Vileplume
|-unboost|p2b: Kommo-o|def|1
|move|p1b: Farigiraf|Psychic|p2b: Kommo-o
|-supereffective|p2b: Kommo-o|1
|-damage|p2b: Kommo-o|0 fnt
|faint|p2b: Kommo-o
|
|win|lolgz
