|j|☆no_dupes
|j|☆ClodsireFeet
|html|no_dupesClodsireFeet    
|uhtml|bestof|Game 3 of a best-of-3
|t:|1755798772
|gametype|doubles
|player|p1|no_dupes|brock-gen2|1185
|player|p2|ClodsireFeet|harmony|1256
|gen|9
|tier|[Gen 9] VGC 2025 Reg H (Bo3)
|rated|
|rule|Species Clause: Limit one of each Pokémon
|rule|Item Clause: Limit 1 of each item
|clearpoke
|poke|p1|Sneasler, L50, M|
|poke|p1|Indeedee, L50, M|
|poke|p1|Volcarona, L50, F|
|poke|p1|Ursaluna-Bloodmoon, L50, M|
|poke|p1|Annihilape, L50, M|
|poke|p1|Tyranitar, L50, M|
|poke|p2|Talonflame, L50, M|
|poke|p2|Gholdengo, L50|
|poke|p2|Indeedee, L50, M|
|poke|p2|Sneasler, L50, M|
|poke|p2|Basculegion, L50, M|
|poke|p2|Ursaluna-Bloodmoon, L50, M|
|teampreview|4
|showteam|p1|Sneasler||PsychicSeed|Unburden|CloseCombat,DireClaw,ThroatChop,Protect|||M|||50|,,,,,Dark]Indeedee||ChoiceScarf|PsychicSurge|ExpandingForce,TeraBlast,Trick,Protect|||M|||50|,,,,,Psychic]Volcarona||SitrusBerry|FlameBody|Overheat,StruggleBug,RagePowder,Tailwind|||F|||50|,,,,,Grass]Ursaluna-Bloodmoon||LifeOrb|MindsEye|BloodMoon,HyperVoice,EarthPower,Protect|||M|||50|,,,,,Normal]Annihilape||SafetyGoggles|Defiant|CloseCombat,RageFist,Taunt,FinalGambit|||M|||50|,,,,,Fairy]Tyranitar||AssaultVest|SandStream|RockSlide,KnockOff,TeraBlast,LowKick|||M|||50|,,,,,Flying
|showteam|p2|Talonflame||CovertCloak|GaleWings|DualWingbeat,Tailwind,FlareBlitz,Taunt|||M|||50|,,,,,Stellar]Gholdengo||ChoiceSpecs|GoodasGold|MakeItRain,ShadowBall,PowerGem,Thunderbolt||||||50|,,,,,Steel]Indeedee||FocusSash|PsychicSurge|ExpandingForce,DazzlingGleam,TrickRoom,Imprison|||M|||50|,,,,,Fairy]Sneasler||PsychicSeed|Unburden|DireClaw,CloseCombat,ThroatChop,Protect|||M|||50|,,,,,Dark]Basculegion||ChoiceScarf|Adaptability|WaveCrash,FlipTurn,LastRespects,AquaJet|||M|||50|,,,,,Grass]Ursaluna-Bloodmoon||LifeOrb|MindsEye|BloodMoon,HyperVoice,EarthPower,Protect|||M|||50|,,,,,Normal
|inactive|Battle timer is ON: inactive players will automatically lose when time's up. (requested by ClodsireFeet)
|inactive|no_dupes has 60 seconds left.
|
|t:|1755798830
|teamsize|p1|4
|teamsize|p2|4
|start
|switch|p1a: Ursaluna|Ursaluna-Bloodmoon, L50, M|100/100
|switch|p1b: Volcarona|Volcarona, L50, F, shiny|100/100
|switch|p2a: Sneasler|Sneasler, L50, M|100/100
|switch|p2b: Talonflame|Talonflame, L50, M|100/100
|turn|1
|inactive|ClodsireFeet has 30 seconds left.
|
|t:|1755798858
|move|p2a: Sneasler|Protect|p2a: Sneasler
|-singleturn|p2a: Sneasler|Protect
|move|p1a: Ursaluna|Protect|p1a: Ursaluna
|-singleturn|p1a: Ursaluna|Protect
|move|p2b: Talonflame|Tailwind|p2b: Talonflame
|-sidestart|p2: ClodsireFeet|move: Tailwind
|move|p1b: Volcarona|Tailwind|p1b: Volcarona
|-sidestart|p1: no_dupes|move: Tailwind
|
|upkeep
|turn|2
|
|t:|1755798881
|move|p1b: Volcarona|Rage Powder|p1b: Volcarona
|-singleturn|p1b: Volcarona|move: Rage Powder
|move|p2b: Talonflame|Dual Wingbeat|p1b: Volcarona
|-supereffective|p1b: Volcarona
|-damage|p1b: Volcarona|59/100
|-supereffective|p1b: Volcarona
|-damage|p1b: Volcarona|19/100
|-enditem|p1b: Volcarona|Sitrus Berry|[eat]
|-heal|p1b: Volcarona|44/100|[from] item: Sitrus Berry
|-hitcount|p1b: Volcarona|2
|move|p2a: Sneasler|Close Combat|p1b: Volcarona
|-resisted|p1b: Volcarona
|-damage|p1b: Volcarona|4/100
|-unboost|p2a: Sneasler|def|1
|-unboost|p2a: Sneasler|spd|1
|move|p1a: Ursaluna|Hyper Voice|p2b: Talonflame|[spread] p2a,p2b
|-damage|p2a: Sneasler|0 fnt
|-damage|p2b: Talonflame|26/100
|faint|p2a: Sneasler
|-damage|p1a: Ursaluna|91/100|[from] item: Life Orb
|
|upkeep
|
|t:|1755798889
|switch|p2a: Gholdengo|Gholdengo, L50|100/100
|turn|3
|
|t:|1755798908
|-terastallize|p2a: Gholdengo|Steel
|move|p1a: Ursaluna|Protect|p1a: Ursaluna
|-singleturn|p1a: Ursaluna|Protect
|move|p2b: Talonflame|Dual Wingbeat|p1b: Volcarona
|-supereffective|p1b: Volcarona
|-damage|p1b: Volcarona|0 fnt
|faint|p1b: Volcarona
|-hitcount|p1: Volcarona|1
|move|p2a: Gholdengo|Make It Rain|p1a: Ursaluna
|-activate|p1a: Ursaluna|move: Protect
|
|upkeep
|
|t:|1755798916
|switch|p1b: Sneasler|Sneasler, L50, M, shiny|100/100
|turn|4
|
|t:|1755798922
|switch|p2a: Basculegion|Basculegion, L50, M|100/100
|switch|p1a: Indeedee|Indeedee, L50, M|100/100
|-fieldstart|move: Psychic Terrain|[from] ability: Psychic Surge|[of] p1a: Indeedee
|-enditem|p1b: Sneasler|Psychic Seed
|-boost|p1b: Sneasler|spd|1|[from] item: Psychic Seed
|-terastallize|p1b: Sneasler|Dark
|move|p1b: Sneasler|Close Combat|p2a: Basculegion
|-immune|p2a: Basculegion
|move|p2b: Talonflame|Dual Wingbeat|p1b: Sneasler
|-damage|p1b: Sneasler|73/100
|-damage|p1b: Sneasler|44/100
|-hitcount|p1b: Sneasler|2
|
|-sideend|p2: ClodsireFeet|move: Tailwind
|-sideend|p1: no_dupes|move: Tailwind
|upkeep
|turn|5
|inactive|ClodsireFeet has 30 seconds left.
|
|t:|1755798948
|move|p1b: Sneasler|Throat Chop|p2a: Basculegion
|-supereffective|p2a: Basculegion
|-damage|p2a: Basculegion|0 fnt
|faint|p2a: Basculegion
|move|p1a: Indeedee|Expanding Force|p2b: Talonflame
|-damage|p2b: Talonflame|0 fnt
|faint|p2b: Talonflame
|
|upkeep
|-message|ClodsireFeet forfeited.
|
|win|no_dupes
|raw|no_dupes's rating: 1185 → 1215(+30 for winning)
|raw|ClodsireFeet's rating: 1256 → 1226(-30 for losing)
|l|☆ClodsireFeet
|player|p2|
