|j|☆dimitry_vgc
|j|☆neuesspielzeug
|html|dimitry_vgcneuesspielzeug    
|uhtml|bestof|Game 2 of a best-of-3
|t:|1784520437
|gametype|doubles
|player|p1|dimitry_vgc|pokemonbreederf-gen4|1138
|player|p2|neuesspielzeug|2|1203
|gen|9
|tier|[Gen 9 Champions] VGC 2026 Reg M-B (Bo3)
|rated|
|rule|Species Clause: Limit one of each Pokémon
|rule|Item Clause: Limit 1 of each item
|clearpoke
|poke|p1|Charizard, L50, M, shiny|
|poke|p1|Kingambit, L50, M|
|poke|p1|Basculegion, L50, M, shiny|
|poke|p1|Sylveon, L50, M|
|poke|p1|Venusaur, L50, F|
|poke|p1|Garchomp, L50, F|
|poke|p2|Scrafty, L50, F|
|poke|p2|Toxapex, L50, F|
|poke|p2|Metagross, L50|
|poke|p2|Chandelure, L50, M|
|poke|p2|Hydreigon, L50, M|
|poke|p2|Sneasler, L50, F|
|teampreview|4
|showteam|p1|Charizard||CharizarditeY|Blaze|HeatWave,WeatherBall,HelpingHand,Protect|Modest||M|||50|]Kingambit||FocusSash|Defiant|KowtowCleave,IronHead,SuckerPunch,Protect|Adamant||M|||50|]Basculegion||MysticWater|Adaptability|WaveCrash,LastRespects,AquaJet,Protect|Adamant||M|||50|]Sylveon||FairyFeather|Pixilate|HyperVoice,HyperBeam,QuickAttack,Detect|Bold||M|||50|]Venusaur||LifeOrb|Chlorophyll|SludgeBomb,EarthPower,SolarBeam,Protect|Modest||F|||50|]Garchomp||ChoiceScarf|RoughSkin|RockSlide,DragonClaw,Earthquake,RockTomb|Adamant||F|||50|
|showteam|p2|Scrafty||Scraftinite|Intimidate|FakeOut,DrainPunch,KnockOff,PoisonJab|Careful||F|||50|]Toxapex||Leftovers|Regenerator|Infestation,Toxic,BanefulBunker,WideGuard|Bold||F|||50|]Metagross||Metagrossite|ClearBody|PsychicFangs,StompingTantrum,IcePunch,Protect|Jolly|||||50|]Chandelure||FocusSash|FlashFire|EnergyBall,HeatWave,ShadowBall,Protect|Timid||M|||50|]Hydreigon||ChoiceScarf|Levitate|DracoMeteor,Snarl,DarkPulse,EarthPower|Modest||M|||50|]Sneasler||LifeOrb|PoisonTouch|FakeOut,CloseCombat,DireClaw,Protect|Jolly||F|||50|
|
|t:|1784520468
|teamsize|p1|4
|teamsize|p2|4
|start
|switch|p1a: Charizard|Charizard, L50, M, shiny|100/100
|switch|p1b: Garchomp|Garchomp, L50, F|100/100
|switch|p2a: Chandelure|Chandelure, L50, M|100/100
|switch|p2b: Sneasler|Sneasler, L50, F|100/100
|turn|1
|inactive|Battle timer is ON: inactive players will automatically lose when time's up. (requested by dimitry_vgc)
|
|t:|1784520499
|detailschange|p1a: Charizard|Charizard-Mega-Y, L50, M, shiny
|-mega|p1a: Charizard|Charizard|Charizardite Y
|-weather|SunnyDay|[from] ability: Drought|[of] p1a: Charizard
|move|p2b: Sneasler|Fake Out|p1b: Garchomp
|-damage|p1b: Garchomp|84/100
|-damage|p2b: Sneasler|87/100|[from] ability: Rough Skin|[of] p1b: Garchomp
|-status|p1b: Garchomp|psn|[from] ability: Poison Touch|[of] p2b: Sneasler
|-damage|p2b: Sneasler|78/100|[from] item: Life Orb
|cant|p1b: Garchomp|flinch
|move|p2a: Chandelure|Shadow Ball|p1b: Garchomp
|-damage|p1b: Garchomp|40/100 psn
|move|p1a: Charizard|Weather Ball|p2b: Sneasler
|-crit|p2b: Sneasler
|-damage|p2b: Sneasler|0 fnt
|faint|p2b: Sneasler
|
|-weather|SunnyDay|[upkeep]
|-damage|p1b: Garchomp|27/100 psn|[from] psn
|upkeep
|
|t:|1784520518
|switch|p2b: Toxapex|Toxapex, L50, F|100/100
|turn|2
|
|t:|1784520532
|move|p2a: Chandelure|Protect|p2a: Chandelure
|-singleturn|p2a: Chandelure|Protect
|move|p2b: Toxapex|Baneful Bunker|p2b: Toxapex
|-singleturn|p2b: Toxapex|move: Protect
|move|p1b: Garchomp|Rock Tomb|p2a: Chandelure
|-activate|p2a: Chandelure|move: Protect
|move|p1a: Charizard|Weather Ball|p2b: Toxapex
|-activate|p2b: Toxapex|move: Protect
|
|-weather|SunnyDay|[upkeep]
|-damage|p1b: Garchomp|15/100 psn|[from] psn
|upkeep
|turn|3
|
|t:|1784520549
|switch|p2a: Hydreigon|Hydreigon, L50, M|100/100
|move|p1b: Garchomp|Rock Tomb|p2a: Hydreigon
|-damage|p2a: Hydreigon|73/100
|-unboost|p2a: Hydreigon|spe|1
|move|p1a: Charizard|Weather Ball|p2b: Toxapex
|-resisted|p2b: Toxapex|1
|-damage|p2b: Toxapex|70/100
|move|p2b: Toxapex|Toxic|p1a: Charizard
|-status|p1a: Charizard|tox
|
|-weather|SunnyDay|[upkeep]
|-heal|p2b: Toxapex|76/100|[from] item: Leftovers
|-damage|p1b: Garchomp|3/100 psn|[from] psn
|-damage|p1a: Charizard|93/100 tox|[from] psn
|upkeep
|turn|4
|
|t:|1784520569
|move|p1b: Garchomp|Rock Tomb|p2a: Hydreigon
|-damage|p2a: Hydreigon|47/100
|-unboost|p2a: Hydreigon|spe|1
|move|p1a: Charizard|Heat Wave|p2a: Hydreigon|[spread] p2a,p2b
|-resisted|p2a: Hydreigon|1
|-resisted|p2b: Toxapex|1
|-damage|p2a: Hydreigon|13/100
|-damage|p2b: Toxapex|55/100
|move|p2a: Hydreigon|Snarl|p1b: Garchomp|[spread] p1a,p1b
|-damage|p1a: Charizard|72/100 tox
|-damage|p1b: Garchomp|0 fnt
|-unboost|p1a: Charizard|spa|1
|faint|p1b: Garchomp
|move|p2b: Toxapex|Infestation|p1a: Charizard
|-resisted|p1a: Charizard|2
|-damage|p1a: Charizard|71/100 tox
|-activate|p1a: Charizard|move: Infestation|[of] p2b: Toxapex
|
|-weather|SunnyDay|[upkeep]
|-heal|p2b: Toxapex|61/100|[from] item: Leftovers
|-damage|p1a: Charizard|59/100 tox|[from] psn
|-damage|p1a: Charizard|47/100 tox|[from] move: Infestation|[partiallytrapped]
|upkeep
|
|t:|1784520585
|switch|p1b: Kingambit|Kingambit, L50, M|100/100
|turn|5
|
|t:|1784520602
|move|p2b: Toxapex|Baneful Bunker|p2b: Toxapex
|-singleturn|p2b: Toxapex|move: Protect
|move|p1a: Charizard|Weather Ball|p2a: Hydreigon
|-resisted|p2a: Hydreigon|1
|-damage|p2a: Hydreigon|0 fnt
|faint|p2a: Hydreigon
|move|p1b: Kingambit|Kowtow Cleave|p2b: Toxapex
|-activate|p2b: Toxapex|move: Protect
|
|-weather|none
|-heal|p2b: Toxapex|66/100|[from] item: Leftovers
|-damage|p1a: Charizard|29/100 tox|[from] psn
|-damage|p1a: Charizard|17/100 tox|[from] move: Infestation|[partiallytrapped]
|upkeep
|
|t:|1784520610
|switch|p2a: Chandelure|Chandelure, L50, M|100/100
|turn|6
|
|t:|1784520635
|move|p1a: Charizard|Helping Hand|p1b: Kingambit
|-singleturn|p1b: Kingambit|Helping Hand|[of] p1a: Charizard
|move|p2a: Chandelure|Heat Wave|p1a: Charizard|[spread] p1a
|-miss|p2a: Chandelure|p1b: Kingambit
|-resisted|p1a: Charizard|1
|-damage|p1a: Charizard|0 fnt
|faint|p1a: Charizard
|move|p1b: Kingambit|Kowtow Cleave|p2b: Toxapex
|-damage|p2b: Toxapex|10/100
|move|p2b: Toxapex|Infestation|p1b: Kingambit
|-damage|p1b: Kingambit|96/100
|-activate|p1b: Kingambit|move: Infestation|[of] p2b: Toxapex
|
|-heal|p2b: Toxapex|16/100|[from] item: Leftovers
|-damage|p1b: Kingambit|83/100|[from] move: Infestation|[partiallytrapped]
|upkeep
|
|t:|1784520646
|switch|p1a: Basculegion|Basculegion, L50, M, shiny|100/100
|turn|7
|inactive|neuesspielzeug has 30 seconds left.
|
|t:|1784520671
|move|p1a: Basculegion|Aqua Jet|p2a: Chandelure
|-supereffective|p2a: Chandelure|1
|-crit|p2a: Chandelure
|-enditem|p2a: Chandelure|Focus Sash
|-damage|p2a: Chandelure|1/100
|move|p2a: Chandelure|Shadow Ball|p1a: Basculegion
|-supereffective|p1a: Basculegion|1
|-damage|p1a: Basculegion|3/100
|move|p1b: Kingambit|Kowtow Cleave|p2b: Toxapex
|-crit|p2b: Toxapex
|-damage|p2b: Toxapex|0 fnt
|faint|p2b: Toxapex
|
|-end|p1b: Kingambit|Infestation|[partiallytrapped]|[silent]
|upkeep
|turn|8
|-message|neuesspielzeug forfeited.
|
|win|dimitry_vgc
