|j|☆15Hugs
|j|☆0fro
|html|15Hugs0fro    
|uhtml|bestof|Game 2 of a best-of-3
|t:|1786040349
|gametype|doubles
|player|p1|15Hugs|ingo|1178
|player|p2|0fro|volkner|1139
|gen|9
|tier|[Gen 9 Champions] VGC 2026 Reg M-B (Bo3)
|rated|
|rule|Species Clause: Limit one of each Pokémon
|rule|Item Clause: Limit 1 of each item
|clearpoke
|poke|p1|Mawile, L50, M|
|poke|p1|Sneasler, L50, M|
|poke|p1|Raichu, L50, M|
|poke|p1|Hydreigon, L50, M|
|poke|p1|Farigiraf, L50, F, shiny|
|poke|p1|Sinistcha, L50|
|poke|p2|Mawile, L50, F|
|poke|p2|Talonflame, L50, F|
|poke|p2|Garchomp, L50, F|
|poke|p2|Sinistcha, L50|
|poke|p2|Tyranitar, L50, F|
|poke|p2|Incineroar, L50, F, shiny|
|teampreview|4
|showteam|p1|Mawile||Mawilite|Intimidate|Protect,PlayRough,IronHead,SuckerPunch|Brave||M|||50|]Sneasler||WhiteHerb|Unburden|FakeOut,RockTomb,CloseCombat,DireClaw|Jolly||M|||50|]Raichu||RaichuniteY|LightningRod|Protect,FakeOut,ZapCannon,FocusBlast|Timid||M|||50|]Hydreigon||ChoiceScarf|Levitate|DracoMeteor,Snarl,DarkPulse,EarthPower|Timid||M|||50|]Farigiraf||SitrusBerry|ArmorTail|TrickRoom,HelpingHand,FoulPlay,Psychic|Quiet||F|||50|]Sinistcha||KasibBerry|Hospitality|TrickRoom,Hex,MatchaGotcha,RagePowder|Modest|||||50|
|showteam|p2|Mawile||Mawilite|HyperCutter|SwordsDance,Protect,PlayRough,SuckerPunch|Adamant||F|||50|]Talonflame||SharpBeak|GaleWings|Tailwind,DualWingbeat,FlareBlitz,Protect|Jolly||F|||50|]Garchomp||LifeOrb|RoughSkin|DragonClaw,Earthquake,RockSlide,Protect|Adamant||F|||50|]Sinistcha||KasibBerry|Hospitality|Protect,MatchaGotcha,TrickRoom,RagePowder|Calm|||||50|]Tyranitar||Tyranitarite|SandStream|KnockOff,RockSlide,LowKick,Protect|Adamant||F|||50|]Incineroar||SitrusBerry|Intimidate|FakeOut,FlareBlitz,ThroatChop,PartingShot|Impish||F|||50|
|inactive|Battle timer is ON: inactive players will automatically lose when time's up. (requested by 15Hugs)
|
|t:|1786040377
|teamsize|p1|4
|teamsize|p2|4
|start
|switch|p1a: Raichu|Raichu, L50, M|100/100
|switch|p1b: Sneasler|Sneasler, L50, M|100/100
|switch|p2a: Incineroar|Incineroar, L50, F, shiny|100/100
|switch|p2b: Mawile|Mawile, L50, F|100/100
|-ability|p2a: Incineroar|Intimidate|boost
|-unboost|p1a: Raichu|atk|1
|-unboost|p1b: Sneasler|atk|1
|-enditem|p1b: Sneasler|White Herb
|-clearnegativeboost|p1b: Sneasler|[silent]
|turn|1
|inactive|15Hugs has 30 seconds left.
|inactive|0fro has 30 seconds left.
|inactive|15Hugs has 20 seconds left.
|inactive|0fro has 20 seconds left.
|inactive|15Hugs has 15 seconds left.
|
|t:|1786040422
|switch|p2a: Sinistcha|Sinistcha, L50|100/100
|detailschange|p1a: Raichu|Raichu-Mega-Y, L50, M
|-mega|p1a: Raichu|Raichu|Raichunite Y
|detailschange|p2b: Mawile|Mawile-Mega, L50, F
|-mega|p2b: Mawile|Mawile|Mawilite
|move|p1a: Raichu|Fake Out|p2b: Mawile
|-resisted|p2b: Mawile|1
|-damage|p2b: Mawile|97/100
|move|p1b: Sneasler|Dire Claw|p2a: Sinistcha
|-damage|p2a: Sinistcha|66/100
|cant|p2b: Mawile|flinch
|
|upkeep
|turn|2
|inactive|0fro has 30 seconds left.
|
|t:|1786040451
|switch|p1a: Farigiraf|Farigiraf, L50, F, shiny|100/100
|switch|p2a: Garchomp|Garchomp, L50, F|100/100
|move|p1b: Sneasler|Dire Claw|p2a: Garchomp
|-resisted|p2a: Garchomp|1
|-damage|p2a: Garchomp|79/100
|-damage|p1b: Sneasler|87/100|[from] ability: Rough Skin|[of] p2a: Garchomp
|move|p2b: Mawile|Play Rough|p1b: Sneasler
|-damage|p1b: Sneasler|0 fnt
|faint|p1b: Sneasler
|
|upkeep
|
|t:|1786040464
|switch|p1b: Sinistcha|Sinistcha, L50|100/100
|turn|3
|
|t:|1786040487
|move|p2a: Garchomp|Dragon Claw|p1b: Sinistcha
|-damage|p1b: Sinistcha|45/100
|-damage|p2a: Garchomp|69/100|[from] item: Life Orb
|move|p1b: Sinistcha|Matcha Gotcha|p2a: Garchomp|[spread] p2a,p2b
|-resisted|p2b: Mawile|1
|-damage|p2a: Garchomp|33/100
|-heal|p1b: Sinistcha|64/100|[from] drain|[of] p2a: Garchomp
|-damage|p2b: Mawile|79/100
|-heal|p1b: Sinistcha|72/100|[from] drain|[of] p2b: Mawile
|move|p2b: Mawile|Play Rough|p1b: Sinistcha|[miss]
|-miss|p2b: Mawile|p1b: Sinistcha
|move|p1a: Farigiraf|Foul Play|p2b: Mawile
|-resisted|p2b: Mawile|1
|-damage|p2b: Mawile|64/100
|
|upkeep
|turn|4
|inactive|15Hugs has 30 seconds left.
|inactive|0fro has 30 seconds left.
|
|t:|1786040521
|move|p2a: Garchomp|Dragon Claw|p1b: Sinistcha
|-damage|p1b: Sinistcha|15/100
|-damage|p2a: Garchomp|23/100|[from] item: Life Orb
|move|p1b: Sinistcha|Matcha Gotcha|p2b: Mawile|[spread] p2a,p2b
|-resisted|p2b: Mawile|1
|-damage|p2a: Garchomp|0 fnt
|-heal|p1b: Sinistcha|28/100|[from] drain|[of] p2a: Garchomp
|-damage|p2b: Mawile|46/100
|-heal|p1b: Sinistcha|35/100|[from] drain|[of] p2b: Mawile
|-status|p2b: Mawile|brn
|faint|p2a: Garchomp
|move|p2b: Mawile|Play Rough|p1b: Sinistcha|[miss]
|-miss|p2b: Mawile|p1b: Sinistcha
|move|p1a: Farigiraf|Psychic|p2b: Mawile
|-resisted|p2b: Mawile|1
|-damage|p2b: Mawile|23/100 brn
|
|-damage|p2b: Mawile|17/100 brn|[from] brn
|upkeep
|
|t:|1786040537
|switch|p2a: Sinistcha|Sinistcha, L50|66/100
|-heal|p2b: Mawile|42/100 brn|[from] ability: Hospitality|[of] p2a: Sinistcha
|turn|5
|
|t:|1786040556
|move|p1b: Sinistcha|Hex|p2a: Sinistcha
|-supereffective|p2a: Sinistcha|1
|-enditem|p2a: Sinistcha|Kasib Berry|[eat]
|-enditem|p2a: Sinistcha|Kasib Berry|[weaken]
|-damage|p2a: Sinistcha|30/100
|move|p2a: Sinistcha|Matcha Gotcha|p1b: Sinistcha|[spread] p1a
|-miss|p2a: Sinistcha|p1b: Sinistcha
|-damage|p1a: Farigiraf|78/100
|-heal|p2a: Sinistcha|44/100|[from] drain|[of] p1a: Farigiraf
|-status|p1a: Farigiraf|brn
|move|p2b: Mawile|Play Rough|p1b: Sinistcha
|-damage|p1b: Sinistcha|0 fnt
|faint|p1b: Sinistcha
|move|p1a: Farigiraf|Foul Play|p2a: Sinistcha
|-supereffective|p2a: Sinistcha|1
|-damage|p2a: Sinistcha|33/100
|
|-damage|p2b: Mawile|37/100 brn|[from] brn
|-damage|p1a: Farigiraf|72/100 brn|[from] brn
|upkeep
|
|t:|1786040572
|switch|p1b: Raichu|Raichu-Mega-Y, L50, M|100/100
|turn|6
|inactive|15Hugs has 30 seconds left.
|
|t:|1786040604
|move|p1b: Raichu|Zap Cannon|p2b: Mawile
|-damage|p2b: Mawile|0 fnt
|faint|p2b: Mawile
|move|p1a: Farigiraf|Psychic|p2a: Sinistcha
|-damage|p2a: Sinistcha|0 fnt
|faint|p2a: Sinistcha
|
|-damage|p1a: Farigiraf|66/100 brn|[from] brn
|upkeep
|
|t:|1786040610
|switch|p2a: Incineroar|Incineroar, L50, F, shiny|100/100
|-ability|p2a: Incineroar|Intimidate|boost
|-unboost|p1a: Farigiraf|atk|1
|-unboost|p1b: Raichu|atk|1
|turn|7
|
|t:|1786040615
|move|p1a: Farigiraf|Helping Hand|p1b: Raichu
|-singleturn|p1b: Raichu|Helping Hand|[of] p1a: Farigiraf
|move|p1b: Raichu|Focus Blast|p2a: Incineroar
|-supereffective|p2a: Incineroar|1
|-damage|p2a: Incineroar|0 fnt
|faint|p2a: Incineroar
|
|win|15Hugs
||0fro is ready for game 3.
