|j|☆caZISA
|j|☆MetaphorCrazyMonk
|html|caZISAMetaphorCrazyMonk    
|uhtml|bestof|Game 1 of a best-of-3
|t:|1782274386
|gametype|doubles
|player|p1|caZISA|red|1320
|player|p2|MetaphorCrazyMonk|expert-gen6|1219
|gen|9
|tier|[Gen 9 Champions] VGC 2026 Reg M-B (Bo3)
|rated|
|rule|Species Clause: Limit one of each Pokémon
|rule|Item Clause: Limit 1 of each item
|clearpoke
|poke|p1|Charizard, L50, F, shiny|
|poke|p1|Floette-Eternal, L50, F|
|poke|p1|Garchomp, L50, M|
|poke|p1|Venusaur, L50, F|
|poke|p1|Incineroar, L50, F|
|poke|p1|Sneasler, L50, F|
|poke|p2|Floette-Eternal, L50, F|
|poke|p2|Sinistcha, L50|
|poke|p2|Incineroar, L50, M|
|poke|p2|Delphox, L50, M|
|poke|p2|Kingambit, L50, M|
|poke|p2|Sneasler, L50, M|
|teampreview|4
|showteam|p1|Charizard||CharizarditeY|Blaze|HeatWave,WeatherBall,AncientPower,Protect|Modest||F|||50|]Floette-Eternal||Floettite|FlowerVeil|DazzlingGleam,DrainingKiss,CalmMind,Protect|Timid||F|||50|]Garchomp||ChoiceScarf|RoughSkin|DragonClaw,RockSlide,Earthquake,StompingTantrum|Adamant||M|||50|]Venusaur||WideLens|Chlorophyll|LeafStorm,SludgeBomb,SleepPowder,Protect|Modest||F|||50|]Incineroar||ChopleBerry|Intimidate|FakeOut,FlareBlitz,ThroatChop,PartingShot|Careful||F|||50|]Sneasler||WhiteHerb|Unburden|FakeOut,DireClaw,CloseCombat,Protect|Jolly||F|||50|
|showteam|p2|Floette-Eternal||Floettite|FlowerVeil|Moonblast,DazzlingGleam,CalmMind,Protect|Modest||F|||50|]Sinistcha||CobaBerry|Hospitality|MatchaGotcha,RagePowder,Protect,TrickRoom|Bold|||||50|]Incineroar||SitrusBerry|Intimidate|FlareBlitz,PartingShot,FakeOut,HelpingHand|Careful||M|||50|]Delphox||Delphoxite|Blaze|HeatWave,Psyshock,NastyPlot,Protect|Timid||M|||50|]Kingambit||BlackGlasses|Defiant|KowtowCleave,SuckerPunch,SwordsDance,Protect|Adamant||M|||50|]Sneasler||FocusSash|Unburden|CloseCombat,DireClaw,FakeOut,QuickGuard|Jolly||M|||50|
|
|t:|1782274446
|teamsize|p1|4
|teamsize|p2|4
|start
|switch|p1a: ROZ-A|Floette-Eternal, L50, F|100/100
|switch|p1b: Sneasler|Sneasler, L50, F|100/100
|switch|p2a: Delphox|Delphox, L50, M|100/100
|switch|p2b: Gradisce|Incineroar, L50, M|100/100
|-ability|p2b: Gradisce|Intimidate|boost
|-unboost|p1a: ROZ-A|atk|1
|-unboost|p1b: Sneasler|atk|1
|-enditem|p1b: Sneasler|White Herb
|-clearnegativeboost|p1b: Sneasler|[silent]
|turn|1
|inactive|Battle timer is ON: inactive players will automatically lose when time's up. (requested by caZISA)
|inactive|MetaphorCrazyMonk has 60 seconds left.
|
|t:|1782274481
|switch|p1a: Tigre Toño|Incineroar, L50, F|100/100
|-ability|p1a: Tigre Toño|Intimidate|boost
|-unboost|p2a: Delphox|atk|1
|-unboost|p2b: Gradisce|atk|1
|detailschange|p2a: Delphox|Delphox-Mega, L50, M
|-mega|p2a: Delphox|Delphox|Delphoxite
|move|p1b: Sneasler|Fake Out|p2a: Delphox
|-damage|p2a: Delphox|80/100
|move|p2b: Gradisce|Fake Out|p1a: Tigre Toño
|-damage|p1a: Tigre Toño|93/100
|cant|p2a: Delphox|flinch
|
|upkeep
|turn|2
|
|t:|1782274497
|switch|p2b: Vigile|Sneasler, L50, M|100/100
|move|p2a: Delphox|Protect|p2a: Delphox
|-singleturn|p2a: Delphox|Protect
|move|p1b: Sneasler|Close Combat|p2b: Vigile
|-resisted|p2b: Vigile|1
|-damage|p2b: Vigile|50/100g
|-unboost|p1b: Sneasler|def|1
|-unboost|p1b: Sneasler|spd|1
|move|p1a: Tigre Toño|Throat Chop|p2b: Vigile
|-resisted|p2b: Vigile|1
|-damage|p2b: Vigile|25/100
|-start|p2b: Vigile|Throat Chop|[silent]
|
|upkeep
|turn|3
|
|t:|1782274517
|switch|p2b: Gradisce|Incineroar, L50, M|100/100
|-ability|p2b: Gradisce|Intimidate|boost
|-unboost|p1a: Tigre Toño|atk|1
|-unboost|p1b: Sneasler|atk|1
|move|p1b: Sneasler|Close Combat|p2b: Gradisce
|-supereffective|p2b: Gradisce|1
|-damage|p2b: Gradisce|42/100
|-unboost|p1b: Sneasler|def|1
|-unboost|p1b: Sneasler|spd|1
|-enditem|p2b: Gradisce|Sitrus Berry|[eat]
|-heal|p2b: Gradisce|67/100|[from] item: Sitrus Berry
|move|p2a: Delphox|Psyshock|p1b: Sneasler
|-supereffective|p1b: Sneasler|2
|-damage|p1b: Sneasler|0 fnt
|faint|p1b: Sneasler
|move|p1a: Tigre Toño|Throat Chop|p2a: Delphox
|-supereffective|p2a: Delphox|1
|-damage|p2a: Delphox|22/100
|-start|p2a: Delphox|Throat Chop|[silent]
|
|upkeep
|
|t:|1782274521
|switch|p1b: ROZ-A|Floette-Eternal, L50, F|100/100
|turn|4
|inactive|MetaphorCrazyMonk has 30 seconds left.
|inactive|MetaphorCrazyMonk has 20 seconds left.
|inactive|MetaphorCrazyMonk has 15 seconds left.
|inactive|MetaphorCrazyMonk has 10 seconds left.
|
|t:|1782274570
|switch|p2b: Il Conto?|Sinistcha, L50|100/100
|-heal|p2a: Delphox|46/100|[from] ability: Hospitality|[of] p2b: Il Conto?
|detailschange|p1b: ROZ-A|Floette-Mega, L50, F
|-mega|p1b: ROZ-A|Floette|Floettite
|-ability|p1b: ROZ-A|Fairy Aura
|move|p2a: Delphox|Protect|p2a: Delphox
|-singleturn|p2a: Delphox|Protect
|move|p1b: ROZ-A|Calm Mind|p1b: ROZ-A
|-boost|p1b: ROZ-A|spa|1
|-boost|p1b: ROZ-A|spd|1
|move|p1a: Tigre Toño|Throat Chop|p2b: Il Conto?
|-supereffective|p2b: Il Conto?|1
|-damage|p2b: Il Conto?|61/100
|-start|p2b: Il Conto?|Throat Chop|[silent]
|
|-end|p2a: Delphox|Throat Chop|[silent]
|upkeep
|turn|5
|
|t:|1782274590
|move|p2b: Il Conto?|Protect|p2b: Il Conto?
|-singleturn|p2b: Il Conto?|Protect
|move|p2a: Delphox|Psyshock|p1b: ROZ-A
|-damage|p1b: ROZ-A|44/100
|move|p1b: ROZ-A|Dazzling Gleam|p2a: Delphox|[spread] p2a
|-activate|p2b: Il Conto?|move: Protect
|-resisted|p2a: Delphox|1
|-damage|p2a: Delphox|20/100y
|move|p1a: Tigre Toño|Parting Shot|p2a: Delphox
|-unboost|p2a: Delphox|atk|1
|-unboost|p2a: Delphox|spa|1
|
|t:|1782274595
|switch|p1a: Sharkboy|Garchomp, L50, M|100/100|[from] Parting Shot
|
|-end|p2b: Il Conto?|Throat Chop|[silent]
|upkeep
|turn|6
|inactive|MetaphorCrazyMonk has 30 seconds left.
|inactive|MetaphorCrazyMonk has 20 seconds left.
|inactive|MetaphorCrazyMonk has 15 seconds left.
|
|t:|1782274637
|switch|p2a: Gradisce|Incineroar, L50, M|67/100
|-ability|p2a: Gradisce|Intimidate|boost
|-unboost|p1a: Sharkboy|atk|1
|-unboost|p1b: ROZ-A|atk|1
|move|p1a: Sharkboy|Rock Slide|p2a: Gradisce|[spread] p2a,p2b
|-supereffective|p2a: Gradisce|1
|-damage|p2a: Gradisce|40/100
|-damage|p2b: Il Conto?|49/100
|move|p1b: ROZ-A|Draining Kiss|p2b: Il Conto?
|-damage|p2b: Il Conto?|1/100
|-heal|p1b: ROZ-A|84/100|[from] drain|[of] p2b: Il Conto?
|cant|p2b: Il Conto?|flinch
|
|upkeep
|turn|7
|
|t:|1782274662
|move|p2a: Gradisce|Fake Out|p1b: ROZ-A
|-damage|p1b: ROZ-A|71/100
|move|p1a: Sharkboy|Rock Slide|p2b: Il Conto?|[spread] p2a,p2b
|-supereffective|p2a: Gradisce|1
|-damage|p2a: Gradisce|18/100
|-damage|p2b: Il Conto?|0 fnt
|faint|p2b: Il Conto?
|cant|p1b: ROZ-A|flinch
|
|upkeep
|
|t:|1782274671
|switch|p2b: Delphox|Delphox-Mega, L50, M|20/100y
|turn|8
|
|t:|1782274678
|switch|p1a: Tigre Toño|Incineroar, L50, F|93/100
|-ability|p1a: Tigre Toño|Intimidate|boost
|-unboost|p2a: Gradisce|atk|1
|-unboost|p2b: Delphox|atk|1
|move|p2a: Gradisce|Helping Hand|p2b: Delphox
|-singleturn|p2b: Delphox|Helping Hand|[of] p2a: Gradisce
|move|p2b: Delphox|Psyshock|p1b: ROZ-A
|-crit|p1b: ROZ-A
|-damage|p1b: ROZ-A|0 fnt
|faint|p1b: ROZ-A
|
|upkeep
|
|t:|1782274683
|switch|p1b: Sharkboy|Garchomp, L50, M|100/100
|turn|9
|inactive|MetaphorCrazyMonk has 30 seconds left.
|inactive|MetaphorCrazyMonk has 20 seconds left.
|
|t:|1782274719
|move|p2b: Delphox|Protect|p2b: Delphox
|-singleturn|p2b: Delphox|Protect
|move|p1a: Tigre Toño|Fake Out|p2a: Gradisce
|-damage|p2a: Gradisce|9/100
|move|p1b: Sharkboy|Dragon Claw|p2b: Delphox
|-activate|p2b: Delphox|move: Protect
|cant|p2a: Gradisce|flinch
|
|upkeep
|turn|10
|
|t:|1782274739
|switch|p2a: Vigile|Sneasler, L50, M|25/100
|move|p2b: Delphox|Protect||[still]
|-fail|p2b: Delphox
|move|p1b: Sharkboy|Dragon Claw|p2b: Delphox
|-damage|p2b: Delphox|0 fnt
|faint|p2b: Delphox
|move|p1a: Tigre Toño|Flare Blitz|p2a: Vigile
|-damage|p2a: Vigile|0 fnt
|faint|p2a: Vigile
|-damage|p1a: Tigre Toño|86/100|[from] Recoil
|
|upkeep
|-message|MetaphorCrazyMonk forfeited.
|
|win|caZISA
||MetaphorCrazyMonk is ready for game 2.
||caZISA is ready for game 2.
|uhtml|next|Next: Game 2 of 3
|l|☆caZISA
|player|p1|
|l|☆MetaphorCrazyMonk
|player|p2|
|j|☆MetaphorCrazyMonk
|player|p2|MetaphorCrazyMonk|expert-gen6|
