|j|☆dont make me walk
|j|☆capspungo
|html|dont make me walkcapspungo    
|uhtml|bestof|Game 1 of a best-of-3
|t:|1757019336
|gametype|doubles
|player|p1|dont make me walk|red-masters3|1382
|player|p2|capspungo|2|1290
|gen|9
|tier|[Gen 9] VGC 2025 Reg H (Bo3)
|rated|
|rule|Species Clause: Limit one of each Pokémon
|rule|Item Clause: Limit 1 of each item
|clearpoke
|poke|p1|Ursaluna-Bloodmoon, L50, M|
|poke|p1|Indeedee, L50, M|
|poke|p1|Sneasler, L50, M|
|poke|p1|Incineroar, L50, F|
|poke|p1|Talonflame, L50, M|
|poke|p1|Garchomp, L50, M|
|poke|p2|Dragonite, L50, M|
|poke|p2|Sinistcha, L50|
|poke|p2|Sneasler, L50, M|
|poke|p2|Rillaboom, L50, M|
|poke|p2|Kingambit, L50, M|
|poke|p2|Volcarona, L50, F|
|teampreview|4
|showteam|p1|Ursaluna-Bloodmoon||LifeOrb|MindsEye|Protect,EarthPower,HyperVoice,BloodMoon|||M|||50|,,,,,Normal]Indeedee||FocusSash|PsychicSurge|ExpandingForce,Protect,TrickRoom,Imprison|||M|||50|,,,,,Psychic]Sneasler||PsychicSeed|Unburden|DireClaw,CloseCombat,ThroatChop,Protect|||M|||50|,,,,,Dark]Incineroar||SafetyGoggles|Intimidate|FakeOut,KnockOff,FlareBlitz,PartingShot|||F|||50|,,,,,Ghost]Talonflame||CovertCloak|GaleWings|FlareBlitz,DualWingbeat,WillOWisp,Tailwind|||M|||50|,,,,,Fairy]Garchomp||ClearAmulet|RoughSkin|Earthquake,StompingTantrum,DragonClaw,Protect|||M|||50|,,,,,Fairy
|showteam|p2|Dragonite||LoadedDice|Multiscale|ScaleShot,ExtremeSpeed,Haze,Protect|||M|||50|,,,,,Fairy]Sinistcha||RockyHelmet|Hospitality|LifeDew,TrickRoom,MatchaGotcha,RagePowder||||||50|,,,,,Water]Sneasler||FocusSash|Unburden|CloseCombat,DireClaw,Coaching,FakeOut|||M|||50|,,,,,Ghost]Rillaboom||AssaultVest|GrassySurge|WoodHammer,GrassyGlide,HighHorsepower,FakeOut|||M|||50|,,,,,Water]Kingambit||BlackGlasses|Defiant|KowtowCleave,SuckerPunch,IronHead,Protect|||M|||50|,,,,,Water]Volcarona||Leftovers|FlameBody|HeatWave,GigaDrain,QuiverDance,Protect|||F|||50|,,,,,Grass
|inactive|Battle timer is ON: inactive players will automatically lose when time's up. (requested by dont make me walk)
|
|t:|1757019354
|teamsize|p1|4
|teamsize|p2|4
|start
|switch|p1a: Talonflame|Talonflame, L50, M|100/100
|switch|p1b: Ursaluna|Ursaluna-Bloodmoon, L50, M|100/100
|switch|p2a: Kingambit|Kingambit, L50, M|100/100
|switch|p2b: Sneasler|Sneasler, L50, M|100/100
|turn|1
|
|t:|1757019376
|move|p1b: Ursaluna|Protect|p1b: Ursaluna
|-singleturn|p1b: Ursaluna|Protect
|move|p2a: Kingambit|Protect|p2a: Kingambit
|-singleturn|p2a: Kingambit|Protect
|move|p2b: Sneasler|Coaching|p2a: Kingambit
|-boost|p2a: Kingambit|atk|1
|-boost|p2a: Kingambit|def|1
|move|p1a: Talonflame|Will-O-Wisp|p2b: Sneasler|[miss]
|-miss|p1a: Talonflame|p2b: Sneasler
|
|upkeep
|turn|2
|inactive|dont make me walk has 30 seconds left.
|inactive|capspungo has 30 seconds left.
|inactive|dont make me walk has 20 seconds left.
|inactive|capspungo has 20 seconds left.
|inactive|dont make me walk has 15 seconds left.
|inactive|capspungo has 15 seconds left.
|inactive|capspungo has 10 seconds left.
|
|t:|1757019422
|-terastallize|p2a: Kingambit|Water
|move|p1a: Talonflame|Tailwind|p1a: Talonflame
|-sidestart|p1: dont make me walk|move: Tailwind
|move|p1b: Ursaluna|Earth Power|p2a: Kingambit
|-damage|p2a: Kingambit|38/100
|-unboost|p2a: Kingambit|spd|1
|-ability|p2a: Kingambit|Defiant|boost
|-boost|p2a: Kingambit|atk|2
|-damage|p1b: Ursaluna|91/100|[from] item: Life Orb
|move|p2b: Sneasler|Dire Claw|p1a: Talonflame
|-damage|p1a: Talonflame|56/100
|move|p2a: Kingambit|Kowtow Cleave|p1a: Talonflame
|-crit|p1a: Talonflame
|-damage|p1a: Talonflame|0 fnt
|faint|p1a: Talonflame
|
|upkeep
|
|t:|1757019429
|switch|p1a: Sneasler|Sneasler, L50, M|100/100
|turn|3
|inactive|capspungo has 30 seconds left.
|
|t:|1757019456
|switch|p1a: Indeedee|Indeedee, L50, M|100/100
|-fieldstart|move: Psychic Terrain|[from] ability: Psychic Surge|[of] p1a: Indeedee
|switch|p2b: Sinistcha|Sinistcha, L50|100/100
|-heal|p2a: Kingambit|62/100|[from] ability: Hospitality|[of] p2b: Sinistcha
|move|p2a: Kingambit|Sucker Punch|p1b: Ursaluna
|-activate|p1b: Ursaluna|move: Psychic Terrain
|move|p1b: Ursaluna|Hyper Voice|p2b: Sinistcha|[spread] p2a,p2b
|-crit|p2a: Kingambit
|-damage|p2a: Kingambit|0 fnt
|-damage|p2b: Sinistcha|50/100
|faint|p2a: Kingambit
|-damage|p1b: Ursaluna|81/100|[from] item: Life Orb
|
|upkeep
|
|t:|1757019463
|switch|p2a: Sneasler|Sneasler, L50, M|100/100
|turn|4
|
|t:|1757019491
|switch|p1a: Sneasler|Sneasler, L50, M|100/100
|-enditem|p1a: Sneasler|Psychic Seed
|-boost|p1a: Sneasler|spd|1|[from] item: Psychic Seed
|switch|p2b: Rillaboom|Rillaboom, L50, M|100/100
|-fieldstart|move: Grassy Terrain|[from] ability: Grassy Surge|[of] p2b: Rillaboom
|move|p1b: Ursaluna|Protect|p1b: Ursaluna
|-singleturn|p1b: Ursaluna|Protect
|move|p2a: Sneasler|Close Combat|p1b: Ursaluna
|-activate|p1b: Ursaluna|move: Protect
|
|-heal|p1b: Ursaluna|87/100|[from] Grassy Terrain
|upkeep
|turn|5
|inactive|capspungo has 30 seconds left.
|
|t:|1757019524
|switch|p1b: Indeedee|Indeedee, L50, M|100/100
|-fieldstart|move: Psychic Terrain|[from] ability: Psychic Surge|[of] p1b: Indeedee
|move|p1a: Sneasler|Dire Claw|p2a: Sneasler
|-resisted|p2a: Sneasler
|-damage|p2a: Sneasler|65/100
|-status|p2a: Sneasler|slp
|cant|p2a: Sneasler|slp
|move|p2b: Rillaboom|Wood Hammer|p1a: Sneasler
|-resisted|p1a: Sneasler
|-damage|p1a: Sneasler|50/100
|-damage|p2b: Rillaboom|88/100|[from] Recoil
|
|-sideend|p1: dont make me walk|move: Tailwind
|upkeep
|turn|6
|
|t:|1757019547
|switch|p2b: Sinistcha|Sinistcha, L50|50/100
|-heal|p2a: Sneasler|90/100 slp|[from] ability: Hospitality|[of] p2b: Sinistcha
|move|p1a: Sneasler|Dire Claw|p2b: Sinistcha
|-damage|p2b: Sinistcha|14/100
|-status|p2b: Sinistcha|psn
|-damage|p1a: Sneasler|34/100|[from] item: Rocky Helmet|[of] p2b: Sinistcha
|cant|p2a: Sneasler|slp
|move|p1b: Indeedee|Expanding Force|p2a: Sneasler|[spread] p2a,p2b
|-supereffective|p2a: Sneasler
|-damage|p2a: Sneasler|0 fnt
|-damage|p2b: Sinistcha|0 fnt
|faint|p2a: Sneasler
|faint|p2b: Sinistcha
|
|upkeep
|-message|capspungo forfeited.
|
|win|dont make me walk
||dont make me walk is ready for game 2.
||capspungo is ready for game 2.
|uhtml|next|Next: Game 2 of 3
