|j|☆jakamii04
|j|☆hsjsbsj
|html|jakamii04hsjsbsj    
|uhtml|bestof|Game 1 of a best-of-3
|t:|1756893937
|gametype|doubles
|player|p1|jakamii04|pokemaniac|1024
|player|p2|hsjsbsj|169|1000
|gen|9
|tier|[Gen 9] VGC 2025 Reg H (Bo3)
|rated|
|rule|Species Clause: Limit one of each Pokémon
|rule|Item Clause: Limit 1 of each item
|clearpoke
|poke|p1|Gholdengo, L50|
|poke|p1|Archaludon, L50, F|
|poke|p1|Pelipper, L50, M|
|poke|p1|Basculegion, L50, M|
|poke|p1|Incineroar, L50, M|
|poke|p1|Amoonguss, L50, F|
|poke|p2|Snorlax, L50, F|
|poke|p2|Sinistcha, L50|
|poke|p2|Incineroar, L50, F|
|poke|p2|Kommo-o, L50, M|
|poke|p2|Pawmot, L50, M|
|poke|p2|Cramorant, L50, F|
|teampreview|4
|showteam|p1|Gholdengo||LifeOrb|GoodasGold|MakeItRain,ShadowBall,NastyPlot,Protect||||||50|,,,,,Steel]Archaludon||AssaultVest|Stamina|ElectroShot,FlashCannon,DracoMeteor,BodyPress|||F|||50|,,,,,Fairy]Pelipper||FocusSash|Drizzle|Hurricane,WeatherBall,Tailwind,Protect|||M|||50|,,,,,Ground]Basculegion||ChoiceBand|SwiftSwim|LastRespects,WaveCrash,AquaJet,FlipTurn|||M|||50|,,,,,Water]Incineroar||SafetyGoggles|Intimidate|FakeOut,KnockOff,FlareBlitz,PartingShot|||M|||50|,,,,,Bug]Amoonguss||SitrusBerry|EffectSpore|Spore,PollenPuff,RagePowder,Protect|||F|||50|,,,,,Water
|showteam|p2|Snorlax||SitrusBerry|ThickFat|Facade,HighHorsepower,BellyDrum,Protect|||F|||50|,,,,,Grass]Sinistcha||MentalHerb|Hospitality|MatchaGotcha,RagePowder,TrickRoom,Protect||||||50|,,,,,Fire]Incineroar||SafetyGoggles|Intimidate|KnockOff,PartingShot,FakeOut,FlareBlitz|||F|||50|,,,,,Ghost]Kommo-o||ThroatSpray|Overcoat|ClangorousSoul,ClangingScales,FlashCannon,Protect|||M|||50|,,,,,Steel]Pawmot||AssaultVest|VoltAbsorb|FakeOut,DoubleShock,VoltSwitch,CloseCombat|||M|||50|,,,,,Electric]Cramorant||PowerHerb|GulpMissile|Dive,IcyWind,Tailwind,Protect|||F|||50|,,,,,Flying
|inactive|Battle timer is ON: inactive players will automatically lose when time's up. (requested by jakamii04)
|inactive|jakamii04 has 60 seconds left.
|inactive|hsjsbsj has 60 seconds left.
|
|t:|1756893979
|teamsize|p1|4
|teamsize|p2|4
|start
|switch|p1a: Pelipper|Pelipper, L50, M, shiny|100/100
|switch|p1b: Archaludon|Archaludon, L50, F|100/100
|switch|p2a: Pawmot|Pawmot, L50, M|100/100
|switch|p2b: Snorlax|Snorlax, L50, F|100/100
|-weather|RainDance|[from] ability: Drizzle|[of] p1a: Pelipper
|turn|1
|inactive|jakamii04 has 30 seconds left.
|inactive|hsjsbsj has 30 seconds left.
|
|t:|1756894013
|switch|p1b: Basculegion|Basculegion, L50, M, shiny|100/100
|-terastallize|p2b: Snorlax|Grass
|move|p2a: Pawmot|Fake Out|p1b: Basculegion
|-immune|p1b: Basculegion
|move|p1a: Pelipper|Hurricane|p2b: Snorlax
|-supereffective|p2b: Snorlax
|-damage|p2b: Snorlax|42/100
|-enditem|p2b: Snorlax|Sitrus Berry|[eat]
|-heal|p2b: Snorlax|67/100|[from] item: Sitrus Berry
|move|p2b: Snorlax|Belly Drum|p2b: Snorlax
|-damage|p2b: Snorlax|17/100
|-setboost|p2b: Snorlax|atk|6|[from] move: Belly Drum
|
|-weather|RainDance|[upkeep]
|upkeep
|turn|2
|inactive|jakamii04 has 30 seconds left.
|
|t:|1756894047
|move|p2b: Snorlax|Protect|p2b: Snorlax
|-singleturn|p2b: Snorlax|Protect
|move|p1b: Basculegion|Flip Turn|p2a: Pawmot
|-damage|p2a: Pawmot|35/100
|
|t:|1756894058
|switch|p1b: Amoonguss|Amoonguss, L50, F|100/100|[from] Flip Turn
|move|p1a: Pelipper|Hurricane|p2b: Snorlax
|-activate|p2b: Snorlax|move: Protect
|move|p2a: Pawmot|Volt Switch|p1a: Pelipper
|-supereffective|p1a: Pelipper
|-enditem|p1a: Pelipper|Focus Sash
|-damage|p1a: Pelipper|1/100
|
|t:|1756894069
|switch|p2a: Sinistcha|Sinistcha, L50|100/100|[from] Volt Switch
|-heal|p2b: Snorlax|42/100|[from] ability: Hospitality|[of] p2a: Sinistcha
|
|-weather|RainDance|[upkeep]
|upkeep
|turn|3
|inactive|jakamii04 has 30 seconds left.
|inactive|jakamii04 has 20 seconds left.
|
|t:|1756894106
|move|p1a: Pelipper|Protect|p1a: Pelipper
|-singleturn|p1a: Pelipper|Protect
|move|p2a: Sinistcha|Matcha Gotcha|p1a: Pelipper|[spread] p1b
|-activate|p1a: Pelipper|move: Protect
|-resisted|p1b: Amoonguss
|-damage|p1b: Amoonguss|95/100
|move|p1b: Amoonguss|Pollen Puff|p2a: Sinistcha
|-crit|p2a: Sinistcha
|-damage|p2a: Sinistcha|75/100
|move|p2b: Snorlax|Facade|p1b: Amoonguss
|-damage|p1b: Amoonguss|0 fnt
|faint|p1b: Amoonguss
|
|-weather|RainDance|[upkeep]
|upkeep
|
|t:|1756894129
|switch|p1b: Archaludon|Archaludon, L50, F|100/100
|turn|4
|inactive|jakamii04 has 30 seconds left.
|
|t:|1756894155
|switch|p2a: Incineroar|Incineroar, L50, F|100/100
|-ability|p2a: Incineroar|Intimidate|boost
|-unboost|p1a: Pelipper|atk|1
|-unboost|p1b: Archaludon|atk|1
|move|p2b: Snorlax|Protect|p2b: Snorlax
|-singleturn|p2b: Snorlax|Protect
|move|p1b: Archaludon|Draco Meteor|p2b: Snorlax
|-activate|p2b: Snorlax|move: Protect
|move|p1a: Pelipper|Tailwind|p1a: Pelipper
|-sidestart|p1: jakamii04|move: Tailwind
|
|-weather|RainDance|[upkeep]
|upkeep
|turn|5
|inactive|hsjsbsj has 30 seconds left.
|inactive|jakamii04 has 30 seconds left.
|
|t:|1756894194
|switch|p2a: Sinistcha|Sinistcha, L50|75/100
|-heal|p2b: Snorlax|67/100|[from] ability: Hospitality|[of] p2a: Sinistcha
|move|p1b: Archaludon|Draco Meteor|p2b: Snorlax
|-damage|p2b: Snorlax|18/100
|-unboost|p1b: Archaludon|spa|2
|move|p1a: Pelipper|Hurricane|p2b: Snorlax
|-supereffective|p2b: Snorlax
|-damage|p2b: Snorlax|0 fnt
|faint|p2b: Snorlax
|
|-weather|none
|upkeep
|
|t:|1756894211
|switch|p2b: Incineroar|Incineroar, L50, F|100/100
|-ability|p2b: Incineroar|Intimidate|boost
|-unboost|p1a: Pelipper|atk|1
|-unboost|p1b: Archaludon|atk|1
|turn|6
|inactive|jakamii04 has 30 seconds left.
|
|t:|1756894239
|move|p1b: Archaludon|Body Press|p2b: Incineroar
|-supereffective|p2b: Incineroar
|-damage|p2b: Incineroar|65/100
|move|p1a: Pelipper|Hurricane|p2a: Sinistcha|[miss]
|-miss|p1a: Pelipper|p2a: Sinistcha
|move|p2b: Incineroar|Knock Off|p1b: Archaludon
|-damage|p1b: Archaludon|66/100
|-ability|p1b: Archaludon|Stamina|boost
|-boost|p1b: Archaludon|def|1
|-enditem|p1b: Archaludon|Assault Vest|[from] move: Knock Off|[of] p2b: Incineroar
|move|p2a: Sinistcha|Trick Room|p2a: Sinistcha
|-fieldstart|move: Trick Room|[of] p2a: Sinistcha
|
|upkeep
|turn|7
|
|t:|1756894259
|move|p1a: Pelipper|Protect|p1a: Pelipper
|-singleturn|p1a: Pelipper|Protect
|move|p2b: Incineroar|Flare Blitz|p1b: Archaludon
|-damage|p1b: Archaludon|37/100
|-ability|p1b: Archaludon|Stamina|boost
|-boost|p1b: Archaludon|def|1
|-damage|p2b: Incineroar|57/100|[from] Recoil
|move|p2a: Sinistcha|Matcha Gotcha|p1a: Pelipper|[spread] p1b
|-activate|p1a: Pelipper|move: Protect
|-resisted|p1b: Archaludon
|-damage|p1b: Archaludon|28/100
|-heal|p2a: Sinistcha|79/100|[from] drain|[of] p1b: Archaludon
|-status|p1b: Archaludon|brn
|-ability|p1b: Archaludon|Stamina|boost
|-boost|p1b: Archaludon|def|1
|move|p1b: Archaludon|Body Press|p2b: Incineroar
|-supereffective|p2b: Incineroar
|-damage|p2b: Incineroar|7/100
|
|-damage|p1b: Archaludon|22/100 brn|[from] brn
|-sideend|p1: jakamii04|move: Tailwind
|upkeep
|turn|8
|inactive|jakamii04 has 30 seconds left.
|inactive|hsjsbsj has 30 seconds left.
|inactive|jakamii04 has 20 seconds left.
|
|t:|1756894295
|move|p2b: Incineroar|Parting Shot|p1b: Archaludon
|-unboost|p1b: Archaludon|atk|1
|-unboost|p1b: Archaludon|spa|1
|
|t:|1756894299
|switch|p2b: Pawmot|Pawmot, L50, M|35/100|[from] Parting Shot
|move|p2a: Sinistcha|Matcha Gotcha|p1b: Archaludon|[spread] p1b
|-miss|p2a: Sinistcha|p1a: Pelipper
|-resisted|p1b: Archaludon
|-damage|p1b: Archaludon|13/100 brn
|-heal|p2a: Sinistcha|83/100|[from] drain|[of] p1b: Archaludon
|-ability|p1b: Archaludon|Stamina|boost
|-boost|p1b: Archaludon|def|1
|move|p1a: Pelipper|Hurricane|p2a: Sinistcha
|-supereffective|p2a: Sinistcha
|-damage|p2a: Sinistcha|0 fnt
|faint|p2a: Sinistcha
|move|p1b: Archaludon|Body Press|p2b: Pawmot
|-damage|p2b: Pawmot|3/100
|
|-damage|p1b: Archaludon|7/100 brn|[from] brn
|upkeep
|
|t:|1756894319
|switch|p2a: Incineroar|Incineroar, L50, F|7/100
|-ability|p2a: Incineroar|Intimidate|boost
|-unboost|p1a: Pelipper|atk|1
|-unboost|p1b: Archaludon|atk|1
|turn|9
|
|t:|1756894331
|move|p2a: Incineroar|Fake Out|p1a: Pelipper
|-damage|p1a: Pelipper|0 fnt
|faint|p1a: Pelipper
|move|p2b: Pawmot|Fake Out|p1b: Archaludon
|-resisted|p1b: Archaludon
|-damage|p1b: Archaludon|5/100 brn
|-ability|p1b: Archaludon|Stamina|boost
|-boost|p1b: Archaludon|def|1
|cant|p1b: Archaludon|flinch
|
|-damage|p1b: Archaludon|0 fnt|[from] brn
|faint|p1b: Archaludon
|upkeep
|
|t:|1756894342
|switch|p1a: Basculegion|Basculegion, L50, M, shiny|100/100
|turn|10
|
|t:|1756894358
|-terastallize|p1a: Basculegion|Water
|move|p1a: Basculegion|Aqua Jet|p2b: Pawmot
|-damage|p2b: Pawmot|0 fnt
|faint|p2b: Pawmot
|move|p2a: Incineroar|Knock Off|p1a: Basculegion
|-damage|p1a: Basculegion|51/100
|-enditem|p1a: Basculegion|Choice Band|[from] move: Knock Off|[of] p2a: Incineroar
|
|-fieldend|move: Trick Room
|upkeep
|turn|11
|
|t:|1756894371
|move|p1a: Basculegion|Aqua Jet|p2a: Incineroar
|-supereffective|p2a: Incineroar
|-damage|p2a: Incineroar|0 fnt
|faint|p2a: Incineroar
|
|win|jakamii04
||jakamii04 is ready for game 2.
||hsjsbsj is ready for game 2.
|uhtml|next|Next: Game 2 of 3
