|j|‽bathoven
|j|☆jokkebrok
|html|bathovenjokkebrok    
|uhtml|bestof|Game 2 of a best-of-3
|t:|1784631871
|gametype|doubles
|player|p1|bathoven|pokemaniac|1185
|player|p2|jokkebrok|guzma|1081
|gen|9
|tier|[Gen 9 Champions] VGC 2026 Reg M-B (Bo3)
|rated|
|rule|Species Clause: Limit one of each Pokémon
|rule|Item Clause: Limit 1 of each item
|clearpoke
|poke|p1|Typhlosion, L50, F|
|poke|p1|Froslass, L50, F|
|poke|p1|Aerodactyl, L50, F|
|poke|p1|Raichu, L50, F|
|poke|p1|Tsareena, L50, F|
|poke|p1|Basculegion, L50, M|
|poke|p2|Gengar, L50, M|
|poke|p2|Scrafty, L50, M|
|poke|p2|Arcanine-Hisui, L50, M|
|poke|p2|Primarina, L50, F|
|poke|p2|Sinistcha, L50|
|poke|p2|Snorlax, L50, M|
|teampreview|4
|showteam|p1|Typhlosion||ChoiceScarf|FlashFire|FocusBlast,ShadowBall,HeatWave,Eruption|Modest||F|||50|]Froslass||Froslassite|CursedBody|ShadowBall,AuroraVeil,Protect,Blizzard|Timid||F|||50|]Aerodactyl||Aerodactylite|Unnerve|Tailwind,RockSlide,DualWingbeat,Protect|Jolly||F|||50|]Raichu||FocusSash|LightningRod|FakeOut,HelpingHand,Encore,Thunderbolt|Hasty||F|||50|]Tsareena||SitrusBerry|QueenlyMajesty|LowKick,TropKick,Taunt,TripleAxel|Adamant||F|||50|]Basculegion||LifeOrb|Adaptability|Protect,LastRespects,WaveCrash,AquaJet|Adamant||M|||50|
|showteam|p2|Gengar||Gengarite|CursedBody|ShadowBall,SludgeBomb,Thunderbolt,Protect|Timid||M|||50|]Scrafty||Scraftinite|Intimidate|FakeOut,DrainPunch,KnockOff,SwordsDance|Brave||M|||50|]Arcanine-Hisui||FocusSash|RockHead|ExtremeSpeed,FlareBlitz,HeadSmash,Protect|Adamant||M|||50|]Primarina||SitrusBerry|LiquidVoice|HyperVoice,DazzlingGleam,Moonblast,Protect|Modest||F|||50|]Sinistcha||KasibBerry|Hospitality|MatchaGotcha,LifeDew,TrickRoom,Protect|Calm|||||50|]Snorlax||Leftovers|ThickFat|Yawn,Encore,HighHorsepower,Protect|Relaxed||M|||50|
|inactive|Battle timer is ON: inactive players will automatically lose when time's up. (requested by bathoven)
|
|t:|1784631884
|teamsize|p1|4
|teamsize|p2|4
|start
|switch|p1a: Tsareena|Tsareena, L50, F|100/100
|switch|p1b: Aerodactyl|Aerodactyl, L50, F|100/100
|switch|p2a: Sinistcha|Sinistcha, L50|100/100
|switch|p2b: Scrafty|Scrafty, L50, M|100/100
|-ability|p1b: Aerodactyl|Unnerve
|-ability|p2b: Scrafty|Intimidate|boost
|-unboost|p1a: Tsareena|atk|1
|-unboost|p1b: Aerodactyl|atk|1
|turn|1
|
|t:|1784631907
|switch|p1b: Typhlosion|Typhlosion, L50, F|100/100
|detailschange|p2b: Scrafty|Scrafty-Mega, L50, M
|-mega|p2b: Scrafty|Scrafty|Scraftinite
|-ability|p2b: Scrafty|Intimidate|boost
|-unboost|p1a: Tsareena|atk|1
|-unboost|p1b: Typhlosion|atk|1
|move|p1a: Tsareena|Taunt|p2a: Sinistcha
|-start|p2a: Sinistcha|move: Taunt
|move|p2b: Scrafty|Knock Off|p1b: Typhlosion
|-damage|p1b: Typhlosion|25/100
|-enditem|p1b: Typhlosion|Choice Scarf|[from] move: Knock Off|[of] p2b: Scrafty
|cant|p2a: Sinistcha|move: Taunt|Trick Room
|
|upkeep
|turn|2
|
|t:|1784631928
|switch|p1a: Aerodactyl|Aerodactyl, L50, F|100/100
|-ability|p1a: Aerodactyl|Unnerve
|move|p1b: Typhlosion|Heat Wave|p2a: Sinistcha|[spread] p2b
|-miss|p1b: Typhlosion|p2a: Sinistcha
|-damage|p2b: Scrafty|70/100
|move|p2a: Sinistcha|Matcha Gotcha|p1a: Aerodactyl|[spread] p1a,p1b
|-resisted|p1b: Typhlosion|1
|-damage|p1a: Aerodactyl|67/100
|-damage|p1b: Typhlosion|8/100
|move|p2b: Scrafty|Swords Dance|p2b: Scrafty
|-boost|p2b: Scrafty|atk|2
|
|upkeep
|turn|3
|inactive|jokkebrok has 30 seconds left.
|inactive|jokkebrok has 20 seconds left.
|
|t:|1784631965
|switch|p2b: Snorlax|Snorlax, L50, M|100/100
|detailschange|p1a: Aerodactyl|Aerodactyl-Mega, L50, F
|-mega|p1a: Aerodactyl|Aerodactyl|Aerodactylite
|move|p1a: Aerodactyl|Dual Wingbeat|p2b: Snorlax
|-damage|p2b: Snorlax|80/100
|-damage|p2b: Snorlax|60/100
|-hitcount|p2b: Snorlax|2
|move|p1b: Typhlosion|Heat Wave|p2b: Snorlax|[spread] p2a,p2b
|-supereffective|p2a: Sinistcha|1
|-damage|p2a: Sinistcha|38/100
|-damage|p2b: Snorlax|50/100g
|move|p2a: Sinistcha|Matcha Gotcha|p1b: Typhlosion|[spread] p1a,p1b
|-resisted|p1b: Typhlosion|1
|-damage|p1a: Aerodactyl|36/100
|-heal|p2a: Sinistcha|52/100|[from] drain|[of] p1a: Aerodactyl
|-damage|p1b: Typhlosion|0 fnt
|-heal|p2a: Sinistcha|56/100|[from] drain|[of] p1b: Typhlosion
|faint|p1b: Typhlosion
|
|-heal|p2b: Snorlax|56/100|[from] item: Leftovers
|-end|p2a: Sinistcha|move: Taunt
|upkeep
|
|t:|1784631985
|switch|p1b: Basculegion|Basculegion, L50, M|100/100
|turn|4
|
|t:|1784631998
|switch|p2b: Scrafty|Scrafty-Mega, L50, M|70/100
|-ability|p2b: Scrafty|Intimidate|boost
|-unboost|p1a: Aerodactyl|atk|1
|-unboost|p1b: Basculegion|atk|1
|move|p1a: Aerodactyl|Dual Wingbeat|p2a: Sinistcha
|-supereffective|p2a: Sinistcha|1
|-damage|p2a: Sinistcha|22/100
|-supereffective|p2a: Sinistcha|1
|-damage|p2a: Sinistcha|0 fnt
|faint|p2a: Sinistcha
|-hitcount|p2: Sinistcha|2
|move|p1b: Basculegion|Wave Crash|p2b: Scrafty
|-damage|p2b: Scrafty|15/100
|-damage|p1b: Basculegion|84/100|[from] Recoil
|-damage|p1b: Basculegion|74/100|[from] item: Life Orb
|
|upkeep
|
|t:|1784632014
|switch|p2a: Snorlax|Snorlax, L50, M|56/100
|turn|5
|
|t:|1784632026
|switch|p1a: Tsareena|Tsareena, L50, F|100/100
|move|p1b: Basculegion|Wave Crash|p2b: Scrafty
|-damage|p2b: Scrafty|0 fnt
|faint|p2b: Scrafty
|-damage|p1b: Basculegion|70/100|[from] Recoil
|-damage|p1b: Basculegion|60/100|[from] item: Life Orb
|move|p2a: Snorlax|Yawn|p1b: Basculegion
|-start|p1b: Basculegion|move: Yawn|[of] p2a: Snorlax
|
|-heal|p2a: Snorlax|62/100|[from] item: Leftovers
|upkeep
|
|t:|1784632039
|switch|p2b: Primarina|Primarina, L50, F|100/100
|turn|6
|
|t:|1784632058
|switch|p1b: Aerodactyl|Aerodactyl-Mega, L50, F|36/100
|move|p2b: Primarina|Protect|p2b: Primarina
|-singleturn|p2b: Primarina|Protect
|move|p1a: Tsareena|Taunt|p2a: Snorlax
|-start|p2a: Snorlax|move: Taunt
|cant|p2a: Snorlax|move: Taunt|Yawn
|
|-heal|p2a: Snorlax|68/100|[from] item: Leftovers
|upkeep
|turn|7
|
|t:|1784632071
|move|p1b: Aerodactyl|Dual Wingbeat|p2b: Primarina
|-damage|p2b: Primarina|69/100
|-damage|p2b: Primarina|34/100
|-enditem|p2b: Primarina|Sitrus Berry|[eat]
|-heal|p2b: Primarina|59/100|[from] item: Sitrus Berry
|-hitcount|p2b: Primarina|2
|move|p1a: Tsareena|Trop Kick|p2b: Primarina
|-supereffective|p2b: Primarina|1
|-damage|p2b: Primarina|0 fnt
|faint|p2b: Primarina
|move|p2a: Snorlax|High Horsepower|p1a: Tsareena
|-resisted|p1a: Tsareena|1
|-damage|p1a: Tsareena|87/100
|
|-heal|p2a: Snorlax|74/100|[from] item: Leftovers
|upkeep
|turn|8
|-message|jokkebrok forfeited.
|
|win|bathoven
||bathoven is ready for game 3.
||jokkebrok is ready for game 3.
|uhtml|next|Next: Game 3 of 3
|l|‽bathoven
|player|p1|
