|j|☆memeberserk
|j|☆mammamiapik
|html|memeberserkmammamiapik    
|uhtml|bestof|Game 2 of a best-of-3
|t:|1784142235
|gametype|doubles
|player|p1|memeberserk|lance|1082
|player|p2|mammamiapik|benga|1055
|gen|9
|tier|[Gen 9 Champions] VGC 2026 Reg M-B (Bo3)
|rated|
|rule|Species Clause: Limit one of each Pokémon
|rule|Item Clause: Limit 1 of each item
|clearpoke
|poke|p1|Raichu, L50, F|
|poke|p1|Corviknight, L50, M|
|poke|p1|Sylveon, L50, F|
|poke|p1|Basculegion, L50, M|
|poke|p1|Mamoswine, L50, M|
|poke|p1|Tyranitar, L50, F|
|poke|p2|Gengar, L50, F|
|poke|p2|Politoed, L50, F|
|poke|p2|Incineroar, L50, F|
|poke|p2|Archaludon, L50, F|
|poke|p2|Meowscarada, L50, M|
|poke|p2|Raichu, L50, F|
|teampreview|4
|showteam|p1|Raichu||RaichuniteY|LightningRod|ZapCannon,FocusBlast,FakeOut,Protect|Timid||F|||50|]Corviknight||Leftovers|Unnerve|BraveBird,IronHead,Tailwind,Protect|Careful||M|||50|]Sylveon||FairyFeather|Pixilate|HyperVoice,QuickAttack,Protect,Yawn|Modest||F|||50|]Basculegion||MysticWater|SwiftSwim|WaveCrash,LastRespects,AquaJet,Protect|Adamant||M|||50|]Mamoswine||LifeOrb|Oblivious|HighHorsepower,IceShard,IcicleCrash,Protect|Adamant||M|||50|]Tyranitar||FocusSash|SandStream|RockSlide,KnockOff,Superpower,Protect|Adamant||F|||50|
|showteam|p2|Gengar||Gengarite|CursedBody|PerishSong,ShadowBall,Substitute,Protect|Timid||F|||50|]Politoed||SitrusBerry|Drizzle|WeatherBall,PerishSong,Encore,Protect|Bold||F|||50|]Incineroar||PasshoBerry|Intimidate|FakeOut,ThroatChop,PartingShot,Protect|Sassy||F|||50|]Archaludon||Leftovers|Stamina|ElectroShot,DragonPulse,FlashCannon,Protect|Modest||F|||50|]Meowscarada||LifeOrb|Protean|FlowerTrick,SuckerPunch,TripleAxel,Protect|Jolly||M|||50|]Raichu||RaichuniteX|Static|FakeOut,RisingVoltage,VoltTackle,Protect|Hasty||F|||50|
|inactive|Battle timer is ON: inactive players will automatically lose when time's up. (requested by memeberserk)
|
|t:|1784142274
|teamsize|p1|4
|teamsize|p2|4
|start
|switch|p1a: Raichu|Raichu, L50, F|100/100
|switch|p1b: Corviknight|Corviknight, L50, M|100/100
|switch|p2a: Gengar|Gengar, L50, F|100/100
|switch|p2b: Incineroar|Incineroar, L50, F|100/100
|-ability|p1b: Corviknight|Unnerve
|-ability|p2b: Incineroar|Intimidate|boost
|-unboost|p1a: Raichu|atk|1
|-unboost|p1b: Corviknight|atk|1
|turn|1
|
|t:|1784142297
|detailschange|p1a: Raichu|Raichu-Mega-Y, L50, F
|-mega|p1a: Raichu|Raichu|Raichunite Y
|detailschange|p2a: Gengar|Gengar-Mega, L50, F
|-mega|p2a: Gengar|Gengar|Gengarite
|move|p1a: Raichu|Fake Out|p2b: Incineroar
|-damage|p2b: Incineroar|95/100
|cant|p2b: Incineroar|flinch
|move|p2a: Gengar|Perish Song|p2a: Gengar
|-start|p1a: Raichu|perish3|[silent]
|-start|p1b: Corviknight|perish3|[silent]
|-start|p2a: Gengar|perish3|[silent]
|-start|p2b: Incineroar|perish3|[silent]
|-fieldactivate|move: Perish Song
|move|p1b: Corviknight|Tailwind|p1b: Corviknight
|-sidestart|p1: memeberserk|move: Tailwind
|
|-start|p1a: Raichu|perish3
|-start|p2a: Gengar|perish3
|-start|p1b: Corviknight|perish3
|-start|p2b: Incineroar|perish3
|upkeep
|turn|2
|
|t:|1784142313
|move|p2a: Gengar|Protect|p2a: Gengar
|-singleturn|p2a: Gengar|Protect
|move|p2b: Incineroar|Protect|p2b: Incineroar
|-singleturn|p2b: Incineroar|Protect
|move|p1a: Raichu|Zap Cannon|p2a: Gengar
|-activate|p2a: Gengar|move: Protect
|move|p1b: Corviknight|Brave Bird|p2a: Gengar
|-activate|p2a: Gengar|move: Protect
|
|-start|p1a: Raichu|perish2
|-start|p1b: Corviknight|perish2
|-start|p2a: Gengar|perish2
|-start|p2b: Incineroar|perish2
|upkeep
|turn|3
|inactive|mammamiapik has 30 seconds left.
|
|t:|1784142346
|switch|p2a: Politoed|Politoed, L50, F|100/100
|-weather|RainDance|[from] ability: Drizzle|[of] p2a: Politoed
|move|p1a: Raichu|Zap Cannon|p2b: Incineroar
|-damage|p2b: Incineroar|47/100
|-status|p2b: Incineroar|par
|move|p1b: Corviknight|Brave Bird|p2b: Incineroar
|-damage|p2b: Incineroar|21/100 par
|-damage|p1b: Corviknight|91/100|[from] Recoil
|move|p2b: Incineroar|Parting Shot|p1b: Corviknight
|-unboost|p1b: Corviknight|atk|1
|-unboost|p1b: Corviknight|spa|1
|
|t:|1784142360
|switch|p2b: Gengar|Gengar-Mega, L50, F|100/100|[from] Parting Shot
|
|-weather|RainDance|[upkeep]
|-heal|p1b: Corviknight|97/100|[from] item: Leftovers
|-start|p1a: Raichu|perish1
|-start|p1b: Corviknight|perish1
|upkeep
|turn|4
|
|t:|1784142377
|move|p2b: Gengar|Protect|p2b: Gengar
|-singleturn|p2b: Gengar|Protect
|move|p2a: Politoed|Protect|p2a: Politoed
|-singleturn|p2a: Politoed|Protect
|move|p1a: Raichu|Zap Cannon|p2a: Politoed
|-activate|p2a: Politoed|move: Protect
|move|p1b: Corviknight|Brave Bird|p2a: Politoed
|-activate|p2a: Politoed|move: Protect
|
|-weather|RainDance|[upkeep]
|-heal|p1b: Corviknight|100/100|[from] item: Leftovers
|-start|p1a: Raichu|perish0
|-start|p1b: Corviknight|perish0
|-sideend|p1: memeberserk|move: Tailwind
|faint|p1a: Raichu
|faint|p1b: Corviknight
|upkeep
|
|t:|1784142391
|switch|p1a: Basculegion|Basculegion, L50, M|100/100
|switch|p1b: Mamoswine|Mamoswine, L50, M|100/100
|turn|5
|
|t:|1784142406
|switch|p2b: Incineroar|Incineroar, L50, F|21/100 par
|-ability|p2b: Incineroar|Intimidate|boost
|-unboost|p1a: Basculegion|atk|1
|-fail|p1b: Mamoswine|unboost|Attack|[from] ability: Oblivious|[of] p1b: Mamoswine
|move|p1a: Basculegion|Last Respects|p2a: Politoed
|-damage|p2a: Politoed|57/100
|move|p1b: Mamoswine|High Horsepower|p2a: Politoed
|-damage|p2a: Politoed|0 fnt
|faint|p2a: Politoed
|-damage|p1b: Mamoswine|90/100|[from] item: Life Orb
|
|-weather|RainDance|[upkeep]
|upkeep
|
|t:|1784142419
|switch|p2a: Meowscarada|Meowscarada, L50, M|100/100
|turn|6
|
|t:|1784142428
|move|p1a: Basculegion|Protect|p1a: Basculegion
|-singleturn|p1a: Basculegion|Protect
|move|p2b: Incineroar|Fake Out|p1b: Mamoswine
|-damage|p1b: Mamoswine|79/100
|move|p2a: Meowscarada|Sucker Punch||[still]
|-fail|p2a: Meowscarada
|cant|p1b: Mamoswine|flinch
|
|-weather|RainDance|[upkeep]
|upkeep
|turn|7
|inactive|mammamiapik has 30 seconds left.
|inactive|mammamiapik has 20 seconds left.
|
|t:|1784142465
|move|p2b: Incineroar|Protect|p2b: Incineroar
|-singleturn|p2b: Incineroar|Protect
|move|p1a: Basculegion|Aqua Jet|p2b: Incineroar
|-activate|p2b: Incineroar|move: Protect
|move|p2a: Meowscarada|Sucker Punch||[still]
|-fail|p2a: Meowscarada
|move|p1b: Mamoswine|Icicle Crash|p2a: Meowscarada|[miss]
|-miss|p1b: Mamoswine|p2a: Meowscarada
|
|-weather|none
|upkeep
|turn|8
|
|t:|1784142484
|move|p1a: Basculegion|Protect|p1a: Basculegion
|-singleturn|p1a: Basculegion|Protect
|move|p2a: Meowscarada|Flower Trick|p1b: Mamoswine
|-start|p2a: Meowscarada|typechange|Grass|[from] ability: Protean
|-supereffective|p1b: Mamoswine|1
|-crit|p1b: Mamoswine
|-damage|p1b: Mamoswine|0 fnt
|faint|p1b: Mamoswine
|-damage|p2a: Meowscarada|90/100|[from] item: Life Orb
|move|p2b: Incineroar|Throat Chop|p1a: Basculegion
|-activate|p1a: Basculegion|move: Protect
|
|upkeep
|turn|9
|
|t:|1784142496
|move|p2a: Meowscarada|Flower Trick|p1a: Basculegion
|-supereffective|p1a: Basculegion|1
|-crit|p1a: Basculegion
|-damage|p1a: Basculegion|0 fnt
|faint|p1a: Basculegion
|-damage|p2a: Meowscarada|80/100|[from] item: Life Orb
|
|win|mammamiapik
