|j|☆chefbenboyrd
|j|☆filibbb
|html|chefbenboyrdfilibbb    
|uhtml|bestof|Game 3 of a best-of-3
|t:|1757024297
|gametype|doubles
|player|p1|chefbenboyrd|brawly|1111
|player|p2|filibbb|169|1051
|gen|9
|tier|[Gen 9] VGC 2025 Reg H (Bo3)
|rated|
|rule|Species Clause: Limit one of each Pokémon
|rule|Item Clause: Limit 1 of each item
|clearpoke
|poke|p1|Whimsicott, L50, F|
|poke|p1|Hydreigon, L50, F|
|poke|p1|Incineroar, L50, F|
|poke|p1|Gholdengo, L50|
|poke|p1|Annihilape, L50, F|
|poke|p1|Basculegion, L50, M|
|poke|p2|Porygon2, L50|
|poke|p2|Incineroar, L50, M|
|poke|p2|Amoonguss, L50, M|
|poke|p2|Ursaluna, L50, M|
|poke|p2|Pelipper, L50, M|
|poke|p2|Archaludon, L50, F|
|teampreview|4
|showteam|p1|Whimsicott||FocusSash|Prankster|SunnyDay,Encore,Tailwind,Moonblast|||F|||50|,,,,,Ghost]Hydreigon||ChoiceSpecs|Levitate|HeatWave,DracoMeteor,Snarl,DarkPulse|||F|||50|,,,,,Fire]Incineroar||SafetyGoggles|Intimidate|KnockOff,FakeOut,PartingShot,FlareBlitz|||F|||50|,,,,,Ghost]Gholdengo||LifeOrb|GoodasGold|Protect,MakeItRain,ShadowBall,NastyPlot||||||50|,,,,,Water]Annihilape||SitrusBerry|Defiant|Protect,Taunt,RageFist,DrainPunch|||F|||50|,,,,,Fire]Basculegion||ChoiceScarf|Adaptability|LastRespects,WaveCrash,AquaJet,FlipTurn|||M|||50|,,,,,Water
|showteam|p2|Porygon2||Eviolite|Download|TeraBlast,IceBeam,Recover,TrickRoom||||||50|,,,,,Fairy]Incineroar||SafetyGoggles|Intimidate|FakeOut,PartingShot,KnockOff,FlareBlitz|||M|||50|,,,,,Ghost]Amoonguss||SitrusBerry|Regenerator|PollenPuff,Spore,RagePowder,ClearSmog|||M|||50|,,,,,Dark]Ursaluna||FlameOrb|Guts|Facade,HeadlongRush,Substitute,Protect|||M|||50|,,,,,Dragon]Pelipper||LifeOrb|Drizzle|WeatherBall,Hurricane,WideGuard,Protect|||M|||50|,,,,,Ghost]Archaludon||AssaultVest|Stamina|ElectroShot,DracoMeteor,FlashCannon,BodyPress|||F|||50|,,,,,Grass
|
|t:|1757024329
|teamsize|p1|4
|teamsize|p2|4
|start
|switch|p1a: Annihilape|Annihilape, L50, F|100/100
|switch|p1b: Gholdengo|Gholdengo, L50|100/100
|switch|p2a: Archaludon|Archaludon, L50, F, shiny|100/100
|switch|p2b: Pelipper|Pelipper, L50, M|100/100
|-weather|RainDance|[from] ability: Drizzle|[of] p2b: Pelipper
|turn|1
|
|t:|1757024360
|switch|p1a: Hydreigon|Hydreigon, L50, F|100/100
|move|p1b: Gholdengo|Protect|p1b: Gholdengo
|-singleturn|p1b: Gholdengo|Protect
|move|p2b: Pelipper|Wide Guard|p2b: Pelipper
|-singleturn|p2b: Pelipper|Wide Guard
|move|p2a: Archaludon|Electro Shot||[still]
|-prepare|p2a: Archaludon|Electro Shot
|-boost|p2a: Archaludon|spa|1
|-anim|p2a: Archaludon|Electro Shot|p1b: Gholdengo
|-activate|p1b: Gholdengo|move: Protect
|
|-weather|RainDance|[upkeep]
|upkeep
|turn|2
|
|t:|1757024391
|move|p1a: Hydreigon|Draco Meteor|p2a: Archaludon
|-damage|p2a: Archaludon|15/100
|-unboost|p1a: Hydreigon|spa|2
|-ability|p2a: Archaludon|Stamina|boost
|-boost|p2a: Archaludon|def|1
|move|p1b: Gholdengo|Shadow Ball|p2a: Archaludon
|-damage|p2a: Archaludon|0 fnt
|faint|p2a: Archaludon
|-damage|p1b: Gholdengo|91/100|[from] item: Life Orb
|move|p2b: Pelipper|Hurricane|p1b: Gholdengo
|-resisted|p1b: Gholdengo
|-damage|p1b: Gholdengo|60/100
|-start|p1b: Gholdengo|confusion
|-damage|p2b: Pelipper|91/100|[from] item: Life Orb
|
|-weather|RainDance|[upkeep]
|upkeep
|
|t:|1757024409
|switch|p2a: Porygon2|Porygon2, L50|100/100
|-ability|p2a: Porygon2|Download|boost
|-boost|p2a: Porygon2|spa|1
|turn|3
|
|t:|1757024429
|switch|p1a: Annihilape|Annihilape, L50, F|100/100
|switch|p1b: Incineroar|Incineroar, L50, F|100/100
|-ability|p1b: Incineroar|Intimidate|boost
|-unboost|p2a: Porygon2|atk|1
|-unboost|p2b: Pelipper|atk|1
|move|p2b: Pelipper|Wide Guard|p2b: Pelipper
|-singleturn|p2b: Pelipper|Wide Guard
|move|p2a: Porygon2|Trick Room|p2a: Porygon2
|-fieldstart|move: Trick Room|[of] p2a: Porygon2
|
|-weather|RainDance|[upkeep]
|upkeep
|turn|4
|
|t:|1757024456
|-terastallize|p2a: Porygon2|Fairy
|move|p1a: Annihilape|Protect|p1a: Annihilape
|-singleturn|p1a: Annihilape|Protect
|move|p1b: Incineroar|Fake Out|p2b: Pelipper
|-damage|p2b: Pelipper|75/100
|move|p2a: Porygon2|Tera Blast|p1a: Annihilape|[anim] Tera Blast Fairy
|-activate|p1a: Annihilape|move: Protect
|cant|p2b: Pelipper|flinch
|
|-weather|RainDance|[upkeep]
|upkeep
|turn|5
|
|t:|1757024478
|switch|p2b: Ursaluna|Ursaluna, L50, M, shiny|100/100
|switch|p1a: Gholdengo|Gholdengo, L50|60/100
|-terastallize|p1b: Incineroar|Ghost
|move|p2a: Porygon2|Tera Blast|p1a: Gholdengo|[anim] Tera Blast Fairy
|-resisted|p1a: Gholdengo
|-crit|p1a: Gholdengo
|-damage|p1a: Gholdengo|19/100
|move|p1b: Incineroar|Knock Off|p2a: Porygon2
|-resisted|p2a: Porygon2
|-damage|p2a: Porygon2|87/100
|-enditem|p2a: Porygon2|Eviolite|[from] move: Knock Off|[of] p1b: Incineroar
|
|-weather|none
|-status|p2b: Ursaluna|brn|[from] item: Flame Orb
|upkeep
|turn|6
|
|t:|1757024527
|switch|p2a: Pelipper|Pelipper, L50, M|75/100
|-weather|RainDance|[from] ability: Drizzle|[of] p2a: Pelipper
|switch|p1b: Hydreigon|Hydreigon, L50, F|100/100
|move|p1a: Gholdengo|Protect|p1a: Gholdengo
|-singleturn|p1a: Gholdengo|Protect
|move|p2b: Ursaluna|Substitute|p2b: Ursaluna
|-start|p2b: Ursaluna|Substitute
|-damage|p2b: Ursaluna|76/100 brn
|
|-weather|RainDance|[upkeep]
|-damage|p2b: Ursaluna|69/100 brn|[from] brn
|upkeep
|turn|7
|
|t:|1757024546
|switch|p1a: Incineroar|Incineroar, L50, F, tera:Ghost|100/100
|-ability|p1a: Incineroar|Intimidate|boost
|-unboost|p2a: Pelipper|atk|1
|-immune|p2b: Ursaluna
|move|p2b: Ursaluna|Facade|p1b: Hydreigon
|-damage|p1b: Hydreigon|0 fnt
|faint|p1b: Hydreigon
|move|p2a: Pelipper|Weather Ball|p1a: Incineroar
|-damage|p1a: Incineroar|23/100
|-damage|p2a: Pelipper|65/100|[from] item: Life Orb
|
|-weather|RainDance|[upkeep]
|-damage|p2b: Ursaluna|63/100 brn|[from] brn
|-fieldend|move: Trick Room
|upkeep
|
|t:|1757024569
|switch|p1b: Gholdengo|Gholdengo, L50|19/100
|turn|8
|
|t:|1757024576
|move|p2a: Pelipper|Protect|p2a: Pelipper
|-singleturn|p2a: Pelipper|Protect
|move|p1a: Incineroar|Fake Out|p2a: Pelipper
|-activate|p2a: Pelipper|move: Protect
|move|p1b: Gholdengo|Make It Rain|p2a: Pelipper|[spread] p2b
|-activate|p2a: Pelipper|move: Protect
|-end|p2b: Ursaluna|Substitute
|-unboost|p1b: Gholdengo|spa|1
|-damage|p1b: Gholdengo|10/100|[from] item: Life Orb
|move|p2b: Ursaluna|Headlong Rush|p1b: Gholdengo
|-supereffective|p1b: Gholdengo
|-damage|p1b: Gholdengo|0 fnt
|-unboost|p2b: Ursaluna|def|1
|-unboost|p2b: Ursaluna|spd|1
|faint|p1b: Gholdengo
|
|-weather|RainDance|[upkeep]
|-damage|p2b: Ursaluna|57/100 brn|[from] brn
|upkeep
|
|t:|1757024586
|switch|p1b: Annihilape|Annihilape, L50, F|100/100
|turn|9
|
|t:|1757024602
|switch|p2b: Porygon2|Porygon2, L50, tera:Fairy|87/100
|-ability|p2b: Porygon2|Download|boost
|-boost|p2b: Porygon2|atk|1
|move|p1b: Annihilape|Drain Punch|p2b: Porygon2
|-resisted|p2b: Porygon2
|-damage|p2b: Porygon2|72/100
|move|p2a: Pelipper|Hurricane|p1b: Annihilape
|-supereffective|p1b: Annihilape
|-damage|p1b: Annihilape|0 fnt
|faint|p1b: Annihilape
|-damage|p2a: Pelipper|55/100|[from] item: Life Orb
|move|p1a: Incineroar|Knock Off|p2a: Pelipper
|-damage|p2a: Pelipper|0 fnt
|-enditem|p2a: Pelipper|Life Orb|[from] move: Knock Off|[of] p1a: Incineroar
|faint|p2a: Pelipper
|
|-weather|RainDance|[upkeep]
|upkeep
|-message|chefbenboyrd forfeited.
|
|win|filibbb
|raw|chefbenboyrd's rating: 1111 → 1082(-29 for losing)
|raw|filibbb's rating: 1051 → 1089(+38 for winning)
