|j|☆teyvgc
|j|☆Bizkaia Askatuta
|html|teyvgcBizkaia Askatuta    
|uhtml|bestof|Game 2 of a best-of-3
|t:|1782361584
|gametype|doubles
|player|p1|teyvgc|rood|1129
|player|p2|Bizkaia Askatuta|clair|1144
|gen|9
|tier|[Gen 9 Champions] VGC 2026 Reg M-B (Bo3)
|rated|
|rule|Species Clause: Limit one of each Pokémon
|rule|Item Clause: Limit 1 of each item
|clearpoke
|poke|p1|Pyroar, L50, M|
|poke|p1|Ninetales, L50, M|
|poke|p1|Whimsicott, L50, M|
|poke|p1|Floette-Eternal, L50, F|
|poke|p1|Basculegion, L50, M|
|poke|p1|Farigiraf, L50, F|
|poke|p2|Ninetales-Alola, L50, F|
|poke|p2|Froslass, L50, F|
|poke|p2|Primarina, L50, M|
|poke|p2|Garchomp, L50, M|
|poke|p2|Kingambit, L50, F|
|poke|p2|Incineroar, L50, F|
|teampreview|4
|showteam|p1|Pyroar||Pyroarite|Unnerve|HeatWave,Overheat,SolarBeam,Protect|Timid||M|||50|]Ninetales||ChoiceScarf|Drought|HeatWave,Overheat,SolarBeam,FakeTears|Modest||M|||50|]Whimsicott||FocusSash|Prankster|Moonblast,Tailwind,SunnyDay,Protect|Timid||M|||50|]Floette-Eternal||Floettite|FlowerVeil|Moonblast,LightofRuin,DazzlingGleam,Protect|Modest||F|||50|]Basculegion||LifeOrb|Adaptability|WaveCrash,LastRespects,AquaJet,Protect|Adamant||M|||50|]Farigiraf||SitrusBerry|ArmorTail|Psychic,Thunderbolt,TrickRoom,HelpingHand|Bold||F|||50|
|showteam|p2|Ninetales-Alola||FocusSash|SnowWarning|Blizzard,Protect,IcyWind,AuroraVeil|Timid||F|||50|]Froslass||Froslassite|SnowCloak|Blizzard,ShadowBall,NastyPlot,Protect|Timid||F|||50|]Primarina||Leftovers|LiquidVoice|CalmMind,HyperVoice,Moonblast,Protect|Modest||M|||50|]Garchomp||LifeOrb|RoughSkin|StompingTantrum,DragonClaw,RockSlide,Protect|Jolly||M|||50|]Kingambit||ChopleBerry|Defiant|SuckerPunch,KowtowCleave,IronHead,Protect|Adamant||F|||50|]Incineroar||SitrusBerry|Intimidate|FakeOut,FlareBlitz,PartingShot,HelpingHand|Adamant||F|||50|
|inactive|Battle timer is ON: inactive players will automatically lose when time's up. (requested by Bizkaia Askatuta)
|
|t:|1782361609
|teamsize|p1|4
|teamsize|p2|4
|start
|switch|p1a: Whimsicott|Whimsicott, L50, M|100/100
|switch|p1b: Pyroar|Pyroar, L50, M|100/100
|switch|p2a: Incineroar|Incineroar, L50, F|100/100
|switch|p2b: Primarina|Primarina, L50, M|100/100
|-ability|p1b: Pyroar|Unnerve
|-ability|p2a: Incineroar|Intimidate|boost
|-unboost|p1a: Whimsicott|atk|1
|-unboost|p1b: Pyroar|atk|1
|turn|1
|
|t:|1782361618
|move|p1a: Whimsicott|Protect|p1a: Whimsicott
|-singleturn|p1a: Whimsicott|Protect
|move|p1b: Pyroar|Protect|p1b: Pyroar
|-singleturn|p1b: Pyroar|Protect
|move|p2a: Incineroar|Fake Out|p1a: Whimsicott
|-activate|p1a: Whimsicott|move: Protect
|move|p2b: Primarina|Calm Mind|p2b: Primarina
|-boost|p2b: Primarina|spa|1
|-boost|p2b: Primarina|spd|1
|
|upkeep
|turn|2
|inactive|Bizkaia Askatuta has 30 seconds left.
|
|t:|1782361647
|detailschange|p1b: Pyroar|Pyroar-Mega, L50, M
|-mega|p1b: Pyroar|Pyroar|Pyroarite
|move|p2b: Primarina|Protect|p2b: Primarina
|-singleturn|p2b: Primarina|Protect
|move|p1a: Whimsicott|Sunny Day|p1a: Whimsicott
|-weather|SunnyDay
|move|p1b: Pyroar|Heat Wave|p2a: Incineroar|[spread] p2a
|-activate|p2b: Primarina|move: Protect
|-resisted|p2a: Incineroar|1
|-damage|p2a: Incineroar|59/100
|move|p2a: Incineroar|Parting Shot|p1b: Pyroar
|-unboost|p1b: Pyroar|atk|1
|-unboost|p1b: Pyroar|spa|1
|
|t:|1782361649
|switch|p2a: Ninetales|Ninetales-Alola, L50, F|100/100|[from] Parting Shot
|-weather|Snowscape|[from] ability: Snow Warning|[of] p2a: Ninetales
|
|-weather|Snowscape|[upkeep]
|upkeep
|turn|3
|
|t:|1782361663
|switch|p2a: Incineroar|Incineroar, L50, F|59/100
|-ability|p2a: Incineroar|Intimidate|boost
|-unboost|p1a: Whimsicott|atk|1
|-unboost|p1b: Pyroar|atk|1
|move|p1a: Whimsicott|Sunny Day|p1a: Whimsicott
|-weather|SunnyDay
|move|p1b: Pyroar|Heat Wave|p2a: Incineroar|[spread] p2a
|-miss|p1b: Pyroar|p2b: Primarina
|-resisted|p2a: Incineroar|1
|-damage|p2a: Incineroar|33/100
|-enditem|p2a: Incineroar|Sitrus Berry|[eat]
|-heal|p2a: Incineroar|58/100|[from] item: Sitrus Berry
|move|p2b: Primarina|Hyper Voice|p1a: Whimsicott|[spread] p1a,p1b
|-resisted|p1a: Whimsicott|1
|-supereffective|p1b: Pyroar|1
|-damage|p1a: Whimsicott|76/100
|-damage|p1b: Pyroar|38/100
|
|-weather|SunnyDay|[upkeep]
|upkeep
|turn|4
|
|t:|1782361693
|switch|p1b: Farigiraf|Farigiraf, L50, F|100/100
|move|p1a: Whimsicott|Protect|p1a: Whimsicott
|-singleturn|p1a: Whimsicott|Protect
|move|p2a: Incineroar|Fake Out||[still]
|cant|p1b: Farigiraf|ability: Armor Tail|Fake Out|[of] p2a: Incineroar
|move|p2b: Primarina|Calm Mind|p2b: Primarina
|-boost|p2b: Primarina|spa|1
|-boost|p2b: Primarina|spd|1
|
|-weather|SunnyDay|[upkeep]
|upkeep
|turn|5
|
|t:|1782361710
|move|p2a: Incineroar|Helping Hand|p2b: Primarina
|-singleturn|p2b: Primarina|Helping Hand|[of] p2a: Incineroar
|move|p1a: Whimsicott|Tailwind|p1a: Whimsicott
|-sidestart|p1: teyvgc|move: Tailwind
|move|p1b: Farigiraf|Thunderbolt|p2b: Primarina
|-supereffective|p2b: Primarina|1
|-damage|p2b: Primarina|80/100
|move|p2b: Primarina|Moonblast|p1b: Farigiraf
|-damage|p1b: Farigiraf|0 fnt
|faint|p1b: Farigiraf
|
|-weather|SunnyDay|[upkeep]
|-heal|p2b: Primarina|86/100|[from] item: Leftovers
|upkeep
|
|t:|1782361725
|switch|p1b: Ninetales|Ninetales, L50, M|100/100
|turn|6
|
|t:|1782361734
|switch|p2a: Ninetales|Ninetales-Alola, L50, F|100/100
|-weather|Snowscape|[from] ability: Snow Warning|[of] p2a: Ninetales
|move|p1a: Whimsicott|Sunny Day|p1a: Whimsicott
|-weather|SunnyDay
|move|p1b: Ninetales|Fake Tears|p2b: Primarina
|-unboost|p2b: Primarina|spd|2
|move|p2b: Primarina|Hyper Voice|p1b: Ninetales|[spread] p1a,p1b
|-resisted|p1a: Whimsicott|1
|-supereffective|p1b: Ninetales|1
|-damage|p1a: Whimsicott|44/100
|-damage|p1b: Ninetales|20/100r
|
|-weather|SunnyDay|[upkeep]
|-heal|p2b: Primarina|92/100|[from] item: Leftovers
|upkeep
|turn|7
|
|t:|1782361755
|switch|p2a: Incineroar|Incineroar, L50, F|58/100
|-ability|p2a: Incineroar|Intimidate|boost
|-unboost|p1a: Whimsicott|atk|1
|-unboost|p1b: Ninetales|atk|1
|move|p1b: Ninetales|Fake Tears|p2b: Primarina
|-unboost|p2b: Primarina|spd|2
|move|p1a: Whimsicott|Moonblast|p2b: Primarina
|-crit|p2b: Primarina
|-damage|p2b: Primarina|9/100
|move|p2b: Primarina|Hyper Voice|p1a: Whimsicott|[spread] p1a,p1b
|-resisted|p1a: Whimsicott|1
|-supereffective|p1b: Ninetales|1
|-damage|p1a: Whimsicott|15/100
|-damage|p1b: Ninetales|0 fnt
|faint|p1b: Ninetales
|
|-weather|SunnyDay|[upkeep]
|-heal|p2b: Primarina|14/100|[from] item: Leftovers
|upkeep
|
|t:|1782361766
|switch|p1b: Pyroar|Pyroar-Mega, L50, M|38/100
|turn|8
|
|t:|1782361777
|move|p1a: Whimsicott|Protect|p1a: Whimsicott
|-singleturn|p1a: Whimsicott|Protect
|move|p1b: Pyroar|Protect|p1b: Pyroar
|-singleturn|p1b: Pyroar|Protect
|move|p2a: Incineroar|Flare Blitz|p1a: Whimsicott
|-activate|p1a: Whimsicott|move: Protect
|move|p2b: Primarina|Moonblast|p1a: Whimsicott
|-activate|p1a: Whimsicott|move: Protect
|
|-weather|SunnyDay|[upkeep]
|-heal|p2b: Primarina|20/100y|[from] item: Leftovers
|-sideend|p1: teyvgc|move: Tailwind
|upkeep
|turn|9
|
|t:|1782361797
|move|p1b: Pyroar|Heat Wave|p2a: Incineroar|[spread] p2a
|-miss|p1b: Pyroar|p2b: Primarina
|-resisted|p2a: Incineroar|1
|-damage|p2a: Incineroar|21/100
|move|p1a: Whimsicott|Moonblast|p2a: Incineroar
|-damage|p2a: Incineroar|0 fnt
|faint|p2a: Incineroar
|move|p2b: Primarina|Hyper Voice|p1b: Pyroar|[spread] p1a,p1b
|-resisted|p1a: Whimsicott|1
|-crit|p1a: Whimsicott
|-supereffective|p1b: Pyroar|1
|-damage|p1a: Whimsicott|0 fnt
|-damage|p1b: Pyroar|0 fnt
|faint|p1a: Whimsicott
|faint|p1b: Pyroar
|
|win|Bizkaia Askatuta
|raw|teyvgc's rating: 1129 → 1105(-24 for losing)
|raw|Bizkaia Askatuta's rating: 1144 → 1168(+24 for winning)
