|j|‽Sodium#1234
|j|☆karambitknife99
|html|Sodium#1234karambitknife99    
|uhtml|bestof|Game 1 of a best-of-3
|t:|1783703824
|gametype|doubles
|player|p1|Sodium#1234|102|1000
|player|p2|karambitknife99|102|1000
|gen|9
|tier|[Gen 9 Champions] VGC 2026 Reg M-B (Bo3)
|rated|
|rule|Species Clause: Limit one of each Pokémon
|rule|Item Clause: Limit 1 of each item
|clearpoke
|poke|p1|Pyroar, L50, F|
|poke|p1|Torkoal, L50, M|
|poke|p1|Vileplume, L50, M|
|poke|p1|Scrafty, L50, M|
|poke|p1|Basculegion, L50, M|
|poke|p1|Malamar, L50, M|
|poke|p2|Basculegion, L50, M, shiny|
|poke|p2|Sinistcha, L50, shiny|
|poke|p2|Staraptor, L50, F, shiny|
|poke|p2|Garchomp, L50, F, shiny|
|poke|p2|Aerodactyl, L50, F, shiny|
|poke|p2|Vivillon, L50, F, shiny|
|teampreview|4
|showteam|p1|Pyroar||Pyroarite|Unnerve|Protect,HeatWave,Overheat,SolarBeam|Timid||F|||50|]Torkoal||Charcoal|Drought|Protect,Eruption,Overheat,HelpingHand|Quiet||M|||50|]Vileplume||FocusSash|Chlorophyll|SleepPowder,LeafStorm,SludgeBomb,AfterYou|Timid||M|||50|]Scrafty||Scraftinite|Intimidate|FakeOut,KnockOff,CloseCombat,IcePunch|Adamant||M|||50|]Basculegion||ChoiceScarf|Adaptability|WaveCrash,FlipTurn,LastRespects,AquaJet|Jolly||M|||50|]Malamar||SitrusBerry|Contrary|Superpower,TopsyTurvy,RockSlide,TrickRoom|Sassy||M|||50|
|showteam|p2|Basculegion||ChoiceScarf|SwiftSwim|LastRespects,WaveCrash,AquaJet,FlipTurn|Adamant||M|||50|]Sinistcha||OccaBerry|Hospitality|MatchaGotcha,RagePowder,TrickRoom,Protect|Bold|||||50|]Staraptor||Staraptite|Intimidate|CloseCombat,BraveBird,Roost,Protect|Adamant||F|||50|]Garchomp||LifeOrb|RoughSkin|Earthquake,RockSlide,DragonClaw,Protect|Jolly||F|||50|]Aerodactyl||FocusSash|Unnerve|RockSlide,DualWingbeat,Tailwind,Protect|Jolly||F|||50|]Vivillon||SitrusBerry|CompoundEyes|SleepPowder,Hurricane,RagePowder,Protect|Timid||F|||50|
|
|t:|1783703854
|teamsize|p1|4
|teamsize|p2|4
|start
|switch|p1a: Scrafty|Scrafty, L50, M|100/100
|switch|p1b: Malamar|Malamar, L50, M|100/100
|switch|p2a: Staraptor|Staraptor, L50, F, shiny|100/100
|switch|p2b: Aerodactyl|Aerodactyl, L50, F, shiny|100/100
|-ability|p2b: Aerodactyl|Unnerve
|-ability|p2a: Staraptor|Intimidate|boost
|-unboost|p1a: Scrafty|atk|1
|-boost|p1b: Malamar|atk|1
|-ability|p1a: Scrafty|Intimidate|boost
|-unboost|p2a: Staraptor|atk|1
|-unboost|p2b: Aerodactyl|atk|1
|turn|1
|
|t:|1783703880
|detailschange|p2a: Staraptor|Staraptor-Mega, L50, F, shiny
|-mega|p2a: Staraptor|Staraptor|Staraptite
|move|p1a: Scrafty|Fake Out|p2a: Staraptor
|-damage|p2a: Staraptor|92/100
|move|p2b: Aerodactyl|Tailwind|p2b: Aerodactyl
|-sidestart|p2: karambitknife99|move: Tailwind
|cant|p2a: Staraptor|flinch
|move|p1b: Malamar|Trick Room|p1b: Malamar
|-fieldstart|move: Trick Room|[of] p1b: Malamar
|
|upkeep
|turn|2
|
|t:|1783703910
|move|p1a: Scrafty|Close Combat|p2b: Aerodactyl
|-damage|p2b: Aerodactyl|38/100
|-unboost|p1a: Scrafty|def|1
|-unboost|p1a: Scrafty|spd|1
|move|p1b: Malamar|Superpower|p2b: Aerodactyl
|-damage|p2b: Aerodactyl|0 fnt
|-boost|p1b: Malamar|atk|1
|-boost|p1b: Malamar|def|1
|faint|p2b: Aerodactyl
|move|p2a: Staraptor|Close Combat|p1a: Scrafty
|-supereffective|p1a: Scrafty|1
|-damage|p1a: Scrafty|0 fnt
|-boost|p2a: Staraptor|def|1
|-boost|p2a: Staraptor|spd|1
|faint|p1a: Scrafty
|
|upkeep
|
|t:|1783703926
|switch|p1a: Torkoal|Torkoal, L50, M|100/100
|switch|p2b: Vivillon|Vivillon, L50, F, shiny|100/100
|-weather|SunnyDay|[from] ability: Drought|[of] p1a: Torkoal
|turn|3
|
|t:|1783703947
|move|p1a: Torkoal|Eruption|p2a: Staraptor|[spread] p2a,p2b
|-supereffective|p2b: Vivillon|1
|-crit|p2b: Vivillon
|-damage|p2a: Staraptor|36/100
|-damage|p2b: Vivillon|0 fnt
|faint|p2b: Vivillon
|move|p1b: Malamar|Superpower|p2a: Staraptor
|-resisted|p2a: Staraptor|1
|-damage|p2a: Staraptor|20/100y
|-boost|p1b: Malamar|atk|1
|-boost|p1b: Malamar|def|1
|move|p2a: Staraptor|Close Combat|p1b: Malamar
|-damage|p1b: Malamar|81/100
|-boost|p2a: Staraptor|def|1
|-boost|p2a: Staraptor|spd|1
|
|-weather|SunnyDay|[upkeep]
|upkeep
|
|t:|1783703963
|switch|p2b: Basculegion|Basculegion, L50, M, shiny|100/100
|turn|4
|
|t:|1783703985
|move|p1a: Torkoal|Eruption|p2b: Basculegion|[spread] p2a,p2b
|-resisted|p2b: Basculegion|1
|-crit|p2b: Basculegion
|-damage|p2a: Staraptor|0 fnt
|-damage|p2b: Basculegion|27/100
|faint|p2a: Staraptor
|move|p1b: Malamar|Superpower|p2b: Basculegion
|-immune|p2b: Basculegion
|move|p2b: Basculegion|Last Respects|p1a: Torkoal
|-damage|p1a: Torkoal|27/100
|
|-weather|SunnyDay|[upkeep]
|-sideend|p2: karambitknife99|move: Tailwind
|upkeep
|turn|5
|l|☆karambitknife99
|player|p2|
|inactive|Battle timer is ON: inactive players will automatically lose when time's up. (requested by Sodium#1234)
|inactive|karambitknife99 has 30 seconds to reconnect!
|inactive|karambitknife99 has 20 seconds to reconnect!
|inactive|karambitknife99 has 15 seconds to reconnect!
|inactive|karambitknife99 has 10 seconds to reconnect!
|inactive|karambitknife99 has 5 seconds to reconnect!
|-message|karambitknife99 lost due to inactivity.
|
|win|Sodium#1234
|raw|Sodium#1234's rating: 1000 → 1040(+40 for winning)
|raw|karambitknife99's rating: 1000 → 1000(+0 for losing)
