|j|☆supahsanti
|j|☆Dysi2404
|html|supahsantiDysi2404    
|uhtml|bestof|Game 2 of a best-of-3
|t:|1783869273
|gametype|doubles
|player|p1|supahsanti|clerk-boss|
|player|p2|Dysi2404|#apismogoni|
|gen|9
|tier|[Gen 9 Champions] VGC 2026 Reg M-B (Bo3)
|rule|Species Clause: Limit one of each Pokémon
|rule|Item Clause: Limit 1 of each item
|clearpoke
|poke|p1|Charizard, L50, M|
|poke|p1|Garchomp, L50, M|
|poke|p1|Mamoswine, L50, M|
|poke|p1|Venusaur, L50, F|
|poke|p1|Incineroar, L50, F|
|poke|p1|Toxapex, L50, F|
|poke|p2|Charizard, L50, M|
|poke|p2|Venusaur, L50, F|
|poke|p2|Grimmsnarl, L50, M|
|poke|p2|Archaludon, L50, M|
|poke|p2|Pelipper, L50, F|
|poke|p2|Basculegion, L50, M|
|teampreview|4
|showteam|p1|Charizard||CharizarditeY|Blaze|Protect,WeatherBall,HelpingHand,HeatWave|Modest||M|||50|]Garchomp||ChoiceScarf|RoughSkin|RockSlide,Earthquake,StompingTantrum,DragonClaw|Adamant||M|||50|]Mamoswine||FocusSash|Oblivious|Protect,HighHorsepower,RockTomb,IceShard|Jolly||M|||50|]Venusaur||LifeOrb|Chlorophyll|Protect,LeafStorm,SludgeBomb,EarthPower|Modest||F|||50|]Incineroar||SitrusBerry|Intimidate|FlareBlitz,FakeOut,ThroatChop,PartingShot|Impish||F|||50|]Toxapex||Leftovers|Regenerator|BanefulBunker,Toxic,Infestation,WideGuard|Bold||F|||50|
|showteam|p2|Charizard||CharizarditeY|Blaze|HeatWave,WeatherBall,Hurricane,Protect|Modest||M|||50|]Venusaur||Venusaurite|Chlorophyll|GigaDrain,SludgeBomb,EarthPower,SleepPowder|Modest||F|||50|]Grimmsnarl||LightClay|Prankster|SpiritBreak,PartingShot,Reflect,LightScreen|Careful||M|||50|]Archaludon||Leftovers|Stamina|ElectroShot,DragonPulse,FlashCannon,Protect|Modest||M|||50|]Pelipper||SitrusBerry|Drizzle|WeatherBall,Hurricane,Tailwind,WideGuard|Modest||F|||50|]Basculegion||ChoiceScarf|Adaptability|WaveCrash,FlipTurn,AquaJet,LastRespects|Jolly||M|||50|
|j| Naniroma
|j| val16
|j| skittycel
|j| abhayfive
|j| cablevgc
|j| Daneci
|j| Galahad Excalibur
|l| cablevgc
|j| YOASOBI stan
|j| thacrow
|j|+radio free c-side
|j| cablevgc
|j| zombie
|j| Mogo
|j| big flex chef
|l| abhayfive
|l| Daneci
|j| Daneci
|
|t:|1783869352
|teamsize|p1|4
|teamsize|p2|4
|start
|switch|p1a: Charizard|Charizard, L50, M|100/100
|switch|p1b: Incineroar|Incineroar, L50, F|100/100
|switch|p2a: Grimmsnarl|Grimmsnarl, L50, M|100/100
|switch|p2b: Charizard|Charizard, L50, M|100/100
|-ability|p1b: Incineroar|Intimidate|boost
|-unboost|p2a: Grimmsnarl|atk|1
|-unboost|p2b: Charizard|atk|1
|turn|1
|
|t:|1783869395
|detailschange|p1a: Charizard|Charizard-Mega-Y, L50, M
|-mega|p1a: Charizard|Charizard|Charizardite Y
|-weather|SunnyDay|[from] ability: Drought|[of] p1a: Charizard
|detailschange|p2b: Charizard|Charizard-Mega-Y, L50, M
|-mega|p2b: Charizard|Charizard|Charizardite Y
|move|p1b: Incineroar|Fake Out|p2a: Grimmsnarl
|-damage|p2a: Grimmsnarl|89/100
|cant|p2a: Grimmsnarl|flinch
|move|p1a: Charizard|Weather Ball|p2b: Charizard
|-resisted|p2b: Charizard|1
|-damage|p2b: Charizard|60/100
|move|p2b: Charizard|Weather Ball|p1b: Incineroar
|-resisted|p1b: Incineroar|1
|-crit|p1b: Incineroar
|-damage|p1b: Incineroar|30/100
|-enditem|p1b: Incineroar|Sitrus Berry|[eat]
|-heal|p1b: Incineroar|54/100|[from] item: Sitrus Berry
|
|-weather|SunnyDay|[upkeep]
|upkeep
|turn|2
|l| Galahad Excalibur
|
|t:|1783869445
|switch|p2b: Pelipper|Pelipper, L50, F|100/100
|-weather|RainDance|[from] ability: Drizzle|[of] p2b: Pelipper
|move|p2a: Grimmsnarl|Light Screen|p2a: Grimmsnarl
|-sidestart|p2: Dysi2404|move: Light Screen
|move|p1a: Charizard|Weather Ball|p2b: Pelipper
|-resisted|p2b: Pelipper|1
|-damage|p2b: Pelipper|77/100
|move|p1b: Incineroar|Parting Shot|p2a: Grimmsnarl
|-unboost|p2a: Grimmsnarl|atk|1
|-unboost|p2a: Grimmsnarl|spa|1
|j| sap sipper farig
|
|t:|1783869472
|switch|p1b: Venusaur|Venusaur, L50, F|100/100|[from] Parting Shot
|
|-weather|RainDance|[upkeep]
|upkeep
|turn|3
|j| abhayfive
|
|t:|1783869527
|switch|p1a: Garchomp|Garchomp, L50, M|100/100
|switch|p2b: Archaludon|Archaludon, L50, M|100/100
|move|p1b: Venusaur|Protect|p1b: Venusaur
|-singleturn|p1b: Venusaur|Protect
|move|p2a: Grimmsnarl|Parting Shot|p1b: Venusaur
|-activate|p1b: Venusaur|move: Protect
|
|-weather|RainDance|[upkeep]
|upkeep
|turn|4
|
|t:|1783869575
|move|p2b: Archaludon|Protect|p2b: Archaludon
|-singleturn|p2b: Archaludon|Protect
|move|p2a: Grimmsnarl|Reflect|p2a: Grimmsnarl
|-sidestart|p2: Dysi2404|Reflect
|move|p1a: Garchomp|Stomping Tantrum|p2a: Grimmsnarl
|-damage|p2a: Grimmsnarl|58/100
|move|p1b: Venusaur|Sludge Bomb|p2a: Grimmsnarl
|-supereffective|p2a: Grimmsnarl|1
|-damage|p2a: Grimmsnarl|0 fnt
|faint|p2a: Grimmsnarl
|-damage|p1b: Venusaur|90/100|[from] item: Life Orb
|
|-weather|RainDance|[upkeep]
|upkeep
|
|t:|1783869589
|switch|p2a: Charizard|Charizard-Mega-Y, L50, M|60/100
|-weather|SunnyDay|[from] ability: Drought|[of] p2a: Charizard
|turn|5
|l| abhayfive
|
|t:|1783869614
|switch|p1a: Incineroar|Incineroar, L50, F|54/100
|-ability|p1a: Incineroar|Intimidate|boost
|-unboost|p2a: Charizard|atk|1
|-unboost|p2b: Archaludon|atk|1
|move|p1b: Venusaur|Protect|p1b: Venusaur
|-singleturn|p1b: Venusaur|Protect
|move|p2a: Charizard|Heat Wave|p1b: Venusaur|[spread] p1a
|-activate|p1b: Venusaur|move: Protect
|-resisted|p1a: Incineroar|1
|-damage|p1a: Incineroar|20/100y
|move|p2b: Archaludon|Dragon Pulse|p1a: Incineroar
|-damage|p1a: Incineroar|0 fnt
|faint|p1a: Incineroar
|
|-weather|SunnyDay|[upkeep]
|upkeep
|l|+radio free c-side
|
|t:|1783869630
|switch|p1a: Garchomp|Garchomp, L50, M|100/100
|turn|6
|j|+radio free c-side
|j| WhimVGC
|j| A Regu1ar Guy
|j| Himothy23
|
|t:|1783869674
|switch|p1b: Charizard|Charizard-Mega-Y, L50, M|100/100
|switch|p2b: Pelipper|Pelipper, L50, F|77/100
|-weather|RainDance|[from] ability: Drizzle|[of] p2b: Pelipper
|move|p2a: Charizard|Protect|p2a: Charizard
|-singleturn|p2a: Charizard|Protect
|move|p1a: Garchomp|Rock Slide|p2b: Pelipper|[spread] p2b
|-activate|p2a: Charizard|move: Protect
|-supereffective|p2b: Pelipper|1
|-damage|p2b: Pelipper|44/100
|-enditem|p2b: Pelipper|Sitrus Berry|[eat]
|-heal|p2b: Pelipper|69/100|[from] item: Sitrus Berry
|
|-weather|RainDance|[upkeep]
|upkeep
|turn|7
|l| Himothy23
|j| CICCIOTT fan
|
|t:|1783869716
|switch|p1b: Venusaur|Venusaur, L50, F|90/100
|switch|p2a: Archaludon|Archaludon, L50, M|100/100
|move|p1a: Garchomp|Rock Slide|p2a: Archaludon|[spread] p2a,p2b
|-resisted|p2a: Archaludon|1
|-supereffective|p2b: Pelipper|1
|-damage|p2a: Archaludon|94/100
|-damage|p2b: Pelipper|37/100
|-ability|p2a: Archaludon|Stamina|boost
|-boost|p2a: Archaludon|def|1
|move|p2b: Pelipper|Tailwind|p2b: Pelipper
|-sidestart|p2: Dysi2404|move: Tailwind
|
|-weather|RainDance|[upkeep]
|-heal|p2a: Archaludon|100/100|[from] item: Leftovers
|upkeep
|turn|8
|j| abhayfive
|j| Code
|l| CICCIOTT fan
|
|t:|1783869790
|switch|p1a: Charizard|Charizard-Mega-Y, L50, M|100/100
|-weather|SunnyDay|[from] ability: Drought|[of] p1a: Charizard
|switch|p2b: Charizard|Charizard-Mega-Y, L50, M|60/100
|move|p1b: Venusaur|Sludge Bomb|p2b: Charizard
|-damage|p2b: Charizard|28/100
|-damage|p1b: Venusaur|80/100|[from] item: Life Orb
|move|p2a: Archaludon|Dragon Pulse|p1a: Charizard
|-damage|p1a: Charizard|62/100
|
|-weather|SunnyDay|[upkeep]
|upkeep
|turn|9
|
|t:|1783869871
|switch|p2a: Pelipper|Pelipper, L50, F|37/100
|-weather|RainDance|[from] ability: Drizzle|[of] p2a: Pelipper
|move|p1a: Charizard|Protect|p1a: Charizard
|-singleturn|p1a: Charizard|Protect
|move|p1b: Venusaur|Protect|p1b: Venusaur
|-singleturn|p1b: Venusaur|Protect
|move|p2b: Charizard|Hurricane|p1b: Venusaur
|-activate|p1b: Venusaur|move: Protect
|
|-weather|RainDance|[upkeep]
|-sideend|p2: Dysi2404|move: Light Screen
|upkeep
|turn|10
|
|t:|1783869927
|switch|p1a: Garchomp|Garchomp, L50, M|100/100
|move|p1b: Venusaur|Protect||[still]
|-fail|p1b: Venusaur
|move|p2b: Charizard|Hurricane|p1b: Venusaur
|-supereffective|p1b: Venusaur|1
|-damage|p1b: Venusaur|0 fnt
|faint|p1b: Venusaur
|move|p2a: Pelipper|Weather Ball|p1a: Garchomp
|-damage|p1a: Garchomp|33/100
|
|-weather|RainDance|[upkeep]
|-sideend|p2: Dysi2404|move: Tailwind
|upkeep
|j| k0nqueror
|
|t:|1783869934
|switch|p1b: Charizard|Charizard-Mega-Y, L50, M|62/100
|-weather|SunnyDay|[from] ability: Drought|[of] p1b: Charizard
|turn|11
|j| marcofiero
|l| cablevgc
|j| mm2 m-b
|
|t:|1783870003
|switch|p2a: Archaludon|Archaludon, L50, M|100/100
|move|p1a: Garchomp|Dragon Claw|p2b: Charizard
|-damage|p2b: Charizard|0 fnt
|faint|p2b: Charizard
|move|p1b: Charizard|Weather Ball|p2a: Archaludon
|-damage|p2a: Archaludon|13/100
|-ability|p2a: Archaludon|Stamina|boost
|-boost|p2a: Archaludon|def|1
|
|-weather|SunnyDay|[upkeep]
|-heal|p2a: Archaludon|19/100|[from] item: Leftovers
|-sideend|p2: Dysi2404|Reflect
|upkeep
|
|t:|1783870012
|switch|p2b: Pelipper|Pelipper, L50, F|37/100
|-weather|RainDance|[from] ability: Drizzle|[of] p2b: Pelipper
|turn|12
|l| abhayfive
|l| skittycel
|
|t:|1783870044
|move|p1a: Garchomp|Dragon Claw|p2b: Pelipper
|-damage|p2b: Pelipper|0 fnt
|faint|p2b: Pelipper
|move|p1b: Charizard|Weather Ball|p2a: Archaludon
|-resisted|p2a: Archaludon|1
|-damage|p2a: Archaludon|0 fnt
|faint|p2a: Archaludon
|
|win|supahsanti
|l| val16
|c|☆supahsanti|ggs
|l| Daneci
|c|☆Dysi2404|ggs
|l| YOASOBI stan
|l| Naniroma
|l| thacrow
|j| sohaib
|j| cablevgc
|l|+radio free c-side
|l| Mogo
|l| cablevgc
|l| k0nqueror
|l| sohaib
|l| zombie
|l| mm2 m-b
|l| sap sipper farig
|l|☆supahsanti
|player|p1|
|l| A Regu1ar Guy
|j|☆supahsanti
|player|p1|supahsanti|clerk-boss|
