|j|☆alex candal
|j|☆lettitripppp
|html|alex candallettitripppp    
|uhtml|bestof|Game 3 of a best-of-3
|t:|1783888859
|gametype|doubles
|player|p1|alex candal|265|1276
|player|p2|lettitripppp|lucas|1257
|gen|9
|tier|[Gen 9 Champions] VGC 2026 Reg M-B (Bo3)
|rated|
|rule|Species Clause: Limit one of each Pokémon
|rule|Item Clause: Limit 1 of each item
|clearpoke
|poke|p1|Mawile, L50, F|
|poke|p1|Sinistcha, L50|
|poke|p1|Incineroar, L50, M|
|poke|p1|Maushold, L50|
|poke|p1|Basculegion, L50, M|
|poke|p1|Barbaracle, L50, F|
|poke|p2|Charizard, L50, M|
|poke|p2|Floette-Eternal, L50, F|
|poke|p2|Basculegion, L50, M|
|poke|p2|Whimsicott, L50, M, shiny|
|poke|p2|Garchomp, L50, F, shiny|
|poke|p2|Kingambit, L50, F, shiny|
|teampreview|4
|showteam|p1|Mawile||Mawilite|HyperCutter|PlayRough,SuckerPunch,SwordsDance,Protect|Brave||F|||50|]Sinistcha||SitrusBerry|Hospitality|MatchaGotcha,RagePowder,Protect,TrickRoom|Calm|||||50|]Incineroar||PasshoBerry|Intimidate|FakeOut,PartingShot,DarkestLariat,FlareBlitz|Impish||M|||50|]Maushold||ChopleBerry|FriendGuard|HelpingHand,FollowMe,Protect,SuperFang|Careful|||||50|]Basculegion||ChoiceScarf|Adaptability|WaveCrash,LastRespects,AquaJet,FlipTurn|Jolly||M|||50|]Barbaracle||Barbaracite|ToughClaws|CloseCombat,RockSlide,ShellSmash,Protect|Adamant||F|||50|
|showteam|p2|Charizard||CharizarditeY|Blaze|WeatherBall,SolarBeam,HeatWave,Protect|Modest||M|||50|]Floette-Eternal||Floettite|FlowerVeil|DazzlingGleam,LightofRuin,Moonblast,Protect|Modest||F|||50|]Basculegion||MysticWater|Adaptability|LastRespects,WaveCrash,AquaJet,Protect|Adamant||M|||50|]Whimsicott||FocusSash|Prankster|Moonblast,Tailwind,Encore,Protect|Timid||M|||50|]Garchomp||LifeOrb|RoughSkin|DragonClaw,Earthquake,RockSlide,Protect|Jolly||F|||50|]Kingambit||ChopleBerry|Defiant|KowtowCleave,SuckerPunch,IronHead,LowKick|Adamant||F|||50|
|inactive|Battle timer is ON: inactive players will automatically lose when time's up. (requested by lettitripppp)
|
|t:|1783888880
|teamsize|p1|4
|teamsize|p2|4
|start
|switch|p1a: Incineroar|Incineroar, L50, M|100/100
|switch|p1b: Barbaracle|Barbaracle, L50, F|100/100
|switch|p2a: GHOSTWAVE|Basculegion, L50, M|100/100
|switch|p2b: LETS GO GO|Whimsicott, L50, M, shiny|100/100
|-ability|p1a: Incineroar|Intimidate|boost
|-unboost|p2a: GHOSTWAVE|atk|1
|-unboost|p2b: LETS GO GO|atk|1
|turn|1
|
|t:|1783888890
|move|p2b: LETS GO GO|Protect|p2b: LETS GO GO
|-singleturn|p2b: LETS GO GO|Protect
|move|p1a: Incineroar|Fake Out|p2b: LETS GO GO
|-activate|p2b: LETS GO GO|move: Protect
|move|p2a: GHOSTWAVE|Wave Crash|p1b: Barbaracle
|-damage|p1b: Barbaracle|39/100
|-damage|p2a: GHOSTWAVE|84/100|[from] Recoil
|move|p1b: Barbaracle|Shell Smash|p1b: Barbaracle
|-unboost|p1b: Barbaracle|def|1
|-unboost|p1b: Barbaracle|spd|1
|-boost|p1b: Barbaracle|atk|2
|-boost|p1b: Barbaracle|spa|2
|-boost|p1b: Barbaracle|spe|2
|
|upkeep
|turn|2
|
|t:|1783888902
|move|p1b: Barbaracle|Protect|p1b: Barbaracle
|-singleturn|p1b: Barbaracle|Protect
|move|p2b: LETS GO GO|Moonblast|p1a: Incineroar
|-damage|p1a: Incineroar|72/100
|move|p2a: GHOSTWAVE|Wave Crash|p1a: Incineroar
|-supereffective|p1a: Incineroar|1
|-enditem|p1a: Incineroar|Passho Berry|[eat]
|-enditem|p1a: Incineroar|Passho Berry|[weaken]
|-damage|p1a: Incineroar|25/100
|-damage|p2a: GHOSTWAVE|68/100|[from] Recoil
|move|p1a: Incineroar|Parting Shot|p2a: GHOSTWAVE
|-unboost|p2a: GHOSTWAVE|atk|1
|-unboost|p2a: GHOSTWAVE|spa|1
|
|t:|1783888906
|switch|p1a: Sinistcha|Sinistcha, L50|100/100|[from] Parting Shot
|-heal|p1b: Barbaracle|63/100|[from] ability: Hospitality|[of] p1a: Sinistcha
|
|upkeep
|turn|3
|
|t:|1783888928
|switch|p1b: Maushold|Maushold, L50|100/100
|switch|p2a: AGNI|Charizard, L50, M|100/100
|move|p2b: LETS GO GO|Encore||[still]
|-fail|p2b: LETS GO GO
|move|p1a: Sinistcha|Matcha Gotcha|p2a: AGNI|[spread] p2a,p2b
|-resisted|p2a: AGNI|2
|-resisted|p2b: LETS GO GO|1
|-damage|p2a: AGNI|92/100
|-damage|p2b: LETS GO GO|80/100
|
|upkeep
|turn|4
|
|t:|1783888939
|switch|p1a: Incineroar|Incineroar, L50, M|25/100
|-ability|p1a: Incineroar|Intimidate|boost
|-unboost|p2a: AGNI|atk|1
|-unboost|p2b: LETS GO GO|atk|1
|detailschange|p2a: AGNI|Charizard-Mega-Y, L50, M
|-mega|p2a: AGNI|Charizard|Charizardite Y
|-weather|SunnyDay|[from] ability: Drought|[of] p2a: AGNI
|move|p1b: Maushold|Protect|p1b: Maushold
|-singleturn|p1b: Maushold|Protect
|move|p2b: LETS GO GO|Tailwind|p2b: LETS GO GO
|-sidestart|p2: lettitripppp|move: Tailwind
|move|p2a: AGNI|Heat Wave|p1b: Maushold|[spread] 
|-activate|p1b: Maushold|move: Protect
|-miss|p2a: AGNI|p1a: Incineroar
|
|-weather|SunnyDay|[upkeep]
|upkeep
|turn|5
|
|t:|1783888958
|switch|p1b: Barbaracle|Barbaracle, L50, F|63/100
|move|p2b: LETS GO GO|Protect|p2b: LETS GO GO
|-singleturn|p2b: LETS GO GO|Protect
|move|p2a: AGNI|Protect|p2a: AGNI
|-singleturn|p2a: AGNI|Protect
|move|p1a: Incineroar|Fake Out|p2a: AGNI
|-activate|p2a: AGNI|move: Protect
|
|-weather|SunnyDay|[upkeep]
|upkeep
|turn|6
|
|t:|1783888972
|move|p1b: Barbaracle|Protect|p1b: Barbaracle
|-singleturn|p1b: Barbaracle|Protect
|move|p2b: LETS GO GO|Moonblast|p1a: Incineroar
|-damage|p1a: Incineroar|0 fnt
|faint|p1a: Incineroar
|move|p2a: AGNI|Heat Wave|p1b: Barbaracle
|-activate|p1b: Barbaracle|move: Protect
|
|-weather|SunnyDay|[upkeep]
|upkeep
|
|t:|1783888978
|switch|p1a: Maushold|Maushold, L50|100/100
|turn|7
|
|t:|1783888996
|switch|p2a: CRUSH SHARK|Garchomp, L50, F, shiny|100/100
|move|p2b: LETS GO GO|Protect|p2b: LETS GO GO
|-singleturn|p2b: LETS GO GO|Protect
|move|p1a: Maushold|Follow Me|p1a: Maushold
|-singleturn|p1a: Maushold|move: Follow Me
|move|p1b: Barbaracle|Shell Smash|p1b: Barbaracle
|-unboost|p1b: Barbaracle|def|1
|-unboost|p1b: Barbaracle|spd|1
|-boost|p1b: Barbaracle|atk|2
|-boost|p1b: Barbaracle|spa|2
|-boost|p1b: Barbaracle|spe|2
|
|-weather|SunnyDay|[upkeep]
|-sideend|p2: lettitripppp|move: Tailwind
|upkeep
|turn|8
|inactive|alex candal has 30 seconds left.
|
|t:|1783889028
|move|p1b: Barbaracle|Protect|p1b: Barbaracle
|-singleturn|p1b: Barbaracle|Protect
|move|p2b: LETS GO GO|Tailwind|p2b: LETS GO GO
|-sidestart|p2: lettitripppp|move: Tailwind
|move|p2a: CRUSH SHARK|Earthquake|p1b: Barbaracle|[spread] p2b,p1a
|-activate|p1b: Barbaracle|move: Protect
|-resisted|p2b: LETS GO GO|1
|-damage|p2b: LETS GO GO|51/100
|-damage|p1a: Maushold|39/100
|-damage|p2a: CRUSH SHARK|90/100|[from] item: Life Orb
|move|p1a: Maushold|Super Fang|p2a: CRUSH SHARK|[miss]
|-miss|p1a: Maushold|p2a: CRUSH SHARK
|
|-weather|none
|upkeep
|turn|9
|
|t:|1783889044
|switch|p1a: Sinistcha|Sinistcha, L50|100/100
|-heal|p1b: Barbaracle|88/100|[from] ability: Hospitality|[of] p1a: Sinistcha
|detailschange|p1b: Barbaracle|Barbaracle-Mega, L50, F
|-mega|p1b: Barbaracle|Barbaracle|Barbaracite
|move|p2b: LETS GO GO|Moonblast|p1a: Sinistcha
|-damage|p1a: Sinistcha|74/100
|move|p2a: CRUSH SHARK|Earthquake|p1b: Barbaracle|[spread] p2b,p1a,p1b
|-resisted|p2b: LETS GO GO|1
|-resisted|p1a: Sinistcha|1
|-supereffective|p1b: Barbaracle|1
|-damage|p2b: LETS GO GO|21/100
|-damage|p1a: Sinistcha|54/100
|-damage|p1b: Barbaracle|0 fnt
|faint|p1b: Barbaracle
|-damage|p2a: CRUSH SHARK|80/100|[from] item: Life Orb
|
|upkeep
|-message|alex candal forfeited.
|raw|alex candal's rating: 1276 → 1250(-26 for losing)
|raw|lettitripppp's rating: 1257 → 1283(+26 for winning)
|
|win|lettitripppp
|l|☆alex candal
|player|p1|
