|j|☆grus kujo
|j|☆AntonioCartana
|html|grus kujoAntonioCartana    
|uhtml|bestof|Game 1 of a best-of-3
|t:|1757175936
|gametype|doubles
|player|p1|grus kujo|170|1045
|player|p2|AntonioCartana|bruno|1093
|gen|9
|tier|[Gen 9] VGC 2025 Reg H (Bo3)
|rated|
|rule|Species Clause: Limit one of each Pokémon
|rule|Item Clause: Limit 1 of each item
|clearpoke
|poke|p1|Tyranitar, L50, F|
|poke|p1|Lycanroc, L50, F|
|poke|p1|Orthworm, L50, M|
|poke|p1|Drifblim, L50, M|
|poke|p1|Kommo-o, L50, F|
|poke|p1|Annihilape, L50, F|
|poke|p2|Ursaluna, L50, F|
|poke|p2|Gholdengo, L50|
|poke|p2|Porygon2, L50|
|poke|p2|Amoonguss, L50, F|
|poke|p2|Incineroar, L50, F|
|poke|p2|Dragonite, L50, F|
|teampreview|4
|showteam|p1|Tyranitar||AssaultVest|SandStream|RockSlide,Earthquake,KnockOff,TeraBlast|||F|||50|,,,,,Flying]Lycanroc||FocusSash|SandRush|Accelerock,RockSlide,Endeavor,Protect|||F|||50|,,,,,Steel]Orthworm||SitrusBerry|EarthEater|IronHead,BodyPress,ShedTail,Protect|||M|||50|,,,,,Steel]Drifblim||RockyHelmet|Aftermath|ShadowBall,StrengthSap,TrickRoom,Protect|||M|||50|,,,,,Normal]Kommo-o||ThroatSpray|Overcoat|ClangingScales,AuraSphere,ClangorousSoul,Protect|||F|||50|,,,,,Water]Annihilape||Leftovers|Defiant|RageFist,DrainPunch,BulkUp,Protect|||F|||50|,,,,,Water
|showteam|p2|Ursaluna||FlameOrb|Guts|Facade,Earthquake,HeadlongRush,Protect|||F|||50|,,,,,Ghost]Gholdengo||LifeOrb|GoodasGold|MakeItRain,ShadowBall,NastyPlot,Protect||||||50|,,,,,Water]Porygon2||Eviolite|Download|TeraBlast,IceBeam,Recover,TrickRoom||||||50|,,,,,Fighting]Amoonguss||CovertCloak|Regenerator|PollenPuff,ClearSmog,RagePowder,Spore|||F|||50|,,,,,Water]Incineroar||SitrusBerry|Intimidate|FakeOut,FlareBlitz,KnockOff,PartingShot|||F|||50|,,,,,Ghost]Dragonite||LoadedDice|Multiscale|ScaleShot,Tailwind,IceSpinner,Protect|||F|||50|,,,,,Fairy
|inactive|Battle timer is ON: inactive players will automatically lose when time's up. (requested by AntonioCartana)
|
|t:|1757175961
|teamsize|p1|4
|teamsize|p2|4
|start
|switch|p1a: Tyranitar|Tyranitar, L50, F|100/100
|switch|p1b: Orthworm|Orthworm, L50, M|100/100
|switch|p2a: giuanni|Dragonite, L50, F|100/100
|switch|p2b: Porygon2|Porygon2, L50|100/100
|-ability|p2b: Porygon2|Download|boost
|-boost|p2b: Porygon2|spa|1
|-weather|Sandstorm|[from] ability: Sand Stream|[of] p1a: Tyranitar
|turn|1
|inactive|grus kujo has 30 seconds left.
|inactive|AntonioCartana has 30 seconds left.
|
|t:|1757175996
|-terastallize|p2b: Porygon2|Fighting
|move|p2a: giuanni|Scale Shot|p1b: Orthworm
|-resisted|p1b: Orthworm
|-damage|p1b: Orthworm|97/100
|-resisted|p1b: Orthworm
|-damage|p1b: Orthworm|93/100
|-resisted|p1b: Orthworm
|-damage|p1b: Orthworm|90/100
|-resisted|p1b: Orthworm
|-damage|p1b: Orthworm|85/100
|-resisted|p1b: Orthworm
|-damage|p1b: Orthworm|81/100
|-hitcount|p1b: Orthworm|5
|-unboost|p2a: giuanni|def|1
|-boost|p2a: giuanni|spe|1
|move|p2b: Porygon2|Tera Blast|p1b: Orthworm|[anim] Tera Blast Fighting
|-supereffective|p1b: Orthworm
|-damage|p1b: Orthworm|0 fnt
|faint|p1b: Orthworm
|move|p1a: Tyranitar|Knock Off|p2a: giuanni
|-damage|p2a: giuanni|64/100
|-enditem|p2a: giuanni|Loaded Dice|[from] move: Knock Off|[of] p1a: Tyranitar
|
|-weather|Sandstorm|[upkeep]
|-damage|p2a: giuanni|58/100|[from] Sandstorm
|-damage|p2b: Porygon2|94/100|[from] Sandstorm
|upkeep
|
|t:|1757176018
|switch|p1b: Annihilape|Annihilape, L50, F|100/100
|turn|2
|inactive|grus kujo has 30 seconds left.
|
|t:|1757176051
|-terastallize|p1a: Tyranitar|Flying
|move|p2a: giuanni|Ice Spinner|p1a: Tyranitar
|-supereffective|p1a: Tyranitar
|-damage|p1a: Tyranitar|41/100
|move|p1b: Annihilape|Rage Fist|p2a: giuanni
|-damage|p2a: giuanni|21/100
|move|p2b: Porygon2|Ice Beam|p1a: Tyranitar
|-supereffective|p1a: Tyranitar
|-damage|p1a: Tyranitar|5/100
|move|p1a: Tyranitar|Tera Blast|p2b: Porygon2|[anim] Tera Blast Flying
|-supereffective|p2b: Porygon2
|-damage|p2b: Porygon2|40/100
|
|-weather|Sandstorm|[upkeep]
|-damage|p2a: giuanni|15/100|[from] Sandstorm
|-damage|p1b: Annihilape|95/100|[from] Sandstorm
|-damage|p2b: Porygon2|34/100|[from] Sandstorm
|-damage|p1a: Tyranitar|0 fnt|[from] Sandstorm
|faint|p1a: Tyranitar
|-heal|p1b: Annihilape|100/100|[from] item: Leftovers
|upkeep
|
|t:|1757176069
|switch|p1a: Drifblim|Drifblim, L50, M|100/100
|turn|3
|
|t:|1757176081
|move|p2a: giuanni|Scale Shot|p1b: Annihilape
|-damage|p1b: Annihilape|88/100
|-damage|p1b: Annihilape|75/100
|-damage|p1b: Annihilape|62/100
|-hitcount|p1b: Annihilape|3
|-unboost|p2a: giuanni|def|1
|-boost|p2a: giuanni|spe|1
|move|p1b: Annihilape|Bulk Up|p1b: Annihilape
|-boost|p1b: Annihilape|atk|1
|-boost|p1b: Annihilape|def|1
|move|p2b: Porygon2|Recover|p2b: Porygon2
|-heal|p2b: Porygon2|84/100
|move|p1a: Drifblim|Trick Room|p1a: Drifblim
|-fieldstart|move: Trick Room|[of] p1a: Drifblim
|
|-weather|Sandstorm|[upkeep]
|-damage|p1a: Drifblim|94/100|[from] Sandstorm
|-damage|p2b: Porygon2|78/100|[from] Sandstorm
|-damage|p1b: Annihilape|56/100|[from] Sandstorm
|-damage|p2a: giuanni|9/100|[from] Sandstorm
|-heal|p1b: Annihilape|62/100|[from] item: Leftovers
|upkeep
|turn|4
|inactive|grus kujo has 30 seconds left.
|inactive|AntonioCartana has 30 seconds left.
|
|t:|1757176108
|move|p1a: Drifblim|Shadow Ball|p2a: giuanni
|-damage|p2a: giuanni|0 fnt
|faint|p2a: giuanni
|move|p2b: Porygon2|Ice Beam|p1b: Annihilape
|-damage|p1b: Annihilape|27/100
|move|p1b: Annihilape|Rage Fist|p2b: Porygon2
|-damage|p2b: Porygon2|0 fnt
|faint|p2b: Porygon2
|
|-weather|Sandstorm|[upkeep]
|-damage|p1a: Drifblim|88/100|[from] Sandstorm
|-damage|p1b: Annihilape|21/100|[from] Sandstorm
|-heal|p1b: Annihilape|27/100|[from] item: Leftovers
|upkeep
|
|t:|1757176119
|switch|p2b: Ursaluna|Ursaluna, L50, F|100/100
|switch|p2a: Incineroar|Incineroar, L50, F|100/100
|-ability|p2a: Incineroar|Intimidate|boost
|-unboost|p1a: Drifblim|atk|1
|-unboost|p1b: Annihilape|atk|1
|-ability|p1b: Annihilape|Defiant|boost
|-boost|p1b: Annihilape|atk|2
|turn|5
|inactive|grus kujo has 30 seconds left.
|inactive|grus kujo has 20 seconds left.
|inactive|grus kujo has 15 seconds left.
|inactive|grus kujo has 10 seconds left.
|
|t:|1757176168
|move|p1b: Annihilape|Protect|p1b: Annihilape
|-singleturn|p1b: Annihilape|Protect
|move|p1a: Drifblim|Strength Sap|p2a: Incineroar
|-unboost|p2a: Incineroar|atk|1
|-heal|p1a: Drifblim|100/100
|move|p2b: Ursaluna|Headlong Rush|p1b: Annihilape
|-activate|p1b: Annihilape|move: Protect
|move|p2a: Incineroar|Knock Off|p1a: Drifblim
|-supereffective|p1a: Drifblim
|-damage|p1a: Drifblim|58/100
|-damage|p2a: Incineroar|84/100|[from] item: Rocky Helmet|[of] p1a: Drifblim
|-enditem|p1a: Drifblim|Rocky Helmet|[from] move: Knock Off|[of] p2a: Incineroar
|
|-weather|none
|-heal|p1b: Annihilape|33/100|[from] item: Leftovers
|-status|p2b: Ursaluna|brn|[from] item: Flame Orb
|upkeep
|turn|6
|inactive|grus kujo has 30 seconds left.
|
|t:|1757176195
|move|p1a: Drifblim|Strength Sap|p2a: Incineroar
|-unboost|p2a: Incineroar|atk|1
|-heal|p1a: Drifblim|98/100
|move|p2b: Ursaluna|Headlong Rush|p1b: Annihilape
|-damage|p1b: Annihilape|0 fnt
|-unboost|p2b: Ursaluna|def|1
|-unboost|p2b: Ursaluna|spd|1
|faint|p1b: Annihilape
|move|p2a: Incineroar|Knock Off|p1a: Drifblim
|-supereffective|p1a: Drifblim
|-damage|p1a: Drifblim|72/100
|
|-damage|p2b: Ursaluna|95/100 brn|[from] brn
|upkeep
|turn|7
|inactive|grus kujo has 30 seconds left.
|
|t:|1757176226
|move|p2b: Ursaluna|Protect|p2b: Ursaluna
|-singleturn|p2b: Ursaluna|Protect
|move|p1a: Drifblim|Strength Sap|p2a: Incineroar
|-unboost|p2a: Incineroar|atk|1
|-heal|p1a: Drifblim|100/100
|move|p2a: Incineroar|Knock Off|p1a: Drifblim
|-supereffective|p1a: Drifblim
|-damage|p1a: Drifblim|82/100
|
|-damage|p2b: Ursaluna|89/100 brn|[from] brn
|-fieldend|move: Trick Room
|upkeep
|turn|8
|
|t:|1757176248
|move|p2a: Incineroar|Knock Off|p1a: Drifblim
|-supereffective|p1a: Drifblim
|-damage|p1a: Drifblim|65/100
|move|p2b: Ursaluna|Facade|p1a: Drifblim
|-immune|p1a: Drifblim
|move|p1a: Drifblim|Shadow Ball|p2a: Incineroar
|-resisted|p2a: Incineroar
|-crit|p2a: Incineroar
|-damage|p2a: Incineroar|67/100
|
|-damage|p2b: Ursaluna|83/100 brn|[from] brn
|upkeep
|turn|9
|
|t:|1757176261
|move|p2a: Incineroar|Knock Off|p1a: Drifblim
|-supereffective|p1a: Drifblim
|-crit|p1a: Drifblim
|-damage|p1a: Drifblim|0 fnt
|-damage|p2a: Incineroar|42/100|[from] ability: Aftermath|[of] p1a: Drifblim
|-enditem|p2a: Incineroar|Sitrus Berry|[eat]
|-heal|p2a: Incineroar|67/100|[from] item: Sitrus Berry
|faint|p1a: Drifblim
|
|win|AntonioCartana
