|j|☆suns98
|j|☆itsBritishB0Y
|html|suns98itsBritishB0Y    
|uhtml|bestof|Game 1 of a best-of-3
|t:|1782653226
|gametype|doubles
|player|p1|suns98|swimmer-gen4|1111
|player|p2|itsBritishB0Y|102|1045
|gen|9
|tier|[Gen 9 Champions] VGC 2026 Reg M-B (Bo3)
|rated|
|rule|Species Clause: Limit one of each Pokémon
|rule|Item Clause: Limit 1 of each item
|clearpoke
|poke|p1|Eelektross, L50, M|
|poke|p1|Garchomp, L50, F|
|poke|p1|Talonflame, L50, M, shiny|
|poke|p1|Gholdengo, L50|
|poke|p1|Incineroar, L50, F|
|poke|p1|Sinistcha-Masterpiece, L50|
|poke|p2|Zoroark-Hisui, L50, M|
|poke|p2|Incineroar, L50, F|
|poke|p2|Serperior, L50, M|
|poke|p2|Sableye, L50, M|
|poke|p2|Sinistcha, L50|
|poke|p2|Politoed, L50, M|
|teampreview|4
|showteam|p1|Eelektross||Eelektrossite|Levitate|Discharge,Flamethrower,GrassKnot,Protect|Timid||M|||50|]Garchomp||LifeOrb|RoughSkin|Earthquake,DragonClaw,RockSlide,Protect|Jolly||F|||50|]Talonflame|||GaleWings|Tailwind,Acrobatics,Taunt,Protect|Naive||M|||50|]Gholdengo||MetalCoat|GoodasGold|MakeItRain,ShadowBall,PowerGem,Protect|Modest|||||50|]Incineroar||SitrusBerry|Intimidate|FakeOut,PartingShot,ThroatChop,FlareBlitz|Careful||F|||50|]Sinistcha-Masterpiece||Leftovers|Hospitality|MatchaGotcha,RagePowder,LifeDew,Protect|Bold|||||50|
|showteam|p2|Zoroark-Hisui||LifeOrb|Illusion|ShadowBall,HyperVoice,Protect,NastyPlot|Timid||M|||50|]Incineroar||MuscleBand|Intimidate|DarkestLariat,FlareBlitz,FakeOut,PartingShot|Brave||F|||50|]Serperior||WiseGlasses|Contrary|LeafStorm,DragonPulse,Glare,Protect|Modest||M|||50|]Sableye||SitrusBerry|Prankster|FoulPlay,Quash,WillOWisp,Encore|Careful||M|||50|]Sinistcha||FocusSash|Hospitality|MatchaGotcha,RagePowder,LifeDew,TrickRoom|Quiet|||||50|]Politoed||Leftovers|Drizzle|EarthPower,Surf,RainDance,IcyWind|Modest||M|||50|
|
|t:|1782653309
|teamsize|p1|4
|teamsize|p2|4
|start
|switch|p1a: Incineroar|Incineroar, L50, F|100/100
|switch|p1b: Eelektross|Eelektross, L50, M|100/100
|switch|p2a: Sinistcha|Sinistcha, L50|100/100
|switch|p2b: Incineroar|Incineroar, L50, F|100/100
|-ability|p1a: Incineroar|Intimidate|boost
|-unboost|p2a: Sinistcha|atk|1
|-unboost|p2b: Incineroar|atk|1
|-ability|p2b: Incineroar|Intimidate|boost
|-unboost|p1a: Incineroar|atk|1
|-unboost|p1b: Eelektross|atk|1
|turn|1
|
|t:|1782653334
|switch|p2b: Sableye|Sableye, L50, M|100/100
|detailschange|p1b: Eelektross|Eelektross-Mega, L50, M
|-mega|p1b: Eelektross|Eelektross|Eelektrossite
|move|p1a: Incineroar|Fake Out|p2b: Sableye
|-immune|p2b: Sableye
|move|p1b: Eelektross|Flamethrower|p2a: Sinistcha
|-supereffective|p2a: Sinistcha|1
|-damage|p2a: Sinistcha|32/100
|move|p2a: Sinistcha|Trick Room|p2a: Sinistcha
|-fieldstart|move: Trick Room|[of] p2a: Sinistcha
|
|upkeep
|turn|2
|
|t:|1782653361
|move|p2a: Sinistcha|Rage Powder|p2a: Sinistcha
|-singleturn|p2a: Sinistcha|move: Rage Powder
|move|p2b: Sableye|Encore|p1b: Eelektross
|-start|p1b: Eelektross|Encore
|move|p1a: Incineroar|Parting Shot|p2a: Sinistcha
|-unboost|p2a: Sinistcha|atk|1
|-unboost|p2a: Sinistcha|spa|1
|
|t:|1782653370
|switch|p1a: Garchomp|Garchomp, L50, F|100/100|[from] Parting Shot
|move|p1b: Eelektross|Flamethrower|p2a: Sinistcha
|-supereffective|p2a: Sinistcha|1
|-damage|p2a: Sinistcha|0 fnt
|faint|p2a: Sinistcha
|-ability|p1b: Eelektross|Eelevate|boost
|-boost|p1b: Eelektross|spa|1
|
|upkeep
|
|t:|1782653380
|switch|p2a: Politoed|Politoed, L50, M|100/100
|-weather|RainDance|[from] ability: Drizzle|[of] p2a: Politoed
|turn|3
|
|t:|1782653403
|switch|p1b: Sinistcha|Sinistcha-Masterpiece, L50|100/100
|move|p1a: Garchomp|Protect|p1a: Garchomp
|-singleturn|p1a: Garchomp|Protect
|move|p2b: Sableye|Will-O-Wisp|p1a: Garchomp
|-activate|p1a: Garchomp|move: Protect
|move|p2a: Politoed|Surf|p1a: Garchomp|[spread] p2b,p1b
|-activate|p1a: Garchomp|move: Protect
|-resisted|p1b: Sinistcha|1
|-damage|p2b: Sableye|40/100
|-damage|p1b: Sinistcha|74/100
|-enditem|p2b: Sableye|Sitrus Berry|[eat]
|-heal|p2b: Sableye|64/100|[from] item: Sitrus Berry
|
|-weather|RainDance|[upkeep]
|-heal|p1b: Sinistcha|80/100|[from] item: Leftovers
|upkeep
|turn|4
|inactive|Battle timer is ON: inactive players will automatically lose when time's up. (requested by itsBritishB0Y)
|
|t:|1782653421
|switch|p1a: Incineroar|Incineroar, L50, F|100/100
|-ability|p1a: Incineroar|Intimidate|boost
|-unboost|p2a: Politoed|atk|1
|-unboost|p2b: Sableye|atk|1
|move|p2b: Sableye|Will-O-Wisp|p1a: Incineroar
|-immune|p1a: Incineroar
|move|p1b: Sinistcha|Matcha Gotcha|p2a: Politoed|[spread] p2a,p2b
|-supereffective|p2a: Politoed|1
|-crit|p2b: Sableye
|-damage|p2a: Politoed|59/100
|-heal|p1b: Sinistcha|100/100|[from] drain|[of] p2a: Politoed
|-damage|p2b: Sableye|21/100
|move|p2a: Politoed|Icy Wind|p1b: Sinistcha|[spread] p1a,p1b
|-resisted|p1a: Incineroar|1
|-supereffective|p1b: Sinistcha|1
|-damage|p1a: Incineroar|95/100
|-damage|p1b: Sinistcha|76/100
|-unboost|p1a: Incineroar|spe|1
|-unboost|p1b: Sinistcha|spe|1
|
|-weather|RainDance|[upkeep]
|-heal|p1b: Sinistcha|82/100|[from] item: Leftovers
|-heal|p2a: Politoed|65/100|[from] item: Leftovers
|upkeep
|turn|5
|inactive|suns98 has 30 seconds left.
|inactive|itsBritishB0Y has 30 seconds left.
|inactive|itsBritishB0Y has 20 seconds left.
|inactive|itsBritishB0Y has 15 seconds left.
|
|t:|1782653463
|move|p1a: Incineroar|Fake Out|p2a: Politoed
|-damage|p2a: Politoed|53/100
|move|p2b: Sableye|Quash|p1b: Sinistcha
|-activate|p1b: Sinistcha|move: Quash
|cant|p2a: Politoed|flinch
|move|p1b: Sinistcha|Matcha Gotcha|p2a: Politoed|[spread] p2a,p2b
|-supereffective|p2a: Politoed|1
|-damage|p2a: Politoed|10/100
|-heal|p1b: Sinistcha|100/100|[from] drain|[of] p2a: Politoed
|-damage|p2b: Sableye|0 fnt
|-status|p2a: Politoed|brn
|faint|p2b: Sableye
|
|-weather|RainDance|[upkeep]
|-heal|p2a: Politoed|16/100 brn|[from] item: Leftovers
|-damage|p2a: Politoed|10/100 brn|[from] brn
|-fieldend|move: Trick Room
|upkeep
|
|t:|1782653483
|switch|p2b: Incineroar|Incineroar, L50, F|100/100
|-ability|p2b: Incineroar|Intimidate|boost
|-unboost|p1a: Incineroar|atk|1
|-unboost|p1b: Sinistcha|atk|1
|turn|6
|
|t:|1782653497
|switch|p1a: Garchomp|Garchomp, L50, F|100/100
|move|p2b: Incineroar|Fake Out|p1a: Garchomp
|-damage|p1a: Garchomp|83/100
|-damage|p2b: Incineroar|87/100|[from] ability: Rough Skin|[of] p1a: Garchomp
|move|p1b: Sinistcha|Rage Powder|p1b: Sinistcha
|-singleturn|p1b: Sinistcha|move: Rage Powder
|move|p2a: Politoed|Earth Power|p1b: Sinistcha
|-resisted|p1b: Sinistcha|1
|-damage|p1b: Sinistcha|86/100
|
|-weather|RainDance|[upkeep]
|-heal|p2a: Politoed|16/100 brn|[from] item: Leftovers
|-heal|p1b: Sinistcha|92/100|[from] item: Leftovers
|-damage|p2a: Politoed|10/100 brn|[from] brn
|upkeep
|turn|7
|
|t:|1782653516
|switch|p1a: Incineroar|Incineroar, L50, F|95/100
|-ability|p1a: Incineroar|Intimidate|boost
|-unboost|p2a: Politoed|atk|1
|-unboost|p2b: Incineroar|atk|1
|move|p2a: Politoed|Icy Wind|p1a: Incineroar|[spread] p1a,p1b
|-resisted|p1a: Incineroar|1
|-supereffective|p1b: Sinistcha|1
|-damage|p1a: Incineroar|91/100
|-damage|p1b: Sinistcha|67/100
|-unboost|p1a: Incineroar|spe|1
|-unboost|p1b: Sinistcha|spe|1
|move|p2b: Incineroar|Darkest Lariat|p1b: Sinistcha
|-supereffective|p1b: Sinistcha|1
|-damage|p1b: Sinistcha|19/100
|move|p1b: Sinistcha|Matcha Gotcha|p2a: Politoed|[spread] p2a,p2b
|-supereffective|p2a: Politoed|1
|-resisted|p2b: Incineroar|1
|-damage|p2a: Politoed|0 fnt
|-heal|p1b: Sinistcha|25/100|[from] drain|[of] p2a: Politoed
|-damage|p2b: Incineroar|75/100
|-heal|p1b: Sinistcha|32/100|[from] drain|[of] p2b: Incineroar
|faint|p2a: Politoed
|
|-weather|none
|-heal|p1b: Sinistcha|38/100|[from] item: Leftovers
|upkeep
|turn|8
|inactive|suns98 has 30 seconds left.
|inactive|itsBritishB0Y has 30 seconds left.
|inactive|itsBritishB0Y has 20 seconds left.
|
|t:|1782653554
|move|p1a: Incineroar|Fake Out|p2b: Incineroar
|-damage|p2b: Incineroar|64/100
|cant|p2b: Incineroar|flinch
|move|p1b: Sinistcha|Life Dew|p1b: Sinistcha|[spread] p1a,p1b
|-heal|p1a: Incineroar|100/100
|-heal|p1b: Sinistcha|64/100
|
|-heal|p1b: Sinistcha|70/100|[from] item: Leftovers
|upkeep
|turn|9
|
|t:|1782653566
|move|p2b: Incineroar|Darkest Lariat|p1b: Sinistcha
|-supereffective|p1b: Sinistcha|1
|-damage|p1b: Sinistcha|18/100
|move|p1a: Incineroar|Parting Shot|p2b: Incineroar
|-unboost|p2b: Incineroar|atk|1
|-unboost|p2b: Incineroar|spa|1
|
|t:|1782653573
|switch|p1a: Garchomp|Garchomp, L50, F|83/100|[from] Parting Shot
|move|p1b: Sinistcha|Life Dew|p1b: Sinistcha|[spread] p1a,p1b
|-heal|p1a: Garchomp|100/100
|-heal|p1b: Sinistcha|43/100
|
|-heal|p1b: Sinistcha|50/100y|[from] item: Leftovers
|upkeep
|turn|10
|
|t:|1782653590
|switch|p1b: Eelektross|Eelektross-Mega, L50, M|100/100
|move|p1a: Garchomp|Earthquake|p2b: Incineroar|[spread] p2b
|-immune|p1b: Eelektross|[from] ability: Levitate
|-supereffective|p2b: Incineroar|1
|-damage|p2b: Incineroar|0 fnt
|faint|p2b: Incineroar
|-damage|p1a: Garchomp|90/100|[from] item: Life Orb
|
|win|suns98
||itsBritishB0Y is ready for game 2.
|inactive|suns98 has 30 seconds to confirm battle start!
