|j|☆liamj vgc!
|j|☆akahyden
|html|liamj vgc!akahyden    
|uhtml|bestof|Game 2 of a best-of-3
|t:|1786129019
|gametype|doubles
|player|p1|liamj vgc!|leon-tower|1217
|player|p2|akahyden|unknownf|1360
|gen|9
|tier|[Gen 9 Champions] VGC 2026 Reg M-B (Bo3)
|rated|
|rule|Species Clause: Limit one of each Pokémon
|rule|Item Clause: Limit 1 of each item
|clearpoke
|poke|p1|Pelipper, L50, F|
|poke|p1|Archaludon, L50, F, shiny|
|poke|p1|Venusaur, L50, M|
|poke|p1|Grimmsnarl, L50, M|
|poke|p1|Garchomp, L50, M|
|poke|p1|Basculegion, L50, M|
|poke|p2|Floette-Eternal, L50, F|
|poke|p2|Charizard, L50, F|
|poke|p2|Garchomp, L50, F|
|poke|p2|Maushold, L50|
|poke|p2|Whimsicott, L50, M|
|poke|p2|Basculegion, L50, M|
|teampreview|4
|showteam|p1|Pelipper||FocusSash|Drizzle|WeatherBall,Hurricane,Tailwind,Protect|Timid||F|||50|]Archaludon||Leftovers|Stamina|FlashCannon,ElectroShot,DragonPulse,Protect|Modest||F|||50|]Venusaur||Venusaurite|Overgrow|GigaDrain,SludgeBomb,EarthPower,Protect|Timid||M|||50|]Grimmsnarl||LightClay|Prankster|Reflect,LightScreen,PartingShot,SpiritBreak|Impish||M|||50|]Garchomp||LifeOrb|RoughSkin|DragonClaw,Earthquake,RockSlide,Protect|Jolly||M|||50|]Basculegion||ChoiceScarf|Adaptability|WaveCrash,LastRespects,AquaJet,FlipTurn|Jolly||M|||50|
|showteam|p2|Floette-Eternal||Floettite|FlowerVeil|Protect,Moonblast,DazzlingGleam,LightofRuin|Modest||F|||50|]Charizard||CharizarditeY|Blaze|Protect,HeatWave,WeatherBall,SolarBeam|Modest||F|||50|]Garchomp||LifeOrb|RoughSkin|Protect,Earthquake,StompingTantrum,RockSlide|Jolly||F|||50|]Maushold||WideLens|Technician|Protect,PopulationBomb,Feint,FollowMe|Adamant|||||50|]Whimsicott||FocusSash|Prankster|Protect,Moonblast,Encore,Tailwind|Timid||M|||50|]Basculegion||MysticWater|Adaptability|LastRespects,WaveCrash,Protect,AquaJet|Adamant||M|||50|
|inactive|Battle timer is ON: inactive players will automatically lose when time's up. (requested by liamj vgc!)
|
|t:|1786129026
|teamsize|p1|4
|teamsize|p2|4
|start
|switch|p1a: Grimmsnarl|Grimmsnarl, L50, M|100/100
|switch|p1b: Remote|Archaludon, L50, F, shiny|100/100
|switch|p2a: Whimsicott|Whimsicott, L50, M|100/100
|switch|p2b: Basculegion|Basculegion, L50, M|100/100
|turn|1
|
|t:|1786129040
|move|p1a: Grimmsnarl|Parting Shot|p2b: Basculegion
|-unboost|p2b: Basculegion|atk|1
|-unboost|p2b: Basculegion|spa|1
|
|t:|1786129042
|switch|p1a: Bubble|Pelipper, L50, F|100/100|[from] Parting Shot
|-weather|RainDance|[from] ability: Drizzle|[of] p1a: Bubble
|move|p2a: Whimsicott|Moonblast|p1a: Bubble
|-damage|p1a: Bubble|40/100
|move|p2b: Basculegion|Wave Crash|p1a: Bubble
|-resisted|p1a: Bubble|1
|-damage|p1a: Bubble|0 fnt
|faint|p1a: Bubble
|-damage|p2b: Basculegion|90/100|[from] Recoil
|move|p1b: Remote|Electro Shot||[still]
|-prepare|p1b: Remote|Electro Shot
|-boost|p1b: Remote|spa|1
|-anim|p1b: Remote|Electro Shot|p2b: Basculegion
|-supereffective|p2b: Basculegion|1
|-damage|p2b: Basculegion|0 fnt
|faint|p2b: Basculegion
|
|-weather|RainDance|[upkeep]
|upkeep
|
|t:|1786129047
|switch|p2b: Garchomp|Garchomp, L50, F|100/100
|switch|p1a: Grimmsnarl|Grimmsnarl, L50, M|100/100
|turn|2
|
|t:|1786129065
|move|p2a: Whimsicott|Encore|p1b: Remote
|-start|p1b: Remote|Encore
|move|p1a: Grimmsnarl|Reflect|p1a: Grimmsnarl
|-sidestart|p1: liamj vgc!|Reflect
|move|p2b: Garchomp|Earthquake|p1a: Grimmsnarl|[spread] p2a,p1a,p1b
|-resisted|p2a: Whimsicott|1
|-supereffective|p1b: Remote|1
|-damage|p2a: Whimsicott|59/100
|-damage|p1a: Grimmsnarl|69/100
|-damage|p1b: Remote|47/100
|-ability|p1b: Remote|Stamina|boost
|-boost|p1b: Remote|def|1
|-damage|p2b: Garchomp|90/100|[from] item: Life Orb
|move|p1b: Remote|Electro Shot||[still]
|-prepare|p1b: Remote|Electro Shot
|-boost|p1b: Remote|spa|1
|-anim|p1b: Remote|Electro Shot|p2a: Whimsicott
|-resisted|p2a: Whimsicott|1
|-damage|p2a: Whimsicott|0 fnt
|faint|p2a: Whimsicott
|
|-weather|RainDance|[upkeep]
|-heal|p1b: Remote|53/100|[from] item: Leftovers
|upkeep
|
|t:|1786129074
|switch|p2a: Floette|Floette-Eternal, L50, F|100/100
|turn|3
|
|t:|1786129091
|detailschange|p2a: Floette|Floette-Mega, L50, F
|-mega|p2a: Floette|Floette|Floettite
|-ability|p2a: Floette|Fairy Aura
|move|p1a: Grimmsnarl|Light Screen|p1a: Grimmsnarl
|-sidestart|p1: liamj vgc!|move: Light Screen
|move|p2b: Garchomp|Stomping Tantrum|p1a: Grimmsnarl
|-damage|p1a: Grimmsnarl|39/100
|-damage|p2b: Garchomp|80/100|[from] item: Life Orb
|move|p2a: Floette|Dazzling Gleam|p1b: Remote|[spread] p1a,p1b
|-supereffective|p1a: Grimmsnarl|1
|-crit|p1a: Grimmsnarl
|-damage|p1a: Grimmsnarl|0 fnt
|-damage|p1b: Remote|18/100
|-ability|p1b: Remote|Stamina|boost
|-boost|p1b: Remote|def|1
|faint|p1a: Grimmsnarl
|move|p1b: Remote|Electro Shot||[still]
|-prepare|p1b: Remote|Electro Shot
|-boost|p1b: Remote|spa|1
|-anim|p1b: Remote|Electro Shot|p2a: Floette
|-crit|p2a: Floette
|-damage|p2a: Floette|0 fnt
|faint|p2a: Floette
|
|-weather|RainDance|[upkeep]
|-heal|p1b: Remote|24/100|[from] item: Leftovers
|upkeep
|
|t:|1786129101
|switch|p1a: Venusaur|Venusaur, L50, M|100/100
|turn|4
|
|t:|1786129110
|detailschange|p1a: Venusaur|Venusaur-Mega, L50, M
|-mega|p1a: Venusaur|Venusaur|Venusaurite
|move|p2b: Garchomp|Earthquake|p1b: Remote|[spread] p1a,p1b
|-supereffective|p1b: Remote|1
|-damage|p1a: Venusaur|68/100
|-damage|p1b: Remote|0 fnt
|faint|p1b: Remote
|-damage|p2b: Garchomp|70/100|[from] item: Life Orb
|move|p1a: Venusaur|Giga Drain|p2b: Garchomp
|-damage|p2b: Garchomp|31/100
|-heal|p1a: Venusaur|91/100|[from] drain|[of] p2b: Garchomp
|
|-weather|RainDance|[upkeep]
|upkeep
|turn|5
|
|t:|1786129116
|move|p2b: Garchomp|Earthquake|p1a: Venusaur
|-damage|p1a: Venusaur|45/100
|-damage|p2b: Garchomp|21/100|[from] item: Life Orb
|move|p1a: Venusaur|Giga Drain|p2b: Garchomp
|-damage|p2b: Garchomp|0 fnt
|-heal|p1a: Venusaur|57/100|[from] drain|[of] p2b: Garchomp
|faint|p2b: Garchomp
|
|win|liamj vgc!
||akahyden is ready for game 3.
||liamj vgc! is ready for game 3.
|uhtml|next|Next: Game 3 of 3
|l|☆akahyden
|player|p2|
