|j|☆DkayMM
|j|☆moicito
|html|DkayMMmoicito    
|uhtml|bestof|Game 1 of a best-of-3
|t:|1756955805
|gametype|doubles
|player|p1|DkayMM|169|1010
|player|p2|moicito|caitlin|1129
|gen|9
|tier|[Gen 9] VGC 2025 Reg H (Bo3)
|rated|
|rule|Species Clause: Limit one of each Pokémon
|rule|Item Clause: Limit 1 of each item
|clearpoke
|poke|p1|Charizard, L50, F|
|poke|p1|Torkoal, L50, F|
|poke|p1|Porygon2, L50|
|poke|p1|Incineroar, L50, F|
|poke|p1|Jumpluff, L50, F|
|poke|p1|Ursaluna, L50, M|
|poke|p2|Kingambit, L50, F|
|poke|p2|Rillaboom, L50, F|
|poke|p2|Magmar, L50, F|
|poke|p2|Primarina, L50, F|
|poke|p2|Sneasler, L50, M|
|poke|p2|Dragapult, L50, F|
|teampreview|4
|showteam|p1|Charizard||ChoiceSpecs|SolarPower|HeatWave,Overheat,WeatherBall,AirSlash|||F|||50|,,,,,Ghost]Torkoal||EjectPack|Drought|Eruption,Overheat,HelpingHand,Protect|||F|||50|,,,,,Fire]Porygon2||Eviolite|Download|TeraBlast,IceBeam,Recover,TrickRoom||||||50|,,,,,Fighting]Incineroar||SitrusBerry|Intimidate|FlareBlitz,KnockOff,FakeOut,PartingShot|||F|||50|,,,,,Ghost]Jumpluff||CovertCloak|Chlorophyll|SleepPowder,SunnyDay,RagePowder,Tailwind|||F|||50|,,,,,Water]Ursaluna||FlameOrb|Guts|HeadlongRush,Facade,Earthquake,Protect|||M|||50|,,,,,Ghost
|showteam|p2|Kingambit||BlackGlasses|Defiant|Protect,KowtowCleave,SuckerPunch,SwordsDance|||F|||50|,,,,,Ghost]Rillaboom||AssaultVest|GrassySurge|WoodHammer,GrassyGlide,HighHorsepower,FakeOut|||F|||50|,,,,,Fire]Magmar||Eviolite|VitalSpirit|Overheat,WillOWisp,FollowMe,Protect|||F|||50|,,,,,Ghost]Primarina||SitrusBerry|LiquidVoice|HyperVoice,Moonblast,Haze,Protect|||F|||50|,,,,,Water]Sneasler||FocusSash|PoisonTouch|CloseCombat,DireClaw,Coaching,FakeOut|||M|||50|,,,,,Stellar]Dragapult||ChoiceBand|ClearBody|DragonDarts,TeraBlast,PhantomForce,Uturn|||F|||50|,,,,,Steel
|inactive|Battle timer is ON: inactive players will automatically lose when time's up. (requested by DkayMM)
|
|t:|1756955867
|teamsize|p1|4
|teamsize|p2|4
|start
|switch|p1a: Porygon2|Porygon2, L50|100/100
|switch|p1b: Charizard|Charizard, L50, F|100/100
|switch|p2a: Rilli|Rillaboom, L50, F, shiny|100/100
|switch|p2b: Magmar|Magmar, L50, F|100/100
|-fieldstart|move: Grassy Terrain|[from] ability: Grassy Surge|[of] p2a: Rilli
|-ability|p1a: Porygon2|Download|boost
|-boost|p1a: Porygon2|spa|1
|turn|1
|inactive|DkayMM has 30 seconds left.
|inactive|moicito has 30 seconds left.
|inactive|DkayMM has 20 seconds left.
|inactive|DkayMM has 15 seconds left.
|
|t:|1756955907
|switch|p1b: Torkoal|Torkoal, L50, F|100/100
|-weather|SunnyDay|[from] ability: Drought|[of] p1b: Torkoal
|-terastallize|p2a: Rilli|Fire
|move|p2a: Rilli|Fake Out|p1a: Porygon2
|-damage|p1a: Porygon2|91/100
|move|p2b: Magmar|Overheat|p1a: Porygon2
|-damage|p1a: Porygon2|50/100
|-unboost|p2b: Magmar|spa|2
|cant|p1a: Porygon2|flinch
|
|-weather|SunnyDay|[upkeep]
|-heal|p1a: Porygon2|57/100|[from] Grassy Terrain
|upkeep
|turn|2
|inactive|DkayMM has 30 seconds left.
|inactive|moicito has 30 seconds left.
|inactive|DkayMM has 20 seconds left.
|inactive|moicito has 20 seconds left.
|inactive|DkayMM has 15 seconds left.
|inactive|DkayMM has 10 seconds left.
|inactive|DkayMM has 5 seconds left.
|
|t:|1756955960
|move|p2b: Magmar|Overheat|p1a: Porygon2
|-damage|p1a: Porygon2|36/100
|-unboost|p2b: Magmar|spa|2
|move|p2a: Rilli|Wood Hammer|p1a: Porygon2
|-damage|p1a: Porygon2|0 fnt
|faint|p1a: Porygon2
|-damage|p2a: Rilli|90/100|[from] Recoil
|move|p1b: Torkoal|Overheat|p2a: Rilli
|-resisted|p2a: Rilli
|-damage|p2a: Rilli|61/100
|-unboost|p1b: Torkoal|spa|2
|-enditem|p1b: Torkoal|Eject Pack
|
|t:|1756955970
|switch|p1b: Ursaluna|Ursaluna, L50, M|100/100
|
|-weather|SunnyDay|[upkeep]
|-heal|p2a: Rilli|67/100|[from] Grassy Terrain
|-status|p1b: Ursaluna|brn|[from] item: Flame Orb
|upkeep
|
|t:|1756955977
|switch|p1a: Charizard|Charizard, L50, F|100/100
|turn|3
|
|t:|1756956000
|-terastallize|p1b: Ursaluna|Ghost
|move|p2b: Magmar|Follow Me|p2b: Magmar
|-singleturn|p2b: Magmar|move: Follow Me
|move|p1a: Charizard|Heat Wave|p2b: Magmar|[spread] p2a,p2b
|-resisted|p2a: Rilli
|-resisted|p2b: Magmar
|-damage|p2a: Rilli|25/100
|-damage|p2b: Magmar|62/100
|move|p2a: Rilli|Wood Hammer|p1b: Ursaluna
|-damage|p1b: Ursaluna|44/100 brn
|-damage|p2a: Rilli|4/100|[from] Recoil
|move|p1b: Ursaluna|Earthquake|p2a: Rilli|[spread] p2a,p2b
|-immune|p1a: Charizard
|-supereffective|p2a: Rilli
|-supereffective|p2b: Magmar
|-damage|p2a: Rilli|0 fnt
|-damage|p2b: Magmar|9/100
|faint|p2a: Rilli
|
|-weather|SunnyDay|[upkeep]
|-damage|p1a: Charizard|88/100|[from] ability: Solar Power|[of] p1a: Charizard
|-heal|p2b: Magmar|15/100|[from] Grassy Terrain
|-heal|p1b: Ursaluna|49/100 brn|[from] Grassy Terrain
|-damage|p1b: Ursaluna|44/100 brn|[from] brn
|upkeep
|
|t:|1756956024
|switch|p2a: Dragapult|Dragapult, L50, F|100/100
|turn|4
|inactive|DkayMM has 30 seconds left.
|inactive|DkayMM has 20 seconds left.
|
|t:|1756956061
|move|p2a: Dragapult|Dragon Darts|p1b: Ursaluna
|-damage|p1b: Ursaluna|13/100 brn
|-anim|p2a: Dragapult|Dragon Darts|p1a: Charizard
|-damage|p1a: Charizard|38/100
|move|p1a: Charizard|Heat Wave|p2b: Magmar|[spread] p2a,p2b
|-resisted|p2a: Dragapult
|-resisted|p2b: Magmar
|-damage|p2a: Dragapult|25/100
|-damage|p2b: Magmar|0 fnt
|faint|p2b: Magmar
|move|p1b: Ursaluna|Earthquake|p2a: Dragapult|[spread] p2a
|-immune|p1a: Charizard
|-damage|p2a: Dragapult|0 fnt
|faint|p2a: Dragapult
|
|-weather|SunnyDay|[upkeep]
|-damage|p1a: Charizard|26/100|[from] ability: Solar Power|[of] p1a: Charizard
|-heal|p1b: Ursaluna|18/100 brn|[from] Grassy Terrain
|-damage|p1b: Ursaluna|13/100 brn|[from] brn
|upkeep
|
|t:|1756956078
|switch|p2a: Primarina|Primarina, L50, F|100/100
|turn|5
|
|t:|1756956089
|move|p1a: Charizard|Heat Wave|p2a: Primarina
|-resisted|p2a: Primarina
|-damage|p2a: Primarina|30/100
|-enditem|p2a: Primarina|Sitrus Berry|[eat]
|-heal|p2a: Primarina|55/100|[from] item: Sitrus Berry
|move|p2a: Primarina|Hyper Voice|p1a: Charizard|[spread] p1a,p1b
|-supereffective|p1a: Charizard
|-damage|p1a: Charizard|0 fnt
|-damage|p1b: Ursaluna|0 fnt
|faint|p1a: Charizard
|faint|p1b: Ursaluna
|
|-weather|none
|-heal|p2a: Primarina|61/100|[from] Grassy Terrain
|-fieldend|move: Grassy Terrain
|upkeep
|
|t:|1756956098
|switch|p1b: Torkoal|Torkoal, L50, F|100/100
|-weather|SunnyDay|[from] ability: Drought|[of] p1b: Torkoal
|turn|6
|inactive|DkayMM has 30 seconds left.
|
|t:|1756956125
|move|p2a: Primarina|Hyper Voice|p1b: Torkoal
|-supereffective|p1b: Torkoal
|-damage|p1b: Torkoal|43/100
|move|p1b: Torkoal|Overheat|p2a: Primarina
|-resisted|p2a: Primarina
|-damage|p2a: Primarina|24/100
|-unboost|p1b: Torkoal|spa|2
|
|-weather|SunnyDay|[upkeep]
|upkeep
|turn|7
|
|t:|1756956135
|move|p2a: Primarina|Hyper Voice|p1b: Torkoal
|-supereffective|p1b: Torkoal
|-crit|p1b: Torkoal
|-damage|p1b: Torkoal|0 fnt
|faint|p1b: Torkoal
|
|win|moicito
||moicito is ready for game 2.
|inactive|DkayMM has 30 seconds to confirm battle start!
|l|☆DkayMM
|player|p1|
|inactive|DkayMM has 20 seconds to confirm battle start!
|inactive|DkayMM has 10 seconds to confirm battle start!
|j|☆DkayMM
|player|p1|DkayMM|169|
|uhtml|next|Next: Game 2 of 3
