|j|☆moicito
|j|☆Skytrainer Trent
|html|moicitoSkytrainer Trent    
|uhtml|bestof|Game 2 of a best-of-3
|t:|1756149721
|gametype|doubles
|player|p1|moicito|1|1116
|player|p2|Skytrainer Trent|1|1002
|gen|9
|tier|[Gen 9] VGC 2025 Reg H (Bo3)
|rated|
|rule|Species Clause: Limit one of each Pokémon
|rule|Item Clause: Limit 1 of each item
|clearpoke
|poke|p1|Kingambit, L50, F|
|poke|p1|Rillaboom, L50, F|
|poke|p1|Electabuzz, L50, M|
|poke|p1|Volcarona, L50, M|
|poke|p1|Sneasler, L50, M|
|poke|p1|Dragonite, L50, F|
|poke|p2|Delibird, L50, F|
|poke|p2|Grimmsnarl, L50, M|
|poke|p2|Dragapult, L50, F|
|poke|p2|Incineroar, L50, F|
|poke|p2|Electrode-Hisui, L50|
|poke|p2|Lilligant-Hisui, L50, F|
|teampreview|4
|showteam|p1|Kingambit||BlackGlasses|Defiant|Protect,KowtowCleave,SuckerPunch,SwordsDance|||F|||50|,,,,,Dark]Rillaboom||AssaultVest|GrassySurge|WoodHammer,GrassyGlide,HighHorsepower,FakeOut|||F|||50|,,,,,Fire]Electabuzz||Eviolite|VitalSpirit|Protect,Thunderbolt,HelpingHand,FollowMe|||M|||50|,,,,,Ghost]Volcarona||CovertCloak|FlameBody|Protect,HeatWave,TeraBlast,QuiverDance|||M|||50|,,,,,Fairy]Sneasler||FocusSash|Unburden|CloseCombat,DireClaw,Coaching,FakeOut|||M|||50|,,,,,Stellar]Dragonite||LoadedDice|Multiscale|ScaleShot,Haze,ExtremeSpeed,Protect|||F|||50|,,,,,Fairy
|showteam|p2|Delibird||ChoiceBand|Hustle|IceShard,FakeOut,TripleAxel,RapidSpin|||F|||50|,,,,,Ice]Grimmsnarl||LightClay|Prankster|LightScreen,Reflect,ThunderWave,Confide|||M|||50|,,,,,Dark]Dragapult||AssaultVest|Infiltrator|DragonDarts,PhantomForce,SuckerPunch,PsychicFangs|||F|||50|,,,,,Dragon]Incineroar||FocusSash|Intimidate|IronHead,FlareBlitz,KnockOff,FakeOut|||F|||50|,,,,,Fire]Electrode-Hisui||Leftovers|Soundproof|Taunt,FoulPlay,Protect,LeechSeed||||||50|,,,,,Ghost]Lilligant-Hisui||CovertCloak|Chlorophyll|TripleAxel,Coaching,HelpingHand,LeafBlade|||F|||50|,,,,,Grass
|
|t:|1756149768
|teamsize|p1|4
|teamsize|p2|4
|start
|switch|p1a: Elii|Electabuzz, L50, M, shiny|100/100
|switch|p1b: Kingii|Kingambit, L50, F, shiny|100/100
|switch|p2a: Dragapult|Dragapult, L50, F|100/100
|switch|p2b: Lilligant|Lilligant-Hisui, L50, F|100/100
|turn|1
|
|t:|1756149811
|move|p1a: Elii|Helping Hand|p1b: Kingii
|-singleturn|p1b: Kingii|Helping Hand|[of] p1a: Elii
|move|p1b: Kingii|Sucker Punch|p2a: Dragapult
|-supereffective|p2a: Dragapult
|-crit|p2a: Dragapult
|-damage|p2a: Dragapult|0 fnt
|faint|p2a: Dragapult
|move|p2b: Lilligant|Coaching|p2: Dragapult|[notarget]
|-fail|p2b: Lilligant
|
|upkeep
|
|t:|1756149821
|switch|p2a: Electrode|Electrode-Hisui, L50|100/100
|turn|2
|
|t:|1756149837
|move|p1a: Elii|Follow Me|p1a: Elii
|-singleturn|p1a: Elii|move: Follow Me
|move|p2a: Electrode|Taunt|p1a: Elii
|-start|p1a: Elii|move: Taunt
|move|p2b: Lilligant|Coaching|p2a: Electrode
|-boost|p2a: Electrode|atk|1
|-boost|p2a: Electrode|def|1
|move|p1b: Kingii|Swords Dance|p1b: Kingii
|-boost|p1b: Kingii|atk|2
|
|upkeep
|turn|3
|
|t:|1756149878
|switch|p1a: Dragii|Dragonite, L50, F|100/100
|move|p2b: Lilligant|Helping Hand|p2a: Electrode
|-singleturn|p2a: Electrode|Helping Hand|[of] p2b: Lilligant
|move|p2a: Electrode|Foul Play|p1b: Kingii
|-resisted|p1b: Kingii
|-damage|p1b: Kingii|60/100
|move|p1b: Kingii|Kowtow Cleave|p2b: Lilligant
|-resisted|p2b: Lilligant
|-damage|p2b: Lilligant|38/100
|
|upkeep
|turn|4
|
|t:|1756149913
|move|p1b: Kingii|Sucker Punch|p2b: Lilligant
|-resisted|p2b: Lilligant
|-damage|p2b: Lilligant|0 fnt
|faint|p2b: Lilligant
|move|p2a: Electrode|Leech Seed|p1a: Dragii
|-start|p1a: Dragii|move: Leech Seed
|move|p1a: Dragii|Scale Shot|p2a: Electrode
|-damage|p2a: Electrode|86/100
|-damage|p2a: Electrode|73/100
|-damage|p2a: Electrode|60/100
|-damage|p2a: Electrode|47/100
|-damage|p2a: Electrode|34/100
|-hitcount|p2a: Electrode|5
|-unboost|p1a: Dragii|def|1
|-boost|p1a: Dragii|spe|1
|
|-heal|p2a: Electrode|40/100|[from] item: Leftovers
|-damage|p1a: Dragii|88/100|[from] Leech Seed|[of] p2a: Electrode
|-heal|p2a: Electrode|54/100|[silent]
|upkeep
|
|t:|1756149932
|switch|p2b: Grimmsnarl|Grimmsnarl, L50, M|100/100
|turn|5
|
|t:|1756149949
|switch|p1a: Elii|Electabuzz, L50, M, shiny|100/100
|move|p2a: Electrode|Protect|p2a: Electrode
|-singleturn|p2a: Electrode|Protect
|move|p1b: Kingii|Protect|p1b: Kingii
|-singleturn|p1b: Kingii|Protect
|move|p2b: Grimmsnarl|Reflect|p2b: Grimmsnarl
|-sidestart|p2: Skytrainer Trent|Reflect
|
|-heal|p2a: Electrode|60/100|[from] item: Leftovers
|upkeep
|turn|6
|
|t:|1756149966
|move|p1a: Elii|Follow Me|p1a: Elii
|-singleturn|p1a: Elii|move: Follow Me
|move|p2b: Grimmsnarl|Thunder Wave|p1a: Elii|[miss]
|-miss|p2b: Grimmsnarl|p1a: Elii
|move|p2a: Electrode|Leech Seed|p1a: Elii
|-start|p1a: Elii|move: Leech Seed
|move|p1b: Kingii|Swords Dance|p1b: Kingii
|-boost|p1b: Kingii|atk|2
|
|-heal|p2a: Electrode|65/100|[from] item: Leftovers
|-damage|p1a: Elii|88/100|[from] Leech Seed|[of] p2a: Electrode
|-heal|p2a: Electrode|79/100|[silent]
|upkeep
|turn|7
|
|t:|1756149987
|move|p1a: Elii|Follow Me|p1a: Elii
|-singleturn|p1a: Elii|move: Follow Me
|move|p2b: Grimmsnarl|Confide|p1a: Elii
|-unboost|p1a: Elii|spa|1
|move|p2a: Electrode|Foul Play|p1a: Elii
|-damage|p1a: Elii|75/100
|move|p1b: Kingii|Kowtow Cleave|p2a: Electrode
|-damage|p2a: Electrode|0 fnt
|faint|p2a: Electrode
|
|upkeep
|turn|8
|
|t:|1756150005
|move|p2b: Grimmsnarl|Light Screen|p2b: Grimmsnarl
|-sidestart|p2: Skytrainer Trent|move: Light Screen
|move|p1a: Elii|Thunderbolt|p2b: Grimmsnarl
|-damage|p2b: Grimmsnarl|88/100
|move|p1b: Kingii|Swords Dance|p1b: Kingii
|-boost|p1b: Kingii|atk|2
|
|upkeep
|turn|9
|
|t:|1756150014
|move|p1a: Elii|Helping Hand|p1b: Kingii
|-singleturn|p1b: Kingii|Helping Hand|[of] p1a: Elii
|move|p2b: Grimmsnarl|Confide|p1b: Kingii
|-hint|Since gen 7, Dark is immune to Prankster moves.
|-immune|p1b: Kingii
|move|p1b: Kingii|Kowtow Cleave|p2b: Grimmsnarl
|-resisted|p2b: Grimmsnarl
|-damage|p2b: Grimmsnarl|28/100
|
|upkeep
|turn|10
|
|t:|1756150026
|move|p1a: Elii|Helping Hand|p1b: Kingii
|-singleturn|p1b: Kingii|Helping Hand|[of] p1a: Elii
|move|p2b: Grimmsnarl|Thunder Wave|p1b: Kingii
|-hint|Since gen 7, Dark is immune to Prankster moves.
|-immune|p1b: Kingii
|move|p1b: Kingii|Kowtow Cleave|p2b: Grimmsnarl
|-resisted|p2b: Grimmsnarl
|-damage|p2b: Grimmsnarl|0 fnt
|faint|p2b: Grimmsnarl
|
|win|moicito
|raw|moicito's rating: 1116 → 1133(+17 for winning)
|raw|Skytrainer Trent's rating: 1002 → 1000(-2 for losing)
|l|☆Skytrainer Trent
|player|p2|
