|j|вҳҶjchase42
|j|вҳҶAnotherDreamer
|html|jchase42AnotherDreamer    
|uhtml|bestof|Game 2 of a best-of-3
|t:|1756341114
|gametype|doubles
|player|p1|jchase42|hiker-gen4|1138
|player|p2|AnotherDreamer|2|1152
|gen|9
|tier|[Gen 9] VGC 2025 Reg H (Bo3)
|rated|
|rule|Species Clause: Limit one of each PokГ©mon
|rule|Item Clause: Limit 1 of each item
|clearpoke
|poke|p1|Indeedee-F, L50, F|
|poke|p1|Torkoal, L50, F|
|poke|p1|Gallade, L50, M|
|poke|p1|Hatterene, L50, F|
|poke|p1|Maushold-Four, L50|
|poke|p1|Sinistcha, L50|
|poke|p2|Indeedee-F, L50, F|
|poke|p2|Hatterene, L50, F|
|poke|p2|Gallade, L50, M|
|poke|p2|Ursaluna, L50, M|
|poke|p2|Lilligant-Hisui, L50, F|
|poke|p2|Torkoal, L50, M|
|teampreview|4
|showteam|p1|Indeedee-F||PsychicSeed|PsychicSurge|Psychic,FollowMe,HelpingHand,TrickRoom|||F|||50|,,,,,Grass]Torkoal||ChoiceSpecs|Drought|Eruption,HeatWave,WeatherBall,EarthPower|||F|||50|,,,,,Fire]Gallade||ClearAmulet|Sharpness|PsychoCut,SacredSword,WideGuard,TrickRoom|||M|||50|,,,,,Grass]Hatterene||CovertCloak|MagicBounce|ExpandingForce,DazzlingGleam,Protect,TrickRoom|||F|||50|,,,,,Fire]Maushold-Four||WideLens|Technician|PopulationBomb,Taunt,FollowMe,Protect||||||50|,,,,,Fire]Sinistcha||SitrusBerry|Hospitality|MatchaGotcha,ShadowBall,RagePowder,TrickRoom||||||50|,,,,,Fairy
|showteam|p2|Indeedee-F||PsychicSeed|PsychicSurge|TrickRoom,FollowMe,HelpingHand,DazzlingGleam|||F|||50|,,,,,Fire]Hatterene||LifeOrb|MagicBounce|ExpandingForce,TrickRoom,DazzlingGleam,Protect|||F|||50|,,,,,Psychic]Gallade||ClearAmulet|Sharpness|PsychoCut,TrickRoom,SacredSword,WideGuard|||M|||50|,,,,,Grass]Ursaluna||FlameOrb|Guts|HeadlongRush,Facade,SwordsDance,Protect|||M|||50|,,,,,Ghost]Lilligant-Hisui||FocusSash|Chlorophyll|SolarBlade,SleepPowder,CloseCombat,AfterYou|||F|||50|,,,,,Ghost]Torkoal||ChoiceSpecs|Drought|Eruption,HeatWave,WeatherBall,EarthPower|||M|||50|,,,,,Fire
|inactive|Battle timer is ON: inactive players will automatically lose when time's up. (requested by AnotherDreamer)
|
|t:|1756341144
|teamsize|p1|4
|teamsize|p2|4
|start
|switch|p1a: Gallade|Gallade, L50, M|100/100
|switch|p1b: Indeedee|Indeedee-F, L50, F|100/100
|switch|p2a: зҙ«з«ҪеҘҪеҸҜж„ӣ|Lilligant-Hisui, L50, F, shiny|100/100
|switch|p2b: зҙ«з«ҪиҰӘиЎӣйҡҠ|Gallade, L50, M, shiny|100/100
|-fieldstart|move: Psychic Terrain|[from] ability: Psychic Surge|[of] p1b: Indeedee
|-enditem|p1b: Indeedee|Psychic Seed
|-boost|p1b: Indeedee|spd|1|[from] item: Psychic Seed
|turn|1
|inactive|jchase42 has 30 seconds left.
|inactive|jchase42 has 20 seconds left.
|inactive|AnotherDreamer has 30 seconds left.
|
|t:|1756341186
|switch|p2a: еӨӘжЁӮе·ҙжҲҲж–Ҝ|Torkoal, L50, M, shiny|100/100
|-weather|SunnyDay|[from] ability: Drought|[of] p2a: еӨӘжЁӮе·ҙжҲҲж–Ҝ
|switch|p1a: Hatterene|Hatterene, L50, F|100/100
|-terastallize|p1b: Indeedee|Grass
|move|p1b: Indeedee|Psychic|p2a: еӨӘжЁӮе·ҙжҲҲж–Ҝ
|-crit|p2a: еӨӘжЁӮе·ҙжҲҲж–Ҝ
|-damage|p2a: еӨӘжЁӮе·ҙжҲҲж–Ҝ|28/100
|move|p2b: зҙ«з«ҪиҰӘиЎӣйҡҠ|Psycho Cut|p1a: Hatterene
|-resisted|p1a: Hatterene
|-damage|p1a: Hatterene|56/100
|
|-weather|SunnyDay|[upkeep]
|upkeep
|turn|2
|inactive|jchase42 has 30 seconds left.
|
|t:|1756341217
|move|p2b: зҙ«з«ҪиҰӘиЎӣйҡҠ|Wide Guard|p2b: зҙ«з«ҪиҰӘиЎӣйҡҠ
|-singleturn|p2b: зҙ«з«ҪиҰӘиЎӣйҡҠ|Wide Guard
|move|p1b: Indeedee|Psychic|p2a: еӨӘжЁӮе·ҙжҲҲж–Ҝ
|-damage|p2a: еӨӘжЁӮе·ҙжҲҲж–Ҝ|0 fnt
|faint|p2a: еӨӘжЁӮе·ҙжҲҲж–Ҝ
|move|p1a: Hatterene|Trick Room|p1a: Hatterene
|-fieldstart|move: Trick Room|[of] p1a: Hatterene
|
|-weather|SunnyDay|[upkeep]
|upkeep
|
|t:|1756341223
|switch|p2a: зҙ«з«Ҫж•ІеҸҜж„ӣ|Hatterene, L50, F, shiny|100/100
|turn|3
|inactive|jchase42 has 30 seconds left.
|
|t:|1756341252
|switch|p1a: Gallade|Gallade, L50, M|100/100
|-terastallize|p2a: зҙ«з«Ҫж•ІеҸҜж„ӣ|Psychic
|move|p2a: зҙ«з«Ҫж•ІеҸҜж„ӣ|Expanding Force|p1a: Gallade|[spread] p1a,p1b
|-damage|p1a: Gallade|1/100
|-damage|p1b: Indeedee|29/100
|-damage|p2a: зҙ«з«Ҫж•ІеҸҜж„ӣ|91/100|[from] item: Life Orb
|move|p2b: зҙ«з«ҪиҰӘиЎӣйҡҠ|Psycho Cut|p1b: Indeedee
|-crit|p1b: Indeedee
|-damage|p1b: Indeedee|0 fnt
|faint|p1b: Indeedee
|
|-weather|SunnyDay|[upkeep]
|upkeep
|
|t:|1756341265
|switch|p1b: Torkoal|Torkoal, L50, F|100/100
|turn|4
|
|t:|1756341288
|move|p2a: зҙ«з«Ҫж•ІеҸҜж„ӣ|Protect|p2a: зҙ«з«Ҫж•ІеҸҜж„ӣ
|-singleturn|p2a: зҙ«з«Ҫж•ІеҸҜж„ӣ|Protect
|move|p1a: Gallade|Wide Guard|p1a: Gallade
|-singleturn|p1a: Gallade|Wide Guard
|move|p1b: Torkoal|Weather Ball|p2b: зҙ«з«ҪиҰӘиЎӣйҡҠ
|-damage|p2b: зҙ«з«ҪиҰӘиЎӣйҡҠ|4/100
|move|p2b: зҙ«з«ҪиҰӘиЎӣйҡҠ|Psycho Cut|p1a: Gallade
|-damage|p1a: Gallade|0 fnt
|faint|p1a: Gallade
|
|-weather|SunnyDay|[upkeep]
|upkeep
|
|t:|1756341299
|switch|p1a: Hatterene|Hatterene, L50, F|56/100
|turn|5
|
|t:|1756341318
|switch|p2a: зҙ«з«ҪеҘҪеҸҜж„ӣ|Lilligant-Hisui, L50, F, shiny|100/100
|move|p2b: зҙ«з«ҪиҰӘиЎӣйҡҠ|Wide Guard|p2b: зҙ«з«ҪиҰӘиЎӣйҡҠ
|-singleturn|p2b: зҙ«з«ҪиҰӘиЎӣйҡҠ|Wide Guard
|move|p1b: Torkoal|Weather Ball|p2a: зҙ«з«ҪеҘҪеҸҜж„ӣ
|-supereffective|p2a: зҙ«з«ҪеҘҪеҸҜж„ӣ
|-enditem|p2a: зҙ«з«ҪеҘҪеҸҜж„ӣ|Focus Sash
|-damage|p2a: зҙ«з«ҪеҘҪеҸҜж„ӣ|1/100
|move|p1a: Hatterene|Expanding Force|p2b: зҙ«з«ҪиҰӘиЎӣйҡҠ|[spread] 
|-activate|p2a: зҙ«з«ҪеҘҪеҸҜж„ӣ|move: Wide Guard
|-activate|p2b: зҙ«з«ҪиҰӘиЎӣйҡҠ|move: Wide Guard
|
|-weather|none
|-fieldend|move: Psychic Terrain
|upkeep
|turn|6
|
|t:|1756341343
|move|p1b: Torkoal|Weather Ball|p2b: зҙ«з«ҪиҰӘиЎӣйҡҠ
|-damage|p2b: зҙ«з«ҪиҰӘиЎӣйҡҠ|0 fnt
|faint|p2b: зҙ«з«ҪиҰӘиЎӣйҡҠ
|move|p1a: Hatterene|Dazzling Gleam|p2a: зҙ«з«ҪеҘҪеҸҜж„ӣ
|-supereffective|p2a: зҙ«з«ҪеҘҪеҸҜж„ӣ
|-damage|p2a: зҙ«з«ҪеҘҪеҸҜж„ӣ|0 fnt
|faint|p2a: зҙ«з«ҪеҘҪеҸҜж„ӣ
|
|-fieldend|move: Trick Room
|upkeep
|
|t:|1756341345
|switch|p2b: зҙ«з«Ҫж•ІеҸҜж„ӣ|Hatterene, L50, F, shiny, tera:Psychic|91/100
|turn|7
|
|t:|1756341358
|move|p1a: Hatterene|Protect|p1a: Hatterene
|-singleturn|p1a: Hatterene|Protect
|move|p2b: зҙ«з«Ҫж•ІеҸҜж„ӣ|Expanding Force|p1b: Torkoal
|-damage|p1b: Torkoal|0 fnt
|faint|p1b: Torkoal
|-damage|p2b: зҙ«з«Ҫж•ІеҸҜж„ӣ|82/100|[from] item: Life Orb
|
|upkeep
|turn|8
|
|t:|1756341372
|move|p2b: зҙ«з«Ҫж•ІеҸҜж„ӣ|Expanding Force|p1a: Hatterene
|-resisted|p1a: Hatterene
|-damage|p1a: Hatterene|13/100
|-damage|p2b: зҙ«з«Ҫж•ІеҸҜж„ӣ|72/100|[from] item: Life Orb
|move|p1a: Hatterene|Dazzling Gleam|p2b: зҙ«з«Ҫж•ІеҸҜж„ӣ
|-damage|p2b: зҙ«з«Ҫж•ІеҸҜж„ӣ|23/100
|
|upkeep
|turn|9
|
|t:|1756341387
|move|p2b: зҙ«з«Ҫж•ІеҸҜж„ӣ|Expanding Force|p1a: Hatterene
|-resisted|p1a: Hatterene
|-damage|p1a: Hatterene|0 fnt
|faint|p1a: Hatterene
|-damage|p2b: зҙ«з«Ҫж•ІеҸҜж„ӣ|14/100|[from] item: Life Orb
|
|win|AnotherDreamer
|l|вҳҶAnotherDreamer
|player|p2|
||AnotherDreamer is ready for game 3.
||jchase42 is ready for game 3.
|uhtml|next|Next: Game 3 of 3
