|j|☆witty olive
|j|☆coalossal_idiot
|html|witty olivecoalossal_idiot    
|uhtml|bestof|Game 2 of a best-of-3
|t:|1757005837
|gametype|doubles
|player|p1|witty olive|miku-water|1427
|player|p2|coalossal_idiot|birdkeeper|1353
|gen|9
|tier|[Gen 9] VGC 2025 Reg H (Bo3)
|rated|
|rule|Species Clause: Limit one of each Pokémon
|rule|Item Clause: Limit 1 of each item
|clearpoke
|poke|p1|Sneasler, L50, M|
|poke|p1|Indeedee, L50, M|
|poke|p1|Volcarona, L50, F|
|poke|p1|Ursaluna-Bloodmoon, L50, M|
|poke|p1|Annihilape, L50, F|
|poke|p1|Tyranitar, L50, M|
|poke|p2|Samurott-Hisui, L50, F|
|poke|p2|Sneasler, L50, M|
|poke|p2|Corviknight, L50, F|
|poke|p2|Volcarona, L50, M|
|poke|p2|Electabuzz, L50, F|
|poke|p2|Whimsicott, L50, M|
|teampreview|4
|showteam|p1|Sneasler||PsychicSeed|Unburden|CloseCombat,DireClaw,ThroatChop,Protect|||M|||50|,,,,,Dark]Indeedee||ChoiceScarf|PsychicSurge|ExpandingForce,TeraBlast,Trick,Protect|||M|||50|,,,,,Psychic]Volcarona||SitrusBerry|FlameBody|Overheat,StruggleBug,RagePowder,Tailwind|||F|||50|,,,,,Grass]Ursaluna-Bloodmoon||LifeOrb|MindsEye|BloodMoon,HyperVoice,EarthPower,Protect|||M|||50|,,,,,Normal]Annihilape||SafetyGoggles|Defiant|CloseCombat,RageFist,Taunt,FinalGambit|||F|||50|,,,,,Fairy]Tyranitar||AssaultVest|SandStream|RockSlide,KnockOff,TeraBlast,LowKick|||M|||50|,,,,,Flying
|showteam|p2|Samurott-Hisui||ClearAmulet|Sharpness|RazorShell,KnockOff,SacredSword,Protect|||F|||50|,,,,,Fighting]Sneasler||WhiteHerb|Unburden|DireClaw,CloseCombat,Coaching,Protect|||M|||50|,,,,,Ghost]Corviknight||Leftovers|MirrorArmor|BraveBird,BodyPress,BulkUp,Roost|||F|||50|,,,,,Dragon]Volcarona||CovertCloak|FlameBody|HeatWave,GigaDrain,QuiverDance,Protect|||M|||50|,,,,,Grass]Electabuzz||Eviolite|VitalSpirit|Thunderbolt,FollowMe,Taunt,Protect|||F|||50|,,,,,Ghost]Whimsicott||FocusSash|Prankster|Moonblast,MistyTerrain,Tailwind,Encore|||M|||50|,,,,,Ghost
|inactive|Battle timer is ON: inactive players will automatically lose when time's up. (requested by coalossal_idiot)
|inactive|witty olive has 60 seconds left.
|inactive|witty olive has 30 seconds left.
|inactive|witty olive has 20 seconds left.
|
|t:|1757005912
|teamsize|p1|4
|teamsize|p2|4
|start
|switch|p1a: Indeedee|Indeedee, L50, M, shiny|100/100
|switch|p1b: Annihilape|Annihilape, L50, F, shiny|100/100
|switch|p2a: Whimsicott|Whimsicott, L50, M|100/100
|switch|p2b: Corviknight|Corviknight, L50, F|100/100
|-fieldstart|move: Psychic Terrain|[from] ability: Psychic Surge|[of] p1a: Indeedee
|turn|1
|inactive|witty olive has 30 seconds left.
|
|t:|1757005945
|move|p2a: Whimsicott|Tailwind|p2a: Whimsicott
|-sidestart|p2: coalossal_idiot|move: Tailwind
|move|p1a: Indeedee|Trick|p1b: Annihilape
|-activate|p1a: Indeedee|move: Trick|[of] p1b: Annihilape
|-item|p1b: Annihilape|Choice Scarf|[from] move: Trick
|-item|p1a: Indeedee|Safety Goggles|[from] move: Trick
|move|p1b: Annihilape|Final Gambit|p2b: Corviknight
|-damage|p2b: Corviknight|0 fnt
|faint|p1b: Annihilape
|faint|p2b: Corviknight
|
|upkeep
|
|t:|1757005958
|switch|p1b: Sneasler|Sneasler, L50, M, shiny|100/100
|switch|p2b: Samurott|Samurott-Hisui, L50, F|100/100
|-enditem|p1b: Sneasler|Psychic Seed
|-boost|p1b: Sneasler|spd|1|[from] item: Psychic Seed
|turn|2
|inactive|witty olive has 30 seconds left.
|inactive|witty olive has 20 seconds left.
|
|t:|1757005993
|switch|p2a: Electabuzz|Electabuzz, L50, F|100/100
|move|p2b: Samurott|Protect|p2b: Samurott
|-singleturn|p2b: Samurott|Protect
|move|p1a: Indeedee|Protect|p1a: Indeedee
|-singleturn|p1a: Indeedee|Protect
|move|p1b: Sneasler|Close Combat|p2b: Samurott
|-activate|p2b: Samurott|move: Protect
|
|upkeep
|turn|3
|inactive|witty olive has 30 seconds left.
|inactive|witty olive has 20 seconds left.
|inactive|witty olive has 15 seconds left.
|
|t:|1757006033
|switch|p1a: Tyranitar|Tyranitar, L50, M, shiny|100/100
|-weather|Sandstorm|[from] ability: Sand Stream|[of] p1a: Tyranitar
|move|p2a: Electabuzz|Follow Me|p2a: Electabuzz
|-singleturn|p2a: Electabuzz|move: Follow Me
|move|p1b: Sneasler|Dire Claw|p2a: Electabuzz
|-damage|p2a: Electabuzz|65/100
|move|p2b: Samurott|Razor Shell|p1b: Sneasler
|-damage|p1b: Sneasler|3/100
|
|-weather|Sandstorm|[upkeep]
|-damage|p1b: Sneasler|0 fnt|[from] Sandstorm
|-damage|p2b: Samurott|94/100|[from] Sandstorm
|-damage|p2a: Electabuzz|59/100|[from] Sandstorm
|faint|p1b: Sneasler
|upkeep
|
|t:|1757006047
|switch|p1b: Indeedee|Indeedee, L50, M, shiny|100/100
|turn|4
|inactive|coalossal_idiot has 30 seconds left.
|inactive|witty olive has 30 seconds left.
|
|t:|1757006080
|-terastallize|p1a: Tyranitar|Flying
|move|p2b: Samurott|Protect|p2b: Samurott
|-singleturn|p2b: Samurott|Protect
|move|p2a: Electabuzz|Protect|p2a: Electabuzz
|-singleturn|p2a: Electabuzz|Protect
|move|p1b: Indeedee|Expanding Force|p2a: Electabuzz|[spread] 
|-activate|p2a: Electabuzz|move: Protect
|-activate|p2b: Samurott|move: Protect
|move|p1a: Tyranitar|Low Kick|p2b: Samurott
|-activate|p2b: Samurott|move: Protect
|
|-weather|Sandstorm|[upkeep]
|-damage|p2b: Samurott|88/100|[from] Sandstorm
|-damage|p2a: Electabuzz|53/100|[from] Sandstorm
|-damage|p1a: Tyranitar|95/100|[from] Sandstorm
|-sideend|p2: coalossal_idiot|move: Tailwind
|upkeep
|turn|5
|inactive|witty olive has 30 seconds left.
|
|t:|1757006107
|move|p1b: Indeedee|Protect|p1b: Indeedee
|-singleturn|p1b: Indeedee|Protect
|move|p2b: Samurott|Knock Off|p1a: Tyranitar
|-damage|p1a: Tyranitar|50/100
|-enditem|p1a: Tyranitar|Assault Vest|[from] move: Knock Off|[of] p2b: Samurott
|move|p2a: Electabuzz|Thunderbolt|p1a: Tyranitar
|-supereffective|p1a: Tyranitar
|-damage|p1a: Tyranitar|0 fnt
|faint|p1a: Tyranitar
|
|-weather|Sandstorm|[upkeep]
|-damage|p2b: Samurott|82/100|[from] Sandstorm
|-damage|p2a: Electabuzz|48/100|[from] Sandstorm
|-fieldend|move: Psychic Terrain
|upkeep
|turn|6
|-message|witty olive forfeited.
|
|win|coalossal_idiot
|l|☆coalossal_idiot
|player|p2|
||witty olive is ready for game 3.
||coalossal_idiot is ready for game 3.
|uhtml|next|Next: Game 3 of 3
|l|☆witty olive
|player|p1|
|j|☆coalossal_idiot
|player|p2|coalossal_idiot|birdkeeper|
