|j|☆KrisKiwii
|j|☆cobalionjb
|html|KrisKiwiicobalionjb    
|uhtml|bestof|Game 3 of a best-of-3
|t:|1783358084
|gametype|doubles
|player|p1|KrisKiwii|acetrainerf-gen4dp|
|player|p2|cobalionjb|2|
|gen|9
|tier|[Gen 9 Champions] VGC 2026 Reg M-B (Bo3)
|rule|Species Clause: Limit one of each Pokémon
|rule|Item Clause: Limit 1 of each item
|clearpoke
|poke|p1|Metagross, L50, shiny|
|poke|p1|Charizard, L50, M, shiny|
|poke|p1|Incineroar, L50, F, shiny|
|poke|p1|Garchomp, L50, M, shiny|
|poke|p1|Hydreigon, L50, F, shiny|
|poke|p1|Toxapex, L50, M, shiny|
|poke|p2|Charizard, L50, M|
|poke|p2|Kingambit, L50, M|
|poke|p2|Basculegion, L50, M|
|poke|p2|Garchomp, L50, M|
|poke|p2|Whimsicott, L50, M|
|poke|p2|Floette-Eternal, L50, F|
|teampreview|4
|showteam|p1|Metagross||Metagrossite|ClearBody|IronHead,PsychicFangs,BodyPress,Protect|Jolly|||||50|]Charizard||CharizarditeY|Blaze|HeatWave,WeatherBall,SolarBeam,Protect|Timid||M|||50|]Incineroar||SitrusBerry|Intimidate|FlareBlitz,ThroatChop,FakeOut,PartingShot|Impish||F|||50|]Garchomp||LifeOrb|RoughSkin|Earthquake,DragonClaw,RockSlide,Protect|Jolly||M|||50|]Hydreigon||ChoiceScarf|Levitate|DracoMeteor,DarkPulse,Snarl,HeatWave|Modest||F|||50|]Toxapex||Leftovers|Regenerator|Infestation,WideGuard,Toxic,BanefulBunker|Bold||M|||50|
|showteam|p2|Charizard||CharizarditeY|Blaze|WeatherBall,HeatWave,SolarBeam,Protect|Modest||M|||50|]Kingambit||BlackGlasses|Defiant|KowtowCleave,SuckerPunch,SwordsDance,Protect|Adamant||M|||50|]Basculegion||ChoiceScarf|Adaptability|WaveCrash,FlipTurn,AquaJet,LastRespects|Adamant||M|||50|]Garchomp||LifeOrb|RoughSkin|DragonClaw,Earthquake,RockSlide,Protect|Jolly||M|||50|]Whimsicott||FocusSash|Prankster|Moonblast,Tailwind,Encore,Protect|Timid||M|||50|]Floette-Eternal||Floettite|FlowerVeil|DazzlingGleam,Moonblast,LightofRuin,Protect|Modest||F|||50|
|inactive|Battle timer is ON: inactive players will automatically lose when time's up. (requested by KrisKiwii)
|j| N3_ArieL
|j| PaniniWeenie
|j| FBISurveillanceMan
|j| escaperoomvgc
|j| Jim9174
|j| RadiantSteelix
|j| Subzan
|j| Gdrampa
|j| MrGardnHose
|inactive|cobalionjb has 60 seconds left.
|j| iiFWM
|j| jpievgc
|inactive|cobalionjb has 30 seconds left.
|inactive|cobalionjb has 20 seconds left.
|inactive|cobalionjb has 15 seconds left.
|inactive|cobalionjb has 10 seconds left.
|
|t:|1783358166
|teamsize|p1|4
|teamsize|p2|4
|start
|switch|p1a: Xaria|Charizard, L50, M, shiny|100/100
|switch|p1b: Jarrkhan|Garchomp, L50, M, shiny|100/100
|switch|p2a: deaf note|Garchomp, L50, M|100/100
|switch|p2b: Mr. CEO|Basculegion, L50, M|100/100
|turn|1
|j| DinomiteVGC
|
|t:|1783358184
|detailschange|p1a: Xaria|Charizard-Mega-Y, L50, M, shiny
|-mega|p1a: Xaria|Charizard|Charizardite Y
|-weather|SunnyDay|[from] ability: Drought|[of] p1a: Xaria
|move|p1b: Jarrkhan|Protect|p1b: Jarrkhan
|-singleturn|p1b: Jarrkhan|Protect
|move|p1a: Xaria|Protect|p1a: Xaria
|-singleturn|p1a: Xaria|Protect
|move|p2b: Mr. CEO|Flip Turn|p1a: Xaria
|-activate|p1a: Xaria|move: Protect
|move|p2a: deaf note|Dragon Claw|p1b: Jarrkhan
|-activate|p1b: Jarrkhan|move: Protect
|
|-weather|SunnyDay|[upkeep]
|upkeep
|turn|2
|
|t:|1783358195
|move|p2b: Mr. CEO|Flip Turn|p1b: Jarrkhan
|-damage|p1b: Jarrkhan|80/100
|-damage|p2b: Mr. CEO|87/100|[from] ability: Rough Skin|[of] p1b: Jarrkhan
|
|t:|1783358201
|switch|p2b: Legendary Member|Charizard, L50, M|100/100|[from] Flip Turn
|move|p1b: Jarrkhan|Earthquake|p2a: deaf note|[spread] p2a
|-immune|p1a: Xaria
|-immune|p2b: Legendary Member
|-damage|p2a: deaf note|51/100
|-damage|p1b: Jarrkhan|70/100|[from] item: Life Orb
|move|p2a: deaf note|Dragon Claw|p1b: Jarrkhan
|-supereffective|p1b: Jarrkhan|1
|-damage|p1b: Jarrkhan|0 fnt
|-damage|p2a: deaf note|38/100|[from] ability: Rough Skin|[of] p1b: Jarrkhan
|faint|p1b: Jarrkhan
|-damage|p2a: deaf note|29/100|[from] item: Life Orb
|move|p1a: Xaria|Heat Wave|p2a: deaf note|[spread] p2a,p2b
|-resisted|p2a: deaf note|1
|-resisted|p2b: Legendary Member|1
|-damage|p2a: deaf note|0 fnt
|-damage|p2b: Legendary Member|65/100
|faint|p2a: deaf note
|
|-weather|SunnyDay|[upkeep]
|upkeep
|
|t:|1783358218
|switch|p2a: Mr. CEO|Basculegion, L50, M|87/100
|switch|p1b: Ol' Reliable|Incineroar, L50, F, shiny|100/100
|-ability|p1b: Ol' Reliable|Intimidate|boost
|-unboost|p2a: Mr. CEO|atk|1
|-unboost|p2b: Legendary Member|atk|1
|turn|3
|inactive|KrisKiwii has 30 seconds left.
|
|t:|1783358245
|switch|p1a: Cherry|Toxapex, L50, M, shiny|100/100
|detailschange|p2b: Legendary Member|Charizard-Mega-Y, L50, M
|-mega|p2b: Legendary Member|Charizard|Charizardite Y
|move|p2b: Legendary Member|Protect|p2b: Legendary Member
|-singleturn|p2b: Legendary Member|Protect
|move|p2a: Mr. CEO|Wave Crash|p1a: Cherry
|-resisted|p1a: Cherry|1
|-damage|p1a: Cherry|91/100
|-damage|p2a: Mr. CEO|85/100|[from] Recoil
|move|p1b: Ol' Reliable|Parting Shot|p2b: Legendary Member
|-activate|p2b: Legendary Member|move: Protect
|
|-weather|SunnyDay|[upkeep]
|-heal|p1a: Cherry|96/100|[from] item: Leftovers
|upkeep
|turn|4
|
|t:|1783358256
|move|p2a: Mr. CEO|Wave Crash|p1b: Ol' Reliable
|-supereffective|p1b: Ol' Reliable|1
|-damage|p1b: Ol' Reliable|56/100
|-damage|p2a: Mr. CEO|70/100|[from] Recoil
|move|p2b: Legendary Member|Weather Ball|p1b: Ol' Reliable
|-resisted|p1b: Ol' Reliable|1
|-damage|p1b: Ol' Reliable|17/100
|-enditem|p1b: Ol' Reliable|Sitrus Berry|[eat]
|-heal|p1b: Ol' Reliable|42/100|[from] item: Sitrus Berry
|move|p1b: Ol' Reliable|Flare Blitz|p2a: Mr. CEO
|-resisted|p2a: Mr. CEO|1
|-damage|p2a: Mr. CEO|28/100
|-status|p2a: Mr. CEO|brn
|-damage|p1b: Ol' Reliable|29/100|[from] Recoil
|move|p1a: Cherry|Infestation|p2b: Legendary Member
|-resisted|p2b: Legendary Member|2
|-damage|p2b: Legendary Member|64/100
|-activate|p2b: Legendary Member|move: Infestation|[of] p1a: Cherry
|
|-weather|SunnyDay|[upkeep]
|-heal|p1a: Cherry|100/100|[from] item: Leftovers
|-damage|p2a: Mr. CEO|22/100 brn|[from] brn
|-damage|p2b: Legendary Member|52/100|[from] move: Infestation|[partiallytrapped]
|upkeep
|turn|5
|
|t:|1783358272
|move|p2a: Mr. CEO|Wave Crash|p1b: Ol' Reliable
|-supereffective|p1b: Ol' Reliable|1
|-damage|p1b: Ol' Reliable|8/100
|-damage|p2a: Mr. CEO|15/100 brn|[from] Recoil
|move|p2b: Legendary Member|Weather Ball|p1b: Ol' Reliable
|-resisted|p1b: Ol' Reliable|1
|-damage|p1b: Ol' Reliable|0 fnt
|faint|p1b: Ol' Reliable
|move|p1a: Cherry|Infestation|p2a: Mr. CEO
|-resisted|p2a: Mr. CEO|1
|-damage|p2a: Mr. CEO|13/100 brn
|-activate|p2a: Mr. CEO|move: Infestation|[of] p1a: Cherry
|
|-weather|none
|-damage|p2a: Mr. CEO|7/100 brn|[from] brn
|-damage|p2a: Mr. CEO|0 fnt|[from] move: Infestation|[partiallytrapped]
|faint|p2a: Mr. CEO
|-damage|p2b: Legendary Member|39/100|[from] move: Infestation|[partiallytrapped]
|upkeep
|l| jpievgc
|
|t:|1783358276
|switch|p2a: shadeson|Kingambit, L50, M|100/100
|switch|p1b: Xaria|Charizard-Mega-Y, L50, M, shiny|100/100
|-weather|SunnyDay|[from] ability: Drought|[of] p1b: Xaria
|turn|6
|j| jpievgc
|inactive|cobalionjb has 30 seconds left.
|inactive|KrisKiwii has 30 seconds left.
|j| munchie2ff
|inactive|KrisKiwii has 20 seconds left.
|inactive|KrisKiwii has 15 seconds left.
|
|t:|1783358328
|move|p1b: Xaria|Heat Wave|p2a: shadeson|[spread] p2a,p2b
|-supereffective|p2a: shadeson|1
|-resisted|p2b: Legendary Member|1
|-damage|p2a: shadeson|0 fnt
|-damage|p2b: Legendary Member|12/100
|faint|p2a: shadeson
|move|p2b: Legendary Member|Weather Ball|p1a: Cherry
|-resisted|p1a: Cherry|1
|-damage|p1a: Cherry|68/100
|move|p1a: Cherry|Infestation|p2b: Legendary Member
|-resisted|p2b: Legendary Member|2
|-damage|p2b: Legendary Member|11/100
|
|-weather|SunnyDay|[upkeep]
|-heal|p1a: Cherry|73/100|[from] item: Leftovers
|-damage|p2b: Legendary Member|0 fnt|[from] move: Infestation|[partiallytrapped]
|faint|p2b: Legendary Member
|
|win|KrisKiwii
|c|☆KrisKiwii|ggs
|c|☆cobalionjb|ggs
|l| PaniniWeenie
|l| N3_ArieL
|l| DinomiteVGC
|l| Jim9174
|l| RadiantSteelix
|l| Gdrampa
|l| escaperoomvgc
|l| jpievgc
|l| munchie2ff
|l| Subzan
|l| MrGardnHose
|j| jpievgc
|l| jpievgc
|l| FBISurveillanceMan
