|j|☆toughlogvgc
|j|☆Romaniumm
|html|toughlogvgcRomaniumm    
|uhtml|bestof|Game 2 of a best-of-3
|t:|1783887814
|gametype|doubles
|player|p1|toughlogvgc|1|1166
|player|p2|Romaniumm|cynthia-gen4|1157
|gen|9
|tier|[Gen 9 Champions] VGC 2026 Reg M-B (Bo3)
|rated|
|rule|Species Clause: Limit one of each Pokémon
|rule|Item Clause: Limit 1 of each item
|clearpoke
|poke|p1|Charizard, L50, M|
|poke|p1|Garchomp, L50, M|
|poke|p1|Basculegion, L50, M|
|poke|p1|Whimsicott, L50, F|
|poke|p1|Kingambit, L50, F|
|poke|p1|Floette-Eternal, L50, F|
|poke|p2|Pelipper, L50, F|
|poke|p2|Swampert, L50, F|
|poke|p2|Sableye, L50, F|
|poke|p2|Archaludon, L50, M|
|poke|p2|Sinistcha-Masterpiece, L50|
|poke|p2|Floette-Eternal, L50, F|
|teampreview|4
|showteam|p1|Charizard||CharizarditeY|Blaze|HeatWave,SolarBeam,Protect,WeatherBall|Modest||M|||50|]Garchomp||LifeOrb|RoughSkin|DragonClaw,Earthquake,RockSlide,Protect|Jolly||M|||50|]Basculegion||ChoiceScarf|Adaptability|WaveCrash,AquaJet,FlipTurn,LastRespects|Adamant||M|||50|]Whimsicott||FocusSash|Prankster|Moonblast,Tailwind,Protect,Encore|Timid||F|||50|]Kingambit||BlackGlasses|Defiant|IronHead,KowtowCleave,Protect,SuckerPunch|Adamant||F|||50|]Floette-Eternal||Floettite|FlowerVeil|Moonblast,LightofRuin,DazzlingGleam,Protect|Modest||F|||50|
|showteam|p2|Pelipper||FocusSash|Drizzle|Protect,Hurricane,WeatherBall,Tailwind|Modest||F|||50|]Swampert||Swampertite|Torrent|Protect,Earthquake,FlipTurn,WaveCrash|Adamant||F|||50|]Sableye||SitrusBerry|Prankster|FakeOut,RainDance,Encore,FoulPlay|Careful||F|||50|]Archaludon||Leftovers|Stamina|Protect,ElectroShot,DragonPulse,FlashCannon|Modest||M|||50|]Sinistcha-Masterpiece||KasibBerry|Hospitality|Protect,MatchaGotcha,RagePowder,TrickRoom|Calm|||||50|]Floette-Eternal||Floettite|FlowerVeil|Protect,DazzlingGleam,Moonblast,LightofRuin|Timid||F|||50|
|inactive|Battle timer is ON: inactive players will automatically lose when time's up. (requested by toughlogvgc)
|
|t:|1783887893
|teamsize|p1|4
|teamsize|p2|4
|start
|switch|p1a: Floette|Floette-Eternal, L50, F|100/100
|switch|p1b: Whimsicott|Whimsicott, L50, F|100/100
|switch|p2a: Sableye|Sableye, L50, F|100/100
|switch|p2b: Floette|Floette-Eternal, L50, F|100/100
|turn|1
|inactive|toughlogvgc has 30 seconds left.
|
|t:|1783887925
|switch|p1a: Kingambit|Kingambit, L50, F|100/100
|detailschange|p2b: Floette|Floette-Mega, L50, F
|-mega|p2b: Floette|Floette|Floettite
|-ability|p2b: Floette|Fairy Aura
|move|p2a: Sableye|Fake Out|p1b: Whimsicott
|-damage|p1b: Whimsicott|89/100
|cant|p1b: Whimsicott|flinch
|move|p2b: Floette|Dazzling Gleam|p1a: Kingambit|[spread] p1a,p1b
|-crit|p1b: Whimsicott
|-damage|p1a: Kingambit|51/100
|-damage|p1b: Whimsicott|0 fnt
|faint|p1b: Whimsicott
|
|upkeep
|
|t:|1783887939
|switch|p1b: Basculegion|Basculegion, L50, M|100/100
|turn|2
|
|t:|1783887953
|move|p2b: Floette|Protect|p2b: Floette
|-singleturn|p2b: Floette|Protect
|move|p1b: Basculegion|Last Respects|p2b: Floette
|-activate|p2b: Floette|move: Protect
|move|p1a: Kingambit|Iron Head|p2b: Floette
|-activate|p2b: Floette|move: Protect
|move|p2a: Sableye|Foul Play|p1b: Basculegion
|-supereffective|p1b: Basculegion|1
|-damage|p1b: Basculegion|0 fnt
|faint|p1b: Basculegion
|
|upkeep
|
|t:|1783887964
|switch|p1b: Floette|Floette-Eternal, L50, F|100/100
|turn|3
|inactive|Romaniumm has 30 seconds left.
|inactive|Romaniumm has 20 seconds left.
|inactive|Romaniumm has 15 seconds left.
|inactive|Romaniumm has 10 seconds left.
|inactive|Romaniumm has 5 seconds left.
|
|t:|1783888015
|detailschange|p1b: Floette|Floette-Mega, L50, F
|-mega|p1b: Floette|Floette|Floettite
|-ability|p1b: Floette|Fairy Aura
|move|p2a: Sableye|Rain Dance|p2a: Sableye
|-weather|RainDance
|move|p2b: Floette|Dazzling Gleam|p1b: Floette|[spread] p1a,p1b
|-damage|p1a: Kingambit|8/100
|-damage|p1b: Floette|64/100
|move|p1b: Floette|Dazzling Gleam|p2b: Floette|[spread] p2a,p2b
|-supereffective|p2a: Sableye|1
|-damage|p2a: Sableye|0 fnt
|-damage|p2b: Floette|64/100
|faint|p2a: Sableye
|move|p1a: Kingambit|Iron Head|p2b: Floette
|-supereffective|p2b: Floette|1
|-damage|p2b: Floette|0 fnt
|faint|p2b: Floette
|
|-weather|RainDance|[upkeep]
|upkeep
|
|t:|1783888030
|switch|p2b: Sinistcha|Sinistcha-Masterpiece, L50|100/100
|switch|p2a: Archaludon|Archaludon, L50, M|100/100
|turn|4
|inactive|Romaniumm has 30 seconds left.
|inactive|Romaniumm has 20 seconds left.
|
|t:|1783888066
|move|p2b: Sinistcha|Rage Powder|p2b: Sinistcha
|-singleturn|p2b: Sinistcha|move: Rage Powder
|move|p1b: Floette|Light of Ruin|p2b: Sinistcha
|-damage|p2b: Sinistcha|0 fnt
|faint|p2b: Sinistcha
|-damage|p1b: Floette|8/100|[from] Recoil
|move|p2a: Archaludon|Electro Shot||[still]
|-prepare|p2a: Archaludon|Electro Shot
|-boost|p2a: Archaludon|spa|1
|-anim|p2a: Archaludon|Electro Shot|p1a: Kingambit
|-damage|p1a: Kingambit|0 fnt
|faint|p1a: Kingambit
|
|-weather|RainDance|[upkeep]
|upkeep
|turn|5
|
|t:|1783888089
|move|p1b: Floette|Light of Ruin|p2a: Archaludon
|-crit|p2a: Archaludon
|-damage|p2a: Archaludon|0 fnt
|faint|p2a: Archaludon
|-damage|p1b: Floette|0 fnt|[from] Recoil
|faint|p1b: Floette
|
|win|toughlogvgc
|raw|toughlogvgc's rating: 1166 → 1190(+24 for winning)
|raw|Romaniumm's rating: 1157 → 1133(-24 for losing)
