|j|鈽唋vnshdw
|j|鈽哠capegoat11
|html|lvnshdwScapegoat11    
|uhtml|bestof|Game 2 of a best-of-3
|t:|1783550670
|gametype|doubles
|player|p1|lvnshdw|169|
|player|p2|Scapegoat11|hugh|
|gen|9
|tier|[Gen 9 Champions] VGC 2026 Reg M-B (Bo3)
|rule|Species Clause: Limit one of each Pok茅mon
|rule|Item Clause: Limit 1 of each item
|clearpoke
|poke|p1|Gengar, L50, M|
|poke|p1|Incineroar, L50, M|
|poke|p1|Sinistcha-Masterpiece, L50|
|poke|p1|Politoed, L50, M|
|poke|p1|Archaludon, L50, M|
|poke|p1|Swampert, L50, M|
|poke|p2|Sneasler, L50, F|
|poke|p2|Blastoise, L50, M, shiny|
|poke|p2|Kingambit, L50, M|
|poke|p2|Incineroar, L50, M|
|poke|p2|Delphox, L50, F, shiny|
|poke|p2|Sinistcha, L50|
|teampreview|4
|showteam|p1|Gengar||Gengarite|CursedBody|ShadowBall,PerishSong,Disable,Protect|Timid||M|||50|]Incineroar||ChopleBerry|Intimidate|ThroatChop,FakeOut,PartingShot,Protect|Relaxed||M|||50|]Sinistcha-Masterpiece||ColburBerry|Hospitality|MatchaGotcha,ShadowBall,RagePowder,Protect|Relaxed|||||50|]Politoed||Leftovers|Drizzle|WeatherBall,PerishSong,Encore,Protect|Calm||M|||50|]Archaludon||FocusSash|Stalwart|FlashCannon,DragonPulse,ElectroShot,Protect|Timid||M|||50|]Swampert||Swampertite|Damp|Liquidation,HighHorsepower,IcePunch,Protect|Jolly||M|||50|
|showteam|p2|Sneasler||FocusSash|PoisonTouch|PoisonJab,CloseCombat,FakeOut,QuickGuard|Jolly||F|||50|]Blastoise||Blastoisinite|RainDish|DarkPulse,WaterSpout,ShellSmash,Protect|Modest||M|||50|]Kingambit||BlackGlasses|Defiant|KowtowCleave,SuckerPunch,SwordsDance,Protect|Adamant||M|||50|]Incineroar||SitrusBerry|Intimidate|FlareBlitz,HelpingHand,PartingShot,FakeOut|Careful||M|||50|]Delphox||Delphoxite|Blaze|HeatWave,NastyPlot,Psyshock,Protect|Modest||F|||50|]Sinistcha||KasibBerry|Hospitality|MatchaGotcha,RagePowder,TrickRoom,Protect|Bold|||||50|
|c|鈽唋vnshdw|i dont know how much shadow ball does
|c|鈽唋vnshdw|so perish was the guaranteed win
|c|鈽哠capegoat11|I'm sneasler
|c|鈽哠capegoat11|It does more than my poison jabs do
|c|鈽哠capegoat11|I won't lie and say it wasn't guaranteed but idk if it was necessary
|c|鈽唋vnshdw|honestly quick guard is kinda useless
|c|鈽唋vnshdw|i mean u got fake out too
|c|鈽哠capegoat11|It's really not
|c|鈽哠capegoat11|Gengar is immune to Fake out
|c|鈽唋vnshdw|i mean its ur choice but maybe run throat chop
|c|鈽哠capegoat11|Sneasler quick guard protects Delphox from sucker punch
|c|鈽唋vnshdw|OOOHHHHHH
|c|鈽唋vnshdw|tuff
|c|鈽唋vnshdw|but
|c|鈽哠capegoat11|Throat chop is also helpful sometimes but usually HH + Mega's spread move is just better
|c|鈽唋vnshdw|u could use like farigiraf
|c|鈽唋vnshdw|for permanent quick guard
|c|鈽哠capegoat11|I could use farigiraf, but I also want sneasler to have fighting coverage
|c|鈽哠capegoat11|Farigiraf takes kowtow badly
|c|鈽哠capegoat11|Gambit also hates to see Sneasler
|c|鈽哠capegoat11|Gambit being Delphox's biggest enemy
|c|鈽唋vnshdw|fair
|c|鈽哠capegoat11|So having both makes it really hard for opposing gambit to position meaningfully
|c|鈽唋vnshdw|r u ready?
|c|鈽哠capegoat11|Yea
|c|鈽哠capegoat11|I just wanted to answer questions lol
|c|鈽唋vnshdw|ok
|c|鈽唋vnshdw|:)
|
|t:|1783550932
|teamsize|p1|4
|teamsize|p2|4
|start
|switch|p1a: Incineroar|Incineroar, L50, M|100/100
|switch|p1b: Politoed|Politoed, L50, M|100/100
|switch|p2a: Sneasler|Sneasler, L50, F|100/100
|switch|p2b: Kingambit|Kingambit, L50, M|100/100
|-weather|RainDance|[from] ability: Drizzle|[of] p1b: Politoed
|-ability|p1a: Incineroar|Intimidate|boost
|-unboost|p2a: Sneasler|atk|1
|-unboost|p2b: Kingambit|atk|1
|-ability|p2b: Kingambit|Defiant|boost
|-boost|p2b: Kingambit|atk|2
|turn|1
|
|t:|1783550973
|switch|p2a: Incineroar|Incineroar, L50, M|100/100
|-ability|p2a: Incineroar|Intimidate|boost
|-unboost|p1a: Incineroar|atk|1
|-unboost|p1b: Politoed|atk|1
|move|p1a: Incineroar|Fake Out|p2b: Kingambit
|-resisted|p2b: Kingambit|1
|-damage|p2b: Kingambit|97/100
|move|p1b: Politoed|Perish Song|p1b: Politoed
|-start|p1a: Incineroar|perish3|[silent]
|-start|p1b: Politoed|perish3|[silent]
|-start|p2a: Incineroar|perish3|[silent]
|-start|p2b: Kingambit|perish3|[silent]
|-fieldactivate|move: Perish Song
|cant|p2b: Kingambit|flinch
|
|-weather|RainDance|[upkeep]
|-start|p2a: Incineroar|perish3
|-start|p1b: Politoed|perish3
|-start|p1a: Incineroar|perish3
|-start|p2b: Kingambit|perish3
|upkeep
|turn|2
|
|t:|1783550989
|move|p1b: Politoed|Protect|p1b: Politoed
|-singleturn|p1b: Politoed|Protect
|move|p1a: Incineroar|Protect|p1a: Incineroar
|-singleturn|p1a: Incineroar|Protect
|move|p2a: Incineroar|Fake Out|p1a: Incineroar
|-activate|p1a: Incineroar|move: Protect
|move|p2b: Kingambit|Swords Dance|p2b: Kingambit
|-boost|p2b: Kingambit|atk|2
|
|-weather|RainDance|[upkeep]
|-start|p2a: Incineroar|perish2
|-start|p1b: Politoed|perish2
|-start|p1a: Incineroar|perish2
|-start|p2b: Kingambit|perish2
|upkeep
|turn|3
|
|t:|1783551007
|move|p2a: Incineroar|Parting Shot|p1a: Incineroar
|-unboost|p1a: Incineroar|atk|1
|-unboost|p1a: Incineroar|spa|1
|
|t:|1783551024
|switch|p2a: Sneasler|Sneasler, L50, F|100/100|[from] Parting Shot
|move|p1b: Politoed|Encore|p2b: Kingambit
|-start|p2b: Kingambit|Encore
|move|p1a: Incineroar|Parting Shot|p2a: Sneasler
|-unboost|p2a: Sneasler|atk|1
|-unboost|p2a: Sneasler|spa|1
|
|t:|1783551031
|switch|p1a: Gengar|Gengar, L50, M|100/100|[from] Parting Shot
|move|p2b: Kingambit|Swords Dance|p2b: Kingambit
|-boost|p2b: Kingambit|atk|2
|
|-weather|RainDance|[upkeep]
|-start|p1b: Politoed|perish1
|-start|p2b: Kingambit|perish1
|upkeep
|turn|4
|
|t:|1783551041
|switch|p2b: Incineroar|Incineroar, L50, M|100/100
|-ability|p2b: Incineroar|Intimidate|boost
|-unboost|p1a: Gengar|atk|1
|-unboost|p1b: Politoed|atk|1
|detailschange|p1a: Gengar|Gengar-Mega, L50, M
|-mega|p1a: Gengar|Gengar|Gengarite
|move|p1a: Gengar|Protect|p1a: Gengar
|-singleturn|p1a: Gengar|Protect
|move|p1b: Politoed|Protect|p1b: Politoed
|-singleturn|p1b: Politoed|Protect
|move|p2a: Sneasler|Fake Out|p1b: Politoed
|-activate|p1b: Politoed|move: Protect
|
|-weather|RainDance|[upkeep]
|-start|p1b: Politoed|perish0
|faint|p1b: Politoed
|upkeep
|
|t:|1783551077
|switch|p1b: Incineroar|Incineroar, L50, M|100/100
|-ability|p1b: Incineroar|Intimidate|boost
|-unboost|p2a: Sneasler|atk|1
|-unboost|p2b: Incineroar|atk|1
|turn|5
|
|t:|1783551106
|move|p2b: Incineroar|Helping Hand|p2a: Sneasler
|-singleturn|p2a: Sneasler|Helping Hand|[of] p2b: Incineroar
|move|p2a: Sneasler|Close Combat|p1b: Incineroar
|-supereffective|p1b: Incineroar|1
|-enditem|p1b: Incineroar|Chople Berry|[eat]
|-enditem|p1b: Incineroar|Chople Berry|[weaken]
|-damage|p1b: Incineroar|63/100
|-unboost|p2a: Sneasler|def|1
|-unboost|p2a: Sneasler|spd|1
|move|p1a: Gengar|Perish Song|p1a: Gengar
|-start|p1a: Gengar|perish3|[silent]
|-start|p1b: Incineroar|perish3|[silent]
|-start|p2a: Sneasler|perish3|[silent]
|-start|p2b: Incineroar|perish3|[silent]
|-fieldactivate|move: Perish Song
|move|p1b: Incineroar|Parting Shot|p2a: Sneasler
|-unboost|p2a: Sneasler|atk|1
|-unboost|p2a: Sneasler|spa|1
|c|鈽唋vnshdw|i thought u'd quick guard
|
|t:|1783551122
|switch|p1b: Archaludon|Archaludon, L50, M|100/100|[from] Parting Shot
|
|-weather|none
|-start|p2a: Sneasler|perish3
|-start|p1a: Gengar|perish3
|-start|p2b: Incineroar|perish3
|upkeep
|turn|6
|c|鈽哠capegoat11|I thought abt it
|
|t:|1783551138
|move|p1a: Gengar|Protect|p1a: Gengar
|-singleturn|p1a: Gengar|Protect
|move|p1b: Archaludon|Protect|p1b: Archaludon
|-singleturn|p1b: Archaludon|Protect
|move|p2a: Sneasler|Close Combat|p1b: Archaludon
|-activate|p1b: Archaludon|move: Protect
|move|p2b: Incineroar|Parting Shot|p1b: Archaludon
|-activate|p1b: Archaludon|move: Protect
|
|-start|p2a: Sneasler|perish2
|-start|p1a: Gengar|perish2
|-start|p2b: Incineroar|perish2
|upkeep
|turn|7
|
|t:|1783551165
|move|p2a: Sneasler|Close Combat|p1b: Archaludon
|-supereffective|p1b: Archaludon|1
|-damage|p1b: Archaludon|56/100
|-unboost|p2a: Sneasler|def|1
|-unboost|p2a: Sneasler|spd|1
|move|p1a: Gengar|Disable|p2b: Incineroar
|-start|p2b: Incineroar|Disable|Parting Shot
|move|p1b: Archaludon|Electro Shot||[still]
|-prepare|p1b: Archaludon|Electro Shot
|-boost|p1b: Archaludon|spa|1
|cant|p2b: Incineroar|Disable|Parting Shot
|
|-start|p2a: Sneasler|perish1
|-start|p1a: Gengar|perish1
|-start|p2b: Incineroar|perish1
|upkeep
|turn|8
|c|鈽哠capegoat11|Disable was good
|c|鈽唋vnshdw|ty
|
|t:|1783551184
|switch|p1a: Incineroar|Incineroar, L50, M|63/100
|-ability|p1a: Incineroar|Intimidate|boost
|-unboost|p2a: Sneasler|atk|1
|-unboost|p2b: Incineroar|atk|1
|move|p2b: Incineroar|Helping Hand|p2a: Sneasler
|-singleturn|p2a: Sneasler|Helping Hand|[of] p2b: Incineroar
|move|p2a: Sneasler|Close Combat|p1b: Archaludon
|-supereffective|p1b: Archaludon|1
|-damage|p1b: Archaludon|2/100
|-unboost|p2a: Sneasler|def|1
|-unboost|p2a: Sneasler|spd|1
|move|p1b: Archaludon|Electro Shot|p2a: Sneasler|[from] lockedmove
|-enditem|p2a: Sneasler|Focus Sash
|-damage|p2a: Sneasler|1/100
|
|-start|p2a: Sneasler|perish0
|-start|p2b: Incineroar|perish0
|upkeep
|faint|p2a: Sneasler
|faint|p2b: Incineroar
|
|t:|1783551196
|switch|p2a: Blastoise|Blastoise, L50, M, shiny|100/100
|switch|p2b: Kingambit|Kingambit, L50, M|97/100
|turn|9
|c|鈽唋vnshdw|this is no bulk btw
|c|鈽哠capegoat11|I was also like -4
|c|鈽唋vnshdw|i mean yeah but like...
|c|鈽唋vnshdw|it's sneasler
|c|鈽哠capegoat11|Having 33% of my base attack really feels reasonable that you lived LMAO
|c|鈽哠capegoat11|You're also bridge
|c|鈽唋vnshdw|fair
|c|鈽唋vnshdw|focus sash stalwart is so good
|
|t:|1783551270
|switch|p1b: Gengar|Gengar-Mega, L50, M|100/100
|move|p2a: Blastoise|Protect|p2a: Blastoise
|-singleturn|p2a: Blastoise|Protect
|move|p2b: Kingambit|Protect|p2b: Kingambit
|-singleturn|p2b: Kingambit|Protect
|move|p1a: Incineroar|Fake Out|p2a: Blastoise
|-activate|p2a: Blastoise|move: Protect
|
|upkeep
|turn|10
|c|鈽唋vnshdw|nobody expects it
|
|t:|1783551292
|detailschange|p2a: Blastoise|Blastoise-Mega, L50, M, shiny
|-mega|p2a: Blastoise|Blastoise|Blastoisinite
|move|p1b: Gengar|Perish Song|p1b: Gengar
|-start|p1a: Incineroar|perish3|[silent]
|-start|p1b: Gengar|perish3|[silent]
|-start|p2a: Blastoise|perish3|[silent]
|-start|p2b: Kingambit|perish3|[silent]
|-fieldactivate|move: Perish Song
|move|p2a: Blastoise|Water Spout|p1b: Gengar|[spread] p1a,p1b
|-supereffective|p1a: Incineroar|1
|-damage|p1a: Incineroar|0 fnt
|-damage|p1b: Gengar|20/100y
|faint|p1a: Incineroar
|move|p2b: Kingambit|Kowtow Cleave|p1b: Gengar
|-supereffective|p1b: Gengar|1
|-damage|p1b: Gengar|0 fnt
|faint|p1b: Gengar
|
|-start|p2a: Blastoise|perish3
|-start|p2b: Kingambit|perish3
|upkeep
|
|t:|1783551300
|switch|p1b: Archaludon|Archaludon, L50, M|2/100
|turn|11
|c|鈽唋vnshdw|gg
|
|t:|1783551308
|move|p1b: Archaludon|Protect|p1b: Archaludon
|-singleturn|p1b: Archaludon|Protect
|move|p2b: Kingambit|Sucker Punch||[still]
|-fail|p2b: Kingambit
|move|p2a: Blastoise|Dark Pulse|p1b: Archaludon
|-activate|p1b: Archaludon|move: Protect
|
|-start|p2a: Blastoise|perish2
|-start|p2b: Kingambit|perish2
|upkeep
|turn|12
|c|鈽哠capegoat11|gg
|
|t:|1783551315
|move|p1b: Archaludon|Protect||[still]
|-fail|p1b: Archaludon
|move|p2b: Kingambit|Sucker Punch||[still]
|-fail|p2b: Kingambit
|move|p2a: Blastoise|Dark Pulse|p1b: Archaludon
|-damage|p1b: Archaludon|0 fnt
|faint|p1b: Archaludon
|
|win|Scapegoat11
||lvnshdw is ready for game 3.
