|j|☆wifike
|j|☆NoitUK_VGC
|html|wifikeNoitUK_VGC    
|uhtml|bestof|Game 3 of a best-of-3
|t:|1784879048
|gametype|doubles
|player|p1|wifike|2|1000
|player|p2|NoitUK_VGC|266|1130
|gen|9
|tier|[Gen 9 Champions] VGC 2026 Reg M-B (Bo3)
|rated|
|rule|Species Clause: Limit one of each Pokémon
|rule|Item Clause: Limit 1 of each item
|clearpoke
|poke|p1|Kingambit, L50, F|
|poke|p1|Garchomp, L50, F|
|poke|p1|Farigiraf, L50, F|
|poke|p1|Charizard, L50, M|
|poke|p1|Sylveon, L50, F|
|poke|p1|Aerodactyl, L50, M|
|poke|p2|Gengar, L50, F|
|poke|p2|Ninetales-Alola, L50, M|
|poke|p2|Incineroar, L50, F|
|poke|p2|Kingambit, L50, F|
|poke|p2|Staraptor, L50, F|
|poke|p2|Garchomp, L50, M|
|teampreview|4
|showteam|p1|Kingambit||BlackGlasses|Defiant|Protect,IronHead,SuckerPunch,KowtowCleave|Brave||F|||50|]Garchomp||LifeOrb|RoughSkin|DragonClaw,Earthquake,RockSlide,Protect|Jolly||F|||50|]Farigiraf||SitrusBerry|ArmorTail|TwinBeam,Thunderbolt,TrickRoom,HelpingHand|Bold||F|||50|]Charizard||CharizarditeY|Blaze|Protect,HeatWave,SolarBeam,WeatherBall|Modest||M|||50|]Sylveon||FairyFeather|Pixilate|Detect,HyperBeam,HyperVoice,QuickAttack|Modest||F|||50|]Aerodactyl||Aerodactylite|Unnerve|WideGuard,RockSlide,DualWingbeat,Tailwind|Jolly||M|||50|
|showteam|p2|Gengar||Gengarite|CursedBody|ShadowBall,SludgeBomb,Protect,PerishSong|Timid||F|||50|]Ninetales-Alola||NeverMeltIce|SnowWarning|Blizzard,Encore,Protect,Disable|Timid||M|||50|]Incineroar||SitrusBerry|Intimidate|FlareBlitz,PartingShot,Protect,FakeOut|Relaxed||F|||50|]Kingambit||BlackGlasses|Defiant|KowtowCleave,SuckerPunch,Protect,LowKick|Adamant||F|||50|]Staraptor||ChoiceScarf|Intimidate|FinalGambit,CloseCombat,BraveBird,Uturn|Jolly||F|||50|]Garchomp||LifeOrb|RoughSkin|Protect,RockSlide,StompingTantrum,DragonClaw|Adamant||M|||50|
|inactive|Battle timer is ON: inactive players will automatically lose when time's up. (requested by wifike)
|inactive|NoitUK_VGC has 60 seconds left.
|
|t:|1784879092
|teamsize|p1|4
|teamsize|p2|4
|start
|switch|p1a: Aerodactyl|Aerodactyl, L50, M|100/100
|switch|p1b: Charizard|Charizard, L50, M|100/100
|switch|p2a: Staraptor|Staraptor, L50, F|100/100
|switch|p2b: Gengar|Gengar, L50, F|100/100
|-ability|p1a: Aerodactyl|Unnerve
|-ability|p2a: Staraptor|Intimidate|boost
|-unboost|p1a: Aerodactyl|atk|1
|-unboost|p1b: Charizard|atk|1
|turn|1
|inactive|wifike has 30 seconds left.
|
|t:|1784879124
|detailschange|p2b: Gengar|Gengar-Mega, L50, F
|-mega|p2b: Gengar|Gengar|Gengarite
|move|p1b: Charizard|Protect|p1b: Charizard
|-singleturn|p1b: Charizard|Protect
|move|p2a: Staraptor|Final Gambit|p1b: Charizard
|-activate|p1b: Charizard|move: Protect
|move|p2b: Gengar|Perish Song|p2b: Gengar
|-start|p1a: Aerodactyl|perish3|[silent]
|-start|p1b: Charizard|perish3|[silent]
|-start|p2a: Staraptor|perish3|[silent]
|-start|p2b: Gengar|perish3|[silent]
|-fieldactivate|move: Perish Song
|move|p1a: Aerodactyl|Tailwind|p1a: Aerodactyl
|-sidestart|p1: wifike|move: Tailwind
|
|-start|p1a: Aerodactyl|perish3
|-start|p1b: Charizard|perish3
|-start|p2a: Staraptor|perish3
|-start|p2b: Gengar|perish3
|upkeep
|turn|2
|
|t:|1784879141
|switch|p2a: Garchomp|Garchomp, L50, M|100/100
|detailschange|p1b: Charizard|Charizard-Mega-Y, L50, M
|-mega|p1b: Charizard|Charizard|Charizardite Y
|-weather|SunnyDay|[from] ability: Drought|[of] p1b: Charizard
|move|p2b: Gengar|Protect|p2b: Gengar
|-singleturn|p2b: Gengar|Protect
|move|p1a: Aerodactyl|Rock Slide|p2a: Garchomp|[spread] p2a
|-activate|p2b: Gengar|move: Protect
|-resisted|p2a: Garchomp|1
|-damage|p2a: Garchomp|93/100
|move|p1b: Charizard|Weather Ball|p2a: Garchomp
|-resisted|p2a: Garchomp|1
|-damage|p2a: Garchomp|51/100
|
|-weather|SunnyDay|[upkeep]
|-start|p1a: Aerodactyl|perish2
|-start|p1b: Charizard|perish2
|-start|p2b: Gengar|perish2
|upkeep
|turn|3
|inactive|NoitUK_VGC has 30 seconds left.
|
|t:|1784879175
|move|p1a: Aerodactyl|Dual Wingbeat|p2a: Garchomp
|-damage|p2a: Garchomp|42/100
|-damage|p1a: Aerodactyl|87/100|[from] ability: Rough Skin|[of] p2a: Garchomp
|-damage|p2a: Garchomp|33/100
|-damage|p1a: Aerodactyl|75/100|[from] ability: Rough Skin|[of] p2a: Garchomp
|-hitcount|p2a: Garchomp|2
|move|p1b: Charizard|Heat Wave|p2a: Garchomp|[spread] p2b
|-miss|p1b: Charizard|p2a: Garchomp
|-damage|p2b: Gengar|33/100
|move|p2b: Gengar|Shadow Ball|p1a: Aerodactyl
|-damage|p1a: Aerodactyl|18/100
|move|p2a: Garchomp|Rock Slide|p1b: Charizard|[spread] p1a,p1b
|-supereffective|p1a: Aerodactyl|1
|-supereffective|p1b: Charizard|2
|-damage|p1a: Aerodactyl|0 fnt
|-damage|p1b: Charizard|0 fnt
|faint|p1a: Aerodactyl
|faint|p1b: Charizard
|-damage|p2a: Garchomp|23/100|[from] item: Life Orb
|
|-weather|SunnyDay|[upkeep]
|-start|p2b: Gengar|perish1
|upkeep
|
|t:|1784879187
|switch|p1a: Sylveon|Sylveon, L50, F|100/100
|switch|p1b: Garchomp|Garchomp, L50, F|100/100
|turn|4
|inactive|NoitUK_VGC has 30 seconds left.
|
|t:|1784879217
|move|p2a: Garchomp|Protect|p2a: Garchomp
|-singleturn|p2a: Garchomp|Protect
|move|p1b: Garchomp|Dragon Claw|p2b: Gengar
|-damage|p2b: Gengar|0 fnt
|faint|p2b: Gengar
|-damage|p1b: Garchomp|90/100|[from] item: Life Orb
|move|p1a: Sylveon|Hyper Voice|p2a: Garchomp
|-activate|p2a: Garchomp|move: Protect
|
|-weather|SunnyDay|[upkeep]
|-sideend|p1: wifike|move: Tailwind
|upkeep
|
|t:|1784879235
|switch|p2b: Kingambit|Kingambit, L50, F|100/100
|turn|5
|
|t:|1784879257
|move|p1b: Garchomp|Rock Slide|p2a: Garchomp|[spread] p2b
|-miss|p1b: Garchomp|p2a: Garchomp
|-resisted|p2b: Kingambit|1
|-damage|p2b: Kingambit|91/100
|-damage|p1b: Garchomp|80/100|[from] item: Life Orb
|move|p2a: Garchomp|Dragon Claw|p1b: Garchomp
|-supereffective|p1b: Garchomp|1
|-damage|p1b: Garchomp|0 fnt
|-damage|p2a: Garchomp|11/100|[from] ability: Rough Skin|[of] p1b: Garchomp
|faint|p1b: Garchomp
|-damage|p2a: Garchomp|1/100|[from] item: Life Orb
|move|p1a: Sylveon|Hyper Voice|p2a: Garchomp|[spread] p2a,p2b
|-supereffective|p2a: Garchomp|1
|-crit|p2a: Garchomp
|-damage|p2a: Garchomp|0 fnt
|-damage|p2b: Kingambit|44/100
|faint|p2a: Garchomp
|cant|p2b: Kingambit|flinch
|
|-weather|SunnyDay|[upkeep]
|upkeep
|
|t:|1784879274
|switch|p2a: Staraptor|Staraptor, L50, F|100/100
|-ability|p2a: Staraptor|Intimidate|boost
|-unboost|p1a: Sylveon|atk|1
|turn|6
|
|t:|1784879281
|move|p1a: Sylveon|Detect|p1a: Sylveon
|-singleturn|p1a: Sylveon|Protect
|move|p2a: Staraptor|Final Gambit|p1a: Sylveon
|-activate|p1a: Sylveon|move: Protect
|move|p2b: Kingambit|Kowtow Cleave|p1a: Sylveon
|-activate|p1a: Sylveon|move: Protect
|
|-weather|none
|upkeep
|turn|7
|
|t:|1784879291
|move|p1a: Sylveon|Detect||[still]
|-fail|p1a: Sylveon
|move|p2a: Staraptor|Final Gambit|p1a: Sylveon
|-damage|p1a: Sylveon|0 fnt
|faint|p2a: Staraptor
|faint|p1a: Sylveon
|
|win|NoitUK_VGC
|raw|wifike's rating: 1000 → 1000(+0 for losing)
|raw|NoitUK_VGC's rating: 1130 → 1146(+16 for winning)
