|j|☆Bay13
|j|☆sum1dum
|html|Bay13sum1dum    
|uhtml|bestof|Game 1 of a best-of-3
|t:|1784766558
|gametype|doubles
|player|p1|Bay13|266|1130
|player|p2|sum1dum|rosa|1140
|gen|9
|tier|[Gen 9 Champions] VGC 2026 Reg M-B (Bo3)
|rated|
|rule|Species Clause: Limit one of each Pokémon
|rule|Item Clause: Limit 1 of each item
|clearpoke
|poke|p1|Golurk, L50|
|poke|p1|Farigiraf, L50, M|
|poke|p1|Meganium, L50, M|
|poke|p1|Whimsicott, L50, F|
|poke|p1|Incineroar, L50, M|
|poke|p1|Basculegion, L50, M|
|poke|p2|Tyranitar, L50, M|
|poke|p2|Excadrill, L50, M|
|poke|p2|Meganium, L50, F|
|poke|p2|Corviknight, L50, M|
|poke|p2|Basculegion, L50, M|
|poke|p2|Kommo-o, L50, F, shiny|
|teampreview|4
|showteam|p1|Golurk||Golurkite|IronFist|HeadlongRush,ShadowPunch,CloseCombat,Protect|Adamant|||||50|]Farigiraf||SitrusBerry|ArmorTail|Psychic,Thunderbolt,HelpingHand,TrickRoom|Quiet||M|||50|]Meganium||Meganiumite|Overgrow|SolarBeam,WeatherBall,Synthesis,Protect|Timid||M|||50|]Whimsicott||FocusSash|Prankster|Moonblast,Tailwind,Encore,WorrySeed|Bold||F|||50|]Incineroar||WhiteHerb|Intimidate|FakeOut,FlareBlitz,DarkestLariat,CloseCombat|Adamant||M|||50|]Basculegion||ChoiceScarf|Adaptability|WaveCrash,LastRespects,AquaJet,PsychicFangs|Jolly||M|||50|
|showteam|p2|Tyranitar||Tyranitarite|SandStream|KnockOff,RockSlide,Protect,IcePunch|Adamant||M|||50|]Excadrill||FocusSash|SandRush|HighHorsepower,IronHead,RockSlide,Protect|Jolly||M|||50|]Meganium||Meganiumite|LeafGuard|WeatherBall,DazzlingGleam,SolarBeam,Protect|Modest||F|||50|]Corviknight||Leftovers|MirrorArmor|BraveBird,Roost,Tailwind,IronHead|Impish||M|||50|]Basculegion||ChoiceScarf|Adaptability|AquaJet,FlipTurn,LastRespects,WaveCrash|Adamant||M|||50|]Kommo-o||SitrusBerry|Overcoat|ClangorousSoul,ClangingScales,AuraSphere,Protect|Modest||F|||50|
|inactive|Battle timer is ON: inactive players will automatically lose when time's up. (requested by sum1dum)
|inactive|Bay13 has 60 seconds left.
|inactive|sum1dum has 60 seconds left.
|
|t:|1784766615
|teamsize|p1|4
|teamsize|p2|4
|start
|switch|p1a: Incineroar|Incineroar, L50, M|100/100
|switch|p1b: Whimsicott|Whimsicott, L50, F|100/100
|switch|p2a: Larinoth|Meganium, L50, F|100/100
|switch|p2b: Kushala Daora|Corviknight, L50, M|100/100
|-ability|p1a: Incineroar|Intimidate|boost
|-unboost|p2a: Larinoth|atk|1
|-ability|p2b: Kushala Daora|Mirror Armor
|-unboost|p1a: Incineroar|atk|1
|-enditem|p1a: Incineroar|White Herb
|-clearnegativeboost|p1a: Incineroar|[silent]
|turn|1
|inactive|sum1dum has 30 seconds left.
|inactive|sum1dum has 20 seconds left.
|inactive|sum1dum has 15 seconds left.
|inactive|sum1dum has 10 seconds left.
|
|t:|1784766660
|move|p1b: Whimsicott|Tailwind|p1b: Whimsicott
|-sidestart|p1: Bay13|move: Tailwind
|move|p1a: Incineroar|Flare Blitz|p2b: Kushala Daora
|-supereffective|p2b: Kushala Daora|1
|-damage|p2b: Kushala Daora|15/100
|-damage|p1a: Incineroar|71/100|[from] Recoil
|move|p2a: Larinoth|Dazzling Gleam|p1b: Whimsicott|[spread] p1a,p1b
|-damage|p1a: Incineroar|55/100
|-damage|p1b: Whimsicott|74/100
|move|p2b: Kushala Daora|Tailwind|p2b: Kushala Daora
|-sidestart|p2: sum1dum|move: Tailwind
|
|-heal|p2b: Kushala Daora|20/100y|[from] item: Leftovers
|upkeep
|turn|2
|
|t:|1784766682
|detailschange|p2a: Larinoth|Meganium-Mega, L50, F
|-mega|p2a: Larinoth|Meganium|Meganiumite
|move|p1b: Whimsicott|Encore|p2b: Kushala Daora
|-start|p2b: Kushala Daora|Encore
|move|p2a: Larinoth|Dazzling Gleam|p1a: Incineroar|[spread] p1a,p1b
|-damage|p1a: Incineroar|19/100
|-damage|p1b: Whimsicott|26/100
|move|p2b: Kushala Daora|Tailwind||[still]
|-fail|p2b: Kushala Daora
|move|p1a: Incineroar|Flare Blitz|p2a: Larinoth
|-supereffective|p2a: Larinoth|1
|-damage|p2a: Larinoth|0 fnt
|faint|p2a: Larinoth
|-damage|p1a: Incineroar|0 fnt|[from] Recoil
|faint|p1a: Incineroar
|
|-heal|p2b: Kushala Daora|26/100|[from] item: Leftovers
|upkeep
|
|t:|1784766698
|switch|p2a: Nibelsnarf|Excadrill, L50, M|100/100
|switch|p1a: Golurk|Golurk, L50|100/100
|turn|3
|
|t:|1784766717
|switch|p2b: Diablos|Tyranitar, L50, M|100/100
|-weather|Sandstorm|[from] ability: Sand Stream|[of] p2b: Diablos
|move|p2a: Nibelsnarf|High Horsepower|p1a: Golurk
|-damage|p1a: Golurk|41/100
|move|p1b: Whimsicott|Moonblast|p2a: Nibelsnarf
|-resisted|p2a: Nibelsnarf|1
|-damage|p2a: Nibelsnarf|82/100
|move|p1a: Golurk|Close Combat|p2b: Diablos
|-supereffective|p2b: Diablos|2
|-damage|p2b: Diablos|0 fnt
|-unboost|p1a: Golurk|def|1
|-unboost|p1a: Golurk|spd|1
|faint|p2b: Diablos
|
|-weather|Sandstorm|[upkeep]
|-damage|p1b: Whimsicott|20/100y|[from] Sandstorm
|upkeep
|
|t:|1784766720
|switch|p2b: Kushala Daora|Corviknight, L50, M|26/100
|turn|4
|
|t:|1784766732
|move|p1b: Whimsicott|Worry Seed|p2a: Nibelsnarf
|-ability|p2a: Nibelsnarf|Insomnia|Sand Rush|[from] move: Worry Seed
|move|p2a: Nibelsnarf|High Horsepower|p1a: Golurk
|-damage|p1a: Golurk|0 fnt
|faint|p1a: Golurk
|move|p2b: Kushala Daora|Iron Head|p1b: Whimsicott
|-supereffective|p1b: Whimsicott|1
|-damage|p1b: Whimsicott|0 fnt
|faint|p1b: Whimsicott
|
|-weather|Sandstorm|[upkeep]
|-heal|p2b: Kushala Daora|32/100|[from] item: Leftovers
|-sideend|p1: Bay13|move: Tailwind
|-sideend|p2: sum1dum|move: Tailwind
|upkeep
|
|t:|1784766739
|switch|p1b: Farigiraf|Farigiraf, L50, M|100/100
|turn|5
|
|t:|1784766746
|move|p2a: Nibelsnarf|High Horsepower|p1b: Farigiraf
|-damage|p1b: Farigiraf|50/100g
|move|p2b: Kushala Daora|Roost|p2b: Kushala Daora
|-heal|p2b: Kushala Daora|82/100
|-singleturn|p2b: Kushala Daora|move: Roost
|move|p1b: Farigiraf|Thunderbolt|p2b: Kushala Daora
|-damage|p2b: Kushala Daora|57/100
|
|-weather|Sandstorm|[upkeep]
|-damage|p1b: Farigiraf|44/100|[from] Sandstorm
|-enditem|p1b: Farigiraf|Sitrus Berry|[eat]
|-heal|p1b: Farigiraf|69/100|[from] item: Sitrus Berry
|-heal|p2b: Kushala Daora|62/100|[from] item: Leftovers
|upkeep
|turn|6
|
|t:|1784766762
|move|p2a: Nibelsnarf|High Horsepower|p1b: Farigiraf
|-damage|p1b: Farigiraf|19/100
|move|p2b: Kushala Daora|Brave Bird|p1b: Farigiraf
|-damage|p1b: Farigiraf|0 fnt
|faint|p1b: Farigiraf
|-damage|p2b: Kushala Daora|55/100|[from] Recoil
|
|win|sum1dum
