|j|â˜†JasonX7-7
|j|â˜†RedGyaradosLuke
|html|JasonX7-7RedGyaradosLuke    
|uhtml|bestof|Game 2 of a best-of-3
|t:|1782520052
|gametype|doubles
|player|p1|JasonX7-7|veteran|1092
|player|p2|RedGyaradosLuke|harlequin|1000
|gen|9
|tier|[Gen 9 Champions] VGC 2026 Reg M-B (Bo3)
|rated|
|rule|Species Clause: Limit one of each PokÃ©mon
|rule|Item Clause: Limit 1 of each item
|clearpoke
|poke|p1|Sinistcha-Masterpiece, L50, shiny|
|poke|p1|Swampert, L50, F|
|poke|p1|Pelipper, L50, F|
|poke|p1|Archaludon, L50, M, shiny|
|poke|p1|Basculegion, L50, M, shiny|
|poke|p1|Grimmsnarl, L50, M, shiny|
|poke|p2|Falinks, L50|
|poke|p2|Metagross, L50|
|poke|p2|Sinistcha, L50|
|poke|p2|Whimsicott, L50, M|
|poke|p2|Tsareena, L50, F|
|poke|p2|Politoed, L50, M|
|teampreview|4
|showteam|p1|Sinistcha-Masterpiece||SitrusBerry|Hospitality|Protect,MatchaGotcha,RagePowder,StrengthSap|Bold|||||50|]Swampert||Swampertite|Torrent|IcePunch,WaveCrash,Earthquake,FlipTurn|Jolly||F|||50|]Pelipper||DampRock|Drizzle|WideGuard,WeatherBall,Hurricane,Tailwind|Bold||F|||50|]Archaludon||ExpertBelt|Stamina|DracoMeteor,FlashCannon,ElectroShot,AuraSphere|Calm||M|||50|]Basculegion||LifeOrb|Adaptability|LastRespects,WaveCrash,FlipTurn,IceFang|Jolly||M|||50|]Grimmsnarl||LightClay|Prankster|PartingShot,FoulPlay,Reflect,LeechLife|Serious||M|||50|
|showteam|p2|Falinks||Falinksite|Defiant|NoRetreat,CloseCombat,KnockOff,Protect|Adamant|||||50|]Metagross||Metagrossite|ClearBody|MeteorMash,Protect,ThunderPunch,StompingTantrum|Jolly|||||50|]Sinistcha||Leftovers|Hospitality|ShadowBall,MatchaGotcha,StrengthSap,LifeDew|Calm|||||50|]Whimsicott||FocusSash|Prankster|LightScreen,Moonblast,Taunt,Tailwind|Modest||M|||50|]Tsareena||LifeOrb|QueenlyMajesty|TripleAxel,LowSweep,TropKick,Protect|Adamant||F|||50|]Politoed||WacanBerry|Drizzle|HydroPump,EarthPower,IceBeam,Protect|Modest||M|||50|
|inactive|Battle timer is ON: inactive players will automatically lose when time's up. (requested by RedGyaradosLuke)
|
|t:|1782520064
|teamsize|p1|4
|teamsize|p2|4
|start
|switch|p1a: Pelipper|Pelipper, L50, F|100/100
|switch|p1b: Archaludon|Archaludon, L50, M, shiny|100/100
|switch|p2a: Metagross|Metagross, L50|100/100
|switch|p2b: Whimsicott|Whimsicott, L50, M|100/100
|-weather|RainDance|[from] ability: Drizzle|[of] p1a: Pelipper
|turn|1
|
|t:|1782520081
|detailschange|p2a: Metagross|Metagross-Mega, L50
|-mega|p2a: Metagross|Metagross|Metagrossite
|move|p2b: Whimsicott|Light Screen|p2b: Whimsicott
|-sidestart|p2: RedGyaradosLuke|move: Light Screen
|move|p2a: Metagross|Stomping Tantrum|p1b: Archaludon
|-supereffective|p1b: Archaludon|1
|-damage|p1b: Archaludon|40/100
|-ability|p1b: Archaludon|Stamina|boost
|-boost|p1b: Archaludon|def|1
|move|p1b: Archaludon|Electro Shot||[still]
|-prepare|p1b: Archaludon|Electro Shot
|-boost|p1b: Archaludon|spa|1
|-anim|p1b: Archaludon|Electro Shot|p2b: Whimsicott
|-resisted|p2b: Whimsicott|1
|-damage|p2b: Whimsicott|67/100
|move|p1a: Pelipper|Hurricane|p2b: Whimsicott
|-supereffective|p2b: Whimsicott|1
|-damage|p2b: Whimsicott|0 fnt
|faint|p2b: Whimsicott
|
|-weather|RainDance|[upkeep]
|upkeep
|
|t:|1782520090
|switch|p2b: DIVA ðŸ’œ|Tsareena, L50, F|100/100
|turn|2
|
|t:|1782520106
|switch|p1b: Basculegion|Basculegion, L50, M, shiny|100/100
|switch|p1a: Swampert|Swampert, L50, F|100/100
|move|p2a: Metagross|Thunder Punch|p1a: Swampert
|-immune|p1a: Swampert
|move|p2b: DIVA ðŸ’œ|Low Sweep|p1b: Basculegion
|-immune|p1b: Basculegion
|
|-weather|RainDance|[upkeep]
|upkeep
|turn|3
|
|t:|1782520125
|switch|p1b: Pelipper|Pelipper, L50, F|100/100
|detailschange|p1a: Swampert|Swampert-Mega, L50, F
|-mega|p1a: Swampert|Swampert|Swampertite
|move|p2a: Metagross|Protect|p2a: Metagross
|-singleturn|p2a: Metagross|Protect
|move|p1a: Swampert|Earthquake|p2b: DIVA ðŸ’œ|[spread] p2b
|-activate|p2a: Metagross|move: Protect
|-immune|p1b: Pelipper
|-resisted|p2b: DIVA ðŸ’œ|1
|-damage|p2b: DIVA ðŸ’œ|71/100
|move|p2b: DIVA ðŸ’œ|Trop Kick|p1a: Swampert
|-supereffective|p1a: Swampert|2
|-damage|p1a: Swampert|0 fnt
|faint|p1a: Swampert
|-damage|p2b: DIVA ðŸ’œ|62/100|[from] item: Life Orb
|
|-weather|RainDance|[upkeep]
|upkeep
|
|t:|1782520133
|switch|p1a: Basculegion|Basculegion, L50, M, shiny|100/100
|turn|4
|
|t:|1782520151
|switch|p1a: Archaludon|Archaludon, L50, M, shiny|40/100
|move|p2b: DIVA ðŸ’œ|Protect|p2b: DIVA ðŸ’œ
|-singleturn|p2b: DIVA ðŸ’œ|Protect
|move|p2a: Metagross|Thunder Punch|p1a: Archaludon
|-resisted|p1a: Archaludon|1
|-damage|p1a: Archaludon|27/100
|-ability|p1a: Archaludon|Stamina|boost
|-boost|p1a: Archaludon|def|1
|move|p1b: Pelipper|Tailwind|p1b: Pelipper
|-sidestart|p1: JasonX7-7|move: Tailwind
|
|-weather|RainDance|[upkeep]
|upkeep
|turn|5
|
|t:|1782520174
|move|p1a: Archaludon|Draco Meteor|p2a: Metagross|[miss]
|-miss|p1a: Archaludon|p2a: Metagross
|move|p2a: Metagross|Thunder Punch|p1b: Pelipper
|-supereffective|p1b: Pelipper|2
|-damage|p1b: Pelipper|0 fnt
|faint|p1b: Pelipper
|move|p2b: DIVA ðŸ’œ|Low Sweep|p1a: Archaludon
|-supereffective|p1a: Archaludon|1
|-damage|p1a: Archaludon|0 fnt
|faint|p1a: Archaludon
|-damage|p2b: DIVA ðŸ’œ|53/100|[from] item: Life Orb
|
|-weather|RainDance|[upkeep]
|-sideend|p2: RedGyaradosLuke|move: Light Screen
|upkeep
|
|t:|1782520178
|switch|p1b: Basculegion|Basculegion, L50, M, shiny|100/100
|turn|6
|
|t:|1782520190
|move|p1b: Basculegion|Last Respects|p2a: Metagross
|-supereffective|p2a: Metagross|1
|-damage|p2a: Metagross|0 fnt
|faint|p2a: Metagross
|-damage|p1b: Basculegion|90/100|[from] item: Life Orb
|move|p2b: DIVA ðŸ’œ|Trop Kick|p1b: Basculegion
|-supereffective|p1b: Basculegion|1
|-damage|p1b: Basculegion|0 fnt
|faint|p1b: Basculegion
|-damage|p2b: DIVA ðŸ’œ|43/100|[from] item: Life Orb
|
|win|RedGyaradosLuke
|raw|JasonX7-7's rating: 1092 → 1062(-30 for losing)
|raw|RedGyaradosLuke's rating: 1000 → 1050(+50 for winning)
