|j|☆That_Leek
|j|☆TheLackluster7
|html|That_LeekTheLackluster7    
|uhtml|bestof|Game 3 of a best-of-3
|t:|1757656918
|gametype|doubles
|player|p1|That_Leek|blue-masters|1227
|player|p2|TheLackluster7|juggler|1127
|gen|9
|tier|[Gen 9] VGC 2025 Reg H (Bo3)
|rated|
|rule|Species Clause: Limit one of each Pokémon
|rule|Item Clause: Limit 1 of each item
|clearpoke
|poke|p1|Incineroar, L50, M|
|poke|p1|Gholdengo, L50|
|poke|p1|Dragonite, L50, M|
|poke|p1|Amoonguss, L50, F|
|poke|p1|Ursaluna-Bloodmoon, L50, M|
|poke|p1|Gallade, L50, M|
|poke|p2|Indeedee-F, L50, F|
|poke|p2|Armarouge, L50, F|
|poke|p2|Primarina, L50, F|
|poke|p2|Ursaluna-Bloodmoon, L50, M|
|poke|p2|Sneasler, L50, M|
|poke|p2|Whimsicott, L50, M|
|teampreview|4
|showteam|p1|Incineroar||SafetyGoggles|Intimidate|FakeOut,FlareBlitz,KnockOff,PartingShot|||M|||50|,,,,,Water]Gholdengo||LifeOrb|GoodasGold|MakeItRain,ShadowBall,NastyPlot,Protect||||||50|,,,,,Dragon]Dragonite||LoadedDice|Multiscale|Tailwind,StompingTantrum,ScaleShot,Protect|||M|||50|,,,,,Fairy]Amoonguss||SitrusBerry|Regenerator|PollenPuff,Spore,RagePowder,Protect|||F|||50|,,,,,Fairy]Ursaluna-Bloodmoon||AssaultVest|MindsEye|VacuumWave,BloodMoon,HyperVoice,EarthPower|||M|||50|,,,,,Ghost]Gallade||FocusSash|Sharpness|TrickRoom,SacredSword,WideGuard,PsychoCut|||M|||50|,,,,,Fairy
|showteam|p2|Indeedee-F||EjectButton|PsychicSurge|HelpingHand,Psychic,FollowMe,TrickRoom|||F|||50|,,,,,Steel]Armarouge||LifeOrb|FlashFire|ArmorCannon,ExpandingForce,AuraSphere,TrickRoom|||F|||50|,,,,,Grass]Primarina||AssaultVest|LiquidVoice|HyperVoice,Moonblast,FlipTurn,DrainingKiss|||F|||50|,,,,,Fairy]Ursaluna-Bloodmoon||SilkScarf|MindsEye|Protect,BloodMoon,HyperVoice,EarthPower|||M|||50|,,,,,Ghost]Sneasler||PsychicSeed|Unburden|DireClaw,CloseCombat,ThroatChop,Protect|||M|||50|,,,,,Dark]Whimsicott||CovertCloak|Prankster|LightScreen,Tailwind,SunnyDay,EnergyBall|||M|||50|,,,,,Dark
|
|t:|1757656935
|teamsize|p1|4
|teamsize|p2|4
|start
|switch|p1a: Gallade|Gallade, L50, M|100/100
|switch|p1b: Gholdengo|Gholdengo, L50|100/100
|switch|p2a: Sneasler|Sneasler, L50, M|100/100
|switch|p2b: Armarouge|Armarouge, L50, F|100/100
|turn|1
|
|t:|1757656962
|switch|p2a: Indeedee|Indeedee-F, L50, F|100/100
|-fieldstart|move: Psychic Terrain|[from] ability: Psychic Surge|[of] p2a: Indeedee
|switch|p1b: Incineroar|Incineroar, L50, M|100/100
|-ability|p1b: Incineroar|Intimidate|boost
|-unboost|p2a: Indeedee|atk|1
|-unboost|p2b: Armarouge|atk|1
|-terastallize|p2b: Armarouge|Grass
|move|p1a: Gallade|Sacred Sword|p2a: Indeedee
|-damage|p2a: Indeedee|25/100
|-enditem|p2a: Indeedee|Eject Button
|
|t:|1757656974
|switch|p2a: Sneasler|Sneasler, L50, M|100/100
|-enditem|p2a: Sneasler|Psychic Seed
|-boost|p2a: Sneasler|spd|1|[from] item: Psychic Seed
|move|p2b: Armarouge|Armor Cannon|p1a: Gallade
|-damage|p1a: Gallade|14/100
|-unboost|p2b: Armarouge|def|1
|-unboost|p2b: Armarouge|spd|1
|-damage|p2b: Armarouge|91/100|[from] item: Life Orb
|
|upkeep
|turn|2
|
|t:|1757657008
|switch|p1b: Amoonguss|Amoonguss, L50, F|100/100
|move|p1a: Gallade|Wide Guard|p1a: Gallade
|-singleturn|p1a: Gallade|Wide Guard
|move|p2a: Sneasler|Close Combat|p1b: Amoonguss
|-resisted|p1b: Amoonguss
|-damage|p1b: Amoonguss|75/100
|-unboost|p2a: Sneasler|def|1
|-unboost|p2a: Sneasler|spd|1
|move|p2b: Armarouge|Aura Sphere|p1a: Gallade
|-resisted|p1a: Gallade
|-damage|p1a: Gallade|0 fnt
|faint|p1a: Gallade
|-damage|p2b: Armarouge|81/100|[from] item: Life Orb
|
|upkeep
|
|t:|1757657014
|switch|p1a: Gholdengo|Gholdengo, L50|100/100
|turn|3
|
|t:|1757657024
|switch|p1b: Incineroar|Incineroar, L50, M|100/100
|-ability|p1b: Incineroar|Intimidate|boost
|-unboost|p2a: Sneasler|atk|1
|-unboost|p2b: Armarouge|atk|1
|move|p2a: Sneasler|Protect|p2a: Sneasler
|-singleturn|p2a: Sneasler|Protect
|move|p1a: Gholdengo|Make It Rain|p2a: Sneasler|[spread] p2b
|-activate|p2a: Sneasler|move: Protect
|-damage|p2b: Armarouge|0 fnt
|-unboost|p1a: Gholdengo|spa|1
|faint|p2b: Armarouge
|-damage|p1a: Gholdengo|91/100|[from] item: Life Orb
|
|upkeep
|
|t:|1757657029
|switch|p2b: Primarina|Primarina, L50, F|100/100
|turn|4
|
|t:|1757657045
|switch|p2a: Indeedee|Indeedee-F, L50, F|25/100
|switch|p1a: Amoonguss|Amoonguss, L50, F|100/100
|-terastallize|p1b: Incineroar|Water
|move|p2b: Primarina|Hyper Voice|p1a: Amoonguss|[spread] p1a,p1b
|-resisted|p1a: Amoonguss
|-resisted|p1b: Incineroar
|-damage|p1a: Amoonguss|85/100
|-damage|p1b: Incineroar|82/100
|move|p1b: Incineroar|Parting Shot|p2a: Indeedee
|-unboost|p2a: Indeedee|atk|1
|-unboost|p2a: Indeedee|spa|1
|
|t:|1757657049
|switch|p1b: Gholdengo|Gholdengo, L50|91/100|[from] Parting Shot
|
|upkeep
|turn|5
|
|t:|1757657065
|move|p2a: Indeedee|Follow Me|p2a: Indeedee
|-singleturn|p2a: Indeedee|move: Follow Me
|move|p1b: Gholdengo|Make It Rain|p2b: Primarina|[spread] p2a,p2b
|-crit|p2b: Primarina
|-damage|p2a: Indeedee|0 fnt
|-damage|p2b: Primarina|42/100
|-unboost|p1b: Gholdengo|spa|1
|faint|p2a: Indeedee
|-damage|p1b: Gholdengo|82/100|[from] item: Life Orb
|move|p2b: Primarina|Hyper Voice|p1b: Gholdengo|[spread] p1a,p1b
|-resisted|p1a: Amoonguss
|-damage|p1a: Amoonguss|68/100
|-damage|p1b: Gholdengo|44/100
|move|p1a: Amoonguss|Spore|p2b: Primarina
|-status|p2b: Primarina|slp|[from] move: Spore
|
|-fieldend|move: Psychic Terrain
|upkeep
|
|t:|1757657067
|switch|p2a: Sneasler|Sneasler, L50, M|100/100
|turn|6
|
|t:|1757657076
|switch|p1b: Incineroar|Incineroar, L50, M, tera:Water|82/100
|-ability|p1b: Incineroar|Intimidate|boost
|-unboost|p2a: Sneasler|atk|1
|-unboost|p2b: Primarina|atk|1
|move|p2a: Sneasler|Dire Claw|p1a: Amoonguss
|-damage|p1a: Amoonguss|43/100
|-status|p1a: Amoonguss|par
|-enditem|p1a: Amoonguss|Sitrus Berry|[eat]
|-heal|p1a: Amoonguss|68/100 par|[from] item: Sitrus Berry
|cant|p2b: Primarina|slp
|move|p1a: Amoonguss|Spore|p2a: Sneasler
|-status|p2a: Sneasler|slp|[from] move: Spore
|
|upkeep
|turn|7
|
|t:|1757657090
|cant|p2a: Sneasler|slp
|cant|p2b: Primarina|slp
|move|p1b: Incineroar|Flare Blitz|p2a: Sneasler
|-crit|p2a: Sneasler
|-damage|p2a: Sneasler|0 fnt
|faint|p2a: Sneasler
|-damage|p1b: Incineroar|57/100|[from] Recoil
|cant|p1a: Amoonguss|par
|
|upkeep
|turn|8
|-message|TheLackluster7 forfeited.
|
|win|That_Leek
|raw|That_Leek's rating: 1227 → 1245(+18 for winning)
|raw|TheLackluster7's rating: 1127 → 1109(-18 for losing)
