|j|☆wreccdag
|j|☆FwBug_Arsenal
|html|wreccdagFwBug_Arsenal    
|uhtml|bestof|Game 1 of a best-of-3
|t:|1782354350
|gametype|doubles
|player|p1|wreccdag|2|
|player|p2|FwBug_Arsenal|hugh|
|gen|9
|tier|[Gen 9 Champions] VGC 2026 Reg M-B (Bo3)
|rule|Species Clause: Limit one of each Pokémon
|rule|Item Clause: Limit 1 of each item
|clearpoke
|poke|p1|Charizard, L50, M|
|poke|p1|Whimsicott, L50, M|
|poke|p1|Incineroar, L50, F|
|poke|p1|Mudsdale, L50, F|
|poke|p1|Victreebel, L50, M|
|poke|p1|Goodra-Hisui, L50, M|
|poke|p2|Ampharos, L50, F|
|poke|p2|Excadrill, L50, M|
|poke|p2|Raichu, L50, M|
|poke|p2|Azumarill, L50, F|
|poke|p2|Venusaur, L50, F|
|poke|p2|Armarouge, L50, M|
|teampreview|4
|showteam|p1|Charizard||CharizarditeY|Blaze|HeatWave,SolarBeam,Protect,Overheat|Timid||M|||50|]Whimsicott||FocusSash|Prankster|Tailwind,Encore,Moonblast,SunnyDay|Timid||M|||50|]Incineroar||SitrusBerry|Intimidate|FakeOut,PartingShot,FlareBlitz,Taunt|Careful||F|||50|]Mudsdale||Leftovers|Stamina|HighHorsepower,RockSlide,HeavySlam,Protect|Adamant||F|||50|]Victreebel||MiracleSeed|Chlorophyll|LeafStorm,SludgeBomb,WeatherBall,Protect|Modest||M|||50|]Goodra-Hisui||LumBerry|SapSipper|BodyPress,HeavySlam,Shelter,DragonTail|Careful||M|||50|
|showteam|p2|Ampharos||Ampharosite|Static|RisingVoltage,DragonPulse,Protect,ParabolicCharge|Modest||F|||50|]Excadrill||ChoiceScarf|SandForce|HighHorsepower,IronHead,Protect,RockSlide|Adamant||M|||50|]Raichu||IronBall|LightningRod|FakeOut,ElectricTerrain,VoltSwitch,Protect|Relaxed||M|||50|]Azumarill||WacanBerry|HugePower|Liquidation,PlayRough,Protect,Soak|Adamant||F|||50|]Venusaur||Venusaurite|Chlorophyll|EarthPower,GigaDrain,SludgeBomb,Protect|Modest||F|||50|]Armarouge||FocusSash|FlashFire|HeatWave,Psychic,Protect,TrickRoom|Modest||M|||50|
|
|t:|1782354417
|teamsize|p1|4
|teamsize|p2|4
|start
|switch|p1a: Mackenzie|Charizard, L50, M|100/100
|switch|p1b: Ethan|Whimsicott, L50, M|100/100
|switch|p2a: Excadrill|Excadrill, L50, M|100/100
|switch|p2b: Blood Vessel|Armarouge, L50, M|100/100
|turn|1
|inactive|Battle timer is ON: inactive players will automatically lose when time's up. (requested by FwBug_Arsenal)
|j| big gmt
|
|t:|1782354440
|detailschange|p1a: Mackenzie|Charizard-Mega-Y, L50, M
|-mega|p1a: Mackenzie|Charizard|Charizardite Y
|-weather|SunnyDay|[from] ability: Drought|[of] p1a: Mackenzie
|move|p1b: Ethan|Tailwind|p1b: Ethan
|-sidestart|p1: wreccdag|move: Tailwind
|move|p1a: Mackenzie|Heat Wave|p2a: Excadrill|[spread] p2a
|-start|p2b: Blood Vessel|ability: Flash Fire
|-supereffective|p2a: Excadrill|1
|-damage|p2a: Excadrill|0 fnt
|faint|p2a: Excadrill
|move|p2b: Blood Vessel|Trick Room|p2b: Blood Vessel
|-fieldstart|move: Trick Room|[of] p2b: Blood Vessel
|
|-weather|SunnyDay|[upkeep]
|upkeep
|
|t:|1782354451
|switch|p2a: Hoei|Ampharos, L50, F|100/100
|turn|2
|
|t:|1782354462
|-end|p2b: Blood Vessel|ability: Flash Fire|[silent]
|switch|p2b: Shoto|Azumarill, L50, F|100/100
|detailschange|p2a: Hoei|Ampharos-Mega, L50, F
|-mega|p2a: Hoei|Ampharos|Ampharosite
|-ability|p2a: Hoei|Mold Breaker
|move|p1b: Ethan|Encore||[still]
|-fail|p1b: Ethan
|move|p2a: Hoei|Rising Voltage|p1a: Mackenzie
|-supereffective|p1a: Mackenzie|1
|-damage|p1a: Mackenzie|7/100
|move|p1a: Mackenzie|Overheat|p2a: Hoei
|-resisted|p2a: Hoei|1
|-damage|p2a: Hoei|51/100
|-unboost|p1a: Mackenzie|spa|2
|
|-weather|SunnyDay|[upkeep]
|upkeep
|turn|3
|c|☆wreccdag|not bad at all
|inactive|wreccdag has 30 seconds left.
|
|t:|1782354487
|switch|p1a: Big Benz|Incineroar, L50, F|100/100
|-ability|p1a: Big Benz|Intimidate|boost
|-unboost|p2a: Hoei|atk|1
|-unboost|p2b: Shoto|atk|1
|move|p2a: Hoei|Parabolic Charge|p1a: Big Benz|[spread] p2b,p1a,p1b
|-supereffective|p2b: Shoto|1
|-enditem|p2b: Shoto|Wacan Berry|[eat]
|-enditem|p2b: Shoto|Wacan Berry|[weaken]
|-resisted|p1b: Ethan|1
|-damage|p2b: Shoto|63/100
|-heal|p2a: Hoei|70/100|[from] drain|[of] p2b: Shoto
|-damage|p1a: Big Benz|78/100
|-heal|p2a: Hoei|81/100|[from] drain|[of] p1a: Big Benz
|-damage|p1b: Ethan|79/100
|-heal|p2a: Hoei|90/100|[from] drain|[of] p1b: Ethan
|move|p2b: Shoto|Soak|p1b: Ethan
|-start|p1b: Ethan|typechange|Water
|move|p1b: Ethan|Moonblast|p2a: Hoei
|-supereffective|p2a: Hoei|1
|-damage|p2a: Hoei|60/100
|
|-weather|SunnyDay|[upkeep]
|upkeep
|turn|4
|inactive|wreccdag has 30 seconds left.
|inactive|FwBug_Arsenal has 30 seconds left.
|
|t:|1782354520
|switch|p1b: Kamani|Mudsdale, L50, F|100/100
|move|p1a: Big Benz|Fake Out|p2b: Shoto
|-damage|p2b: Shoto|53/100
|move|p2a: Hoei|Rising Voltage|p1b: Kamani
|-immune|p1b: Kamani
|cant|p2b: Shoto|flinch
|
|-weather|SunnyDay|[upkeep]
|-sideend|p1: wreccdag|move: Tailwind
|upkeep
|turn|5
|inactive|wreccdag has 30 seconds left.
|inactive|FwBug_Arsenal has 30 seconds left.
|inactive|FwBug_Arsenal has 20 seconds left.
|
|t:|1782354557
|move|p1b: Kamani|High Horsepower|p2a: Hoei
|-supereffective|p2a: Hoei|1
|-crit|p2a: Hoei
|-damage|p2a: Hoei|0 fnt
|faint|p2a: Hoei
|move|p2b: Shoto|Liquidation|p1b: Kamani
|-supereffective|p1b: Kamani|1
|-damage|p1b: Kamani|65/100
|-unboost|p1b: Kamani|def|1
|-ability|p1b: Kamani|Stamina|boost
|-boost|p1b: Kamani|def|1
|move|p1a: Big Benz|Parting Shot|p2b: Shoto
|-unboost|p2b: Shoto|atk|1
|-unboost|p2b: Shoto|spa|1
|
|t:|1782354563
|switch|p1a: Ethan|Whimsicott, L50, M|79/100|[from] Parting Shot
|
|-weather|none
|-heal|p1b: Kamani|71/100|[from] item: Leftovers
|-fieldend|move: Trick Room
|upkeep
|
|t:|1782354565
|switch|p2a: Blood Vessel|Armarouge, L50, M|100/100
|turn|6
|
|t:|1782354583
|move|p1a: Ethan|Tailwind|p1a: Ethan
|-sidestart|p1: wreccdag|move: Tailwind
|move|p1b: Kamani|High Horsepower|p2b: Shoto
|-damage|p2b: Shoto|1/100
|move|p2a: Blood Vessel|Heat Wave|p1b: Kamani|[spread] p1a,p1b
|-supereffective|p1a: Ethan|1
|-damage|p1a: Ethan|0 fnt
|-damage|p1b: Kamani|32/100
|-ability|p1b: Kamani|Stamina|boost
|-boost|p1b: Kamani|def|1
|faint|p1a: Ethan
|move|p2b: Shoto|Liquidation|p1b: Kamani
|-supereffective|p1b: Kamani|1
|-damage|p1b: Kamani|2/100
|-ability|p1b: Kamani|Stamina|boost
|-boost|p1b: Kamani|def|1
|
|-heal|p1b: Kamani|8/100|[from] item: Leftovers
|upkeep
|
|t:|1782354593
|switch|p1a: Mackenzie|Charizard-Mega-Y, L50, M|7/100
|-weather|SunnyDay|[from] ability: Drought|[of] p1a: Mackenzie
|turn|7
|
|t:|1782354617
|move|p1a: Mackenzie|Heat Wave|p2b: Shoto|[spread] p2b
|-start|p2a: Blood Vessel|ability: Flash Fire
|-resisted|p2b: Shoto|1
|-damage|p2b: Shoto|0 fnt
|faint|p2b: Shoto
|move|p1b: Kamani|High Horsepower|p2a: Blood Vessel
|-supereffective|p2a: Blood Vessel|1
|-enditem|p2a: Blood Vessel|Focus Sash
|-damage|p2a: Blood Vessel|1/100
|move|p2a: Blood Vessel|Heat Wave|p1a: Mackenzie|[spread] p1a,p1b
|-resisted|p1a: Mackenzie|1
|-crit|p1a: Mackenzie
|-damage|p1a: Mackenzie|0 fnt
|-damage|p1b: Kamani|0 fnt
|faint|p1a: Mackenzie
|faint|p1b: Kamani
|
|-weather|SunnyDay|[upkeep]
|upkeep
|
|t:|1782354632
|switch|p1b: Big Benz|Incineroar, L50, F|78/100
|-ability|p1b: Big Benz|Intimidate|boost
|-unboost|p2a: Blood Vessel|atk|1
|turn|8
|
|t:|1782354652
|move|p2a: Blood Vessel|Protect|p2a: Blood Vessel
|-singleturn|p2a: Blood Vessel|Protect
|move|p1b: Big Benz|Fake Out|p2a: Blood Vessel
|-activate|p2a: Blood Vessel|move: Protect
|
|-weather|SunnyDay|[upkeep]
|upkeep
|turn|9
|
|t:|1782354659
|move|p2a: Blood Vessel|Protect||[still]
|-fail|p2a: Blood Vessel
|move|p1b: Big Benz|Flare Blitz|p2a: Blood Vessel
|-immune|p2a: Blood Vessel|[from] ability: Flash Fire
|
|-weather|SunnyDay|[upkeep]
|-sideend|p1: wreccdag|move: Tailwind
|upkeep
|turn|10
|c| big gmt|holy smokes
|c|☆FwBug_Arsenal|LOL
|c|☆wreccdag|crazy move
|
|t:|1782354682
|move|p2a: Blood Vessel|Heat Wave|p1b: Big Benz
|-resisted|p1b: Big Benz|1
|-damage|p1b: Big Benz|41/100
|-enditem|p1b: Big Benz|Sitrus Berry|[eat]
|-heal|p1b: Big Benz|66/100|[from] item: Sitrus Berry
|move|p1b: Big Benz|Taunt|p2a: Blood Vessel
|-start|p2a: Blood Vessel|move: Taunt
|
|-weather|SunnyDay|[upkeep]
|upkeep
|turn|11
|c|☆FwBug_Arsenal|I THOUGHT I WAS FrIED
|
|t:|1782354692
|move|p2a: Blood Vessel|Heat Wave|p1b: Big Benz
|-resisted|p1b: Big Benz|1
|-damage|p1b: Big Benz|24/100
|move|p1b: Big Benz|Parting Shot|p2a: Blood Vessel
|-unboost|p2a: Blood Vessel|atk|1
|-unboost|p2a: Blood Vessel|spa|1
|
|-weather|none
|upkeep
|turn|12
|
|t:|1782354716
|move|p2a: Blood Vessel|Heat Wave|p1b: Big Benz
|-resisted|p1b: Big Benz|1
|-crit|p1b: Big Benz
|-damage|p1b: Big Benz|0 fnt
|faint|p1b: Big Benz
|
|win|FwBug_Arsenal
|c|☆wreccdag|gg 1-0\
||wreccdag is ready for game 2.
|c|☆FwBug_Arsenal|ggs
|inactive|FwBug_Arsenal has 30 seconds to confirm battle start!
||FwBug_Arsenal is ready for game 2.
|uhtml|next|Next: Game 2 of 3
