|j|☆ChrisJHall
|j|☆r00mservice7
|html|ChrisJHallr00mservice7    
|uhtml|bestof|Game 1 of a best-of-3
|t:|1785068797
|gametype|doubles
|player|p1|ChrisJHall|266|1221
|player|p2|r00mservice7|102|1317
|gen|9
|tier|[Gen 9 Champions] VGC 2026 Reg M-B (Bo3)
|rated|
|rule|Species Clause: Limit one of each Pokémon
|rule|Item Clause: Limit 1 of each item
|clearpoke
|poke|p1|Incineroar, L50, M|
|poke|p1|Ninetales-Alola, L50, F|
|poke|p1|Gengar, L50, M|
|poke|p1|Kingambit, L50, F|
|poke|p1|Blaziken, L50, M|
|poke|p1|Rotom-Wash, L50|
|poke|p2|Staraptor, L50, F|
|poke|p2|Tyranitar, L50, M|
|poke|p2|Excadrill, L50, M|
|poke|p2|Gholdengo, L50|
|poke|p2|Milotic, L50, F|
|poke|p2|Tsareena, L50, F|
|teampreview|4
|showteam|p1|Incineroar||ShucaBerry|Intimidate|FakeOut,FlareBlitz,Protect,PartingShot|Careful||M|||50|]Ninetales-Alola||NeverMeltIce|SnowWarning|Blizzard,Protect,Encore,FreezeDry|Timid||F|||50|]Gengar||Gengarite|CursedBody|PerishSong,ShadowBall,Protect,Disable|Modest||M|||50|]Kingambit||BlackGlasses|Defiant|KowtowCleave,SuckerPunch,IronHead,Protect|Adamant||F|||50|]Blaziken||Blazikenite|SpeedBoost|FlareBlitz,CloseCombat,Detect,RockSlide|Adamant||M|||50|]Rotom-Wash||SitrusBerry|Levitate|WillOWisp,VoltSwitch,HydroPump,Protect|Bold|||||50|
|showteam|p2|Staraptor||Staraptite|Intimidate|BraveBird,CloseCombat,Tailwind,Protect|Jolly||F|||50|]Tyranitar||Tyranitarite|SandStream|RockSlide,KnockOff,DragonDance,Protect|Jolly||M|||50|]Excadrill||FocusSash|SandRush|HighHorsepower,IronHead,RockSlide,Protect|Adamant||M|||50|]Gholdengo||LifeOrb|GoodasGold|MakeItRain,ShadowBall,NastyPlot,Protect|Modest|||||50|]Milotic||SitrusBerry|Competitive|Scald,IcyWind,IceBeam,Protect|Calm||F|||50|]Tsareena||ExpertBelt|QueenlyMajesty|TropKick,LowKick,Taunt,Protect|Adamant||F|||50|
|inactive|Battle timer is ON: inactive players will automatically lose when time's up. (requested by r00mservice7)
|inactive|r00mservice7 has 60 seconds left.
|inactive|r00mservice7 has 30 seconds left.
|
|t:|1785068874
|teamsize|p1|4
|teamsize|p2|4
|start
|switch|p1a: Incineroar|Incineroar, L50, M|100/100
|switch|p1b: Rotom|Rotom-Wash, L50|100/100
|switch|p2a: Tsareena|Tsareena, L50, F|100/100
|switch|p2b: Gholdengo|Gholdengo, L50|100/100
|-ability|p1a: Incineroar|Intimidate|boost
|-unboost|p2a: Tsareena|atk|1
|-unboost|p2b: Gholdengo|atk|1
|turn|1
|inactive|r00mservice7 has 30 seconds left.
|
|t:|1785068901
|move|p1b: Rotom|Protect|p1b: Rotom
|-singleturn|p1b: Rotom|Protect
|move|p2b: Gholdengo|Shadow Ball|p1b: Rotom
|-activate|p1b: Rotom|move: Protect
|move|p2a: Tsareena|Trop Kick|p1b: Rotom
|-activate|p1b: Rotom|move: Protect
|move|p1a: Incineroar|Flare Blitz|p2b: Gholdengo
|-supereffective|p2b: Gholdengo|1
|-damage|p2b: Gholdengo|20/100y
|-damage|p1a: Incineroar|75/100|[from] Recoil
|
|upkeep
|turn|2
|inactive|ChrisJHall has 30 seconds left.
|inactive|ChrisJHall has 20 seconds left.
|inactive|ChrisJHall has 15 seconds left.
|
|t:|1785068943
|switch|p1b: Ninetales|Ninetales-Alola, L50, F|100/100
|-weather|Snowscape|[from] ability: Snow Warning|[of] p1b: Ninetales
|switch|p2b: Tyranitar|Tyranitar, L50, M|100/100
|-weather|Sandstorm|[from] ability: Sand Stream|[of] p2b: Tyranitar
|move|p2a: Tsareena|Taunt|p1b: Ninetales
|-start|p1b: Ninetales|move: Taunt
|move|p1a: Incineroar|Flare Blitz|p2b: Tyranitar
|-resisted|p2b: Tyranitar|1
|-damage|p2b: Tyranitar|80/100
|-damage|p1a: Incineroar|68/100|[from] Recoil
|
|-weather|Sandstorm|[upkeep]
|-damage|p1b: Ninetales|93/100|[from] Sandstorm
|-damage|p2a: Tsareena|94/100|[from] Sandstorm
|-damage|p1a: Incineroar|62/100|[from] Sandstorm
|upkeep
|turn|3
|inactive|ChrisJHall has 30 seconds left.
|inactive|r00mservice7 has 30 seconds left.
|inactive|ChrisJHall has 20 seconds left.
|
|t:|1785068979
|switch|p1b: Gengar|Gengar, L50, M|100/100
|switch|p1a: Rotom|Rotom-Wash, L50|100/100
|move|p2a: Tsareena|Protect|p2a: Tsareena
|-singleturn|p2a: Tsareena|Protect
|move|p2b: Tyranitar|Dragon Dance|p2b: Tyranitar
|-boost|p2b: Tyranitar|atk|1
|-boost|p2b: Tyranitar|spe|1
|
|-weather|Sandstorm|[upkeep]
|-damage|p1b: Gengar|94/100|[from] Sandstorm
|-damage|p1a: Rotom|94/100|[from] Sandstorm
|-damage|p2a: Tsareena|88/100|[from] Sandstorm
|upkeep
|turn|4
|inactive|r00mservice7 has 30 seconds left.
|
|t:|1785069012
|switch|p1a: Incineroar|Incineroar, L50, M|62/100
|-ability|p1a: Incineroar|Intimidate|boost
|-unboost|p2a: Tsareena|atk|1
|-unboost|p2b: Tyranitar|atk|1
|switch|p2a: Gholdengo|Gholdengo, L50|20/100y
|detailschange|p2b: Tyranitar|Tyranitar-Mega, L50, M
|-mega|p2b: Tyranitar|Tyranitar|Tyranitarite
|detailschange|p1b: Gengar|Gengar-Mega, L50, M
|-mega|p1b: Gengar|Gengar|Gengarite
|move|p2b: Tyranitar|Knock Off|p1a: Incineroar
|-resisted|p1a: Incineroar|1
|-damage|p1a: Incineroar|40/100
|-enditem|p1a: Incineroar|Shuca Berry|[from] move: Knock Off|[of] p2b: Tyranitar
|move|p1b: Gengar|Perish Song|p1b: Gengar
|-start|p1a: Incineroar|perish3|[silent]
|-start|p1b: Gengar|perish3|[silent]
|-immune|p2a: Gholdengo|[from] ability: Good as Gold
|-start|p2b: Tyranitar|perish3|[silent]
|-fieldactivate|move: Perish Song
|
|-weather|Sandstorm|[upkeep]
|-damage|p1b: Gengar|88/100|[from] Sandstorm
|-damage|p1a: Incineroar|34/100|[from] Sandstorm
|-start|p2b: Tyranitar|perish3
|-start|p1b: Gengar|perish3
|-start|p1a: Incineroar|perish3
|upkeep
|turn|5
|inactive|r00mservice7 has 30 seconds left.
|
|t:|1785069042
|switch|p2a: Excadrill|Excadrill, L50, M|100/100
|move|p1a: Incineroar|Fake Out|p2b: Tyranitar
|-resisted|p2b: Tyranitar|1
|-damage|p2b: Tyranitar|76/100
|cant|p2b: Tyranitar|flinch
|move|p1b: Gengar|Shadow Ball|p2a: Excadrill
|-damage|p2a: Excadrill|30/100
|
|-weather|Sandstorm|[upkeep]
|-damage|p1b: Gengar|82/100|[from] Sandstorm
|-damage|p1a: Incineroar|28/100|[from] Sandstorm
|-start|p2b: Tyranitar|perish2
|-start|p1b: Gengar|perish2
|-start|p1a: Incineroar|perish2
|upkeep
|turn|6
|
|t:|1785069059
|switch|p1b: Rotom|Rotom-Wash, L50|94/100
|move|p2a: Excadrill|Iron Head|p1a: Incineroar
|-resisted|p1a: Incineroar|1
|-damage|p1a: Incineroar|7/100
|move|p2b: Tyranitar|Rock Slide|p1b: Rotom|[spread] p1a,p1b
|-supereffective|p1a: Incineroar|1
|-damage|p1a: Incineroar|0 fnt
|-damage|p1b: Rotom|65/100
|faint|p1a: Incineroar
|
|-weather|none
|-start|p2b: Tyranitar|perish1
|upkeep
|
|t:|1785069072
|switch|p1a: Gengar|Gengar-Mega, L50, M|82/100
|turn|7
|
|t:|1785069078
|move|p1a: Gengar|Protect|p1a: Gengar
|-singleturn|p1a: Gengar|Protect
|move|p1b: Rotom|Protect|p1b: Rotom
|-singleturn|p1b: Rotom|Protect
|move|p2b: Tyranitar|Rock Slide|p1a: Gengar|[spread] 
|-activate|p1a: Gengar|move: Protect
|-activate|p1b: Rotom|move: Protect
|move|p2a: Excadrill|High Horsepower|p1a: Gengar
|-activate|p1a: Gengar|move: Protect
|
|-start|p2b: Tyranitar|perish0
|faint|p2b: Tyranitar
|upkeep
|
|t:|1785069091
|switch|p2b: Gholdengo|Gholdengo, L50|20/100y
|turn|8
|
|t:|1785069108
|move|p1a: Gengar|Protect|p1a: Gengar
|-singleturn|p1a: Gengar|Protect
|move|p2a: Excadrill|Iron Head|p1a: Gengar
|-activate|p1a: Gengar|move: Protect
|move|p1b: Rotom|Volt Switch|p2b: Gholdengo
|-damage|p2b: Gholdengo|0 fnt
|faint|p2b: Gholdengo
|
|t:|1785069116
|switch|p1b: Ninetales|Ninetales-Alola, L50, F|93/100|[from] Volt Switch
|-weather|Snowscape|[from] ability: Snow Warning|[of] p1b: Ninetales
|
|-weather|Snowscape|[upkeep]
|upkeep
|
|t:|1785069122
|switch|p2b: Tsareena|Tsareena, L50, F|88/100
|turn|9
|-message|r00mservice7 forfeited.
|
|win|ChrisJHall
||r00mservice7 is ready for game 2.
||ChrisJHall is ready for game 2.
|uhtml|next|Next: Game 2 of 3
