|j|☆alexander1111
|j|☆lukashz
|html|alexander1111lukashz    
|uhtml|bestof|Game 3 of a best-of-3
|t:|1784266399
|gametype|doubles
|player|p1|alexander1111|preschooler|1380
|player|p2|lukashz|elesa|1331
|gen|9
|tier|[Gen 9 Champions] VGC 2026 Reg M-B (Bo3)
|rated|
|rule|Species Clause: Limit one of each Pokémon
|rule|Item Clause: Limit 1 of each item
|clearpoke
|poke|p1|Milotic, L50, M|
|poke|p1|Maushold-Four, L50|
|poke|p1|Charizard, L50, F, shiny|
|poke|p1|Whimsicott, L50, M, shiny|
|poke|p1|Kingambit, L50, M|
|poke|p1|Garchomp, L50, M|
|poke|p2|Charizard, L50, M|
|poke|p2|Incineroar, L50, F|
|poke|p2|Sylveon, L50, F|
|poke|p2|Farigiraf, L50, F|
|poke|p2|Garchomp, L50, F|
|poke|p2|Aerodactyl, L50, F|
|teampreview|4
|showteam|p1|Milotic||SitrusBerry|Competitive|Scald,IceBeam,HelpingHand,Protect|Modest||M|||50|]Maushold-Four||WideLens|Technician|PopulationBomb,FollowMe,Protect,SunnyDay|Jolly|||||50|]Charizard||CharizarditeY|Blaze|SolarBeam,HeatWave,WeatherBall,Protect|Timid||F|||50|]Whimsicott||FocusSash|Prankster|Tailwind,Moonblast,Protect,Encore|Timid||M|||50|]Kingambit||ChopleBerry|Defiant|KowtowCleave,SuckerPunch,IronHead,LowKick|Adamant||M|||50|]Garchomp||LifeOrb|RoughSkin|RockSlide,Earthquake,DragonClaw,Protect|Jolly||M|||50|
|showteam|p2|Charizard||CharizarditeY|Blaze|HeatWave,WeatherBall,SolarBeam,Protect|Modest||M|||50|]Incineroar||Charcoal|Intimidate|FlareBlitz,DarkestLariat,FakeOut,PartingShot|Brave||F|||50|]Sylveon||FairyFeather|Pixilate|HyperVoice,Yawn,QuickAttack,Protect|Modest||F|||50|]Farigiraf||SitrusBerry|ArmorTail|Psyshock,HelpingHand,TrickRoom,Protect|Calm||F|||50|]Garchomp||LifeOrb|RoughSkin|Earthquake,Protect,DragonClaw,StompingTantrum|Jolly||F|||50|]Aerodactyl||FocusSash|Unnerve|RockSlide,Tailwind,WideGuard,Protect|Jolly||F|||50|
|
|t:|1784266425
|teamsize|p1|4
|teamsize|p2|4
|start
|switch|p1a: Milotic|Milotic, L50, M|100/100
|switch|p1b: Maushold|Maushold-Four, L50|100/100
|switch|p2a: Sylveon|Sylveon, L50, F|100/100
|switch|p2b: Charizard|Charizard, L50, M|100/100
|turn|1
|inactive|Battle timer is ON: inactive players will automatically lose when time's up. (requested by alexander1111)
|inactive|lukashz has 60 seconds left.
|
|t:|1784266508
|switch|p2a: Garchomp|Garchomp, L50, F|100/100
|detailschange|p2b: Charizard|Charizard-Mega-Y, L50, M
|-mega|p2b: Charizard|Charizard|Charizardite Y
|-weather|SunnyDay|[from] ability: Drought|[of] p2b: Charizard
|move|p1b: Maushold|Population Bomb|p2b: Charizard
|-damage|p2b: Charizard|84/100
|-damage|p2b: Charizard|67/100
|-damage|p2b: Charizard|50/100g
|-damage|p2b: Charizard|35/100
|-damage|p2b: Charizard|20/100r
|-damage|p2b: Charizard|2/100
|-damage|p2b: Charizard|0 fnt
|faint|p2b: Charizard
|-hitcount|p2: Charizard|7
|move|p1a: Milotic|Scald|p2a: Garchomp
|-damage|p2a: Garchomp|80/100
|-status|p2a: Garchomp|brn
|
|-weather|SunnyDay|[upkeep]
|-damage|p2a: Garchomp|74/100 brn|[from] brn
|upkeep
|
|t:|1784266520
|switch|p2b: Incineroar|Incineroar, L50, F|100/100
|-ability|p2b: Incineroar|Intimidate|boost
|-unboost|p1a: Milotic|atk|1
|-ability|p1a: Milotic|Competitive|boost
|-boost|p1a: Milotic|spa|2
|-unboost|p1b: Maushold|atk|1
|turn|2
|
|t:|1784266545
|move|p1a: Milotic|Protect|p1a: Milotic
|-singleturn|p1a: Milotic|Protect
|move|p1b: Maushold|Population Bomb|p2b: Incineroar
|-damage|p2b: Incineroar|92/100
|-damage|p2b: Incineroar|85/100
|-damage|p2b: Incineroar|78/100
|-damage|p2b: Incineroar|71/100
|-damage|p2b: Incineroar|63/100
|-damage|p2b: Incineroar|57/100
|-damage|p2b: Incineroar|50/100y
|-damage|p2b: Incineroar|43/100
|-damage|p2b: Incineroar|36/100
|-damage|p2b: Incineroar|29/100
|-hitcount|p2b: Incineroar|10
|move|p2a: Garchomp|Dragon Claw|p1a: Milotic
|-activate|p1a: Milotic|move: Protect
|move|p2b: Incineroar|Darkest Lariat|p1a: Milotic
|-activate|p1a: Milotic|move: Protect
|
|-weather|SunnyDay|[upkeep]
|-damage|p2a: Garchomp|68/100 brn|[from] brn
|upkeep
|turn|3
|
|t:|1784266568
|move|p1b: Maushold|Population Bomb|p2b: Incineroar
|-damage|p2b: Incineroar|23/100
|-damage|p2b: Incineroar|16/100
|-damage|p2b: Incineroar|9/100
|-damage|p2b: Incineroar|1/100
|-damage|p2b: Incineroar|0 fnt
|faint|p2b: Incineroar
|-hitcount|p2: Incineroar|5
|move|p2a: Garchomp|Earthquake|p1b: Maushold|[spread] p1a,p1b
|-damage|p1a: Milotic|74/100
|-damage|p1b: Maushold|58/100
|-damage|p2a: Garchomp|58/100 brn|[from] item: Life Orb
|move|p1a: Milotic|Ice Beam|p2a: Garchomp
|-supereffective|p2a: Garchomp|2
|-damage|p2a: Garchomp|0 fnt
|faint|p2a: Garchomp
|
|-weather|SunnyDay|[upkeep]
|upkeep
|
|t:|1784266574
|switch|p2b: Sylveon|Sylveon, L50, F|100/100
|turn|4
|
|t:|1784266580
|move|p1b: Maushold|Protect|p1b: Maushold
|-singleturn|p1b: Maushold|Protect
|move|p1a: Milotic|Protect|p1a: Milotic
|-singleturn|p1a: Milotic|Protect
|move|p2b: Sylveon|Hyper Voice|p1a: Milotic|[spread] 
|-activate|p1a: Milotic|move: Protect
|-activate|p1b: Maushold|move: Protect
|
|-weather|SunnyDay|[upkeep]
|upkeep
|turn|5
|
|t:|1784266589
|move|p1b: Maushold|Population Bomb|p2b: Sylveon
|-damage|p2b: Sylveon|90/100
|-damage|p2b: Sylveon|80/100
|-damage|p2b: Sylveon|69/100
|-damage|p2b: Sylveon|59/100
|-damage|p2b: Sylveon|49/100
|-damage|p2b: Sylveon|40/100
|-damage|p2b: Sylveon|30/100
|-damage|p2b: Sylveon|21/100
|-damage|p2b: Sylveon|10/100
|-damage|p2b: Sylveon|1/100
|-hitcount|p2b: Sylveon|10
|move|p1a: Milotic|Scald|p2b: Sylveon
|-damage|p2b: Sylveon|0 fnt
|faint|p2b: Sylveon
|
|win|alexander1111
|raw|alexander1111's rating: 1380 → 1397(+17 for winning)
|raw|lukashz's rating: 1331 → 1314(-17 for losing)
|l|☆lukashz
|player|p2|
