|j|☆XX_CHEETOBOI_XX
|j|☆detrimentalkev
|html|XX_CHEETOBOI_XXdetrimentalkev    
|uhtml|bestof|Game 1 of a best-of-3
|t:|1783103704
|gametype|doubles
|player|p1|XX_CHEETOBOI_XX|hilbert|1078
|player|p2|detrimentalkev|1|1072
|gen|9
|tier|[Gen 9 Champions] VGC 2026 Reg M-B (Bo3)
|rated|
|rule|Species Clause: Limit one of each Pokémon
|rule|Item Clause: Limit 1 of each item
|clearpoke
|poke|p1|Swampert, L50, M, shiny|
|poke|p1|Pelipper, L50, F|
|poke|p1|Jolteon, L50, M|
|poke|p1|Gholdengo, L50|
|poke|p1|Sinistcha, L50|
|poke|p1|Dragonite, L50, M, shiny|
|poke|p2|Alakazam, L50, M|
|poke|p2|Maushold, L50, shiny|
|poke|p2|Incineroar, L50, F, shiny|
|poke|p2|Lucario, L50, F, shiny|
|poke|p2|Tyranitar, L50, F, shiny|
|poke|p2|Kingambit, L50, F|
|teampreview|4
|showteam|p1|Swampert||Swampertite|Torrent|WaveCrash,Earthquake,HighHorsepower,Protect|Adamant||M|||50|]Pelipper||DampRock|Drizzle|Hurricane,WeatherBall,WideGuard,Tailwind|Modest||F|||50|]Jolteon||FocusSash|VoltAbsorb|Thunder,Electroweb,ThunderWave,VoltSwitch|Timid||M|||50|]Gholdengo||LifeOrb|GoodasGold|MakeItRain,ShadowBall,NastyPlot,Protect|Timid|||||50|]Sinistcha||MentalHerb|Hospitality|LifeDew,MatchaGotcha,TrickRoom,Imprison|Relaxed|||||50|]Dragonite||Dragoninite|InnerFocus|Hurricane,DracoMeteor,ExtremeSpeed,Thunder|Hasty||M|||50|
|showteam|p2|Alakazam||Alakazite|InnerFocus|Psychic,DazzlingGleam,NastyPlot,ShadowBall|Timid||M|||50|]Maushold||ChopleBerry|Technician|FollowMe,Protect,HelpingHand,PopulationBomb|Impish|||||50|]Incineroar||SitrusBerry|Intimidate|FlareBlitz,PartingShot,WillOWisp,FakeOut|Careful||F|||50|]Lucario||LifeOrb|InnerFocus|Protect,AuraSphere,FlashCannon,VacuumWave|Timid||F|||50|]Tyranitar||Tyranitarite|SandStream|RockSlide,KnockOff,LowKick,Protect|Brave||F|||50|]Kingambit||FocusSash|Defiant|KowtowCleave,LowKick,IronHead,Protect|Brave||F|||50|
|
|t:|1783103814
|teamsize|p1|4
|teamsize|p2|4
|start
|switch|p1a: Jolteon|Jolteon, L50, M|100/100
|switch|p1b: Pelipper|Pelipper, L50, F|100/100
|switch|p2a: Alakazam|Alakazam, L50, M|100/100
|switch|p2b: Incineroar|Incineroar, L50, F, shiny|100/100
|-weather|RainDance|[from] ability: Drizzle|[of] p1b: Pelipper
|-ability|p2b: Incineroar|Intimidate|boost
|-unboost|p1a: Jolteon|atk|1
|-unboost|p1b: Pelipper|atk|1
|turn|1
|
|t:|1783103846
|move|p2b: Incineroar|Fake Out|p1a: Jolteon
|-damage|p1a: Jolteon|80/100
|cant|p1a: Jolteon|flinch
|move|p2a: Alakazam|Nasty Plot|p2a: Alakazam
|-boost|p2a: Alakazam|spa|2
|move|p1b: Pelipper|Tailwind|p1b: Pelipper
|-sidestart|p1: XX_CHEETOBOI_XX|move: Tailwind
|
|-weather|RainDance|[upkeep]
|upkeep
|turn|2
|
|t:|1783103871
|switch|p1b: Sinistcha|Sinistcha, L50|100/100
|-heal|p1a: Jolteon|100/100|[from] ability: Hospitality|[of] p1b: Sinistcha
|switch|p2b: Tyranitar|Tyranitar, L50, F, shiny|100/100
|-weather|Sandstorm|[from] ability: Sand Stream|[of] p2b: Tyranitar
|detailschange|p2a: Alakazam|Alakazam-Mega, L50, M
|-mega|p2a: Alakazam|Alakazam|Alakazite
|-ability|p2a: Alakazam|Hospitality|Trace|[from] ability: Trace|[of] p1b: Sinistcha
|move|p1a: Jolteon|Electroweb|p2b: Tyranitar|[spread] p2a,p2b
|-damage|p2a: Alakazam|76/100
|-damage|p2b: Tyranitar|86/100
|-unboost|p2a: Alakazam|spe|1
|-unboost|p2b: Tyranitar|spe|1
|move|p2a: Alakazam|Shadow Ball|p1b: Sinistcha
|-supereffective|p1b: Sinistcha|1
|-damage|p1b: Sinistcha|0 fnt
|faint|p1b: Sinistcha
|
|-weather|Sandstorm|[upkeep]
|-damage|p1a: Jolteon|94/100|[from] Sandstorm
|-damage|p2a: Alakazam|70/100|[from] Sandstorm
|upkeep
|
|t:|1783103891
|switch|p1b: Pelipper|Pelipper, L50, F|100/100
|-weather|RainDance|[from] ability: Drizzle|[of] p1b: Pelipper
|turn|3
|
|t:|1783103936
|switch|p2a: Kingambit|Kingambit, L50, F|100/100
|move|p1b: Pelipper|Wide Guard|p1b: Pelipper
|-singleturn|p1b: Pelipper|Wide Guard
|move|p1a: Jolteon|Volt Switch|p2a: Kingambit
|-damage|p2a: Kingambit|67/100
|
|t:|1783103943
|switch|p1a: Swampert|Swampert, L50, M, shiny|100/100|[from] Volt Switch
|move|p2b: Tyranitar|Knock Off|p1b: Pelipper
|-damage|p1b: Pelipper|42/100
|-enditem|p1b: Pelipper|Damp Rock|[from] move: Knock Off|[of] p2b: Tyranitar
|
|-weather|RainDance|[upkeep]
|upkeep
|turn|4
|
|t:|1783103957
|switch|p2b: Incineroar|Incineroar, L50, F, shiny|100/100
|-ability|p2b: Incineroar|Intimidate|boost
|-unboost|p1a: Swampert|atk|1
|-unboost|p1b: Pelipper|atk|1
|detailschange|p1a: Swampert|Swampert-Mega, L50, M, shiny
|-mega|p1a: Swampert|Swampert|Swampertite
|move|p2a: Kingambit|Protect|p2a: Kingambit
|-singleturn|p2a: Kingambit|Protect
|move|p1a: Swampert|Earthquake|p2a: Kingambit|[spread] p2b
|-activate|p2a: Kingambit|move: Protect
|-immune|p1b: Pelipper
|-supereffective|p2b: Incineroar|1
|-damage|p2b: Incineroar|40/100
|-enditem|p2b: Incineroar|Sitrus Berry|[eat]
|-heal|p2b: Incineroar|65/100|[from] item: Sitrus Berry
|move|p1b: Pelipper|Weather Ball|p2b: Incineroar
|-supereffective|p2b: Incineroar|1
|-damage|p2b: Incineroar|0 fnt
|faint|p2b: Incineroar
|
|-weather|RainDance|[upkeep]
|-sideend|p1: XX_CHEETOBOI_XX|move: Tailwind
|upkeep
|
|t:|1783103968
|switch|p2b: Tyranitar|Tyranitar, L50, F, shiny|86/100
|-weather|Sandstorm|[from] ability: Sand Stream|[of] p2b: Tyranitar
|turn|5
|
|t:|1783104013
|switch|p1b: Jolteon|Jolteon, L50, M|94/100
|move|p1a: Swampert|Protect|p1a: Swampert
|-singleturn|p1a: Swampert|Protect
|move|p2a: Kingambit|Protect|p2a: Kingambit
|-singleturn|p2a: Kingambit|Protect
|move|p2b: Tyranitar|Low Kick|p1a: Swampert
|-activate|p1a: Swampert|move: Protect
|
|-weather|Sandstorm|[upkeep]
|-damage|p1b: Jolteon|88/100|[from] Sandstorm
|upkeep
|turn|6
|
|t:|1783104047
|switch|p1b: Pelipper|Pelipper, L50, F|42/100
|-weather|RainDance|[from] ability: Drizzle|[of] p1b: Pelipper
|switch|p2a: Alakazam|Alakazam-Mega, L50, M|70/100
|-ability|p2a: Alakazam|Swift Swim|Trace|[from] ability: Trace|[of] p1a: Swampert
|move|p1a: Swampert|Wave Crash|p2b: Tyranitar
|-supereffective|p2b: Tyranitar|1
|-damage|p2b: Tyranitar|0 fnt
|faint|p2b: Tyranitar
|-damage|p1a: Swampert|72/100|[from] Recoil
|
|-weather|RainDance|[upkeep]
|upkeep
|
|t:|1783104058
|switch|p2b: Kingambit|Kingambit, L50, F|67/100
|turn|7
|c|☆XX_CHEETOBOI_XX|OH SHIT
|
|t:|1783104074
|move|p1b: Pelipper|Wide Guard|p1b: Pelipper
|-singleturn|p1b: Pelipper|Wide Guard
|move|p2a: Alakazam|Shadow Ball|p1b: Pelipper
|-damage|p1b: Pelipper|0 fnt
|faint|p1b: Pelipper
|move|p1a: Swampert|Wave Crash|p2a: Alakazam
|-damage|p2a: Alakazam|0 fnt
|faint|p2a: Alakazam
|-damage|p1a: Swampert|54/100|[from] Recoil
|move|p2b: Kingambit|Kowtow Cleave|p1a: Swampert
|-damage|p1a: Swampert|12/100
|
|-weather|RainDance|[upkeep]
|upkeep
|
|t:|1783104087
|switch|p1b: Jolteon|Jolteon, L50, M|88/100
|turn|8
|
|t:|1783104100
|move|p1a: Swampert|High Horsepower|p2b: Kingambit
|-supereffective|p2b: Kingambit|1
|-damage|p2b: Kingambit|9/100
|move|p1b: Jolteon|Thunder|p2b: Kingambit
|-damage|p2b: Kingambit|0 fnt
|faint|p2b: Kingambit
|
|win|XX_CHEETOBOI_XX
||XX_CHEETOBOI_XX is ready for game 2.
|inactive|detrimentalkev has 30 seconds to confirm battle start!
|inactive|detrimentalkev has 20 seconds to confirm battle start!
|inactive|detrimentalkev has 10 seconds to confirm battle start!
|uhtml|next|Next: Game 2 of 3
|l|☆detrimentalkev
|player|p2|
|j| pacdan111
|l|☆XX_CHEETOBOI_XX
|player|p1|
|j|☆XX_CHEETOBOI_XX
|player|p1|XX_CHEETOBOI_XX|hilbert|
