|j|☆gundnub
|j|☆audrith
|html|gundnubaudrith    
|uhtml|bestof|Game 2 of a best-of-3
|t:|1783374522
|gametype|doubles
|player|p1|gundnub|pokemonranger-gen4|
|player|p2|audrith|lady|
|gen|9
|tier|[Gen 9 Champions] VGC 2026 Reg M-B (Bo3)
|rule|Species Clause: Limit one of each Pokémon
|rule|Item Clause: Limit 1 of each item
|clearpoke
|poke|p1|Pidgeot, L50, M|
|poke|p1|Krookodile, L50, M|
|poke|p1|Floette-Eternal, L50, F|
|poke|p1|Toxicroak, L50, M|
|poke|p1|Chandelure, L50, M|
|poke|p1|Vaporeon, L50, M|
|poke|p2|Chandelure, L50, F|
|poke|p2|Orthworm, L50, F|
|poke|p2|Noivern, L50, F|
|poke|p2|Swampert, L50, M|
|poke|p2|Goodra-Hisui, L50, M|
|poke|p2|Floette-Eternal, L50, F|
|teampreview|4
|showteam|p1|Pidgeot||Pidgeotite|BigPecks|Protect,Hurricane,HeatWave,Tailwind|Timid||M|||50|]Krookodile||RoseliBerry|Intimidate|IronHead,HighHorsepower,LashOut,Earthquake|Adamant||M|||50|]Floette-Eternal||LifeOrb|FlowerVeil|Protect,Moonblast,DazzlingGleam,LightofRuin|Modest||F|||50|]Toxicroak||FocusSash|DrySkin|Protect,PoisonJab,CloseCombat,FakeOut|Jolly||M|||50|]Chandelure||Chandelurite|FlashFire|HeatWave,ShadowBall,EnergyBall,TrickRoom|Modest||M|||50|]Vaporeon||Leftovers|WaterAbsorb|Protect,MuddyWater,ShadowBall,CalmMind|Modest||M|||50|
|showteam|p2|Chandelure||Chandelurite|FlashFire|HeatWave,ShadowBall,TrickRoom,Protect|Serious||F|||50|]Orthworm||Leftovers|EarthEater|Protect,ShedTail,IronDefense,BodyPress|Careful||F|||50|]Noivern||WhiteHerb|Frisk|Tailwind,Taunt,SunnyDay,DracoMeteor|Timid||F|||50|]Swampert||SitrusBerry|Torrent|Earthquake,WaveCrash,KnockOff,Protect|Adamant||M|||50|]Goodra-Hisui||LifeOrb|Gooey|MuddyWater,FlashCannon,DragonPulse,Protect|Modest||M|||50|]Floette-Eternal||ChoiceScarf|FlowerVeil|DazzlingGleam,LightofRuin,EnergyBall,Psychic|Modest||F|||50|
|inactive|Battle timer is ON: inactive players will automatically lose when time's up. (requested by gundnub)
|inactive|audrith has 60 seconds left.
|inactive|audrith has 30 seconds left.
|inactive|audrith has 20 seconds left.
|inactive|audrith has 15 seconds left.
|inactive|audrith has 10 seconds left.
|
|t:|1783374604
|teamsize|p1|4
|teamsize|p2|4
|start
|switch|p1a: Vaporeon|Vaporeon, L50, M|100/100
|switch|p1b: Toxicroak|Toxicroak, L50, M|100/100
|switch|p2a: Swampert|Swampert, L50, M|100/100
|switch|p2b: Noivern|Noivern, L50, F|100/100
|-item|p1a: Vaporeon|Leftovers|[from] ability: Frisk|[of] p2b: Noivern
|-item|p1b: Toxicroak|Focus Sash|[from] ability: Frisk|[of] p2b: Noivern
|turn|1
|inactive|gundnub has 30 seconds left.
|inactive|audrith has 30 seconds left.
|inactive|gundnub has 20 seconds left.
|inactive|audrith has 20 seconds left.
|inactive|audrith has 15 seconds left.
|
|t:|1783374648
|move|p1b: Toxicroak|Fake Out|p2b: Noivern
|-damage|p2b: Noivern|84/100
|cant|p2b: Noivern|flinch
|move|p1a: Vaporeon|Calm Mind|p1a: Vaporeon
|-boost|p1a: Vaporeon|spa|1
|-boost|p1a: Vaporeon|spd|1
|move|p2a: Swampert|Earthquake|p1b: Toxicroak|[spread] p1a,p1b
|-immune|p2b: Noivern
|-supereffective|p1b: Toxicroak|1
|-damage|p1a: Vaporeon|69/100
|-enditem|p1b: Toxicroak|Focus Sash
|-damage|p1b: Toxicroak|1/100
|
|-heal|p1a: Vaporeon|75/100|[from] item: Leftovers
|upkeep
|turn|2
|inactive|audrith has 30 seconds left.
|
|t:|1783374674
|switch|p1b: Krookodile|Krookodile, L50, M|100/100
|-ability|p1b: Krookodile|Intimidate|boost
|-unboost|p2a: Swampert|atk|1
|-unboost|p2b: Noivern|atk|1
|-enditem|p2b: Noivern|White Herb
|-clearnegativeboost|p2b: Noivern|[silent]
|move|p2b: Noivern|Sunny Day|p2b: Noivern
|-weather|SunnyDay
|move|p1a: Vaporeon|Muddy Water|p2a: Swampert|[spread] p2a,p2b
|-resisted|p2b: Noivern|1
|-damage|p2a: Swampert|81/100
|-damage|p2b: Noivern|72/100
|move|p2a: Swampert|Knock Off|p1a: Vaporeon
|-damage|p1a: Vaporeon|57/100
|-enditem|p1a: Vaporeon|Leftovers|[from] move: Knock Off|[of] p2a: Swampert
|
|-weather|SunnyDay|[upkeep]
|upkeep
|turn|3
|inactive|gundnub has 30 seconds left.
|inactive|audrith has 30 seconds left.
|inactive|audrith has 20 seconds left.
|inactive|audrith has 15 seconds left.
|
|t:|1783374718
|switch|p2a: Floette|Floette-Eternal, L50, F|100/100
|move|p2b: Noivern|Draco Meteor|p1a: Vaporeon
|-damage|p1a: Vaporeon|31/100
|-unboost|p2b: Noivern|spa|2
|move|p1b: Krookodile|Lash Out|p2b: Noivern
|-crit|p2b: Noivern
|-damage|p2b: Noivern|5/100
|move|p1a: Vaporeon|Shadow Ball|p2b: Noivern
|-damage|p2b: Noivern|0 fnt
|faint|p2b: Noivern
|
|-weather|SunnyDay|[upkeep]
|upkeep
|
|t:|1783374741
|switch|p2b: Swampert|Swampert, L50, M|81/100
|turn|4
|inactive|audrith has 30 seconds left.
|
|t:|1783374771
|switch|p2b: Goodra|Goodra-Hisui, L50, M|100/100
|move|p1a: Vaporeon|Protect|p1a: Vaporeon
|-singleturn|p1a: Vaporeon|Protect
|move|p2a: Floette|Dazzling Gleam|p1b: Krookodile|[spread] p1b
|-activate|p1a: Vaporeon|move: Protect
|-supereffective|p1b: Krookodile|1
|-enditem|p1b: Krookodile|Roseli Berry|[eat]
|-enditem|p1b: Krookodile|Roseli Berry|[weaken]
|-damage|p1b: Krookodile|56/100
|move|p1b: Krookodile|Earthquake|p2a: Floette|[spread] p2a,p2b
|-activate|p1a: Vaporeon|move: Protect
|-supereffective|p2b: Goodra|1
|-damage|p2a: Floette|38/100
|-damage|p2b: Goodra|15/100
|
|-weather|SunnyDay|[upkeep]
|upkeep
|turn|5
|inactive|gundnub has 30 seconds left.
|inactive|gundnub has 20 seconds left.
|inactive|gundnub has 15 seconds left.
|inactive|gundnub has 10 seconds left.
|
|t:|1783374818
|switch|p1b: Chandelure|Chandelure, L50, M|100/100
|move|p2b: Goodra|Protect|p2b: Goodra
|-singleturn|p2b: Goodra|Protect
|move|p2a: Floette|Dazzling Gleam|p1a: Vaporeon|[spread] p1a,p1b
|-resisted|p1b: Chandelure|1
|-damage|p1a: Vaporeon|11/100
|-damage|p1b: Chandelure|80/100
|move|p1a: Vaporeon|Shadow Ball|p2a: Floette
|-damage|p2a: Floette|6/100
|
|-weather|SunnyDay|[upkeep]
|upkeep
|turn|6
|inactive|gundnub has 30 seconds left.
|inactive|audrith has 30 seconds left.
|inactive|audrith has 20 seconds left.
|inactive|audrith has 15 seconds left.
|
|t:|1783374858
|detailschange|p1b: Chandelure|Chandelure-Mega, L50, M
|-mega|p1b: Chandelure|Chandelure|Chandelurite
|move|p2a: Floette|Dazzling Gleam|p1a: Vaporeon|[spread] p1a,p1b
|-resisted|p1b: Chandelure|1
|-damage|p1a: Vaporeon|0 fnt
|-damage|p1b: Chandelure|64/100
|faint|p1a: Vaporeon
|move|p1b: Chandelure|Heat Wave|p2b: Goodra|[spread] p2a,p2b
|-crit|p2b: Goodra
|-damage|p2a: Floette|0 fnt
|-damage|p2b: Goodra|0 fnt
|faint|p2a: Floette
|faint|p2b: Goodra
|
|-weather|none
|upkeep
|
|t:|1783374870
|switch|p2b: Swampert|Swampert, L50, M|81/100
|switch|p1a: Toxicroak|Toxicroak, L50, M|1/100
|turn|7
|
|t:|1783374875
|switch|p1a: Krookodile|Krookodile, L50, M|56/100
|-ability|p1a: Krookodile|Intimidate|boost
|-unboost|p2b: Swampert|atk|1
|move|p1b: Chandelure|Energy Ball|p2b: Swampert
|-supereffective|p2b: Swampert|2
|-damage|p2b: Swampert|0 fnt
|faint|p2b: Swampert
|
|win|gundnub
