|j|☆aquiles1995
|j|☆Treit_3
|html|aquiles1995Treit_3    
|uhtml|bestof|Game 2 of a best-of-3
|t:|1783449268
|gametype|doubles
|player|p1|aquiles1995|benga|1106
|player|p2|Treit_3|marshal|1179
|gen|9
|tier|[Gen 9 Champions] VGC 2026 Reg M-B (Bo3)
|rated|
|rule|Species Clause: Limit one of each Pokémon
|rule|Item Clause: Limit 1 of each item
|clearpoke
|poke|p1|Charizard, L50, M|
|poke|p1|Aerodactyl, L50, M|
|poke|p1|Garchomp, L50, F|
|poke|p1|Kingambit, L50, M|
|poke|p1|Farigiraf, L50, M|
|poke|p1|Sylveon, L50, M|
|poke|p2|Scrafty, L50, F|
|poke|p2|Blaziken, L50, F|
|poke|p2|Torterra, L50, M|
|poke|p2|Milotic, L50, M|
|poke|p2|Gholdengo, L50|
|poke|p2|Farigiraf, L50, F|
|teampreview|4
|showteam|p1|Charizard||CharizarditeY|SolarPower|Protect,HeatWave,WeatherBall,SolarBeam|Modest||M|||50|]Aerodactyl||Aerodactylite|Unnerve|Tailwind,DualWingbeat,IceFang,RockSlide|Jolly||M|||50|]Garchomp||LifeOrb|RoughSkin|Protect,Earthquake,StompingTantrum,DragonClaw|Jolly||F|||50|]Kingambit||FocusSash|Defiant|LowKick,SuckerPunch,KowtowCleave,IronHead|Adamant||M|||50|]Farigiraf||SitrusBerry|ArmorTail|Roar,TrickRoom,Thunderbolt,Psychic|Bold||M|||50|]Sylveon||FairyFeather|Pixilate|HyperBeam,QuickAttack,Detect,HyperVoice|Modest||M|||50|
|showteam|p2|Scrafty||Scraftinite|Intimidate|FakeOut,Coaching,DrainPunch,ThroatChop|Adamant||F|||50|]Blaziken||Blazikenite|SpeedBoost|Detect,RockSlide,FlareBlitz,CloseCombat|Adamant||F|||50|]Torterra||Leftovers|ShellArmor|Protect,WideGuard,HeadlongRush,WoodHammer|Brave||M|||50|]Milotic||MysticWater|Competitive|Protect,Scald,MuddyWater,IceBeam|Modest||M|||50|]Gholdengo||LifeOrb|GoodasGold|Protect,NastyPlot,MakeItRain,ShadowBall|Modest|||||50|]Farigiraf||SitrusBerry|ArmorTail|Protect,TrickRoom,Thunderbolt,HyperVoice|Bold||F|||50|
|
|t:|1783449318
|teamsize|p1|4
|teamsize|p2|4
|start
|switch|p1a: Charizard|Charizard, L50, M|100/100
|switch|p1b: Sylveon|Sylveon, L50, M|100/100
|switch|p2a: Milotic|Milotic, L50, M|100/100
|switch|p2b: Blaziken|Blaziken, L50, F|100/100
|turn|1
|
|t:|1783449338
|detailschange|p2b: Blaziken|Blaziken-Mega, L50, F
|-mega|p2b: Blaziken|Blaziken|Blazikenite
|detailschange|p1a: Charizard|Charizard-Mega-Y, L50, M
|-mega|p1a: Charizard|Charizard|Charizardite Y
|-weather|SunnyDay|[from] ability: Drought|[of] p1a: Charizard
|move|p2b: Blaziken|Detect|p2b: Blaziken
|-singleturn|p2b: Blaziken|Protect
|move|p1a: Charizard|Solar Beam||[still]
|-prepare|p1a: Charizard|Solar Beam
|-anim|p1a: Charizard|Solar Beam|p2a: Milotic
|-supereffective|p2a: Milotic|1
|-damage|p2a: Milotic|33/100
|move|p2a: Milotic|Muddy Water|p1b: Sylveon|[spread] p1a,p1b
|-supereffective|p1a: Charizard|1
|-damage|p1a: Charizard|67/100
|-damage|p1b: Sylveon|85/100
|-unboost|p1b: Sylveon|accuracy|1
|move|p1b: Sylveon|Hyper Voice|p2a: Milotic|[spread] p2a
|-activate|p2b: Blaziken|move: Protect
|-damage|p2a: Milotic|0 fnt
|faint|p2a: Milotic
|
|-weather|SunnyDay|[upkeep]
|-ability|p2b: Blaziken|Speed Boost|boost
|-boost|p2b: Blaziken|spe|1
|upkeep
|
|t:|1783449353
|switch|p2a: Farigiraf|Farigiraf, L50, F|100/100
|turn|2
|
|t:|1783449372
|move|p2b: Blaziken|Flare Blitz|p1a: Charizard
|-resisted|p1a: Charizard|1
|-damage|p1a: Charizard|8/100
|-damage|p2b: Blaziken|77/100|[from] Recoil
|move|p1a: Charizard|Weather Ball|p2b: Blaziken
|-resisted|p2b: Blaziken|1
|-damage|p2b: Blaziken|20/100y
|move|p1b: Sylveon|Hyper Beam|p2b: Blaziken|[miss]
|-miss|p1b: Sylveon|p2b: Blaziken
|move|p2a: Farigiraf|Trick Room|p2a: Farigiraf
|-fieldstart|move: Trick Room|[of] p2a: Farigiraf
|
|-weather|SunnyDay|[upkeep]
|-ability|p2b: Blaziken|Speed Boost|boost
|-boost|p2b: Blaziken|spe|1
|upkeep
|turn|3
|
|t:|1783449392
|switch|p1a: Farigiraf|Farigiraf, L50, M|100/100
|switch|p2b: Torterra|Torterra, L50, M|100/100
|move|p2a: Farigiraf|Hyper Voice|p1a: Farigiraf|[spread] p1a,p1b
|-damage|p1a: Farigiraf|73/100
|-damage|p1b: Sylveon|63/100
|move|p1b: Sylveon|Hyper Voice|p2b: Torterra|[spread] p2a,p2b
|-damage|p2a: Farigiraf|49/100
|-damage|p2b: Torterra|55/100
|-enditem|p2a: Farigiraf|Sitrus Berry|[eat]
|-heal|p2a: Farigiraf|74/100|[from] item: Sitrus Berry
|
|-weather|SunnyDay|[upkeep]
|-heal|p2b: Torterra|61/100|[from] item: Leftovers
|upkeep
|turn|4
|
|t:|1783449420
|move|p2b: Torterra|Wood Hammer|p1b: Sylveon
|-damage|p1b: Sylveon|0 fnt
|faint|p1b: Sylveon
|-damage|p2b: Torterra|43/100|[from] Recoil
|move|p1a: Farigiraf|Psychic|p2b: Torterra
|-damage|p2b: Torterra|8/100
|-unboost|p2b: Torterra|spd|1
|move|p2a: Farigiraf|Trick Room|p2a: Farigiraf
|-fieldend|move: Trick Room
|
|-weather|SunnyDay|[upkeep]
|-heal|p2b: Torterra|14/100|[from] item: Leftovers
|upkeep
|
|t:|1783449437
|switch|p1b: Charizard|Charizard-Mega-Y, L50, M|8/100
|turn|5
|
|t:|1783449453
|move|p2b: Torterra|Wide Guard|p2b: Torterra
|-singleturn|p2b: Torterra|Wide Guard
|move|p1b: Charizard|Weather Ball|p2a: Farigiraf
|-damage|p2a: Farigiraf|0 fnt
|faint|p2a: Farigiraf
|move|p1a: Farigiraf|Thunderbolt|p2b: Torterra
|-immune|p2b: Torterra
|
|-weather|none
|-heal|p2b: Torterra|20/100y|[from] item: Leftovers
|upkeep
|
|t:|1783449459
|switch|p2a: Blaziken|Blaziken-Mega, L50, F|20/100y
|turn|6
|
|t:|1783449480
|move|p2a: Blaziken|Rock Slide|p1b: Charizard|[spread] p1a,p1b
|-supereffective|p1b: Charizard|2
|-damage|p1a: Farigiraf|54/100
|-damage|p1b: Charizard|0 fnt
|faint|p1b: Charizard
|move|p1a: Farigiraf|Psychic|p2b: Torterra
|-damage|p2b: Torterra|0 fnt
|faint|p2b: Torterra
|
|-ability|p2a: Blaziken|Speed Boost|boost
|-boost|p2a: Blaziken|spe|1
|upkeep
|
|t:|1783449487
|switch|p1b: Garchomp|Garchomp, L50, F|100/100
|turn|7
|
|t:|1783449492
|move|p2a: Blaziken|Rock Slide|p1b: Garchomp|[spread] p1b
|-miss|p2a: Blaziken|p1a: Farigiraf
|-resisted|p1b: Garchomp|1
|-damage|p1b: Garchomp|88/100
|move|p1b: Garchomp|Stomping Tantrum|p2a: Blaziken
|-supereffective|p2a: Blaziken|1
|-damage|p2a: Blaziken|0 fnt
|faint|p2a: Blaziken
|-damage|p1b: Garchomp|78/100|[from] item: Life Orb
|
|win|aquiles1995
|raw|aquiles1995's rating: 1106 → 1136(+30 for winning)
|raw|Treit_3's rating: 1179 → 1149(-30 for losing)
