|j|☆higigig
|j|☆Tecmovgc
|html|higigigTecmovgc    
|uhtml|bestof|Game 1 of a best-of-3
|t:|1756244852
|gametype|doubles
|player|p1|higigig|sisandbro|1075
|player|p2|Tecmovgc|linebacker|1079
|gen|9
|tier|[Gen 9] VGC 2025 Reg H (Bo3)
|rated|
|rule|Species Clause: Limit one of each Pokémon
|rule|Item Clause: Limit 1 of each item
|clearpoke
|poke|p1|Sneasler, L50, F|
|poke|p1|Gholdengo, L50|
|poke|p1|Farigiraf, L50, M|
|poke|p1|Ursaluna-Bloodmoon, L50, M|
|poke|p1|Amoonguss, L50, F|
|poke|p1|Altaria, L50, F|
|poke|p2|Rillaboom, L50, F|
|poke|p2|Sneasler, L50, M|
|poke|p2|Archaludon, L50, F|
|poke|p2|Pelipper, L50, M|
|poke|p2|Basculegion, L50, M|
|poke|p2|Overqwil, L50, M|
|teampreview|4
|showteam|p1|Sneasler||FocusSash|PoisonTouch|FakeOut,CloseCombat,DireClaw,Protect|||F|||50|,,,,,Dark]Gholdengo||ChoiceSpecs|GoodasGold|MakeItRain,ShadowBall,PowerGem,Trick||||||50|,,,,,Steel]Farigiraf||MentalHerb|ArmorTail|Psychic,Imprison,HelpingHand,TrickRoom|||M|||50|,,,,,Grass]Ursaluna-Bloodmoon||ThroatSpray|MindsEye|HyperVoice,EarthPower,BloodMoon,Protect|||M|||50|,,,,,Normal]Amoonguss||SitrusBerry|Regenerator|SludgeBomb,PollenPuff,Spore,RagePowder|||F|||50|,,,,,Water]Altaria||CovertCloak|CloudNine|BreakingSwipe,HelpingHand,Haze,Tailwind|||F|||50|,,,,,Water
|showteam|p2|Rillaboom||LoadedDice|GrassySurge|FakeOut,GrassyGlide,BulletSeed,HighHorsepower|||F|||50|,,,,,Fire]Sneasler||GrassySeed|Unburden|FakeOut,Coaching,CloseCombat,DireClaw|||M|||50|,,,,,Stellar]Archaludon||AssaultVest|Stamina|DragonPulse,ElectroShot,FlashCannon,BodyPress|||F|||50|,,,,,Flying]Pelipper||FocusSash|Drizzle|Hurricane,MuddyWater,Tailwind,Protect|||M|||50|,,,,,Ghost]Basculegion||ChoiceBand|SwiftSwim|WaveCrash,LastRespects,AquaJet,FlipTurn|||M|||50|,,,,,Grass]Overqwil||SafetyGoggles|Intimidate|RainDance,Haze,Taunt,BarbBarrage|||M|||50|,,,,,Dragon
|inactive|Battle timer is ON: inactive players will automatically lose when time's up. (requested by Tecmovgc)
|inactive|higigig also wants the timer to be on.
|inactive|Tecmovgc has 60 seconds left.
|
|t:|1756244907
|teamsize|p1|4
|teamsize|p2|4
|start
|switch|p1a: Altaria|Altaria, L50, F|100/100
|switch|p1b: Ursaluna|Ursaluna-Bloodmoon, L50, M|100/100
|switch|p2a: Archaludon|Archaludon, L50, F|100/100
|switch|p2b: Rillaboom|Rillaboom, L50, F|100/100
|-ability|p1a: Altaria|Cloud Nine
|-fieldstart|move: Grassy Terrain|[from] ability: Grassy Surge|[of] p2b: Rillaboom
|turn|1
|inactive|higigig has 30 seconds left.
|inactive|higigig has 20 seconds left.
|inactive|higigig has 15 seconds left.
|inactive|higigig has 10 seconds left.
|inactive|higigig has 5 seconds left.
|
|t:|1756244958
|-terastallize|p2a: Archaludon|Flying
|-terastallize|p1b: Ursaluna|Normal
|move|p1a: Altaria|Tailwind|p1a: Altaria
|-sidestart|p1: higigig|move: Tailwind
|move|p1b: Ursaluna|Hyper Voice|p2a: Archaludon|[spread] p2a,p2b
|-damage|p2a: Archaludon|60/100
|-damage|p2b: Rillaboom|36/100
|-ability|p2a: Archaludon|Stamina|boost
|-boost|p2a: Archaludon|def|1
|-enditem|p1b: Ursaluna|Throat Spray
|-boost|p1b: Ursaluna|spa|1|[from] item: Throat Spray
|move|p2b: Rillaboom|Bullet Seed|p2a: Archaludon
|-resisted|p2a: Archaludon
|-damage|p2a: Archaludon|55/100
|-ability|p2a: Archaludon|Stamina|boost
|-boost|p2a: Archaludon|def|1
|-resisted|p2a: Archaludon
|-damage|p2a: Archaludon|52/100
|-ability|p2a: Archaludon|Stamina|boost
|-boost|p2a: Archaludon|def|1
|-resisted|p2a: Archaludon
|-damage|p2a: Archaludon|49/100
|-ability|p2a: Archaludon|Stamina|boost
|-boost|p2a: Archaludon|def|1
|-resisted|p2a: Archaludon
|-crit|p2a: Archaludon
|-damage|p2a: Archaludon|40/100
|-ability|p2a: Archaludon|Stamina|boost
|-boost|p2a: Archaludon|def|1
|-resisted|p2a: Archaludon
|-damage|p2a: Archaludon|38/100
|-ability|p2a: Archaludon|Stamina|boost
|-boost|p2a: Archaludon|def|1
|-hitcount|p2a: Archaludon|5
|move|p2a: Archaludon|Body Press|p1b: Ursaluna
|-supereffective|p1b: Ursaluna
|-damage|p1b: Ursaluna|0 fnt
|faint|p1b: Ursaluna
|
|-heal|p2b: Rillaboom|42/100|[from] Grassy Terrain
|upkeep
|inactive|higigig has 30 seconds left.
|inactive|higigig has 20 seconds left.
|inactive|higigig has 15 seconds left.
|inactive|higigig has 10 seconds left.
|inactive|higigig has 5 seconds left.
|
|t:|1756245010
|switch|p1b: Amoonguss|Amoonguss, L50, F|100/100
|turn|2
|
|t:|1756245033
|switch|p2b: Sneasler|Sneasler, L50, M|100/100
|-enditem|p2b: Sneasler|Grassy Seed
|-boost|p2b: Sneasler|def|1|[from] item: Grassy Seed
|move|p1a: Altaria|Haze|p1a: Altaria
|-clearallboost
|move|p2a: Archaludon|Dragon Pulse|p1a: Altaria
|-supereffective|p1a: Altaria
|-damage|p1a: Altaria|18/100
|move|p1b: Amoonguss|Sludge Bomb|p2b: Sneasler
|-resisted|p2b: Sneasler
|-damage|p2b: Sneasler|81/100
|
|-heal|p2b: Sneasler|87/100|[from] Grassy Terrain
|upkeep
|turn|3
|inactive|Tecmovgc has 30 seconds left.
|
|t:|1756245060
|move|p2b: Sneasler|Fake Out|p1a: Altaria
|-damage|p1a: Altaria|4/100
|move|p1a: Altaria|Breaking Swipe|p2b: Sneasler|[spread] p2a,p2b
|-damage|p2a: Archaludon|29/100
|-damage|p2b: Sneasler|68/100
|-unboost|p2a: Archaludon|atk|1
|-unboost|p2b: Sneasler|atk|1
|-ability|p2a: Archaludon|Stamina|boost
|-boost|p2a: Archaludon|def|1
|move|p2a: Archaludon|Dragon Pulse|p1b: Amoonguss
|-damage|p1b: Amoonguss|67/100
|move|p1b: Amoonguss|Spore|p2a: Archaludon
|-status|p2a: Archaludon|slp|[from] move: Spore
|
|-heal|p2b: Sneasler|74/100|[from] Grassy Terrain
|-heal|p1b: Amoonguss|73/100|[from] Grassy Terrain
|upkeep
|turn|4
|inactive|higigig has 30 seconds left.
|inactive|higigig has 20 seconds left.
|inactive|higigig has 15 seconds left.
|inactive|higigig has 10 seconds left.
|
|t:|1756245106
|switch|p1a: Sneasler|Sneasler, L50, F|100/100
|move|p2b: Sneasler|Dire Claw|p1a: Sneasler
|-resisted|p1a: Sneasler
|-damage|p1a: Sneasler|75/100
|cant|p2a: Archaludon|slp
|move|p1b: Amoonguss|Sludge Bomb|p2a: Archaludon
|-damage|p2a: Archaludon|8/100 slp
|-ability|p2a: Archaludon|Stamina|boost
|-boost|p2a: Archaludon|def|1
|
|-heal|p2b: Sneasler|79/100|[from] Grassy Terrain
|-heal|p1a: Sneasler|81/100|[from] Grassy Terrain
|-heal|p1b: Amoonguss|79/100|[from] Grassy Terrain
|-sideend|p1: higigig|move: Tailwind
|upkeep
|turn|5
|
|t:|1756245130
|switch|p2b: Rillaboom|Rillaboom, L50, F|42/100
|move|p1a: Sneasler|Dire Claw|p2a: Archaludon
|-damage|p2a: Archaludon|0 fnt
|faint|p2a: Archaludon
|move|p1b: Amoonguss|Spore|p2b: Rillaboom
|-immune|p2b: Rillaboom
|
|-heal|p1a: Sneasler|87/100|[from] Grassy Terrain
|-heal|p2b: Rillaboom|47/100|[from] Grassy Terrain
|-heal|p1b: Amoonguss|85/100|[from] Grassy Terrain
|-fieldend|move: Grassy Terrain
|upkeep
|
|t:|1756245151
|switch|p2a: Sneasler|Sneasler, L50, M|79/100
|turn|6
|
|t:|1756245163
|switch|p1a: Altaria|Altaria, L50, F|4/100
|-ability|p1a: Altaria|Cloud Nine
|move|p2b: Rillaboom|Fake Out|p1b: Amoonguss
|-damage|p1b: Amoonguss|71/100
|move|p2a: Sneasler|Coaching|p2b: Rillaboom
|-boost|p2b: Rillaboom|atk|1
|-boost|p2b: Rillaboom|def|1
|cant|p1b: Amoonguss|flinch
|
|upkeep
|turn|7
|
|t:|1756245178
|move|p2a: Sneasler|Dire Claw|p1a: Altaria
|-damage|p1a: Altaria|0 fnt
|faint|p1a: Altaria
|move|p2b: Rillaboom|High Horsepower|p1b: Amoonguss
|-damage|p1b: Amoonguss|24/100
|-enditem|p1b: Amoonguss|Sitrus Berry|[eat]
|-heal|p1b: Amoonguss|49/100|[from] item: Sitrus Berry
|move|p1b: Amoonguss|Sludge Bomb|p2b: Rillaboom
|-supereffective|p2b: Rillaboom
|-damage|p2b: Rillaboom|0 fnt
|faint|p2b: Rillaboom
|
|upkeep
|
|t:|1756245194
|switch|p1a: Sneasler|Sneasler, L50, F|87/100
|switch|p2b: Pelipper|Pelipper, L50, M|100/100
|-weather|RainDance|[from] ability: Drizzle|[of] p2b: Pelipper
|turn|8
|
|t:|1756245209
|move|p1a: Sneasler|Fake Out|p2b: Pelipper
|-damage|p2b: Pelipper|83/100
|move|p2a: Sneasler|Dire Claw|p1b: Amoonguss
|-damage|p1b: Amoonguss|7/100
|-status|p1b: Amoonguss|par
|cant|p2b: Pelipper|flinch
|move|p1b: Amoonguss|Spore|p2a: Sneasler
|-status|p2a: Sneasler|slp|[from] move: Spore
|
|-weather|RainDance|[upkeep]
|upkeep
|turn|9
|
|t:|1756245226
|move|p1b: Amoonguss|Rage Powder|p1b: Amoonguss
|-singleturn|p1b: Amoonguss|move: Rage Powder
|move|p1a: Sneasler|Dire Claw|p2b: Pelipper
|-damage|p2b: Pelipper|28/100
|-status|p2b: Pelipper|par
|cant|p2a: Sneasler|slp
|move|p2b: Pelipper|Muddy Water|p1a: Sneasler|[spread] p1a,p1b
|-resisted|p1b: Amoonguss
|-damage|p1a: Sneasler|31/100
|-damage|p1b: Amoonguss|0 fnt
|faint|p1b: Amoonguss
|
|-weather|RainDance|[upkeep]
|upkeep
|turn|10
|
|t:|1756245245
|move|p2b: Pelipper|Protect|p2b: Pelipper
|-singleturn|p2b: Pelipper|Protect
|move|p1a: Sneasler|Dire Claw|p2b: Pelipper
|-activate|p2b: Pelipper|move: Protect
|cant|p2a: Sneasler|slp
|
|-weather|RainDance|[upkeep]
|upkeep
|turn|11
|
|t:|1756245259
|-curestatus|p2a: Sneasler|slp|[msg]
|move|p2a: Sneasler|Close Combat|p1a: Sneasler
|-resisted|p1a: Sneasler
|-damage|p1a: Sneasler|0 fnt
|-unboost|p2a: Sneasler|def|1
|-unboost|p2a: Sneasler|spd|1
|faint|p1a: Sneasler
|
|win|Tecmovgc
