|j|☆KChiefs7
|j|☆chzao
|html|KChiefs7chzao    
|uhtml|bestof|Game 2 of a best-of-3
|t:|1756824767
|gametype|doubles
|player|p1|KChiefs7|swimmer-gen4|1071
|player|p2|chzao|clay|1014
|gen|9
|tier|[Gen 9] VGC 2025 Reg H (Bo3)
|rated|
|rule|Species Clause: Limit one of each Pokémon
|rule|Item Clause: Limit 1 of each item
|clearpoke
|poke|p1|Ursaluna, L50, F|
|poke|p1|Gholdengo, L50|
|poke|p1|Flamigo, L50, M|
|poke|p1|Amoonguss, L50, F|
|poke|p1|Porygon2, L50|
|poke|p1|Incineroar, L50, F|
|poke|p2|Swampert, L50, M|
|poke|p2|Sinistcha-Masterpiece, L50|
|poke|p2|Hatterene, L50, F|
|poke|p2|Hitmontop, L50, M|
|poke|p2|Indeedee-F, L50, F|
|poke|p2|Dragonite, L50, M|
|teampreview|4
|showteam|p1|Ursaluna||FlameOrb|Guts|Facade,HeadlongRush,Earthquake,Protect|||F|||50|,,,,,Ghost]Gholdengo||LifeOrb|GoodasGold|MakeItRain,ShadowBall,NastyPlot,Protect||||||50|,,,,,Water]Flamigo||FocusSash|Scrappy|Detect,CloseCombat,WideGuard,DualWingbeat|||M|||50|,,,,,Ghost]Amoonguss||CovertCloak|Regenerator|RagePowder,Spore,PollenPuff,ClearSmog|||F|||50|,,,,,Fairy]Porygon2||Eviolite|Download|TeraBlast,IceBeam,Recover,TrickRoom||||||50|,,,,,Fighting]Incineroar||SafetyGoggles|Intimidate|FlareBlitz,KnockOff,FakeOut,PartingShot|||F|||50|,,,,,Ghost
|showteam|p2|Swampert||ClearAmulet|Torrent|WideGuard,Liquidation,Earthquake,IcePunch|||M|||50|,,,,,Stellar]Sinistcha-Masterpiece||EjectPack|Hospitality|LifeDew,MatchaGotcha,RagePowder,StrengthSap||||||50|,,,,,Grass]Hatterene||SafetyGoggles|Healer|ExpandingForce,Protect,MysticalFire,TrickRoom|||F|||50|,,,,,Fire]Hitmontop||GrassySeed|Intimidate|BrickBreak,Coaching,Protect,IceSpinner|||M|||50|,,,,,Ice]Indeedee-F||MentalHerb|PsychicSurge|HelpingHand,TrickRoom,DazzlingGleam,FollowMe|||F|||50|,,,,,Dark]Dragonite||CovertCloak|Multiscale|DragonClaw,BrickBreak,IronHead,Roost|||M|||50|,,,,,Dragon
|inactive|Battle timer is ON: inactive players will automatically lose when time's up. (requested by KChiefs7)
|inactive|chzao also wants the timer to be on.
|
|t:|1756824796
|teamsize|p1|4
|teamsize|p2|4
|start
|switch|p1a: Incineroar|Incineroar, L50, F|100/100
|switch|p1b: Flamigo|Flamigo, L50, M|100/100
|switch|p2a: Hitmontop|Hitmontop, L50, M|100/100
|switch|p2b: Dragonite|Dragonite, L50, M|100/100
|-ability|p1a: Incineroar|Intimidate|boost
|-unboost|p2a: Hitmontop|atk|1
|-unboost|p2b: Dragonite|atk|1
|-ability|p2a: Hitmontop|Intimidate|boost
|-unboost|p1a: Incineroar|atk|1
|-fail|p1b: Flamigo|unboost|Attack|[from] ability: Scrappy|[of] p1b: Flamigo
|turn|1
|inactive|KChiefs7 has 30 seconds left.
|inactive|chzao has 30 seconds left.
|inactive|KChiefs7 has 20 seconds left.
|inactive|chzao has 20 seconds left.
|inactive|KChiefs7 has 15 seconds left.
|inactive|chzao has 15 seconds left.
|
|t:|1756824838
|move|p1a: Incineroar|Fake Out|p2b: Dragonite
|-damage|p2b: Dragonite|97/100
|move|p1b: Flamigo|Dual Wingbeat|p2a: Hitmontop
|-supereffective|p2a: Hitmontop
|-damage|p2a: Hitmontop|43/100
|-supereffective|p2a: Hitmontop
|-damage|p2a: Hitmontop|0 fnt
|faint|p2a: Hitmontop
|-hitcount|p2: Hitmontop|2
|move|p2b: Dragonite|Brick Break|p1a: Incineroar
|-supereffective|p1a: Incineroar
|-damage|p1a: Incineroar|62/100
|
|upkeep
|
|t:|1756824853
|switch|p2a: Sinistcha|Sinistcha-Masterpiece, L50|100/100
|-heal|p2b: Dragonite|100/100|[from] ability: Hospitality|[of] p2a: Sinistcha
|turn|2
|inactive|KChiefs7 has 30 seconds left.
|inactive|chzao has 30 seconds left.
|
|t:|1756824886
|switch|p2a: Swampert|Swampert, L50, M|100/100
|move|p1b: Flamigo|Dual Wingbeat|p2a: Swampert
|-damage|p2a: Swampert|80/100
|-damage|p2a: Swampert|60/100
|-hitcount|p2a: Swampert|2
|move|p1a: Incineroar|Parting Shot|p2b: Dragonite
|-unboost|p2b: Dragonite|atk|1
|-unboost|p2b: Dragonite|spa|1
|
|t:|1756824902
|switch|p1a: Porygon2|Porygon2, L50|100/100|[from] Parting Shot
|-ability|p1a: Porygon2|Download|boost
|-boost|p1a: Porygon2|atk|1
|move|p2b: Dragonite|Iron Head|p1b: Flamigo
|-damage|p1b: Flamigo|76/100
|
|upkeep
|turn|3
|inactive|KChiefs7 has 30 seconds left.
|
|t:|1756824928
|switch|p2b: Sinistcha|Sinistcha-Masterpiece, L50|100/100
|-heal|p2a: Swampert|84/100|[from] ability: Hospitality|[of] p2b: Sinistcha
|move|p1b: Flamigo|Close Combat|p2a: Swampert
|-crit|p2a: Swampert
|-damage|p2a: Swampert|0 fnt
|-unboost|p1b: Flamigo|def|1
|-unboost|p1b: Flamigo|spd|1
|faint|p2a: Swampert
|move|p1a: Porygon2|Ice Beam|p2b: Sinistcha
|-supereffective|p2b: Sinistcha
|-damage|p2b: Sinistcha|41/100
|
|upkeep
|
|t:|1756824941
|switch|p2a: Dragonite|Dragonite, L50, M|100/100
|turn|4
|
|t:|1756824960
|switch|p1a: Incineroar|Incineroar, L50, F|62/100
|-ability|p1a: Incineroar|Intimidate|boost
|-unboost|p2a: Dragonite|atk|1
|-unboost|p2b: Sinistcha|atk|1
|move|p2b: Sinistcha|Rage Powder|p2b: Sinistcha
|-singleturn|p2b: Sinistcha|move: Rage Powder
|move|p1b: Flamigo|Dual Wingbeat|p2b: Sinistcha
|-supereffective|p2b: Sinistcha
|-damage|p2b: Sinistcha|3/100
|-supereffective|p2b: Sinistcha
|-damage|p2b: Sinistcha|0 fnt
|faint|p2b: Sinistcha
|-hitcount|p2: Sinistcha|2
|move|p2a: Dragonite|Iron Head|p1b: Flamigo
|-damage|p1b: Flamigo|28/100
|
|upkeep
|turn|5
|inactive|KChiefs7 has 30 seconds left.
|
|t:|1756824986
|move|p1b: Flamigo|Close Combat|p2a: Dragonite
|-resisted|p2a: Dragonite
|-damage|p2a: Dragonite|86/100
|-unboost|p1b: Flamigo|def|1
|-unboost|p1b: Flamigo|spd|1
|move|p1a: Incineroar|Parting Shot|p2a: Dragonite
|-unboost|p2a: Dragonite|atk|1
|-unboost|p2a: Dragonite|spa|1
|
|t:|1756824995
|switch|p1a: Porygon2|Porygon2, L50|100/100|[from] Parting Shot
|-ability|p1a: Porygon2|Download|boost
|-boost|p1a: Porygon2|atk|1
|move|p2a: Dragonite|Brick Break|p1a: Porygon2
|-supereffective|p1a: Porygon2
|-damage|p1a: Porygon2|81/100
|
|upkeep
|turn|6
|inactive|KChiefs7 has 30 seconds left.
|
|t:|1756825023
|switch|p1a: Incineroar|Incineroar, L50, F|62/100
|-ability|p1a: Incineroar|Intimidate|boost
|-unboost|p2a: Dragonite|atk|1
|move|p1b: Flamigo|Dual Wingbeat|p2a: Dragonite
|-damage|p2a: Dragonite|64/100
|-damage|p2a: Dragonite|43/100
|-hitcount|p2a: Dragonite|2
|move|p2a: Dragonite|Dragon Claw|p1b: Flamigo
|-damage|p1b: Flamigo|0 fnt
|faint|p1b: Flamigo
|
|upkeep
|
|t:|1756825033
|switch|p1b: Porygon2|Porygon2, L50|81/100
|-ability|p1b: Porygon2|Download|boost
|-boost|p1b: Porygon2|atk|1
|turn|7
|
|t:|1756825051
|switch|p1b: Ursaluna|Ursaluna, L50, F|100/100
|move|p1a: Incineroar|Parting Shot|p2a: Dragonite
|-unboost|p2a: Dragonite|atk|1
|-unboost|p2a: Dragonite|spa|1
|
|t:|1756825056
|switch|p1a: Porygon2|Porygon2, L50|81/100|[from] Parting Shot
|-ability|p1a: Porygon2|Download|boost
|-boost|p1a: Porygon2|atk|1
|move|p2a: Dragonite|Roost|p2a: Dragonite
|-heal|p2a: Dragonite|93/100
|-singleturn|p2a: Dragonite|move: Roost
|
|-status|p1b: Ursaluna|brn|[from] item: Flame Orb
|upkeep
|turn|8
|
|t:|1756825069
|move|p2a: Dragonite|Brick Break|p1b: Ursaluna
|-supereffective|p1b: Ursaluna
|-damage|p1b: Ursaluna|85/100 brn
|move|p1a: Porygon2|Ice Beam|p2a: Dragonite
|-supereffective|p2a: Dragonite
|-damage|p2a: Dragonite|0 fnt
|faint|p2a: Dragonite
|
|win|KChiefs7
|l|☆chzao
|player|p2|
||KChiefs7 is ready for game 3.
||chzao is ready for game 3.
|uhtml|next|Next: Game 3 of 3
