|j|☆Chaoticfarmer
|j|☆SeanClubcardcoach
|html|ChaoticfarmerSeanClubcardcoach    
|uhtml|bestof|Game 3 of a best-of-3
|t:|1754947315
|gametype|doubles
|player|p1|Chaoticfarmer|norman|1275
|player|p2|SeanClubcardcoach|alder|1359
|gen|9
|tier|[Gen 9] VGC 2025 Reg H (Bo3)
|rated|
|rule|Species Clause: Limit one of each Pokémon
|rule|Item Clause: Limit 1 of each item
|clearpoke
|poke|p1|Dondozo, L50, F|
|poke|p1|Tatsugiri, L50, M|
|poke|p1|Indeedee, L50, M|
|poke|p1|Delphox, L50, M|
|poke|p1|Tyranitar, L50, F|
|poke|p1|Excadrill, L50, M|
|poke|p2|Murkrow, L50, F|
|poke|p2|Indeedee-F, L50, F|
|poke|p2|Ursaluna-Bloodmoon, L50, M|
|poke|p2|Armarouge, L50, F|
|poke|p2|Gholdengo, L50|
|poke|p2|Annihilape, L50, F|
|teampreview|4
|showteam|p1|Dondozo||Leftovers|Oblivious|WaveCrash,OrderUp,Earthquake,Protect|||F|||50|,,,,,Grass]Tatsugiri||BlunderPolicy|Commander|MuddyWater,DracoMeteor,DragonPulse,Protect|||M|||50|,,,,,Fairy]Indeedee||ChoiceScarf|PsychicSurge|ExpandingForce,TeraBlast,Trick,HyperVoice|||M|||50|,,,,,Fairy]Delphox||LifeOrb|Magician|ExpandingForce,TeraBlast,HeatWave,Protect|||M|||50|,,,,,Fighting]Tyranitar||AssaultVest|SandStream|RockSlide,KnockOff,LowKick,TeraBlast|||F|||50|,,,,,Flying]Excadrill||FocusSash|SandForce|HighHorsepower,IronHead,RockSlide,Protect|||M|||50|,,,,,Ghost
|showteam|p2|Murkrow||Eviolite|Prankster|Tailwind,FoulPlay,Haze,SunnyDay|||F|||50|,,,,,Ghost]Indeedee-F||RockyHelmet|PsychicSurge|FollowMe,TrickRoom,HelpingHand,Psychic|||F|||50|,,,,,Fairy]Ursaluna-Bloodmoon||LifeOrb|MindsEye|Protect,EarthPower,HyperVoice,BloodMoon|||M|||50|,,,,,Normal]Armarouge||PowerHerb|FlashFire|TrickRoom,MeteorBeam,HeatWave,ExpandingForce|||F|||50|,,,,,Grass]Gholdengo||ChoiceSpecs|GoodasGold|MakeItRain,ShadowBall,Thunderbolt,Trick||||||50|,,,,,Steel]Annihilape||SafetyGoggles|Defiant|Protect,BulkUp,RageFist,DrainPunch|||F|||50|,,,,,Fire
|inactive|Battle timer is ON: inactive players will automatically lose when time's up. (requested by Chaoticfarmer)
|inactive|SeanClubcardcoach also wants the timer to be on.
|
|t:|1754947331
|teamsize|p1|4
|teamsize|p2|4
|start
|switch|p1a: Indeedee|Indeedee, L50, M|100/100
|switch|p1b: Tyranitar|Tyranitar, L50, F|100/100
|switch|p2a: Gholdengo|Gholdengo, L50|100/100
|switch|p2b: Dandish|Ursaluna-Bloodmoon, L50, M|100/100
|-fieldstart|move: Psychic Terrain|[from] ability: Psychic Surge|[of] p1a: Indeedee
|-weather|Sandstorm|[from] ability: Sand Stream|[of] p1b: Tyranitar
|turn|1
|
|t:|1754947353
|move|p2b: Dandish|Protect|p2b: Dandish
|-singleturn|p2b: Dandish|Protect
|move|p1a: Indeedee|Expanding Force|p2a: Gholdengo|[spread] p2a
|-activate|p2b: Dandish|move: Protect
|-resisted|p2a: Gholdengo
|-damage|p2a: Gholdengo|65/100
|move|p2a: Gholdengo|Make It Rain|p1b: Tyranitar|[spread] p1a,p1b
|-supereffective|p1b: Tyranitar
|-damage|p1a: Indeedee|0 fnt
|-damage|p1b: Tyranitar|34/100
|-unboost|p2a: Gholdengo|spa|1
|faint|p1a: Indeedee
|move|p1b: Tyranitar|Low Kick|p2b: Dandish
|-activate|p2b: Dandish|move: Protect
|
|-weather|Sandstorm|[upkeep]
|upkeep
|
|t:|1754947363
|switch|p1a: Dondozo|Dondozo, L50, F|100/100
|turn|2
|inactive|SeanClubcardcoach has 30 seconds left.
|
|t:|1754947388
|switch|p1b: Tatsugiri|Tatsugiri, L50, M|100/100
|-activate|p1b: Tatsugiri|ability: Commander|[of] p1a: Dondozo
|-boost|p1a: Dondozo|atk|2
|-boost|p1a: Dondozo|spa|2
|-boost|p1a: Dondozo|spe|2
|-boost|p1a: Dondozo|def|2
|-boost|p1a: Dondozo|spd|2
|move|p1a: Dondozo|Wave Crash|p2b: Dandish
|-supereffective|p2b: Dandish
|-damage|p2b: Dandish|0 fnt
|faint|p2b: Dandish
|-damage|p1a: Dondozo|71/100|[from] Recoil
|move|p2a: Gholdengo|Make It Rain|p1b: Tatsugiri|[spread] p1a
|-miss|p2a: Gholdengo|p1b: Tatsugiri
|-resisted|p1a: Dondozo
|-damage|p1a: Dondozo|61/100
|-unboost|p2a: Gholdengo|spa|1
|
|-weather|Sandstorm|[upkeep]
|-damage|p1a: Dondozo|54/100|[from] Sandstorm
|-damage|p1b: Tatsugiri|94/100|[from] Sandstorm
|-heal|p1a: Dondozo|61/100|[from] item: Leftovers
|upkeep
|
|t:|1754947390
|switch|p2b: MurkAli|Murkrow, L50, F, shiny|100/100
|turn|3
|inactive|Chaoticfarmer has 30 seconds left.
|
|t:|1754947419
|move|p2b: MurkAli|Haze|p2b: MurkAli
|-clearallboost
|move|p2a: Gholdengo|Make It Rain|p1a: Dondozo|[spread] p1a
|-miss|p2a: Gholdengo|p1b: Tatsugiri
|-resisted|p1a: Dondozo
|-crit|p1a: Dondozo
|-damage|p1a: Dondozo|12/100
|-unboost|p2a: Gholdengo|spa|1
|move|p1a: Dondozo|Earthquake|p2a: Gholdengo|[spread] p2a
|-miss|p1a: Dondozo|p1b: Tatsugiri
|-immune|p2b: MurkAli
|-supereffective|p2a: Gholdengo
|-damage|p2a: Gholdengo|15/100
|
|-weather|Sandstorm|[upkeep]
|-damage|p1b: Tatsugiri|88/100|[from] Sandstorm
|-damage|p2b: MurkAli|95/100|[from] Sandstorm
|-damage|p1a: Dondozo|5/100|[from] Sandstorm
|-heal|p1a: Dondozo|12/100|[from] item: Leftovers
|upkeep
|turn|4
|
|t:|1754947442
|move|p1a: Dondozo|Protect|p1a: Dondozo
|-singleturn|p1a: Dondozo|Protect
|move|p2b: MurkAli|Tailwind|p2b: MurkAli
|-sidestart|p2: SeanClubcardcoach|move: Tailwind
|move|p2a: Gholdengo|Make It Rain|p1b: Tatsugiri|[spread] 
|-miss|p2a: Gholdengo|p1b: Tatsugiri
|-activate|p1a: Dondozo|move: Protect
|
|-weather|Sandstorm|[upkeep]
|-damage|p2b: MurkAli|89/100|[from] Sandstorm
|-damage|p1b: Tatsugiri|82/100|[from] Sandstorm
|-damage|p1a: Dondozo|5/100|[from] Sandstorm
|-heal|p1a: Dondozo|12/100|[from] item: Leftovers
|upkeep
|turn|5
|
|t:|1754947452
|move|p2b: MurkAli|Haze|p2b: MurkAli
|-clearallboost
|move|p2a: Gholdengo|Make It Rain|p1b: Tatsugiri|[spread] p1a
|-miss|p2a: Gholdengo|p1b: Tatsugiri
|-resisted|p1a: Dondozo
|-damage|p1a: Dondozo|0 fnt
|-unboost|p2a: Gholdengo|spa|1
|faint|p1a: Dondozo
|
|-weather|none
|-fieldend|move: Psychic Terrain
|upkeep
|
|t:|1754947455
|switch|p1a: Tyranitar|Tyranitar, L50, F|34/100
|-weather|Sandstorm|[from] ability: Sand Stream|[of] p1a: Tyranitar
|turn|6
|
|t:|1754947476
|move|p2b: MurkAli|Haze|p2b: MurkAli
|-clearallboost
|move|p2a: Gholdengo|Make It Rain|p1b: Tatsugiri|[spread] p1a,p1b
|-supereffective|p1a: Tyranitar
|-resisted|p1b: Tatsugiri
|-damage|p1a: Tyranitar|0 fnt
|-damage|p1b: Tatsugiri|27/100
|-unboost|p2a: Gholdengo|spa|1
|faint|p1a: Tyranitar
|move|p1b: Tatsugiri|Muddy Water|p2a: Gholdengo|[spread] p2a,p2b
|-damage|p2a: Gholdengo|0 fnt
|-damage|p2b: MurkAli|52/100
|faint|p2a: Gholdengo
|
|-weather|Sandstorm|[upkeep]
|-damage|p2b: MurkAli|46/100|[from] Sandstorm
|-damage|p1b: Tatsugiri|21/100|[from] Sandstorm
|upkeep
|
|t:|1754947482
|switch|p2a: Bullirouge|Armarouge, L50, F, shiny|100/100
|turn|7
|
|t:|1754947497
|-terastallize|p2a: Bullirouge|Grass
|move|p2b: MurkAli|Foul Play|p1b: Tatsugiri
|-damage|p1b: Tatsugiri|0 fnt
|faint|p1b: Tatsugiri
|
|win|SeanClubcardcoach
|raw|Chaoticfarmer's rating: 1275 → 1256(-19 for losing)
|raw|SeanClubcardcoach's rating: 1359 → 1374(+15 for winning)
|l|☆Chaoticfarmer
|player|p1|
