|j|☆Gurrasnurra5
|j|☆Gamma_90
|html|Gurrasnurra5Gamma_90    
|uhtml|bestof|Game 3 of a best-of-3
|t:|1756667405
|gametype|doubles
|player|p1|Gurrasnurra5|wattson|1165
|player|p2|Gamma_90|1|1111
|gen|9
|tier|[Gen 9] VGC 2025 Reg H (Bo3)
|rated|
|rule|Species Clause: Limit one of each Pokémon
|rule|Item Clause: Limit 1 of each item
|clearpoke
|poke|p1|Kingambit, L50, M|
|poke|p1|Electabuzz, L50, F|
|poke|p1|Incineroar, L50, F|
|poke|p1|Basculegion, L50, M|
|poke|p1|Dragonite, L50, M|
|poke|p1|Sneasler, L50, M|
|poke|p2|Meowscarada, L50, F|
|poke|p2|Volcarona, L50, F|
|poke|p2|Primarina, L50, F|
|poke|p2|Gholdengo, L50|
|poke|p2|Ursaluna, L50, F|
|poke|p2|Porygon2, L50|
|teampreview|4
|showteam|p1|Kingambit||SafetyGoggles|Defiant|KowtowCleave,SuckerPunch,SwordsDance,Protect|||M|||50|,,,,,Dark]Electabuzz||Eviolite|VitalSpirit|FollowMe,Electroweb,Taunt,Protect|||F|||50|,,,,,Ghost]Incineroar||SitrusBerry|Intimidate|FakeOut,FlareBlitz,KnockOff,PartingShot|||F|||50|,,,,,Grass]Basculegion||ChoiceScarf|Adaptability|WaveCrash,TeraBlast,LastRespects,FlipTurn|||M|||50|,,,,,Fighting]Dragonite||LoadedDice|Multiscale|ScaleShot,ExtremeSpeed,Haze,Protect|||M|||50|,,,,,Fairy]Sneasler||FocusSash|PoisonTouch|FakeOut,CloseCombat,DireClaw,Protect|||M|||50|,,,,,Ghost
|showteam|p2|Meowscarada||ChoiceBand|Protean|FlowerTrick,KnockOff,LowKick,Uturn|||F|||50|,,,,,Ghost]Volcarona||SitrusBerry|FlameBody|Overheat,Tailwind,RagePowder,Protect|||F|||50|,,,,,Dragon]Primarina||LifeOrb|LiquidVoice|HyperVoice,Moonblast,Haze,Protect|||F|||50|,,,,,Grass]Gholdengo||MetalCoat|GoodasGold|MakeItRain,ShadowBall,NastyPlot,Protect||||||50|,,,,,Water]Ursaluna||FlameOrb|Guts|Facade,HeadlongRush,Earthquake,Protect|||F|||50|,,,,,Ghost]Porygon2||Eviolite|Download|TeraBlast,TrickRoom,Recover,IceBeam||||||50|,,,,,Fighting
|inactive|Battle timer is ON: inactive players will automatically lose when time's up. (requested by Gamma_90)
|inactive|Gurrasnurra5 has 60 seconds left.
|
|t:|1756667442
|teamsize|p1|4
|teamsize|p2|4
|start
|switch|p1a: Electabuzz|Electabuzz, L50, F|100/100
|switch|p1b: Sneasler|Sneasler, L50, M|100/100
|switch|p2a: Meowscarada|Meowscarada, L50, F|100/100
|switch|p2b: Porygon2|Porygon2, L50|100/100
|-ability|p2b: Porygon2|Download|boost
|-boost|p2b: Porygon2|atk|1
|turn|1
|inactive|Gamma_90 has 30 seconds left.
|inactive|Gamma_90 has 20 seconds left.
|inactive|Gamma_90 has 15 seconds left.
|inactive|Gamma_90 has 10 seconds left.
|inactive|Gamma_90 has 5 seconds left.
|
|t:|1756667493
|move|p2a: Meowscarada|U-turn|p1b: Sneasler
|-start|p2a: Meowscarada|typechange|Bug|[from] ability: Protean
|-resisted|p1b: Sneasler
|-damage|p1b: Sneasler|79/100
|
|t:|1756667498
|switch|p2a: Volcarona|Volcarona, L50, F|100/100|[from] U-turn
|move|p1b: Sneasler|Dire Claw|p2a: Volcarona
|-damage|p2a: Volcarona|61/100
|-status|p2a: Volcarona|par
|move|p1a: Electabuzz|Taunt|p2b: Porygon2
|-start|p2b: Porygon2|move: Taunt
|cant|p2b: Porygon2|move: Taunt|Trick Room
|
|upkeep
|turn|2
|
|t:|1756667522
|move|p2a: Volcarona|Rage Powder|p2a: Volcarona
|-singleturn|p2a: Volcarona|move: Rage Powder
|move|p1b: Sneasler|Close Combat|p2a: Volcarona
|-resisted|p2a: Volcarona
|-damage|p2a: Volcarona|34/100 par
|-unboost|p1b: Sneasler|def|1
|-unboost|p1b: Sneasler|spd|1
|-enditem|p2a: Volcarona|Sitrus Berry|[eat]
|-heal|p2a: Volcarona|59/100 par|[from] item: Sitrus Berry
|move|p1a: Electabuzz|Electroweb|p2a: Volcarona|[spread] p2a,p2b
|-damage|p2a: Volcarona|48/100 par
|-damage|p2b: Porygon2|92/100
|-unboost|p2a: Volcarona|spe|1
|-unboost|p2b: Porygon2|spe|1
|move|p2b: Porygon2|Tera Blast|p1b: Sneasler
|-damage|p1b: Sneasler|6/100
|
|upkeep
|turn|3
|inactive|Gamma_90 has 30 seconds left.
|
|t:|1756667555
|move|p2a: Volcarona|Rage Powder|p2a: Volcarona
|-singleturn|p2a: Volcarona|move: Rage Powder
|move|p1b: Sneasler|Dire Claw|p2a: Volcarona
|-damage|p2a: Volcarona|9/100 par
|move|p1a: Electabuzz|Electroweb|p2a: Volcarona|[spread] p2a,p2b
|-damage|p2a: Volcarona|0 fnt
|-damage|p2b: Porygon2|83/100
|-unboost|p2b: Porygon2|spe|1
|faint|p2a: Volcarona
|move|p2b: Porygon2|Tera Blast|p1a: Electabuzz
|-damage|p1a: Electabuzz|74/100
|
|-end|p2b: Porygon2|move: Taunt
|upkeep
|
|t:|1756667572
|switch|p2a: Meowscarada|Meowscarada, L50, F|100/100
|turn|4
|inactive|Gamma_90 has 30 seconds left.
|inactive|Gamma_90 has 20 seconds left.
|inactive|Gamma_90 has 15 seconds left.
|
|t:|1756667613
|move|p2a: Meowscarada|U-turn|p1b: Sneasler
|-start|p2a: Meowscarada|typechange|Bug|[from] ability: Protean
|-resisted|p1b: Sneasler
|-damage|p1b: Sneasler|0 fnt
|faint|p1b: Sneasler
|
|t:|1756667617
|switch|p2a: Ursaluna|Ursaluna, L50, F|100/100|[from] U-turn
|move|p1a: Electabuzz|Taunt|p2b: Porygon2
|-start|p2b: Porygon2|move: Taunt
|cant|p2b: Porygon2|move: Taunt|Trick Room
|
|-status|p2a: Ursaluna|brn|[from] item: Flame Orb
|upkeep
|
|t:|1756667633
|switch|p1b: Basculegion|Basculegion, L50, M|100/100
|turn|5
|inactive|Gamma_90 has 30 seconds left.
|
|t:|1756667664
|-terastallize|p2a: Ursaluna|Ghost
|move|p1b: Basculegion|Wave Crash|p2a: Ursaluna
|-damage|p2a: Ursaluna|46/100 brn
|-damage|p1b: Basculegion|79/100|[from] Recoil
|move|p1a: Electabuzz|Electroweb|p2b: Porygon2|[spread] p2a,p2b
|-damage|p2a: Ursaluna|35/100 brn
|-damage|p2b: Porygon2|73/100
|-unboost|p2a: Ursaluna|spe|1
|-unboost|p2b: Porygon2|spe|1
|move|p2a: Ursaluna|Earthquake|p1a: Electabuzz|[spread] p2b,p1a,p1b
|-supereffective|p1a: Electabuzz
|-damage|p2b: Porygon2|36/100
|-damage|p1a: Electabuzz|0 fnt
|-damage|p1b: Basculegion|0 fnt
|faint|p1a: Electabuzz
|faint|p1b: Basculegion
|move|p2b: Porygon2|Tera Blast|p1: Electabuzz|[notarget]
|-fail|p2b: Porygon2
|
|-damage|p2a: Ursaluna|29/100 brn|[from] brn
|upkeep
|
|t:|1756667670
|switch|p1b: Kingambit|Kingambit, L50, M|100/100
|turn|6
|
|t:|1756667690
|move|p1b: Kingambit|Swords Dance|p1b: Kingambit
|-boost|p1b: Kingambit|atk|2
|move|p2a: Ursaluna|Facade|p1b: Kingambit
|-resisted|p1b: Kingambit
|-damage|p1b: Kingambit|51/100
|move|p2b: Porygon2|Tera Blast|p1b: Kingambit
|-resisted|p1b: Kingambit
|-damage|p1b: Kingambit|32/100
|
|-damage|p2a: Ursaluna|23/100 brn|[from] brn
|-end|p2b: Porygon2|move: Taunt
|upkeep
|turn|7
|-message|Gurrasnurra5 forfeited.
|
|win|Gamma_90
|raw|Gurrasnurra5's rating: 1165 → 1136(-29 for losing)
|raw|Gamma_90's rating: 1111 → 1140(+29 for winning)
|l|☆Gurrasnurra5
|player|p1|
