|j|☆karmicavenger
|j|☆GoldenMesa
|html|karmicavengerGoldenMesa    
|uhtml|bestof|Game 2 of a best-of-3
|t:|1785901381
|gametype|doubles
|player|p1|karmicavenger|roxie|1056
|player|p2|GoldenMesa|giovanni|1040
|gen|9
|tier|[Gen 9 Champions] VGC 2026 Reg M-B (Bo3)
|rated|
|rule|Species Clause: Limit one of each Pokémon
|rule|Item Clause: Limit 1 of each item
|clearpoke
|poke|p1|Clefable, L50, M|
|poke|p1|Tyranitar, L50, M|
|poke|p1|Garchomp, L50, M|
|poke|p1|Basculegion, L50, M|
|poke|p1|Sneasler, L50, M|
|poke|p1|Whimsicott, L50, F|
|poke|p2|Gengar, L50, M|
|poke|p2|Ninetales-Alola, L50, F|
|poke|p2|Charizard, L50, M|
|poke|p2|Incineroar, L50, M, shiny|
|poke|p2|Sinistcha, L50|
|poke|p2|Milotic, L50, F|
|teampreview|4
|showteam|p1|Clefable||SitrusBerry|Unaware|FollowMe,Moonblast,HelpingHand,Protect|Bold||M|||50|]Tyranitar||Tyranitarite|SandStream|Protect,RockSlide,KnockOff,DragonDance|Jolly||M|||50|]Garchomp||Garchompite|RoughSkin|EarthPower,DracoMeteor,PowerGem,Protect|Modest||M|||50|]Basculegion||ChoiceScarf|Adaptability|WaveCrash,LastRespects,AquaJet,FlipTurn|Jolly||M|||50|]Sneasler||WhiteHerb|Unburden|Protect,CloseCombat,DireClaw,FakeOut|Jolly||M|||50|]Whimsicott||FocusSash|Prankster|Moonblast,Tailwind,Encore,Protect|Timid||F|||50|
|showteam|p2|Gengar||Gengarite|CursedBody|Protect,ShadowBall,SludgeBomb,PerishSong|Timid||M|||50|]Ninetales-Alola||FocusSash|SnowCloak|Protect,Blizzard,AuroraVeil,FreezeDry|Timid||F|||50|]Charizard||CharizarditeX|Blaze|DragonClaw,FlareBlitz,DragonDance,ThunderPunch|Adamant||M|||50|]Incineroar||SitrusBerry|Intimidate|FakeOut,PartingShot,DarkestLariat,FlareBlitz|Adamant||M|||50|]Sinistcha||ColburBerry|Hospitality|MatchaGotcha,TrickRoom,LifeDew,RagePowder|Bold|||||50|]Milotic||Leftovers|Competitive|Protect,Scald,IcyWind,Recover|Modest||F|||50|
|
|t:|1785901434
|teamsize|p1|4
|teamsize|p2|4
|start
|switch|p1a: Tyranitar|Tyranitar, L50, M|100/100
|switch|p1b: Basculegion|Basculegion, L50, M|100/100
|switch|p2a: Gengar|Gengar, L50, M|100/100
|switch|p2b: Sinistcha|Sinistcha, L50|100/100
|-weather|Sandstorm|[from] ability: Sand Stream|[of] p1a: Tyranitar
|turn|1
|
|t:|1785901467
|detailschange|p2a: Gengar|Gengar-Mega, L50, M
|-mega|p2a: Gengar|Gengar|Gengarite
|move|p2b: Sinistcha|Rage Powder|p2b: Sinistcha
|-singleturn|p2b: Sinistcha|move: Rage Powder
|move|p1b: Basculegion|Flip Turn|p2b: Sinistcha
|-resisted|p2b: Sinistcha|1
|-damage|p2b: Sinistcha|86/100
|
|t:|1785901475
|switch|p1b: Garchomp|Garchomp, L50, M|100/100|[from] Flip Turn
|move|p2a: Gengar|Perish Song|p2a: Gengar
|-start|p1a: Tyranitar|perish3|[silent]
|-start|p1b: Garchomp|perish3|[silent]
|-start|p2a: Gengar|perish3|[silent]
|-start|p2b: Sinistcha|perish3|[silent]
|-fieldactivate|move: Perish Song
|move|p1a: Tyranitar|Dragon Dance|p1a: Tyranitar
|-boost|p1a: Tyranitar|atk|1
|-boost|p1a: Tyranitar|spe|1
|
|-weather|Sandstorm|[upkeep]
|-damage|p2a: Gengar|93/100|[from] Sandstorm
|-damage|p2b: Sinistcha|80/100|[from] Sandstorm
|-start|p2a: Gengar|perish3
|-start|p1a: Tyranitar|perish3
|-start|p1b: Garchomp|perish3
|-start|p2b: Sinistcha|perish3
|upkeep
|turn|2
|
|t:|1785901505
|switch|p2b: Incineroar|Incineroar, L50, M, shiny|100/100
|-ability|p2b: Incineroar|Intimidate|boost
|-unboost|p1a: Tyranitar|atk|1
|-unboost|p1b: Garchomp|atk|1
|detailschange|p1b: Garchomp|Garchomp-Mega, L50, M
|-mega|p1b: Garchomp|Garchomp|Garchompite
|move|p2a: Gengar|Protect|p2a: Gengar
|-singleturn|p2a: Gengar|Protect
|move|p1a: Tyranitar|Rock Slide|p2a: Gengar|[spread] p2b
|-activate|p2a: Gengar|move: Protect
|-supereffective|p2b: Incineroar|1
|-damage|p2b: Incineroar|46/100
|-enditem|p2b: Incineroar|Sitrus Berry|[eat]
|-heal|p2b: Incineroar|71/100|[from] item: Sitrus Berry
|move|p1b: Garchomp|Draco Meteor|p2b: Incineroar
|-damage|p2b: Incineroar|11/100
|-unboost|p1b: Garchomp|spa|2
|
|-weather|Sandstorm|[upkeep]
|-damage|p2a: Gengar|87/100|[from] Sandstorm
|-damage|p2b: Incineroar|5/100|[from] Sandstorm
|-start|p2a: Gengar|perish2
|-start|p1a: Tyranitar|perish2
|-start|p1b: Garchomp|perish2
|upkeep
|turn|3
|
|t:|1785901542
|switch|p2a: Sinistcha|Sinistcha, L50|80/100
|-heal|p2b: Incineroar|30/100|[from] ability: Hospitality|[of] p2a: Sinistcha
|move|p1a: Tyranitar|Rock Slide|p2b: Incineroar|[spread] p2a,p2b
|-supereffective|p2b: Incineroar|1
|-damage|p2a: Sinistcha|56/100
|-damage|p2b: Incineroar|0 fnt
|faint|p2b: Incineroar
|move|p1b: Garchomp|Earth Power|p2a: Sinistcha
|-resisted|p2a: Sinistcha|1
|-damage|p2a: Sinistcha|36/100
|
|-weather|Sandstorm|[upkeep]
|-damage|p2a: Sinistcha|29/100|[from] Sandstorm
|-start|p1a: Tyranitar|perish1
|-start|p1b: Garchomp|perish1
|upkeep
|
|t:|1785901556
|switch|p2b: Gengar|Gengar-Mega, L50, M|87/100
|turn|4
|
|t:|1785901584
|switch|p2a: Milotic|Milotic, L50, F|100/100
|move|p2b: Gengar|Protect|p2b: Gengar
|-singleturn|p2b: Gengar|Protect
|move|p1a: Tyranitar|Knock Off|p2a: Milotic
|-damage|p2a: Milotic|52/100
|-enditem|p2a: Milotic|Leftovers|[from] move: Knock Off|[of] p1a: Tyranitar
|move|p1b: Garchomp|Earth Power|p2a: Milotic
|-damage|p2a: Milotic|28/100
|
|-weather|Sandstorm|[upkeep]
|-damage|p2b: Gengar|81/100|[from] Sandstorm
|-damage|p2a: Milotic|22/100|[from] Sandstorm
|-start|p1a: Tyranitar|perish0
|-start|p1b: Garchomp|perish0
|faint|p1a: Tyranitar
|faint|p1b: Garchomp
|upkeep
|
|t:|1785901601
|switch|p1b: Basculegion|Basculegion, L50, M|100/100
|switch|p1a: Sneasler|Sneasler, L50, M|100/100
|turn|5
|
|t:|1785901613
|switch|p2b: Sinistcha|Sinistcha, L50|29/100
|-heal|p2a: Milotic|47/100|[from] ability: Hospitality|[of] p2b: Sinistcha
|move|p2a: Milotic|Protect|p2a: Milotic
|-singleturn|p2a: Milotic|Protect
|move|p1a: Sneasler|Fake Out|p2a: Milotic
|-activate|p2a: Milotic|move: Protect
|move|p1b: Basculegion|Last Respects|p2b: Sinistcha
|-supereffective|p2b: Sinistcha|1
|-damage|p2b: Sinistcha|0 fnt
|faint|p2b: Sinistcha
|
|-weather|none
|upkeep
|
|t:|1785901623
|switch|p2b: Gengar|Gengar-Mega, L50, M|81/100
|turn|6
|
|t:|1785901634
|move|p2b: Gengar|Protect|p2b: Gengar
|-singleturn|p2b: Gengar|Protect
|move|p1b: Basculegion|Last Respects|p2b: Gengar
|-activate|p2b: Gengar|move: Protect
|move|p1a: Sneasler|Dire Claw|p2a: Milotic
|-damage|p2a: Milotic|10/100
|move|p2a: Milotic|Icy Wind|p1a: Sneasler|[spread] p1a,p1b
|-resisted|p1b: Basculegion|1
|-damage|p1a: Sneasler|86/100
|-damage|p1b: Basculegion|93/100
|-unboost|p1a: Sneasler|spe|1
|-unboost|p1b: Basculegion|spe|1
|-enditem|p1a: Sneasler|White Herb
|-clearnegativeboost|p1a: Sneasler|[silent]
|
|upkeep
|turn|7
|
|t:|1785901685
|move|p1a: Sneasler|Dire Claw|p2b: Gengar
|-resisted|p2b: Gengar|2
|-damage|p2b: Gengar|69/100
|move|p2b: Gengar|Shadow Ball|p1b: Basculegion
|-supereffective|p1b: Basculegion|1
|-damage|p1b: Basculegion|0 fnt
|faint|p1b: Basculegion
|move|p2a: Milotic|Icy Wind|p1a: Sneasler
|-damage|p1a: Sneasler|65/100
|-unboost|p1a: Sneasler|spe|1
|
|upkeep
|turn|8
|
|t:|1785901700
|move|p2b: Gengar|Protect|p2b: Gengar
|-singleturn|p2b: Gengar|Protect
|move|p1a: Sneasler|Dire Claw|p2b: Gengar
|-activate|p2b: Gengar|move: Protect
|move|p2a: Milotic|Recover|p2a: Milotic
|-heal|p2a: Milotic|60/100
|
|upkeep
|turn|9
|
|t:|1785901709
|move|p1a: Sneasler|Dire Claw|p2b: Gengar
|-resisted|p2b: Gengar|2
|-damage|p2b: Gengar|57/100
|-status|p2b: Gengar|par
|move|p2a: Milotic|Scald|p1a: Sneasler
|-damage|p1a: Sneasler|25/100
|cant|p2b: Gengar|par
|
|upkeep
|turn|10
|
|t:|1785901721
|move|p1a: Sneasler|Close Combat|p2a: Milotic
|-damage|p2a: Milotic|6/100
|-unboost|p1a: Sneasler|def|1
|-unboost|p1a: Sneasler|spd|1
|move|p2a: Milotic|Scald|p1a: Sneasler
|-crit|p1a: Sneasler
|-damage|p1a: Sneasler|0 fnt
|faint|p1a: Sneasler
|
|win|GoldenMesa
|inactive|karmicavenger has 30 seconds to confirm battle start!
|inactive|GoldenMesa has 30 seconds to confirm battle start!
||karmicavenger is ready for game 3.
