|j|☆chlorinatedyopper
|j|☆KodeBeast0526
|html|chlorinatedyopperKodeBeast0526    
|uhtml|bestof|Game 2 of a best-of-3
|t:|1785443117
|gametype|doubles
|player|p1|chlorinatedyopper|266|1217
|player|p2|KodeBeast0526|hiker|1348
|gen|9
|tier|[Gen 9 Champions] VGC 2026 Reg M-B (Bo3)
|rated|
|rule|Species Clause: Limit one of each Pokémon
|rule|Item Clause: Limit 1 of each item
|clearpoke
|poke|p1|Gengar, L50, M|
|poke|p1|Swampert, L50, F|
|poke|p1|Incineroar, L50, M|
|poke|p1|Politoed, L50, F|
|poke|p1|Archaludon, L50, M|
|poke|p1|Vivillon, L50, F|
|poke|p2|Aerodactyl, L50, M|
|poke|p2|Kingambit, L50, M|
|poke|p2|Sylveon, L50, M|
|poke|p2|Garchomp, L50, M|
|poke|p2|Charizard, L50, M|
|poke|p2|Farigiraf, L50, F, shiny|
|teampreview|4
|showteam|p1|Gengar||Gengarite|CursedBody|ShadowBall,PerishSong,SludgeBomb,Protect|Timid||M|||50|]Swampert||Swampertite|Torrent|WaveCrash,Earthquake,IcePunch,Protect|Adamant||F|||50|]Incineroar||PasshoBerry|Intimidate|ThroatChop,PartingShot,FakeOut,Protect|Sassy||M|||50|]Politoed||SitrusBerry|Drizzle|WeatherBall,PerishSong,Encore,Protect|Calm||F|||50|]Archaludon||Leftovers|Stamina|DragonPulse,FlashCannon,ElectroShot,Protect|Bold||M|||50|]Vivillon||FocusSash|CompoundEyes|Hurricane,SleepPowder,RagePowder,Protect|Timid||F|||50|
|showteam|p2|Aerodactyl||Aerodactylite|Unnerve|RockSlide,IceFang,Tailwind,WideGuard|Jolly||M|||50|]Kingambit||FocusSash|Defiant|KowtowCleave,SuckerPunch,IronHead,LowKick|Adamant||M|||50|]Sylveon||FairyFeather|Pixilate|Detect,HyperVoice,HyperBeam,QuickAttack|Modest||M|||50|]Garchomp||LifeOrb|RoughSkin|Earthquake,DragonClaw,StompingTantrum,Protect|Jolly||M|||50|]Charizard||CharizarditeY|Blaze|Protect,HeatWave,SolarBeam,WeatherBall|Modest||M|||50|]Farigiraf||SitrusBerry|ArmorTail|Thunderbolt,PsychicNoise,TrickRoom,HelpingHand|Bold||F|||50|
|inactive|Battle timer is ON: inactive players will automatically lose when time's up. (requested by chlorinatedyopper)
|
|t:|1785443137
|teamsize|p1|4
|teamsize|p2|4
|start
|switch|p1a: Vivillon|Vivillon, L50, F|100/100
|switch|p1b: Big Pert|Swampert, L50, F|100/100
|switch|p2a: Farigiraf|Farigiraf, L50, F, shiny|100/100
|switch|p2b: Sylveon|Sylveon, L50, M|100/100
|turn|1
|
|t:|1785443145
|detailschange|p1b: Big Pert|Swampert-Mega, L50, F
|-mega|p1b: Big Pert|Swampert|Swampertite
|move|p1a: Vivillon|Sleep Powder|p2a: Farigiraf
|-status|p2a: Farigiraf|slp|[from] move: Sleep Powder
|move|p1b: Big Pert|Earthquake|p2b: Sylveon|[spread] p2a,p2b
|-immune|p1a: Vivillon
|-damage|p2a: Farigiraf|63/100 slp
|-damage|p2b: Sylveon|45/100
|move|p2b: Sylveon|Hyper Beam|p1b: Big Pert
|-damage|p1b: Big Pert|6/100
|-mustrecharge|p2b: Sylveon
|cant|p2a: Farigiraf|slp
|
|upkeep
|turn|2
|
|t:|1785443159
|move|p1a: Vivillon|Sleep Powder|p2b: Sylveon
|-status|p2b: Sylveon|slp|[from] move: Sleep Powder
|move|p1b: Big Pert|Earthquake|p2a: Farigiraf|[spread] p2a,p2b
|-immune|p1a: Vivillon
|-damage|p2a: Farigiraf|27/100 slp
|-damage|p2b: Sylveon|0 fnt
|-enditem|p2a: Farigiraf|Sitrus Berry|[eat]
|-heal|p2a: Farigiraf|52/100 slp|[from] item: Sitrus Berry
|faint|p2b: Sylveon
|-curestatus|p2a: Farigiraf|slp|[msg]
|move|p2a: Farigiraf|Trick Room|p2a: Farigiraf
|-fieldstart|move: Trick Room|[of] p2a: Farigiraf
|
|upkeep
|
|t:|1785443172
|switch|p2b: Charizard|Charizard, L50, M|100/100
|turn|3
|
|t:|1785443182
|move|p1b: Big Pert|Protect|p1b: Big Pert
|-singleturn|p1b: Big Pert|Protect
|move|p1a: Vivillon|Protect|p1a: Vivillon
|-singleturn|p1a: Vivillon|Protect
|move|p2a: Farigiraf|Thunderbolt|p1a: Vivillon
|-activate|p1a: Vivillon|move: Protect
|move|p2b: Charizard|Heat Wave|p1b: Big Pert|[spread] 
|-activate|p1a: Vivillon|move: Protect
|-activate|p1b: Big Pert|move: Protect
|
|upkeep
|turn|4
|
|t:|1785443191
|move|p2a: Farigiraf|Thunderbolt|p1a: Vivillon
|-supereffective|p1a: Vivillon|1
|-damage|p1a: Vivillon|14/100
|move|p1b: Big Pert|Wave Crash|p2b: Charizard
|-supereffective|p2b: Charizard|1
|-damage|p2b: Charizard|0 fnt
|faint|p2b: Charizard
|-damage|p1b: Big Pert|0 fnt|[from] Recoil
|faint|p1b: Big Pert
|move|p1a: Vivillon|Sleep Powder|p2a: Farigiraf
|-status|p2a: Farigiraf|slp|[from] move: Sleep Powder
|
|upkeep
|
|t:|1785443203
|switch|p1b: Archaludon|Archaludon, L50, M|100/100
|switch|p2b: Kingambit|Kingambit, L50, M|100/100
|turn|5
|
|t:|1785443214
|switch|p1a: Politoed|Politoed, L50, F|100/100
|-weather|RainDance|[from] ability: Drizzle|[of] p1a: Politoed
|cant|p2a: Farigiraf|slp
|move|p2b: Kingambit|Kowtow Cleave|p1a: Politoed
|-damage|p1a: Politoed|58/100
|move|p1b: Archaludon|Electro Shot||[still]
|-prepare|p1b: Archaludon|Electro Shot
|-boost|p1b: Archaludon|spa|1
|-anim|p1b: Archaludon|Electro Shot|p2b: Kingambit
|-damage|p2b: Kingambit|43/100
|
|-weather|RainDance|[upkeep]
|upkeep
|turn|6
|
|t:|1785443234
|-curestatus|p2a: Farigiraf|slp|[msg]
|move|p2a: Farigiraf|Psychic Noise|p1b: Archaludon
|-resisted|p1b: Archaludon|1
|-damage|p1b: Archaludon|86/100
|-start|p1b: Archaludon|move: Heal Block
|-ability|p1b: Archaludon|Stamina|boost
|-boost|p1b: Archaludon|def|1
|move|p1a: Politoed|Weather Ball|p2b: Kingambit
|-damage|p2b: Kingambit|0 fnt
|faint|p2b: Kingambit
|move|p1b: Archaludon|Electro Shot||[still]
|-prepare|p1b: Archaludon|Electro Shot
|-boost|p1b: Archaludon|spa|1
|-anim|p1b: Archaludon|Electro Shot|p2a: Farigiraf
|-damage|p2a: Farigiraf|0 fnt
|faint|p2a: Farigiraf
|
|win|chlorinatedyopper
|raw|chlorinatedyopper's rating: 1217 → 1251(+34 for winning)
|raw|KodeBeast0526's rating: 1348 → 1321(-27 for losing)
