|j|‚ėÜladderal
|j|‚ėÜRegionalModeSlow
|html|ladderalRegionalModeSlow    
|uhtml|bestof|Game 2 of a best-of-3
|t:|1756313895
|gametype|doubles
|player|p1|ladderal|101|1105
|player|p2|RegionalModeSlow|steven|1000
|gen|9
|tier|[Gen 9] VGC 2025 Reg H (Bo3)
|rated|
|rule|Species Clause: Limit one of each Pok√©mon
|rule|Item Clause: Limit 1 of each item
|clearpoke
|poke|p1|Kingambit, L50, F|
|poke|p1|Primarina, L50, F|
|poke|p1|Sneasler, L50, M|
|poke|p1|Magmar, L50, F|
|poke|p1|Rillaboom, L50, M|
|poke|p1|Dragapult, L50, M|
|poke|p2|Noivern, L50, M|
|poke|p2|Weezing-Galar, L50, M|
|poke|p2|Gholdengo, L50|
|poke|p2|Garchomp, L50, F|
|poke|p2|Annihilape, L50, M|
|poke|p2|Magmar, L50, M|
|teampreview|4
|showteam|p1|Kingambit||BlackGlasses|Defiant|KowtowCleave,SuckerPunch,SwordsDance,Protect|||F|||50|,,,,,Dark]Primarina||SitrusBerry|LiquidVoice|HyperVoice,Moonblast,Haze,Protect|||F|||50|,,,,,Poison]Sneasler||FocusSash|PoisonTouch|CloseCombat,DireClaw,FakeOut,Protect|||M|||50|,,,,,Ghost]Magmar||Eviolite|VitalSpirit|Overheat,WillOWisp,FollowMe,Protect|||F|||50|,,,,,Ghost]Rillaboom||AssaultVest|GrassySurge|WoodHammer,GrassyGlide,HighHorsepower,FakeOut|||M|||50|,,,,,Fire]Dragapult||ChoiceBand|ClearBody|DragonDarts,PhantomForce,Outrage,Uturn|||M|||50|,,,,,Dragon
|showteam|p2|Noivern||CovertCloak|Telepathy|AirSlash,SuperFang,Tailwind,Taunt|||M|||50|,,,,,Steel]Weezing-Galar||ChoiceSpecs|NeutralizingGas|DazzlingGleam,SludgeBomb,StrangeSteam,Flamethrower|||M|||50|,,,,,Flying]Gholdengo||MetalCoat|GoodasGold|MakeItRain,ShadowBall,NastyPlot,Protect||||||50|,,,,,Flying]Garchomp||LifeOrb|RoughSkin|DragonClaw,Earthquake,StompingTantrum,Protect|||F|||50|,,,,,Ground]Annihilape||AssaultVest|Defiant|CloseCombat,ShadowClaw,FinalGambit,Uturn|||M|||50|,,,,,Stellar]Magmar||Eviolite|VitalSpirit|HeatWave,WillOWisp,FollowMe,Protect|||M|||50|,,,,,Ghost
|inactive|Battle timer is ON: inactive players will automatically lose when time's up. (requested by RegionalModeSlow)
|
|t:|1756313919
|teamsize|p1|4
|teamsize|p2|4
|start
|switch|p1a: Sneasler|Sneasler, L50, M|100/100
|switch|p1b: Dragapult|Dragapult, L50, M|100/100
|switch|p2a: Ozzy|Noivern, L50, M|100/100
|switch|p2b: PurpleūüíúHaze|Weezing-Galar, L50, M|100/100
|-ability|p2b: PurpleūüíúHaze|Neutralizing Gas
|turn|1
|
|t:|1756313933
|-terastallize|p2a: Ozzy|Steel
|move|p1a: Sneasler|Fake Out|p2b: PurpleūüíúHaze
|-damage|p2b: PurpleūüíúHaze|86/100
|move|p1b: Dragapult|Dragon Darts|p2a: Ozzy
|-resisted|p2a: Ozzy
|-damage|p2a: Ozzy|80/100
|-anim|p1b: Dragapult|Dragon Darts|p2a: Ozzy
|-resisted|p2a: Ozzy
|-damage|p2a: Ozzy|58/100
|move|p2a: Ozzy|Tailwind|p2a: Ozzy
|-sidestart|p2: RegionalModeSlow|move: Tailwind
|cant|p2b: PurpleūüíúHaze|flinch
|
|upkeep
|turn|2
|
|t:|1756313955
|switch|p1b: Kingambit|Kingambit, L50, F|100/100
|move|p2a: Ozzy|Air Slash|p1b: Kingambit
|-resisted|p1b: Kingambit
|-damage|p1b: Kingambit|88/100
|move|p1a: Sneasler|Close Combat|p2a: Ozzy
|-supereffective|p2a: Ozzy
|-damage|p2a: Ozzy|0 fnt
|-unboost|p1a: Sneasler|def|1
|-unboost|p1a: Sneasler|spd|1
|faint|p2a: Ozzy
|move|p2b: PurpleūüíúHaze|Dazzling Gleam|p1a: Sneasler|[spread] p1a,p1b
|-damage|p1a: Sneasler|29/100
|-damage|p1b: Kingambit|52/100
|
|upkeep
|
|t:|1756313958
|switch|p2a: Magmar|Magmar, L50, M|100/100
|turn|3
|
|t:|1756313977
|move|p2a: Magmar|Heat Wave|p1b: Kingambit|[spread] p1a,p1b
|-supereffective|p1b: Kingambit
|-damage|p1a: Sneasler|0 fnt
|-damage|p1b: Kingambit|0 fnt
|faint|p1a: Sneasler
|faint|p1b: Kingambit
|move|p2b: PurpleūüíúHaze|Dazzling Gleam|p1: Sneasler|[notarget]
|-fail|p2b: PurpleūüíúHaze
|
|upkeep
|
|t:|1756313983
|switch|p1a: Primarina|Primarina, L50, F|100/100
|switch|p1b: Dragapult|Dragapult, L50, M|100/100
|turn|4
|
|t:|1756313996
|move|p2a: Magmar|Heat Wave|p1a: Primarina|[spread] p1a,p1b
|-resisted|p1a: Primarina
|-resisted|p1b: Dragapult
|-damage|p1a: Primarina|91/100
|-damage|p1b: Dragapult|83/100
|move|p1b: Dragapult|Phantom Force||[still]
|-prepare|p1b: Dragapult|Phantom Force
|move|p2b: PurpleūüíúHaze|Dazzling Gleam|p1a: Primarina|[spread] p1a
|-miss|p2b: PurpleūüíúHaze|p1b: Dragapult
|-damage|p1a: Primarina|58/100
|move|p1a: Primarina|Hyper Voice|p2b: PurpleūüíúHaze|[spread] p2a,p2b
|-damage|p2a: Magmar|83/100
|-damage|p2b: PurpleūüíúHaze|56/100
|
|-sideend|p2: RegionalModeSlow|move: Tailwind
|upkeep
|turn|5
|
|t:|1756314012
|move|p2a: Magmar|Follow Me|p2a: Magmar
|-singleturn|p2a: Magmar|move: Follow Me
|move|p1b: Dragapult|Phantom Force|p2a: Magmar|[from] lockedmove
|-damage|p2a: Magmar|32/100
|move|p2b: PurpleūüíúHaze|Dazzling Gleam|p1a: Primarina|[spread] p1a,p1b
|-supereffective|p1b: Dragapult
|-damage|p1a: Primarina|27/100
|-damage|p1b: Dragapult|0 fnt
|-enditem|p1a: Primarina|Sitrus Berry|[eat]
|-heal|p1a: Primarina|52/100|[from] item: Sitrus Berry
|faint|p1b: Dragapult
|move|p1a: Primarina|Hyper Voice|p2a: Magmar|[spread] p2a,p2b
|-damage|p2a: Magmar|16/100
|-damage|p2b: PurpleūüíúHaze|28/100
|
|upkeep
|turn|6
|
|t:|1756314034
|move|p2a: Magmar|Protect|p2a: Magmar
|-singleturn|p2a: Magmar|Protect
|move|p2b: PurpleūüíúHaze|Dazzling Gleam|p1a: Primarina
|-damage|p1a: Primarina|9/100
|move|p1a: Primarina|Hyper Voice|p2a: Magmar|[spread] p2b
|-activate|p2a: Magmar|move: Protect
|-damage|p2b: PurpleūüíúHaze|2/100
|
|upkeep
|turn|7
|
|t:|1756314041
|move|p1a: Primarina|Protect|p1a: Primarina
|-singleturn|p1a: Primarina|Protect
|move|p2a: Magmar|Heat Wave|p1a: Primarina
|-activate|p1a: Primarina|move: Protect
|move|p2b: PurpleūüíúHaze|Dazzling Gleam|p1a: Primarina
|-activate|p1a: Primarina|move: Protect
|
|upkeep
|turn|8
|-message|ladderal forfeited.
|
|win|RegionalModeSlow
|raw|ladderal's rating: 1105 → 1073(-32 for losing)
|raw|RegionalModeSlow's rating: 1000 → 1052(+52 for winning)
|l|‚ėÜladderal
|player|p1|
