|j|☆Deseret Gaming
|j|☆junior10or
|html|Deseret Gamingjunior10or    
|uhtml|bestof|Game 1 of a best-of-3
|t:|1785176769
|gametype|doubles
|player|p1|Deseret Gaming|cilan|1144
|player|p2|junior10or|265|1094
|gen|9
|tier|[Gen 9 Champions] VGC 2026 Reg M-B (Bo3)
|rated|
|rule|Species Clause: Limit one of each Pokémon
|rule|Item Clause: Limit 1 of each item
|clearpoke
|poke|p1|Chesnaught, L50, M|
|poke|p1|Kingambit, L50, M|
|poke|p1|Pelipper, L50, M|
|poke|p1|Sinistcha-Masterpiece, L50|
|poke|p1|Eelektross, L50, M|
|poke|p1|Farigiraf, L50, F|
|poke|p2|Archaludon, L50, M|
|poke|p2|Basculegion, L50, M|
|poke|p2|Charizard, L50, M|
|poke|p2|Pelipper, L50, F|
|poke|p2|Venusaur, L50, M|
|poke|p2|Grimmsnarl, L50, M|
|teampreview|4
|showteam|p1|Chesnaught||Chesnaughtite|Bulletproof|WoodHammer,DrainPunch,ThunderPunch,SpikyShield|Adamant||M|||50|]Kingambit||LifeOrb|Defiant|SuckerPunch,KowtowCleave,IronHead,Protect|Brave||M|||50|]Pelipper||FocusSash|Drizzle|WideGuard,Tailwind,WeatherBall,Hurricane|Modest||M|||50|]Sinistcha-Masterpiece||SitrusBerry|Hospitality|MatchaGotcha,RagePowder,LifeDew,TrickRoom|Relaxed|||||50|]Eelektross||Eelektrossite|Levitate|PoisonFang,RockSlide,WildCharge,Protect|Adamant||M|||50|]Farigiraf||MentalHerb|ArmorTail|TwinBeam,AllySwitch,TrickRoom,DazzlingGleam|Quiet||F|||50|
|showteam|p2|Archaludon||Leftovers|Stamina|AuraSphere,ElectroShot,FlashCannon,DragonPulse|Timid||M|||50|]Basculegion||ChoiceScarf|Adaptability|LastRespects,FlipTurn,PsychicFangs,WaveCrash|Jolly||M|||50|]Charizard||CharizarditeY|Blaze|HeatWave,SolarBeam,Protect,DragonPulse|Timid||M|||50|]Pelipper||SitrusBerry|Drizzle|WeatherBall,Hurricane,Tailwind,WideGuard|Modest||F|||50|]Venusaur||LifeOrb|Chlorophyll|EarthPower,SolarBeam,SludgeWave,WeatherBall|Timid||M|||50|]Grimmsnarl||LightClay|Prankster|FakeOut,Reflect,LightScreen,PartingShot|Calm||M|||50|
|inactive|Battle timer is ON: inactive players will automatically lose when time's up. (requested by Deseret Gaming)
|inactive|Deseret Gaming has 60 seconds left.
|j| tedidn
|l| tedidn
|
|t:|1785176807
|teamsize|p1|4
|teamsize|p2|4
|start
|switch|p1a: Mat.7:24-27|Pelipper, L50, M|100/100
|switch|p1b: D&C 89:9|Sinistcha-Masterpiece, L50|100/100
|switch|p2a: Charizard|Charizard, L50, M|100/100
|switch|p2b: Venusaur|Venusaur, L50, M|100/100
|-weather|RainDance|[from] ability: Drizzle|[of] p1a: Mat.7:24-27
|turn|1
|
|t:|1785176825
|detailschange|p2a: Charizard|Charizard-Mega-Y, L50, M
|-mega|p2a: Charizard|Charizard|Charizardite Y
|-weather|SunnyDay|[from] ability: Drought|[of] p2a: Charizard
|move|p1a: Mat.7:24-27|Wide Guard|p1a: Mat.7:24-27
|-singleturn|p1a: Mat.7:24-27|Wide Guard
|move|p2b: Venusaur|Solar Beam||[still]
|-prepare|p2b: Venusaur|Solar Beam
|-anim|p2b: Venusaur|Solar Beam|p1a: Mat.7:24-27
|-damage|p1a: Mat.7:24-27|11/100
|-damage|p2b: Venusaur|90/100|[from] item: Life Orb
|move|p2a: Charizard|Heat Wave|p1a: Mat.7:24-27|[spread] 
|-activate|p1a: Mat.7:24-27|move: Wide Guard
|-activate|p1b: D&C 89:9|move: Wide Guard
|move|p1b: D&C 89:9|Trick Room|p1b: D&C 89:9
|-fieldstart|move: Trick Room|[of] p1b: D&C 89:9
|
|-weather|SunnyDay|[upkeep]
|upkeep
|turn|2
|inactive|Deseret Gaming has 30 seconds left.
|
|t:|1785176851
|move|p2a: Charizard|Protect|p2a: Charizard
|-singleturn|p2a: Charizard|Protect
|move|p1b: D&C 89:9|Rage Powder|p1b: D&C 89:9
|-singleturn|p1b: D&C 89:9|move: Rage Powder
|move|p1a: Mat.7:24-27|Weather Ball|p2b: Venusaur
|-supereffective|p2b: Venusaur|1
|-damage|p2b: Venusaur|0 fnt
|faint|p2b: Venusaur
|
|-weather|SunnyDay|[upkeep]
|upkeep
|
|t:|1785176862
|switch|p2b: Archaludon|Archaludon, L50, M|100/100
|turn|3
|
|t:|1785176878
|switch|p1a: Eze.37:15-19|Farigiraf, L50, F|100/100
|move|p1b: D&C 89:9|Rage Powder|p1b: D&C 89:9
|-singleturn|p1b: D&C 89:9|move: Rage Powder
|move|p2b: Archaludon|Flash Cannon|p1b: D&C 89:9
|-damage|p1b: D&C 89:9|48/100
|-enditem|p1b: D&C 89:9|Sitrus Berry|[eat]
|-heal|p1b: D&C 89:9|73/100|[from] item: Sitrus Berry
|move|p2a: Charizard|Heat Wave|p1a: Eze.37:15-19|[spread] p1a,p1b
|-supereffective|p1b: D&C 89:9|1
|-damage|p1a: Eze.37:15-19|35/100
|-damage|p1b: D&C 89:9|0 fnt
|faint|p1b: D&C 89:9
|
|-weather|SunnyDay|[upkeep]
|upkeep
|
|t:|1785176892
|switch|p1b: Helaman16:2|Chesnaught, L50, M|100/100
|turn|4
|inactive|junior10or has 30 seconds left.
|
|t:|1785176918
|switch|p1a: Mat.7:24-27|Pelipper, L50, M|11/100
|-weather|RainDance|[from] ability: Drizzle|[of] p1a: Mat.7:24-27
|detailschange|p1b: Helaman16:2|Chesnaught-Mega, L50, M
|-mega|p1b: Helaman16:2|Chesnaught|Chesnaughtite
|move|p1b: Helaman16:2|Drain Punch|p2b: Archaludon
|-supereffective|p2b: Archaludon|1
|-damage|p2b: Archaludon|24/100
|-ability|p2b: Archaludon|Stamina|boost
|-boost|p2b: Archaludon|def|1
|move|p2b: Archaludon|Dragon Pulse|p1b: Helaman16:2
|-damage|p1b: Helaman16:2|62/100
|move|p2a: Charizard|Heat Wave|p1a: Mat.7:24-27|[spread] p1b
|-miss|p2a: Charizard|p1a: Mat.7:24-27
|-supereffective|p1b: Helaman16:2|1
|-damage|p1b: Helaman16:2|25/100
|
|-weather|RainDance|[upkeep]
|-heal|p2b: Archaludon|30/100|[from] item: Leftovers
|upkeep
|turn|5
|inactive|Deseret Gaming has 30 seconds left.
|inactive|Deseret Gaming has 20 seconds left.
|
|t:|1785176954
|move|p2a: Charizard|Protect|p2a: Charizard
|-singleturn|p2a: Charizard|Protect
|move|p1b: Helaman16:2|Drain Punch|p2b: Archaludon
|-supereffective|p2b: Archaludon|1
|-damage|p2b: Archaludon|0 fnt
|-heal|p1b: Helaman16:2|38/100|[from] drain|[of] p2b: Archaludon
|faint|p2b: Archaludon
|move|p1a: Mat.7:24-27|Weather Ball|p2a: Charizard
|-activate|p2a: Charizard|move: Protect
|
|-weather|RainDance|[upkeep]
|-fieldend|move: Trick Room
|upkeep
|
|t:|1785176958
|switch|p2b: Basculegion|Basculegion, L50, M|100/100
|turn|6
|
|t:|1785176977
|move|p1b: Helaman16:2|Spiky Shield|p1b: Helaman16:2
|-singleturn|p1b: Helaman16:2|move: Protect
|move|p2b: Basculegion|Psychic Fangs|p1b: Helaman16:2
|-activate|p1b: Helaman16:2|move: Protect
|-damage|p2b: Basculegion|87/100|[from] Spiky Shield|[of] p1b: Helaman16:2
|move|p2a: Charizard|Dragon Pulse|p1a: Mat.7:24-27
|-damage|p1a: Mat.7:24-27|0 fnt
|faint|p1a: Mat.7:24-27
|
|-weather|RainDance|[upkeep]
|upkeep
|
|t:|1785176987
|switch|p1a: Eze.37:15-19|Farigiraf, L50, F|35/100
|turn|7
|
|t:|1785176998
|move|p1a: Eze.37:15-19|Ally Switch|p1a: Eze.37:15-19
|swap|p1a: Eze.37:15-19|1|[from] move: Ally Switch
|move|p2b: Basculegion|Psychic Fangs|p1b: Eze.37:15-19
|-resisted|p1b: Eze.37:15-19|1
|-damage|p1b: Eze.37:15-19|20/100y
|move|p2a: Charizard|Dragon Pulse|p1a: Helaman16:2
|-damage|p1a: Helaman16:2|12/100
|move|p1a: Helaman16:2|Thunder Punch|p2a: Charizard
|-supereffective|p2a: Charizard|1
|-damage|p2a: Charizard|14/100
|-status|p2a: Charizard|par
|
|-weather|RainDance|[upkeep]
|upkeep
|turn|8
|
|t:|1785177016
|move|p1a: Helaman16:2|Spiky Shield|p1a: Helaman16:2
|-singleturn|p1a: Helaman16:2|move: Protect
|move|p2b: Basculegion|Psychic Fangs|p1a: Helaman16:2
|-activate|p1a: Helaman16:2|move: Protect
|-damage|p2b: Basculegion|75/100|[from] Spiky Shield|[of] p1a: Helaman16:2
|move|p2a: Charizard|Heat Wave|p1b: Eze.37:15-19|[spread] p1b
|-activate|p1a: Helaman16:2|move: Protect
|-damage|p1b: Eze.37:15-19|0 fnt
|faint|p1b: Eze.37:15-19
|
|-weather|none
|upkeep
|turn|9
|
|t:|1785177028
|move|p2b: Basculegion|Psychic Fangs|p1a: Helaman16:2
|-supereffective|p1a: Helaman16:2|1
|-damage|p1a: Helaman16:2|0 fnt
|faint|p1a: Helaman16:2
|
|win|junior10or
||Deseret Gaming is ready for game 2.
||junior10or is ready for game 2.
|uhtml|next|Next: Game 2 of 3
|l|☆Deseret Gaming
|player|p1|
|j| tedidn
