|j|☆LanternComic
|j|☆Lorido
|html|LanternComicLorido    
|uhtml|bestof|Game 3 of a best-of-3
|t:|1785178071
|gametype|doubles
|player|p1|LanternComic|silver-masters|1250
|player|p2|Lorido|266|1290
|gen|9
|tier|[Gen 9 Champions] VGC 2026 Reg M-B (Bo3)
|rated|
|rule|Species Clause: Limit one of each Pokémon
|rule|Item Clause: Limit 1 of each item
|clearpoke
|poke|p1|Staraptor, L50, F, shiny|
|poke|p1|Delphox, L50, M|
|poke|p1|Whimsicott, L50, M|
|poke|p1|Garchomp, L50, F|
|poke|p1|Kingambit, L50, M, shiny|
|poke|p1|Glimmora, L50, M|
|poke|p2|Delphox, L50, M|
|poke|p2|Incineroar, L50, M|
|poke|p2|Floette-Eternal, L50, F|
|poke|p2|Kingambit, L50, F|
|poke|p2|Sinistcha, L50|
|poke|p2|Sneasler, L50, M|
|teampreview|4
|showteam|p1|Staraptor||Staraptite|Intimidate|BraveBird,CloseCombat,Roost,Protect|Adamant||F|||50|]Delphox||Delphoxite|Blaze|HeatWave,Psychic,Substitute,Protect|Timid||M|||50|]Whimsicott||OccaBerry|Prankster|Moonblast,Charm,Tailwind,LightScreen|Timid||M|||50|]Garchomp||LifeOrb|RoughSkin|StompingTantrum,DragonClaw,Earthquake,Protect|Jolly||F|||50|]Kingambit||ChopleBerry|Defiant|KowtowCleave,SuckerPunch,IronHead,LowKick|Adamant||M|||50|]Glimmora||FocusSash|ToxicDebris|PowerGem,SludgeBomb,EarthPower,SpikyShield|Timid||M|||50|
|showteam|p2|Delphox||Delphoxite|Blaze|HeatWave,Psychic,NastyPlot,Protect|Timid||M|||50|]Incineroar||SitrusBerry|Intimidate|FlareBlitz,DarkestLariat,FakeOut,PartingShot|Careful||M|||50|]Floette-Eternal||Floettite|FlowerVeil|DazzlingGleam,DrainingKiss,CalmMind,Protect|Bold||F|||50|]Kingambit||BlackGlasses|Defiant|KowtowCleave,SuckerPunch,SwordsDance,Protect|Adamant||F|||50|]Sinistcha||OccaBerry|Hospitality|MatchaGotcha,RagePowder,TrickRoom,Protect|Bold|||||50|]Sneasler||FocusSash|PoisonTouch|CloseCombat,PoisonJab,FakeOut,QuickGuard|Jolly||M|||50|
|inactive|Battle timer is ON: inactive players will automatically lose when time's up. (requested by LanternComic)
|inactive|Lorido has 60 seconds left.
|
|t:|1785178145
|teamsize|p1|4
|teamsize|p2|4
|start
|switch|p1a: Kingambit|Kingambit, L50, M, shiny|100/100
|switch|p1b: Whimsicott|Whimsicott, L50, M|100/100
|switch|p2a: Incineroar|Incineroar, L50, M|100/100
|switch|p2b: Kingambit|Kingambit, L50, F|100/100
|-ability|p2a: Incineroar|Intimidate|boost
|-unboost|p1a: Kingambit|atk|1
|-ability|p1a: Kingambit|Defiant|boost
|-boost|p1a: Kingambit|atk|2
|-unboost|p1b: Whimsicott|atk|1
|turn|1
|
|t:|1785178161
|move|p1b: Whimsicott|Tailwind|p1b: Whimsicott
|-sidestart|p1: LanternComic|move: Tailwind
|move|p1a: Kingambit|Low Kick|p2a: Incineroar
|-supereffective|p2a: Incineroar|1
|-damage|p2a: Incineroar|27/100
|-enditem|p2a: Incineroar|Sitrus Berry|[eat]
|-heal|p2a: Incineroar|52/100|[from] item: Sitrus Berry
|move|p2a: Incineroar|Flare Blitz|p1a: Kingambit
|-supereffective|p1a: Kingambit|1
|-damage|p1a: Kingambit|32/100
|-damage|p2a: Incineroar|30/100|[from] Recoil
|move|p2b: Kingambit|Swords Dance|p2b: Kingambit
|-boost|p2b: Kingambit|atk|2
|
|upkeep
|turn|2
|
|t:|1785178183
|switch|p2b: Sinistcha|Sinistcha, L50|100/100
|-heal|p2a: Incineroar|55/100|[from] ability: Hospitality|[of] p2b: Sinistcha
|move|p1b: Whimsicott|Moonblast|p2a: Incineroar
|-damage|p2a: Incineroar|36/100
|move|p1a: Kingambit|Low Kick|p2b: Sinistcha
|-immune|p2b: Sinistcha
|move|p2a: Incineroar|Flare Blitz|p1a: Kingambit
|-supereffective|p1a: Kingambit|1
|-damage|p1a: Kingambit|0 fnt
|faint|p1a: Kingambit
|-damage|p2a: Incineroar|25/100|[from] Recoil
|
|upkeep
|
|t:|1785178189
|switch|p1a: Delphox|Delphox, L50, M|100/100
|turn|3
|
|t:|1785178208
|detailschange|p1a: Delphox|Delphox-Mega, L50, M
|-mega|p1a: Delphox|Delphox|Delphoxite
|move|p1a: Delphox|Substitute|p1a: Delphox
|-start|p1a: Delphox|Substitute
|-damage|p1a: Delphox|75/100
|move|p1b: Whimsicott|Moonblast|p2a: Incineroar
|-damage|p2a: Incineroar|3/100
|move|p2a: Incineroar|Parting Shot|p1a: Delphox
|-unboost|p1a: Delphox|atk|1
|-unboost|p1a: Delphox|spa|1
|
|t:|1785178223
|switch|p2a: Delphox|Delphox, L50, M|100/100|[from] Parting Shot
|move|p2b: Sinistcha|Trick Room|p2b: Sinistcha
|-fieldstart|move: Trick Room|[of] p2b: Sinistcha
|
|upkeep
|turn|4
|inactive|Lorido has 30 seconds left.
|inactive|Lorido has 20 seconds left.
|
|t:|1785178259
|detailschange|p2a: Delphox|Delphox-Mega, L50, M
|-mega|p2a: Delphox|Delphox|Delphoxite
|move|p2b: Sinistcha|Matcha Gotcha|p1b: Whimsicott|[spread] p1a,p1b
|-resisted|p1a: Delphox|1
|-activate|p1a: Delphox|move: Substitute|[damage]
|-resisted|p1b: Whimsicott|1
|-damage|p1b: Whimsicott|85/100
|move|p2a: Delphox|Nasty Plot|p2a: Delphox
|-boost|p2a: Delphox|spa|2
|move|p1b: Whimsicott|Moonblast|p2a: Delphox
|-resisted|p2a: Delphox|1
|-damage|p2a: Delphox|88/100
|move|p1a: Delphox|Heat Wave|p2a: Delphox|[spread] p2b
|-miss|p1a: Delphox|p2a: Delphox
|-supereffective|p2b: Sinistcha|1
|-enditem|p2b: Sinistcha|Occa Berry|[eat]
|-enditem|p2b: Sinistcha|Occa Berry|[weaken]
|-damage|p2b: Sinistcha|72/100
|
|-sideend|p1: LanternComic|move: Tailwind
|upkeep
|turn|5
|
|t:|1785178282
|move|p1b: Whimsicott|Light Screen|p1b: Whimsicott
|-sidestart|p1: LanternComic|move: Light Screen
|move|p2b: Sinistcha|Matcha Gotcha|p1b: Whimsicott|[spread] p1a,p1b
|-resisted|p1a: Delphox|1
|-activate|p1a: Delphox|move: Substitute|[damage]
|-heal|p2b: Sinistcha|76/100|[from] drain|[of] p1a: Delphox
|-resisted|p1b: Whimsicott|1
|-damage|p1b: Whimsicott|75/100
|-heal|p2b: Sinistcha|80/100|[from] drain|[of] p1b: Whimsicott
|move|p1a: Delphox|Heat Wave|p2b: Sinistcha|[spread] p2a,p2b
|-resisted|p2a: Delphox|1
|-supereffective|p2b: Sinistcha|1
|-damage|p2a: Delphox|76/100
|-damage|p2b: Sinistcha|25/100
|move|p2a: Delphox|Heat Wave|p1b: Whimsicott|[spread] p1a,p1b
|-resisted|p1a: Delphox|1
|-end|p1a: Delphox|Substitute
|-supereffective|p1b: Whimsicott|1
|-enditem|p1b: Whimsicott|Occa Berry|[eat]
|-enditem|p1b: Whimsicott|Occa Berry|[weaken]
|-damage|p1b: Whimsicott|9/100
|-status|p1b: Whimsicott|brn
|
|-damage|p1b: Whimsicott|3/100 brn|[from] brn
|upkeep
|turn|6
|
|t:|1785178307
|move|p2b: Sinistcha|Matcha Gotcha|p1b: Whimsicott|[spread] p1a,p1b
|-resisted|p1a: Delphox|1
|-resisted|p1b: Whimsicott|1
|-damage|p1a: Delphox|68/100
|-heal|p2b: Sinistcha|29/100|[from] drain|[of] p1a: Delphox
|-damage|p1b: Whimsicott|0 fnt
|-heal|p2b: Sinistcha|30/100|[from] drain|[of] p1b: Whimsicott
|faint|p1b: Whimsicott
|move|p1a: Delphox|Substitute|p1a: Delphox
|-start|p1a: Delphox|Substitute
|-damage|p1a: Delphox|43/100
|move|p2a: Delphox|Nasty Plot|p2a: Delphox
|-boost|p2a: Delphox|spa|2
|
|upkeep
|
|t:|1785178310
|switch|p1b: Garchomp|Garchomp, L50, F|100/100
|turn|7
|inactive|Lorido has 30 seconds left.
|
|t:|1785178336
|move|p2b: Sinistcha|Matcha Gotcha|p1b: Garchomp|[spread] p1a,p1b
|-resisted|p1a: Delphox|1
|-activate|p1a: Delphox|move: Substitute|[damage]
|-heal|p2b: Sinistcha|34/100|[from] drain|[of] p1a: Delphox
|-damage|p1b: Garchomp|81/100
|-heal|p2b: Sinistcha|43/100|[from] drain|[of] p1b: Garchomp
|move|p1b: Garchomp|Dragon Claw|p2b: Sinistcha
|-damage|p2b: Sinistcha|4/100
|-damage|p1b: Garchomp|72/100|[from] item: Life Orb
|move|p1a: Delphox|Psychic|p2a: Delphox
|-resisted|p2a: Delphox|1
|-crit|p2a: Delphox
|-damage|p2a: Delphox|41/100
|move|p2a: Delphox|Psychic|p1b: Garchomp
|-damage|p1b: Garchomp|0 fnt
|faint|p1b: Garchomp
|
|-fieldend|move: Trick Room
|upkeep
|turn|8
|-message|LanternComic forfeited.
|
|win|Lorido
|raw|LanternComic's rating: 1250 → 1228(-22 for losing)
|raw|Lorido's rating: 1290 → 1312(+22 for winning)
