|j|☆chinchilla1096
|j|☆PizzaSanwitch
|html|chinchilla1096PizzaSanwitch    
|uhtml|bestof|Game 1 of a best-of-3
|t:|1786044116
|gametype|doubles
|player|p1|chinchilla1096|101|1050
|player|p2|PizzaSanwitch|102|1079
|gen|9
|tier|[Gen 9 Champions] VGC 2026 Reg M-B (Bo3)
|rated|
|rule|Species Clause: Limit one of each Pokémon
|rule|Item Clause: Limit 1 of each item
|clearpoke
|poke|p1|Mamoswine, L50, M|
|poke|p1|Raichu, L50, F|
|poke|p1|Sylveon, L50, F|
|poke|p1|Incineroar, L50, M|
|poke|p1|Gyarados, L50, F|
|poke|p1|Sinistcha, L50|
|poke|p2|Pelipper, L50, M|
|poke|p2|Archaludon, L50, F|
|poke|p2|Basculegion, L50, M|
|poke|p2|Grimmsnarl, L50, M|
|poke|p2|Charizard, L50, M|
|poke|p2|Metagross, L50|
|teampreview|4
|showteam|p1|Mamoswine||LifeOrb|Oblivious|HighHorsepower,IcicleCrash,IceShard,Protect|Jolly||M|||50|]Raichu||RaichuniteY|LightningRod|FakeOut,ZapCannon,FocusBlast,Encore|Timid||F|||50|]Sylveon||FairyFeather|Pixilate|HyperVoice,QuickAttack,CalmMind,Detect|Quiet||F|||50|]Incineroar||SitrusBerry|Intimidate|FakeOut,FlareBlitz,ThroatChop,PartingShot|Impish||M|||50|]Gyarados||Gyaradosite|Intimidate|DragonDance,Waterfall,Crunch,Protect|Jolly||F|||50|]Sinistcha||FocusSash|Hospitality|RagePowder,LifeDew,MatchaGotcha,Protect|Bold|||||50|
|showteam|p2|Pelipper||SitrusBerry|Drizzle|WeatherBall,Hurricane,Tailwind,Protect|Modest||M|||50|]Archaludon||Leftovers|Stamina|ElectroShot,FlashCannon,DragonPulse,Protect|Modest||F|||50|]Basculegion||ChoiceScarf|Adaptability|WaveCrash,LastRespects,AquaJet,FlipTurn|Jolly||M|||50|]Grimmsnarl||LightClay|Prankster|SpiritBreak,Reflect,LightScreen,PartingShot|Sassy||M|||50|]Charizard||CharizarditeY|SolarPower|HeatWave,WeatherBall,Hurricane,Protect|Modest||M|||50|]Metagross||Metagrossite|ClearBody|HardPress,PsychicFangs,BodyPress,Protect|Adamant|||||50|
|
|t:|1786044193
|teamsize|p1|4
|teamsize|p2|4
|start
|switch|p1a: Raichu|Raichu, L50, F|100/100
|switch|p1b: Gyarados|Gyarados, L50, F|100/100
|switch|p2a: Grimmsnarl|Grimmsnarl, L50, M|100/100
|switch|p2b: Metagross|Metagross, L50|100/100
|-ability|p1b: Gyarados|Intimidate|boost
|-unboost|p2a: Grimmsnarl|atk|1
|-fail|p2b: Metagross|unboost|[from] ability: Clear Body|[of] p2b: Metagross
|turn|1
|inactive|Battle timer is ON: inactive players will automatically lose when time's up. (requested by PizzaSanwitch)
|
|t:|1786044241
|detailschange|p2b: Metagross|Metagross-Mega, L50
|-mega|p2b: Metagross|Metagross|Metagrossite
|move|p1a: Raichu|Fake Out|p2b: Metagross
|-resisted|p2b: Metagross|1
|-damage|p2b: Metagross|97/100
|move|p2a: Grimmsnarl|Reflect|p2a: Grimmsnarl
|-sidestart|p2: PizzaSanwitch|Reflect
|cant|p2b: Metagross|flinch
|move|p1b: Gyarados|Dragon Dance|p1b: Gyarados
|-boost|p1b: Gyarados|atk|1
|-boost|p1b: Gyarados|spe|1
|
|upkeep
|turn|2
|
|t:|1786044266
|move|p2a: Grimmsnarl|Light Screen|p2a: Grimmsnarl
|-sidestart|p2: PizzaSanwitch|move: Light Screen
|move|p1b: Gyarados|Dragon Dance|p1b: Gyarados
|-boost|p1b: Gyarados|atk|1
|-boost|p1b: Gyarados|spe|1
|move|p1a: Raichu|Encore|p2a: Grimmsnarl
|-start|p2a: Grimmsnarl|Encore
|move|p2b: Metagross|Psychic Fangs|p1a: Raichu
|-damage|p1a: Raichu|0 fnt
|faint|p1a: Raichu
|
|upkeep
|
|t:|1786044279
|switch|p1a: Mamoswine|Mamoswine, L50, M|100/100
|turn|3
|inactive|chinchilla1096 has 30 seconds left.
|
|t:|1786044306
|switch|p2a: Archaludon|Archaludon, L50, F|100/100
|detailschange|p1b: Gyarados|Gyarados-Mega, L50, F
|-mega|p1b: Gyarados|Gyarados|Gyaradosite
|-ability|p1b: Gyarados|Mold Breaker
|move|p1a: Mamoswine|Protect|p1a: Mamoswine
|-singleturn|p1a: Mamoswine|Protect
|move|p2b: Metagross|Protect|p2b: Metagross
|-singleturn|p2b: Metagross|Protect
|move|p1b: Gyarados|Waterfall|p2a: Archaludon
|-resisted|p2a: Archaludon|1
|-damage|p2a: Archaludon|78/100
|-ability|p2a: Archaludon|Stamina|boost
|-boost|p2a: Archaludon|def|1
|
|-heal|p2a: Archaludon|84/100|[from] item: Leftovers
|upkeep
|turn|4
|inactive|PizzaSanwitch has 30 seconds left.
|
|t:|1786044338
|switch|p2b: Pelipper|Pelipper, L50, M|100/100
|-weather|RainDance|[from] ability: Drizzle|[of] p2b: Pelipper
|move|p1b: Gyarados|Crunch|p2b: Pelipper
|-damage|p2b: Pelipper|36/100
|-enditem|p2b: Pelipper|Sitrus Berry|[eat]
|-heal|p2b: Pelipper|60/100|[from] item: Sitrus Berry
|move|p1a: Mamoswine|High Horsepower|p2b: Pelipper
|-immune|p2b: Pelipper
|move|p2a: Archaludon|Electro Shot||[still]
|-prepare|p2a: Archaludon|Electro Shot
|-boost|p2a: Archaludon|spa|1
|-anim|p2a: Archaludon|Electro Shot|p1b: Gyarados
|-supereffective|p1b: Gyarados|1
|-damage|p1b: Gyarados|17/100
|
|-weather|RainDance|[upkeep]
|-heal|p2a: Archaludon|90/100|[from] item: Leftovers
|upkeep
|turn|5
|inactive|chinchilla1096 has 30 seconds left.
|inactive|PizzaSanwitch has 30 seconds left.
|
|t:|1786044371
|switch|p2b: Grimmsnarl|Grimmsnarl, L50, M|100/100
|move|p1b: Gyarados|Protect|p1b: Gyarados
|-singleturn|p1b: Gyarados|Protect
|move|p1a: Mamoswine|Icicle Crash|p2b: Grimmsnarl
|-damage|p2b: Grimmsnarl|59/100
|-damage|p1a: Mamoswine|90/100|[from] item: Life Orb
|move|p2a: Archaludon|Electro Shot||[still]
|-prepare|p2a: Archaludon|Electro Shot
|-boost|p2a: Archaludon|spa|1
|-anim|p2a: Archaludon|Electro Shot|p1b: Gyarados
|-activate|p1b: Gyarados|move: Protect
|
|-weather|RainDance|[upkeep]
|-heal|p2a: Archaludon|96/100|[from] item: Leftovers
|upkeep
|turn|6
|inactive|chinchilla1096 has 30 seconds left.
|inactive|PizzaSanwitch has 30 seconds left.
|inactive|chinchilla1096 has 20 seconds left.
|inactive|chinchilla1096 has 15 seconds left.
|
|t:|1786044412
|switch|p1b: Sinistcha|Sinistcha, L50|100/100
|-heal|p1a: Mamoswine|100/100|[from] ability: Hospitality|[of] p1b: Sinistcha
|move|p1a: Mamoswine|High Horsepower|p2a: Archaludon
|-supereffective|p2a: Archaludon|1
|-damage|p2a: Archaludon|52/100
|-ability|p2a: Archaludon|Stamina|boost
|-boost|p2a: Archaludon|def|1
|-damage|p1a: Mamoswine|90/100|[from] item: Life Orb
|move|p2a: Archaludon|Electro Shot||[still]
|-prepare|p2a: Archaludon|Electro Shot
|-boost|p2a: Archaludon|spa|1
|-anim|p2a: Archaludon|Electro Shot|p1b: Sinistcha
|-resisted|p1b: Sinistcha|1
|-crit|p1b: Sinistcha
|-damage|p1b: Sinistcha|23/100
|move|p2b: Grimmsnarl|Spirit Break|p1b: Sinistcha
|-damage|p1b: Sinistcha|0 fnt
|faint|p1b: Sinistcha
|
|-weather|RainDance|[upkeep]
|-heal|p2a: Archaludon|58/100|[from] item: Leftovers
|upkeep
|
|t:|1786044428
|switch|p1b: Gyarados|Gyarados-Mega, L50, F|17/100
|-ability|p1b: Gyarados|Mold Breaker
|turn|7
|
|t:|1786044451
|move|p1a: Mamoswine|High Horsepower|p2a: Archaludon
|-supereffective|p2a: Archaludon|1
|-damage|p2a: Archaludon|26/100
|-ability|p2a: Archaludon|Stamina|boost
|-boost|p2a: Archaludon|def|1
|-damage|p1a: Mamoswine|80/100|[from] item: Life Orb
|move|p1b: Gyarados|Waterfall|p2a: Archaludon
|-resisted|p2a: Archaludon|1
|-damage|p2a: Archaludon|20/100y
|-ability|p2a: Archaludon|Stamina|boost
|-boost|p2a: Archaludon|def|1
|cant|p2a: Archaludon|flinch
|move|p2b: Grimmsnarl|Spirit Break|p1b: Gyarados
|-supereffective|p1b: Gyarados|1
|-damage|p1b: Gyarados|0 fnt
|faint|p1b: Gyarados
|
|-weather|RainDance|[upkeep]
|-heal|p2a: Archaludon|26/100|[from] item: Leftovers
|upkeep
|turn|8
|inactive|PizzaSanwitch has 30 seconds left.
|
|t:|1786044479
|move|p2a: Archaludon|Protect|p2a: Archaludon
|-singleturn|p2a: Archaludon|Protect
|move|p2b: Grimmsnarl|Parting Shot|p1a: Mamoswine
|-unboost|p1a: Mamoswine|atk|1
|-unboost|p1a: Mamoswine|spa|1
|
|t:|1786044484
|switch|p2b: Metagross|Metagross-Mega, L50|97/100|[from] Parting Shot
|move|p1a: Mamoswine|High Horsepower|p2a: Archaludon
|-activate|p2a: Archaludon|move: Protect
|
|-weather|none
|-heal|p2a: Archaludon|32/100|[from] item: Leftovers
|-sideend|p2: PizzaSanwitch|Reflect
|upkeep
|turn|9
|
|t:|1786044494
|move|p1a: Mamoswine|High Horsepower|p2b: Metagross
|-supereffective|p2b: Metagross|1
|-damage|p2b: Metagross|35/100
|-damage|p1a: Mamoswine|71/100|[from] item: Life Orb
|move|p2b: Metagross|Hard Press|p1a: Mamoswine
|-supereffective|p1a: Mamoswine|1
|-damage|p1a: Mamoswine|0 fnt
|faint|p1a: Mamoswine
|
|win|PizzaSanwitch
||PizzaSanwitch is ready for game 2.
||chinchilla1096 is ready for game 2.
|uhtml|next|Next: Game 2 of 3
|l|☆chinchilla1096
|player|p1|
