|j|☆sum1dum
|j|☆katkraydel
|html|sum1dumkatkraydel    
|uhtml|bestof|Game 2 of a best-of-3
|t:|1783177434
|gametype|doubles
|player|p1|sum1dum|rosa|1270
|player|p2|katkraydel|lebanne|1301
|gen|9
|tier|[Gen 9 Champions] VGC 2026 Reg M-B (Bo3)
|rated|
|rule|Species Clause: Limit one of each Pokémon
|rule|Item Clause: Limit 1 of each item
|clearpoke
|poke|p1|Gliscor, L50, F|
|poke|p1|Primarina, L50, M|
|poke|p1|Metagross, L50|
|poke|p1|Ninetales-Alola, L50, F|
|poke|p1|Incineroar, L50, F|
|poke|p1|Sinistcha, L50|
|poke|p2|Tyranitar, L50, M|
|poke|p2|Whimsicott, L50, F|
|poke|p2|Excadrill, L50, F|
|poke|p2|Kommo-o, L50, F|
|poke|p2|Venusaur, L50, M|
|poke|p2|Basculegion, L50, M|
|teampreview|4
|showteam|p1|Gliscor||LifeOrb|HyperCutter|DualWingbeat,HighHorsepower,Protect,RockSlide|Jolly||F|||50|]Primarina||Leftovers|LiquidVoice|CalmMind,HyperVoice,Moonblast,Protect|Modest||M|||50|]Metagross||Metagrossite|ClearBody|BulletPunch,IronHead,Protect,PsychicFangs|Jolly|||||50|]Ninetales-Alola||LightClay|SnowWarning|AuroraVeil,FreezeDry,Moonblast,Protect|Timid||F|||50|]Incineroar||ChopleBerry|Intimidate|FakeOut,FlareBlitz,DarkestLariat,PartingShot|Impish||F|||50|]Sinistcha||SitrusBerry|Hospitality|MatchaGotcha,Protect,LifeDew,RagePowder|Bold|||||50|
|showteam|p2|Tyranitar||Tyranitarite|SandStream|RockSlide,KnockOff,IcePunch,Protect|Adamant||M|||50|]Whimsicott||MentalHerb|Prankster|Moonblast,Tailwind,FakeTears,Protect|Bold||F|||50|]Excadrill||FocusSash|SandRush|HighHorsepower,IronHead,RockTomb,Protect|Adamant||F|||50|]Kommo-o||LifeOrb|Overcoat|ClangingScales,AuraSphere,FlashCannon,Protect|Modest||F|||50|]Venusaur||Venusaurite|Chlorophyll|EnergyBall,SludgeBomb,EarthPower,Protect|Modest||M|||50|]Basculegion||ChoiceScarf|Adaptability|WaveCrash,LastRespects,AquaJet,PsychicFangs|Adamant||M|||50|
|inactive|Battle timer is ON: inactive players will automatically lose when time's up. (requested by sum1dum)
|inactive|katkraydel has 60 seconds left.
|
|t:|1783177468
|teamsize|p1|4
|teamsize|p2|4
|start
|switch|p1a: Bravery|Gliscor, L50, F|100/100
|switch|p1b: Justice|Incineroar, L50, F|100/100
|switch|p2a: fishing with you|Basculegion, L50, M|100/100
|switch|p2b: Weeds|Venusaur, L50, M|100/100
|-ability|p1b: Justice|Intimidate|boost
|-unboost|p2a: fishing with you|atk|1
|-unboost|p2b: Weeds|atk|1
|turn|1
|
|t:|1783177491
|switch|p1a: Patience|Primarina, L50, M|100/100
|detailschange|p2b: Weeds|Venusaur-Mega, L50, M
|-mega|p2b: Weeds|Venusaur|Venusaurite
|move|p2a: fishing with you|Wave Crash|p1a: Patience
|-resisted|p1a: Patience|1
|-damage|p1a: Patience|73/100
|-damage|p2a: fishing with you|91/100|[from] Recoil
|move|p2b: Weeds|Earth Power|p1b: Justice
|-supereffective|p1b: Justice|1
|-damage|p1b: Justice|48/100
|move|p1b: Justice|Parting Shot|p2b: Weeds
|-unboost|p2b: Weeds|atk|1
|-unboost|p2b: Weeds|spa|1
|
|t:|1783177495
|switch|p1b: Bravery|Gliscor, L50, F|100/100|[from] Parting Shot
|
|-heal|p1a: Patience|79/100|[from] item: Leftovers
|upkeep
|turn|2
|inactive|sum1dum has 30 seconds left.
|
|t:|1783177525
|switch|p1a: Justice|Incineroar, L50, F|48/100
|-ability|p1a: Justice|Intimidate|boost
|-unboost|p2a: fishing with you|atk|1
|-unboost|p2b: Weeds|atk|1
|move|p2a: fishing with you|Wave Crash|p1b: Bravery
|-supereffective|p1b: Bravery|1
|-damage|p1b: Bravery|22/100
|-damage|p2a: fishing with you|72/100|[from] Recoil
|move|p1b: Bravery|Dual Wingbeat|p2b: Weeds
|-supereffective|p2b: Weeds|1
|-damage|p2b: Weeds|60/100
|-supereffective|p2b: Weeds|1
|-damage|p2b: Weeds|22/100
|-hitcount|p2b: Weeds|2
|-damage|p1b: Bravery|12/100|[from] item: Life Orb
|move|p2b: Weeds|Energy Ball|p1a: Justice
|-resisted|p1a: Justice|1
|-damage|p1a: Justice|36/100
|
|upkeep
|turn|3
|
|t:|1783177535
|switch|p1b: Patience|Primarina, L50, M|79/100
|switch|p2b: Space Girl|Whimsicott, L50, F|100/100
|move|p1a: Justice|Fake Out|p2b: Space Girl
|-damage|p2b: Space Girl|87/100
|move|p2a: fishing with you|Wave Crash|p1a: Justice
|-supereffective|p1a: Justice|1
|-damage|p1a: Justice|0 fnt
|faint|p1a: Justice
|-damage|p2a: fishing with you|60/100|[from] Recoil
|
|-heal|p1b: Patience|85/100|[from] item: Leftovers
|upkeep
|
|t:|1783177538
|switch|p1a: Perserverance|Metagross, L50|100/100
|turn|4
|inactive|sum1dum has 30 seconds left.
|
|t:|1783177578
|switch|p2a: Weeds|Venusaur-Mega, L50, M|22/100
|detailschange|p1a: Perserverance|Metagross-Mega, L50
|-mega|p1a: Perserverance|Metagross|Metagrossite
|move|p2b: Space Girl|Tailwind|p2b: Space Girl
|-sidestart|p2: katkraydel|move: Tailwind
|move|p1a: Perserverance|Iron Head|p2b: Space Girl
|-supereffective|p2b: Space Girl|1
|-damage|p2b: Space Girl|0 fnt
|faint|p2b: Space Girl
|move|p1b: Patience|Calm Mind|p1b: Patience
|-boost|p1b: Patience|spa|1
|-boost|p1b: Patience|spd|1
|
|-heal|p1b: Patience|90/100|[from] item: Leftovers
|upkeep
|
|t:|1783177590
|switch|p2b: fishing with you|Basculegion, L50, M|60/100
|turn|5
|
|t:|1783177598
|switch|p2a: Tug of War|Excadrill, L50, F|100/100
|move|p1a: Perserverance|Protect|p1a: Perserverance
|-singleturn|p1a: Perserverance|Protect
|move|p2b: fishing with you|Last Respects|p1a: Perserverance
|-activate|p1a: Perserverance|move: Protect
|move|p1b: Patience|Moonblast|p2b: fishing with you
|-damage|p2b: fishing with you|0 fnt
|faint|p2b: fishing with you
|
|-heal|p1b: Patience|96/100|[from] item: Leftovers
|upkeep
|
|t:|1783177605
|switch|p2b: Weeds|Venusaur-Mega, L50, M|22/100
|turn|6
|
|t:|1783177611
|switch|p1a: Bravery|Gliscor, L50, F|12/100
|move|p2b: Weeds|Protect|p2b: Weeds
|-singleturn|p2b: Weeds|Protect
|move|p2a: Tug of War|High Horsepower|p1a: Bravery
|-immune|p1a: Bravery
|move|p1b: Patience|Moonblast|p2b: Weeds
|-activate|p2b: Weeds|move: Protect
|
|-heal|p1b: Patience|100/100|[from] item: Leftovers
|upkeep
|turn|7
|
|t:|1783177622
|move|p1a: Bravery|Protect|p1a: Bravery
|-singleturn|p1a: Bravery|Protect
|move|p1b: Patience|Protect|p1b: Patience
|-singleturn|p1b: Patience|Protect
|move|p2a: Tug of War|Rock Tomb|p1a: Bravery
|-activate|p1a: Bravery|move: Protect
|move|p2b: Weeds|Sludge Bomb|p1b: Patience
|-activate|p1b: Patience|move: Protect
|
|-sideend|p2: katkraydel|move: Tailwind
|upkeep
|turn|8
|
|t:|1783177630
|move|p1a: Bravery|High Horsepower|p2a: Tug of War
|-supereffective|p2a: Tug of War|1
|-enditem|p2a: Tug of War|Focus Sash
|-damage|p2a: Tug of War|1/100
|-damage|p1a: Bravery|2/100|[from] item: Life Orb
|move|p2a: Tug of War|Rock Tomb|p1a: Bravery
|-damage|p1a: Bravery|0 fnt
|faint|p1a: Bravery
|move|p2b: Weeds|Sludge Bomb|p1b: Patience
|-supereffective|p1b: Patience|1
|-damage|p1b: Patience|44/100
|move|p1b: Patience|Hyper Voice|p2b: Weeds|[spread] p2a,p2b
|-supereffective|p2a: Tug of War|1
|-resisted|p2b: Weeds|1
|-damage|p2a: Tug of War|0 fnt
|-damage|p2b: Weeds|2/100
|faint|p2a: Tug of War
|
|-heal|p1b: Patience|50/100g|[from] item: Leftovers
|upkeep
|
|t:|1783177634
|switch|p1a: Perserverance|Metagross-Mega, L50|100/100
|turn|9
|-message|katkraydel forfeited.
|
|win|sum1dum
|raw|sum1dum's rating: 1270 → 1297(+27 for winning)
|raw|katkraydel's rating: 1301 → 1279(-22 for losing)
