|j|☆jobloking
|j|☆JasonX7-7
|html|joblokingJasonX7-7    
|uhtml|bestof|Game 3 of a best-of-3
|t:|1785713046
|gametype|doubles
|player|p1|jobloking|harlequin|1170
|player|p2|JasonX7-7|veteran|1120
|gen|9
|tier|[Gen 9 Champions] VGC 2026 Reg M-B (Bo3)
|rated|
|rule|Species Clause: Limit one of each Pokémon
|rule|Item Clause: Limit 1 of each item
|clearpoke
|poke|p1|Raichu, L50, M|
|poke|p1|Staraptor, L50, F|
|poke|p1|Kingambit, L50, M|
|poke|p1|Sylveon, L50, M|
|poke|p1|Farigiraf, L50, M|
|poke|p1|Arcanine-Hisui, L50, F|
|poke|p2|Sinistcha-Masterpiece, L50, shiny|
|poke|p2|Swampert, L50, F|
|poke|p2|Pelipper, L50, M|
|poke|p2|Archaludon, L50, F, shiny|
|poke|p2|Basculegion, L50, M, shiny|
|poke|p2|Grimmsnarl, L50, M, shiny|
|teampreview|4
|showteam|p1|Raichu||RaichuniteY|LightningRod|ZapCannon,FocusBlast,FakeOut,Protect|Timid||M|||50|]Staraptor||Staraptite|Intimidate|CloseCombat,BraveBird,Roost,Protect|Jolly||F|||50|]Kingambit||LifeOrb|Defiant|KowtowCleave,SuckerPunch,SwordsDance,Protect|Adamant||M|||50|]Sylveon||FairyFeather|Pixilate|HyperVoice,HyperBeam,QuickAttack,Detect|Modest||M|||50|]Farigiraf||SitrusBerry|ArmorTail|Psychic,TrickRoom,HelpingHand,Protect|Calm||M|||50|]Arcanine-Hisui||FocusSash|RockHead|FlareBlitz,ExtremeSpeed,HeadSmash,Protect|Jolly||F|||50|
|showteam|p2|Sinistcha-Masterpiece||SitrusBerry|Hospitality|Protect,MatchaGotcha,RagePowder,StrengthSap|Bold|||||50|]Swampert||Swampertite|Torrent|IcePunch,WaveCrash,Earthquake,FlipTurn|Jolly||F|||50|]Pelipper||DampRock|Drizzle|WideGuard,WeatherBall,Hurricane,Tailwind|Bold||M|||50|]Archaludon||ExpertBelt|Stamina|DragonPulse,FlashCannon,ElectroShot,AuraSphere|Calm||F|||50|]Basculegion||LifeOrb|Adaptability|LastRespects,WaveCrash,FlipTurn,IceFang|Jolly||M|||50|]Grimmsnarl||LightClay|Prankster|PartingShot,FoulPlay,Reflect,LightScreen|Serious||M|||50|
|inactive|Battle timer is ON: inactive players will automatically lose when time's up. (requested by jobloking)
|
|t:|1785713073
|teamsize|p1|4
|teamsize|p2|4
|start
|switch|p1a: Sylveon|Sylveon, L50, M|100/100
|switch|p1b: Farigiraf|Farigiraf, L50, M|100/100
|switch|p2a: Swampert|Swampert, L50, F|100/100
|switch|p2b: Pelipper|Pelipper, L50, M|100/100
|-weather|RainDance|[from] ability: Drizzle|[of] p2b: Pelipper
|turn|1
|
|t:|1785713090
|detailschange|p2a: Swampert|Swampert-Mega, L50, F
|-mega|p2a: Swampert|Swampert|Swampertite
|move|p1b: Farigiraf|Helping Hand|p1a: Sylveon
|-singleturn|p1a: Sylveon|Helping Hand|[of] p1b: Farigiraf
|move|p2a: Swampert|Earthquake|p1b: Farigiraf|[spread] p1a,p1b
|-immune|p2b: Pelipper
|-damage|p1a: Sylveon|42/100
|-damage|p1b: Farigiraf|58/100
|move|p2b: Pelipper|Weather Ball|p1a: Sylveon
|-damage|p1a: Sylveon|6/100
|move|p1a: Sylveon|Hyper Voice|p2b: Pelipper|[spread] p2a,p2b
|-damage|p2a: Swampert|37/100
|-damage|p2b: Pelipper|6/100
|
|-weather|RainDance|[upkeep]
|upkeep
|turn|2
|inactive|jobloking has 30 seconds left.
|inactive|jobloking has 20 seconds left.
|
|t:|1785713129
|switch|p2b: Archaludon|Archaludon, L50, F, shiny|100/100
|move|p1a: Sylveon|Quick Attack|p2b: Archaludon
|-damage|p2b: Archaludon|89/100
|-ability|p2b: Archaludon|Stamina|boost
|-boost|p2b: Archaludon|def|1
|move|p2a: Swampert|Earthquake|p1b: Farigiraf|[spread] p2b,p1a,p1b
|-supereffective|p2b: Archaludon|1
|-damage|p2b: Archaludon|45/100
|-damage|p1a: Sylveon|0 fnt
|-damage|p1b: Farigiraf|16/100
|-ability|p2b: Archaludon|Stamina|boost
|-boost|p2b: Archaludon|def|1
|-enditem|p1b: Farigiraf|Sitrus Berry|[eat]
|-heal|p1b: Farigiraf|41/100|[from] item: Sitrus Berry
|faint|p1a: Sylveon
|move|p1b: Farigiraf|Psychic|p2a: Swampert
|-damage|p2a: Swampert|10/100
|
|-weather|RainDance|[upkeep]
|upkeep
|
|t:|1785713149
|switch|p1a: Raichu|Raichu, L50, M|100/100
|turn|3
|inactive|jobloking has 30 seconds left.
|
|t:|1785713188
|switch|p2a: Basculegion|Basculegion, L50, M, shiny|100/100
|detailschange|p1a: Raichu|Raichu-Mega-Y, L50, M
|-mega|p1a: Raichu|Raichu|Raichunite Y
|move|p1a: Raichu|Protect|p1a: Raichu
|-singleturn|p1a: Raichu|Protect
|move|p2b: Archaludon|Electro Shot||[still]
|-prepare|p2b: Archaludon|Electro Shot
|-boost|p2b: Archaludon|spa|1
|-anim|p2b: Archaludon|Electro Shot|p1b: Farigiraf
|-damage|p1b: Farigiraf|0 fnt
|faint|p1b: Farigiraf
|
|-weather|RainDance|[upkeep]
|upkeep
|
|t:|1785713200
|switch|p1b: Kingambit|Kingambit, L50, M|100/100
|turn|4
|inactive|JasonX7-7 has 30 seconds left.
|
|t:|1785713233
|switch|p2a: Pelipper|Pelipper, L50, M|6/100
|move|p1b: Kingambit|Sucker Punch||[still]
|-fail|p1b: Kingambit
|move|p1a: Raichu|Focus Blast|p2b: Archaludon
|-supereffective|p2b: Archaludon|1
|-damage|p2b: Archaludon|0 fnt
|faint|p2b: Archaludon
|
|-weather|RainDance|[upkeep]
|upkeep
|
|t:|1785713241
|switch|p2b: Basculegion|Basculegion, L50, M, shiny|100/100
|turn|5
|inactive|jobloking has 30 seconds left.
|
|t:|1785713270
|switch|p2b: Swampert|Swampert-Mega, L50, F|10/100
|move|p1a: Raichu|Zap Cannon|p2b: Swampert
|-immune|p2b: Swampert
|move|p2a: Pelipper|Tailwind|p2a: Pelipper
|-sidestart|p2: JasonX7-7|move: Tailwind
|move|p1b: Kingambit|Kowtow Cleave|p2a: Pelipper
|-damage|p2a: Pelipper|0 fnt
|faint|p2a: Pelipper
|-damage|p1b: Kingambit|90/100|[from] item: Life Orb
|
|-weather|RainDance|[upkeep]
|upkeep
|
|t:|1785713273
|switch|p2a: Basculegion|Basculegion, L50, M, shiny|100/100
|turn|6
|
|t:|1785713296
|move|p1b: Kingambit|Sucker Punch|p2b: Swampert
|-damage|p2b: Swampert|0 fnt
|faint|p2b: Swampert
|-damage|p1b: Kingambit|80/100|[from] item: Life Orb
|move|p2a: Basculegion|Last Respects|p1b: Kingambit
|-resisted|p1b: Kingambit|1
|-damage|p1b: Kingambit|21/100
|-damage|p2a: Basculegion|90/100|[from] item: Life Orb
|move|p1a: Raichu|Zap Cannon|p2a: Basculegion
|-supereffective|p2a: Basculegion|1
|-damage|p2a: Basculegion|0 fnt
|faint|p2a: Basculegion
|
|win|jobloking
|raw|jobloking's rating: 1170 → 1191(+21 for winning)
|raw|JasonX7-7's rating: 1120 → 1099(-21 for losing)
