|j|☆Schmixed_007
|j|☆Huasometa
|html|Schmixed_007Huasometa    
|uhtml|bestof|Game 1 of a best-of-3
|t:|1784870692
|gametype|doubles
|player|p1|Schmixed_007|102|1281
|player|p2|Huasometa|elesa|1365
|gen|9
|tier|[Gen 9 Champions] VGC 2026 Reg M-B (Bo3)
|rated|
|rule|Species Clause: Limit one of each Pokémon
|rule|Item Clause: Limit 1 of each item
|clearpoke
|poke|p1|Raichu, L50, F|
|poke|p1|Ceruledge, L50, M|
|poke|p1|Kingambit, L50, F|
|poke|p1|Mamoswine, L50, M|
|poke|p1|Sinistcha-Masterpiece, L50|
|poke|p1|Primarina, L50, M|
|poke|p2|Chandelure, L50, M|
|poke|p2|Kangaskhan, L50, F|
|poke|p2|Sylveon, L50, M|
|poke|p2|Archaludon, L50, F|
|poke|p2|Rotom-Wash, L50|
|poke|p2|Meowscarada, L50, F|
|teampreview|4
|showteam|p1|Raichu||RaichuniteY|LightningRod|FakeOut,ZapCannon,FocusBlast,Protect|Timid||F|||50|]Ceruledge||ColburBerry|FlashFire|BulkUp,ShadowSneak,BitterBlade,Protect|Adamant||M|||50|]Kingambit||BlackBelt|Defiant|IronHead,KowtowCleave,SuckerPunch,Protect|Adamant||F|||50|]Mamoswine||LifeOrb|Oblivious|IceShard,IcicleCrash,HighHorsepower,Protect|Jolly||M|||50|]Sinistcha-Masterpiece||SitrusBerry|Hospitality|RagePowder,MatchaGotcha,TrickRoom,Protect|Sassy|||||50|]Primarina||Leftovers|LiquidVoice|HyperVoice,Moonblast,CalmMind,Protect|Modest||M|||50|
|showteam|p2|Chandelure||FocusSash|FlashFire|HeatWave,ShadowBall,TrickRoom,Taunt|Quiet||M|||50|]Kangaskhan||Kangaskhanite|InnerFocus|FakeOut,DoubleEdge,SuckerPunch,HammerArm|Brave||F|||50|]Sylveon||FairyFeather|Pixilate|HyperVoice,Protect,HyperBeam,HelpingHand|Quiet||M|||50|]Archaludon||ExpertBelt|Stamina|AuraSphere,DracoMeteor,FlashCannon,Protect|Quiet||F|||50|]Rotom-Wash||SitrusBerry|Levitate|ThunderWave,VoltSwitch,HydroPump,Protect|Calm|||||50|]Meowscarada||LifeOrb|Protean|KnockOff,FlowerTrick,TripleAxel,Protect|Jolly||F|||50|
|
|t:|1784870773
|teamsize|p1|4
|teamsize|p2|4
|start
|switch|p1a: Raichu|Raichu, L50, F|100/100
|switch|p1b: Primarina|Primarina, L50, M|100/100
|switch|p2a: Meowscarada|Meowscarada, L50, F|100/100
|switch|p2b: Chandelure|Chandelure, L50, M|100/100
|turn|1
|
|t:|1784870815
|switch|p2b: Kangaskhan|Kangaskhan, L50, F|100/100
|detailschange|p1a: Raichu|Raichu-Mega-Y, L50, F
|-mega|p1a: Raichu|Raichu|Raichunite Y
|move|p2a: Meowscarada|Protect|p2a: Meowscarada
|-start|p2a: Meowscarada|typechange|Normal|[from] ability: Protean
|-singleturn|p2a: Meowscarada|Protect
|move|p1a: Raichu|Focus Blast|p2a: Meowscarada
|-activate|p2a: Meowscarada|move: Protect
|move|p1b: Primarina|Hyper Voice|p2a: Meowscarada|[spread] p2b
|-activate|p2a: Meowscarada|move: Protect
|-crit|p2b: Kangaskhan
|-damage|p2b: Kangaskhan|51/100
|
|upkeep
|turn|2
|
|t:|1784870851
|switch|p1a: Sinistcha|Sinistcha-Masterpiece, L50|100/100
|detailschange|p2b: Kangaskhan|Kangaskhan-Mega, L50, F
|-mega|p2b: Kangaskhan|Kangaskhan|Kangaskhanite
|move|p1b: Primarina|Protect|p1b: Primarina
|-singleturn|p1b: Primarina|Protect
|move|p2b: Kangaskhan|Fake Out|p1a: Sinistcha
|-immune|p1a: Sinistcha
|move|p2a: Meowscarada|Flower Trick|p1b: Primarina
|-activate|p1b: Primarina|move: Protect
|
|upkeep
|turn|3
|
|t:|1784870862
|switch|p2b: Archaludon|Archaludon, L50, F|100/100
|move|p1a: Sinistcha|Rage Powder|p1a: Sinistcha
|-singleturn|p1a: Sinistcha|move: Rage Powder
|move|p2a: Meowscarada|Triple Axel|p1a: Sinistcha
|-supereffective|p1a: Sinistcha|1
|-damage|p1a: Sinistcha|83/100
|-supereffective|p1a: Sinistcha|1
|-damage|p1a: Sinistcha|52/100
|-supereffective|p1a: Sinistcha|1
|-damage|p1a: Sinistcha|10/100
|-enditem|p1a: Sinistcha|Sitrus Berry|[eat]
|-heal|p1a: Sinistcha|35/100|[from] item: Sitrus Berry
|-hitcount|p1a: Sinistcha|3
|-damage|p2a: Meowscarada|90/100|[from] item: Life Orb
|move|p1b: Primarina|Hyper Voice|p2b: Archaludon|[spread] p2a,p2b
|-resisted|p2b: Archaludon|1
|-damage|p2a: Meowscarada|35/100
|-damage|p2b: Archaludon|81/100
|-ability|p2b: Archaludon|Stamina|boost
|-boost|p2b: Archaludon|def|1
|
|upkeep
|turn|4
|
|t:|1784870905
|switch|p2a: Kangaskhan|Kangaskhan-Mega, L50, F|51/100
|move|p1a: Sinistcha|Rage Powder|p1a: Sinistcha
|-singleturn|p1a: Sinistcha|move: Rage Powder
|move|p1b: Primarina|Hyper Voice|p2b: Archaludon|[spread] p2a,p2b
|-resisted|p2b: Archaludon|1
|-damage|p2a: Kangaskhan|23/100
|-damage|p2b: Archaludon|60/100
|-ability|p2b: Archaludon|Stamina|boost
|-boost|p2b: Archaludon|def|1
|move|p2b: Archaludon|Flash Cannon|p1a: Sinistcha
|-damage|p1a: Sinistcha|0 fnt
|faint|p1a: Sinistcha
|
|upkeep
|
|t:|1784870915
|switch|p1a: Ceruledge|Ceruledge, L50, M|100/100
|turn|5
|
|t:|1784870945
|move|p1b: Primarina|Protect|p1b: Primarina
|-singleturn|p1b: Primarina|Protect
|move|p2a: Kangaskhan|Fake Out|p1b: Primarina
|-activate|p1b: Primarina|move: Protect
|move|p1a: Ceruledge|Bulk Up|p1a: Ceruledge
|-boost|p1a: Ceruledge|atk|1
|-boost|p1a: Ceruledge|def|1
|move|p2b: Archaludon|Draco Meteor|p1a: Ceruledge
|-damage|p1a: Ceruledge|30/100
|-unboost|p2b: Archaludon|spa|2
|
|upkeep
|turn|6
|
|t:|1784870960
|move|p2a: Kangaskhan|Double-Edge|p1b: Primarina
|-damage|p1b: Primarina|25/100
|-damage|p1b: Primarina|6/100
|-hitcount|p1b: Primarina|2
|-damage|p2a: Kangaskhan|0 fnt|[from] Recoil
|faint|p2a: Kangaskhan
|move|p1a: Ceruledge|Bitter Blade|p2b: Archaludon
|-damage|p2b: Archaludon|31/100
|-heal|p1a: Ceruledge|45/100|[from] drain|[of] p2b: Archaludon
|-ability|p2b: Archaludon|Stamina|boost
|-boost|p2b: Archaludon|def|1
|move|p1b: Primarina|Hyper Voice|p2b: Archaludon
|-resisted|p2b: Archaludon|1
|-damage|p2b: Archaludon|4/100
|-ability|p2b: Archaludon|Stamina|boost
|-boost|p2b: Archaludon|def|1
|move|p2b: Archaludon|Draco Meteor|p1a: Ceruledge
|-damage|p1a: Ceruledge|12/100
|-unboost|p2b: Archaludon|spa|2
|
|-heal|p1b: Primarina|12/100|[from] item: Leftovers
|upkeep
|
|t:|1784870986
|switch|p2a: Chandelure|Chandelure, L50, M|100/100
|turn|7
|
|t:|1784870995
|move|p1a: Ceruledge|Shadow Sneak|p2b: Archaludon
|-crit|p2b: Archaludon
|-damage|p2b: Archaludon|0 fnt
|faint|p2b: Archaludon
|move|p1b: Primarina|Hyper Voice|p2a: Chandelure
|-supereffective|p2a: Chandelure|1
|-enditem|p2a: Chandelure|Focus Sash
|-damage|p2a: Chandelure|1/100
|move|p2a: Chandelure|Shadow Ball|p1b: Primarina
|-damage|p1b: Primarina|0 fnt
|faint|p1b: Primarina
|
|upkeep
|
|t:|1784871001
|switch|p1b: Raichu|Raichu-Mega-Y, L50, F|100/100
|switch|p2b: Meowscarada|Meowscarada, L50, F|35/100
|turn|8
|
|t:|1784871010
|move|p1a: Ceruledge|Shadow Sneak|p2a: Chandelure
|-supereffective|p2a: Chandelure|1
|-damage|p2a: Chandelure|0 fnt
|faint|p2a: Chandelure
|move|p2b: Meowscarada|Flower Trick|p1b: Raichu
|-start|p2b: Meowscarada|typechange|Grass|[from] ability: Protean
|-crit|p1b: Raichu
|-damage|p1b: Raichu|4/100
|-damage|p2b: Meowscarada|25/100|[from] item: Life Orb
|move|p1b: Raichu|Focus Blast|p2b: Meowscarada
|-damage|p2b: Meowscarada|0 fnt
|faint|p2b: Meowscarada
|
|win|Schmixed_007
||Schmixed_007 is ready for game 2.
|inactive|Huasometa has 30 seconds to confirm battle start!
||Huasometa is ready for game 2.
|uhtml|next|Next: Game 2 of 3
|l|☆Schmixed_007
|player|p1|
