|j|☆LPTesting1
|j|☆LooDeecolo
|html|LPTesting1LooDeecolo    
|uhtml|bestof|Game 3 of a best-of-3
|t:|1756701016
|gametype|doubles
|player|p1|LPTesting1|266|1186
|player|p2|LooDeecolo|266|1097
|gen|9
|tier|[Gen 9] VGC 2025 Reg H (Bo3)
|rated|
|rule|Species Clause: Limit one of each Pokémon
|rule|Item Clause: Limit 1 of each item
|clearpoke
|poke|p1|Maushold, L50|
|poke|p1|Annihilape, L50, F|
|poke|p1|Sinistcha, L50|
|poke|p1|Pelipper, L50, F|
|poke|p1|Archaludon, L50, F|
|poke|p1|Incineroar, L50, F|
|poke|p2|Gastrodon, L50, M|
|poke|p2|Sneasler, L50, F|
|poke|p2|Incineroar, L50, M|
|poke|p2|Gholdengo, L50|
|poke|p2|Ursaluna, L50, M|
|poke|p2|Dragonite, L50, M|
|teampreview|4
|showteam|p1|Maushold||SafetyGoggles|FriendGuard|BeatUp,Taunt,FollowMe,Protect||||||50|,,,,,Ghost]Annihilape||Leftovers|Defiant|RageFist,DrainPunch,BulkUp,Protect|||F|||50|,,,,,Grass]Sinistcha||RockyHelmet|Hospitality|MatchaGotcha,LifeDew,TrickRoom,RagePowder||||||50|,,,,,Water]Pelipper||FocusSash|Drizzle|WeatherBall,Hurricane,Tailwind,WideGuard|||F|||50|,,,,,Ghost]Archaludon||AssaultVest|Stamina|ElectroShot,DragonPulse,FlashCannon,BodyPress|||F|||50|,,,,,Grass]Incineroar||SitrusBerry|Intimidate|FlareBlitz,KnockOff,PartingShot,FakeOut|||F|||50|,,,,,Grass
|showteam|p2|Gastrodon||CovertCloak|StormDrain|EarthPower,Protect,Recover,IceBeam|||M|||50|,,,,,Water]Sneasler||FocusSash|PoisonTouch|CloseCombat,Protect,DireClaw,VacuumWave|||F|||50|,,,,,Ghost]Incineroar||SafetyGoggles|Intimidate|FakeOut,KnockOff,Protect,PartingShot|||M|||50|,,,,,Ghost]Gholdengo||LifeOrb|GoodasGold|MakeItRain,ShadowBall,Protect,NastyPlot||||||50|,,,,,Water]Ursaluna||FlameOrb|Guts|HeadlongRush,Facade,Protect,Earthquake|||M|||50|,,,,,Normal]Dragonite||LoadedDice|Multiscale|ScaleShot,Tailwind,LowKick,Protect|||M|||50|,,,,,Fairy
|inactive|Battle timer is ON: inactive players will automatically lose when time's up. (requested by LPTesting1)
|
|t:|1756701077
|teamsize|p1|4
|teamsize|p2|4
|start
|switch|p1a: Maushold|Maushold, L50|100/100
|switch|p1b: Annihilape|Annihilape, L50, F|100/100
|switch|p2a: Sneasler|Sneasler, L50, F|100/100
|switch|p2b: Gholdengo|Gholdengo, L50|100/100
|turn|1
|inactive|LooDeecolo has 30 seconds left.
|
|t:|1756701109
|-terastallize|p1b: Annihilape|Grass
|move|p1a: Maushold|Beat Up|p1b: Annihilape
|-damage|p1b: Annihilape|99/100
|-damage|p1b: Annihilape|97/100
|-damage|p1b: Annihilape|95/100
|-damage|p1b: Annihilape|93/100
|-hitcount|p1b: Annihilape|4
|move|p2a: Sneasler|Dire Claw|p1b: Annihilape
|-supereffective|p1b: Annihilape
|-damage|p1b: Annihilape|28/100
|-status|p1b: Annihilape|psn|[from] ability: Poison Touch|[of] p2a: Sneasler
|move|p1b: Annihilape|Rage Fist|p2b: Gholdengo
|-supereffective|p2b: Gholdengo
|-damage|p2b: Gholdengo|0 fnt
|faint|p2b: Gholdengo
|
|-heal|p1b: Annihilape|34/100 psn|[from] item: Leftovers
|-damage|p1b: Annihilape|22/100 psn|[from] psn
|upkeep
|
|t:|1756701127
|switch|p2b: Dragonite|Dragonite, L50, M|100/100
|turn|2
|
|t:|1756701139
|move|p1a: Maushold|Follow Me|p1a: Maushold
|-singleturn|p1a: Maushold|move: Follow Me
|move|p2a: Sneasler|Close Combat|p1a: Maushold
|-supereffective|p1a: Maushold
|-damage|p1a: Maushold|0 fnt
|-unboost|p2a: Sneasler|def|1
|-unboost|p2a: Sneasler|spd|1
|faint|p1a: Maushold
|move|p1b: Annihilape|Drain Punch|p2a: Sneasler
|-resisted|p2a: Sneasler
|-damage|p2a: Sneasler|59/100
|-heal|p1b: Annihilape|37/100 psn|[from] drain|[of] p2a: Sneasler
|move|p2b: Dragonite|Scale Shot|p1b: Annihilape|[miss]
|-miss|p2b: Dragonite|p1b: Annihilape
|
|-heal|p1b: Annihilape|43/100 psn|[from] item: Leftovers
|-damage|p1b: Annihilape|31/100 psn|[from] psn
|upkeep
|
|t:|1756701157
|switch|p1a: Sinistcha|Sinistcha, L50|100/100
|-heal|p1b: Annihilape|56/100 psn|[from] ability: Hospitality|[of] p1a: Sinistcha
|turn|3
|inactive|LPTesting1 has 30 seconds left.
|
|t:|1756701188
|move|p2a: Sneasler|Protect|p2a: Sneasler
|-singleturn|p2a: Sneasler|Protect
|move|p1a: Sinistcha|Rage Powder|p1a: Sinistcha
|-singleturn|p1a: Sinistcha|move: Rage Powder
|move|p1b: Annihilape|Rage Fist|p2a: Sneasler
|-activate|p2a: Sneasler|move: Protect
|move|p2b: Dragonite|Tailwind|p2b: Dragonite
|-sidestart|p2: LooDeecolo|move: Tailwind
|
|-heal|p1b: Annihilape|62/100 psn|[from] item: Leftovers
|-damage|p1b: Annihilape|50/100 psn|[from] psn
|upkeep
|turn|4
|
|t:|1756701203
|move|p1b: Annihilape|Protect|p1b: Annihilape
|-singleturn|p1b: Annihilape|Protect
|move|p2a: Sneasler|Dire Claw|p1b: Annihilape
|-activate|p1b: Annihilape|move: Protect
|move|p2b: Dragonite|Scale Shot|p1b: Annihilape
|-activate|p1b: Annihilape|move: Protect
|move|p1a: Sinistcha|Life Dew||[still]|[spread] p1a,p1b
|-fail|p1a: Sinistcha|heal
|-heal|p1b: Annihilape|75/100 psn
|
|-heal|p1b: Annihilape|81/100 psn|[from] item: Leftovers
|-damage|p1b: Annihilape|68/100 psn|[from] psn
|upkeep
|turn|5
|inactive|LPTesting1 has 30 seconds left.
|inactive|LPTesting1 has 20 seconds left.
|
|t:|1756701238
|switch|p1b: Pelipper|Pelipper, L50, F|100/100
|-weather|RainDance|[from] ability: Drizzle|[of] p1b: Pelipper
|move|p2a: Sneasler|Dire Claw|p1b: Pelipper
|-damage|p1b: Pelipper|38/100
|-status|p1b: Pelipper|slp
|move|p2b: Dragonite|Scale Shot|p1b: Pelipper
|-damage|p1b: Pelipper|20/100 slp
|-damage|p1b: Pelipper|2/100 slp
|-damage|p1b: Pelipper|0 fnt
|faint|p1b: Pelipper
|-hitcount|p1: Pelipper|3
|-unboost|p2b: Dragonite|def|1
|-boost|p2b: Dragonite|spe|1
|move|p1a: Sinistcha|Trick Room|p1a: Sinistcha
|-fieldstart|move: Trick Room|[of] p1a: Sinistcha
|
|-weather|RainDance|[upkeep]
|upkeep
|
|t:|1756701242
|switch|p1b: Annihilape|Annihilape, L50, F, tera:Grass|68/100 psn
|turn|6
|inactive|LooDeecolo has 30 seconds left.
|inactive|LooDeecolo has 20 seconds left.
|inactive|LooDeecolo has 15 seconds left.
|inactive|LooDeecolo has 10 seconds left.
|
|t:|1756701289
|move|p2b: Dragonite|Protect|p2b: Dragonite
|-singleturn|p2b: Dragonite|Protect
|move|p2a: Sneasler|Protect|p2a: Sneasler
|-singleturn|p2a: Sneasler|Protect
|move|p1a: Sinistcha|Rage Powder|p1a: Sinistcha
|-singleturn|p1a: Sinistcha|move: Rage Powder
|move|p1b: Annihilape|Rage Fist|p2b: Dragonite
|-activate|p2b: Dragonite|move: Protect
|
|-weather|RainDance|[upkeep]
|-heal|p1b: Annihilape|75/100 psn|[from] item: Leftovers
|-damage|p1b: Annihilape|62/100 psn|[from] psn
|-sideend|p2: LooDeecolo|move: Tailwind
|upkeep
|turn|7
|inactive|LPTesting1 has 30 seconds left.
|
|t:|1756701317
|move|p1b: Annihilape|Protect|p1b: Annihilape
|-singleturn|p1b: Annihilape|Protect
|move|p1a: Sinistcha|Matcha Gotcha|p2b: Dragonite|[spread] p2a,p2b
|-resisted|p2a: Sneasler
|-resisted|p2b: Dragonite
|-damage|p2a: Sneasler|34/100
|-damage|p2b: Dragonite|97/100
|move|p2b: Dragonite|Scale Shot|p1b: Annihilape
|-activate|p1b: Annihilape|move: Protect
|move|p2a: Sneasler|Dire Claw|p1b: Annihilape
|-activate|p1b: Annihilape|move: Protect
|
|-weather|RainDance|[upkeep]
|-heal|p1b: Annihilape|68/100 psn|[from] item: Leftovers
|-damage|p1b: Annihilape|56/100 psn|[from] psn
|upkeep
|turn|8
|inactive|LPTesting1 has 30 seconds left.
|
|t:|1756701354
|switch|p2a: Ursaluna|Ursaluna, L50, M|100/100
|move|p2b: Dragonite|Protect|p2b: Dragonite
|-singleturn|p2b: Dragonite|Protect
|move|p1a: Sinistcha|Life Dew||[still]|[spread] p1a,p1b
|-fail|p1a: Sinistcha|heal
|-heal|p1b: Annihilape|81/100 psn
|move|p1b: Annihilape|Rage Fist|p2b: Dragonite
|-activate|p2b: Dragonite|move: Protect
|
|-weather|RainDance|[upkeep]
|-heal|p1b: Annihilape|87/100 psn|[from] item: Leftovers
|-damage|p1b: Annihilape|75/100 psn|[from] psn
|-status|p2a: Ursaluna|brn|[from] item: Flame Orb
|upkeep
|turn|9
|
|t:|1756701377
|move|p2a: Ursaluna|Protect|p2a: Ursaluna
|-singleturn|p2a: Ursaluna|Protect
|move|p1b: Annihilape|Protect|p1b: Annihilape
|-singleturn|p1b: Annihilape|Protect
|move|p1a: Sinistcha|Matcha Gotcha|p2b: Dragonite|[spread] p2b
|-activate|p2a: Ursaluna|move: Protect
|-resisted|p2b: Dragonite
|-crit|p2b: Dragonite
|-damage|p2b: Dragonite|88/100
|move|p2b: Dragonite|Scale Shot|p1b: Annihilape
|-activate|p1b: Annihilape|move: Protect
|
|-weather|none
|-heal|p1b: Annihilape|81/100 psn|[from] item: Leftovers
|-damage|p1b: Annihilape|68/100 psn|[from] psn
|-damage|p2a: Ursaluna|95/100 brn|[from] brn
|-fieldend|move: Trick Room
|upkeep
|turn|10
|
|t:|1756701400
|move|p2b: Dragonite|Scale Shot|p1b: Annihilape
|-damage|p1b: Annihilape|55/100 psn
|-damage|p1b: Annihilape|42/100 psn
|-damage|p1b: Annihilape|28/100 psn
|-damage|p1b: Annihilape|14/100 psn
|-hitcount|p1b: Annihilape|4
|-unboost|p2b: Dragonite|def|1
|-boost|p2b: Dragonite|spe|1
|move|p1b: Annihilape|Drain Punch|p2a: Ursaluna
|-supereffective|p2a: Ursaluna
|-damage|p2a: Ursaluna|46/100 brn
|-heal|p1b: Annihilape|42/100 psn|[from] drain|[of] p2a: Ursaluna
|move|p1a: Sinistcha|Life Dew||[still]|[spread] p1a,p1b
|-fail|p1a: Sinistcha|heal
|-heal|p1b: Annihilape|67/100 psn
|move|p2a: Ursaluna|Facade|p1b: Annihilape
|-damage|p1b: Annihilape|0 fnt
|faint|p1b: Annihilape
|
|-damage|p2a: Ursaluna|40/100 brn|[from] brn
|upkeep
|turn|11
|inactive|LPTesting1 has 30 seconds left.
|
|t:|1756701427
|move|p2b: Dragonite|Scale Shot|p1a: Sinistcha
|-damage|p1a: Sinistcha|90/100
|-damage|p1a: Sinistcha|80/100
|-crit|p1a: Sinistcha
|-damage|p1a: Sinistcha|63/100
|-crit|p1a: Sinistcha
|-damage|p1a: Sinistcha|46/100
|-hitcount|p1a: Sinistcha|4
|-unboost|p2b: Dragonite|def|1
|-boost|p2b: Dragonite|spe|1
|move|p1a: Sinistcha|Matcha Gotcha|p2b: Dragonite|[spread] p2a,p2b
|-supereffective|p2a: Ursaluna
|-resisted|p2b: Dragonite
|-damage|p2a: Ursaluna|0 fnt
|-heal|p1a: Sinistcha|72/100|[from] drain|[of] p2a: Ursaluna
|-damage|p2b: Dragonite|81/100
|-heal|p1a: Sinistcha|76/100|[from] drain|[of] p2b: Dragonite
|faint|p2a: Ursaluna
|
|upkeep
|
|t:|1756701444
|switch|p2a: Sneasler|Sneasler, L50, F|34/100
|turn|12
|
|t:|1756701456
|move|p2b: Dragonite|Scale Shot|p1a: Sinistcha
|-damage|p1a: Sinistcha|66/100
|-damage|p1a: Sinistcha|55/100
|-damage|p1a: Sinistcha|45/100
|-damage|p1a: Sinistcha|33/100
|-damage|p1a: Sinistcha|22/100
|-hitcount|p1a: Sinistcha|5
|-unboost|p2b: Dragonite|def|1
|-boost|p2b: Dragonite|spe|1
|move|p2a: Sneasler|Dire Claw|p1a: Sinistcha
|-damage|p1a: Sinistcha|0 fnt
|-damage|p2a: Sneasler|17/100|[from] item: Rocky Helmet|[of] p1a: Sinistcha
|faint|p1a: Sinistcha
|
|win|LooDeecolo
|raw|LPTesting1's rating: 1186 → 1155(-31 for losing)
|raw|LooDeecolo's rating: 1097 → 1129(+32 for winning)
