|j|☆no_dupes
|j|☆SupernovaSZ8
|html|no_dupesSupernovaSZ8    
|uhtml|bestof|Game 2 of a best-of-3
|t:|1754966944
|gametype|doubles
|player|p1|no_dupes|brock-gen2|1190
|player|p2|SupernovaSZ8|nessa|1153
|gen|9
|tier|[Gen 9] VGC 2025 Reg H (Bo3)
|rated|
|rule|Species Clause: Limit one of each Pokémon
|rule|Item Clause: Limit 1 of each item
|clearpoke
|poke|p1|Hippowdon, L50, F|
|poke|p1|Houndstone, L50, F|
|poke|p1|Dragonite, L50, F|
|poke|p1|Kingambit, L50, F|
|poke|p1|Arcanine-Hisui, L50, F|
|poke|p1|Serperior, L50, F|
|poke|p2|Pawmot, L50, F|
|poke|p2|Tatsugiri, L50, F|
|poke|p2|Dondozo, L50, F|
|poke|p2|Talonflame, L50, M|
|poke|p2|Glimmora, L50, M|
|poke|p2|Ursaluna-Bloodmoon, L50, M|
|teampreview|4
|showteam|p1|Hippowdon||ClearAmulet|SandStream|HighHorsepower,RockSlide,Whirlwind,Protect|||F|||50|,,,,,Fire]Houndstone||FocusSash|SandRush|LastRespects,WillOWisp,Howl,Snarl|||F|||50|,,,,,Ghost]Dragonite||LoadedDice|InnerFocus|ScaleShot,Protect,Tailwind,Haze|||F|||50|,,,,,Fairy]Kingambit||SafetyGoggles|Defiant|SuckerPunch,KowtowCleave,IronHead,Protect|||F|||50|,,,,,Dark]Arcanine-Hisui||AssaultVest|Intimidate|RockSlide,FlareBlitz,HeadSmash,ExtremeSpeed|||F|||50|,,,,,Psychic]Serperior||SitrusBerry|Contrary|LeafStorm,Glare,Taunt,Protect|||F|||50|,,,,,Ghost
|showteam|p2|Pawmot||FocusSash|NaturalCure|FakeOut,DoubleShock,CloseCombat,RevivalBlessing|||F|||50|,,,,,Electric]Tatsugiri||ChoiceScarf|Commander|MuddyWater,IcyWind,DracoMeteor,DragonPulse|||F|||50|,,,,,Grass]Dondozo||SafetyGoggles|Unaware|WaveCrash,Earthquake,OrderUp,Protect|||F|||50|,,,,,Steel]Talonflame||CovertCloak|GaleWings|Tailwind,BraveBird,FlareBlitz,Taunt|||M|||50|,,,,,Ghost]Glimmora||PowerHerb|ToxicDebris|MeteorBeam,SludgeBomb,EnergyBall,SpikyShield|||M|||50|,,,,,Grass]Ursaluna-Bloodmoon||LifeOrb|MindsEye|HyperVoice,BloodMoon,EarthPower,Protect|||M|||50|,,,,,Normal
|
|t:|1754966966
|teamsize|p1|4
|teamsize|p2|4
|start
|switch|p1a: Houndstone|Houndstone, L50, F|100/100
|switch|p1b: HajimeNoHippo|Hippowdon, L50, F|100/100
|switch|p2a: Talonflame|Talonflame, L50, M|100/100
|switch|p2b: Glimmora|Glimmora, L50, M|100/100
|-weather|Sandstorm|[from] ability: Sand Stream|[of] p1b: HajimeNoHippo
|turn|1
|
|t:|1754967011
|-terastallize|p2b: Glimmora|Grass
|move|p2a: Talonflame|Tailwind|p2a: Talonflame
|-sidestart|p2: SupernovaSZ8|move: Tailwind
|move|p2b: Glimmora|Meteor Beam||[still]
|-prepare|p2b: Glimmora|Meteor Beam
|-boost|p2b: Glimmora|spa|1
|-enditem|p2b: Glimmora|Power Herb
|-anim|p2b: Glimmora|Meteor Beam|p1a: Houndstone
|-enditem|p1a: Houndstone|Focus Sash
|-damage|p1a: Houndstone|1/100
|move|p1a: Houndstone|Last Respects|p2a: Talonflame
|-crit|p2a: Talonflame
|-damage|p2a: Talonflame|53/100
|move|p1b: HajimeNoHippo|High Horsepower|p2b: Glimmora
|-resisted|p2b: Glimmora
|-damage|p2b: Glimmora|73/100
|-activate|p2b: Glimmora|ability: Toxic Debris
|-sidestart|p1: no_dupes|move: Toxic Spikes
|
|-weather|Sandstorm|[upkeep]
|-damage|p2a: Talonflame|47/100|[from] Sandstorm
|-damage|p2b: Glimmora|68/100|[from] Sandstorm
|upkeep
|turn|2
|
|t:|1754967037
|move|p2a: Talonflame|Brave Bird|p1a: Houndstone
|-damage|p1a: Houndstone|0 fnt
|faint|p1a: Houndstone
|-damage|p2a: Talonflame|47/100|[from] Recoil
|move|p2b: Glimmora|Energy Ball|p1b: HajimeNoHippo
|-supereffective|p1b: HajimeNoHippo
|-damage|p1b: HajimeNoHippo|0 fnt
|faint|p1b: HajimeNoHippo
|
|-weather|Sandstorm|[upkeep]
|-damage|p2a: Talonflame|41/100|[from] Sandstorm
|-damage|p2b: Glimmora|62/100|[from] Sandstorm
|upkeep
|
|t:|1754967040
|switch|p1a: Purunga|Dragonite, L50, F, shiny|100/100
|switch|p1b: Dr. Zerperior|Serperior, L50, F, shiny|100/100
|-status|p1b: Dr. Zerperior|psn
|turn|3
|
|t:|1754967065
|-terastallize|p1b: Dr. Zerperior|Ghost
|move|p2a: Talonflame|Brave Bird|p1b: Dr. Zerperior
|-damage|p1b: Dr. Zerperior|50/100 psn
|-enditem|p1b: Dr. Zerperior|Sitrus Berry|[eat]
|-heal|p1b: Dr. Zerperior|75/100 psn|[from] item: Sitrus Berry
|-damage|p2a: Talonflame|21/100|[from] Recoil
|move|p2b: Glimmora|Sludge Bomb|p1a: Purunga
|-damage|p1a: Purunga|21/100
|move|p1b: Dr. Zerperior|Leaf Storm|p2b: Glimmora
|-resisted|p2b: Glimmora
|-damage|p2b: Glimmora|40/100
|-boost|p1b: Dr. Zerperior|spa|2
|move|p1a: Purunga|Scale Shot|p2a: Talonflame
|-damage|p2a: Talonflame|0 fnt
|faint|p2a: Talonflame
|-hitcount|p2: Talonflame|1
|-unboost|p1a: Purunga|def|1
|-boost|p1a: Purunga|spe|1
|
|-weather|Sandstorm|[upkeep]
|-damage|p2b: Glimmora|35/100|[from] Sandstorm
|-damage|p1a: Purunga|15/100|[from] Sandstorm
|-damage|p1b: Dr. Zerperior|69/100 psn|[from] Sandstorm
|-damage|p1b: Dr. Zerperior|57/100 psn|[from] psn
|upkeep
|
|t:|1754967079
|switch|p2a: Ursaluna|Ursaluna-Bloodmoon, L50, M|100/100
|turn|4
|
|t:|1754967090
|switch|p2a: Pawmot|Pawmot, L50, F|100/100
|move|p2b: Glimmora|Spiky Shield|p2b: Glimmora
|-singleturn|p2b: Glimmora|move: Protect
|move|p1a: Purunga|Protect|p1a: Purunga
|-singleturn|p1a: Purunga|Protect
|move|p1b: Dr. Zerperior|Protect||[still]
|-fail|p1b: Dr. Zerperior
|
|-weather|Sandstorm|[upkeep]
|-damage|p2a: Pawmot|94/100|[from] Sandstorm
|-damage|p2b: Glimmora|29/100|[from] Sandstorm
|-damage|p1a: Purunga|9/100|[from] Sandstorm
|-damage|p1b: Dr. Zerperior|51/100 psn|[from] Sandstorm
|-damage|p1b: Dr. Zerperior|39/100 psn|[from] psn
|-sideend|p2: SupernovaSZ8|move: Tailwind
|upkeep
|turn|5
|
|t:|1754967114
|move|p2a: Pawmot|Fake Out|p1a: Purunga
|-damage|p1a: Purunga|0 fnt
|faint|p1a: Purunga
|move|p1b: Dr. Zerperior|Leaf Storm|p2b: Glimmora
|-resisted|p2b: Glimmora
|-damage|p2b: Glimmora|0 fnt
|-boost|p1b: Dr. Zerperior|spa|2
|faint|p2b: Glimmora
|
|-weather|none
|-damage|p1b: Dr. Zerperior|27/100 psn|[from] psn
|upkeep
|
|t:|1754967120
|switch|p2b: Ursaluna|Ursaluna-Bloodmoon, L50, M|100/100
|turn|6
|
|t:|1754967123
|move|p1b: Dr. Zerperior|Leaf Storm|p2a: Pawmot
|-damage|p2a: Pawmot|0 fnt
|-boost|p1b: Dr. Zerperior|spa|2
|faint|p2a: Pawmot
|move|p2b: Ursaluna|Blood Moon|p1b: Dr. Zerperior
|-damage|p1b: Dr. Zerperior|0 fnt
|faint|p1b: Dr. Zerperior
|-damage|p2b: Ursaluna|91/100|[from] item: Life Orb
|
|win|SupernovaSZ8
|raw|no_dupes's rating: 1190 → 1162(-28 for losing)
|raw|SupernovaSZ8's rating: 1153 → 1181(+28 for winning)
|l|☆no_dupes
|player|p1|
