|j|☆avalos jr
|j|☆RXUXBXEXN
|html|avalos jrRXUXBXEXN    
|uhtml|bestof|Game 2 of a best-of-3
|t:|1783334725
|gametype|doubles
|player|p1|avalos jr|miku-ghost|1143
|player|p2|RXUXBXEXN|169|1105
|gen|9
|tier|[Gen 9 Champions] VGC 2026 Reg M-B (Bo3)
|rated|
|rule|Species Clause: Limit one of each Pokémon
|rule|Item Clause: Limit 1 of each item
|clearpoke
|poke|p1|Floette-Eternal, L50, F|
|poke|p1|Incineroar, L50, F, shiny|
|poke|p1|Sinistcha, L50, shiny|
|poke|p1|Garchomp, L50, M, shiny|
|poke|p1|Whimsicott, L50, F, shiny|
|poke|p1|Delphox, L50, F, shiny|
|poke|p2|Incineroar, L50, M|
|poke|p2|Maushold, L50, shiny|
|poke|p2|Sinistcha, L50|
|poke|p2|Sneasler, L50, F|
|poke|p2|Blastoise, L50, M|
|poke|p2|Delphox, L50, M, shiny|
|teampreview|4
|showteam|p1|Floette-Eternal||Floettite|FlowerVeil|DrainingKiss,DazzlingGleam,CalmMind,Protect|Modest||F|||50|]Incineroar||Charcoal|Intimidate|FakeOut,ThroatChop,FlareBlitz,PartingShot|Adamant||F|||50|]Sinistcha||CobaBerry|Hospitality|MatchaGotcha,RagePowder,LifeDew,TrickRoom|Bold|||||50|]Garchomp||LifeOrb|RoughSkin|RockSlide,Earthquake,DragonClaw,Protect|Jolly||M|||50|]Whimsicott||FocusSash|Prankster|Moonblast,Tailwind,Encore,Protect|Timid||F|||50|]Delphox||Delphoxite|Blaze|HeatWave,Psychic,NastyPlot,Protect|Timid||F|||50|
|showteam|p2|Incineroar||SitrusBerry|Intimidate|FakeOut,FlareBlitz,DarkestLariat,PartingShot|Impish||M|||50|]Maushold||ChopleBerry|FriendGuard|SuperFang,Feint,FollowMe,Protect|Impish|||||50|]Sinistcha||KasibBerry|Hospitality|MatchaGotcha,LifeDew,RagePowder,Protect|Bold|||||50|]Sneasler||FocusSash|PoisonTouch|FakeOut,CloseCombat,DireClaw,QuickGuard|Jolly||F|||50|]Blastoise||Blastoisinite|RainDish|WaterSpout,DarkPulse,ShellSmash,Protect|Modest||M|||50|]Delphox||Delphoxite|Blaze|HeatWave,Psychic,NastyPlot,Protect|Timid||M|||50|
|inactive|Battle timer is ON: inactive players will automatically lose when time's up. (requested by avalos jr)
|
|t:|1783334747
|teamsize|p1|4
|teamsize|p2|4
|start
|switch|p1a: Dandelion|Floette-Eternal, L50, F|100/100
|switch|p1b: Flaure|Whimsicott, L50, F, shiny|100/100
|switch|p2a: Sinistcha|Sinistcha, L50|100/100
|switch|p2b: Blastoise|Blastoise, L50, M|100/100
|turn|1
|inactive|RXUXBXEXN has 30 seconds left.
|
|t:|1783334777
|detailschange|p1a: Dandelion|Floette-Mega, L50, F
|-mega|p1a: Dandelion|Floette|Floettite
|-ability|p1a: Dandelion|Fairy Aura
|detailschange|p2b: Blastoise|Blastoise-Mega, L50, M
|-mega|p2b: Blastoise|Blastoise|Blastoisinite
|move|p1b: Flaure|Moonblast|p2b: Blastoise
|-damage|p2b: Blastoise|58/100
|move|p1a: Dandelion|Calm Mind|p1a: Dandelion
|-boost|p1a: Dandelion|spa|1
|-boost|p1a: Dandelion|spd|1
|move|p2b: Blastoise|Water Spout|p1a: Dandelion|[spread] p1a,p1b
|-resisted|p1b: Flaure|1
|-crit|p1b: Flaure
|-damage|p1a: Dandelion|81/100
|-damage|p1b: Flaure|58/100
|move|p2a: Sinistcha|Matcha Gotcha|p1b: Flaure|[spread] p1a,p1b
|-resisted|p1b: Flaure|1
|-damage|p1a: Dandelion|66/100
|-damage|p1b: Flaure|35/100
|-status|p1b: Flaure|brn
|
|-damage|p1b: Flaure|29/100 brn|[from] brn
|upkeep
|turn|2
|inactive|RXUXBXEXN has 30 seconds left.
|inactive|RXUXBXEXN has 20 seconds left.
|
|t:|1783334814
|switch|p2b: Sneasler|Sneasler, L50, F|100/100
|move|p2a: Sinistcha|Rage Powder|p2a: Sinistcha
|-singleturn|p2a: Sinistcha|move: Rage Powder
|move|p1b: Flaure|Moonblast|p2a: Sinistcha
|-damage|p2a: Sinistcha|47/100
|move|p1a: Dandelion|Dazzling Gleam|p2a: Sinistcha|[spread] p2a,p2b
|-damage|p2a: Sinistcha|0 fnt
|-damage|p2b: Sneasler|10/100
|faint|p2a: Sinistcha
|
|-damage|p1b: Flaure|23/100 brn|[from] brn
|upkeep
|
|t:|1783334822
|switch|p2a: Incineroar|Incineroar, L50, M|100/100
|-ability|p2a: Incineroar|Intimidate|boost
|-unboost|p1a: Dandelion|atk|1
|-unboost|p1b: Flaure|atk|1
|turn|3
|
|t:|1783334828
|switch|p1b: Beri|Sinistcha, L50, shiny|100/100
|-heal|p1a: Dandelion|90/100|[from] ability: Hospitality|[of] p1b: Beri
|move|p1a: Dandelion|Protect|p1a: Dandelion
|-singleturn|p1a: Dandelion|Protect
|move|p2a: Incineroar|Fake Out|p1a: Dandelion
|-activate|p1a: Dandelion|move: Protect
|move|p2b: Sneasler|Dire Claw|p1a: Dandelion
|-activate|p1a: Dandelion|move: Protect
|
|upkeep
|turn|4
|
|t:|1783334840
|move|p1b: Beri|Rage Powder|p1b: Beri
|-singleturn|p1b: Beri|move: Rage Powder
|move|p2b: Sneasler|Dire Claw|p1b: Beri
|-damage|p1b: Beri|71/100
|-status|p1b: Beri|psn|[from] ability: Poison Touch|[of] p2b: Sneasler
|move|p1a: Dandelion|Dazzling Gleam|p2a: Incineroar|[spread] p2a,p2b
|-damage|p2a: Incineroar|38/100
|-damage|p2b: Sneasler|0 fnt
|-enditem|p2a: Incineroar|Sitrus Berry|[eat]
|-heal|p2a: Incineroar|62/100|[from] item: Sitrus Berry
|faint|p2b: Sneasler
|move|p2a: Incineroar|Flare Blitz|p1b: Beri
|-supereffective|p1b: Beri|1
|-damage|p1b: Beri|0 fnt
|faint|p1b: Beri
|-damage|p2a: Incineroar|38/100|[from] Recoil
|
|upkeep
|
|t:|1783334850
|switch|p2b: Blastoise|Blastoise-Mega, L50, M|58/100
|switch|p1b: Flaure|Whimsicott, L50, F, shiny|23/100 brn
|turn|5
|
|t:|1783334861
|move|p1b: Flaure|Moonblast|p2b: Blastoise
|-damage|p2b: Blastoise|20/100y
|-unboost|p2b: Blastoise|spa|1
|move|p1a: Dandelion|Dazzling Gleam|p2a: Incineroar|[spread] p2a,p2b
|-damage|p2a: Incineroar|0 fnt
|-damage|p2b: Blastoise|0 fnt
|faint|p2a: Incineroar
|faint|p2b: Blastoise
|
|win|avalos jr
