|j|☆rolodragoneir
|j|☆d1mo22
|html|rolodragoneird1mo22    
|uhtml|bestof|Game 1 of a best-of-3
|t:|1785510060
|gametype|doubles
|player|p1|rolodragoneir|kimonogirl|1155
|player|p2|d1mo22|169|1217
|gen|9
|tier|[Gen 9 Champions] VGC 2026 Reg M-B (Bo3)
|rated|
|rule|Species Clause: Limit one of each Pokémon
|rule|Item Clause: Limit 1 of each item
|clearpoke
|poke|p1|Froslass, L50, F|
|poke|p1|Kingambit, L50, M|
|poke|p1|Glimmora, L50, M|
|poke|p1|Dragonite, L50, F|
|poke|p1|Basculegion, L50, M|
|poke|p1|Sneasler, L50, F|
|poke|p2|Excadrill, L50, F, shiny|
|poke|p2|Milotic, L50, M|
|poke|p2|Gholdengo, L50|
|poke|p2|Sinistcha, L50|
|poke|p2|Staraptor, L50, M, shiny|
|poke|p2|Tyranitar, L50, F|
|teampreview|4
|showteam|p1|Froslass||Froslassite|CursedBody|Protect,ShadowBall,AuroraVeil,Blizzard|Timid||F|||50|]Kingambit||LifeOrb|Defiant|KowtowCleave,LowKick,Protect,SuckerPunch|Adamant||M|||50|]Glimmora||FocusSash|ToxicDebris|PowerGem,SpikyShield,EarthPower,SludgeBomb|Timid||M|||50|]Dragonite||Dragoninite|Multiscale|Protect,Flamethrower,Thunderbolt,DragonPulse|Modest||F|||50|]Basculegion||ChoiceScarf|Adaptability|Waterfall,AquaJet,FlipTurn,LastRespects|Adamant||M|||50|]Sneasler||WhiteHerb|Unburden|DireClaw,CloseCombat,FakeOut,Coaching|Adamant||F|||50|
|showteam|p2|Excadrill||FocusSash|SandRush|HighHorsepower,IronHead,RockSlide,Protect|Jolly||F|||50|]Milotic||SitrusBerry|Competitive|Scald,IcyWind,Haze,Protect|Calm||M|||50|]Gholdengo||LifeOrb|GoodasGold|MakeItRain,ShadowBall,NastyPlot,Protect|Modest|||||50|]Sinistcha||ColburBerry|Hospitality|MatchaGotcha,ShadowBall,Protect,RagePowder|Bold|||||50|]Staraptor||Staraptite|Intimidate|CloseCombat,BraveBird,Tailwind,Protect|Jolly||M|||50|]Tyranitar||Tyranitarite|SandStream|KnockOff,RockSlide,LowKick,Protect|Jolly||F|||50|
|inactive|Battle timer is ON: inactive players will automatically lose when time's up. (requested by d1mo22)
|inactive|d1mo22 has 60 seconds left.
|
|t:|1785510117
|teamsize|p1|4
|teamsize|p2|4
|start
|switch|p1a: Sneasler|Sneasler, L50, F|100/100
|switch|p1b: Froslass|Froslass, L50, F|100/100
|switch|p2a: Milotic|Milotic, L50, M|100/100
|switch|p2b: Gholdengo|Gholdengo, L50|100/100
|turn|1
|
|t:|1785510135
|detailschange|p1b: Froslass|Froslass-Mega, L50, F
|-mega|p1b: Froslass|Froslass|Froslassite
|-weather|Snowscape|[from] ability: Snow Warning|[of] p1b: Froslass
|move|p1a: Sneasler|Fake Out|p2a: Milotic
|-damage|p2a: Milotic|86/100
|move|p1b: Froslass|Shadow Ball|p2b: Gholdengo
|-supereffective|p2b: Gholdengo|1
|-damage|p2b: Gholdengo|25/100
|cant|p2a: Milotic|flinch
|move|p2b: Gholdengo|Nasty Plot|p2b: Gholdengo
|-boost|p2b: Gholdengo|spa|2
|
|-weather|Snowscape|[upkeep]
|upkeep
|turn|2
|
|t:|1785510157
|switch|p2b: Staraptor|Staraptor, L50, M, shiny|100/100
|-ability|p2b: Staraptor|Intimidate|boost
|-unboost|p1a: Sneasler|atk|1
|-unboost|p1b: Froslass|atk|1
|-enditem|p1a: Sneasler|White Herb
|-clearnegativeboost|p1a: Sneasler|[silent]
|move|p1a: Sneasler|Close Combat|p2a: Milotic
|-damage|p2a: Milotic|21/100
|-unboost|p1a: Sneasler|def|1
|-unboost|p1a: Sneasler|spd|1
|-enditem|p2a: Milotic|Sitrus Berry|[eat]
|-heal|p2a: Milotic|46/100|[from] item: Sitrus Berry
|move|p1b: Froslass|Shadow Ball|p2b: Staraptor
|-immune|p2b: Staraptor
|move|p2a: Milotic|Scald|p1a: Sneasler
|-damage|p1a: Sneasler|38/100
|-status|p1a: Sneasler|brn
|
|-weather|Snowscape|[upkeep]
|-damage|p1a: Sneasler|32/100 brn|[from] brn
|upkeep
|turn|3
|
|t:|1785510180
|switch|p2a: Tyranitar|Tyranitar, L50, F|100/100
|-weather|Sandstorm|[from] ability: Sand Stream|[of] p2a: Tyranitar
|move|p2b: Staraptor|Protect|p2b: Staraptor
|-singleturn|p2b: Staraptor|Protect
|move|p1a: Sneasler|Close Combat|p2a: Tyranitar
|-supereffective|p2a: Tyranitar|2
|-damage|p2a: Tyranitar|0 fnt
|-unboost|p1a: Sneasler|def|1
|-unboost|p1a: Sneasler|spd|1
|faint|p2a: Tyranitar
|move|p1b: Froslass|Blizzard|p2b: Staraptor
|-activate|p2b: Staraptor|move: Protect
|
|-weather|Sandstorm|[upkeep]
|-damage|p1a: Sneasler|26/100 brn|[from] Sandstorm
|-damage|p1b: Froslass|93/100|[from] Sandstorm
|-damage|p2b: Staraptor|94/100|[from] Sandstorm
|-damage|p1a: Sneasler|21/100 brn|[from] brn
|upkeep
|
|t:|1785510191
|switch|p2a: Milotic|Milotic, L50, M|46/100
|turn|4
|c|☆d1mo22|xd
|inactive|d1mo22 has 30 seconds left.
|
|t:|1785510219
|switch|p1b: Glimmora|Glimmora, L50, M|100/100
|move|p1a: Sneasler|Close Combat|p2a: Milotic
|-damage|p2a: Milotic|13/100
|-unboost|p1a: Sneasler|def|1
|-unboost|p1a: Sneasler|spd|1
|move|p2b: Staraptor|Tailwind|p2b: Staraptor
|-sidestart|p2: d1mo22|move: Tailwind
|move|p2a: Milotic|Scald|p1b: Glimmora
|-supereffective|p1b: Glimmora|1
|-damage|p1b: Glimmora|50/100g
|
|-weather|Sandstorm|[upkeep]
|-damage|p1a: Sneasler|15/100 brn|[from] Sandstorm
|-damage|p2b: Staraptor|88/100|[from] Sandstorm
|-damage|p2a: Milotic|7/100|[from] Sandstorm
|-damage|p1a: Sneasler|9/100 brn|[from] brn
|upkeep
|turn|5
|
|t:|1785510243
|detailschange|p2b: Staraptor|Staraptor-Mega, L50, M, shiny
|-mega|p2b: Staraptor|Staraptor|Staraptite
|move|p2b: Staraptor|Close Combat|p1a: Sneasler
|-resisted|p1a: Sneasler|1
|-damage|p1a: Sneasler|0 fnt
|-boost|p2b: Staraptor|def|1
|-boost|p2b: Staraptor|spd|1
|faint|p1a: Sneasler
|move|p2a: Milotic|Scald|p1b: Glimmora
|-supereffective|p1b: Glimmora|1
|-damage|p1b: Glimmora|0 fnt
|faint|p1b: Glimmora
|
|-weather|Sandstorm|[upkeep]
|-damage|p2b: Staraptor|82/100|[from] Sandstorm
|-damage|p2a: Milotic|1/100|[from] Sandstorm
|upkeep
|
|t:|1785510248
|switch|p1a: Froslass|Froslass-Mega, L50, F|93/100
|switch|p1b: Kingambit|Kingambit, L50, M|100/100
|-weather|Snowscape|[from] ability: Snow Warning|[of] p1a: Froslass
|turn|6
|inactive|d1mo22 has 30 seconds left.
|
|t:|1785510276
|move|p1b: Kingambit|Sucker Punch|p2b: Staraptor
|-resisted|p2b: Staraptor|1
|-crit|p2b: Staraptor
|-damage|p2b: Staraptor|42/100
|-damage|p1b: Kingambit|90/100|[from] item: Life Orb
|move|p2b: Staraptor|Close Combat|p1b: Kingambit
|-supereffective|p1b: Kingambit|2
|-damage|p1b: Kingambit|0 fnt
|-boost|p2b: Staraptor|def|1
|-boost|p2b: Staraptor|spd|1
|faint|p1b: Kingambit
|move|p2a: Milotic|Scald|p1a: Froslass
|-damage|p1a: Froslass|57/100
|move|p1a: Froslass|Blizzard|p2a: Milotic|[spread] p2a,p2b
|-resisted|p2a: Milotic|1
|-supereffective|p2b: Staraptor|1
|-damage|p2a: Milotic|0 fnt
|-damage|p2b: Staraptor|1/100
|faint|p2a: Milotic
|
|-weather|Snowscape|[upkeep]
|upkeep
|
|t:|1785510278
|switch|p2a: Gholdengo|Gholdengo, L50|25/100
|turn|7
|
|t:|1785510290
|move|p2b: Staraptor|Brave Bird|p1a: Froslass
|-damage|p1a: Froslass|0 fnt
|faint|p1a: Froslass
|-damage|p2b: Staraptor|0 fnt|[from] Recoil
|faint|p2b: Staraptor
|
|win|d1mo22
