|j|☆Red13698
|j|☆SneakerHead44
|html|Red13698SneakerHead44    
|uhtml|bestof|Game 1 of a best-of-3
|t:|1784604817
|gametype|doubles
|player|p1|Red13698|red|1000
|player|p2|SneakerHead44|rood|1000
|gen|9
|tier|[Gen 9 Champions] VGC 2026 Reg M-B (Bo3)
|rated|
|rule|Species Clause: Limit one of each Pokémon
|rule|Item Clause: Limit 1 of each item
|clearpoke
|poke|p1|Charizard, L50, M|
|poke|p1|Blastoise, L50, M|
|poke|p1|Venusaur, L50, F|
|poke|p1|Pikachu, L50, F|
|poke|p1|Snorlax, L50, M|
|poke|p1|Sableye, L50, F|
|poke|p2|Charizard, L50, F, shiny|
|poke|p2|Garchomp, L50, M|
|poke|p2|Incineroar, L50, M|
|poke|p2|Sylveon, L50, F, shiny|
|poke|p2|Aerodactyl, L50, M|
|poke|p2|Farigiraf, L50, M|
|teampreview|4
|showteam|p1|Charizard||CharizarditeY|Blaze|Protect,HeatWave,SolarBeam,WeatherBall|Modest||M|||50|]Blastoise||Blastoisinite|RainDish|DarkPulse,WaterPulse,AuraSphere,Protect|Modest||M|||50|]Venusaur||LifeOrb|Chlorophyll|SludgeBomb,EnergyBall,EarthPower,Protect|Modest||F|||50|]Pikachu||FocusSash|LightningRod|Nuzzle,Endeavor,FakeOut,VoltSwitch|Timid||F|||50|]Snorlax||Leftovers|ThickFat|Protect,BodySlam,Yawn,HighHorsepower|Relaxed||M|||50|]Sableye||RoseliBerry|Prankster|FakeOut,Encore,Taunt,RainDance|Calm||F|||50|
|showteam|p2|Charizard||CharizarditeY|Blaze|HeatWave,WeatherBall,SolarBeam,Protect|Modest||F|||50|]Garchomp||LifeOrb|RoughSkin|Earthquake,StompingTantrum,DragonClaw,Protect|Jolly||M|||50|]Incineroar||SitrusBerry|Intimidate|FakeOut,FlareBlitz,ThroatChop,PartingShot|Careful||M|||50|]Sylveon||FairyFeather|Pixilate|HyperVoice,QuickAttack,Moonblast,Detect|Modest||F|||50|]Aerodactyl||FocusSash|Unnerve|RockSlide,Protect,Tailwind,WideGuard|Jolly||M|||50|]Farigiraf||ColburBerry|ArmorTail|TwinBeam,Thunderbolt,TrickRoom,HelpingHand|Relaxed||M|||50|
|
|t:|1784604906
|teamsize|p1|4
|teamsize|p2|4
|start
|switch|p1a: Blastoise|Blastoise, L50, M|100/100
|switch|p1b: Sableye|Sableye, L50, F|100/100
|switch|p2a: Pumas|Aerodactyl, L50, M|100/100
|switch|p2b: Reebok|Incineroar, L50, M|100/100
|-ability|p2a: Pumas|Unnerve
|-ability|p2b: Reebok|Intimidate|boost
|-unboost|p1a: Blastoise|atk|1
|-unboost|p1b: Sableye|atk|1
|turn|1
|
|t:|1784604946
|detailschange|p1a: Blastoise|Blastoise-Mega, L50, M
|-mega|p1a: Blastoise|Blastoise|Blastoisinite
|move|p2a: Pumas|Protect|p2a: Pumas
|-singleturn|p2a: Pumas|Protect
|move|p1b: Sableye|Fake Out|p2a: Pumas
|-activate|p2a: Pumas|move: Protect
|move|p1a: Blastoise|Water Pulse|p2b: Reebok
|-supereffective|p2b: Reebok|1
|-damage|p2b: Reebok|13/100
|-enditem|p2b: Reebok|Sitrus Berry|[eat]
|-heal|p2b: Reebok|38/100|[from] item: Sitrus Berry
|move|p2b: Reebok|Parting Shot|p1a: Blastoise
|-unboost|p1a: Blastoise|atk|1
|-unboost|p1a: Blastoise|spa|1
|
|t:|1784604961
|switch|p2b: Hokas|Sylveon, L50, F, shiny|100/100|[from] Parting Shot
|
|upkeep
|turn|2
|
|t:|1784604974
|switch|p1b: Venusaur|Venusaur, L50, F|100/100
|move|p2a: Pumas|Tailwind|p2a: Pumas
|-sidestart|p2: SneakerHead44|move: Tailwind
|move|p2b: Hokas|Hyper Voice|p1a: Blastoise|[spread] p1a,p1b
|-resisted|p1b: Venusaur|1
|-damage|p1a: Blastoise|52/100
|-damage|p1b: Venusaur|74/100
|move|p1a: Blastoise|Water Pulse|p2a: Pumas
|-supereffective|p2a: Pumas|1
|-damage|p2a: Pumas|3/100
|
|upkeep
|turn|3
|
|t:|1784605006
|move|p2a: Pumas|Rock Slide|p1a: Blastoise|[spread] p1a,p1b
|-damage|p1a: Blastoise|29/100
|-damage|p1b: Venusaur|45/100
|move|p2b: Hokas|Hyper Voice|p1b: Venusaur|[spread] p1a,p1b
|-resisted|p1b: Venusaur|1
|-damage|p1a: Blastoise|0 fnt
|-damage|p1b: Venusaur|18/100
|faint|p1a: Blastoise
|cant|p1b: Venusaur|flinch
|
|upkeep
|
|t:|1784605016
|switch|p1a: Sableye|Sableye, L50, F|100/100
|turn|4
|
|t:|1784605029
|switch|p1b: Snorlax|Snorlax, L50, M|100/100
|move|p1a: Sableye|Fake Out|p2a: Pumas
|-resisted|p2a: Pumas|1
|-damage|p2a: Pumas|0 fnt
|faint|p2a: Pumas
|move|p2b: Hokas|Hyper Voice|p1b: Snorlax|[spread] p1a,p1b
|-supereffective|p1a: Sableye|1
|-enditem|p1a: Sableye|Roseli Berry|[eat]
|-enditem|p1a: Sableye|Roseli Berry|[weaken]
|-damage|p1a: Sableye|42/100
|-damage|p1b: Snorlax|72/100
|
|-heal|p1b: Snorlax|78/100|[from] item: Leftovers
|upkeep
|
|t:|1784605038
|switch|p2a: Nikes|Charizard, L50, F, shiny|100/100
|turn|5
|
|t:|1784605047
|detailschange|p2a: Nikes|Charizard-Mega-Y, L50, F, shiny
|-mega|p2a: Nikes|Charizard|Charizardite Y
|-weather|SunnyDay|[from] ability: Drought|[of] p2a: Nikes
|move|p1a: Sableye|Rain Dance|p1a: Sableye
|-weather|RainDance
|move|p2a: Nikes|Heat Wave|p1b: Snorlax|[spread] p1a,p1b
|-damage|p1a: Sableye|14/100
|-damage|p1b: Snorlax|73/100
|-status|p1a: Sableye|brn
|move|p2b: Hokas|Hyper Voice|p1b: Snorlax|[spread] p1a,p1b
|-supereffective|p1a: Sableye|1
|-damage|p1a: Sableye|0 fnt
|-damage|p1b: Snorlax|44/100
|faint|p1a: Sableye
|move|p1b: Snorlax|Body Slam|p2a: Nikes
|-damage|p2a: Nikes|67/100
|
|-weather|RainDance|[upkeep]
|-heal|p1b: Snorlax|50/100g|[from] item: Leftovers
|-sideend|p2: SneakerHead44|move: Tailwind
|upkeep
|
|t:|1784605062
|switch|p1a: Venusaur|Venusaur, L50, F|18/100
|turn|6
|
|t:|1784605088
|move|p2a: Nikes|Weather Ball|p1b: Snorlax
|-damage|p1b: Snorlax|14/100
|move|p1a: Venusaur|Sludge Bomb|p2b: Hokas
|-supereffective|p2b: Hokas|1
|-damage|p2b: Hokas|11/100
|-damage|p1a: Venusaur|9/100|[from] item: Life Orb
|move|p2b: Hokas|Hyper Voice|p1a: Venusaur|[spread] p1a,p1b
|-resisted|p1a: Venusaur|1
|-damage|p1a: Venusaur|0 fnt
|-damage|p1b: Snorlax|0 fnt
|faint|p1a: Venusaur
|faint|p1b: Snorlax
|
|win|SneakerHead44
