|j|☆zaharba
|j|‽Informtech
|html|zaharbaInformtech    
|uhtml|bestof|Game 2 of a best-of-3
|t:|1783362665
|gametype|doubles
|player|p1|zaharba|266|1163
|player|p2|Informtech|1|1243
|gen|9
|tier|[Gen 9 Champions] VGC 2026 Reg M-B (Bo3)
|rated|
|rule|Species Clause: Limit one of each Pokémon
|rule|Item Clause: Limit 1 of each item
|clearpoke
|poke|p1|Raichu, L50, F, shiny|
|poke|p1|Vivillon, L50, F|
|poke|p1|Ninetales-Alola, L50, M, shiny|
|poke|p1|Tyranitar, L50, M|
|poke|p1|Basculegion-F, L50, F|
|poke|p1|Talonflame, L50, F|
|poke|p2|Staraptor, L50, F|
|poke|p2|Whimsicott, L50, F|
|poke|p2|Basculegion, L50, M|
|poke|p2|Garchomp, L50, F|
|poke|p2|Charizard, L50, F|
|poke|p2|Kingambit, L50, M|
|teampreview|4
|showteam|p1|Raichu||RaichuniteY|LightningRod|FocusBlast,ZapCannon,UpperHand,FakeOut|Timid||F|||50|]Vivillon||ChoiceScarf|CompoundEyes|SleepPowder,RagePowder,Hurricane,Tailwind|Timid||F|||50|]Ninetales-Alola||NeverMeltIce|SnowWarning|Protect,FreezeDry,Blizzard,Encore|Timid||M|||50|]Tyranitar||FocusSash|SandStream|RockSlide,HighHorsepower,Protect,DragonDance|Jolly||M|||50|]Basculegion-F||SpellTag|Adaptability|Protect,Hex,HydroPump,MuddyWater|Modest||F|||50|]Talonflame||LifeOrb|GaleWings|Whirlwind,BraveBird,Overheat,Tailwind|Naive||F|||50|
|showteam|p2|Staraptor||Staraptite|Intimidate|CloseCombat,BraveBird,Protect,Roost|Adamant||F|||50|]Whimsicott||FocusSash|Prankster|Tailwind,TrickRoom,Moonblast,Tickle|Quiet||F|||50|]Basculegion||SitrusBerry|Adaptability|LastRespects,Protect,AquaJet,WaveCrash|Jolly||M|||50|]Garchomp||LifeOrb|RoughSkin|DragonClaw,RockSlide,Earthquake,Protect|Adamant||F|||50|]Charizard||CharizarditeY|SolarPower|HeatWave,AirSlash,SolarBeam,Protect|Modest||F|||50|]Kingambit||BlackGlasses|Defiant|KowtowCleave,SuckerPunch,Protect,IronHead|Adamant||M|||50|
|inactive|Battle timer is ON: inactive players will automatically lose when time's up. (requested by zaharba)
|inactive|Informtech has 60 seconds left.
|
|t:|1783362697
|teamsize|p1|4
|teamsize|p2|4
|start
|switch|p1a: Raichu|Raichu, L50, F, shiny|100/100
|switch|p1b: Talonflame|Talonflame, L50, F|100/100
|switch|p2a: Charizard|Charizard, L50, F|100/100
|switch|p2b: Garchomp|Garchomp, L50, F|100/100
|turn|1
|inactive|zaharba has 30 seconds left.
|inactive|zaharba has 20 seconds left.
|
|t:|1783362736
|switch|p1a: Tyranitar|Tyranitar, L50, M|100/100
|-weather|Sandstorm|[from] ability: Sand Stream|[of] p1a: Tyranitar
|detailschange|p2a: Charizard|Charizard-Mega-Y, L50, F
|-mega|p2a: Charizard|Charizard|Charizardite Y
|-weather|SunnyDay|[from] ability: Drought|[of] p2a: Charizard
|move|p2a: Charizard|Protect|p2a: Charizard
|-singleturn|p2a: Charizard|Protect
|move|p1b: Talonflame|Tailwind|p1b: Talonflame
|-sidestart|p1: zaharba|move: Tailwind
|move|p2b: Garchomp|Rock Slide|p1a: Tyranitar|[spread] p1a,p1b
|-supereffective|p1b: Talonflame|2
|-damage|p1a: Tyranitar|73/100
|-damage|p1b: Talonflame|0 fnt
|faint|p1b: Talonflame
|-damage|p2b: Garchomp|90/100|[from] item: Life Orb
|
|-weather|SunnyDay|[upkeep]
|upkeep
|
|t:|1783362752
|switch|p1b: Ninetales|Ninetales-Alola, L50, M, shiny|100/100
|-weather|Snowscape|[from] ability: Snow Warning|[of] p1b: Ninetales
|turn|2
|
|t:|1783362767
|switch|p2a: Basculegion|Basculegion, L50, M|100/100
|move|p2b: Garchomp|Protect|p2b: Garchomp
|-singleturn|p2b: Garchomp|Protect
|move|p1b: Ninetales|Blizzard|p2a: Basculegion|[spread] p2a
|-activate|p2b: Garchomp|move: Protect
|-resisted|p2a: Basculegion|1
|-damage|p2a: Basculegion|80/100
|move|p1a: Tyranitar|Rock Slide|p2b: Garchomp|[spread] p2a
|-activate|p2b: Garchomp|move: Protect
|-damage|p2a: Basculegion|55/100
|
|-weather|Snowscape|[upkeep]
|upkeep
|turn|3
|
|t:|1783362785
|move|p2a: Basculegion|Aqua Jet|p1a: Tyranitar
|-supereffective|p1a: Tyranitar|1
|-damage|p1a: Tyranitar|30/100
|move|p1b: Ninetales|Blizzard|p2a: Basculegion|[spread] p2a,p2b
|-resisted|p2a: Basculegion|1
|-supereffective|p2b: Garchomp|2
|-damage|p2a: Basculegion|35/100
|-damage|p2b: Garchomp|0 fnt
|-enditem|p2a: Basculegion|Sitrus Berry|[eat]
|-heal|p2a: Basculegion|60/100|[from] item: Sitrus Berry
|faint|p2b: Garchomp
|move|p1a: Tyranitar|Dragon Dance|p1a: Tyranitar
|-boost|p1a: Tyranitar|atk|1
|-boost|p1a: Tyranitar|spe|1
|
|-weather|Snowscape|[upkeep]
|upkeep
|
|t:|1783362790
|switch|p2b: Charizard|Charizard-Mega-Y, L50, F|100/100
|-weather|SunnyDay|[from] ability: Drought|[of] p2b: Charizard
|turn|4
|
|t:|1783362804
|move|p1a: Tyranitar|Protect|p1a: Tyranitar
|-singleturn|p1a: Tyranitar|Protect
|move|p2a: Basculegion|Aqua Jet|p1a: Tyranitar
|-activate|p1a: Tyranitar|move: Protect
|move|p1b: Ninetales|Freeze-Dry|p2a: Basculegion
|-supereffective|p2a: Basculegion|1
|-damage|p2a: Basculegion|0 fnt
|faint|p2a: Basculegion
|move|p2b: Charizard|Heat Wave|p1b: Ninetales|[spread] p1b
|-activate|p1a: Tyranitar|move: Protect
|-supereffective|p1b: Ninetales|1
|-damage|p1b: Ninetales|0 fnt
|faint|p1b: Ninetales
|
|-weather|SunnyDay|[upkeep]
|-sideend|p1: zaharba|move: Tailwind
|upkeep
|
|t:|1783362818
|switch|p1b: Raichu|Raichu, L50, F, shiny|100/100
|switch|p2a: Kingambit|Kingambit, L50, M|100/100
|turn|5
|
|t:|1783362837
|detailschange|p1b: Raichu|Raichu-Mega-Y, L50, F, shiny
|-mega|p1b: Raichu|Raichu|Raichunite Y
|move|p2a: Kingambit|Sucker Punch|p1b: Raichu
|-damage|p1b: Raichu|3/100
|move|p1b: Raichu|Zap Cannon|p2b: Charizard
|-supereffective|p2b: Charizard|1
|-damage|p2b: Charizard|0 fnt
|faint|p2b: Charizard
|move|p1a: Tyranitar|Dragon Dance|p1a: Tyranitar
|-boost|p1a: Tyranitar|atk|1
|-boost|p1a: Tyranitar|spe|1
|
|-weather|SunnyDay|[upkeep]
|upkeep
|turn|6
|
|t:|1783362858
|move|p1b: Raichu|Upper Hand|p2a: Kingambit
|-supereffective|p2a: Kingambit|2
|-damage|p2a: Kingambit|56/100
|cant|p2a: Kingambit|flinch
|move|p1a: Tyranitar|High Horsepower|p2a: Kingambit
|-supereffective|p2a: Kingambit|1
|-damage|p2a: Kingambit|0 fnt
|faint|p2a: Kingambit
|
|win|zaharba
|raw|zaharba's rating: 1163 → 1194(+31 for winning)
|raw|Informtech's rating: 1243 → 1212(-31 for losing)
|l|‽Informtech
|player|p2|
