|j|â˜†rasaighul
|j|â˜†onescoopmann
|html|rasaighulonescoopmann    
|uhtml|bestof|Game 1 of a best-of-3
|t:|1756417373
|gametype|doubles
|player|p1|rasaighul|palmer|1048
|player|p2|onescoopmann|1|1165
|gen|9
|tier|[Gen 9] VGC 2025 Reg H (Bo3)
|rated|
|rule|Species Clause: Limit one of each PokÃ©mon
|rule|Item Clause: Limit 1 of each item
|clearpoke
|poke|p1|Porygon2, L50|
|poke|p1|Incineroar, L50, M|
|poke|p1|Ursaluna, L50, F|
|poke|p1|Charizard, L50, M|
|poke|p1|Jumpluff, L50, M|
|poke|p1|Torkoal, L50, M|
|poke|p2|Indeedee-F, L50, F|
|poke|p2|Hatterene, L50, F|
|poke|p2|Torkoal, L50, M|
|poke|p2|Lilligant-Hisui, L50, F|
|poke|p2|Ursaluna, L50, F|
|poke|p2|Gallade, L50, M|
|teampreview|4
|showteam|p1|Porygon2||Eviolite|Download|TeraBlast,IceBeam,Recover,TrickRoom||||||50|,,,,,Fighting]Incineroar||SafetyGoggles|Intimidate|FakeOut,FlareBlitz,KnockOff,PartingShot|||M|||50|,,,,,Ghost]Ursaluna||FlameOrb|Guts|Earthquake,Facade,HeadlongRush,Protect|||F|||50|,,,,,Ghost]Charizard||ChoiceSpecs|SolarPower|HeatWave,Overheat,AirSlash,WeatherBall|||M|||50|,,,,,Ghost]Jumpluff||CovertCloak|Chlorophyll|Tailwind,SunnyDay,RagePowder,SleepPowder|||M|||50|,,,,,Water]Torkoal||EjectPack|Drought|Overheat,Eruption,HelpingHand,Protect|||M|||50|,,,,,Fire
|showteam|p2|Indeedee-F||PsychicSeed|PsychicSurge|FollowMe,Psychic,HelpingHand,TrickRoom|||F|||50|,,,,,Grass]Hatterene||LifeOrb|MagicBounce|ExpandingForce,DazzlingGleam,TrickRoom,Protect|||F|||50|,,,,,Fire]Torkoal||Charcoal|Drought|Eruption,WeatherBall,HeatWave,Protect|||M|||50|,,,,,Fire]Lilligant-Hisui||FocusSash|Chlorophyll|SleepPowder,AfterYou,LeafBlade,CloseCombat|||F|||50|,,,,,Ghost]Ursaluna||FlameOrb|Guts|HeadlongRush,Facade,SwordsDance,Protect|||F|||50|,,,,,Normal]Gallade||ClearAmulet|Sharpness|SacredSword,PsychoCut,WideGuard,TrickRoom|||M|||50|,,,,,Grass
|inactive|Battle timer is ON: inactive players will automatically lose when time's up. (requested by rasaighul)
|
|t:|1756417399
|teamsize|p1|4
|teamsize|p2|4
|start
|switch|p1a: Porygon2|Porygon2, L50|100/100
|switch|p1b: Incineroar|Incineroar, L50, M|100/100
|switch|p2a: Indeedee|Indeedee-F, L50, F|100/100
|switch|p2b: Hatterene|Hatterene, L50, F|100/100
|-ability|p1b: Incineroar|Intimidate|boost
|-unboost|p2a: Indeedee|atk|1
|-unboost|p2b: Hatterene|atk|1
|-fieldstart|move: Psychic Terrain|[from] ability: Psychic Surge|[of] p2a: Indeedee
|-enditem|p2a: Indeedee|Psychic Seed
|-boost|p2a: Indeedee|spd|1|[from] item: Psychic Seed
|-ability|p1a: Porygon2|Download|boost
|-boost|p1a: Porygon2|atk|1
|turn|1
|
|t:|1756417423
|move|p1b: Incineroar|Knock Off|p2b: Hatterene
|-crit|p2b: Hatterene
|-damage|p2b: Hatterene|11/100
|-enditem|p2b: Hatterene|Life Orb|[from] move: Knock Off|[of] p1b: Incineroar
|move|p1a: Porygon2|Tera Blast|p2b: Hatterene
|-damage|p2b: Hatterene|0 fnt
|faint|p2b: Hatterene
|move|p2a: Indeedee|Trick Room|p2a: Indeedee
|-fieldstart|move: Trick Room|[of] p2a: Indeedee
|
|upkeep
|
|t:|1756417433
|switch|p2b: Torkoal|Torkoal, L50, M|100/100
|-weather|SunnyDay|[from] ability: Drought|[of] p2b: Torkoal
|turn|2
|
|t:|1756417452
|-terastallize|p2b: Torkoal|Fire
|move|p2a: Indeedee|Helping Hand|p2b: Torkoal
|-singleturn|p2b: Torkoal|Helping Hand|[of] p2a: Indeedee
|move|p2b: Torkoal|Eruption|p1b: Incineroar|[spread] p1a,p1b
|-resisted|p1b: Incineroar
|-damage|p1a: Porygon2|0 fnt
|-damage|p1b: Incineroar|13/100
|faint|p1a: Porygon2
|move|p1b: Incineroar|Parting Shot|p2b: Torkoal
|-unboost|p2b: Torkoal|atk|1
|-unboost|p2b: Torkoal|spa|1
|
|t:|1756417465
|switch|p1b: Torkoal|Torkoal, L50, M|100/100|[from] Parting Shot
|
|-weather|SunnyDay|[upkeep]
|upkeep
|
|t:|1756417473
|switch|p1a: Ursaluna|Ursaluna, L50, F|100/100
|turn|3
|
|t:|1756417483
|-terastallize|p1b: Torkoal|Fire
|move|p2a: Indeedee|Helping Hand|p2b: Torkoal
|-singleturn|p2b: Torkoal|Helping Hand|[of] p2a: Indeedee
|move|p1a: Ursaluna|Protect|p1a: Ursaluna
|-singleturn|p1a: Ursaluna|Protect
|move|p1b: Torkoal|Eruption|p2b: Torkoal|[spread] p2a,p2b
|-resisted|p2b: Torkoal
|-damage|p2a: Indeedee|36/100
|-damage|p2b: Torkoal|39/100
|move|p2b: Torkoal|Eruption|p1b: Torkoal|[spread] p1b
|-activate|p1a: Ursaluna|move: Protect
|-resisted|p1b: Torkoal
|-damage|p1b: Torkoal|73/100
|
|-weather|SunnyDay|[upkeep]
|-status|p1a: Ursaluna|brn|[from] item: Flame Orb
|upkeep
|turn|4
|c|â˜†onescoopmann|I ALWAYS lose these speed ties
|inactive|rasaighul has 30 seconds left.
|
|t:|1756417510
|switch|p1a: Incineroar|Incineroar, L50, M|13/100
|-ability|p1a: Incineroar|Intimidate|boost
|-unboost|p2a: Indeedee|atk|1
|-unboost|p2b: Torkoal|atk|1
|move|p2a: Indeedee|Helping Hand|p2b: Torkoal
|-singleturn|p2b: Torkoal|Helping Hand|[of] p2a: Indeedee
|move|p1b: Torkoal|Overheat|p2b: Torkoal
|-resisted|p2b: Torkoal
|-damage|p2b: Torkoal|0 fnt
|-unboost|p1b: Torkoal|spa|2
|faint|p2b: Torkoal
|-enditem|p1b: Torkoal|Eject Pack
|c|â˜†onescoopmann|jeez
|
|t:|1756417523
|switch|p1b: Ursaluna|Ursaluna, L50, F|100/100 brn
|
|-weather|SunnyDay|[upkeep]
|-damage|p1b: Ursaluna|95/100 brn|[from] brn
|upkeep
|
|t:|1756417531
|switch|p2b: Gallade|Gallade, L50, M|100/100
|turn|5
|
|t:|1756417539
|move|p2a: Indeedee|Follow Me|p2a: Indeedee
|-singleturn|p2a: Indeedee|move: Follow Me
|move|p2b: Gallade|Sacred Sword|p1a: Incineroar
|-supereffective|p1a: Incineroar
|-damage|p1a: Incineroar|0 fnt
|faint|p1a: Incineroar
|move|p1b: Ursaluna|Headlong Rush|p2a: Indeedee
|-damage|p2a: Indeedee|0 fnt
|-unboost|p1b: Ursaluna|def|1
|-unboost|p1b: Ursaluna|spd|1
|faint|p2a: Indeedee
|
|-weather|SunnyDay|[upkeep]
|-damage|p1b: Ursaluna|89/100 brn|[from] brn
|-fieldend|move: Trick Room
|-fieldend|move: Psychic Terrain
|upkeep
|
|t:|1756417545
|switch|p1a: Torkoal|Torkoal, L50, M, tera:Fire|73/100
|turn|6
|
|t:|1756417563
|move|p1b: Ursaluna|Facade|p2b: Gallade
|-damage|p2b: Gallade|0 fnt
|faint|p2b: Gallade
|
|win|rasaighul
||onescoopmann is ready for game 2.
|inactive|rasaighul has 30 seconds to confirm battle start!
||rasaighul is ready for game 2.
|uhtml|next|Next: Game 2 of 3
