|j|☆Lab01JNEST
|j|☆bonomia
|html|Lab01JNESTbonomia    
|uhtml|bestof|Game 1 of a best-of-3
|t:|1757713640
|gametype|doubles
|player|p1|Lab01JNEST|266|1327
|player|p2|bonomia|tourist|1539
|gen|9
|tier|[Gen 9] VGC 2025 Reg H (Bo3)
|rated|
|rule|Species Clause: Limit one of each Pokémon
|rule|Item Clause: Limit 1 of each item
|clearpoke
|poke|p1|Tyranitar, L50, F|
|poke|p1|Garchomp, L50, M|
|poke|p1|Sinistcha, L50|
|poke|p1|Dragonite, L50, M|
|poke|p1|Corviknight, L50, M|
|poke|p1|Volcarona, L50, F|
|poke|p2|Dragonite, L50, M|
|poke|p2|Magmar, L50, F|
|poke|p2|Annihilape, L50, F|
|poke|p2|Kingambit, L50, F|
|poke|p2|Ninetales-Alola, L50, F|
|poke|p2|Dondozo, L50, M|
|teampreview|4
|showteam|p1|Tyranitar||AssaultVest|SandStream|RockSlide,KnockOff,TeraBlast,LowKick|||F|||50|,,,,,Flying]Garchomp||LifeOrb|RoughSkin|Protect,DragonClaw,StompingTantrum,Earthquake|||M|||50|,,,,,Ground]Sinistcha||RockyHelmet|Hospitality|MatchaGotcha,LifeDew,TrickRoom,RagePowder||||||50|,,,,,Dark]Dragonite||ChoiceBand|InnerFocus|Outrage,ExtremeSpeed,IceSpinner,AerialAce|||M|||50|,,,,,Normal]Corviknight||SitrusBerry|MirrorArmor|Tailwind,BulkUp,Roost,BraveBird|||M|||50|,,,,,Dragon]Volcarona||Leftovers|FlameBody|FieryDance,GigaDrain,QuiverDance,Protect|||F|||50|,,,,,Dragon
|showteam|p2|Dragonite||LoadedDice|Multiscale|Protect,ScaleShot,ExtremeSpeed,Haze|||M|||50|,,,,,Fairy]Magmar||Eviolite|VitalSpirit|Protect,Flamethrower,FollowMe,WillOWisp|||F|||50|,,,,,Fairy]Annihilape||SafetyGoggles|Defiant|CloseCombat,RageFist,FinalGambit,Coaching|||F|||50|,,,,,Fire]Kingambit||AssaultVest|Defiant|KowtowCleave,IronHead,SuckerPunch,TeraBlast|||F|||50|,,,,,Flying]Ninetales-Alola||FocusSash|SnowWarning|Blizzard,AuroraVeil,Encore,FreezeDry|||F|||50|,,,,,Ghost]Dondozo||Leftovers|Unaware|Protect,Liquidation,Yawn,Fissure|||M|||50|,,,,,Grass
|inactive|Battle timer is ON: inactive players will automatically lose when time's up. (requested by Lab01JNEST)
|inactive|bonomia has 60 seconds left.
|
|t:|1757713700
|teamsize|p1|4
|teamsize|p2|4
|start
|switch|p1a: Garchomp|Garchomp, L50, M|100/100
|switch|p1b: Corviknight|Corviknight, L50, M|100/100
|switch|p2a: Dragonite|Dragonite, L50, M|100/100
|switch|p2b: Annihilape|Annihilape, L50, F|100/100
|turn|1
|inactive|bonomia has 30 seconds left.
|
|t:|1757713728
|-terastallize|p2a: Dragonite|Fairy
|move|p1a: Garchomp|Protect|p1a: Garchomp
|-singleturn|p1a: Garchomp|Protect
|move|p2b: Annihilape|Coaching|p2a: Dragonite
|-boost|p2a: Dragonite|atk|1
|-boost|p2a: Dragonite|def|1
|move|p2a: Dragonite|Scale Shot|p1a: Garchomp
|-activate|p1a: Garchomp|move: Protect
|move|p1b: Corviknight|Tailwind|p1b: Corviknight
|-sidestart|p1: Lab01JNEST|move: Tailwind
|
|upkeep
|turn|2
|
|t:|1757713743
|switch|p2b: Dondozo|Dondozo, L50, M|100/100
|-terastallize|p1a: Garchomp|Ground
|move|p1a: Garchomp|Earthquake|p2b: Dondozo|[spread] p2a,p2b
|-immune|p1b: Corviknight
|-damage|p2a: Dragonite|75/100
|-damage|p2b: Dondozo|59/100
|-damage|p1a: Garchomp|91/100|[from] item: Life Orb
|move|p1b: Corviknight|Brave Bird|p2a: Dragonite
|-damage|p2a: Dragonite|42/100
|-damage|p1b: Corviknight|92/100|[from] Recoil
|move|p2a: Dragonite|Scale Shot|p1a: Garchomp
|-damage|p1a: Garchomp|67/100
|-damage|p1a: Garchomp|44/100
|-damage|p1a: Garchomp|20/100
|-damage|p1a: Garchomp|0 fnt
|faint|p1a: Garchomp
|-hitcount|p1: Garchomp|4
|-unboost|p2a: Dragonite|def|1
|-boost|p2a: Dragonite|spe|1
|
|-heal|p2b: Dondozo|65/100|[from] item: Leftovers
|upkeep
|
|t:|1757713752
|switch|p1a: Dragonite|Dragonite, L50, M|100/100
|turn|3
|
|t:|1757713762
|move|p2a: Dragonite|Protect|p2a: Dragonite
|-singleturn|p2a: Dragonite|Protect
|move|p2b: Dondozo|Protect|p2b: Dondozo
|-singleturn|p2b: Dondozo|Protect
|move|p1a: Dragonite|Extreme Speed|p2a: Dragonite
|-activate|p2a: Dragonite|move: Protect
|move|p1b: Corviknight|Brave Bird|p2a: Dragonite
|-activate|p2a: Dragonite|move: Protect
|
|-heal|p2b: Dondozo|71/100|[from] item: Leftovers
|upkeep
|turn|4
|
|t:|1757713785
|move|p1a: Dragonite|Extreme Speed|p2a: Dragonite
|-damage|p2a: Dragonite|0 fnt
|faint|p2a: Dragonite
|move|p1b: Corviknight|Brave Bird|p2b: Dondozo
|-damage|p2b: Dondozo|47/100
|-damage|p1b: Corviknight|82/100|[from] Recoil
|move|p2b: Dondozo|Yawn|p1b: Corviknight
|-start|p1b: Corviknight|move: Yawn|[of] p2b: Dondozo
|
|-heal|p2b: Dondozo|54/100|[from] item: Leftovers
|-sideend|p1: Lab01JNEST|move: Tailwind
|upkeep
|
|t:|1757713796
|switch|p2a: Ninetales|Ninetales-Alola, L50, F|100/100
|-weather|Snowscape|[from] ability: Snow Warning|[of] p2a: Ninetales
|turn|5
|
|t:|1757713803
|switch|p1b: Tyranitar|Tyranitar, L50, F|100/100
|-weather|Sandstorm|[from] ability: Sand Stream|[of] p1b: Tyranitar
|move|p1a: Dragonite|Extreme Speed|p2a: Ninetales
|-damage|p2a: Ninetales|27/100
|move|p2a: Ninetales|Blizzard|p1a: Dragonite|[spread] p1a,p1b
|-supereffective|p1a: Dragonite
|-damage|p1a: Dragonite|0 fnt
|-damage|p1b: Tyranitar|87/100
|faint|p1a: Dragonite
|move|p2b: Dondozo|Liquidation|p1b: Tyranitar
|-supereffective|p1b: Tyranitar
|-damage|p1b: Tyranitar|34/100
|
|-weather|Sandstorm|[upkeep]
|-damage|p2a: Ninetales|21/100|[from] Sandstorm
|-damage|p2b: Dondozo|47/100|[from] Sandstorm
|-heal|p2b: Dondozo|54/100|[from] item: Leftovers
|upkeep
|
|t:|1757713810
|switch|p1a: Corviknight|Corviknight, L50, M|82/100
|turn|6
|-message|Lab01JNEST forfeited.
|
|win|bonomia
