|j|☆manikman
|j|☆Mclovingods
|html|manikmanMclovingods    
|uhtml|bestof|Game 2 of a best-of-3
|t:|1782591486
|gametype|doubles
|player|p1|manikman|steven|1259
|player|p2|Mclovingods|169|1167
|gen|9
|tier|[Gen 9 Champions] VGC 2026 Reg M-B (Bo3)
|rated|
|rule|Species Clause: Limit one of each Pokémon
|rule|Item Clause: Limit 1 of each item
|clearpoke
|poke|p1|Sceptile, L50, M|
|poke|p1|Rotom-Heat, L50|
|poke|p1|Basculegion, L50, M|
|poke|p1|Aerodactyl, L50, M|
|poke|p1|Garchomp, L50, M|
|poke|p1|Floette-Eternal, L50, F|
|poke|p2|Delphox, L50, F|
|poke|p2|Basculegion, L50, M|
|poke|p2|Sinistcha, L50|
|poke|p2|Incineroar, L50, F|
|poke|p2|Garchomp, L50, M|
|poke|p2|Staraptor, L50, M|
|teampreview|4
|showteam|p1|Sceptile||Sceptilite|Overgrow|GrassKnot,DragonPulse,EarthPower,Detect|Timid||M|||50|]Rotom-Heat||ChoiceScarf|Levitate|Thunderbolt,Overheat,VoltSwitch,Discharge|Timid|||||50|]Basculegion||SitrusBerry|Adaptability|WaveCrash,LastRespects,AquaJet,Protect|Adamant||M|||50|]Aerodactyl||FocusSash|Unnerve|RockSlide,DualWingbeat,Tailwind,WideGuard|Jolly||M|||50|]Garchomp||LifeOrb|RoughSkin|DragonClaw,Earthquake,RockSlide,Protect|Jolly||M|||50|]Floette-Eternal||Floettite|FlowerVeil|Moonblast,DazzlingGleam,LightofRuin,Protect|Timid||F|||50|
|showteam|p2|Delphox||Delphoxite|Blaze|NastyPlot,HeatWave,Psychic,Protect|Timid||F|||50|]Basculegion||MysticWater|Adaptability|WaveCrash,AquaJet,LastRespects,Protect|Jolly||M|||50|]Sinistcha||CobaBerry|Hospitality|MatchaGotcha,RagePowder,LifeDew,TrickRoom|Calm|||||50|]Incineroar||SitrusBerry|Intimidate|FakeOut,PartingShot,FlareBlitz,DarkestLariat|Careful||F|||50|]Garchomp||LifeOrb|RoughSkin|Earthquake,DragonClaw,RockSlide,Protect|Jolly||M|||50|]Staraptor||Staraptite|Intimidate|CloseCombat,BraveBird,Protect,Roost|Jolly||M|||50|
|inactive|Battle timer is ON: inactive players will automatically lose when time's up. (requested by manikman)
|inactive|manikman has 60 seconds left.
|
|t:|1782591544
|teamsize|p1|4
|teamsize|p2|4
|start
|switch|p1a: Sceptile|Sceptile, L50, M|100/100
|switch|p1b: Rotom|Rotom-Heat, L50|100/100
|switch|p2a: Delphox|Delphox, L50, F|100/100
|switch|p2b: Incineroar|Incineroar, L50, F|100/100
|-ability|p2b: Incineroar|Intimidate|boost
|-unboost|p1a: Sceptile|atk|1
|-unboost|p1b: Rotom|atk|1
|turn|1
|
|t:|1782591569
|detailschange|p1a: Sceptile|Sceptile-Mega, L50, M
|-mega|p1a: Sceptile|Sceptile|Sceptilite
|detailschange|p2a: Delphox|Delphox-Mega, L50, F
|-mega|p2a: Delphox|Delphox|Delphoxite
|move|p2b: Incineroar|Fake Out|p1b: Rotom
|-damage|p1b: Rotom|85/100
|cant|p1b: Rotom|flinch
|move|p1a: Sceptile|Earth Power|p2b: Incineroar
|-supereffective|p2b: Incineroar|1
|-damage|p2b: Incineroar|52/100
|move|p2a: Delphox|Nasty Plot|p2a: Delphox
|-boost|p2a: Delphox|spa|2
|
|upkeep
|turn|2
|
|t:|1782591589
|switch|p2b: Sinistcha|Sinistcha, L50|100/100
|move|p1a: Sceptile|Detect|p1a: Sceptile
|-singleturn|p1a: Sceptile|Protect
|move|p2a: Delphox|Protect|p2a: Delphox
|-singleturn|p2a: Delphox|Protect
|move|p1b: Rotom|Discharge|p2b: Sinistcha|[spread] p2b
|-activate|p1a: Sceptile|move: Protect
|-activate|p2a: Delphox|move: Protect
|-resisted|p2b: Sinistcha|1
|-damage|p2b: Sinistcha|89/100
|-status|p2b: Sinistcha|par
|
|upkeep
|turn|3
|
|t:|1782591611
|move|p2b: Sinistcha|Rage Powder|p2b: Sinistcha
|-singleturn|p2b: Sinistcha|move: Rage Powder
|move|p1b: Rotom|Discharge|p2a: Delphox|[spread] p2a,p2b
|-ability|p1a: Sceptile|Lightning Rod|boost
|-boost|p1a: Sceptile|spa|1
|-resisted|p2b: Sinistcha|1
|-damage|p2a: Delphox|74/100
|-damage|p2b: Sinistcha|76/100 par
|-status|p2a: Delphox|par
|move|p1a: Sceptile|Dragon Pulse|p2b: Sinistcha
|-damage|p2b: Sinistcha|11/100 par
|move|p2a: Delphox|Psychic|p1b: Rotom
|-damage|p1b: Rotom|0 fnt
|faint|p1b: Rotom
|
|upkeep
|
|t:|1782591632
|switch|p1b: Aerodactyl|Aerodactyl, L50, M|100/100
|-ability|p1b: Aerodactyl|Unnerve
|turn|4
|
|t:|1782591639
|switch|p2b: Incineroar|Incineroar, L50, F|52/100
|-ability|p2b: Incineroar|Intimidate|boost
|-unboost|p1a: Sceptile|atk|1
|-unboost|p1b: Aerodactyl|atk|1
|move|p2a: Delphox|Protect|p2a: Delphox
|-singleturn|p2a: Delphox|Protect
|move|p1a: Sceptile|Dragon Pulse|p2a: Delphox
|-activate|p2a: Delphox|move: Protect
|move|p1b: Aerodactyl|Rock Slide|p2b: Incineroar|[spread] p2b
|-activate|p2a: Delphox|move: Protect
|-supereffective|p2b: Incineroar|1
|-damage|p2b: Incineroar|19/100
|
|upkeep
|turn|5
|inactive|manikman has 30 seconds left.
|
|t:|1782591670
|move|p2b: Incineroar|Fake Out|p1a: Sceptile
|-damage|p1a: Sceptile|82/100
|cant|p1a: Sceptile|flinch
|move|p1b: Aerodactyl|Rock Slide|p2b: Incineroar|[spread] p2a,p2b
|-supereffective|p2a: Delphox|1
|-supereffective|p2b: Incineroar|1
|-damage|p2a: Delphox|23/100 par
|-damage|p2b: Incineroar|0 fnt
|faint|p2b: Incineroar
|cant|p2a: Delphox|flinch
|
|upkeep
|
|t:|1782591681
|switch|p2b: Sinistcha|Sinistcha, L50|11/100 par
|-heal|p2a: Delphox|48/100 par|[from] ability: Hospitality|[of] p2b: Sinistcha
|turn|6
|
|t:|1782591687
|move|p2a: Delphox|Protect|p2a: Delphox
|-singleturn|p2a: Delphox|Protect
|move|p1a: Sceptile|Dragon Pulse|p2a: Delphox
|-activate|p2a: Delphox|move: Protect
|move|p1b: Aerodactyl|Rock Slide|p2b: Sinistcha|[spread] p2b
|-activate|p2a: Delphox|move: Protect
|-damage|p2b: Sinistcha|0 fnt
|faint|p2b: Sinistcha
|
|upkeep
|
|t:|1782591691
|switch|p2b: Basculegion|Basculegion, L50, M|100/100
|turn|7
|
|t:|1782591703
|move|p1a: Sceptile|Dragon Pulse|p2b: Basculegion
|-damage|p2b: Basculegion|13/100
|move|p1b: Aerodactyl|Rock Slide|p2b: Basculegion|[spread] p2a,p2b
|-supereffective|p2a: Delphox|1
|-crit|p2b: Basculegion
|-damage|p2a: Delphox|1/100 par
|-damage|p2b: Basculegion|0 fnt
|faint|p2b: Basculegion
|cant|p2a: Delphox|flinch
|
|upkeep
|turn|8
|-message|Mclovingods forfeited.
|
|win|manikman
|raw|manikman's rating: 1259 → 1278(+19 for winning)
|raw|Mclovingods's rating: 1167 → 1148(-19 for losing)
