|j|☆ryanpowneyissoslay
|j|☆arthur.ayms
|html|ryanpowneyissoslayarthur.ayms    
|uhtml|bestof|Game 2 of a best-of-3
|t:|1757855264
|gametype|doubles
|player|p1|ryanpowneyissoslay|ghetsis|1219
|player|p2|arthur.ayms|2|1274
|gen|9
|tier|[Gen 9] VGC 2025 Reg H (Bo3)
|rated|
|rule|Species Clause: Limit one of each Pokémon
|rule|Item Clause: Limit 1 of each item
|clearpoke
|poke|p1|Weezing, L50, F|
|poke|p1|Dragapult, L50, M|
|poke|p1|Ursaluna-Bloodmoon, L50, M|
|poke|p1|Annihilape, L50, M|
|poke|p1|Dragonite, L50, M|
|poke|p1|Incineroar, L50, M|
|poke|p2|Ursaluna-Bloodmoon, L50, M|
|poke|p2|Indeedee, L50, M|
|poke|p2|Decidueye-Hisui, L50, F|
|poke|p2|Talonflame, L50, M|
|poke|p2|Sneasler, L50, F|
|poke|p2|Electabuzz, L50, M|
|teampreview|4
|showteam|p1|Weezing||CovertCloak|NeutralizingGas|GunkShot,ToxicSpikes,Protect,Taunt|||F|||50|,,,,,Water]Dragapult||ChoiceBand|ClearBody|DragonDarts,TeraBlast,PhantomForce,Uturn|||M|||50|,,,,,Ghost]Ursaluna-Bloodmoon||AssaultVest|MindsEye|BloodMoon,EarthPower,HyperVoice,VacuumWave|||M|||50|,,,,,Normal]Annihilape||FocusSash|Defiant|CloseCombat,RageFist,Coaching,FinalGambit|||M|||50|,,,,,Water]Dragonite||LoadedDice|Multiscale|ScaleShot,Tailwind,ExtremeSpeed,Protect|||M|||50|,,,,,Normal]Incineroar||AbilityShield|Intimidate|KnockOff,FlareBlitz,PartingShot,FakeOut|||M|||50|,,,,,Grass
|showteam|p2|Ursaluna-Bloodmoon||LifeOrb|MindsEye|HyperVoice,EarthPower,BloodMoon,Protect|||M|||50|,,,,,Normal]Indeedee||FocusSash|PsychicSurge|ExpandingForce,Imprison,TrickRoom,DazzlingGleam|||M|||50|,,,,,Fairy]Decidueye-Hisui||RazorClaw|Scrappy|TripleArrows,LeafBlade,Haze,Protect|||F|||50|,,,,,Fire]Talonflame||CovertCloak|GaleWings|Tailwind,DualWingbeat,FlareBlitz,SunnyDay|||M|||50|,,,,,Steel]Sneasler||PsychicSeed|Unburden|ThroatChop,DireClaw,CloseCombat,Protect|||F|||50|,,,,,Dark]Electabuzz||Eviolite|VitalSpirit|FollowMe,Electroweb,Taunt,LightScreen|||M|||50|,,,,,Ghost
|inactive|Battle timer is ON: inactive players will automatically lose when time's up. (requested by ryanpowneyissoslay)
|inactive|arthur.ayms has 60 seconds left.
|
|t:|1757855297
|teamsize|p1|4
|teamsize|p2|4
|start
|switch|p1a: Dragonite|Dragonite, L50, M|100/100
|switch|p1b: Incineroar|Incineroar, L50, M|100/100
|switch|p2a: Talonflame|Talonflame, L50, M|100/100
|switch|p2b: Indeedee|Indeedee, L50, M|100/100
|-fieldstart|move: Psychic Terrain|[from] ability: Psychic Surge|[of] p2b: Indeedee
|-ability|p1b: Incineroar|Intimidate|boost
|-unboost|p2a: Talonflame|atk|1
|-unboost|p2b: Indeedee|atk|1
|turn|1
|inactive|arthur.ayms has 30 seconds left.
|
|t:|1757855325
|switch|p2a: Electabuzz|Electabuzz, L50, M|100/100
|-terastallize|p2b: Indeedee|Fairy
|move|p2b: Indeedee|Dazzling Gleam|p1a: Dragonite|[spread] p1a,p1b
|-supereffective|p1a: Dragonite
|-damage|p1a: Dragonite|66/100
|-damage|p1b: Incineroar|70/100
|move|p1a: Dragonite|Scale Shot|p2b: Indeedee
|-immune|p2b: Indeedee
|move|p1b: Incineroar|Parting Shot|p2a: Electabuzz
|-unboost|p2a: Electabuzz|atk|1
|-unboost|p2a: Electabuzz|spa|1
|
|t:|1757855332
|switch|p1b: Ursaluna|Ursaluna-Bloodmoon, L50, M|100/100|[from] Parting Shot
|
|upkeep
|turn|2
|inactive|arthur.ayms has 30 seconds left.
|
|t:|1757855370
|switch|p1a: Incineroar|Incineroar, L50, M|70/100
|-ability|p1a: Incineroar|Intimidate|boost
|-unboost|p2a: Electabuzz|atk|1
|-unboost|p2b: Indeedee|atk|1
|move|p2b: Indeedee|Expanding Force|p1b: Ursaluna|[spread] p1b
|-immune|p1a: Incineroar
|-damage|p1b: Ursaluna|67/100
|move|p2a: Electabuzz|Light Screen|p2a: Electabuzz
|-sidestart|p2: arthur.ayms|move: Light Screen
|move|p1b: Ursaluna|Hyper Voice|p2a: Electabuzz|[spread] p2a,p2b
|-damage|p2a: Electabuzz|82/100
|-damage|p2b: Indeedee|67/100
|
|upkeep
|turn|3
|inactive|arthur.ayms has 30 seconds left.
|inactive|ryanpowneyissoslay has 30 seconds left.
|inactive|arthur.ayms has 20 seconds left.
|
|t:|1757855409
|move|p2b: Indeedee|Dazzling Gleam|p1b: Ursaluna|[spread] p1a,p1b
|-damage|p1a: Incineroar|39/100
|-damage|p1b: Ursaluna|48/100
|move|p2a: Electabuzz|Electroweb|p1a: Incineroar|[spread] p1a
|-immune|p1b: Ursaluna
|-damage|p1a: Incineroar|31/100
|-unboost|p1a: Incineroar|spe|1
|move|p1b: Ursaluna|Hyper Voice|p2a: Electabuzz|[spread] p2a,p2b
|-damage|p2a: Electabuzz|64/100
|-damage|p2b: Indeedee|32/100
|move|p1a: Incineroar|Parting Shot|p2b: Indeedee
|-unboost|p2b: Indeedee|atk|1
|-unboost|p2b: Indeedee|spa|1
|
|t:|1757855422
|switch|p1a: Dragonite|Dragonite, L50, M|66/100|[from] Parting Shot
|
|upkeep
|turn|4
|
|t:|1757855443
|switch|p2b: Talonflame|Talonflame, L50, M|100/100
|move|p1a: Dragonite|Tailwind|p1a: Dragonite
|-sidestart|p1: ryanpowneyissoslay|move: Tailwind
|move|p1b: Ursaluna|Hyper Voice|p2b: Talonflame|[spread] p2a,p2b
|-damage|p2a: Electabuzz|48/100
|-damage|p2b: Talonflame|64/100
|move|p2a: Electabuzz|Electroweb|p1a: Dragonite|[spread] p1a
|-immune|p1b: Ursaluna
|-damage|p1a: Dragonite|57/100
|-unboost|p1a: Dragonite|spe|1
|
|upkeep
|turn|5
|
|t:|1757855465
|-terastallize|p1b: Ursaluna|Normal
|move|p1a: Dragonite|Protect|p1a: Dragonite
|-singleturn|p1a: Dragonite|Protect
|move|p2a: Electabuzz|Follow Me|p2a: Electabuzz
|-singleturn|p2a: Electabuzz|move: Follow Me
|move|p2b: Talonflame|Tailwind|p2b: Talonflame
|-sidestart|p2: arthur.ayms|move: Tailwind
|move|p1b: Ursaluna|Hyper Voice|p2a: Electabuzz|[spread] p2a,p2b
|-damage|p2a: Electabuzz|26/100
|-damage|p2b: Talonflame|10/100
|
|-fieldend|move: Psychic Terrain
|upkeep
|turn|6
|inactive|arthur.ayms has 30 seconds left.
|
|t:|1757855493
|switch|p1a: Incineroar|Incineroar, L50, M|31/100
|-ability|p1a: Incineroar|Intimidate|boost
|-unboost|p2a: Electabuzz|atk|1
|-unboost|p2b: Talonflame|atk|1
|move|p2b: Talonflame|Flare Blitz|p1b: Ursaluna
|-damage|p1b: Ursaluna|25/100
|-damage|p2b: Talonflame|0 fnt|[from] Recoil
|faint|p2b: Talonflame
|move|p2a: Electabuzz|Electroweb|p1b: Ursaluna|[spread] p1a
|-miss|p2a: Electabuzz|p1b: Ursaluna
|-damage|p1a: Incineroar|23/100
|-unboost|p1a: Incineroar|spe|1
|move|p1b: Ursaluna|Hyper Voice|p2a: Electabuzz
|-damage|p2a: Electabuzz|0 fnt
|faint|p2a: Electabuzz
|
|-sideend|p2: arthur.ayms|move: Light Screen
|upkeep
|
|t:|1757855510
|switch|p2b: Ursaluna|Ursaluna-Bloodmoon, L50, M|100/100
|switch|p2a: Indeedee|Indeedee, L50, M, tera:Fairy|32/100
|-fieldstart|move: Psychic Terrain|[from] ability: Psychic Surge|[of] p2a: Indeedee
|turn|7
|
|t:|1757855526
|move|p2a: Indeedee|Dazzling Gleam|p1a: Incineroar|[spread] p1a,p1b
|-damage|p1a: Incineroar|0 fnt
|-damage|p1b: Ursaluna|5/100
|faint|p1a: Incineroar
|move|p2b: Ursaluna|Hyper Voice|p1b: Ursaluna
|-damage|p1b: Ursaluna|0 fnt
|faint|p1b: Ursaluna
|-damage|p2b: Ursaluna|91/100|[from] item: Life Orb
|
|-sideend|p1: ryanpowneyissoslay|move: Tailwind
|upkeep
|
|t:|1757855533
|switch|p1a: Annihilape|Annihilape, L50, M|100/100
|switch|p1b: Dragonite|Dragonite, L50, M|57/100
|turn|8
|
|t:|1757855552
|move|p2a: Indeedee|Expanding Force|p1b: Dragonite|[spread] p1a,p1b
|-supereffective|p1a: Annihilape
|-crit|p1b: Dragonite
|-enditem|p1a: Annihilape|Focus Sash
|-damage|p1a: Annihilape|1/100
|-damage|p1b: Dragonite|0 fnt
|faint|p1b: Dragonite
|move|p2b: Ursaluna|Hyper Voice|p1a: Annihilape
|-damage|p1a: Annihilape|0 fnt
|faint|p1a: Annihilape
|-damage|p2b: Ursaluna|81/100|[from] item: Life Orb
|
|win|arthur.ayms
||ryanpowneyissoslay is ready for game 3.
|inactive|arthur.ayms has 30 seconds to confirm battle start!
||arthur.ayms is ready for game 3.
|uhtml|next|Next: Game 3 of 3
