|j|☆wade connects
|j|☆Sheeshshane925
|html|wade connectsSheeshshane925    
|uhtml|bestof|Game 1 of a best-of-3
|t:|1757909863
|gametype|doubles
|player|p1|wade connects|266|1197
|player|p2|Sheeshshane925|bruno|1239
|gen|9
|tier|[Gen 9] VGC 2025 Reg H (Bo3)
|rated|
|rule|Species Clause: Limit one of each Pokémon
|rule|Item Clause: Limit 1 of each item
|clearpoke
|poke|p1|Malamar, L50, M|
|poke|p1|Indeedee-F, L50, F|
|poke|p1|Hatterene, L50, F|
|poke|p1|Torkoal, L50, F|
|poke|p1|Ursaluna, L50, F|
|poke|p1|Lilligant-Hisui, L50, F|
|poke|p2|Archaludon, L50, F|
|poke|p2|Pelipper, L50, M|
|poke|p2|Ursaluna, L50, M|
|poke|p2|Porygon2, L50|
|poke|p2|Grimmsnarl, L50, M|
|poke|p2|Primarina, L50, F|
|teampreview|4
|showteam|p1|Malamar||SafetyGoggles|Contrary|Protect,TrickRoom,Superpower,KnockOff|||M|||50|,,,,,Water]Indeedee-F||PsychicSeed|PsychicSurge|Protect,HelpingHand,FollowMe,TrickRoom|||F|||50|,,,,,Grass]Hatterene||LifeOrb|MagicBounce|Protect,TrickRoom,ExpandingForce,DazzlingGleam|||F|||50|,,,,,Water]Torkoal||Charcoal|Drought|Protect,Overheat,Eruption,HeatWave|||F|||50|,,,,,Fire]Ursaluna||FlameOrb|Guts|Protect,Facade,HeadlongRush,SwordsDance|||F|||50|,,,,,Ghost]Lilligant-Hisui||FocusSash|Chlorophyll|AfterYou,SleepPowder,LeafBlade,CloseCombat|||F|||50|,,,,,Ghost
|showteam|p2|Archaludon||Leftovers|Stamina|ElectroShot,Protect,DragonPulse,BodyPress|||F|||50|,,,,,Bug]Pelipper||FocusSash|Drizzle|Hurricane,WeatherBall,WideGuard,Tailwind|||M|||50|,,,,,Grass]Ursaluna||FlameOrb|Guts|Earthquake,HeadlongRush,Protect,Facade|||M|||50|,,,,,Ghost]Porygon2||Eviolite|Download|IceBeam,Thunderbolt,Recover,TrickRoom||||||50|,,,,,Ghost]Grimmsnarl||LightClay|Prankster|Reflect,Taunt,LightScreen,SpiritBreak|||M|||50|,,,,,Ghost]Primarina||LifeOrb|LiquidVoice|HyperVoice,Moonblast,Haze,Protect|||F|||50|,,,,,Water
|
|t:|1757909901
|teamsize|p1|4
|teamsize|p2|4
|start
|switch|p1a: Lilligant|Lilligant-Hisui, L50, F|100/100
|switch|p1b: Torkoal|Torkoal, L50, F|100/100
|switch|p2a: Grimmsnarl|Grimmsnarl, L50, M, shiny|100/100
|switch|p2b: Ursaluna|Ursaluna, L50, M|100/100
|-weather|SunnyDay|[from] ability: Drought|[of] p1b: Torkoal
|turn|1
|
|t:|1757909918
|switch|p1b: Ursaluna|Ursaluna, L50, F, shiny|100/100
|-terastallize|p2b: Ursaluna|Ghost
|move|p2a: Grimmsnarl|Taunt|p1a: Lilligant
|-start|p1a: Lilligant|move: Taunt
|cant|p1a: Lilligant|move: Taunt|Sleep Powder
|move|p2b: Ursaluna|Earthquake|p1a: Lilligant|[spread] p2a,p1a,p1b
|-resisted|p1a: Lilligant
|-damage|p2a: Grimmsnarl|55/100
|-damage|p1a: Lilligant|66/100
|-damage|p1b: Ursaluna|67/100
|
|-weather|SunnyDay|[upkeep]
|-status|p2b: Ursaluna|brn|[from] item: Flame Orb
|-status|p1b: Ursaluna|brn|[from] item: Flame Orb
|upkeep
|turn|2
|
|t:|1757909955
|switch|p1a: Hatterene|Hatterene, L50, F|100/100
|-terastallize|p1b: Ursaluna|Ghost
|move|p2a: Grimmsnarl|Reflect|p2a: Grimmsnarl
|-sidestart|p2: Sheeshshane925|Reflect
|move|p1b: Ursaluna|Facade|p2a: Grimmsnarl
|-damage|p2a: Grimmsnarl|0 fnt
|faint|p2a: Grimmsnarl
|move|p2b: Ursaluna|Facade|p1b: Ursaluna
|-immune|p1b: Ursaluna
|
|-weather|SunnyDay|[upkeep]
|-damage|p1b: Ursaluna|61/100 brn|[from] brn
|-damage|p2b: Ursaluna|94/100 brn|[from] brn
|upkeep
|
|t:|1757909971
|switch|p2a: Pelipper|Pelipper, L50, M, shiny|100/100
|-weather|RainDance|[from] ability: Drizzle|[of] p2a: Pelipper
|turn|3
|
|t:|1757909982
|switch|p1a: Torkoal|Torkoal, L50, F|100/100
|-weather|SunnyDay|[from] ability: Drought|[of] p1a: Torkoal
|move|p2a: Pelipper|Weather Ball|p1a: Torkoal
|-resisted|p1a: Torkoal
|-damage|p1a: Torkoal|70/100
|move|p1b: Ursaluna|Headlong Rush|p2b: Ursaluna
|-damage|p2b: Ursaluna|38/100 brn
|-unboost|p1b: Ursaluna|def|1
|-unboost|p1b: Ursaluna|spd|1
|move|p2b: Ursaluna|Earthquake|p1b: Ursaluna|[spread] p1a,p1b
|-immune|p2a: Pelipper
|-supereffective|p1a: Torkoal
|-damage|p1a: Torkoal|0 fnt
|-damage|p1b: Ursaluna|0 fnt
|faint|p1a: Torkoal
|faint|p1b: Ursaluna
|
|-weather|SunnyDay|[upkeep]
|-damage|p2b: Ursaluna|32/100 brn|[from] brn
|upkeep
|
|t:|1757910002
|switch|p1b: Lilligant|Lilligant-Hisui, L50, F|66/100
|switch|p1a: Hatterene|Hatterene, L50, F|100/100
|turn|4
|
|t:|1757910049
|move|p2b: Ursaluna|Protect|p2b: Ursaluna
|-singleturn|p2b: Ursaluna|Protect
|move|p1b: Lilligant|Sleep Powder|p2a: Pelipper
|-status|p2a: Pelipper|slp|[from] move: Sleep Powder
|cant|p2a: Pelipper|slp
|move|p1a: Hatterene|Trick Room|p1a: Hatterene
|-fieldstart|move: Trick Room|[of] p1a: Hatterene
|
|-weather|SunnyDay|[upkeep]
|-damage|p2b: Ursaluna|25/100 brn|[from] brn
|upkeep
|turn|5
|
|t:|1757910066
|cant|p2a: Pelipper|slp
|move|p1a: Hatterene|Dazzling Gleam|p2b: Ursaluna|[spread] p2a,p2b
|-damage|p2a: Pelipper|25/100 slp
|-damage|p2b: Ursaluna|0 fnt
|faint|p2b: Ursaluna
|-damage|p1a: Hatterene|91/100|[from] item: Life Orb
|move|p1b: Lilligant|Leaf Blade|p2a: Pelipper
|-crit|p2a: Pelipper
|-damage|p2a: Pelipper|0 fnt
|faint|p2a: Pelipper
|
|-weather|SunnyDay|[upkeep]
|upkeep
|
|t:|1757910069
|switch|p2b: Primarina|Primarina, L50, F|100/100
|turn|6
|
|t:|1757910087
|move|p1a: Hatterene|Expanding Force|p2b: Primarina
|-damage|p2b: Primarina|45/100
|-damage|p1a: Hatterene|81/100|[from] item: Life Orb
|move|p2b: Primarina|Hyper Voice|p1a: Hatterene|[spread] p1a,p1b
|-resisted|p1b: Lilligant
|-damage|p1a: Hatterene|55/100
|-damage|p1b: Lilligant|47/100
|-damage|p2b: Primarina|36/100|[from] item: Life Orb
|move|p1b: Lilligant|Sleep Powder|p2b: Primarina
|-status|p2b: Primarina|slp|[from] move: Sleep Powder
|
|-weather|SunnyDay|[upkeep]
|upkeep
|turn|7
|
|t:|1757910111
|move|p1a: Hatterene|Expanding Force|p2b: Primarina
|-damage|p2b: Primarina|0 fnt
|faint|p2b: Primarina
|-damage|p1a: Hatterene|45/100|[from] item: Life Orb
|
|win|wade connects
||Sheeshshane925 is ready for game 2.
|inactive|wade connects has 30 seconds to confirm battle start!
||wade connects is ready for game 2.
|uhtml|next|Next: Game 2 of 3
