|j|☆asher255
|j|☆geoo_4789
|html|asher255geoo_4789    
|uhtml|bestof|Game 2 of a best-of-3
|t:|1783519760
|gametype|doubles
|player|p1|asher255|dawn-masters|
|player|p2|geoo_4789|265|
|gen|9
|tier|[Gen 9 Champions] VGC 2026 Reg M-B (Bo3)
|rule|Species Clause: Limit one of each Pokémon
|rule|Item Clause: Limit 1 of each item
|clearpoke
|poke|p1|Aegislash, L50, F|
|poke|p1|Incineroar, L50, M|
|poke|p1|Whimsicott, L50, M|
|poke|p1|Staraptor, L50, F|
|poke|p1|Rotom-Wash, L50|
|poke|p1|Garchomp, L50, F|
|poke|p2|Sneasler, L50, M|
|poke|p2|Blastoise, L50, M|
|poke|p2|Kingambit, L50, M|
|poke|p2|Incineroar, L50, M|
|poke|p2|Delphox, L50, F|
|poke|p2|Sinistcha, L50|
|teampreview|4
|showteam|p1|Aegislash||Leftovers|StanceChange|Poltergeist,ShadowSneak,SacredSword,KingsShield|Adamant||F|||50|]Incineroar||PasshoBerry|Intimidate|FakeOut,FlareBlitz,PartingShot,WillOWisp|Careful||M|||50|]Whimsicott||FocusSash|Prankster|Tailwind,Encore,Moonblast,Charm|Bold||M|||50|]Staraptor||Staraptite|Intimidate|CloseCombat,Roost,BraveBird,Protect|Jolly||F|||50|]Rotom-Wash||SitrusBerry|Levitate|HydroPump,VoltSwitch,WillOWisp,Protect|Modest|||||50|]Garchomp||ChoiceScarf|RoughSkin|RockSlide,Earthquake,DragonClaw,StompingTantrum|Jolly||F|||50|
|showteam|p2|Sneasler||FocusSash|PoisonTouch|PoisonJab,CloseCombat,FakeOut,QuickGuard|Jolly||M|||50|]Blastoise||Blastoisinite|RainDish|DarkPulse,WaterSpout,ShellSmash,Protect|Modest||M|||50|]Kingambit||BlackGlasses|Defiant|KowtowCleave,SuckerPunch,SwordsDance,Protect|Adamant||M|||50|]Incineroar||SitrusBerry|Intimidate|FlareBlitz,HelpingHand,PartingShot,FakeOut|Careful||M|||50|]Delphox||Delphoxite|Blaze|HeatWave,NastyPlot,Psyshock,Protect|Modest||F|||50|]Sinistcha||KasibBerry|Hospitality|MatchaGotcha,RagePowder,TrickRoom,Protect|Bold|||||50|
|inactive|Battle timer is ON: inactive players will automatically lose when time's up. (requested by asher255)
|
|t:|1783519778
|teamsize|p1|4
|teamsize|p2|4
|start
|switch|p1a: Aegislash|Aegislash, L50, F|100/100
|switch|p1b: Staraptor|Staraptor, L50, F|100/100
|switch|p2a: Incineroar|Incineroar, L50, M|100/100
|switch|p2b: Blastoise|Blastoise, L50, M|100/100
|-ability|p1b: Staraptor|Intimidate|boost
|-unboost|p2a: Incineroar|atk|1
|-unboost|p2b: Blastoise|atk|1
|-ability|p2a: Incineroar|Intimidate|boost
|-unboost|p1a: Aegislash|atk|1
|-unboost|p1b: Staraptor|atk|1
|turn|1
|inactive|geoo_4789 has 30 seconds left.
|inactive|asher255 has 30 seconds left.
|
|t:|1783519811
|switch|p1a: Whimsicott|Whimsicott, L50, M|100/100
|detailschange|p1b: Staraptor|Staraptor-Mega, L50, F
|-mega|p1b: Staraptor|Staraptor|Staraptite
|detailschange|p2b: Blastoise|Blastoise-Mega, L50, M
|-mega|p2b: Blastoise|Blastoise|Blastoisinite
|move|p2a: Incineroar|Fake Out|p1b: Staraptor
|-damage|p1b: Staraptor|92/100
|cant|p1b: Staraptor|flinch
|move|p2b: Blastoise|Dark Pulse|p1a: Whimsicott
|-resisted|p1a: Whimsicott|1
|-damage|p1a: Whimsicott|70/100
|
|upkeep
|turn|2
|c|☆asher255|t1 dark pulse is crazy
|c|☆geoo_4789|LMAOO
|
|t:|1783519832
|move|p1a: Whimsicott|Charm|p1b: Staraptor
|-boost|p1b: Staraptor|atk|2
|move|p1b: Staraptor|Close Combat|p2b: Blastoise
|-damage|p2b: Blastoise|14/100
|-boost|p1b: Staraptor|def|1
|-boost|p1b: Staraptor|spd|1
|move|p2b: Blastoise|Shell Smash|p2b: Blastoise
|-unboost|p2b: Blastoise|def|1
|-unboost|p2b: Blastoise|spd|1
|-boost|p2b: Blastoise|atk|2
|-boost|p2b: Blastoise|spa|2
|-boost|p2b: Blastoise|spe|2
|move|p2a: Incineroar|Flare Blitz|p1a: Whimsicott
|-supereffective|p1a: Whimsicott|1
|-damage|p1a: Whimsicott|18/100
|-damage|p2a: Incineroar|86/100|[from] Recoil
|
|upkeep
|turn|3
|
|t:|1783519856
|move|p2a: Incineroar|Helping Hand|p2b: Blastoise
|-singleturn|p2b: Blastoise|Helping Hand|[of] p2a: Incineroar
|move|p1a: Whimsicott|Tailwind|p1a: Whimsicott
|-sidestart|p1: asher255|move: Tailwind
|move|p1b: Staraptor|Close Combat|p2a: Incineroar
|-supereffective|p2a: Incineroar|1
|-damage|p2a: Incineroar|0 fnt
|-boost|p1b: Staraptor|def|1
|-boost|p1b: Staraptor|spd|1
|faint|p2a: Incineroar
|move|p2b: Blastoise|Dark Pulse|p1b: Staraptor
|-resisted|p1b: Staraptor|1
|-damage|p1b: Staraptor|55/100
|
|upkeep
|c|☆asher255|NOOO I DIDNT READ THE PROTECT
|
|t:|1783519869
|switch|p2a: Sinistcha|Sinistcha, L50|100/100
|-heal|p2b: Blastoise|39/100|[from] ability: Hospitality|[of] p2a: Sinistcha
|turn|4
|c|☆asher255|Okay you didn't even kill
|inactive|asher255 has 30 seconds left.
|
|t:|1783519901
|move|p2a: Sinistcha|Rage Powder|p2a: Sinistcha
|-singleturn|p2a: Sinistcha|move: Rage Powder
|move|p1b: Staraptor|Brave Bird|p2a: Sinistcha
|-supereffective|p2a: Sinistcha|1
|-damage|p2a: Sinistcha|0 fnt
|faint|p2a: Sinistcha
|-damage|p1b: Staraptor|21/100|[from] Recoil
|move|p1a: Whimsicott|Moonblast|p2b: Blastoise
|-damage|p2b: Blastoise|0 fnt
|faint|p2b: Blastoise
|
|upkeep
|c|☆geoo_4789|i hate raptor so much
|
|t:|1783519913
|switch|p2a: Kingambit|Kingambit, L50, M|100/100
|turn|5
|c|☆asher255|!ds haze, all
|c| asher255|/raw Altaria, Arbok, Aurorus, Blastoise, Chandelure, Cofagrigus, Decidueye, Decidueye-Hisui, Dragalge, Dragonite, Empoleon, Froslass, Garbodor, Gengar, Glaceon, Greninja, Mamoswine, Milotic, Mr. Rime, Overqwil, Palafin, Politoed, Primarina, Qwilfish, Runerigus, Slowbro-Galar, Toxapex, Trevenant, Vaporeon
|
|t:|1783519928
|move|p2a: Kingambit|Sucker Punch|p1b: Staraptor
|-resisted|p1b: Staraptor|1
|-crit|p1b: Staraptor
|-damage|p1b: Staraptor|0 fnt
|faint|p1b: Staraptor
|move|p1a: Whimsicott|Moonblast|p2a: Kingambit
|-damage|p2a: Kingambit|79/100
|
|upkeep
|
|t:|1783519932
|switch|p1b: Garchomp|Garchomp, L50, F|100/100
|turn|6
|c|☆geoo_4789|crit baby
|c|☆geoo_4789|lets go
|
|t:|1783519943
|move|p1b: Garchomp|Stomping Tantrum|p2a: Kingambit
|-supereffective|p2a: Kingambit|1
|-damage|p2a: Kingambit|17/100
|move|p1a: Whimsicott|Moonblast|p2a: Kingambit
|-damage|p2a: Kingambit|0 fnt
|faint|p2a: Kingambit
|
|win|asher255
||geoo_4789 is ready for game 3.
||asher255 is ready for game 3.
|uhtml|next|Next: Game 3 of 3
|l|☆asher255
|player|p1|
|j|☆asher255
|player|p1|asher255|dawn-masters|
