|j|☆crimsonkidd
|j|☆okkoso
|html|crimsonkiddokkoso    
|uhtml|bestof|Game 1 of a best-of-3
|t:|1756257293
|gametype|doubles
|player|p1|crimsonkidd|lance|1096
|player|p2|okkoso|waiter-gen4dp|1040
|gen|9
|tier|[Gen 9] VGC 2025 Reg H (Bo3)
|rated|
|rule|Species Clause: Limit one of each Pokémon
|rule|Item Clause: Limit 1 of each item
|clearpoke
|poke|p1|Tyranitar, L50, F|
|poke|p1|Garchomp, L50, F|
|poke|p1|Gyarados, L50, M|
|poke|p1|Amoonguss, L50, M|
|poke|p1|Volcarona, L50, F|
|poke|p1|Kilowattrel, L50, M|
|poke|p2|Incineroar, L50, F|
|poke|p2|Gholdengo, L50|
|poke|p2|Dragonite, L50, F|
|poke|p2|Amoonguss, L50, F|
|poke|p2|Ursaluna-Bloodmoon, L50, M|
|poke|p2|Sneasler, L50, M|
|teampreview|4
|showteam|p1|Tyranitar||AssaultVest|SandStream|KnockOff,RockSlide,TeraBlast,LowKick|||F|||50|,,,,,Flying]Garchomp||LifeOrb|SandVeil|Earthquake,SwordsDance,Protect,DragonClaw|||F|||50|,,,,,Ground]Gyarados||SafetyGoggles|Intimidate|Waterfall,ThunderWave,Taunt,Protect|||M|||50|,,,,,Steel]Amoonguss||SitrusBerry|Regenerator|RagePowder,Spore,PollenPuff,ClearSmog|||M|||50|,,,,,Water]Volcarona||Leftovers|FlameBody|QuiverDance,HeatWave,GigaDrain,Protect|||F|||50|,,,,,Grass]Kilowattrel||FocusSash|Competitive|Thunderbolt,Tailwind,AirSlash,Protect|||M|||50|,,,,,Ghost
|showteam|p2|Incineroar||SafetyGoggles|Intimidate|FlareBlitz,KnockOff,PartingShot,FakeOut|||F|||50|,,,,,Ghost]Gholdengo||LifeOrb|GoodasGold|MakeItRain,ShadowBall,NastyPlot,Protect||||||50|,,,,,Water]Dragonite||LoadedDice|Multiscale|ScaleShot,Tailwind,Haze,Protect|||F|||50|,,,,,Fairy]Amoonguss||SitrusBerry|Regenerator|Spore,RagePowder,PollenPuff,Protect|||F|||50|,,,,,Psychic]Ursaluna-Bloodmoon||AssaultVest|MindsEye|HyperVoice,BloodMoon,EarthPower,VacuumWave|||M|||50|,,,,,Water]Sneasler||FocusSash|Unburden|CloseCombat,DireClaw,ThroatChop,Protect|||M|||50|,,,,,Stellar
|inactive|Battle timer is ON: inactive players will automatically lose when time's up. (requested by crimsonkidd)
|
|t:|1756257340
|teamsize|p1|4
|teamsize|p2|4
|start
|switch|p1a: Garchomp|Garchomp, L50, F|100/100
|switch|p1b: Kilowattrel|Kilowattrel, L50, M|100/100
|switch|p2a: Incineroar|Incineroar, L50, F|100/100
|switch|p2b: Dragonite|Dragonite, L50, F|100/100
|-ability|p2a: Incineroar|Intimidate|boost
|-unboost|p1a: Garchomp|atk|1
|-unboost|p1b: Kilowattrel|atk|1
|-ability|p1b: Kilowattrel|Competitive|boost
|-boost|p1b: Kilowattrel|spa|2
|turn|1
|inactive|crimsonkidd has 30 seconds left.
|
|t:|1756257374
|switch|p1a: Gyarados|Gyarados, L50, M|100/100
|-ability|p1a: Gyarados|Intimidate|boost
|-unboost|p2a: Incineroar|atk|1
|-unboost|p2b: Dragonite|atk|1
|-terastallize|p1b: Kilowattrel|Ghost
|-terastallize|p2b: Dragonite|Fairy
|move|p2a: Incineroar|Fake Out|p1a: Gyarados
|-damage|p1a: Gyarados|93/100
|move|p1b: Kilowattrel|Tailwind|p1b: Kilowattrel
|-sidestart|p1: crimsonkidd|move: Tailwind
|move|p2b: Dragonite|Scale Shot|p1a: Gyarados
|-damage|p1a: Gyarados|82/100
|-damage|p1a: Gyarados|71/100
|-crit|p1a: Gyarados
|-damage|p1a: Gyarados|47/100
|-damage|p1a: Gyarados|35/100
|-damage|p1a: Gyarados|24/100
|-hitcount|p1a: Gyarados|5
|-unboost|p2b: Dragonite|def|1
|-boost|p2b: Dragonite|spe|1
|
|upkeep
|turn|2
|inactive|okkoso has 30 seconds left.
|inactive|okkoso has 20 seconds left.
|
|t:|1756257410
|move|p1b: Kilowattrel|Thunderbolt|p2b: Dragonite
|-damage|p2b: Dragonite|56/100
|move|p1a: Gyarados|Waterfall|p2a: Incineroar
|-supereffective|p2a: Incineroar
|-damage|p2a: Incineroar|26/100
|move|p2b: Dragonite|Scale Shot|p1a: Gyarados
|-damage|p1a: Gyarados|14/100
|-damage|p1a: Gyarados|4/100
|-damage|p1a: Gyarados|0 fnt
|faint|p1a: Gyarados
|-hitcount|p1: Gyarados|3
|-unboost|p2b: Dragonite|def|1
|-boost|p2b: Dragonite|spe|1
|move|p2a: Incineroar|Knock Off|p1b: Kilowattrel
|-supereffective|p1b: Kilowattrel
|-damage|p1b: Kilowattrel|6/100
|-enditem|p1b: Kilowattrel|Focus Sash|[from] move: Knock Off|[of] p2a: Incineroar
|
|upkeep
|
|t:|1756257421
|switch|p1a: Garchomp|Garchomp, L50, F|100/100
|turn|3
|
|t:|1756257440
|switch|p2a: Sneasler|Sneasler, L50, M|100/100
|move|p1b: Kilowattrel|Thunderbolt|p2b: Dragonite
|-damage|p2b: Dragonite|0 fnt
|faint|p2b: Dragonite
|move|p1a: Garchomp|Earthquake|p2a: Sneasler|[spread] p1b,p2a
|-supereffective|p2a: Sneasler
|-damage|p1b: Kilowattrel|0 fnt
|-enditem|p2a: Sneasler|Focus Sash
|-damage|p2a: Sneasler|1/100
|faint|p1b: Kilowattrel
|-damage|p1a: Garchomp|91/100|[from] item: Life Orb
|
|upkeep
|
|t:|1756257456
|switch|p1b: Tyranitar|Tyranitar, L50, F, shiny|100/100
|switch|p2b: Incineroar|Incineroar, L50, F|26/100
|-weather|Sandstorm|[from] ability: Sand Stream|[of] p1b: Tyranitar
|-ability|p2b: Incineroar|Intimidate|boost
|-unboost|p1a: Garchomp|atk|1
|-unboost|p1b: Tyranitar|atk|1
|turn|4
|inactive|crimsonkidd has 30 seconds left.
|
|t:|1756257481
|move|p2a: Sneasler|Protect|p2a: Sneasler
|-singleturn|p2a: Sneasler|Protect
|move|p2b: Incineroar|Fake Out|p1b: Tyranitar
|-resisted|p1b: Tyranitar
|-damage|p1b: Tyranitar|95/100
|move|p1a: Garchomp|Dragon Claw|p2a: Sneasler
|-activate|p2a: Sneasler|move: Protect
|cant|p1b: Tyranitar|flinch
|
|-weather|Sandstorm|[upkeep]
|-damage|p2a: Sneasler|0 fnt|[from] Sandstorm
|faint|p2a: Sneasler
|-sideend|p1: crimsonkidd|move: Tailwind
|upkeep
|
|t:|1756257491
|switch|p2a: Ursaluna|Ursaluna-Bloodmoon, L50, M|100/100
|turn|5
|inactive|crimsonkidd has 30 seconds left.
|inactive|crimsonkidd has 20 seconds left.
|inactive|crimsonkidd has 15 seconds left.
|inactive|crimsonkidd has 10 seconds left.
|
|t:|1756257538
|move|p2a: Ursaluna|Vacuum Wave|p1b: Tyranitar
|-supereffective|p1b: Tyranitar
|-crit|p1b: Tyranitar
|-damage|p1b: Tyranitar|61/100
|move|p1a: Garchomp|Dragon Claw|p2b: Incineroar
|-damage|p2b: Incineroar|0 fnt
|faint|p2b: Incineroar
|-damage|p1a: Garchomp|81/100|[from] item: Life Orb
|move|p1b: Tyranitar|Low Kick|p2a: Ursaluna
|-supereffective|p2a: Ursaluna
|-damage|p2a: Ursaluna|58/100
|
|-weather|Sandstorm|[upkeep]
|upkeep
|turn|6
|
|t:|1756257552
|move|p1a: Garchomp|Dragon Claw|p2a: Ursaluna
|-damage|p2a: Ursaluna|30/100
|-damage|p1a: Garchomp|72/100|[from] item: Life Orb
|move|p1b: Tyranitar|Knock Off|p2a: Ursaluna
|-damage|p2a: Ursaluna|2/100
|-enditem|p2a: Ursaluna|Assault Vest|[from] move: Knock Off|[of] p1b: Tyranitar
|move|p2a: Ursaluna|Hyper Voice|p1a: Garchomp|[spread] p1b
|-miss|p2a: Ursaluna|p1a: Garchomp
|-resisted|p1b: Tyranitar
|-damage|p1b: Tyranitar|54/100
|
|-weather|Sandstorm|[upkeep]
|upkeep
|turn|7
|-message|okkoso forfeited.
|
|win|crimsonkidd
|l|☆okkoso
|player|p2|
||okkoso is ready for game 2.
||crimsonkidd is ready for game 2.
|uhtml|next|Next: Game 2 of 3
