|j|☆aviles0036
|j|☆magic 561
|html|aviles0036magic 561    
|uhtml|bestof|Game 1 of a best-of-3
|t:|1757838688
|gametype|doubles
|player|p1|aviles0036|noland-gen3|1294
|player|p2|magic 561|266|1260
|gen|9
|tier|[Gen 9] VGC 2025 Reg H (Bo3)
|rated|
|rule|Species Clause: Limit one of each Pokémon
|rule|Item Clause: Limit 1 of each item
|clearpoke
|poke|p1|Amoonguss, L50, M|
|poke|p1|Sneasler, L50, F|
|poke|p1|Gholdengo, L50|
|poke|p1|Incineroar, L50, F|
|poke|p1|Ursaluna-Bloodmoon, L50, M|
|poke|p1|Dragonite, L50, M|
|poke|p2|Hydreigon, L50, M|
|poke|p2|Metagross, L50|
|poke|p2|Ninetales-Alola, L50, M|
|poke|p2|Basculegion, L50, M|
|poke|p2|Kilowattrel, L50, F|
|poke|p2|Incineroar, L50, F|
|teampreview|4
|showteam|p1|Amoonguss||SitrusBerry|Regenerator|RagePowder,Spore,PollenPuff,Protect|||M|||50|,,,,,Water]Sneasler||FocusSash|Unburden|Protect,DireClaw,CloseCombat,ThroatChop|||F|||50|,,,,,Stellar]Gholdengo||LifeOrb|GoodasGold|Protect,MakeItRain,ShadowBall,NastyPlot||||||50|,,,,,Water]Incineroar||SafetyGoggles|Intimidate|KnockOff,PartingShot,FlareBlitz,FakeOut|||F|||50|,,,,,Ghost]Ursaluna-Bloodmoon||AssaultVest|MindsEye|BloodMoon,EarthPower,VacuumWave,HyperVoice|||M|||50|,,,,,Water]Dragonite||LoadedDice|Multiscale|ScaleShot,Tailwind,Haze,Protect|||M|||50|,,,,,Fairy
|showteam|p2|Hydreigon||LifeOrb|Levitate|DarkPulse,DracoMeteor,EarthPower,Protect|||M|||50|,,,,,Poison]Metagross||AssaultVest|ClearBody|BulletPunch,HeavySlam,PsychicFangs,HammerArm||||||50|,,,,,Water]Ninetales-Alola||NeverMeltIce|SnowWarning|Moonblast,IcyWind,Blizzard,Protect|||M|||50|,,,,,Ice]Basculegion||ChoiceScarf|Adaptability|WaveCrash,LastRespects,AquaJet,FlipTurn|||M|||50|,,,,,Grass]Kilowattrel||FocusSash|Competitive|Thunderbolt,AirSlash,Tailwind,Protect|||F|||50|,,,,,Ghost]Incineroar||SafetyGoggles|Intimidate|KnockOff,FlareBlitz,PartingShot,FakeOut|||F|||50|,,,,,Ghost
|inactive|Battle timer is ON: inactive players will automatically lose when time's up. (requested by magic 561)
|inactive|magic 561 has 60 seconds left.
|l|☆magic 561
|inactive|magic 561 disconnected and has a minute to reconnect!
|player|p2|
|j|☆magic 561
|inactive|magic 561 reconnected and has 50 seconds left.
|player|p2|magic 561|266|
|inactive|magic 561 has 30 seconds left.
|
|t:|1757838757
|teamsize|p1|4
|teamsize|p2|4
|start
|switch|p1a: Dragonite|Dragonite, L50, M|100/100
|switch|p1b: Sneasler|Sneasler, L50, F|100/100
|switch|p2a: Kilowattrel|Kilowattrel, L50, F|100/100
|switch|p2b: Basculegion|Basculegion, L50, M|100/100
|turn|1
|inactive|magic 561 has 30 seconds left.
|
|t:|1757838790
|move|p1b: Sneasler|Protect|p1b: Sneasler
|-singleturn|p1b: Sneasler|Protect
|move|p2b: Basculegion|Flip Turn|p1a: Dragonite
|-resisted|p1a: Dragonite
|-damage|p1a: Dragonite|88/100
|
|t:|1757838795
|switch|p2b: Ninetales|Ninetales-Alola, L50, M|100/100|[from] Flip Turn
|-weather|Snowscape|[from] ability: Snow Warning|[of] p2b: Ninetales
|move|p2a: Kilowattrel|Tailwind|p2a: Kilowattrel
|-sidestart|p2: magic 561|move: Tailwind
|move|p1a: Dragonite|Scale Shot|p2a: Kilowattrel
|-damage|p2a: Kilowattrel|73/100
|-damage|p2a: Kilowattrel|42/100
|-crit|p2a: Kilowattrel
|-damage|p2a: Kilowattrel|0 fnt
|faint|p2a: Kilowattrel
|-hitcount|p2: Kilowattrel|3
|-unboost|p1a: Dragonite|def|1
|-boost|p1a: Dragonite|spe|1
|
|-weather|Snowscape|[upkeep]
|upkeep
|
|t:|1757838799
|switch|p2a: Metagross|Metagross, L50|100/100
|turn|2
|
|t:|1757838819
|switch|p1a: Incineroar|Incineroar, L50, F|100/100
|-ability|p1a: Incineroar|Intimidate|boost
|-fail|p2a: Metagross|unboost|[from] ability: Clear Body|[of] p2a: Metagross
|-unboost|p2b: Ninetales|atk|1
|move|p2b: Ninetales|Blizzard|p1a: Incineroar|[spread] p1a,p1b
|-resisted|p1a: Incineroar
|-crit|p1b: Sneasler
|-damage|p1a: Incineroar|83/100
|-damage|p1b: Sneasler|24/100
|move|p2a: Metagross|Heavy Slam|p1a: Incineroar
|-resisted|p1a: Incineroar
|-damage|p1a: Incineroar|50/100
|move|p1b: Sneasler|Dire Claw|p2b: Ninetales
|-supereffective|p2b: Ninetales
|-damage|p2b: Ninetales|15/100
|
|-weather|Snowscape|[upkeep]
|upkeep
|turn|3
|inactive|aviles0036 has 30 seconds left.
|inactive|magic 561 has 30 seconds left.
|inactive|aviles0036 has 20 seconds left.
|inactive|aviles0036 has 15 seconds left.
|inactive|aviles0036 has 10 seconds left.
|inactive|aviles0036 has 5 seconds left.
|
|t:|1757838872
|switch|p2b: Basculegion|Basculegion, L50, M|100/100
|-terastallize|p1a: Incineroar|Ghost
|move|p1b: Sneasler|Protect|p1b: Sneasler
|-singleturn|p1b: Sneasler|Protect
|move|p2a: Metagross|Hammer Arm|p1a: Incineroar
|-immune|p1a: Incineroar
|move|p1a: Incineroar|Knock Off|p2b: Basculegion
|-supereffective|p2b: Basculegion
|-damage|p2b: Basculegion|0 fnt
|-enditem|p2b: Basculegion|Choice Scarf|[from] move: Knock Off|[of] p1a: Incineroar
|faint|p2b: Basculegion
|
|-weather|Snowscape|[upkeep]
|upkeep
|
|t:|1757838877
|switch|p2b: Ninetales|Ninetales-Alola, L50, M|15/100
|turn|4
|
|t:|1757838895
|switch|p1b: Dragonite|Dragonite, L50, M|88/100
|move|p2b: Ninetales|Blizzard|p1a: Incineroar|[spread] p1a,p1b
|-crit|p1a: Incineroar
|-supereffective|p1b: Dragonite
|-damage|p1a: Incineroar|0 fnt
|-damage|p1b: Dragonite|0 fnt
|faint|p1a: Incineroar
|faint|p1b: Dragonite
|move|p2a: Metagross|Heavy Slam|p1: Incineroar|[notarget]
|-fail|p2a: Metagross
|
|-weather|Snowscape|[upkeep]
|-sideend|p2: magic 561|move: Tailwind
|upkeep
|
|t:|1757838900
|switch|p1b: Sneasler|Sneasler, L50, F|24/100
|switch|p1a: Ursaluna|Ursaluna-Bloodmoon, L50, M|100/100
|turn|5
|inactive|magic 561 has 30 seconds left.
|
|t:|1757838928
|move|p1b: Sneasler|Protect|p1b: Sneasler
|-singleturn|p1b: Sneasler|Protect
|move|p2a: Metagross|Bullet Punch|p1b: Sneasler
|-activate|p1b: Sneasler|move: Protect
|move|p2b: Ninetales|Blizzard|p1a: Ursaluna|[spread] p1a
|-activate|p1b: Sneasler|move: Protect
|-supereffective|p1a: Ursaluna
|-damage|p1a: Ursaluna|51/100
|move|p1a: Ursaluna|Hyper Voice|p2a: Metagross|[spread] p2a,p2b
|-resisted|p2a: Metagross
|-damage|p2a: Metagross|89/100
|-damage|p2b: Ninetales|0 fnt
|faint|p2b: Ninetales
|
|-weather|none
|upkeep
|turn|6
|inactive|magic 561 has 30 seconds left.
|inactive|aviles0036 has 30 seconds left.
|inactive|magic 561 has 20 seconds left.
|inactive|magic 561 has 15 seconds left.
|
|t:|1757838972
|-terastallize|p2a: Metagross|Water
|move|p2a: Metagross|Bullet Punch|p1b: Sneasler
|-damage|p1b: Sneasler|0 fnt
|faint|p1b: Sneasler
|move|p1a: Ursaluna|Earth Power|p2a: Metagross
|-damage|p2a: Metagross|55/100
|
|upkeep
|turn|7
|
|t:|1757838985
|move|p2a: Metagross|Hammer Arm|p1a: Ursaluna
|-supereffective|p1a: Ursaluna
|-damage|p1a: Ursaluna|0 fnt
|-unboost|p2a: Metagross|spe|1
|faint|p1a: Ursaluna
|
|win|magic 561
||aviles0036 is ready for game 2.
||magic 561 is ready for game 2.
|uhtml|next|Next: Game 2 of 3
|l|☆aviles0036
|player|p1|
