|j|☆fierotto
|j|☆NotThinkingVGC
|html|fierottoNotThinkingVGC    
|uhtml|bestof|Game 1 of a best-of-3
|t:|1784060517
|gametype|doubles
|player|p1|fierotto|266|1154
|player|p2|NotThinkingVGC|volkner|1220
|gen|9
|tier|[Gen 9 Champions] VGC 2026 Reg M-B (Bo3)
|rated|
|rule|Species Clause: Limit one of each Pokémon
|rule|Item Clause: Limit 1 of each item
|clearpoke
|poke|p1|Kingambit, L50, M|
|poke|p1|Basculegion, L50, M|
|poke|p1|Sneasler, L50, M|
|poke|p1|Garchomp, L50, F|
|poke|p1|Sylveon, L50, M|
|poke|p1|Farigiraf, L50, F|
|poke|p2|Tyranitar, L50, M|
|poke|p2|Staraptor, L50, M|
|poke|p2|Excadrill, L50, M|
|poke|p2|Sinistcha, L50|
|poke|p2|Gholdengo, L50|
|poke|p2|Milotic, L50, F|
|teampreview|4
|showteam|p1|Kingambit||BlackGlasses|Defiant|KowtowCleave,SuckerPunch,IronHead,Protect|Adamant||M|||50|]Basculegion||FocusSash|Adaptability|Liquidation,LastRespects,AquaJet,Protect|Adamant||M|||50|]Sneasler||WhiteHerb|Unburden|CloseCombat,DireClaw,Protect,FakeOut|Jolly||M|||50|]Garchomp||SitrusBerry|RoughSkin|StompingTantrum,DragonClaw,RockSlide,Protect|Jolly||F|||50|]Sylveon||FairyFeather|Pixilate|HyperVoice,QuickAttack,HyperBeam,Detect|Quiet||M|||50|]Farigiraf||Leftovers|ArmorTail|TwinBeam,TrickRoom,HelpingHand,RainDance|Sassy||F|||50|
|showteam|p2|Tyranitar||Tyranitarite|SandStream|KnockOff,RockSlide,Protect,LowKick|Adamant||M|||50|]Staraptor||Staraptite|Intimidate|DualWingbeat,CloseCombat,Protect,Tailwind|Jolly||M|||50|]Excadrill||FocusSash|SandRush|HighHorsepower,IronHead,RockSlide,Protect|Adamant||M|||50|]Sinistcha||SitrusBerry|Hospitality|MatchaGotcha,RagePowder,TrickRoom,Protect|Calm|||||50|]Gholdengo||LifeOrb|GoodasGold|MakeItRain,NastyPlot,Protect,ShadowBall|Timid|||||50|]Milotic||Leftovers|Competitive|Scald,Recover,Protect,IceBeam|Modest||F|||50|
|inactive|Battle timer is ON: inactive players will automatically lose when time's up. (requested by NotThinkingVGC)
|inactive|fierotto has 60 seconds left.
|inactive|NotThinkingVGC has 60 seconds left.
|inactive|fierotto has 30 seconds left.
|inactive|fierotto has 20 seconds left.
|inactive|fierotto has 15 seconds left.
|inactive|fierotto has 10 seconds left.
|inactive|fierotto has 5 seconds left.
|
|t:|1784060605
|teamsize|p1|4
|teamsize|p2|4
|start
|switch|p1a: Sylveon|Sylveon, L50, M|100/100
|switch|p1b: Garchomp|Garchomp, L50, F|100/100
|switch|p2a: Excadrill|Excadrill, L50, M|100/100
|switch|p2b: Tyranitar|Tyranitar, L50, M|100/100
|-weather|Sandstorm|[from] ability: Sand Stream|[of] p2b: Tyranitar
|turn|1
|inactive|NotThinkingVGC has 30 seconds left.
|inactive|NotThinkingVGC has 20 seconds left.
|inactive|NotThinkingVGC has 15 seconds left.
|
|t:|1784060646
|switch|p2b: Staraptor|Staraptor, L50, M|100/100
|-ability|p2b: Staraptor|Intimidate|boost
|-unboost|p1a: Sylveon|atk|1
|-unboost|p1b: Garchomp|atk|1
|move|p1a: Sylveon|Detect|p1a: Sylveon
|-singleturn|p1a: Sylveon|Protect
|move|p2a: Excadrill|Iron Head|p1a: Sylveon
|-activate|p1a: Sylveon|move: Protect
|move|p1b: Garchomp|Stomping Tantrum|p2a: Excadrill
|-supereffective|p2a: Excadrill|1
|-damage|p2a: Excadrill|29/100
|
|-weather|Sandstorm|[upkeep]
|-damage|p2b: Staraptor|94/100|[from] Sandstorm
|-damage|p1a: Sylveon|94/100|[from] Sandstorm
|upkeep
|turn|2
|inactive|fierotto has 30 seconds left.
|inactive|NotThinkingVGC has 30 seconds left.
|inactive|fierotto has 20 seconds left.
|inactive|fierotto has 15 seconds left.
|
|t:|1784060691
|switch|p1a: Farigiraf|Farigiraf, L50, F|100/100
|move|p2a: Excadrill|Protect|p2a: Excadrill
|-singleturn|p2a: Excadrill|Protect
|move|p1b: Garchomp|Dragon Claw|p2b: Staraptor
|-damage|p2b: Staraptor|54/100
|move|p2b: Staraptor|Tailwind|p2b: Staraptor
|-sidestart|p2: NotThinkingVGC|move: Tailwind
|
|-weather|Sandstorm|[upkeep]
|-damage|p2b: Staraptor|48/100|[from] Sandstorm
|-damage|p1a: Farigiraf|93/100|[from] Sandstorm
|-heal|p1a: Farigiraf|100/100|[from] item: Leftovers
|upkeep
|turn|3
|inactive|fierotto has 30 seconds left.
|
|t:|1784060725
|move|p2a: Excadrill|High Horsepower|p1a: Farigiraf
|-damage|p1a: Farigiraf|46/100
|move|p2b: Staraptor|Close Combat|p1a: Farigiraf
|-damage|p1a: Farigiraf|11/100
|-unboost|p2b: Staraptor|def|1
|-unboost|p2b: Staraptor|spd|1
|move|p1b: Garchomp|Stomping Tantrum|p2a: Excadrill
|-supereffective|p2a: Excadrill|1
|-damage|p2a: Excadrill|0 fnt
|faint|p2a: Excadrill
|move|p1a: Farigiraf|Rain Dance|p1a: Farigiraf
|-weather|RainDance
|
|-weather|RainDance|[upkeep]
|-heal|p1a: Farigiraf|17/100|[from] item: Leftovers
|upkeep
|
|t:|1784060740
|switch|p2a: Milotic|Milotic, L50, F|100/100
|turn|4
|inactive|fierotto has 30 seconds left.
|inactive|fierotto has 20 seconds left.
|
|t:|1784060779
|switch|p1b: Sylveon|Sylveon, L50, M|94/100
|detailschange|p2b: Staraptor|Staraptor-Mega, L50, M
|-mega|p2b: Staraptor|Staraptor|Staraptite
|move|p2b: Staraptor|Close Combat|p1a: Farigiraf
|-damage|p1a: Farigiraf|0 fnt
|-boost|p2b: Staraptor|def|1
|-boost|p2b: Staraptor|spd|1
|faint|p1a: Farigiraf
|move|p2a: Milotic|Ice Beam|p1b: Sylveon
|-damage|p1b: Sylveon|76/100
|
|-weather|RainDance|[upkeep]
|upkeep
|
|t:|1784060803
|switch|p1a: Kingambit|Kingambit, L50, M|100/100
|turn|5
|inactive|NotThinkingVGC has 30 seconds left.
|inactive|NotThinkingVGC has 20 seconds left.
|inactive|NotThinkingVGC has 15 seconds left.
|inactive|NotThinkingVGC has 10 seconds left.
|
|t:|1784060849
|switch|p2a: Tyranitar|Tyranitar, L50, M|100/100
|-weather|Sandstorm|[from] ability: Sand Stream|[of] p2a: Tyranitar
|move|p2b: Staraptor|Protect|p2b: Staraptor
|-singleturn|p2b: Staraptor|Protect
|move|p1a: Kingambit|Protect|p1a: Kingambit
|-singleturn|p1a: Kingambit|Protect
|move|p1b: Sylveon|Hyper Voice|p2a: Tyranitar|[spread] p2a
|-activate|p2b: Staraptor|move: Protect
|-supereffective|p2a: Tyranitar|1
|-damage|p2a: Tyranitar|40/100
|
|-weather|Sandstorm|[upkeep]
|-damage|p2b: Staraptor|42/100|[from] Sandstorm
|-damage|p1b: Sylveon|70/100|[from] Sandstorm
|-sideend|p2: NotThinkingVGC|move: Tailwind
|upkeep
|turn|6
|inactive|fierotto has 30 seconds left.
|inactive|fierotto has 20 seconds left.
|
|t:|1784060887
|switch|p1a: Garchomp|Garchomp, L50, F|100/100
|move|p2b: Staraptor|Dual Wingbeat|p1b: Sylveon
|-damage|p1b: Sylveon|45/100
|-damage|p1b: Sylveon|20/100y
|-hitcount|p1b: Sylveon|2
|move|p2a: Tyranitar|Low Kick|p1a: Garchomp
|-damage|p1a: Garchomp|71/100
|-damage|p2a: Tyranitar|28/100|[from] ability: Rough Skin|[of] p1a: Garchomp
|move|p1b: Sylveon|Hyper Voice|p2b: Staraptor|[spread] p2a,p2b
|-supereffective|p2a: Tyranitar|1
|-supereffective|p2b: Staraptor|1
|-damage|p2a: Tyranitar|0 fnt
|-damage|p2b: Staraptor|0 fnt
|faint|p2a: Tyranitar
|faint|p2b: Staraptor
|
|-weather|Sandstorm|[upkeep]
|-damage|p1b: Sylveon|14/100|[from] Sandstorm
|upkeep
|
|t:|1784060894
|switch|p2b: Milotic|Milotic, L50, F|100/100
|turn|7
|
|t:|1784060909
|move|p1a: Garchomp|Protect|p1a: Garchomp
|-singleturn|p1a: Garchomp|Protect
|move|p2b: Milotic|Scald|p1b: Sylveon
|-damage|p1b: Sylveon|0 fnt
|faint|p1b: Sylveon
|
|-weather|Sandstorm|[upkeep]
|-damage|p2b: Milotic|94/100|[from] Sandstorm
|-heal|p2b: Milotic|100/100|[from] item: Leftovers
|upkeep
|
|t:|1784060915
|switch|p1b: Kingambit|Kingambit, L50, M|100/100
|turn|8
|
|t:|1784060924
|move|p1a: Garchomp|Dragon Claw|p2b: Milotic
|-damage|p2b: Milotic|62/100
|move|p2b: Milotic|Scald|p1b: Kingambit
|-damage|p1b: Kingambit|66/100
|-status|p1b: Kingambit|brn
|move|p1b: Kingambit|Kowtow Cleave|p2b: Milotic
|-damage|p2b: Milotic|37/100
|
|-weather|Sandstorm|[upkeep]
|-damage|p2b: Milotic|31/100|[from] Sandstorm
|-heal|p2b: Milotic|37/100|[from] item: Leftovers
|-damage|p1b: Kingambit|60/100 brn|[from] brn
|upkeep
|turn|9
|inactive|fierotto has 30 seconds left.
|
|t:|1784060956
|move|p2b: Milotic|Protect|p2b: Milotic
|-singleturn|p2b: Milotic|Protect
|move|p1a: Garchomp|Dragon Claw|p2b: Milotic
|-activate|p2b: Milotic|move: Protect
|move|p1b: Kingambit|Kowtow Cleave|p2b: Milotic
|-activate|p2b: Milotic|move: Protect
|
|-weather|none
|-heal|p2b: Milotic|43/100|[from] item: Leftovers
|-damage|p1b: Kingambit|55/100 brn|[from] brn
|upkeep
|turn|10
|
|t:|1784060962
|move|p1a: Garchomp|Dragon Claw|p2b: Milotic
|-damage|p2b: Milotic|5/100
|move|p2b: Milotic|Recover|p2b: Milotic
|-heal|p2b: Milotic|55/100
|move|p1b: Kingambit|Kowtow Cleave|p2b: Milotic
|-damage|p2b: Milotic|28/100
|
|-heal|p2b: Milotic|34/100|[from] item: Leftovers
|-damage|p1b: Kingambit|49/100 brn|[from] brn
|upkeep
|turn|11
|
|t:|1784060981
|move|p2b: Milotic|Protect|p2b: Milotic
|-singleturn|p2b: Milotic|Protect
|move|p1a: Garchomp|Dragon Claw|p2b: Milotic
|-activate|p2b: Milotic|move: Protect
|move|p1b: Kingambit|Kowtow Cleave|p2b: Milotic
|-activate|p2b: Milotic|move: Protect
|
|-heal|p2b: Milotic|40/100|[from] item: Leftovers
|-damage|p1b: Kingambit|43/100 brn|[from] brn
|upkeep
|turn|12
|
|t:|1784060992
|move|p1a: Garchomp|Dragon Claw|p2b: Milotic
|-damage|p2b: Milotic|2/100
|move|p2b: Milotic|Recover|p2b: Milotic
|-heal|p2b: Milotic|52/100
|move|p1b: Kingambit|Kowtow Cleave|p2b: Milotic
|-damage|p2b: Milotic|24/100
|
|-heal|p2b: Milotic|30/100|[from] item: Leftovers
|-damage|p1b: Kingambit|37/100 brn|[from] brn
|upkeep
|turn|13
|
|t:|1784061007
|move|p2b: Milotic|Protect|p2b: Milotic
|-singleturn|p2b: Milotic|Protect
|move|p1a: Garchomp|Dragon Claw|p2b: Milotic
|-activate|p2b: Milotic|move: Protect
|move|p1b: Kingambit|Kowtow Cleave|p2b: Milotic
|-activate|p2b: Milotic|move: Protect
|
|-heal|p2b: Milotic|36/100|[from] item: Leftovers
|-damage|p1b: Kingambit|31/100 brn|[from] brn
|upkeep
|turn|14
|
|t:|1784061018
|move|p1a: Garchomp|Dragon Claw|p2b: Milotic
|-damage|p2b: Milotic|1/100
|move|p2b: Milotic|Scald|p1b: Kingambit
|-damage|p1b: Kingambit|0 fnt
|faint|p1b: Kingambit
|
|-heal|p2b: Milotic|7/100|[from] item: Leftovers
|upkeep
|turn|15
|
|t:|1784061029
|move|p2b: Milotic|Protect|p2b: Milotic
|-singleturn|p2b: Milotic|Protect
|move|p1a: Garchomp|Dragon Claw|p2b: Milotic
|-activate|p2b: Milotic|move: Protect
|
|-heal|p2b: Milotic|13/100|[from] item: Leftovers
|upkeep
|turn|16
|
|t:|1784061032
|move|p2b: Milotic|Protect||[still]
|-fail|p2b: Milotic
|move|p1a: Garchomp|Dragon Claw|p2b: Milotic
|-damage|p2b: Milotic|0 fnt
|faint|p2b: Milotic
|
|win|fierotto
