|j|☆HEDPEHDEH
|j|☆alexshyness
|html|HEDPEHDEHalexshyness    
|uhtml|bestof|Game 3 of a best-of-3
|t:|1785717392
|gametype|doubles
|player|p1|HEDPEHDEH|1|1135
|player|p2|alexshyness|lass-gen4dp|1273
|gen|9
|tier|[Gen 9 Champions] VGC 2026 Reg M-B (Bo3)
|rated|
|rule|Species Clause: Limit one of each Pokémon
|rule|Item Clause: Limit 1 of each item
|clearpoke
|poke|p1|Delphox, L50, M|
|poke|p1|Garchomp, L50, M|
|poke|p1|Incineroar, L50, M|
|poke|p1|Tsareena, L50, F|
|poke|p1|Whimsicott, L50, M|
|poke|p1|Basculegion, L50, M|
|poke|p2|Kommo-o, L50, M|
|poke|p2|Gengar, L50, M, shiny|
|poke|p2|Maushold-Four, L50|
|poke|p2|Charizard, L50, M, shiny|
|poke|p2|Venusaur, L50, M|
|poke|p2|Incineroar, L50, M|
|teampreview|4
|showteam|p1|Delphox||Delphoxite|Blaze|Protect,NastyPlot,HeatWave,Psychic|Modest||M|||50|]Garchomp||LifeOrb|RoughSkin|Protect,RockSlide,StompingTantrum,DragonClaw|Jolly||M|||50|]Incineroar||ChopleBerry|Intimidate|FakeOut,FlareBlitz,CloseCombat,DarkestLariat|Adamant||M|||50|]Tsareena||WideLens|QueenlyMajesty|TropKick,TripleAxel,Protect,LowKick|Adamant||F|||50|]Whimsicott||FocusSash|Prankster|Protect,GrassKnot,Tailwind,SunnyDay|Modest||M|||50|]Basculegion||MysticWater|Adaptability|WaveCrash,Protect,AquaJet,LastRespects|Adamant||M|||50|
|showteam|p2|Kommo-o||Leftovers|Soundproof|Protect,ClangingScales,AuraSphere,ClangorousSoul|Timid||M|||50|]Gengar||Gengarite|CursedBody|Protect,ShadowBall,SludgeBomb,PerishSong|Timid||M|||50|]Maushold-Four||ChopleBerry|FriendGuard|Protect,HelpingHand,FollowMe,Encore|Jolly|||||50|]Charizard||CharizarditeY|Blaze|Protect,HeatWave,WeatherBall,SolarBeam|Modest||M|||50|]Venusaur||FocusSash|Chlorophyll|Protect,LeafStorm,EarthPower,SleepPowder|Modest||M|||50|]Incineroar||SitrusBerry|Intimidate|Protect,ThroatChop,PartingShot,FakeOut|Careful||M|||50|
|
|t:|1785717408
|teamsize|p1|4
|teamsize|p2|4
|start
|switch|p1a: Garchomp|Garchomp, L50, M|100/100
|switch|p1b: Tsareena|Tsareena, L50, F|100/100
|switch|p2a: Venusaur|Venusaur, L50, M|100/100
|switch|p2b: Charizard|Charizard, L50, M, shiny|100/100
|turn|1
|inactive|Battle timer is ON: inactive players will automatically lose when time's up. (requested by alexshyness)
|
|t:|1785717434
|switch|p1b: Basculegion|Basculegion, L50, M|100/100
|detailschange|p2b: Charizard|Charizard-Mega-Y, L50, M, shiny
|-mega|p2b: Charizard|Charizard|Charizardite Y
|-weather|SunnyDay|[from] ability: Drought|[of] p2b: Charizard
|move|p1a: Garchomp|Protect|p1a: Garchomp
|-singleturn|p1a: Garchomp|Protect
|move|p2a: Venusaur|Sleep Powder|p1a: Garchomp
|-activate|p1a: Garchomp|move: Protect
|move|p2b: Charizard|Heat Wave|p1a: Garchomp|[spread] p1b
|-activate|p1a: Garchomp|move: Protect
|-resisted|p1b: Basculegion|1
|-damage|p1b: Basculegion|69/100
|
|-weather|SunnyDay|[upkeep]
|upkeep
|turn|2
|
|t:|1785717455
|move|p1b: Basculegion|Protect|p1b: Basculegion
|-singleturn|p1b: Basculegion|Protect
|move|p2a: Venusaur|Sleep Powder|p1a: Garchomp
|-status|p1a: Garchomp|slp|[from] move: Sleep Powder
|cant|p1a: Garchomp|slp
|move|p2b: Charizard|Solar Beam||[still]
|-prepare|p2b: Charizard|Solar Beam
|-anim|p2b: Charizard|Solar Beam|p1b: Basculegion
|-activate|p1b: Basculegion|move: Protect
|
|-weather|SunnyDay|[upkeep]
|upkeep
|turn|3
|
|t:|1785717462
|switch|p1b: Delphox|Delphox, L50, M|100/100
|move|p2a: Venusaur|Leaf Storm|p1a: Garchomp|[miss]
|-miss|p2a: Venusaur|p1a: Garchomp
|cant|p1a: Garchomp|slp
|move|p2b: Charizard|Heat Wave|p1b: Delphox|[spread] p1a
|-miss|p2b: Charizard|p1b: Delphox
|-resisted|p1a: Garchomp|1
|-damage|p1a: Garchomp|67/100 slp
|
|-weather|SunnyDay|[upkeep]
|upkeep
|turn|4
|
|t:|1785717474
|detailschange|p1b: Delphox|Delphox-Mega, L50, M
|-mega|p1b: Delphox|Delphox|Delphoxite
|move|p1b: Delphox|Protect|p1b: Delphox
|-singleturn|p1b: Delphox|Protect
|move|p2a: Venusaur|Leaf Storm|p1a: Garchomp
|-crit|p1a: Garchomp
|-damage|p1a: Garchomp|0 fnt
|-unboost|p2a: Venusaur|spa|2
|faint|p1a: Garchomp
|move|p2b: Charizard|Weather Ball|p1b: Delphox
|-activate|p1b: Delphox|move: Protect
|
|-weather|SunnyDay|[upkeep]
|upkeep
|
|t:|1785717482
|switch|p1a: Tsareena|Tsareena, L50, F|100/100
|turn|5
|
|t:|1785717490
|move|p2a: Venusaur|Sleep Powder|p1b: Delphox
|-status|p1b: Delphox|slp|[from] move: Sleep Powder
|cant|p1b: Delphox|slp
|move|p2b: Charizard|Weather Ball|p1a: Tsareena
|-supereffective|p1a: Tsareena|1
|-damage|p1a: Tsareena|0 fnt
|faint|p1a: Tsareena
|
|-weather|none
|upkeep
|-message|HEDPEHDEH forfeited.
|
|win|alexshyness
|raw|HEDPEHDEH's rating: 1135 → 1119(-16 for losing)
|raw|alexshyness's rating: 1273 → 1289(+16 for winning)
|l|☆HEDPEHDEH
|player|p1|
