|j|☆Beanybag
|j|☆lox1sm
|html|Beanybaglox1sm    
|uhtml|bestof|Game 1 of a best-of-3
|t:|1783081538
|gametype|doubles
|player|p1|Beanybag|2|1179
|player|p2|lox1sm|veteran|1269
|gen|9
|tier|[Gen 9 Champions] VGC 2026 Reg M-B (Bo3)
|rated|
|rule|Species Clause: Limit one of each Pokémon
|rule|Item Clause: Limit 1 of each item
|clearpoke
|poke|p1|Ampharos, L50, F|
|poke|p1|Lopunny, L50, M|
|poke|p1|Grimmsnarl, L50, M|
|poke|p1|Bellibolt, L50, F|
|poke|p1|Sinistcha, L50|
|poke|p1|Toxapex, L50, F|
|poke|p2|Charizard, L50, F|
|poke|p2|Aerodactyl, L50, M|
|poke|p2|Garchomp, L50, M|
|poke|p2|Kingambit, L50, F|
|poke|p2|Farigiraf, L50, F|
|poke|p2|Primarina, L50, F|
|teampreview|4
|showteam|p1|Ampharos||Ampharosite|Static|CottonGuard,ParabolicCharge,DragonPulse,Protect|Sassy||F|||50|]Lopunny||Lopunnite|Limber|FakeOut,CloseCombat,SwordsDance,BrutalSwing|Jolly||M|||50|]Grimmsnarl||SitrusBerry|Prankster|FakeOut,PartingShot,SpiritBreak,LightScreen|Brave||M|||50|]Bellibolt||ShucaBerry|Electromorphosis|Soak,Toxic,VoltSwitch,SlackOff|Relaxed||F|||50|]Sinistcha||FocusSash|Hospitality|MatchaGotcha,RagePowder,Protect,TrickRoom|Quiet|||||50|]Toxapex||Leftovers|Merciless|BanefulBunker,Stockpile,Recover,PoisonJab|Careful||F|||50|
|showteam|p2|Charizard||CharizarditeY|Blaze|HeatWave,WeatherBall,SolarBeam,Protect|Modest||F|||50|]Aerodactyl||Aerodactylite|RockHead|RockSlide,IceFang,Tailwind,Protect|Jolly||M|||50|]Garchomp||LifeOrb|RoughSkin|DragonClaw,Earthquake,RockSlide,Protect|Jolly||M|||50|]Kingambit||FocusSash|Defiant|KowtowCleave,SuckerPunch,IronHead,LowKick|Adamant||F|||50|]Farigiraf||ExpertBelt|ArmorTail|Psychic,DazzlingGleam,Thunderbolt,TrickRoom|Modest||F|||50|]Primarina||MysticWater|LiquidVoice|HyperVoice,Moonblast,Haze,Protect|Modest||F|||50|
|
|t:|1783081617
|teamsize|p1|4
|teamsize|p2|4
|start
|switch|p1a: Ampharos|Ampharos, L50, F|100/100
|switch|p1b: Grimmsnarl|Grimmsnarl, L50, M|100/100
|switch|p2a: Aerodactyl|Aerodactyl, L50, M|100/100
|switch|p2b: Garchomp|Garchomp, L50, M|100/100
|turn|1
|inactive|Battle timer is ON: inactive players will automatically lose when time's up. (requested by lox1sm)
|inactive|Beanybag has 60 seconds left.
|inactive|Beanybag has 30 seconds left.
|inactive|Beanybag has 20 seconds left.
|
|t:|1783081689
|switch|p2a: Farigiraf|Farigiraf, L50, F|100/100
|detailschange|p1a: Ampharos|Ampharos-Mega, L50, F
|-mega|p1a: Ampharos|Ampharos|Ampharosite
|-ability|p1a: Ampharos|Mold Breaker
|move|p1b: Grimmsnarl|Fake Out||[still]
|cant|p2a: Farigiraf|ability: Armor Tail|Fake Out|[of] p1b: Grimmsnarl
|move|p2b: Garchomp|Earthquake|p1a: Ampharos|[spread] p2a,p1a,p1b
|-supereffective|p1a: Ampharos|1
|-damage|p2a: Farigiraf|48/100
|-damage|p1a: Ampharos|7/100
|-damage|p1b: Grimmsnarl|41/100
|-enditem|p1b: Grimmsnarl|Sitrus Berry|[eat]
|-heal|p1b: Grimmsnarl|66/100|[from] item: Sitrus Berry
|-damage|p2b: Garchomp|90/100|[from] item: Life Orb
|move|p1a: Ampharos|Dragon Pulse|p2b: Garchomp
|-supereffective|p2b: Garchomp|1
|-damage|p2b: Garchomp|0 fnt
|faint|p2b: Garchomp
|
|upkeep
|inactive|lox1sm has 30 seconds left.
|
|t:|1783081719
|switch|p2b: Aerodactyl|Aerodactyl, L50, M|100/100
|turn|2
|inactive|Beanybag has 30 seconds left.
|inactive|Beanybag has 20 seconds left.
|
|t:|1783081756
|switch|p1a: Bellibolt|Bellibolt, L50, F|100/100
|detailschange|p2b: Aerodactyl|Aerodactyl-Mega, L50, M
|-mega|p2b: Aerodactyl|Aerodactyl|Aerodactylite
|move|p1b: Grimmsnarl|Light Screen|p1b: Grimmsnarl
|-sidestart|p1: Beanybag|move: Light Screen
|move|p2b: Aerodactyl|Rock Slide|p1a: Bellibolt|[spread] p1a,p1b
|-damage|p1a: Bellibolt|81/100
|-damage|p1b: Grimmsnarl|33/100
|-start|p1a: Bellibolt|Charge|Rock Slide|[from] ability: Electromorphosis
|move|p2a: Farigiraf|Dazzling Gleam|p1a: Bellibolt|[spread] p1a,p1b
|-supereffective|p1b: Grimmsnarl|1
|-damage|p1a: Bellibolt|67/100
|-damage|p1b: Grimmsnarl|0 fnt
|-start|p1a: Bellibolt|Charge|Dazzling Gleam|[from] ability: Electromorphosis
|faint|p1b: Grimmsnarl
|
|upkeep
|
|t:|1783081776
|switch|p1b: Ampharos|Ampharos-Mega, L50, F|7/100
|-ability|p1b: Ampharos|Mold Breaker
|turn|3
|inactive|lox1sm has 30 seconds left.
|
|t:|1783081803
|move|p2b: Aerodactyl|Protect|p2b: Aerodactyl
|-singleturn|p2b: Aerodactyl|Protect
|move|p1b: Ampharos|Protect|p1b: Ampharos
|-singleturn|p1b: Ampharos|Protect
|move|p2a: Farigiraf|Psychic|p1b: Ampharos
|-activate|p1b: Ampharos|move: Protect
|move|p1a: Bellibolt|Volt Switch|p2b: Aerodactyl
|-activate|p2b: Aerodactyl|move: Protect
|-end|p1a: Bellibolt|Charge|[silent]
|
|upkeep
|turn|4
|inactive|Beanybag has 30 seconds left.
|inactive|Beanybag has 20 seconds left.
|
|t:|1783081842
|switch|p1b: Sinistcha|Sinistcha, L50|100/100
|-heal|p1a: Bellibolt|92/100|[from] ability: Hospitality|[of] p1b: Sinistcha
|move|p2b: Aerodactyl|Rock Slide|p1a: Bellibolt|[spread] p1a,p1b
|-damage|p1a: Bellibolt|74/100
|-damage|p1b: Sinistcha|71/100
|-start|p1a: Bellibolt|Charge|Rock Slide|[from] ability: Electromorphosis
|move|p2a: Farigiraf|Psychic|p1b: Sinistcha
|-damage|p1b: Sinistcha|31/100
|move|p1a: Bellibolt|Volt Switch|p2b: Aerodactyl
|-supereffective|p2b: Aerodactyl|1
|-damage|p2b: Aerodactyl|0 fnt
|faint|p2b: Aerodactyl
|-end|p1a: Bellibolt|Charge|[silent]
|
|t:|1783081847
|switch|p1a: Ampharos|Ampharos-Mega, L50, F|7/100|[from] Volt Switch
|-ability|p1a: Ampharos|Mold Breaker
|
|upkeep
|
|t:|1783081860
|switch|p2b: Kingambit|Kingambit, L50, F|100/100
|turn|5
|inactive|lox1sm has 30 seconds left.
|inactive|lox1sm has 20 seconds left.
|inactive|lox1sm has 15 seconds left.
|inactive|lox1sm has 10 seconds left.
|
|t:|1783081907
|move|p1b: Sinistcha|Rage Powder|p1b: Sinistcha
|-singleturn|p1b: Sinistcha|move: Rage Powder
|move|p2b: Kingambit|Kowtow Cleave|p1b: Sinistcha
|-supereffective|p1b: Sinistcha|1
|-damage|p1b: Sinistcha|0 fnt
|faint|p1b: Sinistcha
|move|p2a: Farigiraf|Psychic|p1a: Ampharos
|-damage|p1a: Ampharos|0 fnt
|faint|p1a: Ampharos
|
|upkeep
|
|t:|1783081911
|switch|p1a: Bellibolt|Bellibolt, L50, F|74/100
|turn|6
|
|t:|1783081922
|move|p2b: Kingambit|Kowtow Cleave|p1a: Bellibolt
|-damage|p1a: Bellibolt|41/100
|-start|p1a: Bellibolt|Charge|Kowtow Cleave|[from] ability: Electromorphosis
|move|p2a: Farigiraf|Psychic|p1a: Bellibolt
|-damage|p1a: Bellibolt|11/100
|-start|p1a: Bellibolt|Charge|Psychic|[from] ability: Electromorphosis
|move|p1a: Bellibolt|Soak|p2b: Kingambit
|-start|p2b: Kingambit|typechange|Water
|
|-sideend|p1: Beanybag|move: Light Screen
|upkeep
|turn|7
|-message|Beanybag forfeited.
|
|win|lox1sm
|l|☆Beanybag
|player|p1|
|j|☆Beanybag
|player|p1|Beanybag|2|
||lox1sm is ready for game 2.
||Beanybag is ready for game 2.
|uhtml|next|Next: Game 2 of 3
