|j|☆AJAXTHELESS
|j|☆C Nieves
|html|AJAXTHELESSC Nieves    
|uhtml|bestof|Game 1 of a best-of-3
|t:|1784815859
|gametype|doubles
|player|p1|AJAXTHELESS|266|1000
|player|p2|C Nieves|n|1000
|gen|9
|tier|[Gen 9 Champions] VGC 2026 Reg M-B (Bo3)
|rated|
|rule|Species Clause: Limit one of each Pokémon
|rule|Item Clause: Limit 1 of each item
|clearpoke
|poke|p1|Staraptor, L50, M|
|poke|p1|Vanilluxe, L50, M|
|poke|p1|Farigiraf, L50, F|
|poke|p1|Blastoise, L50, F|
|poke|p1|Kingambit, L50, F|
|poke|p1|Camerupt, L50, F|
|poke|p2|Gardevoir, L50, F, shiny|
|poke|p2|Simisear, L50, M|
|poke|p2|Sylveon, L50, M|
|poke|p2|Maushold-Four, L50|
|poke|p2|Alakazam, L50, M|
|poke|p2|Gallade, L50, M, shiny|
|teampreview|4
|showteam|p1|Staraptor||ChoiceScarf|Intimidate|FinalGambit,BraveBird,CloseCombat,Uturn|Jolly||M|||50|]Vanilluxe||NeverMeltIce|SnowWarning|Blizzard,FreezeDry,Protect,IceShard|Quiet||M|||50|]Farigiraf||SitrusBerry|ArmorTail|PsychicFangs,HyperVoice,HelpingHand,TrickRoom|Relaxed||F|||50|]Blastoise||Blastoisinite|RainDish|FakeOut,WaterSpout,AuraSphere,DarkPulse|Quiet||F|||50|]Kingambit||LifeOrb|Defiant|KowtowCleave,IronHead,Protect,SuckerPunch|Brave||F|||50|]Camerupt||Cameruptite|SolidRock|HeatWave,EarthPower,Protect,AncientPower|Quiet||F|||50|
|showteam|p2|Gardevoir||Gardevoirite|Synchronize|HyperVoice,ExpandingForce,HyperBeam,Protect|Timid||F|||50|]Simisear||FocusSash|Blaze|HeatWave,Taunt,FakeOut,HelpingHand|Hasty||M|||50|]Sylveon||FairyFeather|Pixilate|HyperVoice,MistyExplosion,MysticalFire,QuickAttack|Modest||M|||50|]Maushold-Four||ChopleBerry|FriendGuard|AfterYou,SuperFang,Protect,FollowMe|Timid|||||50|]Alakazam||TwistedSpoon|InnerFocus|PsychicTerrain,ExpandingForce,AllySwitch,DazzlingGleam|Timid||M|||50|]Gallade||ScopeLens|Sharpness|UpperHand,SacredSword,PsychoCut,Memento|Jolly||M|||50|
|inactive|Battle timer is ON: inactive players will automatically lose when time's up. (requested by C Nieves)
|inactive|AJAXTHELESS has 60 seconds left.
|
|t:|1784815943
|teamsize|p1|4
|teamsize|p2|4
|start
|switch|p1a: Staraptor|Staraptor, L50, M|100/100
|switch|p1b: Farigiraf|Farigiraf, L50, F|100/100
|switch|p2a: Simisear|Simisear, L50, M|100/100
|switch|p2b: Alakazam|Alakazam, L50, M|100/100
|-ability|p1a: Staraptor|Intimidate|boost
|-unboost|p2a: Simisear|atk|1
|-fail|p2b: Alakazam|unboost|Attack|[from] ability: Inner Focus|[of] p2b: Alakazam
|turn|1
|
|t:|1784815960
|move|p1a: Staraptor|Final Gambit|p2b: Alakazam
|-damage|p2b: Alakazam|0 fnt
|faint|p1a: Staraptor
|faint|p2b: Alakazam
|move|p2a: Simisear|Taunt|p1b: Farigiraf
|-start|p1b: Farigiraf|move: Taunt
|cant|p1b: Farigiraf|move: Taunt|Trick Room
|
|upkeep
|
|t:|1784815978
|switch|p2b: Gardevoir|Gardevoir, L50, F, shiny|100/100
|switch|p1a: Blastoise|Blastoise, L50, F|100/100
|turn|2
|
|t:|1784815987
|switch|p1b: Kingambit|Kingambit, L50, F|100/100
|detailschange|p2b: Gardevoir|Gardevoir-Mega, L50, F, shiny
|-mega|p2b: Gardevoir|Gardevoir|Gardevoirite
|detailschange|p1a: Blastoise|Blastoise-Mega, L50, F
|-mega|p1a: Blastoise|Blastoise|Blastoisinite
|move|p2a: Simisear|Helping Hand|p2b: Gardevoir
|-singleturn|p2b: Gardevoir|Helping Hand|[of] p2a: Simisear
|move|p1a: Blastoise|Fake Out|p2b: Gardevoir
|-damage|p2b: Gardevoir|83/100
|cant|p2b: Gardevoir|flinch
|
|upkeep
|turn|3
|inactive|AJAXTHELESS has 30 seconds left.
|
|t:|1784816018
|move|p2b: Gardevoir|Protect|p2b: Gardevoir
|-singleturn|p2b: Gardevoir|Protect
|move|p1b: Kingambit|Sucker Punch||[still]
|-fail|p1b: Kingambit
|move|p2a: Simisear|Heat Wave|p1a: Blastoise|[spread] p1a,p1b
|-resisted|p1a: Blastoise|1
|-supereffective|p1b: Kingambit|1
|-crit|p1b: Kingambit
|-damage|p1a: Blastoise|87/100
|-damage|p1b: Kingambit|14/100
|move|p1a: Blastoise|Dark Pulse|p2b: Gardevoir
|-activate|p2b: Gardevoir|move: Protect
|
|upkeep
|turn|4
|
|t:|1784816035
|move|p1b: Kingambit|Protect|p1b: Kingambit
|-singleturn|p1b: Kingambit|Protect
|move|p2a: Simisear|Heat Wave|p1a: Blastoise|[spread] p1a
|-activate|p1b: Kingambit|move: Protect
|-resisted|p1a: Blastoise|1
|-damage|p1a: Blastoise|74/100
|move|p2b: Gardevoir|Expanding Force|p1a: Blastoise
|-damage|p1a: Blastoise|34/100
|move|p1a: Blastoise|Dark Pulse|p2b: Gardevoir
|-damage|p2b: Gardevoir|39/100
|
|upkeep
|turn|5
|
|t:|1784816060
|move|p2b: Gardevoir|Protect|p2b: Gardevoir
|-singleturn|p2b: Gardevoir|Protect
|move|p1b: Kingambit|Sucker Punch||[still]
|-fail|p1b: Kingambit
|move|p2a: Simisear|Heat Wave|p1a: Blastoise|[spread] p1a,p1b
|-resisted|p1a: Blastoise|1
|-supereffective|p1b: Kingambit|1
|-crit|p1b: Kingambit
|-damage|p1a: Blastoise|21/100
|-damage|p1b: Kingambit|0 fnt
|faint|p1b: Kingambit
|move|p1a: Blastoise|Dark Pulse|p2b: Gardevoir
|-activate|p2b: Gardevoir|move: Protect
|
|upkeep
|
|t:|1784816069
|switch|p1b: Farigiraf|Farigiraf, L50, F|100/100
|turn|6
|-message|AJAXTHELESS forfeited.
|
|win|C Nieves
|l|☆AJAXTHELESS
|player|p1|
||AJAXTHELESS is ready for game 2.
|inactive|C Nieves has 30 seconds to confirm battle start!
|inactive|C Nieves has 20 seconds to confirm battle start!
