|j|‽CaratroncoSun
|j|☆Gayangos
|html|CaratroncoSunGayangos    
|uhtml|bestof|Game 2 of a best-of-3
|t:|1782209802
|gametype|doubles
|player|p1|CaratroncoSun|juan|1147
|player|p2|Gayangos|169|1210
|gen|9
|tier|[Gen 9 Champions] VGC 2026 Reg M-B (Bo3)
|rated|
|rule|Species Clause: Limit one of each Pokémon
|rule|Item Clause: Limit 1 of each item
|clearpoke
|poke|p1|Overqwil, L50, M, shiny|
|poke|p1|Swampert, L50, F|
|poke|p1|Pelipper, L50, F|
|poke|p1|Metagross, L50, shiny|
|poke|p1|Sneasler, L50, F|
|poke|p1|Sinistcha-Masterpiece, L50|
|poke|p2|Floette-Eternal, L50, F|
|poke|p2|Sneasler, L50, M|
|poke|p2|Incineroar, L50, M|
|poke|p2|Sinistcha, L50|
|poke|p2|Rotom-Wash, L50|
|poke|p2|Metagross, L50|
|teampreview|4
|showteam|p1|Overqwil||LifeOrb|SwiftSwim|Protect,PoisonJab,ThroatChop,Liquidation|Adamant||M|||50|]Swampert||Swampertite|Damp|Protect,WaveCrash,HighHorsepower,IcePunch|Adamant||F|||50|]Pelipper||FocusSash|Drizzle|Protect,Tailwind,Hurricane,WeatherBall|Modest||F|||50|]Metagross||Metagrossite|ClearBody|Protect,PsychicFangs,MeteorMash,IcePunch|Jolly|||||50|]Sneasler||WhiteHerb|Unburden|Coaching,FakeOut,DireClaw,CloseCombat|Jolly||F|||50|]Sinistcha-Masterpiece||SitrusBerry|Hospitality|MatchaGotcha,TrickRoom,LifeDew,RagePowder|Bold|||||50|
|showteam|p2|Floette-Eternal||Floettite|FlowerVeil|Moonblast,DazzlingGleam,CalmMind,Protect|Modest||F|||50|]Sneasler||FocusSash|PoisonTouch|FakeOut,DireClaw,CloseCombat,Coaching|Jolly||M|||50|]Incineroar||SitrusBerry|Intimidate|FakeOut,FlareBlitz,ThroatChop,PartingShot|Careful||M|||50|]Sinistcha||OccaBerry|Hospitality|MatchaGotcha,RagePowder,TrickRoom,Protect|Bold|||||50|]Rotom-Wash||ChoiceScarf|Levitate|VoltSwitch,Electroweb,HydroPump,WillOWisp|Timid|||||50|]Metagross||Metagrossite|ClearBody|IronHead,StompingTantrum,ThunderPunch,Protect|Jolly|||||50|
|
|t:|1782209823
|teamsize|p1|4
|teamsize|p2|4
|start
|switch|p1a: Metagross|Metagross, L50, shiny|100/100
|switch|p1b: Sneasler|Sneasler, L50, F|100/100
|switch|p2a: Sneasler|Sneasler, L50, M|100/100
|switch|p2b: Metagross|Metagross, L50|100/100
|turn|1
|inactive|Battle timer is ON: inactive players will automatically lose when time's up. (requested by Gayangos)
|
|t:|1782209839
|detailschange|p1a: Metagross|Metagross-Mega, L50, shiny
|-mega|p1a: Metagross|Metagross|Metagrossite
|detailschange|p2b: Metagross|Metagross-Mega, L50
|-mega|p2b: Metagross|Metagross|Metagrossite
|move|p2a: Sneasler|Fake Out|p1a: Metagross
|-resisted|p1a: Metagross|1
|-damage|p1a: Metagross|94/100
|move|p1b: Sneasler|Fake Out|p2a: Sneasler
|-damage|p2a: Sneasler|75/100
|cant|p1a: Metagross|flinch
|move|p2b: Metagross|Stomping Tantrum|p1b: Sneasler
|-supereffective|p1b: Sneasler|1
|-damage|p1b: Sneasler|0 fnt
|faint|p1b: Sneasler
|
|upkeep
|
|t:|1782209858
|switch|p1b: Pelipper|Pelipper, L50, F|100/100
|-weather|RainDance|[from] ability: Drizzle|[of] p1b: Pelipper
|turn|2
|
|t:|1782209872
|move|p2a: Sneasler|Dire Claw|p1b: Pelipper
|-damage|p1b: Pelipper|48/100
|move|p1a: Metagross|Psychic Fangs|p2a: Sneasler
|-supereffective|p2a: Sneasler|2
|-damage|p2a: Sneasler|0 fnt
|faint|p2a: Sneasler
|move|p2b: Metagross|Thunder Punch|p1b: Pelipper
|-supereffective|p1b: Pelipper|2
|-damage|p1b: Pelipper|0 fnt
|faint|p1b: Pelipper
|
|-weather|RainDance|[upkeep]
|upkeep
|
|t:|1782209883
|switch|p2a: Rotom|Rotom-Wash, L50|100/100
|switch|p1b: Overqwil|Overqwil, L50, M, shiny|100/100
|turn|3
|
|t:|1782209903
|move|p2b: Metagross|Protect|p2b: Metagross
|-singleturn|p2b: Metagross|Protect
|move|p1b: Overqwil|Throat Chop|p2b: Metagross
|-activate|p2b: Metagross|move: Protect
|move|p2a: Rotom|Will-O-Wisp|p1a: Metagross
|-status|p1a: Metagross|brn
|move|p1a: Metagross|Psychic Fangs|p2a: Rotom
|-damage|p2a: Rotom|65/100
|
|-weather|RainDance|[upkeep]
|-damage|p1a: Metagross|88/100 brn|[from] brn
|upkeep
|turn|4
|
|t:|1782209925
|switch|p2b: Sinistcha|Sinistcha, L50|100/100
|-heal|p2a: Rotom|90/100|[from] ability: Hospitality|[of] p2b: Sinistcha
|move|p1b: Overqwil|Poison Jab|p2a: Rotom
|-damage|p2a: Rotom|31/100
|-damage|p1b: Overqwil|90/100|[from] item: Life Orb
|move|p2a: Rotom|Will-O-Wisp|p1b: Overqwil
|-status|p1b: Overqwil|brn
|move|p1a: Metagross|Psychic Fangs|p2a: Rotom
|-damage|p2a: Rotom|0 fnt
|faint|p2a: Rotom
|
|-weather|RainDance|[upkeep]
|-damage|p1b: Overqwil|83/100 brn|[from] brn
|-damage|p1a: Metagross|82/100 brn|[from] brn
|upkeep
|
|t:|1782209937
|switch|p2a: Metagross|Metagross-Mega, L50|100/100
|turn|5
|
|t:|1782209948
|move|p2a: Metagross|Protect|p2a: Metagross
|-singleturn|p2a: Metagross|Protect
|move|p2b: Sinistcha|Protect|p2b: Sinistcha
|-singleturn|p2b: Sinistcha|Protect
|move|p1b: Overqwil|Throat Chop|p2b: Sinistcha
|-activate|p2b: Sinistcha|move: Protect
|move|p1a: Metagross|Ice Punch|p2b: Sinistcha
|-activate|p2b: Sinistcha|move: Protect
|
|-weather|RainDance|[upkeep]
|-damage|p1b: Overqwil|77/100 brn|[from] brn
|-damage|p1a: Metagross|76/100 brn|[from] brn
|upkeep
|turn|6
|
|t:|1782209963
|move|p2b: Sinistcha|Rage Powder|p2b: Sinistcha
|-singleturn|p2b: Sinistcha|move: Rage Powder
|move|p1b: Overqwil|Throat Chop|p2b: Sinistcha
|-supereffective|p2b: Sinistcha|1
|-damage|p2b: Sinistcha|51/100
|-start|p2b: Sinistcha|Throat Chop|[silent]
|-damage|p1b: Overqwil|67/100 brn|[from] item: Life Orb
|move|p1a: Metagross|Ice Punch|p2b: Sinistcha
|-supereffective|p2b: Sinistcha|1
|-damage|p2b: Sinistcha|20/100y
|move|p2a: Metagross|Stomping Tantrum|p1b: Overqwil
|-supereffective|p1b: Overqwil|1
|-damage|p1b: Overqwil|0 fnt
|faint|p1b: Overqwil
|
|-weather|none
|-damage|p1a: Metagross|70/100 brn|[from] brn
|upkeep
|turn|7
|
|t:|1782209979
|move|p2b: Sinistcha|Rage Powder|p2b: Sinistcha
|-singleturn|p2b: Sinistcha|move: Rage Powder
|move|p1a: Metagross|Meteor Mash|p2b: Sinistcha
|-damage|p2b: Sinistcha|0 fnt
|faint|p2b: Sinistcha
|move|p2a: Metagross|Stomping Tantrum|p1a: Metagross
|-supereffective|p1a: Metagross|1
|-damage|p1a: Metagross|14/100 brn
|
|-damage|p1a: Metagross|8/100 brn|[from] brn
|upkeep
|turn|8
|
|t:|1782209991
|move|p2a: Metagross|Protect|p2a: Metagross
|-singleturn|p2a: Metagross|Protect
|move|p1a: Metagross|Meteor Mash|p2a: Metagross
|-activate|p2a: Metagross|move: Protect
|
|-damage|p1a: Metagross|2/100 brn|[from] brn
|upkeep
|turn|9
|
|t:|1782210000
|move|p1a: Metagross|Meteor Mash|p2a: Metagross
|-resisted|p2a: Metagross|1
|-damage|p2a: Metagross|88/100
|move|p2a: Metagross|Stomping Tantrum|p1a: Metagross
|-supereffective|p1a: Metagross|1
|-crit|p1a: Metagross
|-damage|p1a: Metagross|0 fnt
|faint|p1a: Metagross
|
|win|Gayangos
