|j|☆magikarp soup
|j|☆monkeoogaboog2
|html|magikarp soupmonkeoogaboog2    
|uhtml|bestof|Game 3 of a best-of-3
|t:|1757156480
|gametype|doubles
|player|p1|magikarp soup|265|
|player|p2|monkeoogaboog2|1|
|gen|9
|tier|[Gen 9] VGC 2025 Reg H (Bo3)
|rule|Species Clause: Limit one of each Pokémon
|rule|Item Clause: Limit 1 of each item
|clearpoke
|poke|p1|Torkoal, L50, M|
|poke|p1|Lilligant-Hisui, L50, F|
|poke|p1|Oranguru, L50, F|
|poke|p1|Ursaluna, L50, F|
|poke|p1|Charizard, L50, M|
|poke|p1|Dragonite, L50, M|
|poke|p2|Baxcalibur, L50, F|
|poke|p2|Ninetales-Alola, L50, F|
|poke|p2|Sneasler, L50, M|
|poke|p2|Kingambit, L50, F|
|poke|p2|Electabuzz, L50, F|
|poke|p2|Volcarona, L50, M|
|teampreview|4
|showteam|p1|Torkoal||Charcoal|Drought|Eruption,HeatWave,EarthPower,Protect|||M|||50|,,,,,Fire]Lilligant-Hisui|||Chlorophyll|AfterYou,CloseCombat,TripleAxel,Acrobatics|||F|||50|,,,,,Ghost]Oranguru||MentalHerb|Telepathy|Instruct,TrickRoom,PsychicNoise,Protect|||F|||50|,,,,,Ghost]Ursaluna||FlameOrb|Guts|Facade,Earthquake,RockSlide,Protect|||F|||50|,,,,,Ghost]Charizard||ChoiceSpecs|SolarPower|HeatWave,WeatherBall,Flamethrower,BlastBurn|||M|||50|,,,,,Fire]Dragonite||LoadedDice|Multiscale|Haze,Tailwind,ScaleShot,Protect|||M|||50|,,,,,Ghost
|showteam|p2|Baxcalibur||LoadedDice|ThermalExchange|IcicleSpear,ScaleShot,SwordsDance,Protect|||F|||50|,,,,,Ghost]Ninetales-Alola||CovertCloak|SnowWarning|Blizzard,FreezeDry,IcyWind,AuroraVeil|||F|||50|,,,,,Water]Sneasler||FocusSash|PoisonTouch|DireClaw,CloseCombat,ThroatChop,Protect|||M|||50|,,,,,Stellar]Kingambit||BlackGlasses|Defiant|KowtowCleave,IronHead,SuckerPunch,Protect|||F|||50|,,,,,Dark]Electabuzz||Eviolite|VitalSpirit|Electroweb,FollowMe,Taunt,Protect|||F|||50|,,,,,Ghost]Volcarona||Leftovers|FlameBody|FieryDance,TeraBlast,QuiverDance,Protect|||M|||50|,,,,,Fairy
|
|t:|1757156506
|teamsize|p1|4
|teamsize|p2|4
|start
|switch|p1a: Torkoal|Torkoal, L50, M|100/100
|switch|p1b: Charizard|Charizard, L50, M|100/100
|switch|p2a: Kingambit|Kingambit, L50, F|100/100
|switch|p2b: Volcarona|Volcarona, L50, M|100/100
|-weather|SunnyDay|[from] ability: Drought|[of] p1a: Torkoal
|turn|1
|
|t:|1757156513
|switch|p1b: Oranguru|Oranguru, L50, F|100/100
|move|p2b: Volcarona|Protect|p2b: Volcarona
|-singleturn|p2b: Volcarona|Protect
|move|p2a: Kingambit|Sucker Punch||[still]
|-fail|p2a: Kingambit
|move|p1a: Torkoal|Eruption|p2b: Volcarona|[spread] p2a
|-activate|p2b: Volcarona|move: Protect
|-supereffective|p2a: Kingambit
|-damage|p2a: Kingambit|0 fnt
|faint|p2a: Kingambit
|
|-weather|SunnyDay|[upkeep]
|upkeep
|
|t:|1757156522
|switch|p2a: Ninetales|Ninetales-Alola, L50, F|100/100
|-weather|Snowscape|[from] ability: Snow Warning|[of] p2a: Ninetales
|turn|2
|
|t:|1757156540
|-terastallize|p2a: Ninetales|Water
|move|p1a: Torkoal|Protect|p1a: Torkoal
|-singleturn|p1a: Torkoal|Protect
|move|p2a: Ninetales|Aurora Veil|p2a: Ninetales
|-sidestart|p2: monkeoogaboog2|move: Aurora Veil
|move|p2b: Volcarona|Quiver Dance|p2b: Volcarona
|-boost|p2b: Volcarona|spa|1
|-boost|p2b: Volcarona|spd|1
|-boost|p2b: Volcarona|spe|1
|move|p1b: Oranguru|Trick Room|p1b: Oranguru
|-fieldstart|move: Trick Room|[of] p1b: Oranguru
|
|-weather|Snowscape|[upkeep]
|upkeep
|turn|3
|
|t:|1757156554
|switch|p1a: Ursaluna|Ursaluna, L50, F|100/100
|move|p1b: Oranguru|Instruct|p2b: Volcarona
|-singleturn|p2b: Volcarona|move: Instruct|[of] p1b: Oranguru
|move|p2b: Volcarona|Quiver Dance|p2b: Volcarona
|-boost|p2b: Volcarona|spa|1
|-boost|p2b: Volcarona|spd|1
|-boost|p2b: Volcarona|spe|1
|move|p2a: Ninetales|Blizzard|p1b: Oranguru|[spread] p1a,p1b
|-supereffective|p1a: Ursaluna
|-damage|p1a: Ursaluna|47/100
|-damage|p1b: Oranguru|76/100
|move|p2b: Volcarona|Quiver Dance|p2b: Volcarona
|-boost|p2b: Volcarona|spa|1
|-boost|p2b: Volcarona|spd|1
|-boost|p2b: Volcarona|spe|1
|
|-weather|Snowscape|[upkeep]
|-status|p1a: Ursaluna|brn|[from] item: Flame Orb
|upkeep
|turn|4
|
|t:|1757156599
|move|p1a: Ursaluna|Rock Slide|p2b: Volcarona|[spread] p2a,p2b
|-supereffective|p2b: Volcarona
|-damage|p2a: Ninetales|69/100
|-damage|p2b: Volcarona|0 fnt
|faint|p2b: Volcarona
|move|p1b: Oranguru|Instruct|p1a: Ursaluna
|-singleturn|p1a: Ursaluna|move: Instruct|[of] p1b: Oranguru
|move|p1a: Ursaluna|Rock Slide|p2a: Ninetales
|-damage|p2a: Ninetales|22/100
|move|p2a: Ninetales|Blizzard|p1b: Oranguru|[spread] p1a,p1b
|-supereffective|p1a: Ursaluna
|-damage|p1a: Ursaluna|0 fnt
|-damage|p1b: Oranguru|49/100
|faint|p1a: Ursaluna
|
|-weather|Snowscape|[upkeep]
|upkeep
|
|t:|1757156612
|switch|p1a: Torkoal|Torkoal, L50, M|100/100
|switch|p2b: Baxcalibur|Baxcalibur, L50, F|100/100
|-weather|SunnyDay|[from] ability: Drought|[of] p1a: Torkoal
|turn|5
|
|t:|1757156621
|-terastallize|p1a: Torkoal|Fire
|move|p2b: Baxcalibur|Protect|p2b: Baxcalibur
|-singleturn|p2b: Baxcalibur|Protect
|move|p1a: Torkoal|Eruption|p2a: Ninetales|[spread] p2a
|-activate|p2b: Baxcalibur|move: Protect
|-resisted|p2a: Ninetales
|-damage|p2a: Ninetales|0 fnt
|faint|p2a: Ninetales
|move|p1b: Oranguru|Instruct|p1a: Torkoal
|-singleturn|p1a: Torkoal|move: Instruct|[of] p1b: Oranguru
|move|p1a: Torkoal|Eruption|p2b: Baxcalibur
|-activate|p2b: Baxcalibur|move: Protect
|
|-weather|SunnyDay|[upkeep]
|upkeep
|turn|6
|
|t:|1757156628
|move|p2b: Baxcalibur|Protect|p2b: Baxcalibur
|-singleturn|p2b: Baxcalibur|Protect
|move|p1a: Torkoal|Eruption|p2b: Baxcalibur
|-activate|p2b: Baxcalibur|move: Protect
|move|p1b: Oranguru|Instruct|p1a: Torkoal
|-singleturn|p1a: Torkoal|move: Instruct|[of] p1b: Oranguru
|move|p1a: Torkoal|Eruption|p2b: Baxcalibur
|-activate|p2b: Baxcalibur|move: Protect
|
|-weather|SunnyDay|[upkeep]
|-sideend|p2: monkeoogaboog2|move: Aurora Veil
|-fieldend|move: Trick Room
|upkeep
|turn|7
|c|☆magikarp soup|gurt
|
|t:|1757156644
|move|p2b: Baxcalibur|Scale Shot|p1a: Torkoal
|-damage|p1a: Torkoal|90/100
|-damage|p1a: Torkoal|80/100
|-damage|p1a: Torkoal|68/100
|-damage|p1a: Torkoal|57/100
|-hitcount|p1a: Torkoal|4
|-unboost|p2b: Baxcalibur|def|1
|-boost|p2b: Baxcalibur|spe|1
|move|p1a: Torkoal|Eruption|p2b: Baxcalibur
|-damage|p2b: Baxcalibur|11/100
|-ability|p2b: Baxcalibur|Thermal Exchange|boost
|-boost|p2b: Baxcalibur|atk|1
|move|p1b: Oranguru|Trick Room|p1b: Oranguru
|-fieldstart|move: Trick Room|[of] p1b: Oranguru
|
|-weather|SunnyDay|[upkeep]
|upkeep
|turn|8
|c|☆monkeoogaboog2|You win either way twin
|
|t:|1757156652
|move|p1a: Torkoal|Earth Power|p2b: Baxcalibur
|-damage|p2b: Baxcalibur|0 fnt
|faint|p2b: Baxcalibur
|
|win|magikarp soup
|c|☆magikarp soup|gg
|c|☆monkeoogaboog2|gg
|c|☆monkeoogaboog2|ok wanna do reg j
|c|☆monkeoogaboog2|once
|c|☆monkeoogaboog2|And then go
|l|☆monkeoogaboog2
|player|p2|
