|j|☆PopoVGC
|j|☆is_katabo
|html|PopoVGCis_katabo    
|uhtml|bestof|Game 1 of a best-of-3
|t:|1785819681
|gametype|doubles
|player|p1|PopoVGC|silver|1146
|player|p2|is_katabo|youngster-gen4dp|1272
|gen|9
|tier|[Gen 9 Champions] VGC 2026 Reg M-B (Bo3)
|rated|
|rule|Species Clause: Limit one of each Pokémon
|rule|Item Clause: Limit 1 of each item
|clearpoke
|poke|p1|Gholdengo, L50|
|poke|p1|Tyranitar, L50, M|
|poke|p1|Excadrill, L50, F|
|poke|p1|Pidgeot, L50, F|
|poke|p1|Tsareena, L50, F|
|poke|p1|Rotom-Wash, L50|
|poke|p2|Venusaur, L50, F|
|poke|p2|Charizard, L50, F|
|poke|p2|Incineroar, L50, F|
|poke|p2|Toxapex, L50, F|
|poke|p2|Dragapult, L50, M|
|poke|p2|Sylveon, L50, F|
|teampreview|4
|showteam|p1|Gholdengo||LifeOrb|GoodasGold|MakeItRain,ShadowBall,NastyPlot,Protect|Timid|||||50|]Tyranitar||Tyranitarite|SandStream|RockSlide,KnockOff,Protect,LowKick|Jolly||M|||50|]Excadrill||FocusSash|SandRush|IronHead,Earthquake,RockSlide,Protect|Adamant||F|||50|]Pidgeot||Pidgeotite|BigPecks|Hurricane,HeatWave,Protect,Tailwind|Timid||F|||50|]Tsareena||ChoiceScarf|QueenlyMajesty|PowerWhip,TripleAxel,Uturn,LowKick|Jolly||F|||50|]Rotom-Wash||SitrusBerry|Levitate|Thunderbolt,HydroPump,Protect,WillOWisp|Bold|||||50|
|showteam|p2|Venusaur||LifeOrb|Chlorophyll|LeafStorm,SludgeBomb,EarthPower,Protect|Modest||F|||50|]Charizard||CharizarditeY|Blaze|WeatherBall,HeatWave,HelpingHand,Protect|Modest||F|||50|]Incineroar||SitrusBerry|Intimidate|FakeOut,ThroatChop,FlareBlitz,PartingShot|Careful||F|||50|]Toxapex||Leftovers|Regenerator|Infestation,Toxic,WideGuard,BanefulBunker|Relaxed||F|||50|]Dragapult||FocusSash|ClearBody|DragonDarts,PhantomForce,DracoMeteor,Protect|Naive||M|||50|]Sylveon||FairyFeather|Pixilate|HyperVoice,HyperBeam,QuickAttack,Detect|Modest||F|||50|
|
|t:|1785819758
|teamsize|p1|4
|teamsize|p2|4
|start
|switch|p1a: Tyranitar|Tyranitar, L50, M|100/100
|switch|p1b: Excadrill|Excadrill, L50, F|100/100
|switch|p2a: Incineroar|Incineroar, L50, F|100/100
|switch|p2b: Dragapult|Dragapult, L50, M|100/100
|-weather|Sandstorm|[from] ability: Sand Stream|[of] p1a: Tyranitar
|-ability|p2a: Incineroar|Intimidate|boost
|-unboost|p1a: Tyranitar|atk|1
|-unboost|p1b: Excadrill|atk|1
|turn|1
|
|t:|1785819781
|move|p1b: Excadrill|Rock Slide|p2a: Incineroar|[spread] p2b
|-miss|p1b: Excadrill|p2a: Incineroar
|-damage|p2b: Dragapult|80/100
|move|p2b: Dragapult|Dragon Darts|p1a: Tyranitar
|-damage|p1a: Tyranitar|76/100
|-anim|p2b: Dragapult|Dragon Darts|p1b: Excadrill
|-resisted|p1b: Excadrill|1
|-damage|p1b: Excadrill|83/100
|move|p1a: Tyranitar|Knock Off|p2a: Incineroar
|-resisted|p2a: Incineroar|1
|-damage|p2a: Incineroar|81/100
|-enditem|p2a: Incineroar|Sitrus Berry|[from] move: Knock Off|[of] p1a: Tyranitar
|move|p2a: Incineroar|Parting Shot|p1b: Excadrill
|-unboost|p1b: Excadrill|atk|1
|-unboost|p1b: Excadrill|spa|1
|
|t:|1785819800
|switch|p2a: Charizard|Charizard, L50, F|100/100|[from] Parting Shot
|
|-weather|Sandstorm|[upkeep]
|-damage|p2b: Dragapult|74/100|[from] Sandstorm
|-damage|p2a: Charizard|93/100|[from] Sandstorm
|upkeep
|turn|2
|
|t:|1785819816
|switch|p2a: Incineroar|Incineroar, L50, F|81/100
|-ability|p2a: Incineroar|Intimidate|boost
|-unboost|p1a: Tyranitar|atk|1
|-unboost|p1b: Excadrill|atk|1
|move|p1b: Excadrill|Protect|p1b: Excadrill
|-singleturn|p1b: Excadrill|Protect
|move|p2b: Dragapult|Phantom Force||[still]
|-prepare|p2b: Dragapult|Phantom Force
|move|p1a: Tyranitar|Rock Slide|p2a: Incineroar|[spread] p2a
|-miss|p1a: Tyranitar|p2b: Dragapult
|-supereffective|p2a: Incineroar|1
|-damage|p2a: Incineroar|53/100
|
|-weather|Sandstorm|[upkeep]
|-damage|p2b: Dragapult|68/100|[from] Sandstorm
|-damage|p2a: Incineroar|48/100|[from] Sandstorm
|upkeep
|turn|3
|
|t:|1785819832
|switch|p1b: Pidgeot|Pidgeot, L50, F|100/100
|move|p2a: Incineroar|Fake Out|p1a: Tyranitar
|-resisted|p1a: Tyranitar|1
|-damage|p1a: Tyranitar|71/100
|move|p2b: Dragapult|Phantom Force|p1b: Pidgeot|[from] lockedmove
|-immune|p1b: Pidgeot
|cant|p1a: Tyranitar|flinch
|
|-weather|Sandstorm|[upkeep]
|-damage|p2b: Dragapult|61/100|[from] Sandstorm
|-damage|p1b: Pidgeot|93/100|[from] Sandstorm
|-damage|p2a: Incineroar|42/100|[from] Sandstorm
|upkeep
|turn|4
|
|t:|1785819859
|detailschange|p1b: Pidgeot|Pidgeot-Mega, L50, F
|-mega|p1b: Pidgeot|Pidgeot|Pidgeotite
|move|p2b: Dragapult|Draco Meteor|p1b: Pidgeot
|-damage|p1b: Pidgeot|22/100
|-unboost|p2b: Dragapult|spa|2
|move|p1b: Pidgeot|Hurricane|p2a: Incineroar
|-damage|p2a: Incineroar|0 fnt
|faint|p2a: Incineroar
|move|p1a: Tyranitar|Knock Off|p2b: Dragapult
|-supereffective|p2b: Dragapult|1
|-damage|p2b: Dragapult|0 fnt
|-enditem|p2b: Dragapult|Focus Sash|[from] move: Knock Off|[of] p1a: Tyranitar
|faint|p2b: Dragapult
|
|-weather|Sandstorm|[upkeep]
|-damage|p1b: Pidgeot|16/100|[from] Sandstorm
|upkeep
|
|t:|1785819868
|switch|p2b: Venusaur|Venusaur, L50, F|100/100
|switch|p2a: Charizard|Charizard, L50, F|93/100
|turn|5
|
|t:|1785819880
|switch|p1a: Excadrill|Excadrill, L50, F|83/100
|move|p1b: Pidgeot|Protect|p1b: Pidgeot
|-singleturn|p1b: Pidgeot|Protect
|move|p2b: Venusaur|Protect|p2b: Venusaur
|-singleturn|p2b: Venusaur|Protect
|move|p2a: Charizard|Weather Ball|p1b: Pidgeot
|-activate|p1b: Pidgeot|move: Protect
|
|-weather|none
|upkeep
|turn|6
|
|t:|1785819910
|detailschange|p2a: Charizard|Charizard-Mega-Y, L50, F
|-mega|p2a: Charizard|Charizard|Charizardite Y
|-weather|SunnyDay|[from] ability: Drought|[of] p2a: Charizard
|move|p2b: Venusaur|Sludge Bomb|p1b: Pidgeot
|-damage|p1b: Pidgeot|0 fnt
|faint|p1b: Pidgeot
|-damage|p2b: Venusaur|90/100|[from] item: Life Orb
|move|p1a: Excadrill|Rock Slide|p2b: Venusaur|[spread] p2a,p2b
|-supereffective|p2a: Charizard|2
|-damage|p2a: Charizard|13/100
|-damage|p2b: Venusaur|63/100
|move|p2a: Charizard|Weather Ball|p1a: Excadrill
|-supereffective|p1a: Excadrill|1
|-damage|p1a: Excadrill|0 fnt
|faint|p1a: Excadrill
|
|-weather|SunnyDay|[upkeep]
|upkeep
|
|t:|1785819922
|switch|p1b: Gholdengo|Gholdengo, L50|100/100
|switch|p1a: Tyranitar|Tyranitar, L50, M|71/100
|-weather|Sandstorm|[from] ability: Sand Stream|[of] p1a: Tyranitar
|turn|7
|
|t:|1785819942
|move|p2a: Charizard|Helping Hand|p2b: Venusaur
|-singleturn|p2b: Venusaur|Helping Hand|[of] p2a: Charizard
|move|p1b: Gholdengo|Protect|p1b: Gholdengo
|-singleturn|p1b: Gholdengo|Protect
|move|p1a: Tyranitar|Protect|p1a: Tyranitar
|-singleturn|p1a: Tyranitar|Protect
|move|p2b: Venusaur|Earth Power|p1b: Gholdengo
|-activate|p1b: Gholdengo|move: Protect
|
|-weather|Sandstorm|[upkeep]
|-damage|p2b: Venusaur|57/100|[from] Sandstorm
|-damage|p2a: Charizard|7/100|[from] Sandstorm
|upkeep
|turn|8
|
|t:|1785819956
|move|p1b: Gholdengo|Make It Rain|p2b: Venusaur|[spread] p2a,p2b
|-resisted|p2a: Charizard|1
|-damage|p2a: Charizard|0 fnt
|-damage|p2b: Venusaur|0 fnt
|-unboost|p1b: Gholdengo|spa|2
|faint|p2a: Charizard
|faint|p2b: Venusaur
|-damage|p1b: Gholdengo|90/100|[from] item: Life Orb
|
|win|PopoVGC
||is_katabo is ready for game 2.
|inactive|PopoVGC has 30 seconds to confirm battle start!
||PopoVGC is ready for game 2.
|uhtml|next|Next: Game 2 of 3
