|j|☆Storm2184
|j|☆tortilla sorpresa
|html|Storm2184tortilla sorpresa    
|uhtml|bestof|Game 2 of a best-of-3
|t:|1756400491
|gametype|doubles
|player|p1|Storm2184|102|1033
|player|p2|tortilla sorpresa|ghetsis-gen5bw|1098
|gen|9
|tier|[Gen 9] VGC 2025 Reg H (Bo3)
|rated|
|rule|Species Clause: Limit one of each Pokémon
|rule|Item Clause: Limit 1 of each item
|clearpoke
|poke|p1|Indeedee-F, L50, F|
|poke|p1|Amoonguss, L50, F|
|poke|p1|Torkoal, L50, M|
|poke|p1|Rabsca, L50, M|
|poke|p1|Ursaluna, L50, M|
|poke|p1|Armarouge, L50, M|
|poke|p2|Weezing-Galar, L50, M|
|poke|p2|Sneasler, L50, M|
|poke|p2|Toedscruel, L50, F|
|poke|p2|Pelipper, L50, M|
|poke|p2|Basculegion, L50, M|
|poke|p2|Archaludon, L50, M|
|teampreview|4
|showteam|p1|Indeedee-F||SafetyGoggles|PsychicSurge|TrickRoom,FollowMe,HelpingHand,DazzlingGleam|||F|||50|,,,,,Fairy]Amoonguss||RockyHelmet|Regenerator|Spore,PollenPuff,RagePowder,Protect|||F|||50|,,,,,Water]Torkoal||Charcoal|Drought|Protect,SolarBeam,LavaPlume,Eruption|||M|||50|,,,,,Fire]Rabsca||FocusSash|Telepathy|RevivalBlessing,StruggleBug,ExpandingForce,TrickRoom|||M|||50|,,,,,Psychic]Ursaluna||FlameOrb|Guts|Facade,HeadlongRush,Earthquake,Protect|||M|||50|,,,,,Ghost]Armarouge||LifeOrb|FlashFire|ExpandingForce,ArmorCannon,WideGuard,Protect|||M|||50|,,,,,Grass
|showteam|p2|Weezing-Galar||SitrusBerry|NeutralizingGas|DazzlingGleam,Taunt,Protect,SludgeBomb|||M|||50|,,,,,Fire]Sneasler||FocusSash|Unburden|ThroatChop,DireClaw,CloseCombat,FakeOut|||M|||50|,,,,,Dark]Toedscruel||CovertCloak|MyceliumMight|Spore,RagePowder,LeafStorm,EarthPower|||F|||50|,,,,,Ground]Pelipper||AbilityShield|Drizzle|Tailwind,Hurricane,Protect,WideGuard|||M|||50|,,,,,Ground]Basculegion||LifeOrb|SwiftSwim|AquaJet,WaveCrash,Protect,LastRespects|||M|||50|,,,,,Grass]Archaludon||AssaultVest|Stamina|ElectroShot,FlashCannon,DracoMeteor,BodyPress|||M|||50|,,,,,Bug
|inactive|Battle timer is ON: inactive players will automatically lose when time's up. (requested by tortilla sorpresa)
|inactive|Storm2184 also wants the timer to be on.
|
|t:|1756400503
|teamsize|p1|4
|teamsize|p2|4
|start
|switch|p1a: Rabsca|Rabsca, L50, M|100/100
|switch|p1b: Indeedee|Indeedee-F, L50, F|100/100
|switch|p2a: Weezing|Weezing-Galar, L50, M|100/100
|switch|p2b: Sneasler|Sneasler, L50, M|100/100
|-ability|p2a: Weezing|Neutralizing Gas
|turn|1
|
|t:|1756400524
|move|p2b: Sneasler|Fake Out|p1a: Rabsca
|-damage|p1a: Rabsca|82/100
|move|p1b: Indeedee|Dazzling Gleam|p2a: Weezing|[spread] p2a,p2b
|-resisted|p2a: Weezing
|-damage|p2a: Weezing|93/100
|-damage|p2b: Sneasler|84/100
|move|p2a: Weezing|Taunt|p1b: Indeedee
|-start|p1b: Indeedee|move: Taunt
|cant|p1a: Rabsca|flinch
|
|upkeep
|turn|2
|
|t:|1756400546
|switch|p1b: Armarouge|Armarouge, L50, M|100/100
|-terastallize|p2b: Sneasler|Dark
|move|p2b: Sneasler|Throat Chop|p1a: Rabsca
|-supereffective|p1a: Rabsca
|-damage|p1a: Rabsca|0 fnt
|faint|p1a: Rabsca
|move|p2a: Weezing|Taunt|p1b: Armarouge
|-start|p1b: Armarouge|move: Taunt
|
|upkeep
|
|t:|1756400552
|switch|p1a: Indeedee|Indeedee-F, L50, F|100/100
|turn|3
|
|t:|1756400568
|-terastallize|p1a: Indeedee|Fairy
|move|p1a: Indeedee|Follow Me|p1a: Indeedee
|-singleturn|p1a: Indeedee|move: Follow Me
|move|p2b: Sneasler|Dire Claw|p1a: Indeedee
|-supereffective|p1a: Indeedee
|-damage|p1a: Indeedee|0 fnt
|faint|p1a: Indeedee
|move|p1b: Armarouge|Armor Cannon|p2b: Sneasler
|-damage|p2b: Sneasler|0 fnt
|-unboost|p1b: Armarouge|def|1
|-unboost|p1b: Armarouge|spd|1
|faint|p2b: Sneasler
|-damage|p1b: Armarouge|91/100|[from] item: Life Orb
|move|p2a: Weezing|Taunt||[still]
|-fail|p2a: Weezing
|
|upkeep
|inactive|Storm2184 has 30 seconds left.
|
|t:|1756400595
|switch|p2b: Basculegion|Basculegion, L50, M, shiny|100/100
|switch|p1a: Torkoal|Torkoal, L50, M|100/100
|turn|4
|
|t:|1756400604
|-end|p2a: Weezing|ability: Neutralizing Gas
|-weather|SunnyDay|[from] ability: Drought|[of] p1a: Torkoal
|switch|p2a: Pelipper|Pelipper, L50, M|100/100
|-weather|RainDance|[from] ability: Drizzle|[of] p2a: Pelipper
|move|p1a: Torkoal|Protect|p1a: Torkoal
|-singleturn|p1a: Torkoal|Protect
|move|p2b: Basculegion|Wave Crash|p1a: Torkoal
|-activate|p1a: Torkoal|move: Protect
|move|p1b: Armarouge|Expanding Force|p2a: Pelipper
|-damage|p2a: Pelipper|20/100
|-damage|p1b: Armarouge|81/100|[from] item: Life Orb
|
|-weather|RainDance|[upkeep]
|-end|p1b: Armarouge|move: Taunt
|upkeep
|turn|5
|
|t:|1756400618
|move|p2a: Pelipper|Wide Guard|p2a: Pelipper
|-singleturn|p2a: Pelipper|Wide Guard
|move|p2b: Basculegion|Wave Crash|p1a: Torkoal
|-supereffective|p1a: Torkoal
|-damage|p1a: Torkoal|0 fnt
|faint|p1a: Torkoal
|-damage|p2b: Basculegion|71/100|[from] Recoil
|-damage|p2b: Basculegion|62/100|[from] item: Life Orb
|move|p1b: Armarouge|Expanding Force|p2a: Pelipper
|-damage|p2a: Pelipper|0 fnt
|faint|p2a: Pelipper
|-damage|p1b: Armarouge|71/100|[from] item: Life Orb
|
|-weather|RainDance|[upkeep]
|upkeep
|
|t:|1756400620
|switch|p2a: Weezing|Weezing-Galar, L50, M|93/100
|-ability|p2a: Weezing|Neutralizing Gas
|turn|6
|
|t:|1756400625
|move|p2b: Basculegion|Last Respects|p1b: Armarouge
|-supereffective|p1b: Armarouge
|-damage|p1b: Armarouge|0 fnt
|faint|p1b: Armarouge
|-damage|p2b: Basculegion|52/100|[from] item: Life Orb
|
|win|tortilla sorpresa
||tortilla sorpresa is ready for game 3.
||Storm2184 is ready for game 3.
|uhtml|next|Next: Game 3 of 3
