|j|☆ground tera
|j|☆EW 3232122
|html|ground teraEW 3232122    
|uhtml|bestof|Game 2 of a best-of-3
|t:|1784382651
|gametype|doubles
|player|p1|ground tera|102|1287
|player|p2|EW 3232122|jasmine|1231
|gen|9
|tier|[Gen 9 Champions] VGC 2026 Reg M-B (Bo3)
|rated|
|rule|Species Clause: Limit one of each Pokémon
|rule|Item Clause: Limit 1 of each item
|clearpoke
|poke|p1|Whimsicott, L50, M, shiny|
|poke|p1|Garchomp, L50, M|
|poke|p1|Basculegion, L50, M|
|poke|p1|Charizard, L50, M|
|poke|p1|Floette-Eternal, L50, F|
|poke|p1|Kingambit, L50, F|
|poke|p2|Staraptor, L50, F|
|poke|p2|Incineroar, L50, F, shiny|
|poke|p2|Sinistcha, L50|
|poke|p2|Grimmsnarl, L50, M|
|poke|p2|Kingambit, L50, F|
|poke|p2|Raichu, L50, M|
|teampreview|4
|showteam|p1|Whimsicott||FocusSash|Prankster|Protect,Tailwind,SunnyDay,Moonblast|Timid||M|||50|]Garchomp||LifeOrb|RoughSkin|Protect,RockSlide,Earthquake,DragonClaw|Jolly||M|||50|]Basculegion||MysticWater|Adaptability|Protect,WaveCrash,LastRespects,AquaJet|Adamant||M|||50|]Charizard||CharizarditeY|Blaze|Protect,HeatWave,WeatherBall,SolarBeam|Modest||M|||50|]Floette-Eternal||Floettite|FlowerVeil|Protect,LightofRuin,DazzlingGleam,Moonblast|Timid||F|||50|]Kingambit||ChopleBerry|Defiant|LowKick,SuckerPunch,KowtowCleave,IronHead|Adamant||F|||50|
|showteam|p2|Staraptor||Staraptite|Intimidate|Protect,BraveBird,CloseCombat,Roost|Adamant||F|||50|]Incineroar||SitrusBerry|Intimidate|PartingShot,FakeOut,FlareBlitz,DarkestLariat|Careful||F|||50|]Sinistcha||OccaBerry|Hospitality|MatchaGotcha,TrickRoom,LifeDew,RagePowder|Relaxed|||||50|]Grimmsnarl||LightClay|Prankster|PartingShot,FakeTears,LightScreen,Reflect|Careful||M|||50|]Kingambit||FocusSash|Defiant|IronHead,SuckerPunch,LowKick,KowtowCleave|Adamant||F|||50|]Raichu||RaichuniteY|LightningRod|ZapCannon,FakeOut,FocusBlast,Protect|Timid||M|||50|
|inactive|Battle timer is ON: inactive players will automatically lose when time's up. (requested by ground tera)
|inactive|EW 3232122 also wants the timer to be on.
|
|t:|1784382680
|teamsize|p1|4
|teamsize|p2|4
|start
|switch|p1a: Floette|Floette-Eternal, L50, F|100/100
|switch|p1b: Basculegion|Basculegion, L50, M|100/100
|switch|p2a: Kingambit|Kingambit, L50, F|100/100
|switch|p2b: Raichu|Raichu, L50, M|100/100
|turn|1
|inactive|ground tera has 30 seconds left.
|inactive|EW 3232122 has 30 seconds left.
|inactive|EW 3232122 has 20 seconds left.
|inactive|EW 3232122 has 15 seconds left.
|inactive|EW 3232122 has 10 seconds left.
|
|t:|1784382727
|detailschange|p2b: Raichu|Raichu-Mega-Y, L50, M
|-mega|p2b: Raichu|Raichu|Raichunite Y
|move|p1a: Floette|Protect|p1a: Floette
|-singleturn|p1a: Floette|Protect
|move|p1b: Basculegion|Aqua Jet|p2a: Kingambit
|-damage|p2a: Kingambit|70/100
|move|p2b: Raichu|Focus Blast|p1b: Basculegion
|-immune|p1b: Basculegion
|move|p2a: Kingambit|Kowtow Cleave|p1b: Basculegion
|-supereffective|p1b: Basculegion|1
|-damage|p1b: Basculegion|0 fnt
|faint|p1b: Basculegion
|
|upkeep
|
|t:|1784382747
|switch|p1b: Garchomp|Garchomp, L50, M|100/100
|turn|2
|inactive|EW 3232122 has 30 seconds left.
|
|t:|1784382773
|switch|p1a: Whimsicott|Whimsicott, L50, M, shiny|100/100
|switch|p2a: Incineroar|Incineroar, L50, F, shiny|100/100
|-ability|p2a: Incineroar|Intimidate|boost
|-unboost|p1a: Whimsicott|atk|1
|-unboost|p1b: Garchomp|atk|1
|move|p2b: Raichu|Zap Cannon|p1a: Whimsicott
|-resisted|p1a: Whimsicott|1
|-damage|p1a: Whimsicott|50/100g
|-status|p1a: Whimsicott|par
|move|p1b: Garchomp|Earthquake|p2a: Incineroar|[spread] p1a,p2a,p2b
|-resisted|p1a: Whimsicott|1
|-supereffective|p2a: Incineroar|1
|-supereffective|p2b: Raichu|1
|-damage|p1a: Whimsicott|24/100 par
|-damage|p2a: Incineroar|38/100
|-damage|p2b: Raichu|20/100y
|-enditem|p2a: Incineroar|Sitrus Berry|[eat]
|-heal|p2a: Incineroar|62/100|[from] item: Sitrus Berry
|-damage|p1b: Garchomp|90/100|[from] item: Life Orb
|
|upkeep
|turn|3
|inactive|ground tera has 30 seconds left.
|inactive|EW 3232122 has 30 seconds left.
|inactive|EW 3232122 has 20 seconds left.
|inactive|EW 3232122 has 15 seconds left.
|
|t:|1784382818
|switch|p2b: Sinistcha|Sinistcha, L50|100/100
|-heal|p2a: Incineroar|87/100|[from] ability: Hospitality|[of] p2b: Sinistcha
|move|p2a: Incineroar|Fake Out|p1a: Whimsicott
|-damage|p1a: Whimsicott|8/100 par
|cant|p1a: Whimsicott|flinch
|move|p1b: Garchomp|Earthquake|p2a: Incineroar|[spread] p1a,p2a,p2b
|-resisted|p1a: Whimsicott|1
|-supereffective|p2a: Incineroar|1
|-resisted|p2b: Sinistcha|1
|-damage|p1a: Whimsicott|0 fnt
|-damage|p2a: Incineroar|29/100
|-damage|p2b: Sinistcha|87/100
|faint|p1a: Whimsicott
|-damage|p1b: Garchomp|80/100|[from] item: Life Orb
|
|upkeep
|
|t:|1784382822
|switch|p1a: Floette|Floette-Eternal, L50, F|100/100
|turn|4
|inactive|EW 3232122 has 30 seconds left.
|inactive|EW 3232122 has 20 seconds left.
|inactive|EW 3232122 has 15 seconds left.
|
|t:|1784382863
|detailschange|p1a: Floette|Floette-Mega, L50, F
|-mega|p1a: Floette|Floette|Floettite
|-ability|p1a: Floette|Fairy Aura
|move|p1a: Floette|Moonblast|p2b: Sinistcha
|-damage|p2b: Sinistcha|9/100
|move|p1b: Garchomp|Rock Slide|p2a: Incineroar|[spread] p2a,p2b
|-supereffective|p2a: Incineroar|1
|-damage|p2a: Incineroar|0 fnt
|-damage|p2b: Sinistcha|0 fnt
|faint|p2a: Incineroar
|faint|p2b: Sinistcha
|-damage|p1b: Garchomp|70/100|[from] item: Life Orb
|
|upkeep
|
|t:|1784382876
|switch|p2a: Raichu|Raichu-Mega-Y, L50, M|20/100y
|switch|p2b: Kingambit|Kingambit, L50, F|70/100
|turn|5
|
|t:|1784382900
|move|p1a: Floette|Protect|p1a: Floette
|-singleturn|p1a: Floette|Protect
|move|p1b: Garchomp|Protect|p1b: Garchomp
|-singleturn|p1b: Garchomp|Protect
|move|p2a: Raichu|Fake Out|p1b: Garchomp
|-activate|p1b: Garchomp|move: Protect
|move|p2b: Kingambit|Iron Head|p1a: Floette
|-activate|p1a: Floette|move: Protect
|
|upkeep
|turn|6
|inactive|EW 3232122 has 30 seconds left.
|inactive|EW 3232122 has 20 seconds left.
|
|t:|1784382939
|move|p2a: Raichu|Zap Cannon|p1a: Floette
|-damage|p1a: Floette|47/100
|-status|p1a: Floette|par
|move|p1b: Garchomp|Earthquake|p2a: Raichu|[spread] p1a,p2a,p2b
|-supereffective|p2a: Raichu|1
|-supereffective|p2b: Kingambit|1
|-damage|p1a: Floette|7/100 par
|-damage|p2a: Raichu|0 fnt
|-damage|p2b: Kingambit|10/100
|faint|p2a: Raichu
|-damage|p1b: Garchomp|60/100|[from] item: Life Orb
|move|p2b: Kingambit|Kowtow Cleave|p1b: Garchomp
|-damage|p1b: Garchomp|13/100
|-damage|p2b: Kingambit|0 fnt|[from] ability: Rough Skin|[of] p1b: Garchomp
|faint|p2b: Kingambit
|
|win|ground tera
|raw|ground tera's rating: 1287 → 1308(+21 for winning)
|raw|EW 3232122's rating: 1231 → 1210(-21 for losing)
