|j|☆Capravolante97
|j|☆PippoLungoCalzino
|html|Capravolante97PippoLungoCalzino    
|uhtml|bestof|Game 2 of a best-of-3
|t:|1756223079
|gametype|doubles
|player|p1|Capravolante97|fantina|1250
|player|p2|PippoLungoCalzino|1|1194
|gen|9
|tier|[Gen 9] VGC 2025 Reg H (Bo3)
|rated|
|rule|Species Clause: Limit one of each Pokémon
|rule|Item Clause: Limit 1 of each item
|clearpoke
|poke|p1|Whimsicott, L50, F|
|poke|p1|Meowscarada, L50, M|
|poke|p1|Indeedee, L50, M|
|poke|p1|Sneasler, L50, M|
|poke|p1|Ursaluna-Bloodmoon, L50, M|
|poke|p1|Archaludon, L50, F|
|poke|p2|Dragonite, L50, M|
|poke|p2|Gholdengo, L50|
|poke|p2|Sneasler, L50, M|
|poke|p2|Talonflame, L50, M|
|poke|p2|Archaludon, L50, F|
|poke|p2|Garchomp, L50, M|
|teampreview|4
|showteam|p1|Whimsicott||CovertCloak|Prankster|Moonblast,Taunt,Tailwind,FakeTears|||F|||50|,,,,,Water]Meowscarada||ChoiceBand|Protean|FlowerTrick,TripleAxel,Uturn,KnockOff|||M|||50|,,,,,Ghost]Indeedee||FocusSash|PsychicSurge|ExpandingForce,TeraBlast,Imprison,TrickRoom|||M|||50|,,,,,Psychic]Sneasler||PsychicSeed|Unburden|CloseCombat,DireClaw,ThroatChop,Protect|||M|||50|,,,,,Dark]Ursaluna-Bloodmoon||LifeOrb|MindsEye|HyperVoice,BloodMoon,EarthPower,Protect|||M|||50|,,,,,Normal]Archaludon||PowerHerb|Stalwart|ElectroShot,DragonPulse,Thunderbolt,Protect|||F|||50|,,,,,Electric
|showteam|p2|Dragonite||LoadedDice|Multiscale|ScaleShot,ExtremeSpeed,IceSpinner,Haze|||M|||50|,,,,,Fairy]Gholdengo||ChoiceSpecs|GoodasGold|MakeItRain,ShadowBall,PowerGem,Thunderbolt||||||50|,,,,,Steel]Sneasler||FocusSash|Unburden|CloseCombat,DireClaw,FakeOut,Coaching|||M|||50|,,,,,Stellar]Talonflame||CovertCloak|GaleWings|BraveBird,Tailwind,WillOWisp,Taunt|||M|||50|,,,,,Grass]Archaludon||PowerHerb|Sturdy|FlashCannon,DracoMeteor,ElectroShot,Protect|||F|||50|,,,,,Flying]Garchomp||LifeOrb|RoughSkin|DragonClaw,StompingTantrum,Earthquake,Protect|||M|||50|,,,,,Ground
|inactive|Battle timer is ON: inactive players will automatically lose when time's up. (requested by Capravolante97)
|inactive|Capravolante97 has 60 seconds left.
|inactive|PippoLungoCalzino has 60 seconds left.
|
|t:|1756223138
|teamsize|p1|4
|teamsize|p2|4
|start
|switch|p1a: Whimsicott|Whimsicott, L50, F|100/100
|switch|p1b: Ursaluna|Ursaluna-Bloodmoon, L50, M|100/100
|switch|p2a: Talonflame|Talonflame, L50, M|100/100
|switch|p2b: Garchomp|Garchomp, L50, M|100/100
|turn|1
|inactive|Capravolante97 has 30 seconds left.
|
|t:|1756223170
|-terastallize|p1b: Ursaluna|Normal
|move|p2b: Garchomp|Protect|p2b: Garchomp
|-singleturn|p2b: Garchomp|Protect
|move|p2a: Talonflame|Tailwind|p2a: Talonflame
|-sidestart|p2: PippoLungoCalzino|move: Tailwind
|move|p1a: Whimsicott|Tailwind|p1a: Whimsicott
|-sidestart|p1: Capravolante97|move: Tailwind
|move|p1b: Ursaluna|Blood Moon|p2b: Garchomp
|-activate|p2b: Garchomp|move: Protect
|
|upkeep
|turn|2
|
|t:|1756223185
|-terastallize|p2b: Garchomp|Ground
|move|p2a: Talonflame|Brave Bird|p1b: Ursaluna
|-damage|p1b: Ursaluna|70/100
|-damage|p2a: Talonflame|90/100|[from] Recoil
|move|p1a: Whimsicott|Fake Tears|p2b: Garchomp
|-unboost|p2b: Garchomp|spd|2
|move|p2b: Garchomp|Earthquake|p1a: Whimsicott|[spread] p1a,p1b
|-immune|p2a: Talonflame
|-resisted|p1a: Whimsicott
|-damage|p1a: Whimsicott|57/100
|-damage|p1b: Ursaluna|13/100
|-damage|p2b: Garchomp|91/100|[from] item: Life Orb
|move|p1b: Ursaluna|Hyper Voice|p2b: Garchomp|[spread] p2a,p2b
|-damage|p2a: Talonflame|4/100
|-damage|p2b: Garchomp|0 fnt
|faint|p2b: Garchomp
|-damage|p1b: Ursaluna|4/100|[from] item: Life Orb
|
|upkeep
|
|t:|1756223199
|switch|p2b: Gholdengo|Gholdengo, L50|100/100
|turn|3
|inactive|Capravolante97 has 30 seconds left.
|
|t:|1756223225
|move|p1b: Ursaluna|Protect|p1b: Ursaluna
|-singleturn|p1b: Ursaluna|Protect
|move|p1a: Whimsicott|Taunt|p2a: Talonflame
|-start|p2a: Talonflame|move: Taunt
|move|p2a: Talonflame|Brave Bird|p1a: Whimsicott
|-supereffective|p1a: Whimsicott
|-damage|p1a: Whimsicott|0 fnt
|faint|p1a: Whimsicott
|-damage|p2a: Talonflame|0 fnt|[from] Recoil
|faint|p2a: Talonflame
|move|p2b: Gholdengo|Make It Rain|p1b: Ursaluna
|-activate|p1b: Ursaluna|move: Protect
|
|upkeep
|
|t:|1756223242
|switch|p2a: Sneasler|Sneasler, L50, M|100/100
|switch|p1a: Sneasler|Sneasler, L50, M|100/100
|turn|4
|
|t:|1756223255
|move|p1a: Sneasler|Protect|p1a: Sneasler
|-singleturn|p1a: Sneasler|Protect
|move|p2a: Sneasler|Fake Out|p1a: Sneasler
|-activate|p1a: Sneasler|move: Protect
|move|p2b: Gholdengo|Make It Rain|p1a: Sneasler|[spread] p1b
|-activate|p1a: Sneasler|move: Protect
|-damage|p1b: Ursaluna|0 fnt
|-unboost|p2b: Gholdengo|spa|1
|faint|p1b: Ursaluna
|
|-sideend|p2: PippoLungoCalzino|move: Tailwind
|-sideend|p1: Capravolante97|move: Tailwind
|upkeep
|
|t:|1756223262
|switch|p1b: Meowscarada|Meowscarada, L50, M|100/100
|turn|5
|
|t:|1756223280
|move|p1b: Meowscarada|Knock Off|p2b: Gholdengo
|-start|p1b: Meowscarada|typechange|Dark|[from] ability: Protean
|-supereffective|p2b: Gholdengo
|-damage|p2b: Gholdengo|0 fnt
|-enditem|p2b: Gholdengo|Choice Specs|[from] move: Knock Off|[of] p1b: Meowscarada
|faint|p2b: Gholdengo
|move|p2a: Sneasler|Dire Claw|p1b: Meowscarada
|-damage|p1b: Meowscarada|35/100
|move|p1a: Sneasler|Dire Claw|p2a: Sneasler
|-resisted|p2a: Sneasler
|-damage|p2a: Sneasler|64/100
|
|upkeep
|turn|6
|
|t:|1756223296
|move|p1b: Meowscarada|Knock Off|p2a: Sneasler
|-resisted|p2a: Sneasler
|-damage|p2a: Sneasler|10/100
|-enditem|p2a: Sneasler|Focus Sash|[from] move: Knock Off|[of] p1b: Meowscarada
|move|p2a: Sneasler|Dire Claw|p1b: Meowscarada
|-damage|p1b: Meowscarada|0 fnt
|faint|p1b: Meowscarada
|move|p1a: Sneasler|Dire Claw|p2a: Sneasler
|-resisted|p2a: Sneasler
|-damage|p2a: Sneasler|0 fnt
|faint|p2a: Sneasler
|
|win|Capravolante97
||PippoLungoCalzino is ready for game 3.
||Capravolante97 is ready for game 3.
|uhtml|next|Next: Game 3 of 3
