|j|☆Chelicerate1
|j|☆67ToTheTop
|html|Chelicerate167ToTheTop    
|uhtml|bestof|Game 2 of a best-of-3
|t:|1784704307
|gametype|doubles
|player|p1|Chelicerate1|ethan|1359
|player|p2|67ToTheTop|serena|1346
|gen|9
|tier|[Gen 9 Champions] VGC 2026 Reg M-B (Bo3)
|rated|
|rule|Species Clause: Limit one of each Pokémon
|rule|Item Clause: Limit 1 of each item
|clearpoke
|poke|p1|Grimmsnarl, L50, M|
|poke|p1|Basculegion, L50, M|
|poke|p1|Charizard, L50, F|
|poke|p1|Pelipper, L50, M|
|poke|p1|Venusaur, L50, M|
|poke|p1|Archaludon, L50, M|
|poke|p2|Garchomp, L50, M|
|poke|p2|Venusaur, L50, M|
|poke|p2|Incineroar, L50, M|
|poke|p2|Charizard, L50, F|
|poke|p2|Toxapex, L50, F|
|poke|p2|Annihilape, L50, M|
|teampreview|4
|showteam|p1|Grimmsnarl||LightClay|Prankster|SpiritBreak,PartingShot,Reflect,LightScreen|Sassy||M|||50|]Basculegion||ChoiceScarf|Adaptability|LastRespects,WaveCrash,AquaJet,FlipTurn|Jolly||M|||50|]Charizard||CharizarditeY|Blaze|Protect,HeatWave,WeatherBall,SolarBeam|Modest||F|||50|]Pelipper||SitrusBerry|Drizzle|Hurricane,WeatherBall,Tailwind,WideGuard|Modest||M|||50|]Venusaur||FocusSash|Chlorophyll|SludgeBomb,SleepPowder,EarthPower,Protect|Modest||M|||50|]Archaludon||Leftovers|Stamina|ElectroShot,DragonPulse,FlashCannon,Protect|Calm||M|||50|
|showteam|p2|Garchomp||ChoiceScarf|RoughSkin|Earthquake,DragonClaw,StompingTantrum,RockSlide|Adamant||M|||50|]Venusaur||LifeOrb|Chlorophyll|SolarBeam,SludgeBomb,EarthPower,Protect|Modest||M|||50|]Incineroar||SitrusBerry|Intimidate|FlareBlitz,ThroatChop,FakeOut,PartingShot|Impish||M|||50|]Charizard||CharizarditeY|Blaze|HeatWave,WeatherBall,HelpingHand,Protect|Modest||F|||50|]Toxapex||Leftovers|Regenerator|Infestation,Toxic,WideGuard,BanefulBunker|Bold||F|||50|]Annihilape||FocusSash|Defiant|CloseCombat,PhantomForce,RockTomb,Protect|Jolly||M|||50|
|inactive|Battle timer is ON: inactive players will automatically lose when time's up. (requested by Chelicerate1)
|inactive|67ToTheTop has 60 seconds left.
|
|t:|1784704351
|teamsize|p1|4
|teamsize|p2|4
|start
|switch|p1a: Grimmsnarl|Grimmsnarl, L50, M|100/100
|switch|p1b: Charizard|Charizard, L50, F|100/100
|switch|p2a: Toxapex|Toxapex, L50, F|100/100
|switch|p2b: Incineroar|Incineroar, L50, M|100/100
|-ability|p2b: Incineroar|Intimidate|boost
|-unboost|p1a: Grimmsnarl|atk|1
|-unboost|p1b: Charizard|atk|1
|turn|1
|inactive|Chelicerate1 has 30 seconds left.
|inactive|Chelicerate1 has 20 seconds left.
|
|t:|1784704390
|switch|p1b: Archaludon|Archaludon, L50, M|100/100
|move|p2b: Incineroar|Fake Out|p1a: Grimmsnarl
|-damage|p1a: Grimmsnarl|88/100
|cant|p1a: Grimmsnarl|flinch
|move|p2a: Toxapex|Infestation|p1b: Archaludon
|-resisted|p1b: Archaludon|1
|-damage|p1b: Archaludon|98/100
|-activate|p1b: Archaludon|move: Infestation|[of] p2a: Toxapex
|-ability|p1b: Archaludon|Stamina|boost
|-boost|p1b: Archaludon|def|1
|
|-heal|p1b: Archaludon|100/100|[from] item: Leftovers
|-damage|p1b: Archaludon|87/100|[from] move: Infestation|[partiallytrapped]
|upkeep
|turn|2
|inactive|67ToTheTop has 30 seconds left.
|
|t:|1784704419
|switch|p1a: Pelipper|Pelipper, L50, M|100/100
|-weather|RainDance|[from] ability: Drizzle|[of] p1a: Pelipper
|move|p1b: Archaludon|Electro Shot||[still]
|-prepare|p1b: Archaludon|Electro Shot
|-boost|p1b: Archaludon|spa|1
|-anim|p1b: Archaludon|Electro Shot|p2a: Toxapex
|-supereffective|p2a: Toxapex|1
|-damage|p2a: Toxapex|21/100
|move|p2b: Incineroar|Parting Shot|p1b: Archaludon
|-unboost|p1b: Archaludon|atk|1
|-unboost|p1b: Archaludon|spa|1
|
|t:|1784704431
|switch|p2b: Charizard|Charizard, L50, F|100/100|[from] Parting Shot
|move|p2a: Toxapex|Infestation|p1a: Pelipper
|-resisted|p1a: Pelipper|1
|-damage|p1a: Pelipper|97/100
|-activate|p1a: Pelipper|move: Infestation|[of] p2a: Toxapex
|
|-weather|RainDance|[upkeep]
|-heal|p1b: Archaludon|93/100|[from] item: Leftovers
|-heal|p2a: Toxapex|26/100|[from] item: Leftovers
|-damage|p1b: Archaludon|81/100|[from] move: Infestation|[partiallytrapped]
|-damage|p1a: Pelipper|85/100|[from] move: Infestation|[partiallytrapped]
|upkeep
|turn|3
|inactive|67ToTheTop has 30 seconds left.
|
|t:|1784704461
|detailschange|p2b: Charizard|Charizard-Mega-Y, L50, F
|-mega|p2b: Charizard|Charizard|Charizardite Y
|-weather|SunnyDay|[from] ability: Drought|[of] p2b: Charizard
|move|p2b: Charizard|Protect|p2b: Charizard
|-singleturn|p2b: Charizard|Protect
|move|p1b: Archaludon|Protect|p1b: Archaludon
|-singleturn|p1b: Archaludon|Protect
|move|p2a: Toxapex|Baneful Bunker|p2a: Toxapex
|-singleturn|p2a: Toxapex|move: Protect
|move|p1a: Pelipper|Tailwind|p1a: Pelipper
|-sidestart|p1: Chelicerate1|move: Tailwind
|
|-weather|SunnyDay|[upkeep]
|-heal|p1b: Archaludon|87/100|[from] item: Leftovers
|-heal|p2a: Toxapex|32/100|[from] item: Leftovers
|-damage|p1b: Archaludon|75/100|[from] move: Infestation|[partiallytrapped]
|-damage|p1a: Pelipper|73/100|[from] move: Infestation|[partiallytrapped]
|upkeep
|turn|4
|inactive|67ToTheTop has 30 seconds left.
|
|t:|1784704489
|move|p1b: Archaludon|Dragon Pulse|p2a: Toxapex
|-damage|p2a: Toxapex|3/100
|move|p1a: Pelipper|Weather Ball|p2b: Charizard
|-resisted|p2b: Charizard|1
|-damage|p2b: Charizard|82/100
|move|p2b: Charizard|Weather Ball|p1b: Archaludon
|-damage|p1b: Archaludon|0 fnt
|faint|p1b: Archaludon
|move|p2a: Toxapex|Toxic|p1a: Pelipper
|-status|p1a: Pelipper|tox
|
|-weather|SunnyDay|[upkeep]
|-heal|p2a: Toxapex|9/100|[from] item: Leftovers
|-damage|p1a: Pelipper|67/100 tox|[from] psn
|-damage|p1a: Pelipper|55/100 tox|[from] move: Infestation|[partiallytrapped]
|upkeep
|
|t:|1784704508
|switch|p1b: Charizard|Charizard, L50, F|100/100
|turn|5
|
|t:|1784704533
|detailschange|p1b: Charizard|Charizard-Mega-Y, L50, F
|-mega|p1b: Charizard|Charizard|Charizardite Y
|move|p2b: Charizard|Protect|p2b: Charizard
|-singleturn|p2b: Charizard|Protect
|move|p2a: Toxapex|Baneful Bunker|p2a: Toxapex
|-singleturn|p2a: Toxapex|move: Protect
|move|p1b: Charizard|Weather Ball|p2b: Charizard
|-activate|p2b: Charizard|move: Protect
|move|p1a: Pelipper|Weather Ball|p2a: Toxapex
|-activate|p2a: Toxapex|move: Protect
|
|-weather|SunnyDay|[upkeep]
|-heal|p2a: Toxapex|15/100|[from] item: Leftovers
|-damage|p1a: Pelipper|43/100 tox|[from] psn
|-damage|p1a: Pelipper|31/100 tox|[from] move: Infestation|[partiallytrapped]
|upkeep
|-enditem|p1a: Pelipper|Sitrus Berry|[eat]
|-heal|p1a: Pelipper|56/100 tox|[from] item: Sitrus Berry
|turn|6
|inactive|Chelicerate1 has 30 seconds left.
|inactive|67ToTheTop has 30 seconds left.
|inactive|67ToTheTop has 20 seconds left.
|inactive|Chelicerate1 has 20 seconds left.
|inactive|67ToTheTop has 15 seconds left.
|inactive|Chelicerate1 has 15 seconds left.
|
|t:|1784704579
|-heal|p2a: Toxapex|48/100|[from] ability: Regenerator|[silent]
|switch|p2a: Incineroar|Incineroar, L50, M|100/100
|-ability|p2a: Incineroar|Intimidate|boost
|-unboost|p1a: Pelipper|atk|1
|-unboost|p1b: Charizard|atk|1
|move|p1b: Charizard|Weather Ball|p2a: Incineroar
|-resisted|p2a: Incineroar|1
|-damage|p2a: Incineroar|61/100
|move|p1a: Pelipper|Weather Ball|p2a: Incineroar
|-resisted|p2a: Incineroar|1
|-damage|p2a: Incineroar|42/100
|-enditem|p2a: Incineroar|Sitrus Berry|[eat]
|-heal|p2a: Incineroar|67/100|[from] item: Sitrus Berry
|move|p2b: Charizard|Heat Wave|p1b: Charizard|[spread] p1a,p1b
|-resisted|p1a: Pelipper|1
|-resisted|p1b: Charizard|1
|-damage|p1a: Pelipper|12/100 tox
|-damage|p1b: Charizard|74/100
|
|-weather|SunnyDay|[upkeep]
|-damage|p1a: Pelipper|0 fnt|[from] psn
|faint|p1a: Pelipper
|-sideend|p1: Chelicerate1|move: Tailwind
|upkeep
|
|t:|1784704600
|switch|p1a: Grimmsnarl|Grimmsnarl, L50, M|88/100
|turn|7
|
|t:|1784704610
|move|p2a: Incineroar|Fake Out|p1a: Grimmsnarl
|-damage|p1a: Grimmsnarl|77/100
|move|p1b: Charizard|Weather Ball|p2b: Charizard
|-resisted|p2b: Charizard|1
|-damage|p2b: Charizard|43/100
|move|p2b: Charizard|Weather Ball|p1a: Grimmsnarl
|-damage|p1a: Grimmsnarl|0 fnt
|faint|p1a: Grimmsnarl
|
|-weather|none
|upkeep
|turn|8
|
|t:|1784704633
|move|p2b: Charizard|Protect|p2b: Charizard
|-singleturn|p2b: Charizard|Protect
|move|p1b: Charizard|Heat Wave|p2b: Charizard|[spread] p2a
|-activate|p2b: Charizard|move: Protect
|-resisted|p2a: Incineroar|1
|-damage|p2a: Incineroar|49/100
|move|p2a: Incineroar|Parting Shot|p1b: Charizard
|-unboost|p1b: Charizard|atk|1
|-unboost|p1b: Charizard|spa|1
|
|t:|1784704642
|switch|p2a: Toxapex|Toxapex, L50, F|48/100|[from] Parting Shot
|
|-heal|p2a: Toxapex|54/100|[from] item: Leftovers
|upkeep
|turn|9
|
|t:|1784704651
|switch|p2b: Incineroar|Incineroar, L50, M|49/100
|-ability|p2b: Incineroar|Intimidate|boost
|-unboost|p1b: Charizard|atk|1
|move|p1b: Charizard|Heat Wave|p2a: Toxapex|[spread] p2a,p2b
|-resisted|p2a: Toxapex|1
|-resisted|p2b: Incineroar|1
|-damage|p2a: Toxapex|43/100
|-damage|p2b: Incineroar|36/100
|move|p2a: Toxapex|Toxic|p1b: Charizard
|-status|p1b: Charizard|tox
|
|-heal|p2a: Toxapex|49/100|[from] item: Leftovers
|-damage|p1b: Charizard|68/100 tox|[from] psn
|upkeep
|turn|10
|inactive|67ToTheTop has 30 seconds left.
|
|t:|1784704681
|move|p2b: Incineroar|Fake Out|p1b: Charizard
|-damage|p1b: Charizard|57/100 tox
|cant|p1b: Charizard|flinch
|move|p2a: Toxapex|Infestation|p1b: Charizard
|-resisted|p1b: Charizard|2
|-damage|p1b: Charizard|57/100 tox
|-activate|p1b: Charizard|move: Infestation|[of] p2a: Toxapex
|
|-heal|p2a: Toxapex|54/100|[from] item: Leftovers
|-damage|p1b: Charizard|45/100 tox|[from] psn
|-damage|p1b: Charizard|33/100 tox|[from] move: Infestation|[partiallytrapped]
|upkeep
|turn|11
|
|t:|1784704696
|move|p2a: Toxapex|Baneful Bunker|p2a: Toxapex
|-singleturn|p2a: Toxapex|move: Protect
|move|p1b: Charizard|Heat Wave|p2a: Toxapex|[spread] p2b
|-activate|p2a: Toxapex|move: Protect
|-resisted|p2b: Incineroar|1
|-crit|p2b: Incineroar
|-damage|p2b: Incineroar|7/100
|move|p2b: Incineroar|Parting Shot|p1b: Charizard
|-unboost|p1b: Charizard|atk|1
|-unboost|p1b: Charizard|spa|1
|
|t:|1784704706
|switch|p2b: Charizard|Charizard-Mega-Y, L50, F|43/100|[from] Parting Shot
|-weather|SunnyDay|[from] ability: Drought|[of] p2b: Charizard
|
|-weather|SunnyDay|[upkeep]
|-heal|p2a: Toxapex|60/100|[from] item: Leftovers
|-damage|p1b: Charizard|16/100 tox|[from] psn
|-damage|p1b: Charizard|4/100 tox|[from] move: Infestation|[partiallytrapped]
|upkeep
|turn|12
|
|t:|1784704720
|move|p2b: Charizard|Protect|p2b: Charizard
|-singleturn|p2b: Charizard|Protect
|move|p1b: Charizard|Solar Beam||[still]
|-prepare|p1b: Charizard|Solar Beam
|-anim|p1b: Charizard|Solar Beam|p2a: Toxapex
|-damage|p2a: Toxapex|40/100
|move|p2a: Toxapex|Infestation|p1b: Charizard
|-resisted|p1b: Charizard|2
|-damage|p1b: Charizard|4/100 tox
|
|-weather|SunnyDay|[upkeep]
|-heal|p2a: Toxapex|46/100|[from] item: Leftovers
|-damage|p1b: Charizard|0 fnt|[from] psn
|faint|p1b: Charizard
|
|win|67ToTheTop
||67ToTheTop is ready for game 3.
|inactive|Chelicerate1 has 30 seconds to confirm battle start!
