|j|☆Church of Chiyu
|j|☆Pacogol
|html|Church of ChiyuPacogol    
|uhtml|bestof|Game 3 of a best-of-3
|t:|1757762616
|gametype|doubles
|player|p1|Church of Chiyu|red|1102
|player|p2|Pacogol|170|1195
|gen|9
|tier|[Gen 9] VGC 2025 Reg H (Bo3)
|rated|
|rule|Species Clause: Limit one of each Pokémon
|rule|Item Clause: Limit 1 of each item
|clearpoke
|poke|p1|Rillaboom, L50, F|
|poke|p1|Incineroar, L50, F|
|poke|p1|Basculegion, L50, M|
|poke|p1|Ninetales-Alola, L50, M|
|poke|p1|Gholdengo, L50|
|poke|p1|Kommo-o, L50, M|
|poke|p2|Sneasler, L50, F|
|poke|p2|Indeedee, L50, M|
|poke|p2|Ursaluna-Bloodmoon, L50, M|
|poke|p2|Talonflame, L50, M|
|poke|p2|Electabuzz, L50, F|
|poke|p2|Hydreigon, L50, F|
|teampreview|4
|showteam|p1|Rillaboom||AssaultVest|GrassySurge|DrumBeating,GrassyGlide,KnockOff,FakeOut|||F|||50|,,,,,Ghost]Incineroar||SitrusBerry|Intimidate|KnockOff,FlareBlitz,PartingShot,FakeOut|||F|||50|,,,,,Grass]Basculegion||ChoiceScarf|Adaptability|WaveCrash,LastRespects,FlipTurn,TeraBlast|||M|||50|,,,,,Fighting]Ninetales-Alola||FocusSash|SnowWarning|Blizzard,IcyWind,Encore,Protect|||M|||50|,,,,,Ice]Gholdengo||LifeOrb|GoodasGold|MakeItRain,ShadowBall,NastyPlot,Protect||||||50|,,,,,Water]Kommo-o||Leftovers|Overcoat|BodyPress,Flamethrower,IronDefense,Protect|||M|||50|,,,,,Fire
|showteam|p2|Sneasler||PsychicSeed|Unburden|Protect,CloseCombat,DireClaw,ThroatChop|||F|||50|,,,,,Dark]Indeedee||FocusSash|PsychicSurge|ExpandingForce,Protect,TrickRoom,HelpingHand|||M|||50|,,,,,Psychic]Ursaluna-Bloodmoon||LifeOrb|MindsEye|Protect,HyperVoice,EarthPower,BloodMoon|||M|||50|,,,,,Normal]Talonflame||CovertCloak|GaleWings|Tailwind,DualWingbeat,Taunt,WillOWisp|||M|||50|,,,,,Stellar]Electabuzz||Eviolite|VitalSpirit|Taunt,FollowMe,Protect,Electroweb|||F|||50|,,,,,Fairy]Hydreigon||ChoiceSpecs|Levitate|HeatWave,DracoMeteor,DarkPulse,Snarl|||F|||50|,,,,,Fire
|inactive|Battle timer is ON: inactive players will automatically lose when time's up. (requested by Pacogol)
|
|t:|1757762645
|teamsize|p1|4
|teamsize|p2|4
|start
|switch|p1a: Ninetales|Ninetales-Alola, L50, M|100/100
|switch|p1b: Basculegion|Basculegion, L50, M|100/100
|switch|p2a: Sneasler|Sneasler, L50, F|100/100
|switch|p2b: Hydreigon|Hydreigon, L50, F|100/100
|-weather|Snowscape|[from] ability: Snow Warning|[of] p1a: Ninetales
|turn|1
|inactive|Church of Chiyu has 30 seconds left.
|inactive|Pacogol has 30 seconds left.
|inactive|Church of Chiyu has 20 seconds left.
|inactive|Church of Chiyu has 15 seconds left.
|inactive|Church of Chiyu has 10 seconds left.
|
|t:|1757762694
|-terastallize|p1a: Ninetales|Ice
|move|p1b: Basculegion|Flip Turn|p2b: Hydreigon
|-resisted|p2b: Hydreigon
|-damage|p2b: Hydreigon|77/100
|
|t:|1757762701
|switch|p1b: Rillaboom|Rillaboom, L50, F|100/100|[from] Flip Turn
|-fieldstart|move: Grassy Terrain|[from] ability: Grassy Surge|[of] p1b: Rillaboom
|move|p1a: Ninetales|Blizzard|p2b: Hydreigon|[spread] p2a,p2b
|-supereffective|p2b: Hydreigon
|-damage|p2a: Sneasler|46/100
|-damage|p2b: Hydreigon|0 fnt
|faint|p2b: Hydreigon
|move|p2a: Sneasler|Dire Claw|p1a: Ninetales
|-damage|p1a: Ninetales|56/100
|-status|p1a: Ninetales|slp
|
|-weather|Snowscape|[upkeep]
|-heal|p1a: Ninetales|62/100 slp|[from] Grassy Terrain
|-heal|p2a: Sneasler|52/100|[from] Grassy Terrain
|upkeep
|
|t:|1757762714
|switch|p2b: Indeedee|Indeedee, L50, M|100/100
|-fieldstart|move: Psychic Terrain|[from] ability: Psychic Surge|[of] p2b: Indeedee
|-enditem|p2a: Sneasler|Psychic Seed
|-boost|p2a: Sneasler|spd|1|[from] item: Psychic Seed
|turn|2
|
|t:|1757762732
|switch|p1b: Gholdengo|Gholdengo, L50|100/100
|-terastallize|p2b: Indeedee|Psychic
|move|p2a: Sneasler|Dire Claw|p1b: Gholdengo
|-immune|p1b: Gholdengo
|cant|p1a: Ninetales|slp
|move|p2b: Indeedee|Expanding Force|p1b: Gholdengo|[spread] p1a,p1b
|-resisted|p1b: Gholdengo
|-damage|p1a: Ninetales|0 fnt
|-damage|p1b: Gholdengo|66/100
|faint|p1a: Ninetales
|
|-weather|Snowscape|[upkeep]
|upkeep
|
|t:|1757762741
|switch|p1a: Rillaboom|Rillaboom, L50, F|100/100
|-fieldstart|move: Grassy Terrain|[from] ability: Grassy Surge|[of] p1a: Rillaboom
|turn|3
|inactive|Pacogol has 30 seconds left.
|inactive|Pacogol has 20 seconds left.
|inactive|Pacogol has 15 seconds left.
|
|t:|1757762787
|switch|p2b: Ursaluna|Ursaluna-Bloodmoon, L50, M|100/100
|move|p1a: Rillaboom|Fake Out|p2a: Sneasler
|-damage|p2a: Sneasler|33/100
|cant|p2a: Sneasler|flinch
|move|p1b: Gholdengo|Nasty Plot|p1b: Gholdengo
|-boost|p1b: Gholdengo|spa|2
|
|-weather|Snowscape|[upkeep]
|-heal|p2a: Sneasler|39/100|[from] Grassy Terrain
|-heal|p1b: Gholdengo|71/100|[from] Grassy Terrain
|upkeep
|turn|4
|inactive|Pacogol has 30 seconds left.
|
|t:|1757762813
|move|p2a: Sneasler|Protect|p2a: Sneasler
|-singleturn|p2a: Sneasler|Protect
|move|p1a: Rillaboom|Drum Beating|p2b: Ursaluna
|-supereffective|p2b: Ursaluna
|-damage|p2b: Ursaluna|27/100
|-unboost|p2b: Ursaluna|spe|1
|move|p1b: Gholdengo|Make It Rain|p2a: Sneasler|[spread] p2b
|-activate|p2a: Sneasler|move: Protect
|-damage|p2b: Ursaluna|0 fnt
|-unboost|p1b: Gholdengo|spa|1
|faint|p2b: Ursaluna
|-damage|p1b: Gholdengo|62/100|[from] item: Life Orb
|
|-weather|Snowscape|[upkeep]
|-heal|p2a: Sneasler|45/100|[from] Grassy Terrain
|-heal|p1b: Gholdengo|68/100|[from] Grassy Terrain
|upkeep
|
|t:|1757762820
|switch|p2b: Indeedee|Indeedee, L50, M, tera:Psychic|100/100
|-fieldstart|move: Psychic Terrain|[from] ability: Psychic Surge|[of] p2b: Indeedee
|turn|5
|inactive|Church of Chiyu has 30 seconds left.
|inactive|Pacogol has 30 seconds left.
|
|t:|1757762856
|move|p1b: Gholdengo|Protect|p1b: Gholdengo
|-singleturn|p1b: Gholdengo|Protect
|move|p2a: Sneasler|Throat Chop|p1b: Gholdengo
|-activate|p1b: Gholdengo|move: Protect
|move|p2b: Indeedee|Expanding Force|p1a: Rillaboom|[spread] p1a
|-activate|p1b: Gholdengo|move: Protect
|-damage|p1a: Rillaboom|50/100
|move|p1a: Rillaboom|Drum Beating|p2b: Indeedee
|-damage|p2b: Indeedee|29/100
|-unboost|p2b: Indeedee|spe|1
|
|-weather|none
|upkeep
|turn|6
|
|t:|1757762876
|move|p2a: Sneasler|Throat Chop|p1b: Gholdengo
|-supereffective|p1b: Gholdengo
|-damage|p1b: Gholdengo|11/100
|-start|p1b: Gholdengo|Throat Chop|[silent]
|move|p1a: Rillaboom|Drum Beating|p2a: Sneasler
|-resisted|p2a: Sneasler
|-damage|p2a: Sneasler|16/100
|-unboost|p2a: Sneasler|spe|1
|move|p1b: Gholdengo|Make It Rain|p2a: Sneasler|[spread] p2a,p2b
|-damage|p2a: Sneasler|0 fnt
|-damage|p2b: Indeedee|0 fnt
|-unboost|p1b: Gholdengo|spa|1
|faint|p2a: Sneasler
|faint|p2b: Indeedee
|-damage|p1b: Gholdengo|1/100|[from] item: Life Orb
|
|win|Church of Chiyu
|raw|Church of Chiyu's rating: 1102 → 1134(+32 for winning)
|raw|Pacogol's rating: 1195 → 1163(-32 for losing)
|l|☆Pacogol
|player|p2|
