|j|☆25th_mang
|j|☆Ninjacoox
|html|25th_mangNinjacoox    
|uhtml|bestof|Game 3 of a best-of-3
|t:|1785477452
|gametype|doubles
|player|p1|25th_mang|ballguy|1129
|player|p2|Ninjacoox|rood|1181
|gen|9
|tier|[Gen 9 Champions] VGC 2026 Reg M-B (Bo3)
|rated|
|rule|Species Clause: Limit one of each Pokémon
|rule|Item Clause: Limit 1 of each item
|clearpoke
|poke|p1|Blastoise, L50, M|
|poke|p1|Camerupt, L50, F|
|poke|p1|Farigiraf, L50, M|
|poke|p1|Kingambit, L50, F|
|poke|p1|Vanilluxe, L50, M|
|poke|p1|Staraptor, L50, M|
|poke|p2|Staraptor, L50, F|
|poke|p2|Sinistcha, L50|
|poke|p2|Maushold, L50|
|poke|p2|Kingambit, L50, F|
|poke|p2|Sneasler, L50, M|
|poke|p2|Delphox, L50, F|
|teampreview|4
|showteam|p1|Blastoise||Blastoisinite|RainDish|WaterSpout,DarkPulse,AuraSphere,FakeOut|Quiet||M|||50|]Camerupt||Cameruptite|SolidRock|AncientPower,EarthPower,HeatWave,Protect|Quiet||F|||50|]Farigiraf||SitrusBerry|ArmorTail|PsychicFangs,HyperVoice,HelpingHand,TrickRoom|Relaxed||M|||50|]Kingambit||LifeOrb|Defiant|KowtowCleave,IronHead,Protect,SuckerPunch|Brave||F|||50|]Vanilluxe||NeverMeltIce|SnowWarning|Blizzard,FreezeDry,Protect,IceShard|Quiet||M|||50|]Staraptor||ChoiceScarf|Intimidate|FinalGambit,CloseCombat,BraveBird,Uturn|Jolly||M|||50|
|showteam|p2|Staraptor||Staraptite|Intimidate|CloseCombat,BraveBird,Roost,Protect|Adamant||F|||50|]Sinistcha||SitrusBerry|Hospitality|RagePowder,MatchaGotcha,Protect,LifeDew|Calm|||||50|]Maushold||LumBerry|FriendGuard|Encore,Charm,FollowMe,Protect|Timid|||||50|]Kingambit||FocusSash|Defiant|KowtowCleave,SuckerPunch,IronHead,SwordsDance|Adamant||F|||50|]Sneasler||WhiteHerb|Unburden|CloseCombat,DireClaw,FakeOut,Feint|Jolly||M|||50|]Delphox||Delphoxite|Blaze|HeatWave,Psyshock,NastyPlot,Protect|Timid||F|||50|
|inactive|Battle timer is ON: inactive players will automatically lose when time's up. (requested by Ninjacoox)
|inactive|25th_mang also wants the timer to be on.
|
|t:|1785477480
|teamsize|p1|4
|teamsize|p2|4
|start
|switch|p1a: Blind Spot|Farigiraf, L50, M|100/100
|switch|p1b: Haven|Blastoise, L50, M|100/100
|switch|p2a: Staraptor|Staraptor, L50, F|100/100
|switch|p2b: Kingambit|Kingambit, L50, F|100/100
|-ability|p2a: Staraptor|Intimidate|boost
|-unboost|p1a: Blind Spot|atk|1
|-unboost|p1b: Haven|atk|1
|turn|1
|inactive|25th_mang has 30 seconds left.
|inactive|25th_mang has 20 seconds left.
|inactive|25th_mang has 15 seconds left.
|inactive|25th_mang has 10 seconds left.
|
|t:|1785477529
|detailschange|p2a: Staraptor|Staraptor-Mega, L50, F
|-mega|p2a: Staraptor|Staraptor|Staraptite
|detailschange|p1b: Haven|Blastoise-Mega, L50, M
|-mega|p1b: Haven|Blastoise|Blastoisinite
|move|p2a: Staraptor|Close Combat|p1b: Haven
|-damage|p1b: Haven|45/100
|-boost|p2a: Staraptor|def|1
|-boost|p2a: Staraptor|spd|1
|move|p1b: Haven|Dark Pulse|p2b: Kingambit
|-resisted|p2b: Kingambit|1
|-damage|p2b: Kingambit|76/100
|move|p2b: Kingambit|Swords Dance|p2b: Kingambit
|-boost|p2b: Kingambit|atk|2
|move|p1a: Blind Spot|Trick Room|p1a: Blind Spot
|-fieldstart|move: Trick Room|[of] p1a: Blind Spot
|
|upkeep
|turn|2
|c|☆Ninjacoox|?
|inactive|25th_mang has 30 seconds left.
|inactive|25th_mang has 20 seconds left.
|inactive|25th_mang has 15 seconds left.
|inactive|25th_mang has 10 seconds left.
|inactive|25th_mang has 5 seconds left.
|
|t:|1785477581
|move|p2a: Staraptor|Protect|p2a: Staraptor
|-singleturn|p2a: Staraptor|Protect
|move|p2b: Kingambit|Kowtow Cleave|p1b: Haven
|-damage|p1b: Haven|0 fnt
|faint|p1b: Haven
|move|p1a: Blind Spot|Trick Room|p1a: Blind Spot
|-fieldend|move: Trick Room
|
|upkeep
|
|t:|1785477588
|switch|p1b: Miroh|Staraptor, L50, M|100/100
|-ability|p1b: Miroh|Intimidate|boost
|-boost|p2a: Staraptor|atk|1
|-unboost|p2b: Kingambit|atk|1
|-ability|p2b: Kingambit|Defiant|boost
|-boost|p2b: Kingambit|atk|2
|turn|3
|inactive|25th_mang has 30 seconds left.
|inactive|Ninjacoox has 30 seconds left.
|inactive|25th_mang has 20 seconds left.
|inactive|25th_mang has 15 seconds left.
|
|t:|1785477631
|switch|p2b: Maushold|Maushold, L50|100/100
|move|p1b: Miroh|Final Gambit|p2a: Staraptor
|-damage|p2a: Staraptor|0 fnt
|faint|p1b: Miroh
|faint|p2a: Staraptor
|move|p1a: Blind Spot|Trick Room|p1a: Blind Spot
|-fieldstart|move: Trick Room|[of] p1a: Blind Spot
|
|upkeep
|
|t:|1785477638
|switch|p1b: 0801|Camerupt, L50, F|100/100
|switch|p2a: Kingambit|Kingambit, L50, F|76/100
|turn|4
|
|t:|1785477650
|move|p1a: Blind Spot|Helping Hand|p1b: 0801
|-singleturn|p1b: 0801|Helping Hand|[of] p1a: Blind Spot
|move|p2b: Maushold|Follow Me|p2b: Maushold
|-singleturn|p2b: Maushold|move: Follow Me
|move|p1b: 0801|Heat Wave|p2b: Maushold|[spread] p2a,p2b
|-supereffective|p2a: Kingambit|1
|-damage|p2a: Kingambit|2/100
|-damage|p2b: Maushold|26/100
|-status|p2a: Kingambit|brn
|move|p2a: Kingambit|Kowtow Cleave|p1a: Blind Spot
|-supereffective|p1a: Blind Spot|1
|-damage|p1a: Blind Spot|62/100
|
|-damage|p2a: Kingambit|0 fnt|[from] brn
|faint|p2a: Kingambit
|upkeep
|
|t:|1785477661
|switch|p2a: Sneasler|Sneasler, L50, M|100/100
|turn|5
|
|t:|1785477673
|move|p1a: Blind Spot|Helping Hand|p1b: 0801
|-singleturn|p1b: 0801|Helping Hand|[of] p1a: Blind Spot
|move|p2b: Maushold|Protect|p2b: Maushold
|-singleturn|p2b: Maushold|Protect
|move|p1b: 0801|Heat Wave|p2a: Sneasler|[spread] p2a
|-activate|p2b: Maushold|move: Protect
|-damage|p2a: Sneasler|47/100
|move|p2a: Sneasler|Dire Claw|p1b: 0801
|-resisted|p1b: 0801|1
|-damage|p1b: 0801|71/100
|
|upkeep
|turn|6
|
|t:|1785477689
|move|p2b: Maushold|Follow Me|p2b: Maushold
|-singleturn|p2b: Maushold|move: Follow Me
|move|p1b: 0801|Heat Wave|p2b: Maushold|[spread] p2a,p2b
|-crit|p2a: Sneasler
|-damage|p2a: Sneasler|0 fnt
|-damage|p2b: Maushold|0 fnt
|faint|p2a: Sneasler
|faint|p2b: Maushold
|
|win|25th_mang
|raw|25th_mang's rating: 1129 → 1158(+29 for winning)
|raw|Ninjacoox's rating: 1181 → 1152(-29 for losing)
|l|☆Ninjacoox
|player|p2|
