|j|☆Bolsa_25
|j|☆Sincubii
|html|Bolsa_25Sincubii    
|uhtml|bestof|Game 3 of a best-of-3
|t:|1757109521
|gametype|doubles
|player|p1|Bolsa_25|265|1124
|player|p2|Sincubii|palmer|1113
|gen|9
|tier|[Gen 9] VGC 2025 Reg H (Bo3)
|rated|
|rule|Species Clause: Limit one of each Pokémon
|rule|Item Clause: Limit 1 of each item
|clearpoke
|poke|p1|Gholdengo, L50|
|poke|p1|Magmar, L50, F|
|poke|p1|Dragonite, L50, M|
|poke|p1|Rillaboom, L50, F|
|poke|p1|Annihilape, L50, M|
|poke|p1|Sylveon, L50, F|
|poke|p2|Weavile, L50, F|
|poke|p2|Weezing-Galar, L50, M|
|poke|p2|Tyranitar, L50, F|
|poke|p2|Dragapult, L50, F|
|poke|p2|Excadrill, L50, M|
|poke|p2|Rotom-Heat, L50|
|teampreview|4
|showteam|p1|Gholdengo||LifeOrb|GoodasGold|Protect,NastyPlot,MakeItRain,ShadowBall||||||50|,,,,,Water]Magmar||Eviolite|VitalSpirit|Taunt,WillOWisp,FollowMe,BurningJealousy|||F|||50|,,,,,Ghost]Dragonite||LoadedDice|Multiscale|Protect,Haze,Tailwind,ScaleShot|||M|||50|,,,,,Fairy]Rillaboom||AssaultVest|GrassySurge|FakeOut,GrassyGlide,WoodHammer,HighHorsepower|||F|||50|,,,,,Fire]Annihilape||SafetyGoggles|Defiant|Protect,BulkUp,RageFist,DrainPunch|||M|||50|,,,,,Steel]Sylveon||ThroatSpray|Pixilate|TeraBlast,HyperVoice,Protect,BabyDollEyes|||F|||50|,,,,,Water
|showteam|p2|Weavile||FocusSash|Pressure|FakeOut,IceSpinner,KnockOff,LowKick|||F|||50|,,,,,Ghost]Weezing-Galar||Leftovers|NeutralizingGas|StrangeSteam,WillOWisp,Taunt,Protect|||M|||50|,,,,,Fire]Tyranitar||AssaultVest|SandStream|KnockOff,RockSlide,TeraBlast,LowKick|||F|||50|,,,,,Flying]Dragapult||ChoiceBand|ClearBody|DragonDarts,PhantomForce,Outrage,Uturn|||F|||50|,,,,,Dragon]Excadrill||LifeOrb|SandRush|Earthquake,IronHead,RockSlide,Protect|||M|||50|,,,,,Ground]Rotom-Heat||ChoiceScarf|Levitate|Thunderbolt,Electroweb,Overheat,VoltSwitch||||||50|,,,,,Electric
|inactive|Battle timer is ON: inactive players will automatically lose when time's up. (requested by Bolsa_25)
|inactive|Bolsa_25 has 60 seconds left.
|
|t:|1757109559
|teamsize|p1|4
|teamsize|p2|4
|start
|switch|p1a: Magmar|Magmar, L50, F|100/100
|switch|p1b: Dragonite|Dragonite, L50, M|100/100
|switch|p2a: Weavile|Weavile, L50, F|100/100
|switch|p2b: Excadrill|Excadrill, L50, M|100/100
|-ability|p2a: Weavile|Pressure
|turn|1
|
|t:|1757109582
|move|p1b: Dragonite|Protect|p1b: Dragonite
|-singleturn|p1b: Dragonite|Protect
|move|p2a: Weavile|Fake Out|p1b: Dragonite
|-activate|p1b: Dragonite|move: Protect
|move|p2b: Excadrill|Rock Slide|p1a: Magmar|[spread] p1a
|-activate|p1b: Dragonite|move: Protect
|-supereffective|p1a: Magmar
|-damage|p1a: Magmar|49/100
|-damage|p2b: Excadrill|91/100|[from] item: Life Orb
|cant|p1a: Magmar|flinch
|
|upkeep
|turn|2
|
|t:|1757109606
|-terastallize|p1b: Dragonite|Fairy
|move|p1a: Magmar|Follow Me|p1a: Magmar
|-singleturn|p1a: Magmar|move: Follow Me
|move|p2a: Weavile|Ice Spinner|p1a: Magmar
|-resisted|p1a: Magmar
|-damage|p1a: Magmar|32/100
|move|p1b: Dragonite|Scale Shot|p2a: Weavile
|-damage|p2a: Weavile|77/100
|-damage|p2a: Weavile|56/100
|-damage|p2a: Weavile|33/100
|-damage|p2a: Weavile|9/100
|-hitcount|p2a: Weavile|4
|-unboost|p1b: Dragonite|def|1
|-boost|p1b: Dragonite|spe|1
|move|p2b: Excadrill|Rock Slide|p1a: Magmar|[spread] p1a,p1b
|-supereffective|p1a: Magmar
|-damage|p1a: Magmar|0 fnt
|-damage|p1b: Dragonite|78/100
|faint|p1a: Magmar
|-damage|p2b: Excadrill|81/100|[from] item: Life Orb
|
|upkeep
|
|t:|1757109622
|switch|p1a: Annihilape|Annihilape, L50, M|100/100
|turn|3
|
|t:|1757109641
|switch|p2a: Tyranitar|Tyranitar, L50, F|100/100
|-weather|Sandstorm|[from] ability: Sand Stream|[of] p2a: Tyranitar
|-terastallize|p2b: Excadrill|Ground
|move|p2b: Excadrill|Iron Head|p1b: Dragonite
|-supereffective|p1b: Dragonite
|-damage|p1b: Dragonite|0 fnt
|faint|p1b: Dragonite
|-damage|p2b: Excadrill|71/100|[from] item: Life Orb
|move|p1a: Annihilape|Drain Punch|p2b: Excadrill
|-damage|p2b: Excadrill|28/100
|
|-weather|Sandstorm|[upkeep]
|upkeep
|
|t:|1757109647
|switch|p1b: Gholdengo|Gholdengo, L50|100/100
|turn|4
|inactive|Sincubii has 30 seconds left.
|
|t:|1757109678
|switch|p2a: Weezing|Weezing-Galar, L50, M|100/100
|-ability|p2a: Weezing|Neutralizing Gas
|move|p1b: Gholdengo|Protect|p1b: Gholdengo
|-singleturn|p1b: Gholdengo|Protect
|move|p2b: Excadrill|Protect|p2b: Excadrill
|-singleturn|p2b: Excadrill|Protect
|move|p1a: Annihilape|Drain Punch|p2b: Excadrill
|-activate|p2b: Excadrill|move: Protect
|
|-weather|Sandstorm|[upkeep]
|-damage|p2a: Weezing|95/100|[from] Sandstorm
|-heal|p2a: Weezing|100/100|[from] item: Leftovers
|upkeep
|turn|5
|inactive|Bolsa_25 has 30 seconds left.
|inactive|Sincubii has 30 seconds left.
|
|t:|1757109709
|move|p1b: Gholdengo|Protect||[still]
|-fail|p1b: Gholdengo
|move|p1a: Annihilape|Drain Punch|p2b: Excadrill
|-damage|p2b: Excadrill|0 fnt
|faint|p2b: Excadrill
|move|p2a: Weezing|Will-O-Wisp|p1a: Annihilape
|-status|p1a: Annihilape|brn
|
|-weather|Sandstorm|[upkeep]
|-damage|p2a: Weezing|95/100|[from] Sandstorm
|-heal|p2a: Weezing|100/100|[from] item: Leftovers
|-damage|p1a: Annihilape|94/100 brn|[from] brn
|upkeep
|
|t:|1757109717
|switch|p2b: Weavile|Weavile, L50, F|9/100
|turn|6
|
|t:|1757109738
|move|p1b: Gholdengo|Protect|p1b: Gholdengo
|-singleturn|p1b: Gholdengo|Protect
|move|p2b: Weavile|Knock Off|p1b: Gholdengo
|-activate|p1b: Gholdengo|move: Protect
|move|p1a: Annihilape|Rage Fist|p2b: Weavile
|-resisted|p2b: Weavile
|-damage|p2b: Weavile|0 fnt
|faint|p2b: Weavile
|move|p2a: Weezing|Strange Steam|p1a: Annihilape
|-supereffective|p1a: Annihilape
|-damage|p1a: Annihilape|40/100 brn
|
|-weather|Sandstorm|[upkeep]
|-damage|p2a: Weezing|95/100|[from] Sandstorm
|-heal|p2a: Weezing|100/100|[from] item: Leftovers
|-damage|p1a: Annihilape|34/100 brn|[from] brn
|upkeep
|
|t:|1757109741
|switch|p2b: Tyranitar|Tyranitar, L50, F|100/100
|turn|7
|
|t:|1757109747
|move|p1b: Gholdengo|Make It Rain|p2a: Weezing|[spread] p2a,p2b
|-supereffective|p2a: Weezing
|-supereffective|p2b: Tyranitar
|-damage|p2a: Weezing|0 fnt
|-damage|p2b: Tyranitar|44/100
|-unboost|p1b: Gholdengo|spa|1
|faint|p2a: Weezing
|-end|p2a: Weezing|ability: Neutralizing Gas
|-damage|p1b: Gholdengo|91/100|[from] item: Life Orb
|move|p1a: Annihilape|Drain Punch|p2b: Tyranitar
|-supereffective|p2b: Tyranitar
|-damage|p2b: Tyranitar|0 fnt
|-heal|p1a: Annihilape|56/100 brn|[from] drain|[of] p2b: Tyranitar
|faint|p2b: Tyranitar
|
|win|Bolsa_25
|raw|Bolsa_25's rating: 1124 → 1148(+24 for winning)
|raw|Sincubii's rating: 1113 → 1089(-24 for losing)
|l|☆Sincubii
|player|p2|
