|j|☆MrMrvz
|j|☆MCZenith
|html|MrMrvzMCZenith    
|uhtml|bestof|Game 1 of a best-of-3
|t:|1785347742
|gametype|doubles
|player|p1|MrMrvz|ethan|1190
|player|p2|MCZenith|265|1107
|gen|9
|tier|[Gen 9 Champions] VGC 2026 Reg M-B (Bo3)
|rated|
|rule|Species Clause: Limit one of each Pokémon
|rule|Item Clause: Limit 1 of each item
|clearpoke
|poke|p1|Staraptor, L50, F|
|poke|p1|Whimsicott, L50, M|
|poke|p1|Garchomp, L50, F|
|poke|p1|Milotic, L50, M|
|poke|p1|Gholdengo, L50|
|poke|p1|Incineroar, L50, F|
|poke|p2|Palafin, L50, F|
|poke|p2|Pelipper, L50, F|
|poke|p2|Gardevoir, L50, M|
|poke|p2|Archaludon, L50, M|
|poke|p2|Incineroar, L50, F|
|poke|p2|Sinistcha, L50|
|teampreview|4
|showteam|p1|Staraptor||Staraptite|Intimidate|CloseCombat,BraveBird,Roost,Protect|Jolly||F|||50|]Whimsicott||FocusSash|Prankster|Moonblast,Taunt,Tailwind,Charm|Timid||M|||50|]Garchomp||LifeOrb|RoughSkin|StompingTantrum,RockSlide,DragonClaw,Protect|Adamant||F|||50|]Milotic||Leftovers|Competitive|IcyWind,Scald,Protect,Recover|Bold||M|||50|]Gholdengo||SitrusBerry|GoodasGold|MakeItRain,ShadowBall,NastyPlot,Protect|Modest|||||50|]Incineroar||ChopleBerry|Intimidate|FakeOut,PartingShot,FlareBlitz,ThroatChop|Relaxed||F|||50|
|showteam|p2|Palafin||LifeOrb|ZerotoHero|JetPunch,FlipTurn,WaveCrash,CloseCombat|Adamant||F|||50|]Pelipper||FocusSash|Drizzle|IcyWind,WideGuard,Hurricane,Tailwind|Timid||F|||50|]Gardevoir||Gardevoirite|Trace|CalmMind,Psychic,HyperVoice,Protect|Modest||M|||50|]Archaludon||Leftovers|Stamina|ElectroShot,DracoMeteor,FlashCannon,Protect|Modest||M|||50|]Incineroar||SitrusBerry|Intimidate|FlareBlitz,PartingShot,FakeOut,WillOWisp|Careful||F|||50|]Sinistcha||LumBerry|Hospitality|MatchaGotcha,RagePowder,LifeDew,Protect|Bold|||||50|
|inactive|Battle timer is ON: inactive players will automatically lose when time's up. (requested by MCZenith)
|inactive|MrMrvz has 60 seconds left.
|inactive|MrMrvz has 30 seconds left.
|
|t:|1785347807
|teamsize|p1|4
|teamsize|p2|4
|start
|switch|p1a: Whimsicott|Whimsicott, L50, M|100/100
|switch|p1b: Garchomp|Garchomp, L50, F|100/100
|switch|p2a: Palafin|Palafin, L50, F|100/100
|switch|p2b: Archaludon|Archaludon, L50, M|100/100
|turn|1
|inactive|MrMrvz has 30 seconds left.
|
|t:|1785347839
|move|p1a: Whimsicott|Tailwind|p1a: Whimsicott
|-sidestart|p1: MrMrvz|move: Tailwind
|move|p1b: Garchomp|Stomping Tantrum|p2b: Archaludon
|-supereffective|p2b: Archaludon|1
|-damage|p2b: Archaludon|5/100
|-ability|p2b: Archaludon|Stamina|boost
|-boost|p2b: Archaludon|def|1
|-damage|p1b: Garchomp|90/100|[from] item: Life Orb
|move|p2a: Palafin|Flip Turn|p1a: Whimsicott
|-resisted|p1a: Whimsicott|1
|-damage|p1a: Whimsicott|77/100
|-damage|p2a: Palafin|90/100|[from] item: Life Orb
|
|t:|1785347851
|detailschange|p2a: Palafin|Palafin-Hero, L50, F
|switch|p2a: Pelipper|Pelipper, L50, F|100/100|[from] Flip Turn
|-weather|RainDance|[from] ability: Drizzle|[of] p2a: Pelipper
|move|p2b: Archaludon|Electro Shot||[still]
|-prepare|p2b: Archaludon|Electro Shot
|-boost|p2b: Archaludon|spa|1
|-anim|p2b: Archaludon|Electro Shot|p1a: Whimsicott
|-resisted|p1a: Whimsicott|1
|-damage|p1a: Whimsicott|13/100
|
|-weather|RainDance|[upkeep]
|-heal|p2b: Archaludon|10/100|[from] item: Leftovers
|upkeep
|turn|2
|inactive|MrMrvz has 30 seconds left.
|inactive|MrMrvz has 20 seconds left.
|inactive|MrMrvz has 15 seconds left.
|
|t:|1785347892
|switch|p1a: Milotic|Milotic, L50, M|100/100
|move|p2b: Archaludon|Protect|p2b: Archaludon
|-singleturn|p2b: Archaludon|Protect
|move|p2a: Pelipper|Wide Guard|p2a: Pelipper
|-singleturn|p2a: Pelipper|Wide Guard
|move|p1b: Garchomp|Rock Slide|p2a: Pelipper|[spread] 
|-activate|p2a: Pelipper|move: Wide Guard
|-activate|p2b: Archaludon|move: Wide Guard
|
|-weather|RainDance|[upkeep]
|-heal|p2b: Archaludon|16/100|[from] item: Leftovers
|upkeep
|turn|3
|
|t:|1785347912
|switch|p2a: Sinistcha|Sinistcha, L50|100/100
|-heal|p2b: Archaludon|41/100|[from] ability: Hospitality|[of] p2a: Sinistcha
|move|p1b: Garchomp|Stomping Tantrum|p2b: Archaludon
|-supereffective|p2b: Archaludon|1
|-damage|p2b: Archaludon|0 fnt
|faint|p2b: Archaludon
|-damage|p1b: Garchomp|80/100|[from] item: Life Orb
|move|p1a: Milotic|Icy Wind|p2a: Sinistcha
|-supereffective|p2a: Sinistcha|1
|-damage|p2a: Sinistcha|69/100
|-unboost|p2a: Sinistcha|spe|1
|
|-weather|RainDance|[upkeep]
|upkeep
|inactive|MCZenith has 30 seconds left.
|inactive|MCZenith has 20 seconds left.
|inactive|MCZenith has 15 seconds left.
|inactive|MCZenith has 10 seconds left.
|inactive|MCZenith has 5 seconds left.
|
|t:|1785347967
|switch|p2b: Palafin|Palafin-Hero, L50, F|90/100
|-activate|p2b: Palafin|ability: Zero to Hero
|turn|4
|inactive|MrMrvz has 30 seconds left.
|inactive|MCZenith has 30 seconds left.
|inactive|MrMrvz has 20 seconds left.
|inactive|MCZenith has 20 seconds left.
|inactive|MCZenith has 15 seconds left.
|inactive|MCZenith has 10 seconds left.
|inactive|MCZenith has 5 seconds left.
|
|t:|1785348022
|move|p2b: Palafin|Jet Punch|p1b: Garchomp
|-damage|p1b: Garchomp|6/100
|-damage|p2b: Palafin|78/100|[from] ability: Rough Skin|[of] p1b: Garchomp
|-damage|p2b: Palafin|68/100|[from] item: Life Orb
|move|p1b: Garchomp|Rock Slide|p2a: Sinistcha|[spread] p2a
|-miss|p1b: Garchomp|p2b: Palafin
|-damage|p2a: Sinistcha|51/100
|-damage|p1b: Garchomp|0 fnt|[from] item: Life Orb
|faint|p1b: Garchomp
|move|p1a: Milotic|Icy Wind|p2b: Palafin|[spread] p2a,p2b
|-supereffective|p2a: Sinistcha|1
|-resisted|p2b: Palafin|1
|-damage|p2a: Sinistcha|28/100
|-damage|p2b: Palafin|63/100
|-unboost|p2a: Sinistcha|spe|1
|-unboost|p2b: Palafin|spe|1
|cant|p2a: Sinistcha|flinch
|
|-weather|RainDance|[upkeep]
|-sideend|p1: MrMrvz|move: Tailwind
|upkeep
|
|t:|1785348040
|switch|p1b: Staraptor|Staraptor, L50, F|100/100
|-ability|p1b: Staraptor|Intimidate|boost
|-unboost|p2a: Sinistcha|atk|1
|-unboost|p2b: Palafin|atk|1
|turn|5
|inactive|MCZenith has 30 seconds left.
|inactive|MCZenith has 20 seconds left.
|inactive|MCZenith has 15 seconds left.
|inactive|MCZenith has 10 seconds left.
|inactive|MCZenith has 5 seconds left.
|
|t:|1785348095
|detailschange|p1b: Staraptor|Staraptor-Mega, L50, F
|-mega|p1b: Staraptor|Staraptor|Staraptite
|move|p2b: Palafin|Jet Punch|p1a: Milotic
|-resisted|p1a: Milotic|1
|-damage|p1a: Milotic|78/100
|-damage|p2b: Palafin|53/100|[from] item: Life Orb
|move|p1b: Staraptor|Close Combat|p2b: Palafin
|-crit|p2b: Palafin
|-damage|p2b: Palafin|0 fnt
|-boost|p1b: Staraptor|def|1
|-boost|p1b: Staraptor|spd|1
|faint|p2b: Palafin
|move|p1a: Milotic|Icy Wind|p2a: Sinistcha
|-supereffective|p2a: Sinistcha|1
|-damage|p2a: Sinistcha|0 fnt
|faint|p2a: Sinistcha
|
|-weather|none
|-heal|p1a: Milotic|84/100|[from] item: Leftovers
|upkeep
|inactive|MCZenith has 30 seconds left.
|inactive|MCZenith has 20 seconds left.
|inactive|MCZenith has 15 seconds left.
|inactive|MCZenith has 10 seconds left.
|inactive|MCZenith has 5 seconds left.
|
|t:|1785348150
|switch|p2a: Pelipper|Pelipper, L50, F|100/100
|-weather|RainDance|[from] ability: Drizzle|[of] p2a: Pelipper
|turn|6
|inactive|MCZenith has 30 seconds left.
|inactive|MCZenith has 20 seconds left.
|inactive|MCZenith has 15 seconds left.
|inactive|MCZenith has 10 seconds left.
|inactive|MCZenith has 5 seconds left.
|
|t:|1785348205
|move|p1b: Staraptor|Brave Bird|p2a: Pelipper
|-damage|p2a: Pelipper|15/100
|-damage|p1b: Staraptor|78/100|[from] Recoil
|move|p2a: Pelipper|Icy Wind|p1a: Milotic|[spread] p1a
|-miss|p2a: Pelipper|p1b: Staraptor
|-resisted|p1a: Milotic|1
|-damage|p1a: Milotic|80/100
|-unboost|p1a: Milotic|spe|1
|-ability|p1a: Milotic|Competitive|boost
|-boost|p1a: Milotic|spa|2
|move|p1a: Milotic|Scald|p2a: Pelipper
|-resisted|p2a: Pelipper|1
|-damage|p2a: Pelipper|0 fnt
|faint|p2a: Pelipper
|
|win|MrMrvz
|inactive|MrMrvz has 30 seconds to confirm battle start!
|inactive|MCZenith has 30 seconds to confirm battle start!
||MrMrvz is ready for game 2.
|inactive|MCZenith has 20 seconds to confirm battle start!
