|j|☆bdger
|j|☆alexander1111
|html|bdgeralexander1111    
|uhtml|bestof|Game 2 of a best-of-3
|t:|1784265309
|gametype|doubles
|player|p1|bdger|backpackerf|1313
|player|p2|alexander1111|preschooler|1363
|gen|9
|tier|[Gen 9 Champions] VGC 2026 Reg M-B (Bo3)
|rated|
|rule|Species Clause: Limit one of each Pokémon
|rule|Item Clause: Limit 1 of each item
|clearpoke
|poke|p1|Dragonite, L50, M|
|poke|p1|Incineroar, L50, M|
|poke|p1|Araquanid, L50, F|
|poke|p1|Mawile, L50, F|
|poke|p1|Basculegion, L50, M|
|poke|p1|Farigiraf, L50, M|
|poke|p2|Milotic, L50, M|
|poke|p2|Maushold-Four, L50|
|poke|p2|Charizard, L50, F, shiny|
|poke|p2|Whimsicott, L50, M, shiny|
|poke|p2|Kingambit, L50, F|
|poke|p2|Garchomp, L50, M|
|teampreview|4
|showteam|p1|Dragonite||Dragoninite|Multiscale|Thunderbolt,DracoMeteor,AirSlash,Tailwind|Modest||M|||50|]Incineroar||WhiteHerb|Intimidate|FakeOut,DarkestLariat,FlareBlitz,CloseCombat|Adamant||M|||50|]Araquanid||MysticWater|WaterBubble|Protect,HydroPump,WideGuard,Infestation|Quiet||F|||50|]Mawile||Mawilite|HyperCutter|PlayRough,RockSlide,SuckerPunch,Protect|Brave||F|||50|]Basculegion||FocusSash|Adaptability|Liquidation,Protect,LastRespects,AquaJet|Adamant||M|||50|]Farigiraf||ColburBerry|ArmorTail|HelpingHand,Protect,Psychic,TrickRoom|Relaxed||M|||50|
|showteam|p2|Milotic||SitrusBerry|Competitive|Scald,IceBeam,HelpingHand,Protect|Modest||M|||50|]Maushold-Four||WideLens|Technician|PopulationBomb,FollowMe,Protect,SunnyDay|Jolly|||||50|]Charizard||CharizarditeY|Blaze|SolarBeam,HeatWave,WeatherBall,Protect|Timid||F|||50|]Whimsicott||FocusSash|Prankster|Tailwind,Moonblast,Protect,Encore|Timid||M|||50|]Kingambit||ChopleBerry|Defiant|KowtowCleave,SuckerPunch,IronHead,LowKick|Adamant||F|||50|]Garchomp||LifeOrb|RoughSkin|RockSlide,Earthquake,DragonClaw,Protect|Jolly||M|||50|
|c|☆bdger|i think I'm playing with my brain off cuz it just didn't register you had a milo
|
|t:|1784265359
|teamsize|p1|4
|teamsize|p2|4
|start
|switch|p1a: Dragonite|Dragonite, L50, M|100/100
|switch|p1b: Araquanid|Araquanid, L50, F|100/100
|switch|p2a: Charizard|Charizard, L50, F, shiny|100/100
|switch|p2b: Garchomp|Garchomp, L50, M|100/100
|turn|1
|
|t:|1784265409
|detailschange|p2a: Charizard|Charizard-Mega-Y, L50, F, shiny
|-mega|p2a: Charizard|Charizard|Charizardite Y
|-weather|SunnyDay|[from] ability: Drought|[of] p2a: Charizard
|detailschange|p1a: Dragonite|Dragonite-Mega, L50, M
|-mega|p1a: Dragonite|Dragonite|Dragoninite
|move|p2b: Garchomp|Dragon Claw|p1a: Dragonite
|-supereffective|p1a: Dragonite|1
|-damage|p1a: Dragonite|59/100
|-damage|p2b: Garchomp|90/100|[from] item: Life Orb
|move|p2a: Charizard|Solar Beam||[still]
|-prepare|p2a: Charizard|Solar Beam
|-anim|p2a: Charizard|Solar Beam|p1b: Araquanid
|-damage|p1b: Araquanid|61/100
|move|p1a: Dragonite|Draco Meteor|p2b: Garchomp
|-supereffective|p2b: Garchomp|1
|-damage|p2b: Garchomp|0 fnt
|-unboost|p1a: Dragonite|spa|2
|faint|p2b: Garchomp
|move|p1b: Araquanid|Hydro Pump|p2a: Charizard
|-supereffective|p2a: Charizard|1
|-damage|p2a: Charizard|21/100
|
|-weather|SunnyDay|[upkeep]
|upkeep
|
|t:|1784265437
|switch|p2b: Milotic|Milotic, L50, M|100/100
|turn|2
|
|t:|1784265451
|move|p2a: Charizard|Protect|p2a: Charizard
|-singleturn|p2a: Charizard|Protect
|move|p1a: Dragonite|Tailwind|p1a: Dragonite
|-sidestart|p1: bdger|move: Tailwind
|move|p1b: Araquanid|Infestation|p2b: Milotic
|-damage|p2b: Milotic|95/100
|-activate|p2b: Milotic|move: Infestation|[of] p1b: Araquanid
|move|p2b: Milotic|Ice Beam|p1a: Dragonite
|-supereffective|p1a: Dragonite|2
|-damage|p1a: Dragonite|0 fnt
|faint|p1a: Dragonite
|
|-weather|SunnyDay|[upkeep]
|-damage|p2b: Milotic|82/100|[from] move: Infestation|[partiallytrapped]
|upkeep
|
|t:|1784265454
|switch|p1a: Basculegion|Basculegion, L50, M|100/100
|turn|3
|
|t:|1784265473
|switch|p2a: Kingambit|Kingambit, L50, F|100/100
|move|p1a: Basculegion|Last Respects|p2a: Kingambit
|-resisted|p2a: Kingambit|1
|-damage|p2a: Kingambit|75/100
|move|p1b: Araquanid|Hydro Pump|p2a: Kingambit
|-damage|p2a: Kingambit|30/100
|move|p2b: Milotic|Scald|p1a: Basculegion
|-resisted|p1a: Basculegion|1
|-damage|p1a: Basculegion|90/100
|-status|p1a: Basculegion|brn
|
|-weather|SunnyDay|[upkeep]
|-damage|p1a: Basculegion|84/100 brn|[from] brn
|-damage|p2b: Milotic|70/100|[from] move: Infestation|[partiallytrapped]
|upkeep
|turn|4
|
|t:|1784265509
|switch|p1a: Farigiraf|Farigiraf, L50, M|100/100
|move|p2a: Kingambit|Sucker Punch||[still]
|cant|p1a: Farigiraf|ability: Armor Tail|Sucker Punch|[of] p2a: Kingambit
|move|p1b: Araquanid|Hydro Pump|p2a: Kingambit
|-damage|p2a: Kingambit|0 fnt
|faint|p2a: Kingambit
|move|p2b: Milotic|Scald|p1b: Araquanid
|-resisted|p1b: Araquanid|1
|-damage|p1b: Araquanid|54/100
|
|-weather|SunnyDay|[upkeep]
|-damage|p2b: Milotic|57/100|[from] move: Infestation|[partiallytrapped]
|upkeep
|
|t:|1784265513
|switch|p2a: Charizard|Charizard-Mega-Y, L50, F, shiny|21/100
|turn|5
|
|t:|1784265529
|move|p2b: Milotic|Helping Hand|p2a: Charizard
|-singleturn|p2a: Charizard|Helping Hand|[of] p2b: Milotic
|move|p1a: Farigiraf|Protect|p1a: Farigiraf
|-singleturn|p1a: Farigiraf|Protect
|move|p2a: Charizard|Weather Ball|p1a: Farigiraf
|-activate|p1a: Farigiraf|move: Protect
|move|p1b: Araquanid|Hydro Pump|p2a: Charizard|[miss]
|-miss|p1b: Araquanid|p2a: Charizard
|
|-weather|none
|-damage|p2b: Milotic|45/100|[from] move: Infestation|[partiallytrapped]
|-sideend|p1: bdger|move: Tailwind
|upkeep
|-enditem|p2b: Milotic|Sitrus Berry|[eat]
|-heal|p2b: Milotic|70/100|[from] item: Sitrus Berry
|turn|6
|
|t:|1784265543
|move|p2a: Charizard|Heat Wave|p1a: Farigiraf|[spread] p1a,p1b
|-damage|p1a: Farigiraf|59/100
|-damage|p1b: Araquanid|37/100
|move|p2b: Milotic|Ice Beam|p1a: Farigiraf
|-damage|p1a: Farigiraf|33/100
|move|p1b: Araquanid|Hydro Pump|p2a: Charizard
|-supereffective|p2a: Charizard|1
|-damage|p2a: Charizard|0 fnt
|faint|p2a: Charizard
|move|p1a: Farigiraf|Trick Room|p1a: Farigiraf
|-fieldstart|move: Trick Room|[of] p1a: Farigiraf
|
|-damage|p2b: Milotic|57/100|[from] move: Infestation|[partiallytrapped]
|upkeep
|turn|7
|-message|alexander1111 forfeited.
|
|win|bdger
||alexander1111 is ready for game 3.
||bdger is ready for game 3.
|uhtml|next|Next: Game 3 of 3
|l|☆bdger
|player|p1|
