|j|☆furretusedpunch
|j|☆therealkenkaniff
|html|furretusedpunchtherealkenkaniff    
|uhtml|bestof|Game 1 of a best-of-3
|t:|1756625971
|gametype|doubles
|player|p1|furretusedpunch|lacey|1187
|player|p2|therealkenkaniff|cynthia|1295
|gen|9
|tier|[Gen 9] VGC 2025 Reg H (Bo3)
|rated|
|rule|Species Clause: Limit one of each Pokémon
|rule|Item Clause: Limit 1 of each item
|clearpoke
|poke|p1|Gholdengo, L50|
|poke|p1|Sneasler, L50, M|
|poke|p1|Rillaboom, L50, F|
|poke|p1|Dragonite, L50, M|
|poke|p1|Ninetales-Alola, L50, M|
|poke|p1|Arcanine-Hisui, L50, F|
|poke|p2|Sneasler, L50, M|
|poke|p2|Gholdengo, L50|
|poke|p2|Dragapult, L50, M|
|poke|p2|Hydreigon, L50, M|
|poke|p2|Torkoal, L50, F|
|poke|p2|Whimsicott, L50, M|
|teampreview|4
|showteam|p1|Gholdengo||LifeOrb|GoodasGold|NastyPlot,MakeItRain,ShadowBall,Protect||||||50|,,,,,Water]Sneasler||WhiteHerb|Unburden|CloseCombat,DireClaw,Coaching,Protect|||M|||50|,,,,,Ghost]Rillaboom||AssaultVest|GrassySurge|FakeOut,GrassyGlide,DrumBeating,HighHorsepower|||F|||50|,,,,,Fire]Dragonite||LoadedDice|Multiscale|ScaleShot,StompingTantrum,Tailwind,Protect|||M|||50|,,,,,Ground]Ninetales-Alola||FocusSash|SnowWarning|IcyWind,Encore,FreezeDry,AuroraVeil|||M|||50|,,,,,Ghost]Arcanine-Hisui||SafetyGoggles|Intimidate|RockSlide,FlareBlitz,Snarl,Protect|||F|||50|,,,,,Water
|showteam|p2|Sneasler||WhiteHerb|Unburden|Protect,DireClaw,CloseCombat,FakeOut|||M|||50|,,,,,Stellar]Gholdengo||MetalCoat|GoodasGold|Protect,MakeItRain,ShadowBall,NastyPlot||||||50|,,,,,Steel]Dragapult||ChoiceBand|ClearBody|DragonDarts,PhantomForce,SuckerPunch,Uturn|||M|||50|,,,,,Dragon]Hydreigon||LifeOrb|Levitate|Protect,DracoMeteor,DarkPulse,EarthPower|||M|||50|,,,,,Ghost]Torkoal||Charcoal|Drought|Protect,Eruption,HeatWave,HelpingHand|||F|||50|,,,,,Fire]Whimsicott||CovertCloak|Prankster|Moonblast,Tailwind,Encore,FakeTears|||M|||50|,,,,,Dark
|inactive|Battle timer is ON: inactive players will automatically lose when time's up. (requested by therealkenkaniff)
|inactive|furretusedpunch has 60 seconds left.
|inactive|therealkenkaniff has 60 seconds left.
|inactive|therealkenkaniff has 30 seconds left.
|
|t:|1756626033
|teamsize|p1|4
|teamsize|p2|4
|start
|switch|p1a: Gholdengo|Gholdengo, L50|100/100
|switch|p1b: Ninetales|Ninetales-Alola, L50, M|100/100
|switch|p2a: Hydreigon|Hydreigon, L50, M|100/100
|switch|p2b: Dragapult|Dragapult, L50, M|100/100
|-weather|Snowscape|[from] ability: Snow Warning|[of] p1b: Ninetales
|turn|1
|inactive|furretusedpunch has 30 seconds left.
|inactive|therealkenkaniff has 30 seconds left.
|inactive|therealkenkaniff has 20 seconds left.
|
|t:|1756626069
|move|p2b: Dragapult|Phantom Force||[still]
|-prepare|p2b: Dragapult|Phantom Force
|move|p1b: Ninetales|Aurora Veil|p1b: Ninetales
|-sidestart|p1: furretusedpunch|move: Aurora Veil
|move|p2a: Hydreigon|Dark Pulse|p1a: Gholdengo
|-supereffective|p1a: Gholdengo
|-damage|p1a: Gholdengo|21/100
|-damage|p2a: Hydreigon|91/100|[from] item: Life Orb
|move|p1a: Gholdengo|Nasty Plot|p1a: Gholdengo
|-boost|p1a: Gholdengo|spa|2
|
|-weather|Snowscape|[upkeep]
|upkeep
|turn|2
|inactive|therealkenkaniff has 30 seconds left.
|
|t:|1756626099
|move|p2b: Dragapult|Phantom Force|p1a: Gholdengo|[from] lockedmove
|-supereffective|p1a: Gholdengo
|-damage|p1a: Gholdengo|0 fnt
|faint|p1a: Gholdengo
|move|p1b: Ninetales|Icy Wind|p2b: Dragapult|[spread] p2b
|-miss|p1b: Ninetales|p2a: Hydreigon
|-supereffective|p2b: Dragapult
|-damage|p2b: Dragapult|57/100
|move|p2a: Hydreigon|Earth Power|p1b: Ninetales
|-damage|p1b: Ninetales|66/100
|-unboost|p1b: Ninetales|spd|1
|-damage|p2a: Hydreigon|81/100|[from] item: Life Orb
|
|-weather|Snowscape|[upkeep]
|upkeep
|
|t:|1756626117
|switch|p1a: Dragonite|Dragonite, L50, M|100/100
|turn|3
|inactive|therealkenkaniff has 30 seconds left.
|
|t:|1756626147
|move|p2b: Dragapult|Phantom Force||[still]
|-prepare|p2b: Dragapult|Phantom Force
|move|p1b: Ninetales|Icy Wind|p2b: Dragapult|[spread] p2a
|-miss|p1b: Ninetales|p2b: Dragapult
|-supereffective|p2a: Hydreigon
|-damage|p2a: Hydreigon|45/100
|-unboost|p2a: Hydreigon|spe|1
|move|p1a: Dragonite|Scale Shot|p2a: Hydreigon
|-supereffective|p2a: Hydreigon
|-damage|p2a: Hydreigon|9/100
|-supereffective|p2a: Hydreigon
|-damage|p2a: Hydreigon|0 fnt
|faint|p2a: Hydreigon
|-hitcount|p2: Hydreigon|2
|-unboost|p1a: Dragonite|def|1
|-boost|p1a: Dragonite|spe|1
|
|-weather|Snowscape|[upkeep]
|upkeep
|
|t:|1756626161
|switch|p2a: Sneasler|Sneasler, L50, M|100/100
|turn|4
|inactive|furretusedpunch has 30 seconds left.
|
|t:|1756626187
|-terastallize|p1b: Ninetales|Ghost
|move|p2a: Sneasler|Fake Out|p1a: Dragonite
|-damage|p1a: Dragonite|92/100
|cant|p1a: Dragonite|flinch
|move|p2b: Dragapult|Phantom Force|p1a: Dragonite|[from] lockedmove
|-damage|p1a: Dragonite|10/100
|move|p1b: Ninetales|Encore|p2a: Sneasler
|-start|p2a: Sneasler|Encore
|
|-weather|Snowscape|[upkeep]
|upkeep
|turn|5
|inactive|therealkenkaniff has 30 seconds left.
|inactive|therealkenkaniff has 20 seconds left.
|
|t:|1756626226
|switch|p2a: Gholdengo|Gholdengo, L50|100/100
|move|p1a: Dragonite|Scale Shot|p2a: Gholdengo
|-resisted|p2a: Gholdengo
|-damage|p2a: Gholdengo|93/100
|-resisted|p2a: Gholdengo
|-damage|p2a: Gholdengo|85/100
|-resisted|p2a: Gholdengo
|-damage|p2a: Gholdengo|77/100
|-resisted|p2a: Gholdengo
|-damage|p2a: Gholdengo|70/100
|-hitcount|p2a: Gholdengo|4
|-unboost|p1a: Dragonite|def|1
|-boost|p1a: Dragonite|spe|1
|move|p2b: Dragapult|Phantom Force||[still]
|-prepare|p2b: Dragapult|Phantom Force
|move|p1b: Ninetales|Freeze-Dry|p2b: Dragapult|[miss]
|-miss|p1b: Ninetales|p2b: Dragapult
|
|-weather|none
|-sideend|p1: furretusedpunch|move: Aurora Veil
|upkeep
|turn|6
|
|t:|1756626246
|move|p2a: Gholdengo|Protect|p2a: Gholdengo
|-singleturn|p2a: Gholdengo|Protect
|move|p1a: Dragonite|Stomping Tantrum|p2a: Gholdengo
|-activate|p2a: Gholdengo|move: Protect
|move|p2b: Dragapult|Phantom Force|p1b: Ninetales|[from] lockedmove
|-supereffective|p1b: Ninetales
|-damage|p1b: Ninetales|0 fnt
|faint|p1b: Ninetales
|
|upkeep
|
|t:|1756626251
|switch|p1b: Arcanine|Arcanine-Hisui, L50, F|100/100
|-ability|p1b: Arcanine|Intimidate|boost
|-unboost|p2a: Gholdengo|atk|1
|-fail|p2b: Dragapult|unboost|[from] ability: Clear Body|[of] p2b: Dragapult
|turn|7
|inactive|therealkenkaniff has 30 seconds left.
|
|t:|1756626284
|move|p1a: Dragonite|Scale Shot|p2b: Dragapult
|-supereffective|p2b: Dragapult
|-damage|p2b: Dragapult|16/100
|-supereffective|p2b: Dragapult
|-damage|p2b: Dragapult|0 fnt
|faint|p2b: Dragapult
|-hitcount|p2: Dragapult|2
|-unboost|p1a: Dragonite|def|1
|-boost|p1a: Dragonite|spe|1
|move|p1b: Arcanine|Flare Blitz|p2a: Gholdengo
|-supereffective|p2a: Gholdengo
|-damage|p2a: Gholdengo|0 fnt
|faint|p2a: Gholdengo
|-damage|p1b: Arcanine|76/100|[from] Recoil
|
|upkeep
|
|t:|1756626288
|switch|p2b: Sneasler|Sneasler, L50, M|100/100
|turn|8
|
|t:|1756626303
|move|p1a: Dragonite|Protect|p1a: Dragonite
|-singleturn|p1a: Dragonite|Protect
|move|p1b: Arcanine|Protect|p1b: Arcanine
|-singleturn|p1b: Arcanine|Protect
|move|p2b: Sneasler|Close Combat|p1b: Arcanine
|-activate|p1b: Arcanine|move: Protect
|
|upkeep
|turn|9
|inactive|furretusedpunch has 30 seconds left.
|inactive|therealkenkaniff has 30 seconds left.
|
|t:|1756626342
|move|p1a: Dragonite|Scale Shot|p2b: Sneasler
|-damage|p2b: Sneasler|76/100
|-damage|p2b: Sneasler|50/100
|-crit|p2b: Sneasler
|-damage|p2b: Sneasler|16/100
|-damage|p2b: Sneasler|0 fnt
|faint|p2b: Sneasler
|-hitcount|p2: Sneasler|4
|
|win|furretusedpunch
