|j|☆greenjustin14
|j|☆svnzv
|html|greenjustin14svnzv    
|uhtml|bestof|Game 1 of a best-of-3
|t:|1785072428
|gametype|doubles
|player|p1|greenjustin14|giovanni|1033
|player|p2|svnzv|iris-gen5bw2|1129
|gen|9
|tier|[Gen 9 Champions] VGC 2026 Reg M-B (Bo3)
|rated|
|rule|Species Clause: Limit one of each Pokémon
|rule|Item Clause: Limit 1 of each item
|clearpoke
|poke|p1|Gengar, L50, M|
|poke|p1|Hawlucha, L50, M|
|poke|p1|Snorlax, L50, F|
|poke|p1|Incineroar, L50, M|
|poke|p1|Grimmsnarl, L50, M|
|poke|p1|Sinistcha, L50|
|poke|p2|Froslass, L50, F|
|poke|p2|Milotic, L50, F|
|poke|p2|Kingambit, L50, F|
|poke|p2|Whimsicott, L50, M|
|poke|p2|Garchomp, L50, M|
|poke|p2|Blaziken, L50, F, shiny|
|teampreview|4
|showteam|p1|Gengar||Gengarite|CursedBody|Protect,ShadowBall,PerishSong,Disable|Timid||M|||50|]Hawlucha||Hawluchanite|Limber|Detect,Lunge,Coaching,Entrainment|Jolly||M|||50|]Snorlax||Leftovers|ThickFat|Protect,Fissure,SmackDown,Stockpile|Relaxed||F|||50|]Incineroar||PasshoBerry|Intimidate|Protect,FakeOut,FlareBlitz,PartingShot|Relaxed||M|||50|]Grimmsnarl||SitrusBerry|Prankster|Protect,FakeOut,SpiritBreak,PartingShot|Relaxed||M|||50|]Sinistcha||KasibBerry|Hospitality|Protect,MatchaGotcha,RagePowder,TrickRoom|Relaxed|||||50|
|showteam|p2|Froslass||Froslassite|SnowCloak|Blizzard,ShadowBall,Thunderbolt,Protect|Modest||F|||50|]Milotic||Leftovers|Competitive|Scald,IceBeam,HelpingHand,Protect|Modest||F|||50|]Kingambit||LifeOrb|Defiant|KowtowCleave,SuckerPunch,IronHead,Protect|Adamant||F|||50|]Whimsicott||FocusSash|Prankster|Moonblast,Tailwind,Encore,Protect|Timid||M|||50|]Garchomp||SitrusBerry|RoughSkin|DragonClaw,StompingTantrum,RockTomb,Protect|Adamant||M|||50|]Blaziken||Blazikenite|SpeedBoost|FlareBlitz,CloseCombat,RockSlide,Detect|Adamant||F|||50|
|inactive|Battle timer is ON: inactive players will automatically lose when time's up. (requested by svnzv)
|inactive|svnzv has 60 seconds left.
|
|t:|1785072471
|teamsize|p1|4
|teamsize|p2|4
|start
|switch|p1a: Incineroar|Incineroar, L50, M|100/100
|switch|p1b: Grimmsnarl|Grimmsnarl, L50, M|100/100
|switch|p2a: Whimsicott|Whimsicott, L50, M|100/100
|switch|p2b: Blaziken|Blaziken, L50, F, shiny|100/100
|-ability|p1a: Incineroar|Intimidate|boost
|-unboost|p2a: Whimsicott|atk|1
|-unboost|p2b: Blaziken|atk|1
|turn|1
|
|t:|1785072489
|switch|p2b: Milotic|Milotic, L50, F|100/100
|move|p2a: Whimsicott|Protect|p2a: Whimsicott
|-singleturn|p2a: Whimsicott|Protect
|move|p1b: Grimmsnarl|Fake Out|p2a: Whimsicott
|-activate|p2a: Whimsicott|move: Protect
|move|p1a: Incineroar|Fake Out|p2b: Milotic
|-damage|p2b: Milotic|90/100
|
|-heal|p2b: Milotic|96/100|[from] item: Leftovers
|upkeep
|turn|2
|
|t:|1785072508
|switch|p2a: Blaziken|Blaziken, L50, F, shiny|100/100
|move|p1b: Grimmsnarl|Parting Shot|p2a: Blaziken
|-unboost|p2a: Blaziken|atk|1
|-unboost|p2a: Blaziken|spa|1
|
|t:|1785072515
|switch|p1b: Snorlax|Snorlax, L50, F|100/100|[from] Parting Shot
|move|p2b: Milotic|Scald|p1a: Incineroar
|-supereffective|p1a: Incineroar|1
|-enditem|p1a: Incineroar|Passho Berry|[eat]
|-enditem|p1a: Incineroar|Passho Berry|[weaken]
|-damage|p1a: Incineroar|76/100
|move|p1a: Incineroar|Parting Shot|p2b: Milotic
|-unboost|p2b: Milotic|atk|1
|-ability|p2b: Milotic|Competitive|boost
|-boost|p2b: Milotic|spa|2
|-unboost|p2b: Milotic|spa|1
|-ability|p2b: Milotic|Competitive|boost
|-boost|p2b: Milotic|spa|2
|
|t:|1785072528
|switch|p1a: Hawlucha|Hawlucha, L50, M|100/100|[from] Parting Shot
|
|-heal|p2b: Milotic|100/100|[from] item: Leftovers
|upkeep
|turn|3
|
|t:|1785072540
|switch|p2a: Whimsicott|Whimsicott, L50, M|100/100
|detailschange|p1a: Hawlucha|Hawlucha-Mega, L50, M
|-mega|p1a: Hawlucha|Hawlucha|Hawluchanite
|move|p2b: Milotic|Protect|p2b: Milotic
|-singleturn|p2b: Milotic|Protect
|move|p1a: Hawlucha|Entrainment|p1b: Snorlax
|-ability|p1b: Snorlax|No Guard|Thick Fat|[from] move: Entrainment|[of] p1a: Hawlucha
|move|p1b: Snorlax|Fissure|p2b: Milotic
|-activate|p2b: Milotic|move: Protect
|
|upkeep
|turn|4
|inactive|svnzv has 30 seconds left.
|
|t:|1785072566
|move|p2a: Whimsicott|Tailwind|p2a: Whimsicott
|-sidestart|p2: svnzv|move: Tailwind
|move|p2b: Milotic|Ice Beam|p1a: Hawlucha
|-supereffective|p1a: Hawlucha|1
|-damage|p1a: Hawlucha|0 fnt
|faint|p1a: Hawlucha
|move|p1b: Snorlax|Fissure|p2b: Milotic
|-damage|p2b: Milotic|0 fnt
|faint|p2b: Milotic
|-ohko
|
|upkeep
|
|t:|1785072576
|switch|p1a: Incineroar|Incineroar, L50, M|76/100
|switch|p2b: Froslass|Froslass, L50, F|100/100
|-ability|p1a: Incineroar|Intimidate|boost
|-unboost|p2a: Whimsicott|atk|1
|-unboost|p2b: Froslass|atk|1
|turn|5
|
|t:|1785072593
|move|p2a: Whimsicott|Protect|p2a: Whimsicott
|-singleturn|p2a: Whimsicott|Protect
|move|p2b: Froslass|Protect|p2b: Froslass
|-singleturn|p2b: Froslass|Protect
|move|p1a: Incineroar|Fake Out|p2a: Whimsicott
|-activate|p2a: Whimsicott|move: Protect
|move|p1b: Snorlax|Fissure|p2b: Froslass
|-activate|p2b: Froslass|move: Protect
|
|upkeep
|turn|6
|
|t:|1785072612
|detailschange|p2b: Froslass|Froslass-Mega, L50, F
|-mega|p2b: Froslass|Froslass|Froslassite
|-weather|Snowscape|[from] ability: Snow Warning|[of] p2b: Froslass
|move|p2a: Whimsicott|Moonblast|p1b: Snorlax
|-damage|p1b: Snorlax|82/100
|move|p2b: Froslass|Blizzard|p1a: Incineroar|[spread] p1a,p1b
|-resisted|p1a: Incineroar|1
|-damage|p1a: Incineroar|57/100
|-damage|p1b: Snorlax|57/100
|-status|p1b: Snorlax|frz
|move|p1a: Incineroar|Flare Blitz|p2a: Whimsicott
|-supereffective|p2a: Whimsicott|1
|-enditem|p2a: Whimsicott|Focus Sash
|-damage|p2a: Whimsicott|1/100
|-damage|p1a: Incineroar|36/100|[from] Recoil
|-curestatus|p1b: Snorlax|frz|[msg]
|move|p1b: Snorlax|Fissure|p2b: Froslass
|-damage|p2b: Froslass|0 fnt
|faint|p2b: Froslass
|-ohko
|
|-weather|Snowscape|[upkeep]
|-heal|p1b: Snorlax|63/100|[from] item: Leftovers
|upkeep
|
|t:|1785072620
|switch|p2b: Blaziken|Blaziken, L50, F, shiny|100/100
|turn|7
|
|t:|1785072643
|move|p2a: Whimsicott|Moonblast|p1a: Incineroar
|-damage|p1a: Incineroar|10/100
|move|p2b: Blaziken|Close Combat|p1b: Snorlax
|-supereffective|p1b: Snorlax|1
|-damage|p1b: Snorlax|0 fnt
|-unboost|p2b: Blaziken|def|1
|-unboost|p2b: Blaziken|spd|1
|faint|p1b: Snorlax
|move|p1a: Incineroar|Parting Shot|p2b: Blaziken
|-unboost|p2b: Blaziken|atk|1
|-unboost|p2b: Blaziken|spa|1
|
|t:|1785072653
|switch|p1a: Grimmsnarl|Grimmsnarl, L50, M|100/100|[from] Parting Shot
|
|-weather|Snowscape|[upkeep]
|-sideend|p2: svnzv|move: Tailwind
|-ability|p2b: Blaziken|Speed Boost|boost
|-boost|p2b: Blaziken|spe|1
|upkeep
|
|t:|1785072659
|switch|p1b: Incineroar|Incineroar, L50, M|10/100
|-ability|p1b: Incineroar|Intimidate|boost
|-unboost|p2a: Whimsicott|atk|1
|-unboost|p2b: Blaziken|atk|1
|turn|8
|
|t:|1785072665
|move|p2a: Whimsicott|Protect|p2a: Whimsicott
|-singleturn|p2a: Whimsicott|Protect
|move|p1b: Incineroar|Fake Out|p2b: Blaziken
|-damage|p2b: Blaziken|80/100
|move|p1a: Grimmsnarl|Fake Out|p2a: Whimsicott
|-activate|p2a: Whimsicott|move: Protect
|cant|p2b: Blaziken|flinch
|
|-weather|Snowscape|[upkeep]
|-ability|p2b: Blaziken|Speed Boost|boost
|-boost|p2b: Blaziken|spe|1
|upkeep
|turn|9
|
|t:|1785072687
|move|p2b: Blaziken|Rock Slide|p1a: Grimmsnarl|[spread] p1a,p1b
|-supereffective|p1b: Incineroar|1
|-damage|p1a: Grimmsnarl|89/100
|-damage|p1b: Incineroar|0 fnt
|faint|p1b: Incineroar
|move|p2a: Whimsicott|Moonblast|p1a: Grimmsnarl
|-supereffective|p1a: Grimmsnarl|1
|-damage|p1a: Grimmsnarl|32/100
|-enditem|p1a: Grimmsnarl|Sitrus Berry|[eat]
|-heal|p1a: Grimmsnarl|57/100|[from] item: Sitrus Berry
|move|p1a: Grimmsnarl|Spirit Break|p2b: Blaziken
|-damage|p2b: Blaziken|23/100
|-unboost|p2b: Blaziken|spa|1
|
|-weather|Snowscape|[upkeep]
|-ability|p2b: Blaziken|Speed Boost|boost
|-boost|p2b: Blaziken|spe|1
|upkeep
|turn|10
|
|t:|1785072705
|move|p2b: Blaziken|Flare Blitz|p1a: Grimmsnarl
|-damage|p1a: Grimmsnarl|18/100
|-damage|p2b: Blaziken|6/100|[from] Recoil
|move|p2a: Whimsicott|Moonblast|p1a: Grimmsnarl
|-supereffective|p1a: Grimmsnarl|1
|-damage|p1a: Grimmsnarl|0 fnt
|faint|p1a: Grimmsnarl
|
|win|svnzv
|l|☆svnzv
|player|p2|
|l|☆greenjustin14
|player|p1|
||svnzv is ready for game 2.
|inactive|greenjustin14 has 30 seconds to confirm battle start!
|raw|greenjustin14's rating: 1033 → 1022(-11 for losing)
|raw|svnzv's rating: 1129 → 1147(+18 for winning)
|j| tedidn
