|j|☆medwar
|j|☆minccino fan
|html|medwarminccino fan    
|uhtml|bestof|Game 1 of a best-of-3
|t:|1757658465
|gametype|doubles
|player|p1|medwar|dawn|1194
|player|p2|minccino fan|miku-ghost|1301
|gen|9
|tier|[Gen 9] VGC 2025 Reg H (Bo3)
|rated|
|rule|Species Clause: Limit one of each Pokémon
|rule|Item Clause: Limit 1 of each item
|clearpoke
|poke|p1|Ninetales-Alola, L50, F|
|poke|p1|Annihilape, L50, F|
|poke|p1|Basculegion, L50, M|
|poke|p1|Dragonite, L50, M|
|poke|p1|Ursaluna-Bloodmoon, L50, M|
|poke|p1|Tsareena, L50, F|
|poke|p2|Charizard, L50, M|
|poke|p2|Torkoal, L50, F|
|poke|p2|Porygon2, L50|
|poke|p2|Incineroar, L50, M|
|poke|p2|Jumpluff, L50, M|
|poke|p2|Ursaluna, L50, M|
|teampreview|4
|showteam|p1|Ninetales-Alola||FocusSash|SnowWarning|FreezeDry,AuroraVeil,Protect,Blizzard|||F|||50|,,,,,Ghost]Annihilape||SafetyGoggles|Defiant|RageFist,DrainPunch,Protect,BulkUp|||F|||50|,,,,,Fire]Basculegion||ChoiceScarf|Adaptability|LastRespects,FlipTurn,AquaJet,WaveCrash|||M|||50|,,,,,Water]Dragonite||LoadedDice|Multiscale|Protect,Haze,Tailwind,ScaleShot|||M|||50|,,,,,Fairy]Ursaluna-Bloodmoon||AssaultVest|MindsEye|BloodMoon,Moonblast,HyperVoice,EarthPower|||M|||50|,,,,,Fairy]Tsareena||Leftovers|QueenlyMajesty|Protect,KnockOff,TropKick,Trailblaze|||F|||50|,,,,,Fire
|showteam|p2|Charizard||ChoiceSpecs|SolarPower|HeatWave,Overheat,WeatherBall,AirSlash|||M|||50|,,,,,Ghost]Torkoal||EjectPack|Drought|Eruption,Overheat,HelpingHand,Protect|||F|||50|,,,,,Fire]Porygon2||Eviolite|Download|TeraBlast,IceBeam,Recover,TrickRoom||||||50|,,,,,Fighting]Incineroar||SitrusBerry|Intimidate|FlareBlitz,KnockOff,FakeOut,PartingShot|||M|||50|,,,,,Ghost]Jumpluff||CovertCloak|Chlorophyll|SleepPowder,SunnyDay,RagePowder,Tailwind|||M|||50|,,,,,Water]Ursaluna||FlameOrb|Guts|HeadlongRush,Facade,Earthquake,Protect|||M|||50|,,,,,Ghost
|inactive|Battle timer is ON: inactive players will automatically lose when time's up. (requested by minccino fan)
|inactive|medwar has 60 seconds left.
|inactive|minccino fan has 60 seconds left.
|inactive|minccino fan has 30 seconds left.
|inactive|minccino fan has 20 seconds left.
|inactive|minccino fan has 15 seconds left.
|inactive|minccino fan has 10 seconds left.
|inactive|minccino fan has 5 seconds left.
|
|t:|1757658553
|teamsize|p1|4
|teamsize|p2|4
|start
|switch|p1a: Dragonite|Dragonite, L50, M|100/100
|switch|p1b: Basculegion|Basculegion, L50, M|100/100
|switch|p2a: Jumpluff|Jumpluff, L50, M|100/100
|switch|p2b: Charizard|Charizard, L50, M|100/100
|turn|1
|inactive|minccino fan has 30 seconds left.
|inactive|minccino fan has 20 seconds left.
|inactive|minccino fan has 15 seconds left.
|
|t:|1757658596
|move|p2a: Jumpluff|Rage Powder|p2a: Jumpluff
|-singleturn|p2a: Jumpluff|move: Rage Powder
|move|p1b: Basculegion|Wave Crash|p2a: Jumpluff
|-resisted|p2a: Jumpluff
|-damage|p2a: Jumpluff|50/100
|-damage|p1b: Basculegion|86/100|[from] Recoil
|move|p2b: Charizard|Heat Wave|p1a: Dragonite|[spread] p1a,p1b
|-resisted|p1a: Dragonite
|-resisted|p1b: Basculegion
|-damage|p1a: Dragonite|90/100
|-damage|p1b: Basculegion|61/100
|-status|p1b: Basculegion|brn
|move|p1a: Dragonite|Scale Shot|p2a: Jumpluff
|-damage|p2a: Jumpluff|33/100
|-damage|p2a: Jumpluff|16/100
|-damage|p2a: Jumpluff|0 fnt
|faint|p2a: Jumpluff
|-hitcount|p2: Jumpluff|3
|-unboost|p1a: Dragonite|def|1
|-boost|p1a: Dragonite|spe|1
|
|-damage|p1b: Basculegion|55/100 brn|[from] brn
|upkeep
|inactive|minccino fan has 30 seconds left.
|
|t:|1757658627
|switch|p2a: Porygon2|Porygon2, L50|100/100
|-ability|p2a: Porygon2|Download|boost
|-boost|p2a: Porygon2|atk|1
|turn|2
|
|t:|1757658642
|-terastallize|p2b: Charizard|Ghost
|move|p1a: Dragonite|Scale Shot|p2a: Porygon2
|-damage|p2a: Porygon2|91/100
|-damage|p2a: Porygon2|82/100
|-crit|p2a: Porygon2
|-damage|p2a: Porygon2|67/100
|-damage|p2a: Porygon2|59/100
|-damage|p2a: Porygon2|50/100
|-hitcount|p2a: Porygon2|5
|-unboost|p1a: Dragonite|def|1
|-boost|p1a: Dragonite|spe|1
|move|p1b: Basculegion|Wave Crash|p2a: Porygon2
|-crit|p2a: Porygon2
|-damage|p2a: Porygon2|9/100
|-damage|p1b: Basculegion|43/100 brn|[from] Recoil
|move|p2b: Charizard|Heat Wave|p1a: Dragonite|[spread] p1a,p1b
|-resisted|p1a: Dragonite
|-resisted|p1b: Basculegion
|-damage|p1a: Dragonite|66/100
|-damage|p1b: Basculegion|15/100 brn
|move|p2a: Porygon2|Trick Room|p2a: Porygon2
|-fieldstart|move: Trick Room|[of] p2a: Porygon2
|
|-damage|p1b: Basculegion|9/100 brn|[from] brn
|upkeep
|turn|3
|inactive|medwar has 30 seconds left.
|inactive|medwar has 20 seconds left.
|inactive|medwar has 15 seconds left.
|inactive|medwar has 10 seconds left.
|
|t:|1757658687
|move|p1a: Dragonite|Protect|p1a: Dragonite
|-singleturn|p1a: Dragonite|Protect
|move|p2a: Porygon2|Ice Beam|p1a: Dragonite
|-activate|p1a: Dragonite|move: Protect
|move|p2b: Charizard|Heat Wave|p1b: Basculegion|[spread] p1b
|-activate|p1a: Dragonite|move: Protect
|-resisted|p1b: Basculegion
|-damage|p1b: Basculegion|0 fnt
|faint|p1b: Basculegion
|
|upkeep
|
|t:|1757658699
|switch|p1b: Ursaluna|Ursaluna-Bloodmoon, L50, M|100/100
|turn|4
|
|t:|1757658712
|-terastallize|p1a: Dragonite|Fairy
|move|p1b: Ursaluna|Hyper Voice|p2a: Porygon2|[spread] p2a,p2b
|-damage|p2a: Porygon2|0 fnt
|-damage|p2b: Charizard|50/100
|faint|p2a: Porygon2
|move|p2b: Charizard|Heat Wave|p1a: Dragonite|[spread] p1a,p1b
|-damage|p1a: Dragonite|25/100
|-damage|p1b: Ursaluna|69/100
|move|p1a: Dragonite|Haze|p1a: Dragonite
|-clearallboost
|
|upkeep
|
|t:|1757658720
|switch|p2a: Ursaluna|Ursaluna, L50, M|100/100
|turn|5
|inactive|minccino fan has 30 seconds left.
|
|t:|1757658753
|move|p1b: Ursaluna|Blood Moon|p2a: Ursaluna
|-damage|p2a: Ursaluna|18/100
|move|p2a: Ursaluna|Headlong Rush|p1b: Ursaluna
|-damage|p1b: Ursaluna|18/100
|-unboost|p2a: Ursaluna|def|1
|-unboost|p2a: Ursaluna|spd|1
|move|p1a: Dragonite|Scale Shot|p2b: Charizard
|-damage|p2b: Charizard|31/100
|-damage|p2b: Charizard|12/100
|-damage|p2b: Charizard|0 fnt
|faint|p2b: Charizard
|-hitcount|p2: Charizard|3
|-unboost|p1a: Dragonite|def|1
|-boost|p1a: Dragonite|spe|1
|
|-status|p2a: Ursaluna|brn|[from] item: Flame Orb
|upkeep
|turn|6
|
|t:|1757658778
|move|p1b: Ursaluna|Moonblast|p2a: Ursaluna
|-damage|p2a: Ursaluna|0 fnt
|faint|p2a: Ursaluna
|
|win|medwar
||medwar is ready for game 2.
|inactive|minccino fan has 30 seconds to confirm battle start!
||minccino fan is ready for game 2.
|uhtml|next|Next: Game 2 of 3
|l|☆medwar
|player|p1|
|l|☆minccino fan
|player|p2|
