|j|☆Yato1226
|j|☆d1mo22
|html|Yato1226d1mo22    
|uhtml|bestof|Game 2 of a best-of-3
|t:|1784567137
|gametype|doubles
|player|p1|Yato1226|dragontamer|1309
|player|p2|d1mo22|skier|1285
|gen|9
|tier|[Gen 9 Champions] VGC 2026 Reg M-B (Bo3)
|rated|
|rule|Species Clause: Limit one of each Pokémon
|rule|Item Clause: Limit 1 of each item
|clearpoke
|poke|p1|Staraptor, L50, F|
|poke|p1|Grimmsnarl, L50, M|
|poke|p1|Raichu, L50, M|
|poke|p1|Ceruledge, L50, F|
|poke|p1|Sinistcha, L50|
|poke|p1|Kingambit, L50, F|
|poke|p2|Raichu, L50, M|
|poke|p2|Gyarados, L50, M, shiny|
|poke|p2|Mamoswine, L50, F|
|poke|p2|Ceruledge, L50, F|
|poke|p2|Sinistcha, L50|
|poke|p2|Kingambit, L50, F, shiny|
|teampreview|4
|showteam|p1|Staraptor||Staraptite|Intimidate|CloseCombat,BraveBird,Roost,Protect|Jolly||F|||50|]Grimmsnarl||LightClay|Prankster|SpiritBreak,Reflect,LightScreen,PartingShot|Careful||M|||50|]Raichu||FocusSash|LightningRod|VoltSwitch,Electroweb,Charm,FakeOut|Timid||M|||50|]Ceruledge||ColburBerry|FlashFire|BitterBlade,ShadowSneak,BulkUp,Protect|Adamant||F|||50|]Sinistcha||SitrusBerry|Hospitality|MatchaGotcha,RagePowder,TrickRoom,Protect|Bold|||||50|]Kingambit||LifeOrb|Defiant|KowtowCleave,SuckerPunch,IronHead,Protect|Adamant||F|||50|
|showteam|p2|Raichu||RaichuniteY|LightningRod|FakeOut,Encore,ZapCannon,FocusBlast|Timid||M|||50|]Gyarados||Gyaradosite|Intimidate|LashOut,Waterfall,DragonDance,Protect|Adamant||M|||50|]Mamoswine||LifeOrb|Oblivious|Protect,IcicleCrash,IceShard,HighHorsepower|Jolly||F|||50|]Ceruledge||ColburBerry|FlashFire|BitterBlade,ShadowSneak,BulkUp,Protect|Adamant||F|||50|]Sinistcha||SitrusBerry|Hospitality|Protect,RagePowder,MatchaGotcha,LifeDew|Bold|||||50|]Kingambit||FocusSash|Defiant|Protect,SuckerPunch,KowtowCleave,IronHead|Adamant||F|||50|
|inactive|Battle timer is ON: inactive players will automatically lose when time's up. (requested by d1mo22)
|
|t:|1784567148
|teamsize|p1|4
|teamsize|p2|4
|start
|switch|p1a: Staraptor|Staraptor, L50, F|100/100
|switch|p1b: Grimmsnarl|Grimmsnarl, L50, M|100/100
|switch|p2a: Raichu|Raichu, L50, M|100/100
|switch|p2b: Gyarados|Gyarados, L50, M, shiny|100/100
|-ability|p1a: Staraptor|Intimidate|boost
|-unboost|p2a: Raichu|atk|1
|-unboost|p2b: Gyarados|atk|1
|-ability|p2b: Gyarados|Intimidate|boost
|-unboost|p1a: Staraptor|atk|1
|-unboost|p1b: Grimmsnarl|atk|1
|turn|1
|
|t:|1784567161
|detailschange|p1a: Staraptor|Staraptor-Mega, L50, F
|-mega|p1a: Staraptor|Staraptor|Staraptite
|move|p2a: Raichu|Fake Out|p1b: Grimmsnarl
|-damage|p1b: Grimmsnarl|94/100
|cant|p1b: Grimmsnarl|flinch
|move|p1a: Staraptor|Close Combat|p2a: Raichu
|-damage|p2a: Raichu|37/100
|-boost|p1a: Staraptor|def|1
|-boost|p1a: Staraptor|spd|1
|move|p2b: Gyarados|Dragon Dance|p2b: Gyarados
|-boost|p2b: Gyarados|atk|1
|-boost|p2b: Gyarados|spe|1
|
|upkeep
|turn|2
|
|t:|1784567179
|switch|p2a: Ceruledge|Ceruledge, L50, F|100/100
|move|p1b: Grimmsnarl|Parting Shot|p1a: Staraptor
|-boost|p1a: Staraptor|atk|1
|-boost|p1a: Staraptor|spa|1
|
|t:|1784567184
|switch|p1b: Raichu|Raichu, L50, M|100/100|[from] Parting Shot
|move|p2b: Gyarados|Dragon Dance|p2b: Gyarados
|-boost|p2b: Gyarados|atk|1
|-boost|p2b: Gyarados|spe|1
|move|p1a: Staraptor|Close Combat|p2a: Ceruledge
|-immune|p2a: Ceruledge
|
|upkeep
|turn|3
|
|t:|1784567203
|move|p2b: Gyarados|Protect|p2b: Gyarados
|-singleturn|p2b: Gyarados|Protect
|move|p1b: Raichu|Charm|p1a: Staraptor
|-boost|p1a: Staraptor|atk|2
|move|p1a: Staraptor|Brave Bird|p2a: Ceruledge
|-damage|p2a: Ceruledge|0 fnt
|faint|p2a: Ceruledge
|-damage|p1a: Staraptor|68/100|[from] Recoil
|
|upkeep
|
|t:|1784567212
|switch|p2a: Raichu|Raichu, L50, M|37/100
|turn|4
|
|t:|1784567224
|switch|p1b: Sinistcha|Sinistcha, L50|100/100
|-heal|p1a: Staraptor|93/100|[from] ability: Hospitality|[of] p1b: Sinistcha
|move|p1a: Staraptor|Protect|p1a: Staraptor
|-singleturn|p1a: Staraptor|Protect
|move|p2a: Raichu|Fake Out|p1a: Staraptor
|-activate|p1a: Staraptor|move: Protect
|move|p2b: Gyarados|Dragon Dance|p2b: Gyarados
|-boost|p2b: Gyarados|atk|1
|-boost|p2b: Gyarados|spe|1
|
|upkeep
|turn|5
|inactive|d1mo22 has 30 seconds left.
|inactive|d1mo22 has 20 seconds left.
|
|t:|1784567262
|move|p1b: Sinistcha|Rage Powder|p1b: Sinistcha
|-singleturn|p1b: Sinistcha|move: Rage Powder
|move|p2b: Gyarados|Lash Out|p1b: Sinistcha
|-supereffective|p1b: Sinistcha|1
|-damage|p1b: Sinistcha|17/100
|-enditem|p1b: Sinistcha|Sitrus Berry|[eat]
|-heal|p1b: Sinistcha|42/100|[from] item: Sitrus Berry
|move|p1a: Staraptor|Close Combat|p2a: Raichu
|-damage|p2a: Raichu|0 fnt
|-boost|p1a: Staraptor|def|1
|-boost|p1a: Staraptor|spd|1
|faint|p2a: Raichu
|
|upkeep
|
|t:|1784567266
|switch|p2a: Mamoswine|Mamoswine, L50, F|100/100
|turn|6
|
|t:|1784567283
|detailschange|p2b: Gyarados|Gyarados-Mega, L50, M, shiny
|-mega|p2b: Gyarados|Gyarados|Gyaradosite
|-ability|p2b: Gyarados|Mold Breaker
|move|p1b: Sinistcha|Rage Powder|p1b: Sinistcha
|-singleturn|p1b: Sinistcha|move: Rage Powder
|move|p2a: Mamoswine|Ice Shard|p1b: Sinistcha
|-supereffective|p1b: Sinistcha|1
|-crit|p1b: Sinistcha
|-damage|p1b: Sinistcha|0 fnt
|faint|p1b: Sinistcha
|-damage|p2a: Mamoswine|90/100|[from] item: Life Orb
|move|p2b: Gyarados|Waterfall|p1a: Staraptor
|-crit|p1a: Staraptor
|-damage|p1a: Staraptor|0 fnt
|faint|p1a: Staraptor
|
|upkeep
|-message|Yato1226 forfeited.
|
|win|d1mo22
||Yato1226 is ready for game 3.
