|j|☆furnoz
|j|☆so atey
|html|furnozso atey    
|uhtml|bestof|Game 1 of a best-of-3
|t:|1757713863
|gametype|doubles
|player|p1|furnoz|169|1172
|player|p2|so atey|cynthia|1215
|gen|9
|tier|[Gen 9] VGC 2025 Reg H (Bo3)
|rated|
|rule|Species Clause: Limit one of each Pokémon
|rule|Item Clause: Limit 1 of each item
|clearpoke
|poke|p1|Hatterene, L50, F|
|poke|p1|Indeedee-F, L50, F|
|poke|p1|Torkoal, L50, F|
|poke|p1|Lilligant-Hisui, L50, F|
|poke|p1|Ursaluna, L50, F|
|poke|p1|Gallade, L50, M|
|poke|p2|Malamar, L50, F|
|poke|p2|Magmar, L50, F|
|poke|p2|Torkoal, L50, F|
|poke|p2|Lilligant-Hisui, L50, F|
|poke|p2|Luxray, L50, M|
|poke|p2|Dragapult, L50, F|
|teampreview|4
|showteam|p1|Hatterene||LifeOrb|MagicBounce|ExpandingForce,DazzlingGleam,TrickRoom,Protect|||F|||50|,,,,,Water]Indeedee-F||RockyHelmet|PsychicSurge|Psychic,FollowMe,TrickRoom,HelpingHand|||F|||50|,,,,,Grass]Torkoal||Charcoal|Drought|Eruption,WeatherBall,EarthPower,Protect|||F|||50|,,,,,Fire]Lilligant-Hisui||FocusSash|Chlorophyll|SolarBlade,CloseCombat,SleepPowder,AfterYou|||F|||50|,,,,,Ghost]Ursaluna||FlameOrb|Guts|Facade,HeadlongRush,Earthquake,Protect|||F|||50|,,,,,Ghost]Gallade||ClearAmulet|Sharpness|SacredSword,PsychoCut,TrickRoom,WideGuard|||M|||50|,,,,,Grass
|showteam|p2|Malamar||Leftovers|Contrary|KnockOff,Superpower,TrickRoom,Protect|||F|||50|,,,,,Fire]Magmar||Eviolite|VitalSpirit|FollowMe,WillOWisp,Protect,HeatWave|||F|||50|,,,,,Dark]Torkoal||ChoiceSpecs|Drought|Eruption,FireBlast,SolarBeam,WeatherBall|||F|||50|,,,,,Fire]Lilligant-Hisui||FocusSash|Chlorophyll|CloseCombat,SleepPowder,AfterYou,Protect|||F|||50|,,,,,Ghost]Luxray||AssaultVest|Intimidate|Snarl,VoltSwitch,Electroweb,Thunderbolt|||M|||50|,,,,,Water]Dragapult||ChoiceBand|ClearBody|DragonDarts,Outrage,PhantomForce,Uturn|||F|||50|,,,,,Dragon
|
|t:|1757713906
|teamsize|p1|4
|teamsize|p2|4
|start
|switch|p1a: Lilligant|Lilligant-Hisui, L50, F|100/100
|switch|p1b: Hatterene|Hatterene, L50, F|100/100
|switch|p2a: Luxray|Luxray, L50, M, shiny|100/100
|switch|p2b: Magmar|Magmar, L50, F, shiny|100/100
|-ability|p2a: Luxray|Intimidate|boost
|-unboost|p1a: Lilligant|atk|1
|-unboost|p1b: Hatterene|atk|1
|turn|1
|inactive|Battle timer is ON: inactive players will automatically lose when time's up. (requested by so atey)
|
|t:|1757713958
|switch|p1a: Indeedee|Indeedee-F, L50, F|100/100
|-fieldstart|move: Psychic Terrain|[from] ability: Psychic Surge|[of] p1a: Indeedee
|move|p2b: Magmar|Follow Me|p2b: Magmar
|-singleturn|p2b: Magmar|move: Follow Me
|move|p2a: Luxray|Snarl|p1b: Hatterene|[spread] p1a,p1b
|-supereffective|p1a: Indeedee
|-crit|p1a: Indeedee
|-damage|p1a: Indeedee|75/100
|-damage|p1b: Hatterene|90/100
|-unboost|p1a: Indeedee|spa|1
|-unboost|p1b: Hatterene|spa|1
|move|p1b: Hatterene|Expanding Force|p2b: Magmar|[spread] p2a,p2b
|-damage|p2a: Luxray|58/100
|-damage|p2b: Magmar|61/100
|-damage|p1b: Hatterene|81/100|[from] item: Life Orb
|
|upkeep
|turn|2
|inactive|furnoz has 30 seconds left.
|inactive|so atey has 30 seconds left.
|inactive|furnoz has 20 seconds left.
|
|t:|1757713994
|move|p1b: Hatterene|Protect|p1b: Hatterene
|-singleturn|p1b: Hatterene|Protect
|move|p2a: Luxray|Snarl|p1b: Hatterene|[spread] p1a
|-activate|p1b: Hatterene|move: Protect
|-supereffective|p1a: Indeedee
|-damage|p1a: Indeedee|54/100
|-unboost|p1a: Indeedee|spa|1
|move|p2b: Magmar|Heat Wave|p1a: Indeedee|[spread] p1a
|-activate|p1b: Hatterene|move: Protect
|-damage|p1a: Indeedee|32/100
|move|p1a: Indeedee|Trick Room|p1a: Indeedee
|-fieldstart|move: Trick Room|[of] p1a: Indeedee
|
|upkeep
|turn|3
|
|t:|1757714018
|move|p1a: Indeedee|Helping Hand|p1b: Hatterene
|-singleturn|p1b: Hatterene|Helping Hand|[of] p1a: Indeedee
|move|p2b: Magmar|Follow Me|p2b: Magmar
|-singleturn|p2b: Magmar|move: Follow Me
|move|p1b: Hatterene|Expanding Force|p2a: Luxray|[spread] p2a,p2b
|-damage|p2a: Luxray|0 fnt
|-damage|p2b: Magmar|6/100
|faint|p2a: Luxray
|-damage|p1b: Hatterene|72/100|[from] item: Life Orb
|
|upkeep
|
|t:|1757714031
|switch|p2a: Torkoal|Torkoal, L50, F, shiny|100/100
|-weather|SunnyDay|[from] ability: Drought|[of] p2a: Torkoal
|turn|4
|
|t:|1757714042
|-terastallize|p2a: Torkoal|Fire
|-terastallize|p1b: Hatterene|Water
|move|p1a: Indeedee|Helping Hand|p1b: Hatterene
|-singleturn|p1b: Hatterene|Helping Hand|[of] p1a: Indeedee
|move|p2a: Torkoal|Eruption|p1a: Indeedee|[spread] p1a,p1b
|-resisted|p1b: Hatterene
|-damage|p1a: Indeedee|0 fnt
|-damage|p1b: Hatterene|0 fnt
|faint|p1a: Indeedee
|faint|p1b: Hatterene
|move|p2b: Magmar|Heat Wave|p1: Indeedee|[notarget]
|-fail|p2b: Magmar
|
|-weather|SunnyDay|[upkeep]
|upkeep
|
|t:|1757714052
|switch|p1b: Torkoal|Torkoal, L50, F|100/100
|switch|p1a: Lilligant|Lilligant-Hisui, L50, F|100/100
|turn|5
|
|t:|1757714067
|move|p2b: Magmar|Follow Me|p2b: Magmar
|-singleturn|p2b: Magmar|move: Follow Me
|move|p2a: Torkoal|Eruption|p1a: Lilligant|[spread] p1a,p1b
|-supereffective|p1a: Lilligant
|-resisted|p1b: Torkoal
|-enditem|p1a: Lilligant|Focus Sash
|-damage|p1a: Lilligant|1/100
|-damage|p1b: Torkoal|6/100
|move|p1b: Torkoal|Eruption|p2a: Torkoal|[spread] p2a,p2b
|-resisted|p2a: Torkoal
|-resisted|p2b: Magmar
|-damage|p2a: Torkoal|97/100
|-damage|p2b: Magmar|4/100
|move|p1a: Lilligant|Sleep Powder|p2b: Magmar|[miss]
|-miss|p1a: Lilligant|p2b: Magmar
|
|-weather|SunnyDay|[upkeep]
|-fieldend|move: Psychic Terrain
|upkeep
|turn|6
|-message|furnoz forfeited.
|
|win|so atey
|l|☆furnoz
|player|p1|
|j|☆furnoz
|player|p1|furnoz|169|
||so atey is ready for game 2.
|inactive|furnoz has 30 seconds to confirm battle start!
||furnoz is ready for game 2.
|uhtml|next|Next: Game 2 of 3
|l|☆furnoz
|player|p1|
|l|☆so atey
|player|p2|
