|j|☆Rodrigo21amz
|j|☆Starbai
|html|Rodrigo21amzStarbai    
|uhtml|bestof|Game 2 of a best-of-3
|t:|1757097577
|gametype|doubles
|player|p1|Rodrigo21amz|volkner|1278
|player|p2|Starbai|acetrainer-gen4dp|1285
|gen|9
|tier|[Gen 9] VGC 2025 Reg H (Bo3)
|rated|
|rule|Species Clause: Limit one of each Pokémon
|rule|Item Clause: Limit 1 of each item
|clearpoke
|poke|p1|Ursaluna-Bloodmoon, L50, M|
|poke|p1|Electabuzz, L50, F|
|poke|p1|Sneasler, L50, F|
|poke|p1|Dragonite, L50, F|
|poke|p1|Rillaboom, L50, F|
|poke|p1|Volcarona, L50, M|
|poke|p2|Dragonite, L50, F|
|poke|p2|Volcarona, L50, M|
|poke|p2|Kingambit, L50, M|
|poke|p2|Sneasler, L50, F|
|poke|p2|Electabuzz, L50, M|
|poke|p2|Rillaboom, L50, M|
|teampreview|4
|showteam|p1|Ursaluna-Bloodmoon||LifeOrb|MindsEye|BloodMoon,HyperVoice,EarthPower,Protect|||M|||50|,,,,,Normal]Electabuzz||Eviolite|VitalSpirit|FollowMe,Electroweb,Taunt,Protect|||F|||50|,,,,,Fairy]Sneasler||FocusSash|PoisonTouch|FakeOut,DireClaw,CloseCombat,Protect|||F|||50|,,,,,Stellar]Dragonite||LoadedDice|Multiscale|Haze,ScaleShot,Protect,ExtremeSpeed|||F|||50|,,,,,Steel]Rillaboom||AssaultVest|GrassySurge|WoodHammer,FakeOut,GrassyGlide,HighHorsepower|||F|||50|,,,,,Fire]Volcarona||Leftovers|FlameBody|QuiverDance,Protect,TeraBlast,HeatWave|||M|||50|,,,,,Fairy
|showteam|p2|Dragonite||LoadedDice|Multiscale|ScaleShot,ExtremeSpeed,Haze,Protect|||F|||50|,,,,,Steel]Volcarona||CovertCloak|FlameBody|HeatWave,TeraBlast,QuiverDance,Protect|||M|||50|,,,,,Fairy]Kingambit||BlackGlasses|Defiant|KowtowCleave,SuckerPunch,SwordsDance,Protect|||M|||50|,,,,,Dark]Sneasler||FocusSash|Unburden|CloseCombat,DireClaw,FakeOut,Coaching|||F|||50|,,,,,Stellar]Electabuzz||Eviolite|VitalSpirit|Thunderbolt,FollowMe,Taunt,Protect|||M|||50|,,,,,Ghost]Rillaboom||AssaultVest|GrassySurge|WoodHammer,GrassyGlide,FakeOut,HighHorsepower|||M|||50|,,,,,Fire
|
|t:|1757097615
|teamsize|p1|4
|teamsize|p2|4
|start
|switch|p1a: Ursaluna|Ursaluna-Bloodmoon, L50, M|100/100
|switch|p1b: Electabuzz|Electabuzz, L50, F|100/100
|switch|p2a: Sneasler|Sneasler, L50, F|100/100
|switch|p2b: Dragonite|Dragonite, L50, F|100/100
|turn|1
|
|t:|1757097650
|move|p1b: Electabuzz|Protect|p1b: Electabuzz
|-singleturn|p1b: Electabuzz|Protect
|move|p1a: Ursaluna|Protect|p1a: Ursaluna
|-singleturn|p1a: Ursaluna|Protect
|move|p2a: Sneasler|Fake Out|p1b: Electabuzz
|-activate|p1b: Electabuzz|move: Protect
|move|p2b: Dragonite|Scale Shot|p1a: Ursaluna
|-activate|p1a: Ursaluna|move: Protect
|
|upkeep
|turn|2
|
|t:|1757097672
|move|p2a: Sneasler|Dire Claw|p1b: Electabuzz
|-damage|p1b: Electabuzz|63/100
|move|p1b: Electabuzz|Electroweb|p2b: Dragonite|[spread] p2a,p2b
|-crit|p2a: Sneasler
|-damage|p2a: Sneasler|72/100
|-damage|p2b: Dragonite|93/100
|-unboost|p2a: Sneasler|spe|1
|-unboost|p2b: Dragonite|spe|1
|move|p1a: Ursaluna|Hyper Voice|p2a: Sneasler|[spread] p2a,p2b
|-damage|p2a: Sneasler|4/100
|-damage|p2b: Dragonite|36/100
|-damage|p1a: Ursaluna|91/100|[from] item: Life Orb
|move|p2b: Dragonite|Scale Shot|p1a: Ursaluna
|-crit|p1a: Ursaluna
|-damage|p1a: Ursaluna|73/100
|-damage|p1a: Ursaluna|61/100
|-damage|p1a: Ursaluna|49/100
|-damage|p1a: Ursaluna|37/100
|-hitcount|p1a: Ursaluna|4
|-unboost|p2b: Dragonite|def|1
|-boost|p2b: Dragonite|spe|1
|
|upkeep
|turn|3
|
|t:|1757097693
|switch|p2a: Volcarona|Volcarona, L50, M|100/100
|move|p1b: Electabuzz|Follow Me|p1b: Electabuzz
|-singleturn|p1b: Electabuzz|move: Follow Me
|move|p2b: Dragonite|Extreme Speed|p1b: Electabuzz
|-damage|p1b: Electabuzz|33/100
|move|p1a: Ursaluna|Hyper Voice|p2b: Dragonite|[spread] p2a,p2b
|-damage|p2a: Volcarona|51/100
|-damage|p2b: Dragonite|0 fnt
|faint|p2b: Dragonite
|-damage|p1a: Ursaluna|28/100|[from] item: Life Orb
|
|upkeep
|
|t:|1757097696
|switch|p2b: Sneasler|Sneasler, L50, F|4/100
|turn|4
|
|t:|1757097716
|move|p1a: Ursaluna|Protect|p1a: Ursaluna
|-singleturn|p1a: Ursaluna|Protect
|move|p2b: Sneasler|Fake Out|p1b: Electabuzz
|-damage|p1b: Electabuzz|18/100
|cant|p1b: Electabuzz|flinch
|move|p2a: Volcarona|Quiver Dance|p2a: Volcarona
|-boost|p2a: Volcarona|spa|1
|-boost|p2a: Volcarona|spd|1
|-boost|p2a: Volcarona|spe|1
|
|upkeep
|turn|5
|
|t:|1757097766
|move|p2a: Volcarona|Heat Wave|p1b: Electabuzz|[spread] p1a,p1b
|-damage|p1a: Ursaluna|0 fnt
|-damage|p1b: Electabuzz|0 fnt
|faint|p1a: Ursaluna
|faint|p1b: Electabuzz
|move|p2b: Sneasler|Coaching|p2a: Volcarona
|-boost|p2a: Volcarona|atk|1
|-boost|p2a: Volcarona|def|1
|
|upkeep
|
|t:|1757097772
|switch|p1b: Sneasler|Sneasler, L50, F|100/100
|switch|p1a: Volcarona|Volcarona, L50, M|100/100
|turn|6
|
|t:|1757097798
|move|p1b: Sneasler|Fake Out|p2a: Volcarona
|-damage|p2a: Volcarona|39/100
|move|p2a: Volcarona|Heat Wave|p1a: Volcarona|[spread] p1a,p1b
|-crit|p1b: Sneasler
|-damage|p1a: Volcarona|48/100
|-enditem|p1b: Sneasler|Focus Sash
|-damage|p1b: Sneasler|1/100
|move|p2b: Sneasler|Close Combat|p1b: Sneasler
|-resisted|p1b: Sneasler
|-damage|p1b: Sneasler|0 fnt
|-unboost|p2b: Sneasler|def|1
|-unboost|p2b: Sneasler|spd|1
|faint|p1b: Sneasler
|move|p1a: Volcarona|Heat Wave|p2a: Volcarona|[spread] p2a,p2b
|-crit|p2a: Volcarona
|-damage|p2a: Volcarona|0 fnt
|-damage|p2b: Sneasler|0 fnt
|faint|p2a: Volcarona
|faint|p2b: Sneasler
|
|-heal|p1a: Volcarona|54/100|[from] item: Leftovers
|upkeep
|
|t:|1757097806
|switch|p2b: Electabuzz|Electabuzz, L50, M|100/100
|turn|7
|
|t:|1757097830
|move|p1a: Volcarona|Protect|p1a: Volcarona
|-singleturn|p1a: Volcarona|Protect
|move|p2b: Electabuzz|Taunt|p1a: Volcarona
|-activate|p1a: Volcarona|move: Protect
|
|-heal|p1a: Volcarona|60/100|[from] item: Leftovers
|upkeep
|turn|8
|
|t:|1757097839
|move|p1a: Volcarona|Quiver Dance|p1a: Volcarona
|-boost|p1a: Volcarona|spa|1
|-boost|p1a: Volcarona|spd|1
|-boost|p1a: Volcarona|spe|1
|move|p2b: Electabuzz|Thunderbolt|p1a: Volcarona
|-damage|p1a: Volcarona|41/100
|-status|p1a: Volcarona|par
|
|-heal|p1a: Volcarona|47/100 par|[from] item: Leftovers
|upkeep
|turn|9
|
|t:|1757097847
|move|p2b: Electabuzz|Thunderbolt|p1a: Volcarona
|-damage|p1a: Volcarona|28/100 par
|move|p1a: Volcarona|Heat Wave|p2b: Electabuzz
|-damage|p2b: Electabuzz|48/100
|-status|p2b: Electabuzz|brn
|
|-heal|p1a: Volcarona|35/100 par|[from] item: Leftovers
|-damage|p2b: Electabuzz|43/100 brn|[from] brn
|upkeep
|turn|10
|
|t:|1757097859
|move|p2b: Electabuzz|Thunderbolt|p1a: Volcarona
|-damage|p1a: Volcarona|14/100 par
|move|p1a: Volcarona|Heat Wave|p2b: Electabuzz
|-damage|p2b: Electabuzz|0 fnt
|faint|p2b: Electabuzz
|
|win|Rodrigo21amz
|raw|Rodrigo21amz's rating: 1278 → 1304(+26 for winning)
|raw|Starbai's rating: 1285 → 1259(-26 for losing)
|l|☆Rodrigo21amz
|player|p1|
