|j|☆KholinVnat
|j|☆vuelve chusooo
|html|KholinVnatvuelve chusooo    
|uhtml|bestof|Game 1 of a best-of-3
|t:|1784047557
|gametype|doubles
|player|p1|KholinVnat|1|1106
|player|p2|vuelve chusooo|fisherman-gen4|1172
|gen|9
|tier|[Gen 9 Champions] VGC 2026 Reg M-B (Bo3)
|rated|
|rule|Species Clause: Limit one of each Pokémon
|rule|Item Clause: Limit 1 of each item
|clearpoke
|poke|p1|Gholdengo, L50|
|poke|p1|Raichu, L50, M|
|poke|p1|Whimsicott, L50, M|
|poke|p1|Staraptor, L50, M|
|poke|p1|Incineroar, L50, F|
|poke|p1|Milotic, L50, F|
|poke|p2|Swampert, L50, M|
|poke|p2|Pelipper, L50, M|
|poke|p2|Archaludon, L50, F|
|poke|p2|Floette-Eternal, L50, F|
|poke|p2|Basculegion, L50, M|
|poke|p2|Incineroar, L50, M|
|teampreview|4
|showteam|p1|Gholdengo||LifeOrb|GoodasGold|ShadowBall,NastyPlot,MakeItRain,Protect|Modest|||||50|]Raichu||RaichuniteY|LightningRod|ZapCannon,Protect,FakeOut,FocusBlast|Timid||M|||50|]Whimsicott||FocusSash|Prankster|Charm,Encore,Moonblast,Tailwind|Timid||M|||50|]Staraptor||Staraptite|Intimidate|BraveBird,Protect,Roost,CloseCombat|Timid||M|||50|]Incineroar||SitrusBerry|Blaze|FlareBlitz,FakeOut,PartingShot,DarkestLariat|Careful||F|||50|]Milotic||Leftovers|Competitive|MuddyWater,Coil,Hypnosis,Protect|Bold||F|||50|
|showteam|p2|Swampert||Swampertite|Torrent|WaveCrash,Earthquake,IcePunch,Protect|Adamant||M|||50|]Pelipper||FocusSash|Drizzle|WeatherBall,Hurricane,Tailwind,Protect|Modest||M|||50|]Archaludon||Leftovers|Stamina|DragonPulse,FlashCannon,ElectroShot,Protect|Modest||F|||50|]Floette-Eternal||Floettite|FlowerVeil|Moonblast,DazzlingGleam,LightofRuin,Protect|Modest||F|||50|]Basculegion||ChoiceScarf|Adaptability|WaveCrash,LastRespects,AquaJet,FlipTurn|Adamant||M|||50|]Incineroar||SitrusBerry|Intimidate|FakeOut,PartingShot,FlareBlitz,ThroatChop|Careful||M|||50|
|inactive|Battle timer is ON: inactive players will automatically lose when time's up. (requested by KholinVnat)
|inactive|KholinVnat has 60 seconds left.
|inactive|vuelve chusooo has 60 seconds left.
|inactive|KholinVnat has 30 seconds left.
|inactive|vuelve chusooo has 30 seconds left.
|inactive|KholinVnat has 20 seconds left.
|inactive|vuelve chusooo has 20 seconds left.
|inactive|vuelve chusooo has 15 seconds left.
|inactive|vuelve chusooo has 10 seconds left.
|
|t:|1784047652
|teamsize|p1|4
|teamsize|p2|4
|start
|switch|p1a: Milotic|Milotic, L50, F|100/100
|switch|p1b: Raichu|Raichu, L50, M|100/100
|switch|p2a: Pelipper|Pelipper, L50, M|100/100
|switch|p2b: Basculegion|Basculegion, L50, M|100/100
|-weather|RainDance|[from] ability: Drizzle|[of] p2a: Pelipper
|turn|1
|inactive|KholinVnat has 30 seconds left.
|inactive|vuelve chusooo has 30 seconds left.
|inactive|KholinVnat has 20 seconds left.
|inactive|KholinVnat has 15 seconds left.
|inactive|KholinVnat has 10 seconds left.
|
|t:|1784047700
|detailschange|p1b: Raichu|Raichu-Mega-Y, L50, M
|-mega|p1b: Raichu|Raichu|Raichunite Y
|move|p1b: Raichu|Protect|p1b: Raichu
|-singleturn|p1b: Raichu|Protect
|move|p2b: Basculegion|Flip Turn|p1b: Raichu
|-activate|p1b: Raichu|move: Protect
|move|p2a: Pelipper|Tailwind|p2a: Pelipper
|-sidestart|p2: vuelve chusooo|move: Tailwind
|move|p1a: Milotic|Coil|p1a: Milotic
|-boost|p1a: Milotic|atk|1
|-boost|p1a: Milotic|def|1
|-boost|p1a: Milotic|accuracy|1
|
|-weather|RainDance|[upkeep]
|upkeep
|turn|2
|inactive|KholinVnat has 30 seconds left.
|inactive|vuelve chusooo has 30 seconds left.
|inactive|KholinVnat has 20 seconds left.
|inactive|KholinVnat has 15 seconds left.
|
|t:|1784047741
|move|p2b: Basculegion|Flip Turn|p1b: Raichu
|-damage|p1b: Raichu|0 fnt
|faint|p1b: Raichu
|
|t:|1784047746
|switch|p2b: Archaludon|Archaludon, L50, F|100/100|[from] Flip Turn
|move|p2a: Pelipper|Hurricane|p1a: Milotic
|-damage|p1a: Milotic|65/100
|move|p1a: Milotic|Coil|p1a: Milotic
|-boost|p1a: Milotic|atk|1
|-boost|p1a: Milotic|def|1
|-boost|p1a: Milotic|accuracy|1
|
|-weather|RainDance|[upkeep]
|-heal|p1a: Milotic|71/100|[from] item: Leftovers
|upkeep
|
|t:|1784047756
|switch|p1b: Incineroar|Incineroar, L50, F|100/100
|turn|3
|inactive|vuelve chusooo has 30 seconds left.
|
|t:|1784047784
|move|p1b: Incineroar|Fake Out|p2b: Archaludon
|-resisted|p2b: Archaludon|1
|-damage|p2b: Archaludon|96/100
|-ability|p2b: Archaludon|Stamina|boost
|-boost|p2b: Archaludon|def|1
|move|p2a: Pelipper|Weather Ball|p1b: Incineroar
|-supereffective|p1b: Incineroar|1
|-damage|p1b: Incineroar|4/100
|-enditem|p1b: Incineroar|Sitrus Berry|[eat]
|-heal|p1b: Incineroar|29/100|[from] item: Sitrus Berry
|cant|p2b: Archaludon|flinch
|move|p1a: Milotic|Hypnosis|p2b: Archaludon
|-status|p2b: Archaludon|slp|[from] move: Hypnosis
|
|-weather|RainDance|[upkeep]
|-heal|p2b: Archaludon|100/100 slp|[from] item: Leftovers
|-heal|p1a: Milotic|77/100|[from] item: Leftovers
|upkeep
|turn|4
|inactive|KholinVnat has 30 seconds left.
|inactive|vuelve chusooo has 30 seconds left.
|
|t:|1784047819
|switch|p1b: Whimsicott|Whimsicott, L50, M|100/100
|move|p2a: Pelipper|Weather Ball|p1b: Whimsicott
|-resisted|p1b: Whimsicott|1
|-damage|p1b: Whimsicott|46/100
|cant|p2b: Archaludon|slp
|move|p1a: Milotic|Muddy Water|p2b: Archaludon|[spread] p2a,p2b
|-resisted|p2a: Pelipper|1
|-resisted|p2b: Archaludon|1
|-damage|p2a: Pelipper|69/100
|-damage|p2b: Archaludon|84/100 slp
|-ability|p2b: Archaludon|Stamina|boost
|-boost|p2b: Archaludon|def|1
|
|-weather|RainDance|[upkeep]
|-heal|p2b: Archaludon|90/100 slp|[from] item: Leftovers
|-heal|p1a: Milotic|83/100|[from] item: Leftovers
|-sideend|p2: vuelve chusooo|move: Tailwind
|upkeep
|turn|5
|inactive|KholinVnat has 30 seconds left.
|
|t:|1784047844
|move|p1b: Whimsicott|Tailwind|p1b: Whimsicott
|-sidestart|p1: KholinVnat|move: Tailwind
|move|p1a: Milotic|Muddy Water|p2b: Archaludon|[spread] p2a,p2b
|-resisted|p2a: Pelipper|1
|-resisted|p2b: Archaludon|1
|-damage|p2a: Pelipper|36/100
|-damage|p2b: Archaludon|75/100 slp
|-unboost|p2b: Archaludon|accuracy|1
|-ability|p2b: Archaludon|Stamina|boost
|-boost|p2b: Archaludon|def|1
|move|p2a: Pelipper|Tailwind|p2a: Pelipper
|-sidestart|p2: vuelve chusooo|move: Tailwind
|cant|p2b: Archaludon|slp
|
|-weather|none
|-heal|p2b: Archaludon|81/100 slp|[from] item: Leftovers
|-heal|p1a: Milotic|89/100|[from] item: Leftovers
|upkeep
|turn|6
|inactive|KholinVnat has 30 seconds left.
|
|t:|1784047869
|switch|p2a: Basculegion|Basculegion, L50, M|100/100
|-curestatus|p2b: Archaludon|slp|[msg]
|move|p2b: Archaludon|Protect|p2b: Archaludon
|-singleturn|p2b: Archaludon|Protect
|move|p1b: Whimsicott|Moonblast|p2a: Basculegion
|-damage|p2a: Basculegion|55/100
|move|p1a: Milotic|Muddy Water|p2b: Archaludon|[spread] p2a
|-activate|p2b: Archaludon|move: Protect
|-resisted|p2a: Basculegion|1
|-damage|p2a: Basculegion|41/100
|-unboost|p2a: Basculegion|accuracy|1
|
|-heal|p2b: Archaludon|87/100|[from] item: Leftovers
|-heal|p1a: Milotic|95/100|[from] item: Leftovers
|upkeep
|turn|7
|inactive|vuelve chusooo has 30 seconds left.
|inactive|vuelve chusooo has 20 seconds left.
|inactive|vuelve chusooo has 15 seconds left.
|inactive|vuelve chusooo has 10 seconds left.
|inactive|vuelve chusooo has 5 seconds left.
|
|t:|1784047922
|switch|p2b: Pelipper|Pelipper, L50, M|36/100
|-weather|RainDance|[from] ability: Drizzle|[of] p2b: Pelipper
|move|p1b: Whimsicott|Encore||[still]
|-fail|p1b: Whimsicott
|move|p2a: Basculegion|Last Respects|p1b: Whimsicott
|-damage|p1b: Whimsicott|0 fnt
|faint|p1b: Whimsicott
|move|p1a: Milotic|Hypnosis|p2b: Pelipper
|-status|p2b: Pelipper|slp|[from] move: Hypnosis
|
|-weather|RainDance|[upkeep]
|-heal|p1a: Milotic|100/100|[from] item: Leftovers
|upkeep
|
|t:|1784047934
|switch|p1b: Incineroar|Incineroar, L50, F|29/100
|turn|8
|
|t:|1784047957
|move|p2a: Basculegion|Last Respects|p1b: Incineroar
|-resisted|p1b: Incineroar|1
|-damage|p1b: Incineroar|14/100
|cant|p2b: Pelipper|slp
|move|p1a: Milotic|Muddy Water|p2b: Pelipper|[spread] p2a,p2b
|-resisted|p2a: Basculegion|1
|-resisted|p2b: Pelipper|1
|-damage|p2a: Basculegion|21/100
|-damage|p2b: Pelipper|6/100 slp
|move|p1b: Incineroar|Darkest Lariat|p2a: Basculegion
|-supereffective|p2a: Basculegion|1
|-damage|p2a: Basculegion|0 fnt
|faint|p2a: Basculegion
|
|-weather|RainDance|[upkeep]
|-sideend|p1: KholinVnat|move: Tailwind
|-sideend|p2: vuelve chusooo|move: Tailwind
|upkeep
|
|t:|1784047965
|switch|p2a: Archaludon|Archaludon, L50, F|87/100
|turn|9
|
|t:|1784047980
|cant|p2b: Pelipper|slp
|move|p2a: Archaludon|Electro Shot||[still]
|-prepare|p2a: Archaludon|Electro Shot
|-boost|p2a: Archaludon|spa|1
|-anim|p2a: Archaludon|Electro Shot|p1a: Milotic
|-supereffective|p1a: Milotic|1
|-damage|p1a: Milotic|16/100
|move|p1a: Milotic|Hypnosis|p2a: Archaludon
|-status|p2a: Archaludon|slp|[from] move: Hypnosis
|move|p1b: Incineroar|Flare Blitz|p2a: Archaludon
|-damage|p2a: Archaludon|61/100 slp
|-ability|p2a: Archaludon|Stamina|boost
|-boost|p2a: Archaludon|def|1
|-damage|p1b: Incineroar|6/100|[from] Recoil
|
|-weather|RainDance|[upkeep]
|-heal|p2a: Archaludon|68/100 slp|[from] item: Leftovers
|-heal|p1a: Milotic|22/100|[from] item: Leftovers
|upkeep
|turn|10
|
|t:|1784048001
|-curestatus|p2b: Pelipper|slp|[msg]
|move|p2b: Pelipper|Weather Ball|p1b: Incineroar
|-supereffective|p1b: Incineroar|1
|-damage|p1b: Incineroar|0 fnt
|faint|p1b: Incineroar
|cant|p2a: Archaludon|slp
|move|p1a: Milotic|Muddy Water|p2b: Pelipper|[spread] p2a,p2b
|-resisted|p2a: Archaludon|1
|-resisted|p2b: Pelipper|1
|-damage|p2a: Archaludon|52/100 slp
|-damage|p2b: Pelipper|0 fnt
|-unboost|p2a: Archaludon|accuracy|1
|-ability|p2a: Archaludon|Stamina|boost
|-boost|p2a: Archaludon|def|1
|faint|p2b: Pelipper
|
|-weather|RainDance|[upkeep]
|-heal|p2a: Archaludon|58/100 slp|[from] item: Leftovers
|-heal|p1a: Milotic|28/100|[from] item: Leftovers
|upkeep
|
|t:|1784048009
|switch|p2b: Swampert|Swampert, L50, M|100/100
|turn|11
|
|t:|1784048022
|detailschange|p2b: Swampert|Swampert-Mega, L50, M
|-mega|p2b: Swampert|Swampert|Swampertite
|move|p2b: Swampert|Wave Crash|p1a: Milotic
|-resisted|p1a: Milotic|1
|-damage|p1a: Milotic|6/100
|-damage|p2b: Swampert|92/100|[from] Recoil
|-curestatus|p2a: Archaludon|slp|[msg]
|move|p2a: Archaludon|Electro Shot||[still]
|-prepare|p2a: Archaludon|Electro Shot
|-boost|p2a: Archaludon|spa|1
|-anim|p2a: Archaludon|Electro Shot|p1a: Milotic
|-supereffective|p1a: Milotic|1
|-crit|p1a: Milotic
|-damage|p1a: Milotic|0 fnt
|faint|p1a: Milotic
|
|win|vuelve chusooo
||KholinVnat is ready for game 2.
||vuelve chusooo is ready for game 2.
|uhtml|next|Next: Game 2 of 3
|l|☆KholinVnat
|player|p1|
