|j|☆crosseczek
|j|☆CaptainRex501
|html|crosseczekCaptainRex501    
|uhtml|bestof|Game 1 of a best-of-3
|t:|1784141636
|gametype|doubles
|player|p1|crosseczek|101|
|player|p2|CaptainRex501|volkner|
|gen|9
|tier|[Gen 9 Champions] VGC 2026 Reg M-B (Bo3)
|rule|Species Clause: Limit one of each Pokémon
|rule|Item Clause: Limit 1 of each item
|clearpoke
|poke|p1|Mawile, L50, F|
|poke|p1|Garchomp, L50, F|
|poke|p1|Whimsicott, L50, F|
|poke|p1|Raichu, L50, F|
|poke|p1|Incineroar, L50, M|
|poke|p1|Farigiraf, L50, F|
|poke|p2|Tyranitar, L50, M|
|poke|p2|Staraptor, L50, M|
|poke|p2|Excadrill, L50, M|
|poke|p2|Sinistcha, L50|
|poke|p2|Gholdengo, L50|
|poke|p2|Milotic, L50, M|
|teampreview|4
|showteam|p1|Mawile||Mawilite|HyperCutter|PlayRough,SuckerPunch,SwordsDance,Protect|Brave||F|||50|]Garchomp||SitrusBerry|RoughSkin|DragonClaw,StompingTantrum,RockSlide,Protect|Adamant||F|||50|]Whimsicott||FocusSash|Prankster|Moonblast,Encore,Tailwind,Protect|Modest||F|||50|]Raichu||RaichuniteY|LightningRod|ZapCannon,FocusBlast,GrassKnot,Protect|Modest||F|||50|]Incineroar||Charcoal|Intimidate|FlareBlitz,ThroatChop,PartingShot,FakeOut|Adamant||M|||50|]Farigiraf||ColburBerry|ArmorTail|Psychic,Imprison,TrickRoom,Protect|Modest||F|||50|
|showteam|p2|Tyranitar||Tyranitarite|SandStream|KnockOff,RockSlide,Protect,LowKick|Adamant||M|||50|]Staraptor||Staraptite|Intimidate|DualWingbeat,CloseCombat,Protect,Tailwind|Jolly||M|||50|]Excadrill||FocusSash|SandRush|HighHorsepower,IronHead,RockSlide,Protect|Adamant||M|||50|]Sinistcha||SitrusBerry|Hospitality|MatchaGotcha,RagePowder,TrickRoom,Protect|Calm|||||50|]Gholdengo||LifeOrb|GoodasGold|MakeItRain,NastyPlot,Protect,ShadowBall|Timid|||||50|]Milotic||Leftovers|Competitive|Scald,Recover,Protect,IceBeam|Modest||M|||50|
|inactive|Battle timer is ON: inactive players will automatically lose when time's up. (requested by CaptainRex501)
|c|☆CaptainRex501|glhf!
|c|☆crosseczek|Gl hf
|inactive|CaptainRex501 has 60 seconds left.
|inactive|CaptainRex501 has 30 seconds left.
|
|t:|1784141701
|teamsize|p1|4
|teamsize|p2|4
|start
|switch|p1a: Farigiraf|Farigiraf, L50, F|100/100
|switch|p1b: Incineroar|Incineroar, L50, M|100/100
|switch|p2a: Excadrill|Excadrill, L50, M|100/100
|switch|p2b: Milotic|Milotic, L50, M|100/100
|-ability|p1b: Incineroar|Intimidate|boost
|-unboost|p2a: Excadrill|atk|1
|-unboost|p2b: Milotic|atk|1
|-ability|p2b: Milotic|Competitive|boost
|-boost|p2b: Milotic|spa|2
|turn|1
|inactive|crosseczek has 30 seconds left.
|
|t:|1784141728
|move|p1b: Incineroar|Fake Out|p2a: Excadrill
|-resisted|p2a: Excadrill|1
|-crit|p2a: Excadrill
|-damage|p2a: Excadrill|85/100
|cant|p2a: Excadrill|flinch
|move|p2b: Milotic|Scald|p1a: Farigiraf
|-damage|p1a: Farigiraf|33/100
|move|p1a: Farigiraf|Trick Room|p1a: Farigiraf
|-fieldstart|move: Trick Room|[of] p1a: Farigiraf
|
|upkeep
|turn|2
|
|t:|1784141753
|move|p2a: Excadrill|Protect|p2a: Excadrill
|-singleturn|p2a: Excadrill|Protect
|move|p1a: Farigiraf|Psychic|p2b: Milotic
|-damage|p2b: Milotic|70/100
|move|p1b: Incineroar|Throat Chop|p2b: Milotic
|-damage|p2b: Milotic|34/100
|-start|p2b: Milotic|Throat Chop|[silent]
|move|p2b: Milotic|Scald|p1b: Incineroar
|-supereffective|p1b: Incineroar|1
|-damage|p1b: Incineroar|0 fnt
|faint|p1b: Incineroar
|
|-heal|p2b: Milotic|40/100|[from] item: Leftovers
|upkeep
|
|t:|1784141772
|switch|p1b: Mawile|Mawile, L50, F|100/100
|turn|3
|
|t:|1784141780
|switch|p2a: Sinistcha|Sinistcha, L50|100/100
|-heal|p2b: Milotic|65/100|[from] ability: Hospitality|[of] p2a: Sinistcha
|detailschange|p1b: Mawile|Mawile-Mega, L50, F
|-mega|p1b: Mawile|Mawile|Mawilite
|move|p2b: Milotic|Protect|p2b: Milotic
|-singleturn|p2b: Milotic|Protect
|move|p1b: Mawile|Play Rough|p2b: Milotic
|-activate|p2b: Milotic|move: Protect
|move|p1a: Farigiraf|Psychic|p2a: Sinistcha
|-damage|p2a: Sinistcha|61/100
|
|-heal|p2b: Milotic|71/100|[from] item: Leftovers
|-end|p2b: Milotic|Throat Chop|[silent]
|upkeep
|turn|4
|
|t:|1784141800
|move|p2a: Sinistcha|Rage Powder|p2a: Sinistcha
|-singleturn|p2a: Sinistcha|move: Rage Powder
|move|p1b: Mawile|Play Rough|p2a: Sinistcha
|-damage|p2a: Sinistcha|0 fnt
|faint|p2a: Sinistcha
|move|p1a: Farigiraf|Imprison|p1a: Farigiraf
|-start|p1a: Farigiraf|move: Imprison
|move|p2b: Milotic|Scald|p1b: Mawile
|-damage|p1b: Mawile|25/100
|
|-heal|p2b: Milotic|77/100|[from] item: Leftovers
|upkeep
|
|t:|1784141816
|switch|p2a: Excadrill|Excadrill, L50, M|85/100
|turn|5
|
|t:|1784141834
|switch|p2b: Tyranitar|Tyranitar, L50, M|100/100
|-weather|Sandstorm|[from] ability: Sand Stream|[of] p2b: Tyranitar
|move|p1b: Mawile|Play Rough|p2b: Tyranitar
|-supereffective|p2b: Tyranitar|1
|-damage|p2b: Tyranitar|0 fnt
|faint|p2b: Tyranitar
|move|p1a: Farigiraf|Psychic|p2a: Excadrill
|-resisted|p2a: Excadrill|1
|-damage|p2a: Excadrill|58/100
|-unboost|p2a: Excadrill|spd|1
|move|p2a: Excadrill|High Horsepower|p1b: Mawile
|-supereffective|p1b: Mawile|1
|-damage|p1b: Mawile|0 fnt
|faint|p1b: Mawile
|
|-weather|Sandstorm|[upkeep]
|-damage|p1a: Farigiraf|27/100|[from] Sandstorm
|-fieldend|move: Trick Room
|upkeep
|
|t:|1784141849
|switch|p2b: Milotic|Milotic, L50, M|77/100
|switch|p1b: Garchomp|Garchomp, L50, F|100/100
|turn|6
|inactive|crosseczek has 30 seconds left.
|inactive|crosseczek has 20 seconds left.
|inactive|crosseczek has 15 seconds left.
|
|t:|1784141894
|move|p2a: Excadrill|High Horsepower|p1a: Farigiraf
|-damage|p1a: Farigiraf|0 fnt
|faint|p1a: Farigiraf
|move|p1b: Garchomp|Stomping Tantrum|p2a: Excadrill
|-supereffective|p2a: Excadrill|1
|-damage|p2a: Excadrill|0 fnt
|faint|p2a: Excadrill
|move|p2b: Milotic|Ice Beam|p1b: Garchomp
|-supereffective|p1b: Garchomp|2
|-damage|p1b: Garchomp|5/100
|-enditem|p1b: Garchomp|Sitrus Berry|[eat]
|-heal|p1b: Garchomp|29/100|[from] item: Sitrus Berry
|
|-weather|Sandstorm|[upkeep]
|-damage|p2b: Milotic|71/100|[from] Sandstorm
|-heal|p2b: Milotic|77/100|[from] item: Leftovers
|upkeep
|turn|7
|
|t:|1784141907
|move|p1b: Garchomp|Rock Slide|p2b: Milotic|[miss]
|-miss|p1b: Garchomp|p2b: Milotic
|move|p2b: Milotic|Ice Beam|p1b: Garchomp
|-supereffective|p1b: Garchomp|2
|-damage|p1b: Garchomp|0 fnt
|faint|p1b: Garchomp
|
|win|CaptainRex501
