|j|☆Brendu04
|j|☆Gaspar8
|html|Brendu04Gaspar8    
|uhtml|bestof|Game 2 of a best-of-3
|t:|1757797925
|gametype|doubles
|player|p1|Brendu04|hilbert|1362
|player|p2|Gaspar8|170|1411
|gen|9
|tier|[Gen 9] VGC 2025 Reg H (Bo3)
|rated|
|rule|Species Clause: Limit one of each Pokémon
|rule|Item Clause: Limit 1 of each item
|clearpoke
|poke|p1|Sneasler, L50, M|
|poke|p1|Baxcalibur, L50, M|
|poke|p1|Volcarona, L50, M|
|poke|p1|Rillaboom, L50, F|
|poke|p1|Kingambit, L50, F|
|poke|p1|Dondozo, L50, F|
|poke|p2|Pelipper, L50, M|
|poke|p2|Archaludon, L50, M|
|poke|p2|Amoonguss, L50, M|
|poke|p2|Incineroar, L50, M|
|poke|p2|Basculegion, L50, M|
|poke|p2|Gholdengo, L50|
|teampreview|4
|showteam|p1|Sneasler||FocusSash|Unburden|FakeOut,CloseCombat,DireClaw,Coaching|||M|||50|,,,,,Ghost]Baxcalibur||LoadedDice|ThermalExchange|Protect,IceShard,ScaleShot,IcicleSpear|||M|||50|,,,,,Ghost]Volcarona||CovertCloak|FlameBody|QuiverDance,HeatWave,TeraBlast,RagePowder|||M|||50|,,,,,Fairy]Rillaboom||AssaultVest|GrassySurge|GrassyGlide,FakeOut,HighHorsepower,WoodHammer|||F|||50|,,,,,Fire]Kingambit||SafetyGoggles|Defiant|Protect,SwordsDance,SuckerPunch,KowtowCleave|||F|||50|,,,,,Dark]Dondozo||Leftovers|Unaware|WaveCrash,Fissure,Yawn,Protect|||F|||50|,,,,,Grass
|showteam|p2|Pelipper||FocusSash|Drizzle|Hurricane,WeatherBall,Tailwind,Protect|||M|||50|,,,,,Ghost]Archaludon||AssaultVest|Stamina|ElectroShot,DragonPulse,Snarl,BodyPress|||M|||50|,,,,,Bug]Amoonguss||RockyHelmet|Regenerator|PollenPuff,Spore,RagePowder,Protect|||M|||50|,,,,,Fairy]Incineroar||SitrusBerry|Intimidate|FlareBlitz,KnockOff,FakeOut,PartingShot|||M|||50|,,,,,Ghost]Basculegion||ChoiceBand|SwiftSwim|WaveCrash,LastRespects,FlipTurn,AquaJet|||M|||50|,,,,,Water]Gholdengo||LifeOrb|GoodasGold|MakeItRain,ShadowBall,NastyPlot,Protect||||||50|,,,,,Water
|j| T-Soro
|inactive|Battle timer is ON: inactive players will automatically lose when time's up. (requested by Gaspar8)
|
|t:|1757797956
|teamsize|p1|4
|teamsize|p2|4
|start
|switch|p1a: Sneasler|Sneasler, L50, M|100/100
|switch|p1b: Kingambit|Kingambit, L50, F|100/100
|switch|p2a: Pelipper|Pelipper, L50, M, shiny|100/100
|switch|p2b: Basculegion|Basculegion, L50, M, shiny|100/100
|-weather|RainDance|[from] ability: Drizzle|[of] p2a: Pelipper
|turn|1
|
|t:|1757797968
|move|p1a: Sneasler|Fake Out|p2a: Pelipper
|-damage|p2a: Pelipper|87/100
|move|p2b: Basculegion|Flip Turn|p1a: Sneasler
|-enditem|p1a: Sneasler|Focus Sash
|-damage|p1a: Sneasler|1/100
|
|t:|1757797975
|switch|p2b: Archaludon|Archaludon, L50, M, shiny|100/100|[from] Flip Turn
|cant|p2a: Pelipper|flinch
|move|p1b: Kingambit|Swords Dance|p1b: Kingambit
|-boost|p1b: Kingambit|atk|2
|
|-weather|RainDance|[upkeep]
|upkeep
|turn|2
|
|t:|1757797995
|move|p1b: Kingambit|Protect|p1b: Kingambit
|-singleturn|p1b: Kingambit|Protect
|move|p1a: Sneasler|Coaching|p1b: Kingambit
|-boost|p1b: Kingambit|atk|1
|-boost|p1b: Kingambit|def|1
|move|p2b: Archaludon|Electro Shot||[still]
|-prepare|p2b: Archaludon|Electro Shot
|-boost|p2b: Archaludon|spa|1
|-anim|p2b: Archaludon|Electro Shot|p1a: Sneasler
|-damage|p1a: Sneasler|0 fnt
|faint|p1a: Sneasler
|move|p2a: Pelipper|Tailwind|p2a: Pelipper
|-sidestart|p2: Gaspar8|move: Tailwind
|
|-weather|RainDance|[upkeep]
|upkeep
|
|t:|1757798006
|switch|p1a: Dondozo|Dondozo, L50, F|100/100
|turn|3
|
|t:|1757798024
|switch|p2a: Basculegion|Basculegion, L50, M, shiny|100/100
|-terastallize|p1b: Kingambit|Dark
|move|p1b: Kingambit|Sucker Punch||[still]
|-fail|p1b: Kingambit
|move|p2b: Archaludon|Electro Shot||[still]
|-prepare|p2b: Archaludon|Electro Shot
|-boost|p2b: Archaludon|spa|1
|-anim|p2b: Archaludon|Electro Shot|p1b: Kingambit
|-damage|p1b: Kingambit|34/100
|move|p1a: Dondozo|Yawn|p2b: Archaludon
|-start|p2b: Archaludon|move: Yawn|[of] p1a: Dondozo
|
|-weather|RainDance|[upkeep]
|upkeep
|turn|4
|
|t:|1757798047
|move|p1b: Kingambit|Protect|p1b: Kingambit
|-singleturn|p1b: Kingambit|Protect
|move|p2a: Basculegion|Aqua Jet|p1b: Kingambit
|-activate|p1b: Kingambit|move: Protect
|move|p2b: Archaludon|Electro Shot||[still]
|-prepare|p2b: Archaludon|Electro Shot
|-boost|p2b: Archaludon|spa|1
|-anim|p2b: Archaludon|Electro Shot|p1a: Dondozo
|-supereffective|p1a: Dondozo
|-damage|p1a: Dondozo|43/100
|move|p1a: Dondozo|Yawn|p2a: Basculegion
|-start|p2a: Basculegion|move: Yawn|[of] p1a: Dondozo
|
|-weather|RainDance|[upkeep]
|-heal|p1a: Dondozo|49/100|[from] item: Leftovers
|-end|p2b: Archaludon|move: Yawn|[silent]
|-status|p2b: Archaludon|slp
|upkeep
|turn|5
|
|t:|1757798072
|-terastallize|p2a: Basculegion|Water
|move|p2a: Basculegion|Aqua Jet|p1b: Kingambit
|-damage|p1b: Kingambit|0 fnt
|faint|p1b: Kingambit
|cant|p2b: Archaludon|slp
|move|p1a: Dondozo|Fissure|p2b: Archaludon
|-damage|p2b: Archaludon|0 fnt
|faint|p2b: Archaludon
|-ohko
|
|-weather|none
|-heal|p1a: Dondozo|55/100|[from] item: Leftovers
|-end|p2a: Basculegion|move: Yawn|[silent]
|-status|p2a: Basculegion|slp
|-sideend|p2: Gaspar8|move: Tailwind
|upkeep
|
|t:|1757798088
|switch|p2b: Incineroar|Incineroar, L50, M, shiny|100/100
|switch|p1b: Volcarona|Volcarona, L50, M|100/100
|-ability|p2b: Incineroar|Intimidate|boost
|-unboost|p1a: Dondozo|atk|1
|-unboost|p1b: Volcarona|atk|1
|turn|6
|
|t:|1757798100
|move|p1a: Dondozo|Protect|p1a: Dondozo
|-singleturn|p1a: Dondozo|Protect
|cant|p2a: Basculegion|slp
|move|p1b: Volcarona|Quiver Dance|p1b: Volcarona
|-boost|p1b: Volcarona|spa|1
|-boost|p1b: Volcarona|spd|1
|-boost|p1b: Volcarona|spe|1
|move|p2b: Incineroar|Knock Off|p1b: Volcarona
|-crit|p1b: Volcarona
|-damage|p1b: Volcarona|33/100
|-enditem|p1b: Volcarona|Covert Cloak|[from] move: Knock Off|[of] p2b: Incineroar
|
|-heal|p1a: Dondozo|61/100|[from] item: Leftovers
|upkeep
|turn|7
|
|t:|1757798118
|cant|p2a: Basculegion|slp
|move|p1b: Volcarona|Heat Wave|p2b: Incineroar|[spread] p2b
|-miss|p1b: Volcarona|p2a: Basculegion
|-resisted|p2b: Incineroar
|-damage|p2b: Incineroar|77/100
|move|p2b: Incineroar|Knock Off|p1a: Dondozo
|-damage|p1a: Dondozo|36/100
|-enditem|p1a: Dondozo|Leftovers|[from] move: Knock Off|[of] p2b: Incineroar
|move|p1a: Dondozo|Wave Crash|p2b: Incineroar
|-supereffective|p2b: Incineroar
|-damage|p2b: Incineroar|30/100
|-enditem|p2b: Incineroar|Sitrus Berry|[eat]
|-heal|p2b: Incineroar|55/100|[from] item: Sitrus Berry
|-damage|p1a: Dondozo|24/100|[from] Recoil
|
|upkeep
|turn|8
|-message|Brendu04 forfeited.
|
|win|Gaspar8
|l|☆Brendu04
|player|p1|
||Brendu04 is ready for game 3.
|inactive|Gaspar8 has 30 seconds to confirm battle start!
|l|☆Gaspar8
|player|p2|
||Gaspar8 is ready for game 3.
|uhtml|next|Next: Game 3 of 3
|l| T-Soro
