|j|☆Pauliii23
|j|☆detoxfilms
|html|Pauliii23detoxfilms    
|uhtml|bestof|Game 1 of a best-of-3
|t:|1757699537
|gametype|doubles
|player|p1|Pauliii23|266|1241
|player|p2|detoxfilms|clerk|1220
|gen|9
|tier|[Gen 9] VGC 2025 Reg H (Bo3)
|rated|
|rule|Species Clause: Limit one of each Pokémon
|rule|Item Clause: Limit 1 of each item
|clearpoke
|poke|p1|Archaludon, L50, F|
|poke|p1|Pelipper, L50, F|
|poke|p1|Basculegion, L50, M|
|poke|p1|Dragapult, L50, M|
|poke|p1|Sinistcha, L50|
|poke|p1|Ursaluna-Bloodmoon, L50, M|
|poke|p2|Primarina, L50, F|
|poke|p2|Gothitelle, L50, M|
|poke|p2|Lapras, L50, M|
|poke|p2|Dragapult, L50, F|
|poke|p2|Incineroar, L50, F|
|poke|p2|Amoonguss, L50, M|
|teampreview|4
|showteam|p1|Archaludon||AssaultVest|Stamina|ElectroShot,FlashCannon,BodyPress,DracoMeteor|||F|||50|,,,,,Grass]Pelipper||FocusSash|Drizzle|Hurricane,WeatherBall,WideGuard,Tailwind|||F|||50|,,,,,Ghost]Basculegion||MysticWater|SwiftSwim|LastRespects,Protect,WaveCrash,AquaJet|||M|||50|,,,,,Water]Dragapult||ChoiceBand|ClearBody|DragonDarts,Outrage,PhantomForce,Uturn|||M|||50|,,,,,Dragon]Sinistcha||SitrusBerry|Hospitality|TrickRoom,MatchaGotcha,LifeDew,RagePowder||||||50|,,,,,Fairy]Ursaluna-Bloodmoon||LifeOrb|MindsEye|HyperVoice,BloodMoon,EarthPower,Protect|||M|||50|,,,,,Grass
|showteam|p2|Primarina||CovertCloak|LiquidVoice|Protect,HyperVoice,PerishSong,Encore|||F|||50|,,,,,Dark]Gothitelle||SitrusBerry|ShadowTag|Protect,FakeOut,Psychic,TrickRoom|||M|||50|,,,,,Psychic]Lapras||Leftovers|WaterAbsorb|Protect,MuddyWater,DragonCheer,PerishSong|||M|||50|,,,,,Grass]Dragapult||ChoiceBand|ClearBody|DragonDarts,TeraBlast,PhantomForce,Uturn|||F|||50|,,,,,Ghost]Incineroar||SafetyGoggles|Intimidate|FakeOut,FlareBlitz,PartingShot,Protect|||F|||50|,,,,,Bug]Amoonguss||EjectButton|Regenerator|Protect,SludgeBomb,Spore,RagePowder|||M|||50|,,,,,Grass
|
|t:|1757699558
|teamsize|p1|4
|teamsize|p2|4
|start
|switch|p1a: Mittelalter|Dragapult, L50, M|100/100
|switch|p1b: Werbär|Ursaluna-Bloodmoon, L50, M|100/100
|switch|p2a: Dragapult|Dragapult, L50, F|100/100
|switch|p2b: Amoonguss|Amoonguss, L50, M|100/100
|turn|1
|
|t:|1757699579
|-terastallize|p1a: Mittelalter|Dragon
|move|p2b: Amoonguss|Rage Powder|p2b: Amoonguss
|-singleturn|p2b: Amoonguss|move: Rage Powder
|move|p2a: Dragapult|Dragon Darts|p1b: Werbär
|-damage|p1b: Werbär|73/100
|-anim|p2a: Dragapult|Dragon Darts|p1a: Mittelalter
|-supereffective|p1a: Mittelalter
|-damage|p1a: Mittelalter|2/100
|move|p1a: Mittelalter|Outrage|p2b: Amoonguss
|-damage|p2b: Amoonguss|0 fnt
|faint|p2b: Amoonguss
|move|p1b: Werbär|Blood Moon|p2a: Dragapult
|-damage|p2a: Dragapult|0 fnt
|faint|p2a: Dragapult
|-damage|p1b: Werbär|64/100|[from] item: Life Orb
|
|upkeep
|
|t:|1757699592
|switch|p2a: Lapras|Lapras, L50, M|100/100
|switch|p2b: Gothitelle|Gothitelle, L50, M|100/100
|turn|2
|
|t:|1757699597
|move|p2a: Lapras|Protect|p2a: Lapras
|-singleturn|p2a: Lapras|Protect
|move|p2b: Gothitelle|Fake Out|p1a: Mittelalter
|-crit|p1a: Mittelalter
|-damage|p1a: Mittelalter|0 fnt
|faint|p1a: Mittelalter
|move|p1b: Werbär|Hyper Voice|p2a: Lapras|[spread] p2b
|-activate|p2a: Lapras|move: Protect
|-damage|p2b: Gothitelle|69/100
|-damage|p1b: Werbär|54/100|[from] item: Life Orb
|
|upkeep
|
|t:|1757699603
|switch|p1a: PelipperLP|Pelipper, L50, F|100/100
|-weather|RainDance|[from] ability: Drizzle|[of] p1a: PelipperLP
|turn|3
|
|t:|1757699613
|move|p1a: PelipperLP|Hurricane|p2b: Gothitelle
|-damage|p2b: Gothitelle|35/100
|-enditem|p2b: Gothitelle|Sitrus Berry|[eat]
|-heal|p2b: Gothitelle|60/100|[from] item: Sitrus Berry
|move|p1b: Werbär|Blood Moon|p2a: Lapras
|-damage|p2a: Lapras|36/100
|-damage|p1b: Werbär|45/100|[from] item: Life Orb
|move|p2a: Lapras|Muddy Water|p1a: PelipperLP|[spread] p1a,p1b
|-resisted|p1a: PelipperLP
|-crit|p1a: PelipperLP
|-supereffective|p1b: Werbär
|-damage|p1a: PelipperLP|56/100
|-damage|p1b: Werbär|0 fnt
|-unboost|p1a: PelipperLP|accuracy|1
|faint|p1b: Werbär
|move|p2b: Gothitelle|Trick Room|p2b: Gothitelle
|-fieldstart|move: Trick Room|[of] p2b: Gothitelle
|
|-weather|RainDance|[upkeep]
|-heal|p2a: Lapras|42/100|[from] item: Leftovers
|upkeep
|
|t:|1757699625
|switch|p1b: Privatsache|Archaludon, L50, F|100/100
|turn|4
|
|t:|1757699639
|move|p2a: Lapras|Protect|p2a: Lapras
|-singleturn|p2a: Lapras|Protect
|move|p2b: Gothitelle|Protect|p2b: Gothitelle
|-singleturn|p2b: Gothitelle|Protect
|move|p1b: Privatsache|Electro Shot||[still]
|-prepare|p1b: Privatsache|Electro Shot
|-boost|p1b: Privatsache|spa|1
|-anim|p1b: Privatsache|Electro Shot|p2a: Lapras
|-activate|p2a: Lapras|move: Protect
|move|p1a: PelipperLP|Hurricane|p2b: Gothitelle
|-activate|p2b: Gothitelle|move: Protect
|
|-weather|RainDance|[upkeep]
|-heal|p2a: Lapras|48/100|[from] item: Leftovers
|upkeep
|turn|5
|
|t:|1757699652
|-terastallize|p2a: Lapras|Grass
|move|p2a: Lapras|Perish Song|p2a: Lapras
|-start|p1a: PelipperLP|perish3|[silent]
|-start|p1b: Privatsache|perish3|[silent]
|-start|p2a: Lapras|perish3|[silent]
|-start|p2b: Gothitelle|perish3|[silent]
|-fieldactivate|move: Perish Song
|move|p1b: Privatsache|Electro Shot||[still]
|-prepare|p1b: Privatsache|Electro Shot
|-boost|p1b: Privatsache|spa|1
|-anim|p1b: Privatsache|Electro Shot|p2a: Lapras
|-resisted|p2a: Lapras
|-damage|p2a: Lapras|24/100
|move|p1a: PelipperLP|Hurricane|p2b: Gothitelle
|-damage|p2b: Gothitelle|26/100
|move|p2b: Gothitelle|Trick Room|p2b: Gothitelle
|-fieldend|move: Trick Room
|
|-weather|RainDance|[upkeep]
|-heal|p2a: Lapras|30/100|[from] item: Leftovers
|-start|p1a: PelipperLP|perish3
|-start|p1b: Privatsache|perish3
|-start|p2b: Gothitelle|perish3
|-start|p2a: Lapras|perish3
|upkeep
|turn|6
|
|t:|1757699675
|move|p2b: Gothitelle|Protect|p2b: Gothitelle
|-singleturn|p2b: Gothitelle|Protect
|move|p2a: Lapras|Protect|p2a: Lapras
|-singleturn|p2a: Lapras|Protect
|move|p1a: PelipperLP|Hurricane|p2a: Lapras
|-activate|p2a: Lapras|move: Protect
|move|p1b: Privatsache|Electro Shot||[still]
|-prepare|p1b: Privatsache|Electro Shot
|-boost|p1b: Privatsache|spa|1
|-anim|p1b: Privatsache|Electro Shot|p2b: Gothitelle
|-activate|p2b: Gothitelle|move: Protect
|
|-weather|RainDance|[upkeep]
|-heal|p2a: Lapras|36/100|[from] item: Leftovers
|-start|p1a: PelipperLP|perish2
|-start|p1b: Privatsache|perish2
|-start|p2b: Gothitelle|perish2
|-start|p2a: Lapras|perish2
|upkeep
|turn|7
|
|t:|1757699693
|move|p1a: PelipperLP|Weather Ball|p2b: Gothitelle
|-crit|p2b: Gothitelle
|-damage|p2b: Gothitelle|0 fnt
|faint|p2b: Gothitelle
|move|p1b: Privatsache|Flash Cannon|p2a: Lapras
|-damage|p2a: Lapras|0 fnt
|faint|p2a: Lapras
|
|win|Pauliii23
||detoxfilms is ready for game 2.
||Pauliii23 is ready for game 2.
|uhtml|next|Next: Game 2 of 3
|l|☆Pauliii23
|player|p1|
