|j|☆mackerjuan
|j|☆mario16172005
|html|mackerjuanmario16172005    
|uhtml|bestof|Game 2 of a best-of-3
|t:|1756217932
|gametype|doubles
|player|p1|mackerjuan|102|1199
|player|p2|mario16172005|workerice|1177
|gen|9
|tier|[Gen 9] VGC 2025 Reg H (Bo3)
|rated|
|rule|Species Clause: Limit one of each Pokémon
|rule|Item Clause: Limit 1 of each item
|clearpoke
|poke|p1|Incineroar, L50, F|
|poke|p1|Gholdengo, L50|
|poke|p1|Porygon2, L50|
|poke|p1|Ursaluna, L50, F|
|poke|p1|Amoonguss, L50, F|
|poke|p1|Hydreigon, L50, F|
|poke|p2|Excadrill, L50, M|
|poke|p2|Tyranitar, L50, M|
|poke|p2|Dragonite, L50, F|
|poke|p2|Magmar, L50, F|
|poke|p2|Indeedee-F, L50, F|
|poke|p2|Gholdengo, L50|
|teampreview|4
|showteam|p1|Incineroar||SafetyGoggles|Intimidate|FlareBlitz,KnockOff,FakeOut,PartingShot|||F|||50|,,,,,Ghost]Gholdengo||LifeOrb|GoodasGold|MakeItRain,ShadowBall,NastyPlot,Protect||||||50|,,,,,Water]Porygon2||Eviolite|Download|TeraBlast,IceBeam,Recover,TrickRoom||||||50|,,,,,Fighting]Ursaluna||FlameOrb|Guts|Facade,HeadlongRush,Earthquake,Protect|||F|||50|,,,,,Ghost]Amoonguss||SitrusBerry|Regenerator|PollenPuff,Spore,RagePowder,Protect|||F|||50|,,,,,Water]Hydreigon||CovertCloak|Levitate|Taunt,Tailwind,DracoMeteor,Snarl|||F|||50|,,,,,Steel
|showteam|p2|Excadrill||FocusSash|SandRush|Earthquake,HighHorsepower,IronHead,Protect|||M|||50|,,,,,Stellar]Tyranitar||AssaultVest|SandStream|KnockOff,RockSlide,LowKick,TeraBlast|||M|||50|,,,,,Flying]Dragonite||LoadedDice|Multiscale|ScaleShot,Tailwind,Haze,Protect|||F|||50|,,,,,Fairy]Magmar||Eviolite|VitalSpirit|Overheat,Taunt,FollowMe,Protect|||F|||50|,,,,,Flying]Indeedee-F||PsychicSeed|PsychicSurge|Psychic,Imprison,TrickRoom,Protect|||F|||50|,,,,,Psychic]Gholdengo||LifeOrb|GoodasGold|MakeItRain,ShadowBall,NastyPlot,Protect||||||50|,,,,,Water
|inactive|Battle timer is ON: inactive players will automatically lose when time's up. (requested by mackerjuan)
|inactive|mackerjuan has 60 seconds left.
|
|t:|1756217978
|teamsize|p1|4
|teamsize|p2|4
|start
|switch|p1a: Hydreigon|Hydreigon, L50, F|100/100
|switch|p1b: Incineroar|Incineroar, L50, F|100/100
|switch|p2a: Magmar|Magmar, L50, F, shiny|100/100
|switch|p2b: Tyranitar|Tyranitar, L50, M, shiny|100/100
|-weather|Sandstorm|[from] ability: Sand Stream|[of] p2b: Tyranitar
|-ability|p1b: Incineroar|Intimidate|boost
|-unboost|p2a: Magmar|atk|1
|-unboost|p2b: Tyranitar|atk|1
|turn|1
|inactive|mackerjuan has 30 seconds left.
|inactive|mario16172005 has 30 seconds left.
|inactive|mario16172005 has 20 seconds left.
|
|t:|1756218014
|switch|p2a: Indeedee|Indeedee-F, L50, F|100/100
|-fieldstart|move: Psychic Terrain|[from] ability: Psychic Surge|[of] p2a: Indeedee
|-enditem|p2a: Indeedee|Psychic Seed
|-boost|p2a: Indeedee|spd|1|[from] item: Psychic Seed
|move|p1b: Incineroar|Fake Out|p2b: Tyranitar
|-activate|p2b: Tyranitar|move: Psychic Terrain
|move|p1a: Hydreigon|Taunt|p2a: Indeedee
|-start|p2a: Indeedee|move: Taunt
|move|p2b: Tyranitar|Low Kick|p1b: Incineroar
|-supereffective|p1b: Incineroar
|-damage|p1b: Incineroar|64/100
|
|-weather|Sandstorm|[upkeep]
|-damage|p1a: Hydreigon|95/100|[from] Sandstorm
|-damage|p2a: Indeedee|94/100|[from] Sandstorm
|upkeep
|turn|2
|inactive|mario16172005 has 30 seconds left.
|
|t:|1756218049
|switch|p2a: Magmar|Magmar, L50, F, shiny|100/100
|move|p1a: Hydreigon|Tailwind|p1a: Hydreigon
|-sidestart|p1: mackerjuan|move: Tailwind
|move|p1b: Incineroar|Parting Shot|p2b: Tyranitar
|-unboost|p2b: Tyranitar|atk|1
|-unboost|p2b: Tyranitar|spa|1
|
|t:|1756218056
|switch|p1b: Ursaluna|Ursaluna, L50, F|100/100|[from] Parting Shot
|move|p2b: Tyranitar|Low Kick|p1b: Ursaluna
|-supereffective|p1b: Ursaluna
|-damage|p1b: Ursaluna|65/100
|
|-weather|Sandstorm|[upkeep]
|-damage|p1a: Hydreigon|89/100|[from] Sandstorm
|-damage|p2a: Magmar|95/100|[from] Sandstorm
|-status|p1b: Ursaluna|brn|[from] item: Flame Orb
|upkeep
|turn|3
|inactive|mario16172005 has 30 seconds left.
|
|t:|1756218086
|-terastallize|p2b: Tyranitar|Flying
|move|p2a: Magmar|Follow Me|p2a: Magmar
|-singleturn|p2a: Magmar|move: Follow Me
|move|p1a: Hydreigon|Taunt|p2a: Magmar
|-start|p2a: Magmar|move: Taunt
|move|p1b: Ursaluna|Facade|p2a: Magmar
|-damage|p2a: Magmar|0 fnt
|faint|p2a: Magmar
|move|p2b: Tyranitar|Low Kick|p1a: Hydreigon
|-supereffective|p1a: Hydreigon
|-damage|p1a: Hydreigon|51/100
|
|-weather|Sandstorm|[upkeep]
|-damage|p1a: Hydreigon|45/100|[from] Sandstorm
|-damage|p2b: Tyranitar|95/100|[from] Sandstorm
|-damage|p1b: Ursaluna|59/100 brn|[from] brn
|upkeep
|
|t:|1756218106
|switch|p2a: Excadrill|Excadrill, L50, M|100/100
|turn|4
|
|t:|1756218126
|switch|p1a: Incineroar|Incineroar, L50, F|64/100
|-ability|p1a: Incineroar|Intimidate|boost
|-unboost|p2a: Excadrill|atk|1
|-unboost|p2b: Tyranitar|atk|1
|move|p2a: Excadrill|Earthquake|p1b: Ursaluna|[spread] p1a,p1b
|-immune|p2b: Tyranitar
|-supereffective|p1a: Incineroar
|-damage|p1a: Incineroar|15/100
|-damage|p1b: Ursaluna|37/100 brn
|move|p1b: Ursaluna|Facade|p2b: Tyranitar
|-damage|p2b: Tyranitar|0 fnt
|faint|p2b: Tyranitar
|
|-weather|Sandstorm|[upkeep]
|-damage|p1b: Ursaluna|31/100 brn|[from] brn
|upkeep
|
|t:|1756218139
|switch|p2b: Indeedee|Indeedee-F, L50, F|94/100
|turn|5
|
|t:|1756218154
|switch|p1a: Hydreigon|Hydreigon, L50, F|45/100
|move|p2b: Indeedee|Protect|p2b: Indeedee
|-singleturn|p2b: Indeedee|Protect
|move|p2a: Excadrill|Earthquake|p1a: Hydreigon|[spread] p1b
|-activate|p2b: Indeedee|move: Protect
|-immune|p1a: Hydreigon|[from] ability: Levitate
|-damage|p1b: Ursaluna|12/100 brn
|move|p1b: Ursaluna|Earthquake|p2a: Excadrill|[spread] p2a
|-activate|p2b: Indeedee|move: Protect
|-immune|p1a: Hydreigon|[from] ability: Levitate
|-supereffective|p2a: Excadrill
|-enditem|p2a: Excadrill|Focus Sash
|-damage|p2a: Excadrill|1/100
|
|-weather|none
|-damage|p1b: Ursaluna|6/100 brn|[from] brn
|-sideend|p1: mackerjuan|move: Tailwind
|-fieldend|move: Psychic Terrain
|upkeep
|turn|6
|inactive|mario16172005 has 30 seconds left.
|
|t:|1756218181
|move|p1a: Hydreigon|Tailwind|p1a: Hydreigon
|-sidestart|p1: mackerjuan|move: Tailwind
|move|p1b: Ursaluna|Earthquake|p2a: Excadrill|[spread] p2a,p2b
|-immune|p1a: Hydreigon|[from] ability: Levitate
|-supereffective|p2a: Excadrill
|-crit|p2b: Indeedee
|-damage|p2a: Excadrill|0 fnt
|-damage|p2b: Indeedee|0 fnt
|faint|p2a: Excadrill
|faint|p2b: Indeedee
|
|win|mackerjuan
|raw|mackerjuan's rating: 1199 → 1222(+23 for winning)
|raw|mario16172005's rating: 1177 → 1154(-23 for losing)
|l|☆mario16172005
|player|p2|
