|j|☆loija
|j|☆bcam1
|html|loijabcam1    
|uhtml|bestof|Game 2 of a best-of-3
|t:|1785964334
|gametype|doubles
|player|p1|loija|2|1070
|player|p2|bcam1|169|1039
|gen|9
|tier|[Gen 9 Champions] VGC 2026 Reg M-B (Bo3)
|rated|
|rule|Species Clause: Limit one of each Pokémon
|rule|Item Clause: Limit 1 of each item
|clearpoke
|poke|p1|Charizard, L50, F|
|poke|p1|Whimsicott, L50, M|
|poke|p1|Dragonite, L50, F|
|poke|p1|Azumarill, L50, M|
|poke|p1|Incineroar, L50, F|
|poke|p1|Gholdengo, L50|
|poke|p2|Floette-Eternal, L50, F|
|poke|p2|Sylveon, L50, M|
|poke|p2|Aegislash, L50, M|
|poke|p2|Pelipper, L50, F|
|poke|p2|Swampert, L50, F|
|poke|p2|Palafin, L50, F|
|teampreview|4
|showteam|p1|Charizard||CharizarditeY|Blaze|HeatWave,AirSlash,SolarBeam,Protect|Modest||F|||50|]Whimsicott||FocusSash|Prankster|Moonblast,Tailwind,HelpingHand,Encore|Timid||M|||50|]Dragonite||LifeOrb|InnerFocus|ExtremeSpeed,Earthquake,Protect,DragonClaw|Adamant||F|||50|]Azumarill||MysticWater|HugePower|PlayRough,AquaJet,Superpower,Liquidation|Adamant||M|||50|]Incineroar||SitrusBerry|Intimidate|FlareBlitz,FakeOut,PartingShot,Protect|Careful||F|||50|]Gholdengo||MetalCoat|GoodasGold|MakeItRain,ShadowBall,DazzlingGleam,Trick|Modest|||||50|
|showteam|p2|Floette-Eternal||Floettite|FlowerVeil|CalmMind,Protect,DazzlingGleam,GigaDrain|Timid||F|||50|]Sylveon||FairyFeather|Pixilate|Protect,Wish,HyperVoice,MysticalFire|Calm||M|||50|]Aegislash||Leftovers|StanceChange|KingsShield,ShadowSneak,IronHead,SwordsDance|Adamant||M|||50|]Pelipper||SitrusBerry|Drizzle|Protect,Tailwind,MuddyWater,WideGuard|Bold||F|||50|]Swampert||Swampertite|Torrent|IcePunch,WaveCrash,FlipTurn,Earthquake|Adamant||F|||50|]Palafin||ChoiceScarf|ZerotoHero|FlipTurn,CloseCombat,WaveCrash,IronHead|Jolly||F|||50|
|inactive|Battle timer is ON: inactive players will automatically lose when time's up. (requested by bcam1)
|inactive|loija has 60 seconds left.
|
|t:|1785964380
|teamsize|p1|4
|teamsize|p2|4
|start
|switch|p1a: Gholdengo|Gholdengo, L50|100/100
|switch|p1b: Whimsicott|Whimsicott, L50, M|100/100
|switch|p2a: Floette|Floette-Eternal, L50, F|100/100
|switch|p2b: Sylveon|Sylveon, L50, M|100/100
|turn|1
|
|t:|1785964396
|detailschange|p2a: Floette|Floette-Mega, L50, F
|-mega|p2a: Floette|Floette|Floettite
|-ability|p2a: Floette|Fairy Aura
|move|p1b: Whimsicott|Helping Hand|p1a: Gholdengo
|-immune|p1a: Gholdengo|[from] ability: Good as Gold
|move|p2a: Floette|Dazzling Gleam|p1a: Gholdengo|[spread] p1a,p1b
|-resisted|p1a: Gholdengo|1
|-damage|p1a: Gholdengo|75/100
|-damage|p1b: Whimsicott|40/100
|move|p1a: Gholdengo|Make It Rain|p2b: Sylveon|[spread] p2a,p2b
|-supereffective|p2a: Floette|1
|-supereffective|p2b: Sylveon|1
|-damage|p2a: Floette|0 fnt
|-damage|p2b: Sylveon|30/100
|-unboost|p1a: Gholdengo|spa|2
|faint|p2a: Floette
|move|p2b: Sylveon|Mystical Fire|p1a: Gholdengo
|-supereffective|p1a: Gholdengo|1
|-damage|p1a: Gholdengo|35/100
|-unboost|p1a: Gholdengo|spa|1
|
|upkeep
|
|t:|1785964411
|switch|p2a: Palafin|Palafin, L50, F|100/100
|turn|2
|inactive|loija has 30 seconds left.
|
|t:|1785964446
|switch|p1a: Azumarill|Azumarill, L50, M|100/100
|move|p1b: Whimsicott|Tailwind|p1b: Whimsicott
|-sidestart|p1: loija|move: Tailwind
|move|p2a: Palafin|Flip Turn|p1a: Azumarill
|-resisted|p1a: Azumarill|1
|-damage|p1a: Azumarill|88/100
|
|t:|1785964471
|detailschange|p2a: Palafin|Palafin-Hero, L50, F
|switch|p2a: Pelipper|Pelipper, L50, F|100/100|[from] Flip Turn
|-weather|RainDance|[from] ability: Drizzle|[of] p2a: Pelipper
|move|p2b: Sylveon|Hyper Voice|p1a: Azumarill|[spread] p1a,p1b
|-damage|p1a: Azumarill|51/100
|-damage|p1b: Whimsicott|0 fnt
|faint|p1b: Whimsicott
|
|-weather|RainDance|[upkeep]
|upkeep
|
|t:|1785964484
|switch|p1b: Gholdengo|Gholdengo, L50|35/100
|turn|3
|
|t:|1785964508
|move|p1b: Gholdengo|Make It Rain|p2b: Sylveon|[spread] p2a,p2b
|-resisted|p2a: Pelipper|1
|-supereffective|p2b: Sylveon|1
|-crit|p2b: Sylveon
|-damage|p2a: Pelipper|56/100
|-damage|p2b: Sylveon|0 fnt
|-unboost|p1b: Gholdengo|spa|2
|faint|p2b: Sylveon
|move|p1a: Azumarill|Liquidation|p2a: Pelipper
|-resisted|p2a: Pelipper|1
|-damage|p2a: Pelipper|17/100
|-enditem|p2a: Pelipper|Sitrus Berry|[eat]
|-heal|p2a: Pelipper|42/100|[from] item: Sitrus Berry
|move|p2a: Pelipper|Tailwind|p2a: Pelipper
|-sidestart|p2: bcam1|move: Tailwind
|
|-weather|RainDance|[upkeep]
|upkeep
|
|t:|1785964513
|switch|p2b: Palafin|Palafin-Hero, L50, F|100/100
|-activate|p2b: Palafin|ability: Zero to Hero
|turn|4
|inactive|loija has 30 seconds left.
|inactive|loija has 20 seconds left.
|inactive|loija has 15 seconds left.
|
|t:|1785964554
|move|p2a: Pelipper|Wide Guard|p2a: Pelipper
|-singleturn|p2a: Pelipper|Wide Guard
|move|p2b: Palafin|Wave Crash|p1a: Azumarill
|-resisted|p1a: Azumarill|1
|-damage|p1a: Azumarill|0 fnt
|faint|p1a: Azumarill
|-damage|p2b: Palafin|80/100|[from] Recoil
|move|p1b: Gholdengo|Shadow Ball|p2b: Palafin
|-damage|p2b: Palafin|54/100
|
|-weather|RainDance|[upkeep]
|upkeep
|
|t:|1785964565
|switch|p1a: Charizard|Charizard, L50, F|100/100
|turn|5
|inactive|loija has 30 seconds left.
|
|t:|1785964591
|detailschange|p1a: Charizard|Charizard-Mega-Y, L50, F
|-mega|p1a: Charizard|Charizard|Charizardite Y
|-weather|SunnyDay|[from] ability: Drought|[of] p1a: Charizard
|move|p2a: Pelipper|Wide Guard|p2a: Pelipper
|-singleturn|p2a: Pelipper|Wide Guard
|move|p2b: Palafin|Wave Crash|p1a: Charizard
|-supereffective|p1a: Charizard|1
|-damage|p1a: Charizard|0 fnt
|faint|p1a: Charizard
|-damage|p2b: Palafin|25/100|[from] Recoil
|move|p1b: Gholdengo|Make It Rain|p2a: Pelipper|[spread] 
|-activate|p2a: Pelipper|move: Wide Guard
|-activate|p2b: Palafin|move: Wide Guard
|
|-weather|SunnyDay|[upkeep]
|-sideend|p1: loija|move: Tailwind
|upkeep
|turn|6
|inactive|loija has 30 seconds left.
|
|t:|1785964622
|move|p2a: Pelipper|Wide Guard|p2a: Pelipper
|-singleturn|p2a: Pelipper|Wide Guard
|move|p2b: Palafin|Wave Crash|p1b: Gholdengo
|-damage|p1b: Gholdengo|0 fnt
|faint|p1b: Gholdengo
|-damage|p2b: Palafin|12/100|[from] Recoil
|
|win|bcam1
|raw|loija's rating: 1070 → 1048(-22 for losing)
|raw|bcam1's rating: 1039 → 1076(+37 for winning)
|l|☆bcam1
|player|p2|
