|j|☆DomDaBomb886!
|j|☆monsoonisbest
|html|DomDaBomb886!monsoonisbest    
|uhtml|bestof|Game 2 of a best-of-3
|t:|1784755875
|gametype|doubles
|player|p1|DomDaBomb886!|265|1225
|player|p2|monsoonisbest|101|1234
|gen|9
|tier|[Gen 9 Champions] VGC 2026 Reg M-B (Bo3)
|rated|
|rule|Species Clause: Limit one of each Pokémon
|rule|Item Clause: Limit 1 of each item
|clearpoke
|poke|p1|Gengar, L50, M|
|poke|p1|Swampert, L50, F|
|poke|p1|Incineroar, L50, M|
|poke|p1|Vivillon, L50, F|
|poke|p1|Archaludon, L50, F|
|poke|p1|Politoed, L50, F|
|poke|p2|Gengar, L50, M|
|poke|p2|Swampert, L50, F|
|poke|p2|Incineroar, L50, M|
|poke|p2|Politoed, L50, F|
|poke|p2|Archaludon, L50, M|
|poke|p2|Vivillon-Monsoon, L50, M|
|teampreview|4
|showteam|p1|Gengar||Gengarite|CursedBody|Protect,ShadowBall,SludgeBomb,PerishSong|Timid||M|||50|]Swampert||Swampertite|Torrent|Protect,WaveCrash,Earthquake,IcePunch|Adamant||F|||50|]Incineroar||PasshoBerry|Intimidate|Protect,ThroatChop,FakeOut,PartingShot|Careful||M|||50|]Vivillon||FocusSash|CompoundEyes|Protect,Hurricane,SleepPowder,RagePowder|Timid||F|||50|]Archaludon||Leftovers|Stamina|Protect,DragonPulse,FlashCannon,ElectroShot|Calm||F|||50|]Politoed||SitrusBerry|Drizzle|Protect,WeatherBall,Encore,PerishSong|Bold||F|||50|
|showteam|p2|Gengar||Gengarite|CursedBody|ShadowBall,PerishSong,SludgeBomb,Protect|Timid||M|||50|]Swampert||Swampertite|Damp|WaveCrash,Earthquake,IcePunch,Protect|Adamant||F|||50|]Incineroar||PasshoBerry|Intimidate|ThroatChop,PartingShot,FakeOut,Protect|Sassy||M|||50|]Politoed||SitrusBerry|Drizzle|WeatherBall,PerishSong,Encore,Protect|Calm||F|||50|]Archaludon||Leftovers|Stamina|DragonPulse,FlashCannon,ElectroShot,Protect|Bold||M|||50|]Vivillon-Monsoon||FocusSash|CompoundEyes|Hurricane,SleepPowder,RagePowder,Protect|Timid||M|||50|
|inactive|Battle timer is ON: inactive players will automatically lose when time's up. (requested by DomDaBomb886!)
|
|t:|1784755887
|teamsize|p1|4
|teamsize|p2|4
|start
|switch|p1a: Vivillon|Vivillon, L50, F|100/100
|switch|p1b: Incineroar|Incineroar, L50, M|100/100
|switch|p2a: Incineroar|Incineroar, L50, M|100/100
|switch|p2b: Swampert|Swampert, L50, F|100/100
|-ability|p1b: Incineroar|Intimidate|boost
|-unboost|p2a: Incineroar|atk|1
|-unboost|p2b: Swampert|atk|1
|-ability|p2a: Incineroar|Intimidate|boost
|-unboost|p1a: Vivillon|atk|1
|-unboost|p1b: Incineroar|atk|1
|turn|1
|
|t:|1784755905
|detailschange|p2b: Swampert|Swampert-Mega, L50, F
|-mega|p2b: Swampert|Swampert|Swampertite
|move|p1b: Incineroar|Fake Out|p2a: Incineroar
|-damage|p2a: Incineroar|93/100
|cant|p2a: Incineroar|flinch
|move|p1a: Vivillon|Sleep Powder|p2b: Swampert
|-status|p2b: Swampert|slp|[from] move: Sleep Powder
|cant|p2b: Swampert|slp
|
|upkeep
|turn|2
|
|t:|1784755926
|move|p1a: Vivillon|Sleep Powder|p2a: Incineroar
|-status|p2a: Incineroar|slp|[from] move: Sleep Powder
|cant|p2b: Swampert|slp
|move|p1b: Incineroar|Parting Shot|p2b: Swampert
|-unboost|p2b: Swampert|atk|1
|-unboost|p2b: Swampert|spa|1
|
|t:|1784755933
|switch|p1b: Swampert|Swampert, L50, F|100/100|[from] Parting Shot
|cant|p2a: Incineroar|slp
|
|upkeep
|turn|3
|
|t:|1784755951
|switch|p2b: Vivillon|Vivillon-Monsoon, L50, M|100/100
|switch|p2a: Archaludon|Archaludon, L50, M|100/100
|detailschange|p1b: Swampert|Swampert-Mega, L50, F
|-mega|p1b: Swampert|Swampert|Swampertite
|move|p1a: Vivillon|Hurricane|p2b: Vivillon
|-supereffective|p2b: Vivillon|1
|-enditem|p2b: Vivillon|Focus Sash
|-damage|p2b: Vivillon|1/100
|move|p1b: Swampert|Earthquake|p2b: Vivillon|[spread] p2a
|-immune|p1a: Vivillon
|-immune|p2b: Vivillon
|-supereffective|p2a: Archaludon|1
|-damage|p2a: Archaludon|39/100
|-ability|p2a: Archaludon|Stamina|boost
|-boost|p2a: Archaludon|def|1
|
|-heal|p2a: Archaludon|45/100|[from] item: Leftovers
|upkeep
|turn|4
|
|t:|1784755975
|switch|p1a: Politoed|Politoed, L50, F|100/100
|-weather|RainDance|[from] ability: Drizzle|[of] p1a: Politoed
|move|p1b: Swampert|Ice Punch|p2b: Vivillon
|-supereffective|p2b: Vivillon|1
|-damage|p2b: Vivillon|0 fnt
|faint|p2b: Vivillon
|move|p2a: Archaludon|Dragon Pulse|p1b: Swampert
|-damage|p1b: Swampert|68/100
|
|-weather|RainDance|[upkeep]
|-heal|p2a: Archaludon|51/100|[from] item: Leftovers
|upkeep
|
|t:|1784755983
|switch|p2b: Incineroar|Incineroar, L50, M|93/100 slp
|-ability|p2b: Incineroar|Intimidate|boost
|-unboost|p1a: Politoed|atk|1
|-unboost|p1b: Swampert|atk|1
|turn|5
|inactive|DomDaBomb886! has 30 seconds left.
|
|t:|1784756012
|cant|p2b: Incineroar|slp
|move|p1b: Swampert|Earthquake|p2a: Archaludon|[spread] p1a,p2a,p2b
|-supereffective|p2a: Archaludon|1
|-supereffective|p2b: Incineroar|1
|-damage|p1a: Politoed|72/100
|-damage|p2a: Archaludon|23/100
|-damage|p2b: Incineroar|35/100 slp
|-ability|p2a: Archaludon|Stamina|boost
|-boost|p2a: Archaludon|def|1
|move|p2a: Archaludon|Electro Shot||[still]
|-prepare|p2a: Archaludon|Electro Shot
|-boost|p2a: Archaludon|spa|1
|-anim|p2a: Archaludon|Electro Shot|p1a: Politoed
|-supereffective|p1a: Politoed|1
|-damage|p1a: Politoed|0 fnt
|faint|p1a: Politoed
|
|-weather|RainDance|[upkeep]
|-heal|p2a: Archaludon|29/100|[from] item: Leftovers
|upkeep
|
|t:|1784756025
|switch|p1a: Vivillon|Vivillon, L50, F|100/100
|turn|6
|
|t:|1784756046
|move|p2a: Archaludon|Protect|p2a: Archaludon
|-singleturn|p2a: Archaludon|Protect
|move|p1b: Swampert|Earthquake|p2a: Archaludon|[spread] p2b
|-activate|p2a: Archaludon|move: Protect
|-immune|p1a: Vivillon
|-supereffective|p2b: Incineroar|1
|-damage|p2b: Incineroar|0 fnt
|faint|p2b: Incineroar
|move|p1a: Vivillon|Sleep Powder|p2a: Archaludon
|-activate|p2a: Archaludon|move: Protect
|
|-weather|RainDance|[upkeep]
|-heal|p2a: Archaludon|36/100|[from] item: Leftovers
|upkeep
|
|t:|1784756054
|switch|p2b: Swampert|Swampert-Mega, L50, F|100/100 slp
|turn|7
|
|t:|1784756067
|switch|p1b: Incineroar|Incineroar, L50, M|100/100
|-ability|p1b: Incineroar|Intimidate|boost
|-unboost|p2a: Archaludon|atk|1
|-unboost|p2b: Swampert|atk|1
|-curestatus|p2b: Swampert|slp|[msg]
|move|p2b: Swampert|Wave Crash|p1a: Vivillon
|-enditem|p1a: Vivillon|Focus Sash
|-damage|p1a: Vivillon|1/100
|-damage|p2b: Swampert|72/100|[from] Recoil
|move|p1a: Vivillon|Sleep Powder|p2a: Archaludon
|-status|p2a: Archaludon|slp|[from] move: Sleep Powder
|cant|p2a: Archaludon|slp
|
|-weather|RainDance|[upkeep]
|-heal|p2a: Archaludon|42/100 slp|[from] item: Leftovers
|upkeep
|turn|8
|inactive|DomDaBomb886! has 30 seconds left.
|
|t:|1784756097
|move|p2b: Swampert|Protect|p2b: Swampert
|-singleturn|p2b: Swampert|Protect
|move|p1b: Incineroar|Fake Out|p2b: Swampert
|-activate|p2b: Swampert|move: Protect
|move|p1a: Vivillon|Hurricane|p2a: Archaludon
|-resisted|p2a: Archaludon|1
|-damage|p2a: Archaludon|20/100y slp
|-ability|p2a: Archaludon|Stamina|boost
|-boost|p2a: Archaludon|def|1
|cant|p2a: Archaludon|slp
|
|-weather|none
|-heal|p2a: Archaludon|26/100 slp|[from] item: Leftovers
|upkeep
|turn|9
|inactive|DomDaBomb886! has 30 seconds left.
|
|t:|1784756127
|move|p1a: Vivillon|Sleep Powder|p2b: Swampert
|-status|p2b: Swampert|slp|[from] move: Sleep Powder
|cant|p2b: Swampert|slp
|-curestatus|p2a: Archaludon|slp|[msg]
|move|p2a: Archaludon|Dragon Pulse|p1a: Vivillon
|-damage|p1a: Vivillon|0 fnt
|faint|p1a: Vivillon
|move|p1b: Incineroar|Parting Shot|p2a: Archaludon
|-unboost|p2a: Archaludon|atk|1
|-unboost|p2a: Archaludon|spa|1
|
|t:|1784756135
|switch|p1b: Swampert|Swampert-Mega, L50, F|68/100|[from] Parting Shot
|
|-heal|p2a: Archaludon|32/100|[from] item: Leftovers
|upkeep
|
|t:|1784756136
|switch|p1a: Incineroar|Incineroar, L50, M|100/100
|-ability|p1a: Incineroar|Intimidate|boost
|-unboost|p2a: Archaludon|atk|1
|-unboost|p2b: Swampert|atk|1
|turn|10
|
|t:|1784756153
|cant|p2b: Swampert|slp
|move|p2a: Archaludon|Protect|p2a: Archaludon
|-singleturn|p2a: Archaludon|Protect
|move|p1a: Incineroar|Fake Out|p2a: Archaludon
|-activate|p2a: Archaludon|move: Protect
|move|p1b: Swampert|Wave Crash|p2b: Swampert
|-damage|p2b: Swampert|7/100 slp
|-damage|p1b: Swampert|46/100|[from] Recoil
|
|-heal|p2a: Archaludon|39/100|[from] item: Leftovers
|upkeep
|turn|11
|inactive|DomDaBomb886! has 30 seconds left.
|
|t:|1784756188
|move|p1a: Incineroar|Protect|p1a: Incineroar
|-singleturn|p1a: Incineroar|Protect
|move|p1b: Swampert|Earthquake|p2a: Archaludon|[spread] p2a,p2b
|-activate|p1a: Incineroar|move: Protect
|-supereffective|p2a: Archaludon|1
|-damage|p2a: Archaludon|11/100
|-damage|p2b: Swampert|0 fnt
|-ability|p2a: Archaludon|Stamina|boost
|-boost|p2a: Archaludon|def|1
|faint|p2b: Swampert
|move|p2a: Archaludon|Dragon Pulse|p1b: Swampert
|-damage|p1b: Swampert|12/100
|
|-heal|p2a: Archaludon|17/100|[from] item: Leftovers
|upkeep
|turn|12
|inactive|DomDaBomb886! has 30 seconds left.
|
|t:|1784756221
|move|p1b: Swampert|Protect|p1b: Swampert
|-singleturn|p1b: Swampert|Protect
|move|p2a: Archaludon|Protect|p2a: Archaludon
|-singleturn|p2a: Archaludon|Protect
|move|p1a: Incineroar|Throat Chop|p2a: Archaludon
|-activate|p2a: Archaludon|move: Protect
|
|-heal|p2a: Archaludon|23/100|[from] item: Leftovers
|upkeep
|turn|13
|
|t:|1784756230
|move|p1b: Swampert|Earthquake|p2a: Archaludon|[spread] p1a,p2a
|-supereffective|p1a: Incineroar|1
|-supereffective|p2a: Archaludon|1
|-damage|p1a: Incineroar|13/100
|-damage|p2a: Archaludon|1/100
|-ability|p2a: Archaludon|Stamina|boost
|-boost|p2a: Archaludon|def|1
|move|p2a: Archaludon|Dragon Pulse|p1b: Swampert
|-crit|p1b: Swampert
|-damage|p1b: Swampert|0 fnt
|faint|p1b: Swampert
|move|p1a: Incineroar|Throat Chop|p2a: Archaludon
|-damage|p2a: Archaludon|0 fnt
|faint|p2a: Archaludon
|
|win|DomDaBomb886!
|raw|DomDaBomb886!'s rating: 1225 → 1251(+26 for winning)
|raw|monsoonisbest's rating: 1234 → 1208(-26 for losing)
