|j|☆Adriatic Tides
|j|☆andiom123
|html|Adriatic Tidesandiom123    
|uhtml|bestof|Game 1 of a best-of-3
|t:|1784766977
|gametype|doubles
|player|p1|Adriatic Tides|leon|1171
|player|p2|andiom123|red|1134
|gen|9
|tier|[Gen 9 Champions] VGC 2026 Reg M-B (Bo3)
|rated|
|rule|Species Clause: Limit one of each Pokémon
|rule|Item Clause: Limit 1 of each item
|clearpoke
|poke|p1|Tyranitar, L50, F|
|poke|p1|Excadrill, L50, F|
|poke|p1|Delphox, L50, M|
|poke|p1|Sinistcha, L50|
|poke|p1|Rotom-Wash, L50|
|poke|p1|Incineroar, L50, M|
|poke|p2|Incineroar, L50, F|
|poke|p2|Farigiraf, L50, F|
|poke|p2|Sylveon, L50, M|
|poke|p2|Torkoal, L50, F|
|poke|p2|Kangaskhan, L50, F|
|poke|p2|Mudsdale, L50, F|
|teampreview|4
|showteam|p1|Tyranitar||Tyranitarite|SandStream|KnockOff,RockSlide,Protect,LowKick|Adamant||F|||50|]Excadrill||FocusSash|SandRush|Protect,Earthquake,IronHead,RockSlide|Adamant||F|||50|]Delphox||Delphoxite|Blaze|NastyPlot,HeatWave,Psyshock,Protect|Timid||M|||50|]Sinistcha||ColburBerry|Hospitality|TrickRoom,MatchaGotcha,Protect,RagePowder|Bold|||||50|]Rotom-Wash||Leftovers|Levitate|Electroweb,HydroPump,Protect,Thunderbolt|Modest|||||50|]Incineroar||SitrusBerry|Intimidate|FakeOut,FlareBlitz,PartingShot,ThroatChop|Careful||M|||50|
|showteam|p2|Incineroar||MuscleBand|Intimidate|ThroatChop,FlareBlitz,FakeOut,PartingShot|Brave||F|||50|]Farigiraf||SitrusBerry|ArmorTail|FoulPlay,PsychicNoise,TrickRoom,HelpingHand|Relaxed||F|||50|]Sylveon||FairyFeather|Pixilate|HyperVoice,HyperBeam,Yawn,Detect|Modest||M|||50|]Torkoal||Charcoal|Drought|Eruption,EarthPower,Flamethrower,Protect|Quiet||F|||50|]Kangaskhan||Kangaskhanite|Scrappy|DoubleEdge,FakeOut,IcePunch,HammerArm|Brave||F|||50|]Mudsdale||LifeOrb|InnerFocus|HighHorsepower,Earthquake,RockSlide,HeavySlam|Brave||F|||50|
|c|☆Adriatic Tides|gl hf
|
|t:|1784767001
|teamsize|p1|4
|teamsize|p2|4
|start
|switch|p1a: Sinistcha|Sinistcha, L50|100/100
|switch|p1b: Delphox|Delphox, L50, M|100/100
|switch|p2a: Farigiraf|Farigiraf, L50, F|100/100
|switch|p2b: Kangaskhan|Kangaskhan, L50, F|100/100
|turn|1
|
|t:|1784767032
|detailschange|p1b: Delphox|Delphox-Mega, L50, M
|-mega|p1b: Delphox|Delphox|Delphoxite
|detailschange|p2b: Kangaskhan|Kangaskhan-Mega, L50, F
|-mega|p2b: Kangaskhan|Kangaskhan|Kangaskhanite
|move|p2b: Kangaskhan|Fake Out|p1b: Delphox
|-damage|p1b: Delphox|62/100
|-damage|p1b: Delphox|53/100
|-hitcount|p1b: Delphox|2
|cant|p1b: Delphox|flinch
|move|p1a: Sinistcha|Matcha Gotcha|p2b: Kangaskhan|[spread] p2a,p2b
|-damage|p2a: Farigiraf|75/100
|-damage|p2b: Kangaskhan|81/100
|move|p2a: Farigiraf|Foul Play|p1b: Delphox
|-supereffective|p1b: Delphox|1
|-damage|p1b: Delphox|9/100
|
|upkeep
|turn|2
|
|t:|1784767057
|move|p1b: Delphox|Heat Wave|p2b: Kangaskhan|[spread] p2a,p2b
|-damage|p2a: Farigiraf|33/100
|-damage|p2b: Kangaskhan|44/100
|-enditem|p2a: Farigiraf|Sitrus Berry|[eat]
|-heal|p2a: Farigiraf|58/100|[from] item: Sitrus Berry
|move|p2b: Kangaskhan|Ice Punch|p1b: Delphox
|-resisted|p1b: Delphox|1
|-damage|p1b: Delphox|0 fnt
|faint|p1b: Delphox
|move|p1a: Sinistcha|Matcha Gotcha|p2a: Farigiraf|[spread] p2a,p2b
|-damage|p2a: Farigiraf|36/100
|-damage|p2b: Kangaskhan|24/100
|-status|p2a: Farigiraf|brn
|-status|p2b: Kangaskhan|brn
|move|p2a: Farigiraf|Trick Room|p2a: Farigiraf
|-fieldstart|move: Trick Room|[of] p2a: Farigiraf
|
|-damage|p2a: Farigiraf|29/100 brn|[from] brn
|-damage|p2b: Kangaskhan|18/100 brn|[from] brn
|upkeep
|
|t:|1784767070
|switch|p1b: Tyranitar|Tyranitar, L50, F|100/100
|-weather|Sandstorm|[from] ability: Sand Stream|[of] p1b: Tyranitar
|turn|3
|
|t:|1784767093
|move|p2a: Farigiraf|Psychic Noise|p1a: Sinistcha
|-damage|p1a: Sinistcha|69/100
|-start|p1a: Sinistcha|move: Heal Block
|move|p1b: Tyranitar|Rock Slide|p2a: Farigiraf|[spread] p2a,p2b
|-damage|p2a: Farigiraf|2/100 brn
|-damage|p2b: Kangaskhan|0 fnt
|faint|p2b: Kangaskhan
|cant|p1a: Sinistcha|move: Heal Block|Matcha Gotcha
|
|-weather|Sandstorm|[upkeep]
|-damage|p2a: Farigiraf|0 fnt|[from] Sandstorm
|-damage|p1a: Sinistcha|62/100|[from] Sandstorm
|faint|p2a: Farigiraf
|upkeep
|
|t:|1784767105
|switch|p2a: Sylveon|Sylveon, L50, M|100/100
|switch|p2b: Mudsdale|Mudsdale, L50, F|100/100
|turn|4
|
|t:|1784767125
|switch|p1a: Rotom|Rotom-Wash, L50|100/100
|move|p1b: Tyranitar|Protect|p1b: Tyranitar
|-singleturn|p1b: Tyranitar|Protect
|move|p2b: Mudsdale|High Horsepower|p1b: Tyranitar
|-activate|p1b: Tyranitar|move: Protect
|move|p2a: Sylveon|Hyper Voice|p1b: Tyranitar|[spread] p1a
|-activate|p1b: Tyranitar|move: Protect
|-damage|p1a: Rotom|47/100
|
|-weather|Sandstorm|[upkeep]
|-damage|p2a: Sylveon|94/100|[from] Sandstorm
|-damage|p1a: Rotom|42/100|[from] Sandstorm
|-heal|p1a: Rotom|47/100|[from] item: Leftovers
|upkeep
|turn|5
|
|t:|1784767141
|switch|p1b: Sinistcha|Sinistcha, L50|62/100
|-heal|p1a: Rotom|72/100|[from] ability: Hospitality|[of] p1b: Sinistcha
|move|p1a: Rotom|Protect|p1a: Rotom
|-singleturn|p1a: Rotom|Protect
|move|p2b: Mudsdale|High Horsepower|p1b: Sinistcha
|-resisted|p1b: Sinistcha|1
|-damage|p1b: Sinistcha|38/100
|-damage|p2b: Mudsdale|90/100|[from] item: Life Orb
|move|p2a: Sylveon|Hyper Voice|p1a: Rotom|[spread] p1b
|-activate|p1a: Rotom|move: Protect
|-damage|p1b: Sinistcha|0 fnt
|faint|p1b: Sinistcha
|
|-weather|Sandstorm|[upkeep]
|-damage|p2a: Sylveon|88/100|[from] Sandstorm
|-damage|p1a: Rotom|66/100|[from] Sandstorm
|-heal|p1a: Rotom|72/100|[from] item: Leftovers
|upkeep
|
|t:|1784767147
|switch|p1b: Tyranitar|Tyranitar, L50, F|100/100
|turn|6
|
|t:|1784767164
|move|p1a: Rotom|Protect|p1a: Rotom
|-singleturn|p1a: Rotom|Protect
|move|p2b: Mudsdale|Rock Slide|p1a: Rotom|[spread] p1b
|-activate|p1a: Rotom|move: Protect
|-crit|p1b: Tyranitar
|-damage|p1b: Tyranitar|66/100
|-damage|p2b: Mudsdale|80/100|[from] item: Life Orb
|move|p2a: Sylveon|Hyper Voice|p1a: Rotom|[spread] p1b
|-activate|p1a: Rotom|move: Protect
|-supereffective|p1b: Tyranitar|1
|-damage|p1b: Tyranitar|8/100
|move|p1b: Tyranitar|Rock Slide|p2b: Mudsdale|[spread] p2a,p2b
|-resisted|p2b: Mudsdale|1
|-crit|p2b: Mudsdale
|-damage|p2a: Sylveon|56/100
|-damage|p2b: Mudsdale|60/100
|
|-weather|Sandstorm|[upkeep]
|-damage|p2a: Sylveon|50/100g|[from] Sandstorm
|-damage|p1a: Rotom|66/100|[from] Sandstorm
|-heal|p1a: Rotom|72/100|[from] item: Leftovers
|-fieldend|move: Trick Room
|upkeep
|turn|7
|
|t:|1784767190
|move|p1a: Rotom|Hydro Pump|p2b: Mudsdale
|-supereffective|p2b: Mudsdale|1
|-damage|p2b: Mudsdale|0 fnt
|faint|p2b: Mudsdale
|move|p1b: Tyranitar|Rock Slide|p2a: Sylveon
|-damage|p2a: Sylveon|5/100
|move|p2a: Sylveon|Hyper Voice|p1a: Rotom|[spread] p1a,p1b
|-supereffective|p1b: Tyranitar|1
|-damage|p1a: Rotom|18/100
|-damage|p1b: Tyranitar|0 fnt
|faint|p1b: Tyranitar
|
|-weather|none
|-heal|p1a: Rotom|24/100|[from] item: Leftovers
|upkeep
|turn|8
|
|t:|1784767205
|move|p2a: Sylveon|Detect|p2a: Sylveon
|-singleturn|p2a: Sylveon|Protect
|move|p1a: Rotom|Thunderbolt|p2a: Sylveon
|-activate|p2a: Sylveon|move: Protect
|
|-heal|p1a: Rotom|29/100|[from] item: Leftovers
|upkeep
|turn|9
|
|t:|1784767212
|move|p1a: Rotom|Thunderbolt|p2a: Sylveon
|-damage|p2a: Sylveon|0 fnt
|faint|p2a: Sylveon
|
|win|Adriatic Tides
||andiom123 is ready for game 2.
||Adriatic Tides is ready for game 2.
|uhtml|next|Next: Game 2 of 3
|l|☆andiom123
|player|p2|
