|j|☆Chknadobovgc
|j|☆OmegaTheStrong
|html|ChknadobovgcOmegaTheStrong    
|uhtml|bestof|Game 2 of a best-of-3
|t:|1756716129
|gametype|doubles
|player|p1|Chknadobovgc|2|1168
|player|p2|OmegaTheStrong|red-gen2|1196
|gen|9
|tier|[Gen 9] VGC 2025 Reg H (Bo3)
|rated|
|rule|Species Clause: Limit one of each Pokémon
|rule|Item Clause: Limit 1 of each item
|clearpoke
|poke|p1|Indeedee, L50, M|
|poke|p1|Sneasler, L50, F|
|poke|p1|Excadrill, L50, M|
|poke|p1|Annihilape, L50, M|
|poke|p1|Corviknight, L50, M|
|poke|p1|Tyranitar, L50, M|
|poke|p2|Braviary-Hisui, L50, M|
|poke|p2|Indeedee-F, L50, F|
|poke|p2|Archaludon, L50, F|
|poke|p2|Pelipper, L50, F|
|poke|p2|Ursaluna-Bloodmoon, L50, M|
|poke|p2|Decidueye-Hisui, L50, F|
|teampreview|4
|showteam|p1|Indeedee||ChoiceScarf|PsychicSurge|ExpandingForce,TeraBlast,Trick,Protect|||M|||50|,,,,,Psychic]Sneasler||PsychicSeed|Unburden|CloseCombat,DireClaw,ThroatChop,Protect|||F|||50|,,,,,Dark]Excadrill||FocusSash|SandRush|Earthquake,IronHead,HighHorsepower,Protect|||M|||50|,,,,,Stellar]Annihilape||SafetyGoggles|Defiant|CloseCombat,RageFist,Taunt,FinalGambit|||M|||50|,,,,,Water]Corviknight||Leftovers|MirrorArmor|BodyPress,Tailwind,BulkUp,Roost|||M|||50|,,,,,Dragon]Tyranitar||AssaultVest|SandStream|RockSlide,KnockOff,LowKick,TeraBlast|||M|||50|,,,,,Flying
|showteam|p2|Braviary-Hisui||LifeOrb|TintedLens|ExpandingForce,Hurricane,Protect,EsperWing|||M|||50|,,,,,Psychic]Indeedee-F||PsychicSeed|PsychicSurge|FollowMe,TrickRoom,HelpingHand,DazzlingGleam|||F|||50|,,,,,Grass]Archaludon||AssaultVest|Stamina|ElectroShot,FlashCannon,BodyPress,DragonPulse|||F|||50|,,,,,Fairy]Pelipper||FocusSash|Drizzle|WideGuard,WeatherBall,Hurricane,Tailwind|||F|||50|,,,,,Stellar]Ursaluna-Bloodmoon||SilkScarf|MindsEye|HyperVoice,BloodMoon,Protect,EarthPower|||M|||50|,,,,,Normal]Decidueye-Hisui||ExpertBelt|Scrappy|Haze,CloseCombat,LeafBlade,Protect|||F|||50|,,,,,Poison
|inactive|Battle timer is ON: inactive players will automatically lose when time's up. (requested by Chknadobovgc)
|
|t:|1756716167
|teamsize|p1|4
|teamsize|p2|4
|start
|switch|p1a: Indeedee|Indeedee, L50, M|100/100
|switch|p1b: Sneasler|Sneasler, L50, F, shiny|100/100
|switch|p2a: Archaludon|Archaludon, L50, F, shiny|100/100
|switch|p2b: Pelipper|Pelipper, L50, F|100/100
|-fieldstart|move: Psychic Terrain|[from] ability: Psychic Surge|[of] p1a: Indeedee
|-enditem|p1b: Sneasler|Psychic Seed
|-boost|p1b: Sneasler|spd|1|[from] item: Psychic Seed
|-weather|RainDance|[from] ability: Drizzle|[of] p2b: Pelipper
|turn|1
|inactive|Chknadobovgc has 30 seconds left.
|inactive|OmegaTheStrong has 30 seconds left.
|inactive|Chknadobovgc has 20 seconds left.
|inactive|Chknadobovgc has 15 seconds left.
|inactive|Chknadobovgc has 10 seconds left.
|
|t:|1756716213
|switch|p1b: Tyranitar|Tyranitar, L50, M, shiny|100/100
|-weather|Sandstorm|[from] ability: Sand Stream|[of] p1b: Tyranitar
|move|p1a: Indeedee|Expanding Force|p2a: Archaludon|[spread] p2a,p2b
|-resisted|p2a: Archaludon
|-damage|p2a: Archaludon|81/100
|-enditem|p2b: Pelipper|Focus Sash
|-damage|p2b: Pelipper|1/100
|-ability|p2a: Archaludon|Stamina|boost
|-boost|p2a: Archaludon|def|1
|move|p2b: Pelipper|Tailwind|p2b: Pelipper
|-sidestart|p2: OmegaTheStrong|move: Tailwind
|move|p2a: Archaludon|Body Press|p1a: Indeedee
|-damage|p1a: Indeedee|30/100
|
|-weather|Sandstorm|[upkeep]
|-damage|p2b: Pelipper|0 fnt|[from] Sandstorm
|-damage|p1a: Indeedee|24/100|[from] Sandstorm
|faint|p2b: Pelipper
|upkeep
|
|t:|1756716228
|switch|p2b: Ursaluna|Ursaluna-Bloodmoon, L50, M|100/100
|turn|2
|inactive|OmegaTheStrong has 30 seconds left.
|
|t:|1756716260
|-terastallize|p2a: Archaludon|Fairy
|move|p2a: Archaludon|Body Press|p1b: Tyranitar
|-supereffective|p1b: Tyranitar
|-damage|p1b: Tyranitar|0 fnt
|faint|p1b: Tyranitar
|move|p1a: Indeedee|Expanding Force|p2b: Ursaluna|[spread] p2a,p2b
|-damage|p2a: Archaludon|42/100
|-damage|p2b: Ursaluna|35/100
|-ability|p2a: Archaludon|Stamina|boost
|-boost|p2a: Archaludon|def|1
|move|p2b: Ursaluna|Blood Moon|p1a: Indeedee
|-damage|p1a: Indeedee|0 fnt
|faint|p1a: Indeedee
|
|-weather|Sandstorm|[upkeep]
|-damage|p2a: Archaludon|36/100|[from] Sandstorm
|upkeep
|
|t:|1756716268
|switch|p1a: Sneasler|Sneasler, L50, F, shiny|100/100
|switch|p1b: Annihilape|Annihilape, L50, M, shiny|100/100
|turn|3
|
|t:|1756716293
|move|p2a: Archaludon|Dragon Pulse|p1b: Annihilape
|-damage|p1b: Annihilape|64/100
|move|p2b: Ursaluna|Hyper Voice|p1a: Sneasler|[spread] p1a,p1b
|-damage|p1a: Sneasler|40/100
|-damage|p1b: Annihilape|22/100
|move|p1a: Sneasler|Close Combat|p2b: Ursaluna
|-supereffective|p2b: Ursaluna
|-damage|p2b: Ursaluna|0 fnt
|-unboost|p1a: Sneasler|def|1
|-unboost|p1a: Sneasler|spd|1
|faint|p2b: Ursaluna
|move|p1b: Annihilape|Taunt|p2a: Archaludon
|-start|p2a: Archaludon|move: Taunt
|
|-weather|Sandstorm|[upkeep]
|-damage|p2a: Archaludon|30/100|[from] Sandstorm
|-damage|p1a: Sneasler|34/100|[from] Sandstorm
|upkeep
|
|t:|1756716298
|switch|p2b: Indeedee|Indeedee-F, L50, F|100/100
|-enditem|p2b: Indeedee|Psychic Seed
|-boost|p2b: Indeedee|spd|1|[from] item: Psychic Seed
|turn|4
|
|t:|1756716309
|move|p1a: Sneasler|Protect|p1a: Sneasler
|-singleturn|p1a: Sneasler|Protect
|move|p2b: Indeedee|Follow Me|p2b: Indeedee
|-singleturn|p2b: Indeedee|move: Follow Me
|move|p2a: Archaludon|Dragon Pulse|p1b: Annihilape
|-damage|p1b: Annihilape|0 fnt
|faint|p1b: Annihilape
|
|-weather|Sandstorm|[upkeep]
|-damage|p2a: Archaludon|24/100|[from] Sandstorm
|-damage|p2b: Indeedee|94/100|[from] Sandstorm
|-damage|p1a: Sneasler|28/100|[from] Sandstorm
|-sideend|p2: OmegaTheStrong|move: Tailwind
|upkeep
|turn|5
|-message|Chknadobovgc forfeited.
|
|win|OmegaTheStrong
|l|☆Chknadobovgc
|player|p1|
|j|☆Chknadobovgc
|player|p1|Chknadobovgc|2|
||OmegaTheStrong is ready for game 3.
||Chknadobovgc is ready for game 3.
|uhtml|next|Next: Game 3 of 3
|l|☆OmegaTheStrong
|player|p2|
|l|☆Chknadobovgc
|player|p1|
|j|☆Chknadobovgc
|player|p1|Chknadobovgc|2|
