|j|☆Utilaty
|j|☆C0ozer
|html|UtilatyC0ozer    
|uhtml|bestof|Game 2 of a best-of-3
|t:|1782313338
|gametype|doubles
|player|p1|Utilaty|ethan|1018
|player|p2|C0ozer|lucas|1124
|gen|9
|tier|[Gen 9 Champions] VGC 2026 Reg M-B (Bo3)
|rated|
|rule|Species Clause: Limit one of each Pokémon
|rule|Item Clause: Limit 1 of each item
|clearpoke
|poke|p1|Farigiraf, L50, F|
|poke|p1|Mawile, L50, F|
|poke|p1|Scrafty, L50, M|
|poke|p1|Armarouge, L50, M|
|poke|p1|Basculegion, L50, M|
|poke|p1|Venusaur, L50, F|
|poke|p2|Charizard, L50, F|
|poke|p2|Scrafty, L50, M|
|poke|p2|Gholdengo, L50|
|poke|p2|Whimsicott, L50, F|
|poke|p2|Toxapex, L50, F|
|poke|p2|Garchomp, L50, F|
|teampreview|4
|showteam|p1|Farigiraf||SitrusBerry|ArmorTail|HyperVoice,Protect,TrickRoom,MirrorCoat|Calm||F|||50|]Mawile||Mawilite|SheerForce|IronHead,PlayRough,Protect,SuckerPunch|Adamant||F|||50|]Scrafty||Leftovers|Intimidate|Detect,DrainPunch,FakeOut,KnockOff|Impish||M|||50|]Armarouge||WhiteHerb|FlashFire|ArmorCannon,HeatWave,Protect,Psychic|Sassy||M|||50|]Basculegion||ChoiceScarf|Adaptability|FlipTurn,AquaJet,LastRespects,WaveCrash|Jolly||M|||50|]Venusaur||Venusaurite|Chlorophyll|LeechSeed,Protect,GigaDrain,EarthPower|Quiet||F|||50|
|showteam|p2|Charizard||CharizarditeY|Blaze|HeatWave,WeatherBall,SolarBeam,Protect|Timid||F|||50|]Scrafty||Scraftinite|Intimidate|FakeOut,KnockOff,CloseCombat,Detect|Impish||M|||50|]Gholdengo||LifeOrb|GoodasGold|FlashCannon,ShadowBall,NastyPlot,Protect|Timid|||||50|]Whimsicott||FocusSash|Prankster|Moonblast,Encore,Tailwind,Protect|Timid||F|||50|]Toxapex||Leftovers|Regenerator|Toxic,Haze,Infestation,BanefulBunker|Bold||F|||50|]Garchomp||SitrusBerry|RoughSkin|BreakingSwipe,RockSlide,StompingTantrum,Protect|Adamant||F|||50|
|inactive|Battle timer is ON: inactive players will automatically lose when time's up. (requested by C0ozer)
|inactive|Utilaty has 60 seconds left.
|inactive|Utilaty has 30 seconds left.
|inactive|Utilaty has 20 seconds left.
|inactive|Utilaty has 15 seconds left.
|
|t:|1782313419
|teamsize|p1|4
|teamsize|p2|4
|start
|switch|p1a: Scrafty|Scrafty, L50, M|100/100
|switch|p1b: Basculegion|Basculegion, L50, M|100/100
|switch|p2a: Scrafty|Scrafty, L50, M|100/100
|switch|p2b: Toxapex|Toxapex, L50, F|100/100
|-ability|p1a: Scrafty|Intimidate|boost
|-unboost|p2a: Scrafty|atk|1
|-unboost|p2b: Toxapex|atk|1
|-ability|p2a: Scrafty|Intimidate|boost
|-unboost|p1a: Scrafty|atk|1
|-unboost|p1b: Basculegion|atk|1
|turn|1
|inactive|Utilaty has 30 seconds left.
|inactive|Utilaty has 20 seconds left.
|
|t:|1782313458
|detailschange|p2a: Scrafty|Scrafty-Mega, L50, M
|-mega|p2a: Scrafty|Scrafty|Scraftinite
|-ability|p2a: Scrafty|Intimidate|boost
|-unboost|p1a: Scrafty|atk|1
|-unboost|p1b: Basculegion|atk|1
|move|p2a: Scrafty|Fake Out|p1a: Scrafty
|-damage|p1a: Scrafty|94/100
|cant|p1a: Scrafty|flinch
|move|p1b: Basculegion|Flip Turn|p2a: Scrafty
|-damage|p2a: Scrafty|88/100
|
|t:|1782313471
|switch|p1b: Farigiraf|Farigiraf, L50, F|100/100|[from] Flip Turn
|move|p2b: Toxapex|Toxic|p1a: Scrafty
|-status|p1a: Scrafty|tox
|
|-heal|p1a: Scrafty|100/100 tox|[from] item: Leftovers
|-damage|p1a: Scrafty|94/100 tox|[from] psn
|upkeep
|turn|2
|
|t:|1782313490
|switch|p2a: Garchomp|Garchomp, L50, F|100/100
|move|p1a: Scrafty|Knock Off|p2b: Toxapex
|-damage|p2b: Toxapex|89/100
|-enditem|p2b: Toxapex|Leftovers|[from] move: Knock Off|[of] p1a: Scrafty
|move|p2b: Toxapex|Toxic|p1b: Farigiraf
|-status|p1b: Farigiraf|tox
|move|p1b: Farigiraf|Trick Room|p1b: Farigiraf
|-fieldstart|move: Trick Room|[of] p1b: Farigiraf
|
|-heal|p1a: Scrafty|100/100 tox|[from] item: Leftovers
|-damage|p1a: Scrafty|88/100 tox|[from] psn
|-damage|p1b: Farigiraf|93/100 tox|[from] psn
|upkeep
|turn|3
|
|t:|1782313511
|switch|p1a: Mawile|Mawile, L50, F|100/100
|move|p2b: Toxapex|Infestation|p1b: Farigiraf
|-supereffective|p1b: Farigiraf|1
|-damage|p1b: Farigiraf|89/100 tox
|-activate|p1b: Farigiraf|move: Infestation|[of] p2b: Toxapex
|move|p1b: Farigiraf|Hyper Voice|p2a: Garchomp|[spread] p2a,p2b
|-damage|p2a: Garchomp|74/100
|-damage|p2b: Toxapex|70/100
|move|p2a: Garchomp|Breaking Swipe|p1b: Farigiraf|[spread] p1b
|-immune|p1a: Mawile
|-damage|p1b: Farigiraf|63/100 tox
|-unboost|p1b: Farigiraf|atk|1
|
|-damage|p1b: Farigiraf|50/100g tox|[from] psn
|-damage|p1b: Farigiraf|38/100 tox|[from] move: Infestation|[partiallytrapped]
|upkeep
|-enditem|p1b: Farigiraf|Sitrus Berry|[eat]
|-heal|p1b: Farigiraf|63/100 tox|[from] item: Sitrus Berry
|turn|4
|inactive|Utilaty has 30 seconds left.
|inactive|Utilaty has 20 seconds left.
|
|t:|1782313547
|switch|p2a: Gholdengo|Gholdengo, L50|100/100
|detailschange|p1a: Mawile|Mawile-Mega, L50, F
|-mega|p1a: Mawile|Mawile|Mawilite
|move|p2b: Toxapex|Infestation|p1a: Mawile
|-resisted|p1a: Mawile|2
|-damage|p1a: Mawile|99/100
|-activate|p1a: Mawile|move: Infestation|[of] p2b: Toxapex
|move|p1a: Mawile|Play Rough|p2a: Gholdengo
|-resisted|p2a: Gholdengo|1
|-damage|p2a: Gholdengo|53/100
|move|p1b: Farigiraf|Hyper Voice|p2a: Gholdengo|[spread] p2b
|-immune|p2a: Gholdengo
|-damage|p2b: Toxapex|50/100g
|
|-damage|p1b: Farigiraf|44/100 tox|[from] psn
|-damage|p1a: Mawile|87/100|[from] move: Infestation|[partiallytrapped]
|-damage|p1b: Farigiraf|32/100 tox|[from] move: Infestation|[partiallytrapped]
|upkeep
|turn|5
|inactive|Utilaty has 30 seconds left.
|inactive|Utilaty has 20 seconds left.
|
|t:|1782313585
|move|p2b: Toxapex|Baneful Bunker|p2b: Toxapex
|-singleturn|p2b: Toxapex|move: Protect
|move|p2a: Gholdengo|Protect|p2a: Gholdengo
|-singleturn|p2a: Gholdengo|Protect
|move|p1a: Mawile|Play Rough|p2a: Gholdengo
|-activate|p2a: Gholdengo|move: Protect
|move|p1b: Farigiraf|Hyper Voice|p2a: Gholdengo|[spread] 
|-activate|p2a: Gholdengo|move: Protect
|-activate|p2b: Toxapex|move: Protect
|
|-damage|p1b: Farigiraf|7/100 tox|[from] psn
|-damage|p1a: Mawile|75/100|[from] move: Infestation|[partiallytrapped]
|-damage|p1b: Farigiraf|0 fnt|[from] move: Infestation|[partiallytrapped]
|faint|p1b: Farigiraf
|upkeep
|
|t:|1782313590
|switch|p1b: Scrafty|Scrafty, L50, M|88/100 tox
|-ability|p1b: Scrafty|Intimidate|boost
|-unboost|p2a: Gholdengo|atk|1
|-unboost|p2b: Toxapex|atk|1
|turn|6
|inactive|Utilaty has 30 seconds left.
|
|t:|1782313616
|-heal|p2b: Toxapex|84/100|[from] ability: Regenerator|[silent]
|switch|p2b: Scrafty|Scrafty-Mega, L50, M|88/100
|-ability|p2b: Scrafty|Intimidate|boost
|-unboost|p1a: Mawile|atk|1
|-unboost|p1b: Scrafty|atk|1
|move|p1a: Mawile|Play Rough|p2a: Gholdengo
|-resisted|p2a: Gholdengo|1
|-damage|p2a: Gholdengo|22/100
|move|p1b: Scrafty|Knock Off|p2a: Gholdengo
|-supereffective|p2a: Gholdengo|1
|-damage|p2a: Gholdengo|0 fnt
|-enditem|p2a: Gholdengo|Life Orb|[from] move: Knock Off|[of] p1b: Scrafty
|faint|p2a: Gholdengo
|
|-heal|p1b: Scrafty|94/100 tox|[from] item: Leftovers
|-damage|p1b: Scrafty|88/100 tox|[from] psn
|-end|p1a: Mawile|Infestation|[partiallytrapped]|[silent]
|-fieldend|move: Trick Room
|upkeep
|
|t:|1782313632
|switch|p2a: Garchomp|Garchomp, L50, F|74/100
|turn|7
|
|t:|1782313647
|move|p1b: Scrafty|Detect|p1b: Scrafty
|-singleturn|p1b: Scrafty|Protect
|move|p1a: Mawile|Protect|p1a: Mawile
|-singleturn|p1a: Mawile|Protect
|move|p2b: Scrafty|Fake Out|p1a: Mawile
|-activate|p1a: Mawile|move: Protect
|move|p2a: Garchomp|Stomping Tantrum|p1a: Mawile
|-activate|p1a: Mawile|move: Protect
|
|-heal|p1b: Scrafty|94/100 tox|[from] item: Leftovers
|-damage|p1b: Scrafty|82/100 tox|[from] psn
|upkeep
|turn|8
|inactive|Utilaty has 30 seconds left.
|
|t:|1782313677
|move|p2a: Garchomp|Protect|p2a: Garchomp
|-singleturn|p2a: Garchomp|Protect
|move|p2b: Scrafty|Detect|p2b: Scrafty
|-singleturn|p2b: Scrafty|Protect
|move|p1b: Scrafty|Drain Punch|p2b: Scrafty
|-activate|p2b: Scrafty|move: Protect
|move|p1a: Mawile|Play Rough|p2a: Garchomp
|-activate|p2a: Garchomp|move: Protect
|
|-heal|p1b: Scrafty|88/100 tox|[from] item: Leftovers
|-damage|p1b: Scrafty|70/100 tox|[from] psn
|upkeep
|turn|9
|
|t:|1782313696
|switch|p2a: Toxapex|Toxapex, L50, F|84/100
|move|p2b: Scrafty|Close Combat|p1b: Scrafty
|-supereffective|p1b: Scrafty|1
|-damage|p1b: Scrafty|0 fnt
|-unboost|p2b: Scrafty|def|1
|-unboost|p2b: Scrafty|spd|1
|faint|p1b: Scrafty
|move|p1a: Mawile|Play Rough|p2a: Toxapex
|-resisted|p2a: Toxapex|1
|-damage|p2a: Toxapex|66/100
|
|upkeep
|
|t:|1782313702
|switch|p1b: Basculegion|Basculegion, L50, M|100/100
|turn|10
|
|t:|1782313720
|move|p2b: Scrafty|Detect|p2b: Scrafty
|-singleturn|p2b: Scrafty|Protect
|move|p1a: Mawile|Protect|p1a: Mawile
|-singleturn|p1a: Mawile|Protect
|move|p1b: Basculegion|Last Respects|p2a: Toxapex
|-damage|p2a: Toxapex|8/100
|move|p2a: Toxapex|Toxic|p1b: Basculegion
|-status|p1b: Basculegion|tox
|
|-damage|p1b: Basculegion|93/100 tox|[from] psn
|upkeep
|turn|11
|
|t:|1782313740
|switch|p2b: Garchomp|Garchomp, L50, F|74/100
|move|p2a: Toxapex|Baneful Bunker|p2a: Toxapex
|-singleturn|p2a: Toxapex|move: Protect
|move|p1b: Basculegion|Last Respects|p2a: Toxapex
|-activate|p2a: Toxapex|move: Protect
|move|p1a: Mawile|Play Rough|p2b: Garchomp
|-supereffective|p2b: Garchomp|1
|-damage|p2b: Garchomp|0 fnt
|-damage|p1a: Mawile|63/100|[from] ability: Rough Skin|[of] p2b: Garchomp
|faint|p2b: Garchomp
|
|-damage|p1b: Basculegion|81/100 tox|[from] psn
|upkeep
|
|t:|1782313753
|switch|p2b: Scrafty|Scrafty-Mega, L50, M|88/100
|-ability|p2b: Scrafty|Intimidate|boost
|-unboost|p1a: Mawile|atk|1
|-unboost|p1b: Basculegion|atk|1
|turn|12
|
|t:|1782313768
|move|p2a: Toxapex|Baneful Bunker||[still]
|-fail|p2a: Toxapex
|move|p1b: Basculegion|Last Respects|p2b: Scrafty
|-resisted|p2b: Scrafty|1
|-damage|p2b: Scrafty|69/100
|move|p2b: Scrafty|Knock Off|p1b: Basculegion
|-supereffective|p1b: Basculegion|1
|-damage|p1b: Basculegion|0 fnt
|-enditem|p1b: Basculegion|Choice Scarf|[from] move: Knock Off|[of] p2b: Scrafty
|faint|p1b: Basculegion
|move|p1a: Mawile|Play Rough|p2b: Scrafty
|-supereffective|p2b: Scrafty|2
|-damage|p2b: Scrafty|0 fnt
|faint|p2b: Scrafty
|
|upkeep
|turn|13
|
|t:|1782313785
|move|p2a: Toxapex|Baneful Bunker|p2a: Toxapex
|-singleturn|p2a: Toxapex|move: Protect
|move|p1a: Mawile|Play Rough|p2a: Toxapex
|-activate|p2a: Toxapex|move: Protect
|
|upkeep
|turn|14
|
|t:|1782313791
|move|p1a: Mawile|Iron Head|p2a: Toxapex
|-resisted|p2a: Toxapex|1
|-damage|p2a: Toxapex|0 fnt
|faint|p2a: Toxapex
|
|win|Utilaty
