|j|☆r4ka
|j|☆shakyturtle
|html|r4kashakyturtle    
|uhtml|bestof|Game 2 of a best-of-3
|t:|1756844714
|gametype|doubles
|player|p1|r4ka|102|1153
|player|p2|shakyturtle|blaine|1084
|gen|9
|tier|[Gen 9] VGC 2025 Reg H (Bo3)
|rated|
|rule|Species Clause: Limit one of each Pokémon
|rule|Item Clause: Limit 1 of each item
|clearpoke
|poke|p1|Rillaboom, L50, M|
|poke|p1|Dragonite, L50, M|
|poke|p1|Sneasler, L50, M|
|poke|p1|Kingambit, L50, M|
|poke|p1|Electabuzz, L50, M|
|poke|p1|Volcarona, L50, M|
|poke|p2|Farigiraf, L50, M|
|poke|p2|Whimsicott, L50, M|
|poke|p2|Annihilape, L50, M|
|poke|p2|Ursaluna-Bloodmoon, L50, M|
|poke|p2|Tinkaton, L50, F|
|poke|p2|Dragonite, L50, M|
|teampreview|4
|showteam|p1|Rillaboom||AssaultVest|GrassySurge|FakeOut,HighHorsepower,WoodHammer,GrassyGlide|||M|||50|,,,,,Fire]Dragonite||LoadedDice|Multiscale|ExtremeSpeed,ScaleShot,Protect,Haze|||M|||50|,,,,,Steel]Sneasler||FocusSash|PoisonTouch|DireClaw,CloseCombat,FakeOut,Coaching|||M|||50|,,,,,Stellar]Kingambit||BlackGlasses|Defiant|KowtowCleave,SuckerPunch,SwordsDance,Protect|||M|||50|,,,,,Dark]Electabuzz||Eviolite|VitalSpirit|Thunderbolt,Taunt,Protect,FollowMe|||M|||50|,,,,,Ghost]Volcarona||Leftovers|FlameBody|HeatWave,TeraBlast,QuiverDance,Protect|||M|||50|,,,,,Fairy
|showteam|p2|Farigiraf||ThroatSpray|ArmorTail|Protect,TrickRoom,HyperVoice,PsychicNoise|||M|||50|,,,,,Fairy]Whimsicott||CovertCloak|Prankster|Moonblast,Tailwind,Encore,HelpingHand|||M|||50|,,,,,Ghost]Annihilape||Leftovers|Defiant|Protect,BulkUp,DrainPunch,RageFist|||M|||50|,,,,,Fire]Ursaluna-Bloodmoon||AssaultVest|MindsEye|HyperVoice,EarthPower,BloodMoon,Moonblast|||M|||50|,,,,,Fairy]Tinkaton||ClearAmulet|MoldBreaker|PlayRough,GigatonHammer,FakeOut,SwordsDance|||F|||50|,,,,,Fire]Dragonite||ChoiceBand|InnerFocus|Outrage,TeraBlast,ExtremeSpeed,AquaJet|||M|||50|,,,,,Flying
|inactive|Battle timer is ON: inactive players will automatically lose when time's up. (requested by shakyturtle)
|inactive|shakyturtle has 60 seconds left.
|
|t:|1756844760
|teamsize|p1|4
|teamsize|p2|4
|start
|switch|p1a: Sneasler|Sneasler, L50, M|100/100
|switch|p1b: Volcarona|Volcarona, L50, M|100/100
|switch|p2a: Annihilape|Annihilape, L50, M|100/100
|switch|p2b: Farigiraf|Farigiraf, L50, M|100/100
|turn|1
|
|t:|1756844773
|-terastallize|p1a: Sneasler|Stellar
|move|p1a: Sneasler|Dire Claw|p2a: Annihilape
|-resisted|p2a: Annihilape
|-damage|p2a: Annihilape|73/100
|-status|p2a: Annihilape|psn
|move|p1b: Volcarona|Quiver Dance|p1b: Volcarona
|-boost|p1b: Volcarona|spa|1
|-boost|p1b: Volcarona|spd|1
|-boost|p1b: Volcarona|spe|1
|move|p2a: Annihilape|Bulk Up|p2a: Annihilape
|-boost|p2a: Annihilape|atk|1
|-boost|p2a: Annihilape|def|1
|move|p2b: Farigiraf|Psychic Noise|p1a: Sneasler
|-supereffective|p1a: Sneasler
|-enditem|p1a: Sneasler|Focus Sash
|-damage|p1a: Sneasler|1/100
|-start|p1a: Sneasler|move: Heal Block
|-enditem|p2b: Farigiraf|Throat Spray
|-boost|p2b: Farigiraf|spa|1|[from] item: Throat Spray
|
|-heal|p2a: Annihilape|79/100 psn|[from] item: Leftovers
|-damage|p2a: Annihilape|67/100 psn|[from] psn
|upkeep
|turn|2
|inactive|r4ka has 30 seconds left.
|inactive|shakyturtle has 30 seconds left.
|
|t:|1756844807
|move|p1b: Volcarona|Heat Wave|p2a: Annihilape|[spread] p2a,p2b
|-damage|p2a: Annihilape|25/100 psn
|-damage|p2b: Farigiraf|47/100
|move|p1a: Sneasler|Close Combat|p2b: Farigiraf
|-damage|p2b: Farigiraf|0 fnt
|-unboost|p1a: Sneasler|def|1
|-unboost|p1a: Sneasler|spd|1
|faint|p2b: Farigiraf
|move|p2a: Annihilape|Rage Fist|p1b: Volcarona
|-damage|p1b: Volcarona|0 fnt
|faint|p1b: Volcarona
|
|-heal|p2a: Annihilape|31/100 psn|[from] item: Leftovers
|-damage|p2a: Annihilape|19/100 psn|[from] psn
|-end|p1a: Sneasler|move: Heal Block
|upkeep
|
|t:|1756844824
|switch|p1b: Electabuzz|Electabuzz, L50, M|100/100
|switch|p2b: Tinkaton|Tinkaton, L50, F|100/100
|-ability|p2b: Tinkaton|Mold Breaker
|turn|3
|
|t:|1756844843
|move|p2b: Tinkaton|Fake Out|p1a: Sneasler
|-damage|p1a: Sneasler|0 fnt
|faint|p1a: Sneasler
|move|p1b: Electabuzz|Thunderbolt|p2a: Annihilape
|-damage|p2a: Annihilape|0 fnt
|faint|p2a: Annihilape
|
|upkeep
|
|t:|1756844849
|switch|p1a: Kingambit|Kingambit, L50, M, shiny|100/100
|switch|p2a: Ursaluna|Ursaluna-Bloodmoon, L50, M|100/100
|turn|4
|
|t:|1756844868
|-terastallize|p2a: Ursaluna|Fairy
|move|p1b: Electabuzz|Follow Me|p1b: Electabuzz
|-singleturn|p1b: Electabuzz|move: Follow Me
|move|p2b: Tinkaton|Swords Dance|p2b: Tinkaton
|-boost|p2b: Tinkaton|atk|2
|move|p2a: Ursaluna|Earth Power|p1b: Electabuzz
|-supereffective|p1b: Electabuzz
|-damage|p1b: Electabuzz|20/100
|move|p1a: Kingambit|Kowtow Cleave|p2a: Ursaluna
|-resisted|p2a: Ursaluna
|-damage|p2a: Ursaluna|77/100
|
|upkeep
|turn|5
|
|t:|1756844881
|move|p1a: Kingambit|Protect|p1a: Kingambit
|-singleturn|p1a: Kingambit|Protect
|move|p1b: Electabuzz|Thunderbolt|p2a: Ursaluna
|-crit|p2a: Ursaluna
|-damage|p2a: Ursaluna|45/100
|move|p2b: Tinkaton|Play Rough|p1a: Kingambit
|-activate|p1a: Kingambit|move: Protect
|move|p2a: Ursaluna|Hyper Voice|p1b: Electabuzz|[spread] p1b
|-activate|p1a: Kingambit|move: Protect
|-crit|p1b: Electabuzz
|-damage|p1b: Electabuzz|0 fnt
|faint|p1b: Electabuzz
|
|upkeep
|turn|6
|
|t:|1756844899
|move|p1a: Kingambit|Sucker Punch|p2a: Ursaluna
|-resisted|p2a: Ursaluna
|-damage|p2a: Ursaluna|27/100
|move|p2b: Tinkaton|Gigaton Hammer|p1a: Kingambit
|-resisted|p1a: Kingambit
|-damage|p1a: Kingambit|55/100
|move|p2a: Ursaluna|Earth Power|p1a: Kingambit
|-supereffective|p1a: Kingambit
|-damage|p1a: Kingambit|0 fnt
|faint|p1a: Kingambit
|
|win|shakyturtle
|raw|r4ka's rating: 1153 → 1123(-30 for losing)
|raw|shakyturtle's rating: 1084 → 1117(+33 for winning)
|l|☆shakyturtle
|player|p2|
