|j|☆Escalon209
|j|☆Wesrui
|html|Escalon209Wesrui    
|uhtml|bestof|Game 2 of a best-of-3
|t:|1757822541
|gametype|doubles
|player|p1|Escalon209|striker|1203
|player|p2|Wesrui|silver|1139
|gen|9
|tier|[Gen 9] VGC 2025 Reg H (Bo3)
|rated|
|rule|Species Clause: Limit one of each Pokémon
|rule|Item Clause: Limit 1 of each item
|clearpoke
|poke|p1|Pelipper, L50, M|
|poke|p1|Archaludon, L50, F|
|poke|p1|Gholdengo, L50|
|poke|p1|Ursaluna, L50, F|
|poke|p1|Dragonite, L50, M|
|poke|p1|Sinistcha-Masterpiece, L50|
|poke|p2|Ninetales-Alola, L50, M|
|poke|p2|Kommo-o, L50, F|
|poke|p2|Arcanine-Hisui, L50, F|
|poke|p2|Basculegion, L50, M|
|poke|p2|Kingambit, L50, M|
|poke|p2|Rillaboom, L50, M|
|teampreview|4
|showteam|p1|Pelipper||FocusSash|Drizzle|Hurricane,WeatherBall,Protect,Tailwind|||M|||50|,,,,,Ghost]Archaludon||AssaultVest|Stamina|BodyPress,DragonPulse,ElectroShot,FlashCannon|||F|||50|,,,,,Bug]Gholdengo||ChoiceScarf|GoodasGold|MakeItRain,ShadowBall,Trick,TeraBlast||||||50|,,,,,Water]Ursaluna||FlameOrb|Guts|Earthquake,HeadlongRush,Facade,Protect|||F|||50|,,,,,Ghost]Dragonite||LoadedDice|InnerFocus|ScaleShot,Haze,Tailwind,Protect|||M|||50|,,,,,Fairy]Sinistcha-Masterpiece||SitrusBerry|Hospitality|MatchaGotcha,RagePowder,TrickRoom,LifeDew||||||50|,,,,,Dark
|showteam|p2|Ninetales-Alola||FocusSash|SnowWarning|Blizzard,Encore,IcyWind,AuroraVeil|||M|||50|,,,,,Ghost]Kommo-o||ThroatSpray|Overcoat|ClangingScales,Flamethrower,ClangorousSoul,Protect|||F|||50|,,,,,Fire]Arcanine-Hisui||ChoiceBand|Intimidate|FlareBlitz,RockSlide,ExtremeSpeed,HeadSmash|||F|||50|,,,,,Ghost]Basculegion||ChoiceScarf|Adaptability|WaveCrash,LastRespects,FlipTurn,AquaJet|||M|||50|,,,,,Water]Kingambit||AssaultVest|Defiant|SuckerPunch,KowtowCleave,LowKick,IronHead|||M|||50|,,,,,Water]Rillaboom||MiracleSeed|GrassySurge|GrassyGlide,WoodHammer,FakeOut,Taunt|||M|||50|,,,,,Grass
|inactive|Battle timer is ON: inactive players will automatically lose when time's up. (requested by Wesrui)
|j| Upsilon Sul G
|
|t:|1757822563
|teamsize|p1|4
|teamsize|p2|4
|start
|switch|p1a: Archaludon|Archaludon, L50, F|100/100
|switch|p1b: Gholdengo|Gholdengo, L50|100/100
|switch|p2a: Kingambit|Kingambit, L50, M, shiny|100/100
|switch|p2b: Arcanine|Arcanine-Hisui, L50, F|100/100
|-ability|p2b: Arcanine|Intimidate|boost
|-unboost|p1a: Archaludon|atk|1
|-unboost|p1b: Gholdengo|atk|1
|turn|1
|l|☆Escalon209
|inactive|Escalon209 disconnected and has a minute to reconnect!
|player|p1|
|inactive|Escalon209 has 30 seconds left.
|inactive|Wesrui has 30 seconds left.
|inactive|Escalon209 has 20 seconds left.
|inactive|Escalon209 has 15 seconds left.
|j|☆Escalon209
|inactive|Escalon209 reconnected and has 15 seconds left.
|player|p1|Escalon209|striker|
|inactive|Escalon209 has 10 seconds left.
|inactive|Escalon209 has 5 seconds left.
|
|t:|1757822614
|move|p1b: Gholdengo|Trick|p2b: Arcanine
|-activate|p1b: Gholdengo|move: Trick|[of] p2b: Arcanine
|-item|p2b: Arcanine|Choice Scarf|[from] move: Trick
|-item|p1b: Gholdengo|Choice Band|[from] move: Trick
|move|p2b: Arcanine|Flare Blitz|p1a: Archaludon
|-damage|p1a: Archaludon|56/100
|-ability|p1a: Archaludon|Stamina|boost
|-boost|p1a: Archaludon|def|1
|-damage|p2b: Arcanine|84/100|[from] Recoil
|move|p1a: Archaludon|Body Press|p2a: Kingambit
|-supereffective|p2a: Kingambit
|-damage|p2a: Kingambit|0 fnt
|faint|p2a: Kingambit
|
|upkeep
|
|t:|1757822629
|switch|p2a: Kommo-o|Kommo-o, L50, F|100/100
|turn|2
|
|t:|1757822648
|-terastallize|p2a: Kommo-o|Fire
|move|p2b: Arcanine|Flare Blitz|p1b: Gholdengo
|-supereffective|p1b: Gholdengo
|-damage|p1b: Gholdengo|0 fnt
|faint|p1b: Gholdengo
|-damage|p2b: Arcanine|52/100|[from] Recoil
|move|p2a: Kommo-o|Clangorous Soul|p2a: Kommo-o
|-boost|p2a: Kommo-o|atk|1
|-boost|p2a: Kommo-o|def|1
|-boost|p2a: Kommo-o|spa|1
|-boost|p2a: Kommo-o|spd|1
|-boost|p2a: Kommo-o|spe|1
|-damage|p2a: Kommo-o|68/100
|-enditem|p2a: Kommo-o|Throat Spray
|-boost|p2a: Kommo-o|spa|1|[from] item: Throat Spray
|move|p1a: Archaludon|Body Press|p2a: Kommo-o
|-damage|p2a: Kommo-o|47/100
|
|upkeep
|
|t:|1757822666
|switch|p1b: Sinistcha|Sinistcha-Masterpiece, L50|100/100
|-heal|p1a: Archaludon|81/100|[from] ability: Hospitality|[of] p1b: Sinistcha
|turn|3
|
|t:|1757822685
|-terastallize|p1b: Sinistcha|Dark
|move|p2b: Arcanine|Flare Blitz|p1b: Sinistcha
|-damage|p1b: Sinistcha|48/100
|-enditem|p1b: Sinistcha|Sitrus Berry|[eat]
|-heal|p1b: Sinistcha|72/100|[from] item: Sitrus Berry
|-damage|p2b: Arcanine|34/100|[from] Recoil
|move|p2a: Kommo-o|Clanging Scales|p1b: Sinistcha|[spread] p1a,p1b
|-damage|p1a: Archaludon|21/100
|-damage|p1b: Sinistcha|1/100
|-ability|p1a: Archaludon|Stamina|boost
|-boost|p1a: Archaludon|def|1
|-unboost|p2a: Kommo-o|def|1
|move|p1a: Archaludon|Body Press|p2a: Kommo-o
|-damage|p2a: Kommo-o|2/100
|move|p1b: Sinistcha|Trick Room|p1b: Sinistcha
|-fieldstart|move: Trick Room|[of] p1b: Sinistcha
|
|upkeep
|turn|4
|
|t:|1757822709
|move|p2a: Kommo-o|Protect|p2a: Kommo-o
|-singleturn|p2a: Kommo-o|Protect
|move|p1b: Sinistcha|Life Dew|p1b: Sinistcha|[spread] p1a,p1b
|-heal|p1a: Archaludon|46/100
|-heal|p1b: Sinistcha|26/100
|move|p1a: Archaludon|Body Press|p2b: Arcanine
|-supereffective|p2b: Arcanine
|-damage|p2b: Arcanine|0 fnt
|faint|p2b: Arcanine
|
|upkeep
|
|t:|1757822725
|switch|p2b: Rillaboom|Rillaboom, L50, M|100/100
|-fieldstart|move: Grassy Terrain|[from] ability: Grassy Surge|[of] p2b: Rillaboom
|turn|5
|
|t:|1757822746
|move|p2b: Rillaboom|Grassy Glide|p1b: Sinistcha
|-damage|p1b: Sinistcha|0 fnt
|faint|p1b: Sinistcha
|move|p1a: Archaludon|Body Press|p2a: Kommo-o
|-damage|p2a: Kommo-o|0 fnt
|faint|p2a: Kommo-o
|
|-heal|p1a: Archaludon|52/100|[from] Grassy Terrain
|upkeep
|-message|Wesrui forfeited.
|raw|Escalon209's rating: 1203 → 1223(+20 for winning)
|raw|Wesrui's rating: 1139 → 1119(-20 for losing)
|
|win|Escalon209
|c|☆Escalon209|Ggs
|l|☆Wesrui
|player|p2|
|l|☆Escalon209
|player|p1|
