|j|☆sergiovj
|j|☆denaby
|html|sergiovjdenaby    
|uhtml|bestof|Game 1 of a best-of-3
|t:|1782663287
|gametype|doubles
|player|p1|sergiovj|colress|
|player|p2|denaby|sage|
|gen|9
|tier|[Gen 9 Champions] VGC 2026 Reg M-B (Bo3)
|rule|Species Clause: Limit one of each Pokémon
|rule|Item Clause: Limit 1 of each item
|clearpoke
|poke|p1|Snorlax, L50, F|
|poke|p1|Sinistcha, L50|
|poke|p1|Hydreigon, L50, F|
|poke|p1|Charizard, L50, F|
|poke|p1|Grimmsnarl, L50, M|
|poke|p1|Toxapex, L50, M|
|poke|p2|Charizard, L50, M|
|poke|p2|Whimsicott, L50, F|
|poke|p2|Metagross, L50|
|poke|p2|Garchomp, L50, M|
|poke|p2|Kingambit, L50, F|
|poke|p2|Sylveon, L50, M|
|teampreview|4
|showteam|p1|Snorlax||SitrusBerry|ThickFat|Fissure,Yawn,Protect,DoubleEdge|Impish||F|||50|]Sinistcha||ColburBerry|Hospitality|MatchaGotcha,TrickRoom,Protect,RagePowder|Calm|||||50|]Hydreigon||ChoiceScarf|Levitate|HeatWave,DarkPulse,DracoMeteor,Snarl|Modest||F|||50|]Charizard||CharizarditeY|Blaze|Protect,HeatWave,SolarBeam,WeatherBall|Timid||F|||50|]Grimmsnarl||RoseliBerry|Prankster|FakeOut,SpiritBreak,Reflect,PartingShot|Sassy||M|||50|]Toxapex||Leftovers|Regenerator|Infestation,Toxic,BanefulBunker,WideGuard|Bold||M|||50|
|showteam|p2|Charizard||CharizarditeY|Blaze|WeatherBall,HeatWave,SolarBeam,Protect|Modest||M|||50|]Whimsicott||FocusSash|Prankster|Moonblast,Tailwind,Encore,Protect|Timid||F|||50|]Metagross||Metagrossite|ClearBody|IronHead,PsychicFangs,BodyPress,Protect|Jolly|||||50|]Garchomp||LifeOrb|RoughSkin|DragonClaw,StompingTantrum,RockTomb,Protect|Jolly||M|||50|]Kingambit||BlackGlasses|Defiant|SuckerPunch,KowtowCleave,IronHead,Protect|Adamant||F|||50|]Sylveon||FairyFeather|Pixilate|QuickAttack,HyperBeam,HyperVoice,Detect|Modest||M|||50|
|inactive|Battle timer is ON: inactive players will automatically lose when time's up. (requested by sergiovj)
|c|☆sergiovj|suerte!
|c|☆denaby|igualmente
|inactive|sergiovj has 60 seconds left.
|inactive|denaby has 60 seconds left.
|
|t:|1782663343
|teamsize|p1|4
|teamsize|p2|4
|start
|switch|p1a: Charizard|Charizard, L50, F|100/100
|switch|p1b: Grimmsnarl|Grimmsnarl, L50, M|100/100
|switch|p2a: Charizard|Charizard, L50, M|100/100
|switch|p2b: Sylveon|Sylveon, L50, M|100/100
|turn|1
|inactive|sergiovj has 30 seconds left.
|
|t:|1782663368
|detailschange|p1a: Charizard|Charizard-Mega-Y, L50, F
|-mega|p1a: Charizard|Charizard|Charizardite Y
|-weather|SunnyDay|[from] ability: Drought|[of] p1a: Charizard
|detailschange|p2a: Charizard|Charizard-Mega-Y, L50, M
|-mega|p2a: Charizard|Charizard|Charizardite Y
|move|p1b: Grimmsnarl|Fake Out|p2b: Sylveon
|-damage|p2b: Sylveon|87/100
|move|p1a: Charizard|Weather Ball|p2b: Sylveon
|-crit|p2b: Sylveon
|-damage|p2b: Sylveon|0 fnt
|faint|p2b: Sylveon
|move|p2a: Charizard|Weather Ball|p1a: Charizard
|-resisted|p1a: Charizard|1
|-damage|p1a: Charizard|61/100
|
|-weather|SunnyDay|[upkeep]
|upkeep
|
|t:|1782663382
|switch|p2b: Garchomp|Garchomp, L50, M|100/100
|turn|2
|
|t:|1782663393
|move|p1a: Charizard|Protect|p1a: Charizard
|-singleturn|p1a: Charizard|Protect
|move|p1b: Grimmsnarl|Reflect|p1b: Grimmsnarl
|-sidestart|p1: sergiovj|Reflect
|move|p2b: Garchomp|Rock Tomb|p1a: Charizard
|-activate|p1a: Charizard|move: Protect
|move|p2a: Charizard|Weather Ball|p1b: Grimmsnarl
|-damage|p1b: Grimmsnarl|17/100
|
|-weather|SunnyDay|[upkeep]
|upkeep
|turn|3
|inactive|denaby has 30 seconds left.
|
|t:|1782663420
|switch|p1a: Toxapex|Toxapex, L50, M|100/100
|move|p1b: Grimmsnarl|Parting Shot|p2b: Garchomp
|-unboost|p2b: Garchomp|atk|1
|-unboost|p2b: Garchomp|spa|1
|
|t:|1782663429
|switch|p1b: Hydreigon|Hydreigon, L50, F|100/100|[from] Parting Shot
|move|p2b: Garchomp|Rock Tomb|p1a: Toxapex
|-damage|p1a: Toxapex|92/100
|-unboost|p1a: Toxapex|spe|1
|-damage|p2b: Garchomp|90/100|[from] item: Life Orb
|move|p2a: Charizard|Heat Wave|p1b: Hydreigon|[spread] p1a,p1b
|-resisted|p1a: Toxapex|1
|-resisted|p1b: Hydreigon|1
|-damage|p1a: Toxapex|68/100
|-damage|p1b: Hydreigon|64/100
|
|-weather|SunnyDay|[upkeep]
|-heal|p1a: Toxapex|74/100|[from] item: Leftovers
|upkeep
|turn|4
|inactive|sergiovj has 30 seconds left.
|inactive|denaby has 30 seconds left.
|
|t:|1782663458
|move|p1b: Hydreigon|Draco Meteor|p2b: Garchomp
|-supereffective|p2b: Garchomp|1
|-damage|p2b: Garchomp|0 fnt
|-unboost|p1b: Hydreigon|spa|2
|faint|p2b: Garchomp
|move|p2a: Charizard|Solar Beam||[still]
|-prepare|p2a: Charizard|Solar Beam
|-anim|p2a: Charizard|Solar Beam|p1a: Toxapex
|-damage|p1a: Toxapex|38/100
|move|p1a: Toxapex|Toxic|p2a: Charizard
|-status|p2a: Charizard|tox
|
|-weather|SunnyDay|[upkeep]
|-heal|p1a: Toxapex|43/100|[from] item: Leftovers
|-damage|p2a: Charizard|94/100 tox|[from] psn
|upkeep
|
|t:|1782663471
|switch|p2b: Kingambit|Kingambit, L50, F|100/100
|turn|5
|
|t:|1782663487
|switch|p1b: Grimmsnarl|Grimmsnarl, L50, M|17/100
|-heal|p1a: Toxapex|77/100|[from] ability: Regenerator|[silent]
|switch|p1a: Charizard|Charizard-Mega-Y, L50, F|61/100
|move|p2a: Charizard|Weather Ball|p1b: Grimmsnarl
|-damage|p1b: Grimmsnarl|0 fnt
|faint|p1b: Grimmsnarl
|move|p2b: Kingambit|Kowtow Cleave|p1a: Charizard
|-damage|p1a: Charizard|17/100
|
|-weather|none
|-damage|p2a: Charizard|82/100 tox|[from] psn
|upkeep
|inactive|sergiovj has 30 seconds left.
|
|t:|1782663520
|switch|p1b: Hydreigon|Hydreigon, L50, F|64/100
|turn|6
|inactive|denaby has 30 seconds left.
|
|t:|1782663550
|move|p1a: Charizard|Protect|p1a: Charizard
|-singleturn|p1a: Charizard|Protect
|move|p1b: Hydreigon|Heat Wave|p2a: Charizard|[spread] p2a,p2b
|-resisted|p2a: Charizard|1
|-supereffective|p2b: Kingambit|1
|-damage|p2a: Charizard|71/100 tox
|-damage|p2b: Kingambit|48/100
|move|p2a: Charizard|Heat Wave|p1a: Charizard|[spread] p1b
|-activate|p1a: Charizard|move: Protect
|-resisted|p1b: Hydreigon|1
|-damage|p1b: Hydreigon|40/100
|move|p2b: Kingambit|Kowtow Cleave|p1a: Charizard
|-activate|p1a: Charizard|move: Protect
|
|-damage|p2a: Charizard|54/100 tox|[from] psn
|-sideend|p1: sergiovj|Reflect
|upkeep
|turn|7
|
|t:|1782663571
|move|p2b: Kingambit|Sucker Punch|p1a: Charizard
|-damage|p1a: Charizard|0 fnt
|faint|p1a: Charizard
|move|p1b: Hydreigon|Heat Wave|p2b: Kingambit|[spread] p2a,p2b
|-resisted|p2a: Charizard|1
|-supereffective|p2b: Kingambit|1
|-damage|p2a: Charizard|41/100 tox
|-damage|p2b: Kingambit|0 fnt
|faint|p2b: Kingambit
|move|p2a: Charizard|Heat Wave|p1b: Hydreigon
|-resisted|p1b: Hydreigon|1
|-damage|p1b: Hydreigon|12/100
|
|-damage|p2a: Charizard|18/100 tox|[from] psn
|upkeep
|
|t:|1782663582
|switch|p1a: Toxapex|Toxapex, L50, M|77/100
|turn|8
|
|t:|1782663584
|move|p1a: Toxapex|Wide Guard|p1a: Toxapex
|-singleturn|p1a: Toxapex|Wide Guard
|move|p1b: Hydreigon|Heat Wave|p2a: Charizard
|-resisted|p2a: Charizard|1
|-damage|p2a: Charizard|2/100 tox
|move|p2a: Charizard|Heat Wave|p1b: Hydreigon|[spread] 
|-activate|p1a: Toxapex|move: Wide Guard
|-activate|p1b: Hydreigon|move: Wide Guard
|
|-heal|p1a: Toxapex|82/100|[from] item: Leftovers
|-damage|p2a: Charizard|0 fnt|[from] psn
|faint|p2a: Charizard
|
|win|sergiovj
|inactive|sergiovj has 30 seconds to confirm battle start!
|inactive|denaby has 30 seconds to confirm battle start!
|c|☆sergiovj|gg
||sergiovj is ready for game 2.
||denaby is ready for game 2.
|uhtml|next|Next: Game 2 of 3
