|j|☆bancomat 2
|j|☆Biff6
|html|bancomat 2Biff6    
|uhtml|bestof|Game 3 of a best-of-3
|t:|1783346982
|gametype|doubles
|player|p1|bancomat 2|volkner|1088
|player|p2|Biff6|scientist-gen4dp|1062
|gen|9
|tier|[Gen 9 Champions] VGC 2026 Reg M-B (Bo3)
|rated|
|rule|Species Clause: Limit one of each Pokémon
|rule|Item Clause: Limit 1 of each item
|clearpoke
|poke|p1|Kingambit, L50, F, shiny|
|poke|p1|Charizard, L50, M, shiny|
|poke|p1|Floette-Eternal, L50, F|
|poke|p1|Whimsicott, L50, M|
|poke|p1|Garchomp, L50, F, shiny|
|poke|p1|Basculegion, L50, M|
|poke|p2|Gengar, L50, M|
|poke|p2|Incineroar, L50, F|
|poke|p2|Farigiraf, L50, F|
|poke|p2|Torkoal, L50, M|
|poke|p2|Mawile, L50, F|
|poke|p2|Kingambit, L50, F|
|teampreview|4
|showteam|p1|Kingambit||BlackGlasses|Defiant|KowtowCleave,SuckerPunch,LowKick,Protect|Adamant||F|||50|]Charizard||CharizarditeY|SolarPower|HeatWave,WeatherBall,SolarBeam,Protect|Modest||M|||50|]Floette-Eternal||Floettite|FlowerVeil|Moonblast,DazzlingGleam,LightofRuin,Protect|Timid||F|||50|]Whimsicott||FocusSash|Prankster|Moonblast,Tailwind,Encore,Protect|Timid||M|||50|]Garchomp||LifeOrb|RoughSkin|Earthquake,DragonClaw,RockSlide,Protect|Jolly||F|||50|]Basculegion||MysticWater|Adaptability|WaveCrash,AquaJet,LastRespects,Protect|Adamant||M|||50|
|showteam|p2|Gengar||Gengarite|CursedBody|Disable,ShadowBall,PerishSong,Protect|Timid||M|||50|]Incineroar||PasshoBerry|Intimidate|FakeOut,FlareBlitz,PartingShot,Protect|Impish||F|||50|]Farigiraf||ColburBerry|ArmorTail|Psychic,HelpingHand,TrickRoom,Protect|Bold||F|||50|]Torkoal||Charcoal|Drought|Eruption,WeatherBall,EarthPower,Protect|Quiet||M|||50|]Mawile||Mawilite|HyperCutter|PlayRough,IronHead,RockSlide,Protect|Brave||F|||50|]Kingambit||ChopleBerry|Defiant|KowtowCleave,SuckerPunch,IronHead,LowKick|Adamant||F|||50|
|inactive|Battle timer is ON: inactive players will automatically lose when time's up. (requested by Biff6)
|
|t:|1783347003
|teamsize|p1|4
|teamsize|p2|4
|start
|switch|p1a: Kingambit|Kingambit, L50, F, shiny|100/100
|switch|p1b: Charizard|Charizard, L50, M, shiny|100/100
|switch|p2a: Gengar|Gengar, L50, M|100/100
|switch|p2b: Incineroar|Incineroar, L50, F|100/100
|-ability|p2b: Incineroar|Intimidate|boost
|-unboost|p1a: Kingambit|atk|1
|-ability|p1a: Kingambit|Defiant|boost
|-boost|p1a: Kingambit|atk|2
|-unboost|p1b: Charizard|atk|1
|turn|1
|
|t:|1783347018
|detailschange|p1b: Charizard|Charizard-Mega-Y, L50, M, shiny
|-mega|p1b: Charizard|Charizard|Charizardite Y
|-weather|SunnyDay|[from] ability: Drought|[of] p1b: Charizard
|detailschange|p2a: Gengar|Gengar-Mega, L50, M
|-mega|p2a: Gengar|Gengar|Gengarite
|move|p2b: Incineroar|Fake Out|p1a: Kingambit
|-resisted|p1a: Kingambit|1
|-damage|p1a: Kingambit|95/100
|move|p2a: Gengar|Perish Song|p2a: Gengar
|-start|p1a: Kingambit|perish3|[silent]
|-start|p1b: Charizard|perish3|[silent]
|-start|p2a: Gengar|perish3|[silent]
|-start|p2b: Incineroar|perish3|[silent]
|-fieldactivate|move: Perish Song
|move|p1b: Charizard|Heat Wave|p2b: Incineroar|[spread] p2a,p2b
|-resisted|p2b: Incineroar|1
|-damage|p2a: Gengar|34/100
|-damage|p2b: Incineroar|71/100
|cant|p1a: Kingambit|flinch
|
|-weather|SunnyDay|[upkeep]
|-start|p2a: Gengar|perish3
|-start|p1b: Charizard|perish3
|-start|p2b: Incineroar|perish3
|-start|p1a: Kingambit|perish3
|upkeep
|turn|2
|
|t:|1783347038
|move|p2a: Gengar|Protect|p2a: Gengar
|-singleturn|p2a: Gengar|Protect
|move|p1b: Charizard|Heat Wave|p2a: Gengar|[spread] p2b
|-activate|p2a: Gengar|move: Protect
|-resisted|p2b: Incineroar|1
|-damage|p2b: Incineroar|42/100
|move|p2b: Incineroar|Flare Blitz|p1a: Kingambit
|-supereffective|p1a: Kingambit|1
|-damage|p1a: Kingambit|0 fnt
|faint|p1a: Kingambit
|-damage|p2b: Incineroar|4/100|[from] Recoil
|
|-weather|SunnyDay|[upkeep]
|-start|p2a: Gengar|perish2
|-start|p1b: Charizard|perish2
|-start|p2b: Incineroar|perish2
|upkeep
|
|t:|1783347052
|switch|p1a: Garchomp|Garchomp, L50, F, shiny|100/100
|turn|3
|
|t:|1783347067
|switch|p2a: Farigiraf|Farigiraf, L50, F|100/100
|move|p1a: Garchomp|Earthquake|p2a: Farigiraf|[spread] p2a,p2b
|-immune|p1b: Charizard
|-supereffective|p2b: Incineroar|1
|-damage|p2a: Farigiraf|58/100
|-damage|p2b: Incineroar|0 fnt
|faint|p2b: Incineroar
|-damage|p1a: Garchomp|90/100|[from] item: Life Orb
|move|p1b: Charizard|Heat Wave|p2a: Farigiraf|[miss]
|-miss|p1b: Charizard|p2a: Farigiraf
|
|-weather|SunnyDay|[upkeep]
|-start|p1b: Charizard|perish1
|upkeep
|
|t:|1783347081
|switch|p2b: Gengar|Gengar-Mega, L50, M|34/100
|turn|4
|
|t:|1783347089
|move|p2b: Gengar|Protect|p2b: Gengar
|-singleturn|p2b: Gengar|Protect
|move|p2a: Farigiraf|Protect|p2a: Farigiraf
|-singleturn|p2a: Farigiraf|Protect
|move|p1a: Garchomp|Earthquake|p2a: Farigiraf|[spread] 
|-activate|p2a: Farigiraf|move: Protect
|-activate|p2b: Gengar|move: Protect
|-immune|p1b: Charizard
|move|p1b: Charizard|Weather Ball|p2a: Farigiraf
|-activate|p2a: Farigiraf|move: Protect
|
|-weather|SunnyDay|[upkeep]
|-start|p1b: Charizard|perish0
|faint|p1b: Charizard
|upkeep
|
|t:|1783347093
|switch|p1b: Whimsicott|Whimsicott, L50, M|100/100
|turn|5
|inactive|Biff6 has 30 seconds left.
|
|t:|1783347118
|move|p1b: Whimsicott|Moonblast|p2a: Farigiraf
|-damage|p2a: Farigiraf|25/100
|move|p2b: Gengar|Disable|p1a: Garchomp
|-start|p1a: Garchomp|Disable|Earthquake
|cant|p1a: Garchomp|Disable|Earthquake
|move|p2a: Farigiraf|Trick Room|p2a: Farigiraf
|-fieldstart|move: Trick Room|[of] p2a: Farigiraf
|
|-weather|none
|upkeep
|turn|6
|
|t:|1783347138
|switch|p2a: Torkoal|Torkoal, L50, M|100/100
|-weather|SunnyDay|[from] ability: Drought|[of] p2a: Torkoal
|move|p1a: Garchomp|Dragon Claw|p2b: Gengar
|-crit|p2b: Gengar
|-damage|p2b: Gengar|0 fnt
|faint|p2b: Gengar
|-damage|p1a: Garchomp|80/100|[from] item: Life Orb
|move|p1b: Whimsicott|Moonblast|p2a: Torkoal
|-resisted|p2a: Torkoal|1
|-damage|p2a: Torkoal|76/100
|
|-weather|SunnyDay|[upkeep]
|upkeep
|
|t:|1783347150
|switch|p2b: Farigiraf|Farigiraf, L50, F|25/100
|turn|7
|
|t:|1783347156
|move|p2b: Farigiraf|Helping Hand|p2a: Torkoal
|-singleturn|p2a: Torkoal|Helping Hand|[of] p2b: Farigiraf
|move|p1b: Whimsicott|Protect|p1b: Whimsicott
|-singleturn|p1b: Whimsicott|Protect
|move|p1a: Garchomp|Protect|p1a: Garchomp
|-singleturn|p1a: Garchomp|Protect
|move|p2a: Torkoal|Eruption|p1b: Whimsicott|[spread] 
|-activate|p1a: Garchomp|move: Protect
|-activate|p1b: Whimsicott|move: Protect
|
|-weather|SunnyDay|[upkeep]
|upkeep
|turn|8
|
|t:|1783347173
|move|p2a: Torkoal|Eruption|p1a: Garchomp|[spread] p1a,p1b
|-resisted|p1a: Garchomp|1
|-supereffective|p1b: Whimsicott|1
|-damage|p1a: Garchomp|49/100
|-enditem|p1b: Whimsicott|Focus Sash
|-damage|p1b: Whimsicott|1/100
|move|p2b: Farigiraf|Psychic|p1a: Garchomp
|-damage|p1a: Garchomp|12/100
|move|p1a: Garchomp|Rock Slide|p2b: Farigiraf|[spread] p2b
|-miss|p1a: Garchomp|p2a: Torkoal
|-damage|p2b: Farigiraf|6/100
|-damage|p1a: Garchomp|3/100|[from] item: Life Orb
|move|p1b: Whimsicott|Moonblast|p2b: Farigiraf
|-crit|p2b: Farigiraf
|-damage|p2b: Farigiraf|0 fnt
|faint|p2b: Farigiraf
|
|-weather|SunnyDay|[upkeep]
|-end|p1a: Garchomp|Disable
|upkeep
|turn|9
|
|t:|1783347191
|move|p1b: Whimsicott|Protect|p1b: Whimsicott
|-singleturn|p1b: Whimsicott|Protect
|move|p1a: Garchomp|Protect|p1a: Garchomp
|-singleturn|p1a: Garchomp|Protect
|move|p2a: Torkoal|Eruption|p1b: Whimsicott|[spread] 
|-activate|p1a: Garchomp|move: Protect
|-activate|p1b: Whimsicott|move: Protect
|
|-weather|SunnyDay|[upkeep]
|-fieldend|move: Trick Room
|upkeep
|turn|10
|c|☆Biff6|kkkkkkkkkk
|
|t:|1783347207
|move|p2a: Torkoal|Protect|p2a: Torkoal
|-singleturn|p2a: Torkoal|Protect
|move|p1b: Whimsicott|Moonblast|p2a: Torkoal
|-activate|p2a: Torkoal|move: Protect
|move|p1a: Garchomp|Earthquake|p2a: Torkoal|[spread] p1b
|-activate|p2a: Torkoal|move: Protect
|-resisted|p1b: Whimsicott|1
|-damage|p1b: Whimsicott|0 fnt
|faint|p1b: Whimsicott
|-damage|p1a: Garchomp|0 fnt|[from] item: Life Orb
|faint|p1a: Garchomp
|
|win|Biff6
|raw|bancomat 2's rating: 1088 → 1063(-25 for losing)
|raw|Biff6's rating: 1062 → 1095(+33 for winning)
