|j|☆quain4
|j|☆Jakobtc
|html|quain4Jakobtc    
|uhtml|bestof|Game 3 of a best-of-3
|t:|1757699022
|gametype|doubles
|player|p1|quain4|169|1146
|player|p2|Jakobtc|riley|1169
|gen|9
|tier|[Gen 9] VGC 2025 Reg H (Bo3)
|rated|
|rule|Species Clause: Limit one of each Pokémon
|rule|Item Clause: Limit 1 of each item
|clearpoke
|poke|p1|Amoonguss, L50, M|
|poke|p1|Mandibuzz, L50, F|
|poke|p1|Cyclizar, L50, M|
|poke|p1|Archaludon, L50, F|
|poke|p1|Zoroark-Hisui, L50, F|
|poke|p1|Sneasler, L50, F|
|poke|p2|Drifblim, L50, M|
|poke|p2|Indeedee, L50, M|
|poke|p2|Arcanine-Hisui, L50, M|
|poke|p2|Garchomp, L50, F|
|poke|p2|Amoonguss, L50, M|
|poke|p2|Primarina, L50, F|
|teampreview|4
|showteam|p1|Amoonguss||SitrusBerry|Regenerator|Protect,Spore,PollenPuff,RagePowder|||M|||50|,,,,,Psychic]Mandibuzz||AguavBerry|Overcoat|Protect,FoulPlay,Snarl,Tailwind|||F|||50|,,,,,Steel]Cyclizar||DragonFang|Regenerator|DracoMeteor,BodySlam,Protect,ShedTail|||M|||50|,,,,,Steel]Archaludon||PowerHerb|Sturdy|ElectroShot,FlashCannon,DracoMeteor,Protect|||F|||50|,,,,,Electric]Zoroark-Hisui||FocusSash|Illusion|Protect,HyperVoice,NastyPlot,BitterMalice|||F|||50|,,,,,Normal]Sneasler||WhiteHerb|Unburden|Protect,ThroatChop,CloseCombat,DireClaw|||F|||50|,,,,,Dark
|showteam|p2|Drifblim||PsychicSeed|Unburden|Tailwind,StrengthSap,WillOWisp,Acrobatics|||M|||50|,,,,,Grass]Indeedee||FocusSash|PsychicSurge|ExpandingForce,TeraBlast,SkillSwap,Protect|||M|||50|,,,,,Fighting]Arcanine-Hisui||ChoiceBand|Intimidate|RockSlide,FlareBlitz,ExtremeSpeed,CloseCombat|||M|||50|,,,,,Grass]Garchomp||LifeOrb|RoughSkin|StompingTantrum,DragonClaw,Earthquake,Protect|||F|||50|,,,,,Ground]Amoonguss||SitrusBerry|Regenerator|Spore,LeafStorm,RagePowder,Protect|||M|||50|,,,,,Water]Primarina||MysticWater|LiquidVoice|HyperVoice,Moonblast,Haze,Protect|||F|||50|,,,,,Steel
|inactive|Battle timer is ON: inactive players will automatically lose when time's up. (requested by quain4)
|
|t:|1757699049
|teamsize|p1|4
|teamsize|p2|4
|start
|switch|p1a: Mandibuzz|Mandibuzz, L50, F|100/100
|switch|p1b: Sneasler|Sneasler, L50, F|100/100
|switch|p2a: Drifblim|Drifblim, L50, M|100/100
|switch|p2b: Indeedee|Indeedee, L50, M|100/100
|-fieldstart|move: Psychic Terrain|[from] ability: Psychic Surge|[of] p2b: Indeedee
|-enditem|p2a: Drifblim|Psychic Seed
|-boost|p2a: Drifblim|spd|1|[from] item: Psychic Seed
|turn|1
|inactive|Jakobtc has 30 seconds left.
|inactive|quain4 has 30 seconds left.
|
|t:|1757699085
|-terastallize|p1b: Sneasler|Dark
|move|p2b: Indeedee|Protect|p2b: Indeedee
|-singleturn|p2b: Indeedee|Protect
|move|p2a: Drifblim|Tailwind|p2a: Drifblim
|-sidestart|p2: Jakobtc|move: Tailwind
|move|p1a: Mandibuzz|Bitter Malice|p2a: Drifblim
|-supereffective|p2a: Drifblim
|-damage|p2a: Drifblim|49/100
|-unboost|p2a: Drifblim|atk|1
|move|p1b: Sneasler|Close Combat|p2b: Indeedee
|-activate|p2b: Indeedee|move: Protect
|
|upkeep
|turn|2
|
|t:|1757699101
|move|p1b: Sneasler|Protect|p1b: Sneasler
|-singleturn|p1b: Sneasler|Protect
|move|p2a: Drifblim|Will-O-Wisp|p1b: Sneasler
|-activate|p1b: Sneasler|move: Protect
|move|p2b: Indeedee|Expanding Force|p1b: Sneasler|[spread] p1a
|-activate|p1b: Sneasler|move: Protect
|-enditem|p1a: Mandibuzz|Focus Sash
|-damage|p1a: Mandibuzz|1/100
|replace|p1a: Zoroark|Zoroark-Hisui, L50, F
|-end|p1a: Zoroark|Illusion
|move|p1a: Zoroark|Bitter Malice|p2a: Drifblim
|-supereffective|p2a: Drifblim
|-damage|p2a: Drifblim|0 fnt
|faint|p2a: Drifblim
|
|upkeep
|
|t:|1757699120
|switch|p2a: Garchomp|Garchomp, L50, F|100/100
|turn|3
|inactive|Jakobtc has 30 seconds left.
|
|t:|1757699160
|switch|p1b: Mandibuzz|Mandibuzz, L50, F|100/100
|-terastallize|p2a: Garchomp|Ground
|move|p1a: Zoroark|Protect|p1a: Zoroark
|-singleturn|p1a: Zoroark|Protect
|move|p2a: Garchomp|Earthquake|p1a: Zoroark|[spread] p2b
|-activate|p1a: Zoroark|move: Protect
|-immune|p1b: Mandibuzz
|-enditem|p2b: Indeedee|Focus Sash
|-damage|p2b: Indeedee|1/100
|-damage|p2a: Garchomp|91/100|[from] item: Life Orb
|move|p2b: Indeedee|Tera Blast|p1b: Mandibuzz
|-damage|p1b: Mandibuzz|69/100
|
|upkeep
|turn|4
|inactive|quain4 has 30 seconds left.
|inactive|Jakobtc has 30 seconds left.
|
|t:|1757699192
|switch|p1a: Sneasler|Sneasler, L50, F, tera:Dark|100/100
|move|p1b: Mandibuzz|Protect|p1b: Mandibuzz
|-singleturn|p1b: Mandibuzz|Protect
|move|p2a: Garchomp|Dragon Claw|p1b: Mandibuzz
|-activate|p1b: Mandibuzz|move: Protect
|move|p2b: Indeedee|Expanding Force|p1b: Mandibuzz|[spread] 
|-activate|p1b: Mandibuzz|move: Protect
|-immune|p1a: Sneasler
|
|-sideend|p2: Jakobtc|move: Tailwind
|upkeep
|turn|5
|
|t:|1757699213
|switch|p2b: Amoonguss|Amoonguss, L50, M|100/100
|move|p2a: Garchomp|Protect|p2a: Garchomp
|-singleturn|p2a: Garchomp|Protect
|move|p1a: Sneasler|Close Combat|p2a: Garchomp
|-activate|p2a: Garchomp|move: Protect
|move|p1b: Mandibuzz|Foul Play|p2a: Garchomp
|-activate|p2a: Garchomp|move: Protect
|
|-fieldend|move: Psychic Terrain
|upkeep
|turn|6
|inactive|Jakobtc has 30 seconds left.
|
|t:|1757699239
|move|p1a: Sneasler|Protect|p1a: Sneasler
|-singleturn|p1a: Sneasler|Protect
|move|p2b: Amoonguss|Rage Powder|p2b: Amoonguss
|-singleturn|p2b: Amoonguss|move: Rage Powder
|move|p2a: Garchomp|Stomping Tantrum|p1a: Sneasler
|-activate|p1a: Sneasler|move: Protect
|move|p1b: Mandibuzz|Foul Play|p2a: Garchomp
|-damage|p2a: Garchomp|40/100
|-damage|p1b: Mandibuzz|56/100|[from] ability: Rough Skin|[of] p2a: Garchomp
|
|upkeep
|turn|7
|
|t:|1757699256
|move|p2a: Garchomp|Protect|p2a: Garchomp
|-singleturn|p2a: Garchomp|Protect
|move|p1a: Sneasler|Dire Claw|p2b: Amoonguss
|-damage|p2b: Amoonguss|65/100
|move|p1b: Mandibuzz|Foul Play|p2a: Garchomp
|-activate|p2a: Garchomp|move: Protect
|move|p2b: Amoonguss|Spore|p1a: Sneasler
|-status|p1a: Sneasler|slp|[from] move: Spore
|
|upkeep
|turn|8
|inactive|Jakobtc has 30 seconds left.
|
|t:|1757699284
|move|p2a: Garchomp|Protect|p2a: Garchomp
|-singleturn|p2a: Garchomp|Protect
|cant|p1a: Sneasler|slp
|move|p1b: Mandibuzz|Foul Play|p2a: Garchomp
|-activate|p2a: Garchomp|move: Protect
|move|p2b: Amoonguss|Leaf Storm|p1b: Mandibuzz
|-resisted|p1b: Mandibuzz
|-damage|p1b: Mandibuzz|39/100
|-unboost|p2b: Amoonguss|spa|2
|
|upkeep
|turn|9
|
|t:|1757699297
|move|p1b: Mandibuzz|Protect|p1b: Mandibuzz
|-singleturn|p1b: Mandibuzz|Protect
|move|p2b: Amoonguss|Rage Powder|p2b: Amoonguss
|-singleturn|p2b: Amoonguss|move: Rage Powder
|-curestatus|p1a: Sneasler|slp|[msg]
|move|p1a: Sneasler|Close Combat|p2b: Amoonguss
|-resisted|p2b: Amoonguss
|-damage|p2b: Amoonguss|38/100
|-unboost|p1a: Sneasler|def|1
|-unboost|p1a: Sneasler|spd|1
|-enditem|p2b: Amoonguss|Sitrus Berry|[eat]
|-heal|p2b: Amoonguss|63/100|[from] item: Sitrus Berry
|-enditem|p1a: Sneasler|White Herb
|-clearnegativeboost|p1a: Sneasler|[silent]
|move|p2a: Garchomp|Dragon Claw|p1b: Mandibuzz
|-activate|p1b: Mandibuzz|move: Protect
|
|upkeep
|turn|10
|inactive|quain4 has 30 seconds left.
|inactive|Jakobtc has 30 seconds left.
|
|t:|1757699327
|move|p2b: Amoonguss|Rage Powder|p2b: Amoonguss
|-singleturn|p2b: Amoonguss|move: Rage Powder
|move|p1a: Sneasler|Dire Claw|p2b: Amoonguss
|-damage|p2b: Amoonguss|27/100
|move|p2a: Garchomp|Dragon Claw|p1b: Mandibuzz
|-damage|p1b: Mandibuzz|0 fnt
|faint|p1b: Mandibuzz
|-damage|p2a: Garchomp|30/100|[from] item: Life Orb
|
|upkeep
|
|t:|1757699335
|switch|p1b: Archaludon|Archaludon, L50, F|1/100
|turn|11
|
|t:|1757699348
|switch|p2b: Indeedee|Indeedee, L50, M|1/100
|-fieldstart|move: Psychic Terrain|[from] ability: Psychic Surge|[of] p2b: Indeedee
|move|p2a: Garchomp|Protect|p2a: Garchomp
|-singleturn|p2a: Garchomp|Protect
|move|p1a: Sneasler|Dire Claw|p2b: Indeedee
|-damage|p2b: Indeedee|0 fnt
|faint|p2b: Indeedee
|move|p1b: Archaludon|Hyper Voice|p2a: Garchomp
|-activate|p2a: Garchomp|move: Protect
|
|upkeep
|
|t:|1757699360
|switch|p2b: Amoonguss|Amoonguss, L50, M|60/100
|turn|12
|
|t:|1757699377
|move|p1a: Sneasler|Protect|p1a: Sneasler
|-singleturn|p1a: Sneasler|Protect
|move|p1b: Archaludon|Protect|p1b: Archaludon
|-singleturn|p1b: Archaludon|Protect
|move|p2a: Garchomp|Protect||[still]
|-fail|p2a: Garchomp
|move|p2b: Amoonguss|Spore|p1a: Sneasler
|-activate|p1a: Sneasler|move: Protect
|
|upkeep
|turn|13
|inactive|Jakobtc has 30 seconds left.
|inactive|Jakobtc has 20 seconds left.
|inactive|Jakobtc has 15 seconds left.
|
|t:|1757699418
|move|p2a: Garchomp|Protect|p2a: Garchomp
|-singleturn|p2a: Garchomp|Protect
|move|p1a: Sneasler|Dire Claw|p2b: Amoonguss
|-damage|p2b: Amoonguss|25/100
|move|p1b: Archaludon|Hyper Voice|p2a: Garchomp|[spread] p2b
|-activate|p2a: Garchomp|move: Protect
|-damage|p2b: Amoonguss|0 fnt
|faint|p2b: Amoonguss
|
|upkeep
|turn|14
|c|☆Jakobtc|gg
|
|t:|1757699432
|move|p1a: Sneasler|Protect|p1a: Sneasler
|-singleturn|p1a: Sneasler|Protect
|move|p1b: Archaludon|Hyper Voice|p2a: Garchomp
|-damage|p2a: Garchomp|0 fnt
|faint|p2a: Garchomp
|
|win|quain4
|raw|quain4's rating: 1146 → 1173(+27 for winning)
|raw|Jakobtc's rating: 1169 → 1142(-27 for losing)
|l|☆quain4
|player|p1|
