|j|ŌśåSmugplayspkmn
|j|ŌśåTsukiiVGC
|html|SmugplayspkmnTsukiiVGC    
|uhtml|bestof|Game 2 of a best-of-3
|t:|1756944374
|gametype|doubles
|player|p1|Smugplayspkmn|169|1068
|player|p2|TsukiiVGC|riley|1168
|gen|9
|tier|[Gen 9] VGC 2025 Reg H (Bo3)
|rated|
|rule|Species Clause: Limit one of each Pok├®mon
|rule|Item Clause: Limit 1 of each item
|clearpoke
|poke|p1|Whimsicott, L50, M|
|poke|p1|Gholdengo, L50|
|poke|p1|Incineroar, L50, F|
|poke|p1|Ursaluna-Bloodmoon, L50, M|
|poke|p1|Rillaboom, L50, F|
|poke|p1|Rotom-Wash, L50|
|poke|p2|Porygon2, L50|
|poke|p2|Incineroar, L50, F|
|poke|p2|Amoonguss, L50, F|
|poke|p2|Ursaluna, L50, F|
|poke|p2|Pelipper, L50, M|
|poke|p2|Archaludon, L50, M|
|teampreview|4
|showteam|p1|Whimsicott||CovertCloak|Prankster|Tailwind,Encore,Taunt,Moonblast|||M|||50|,,,,,Ghost]Gholdengo||LifeOrb|GoodasGold|NastyPlot,ShadowBall,MakeItRain,Protect||||||50|,,,,,Water]Incineroar||SafetyGoggles|Intimidate|FakeOut,KnockOff,FlareBlitz,PartingShot|||F|||50|,,,,,Bug]Ursaluna-Bloodmoon||AssaultVest|MindsEye|BloodMoon,EarthPower,HyperVoice,VacuumWave|||M|||50|,,,,,Ghost]Rillaboom||MiracleSeed|GrassySurge|Protect,FakeOut,WoodHammer,GrassyGlide|||F|||50|,,,,,Fire]Rotom-Wash||SitrusBerry|Levitate|Protect,VoltSwitch,Electroweb,WillOWisp||||||50|,,,,,Electric
|showteam|p2|Porygon2||Eviolite|Download|TeraBlast,IceBeam,Recover,TrickRoom||||||50|,,,,,Fairy]Incineroar||SafetyGoggles|Intimidate|FakeOut,PartingShot,KnockOff,FlareBlitz|||F|||50|,,,,,Ghost]Amoonguss||SitrusBerry|Regenerator|PollenPuff,Spore,RagePowder,Protect|||F|||50|,,,,,Dark]Ursaluna||FlameOrb|Guts|Facade,HeadlongRush,Substitute,Protect|||F|||50|,,,,,Fairy]Pelipper||RockyHelmet|Drizzle|Hurricane,WeatherBall,WideGuard,Protect|||M|||50|,,,,,Ghost]Archaludon||AssaultVest|Stamina|ElectroShot,DracoMeteor,FlashCannon,BodyPress|||M|||50|,,,,,Grass
|
|t:|1756944385
|teamsize|p1|4
|teamsize|p2|4
|start
|switch|p1a: Ursaluna|Ursaluna-Bloodmoon, L50, M|100/100
|switch|p1b: Incineroar|Incineroar, L50, F|100/100
|switch|p2a: Porygon2|Porygon2, L50|100/100
|switch|p2b: Incineroar|Incineroar, L50, F|100/100
|-ability|p2b: Incineroar|Intimidate|boost
|-unboost|p1a: Ursaluna|atk|1
|-unboost|p1b: Incineroar|atk|1
|-ability|p1b: Incineroar|Intimidate|boost
|-unboost|p2a: Porygon2|atk|1
|-unboost|p2b: Incineroar|atk|1
|-ability|p2a: Porygon2|Download|boost
|-boost|p2a: Porygon2|spa|1
|turn|1
|
|t:|1756944415
|move|p2b: Incineroar|Fake Out|p1b: Incineroar
|-damage|p1b: Incineroar|94/100
|cant|p1b: Incineroar|flinch
|move|p1a: Ursaluna|Blood Moon|p2a: Porygon2
|-damage|p2a: Porygon2|52/100
|move|p2a: Porygon2|Trick Room|p2a: Porygon2
|-fieldstart|move: Trick Room|[of] p2a: Porygon2
|
|upkeep
|turn|2
|
|t:|1756944446
|move|p2a: Porygon2|Ice Beam|p1a: Ursaluna
|-supereffective|p1a: Ursaluna
|-damage|p1a: Ursaluna|30/100
|move|p1b: Incineroar|Knock Off|p2a: Porygon2
|-damage|p2a: Porygon2|36/100
|-enditem|p2a: Porygon2|Eviolite|[from] move: Knock Off|[of] p1b: Incineroar
|move|p2b: Incineroar|Parting Shot|p1b: Incineroar
|-unboost|p1b: Incineroar|atk|1
|-unboost|p1b: Incineroar|spa|1
|
|t:|1756944454
|switch|p2b: Ursaluna|Ursaluna, L50, F|100/100|[from] Parting Shot
|move|p1a: Ursaluna|Earth Power|p2b: Ursaluna
|-damage|p2b: Ursaluna|60/100
|
|-status|p2b: Ursaluna|brn|[from] item: Flame Orb
|upkeep
|turn|3
|
|t:|1756944491
|-terastallize|p1b: Incineroar|Bug
|move|p1a: Ursaluna|Vacuum Wave|p2a: Porygon2
|-supereffective|p2a: Porygon2
|-damage|p2a: Porygon2|6/100
|move|p2b: Ursaluna|Headlong Rush|p1b: Incineroar
|-resisted|p1b: Incineroar
|-damage|p1b: Incineroar|51/100
|-unboost|p2b: Ursaluna|def|1
|-unboost|p2b: Ursaluna|spd|1
|move|p2a: Porygon2|Recover|p2a: Porygon2
|-heal|p2a: Porygon2|56/100
|move|p1b: Incineroar|Parting Shot|p2b: Ursaluna
|-unboost|p2b: Ursaluna|atk|1
|-unboost|p2b: Ursaluna|spa|1
|
|t:|1756944505
|switch|p1b: Rotom|Rotom-Wash, L50|100/100|[from] Parting Shot
|
|-damage|p2b: Ursaluna|54/100 brn|[from] brn
|upkeep
|turn|4
|
|t:|1756944516
|switch|p2b: Amoonguss|Amoonguss, L50, F|100/100
|switch|p1a: Incineroar|Incineroar, L50, F, tera:Bug|51/100
|-ability|p1a: Incineroar|Intimidate|boost
|-unboost|p2a: Porygon2|atk|1
|-unboost|p2b: Amoonguss|atk|1
|move|p2a: Porygon2|Ice Beam|p1a: Incineroar
|-damage|p1a: Incineroar|21/100
|move|p1b: Rotom|Volt Switch|p2a: Porygon2
|-damage|p2a: Porygon2|31/100
|
|t:|1756944528
|switch|p1b: Gholdengo|Gholdengo, L50|100/100|[from] Volt Switch
|
|upkeep
|turn|5
|
|t:|1756944560
|move|p1a: Incineroar|Fake Out|p2a: Porygon2
|-damage|p2a: Porygon2|20/100
|move|p2b: Amoonguss|Pollen Puff|p2a: Porygon2
|-heal|p2a: Porygon2|70/100
|cant|p2a: Porygon2|flinch
|move|p1b: Gholdengo|Nasty Plot|p1b: Gholdengo
|-boost|p1b: Gholdengo|spa|2
|
|-fieldend|move: Trick Room
|upkeep
|turn|6
|
|t:|1756944576
|move|p2b: Amoonguss|Rage Powder|p2b: Amoonguss
|-singleturn|p2b: Amoonguss|move: Rage Powder
|move|p1b: Gholdengo|Make It Rain|p2b: Amoonguss|[spread] p2a,p2b
|-damage|p2a: Porygon2|0 fnt
|-damage|p2b: Amoonguss|0 fnt
|-unboost|p1b: Gholdengo|spa|1
|faint|p2a: Porygon2
|faint|p2b: Amoonguss
|-damage|p1b: Gholdengo|91/100|[from] item: Life Orb
|move|p1a: Incineroar|Knock Off|p2: Porygon2|[notarget]
|-fail|p1a: Incineroar
|
|upkeep
|
|t:|1756944579
|switch|p2a: Ursaluna|Ursaluna, L50, F|54/100 brn
|switch|p2b: Incineroar|Incineroar, L50, F|100/100
|-ability|p2b: Incineroar|Intimidate|boost
|-unboost|p1a: Incineroar|atk|1
|-unboost|p1b: Gholdengo|atk|1
|turn|7
|
|t:|1756944598
|switch|p1a: Rotom|Rotom-Wash, L50|100/100
|move|p2a: Ursaluna|Protect|p2a: Ursaluna
|-singleturn|p2a: Ursaluna|Protect
|move|p1b: Gholdengo|Make It Rain|p2b: Incineroar|[spread] p2b
|-activate|p2a: Ursaluna|move: Protect
|-resisted|p2b: Incineroar
|-damage|p2b: Incineroar|65/100
|-unboost|p1b: Gholdengo|spa|1
|-damage|p1b: Gholdengo|81/100|[from] item: Life Orb
|move|p2b: Incineroar|Flare Blitz|p1a: Rotom
|-resisted|p1a: Rotom
|-damage|p1a: Rotom|81/100
|-damage|p2b: Incineroar|60/100|[from] Recoil
|
|-damage|p2a: Ursaluna|48/100 brn|[from] brn
|upkeep
|turn|8
|
|t:|1756944624
|switch|p1b: Incineroar|Incineroar, L50, F, tera:Bug|21/100
|-ability|p1b: Incineroar|Intimidate|boost
|-unboost|p2a: Ursaluna|atk|1
|-unboost|p2b: Incineroar|atk|1
|-terastallize|p2a: Ursaluna|Fairy
|move|p1a: Rotom|Electroweb|p2a: Ursaluna|[spread] p2a,p2b
|-damage|p2a: Ursaluna|36/100 brn
|-damage|p2b: Incineroar|50/100
|-unboost|p2a: Ursaluna|spe|1
|-unboost|p2b: Incineroar|spe|1
|move|p2b: Incineroar|Parting Shot|p1a: Rotom
|-unboost|p1a: Rotom|atk|1
|-unboost|p1a: Rotom|spa|1
|move|p2a: Ursaluna|Headlong Rush|p1b: Incineroar
|-resisted|p1b: Incineroar
|-damage|p1b: Incineroar|0 fnt
|-unboost|p2a: Ursaluna|def|1
|-unboost|p2a: Ursaluna|spd|1
|faint|p1b: Incineroar
|
|-damage|p2a: Ursaluna|30/100 brn|[from] brn
|upkeep
|c|ŌśåTsukiiVGC|gg
|
|t:|1756944645
|switch|p1b: Gholdengo|Gholdengo, L50|81/100
|turn|9
|c|ŌśåTsukiiVGC|why arenŌĆÖt you higher ladder
|c|ŌśåTsukiiVGC|makes no sense
|
|t:|1756944660
|move|p2a: Ursaluna|Protect|p2a: Ursaluna
|-singleturn|p2a: Ursaluna|Protect
|move|p1b: Gholdengo|Shadow Ball|p2a: Ursaluna
|-activate|p2a: Ursaluna|move: Protect
|move|p1a: Rotom|Electroweb|p2a: Ursaluna|[spread] p2b
|-activate|p2a: Ursaluna|move: Protect
|-damage|p2b: Incineroar|42/100
|-unboost|p2b: Incineroar|spe|1
|move|p2b: Incineroar|Flare Blitz|p1b: Gholdengo
|-supereffective|p1b: Gholdengo
|-damage|p1b: Gholdengo|17/100
|-damage|p2b: Incineroar|23/100|[from] Recoil
|
|-damage|p2a: Ursaluna|24/100 brn|[from] brn
|upkeep
|turn|10
|
|t:|1756944678
|move|p2a: Ursaluna|Protect||[still]
|-fail|p2a: Ursaluna
|move|p1b: Gholdengo|Shadow Ball|p2a: Ursaluna
|-damage|p2a: Ursaluna|0 fnt
|faint|p2a: Ursaluna
|-damage|p1b: Gholdengo|7/100|[from] item: Life Orb
|move|p1a: Rotom|Electroweb|p2b: Incineroar
|-damage|p2b: Incineroar|12/100
|-unboost|p2b: Incineroar|spe|1
|move|p2b: Incineroar|Flare Blitz|p1b: Gholdengo
|-supereffective|p1b: Gholdengo
|-damage|p1b: Gholdengo|0 fnt
|faint|p1b: Gholdengo
|-damage|p2b: Incineroar|10/100|[from] Recoil
|
|upkeep
|
|t:|1756944690
|switch|p1b: Ursaluna|Ursaluna-Bloodmoon, L50, M|30/100
|turn|11
|
|t:|1756944695
|move|p1b: Ursaluna|Vacuum Wave|p2b: Incineroar
|-supereffective|p2b: Incineroar
|-damage|p2b: Incineroar|0 fnt
|faint|p2b: Incineroar
|
|win|Smugplayspkmn
|raw|Smugplayspkmn's rating: 1068 → 1106(+38 for winning)
|raw|TsukiiVGC's rating: 1168 → 1136(-32 for losing)
