|j|☆kyoshi44
|j|☆Sushi1912
|html|kyoshi44Sushi1912    
|uhtml|bestof|Game 1 of a best-of-3
|t:|1757822914
|gametype|doubles
|player|p1|kyoshi44|dawn-gen4pt|1124
|player|p2|Sushi1912|265|1039
|gen|9
|tier|[Gen 9] VGC 2025 Reg H (Bo3)
|rated|
|rule|Species Clause: Limit one of each Pokémon
|rule|Item Clause: Limit 1 of each item
|clearpoke
|poke|p1|Porygon2, L50|
|poke|p1|Hydreigon, L50, F|
|poke|p1|Garchomp, L50, M|
|poke|p1|Amoonguss, L50, F|
|poke|p1|Gholdengo, L50|
|poke|p1|Incineroar, L50, M|
|poke|p2|Dragonite, L50, M|
|poke|p2|Volcarona, L50, F|
|poke|p2|Sneasler, L50, M|
|poke|p2|Rillaboom, L50, M|
|poke|p2|Electabuzz, L50, M|
|poke|p2|Kingambit, L50, M|
|teampreview|4
|showteam|p1|Porygon2||Eviolite|Download|TeraBlast,IceBeam,TrickRoom,Recover||||||50|,,,,,Fighting]Hydreigon||SafetyGoggles|Levitate|Snarl,DracoMeteor,Tailwind,Protect|||F|||50|,,,,,Ghost]Garchomp||LifeOrb|RoughSkin|DragonClaw,Earthquake,StompingTantrum,Protect|||M|||50|,,,,,Steel]Amoonguss||SitrusBerry|Regenerator|PollenPuff,Spore,RagePowder,SludgeBomb|||F|||50|,,,,,Water]Gholdengo||IronPlate|GoodasGold|MakeItRain,ShadowBall,NastyPlot,Protect||||||50|,,,,,Flying]Incineroar||AssaultVest|Intimidate|FlareBlitz,KnockOff,FakeOut,Uturn|||M|||50|,,,,,Ghost
|showteam|p2|Dragonite||LoadedDice|Multiscale|ScaleShot,ExtremeSpeed,Haze,Protect|||M|||50|,,,,,Fairy]Volcarona||CovertCloak|FlameBody|HeatWave,TeraBlast,QuiverDance,Protect|||F|||50|,,,,,Fairy]Sneasler||FocusSash|Unburden|DireClaw,CloseCombat,Coaching,Protect|||M|||50|,,,,,Stellar]Rillaboom||AssaultVest|GrassySurge|WoodHammer,GrassyGlide,HighHorsepower,FakeOut|||M|||50|,,,,,Water]Electabuzz||Eviolite|VitalSpirit|Thunderbolt,Taunt,FollowMe,Protect|||M|||50|,,,,,Ghost]Kingambit||BlackGlasses|Defiant|SuckerPunch,KowtowCleave,SwordsDance,Protect|||M|||50|,,,,,Dark
|inactive|Battle timer is ON: inactive players will automatically lose when time's up. (requested by kyoshi44)
|
|t:|1757822950
|teamsize|p1|4
|teamsize|p2|4
|start
|switch|p1a: Hydreigon|Hydreigon, L50, F|100/100
|switch|p1b: Garchomp|Garchomp, L50, M|100/100
|switch|p2a: Volcarona|Volcarona, L50, F|100/100
|switch|p2b: Rillaboom|Rillaboom, L50, M|100/100
|-fieldstart|move: Grassy Terrain|[from] ability: Grassy Surge|[of] p2b: Rillaboom
|turn|1
|inactive|kyoshi44 has 30 seconds left.
|inactive|Sushi1912 has 30 seconds left.
|inactive|kyoshi44 has 20 seconds left.
|inactive|Sushi1912 has 20 seconds left.
|inactive|kyoshi44 has 15 seconds left.
|
|t:|1757822993
|-terastallize|p2a: Volcarona|Fairy
|move|p1b: Garchomp|Protect|p1b: Garchomp
|-singleturn|p1b: Garchomp|Protect
|move|p1a: Hydreigon|Protect|p1a: Hydreigon
|-singleturn|p1a: Hydreigon|Protect
|move|p2b: Rillaboom|Fake Out|p1b: Garchomp
|-activate|p1b: Garchomp|move: Protect
|move|p2a: Volcarona|Tera Blast|p1a: Hydreigon|[anim] Tera Blast Fairy
|-activate|p1a: Hydreigon|move: Protect
|
|upkeep
|turn|2
|inactive|kyoshi44 has 30 seconds left.
|
|t:|1757823025
|switch|p1a: Gholdengo|Gholdengo, L50|100/100
|-terastallize|p1b: Garchomp|Steel
|move|p2a: Volcarona|Protect|p2a: Volcarona
|-singleturn|p2a: Volcarona|Protect
|move|p1b: Garchomp|Stomping Tantrum|p2a: Volcarona
|-activate|p2a: Volcarona|move: Protect
|move|p2b: Rillaboom|Wood Hammer|p1a: Gholdengo
|-resisted|p1a: Gholdengo
|-damage|p1a: Gholdengo|51/100
|-damage|p2b: Rillaboom|88/100|[from] Recoil
|
|-heal|p1a: Gholdengo|58/100|[from] Grassy Terrain
|-heal|p2b: Rillaboom|94/100|[from] Grassy Terrain
|upkeep
|turn|3
|
|t:|1757823044
|switch|p1b: Hydreigon|Hydreigon, L50, F|100/100
|move|p2a: Volcarona|Heat Wave|p1a: Gholdengo|[spread] p1a,p1b
|-supereffective|p1a: Gholdengo
|-resisted|p1b: Hydreigon
|-damage|p1a: Gholdengo|0 fnt
|-damage|p1b: Hydreigon|82/100
|faint|p1a: Gholdengo
|move|p2b: Rillaboom|High Horsepower|p1b: Hydreigon
|-immune|p1b: Hydreigon|[from] ability: Levitate
|
|-heal|p2b: Rillaboom|99/100|[from] Grassy Terrain
|upkeep
|
|t:|1757823053
|switch|p1a: Porygon2|Porygon2, L50|100/100
|-ability|p1a: Porygon2|Download|boost
|-boost|p1a: Porygon2|atk|1
|turn|4
|
|t:|1757823081
|switch|p2b: Sneasler|Sneasler, L50, M|100/100
|move|p1b: Hydreigon|Tailwind|p1b: Hydreigon
|-sidestart|p1: kyoshi44|move: Tailwind
|move|p1a: Porygon2|Ice Beam|p2b: Sneasler
|-damage|p2b: Sneasler|59/100
|move|p2a: Volcarona|Heat Wave|p1a: Porygon2|[spread] p1a,p1b
|-resisted|p1b: Hydreigon
|-damage|p1a: Porygon2|77/100
|-damage|p1b: Hydreigon|61/100
|
|-heal|p2b: Sneasler|65/100|[from] Grassy Terrain
|-heal|p1a: Porygon2|83/100|[from] Grassy Terrain
|upkeep
|turn|5
|inactive|kyoshi44 has 30 seconds left.
|inactive|Sushi1912 has 30 seconds left.
|
|t:|1757823114
|move|p1b: Hydreigon|Protect|p1b: Hydreigon
|-singleturn|p1b: Hydreigon|Protect
|move|p2b: Sneasler|Protect|p2b: Sneasler
|-singleturn|p2b: Sneasler|Protect
|move|p1a: Porygon2|Tera Blast|p2a: Volcarona
|-damage|p2a: Volcarona|66/100
|move|p2a: Volcarona|Quiver Dance|p2a: Volcarona
|-boost|p2a: Volcarona|spa|1
|-boost|p2a: Volcarona|spd|1
|-boost|p2a: Volcarona|spe|1
|
|-heal|p2a: Volcarona|72/100|[from] Grassy Terrain
|-heal|p2b: Sneasler|71/100|[from] Grassy Terrain
|-heal|p1a: Porygon2|89/100|[from] Grassy Terrain
|-fieldend|move: Grassy Terrain
|upkeep
|turn|6
|inactive|kyoshi44 has 30 seconds left.
|
|t:|1757823148
|move|p1b: Hydreigon|Draco Meteor|p2b: Sneasler|[miss]
|-miss|p1b: Hydreigon|p2b: Sneasler
|move|p2a: Volcarona|Tera Blast|p1b: Hydreigon|[anim] Tera Blast Fairy
|-supereffective|p1b: Hydreigon
|-crit|p1b: Hydreigon
|-damage|p1b: Hydreigon|0 fnt
|faint|p1b: Hydreigon
|move|p2b: Sneasler|Close Combat|p1a: Porygon2
|-supereffective|p1a: Porygon2
|-damage|p1a: Porygon2|0 fnt
|-unboost|p2b: Sneasler|def|1
|-unboost|p2b: Sneasler|spd|1
|faint|p1a: Porygon2
|
|upkeep
|
|t:|1757823154
|switch|p1a: Garchomp|Garchomp, L50, M, tera:Steel|100/100
|turn|7
|
|t:|1757823159
|move|p1a: Garchomp|Earthquake|p2a: Volcarona|[spread] p2a,p2b
|-supereffective|p2b: Sneasler
|-damage|p2a: Volcarona|8/100
|-damage|p2b: Sneasler|0 fnt
|faint|p2b: Sneasler
|-damage|p1a: Garchomp|91/100|[from] item: Life Orb
|move|p2a: Volcarona|Heat Wave|p1a: Garchomp
|-supereffective|p1a: Garchomp
|-damage|p1a: Garchomp|0 fnt
|faint|p1a: Garchomp
|
|win|Sushi1912
|l|☆kyoshi44
|player|p1|
||kyoshi44 is ready for game 2.
||Sushi1912 is ready for game 2.
|uhtml|next|Next: Game 2 of 3
