|j|☆TEST06232026
|j|☆BeatrizPinzon64
|html|TEST06232026BeatrizPinzon64    
|uhtml|bestof|Game 2 of a best-of-3
|t:|1782431112
|gametype|doubles
|player|p1|TEST06232026|101|1040
|player|p2|BeatrizPinzon64|clerkf|1116
|gen|9
|tier|[Gen 9 Champions] VGC 2026 Reg M-B (Bo3)
|rated|
|rule|Species Clause: Limit one of each Pokémon
|rule|Item Clause: Limit 1 of each item
|clearpoke
|poke|p1|Metagross, L50|
|poke|p1|Staraptor, L50, M|
|poke|p1|Skeledirge, L50, F|
|poke|p1|Ninetales-Alola, L50, M|
|poke|p1|Rotom-Wash, L50|
|poke|p1|Garchomp, L50, M|
|poke|p2|Metagross, L50|
|poke|p2|Floette-Eternal, L50, F|
|poke|p2|Whimsicott, L50, M|
|poke|p2|Garchomp, L50, F|
|poke|p2|Kingambit, L50, F|
|poke|p2|Sneasler, L50, M|
|teampreview|4
|showteam|p1|Metagross||Metagrossite|ClearBody|MeteorMash,PsychicFangs,RockSlide,Protect|Adamant|||||50|]Staraptor||Staraptite|Intimidate|CloseCombat,DualWingbeat,Roost,Protect|Jolly||M|||50|]Skeledirge||LifeOrb|Unaware|TorchSong,ShadowBall,EarthPower,Protect|Modest||F|||50|]Ninetales-Alola||FocusSash|SnowWarning|FreezeDry,Blizzard,AuroraVeil,Protect|Timid||M|||50|]Rotom-Wash||SitrusBerry|Levitate|Thunderbolt,HydroPump,WillOWisp,EerieImpulse|Modest|||||50|]Garchomp||ChoiceScarf|RoughSkin|StompingTantrum,Earthquake,DragonClaw,RockSlide|Adamant||M|||50|
|showteam|p2|Metagross||Metagrossite|ClearBody|IcePunch,IronHead,PsychicFangs,Protect|Jolly|||||50|]Floette-Eternal||Floettite|FlowerVeil|LightofRuin,Moonblast,DazzlingGleam,Protect|Timid||F|||50|]Whimsicott||FocusSash|Prankster|Moonblast,Tailwind,EnergyBall,Encore|Timid||M|||50|]Garchomp||LifeOrb|RoughSkin|DragonClaw,RockTomb,StompingTantrum,Protect|Jolly||F|||50|]Kingambit||ChopleBerry|Defiant|SuckerPunch,KowtowCleave,IronHead,Protect|Adamant||F|||50|]Sneasler||WhiteHerb|Unburden|CloseCombat,DireClaw,FakeOut,Protect|Jolly||M|||50|
|
|t:|1782431162
|teamsize|p1|4
|teamsize|p2|4
|start
|switch|p1a: Rotom|Rotom-Wash, L50|100/100
|switch|p1b: Skeledirge|Skeledirge, L50, F|100/100
|switch|p2a: Metagross|Metagross, L50|100/100
|switch|p2b: Whimsicott|Whimsicott, L50, M|100/100
|turn|1
|
|t:|1782431185
|detailschange|p2a: Metagross|Metagross-Mega, L50
|-mega|p2a: Metagross|Metagross|Metagrossite
|move|p2b: Whimsicott|Energy Ball|p1a: Rotom
|-supereffective|p1a: Rotom|1
|-damage|p1a: Rotom|21/100
|-enditem|p1a: Rotom|Sitrus Berry|[eat]
|-heal|p1a: Rotom|46/100|[from] item: Sitrus Berry
|move|p2a: Metagross|Psychic Fangs|p1a: Rotom
|-damage|p1a: Rotom|0 fnt
|faint|p1a: Rotom
|move|p1b: Skeledirge|Torch Song|p2b: Whimsicott
|-supereffective|p2b: Whimsicott|1
|-enditem|p2b: Whimsicott|Focus Sash
|-damage|p2b: Whimsicott|1/100
|-boost|p1b: Skeledirge|spa|1
|-damage|p1b: Skeledirge|90/100|[from] item: Life Orb
|
|upkeep
|
|t:|1782431203
|switch|p1a: Staraptor|Staraptor, L50, M|100/100
|-ability|p1a: Staraptor|Intimidate|boost
|-unboost|p2a: Metagross|atk|1
|-unboost|p2b: Whimsicott|atk|1
|turn|2
|
|t:|1782431216
|move|p1a: Staraptor|Protect|p1a: Staraptor
|-singleturn|p1a: Staraptor|Protect
|move|p2b: Whimsicott|Moonblast|p1a: Staraptor
|-activate|p1a: Staraptor|move: Protect
|move|p2a: Metagross|Psychic Fangs|p1a: Staraptor
|-activate|p1a: Staraptor|move: Protect
|move|p1b: Skeledirge|Torch Song|p2a: Metagross
|-supereffective|p2a: Metagross|1
|-damage|p2a: Metagross|0 fnt
|-boost|p1b: Skeledirge|spa|1
|faint|p2a: Metagross
|-damage|p1b: Skeledirge|80/100|[from] item: Life Orb
|
|upkeep
|
|t:|1782431229
|switch|p2a: Kingambit|Kingambit, L50, F|100/100
|turn|3
|
|t:|1782431250
|detailschange|p1a: Staraptor|Staraptor-Mega, L50, M
|-mega|p1a: Staraptor|Staraptor|Staraptite
|move|p1b: Skeledirge|Protect|p1b: Skeledirge
|-singleturn|p1b: Skeledirge|Protect
|move|p2b: Whimsicott|Encore|p1a: Staraptor
|-start|p1a: Staraptor|Encore
|move|p1a: Staraptor|Protect|p1a: Staraptor
|-singleturn|p1a: Staraptor|Protect
|move|p2a: Kingambit|Sucker Punch||[still]
|-fail|p2a: Kingambit
|
|upkeep
|turn|4
|
|t:|1782431275
|switch|p1a: Garchomp|Garchomp, L50, M|100/100
|move|p2b: Whimsicott|Tailwind|p2b: Whimsicott
|-sidestart|p2: BeatrizPinzon64|move: Tailwind
|move|p2a: Kingambit|Kowtow Cleave|p1b: Skeledirge
|-supereffective|p1b: Skeledirge|1
|-damage|p1b: Skeledirge|0 fnt
|faint|p1b: Skeledirge
|
|upkeep
|
|t:|1782431283
|switch|p1b: Staraptor|Staraptor-Mega, L50, M|100/100
|turn|5
|
|t:|1782431292
|move|p2a: Kingambit|Protect|p2a: Kingambit
|-singleturn|p2a: Kingambit|Protect
|move|p2b: Whimsicott|Moonblast|p1b: Staraptor
|-supereffective|p1b: Staraptor|1
|-damage|p1b: Staraptor|8/100
|move|p1a: Garchomp|Earthquake|p2b: Whimsicott|[spread] p2b
|-activate|p2a: Kingambit|move: Protect
|-immune|p1b: Staraptor
|-resisted|p2b: Whimsicott|1
|-damage|p2b: Whimsicott|0 fnt
|faint|p2b: Whimsicott
|move|p1b: Staraptor|Close Combat|p2a: Kingambit
|-activate|p2a: Kingambit|move: Protect
|
|upkeep
|
|t:|1782431305
|switch|p2b: Garchomp|Garchomp, L50, F|100/100
|turn|6
|
|t:|1782431317
|move|p2b: Garchomp|Dragon Claw|p1b: Staraptor
|-damage|p1b: Staraptor|0 fnt
|faint|p1b: Staraptor
|-damage|p2b: Garchomp|90/100|[from] item: Life Orb
|move|p1a: Garchomp|Earthquake|p2a: Kingambit|[spread] p2a,p2b
|-supereffective|p2a: Kingambit|1
|-damage|p2a: Kingambit|36/100
|-damage|p2b: Garchomp|48/100
|move|p2a: Kingambit|Kowtow Cleave|p1a: Garchomp
|-damage|p1a: Garchomp|44/100
|-damage|p2a: Kingambit|24/100|[from] ability: Rough Skin|[of] p1a: Garchomp
|
|upkeep
|turn|7
|
|t:|1782431335
|move|p2a: Kingambit|Sucker Punch|p1a: Garchomp
|-damage|p1a: Garchomp|1/100
|-damage|p2a: Kingambit|12/100|[from] ability: Rough Skin|[of] p1a: Garchomp
|move|p2b: Garchomp|Dragon Claw|p1a: Garchomp
|-supereffective|p1a: Garchomp|1
|-damage|p1a: Garchomp|0 fnt
|-damage|p2b: Garchomp|36/100|[from] ability: Rough Skin|[of] p1a: Garchomp
|faint|p1a: Garchomp
|-damage|p2b: Garchomp|26/100|[from] item: Life Orb
|
|win|BeatrizPinzon64
|raw|TEST06232026's rating: 1040 → 1027(-13 for losing)
|raw|BeatrizPinzon64's rating: 1116 → 1136(+20 for winning)
|l|☆TEST06232026
|player|p1|
