|j|☆tryson69
|j|☆Somthing123
|html|tryson69Somthing123    
|uhtml|bestof|Game 1 of a best-of-3
|t:|1756729494
|gametype|doubles
|player|p1|tryson69|crasherwake|1200
|player|p2|Somthing123|crasherwake|1112
|gen|9
|tier|[Gen 9] VGC 2025 Reg H (Bo3)
|rated|
|rule|Species Clause: Limit one of each Pokémon
|rule|Item Clause: Limit 1 of each item
|clearpoke
|poke|p1|Typhlosion-Hisui, L50, M|
|poke|p1|Rillaboom, L50, M|
|poke|p1|Primarina, L50, F|
|poke|p1|Archaludon, L50, F|
|poke|p1|Whimsicott, L50, F|
|poke|p1|Pelipper, L50, M|
|poke|p2|Rillaboom, L50, M|
|poke|p2|Primarina, L50, M|
|poke|p2|Garchomp, L50, M|
|poke|p2|Blaziken, L50, M|
|poke|p2|Meowscarada, L50, M|
|poke|p2|Whimsicott, L50, F|
|teampreview|4
|showteam|p1|Typhlosion-Hisui||ChoiceScarf|Blaze|Eruption,HeatWave,Overheat,ShadowBall|||M|||50|,,,,,Fire]Rillaboom||AssaultVest|GrassySurge|WoodHammer,GrassyGlide,HighHorsepower,FakeOut|||M|||50|,,,,,Fire]Primarina||ThroatSpray|LiquidVoice|HyperVoice,Moonblast,Haze,Protect|||F|||50|,,,,,Poison]Archaludon||Leftovers|Stamina|ElectroShot,BodyPress,Protect,DracoMeteor|||F|||50|,,,,,Grass]Whimsicott||CovertCloak|Prankster|Tailwind,Taunt,Moonblast,SunnyDay|||F|||50|,,,,,Water]Pelipper||FocusSash|Drizzle|WeatherBall,Hurricane,WideGuard,Protect|||M|||50|,,,,,Steel
|showteam|p2|Rillaboom||AssaultVest|GrassySurge|FakeOut,GrassPledge,WoodHammer,DrumBeating|||M|||50|,,,,,Grass]Primarina||LifeOrb|LiquidVoice|WaterPledge,HyperVoice,Moonblast,Protect|||M|||50|,,,,,Water]Garchomp||ChoiceBand|RoughSkin|RockSlide,Crunch,DragonClaw,Earthquake|||M|||50|,,,,,Dragon]Blaziken||ClearAmulet|SpeedBoost|FlareBlitz,Protect,CloseCombat,FirePledge|||M|||50|,,,,,Fire]Meowscarada||FocusSash|Protean|Protect,GrassPledge,FlowerTrick,SuckerPunch|||M|||50|,,,,,Grass]Whimsicott||CovertCloak|Prankster|Taunt,Encore,Tailwind,Protect|||F|||50|,,,,,Grass
|
|t:|1756729525
|teamsize|p1|4
|teamsize|p2|4
|start
|switch|p1a: Typhlosion|Typhlosion-Hisui, L50, M|100/100
|switch|p1b: Whimsicott|Whimsicott, L50, F|100/100
|switch|p2a: Primarina|Primarina, L50, M|100/100
|switch|p2b: Meowscarada|Meowscarada, L50, M|100/100
|turn|1
|inactive|Battle timer is ON: inactive players will automatically lose when time's up. (requested by Somthing123)
|
|t:|1756729551
|move|p1a: Typhlosion|Heat Wave|p2a: Primarina|[spread] p2a,p2b
|-resisted|p2a: Primarina
|-supereffective|p2b: Meowscarada
|-damage|p2a: Primarina|83/100
|-enditem|p2b: Meowscarada|Focus Sash
|-damage|p2b: Meowscarada|1/100
|move|p2b: Meowscarada|Grass Pledge|p1a: Typhlosion
|-waiting|p2b: Meowscarada|p2a: Primarina
|move|p2a: Primarina|Water Pledge|p1a: Typhlosion|[from] move: Grass Pledge
|-combine
|-resisted|p1a: Typhlosion
|-damage|p1a: Typhlosion|22/100
|-sidestart|p1: tryson69|Grass Pledge
|-damage|p2a: Primarina|73/100|[from] item: Life Orb
|move|p1b: Whimsicott|Moonblast|p2b: Meowscarada
|-supereffective|p2b: Meowscarada
|-damage|p2b: Meowscarada|0 fnt
|faint|p2b: Meowscarada
|
|upkeep
|
|t:|1756729568
|switch|p2b: Blaziken|Blaziken, L50, M|100/100
|turn|2
|
|t:|1756729592
|switch|p1a: Primarina|Primarina, L50, F|100/100
|move|p2b: Blaziken|Fire Pledge|p1b: Whimsicott
|-supereffective|p1b: Whimsicott
|-damage|p1b: Whimsicott|31/100
|move|p2a: Primarina|Hyper Voice|p1a: Primarina|[spread] p1a,p1b
|-resisted|p1a: Primarina
|-resisted|p1b: Whimsicott
|-damage|p1a: Primarina|78/100
|-damage|p1b: Whimsicott|0 fnt
|faint|p1b: Whimsicott
|-damage|p2a: Primarina|64/100|[from] item: Life Orb
|
|-ability|p2b: Blaziken|Speed Boost|boost
|-boost|p2b: Blaziken|spe|1
|upkeep
|
|t:|1756729603
|switch|p1b: Rillaboom|Rillaboom, L50, M|100/100
|-fieldstart|move: Grassy Terrain|[from] ability: Grassy Surge|[of] p1b: Rillaboom
|turn|3
|
|t:|1756729627
|move|p2b: Blaziken|Protect|p2b: Blaziken
|-singleturn|p2b: Blaziken|Protect
|move|p2a: Primarina|Protect|p2a: Primarina
|-singleturn|p2a: Primarina|Protect
|move|p1b: Rillaboom|Fake Out|p2a: Primarina
|-activate|p2a: Primarina|move: Protect
|move|p1a: Primarina|Hyper Voice|p2a: Primarina|[spread] 
|-activate|p2a: Primarina|move: Protect
|-activate|p2b: Blaziken|move: Protect
|
|-heal|p2a: Primarina|69/100|[from] Grassy Terrain
|-heal|p1a: Primarina|84/100|[from] Grassy Terrain
|-ability|p2b: Blaziken|Speed Boost|boost
|-boost|p2b: Blaziken|spe|1
|upkeep
|turn|4
|
|t:|1756729647
|move|p2b: Blaziken|Flare Blitz|p1b: Rillaboom
|-supereffective|p1b: Rillaboom
|-damage|p1b: Rillaboom|0 fnt
|faint|p1b: Rillaboom
|-damage|p2b: Blaziken|57/100|[from] Recoil
|move|p2a: Primarina|Hyper Voice|p1a: Primarina
|-resisted|p1a: Primarina
|-damage|p1a: Primarina|58/100
|-damage|p2a: Primarina|60/100|[from] item: Life Orb
|move|p1a: Primarina|Hyper Voice|p2a: Primarina|[spread] p2a,p2b
|-resisted|p2a: Primarina
|-supereffective|p2b: Blaziken
|-damage|p2a: Primarina|47/100
|-damage|p2b: Blaziken|0 fnt
|faint|p2b: Blaziken
|-enditem|p1a: Primarina|Throat Spray
|-boost|p1a: Primarina|spa|1|[from] item: Throat Spray
|
|-heal|p2a: Primarina|53/100|[from] Grassy Terrain
|-heal|p1a: Primarina|64/100|[from] Grassy Terrain
|-sideend|p1: tryson69|Grass Pledge
|upkeep
|
|t:|1756729663
|switch|p2b: Whimsicott|Whimsicott, L50, F|100/100
|switch|p1b: Typhlosion|Typhlosion-Hisui, L50, M|22/100
|turn|5
|
|t:|1756729672
|move|p2b: Whimsicott|Tailwind|p2b: Whimsicott
|-sidestart|p2: Somthing123|move: Tailwind
|move|p1b: Typhlosion|Heat Wave|p2a: Primarina|[spread] p2a
|-miss|p1b: Typhlosion|p2b: Whimsicott
|-resisted|p2a: Primarina
|-damage|p2a: Primarina|27/100
|move|p2a: Primarina|Hyper Voice|p1b: Typhlosion|[spread] p1a,p1b
|-resisted|p1a: Primarina
|-supereffective|p1b: Typhlosion
|-damage|p1a: Primarina|42/100
|-damage|p1b: Typhlosion|0 fnt
|faint|p1b: Typhlosion
|-damage|p2a: Primarina|18/100|[from] item: Life Orb
|move|p1a: Primarina|Hyper Voice|p2b: Whimsicott|[spread] p2a,p2b
|-resisted|p2a: Primarina
|-resisted|p2b: Whimsicott
|-damage|p2a: Primarina|0 fnt
|-damage|p2b: Whimsicott|67/100
|faint|p2a: Primarina
|
|-heal|p2b: Whimsicott|73/100|[from] Grassy Terrain
|-heal|p1a: Primarina|48/100|[from] Grassy Terrain
|upkeep
|turn|6
|-message|Somthing123 forfeited.
|
|win|tryson69
|l|☆Somthing123
|player|p2|
||Somthing123 is ready for game 2.
||tryson69 is ready for game 2.
|uhtml|next|Next: Game 2 of 3
