|j|☆CaratroncoSun
|j|☆INKevin
|html|CaratroncoSunINKevin    
|uhtml|bestof|Game 1 of a best-of-3
|t:|1782227008
|gametype|doubles
|player|p1|CaratroncoSun|juan|1155
|player|p2|INKevin|170|1067
|gen|9
|tier|[Gen 9 Champions] VGC 2026 Reg M-B (Bo3)
|rated|
|rule|Species Clause: Limit one of each Pokémon
|rule|Item Clause: Limit 1 of each item
|clearpoke
|poke|p1|Overqwil, L50, M, shiny|
|poke|p1|Swampert, L50, M|
|poke|p1|Pelipper, L50, F|
|poke|p1|Metagross, L50, shiny|
|poke|p1|Sneasler, L50, M|
|poke|p1|Sinistcha-Masterpiece, L50|
|poke|p2|Pyroar, L50, M|
|poke|p2|Whimsicott, L50, M|
|poke|p2|Sneasler, L50, F, shiny|
|poke|p2|Sylveon, L50, F, shiny|
|poke|p2|Staraptor, L50, F, shiny|
|poke|p2|Garchomp, L50, M|
|teampreview|4
|showteam|p1|Overqwil||LifeOrb|SwiftSwim|Protect,PoisonJab,ThroatChop,Liquidation|Adamant||M|||50|]Swampert||Swampertite|Damp|Protect,WaveCrash,HighHorsepower,IcePunch|Adamant||M|||50|]Pelipper||FocusSash|Drizzle|Protect,Tailwind,Hurricane,WeatherBall|Modest||F|||50|]Metagross||Metagrossite|ClearBody|Protect,PsychicFangs,MeteorMash,IcePunch|Jolly|||||50|]Sneasler||WhiteHerb|Unburden|Coaching,FakeOut,DireClaw,CloseCombat|Jolly||M|||50|]Sinistcha-Masterpiece||SitrusBerry|Hospitality|MatchaGotcha,TrickRoom,LifeDew,RagePowder|Bold|||||50|
|showteam|p2|Pyroar||Pyroarite|Rivalry|HeatWave,Flamethrower,FlameCharge,Protect|Naive||M|||50|]Whimsicott||CobaBerry|Prankster|Tailwind,Moonblast,Charm,SunnyDay|Bold||M|||50|]Sneasler||WhiteHerb|Unburden|FakeOut,DireClaw,CloseCombat,Protect|Adamant||F|||50|]Sylveon||FairyFeather|Pixilate|HyperVoice,QuickAttack,HyperBeam,Protect|Modest||F|||50|]Staraptor||Staraptite|Intimidate|CloseCombat,BraveBird,BlazeKick,Protect|Jolly||F|||50|]Garchomp||ChoiceScarf|RoughSkin|Earthquake,DragonClaw,RockSlide,IronHead|Adamant||M|||50|
|inactive|Battle timer is ON: inactive players will automatically lose when time's up. (requested by INKevin)
|
|t:|1782227033
|teamsize|p1|4
|teamsize|p2|4
|start
|switch|p1a: Sneasler|Sneasler, L50, M|100/100
|switch|p1b: Metagross|Metagross, L50, shiny|100/100
|switch|p2a: Whimsicott|Whimsicott, L50, M|100/100
|switch|p2b: Pyroar|Pyroar, L50, M|100/100
|turn|1
|inactive|CaratroncoSun has 30 seconds left.
|inactive|INKevin has 30 seconds left.
|
|t:|1782227059
|switch|p2a: Garchomp|Garchomp, L50, M|100/100
|detailschange|p1b: Metagross|Metagross-Mega, L50, shiny
|-mega|p1b: Metagross|Metagross|Metagrossite
|move|p2b: Pyroar|Protect|p2b: Pyroar
|-singleturn|p2b: Pyroar|Protect
|move|p1a: Sneasler|Fake Out|p2b: Pyroar
|-activate|p2b: Pyroar|move: Protect
|move|p1b: Metagross|Meteor Mash|p2a: Garchomp|[miss]
|-miss|p1b: Metagross|p2a: Garchomp
|
|upkeep
|turn|2
|
|t:|1782227083
|switch|p1a: Pelipper|Pelipper, L50, F|100/100
|-weather|RainDance|[from] ability: Drizzle|[of] p1a: Pelipper
|switch|p2b: Whimsicott|Whimsicott, L50, M|100/100
|move|p1b: Metagross|Protect|p1b: Metagross
|-singleturn|p1b: Metagross|Protect
|move|p2a: Garchomp|Earthquake|p1a: Pelipper|[spread] p2b
|-activate|p1b: Metagross|move: Protect
|-immune|p1a: Pelipper
|-resisted|p2b: Whimsicott|1
|-damage|p2b: Whimsicott|79/100
|
|-weather|RainDance|[upkeep]
|upkeep
|turn|3
|inactive|CaratroncoSun has 30 seconds left.
|
|t:|1782227111
|move|p2b: Whimsicott|Charm|p1b: Metagross
|-unboost|p1b: Metagross|atk|2
|move|p2a: Garchomp|Earthquake|p1b: Metagross|[spread] p2b,p1b
|-immune|p1a: Pelipper
|-resisted|p2b: Whimsicott|1
|-supereffective|p1b: Metagross|1
|-damage|p2b: Whimsicott|57/100
|-damage|p1b: Metagross|34/100
|move|p1b: Metagross|Ice Punch|p2a: Garchomp
|-supereffective|p2a: Garchomp|2
|-damage|p2a: Garchomp|28/100
|-damage|p1b: Metagross|21/100|[from] ability: Rough Skin|[of] p2a: Garchomp
|move|p1a: Pelipper|Tailwind|p1a: Pelipper
|-sidestart|p1: CaratroncoSun|move: Tailwind
|
|-weather|RainDance|[upkeep]
|upkeep
|turn|4
|inactive|INKevin has 30 seconds left.
|
|t:|1782227140
|switch|p2a: Sylveon|Sylveon, L50, F, shiny|100/100
|move|p1b: Metagross|Protect|p1b: Metagross
|-singleturn|p1b: Metagross|Protect
|move|p2b: Whimsicott|Sunny Day|p2b: Whimsicott
|-weather|SunnyDay
|move|p1a: Pelipper|Weather Ball|p2a: Sylveon
|-damage|p2a: Sylveon|62/100
|
|-weather|SunnyDay|[upkeep]
|upkeep
|turn|5
|
|t:|1782227160
|move|p2b: Whimsicott|Tailwind|p2b: Whimsicott
|-sidestart|p2: INKevin|move: Tailwind
|move|p1b: Metagross|Meteor Mash|p2a: Sylveon
|-supereffective|p2a: Sylveon|1
|-damage|p2a: Sylveon|0 fnt
|faint|p2a: Sylveon
|move|p1a: Pelipper|Weather Ball|p2b: Whimsicott
|-supereffective|p2b: Whimsicott|1
|-damage|p2b: Whimsicott|0 fnt
|faint|p2b: Whimsicott
|
|-weather|SunnyDay|[upkeep]
|upkeep
|
|t:|1782227166
|switch|p2b: Garchomp|Garchomp, L50, M|28/100
|switch|p2a: Pyroar|Pyroar, L50, M|100/100
|turn|6
|inactive|CaratroncoSun has 30 seconds left.
|inactive|CaratroncoSun has 20 seconds left.
|
|t:|1782227202
|switch|p1a: Overqwil|Overqwil, L50, M, shiny|100/100
|detailschange|p2a: Pyroar|Pyroar-Mega, L50, M
|-mega|p2a: Pyroar|Pyroar|Pyroarite
|move|p1b: Metagross|Protect|p1b: Metagross
|-singleturn|p1b: Metagross|Protect
|move|p2b: Garchomp|Rock Slide|p1b: Metagross|[spread] p1a
|-activate|p1b: Metagross|move: Protect
|-crit|p1a: Overqwil
|-damage|p1a: Overqwil|60/100
|move|p2a: Pyroar|Heat Wave|p1b: Metagross|[spread] 
|-activate|p1b: Metagross|move: Protect
|-miss|p2a: Pyroar|p1a: Overqwil
|
|-weather|SunnyDay|[upkeep]
|-sideend|p1: CaratroncoSun|move: Tailwind
|upkeep
|turn|7
|inactive|CaratroncoSun has 30 seconds left.
|inactive|CaratroncoSun has 20 seconds left.
|inactive|CaratroncoSun has 15 seconds left.
|inactive|CaratroncoSun has 10 seconds left.
|
|t:|1782227249
|move|p1a: Overqwil|Protect|p1a: Overqwil
|-singleturn|p1a: Overqwil|Protect
|move|p2b: Garchomp|Rock Slide|p1a: Overqwil|[spread] p1b
|-activate|p1a: Overqwil|move: Protect
|-resisted|p1b: Metagross|1
|-damage|p1b: Metagross|13/100
|move|p2a: Pyroar|Heat Wave|p1b: Metagross|[spread] p1b
|-activate|p1a: Overqwil|move: Protect
|-supereffective|p1b: Metagross|1
|-damage|p1b: Metagross|0 fnt
|faint|p1b: Metagross
|
|-weather|SunnyDay|[upkeep]
|upkeep
|
|t:|1782227262
|switch|p1b: Sneasler|Sneasler, L50, M|100/100
|turn|8
|
|t:|1782227279
|switch|p1a: Pelipper|Pelipper, L50, F|100/100
|-weather|RainDance|[from] ability: Drizzle|[of] p1a: Pelipper
|move|p1b: Sneasler|Fake Out|p2a: Pyroar
|-damage|p2a: Pyroar|82/100
|move|p2b: Garchomp|Rock Slide|p1a: Pelipper|[spread] p1b
|-miss|p2b: Garchomp|p1a: Pelipper
|-resisted|p1b: Sneasler|1
|-damage|p1b: Sneasler|83/100
|cant|p2a: Pyroar|flinch
|
|-weather|RainDance|[upkeep]
|-sideend|p2: INKevin|move: Tailwind
|upkeep
|turn|9
|
|t:|1782227303
|move|p2b: Garchomp|Rock Slide|p1b: Sneasler|[spread] p1a,p1b
|-supereffective|p1a: Pelipper|1
|-resisted|p1b: Sneasler|1
|-damage|p1a: Pelipper|43/100
|-damage|p1b: Sneasler|67/100
|move|p2a: Pyroar|Heat Wave|p1a: Pelipper|[spread] p1b
|-miss|p2a: Pyroar|p1a: Pelipper
|-damage|p1b: Sneasler|32/100
|cant|p1b: Sneasler|flinch
|cant|p1a: Pelipper|flinch
|
|-weather|RainDance|[upkeep]
|upkeep
|turn|10
|
|t:|1782227325
|move|p1a: Pelipper|Protect|p1a: Pelipper
|-singleturn|p1a: Pelipper|Protect
|move|p2b: Garchomp|Rock Slide|p1a: Pelipper|[spread] p1b
|-activate|p1a: Pelipper|move: Protect
|-resisted|p1b: Sneasler|1
|-damage|p1b: Sneasler|16/100
|move|p2a: Pyroar|Heat Wave|p1b: Sneasler|[spread] 
|-activate|p1a: Pelipper|move: Protect
|-miss|p2a: Pyroar|p1b: Sneasler
|move|p1b: Sneasler|Close Combat|p2a: Pyroar
|-supereffective|p2a: Pyroar|1
|-damage|p2a: Pyroar|0 fnt
|-unboost|p1b: Sneasler|def|1
|-unboost|p1b: Sneasler|spd|1
|faint|p2a: Pyroar
|-enditem|p1b: Sneasler|White Herb
|-clearnegativeboost|p1b: Sneasler|[silent]
|
|-weather|RainDance|[upkeep]
|upkeep
|turn|11
|
|t:|1782227346
|move|p1b: Sneasler|Close Combat|p2b: Garchomp
|-damage|p2b: Garchomp|0 fnt
|-unboost|p1b: Sneasler|def|1
|-unboost|p1b: Sneasler|spd|1
|-damage|p1b: Sneasler|4/100|[from] ability: Rough Skin|[of] p2b: Garchomp
|faint|p2b: Garchomp
|
|win|CaratroncoSun
