|j|☆Checkmath
|html|RamonTheKillerCheckmath    
|uhtml|bestof|Game 3 of a best-of-3
|t:|1785175548
|gametype|doubles
|player|p1|RamonTheKiller|169|1082
|player|p2|Checkmath|red|1096
|gen|9
|tier|[Gen 9 Champions] VGC 2026 Reg M-B (Bo3)
|rated|
|rule|Species Clause: Limit one of each Pokémon
|rule|Item Clause: Limit 1 of each item
|clearpoke
|poke|p1|Venusaur, L50, M|
|poke|p1|Charizard, L50, M|
|poke|p1|Grimmsnarl, L50, M|
|poke|p1|Archaludon, L50, F|
|poke|p1|Basculegion, L50, M|
|poke|p1|Pelipper, L50, F|
|poke|p2|Charizard, L50, M|
|poke|p2|Archaludon, L50, M|
|poke|p2|Basculegion, L50, M|
|poke|p2|Venusaur, L50, M|
|poke|p2|Grimmsnarl, L50, M|
|poke|p2|Pelipper, L50, M|
|teampreview|4
|showteam|p1|Venusaur||LifeOrb|Chlorophyll|SludgeBomb,WeatherBall,EnergyBall,Protect|Modest||M|||50|]Charizard||CharizarditeY|Blaze|Protect,HeatWave,SolarBeam,WeatherBall|Modest||M|||50|]Grimmsnarl||LightClay|Prankster|SpiritBreak,LightScreen,Reflect,PartingShot|Sassy||M|||50|]Archaludon||Leftovers|Stamina|ElectroShot,DragonPulse,FlashCannon,Protect|Calm||F|||50|]Basculegion||ChoiceScarf|Adaptability|WaveCrash,LastRespects,AquaJet,FlipTurn|Jolly||M|||50|]Pelipper||SitrusBerry|Drizzle|Hurricane,WeatherBall,Tailwind,WideGuard|Modest||F|||50|
|showteam|p2|Charizard||CharizarditeY|SolarPower|HeatWave,WeatherBall,SolarBeam,Protect|Modest||M|||50|]Archaludon||Leftovers|Stamina|FlashCannon,DragonPulse,ElectroShot,Protect|Modest||M|||50|]Basculegion||ChoiceScarf|Adaptability|WaveCrash,LastRespects,FlipTurn,AquaJet|Adamant||M|||50|]Venusaur||Venusaurite|Chlorophyll|SludgeBomb,EarthPower,SleepPowder,Protect|Modest||M|||50|]Grimmsnarl||LightClay|Prankster|LightScreen,Reflect,PartingShot,FoulPlay|Careful||M|||50|]Pelipper||FocusSash|Drizzle|Hurricane,WeatherBall,WideGuard,Tailwind|Timid||M|||50|
|j|☆RamonTheKiller
|player|p1|RamonTheKiller|169|
|
|t:|1785175563
|teamsize|p1|4
|teamsize|p2|4
|start
|switch|p1a: Charizard|Charizard, L50, M|100/100
|switch|p1b: Venusaur|Venusaur, L50, M|100/100
|switch|p2a: Archaludon|Archaludon, L50, M|100/100
|switch|p2b: Grimmsnarl|Grimmsnarl, L50, M|100/100
|turn|1
|
|t:|1785175578
|detailschange|p1a: Charizard|Charizard-Mega-Y, L50, M
|-mega|p1a: Charizard|Charizard|Charizardite Y
|-weather|SunnyDay|[from] ability: Drought|[of] p1a: Charizard
|move|p1a: Charizard|Protect|p1a: Charizard
|-singleturn|p1a: Charizard|Protect
|move|p2a: Archaludon|Protect|p2a: Archaludon
|-singleturn|p2a: Archaludon|Protect
|move|p2b: Grimmsnarl|Light Screen|p2b: Grimmsnarl
|-sidestart|p2: Checkmath|move: Light Screen
|move|p1b: Venusaur|Weather Ball|p2a: Archaludon
|-activate|p2a: Archaludon|move: Protect
|
|-weather|SunnyDay|[upkeep]
|upkeep
|turn|2
|inactive|Battle timer is ON: inactive players will automatically lose when time's up. (requested by RamonTheKiller)
|
|t:|1785175618
|switch|p1a: Grimmsnarl|Grimmsnarl, L50, M|100/100
|move|p2b: Grimmsnarl|Parting Shot|p1a: Grimmsnarl
|-hint|Since gen 7, Dark is immune to Prankster moves.
|-immune|p1a: Grimmsnarl
|move|p1b: Venusaur|Sludge Bomb|p2b: Grimmsnarl
|-supereffective|p2b: Grimmsnarl|1
|-damage|p2b: Grimmsnarl|35/100
|-status|p2b: Grimmsnarl|psn
|-damage|p1b: Venusaur|90/100|[from] item: Life Orb
|move|p2a: Archaludon|Electro Shot||[still]
|-prepare|p2a: Archaludon|Electro Shot
|-boost|p2a: Archaludon|spa|1
|
|-weather|SunnyDay|[upkeep]
|-damage|p2b: Grimmsnarl|23/100 psn|[from] psn
|upkeep
|turn|3
|inactive|Checkmath has 30 seconds left.
|inactive|Checkmath has 20 seconds left.
|
|t:|1785175654
|switch|p2b: Pelipper|Pelipper, L50, M|100/100
|-weather|RainDance|[from] ability: Drizzle|[of] p2b: Pelipper
|move|p1b: Venusaur|Protect|p1b: Venusaur
|-singleturn|p1b: Venusaur|Protect
|move|p2a: Archaludon|Electro Shot|p1a: Grimmsnarl|[from] lockedmove
|-damage|p1a: Grimmsnarl|44/100
|move|p1a: Grimmsnarl|Spirit Break|p2a: Archaludon
|-damage|p2a: Archaludon|77/100
|-unboost|p2a: Archaludon|spa|1
|-ability|p2a: Archaludon|Stamina|boost
|-boost|p2a: Archaludon|def|1
|
|-weather|RainDance|[upkeep]
|-heal|p2a: Archaludon|83/100|[from] item: Leftovers
|upkeep
|turn|4
|
|t:|1785175676
|switch|p2b: Grimmsnarl|Grimmsnarl, L50, M|23/100 psn
|move|p1a: Grimmsnarl|Parting Shot|p2a: Archaludon
|-unboost|p2a: Archaludon|atk|1
|-unboost|p2a: Archaludon|spa|1
|
|t:|1785175681
|switch|p1a: Charizard|Charizard-Mega-Y, L50, M|100/100|[from] Parting Shot
|-weather|SunnyDay|[from] ability: Drought|[of] p1a: Charizard
|move|p1b: Venusaur|Weather Ball|p2a: Archaludon
|-damage|p2a: Archaludon|36/100
|-ability|p2a: Archaludon|Stamina|boost
|-boost|p2a: Archaludon|def|1
|-damage|p1b: Venusaur|80/100|[from] item: Life Orb
|move|p2a: Archaludon|Electro Shot||[still]
|-prepare|p2a: Archaludon|Electro Shot
|-boost|p2a: Archaludon|spa|1
|
|-weather|SunnyDay|[upkeep]
|-heal|p2a: Archaludon|43/100|[from] item: Leftovers
|-damage|p2b: Grimmsnarl|11/100 psn|[from] psn
|upkeep
|turn|5
|inactive|Checkmath has 30 seconds left.
|
|t:|1785175707
|move|p2b: Grimmsnarl|Parting Shot|p1b: Venusaur
|-unboost|p1b: Venusaur|atk|1
|-unboost|p1b: Venusaur|spa|1
|
|t:|1785175712
|switch|p2b: Pelipper|Pelipper, L50, M|100/100|[from] Parting Shot
|-weather|RainDance|[from] ability: Drizzle|[of] p2b: Pelipper
|move|p1a: Charizard|Heat Wave|p2a: Archaludon|[spread] p2a,p2b
|-resisted|p2b: Pelipper|1
|-damage|p2a: Archaludon|28/100
|-damage|p2b: Pelipper|88/100
|-status|p2a: Archaludon|brn
|-ability|p2a: Archaludon|Stamina|boost
|-boost|p2a: Archaludon|def|1
|move|p1b: Venusaur|Weather Ball|p2a: Archaludon
|-resisted|p2a: Archaludon|1
|-damage|p2a: Archaludon|13/100 brn
|-ability|p2a: Archaludon|Stamina|boost
|-boost|p2a: Archaludon|def|1
|-damage|p1b: Venusaur|71/100|[from] item: Life Orb
|move|p2a: Archaludon|Electro Shot|p1a: Charizard|[from] lockedmove
|-supereffective|p1a: Charizard|1
|-damage|p1a: Charizard|31/100
|
|-weather|RainDance|[upkeep]
|-heal|p2a: Archaludon|19/100 brn|[from] item: Leftovers
|-damage|p2a: Archaludon|13/100 brn|[from] brn
|upkeep
|turn|6
|inactive|RamonTheKiller has 30 seconds left.
|inactive|Checkmath has 30 seconds left.
|inactive|Checkmath has 20 seconds left.
|inactive|Checkmath has 15 seconds left.
|inactive|Checkmath has 10 seconds left.
|inactive|Checkmath has 5 seconds left.
|
|t:|1785175763
|move|p1a: Charizard|Heat Wave|p2b: Pelipper|[spread] p2a,p2b
|-resisted|p2b: Pelipper|1
|-damage|p2a: Archaludon|0 fnt
|-damage|p2b: Pelipper|77/100
|faint|p2a: Archaludon
|move|p1b: Venusaur|Energy Ball|p2b: Pelipper
|-damage|p2b: Pelipper|33/100
|-unboost|p2b: Pelipper|spd|1
|-damage|p1b: Venusaur|61/100|[from] item: Life Orb
|move|p2b: Pelipper|Tailwind|p2b: Pelipper
|-sidestart|p2: Checkmath|move: Tailwind
|
|-weather|RainDance|[upkeep]
|upkeep
|
|t:|1785175776
|switch|p2a: Charizard|Charizard, L50, M|100/100
|turn|7
|
|t:|1785175796
|switch|p1a: Basculegion|Basculegion, L50, M|100/100
|detailschange|p2a: Charizard|Charizard-Mega-Y, L50, M
|-mega|p2a: Charizard|Charizard|Charizardite Y
|-weather|SunnyDay|[from] ability: Drought|[of] p2a: Charizard
|move|p1b: Venusaur|Protect|p1b: Venusaur
|-singleturn|p1b: Venusaur|Protect
|move|p2a: Charizard|Weather Ball|p1a: Basculegion
|-resisted|p1a: Basculegion|1
|-damage|p1a: Basculegion|49/100
|move|p2b: Pelipper|Weather Ball|p1b: Venusaur
|-activate|p1b: Venusaur|move: Protect
|
|-weather|SunnyDay|[upkeep]
|upkeep
|turn|8
|inactive|Checkmath has 30 seconds left.
|inactive|Checkmath has 20 seconds left.
|
|t:|1785175836
|switch|p1b: Charizard|Charizard-Mega-Y, L50, M|31/100
|move|p1a: Basculegion|Aqua Jet|p2a: Charizard
|-supereffective|p2a: Charizard|1
|-damage|p2a: Charizard|71/100
|move|p2a: Charizard|Heat Wave|p1a: Basculegion|[spread] p1a,p1b
|-resisted|p1a: Basculegion|1
|-resisted|p1b: Charizard|1
|-damage|p1a: Basculegion|13/100
|-damage|p1b: Charizard|3/100
|move|p2b: Pelipper|Weather Ball|p1a: Basculegion
|-resisted|p1a: Basculegion|1
|-damage|p1a: Basculegion|0 fnt
|faint|p1a: Basculegion
|
|-weather|SunnyDay|[upkeep]
|-sideend|p2: Checkmath|move: Light Screen
|upkeep
|
|t:|1785175850
|switch|p1a: Grimmsnarl|Grimmsnarl, L50, M|44/100
|turn|9
|
|t:|1785175871
|move|p1b: Charizard|Protect|p1b: Charizard
|-singleturn|p1b: Charizard|Protect
|move|p1a: Grimmsnarl|Light Screen|p1a: Grimmsnarl
|-sidestart|p1: RamonTheKiller|move: Light Screen
|move|p2a: Charizard|Heat Wave|p1b: Charizard|[spread] p1a
|-activate|p1b: Charizard|move: Protect
|-damage|p1a: Grimmsnarl|7/100
|move|p2b: Pelipper|Weather Ball|p1a: Grimmsnarl
|-damage|p1a: Grimmsnarl|0 fnt
|faint|p1a: Grimmsnarl
|
|-weather|SunnyDay|[upkeep]
|-sideend|p2: Checkmath|move: Tailwind
|upkeep
|
|t:|1785175882
|switch|p1a: Venusaur|Venusaur, L50, M|61/100
|turn|10
|
|t:|1785175906
|move|p1a: Venusaur|Sludge Bomb|p2a: Charizard
|-damage|p2a: Charizard|22/100
|-status|p2a: Charizard|psn
|-damage|p1a: Venusaur|52/100|[from] item: Life Orb
|move|p2a: Charizard|Heat Wave|p1b: Charizard|[spread] p1a,p1b
|-supereffective|p1a: Venusaur|1
|-resisted|p1b: Charizard|1
|-damage|p1a: Venusaur|0 fnt
|-damage|p1b: Charizard|0 fnt
|faint|p1a: Venusaur
|faint|p1b: Charizard
|
|win|Checkmath
|raw|RamonTheKiller's rating: 1082 → 1061(-21 for losing)
|raw|Checkmath's rating: 1096 → 1121(+25 for winning)
