|j|☆2BStellar
|j|☆rustychair13
|html|2BStellarrustychair13    
|uhtml|bestof|Game 1 of a best-of-3
|t:|1785972683
|gametype|doubles
|player|p1|2BStellar|hilbert-wonderlauncher|1194
|player|p2|rustychair13|1|1324
|gen|9
|tier|[Gen 9 Champions] VGC 2026 Reg M-B (Bo3)
|rated|
|rule|Species Clause: Limit one of each Pokémon
|rule|Item Clause: Limit 1 of each item
|clearpoke
|poke|p1|Sylveon, L50, F, shiny|
|poke|p1|Garchomp, L50, M, shiny|
|poke|p1|Kingambit, L50, M, shiny|
|poke|p1|Charizard, L50, M, shiny|
|poke|p1|Aerodactyl, L50, M, shiny|
|poke|p1|Farigiraf, L50, F, shiny|
|poke|p2|Glimmora, L50, F, shiny|
|poke|p2|Whimsicott, L50, M|
|poke|p2|Gholdengo, L50|
|poke|p2|Raichu, L50, M|
|poke|p2|Scovillain, L50, M|
|poke|p2|Pelipper, L50, M|
|teampreview|4
|showteam|p1|Sylveon||FairyFeather|Pixilate|Detect,HyperVoice,QuickAttack,HyperBeam|Modest||F|||50|]Garchomp||LifeOrb|RoughSkin|Protect,Earthquake,DragonClaw,StoneEdge|Jolly||M|||50|]Kingambit||FocusSash|Defiant|SuckerPunch,KowtowCleave,IronHead,BrickBreak|Jolly||M|||50|]Charizard||CharizarditeY|Blaze|Protect,HeatWave,SolarBeam,WeatherBall|Modest||M|||50|]Aerodactyl||Aerodactylite|Unnerve|Tailwind,RockSlide,IceFang,DualWingbeat|Jolly||M|||50|]Farigiraf||SitrusBerry|ArmorTail|Protect,Thunderbolt,TwinBeam,TrickRoom|Bold||F|||50|
|showteam|p2|Glimmora||FocusSash|ToxicDebris|SludgeBomb,PowerGem,EarthPower,SpikyShield|Modest||F|||50|]Whimsicott||FairyFeather|Prankster|Moonblast,Tailwind,Encore,Protect|Modest||M|||50|]Gholdengo||Leftovers|GoodasGold|MakeItRain,Hex,NastyPlot,Protect|Modest|||||50|]Raichu||RaichuniteY|LightningRod|ZapCannon,FocusBlast,FakeOut,Protect|Timid||M|||50|]Scovillain||Scovillainite|Moody|Flamethrower,LeechSeed,RagePowder,Protect|Calm||M|||50|]Pelipper||LifeOrb|Drizzle|WeatherBall,Hurricane,WideGuard,Protect|Modest||M|||50|
|inactive|Battle timer is ON: inactive players will automatically lose when time's up. (requested by rustychair13)
|inactive|2BStellar has 60 seconds left.
|
|t:|1785972757
|teamsize|p1|4
|teamsize|p2|4
|start
|switch|p1a: piano|Garchomp, L50, M, shiny|100/100
|switch|p1b: AAAAAA|Aerodactyl, L50, M, shiny|100/100
|switch|p2a: Scovillain|Scovillain, L50, M|100/100
|switch|p2b: Glimmora|Glimmora, L50, F, shiny|100/100
|-ability|p1b: AAAAAA|Unnerve
|turn|1
|
|t:|1785972781
|detailschange|p2a: Scovillain|Scovillain-Mega, L50, M
|-mega|p2a: Scovillain|Scovillain|Scovillainite
|move|p2b: Glimmora|Spiky Shield|p2b: Glimmora
|-singleturn|p2b: Glimmora|move: Protect
|move|p1b: AAAAAA|Tailwind|p1b: AAAAAA
|-sidestart|p1: 2BStellar|move: Tailwind
|move|p1a: piano|Earthquake|p2a: Scovillain|[spread] p2a
|-activate|p2b: Glimmora|move: Protect
|-immune|p1b: AAAAAA
|-damage|p2a: Scovillain|46/100
|-status|p1a: piano|brn|[from] ability: Spicy Spray|[of] p2a: Scovillain
|-damage|p1a: piano|90/100 brn|[from] item: Life Orb
|move|p2a: Scovillain|Leech Seed|p1a: piano
|-start|p1a: piano|move: Leech Seed
|
|-damage|p1a: piano|77/100 brn|[from] Leech Seed|[of] p2a: Scovillain
|-heal|p2a: Scovillain|60/100|[silent]
|-damage|p1a: piano|71/100 brn|[from] brn
|upkeep
|turn|2
|inactive|2BStellar has 30 seconds left.
|
|t:|1785972813
|switch|p1b: giraf|Farigiraf, L50, F, shiny|100/100
|switch|p2b: Whimsicott|Whimsicott, L50, M|100/100
|move|p2a: Scovillain|Protect|p2a: Scovillain
|-singleturn|p2a: Scovillain|Protect
|move|p1a: piano|Earthquake|p2b: Whimsicott|[spread] p1b,p2b
|-activate|p2a: Scovillain|move: Protect
|-resisted|p2b: Whimsicott|1
|-damage|p1b: giraf|80/100
|-damage|p2b: Whimsicott|84/100
|-damage|p1a: piano|62/100 brn|[from] item: Life Orb
|
|-damage|p1a: piano|49/100 brn|[from] Leech Seed|[of] p2a: Scovillain
|-heal|p2a: Scovillain|73/100|[silent]
|-damage|p1a: piano|43/100 brn|[from] brn
|upkeep
|turn|3
|
|t:|1785972837
|move|p1a: piano|Protect|p1a: piano
|-singleturn|p1a: piano|Protect
|move|p1b: giraf|Twin Beam|p2b: Whimsicott
|-damage|p2b: Whimsicott|58/100
|-damage|p2b: Whimsicott|34/100
|-hitcount|p2b: Whimsicott|2
|move|p2b: Whimsicott|Moonblast|p1b: giraf
|-damage|p1b: giraf|38/100
|-enditem|p1b: giraf|Sitrus Berry|[eat]
|-heal|p1b: giraf|63/100|[from] item: Sitrus Berry
|move|p2a: Scovillain|Leech Seed|p1b: giraf
|-start|p1b: giraf|move: Leech Seed
|
|-damage|p1a: piano|31/100 brn|[from] Leech Seed|[of] p2a: Scovillain
|-heal|p2a: Scovillain|87/100|[silent]
|-damage|p1b: giraf|50/100g|[from] Leech Seed|[of] p2a: Scovillain
|-heal|p2a: Scovillain|100/100|[silent]
|-damage|p1a: piano|25/100 brn|[from] brn
|upkeep
|turn|4
|inactive|2BStellar has 30 seconds left.
|inactive|rustychair13 has 30 seconds left.
|
|t:|1785972865
|switch|p1a: zzzzzz|Charizard, L50, M, shiny|100/100
|move|p2b: Whimsicott|Protect|p2b: Whimsicott
|-singleturn|p2b: Whimsicott|Protect
|move|p1b: giraf|Protect|p1b: giraf
|-singleturn|p1b: giraf|Protect
|move|p2a: Scovillain|Flamethrower|p1b: giraf
|-activate|p1b: giraf|move: Protect
|
|-damage|p1b: giraf|38/100|[from] Leech Seed|[of] p2a: Scovillain
|-sideend|p1: 2BStellar|move: Tailwind
|upkeep
|turn|5
|inactive|2BStellar has 30 seconds left.
|
|t:|1785972898
|detailschange|p1a: zzzzzz|Charizard-Mega-Y, L50, M, shiny
|-mega|p1a: zzzzzz|Charizard|Charizardite Y
|-weather|SunnyDay|[from] ability: Drought|[of] p1a: zzzzzz
|move|p2b: Whimsicott|Tailwind|p2b: Whimsicott
|-sidestart|p2: rustychair13|move: Tailwind
|move|p2a: Scovillain|Flamethrower|p1b: giraf
|-crit|p1b: giraf
|-damage|p1b: giraf|0 fnt
|faint|p1b: giraf
|move|p1a: zzzzzz|Weather Ball|p2a: Scovillain
|-damage|p2a: Scovillain|22/100
|-immune|p1a: zzzzzz
|
|-weather|SunnyDay|[upkeep]
|upkeep
|
|t:|1785972916
|switch|p1b: AAAAAA|Aerodactyl, L50, M, shiny|100/100
|-ability|p1b: AAAAAA|Unnerve
|turn|6
|
|t:|1785972930
|move|p2b: Whimsicott|Moonblast|p1b: AAAAAA
|-damage|p1b: AAAAAA|38/100
|move|p1b: AAAAAA|Tailwind|p1b: AAAAAA
|-sidestart|p1: 2BStellar|move: Tailwind
|move|p1a: zzzzzz|Heat Wave|p2b: Whimsicott|[spread] p2a,p2b
|-supereffective|p2b: Whimsicott|1
|-crit|p2b: Whimsicott
|-damage|p2a: Scovillain|0 fnt
|-damage|p2b: Whimsicott|0 fnt
|-immune|p1a: zzzzzz
|faint|p2a: Scovillain
|faint|p2b: Whimsicott
|
|-weather|SunnyDay|[upkeep]
|upkeep
|
|t:|1785972937
|switch|p2b: Glimmora|Glimmora, L50, F, shiny|100/100
|switch|p2a: Pelipper|Pelipper, L50, M|100/100
|-weather|RainDance|[from] ability: Drizzle|[of] p2a: Pelipper
|turn|7
|
|t:|1785972957
|switch|p1a: piano|Garchomp, L50, M, shiny|25/100 brn
|move|p2a: Pelipper|Wide Guard|p2a: Pelipper
|-singleturn|p2a: Pelipper|Wide Guard
|move|p1b: AAAAAA|Rock Slide|p2a: Pelipper|[spread] 
|-activate|p2a: Pelipper|move: Wide Guard
|-activate|p2b: Glimmora|move: Wide Guard
|move|p2b: Glimmora|Power Gem|p1a: piano
|-resisted|p1a: piano|1
|-damage|p1a: piano|0 fnt
|faint|p1a: piano
|
|-weather|RainDance|[upkeep]
|upkeep
|
|t:|1785972964
|switch|p1a: zzzzzz|Charizard-Mega-Y, L50, M, shiny|100/100
|-weather|SunnyDay|[from] ability: Drought|[of] p1a: zzzzzz
|turn|8
|inactive|2BStellar has 30 seconds left.
|inactive|2BStellar has 20 seconds left.
|inactive|2BStellar has 15 seconds left.
|inactive|2BStellar has 10 seconds left.
|
|t:|1785973013
|move|p2b: Glimmora|Spiky Shield|p2b: Glimmora
|-singleturn|p2b: Glimmora|move: Protect
|move|p1b: AAAAAA|Dual Wingbeat|p2b: Glimmora
|-activate|p2b: Glimmora|move: Protect
|-damage|p1b: AAAAAA|25/100|[from] Spiky Shield|[of] p2b: Glimmora
|move|p1a: zzzzzz|Solar Beam||[still]
|-prepare|p1a: zzzzzz|Solar Beam
|-anim|p1a: zzzzzz|Solar Beam|p2b: Glimmora
|-activate|p2b: Glimmora|move: Protect
|move|p2a: Pelipper|Weather Ball|p1b: AAAAAA
|-resisted|p1b: AAAAAA|1
|-damage|p1b: AAAAAA|0 fnt
|faint|p1b: AAAAAA
|-damage|p2a: Pelipper|90/100|[from] item: Life Orb
|
|-weather|SunnyDay|[upkeep]
|-sideend|p2: rustychair13|move: Tailwind
|upkeep
|turn|9
|
|t:|1785973027
|move|p1a: zzzzzz|Solar Beam||[still]
|-prepare|p1a: zzzzzz|Solar Beam
|-anim|p1a: zzzzzz|Solar Beam|p2b: Glimmora
|-damage|p2b: Glimmora|44/100
|move|p2b: Glimmora|Power Gem|p1a: zzzzzz
|-supereffective|p1a: zzzzzz|2
|-damage|p1a: zzzzzz|0 fnt
|faint|p1a: zzzzzz
|
|win|rustychair13
||2BStellar is ready for game 2.
||rustychair13 is ready for game 2.
|uhtml|next|Next: Game 2 of 3
