|j|☆OssiGT
|j|☆belac121
|html|OssiGTbelac121    
|uhtml|bestof|Game 1 of a best-of-3
|t:|1783691698
|gametype|doubles
|player|p1|OssiGT|colress|1156
|player|p2|belac121|clemont|1247
|gen|9
|tier|[Gen 9 Champions] VGC 2026 Reg M-B (Bo3)
|rated|
|rule|Species Clause: Limit one of each Pokémon
|rule|Item Clause: Limit 1 of each item
|clearpoke
|poke|p1|Raichu, L50, M|
|poke|p1|Mawile, L50, M|
|poke|p1|Sinistcha, L50|
|poke|p1|Ceruledge, L50, F|
|poke|p1|Milotic, L50, F|
|poke|p1|Incineroar, L50, M|
|poke|p2|Swampert, L50, M|
|poke|p2|Sneasler, L50, F|
|poke|p2|Kingambit, L50, M|
|poke|p2|Sinistcha, L50|
|poke|p2|Pelipper, L50, M|
|poke|p2|Eelektross, L50, F|
|teampreview|4
|showteam|p1|Raichu||RaichuniteY|LightningRod|ZapCannon,FocusBlast,FakeOut,Protect|Timid||M|||50|]Mawile||Mawilite|HyperCutter|PlayRough,SuckerPunch,SwordsDance,Protect|Adamant||M|||50|]Sinistcha||KasibBerry|Hospitality|MatchaGotcha,LifeDew,RagePowder,Protect|Relaxed|||||50|]Ceruledge||ColburBerry|FlashFire|BitterBlade,ShadowSneak,BulkUp,Protect|Adamant||F|||50|]Milotic||Leftovers|Competitive|MuddyWater,Coil,Hypnosis,Protect|Calm||F|||50|]Incineroar||SitrusBerry|Intimidate|FlareBlitz,ThroatChop,FakeOut,PartingShot|Impish||M|||50|
|showteam|p2|Swampert||Swampertite|Torrent|WaveCrash,IcePunch,HighHorsepower,Protect|Adamant||M|||50|]Sneasler||WhiteHerb|Unburden|DireClaw,CloseCombat,FakeOut,Protect|Adamant||F|||50|]Kingambit||ChopleBerry|Defiant|KowtowCleave,SuckerPunch,IronHead,Protect|Adamant||M|||50|]Sinistcha||SitrusBerry|Hospitality|MatchaGotcha,ShadowBall,RagePowder,Protect|Bold|||||50|]Pelipper||FocusSash|Drizzle|WeatherBall,Hurricane,Tailwind,Protect|Timid||M|||50|]Eelektross||Eelektrossite|Levitate|Discharge,GrassKnot,EerieImpulse,Protect|Modest||F|||50|
|inactive|Battle timer is ON: inactive players will automatically lose when time's up. (requested by OssiGT)
|
|t:|1783691737
|teamsize|p1|4
|teamsize|p2|4
|start
|switch|p1a: Milotic|Milotic, L50, F|100/100
|switch|p1b: Incineroar|Incineroar, L50, M|100/100
|switch|p2a: Sneasler|Sneasler, L50, F|100/100
|switch|p2b: Swampert|Swampert, L50, M|100/100
|-ability|p1b: Incineroar|Intimidate|boost
|-unboost|p2a: Sneasler|atk|1
|-unboost|p2b: Swampert|atk|1
|-enditem|p2a: Sneasler|White Herb
|-clearnegativeboost|p2a: Sneasler|[silent]
|turn|1
|
|t:|1783691748
|switch|p2b: Eelektross|Eelektross, L50, F|100/100
|switch|p1b: Sinistcha|Sinistcha, L50|100/100
|move|p2a: Sneasler|Fake Out|p1a: Milotic
|-damage|p1a: Milotic|88/100
|cant|p1a: Milotic|flinch
|
|-heal|p1a: Milotic|94/100|[from] item: Leftovers
|upkeep
|turn|2
|inactive|belac121 has 30 seconds left.
|
|t:|1783691774
|switch|p2a: Swampert|Swampert, L50, M|100/100
|switch|p1b: Raichu|Raichu, L50, M|100/100
|detailschange|p2b: Eelektross|Eelektross-Mega, L50, F
|-mega|p2b: Eelektross|Eelektross|Eelektrossite
|move|p2b: Eelektross|Discharge|p1a: Milotic|[spread] p1a
|-ability|p1b: Raichu|Lightning Rod|boost
|-boost|p1b: Raichu|spa|1
|-immune|p2a: Swampert
|-supereffective|p1a: Milotic|1
|-damage|p1a: Milotic|48/100
|-status|p1a: Milotic|par
|move|p1a: Milotic|Coil|p1a: Milotic
|-boost|p1a: Milotic|atk|1
|-boost|p1a: Milotic|def|1
|-boost|p1a: Milotic|accuracy|1
|
|-heal|p1a: Milotic|54/100 par|[from] item: Leftovers
|upkeep
|turn|3
|inactive|OssiGT has 30 seconds left.
|inactive|belac121 has 30 seconds left.
|
|t:|1783691809
|move|p1b: Raichu|Fake Out|p2b: Eelektross
|-damage|p2b: Eelektross|91/100
|move|p2a: Swampert|Wave Crash|p1b: Raichu
|-damage|p1b: Raichu|5/100
|-damage|p2a: Swampert|71/100|[from] Recoil
|cant|p2b: Eelektross|flinch
|move|p1a: Milotic|Hypnosis|p2a: Swampert
|-status|p2a: Swampert|slp|[from] move: Hypnosis
|
|-heal|p1a: Milotic|60/100 par|[from] item: Leftovers
|upkeep
|turn|4
|
|t:|1783691823
|switch|p1b: Sinistcha|Sinistcha, L50|100/100
|-heal|p1a: Milotic|85/100 par|[from] ability: Hospitality|[of] p1b: Sinistcha
|cant|p2a: Swampert|slp
|move|p2b: Eelektross|Grass Knot|p1a: Milotic
|-supereffective|p1a: Milotic|1
|-damage|p1a: Milotic|31/100 par
|move|p1a: Milotic|Muddy Water|p2a: Swampert|[spread] p2a,p2b
|-damage|p2a: Swampert|44/100 slp
|-damage|p2b: Eelektross|67/100
|-unboost|p2a: Swampert|accuracy|1
|
|-heal|p1a: Milotic|37/100 par|[from] item: Leftovers
|upkeep
|turn|5
|inactive|belac121 has 30 seconds left.
|inactive|belac121 has 20 seconds left.
|
|t:|1783691866
|switch|p1a: Raichu|Raichu, L50, M|5/100
|-curestatus|p2a: Swampert|slp|[msg]
|move|p2a: Swampert|Ice Punch|p1b: Sinistcha
|-supereffective|p1b: Sinistcha|1
|-damage|p1b: Sinistcha|55/100
|-status|p1b: Sinistcha|frz
|move|p2b: Eelektross|Discharge|p1a: Raichu|[spread] p1b
|-ability|p1a: Raichu|Lightning Rod|boost
|-boost|p1a: Raichu|spa|1
|-immune|p2a: Swampert
|-resisted|p1b: Sinistcha|1
|-damage|p1b: Sinistcha|38/100 frz
|-curestatus|p1b: Sinistcha|frz|[from] move: Matcha Gotcha
|move|p1b: Sinistcha|Matcha Gotcha|p2a: Swampert|[spread] p2a,p2b
|-supereffective|p2a: Swampert|2
|-damage|p2a: Swampert|0 fnt
|-heal|p1b: Sinistcha|60/100|[from] drain|[of] p2a: Swampert
|-damage|p2b: Eelektross|42/100
|-heal|p1b: Sinistcha|73/100|[from] drain|[of] p2b: Eelektross
|faint|p2a: Swampert
|
|upkeep
|
|t:|1783691873
|switch|p2a: Sneasler|Sneasler, L50, F|100/100
|turn|6
|
|t:|1783691897
|switch|p2b: Pelipper|Pelipper, L50, M|100/100
|-weather|RainDance|[from] ability: Drizzle|[of] p2b: Pelipper
|detailschange|p1a: Raichu|Raichu-Mega-Y, L50, M
|-mega|p1a: Raichu|Raichu|Raichunite Y
|move|p1a: Raichu|Fake Out|p2b: Pelipper
|-damage|p2b: Pelipper|89/100
|move|p2a: Sneasler|Fake Out|p1a: Raichu
|-damage|p1a: Raichu|0 fnt
|faint|p1a: Raichu
|move|p1b: Sinistcha|Matcha Gotcha|p2b: Pelipper|[spread] p2a,p2b
|-resisted|p2a: Sneasler|1
|-damage|p2a: Sneasler|84/100
|-heal|p1b: Sinistcha|80/100|[from] drain|[of] p2a: Sneasler
|-damage|p2b: Pelipper|48/100
|-heal|p1b: Sinistcha|96/100|[from] drain|[of] p2b: Pelipper
|-status|p2a: Sneasler|brn
|
|-weather|RainDance|[upkeep]
|-damage|p2a: Sneasler|78/100 brn|[from] brn
|upkeep
|
|t:|1783691902
|switch|p1a: Incineroar|Incineroar, L50, M|100/100
|-ability|p1a: Incineroar|Intimidate|boost
|-unboost|p2a: Sneasler|atk|1
|-unboost|p2b: Pelipper|atk|1
|turn|7
|
|t:|1783691911
|move|p2b: Pelipper|Protect|p2b: Pelipper
|-singleturn|p2b: Pelipper|Protect
|move|p1a: Incineroar|Fake Out|p2a: Sneasler
|-damage|p2a: Sneasler|59/100 brn
|cant|p2a: Sneasler|flinch
|move|p1b: Sinistcha|Matcha Gotcha|p2b: Pelipper|[spread] p2a
|-activate|p2b: Pelipper|move: Protect
|-resisted|p2a: Sneasler|1
|-damage|p2a: Sneasler|44/100 brn
|-heal|p1b: Sinistcha|100/100|[from] drain|[of] p2a: Sneasler
|
|-weather|RainDance|[upkeep]
|-damage|p2a: Sneasler|38/100 brn|[from] brn
|upkeep
|turn|8
|
|t:|1783691928
|switch|p1b: Milotic|Milotic, L50, F|37/100 par
|move|p2a: Sneasler|Dire Claw|p1b: Milotic
|-crit|p1b: Milotic
|-damage|p1b: Milotic|6/100 par
|move|p2b: Pelipper|Hurricane|p1b: Milotic
|-damage|p1b: Milotic|0 fnt
|faint|p1b: Milotic
|move|p1a: Incineroar|Parting Shot|p2b: Pelipper
|-unboost|p2b: Pelipper|atk|1
|-unboost|p2b: Pelipper|spa|1
|
|t:|1783691930
|switch|p1a: Sinistcha|Sinistcha, L50|100/100|[from] Parting Shot
|
|-weather|RainDance|[upkeep]
|-damage|p2a: Sneasler|33/100 brn|[from] brn
|upkeep
|
|t:|1783691933
|switch|p1b: Incineroar|Incineroar, L50, M|100/100
|-ability|p1b: Incineroar|Intimidate|boost
|-unboost|p2a: Sneasler|atk|1
|-unboost|p2b: Pelipper|atk|1
|turn|9
|
|t:|1783691940
|switch|p2b: Eelektross|Eelektross-Mega, L50, F|42/100
|move|p2a: Sneasler|Close Combat|p1b: Incineroar
|-supereffective|p1b: Incineroar|1
|-damage|p1b: Incineroar|77/100
|-unboost|p2a: Sneasler|def|1
|-unboost|p2a: Sneasler|spd|1
|move|p1b: Incineroar|Throat Chop|p2b: Eelektross
|-damage|p2b: Eelektross|9/100
|-start|p2b: Eelektross|Throat Chop|[silent]
|move|p1a: Sinistcha|Matcha Gotcha|p2a: Sneasler|[spread] p2a,p2b
|-resisted|p2a: Sneasler|1
|-damage|p2a: Sneasler|8/100 brn
|-damage|p2b: Eelektross|0 fnt
|faint|p2b: Eelektross
|
|-weather|RainDance|[upkeep]
|-damage|p2a: Sneasler|3/100 brn|[from] brn
|upkeep
|
|t:|1783691946
|switch|p2b: Pelipper|Pelipper, L50, M|48/100
|turn|10
|
|t:|1783691951
|move|p2a: Sneasler|Close Combat|p1b: Incineroar
|-supereffective|p1b: Incineroar|1
|-damage|p1b: Incineroar|50/100g
|-unboost|p2a: Sneasler|def|1
|-unboost|p2a: Sneasler|spd|1
|move|p2b: Pelipper|Weather Ball|p1b: Incineroar
|-supereffective|p1b: Incineroar|1
|-damage|p1b: Incineroar|0 fnt
|faint|p1b: Incineroar
|move|p1a: Sinistcha|Matcha Gotcha|p2a: Sneasler|[spread] p2a,p2b
|-resisted|p2a: Sneasler|1
|-damage|p2a: Sneasler|0 fnt
|-damage|p2b: Pelipper|8/100
|faint|p2a: Sneasler
|
|-weather|none
|upkeep
|turn|11
|
|t:|1783691965
|move|p2b: Pelipper|Hurricane|p1a: Sinistcha
|-supereffective|p1a: Sinistcha|1
|-damage|p1a: Sinistcha|19/100
|move|p1a: Sinistcha|Matcha Gotcha|p2b: Pelipper
|-damage|p2b: Pelipper|0 fnt
|-heal|p1a: Sinistcha|22/100|[from] drain|[of] p2b: Pelipper
|faint|p2b: Pelipper
|
|win|OssiGT
||belac121 is ready for game 2.
|inactive|OssiGT has 30 seconds to confirm battle start!
||OssiGT is ready for game 2.
|uhtml|next|Next: Game 2 of 3
|l|☆belac121
|player|p2|
