|j|☆beeetch
|j|☆soap858
|html|beeetchsoap858    
|uhtml|bestof|Game 2 of a best-of-3
|t:|1754571456
|gametype|doubles
|player|p1|beeetch|beauty-gen4dp|1258
|player|p2|soap858|169|1379
|gen|9
|tier|[Gen 9] VGC 2025 Reg H (Bo3)
|rated|
|rule|Species Clause: Limit one of each Pokémon
|rule|Item Clause: Limit 1 of each item
|clearpoke
|poke|p1|Toedscruel, L50, M|
|poke|p1|Weezing-Galar, L50, F|
|poke|p1|Corviknight, L50, F|
|poke|p1|Pawmot, L50, F|
|poke|p1|Garchomp, L50, M|
|poke|p1|Typhlosion-Hisui, L50, F|
|poke|p2|Gholdengo, L50|
|poke|p2|Incineroar, L50, F|
|poke|p2|Amoonguss, L50, M|
|poke|p2|Basculegion, L50, M|
|poke|p2|Pelipper, L50, F|
|poke|p2|Archaludon, L50, M|
|teampreview|4
|showteam|p1|Toedscruel||CovertCloak|MyceliumMight|Spore,EarthPower,AcidSpray,RagePowder|||M|||50|,,,,,Water]Weezing-Galar||ChoiceSpecs|NeutralizingGas|DazzlingGleam,SludgeBomb,StrangeSteam,Flamethrower|||F|||50|,,,,,Fire]Corviknight||SitrusBerry|MirrorArmor|Protect,Tailwind,Roost,BraveBird|||F|||50|,,,,,Dragon]Pawmot||FocusSash|NaturalCure|Protect,CloseCombat,DoubleShock,FakeOut|||F|||50|,,,,,Electric]Garchomp||LifeOrb|RoughSkin|Protect,Earthquake,DragonClaw,StompingTantrum|||M|||50|,,,,,Ground]Typhlosion-Hisui||ChoiceScarf|Blaze|Eruption,SleepTalk,HeatWave,ShadowBall|||F|||50|,,,,,Fire
|showteam|p2|Gholdengo||Leftovers|GoodasGold|Protect,MakeItRain,ShadowBall,NastyPlot||||||50|,,,,,Dragon]Incineroar||SafetyGoggles|Intimidate|KnockOff,FlareBlitz,PartingShot,FakeOut|||F|||50|,,,,,Ghost]Amoonguss||SitrusBerry|Regenerator|Protect,Spore,RagePowder,PollenPuff|||M|||50|,,,,,Psychic]Basculegion||LifeOrb|SwiftSwim|Protect,WaveCrash,LastRespects,AquaJet|||M|||50|,,,,,Water]Pelipper||CovertCloak|Drizzle|Protect,Hurricane,WeatherBall,Tailwind|||F|||50|,,,,,Ghost]Archaludon||AssaultVest|Stamina|ElectroShot,DracoMeteor,BodyPress,AuraSphere|||M|||50|,,,,,Grass
|inactive|Battle timer is ON: inactive players will automatically lose when time's up. (requested by soap858)
|inactive|beeetch has 60 seconds left.
|inactive|soap858 has 60 seconds left.
|
|t:|1754571502
|teamsize|p1|4
|teamsize|p2|4
|start
|switch|p1a: Weezing|Weezing-Galar, L50, F|100/100
|switch|p1b: Toedscruel|Toedscruel, L50, M|100/100
|switch|p2a: Incineroar|Incineroar, L50, F|100/100
|switch|p2b: Gholdengo|Gholdengo, L50|100/100
|-ability|p1a: Weezing|Neutralizing Gas
|turn|1
|inactive|beeetch has 30 seconds left.
|
|t:|1754571531
|-terastallize|p1a: Weezing|Fire
|move|p2b: Gholdengo|Protect|p2b: Gholdengo
|-singleturn|p2b: Gholdengo|Protect
|move|p1b: Toedscruel|Earth Power|p2a: Incineroar
|-supereffective|p2a: Incineroar
|-damage|p2a: Incineroar|56/100
|move|p1a: Weezing|Dazzling Gleam|p2a: Incineroar|[spread] p2a
|-activate|p2b: Gholdengo|move: Protect
|-damage|p2a: Incineroar|26/100
|move|p2a: Incineroar|Flare Blitz|p1b: Toedscruel
|-supereffective|p1b: Toedscruel
|-damage|p1b: Toedscruel|0 fnt
|faint|p1b: Toedscruel
|-damage|p2a: Incineroar|0 fnt|[from] Recoil
|faint|p2a: Incineroar
|
|upkeep
|
|t:|1754571553
|switch|p1b: Typhlosion|Typhlosion-Hisui, L50, F|100/100
|switch|p2a: Amoonguss|Amoonguss, L50, M|100/100
|turn|2
|
|t:|1754571572
|-terastallize|p2b: Gholdengo|Dragon
|move|p2a: Amoonguss|Protect|p2a: Amoonguss
|-singleturn|p2a: Amoonguss|Protect
|move|p1b: Typhlosion|Eruption|p2b: Gholdengo|[spread] p2b
|-activate|p2a: Amoonguss|move: Protect
|-resisted|p2b: Gholdengo
|-damage|p2b: Gholdengo|73/100
|move|p2b: Gholdengo|Shadow Ball|p1b: Typhlosion
|-supereffective|p1b: Typhlosion
|-damage|p1b: Typhlosion|0 fnt
|faint|p1b: Typhlosion
|move|p1a: Weezing|Dazzling Gleam|p2a: Amoonguss|[spread] p2b
|-activate|p2a: Amoonguss|move: Protect
|-supereffective|p2b: Gholdengo
|-damage|p2b: Gholdengo|4/100
|
|-heal|p2b: Gholdengo|10/100|[from] item: Leftovers
|upkeep
|
|t:|1754571587
|switch|p1b: Pawmot|Pawmot, L50, F|100/100
|turn|3
|inactive|soap858 has 30 seconds left.
|
|t:|1754571624
|move|p2b: Gholdengo|Protect|p2b: Gholdengo
|-singleturn|p2b: Gholdengo|Protect
|move|p1b: Pawmot|Fake Out|p2a: Amoonguss
|-damage|p2a: Amoonguss|89/100
|move|p1a: Weezing|Dazzling Gleam|p2b: Gholdengo|[spread] p2a
|-activate|p2b: Gholdengo|move: Protect
|-resisted|p2a: Amoonguss
|-damage|p2a: Amoonguss|74/100
|cant|p2a: Amoonguss|flinch
|
|-heal|p2b: Gholdengo|16/100|[from] item: Leftovers
|upkeep
|turn|4
|inactive|soap858 has 30 seconds left.
|
|t:|1754571654
|switch|p2b: Basculegion|Basculegion, L50, M|100/100
|move|p1b: Pawmot|Close Combat|p2b: Basculegion
|-immune|p2b: Basculegion
|move|p1a: Weezing|Dazzling Gleam|p2b: Basculegion|[spread] p2a,p2b
|-resisted|p2a: Amoonguss
|-crit|p2b: Basculegion
|-damage|p2a: Amoonguss|58/100
|-damage|p2b: Basculegion|46/100
|move|p2a: Amoonguss|Spore|p1a: Weezing
|-status|p1a: Weezing|slp|[from] move: Spore
|
|upkeep
|turn|5
|
|t:|1754571678
|move|p2a: Amoonguss|Rage Powder|p2a: Amoonguss
|-singleturn|p2a: Amoonguss|move: Rage Powder
|move|p1b: Pawmot|Double Shock|p2a: Amoonguss
|-resisted|p2a: Amoonguss
|-damage|p2a: Amoonguss|34/100
|-start|p1b: Pawmot|typechange|???/Fighting|[from] move: Double Shock
|-enditem|p2a: Amoonguss|Sitrus Berry|[eat]
|-heal|p2a: Amoonguss|59/100|[from] item: Sitrus Berry
|move|p2b: Basculegion|Last Respects|p1b: Pawmot
|-enditem|p1b: Pawmot|Focus Sash
|-damage|p1b: Pawmot|1/100
|-damage|p2b: Basculegion|36/100|[from] item: Life Orb
|cant|p1a: Weezing|slp
|
|upkeep
|turn|6
|
|t:|1754571698
|move|p1b: Pawmot|Protect|p1b: Pawmot
|-singleturn|p1b: Pawmot|Protect
|move|p2a: Amoonguss|Rage Powder|p2a: Amoonguss
|-singleturn|p2a: Amoonguss|move: Rage Powder
|move|p2b: Basculegion|Wave Crash|p1a: Weezing
|-supereffective|p1a: Weezing
|-damage|p1a: Weezing|0 fnt
|faint|p1a: Weezing
|-end|p1a: Weezing|ability: Neutralizing Gas
|-damage|p2b: Basculegion|11/100|[from] Recoil
|-damage|p2b: Basculegion|1/100|[from] item: Life Orb
|
|upkeep
|turn|7
|
|t:|1754571711
|switch|p2a: Gholdengo|Gholdengo, L50, tera:Dragon|16/100
|move|p2b: Basculegion|Aqua Jet|p1b: Pawmot
|-damage|p1b: Pawmot|0 fnt
|faint|p1b: Pawmot
|-damage|p2b: Basculegion|0 fnt|[from] item: Life Orb
|faint|p2b: Basculegion
|
|win|soap858
|raw|beeetch's rating: 1258 → 1241(-17 for losing)
|raw|soap858's rating: 1379 → 1392(+13 for winning)
