|j|☆almagroalanzarote
|j|☆Karissel
|html|almagroalanzaroteKarissel    
|uhtml|bestof|Game 1 of a best-of-3
|t:|1784681881
|gametype|doubles
|player|p1|almagroalanzarote|nate|1286
|player|p2|Karissel|burgh-masters|1372
|gen|9
|tier|[Gen 9 Champions] VGC 2026 Reg M-B (Bo3)
|rated|
|rule|Species Clause: Limit one of each Pokémon
|rule|Item Clause: Limit 1 of each item
|clearpoke
|poke|p1|Blastoise, L50, F|
|poke|p1|Delphox, L50, M|
|poke|p1|Sneasler, L50, M|
|poke|p1|Incineroar, L50, F|
|poke|p1|Kingambit, L50, F|
|poke|p1|Sinistcha, L50|
|poke|p2|Charizard, L50, F|
|poke|p2|Glimmora, L50, M|
|poke|p2|Whimsicott, L50, M|
|poke|p2|Ninetales-Alola, L50, M|
|poke|p2|Kingambit, L50, M|
|poke|p2|Kommo-o, L50, M|
|teampreview|4
|showteam|p1|Blastoise||Blastoisinite|RainDish|WaterSpout,DarkPulse,ShellSmash,Protect|Modest||F|||50|]Delphox||Delphoxite|Blaze|HeatWave,Psyshock,NastyPlot,Protect|Timid||M|||50|]Sneasler||FocusSash|PoisonTouch|FakeOut,CloseCombat,DireClaw,QuickGuard|Jolly||M|||50|]Incineroar||SitrusBerry|Intimidate|FakeOut,FlareBlitz,PartingShot,HelpingHand|Impish||F|||50|]Kingambit||BlackGlasses|Defiant|KowtowCleave,SuckerPunch,SwordsDance,Protect|Adamant||F|||50|]Sinistcha||OccaBerry|Hospitality|MatchaGotcha,RagePowder,TrickRoom,Protect|Bold|||||50|
|showteam|p2|Charizard||CharizarditeY|Blaze|HeatWave,WeatherBall,SolarBeam,Protect|Modest||F|||50|]Glimmora||Glimmoranite|ToxicDebris|SludgeBomb,PowerGem,EarthPower,SpikyShield|Modest||M|||50|]Whimsicott||FocusSash|Prankster|Moonblast,Tailwind,Encore,Protect|Timid||M|||50|]Ninetales-Alola||NeverMeltIce|SnowWarning|Blizzard,FreezeDry,Disable,Protect|Timid||M|||50|]Kingambit||BlackGlasses|Defiant|KowtowCleave,SuckerPunch,IronHead,Protect|Adamant||M|||50|]Kommo-o||LifeOrb|Overcoat|AuraSphere,VacuumWave,ClangingScales,Protect|Modest||M|||50|
|inactive|Battle timer is ON: inactive players will automatically lose when time's up. (requested by Karissel)
|inactive|almagroalanzarote also wants the timer to be on.
|inactive|almagroalanzarote has 60 seconds left.
|inactive|Karissel has 60 seconds left.
|
|t:|1784681928
|teamsize|p1|4
|teamsize|p2|4
|start
|switch|p1a: Kingambit|Kingambit, L50, F|100/100
|switch|p1b: Sneasler|Sneasler, L50, M|100/100
|switch|p2a: Whimsicott|Whimsicott, L50, M|100/100
|switch|p2b: Jacob|Glimmora, L50, M|100/100
|turn|1
|
|t:|1784681945
|switch|p2a: Kommo-o|Kommo-o, L50, M|100/100
|detailschange|p2b: Jacob|Glimmora-Mega, L50, M
|-mega|p2b: Jacob|Glimmora|Glimmoranite
|move|p1b: Sneasler|Fake Out|p2b: Jacob
|-resisted|p2b: Jacob|1
|-damage|p2b: Jacob|92/100
|cant|p2b: Jacob|flinch
|move|p1a: Kingambit|Swords Dance|p1a: Kingambit
|-boost|p1a: Kingambit|atk|2
|
|upkeep
|turn|2
|inactive|almagroalanzarote has 30 seconds left.
|inactive|Karissel has 30 seconds left.
|
|t:|1784681979
|switch|p1b: Delphox|Delphox, L50, M|100/100
|switch|p2b: Ninetales|Ninetales-Alola, L50, M|100/100
|-weather|Snowscape|[from] ability: Snow Warning|[of] p2b: Ninetales
|move|p1a: Kingambit|Protect|p1a: Kingambit
|-singleturn|p1a: Kingambit|Protect
|move|p2a: Kommo-o|Aura Sphere|p1a: Kingambit
|-activate|p1a: Kingambit|move: Protect
|
|-weather|Snowscape|[upkeep]
|upkeep
|turn|3
|inactive|almagroalanzarote has 30 seconds left.
|
|t:|1784682007
|switch|p2b: Jacob|Glimmora-Mega, L50, M|92/100
|detailschange|p1b: Delphox|Delphox-Mega, L50, M
|-mega|p1b: Delphox|Delphox|Delphoxite
|move|p2a: Kommo-o|Vacuum Wave|p1a: Kingambit
|-supereffective|p1a: Kingambit|2
|-damage|p1a: Kingambit|7/100
|-damage|p2a: Kommo-o|90/100|[from] item: Life Orb
|move|p1a: Kingambit|Sucker Punch||[still]
|-fail|p1a: Kingambit
|move|p1b: Delphox|Psyshock|p2a: Kommo-o
|-supereffective|p2a: Kommo-o|1
|-damage|p2a: Kommo-o|7/100
|
|-weather|Snowscape|[upkeep]
|upkeep
|turn|4
|
|t:|1784682027
|switch|p2b: Whimsicott|Whimsicott, L50, M|100/100
|move|p2a: Kommo-o|Protect|p2a: Kommo-o
|-singleturn|p2a: Kommo-o|Protect
|move|p1a: Kingambit|Protect|p1a: Kingambit
|-singleturn|p1a: Kingambit|Protect
|move|p1b: Delphox|Psyshock|p2b: Whimsicott
|-damage|p2b: Whimsicott|26/100
|
|-weather|Snowscape|[upkeep]
|upkeep
|turn|5
|
|t:|1784682039
|move|p2b: Whimsicott|Tailwind|p2b: Whimsicott
|-sidestart|p2: Karissel|move: Tailwind
|move|p1a: Kingambit|Sucker Punch|p2a: Kommo-o
|-resisted|p2a: Kommo-o|1
|-damage|p2a: Kommo-o|0 fnt
|faint|p2a: Kommo-o
|move|p1b: Delphox|Heat Wave|p2b: Whimsicott
|-supereffective|p2b: Whimsicott|1
|-damage|p2b: Whimsicott|0 fnt
|faint|p2b: Whimsicott
|
|-weather|Snowscape|[upkeep]
|upkeep
|
|t:|1784682044
|switch|p2b: Ninetales|Ninetales-Alola, L50, M|100/100
|switch|p2a: Jacob|Glimmora-Mega, L50, M|92/100
|turn|6
|inactive|almagroalanzarote has 30 seconds left.
|inactive|Karissel has 30 seconds left.
|
|t:|1784682087
|move|p2a: Jacob|Spiky Shield|p2a: Jacob
|-singleturn|p2a: Jacob|move: Protect
|move|p1b: Delphox|Protect|p1b: Delphox
|-singleturn|p1b: Delphox|Protect
|move|p1a: Kingambit|Sucker Punch||[still]
|-fail|p1a: Kingambit
|move|p2b: Ninetales|Disable|p1b: Delphox
|-activate|p1b: Delphox|move: Protect
|
|-weather|none
|upkeep
|turn|7
|-message|Karissel forfeited.
|
|win|almagroalanzarote
|l|☆Karissel
|player|p2|
