|j|☆pod_warbatino
|j|☆axcoquette
|html|pod_warbatinoaxcoquette    
|uhtml|bestof|Game 3 of a best-of-3
|t:|1783452335
|gametype|doubles
|player|p1|pod_warbatino|richboy|1118
|player|p2|axcoquette|maid|1195
|gen|9
|tier|[Gen 9 Champions] VGC 2026 Reg M-B (Bo3)
|rated|
|rule|Species Clause: Limit one of each Pokémon
|rule|Item Clause: Limit 1 of each item
|clearpoke
|poke|p1|Glimmora, L50, F, shiny|
|poke|p1|Sneasler, L50, F, shiny|
|poke|p1|Basculegion, L50, M|
|poke|p1|Kingambit, L50, F|
|poke|p1|Whimsicott, L50, F, shiny|
|poke|p1|Aerodactyl, L50, M|
|poke|p2|Delphox, L50, F|
|poke|p2|Sneasler, L50, M|
|poke|p2|Sinistcha, L50|
|poke|p2|Incineroar, L50, F|
|poke|p2|Kingambit, L50, F|
|poke|p2|Floette-Eternal, L50, F|
|teampreview|4
|showteam|p1|Glimmora||Glimmoranite|ToxicDebris|EarthPower,PowerGem,SludgeBomb,SpikyShield|Modest||F|||50|]Sneasler||WhiteHerb|Unburden|Coaching,CloseCombat,FakeOut,DireClaw|Adamant||F|||50|]Basculegion||MysticWater|Adaptability|LastRespects,AquaJet,Protect,WaveCrash|Adamant||M|||50|]Kingambit||BlackGlasses|Defiant|IronHead,SuckerPunch,LowKick,Protect|Adamant||F|||50|]Whimsicott||FocusSash|Prankster|Tailwind,DazzlingGleam,HelpingHand,Encore|Bold||F|||50|]Aerodactyl||Aerodactylite|RockHead|DualWingbeat,RockSlide,DragonClaw,Protect|Jolly||M|||50|
|showteam|p2|Delphox||Delphoxite|Blaze|Protect,NastyPlot,HeatWave,Psychic|Timid||F|||50|]Sneasler||FocusSash|Unburden|Protect,FakeOut,DireClaw,CloseCombat|Jolly||M|||50|]Sinistcha||KasibBerry|Hospitality|Protect,RagePowder,MatchaGotcha,LifeDew|Bold|||||50|]Incineroar||SitrusBerry|Intimidate|FakeOut,FlareBlitz,HelpingHand,PartingShot|Careful||F|||50|]Kingambit||BlackGlasses|Defiant|KowtowCleave,SwordsDance,SuckerPunch,Protect|Adamant||F|||50|]Floette-Eternal||Floettite|FlowerVeil|Moonblast,DazzlingGleam,CalmMind,Protect|Modest||F|||50|
|inactive|Battle timer is ON: inactive players will automatically lose when time's up. (requested by axcoquette)
|
|t:|1783452356
|teamsize|p1|4
|teamsize|p2|4
|start
|switch|p1a: Theridiosa|Sneasler, L50, F, shiny|100/100
|switch|p1b: Kingambit|Kingambit, L50, F|100/100
|switch|p2a: Delphox|Delphox, L50, F|100/100
|switch|p2b: Sneasler|Sneasler, L50, M|100/100
|turn|1
|inactive|pod_warbatino has 30 seconds left.
|inactive|pod_warbatino has 20 seconds left.
|inactive|pod_warbatino has 15 seconds left.
|
|t:|1783452397
|detailschange|p2a: Delphox|Delphox-Mega, L50, F
|-mega|p2a: Delphox|Delphox|Delphoxite
|move|p2a: Delphox|Protect|p2a: Delphox
|-singleturn|p2a: Delphox|Protect
|move|p1b: Kingambit|Protect|p1b: Kingambit
|-singleturn|p1b: Kingambit|Protect
|move|p2b: Sneasler|Fake Out|p1b: Kingambit
|-activate|p1b: Kingambit|move: Protect
|move|p1a: Theridiosa|Fake Out|p2b: Sneasler
|-damage|p2b: Sneasler|72/100
|
|upkeep
|turn|2
|inactive|pod_warbatino has 30 seconds left.
|
|t:|1783452429
|switch|p2b: Sinistcha|Sinistcha, L50|100/100
|move|p1b: Kingambit|Sucker Punch||[still]
|-fail|p1b: Kingambit
|move|p2a: Delphox|Nasty Plot|p2a: Delphox
|-boost|p2a: Delphox|spa|2
|move|p1a: Theridiosa|Close Combat|p2b: Sinistcha
|-immune|p2b: Sinistcha
|
|upkeep
|turn|3
|inactive|pod_warbatino has 30 seconds left.
|
|t:|1783452464
|move|p1b: Kingambit|Protect|p1b: Kingambit
|-singleturn|p1b: Kingambit|Protect
|move|p2b: Sinistcha|Rage Powder|p2b: Sinistcha
|-singleturn|p2b: Sinistcha|move: Rage Powder
|move|p2a: Delphox|Nasty Plot|p2a: Delphox
|-boost|p2a: Delphox|spa|2
|move|p1a: Theridiosa|Dire Claw|p2b: Sinistcha
|-damage|p2b: Sinistcha|67/100
|
|upkeep
|turn|4
|inactive|pod_warbatino has 30 seconds left.
|
|t:|1783452492
|switch|p1b: Basculegion|Basculegion, L50, M|100/100
|move|p2b: Sinistcha|Rage Powder|p2b: Sinistcha
|-singleturn|p2b: Sinistcha|move: Rage Powder
|move|p2a: Delphox|Heat Wave|p1b: Basculegion|[spread] p1a,p1b
|-resisted|p1b: Basculegion|1
|-damage|p1a: Theridiosa|0 fnt
|-damage|p1b: Basculegion|40/100
|faint|p1a: Theridiosa
|
|upkeep
|
|t:|1783452502
|switch|p1a: Aerodactyl|Aerodactyl, L50, M|100/100
|turn|5
|
|t:|1783452526
|detailschange|p1a: Aerodactyl|Aerodactyl-Mega, L50, M
|-mega|p1a: Aerodactyl|Aerodactyl|Aerodactylite
|move|p2b: Sinistcha|Rage Powder|p2b: Sinistcha
|-singleturn|p2b: Sinistcha|move: Rage Powder
|move|p1a: Aerodactyl|Rock Slide|p2a: Delphox|[spread] p2a
|-miss|p1a: Aerodactyl|p2b: Sinistcha
|-supereffective|p2a: Delphox|1
|-damage|p2a: Delphox|11/100
|move|p2a: Delphox|Heat Wave|p1b: Basculegion|[spread] p1a
|-miss|p2a: Delphox|p1b: Basculegion
|-resisted|p1a: Aerodactyl|1
|-damage|p1a: Aerodactyl|26/100
|move|p1b: Basculegion|Last Respects|p2b: Sinistcha
|-supereffective|p2b: Sinistcha|1
|-enditem|p2b: Sinistcha|Kasib Berry|[eat]
|-enditem|p2b: Sinistcha|Kasib Berry|[weaken]
|-damage|p2b: Sinistcha|15/100
|
|upkeep
|turn|6
|inactive|axcoquette has 30 seconds left.
|inactive|axcoquette has 20 seconds left.
|
|t:|1783452566
|switch|p2b: Kingambit|Kingambit, L50, F|100/100
|move|p2a: Delphox|Protect|p2a: Delphox
|-singleturn|p2a: Delphox|Protect
|move|p1b: Basculegion|Aqua Jet|p2a: Delphox
|-activate|p2a: Delphox|move: Protect
|move|p1a: Aerodactyl|Rock Slide|p2a: Delphox|[spread] p2b
|-activate|p2a: Delphox|move: Protect
|-resisted|p2b: Kingambit|1
|-damage|p2b: Kingambit|89/100
|
|upkeep
|turn|7
|inactive|axcoquette has 30 seconds left.
|
|t:|1783452598
|switch|p2a: Sinistcha|Sinistcha, L50|15/100
|-heal|p2b: Kingambit|100/100|[from] ability: Hospitality|[of] p2a: Sinistcha
|move|p1a: Aerodactyl|Protect|p1a: Aerodactyl
|-singleturn|p1a: Aerodactyl|Protect
|move|p1b: Basculegion|Wave Crash|p2b: Kingambit
|-damage|p2b: Kingambit|31/100
|-damage|p1b: Basculegion|19/100|[from] Recoil
|move|p2b: Kingambit|Kowtow Cleave|p1b: Basculegion
|-supereffective|p1b: Basculegion|1
|-damage|p1b: Basculegion|0 fnt
|faint|p1b: Basculegion
|
|upkeep
|
|t:|1783452614
|switch|p1b: Kingambit|Kingambit, L50, F|100/100
|turn|8
|inactive|pod_warbatino has 30 seconds left.
|inactive|pod_warbatino has 20 seconds left.
|inactive|pod_warbatino has 15 seconds left.
|
|t:|1783452656
|move|p2a: Sinistcha|Protect|p2a: Sinistcha
|-singleturn|p2a: Sinistcha|Protect
|move|p2b: Kingambit|Sucker Punch|p1a: Aerodactyl
|-damage|p1a: Aerodactyl|0 fnt
|faint|p1a: Aerodactyl
|move|p1b: Kingambit|Sucker Punch||[still]
|-fail|p1b: Kingambit
|
|upkeep
|turn|9
|
|t:|1783452681
|move|p2a: Sinistcha|Protect|p2a: Sinistcha
|-singleturn|p2a: Sinistcha|Protect
|move|p2b: Kingambit|Kowtow Cleave|p1b: Kingambit
|-resisted|p1b: Kingambit|1
|-damage|p1b: Kingambit|79/100
|move|p1b: Kingambit|Low Kick|p2b: Kingambit
|-supereffective|p2b: Kingambit|2
|-damage|p2b: Kingambit|0 fnt
|faint|p2b: Kingambit
|
|upkeep
|
|t:|1783452689
|switch|p2b: Delphox|Delphox-Mega, L50, F|11/100
|turn|10
|
|t:|1783452702
|move|p1b: Kingambit|Protect|p1b: Kingambit
|-singleturn|p1b: Kingambit|Protect
|move|p2a: Sinistcha|Rage Powder|p2a: Sinistcha
|-singleturn|p2a: Sinistcha|move: Rage Powder
|move|p2b: Delphox|Heat Wave|p1b: Kingambit
|-activate|p1b: Kingambit|move: Protect
|
|upkeep
|turn|11
|
|t:|1783452721
|move|p2a: Sinistcha|Rage Powder|p2a: Sinistcha
|-singleturn|p2a: Sinistcha|move: Rage Powder
|move|p1b: Kingambit|Sucker Punch||[still]
|-fail|p1b: Kingambit
|move|p2b: Delphox|Heat Wave|p1b: Kingambit
|-supereffective|p1b: Kingambit|1
|-damage|p1b: Kingambit|0 fnt
|faint|p1b: Kingambit
|
|win|axcoquette
|raw|pod_warbatino's rating: 1118 → 1098(-20 for losing)
|raw|axcoquette's rating: 1195 → 1215(+20 for winning)
