|j|☆hawwty
|j|☆maish
|html|hawwtymaish    
|uhtml|bestof|Game 1 of a best-of-3
|t:|1756938888
|gametype|doubles
|player|p1|hawwty|266|1028
|player|p2|maish|roxie|1054
|gen|9
|tier|[Gen 9] VGC 2025 Reg H (Bo3)
|rated|
|rule|Species Clause: Limit one of each Pokémon
|rule|Item Clause: Limit 1 of each item
|clearpoke
|poke|p1|Sylveon, L50, M|
|poke|p1|Indeedee-F, L50, F|
|poke|p1|Armarouge, L50, M|
|poke|p1|Amoonguss, L50, M|
|poke|p1|Torkoal, L50, F|
|poke|p1|Ursaluna, L50, M|
|poke|p2|Dragonite, L50, F|
|poke|p2|Gholdengo, L50|
|poke|p2|Rillaboom, L50, F|
|poke|p2|Arcanine-Hisui, L50, M|
|poke|p2|Annihilape, L50, F|
|poke|p2|Murkrow, L50, F|
|teampreview|4
|showteam|p1|Sylveon||ChoiceSpecs|Pixilate|HyperVoice,DazzlingGleam,Moonblast,Psychic|||M|||50|,,,,,Fairy]Indeedee-F||RockyHelmet|PsychicSurge|FollowMe,Psychic,TrickRoom,HelpingHand|||F|||50|,,,,,Psychic]Armarouge||LifeOrb|FlashFire|TrickRoom,ExpandingForce,ArmorCannon,Protect|||M|||50|,,,,,Grass]Amoonguss||SitrusBerry|Regenerator|RagePowder,Spore,Protect,SludgeBomb|||M|||50|,,,,,Poison]Torkoal||Leftovers|Drought|Eruption,HeatWave,EarthPower,Protect|||F|||50|,,,,,Fire]Ursaluna||FlameOrb|Guts|CloseCombat,HeadlongRush,Facade,Protect|||M|||50|,,,,,Water
|showteam|p2|Dragonite||LoadedDice|Multiscale|Protect,ScaleShot,LowKick,ExtremeSpeed|||F|||50|,,,,,Fairy]Gholdengo||ChoiceSpecs|GoodasGold|Thunderbolt,PowerGem,MakeItRain,ShadowBall||||||50|,,,,,Steel]Rillaboom||AssaultVest|GrassySurge|FakeOut,HighHorsepower,WoodHammer,GrassyGlide|||F|||50|,,,,,Fire]Arcanine-Hisui||ClearAmulet|Intimidate|Protect,FlareBlitz,RockSlide,ExtremeSpeed|||M|||50|,,,,,Water]Annihilape||FocusSash|Defiant|Coaching,CloseCombat,RageFist,FinalGambit|||F|||50|,,,,,Stellar]Murkrow||Eviolite|Prankster|Haze,Tailwind,FoulPlay,Taunt|||F|||50|,,,,,Ghost
|inactive|Battle timer is ON: inactive players will automatically lose when time's up. (requested by hawwty)
|
|t:|1756938940
|teamsize|p1|4
|teamsize|p2|4
|start
|switch|p1a: Indeedee|Indeedee-F, L50, F|100/100
|switch|p1b: Ursaluna|Ursaluna, L50, M|100/100
|switch|p2a: Dragonite|Dragonite, L50, F|100/100
|switch|p2b: Arcanine|Arcanine-Hisui, L50, M|100/100
|-ability|p2b: Arcanine|Intimidate|boost
|-unboost|p1a: Indeedee|atk|1
|-unboost|p1b: Ursaluna|atk|1
|-fieldstart|move: Psychic Terrain|[from] ability: Psychic Surge|[of] p1a: Indeedee
|turn|1
|inactive|maish has 30 seconds left.
|
|t:|1756938971
|switch|p1a: Amoonguss|Amoonguss, L50, M|100/100
|move|p2b: Arcanine|Rock Slide|p1b: Ursaluna|[spread] p1a,p1b
|-resisted|p1b: Ursaluna
|-damage|p1a: Amoonguss|74/100
|-damage|p1b: Ursaluna|91/100
|move|p2a: Dragonite|Scale Shot|p1a: Amoonguss
|-damage|p1a: Amoonguss|58/100
|-damage|p1a: Amoonguss|41/100
|-enditem|p1a: Amoonguss|Sitrus Berry|[eat]
|-heal|p1a: Amoonguss|66/100|[from] item: Sitrus Berry
|-damage|p1a: Amoonguss|50/100
|-damage|p1a: Amoonguss|34/100
|-hitcount|p1a: Amoonguss|4
|-unboost|p2a: Dragonite|def|1
|-boost|p2a: Dragonite|spe|1
|cant|p1b: Ursaluna|flinch
|
|-status|p1b: Ursaluna|brn|[from] item: Flame Orb
|upkeep
|turn|2
|inactive|hawwty has 30 seconds left.
|inactive|maish has 30 seconds left.
|
|t:|1756939002
|-terastallize|p2b: Arcanine|Water
|move|p1a: Amoonguss|Protect|p1a: Amoonguss
|-singleturn|p1a: Amoonguss|Protect
|move|p2a: Dragonite|Scale Shot|p1b: Ursaluna
|-damage|p1b: Ursaluna|80/100 brn
|-damage|p1b: Ursaluna|68/100 brn
|-damage|p1b: Ursaluna|57/100 brn
|-damage|p1b: Ursaluna|46/100 brn
|-hitcount|p1b: Ursaluna|4
|-unboost|p2a: Dragonite|def|1
|-boost|p2a: Dragonite|spe|1
|move|p2b: Arcanine|Rock Slide|p1b: Ursaluna|[spread] p1b
|-activate|p1a: Amoonguss|move: Protect
|-resisted|p1b: Ursaluna
|-damage|p1b: Ursaluna|37/100 brn
|move|p1b: Ursaluna|Facade|p2a: Dragonite
|-damage|p2a: Dragonite|2/100
|
|-damage|p1b: Ursaluna|31/100 brn|[from] brn
|upkeep
|turn|3
|inactive|maish has 30 seconds left.
|
|t:|1756939032
|switch|p1a: Indeedee|Indeedee-F, L50, F|100/100
|move|p1b: Ursaluna|Protect|p1b: Ursaluna
|-singleturn|p1b: Ursaluna|Protect
|move|p2a: Dragonite|Scale Shot|p1a: Indeedee
|-damage|p1a: Indeedee|80/100
|-damage|p1a: Indeedee|60/100
|-damage|p1a: Indeedee|38/100
|-damage|p1a: Indeedee|14/100
|-hitcount|p1a: Indeedee|4
|-unboost|p2a: Dragonite|def|1
|-boost|p2a: Dragonite|spe|1
|move|p2b: Arcanine|Flare Blitz|p1b: Ursaluna
|-activate|p1b: Ursaluna|move: Protect
|
|-damage|p1b: Ursaluna|25/100 brn|[from] brn
|upkeep
|turn|4
|
|t:|1756939051
|move|p2a: Dragonite|Scale Shot|p1a: Indeedee
|-damage|p1a: Indeedee|0 fnt
|faint|p1a: Indeedee
|-hitcount|p1: Indeedee|1
|-unboost|p2a: Dragonite|def|1
|-boost|p2a: Dragonite|spe|1
|move|p2b: Arcanine|Flare Blitz|p1b: Ursaluna
|-damage|p1b: Ursaluna|0 fnt
|faint|p1b: Ursaluna
|-damage|p2b: Arcanine|90/100|[from] Recoil
|
|upkeep
|
|t:|1756939059
|switch|p1a: Amoonguss|Amoonguss, L50, M|67/100
|switch|p1b: Sylveon|Sylveon, L50, M|100/100
|turn|5
|inactive|maish has 30 seconds left.
|
|t:|1756939091
|switch|p2a: Rillaboom|Rillaboom, L50, F|100/100
|-fieldstart|move: Grassy Terrain|[from] ability: Grassy Surge|[of] p2a: Rillaboom
|-terastallize|p1b: Sylveon|Fairy
|move|p1a: Amoonguss|Rage Powder|p1a: Amoonguss
|-singleturn|p1a: Amoonguss|move: Rage Powder
|move|p2b: Arcanine|Flare Blitz|p1a: Amoonguss
|-supereffective|p1a: Amoonguss
|-damage|p1a: Amoonguss|0 fnt
|faint|p1a: Amoonguss
|-damage|p2b: Arcanine|63/100|[from] Recoil
|move|p1b: Sylveon|Hyper Voice|p2a: Rillaboom|[spread] p2a,p2b
|-damage|p2a: Rillaboom|45/100
|-damage|p2b: Arcanine|0 fnt
|faint|p2b: Arcanine
|
|-heal|p2a: Rillaboom|51/100|[from] Grassy Terrain
|upkeep
|
|t:|1756939106
|switch|p2b: Gholdengo|Gholdengo, L50|100/100
|turn|6
|
|t:|1756939110
|move|p2a: Rillaboom|Fake Out|p1b: Sylveon
|-crit|p1b: Sylveon
|-damage|p1b: Sylveon|77/100
|move|p2b: Gholdengo|Make It Rain|p1b: Sylveon
|-supereffective|p1b: Sylveon
|-damage|p1b: Sylveon|0 fnt
|-unboost|p2b: Gholdengo|spa|1
|faint|p1b: Sylveon
|
|win|maish
