|j|☆EgoJJ
|j|☆chikondi
|html|EgoJJchikondi    
|uhtml|bestof|Game 2 of a best-of-3
|t:|1756834448
|gametype|doubles
|player|p1|EgoJJ|brock|1040
|player|p2|chikondi|galacticgruntf|1054
|gen|9
|tier|[Gen 9] VGC 2025 Reg H (Bo3)
|rated|
|rule|Species Clause: Limit one of each Pokémon
|rule|Item Clause: Limit 1 of each item
|clearpoke
|poke|p1|Glimmora, L50, F|
|poke|p1|Tatsugiri, L50, F|
|poke|p1|Dondozo, L50, M|
|poke|p1|Rillaboom, L50, F|
|poke|p1|Volcarona, L50, F|
|poke|p1|Sneasler, L50, F|
|poke|p2|Garchomp, L50, F|
|poke|p2|Jumpluff, L50, M|
|poke|p2|Torkoal, L50, M|
|poke|p2|Dragonite, L50, F|
|poke|p2|Kingambit, L50, F|
|poke|p2|Typhlosion-Hisui, L50, F|
|teampreview|4
|showteam|p1|Glimmora||PowerHerb|ToxicDebris|MeteorBeam,SludgeBomb,EarthPower,SpikyShield|||F|||50|,,,,,Grass]Tatsugiri||FocusSash|Commander|DracoMeteor,MuddyWater,Taunt,Protect|||F|||50|,,,,,Stellar]Dondozo||CovertCloak|Unaware|WaveCrash,OrderUp,HeavySlam,Protect|||M|||50|,,,,,Steel]Rillaboom||AssaultVest|GrassySurge|FakeOut,GrassyGlide,WoodHammer,HighHorsepower|||F|||50|,,,,,Fire]Volcarona||SitrusBerry|FlameBody|FieryDance,TeraBlast,WillOWisp,Tailwind|||F|||50|,,,,,Fairy]Sneasler||GrassySeed|Unburden|DireClaw,CloseCombat,Coaching,Protect|||F|||50|,,,,,Stellar
|showteam|p2|Garchomp||LifeOrb|RoughSkin|Earthquake,DragonClaw,StompingTantrum,Protect|||F|||50|,,,,,Fire]Jumpluff||CovertCloak|Chlorophyll|LeafStorm,SleepPowder,Encore,Tailwind|||M|||50|,,,,,Poison]Torkoal||EjectPack|Drought|Overheat,BurningJealousy,HelpingHand,Protect|||M|||50|,,,,,Flying]Dragonite||LoadedDice|Multiscale|ScaleShot,ExtremeSpeed,IceSpinner,Protect|||F|||50|,,,,,Fairy]Kingambit||AssaultVest|Defiant|IronHead,SuckerPunch,Assurance,LowKick|||F|||50|,,,,,Flying]Typhlosion-Hisui||ChoiceSpecs|Blaze|Eruption,ShadowBall,HeatWave,Overheat|||F|||50|,,,,,Fire
|inactive|Battle timer is ON: inactive players will automatically lose when time's up. (requested by EgoJJ)
|inactive|chikondi has 60 seconds left.
|
|t:|1756834499
|teamsize|p1|4
|teamsize|p2|4
|start
|switch|p1a: Volcarona|Volcarona, L50, F|100/100
|switch|p1b: Glimmora|Glimmora, L50, F|100/100
|switch|p2a: Jumpluff|Jumpluff, L50, M|100/100
|switch|p2b: Typhlosion|Typhlosion-Hisui, L50, F|100/100
|turn|1
|inactive|EgoJJ has 30 seconds left.
|inactive|EgoJJ has 20 seconds left.
|
|t:|1756834536
|switch|p2b: Kingambit|Kingambit, L50, F|100/100
|move|p2a: Jumpluff|Tailwind|p2a: Jumpluff
|-sidestart|p2: chikondi|move: Tailwind
|move|p1a: Volcarona|Fiery Dance|p2a: Jumpluff
|-supereffective|p2a: Jumpluff
|-damage|p2a: Jumpluff|22/100
|-boost|p1a: Volcarona|spa|1
|move|p1b: Glimmora|Earth Power|p2b: Kingambit
|-supereffective|p2b: Kingambit
|-damage|p2b: Kingambit|56/100
|
|upkeep
|turn|2
|inactive|EgoJJ has 30 seconds left.
|inactive|chikondi has 30 seconds left.
|inactive|EgoJJ has 20 seconds left.
|inactive|chikondi has 20 seconds left.
|inactive|EgoJJ has 15 seconds left.
|
|t:|1756834580
|move|p2a: Jumpluff|Sleep Powder|p1a: Volcarona
|-status|p1a: Volcarona|slp|[from] move: Sleep Powder
|move|p2b: Kingambit|Iron Head|p1b: Glimmora
|-supereffective|p1b: Glimmora
|-damage|p1b: Glimmora|0 fnt
|-activate|p1b: Glimmora|ability: Toxic Debris
|-sidestart|p2: chikondi|move: Toxic Spikes
|faint|p1b: Glimmora
|cant|p1a: Volcarona|slp
|
|upkeep
|
|t:|1756834593
|switch|p1b: Tatsugiri|Tatsugiri, L50, F|100/100
|turn|3
|inactive|chikondi has 30 seconds left.
|inactive|chikondi has 20 seconds left.
|
|t:|1756834630
|move|p1b: Tatsugiri|Protect|p1b: Tatsugiri
|-singleturn|p1b: Tatsugiri|Protect
|move|p2a: Jumpluff|Sleep Powder|p1a: Volcarona
|-fail|p1a: Volcarona|slp
|move|p2b: Kingambit|Low Kick|p1b: Tatsugiri
|-activate|p1b: Tatsugiri|move: Protect
|cant|p1a: Volcarona|slp
|
|upkeep
|turn|4
|inactive|EgoJJ has 30 seconds left.
|inactive|chikondi has 30 seconds left.
|inactive|EgoJJ has 20 seconds left.
|inactive|EgoJJ has 15 seconds left.
|inactive|chikondi has 20 seconds left.
|
|t:|1756834673
|switch|p2b: Torkoal|Torkoal, L50, M|100/100
|-status|p2b: Torkoal|psn
|-weather|SunnyDay|[from] ability: Drought|[of] p2b: Torkoal
|move|p2a: Jumpluff|Encore|p1b: Tatsugiri
|-start|p1b: Tatsugiri|Encore
|-curestatus|p1a: Volcarona|slp|[msg]
|move|p1a: Volcarona|Fiery Dance|p2a: Jumpluff
|-supereffective|p2a: Jumpluff
|-damage|p2a: Jumpluff|0 fnt
|faint|p2a: Jumpluff
|move|p1b: Tatsugiri|Protect||[still]
|-fail|p1b: Tatsugiri
|
|-weather|SunnyDay|[upkeep]
|-damage|p2b: Torkoal|88/100 psn|[from] psn
|-sideend|p2: chikondi|move: Tailwind
|upkeep
|
|t:|1756834696
|switch|p2a: Typhlosion|Typhlosion-Hisui, L50, F|100/100
|-status|p2a: Typhlosion|psn
|turn|5
|inactive|EgoJJ has 30 seconds left.
|inactive|EgoJJ has 20 seconds left.
|inactive|EgoJJ has 15 seconds left.
|inactive|EgoJJ has 10 seconds left.
|
|t:|1756834743
|-terastallize|p2a: Typhlosion|Fire
|move|p2b: Torkoal|Helping Hand|p2a: Typhlosion
|-singleturn|p2a: Typhlosion|Helping Hand|[of] p2b: Torkoal
|move|p1b: Tatsugiri|Protect|p1b: Tatsugiri
|-singleturn|p1b: Tatsugiri|Protect
|move|p1a: Volcarona|Fiery Dance|p2a: Typhlosion
|-resisted|p2a: Typhlosion
|-damage|p2a: Typhlosion|41/100 psn
|-boost|p1a: Volcarona|spa|1
|move|p2a: Typhlosion|Eruption|p1b: Tatsugiri|[spread] p1a
|-activate|p1b: Tatsugiri|move: Protect
|-damage|p1a: Volcarona|0 fnt
|faint|p1a: Volcarona
|
|-weather|SunnyDay|[upkeep]
|-damage|p2a: Typhlosion|29/100 psn|[from] psn
|-damage|p2b: Torkoal|76/100 psn|[from] psn
|upkeep
|
|t:|1756834759
|switch|p1a: Dondozo|Dondozo, L50, M|100/100
|-activate|p1b: Tatsugiri|ability: Commander|[of] p1a: Dondozo
|-boost|p1a: Dondozo|atk|2
|-boost|p1a: Dondozo|spa|2
|-boost|p1a: Dondozo|spe|2
|-boost|p1a: Dondozo|def|2
|-boost|p1a: Dondozo|spd|2
|turn|6
|inactive|EgoJJ has 30 seconds left.
|inactive|chikondi has 30 seconds left.
|inactive|EgoJJ has 20 seconds left.
|inactive|chikondi has 20 seconds left.
|inactive|chikondi has 15 seconds left.
|inactive|chikondi has 10 seconds left.
|
|t:|1756834807
|switch|p2a: Kingambit|Kingambit, L50, F|56/100
|move|p1a: Dondozo|Heavy Slam|p2a: Kingambit
|-resisted|p2a: Kingambit
|-damage|p2a: Kingambit|48/100
|move|p2b: Torkoal|Overheat|p1a: Dondozo
|-resisted|p1a: Dondozo
|-damage|p1a: Dondozo|85/100
|-unboost|p2b: Torkoal|spa|2
|-enditem|p2b: Torkoal|Eject Pack
|
|t:|1756834817
|switch|p2b: Typhlosion|Typhlosion-Hisui, L50, F, tera:Fire|29/100 psn
|
|-weather|SunnyDay|[upkeep]
|-damage|p2b: Typhlosion|17/100 psn|[from] psn
|-end|p1b: Tatsugiri|Encore
|upkeep
|turn|7
|inactive|chikondi has 30 seconds left.
|inactive|EgoJJ has 30 seconds left.
|
|t:|1756834855
|move|p2a: Kingambit|Sucker Punch|p1a: Dondozo
|-damage|p1a: Dondozo|72/100
|move|p1a: Dondozo|Order Up|p2b: Typhlosion
|-damage|p2b: Typhlosion|0 fnt
|faint|p2b: Typhlosion
|-boost|p1a: Dondozo|atk|1
|
|-weather|SunnyDay|[upkeep]
|upkeep
|
|t:|1756834861
|switch|p2b: Torkoal|Torkoal, L50, M|76/100 psn
|turn|8
|
|t:|1756834872
|move|p2a: Kingambit|Sucker Punch|p1a: Dondozo
|-damage|p1a: Dondozo|57/100
|move|p1a: Dondozo|Wave Crash|p2b: Torkoal
|-supereffective|p2b: Torkoal
|-damage|p2b: Torkoal|0 fnt
|faint|p2b: Torkoal
|-damage|p1a: Dondozo|38/100|[from] Recoil
|
|-weather|none
|upkeep
|turn|9
|-message|chikondi forfeited.
|
|win|EgoJJ
|raw|EgoJJ's rating: 1040 → 1075(+35 for winning)
|raw|chikondi's rating: 1054 → 1035(-19 for losing)
|l|☆chikondi
|player|p2|
