|j|☆beeetch
|j|☆drewqfan
|html|beeetchdrewqfan    
|uhtml|bestof|Game 2 of a best-of-3
|t:|1755953370
|gametype|doubles
|player|p1|beeetch|beauty-gen4dp|1184
|player|p2|drewqfan|preschooler|1319
|gen|9
|tier|[Gen 9] VGC 2025 Reg H (Bo3)
|rated|
|rule|Species Clause: Limit one of each Pokémon
|rule|Item Clause: Limit 1 of each item
|clearpoke
|poke|p1|Toedscruel, L50, M|
|poke|p1|Weezing-Galar, L50, F|
|poke|p1|Corviknight, L50, M|
|poke|p1|Pawmot, L50, M|
|poke|p1|Garchomp, L50, M|
|poke|p1|Typhlosion-Hisui, L50, F|
|poke|p2|Incineroar, L50, F|
|poke|p2|Basculegion, L50, M|
|poke|p2|Pelipper, L50, M|
|poke|p2|Amoonguss, L50, M|
|poke|p2|Archaludon, L50, M|
|poke|p2|Gholdengo, L50|
|teampreview|4
|showteam|p1|Toedscruel||CovertCloak|MyceliumMight|Spore,EarthPower,AcidSpray,RagePowder|||M|||50|,,,,,Water]Weezing-Galar||ChoiceSpecs|NeutralizingGas|DazzlingGleam,SludgeBomb,StrangeSteam,Flamethrower|||F|||50|,,,,,Fire]Corviknight||SitrusBerry|MirrorArmor|Protect,Tailwind,Roost,BraveBird|||M|||50|,,,,,Dragon]Pawmot||FocusSash|NaturalCure|Protect,CloseCombat,DoubleShock,FakeOut|||M|||50|,,,,,Electric]Garchomp||LifeOrb|RoughSkin|Protect,Earthquake,DragonClaw,StompingTantrum|||M|||50|,,,,,Ground]Typhlosion-Hisui||ChoiceScarf|Blaze|Eruption,SleepTalk,HeatWave,ShadowBall|||F|||50|,,,,,Fire
|showteam|p2|Incineroar||SafetyGoggles|Intimidate|FlareBlitz,KnockOff,FakeOut,PartingShot|||F|||50|,,,,,Ghost]Basculegion||ChoiceBand|SwiftSwim|WaveCrash,LastRespects,FlipTurn,IcyWind|||M|||50|,,,,,Water]Pelipper||FocusSash|Drizzle|WeatherBall,Hurricane,Tailwind,Protect|||M|||50|,,,,,Ghost]Amoonguss||SitrusBerry|Regenerator|Spore,RagePowder,SludgeBomb,Protect|||M|||50|,,,,,Fairy]Archaludon||AssaultVest|Stamina|ElectroShot,BodyPress,Snarl,DragonPulse|||M|||50|,,,,,Bug]Gholdengo||LifeOrb|GoodasGold|MakeItRain,ShadowBall,NastyPlot,Protect||||||50|,,,,,Water
|
|t:|1755953381
|teamsize|p1|4
|teamsize|p2|4
|start
|switch|p1a: Weezing|Weezing-Galar, L50, F|100/100
|switch|p1b: Garchomp|Garchomp, L50, M|100/100
|switch|p2a: Incineroar|Incineroar, L50, F|100/100
|switch|p2b: Amoonguss|Amoonguss, L50, M|100/100
|-ability|p1a: Weezing|Neutralizing Gas
|turn|1
|
|t:|1755953403
|-terastallize|p1a: Weezing|Fire
|move|p2a: Incineroar|Fake Out|p1b: Garchomp
|-damage|p1b: Garchomp|89/100
|cant|p1b: Garchomp|flinch
|move|p1a: Weezing|Flamethrower|p2b: Amoonguss
|-supereffective|p2b: Amoonguss
|-damage|p2b: Amoonguss|2/100
|-enditem|p2b: Amoonguss|Sitrus Berry|[eat]
|-heal|p2b: Amoonguss|27/100|[from] item: Sitrus Berry
|move|p2b: Amoonguss|Spore|p1a: Weezing
|-status|p1a: Weezing|slp|[from] move: Spore
|
|upkeep
|turn|2
|
|t:|1755953425
|switch|p2b: Pelipper|Pelipper, L50, M|100/100
|move|p1b: Garchomp|Stomping Tantrum|p2a: Incineroar
|-supereffective|p2a: Incineroar
|-damage|p2a: Incineroar|0 fnt
|faint|p2a: Incineroar
|-damage|p1b: Garchomp|79/100|[from] item: Life Orb
|cant|p1a: Weezing|slp
|
|upkeep
|
|t:|1755953436
|switch|p2a: Gholdengo|Gholdengo, L50|100/100
|turn|3
|
|t:|1755953443
|-terastallize|p2a: Gholdengo|Water
|move|p1b: Garchomp|Dragon Claw|p2b: Pelipper
|-damage|p2b: Pelipper|28/100
|-damage|p1b: Garchomp|69/100|[from] item: Life Orb
|move|p2a: Gholdengo|Shadow Ball|p1b: Garchomp
|-damage|p1b: Garchomp|16/100
|-damage|p2a: Gholdengo|91/100|[from] item: Life Orb
|move|p2b: Pelipper|Tailwind|p2b: Pelipper
|-sidestart|p2: drewqfan|move: Tailwind
|-curestatus|p1a: Weezing|slp|[msg]
|move|p1a: Weezing|Flamethrower|p2b: Pelipper
|-resisted|p2b: Pelipper
|-damage|p2b: Pelipper|0 fnt
|faint|p2b: Pelipper
|
|upkeep
|
|t:|1755953451
|switch|p2b: Amoonguss|Amoonguss, L50, M|27/100
|turn|4
|
|t:|1755953463
|move|p1b: Garchomp|Protect|p1b: Garchomp
|-singleturn|p1b: Garchomp|Protect
|move|p2b: Amoonguss|Protect|p2b: Amoonguss
|-singleturn|p2b: Amoonguss|Protect
|move|p2a: Gholdengo|Shadow Ball|p1a: Weezing
|-damage|p1a: Weezing|34/100
|-damage|p2a: Gholdengo|81/100|[from] item: Life Orb
|move|p1a: Weezing|Flamethrower|p2b: Amoonguss
|-activate|p2b: Amoonguss|move: Protect
|
|upkeep
|turn|5
|
|t:|1755953485
|switch|p1b: Corviknight|Corviknight, L50, M|100/100
|move|p2a: Gholdengo|Make It Rain|p1a: Weezing|[spread] p1a,p1b
|-resisted|p1a: Weezing
|-resisted|p1b: Corviknight
|-damage|p1a: Weezing|0 fnt
|-damage|p1b: Corviknight|74/100
|-unboost|p2a: Gholdengo|spa|1
|faint|p1a: Weezing
|-end|p1a: Weezing|ability: Neutralizing Gas
|-damage|p2a: Gholdengo|71/100|[from] item: Life Orb
|move|p2b: Amoonguss|Sludge Bomb|p1b: Corviknight
|-immune|p1b: Corviknight
|
|upkeep
|
|t:|1755953499
|switch|p1a: Typhlosion|Typhlosion-Hisui, L50, F|100/100
|turn|6
|
|t:|1755953509
|switch|p1a: Garchomp|Garchomp, L50, M|16/100
|move|p2a: Gholdengo|Shadow Ball|p1a: Garchomp
|-damage|p1a: Garchomp|0 fnt
|faint|p1a: Garchomp
|-damage|p2a: Gholdengo|61/100|[from] item: Life Orb
|move|p2b: Amoonguss|Spore|p1b: Corviknight
|-status|p1b: Corviknight|slp|[from] move: Spore
|cant|p1b: Corviknight|slp
|
|-sideend|p2: drewqfan|move: Tailwind
|upkeep
|
|t:|1755953521
|switch|p1a: Typhlosion|Typhlosion-Hisui, L50, F|100/100
|turn|7
|
|t:|1755953532
|move|p2b: Amoonguss|Protect|p2b: Amoonguss
|-singleturn|p2b: Amoonguss|Protect
|move|p1a: Typhlosion|Shadow Ball|p2a: Gholdengo
|-damage|p2a: Gholdengo|17/100
|move|p2a: Gholdengo|Shadow Ball|p1a: Typhlosion
|-supereffective|p1a: Typhlosion
|-crit|p1a: Typhlosion
|-damage|p1a: Typhlosion|0 fnt
|faint|p1a: Typhlosion
|-damage|p2a: Gholdengo|7/100|[from] item: Life Orb
|cant|p1b: Corviknight|slp
|
|upkeep
|turn|8
|
|t:|1755953543
|cant|p1b: Corviknight|slp
|move|p2b: Amoonguss|Rage Powder|p2b: Amoonguss
|-singleturn|p2b: Amoonguss|move: Rage Powder
|move|p2a: Gholdengo|Nasty Plot|p2a: Gholdengo
|-boost|p2a: Gholdengo|spa|2
|
|upkeep
|turn|9
|
|t:|1755953550
|move|p2b: Amoonguss|Rage Powder|p2b: Amoonguss
|-singleturn|p2b: Amoonguss|move: Rage Powder
|move|p2a: Gholdengo|Nasty Plot|p2a: Gholdengo
|-boost|p2a: Gholdengo|spa|2
|-curestatus|p1b: Corviknight|slp|[msg]
|move|p1b: Corviknight|Brave Bird|p2b: Amoonguss
|-supereffective|p2b: Amoonguss
|-damage|p2b: Amoonguss|0 fnt
|faint|p2b: Amoonguss
|-damage|p1b: Corviknight|64/100|[from] Recoil
|
|upkeep
|turn|10
|
|t:|1755953559
|move|p2a: Gholdengo|Shadow Ball|p1b: Corviknight
|-damage|p1b: Corviknight|0 fnt
|faint|p1b: Corviknight
|-damage|p2a: Gholdengo|0 fnt|[from] item: Life Orb
|faint|p2a: Gholdengo
|
|win|drewqfan
|raw|beeetch's rating: 1184 → 1168(-16 for losing)
|raw|drewqfan's rating: 1319 → 1332(+13 for winning)
