|j|☆r4ka
|j|‽Hgfvhjjyh
|html|r4kaHgfvhjjyh    
|uhtml|bestof|Game 1 of a best-of-3
|t:|1756670071
|gametype|doubles
|player|p1|r4ka|1|1083
|player|p2|Hgfvhjjyh|2|1000
|gen|9
|tier|[Gen 9] VGC 2025 Reg H (Bo3)
|rated|
|rule|Species Clause: Limit one of each Pokémon
|rule|Item Clause: Limit 1 of each item
|clearpoke
|poke|p1|Rillaboom, L50, F|
|poke|p1|Dragonite, L50, M|
|poke|p1|Sneasler, L50, F|
|poke|p1|Kingambit, L50, M|
|poke|p1|Electabuzz, L50, M|
|poke|p1|Volcarona, L50, F|
|poke|p2|Slaking, L50, F|
|poke|p2|Weezing, L50, F|
|poke|p2|Incineroar, L50, M|
|poke|p2|Sinistcha-Masterpiece, L50|
|poke|p2|Palafin, L50, F|
|poke|p2|Dragonite, L50, F|
|teampreview|4
|showteam|p1|Rillaboom||AssaultVest|GrassySurge|FakeOut,HighHorsepower,WoodHammer,GrassyGlide|||F|||50|,,,,,Fire]Dragonite||LoadedDice|Multiscale|ExtremeSpeed,ScaleShot,Protect,Haze|||M|||50|,,,,,Steel]Sneasler||FocusSash|PoisonTouch|DireClaw,CloseCombat,FakeOut,Coaching|||F|||50|,,,,,Stellar]Kingambit||BlackGlasses|Defiant|KowtowCleave,SuckerPunch,SwordsDance,Protect|||M|||50|,,,,,Dark]Electabuzz||Eviolite|VitalSpirit|Thunderbolt,Taunt,Protect,FollowMe|||M|||50|,,,,,Ghost]Volcarona||Leftovers|FlameBody|HeatWave,TeraBlast,QuiverDance,Protect|||F|||50|,,,,,Fairy
|showteam|p2|Slaking||LifeOrb|Truant|Protect,DoubleEdge,HighHorsepower,SuckerPunch|||F|||50|,,,,,Stellar]Weezing||SitrusBerry|NeutralizingGas|Protect,SludgeBomb,WillOWisp,Taunt|||F|||50|,,,,,Ghost]Incineroar||AbilityShield|Intimidate|PartingShot,FakeOut,KnockOff,FlareBlitz|||M|||50|,,,,,Ghost]Sinistcha-Masterpiece||RockyHelmet|Hospitality|RagePowder,MatchaGotcha,TrickRoom,LifeDew||||||50|,,,,,Water]Palafin||AssaultVest|ZerotoHero|JetPunch,WaveCrash,Outrage,CloseCombat|||F|||50|,,,,,Dragon]Dragonite||LoadedDice|Multiscale|ScaleShot,Tailwind,Protect,ExtremeSpeed|||F|||50|,,,,,Steel
|
|t:|1756670105
|teamsize|p1|4
|teamsize|p2|4
|start
|switch|p1a: Rillaboom|Rillaboom, L50, F|100/100
|switch|p1b: Kingambit|Kingambit, L50, M, shiny|100/100
|switch|p2a: Weezing|Weezing, L50, F|100/100
|switch|p2b: Palafin|Palafin, L50, F|100/100
|-ability|p2a: Weezing|Neutralizing Gas
|turn|1
|
|t:|1756670135
|detailschange|p2b: Palafin|Palafin-Hero, L50, F
|switch|p2b: Incineroar|Incineroar, L50, M|100/100
|-ability|p2b: Incineroar|Intimidate|boost
|-unboost|p1a: Rillaboom|atk|1
|-unboost|p1b: Kingambit|atk|1
|switch|p1b: Electabuzz|Electabuzz, L50, M|100/100
|move|p1a: Rillaboom|High Horsepower|p2a: Weezing
|-supereffective|p2a: Weezing
|-damage|p2a: Weezing|63/100
|move|p2a: Weezing|Will-O-Wisp|p1b: Electabuzz
|-status|p1b: Electabuzz|brn
|
|-damage|p1b: Electabuzz|95/100 brn|[from] brn
|upkeep
|turn|2
|
|t:|1756670164
|switch|p1a: Dragonite|Dragonite, L50, M, shiny|100/100
|move|p1b: Electabuzz|Follow Me|p1b: Electabuzz
|-singleturn|p1b: Electabuzz|move: Follow Me
|move|p2b: Incineroar|Knock Off|p1b: Electabuzz
|-damage|p1b: Electabuzz|62/100 brn
|-enditem|p1b: Electabuzz|Eviolite|[from] move: Knock Off|[of] p2b: Incineroar
|move|p2a: Weezing|Sludge Bomb|p1b: Electabuzz
|-damage|p1b: Electabuzz|31/100 brn
|
|-damage|p1b: Electabuzz|25/100 brn|[from] brn
|upkeep
|turn|3
|
|t:|1756670191
|switch|p2b: Sinistcha|Sinistcha-Masterpiece, L50|100/100
|move|p1b: Electabuzz|Thunderbolt|p2a: Weezing
|-damage|p2a: Weezing|32/100
|-enditem|p2a: Weezing|Sitrus Berry|[eat]
|-heal|p2a: Weezing|57/100|[from] item: Sitrus Berry
|move|p1a: Dragonite|Scale Shot|p2a: Weezing
|-damage|p2a: Weezing|45/100
|-damage|p2a: Weezing|32/100
|-damage|p2a: Weezing|18/100
|-damage|p2a: Weezing|5/100
|-hitcount|p2a: Weezing|4
|-unboost|p1a: Dragonite|def|1
|-boost|p1a: Dragonite|spe|1
|move|p2a: Weezing|Taunt|p1b: Electabuzz
|-start|p1b: Electabuzz|move: Taunt
|
|-damage|p1b: Electabuzz|19/100 brn|[from] brn
|upkeep
|turn|4
|
|t:|1756670218
|move|p2a: Weezing|Protect|p2a: Weezing
|-singleturn|p2a: Weezing|Protect
|move|p1a: Dragonite|Scale Shot|p2b: Sinistcha|[miss]
|-miss|p1a: Dragonite|p2b: Sinistcha
|move|p1b: Electabuzz|Thunderbolt|p2a: Weezing
|-activate|p2a: Weezing|move: Protect
|move|p2b: Sinistcha|Life Dew||[still]|[spread] p2a,p2b
|-heal|p2a: Weezing|30/100
|-fail|p2b: Sinistcha|heal
|
|-damage|p1b: Electabuzz|13/100 brn|[from] brn
|upkeep
|turn|5
|
|t:|1756670240
|-end|p2a: Weezing|ability: Neutralizing Gas
|-heal|p2a: Weezing|55/100|[from] ability: Hospitality|[of] p2b: Sinistcha
|switch|p2a: Incineroar|Incineroar, L50, M|100/100
|-ability|p2a: Incineroar|Intimidate|boost
|-unboost|p1a: Dragonite|atk|1
|-unboost|p1b: Electabuzz|atk|1
|move|p1a: Dragonite|Scale Shot|p2a: Incineroar
|-crit|p2a: Incineroar
|-damage|p2a: Incineroar|80/100
|-damage|p2a: Incineroar|71/100
|-damage|p2a: Incineroar|60/100
|-crit|p2a: Incineroar
|-damage|p2a: Incineroar|39/100
|-damage|p2a: Incineroar|29/100
|-hitcount|p2a: Incineroar|5
|-unboost|p1a: Dragonite|def|1
|-boost|p1a: Dragonite|spe|1
|move|p1b: Electabuzz|Thunderbolt|p2a: Incineroar
|-damage|p2a: Incineroar|5/100
|move|p2b: Sinistcha|Matcha Gotcha|p1b: Electabuzz|[spread] p1a,p1b
|-resisted|p1a: Dragonite
|-damage|p1a: Dragonite|98/100
|-damage|p1b: Electabuzz|0 fnt
|faint|p1b: Electabuzz
|
|upkeep
|
|t:|1756670265
|switch|p1b: Rillaboom|Rillaboom, L50, F|100/100
|-fieldstart|move: Grassy Terrain|[from] ability: Grassy Surge|[of] p1b: Rillaboom
|turn|6
|
|t:|1756670279
|switch|p2a: Weezing|Weezing, L50, F|55/100
|-ability|p2a: Weezing|Neutralizing Gas
|move|p1a: Dragonite|Protect|p1a: Dragonite
|-singleturn|p1a: Dragonite|Protect
|move|p1b: Rillaboom|High Horsepower|p2a: Weezing
|-supereffective|p2a: Weezing
|-damage|p2a: Weezing|1/100
|move|p2b: Sinistcha|Matcha Gotcha|p1a: Dragonite|[spread] p1b
|-activate|p1a: Dragonite|move: Protect
|-resisted|p1b: Rillaboom
|-damage|p1b: Rillaboom|88/100
|
|-heal|p1b: Rillaboom|94/100|[from] Grassy Terrain
|-heal|p2a: Weezing|7/100|[from] Grassy Terrain
|upkeep
|turn|7
|
|t:|1756670301
|move|p2a: Weezing|Protect|p2a: Weezing
|-singleturn|p2a: Weezing|Protect
|move|p1b: Rillaboom|Grassy Glide|p2a: Weezing
|-activate|p2a: Weezing|move: Protect
|move|p1a: Dragonite|Scale Shot|p2b: Sinistcha
|-damage|p2b: Sinistcha|92/100
|-damage|p2b: Sinistcha|85/100
|-damage|p2b: Sinistcha|76/100
|-damage|p2b: Sinistcha|69/100
|-damage|p2b: Sinistcha|61/100
|-hitcount|p2b: Sinistcha|5
|-unboost|p1a: Dragonite|def|1
|-boost|p1a: Dragonite|spe|1
|move|p2b: Sinistcha|Life Dew|p2b: Sinistcha|[spread] p2a,p2b
|-heal|p2a: Weezing|32/100
|-heal|p2b: Sinistcha|86/100
|
|-heal|p1b: Rillaboom|99/100|[from] Grassy Terrain
|-heal|p2b: Sinistcha|92/100|[from] Grassy Terrain
|-heal|p2a: Weezing|38/100|[from] Grassy Terrain
|upkeep
|turn|8
|
|t:|1756670322
|switch|p1a: Kingambit|Kingambit, L50, M, shiny|100/100
|-end|p2a: Weezing|ability: Neutralizing Gas
|-heal|p2a: Weezing|63/100|[from] ability: Hospitality|[of] p2b: Sinistcha
|switch|p2a: Incineroar|Incineroar, L50, M|5/100
|-ability|p2a: Incineroar|Intimidate|boost
|-unboost|p1a: Kingambit|atk|1
|-ability|p1a: Kingambit|Defiant|boost
|-boost|p1a: Kingambit|atk|2
|-unboost|p1b: Rillaboom|atk|1
|move|p1b: Rillaboom|High Horsepower|p2a: Incineroar
|-supereffective|p2a: Incineroar
|-damage|p2a: Incineroar|0 fnt
|faint|p2a: Incineroar
|move|p2b: Sinistcha|Matcha Gotcha|p1a: Kingambit|[spread] p1a
|-miss|p2b: Sinistcha|p1b: Rillaboom
|-resisted|p1a: Kingambit
|-damage|p1a: Kingambit|86/100
|-heal|p2b: Sinistcha|100/100|[from] drain|[of] p1a: Kingambit
|
|-heal|p1b: Rillaboom|100/100|[from] Grassy Terrain
|-heal|p1a: Kingambit|92/100|[from] Grassy Terrain
|upkeep
|
|t:|1756670331
|switch|p2a: Weezing|Weezing, L50, F|63/100
|-ability|p2a: Weezing|Neutralizing Gas
|turn|9
|
|t:|1756670355
|switch|p1b: Dragonite|Dragonite, L50, M, shiny|98/100
|move|p2b: Sinistcha|Life Dew||[still]|[spread] p2a,p2b
|-heal|p2a: Weezing|88/100
|-fail|p2b: Sinistcha|heal
|move|p2a: Weezing|Will-O-Wisp|p1a: Kingambit
|-status|p1a: Kingambit|brn
|move|p1a: Kingambit|Swords Dance|p1a: Kingambit
|-boost|p1a: Kingambit|atk|2
|
|-heal|p2a: Weezing|94/100|[from] Grassy Terrain
|-heal|p1a: Kingambit|98/100 brn|[from] Grassy Terrain
|-damage|p1a: Kingambit|92/100 brn|[from] brn
|upkeep
|turn|10
|
|t:|1756670382
|-terastallize|p2b: Sinistcha|Water
|move|p1b: Dragonite|Scale Shot|p2b: Sinistcha
|-damage|p2b: Sinistcha|89/100
|-damage|p2b: Sinistcha|78/100
|-damage|p2b: Sinistcha|66/100
|-damage|p2b: Sinistcha|56/100
|-damage|p2b: Sinistcha|44/100
|-hitcount|p2b: Sinistcha|5
|-unboost|p1b: Dragonite|def|1
|-boost|p1b: Dragonite|spe|1
|move|p2b: Sinistcha|Matcha Gotcha|p1b: Dragonite|[spread] p1a,p1b
|-resisted|p1a: Kingambit
|-resisted|p1b: Dragonite
|-damage|p1a: Kingambit|77/100 brn
|-heal|p2b: Sinistcha|52/100|[from] drain|[of] p1a: Kingambit
|-damage|p1b: Dragonite|89/100
|-heal|p2b: Sinistcha|57/100|[from] drain|[of] p1b: Dragonite
|move|p2a: Weezing|Will-O-Wisp|p1b: Dragonite|[miss]
|-miss|p2a: Weezing|p1b: Dragonite
|move|p1a: Kingambit|Swords Dance|p1a: Kingambit
|-boost|p1a: Kingambit|atk|2
|
|-heal|p2b: Sinistcha|63/100|[from] Grassy Terrain
|-heal|p2a: Weezing|99/100|[from] Grassy Terrain
|-heal|p1a: Kingambit|83/100 brn|[from] Grassy Terrain
|-damage|p1a: Kingambit|77/100 brn|[from] brn
|-fieldend|move: Grassy Terrain
|upkeep
|turn|11
|
|t:|1756670412
|-end|p2a: Weezing|ability: Neutralizing Gas
|-heal|p2a: Weezing|100/100|[from] ability: Hospitality|[of] p2b: Sinistcha
|switch|p2a: Palafin|Palafin-Hero, L50, F|100/100
|-activate|p2a: Palafin|ability: Zero to Hero
|move|p1b: Dragonite|Protect|p1b: Dragonite
|-singleturn|p1b: Dragonite|Protect
|move|p2b: Sinistcha|Life Dew||[still]|[spread] p2a,p2b
|-fail|p2a: Palafin|heal
|-heal|p2b: Sinistcha|88/100
|move|p1a: Kingambit|Kowtow Cleave|p2b: Sinistcha
|-damage|p2b: Sinistcha|12/100
|-damage|p1a: Kingambit|61/100 brn|[from] item: Rocky Helmet|[of] p2b: Sinistcha
|
|-damage|p1a: Kingambit|55/100 brn|[from] brn
|upkeep
|turn|12
|
|t:|1756670435
|switch|p2b: Weezing|Weezing, L50, F|100/100
|-ability|p2b: Weezing|Neutralizing Gas
|move|p1a: Kingambit|Protect|p1a: Kingambit
|-singleturn|p1a: Kingambit|Protect
|move|p1b: Dragonite|Scale Shot|p2a: Palafin
|-damage|p2a: Palafin|87/100
|-damage|p2a: Palafin|73/100
|-damage|p2a: Palafin|61/100
|-damage|p2a: Palafin|48/100
|-damage|p2a: Palafin|36/100
|-hitcount|p2a: Palafin|5
|-unboost|p1b: Dragonite|def|1
|-boost|p1b: Dragonite|spe|1
|move|p2a: Palafin|Close Combat|p1a: Kingambit
|-activate|p1a: Kingambit|move: Protect
|
|-damage|p1a: Kingambit|49/100 brn|[from] brn
|upkeep
|turn|13
|
|t:|1756670458
|-end|p2b: Weezing|ability: Neutralizing Gas
|switch|p2b: Sinistcha|Sinistcha-Masterpiece, L50, tera:Water|12/100
|-heal|p2a: Palafin|60/100|[from] ability: Hospitality|[of] p2b: Sinistcha
|move|p2a: Palafin|Jet Punch|p1a: Kingambit
|-damage|p1a: Kingambit|16/100 brn
|move|p1a: Kingambit|Sucker Punch||[still]
|-fail|p1a: Kingambit
|move|p1b: Dragonite|Scale Shot|p2a: Palafin
|-damage|p2a: Palafin|47/100
|-damage|p2a: Palafin|34/100
|-damage|p2a: Palafin|21/100
|-damage|p2a: Palafin|8/100
|-hitcount|p2a: Palafin|4
|-unboost|p1b: Dragonite|def|1
|-boost|p1b: Dragonite|spe|1
|
|-damage|p1a: Kingambit|10/100 brn|[from] brn
|upkeep
|turn|14
|
|t:|1756670486
|move|p1b: Dragonite|Extreme Speed|p2a: Palafin
|-damage|p2a: Palafin|0 fnt
|faint|p2a: Palafin
|move|p2b: Sinistcha|Rage Powder|p2b: Sinistcha
|-singleturn|p2b: Sinistcha|move: Rage Powder
|move|p1a: Kingambit|Sucker Punch||[still]
|-fail|p1a: Kingambit
|
|-damage|p1a: Kingambit|4/100 brn|[from] brn
|upkeep
|-message|Hgfvhjjyh forfeited.
|
|win|r4ka
|l|‽Hgfvhjjyh
|player|p2|
||r4ka is ready for game 2.
||Hgfvhjjyh is ready for game 2.
|uhtml|next|Next: Game 2 of 3
