|j|☆negativeholo
|j|☆finalbossbackwiper
|html|negativeholofinalbossbackwiper    
|uhtml|bestof|Game 3 of a best-of-3
|t:|1782237164
|gametype|doubles
|player|p1|negativeholo|steven|1040
|player|p2|finalbossbackwiper|1|1000
|gen|9
|tier|[Gen 9 Champions] VGC 2026 Reg M-B (Bo3)
|rated|
|rule|Species Clause: Limit one of each Pokémon
|rule|Item Clause: Limit 1 of each item
|clearpoke
|poke|p1|Charizard, L50, F|
|poke|p1|Whimsicott, L50, F|
|poke|p1|Kingambit, L50, M|
|poke|p1|Garchomp, L50, M|
|poke|p1|Venusaur, L50, M|
|poke|p1|Floette-Eternal, L50, F|
|poke|p2|Charizard, L50, F|
|poke|p2|Torkoal, L50, F|
|poke|p2|Sinistcha, L50|
|poke|p2|Milotic, L50, M|
|poke|p2|Sneasler, L50, M|
|poke|p2|Manectric, L50, F|
|teampreview|4
|showteam|p1|Charizard||CharizarditeY|Blaze|HeatWave,SolarBeam,Hurricane,Protect|Timid||F|||50|]Whimsicott||FocusSash|Prankster|Tailwind,Encore,Protect,Moonblast|Bold||F|||50|]Kingambit||BlackGlasses|Defiant|SuckerPunch,KowtowCleave,IronHead,Protect|Adamant||M|||50|]Garchomp||ExpertBelt|RoughSkin|Earthquake,RockSlide,IronHead,Protect|Jolly||M|||50|]Venusaur||LifeOrb|Chlorophyll|SolarBeam,SludgeBomb,WeatherBall,Protect|Modest||M|||50|]Floette-Eternal||Floettite|FlowerVeil|LightofRuin,Moonblast,DazzlingGleam,Protect|Timid||F|||50|
|showteam|p2|Charizard||CharizarditeX|Blaze|FlameCharge,BreakingSwipe,SwordsDance,Protect|Adamant||F|||50|]Torkoal||Charcoal|Drought|Eruption,WeatherBall,HelpingHand,Protect|Quiet||F|||50|]Sinistcha||KasibBerry|Hospitality|EnergyBall,RagePowder,TrickRoom,Protect|Calm|||||50|]Milotic||Leftovers|Competitive|Scald,IceBeam,Recover,Protect|Modest||M|||50|]Sneasler||FocusSash|PoisonTouch|PoisonJab,CloseCombat,FakeOut,Protect|Adamant||M|||50|]Manectric||Manectite|LightningRod|Thunderbolt,VoltSwitch,EerieImpulse,Protect|Timid||F|||50|
|inactive|Battle timer is ON: inactive players will automatically lose when time's up. (requested by finalbossbackwiper)
|j| Omegaxus1
|inactive|negativeholo has 60 seconds left.
|inactive|negativeholo has 30 seconds left.
|inactive|negativeholo has 20 seconds left.
|inactive|negativeholo has 15 seconds left.
|inactive|negativeholo has 10 seconds left.
|
|t:|1782237247
|teamsize|p1|4
|teamsize|p2|4
|start
|switch|p1a: Charizard|Charizard, L50, F|100/100
|switch|p1b: Whimsicott|Whimsicott, L50, F|100/100
|switch|p2a: Sneasler|Sneasler, L50, M|100/100
|switch|p2b: Charizard|Charizard, L50, F|100/100
|turn|1
|
|t:|1782237260
|detailschange|p2b: Charizard|Charizard-Mega-X, L50, F
|-mega|p2b: Charizard|Charizard|Charizardite X
|move|p1b: Whimsicott|Protect|p1b: Whimsicott
|-singleturn|p1b: Whimsicott|Protect
|move|p1a: Charizard|Protect|p1a: Charizard
|-singleturn|p1a: Charizard|Protect
|move|p2a: Sneasler|Poison Jab|p1a: Charizard
|-activate|p1a: Charizard|move: Protect
|move|p2b: Charizard|Flame Charge|p1a: Charizard
|-activate|p1a: Charizard|move: Protect
|
|upkeep
|turn|2
|inactive|negativeholo has 30 seconds left.
|inactive|negativeholo has 20 seconds left.
|inactive|negativeholo has 15 seconds left.
|inactive|negativeholo has 10 seconds left.
|
|t:|1782237305
|detailschange|p1a: Charizard|Charizard-Mega-Y, L50, F
|-mega|p1a: Charizard|Charizard|Charizardite Y
|-weather|SunnyDay|[from] ability: Drought|[of] p1a: Charizard
|move|p1b: Whimsicott|Tailwind|p1b: Whimsicott
|-sidestart|p1: negativeholo|move: Tailwind
|move|p1a: Charizard|Heat Wave|p2b: Charizard|[spread] p2a,p2b
|-resisted|p2b: Charizard|2
|-damage|p2a: Sneasler|11/100
|-damage|p2b: Charizard|79/100
|move|p2a: Sneasler|Poison Jab|p1a: Charizard
|-damage|p1a: Charizard|32/100
|-status|p1a: Charizard|psn
|move|p2b: Charizard|Flame Charge|p1a: Charizard
|-resisted|p1a: Charizard|1
|-damage|p1a: Charizard|0 fnt
|-boost|p2b: Charizard|spe|1
|faint|p1a: Charizard
|
|-weather|SunnyDay|[upkeep]
|upkeep
|
|t:|1782237323
|switch|p1a: Garchomp|Garchomp, L50, M|100/100
|turn|3
|
|t:|1782237331
|move|p1b: Whimsicott|Protect|p1b: Whimsicott
|-singleturn|p1b: Whimsicott|Protect
|move|p2b: Charizard|Protect|p2b: Charizard
|-singleturn|p2b: Charizard|Protect
|move|p1a: Garchomp|Earthquake|p2a: Sneasler|[spread] p2a
|-activate|p1b: Whimsicott|move: Protect
|-activate|p2b: Charizard|move: Protect
|-supereffective|p2a: Sneasler|1
|-damage|p2a: Sneasler|0 fnt
|faint|p2a: Sneasler
|
|-weather|SunnyDay|[upkeep]
|upkeep
|
|t:|1782237333
|switch|p2a: Sinistcha|Sinistcha, L50|100/100
|-heal|p2b: Charizard|100/100|[from] ability: Hospitality|[of] p2a: Sinistcha
|turn|4
|
|t:|1782237358
|move|p1a: Garchomp|Earthquake|p2a: Sinistcha|[spread] p1b,p2a,p2b
|-resisted|p1b: Whimsicott|1
|-resisted|p2a: Sinistcha|1
|-supereffective|p2b: Charizard|1
|-damage|p1b: Whimsicott|84/100
|-damage|p2a: Sinistcha|81/100
|-damage|p2b: Charizard|7/100
|move|p1b: Whimsicott|Moonblast|p2a: Sinistcha
|-damage|p2a: Sinistcha|57/100
|move|p2b: Charizard|Breaking Swipe|p1a: Garchomp|[spread] p1a
|-immune|p1b: Whimsicott
|-supereffective|p1a: Garchomp|1
|-damage|p1a: Garchomp|34/100
|-unboost|p1a: Garchomp|atk|1
|-damage|p2b: Charizard|0 fnt|[from] ability: Rough Skin|[of] p1a: Garchomp
|faint|p2b: Charizard
|move|p2a: Sinistcha|Trick Room|p2a: Sinistcha
|-fieldstart|move: Trick Room|[of] p2a: Sinistcha
|
|-weather|SunnyDay|[upkeep]
|upkeep
|
|t:|1782237364
|switch|p2b: Torkoal|Torkoal, L50, F|100/100
|turn|5
|inactive|negativeholo has 30 seconds left.
|
|t:|1782237389
|move|p1a: Garchomp|Protect|p1a: Garchomp
|-singleturn|p1a: Garchomp|Protect
|move|p2a: Sinistcha|Rage Powder|p2a: Sinistcha
|-singleturn|p2a: Sinistcha|move: Rage Powder
|move|p2b: Torkoal|Eruption|p1b: Whimsicott|[spread] p1b
|-activate|p1a: Garchomp|move: Protect
|-supereffective|p1b: Whimsicott|1
|-damage|p1b: Whimsicott|0 fnt
|faint|p1b: Whimsicott
|
|-weather|SunnyDay|[upkeep]
|-sideend|p1: negativeholo|move: Tailwind
|upkeep
|
|t:|1782237402
|switch|p1b: Floette|Floette-Eternal, L50, F|100/100
|turn|6
|
|t:|1782237421
|move|p2b: Torkoal|Eruption|p1a: Garchomp|[spread] p1a,p1b
|-resisted|p1a: Garchomp|1
|-damage|p1a: Garchomp|0 fnt
|-damage|p1b: Floette|22/100
|faint|p1a: Garchomp
|move|p2a: Sinistcha|Energy Ball|p1b: Floette
|-damage|p1b: Floette|0 fnt
|faint|p1b: Floette
|
|win|finalbossbackwiper
|raw|negativeholo's rating: 1040 → 1022(-18 for losing)
|raw|finalbossbackwiper's rating: 1000 → 1045(+45 for winning)
