|j|☆Darkan33
|j|☆Jamstiffer
|html|Darkan33Jamstiffer    
|uhtml|bestof|Game 1 of a best-of-3
|t:|1756395879
|gametype|doubles
|player|p1|Darkan33|veteran|1086
|player|p2|Jamstiffer|steven|1088
|gen|9
|tier|[Gen 9] VGC 2025 Reg H (Bo3)
|rated|
|rule|Species Clause: Limit one of each Pokémon
|rule|Item Clause: Limit 1 of each item
|clearpoke
|poke|p1|Kingdra, L50, M|
|poke|p1|Pelipper, L50, M|
|poke|p1|Garchomp, L50, F|
|poke|p1|Breloom, L50, F|
|poke|p1|Archaludon, L50, F|
|poke|p1|Grimmsnarl, L50, M|
|poke|p2|Tyranitar, L50, F|
|poke|p2|Excadrill, L50, F|
|poke|p2|Gholdengo, L50|
|poke|p2|Volcarona, L50, F|
|poke|p2|Gastrodon, L50, M|
|poke|p2|Rillaboom, L50, F|
|teampreview|4
|showteam|p1|Kingdra||LifeOrb|SwiftSwim|MuddyWater,DracoMeteor,Hurricane,Protect|||M|||50|,,,,,Stellar]Pelipper||CovertCloak|Drizzle|WeatherBall,Hurricane,WideGuard,Tailwind|||M|||50|,,,,,Ghost]Garchomp||LoadedDice|RoughSkin|ScaleShot,Protect,StompingTantrum,Earthquake|||F|||50|,,,,,Steel]Breloom||FocusSash|Technician|MachPunch,BulletSeed,Spore,Protect|||F|||50|,,,,,Steel]Archaludon||AssaultVest|Stamina|BodyPress,FlashCannon,ElectroShot,DragonPulse|||F|||50|,,,,,Grass]Grimmsnarl||LightClay|Prankster|LightScreen,Reflect,SpiritBreak,ThunderWave|||M|||50|,,,,,Ghost
|showteam|p2|Tyranitar||AssaultVest|SandStream|RockSlide,KnockOff,TeraBlast,LowKick|||F|||50|,,,,,Flying]Excadrill||FocusSash|SandRush|HighHorsepower,Earthquake,IronHead,Protect|||F|||50|,,,,,Stellar]Gholdengo||LifeOrb|GoodasGold|MakeItRain,ShadowBall,NastyPlot,Protect||||||50|,,,,,Water]Volcarona||CovertCloak|FlameBody|RagePowder,FieryDance,StruggleBug,Tailwind|||F|||50|,,,,,Grass]Gastrodon||Leftovers|StormDrain|Yawn,IceBeam,EarthPower,Protect|||M|||50|,,,,,Poison]Rillaboom||MiracleSeed|GrassySurge|FakeOut,GrassyGlide,WoodHammer,HighHorsepower|||F|||50|,,,,,Fire
|inactive|Battle timer is ON: inactive players will automatically lose when time's up. (requested by Jamstiffer)
|inactive|Darkan33 has 60 seconds left.
|inactive|Jamstiffer has 60 seconds left.
|
|t:|1756395932
|teamsize|p1|4
|teamsize|p2|4
|start
|switch|p1a: Garchomp|Garchomp, L50, F|100/100
|switch|p1b: Breloom|Breloom, L50, F, shiny|100/100
|switch|p2a: Gholdengo|Gholdengo, L50|100/100
|switch|p2b: Gastrodon|Gastrodon, L50, M|100/100
|turn|1
|
|t:|1756395954
|switch|p2b: Rillaboom|Rillaboom, L50, F|100/100
|-fieldstart|move: Grassy Terrain|[from] ability: Grassy Surge|[of] p2b: Rillaboom
|-terastallize|p2a: Gholdengo|Water
|move|p1a: Garchomp|Scale Shot|p2b: Rillaboom
|-damage|p2b: Rillaboom|89/100
|-damage|p2b: Rillaboom|76/100
|-damage|p2b: Rillaboom|65/100
|-damage|p2b: Rillaboom|52/100
|-damage|p2b: Rillaboom|39/100
|-hitcount|p2b: Rillaboom|5
|-unboost|p1a: Garchomp|def|1
|-boost|p1a: Garchomp|spe|1
|move|p1b: Breloom|Bullet Seed|p2b: Rillaboom
|-resisted|p2b: Rillaboom
|-damage|p2b: Rillaboom|27/100
|-resisted|p2b: Rillaboom
|-damage|p2b: Rillaboom|15/100
|-resisted|p2b: Rillaboom
|-damage|p2b: Rillaboom|3/100
|-resisted|p2b: Rillaboom
|-damage|p2b: Rillaboom|0 fnt
|faint|p2b: Rillaboom
|-hitcount|p2: Rillaboom|4
|move|p2a: Gholdengo|Nasty Plot|p2a: Gholdengo
|-boost|p2a: Gholdengo|spa|2
|
|upkeep
|
|t:|1756395978
|switch|p2b: Tyranitar|Tyranitar, L50, F|100/100
|-weather|Sandstorm|[from] ability: Sand Stream|[of] p2b: Tyranitar
|turn|2
|
|t:|1756396002
|move|p1a: Garchomp|Stomping Tantrum|p2b: Tyranitar
|-supereffective|p2b: Tyranitar
|-damage|p2b: Tyranitar|37/100
|move|p1b: Breloom|Bullet Seed|p2a: Gholdengo
|-supereffective|p2a: Gholdengo
|-damage|p2a: Gholdengo|51/100
|-supereffective|p2a: Gholdengo
|-damage|p2a: Gholdengo|4/100
|-hitcount|p2a: Gholdengo|2
|move|p2a: Gholdengo|Make It Rain|p1a: Garchomp|[spread] p1a,p1b
|-damage|p1a: Garchomp|0 fnt
|-enditem|p1b: Breloom|Focus Sash
|-damage|p1b: Breloom|1/100
|-unboost|p2a: Gholdengo|spa|1
|faint|p1a: Garchomp
|-damage|p2a: Gholdengo|0 fnt|[from] item: Life Orb
|faint|p2a: Gholdengo
|move|p2b: Tyranitar|Knock Off|p1b: Breloom
|-resisted|p1b: Breloom
|-damage|p1b: Breloom|0 fnt
|faint|p1b: Breloom
|
|-weather|Sandstorm|[upkeep]
|-heal|p2b: Tyranitar|43/100|[from] Grassy Terrain
|upkeep
|
|t:|1756396017
|switch|p1a: Pelipper|Pelipper, L50, M, shiny|100/100
|switch|p1b: Archaludon|Archaludon, L50, F|100/100
|switch|p2a: Gastrodon|Gastrodon, L50, M|100/100
|-weather|RainDance|[from] ability: Drizzle|[of] p1a: Pelipper
|turn|3
|inactive|Darkan33 has 30 seconds left.
|inactive|Darkan33 has 20 seconds left.
|
|t:|1756396055
|move|p1a: Pelipper|Weather Ball|p2a: Gastrodon
|-activate|p2a: Gastrodon|ability: Storm Drain
|-ability|p2a: Gastrodon|Storm Drain|boost
|-boost|p2a: Gastrodon|spa|1
|move|p1b: Archaludon|Flash Cannon|p2a: Gastrodon
|-resisted|p2a: Gastrodon
|-damage|p2a: Gastrodon|84/100
|move|p2b: Tyranitar|Low Kick|p1b: Archaludon
|-supereffective|p1b: Archaludon
|-damage|p1b: Archaludon|59/100
|-ability|p1b: Archaludon|Stamina|boost
|-boost|p1b: Archaludon|def|1
|move|p2a: Gastrodon|Ice Beam|p1b: Archaludon
|-damage|p1b: Archaludon|39/100
|-ability|p1b: Archaludon|Stamina|boost
|-boost|p1b: Archaludon|def|1
|
|-weather|RainDance|[upkeep]
|-heal|p1b: Archaludon|45/100|[from] Grassy Terrain
|-heal|p2b: Tyranitar|49/100|[from] Grassy Terrain
|-heal|p2a: Gastrodon|89/100|[from] Grassy Terrain
|-heal|p2a: Gastrodon|95/100|[from] item: Leftovers
|upkeep
|turn|4
|
|t:|1756396076
|move|p1a: Pelipper|Hurricane|p2a: Gastrodon
|-damage|p2a: Gastrodon|54/100
|-start|p2a: Gastrodon|confusion
|move|p1b: Archaludon|Flash Cannon|p2b: Tyranitar
|-supereffective|p2b: Tyranitar
|-damage|p2b: Tyranitar|6/100
|move|p2b: Tyranitar|Knock Off|p1b: Archaludon
|-damage|p1b: Archaludon|26/100
|-ability|p1b: Archaludon|Stamina|boost
|-boost|p1b: Archaludon|def|1
|-enditem|p1b: Archaludon|Assault Vest|[from] move: Knock Off|[of] p2b: Tyranitar
|-activate|p2a: Gastrodon|confusion
|move|p2a: Gastrodon|Earth Power|p1b: Archaludon
|-supereffective|p1b: Archaludon
|-damage|p1b: Archaludon|0 fnt
|faint|p1b: Archaludon
|
|-weather|RainDance|[upkeep]
|-heal|p2b: Tyranitar|12/100|[from] Grassy Terrain
|-heal|p2a: Gastrodon|60/100|[from] Grassy Terrain
|-heal|p2a: Gastrodon|66/100|[from] item: Leftovers
|upkeep
|turn|5
|
|t:|1756396095
|move|p1a: Pelipper|Hurricane|p2b: Tyranitar
|-resisted|p2b: Tyranitar
|-damage|p2b: Tyranitar|0 fnt
|faint|p2b: Tyranitar
|-activate|p2a: Gastrodon|confusion
|move|p2a: Gastrodon|Ice Beam|p1a: Pelipper
|-damage|p1a: Pelipper|52/100
|
|-weather|RainDance|[upkeep]
|-heal|p2a: Gastrodon|72/100|[from] Grassy Terrain
|-heal|p2a: Gastrodon|78/100|[from] item: Leftovers
|-fieldend|move: Grassy Terrain
|upkeep
|turn|6
|c|☆Jamstiffer|gg
|
|t:|1756396104
|-end|p2a: Gastrodon|confusion
|move|p2a: Gastrodon|Protect|p2a: Gastrodon
|-singleturn|p2a: Gastrodon|Protect
|move|p1a: Pelipper|Hurricane|p2a: Gastrodon
|-activate|p2a: Gastrodon|move: Protect
|
|-weather|RainDance|[upkeep]
|-heal|p2a: Gastrodon|84/100|[from] item: Leftovers
|upkeep
|turn|7
|
|t:|1756396108
|move|p1a: Pelipper|Hurricane|p2a: Gastrodon
|-damage|p2a: Gastrodon|42/100
|move|p2a: Gastrodon|Ice Beam|p1a: Pelipper
|-damage|p1a: Pelipper|2/100
|
|-weather|none
|-heal|p2a: Gastrodon|48/100|[from] item: Leftovers
|upkeep
|turn|8
|
|t:|1756396118
|move|p2a: Gastrodon|Protect|p2a: Gastrodon
|-singleturn|p2a: Gastrodon|Protect
|move|p1a: Pelipper|Hurricane|p2a: Gastrodon
|-activate|p2a: Gastrodon|move: Protect
|
|-heal|p2a: Gastrodon|54/100|[from] item: Leftovers
|upkeep
|turn|9
|
|t:|1756396122
|move|p1a: Pelipper|Hurricane|p2a: Gastrodon
|-damage|p2a: Gastrodon|13/100
|-start|p2a: Gastrodon|confusion
|-activate|p2a: Gastrodon|confusion
|-damage|p2a: Gastrodon|8/100|[from] confusion
|
|-heal|p2a: Gastrodon|14/100|[from] item: Leftovers
|upkeep
|turn|10
|c|☆Jamstiffer|NOO
|
|t:|1756396140
|-activate|p2a: Gastrodon|confusion
|-damage|p2a: Gastrodon|9/100|[from] confusion
|move|p1a: Pelipper|Hurricane|p2a: Gastrodon
|-damage|p2a: Gastrodon|0 fnt
|faint|p2a: Gastrodon
|
|win|Darkan33
||Jamstiffer is ready for game 2.
