|j|☆twittle twister
|j|☆Sbinnotto
|html|twittle twisterSbinnotto    
|uhtml|bestof|Game 1 of a best-of-3
|t:|1757643113
|gametype|doubles
|player|p1|twittle twister|265|1112
|player|p2|Sbinnotto|clown|1103
|gen|9
|tier|[Gen 9] VGC 2025 Reg H (Bo3)
|rated|
|rule|Species Clause: Limit one of each Pokémon
|rule|Item Clause: Limit 1 of each item
|clearpoke
|poke|p1|Electabuzz, L50, M|
|poke|p1|Ursaluna-Bloodmoon, L50, M|
|poke|p1|Arcanine-Hisui, L50, F|
|poke|p1|Tyranitar, L50, F|
|poke|p1|Sneasler, L50, M|
|poke|p1|Indeedee, L50, M|
|poke|p2|Sneasler, L50, M|
|poke|p2|Palossand, L50, F|
|poke|p2|Talonflame, L50, F|
|poke|p2|Volcarona, L50, F|
|poke|p2|Rillaboom, L50, M|
|poke|p2|Gholdengo, L50|
|teampreview|4
|showteam|p1|Electabuzz||Eviolite|VitalSpirit|Electroweb,FollowMe,Taunt,Thunderbolt|||M|||50|,,,,,Flying]Ursaluna-Bloodmoon||ThroatSpray|MindsEye|HyperVoice,BloodMoon,Protect,EarthPower|||M|||50|,,,,,Ghost]Arcanine-Hisui||ClearAmulet|Intimidate|RockSlide,ExtremeSpeed,FlareBlitz,Protect|||F|||50|,,,,,Water]Tyranitar||AssaultVest|SandStream|RockSlide,TeraBlast,KnockOff,HighHorsepower|||F|||50|,,,,,Flying]Sneasler||PsychicSeed|Unburden|DireClaw,CloseCombat,ThroatChop,Acrobatics|||M|||50|,,,,,Flying]Indeedee||FocusSash|PsychicSurge|DazzlingGleam,ExpandingForce,Psychic,TrickRoom|||M|||50|,,,,,Dark
|showteam|p2|Sneasler||FocusSash|Unburden|CloseCombat,DireClaw,ThroatChop,FakeOut|||M|||50|,,,,,Ghost]Palossand||Leftovers|WaterCompaction|EarthPower,AncientPower,ShoreUp,Protect|||F|||50|,,,,,Grass]Talonflame||CovertCloak|GaleWings|BraveBird,FlareBlitz,Tailwind,Taunt|||F|||50|,,,,,Dark]Volcarona||ChoiceSpecs|FlameBody|HeatWave,GigaDrain,TeraBlast,BugBuzz|||F|||50|,,,,,Water]Rillaboom||AssaultVest|GrassySurge|WoodHammer,HighHorsepower,GrassyGlide,FakeOut|||M|||50|,,,,,Fire]Gholdengo||LifeOrb|GoodasGold|MakeItRain,ShadowBall,Thunderbolt,Protect||||||50|,,,,,Steel
|inactive|Battle timer is ON: inactive players will automatically lose when time's up. (requested by Sbinnotto)
|inactive|Sbinnotto has 60 seconds left.
|inactive|Sbinnotto has 30 seconds left.
|
|t:|1757643182
|teamsize|p1|4
|teamsize|p2|4
|start
|switch|p1a: Sneasler|Sneasler, L50, M|100/100
|switch|p1b: Ursaluna|Ursaluna-Bloodmoon, L50, M|100/100
|switch|p2a: Talonflame|Talonflame, L50, F|100/100
|switch|p2b: Palossand|Palossand, L50, F|100/100
|turn|1
|
|t:|1757643203
|switch|p1a: Tyranitar|Tyranitar, L50, F|100/100
|-weather|Sandstorm|[from] ability: Sand Stream|[of] p1a: Tyranitar
|move|p2a: Talonflame|Brave Bird|p1a: Tyranitar
|-resisted|p1a: Tyranitar
|-damage|p1a: Tyranitar|78/100
|-damage|p2a: Talonflame|92/100|[from] Recoil
|move|p1b: Ursaluna|Hyper Voice|p2a: Talonflame|[spread] p2a,p2b
|-damage|p2a: Talonflame|33/100
|-damage|p2b: Palossand|61/100
|-enditem|p1b: Ursaluna|Throat Spray
|-boost|p1b: Ursaluna|spa|1|[from] item: Throat Spray
|move|p2b: Palossand|Ancient Power|p1a: Tyranitar
|-damage|p1a: Tyranitar|72/100
|
|-weather|Sandstorm|[upkeep]
|-damage|p2a: Talonflame|27/100|[from] Sandstorm
|-heal|p2b: Palossand|68/100|[from] item: Leftovers
|upkeep
|turn|2
|inactive|twittle twister has 30 seconds left.
|inactive|Sbinnotto has 30 seconds left.
|
|t:|1757643235
|move|p2a: Talonflame|Tailwind|p2a: Talonflame
|-sidestart|p2: Sbinnotto|move: Tailwind
|move|p2b: Palossand|Earth Power|p1b: Ursaluna
|-damage|p1b: Ursaluna|54/100
|move|p1a: Tyranitar|Knock Off|p2b: Palossand
|-supereffective|p2b: Palossand
|-damage|p2b: Palossand|0 fnt
|-enditem|p2b: Palossand|Leftovers|[from] move: Knock Off|[of] p1a: Tyranitar
|faint|p2b: Palossand
|move|p1b: Ursaluna|Hyper Voice|p2a: Talonflame
|-damage|p2a: Talonflame|0 fnt
|faint|p2a: Talonflame
|
|-weather|Sandstorm|[upkeep]
|upkeep
|
|t:|1757643243
|switch|p2a: Volcarona|Volcarona, L50, F|100/100
|switch|p2b: Rillaboom|Rillaboom, L50, M|100/100
|-fieldstart|move: Grassy Terrain|[from] ability: Grassy Surge|[of] p2b: Rillaboom
|turn|3
|inactive|Sbinnotto has 30 seconds left.
|
|t:|1757643269
|switch|p1a: Indeedee|Indeedee, L50, M|100/100
|-fieldstart|move: Psychic Terrain|[from] ability: Psychic Surge|[of] p1a: Indeedee
|-terastallize|p2a: Volcarona|Water
|move|p2b: Rillaboom|Fake Out|p1a: Indeedee
|-activate|p1a: Indeedee|move: Psychic Terrain
|move|p2a: Volcarona|Tera Blast|p1b: Ursaluna|[anim] Tera Blast Water
|-supereffective|p1b: Ursaluna
|-crit|p1b: Ursaluna
|-damage|p1b: Ursaluna|0 fnt
|faint|p1b: Ursaluna
|
|-weather|Sandstorm|[upkeep]
|-damage|p2a: Volcarona|94/100|[from] Sandstorm
|-damage|p2b: Rillaboom|94/100|[from] Sandstorm
|-damage|p1a: Indeedee|95/100|[from] Sandstorm
|upkeep
|
|t:|1757643282
|switch|p1b: Sneasler|Sneasler, L50, M|100/100
|-enditem|p1b: Sneasler|Psychic Seed
|-boost|p1b: Sneasler|spd|1|[from] item: Psychic Seed
|turn|4
|
|t:|1757643291
|-terastallize|p1b: Sneasler|Flying
|move|p1b: Sneasler|Acrobatics|p2b: Rillaboom
|-supereffective|p2b: Rillaboom
|-damage|p2b: Rillaboom|0 fnt
|faint|p2b: Rillaboom
|move|p2a: Volcarona|Tera Blast|p1a: Indeedee|[anim] Tera Blast Water
|-damage|p1a: Indeedee|18/100
|move|p1a: Indeedee|Expanding Force|p2a: Volcarona
|-damage|p2a: Volcarona|22/100
|
|-weather|Sandstorm|[upkeep]
|-damage|p1b: Sneasler|95/100|[from] Sandstorm
|-damage|p2a: Volcarona|16/100|[from] Sandstorm
|-damage|p1a: Indeedee|12/100|[from] Sandstorm
|upkeep
|turn|5
|
|t:|1757643305
|move|p1b: Sneasler|Acrobatics|p2a: Volcarona
|-damage|p2a: Volcarona|0 fnt
|-status|p1b: Sneasler|brn|[from] ability: Flame Body|[of] p2a: Volcarona
|faint|p2a: Volcarona
|
|win|twittle twister
||twittle twister is ready for game 2.
|inactive|Sbinnotto has 30 seconds to confirm battle start!
||Sbinnotto is ready for game 2.
|uhtml|next|Next: Game 2 of 3
