|j|☆NPCMystic
|j|☆Crimson Jake
|html|NPCMysticCrimson Jake    
|uhtml|bestof|Game 1 of a best-of-3
|t:|1782345548
|gametype|doubles
|player|p1|NPCMystic|cynthia-gen4|1000
|player|p2|Crimson Jake|blue|1025
|gen|9
|tier|[Gen 9 Champions] VGC 2026 Reg M-B (Bo3)
|rated|
|rule|Species Clause: Limit one of each Pokémon
|rule|Item Clause: Limit 1 of each item
|clearpoke
|poke|p1|Spiritomb, L50, M|
|poke|p1|Garchomp, L50, F|
|poke|p1|Milotic, L50, M|
|poke|p1|Lucario, L50, F|
|poke|p1|Roserade, L50, M|
|poke|p1|Glaceon, L50, F|
|poke|p2|Pelipper, L50, M|
|poke|p2|Charizard, L50, M|
|poke|p2|Archaludon, L50, M|
|poke|p2|Greninja, L50, M, shiny|
|poke|p2|Grimmsnarl, L50, M|
|poke|p2|Sneasler, L50, F|
|teampreview|4
|showteam|p1|Spiritomb||FocusSash|Infiltrator|Disable,WillOWisp,SuckerPunch,PhantomForce|Careful||M|||50|]Garchomp||Garchompite|RoughSkin|DragonClaw,Earthquake,StompingTantrum,Protect|Jolly||F|||50|]Milotic||LifeOrb|MarvelScale|Coil,MuddyWater,Hypnosis,Protect|Timid||M|||50|]Lucario||ExpertBelt|InnerFocus|RockSlide,FinalGambit,MeteorMash,Protect|Jolly||F|||50|]Roserade||LumBerry|PoisonPoint|PetalDance,DazzlingGleam,ToxicSpikes,Protect|Timid||M|||50|]Glaceon||ChoiceScarf|SnowCloak|HyperVoice,IceBeam,ShadowBall,Protect|Timid||F|||50|
|showteam|p2|Pelipper||FocusSash|Drizzle|Hurricane,Tailwind,WeatherBall,AirSlash|Bold||M|||50|]Charizard||CharizarditeY|SolarPower|WeatherBall,HeatWave,SolarBeam,Protect|Timid||M|||50|]Archaludon||Leftovers|Stamina|ElectroShot,FlashCannon,MeteorBeam,DragonPulse|Timid||M|||50|]Greninja||Greninjite|Protean|WeatherBall,SludgeWave,DarkPulse,Surf|Timid||M|||50|]Grimmsnarl||LightClay|Prankster|Reflect,LightScreen,PartingShot,SpiritBreak|Careful||M|||50|]Sneasler||WhiteHerb|Unburden|FakeOut,BrickBreak,DireClaw,Protect|Adamant||F|||50|
|inactive|Battle timer is ON: inactive players will automatically lose when time's up. (requested by Crimson Jake)
|inactive|NPCMystic has 60 seconds left.
|inactive|Crimson Jake has 60 seconds left.
|
|t:|1782345603
|teamsize|p1|4
|teamsize|p2|4
|start
|switch|p1a: Milotic|Milotic, L50, M|100/100
|switch|p1b: Lucario|Lucario, L50, F|100/100
|switch|p2a: Smee|Pelipper, L50, M|100/100
|switch|p2b: Kronos|Grimmsnarl, L50, M|100/100
|-weather|RainDance|[from] ability: Drizzle|[of] p2a: Smee
|turn|1
|inactive|NPCMystic has 30 seconds left.
|inactive|Crimson Jake has 30 seconds left.
|
|t:|1782345634
|move|p2b: Kronos|Parting Shot|p1b: Lucario
|-unboost|p1b: Lucario|atk|1
|-unboost|p1b: Lucario|spa|1
|
|t:|1782345645
|switch|p2b: Don|Archaludon, L50, M|100/100|[from] Parting Shot
|move|p1b: Lucario|Meteor Mash|p2b: Don
|-resisted|p2b: Don|1
|-damage|p2b: Don|87/100
|-ability|p2b: Don|Stamina|boost
|-boost|p2b: Don|def|1
|move|p1a: Milotic|Hypnosis|p2a: Smee|[miss]
|-miss|p1a: Milotic|p2a: Smee
|move|p2a: Smee|Tailwind|p2a: Smee
|-sidestart|p2: Crimson Jake|move: Tailwind
|
|-weather|RainDance|[upkeep]
|-heal|p2b: Don|93/100|[from] item: Leftovers
|upkeep
|turn|2
|
|t:|1782345665
|move|p2b: Don|Dragon Pulse|p1a: Milotic
|-damage|p1a: Milotic|67/100
|move|p2a: Smee|Hurricane|p1b: Lucario
|-damage|p1b: Lucario|38/100
|-start|p1b: Lucario|confusion
|-activate|p1b: Lucario|confusion
|move|p1b: Lucario|Rock Slide|p2b: Don|[spread] p2a,p2b
|-supereffective|p2a: Smee|1
|-resisted|p2b: Don|1
|-damage|p2a: Smee|78/100
|-damage|p2b: Don|90/100
|-ability|p2b: Don|Stamina|boost
|-boost|p2b: Don|def|1
|move|p1a: Milotic|Hypnosis|p2b: Don
|-status|p2b: Don|slp|[from] move: Hypnosis
|
|-weather|RainDance|[upkeep]
|-heal|p2b: Don|96/100 slp|[from] item: Leftovers
|upkeep
|turn|3
|inactive|NPCMystic has 30 seconds left.
|inactive|NPCMystic has 20 seconds left.
|
|t:|1782345702
|cant|p2b: Don|slp
|move|p2a: Smee|Hurricane|p1b: Lucario
|-damage|p1b: Lucario|0 fnt
|faint|p1b: Lucario
|move|p1a: Milotic|Muddy Water|p2b: Don|[spread] p2a,p2b
|-resisted|p2a: Smee|1
|-resisted|p2b: Don|1
|-damage|p2a: Smee|45/100
|-damage|p2b: Don|60/100 slp
|-ability|p2b: Don|Stamina|boost
|-boost|p2b: Don|def|1
|-damage|p1a: Milotic|57/100|[from] item: Life Orb
|
|-weather|RainDance|[upkeep]
|-heal|p2b: Don|66/100 slp|[from] item: Leftovers
|upkeep
|
|t:|1782345714
|switch|p1b: Roserade|Roserade, L50, M|100/100
|turn|4
|
|t:|1782345722
|cant|p2b: Don|slp
|move|p2a: Smee|Hurricane|p1b: Roserade
|-supereffective|p1b: Roserade|1
|-damage|p1b: Roserade|12/100
|move|p1b: Roserade|Dazzling Gleam|p2a: Smee|[spread] p2a,p2b
|-damage|p2a: Smee|14/100
|-damage|p2b: Don|35/100 slp
|-ability|p2b: Don|Stamina|boost
|-boost|p2b: Don|def|1
|move|p1a: Milotic|Muddy Water|p2b: Don|[spread] p2a,p2b
|-resisted|p2a: Smee|1
|-resisted|p2b: Don|1
|-damage|p2a: Smee|0 fnt
|-damage|p2b: Don|0 fnt
|faint|p2a: Smee
|faint|p2b: Don
|-damage|p1a: Milotic|47/100|[from] item: Life Orb
|
|-weather|RainDance|[upkeep]
|-sideend|p2: Crimson Jake|move: Tailwind
|upkeep
|
|t:|1782345730
|switch|p2b: Logan|Sneasler, L50, F|100/100
|switch|p2a: Kronos|Grimmsnarl, L50, M|100/100
|turn|5
|
|t:|1782345741
|move|p1b: Roserade|Protect|p1b: Roserade
|-singleturn|p1b: Roserade|Protect
|move|p2b: Logan|Fake Out|p1a: Milotic
|-damage|p1a: Milotic|29/100
|move|p2a: Kronos|Light Screen|p2a: Kronos
|-sidestart|p2: Crimson Jake|move: Light Screen
|cant|p1a: Milotic|flinch
|
|-weather|none
|upkeep
|turn|6
|
|t:|1782345759
|move|p2b: Logan|Dire Claw|p1a: Milotic
|-damage|p1a: Milotic|0 fnt
|faint|p1a: Milotic
|move|p1b: Roserade|Dazzling Gleam|p2a: Kronos|[spread] p2a,p2b
|-supereffective|p2a: Kronos|1
|-damage|p2a: Kronos|80/100
|-damage|p2b: Logan|81/100
|move|p2a: Kronos|Spirit Break|p1b: Roserade
|-resisted|p1b: Roserade|1
|-damage|p1b: Roserade|0 fnt
|-status|p2a: Kronos|psn|[from] ability: Poison Point|[of] p1b: Roserade
|faint|p1b: Roserade
|
|-damage|p2a: Kronos|68/100 psn|[from] psn
|upkeep
|
|t:|1782345768
|switch|p1b: Garchomp|Garchomp, L50, F|100/100
|turn|7
|
|t:|1782345778
|detailschange|p1b: Garchomp|Garchomp-Mega, L50, F
|-mega|p1b: Garchomp|Garchomp|Garchompite
|move|p2b: Logan|Protect|p2b: Logan
|-singleturn|p2b: Logan|Protect
|move|p2a: Kronos|Reflect|p2a: Kronos
|-sidestart|p2: Crimson Jake|Reflect
|move|p1b: Garchomp|Earthquake|p2a: Kronos|[spread] p2a
|-activate|p2b: Logan|move: Protect
|-damage|p2a: Kronos|30/100 psn
|
|-damage|p2a: Kronos|18/100 psn|[from] psn
|upkeep
|turn|8
|
|t:|1782345792
|move|p2a: Kronos|Parting Shot|p1b: Garchomp
|-unboost|p1b: Garchomp|atk|1
|-unboost|p1b: Garchomp|spa|1
|move|p2b: Logan|Dire Claw|p1b: Garchomp
|-resisted|p1b: Garchomp|1
|-damage|p1b: Garchomp|79/100
|move|p1b: Garchomp|Earthquake|p2b: Logan|[spread] p2a,p2b
|-supereffective|p2b: Logan|1
|-damage|p2a: Kronos|0 fnt
|-damage|p2b: Logan|9/100
|faint|p2a: Kronos
|
|upkeep
|turn|9
|
|t:|1782345812
|move|p2b: Logan|Brick Break|p1b: Garchomp
|-damage|p1b: Garchomp|40/100
|move|p1b: Garchomp|Stomping Tantrum|p2b: Logan
|-supereffective|p2b: Logan|1
|-damage|p2b: Logan|0 fnt
|faint|p2b: Logan
|
|win|NPCMystic
||Crimson Jake is ready for game 2.
||NPCMystic is ready for game 2.
|uhtml|next|Next: Game 2 of 3
|l|☆NPCMystic
|player|p1|
