|j|☆thebrickwall285
|j|☆eejay2018
|html|thebrickwall285eejay2018    
|uhtml|bestof|Game 3 of a best-of-3
|t:|1783211220
|gametype|doubles
|player|p1|thebrickwall285|101|1046
|player|p2|eejay2018|youngster-gen4dp|1078
|gen|9
|tier|[Gen 9 Champions] VGC 2026 Reg M-B (Bo3)
|rated|
|rule|Species Clause: Limit one of each Pokémon
|rule|Item Clause: Limit 1 of each item
|clearpoke
|poke|p1|Scovillain, L50, F|
|poke|p1|Aerodactyl, L50, M|
|poke|p1|Sylveon, L50, F|
|poke|p1|Salazzle, L50, F|
|poke|p1|Meowstic, L50, M|
|poke|p1|Kingambit, L50, M|
|poke|p2|Charizard, L50, F|
|poke|p2|Whimsicott, L50, F|
|poke|p2|Floette-Eternal, L50, F|
|poke|p2|Basculegion, L50, M|
|poke|p2|Garchomp, L50, M|
|poke|p2|Kingambit, L50, M|
|teampreview|4
|showteam|p1|Scovillain||Scovillainite|Chlorophyll|Flamethrower,GigaDrain,RagePowder,LeechSeed|Modest||F|||50|]Aerodactyl||Aerodactylite|RockHead|DragonClaw,Tailwind,DualWingbeat,RockSlide|Jolly||M|||50|]Sylveon||SitrusBerry|Pixilate|CalmMind,Protect,HyperVoice,ShadowBall|Modest||F|||50|]Salazzle||ShellBell|Corrosion|FakeOut,Flamethrower,SludgeBomb,Toxic|Hasty||F|||50|]Meowstic||FocusSash|Prankster|FakeOut,TrickRoom,Psychic,SunnyDay|Sassy||M|||50|]Kingambit||Leftovers|Defiant|IronHead,LowKick,SuckerPunch,KowtowCleave|Adamant||M|||50|
|showteam|p2|Charizard||CharizarditeY|Blaze|HeatWave,SolarBeam,WeatherBall,Protect|Modest||F|||50|]Whimsicott||FocusSash|Prankster|Moonblast,Encore,Tailwind,Protect|Timid||F|||50|]Floette-Eternal||Floettite|FlowerVeil|Moonblast,DazzlingGleam,LightofRuin,Protect|Timid||F|||50|]Basculegion||MysticWater|Adaptability|WaveCrash,AquaJet,LastRespects,Protect|Adamant||M|||50|]Garchomp||LifeOrb|RoughSkin|DragonClaw,Earthquake,RockSlide,Protect|Jolly||M|||50|]Kingambit||BlackGlasses|Defiant|KowtowCleave,SuckerPunch,IronHead,Protect|Adamant||M|||50|
|
|t:|1783211232
|teamsize|p1|4
|teamsize|p2|4
|start
|switch|p1a: Scovillain|Scovillain, L50, F|100/100
|switch|p1b: Salazzle|Salazzle, L50, F|100/100
|switch|p2a: Whimsicott|Whimsicott, L50, F|100/100
|switch|p2b: Charizard|Charizard, L50, F|100/100
|turn|1
|
|t:|1783211258
|detailschange|p2b: Charizard|Charizard-Mega-Y, L50, F
|-mega|p2b: Charizard|Charizard|Charizardite Y
|-weather|SunnyDay|[from] ability: Drought|[of] p2b: Charizard
|detailschange|p1a: Scovillain|Scovillain-Mega, L50, F
|-mega|p1a: Scovillain|Scovillain|Scovillainite
|move|p1b: Salazzle|Fake Out|p2b: Charizard
|-damage|p2b: Charizard|92/100
|move|p2a: Whimsicott|Tailwind|p2a: Whimsicott
|-sidestart|p2: eejay2018|move: Tailwind
|cant|p2b: Charizard|flinch
|move|p1a: Scovillain|Flamethrower|p2a: Whimsicott
|-supereffective|p2a: Whimsicott|1
|-enditem|p2a: Whimsicott|Focus Sash
|-damage|p2a: Whimsicott|1/100
|
|-weather|SunnyDay|[upkeep]
|upkeep
|turn|2
|
|t:|1783211282
|switch|p1b: Aerodactyl|Aerodactyl, L50, M|100/100
|move|p2a: Whimsicott|Protect|p2a: Whimsicott
|-singleturn|p2a: Whimsicott|Protect
|move|p2b: Charizard|Heat Wave|p1a: Scovillain|[spread] p1b
|-miss|p2b: Charizard|p1a: Scovillain
|-resisted|p1b: Aerodactyl|1
|-damage|p1b: Aerodactyl|54/100
|move|p1a: Scovillain|Flamethrower|p2a: Whimsicott
|-activate|p2a: Whimsicott|move: Protect
|
|-weather|SunnyDay|[upkeep]
|upkeep
|turn|3
|
|t:|1783211305
|move|p2b: Charizard|Protect|p2b: Charizard
|-singleturn|p2b: Charizard|Protect
|move|p2a: Whimsicott|Moonblast|p1b: Aerodactyl
|-damage|p1b: Aerodactyl|7/100
|move|p1b: Aerodactyl|Rock Slide|p2b: Charizard|[spread] p2a
|-activate|p2b: Charizard|move: Protect
|-damage|p2a: Whimsicott|0 fnt
|faint|p2a: Whimsicott
|move|p1a: Scovillain|Leech Seed|p2b: Charizard
|-activate|p2b: Charizard|move: Protect
|
|-weather|SunnyDay|[upkeep]
|upkeep
|
|t:|1783211318
|switch|p2a: Floette|Floette-Eternal, L50, F|100/100
|turn|4
|
|t:|1783211329
|switch|p2b: Basculegion|Basculegion, L50, M|100/100
|switch|p1b: Salazzle|Salazzle, L50, F|100/100
|move|p2a: Floette|Dazzling Gleam|p1a: Scovillain|[spread] p1a,p1b
|-resisted|p1a: Scovillain|1
|-resisted|p1b: Salazzle|2
|-damage|p1a: Scovillain|83/100
|-damage|p1b: Salazzle|86/100
|-status|p2a: Floette|brn|[from] ability: Spicy Spray|[of] p1a: Scovillain
|move|p1a: Scovillain|Leech Seed|p2b: Basculegion
|-start|p2b: Basculegion|move: Leech Seed
|
|-weather|SunnyDay|[upkeep]
|-damage|p2b: Basculegion|87/100|[from] Leech Seed|[of] p1a: Scovillain
|-heal|p1a: Scovillain|97/100|[silent]
|-damage|p2a: Floette|94/100 brn|[from] brn
|-sideend|p2: eejay2018|move: Tailwind
|upkeep
|turn|5
|
|t:|1783211354
|switch|p2a: Charizard|Charizard-Mega-Y, L50, F|92/100
|move|p1a: Scovillain|Rage Powder|p1a: Scovillain
|-singleturn|p1a: Scovillain|move: Rage Powder
|move|p1b: Salazzle|Sludge Bomb|p2a: Charizard
|-damage|p2a: Charizard|55/100
|-heal|p1b: Salazzle|92/100|[from] item: Shell Bell|[of] p2a: Charizard
|move|p2b: Basculegion|Wave Crash|p1a: Scovillain
|-damage|p1a: Scovillain|44/100
|-status|p2b: Basculegion|brn|[from] ability: Spicy Spray|[of] p1a: Scovillain
|-damage|p2b: Basculegion|73/100 brn|[from] Recoil
|
|-weather|none
|-damage|p2b: Basculegion|61/100 brn|[from] Leech Seed|[of] p1a: Scovillain
|-heal|p1a: Scovillain|58/100|[silent]
|-damage|p2b: Basculegion|55/100 brn|[from] brn
|upkeep
|turn|6
|
|t:|1783211374
|move|p2a: Charizard|Protect|p2a: Charizard
|-singleturn|p2a: Charizard|Protect
|move|p2b: Basculegion|Protect|p2b: Basculegion
|-singleturn|p2b: Basculegion|Protect
|move|p1a: Scovillain|Rage Powder|p1a: Scovillain
|-singleturn|p1a: Scovillain|move: Rage Powder
|move|p1b: Salazzle|Toxic|p2a: Charizard
|-activate|p2a: Charizard|move: Protect
|
|-damage|p2b: Basculegion|43/100 brn|[from] Leech Seed|[of] p1a: Scovillain
|-heal|p1a: Scovillain|73/100|[silent]
|-damage|p2b: Basculegion|37/100 brn|[from] brn
|upkeep
|turn|7
|
|t:|1783211397
|move|p1a: Scovillain|Rage Powder|p1a: Scovillain
|-singleturn|p1a: Scovillain|move: Rage Powder
|move|p1b: Salazzle|Toxic|p2a: Charizard
|-status|p2a: Charizard|tox
|move|p2a: Charizard|Heat Wave|p1b: Salazzle|[spread] p1a
|-miss|p2a: Charizard|p1b: Salazzle
|-damage|p1a: Scovillain|22/100
|move|p2b: Basculegion|Wave Crash|p1a: Scovillain
|-damage|p1a: Scovillain|0 fnt
|faint|p1a: Scovillain
|-damage|p2b: Basculegion|31/100 brn|[from] Recoil
|
|-damage|p2a: Charizard|49/100 tox|[from] psn
|-damage|p2b: Basculegion|25/100 brn|[from] brn
|upkeep
|
|t:|1783211411
|switch|p1a: Sylveon|Sylveon, L50, F|100/100
|turn|8
|
|t:|1783211419
|move|p1a: Sylveon|Protect|p1a: Sylveon
|-singleturn|p1a: Sylveon|Protect
|move|p1b: Salazzle|Sludge Bomb|p2a: Charizard
|-damage|p2a: Charizard|12/100 tox
|-heal|p1b: Salazzle|97/100|[from] item: Shell Bell|[of] p2a: Charizard
|move|p2a: Charizard|Heat Wave|p1a: Sylveon|[spread] p1b
|-activate|p1a: Sylveon|move: Protect
|-resisted|p1b: Salazzle|1
|-damage|p1b: Salazzle|62/100
|move|p2b: Basculegion|Wave Crash|p1b: Salazzle
|-supereffective|p1b: Salazzle|1
|-damage|p1b: Salazzle|0 fnt
|faint|p1b: Salazzle
|-damage|p2b: Basculegion|11/100 brn|[from] Recoil
|
|-damage|p2b: Basculegion|0 fnt|[from] Leech Seed|[of] p1a: Sylveon
|faint|p2b: Basculegion
|-damage|p2a: Charizard|1/100 tox|[from] psn
|upkeep
|
|t:|1783211437
|switch|p1b: Aerodactyl|Aerodactyl, L50, M|7/100
|switch|p2b: Floette|Floette-Eternal, L50, F|94/100 brn
|turn|9
|
|t:|1783211443
|move|p2a: Charizard|Protect|p2a: Charizard
|-singleturn|p2a: Charizard|Protect
|move|p1b: Aerodactyl|Rock Slide|p2b: Floette|[spread] p2b
|-activate|p2a: Charizard|move: Protect
|-damage|p2b: Floette|54/100 brn
|move|p2b: Floette|Dazzling Gleam|p1a: Sylveon|[spread] p1a,p1b
|-damage|p1a: Sylveon|77/100
|-damage|p1b: Aerodactyl|0 fnt
|faint|p1b: Aerodactyl
|move|p1a: Sylveon|Hyper Voice|p2a: Charizard|[spread] p2b
|-activate|p2a: Charizard|move: Protect
|-damage|p2b: Floette|12/100 brn
|
|-damage|p2a: Charizard|0 fnt|[from] psn
|faint|p2a: Charizard
|-damage|p2b: Floette|6/100 brn|[from] brn
|upkeep
|turn|10
|
|t:|1783211463
|move|p1a: Sylveon|Protect|p1a: Sylveon
|-singleturn|p1a: Sylveon|Protect
|move|p2b: Floette|Light of Ruin|p1a: Sylveon
|-activate|p1a: Sylveon|move: Protect
|
|-damage|p2b: Floette|1/100 brn|[from] brn
|upkeep
|turn|11
|c|☆thebrickwall285|gg
|
|t:|1783211471
|move|p1a: Sylveon|Protect||[still]
|-fail|p1a: Sylveon
|move|p2b: Floette|Light of Ruin|p1a: Sylveon
|-damage|p1a: Sylveon|28/100
|-enditem|p1a: Sylveon|Sitrus Berry|[eat]
|-heal|p1a: Sylveon|53/100|[from] item: Sitrus Berry
|-damage|p2b: Floette|0 fnt|[from] Recoil
|faint|p2b: Floette
|
|win|thebrickwall285
|raw|thebrickwall285's rating: 1046 → 1082(+36 for winning)
|raw|eejay2018's rating: 1078 → 1054(-24 for losing)
|l|☆thebrickwall285
|player|p1|
