|j|☆ancient95
|j|☆thetaxcat
|html|ancient95thetaxcat    
|uhtml|bestof|Game 3 of a best-of-3
|t:|1783509751
|gametype|doubles
|player|p1|ancient95|benga|1209
|player|p2|thetaxcat|rocketgruntf|1159
|gen|9
|tier|[Gen 9 Champions] VGC 2026 Reg M-B (Bo3)
|rated|
|rule|Species Clause: Limit one of each Pokémon
|rule|Item Clause: Limit 1 of each item
|clearpoke
|poke|p1|Altaria, L50, M|
|poke|p1|Metagross, L50|
|poke|p1|Samurott-Hisui, L50, M|
|poke|p1|Floette-Eternal, L50, F|
|poke|p1|Sinistcha, L50|
|poke|p1|Sneasler, L50, M|
|poke|p2|Froslass, L50, F|
|poke|p2|Glaceon, L50, F|
|poke|p2|Glimmora, L50, M|
|poke|p2|Sinistcha, L50|
|poke|p2|Incineroar, L50, F|
|poke|p2|Garchomp, L50, F|
|teampreview|4
|showteam|p1|Altaria||HabanBerry|CloudNine|Protect,Tailwind,Hurricane,Haze|Bold||M|||50|]Metagross||Metagrossite|ClearBody|IronHead,IcePunch,StompingTantrum,Protect|Adamant|||||50|]Samurott-Hisui||FocusSash|Sharpness|CeaselessEdge,SacredSword,Protect,AquaCutter|Adamant||M|||50|]Floette-Eternal||Floettite|FlowerVeil|Moonblast,DazzlingGleam,LightofRuin,Protect|Modest||F|||50|]Sinistcha||CobaBerry|Hospitality|MatchaGotcha,LifeDew,Protect,RagePowder|Bold|||||50|]Sneasler||WhiteHerb|Unburden|CloseCombat,DireClaw,Protect,Coaching|Adamant||M|||50|
|showteam|p2|Froslass||Froslassite|SnowCloak|AuroraVeil,Blizzard,ShadowBall,Snowscape|Timid||F|||50|]Glaceon||Leftovers|IceBody|Blizzard,FreezeDry,CalmMind,Protect|Modest||F|||50|]Glimmora||FocusSash|ToxicDebris|PowerGem,SludgeBomb,EarthPower,SpikyShield|Timid||M|||50|]Sinistcha||OccaBerry|Hospitality|TrickRoom,RagePowder,MatchaGotcha,LifeDew|Sassy|||||50|]Incineroar||SitrusBerry|Intimidate|FakeOut,FlareBlitz,DarkestLariat,PartingShot|Adamant||F|||50|]Garchomp||Garchompite|SandVeil|BreakingSwipe,StompingTantrum,RockSlide,Protect|Adamant||F|||50|
|inactive|Battle timer is ON: inactive players will automatically lose when time's up. (requested by ancient95)
|
|t:|1783509769
|teamsize|p1|4
|teamsize|p2|4
|start
|switch|p1a: Metagross|Metagross, L50|100/100
|switch|p1b: Sneasler|Sneasler, L50, M|100/100
|switch|p2a: Glimmora|Glimmora, L50, M|100/100
|switch|p2b: Froslass|Froslass, L50, F|100/100
|turn|1
|
|t:|1783509794
|detailschange|p2b: Froslass|Froslass-Mega, L50, F
|-mega|p2b: Froslass|Froslass|Froslassite
|-weather|Snowscape|[from] ability: Snow Warning|[of] p2b: Froslass
|detailschange|p1a: Metagross|Metagross-Mega, L50
|-mega|p1a: Metagross|Metagross|Metagrossite
|move|p1a: Metagross|Protect|p1a: Metagross
|-singleturn|p1a: Metagross|Protect
|move|p2b: Froslass|Aurora Veil|p2b: Froslass
|-sidestart|p2: thetaxcat|move: Aurora Veil
|move|p1b: Sneasler|Close Combat|p2a: Glimmora
|-damage|p2a: Glimmora|55/100
|-unboost|p1b: Sneasler|def|1
|-unboost|p1b: Sneasler|spd|1
|-activate|p2a: Glimmora|ability: Toxic Debris
|-sidestart|p1: ancient95|move: Toxic Spikes
|-enditem|p1b: Sneasler|White Herb
|-clearnegativeboost|p1b: Sneasler|[silent]
|move|p2a: Glimmora|Earth Power|p1a: Metagross
|-activate|p1a: Metagross|move: Protect
|
|-weather|Snowscape|[upkeep]
|upkeep
|turn|2
|inactive|ancient95 has 30 seconds left.
|
|t:|1783509820
|move|p1b: Sneasler|Coaching|p1a: Metagross
|-boost|p1a: Metagross|atk|1
|-boost|p1a: Metagross|def|1
|move|p2b: Froslass|Shadow Ball|p1a: Metagross
|-supereffective|p1a: Metagross|1
|-damage|p1a: Metagross|28/100
|move|p1a: Metagross|Iron Head|p2a: Glimmora
|-supereffective|p2a: Glimmora|1
|-damage|p2a: Glimmora|0 fnt
|-activate|p2a: Glimmora|ability: Toxic Debris
|-sidestart|p1: ancient95|move: Toxic Spikes
|faint|p2a: Glimmora
|
|-weather|Snowscape|[upkeep]
|upkeep
|
|t:|1783509832
|switch|p2a: Garchomp|Garchomp, L50, F|100/100
|turn|3
|
|t:|1783509838
|move|p1b: Sneasler|Protect|p1b: Sneasler
|-singleturn|p1b: Sneasler|Protect
|move|p1a: Metagross|Protect|p1a: Metagross
|-singleturn|p1a: Metagross|Protect
|move|p2b: Froslass|Shadow Ball|p1a: Metagross
|-activate|p1a: Metagross|move: Protect
|move|p2a: Garchomp|Stomping Tantrum|p1b: Sneasler
|-activate|p1b: Sneasler|move: Protect
|
|-weather|Snowscape|[upkeep]
|upkeep
|turn|4
|
|t:|1783509848
|switch|p1b: Sinistcha|Sinistcha, L50|100/100
|-status|p1b: Sinistcha|tox
|-heal|p1a: Metagross|52/100|[from] ability: Hospitality|[of] p1b: Sinistcha
|move|p2b: Froslass|Shadow Ball|p1a: Metagross
|-supereffective|p1a: Metagross|1
|-damage|p1a: Metagross|0 fnt
|faint|p1a: Metagross
|move|p2a: Garchomp|Stomping Tantrum|p1b: Sinistcha
|-resisted|p1b: Sinistcha|1
|-damage|p1b: Sinistcha|84/100 tox
|
|-weather|Snowscape|[upkeep]
|-damage|p1b: Sinistcha|78/100 tox|[from] psn
|upkeep
|
|t:|1783509856
|switch|p1a: Sneasler|Sneasler, L50, M|100/100
|-sideend|p1: ancient95|move: Toxic Spikes|[of] p1a: Sneasler
|turn|5
|
|t:|1783509865
|switch|p2b: Incineroar|Incineroar, L50, F|100/100
|-ability|p2b: Incineroar|Intimidate|boost
|-unboost|p1a: Sneasler|atk|1
|-unboost|p1b: Sinistcha|atk|1
|switch|p1b: Samurott|Samurott-Hisui, L50, M|100/100
|move|p1a: Sneasler|Protect|p1a: Sneasler
|-singleturn|p1a: Sneasler|Protect
|move|p2a: Garchomp|Breaking Swipe|p1b: Samurott|[spread] p1b
|-activate|p1a: Sneasler|move: Protect
|-damage|p1b: Samurott|72/100
|-unboost|p1b: Samurott|atk|1
|
|-weather|none
|-sideend|p2: thetaxcat|move: Aurora Veil
|upkeep
|turn|6
|
|t:|1783509888
|switch|p1a: Sinistcha|Sinistcha, L50|78/100 tox
|-heal|p1b: Samurott|97/100|[from] ability: Hospitality|[of] p1a: Sinistcha
|move|p2b: Incineroar|Fake Out|p1a: Sinistcha
|-immune|p1a: Sinistcha
|move|p1b: Samurott|Aqua Cutter|p2a: Garchomp
|-crit|p2a: Garchomp
|-damage|p2a: Garchomp|29/100
|move|p2a: Garchomp|Breaking Swipe|p1b: Samurott|[spread] p1a,p1b
|-crit|p1a: Sinistcha
|-damage|p1a: Sinistcha|52/100 tox
|-damage|p1b: Samurott|70/100
|-unboost|p1a: Sinistcha|atk|1
|-unboost|p1b: Samurott|atk|1
|
|-damage|p1a: Sinistcha|46/100 tox|[from] psn
|upkeep
|turn|7
|inactive|thetaxcat has 30 seconds left.
|inactive|thetaxcat has 20 seconds left.
|inactive|thetaxcat has 15 seconds left.
|inactive|thetaxcat has 10 seconds left.
|
|t:|1783509934
|switch|p1b: Sneasler|Sneasler, L50, M|100/100
|move|p2a: Garchomp|Protect|p2a: Garchomp
|-singleturn|p2a: Garchomp|Protect
|move|p1a: Sinistcha|Protect|p1a: Sinistcha
|-singleturn|p1a: Sinistcha|Protect
|move|p2b: Incineroar|Parting Shot|p1b: Sneasler
|-unboost|p1b: Sneasler|atk|1
|-unboost|p1b: Sneasler|spa|1
|
|t:|1783509936
|switch|p2b: Froslass|Froslass-Mega, L50, F|100/100|[from] Parting Shot
|-weather|Snowscape|[from] ability: Snow Warning|[of] p2b: Froslass
|
|-weather|Snowscape|[upkeep]
|-damage|p1a: Sinistcha|33/100 tox|[from] psn
|upkeep
|turn|8
|
|t:|1783509948
|switch|p2a: Incineroar|Incineroar, L50, F|100/100
|-ability|p2a: Incineroar|Intimidate|boost
|-unboost|p1a: Sinistcha|atk|1
|-unboost|p1b: Sneasler|atk|1
|move|p2b: Froslass|Blizzard|p1a: Sinistcha|[spread] p1a,p1b
|-supereffective|p1a: Sinistcha|1
|-damage|p1a: Sinistcha|0 fnt
|-damage|p1b: Sneasler|48/100
|faint|p1a: Sinistcha
|move|p1b: Sneasler|Close Combat|p2a: Incineroar
|-supereffective|p2a: Incineroar|1
|-damage|p2a: Incineroar|49/100
|-unboost|p1b: Sneasler|def|1
|-unboost|p1b: Sneasler|spd|1
|-enditem|p2a: Incineroar|Sitrus Berry|[eat]
|-heal|p2a: Incineroar|74/100|[from] item: Sitrus Berry
|
|-weather|Snowscape|[upkeep]
|upkeep
|
|t:|1783509950
|switch|p1a: Samurott|Samurott-Hisui, L50, M|70/100
|turn|9
|
|t:|1783509978
|move|p1a: Samurott|Protect|p1a: Samurott
|-singleturn|p1a: Samurott|Protect
|move|p2a: Incineroar|Fake Out|p1a: Samurott
|-activate|p1a: Samurott|move: Protect
|move|p2b: Froslass|Aurora Veil|p2b: Froslass
|-sidestart|p2: thetaxcat|move: Aurora Veil
|move|p1b: Sneasler|Close Combat|p2a: Incineroar
|-supereffective|p2a: Incineroar|1
|-damage|p2a: Incineroar|34/100
|-unboost|p1b: Sneasler|def|1
|-unboost|p1b: Sneasler|spd|1
|
|-weather|Snowscape|[upkeep]
|upkeep
|turn|10
|
|t:|1783510000
|switch|p2a: Garchomp|Garchomp, L50, F|29/100
|move|p2b: Froslass|Blizzard|p1a: Samurott|[spread] p1a,p1b
|-resisted|p1a: Samurott|1
|-damage|p1a: Samurott|42/100
|-damage|p1b: Sneasler|0 fnt
|faint|p1b: Sneasler
|move|p1a: Samurott|Ceaseless Edge|p2b: Froslass
|-supereffective|p2b: Froslass|1
|-damage|p2b: Froslass|41/100
|-sidestart|p2: thetaxcat|Spikes
|
|-weather|Snowscape|[upkeep]
|upkeep
|turn|11
|
|t:|1783510009
|move|p1a: Samurott|Protect|p1a: Samurott
|-singleturn|p1a: Samurott|Protect
|move|p2b: Froslass|Blizzard|p1a: Samurott
|-activate|p1a: Samurott|move: Protect
|move|p2a: Garchomp|Stomping Tantrum|p1a: Samurott
|-activate|p1a: Samurott|move: Protect
|
|-weather|none
|upkeep
|turn|12
|
|t:|1783510019
|switch|p2b: Incineroar|Incineroar, L50, F|34/100
|-damage|p2b: Incineroar|22/100|[from] Spikes
|-ability|p2b: Incineroar|Intimidate|boost
|-unboost|p1a: Samurott|atk|1
|move|p1a: Samurott|Ceaseless Edge|p2b: Incineroar|[miss]
|-miss|p1a: Samurott|p2b: Incineroar
|move|p2a: Garchomp|Breaking Swipe|p1a: Samurott
|-damage|p1a: Samurott|4/100
|-unboost|p1a: Samurott|atk|1
|
|upkeep
|turn|13
|-message|ancient95 forfeited.
|
|win|thetaxcat
|raw|ancient95's rating: 1209 → 1180(-29 for losing)
|raw|thetaxcat's rating: 1159 → 1188(+29 for winning)
|l|☆ancient95
|player|p1|
