|j|☆dambro222
|j|☆upchicken
|html|dambro222upchicken    
|uhtml|bestof|Game 2 of a best-of-3
|t:|1756239449
|gametype|doubles
|player|p1|dambro222|ethan|1159
|player|p2|upchicken|az|1298
|gen|9
|tier|[Gen 9] VGC 2025 Reg H (Bo3)
|rated|
|rule|Species Clause: Limit one of each Pokémon
|rule|Item Clause: Limit 1 of each item
|clearpoke
|poke|p1|Dragonite, L50, M|
|poke|p1|Volcarona, L50, F|
|poke|p1|Sneasler, L50, M|
|poke|p1|Rillaboom, L50, M|
|poke|p1|Electabuzz, L50, M|
|poke|p1|Kingambit, L50, M|
|poke|p2|Grimmsnarl, L50, M|
|poke|p2|Annihilape, L50, F|
|poke|p2|Maushold, L50|
|poke|p2|Pelipper, L50, F|
|poke|p2|Archaludon, L50, F|
|poke|p2|Sinistcha, L50|
|teampreview|4
|showteam|p1|Dragonite||LoadedDice|Multiscale|ScaleShot,ExtremeSpeed,Haze,Protect|||M|||50|,,,,,Fairy]Volcarona||CovertCloak|FlameBody|HeatWave,TeraBlast,QuiverDance,Protect|||F|||50|,,,,,Fairy]Sneasler||FocusSash|Unburden|CloseCombat,DireClaw,Coaching,Protect|||M|||50|,,,,,Stellar]Rillaboom||AssaultVest|GrassySurge|WoodHammer,GrassyGlide,HighHorsepower,FakeOut|||M|||50|,,,,,Water]Electabuzz||Eviolite|VitalSpirit|Electroweb,FollowMe,Taunt,Protect|||M|||50|,,,,,Ghost]Kingambit||BlackGlasses|Defiant|KowtowCleave,SuckerPunch,SwordsDance,Protect|||M|||50|,,,,,Dark
|showteam|p2|Grimmsnarl||LightClay|Prankster|Reflect,LightScreen,ThunderWave,SpiritBreak|||M|||50|,,,,,Steel]Annihilape||SpellTag|Defiant|BulkUp,Protect,DrainPunch,RageFist|||F|||50|,,,,,Fire]Maushold||SafetyGoggles|FriendGuard|BeatUp,Taunt,FollowMe,Protect||||||50|,,,,,Ghost]Pelipper||LifeOrb|Drizzle|Hurricane,WeatherBall,Tailwind,Protect|||F|||50|,,,,,Stellar]Archaludon||AssaultVest|Stamina|ElectroShot,DracoMeteor,Snarl,BodyPress|||F|||50|,,,,,Grass]Sinistcha||SitrusBerry|Hospitality|LifeDew,RagePowder,TrickRoom,MatchaGotcha||||||50|,,,,,Water
|inactive|Battle timer is ON: inactive players will automatically lose when time's up. (requested by dambro222)
|inactive|dambro222 has 60 seconds left.
|inactive|upchicken has 60 seconds left.
|inactive|dambro222 has 30 seconds left.
|inactive|dambro222 has 20 seconds left.
|inactive|dambro222 has 15 seconds left.
|
|t:|1756239528
|teamsize|p1|4
|teamsize|p2|4
|start
|switch|p1a: Sneasler|Sneasler, L50, M|100/100
|switch|p1b: Dragonite|Dragonite, L50, M|100/100
|switch|p2a: Annihilape|Annihilape, L50, F|100/100
|switch|p2b: Maushold|Maushold, L50|100/100
|turn|1
|
|t:|1756239552
|-terastallize|p2b: Maushold|Ghost
|move|p1a: Sneasler|Dire Claw|p2a: Annihilape
|-resisted|p2a: Annihilape
|-damage|p2a: Annihilape|83/100
|-status|p2a: Annihilape|psn
|move|p2b: Maushold|Taunt|p1a: Sneasler
|-start|p1a: Sneasler|move: Taunt
|move|p2a: Annihilape|Bulk Up|p2a: Annihilape
|-boost|p2a: Annihilape|atk|1
|-boost|p2a: Annihilape|def|1
|move|p1b: Dragonite|Scale Shot|p2a: Annihilape
|-damage|p2a: Annihilape|74/100 psn
|-damage|p2a: Annihilape|67/100 psn
|-damage|p2a: Annihilape|59/100 psn
|-damage|p2a: Annihilape|51/100 psn
|-damage|p2a: Annihilape|43/100 psn
|-hitcount|p2a: Annihilape|5
|-unboost|p1b: Dragonite|def|1
|-boost|p1b: Dragonite|spe|1
|
|-damage|p2a: Annihilape|31/100 psn|[from] psn
|upkeep
|turn|2
|inactive|dambro222 has 30 seconds left.
|inactive|dambro222 has 20 seconds left.
|inactive|dambro222 has 15 seconds left.
|
|t:|1756239594
|move|p2b: Maushold|Follow Me|p2b: Maushold
|-singleturn|p2b: Maushold|move: Follow Me
|move|p1b: Dragonite|Scale Shot|p2b: Maushold
|-damage|p2b: Maushold|82/100
|-damage|p2b: Maushold|62/100
|-damage|p2b: Maushold|40/100
|-damage|p2b: Maushold|19/100
|-damage|p2b: Maushold|0 fnt
|faint|p2b: Maushold
|-hitcount|p2: Maushold|5
|-unboost|p1b: Dragonite|def|1
|-boost|p1b: Dragonite|spe|1
|move|p1a: Sneasler|Dire Claw|p2a: Annihilape
|-resisted|p2a: Annihilape
|-damage|p2a: Annihilape|14/100 psn
|move|p2a: Annihilape|Rage Fist|p1b: Dragonite
|-damage|p1b: Dragonite|0 fnt
|faint|p1b: Dragonite
|
|-damage|p2a: Annihilape|2/100 psn|[from] psn
|upkeep
|
|t:|1756239615
|switch|p2b: Grimmsnarl|Grimmsnarl, L50, M|100/100
|switch|p1b: Rillaboom|Rillaboom, L50, M|100/100
|-fieldstart|move: Grassy Terrain|[from] ability: Grassy Surge|[of] p1b: Rillaboom
|turn|3
|
|t:|1756239630
|move|p1b: Rillaboom|Grassy Glide|p2a: Annihilape
|-damage|p2a: Annihilape|0 fnt
|faint|p2a: Annihilape
|move|p2b: Grimmsnarl|Thunder Wave|p1a: Sneasler
|-status|p1a: Sneasler|par
|move|p1a: Sneasler|Dire Claw|p2b: Grimmsnarl
|-supereffective|p2b: Grimmsnarl
|-damage|p2b: Grimmsnarl|10/100
|-status|p2b: Grimmsnarl|par
|
|-heal|p2b: Grimmsnarl|16/100 par|[from] Grassy Terrain
|upkeep
|
|t:|1756239633
|switch|p2a: Pelipper|Pelipper, L50, F|100/100
|-weather|RainDance|[from] ability: Drizzle|[of] p2a: Pelipper
|turn|4
|
|t:|1756239654
|-terastallize|p1b: Rillaboom|Water
|move|p1b: Rillaboom|Grassy Glide|p2b: Grimmsnarl
|-damage|p2b: Grimmsnarl|0 fnt
|faint|p2b: Grimmsnarl
|move|p2a: Pelipper|Hurricane|p1b: Rillaboom
|-damage|p1b: Rillaboom|51/100
|-start|p1b: Rillaboom|confusion
|-damage|p2a: Pelipper|91/100|[from] item: Life Orb
|cant|p1a: Sneasler|par
|
|-weather|RainDance|[upkeep]
|-heal|p1b: Rillaboom|57/100|[from] Grassy Terrain
|-end|p1a: Sneasler|move: Taunt
|upkeep
|turn|5
|
|t:|1756239675
|-activate|p1b: Rillaboom|confusion
|-damage|p1b: Rillaboom|43/100|[from] confusion
|move|p2a: Pelipper|Hurricane|p1a: Sneasler
|-supereffective|p1a: Sneasler
|-enditem|p1a: Sneasler|Focus Sash
|-damage|p1a: Sneasler|1/100 par
|-damage|p2a: Pelipper|81/100|[from] item: Life Orb
|move|p1a: Sneasler|Dire Claw|p2a: Pelipper
|-damage|p2a: Pelipper|31/100
|
|-weather|RainDance|[upkeep]
|-heal|p1a: Sneasler|7/100 par|[from] Grassy Terrain
|-heal|p1b: Rillaboom|49/100|[from] Grassy Terrain
|upkeep
|turn|6
|
|t:|1756239694
|-activate|p1b: Rillaboom|confusion
|move|p1b: Rillaboom|Grassy Glide|p2a: Pelipper
|-damage|p2a: Pelipper|0 fnt
|faint|p2a: Pelipper
|
|win|dambro222
||upchicken is ready for game 3.
||dambro222 is ready for game 3.
|uhtml|next|Next: Game 3 of 3
|l|☆upchicken
|player|p2|
