|j|☆ZZSACHI
|j|☆ILoveMIR
|html|ZZSACHIILoveMIR    
|uhtml|bestof|Game 2 of a best-of-3
|t:|1783723044
|gametype|doubles
|player|p1|ZZSACHI|266|1375
|player|p2|ILoveMIR|shauntal|1441
|gen|9
|tier|[Gen 9 Champions] VGC 2026 Reg M-B (Bo3)
|rated|
|rule|Species Clause: Limit one of each Pokémon
|rule|Item Clause: Limit 1 of each item
|clearpoke
|poke|p1|Aerodactyl, L50, F|
|poke|p1|Garchomp, L50, M|
|poke|p1|Kingambit, L50, M|
|poke|p1|Charizard, L50, F|
|poke|p1|Sylveon, L50, F|
|poke|p1|Farigiraf, L50, F|
|poke|p2|Blaziken, L50, M|
|poke|p2|Toxapex, L50, M|
|poke|p2|Kingambit, L50, F|
|poke|p2|Sneasler, L50, F|
|poke|p2|Froslass, L50, F|
|poke|p2|Dragonite, L50, F|
|teampreview|4
|showteam|p1|Aerodactyl||Aerodactylite|Unnerve|IceFang,RockSlide,Tailwind,DualWingbeat|Jolly||F|||50|]Garchomp||LifeOrb|RoughSkin|DragonClaw,StompingTantrum,Earthquake,Protect|Jolly||M|||50|]Kingambit||FocusSash|Defiant|SuckerPunch,KowtowCleave,IronHead,LowKick|Adamant||M|||50|]Charizard||CharizarditeY|Blaze|Protect,WeatherBall,HeatWave,SolarBeam|Modest||F|||50|]Sylveon||FairyFeather|Pixilate|Detect,HyperVoice,HyperBeam,QuickAttack|Modest||F|||50|]Farigiraf||SitrusBerry|ArmorTail|TrickRoom,Thunderbolt,Roar,TwinBeam|Bold||F|||50|
|showteam|p2|Blaziken||Blazikenite|SpeedBoost|FlareBlitz,CloseCombat,RockSlide,Detect|Adamant||M|||50|]Toxapex||Leftovers|Regenerator|Infestation,Toxic,WideGuard,BanefulBunker|Calm||M|||50|]Kingambit||BlackGlasses|Defiant|SuckerPunch,KowtowCleave,IronHead,Protect|Adamant||F|||50|]Sneasler||FocusSash|PoisonTouch|FakeOut,CloseCombat,PoisonJab,Protect|Adamant||F|||50|]Froslass||Froslassite|CursedBody|Blizzard,ShadowBall,AuroraVeil,Protect|Modest||F|||50|]Dragonite||LifeOrb|InnerFocus|DragonClaw,LowKick,ExtremeSpeed,Protect|Adamant||F|||50|
|inactive|Battle timer is ON: inactive players will automatically lose when time's up. (requested by ILoveMIR)
|inactive|ILoveMIR has 60 seconds left.
|
|t:|1783723080
|teamsize|p1|4
|teamsize|p2|4
|start
|switch|p1a: Kingambit|Kingambit, L50, M|100/100
|switch|p1b: Aerodactyl|Aerodactyl, L50, F|100/100
|switch|p2a: Froslass|Froslass, L50, F|100/100
|switch|p2b: Toxapex|Toxapex, L50, M|100/100
|-ability|p1b: Aerodactyl|Unnerve
|turn|1
|inactive|ZZSACHI has 30 seconds left.
|inactive|ILoveMIR has 30 seconds left.
|inactive|ZZSACHI has 20 seconds left.
|
|t:|1783723118
|detailschange|p1b: Aerodactyl|Aerodactyl-Mega, L50, F
|-mega|p1b: Aerodactyl|Aerodactyl|Aerodactylite
|detailschange|p2a: Froslass|Froslass-Mega, L50, F
|-mega|p2a: Froslass|Froslass|Froslassite
|-weather|Snowscape|[from] ability: Snow Warning|[of] p2a: Froslass
|move|p1b: Aerodactyl|Tailwind|p1b: Aerodactyl
|-sidestart|p1: ZZSACHI|move: Tailwind
|move|p1a: Kingambit|Kowtow Cleave|p2a: Froslass
|-supereffective|p2a: Froslass|1
|-damage|p2a: Froslass|14/100
|move|p2a: Froslass|Aurora Veil|p2a: Froslass
|-sidestart|p2: ILoveMIR|move: Aurora Veil
|move|p2b: Toxapex|Infestation|p1a: Kingambit
|-damage|p1a: Kingambit|96/100
|-activate|p1a: Kingambit|move: Infestation|[of] p2b: Toxapex
|
|-weather|Snowscape|[upkeep]
|-damage|p1a: Kingambit|83/100|[from] move: Infestation|[partiallytrapped]
|upkeep
|turn|2
|
|t:|1783723142
|move|p2a: Froslass|Protect|p2a: Froslass
|-singleturn|p2a: Froslass|Protect
|move|p1b: Aerodactyl|Rock Slide|p2a: Froslass|[spread] p2b
|-activate|p2a: Froslass|move: Protect
|-damage|p2b: Toxapex|87/100
|move|p1a: Kingambit|Kowtow Cleave|p2b: Toxapex
|-damage|p2b: Toxapex|62/100
|cant|p2b: Toxapex|flinch
|
|-weather|Snowscape|[upkeep]
|-heal|p2b: Toxapex|68/100|[from] item: Leftovers
|-damage|p1a: Kingambit|71/100|[from] move: Infestation|[partiallytrapped]
|upkeep
|turn|3
|j| creed revival tour
|
|t:|1783723160
|move|p1b: Aerodactyl|Rock Slide|p2b: Toxapex|[spread] p2a,p2b
|-supereffective|p2a: Froslass|1
|-damage|p2a: Froslass|0 fnt
|-damage|p2b: Toxapex|54/100
|faint|p2a: Froslass
|move|p1a: Kingambit|Kowtow Cleave|p2b: Toxapex
|-damage|p2b: Toxapex|30/100
|move|p2b: Toxapex|Toxic|p1b: Aerodactyl
|-status|p1b: Aerodactyl|tox
|
|-weather|Snowscape|[upkeep]
|-heal|p2b: Toxapex|36/100|[from] item: Leftovers
|-damage|p1b: Aerodactyl|93/100 tox|[from] psn
|-damage|p1a: Kingambit|58/100|[from] move: Infestation|[partiallytrapped]
|upkeep
|
|t:|1783723167
|switch|p2a: Kingambit|Kingambit, L50, F|100/100
|turn|4
|
|t:|1783723180
|move|p2a: Kingambit|Protect|p2a: Kingambit
|-singleturn|p2a: Kingambit|Protect
|move|p1b: Aerodactyl|Rock Slide|p2b: Toxapex|[spread] p2b
|-activate|p2a: Kingambit|move: Protect
|-damage|p2b: Toxapex|22/100
|move|p1a: Kingambit|Low Kick|p2a: Kingambit
|-activate|p2a: Kingambit|move: Protect
|move|p2b: Toxapex|Infestation|p1b: Aerodactyl
|-resisted|p1b: Aerodactyl|1
|-crit|p1b: Aerodactyl
|-damage|p1b: Aerodactyl|90/100 tox
|-activate|p1b: Aerodactyl|move: Infestation|[of] p2b: Toxapex
|
|-weather|Snowscape|[upkeep]
|-heal|p2b: Toxapex|28/100|[from] item: Leftovers
|-damage|p1b: Aerodactyl|78/100 tox|[from] psn
|-damage|p1b: Aerodactyl|66/100 tox|[from] move: Infestation|[partiallytrapped]
|-damage|p1a: Kingambit|46/100|[from] move: Infestation|[partiallytrapped]
|-sideend|p1: ZZSACHI|move: Tailwind
|upkeep
|turn|5
|
|t:|1783723190
|switch|p2a: Dragonite|Dragonite, L50, F|100/100
|move|p2b: Toxapex|Wide Guard|p2b: Toxapex
|-singleturn|p2b: Toxapex|Wide Guard
|move|p1b: Aerodactyl|Tailwind|p1b: Aerodactyl
|-sidestart|p1: ZZSACHI|move: Tailwind
|move|p1a: Kingambit|Low Kick|p2a: Dragonite
|-resisted|p2a: Dragonite|1
|-damage|p2a: Dragonite|83/100
|
|-weather|none
|-heal|p2b: Toxapex|33/100|[from] item: Leftovers
|-damage|p1b: Aerodactyl|47/100 tox|[from] psn
|-damage|p1b: Aerodactyl|35/100 tox|[from] move: Infestation|[partiallytrapped]
|-damage|p1a: Kingambit|33/100|[from] move: Infestation|[partiallytrapped]
|-sideend|p2: ILoveMIR|move: Aurora Veil
|upkeep
|turn|6
|
|t:|1783723212
|move|p2a: Dragonite|Protect|p2a: Dragonite
|-singleturn|p2a: Dragonite|Protect
|move|p2b: Toxapex|Wide Guard|p2b: Toxapex
|-singleturn|p2b: Toxapex|Wide Guard
|move|p1b: Aerodactyl|Rock Slide|p2a: Dragonite|[spread] 
|-activate|p2a: Dragonite|move: Wide Guard
|-activate|p2b: Toxapex|move: Wide Guard
|move|p1a: Kingambit|Kowtow Cleave|p2b: Toxapex
|-damage|p2b: Toxapex|0 fnt
|faint|p2b: Toxapex
|
|-damage|p1b: Aerodactyl|10/100 tox|[from] psn
|-end|p1b: Aerodactyl|Infestation|[partiallytrapped]|[silent]
|-end|p1a: Kingambit|Infestation|[partiallytrapped]
|upkeep
|
|t:|1783723219
|switch|p2b: Kingambit|Kingambit, L50, F|100/100
|turn|7
|
|t:|1783723242
|move|p2a: Dragonite|Extreme Speed|p1a: Kingambit
|-resisted|p1a: Kingambit|1
|-damage|p1a: Kingambit|15/100
|-damage|p2a: Dragonite|74/100|[from] item: Life Orb
|move|p2b: Kingambit|Sucker Punch|p1a: Kingambit
|-resisted|p1a: Kingambit|1
|-damage|p1a: Kingambit|0 fnt
|faint|p1a: Kingambit
|move|p1b: Aerodactyl|Tailwind||[still]
|-fail|p1b: Aerodactyl
|
|-damage|p1b: Aerodactyl|0 fnt|[from] psn
|faint|p1b: Aerodactyl
|upkeep
|
|t:|1783723249
|switch|p1b: Farigiraf|Farigiraf, L50, F|100/100
|switch|p1a: Sylveon|Sylveon, L50, F|100/100
|turn|8
|
|t:|1783723273
|move|p2a: Dragonite|Protect|p2a: Dragonite
|-singleturn|p2a: Dragonite|Protect
|move|p2b: Kingambit|Protect|p2b: Kingambit
|-singleturn|p2b: Kingambit|Protect
|move|p1a: Sylveon|Hyper Voice|p2a: Dragonite|[spread] 
|-activate|p2a: Dragonite|move: Protect
|-activate|p2b: Kingambit|move: Protect
|move|p1b: Farigiraf|Thunderbolt|p2b: Kingambit
|-activate|p2b: Kingambit|move: Protect
|
|-sideend|p1: ZZSACHI|move: Tailwind
|upkeep
|turn|9
|
|t:|1783723296
|move|p2a: Dragonite|Dragon Claw|p1b: Farigiraf
|-crit|p1b: Farigiraf
|-damage|p1b: Farigiraf|26/100
|-enditem|p1b: Farigiraf|Sitrus Berry|[eat]
|-heal|p1b: Farigiraf|51/100|[from] item: Sitrus Berry
|-damage|p2a: Dragonite|64/100|[from] item: Life Orb
|move|p1a: Sylveon|Hyper Beam|p2b: Kingambit
|-damage|p2b: Kingambit|5/100
|-mustrecharge|p1a: Sylveon
|move|p1b: Farigiraf|Thunderbolt|p2a: Dragonite
|-damage|p2a: Dragonite|39/100
|move|p2b: Kingambit|Iron Head|p1a: Sylveon
|-supereffective|p1a: Sylveon|1
|-damage|p1a: Sylveon|0 fnt
|faint|p1a: Sylveon
|
|upkeep
|turn|10
|
|t:|1783723314
|move|p2a: Dragonite|Dragon Claw|p1b: Farigiraf
|-damage|p1b: Farigiraf|2/100
|-damage|p2a: Dragonite|29/100|[from] item: Life Orb
|move|p1b: Farigiraf|Thunderbolt|p2a: Dragonite
|-damage|p2a: Dragonite|7/100
|move|p2b: Kingambit|Kowtow Cleave|p1b: Farigiraf
|-supereffective|p1b: Farigiraf|1
|-damage|p1b: Farigiraf|0 fnt
|faint|p1b: Farigiraf
|
|win|ILoveMIR
