|j|☆xNimxZ
|j|☆CheesyTime
|html|xNimxZCheesyTime    
|uhtml|bestof|Game 2 of a best-of-3
|t:|1782565229
|gametype|doubles
|player|p1|xNimxZ|guzma|1130
|player|p2|CheesyTime|colress|1325
|gen|9
|tier|[Gen 9 Champions] VGC 2026 Reg M-B (Bo3)
|rated|
|rule|Species Clause: Limit one of each Pokémon
|rule|Item Clause: Limit 1 of each item
|clearpoke
|poke|p1|Raichu, L50, M|
|poke|p1|Excadrill, L50, M|
|poke|p1|Sinistcha, L50|
|poke|p1|Grimmsnarl, L50, M|
|poke|p1|Incineroar, L50, M|
|poke|p1|Staraptor, L50, M|
|poke|p2|Grimmsnarl, L50, M, shiny|
|poke|p2|Swampert, L50, M|
|poke|p2|Pelipper, L50, M|
|poke|p2|Archaludon, L50, M|
|poke|p2|Sinistcha, L50|
|poke|p2|Metagross, L50, shiny|
|teampreview|4
|showteam|p1|Raichu||RaichuniteY|LightningRod|ZapCannon,FocusBlast,Protect,FakeOut|Timid||M|||50|]Excadrill||FocusSash|MoldBreaker|Earthquake,RockSlide,IronHead,Protect|Adamant||M|||50|]Sinistcha||CobaBerry|Hospitality|MatchaGotcha,StrengthSap,TrickRoom,RagePowder|Bold|||||50|]Grimmsnarl||RoseliBerry|Prankster|FakeOut,ScaryFace,PartingShot,SpiritBreak|Careful||M|||50|]Incineroar||SitrusBerry|Intimidate|DarkestLariat,FlareBlitz,FakeOut,PartingShot|Careful||M|||50|]Staraptor||Staraptite|Intimidate|BraveBird,CloseCombat,Protect,Roost|Jolly||M|||50|
|showteam|p2|Grimmsnarl||LightClay|Prankster|FoulPlay,PartingShot,Reflect,LightScreen|Calm||M|||50|]Swampert||Swampertite|Damp|WaveCrash,Earthquake,IcePunch,Protect|Adamant||M|||50|]Pelipper||SitrusBerry|Drizzle|Hurricane,WeatherBall,Tailwind,WideGuard|Modest||M|||50|]Archaludon||Leftovers|Stamina|ElectroShot,DragonPulse,FlashCannon,Protect|Modest||M|||50|]Sinistcha||CobaBerry|Hospitality|MatchaGotcha,RagePowder,TrickRoom,Protect|Relaxed|||||50|]Metagross||Metagrossite|ClearBody|IronHead,PsychicFangs,BodyPress,Protect|Jolly|||||50|
|inactive|Battle timer is ON: inactive players will automatically lose when time's up. (requested by xNimxZ)
|
|t:|1782565247
|teamsize|p1|4
|teamsize|p2|4
|start
|switch|p1a: Raichu|Raichu, L50, M|100/100
|switch|p1b: Incineroar|Incineroar, L50, M|100/100
|switch|p2a: Archaludon|Archaludon, L50, M|100/100
|switch|p2b: Metagross|Metagross, L50, shiny|100/100
|-ability|p1b: Incineroar|Intimidate|boost
|-unboost|p2a: Archaludon|atk|1
|-fail|p2b: Metagross|unboost|[from] ability: Clear Body|[of] p2b: Metagross
|turn|1
|
|t:|1782565259
|switch|p2a: Sinistcha|Sinistcha, L50|100/100
|detailschange|p1a: Raichu|Raichu-Mega-Y, L50, M
|-mega|p1a: Raichu|Raichu|Raichunite Y
|move|p2b: Metagross|Protect|p2b: Metagross
|-singleturn|p2b: Metagross|Protect
|move|p1b: Incineroar|Fake Out|p2b: Metagross
|-activate|p2b: Metagross|move: Protect
|move|p1a: Raichu|Focus Blast|p2a: Sinistcha
|-immune|p2a: Sinistcha
|
|upkeep
|turn|2
|inactive|xNimxZ has 30 seconds left.
|
|t:|1782565284
|detailschange|p2b: Metagross|Metagross-Mega, L50, shiny
|-mega|p2b: Metagross|Metagross|Metagrossite
|move|p2a: Sinistcha|Rage Powder|p2a: Sinistcha
|-singleturn|p2a: Sinistcha|move: Rage Powder
|move|p1a: Raichu|Zap Cannon|p2a: Sinistcha
|-resisted|p2a: Sinistcha|1
|-damage|p2a: Sinistcha|66/100
|-status|p2a: Sinistcha|par
|move|p2b: Metagross|Psychic Fangs|p1a: Raichu
|-damage|p1a: Raichu|0 fnt
|faint|p1a: Raichu
|move|p1b: Incineroar|Parting Shot|p2a: Sinistcha
|-unboost|p2a: Sinistcha|atk|1
|-unboost|p2a: Sinistcha|spa|1
|
|t:|1782565295
|switch|p1b: Excadrill|Excadrill, L50, M|100/100|[from] Parting Shot
|-ability|p1b: Excadrill|Mold Breaker
|
|upkeep
|
|t:|1782565297
|switch|p1a: Incineroar|Incineroar, L50, M|100/100
|-ability|p1a: Incineroar|Intimidate|boost
|-unboost|p2a: Sinistcha|atk|1
|-unboost|p2b: Metagross|atk|1
|turn|3
|
|t:|1782565306
|switch|p2b: Pelipper|Pelipper, L50, M|100/100
|-weather|RainDance|[from] ability: Drizzle|[of] p2b: Pelipper
|switch|p1a: Staraptor|Staraptor, L50, M|100/100
|-ability|p1a: Staraptor|Intimidate|boost
|-unboost|p2a: Sinistcha|atk|1
|-unboost|p2b: Pelipper|atk|1
|move|p1b: Excadrill|Earthquake|p2a: Sinistcha|[spread] p2a
|-immune|p1a: Staraptor
|-immune|p2b: Pelipper
|-resisted|p2a: Sinistcha|1
|-damage|p2a: Sinistcha|48/100 par
|move|p2a: Sinistcha|Matcha Gotcha|p1a: Staraptor|[spread] p1a,p1b
|-resisted|p1a: Staraptor|1
|-damage|p1a: Staraptor|87/100
|-heal|p2a: Sinistcha|55/100 par|[from] drain|[of] p1a: Staraptor
|-damage|p1b: Excadrill|78/100
|-heal|p2a: Sinistcha|66/100 par|[from] drain|[of] p1b: Excadrill
|-status|p1a: Staraptor|brn
|
|-weather|RainDance|[upkeep]
|-damage|p1a: Staraptor|81/100 brn|[from] brn
|upkeep
|turn|4
|
|t:|1782565321
|switch|p2a: Metagross|Metagross-Mega, L50, shiny|100/100
|move|p1a: Staraptor|Brave Bird|p2a: Metagross
|-resisted|p2a: Metagross|1
|-damage|p2a: Metagross|89/100
|-damage|p1a: Staraptor|78/100 brn|[from] Recoil
|move|p1b: Excadrill|Rock Slide|p2a: Metagross|[spread] p2a,p2b
|-resisted|p2a: Metagross|1
|-supereffective|p2b: Pelipper|1
|-damage|p2a: Metagross|82/100
|-damage|p2b: Pelipper|52/100
|move|p2b: Pelipper|Tailwind|p2b: Pelipper
|-sidestart|p2: CheesyTime|move: Tailwind
|
|-weather|RainDance|[upkeep]
|-damage|p1a: Staraptor|72/100 brn|[from] brn
|upkeep
|turn|5
|-message|xNimxZ forfeited.
|
|win|CheesyTime
|raw|xNimxZ's rating: 1130 → 1118(-12 for losing)
|raw|CheesyTime's rating: 1325 → 1335(+10 for winning)
