|j|☆precisiondepicasso
|j|☆A_TerroneVGC
|html|precisiondepicassoA_TerroneVGC    
|uhtml|bestof|Game 1 of a best-of-3
|t:|1782763061
|gametype|doubles
|player|p1|precisiondepicasso|cyclistf-gen4|1199
|player|p2|A_TerroneVGC|2|1242
|gen|9
|tier|[Gen 9 Champions] VGC 2026 Reg M-B (Bo3)
|rated|
|rule|Species Clause: Limit one of each Pokémon
|rule|Item Clause: Limit 1 of each item
|clearpoke
|poke|p1|Charizard, L50, M|
|poke|p1|Kingambit, L50, M|
|poke|p1|Sylveon, L50, M|
|poke|p1|Garchomp, L50, F|
|poke|p1|Aerodactyl, L50, F|
|poke|p1|Farigiraf, L50, F|
|poke|p2|Floette-Eternal, L50, F|
|poke|p2|Raichu, L50, M|
|poke|p2|Ceruledge, L50, M|
|poke|p2|Milotic, L50, M|
|poke|p2|Sinistcha, L50|
|poke|p2|Incineroar, L50, M|
|teampreview|4
|showteam|p1|Charizard||CharizarditeY|SolarPower|Protect,HeatWave,SolarBeam,WeatherBall|Modest||M|||50|]Kingambit||FocusSash|Defiant|IronHead,SuckerPunch,KowtowCleave,LowKick|Adamant||M|||50|]Sylveon||FairyFeather|Pixilate|Detect,HyperVoice,HyperBeam,QuickAttack|Modest||M|||50|]Garchomp||LifeOrb|RoughSkin|Protect,DragonClaw,Earthquake,StompingTantrum|Jolly||F|||50|]Aerodactyl||Aerodactylite|RockHead|IceFang,RockSlide,Tailwind,DualWingbeat|Jolly||F|||50|]Farigiraf||SitrusBerry|ArmorTail|TrickRoom,Psychic,Thunderbolt,Roar|Bold||F|||50|
|showteam|p2|Floette-Eternal||Floettite|FlowerVeil|Moonblast,DrainingKiss,CalmMind,Protect|Modest||F|||50|]Raichu||RaichuniteY|LightningRod|ZapCannon,FocusBlast,FakeOut,Protect|Timid||M|||50|]Ceruledge||ColburBerry|FlashFire|BitterBlade,ShadowSneak,BulkUp,Protect|Adamant||M|||50|]Milotic||Leftovers|Competitive|MuddyWater,Hypnosis,Coil,Protect|Calm||M|||50|]Sinistcha||KasibBerry|Hospitality|MatchaGotcha,LifeDew,RagePowder,Protect|Relaxed|||||50|]Incineroar||SitrusBerry|Intimidate|FlareBlitz,ThroatChop,FakeOut,PartingShot|Impish||M|||50|
|inactive|Battle timer is ON: inactive players will automatically lose when time's up. (requested by precisiondepicasso)
|inactive|precisiondepicasso has 60 seconds left.
|inactive|A_TerroneVGC has 60 seconds left.
|
|t:|1782763096
|teamsize|p1|4
|teamsize|p2|4
|start
|switch|p1a: Farigiraf|Farigiraf, L50, F|100/100
|switch|p1b: Kingambit|Kingambit, L50, M|100/100
|switch|p2a: Ceruledge|Ceruledge, L50, M|100/100
|switch|p2b: Raichu|Raichu, L50, M|100/100
|turn|1
|inactive|precisiondepicasso has 30 seconds left.
|inactive|A_TerroneVGC has 30 seconds left.
|
|t:|1782763127
|detailschange|p2b: Raichu|Raichu-Mega-Y, L50, M
|-mega|p2b: Raichu|Raichu|Raichunite Y
|move|p1b: Kingambit|Sucker Punch||[still]
|-fail|p1b: Kingambit
|move|p2b: Raichu|Focus Blast|p1b: Kingambit
|-supereffective|p1b: Kingambit|2
|-enditem|p1b: Kingambit|Focus Sash
|-damage|p1b: Kingambit|1/100
|move|p2a: Ceruledge|Bulk Up|p2a: Ceruledge
|-boost|p2a: Ceruledge|atk|1
|-boost|p2a: Ceruledge|def|1
|move|p1a: Farigiraf|Trick Room|p1a: Farigiraf
|-fieldstart|move: Trick Room|[of] p1a: Farigiraf
|
|upkeep
|turn|2
|
|t:|1782763152
|move|p1a: Farigiraf|Psychic|p2a: Ceruledge
|-damage|p2a: Ceruledge|69/100
|move|p1b: Kingambit|Kowtow Cleave|p2b: Raichu
|-damage|p2b: Raichu|7/100
|move|p2a: Ceruledge|Bitter Blade|p1a: Farigiraf
|-damage|p1a: Farigiraf|46/100
|-heal|p2a: Ceruledge|100/100|[from] drain|[of] p1a: Farigiraf
|-enditem|p1a: Farigiraf|Sitrus Berry|[eat]
|-heal|p1a: Farigiraf|71/100|[from] item: Sitrus Berry
|move|p2b: Raichu|Zap Cannon|p1a: Farigiraf
|-damage|p1a: Farigiraf|5/100
|-status|p1a: Farigiraf|par
|
|upkeep
|turn|3
|
|t:|1782763173
|move|p1a: Farigiraf|Psychic|p2a: Ceruledge
|-damage|p2a: Ceruledge|71/100
|-unboost|p2a: Ceruledge|spd|1
|move|p1b: Kingambit|Kowtow Cleave|p2a: Ceruledge
|-supereffective|p2a: Ceruledge|1
|-enditem|p2a: Ceruledge|Colbur Berry|[eat]
|-enditem|p2a: Ceruledge|Colbur Berry|[weaken]
|-damage|p2a: Ceruledge|29/100
|move|p2a: Ceruledge|Bulk Up|p2a: Ceruledge
|-boost|p2a: Ceruledge|atk|1
|-boost|p2a: Ceruledge|def|1
|move|p2b: Raichu|Zap Cannon|p1b: Kingambit
|-damage|p1b: Kingambit|0 fnt
|faint|p1b: Kingambit
|
|upkeep
|
|t:|1782763187
|switch|p1b: Sylveon|Sylveon, L50, M|100/100
|turn|4
|
|t:|1782763202
|switch|p2b: Incineroar|Incineroar, L50, M|100/100
|-ability|p2b: Incineroar|Intimidate|boost
|-unboost|p1a: Farigiraf|atk|1
|-unboost|p1b: Sylveon|atk|1
|move|p2a: Ceruledge|Protect|p2a: Ceruledge
|-singleturn|p2a: Ceruledge|Protect
|move|p1a: Farigiraf|Psychic|p2a: Ceruledge
|-activate|p2a: Ceruledge|move: Protect
|move|p1b: Sylveon|Hyper Voice|p2a: Ceruledge|[spread] p2b
|-activate|p2a: Ceruledge|move: Protect
|-damage|p2b: Incineroar|58/100
|
|upkeep
|turn|5
|
|t:|1782763226
|cant|p1a: Farigiraf|par
|move|p2b: Incineroar|Throat Chop|p1b: Sylveon
|-resisted|p1b: Sylveon|1
|-damage|p1b: Sylveon|81/100
|-start|p1b: Sylveon|Throat Chop|[silent]
|cant|p1b: Sylveon|move: Throat Chop
|move|p2a: Ceruledge|Bitter Blade|p1a: Farigiraf
|-damage|p1a: Farigiraf|0 fnt
|-heal|p2a: Ceruledge|32/100|[from] drain|[of] p1a: Farigiraf
|faint|p1a: Farigiraf
|
|-fieldend|move: Trick Room
|upkeep
|
|t:|1782763236
|switch|p1a: Aerodactyl|Aerodactyl, L50, F|100/100
|turn|6
|
|t:|1782763252
|switch|p2b: Raichu|Raichu-Mega-Y, L50, M|7/100
|detailschange|p1a: Aerodactyl|Aerodactyl-Mega, L50, F
|-mega|p1a: Aerodactyl|Aerodactyl|Aerodactylite
|move|p2a: Ceruledge|Protect|p2a: Ceruledge
|-singleturn|p2a: Ceruledge|Protect
|move|p1a: Aerodactyl|Rock Slide|p2b: Raichu|[spread] p2b
|-activate|p2a: Ceruledge|move: Protect
|-damage|p2b: Raichu|0 fnt
|faint|p2b: Raichu
|move|p1b: Sylveon|Hyper Beam|p2a: Ceruledge
|-activate|p2a: Ceruledge|move: Protect
|
|-end|p1b: Sylveon|Throat Chop|[silent]
|upkeep
|
|t:|1782763266
|switch|p2b: Incineroar|Incineroar, L50, M|58/100
|-ability|p2b: Incineroar|Intimidate|boost
|-unboost|p1a: Aerodactyl|atk|1
|-unboost|p1b: Sylveon|atk|1
|turn|7
|
|t:|1782763275
|move|p1b: Sylveon|Detect|p1b: Sylveon
|-singleturn|p1b: Sylveon|Protect
|move|p2b: Incineroar|Fake Out|p1a: Aerodactyl
|-resisted|p1a: Aerodactyl|1
|-damage|p1a: Aerodactyl|93/100
|cant|p1a: Aerodactyl|flinch
|move|p2a: Ceruledge|Bitter Blade|p1b: Sylveon
|-activate|p1b: Sylveon|move: Protect
|
|upkeep
|turn|8
|
|t:|1782763289
|move|p2a: Ceruledge|Protect|p2a: Ceruledge
|-singleturn|p2a: Ceruledge|Protect
|move|p1a: Aerodactyl|Rock Slide|p2b: Incineroar|[spread] p2b
|-activate|p2a: Ceruledge|move: Protect
|-supereffective|p2b: Incineroar|1
|-damage|p2b: Incineroar|33/100
|-enditem|p2b: Incineroar|Sitrus Berry|[eat]
|-heal|p2b: Incineroar|58/100|[from] item: Sitrus Berry
|move|p1b: Sylveon|Hyper Voice|p2a: Ceruledge|[spread] p2b
|-activate|p2a: Ceruledge|move: Protect
|-damage|p2b: Incineroar|15/100
|move|p2b: Incineroar|Parting Shot|p1a: Aerodactyl
|-unboost|p1a: Aerodactyl|atk|1
|-unboost|p1a: Aerodactyl|spa|1
|
|t:|1782763304
|switch|p2b: Milotic|Milotic, L50, M|100/100|[from] Parting Shot
|
|upkeep
|turn|9
|-message|precisiondepicasso forfeited.
|
|win|A_TerroneVGC
||A_TerroneVGC is ready for game 2.
|inactive|precisiondepicasso has 30 seconds to confirm battle start!
||precisiondepicasso is ready for game 2.
|uhtml|next|Next: Game 2 of 3
