|j|☆uscorp
|j|☆exessvgc
|html|uscorpexessvgc    
|uhtml|bestof|Game 3 of a best-of-3
|t:|1784030316
|gametype|doubles
|player|p1|uscorp|265|
|player|p2|exessvgc|lucas|
|gen|9
|tier|[Gen 9 Champions] VGC 2026 Reg M-B (Bo3)
|rule|Species Clause: Limit one of each Pokémon
|rule|Item Clause: Limit 1 of each item
|clearpoke
|poke|p1|Swampert, L50, F|
|poke|p1|Venusaur, L50, F|
|poke|p1|Pelipper, L50, F|
|poke|p1|Grimmsnarl, L50, M|
|poke|p1|Archaludon, L50, F|
|poke|p1|Gholdengo, L50|
|poke|p2|Farigiraf, L50, M|
|poke|p2|Aerodactyl, L50, M|
|poke|p2|Sylveon, L50, F|
|poke|p2|Kingambit, L50, M|
|poke|p2|Garchomp, L50, F|
|poke|p2|Charizard, L50, F|
|teampreview|4
|showteam|p1|Swampert||Swampertite|Torrent|WaveCrash,FlipTurn,HighHorsepower,Protect|Adamant||F|||50|]Venusaur||Venusaurite|Chlorophyll|GigaDrain,SludgeBomb,EarthPower,Protect|Modest||F|||50|]Pelipper||FocusSash|Drizzle|Tailwind,WeatherBall,Hurricane,Protect|Timid||F|||50|]Grimmsnarl||LightClay|Prankster|Reflect,LightScreen,PartingShot,SpiritBreak|Careful||M|||50|]Archaludon||Leftovers|Stamina|ElectroShot,DragonPulse,FlashCannon,Protect|Calm||F|||50|]Gholdengo||ChoiceScarf|GoodasGold|Trick,MakeItRain,ShadowBall,PowerGem|Timid|||||50|
|showteam|p2|Farigiraf||SitrusBerry|ArmorTail|TrickRoom,TwinBeam,HelpingHand,Thunderbolt|Bold||M|||50|]Aerodactyl||Aerodactylite|Unnerve|RockSlide,Protect,Tailwind,Taunt|Jolly||M|||50|]Sylveon||FairyFeather|Pixilate|HyperVoice,HyperBeam,Protect,ShadowBall|Modest||F|||50|]Kingambit||FocusSash|Defiant|KowtowCleave,SuckerPunch,SwordsDance,Protect|Adamant||M|||50|]Garchomp||LifeOrb|RoughSkin|DragonClaw,Earthquake,RockSlide,Protect|Adamant||F|||50|]Charizard||CharizarditeY|Blaze|WeatherBall,HeatWave,SolarBeam,Protect|Modest||F|||50|
|l|☆exessvgc
|player|p2|
|j|☆exessvgc
|player|p2|exessvgc|lucas|
|l|☆exessvgc
|player|p2|
|j|☆exessvgc
|player|p2|exessvgc|lucas|
|l|☆exessvgc
|player|p2|
|j|☆exessvgc
|player|p2|exessvgc|lucas|
|l|☆exessvgc
|player|p2|
|j|☆exessvgc
|player|p2|exessvgc|lucas|
|l|☆exessvgc
|player|p2|
|
|t:|1784030464
|teamsize|p1|4
|teamsize|p2|4
|start
|switch|p1a: Frog Coleman|Swampert, L50, F|100/100
|switch|p1b: Astrid|Archaludon, L50, F|100/100
|switch|p2a: Charizard|Charizard, L50, F|100/100
|switch|p2b: LA GIRAFFA|Farigiraf, L50, M|100/100
|turn|1
|j|☆exessvgc
|player|p2|exessvgc|lucas|
|l|☆exessvgc
|player|p2|
|j|☆exessvgc
|player|p2|exessvgc|lucas|
|l|☆exessvgc
|player|p2|
|j|☆exessvgc
|player|p2|exessvgc|lucas|
|
|t:|1784030538
|detailschange|p2a: Charizard|Charizard-Mega-Y, L50, F
|-mega|p2a: Charizard|Charizard|Charizardite Y
|-weather|SunnyDay|[from] ability: Drought|[of] p2a: Charizard
|detailschange|p1a: Frog Coleman|Swampert-Mega, L50, F
|-mega|p1a: Frog Coleman|Swampert|Swampertite
|move|p2b: LA GIRAFFA|Helping Hand|p2a: Charizard
|-singleturn|p2a: Charizard|Helping Hand|[of] p2b: LA GIRAFFA
|move|p1b: Astrid|Protect|p1b: Astrid
|-singleturn|p1b: Astrid|Protect
|move|p2a: Charizard|Weather Ball|p1b: Astrid
|-activate|p1b: Astrid|move: Protect
|move|p1a: Frog Coleman|High Horsepower|p2b: LA GIRAFFA
|-damage|p2b: LA GIRAFFA|49/100
|-enditem|p2b: LA GIRAFFA|Sitrus Berry|[eat]
|-heal|p2b: LA GIRAFFA|74/100|[from] item: Sitrus Berry
|
|-weather|SunnyDay|[upkeep]
|upkeep
|turn|2
|
|t:|1784030596
|switch|p2a: Garchomp|Garchomp, L50, F|100/100
|switch|p1b: Pappagallo|Pelipper, L50, F|100/100
|-weather|RainDance|[from] ability: Drizzle|[of] p1b: Pappagallo
|move|p1a: Frog Coleman|Wave Crash|p2b: LA GIRAFFA
|-damage|p2b: LA GIRAFFA|0 fnt
|faint|p2b: LA GIRAFFA
|-damage|p1a: Frog Coleman|72/100|[from] Recoil
|
|-weather|RainDance|[upkeep]
|upkeep
|
|t:|1784030612
|switch|p2b: Charizard|Charizard-Mega-Y, L50, F|100/100
|-weather|SunnyDay|[from] ability: Drought|[of] p2b: Charizard
|turn|3
|
|t:|1784030642
|switch|p1b: Astrid|Archaludon, L50, F|100/100
|move|p2b: Charizard|Solar Beam||[still]
|-prepare|p2b: Charizard|Solar Beam
|-anim|p2b: Charizard|Solar Beam|p1b: Astrid
|-resisted|p1b: Astrid|2
|-damage|p1b: Astrid|89/100
|-ability|p1b: Astrid|Stamina|boost
|-boost|p1b: Astrid|def|1
|move|p2a: Garchomp|Earthquake|p1a: Frog Coleman|[spread] p1a,p1b
|-immune|p2b: Charizard
|-supereffective|p1b: Astrid|1
|-damage|p1a: Frog Coleman|21/100
|-damage|p1b: Astrid|37/100
|-ability|p1b: Astrid|Stamina|boost
|-boost|p1b: Astrid|def|1
|-damage|p2a: Garchomp|90/100|[from] item: Life Orb
|move|p1a: Frog Coleman|Flip Turn|p2a: Garchomp
|-damage|p2a: Garchomp|72/100
|-damage|p1a: Frog Coleman|9/100|[from] ability: Rough Skin|[of] p2a: Garchomp
|
|t:|1784030662
|switch|p1a: Giudeo|Gholdengo, L50|100/100|[from] Flip Turn
|
|-weather|SunnyDay|[upkeep]
|-heal|p1b: Astrid|43/100|[from] item: Leftovers
|upkeep
|turn|4
|
|t:|1784030696
|move|p2b: Charizard|Protect|p2b: Charizard
|-singleturn|p2b: Charizard|Protect
|move|p1b: Astrid|Protect|p1b: Astrid
|-singleturn|p1b: Astrid|Protect
|move|p1a: Giudeo|Power Gem|p2b: Charizard
|-activate|p2b: Charizard|move: Protect
|move|p2a: Garchomp|Earthquake|p1b: Astrid|[spread] p1a
|-activate|p2b: Charizard|move: Protect
|-activate|p1b: Astrid|move: Protect
|-supereffective|p1a: Giudeo|1
|-crit|p1a: Giudeo
|-damage|p1a: Giudeo|0 fnt
|faint|p1a: Giudeo
|-damage|p2a: Garchomp|62/100|[from] item: Life Orb
|
|-weather|SunnyDay|[upkeep]
|-heal|p1b: Astrid|49/100|[from] item: Leftovers
|upkeep
|
|t:|1784030715
|switch|p1a: Pappagallo|Pelipper, L50, F|100/100
|-weather|RainDance|[from] ability: Drizzle|[of] p1a: Pappagallo
|turn|5
|
|t:|1784030758
|move|p2b: Charizard|Weather Ball|p1b: Astrid
|-resisted|p1b: Astrid|1
|-damage|p1b: Astrid|25/100
|-ability|p1b: Astrid|Stamina|boost
|-boost|p1b: Astrid|def|1
|move|p1a: Pappagallo|Weather Ball|p2b: Charizard
|-supereffective|p2b: Charizard|1
|-damage|p2b: Charizard|1/100
|move|p2a: Garchomp|Earthquake|p1b: Astrid|[spread] p1b
|-immune|p2b: Charizard
|-immune|p1a: Pappagallo
|-supereffective|p1b: Astrid|1
|-damage|p1b: Astrid|0 fnt
|faint|p1b: Astrid
|-damage|p2a: Garchomp|52/100|[from] item: Life Orb
|
|-weather|RainDance|[upkeep]
|upkeep
|
|t:|1784030775
|switch|p1b: Frog Coleman|Swampert-Mega, L50, F|9/100
|turn|6
|
|t:|1784030793
|move|p2b: Charizard|Protect|p2b: Charizard
|-singleturn|p2b: Charizard|Protect
|move|p1b: Frog Coleman|Flip Turn|p2b: Charizard
|-activate|p2b: Charizard|move: Protect
|move|p1a: Pappagallo|Weather Ball|p2a: Garchomp
|-damage|p2a: Garchomp|5/100
|move|p2a: Garchomp|Rock Slide|p1b: Frog Coleman|[spread] p1a,p1b
|-supereffective|p1a: Pappagallo|1
|-resisted|p1b: Frog Coleman|1
|-crit|p1b: Frog Coleman
|-damage|p1a: Pappagallo|33/100
|-damage|p1b: Frog Coleman|0 fnt
|faint|p1b: Frog Coleman
|-damage|p2a: Garchomp|0 fnt|[from] item: Life Orb
|faint|p2a: Garchomp
|
|-weather|RainDance|[upkeep]
|upkeep
|
|t:|1784030805
|switch|p2a: Kingambit|Kingambit, L50, M|100/100
|turn|7
|
|t:|1784030826
|move|p2a: Kingambit|Sucker Punch|p1a: Pappagallo
|-damage|p1a: Pappagallo|0 fnt
|faint|p1a: Pappagallo
|
|win|exessvgc
|l|☆uscorp
|player|p1|
|l|☆exessvgc
|player|p2|
|j|☆exessvgc
|player|p2|exessvgc|lucas|
