|j|☆satandagiii2005
|j|☆oapals121
|html|satandagiii2005oapals121    
|uhtml|bestof|Game 2 of a best-of-3
|t:|1786135750
|gametype|doubles
|player|p1|satandagiii2005|byron|
|player|p2|oapals121|blue|
|gen|9
|tier|[Gen 9 Champions] VGC 2026 Reg M-B (Bo3)
|rule|Species Clause: Limit one of each Pokémon
|rule|Item Clause: Limit 1 of each item
|clearpoke
|poke|p1|Raichu, L50, F|
|poke|p1|Staraptor, L50, M|
|poke|p1|Arcanine-Hisui, L50, M|
|poke|p1|Farigiraf, L50, M|
|poke|p1|Sylveon, L50, F|
|poke|p1|Kingambit, L50, M|
|poke|p2|Aerodactyl, L50, M|
|poke|p2|Kingambit, L50, M|
|poke|p2|Farigiraf, L50, F|
|poke|p2|Sylveon, L50, F|
|poke|p2|Charizard, L50, M|
|poke|p2|Garchomp, L50, M|
|teampreview|4
|showteam|p1|Raichu||RaichuniteY|LightningRod|ZapCannon,FocusBlast,FakeOut,Protect|Timid||F|||50|]Staraptor||Staraptite|Intimidate|CloseCombat,DualWingbeat,Tailwind,Protect|Jolly||M|||50|]Arcanine-Hisui||FocusSash|RockHead|FlareBlitz,HeadSmash,ExtremeSpeed,Protect|Jolly||M|||50|]Farigiraf||SitrusBerry|ArmorTail|Psychic,HelpingHand,TrickRoom,Protect|Calm||M|||50|]Sylveon||FairyFeather|Pixilate|HyperVoice,QuickAttack,HyperBeam,Detect|Modest||F|||50|]Kingambit||LifeOrb|Defiant|KowtowCleave,SuckerPunch,SwordsDance,Protect|Adamant||M|||50|
|showteam|p2|Aerodactyl||Aerodactylite|Unnerve|RockSlide,DualWingbeat,IceFang,Tailwind|Jolly||M|||50|]Kingambit||FocusSash|Defiant|KowtowCleave,IronHead,SuckerPunch,LowKick|Adamant||M|||50|]Farigiraf||SitrusBerry|ArmorTail|Psychic,Thunderbolt,TrickRoom,Protect|Quiet||F|||50|]Sylveon||FairyFeather|Pixilate|HyperVoice,Yawn,QuickAttack,Detect|Modest||F|||50|]Charizard||CharizarditeY|Blaze|HeatWave,SolarBeam,WeatherBall,Protect|Modest||M|||50|]Garchomp||LifeOrb|RoughSkin|Earthquake,DragonClaw,RockSlide,Protect|Jolly||M|||50|
|
|t:|1786135784
|teamsize|p1|4
|teamsize|p2|4
|start
|switch|p1a: Raichu|Raichu, L50, F|100/100
|switch|p1b: Arcanine|Arcanine-Hisui, L50, M|100/100
|switch|p2a: Aerodactyl|Aerodactyl, L50, M|100/100
|switch|p2b: Kingambit|Kingambit, L50, M|100/100
|-ability|p2a: Aerodactyl|Unnerve
|turn|1
|
|t:|1786135823
|detailschange|p2a: Aerodactyl|Aerodactyl-Mega, L50, M
|-mega|p2a: Aerodactyl|Aerodactyl|Aerodactylite
|detailschange|p1a: Raichu|Raichu-Mega-Y, L50, F
|-mega|p1a: Raichu|Raichu|Raichunite Y
|move|p1a: Raichu|Fake Out|p2a: Aerodactyl
|-resisted|p2a: Aerodactyl|1
|-damage|p2a: Aerodactyl|94/100
|move|p2b: Kingambit|Sucker Punch||[still]
|-fail|p2b: Kingambit
|cant|p2a: Aerodactyl|flinch
|move|p1b: Arcanine|Flare Blitz|p2b: Kingambit
|-supereffective|p2b: Kingambit|1
|-damage|p2b: Kingambit|6/100
|
|upkeep
|turn|2
|
|t:|1786135846
|move|p1b: Arcanine|Extreme Speed|p2b: Kingambit
|-resisted|p2b: Kingambit|1
|-damage|p2b: Kingambit|0 fnt
|faint|p2b: Kingambit
|move|p2a: Aerodactyl|Rock Slide|p1b: Arcanine|[spread] p1a,p1b
|-supereffective|p1b: Arcanine|1
|-damage|p1a: Raichu|56/100
|-damage|p1b: Arcanine|25/100
|move|p1a: Raichu|Zap Cannon|p2a: Aerodactyl
|-supereffective|p2a: Aerodactyl|1
|-damage|p2a: Aerodactyl|0 fnt
|faint|p2a: Aerodactyl
|
|upkeep
|
|t:|1786135856
|switch|p2a: Garchomp|Garchomp, L50, M|100/100
|switch|p2b: Farigiraf|Farigiraf, L50, F|100/100
|turn|3
|
|t:|1786135866
|move|p1b: Arcanine|Protect|p1b: Arcanine
|-singleturn|p1b: Arcanine|Protect
|move|p2b: Farigiraf|Protect|p2b: Farigiraf
|-singleturn|p2b: Farigiraf|Protect
|move|p1a: Raichu|Zap Cannon|p2b: Farigiraf
|-activate|p2b: Farigiraf|move: Protect
|move|p2a: Garchomp|Earthquake|p1a: Raichu|[spread] p1a
|-activate|p2b: Farigiraf|move: Protect
|-activate|p1b: Arcanine|move: Protect
|-supereffective|p1a: Raichu|1
|-damage|p1a: Raichu|0 fnt
|faint|p1a: Raichu
|-damage|p2a: Garchomp|90/100|[from] item: Life Orb
|
|upkeep
|
|t:|1786135885
|switch|p1a: Sylveon|Sylveon, L50, F|100/100
|turn|4
|
|t:|1786135897
|move|p1b: Arcanine|Extreme Speed||[still]
|cant|p2b: Farigiraf|ability: Armor Tail|Extreme Speed|[of] p1b: Arcanine
|move|p2a: Garchomp|Rock Slide|p1b: Arcanine|[spread] p1a,p1b
|-supereffective|p1b: Arcanine|1
|-damage|p1a: Sylveon|73/100
|-damage|p1b: Arcanine|0 fnt
|faint|p1b: Arcanine
|-damage|p2a: Garchomp|80/100|[from] item: Life Orb
|cant|p1a: Sylveon|flinch
|move|p2b: Farigiraf|Psychic|p1a: Sylveon
|-damage|p1a: Sylveon|45/100
|
|upkeep
|
|t:|1786135908
|switch|p1b: Kingambit|Kingambit, L50, M|100/100
|turn|5
|
|t:|1786135919
|move|p1a: Sylveon|Detect|p1a: Sylveon
|-singleturn|p1a: Sylveon|Protect
|move|p1b: Kingambit|Protect|p1b: Kingambit
|-singleturn|p1b: Kingambit|Protect
|move|p2a: Garchomp|Earthquake|p1a: Sylveon|[spread] p2b
|-activate|p1a: Sylveon|move: Protect
|-activate|p1b: Kingambit|move: Protect
|-damage|p2b: Farigiraf|54/100
|-damage|p2a: Garchomp|70/100|[from] item: Life Orb
|move|p2b: Farigiraf|Thunderbolt|p1a: Sylveon
|-activate|p1a: Sylveon|move: Protect
|
|upkeep
|turn|6
|
|t:|1786135938
|move|p2a: Garchomp|Earthquake|p1b: Kingambit|[spread] p2b,p1a,p1b
|-supereffective|p1b: Kingambit|1
|-damage|p2b: Farigiraf|7/100
|-damage|p1a: Sylveon|0 fnt
|-damage|p1b: Kingambit|20/100y
|-enditem|p2b: Farigiraf|Sitrus Berry|[eat]
|-heal|p2b: Farigiraf|32/100|[from] item: Sitrus Berry
|faint|p1a: Sylveon
|-damage|p2a: Garchomp|61/100|[from] item: Life Orb
|move|p2b: Farigiraf|Thunderbolt|p1b: Kingambit
|-damage|p1b: Kingambit|0 fnt
|faint|p1b: Kingambit
|
|win|oapals121
|inactive|satandagiii2005 has 30 seconds to confirm battle start!
|inactive|oapals121 has 30 seconds to confirm battle start!
||satandagiii2005 is ready for game 3.
||oapals121 is ready for game 3.
|uhtml|next|Next: Game 3 of 3
