|j|☆kutump
|j|☆d1mo22
|html|kutumpd1mo22    
|uhtml|bestof|Game 1 of a best-of-3
|t:|1784141544
|gametype|doubles
|player|p1|kutump|101|1143
|player|p2|d1mo22|skier|1104
|gen|9
|tier|[Gen 9 Champions] VGC 2026 Reg M-B (Bo3)
|rated|
|rule|Species Clause: Limit one of each Pokémon
|rule|Item Clause: Limit 1 of each item
|clearpoke
|poke|p1|Scizor, L50, M|
|poke|p1|Sinistcha, L50|
|poke|p1|Sneasler, L50, M|
|poke|p1|Grimmsnarl, L50, M|
|poke|p1|Staraptor, L50, M|
|poke|p1|Aerodactyl, L50, F|
|poke|p2|Raichu, L50, M|
|poke|p2|Gyarados, L50, M, shiny|
|poke|p2|Mamoswine, L50, F|
|poke|p2|Ceruledge, L50, F|
|poke|p2|Sinistcha, L50|
|poke|p2|Kingambit, L50, F, shiny|
|teampreview|4
|showteam|p1|Scizor||Scizorite|Technician|BulletPunch,KnockOff,SwordsDance,Protect|Adamant||M|||50|]Sinistcha||SitrusBerry|Hospitality|MatchaGotcha,RagePowder,TrickRoom,LifeDew|Relaxed|||||50|]Sneasler||WhiteHerb|Unburden|CloseCombat,Coaching,FakeOut,Protect|Jolly||M|||50|]Grimmsnarl||LightClay|Prankster|LightScreen,Reflect,SpiritBreak,FakeOut|Careful||M|||50|]Staraptor||ChoiceScarf|Reckless|BraveBird,FinalGambit,DoubleEdge,Uturn|Jolly||M|||50|]Aerodactyl||FocusSash|Unnerve|RockSlide,DualWingbeat,Protect,Tailwind|Jolly||F|||50|
|showteam|p2|Raichu||RaichuniteY|LightningRod|FakeOut,Encore,ZapCannon,FocusBlast|Timid||M|||50|]Gyarados||Gyaradosite|Intimidate|LashOut,Waterfall,DragonDance,Protect|Adamant||M|||50|]Mamoswine||LifeOrb|Oblivious|Protect,IcicleCrash,IceShard,HighHorsepower|Jolly||F|||50|]Ceruledge||ColburBerry|FlashFire|BitterBlade,ShadowSneak,BulkUp,Protect|Adamant||F|||50|]Sinistcha||SitrusBerry|Hospitality|Protect,RagePowder,MatchaGotcha,LifeDew|Bold|||||50|]Kingambit||FocusSash|Defiant|Protect,SuckerPunch,KowtowCleave,IronHead|Adamant||F|||50|
|inactive|Battle timer is ON: inactive players will automatically lose when time's up. (requested by d1mo22)
|
|t:|1784141629
|teamsize|p1|4
|teamsize|p2|4
|start
|switch|p1a: Scizor|Scizor, L50, M|100/100
|switch|p1b: Sneasler|Sneasler, L50, M|100/100
|switch|p2a: Raichu|Raichu, L50, M|100/100
|switch|p2b: Mamoswine|Mamoswine, L50, F|100/100
|turn|1
|inactive|d1mo22 has 30 seconds left.
|inactive|kutump has 30 seconds left.
|
|t:|1784141668
|detailschange|p2a: Raichu|Raichu-Mega-Y, L50, M
|-mega|p2a: Raichu|Raichu|Raichunite Y
|detailschange|p1a: Scizor|Scizor-Mega, L50, M
|-mega|p1a: Scizor|Scizor|Scizorite
|move|p1b: Sneasler|Protect|p1b: Sneasler
|-singleturn|p1b: Sneasler|Protect
|move|p2a: Raichu|Fake Out|p1b: Sneasler
|-activate|p1b: Sneasler|move: Protect
|move|p2b: Mamoswine|High Horsepower|p1b: Sneasler
|-activate|p1b: Sneasler|move: Protect
|move|p1a: Scizor|Swords Dance|p1a: Scizor
|-boost|p1a: Scizor|atk|2
|
|upkeep
|turn|2
|inactive|kutump has 30 seconds left.
|inactive|d1mo22 has 30 seconds left.
|inactive|kutump has 20 seconds left.
|
|t:|1784141707
|switch|p2b: Gyarados|Gyarados, L50, M, shiny|100/100
|-ability|p2b: Gyarados|Intimidate|boost
|-unboost|p1a: Scizor|atk|1
|-unboost|p1b: Sneasler|atk|1
|-enditem|p1b: Sneasler|White Herb
|-clearnegativeboost|p1b: Sneasler|[silent]
|move|p1a: Scizor|Bullet Punch|p2b: Gyarados
|-resisted|p2b: Gyarados|1
|-damage|p2b: Gyarados|68/100
|move|p1b: Sneasler|Coaching|p1a: Scizor
|-boost|p1a: Scizor|atk|1
|-boost|p1a: Scizor|def|1
|move|p2a: Raichu|Zap Cannon|p1b: Sneasler
|-damage|p1b: Sneasler|14/100
|-status|p1b: Sneasler|par
|
|upkeep
|turn|3
|inactive|d1mo22 has 30 seconds left.
|inactive|kutump has 30 seconds left.
|inactive|d1mo22 has 20 seconds left.
|inactive|kutump has 20 seconds left.
|inactive|d1mo22 has 15 seconds left.
|inactive|d1mo22 has 10 seconds left.
|inactive|d1mo22 has 5 seconds left.
|
|t:|1784141757
|move|p1a: Scizor|Bullet Punch|p2a: Raichu
|-resisted|p2a: Raichu|1
|-damage|p2a: Raichu|41/100
|move|p2a: Raichu|Zap Cannon|p1a: Scizor
|-damage|p1a: Scizor|36/100
|-status|p1a: Scizor|par
|move|p1b: Sneasler|Coaching|p1a: Scizor
|-boost|p1a: Scizor|atk|1
|-boost|p1a: Scizor|def|1
|move|p2b: Gyarados|Waterfall|p1b: Sneasler
|-damage|p1b: Sneasler|0 fnt
|faint|p1b: Sneasler
|
|upkeep
|
|t:|1784141765
|switch|p1b: Sinistcha|Sinistcha, L50|100/100
|-heal|p1a: Scizor|61/100 par|[from] ability: Hospitality|[of] p1b: Sinistcha
|turn|4
|
|t:|1784141788
|switch|p2a: Sinistcha|Sinistcha, L50|100/100
|-heal|p2b: Gyarados|93/100|[from] ability: Hospitality|[of] p2a: Sinistcha
|move|p2b: Gyarados|Protect|p2b: Gyarados
|-singleturn|p2b: Gyarados|Protect
|move|p1b: Sinistcha|Rage Powder|p1b: Sinistcha
|-singleturn|p1b: Sinistcha|move: Rage Powder
|move|p1a: Scizor|Bullet Punch|p2a: Sinistcha
|-damage|p2a: Sinistcha|16/100
|-enditem|p2a: Sinistcha|Sitrus Berry|[eat]
|-heal|p2a: Sinistcha|41/100|[from] item: Sitrus Berry
|
|upkeep
|turn|5
|
|t:|1784141809
|switch|p2b: Mamoswine|Mamoswine, L50, F|100/100
|move|p2a: Sinistcha|Protect|p2a: Sinistcha
|-singleturn|p2a: Sinistcha|Protect
|move|p1a: Scizor|Bullet Punch|p2b: Mamoswine
|-supereffective|p2b: Mamoswine|1
|-damage|p2b: Mamoswine|0 fnt
|faint|p2b: Mamoswine
|move|p1b: Sinistcha|Life Dew||[still]|[spread] p1a,p1b
|-heal|p1a: Scizor|86/100 par
|-fail|p1b: Sinistcha|heal
|
|upkeep
|
|t:|1784141821
|switch|p2b: Raichu|Raichu-Mega-Y, L50, M|41/100
|turn|6
|
|t:|1784141833
|switch|p2a: Gyarados|Gyarados, L50, M, shiny|93/100
|-ability|p2a: Gyarados|Intimidate|boost
|-unboost|p1a: Scizor|atk|1
|-unboost|p1b: Sinistcha|atk|1
|move|p1b: Sinistcha|Rage Powder|p1b: Sinistcha
|-singleturn|p1b: Sinistcha|move: Rage Powder
|move|p1a: Scizor|Bullet Punch|p2a: Gyarados
|-resisted|p2a: Gyarados|1
|-damage|p2a: Gyarados|50/100y
|move|p2b: Raichu|Zap Cannon|p1b: Sinistcha
|-resisted|p1b: Sinistcha|1
|-damage|p1b: Sinistcha|65/100
|-status|p1b: Sinistcha|par
|
|upkeep
|turn|7
|
|t:|1784141856
|switch|p2b: Sinistcha|Sinistcha, L50|41/100
|-heal|p2a: Gyarados|74/100|[from] ability: Hospitality|[of] p2b: Sinistcha
|move|p1a: Scizor|Bullet Punch|p2b: Sinistcha
|-damage|p2b: Sinistcha|0 fnt
|faint|p2b: Sinistcha
|move|p2a: Gyarados|Dragon Dance|p2a: Gyarados
|-boost|p2a: Gyarados|atk|1
|-boost|p2a: Gyarados|spe|1
|move|p1b: Sinistcha|Life Dew|p1b: Sinistcha|[spread] p1a,p1b
|-heal|p1a: Scizor|100/100 par
|-heal|p1b: Sinistcha|90/100 par
|
|upkeep
|
|t:|1784141868
|switch|p2b: Raichu|Raichu-Mega-Y, L50, M|41/100
|turn|8
|
|t:|1784141876
|move|p2b: Raichu|Zap Cannon|p1a: Scizor
|-damage|p1a: Scizor|40/100 par
|move|p2a: Gyarados|Lash Out|p1b: Sinistcha
|-supereffective|p1b: Sinistcha|1
|-damage|p1b: Sinistcha|41/100 par
|-enditem|p1b: Sinistcha|Sitrus Berry|[eat]
|-heal|p1b: Sinistcha|65/100 par|[from] item: Sitrus Berry
|cant|p1a: Scizor|par
|move|p1b: Sinistcha|Matcha Gotcha|p2b: Raichu|[spread] p2a,p2b
|-damage|p2a: Gyarados|51/100
|-heal|p1b: Sinistcha|78/100 par|[from] drain|[of] p2a: Gyarados
|-damage|p2b: Raichu|10/100
|-heal|p1b: Sinistcha|93/100 par|[from] drain|[of] p2b: Raichu
|-status|p2b: Raichu|brn
|
|-damage|p2b: Raichu|4/100 brn|[from] brn
|upkeep
|turn|9
|
|t:|1784141897
|move|p1a: Scizor|Protect|p1a: Scizor
|-singleturn|p1a: Scizor|Protect
|move|p2b: Raichu|Zap Cannon|p1a: Scizor
|-activate|p1a: Scizor|move: Protect
|move|p2a: Gyarados|Waterfall|p1a: Scizor
|-activate|p1a: Scizor|move: Protect
|move|p1b: Sinistcha|Life Dew|p1b: Sinistcha|[spread] p1a,p1b
|-heal|p1a: Scizor|65/100 par
|-heal|p1b: Sinistcha|100/100 par
|
|-damage|p2b: Raichu|0 fnt|[from] brn
|faint|p2b: Raichu
|upkeep
|turn|10
|
|t:|1784141912
|move|p1a: Scizor|Bullet Punch|p2a: Gyarados
|-resisted|p2a: Gyarados|1
|-damage|p2a: Gyarados|8/100
|move|p2a: Gyarados|Waterfall|p1a: Scizor
|-damage|p1a: Scizor|41/100 par
|move|p1b: Sinistcha|Matcha Gotcha|p2a: Gyarados
|-damage|p2a: Gyarados|0 fnt
|faint|p2a: Gyarados
|
|win|kutump
||kutump is ready for game 2.
||d1mo22 is ready for game 2.
|uhtml|next|Next: Game 2 of 3
