|j|☆davidxrt
|j|☆lukashz
|html|davidxrtlukashz    
|uhtml|bestof|Game 2 of a best-of-3
|t:|1783817014
|gametype|doubles
|player|p1|davidxrt|hilbert-wonderlauncher|1209
|player|p2|lukashz|elesa|1437
|gen|9
|tier|[Gen 9 Champions] VGC 2026 Reg M-B (Bo3)
|rated|
|rule|Species Clause: Limit one of each Pokémon
|rule|Item Clause: Limit 1 of each item
|clearpoke
|poke|p1|Gengar, L50, F|
|poke|p1|Pelipper, L50, F|
|poke|p1|Archaludon, L50, M|
|poke|p1|Basculegion, L50, M|
|poke|p1|Floette-Eternal, L50, F|
|poke|p1|Klefki, L50, M|
|poke|p2|Chandelure, L50, F|
|poke|p2|Kangaskhan, L50, F|
|poke|p2|Sylveon, L50, F|
|poke|p2|Tyranitar, L50, M|
|poke|p2|Rotom-Wash, L50|
|poke|p2|Venusaur, L50, F|
|teampreview|4
|showteam|p1|Gengar||Gengarite|CursedBody|Protect,Taunt,Thunder,SludgeWave|Modest||F|||50|]Pelipper||SitrusBerry|Drizzle|Protect,Tailwind,WeatherBall,Hurricane|Modest||F|||50|]Archaludon||QuickClaw|Stamina|Protect,ElectroShot,DracoMeteor,FlashCannon|Modest||M|||50|]Basculegion||LifeOrb|SwiftSwim|AquaJet,FlipTurn,WaveCrash,LastRespects|Adamant||M|||50|]Floette-Eternal||Floettite|FlowerVeil|Protect,DazzlingGleam,Moonblast,LightofRuin|Modest||F|||50|]Klefki||LightClay|Prankster|Reflect,LightScreen,RainDance,Psyshock|Bold||M|||50|
|showteam|p2|Chandelure||FocusSash|FlashFire|HeatWave,ShadowBall,TrickRoom,Taunt|Quiet||F|||50|]Kangaskhan||Kangaskhanite|InnerFocus|FakeOut,DoubleEdge,SuckerPunch,HammerArm|Brave||F|||50|]Sylveon||FairyFeather|Pixilate|HyperVoice,Protect,HyperBeam,HelpingHand|Quiet||F|||50|]Tyranitar||LifeOrb|SandStream|LowKick,RockSlide,Protect,KnockOff|Brave||M|||50|]Rotom-Wash||SitrusBerry|Levitate|ThunderWave,VoltSwitch,HydroPump,Protect|Calm|||||50|]Venusaur||Venusaurite|Chlorophyll|EarthPower,SludgeBomb,GigaDrain,Protect|Modest||F|||50|
|inactive|Battle timer is ON: inactive players will automatically lose when time's up. (requested by davidxrt)
|
|t:|1783817038
|teamsize|p1|4
|teamsize|p2|4
|start
|switch|p1a: Klefki|Klefki, L50, M|100/100
|switch|p1b: Basculegion|Basculegion, L50, M|100/100
|switch|p2a: Venusaur|Venusaur, L50, F|100/100
|switch|p2b: Rotom|Rotom-Wash, L50|100/100
|turn|1
|
|t:|1783817055
|switch|p1b: Archaludon|Archaludon, L50, M|100/100
|detailschange|p2a: Venusaur|Venusaur-Mega, L50, F
|-mega|p2a: Venusaur|Venusaur|Venusaurite
|move|p1a: Klefki|Light Screen|p1a: Klefki
|-sidestart|p1: davidxrt|move: Light Screen
|move|p2a: Venusaur|Giga Drain|p1b: Archaludon
|-resisted|p1b: Archaludon|2
|-damage|p1b: Archaludon|94/100
|-ability|p1b: Archaludon|Stamina|boost
|-boost|p1b: Archaludon|def|1
|move|p2b: Rotom|Thunder Wave|p1a: Klefki
|-status|p1a: Klefki|par
|
|upkeep
|turn|2
|
|t:|1783817072
|cant|p1a: Klefki|par
|move|p2a: Venusaur|Earth Power|p1b: Archaludon
|-supereffective|p1b: Archaludon|1
|-damage|p1b: Archaludon|54/100
|-ability|p1b: Archaludon|Stamina|boost
|-boost|p1b: Archaludon|def|1
|move|p2b: Rotom|Thunder Wave|p1b: Archaludon
|-status|p1b: Archaludon|par
|move|p1b: Archaludon|Electro Shot||[still]
|-prepare|p1b: Archaludon|Electro Shot
|-boost|p1b: Archaludon|spa|1
|
|upkeep
|turn|3
|
|t:|1783817095
|move|p1a: Klefki|Rain Dance|p1a: Klefki
|-weather|RainDance
|move|p2a: Venusaur|Earth Power|p1b: Archaludon
|-supereffective|p1b: Archaludon|1
|-damage|p1b: Archaludon|18/100 par
|-ability|p1b: Archaludon|Stamina|boost
|-boost|p1b: Archaludon|def|1
|move|p2b: Rotom|Hydro Pump|p1a: Klefki
|-damage|p1a: Klefki|57/100 par
|move|p1b: Archaludon|Electro Shot|p2b: Rotom|[from] lockedmove
|-damage|p2b: Rotom|55/100
|
|-weather|RainDance|[upkeep]
|upkeep
|turn|4
|-activate|p1b: Archaludon|item: Quick Claw
|
|t:|1783817114
|move|p1b: Archaludon|Draco Meteor|p2a: Venusaur
|-damage|p2a: Venusaur|30/100
|-unboost|p1b: Archaludon|spa|2
|move|p2a: Venusaur|Earth Power|p1a: Klefki
|-supereffective|p1a: Klefki|1
|-damage|p1a: Klefki|14/100 par
|move|p2b: Rotom|Volt Switch|p1a: Klefki
|-damage|p1a: Klefki|0 fnt
|faint|p1a: Klefki
|
|t:|1783817127
|switch|p2b: Sylveon|Sylveon, L50, F|100/100|[from] Volt Switch
|
|-weather|RainDance|[upkeep]
|upkeep
|
|t:|1783817132
|switch|p1a: Gengar|Gengar, L50, F|100/100
|turn|5
|inactive|lukashz has 30 seconds left.
|
|t:|1783817157
|switch|p2a: Tyranitar|Tyranitar, L50, M|100/100
|-weather|Sandstorm|[from] ability: Sand Stream|[of] p2a: Tyranitar
|detailschange|p1a: Gengar|Gengar-Mega, L50, F
|-mega|p1a: Gengar|Gengar|Gengarite
|move|p1a: Gengar|Sludge Wave|p2a: Tyranitar|[spread] p2a,p2b
|-immune|p1b: Archaludon
|-resisted|p2a: Tyranitar|1
|-supereffective|p2b: Sylveon|1
|-damage|p2a: Tyranitar|87/100
|-damage|p2b: Sylveon|30/100
|move|p2b: Sylveon|Hyper Voice|p1b: Archaludon|[spread] p1a,p1b
|-resisted|p1a: Gengar|1
|-damage|p1a: Gengar|82/100
|-damage|p1b: Archaludon|0 fnt
|faint|p1b: Archaludon
|
|-weather|Sandstorm|[upkeep]
|-damage|p1a: Gengar|76/100|[from] Sandstorm
|-damage|p2b: Sylveon|24/100|[from] Sandstorm
|upkeep
|
|t:|1783817176
|switch|p1b: Basculegion|Basculegion, L50, M|100/100
|turn|6
|
|t:|1783817188
|move|p2a: Tyranitar|Protect|p2a: Tyranitar
|-singleturn|p2a: Tyranitar|Protect
|move|p1a: Gengar|Sludge Wave|p2b: Sylveon|[spread] p1b,p2b
|-activate|p2a: Tyranitar|move: Protect
|-resisted|p1b: Basculegion|1
|-supereffective|p2b: Sylveon|1
|-damage|p1b: Basculegion|82/100
|-damage|p2b: Sylveon|0 fnt
|faint|p2b: Sylveon
|move|p1b: Basculegion|Wave Crash|p2a: Tyranitar
|-activate|p2a: Tyranitar|move: Protect
|
|-weather|Sandstorm|[upkeep]
|-damage|p1a: Gengar|70/100|[from] Sandstorm
|-damage|p1b: Basculegion|76/100|[from] Sandstorm
|upkeep
|
|t:|1783817199
|switch|p2b: Rotom|Rotom-Wash, L50|55/100
|turn|7
|
|t:|1783817216
|move|p2a: Tyranitar|Protect||[still]
|-fail|p2a: Tyranitar
|move|p1b: Basculegion|Aqua Jet|p2a: Tyranitar
|-supereffective|p2a: Tyranitar|1
|-damage|p2a: Tyranitar|39/100
|-damage|p1b: Basculegion|66/100|[from] item: Life Orb
|move|p1a: Gengar|Thunder|p2b: Rotom|[miss]
|-miss|p1a: Gengar|p2b: Rotom
|move|p2b: Rotom|Volt Switch|p1b: Basculegion
|-supereffective|p1b: Basculegion|1
|-damage|p1b: Basculegion|31/100
|
|t:|1783817227
|switch|p2b: Venusaur|Venusaur-Mega, L50, F|30/100|[from] Volt Switch
|
|-weather|Sandstorm|[upkeep]
|-damage|p1a: Gengar|64/100|[from] Sandstorm
|-damage|p2b: Venusaur|24/100|[from] Sandstorm
|-damage|p1b: Basculegion|25/100|[from] Sandstorm
|upkeep
|turn|8
|
|t:|1783817250
|move|p1b: Basculegion|Aqua Jet|p2b: Venusaur
|-resisted|p2b: Venusaur|1
|-damage|p2b: Venusaur|13/100
|-damage|p1b: Basculegion|16/100|[from] item: Life Orb
|move|p1a: Gengar|Thunder|p2b: Venusaur
|-resisted|p2b: Venusaur|1
|-damage|p2b: Venusaur|0 fnt
|faint|p2b: Venusaur
|move|p2a: Tyranitar|Rock Slide|p1a: Gengar|[spread] p1a,p1b
|-damage|p1a: Gengar|7/100
|-damage|p1b: Basculegion|0 fnt
|faint|p1b: Basculegion
|-damage|p2a: Tyranitar|29/100|[from] item: Life Orb
|
|-weather|Sandstorm|[upkeep]
|-damage|p1a: Gengar|1/100|[from] Sandstorm
|-sideend|p1: davidxrt|move: Light Screen
|upkeep
|
|t:|1783817260
|switch|p2b: Rotom|Rotom-Wash, L50|55/100
|turn|9
|
|t:|1783817270
|move|p2b: Rotom|Protect|p2b: Rotom
|-singleturn|p2b: Rotom|Protect
|move|p2a: Tyranitar|Protect|p2a: Tyranitar
|-singleturn|p2a: Tyranitar|Protect
|move|p1a: Gengar|Sludge Wave|p2a: Tyranitar|[spread] 
|-activate|p2a: Tyranitar|move: Protect
|-activate|p2b: Rotom|move: Protect
|
|-weather|none
|upkeep
|turn|10
|
|t:|1783817282
|move|p1a: Gengar|Sludge Wave|p2b: Rotom|[spread] p2a,p2b
|-resisted|p2a: Tyranitar|1
|-damage|p2a: Tyranitar|8/100
|-damage|p2b: Rotom|21/100
|-enditem|p2b: Rotom|Sitrus Berry|[eat]
|-heal|p2b: Rotom|45/100|[from] item: Sitrus Berry
|move|p2b: Rotom|Volt Switch|p1a: Gengar
|-damage|p1a: Gengar|0 fnt
|faint|p1a: Gengar
|
|win|lukashz
|raw|davidxrt's rating: 1209 → 1198(-11 for losing)
|raw|lukashz's rating: 1437 → 1445(+8 for winning)
