|j|☆efwefwefwefweifier
|j|☆Washingtung DC
|html|efwefwefwefweifierWashingtung DC    
|uhtml|bestof|Game 2 of a best-of-3
|t:|1782730753
|gametype|doubles
|player|p1|efwefwefwefweifier|clown|1208
|player|p2|Washingtung DC|roughneck|1310
|gen|9
|tier|[Gen 9 Champions] VGC 2026 Reg M-B (Bo3)
|rated|
|rule|Species Clause: Limit one of each Pokémon
|rule|Item Clause: Limit 1 of each item
|clearpoke
|poke|p1|Pyroar, L50, F|
|poke|p1|Torkoal, L50, F|
|poke|p1|Farigiraf, L50, F|
|poke|p1|Vileplume, L50, M|
|poke|p1|Incineroar, L50, F|
|poke|p1|Floette-Eternal, L50, F|
|poke|p2|Swampert, L50, F|
|poke|p2|Pelipper, L50, F|
|poke|p2|Venusaur, L50, M|
|poke|p2|Hydreigon, L50, M|
|poke|p2|Rotom-Heat, L50|
|poke|p2|Whimsicott, L50, M|
|teampreview|4
|showteam|p1|Pyroar||Pyroarite|Unnerve|Overheat,HeatWave,SolarBeam,Protect|Timid||F|||50|]Torkoal||Charcoal|Drought|Eruption,WeatherBall,HelpingHand,Protect|Quiet||F|||50|]Farigiraf||SitrusBerry|ArmorTail|Psychic,Thunderbolt,HelpingHand,TrickRoom|Quiet||F|||50|]Vileplume||FocusSash|Chlorophyll|SolarBeam,SludgeBomb,SleepPowder,AfterYou|Timid||M|||50|]Incineroar||WhiteHerb|Intimidate|DarkestLariat,CloseCombat,FakeOut,PartingShot|Adamant||F|||50|]Floette-Eternal||Floettite|FlowerVeil|DazzlingGleam,DrainingKiss,CalmMind,Protect|Modest||F|||50|
|showteam|p2|Swampert||Swampertite|Torrent|Earthquake,WaveCrash,IcePunch,Protect|Adamant||F|||50|]Pelipper||SitrusBerry|Drizzle|Tailwind,WeatherBall,Hurricane,Protect|Modest||F|||50|]Venusaur||Venusaurite|Chlorophyll|SludgeBomb,EarthPower,GigaDrain,Protect|Modest||M|||50|]Hydreigon||ChoiceScarf|Levitate|Snarl,Uturn,DracoMeteor,DarkPulse|Modest||M|||50|]Rotom-Heat||Leftovers|Levitate|LightScreen,WillOWisp,Overheat,VoltSwitch|Timid|||||50|]Whimsicott||FocusSash|Prankster|Encore,Moonblast,Tailwind,Protect|Modest||M|||50|
|inactive|Battle timer is ON: inactive players will automatically lose when time's up. (requested by efwefwefwefweifier)
|inactive|Washingtung DC has 60 seconds left.
|
|t:|1782730788
|teamsize|p1|4
|teamsize|p2|4
|start
|switch|p1a: Incineroar|Incineroar, L50, F|100/100
|switch|p1b: Floette|Floette-Eternal, L50, F|100/100
|switch|p2a: Venusaur|Venusaur, L50, M|100/100
|switch|p2b: Rotom|Rotom-Heat, L50|100/100
|-ability|p1a: Incineroar|Intimidate|boost
|-unboost|p2a: Venusaur|atk|1
|-unboost|p2b: Rotom|atk|1
|turn|1
|inactive|Washingtung DC has 30 seconds left.
|inactive|Washingtung DC has 20 seconds left.
|
|t:|1782730827
|switch|p2b: Swampert|Swampert, L50, F|100/100
|detailschange|p1b: Floette|Floette-Mega, L50, F
|-mega|p1b: Floette|Floette|Floettite
|-ability|p1b: Floette|Fairy Aura
|move|p1a: Incineroar|Fake Out|p2a: Venusaur
|-damage|p2a: Venusaur|86/100
|move|p1b: Floette|Calm Mind|p1b: Floette
|-boost|p1b: Floette|spa|1
|-boost|p1b: Floette|spd|1
|cant|p2a: Venusaur|flinch
|
|upkeep
|turn|2
|inactive|Washingtung DC has 30 seconds left.
|
|t:|1782730861
|detailschange|p2b: Swampert|Swampert-Mega, L50, F
|-mega|p2b: Swampert|Swampert|Swampertite
|move|p1b: Floette|Protect|p1b: Floette
|-singleturn|p1b: Floette|Protect
|move|p2a: Venusaur|Earth Power|p1a: Incineroar
|-supereffective|p1a: Incineroar|1
|-damage|p1a: Incineroar|57/100
|move|p2b: Swampert|Wave Crash|p1a: Incineroar
|-supereffective|p1a: Incineroar|1
|-damage|p1a: Incineroar|0 fnt
|faint|p1a: Incineroar
|-damage|p2b: Swampert|79/100|[from] Recoil
|
|upkeep
|
|t:|1782730873
|switch|p1a: Farigiraf|Farigiraf, L50, F|100/100
|turn|3
|inactive|efwefwefwefweifier has 30 seconds left.
|inactive|Washingtung DC has 30 seconds left.
|inactive|Washingtung DC has 20 seconds left.
|inactive|Washingtung DC has 15 seconds left.
|inactive|Washingtung DC has 10 seconds left.
|inactive|Washingtung DC has 5 seconds left.
|
|t:|1782730927
|switch|p1a: Torkoal|Torkoal, L50, F|100/100
|-weather|SunnyDay|[from] ability: Drought|[of] p1a: Torkoal
|move|p2a: Venusaur|Earth Power|p1b: Floette
|-damage|p1b: Floette|87/100
|move|p1b: Floette|Dazzling Gleam|p2a: Venusaur|[spread] p2a,p2b
|-resisted|p2a: Venusaur|1
|-damage|p2a: Venusaur|49/100
|-damage|p2b: Swampert|11/100
|move|p2b: Swampert|Wave Crash|p1b: Floette
|-damage|p1b: Floette|44/100
|-damage|p2b: Swampert|0 fnt|[from] Recoil
|faint|p2b: Swampert
|
|-weather|SunnyDay|[upkeep]
|upkeep
|
|t:|1782730937
|switch|p2b: Pelipper|Pelipper, L50, F|100/100
|-weather|RainDance|[from] ability: Drizzle|[of] p2b: Pelipper
|turn|4
|
|t:|1782730954
|move|p1a: Torkoal|Helping Hand|p1b: Floette
|-singleturn|p1b: Floette|Helping Hand|[of] p1a: Torkoal
|move|p1b: Floette|Draining Kiss|p2b: Pelipper
|-damage|p2b: Pelipper|0 fnt
|-heal|p1b: Floette|100/100|[from] drain|[of] p2b: Pelipper
|faint|p2b: Pelipper
|move|p2a: Venusaur|Sludge Bomb|p1b: Floette
|-supereffective|p1b: Floette|1
|-damage|p1b: Floette|64/100
|
|-weather|RainDance|[upkeep]
|upkeep
|
|t:|1782730960
|switch|p2b: Rotom|Rotom-Heat, L50|100/100
|turn|5
|
|t:|1782730983
|move|p2b: Rotom|Light Screen|p2b: Rotom
|-sidestart|p2: Washingtung DC|move: Light Screen
|move|p1b: Floette|Draining Kiss|p2a: Venusaur
|-resisted|p2a: Venusaur|1
|-damage|p2a: Venusaur|29/100
|-heal|p1b: Floette|81/100|[from] drain|[of] p2a: Venusaur
|move|p2a: Venusaur|Sludge Bomb|p1b: Floette
|-supereffective|p1b: Floette|1
|-damage|p1b: Floette|43/100
|move|p1a: Torkoal|Weather Ball|p2b: Rotom
|-supereffective|p2b: Rotom|1
|-damage|p2b: Rotom|35/100
|
|-weather|RainDance|[upkeep]
|-heal|p2b: Rotom|41/100|[from] item: Leftovers
|upkeep
|turn|6
|
|t:|1782731002
|move|p1a: Torkoal|Helping Hand|p1b: Floette
|-singleturn|p1b: Floette|Helping Hand|[of] p1a: Torkoal
|move|p2b: Rotom|Volt Switch|p1a: Torkoal
|-crit|p1a: Torkoal
|-damage|p1a: Torkoal|45/100
|move|p1b: Floette|Dazzling Gleam|p2b: Rotom|[spread] p2a,p2b
|-resisted|p2a: Venusaur|1
|-resisted|p2b: Rotom|1
|-damage|p2a: Venusaur|0 fnt
|-damage|p2b: Rotom|0 fnt
|faint|p2a: Venusaur
|faint|p2b: Rotom
|
|win|efwefwefwefweifier
|raw|efwefwefwefweifier's rating: 1208 → 1240(+32 for winning)
|raw|Washingtung DC's rating: 1310 → 1284(-26 for losing)
|l|☆Washingtung DC
|player|p2|
