|j|Ōśåmaster 792
|j|Ōśåalexshyness
|html|master 792alexshyness    
|uhtml|bestof|Game 3 of a best-of-3
|t:|1785813720
|gametype|doubles
|player|p1|master 792|red|1284
|player|p2|alexshyness|lass-gen4dp|1289
|gen|9
|tier|[Gen 9 Champions] VGC 2026 Reg M-B (Bo3)
|rated|
|rule|Species Clause: Limit one of each Pok├®mon
|rule|Item Clause: Limit 1 of each item
|clearpoke
|poke|p1|Charizard, L50, M|
|poke|p1|Whimsicott, L50, F, shiny|
|poke|p1|Basculegion, L50, M, shiny|
|poke|p1|Garchomp, L50, M, shiny|
|poke|p1|Kingambit, L50, M|
|poke|p1|Floette-Eternal, L50, F|
|poke|p2|Kommo-o, L50, M|
|poke|p2|Gengar, L50, M, shiny|
|poke|p2|Maushold-Four, L50|
|poke|p2|Charizard, L50, M, shiny|
|poke|p2|Venusaur, L50, M|
|poke|p2|Incineroar, L50, M|
|teampreview|4
|showteam|p1|Charizard||CharizarditeY|Blaze|HeatWave,WeatherBall,SolarBeam,Protect|Modest||M|||50|]Whimsicott||FocusSash|Prankster|Moonblast,Encore,Tailwind,Protect|Timid||F|||50|]Basculegion||LifeOrb|Adaptability|WaveCrash,LastRespects,AquaJet,Protect|Adamant||M|||50|]Garchomp||SitrusBerry|RoughSkin|PoisonJab,Earthquake,RockSlide,DragonClaw|Adamant||M|||50|]Kingambit||BlackGlasses|Defiant|KowtowCleave,IronHead,SuckerPunch,Protect|Adamant||M|||50|]Floette-Eternal||Floettite|FlowerVeil|Moonblast,DazzlingGleam,HelpingHand,Protect|Modest||F|||50|
|showteam|p2|Kommo-o||Leftovers|Soundproof|Protect,ClangingScales,AuraSphere,ClangorousSoul|Timid||M|||50|]Gengar||Gengarite|CursedBody|Protect,ShadowBall,SludgeBomb,PerishSong|Timid||M|||50|]Maushold-Four||ChopleBerry|FriendGuard|Protect,HelpingHand,FollowMe,Encore|Jolly|||||50|]Charizard||CharizarditeY|Blaze|Protect,HeatWave,WeatherBall,SolarBeam|Modest||M|||50|]Venusaur||FocusSash|Chlorophyll|Protect,LeafStorm,EarthPower,SleepPowder|Modest||M|||50|]Incineroar||SitrusBerry|Intimidate|Protect,ThroatChop,PartingShot,FakeOut|Careful||M|||50|
|
|t:|1785813735
|teamsize|p1|4
|teamsize|p2|4
|start
|switch|p1a: Whimsicott|Whimsicott, L50, F, shiny|100/100
|switch|p1b: Kingambit|Kingambit, L50, M|100/100
|switch|p2a: Incineroar|Incineroar, L50, M|100/100
|switch|p2b: Gengar|Gengar, L50, M, shiny|100/100
|-ability|p2a: Incineroar|Intimidate|boost
|-unboost|p1a: Whimsicott|atk|1
|-unboost|p1b: Kingambit|atk|1
|-ability|p1b: Kingambit|Defiant|boost
|-boost|p1b: Kingambit|atk|2
|turn|1
|
|t:|1785813742
|detailschange|p2b: Gengar|Gengar-Mega, L50, M, shiny
|-mega|p2b: Gengar|Gengar|Gengarite
|move|p2a: Incineroar|Fake Out|p1b: Kingambit
|-resisted|p1b: Kingambit|1
|-damage|p1b: Kingambit|95/100
|move|p1a: Whimsicott|Tailwind|p1a: Whimsicott
|-sidestart|p1: master 792|move: Tailwind
|move|p2b: Gengar|Perish Song|p2b: Gengar
|-start|p1a: Whimsicott|perish3|[silent]
|-start|p1b: Kingambit|perish3|[silent]
|-start|p2a: Incineroar|perish3|[silent]
|-start|p2b: Gengar|perish3|[silent]
|-fieldactivate|move: Perish Song
|cant|p1b: Kingambit|flinch
|
|-start|p1a: Whimsicott|perish3
|-start|p2b: Gengar|perish3
|-start|p1b: Kingambit|perish3
|-start|p2a: Incineroar|perish3
|upkeep
|turn|2
|
|t:|1785813750
|move|p2b: Gengar|Protect|p2b: Gengar
|-singleturn|p2b: Gengar|Protect
|move|p2a: Incineroar|Protect|p2a: Incineroar
|-singleturn|p2a: Incineroar|Protect
|move|p1a: Whimsicott|Moonblast|p2a: Incineroar
|-activate|p2a: Incineroar|move: Protect
|move|p1b: Kingambit|Kowtow Cleave|p2a: Incineroar
|-activate|p2a: Incineroar|move: Protect
|
|-start|p1a: Whimsicott|perish2
|-start|p2b: Gengar|perish2
|-start|p1b: Kingambit|perish2
|-start|p2a: Incineroar|perish2
|upkeep
|turn|3
|
|t:|1785813759
|switch|p2b: Maushold|Maushold-Four, L50|100/100
|move|p1a: Whimsicott|Moonblast|p2a: Incineroar
|-damage|p2a: Incineroar|80/100
|-unboost|p2a: Incineroar|spa|1
|move|p1b: Kingambit|Kowtow Cleave|p2b: Maushold
|-damage|p2b: Maushold|0 fnt
|faint|p2b: Maushold
|move|p2a: Incineroar|Parting Shot|p2: Maushold|[notarget]
|-fail|p2a: Incineroar
|
|-start|p1a: Whimsicott|perish1
|-start|p1b: Kingambit|perish1
|-start|p2a: Incineroar|perish1
|upkeep
|
|t:|1785813765
|switch|p2b: Gengar|Gengar-Mega, L50, M, shiny|100/100
|turn|4
|
|t:|1785813793
|switch|p2b: Kommo-o|Kommo-o, L50, M|100/100
|move|p1a: Whimsicott|Moonblast|p2a: Incineroar
|-damage|p2a: Incineroar|52/100
|move|p1b: Kingambit|Kowtow Cleave|p2b: Kommo-o
|-resisted|p2b: Kommo-o|1
|-damage|p2b: Kommo-o|58/100
|move|p2a: Incineroar|Parting Shot|p1a: Whimsicott
|-unboost|p1a: Whimsicott|atk|1
|-unboost|p1a: Whimsicott|spa|1
|c|Ōśåmaster 792|te recuerdo
|
|t:|1785813801
|switch|p2a: Gengar|Gengar-Mega, L50, M, shiny|100/100|[from] Parting Shot
|
|-heal|p2b: Kommo-o|64/100|[from] item: Leftovers
|-start|p1a: Whimsicott|perish0
|-start|p1b: Kingambit|perish0
|-sideend|p1: master 792|move: Tailwind
|upkeep
|faint|p1a: Whimsicott
|faint|p1b: Kingambit
|
|t:|1785813804
|switch|p1a: Floette|Floette-Eternal, L50, F|100/100
|switch|p1b: Garchomp|Garchomp, L50, M, shiny|100/100
|turn|5
|c|Ōśåalexshyness|a mi?
|c|Ōśåmaster 792|si
|
|t:|1785813834
|detailschange|p1a: Floette|Floette-Mega, L50, F
|-mega|p1a: Floette|Floette|Floettite
|-ability|p1a: Floette|Fairy Aura
|move|p2a: Gengar|Shadow Ball|p1b: Garchomp
|-damage|p1b: Garchomp|49/100
|-enditem|p1b: Garchomp|Sitrus Berry|[eat]
|-heal|p1b: Garchomp|74/100|[from] item: Sitrus Berry
|move|p1a: Floette|Dazzling Gleam|p2b: Kommo-o|[spread] p2a,p2b
|-resisted|p2a: Gengar|1
|-supereffective|p2b: Kommo-o|2
|-damage|p2a: Gengar|64/100
|-damage|p2b: Kommo-o|0 fnt
|faint|p2b: Kommo-o
|move|p1b: Garchomp|Dragon Claw|p2a: Gengar
|-damage|p2a: Gengar|1/100
|
|upkeep
|
|t:|1785813840
|switch|p2b: Incineroar|Incineroar, L50, M|52/100
|-ability|p2b: Incineroar|Intimidate|boost
|-unboost|p1a: Floette|atk|1
|-unboost|p1b: Garchomp|atk|1
|turn|6
|c|Ōśåalexshyness|de donde
|c|Ōśåmaster 792|te he visto en torneos en limitless
|c|Ōśåalexshyness|aaa
|c|Ōśåmaster 792|y en un torneo nos enfrentamos
|c|Ōśåalexshyness|si he estado en alguno
|inactive|Battle timer is ON: inactive players will automatically lose when time's up. (requested by master 792)
|c|Ōśåalexshyness|en cual?
|
|t:|1785813882
|move|p2b: Incineroar|Fake Out|p1b: Garchomp
|-damage|p1b: Garchomp|65/100
|-damage|p2b: Incineroar|40/100|[from] ability: Rough Skin|[of] p1b: Garchomp
|-enditem|p2b: Incineroar|Sitrus Berry|[eat]
|-heal|p2b: Incineroar|65/100|[from] item: Sitrus Berry
|move|p2a: Gengar|Sludge Bomb|p1a: Floette
|-supereffective|p1a: Floette|1
|-damage|p1a: Floette|1/100
|move|p1a: Floette|Dazzling Gleam|p2a: Gengar|[spread] p2a,p2b
|-resisted|p2a: Gengar|1
|-damage|p2a: Gengar|0 fnt
|-damage|p2b: Incineroar|29/100
|faint|p2a: Gengar
|cant|p1b: Garchomp|flinch
|
|upkeep
|turn|7
|c|Ōśåmaster 792|uno de marc dragon
|c|Ōśåalexshyness|era de reg h con megas?
|
|t:|1785813907
|move|p1a: Floette|Moonblast|p2b: Incineroar
|-damage|p2b: Incineroar|0 fnt
|faint|p2b: Incineroar
|
|win|master 792
|raw|master 792's rating: 1284 → 1309(+25 for winning)
|raw|alexshyness's rating: 1289 → 1264(-25 for losing)
|c|Ōśåmaster 792|sip
|c|Ōśåmaster 792|gg
|c|Ōśåalexshyness|gg
|l|Ōśåalexshyness
|player|p2|
|j|Ōśåalexshyness
|player|p2|alexshyness|lass-gen4dp|
