|j|Ōśåspruffer
|j|Ōśåxongog
|html|sprufferxongog    
|uhtml|bestof|Game 1 of a best-of-3
|t:|1784918316
|gametype|doubles
|player|p1|spruffer|koga|
|player|p2|xongog|medium|
|gen|9
|tier|[Gen 9 Champions] VGC 2026 Reg M-B (Bo3)
|rule|Species Clause: Limit one of each Pok├®mon
|rule|Item Clause: Limit 1 of each item
|clearpoke
|poke|p1|Basculegion, L50, M, shiny|
|poke|p1|Tyranitar, L50, F|
|poke|p1|Dragonite, L50, M|
|poke|p1|Raichu, L50, M|
|poke|p1|Sableye, L50, F|
|poke|p1|Floette-Eternal, L50, F|
|poke|p2|Archaludon, L50, F|
|poke|p2|Politoed, L50, M|
|poke|p2|Swampert, L50, F|
|poke|p2|Overqwil, L50, M|
|poke|p2|Heliolisk, L50, F|
|poke|p2|Klefki, L50, F|
|teampreview|4
|showteam|p1|Basculegion||LifeOrb|Adaptability|LastRespects,WaveCrash,AquaJet,Protect|Jolly||M|||50|]Tyranitar||ChoiceScarf|SandStream|RockSlide,FirePunch,BodyPress,HeavySlam|Jolly||F|||50|]Dragonite||DragonFang|Multiscale|DragonClaw,DragonDance,ExtremeSpeed,Protect|Adamant||M|||50|]Raichu||RaichuniteY|LightningRod|FakeOut,Thunderbolt,ZapCannon,Protect|Modest||M|||50|]Sableye||Sablenite|Prankster|Encore,FoulPlay,Reflect,LightScreen|Serious||F|||50|]Floette-Eternal||Floettite|FlowerVeil|DazzlingGleam,Psychic,CalmMind,Protect|Bold||F|||50|
|showteam|p2|Archaludon||Leftovers|Stamina|FlashCannon,ElectroShot,Protect,AuraSphere|Serious||F|||50|]Politoed||SitrusBerry|Drizzle|WeatherBall,Protect,PerishSong,RainDance|Sassy||M|||50|]Swampert||Swampertite|Torrent|WaveCrash,KnockOff,Protect,RockSlide|Adamant||F|||50|]Overqwil||ExpertBelt|SwiftSwim|Liquidation,ThroatChop,PoisonJab,Protect|Jolly||M|||50|]Heliolisk||ChoiceScarf|DrySkin|VoltSwitch,Surf,DarkPulse,HyperVoice|Modest||F|||50|]Klefki||LightClay|Prankster|DazzlingGleam,LightScreen,Reflect,ThunderWave|Calm||F|||50|
|j| brtsz
|j| presidentperssson
|j| amarokay
|c|Ōśåspruffer|wa buh
|c|Ōśåspruffer|wa buh
|c|Ōśåspruffer|wa buh
|c|Ōśåspruffer|fih
|c| brtsz|open team sheets yikes
|c| brtsz|rookie error
|c|Ōśåxongog|why you do that
|c|Ōśåspruffer|wuh why did you do that
|c|Ōśåspruffer|shockat
|c|Ōśåspruffer|oh
|c|Ōśåspruffer|buh
|c|Ōśåspruffer|er
|c|Ōśåspruffer|do i resend or do we just not look
|c|Ōśåspruffer|er
|c|Ōśåxongog|this guy speaks in twitch emotes
|c|Ōśåspruffer|YEP
|c|Ōśåxongog|idc
|c|Ōśåspruffer|ill just not look
|c|Ōśåxongog|yeah dont lookj
|j| Schlemdem
|
|t:|1784918494
|teamsize|p1|4
|teamsize|p2|4
|start
|switch|p1a: Sableye|Sableye, L50, F|100/100
|switch|p1b: Dragonite|Dragonite, L50, M|100/100
|switch|p2a: Klefki|Klefki, L50, F|100/100
|switch|p2b: Politoed|Politoed, L50, M|100/100
|-weather|RainDance|[from] ability: Drizzle|[of] p2b: Politoed
|turn|1
|j| quasmosis
|j| SneakyEne
|
|t:|1784918529
|move|p1a: Sableye|Light Screen|p1a: Sableye
|-sidestart|p1: spruffer|move: Light Screen
|move|p1b: Dragonite|Dragon Dance|p1b: Dragonite
|-boost|p1b: Dragonite|atk|1
|-boost|p1b: Dragonite|spe|1
|move|p2a: Klefki|Dazzling Gleam|p1a: Sableye|[spread] p1a,p1b
|-supereffective|p1a: Sableye|1
|-supereffective|p1b: Dragonite|1
|-damage|p1a: Sableye|61/100
|-damage|p1b: Dragonite|86/100
|move|p2b: Politoed|Weather Ball|p1a: Sableye
|-damage|p1a: Sableye|6/100
|
|-weather|RainDance|[upkeep]
|upkeep
|turn|2
|
|t:|1784918605
|switch|p2b: Swampert|Swampert, L50, F|100/100
|move|p1b: Dragonite|Dragon Claw|p2b: Swampert
|-damage|p2b: Swampert|29/100
|move|p2a: Klefki|Dazzling Gleam|p1a: Sableye|[spread] p1a,p1b
|-supereffective|p1a: Sableye|1
|-supereffective|p1b: Dragonite|1
|-damage|p1a: Sableye|0 fnt
|-damage|p1b: Dragonite|60/100
|faint|p1a: Sableye
|
|-weather|RainDance|[upkeep]
|upkeep
|
|t:|1784918619
|switch|p1a: Raichu|Raichu, L50, M|100/100
|turn|3
|
|t:|1784918702
|detailschange|p1a: Raichu|Raichu-Mega-Y, L50, M
|-mega|p1a: Raichu|Raichu|Raichunite Y
|move|p2b: Swampert|Protect|p2b: Swampert
|-singleturn|p2b: Swampert|Protect
|move|p1b: Dragonite|Extreme Speed|p2b: Swampert
|-activate|p2b: Swampert|move: Protect
|move|p2a: Klefki|Light Screen|p2a: Klefki
|-sidestart|p2: xongog|move: Light Screen
|move|p1a: Raichu|Zap Cannon|p2a: Klefki
|-crit|p2a: Klefki
|-damage|p2a: Klefki|4/100
|-status|p2a: Klefki|par
|
|-weather|RainDance|[upkeep]
|upkeep
|turn|4
|c|Ōśåspruffer|when do i start fearing the minimize overqwil
|j| RunningRad
|
|t:|1784918731
|detailschange|p2b: Swampert|Swampert-Mega, L50, F
|-mega|p2b: Swampert|Swampert|Swampertite
|move|p1b: Dragonite|Extreme Speed|p2b: Swampert
|-damage|p2b: Swampert|0 fnt
|faint|p2b: Swampert
|move|p2a: Klefki|Thunder Wave|p1b: Dragonite
|-status|p1b: Dragonite|par
|move|p1a: Raichu|Zap Cannon|p2a: Klefki
|-damage|p2a: Klefki|0 fnt
|faint|p2a: Klefki
|
|-weather|RainDance|[upkeep]
|upkeep
|
|t:|1784918747
|switch|p2a: Heliolisk|Heliolisk, L50, F|100/100
|switch|p2b: Politoed|Politoed, L50, M|100/100
|turn|5
|c|Ōśåxongog|im cooked
|
|t:|1784918783
|move|p2a: Heliolisk|Hyper Voice|p1a: Raichu|[spread] p1a,p1b
|-damage|p1a: Raichu|64/100
|-damage|p1b: Dragonite|36/100 par
|move|p1a: Raichu|Zap Cannon|p2b: Politoed
|-supereffective|p2b: Politoed|1
|-damage|p2b: Politoed|26/100
|-status|p2b: Politoed|par
|-enditem|p2b: Politoed|Sitrus Berry|[eat]
|-heal|p2b: Politoed|51/100 par|[from] item: Sitrus Berry
|move|p1b: Dragonite|Dragon Claw|p2a: Heliolisk
|-damage|p2a: Heliolisk|0 fnt
|faint|p2a: Heliolisk
|move|p2b: Politoed|Weather Ball|p1a: Raichu
|-crit|p1a: Raichu
|-damage|p1a: Raichu|0 fnt
|faint|p1a: Raichu
|
|-weather|none
|-sideend|p1: spruffer|move: Light Screen
|upkeep
|
|t:|1784918796
|switch|p1a: Basculegion|Basculegion, L50, M, shiny|100/100
|turn|6
|
|t:|1784918801
|move|p1a: Basculegion|Last Respects|p2b: Politoed
|-damage|p2b: Politoed|0 fnt
|faint|p2b: Politoed
|-damage|p1a: Basculegion|90/100|[from] item: Life Orb
|
|win|spruffer
||spruffer is ready for game 2.
||xongog is ready for game 2.
|uhtml|next|Next: Game 2 of 3
