|j|☆Dragayu
|j|☆Aurora8orialis
|html|DragayuAurora8orialis    
|uhtml|bestof|Game 1 of a best-of-3
|t:|1783253432
|gametype|doubles
|player|p1|Dragayu|1|
|player|p2|Aurora8orialis|dawn|
|gen|9
|tier|[Gen 9 Champions] VGC 2026 Reg M-B (Bo3)
|rule|Species Clause: Limit one of each Pokémon
|rule|Item Clause: Limit 1 of each item
|clearpoke
|poke|p1|Grimmsnarl, L50, M|
|poke|p1|Venusaur, L50, M|
|poke|p1|Pelipper, L50, F|
|poke|p1|Archaludon, L50, M|
|poke|p1|Swampert, L50, M|
|poke|p1|Hydreigon, L50, F|
|poke|p2|Charizard, L50, F|
|poke|p2|Aerodactyl, L50, M|
|poke|p2|Garchomp, L50, F|
|poke|p2|Sylveon, L50, F|
|poke|p2|Kingambit, L50, F|
|poke|p2|Incineroar, L50, M|
|teampreview|4
|showteam|p1|Grimmsnarl||LightClay|Prankster|SpiritBreak,Reflect,LightScreen,PartingShot|Careful||M|||50|]Venusaur||Venusaurite|Chlorophyll|GigaDrain,SludgeBomb,EarthPower,Protect|Modest||M|||50|]Pelipper||SitrusBerry|Drizzle|Hurricane,WeatherBall,Tailwind,RainDance|Modest||F|||50|]Archaludon||Leftovers|Stamina|FlashCannon,DragonPulse,ElectroShot,Protect|Modest||M|||50|]Swampert||Swampertite|Damp|WaveCrash,Earthquake,IcePunch,Protect|Adamant||M|||50|]Hydreigon||ChoiceScarf|Levitate|DracoMeteor,Uturn,Snarl,DarkPulse|Modest||F|||50|
|showteam|p2|Charizard||CharizarditeY|Blaze|SolarBeam,WeatherBall,HeatWave,Protect|Modest||F|||50|]Aerodactyl||Aerodactylite|Unnerve|RockSlide,Tailwind,WideGuard,Protect|Jolly||M|||50|]Garchomp||RoseliBerry|RoughSkin|DragonClaw,Earthquake,RockTomb,Protect|Jolly||F|||50|]Sylveon||FairyFeather|Pixilate|HyperBeam,HyperVoice,QuickAttack,Detect|Modest||F|||50|]Kingambit||BlackGlasses|Defiant|KowtowCleave,SuckerPunch,IronHead,Protect|Adamant||F|||50|]Incineroar||SitrusBerry|Intimidate|FakeOut,FlareBlitz,ThroatChop,PartingShot|Impish||M|||50|
|inactive|Battle timer is ON: inactive players will automatically lose when time's up. (requested by Aurora8orialis)
|inactive|Dragayu has 60 seconds left.
|inactive|Aurora8orialis has 60 seconds left.
|
|t:|1783253488
|teamsize|p1|4
|teamsize|p2|4
|start
|switch|p1a: Grimmsnarl|Grimmsnarl, L50, M|100/100
|switch|p1b: Venusaur|Venusaur, L50, M|100/100
|switch|p2a: Charizard|Charizard, L50, F|100/100
|switch|p2b: Garchomp|Garchomp, L50, F|100/100
|turn|1
|
|t:|1783253513
|move|p1b: Venusaur|Protect|p1b: Venusaur
|-singleturn|p1b: Venusaur|Protect
|move|p1a: Grimmsnarl|Reflect|p1a: Grimmsnarl
|-sidestart|p1: Dragayu|Reflect
|move|p2b: Garchomp|Dragon Claw|p1b: Venusaur
|-activate|p1b: Venusaur|move: Protect
|move|p2a: Charizard|Heat Wave|p1b: Venusaur|[spread] 
|-activate|p1b: Venusaur|move: Protect
|-miss|p2a: Charizard|p1a: Grimmsnarl
|
|upkeep
|turn|2
|
|t:|1783253531
|switch|p2b: Sylveon|Sylveon, L50, F|100/100
|detailschange|p1b: Venusaur|Venusaur-Mega, L50, M
|-mega|p1b: Venusaur|Venusaur|Venusaurite
|move|p1a: Grimmsnarl|Parting Shot|p2a: Charizard
|-unboost|p2a: Charizard|atk|1
|-unboost|p2a: Charizard|spa|1
|
|t:|1783253548
|switch|p1a: Archaludon|Archaludon, L50, M|100/100|[from] Parting Shot
|move|p2a: Charizard|Heat Wave|p1b: Venusaur|[spread] p1b
|-miss|p2a: Charizard|p1a: Archaludon
|-supereffective|p1b: Venusaur|1
|-damage|p1b: Venusaur|80/100
|-status|p1b: Venusaur|brn
|move|p1b: Venusaur|Sludge Bomb|p2a: Charizard
|-damage|p2a: Charizard|45/100
|-status|p2a: Charizard|psn
|
|-damage|p2a: Charizard|32/100 psn|[from] psn
|-damage|p1b: Venusaur|74/100 brn|[from] brn
|upkeep
|turn|3
|inactive|Dragayu has 30 seconds left.
|inactive|Dragayu has 20 seconds left.
|inactive|Dragayu has 15 seconds left.
|inactive|Dragayu has 10 seconds left.
|
|t:|1783253595
|switch|p2a: Garchomp|Garchomp, L50, F|100/100
|switch|p1a: Grimmsnarl|Grimmsnarl, L50, M|100/100
|move|p2b: Sylveon|Detect|p2b: Sylveon
|-singleturn|p2b: Sylveon|Protect
|move|p1b: Venusaur|Sludge Bomb|p2b: Sylveon
|-activate|p2b: Sylveon|move: Protect
|
|-damage|p1b: Venusaur|68/100 brn|[from] brn
|upkeep
|turn|4
|
|t:|1783253617
|move|p2b: Sylveon|Detect||[still]
|-fail|p2b: Sylveon
|move|p1a: Grimmsnarl|Light Screen|p1a: Grimmsnarl
|-sidestart|p1: Dragayu|move: Light Screen
|move|p2a: Garchomp|Earthquake|p1a: Grimmsnarl|[spread] p2b,p1a,p1b
|-damage|p2b: Sylveon|53/100
|-damage|p1a: Grimmsnarl|76/100
|-damage|p1b: Venusaur|54/100 brn
|move|p1b: Venusaur|Sludge Bomb|p2b: Sylveon
|-supereffective|p2b: Sylveon|1
|-damage|p2b: Sylveon|0 fnt
|faint|p2b: Sylveon
|
|-damage|p1b: Venusaur|48/100 brn|[from] brn
|upkeep
|
|t:|1783253628
|switch|p2b: Kingambit|Kingambit, L50, F|100/100
|turn|5
|
|t:|1783253649
|move|p2b: Kingambit|Protect|p2b: Kingambit
|-singleturn|p2b: Kingambit|Protect
|move|p1a: Grimmsnarl|Parting Shot|p2a: Garchomp
|-unboost|p2a: Garchomp|atk|1
|-unboost|p2a: Garchomp|spa|1
|
|t:|1783253655
|switch|p1a: Pelipper|Pelipper, L50, F|100/100|[from] Parting Shot
|-weather|RainDance|[from] ability: Drizzle|[of] p1a: Pelipper
|move|p2a: Garchomp|Rock Tomb|p1a: Pelipper
|-supereffective|p1a: Pelipper|1
|-damage|p1a: Pelipper|85/100
|-unboost|p1a: Pelipper|spe|1
|move|p1b: Venusaur|Giga Drain|p2a: Garchomp
|-damage|p2a: Garchomp|62/100
|-heal|p1b: Venusaur|66/100 brn|[from] drain|[of] p2a: Garchomp
|
|-weather|RainDance|[upkeep]
|-damage|p1b: Venusaur|60/100 brn|[from] brn
|upkeep
|turn|6
|inactive|Dragayu has 30 seconds left.
|inactive|Aurora8orialis has 30 seconds left.
|
|t:|1783253690
|switch|p2a: Charizard|Charizard, L50, F|32/100 psn
|switch|p1a: Archaludon|Archaludon, L50, M|100/100
|move|p1b: Venusaur|Earth Power|p2b: Kingambit
|-supereffective|p2b: Kingambit|1
|-damage|p2b: Kingambit|36/100
|move|p2b: Kingambit|Kowtow Cleave|p1b: Venusaur
|-damage|p1b: Venusaur|36/100 brn
|
|-weather|RainDance|[upkeep]
|-damage|p2a: Charizard|20/100y psn|[from] psn
|-damage|p1b: Venusaur|31/100 brn|[from] brn
|upkeep
|turn|7
|inactive|Dragayu has 30 seconds left.
|inactive|Aurora8orialis has 30 seconds left.
|
|t:|1783253717
|move|p2a: Charizard|Protect|p2a: Charizard
|-singleturn|p2a: Charizard|Protect
|move|p1b: Venusaur|Protect|p1b: Venusaur
|-singleturn|p1b: Venusaur|Protect
|move|p1a: Archaludon|Protect|p1a: Archaludon
|-singleturn|p1a: Archaludon|Protect
|move|p2b: Kingambit|Sucker Punch||[still]
|-fail|p2b: Kingambit
|
|-weather|RainDance|[upkeep]
|-damage|p2a: Charizard|7/100 psn|[from] psn
|-damage|p1b: Venusaur|25/100 brn|[from] brn
|upkeep
|turn|8
|c|☆Aurora8orialis|o
|inactive|Dragayu has 30 seconds left.
|inactive|Aurora8orialis has 30 seconds left.
|
|t:|1783253744
|switch|p1a: Grimmsnarl|Grimmsnarl, L50, M|76/100
|move|p2b: Kingambit|Sucker Punch|p1b: Venusaur
|-damage|p1b: Venusaur|4/100 brn
|move|p2a: Charizard|Heat Wave|p1b: Venusaur|[spread] p1a,p1b
|-supereffective|p1b: Venusaur|1
|-damage|p1a: Grimmsnarl|63/100
|-damage|p1b: Venusaur|0 fnt
|faint|p1b: Venusaur
|
|-weather|RainDance|[upkeep]
|-damage|p2a: Charizard|0 fnt|[from] psn
|faint|p2a: Charizard
|-sideend|p1: Dragayu|Reflect
|upkeep
|
|t:|1783253757
|switch|p2a: Garchomp|Garchomp, L50, F|62/100
|switch|p1b: Archaludon|Archaludon, L50, M|100/100
|turn|9
|
|t:|1783253764
|move|p1b: Archaludon|Protect|p1b: Archaludon
|-singleturn|p1b: Archaludon|Protect
|move|p2b: Kingambit|Protect|p2b: Kingambit
|-singleturn|p2b: Kingambit|Protect
|move|p1a: Grimmsnarl|Reflect|p1a: Grimmsnarl
|-sidestart|p1: Dragayu|Reflect
|move|p2a: Garchomp|Earthquake|p1a: Grimmsnarl|[spread] p1a
|-activate|p2b: Kingambit|move: Protect
|-activate|p1b: Archaludon|move: Protect
|-damage|p1a: Grimmsnarl|43/100
|
|-weather|none
|upkeep
|turn|10
|
|t:|1783253788
|move|p2a: Garchomp|Protect|p2a: Garchomp
|-singleturn|p2a: Garchomp|Protect
|move|p1a: Grimmsnarl|Parting Shot|p2a: Garchomp
|-activate|p2a: Garchomp|move: Protect
|move|p1b: Archaludon|Electro Shot||[still]
|-prepare|p1b: Archaludon|Electro Shot
|-boost|p1b: Archaludon|spa|1
|move|p2b: Kingambit|Iron Head|p1a: Grimmsnarl
|-supereffective|p1a: Grimmsnarl|1
|-damage|p1a: Grimmsnarl|0 fnt
|faint|p1a: Grimmsnarl
|
|upkeep
|
|t:|1783253792
|switch|p1a: Pelipper|Pelipper, L50, F|85/100
|-weather|RainDance|[from] ability: Drizzle|[of] p1a: Pelipper
|turn|11
|inactive|Aurora8orialis has 30 seconds left.
|inactive|Aurora8orialis has 20 seconds left.
|inactive|Aurora8orialis has 15 seconds left.
|
|t:|1783253832
|move|p2b: Kingambit|Sucker Punch|p1b: Archaludon
|-damage|p1b: Archaludon|78/100
|-ability|p1b: Archaludon|Stamina|boost
|-boost|p1b: Archaludon|def|1
|move|p2a: Garchomp|Earthquake|p1b: Archaludon|[spread] p2b,p1b
|-immune|p1a: Pelipper
|-supereffective|p2b: Kingambit|1
|-supereffective|p1b: Archaludon|1
|-crit|p1b: Archaludon
|-damage|p2b: Kingambit|0 fnt
|-damage|p1b: Archaludon|7/100
|-ability|p1b: Archaludon|Stamina|boost
|-boost|p1b: Archaludon|def|1
|faint|p2b: Kingambit
|move|p1b: Archaludon|Electro Shot|p2a: Garchomp|[from] lockedmove
|-immune|p2a: Garchomp
|move|p1a: Pelipper|Tailwind|p1a: Pelipper
|-sidestart|p1: Dragayu|move: Tailwind
|
|-weather|RainDance|[upkeep]
|-heal|p1b: Archaludon|13/100|[from] item: Leftovers
|-sideend|p1: Dragayu|move: Light Screen
|upkeep
|turn|12
|c|☆Aurora8orialis|o
|inactive|Aurora8orialis has 30 seconds left.
|
|t:|1783253860
|move|p1b: Archaludon|Dragon Pulse|p2a: Garchomp
|-supereffective|p2a: Garchomp|1
|-damage|p2a: Garchomp|0 fnt
|faint|p2a: Garchomp
|
|win|Dragayu
||Dragayu is ready for game 2.
||Aurora8orialis is ready for game 2.
|uhtml|next|Next: Game 2 of 3
|l|☆Aurora8orialis
|player|p2|
