|j|☆Govek314
|j|☆13XH
|html|Govek31413XH    
|uhtml|bestof|Game 1 of a best-of-3
|t:|1756156420
|gametype|doubles
|player|p1|Govek314|2|1160
|player|p2|13XH|2|1135
|gen|9
|tier|[Gen 9] VGC 2025 Reg H (Bo3)
|rated|
|rule|Species Clause: Limit one of each Pokémon
|rule|Item Clause: Limit 1 of each item
|clearpoke
|poke|p1|Dragonite, L50, F|
|poke|p1|Ursaluna-Bloodmoon, L50, M|
|poke|p1|Gholdengo, L50|
|poke|p1|Weezing-Galar, L50, M|
|poke|p1|Porygon2, L50|
|poke|p1|Incineroar, L50, M|
|poke|p2|Ursaluna, L50, M|
|poke|p2|Jumpluff, L50, M|
|poke|p2|Charizard, L50, F|
|poke|p2|Torkoal, L50, F|
|poke|p2|Incineroar, L50, F|
|poke|p2|Porygon2, L50|
|teampreview|4
|showteam|p1|Dragonite||LoadedDice|Multiscale|ScaleShot,ExtremeSpeed,Tailwind,Protect|||F|||50|,,,,,Steel]Ursaluna-Bloodmoon||LifeOrb|MindsEye|BloodMoon,HyperVoice,Protect,EarthPower|||M|||50|,,,,,Normal]Gholdengo||ChoiceSpecs|GoodasGold|ShadowBall,DazzlingGleam,Thunderbolt,MakeItRain||||||50|,,,,,Fairy]Weezing-Galar||SitrusBerry|NeutralizingGas|StrangeSteam,SludgeBomb,Taunt,Protect|||M|||50|,,,,,Water]Porygon2||Eviolite|Download|TeraBlast,IceBeam,Recover,TrickRoom||||||50|,,,,,Fighting]Incineroar||AbilityShield|Intimidate|FakeOut,FlareBlitz,KnockOff,PartingShot|||M|||50|,,,,,Ghost
|showteam|p2|Ursaluna||FlameOrb|Guts|HeadlongRush,Facade,Earthquake,Protect|||M|||50|,,,,,Ghost]Jumpluff||CovertCloak|Chlorophyll|SleepPowder,SunnyDay,Tailwind,RagePowder|||M|||50|,,,,,Water]Charizard||ChoiceSpecs|SolarPower|DragonPulse,HeatWave,Overheat,WeatherBall|||F|||50|,,,,,Ghost]Torkoal||EjectPack|Drought|ClearSmog,Eruption,Overheat,Protect|||F|||50|,,,,,Fire]Incineroar||SitrusBerry|Intimidate|FakeOut,FlareBlitz,KnockOff,PartingShot|||F|||50|,,,,,Ghost]Porygon2||Eviolite|Download|TeraBlast,IceBeam,Recover,TrickRoom||||||50|,,,,,Fighting
|inactive|Battle timer is ON: inactive players will automatically lose when time's up. (requested by Govek314)
|
|t:|1756156535
|teamsize|p1|4
|teamsize|p2|4
|start
|switch|p1a: Dragonite|Dragonite, L50, F, shiny|100/100
|switch|p1b: Weezing|Weezing-Galar, L50, M, shiny|100/100
|switch|p2a: Incineroar|Incineroar, L50, F|100/100
|switch|p2b: Porygon2|Porygon2, L50|100/100
|-ability|p1b: Weezing|Neutralizing Gas
|turn|1
|inactive|13XH has 30 seconds left.
|
|t:|1756156562
|move|p1a: Dragonite|Protect|p1a: Dragonite
|-singleturn|p1a: Dragonite|Protect
|move|p2a: Incineroar|Fake Out|p1b: Weezing
|-damage|p1b: Weezing|90/100
|cant|p1b: Weezing|flinch
|move|p2b: Porygon2|Trick Room|p2b: Porygon2
|-fieldstart|move: Trick Room|[of] p2b: Porygon2
|
|upkeep
|turn|2
|
|t:|1756156586
|switch|p1a: Porygon2|Porygon2, L50, shiny|100/100
|move|p2b: Porygon2|Ice Beam|p1a: Porygon2
|-damage|p1a: Porygon2|85/100
|-status|p1a: Porygon2|frz
|move|p2a: Incineroar|Flare Blitz|p1a: Porygon2
|-damage|p1a: Porygon2|59/100 frz
|-curestatus|p1a: Porygon2|frz|[msg]
|-damage|p2a: Incineroar|92/100|[from] Recoil
|move|p1b: Weezing|Strange Steam|p2b: Porygon2
|-damage|p2b: Porygon2|78/100
|
|upkeep
|turn|3
|inactive|13XH has 30 seconds left.
|
|t:|1756156612
|move|p2b: Porygon2|Tera Blast|p1a: Porygon2
|-damage|p1a: Porygon2|36/100
|move|p2a: Incineroar|Knock Off|p1a: Porygon2
|-damage|p1a: Porygon2|12/100
|-enditem|p1a: Porygon2|Eviolite|[from] move: Knock Off|[of] p2a: Incineroar
|move|p1b: Weezing|Taunt|p2b: Porygon2
|-start|p2b: Porygon2|move: Taunt
|move|p1a: Porygon2|Trick Room|p1a: Porygon2
|-fieldend|move: Trick Room
|
|upkeep
|turn|4
|inactive|13XH has 30 seconds left.
|
|t:|1756156644
|-terastallize|p1a: Porygon2|Fighting
|move|p1b: Weezing|Strange Steam|p2a: Incineroar
|-damage|p2a: Incineroar|67/100
|move|p2a: Incineroar|Flare Blitz|p1b: Weezing
|-damage|p1b: Weezing|41/100
|-enditem|p1b: Weezing|Sitrus Berry|[eat]
|-heal|p1b: Weezing|66/100|[from] item: Sitrus Berry
|-damage|p2a: Incineroar|54/100|[from] Recoil
|move|p2b: Porygon2|Tera Blast|p1a: Porygon2
|-damage|p1a: Porygon2|0 fnt
|faint|p1a: Porygon2
|
|upkeep
|
|t:|1756156657
|switch|p1a: Dragonite|Dragonite, L50, F, shiny|100/100
|turn|5
|inactive|Govek314 has 30 seconds left.
|inactive|13XH has 30 seconds left.
|inactive|Govek314 has 20 seconds left.
|inactive|Govek314 has 15 seconds left.
|inactive|Govek314 has 10 seconds left.
|inactive|Govek314 has 5 seconds left.
|
|t:|1756156712
|move|p1a: Dragonite|Scale Shot|p2a: Incineroar
|-damage|p2a: Incineroar|38/100
|-enditem|p2a: Incineroar|Sitrus Berry|[eat]
|-heal|p2a: Incineroar|63/100|[from] item: Sitrus Berry
|-damage|p2a: Incineroar|48/100
|-damage|p2a: Incineroar|34/100
|-damage|p2a: Incineroar|20/100
|-damage|p2a: Incineroar|6/100
|-hitcount|p2a: Incineroar|5
|-unboost|p1a: Dragonite|def|1
|-boost|p1a: Dragonite|spe|1
|move|p1b: Weezing|Strange Steam|p2a: Incineroar
|-damage|p2a: Incineroar|0 fnt
|faint|p2a: Incineroar
|move|p2b: Porygon2|Tera Blast|p1b: Weezing
|-damage|p1b: Weezing|22/100
|
|upkeep
|inactive|13XH has 30 seconds left.
|
|t:|1756156737
|switch|p2a: Torkoal|Torkoal, L50, F|100/100
|turn|6
|inactive|Govek314 has 30 seconds left.
|inactive|Govek314 has 20 seconds left.
|inactive|Govek314 has 15 seconds left.
|inactive|Govek314 has 10 seconds left.
|inactive|Govek314 has 5 seconds left.
|
|t:|1756156793
|move|p1a: Dragonite|Scale Shot|p2a: Torkoal
|-damage|p2a: Torkoal|90/100
|-damage|p2a: Torkoal|76/100
|-damage|p2a: Torkoal|64/100
|-damage|p2a: Torkoal|50/100
|-damage|p2a: Torkoal|38/100
|-hitcount|p2a: Torkoal|5
|-unboost|p1a: Dragonite|def|1
|-boost|p1a: Dragonite|spe|1
|move|p1b: Weezing|Strange Steam|p2b: Porygon2
|-damage|p2b: Porygon2|56/100
|move|p2b: Porygon2|Ice Beam|p1a: Dragonite
|-supereffective|p1a: Dragonite
|-damage|p1a: Dragonite|0 fnt
|faint|p1a: Dragonite
|move|p2a: Torkoal|Overheat|p1b: Weezing
|-damage|p1b: Weezing|0 fnt
|-unboost|p2a: Torkoal|spa|2
|faint|p1b: Weezing
|-end|p1b: Weezing|ability: Neutralizing Gas
|-weather|SunnyDay|[from] ability: Drought|[of] p2a: Torkoal
|-enditem|p2a: Torkoal|Eject Pack
|
|t:|1756156810
|switch|p2a: Charizard|Charizard, L50, F|100/100
|
|-weather|SunnyDay|[upkeep]
|-damage|p2a: Charizard|88/100|[from] ability: Solar Power|[of] p2a: Charizard
|-end|p2b: Porygon2|move: Taunt
|upkeep
|inactive|Govek314 has 30 seconds left.
|inactive|Govek314 has 20 seconds left.
|inactive|Govek314 has 15 seconds left.
|inactive|Govek314 has 10 seconds left.
|inactive|Govek314 has 5 seconds left.
|
|t:|1756156865
|switch|p1a: Ursaluna|Ursaluna-Bloodmoon, L50, M|100/100
|turn|7
|inactive|Govek314 has 30 seconds left.
|inactive|Govek314 has 20 seconds left.
|inactive|Govek314 has 15 seconds left.
|inactive|Govek314 has 10 seconds left.
|inactive|Govek314 has 5 seconds left.
|
|t:|1756156920
|move|p2a: Charizard|Weather Ball|p1a: Ursaluna
|-damage|p1a: Ursaluna|0 fnt
|faint|p1a: Ursaluna
|
|win|13XH
||13XH is ready for game 2.
|inactive|Govek314 has 30 seconds to confirm battle start!
|inactive|Govek314 has 20 seconds to confirm battle start!
|inactive|Govek314 has 10 seconds to confirm battle start!
|uhtml|next|Next: Game 2 of 3
|l|☆Govek314
|player|p1|
