|j|☆Vylerean
|j|☆TrunksSsj06
|html|VylereanTrunksSsj06    
|uhtml|bestof|Game 2 of a best-of-3
|t:|1757825847
|gametype|doubles
|player|p1|Vylerean|gentleman|1159
|player|p2|TrunksSsj06|1|1088
|gen|9
|tier|[Gen 9] VGC 2025 Reg H (Bo3)
|rated|
|rule|Species Clause: Limit one of each Pokémon
|rule|Item Clause: Limit 1 of each item
|clearpoke
|poke|p1|Ursaluna, L50, M|
|poke|p1|Porygon2, L50|
|poke|p1|Whimsicott, L50, M|
|poke|p1|Arcanine-Hisui, L50, F|
|poke|p1|Indeedee-F, L50, F|
|poke|p1|Espeon, L50, F|
|poke|p2|Skeledirge, L50, F|
|poke|p2|Meowscarada, L50, M|
|poke|p2|Quaquaval, L50, F|
|poke|p2|Amoonguss, L50, M|
|poke|p2|Salamence, L50, F|
|poke|p2|Metagross, L50|
|teampreview|4
|showteam|p1|Ursaluna||FlameOrb|Guts|HeadlongRush,Facade,Earthquake,Protect|||M|||50|,,,,,Ghost]Porygon2||Eviolite|Download|TeraBlast,IceBeam,Recover,TrickRoom||||||50|,,,,,Fighting]Whimsicott||CovertCloak|Prankster|Tailwind,Encore,Moonblast,Taunt|||M|||50|,,,,,Fairy]Arcanine-Hisui||ChoiceBand|Intimidate|RockSlide,ExtremeSpeed,FlareBlitz,CloseCombat|||F|||50|,,,,,Ghost]Indeedee-F||PsychicSeed|PsychicSurge|FollowMe,Psychic,HelpingHand,TrickRoom|||F|||50|,,,,,Dark]Espeon||LifeOrb|MagicBounce|ExpandingForce,DazzlingGleam,Protect,Psyshock|||F|||50|,,,,,Fairy
|showteam|p2|Skeledirge||Leftovers|Unaware|TorchSong,ShadowBall,SlackOff,Protect|||F|||50|,,,,,Fairy]Meowscarada||ChoiceBand|Protean|FlowerTrick,PlayRough,KnockOff,TripleAxel|||M|||50|,,,,,Grass]Quaquaval||LifeOrb|Moxie|AquaStep,CloseCombat,BraveBird,Protect|||F|||50|,,,,,Water]Amoonguss||SitrusBerry|Regenerator|Spore,RagePowder,SludgeBomb,ClearSmog|||M|||50|,,,,,Dark]Salamence||CovertCloak|Intimidate|Tailwind,DragonPulse,Flamethrower,Bulldoze|||F|||50|,,,,,Fire]Metagross||WeaknessPolicy|ClearBody|HeavySlam,PsychicFangs,HammerArm,BulletPunch||||||50|,,,,,Water
|inactive|Battle timer is ON: inactive players will automatically lose when time's up. (requested by TrunksSsj06)
|inactive|Vylerean also wants the timer to be on.
|
|t:|1757825859
|teamsize|p1|4
|teamsize|p2|4
|start
|switch|p1a: Whimsicott|Whimsicott, L50, M|100/100
|switch|p1b: Arcanine|Arcanine-Hisui, L50, F|100/100
|switch|p2a: Salamence|Salamence, L50, F|100/100
|switch|p2b: Metagross|Metagross, L50|100/100
|-ability|p2a: Salamence|Intimidate|boost
|-unboost|p1a: Whimsicott|atk|1
|-unboost|p1b: Arcanine|atk|1
|-ability|p1b: Arcanine|Intimidate|boost
|-unboost|p2a: Salamence|atk|1
|-fail|p2b: Metagross|unboost|[from] ability: Clear Body|[of] p2b: Metagross
|turn|1
|inactive|Vylerean has 30 seconds left.
|
|t:|1757825898
|-terastallize|p2b: Metagross|Water
|move|p1a: Whimsicott|Tailwind|p1a: Whimsicott
|-sidestart|p1: Vylerean|move: Tailwind
|move|p1b: Arcanine|Rock Slide|p2a: Salamence|[spread] p2a,p2b
|-supereffective|p2a: Salamence
|-damage|p2a: Salamence|29/100
|-damage|p2b: Metagross|79/100
|move|p2a: Salamence|Flamethrower|p1a: Whimsicott
|-supereffective|p1a: Whimsicott
|-damage|p1a: Whimsicott|30/100
|move|p2b: Metagross|Hammer Arm|p1b: Arcanine
|-supereffective|p1b: Arcanine
|-damage|p1b: Arcanine|8/100
|-unboost|p2b: Metagross|spe|1
|
|upkeep
|turn|2
|
|t:|1757825911
|move|p1a: Whimsicott|Encore|p2b: Metagross
|-start|p2b: Metagross|Encore
|move|p2b: Metagross|Hammer Arm|p1a: Whimsicott
|-resisted|p1a: Whimsicott
|-damage|p1a: Whimsicott|7/100
|-unboost|p2b: Metagross|spe|1
|move|p1b: Arcanine|Rock Slide|p2b: Metagross|[spread] p2a,p2b
|-supereffective|p2a: Salamence
|-damage|p2a: Salamence|0 fnt
|-damage|p2b: Metagross|58/100
|faint|p2a: Salamence
|
|upkeep
|
|t:|1757825919
|switch|p2a: Amoonguss|Amoonguss, L50, M|100/100
|turn|3
|
|t:|1757825933
|move|p2a: Amoonguss|Rage Powder|p2a: Amoonguss
|-singleturn|p2a: Amoonguss|move: Rage Powder
|move|p1a: Whimsicott|Taunt|p2a: Amoonguss
|-start|p2a: Amoonguss|move: Taunt
|move|p1b: Arcanine|Rock Slide|p2a: Amoonguss|[spread] p2a,p2b
|-damage|p2a: Amoonguss|72/100
|-damage|p2b: Metagross|35/100
|cant|p2b: Metagross|flinch
|
|upkeep
|turn|4
|
|t:|1757825953
|move|p1a: Whimsicott|Moonblast|p2a: Amoonguss
|-resisted|p2a: Amoonguss
|-crit|p2a: Amoonguss
|-damage|p2a: Amoonguss|58/100
|-unboost|p2a: Amoonguss|spa|1
|move|p1b: Arcanine|Rock Slide|p2b: Metagross|[spread] p2b
|-miss|p1b: Arcanine|p2a: Amoonguss
|-damage|p2b: Metagross|12/100
|move|p2a: Amoonguss|Sludge Bomb|p1b: Arcanine
|-resisted|p1b: Arcanine
|-damage|p1b: Arcanine|0 fnt
|faint|p1b: Arcanine
|move|p2b: Metagross|Hammer Arm|p1a: Whimsicott
|-resisted|p1a: Whimsicott
|-damage|p1a: Whimsicott|0 fnt
|-unboost|p2b: Metagross|spe|1
|faint|p1a: Whimsicott
|
|-end|p2b: Metagross|Encore
|-sideend|p1: Vylerean|move: Tailwind
|upkeep
|
|t:|1757825960
|switch|p1a: Indeedee|Indeedee-F, L50, F|100/100
|switch|p1b: Espeon|Espeon, L50, F|100/100
|-fieldstart|move: Psychic Terrain|[from] ability: Psychic Surge|[of] p1a: Indeedee
|-enditem|p1a: Indeedee|Psychic Seed
|-boost|p1a: Indeedee|spd|1|[from] item: Psychic Seed
|turn|5
|
|t:|1757825971
|move|p1a: Indeedee|Helping Hand|p1b: Espeon
|-singleturn|p1b: Espeon|Helping Hand|[of] p1a: Indeedee
|move|p1b: Espeon|Expanding Force|p2b: Metagross|[spread] p2a,p2b
|-supereffective|p2a: Amoonguss
|-crit|p2b: Metagross
|-damage|p2a: Amoonguss|0 fnt
|-damage|p2b: Metagross|0 fnt
|faint|p2a: Amoonguss
|faint|p2b: Metagross
|-damage|p1b: Espeon|90/100|[from] item: Life Orb
|
|upkeep
|
|t:|1757825973
|switch|p2b: Meowscarada|Meowscarada, L50, M|100/100
|turn|6
|inactive|Vylerean has 30 seconds left.
|inactive|Vylerean has 20 seconds left.
|
|t:|1757826011
|-terastallize|p1b: Espeon|Fairy
|move|p1a: Indeedee|Helping Hand|p1b: Espeon
|-singleturn|p1b: Espeon|Helping Hand|[of] p1a: Indeedee
|move|p2b: Meowscarada|Flower Trick|p1b: Espeon
|-start|p2b: Meowscarada|typechange|Grass|[from] ability: Protean
|-crit|p1b: Espeon
|-damage|p1b: Espeon|0 fnt
|faint|p1b: Espeon
|
|upkeep
|turn|7
|
|t:|1757826021
|move|p2b: Meowscarada|Flower Trick|p1a: Indeedee
|-crit|p1a: Indeedee
|-damage|p1a: Indeedee|17/100
|move|p1a: Indeedee|Psychic|p2b: Meowscarada
|-damage|p2b: Meowscarada|38/100
|
|upkeep
|turn|8
|
|t:|1757826026
|move|p2b: Meowscarada|Flower Trick|p1a: Indeedee
|-crit|p1a: Indeedee
|-damage|p1a: Indeedee|0 fnt
|faint|p1a: Indeedee
|
|win|TrunksSsj06
||Vylerean is ready for game 3.
||TrunksSsj06 is ready for game 3.
|uhtml|next|Next: Game 3 of 3
|l|☆TrunksSsj06
|player|p2|
