|j|☆HolgerD
|j|☆flubberbut
|html|HolgerDflubberbut    
|uhtml|bestof|Game 2 of a best-of-3
|t:|1757628594
|gametype|doubles
|player|p1|HolgerD|170|1448
|player|p2|flubberbut|2|1379
|gen|9
|tier|[Gen 9] VGC 2025 Reg H (Bo3)
|rated|
|rule|Species Clause: Limit one of each Pokémon
|rule|Item Clause: Limit 1 of each item
|clearpoke
|poke|p1|Maushold, L50|
|poke|p1|Pelipper, L50, F|
|poke|p1|Archaludon, L50, M|
|poke|p1|Ursaluna, L50, F|
|poke|p1|Sinistcha, L50|
|poke|p1|Basculegion, L50, M|
|poke|p2|Ursaluna-Bloodmoon, L50, M|
|poke|p2|Talonflame, L50, M|
|poke|p2|Gholdengo, L50|
|poke|p2|Dondozo, L50, F|
|poke|p2|Tatsugiri, L50, F|
|poke|p2|Dragonite, L50, F|
|teampreview|4
|showteam|p1|Maushold||WideLens|Technician|PopulationBomb,FollowMe,Taunt,Protect||||||50|,,,,,Ghost]Pelipper||FocusSash|Drizzle|Hurricane,MuddyWater,Tailwind,Protect|||F|||50|,,,,,Ghost]Archaludon||AssaultVest|Stamina|DracoMeteor,ElectroShot,BodyPress,FlashCannon|||M|||50|,,,,,Bug]Ursaluna||FlameOrb|Guts|Facade,HeadlongRush,Earthquake,Protect|||F|||50|,,,,,Ghost]Sinistcha||SitrusBerry|Hospitality|MatchaGotcha,LifeDew,RagePowder,TrickRoom||||||50|,,,,,Fairy]Basculegion||LifeOrb|SwiftSwim|AquaJet,Protect,LastRespects,WaveCrash|||M|||50|,,,,,Water
|showteam|p2|Ursaluna-Bloodmoon||LifeOrb|MindsEye|EarthPower,HyperVoice,BloodMoon,Protect|||M|||50|,,,,,Normal]Talonflame||CovertCloak|GaleWings|Tailwind,BraveBird,FlareBlitz,Taunt|||M|||50|,,,,,Ghost]Gholdengo||ChoiceSpecs|GoodasGold|MakeItRain,PowerGem,ShadowBall,Trick||||||50|,,,,,Steel]Dondozo||SafetyGoggles|Unaware|WaveCrash,Earthquake,OrderUp,Protect|||F|||50|,,,,,Ghost]Tatsugiri||FocusSash|Commander|DracoMeteor,MuddyWater,IcyWind,Protect|||F|||50|,,,,,Fairy]Dragonite||ChoiceBand|InnerFocus|ExtremeSpeed,Earthquake,LowKick,Outrage|||F|||50|,,,,,Normal
|inactive|Battle timer is ON: inactive players will automatically lose when time's up. (requested by flubberbut)
|
|t:|1757628619
|teamsize|p1|4
|teamsize|p2|4
|start
|switch|p1a: Maushold|Maushold, L50|100/100
|switch|p1b: Sinistcha|Sinistcha, L50|100/100
|switch|p2a: Talonflame|Talonflame, L50, M|100/100
|switch|p2b: Gholdengo|Gholdengo, L50|100/100
|turn|1
|
|t:|1757628636
|move|p1a: Maushold|Follow Me|p1a: Maushold
|-singleturn|p1a: Maushold|move: Follow Me
|move|p2a: Talonflame|Taunt|p1a: Maushold
|-start|p1a: Maushold|move: Taunt
|move|p2b: Gholdengo|Make It Rain|p1a: Maushold|[spread] p1a,p1b
|-damage|p1a: Maushold|0 fnt
|-damage|p1b: Sinistcha|38/100
|-unboost|p2b: Gholdengo|spa|1
|-enditem|p1b: Sinistcha|Sitrus Berry|[eat]
|-heal|p1b: Sinistcha|62/100|[from] item: Sitrus Berry
|faint|p1a: Maushold
|move|p1b: Sinistcha|Trick Room|p1b: Sinistcha
|-fieldstart|move: Trick Room|[of] p1b: Sinistcha
|
|upkeep
|
|t:|1757628646
|switch|p1a: Ursaluna|Ursaluna, L50, F|100/100
|turn|2
|inactive|HolgerD has 30 seconds left.
|inactive|HolgerD has 20 seconds left.
|
|t:|1757628685
|switch|p1b: Basculegion|Basculegion, L50, M|100/100
|move|p2a: Talonflame|Brave Bird|p1b: Basculegion
|-damage|p1b: Basculegion|53/100
|-damage|p2a: Talonflame|79/100|[from] Recoil
|move|p1a: Ursaluna|Headlong Rush|p2b: Gholdengo
|-supereffective|p2b: Gholdengo
|-damage|p2b: Gholdengo|0 fnt
|-unboost|p1a: Ursaluna|def|1
|-unboost|p1a: Ursaluna|spd|1
|faint|p2b: Gholdengo
|
|-status|p1a: Ursaluna|brn|[from] item: Flame Orb
|upkeep
|
|t:|1757628694
|switch|p2b: Dondozo|Dondozo, L50, F|100/100
|turn|3
|
|t:|1757628705
|move|p2b: Dondozo|Protect|p2b: Dondozo
|-singleturn|p2b: Dondozo|Protect
|move|p1a: Ursaluna|Facade|p2b: Dondozo
|-activate|p2b: Dondozo|move: Protect
|move|p1b: Basculegion|Last Respects|p2b: Dondozo
|-activate|p2b: Dondozo|move: Protect
|move|p2a: Talonflame|Brave Bird|p1b: Basculegion
|-damage|p1b: Basculegion|1/100
|-damage|p2a: Talonflame|57/100|[from] Recoil
|
|-damage|p1a: Ursaluna|95/100 brn|[from] brn
|upkeep
|turn|4
|inactive|flubberbut has 30 seconds left.
|
|t:|1757628736
|switch|p2a: Tatsugiri|Tatsugiri, L50, F, shiny|100/100
|-activate|p2a: Tatsugiri|ability: Commander|[of] p2b: Dondozo
|-boost|p2b: Dondozo|atk|2
|-boost|p2b: Dondozo|spa|2
|-boost|p2b: Dondozo|spe|2
|-boost|p2b: Dondozo|def|2
|-boost|p2b: Dondozo|spd|2
|move|p1a: Ursaluna|Facade|p2b: Dondozo
|-damage|p2b: Dondozo|60/100
|move|p1b: Basculegion|Last Respects|p2b: Dondozo
|-damage|p2b: Dondozo|37/100
|-damage|p1b: Basculegion|0 fnt|[from] item: Life Orb
|faint|p1b: Basculegion
|move|p2b: Dondozo|Earthquake|p1a: Ursaluna|[spread] p1a
|-miss|p2b: Dondozo|p2a: Tatsugiri
|-damage|p1a: Ursaluna|60/100 brn
|
|-damage|p1a: Ursaluna|54/100 brn|[from] brn
|upkeep
|
|t:|1757628746
|switch|p1b: Sinistcha|Sinistcha, L50|62/100
|-heal|p1a: Ursaluna|79/100 brn|[from] ability: Hospitality|[of] p1b: Sinistcha
|turn|5
|
|t:|1757628760
|-terastallize|p2b: Dondozo|Ghost
|move|p1a: Ursaluna|Facade|p2b: Dondozo
|-immune|p2b: Dondozo
|move|p1b: Sinistcha|Life Dew|p1b: Sinistcha|[spread] p1a,p1b
|-heal|p1a: Ursaluna|100/100 brn
|-heal|p1b: Sinistcha|88/100
|move|p2b: Dondozo|Wave Crash|p1a: Ursaluna
|-supereffective|p1a: Ursaluna
|-damage|p1a: Ursaluna|0 fnt
|faint|p1a: Ursaluna
|-damage|p2b: Dondozo|3/100|[from] Recoil
|
|-fieldend|move: Trick Room
|upkeep
|turn|6
|
|t:|1757628768
|move|p2b: Dondozo|Order Up|p1b: Sinistcha
|-damage|p1b: Sinistcha|44/100
|-boost|p2b: Dondozo|atk|1
|move|p1b: Sinistcha|Trick Room|p1b: Sinistcha
|-fieldstart|move: Trick Room|[of] p1b: Sinistcha
|
|upkeep
|turn|7
|
|t:|1757628772
|move|p2b: Dondozo|Protect|p2b: Dondozo
|-singleturn|p2b: Dondozo|Protect
|move|p1b: Sinistcha|Matcha Gotcha|p2b: Dondozo|[spread] 
|-miss|p1b: Sinistcha|p2a: Tatsugiri
|-activate|p2b: Dondozo|move: Protect
|
|upkeep
|turn|8
|
|t:|1757628778
|move|p1b: Sinistcha|Matcha Gotcha|p2b: Dondozo|[spread] p2b
|-miss|p1b: Sinistcha|p2a: Tatsugiri
|-damage|p2b: Dondozo|0 fnt
|-heal|p1b: Sinistcha|46/100|[from] drain|[of] p2b: Dondozo
|faint|p2b: Dondozo
|
|upkeep
|
|t:|1757628781
|switch|p2b: Talonflame|Talonflame, L50, M|57/100
|turn|9
|
|t:|1757628797
|-terastallize|p1b: Sinistcha|Fairy
|move|p2a: Tatsugiri|Protect|p2a: Tatsugiri
|-singleturn|p2a: Tatsugiri|Protect
|move|p1b: Sinistcha|Matcha Gotcha|p2a: Tatsugiri|[spread] p2b
|-activate|p2a: Tatsugiri|move: Protect
|-resisted|p2b: Talonflame
|-damage|p2b: Talonflame|48/100
|-heal|p1b: Sinistcha|50/100|[from] drain|[of] p2b: Talonflame
|move|p2b: Talonflame|Brave Bird|p1b: Sinistcha
|-damage|p1b: Sinistcha|12/100
|-damage|p2b: Talonflame|34/100|[from] Recoil
|
|upkeep
|turn|10
|
|t:|1757628814
|move|p1b: Sinistcha|Matcha Gotcha|p2b: Talonflame|[spread] p2a,p2b
|-resisted|p2b: Talonflame
|-damage|p2a: Tatsugiri|68/100
|-heal|p1b: Sinistcha|25/100|[from] drain|[of] p2a: Tatsugiri
|-damage|p2b: Talonflame|24/100
|-heal|p1b: Sinistcha|30/100|[from] drain|[of] p2b: Talonflame
|move|p2a: Tatsugiri|Icy Wind|p1b: Sinistcha
|-damage|p1b: Sinistcha|13/100
|-unboost|p1b: Sinistcha|spe|1
|move|p2b: Talonflame|Brave Bird|p1b: Sinistcha
|-damage|p1b: Sinistcha|0 fnt
|faint|p1b: Sinistcha
|-damage|p2b: Talonflame|19/100|[from] Recoil
|
|win|flubberbut
|raw|HolgerD's rating: 1448 → 1424(-24 for losing)
|raw|flubberbut's rating: 1379 → 1403(+24 for winning)
|l|☆HolgerD
|player|p1|
|l|☆flubberbut
|player|p2|
