|j|☆trompanueva
|j|☆Marvcolor
|html|trompanuevaMarvcolor    
|uhtml|bestof|Game 2 of a best-of-3
|t:|1784219689
|gametype|doubles
|player|p1|trompanueva|tate|1328
|player|p2|Marvcolor|giovanni|1333
|gen|9
|tier|[Gen 9 Champions] VGC 2026 Reg M-B (Bo3)
|rated|
|rule|Species Clause: Limit one of each Pokémon
|rule|Item Clause: Limit 1 of each item
|clearpoke
|poke|p1|Grimmsnarl, L50, M|
|poke|p1|Pelipper, L50, F|
|poke|p1|Archaludon, L50, M|
|poke|p1|Basculegion, L50, M|
|poke|p1|Venusaur, L50, F|
|poke|p1|Charizard, L50, F|
|poke|p2|Gengar, L50, F, shiny|
|poke|p2|Politoed, L50, M, shiny|
|poke|p2|Archaludon, L50, F, shiny|
|poke|p2|Swampert, L50, F, shiny|
|poke|p2|Incineroar, L50, M, shiny|
|poke|p2|Vivillon, L50, M, shiny|
|teampreview|4
|showteam|p1|Grimmsnarl||LightClay|Prankster|SpiritBreak,Reflect,LightScreen,PartingShot|Sassy||M|||50|]Pelipper||SitrusBerry|Drizzle|Hurricane,WeatherBall,Tailwind,WideGuard|Modest||F|||50|]Archaludon||Leftovers|Stamina|Protect,ElectroShot,DragonPulse,FlashCannon|Calm||M|||50|]Basculegion||ChoiceScarf|Adaptability|FlipTurn,WaveCrash,AquaJet,LastRespects|Jolly||M|||50|]Venusaur||FocusSash|Chlorophyll|Protect,SleepPowder,SludgeBomb,EarthPower|Modest||F|||50|]Charizard||CharizarditeY|Blaze|HeatWave,SolarBeam,WeatherBall,Protect|Modest||F|||50|
|showteam|p2|Gengar||Gengarite|CursedBody|ShadowBall,SludgeBomb,PerishSong,Protect|Modest||F|||50|]Politoed||SitrusBerry|Drizzle|WeatherBall,PerishSong,Encore,Protect|Calm||M|||50|]Archaludon||Leftovers|Stamina|ElectroShot,DragonPulse,FlashCannon,Protect|Bold||F|||50|]Swampert||Swampertite|Damp|WaveCrash,Earthquake,IcePunch,Protect|Adamant||F|||50|]Incineroar||PasshoBerry|Intimidate|ThroatChop,PartingShot,Protect,FakeOut|Sassy||M|||50|]Vivillon||FocusSash|CompoundEyes|Hurricane,SleepPowder,RagePowder,Protect|Timid||M|||50|
|inactive|Battle timer is ON: inactive players will automatically lose when time's up. (requested by Marvcolor)
|inactive|trompanueva has 60 seconds left.
|inactive|Marvcolor has 60 seconds left.
|
|t:|1784219748
|teamsize|p1|4
|teamsize|p2|4
|start
|switch|p1a: Basculegion|Basculegion, L50, M|100/100
|switch|p1b: Archaludon|Archaludon, L50, M|100/100
|switch|p2a: Mishra|Gengar, L50, F, shiny|100/100
|switch|p2b: Time Walk|Vivillon, L50, M, shiny|100/100
|turn|1
|inactive|trompanueva has 30 seconds left.
|
|t:|1784219775
|switch|p2b: Mankira|Incineroar, L50, M, shiny|100/100
|-ability|p2b: Mankira|Intimidate|boost
|-unboost|p1a: Basculegion|atk|1
|-unboost|p1b: Archaludon|atk|1
|detailschange|p2a: Mishra|Gengar-Mega, L50, F, shiny
|-mega|p2a: Mishra|Gengar|Gengarite
|move|p2a: Mishra|Protect|p2a: Mishra
|-singleturn|p2a: Mishra|Protect
|move|p1a: Basculegion|Last Respects|p2a: Mishra
|-activate|p2a: Mishra|move: Protect
|move|p1b: Archaludon|Dragon Pulse|p2a: Mishra
|-activate|p2a: Mishra|move: Protect
|
|upkeep
|turn|2
|
|t:|1784219793
|move|p2b: Mankira|Fake Out|p1b: Archaludon
|-resisted|p1b: Archaludon|1
|-damage|p1b: Archaludon|95/100
|-ability|p1b: Archaludon|Stamina|boost
|-boost|p1b: Archaludon|def|1
|move|p1a: Basculegion|Last Respects|p2a: Mishra
|-supereffective|p2a: Mishra|1
|-damage|p2a: Mishra|53/100
|move|p2a: Mishra|Shadow Ball|p1a: Basculegion
|-supereffective|p1a: Basculegion|1
|-damage|p1a: Basculegion|0 fnt
|faint|p1a: Basculegion
|cant|p1b: Archaludon|flinch
|
|-heal|p1b: Archaludon|100/100|[from] item: Leftovers
|upkeep
|
|t:|1784219801
|switch|p1a: Venusaur|Venusaur, L50, F|100/100
|turn|3
|
|t:|1784219810
|move|p2a: Mishra|Protect|p2a: Mishra
|-singleturn|p2a: Mishra|Protect
|move|p1a: Venusaur|Sleep Powder|p2b: Mankira
|-status|p2b: Mankira|slp|[from] move: Sleep Powder
|move|p1b: Archaludon|Electro Shot||[still]
|-prepare|p1b: Archaludon|Electro Shot
|-boost|p1b: Archaludon|spa|1
|cant|p2b: Mankira|slp
|
|upkeep
|turn|4
|
|t:|1784219834
|switch|p2a: Time Walk|Vivillon, L50, M, shiny|100/100
|move|p1a: Venusaur|Sleep Powder|p2a: Time Walk
|-status|p2a: Time Walk|slp|[from] move: Sleep Powder
|move|p1b: Archaludon|Electro Shot|p2a: Time Walk|[from] lockedmove
|-supereffective|p2a: Time Walk|1
|-enditem|p2a: Time Walk|Focus Sash
|-damage|p2a: Time Walk|1/100 slp
|cant|p2b: Mankira|slp
|
|upkeep
|turn|5
|
|t:|1784219858
|cant|p2a: Time Walk|slp
|move|p1a: Venusaur|Earth Power|p2b: Mankira
|-supereffective|p2b: Mankira|1
|-damage|p2b: Mankira|53/100 slp
|move|p1b: Archaludon|Dragon Pulse|p2a: Time Walk
|-damage|p2a: Time Walk|0 fnt
|faint|p2a: Time Walk
|-curestatus|p2b: Mankira|slp|[msg]
|move|p2b: Mankira|Parting Shot|p1a: Venusaur
|-unboost|p1a: Venusaur|atk|1
|-unboost|p1a: Venusaur|spa|1
|
|t:|1784219868
|switch|p2b: Mishra|Gengar-Mega, L50, F, shiny|53/100|[from] Parting Shot
|
|upkeep
|
|t:|1784219870
|switch|p2a: Mankira|Incineroar, L50, M, shiny|53/100
|-ability|p2a: Mankira|Intimidate|boost
|-unboost|p1a: Venusaur|atk|1
|-unboost|p1b: Archaludon|atk|1
|turn|6
|
|t:|1784219877
|move|p2a: Mankira|Fake Out|p1b: Archaludon
|-resisted|p1b: Archaludon|1
|-damage|p1b: Archaludon|97/100
|-ability|p1b: Archaludon|Stamina|boost
|-boost|p1b: Archaludon|def|1
|move|p2b: Mishra|Perish Song|p2b: Mishra
|-start|p1a: Venusaur|perish3|[silent]
|-start|p1b: Archaludon|perish3|[silent]
|-start|p2a: Mankira|perish3|[silent]
|-start|p2b: Mishra|perish3|[silent]
|-fieldactivate|move: Perish Song
|move|p1a: Venusaur|Sleep Powder|p2b: Mishra
|-status|p2b: Mishra|slp|[from] move: Sleep Powder
|cant|p1b: Archaludon|flinch
|
|-heal|p1b: Archaludon|100/100|[from] item: Leftovers
|-start|p2b: Mishra|perish3
|-start|p1a: Venusaur|perish3
|-start|p1b: Archaludon|perish3
|-start|p2a: Mankira|perish3
|upkeep
|turn|7
|inactive|trompanueva has 30 seconds left.
|c|☆Marvcolor|bro lets be real venu is hella dumb
|
|t:|1784219913
|cant|p2b: Mishra|slp
|move|p1a: Venusaur|Sleep Powder|p2a: Mankira
|-status|p2a: Mankira|slp|[from] move: Sleep Powder
|move|p1b: Archaludon|Dragon Pulse|p2b: Mishra
|-damage|p2b: Mishra|0 fnt
|faint|p2b: Mishra
|cant|p2a: Mankira|slp
|
|-start|p1a: Venusaur|perish2
|-start|p1b: Archaludon|perish2
|-start|p2a: Mankira|perish2
|upkeep
|c|☆Marvcolor|like you literally hit every single one lol
|c|☆Marvcolor|how can play vs high roll
|-message|Marvcolor forfeited.
|
|win|trompanueva
|raw|trompanueva's rating: 1328 → 1348(+20 for winning)
|raw|Marvcolor's rating: 1333 → 1313(-20 for losing)
