|j|☆komsu
|j|☆Baronismo
|html|komsuBaronismo    
|uhtml|bestof|Game 1 of a best-of-3
|t:|1783855339
|gametype|doubles
|player|p1|komsu|gambler|1232
|player|p2|Baronismo|depotagent|1207
|gen|9
|tier|[Gen 9 Champions] VGC 2026 Reg M-B (Bo3)
|rated|
|rule|Species Clause: Limit one of each Pokémon
|rule|Item Clause: Limit 1 of each item
|clearpoke
|poke|p1|Kingambit, L50, M|
|poke|p1|Charizard, L50, M|
|poke|p1|Aerodactyl, L50, M|
|poke|p1|Incineroar, L50, F|
|poke|p1|Garchomp, L50, F|
|poke|p1|Sylveon, L50, M|
|poke|p2|Charizard, L50, M|
|poke|p2|Toxapex, L50, F|
|poke|p2|Venusaur, L50, F|
|poke|p2|Hydreigon, L50, F|
|poke|p2|Mamoswine, L50, F|
|poke|p2|Incineroar, L50, M|
|teampreview|4
|showteam|p1|Kingambit||FocusSash|Defiant|KowtowCleave,IronHead,SuckerPunch,LowKick|Adamant||M|||50|]Charizard||CharizarditeY|Blaze|HeatWave,SolarBeam,WeatherBall,Protect|Modest||M|||50|]Aerodactyl||Aerodactylite|Unnerve|RockSlide,DualWingbeat,Protect,Tailwind|Jolly||M|||50|]Incineroar||SitrusBerry|Intimidate|FlareBlitz,FakeOut,PartingShot,DarkestLariat|Careful||F|||50|]Garchomp||LifeOrb|RoughSkin|Earthquake,DragonClaw,RockSlide,Protect|Jolly||F|||50|]Sylveon||FairyFeather|Pixilate|HyperVoice,HyperBeam,QuickAttack,Protect|Modest||M|||50|
|showteam|p2|Charizard||CharizarditeY|Blaze|HeatWave,WeatherBall,HelpingHand,Protect|Serious||M|||50|]Toxapex||Leftovers|Regenerator|Infestation,Toxic,WideGuard,BanefulBunker|Bold||F|||50|]Venusaur||LifeOrb|Chlorophyll|SolarBeam,SludgeBomb,EarthPower,Protect|Modest||F|||50|]Hydreigon||ChoiceScarf|Levitate|DracoMeteor,Snarl,DarkPulse,EarthPower|Modest||F|||50|]Mamoswine||FocusSash|Oblivious|RockTomb,IceShard,HighHorsepower,Protect|Jolly||F|||50|]Incineroar||SitrusBerry|Intimidate|FakeOut,FlareBlitz,ThroatChop,PartingShot|Careful||M|||50|
|inactive|Battle timer is ON: inactive players will automatically lose when time's up. (requested by Baronismo)
|
|t:|1783855407
|teamsize|p1|4
|teamsize|p2|4
|start
|switch|p1a: Kingambit|Kingambit, L50, M|100/100
|switch|p1b: Aerodactyl|Aerodactyl, L50, M|100/100
|switch|p2a: Charizard|Charizard, L50, M|100/100
|switch|p2b: Venusaur|Venusaur, L50, F|100/100
|-ability|p1b: Aerodactyl|Unnerve
|turn|1
|inactive|komsu has 30 seconds left.
|
|t:|1783855439
|detailschange|p2a: Charizard|Charizard-Mega-Y, L50, M
|-mega|p2a: Charizard|Charizard|Charizardite Y
|-weather|SunnyDay|[from] ability: Drought|[of] p2a: Charizard
|move|p2a: Charizard|Helping Hand|p2b: Venusaur
|-singleturn|p2b: Venusaur|Helping Hand|[of] p2a: Charizard
|move|p2b: Venusaur|Solar Beam||[still]
|-prepare|p2b: Venusaur|Solar Beam
|-anim|p2b: Venusaur|Solar Beam|p1b: Aerodactyl
|-damage|p1b: Aerodactyl|0 fnt
|faint|p1b: Aerodactyl
|-damage|p2b: Venusaur|90/100|[from] item: Life Orb
|move|p1a: Kingambit|Kowtow Cleave|p2b: Venusaur
|-damage|p2b: Venusaur|27/100
|
|-weather|SunnyDay|[upkeep]
|upkeep
|
|t:|1783855454
|switch|p1b: Garchomp|Garchomp, L50, F|100/100
|turn|2
|
|t:|1783855462
|switch|p2b: Mamoswine|Mamoswine, L50, F|100/100
|move|p1a: Kingambit|Sucker Punch||[still]
|-fail|p1a: Kingambit
|move|p1b: Garchomp|Rock Slide|p2b: Mamoswine|[spread] p2a,p2b
|-supereffective|p2a: Charizard|2
|-damage|p2a: Charizard|0 fnt
|-damage|p2b: Mamoswine|72/100
|faint|p2a: Charizard
|-damage|p1b: Garchomp|90/100|[from] item: Life Orb
|
|-weather|SunnyDay|[upkeep]
|upkeep
|
|t:|1783855469
|switch|p2a: Toxapex|Toxapex, L50, F|100/100
|turn|3
|
|t:|1783855483
|move|p1b: Garchomp|Protect|p1b: Garchomp
|-singleturn|p1b: Garchomp|Protect
|move|p2b: Mamoswine|Protect|p2b: Mamoswine
|-singleturn|p2b: Mamoswine|Protect
|move|p1a: Kingambit|Kowtow Cleave|p2b: Mamoswine
|-activate|p2b: Mamoswine|move: Protect
|move|p2a: Toxapex|Infestation|p1a: Kingambit
|-damage|p1a: Kingambit|96/100
|-activate|p1a: Kingambit|move: Infestation|[of] p2a: Toxapex
|
|-weather|SunnyDay|[upkeep]
|-damage|p1a: Kingambit|83/100|[from] move: Infestation|[partiallytrapped]
|upkeep
|turn|4
|inactive|komsu has 30 seconds left.
|inactive|komsu has 20 seconds left.
|
|t:|1783855519
|move|p2b: Mamoswine|Ice Shard|p1b: Garchomp
|-supereffective|p1b: Garchomp|2
|-damage|p1b: Garchomp|0 fnt
|faint|p1b: Garchomp
|move|p1a: Kingambit|Sucker Punch||[still]
|-fail|p1a: Kingambit
|move|p2a: Toxapex|Toxic|p1a: Kingambit
|-immune|p1a: Kingambit
|
|-weather|SunnyDay|[upkeep]
|-damage|p1a: Kingambit|71/100|[from] move: Infestation|[partiallytrapped]
|upkeep
|
|t:|1783855524
|switch|p1b: Charizard|Charizard, L50, M|100/100
|turn|5
|
|t:|1783855545
|move|p1b: Charizard|Protect|p1b: Charizard
|-singleturn|p1b: Charizard|Protect
|move|p2b: Mamoswine|High Horsepower|p1a: Kingambit
|-supereffective|p1a: Kingambit|1
|-damage|p1a: Kingambit|0 fnt
|faint|p1a: Kingambit
|move|p2a: Toxapex|Toxic|p1b: Charizard
|-activate|p1b: Charizard|move: Protect
|
|-weather|none
|upkeep
|turn|6
|-message|komsu forfeited.
|
|win|Baronismo
|l|☆komsu
|player|p1|
||komsu is ready for game 2.
||Baronismo is ready for game 2.
|uhtml|next|Next: Game 2 of 3
|j|☆komsu
|player|p1|komsu|gambler|
