|j|☆TheMochiMan
|j|☆Blitzball Ace
|html|TheMochiManBlitzball Ace    
|uhtml|bestof|Game 1 of a best-of-3
|t:|1757207352
|gametype|doubles
|player|p1|TheMochiMan|doctor|1435
|player|p2|Blitzball Ace|kamado-armor|1295
|gen|9
|tier|[Gen 9] VGC 2025 Reg H (Bo3)
|rated|
|rule|Species Clause: Limit one of each Pokémon
|rule|Item Clause: Limit 1 of each item
|clearpoke
|poke|p1|Ursaluna, L50, F|
|poke|p1|Jumpluff, L50, M|
|poke|p1|Charizard, L50, M|
|poke|p1|Torkoal, L50, F|
|poke|p1|Incineroar, L50, M|
|poke|p1|Porygon2, L50|
|poke|p2|Porygon2, L50|
|poke|p2|Incineroar, L50, F|
|poke|p2|Ursaluna, L50, F|
|poke|p2|Amoonguss, L50, F|
|poke|p2|Gholdengo, L50|
|poke|p2|Dragonite, L50, F|
|teampreview|4
|showteam|p1|Ursaluna||FlameOrb|Guts|HeadlongRush,Facade,Earthquake,Protect|||F|||50|,,,,,Ghost]Jumpluff||CovertCloak|Chlorophyll|SleepPowder,SunnyDay,Tailwind,RagePowder|||M|||50|,,,,,Water]Charizard||ChoiceSpecs|SolarPower|AirSlash,HeatWave,Overheat,WeatherBall|||M|||50|,,,,,Ghost]Torkoal||EjectPack|Drought|HelpingHand,Eruption,Overheat,Protect|||F|||50|,,,,,Fire]Incineroar||SitrusBerry|Intimidate|FlareBlitz,KnockOff,PartingShot,FakeOut|||M|||50|,,,,,Ghost]Porygon2||Eviolite|Download|TeraBlast,IceBeam,Recover,TrickRoom||||||50|,,,,,Fighting
|showteam|p2|Porygon2||Eviolite|Download|TeraBlast,IceBeam,Recover,TrickRoom||||||50|,,,,,Fighting]Incineroar||SafetyGoggles|Intimidate|FakeOut,KnockOff,FlareBlitz,PartingShot|||F|||50|,,,,,Ghost]Ursaluna||FlameOrb|Guts|HeadlongRush,Facade,Earthquake,Protect|||F|||50|,,,,,Ghost]Amoonguss||SitrusBerry|Regenerator|PollenPuff,Spore,RagePowder,Protect|||F|||50|,,,,,Water]Gholdengo||LifeOrb|GoodasGold|MakeItRain,ShadowBall,NastyPlot,Protect||||||50|,,,,,Dragon]Dragonite||LoadedDice|Multiscale|ScaleShot,Haze,Tailwind,Protect|||F|||50|,,,,,Steel
|inactive|Battle timer is ON: inactive players will automatically lose when time's up. (requested by TheMochiMan)
|inactive|Blitzball Ace has 60 seconds left.
|inactive|Blitzball Ace has 30 seconds left.
|inactive|Blitzball Ace has 20 seconds left.
|inactive|Blitzball Ace has 15 seconds left.
|inactive|Blitzball Ace has 10 seconds left.
|inactive|Blitzball Ace has 5 seconds left.
|
|t:|1757207506
|teamsize|p1|4
|teamsize|p2|4
|start
|switch|p1a: Bobcat|Incineroar, L50, M|100/100
|switch|p1b: Slow and steady|Torkoal, L50, F|100/100
|switch|p2a: Porygon2|Porygon2, L50, shiny|100/100
|switch|p2b: Incineroar|Incineroar, L50, F, shiny|100/100
|-ability|p2b: Incineroar|Intimidate|boost
|-unboost|p1a: Bobcat|atk|1
|-unboost|p1b: Slow and steady|atk|1
|-ability|p1a: Bobcat|Intimidate|boost
|-unboost|p2a: Porygon2|atk|1
|-unboost|p2b: Incineroar|atk|1
|-ability|p2a: Porygon2|Download|boost
|-boost|p2a: Porygon2|spa|1
|-weather|SunnyDay|[from] ability: Drought|[of] p1b: Slow and steady
|-enditem|p1b: Slow and steady|Eject Pack
|
|t:|1757207518
|switch|p1b: Brown bear|Ursaluna, L50, F|100/100
|turn|1
|inactive|Blitzball Ace has 30 seconds left.
|inactive|Blitzball Ace has 20 seconds left.
|inactive|Blitzball Ace has 15 seconds left.
|inactive|Blitzball Ace has 10 seconds left.
|inactive|Blitzball Ace has 5 seconds left.
|
|t:|1757207573
|move|p1b: Brown bear|Protect|p1b: Brown bear
|-singleturn|p1b: Brown bear|Protect
|move|p2b: Incineroar|Fake Out|p1b: Brown bear
|-activate|p1b: Brown bear|move: Protect
|move|p1a: Bobcat|Knock Off|p2a: Porygon2
|-damage|p2a: Porygon2|80/100
|-enditem|p2a: Porygon2|Eviolite|[from] move: Knock Off|[of] p1a: Bobcat
|move|p2a: Porygon2|Tera Blast|p1b: Brown bear
|-activate|p1b: Brown bear|move: Protect
|
|-weather|SunnyDay|[upkeep]
|-status|p1b: Brown bear|brn|[from] item: Flame Orb
|upkeep
|turn|2
|inactive|Blitzball Ace has 30 seconds left.
|inactive|Blitzball Ace has 20 seconds left.
|inactive|Blitzball Ace has 15 seconds left.
|inactive|Blitzball Ace has 10 seconds left.
|inactive|Blitzball Ace has 5 seconds left.
|
|t:|1757207628
|move|p2b: Incineroar|Fake Out||[still]
|-hint|Fake Out only works on your first turn out.
|-fail|p2b: Incineroar
|move|p1a: Bobcat|Parting Shot|p2b: Incineroar
|-unboost|p2b: Incineroar|atk|1
|-unboost|p2b: Incineroar|spa|1
|
|t:|1757207635
|switch|p1a: Tony’s family|Porygon2, L50|100/100|[from] Parting Shot
|-ability|p1a: Tony’s family|Download|boost
|-boost|p1a: Tony’s family|atk|1
|move|p1b: Brown bear|Facade|p2a: Porygon2
|-damage|p2a: Porygon2|0 fnt
|faint|p2a: Porygon2
|
|-weather|SunnyDay|[upkeep]
|-damage|p1b: Brown bear|95/100 brn|[from] brn
|upkeep
|c|☆Blitzball Ace|oops
|inactive|Blitzball Ace has 30 seconds left.
|
|t:|1757207665
|switch|p2a: Ursaluna|Ursaluna, L50, F|100/100
|turn|3
|
|t:|1757207681
|move|p2a: Ursaluna|Protect|p2a: Ursaluna
|-singleturn|p2a: Ursaluna|Protect
|move|p2b: Incineroar|Parting Shot|p1b: Brown bear
|-unboost|p1b: Brown bear|atk|1
|-unboost|p1b: Brown bear|spa|1
|
|t:|1757207685
|switch|p2b: Amoonguss|Amoonguss, L50, F, shiny|100/100|[from] Parting Shot
|move|p1b: Brown bear|Facade|p2a: Ursaluna
|-activate|p2a: Ursaluna|move: Protect
|move|p1a: Tony’s family|Tera Blast|p2b: Amoonguss
|-damage|p2b: Amoonguss|72/100
|
|-weather|SunnyDay|[upkeep]
|-damage|p1b: Brown bear|89/100 brn|[from] brn
|-status|p2a: Ursaluna|brn|[from] item: Flame Orb
|upkeep
|turn|4
|inactive|TheMochiMan has 30 seconds left.
|
|t:|1757207718
|switch|p2b: Incineroar|Incineroar, L50, F, shiny|100/100
|-ability|p2b: Incineroar|Intimidate|boost
|-unboost|p1a: Tony’s family|atk|1
|-unboost|p1b: Brown bear|atk|1
|-terastallize|p2a: Ursaluna|Ghost
|move|p1b: Brown bear|Protect|p1b: Brown bear
|-singleturn|p1b: Brown bear|Protect
|move|p2a: Ursaluna|Facade|p1a: Tony’s family
|-damage|p1a: Tony’s family|29/100
|move|p1a: Tony’s family|Ice Beam|p2b: Incineroar
|-resisted|p2b: Incineroar
|-damage|p2b: Incineroar|89/100
|
|-weather|SunnyDay|[upkeep]
|-damage|p2a: Ursaluna|95/100 brn|[from] brn
|-damage|p1b: Brown bear|83/100 brn|[from] brn
|upkeep
|turn|5
|inactive|Blitzball Ace has 30 seconds left.
|
|t:|1757207745
|-terastallize|p1b: Brown bear|Ghost
|move|p2b: Incineroar|Knock Off|p1b: Brown bear
|-supereffective|p1b: Brown bear
|-damage|p1b: Brown bear|11/100 brn
|-enditem|p1b: Brown bear|Flame Orb|[from] move: Knock Off|[of] p2b: Incineroar
|move|p2a: Ursaluna|Facade|p1a: Tony’s family
|-damage|p1a: Tony’s family|0 fnt
|faint|p1a: Tony’s family
|move|p1b: Brown bear|Earthquake|p2b: Incineroar|[spread] p2a,p2b
|-supereffective|p2b: Incineroar
|-damage|p2a: Ursaluna|69/100 brn
|-damage|p2b: Incineroar|16/100
|
|-weather|none
|-damage|p2a: Ursaluna|63/100 brn|[from] brn
|-damage|p1b: Brown bear|6/100 brn|[from] brn
|upkeep
|
|t:|1757207762
|switch|p1a: Bobcat|Incineroar, L50, M|100/100
|-ability|p1a: Bobcat|Intimidate|boost
|-unboost|p2a: Ursaluna|atk|1
|-unboost|p2b: Incineroar|atk|1
|turn|6
|
|t:|1757207772
|switch|p2b: Amoonguss|Amoonguss, L50, F, shiny|100/100
|move|p2a: Ursaluna|Protect|p2a: Ursaluna
|-singleturn|p2a: Ursaluna|Protect
|move|p1a: Bobcat|Knock Off|p2a: Ursaluna
|-activate|p2a: Ursaluna|move: Protect
|move|p1b: Brown bear|Facade|p2b: Amoonguss
|-damage|p2b: Amoonguss|50/100
|-enditem|p2b: Amoonguss|Sitrus Berry|[eat]
|-heal|p2b: Amoonguss|75/100|[from] item: Sitrus Berry
|
|-damage|p2a: Ursaluna|57/100 brn|[from] brn
|-damage|p1b: Brown bear|0 fnt|[from] brn
|faint|p1b: Brown bear
|upkeep
|
|t:|1757207781
|switch|p1b: Slow and steady|Torkoal, L50, F|100/100
|-weather|SunnyDay|[from] ability: Drought|[of] p1b: Slow and steady
|turn|7
|
|t:|1757207804
|move|p2b: Amoonguss|Rage Powder|p2b: Amoonguss
|-singleturn|p2b: Amoonguss|move: Rage Powder
|move|p1a: Bobcat|Knock Off|p2b: Amoonguss
|-damage|p2b: Amoonguss|50/100
|move|p2a: Ursaluna|Headlong Rush|p1b: Slow and steady
|-supereffective|p1b: Slow and steady
|-crit|p1b: Slow and steady
|-damage|p1b: Slow and steady|0 fnt
|-unboost|p2a: Ursaluna|def|1
|-unboost|p2a: Ursaluna|spd|1
|faint|p1b: Slow and steady
|
|-weather|SunnyDay|[upkeep]
|-damage|p2a: Ursaluna|51/100 brn|[from] brn
|upkeep
|turn|8
|-message|TheMochiMan forfeited.
|
|win|Blitzball Ace
