|j|☆guyq
|j|☆MuseigenTest
|html|guyqMuseigenTest    
|uhtml|bestof|Game 2 of a best-of-3
|t:|1782336781
|gametype|doubles
|player|p1|guyq|briar|1182
|player|p2|MuseigenTest|266|1110
|gen|9
|tier|[Gen 9 Champions] VGC 2026 Reg M-B (Bo3)
|rated|
|rule|Species Clause: Limit one of each Pokémon
|rule|Item Clause: Limit 1 of each item
|clearpoke
|poke|p1|Metagross, L50|
|poke|p1|Staraptor, L50, M|
|poke|p1|Garchomp, L50, M|
|poke|p1|Whimsicott, L50, M|
|poke|p1|Rotom-Wash, L50|
|poke|p1|Incineroar, L50, M|
|poke|p2|Sinistcha, L50, shiny|
|poke|p2|Incineroar, L50, M, shiny|
|poke|p2|Milotic, L50, F|
|poke|p2|Sneasler, L50, F|
|poke|p2|Floette-Eternal, L50, F|
|poke|p2|Ceruledge, L50, M, shiny|
|teampreview|4
|showteam|p1|Metagross||Metagrossite|ClearBody|PsychicFangs,BulletPunch,StompingTantrum,Protect|Jolly|||||50|]Staraptor||Staraptite|Intimidate|BraveBird,CloseCombat,QuickAttack,Protect|Jolly||M|||50|]Garchomp||LifeOrb|RoughSkin|DragonClaw,Earthquake,RockSlide,Protect|Jolly||M|||50|]Whimsicott||FocusSash|Prankster|Moonblast,Tailwind,Charm,Protect|Timid||M|||50|]Rotom-Wash||Leftovers|Levitate|Thunderbolt,HydroPump,WillOWisp,Protect|Modest|||||50|]Incineroar||SitrusBerry|Intimidate|FlareBlitz,ThroatChop,PartingShot,FakeOut|Adamant||M|||50|
|showteam|p2|Sinistcha||KasibBerry|Hospitality|Protect,RagePowder,MatchaGotcha,LifeDew|Calm|||||50|]Incineroar||SitrusBerry|Intimidate|FakeOut,ThroatChop,FlareBlitz,PartingShot|Impish||M|||50|]Milotic||Leftovers|Competitive|Coil,MuddyWater,Hypnosis,Protect|Bold||F|||50|]Sneasler||FocusSash|PoisonTouch|FakeOut,CloseCombat,DireClaw,ThroatChop|Jolly||F|||50|]Floette-Eternal||Floettite|FlowerVeil|Protect,DrainingKiss,CalmMind,DazzlingGleam|Timid||F|||50|]Ceruledge||ColburBerry|FlashFire|BulkUp,Protect,ShadowSneak,BitterBlade|Adamant||M|||50|
|inactive|Battle timer is ON: inactive players will automatically lose when time's up. (requested by MuseigenTest)
|inactive|MuseigenTest has 60 seconds left.
|
|t:|1782336821
|teamsize|p1|4
|teamsize|p2|4
|start
|switch|p1a: Metagross|Metagross, L50|100/100
|switch|p1b: Rotom|Rotom-Wash, L50|100/100
|switch|p2a: Incineroar|Incineroar, L50, M, shiny|100/100
|switch|p2b: Floette|Floette-Eternal, L50, F|100/100
|-ability|p2a: Incineroar|Intimidate|boost
|-fail|p1a: Metagross|unboost|[from] ability: Clear Body|[of] p1a: Metagross
|-unboost|p1b: Rotom|atk|1
|turn|1
|
|t:|1782336837
|detailschange|p2b: Floette|Floette-Mega, L50, F
|-mega|p2b: Floette|Floette|Floettite
|-ability|p2b: Floette|Fairy Aura
|move|p2a: Incineroar|Fake Out|p1a: Metagross
|-resisted|p1a: Metagross|1
|-damage|p1a: Metagross|95/100
|cant|p1a: Metagross|flinch
|move|p2b: Floette|Calm Mind|p2b: Floette
|-boost|p2b: Floette|spa|1
|-boost|p2b: Floette|spd|1
|move|p1b: Rotom|Hydro Pump|p2a: Incineroar|[miss]
|-miss|p1b: Rotom|p2a: Incineroar
|
|upkeep
|turn|2
|inactive|guyq has 30 seconds left.
|inactive|MuseigenTest has 30 seconds left.
|
|t:|1782336870
|switch|p1b: Whimsicott|Whimsicott, L50, M|100/100
|detailschange|p1a: Metagross|Metagross-Mega, L50
|-mega|p1a: Metagross|Metagross|Metagrossite
|move|p2b: Floette|Protect|p2b: Floette
|-singleturn|p2b: Floette|Protect
|move|p1a: Metagross|Stomping Tantrum|p2a: Incineroar
|-supereffective|p2a: Incineroar|1
|-damage|p2a: Incineroar|0 fnt
|faint|p2a: Incineroar
|
|upkeep
|inactive|MuseigenTest has 30 seconds left.
|inactive|MuseigenTest has 20 seconds left.
|
|t:|1782336905
|switch|p2a: Sneasler|Sneasler, L50, F|100/100
|turn|3
|
|t:|1782336917
|move|p2a: Sneasler|Fake Out|p1b: Whimsicott
|-damage|p1b: Whimsicott|78/100
|move|p1a: Metagross|Bullet Punch|p2b: Floette
|-supereffective|p2b: Floette|1
|-damage|p2b: Floette|38/100
|cant|p1b: Whimsicott|flinch
|move|p2b: Floette|Dazzling Gleam|p1a: Metagross|[spread] p1a,p1b
|-resisted|p1a: Metagross|1
|-damage|p1a: Metagross|61/100
|-damage|p1b: Whimsicott|0 fnt
|faint|p1b: Whimsicott
|
|upkeep
|
|t:|1782336936
|switch|p1b: Garchomp|Garchomp, L50, M|100/100
|turn|4
|inactive|MuseigenTest has 30 seconds left.
|inactive|MuseigenTest has 20 seconds left.
|inactive|MuseigenTest has 15 seconds left.
|
|t:|1782336978
|switch|p2a: Sinistcha|Sinistcha, L50, shiny|100/100
|-heal|p2b: Floette|62/100|[from] ability: Hospitality|[of] p2a: Sinistcha
|move|p1a: Metagross|Protect|p1a: Metagross
|-singleturn|p1a: Metagross|Protect
|move|p2b: Floette|Dazzling Gleam|p1b: Garchomp|[spread] p1b
|-activate|p1a: Metagross|move: Protect
|-supereffective|p1b: Garchomp|1
|-damage|p1b: Garchomp|0 fnt
|faint|p1b: Garchomp
|
|upkeep
|
|t:|1782336990
|switch|p1b: Rotom|Rotom-Wash, L50|100/100
|turn|5
|inactive|MuseigenTest has 30 seconds left.
|
|t:|1782337023
|move|p2a: Sinistcha|Rage Powder|p2a: Sinistcha
|-singleturn|p2a: Sinistcha|move: Rage Powder
|move|p1a: Metagross|Psychic Fangs|p2a: Sinistcha
|-damage|p2a: Sinistcha|42/100
|move|p2b: Floette|Calm Mind|p2b: Floette
|-boost|p2b: Floette|spa|1
|-boost|p2b: Floette|spd|1
|move|p1b: Rotom|Hydro Pump|p2a: Sinistcha
|-resisted|p2a: Sinistcha|1
|-damage|p2a: Sinistcha|23/100
|
|upkeep
|turn|6
|inactive|MuseigenTest has 30 seconds left.
|inactive|MuseigenTest has 20 seconds left.
|
|t:|1782337059
|move|p1b: Rotom|Protect|p1b: Rotom
|-singleturn|p1b: Rotom|Protect
|move|p2a: Sinistcha|Rage Powder|p2a: Sinistcha
|-singleturn|p2a: Sinistcha|move: Rage Powder
|move|p1a: Metagross|Psychic Fangs|p2a: Sinistcha
|-damage|p2a: Sinistcha|0 fnt
|faint|p2a: Sinistcha
|move|p2b: Floette|Dazzling Gleam|p1b: Rotom|[spread] p1a
|-activate|p1b: Rotom|move: Protect
|-resisted|p1a: Metagross|1
|-damage|p1a: Metagross|17/100
|
|upkeep
|
|t:|1782337068
|switch|p2a: Sneasler|Sneasler, L50, F|100/100
|turn|7
|
|t:|1782337083
|move|p1a: Metagross|Protect|p1a: Metagross
|-singleturn|p1a: Metagross|Protect
|move|p2a: Sneasler|Fake Out|p1a: Metagross
|-activate|p1a: Metagross|move: Protect
|move|p2b: Floette|Dazzling Gleam|p1a: Metagross|[spread] p1b
|-activate|p1a: Metagross|move: Protect
|-damage|p1b: Rotom|21/100
|move|p1b: Rotom|Will-O-Wisp|p2a: Sneasler
|-status|p2a: Sneasler|brn
|
|-heal|p1b: Rotom|26/100|[from] item: Leftovers
|-damage|p2a: Sneasler|94/100 brn|[from] brn
|upkeep
|turn|8
|
|t:|1782337107
|move|p2a: Sneasler|Throat Chop|p1a: Metagross
|-supereffective|p1a: Metagross|1
|-damage|p1a: Metagross|0 fnt
|faint|p1a: Metagross
|move|p2b: Floette|Dazzling Gleam|p1b: Rotom
|-damage|p1b: Rotom|0 fnt
|faint|p1b: Rotom
|
|win|MuseigenTest
||MuseigenTest is ready for game 3.
||guyq is ready for game 3.
|uhtml|next|Next: Game 3 of 3
|l|☆guyq
|player|p1|
