|j|☆ZestyWalrus
|j|☆lilrainteamwahoo
|html|ZestyWalruslilrainteamwahoo    
|uhtml|bestof|Game 1 of a best-of-3
|t:|1756999118
|gametype|doubles
|player|p1|ZestyWalrus|firebreather|1083
|player|p2|lilrainteamwahoo|baker|1043
|gen|9
|tier|[Gen 9] VGC 2025 Reg H (Bo3)
|rated|
|rule|Species Clause: Limit one of each Pokémon
|rule|Item Clause: Limit 1 of each item
|clearpoke
|poke|p1|Gholdengo, L50|
|poke|p1|Electabuzz, L50, F|
|poke|p1|Pelipper, L50, F|
|poke|p1|Kingdra, L50, F|
|poke|p1|Weavile, L50, M|
|poke|p1|Decidueye-Hisui, L50, M|
|poke|p2|Archaludon, L50, F|
|poke|p2|Pelipper, L50, F|
|poke|p2|Indeedee, L50, M|
|poke|p2|Amoonguss, L50, M|
|poke|p2|Basculegion, L50, M|
|poke|p2|Hydreigon, L50, M|
|teampreview|4
|showteam|p1|Gholdengo||LifeOrb|GoodasGold|NastyPlot,MakeItRain,ShadowBall,Protect||||||50|,,,,,Water]Electabuzz||Eviolite|VitalSpirit|FollowMe,Electroweb,Protect,VoltSwitch|||F|||50|,,,,,Grass]Pelipper||CovertCloak|Drizzle|WideGuard,Tailwind,Protect,WeatherBall|||F|||50|,,,,,Ground]Kingdra||ChoiceSpecs|SwiftSwim|Surf,DracoMeteor,Hurricane,FlipTurn|||F|||50|,,,,,Water]Weavile||FocusSash|Pressure|FakeOut,KnockOff,IceSpinner,LowKick|||M|||50|,,,,,Ghost]Decidueye-Hisui||SitrusBerry|Scrappy|SwordsDance,TripleArrows,LeafBlade,ShadowSneak|||M|||50|,,,,,Ghost
|showteam|p2|Archaludon||AssaultVest|Stamina|ElectroShot,DracoMeteor,BodyPress,FlashCannon|||F|||50|,,,,,Grass]Pelipper||FocusSash|Drizzle|WeatherBall,Hurricane,Tailwind,Protect|||F|||50|,,,,,Ghost]Indeedee||ChoiceScarf|PsychicSurge|ExpandingForce,TeraBlast,Trick,DazzlingGleam|||M|||50|,,,,,Ground]Amoonguss||SitrusBerry|Regenerator|Spore,SludgeBomb,Protect,RagePowder|||M|||50|,,,,,Water]Basculegion||ChoiceBand|SwiftSwim|FlipTurn,WaveCrash,LastRespects,AquaJet|||M|||50|,,,,,Poison]Hydreigon||CovertCloak|Levitate|Taunt,Snarl,DracoMeteor,EarthPower|||M|||50|,,,,,Fairy
|
|t:|1756999158
|teamsize|p1|4
|teamsize|p2|4
|start
|switch|p1a: Electabuzz|Electabuzz, L50, F|100/100
|switch|p1b: Kingdra|Kingdra, L50, F|100/100
|switch|p2a: Piedragon|Hydreigon, L50, M|100/100
|switch|p2b: Schmooner|Amoonguss, L50, M|100/100
|turn|1
|
|t:|1756999171
|move|p1a: Electabuzz|Follow Me|p1a: Electabuzz
|-singleturn|p1a: Electabuzz|move: Follow Me
|move|p2b: Schmooner|Rage Powder|p2b: Schmooner
|-singleturn|p2b: Schmooner|move: Rage Powder
|move|p2a: Piedragon|Snarl|p1a: Electabuzz|[spread] p1a,p1b
|-damage|p1a: Electabuzz|84/100
|-damage|p1b: Kingdra|78/100
|-unboost|p1a: Electabuzz|spa|1
|-unboost|p1b: Kingdra|spa|1
|move|p1b: Kingdra|Draco Meteor|p2b: Schmooner
|-damage|p2b: Schmooner|50/100
|-unboost|p1b: Kingdra|spa|2
|-enditem|p2b: Schmooner|Sitrus Berry|[eat]
|-heal|p2b: Schmooner|75/100|[from] item: Sitrus Berry
|
|upkeep
|turn|2
|
|t:|1756999191
|switch|p1b: Weavile|Weavile, L50, M|100/100
|-ability|p1b: Weavile|Pressure
|move|p1a: Electabuzz|Electroweb|p2b: Schmooner|[spread] p2b
|-miss|p1a: Electabuzz|p2a: Piedragon
|-resisted|p2b: Schmooner
|-damage|p2b: Schmooner|71/100
|-unboost|p2b: Schmooner|spe|1
|move|p2a: Piedragon|Taunt|p1a: Electabuzz
|-start|p1a: Electabuzz|move: Taunt
|move|p2b: Schmooner|Spore|p1b: Weavile
|-status|p1b: Weavile|slp|[from] move: Spore
|
|upkeep
|turn|3
|
|t:|1756999212
|cant|p1b: Weavile|slp
|move|p1a: Electabuzz|Volt Switch|p2a: Piedragon
|-resisted|p2a: Piedragon
|-damage|p2a: Piedragon|92/100
|
|t:|1756999218
|switch|p1a: Kingdra|Kingdra, L50, F|78/100|[from] Volt Switch
|move|p2a: Piedragon|Earth Power|p1b: Weavile
|-damage|p1b: Weavile|59/100 slp
|move|p2b: Schmooner|Sludge Bomb|p1b: Weavile
|-damage|p1b: Weavile|22/100 slp
|
|upkeep
|turn|4
|
|t:|1756999239
|-terastallize|p2b: Schmooner|Water
|move|p2b: Schmooner|Rage Powder|p2b: Schmooner
|-singleturn|p2b: Schmooner|move: Rage Powder
|-curestatus|p1b: Weavile|slp|[msg]
|move|p1b: Weavile|Ice Spinner|p2b: Schmooner
|-resisted|p2b: Schmooner
|-damage|p2b: Schmooner|54/100
|move|p2a: Piedragon|Draco Meteor|p1a: Kingdra|[miss]
|-miss|p2a: Piedragon|p1a: Kingdra
|move|p1a: Kingdra|Draco Meteor|p2b: Schmooner
|-damage|p2b: Schmooner|0 fnt
|-unboost|p1a: Kingdra|spa|2
|faint|p2b: Schmooner
|
|upkeep
|
|t:|1756999253
|switch|p2b: Empire|Basculegion, L50, M|100/100
|turn|5
|
|t:|1756999264
|switch|p1a: Electabuzz|Electabuzz, L50, F|84/100
|move|p2b: Empire|Aqua Jet|p1b: Weavile
|-damage|p1b: Weavile|0 fnt
|faint|p1b: Weavile
|move|p2a: Piedragon|Earth Power|p1a: Electabuzz
|-supereffective|p1a: Electabuzz
|-damage|p1a: Electabuzz|41/100
|
|upkeep
|
|t:|1756999273
|switch|p1b: Gholdengo|Gholdengo, L50|100/100
|turn|6
|
|t:|1756999278
|switch|p2b: Arching|Archaludon, L50, F|100/100
|move|p1a: Electabuzz|Follow Me|p1a: Electabuzz
|-singleturn|p1a: Electabuzz|move: Follow Me
|move|p2a: Piedragon|Snarl|p1b: Gholdengo|[spread] p1a,p1b
|-supereffective|p1b: Gholdengo
|-crit|p1b: Gholdengo
|-damage|p1a: Electabuzz|25/100
|-damage|p1b: Gholdengo|38/100
|-unboost|p1a: Electabuzz|spa|1
|-unboost|p1b: Gholdengo|spa|1
|move|p1b: Gholdengo|Shadow Ball|p2b: Arching
|-damage|p2b: Arching|76/100
|-ability|p2b: Arching|Stamina|boost
|-boost|p2b: Arching|def|1
|-damage|p1b: Gholdengo|28/100|[from] item: Life Orb
|
|upkeep
|turn|7
|
|t:|1756999293
|move|p1a: Electabuzz|Follow Me|p1a: Electabuzz
|-singleturn|p1a: Electabuzz|move: Follow Me
|move|p2a: Piedragon|Snarl|p1b: Gholdengo|[spread] p1a,p1b
|-supereffective|p1b: Gholdengo
|-damage|p1a: Electabuzz|10/100
|-damage|p1b: Gholdengo|0 fnt
|-unboost|p1a: Electabuzz|spa|1
|faint|p1b: Gholdengo
|move|p2b: Arching|Body Press|p1a: Electabuzz
|-damage|p1a: Electabuzz|0 fnt
|faint|p1a: Electabuzz
|
|upkeep
|
|t:|1756999295
|switch|p1b: Kingdra|Kingdra, L50, F|78/100
|turn|8
|
|t:|1756999310
|-terastallize|p1b: Kingdra|Water
|move|p2a: Piedragon|Draco Meteor|p1b: Kingdra
|-damage|p1b: Kingdra|6/100
|-unboost|p2a: Piedragon|spa|2
|move|p1b: Kingdra|Surf|p2b: Arching|[spread] p2a,p2b
|-resisted|p2a: Piedragon
|-resisted|p2b: Arching
|-damage|p2a: Piedragon|63/100
|-damage|p2b: Arching|55/100
|-ability|p2b: Arching|Stamina|boost
|-boost|p2b: Arching|def|1
|move|p2b: Arching|Draco Meteor|p1b: Kingdra
|-damage|p1b: Kingdra|0 fnt
|-unboost|p2b: Arching|spa|2
|faint|p1b: Kingdra
|
|win|lilrainteamwahoo
||ZestyWalrus is ready for game 2.
||lilrainteamwahoo is ready for game 2.
|uhtml|next|Next: Game 2 of 3
|l|☆ZestyWalrus
|player|p1|
