|j|‽xGSx3ntr0py
|j|☆Octoputzi
|html|xGSx3ntr0pyOctoputzi    
|uhtml|bestof|Game 1 of a best-of-3
|t:|1757081674
|gametype|doubles
|player|p1|xGSx3ntr0py|266|1211
|player|p2|Octoputzi|misty|1284
|gen|9
|tier|[Gen 9] VGC 2025 Reg H (Bo3)
|rated|
|rule|Species Clause: Limit one of each Pokémon
|rule|Item Clause: Limit 1 of each item
|clearpoke
|poke|p1|Volcarona, L50, M|
|poke|p1|Rillaboom, L50, F|
|poke|p1|Incineroar, L50, M|
|poke|p1|Smeargle, L50, M|
|poke|p1|Dragapult, L50, M|
|poke|p1|Kingambit, L50, F|
|poke|p2|Archaludon, L50, F|
|poke|p2|Basculegion, L50, M|
|poke|p2|Pelipper, L50, M|
|poke|p2|Amoonguss, L50, M|
|poke|p2|Incineroar, L50, M|
|poke|p2|Gholdengo, L50|
|teampreview|4
|showteam|p1|Volcarona||GrassySeed|FlameBody|FieryDance,GigaDrain,QuiverDance,Protect|||M|||50|,,,,,Grass]Rillaboom||AssaultVest|GrassySurge|FakeOut,GrassyGlide,WoodHammer,Uturn|||F|||50|,,,,,Fire]Incineroar||SafetyGoggles|Intimidate|FakeOut,FlareBlitz,KnockOff,PartingShot|||M|||50|,,,,,Water]Smeargle||FocusSash|Moody|Spore,FollowMe,WideGuard,SpikyShield|||M|||50|,,,,,Ghost]Dragapult||ChoiceBand|ClearBody|SuckerPunch,PhantomForce,Reflect,DragonDarts|||M|||50|,,,,,Dark]Kingambit||DreadPlate|Defiant|SuckerPunch,KowtowCleave,SwordsDance,Protect|||F|||50|,,,,,Dark
|showteam|p2|Archaludon||AssaultVest|Stamina|DracoMeteor,ElectroShot,FlashCannon,BodyPress|||F|||50|,,,,,Bug]Basculegion||ChoiceBand|SwiftSwim|FlipTurn,WaveCrash,AquaJet,LastRespects|||M|||50|,,,,,Water]Pelipper||FocusSash|Drizzle|Hurricane,WeatherBall,Tailwind,Protect|||M|||50|,,,,,Ground]Amoonguss||SitrusBerry|Regenerator|Spore,RagePowder,PollenPuff,Protect|||M|||50|,,,,,Fairy]Incineroar||SafetyGoggles|Intimidate|FakeOut,FlareBlitz,KnockOff,PartingShot|||M|||50|,,,,,Ghost]Gholdengo||LifeOrb|GoodasGold|NastyPlot,MakeItRain,ShadowBall,Protect||||||50|,,,,,Water
|inactive|Battle timer is ON: inactive players will automatically lose when time's up. (requested by Octoputzi)
|
|t:|1757081694
|teamsize|p1|4
|teamsize|p2|4
|start
|switch|p1a: Volcarona|Volcarona, L50, M|100/100
|switch|p1b: Smeargle|Smeargle, L50, M|100/100
|switch|p2a: Basculegion|Basculegion, L50, M, shiny|100/100
|switch|p2b: Pelipper|Pelipper, L50, M|100/100
|-weather|RainDance|[from] ability: Drizzle|[of] p2b: Pelipper
|turn|1
|inactive|Octoputzi has 30 seconds left.
|
|t:|1757081721
|move|p1b: Smeargle|Follow Me|p1b: Smeargle
|-singleturn|p1b: Smeargle|move: Follow Me
|move|p2a: Basculegion|Flip Turn|p1b: Smeargle
|-enditem|p1b: Smeargle|Focus Sash
|-damage|p1b: Smeargle|1/100
|
|t:|1757081728
|switch|p2a: Archaludon|Archaludon, L50, F|100/100|[from] Flip Turn
|move|p1a: Volcarona|Quiver Dance|p1a: Volcarona
|-boost|p1a: Volcarona|spa|1
|-boost|p1a: Volcarona|spd|1
|-boost|p1a: Volcarona|spe|1
|move|p2b: Pelipper|Weather Ball|p1b: Smeargle
|-damage|p1b: Smeargle|0 fnt
|faint|p1b: Smeargle
|
|-weather|RainDance|[upkeep]
|upkeep
|
|t:|1757081744
|switch|p1b: Rillaboom|Rillaboom, L50, F|100/100
|-fieldstart|move: Grassy Terrain|[from] ability: Grassy Surge|[of] p1b: Rillaboom
|-enditem|p1a: Volcarona|Grassy Seed
|-boost|p1a: Volcarona|def|1|[from] item: Grassy Seed
|turn|2
|inactive|Octoputzi has 30 seconds left.
|
|t:|1757081769
|move|p2b: Pelipper|Protect|p2b: Pelipper
|-singleturn|p2b: Pelipper|Protect
|move|p1b: Rillaboom|Fake Out|p2b: Pelipper
|-activate|p2b: Pelipper|move: Protect
|move|p1a: Volcarona|Quiver Dance|p1a: Volcarona
|-boost|p1a: Volcarona|spa|1
|-boost|p1a: Volcarona|spd|1
|-boost|p1a: Volcarona|spe|1
|move|p2a: Archaludon|Electro Shot||[still]
|-prepare|p2a: Archaludon|Electro Shot
|-boost|p2a: Archaludon|spa|1
|-anim|p2a: Archaludon|Electro Shot|p1a: Volcarona
|-damage|p1a: Volcarona|75/100
|
|-weather|RainDance|[upkeep]
|-heal|p1a: Volcarona|82/100|[from] Grassy Terrain
|upkeep
|turn|3
|inactive|Octoputzi has 30 seconds left.
|
|t:|1757081795
|switch|p2b: Amoonguss|Amoonguss, L50, M|100/100
|move|p1b: Rillaboom|Grassy Glide|p2b: Amoonguss
|-resisted|p2b: Amoonguss
|-damage|p2b: Amoonguss|94/100
|move|p1a: Volcarona|Giga Drain|p2b: Amoonguss
|-resisted|p2b: Amoonguss
|-damage|p2b: Amoonguss|80/100
|-heal|p1a: Volcarona|90/100|[from] drain|[of] p2b: Amoonguss
|move|p2a: Archaludon|Electro Shot||[still]
|-prepare|p2a: Archaludon|Electro Shot
|-boost|p2a: Archaludon|spa|1
|-anim|p2a: Archaludon|Electro Shot|p1a: Volcarona
|-damage|p1a: Volcarona|58/100
|
|-weather|RainDance|[upkeep]
|-heal|p1a: Volcarona|64/100|[from] Grassy Terrain
|-heal|p2b: Amoonguss|85/100|[from] Grassy Terrain
|upkeep
|turn|4
|inactive|Octoputzi has 30 seconds left.
|
|t:|1757081823
|move|p1a: Volcarona|Protect|p1a: Volcarona
|-singleturn|p1a: Volcarona|Protect
|move|p2b: Amoonguss|Protect|p2b: Amoonguss
|-singleturn|p2b: Amoonguss|Protect
|move|p2a: Archaludon|Electro Shot||[still]
|-prepare|p2a: Archaludon|Electro Shot
|-boost|p2a: Archaludon|spa|1
|-anim|p2a: Archaludon|Electro Shot|p1b: Rillaboom
|-resisted|p1b: Rillaboom
|-damage|p1b: Rillaboom|62/100
|move|p1b: Rillaboom|U-turn|p2b: Amoonguss
|-activate|p2b: Amoonguss|move: Protect
|
|-weather|RainDance|[upkeep]
|-heal|p1a: Volcarona|70/100|[from] Grassy Terrain
|-heal|p1b: Rillaboom|69/100|[from] Grassy Terrain
|-heal|p2b: Amoonguss|91/100|[from] Grassy Terrain
|upkeep
|turn|5
|inactive|Octoputzi has 30 seconds left.
|
|t:|1757081855
|move|p1b: Rillaboom|Grassy Glide|p2b: Amoonguss
|-resisted|p2b: Amoonguss
|-damage|p2b: Amoonguss|84/100
|move|p1a: Volcarona|Fiery Dance|p2b: Amoonguss
|-supereffective|p2b: Amoonguss
|-damage|p2b: Amoonguss|16/100
|-boost|p1a: Volcarona|spa|1
|-enditem|p2b: Amoonguss|Sitrus Berry|[eat]
|-heal|p2b: Amoonguss|41/100|[from] item: Sitrus Berry
|move|p2a: Archaludon|Draco Meteor|p1a: Volcarona
|-damage|p1a: Volcarona|5/100
|-unboost|p2a: Archaludon|spa|2
|move|p2b: Amoonguss|Pollen Puff|p2a: Archaludon
|
|-weather|none
|-heal|p1a: Volcarona|11/100|[from] Grassy Terrain
|-heal|p1b: Rillaboom|75/100|[from] Grassy Terrain
|-heal|p2b: Amoonguss|47/100|[from] Grassy Terrain
|upkeep
|turn|6
|inactive|Octoputzi has 30 seconds left.
|inactive|xGSx3ntr0py has 30 seconds left.
|inactive|Octoputzi has 20 seconds left.
|
|t:|1757081894
|switch|p2b: Pelipper|Pelipper, L50, M|100/100
|-weather|RainDance|[from] ability: Drizzle|[of] p2b: Pelipper
|move|p1a: Volcarona|Protect|p1a: Volcarona
|-singleturn|p1a: Volcarona|Protect
|move|p2a: Archaludon|Electro Shot||[still]
|-prepare|p2a: Archaludon|Electro Shot
|-boost|p2a: Archaludon|spa|1
|-anim|p2a: Archaludon|Electro Shot|p1a: Volcarona
|-activate|p1a: Volcarona|move: Protect
|move|p1b: Rillaboom|U-turn|p2a: Archaludon
|-resisted|p2a: Archaludon
|-damage|p2a: Archaludon|91/100
|-ability|p2a: Archaludon|Stamina|boost
|-boost|p2a: Archaludon|def|1
|
|t:|1757081907
|switch|p1b: Incineroar|Incineroar, L50, M|100/100|[from] U-turn
|-ability|p1b: Incineroar|Intimidate|boost
|-unboost|p2a: Archaludon|atk|1
|-unboost|p2b: Pelipper|atk|1
|
|-weather|RainDance|[upkeep]
|-heal|p1a: Volcarona|17/100|[from] Grassy Terrain
|-heal|p2a: Archaludon|97/100|[from] Grassy Terrain
|-fieldend|move: Grassy Terrain
|upkeep
|turn|7
|inactive|Octoputzi has 30 seconds left.
|
|t:|1757081933
|move|p1b: Incineroar|Fake Out|p2a: Archaludon
|-resisted|p2a: Archaludon
|-damage|p2a: Archaludon|94/100
|-ability|p2a: Archaludon|Stamina|boost
|-boost|p2a: Archaludon|def|1
|move|p1a: Volcarona|Giga Drain|p2b: Pelipper
|-enditem|p2b: Pelipper|Focus Sash
|-damage|p2b: Pelipper|1/100
|-heal|p1a: Volcarona|52/100|[from] drain|[of] p2b: Pelipper
|cant|p2a: Archaludon|flinch
|move|p2b: Pelipper|Hurricane|p1a: Volcarona
|-supereffective|p1a: Volcarona
|-damage|p1a: Volcarona|8/100
|-start|p1a: Volcarona|confusion
|
|-weather|RainDance|[upkeep]
|upkeep
|turn|8
|-message|xGSx3ntr0py forfeited.
|
|win|Octoputzi
|l|‽xGSx3ntr0py
|player|p1|
||Octoputzi is ready for game 2.
||xGSx3ntr0py is ready for game 2.
|uhtml|next|Next: Game 2 of 3
