|j|☆GrovyleSSJ
|j|☆taengerine
|html|GrovyleSSJtaengerine    
|uhtml|bestof|Game 1 of a best-of-3
|t:|1782595976
|gametype|doubles
|player|p1|GrovyleSSJ|1|1227
|player|p2|taengerine|lady|1324
|gen|9
|tier|[Gen 9 Champions] VGC 2026 Reg M-B (Bo3)
|rated|
|rule|Species Clause: Limit one of each Pokémon
|rule|Item Clause: Limit 1 of each item
|clearpoke
|poke|p1|Gengar, L50, M|
|poke|p1|Incineroar, L50, M|
|poke|p1|Ninetales-Alola, L50, F|
|poke|p1|Dragonite, L50, M|
|poke|p1|Snorlax, L50, M|
|poke|p1|Sneasler, L50, F|
|poke|p2|Mawile, L50, F|
|poke|p2|Farigiraf, L50, M|
|poke|p2|Sinistcha, L50|
|poke|p2|Garchomp, L50, M|
|poke|p2|Incineroar, L50, F|
|poke|p2|Delphox, L50, M|
|teampreview|4
|showteam|p1|Gengar||Gengarite|CursedBody|Protect,PerishSong,SludgeBomb,ShadowBall|Timid||M|||50|]Incineroar||PasshoBerry|Intimidate|FakeOut,PartingShot,FlareBlitz,Protect|Sassy||M|||50|]Ninetales-Alola||FocusSash|SnowWarning|Protect,Encore,Disable,Blizzard|Timid||F|||50|]Dragonite||DragonFang|Multiscale|Protect,LowKick,ExtremeSpeed,DragonClaw|Adamant||M|||50|]Snorlax||Leftovers|ThickFat|Protect,Yawn,Encore,ThunderPunch|Relaxed||M|||50|]Sneasler||WhiteHerb|Unburden|Protect,FakeOut,CloseCombat,DireClaw|Adamant||F|||50|
|showteam|p2|Mawile||Mawilite|HyperCutter|PlayRough,SwordsDance,SuckerPunch,Protect|Brave||F|||50|]Farigiraf||SitrusBerry|ArmorTail|Psychic,HelpingHand,TrickRoom,Thunderbolt|Quiet||M|||50|]Sinistcha||OccaBerry|Hospitality|MatchaGotcha,RagePowder,LifeDew,Protect|Bold|||||50|]Garchomp||LifeOrb|RoughSkin|StompingTantrum,RockSlide,DragonClaw,Protect|Adamant||M|||50|]Incineroar||PasshoBerry|Intimidate|FlareBlitz,FakeOut,ThroatChop,PartingShot|Careful||F|||50|]Delphox||Delphoxite|Blaze|HeatWave,Psychic,NastyPlot,Protect|Timid||M|||50|
|inactive|Battle timer is ON: inactive players will automatically lose when time's up. (requested by taengerine)
|inactive|GrovyleSSJ has 60 seconds left.
|inactive|taengerine has 60 seconds left.
|inactive|GrovyleSSJ has 30 seconds left.
|inactive|taengerine has 30 seconds left.
|inactive|taengerine has 20 seconds left.
|
|t:|1782596050
|teamsize|p1|4
|teamsize|p2|4
|start
|switch|p1a: Snorlax|Snorlax, L50, M|100/100
|switch|p1b: Dragonite|Dragonite, L50, M|100/100
|switch|p2a: Delphox|Delphox, L50, M|100/100
|switch|p2b: Garchomp|Garchomp, L50, M|100/100
|turn|1
|inactive|GrovyleSSJ has 30 seconds left.
|
|t:|1782596076
|switch|p1b: Incineroar|Incineroar, L50, M|100/100
|-ability|p1b: Incineroar|Intimidate|boost
|-unboost|p2a: Delphox|atk|1
|-unboost|p2b: Garchomp|atk|1
|detailschange|p2a: Delphox|Delphox-Mega, L50, M
|-mega|p2a: Delphox|Delphox|Delphoxite
|move|p2a: Delphox|Nasty Plot|p2a: Delphox
|-boost|p2a: Delphox|spa|2
|move|p2b: Garchomp|Dragon Claw|p1b: Incineroar
|-damage|p1b: Incineroar|67/100
|-damage|p2b: Garchomp|90/100|[from] item: Life Orb
|move|p1a: Snorlax|Yawn|p2a: Delphox
|-start|p2a: Delphox|move: Yawn|[of] p1a: Snorlax
|
|upkeep
|turn|2
|inactive|GrovyleSSJ has 30 seconds left.
|
|t:|1782596110
|switch|p2a: Incineroar|Incineroar, L50, F|100/100
|-ability|p2a: Incineroar|Intimidate|boost
|-unboost|p1a: Snorlax|atk|1
|-unboost|p1b: Incineroar|atk|1
|move|p2b: Garchomp|Stomping Tantrum|p1b: Incineroar
|-supereffective|p1b: Incineroar|1
|-damage|p1b: Incineroar|11/100
|-damage|p2b: Garchomp|80/100|[from] item: Life Orb
|move|p1b: Incineroar|Parting Shot|p2a: Incineroar
|-unboost|p2a: Incineroar|atk|1
|-unboost|p2a: Incineroar|spa|1
|
|t:|1782596126
|switch|p1b: Gengar|Gengar, L50, M|100/100|[from] Parting Shot
|move|p1a: Snorlax|Yawn|p2b: Garchomp
|-start|p2b: Garchomp|move: Yawn|[of] p1a: Snorlax
|
|upkeep
|turn|3
|
|t:|1782596143
|switch|p1a: Incineroar|Incineroar, L50, M|11/100
|-ability|p1a: Incineroar|Intimidate|boost
|-unboost|p2a: Incineroar|atk|1
|-unboost|p2b: Garchomp|atk|1
|detailschange|p1b: Gengar|Gengar-Mega, L50, M
|-mega|p1b: Gengar|Gengar|Gengarite
|move|p1b: Gengar|Protect|p1b: Gengar
|-singleturn|p1b: Gengar|Protect
|move|p2b: Garchomp|Stomping Tantrum|p1b: Gengar
|-activate|p1b: Gengar|move: Protect
|move|p2a: Incineroar|Parting Shot|p1b: Gengar
|-activate|p1b: Gengar|move: Protect
|
|-end|p2b: Garchomp|move: Yawn|[silent]
|-status|p2b: Garchomp|slp
|upkeep
|turn|4
|inactive|GrovyleSSJ has 30 seconds left.
|inactive|GrovyleSSJ has 20 seconds left.
|inactive|GrovyleSSJ has 15 seconds left.
|
|t:|1782596185
|move|p1a: Incineroar|Fake Out|p2a: Incineroar
|-damage|p2a: Incineroar|90/100
|move|p1b: Gengar|Perish Song|p1b: Gengar
|-start|p1a: Incineroar|perish3|[silent]
|-start|p1b: Gengar|perish3|[silent]
|-start|p2a: Incineroar|perish3|[silent]
|-start|p2b: Garchomp|perish3|[silent]
|-fieldactivate|move: Perish Song
|cant|p2b: Garchomp|slp
|cant|p2a: Incineroar|flinch
|
|-start|p1b: Gengar|perish3
|-start|p2b: Garchomp|perish3
|-start|p2a: Incineroar|perish3
|-start|p1a: Incineroar|perish3
|upkeep
|turn|5
|
|t:|1782596200
|move|p1b: Gengar|Protect|p1b: Gengar
|-singleturn|p1b: Gengar|Protect
|move|p1a: Incineroar|Protect|p1a: Incineroar
|-singleturn|p1a: Incineroar|Protect
|cant|p2b: Garchomp|slp
|move|p2a: Incineroar|Parting Shot|p2b: Garchomp
|-unboost|p2b: Garchomp|atk|1
|-unboost|p2b: Garchomp|spa|1
|inactive|taengerine has 30 seconds left.
|
|t:|1782596227
|switch|p2a: Delphox|Delphox-Mega, L50, M|100/100|[from] Parting Shot
|
|-start|p1b: Gengar|perish2
|-start|p2b: Garchomp|perish2
|-start|p1a: Incineroar|perish2
|upkeep
|turn|6
|
|t:|1782596240
|switch|p1b: Snorlax|Snorlax, L50, M|100/100
|move|p2a: Delphox|Psychic|p1b: Snorlax
|-damage|p1b: Snorlax|70/100
|-curestatus|p2b: Garchomp|slp|[msg]
|move|p2b: Garchomp|Stomping Tantrum|p1a: Incineroar
|-supereffective|p1a: Incineroar|1
|-damage|p1a: Incineroar|0 fnt
|faint|p1a: Incineroar
|-damage|p2b: Garchomp|71/100|[from] item: Life Orb
|
|-heal|p1b: Snorlax|76/100|[from] item: Leftovers
|-start|p2b: Garchomp|perish1
|upkeep
|
|t:|1782596255
|switch|p1a: Gengar|Gengar-Mega, L50, M|100/100
|turn|7
|
|t:|1782596270
|move|p2a: Delphox|Protect|p2a: Delphox
|-singleturn|p2a: Delphox|Protect
|move|p1a: Gengar|Protect|p1a: Gengar
|-singleturn|p1a: Gengar|Protect
|move|p2b: Garchomp|Stomping Tantrum|p1a: Gengar
|-activate|p1a: Gengar|move: Protect
|move|p1b: Snorlax|Yawn|p2a: Delphox
|-activate|p2a: Delphox|move: Protect
|
|-heal|p1b: Snorlax|82/100|[from] item: Leftovers
|-start|p2b: Garchomp|perish0
|faint|p2b: Garchomp
|upkeep
|
|t:|1782596278
|switch|p2b: Incineroar|Incineroar, L50, F|90/100
|-ability|p2b: Incineroar|Intimidate|boost
|-unboost|p1a: Gengar|atk|1
|-unboost|p1b: Snorlax|atk|1
|turn|8
|inactive|GrovyleSSJ has 30 seconds left.
|
|t:|1782596307
|move|p2b: Incineroar|Fake Out|p1b: Snorlax
|-damage|p1b: Snorlax|76/100
|move|p2a: Delphox|Psychic|p1a: Gengar
|-supereffective|p1a: Gengar|1
|-damage|p1a: Gengar|0 fnt
|faint|p1a: Gengar
|cant|p1b: Snorlax|flinch
|
|-heal|p1b: Snorlax|82/100|[from] item: Leftovers
|upkeep
|
|t:|1782596312
|switch|p1a: Dragonite|Dragonite, L50, M|100/100
|turn|9
|
|t:|1782596337
|move|p2a: Delphox|Psychic|p1a: Dragonite
|-damage|p1a: Dragonite|78/100
|move|p1a: Dragonite|Low Kick|p2b: Incineroar
|-supereffective|p2b: Incineroar|1
|-damage|p2b: Incineroar|34/100
|move|p2b: Incineroar|Parting Shot|p1a: Dragonite
|-unboost|p1a: Dragonite|atk|1
|-unboost|p1a: Dragonite|spa|1
|
|t:|1782596343
|switch|p2b: Farigiraf|Farigiraf, L50, M|100/100|[from] Parting Shot
|move|p1b: Snorlax|Yawn|p2b: Farigiraf
|-start|p2b: Farigiraf|move: Yawn|[of] p1b: Snorlax
|
|-heal|p1b: Snorlax|88/100|[from] item: Leftovers
|upkeep
|turn|10
|
|t:|1782596355
|switch|p2b: Incineroar|Incineroar, L50, F|34/100
|-ability|p2b: Incineroar|Intimidate|boost
|-unboost|p1a: Dragonite|atk|1
|-unboost|p1b: Snorlax|atk|1
|move|p2a: Delphox|Psychic|p1a: Dragonite
|-damage|p1a: Dragonite|34/100
|move|p1a: Dragonite|Dragon Claw|p2a: Delphox
|-damage|p2a: Delphox|64/100
|move|p1b: Snorlax|Yawn|p2b: Incineroar
|-start|p2b: Incineroar|move: Yawn|[of] p1b: Snorlax
|
|-heal|p1b: Snorlax|94/100|[from] item: Leftovers
|upkeep
|turn|11
|inactive|taengerine has 30 seconds left.
|
|t:|1782596382
|switch|p2b: Farigiraf|Farigiraf, L50, M|100/100
|move|p2a: Delphox|Psychic|p1a: Dragonite
|-damage|p1a: Dragonite|0 fnt
|faint|p1a: Dragonite
|move|p1b: Snorlax|Thunder Punch|p2a: Delphox
|-damage|p2a: Delphox|51/100
|
|-heal|p1b: Snorlax|100/100|[from] item: Leftovers
|upkeep
|turn|12
|
|t:|1782596396
|switch|p2b: Incineroar|Incineroar, L50, F|34/100
|-ability|p2b: Incineroar|Intimidate|boost
|-unboost|p1b: Snorlax|atk|1
|move|p2a: Delphox|Psychic|p1b: Snorlax
|-damage|p1b: Snorlax|68/100
|move|p1b: Snorlax|Thunder Punch|p2a: Delphox
|-damage|p2a: Delphox|42/100
|
|-heal|p1b: Snorlax|74/100|[from] item: Leftovers
|upkeep
|turn|13
|
|t:|1782596406
|move|p1b: Snorlax|Protect|p1b: Snorlax
|-singleturn|p1b: Snorlax|Protect
|move|p2b: Incineroar|Fake Out|p1b: Snorlax
|-activate|p1b: Snorlax|move: Protect
|move|p2a: Delphox|Nasty Plot|p2a: Delphox
|-boost|p2a: Delphox|spa|2
|
|-heal|p1b: Snorlax|80/100|[from] item: Leftovers
|upkeep
|turn|14
|
|t:|1782596413
|move|p2a: Delphox|Psychic|p1b: Snorlax
|-damage|p1b: Snorlax|25/100
|move|p2b: Incineroar|Parting Shot|p1b: Snorlax
|-unboost|p1b: Snorlax|atk|1
|-unboost|p1b: Snorlax|spa|1
|
|t:|1782596417
|switch|p2b: Farigiraf|Farigiraf, L50, M|100/100|[from] Parting Shot
|move|p1b: Snorlax|Yawn|p2a: Delphox
|-start|p2a: Delphox|move: Yawn|[of] p1b: Snorlax
|
|-heal|p1b: Snorlax|31/100|[from] item: Leftovers
|upkeep
|turn|15
|
|t:|1782596427
|switch|p2a: Incineroar|Incineroar, L50, F|34/100
|-ability|p2a: Incineroar|Intimidate|boost
|-unboost|p1b: Snorlax|atk|1
|move|p1b: Snorlax|Protect|p1b: Snorlax
|-singleturn|p1b: Snorlax|Protect
|move|p2b: Farigiraf|Psychic|p1b: Snorlax
|-activate|p1b: Snorlax|move: Protect
|
|-heal|p1b: Snorlax|37/100|[from] item: Leftovers
|upkeep
|turn|16
|
|t:|1782596439
|move|p2b: Farigiraf|Helping Hand|p2a: Incineroar
|-singleturn|p2a: Incineroar|Helping Hand|[of] p2b: Farigiraf
|move|p2a: Incineroar|Flare Blitz|p1b: Snorlax
|-damage|p1b: Snorlax|15/100
|-damage|p2a: Incineroar|24/100|[from] Recoil
|move|p1b: Snorlax|Thunder Punch|p2a: Incineroar
|-damage|p2a: Incineroar|19/100
|
|-heal|p1b: Snorlax|21/100|[from] item: Leftovers
|upkeep
|turn|17
|
|t:|1782596450
|move|p2b: Farigiraf|Helping Hand|p2a: Incineroar
|-singleturn|p2a: Incineroar|Helping Hand|[of] p2b: Farigiraf
|move|p1b: Snorlax|Protect|p1b: Snorlax
|-singleturn|p1b: Snorlax|Protect
|move|p2a: Incineroar|Throat Chop|p1b: Snorlax
|-activate|p1b: Snorlax|move: Protect
|
|-heal|p1b: Snorlax|27/100|[from] item: Leftovers
|upkeep
|turn|18
|
|t:|1782596457
|move|p2b: Farigiraf|Helping Hand|p2a: Incineroar
|-singleturn|p2a: Incineroar|Helping Hand|[of] p2b: Farigiraf
|move|p2a: Incineroar|Throat Chop|p1b: Snorlax
|-damage|p1b: Snorlax|0 fnt
|faint|p1b: Snorlax
|
|win|taengerine
||taengerine is ready for game 2.
||GrovyleSSJ is ready for game 2.
|uhtml|next|Next: Game 2 of 3
|l|☆GrovyleSSJ
|player|p1|
