|j|☆guillelona
|j|☆elitetweet
|html|guillelonaelitetweet    
|uhtml|bestof|Game 2 of a best-of-3
|t:|1784987999
|gametype|doubles
|player|p1|guillelona|2|1132
|player|p2|elitetweet|korrina|1158
|gen|9
|tier|[Gen 9 Champions] VGC 2026 Reg M-B (Bo3)
|rated|
|rule|Species Clause: Limit one of each Pokémon
|rule|Item Clause: Limit 1 of each item
|clearpoke
|poke|p1|Vivillon-Tundra, L50, M|
|poke|p1|Mawile, L50, F|
|poke|p1|Torkoal, L50, F|
|poke|p1|Farigiraf, L50, F|
|poke|p1|Garchomp, L50, M|
|poke|p1|Raichu, L50, F|
|poke|p2|Aerodactyl, L50, M|
|poke|p2|Rotom-Wash, L50, shiny|
|poke|p2|Garchomp, L50, M|
|poke|p2|Sneasler, L50, F|
|poke|p2|Incineroar, L50, F|
|poke|p2|Floette-Eternal, L50, F|
|teampreview|4
|showteam|p1|Vivillon-Tundra||FocusSash|CompoundEyes|Hurricane,SleepPowder,RagePowder,Protect|Timid||M|||50|]Mawile||Mawilite|Intimidate|PlayRough,RockSlide,SuckerPunch,Protect|Adamant||F|||50|]Torkoal||Charcoal|Drought|Eruption,WeatherBall,Protect,EarthPower|Quiet||F|||50|]Farigiraf||SitrusBerry|ArmorTail|Psychic,Thunderbolt,TrickRoom,HelpingHand|Relaxed||F|||50|]Garchomp||LifeOrb|RoughSkin|DragonClaw,Earthquake,RockSlide,Protect|Jolly||M|||50|]Raichu||RaichuniteY|LightningRod|ZapCannon,FocusBlast,FakeOut,Protect|Timid||F|||50|
|showteam|p2|Aerodactyl||FocusSash|Unnerve|RockSlide,DualWingbeat,WideGuard,Tailwind|Jolly||M|||50|]Rotom-Wash||ChoiceScarf|Levitate|HydroPump,Electroweb,WillOWisp,Thunderbolt|Timid|||||50|]Garchomp||LifeOrb|RoughSkin|StompingTantrum,DragonClaw,RockSlide,Protect|Jolly||M|||50|]Sneasler||WhiteHerb|Unburden|FakeOut,DireClaw,CloseCombat,Coaching|Adamant||F|||50|]Incineroar||SitrusBerry|Intimidate|FakeOut,FlareBlitz,DarkestLariat,PartingShot|Adamant||F|||50|]Floette-Eternal||Floettite|FlowerVeil|DazzlingGleam,DrainingKiss,CalmMind,Protect|Modest||F|||50|
|inactive|Battle timer is ON: inactive players will automatically lose when time's up. (requested by elitetweet)
|inactive|guillelona has 60 seconds left.
|inactive|elitetweet has 60 seconds left.
|inactive|guillelona has 30 seconds left.
|
|t:|1784988065
|teamsize|p1|4
|teamsize|p2|4
|start
|switch|p1a: Farigiraf|Farigiraf, L50, F|100/100
|switch|p1b: Garchomp|Garchomp, L50, M|100/100
|switch|p2a: Floette|Floette-Eternal, L50, F|100/100
|switch|p2b: gesundheit|Sneasler, L50, F|100/100
|turn|1
|inactive|elitetweet has 30 seconds left.
|inactive|elitetweet has 20 seconds left.
|inactive|elitetweet has 15 seconds left.
|inactive|elitetweet has 10 seconds left.
|
|t:|1784988110
|detailschange|p2a: Floette|Floette-Mega, L50, F
|-mega|p2a: Floette|Floette|Floettite
|-ability|p2a: Floette|Fairy Aura
|move|p2b: gesundheit|Close Combat|p1a: Farigiraf
|-damage|p1a: Farigiraf|52/100
|-unboost|p2b: gesundheit|def|1
|-unboost|p2b: gesundheit|spd|1
|-enditem|p2b: gesundheit|White Herb
|-clearnegativeboost|p2b: gesundheit|[silent]
|move|p1b: Garchomp|Rock Slide|p2b: gesundheit|[spread] p2a,p2b
|-resisted|p2b: gesundheit|1
|-damage|p2a: Floette|73/100
|-damage|p2b: gesundheit|80/100
|-damage|p1b: Garchomp|90/100|[from] item: Life Orb
|cant|p2a: Floette|flinch
|move|p1a: Farigiraf|Trick Room|p1a: Farigiraf
|-fieldstart|move: Trick Room|[of] p1a: Farigiraf
|
|upkeep
|turn|2
|
|t:|1784988134
|switch|p2b: John Cenaroar|Incineroar, L50, F|100/100
|-ability|p2b: John Cenaroar|Intimidate|boost
|-unboost|p1a: Farigiraf|atk|1
|-unboost|p1b: Garchomp|atk|1
|move|p2a: Floette|Protect|p2a: Floette
|-singleturn|p2a: Floette|Protect
|move|p1a: Farigiraf|Psychic|p2b: John Cenaroar
|-immune|p2b: John Cenaroar
|move|p1b: Garchomp|Rock Slide|p2a: Floette|[spread] p2b
|-activate|p2a: Floette|move: Protect
|-supereffective|p2b: John Cenaroar|1
|-damage|p2b: John Cenaroar|69/100
|-damage|p1b: Garchomp|80/100|[from] item: Life Orb
|
|upkeep
|turn|3
|
|t:|1784988153
|move|p1a: Farigiraf|Psychic|p2b: John Cenaroar
|-immune|p2b: John Cenaroar
|move|p2b: John Cenaroar|Darkest Lariat|p1a: Farigiraf
|-supereffective|p1a: Farigiraf|1
|-damage|p1a: Farigiraf|0 fnt
|faint|p1a: Farigiraf
|move|p2a: Floette|Draining Kiss|p1b: Garchomp
|-supereffective|p1b: Garchomp|1
|-damage|p1b: Garchomp|0 fnt
|-heal|p2a: Floette|100/100|[from] drain|[of] p1b: Garchomp
|-damage|p2a: Floette|87/100|[from] ability: Rough Skin|[of] p1b: Garchomp
|faint|p1b: Garchomp
|
|upkeep
|
|t:|1784988161
|switch|p1a: Torkoal|Torkoal, L50, F|100/100
|switch|p1b: Mawile|Mawile, L50, F|100/100
|-weather|SunnyDay|[from] ability: Drought|[of] p1a: Torkoal
|-ability|p1b: Mawile|Intimidate|boost
|-unboost|p2a: Floette|atk|1
|-unboost|p2b: John Cenaroar|atk|1
|turn|4
|
|t:|1784988182
|switch|p2b: gesundheit|Sneasler, L50, F|80/100
|detailschange|p1b: Mawile|Mawile-Mega, L50, F
|-mega|p1b: Mawile|Mawile|Mawilite
|move|p1a: Torkoal|Eruption|p2b: gesundheit|[spread] p2a,p2b
|-damage|p2a: Floette|15/100
|-damage|p2b: gesundheit|0 fnt
|faint|p2b: gesundheit
|move|p1b: Mawile|Rock Slide|p2a: Floette
|-damage|p2a: Floette|0 fnt
|faint|p2a: Floette
|
|-weather|SunnyDay|[upkeep]
|upkeep
|
|t:|1784988191
|switch|p2a: John Cenaroar|Incineroar, L50, F|69/100
|switch|p2b: Garchomp|Garchomp, L50, M|100/100
|-ability|p2a: John Cenaroar|Intimidate|boost
|-unboost|p1a: Torkoal|atk|1
|-unboost|p1b: Mawile|atk|1
|turn|5
|
|t:|1784988206
|move|p1a: Torkoal|Protect|p1a: Torkoal
|-singleturn|p1a: Torkoal|Protect
|move|p2b: Garchomp|Protect|p2b: Garchomp
|-singleturn|p2b: Garchomp|Protect
|move|p2a: John Cenaroar|Fake Out|p1b: Mawile
|-resisted|p1b: Mawile|1
|-damage|p1b: Mawile|94/100
|cant|p1b: Mawile|flinch
|
|-weather|SunnyDay|[upkeep]
|-fieldend|move: Trick Room
|upkeep
|turn|6
|
|t:|1784988225
|move|p1b: Mawile|Protect|p1b: Mawile
|-singleturn|p1b: Mawile|Protect
|move|p2b: Garchomp|Stomping Tantrum|p1a: Torkoal
|-supereffective|p1a: Torkoal|1
|-damage|p1a: Torkoal|16/100
|-damage|p2b: Garchomp|90/100|[from] item: Life Orb
|move|p2a: John Cenaroar|Flare Blitz|p1b: Mawile
|-activate|p1b: Mawile|move: Protect
|move|p1a: Torkoal|Earth Power|p2b: Garchomp
|-crit|p2b: Garchomp
|-damage|p2b: Garchomp|49/100
|-unboost|p2b: Garchomp|spd|1
|
|-weather|SunnyDay|[upkeep]
|upkeep
|turn|7
|
|t:|1784988242
|move|p1b: Mawile|Sucker Punch|p2b: Garchomp
|-damage|p2b: Garchomp|18/100
|-damage|p1b: Mawile|82/100|[from] ability: Rough Skin|[of] p2b: Garchomp
|move|p2b: Garchomp|Stomping Tantrum|p1a: Torkoal
|-supereffective|p1a: Torkoal|1
|-damage|p1a: Torkoal|0 fnt
|faint|p1a: Torkoal
|-damage|p2b: Garchomp|9/100|[from] item: Life Orb
|move|p2a: John Cenaroar|Flare Blitz|p1b: Mawile
|-supereffective|p1b: Mawile|1
|-damage|p1b: Mawile|0 fnt
|faint|p1b: Mawile
|-damage|p2a: John Cenaroar|48/100|[from] Recoil
|-enditem|p2a: John Cenaroar|Sitrus Berry|[eat]
|-heal|p2a: John Cenaroar|72/100|[from] item: Sitrus Berry
|
|win|elitetweet
||guillelona is ready for game 3.
||elitetweet is ready for game 3.
|uhtml|next|Next: Game 3 of 3
|l|☆elitetweet
|player|p2|
