|j|☆caarlos.g_7
|j|☆Tendo Pain(Nagato)
|html|caarlos.g_7Tendo Pain(Nagato)    
|uhtml|bestof|Game 3 of a best-of-3
|t:|1782208919
|gametype|doubles
|player|p1|caarlos.g_7|grimsley|1125
|player|p2|Tendo Pain(Nagato)|bruno|1141
|gen|9
|tier|[Gen 9 Champions] VGC 2026 Reg M-B (Bo3)
|rated|
|rule|Species Clause: Limit one of each Pokémon
|rule|Item Clause: Limit 1 of each item
|clearpoke
|poke|p1|Charizard, L50, F, shiny|
|poke|p1|Whimsicott, L50, M|
|poke|p1|Garchomp, L50, M|
|poke|p1|Gholdengo, L50|
|poke|p1|Kangaskhan, L50, F|
|poke|p1|Incineroar, L50, F, shiny|
|poke|p2|Swampert, L50, F|
|poke|p2|Politoed, L50, F|
|poke|p2|Sinistcha-Masterpiece, L50|
|poke|p2|Archaludon, L50, M, shiny|
|poke|p2|Sableye, L50, M|
|poke|p2|Metagross, L50|
|teampreview|4
|showteam|p1|Charizard||CharizarditeY|Blaze|WeatherBall,HeatWave,SolarBeam,Protect|Modest||F|||50|]Whimsicott||FocusSash|Prankster|Moonblast,Tailwind,Encore,Protect|Timid||M|||50|]Garchomp||LifeOrb|RoughSkin|Earthquake,DragonClaw,RockSlide,Protect|Jolly||M|||50|]Gholdengo||SpellTag|GoodasGold|MakeItRain,ShadowBall,NastyPlot,Protect|Modest|||||50|]Kangaskhan||Kangaskhanite|Scrappy|DoubleEdge,IcePunch,LowKick,FakeOut|Adamant||F|||50|]Incineroar||SitrusBerry|Intimidate|FlareBlitz,ThroatChop,PartingShot,FakeOut|Careful||F|||50|
|showteam|p2|Swampert||Swampertite|Torrent|Protect,WaveCrash,Earthquake,FlipTurn|Adamant||F|||50|]Politoed||SitrusBerry|Drizzle|Protect,WeatherBall,PerishSong,Haze|Calm||F|||50|]Sinistcha-Masterpiece||KasibBerry|Hospitality|RagePowder,Protect,MatchaGotcha,LifeDew|Bold|||||50|]Archaludon||Leftovers|Stamina|ElectroShot,DragonPulse,FlashCannon,Protect|Bold||M|||50|]Sableye||LightClay|Prankster|LightScreen,Reflect,WillOWisp,RainDance|Bold||M|||50|]Metagross||Metagrossite|ClearBody|MeteorMash,PsychicFangs,Protect,Substitute|Adamant|||||50|
|inactive|Battle timer is ON: inactive players will automatically lose when time's up. (requested by caarlos.g_7)
|
|t:|1782208934
|teamsize|p1|4
|teamsize|p2|4
|start
|switch|p1a: Whimsicott|Whimsicott, L50, M|100/100
|switch|p1b: Charizard|Charizard, L50, F, shiny|100/100
|switch|p2a: Sableye|Sableye, L50, M|100/100
|switch|p2b: Archaludon|Archaludon, L50, M, shiny|100/100
|turn|1
|inactive|caarlos.g_7 has 30 seconds left.
|
|t:|1782208963
|detailschange|p1b: Charizard|Charizard-Mega-Y, L50, F, shiny
|-mega|p1b: Charizard|Charizard|Charizardite Y
|-weather|SunnyDay|[from] ability: Drought|[of] p1b: Charizard
|move|p2a: Sableye|Light Screen|p2a: Sableye
|-sidestart|p2: Tendo Pain(Nagato)|move: Light Screen
|move|p1a: Whimsicott|Moonblast|p2a: Sableye
|-supereffective|p2a: Sableye|1
|-damage|p2a: Sableye|41/100
|move|p1b: Charizard|Weather Ball|p2b: Archaludon
|-damage|p2b: Archaludon|27/100
|-ability|p2b: Archaludon|Stamina|boost
|-boost|p2b: Archaludon|def|1
|move|p2b: Archaludon|Flash Cannon|p1a: Whimsicott
|-supereffective|p1a: Whimsicott|1
|-enditem|p1a: Whimsicott|Focus Sash
|-damage|p1a: Whimsicott|1/100
|
|-weather|SunnyDay|[upkeep]
|-heal|p2b: Archaludon|34/100|[from] item: Leftovers
|upkeep
|turn|2
|
|t:|1782208982
|switch|p1b: Gholdengo|Gholdengo, L50|100/100
|move|p1a: Whimsicott|Tailwind|p1a: Whimsicott
|-sidestart|p1: caarlos.g_7|move: Tailwind
|move|p2a: Sableye|Rain Dance|p2a: Sableye
|-weather|RainDance
|move|p2b: Archaludon|Electro Shot||[still]
|-prepare|p2b: Archaludon|Electro Shot
|-boost|p2b: Archaludon|spa|1
|-anim|p2b: Archaludon|Electro Shot|p1b: Gholdengo
|-damage|p1b: Gholdengo|52/100
|
|-weather|RainDance|[upkeep]
|-heal|p2b: Archaludon|40/100|[from] item: Leftovers
|upkeep
|turn|3
|
|t:|1782209009
|switch|p2a: Politoed|Politoed, L50, F|100/100
|move|p1a: Whimsicott|Moonblast|p2b: Archaludon
|-damage|p2b: Archaludon|11/100
|-ability|p2b: Archaludon|Stamina|boost
|-boost|p2b: Archaludon|def|1
|move|p1b: Gholdengo|Shadow Ball|p2b: Archaludon
|-damage|p2b: Archaludon|0 fnt
|faint|p2b: Archaludon
|
|-weather|RainDance|[upkeep]
|upkeep
|
|t:|1782209014
|switch|p2b: Sableye|Sableye, L50, M|41/100
|turn|4
|
|t:|1782209034
|switch|p1a: Kangaskhan|Kangaskhan, L50, F|100/100
|move|p2b: Sableye|Will-O-Wisp|p1a: Kangaskhan
|-status|p1a: Kangaskhan|brn
|move|p1b: Gholdengo|Shadow Ball|p2b: Sableye
|-damage|p2b: Sableye|3/100
|move|p2a: Politoed|Weather Ball|p1b: Gholdengo
|-damage|p1b: Gholdengo|8/100
|
|-weather|RainDance|[upkeep]
|-damage|p1a: Kangaskhan|94/100 brn|[from] brn
|upkeep
|turn|5
|
|t:|1782209054
|switch|p2b: Swampert|Swampert, L50, F|100/100
|move|p2a: Politoed|Protect|p2a: Politoed
|-singleturn|p2a: Politoed|Protect
|move|p1a: Kangaskhan|Fake Out|p2b: Swampert
|-damage|p2b: Swampert|92/100
|move|p1b: Gholdengo|Shadow Ball|p2b: Swampert
|-damage|p2b: Swampert|61/100
|
|-weather|RainDance|[upkeep]
|-damage|p1a: Kangaskhan|88/100 brn|[from] brn
|-sideend|p1: caarlos.g_7|move: Tailwind
|upkeep
|turn|6
|
|t:|1782209074
|detailschange|p2b: Swampert|Swampert-Mega, L50, F
|-mega|p2b: Swampert|Swampert|Swampertite
|move|p1b: Gholdengo|Protect|p1b: Gholdengo
|-singleturn|p1b: Gholdengo|Protect
|move|p2b: Swampert|Flip Turn|p1b: Gholdengo
|-activate|p1b: Gholdengo|move: Protect
|move|p1a: Kangaskhan|Double-Edge|p2b: Swampert
|-damage|p2b: Swampert|42/100
|-damage|p1a: Kangaskhan|81/100 brn|[from] Recoil
|move|p2a: Politoed|Weather Ball|p1a: Kangaskhan
|-damage|p1a: Kangaskhan|25/100 brn
|
|-weather|none
|-damage|p1a: Kangaskhan|20/100y brn|[from] brn
|upkeep
|turn|7
|
|t:|1782209094
|move|p2a: Politoed|Protect|p2a: Politoed
|-singleturn|p2a: Politoed|Protect
|move|p1a: Kangaskhan|Double-Edge|p2a: Politoed
|-activate|p2a: Politoed|move: Protect
|move|p2b: Swampert|Earthquake|p1b: Gholdengo|[spread] p1a,p1b
|-activate|p2a: Politoed|move: Protect
|-supereffective|p1b: Gholdengo|1
|-damage|p1a: Kangaskhan|0 fnt
|-damage|p1b: Gholdengo|0 fnt
|faint|p1a: Kangaskhan
|faint|p1b: Gholdengo
|
|upkeep
|
|t:|1782209102
|switch|p1a: Charizard|Charizard-Mega-Y, L50, F, shiny|100/100
|switch|p1b: Whimsicott|Whimsicott, L50, M|1/100
|-weather|SunnyDay|[from] ability: Drought|[of] p1a: Charizard
|turn|8
|inactive|Tendo Pain(Nagato) has 30 seconds left.
|
|t:|1782209131
|move|p2b: Swampert|Protect|p2b: Swampert
|-singleturn|p2b: Swampert|Protect
|move|p1b: Whimsicott|Tailwind|p1b: Whimsicott
|-sidestart|p1: caarlos.g_7|move: Tailwind
|move|p1a: Charizard|Heat Wave|p2a: Politoed|[spread] p2a
|-activate|p2b: Swampert|move: Protect
|-resisted|p2a: Politoed|1
|-damage|p2a: Politoed|83/100
|move|p2a: Politoed|Perish Song|p2a: Politoed
|-start|p1a: Charizard|perish3|[silent]
|-start|p1b: Whimsicott|perish3|[silent]
|-start|p2a: Politoed|perish3|[silent]
|-start|p2b: Swampert|perish3|[silent]
|-fieldactivate|move: Perish Song
|
|-weather|SunnyDay|[upkeep]
|-start|p1b: Whimsicott|perish3
|-start|p1a: Charizard|perish3
|-start|p2b: Swampert|perish3
|-start|p2a: Politoed|perish3
|-sideend|p2: Tendo Pain(Nagato)|move: Light Screen
|upkeep
|turn|9
|
|t:|1782209154
|move|p2a: Politoed|Protect|p2a: Politoed
|-singleturn|p2a: Politoed|Protect
|move|p1b: Whimsicott|Encore|p2b: Swampert
|-start|p2b: Swampert|Encore
|move|p2b: Swampert|Protect|p2b: Swampert
|-singleturn|p2b: Swampert|Protect
|move|p1a: Charizard|Solar Beam||[still]
|-prepare|p1a: Charizard|Solar Beam
|-anim|p1a: Charizard|Solar Beam|p2a: Politoed
|-activate|p2a: Politoed|move: Protect
|
|-weather|SunnyDay|[upkeep]
|-start|p1b: Whimsicott|perish2
|-start|p1a: Charizard|perish2
|-start|p2b: Swampert|perish2
|-start|p2a: Politoed|perish2
|upkeep
|turn|10
|
|t:|1782209169
|switch|p2a: Sableye|Sableye, L50, M|3/100
|move|p2b: Swampert|Protect||[still]
|-fail|p2b: Swampert
|move|p1b: Whimsicott|Moonblast|p2a: Sableye
|-supereffective|p2a: Sableye|1
|-crit|p2a: Sableye
|-damage|p2a: Sableye|0 fnt
|faint|p2a: Sableye
|move|p1a: Charizard|Solar Beam||[still]
|-prepare|p1a: Charizard|Solar Beam
|-anim|p1a: Charizard|Solar Beam|p2b: Swampert
|-supereffective|p2b: Swampert|2
|-damage|p2b: Swampert|0 fnt
|faint|p2b: Swampert
|
|-weather|SunnyDay|[upkeep]
|-start|p1b: Whimsicott|perish1
|-start|p1a: Charizard|perish1
|upkeep
|
|t:|1782209177
|switch|p2b: Politoed|Politoed, L50, F|83/100
|-weather|RainDance|[from] ability: Drizzle|[of] p2b: Politoed
|turn|11
|c|☆Tendo Pain(Nagato)|gg
|
|t:|1782209188
|move|p2b: Politoed|Protect|p2b: Politoed
|-singleturn|p2b: Politoed|Protect
|move|p1b: Whimsicott|Moonblast|p2b: Politoed
|-activate|p2b: Politoed|move: Protect
|move|p1a: Charizard|Weather Ball|p2b: Politoed
|-activate|p2b: Politoed|move: Protect
|
|-weather|RainDance|[upkeep]
|-start|p1b: Whimsicott|perish0
|-start|p1a: Charizard|perish0
|-sideend|p1: caarlos.g_7|move: Tailwind
|faint|p1b: Whimsicott
|faint|p1a: Charizard
|
|win|Tendo Pain(Nagato)
|raw|caarlos.g_7's rating: 1125 → 1101(-24 for losing)
|raw|Tendo Pain(Nagato)'s rating: 1141 → 1165(+24 for winning)
|c|☆caarlos.g_7|gg
|l|☆Tendo Pain(Nagato)
|player|p2|
