|j|☆int shadowbtl
|j|☆INT JAGUARR
|html|int shadowbtlINT JAGUARR    
|uhtml|bestof|Game 2 of a best-of-3
|t:|1784504384
|gametype|doubles
|player|p1|int shadowbtl|266|
|player|p2|INT JAGUARR|ethan|
|gen|9
|tier|[Gen 9 Champions] VGC 2026 Reg M-B (Bo3)
|rule|Species Clause: Limit one of each Pokémon
|rule|Item Clause: Limit 1 of each item
|clearpoke
|poke|p1|Blaziken, L50, F|
|poke|p1|Aerodactyl, L50, F|
|poke|p1|Kingambit, L50, F|
|poke|p1|Basculegion, L50, M|
|poke|p1|Sylveon, L50, F|
|poke|p1|Torkoal, L50, M|
|poke|p2|Gardevoir, L50, F, shiny|
|poke|p2|Maushold, L50, shiny|
|poke|p2|Kingambit, L50, F, shiny|
|poke|p2|Talonflame, L50, M|
|poke|p2|Basculegion, L50, M|
|poke|p2|Kommo-o, L50, M|
|teampreview|4
|showteam|p1|Blaziken||Blazikenite|SpeedBoost|FlareBlitz,CloseCombat,Protect,RockSlide|Adamant||F|||50|]Aerodactyl||Aerodactylite|Unnerve|RockSlide,DualWingbeat,IceFang,Tailwind|Jolly||F|||50|]Kingambit||LifeOrb|Defiant|KowtowCleave,Protect,IronHead,SuckerPunch|Adamant||F|||50|]Basculegion||FocusSash|Adaptability|Liquidation,Protect,LastRespects,AquaJet|Adamant||M|||50|]Sylveon||FairyFeather|Pixilate|HyperVoice,Moonblast,QuickAttack,Protect|Modest||F|||50|]Torkoal||Leftovers|Drought|BurningJealousy,WeatherBall,Protect,Yawn|Relaxed||M|||50|
|showteam|p2|Gardevoir||Gardevoirite|Trace|HyperVoice,Protect,VacuumWave,Psyshock|Modest||F|||50|]Maushold||FocusSash|FriendGuard|FollowMe,Protect,Taunt,SuperFang|Timid|||||50|]Kingambit||BlackGlasses|Defiant|KowtowCleave,Protect,LowKick,SuckerPunch|Adamant||F|||50|]Talonflame||SharpBeak|GaleWings|BraveBird,Protect,Tailwind,QuickGuard|Adamant||M|||50|]Basculegion||ChoiceScarf|Adaptability|WaveCrash,FlipTurn,AquaJet,LastRespects|Jolly||M|||50|]Kommo-o||LifeOrb|Soundproof|ClangingScales,AuraSphere,DracoMeteor,Protect|Modest||M|||50|
|inactive|Battle timer is ON: inactive players will automatically lose when time's up. (requested by INT JAGUARR)
|inactive|int shadowbtl has 60 seconds left.
|
|t:|1784504432
|teamsize|p1|4
|teamsize|p2|4
|start
|switch|p1a: Aerodactyl|Aerodactyl, L50, F|100/100
|switch|p1b: Kingambit|Kingambit, L50, F|100/100
|switch|p2a: Gardevoir|Gardevoir, L50, F, shiny|100/100
|switch|p2b: Maushold|Maushold, L50, shiny|100/100
|-ability|p1a: Aerodactyl|Unnerve
|-ability|p2a: Gardevoir|Defiant|Trace|[from] ability: Trace|[of] p1b: Kingambit
|turn|1
|inactive|int shadowbtl has 30 seconds left.
|inactive|INT JAGUARR has 30 seconds left.
|inactive|int shadowbtl has 20 seconds left.
|
|t:|1784504468
|detailschange|p1a: Aerodactyl|Aerodactyl-Mega, L50, F
|-mega|p1a: Aerodactyl|Aerodactyl|Aerodactylite
|detailschange|p2a: Gardevoir|Gardevoir-Mega, L50, F, shiny
|-mega|p2a: Gardevoir|Gardevoir|Gardevoirite
|move|p1a: Aerodactyl|Rock Slide|p2b: Maushold|[spread] p2a
|-miss|p1a: Aerodactyl|p2b: Maushold
|-damage|p2a: Gardevoir|66/100
|move|p2b: Maushold|Super Fang|p1a: Aerodactyl
|-damage|p1a: Aerodactyl|50/100y
|move|p2a: Gardevoir|Hyper Voice|p1a: Aerodactyl|[spread] p1a,p1b
|-damage|p1a: Aerodactyl|0 fnt
|-damage|p1b: Kingambit|48/100
|faint|p1a: Aerodactyl
|move|p1b: Kingambit|Iron Head|p2a: Gardevoir
|-supereffective|p2a: Gardevoir|1
|-damage|p2a: Gardevoir|0 fnt
|faint|p2a: Gardevoir
|-damage|p1b: Kingambit|38/100|[from] item: Life Orb
|
|upkeep
|
|t:|1784504484
|switch|p1a: Sylveon|Sylveon, L50, F|100/100
|switch|p2a: Basculegion|Basculegion, L50, M|100/100
|turn|2
|
|t:|1784504497
|move|p1a: Sylveon|Protect|p1a: Sylveon
|-singleturn|p1a: Sylveon|Protect
|move|p1b: Kingambit|Protect|p1b: Kingambit
|-singleturn|p1b: Kingambit|Protect
|move|p2b: Maushold|Follow Me|p2b: Maushold
|-singleturn|p2b: Maushold|move: Follow Me
|move|p2a: Basculegion|Wave Crash|p1a: Sylveon
|-activate|p1a: Sylveon|move: Protect
|
|upkeep
|turn|3
|
|t:|1784504511
|switch|p1a: Basculegion|Basculegion, L50, M|100/100
|move|p2b: Maushold|Follow Me|p2b: Maushold
|-singleturn|p2b: Maushold|move: Follow Me
|move|p2a: Basculegion|Wave Crash|p1b: Kingambit
|-damage|p1b: Kingambit|0 fnt
|faint|p1b: Kingambit
|-damage|p2a: Basculegion|87/100|[from] Recoil
|
|upkeep
|
|t:|1784504519
|switch|p1b: Sylveon|Sylveon, L50, F|100/100
|turn|4
|inactive|INT JAGUARR has 30 seconds left.
|
|t:|1784504544
|move|p2b: Maushold|Protect|p2b: Maushold
|-singleturn|p2b: Maushold|Protect
|move|p1b: Sylveon|Protect|p1b: Sylveon
|-singleturn|p1b: Sylveon|Protect
|move|p2a: Basculegion|Wave Crash|p1b: Sylveon
|-activate|p1b: Sylveon|move: Protect
|move|p1a: Basculegion|Liquidation|p2b: Maushold
|-activate|p2b: Maushold|move: Protect
|
|upkeep
|turn|5
|
|t:|1784504563
|move|p1b: Sylveon|Protect||[still]
|-fail|p1b: Sylveon
|move|p2b: Maushold|Follow Me|p2b: Maushold
|-singleturn|p2b: Maushold|move: Follow Me
|move|p2a: Basculegion|Wave Crash|p1b: Sylveon
|-damage|p1b: Sylveon|7/100
|-damage|p2a: Basculegion|58/100|[from] Recoil
|move|p1a: Basculegion|Liquidation|p2b: Maushold
|-damage|p2b: Maushold|9/100
|
|upkeep
|turn|6
|inactive|INT JAGUARR has 30 seconds left.
|inactive|INT JAGUARR has 20 seconds left.
|inactive|INT JAGUARR has 15 seconds left.
|
|t:|1784504606
|switch|p2a: Talonflame|Talonflame, L50, M|100/100
|move|p2b: Maushold|Protect|p2b: Maushold
|-singleturn|p2b: Maushold|Protect
|move|p1b: Sylveon|Quick Attack|p2b: Maushold
|-activate|p2b: Maushold|move: Protect
|move|p1a: Basculegion|Last Respects|p2a: Talonflame
|-damage|p2a: Talonflame|6/100
|
|upkeep
|turn|7
|inactive|int shadowbtl has 30 seconds left.
|
|t:|1784504635
|move|p1a: Basculegion|Protect|p1a: Basculegion
|-singleturn|p1a: Basculegion|Protect
|move|p2b: Maushold|Follow Me|p2b: Maushold
|-singleturn|p2b: Maushold|move: Follow Me
|move|p2a: Talonflame|Brave Bird|p1a: Basculegion
|-activate|p1a: Basculegion|move: Protect
|move|p1b: Sylveon|Hyper Voice|p2b: Maushold|[spread] p2a,p2b
|-resisted|p2a: Talonflame|1
|-damage|p2a: Talonflame|0 fnt
|-damage|p2b: Maushold|0 fnt
|faint|p2a: Talonflame
|faint|p2b: Maushold
|
|upkeep
|
|t:|1784504647
|switch|p2b: Basculegion|Basculegion, L50, M|58/100
|turn|8
|
|t:|1784504651
|move|p2b: Basculegion|Last Respects|p1a: Basculegion
|-supereffective|p1a: Basculegion|1
|-enditem|p1a: Basculegion|Focus Sash
|-damage|p1a: Basculegion|1/100
|move|p1a: Basculegion|Last Respects|p2b: Basculegion
|-supereffective|p2b: Basculegion|1
|-damage|p2b: Basculegion|0 fnt
|faint|p2b: Basculegion
|
|win|int shadowbtl
||int shadowbtl is ready for game 3.
||INT JAGUARR is ready for game 3.
|uhtml|next|Next: Game 3 of 3
