|j|☆SuperDialga1275
|j|☆138mysx
|html|SuperDialga1275138mysx    
|uhtml|bestof|Game 1 of a best-of-3
|t:|1784422591
|gametype|doubles
|player|p1|SuperDialga1275|giovanni|
|player|p2|138mysx|1|
|gen|9
|tier|[Gen 9 Champions] VGC 2026 Reg M-B (Bo3)
|rule|Species Clause: Limit one of each Pokémon
|rule|Item Clause: Limit 1 of each item
|clearpoke
|poke|p1|Gengar, L50, M|
|poke|p1|Incineroar, L50, M|
|poke|p1|Kommo-o, L50, M|
|poke|p1|Raichu, L50, M|
|poke|p1|Ninetales-Alola, L50, M|
|poke|p1|Volcarona, L50, F|
|poke|p2|Charizard, L50, M, shiny|
|poke|p2|Aerodactyl, L50, M, shiny|
|poke|p2|Garchomp, L50, F, shiny|
|poke|p2|Sylveon, L50, F, shiny|
|poke|p2|Kingambit, L50, M|
|poke|p2|Incineroar, L50, M, shiny|
|teampreview|4
|showteam|p1|Gengar||Gengarite|CursedBody|SludgeBomb,ShadowBall,Substitute,Protect|Serious||M|||50|]Incineroar||PasshoBerry|Intimidate|FlareBlitz,ThroatChop,FakeOut,PartingShot|Adamant||M|||50|]Kommo-o||Leftovers|Soundproof|ClangingScales,AuraSphere,ClangorousSoul,Protect|Modest||M|||50|]Raichu||RaichuniteX|Static|VoltTackle,VoltSwitch,FakeOut,Protect|Jolly||M|||50|]Ninetales-Alola||ChoiceScarf|SnowWarning|Blizzard,FreezeDry,IcyWind,Moonblast|Timid||M|||50|]Volcarona||SitrusBerry|FlameBody|Flamethrower,StruggleBug,RagePowder,Protect|Bold||F|||50|
|showteam|p2|Charizard||CharizarditeY|Blaze|SolarBeam,WeatherBall,HeatWave,Protect|Modest||M|||50|]Aerodactyl||FocusSash|Unnerve|RockSlide,Tailwind,WideGuard,Protect|Jolly||M|||50|]Garchomp||LifeOrb|RoughSkin|DragonClaw,Earthquake,RockTomb,Protect|Jolly||F|||50|]Sylveon||FairyFeather|Pixilate|HyperBeam,HyperVoice,QuickAttack,Detect|Modest||F|||50|]Kingambit||BlackGlasses|Defiant|KowtowCleave,SuckerPunch,IronHead,Protect|Adamant||M|||50|]Incineroar||SitrusBerry|Intimidate|FakeOut,FlareBlitz,ThroatChop,PartingShot|Impish||M|||50|
|inactive|Battle timer is ON: inactive players will automatically lose when time's up. (requested by SuperDialga1275)
|inactive|138mysx has 60 seconds left.
|inactive|138mysx has 30 seconds left.
|inactive|138mysx has 20 seconds left.
|inactive|138mysx has 15 seconds left.
|inactive|138mysx has 10 seconds left.
|inactive|138mysx has 5 seconds left.
|
|t:|1784422677
|teamsize|p1|4
|teamsize|p2|4
|start
|switch|p1a: Incineroar|Incineroar, L50, M|100/100
|switch|p1b: Kommo-o|Kommo-o, L50, M|100/100
|switch|p2a: Aerodactyl|Aerodactyl, L50, M, shiny|100/100
|switch|p2b: Garchomp|Garchomp, L50, F, shiny|100/100
|-ability|p2a: Aerodactyl|Unnerve
|-ability|p1a: Incineroar|Intimidate|boost
|-unboost|p2a: Aerodactyl|atk|1
|-unboost|p2b: Garchomp|atk|1
|turn|1
|j| alkdfe
|inactive|138mysx has 30 seconds left.
|
|t:|1784422703
|switch|p2b: Sylveon|Sylveon, L50, F, shiny|100/100
|move|p1a: Incineroar|Fake Out|p2a: Aerodactyl
|-resisted|p2a: Aerodactyl|1
|-damage|p2a: Aerodactyl|91/100
|cant|p2a: Aerodactyl|flinch
|move|p1b: Kommo-o|Clangorous Soul|p1b: Kommo-o
|-boost|p1b: Kommo-o|atk|1
|-boost|p1b: Kommo-o|def|1
|-boost|p1b: Kommo-o|spa|1
|-boost|p1b: Kommo-o|spd|1
|-boost|p1b: Kommo-o|spe|1
|-damage|p1b: Kommo-o|67/100
|
|-heal|p1b: Kommo-o|73/100|[from] item: Leftovers
|upkeep
|turn|2
|
|t:|1784422727
|move|p1b: Kommo-o|Protect|p1b: Kommo-o
|-singleturn|p1b: Kommo-o|Protect
|move|p2b: Sylveon|Detect|p2b: Sylveon
|-singleturn|p2b: Sylveon|Protect
|move|p2a: Aerodactyl|Rock Slide|p1a: Incineroar|[spread] p1a
|-activate|p1b: Kommo-o|move: Protect
|-supereffective|p1a: Incineroar|1
|-damage|p1a: Incineroar|72/100
|move|p1a: Incineroar|Parting Shot|p2a: Aerodactyl
|-unboost|p2a: Aerodactyl|atk|1
|-unboost|p2a: Aerodactyl|spa|1
|l| alkdfe
|
|t:|1784422742
|switch|p1a: Volcarona|Volcarona, L50, F|100/100|[from] Parting Shot
|
|-heal|p1b: Kommo-o|78/100|[from] item: Leftovers
|upkeep
|turn|3
|
|t:|1784422766
|move|p2a: Aerodactyl|Protect|p2a: Aerodactyl
|-singleturn|p2a: Aerodactyl|Protect
|move|p1a: Volcarona|Rage Powder|p1a: Volcarona
|-singleturn|p1a: Volcarona|move: Rage Powder
|move|p1b: Kommo-o|Clanging Scales|p2a: Aerodactyl|[spread] 
|-activate|p2a: Aerodactyl|move: Protect
|-immune|p2b: Sylveon
|move|p2b: Sylveon|Hyper Voice|p1a: Volcarona|[spread] p1a
|-immune|p1b: Kommo-o|[from] ability: Soundproof
|-resisted|p1a: Volcarona|1
|-damage|p1a: Volcarona|80/100
|
|-heal|p1b: Kommo-o|84/100|[from] item: Leftovers
|upkeep
|turn|4
|
|t:|1784422785
|switch|p2a: Incineroar|Incineroar, L50, M, shiny|100/100
|-ability|p2a: Incineroar|Intimidate|boost
|-unboost|p1a: Volcarona|atk|1
|-unboost|p1b: Kommo-o|atk|1
|switch|p1a: Incineroar|Incineroar, L50, M|72/100
|-ability|p1a: Incineroar|Intimidate|boost
|-unboost|p2a: Incineroar|atk|1
|-unboost|p2b: Sylveon|atk|1
|move|p1b: Kommo-o|Clangorous Soul|p1b: Kommo-o
|-boost|p1b: Kommo-o|atk|1
|-boost|p1b: Kommo-o|def|1
|-boost|p1b: Kommo-o|spa|1
|-boost|p1b: Kommo-o|spd|1
|-boost|p1b: Kommo-o|spe|1
|-damage|p1b: Kommo-o|51/100
|move|p2b: Sylveon|Hyper Voice|p1a: Incineroar|[spread] p1a
|-immune|p1b: Kommo-o|[from] ability: Soundproof
|-damage|p1a: Incineroar|30/100
|
|-heal|p1b: Kommo-o|57/100|[from] item: Leftovers
|upkeep
|turn|5
|
|t:|1784422808
|move|p1a: Incineroar|Fake Out|p2b: Sylveon
|-damage|p2b: Sylveon|83/100
|move|p2a: Incineroar|Fake Out|p1b: Kommo-o
|-damage|p1b: Kommo-o|53/100
|cant|p1b: Kommo-o|flinch
|cant|p2b: Sylveon|flinch
|
|-heal|p1b: Kommo-o|59/100|[from] item: Leftovers
|upkeep
|turn|6
|
|t:|1784422831
|switch|p1a: Volcarona|Volcarona, L50, F|80/100
|move|p1b: Kommo-o|Protect|p1b: Kommo-o
|-singleturn|p1b: Kommo-o|Protect
|move|p2b: Sylveon|Hyper Voice|p1b: Kommo-o|[spread] p1a
|-activate|p1b: Kommo-o|move: Protect
|-resisted|p1a: Volcarona|1
|-damage|p1a: Volcarona|58/100
|move|p2a: Incineroar|Flare Blitz|p1a: Volcarona
|-damage|p1a: Volcarona|30/100
|-enditem|p1a: Volcarona|Sitrus Berry|[eat]
|-heal|p1a: Volcarona|55/100|[from] item: Sitrus Berry
|-damage|p2a: Incineroar|91/100|[from] Recoil
|
|-heal|p1b: Kommo-o|65/100|[from] item: Leftovers
|upkeep
|turn|7
|
|t:|1784422847
|move|p1a: Volcarona|Rage Powder|p1a: Volcarona
|-singleturn|p1a: Volcarona|move: Rage Powder
|move|p1b: Kommo-o|Aura Sphere|p2a: Incineroar
|-supereffective|p2a: Incineroar|1
|-damage|p2a: Incineroar|0 fnt
|faint|p2a: Incineroar
|move|p2b: Sylveon|Hyper Voice|p1b: Kommo-o|[spread] p1a
|-immune|p1b: Kommo-o|[from] ability: Soundproof
|-resisted|p1a: Volcarona|1
|-damage|p1a: Volcarona|33/100
|
|-heal|p1b: Kommo-o|71/100|[from] item: Leftovers
|upkeep
|
|t:|1784422855
|switch|p2a: Aerodactyl|Aerodactyl, L50, M, shiny|91/100
|-ability|p2a: Aerodactyl|Unnerve
|turn|8
|inactive|138mysx has 30 seconds left.
|
|t:|1784422884
|move|p2a: Aerodactyl|Protect|p2a: Aerodactyl
|-singleturn|p2a: Aerodactyl|Protect
|move|p1a: Volcarona|Rage Powder|p1a: Volcarona
|-singleturn|p1a: Volcarona|move: Rage Powder
|move|p1b: Kommo-o|Aura Sphere|p2a: Aerodactyl
|-activate|p2a: Aerodactyl|move: Protect
|move|p2b: Sylveon|Hyper Voice|p1b: Kommo-o|[spread] p1a
|-immune|p1b: Kommo-o|[from] ability: Soundproof
|-resisted|p1a: Volcarona|1
|-damage|p1a: Volcarona|15/100
|
|-heal|p1b: Kommo-o|77/100|[from] item: Leftovers
|upkeep
|turn|9
|
|t:|1784422902
|move|p2a: Aerodactyl|Wide Guard|p2a: Aerodactyl
|-singleturn|p2a: Aerodactyl|Wide Guard
|move|p1a: Volcarona|Rage Powder|p1a: Volcarona
|-singleturn|p1a: Volcarona|move: Rage Powder
|move|p1b: Kommo-o|Aura Sphere|p2a: Aerodactyl
|-damage|p2a: Aerodactyl|0 fnt
|faint|p2a: Aerodactyl
|move|p2b: Sylveon|Hyper Beam|p1a: Volcarona
|-resisted|p1a: Volcarona|1
|-crit|p1a: Volcarona
|-damage|p1a: Volcarona|0 fnt
|-mustrecharge|p2b: Sylveon
|faint|p1a: Volcarona
|
|-heal|p1b: Kommo-o|83/100|[from] item: Leftovers
|upkeep
|
|t:|1784422912
|switch|p2a: Garchomp|Garchomp, L50, F, shiny|100/100
|switch|p1a: Raichu|Raichu, L50, M|100/100
|turn|10
|inactive|138mysx has 30 seconds left.
|
|t:|1784422944
|detailschange|p1a: Raichu|Raichu-Mega-X, L50, M
|-mega|p1a: Raichu|Raichu|Raichunite X
|-fieldstart|move: Electric Terrain|[from] ability: Electric Surge|[of] p1a: Raichu
|move|p2a: Garchomp|Protect|p2a: Garchomp
|-singleturn|p2a: Garchomp|Protect
|move|p1b: Kommo-o|Clanging Scales|p2a: Garchomp|[spread] 
|-activate|p2a: Garchomp|move: Protect
|-immune|p2b: Sylveon
|move|p1a: Raichu|Volt Tackle|p2b: Sylveon
|-damage|p2b: Sylveon|0 fnt
|faint|p2b: Sylveon
|-damage|p1a: Raichu|65/100|[from] Recoil
|
|-heal|p1b: Kommo-o|89/100|[from] item: Leftovers
|upkeep
|turn|11
|
|t:|1784422958
|move|p1b: Kommo-o|Clanging Scales|p2a: Garchomp
|-supereffective|p2a: Garchomp|1
|-damage|p2a: Garchomp|0 fnt
|faint|p2a: Garchomp
|
|win|SuperDialga1275
||SuperDialga1275 is ready for game 2.
||138mysx is ready for game 2.
|uhtml|next|Next: Game 2 of 3
|l|☆138mysx
|player|p2|
|j|☆138mysx
|player|p2|138mysx|1|
