|j|☆Ethan's Bleakmiss
|j|☆KodeBeast0526
|html|Ethan's BleakmissKodeBeast0526    
|uhtml|bestof|Game 2 of a best-of-3
|t:|1784732080
|gametype|doubles
|player|p1|Ethan's Bleakmiss|unknown|1114
|player|p2|KodeBeast0526|hiker|1214
|gen|9
|tier|[Gen 9 Champions] VGC 2026 Reg M-B (Bo3)
|rated|
|rule|Species Clause: Limit one of each Pokémon
|rule|Item Clause: Limit 1 of each item
|clearpoke
|poke|p1|Blaziken, L50, M|
|poke|p1|Ninetales-Alola, L50, M|
|poke|p1|Kingambit, L50, M|
|poke|p1|Lycanroc-Dusk, L50, M, shiny|
|poke|p1|Venusaur, L50, F, shiny|
|poke|p1|Clefable, L50, F, shiny|
|poke|p2|Aerodactyl, L50, M|
|poke|p2|Kingambit, L50, M|
|poke|p2|Sylveon, L50, M|
|poke|p2|Garchomp, L50, M|
|poke|p2|Charizard, L50, M|
|poke|p2|Farigiraf, L50, M, shiny|
|teampreview|4
|showteam|p1|Blaziken||Blazikenite|SpeedBoost|CloseCombat,FlareBlitz,StoneEdge,Detect|Adamant||M|||50|]Ninetales-Alola||NeverMeltIce|SnowWarning|Blizzard,FreezeDry,Encore,Protect|Timid||M|||50|]Kingambit||LifeOrb|Defiant|SuckerPunch,KowtowCleave,IronHead,Protect|Adamant||M|||50|]Lycanroc-Dusk||FocusSash|ToughClaws|Accelerock,SwordsDance,Protect,RockSlide|Jolly||M|||50|]Venusaur||Venusaurite|Chlorophyll|SleepPowder,EnergyBall,SludgeBomb,Protect|Modest||F|||50|]Clefable||SitrusBerry|MagicGuard|Protect,FollowMe,HelpingHand,Moonblast|Bold||F|||50|
|showteam|p2|Aerodactyl||Aerodactylite|Unnerve|RockSlide,IceFang,Tailwind,WideGuard|Jolly||M|||50|]Kingambit||FocusSash|Defiant|KowtowCleave,SuckerPunch,IronHead,LowKick|Adamant||M|||50|]Sylveon||FairyFeather|Pixilate|Detect,HyperVoice,HyperBeam,QuickAttack|Modest||M|||50|]Garchomp||LifeOrb|RoughSkin|Earthquake,DragonClaw,StompingTantrum,Protect|Jolly||M|||50|]Charizard||CharizarditeY|Blaze|Protect,HeatWave,SolarBeam,WeatherBall|Modest||M|||50|]Farigiraf||SitrusBerry|ArmorTail|Thunderbolt,PsychicNoise,TrickRoom,HelpingHand|Bold||M|||50|
|inactive|Battle timer is ON: inactive players will automatically lose when time's up. (requested by Ethan's Bleakmiss)
|
|t:|1784732106
|teamsize|p1|4
|teamsize|p2|4
|start
|switch|p1a: Venusaur|Venusaur, L50, F, shiny|100/100
|switch|p1b: Ninetales|Ninetales-Alola, L50, M|100/100
|switch|p2a: Farigiraf|Farigiraf, L50, M, shiny|100/100
|switch|p2b: Sylveon|Sylveon, L50, M|100/100
|-weather|Snowscape|[from] ability: Snow Warning|[of] p1b: Ninetales
|turn|1
|
|t:|1784732124
|switch|p2b: Charizard|Charizard, L50, M|100/100
|move|p1b: Ninetales|Blizzard|p2a: Farigiraf|[spread] p2a,p2b
|-damage|p2a: Farigiraf|66/100
|-damage|p2b: Charizard|58/100
|move|p1a: Venusaur|Sleep Powder|p2a: Farigiraf
|-status|p2a: Farigiraf|slp|[from] move: Sleep Powder
|cant|p2a: Farigiraf|slp
|
|-weather|Snowscape|[upkeep]
|upkeep
|turn|2
|
|t:|1784732146
|move|p1b: Ninetales|Freeze-Dry|p2a: Farigiraf
|-damage|p2a: Farigiraf|34/100 slp
|-enditem|p2a: Farigiraf|Sitrus Berry|[eat]
|-heal|p2a: Farigiraf|59/100 slp|[from] item: Sitrus Berry
|move|p2b: Charizard|Heat Wave|p1a: Venusaur|[spread] p1a,p1b
|-supereffective|p1a: Venusaur|1
|-supereffective|p1b: Ninetales|1
|-damage|p1a: Venusaur|32/100
|-damage|p1b: Ninetales|34/100
|-status|p1a: Venusaur|brn
|move|p1a: Venusaur|Sleep Powder|p2b: Charizard
|-status|p2b: Charizard|slp|[from] move: Sleep Powder
|-curestatus|p2a: Farigiraf|slp|[msg]
|move|p2a: Farigiraf|Psychic Noise|p1a: Venusaur
|-supereffective|p1a: Venusaur|1
|-damage|p1a: Venusaur|0 fnt
|faint|p1a: Venusaur
|
|-weather|Snowscape|[upkeep]
|upkeep
|
|t:|1784732165
|switch|p1a: Lycanroc|Lycanroc-Dusk, L50, M, shiny|100/100
|turn|3
|
|t:|1784732180
|detailschange|p2b: Charizard|Charizard-Mega-Y, L50, M
|-mega|p2b: Charizard|Charizard|Charizardite Y
|-weather|SunnyDay|[from] ability: Drought|[of] p2b: Charizard
|cant|p2b: Charizard|slp
|move|p1a: Lycanroc|Rock Slide|p2a: Farigiraf|[spread] p2a,p2b
|-supereffective|p2b: Charizard|2
|-damage|p2a: Farigiraf|38/100
|-damage|p2b: Charizard|0 fnt
|faint|p2b: Charizard
|move|p1b: Ninetales|Freeze-Dry|p2a: Farigiraf
|-damage|p2a: Farigiraf|5/100
|cant|p2a: Farigiraf|flinch
|
|-weather|SunnyDay|[upkeep]
|upkeep
|
|t:|1784732195
|switch|p2b: Sylveon|Sylveon, L50, M|100/100
|turn|4
|
|t:|1784732212
|move|p2a: Farigiraf|Helping Hand|p2b: Sylveon
|-singleturn|p2b: Sylveon|Helping Hand|[of] p2a: Farigiraf
|move|p1a: Lycanroc|Rock Slide|p2a: Farigiraf|[spread] p2a,p2b
|-damage|p2a: Farigiraf|0 fnt
|-damage|p2b: Sylveon|65/100
|faint|p2a: Farigiraf
|move|p1b: Ninetales|Freeze-Dry|p2b: Sylveon
|-damage|p2b: Sylveon|38/100
|cant|p2b: Sylveon|flinch
|
|-weather|SunnyDay|[upkeep]
|upkeep
|
|t:|1784732218
|switch|p2a: Kingambit|Kingambit, L50, M|100/100
|turn|5
|
|t:|1784732230
|move|p1b: Ninetales|Protect|p1b: Ninetales
|-singleturn|p1b: Ninetales|Protect
|move|p1a: Lycanroc|Accelerock|p2b: Sylveon
|-damage|p2b: Sylveon|7/100
|move|p2a: Kingambit|Sucker Punch||[still]
|-fail|p2a: Kingambit
|move|p2b: Sylveon|Hyper Voice|p1b: Ninetales|[spread] p1a
|-activate|p1b: Ninetales|move: Protect
|-damage|p1a: Lycanroc|16/100
|
|-weather|SunnyDay|[upkeep]
|upkeep
|turn|6
|
|t:|1784732249
|move|p2b: Sylveon|Detect|p2b: Sylveon
|-singleturn|p2b: Sylveon|Protect
|move|p1a: Lycanroc|Accelerock|p2b: Sylveon
|-activate|p2b: Sylveon|move: Protect
|move|p1b: Ninetales|Freeze-Dry|p2a: Kingambit
|-resisted|p2a: Kingambit|1
|-damage|p2a: Kingambit|82/100
|move|p2a: Kingambit|Iron Head|p1a: Lycanroc
|-supereffective|p1a: Lycanroc|1
|-damage|p1a: Lycanroc|0 fnt
|faint|p1a: Lycanroc
|
|-weather|SunnyDay|[upkeep]
|upkeep
|
|t:|1784732260
|switch|p1a: Blaziken|Blaziken, L50, M|100/100
|turn|7
|
|t:|1784732272
|detailschange|p1a: Blaziken|Blaziken-Mega, L50, M
|-mega|p1a: Blaziken|Blaziken|Blazikenite
|move|p2a: Kingambit|Sucker Punch|p1a: Blaziken
|-resisted|p1a: Blaziken|1
|-damage|p1a: Blaziken|73/100
|move|p1b: Ninetales|Freeze-Dry|p2b: Sylveon
|-damage|p2b: Sylveon|0 fnt
|faint|p2b: Sylveon
|move|p1a: Blaziken|Flare Blitz|p2a: Kingambit
|-supereffective|p2a: Kingambit|1
|-damage|p2a: Kingambit|0 fnt
|faint|p2a: Kingambit
|-damage|p1a: Blaziken|40/100|[from] Recoil
|
|win|Ethan's Bleakmiss
||Ethan's Bleakmiss is ready for game 3.
|inactive|KodeBeast0526 has 30 seconds to confirm battle start!
