|j|☆Daravones Soup
|j|☆Gabeeel
|html|Daravones SoupGabeeel    
|uhtml|bestof|Game 2 of a best-of-3
|t:|1784297640
|gametype|doubles
|player|p1|Daravones Soup|102|
|player|p2|Gabeeel|iris|
|gen|9
|tier|[Gen 9 Champions] VGC 2026 Reg M-B (Bo3)
|rule|Species Clause: Limit one of each Pokémon
|rule|Item Clause: Limit 1 of each item
|clearpoke
|poke|p1|Gengar, L50, F|
|poke|p1|Tyranitar, L50, F|
|poke|p1|Corviknight, L50, M|
|poke|p1|Basculegion-F, L50, F|
|poke|p1|Kommo-o, L50, M|
|poke|p1|Scovillain, L50, F|
|poke|p2|Scrafty, L50, M, shiny|
|poke|p2|Glimmora, L50, F|
|poke|p2|Talonflame, L50, F|
|poke|p2|Primarina, L50, M|
|poke|p2|Mamoswine, L50, M|
|poke|p2|Metagross, L50|
|teampreview|4
|showteam|p1|Gengar||Gengarite|CursedBody|SludgeBomb,IcyWind,ShadowBall,Protect|Modest||F|||50|]Tyranitar||LifeOrb|SandStream|RockSlide,KnockOff,Superpower,Protect|Adamant||F|||50|]Corviknight||SitrusBerry|MirrorArmor|Tailwind,BulkUp,BodyPress,BraveBird|Adamant||M|||50|]Basculegion-F||ChoiceScarf|Adaptability|LastRespects,WaveCrash,FlipTurn,AquaJet|Jolly||F|||50|]Kommo-o||Leftovers|Soundproof|ClangingScales,ClangorousSoul,AuraSphere,Protect|Modest||M|||50|]Scovillain||Scovillainite|Chlorophyll|RagePowder,Overheat,GigaDrain,Protect|Calm||F|||50|
|showteam|p2|Scrafty||Scraftinite|Intimidate|FakeOut,DrainPunch,KnockOff,HelpingHand|Adamant||M|||50|]Glimmora||Glimmoranite|ToxicDebris|SludgeBomb,PowerGem,EarthPower,SpikyShield|Modest||F|||50|]Talonflame||ExpertBelt|GaleWings|BraveBird,FlareBlitz,Tailwind,Protect|Jolly||F|||50|]Primarina||Leftovers|LiquidVoice|HyperVoice,Moonblast,CalmMind,Protect|Modest||M|||50|]Mamoswine||FocusSash|Oblivious|Earthquake,HighHorsepower,IceShard,Protect|Adamant||M|||50|]Metagross||ColburBerry|ClearBody|PsychicFangs,IronHead,BulletPunch,Protect|Adamant|||||50|
|inactive|Battle timer is ON: inactive players will automatically lose when time's up. (requested by Daravones Soup)
|inactive|Gabeeel has 60 seconds left.
|inactive|Gabeeel has 30 seconds left.
|inactive|Gabeeel has 20 seconds left.
|inactive|Gabeeel has 15 seconds left.
|
|t:|1784297721
|teamsize|p1|4
|teamsize|p2|4
|start
|switch|p1a: Basculegion|Basculegion-F, L50, F|100/100
|switch|p1b: Corviknight|Corviknight, L50, M|100/100
|switch|p2a: Puterrier|Scrafty, L50, M, shiny|100/100
|switch|p2b: Sabrina Carpenter|Talonflame, L50, F|100/100
|-ability|p2a: Puterrier|Intimidate|boost
|-unboost|p1a: Basculegion|atk|1
|-ability|p1b: Corviknight|Mirror Armor
|-unboost|p2a: Puterrier|atk|1
|turn|1
|inactive|Daravones Soup has 30 seconds left.
|inactive|Gabeeel has 30 seconds left.
|inactive|Gabeeel has 20 seconds left.
|
|t:|1784297757
|move|p2b: Sabrina Carpenter|Protect|p2b: Sabrina Carpenter
|-singleturn|p2b: Sabrina Carpenter|Protect
|move|p1a: Basculegion|Flip Turn|p2b: Sabrina Carpenter
|-activate|p2b: Sabrina Carpenter|move: Protect
|move|p1b: Corviknight|Tailwind|p1b: Corviknight
|-sidestart|p1: Daravones Soup|move: Tailwind
|move|p2a: Puterrier|Knock Off|p1a: Basculegion
|-supereffective|p1a: Basculegion|1
|-damage|p1a: Basculegion|38/100
|-enditem|p1a: Basculegion|Choice Scarf|[from] move: Knock Off|[of] p2a: Puterrier
|
|upkeep
|turn|2
|inactive|Gabeeel has 30 seconds left.
|
|t:|1784297782
|switch|p2b: Pabllo Vittar|Primarina, L50, M|100/100
|move|p1a: Basculegion|Flip Turn|p2b: Pabllo Vittar
|-resisted|p2b: Pabllo Vittar|1
|-damage|p2b: Pabllo Vittar|89/100
|
|t:|1784297792
|switch|p1a: Gengar|Gengar, L50, F|100/100|[from] Flip Turn
|move|p1b: Corviknight|Bulk Up|p1b: Corviknight
|-boost|p1b: Corviknight|atk|1
|-boost|p1b: Corviknight|def|1
|move|p2a: Puterrier|Knock Off|p1b: Corviknight
|-damage|p1b: Corviknight|83/100
|-enditem|p1b: Corviknight|Sitrus Berry|[from] move: Knock Off|[of] p2a: Puterrier
|
|-heal|p2b: Pabllo Vittar|95/100|[from] item: Leftovers
|upkeep
|turn|3
|inactive|Gabeeel has 30 seconds left.
|
|t:|1784297826
|detailschange|p1a: Gengar|Gengar-Mega, L50, F
|-mega|p1a: Gengar|Gengar|Gengarite
|detailschange|p2a: Puterrier|Scrafty-Mega, L50, M, shiny
|-mega|p2a: Puterrier|Scrafty|Scraftinite
|-ability|p2a: Puterrier|Intimidate|boost
|-unboost|p1a: Gengar|atk|1
|-ability|p1b: Corviknight|Mirror Armor
|-unboost|p2a: Puterrier|atk|1
|move|p1a: Gengar|Sludge Bomb|p2a: Puterrier
|-damage|p2a: Puterrier|54/100
|-status|p2a: Puterrier|psn
|move|p1b: Corviknight|Brave Bird|p2a: Puterrier
|-supereffective|p2a: Puterrier|1
|-damage|p2a: Puterrier|0 fnt
|faint|p2a: Puterrier
|-damage|p1b: Corviknight|68/100|[from] Recoil
|move|p2b: Pabllo Vittar|Hyper Voice|p1a: Gengar|[spread] p1a,p1b
|-crit|p1a: Gengar
|-damage|p1a: Gengar|43/100
|-damage|p1b: Corviknight|36/100
|
|-heal|p2b: Pabllo Vittar|100/100|[from] item: Leftovers
|upkeep
|inactive|Gabeeel has 30 seconds left.
|
|t:|1784297856
|switch|p2a: Sabrina Carpenter|Talonflame, L50, F|100/100
|turn|4
|inactive|Daravones Soup has 30 seconds left.
|inactive|Gabeeel has 30 seconds left.
|inactive|Daravones Soup has 20 seconds left.
|inactive|Daravones Soup has 15 seconds left.
|inactive|Daravones Soup has 10 seconds left.
|
|t:|1784297903
|move|p2a: Sabrina Carpenter|Tailwind|p2a: Sabrina Carpenter
|-sidestart|p2: Gabeeel|move: Tailwind
|move|p1a: Gengar|Sludge Bomb|p2b: Pabllo Vittar
|-supereffective|p2b: Pabllo Vittar|1
|-crit|p2b: Pabllo Vittar
|-damage|p2b: Pabllo Vittar|0 fnt
|faint|p2b: Pabllo Vittar
|move|p1b: Corviknight|Brave Bird|p2a: Sabrina Carpenter
|-damage|p2a: Sabrina Carpenter|0 fnt
|faint|p2a: Sabrina Carpenter
|-damage|p1b: Corviknight|11/100|[from] Recoil
|
|-sideend|p1: Daravones Soup|move: Tailwind
|upkeep
|
|t:|1784297911
|switch|p2b: Globo de Luz|Glimmora, L50, F|100/100
|turn|5
|c|☆Gabeeel|f
|
|t:|1784297923
|move|p1a: Gengar|Protect|p1a: Gengar
|-singleturn|p1a: Gengar|Protect
|move|p2b: Globo de Luz|Earth Power|p1a: Gengar
|-activate|p1a: Gengar|move: Protect
|move|p1b: Corviknight|Tailwind|p1b: Corviknight
|-sidestart|p1: Daravones Soup|move: Tailwind
|
|upkeep
|turn|6
|c|☆Gabeeel|re?
|c|☆Gabeeel|change de abby
|
|t:|1784297940
|move|p1a: Gengar|Icy Wind|p2b: Globo de Luz
|-damage|p2b: Globo de Luz|73/100
|-unboost|p2b: Globo de Luz|spe|1
|move|p1b: Corviknight|Body Press|p2b: Globo de Luz
|-damage|p2b: Globo de Luz|41/100
|-activate|p2b: Globo de Luz|ability: Toxic Debris
|-sidestart|p1: Daravones Soup|move: Toxic Spikes
|move|p2b: Globo de Luz|Earth Power|p1a: Gengar
|-supereffective|p1a: Gengar|1
|-damage|p1a: Gengar|0 fnt
|faint|p1a: Gengar
|
|upkeep
|c|☆Gabeeel|if you want
|
|t:|1784297954
|switch|p1a: Tyranitar|Tyranitar, L50, F|100/100
|-status|p1a: Tyranitar|psn
|-weather|Sandstorm|[from] ability: Sand Stream|[of] p1a: Tyranitar
|turn|7
|
|t:|1784297966
|move|p1a: Tyranitar|Knock Off|p2b: Globo de Luz
|-damage|p2b: Globo de Luz|0 fnt
|-activate|p2b: Globo de Luz|ability: Toxic Debris
|-sidestart|p1: Daravones Soup|move: Toxic Spikes
|faint|p2b: Globo de Luz
|-damage|p1a: Tyranitar|90/100 psn|[from] item: Life Orb
|
|win|Daravones Soup
|c|☆Daravones Soup|Tg
|c|☆Daravones Soup|gg
|c|☆Daravones Soup|Yeah sure
|c|☆Daravones Soup|I don’t think it changes my main line
|c|☆Daravones Soup|I just had it to see if it can take a sludge bomb LMAO
|c|☆Daravones Soup|DMs
|l|☆Daravones Soup
|player|p1|
