|j|☆Mythicallegand
|j|☆geardox
|html|Mythicallegandgeardox    
|uhtml|bestof|Game 2 of a best-of-3
|t:|1756339731
|gametype|doubles
|player|p1|Mythicallegand|iris|1260
|player|p2|geardox|cyclist|1177
|gen|9
|tier|[Gen 9] VGC 2025 Reg H (Bo3)
|rated|
|rule|Species Clause: Limit one of each Pokémon
|rule|Item Clause: Limit 1 of each item
|clearpoke
|poke|p1|Metagross, L50|
|poke|p1|Annihilape, L50, F|
|poke|p1|Indeedee-F, L50, F|
|poke|p1|Hydreigon, L50, M|
|poke|p1|Sneasler, L50, M|
|poke|p1|Ursaluna, L50, F|
|poke|p2|Sneasler, L50, M|
|poke|p2|Garchomp, L50, M|
|poke|p2|Corviknight, L50, F|
|poke|p2|Archaludon, L50, M|
|poke|p2|Amoonguss, L50, F|
|poke|p2|Incineroar, L50, F|
|teampreview|4
|showteam|p1|Metagross||AssaultVest|ClearBody|BulletPunch,TeraBlast,MeteorMash,PsychicFangs||||||50|,,,,,Ground]Annihilape||ChoiceScarf|Defiant|FinalGambit,Coaching,CloseCombat,Uturn|||F|||50|,,,,,Fire]Indeedee-F||SafetyGoggles|PsychicSurge|FollowMe,TrickRoom,Psychic,ZenHeadbutt|||F|||50|,,,,,Fairy]Hydreigon||ChoiceSpecs|Levitate|DarkPulse,Snarl,DracoMeteor,EarthPower|||M|||50|,,,,,Ghost]Sneasler||PsychicSeed|Unburden|CloseCombat,DireClaw,Protect,ThroatChop|||M|||50|,,,,,Dark]Ursaluna||FlameOrb|Guts|Earthquake,Facade,Protect,HeadlongRush|||F|||50|,,,,,Ghost
|showteam|p2|Sneasler||FocusSash|Unburden|DireClaw,CloseCombat,Taunt,Coaching|||M|||50|,,,,,Ghost]Garchomp||LifeOrb|RoughSkin|Protect,Earthquake,DragonClaw,StompingTantrum|||M|||50|,,,,,Ground]Corviknight||SitrusBerry|MirrorArmor|BraveBird,Tailwind,Roost,RainDance|||F|||50|,,,,,Fire]Archaludon||PowerHerb|Stamina|Protect,DracoMeteor,FlashCannon,ElectroShot|||M|||50|,,,,,Dragon]Amoonguss||RockyHelmet|Regenerator|Protect,RagePowder,Spore,PollenPuff|||F|||50|,,,,,Water]Incineroar||AssaultVest|Intimidate|KnockOff,FlareBlitz,FakeOut,Uturn|||F|||50|,,,,,Ghost
|
|t:|1756339768
|teamsize|p1|4
|teamsize|p2|4
|start
|switch|p1a: Annihilape|Annihilape, L50, F|100/100
|switch|p1b: Metagross|Metagross, L50|100/100
|switch|p2a: Big Mo|Archaludon, L50, M|100/100
|switch|p2b: Riku|Sneasler, L50, M|100/100
|turn|1
|inactive|Battle timer is ON: inactive players will automatically lose when time's up. (requested by geardox)
|
|t:|1756339799
|-terastallize|p1b: Metagross|Ground
|move|p2a: Big Mo|Protect|p2a: Big Mo
|-singleturn|p2a: Big Mo|Protect
|move|p1a: Annihilape|Coaching|p1b: Metagross
|-boost|p1b: Metagross|atk|1
|-boost|p1b: Metagross|def|1
|move|p2b: Riku|Close Combat|p1b: Metagross
|-damage|p1b: Metagross|66/100
|-unboost|p2b: Riku|def|1
|-unboost|p2b: Riku|spd|1
|move|p1b: Metagross|Tera Blast|p2a: Big Mo|[anim] Tera Blast Ground
|-activate|p2a: Big Mo|move: Protect
|
|upkeep
|turn|2
|inactive|geardox has 30 seconds left.
|inactive|geardox has 20 seconds left.
|inactive|geardox has 15 seconds left.
|inactive|geardox has 10 seconds left.
|
|t:|1756339847
|switch|p2a: Chica|Corviknight, L50, F|100/100
|move|p1b: Metagross|Bullet Punch|p2b: Riku
|-damage|p2b: Riku|19/100
|move|p1a: Annihilape|Coaching|p1b: Metagross
|-boost|p1b: Metagross|atk|1
|-boost|p1b: Metagross|def|1
|move|p2b: Riku|Dire Claw|p1a: Annihilape
|-resisted|p1a: Annihilape
|-damage|p1a: Annihilape|81/100
|
|upkeep
|turn|3
|inactive|Mythicallegand has 30 seconds left.
|
|t:|1756339872
|switch|p1a: Hydreigon|Hydreigon, L50, M|100/100
|move|p2b: Riku|Close Combat|p1b: Metagross
|-damage|p1b: Metagross|39/100
|-unboost|p2b: Riku|def|1
|-unboost|p2b: Riku|spd|1
|move|p2a: Chica|Tailwind|p2a: Chica
|-sidestart|p2: geardox|move: Tailwind
|move|p1b: Metagross|Tera Blast|p2b: Riku|[anim] Tera Blast Ground
|-supereffective|p2b: Riku
|-damage|p2b: Riku|0 fnt
|faint|p2b: Riku
|
|upkeep
|
|t:|1756339890
|switch|p2b: Big Mo|Archaludon, L50, M|100/100
|turn|4
|
|t:|1756339904
|-terastallize|p2b: Big Mo|Dragon
|move|p2b: Big Mo|Electro Shot||[still]
|-prepare|p2b: Big Mo|Electro Shot
|-boost|p2b: Big Mo|spa|1
|-enditem|p2b: Big Mo|Power Herb
|-anim|p2b: Big Mo|Electro Shot|p1a: Hydreigon
|-resisted|p1a: Hydreigon
|-damage|p1a: Hydreigon|62/100
|move|p2a: Chica|Brave Bird|p1b: Metagross
|-damage|p1b: Metagross|25/100
|-damage|p2a: Chica|96/100|[from] Recoil
|move|p1a: Hydreigon|Dark Pulse|p2a: Chica
|-damage|p2a: Chica|49/100
|-enditem|p2a: Chica|Sitrus Berry|[eat]
|-heal|p2a: Chica|74/100|[from] item: Sitrus Berry
|move|p1b: Metagross|Tera Blast|p2b: Big Mo|[anim] Tera Blast Ground
|-damage|p2b: Big Mo|26/100
|-ability|p2b: Big Mo|Stamina|boost
|-boost|p2b: Big Mo|def|1
|
|upkeep
|turn|5
|inactive|Mythicallegand has 30 seconds left.
|inactive|geardox has 30 seconds left.
|
|t:|1756339933
|move|p1b: Metagross|Bullet Punch|p2b: Big Mo
|-damage|p2b: Big Mo|0 fnt
|faint|p2b: Big Mo
|move|p2a: Chica|Brave Bird|p1a: Hydreigon
|-damage|p1a: Hydreigon|17/100
|-damage|p2a: Chica|62/100|[from] Recoil
|move|p1a: Hydreigon|Dark Pulse|p2a: Chica
|-damage|p2a: Chica|13/100
|
|upkeep
|
|t:|1756339942
|switch|p2b: Moonster|Amoonguss, L50, F, shiny|100/100
|turn|6
|
|t:|1756339960
|move|p2b: Moonster|Rage Powder|p2b: Moonster
|-singleturn|p2b: Moonster|move: Rage Powder
|move|p2a: Chica|Brave Bird|p1b: Metagross
|-damage|p1b: Metagross|8/100
|-damage|p2a: Chica|8/100|[from] Recoil
|move|p1a: Hydreigon|Dark Pulse|p2b: Moonster
|-damage|p2b: Moonster|49/100
|move|p1b: Metagross|Psychic Fangs|p2b: Moonster
|-supereffective|p2b: Moonster
|-damage|p2b: Moonster|0 fnt
|-damage|p1b: Metagross|0 fnt|[from] item: Rocky Helmet|[of] p2b: Moonster
|faint|p2b: Moonster
|faint|p1b: Metagross
|
|-sideend|p2: geardox|move: Tailwind
|upkeep
|
|t:|1756339972
|switch|p1b: Annihilape|Annihilape, L50, F|81/100
|turn|7
|
|t:|1756339977
|move|p1b: Annihilape|Close Combat|p2a: Chica
|-damage|p2a: Chica|0 fnt
|-unboost|p1b: Annihilape|def|1
|-unboost|p1b: Annihilape|spd|1
|faint|p2a: Chica
|
|win|Mythicallegand
|raw|Mythicallegand's rating: 1260 → 1279(+19 for winning)
|raw|geardox's rating: 1177 → 1158(-19 for losing)
|l|☆Mythicallegand
|player|p1|
