|j|☆monsoonisbest
|j|☆alumno3
|html|monsoonisbestalumno3    
|uhtml|bestof|Game 1 of a best-of-3
|t:|1783091998
|gametype|doubles
|player|p1|monsoonisbest|101|1196
|player|p2|alumno3|n|1126
|gen|9
|tier|[Gen 9 Champions] VGC 2026 Reg M-B (Bo3)
|rated|
|rule|Species Clause: Limit one of each Pokémon
|rule|Item Clause: Limit 1 of each item
|clearpoke
|poke|p1|Swampert, L50, M|
|poke|p1|Pelipper, L50, M|
|poke|p1|Archaludon, L50, M|
|poke|p1|Sinistcha, L50|
|poke|p1|Kingambit, L50, F|
|poke|p1|Grimmsnarl, L50, M|
|poke|p2|Aerodactyl, L50, M|
|poke|p2|Metagross, L50|
|poke|p2|Incineroar, L50, F|
|poke|p2|Sylveon, L50, M|
|poke|p2|Garchomp, L50, M|
|poke|p2|Charizard, L50, F|
|teampreview|4
|showteam|p1|Swampert||Swampertite|Torrent|WaveCrash,Earthquake,IcePunch,Protect|Adamant||M|||50|]Pelipper||SitrusBerry|Drizzle|WeatherBall,Hurricane,WideGuard,Tailwind|Modest||M|||50|]Archaludon||Leftovers|Stamina|ElectroShot,DragonPulse,FlashCannon,Protect|Modest||M|||50|]Sinistcha||KasibBerry|Hospitality|MatchaGotcha,RagePowder,TrickRoom,Protect|Bold|||||50|]Kingambit||ChopleBerry|Defiant|KowtowCleave,SuckerPunch,LowKick,Protect|Adamant||F|||50|]Grimmsnarl||LightClay|Prankster|SpiritBreak,Reflect,LightScreen,PartingShot|Careful||M|||50|
|showteam|p2|Aerodactyl||FocusSash|Unnerve|Protect,Tailwind,RockSlide,DualWingbeat|Jolly||M|||50|]Metagross||Metagrossite|ClearBody|Protect,PsychicFangs,BodyPress,BulletPunch|Adamant|||||50|]Incineroar||SitrusBerry|Intimidate|FlareBlitz,FakeOut,PartingShot,DarkestLariat|Careful||F|||50|]Sylveon||FairyFeather|Pixilate|Detect,HyperVoice,HyperBeam,QuickAttack|Modest||M|||50|]Garchomp||LifeOrb|RoughSkin|Protect,RockSlide,Earthquake,DragonClaw|Jolly||M|||50|]Charizard||CharizarditeY|Blaze|Protect,WeatherBall,HeatWave,SolarBeam|Modest||F|||50|
|inactive|Battle timer is ON: inactive players will automatically lose when time's up. (requested by alumno3)
|inactive|alumno3 has 60 seconds left.
|
|t:|1783092037
|teamsize|p1|4
|teamsize|p2|4
|start
|switch|p1a: Grimmsnarl|Grimmsnarl, L50, M|100/100
|switch|p1b: Swampert|Swampert, L50, M|100/100
|switch|p2a: Incineroar|Incineroar, L50, F|100/100
|switch|p2b: Sylveon|Sylveon, L50, M|100/100
|-ability|p2a: Incineroar|Intimidate|boost
|-unboost|p1a: Grimmsnarl|atk|1
|-unboost|p1b: Swampert|atk|1
|turn|1
|
|t:|1783092056
|move|p1b: Swampert|Protect|p1b: Swampert
|-singleturn|p1b: Swampert|Protect
|move|p2a: Incineroar|Fake Out|p1a: Grimmsnarl
|-damage|p1a: Grimmsnarl|89/100
|cant|p1a: Grimmsnarl|flinch
|move|p2b: Sylveon|Hyper Voice|p1a: Grimmsnarl|[spread] p1a
|-activate|p1b: Swampert|move: Protect
|-supereffective|p1a: Grimmsnarl|1
|-damage|p1a: Grimmsnarl|7/100
|
|upkeep
|turn|2
|
|t:|1783092079
|detailschange|p1b: Swampert|Swampert-Mega, L50, M
|-mega|p1b: Swampert|Swampert|Swampertite
|move|p2b: Sylveon|Quick Attack|p1a: Grimmsnarl
|-supereffective|p1a: Grimmsnarl|1
|-damage|p1a: Grimmsnarl|0 fnt
|faint|p1a: Grimmsnarl
|move|p1b: Swampert|Wave Crash|p2b: Sylveon
|-damage|p2b: Sylveon|44/100
|-damage|p1b: Swampert|82/100|[from] Recoil
|move|p2a: Incineroar|Parting Shot|p1b: Swampert
|-unboost|p1b: Swampert|atk|1
|-unboost|p1b: Swampert|spa|1
|
|t:|1783092093
|switch|p2a: Garchomp|Garchomp, L50, M|100/100|[from] Parting Shot
|
|upkeep
|
|t:|1783092099
|switch|p1a: Pelipper|Pelipper, L50, M|100/100
|-weather|RainDance|[from] ability: Drizzle|[of] p1a: Pelipper
|turn|3
|
|t:|1783092112
|switch|p1b: Archaludon|Archaludon, L50, M|100/100
|switch|p2a: Incineroar|Incineroar, L50, F|100/100
|-ability|p2a: Incineroar|Intimidate|boost
|-unboost|p1a: Pelipper|atk|1
|-unboost|p1b: Archaludon|atk|1
|move|p1a: Pelipper|Tailwind|p1a: Pelipper
|-sidestart|p1: monsoonisbest|move: Tailwind
|move|p2b: Sylveon|Hyper Beam|p1a: Pelipper
|-damage|p1a: Pelipper|0 fnt
|-mustrecharge|p2b: Sylveon
|faint|p1a: Pelipper
|
|-weather|RainDance|[upkeep]
|upkeep
|
|t:|1783092116
|switch|p1a: Swampert|Swampert-Mega, L50, M|82/100
|turn|4
|
|t:|1783092129
|switch|p2a: Garchomp|Garchomp, L50, M|100/100
|move|p1a: Swampert|Wave Crash|p2a: Garchomp
|-damage|p2a: Garchomp|0 fnt
|-damage|p1a: Swampert|70/100|[from] ability: Rough Skin|[of] p2a: Garchomp
|faint|p2a: Garchomp
|-damage|p1a: Swampert|37/100|[from] Recoil
|move|p1b: Archaludon|Electro Shot||[still]
|-prepare|p1b: Archaludon|Electro Shot
|-boost|p1b: Archaludon|spa|1
|-anim|p1b: Archaludon|Electro Shot|p2b: Sylveon
|-damage|p2b: Sylveon|0 fnt
|faint|p2b: Sylveon
|
|-weather|RainDance|[upkeep]
|upkeep
|
|t:|1783092143
|switch|p2a: Incineroar|Incineroar, L50, F|100/100
|switch|p2b: Charizard|Charizard, L50, F|100/100
|-ability|p2a: Incineroar|Intimidate|boost
|-unboost|p1a: Swampert|atk|1
|-unboost|p1b: Archaludon|atk|1
|turn|5
|
|t:|1783092150
|detailschange|p2b: Charizard|Charizard-Mega-Y, L50, F
|-mega|p2b: Charizard|Charizard|Charizardite Y
|-weather|SunnyDay|[from] ability: Drought|[of] p2b: Charizard
|move|p1b: Archaludon|Protect|p1b: Archaludon
|-singleturn|p1b: Archaludon|Protect
|move|p1a: Swampert|Protect|p1a: Swampert
|-singleturn|p1a: Swampert|Protect
|move|p2a: Incineroar|Fake Out|p1a: Swampert
|-activate|p1a: Swampert|move: Protect
|move|p2b: Charizard|Weather Ball|p1b: Archaludon
|-activate|p1b: Archaludon|move: Protect
|
|-weather|SunnyDay|[upkeep]
|upkeep
|turn|6
|
|t:|1783092165
|move|p2b: Charizard|Protect|p2b: Charizard
|-singleturn|p2b: Charizard|Protect
|move|p1b: Archaludon|Dragon Pulse|p2b: Charizard
|-activate|p2b: Charizard|move: Protect
|move|p1a: Swampert|Wave Crash|p2b: Charizard
|-activate|p2b: Charizard|move: Protect
|move|p2a: Incineroar|Darkest Lariat|p1a: Swampert
|-damage|p1a: Swampert|9/100
|
|-weather|SunnyDay|[upkeep]
|-sideend|p1: monsoonisbest|move: Tailwind
|upkeep
|turn|7
|
|t:|1783092187
|move|p2b: Charizard|Heat Wave|p1b: Archaludon|[spread] p1a,p1b
|-resisted|p1a: Swampert|1
|-damage|p1a: Swampert|0 fnt
|-damage|p1b: Archaludon|34/100
|-ability|p1b: Archaludon|Stamina|boost
|-boost|p1b: Archaludon|def|1
|faint|p1a: Swampert
|move|p1b: Archaludon|Dragon Pulse|p2b: Charizard
|-damage|p2b: Charizard|47/100
|move|p2a: Incineroar|Darkest Lariat|p1b: Archaludon
|-damage|p1b: Archaludon|9/100
|-ability|p1b: Archaludon|Stamina|boost
|-boost|p1b: Archaludon|def|1
|
|-weather|SunnyDay|[upkeep]
|-heal|p1b: Archaludon|15/100|[from] item: Leftovers
|upkeep
|turn|8
|
|t:|1783092196
|move|p2b: Charizard|Weather Ball|p1b: Archaludon
|-damage|p1b: Archaludon|0 fnt
|faint|p1b: Archaludon
|
|win|alumno3
