|j|☆magic 561
|j|☆fortree21utube
|html|magic 561fortree21utube    
|uhtml|bestof|Game 3 of a best-of-3
|t:|1755631290
|gametype|doubles
|player|p1|magic 561|266|1328
|player|p2|fortree21utube|266|1244
|gen|9
|tier|[Gen 9] VGC 2025 Reg H (Bo3)
|rated|
|rule|Species Clause: Limit one of each Pokémon
|rule|Item Clause: Limit 1 of each item
|clearpoke
|poke|p1|Hydreigon, L50, F|
|poke|p1|Metagross, L50|
|poke|p1|Ninetales-Alola, L50, F|
|poke|p1|Basculegion, L50, M|
|poke|p1|Kilowattrel, L50, M|
|poke|p1|Incineroar, L50, F|
|poke|p2|Kingambit, L50, F|
|poke|p2|Rillaboom, L50, F|
|poke|p2|Electabuzz, L50, M|
|poke|p2|Volcarona, L50, M|
|poke|p2|Sneasler, L50, F|
|poke|p2|Dragonite, L50, F|
|teampreview|4
|showteam|p1|Hydreigon||LifeOrb|Levitate|DarkPulse,DracoMeteor,EarthPower,Protect|||F|||50|,,,,,Poison]Metagross||AssaultVest|ClearBody|BulletPunch,HeavySlam,PsychicFangs,HammerArm||||||50|,,,,,Water]Ninetales-Alola||NeverMeltIce|SnowWarning|Moonblast,IcyWind,Blizzard,Protect|||F|||50|,,,,,Ice]Basculegion||ChoiceScarf|Adaptability|WaveCrash,LastRespects,AquaJet,FlipTurn|||M|||50|,,,,,Grass]Kilowattrel||FocusSash|Competitive|Thunderbolt,AirSlash,Tailwind,Protect|||M|||50|,,,,,Ghost]Incineroar||SafetyGoggles|Intimidate|KnockOff,FlareBlitz,PartingShot,FakeOut|||F|||50|,,,,,Ghost
|showteam|p2|Kingambit||BlackGlasses|Defiant|Protect,KowtowCleave,SuckerPunch,SwordsDance|||F|||50|,,,,,Dark]Rillaboom||AssaultVest|GrassySurge|WoodHammer,GrassyGlide,HighHorsepower,FakeOut|||F|||50|,,,,,Fire]Electabuzz||Eviolite|VitalSpirit|Protect,Thunderbolt,HelpingHand,FollowMe|||M|||50|,,,,,Ghost]Volcarona||CovertCloak|FlameBody|Protect,HeatWave,TeraBlast,QuiverDance|||M|||50|,,,,,Fairy]Sneasler||FocusSash|Unburden|CloseCombat,DireClaw,Coaching,FakeOut|||F|||50|,,,,,Stellar]Dragonite||LoadedDice|Multiscale|ScaleShot,Haze,ExtremeSpeed,Protect|||F|||50|,,,,,Fairy
|inactive|Battle timer is ON: inactive players will automatically lose when time's up. (requested by magic 561)
|inactive|magic 561 has 60 seconds left.
|
|t:|1755631338
|teamsize|p1|4
|teamsize|p2|4
|start
|switch|p1a: Metagross|Metagross, L50|100/100
|switch|p1b: Basculegion|Basculegion, L50, M|100/100
|switch|p2a: WrathofKhan|Kingambit, L50, F, shiny|100/100
|switch|p2b: Shigaraki|Sneasler, L50, F|100/100
|turn|1
|inactive|magic 561 has 30 seconds left.
|inactive|fortree21utube has 30 seconds left.
|inactive|magic 561 has 20 seconds left.
|inactive|magic 561 has 15 seconds left.
|inactive|magic 561 has 10 seconds left.
|
|t:|1755631387
|switch|p1b: Ninetales|Ninetales-Alola, L50, F|100/100
|-weather|Snowscape|[from] ability: Snow Warning|[of] p1b: Ninetales
|-terastallize|p2a: WrathofKhan|Dark
|move|p2a: WrathofKhan|Sucker Punch||[still]
|-fail|p2a: WrathofKhan
|move|p2b: Shigaraki|Coaching|p2a: WrathofKhan
|-boost|p2a: WrathofKhan|atk|1
|-boost|p2a: WrathofKhan|def|1
|move|p1a: Metagross|Hammer Arm|p2a: WrathofKhan
|-supereffective|p2a: WrathofKhan
|-damage|p2a: WrathofKhan|66/100
|-unboost|p1a: Metagross|spe|1
|
|-weather|Snowscape|[upkeep]
|upkeep
|turn|2
|inactive|fortree21utube has 30 seconds left.
|
|t:|1755631415
|-terastallize|p1a: Metagross|Water
|move|p1b: Ninetales|Protect|p1b: Ninetales
|-singleturn|p1b: Ninetales|Protect
|move|p2b: Shigaraki|Dire Claw|p1b: Ninetales
|-activate|p1b: Ninetales|move: Protect
|move|p2a: WrathofKhan|Kowtow Cleave|p1a: Metagross
|-damage|p1a: Metagross|10/100
|move|p1a: Metagross|Psychic Fangs|p2b: Shigaraki
|-supereffective|p2b: Shigaraki
|-enditem|p2b: Shigaraki|Focus Sash
|-damage|p2b: Shigaraki|1/100
|
|-weather|Snowscape|[upkeep]
|upkeep
|turn|3
|inactive|magic 561 has 30 seconds left.
|inactive|fortree21utube has 30 seconds left.
|
|t:|1755631443
|switch|p2b: Litofsky|Electabuzz, L50, M, shiny|100/100
|move|p2a: WrathofKhan|Protect|p2a: WrathofKhan
|-singleturn|p2a: WrathofKhan|Protect
|move|p1a: Metagross|Bullet Punch|p2b: Litofsky
|-resisted|p2b: Litofsky
|-damage|p2b: Litofsky|92/100
|move|p1b: Ninetales|Moonblast|p2a: WrathofKhan
|-activate|p2a: WrathofKhan|move: Protect
|
|-weather|Snowscape|[upkeep]
|upkeep
|turn|4
|
|t:|1755631459
|switch|p1a: Adel|Hydreigon, L50, F|100/100
|move|p2b: Litofsky|Follow Me|p2b: Litofsky
|-singleturn|p2b: Litofsky|move: Follow Me
|move|p1b: Ninetales|Blizzard|p2a: WrathofKhan|[spread] p2a,p2b
|-damage|p2a: WrathofKhan|28/100
|-damage|p2b: Litofsky|61/100
|move|p2a: WrathofKhan|Kowtow Cleave|p1a: Adel
|-resisted|p1a: Adel
|-damage|p1a: Adel|28/100
|
|-weather|Snowscape|[upkeep]
|upkeep
|turn|5
|inactive|magic 561 has 30 seconds left.
|inactive|magic 561 has 20 seconds left.
|
|t:|1755631497
|move|p2a: WrathofKhan|Protect|p2a: WrathofKhan
|-singleturn|p2a: WrathofKhan|Protect
|move|p1b: Ninetales|Blizzard|p2b: Litofsky|[spread] p2b
|-activate|p2a: WrathofKhan|move: Protect
|-damage|p2b: Litofsky|32/100
|move|p1a: Adel|Earth Power|p2b: Litofsky
|-supereffective|p2b: Litofsky
|-damage|p2b: Litofsky|0 fnt
|faint|p2b: Litofsky
|-damage|p1a: Adel|19/100|[from] item: Life Orb
|
|-weather|none
|upkeep
|
|t:|1755631514
|switch|p2b: Shigaraki|Sneasler, L50, F|1/100
|turn|6
|inactive|magic 561 has 30 seconds left.
|inactive|fortree21utube has 30 seconds left.
|inactive|magic 561 has 20 seconds left.
|
|t:|1755631553
|switch|p1b: Basculegion|Basculegion, L50, M|100/100
|move|p2a: WrathofKhan|Sucker Punch||[still]
|-fail|p2a: WrathofKhan
|move|p2b: Shigaraki|Dire Claw|p1a: Adel
|-damage|p1a: Adel|0 fnt
|faint|p1a: Adel
|
|upkeep
|
|t:|1755631566
|switch|p1a: Ninetales|Ninetales-Alola, L50, F|100/100
|-weather|Snowscape|[from] ability: Snow Warning|[of] p1a: Ninetales
|turn|7
|
|t:|1755631582
|switch|p2b: All for One|Dragonite, L50, F|100/100
|move|p1b: Basculegion|Aqua Jet|p2b: All for One
|-resisted|p2b: All for One
|-damage|p2b: All for One|93/100
|move|p2a: WrathofKhan|Sucker Punch|p1a: Ninetales
|-resisted|p1a: Ninetales
|-damage|p1a: Ninetales|50/100
|move|p1a: Ninetales|Blizzard|p2b: All for One|[spread] p2a,p2b
|-supereffective|p2b: All for One
|-damage|p2a: WrathofKhan|0 fnt
|-damage|p2b: All for One|0 fnt
|faint|p2a: WrathofKhan
|faint|p2b: All for One
|
|-weather|Snowscape|[upkeep]
|upkeep
|c|☆magic 561|gg wp
|-message|fortree21utube forfeited.
|
|win|magic 561
|raw|magic 561's rating: 1328 → 1343(+15 for winning)
|raw|fortree21utube's rating: 1244 → 1225(-19 for losing)
|l|☆fortree21utube
|player|p2|
|c|☆magic 561|especially g2
