|j|☆dengonumber1fan
|j|☆Shnipe_Cizy
|html|dengonumber1fanShnipe_Cizy    
|uhtml|bestof|Game 3 of a best-of-3
|t:|1757695814
|gametype|doubles
|player|p1|dengonumber1fan|benga|
|player|p2|Shnipe_Cizy|blue-masters2|
|gen|9
|tier|[Gen 9] VGC 2025 Reg H (Bo3)
|rule|Species Clause: Limit one of each Pokémon
|rule|Item Clause: Limit 1 of each item
|clearpoke
|poke|p1|Sneasler, L50, F|
|poke|p1|Gholdengo, L50|
|poke|p1|Ursaluna-Bloodmoon, L50, M|
|poke|p1|Incineroar, L50, M|
|poke|p1|Annihilape, L50, F|
|poke|p1|Rillaboom, L50, M|
|poke|p2|Dondozo, L50, M|
|poke|p2|Tatsugiri, L50, M|
|poke|p2|Sneasler, L50, F|
|poke|p2|Indeedee, L50, M|
|poke|p2|Talonflame, L50, M|
|poke|p2|Ursaluna-Bloodmoon, L50, M|
|teampreview|4
|showteam|p1|Sneasler||GrassySeed|Unburden|CloseCombat,DireClaw,Acrobatics,Protect|||F|||50|,,,,,Flying]Gholdengo||ChoiceScarf|GoodasGold|MakeItRain,ShadowBall,Trick,Protect||||||50|,,,,,Steel]Ursaluna-Bloodmoon||Leftovers|MindsEye|BloodMoon,EarthPower,CalmMind,Protect|||M|||50|,,,,,Water]Incineroar||SitrusBerry|Intimidate|KnockOff,PartingShot,FlareBlitz,FakeOut|||M|||50|,,,,,Ghost]Annihilape||SafetyGoggles|Defiant|CloseCombat,RageFist,FinalGambit,Coaching|||F|||50|,,,,,Grass]Rillaboom||AssaultVest|GrassySurge|DrumBeating,GrassyGlide,HighHorsepower,FakeOut|||M|||50|,,,,,Fire
|showteam|p2|Dondozo||CovertCloak|Unaware|WaveCrash,OrderUp,TeraBlast,Protect|||M|||50|,,,,,Poison]Tatsugiri||SafetyGoggles|Commander|DragonPulse,MuddyWater,Taunt,Protect|||M|||50|,,,,,Fairy]Sneasler||PsychicSeed|Unburden|DireClaw,CloseCombat,ThroatChop,Protect|||F|||50|,,,,,Dark]Indeedee||FocusSash|PsychicSurge|ExpandingForce,TrickRoom,Imprison,Protect|||M|||50|,,,,,Psychic]Talonflame||ClearAmulet|GaleWings|BraveBird,FlareBlitz,Tailwind,Protect|||M|||50|,,,,,Ghost]Ursaluna-Bloodmoon||LifeOrb|MindsEye|BloodMoon,HyperVoice,EarthPower,Protect|||M|||50|,,,,,Normal
|inactive|Battle timer is ON: inactive players will automatically lose when time's up. (requested by dengonumber1fan)
|inactive|dengonumber1fan has 60 seconds left.
|inactive|dengonumber1fan has 30 seconds left.
|inactive|dengonumber1fan has 20 seconds left.
|
|t:|1757695885
|teamsize|p1|4
|teamsize|p2|4
|start
|switch|p1a: Rillaboom|Rillaboom, L50, M|100/100
|switch|p1b: Ursaluna|Ursaluna-Bloodmoon, L50, M|100/100
|switch|p2a: Talonflame|Talonflame, L50, M|100/100
|switch|p2b: Ursaluna|Ursaluna-Bloodmoon, L50, M|100/100
|-fieldstart|move: Grassy Terrain|[from] ability: Grassy Surge|[of] p1a: Rillaboom
|turn|1
|inactive|dengonumber1fan has 30 seconds left.
|inactive|Shnipe_Cizy has 30 seconds left.
|inactive|Shnipe_Cizy has 20 seconds left.
|
|t:|1757695925
|move|p1a: Rillaboom|Fake Out|p2b: Ursaluna
|-damage|p2b: Ursaluna|91/100
|move|p2a: Talonflame|Brave Bird|p1a: Rillaboom
|-supereffective|p1a: Rillaboom
|-damage|p1a: Rillaboom|15/100
|-damage|p2a: Talonflame|65/100|[from] Recoil
|cant|p2b: Ursaluna|flinch
|move|p1b: Ursaluna|Blood Moon|p2a: Talonflame
|-damage|p2a: Talonflame|0 fnt
|faint|p2a: Talonflame
|
|-heal|p1a: Rillaboom|21/100|[from] Grassy Terrain
|-heal|p2b: Ursaluna|97/100|[from] Grassy Terrain
|upkeep
|inactive|Shnipe_Cizy has 30 seconds left.
|
|t:|1757695955
|switch|p2a: Tatsugiri|Tatsugiri, L50, M|100/100
|turn|2
|
|t:|1757695978
|-terastallize|p1b: Ursaluna|Water
|move|p2a: Tatsugiri|Protect|p2a: Tatsugiri
|-singleturn|p2a: Tatsugiri|Protect
|move|p2b: Ursaluna|Protect|p2b: Ursaluna
|-singleturn|p2b: Ursaluna|Protect
|move|p1a: Rillaboom|Drum Beating|p2b: Ursaluna
|-activate|p2b: Ursaluna|move: Protect
|move|p1b: Ursaluna|Calm Mind|p1b: Ursaluna
|-boost|p1b: Ursaluna|spa|1
|-boost|p1b: Ursaluna|spd|1
|
|-heal|p1a: Rillaboom|28/100|[from] Grassy Terrain
|-heal|p2b: Ursaluna|100/100|[from] Grassy Terrain
|upkeep
|turn|3
|inactive|dengonumber1fan has 30 seconds left.
|
|t:|1757696008
|-terastallize|p2b: Ursaluna|Normal
|move|p1a: Rillaboom|Drum Beating|p2b: Ursaluna
|-damage|p2b: Ursaluna|62/100
|-unboost|p2b: Ursaluna|spe|1
|move|p2a: Tatsugiri|Dragon Pulse|p1a: Rillaboom
|-damage|p1a: Rillaboom|0 fnt
|faint|p1a: Rillaboom
|move|p1b: Ursaluna|Blood Moon|p2b: Ursaluna
|-damage|p2b: Ursaluna|0 fnt
|faint|p2b: Ursaluna
|
|upkeep
|
|t:|1757696021
|switch|p1a: Incineroar|Incineroar, L50, M|100/100
|switch|p2b: Dondozo|Dondozo, L50, M|100/100
|-ability|p1a: Incineroar|Intimidate|boost
|-unboost|p2a: Tatsugiri|atk|1
|-unboost|p2b: Dondozo|atk|1
|-activate|p2a: Tatsugiri|ability: Commander|[of] p2b: Dondozo
|-boost|p2b: Dondozo|atk|2
|-boost|p2b: Dondozo|spa|2
|-boost|p2b: Dondozo|spe|2
|-boost|p2b: Dondozo|def|2
|-boost|p2b: Dondozo|spd|2
|turn|4
|
|t:|1757696036
|switch|p1a: Gholdengo|Gholdengo, L50|100/100
|move|p2b: Dondozo|Wave Crash|p1a: Gholdengo
|-damage|p1a: Gholdengo|6/100
|-damage|p2b: Dondozo|78/100|[from] Recoil
|move|p1b: Ursaluna|Earth Power|p2b: Dondozo
|-damage|p2b: Dondozo|52/100
|
|-heal|p1a: Gholdengo|12/100|[from] Grassy Terrain
|-heal|p2b: Dondozo|59/100|[from] Grassy Terrain
|upkeep
|turn|5
|inactive|dengonumber1fan has 30 seconds left.
|
|t:|1757696070
|move|p1a: Gholdengo|Trick|p2b: Dondozo
|-activate|p1a: Gholdengo|move: Trick|[of] p2b: Dondozo
|-item|p2b: Dondozo|Choice Scarf|[from] move: Trick
|-item|p1a: Gholdengo|Covert Cloak|[from] move: Trick
|move|p2b: Dondozo|Order Up|p1a: Gholdengo
|-resisted|p1a: Gholdengo
|-damage|p1a: Gholdengo|0 fnt
|faint|p1a: Gholdengo
|-boost|p2b: Dondozo|atk|1
|move|p1b: Ursaluna|Blood Moon|p2b: Dondozo
|-damage|p2b: Dondozo|17/100
|
|-heal|p2b: Dondozo|23/100|[from] Grassy Terrain
|-fieldend|move: Grassy Terrain
|upkeep
|
|t:|1757696081
|switch|p1a: Incineroar|Incineroar, L50, M|100/100
|-ability|p1a: Incineroar|Intimidate|boost
|-unboost|p2a: Tatsugiri|atk|1
|-unboost|p2b: Dondozo|atk|1
|turn|6
|
|t:|1757696104
|move|p1a: Incineroar|Fake Out|p2b: Dondozo
|-damage|p2b: Dondozo|18/100
|cant|p2b: Dondozo|flinch
|move|p1b: Ursaluna|Calm Mind|p1b: Ursaluna
|-boost|p1b: Ursaluna|spa|1
|-boost|p1b: Ursaluna|spd|1
|
|upkeep
|turn|7
|
|t:|1757696113
|move|p2b: Dondozo|Order Up|p1b: Ursaluna
|-damage|p1b: Ursaluna|77/100
|-boost|p2b: Dondozo|atk|1
|move|p1b: Ursaluna|Earth Power|p2b: Dondozo
|-damage|p2b: Dondozo|0 fnt
|faint|p2b: Dondozo
|move|p1a: Incineroar|Knock Off|p2a: Tatsugiri
|-damage|p2a: Tatsugiri|19/100
|-enditem|p2a: Tatsugiri|Safety Goggles|[from] move: Knock Off|[of] p1a: Incineroar
|
|-heal|p1b: Ursaluna|83/100|[from] item: Leftovers
|upkeep
|turn|8
|c|☆Shnipe_Cizy|ggs
|-message|Shnipe_Cizy forfeited.
|
|win|dengonumber1fan
|c|☆dengonumber1fan|ggs
|c|☆Shnipe_Cizy|thought you switch the ursa out turn one, ngl
|c|☆Shnipe_Cizy|or protect switch
