|j|☆INT Moreira23
|j|☆Omarro
|html|INT Moreira23Omarro    
|uhtml|bestof|Game 2 of a best-of-3
|t:|1782765565
|gametype|doubles
|player|p1|INT Moreira23|blackbelt-gen4|1000
|player|p2|Omarro|dragontamer|1110
|gen|9
|tier|[Gen 9 Champions] VGC 2026 Reg M-B (Bo3)
|rated|
|rule|Species Clause: Limit one of each Pokémon
|rule|Item Clause: Limit 1 of each item
|clearpoke
|poke|p1|Charizard, L50, M|
|poke|p1|Farigiraf, L50, F|
|poke|p1|Venusaur, L50, M|
|poke|p1|Garchomp, L50, F|
|poke|p1|Incineroar, L50, M|
|poke|p1|Sylveon, L50, M|
|poke|p2|Annihilape, L50, F|
|poke|p2|Blastoise, L50, M|
|poke|p2|Corviknight, L50, M|
|poke|p2|Sinistcha-Masterpiece, L50|
|poke|p2|Steelix, L50, F|
|poke|p2|Klefki, L50, F|
|teampreview|4
|showteam|p1|Charizard||CharizarditeY|Blaze|HeatWave,WeatherBall,SolarBeam,Protect|Modest||M|||50|]Farigiraf||ColburBerry|ArmorTail|Psychic,Thunderbolt,HelpingHand,TrickRoom|Modest||F|||50|]Venusaur||FocusSash|Chlorophyll|LeafStorm,SludgeBomb,SleepPowder,Protect|Modest||M|||50|]Garchomp||LifeOrb|RoughSkin|RockSlide,DragonClaw,Earthquake,Protect|Jolly||F|||50|]Incineroar||SitrusBerry|Intimidate|FlareBlitz,DarkestLariat,PartingShot,FakeOut|Careful||M|||50|]Sylveon||FairyFeather|Pixilate|HyperVoice,HyperBeam,QuickAttack,Protect|Modest||M|||50|
|showteam|p2|Annihilape||Leftovers|Defiant|Protect,RockSlide,DrainPunch,RageFist|Adamant||F|||50|]Blastoise||Blastoisinite|Torrent|ShellSmash,AuraSphere,MuddyWater,IceBeam|Modest||M|||50|]Corviknight||SharpBeak|MirrorArmor|BulkUp,Roost,Tailwind,BraveBird|Careful||M|||50|]Sinistcha-Masterpiece||ColburBerry|Hospitality|RagePowder,TrickRoom,LifeDew,MatchaGotcha|Relaxed|||||50|]Steelix||Steelixite|RockHead|Protect,Earthquake,HeavySlam,RockSlide|Adamant||F|||50|]Klefki||OccaBerry|Prankster|Sandstorm,MagnetRise,LightScreen,TrickRoom|Relaxed||F|||50|
|
|t:|1782765579
|teamsize|p1|4
|teamsize|p2|4
|start
|switch|p1a: Charizard|Charizard, L50, M|100/100
|switch|p1b: Garchomp|Garchomp, L50, F|100/100
|switch|p2a: Blastoise|Blastoise, L50, M|100/100
|switch|p2b: Sinistcha|Sinistcha-Masterpiece, L50|100/100
|turn|1
|inactive|Battle timer is ON: inactive players will automatically lose when time's up. (requested by Omarro)
|inactive|INT Moreira23 has 60 seconds left.
|
|t:|1782765618
|switch|p2a: Corviknight|Corviknight, L50, M|100/100
|detailschange|p1a: Charizard|Charizard-Mega-Y, L50, M
|-mega|p1a: Charizard|Charizard|Charizardite Y
|-weather|SunnyDay|[from] ability: Drought|[of] p1a: Charizard
|move|p1b: Garchomp|Protect|p1b: Garchomp
|-singleturn|p1b: Garchomp|Protect
|move|p1a: Charizard|Weather Ball|p2b: Sinistcha
|-supereffective|p2b: Sinistcha|1
|-damage|p2b: Sinistcha|0 fnt
|faint|p2b: Sinistcha
|
|-weather|SunnyDay|[upkeep]
|upkeep
|
|t:|1782765634
|switch|p2b: Annihilape|Annihilape, L50, F|100/100
|turn|2
|
|t:|1782765649
|move|p2b: Annihilape|Protect|p2b: Annihilape
|-singleturn|p2b: Annihilape|Protect
|move|p1b: Garchomp|Dragon Claw|p2b: Annihilape
|-activate|p2b: Annihilape|move: Protect
|move|p1a: Charizard|Heat Wave|p2b: Annihilape|[spread] p2a
|-activate|p2b: Annihilape|move: Protect
|-supereffective|p2a: Corviknight|1
|-damage|p2a: Corviknight|8/100
|move|p2a: Corviknight|Tailwind|p2a: Corviknight
|-sidestart|p2: Omarro|move: Tailwind
|
|-weather|SunnyDay|[upkeep]
|upkeep
|turn|3
|inactive|INT Moreira23 has 30 seconds left.
|
|t:|1782765681
|switch|p1a: Venusaur|Venusaur, L50, M|100/100
|move|p2b: Annihilape|Rock Slide|p1a: Venusaur|[spread] p1a,p1b
|-resisted|p1b: Garchomp|1
|-damage|p1a: Venusaur|72/100
|-damage|p1b: Garchomp|90/100
|move|p2a: Corviknight|Roost|p2a: Corviknight
|-heal|p2a: Corviknight|58/100
|-singleturn|p2a: Corviknight|move: Roost
|move|p1b: Garchomp|Rock Slide|p2b: Annihilape|[spread] 
|-miss|p1b: Garchomp|p2a: Corviknight
|-miss|p1b: Garchomp|p2b: Annihilape
|
|-weather|SunnyDay|[upkeep]
|upkeep
|turn|4
|inactive|INT Moreira23 has 30 seconds left.
|inactive|Omarro has 30 seconds left.
|
|t:|1782765710
|move|p2b: Annihilape|Protect|p2b: Annihilape
|-singleturn|p2b: Annihilape|Protect
|move|p1a: Venusaur|Sleep Powder|p2a: Corviknight|[miss]
|-miss|p1a: Venusaur|p2a: Corviknight
|move|p2a: Corviknight|Roost|p2a: Corviknight
|-heal|p2a: Corviknight|100/100
|-singleturn|p2a: Corviknight|move: Roost
|move|p1b: Garchomp|Dragon Claw|p2b: Annihilape
|-activate|p2b: Annihilape|move: Protect
|
|-weather|SunnyDay|[upkeep]
|upkeep
|turn|5
|inactive|Omarro has 30 seconds left.
|
|t:|1782765736
|move|p1b: Garchomp|Protect|p1b: Garchomp
|-singleturn|p1b: Garchomp|Protect
|move|p1a: Venusaur|Sleep Powder|p2a: Corviknight
|-status|p2a: Corviknight|slp|[from] move: Sleep Powder
|move|p2b: Annihilape|Drain Punch|p1a: Venusaur
|-resisted|p1a: Venusaur|1
|-damage|p1a: Venusaur|45/100
|cant|p2a: Corviknight|slp
|
|-weather|none
|-sideend|p2: Omarro|move: Tailwind
|upkeep
|turn|6
|
|t:|1782765759
|move|p1b: Garchomp|Dragon Claw|p2b: Annihilape
|-damage|p2b: Annihilape|43/100
|-damage|p1b: Garchomp|80/100|[from] item: Life Orb
|move|p1a: Venusaur|Leaf Storm|p2b: Annihilape
|-damage|p2b: Annihilape|0 fnt
|-unboost|p1a: Venusaur|spa|2
|faint|p2b: Annihilape
|cant|p2a: Corviknight|slp
|
|upkeep
|
|t:|1782765770
|switch|p2b: Blastoise|Blastoise, L50, M|100/100
|turn|7
|inactive|Omarro has 30 seconds left.
|
|t:|1782765802
|detailschange|p2b: Blastoise|Blastoise-Mega, L50, M
|-mega|p2b: Blastoise|Blastoise|Blastoisinite
|move|p1b: Garchomp|Protect|p1b: Garchomp
|-singleturn|p1b: Garchomp|Protect
|move|p1a: Venusaur|Sleep Powder|p2b: Blastoise
|-status|p2b: Blastoise|slp|[from] move: Sleep Powder
|cant|p2b: Blastoise|slp
|-curestatus|p2a: Corviknight|slp|[msg]
|move|p2a: Corviknight|Tailwind|p2a: Corviknight
|-sidestart|p2: Omarro|move: Tailwind
|
|upkeep
|turn|8
|
|t:|1782765822
|switch|p1a: Charizard|Charizard-Mega-Y, L50, M|100/100
|-weather|SunnyDay|[from] ability: Drought|[of] p1a: Charizard
|cant|p2b: Blastoise|slp
|move|p2a: Corviknight|Brave Bird|p1a: Charizard
|-damage|p1a: Charizard|48/100
|-damage|p2a: Corviknight|84/100|[from] Recoil
|move|p1b: Garchomp|Dragon Claw|p2b: Blastoise
|-damage|p2b: Blastoise|46/100 slp
|-damage|p1b: Garchomp|71/100|[from] item: Life Orb
|
|-weather|SunnyDay|[upkeep]
|upkeep
|turn|9
|inactive|INT Moreira23 has 30 seconds left.
|
|t:|1782765856
|move|p1b: Garchomp|Protect|p1b: Garchomp
|-singleturn|p1b: Garchomp|Protect
|move|p1a: Charizard|Protect|p1a: Charizard
|-singleturn|p1a: Charizard|Protect
|-curestatus|p2b: Blastoise|slp|[msg]
|move|p2b: Blastoise|Muddy Water|p1b: Garchomp|[spread] 
|-activate|p1a: Charizard|move: Protect
|-activate|p1b: Garchomp|move: Protect
|move|p2a: Corviknight|Brave Bird|p1a: Charizard
|-activate|p1a: Charizard|move: Protect
|
|-weather|SunnyDay|[upkeep]
|upkeep
|turn|10
|
|t:|1782765874
|switch|p1b: Venusaur|Venusaur, L50, M|45/100
|switch|p1a: Farigiraf|Farigiraf, L50, F|100/100
|move|p2b: Blastoise|Ice Beam|p1b: Venusaur
|-supereffective|p1b: Venusaur|1
|-damage|p1b: Venusaur|0 fnt
|faint|p1b: Venusaur
|move|p2a: Corviknight|Brave Bird|p1a: Farigiraf
|-damage|p1a: Farigiraf|59/100
|-damage|p2a: Corviknight|69/100|[from] Recoil
|
|-weather|SunnyDay|[upkeep]
|-sideend|p2: Omarro|move: Tailwind
|upkeep
|
|t:|1782765895
|switch|p1b: Charizard|Charizard-Mega-Y, L50, M|48/100
|turn|11
|
|t:|1782765909
|move|p1b: Charizard|Weather Ball|p2a: Corviknight
|-supereffective|p2a: Corviknight|1
|-damage|p2a: Corviknight|0 fnt
|faint|p2a: Corviknight
|move|p2b: Blastoise|Shell Smash|p2b: Blastoise
|-unboost|p2b: Blastoise|def|1
|-unboost|p2b: Blastoise|spd|1
|-boost|p2b: Blastoise|atk|2
|-boost|p2b: Blastoise|spa|2
|-boost|p2b: Blastoise|spe|2
|move|p1a: Farigiraf|Thunderbolt|p2b: Blastoise
|-supereffective|p2b: Blastoise|1
|-damage|p2b: Blastoise|0 fnt
|faint|p2b: Blastoise
|
|win|INT Moreira23
|inactive|INT Moreira23 has 30 seconds to confirm battle start!
|inactive|Omarro has 30 seconds to confirm battle start!
||Omarro is ready for game 3.
||INT Moreira23 is ready for game 3.
|uhtml|next|Next: Game 3 of 3
|l|☆Omarro
|player|p2|
