|j|☆Luminose.s
|j|☆nikolasnaiz
|html|Luminose.snikolasnaiz    
|uhtml|bestof|Game 1 of a best-of-3
|t:|1756743478
|gametype|doubles
|player|p1|Luminose.s|101|1188
|player|p2|nikolasnaiz|larry|1198
|gen|9
|tier|[Gen 9] VGC 2025 Reg H (Bo3)
|rated|
|rule|Species Clause: Limit one of each Pokémon
|rule|Item Clause: Limit 1 of each item
|clearpoke
|poke|p1|Archaludon, L50, F|
|poke|p1|Basculegion, L50, M|
|poke|p1|Pelipper, L50, F|
|poke|p1|Sinistcha, L50|
|poke|p1|Farigiraf, L50, F|
|poke|p1|Incineroar, L50, M|
|poke|p2|Dragonite, L50, F|
|poke|p2|Ursaluna-Bloodmoon, L50, M|
|poke|p2|Annihilape, L50, F|
|poke|p2|Volcarona, L50, M|
|poke|p2|Rillaboom, L50, F|
|poke|p2|Incineroar, L50, M|
|teampreview|4
|showteam|p1|Archaludon||AssaultVest|Stamina|ElectroShot,DragonPulse,FlashCannon,BodyPress|||F|||50|,,,,,Bug]Basculegion||LifeOrb|SwiftSwim|Protect,LastRespects,WaveCrash,FlipTurn|||M|||50|,,,,,Stellar]Pelipper||FocusSash|Drizzle|Protect,Hurricane,WeatherBall,Tailwind|||F|||50|,,,,,Grass]Sinistcha||RockyHelmet|Hospitality|RagePowder,MatchaGotcha,StrengthSap,Protect||||||50|,,,,,Fire]Farigiraf||ThroatSpray|ArmorTail|DazzlingGleam,TrickRoom,HyperVoice,Protect|||F|||50|,,,,,Fairy]Incineroar||SafetyGoggles|Intimidate|FakeOut,KnockOff,FlareBlitz,PartingShot|||M|||50|,,,,,Water
|showteam|p2|Dragonite||LoadedDice|Multiscale|Protect,ScaleShot,Tailwind,Haze|||F|||50|,,,,,Steel]Ursaluna-Bloodmoon||FocusSash|MindsEye|Protect,BloodMoon,EarthPower,HyperVoice|||M|||50|,,,,,Normal]Annihilape||LumBerry|Defiant|Protect,RageFist,CloseCombat,Taunt|||F|||50|,,,,,Fire]Volcarona||CovertCloak|FlameBody|Protect,QuiverDance,HeatWave,TeraBlast|||M|||50|,,,,,Fairy]Rillaboom||AssaultVest|GrassySurge|FakeOut,WoodHammer,GrassyGlide,HighHorsepower|||F|||50|,,,,,Fire]Incineroar||SafetyGoggles|Intimidate|FakeOut,PartingShot,FlareBlitz,KnockOff|||M|||50|,,,,,Ghost
|inactive|Battle timer is ON: inactive players will automatically lose when time's up. (requested by nikolasnaiz)
|inactive|Luminose.s has 60 seconds left.
|
|t:|1756743522
|teamsize|p1|4
|teamsize|p2|4
|start
|switch|p1a: Basculegion|Basculegion, L50, M|100/100
|switch|p1b: Pelipper|Pelipper, L50, F|100/100
|switch|p2a: Dragonite|Dragonite, L50, F, shiny|100/100
|switch|p2b: Ursaluna|Ursaluna-Bloodmoon, L50, M|100/100
|-weather|RainDance|[from] ability: Drizzle|[of] p1b: Pelipper
|turn|1
|inactive|Luminose.s has 30 seconds left.
|
|t:|1756743548
|move|p1a: Basculegion|Protect|p1a: Basculegion
|-singleturn|p1a: Basculegion|Protect
|move|p2a: Dragonite|Tailwind|p2a: Dragonite
|-sidestart|p2: nikolasnaiz|move: Tailwind
|move|p2b: Ursaluna|Blood Moon|p1a: Basculegion
|-activate|p1a: Basculegion|move: Protect
|move|p1b: Pelipper|Tailwind|p1b: Pelipper
|-sidestart|p1: Luminose.s|move: Tailwind
|
|-weather|RainDance|[upkeep]
|upkeep
|turn|2
|
|t:|1756743568
|move|p2b: Ursaluna|Protect|p2b: Ursaluna
|-singleturn|p2b: Ursaluna|Protect
|move|p1a: Basculegion|Flip Turn|p2a: Dragonite
|-resisted|p2a: Dragonite
|-damage|p2a: Dragonite|85/100
|-damage|p1a: Basculegion|91/100|[from] item: Life Orb
|
|t:|1756743580
|switch|p1a: Sinistcha|Sinistcha, L50|100/100|[from] Flip Turn
|move|p2a: Dragonite|Scale Shot|p1b: Pelipper
|-damage|p1b: Pelipper|82/100
|-damage|p1b: Pelipper|64/100
|-damage|p1b: Pelipper|44/100
|-damage|p1b: Pelipper|24/100
|-damage|p1b: Pelipper|2/100
|-hitcount|p1b: Pelipper|5
|-unboost|p2a: Dragonite|def|1
|-boost|p2a: Dragonite|spe|1
|move|p1b: Pelipper|Hurricane|p2a: Dragonite
|-damage|p2a: Dragonite|28/100
|-start|p2a: Dragonite|confusion
|
|-weather|RainDance|[upkeep]
|upkeep
|turn|3
|inactive|Luminose.s has 30 seconds left.
|inactive|Luminose.s has 20 seconds left.
|
|t:|1756743615
|move|p1a: Sinistcha|Rage Powder|p1a: Sinistcha
|-singleturn|p1a: Sinistcha|move: Rage Powder
|-activate|p2a: Dragonite|confusion
|-damage|p2a: Dragonite|5/100|[from] confusion
|move|p1b: Pelipper|Weather Ball|p2b: Ursaluna
|-supereffective|p2b: Ursaluna
|-enditem|p2b: Ursaluna|Focus Sash
|-damage|p2b: Ursaluna|1/100
|move|p2b: Ursaluna|Hyper Voice|p1a: Sinistcha|[spread] p1a,p1b
|-damage|p1a: Sinistcha|71/100
|-damage|p1b: Pelipper|0 fnt
|faint|p1b: Pelipper
|
|-weather|RainDance|[upkeep]
|upkeep
|
|t:|1756743630
|switch|p1b: Basculegion|Basculegion, L50, M|91/100
|turn|4
|
|t:|1756743646
|switch|p1a: Farigiraf|Farigiraf, L50, F|100/100
|move|p2b: Ursaluna|Protect|p2b: Ursaluna
|-singleturn|p2b: Ursaluna|Protect
|move|p1b: Basculegion|Flip Turn|p2a: Dragonite
|-resisted|p2a: Dragonite
|-damage|p2a: Dragonite|0 fnt
|faint|p2a: Dragonite
|-damage|p1b: Basculegion|81/100|[from] item: Life Orb
|
|t:|1756743656
|switch|p1b: Sinistcha|Sinistcha, L50|71/100|[from] Flip Turn
|
|-weather|RainDance|[upkeep]
|-sideend|p1: Luminose.s|move: Tailwind
|-sideend|p2: nikolasnaiz|move: Tailwind
|upkeep
|
|t:|1756743668
|switch|p2a: Volcarona|Volcarona, L50, M|100/100
|turn|5
|inactive|Luminose.s has 30 seconds left.
|
|t:|1756743697
|-terastallize|p2b: Ursaluna|Normal
|move|p2a: Volcarona|Heat Wave|p1a: Farigiraf|[spread] p1b
|-miss|p2a: Volcarona|p1a: Farigiraf
|-supereffective|p1b: Sinistcha
|-damage|p1b: Sinistcha|44/100
|move|p2b: Ursaluna|Hyper Voice|p1b: Sinistcha|[spread] p1a,p1b
|-damage|p1a: Farigiraf|56/100
|-damage|p1b: Sinistcha|3/100
|move|p1b: Sinistcha|Matcha Gotcha|p2b: Ursaluna|[spread] p2a,p2b
|-resisted|p2a: Volcarona
|-damage|p2a: Volcarona|94/100
|-heal|p1b: Sinistcha|6/100|[from] drain|[of] p2a: Volcarona
|-damage|p2b: Ursaluna|0 fnt
|-heal|p1b: Sinistcha|7/100|[from] drain|[of] p2b: Ursaluna
|faint|p2b: Ursaluna
|move|p1a: Farigiraf|Trick Room|p1a: Farigiraf
|-fieldstart|move: Trick Room|[of] p1a: Farigiraf
|
|-weather|none
|upkeep
|
|t:|1756743703
|switch|p2b: Rillaboom|Rillaboom, L50, F|100/100
|-fieldstart|move: Grassy Terrain|[from] ability: Grassy Surge|[of] p2b: Rillaboom
|turn|6
|inactive|Luminose.s has 30 seconds left.
|
|t:|1756743735
|move|p1a: Farigiraf|Protect|p1a: Farigiraf
|-singleturn|p1a: Farigiraf|Protect
|move|p1b: Sinistcha|Strength Sap|p2b: Rillaboom
|-unboost|p2b: Rillaboom|atk|1
|-heal|p1b: Sinistcha|100/100
|move|p2b: Rillaboom|Wood Hammer|p1a: Farigiraf
|-activate|p1a: Farigiraf|move: Protect
|move|p2a: Volcarona|Heat Wave|p1b: Sinistcha|[spread] p1b
|-activate|p1a: Farigiraf|move: Protect
|-supereffective|p1b: Sinistcha
|-damage|p1b: Sinistcha|43/100
|
|-heal|p1a: Farigiraf|63/100|[from] Grassy Terrain
|-heal|p1b: Sinistcha|49/100|[from] Grassy Terrain
|-heal|p2a: Volcarona|100/100|[from] Grassy Terrain
|upkeep
|turn|7
|
|t:|1756743752
|move|p1a: Farigiraf|Hyper Voice|p2a: Volcarona|[spread] p2a,p2b
|-damage|p2a: Volcarona|78/100
|-damage|p2b: Rillaboom|84/100
|-enditem|p1a: Farigiraf|Throat Spray
|-boost|p1a: Farigiraf|spa|1|[from] item: Throat Spray
|move|p1b: Sinistcha|Strength Sap|p2b: Rillaboom
|-unboost|p2b: Rillaboom|atk|1
|-heal|p1b: Sinistcha|100/100
|move|p2b: Rillaboom|Wood Hammer|p1a: Farigiraf
|-damage|p1a: Farigiraf|33/100
|-damage|p2b: Rillaboom|73/100|[from] Recoil
|move|p2a: Volcarona|Heat Wave|p1a: Farigiraf|[spread] p1a
|-miss|p2a: Volcarona|p1b: Sinistcha
|-damage|p1a: Farigiraf|1/100
|-status|p1a: Farigiraf|brn
|
|-heal|p1a: Farigiraf|8/100 brn|[from] Grassy Terrain
|-heal|p2b: Rillaboom|79/100|[from] Grassy Terrain
|-heal|p2a: Volcarona|84/100|[from] Grassy Terrain
|-damage|p1a: Farigiraf|1/100 brn|[from] brn
|upkeep
|turn|8
|inactive|Luminose.s has 30 seconds left.
|
|t:|1756743782
|move|p1b: Sinistcha|Protect|p1b: Sinistcha
|-singleturn|p1b: Sinistcha|Protect
|move|p1a: Farigiraf|Hyper Voice|p2a: Volcarona|[spread] p2a,p2b
|-damage|p2a: Volcarona|45/100
|-damage|p2b: Rillaboom|52/100
|move|p2b: Rillaboom|Wood Hammer|p1a: Farigiraf
|-damage|p1a: Farigiraf|0 fnt
|faint|p1a: Farigiraf
|-damage|p2b: Rillaboom|51/100|[from] Recoil
|move|p2a: Volcarona|Quiver Dance|p2a: Volcarona
|-boost|p2a: Volcarona|spa|1
|-boost|p2a: Volcarona|spd|1
|-boost|p2a: Volcarona|spe|1
|
|-heal|p2b: Rillaboom|57/100|[from] Grassy Terrain
|-heal|p2a: Volcarona|51/100|[from] Grassy Terrain
|upkeep
|
|t:|1756743799
|switch|p1a: Basculegion|Basculegion, L50, M|81/100
|turn|9
|
|t:|1756743822
|-terastallize|p1b: Sinistcha|Fire
|move|p2a: Volcarona|Protect|p2a: Volcarona
|-singleturn|p2a: Volcarona|Protect
|move|p1b: Sinistcha|Rage Powder|p1b: Sinistcha
|-singleturn|p1b: Sinistcha|move: Rage Powder
|move|p1a: Basculegion|Last Respects|p2b: Rillaboom
|-damage|p2b: Rillaboom|0 fnt
|faint|p2b: Rillaboom
|-damage|p1a: Basculegion|72/100|[from] item: Life Orb
|
|-heal|p1a: Basculegion|77/100|[from] Grassy Terrain
|-heal|p2a: Volcarona|57/100|[from] Grassy Terrain
|-fieldend|move: Trick Room
|upkeep
|turn|10
|
|t:|1756743838
|move|p1b: Sinistcha|Rage Powder|p1b: Sinistcha
|-singleturn|p1b: Sinistcha|move: Rage Powder
|move|p2a: Volcarona|Heat Wave|p1a: Basculegion|[spread] p1a,p1b
|-resisted|p1a: Basculegion
|-resisted|p1b: Sinistcha
|-damage|p1a: Basculegion|52/100
|-damage|p1b: Sinistcha|81/100
|move|p1a: Basculegion|Last Respects|p2a: Volcarona
|-damage|p2a: Volcarona|0 fnt
|faint|p2a: Volcarona
|-damage|p1a: Basculegion|42/100|[from] item: Life Orb
|
|win|Luminose.s
||nikolasnaiz is ready for game 2.
||nikolasnaiz is ready for game 2.
||Luminose.s is ready for game 2.
|uhtml|next|Next: Game 2 of 3
