|j|☆ZeusPokePlays
|j|☆ilbailodimatone
|html|ZeusPokePlaysilbailodimatone    
|uhtml|bestof|Game 2 of a best-of-3
|t:|1757736223
|gametype|doubles
|player|p1|ZeusPokePlays|hugh|1118
|player|p2|ilbailodimatone|102|1227
|gen|9
|tier|[Gen 9] VGC 2025 Reg H (Bo3)
|rated|
|rule|Species Clause: Limit one of each Pokémon
|rule|Item Clause: Limit 1 of each item
|clearpoke
|poke|p1|Whimsicott, L50, F|
|poke|p1|Gengar, L50, F|
|poke|p1|Indeedee, L50, M|
|poke|p1|Gardevoir, L50, F|
|poke|p1|Dugtrio, L50, M|
|poke|p1|Annihilape, L50, F|
|poke|p2|Ursaluna, L50, M|
|poke|p2|Jumpluff, L50, M|
|poke|p2|Charizard, L50, F|
|poke|p2|Torkoal, L50, F|
|poke|p2|Incineroar, L50, M|
|poke|p2|Porygon2, L50|
|teampreview|4
|showteam|p1|Whimsicott||FocusSash|Prankster|Tailwind,Moonblast,Encore,SunnyDay|||F|||50|,,,,,Ghost]Gengar||ChoiceSpecs|CursedBody|ShadowBall,Thunderbolt,SludgeBomb,DazzlingGleam|||F|||50|,,,,,Dark]Indeedee||ChoiceScarf|PsychicSurge|ExpandingForce,Psychic,DazzlingGleam,ShadowBall|||M|||50|,,,,,Psychic]Gardevoir||LifeOrb|Trace|ExpandingForce,Moonblast,TeraBlast,Protect|||F|||50|,,,,,Fighting]Dugtrio||ClearAmulet|ArenaTrap|StompingTantrum,RockSlide,Charm,Protect|||M|||50|,,,,,Dragon]Annihilape||AssaultVest|VitalSpirit|BulkUp,RageFist,DrainPunch,GunkShot|||F|||50|,,,,,Dark
|showteam|p2|Ursaluna||FlameOrb|Guts|HeadlongRush,Facade,Earthquake,Protect|||M|||50|,,,,,Ghost]Jumpluff||CovertCloak|Chlorophyll|SleepPowder,SunnyDay,Tailwind,RagePowder|||M|||50|,,,,,Water]Charizard||ChoiceSpecs|SolarPower|AirSlash,HeatWave,Overheat,WeatherBall|||F|||50|,,,,,Ghost]Torkoal||EjectPack|Drought|HelpingHand,Eruption,Overheat,Protect|||F|||50|,,,,,Fire]Incineroar||SitrusBerry|Intimidate|FakeOut,FlareBlitz,KnockOff,PartingShot|||M|||50|,,,,,Ghost]Porygon2||Eviolite|Download|TeraBlast,IceBeam,Recover,TrickRoom||||||50|,,,,,Fighting
|
|t:|1757736242
|teamsize|p1|4
|teamsize|p2|4
|start
|switch|p1a: Gardevoir|Gardevoir, L50, F|100/100
|switch|p1b: Whimsicott|Whimsicott, L50, F|100/100
|switch|p2a: Jumpluff|Jumpluff, L50, M|100/100
|switch|p2b: Torkoal|Torkoal, L50, F|100/100
|-ability|p1a: Gardevoir|Chlorophyll|Trace|[from] ability: Trace|[of] p2a: Jumpluff
|-weather|SunnyDay|[from] ability: Drought|[of] p2b: Torkoal
|turn|1
|
|t:|1757736259
|move|p2b: Torkoal|Protect|p2b: Torkoal
|-singleturn|p2b: Torkoal|Protect
|move|p1b: Whimsicott|Tailwind|p1b: Whimsicott
|-sidestart|p1: ZeusPokePlays|move: Tailwind
|move|p1a: Gardevoir|Expanding Force|p2a: Jumpluff
|-damage|p2a: Jumpluff|42/100
|-damage|p1a: Gardevoir|91/100|[from] item: Life Orb
|move|p2a: Jumpluff|Sleep Powder|p1a: Gardevoir
|-status|p1a: Gardevoir|slp|[from] move: Sleep Powder
|
|-weather|SunnyDay|[upkeep]
|upkeep
|turn|2
|inactive|Battle timer is ON: inactive players will automatically lose when time's up. (requested by ZeusPokePlays)
|
|t:|1757736272
|cant|p1a: Gardevoir|slp
|move|p1b: Whimsicott|Moonblast|p2a: Jumpluff
|-damage|p2a: Jumpluff|3/100
|move|p2a: Jumpluff|Tailwind|p2a: Jumpluff
|-sidestart|p2: ilbailodimatone|move: Tailwind
|move|p2b: Torkoal|Eruption|p1b: Whimsicott|[spread] p1a,p1b
|-supereffective|p1b: Whimsicott
|-damage|p1a: Gardevoir|5/100 slp
|-enditem|p1b: Whimsicott|Focus Sash
|-damage|p1b: Whimsicott|1/100
|
|-weather|SunnyDay|[upkeep]
|upkeep
|turn|3
|
|t:|1757736282
|move|p2a: Jumpluff|Rage Powder|p2a: Jumpluff
|-singleturn|p2a: Jumpluff|move: Rage Powder
|move|p1b: Whimsicott|Encore|p2a: Jumpluff
|-start|p2a: Jumpluff|Encore
|cant|p1a: Gardevoir|slp
|move|p2b: Torkoal|Eruption|p1a: Gardevoir|[spread] p1a,p1b
|-supereffective|p1b: Whimsicott
|-damage|p1a: Gardevoir|0 fnt
|-damage|p1b: Whimsicott|0 fnt
|faint|p1a: Gardevoir
|faint|p1b: Whimsicott
|
|-weather|SunnyDay|[upkeep]
|upkeep
|
|t:|1757736286
|switch|p1b: Dugtrio|Dugtrio, L50, M|100/100
|switch|p1a: Indeedee|Indeedee, L50, M|100/100
|-fieldstart|move: Psychic Terrain|[from] ability: Psychic Surge|[of] p1a: Indeedee
|turn|4
|
|t:|1757736310
|move|p2a: Jumpluff|Rage Powder|p2a: Jumpluff
|-singleturn|p2a: Jumpluff|move: Rage Powder
|move|p1a: Indeedee|Psychic|p2a: Jumpluff
|-damage|p2a: Jumpluff|0 fnt
|faint|p2a: Jumpluff
|move|p1b: Dugtrio|Stomping Tantrum|p2b: Torkoal
|-supereffective|p2b: Torkoal
|-damage|p2b: Torkoal|53/100
|move|p2b: Torkoal|Overheat|p1b: Dugtrio
|-crit|p1b: Dugtrio
|-damage|p1b: Dugtrio|0 fnt
|-unboost|p2b: Torkoal|spa|2
|faint|p1b: Dugtrio
|-enditem|p2b: Torkoal|Eject Pack
|
|t:|1757736314
|switch|p2b: Ursaluna|Ursaluna, L50, M|100/100
|
|-weather|SunnyDay|[upkeep]
|-sideend|p1: ZeusPokePlays|move: Tailwind
|-status|p2b: Ursaluna|brn|[from] item: Flame Orb
|upkeep
|
|t:|1757736316
|switch|p2a: Charizard|Charizard, L50, F|100/100
|turn|5
|-message|ZeusPokePlays forfeited.
|
|win|ilbailodimatone
|raw|ZeusPokePlays's rating: 1118 → 1101(-17 for losing)
|raw|ilbailodimatone's rating: 1227 → 1244(+17 for winning)
|l|☆ZeusPokePlays
|player|p1|
|l|☆ilbailodimatone
|player|p2|
