|j|☆MetaphorCrazyMonk
|j|☆datrandomguy787
|html|MetaphorCrazyMonkdatrandomguy787    
|uhtml|bestof|Game 2 of a best-of-3
|t:|1786057282
|gametype|doubles
|player|p1|MetaphorCrazyMonk|169|1344
|player|p2|datrandomguy787|169|1271
|gen|9
|tier|[Gen 9 Champions] VGC 2026 Reg M-B (Bo3)
|rated|
|rule|Species Clause: Limit one of each Pokémon
|rule|Item Clause: Limit 1 of each item
|clearpoke
|poke|p1|Tyranitar, L50, M|
|poke|p1|Excadrill, L50, M, shiny|
|poke|p1|Sneasler, L50, M|
|poke|p1|Delphox, L50, M|
|poke|p1|Incineroar, L50, M|
|poke|p1|Tsareena, L50, F|
|poke|p2|Sneasler, L50, M|
|poke|p2|Blastoise, L50, M|
|poke|p2|Kingambit, L50, M|
|poke|p2|Incineroar, L50, M|
|poke|p2|Delphox, L50, F|
|poke|p2|Sinistcha, L50|
|teampreview|4
|showteam|p1|Tyranitar||Tyranitarite|SandStream|RockSlide,KnockOff,DragonDance,Protect|Jolly||M|||50|]Excadrill||FocusSash|SandRush|HighHorsepower,IronHead,RockSlide,Protect|Adamant||M|||50|]Sneasler||WhiteHerb|Unburden|CloseCombat,DireClaw,FakeOut,Coaching|Jolly||M|||50|]Delphox||Delphoxite|Blaze|HeatWave,Psychic,NastyPlot,Protect|Timid||M|||50|]Incineroar||SitrusBerry|Intimidate|FlareBlitz,FakeOut,PartingShot,DarkestLariat|Impish||M|||50|]Tsareena||ExpertBelt|QueenlyMajesty|PowerWhip,LowKick,HelpingHand,Protect|Adamant||F|||50|
|showteam|p2|Sneasler||FocusSash|PoisonTouch|PoisonJab,CloseCombat,FakeOut,QuickGuard|Jolly||M|||50|]Blastoise||Blastoisinite|RainDish|DarkPulse,WaterSpout,ShellSmash,Protect|Modest||M|||50|]Kingambit||BlackGlasses|Defiant|KowtowCleave,SuckerPunch,SwordsDance,Protect|Adamant||M|||50|]Incineroar||SitrusBerry|Intimidate|FlareBlitz,HelpingHand,PartingShot,FakeOut|Careful||M|||50|]Delphox||Delphoxite|Blaze|HeatWave,NastyPlot,Psychic,Protect|Modest||F|||50|]Sinistcha||ColburBerry|Hospitality|MatchaGotcha,RagePowder,TrickRoom,Protect|Bold|||||50|
|
|t:|1786057333
|teamsize|p1|4
|teamsize|p2|4
|start
|switch|p1a: Tsareena|Tsareena, L50, F|100/100
|switch|p1b: b.alario|Incineroar, L50, M|100/100
|switch|p2a: Delphox|Delphox, L50, F|100/100
|switch|p2b: Incineroar|Incineroar, L50, M|100/100
|-ability|p2b: Incineroar|Intimidate|boost
|-unboost|p1a: Tsareena|atk|1
|-unboost|p1b: b.alario|atk|1
|-ability|p1b: b.alario|Intimidate|boost
|-unboost|p2a: Delphox|atk|1
|-unboost|p2b: Incineroar|atk|1
|turn|1
|
|t:|1786057365
|switch|p1a: quando provo|Tyranitar, L50, M|100/100
|-weather|Sandstorm|[from] ability: Sand Stream|[of] p1a: quando provo
|move|p2a: Delphox|Protect|p2a: Delphox
|-singleturn|p2a: Delphox|Protect
|move|p1b: b.alario|Fake Out|p2b: Incineroar
|-damage|p2b: Incineroar|92/100
|cant|p2b: Incineroar|flinch
|
|-weather|Sandstorm|[upkeep]
|-damage|p2a: Delphox|94/100|[from] Sandstorm
|-damage|p2b: Incineroar|86/100|[from] Sandstorm
|-damage|p1b: b.alario|94/100|[from] Sandstorm
|upkeep
|turn|2
|
|t:|1786057422
|switch|p2a: Sinistcha|Sinistcha, L50|100/100
|-heal|p2b: Incineroar|100/100|[from] ability: Hospitality|[of] p2a: Sinistcha
|detailschange|p1a: quando provo|Tyranitar-Mega, L50, M
|-mega|p1a: quando provo|Tyranitar|Tyranitarite
|move|p1a: quando provo|Dragon Dance|p1a: quando provo
|-boost|p1a: quando provo|atk|1
|-boost|p1a: quando provo|spe|1
|move|p2b: Incineroar|Parting Shot|p1a: quando provo
|-unboost|p1a: quando provo|atk|1
|-unboost|p1a: quando provo|spa|1
|
|t:|1786057437
|switch|p2b: Sneasler|Sneasler, L50, M|100/100|[from] Parting Shot
|move|p1b: b.alario|Parting Shot|p2b: Sneasler
|-unboost|p2b: Sneasler|atk|1
|-unboost|p2b: Sneasler|spa|1
|
|t:|1786057450
|switch|p1b: sabotage|Sneasler, L50, M|100/100|[from] Parting Shot
|
|-weather|Sandstorm|[upkeep]
|-damage|p2b: Sneasler|94/100|[from] Sandstorm
|-damage|p1b: sabotage|94/100|[from] Sandstorm
|-damage|p2a: Sinistcha|93/100|[from] Sandstorm
|upkeep
|turn|3
|
|t:|1786057474
|move|p1a: quando provo|Protect|p1a: quando provo
|-singleturn|p1a: quando provo|Protect
|move|p2a: Sinistcha|Protect|p2a: Sinistcha
|-singleturn|p2a: Sinistcha|Protect
|move|p2b: Sneasler|Close Combat|p1a: quando provo
|-activate|p1a: quando provo|move: Protect
|move|p1b: sabotage|Coaching|p1a: quando provo
|-boost|p1a: quando provo|atk|1
|-boost|p1a: quando provo|def|1
|
|-weather|Sandstorm|[upkeep]
|-damage|p1b: sabotage|88/100|[from] Sandstorm
|-damage|p2b: Sneasler|88/100|[from] Sandstorm
|-damage|p2a: Sinistcha|87/100|[from] Sandstorm
|upkeep
|turn|4
|
|t:|1786057495
|switch|p1b: b.alario|Incineroar, L50, M|94/100
|-ability|p1b: b.alario|Intimidate|boost
|-unboost|p2a: Sinistcha|atk|1
|-unboost|p2b: Sneasler|atk|1
|switch|p2a: Incineroar|Incineroar, L50, M|100/100
|-ability|p2a: Incineroar|Intimidate|boost
|-unboost|p1a: quando provo|atk|1
|-unboost|p1b: b.alario|atk|1
|move|p1a: quando provo|Rock Slide|p2b: Sneasler|[spread] p2a,p2b
|-supereffective|p2a: Incineroar|1
|-resisted|p2b: Sneasler|1
|-damage|p2a: Incineroar|43/100
|-damage|p2b: Sneasler|60/100
|-enditem|p2a: Incineroar|Sitrus Berry|[eat]
|-heal|p2a: Incineroar|68/100|[from] item: Sitrus Berry
|move|p2b: Sneasler|Close Combat|p1a: quando provo
|-supereffective|p1a: quando provo|2
|-damage|p1a: quando provo|50/100g
|-unboost|p2b: Sneasler|def|1
|-unboost|p2b: Sneasler|spd|1
|
|-weather|Sandstorm|[upkeep]
|-damage|p2b: Sneasler|54/100|[from] Sandstorm
|-damage|p2a: Incineroar|62/100|[from] Sandstorm
|-damage|p1b: b.alario|88/100|[from] Sandstorm
|upkeep
|turn|5
|
|t:|1786057546
|switch|p2b: Sinistcha|Sinistcha, L50|87/100
|-heal|p2a: Incineroar|87/100|[from] ability: Hospitality|[of] p2b: Sinistcha
|move|p1a: quando provo|Protect|p1a: quando provo
|-singleturn|p1a: quando provo|Protect
|move|p2a: Incineroar|Parting Shot|p1a: quando provo
|-activate|p1a: quando provo|move: Protect
|move|p1b: b.alario|Flare Blitz|p2b: Sinistcha
|-supereffective|p2b: Sinistcha|1
|-damage|p2b: Sinistcha|35/100
|-damage|p1b: b.alario|73/100|[from] Recoil
|
|-weather|none
|upkeep
|turn|6
|
|t:|1786057559
|switch|p1b: sabotage|Sneasler, L50, M|88/100
|move|p2b: Sinistcha|Protect|p2b: Sinistcha
|-singleturn|p2b: Sinistcha|Protect
|move|p1a: quando provo|Dragon Dance|p1a: quando provo
|-boost|p1a: quando provo|atk|1
|-boost|p1a: quando provo|spe|1
|move|p2a: Incineroar|Parting Shot|p1a: quando provo
|-unboost|p1a: quando provo|atk|1
|-unboost|p1a: quando provo|spa|1
|
|t:|1786057568
|switch|p2a: Sneasler|Sneasler, L50, M|54/100|[from] Parting Shot
|
|upkeep
|turn|7
|
|t:|1786057592
|switch|p2b: Incineroar|Incineroar, L50, M|87/100
|-ability|p2b: Incineroar|Intimidate|boost
|-unboost|p1a: quando provo|atk|1
|-unboost|p1b: sabotage|atk|1
|-enditem|p1b: sabotage|White Herb
|-clearnegativeboost|p1b: sabotage|[silent]
|move|p1b: sabotage|Fake Out|p2a: Sneasler
|-damage|p2a: Sneasler|34/100
|move|p1a: quando provo|Knock Off|p2b: Incineroar
|-resisted|p2b: Incineroar|1
|-damage|p2b: Incineroar|76/100
|cant|p2a: Sneasler|flinch
|
|upkeep
|turn|8
|
|t:|1786057608
|switch|p1a: Tsareena|Tsareena, L50, F|100/100
|switch|p2b: Sinistcha|Sinistcha, L50|35/100
|-heal|p2a: Sneasler|59/100|[from] ability: Hospitality|[of] p2b: Sinistcha
|move|p1b: sabotage|Close Combat|p2b: Sinistcha
|-immune|p2b: Sinistcha
|move|p2a: Sneasler|Close Combat|p1a: Tsareena
|-damage|p1a: Tsareena|34/100
|-unboost|p2a: Sneasler|def|1
|-unboost|p2a: Sneasler|spd|1
|
|upkeep
|turn|9
|
|t:|1786057633
|move|p1a: Tsareena|Helping Hand|p1b: sabotage
|-singleturn|p1b: sabotage|Helping Hand|[of] p1a: Tsareena
|move|p2b: Sinistcha|Rage Powder|p2b: Sinistcha
|-singleturn|p2b: Sinistcha|move: Rage Powder
|move|p1b: sabotage|Dire Claw|p2b: Sinistcha
|-damage|p2b: Sinistcha|0 fnt
|faint|p2b: Sinistcha
|move|p2a: Sneasler|Close Combat|p1a: Tsareena
|-damage|p1a: Tsareena|0 fnt
|-unboost|p2a: Sneasler|def|1
|-unboost|p2a: Sneasler|spd|1
|faint|p1a: Tsareena
|
|upkeep
|
|t:|1786057643
|switch|p1a: b.alario|Incineroar, L50, M|73/100
|switch|p2b: Delphox|Delphox, L50, F|94/100
|-ability|p1a: b.alario|Intimidate|boost
|-unboost|p2a: Sneasler|atk|1
|-unboost|p2b: Delphox|atk|1
|turn|10
|
|t:|1786057687
|switch|p1b: quando provo|Tyranitar-Mega, L50, M|50/100g
|-weather|Sandstorm|[from] ability: Sand Stream|[of] p1b: quando provo
|switch|p2a: Incineroar|Incineroar, L50, M|76/100
|-ability|p2a: Incineroar|Intimidate|boost
|-unboost|p1a: b.alario|atk|1
|-unboost|p1b: quando provo|atk|1
|detailschange|p2b: Delphox|Delphox-Mega, L50, F
|-mega|p2b: Delphox|Delphox|Delphoxite
|move|p2b: Delphox|Protect|p2b: Delphox
|-singleturn|p2b: Delphox|Protect
|move|p1a: b.alario|Parting Shot|p2a: Incineroar
|-unboost|p2a: Incineroar|atk|1
|-unboost|p2a: Incineroar|spa|1
|
|t:|1786057699
|switch|p1a: sabotage|Sneasler, L50, M|88/100|[from] Parting Shot
|
|-weather|Sandstorm|[upkeep]
|-damage|p1a: sabotage|82/100|[from] Sandstorm
|-damage|p2b: Delphox|88/100|[from] Sandstorm
|-damage|p2a: Incineroar|70/100|[from] Sandstorm
|upkeep
|turn|11
|
|t:|1786057713
|move|p1a: sabotage|Fake Out|p2a: Incineroar
|-damage|p2a: Incineroar|58/100
|move|p2b: Delphox|Psychic|p1a: sabotage
|-supereffective|p1a: sabotage|2
|-damage|p1a: sabotage|0 fnt
|faint|p1a: sabotage
|move|p1b: quando provo|Dragon Dance|p1b: quando provo
|-boost|p1b: quando provo|atk|1
|-boost|p1b: quando provo|spe|1
|cant|p2a: Incineroar|flinch
|
|-weather|Sandstorm|[upkeep]
|-damage|p2b: Delphox|82/100|[from] Sandstorm
|-damage|p2a: Incineroar|52/100|[from] Sandstorm
|upkeep
|
|t:|1786057715
|switch|p1a: b.alario|Incineroar, L50, M|73/100
|-ability|p1a: b.alario|Intimidate|boost
|-unboost|p2a: Incineroar|atk|1
|-unboost|p2b: Delphox|atk|1
|turn|12
|
|t:|1786057724
|move|p1a: b.alario|Fake Out|p2a: Incineroar
|-damage|p2a: Incineroar|43/100
|move|p1b: quando provo|Dragon Dance|p1b: quando provo
|-boost|p1b: quando provo|atk|1
|-boost|p1b: quando provo|spe|1
|move|p2b: Delphox|Heat Wave|p1a: b.alario|[spread] p1a,p1b
|-resisted|p1a: b.alario|1
|-resisted|p1b: quando provo|1
|-damage|p1a: b.alario|56/100
|-damage|p1b: quando provo|39/100
|cant|p2a: Incineroar|flinch
|
|-weather|Sandstorm|[upkeep]
|-damage|p2b: Delphox|76/100|[from] Sandstorm
|-damage|p2a: Incineroar|37/100|[from] Sandstorm
|-damage|p1a: b.alario|50/100g|[from] Sandstorm
|upkeep
|turn|13
|
|t:|1786057733
|move|p2b: Delphox|Protect|p2b: Delphox
|-singleturn|p2b: Delphox|Protect
|move|p1b: quando provo|Rock Slide|p2b: Delphox|[spread] p2a
|-activate|p2b: Delphox|move: Protect
|-supereffective|p2a: Incineroar|1
|-damage|p2a: Incineroar|0 fnt
|faint|p2a: Incineroar
|move|p1a: b.alario|Flare Blitz|p2b: Delphox
|-activate|p2b: Delphox|move: Protect
|
|-weather|Sandstorm|[upkeep]
|-damage|p2b: Delphox|71/100|[from] Sandstorm
|-damage|p1a: b.alario|45/100|[from] Sandstorm
|-enditem|p1a: b.alario|Sitrus Berry|[eat]
|-heal|p1a: b.alario|69/100|[from] item: Sitrus Berry
|upkeep
|
|t:|1786057751
|switch|p2a: Sneasler|Sneasler, L50, M|59/100
|turn|14
|
|t:|1786057760
|move|p1b: quando provo|Rock Slide|p2b: Delphox|[spread] p2a,p2b
|-resisted|p2a: Sneasler|1
|-supereffective|p2b: Delphox|1
|-damage|p2a: Sneasler|17/100
|-damage|p2b: Delphox|0 fnt
|faint|p2b: Delphox
|move|p2a: Sneasler|Close Combat|p1a: b.alario
|-supereffective|p1a: b.alario|1
|-damage|p1a: b.alario|0 fnt
|-unboost|p2a: Sneasler|def|1
|-unboost|p2a: Sneasler|spd|1
|faint|p1a: b.alario
|
|-weather|none
|upkeep
|turn|15
|
|t:|1786057769
|move|p1b: quando provo|Knock Off|p2a: Sneasler
|-resisted|p2a: Sneasler|1
|-damage|p2a: Sneasler|0 fnt
|-enditem|p2a: Sneasler|Focus Sash|[from] move: Knock Off|[of] p1b: quando provo
|faint|p2a: Sneasler
|
|win|MetaphorCrazyMonk
||datrandomguy787 is ready for game 3.
||MetaphorCrazyMonk is ready for game 3.
|uhtml|next|Next: Game 3 of 3
|l|☆datrandomguy787
|player|p2|
