|j|☆marcosdeltasena31
|j|☆SongokuVG Fr
|html|marcosdeltasena31SongokuVG Fr    
|uhtml|bestof|Game 3 of a best-of-3
|t:|1755206401
|gametype|doubles
|player|p1|marcosdeltasena31|hilbert|1272
|player|p2|SongokuVG Fr|lucian|1327
|gen|9
|tier|[Gen 9] VGC 2025 Reg H (Bo3)
|rated|
|rule|Species Clause: Limit one of each Pokémon
|rule|Item Clause: Limit 1 of each item
|clearpoke
|poke|p1|Dragonite, L50, F|
|poke|p1|Sneasler, L50, F|
|poke|p1|Volcarona, L50, F|
|poke|p1|Rillaboom, L50, M|
|poke|p1|Kingambit, L50, F|
|poke|p1|Electabuzz, L50, F|
|poke|p2|Indeedee-F, L50, F|
|poke|p2|Gallade, L50, M|
|poke|p2|Armarouge, L50, M|
|poke|p2|Torkoal, L50, M|
|poke|p2|Ursaluna, L50, F|
|poke|p2|Lilligant-Hisui, L50, F|
|teampreview|4
|showteam|p1|Dragonite||LoadedDice|Multiscale|ScaleShot,ExtremeSpeed,Haze,Protect|||F|||50|,,,,,Fairy]Sneasler||FocusSash|PoisonTouch|DireClaw,CloseCombat,FakeOut,Coaching|||F|||50|,,,,,Ghost]Volcarona||CovertCloak|FlameBody|HeatWave,TeraBlast,QuiverDance,Protect|||F|||50|,,,,,Fairy]Rillaboom||AssaultVest|GrassySurge|WoodHammer,FakeOut,GrassyGlide,HighHorsepower|||M|||50|,,,,,Fire]Kingambit||BlackGlasses|Defiant|KowtowCleave,SwordsDance,SuckerPunch,Protect|||F|||50|,,,,,Dark]Electabuzz||Eviolite|VitalSpirit|Electroweb,FollowMe,Taunt,Protect|||F|||50|,,,,,Ghost
|showteam|p2|Indeedee-F||SafetyGoggles|PsychicSurge|FollowMe,TrickRoom,Psychic,HelpingHand|||F|||50|,,,,,Water]Gallade||ClearAmulet|Sharpness|SacredSword,TrickRoom,WideGuard,PsychoCut|||M|||50|,,,,,Grass]Armarouge||LifeOrb|FlashFire|ExpandingForce,ArmorCannon,TrickRoom,Protect|||M|||50|,,,,,Grass]Torkoal||ChoiceSpecs|Drought|Eruption,WeatherBall,EarthPower,SolarBeam|||M|||50|,,,,,Fire]Ursaluna||FlameOrb|Guts|Facade,Protect,HeadlongRush,Earthquake|||F|||50|,,,,,Ghost]Lilligant-Hisui||FocusSash|Chlorophyll|AfterYou,CloseCombat,SleepPowder,SolarBlade|||F|||50|,,,,,Ghost
|
|t:|1755206417
|teamsize|p1|4
|teamsize|p2|4
|start
|switch|p1a: Dragonite|Dragonite, L50, F|100/100
|switch|p1b: Electabuzz|Electabuzz, L50, F|100/100
|switch|p2a: Indeedee|Indeedee-F, L50, F|100/100
|switch|p2b: Gallade|Gallade, L50, M|100/100
|-fieldstart|move: Psychic Terrain|[from] ability: Psychic Surge|[of] p2a: Indeedee
|turn|1
|inactive|Battle timer is ON: inactive players will automatically lose when time's up. (requested by SongokuVG Fr)
|
|t:|1755206432
|switch|p1b: Rillaboom|Rillaboom, L50, M|100/100
|-fieldstart|move: Grassy Terrain|[from] ability: Grassy Surge|[of] p1b: Rillaboom
|move|p1a: Dragonite|Scale Shot|p2b: Gallade
|-damage|p2b: Gallade|78/100
|-damage|p2b: Gallade|58/100
|-damage|p2b: Gallade|38/100
|-damage|p2b: Gallade|17/100
|-hitcount|p2b: Gallade|4
|-unboost|p1a: Dragonite|def|1
|-boost|p1a: Dragonite|spe|1
|move|p2b: Gallade|Psycho Cut|p1a: Dragonite
|-damage|p1a: Dragonite|54/100
|move|p2a: Indeedee|Trick Room|p2a: Indeedee
|-fieldstart|move: Trick Room|[of] p2a: Indeedee
|
|-heal|p2b: Gallade|23/100|[from] Grassy Terrain
|upkeep
|turn|2
|
|t:|1755206454
|switch|p2a: Lilligant|Lilligant-Hisui, L50, F|100/100
|move|p1b: Rillaboom|Fake Out|p2a: Lilligant
|-damage|p2a: Lilligant|81/100
|move|p1a: Dragonite|Extreme Speed|p2b: Gallade
|-damage|p2b: Gallade|0 fnt
|faint|p2b: Gallade
|
|-heal|p2a: Lilligant|87/100|[from] Grassy Terrain
|upkeep
|
|t:|1755206462
|switch|p2b: Torkoal|Torkoal, L50, M|100/100
|-weather|SunnyDay|[from] ability: Drought|[of] p2b: Torkoal
|turn|3
|
|t:|1755206486
|-terastallize|p2b: Torkoal|Fire
|-terastallize|p1b: Rillaboom|Fire
|move|p2b: Torkoal|Eruption|p1a: Dragonite|[spread] p1a,p1b
|-resisted|p1a: Dragonite
|-resisted|p1b: Rillaboom
|-damage|p1a: Dragonite|0 fnt
|-damage|p1b: Rillaboom|47/100
|faint|p1a: Dragonite
|move|p1b: Rillaboom|High Horsepower|p2b: Torkoal
|-supereffective|p2b: Torkoal
|-damage|p2b: Torkoal|51/100
|move|p2a: Lilligant|Close Combat|p1b: Rillaboom
|-damage|p1b: Rillaboom|0 fnt
|-unboost|p2a: Lilligant|def|1
|-unboost|p2a: Lilligant|spd|1
|faint|p1b: Rillaboom
|
|-weather|SunnyDay|[upkeep]
|-heal|p2b: Torkoal|57/100|[from] Grassy Terrain
|-heal|p2a: Lilligant|93/100|[from] Grassy Terrain
|upkeep
|
|t:|1755206500
|switch|p1b: Electabuzz|Electabuzz, L50, F|100/100
|switch|p1a: Kingambit|Kingambit, L50, F|100/100
|turn|4
|
|t:|1755206516
|switch|p2a: Indeedee|Indeedee-F, L50, F|100/100
|-fieldstart|move: Psychic Terrain|[from] ability: Psychic Surge|[of] p2a: Indeedee
|move|p1a: Kingambit|Protect|p1a: Kingambit
|-singleturn|p1a: Kingambit|Protect
|move|p2b: Torkoal|Eruption|p1b: Electabuzz|[spread] p1b
|-activate|p1a: Kingambit|move: Protect
|-damage|p1b: Electabuzz|43/100
|move|p1b: Electabuzz|Electroweb|p2a: Indeedee|[spread] p2a,p2b
|-damage|p2a: Indeedee|86/100
|-damage|p2b: Torkoal|38/100
|-unboost|p2a: Indeedee|spe|1
|-unboost|p2b: Torkoal|spe|1
|
|-weather|SunnyDay|[upkeep]
|upkeep
|turn|5
|
|t:|1755206530
|move|p2a: Indeedee|Helping Hand|p2b: Torkoal
|-singleturn|p2b: Torkoal|Helping Hand|[of] p2a: Indeedee
|move|p1a: Kingambit|Protect||[still]
|-fail|p1a: Kingambit
|move|p1b: Electabuzz|Protect|p1b: Electabuzz
|-singleturn|p1b: Electabuzz|Protect
|move|p2b: Torkoal|Eruption|p1a: Kingambit|[spread] p1a
|-activate|p1b: Electabuzz|move: Protect
|-supereffective|p1a: Kingambit
|-damage|p1a: Kingambit|0 fnt
|faint|p1a: Kingambit
|
|-weather|SunnyDay|[upkeep]
|-fieldend|move: Trick Room
|upkeep
|turn|6
|
|t:|1755206543
|move|p1b: Electabuzz|Electroweb|p2b: Torkoal|[spread] 
|-miss|p1b: Electabuzz|p2a: Indeedee
|-miss|p1b: Electabuzz|p2b: Torkoal
|move|p2a: Indeedee|Psychic|p1b: Electabuzz
|-damage|p1b: Electabuzz|13/100
|move|p2b: Torkoal|Eruption|p1b: Electabuzz
|-damage|p1b: Electabuzz|0 fnt
|faint|p1b: Electabuzz
|
|win|SongokuVG Fr
|raw|marcosdeltasena31's rating: 1272 → 1251(-21 for losing)
|raw|SongokuVG Fr's rating: 1327 → 1344(+17 for winning)
