|j|☆legionvgc
|j|☆Qicide
|html|legionvgcQicide    
|uhtml|bestof|Game 2 of a best-of-3
|t:|1757732116
|gametype|doubles
|player|p1|legionvgc|101|1349
|player|p2|Qicide|red|1246
|gen|9
|tier|[Gen 9] VGC 2025 Reg H (Bo3)
|rated|
|rule|Species Clause: Limit one of each Pokémon
|rule|Item Clause: Limit 1 of each item
|clearpoke
|poke|p1|Jumpluff, L50, F|
|poke|p1|Charizard, L50, M|
|poke|p1|Incineroar, L50, M|
|poke|p1|Ursaluna, L50, M|
|poke|p1|Porygon2, L50|
|poke|p1|Torkoal, L50, M|
|poke|p2|Porygon2, L50|
|poke|p2|Incineroar, L50, F|
|poke|p2|Ursaluna, L50, M|
|poke|p2|Jumpluff, L50, M|
|poke|p2|Charizard, L50, F|
|poke|p2|Torkoal, L50, M|
|teampreview|4
|showteam|p1|Jumpluff||CovertCloak|Chlorophyll|RagePowder,SleepPowder,SunnyDay,Tailwind|||F|||50|,,,,,Water]Charizard||ChoiceSpecs|SolarPower|HeatWave,Overheat,WeatherBall,AirSlash|||M|||50|,,,,,Ghost]Incineroar||SitrusBerry|Intimidate|FlareBlitz,KnockOff,FakeOut,PartingShot|||M|||50|,,,,,Ghost]Ursaluna||FlameOrb|Guts|HeadlongRush,Facade,Earthquake,Protect|||M|||50|,,,,,Ghost]Porygon2||Eviolite|Download|TeraBlast,IceBeam,Recover,TrickRoom||||||50|,,,,,Fighting]Torkoal||EjectPack|Drought|Eruption,Overheat,HelpingHand,Protect|||M|||50|,,,,,Fire
|showteam|p2|Porygon2||Eviolite|Download|TeraBlast,IceBeam,TrickRoom,Recover||||||50|,,,,,Fighting]Incineroar||SitrusBerry|Intimidate|FakeOut,KnockOff,FlareBlitz,PartingShot|||F|||50|,,,,,Ghost]Ursaluna||FlameOrb|Guts|HeadlongRush,Facade,Earthquake,Protect|||M|||50|,,,,,Ghost]Jumpluff||CovertCloak|Chlorophyll|RagePowder,SunnyDay,Tailwind,SleepPowder|||M|||50|,,,,,Water]Charizard||ChoiceSpecs|SolarPower|HeatWave,Overheat,WeatherBall,SolarBeam|||F|||50|,,,,,Ghost]Torkoal||EjectPack|Drought|Overheat,Eruption,HelpingHand,Protect|||M|||50|,,,,,Fire
|inactive|Battle timer is ON: inactive players will automatically lose when time's up. (requested by Qicide)
|
|t:|1757732130
|teamsize|p1|4
|teamsize|p2|4
|start
|switch|p1a: Blueberry|Jumpluff, L50, F|100/100
|switch|p1b: Baloo|Ursaluna, L50, M, shiny|100/100
|switch|p2a: Jumpluff|Jumpluff, L50, M|100/100
|switch|p2b: Charizard|Charizard, L50, F, shiny|100/100
|turn|1
|
|t:|1757732145
|move|p1b: Baloo|Protect|p1b: Baloo
|-singleturn|p1b: Baloo|Protect
|move|p1a: Blueberry|Sleep Powder|p2b: Charizard
|-status|p2b: Charizard|slp|[from] move: Sleep Powder
|move|p2a: Jumpluff|Sunny Day|p2a: Jumpluff
|-weather|SunnyDay
|cant|p2b: Charizard|slp
|
|-weather|SunnyDay|[upkeep]
|-damage|p2b: Charizard|88/100 slp|[from] ability: Solar Power|[of] p2b: Charizard
|-status|p1b: Baloo|brn|[from] item: Flame Orb
|upkeep
|turn|2
|
|t:|1757732163
|switch|p1a: Starbreaker|Porygon2, L50|100/100
|-ability|p1a: Starbreaker|Download|boost
|-boost|p1a: Starbreaker|atk|1
|move|p2a: Jumpluff|Tailwind|p2a: Jumpluff
|-sidestart|p2: Qicide|move: Tailwind
|cant|p2b: Charizard|slp
|move|p1b: Baloo|Facade|p2a: Jumpluff
|-damage|p2a: Jumpluff|0 fnt
|faint|p2a: Jumpluff
|
|-weather|SunnyDay|[upkeep]
|-damage|p2b: Charizard|76/100 slp|[from] ability: Solar Power|[of] p2b: Charizard
|-damage|p1b: Baloo|95/100 brn|[from] brn
|upkeep
|
|t:|1757732173
|switch|p2a: Incineroar|Incineroar, L50, F|100/100
|-ability|p2a: Incineroar|Intimidate|boost
|-unboost|p1a: Starbreaker|atk|1
|-unboost|p1b: Baloo|atk|1
|turn|3
|
|t:|1757732188
|-terastallize|p1b: Baloo|Ghost
|move|p2a: Incineroar|Fake Out|p1a: Starbreaker
|-damage|p1a: Starbreaker|92/100
|cant|p2b: Charizard|slp
|move|p1b: Baloo|Headlong Rush|p2a: Incineroar
|-supereffective|p2a: Incineroar
|-damage|p2a: Incineroar|0 fnt
|-unboost|p1b: Baloo|def|1
|-unboost|p1b: Baloo|spd|1
|faint|p2a: Incineroar
|cant|p1a: Starbreaker|flinch
|
|-weather|SunnyDay|[upkeep]
|-damage|p2b: Charizard|63/100 slp|[from] ability: Solar Power|[of] p2b: Charizard
|-damage|p1b: Baloo|89/100 brn|[from] brn
|upkeep
|
|t:|1757732195
|switch|p2a: Ursaluna|Ursaluna, L50, M|100/100
|turn|4
|
|t:|1757732208
|-curestatus|p2b: Charizard|slp|[msg]
|move|p2b: Charizard|Heat Wave|p1a: Starbreaker|[spread] p1a,p1b
|-crit|p1b: Baloo
|-damage|p1a: Starbreaker|20/100
|-damage|p1b: Baloo|0 fnt
|faint|p1b: Baloo
|move|p2a: Ursaluna|Earthquake|p1a: Starbreaker|[spread] p1a
|-immune|p2b: Charizard
|-damage|p1a: Starbreaker|0 fnt
|faint|p1a: Starbreaker
|
|-weather|SunnyDay|[upkeep]
|-damage|p2b: Charizard|51/100|[from] ability: Solar Power|[of] p2b: Charizard
|-status|p2a: Ursaluna|brn|[from] item: Flame Orb
|upkeep
|
|t:|1757732221
|switch|p1b: Turtle|Torkoal, L50, M|100/100
|switch|p1a: Blueberry|Jumpluff, L50, F|100/100
|turn|5
|
|t:|1757732234
|move|p1b: Turtle|Protect|p1b: Turtle
|-singleturn|p1b: Turtle|Protect
|move|p1a: Blueberry|Sleep Powder|p2b: Charizard
|-status|p2b: Charizard|slp|[from] move: Sleep Powder
|cant|p2b: Charizard|slp
|move|p2a: Ursaluna|Earthquake|p1b: Turtle|[spread] 
|-activate|p1b: Turtle|move: Protect
|-immune|p2b: Charizard
|-immune|p1a: Blueberry
|
|-weather|none
|-damage|p2a: Ursaluna|95/100 brn|[from] brn
|-sideend|p2: Qicide|move: Tailwind
|upkeep
|turn|6
|
|t:|1757732252
|move|p1a: Blueberry|Tailwind|p1a: Blueberry
|-sidestart|p1: legionvgc|move: Tailwind
|cant|p2b: Charizard|slp
|move|p2a: Ursaluna|Earthquake|p1a: Blueberry|[spread] p1b
|-immune|p2b: Charizard
|-immune|p1a: Blueberry
|-supereffective|p1b: Turtle
|-damage|p1b: Turtle|0 fnt
|faint|p1b: Turtle
|
|-damage|p2a: Ursaluna|89/100 brn|[from] brn
|upkeep
|turn|7
|
|t:|1757732264
|move|p1a: Blueberry|Sleep Powder||[still]
|-fail|p1a: Blueberry
|-curestatus|p2b: Charizard|slp|[msg]
|move|p2b: Charizard|Heat Wave|p1a: Blueberry|[miss]
|-miss|p2b: Charizard|p1a: Blueberry
|move|p2a: Ursaluna|Facade|p1a: Blueberry
|-damage|p1a: Blueberry|0 fnt
|faint|p1a: Blueberry
|
|win|Qicide
|raw|legionvgc's rating: 1349 → 1323(-26 for losing)
|raw|Qicide's rating: 1246 → 1278(+32 for winning)
