|j|☆That1Morpecko
|j|☆atharvsmp
|html|That1Morpeckoatharvsmp    
|uhtml|bestof|Game 1 of a best-of-3
|t:|1783349785
|gametype|doubles
|player|p1|That1Morpecko|hiker-gen4|1049
|player|p2|atharvsmp|lucas|1079
|gen|9
|tier|[Gen 9 Champions] VGC 2026 Reg M-B (Bo3)
|rated|
|rule|Species Clause: Limit one of each Pokémon
|rule|Item Clause: Limit 1 of each item
|clearpoke
|poke|p1|Archaludon, L50, M|
|poke|p1|Pelipper, L50, M|
|poke|p1|Grimmsnarl, L50, M|
|poke|p1|Metagross, L50|
|poke|p1|Sinistcha, L50|
|poke|p1|Swampert, L50, M|
|poke|p2|Garchomp, L50, M|
|poke|p2|Rotom-Heat, L50|
|poke|p2|Empoleon, L50, F|
|poke|p2|Roserade, L50, M|
|poke|p2|Froslass, L50, F|
|poke|p2|Lucario, L50, F|
|teampreview|4
|showteam|p1|Archaludon||Leftovers|Stamina|Protect,ElectroShot,FlashCannon,DragonPulse|Modest||M|||50|]Pelipper||WacanBerry|Drizzle|WideGuard,Tailwind,WeatherBall,Hurricane|Modest||M|||50|]Grimmsnarl||LightClay|Prankster|FoulPlay,PartingShot,LightScreen,Reflect|Calm||M|||50|]Metagross||Metagrossite|ClearBody|IronHead,Protect,BodyPress,PsychicFangs|Jolly|||||50|]Sinistcha||CobaBerry|Hospitality|Protect,TrickRoom,MatchaGotcha,RagePowder|Relaxed|||||50|]Swampert||Swampertite|Damp|Protect,IcePunch,WaveCrash,Earthquake|Adamant||M|||50|
|showteam|p2|Garchomp||LifeOrb|RoughSkin|Protect,RockSlide,Earthquake,DragonClaw|Jolly||M|||50|]Rotom-Heat||ChoiceScarf|Levitate|Overheat,Thunderbolt,Trick,WillOWisp|Timid|||||50|]Empoleon||Leftovers|Competitive|GrassKnot,FlashCannon,IceBeam,ChillingWater|Modest||F|||50|]Roserade||SitrusBerry|PoisonPoint|GigaDrain,LeechSeed,SludgeBomb,Protect|Timid||M|||50|]Froslass||FocusSash|CursedBody|DestinyBond,ChillingWater,IceBeam,ShadowBall|Timid||F|||50|]Lucario||Lucarionite|Justified|BulletPunch,CloseCombat,BlazeKick,IcePunch|Jolly||F|||50|
|inactive|Battle timer is ON: inactive players will automatically lose when time's up. (requested by That1Morpecko)
|inactive|atharvsmp also wants the timer to be on.
|inactive|That1Morpecko has 60 seconds left.
|inactive|atharvsmp has 60 seconds left.
|
|t:|1783349821
|teamsize|p1|4
|teamsize|p2|4
|start
|switch|p1a: Swampert|Swampert, L50, M|100/100
|switch|p1b: Pelipper|Pelipper, L50, M|100/100
|switch|p2a: Garchomp|Garchomp, L50, M|100/100
|switch|p2b: Rotom|Rotom-Heat, L50|100/100
|-weather|RainDance|[from] ability: Drizzle|[of] p1b: Pelipper
|turn|1
|inactive|That1Morpecko has 30 seconds left.
|inactive|That1Morpecko has 20 seconds left.
|
|t:|1783349858
|move|p1a: Swampert|Protect|p1a: Swampert
|-singleturn|p1a: Swampert|Protect
|move|p2b: Rotom|Thunderbolt|p1b: Pelipper
|-supereffective|p1b: Pelipper|2
|-enditem|p1b: Pelipper|Wacan Berry|[eat]
|-enditem|p1b: Pelipper|Wacan Berry|[weaken]
|-damage|p1b: Pelipper|2/100
|move|p2a: Garchomp|Dragon Claw|p1a: Swampert
|-activate|p1a: Swampert|move: Protect
|move|p1b: Pelipper|Weather Ball|p2b: Rotom
|-supereffective|p2b: Rotom|1
|-damage|p2b: Rotom|0 fnt
|faint|p2b: Rotom
|
|-weather|RainDance|[upkeep]
|upkeep
|
|t:|1783349873
|switch|p2b: Roserade|Roserade, L50, M|100/100
|turn|2
|
|t:|1783349882
|switch|p1a: Sinistcha|Sinistcha, L50|100/100
|-heal|p1b: Pelipper|27/100|[from] ability: Hospitality|[of] p1a: Sinistcha
|switch|p1b: Archaludon|Archaludon, L50, M|100/100
|move|p2b: Roserade|Protect|p2b: Roserade
|-singleturn|p2b: Roserade|Protect
|move|p2a: Garchomp|Rock Slide|p1a: Sinistcha|[spread] p1a,p1b
|-resisted|p1b: Archaludon|1
|-damage|p1a: Sinistcha|82/100
|-damage|p1b: Archaludon|91/100
|-ability|p1b: Archaludon|Stamina|boost
|-boost|p1b: Archaludon|def|1
|-damage|p2a: Garchomp|90/100|[from] item: Life Orb
|
|-weather|RainDance|[upkeep]
|-heal|p1b: Archaludon|97/100|[from] item: Leftovers
|upkeep
|turn|3
|
|t:|1783349901
|move|p2a: Garchomp|Earthquake|p1a: Sinistcha|[spread] p2b,p1a,p1b
|-resisted|p1a: Sinistcha|1
|-supereffective|p1b: Archaludon|1
|-damage|p2b: Roserade|15/100
|-damage|p1a: Sinistcha|62/100
|-damage|p1b: Archaludon|46/100
|-ability|p1b: Archaludon|Stamina|boost
|-boost|p1b: Archaludon|def|1
|-enditem|p2b: Roserade|Sitrus Berry|[eat]
|-heal|p2b: Roserade|40/100|[from] item: Sitrus Berry
|-damage|p2a: Garchomp|80/100|[from] item: Life Orb
|move|p2b: Roserade|Leech Seed|p1b: Archaludon
|-start|p1b: Archaludon|move: Leech Seed
|move|p1b: Archaludon|Electro Shot||[still]
|-prepare|p1b: Archaludon|Electro Shot
|-boost|p1b: Archaludon|spa|1
|-anim|p1b: Archaludon|Electro Shot|p2b: Roserade
|-resisted|p2b: Roserade|1
|-damage|p2b: Roserade|8/100
|move|p1a: Sinistcha|Matcha Gotcha|p2b: Roserade|[spread] p2a,p2b
|-resisted|p2b: Roserade|2
|-damage|p2a: Garchomp|57/100
|-heal|p1a: Sinistcha|74/100|[from] drain|[of] p2a: Garchomp
|-damage|p2b: Roserade|2/100
|-heal|p1a: Sinistcha|76/100|[from] drain|[of] p2b: Roserade
|-status|p2a: Garchomp|brn
|
|-weather|RainDance|[upkeep]
|-heal|p1b: Archaludon|52/100|[from] item: Leftovers
|-damage|p1b: Archaludon|40/100|[from] Leech Seed|[of] p2b: Roserade
|-heal|p2b: Roserade|20/100r|[silent]
|-damage|p2a: Garchomp|51/100 brn|[from] brn
|upkeep
|turn|4
|
|t:|1783349925
|move|p2b: Roserade|Protect|p2b: Roserade
|-singleturn|p2b: Roserade|Protect
|move|p2a: Garchomp|Dragon Claw|p1a: Sinistcha
|-damage|p1a: Sinistcha|56/100
|-damage|p2a: Garchomp|41/100 brn|[from] item: Life Orb
|move|p1b: Archaludon|Dragon Pulse|p2a: Garchomp
|-supereffective|p2a: Garchomp|1
|-damage|p2a: Garchomp|0 fnt
|faint|p2a: Garchomp
|move|p1a: Sinistcha|Matcha Gotcha|p2b: Roserade
|-activate|p2b: Roserade|move: Protect
|
|-weather|RainDance|[upkeep]
|-heal|p1b: Archaludon|46/100|[from] item: Leftovers
|-damage|p1b: Archaludon|34/100|[from] Leech Seed|[of] p2b: Roserade
|-heal|p2b: Roserade|37/100|[silent]
|upkeep
|
|t:|1783349942
|switch|p2a: Lucario|Lucario, L50, F|100/100
|turn|5
|
|t:|1783349965
|move|p1a: Sinistcha|Rage Powder|p1a: Sinistcha
|-singleturn|p1a: Sinistcha|move: Rage Powder
|move|p2a: Lucario|Close Combat|p1a: Sinistcha
|-immune|p1a: Sinistcha
|move|p2b: Roserade|Sludge Bomb|p1a: Sinistcha
|-damage|p1a: Sinistcha|17/100
|move|p1b: Archaludon|Dragon Pulse|p2b: Roserade
|-damage|p2b: Roserade|0 fnt
|faint|p2b: Roserade
|
|-weather|none
|-heal|p1b: Archaludon|40/100|[from] item: Leftovers
|upkeep
|turn|6
|
|t:|1783349986
|switch|p1b: Pelipper|Pelipper, L50, M|27/100
|-weather|RainDance|[from] ability: Drizzle|[of] p1b: Pelipper
|detailschange|p2a: Lucario|Lucario-Mega, L50, F
|-mega|p2a: Lucario|Lucario|Lucarionite
|move|p1a: Sinistcha|Rage Powder|p1a: Sinistcha
|-singleturn|p1a: Sinistcha|move: Rage Powder
|move|p2a: Lucario|Blaze Kick|p1a: Sinistcha
|-supereffective|p1a: Sinistcha|1
|-damage|p1a: Sinistcha|0 fnt
|faint|p1a: Sinistcha
|
|-weather|RainDance|[upkeep]
|upkeep
|
|t:|1783349994
|switch|p1a: Swampert|Swampert, L50, M|100/100
|turn|7
|
|t:|1783350007
|detailschange|p1a: Swampert|Swampert-Mega, L50, M
|-mega|p1a: Swampert|Swampert|Swampertite
|move|p1a: Swampert|Wave Crash|p2a: Lucario
|-damage|p2a: Lucario|0 fnt
|faint|p2a: Lucario
|-damage|p1a: Swampert|73/100|[from] Recoil
|
|win|That1Morpecko
||atharvsmp is ready for game 2.
||That1Morpecko is ready for game 2.
|uhtml|next|Next: Game 2 of 3
|l|☆atharvsmp
|player|p2|
