|j|☆vilan333
|j|☆MRLLMK
|html|vilan333MRLLMK    
|uhtml|bestof|Game 2 of a best-of-3
|t:|1783346207
|gametype|doubles
|player|p1|vilan333|marshal|1107
|player|p2|MRLLMK|skyla|1000
|gen|9
|tier|[Gen 9 Champions] VGC 2026 Reg M-B (Bo3)
|rated|
|rule|Species Clause: Limit one of each Pokémon
|rule|Item Clause: Limit 1 of each item
|clearpoke
|poke|p1|Annihilape, L50, F|
|poke|p1|Whimsicott, L50, M|
|poke|p1|Floette-Eternal, L50, F|
|poke|p1|Maushold-Four, L50|
|poke|p1|Kingambit, L50, F|
|poke|p1|Charizard, L50, M|
|poke|p2|Ditto, L50|
|poke|p2|Dedenne, L50, M|
|poke|p2|Whimsicott, L50, M|
|poke|p2|Chimecho, L50, F|
|poke|p2|Floette-Eternal, L50, F|
|poke|p2|Maushold, L50|
|teampreview|4
|showteam|p1|Annihilape||ChoiceScarf|Defiant|RageFist,CloseCombat,RockSlide,Uturn|Adamant||F|||50|]Whimsicott||FocusSash|Prankster|Moonblast,Tailwind,Protect,Encore|Timid||M|||50|]Floette-Eternal||Floettite|FlowerVeil|Protect,Moonblast,DazzlingGleam,LightofRuin|Modest||F|||50|]Maushold-Four||WideLens|Technician|PopulationBomb,BeatUp,FollowMe,Protect|Jolly|||||50|]Kingambit||LifeOrb|SupremeOverlord|KowtowCleave,SuckerPunch,LowKick,Protect|Adamant||F|||50|]Charizard||CharizarditeY|Blaze|HeatWave,WeatherBall,SolarBeam,Protect|Modest||M|||50|
|showteam|p2|Ditto||LifeOrb|Imposter|Transform|Adamant|||||50|]Dedenne||SitrusBerry|CheekPouch|Thunderbolt,Thunder,DazzlingGleam,Protect|Modest||M|||50|]Whimsicott||FocusSash|Prankster|DazzlingGleam,Tailwind,Moonblast,Protect|Timid||M|||50|]Chimecho||Chimechite|Levitate|Boomburst,CalmMind,Recover,Protect|Modest||F|||50|]Floette-Eternal||Floettite|FlowerVeil|DazzlingGleam,RainDance,Protect,DrainingKiss|Modest||F|||50|]Maushold||MentalHerb|FriendGuard|PopulationBomb,FollowMe,Protect,Encore|Adamant|||||50|
|
|t:|1783346231
|teamsize|p1|4
|teamsize|p2|4
|start
|switch|p1a: Charizard|Charizard, L50, M|100/100
|switch|p1b: Whimsicott|Whimsicott, L50, M|100/100
|switch|p2a: Whimsicott|Whimsicott, L50, M|100/100
|switch|p2b: Ditto|Ditto, L50|100/100
|-transform|p2b: Ditto|p1a: Charizard|[from] ability: Imposter
|turn|1
|
|t:|1783346246
|detailschange|p1a: Charizard|Charizard-Mega-Y, L50, M
|-mega|p1a: Charizard|Charizard|Charizardite Y
|-weather|SunnyDay|[from] ability: Drought|[of] p1a: Charizard
|move|p2a: Whimsicott|Tailwind|p2a: Whimsicott
|-sidestart|p2: MRLLMK|move: Tailwind
|move|p1b: Whimsicott|Tailwind|p1b: Whimsicott
|-sidestart|p1: vilan333|move: Tailwind
|move|p1a: Charizard|Heat Wave|p2a: Whimsicott|[spread] p2a,p2b
|-supereffective|p2a: Whimsicott|1
|-resisted|p2b: Ditto|1
|-enditem|p2a: Whimsicott|Focus Sash
|-damage|p2a: Whimsicott|1/100
|-damage|p2b: Ditto|49/100
|move|p2b: Ditto|Heat Wave|p1b: Whimsicott|[spread] p1b
|-miss|p2b: Ditto|p1a: Charizard
|-supereffective|p1b: Whimsicott|1
|-enditem|p1b: Whimsicott|Focus Sash
|-damage|p1b: Whimsicott|1/100
|-damage|p2b: Ditto|40/100|[from] item: Life Orb
|
|-weather|SunnyDay|[upkeep]
|upkeep
|turn|2
|
|t:|1783346299
|move|p1b: Whimsicott|Protect|p1b: Whimsicott
|-singleturn|p1b: Whimsicott|Protect
|move|p2a: Whimsicott|Dazzling Gleam|p1b: Whimsicott|[spread] p1a
|-activate|p1b: Whimsicott|move: Protect
|-resisted|p1a: Charizard|1
|-damage|p1a: Charizard|91/100
|move|p1a: Charizard|Heat Wave|p2b: Ditto|[spread] p2a,p2b
|-supereffective|p2a: Whimsicott|1
|-resisted|p2b: Ditto|1
|-damage|p2a: Whimsicott|0 fnt
|-damage|p2b: Ditto|0 fnt
|faint|p2a: Whimsicott
|faint|p2b: Ditto
|
|-weather|SunnyDay|[upkeep]
|upkeep
|inactive|Battle timer is ON: inactive players will automatically lose when time's up. (requested by MRLLMK)
|
|t:|1783346320
|switch|p2a: Floette|Floette-Eternal, L50, F|100/100
|switch|p2b: Maushold|Maushold, L50|100/100
|turn|3
|
|t:|1783346334
|switch|p1b: Maushold|Maushold-Four, L50|100/100
|detailschange|p2a: Floette|Floette-Mega, L50, F
|-mega|p2a: Floette|Floette|Floettite
|-ability|p2a: Floette|Fairy Aura
|move|p2b: Maushold|Follow Me|p2b: Maushold
|-singleturn|p2b: Maushold|move: Follow Me
|move|p2a: Floette|Rain Dance|p2a: Floette
|-weather|RainDance
|move|p1a: Charizard|Heat Wave|p2b: Maushold|[spread] p2b
|-miss|p1a: Charizard|p2a: Floette
|-damage|p2b: Maushold|73/100
|
|-weather|RainDance|[upkeep]
|upkeep
|turn|4
|inactive|vilan333 has 30 seconds left.
|inactive|MRLLMK has 30 seconds left.
|
|t:|1783346365
|switch|p1a: Annihilape|Annihilape, L50, F|100/100
|move|p1b: Maushold|Population Bomb|p2a: Floette
|-damage|p2a: Floette|90/100
|-damage|p2a: Floette|81/100
|-damage|p2a: Floette|72/100
|-damage|p2a: Floette|64/100
|-damage|p2a: Floette|55/100
|-damage|p2a: Floette|45/100
|-damage|p2a: Floette|36/100
|-damage|p2a: Floette|26/100
|-damage|p2a: Floette|18/100
|-damage|p2a: Floette|8/100
|-hitcount|p2a: Floette|10
|move|p2b: Maushold|Population Bomb|p1a: Annihilape
|-immune|p1a: Annihilape
|move|p2a: Floette|Dazzling Gleam|p1b: Maushold|[spread] p1a,p1b
|-supereffective|p1a: Annihilape|1
|-damage|p1a: Annihilape|13/100
|-damage|p1b: Maushold|35/100
|
|-weather|RainDance|[upkeep]
|-sideend|p1: vilan333|move: Tailwind
|-sideend|p2: MRLLMK|move: Tailwind
|upkeep
|turn|5
|inactive|vilan333 has 30 seconds left.
|inactive|MRLLMK has 30 seconds left.
|
|t:|1783346393
|move|p1b: Maushold|Follow Me|p1b: Maushold
|-singleturn|p1b: Maushold|move: Follow Me
|move|p2b: Maushold|Follow Me|p2b: Maushold
|-singleturn|p2b: Maushold|move: Follow Me
|move|p1a: Annihilape|Rock Slide|p2b: Maushold|[spread] p2a
|-miss|p1a: Annihilape|p2b: Maushold
|-damage|p2a: Floette|0 fnt
|faint|p2a: Floette
|
|-weather|RainDance|[upkeep]
|upkeep
|turn|6
|inactive|MRLLMK has 30 seconds left.
|
|t:|1783346419
|move|p1a: Annihilape|Rock Slide|p2b: Maushold
|-damage|p2b: Maushold|39/100
|move|p1b: Maushold|Population Bomb|p2b: Maushold
|-damage|p2b: Maushold|26/100
|-damage|p2b: Maushold|12/100
|-crit|p2b: Maushold
|-damage|p2b: Maushold|0 fnt
|faint|p2b: Maushold
|-hitcount|p2: Maushold|3
|
|win|vilan333
|raw|vilan333's rating: 1107 → 1125(+18 for winning)
|raw|MRLLMK's rating: 1000 → 1000(+0 for losing)
|l|☆MRLLMK
|player|p2|
