|j|☆adjnorr
|j|☆pqwertyuio
|html|adjnorrpqwertyuio    
|uhtml|bestof|Game 2 of a best-of-3
|t:|1784993220
|gametype|doubles
|player|p1|adjnorr|169|1240
|player|p2|pqwertyuio|170|1245
|gen|9
|tier|[Gen 9 Champions] VGC 2026 Reg M-B (Bo3)
|rated|
|rule|Species Clause: Limit one of each Pokémon
|rule|Item Clause: Limit 1 of each item
|clearpoke
|poke|p1|Annihilape, L50, M|
|poke|p1|Whimsicott, L50, M|
|poke|p1|Floette-Eternal, L50, F|
|poke|p1|Basculegion, L50, M|
|poke|p1|Charizard, L50, M|
|poke|p1|Garchomp, L50, F|
|poke|p2|Charizard, L50, M|
|poke|p2|Metagross, L50|
|poke|p2|Hydreigon, L50, F|
|poke|p2|Annihilape, L50, M|
|poke|p2|Incineroar, L50, F|
|poke|p2|Toxapex, L50, M|
|teampreview|4
|showteam|p1|Annihilape||RoseliBerry|Defiant|RageFist,DrainPunch,Protect,BulkUp|Adamant||M|||50|]Whimsicott||FocusSash|Prankster|Moonblast,Tailwind,Encore,BeatUp|Timid||M|||50|]Floette-Eternal||Floettite|FlowerVeil|Moonblast,DazzlingGleam,LightofRuin,Protect|Modest||F|||50|]Basculegion||LifeOrb|Adaptability|WaveCrash,LastRespects,AquaJet,Protect|Adamant||M|||50|]Charizard||CharizarditeY|Blaze|HeatWave,WeatherBall,SolarBeam,Protect|Modest||M|||50|]Garchomp||SitrusBerry|RoughSkin|DragonClaw,Earthquake,RockSlide,Protect|Adamant||F|||50|
|showteam|p2|Charizard||CharizarditeY|Blaze|WeatherBall,HeatWave,SolarBeam,Protect|Modest||M|||50|]Metagross||Metagrossite|ClearBody|IronHead,PsychicFangs,IcePunch,Protect|Jolly|||||50|]Hydreigon||ChoiceScarf|Levitate|DarkPulse,Snarl,EarthPower,DracoMeteor|Modest||F|||50|]Annihilape||FocusSash|Defiant|CloseCombat,PhantomForce,RockTomb,Protect|Jolly||M|||50|]Incineroar||SitrusBerry|Intimidate|FlareBlitz,Taunt,PartingShot,FakeOut|Impish||F|||50|]Toxapex||Leftovers|Regenerator|Infestation,Toxic,WideGuard,BanefulBunker|Impish||M|||50|
|inactive|Battle timer is ON: inactive players will automatically lose when time's up. (requested by pqwertyuio)
|
|t:|1784993240
|teamsize|p1|4
|teamsize|p2|4
|start
|switch|p1a: Charizard|Charizard, L50, M|100/100
|switch|p1b: Whimsicott|Whimsicott, L50, M|100/100
|switch|p2a: Charizard|Charizard, L50, M|100/100
|switch|p2b: Toxapex|Toxapex, L50, M|100/100
|turn|1
|inactive|adjnorr has 30 seconds left.
|
|t:|1784993270
|switch|p1b: Annihilape|Annihilape, L50, M|100/100
|detailschange|p2a: Charizard|Charizard-Mega-Y, L50, M
|-mega|p2a: Charizard|Charizard|Charizardite Y
|-weather|SunnyDay|[from] ability: Drought|[of] p2a: Charizard
|detailschange|p1a: Charizard|Charizard-Mega-Y, L50, M
|-mega|p1a: Charizard|Charizard|Charizardite Y
|move|p2a: Charizard|Heat Wave|p1a: Charizard|[spread] p1a,p1b
|-resisted|p1a: Charizard|1
|-damage|p1a: Charizard|73/100
|-damage|p1b: Annihilape|53/100
|move|p1a: Charizard|Weather Ball|p2a: Charizard
|-resisted|p2a: Charizard|1
|-damage|p2a: Charizard|62/100
|move|p2b: Toxapex|Toxic|p1a: Charizard
|-status|p1a: Charizard|tox
|
|-weather|SunnyDay|[upkeep]
|-damage|p1a: Charizard|67/100 tox|[from] psn
|upkeep
|turn|2
|inactive|adjnorr has 30 seconds left.
|inactive|pqwertyuio has 30 seconds left.
|inactive|adjnorr has 20 seconds left.
|
|t:|1784993306
|move|p2a: Charizard|Protect|p2a: Charizard
|-singleturn|p2a: Charizard|Protect
|move|p1a: Charizard|Weather Ball|p2a: Charizard
|-activate|p2a: Charizard|move: Protect
|move|p1b: Annihilape|Rage Fist|p2a: Charizard
|-activate|p2a: Charizard|move: Protect
|move|p2b: Toxapex|Toxic|p1b: Annihilape
|-status|p1b: Annihilape|tox
|
|-weather|SunnyDay|[upkeep]
|-damage|p1a: Charizard|55/100 tox|[from] psn
|-damage|p1b: Annihilape|47/100 tox|[from] psn
|upkeep
|turn|3
|inactive|pqwertyuio has 30 seconds left.
|
|t:|1784993340
|switch|p2a: Incineroar|Incineroar, L50, F|100/100
|-ability|p2a: Incineroar|Intimidate|boost
|-unboost|p1a: Charizard|atk|1
|-unboost|p1b: Annihilape|atk|1
|-ability|p1b: Annihilape|Defiant|boost
|-boost|p1b: Annihilape|atk|2
|move|p1a: Charizard|Weather Ball|p2a: Incineroar
|-resisted|p2a: Incineroar|1
|-damage|p2a: Incineroar|63/100
|move|p1b: Annihilape|Rage Fist|p2a: Incineroar
|-resisted|p2a: Incineroar|1
|-damage|p2a: Incineroar|37/100
|-enditem|p2a: Incineroar|Sitrus Berry|[eat]
|-heal|p2a: Incineroar|62/100|[from] item: Sitrus Berry
|move|p2b: Toxapex|Infestation|p1b: Annihilape
|-resisted|p1b: Annihilape|2
|-damage|p1b: Annihilape|46/100 tox
|-activate|p1b: Annihilape|move: Infestation|[of] p2b: Toxapex
|
|-weather|SunnyDay|[upkeep]
|-damage|p1a: Charizard|37/100 tox|[from] psn
|-damage|p1b: Annihilape|34/100 tox|[from] psn
|-damage|p1b: Annihilape|22/100 tox|[from] move: Infestation|[partiallytrapped]
|upkeep
|turn|4
|inactive|pqwertyuio has 30 seconds left.
|
|t:|1784993365
|switch|p1a: Basculegion|Basculegion, L50, M|100/100
|move|p2a: Incineroar|Fake Out|p1a: Basculegion
|-immune|p1a: Basculegion
|move|p1b: Annihilape|Drain Punch|p2a: Incineroar
|-supereffective|p2a: Incineroar|1
|-damage|p2a: Incineroar|0 fnt
|-heal|p1b: Annihilape|51/100 tox|[from] drain|[of] p2a: Incineroar
|faint|p2a: Incineroar
|move|p2b: Toxapex|Infestation|p1a: Basculegion
|-resisted|p1a: Basculegion|1
|-damage|p1a: Basculegion|98/100
|-activate|p1a: Basculegion|move: Infestation|[of] p2b: Toxapex
|
|-weather|SunnyDay|[upkeep]
|-damage|p1b: Annihilape|33/100 tox|[from] psn
|-damage|p1b: Annihilape|21/100 tox|[from] move: Infestation|[partiallytrapped]
|-damage|p1a: Basculegion|86/100|[from] move: Infestation|[partiallytrapped]
|upkeep
|
|t:|1784993383
|switch|p2a: Hydreigon|Hydreigon, L50, F|100/100
|turn|5
|
|t:|1784993397
|move|p1a: Basculegion|Protect|p1a: Basculegion
|-singleturn|p1a: Basculegion|Protect
|move|p2a: Hydreigon|Dark Pulse|p1b: Annihilape
|-damage|p1b: Annihilape|0 fnt
|faint|p1b: Annihilape
|move|p2b: Toxapex|Toxic|p1a: Basculegion
|-activate|p1a: Basculegion|move: Protect
|
|-weather|none
|-damage|p1a: Basculegion|74/100|[from] move: Infestation|[partiallytrapped]
|upkeep
|
|t:|1784993405
|switch|p1b: Whimsicott|Whimsicott, L50, M|100/100
|turn|6
|inactive|pqwertyuio has 30 seconds left.
|
|t:|1784993439
|switch|p2a: Charizard|Charizard-Mega-Y, L50, M|62/100
|-weather|SunnyDay|[from] ability: Drought|[of] p2a: Charizard
|switch|p1a: Charizard|Charizard-Mega-Y, L50, M|37/100 tox
|move|p1b: Whimsicott|Moonblast|p2a: Charizard
|-resisted|p2a: Charizard|1
|-damage|p2a: Charizard|45/100
|move|p2b: Toxapex|Infestation|p1b: Whimsicott
|-damage|p1b: Whimsicott|94/100
|-activate|p1b: Whimsicott|move: Infestation|[of] p2b: Toxapex
|
|-weather|SunnyDay|[upkeep]
|-damage|p1a: Charizard|30/100 tox|[from] psn
|-damage|p1b: Whimsicott|82/100|[from] move: Infestation|[partiallytrapped]
|upkeep
|turn|7
|
|t:|1784993458
|move|p1b: Whimsicott|Tailwind|p1b: Whimsicott
|-sidestart|p1: adjnorr|move: Tailwind
|move|p1a: Charizard|Weather Ball|p2a: Charizard
|-resisted|p2a: Charizard|1
|-damage|p2a: Charizard|8/100
|move|p2a: Charizard|Heat Wave|p1a: Charizard|[spread] 
|-miss|p2a: Charizard|p1a: Charizard
|-miss|p2a: Charizard|p1b: Whimsicott
|move|p2b: Toxapex|Infestation|p1a: Charizard
|-resisted|p1a: Charizard|2
|-damage|p1a: Charizard|30/100 tox
|-activate|p1a: Charizard|move: Infestation|[of] p2b: Toxapex
|
|-weather|SunnyDay|[upkeep]
|-damage|p1a: Charizard|18/100 tox|[from] psn
|-damage|p1b: Whimsicott|71/100|[from] move: Infestation|[partiallytrapped]
|-damage|p1a: Charizard|6/100 tox|[from] move: Infestation|[partiallytrapped]
|upkeep
|turn|8
|inactive|pqwertyuio has 30 seconds left.
|inactive|pqwertyuio has 20 seconds left.
|
|t:|1784993498
|switch|p2a: Hydreigon|Hydreigon, L50, F|100/100
|move|p1b: Whimsicott|Encore|p2b: Toxapex
|-start|p2b: Toxapex|Encore
|move|p1a: Charizard|Weather Ball|p2a: Hydreigon
|-resisted|p2a: Hydreigon|1
|-damage|p2a: Hydreigon|48/100
|move|p2b: Toxapex|Infestation|p1b: Whimsicott
|-damage|p1b: Whimsicott|65/100
|
|-weather|SunnyDay|[upkeep]
|-damage|p1a: Charizard|0 fnt|[from] psn
|faint|p1a: Charizard
|-damage|p1b: Whimsicott|54/100|[from] move: Infestation|[partiallytrapped]
|upkeep
|
|t:|1784993507
|switch|p1a: Basculegion|Basculegion, L50, M|74/100
|turn|9
|
|t:|1784993525
|move|p1b: Whimsicott|Moonblast|p2a: Hydreigon
|-supereffective|p2a: Hydreigon|2
|-damage|p2a: Hydreigon|0 fnt
|faint|p2a: Hydreigon
|move|p1a: Basculegion|Last Respects|p2b: Toxapex
|-damage|p2b: Toxapex|12/100
|-damage|p1a: Basculegion|64/100|[from] item: Life Orb
|move|p2b: Toxapex|Infestation|p1a: Basculegion
|-resisted|p1a: Basculegion|1
|-damage|p1a: Basculegion|63/100
|-activate|p1a: Basculegion|move: Infestation|[of] p2b: Toxapex
|
|-weather|SunnyDay|[upkeep]
|-heal|p2b: Toxapex|17/100|[from] item: Leftovers
|-damage|p1b: Whimsicott|42/100|[from] move: Infestation|[partiallytrapped]
|-damage|p1a: Basculegion|51/100|[from] move: Infestation|[partiallytrapped]
|upkeep
|
|t:|1784993539
|switch|p2a: Charizard|Charizard-Mega-Y, L50, M|8/100
|turn|10
|
|t:|1784993550
|move|p1a: Basculegion|Protect|p1a: Basculegion
|-singleturn|p1a: Basculegion|Protect
|move|p2a: Charizard|Protect|p2a: Charizard
|-singleturn|p2a: Charizard|Protect
|move|p1b: Whimsicott|Moonblast|p2a: Charizard
|-activate|p2a: Charizard|move: Protect
|move|p2b: Toxapex|Infestation|p1a: Basculegion
|-activate|p1a: Basculegion|move: Protect
|
|-weather|none
|-heal|p2b: Toxapex|23/100|[from] item: Leftovers
|-damage|p1b: Whimsicott|30/100|[from] move: Infestation|[partiallytrapped]
|-damage|p1a: Basculegion|38/100|[from] move: Infestation|[partiallytrapped]
|-end|p2b: Toxapex|Encore
|-sideend|p1: adjnorr|move: Tailwind
|upkeep
|turn|11
|inactive|pqwertyuio has 30 seconds left.
|
|t:|1784993576
|move|p2a: Charizard|Protect|p2a: Charizard
|-singleturn|p2a: Charizard|Protect
|move|p2b: Toxapex|Baneful Bunker|p2b: Toxapex
|-singleturn|p2b: Toxapex|move: Protect
|move|p1b: Whimsicott|Encore|p2a: Charizard
|-activate|p2a: Charizard|move: Protect
|move|p1a: Basculegion|Last Respects|p2b: Toxapex
|-activate|p2b: Toxapex|move: Protect
|
|-heal|p2b: Toxapex|29/100|[from] item: Leftovers
|-end|p1b: Whimsicott|Infestation|[partiallytrapped]
|-damage|p1a: Basculegion|26/100|[from] move: Infestation|[partiallytrapped]
|upkeep
|turn|12
|
|t:|1784993593
|move|p1b: Whimsicott|Encore|p2a: Charizard
|-start|p2a: Charizard|Encore
|move|p2a: Charizard|Protect||[still]
|-fail|p2a: Charizard
|move|p1a: Basculegion|Last Respects|p2b: Toxapex
|-damage|p2b: Toxapex|0 fnt
|faint|p2b: Toxapex
|-damage|p1a: Basculegion|16/100|[from] item: Life Orb
|
|-end|p1a: Basculegion|Infestation|[partiallytrapped]|[silent]
|upkeep
|turn|13
|n|!pqwertyuio|pqwertyuio
|-message|pqwertyuio forfeited.
|
|win|adjnorr
