|j|☆asmodeo666
|j|☆liellastan
|html|asmodeo666liellastan    
|uhtml|bestof|Game 1 of a best-of-3
|t:|1757627920
|gametype|doubles
|player|p1|asmodeo666|266|1200
|player|p2|liellastan|102|1207
|gen|9
|tier|[Gen 9] VGC 2025 Reg H (Bo3)
|rated|
|rule|Species Clause: Limit one of each Pokémon
|rule|Item Clause: Limit 1 of each item
|clearpoke
|poke|p1|Riolu, L50, M|
|poke|p1|Ceruledge, L50, M|
|poke|p1|Rillaboom, L50, F|
|poke|p1|Dragonite, L50, F|
|poke|p1|Gholdengo, L50|
|poke|p1|Maushold, L50|
|poke|p2|Amoonguss, L50, F|
|poke|p2|Gholdengo, L50|
|poke|p2|Ursaluna-Bloodmoon, L50, M|
|poke|p2|Incineroar, L50, F|
|poke|p2|Sneasler, L50, F|
|poke|p2|Dragonite, L50, F|
|teampreview|4
|showteam|p1|Riolu||FocusSash|Prankster|Coaching,CloseCombat,SunnyDay,Protect|||M|||50|,,,,,Ghost]Ceruledge||ClearAmulet|FlashFire|BitterBlade,ShadowSneak,CloseCombat,Protect|||M|||50|,,,,,Bug]Rillaboom||AssaultVest|GrassySurge|FakeOut,GrassyGlide,WoodHammer,Uturn|||F|||50|,,,,,Fire]Dragonite||LoadedDice|InnerFocus|ScaleShot,ExtremeSpeed,Tailwind,Protect|||F|||50|,,,,,Steel]Gholdengo||LifeOrb|GoodasGold|MakeItRain,ShadowBall,NastyPlot,Protect||||||50|,,,,,Water]Maushold||SafetyGoggles|FriendGuard|FollowMe,Encore,SuperFang,Protect||||||50|,,,,,Ghost
|showteam|p2|Amoonguss||SitrusBerry|Regenerator|PollenPuff,Spore,RagePowder,Protect|||F|||50|,,,,,Psychic]Gholdengo||LifeOrb|GoodasGold|MakeItRain,ShadowBall,NastyPlot,Protect||||||50|,,,,,Water]Ursaluna-Bloodmoon||AssaultVest|MindsEye|HyperVoice,BloodMoon,EarthPower,VacuumWave|||M|||50|,,,,,Water]Incineroar||SafetyGoggles|Intimidate|FlareBlitz,KnockOff,PartingShot,FakeOut|||F|||50|,,,,,Ghost]Sneasler||FocusSash|Unburden|DireClaw,CloseCombat,FakeOut,Protect|||F|||50|,,,,,Stellar]Dragonite||LoadedDice|Multiscale|ScaleShot,StompingTantrum,Tailwind,Protect|||F|||50|,,,,,Fairy
|inactive|Battle timer is ON: inactive players will automatically lose when time's up. (requested by asmodeo666)
|
|t:|1757627939
|teamsize|p1|4
|teamsize|p2|4
|start
|switch|p1a: Riolu|Riolu, L50, M|100/100
|switch|p1b: Ceruledge|Ceruledge, L50, M|100/100
|switch|p2a: Sneasler|Sneasler, L50, F|100/100
|switch|p2b: Incineroar|Incineroar, L50, F|100/100
|-ability|p2b: Incineroar|Intimidate|boost
|-unboost|p1a: Riolu|atk|1
|-fail|p1b: Ceruledge|unboost|[from] item: Clear Amulet|[of] p1b: Ceruledge
|turn|1
|
|t:|1757627958
|move|p1a: Riolu|Protect|p1a: Riolu
|-singleturn|p1a: Riolu|Protect
|move|p1b: Ceruledge|Protect|p1b: Ceruledge
|-singleturn|p1b: Ceruledge|Protect
|move|p2a: Sneasler|Dire Claw|p1a: Riolu
|-activate|p1a: Riolu|move: Protect
|move|p2b: Incineroar|Knock Off|p1a: Riolu
|-activate|p1a: Riolu|move: Protect
|
|upkeep
|turn|2
|
|t:|1757627973
|move|p1a: Riolu|Coaching|p1b: Ceruledge
|-boost|p1b: Ceruledge|atk|1
|-boost|p1b: Ceruledge|def|1
|move|p2a: Sneasler|Dire Claw|p1b: Ceruledge
|-resisted|p1b: Ceruledge
|-damage|p1b: Ceruledge|84/100
|move|p1b: Ceruledge|Close Combat|p2b: Incineroar
|-supereffective|p2b: Incineroar
|-damage|p2b: Incineroar|0 fnt
|-unboost|p1b: Ceruledge|def|1
|-unboost|p1b: Ceruledge|spd|1
|faint|p2b: Incineroar
|
|upkeep
|
|t:|1757627991
|switch|p2b: Dragonite|Dragonite, L50, F|100/100
|turn|3
|
|t:|1757628002
|switch|p1a: Gholdengo|Gholdengo, L50|100/100
|move|p2a: Sneasler|Dire Claw|p1b: Ceruledge
|-resisted|p1b: Ceruledge
|-damage|p1b: Ceruledge|58/100
|move|p2b: Dragonite|Scale Shot|p1a: Gholdengo
|-resisted|p1a: Gholdengo
|-damage|p1a: Gholdengo|93/100
|-resisted|p1a: Gholdengo
|-damage|p1a: Gholdengo|85/100
|-resisted|p1a: Gholdengo
|-crit|p1a: Gholdengo
|-damage|p1a: Gholdengo|73/100
|-resisted|p1a: Gholdengo
|-damage|p1a: Gholdengo|66/100
|-resisted|p1a: Gholdengo
|-damage|p1a: Gholdengo|58/100
|-hitcount|p1a: Gholdengo|5
|-unboost|p2b: Dragonite|def|1
|-boost|p2b: Dragonite|spe|1
|move|p1b: Ceruledge|Bitter Blade|p2a: Sneasler
|-enditem|p2a: Sneasler|Focus Sash
|-damage|p2a: Sneasler|1/100
|-heal|p1b: Ceruledge|100/100|[from] drain|[of] p2a: Sneasler
|
|upkeep
|turn|4
|inactive|asmodeo666 has 30 seconds left.
|
|t:|1757628036
|switch|p2a: Ursaluna|Ursaluna-Bloodmoon, L50, M|100/100
|move|p1b: Ceruledge|Shadow Sneak|p2a: Ursaluna
|-immune|p2a: Ursaluna
|move|p2b: Dragonite|Scale Shot|p1b: Ceruledge
|-damage|p1b: Ceruledge|82/100
|-crit|p1b: Ceruledge
|-damage|p1b: Ceruledge|54/100
|-damage|p1b: Ceruledge|37/100
|-damage|p1b: Ceruledge|20/100
|-damage|p1b: Ceruledge|1/100
|-hitcount|p1b: Ceruledge|5
|-unboost|p2b: Dragonite|def|1
|-boost|p2b: Dragonite|spe|1
|move|p1a: Gholdengo|Make It Rain|p2a: Ursaluna|[spread] p2a,p2b
|-damage|p2a: Ursaluna|55/100
|-damage|p2b: Dragonite|68/100
|-unboost|p1a: Gholdengo|spa|1
|-damage|p1a: Gholdengo|48/100|[from] item: Life Orb
|
|upkeep
|turn|5
|inactive|liellastan has 30 seconds left.
|inactive|liellastan has 20 seconds left.
|inactive|liellastan has 15 seconds left.
|inactive|liellastan has 10 seconds left.
|inactive|liellastan has 5 seconds left.
|
|t:|1757628088
|switch|p1a: Dragonite|Dragonite, L50, F|100/100
|move|p1b: Ceruledge|Shadow Sneak|p2b: Dragonite
|-damage|p2b: Dragonite|4/100
|move|p2b: Dragonite|Tailwind|p2b: Dragonite
|-sidestart|p2: liellastan|move: Tailwind
|move|p2a: Ursaluna|Hyper Voice|p1a: Dragonite|[spread] p1a,p1b
|-damage|p1a: Dragonite|57/100
|-damage|p1b: Ceruledge|0 fnt
|faint|p1b: Ceruledge
|
|upkeep
|
|t:|1757628096
|switch|p1b: Riolu|Riolu, L50, M|100/100
|turn|6
|
|t:|1757628106
|move|p2b: Dragonite|Protect|p2b: Dragonite
|-singleturn|p2b: Dragonite|Protect
|move|p1a: Dragonite|Extreme Speed|p2b: Dragonite
|-activate|p2b: Dragonite|move: Protect
|move|p2a: Ursaluna|Blood Moon|p1a: Dragonite
|-damage|p1a: Dragonite|0 fnt
|faint|p1a: Dragonite
|move|p1b: Riolu|Close Combat|p2a: Ursaluna
|-supereffective|p2a: Ursaluna
|-damage|p2a: Ursaluna|0 fnt
|-unboost|p1b: Riolu|def|1
|-unboost|p1b: Riolu|spd|1
|faint|p2a: Ursaluna
|
|upkeep
|
|t:|1757628117
|switch|p1a: Gholdengo|Gholdengo, L50|48/100
|switch|p2a: Sneasler|Sneasler, L50, F|1/100
|turn|7
|inactive|liellastan has 30 seconds left.
|
|t:|1757628146
|-terastallize|p1b: Riolu|Ghost
|move|p2b: Dragonite|Protect|p2b: Dragonite
|-singleturn|p2b: Dragonite|Protect
|move|p2a: Sneasler|Dire Claw|p1b: Riolu
|-resisted|p1b: Riolu
|-crit|p1b: Riolu
|-enditem|p1b: Riolu|Focus Sash
|-damage|p1b: Riolu|1/100
|move|p1a: Gholdengo|Make It Rain|p2a: Sneasler|[spread] p2a
|-activate|p2b: Dragonite|move: Protect
|-damage|p2a: Sneasler|0 fnt
|-unboost|p1a: Gholdengo|spa|1
|faint|p2a: Sneasler
|-damage|p1a: Gholdengo|38/100|[from] item: Life Orb
|move|p1b: Riolu|Close Combat|p2b: Dragonite
|-activate|p2b: Dragonite|move: Protect
|
|upkeep
|turn|8
|-message|liellastan forfeited.
|
|win|asmodeo666
||asmodeo666 is ready for game 2.
|l|☆asmodeo666
|player|p1|
|inactive|liellastan has 30 seconds to confirm battle start!
||liellastan is ready for game 2.
|uhtml|next|Next: Game 2 of 3
