|j|☆1TarsierFan
|j|☆jANMxRin
|html|1TarsierFanjANMxRin    
|uhtml|bestof|Game 2 of a best-of-3
|t:|1782326231
|gametype|doubles
|player|p1|1TarsierFan|pokemaniac|
|player|p2|jANMxRin|266|
|gen|9
|tier|[Gen 9 Champions] VGC 2026 Reg M-B (Bo3)
|rule|Species Clause: Limit one of each Pokémon
|rule|Item Clause: Limit 1 of each item
|clearpoke
|poke|p1|Charizard, L50, F|
|poke|p1|Floette-Eternal, L50, F|
|poke|p1|Whimsicott, L50, F|
|poke|p1|Garchomp, L50, M|
|poke|p1|Basculegion, L50, M|
|poke|p1|Kingambit, L50, F|
|poke|p2|Incineroar, L50, M|
|poke|p2|Farigiraf, L50, F|
|poke|p2|Mawile, L50, F|
|poke|p2|Swampert, L50, M|
|poke|p2|Sableye, L50, F|
|poke|p2|Sneasler, L50, F|
|teampreview|4
|showteam|p1|Charizard||CharizarditeY|Blaze|WeatherBall,HeatWave,SolarBeam,Protect|Modest||F|||50|]Floette-Eternal||Floettite|FlowerVeil|LightofRuin,DazzlingGleam,Moonblast,Protect|Modest||F|||50|]Whimsicott||FocusSash|Prankster|Tailwind,Moonblast,Encore,Protect|Timid||F|||50|]Garchomp||SitrusBerry|RoughSkin|DragonClaw,Earthquake,RockSlide,Protect|Jolly||M|||50|]Basculegion||LifeOrb|Adaptability|WaveCrash,AquaJet,LastRespects,Protect|Adamant||M|||50|]Kingambit||BlackGlasses|Defiant|KowtowCleave,SuckerPunch,IronHead,Protect|Adamant||F|||50|
|showteam|p2|Incineroar||PasshoBerry|Intimidate|FakeOut,FlareBlitz,ThroatChop,PartingShot|Brave||M|||50|]Farigiraf||ColburBerry|ArmorTail|Protect,HelpingHand,Psychic,TrickRoom|Bold||F|||50|]Mawile||Mawilite|HyperCutter|Protect,SuckerPunch,PlayRough,IronHead|Brave||F|||50|]Swampert||Swampertite|Torrent|Protect,WideGuard,WaveCrash,HighHorsepower|Adamant||M|||50|]Sableye||RoseliBerry|Prankster|Quash,FoulPlay,RainDance,Encore|Calm||F|||50|]Sneasler||WhiteHerb|Unburden|FakeOut,Coaching,CloseCombat,DireClaw|Jolly||F|||50|
|
|t:|1782326263
|teamsize|p1|4
|teamsize|p2|4
|start
|switch|p1a: Whimsicott|Whimsicott, L50, F|100/100
|switch|p1b: Basculegion|Basculegion, L50, M|100/100
|switch|p2a: Farigiraf|Farigiraf, L50, F|100/100
|switch|p2b: Sableye|Sableye, L50, F|100/100
|turn|1
|inactive|Battle timer is ON: inactive players will automatically lose when time's up. (requested by jANMxRin)
|
|t:|1782326277
|move|p1a: Whimsicott|Moonblast|p2b: Sableye
|-supereffective|p2b: Sableye|1
|-enditem|p2b: Sableye|Roseli Berry|[eat]
|-enditem|p2b: Sableye|Roseli Berry|[weaken]
|-damage|p2b: Sableye|56/100
|move|p1b: Basculegion|Wave Crash|p2b: Sableye
|-damage|p2b: Sableye|0 fnt
|faint|p2b: Sableye
|-damage|p1b: Basculegion|85/100|[from] Recoil
|-damage|p1b: Basculegion|75/100|[from] item: Life Orb
|move|p2a: Farigiraf|Trick Room|p2a: Farigiraf
|-fieldstart|move: Trick Room|[of] p2a: Farigiraf
|
|upkeep
|
|t:|1782326291
|switch|p2b: Incineroar|Incineroar, L50, M|100/100
|-ability|p2b: Incineroar|Intimidate|boost
|-unboost|p1a: Whimsicott|atk|1
|-unboost|p1b: Basculegion|atk|1
|turn|2
|
|t:|1782326303
|switch|p2a: Mawile|Mawile, L50, F|100/100
|move|p1a: Whimsicott|Protect|p1a: Whimsicott
|-singleturn|p1a: Whimsicott|Protect
|move|p1b: Basculegion|Protect|p1b: Basculegion
|-singleturn|p1b: Basculegion|Protect
|move|p2b: Incineroar|Fake Out|p1a: Whimsicott
|-activate|p1a: Whimsicott|move: Protect
|
|upkeep
|turn|3
|inactive|1TarsierFan has 30 seconds left.
|
|t:|1782326328
|detailschange|p2a: Mawile|Mawile-Mega, L50, F
|-mega|p2a: Mawile|Mawile|Mawilite
|move|p1b: Basculegion|Aqua Jet|p2b: Incineroar
|-supereffective|p2b: Incineroar|1
|-enditem|p2b: Incineroar|Passho Berry|[eat]
|-enditem|p2b: Incineroar|Passho Berry|[weaken]
|-damage|p2b: Incineroar|75/100
|-damage|p1b: Basculegion|65/100|[from] item: Life Orb
|move|p2a: Mawile|Iron Head|p1a: Whimsicott
|-supereffective|p1a: Whimsicott|1
|-enditem|p1a: Whimsicott|Focus Sash
|-damage|p1a: Whimsicott|1/100
|move|p2b: Incineroar|Throat Chop|p1b: Basculegion
|-supereffective|p1b: Basculegion|1
|-damage|p1b: Basculegion|0 fnt
|faint|p1b: Basculegion
|move|p1a: Whimsicott|Moonblast|p2b: Incineroar
|-damage|p2b: Incineroar|47/100
|
|upkeep
|
|t:|1782326349
|switch|p1b: Charizard|Charizard, L50, F|100/100
|turn|4
|
|t:|1782326374
|move|p1b: Charizard|Protect|p1b: Charizard
|-singleturn|p1b: Charizard|Protect
|move|p2a: Mawile|Sucker Punch||[still]
|-fail|p2a: Mawile
|move|p1a: Whimsicott|Encore|p2a: Mawile
|-start|p2a: Mawile|Encore
|move|p2b: Incineroar|Parting Shot|p1b: Charizard
|-activate|p1b: Charizard|move: Protect
|
|upkeep
|turn|5
|
|t:|1782326397
|switch|p1b: Garchomp|Garchomp, L50, M|100/100
|move|p2a: Mawile|Sucker Punch||[still]
|-fail|p2a: Mawile
|move|p2b: Incineroar|Parting Shot|p1b: Garchomp
|-unboost|p1b: Garchomp|atk|1
|-unboost|p1b: Garchomp|spa|1
|
|t:|1782326402
|switch|p2b: Farigiraf|Farigiraf, L50, F|100/100|[from] Parting Shot
|move|p1a: Whimsicott|Moonblast|p2b: Farigiraf
|-damage|p2b: Farigiraf|66/100
|
|-fieldend|move: Trick Room
|upkeep
|turn|6
|
|t:|1782326423
|switch|p1a: Charizard|Charizard, L50, F|100/100
|move|p2a: Mawile|Sucker Punch||[still]
|-fail|p2a: Mawile
|move|p1b: Garchomp|Earthquake|p2a: Mawile|[spread] p2a,p2b
|-immune|p1a: Charizard
|-supereffective|p2a: Mawile|1
|-damage|p2a: Mawile|56/100
|-damage|p2b: Farigiraf|46/100
|move|p2b: Farigiraf|Trick Room|p2b: Farigiraf
|-fieldstart|move: Trick Room|[of] p2b: Farigiraf
|
|upkeep
|turn|7
|inactive|jANMxRin has 30 seconds left.
|inactive|jANMxRin has 20 seconds left.
|inactive|jANMxRin has 15 seconds left.
|
|t:|1782326463
|switch|p1b: Whimsicott|Whimsicott, L50, F|1/100
|detailschange|p1a: Charizard|Charizard-Mega-Y, L50, F
|-mega|p1a: Charizard|Charizard|Charizardite Y
|-weather|SunnyDay|[from] ability: Drought|[of] p1a: Charizard
|move|p2a: Mawile|Sucker Punch|p1a: Charizard
|-damage|p1a: Charizard|50/100g
|move|p2b: Farigiraf|Psychic|p1a: Charizard
|-damage|p1a: Charizard|18/100
|move|p1a: Charizard|Heat Wave|p2b: Farigiraf|[spread] p2a,p2b
|-supereffective|p2a: Mawile|1
|-crit|p2a: Mawile
|-damage|p2a: Mawile|0 fnt
|-damage|p2b: Farigiraf|0 fnt
|faint|p2a: Mawile
|faint|p2b: Farigiraf
|
|-weather|SunnyDay|[upkeep]
|upkeep
|
|t:|1782326474
|switch|p2a: Incineroar|Incineroar, L50, M|47/100
|-ability|p2a: Incineroar|Intimidate|boost
|-unboost|p1a: Charizard|atk|1
|-unboost|p1b: Whimsicott|atk|1
|turn|8
|
|t:|1782326483
|move|p1b: Whimsicott|Protect|p1b: Whimsicott
|-singleturn|p1b: Whimsicott|Protect
|move|p1a: Charizard|Protect|p1a: Charizard
|-singleturn|p1a: Charizard|Protect
|move|p2a: Incineroar|Fake Out|p1b: Whimsicott
|-activate|p1b: Whimsicott|move: Protect
|
|-weather|SunnyDay|[upkeep]
|upkeep
|turn|9
|-message|jANMxRin forfeited.
|
|win|1TarsierFan
