|j|☆natsukivgc
|j|☆ccrispy5
|html|natsukivgcccrispy5    
|uhtml|bestof|Game 3 of a best-of-3
|t:|1785368248
|gametype|doubles
|player|p1|natsukivgc|1|1209
|player|p2|ccrispy5|101|1123
|gen|9
|tier|[Gen 9 Champions] VGC 2026 Reg M-B (Bo3)
|rated|
|rule|Species Clause: Limit one of each Pokémon
|rule|Item Clause: Limit 1 of each item
|clearpoke
|poke|p1|Garchomp, L50, F|
|poke|p1|Venusaur, L50, M|
|poke|p1|Incineroar, L50, M|
|poke|p1|Charizard, L50, F|
|poke|p1|Toxapex, L50, F|
|poke|p1|Annihilape, L50, M|
|poke|p2|Kangaskhan, L50, F|
|poke|p2|Gholdengo, L50|
|poke|p2|Pelipper, L50, F|
|poke|p2|Archaludon, L50, M|
|poke|p2|Garchomp, L50, F|
|poke|p2|Froslass, L50, F|
|teampreview|4
|showteam|p1|Garchomp||ChoiceScarf|RoughSkin|Earthquake,DragonClaw,StompingTantrum,RockSlide|Adamant||F|||50|]Venusaur||LifeOrb|Chlorophyll|SolarBeam,SludgeBomb,EarthPower,Protect|Modest||M|||50|]Incineroar||SitrusBerry|Intimidate|FlareBlitz,ThroatChop,FakeOut,PartingShot|Impish||M|||50|]Charizard||CharizarditeY|Blaze|HeatWave,WeatherBall,HelpingHand,Protect|Modest||F|||50|]Toxapex||Leftovers|Regenerator|Infestation,Toxic,WideGuard,BanefulBunker|Bold||F|||50|]Annihilape||FocusSash|Defiant|CloseCombat,PhantomForce,StealthRock,Protect|Jolly||M|||50|
|showteam|p2|Kangaskhan||Kangaskhanite|InnerFocus|LastResort,FakeOut|Careful||F|||50|]Gholdengo||FocusSash|GoodasGold|ShadowBall,NastyPlot,MakeItRain,Protect|Calm|||||50|]Pelipper||SitrusBerry|Drizzle|Hurricane,WeatherBall,WideGuard,Tailwind|Calm||F|||50|]Archaludon||Leftovers|Stamina|ElectroShot,DracoMeteor,Protect,FlashCannon|Calm||M|||50|]Garchomp||LifeOrb|RoughSkin|DragonClaw,Earthquake,RockSlide,Protect|Careful||F|||50|]Froslass||Froslassite|SnowCloak|AuroraVeil,ShadowBall,Blizzard,DrainingKiss|Timid||F|||50|
|
|t:|1785368325
|teamsize|p1|4
|teamsize|p2|4
|start
|switch|p1a: Charizard|Charizard, L50, F|100/100
|switch|p1b: Annihilape|Annihilape, L50, M|100/100
|switch|p2a: Gholdengo|Gholdengo, L50|100/100
|switch|p2b: Kangaskhan|Kangaskhan, L50, F|100/100
|turn|1
|
|t:|1785368383
|detailschange|p1a: Charizard|Charizard-Mega-Y, L50, F
|-mega|p1a: Charizard|Charizard|Charizardite Y
|-weather|SunnyDay|[from] ability: Drought|[of] p1a: Charizard
|move|p2b: Kangaskhan|Fake Out|p1a: Charizard
|-damage|p1a: Charizard|82/100
|move|p1b: Annihilape|Close Combat|p2b: Kangaskhan
|-supereffective|p2b: Kangaskhan|1
|-damage|p2b: Kangaskhan|0 fnt
|-unboost|p1b: Annihilape|def|1
|-unboost|p1b: Annihilape|spd|1
|faint|p2b: Kangaskhan
|move|p2a: Gholdengo|Shadow Ball|p1b: Annihilape
|-supereffective|p1b: Annihilape|1
|-enditem|p1b: Annihilape|Focus Sash
|-damage|p1b: Annihilape|1/100
|cant|p1a: Charizard|flinch
|
|-weather|SunnyDay|[upkeep]
|upkeep
|
|t:|1785368406
|switch|p2b: Pelipper|Pelipper, L50, F|100/100
|-weather|RainDance|[from] ability: Drizzle|[of] p2b: Pelipper
|turn|2
|
|t:|1785368453
|switch|p1a: Incineroar|Incineroar, L50, M|100/100
|-ability|p1a: Incineroar|Intimidate|boost
|-unboost|p2a: Gholdengo|atk|1
|-unboost|p2b: Pelipper|atk|1
|move|p1b: Annihilape|Phantom Force||[still]
|-prepare|p1b: Annihilape|Phantom Force
|move|p2a: Gholdengo|Nasty Plot|p2a: Gholdengo
|-boost|p2a: Gholdengo|spa|2
|move|p2b: Pelipper|Tailwind|p2b: Pelipper
|-sidestart|p2: ccrispy5|move: Tailwind
|
|-weather|RainDance|[upkeep]
|upkeep
|turn|3
|
|t:|1785368482
|move|p2a: Gholdengo|Protect|p2a: Gholdengo
|-singleturn|p2a: Gholdengo|Protect
|move|p2b: Pelipper|Weather Ball|p1a: Incineroar
|-supereffective|p1a: Incineroar|1
|-damage|p1a: Incineroar|9/100
|-enditem|p1a: Incineroar|Sitrus Berry|[eat]
|-heal|p1a: Incineroar|34/100|[from] item: Sitrus Berry
|move|p1b: Annihilape|Phantom Force|p2a: Gholdengo|[from] lockedmove
|-activate|p2a: Gholdengo|move: Phantom Force|[broken]
|-supereffective|p2a: Gholdengo|1
|-damage|p2a: Gholdengo|7/100
|move|p1a: Incineroar|Flare Blitz|p2a: Gholdengo
|-supereffective|p2a: Gholdengo|1
|-damage|p2a: Gholdengo|0 fnt
|faint|p2a: Gholdengo
|-damage|p1a: Incineroar|32/100|[from] Recoil
|
|-weather|RainDance|[upkeep]
|upkeep
|
|t:|1785368499
|switch|p2a: Froslass|Froslass, L50, F|100/100
|turn|4
|
|t:|1785368540
|detailschange|p2a: Froslass|Froslass-Mega, L50, F
|-mega|p2a: Froslass|Froslass|Froslassite
|-weather|Snowscape|[from] ability: Snow Warning|[of] p2a: Froslass
|move|p1b: Annihilape|Protect|p1b: Annihilape
|-singleturn|p1b: Annihilape|Protect
|move|p2a: Froslass|Blizzard|p1b: Annihilape|[spread] p1a
|-activate|p1b: Annihilape|move: Protect
|-resisted|p1a: Incineroar|1
|-damage|p1a: Incineroar|14/100
|move|p2b: Pelipper|Weather Ball|p1b: Annihilape
|-activate|p1b: Annihilape|move: Protect
|move|p1a: Incineroar|Parting Shot|p2a: Froslass
|-unboost|p2a: Froslass|atk|1
|-unboost|p2a: Froslass|spa|1
|
|t:|1785368562
|switch|p1a: Venusaur|Venusaur, L50, M|100/100|[from] Parting Shot
|
|-weather|Snowscape|[upkeep]
|upkeep
|turn|5
|
|t:|1785368579
|switch|p1b: Incineroar|Incineroar, L50, M|14/100
|-ability|p1b: Incineroar|Intimidate|boost
|-unboost|p2a: Froslass|atk|1
|-unboost|p2b: Pelipper|atk|1
|move|p1a: Venusaur|Protect|p1a: Venusaur
|-singleturn|p1a: Venusaur|Protect
|move|p2a: Froslass|Shadow Ball|p1b: Incineroar
|-resisted|p1b: Incineroar|1
|-damage|p1b: Incineroar|2/100
|move|p2b: Pelipper|Hurricane|p1b: Incineroar|[miss]
|-miss|p2b: Pelipper|p1b: Incineroar
|
|-weather|Snowscape|[upkeep]
|-sideend|p2: ccrispy5|move: Tailwind
|upkeep
|turn|6
|
|t:|1785368617
|switch|p1a: Annihilape|Annihilape, L50, M|1/100
|move|p1b: Incineroar|Fake Out|p2b: Pelipper
|-damage|p2b: Pelipper|88/100
|move|p2a: Froslass|Blizzard|p1a: Annihilape|[spread] p1a,p1b
|-resisted|p1b: Incineroar|1
|-damage|p1a: Annihilape|0 fnt
|-damage|p1b: Incineroar|0 fnt
|faint|p1a: Annihilape
|faint|p1b: Incineroar
|cant|p2b: Pelipper|flinch
|
|-weather|Snowscape|[upkeep]
|upkeep
|
|t:|1785368628
|switch|p1a: Charizard|Charizard-Mega-Y, L50, F|82/100
|switch|p1b: Venusaur|Venusaur, L50, M|100/100
|-weather|SunnyDay|[from] ability: Drought|[of] p1a: Charizard
|turn|7
|
|t:|1785368677
|move|p1b: Venusaur|Sludge Bomb|p2b: Pelipper
|-damage|p2b: Pelipper|27/100
|-status|p2b: Pelipper|psn
|-enditem|p2b: Pelipper|Sitrus Berry|[eat]
|-heal|p2b: Pelipper|52/100 psn|[from] item: Sitrus Berry
|-damage|p1b: Venusaur|90/100|[from] item: Life Orb
|move|p2a: Froslass|Shadow Ball|p1a: Charizard
|-damage|p1a: Charizard|55/100
|move|p1a: Charizard|Heat Wave|p2b: Pelipper|[spread] p2a,p2b
|-supereffective|p2a: Froslass|1
|-resisted|p2b: Pelipper|1
|-damage|p2a: Froslass|0 fnt
|-damage|p2b: Pelipper|15/100 psn
|faint|p2a: Froslass
|move|p2b: Pelipper|Hurricane|p1a: Charizard|[miss]
|-miss|p2b: Pelipper|p1a: Charizard
|
|-weather|SunnyDay|[upkeep]
|-damage|p2b: Pelipper|2/100 psn|[from] psn
|upkeep
|turn|8
|
|t:|1785368694
|move|p1b: Venusaur|Protect|p1b: Venusaur
|-singleturn|p1b: Venusaur|Protect
|move|p1a: Charizard|Protect|p1a: Charizard
|-singleturn|p1a: Charizard|Protect
|move|p2b: Pelipper|Tailwind|p2b: Pelipper
|-sidestart|p2: ccrispy5|move: Tailwind
|
|-weather|SunnyDay|[upkeep]
|-damage|p2b: Pelipper|0 fnt|[from] psn
|faint|p2b: Pelipper
|
|win|natsukivgc
