|j|☆C.blaze
|j|☆battle sim trainer
|html|C.blazebattle sim trainer    
|uhtml|bestof|Game 2 of a best-of-3
|t:|1783377191
|gametype|doubles
|player|p1|C.blaze|170|1111
|player|p2|battle sim trainer|turo|1133
|gen|9
|tier|[Gen 9 Champions] VGC 2026 Reg M-B (Bo3)
|rated|
|rule|Species Clause: Limit one of each Pokémon
|rule|Item Clause: Limit 1 of each item
|clearpoke
|poke|p1|Staraptor, L50, F|
|poke|p1|Grimmsnarl, L50, M|
|poke|p1|Hydreigon, L50, F|
|poke|p1|Gholdengo, L50|
|poke|p1|Talonflame, L50, F|
|poke|p1|Rotom-Wash, L50|
|poke|p2|Swampert, L50, F|
|poke|p2|Pelipper, L50, M|
|poke|p2|Archaludon, L50, M|
|poke|p2|Mawile, L50, F|
|poke|p2|Sinistcha, L50|
|poke|p2|Samurott-Hisui, L50, F|
|teampreview|4
|showteam|p1|Staraptor||Staraptite|Intimidate|BraveBird,CloseCombat,Protect,Roost|Jolly||F|||50|]Grimmsnarl||LightClay|Prankster|SpiritBreak,LightScreen,FakeOut,PartingShot|Careful||M|||50|]Hydreigon||HabanBerry|Levitate|DracoMeteor,DarkPulse,Protect,Snarl|Timid||F|||50|]Gholdengo||LifeOrb|GoodasGold|MakeItRain,ShadowBall,Protect,NastyPlot|Timid|||||50|]Talonflame||SharpBeak|GaleWings|DualWingbeat,FlareBlitz,Protect,Tailwind|Jolly||F|||50|]Rotom-Wash||Leftovers|Levitate|Thunderbolt,HydroPump,Protect,Electroweb|Modest|||||50|
|showteam|p2|Swampert||Swampertite|Damp|WaveCrash,Earthquake,IcePunch,Protect|Adamant||F|||50|]Pelipper||SitrusBerry|Drizzle|Hurricane,WeatherBall,Tailwind,Protect|Modest||M|||50|]Archaludon||Leftovers|Stamina|ElectroShot,DragonPulse,FlashCannon,Protect|Modest||M|||50|]Mawile||Mawilite|HyperCutter|SwordsDance,SuckerPunch,IronHead,PsychicFangs|Adamant||F|||50|]Sinistcha||KasibBerry|Hospitality|MatchaGotcha,RagePowder,TrickRoom,LifeDew|Bold|||||50|]Samurott-Hisui||FocusSash|Sharpness|AquaCutter,SacredSword,NightSlash,Protect|Adamant||F|||50|
|l|☆C.blaze
|player|p1|
|
|t:|1783377205
|teamsize|p1|4
|teamsize|p2|4
|start
|switch|p1a: Hydreigon|Hydreigon, L50, F|100/100
|switch|p1b: Rotom|Rotom-Wash, L50|100/100
|switch|p2a: Swampert|Swampert, L50, F|100/100
|switch|p2b: Archaludon|Archaludon, L50, M|100/100
|turn|1
|inactive|Battle timer is ON: inactive players will automatically lose when time's up. (requested by battle sim trainer)
|j|☆C.blaze
|inactive|C.blaze reconnected and has 65 seconds left.
|player|p1|C.blaze|170|
|inactive|C.blaze has 60 seconds left.
|
|t:|1783377253
|switch|p2a: Pelipper|Pelipper, L50, M|100/100
|-weather|RainDance|[from] ability: Drizzle|[of] p2a: Pelipper
|move|p1a: Hydreigon|Draco Meteor|p2b: Archaludon
|-damage|p2b: Archaludon|30/100
|-unboost|p1a: Hydreigon|spa|2
|-ability|p2b: Archaludon|Stamina|boost
|-boost|p2b: Archaludon|def|1
|move|p2b: Archaludon|Electro Shot||[still]
|-prepare|p2b: Archaludon|Electro Shot
|-boost|p2b: Archaludon|spa|1
|-anim|p2b: Archaludon|Electro Shot|p1b: Rotom
|-damage|p1b: Rotom|34/100
|move|p1b: Rotom|Thunderbolt|p2b: Archaludon
|-resisted|p2b: Archaludon|1
|-damage|p2b: Archaludon|10/100
|-ability|p2b: Archaludon|Stamina|boost
|-boost|p2b: Archaludon|def|1
|
|-weather|RainDance|[upkeep]
|-heal|p2b: Archaludon|16/100|[from] item: Leftovers
|-heal|p1b: Rotom|40/100|[from] item: Leftovers
|upkeep
|turn|2
|
|t:|1783377275
|move|p2b: Archaludon|Protect|p2b: Archaludon
|-singleturn|p2b: Archaludon|Protect
|move|p1a: Hydreigon|Draco Meteor|p2b: Archaludon
|-activate|p2b: Archaludon|move: Protect
|move|p1b: Rotom|Thunderbolt|p2a: Pelipper
|-supereffective|p2a: Pelipper|2
|-damage|p2a: Pelipper|0 fnt
|faint|p2a: Pelipper
|
|-weather|RainDance|[upkeep]
|-heal|p2b: Archaludon|22/100|[from] item: Leftovers
|-heal|p1b: Rotom|45/100|[from] item: Leftovers
|upkeep
|
|t:|1783377291
|switch|p2a: Swampert|Swampert, L50, F|100/100
|turn|3
|
|t:|1783377299
|detailschange|p2a: Swampert|Swampert-Mega, L50, F
|-mega|p2a: Swampert|Swampert|Swampertite
|move|p2a: Swampert|Ice Punch|p1a: Hydreigon
|-supereffective|p1a: Hydreigon|1
|-damage|p1a: Hydreigon|23/100
|move|p1a: Hydreigon|Draco Meteor|p2b: Archaludon
|-damage|p2b: Archaludon|0 fnt
|-unboost|p1a: Hydreigon|spa|2
|faint|p2b: Archaludon
|move|p1b: Rotom|Hydro Pump|p2a: Swampert
|-damage|p2a: Swampert|24/100
|
|-weather|RainDance|[upkeep]
|-heal|p1b: Rotom|51/100|[from] item: Leftovers
|upkeep
|
|t:|1783377311
|switch|p2b: Sinistcha|Sinistcha, L50|100/100
|-heal|p2a: Swampert|49/100|[from] ability: Hospitality|[of] p2b: Sinistcha
|turn|4
|inactive|C.blaze has 30 seconds left.
|
|t:|1783377345
|switch|p1a: Gholdengo|Gholdengo, L50|100/100
|move|p2a: Swampert|Wave Crash|p1b: Rotom
|-resisted|p1b: Rotom|1
|-damage|p1b: Rotom|0 fnt
|faint|p1b: Rotom
|-damage|p2a: Swampert|34/100|[from] Recoil
|move|p2b: Sinistcha|Life Dew||[still]|[spread] p2a,p2b
|-heal|p2a: Swampert|59/100
|-fail|p2b: Sinistcha|heal
|
|-weather|RainDance|[upkeep]
|upkeep
|
|t:|1783377354
|switch|p1b: Staraptor|Staraptor, L50, F|100/100
|-ability|p1b: Staraptor|Intimidate|boost
|-unboost|p2a: Swampert|atk|1
|-unboost|p2b: Sinistcha|atk|1
|turn|5
|
|t:|1783377371
|switch|p1b: Hydreigon|Hydreigon, L50, F|23/100
|move|p2a: Swampert|Wave Crash|p1b: Hydreigon
|-resisted|p1b: Hydreigon|1
|-damage|p1b: Hydreigon|0 fnt
|faint|p1b: Hydreigon
|-damage|p2a: Swampert|51/100|[from] Recoil
|move|p1a: Gholdengo|Shadow Ball|p2b: Sinistcha
|-supereffective|p2b: Sinistcha|1
|-enditem|p2b: Sinistcha|Kasib Berry|[eat]
|-enditem|p2b: Sinistcha|Kasib Berry|[weaken]
|-damage|p2b: Sinistcha|39/100
|-damage|p1a: Gholdengo|90/100|[from] item: Life Orb
|move|p2b: Sinistcha|Life Dew|p2b: Sinistcha|[spread] p2a,p2b
|-heal|p2a: Swampert|76/100
|-heal|p2b: Sinistcha|65/100
|
|-weather|none
|upkeep
|
|t:|1783377383
|switch|p1b: Staraptor|Staraptor, L50, F|100/100
|-ability|p1b: Staraptor|Intimidate|boost
|-unboost|p2a: Swampert|atk|1
|-unboost|p2b: Sinistcha|atk|1
|turn|6
|
|t:|1783377399
|detailschange|p1b: Staraptor|Staraptor-Mega, L50, F
|-mega|p1b: Staraptor|Staraptor|Staraptite
|move|p1b: Staraptor|Brave Bird|p2b: Sinistcha
|-supereffective|p2b: Sinistcha|1
|-damage|p2b: Sinistcha|0 fnt
|faint|p2b: Sinistcha
|-damage|p1b: Staraptor|76/100|[from] Recoil
|move|p1a: Gholdengo|Shadow Ball|p2a: Swampert
|-damage|p2a: Swampert|25/100
|-damage|p1a: Gholdengo|80/100|[from] item: Life Orb
|move|p2a: Swampert|Earthquake|p1a: Gholdengo|[spread] p1a
|-immune|p1b: Staraptor
|-supereffective|p1a: Gholdengo|1
|-damage|p1a: Gholdengo|29/100
|
|upkeep
|turn|7
|-message|battle sim trainer forfeited.
|
|win|C.blaze
|raw|C.blaze's rating: 1111 → 1138(+27 for winning)
|raw|battle sim trainer's rating: 1133 → 1106(-27 for losing)
