|j|☆homerj71
|j|☆mirroofsoul
|html|homerj71mirroofsoul    
|uhtml|bestof|Game 1 of a best-of-3
|t:|1782236446
|gametype|doubles
|player|p1|homerj71|169|
|player|p2|mirroofsoul|266|
|gen|9
|tier|[Gen 9 Champions] VGC 2026 Reg M-B (Bo3)
|rule|Species Clause: Limit one of each Pokémon
|rule|Item Clause: Limit 1 of each item
|clearpoke
|poke|p1|Charizard, L50, M|
|poke|p1|Garchomp, L50, M|
|poke|p1|Whimsicott, L50, M|
|poke|p1|Basculegion, L50, M|
|poke|p1|Kingambit, L50, M|
|poke|p1|Floette-Eternal, L50, F|
|poke|p2|Sinistcha, L50|
|poke|p2|Farigiraf, L50, F|
|poke|p2|Eelektross, L50, F|
|poke|p2|Dragalge, L50, M|
|poke|p2|Sylveon, L50, M|
|poke|p2|Torkoal, L50, M|
|teampreview|4
|showteam|p1|Charizard||CharizarditeY|Blaze|HeatWave,SolarBeam,WeatherBall,Protect|Modest||M|||50|]Garchomp||SitrusBerry|RoughSkin|DragonClaw,Earthquake,RockSlide,PoisonJab|Jolly||M|||50|]Whimsicott||FocusSash|Prankster|Moonblast,Tailwind,Encore,Protect|Timid||M|||50|]Basculegion||LifeOrb|Adaptability|WaveCrash,AquaJet,Protect,LastRespects|Adamant||M|||50|]Kingambit||BlackGlasses|Defiant|KowtowCleave,SuckerPunch,IronHead,Protect|Adamant||M|||50|]Floette-Eternal||Floettite|FlowerVeil|Moonblast,DazzlingGleam,LightofRuin,Protect|Timid||F|||50|
|showteam|p2|Sinistcha||Leftovers|Hospitality|MatchaGotcha,ShadowBall,RagePowder,TrickRoom|Quiet|||||50|]Farigiraf||SitrusBerry|ArmorTail|TrickRoom,Psychic,HelpingHand,Protect|Relaxed||F|||50|]Eelektross||Eelektrossite|Levitate|WildCharge,DrainPunch,KnockOff,Uturn|Brave||F|||50|]Dragalge||Dragalgite|Adaptability|SludgeBomb,DracoMeteor,FlipTurn,Haze|Quiet||M|||50|]Sylveon||FairyFeather|Pixilate|HyperVoice,QuickAttack,HyperBeam,Detect|Quiet||M|||50|]Torkoal||Charcoal|Drought|Eruption,EarthPower,WeatherBall,Protect|Quiet||M|||50|
|inactive|Battle timer is ON: inactive players will automatically lose when time's up. (requested by homerj71)
|inactive|mirroofsoul also wants the timer to be on.
|
|t:|1782236472
|teamsize|p1|4
|teamsize|p2|4
|start
|switch|p1a: Floette|Floette-Eternal, L50, F|100/100
|switch|p1b: Whimsicott|Whimsicott, L50, M|100/100
|switch|p2a: Farigiraf|Farigiraf, L50, F|100/100
|switch|p2b: Torkoal|Torkoal, L50, M|100/100
|-weather|SunnyDay|[from] ability: Drought|[of] p2b: Torkoal
|turn|1
|inactive|homerj71 has 30 seconds left.
|
|t:|1782236501
|detailschange|p1a: Floette|Floette-Mega, L50, F
|-mega|p1a: Floette|Floette|Floettite
|-ability|p1a: Floette|Fairy Aura
|move|p2b: Torkoal|Protect|p2b: Torkoal
|-singleturn|p2b: Torkoal|Protect
|move|p1b: Whimsicott|Moonblast|p2a: Farigiraf
|-damage|p2a: Farigiraf|48/100
|-enditem|p2a: Farigiraf|Sitrus Berry|[eat]
|-heal|p2a: Farigiraf|72/100|[from] item: Sitrus Berry
|move|p1a: Floette|Dazzling Gleam|p2b: Torkoal|[spread] p2a
|-activate|p2b: Torkoal|move: Protect
|-damage|p2a: Farigiraf|27/100
|move|p2a: Farigiraf|Trick Room|p2a: Farigiraf
|-fieldstart|move: Trick Room|[of] p2a: Farigiraf
|
|-weather|SunnyDay|[upkeep]
|upkeep
|turn|2
|
|t:|1782236522
|move|p2a: Farigiraf|Helping Hand|p2b: Torkoal
|-singleturn|p2b: Torkoal|Helping Hand|[of] p2a: Farigiraf
|move|p1b: Whimsicott|Protect|p1b: Whimsicott
|-singleturn|p1b: Whimsicott|Protect
|move|p1a: Floette|Protect|p1a: Floette
|-singleturn|p1a: Floette|Protect
|move|p2b: Torkoal|Eruption|p1a: Floette|[spread] 
|-activate|p1a: Floette|move: Protect
|-activate|p1b: Whimsicott|move: Protect
|
|-weather|SunnyDay|[upkeep]
|upkeep
|turn|3
|
|t:|1782236536
|switch|p1a: Basculegion|Basculegion, L50, M|100/100
|move|p2b: Torkoal|Eruption|p1b: Whimsicott|[spread] p1a,p1b
|-resisted|p1a: Basculegion|1
|-supereffective|p1b: Whimsicott|1
|-damage|p1a: Basculegion|50/100g
|-enditem|p1b: Whimsicott|Focus Sash
|-damage|p1b: Whimsicott|1/100
|move|p2a: Farigiraf|Psychic|p1b: Whimsicott
|-damage|p1b: Whimsicott|0 fnt
|faint|p1b: Whimsicott
|
|-weather|SunnyDay|[upkeep]
|upkeep
|
|t:|1782236549
|switch|p1b: Floette|Floette-Mega, L50, F|100/100
|-ability|p1b: Floette|Fairy Aura
|turn|4
|
|t:|1782236559
|move|p1a: Basculegion|Protect|p1a: Basculegion
|-singleturn|p1a: Basculegion|Protect
|move|p1b: Floette|Protect|p1b: Floette
|-singleturn|p1b: Floette|Protect
|move|p2b: Torkoal|Weather Ball|p1a: Basculegion
|-activate|p1a: Basculegion|move: Protect
|move|p2a: Farigiraf|Psychic|p1a: Basculegion
|-activate|p1a: Basculegion|move: Protect
|
|-weather|SunnyDay|[upkeep]
|upkeep
|turn|5
|
|t:|1782236578
|switch|p1b: Garchomp|Garchomp, L50, M|100/100
|move|p2a: Farigiraf|Helping Hand|p2b: Torkoal
|-singleturn|p2b: Torkoal|Helping Hand|[of] p2a: Farigiraf
|move|p2b: Torkoal|Eruption|p1b: Garchomp|[spread] p1a,p1b
|-resisted|p1a: Basculegion|1
|-resisted|p1b: Garchomp|1
|-damage|p1a: Basculegion|0 fnt
|-damage|p1b: Garchomp|29/100
|-enditem|p1b: Garchomp|Sitrus Berry|[eat]
|-heal|p1b: Garchomp|54/100|[from] item: Sitrus Berry
|faint|p1a: Basculegion
|
|-weather|none
|-fieldend|move: Trick Room
|upkeep
|
|t:|1782236584
|switch|p1a: Floette|Floette-Mega, L50, F|100/100
|-ability|p1a: Floette|Fairy Aura
|turn|6
|
|t:|1782236599
|move|p2b: Torkoal|Protect|p2b: Torkoal
|-singleturn|p2b: Torkoal|Protect
|move|p1b: Garchomp|Dragon Claw|p2b: Torkoal
|-activate|p2b: Torkoal|move: Protect
|move|p1a: Floette|Dazzling Gleam|p2b: Torkoal|[spread] p2a
|-activate|p2b: Torkoal|move: Protect
|-damage|p2a: Farigiraf|0 fnt
|faint|p2a: Farigiraf
|
|upkeep
|
|t:|1782236610
|switch|p2a: Sinistcha|Sinistcha, L50|100/100
|turn|7
|
|t:|1782236629
|move|p1a: Floette|Protect|p1a: Floette
|-singleturn|p1a: Floette|Protect
|move|p1b: Garchomp|Earthquake|p2a: Sinistcha|[spread] p2a,p2b
|-activate|p1a: Floette|move: Protect
|-resisted|p2a: Sinistcha|1
|-supereffective|p2b: Torkoal|1
|-damage|p2a: Sinistcha|84/100
|-damage|p2b: Torkoal|44/100
|move|p2b: Torkoal|Earth Power|p1b: Garchomp
|-damage|p1b: Garchomp|29/100
|move|p2a: Sinistcha|Trick Room|p2a: Sinistcha
|-fieldstart|move: Trick Room|[of] p2a: Sinistcha
|
|-heal|p2a: Sinistcha|91/100|[from] item: Leftovers
|upkeep
|turn|8
|
|t:|1782236646
|move|p2b: Torkoal|Weather Ball|p1b: Garchomp
|-damage|p1b: Garchomp|13/100
|move|p2a: Sinistcha|Matcha Gotcha|p1a: Floette|[spread] p1a,p1b
|-damage|p1a: Floette|76/100
|-heal|p2a: Sinistcha|100/100|[from] drain|[of] p1a: Floette
|-damage|p1b: Garchomp|0 fnt
|faint|p1b: Garchomp
|move|p1a: Floette|Dazzling Gleam|p2b: Torkoal|[spread] p2a,p2b
|-resisted|p2b: Torkoal|1
|-damage|p2a: Sinistcha|56/100
|-damage|p2b: Torkoal|15/100
|
|-heal|p2a: Sinistcha|62/100|[from] item: Leftovers
|upkeep
|turn|9
|
|t:|1782236662
|move|p1a: Floette|Protect|p1a: Floette
|-singleturn|p1a: Floette|Protect
|move|p2b: Torkoal|Weather Ball|p1a: Floette
|-activate|p1a: Floette|move: Protect
|move|p2a: Sinistcha|Matcha Gotcha|p1a: Floette
|-activate|p1a: Floette|move: Protect
|
|-heal|p2a: Sinistcha|68/100|[from] item: Leftovers
|upkeep
|turn|10
|
|t:|1782236675
|switch|p2b: Dragalge|Dragalge, L50, M|100/100
|move|p2a: Sinistcha|Matcha Gotcha|p1a: Floette
|-damage|p1a: Floette|44/100
|-heal|p2a: Sinistcha|82/100|[from] drain|[of] p1a: Floette
|move|p1a: Floette|Dazzling Gleam|p2a: Sinistcha|[spread] p2a,p2b
|-damage|p2a: Sinistcha|38/100
|-damage|p2b: Dragalge|61/100
|
|-heal|p2a: Sinistcha|44/100|[from] item: Leftovers
|upkeep
|turn|11
|l|☆mirroofsoul
|inactive|mirroofsoul disconnected and has 300 seconds to reconnect!
|player|p2|
|j|☆mirroofsoul
|inactive|mirroofsoul reconnected and has 55 seconds left.
|player|p2|mirroofsoul|266|
|
|t:|1782236703
|move|p1a: Floette|Protect|p1a: Floette
|-singleturn|p1a: Floette|Protect
|move|p2b: Dragalge|Sludge Bomb|p1a: Floette
|-activate|p1a: Floette|move: Protect
|move|p2a: Sinistcha|Matcha Gotcha|p1a: Floette
|-activate|p1a: Floette|move: Protect
|
|-heal|p2a: Sinistcha|50/100g|[from] item: Leftovers
|-fieldend|move: Trick Room
|upkeep
|turn|12
|
|t:|1782236719
|switch|p2b: Torkoal|Torkoal, L50, M|15/100
|-weather|SunnyDay|[from] ability: Drought|[of] p2b: Torkoal
|move|p1a: Floette|Moonblast|p2b: Torkoal
|-resisted|p2b: Torkoal|1
|-damage|p2b: Torkoal|0 fnt
|faint|p2b: Torkoal
|move|p2a: Sinistcha|Trick Room|p2a: Sinistcha
|-fieldstart|move: Trick Room|[of] p2a: Sinistcha
|
|-weather|SunnyDay|[upkeep]
|-heal|p2a: Sinistcha|56/100|[from] item: Leftovers
|upkeep
|
|t:|1782236729
|switch|p2b: Dragalge|Dragalge, L50, M|61/100
|turn|13
|
|t:|1782236736
|move|p1a: Floette|Protect|p1a: Floette
|-singleturn|p1a: Floette|Protect
|move|p2b: Dragalge|Sludge Bomb|p1a: Floette
|-activate|p1a: Floette|move: Protect
|move|p2a: Sinistcha|Matcha Gotcha|p1a: Floette
|-activate|p1a: Floette|move: Protect
|
|-weather|SunnyDay|[upkeep]
|-heal|p2a: Sinistcha|62/100|[from] item: Leftovers
|upkeep
|turn|14
|
|t:|1782236748
|move|p2b: Dragalge|Sludge Bomb|p1a: Floette
|-supereffective|p1a: Floette|1
|-damage|p1a: Floette|0 fnt
|faint|p1a: Floette
|
|win|mirroofsoul
||homerj71 is ready for game 2.
|inactive|mirroofsoul has 30 seconds to confirm battle start!
|inactive|mirroofsoul has 20 seconds to confirm battle start!
