|j|☆NoitUK_VGC
|j|☆ondeestaerbeti
|html|NoitUK_VGCondeestaerbeti    
|uhtml|bestof|Game 1 of a best-of-3
|t:|1783853074
|gametype|doubles
|player|p1|NoitUK_VGC|102|1131
|player|p2|ondeestaerbeti|265|1202
|gen|9
|tier|[Gen 9 Champions] VGC 2026 Reg M-B (Bo3)
|rated|
|rule|Species Clause: Limit one of each Pokémon
|rule|Item Clause: Limit 1 of each item
|clearpoke
|poke|p1|Archaludon, L50, F|
|poke|p1|Swampert, L50, F|
|poke|p1|Pelipper, L50, F|
|poke|p1|Raichu, L50, F|
|poke|p1|Sableye, L50, F|
|poke|p1|Kingambit, L50, F|
|poke|p2|Whimsicott, L50, M|
|poke|p2|Ninetales, L50, F|
|poke|p2|Typhlosion, L50, F|
|poke|p2|Floette-Eternal, L50, F|
|poke|p2|Farigiraf, L50, F|
|poke|p2|Basculegion, L50, M|
|teampreview|4
|showteam|p1|Archaludon||Leftovers|Stamina|Protect,ElectroShot,FlashCannon,DragonPulse|Modest||F|||50|]Swampert||Swampertite|Torrent|Protect,WaveCrash,Earthquake,IcePunch|Adamant||F|||50|]Pelipper||SitrusBerry|Drizzle|WideGuard,WeatherBall,Hurricane,Tailwind|Bold||F|||50|]Raichu||RaichuniteX|LightningRod|FakeOut,VoltTackle,VoltSwitch,PlayRough|Hasty||F|||50|]Sableye||RoseliBerry|Prankster|Encore,Disable,WillOWisp,RainDance|Relaxed||F|||50|]Kingambit||ChopleBerry|Defiant|KowtowCleave,SuckerPunch,IronHead,LowKick|Adamant||F|||50|
|showteam|p2|Whimsicott||FocusSash|Prankster|Moonblast,Protect,SunnyDay,Tailwind|Timid||M|||50|]Ninetales||ChoiceScarf|Drought|HeatWave,SolarBeam,Overheat,FakeTears|Modest||F|||50|]Typhlosion||Charcoal|FlashFire|Eruption,BurnUp,SolarBeam,Protect|Timid||F|||50|]Floette-Eternal||Floettite|FlowerVeil|Moonblast,DazzlingGleam,LightofRuin,Protect|Modest||F|||50|]Farigiraf||SitrusBerry|ArmorTail|TwinBeam,Thunderbolt,HelpingHand,TrickRoom|Bold||F|||50|]Basculegion||LifeOrb|Adaptability|WaveCrash,AquaJet,FlipTurn,LastRespects|Adamant||M|||50|
|inactive|Battle timer is ON: inactive players will automatically lose when time's up. (requested by ondeestaerbeti)
|
|t:|1783853121
|teamsize|p1|4
|teamsize|p2|4
|start
|switch|p1a: Sableye|Sableye, L50, F|100/100
|switch|p1b: Swampert|Swampert, L50, F|100/100
|switch|p2a: Whimsicott|Whimsicott, L50, M|100/100
|switch|p2b: Floette|Floette-Eternal, L50, F|100/100
|turn|1
|inactive|ondeestaerbeti has 30 seconds left.
|inactive|ondeestaerbeti has 20 seconds left.
|inactive|ondeestaerbeti has 15 seconds left.
|inactive|ondeestaerbeti has 10 seconds left.
|
|t:|1783853171
|detailschange|p2b: Floette|Floette-Mega, L50, F
|-mega|p2b: Floette|Floette|Floettite
|-ability|p2b: Floette|Fairy Aura
|detailschange|p1b: Swampert|Swampert-Mega, L50, F
|-mega|p1b: Swampert|Swampert|Swampertite
|move|p2a: Whimsicott|Tailwind|p2a: Whimsicott
|-sidestart|p2: ondeestaerbeti|move: Tailwind
|move|p1a: Sableye|Rain Dance|p1a: Sableye
|-weather|RainDance
|move|p2b: Floette|Dazzling Gleam|p1a: Sableye|[spread] p1a,p1b
|-supereffective|p1a: Sableye|1
|-enditem|p1a: Sableye|Roseli Berry|[eat]
|-enditem|p1a: Sableye|Roseli Berry|[weaken]
|-damage|p1a: Sableye|36/100
|-damage|p1b: Swampert|52/100
|move|p1b: Swampert|Wave Crash|p2b: Floette
|-damage|p2b: Floette|0 fnt
|faint|p2b: Floette
|-damage|p1b: Swampert|24/100|[from] Recoil
|
|-weather|RainDance|[upkeep]
|upkeep
|inactive|ondeestaerbeti has 30 seconds left.
|inactive|ondeestaerbeti has 20 seconds left.
|
|t:|1783853210
|switch|p2b: Typhlosion|Typhlosion, L50, F|100/100
|turn|2
|
|t:|1783853224
|move|p1b: Swampert|Protect|p1b: Swampert
|-singleturn|p1b: Swampert|Protect
|move|p1a: Sableye|Rain Dance||[still]
|-fail|p1a: Sableye
|move|p2a: Whimsicott|Moonblast|p1b: Swampert
|-activate|p1b: Swampert|move: Protect
|move|p2b: Typhlosion|Burn Up|p1a: Sableye
|-damage|p1a: Sableye|0 fnt
|-start|p2b: Typhlosion|typechange|???|[from] move: Burn Up
|faint|p1a: Sableye
|
|-weather|RainDance|[upkeep]
|upkeep
|
|t:|1783853243
|switch|p1a: Kingambit|Kingambit, L50, F|100/100
|turn|3
|
|t:|1783853250
|switch|p2b: Ninetales|Ninetales, L50, F|100/100
|-weather|SunnyDay|[from] ability: Drought|[of] p2b: Ninetales
|switch|p1b: Archaludon|Archaludon, L50, F|100/100
|move|p1a: Kingambit|Sucker Punch||[still]
|-fail|p1a: Kingambit
|move|p2a: Whimsicott|Moonblast|p1b: Archaludon
|-damage|p1b: Archaludon|61/100
|-ability|p1b: Archaludon|Stamina|boost
|-boost|p1b: Archaludon|def|1
|
|-weather|SunnyDay|[upkeep]
|-heal|p1b: Archaludon|68/100|[from] item: Leftovers
|upkeep
|turn|4
|inactive|NoitUK_VGC has 30 seconds left.
|inactive|ondeestaerbeti has 30 seconds left.
|
|t:|1783853282
|move|p1a: Kingambit|Sucker Punch|p2b: Ninetales
|-damage|p2b: Ninetales|43/100
|move|p2b: Ninetales|Heat Wave|p1a: Kingambit|[spread] p1a,p1b
|-supereffective|p1a: Kingambit|1
|-damage|p1a: Kingambit|23/100
|-damage|p1b: Archaludon|21/100
|-ability|p1b: Archaludon|Stamina|boost
|-boost|p1b: Archaludon|def|1
|move|p2a: Whimsicott|Moonblast|p1b: Archaludon
|-damage|p1b: Archaludon|0 fnt
|faint|p1b: Archaludon
|
|-weather|SunnyDay|[upkeep]
|-sideend|p2: ondeestaerbeti|move: Tailwind
|upkeep
|
|t:|1783853296
|switch|p1b: Swampert|Swampert-Mega, L50, F|24/100
|turn|5
|
|t:|1783853311
|switch|p2b: Typhlosion|Typhlosion, L50, F|100/100
|move|p1a: Kingambit|Sucker Punch||[still]
|-fail|p1a: Kingambit
|move|p2a: Whimsicott|Moonblast|p1a: Kingambit
|-damage|p1a: Kingambit|0 fnt
|faint|p1a: Kingambit
|move|p1b: Swampert|Ice Punch|p2a: Whimsicott
|-supereffective|p2a: Whimsicott|1
|-damage|p2a: Whimsicott|9/100
|
|-weather|SunnyDay|[upkeep]
|upkeep
|turn|6
|-message|NoitUK_VGC forfeited.
|
|win|ondeestaerbeti
||ondeestaerbeti is ready for game 2.
||NoitUK_VGC is ready for game 2.
|uhtml|next|Next: Game 2 of 3
