|j|☆EnzoPS
|j|☆takeshivgc-test
|html|EnzoPStakeshivgc-test    
|uhtml|bestof|Game 1 of a best-of-3
|t:|1757781558
|gametype|doubles
|player|p1|EnzoPS|cynthia-gen4|1112
|player|p2|takeshivgc-test|sabrina|1174
|gen|9
|tier|[Gen 9] VGC 2025 Reg H (Bo3)
|rated|
|rule|Species Clause: Limit one of each Pokémon
|rule|Item Clause: Limit 1 of each item
|clearpoke
|poke|p1|Pelipper, L50, F|
|poke|p1|Amoonguss, L50, F|
|poke|p1|Archaludon, L50, M|
|poke|p1|Basculegion, L50, M|
|poke|p1|Gholdengo, L50|
|poke|p1|Incineroar, L50, F|
|poke|p2|Armarouge, L50, M|
|poke|p2|Indeedee-F, L50, F|
|poke|p2|Torkoal, L50, F|
|poke|p2|Gallade, L50, M|
|poke|p2|Ursaluna, L50, F|
|poke|p2|Hatterene, L50, F|
|teampreview|4
|showteam|p1|Pelipper||FocusSash|Drizzle|Protect,WeatherBall,Hurricane,Tailwind|||F|||50|,,,,,Ground]Amoonguss||SitrusBerry|Regenerator|Protect,Spore,RagePowder,PollenPuff|||F|||50|,,,,,Water]Archaludon||AssaultVest|Stamina|DragonPulse,ElectroShot,FlashCannon,BodyPress|||M|||50|,,,,,Grass]Basculegion||ChoiceBand|SwiftSwim|FlipTurn,WaveCrash,AquaJet,LastRespects|||M|||50|,,,,,Grass]Gholdengo||LifeOrb|GoodasGold|Protect,MakeItRain,ShadowBall,NastyPlot||||||50|,,,,,Water]Incineroar||SafetyGoggles|Intimidate|FlareBlitz,KnockOff,PartingShot,FakeOut|||F|||50|,,,,,Ghost
|showteam|p2|Armarouge||PowerHerb|FlashFire|ArmorCannon,ExpandingForce,TrickRoom,MeteorBeam|||M|||50|,,,,,Grass]Indeedee-F||PsychicSeed|PsychicSurge|Psychic,HelpingHand,TrickRoom,FollowMe|||F|||50|,,,,,Grass]Torkoal||ChoiceSpecs|Drought|Eruption,ClearSmog,WeatherBall,HeatWave|||F|||50|,,,,,Fire]Gallade||ClearAmulet|Sharpness|PsychoCut,SacredSword,TrickRoom,WideGuard|||M|||50|,,,,,Fire]Ursaluna||FlameOrb|Guts|Facade,HeadlongRush,Earthquake,Protect|||F|||50|,,,,,Ghost]Hatterene||LifeOrb|MagicBounce|ExpandingForce,DazzlingGleam,TrickRoom,MysticalFire|||F|||50|,,,,,Fire
|c|☆EnzoPS|forza napoli
|
|t:|1757781602
|teamsize|p1|4
|teamsize|p2|4
|start
|switch|p1a: Gholdengo|Gholdengo, L50|100/100
|switch|p1b: Amoonguss|Amoonguss, L50, F|100/100
|switch|p2a: Indeedee|Indeedee-F, L50, F|100/100
|switch|p2b: Hatterene|Hatterene, L50, F, shiny|100/100
|-fieldstart|move: Psychic Terrain|[from] ability: Psychic Surge|[of] p2a: Indeedee
|-enditem|p2a: Indeedee|Psychic Seed
|-boost|p2a: Indeedee|spd|1|[from] item: Psychic Seed
|turn|1
|
|t:|1757781643
|switch|p1b: Pelipper|Pelipper, L50, F, shiny|100/100
|-weather|RainDance|[from] ability: Drizzle|[of] p1b: Pelipper
|-terastallize|p2b: Hatterene|Fire
|move|p1a: Gholdengo|Nasty Plot|p1a: Gholdengo
|-boost|p1a: Gholdengo|spa|2
|move|p2b: Hatterene|Mystical Fire|p1a: Gholdengo
|-supereffective|p1a: Gholdengo
|-damage|p1a: Gholdengo|34/100
|-unboost|p1a: Gholdengo|spa|1
|-damage|p2b: Hatterene|91/100|[from] item: Life Orb
|move|p2a: Indeedee|Trick Room|p2a: Indeedee
|-fieldstart|move: Trick Room|[of] p2a: Indeedee
|
|-weather|RainDance|[upkeep]
|upkeep
|turn|2
|
|t:|1757781674
|switch|p1a: Incineroar|Incineroar, L50, F|100/100
|-ability|p1a: Incineroar|Intimidate|boost
|-unboost|p2a: Indeedee|atk|1
|-unboost|p2b: Hatterene|atk|1
|move|p2b: Hatterene|Expanding Force|p1a: Incineroar|[spread] p1b
|-immune|p1a: Incineroar
|-enditem|p1b: Pelipper|Focus Sash
|-damage|p1b: Pelipper|1/100
|-damage|p2b: Hatterene|82/100|[from] item: Life Orb
|move|p2a: Indeedee|Psychic|p1b: Pelipper
|-damage|p1b: Pelipper|0 fnt
|faint|p1b: Pelipper
|
|-weather|RainDance|[upkeep]
|upkeep
|
|t:|1757781688
|switch|p1b: Amoonguss|Amoonguss, L50, F|100/100
|turn|3
|
|t:|1757781718
|switch|p2a: Torkoal|Torkoal, L50, F|100/100
|-weather|SunnyDay|[from] ability: Drought|[of] p2a: Torkoal
|-terastallize|p1b: Amoonguss|Water
|move|p2b: Hatterene|Expanding Force|p1a: Incineroar|[spread] p1b
|-immune|p1a: Incineroar
|-damage|p1b: Amoonguss|26/100
|-enditem|p1b: Amoonguss|Sitrus Berry|[eat]
|-heal|p1b: Amoonguss|51/100|[from] item: Sitrus Berry
|-damage|p2b: Hatterene|72/100|[from] item: Life Orb
|move|p1b: Amoonguss|Spore|p2a: Torkoal
|-status|p2a: Torkoal|slp|[from] move: Spore
|move|p1a: Incineroar|Knock Off|p2b: Hatterene
|-damage|p2b: Hatterene|21/100
|-enditem|p2b: Hatterene|Life Orb|[from] move: Knock Off|[of] p1a: Incineroar
|
|-weather|SunnyDay|[upkeep]
|upkeep
|turn|4
|
|t:|1757781757
|move|p1b: Amoonguss|Protect|p1b: Amoonguss
|-singleturn|p1b: Amoonguss|Protect
|cant|p2a: Torkoal|slp
|move|p2b: Hatterene|Expanding Force|p1a: Incineroar|[spread] 
|-activate|p1b: Amoonguss|move: Protect
|-immune|p1a: Incineroar
|move|p1a: Incineroar|Knock Off|p2b: Hatterene
|-damage|p2b: Hatterene|0 fnt
|faint|p2b: Hatterene
|
|-weather|SunnyDay|[upkeep]
|upkeep
|
|t:|1757781775
|switch|p2b: Gallade|Gallade, L50, M, shiny|100/100
|turn|5
|
|t:|1757781796
|switch|p1a: Gholdengo|Gholdengo, L50|34/100
|-curestatus|p2a: Torkoal|slp|[msg]
|move|p2a: Torkoal|Heat Wave|p1b: Amoonguss|[spread] p1a,p1b
|-supereffective|p1a: Gholdengo
|-resisted|p1b: Amoonguss
|-damage|p1a: Gholdengo|0 fnt
|-damage|p1b: Amoonguss|24/100
|faint|p1a: Gholdengo
|move|p1b: Amoonguss|Spore|p2b: Gallade
|-status|p2b: Gallade|slp|[from] move: Spore
|cant|p2b: Gallade|slp
|
|-weather|SunnyDay|[upkeep]
|-fieldend|move: Trick Room
|-fieldend|move: Psychic Terrain
|upkeep
|
|t:|1757781805
|switch|p1a: Incineroar|Incineroar, L50, F|100/100
|-ability|p1a: Incineroar|Intimidate|boost
|-unboost|p2a: Torkoal|atk|1
|-fail|p2b: Gallade|unboost|[from] item: Clear Amulet|[of] p2b: Gallade
|turn|6
|
|t:|1757781818
|switch|p2a: Indeedee|Indeedee-F, L50, F|100/100
|-fieldstart|move: Psychic Terrain|[from] ability: Psychic Surge|[of] p2a: Indeedee
|cant|p2b: Gallade|slp
|move|p1a: Incineroar|Knock Off|p2a: Indeedee
|-supereffective|p2a: Indeedee
|-damage|p2a: Indeedee|38/100
|move|p1b: Amoonguss|Spore|p2a: Indeedee
|-status|p2a: Indeedee|slp|[from] move: Spore
|
|-weather|SunnyDay|[upkeep]
|upkeep
|turn|7
|
|t:|1757781836
|-curestatus|p2b: Gallade|slp|[msg]
|move|p2b: Gallade|Sacred Sword|p1a: Incineroar
|-supereffective|p1a: Incineroar
|-damage|p1a: Incineroar|0 fnt
|faint|p1a: Incineroar
|cant|p2a: Indeedee|slp
|move|p1b: Amoonguss|Spore|p2b: Gallade
|-status|p2b: Gallade|slp|[from] move: Spore
|
|-weather|none
|upkeep
|turn|8
|
|t:|1757781851
|cant|p2b: Gallade|slp
|cant|p2a: Indeedee|slp
|move|p1b: Amoonguss|Pollen Puff|p2a: Indeedee
|-supereffective|p2a: Indeedee
|-damage|p2a: Indeedee|0 fnt
|faint|p2a: Indeedee
|
|upkeep
|
|t:|1757781859
|switch|p2a: Torkoal|Torkoal, L50, F|100/100
|-weather|SunnyDay|[from] ability: Drought|[of] p2a: Torkoal
|turn|9
|
|t:|1757781864
|-curestatus|p2b: Gallade|slp|[msg]
|move|p2b: Gallade|Psycho Cut|p1b: Amoonguss
|-damage|p1b: Amoonguss|0 fnt
|faint|p1b: Amoonguss
|
|win|takeshivgc-test
||EnzoPS is ready for game 2.
||takeshivgc-test is ready for game 2.
|uhtml|next|Next: Game 2 of 3
