|j|☆MrTedno
|j|☆MobiusVGC
|html|MrTednoMobiusVGC    
|uhtml|bestof|Game 2 of a best-of-3
|t:|1756723327
|gametype|doubles
|player|p1|MrTedno|barry|1136
|player|p2|MobiusVGC|gentleman-gen4dp|1076
|gen|9
|tier|[Gen 9] VGC 2025 Reg H (Bo3)
|rated|
|rule|Species Clause: Limit one of each Pokémon
|rule|Item Clause: Limit 1 of each item
|clearpoke
|poke|p1|Dondozo, L50, F|
|poke|p1|Tatsugiri, L50, M|
|poke|p1|Politoed, L50, F|
|poke|p1|Archaludon, L50, M|
|poke|p1|Rillaboom, L50, M|
|poke|p1|Sneasler, L50, M|
|poke|p2|Hydreigon, L50, M|
|poke|p2|Gholdengo, L50|
|poke|p2|Amoonguss, L50, F|
|poke|p2|Incineroar, L50, M|
|poke|p2|Garchomp, L50, M|
|poke|p2|Sneasler, L50, M|
|teampreview|4
|showteam|p1|Dondozo||LifeOrb|Unaware|Surf,SleepTalk,Protect|||F|||50|,,,,,Water]Tatsugiri||FocusSash|Commander|MuddyWater,DracoMeteor,Taunt,Protect|||M|||50|,,,,,Stellar]Politoed||SitrusBerry|Drizzle|WeatherBall,IceBeam,Haze,Protect|||F|||50|,,,,,Steel]Archaludon||AssaultVest|Stamina|ElectroShot,FlashCannon,DragonPulse,BodyPress|||M|||50|,,,,,Grass]Rillaboom||LoadedDice|GrassySurge|FakeOut,GrassyGlide,HighHorsepower,BulletSeed|||M|||50|,,,,,Grass]Sneasler||GrassySeed|Unburden|DireClaw,CloseCombat,ThroatChop,Protect|||M|||50|,,,,,Dark
|showteam|p2|Hydreigon||CovertCloak|Levitate|DracoMeteor,Snarl,Tailwind,Taunt|||M|||50|,,,,,Ghost]Gholdengo||MetalCoat|GoodasGold|MakeItRain,ShadowBall,NastyPlot,Protect||||||50|,,,,,Flying]Amoonguss||RockyHelmet|Regenerator|PollenPuff,Spore,RagePowder,Protect|||F|||50|,,,,,Fairy]Incineroar||SafetyGoggles|Intimidate|FlareBlitz,KnockOff,FakeOut,PartingShot|||M|||50|,,,,,Ghost]Garchomp||ClearAmulet|RoughSkin|Earthquake,DragonClaw,StompingTantrum,Protect|||M|||50|,,,,,Fire]Sneasler||FocusSash|Unburden|CloseCombat,DireClaw,Coaching,Protect|||M|||50|,,,,,Flying
|
|t:|1756723399
|teamsize|p1|4
|teamsize|p2|4
|start
|switch|p1a: Barnacles|Archaludon, L50, M|100/100
|switch|p1b: Tweak|Politoed, L50, F|100/100
|switch|p2a: Hydreigon|Hydreigon, L50, M|100/100
|switch|p2b: Incineroar|Incineroar, L50, M|100/100
|-weather|RainDance|[from] ability: Drizzle|[of] p1b: Tweak
|-ability|p2b: Incineroar|Intimidate|boost
|-unboost|p1a: Barnacles|atk|1
|-unboost|p1b: Tweak|atk|1
|turn|1
|
|t:|1756723420
|switch|p2b: Gholdengo|Gholdengo, L50|100/100
|move|p2a: Hydreigon|Snarl|p1b: Tweak|[spread] p1a,p1b
|-crit|p1a: Barnacles
|-damage|p1a: Barnacles|80/100
|-damage|p1b: Tweak|88/100
|-unboost|p1a: Barnacles|spa|1
|-unboost|p1b: Tweak|spa|1
|-ability|p1a: Barnacles|Stamina|boost
|-boost|p1a: Barnacles|def|1
|move|p1a: Barnacles|Electro Shot||[still]
|-prepare|p1a: Barnacles|Electro Shot
|-boost|p1a: Barnacles|spa|1
|-anim|p1a: Barnacles|Electro Shot|p2b: Gholdengo
|-damage|p2b: Gholdengo|59/100
|move|p1b: Tweak|Weather Ball|p2b: Gholdengo
|-damage|p2b: Gholdengo|29/100
|
|-weather|RainDance|[upkeep]
|upkeep
|turn|2
|
|t:|1756723465
|switch|p1b: Turnip|Rillaboom, L50, M|100/100
|-fieldstart|move: Grassy Terrain|[from] ability: Grassy Surge|[of] p1b: Turnip
|-terastallize|p2a: Hydreigon|Ghost
|move|p2b: Gholdengo|Protect|p2b: Gholdengo
|-singleturn|p2b: Gholdengo|Protect
|move|p2a: Hydreigon|Snarl|p1b: Turnip|[spread] p1a,p1b
|-damage|p1a: Barnacles|67/100
|-damage|p1b: Turnip|82/100
|-unboost|p1a: Barnacles|spa|1
|-unboost|p1b: Turnip|spa|1
|-ability|p1a: Barnacles|Stamina|boost
|-boost|p1a: Barnacles|def|1
|move|p1a: Barnacles|Electro Shot||[still]
|-prepare|p1a: Barnacles|Electro Shot
|-boost|p1a: Barnacles|spa|1
|-anim|p1a: Barnacles|Electro Shot|p2b: Gholdengo
|-activate|p2b: Gholdengo|move: Protect
|
|-weather|RainDance|[upkeep]
|-heal|p2b: Gholdengo|35/100|[from] Grassy Terrain
|-heal|p1b: Turnip|88/100|[from] Grassy Terrain
|-heal|p1a: Barnacles|73/100|[from] Grassy Terrain
|upkeep
|turn|3
|
|t:|1756723513
|switch|p2b: Incineroar|Incineroar, L50, M|100/100
|-ability|p2b: Incineroar|Intimidate|boost
|-unboost|p1a: Barnacles|atk|1
|-unboost|p1b: Turnip|atk|1
|move|p2a: Hydreigon|Snarl|p1a: Barnacles|[spread] p1a,p1b
|-damage|p1a: Barnacles|61/100
|-damage|p1b: Turnip|70/100
|-unboost|p1a: Barnacles|spa|1
|-unboost|p1b: Turnip|spa|1
|-ability|p1a: Barnacles|Stamina|boost
|-boost|p1a: Barnacles|def|1
|move|p1b: Turnip|High Horsepower|p2b: Incineroar|[miss]
|-miss|p1b: Turnip|p2b: Incineroar
|move|p1a: Barnacles|Electro Shot||[still]
|-prepare|p1a: Barnacles|Electro Shot
|-boost|p1a: Barnacles|spa|1
|-anim|p1a: Barnacles|Electro Shot|p2a: Hydreigon
|-damage|p2a: Hydreigon|65/100
|
|-weather|RainDance|[upkeep]
|-heal|p1b: Turnip|76/100|[from] Grassy Terrain
|-heal|p1a: Barnacles|67/100|[from] Grassy Terrain
|upkeep
|turn|4
|
|t:|1756723536
|switch|p1b: Shellington|Sneasler, L50, M|100/100
|-enditem|p1b: Shellington|Grassy Seed
|-boost|p1b: Shellington|def|1|[from] item: Grassy Seed
|switch|p2b: Amoonguss|Amoonguss, L50, F|100/100
|move|p2a: Hydreigon|Snarl|p1b: Shellington|[spread] p1a,p1b
|-resisted|p1b: Shellington
|-damage|p1a: Barnacles|54/100
|-damage|p1b: Shellington|88/100
|-unboost|p1a: Barnacles|spa|1
|-unboost|p1b: Shellington|spa|1
|-ability|p1a: Barnacles|Stamina|boost
|-boost|p1a: Barnacles|def|1
|move|p1a: Barnacles|Dragon Pulse|p2a: Hydreigon
|-damage|p2a: Hydreigon|39/100
|
|-weather|RainDance|[upkeep]
|-heal|p1b: Shellington|93/100|[from] Grassy Terrain
|-heal|p1a: Barnacles|60/100|[from] Grassy Terrain
|upkeep
|turn|5
|
|t:|1756723588
|switch|p2a: Incineroar|Incineroar, L50, M|100/100
|-ability|p2a: Incineroar|Intimidate|boost
|-unboost|p1a: Barnacles|atk|1
|-unboost|p1b: Shellington|atk|1
|-terastallize|p1a: Barnacles|Grass
|move|p1b: Shellington|Protect|p1b: Shellington
|-singleturn|p1b: Shellington|Protect
|move|p1a: Barnacles|Electro Shot||[still]
|-prepare|p1a: Barnacles|Electro Shot
|-boost|p1a: Barnacles|spa|1
|-anim|p1a: Barnacles|Electro Shot|p2a: Incineroar
|-damage|p2a: Incineroar|66/100
|move|p2b: Amoonguss|Spore|p1a: Barnacles
|-immune|p1a: Barnacles
|
|-weather|none
|-heal|p1b: Shellington|99/100|[from] Grassy Terrain
|-heal|p1a: Barnacles|66/100|[from] Grassy Terrain
|-heal|p2a: Incineroar|72/100|[from] Grassy Terrain
|upkeep
|turn|6
|
|t:|1756723611
|switch|p1b: Tweak|Politoed, L50, F|88/100
|-weather|RainDance|[from] ability: Drizzle|[of] p1b: Tweak
|move|p2a: Incineroar|Fake Out|p1a: Barnacles
|-damage|p1a: Barnacles|64/100
|-ability|p1a: Barnacles|Stamina|boost
|-boost|p1a: Barnacles|def|1
|cant|p1a: Barnacles|flinch
|move|p2b: Amoonguss|Spore|p1b: Tweak
|-status|p1b: Tweak|slp|[from] move: Spore
|
|-weather|RainDance|[upkeep]
|-heal|p1a: Barnacles|70/100|[from] Grassy Terrain
|-heal|p1b: Tweak|94/100 slp|[from] Grassy Terrain
|-heal|p2a: Incineroar|78/100|[from] Grassy Terrain
|-fieldend|move: Grassy Terrain
|upkeep
|turn|7
|
|t:|1756723656
|switch|p1b: Shellington|Sneasler, L50, M|99/100
|switch|p2a: Hydreigon|Hydreigon, L50, M, tera:Ghost|39/100
|move|p1a: Barnacles|Electro Shot||[still]
|-prepare|p1a: Barnacles|Electro Shot
|-boost|p1a: Barnacles|spa|1
|-anim|p1a: Barnacles|Electro Shot|p2a: Hydreigon
|-damage|p2a: Hydreigon|0 fnt
|faint|p2a: Hydreigon
|move|p2b: Amoonguss|Pollen Puff|p2: Hydreigon|[notarget]
|-fail|p2b: Amoonguss
|
|-weather|RainDance|[upkeep]
|upkeep
|-message|MobiusVGC forfeited.
|
|win|MrTedno
||MrTedno is ready for game 3.
||MobiusVGC is ready for game 3.
|uhtml|next|Next: Game 3 of 3
|l|☆MobiusVGC
|player|p2|
