|j|☆B0mb3r6969
|j|☆RipsenVGC
|html|B0mb3r6969RipsenVGC    
|uhtml|bestof|Game 1 of a best-of-3
|t:|1783487313
|gametype|doubles
|player|p1|B0mb3r6969|cynthia-gen4|1110
|player|p2|RipsenVGC|hilbert|1166
|gen|9
|tier|[Gen 9 Champions] VGC 2026 Reg M-B (Bo3)
|rated|
|rule|Species Clause: Limit one of each Pokémon
|rule|Item Clause: Limit 1 of each item
|clearpoke
|poke|p1|Tsareena, L50, F|
|poke|p1|Heliolisk, L50, F|
|poke|p1|Delphox, L50, F|
|poke|p1|Swampert, L50, M|
|poke|p1|Staraptor, L50, F|
|poke|p1|Meowstic, L50, M|
|poke|p2|Gardevoir, L50, F, shiny|
|poke|p2|Raichu, L50, F|
|poke|p2|Sinistcha, L50|
|poke|p2|Ceruledge, L50, F|
|poke|p2|Milotic, L50, M, shiny|
|poke|p2|Incineroar, L50, M|
|teampreview|4
|showteam|p1|Tsareena||FocusSash|QueenlyMajesty|TropKick,TripleAxel,Taunt,Protect|Adamant||F|||50|]Heliolisk||ChoiceScarf|DrySkin|GrassKnot,Thunderbolt,VoltSwitch,Electrify|Timid||F|||50|]Delphox||Delphoxite|Blaze|Protect,ExpandingForce,NastyPlot,HeatWave|Timid||F|||50|]Swampert||Swampertite|Damp|HighHorsepower,IcePunch,Liquidation,PoisonJab|Adamant||M|||50|]Staraptor||Staraptite|Intimidate|CloseCombat,Roost,BraveBird,Protect|Adamant||F|||50|]Meowstic||ScopeLens|Prankster|Reflect,Charm,ExpandingForce,PsychicTerrain|Bold||M|||50|
|showteam|p2|Gardevoir||Gardevoirite|Trace|HyperVoice,Psyshock,CalmMind,Protect|Timid||F|||50|]Raichu||RaichuniteY|LightningRod|ZapCannon,FocusBlast,FakeOut,Protect|Timid||F|||50|]Sinistcha||KasibBerry|Hospitality|MatchaGotcha,RagePowder,TrickRoom,LifeDew|Relaxed|||||50|]Ceruledge||ColburBerry|FlashFire|BitterBlade,ShadowSneak,BulkUp,Protect|Adamant||F|||50|]Milotic||Leftovers|Competitive|MuddyWater,Coil,Hypnosis,Recover|Calm||M|||50|]Incineroar||SitrusBerry|Intimidate|FlareBlitz,ThroatChop,FakeOut,PartingShot|Impish||M|||50|
|inactive|Battle timer is ON: inactive players will automatically lose when time's up. (requested by B0mb3r6969)
|
|t:|1783487341
|teamsize|p1|4
|teamsize|p2|4
|start
|switch|p1a: Heliolisk|Heliolisk, L50, F|100/100
|switch|p1b: Meowstic|Meowstic, L50, M|100/100
|switch|p2a: Milotic|Milotic, L50, M, shiny|100/100
|switch|p2b: Raichu|Raichu, L50, F|100/100
|turn|1
|
|t:|1783487364
|move|p2b: Raichu|Fake Out|p1b: Meowstic
|-damage|p1b: Meowstic|92/100
|cant|p1b: Meowstic|flinch
|move|p1a: Heliolisk|Grass Knot|p2a: Milotic
|-supereffective|p2a: Milotic|1
|-damage|p2a: Milotic|57/100
|move|p2a: Milotic|Coil|p2a: Milotic
|-boost|p2a: Milotic|atk|1
|-boost|p2a: Milotic|def|1
|-boost|p2a: Milotic|accuracy|1
|
|-heal|p2a: Milotic|63/100|[from] item: Leftovers
|upkeep
|turn|2
|inactive|RipsenVGC has 30 seconds left.
|inactive|RipsenVGC has 20 seconds left.
|inactive|RipsenVGC has 15 seconds left.
|
|t:|1783487404
|switch|p2a: Ceruledge|Ceruledge, L50, F|100/100
|move|p2b: Raichu|Protect|p2b: Raichu
|-singleturn|p2b: Raichu|Protect
|move|p1b: Meowstic|Psychic Terrain|p1b: Meowstic
|-fieldstart|move: Psychic Terrain
|move|p1a: Heliolisk|Grass Knot|p2a: Ceruledge
|-resisted|p2a: Ceruledge|1
|-damage|p2a: Ceruledge|87/100
|
|upkeep
|turn|3
|
|t:|1783487429
|switch|p1a: Swampert|Swampert, L50, M|100/100
|detailschange|p2b: Raichu|Raichu-Mega-Y, L50, F
|-mega|p2b: Raichu|Raichu|Raichunite Y
|move|p2b: Raichu|Focus Blast|p1a: Swampert
|-damage|p1a: Swampert|53/100
|-unboost|p1a: Swampert|spd|1
|move|p1b: Meowstic|Expanding Force|p2b: Raichu|[spread] p2a,p2b
|-damage|p2a: Ceruledge|49/100
|-damage|p2b: Raichu|56/100
|move|p2a: Ceruledge|Bulk Up|p2a: Ceruledge
|-boost|p2a: Ceruledge|atk|1
|-boost|p2a: Ceruledge|def|1
|
|upkeep
|turn|4
|inactive|RipsenVGC has 30 seconds left.
|
|t:|1783487456
|switch|p1a: Heliolisk|Heliolisk, L50, F|100/100
|move|p2a: Ceruledge|Protect|p2a: Ceruledge
|-singleturn|p2a: Ceruledge|Protect
|move|p2b: Raichu|Zap Cannon|p1b: Meowstic
|-damage|p1b: Meowstic|25/100
|-status|p1b: Meowstic|par
|cant|p1b: Meowstic|par
|
|upkeep
|turn|5
|inactive|RipsenVGC has 30 seconds left.
|inactive|RipsenVGC has 20 seconds left.
|inactive|RipsenVGC has 15 seconds left.
|
|t:|1783487497
|switch|p2a: Incineroar|Incineroar, L50, M|100/100
|-ability|p2a: Incineroar|Intimidate|boost
|-unboost|p1a: Heliolisk|atk|1
|-unboost|p1b: Meowstic|atk|1
|move|p1a: Heliolisk|Thunderbolt|p2a: Incineroar
|-damage|p2a: Incineroar|60/100
|move|p2b: Raichu|Focus Blast|p1a: Heliolisk
|-supereffective|p1a: Heliolisk|1
|-damage|p1a: Heliolisk|0 fnt
|faint|p1a: Heliolisk
|move|p1b: Meowstic|Expanding Force|p2a: Incineroar|[spread] p2b
|-immune|p2a: Incineroar
|-damage|p2b: Raichu|12/100
|
|upkeep
|inactive|B0mb3r6969 has 30 seconds left.
|
|t:|1783487523
|switch|p1a: Swampert|Swampert, L50, M|53/100
|turn|6
|
|t:|1783487536
|move|p2a: Incineroar|Fake Out|p1a: Swampert
|-activate|p1a: Swampert|move: Psychic Terrain
|move|p1b: Meowstic|Reflect|p1b: Meowstic
|-sidestart|p1: B0mb3r6969|Reflect
|move|p2b: Raichu|Zap Cannon|p1b: Meowstic
|-damage|p1b: Meowstic|0 fnt
|faint|p1b: Meowstic
|move|p1a: Swampert|High Horsepower|p2a: Incineroar
|-supereffective|p2a: Incineroar|1
|-crit|p2a: Incineroar
|-damage|p2a: Incineroar|0 fnt
|faint|p2a: Incineroar
|
|-fieldend|move: Psychic Terrain
|upkeep
|
|t:|1783487549
|switch|p1b: Delphox|Delphox, L50, F|100/100
|switch|p2a: Milotic|Milotic, L50, M, shiny|63/100
|turn|7
|
|t:|1783487563
|detailschange|p1b: Delphox|Delphox-Mega, L50, F
|-mega|p1b: Delphox|Delphox|Delphoxite
|move|p1b: Delphox|Heat Wave|p2b: Raichu|[spread] p2a,p2b
|-resisted|p2a: Milotic|1
|-damage|p2a: Milotic|49/100
|-damage|p2b: Raichu|0 fnt
|faint|p2b: Raichu
|move|p1a: Swampert|Liquidation|p2a: Milotic
|-resisted|p2a: Milotic|1
|-damage|p2a: Milotic|30/100
|move|p2a: Milotic|Muddy Water|p1a: Swampert|[spread] p1a
|-miss|p2a: Milotic|p1b: Delphox
|-damage|p1a: Swampert|27/100
|
|-heal|p2a: Milotic|36/100|[from] item: Leftovers
|upkeep
|
|t:|1783487576
|switch|p2b: Ceruledge|Ceruledge, L50, F|49/100
|turn|8
|
|t:|1783487590
|move|p1b: Delphox|Protect|p1b: Delphox
|-singleturn|p1b: Delphox|Protect
|move|p2b: Ceruledge|Protect|p2b: Ceruledge
|-singleturn|p2b: Ceruledge|Protect
|move|p1a: Swampert|Liquidation|p2b: Ceruledge
|-activate|p2b: Ceruledge|move: Protect
|move|p2a: Milotic|Recover|p2a: Milotic
|-heal|p2a: Milotic|86/100
|
|-heal|p2a: Milotic|92/100|[from] item: Leftovers
|upkeep
|turn|9
|
|t:|1783487611
|move|p2b: Ceruledge|Shadow Sneak|p1a: Swampert
|-damage|p1a: Swampert|10/100
|move|p1b: Delphox|Expanding Force|p2b: Ceruledge
|-damage|p2b: Ceruledge|1/100
|move|p1a: Swampert|Liquidation|p2b: Ceruledge
|-supereffective|p2b: Ceruledge|1
|-damage|p2b: Ceruledge|0 fnt
|faint|p2b: Ceruledge
|move|p2a: Milotic|Muddy Water|p1b: Delphox|[spread] p1a,p1b
|-supereffective|p1b: Delphox|1
|-damage|p1a: Swampert|0 fnt
|-damage|p1b: Delphox|59/100
|faint|p1a: Swampert
|
|-heal|p2a: Milotic|98/100|[from] item: Leftovers
|upkeep
|turn|10
|
|t:|1783487627
|move|p1b: Delphox|Nasty Plot|p1b: Delphox
|-boost|p1b: Delphox|spa|2
|move|p2a: Milotic|Muddy Water|p1b: Delphox
|-supereffective|p1b: Delphox|1
|-damage|p1b: Delphox|0 fnt
|faint|p1b: Delphox
|
|win|RipsenVGC
||RipsenVGC is ready for game 2.
|inactive|B0mb3r6969 has 30 seconds to confirm battle start!
||B0mb3r6969 is ready for game 2.
|uhtml|next|Next: Game 2 of 3
|l|☆RipsenVGC
|player|p2|
|l|☆B0mb3r6969
|player|p1|
|j|☆RipsenVGC
|player|p2|RipsenVGC|hilbert|
