|j|☆MenOfStrat
|j|☆Imanol Alguacil
|html|MenOfStratImanol Alguacil    
|uhtml|bestof|Game 3 of a best-of-3
|t:|1756727619
|gametype|doubles
|player|p1|MenOfStrat|li|1040
|player|p2|Imanol Alguacil|hiker-gen7|1000
|gen|9
|tier|[Gen 9] VGC 2025 Reg H (Bo3)
|rated|
|rule|Species Clause: Limit one of each Pokémon
|rule|Item Clause: Limit 1 of each item
|clearpoke
|poke|p1|Incineroar, L50, F|
|poke|p1|Rillaboom, L50, M|
|poke|p1|Basculegion, L50, M|
|poke|p1|Volcarona, L50, M|
|poke|p1|Tyranitar, L50, F|
|poke|p1|Dragonite, L50, F|
|poke|p2|Murkrow, L50, M|
|poke|p2|Gholdengo, L50|
|poke|p2|Slowking-Galar, L50, M|
|poke|p2|Sinistcha, L50|
|poke|p2|Ursaluna, L50, F|
|poke|p2|Kingambit, L50, M|
|teampreview|4
|showteam|p1|Incineroar||SafetyGoggles|Intimidate|FakeOut,KnockOff,PartingShot,FlareBlitz|||F|||50|,,,,,Ghost]Rillaboom||MiracleSeed|GrassySurge|FakeOut,GrassyGlide,WoodHammer,HighHorsepower|||M|||50|,,,,,Fire]Basculegion||ChoiceScarf|Adaptability|WaveCrash,FlipTurn,AquaJet,LastRespects|||M|||50|,,,,,Grass]Volcarona||Leftovers|FlameBody|HeatWave,QuiverDance,TeraBlast,Protect|||M|||50|,,,,,Fairy]Tyranitar||AssaultVest|SandStream|KnockOff,TeraBlast,LowKick,RockSlide|||F|||50|,,,,,Flying]Dragonite||LoadedDice|Multiscale|Protect,Tailwind,ScaleShot,Haze|||F|||50|,,,,,Fairy
|showteam|p2|Murkrow||Eviolite|Prankster|Tailwind,Haze,FeatherDance,RainDance|||M|||50|,,,,,Ghost]Gholdengo||ChoiceSpecs|GoodasGold|MakeItRain,Trick,ShadowBall,Thunderbolt||||||50|,,,,,Steel]Slowking-Galar||LifeOrb|CuriousMedicine|Protect,SludgeBomb,Psychic,Flamethrower|||M|||50|,,,,,Poison]Sinistcha||SitrusBerry|Hospitality|RagePowder,MatchaGotcha,TrickRoom,StrengthSap||||||50|,,,,,Dark]Ursaluna||FlameOrb|Guts|Protect,Facade,Earthquake,HeadlongRush|||F|||50|,,,,,Ghost]Kingambit||BlackGlasses|Defiant|Protect,SuckerPunch,KowtowCleave,SwordsDance|||M|||50|,,,,,Dark
|inactive|Battle timer is ON: inactive players will automatically lose when time's up. (requested by Imanol Alguacil)
|inactive|MenOfStrat has 60 seconds left.
|inactive|Imanol Alguacil has 60 seconds left.
|
|t:|1756727659
|teamsize|p1|4
|teamsize|p2|4
|start
|switch|p1a: Incineroar|Incineroar, L50, F|100/100
|switch|p1b: Volcarona|Volcarona, L50, M|100/100
|switch|p2a: Caldo de Puchero|Murkrow, L50, M|100/100
|switch|p2b: Pulpo a la gallega|Kingambit, L50, M|100/100
|-ability|p1a: Incineroar|Intimidate|boost
|-unboost|p2a: Caldo de Puchero|atk|1
|-unboost|p2b: Pulpo a la gallega|atk|1
|-ability|p2b: Pulpo a la gallega|Defiant|boost
|-boost|p2b: Pulpo a la gallega|atk|2
|turn|1
|
|t:|1756727682
|move|p1a: Incineroar|Fake Out|p2b: Pulpo a la gallega
|-resisted|p2b: Pulpo a la gallega
|-damage|p2b: Pulpo a la gallega|96/100
|move|p2a: Caldo de Puchero|Rain Dance|p2a: Caldo de Puchero
|-weather|RainDance
|move|p1b: Volcarona|Quiver Dance|p1b: Volcarona
|-boost|p1b: Volcarona|spa|1
|-boost|p1b: Volcarona|spd|1
|-boost|p1b: Volcarona|spe|1
|cant|p2b: Pulpo a la gallega|flinch
|
|-weather|RainDance|[upkeep]
|upkeep
|turn|2
|j| maxibeasm
|inactive|MenOfStrat has 30 seconds left.
|
|t:|1756727709
|-terastallize|p1b: Volcarona|Fairy
|move|p2a: Caldo de Puchero|Haze|p2a: Caldo de Puchero
|-clearallboost
|move|p1b: Volcarona|Quiver Dance|p1b: Volcarona
|-boost|p1b: Volcarona|spa|1
|-boost|p1b: Volcarona|spd|1
|-boost|p1b: Volcarona|spe|1
|move|p2b: Pulpo a la gallega|Swords Dance|p2b: Pulpo a la gallega
|-boost|p2b: Pulpo a la gallega|atk|2
|move|p1a: Incineroar|Parting Shot|p2a: Caldo de Puchero
|-unboost|p2a: Caldo de Puchero|atk|1
|-unboost|p2a: Caldo de Puchero|spa|1
|
|t:|1756727714
|switch|p1a: Rillaboom|Rillaboom, L50, M|100/100|[from] Parting Shot
|-fieldstart|move: Grassy Terrain|[from] ability: Grassy Surge|[of] p1a: Rillaboom
|
|-weather|RainDance|[upkeep]
|-heal|p2b: Pulpo a la gallega|100/100|[from] Grassy Terrain
|upkeep
|turn|3
|inactive|Imanol Alguacil has 30 seconds left.
|
|t:|1756727741
|move|p1a: Rillaboom|Fake Out|p2b: Pulpo a la gallega
|-resisted|p2b: Pulpo a la gallega
|-crit|p2b: Pulpo a la gallega
|-damage|p2b: Pulpo a la gallega|92/100
|move|p2a: Caldo de Puchero|Feather Dance|p1a: Rillaboom
|-unboost|p1a: Rillaboom|atk|2
|move|p1b: Volcarona|Tera Blast|p2b: Pulpo a la gallega|[anim] Tera Blast Fairy
|-damage|p2b: Pulpo a la gallega|32/100
|cant|p2b: Pulpo a la gallega|flinch
|
|-weather|RainDance|[upkeep]
|-heal|p2b: Pulpo a la gallega|38/100|[from] Grassy Terrain
|upkeep
|turn|4
|inactive|MenOfStrat has 30 seconds left.
|inactive|MenOfStrat has 20 seconds left.
|inactive|MenOfStrat has 15 seconds left.
|inactive|MenOfStrat has 10 seconds left.
|inactive|MenOfStrat has 5 seconds left.
|
|t:|1756727791
|move|p2a: Caldo de Puchero|Tailwind|p2a: Caldo de Puchero
|-sidestart|p2: Imanol Alguacil|move: Tailwind
|move|p2b: Pulpo a la gallega|Sucker Punch|p1b: Volcarona
|-resisted|p1b: Volcarona
|-damage|p1b: Volcarona|45/100
|move|p1b: Volcarona|Heat Wave|p2a: Caldo de Puchero|[spread] p2a
|-miss|p1b: Volcarona|p2b: Pulpo a la gallega
|-damage|p2a: Caldo de Puchero|66/100
|move|p1a: Rillaboom|High Horsepower|p2b: Pulpo a la gallega
|-supereffective|p2b: Pulpo a la gallega
|-damage|p2b: Pulpo a la gallega|10/100
|
|-weather|RainDance|[upkeep]
|-heal|p1b: Volcarona|51/100|[from] Grassy Terrain
|-heal|p1b: Volcarona|57/100|[from] item: Leftovers
|-heal|p2b: Pulpo a la gallega|16/100|[from] Grassy Terrain
|upkeep
|turn|5
|inactive|MenOfStrat has 30 seconds left.
|inactive|Imanol Alguacil has 30 seconds left.
|inactive|MenOfStrat has 20 seconds left.
|
|t:|1756727828
|-terastallize|p2b: Pulpo a la gallega|Dark
|move|p2a: Caldo de Puchero|Feather Dance|p1a: Rillaboom
|-unboost|p1a: Rillaboom|atk|2
|move|p2b: Pulpo a la gallega|Sucker Punch|p1b: Volcarona
|-resisted|p1b: Volcarona
|-damage|p1b: Volcarona|0 fnt
|-status|p2b: Pulpo a la gallega|brn|[from] ability: Flame Body|[of] p1b: Volcarona
|faint|p1b: Volcarona
|move|p1a: Rillaboom|Grassy Glide|p2b: Pulpo a la gallega
|-damage|p2b: Pulpo a la gallega|5/100 brn
|
|-weather|none
|-heal|p2b: Pulpo a la gallega|11/100 brn|[from] Grassy Terrain
|-damage|p2b: Pulpo a la gallega|5/100 brn|[from] brn
|upkeep
|
|t:|1756727839
|switch|p1b: Basculegion|Basculegion, L50, M|100/100
|turn|6
|
|t:|1756727857
|switch|p1a: Incineroar|Incineroar, L50, F|100/100
|-ability|p1a: Incineroar|Intimidate|boost
|-unboost|p2a: Caldo de Puchero|atk|1
|-unboost|p2b: Pulpo a la gallega|atk|1
|-ability|p2b: Pulpo a la gallega|Defiant|boost
|-boost|p2b: Pulpo a la gallega|atk|2
|move|p2a: Caldo de Puchero|Feather Dance|p1b: Basculegion
|-unboost|p1b: Basculegion|atk|2
|move|p1b: Basculegion|Aqua Jet|p2b: Pulpo a la gallega
|-damage|p2b: Pulpo a la gallega|0 fnt
|faint|p2b: Pulpo a la gallega
|
|-fieldend|move: Grassy Terrain
|upkeep
|
|t:|1756727867
|switch|p2b: Pasta al dente|Ursaluna, L50, F|100/100
|turn|7
|
|t:|1756727880
|switch|p1b: Rillaboom|Rillaboom, L50, M|100/100
|-fieldstart|move: Grassy Terrain|[from] ability: Grassy Surge|[of] p1b: Rillaboom
|move|p2a: Caldo de Puchero|Feather Dance|p1b: Rillaboom
|-unboost|p1b: Rillaboom|atk|2
|move|p2b: Pasta al dente|Headlong Rush|p1a: Incineroar
|-supereffective|p1a: Incineroar
|-damage|p1a: Incineroar|0 fnt
|-unboost|p2b: Pasta al dente|def|1
|-unboost|p2b: Pasta al dente|spd|1
|faint|p1a: Incineroar
|
|-sideend|p2: Imanol Alguacil|move: Tailwind
|-status|p2b: Pasta al dente|brn|[from] item: Flame Orb
|upkeep
|
|t:|1756727892
|switch|p1a: Basculegion|Basculegion, L50, M|100/100
|turn|8
|
|t:|1756727906
|switch|p2a: Sal gorda|Sinistcha, L50|100/100
|move|p2b: Pasta al dente|Protect|p2b: Pasta al dente
|-singleturn|p2b: Pasta al dente|Protect
|move|p1b: Rillaboom|Fake Out|p2a: Sal gorda
|-immune|p2a: Sal gorda
|move|p1a: Basculegion|Wave Crash|p2b: Pasta al dente
|-activate|p2b: Pasta al dente|move: Protect
|
|-damage|p2b: Pasta al dente|95/100 brn|[from] brn
|upkeep
|turn|9
|-message|MenOfStrat forfeited.
|
|win|Imanol Alguacil
|raw|MenOfStrat's rating: 1040 → 1022(-18 for losing)
|raw|Imanol Alguacil's rating: 1000 → 1045(+45 for winning)
|l|☆MenOfStrat
|player|p1|
