|j|☆HopeAddict
|j|☆Illumina_IrisQ
|html|HopeAddictIllumina_IrisQ    
|uhtml|bestof|Game 2 of a best-of-3
|t:|1756242554
|gametype|doubles
|player|p1|HopeAddict|bill|1040
|player|p2|Illumina_IrisQ|akari|1033
|gen|9
|tier|[Gen 9] VGC 2025 Reg H (Bo3)
|rated|
|rule|Species Clause: Limit one of each Pokémon
|rule|Item Clause: Limit 1 of each item
|clearpoke
|poke|p1|Whimsicott, L50, M|
|poke|p1|Ursaluna-Bloodmoon, L50, M|
|poke|p1|Typhlosion-Hisui, L50, F|
|poke|p1|Milotic, L50, F|
|poke|p1|Annihilape, L50, M|
|poke|p1|Maushold, L50|
|poke|p2|Magmar, L50, F|
|poke|p2|Rillaboom, L50, M|
|poke|p2|Sneasler, L50, M|
|poke|p2|Basculegion, L50, M|
|poke|p2|Ninetales-Alola, L50, F|
|poke|p2|Archaludon, L50, M|
|teampreview|4
|showteam|p1|Whimsicott||CovertCloak|Prankster|Moonblast,Encore,Tailwind,Protect|||M|||50|,,,,,Water]Ursaluna-Bloodmoon||AssaultVest|MindsEye|BloodMoon,HyperVoice,EarthPower,VacuumWave|||M|||50|,,,,,Ghost]Typhlosion-Hisui||ChoiceSpecs|Blaze|Eruption,HeatWave,Flamethrower,ShadowBall|||F|||50|,,,,,Fire]Milotic||Leftovers|Competitive|Scald,IcyWind,Haze,Protect|||F|||50|,,,,,Poison]Annihilape||SafetyGoggles|Defiant|RageFist,DrainPunch,BulkUp,Protect|||M|||50|,,,,,Fire]Maushold||FocusSash|FriendGuard|BeatUp,Taunt,FollowMe,SuperFang||||||50|,,,,,Ghost
|showteam|p2|Magmar||Eviolite|VitalSpirit|Flamethrower,FollowMe,Taunt,Protect|||F|||50|,,,,,Fairy]Rillaboom||AssaultVest|GrassySurge|WoodHammer,GrassyGlide,FakeOut,HighHorsepower|||M|||50|,,,,,Fire]Sneasler||FocusSash|Unburden|DireClaw,CloseCombat,ThroatChop,Protect|||M|||50|,,,,,Stellar]Basculegion||ChoiceScarf|Adaptability|WaveCrash,LastRespects,AquaJet,FlipTurn|||M|||50|,,,,,Grass]Ninetales-Alola||IciclePlate|SnowWarning|Blizzard,FreezeDry,IcyWind,Protect|||F|||50|,,,,,Ice]Archaludon||PowerHerb|Sturdy|ElectroShot,DragonPulse,Thunderbolt,Protect|||M|||50|,,,,,Electric
|inactive|Battle timer is ON: inactive players will automatically lose when time's up. (requested by HopeAddict)
|inactive|Illumina_IrisQ also wants the timer to be on.
|
|t:|1756242569
|teamsize|p1|4
|teamsize|p2|4
|start
|switch|p1a: Typhlosion|Typhlosion-Hisui, L50, F|100/100
|switch|p1b: Whimsicott|Whimsicott, L50, M|100/100
|switch|p2a: Sneasler|Sneasler, L50, M, shiny|100/100
|switch|p2b: Archaludon|Archaludon, L50, M|100/100
|turn|1
|
|t:|1756242592
|move|p1b: Whimsicott|Tailwind|p1b: Whimsicott
|-sidestart|p1: HopeAddict|move: Tailwind
|move|p1a: Typhlosion|Eruption|p2b: Archaludon|[spread] p2a,p2b
|-enditem|p2a: Sneasler|Focus Sash
|-damage|p2a: Sneasler|1/100
|-ability|p2b: Archaludon|Sturdy
|-damage|p2b: Archaludon|1/100
|move|p2a: Sneasler|Dire Claw|p1b: Whimsicott
|-supereffective|p1b: Whimsicott
|-damage|p1b: Whimsicott|0 fnt
|faint|p1b: Whimsicott
|move|p2b: Archaludon|Electro Shot||[still]
|-prepare|p2b: Archaludon|Electro Shot
|-boost|p2b: Archaludon|spa|1
|-enditem|p2b: Archaludon|Power Herb
|-anim|p2b: Archaludon|Electro Shot|p1a: Typhlosion
|-damage|p1a: Typhlosion|9/100
|
|upkeep
|
|t:|1756242608
|switch|p1b: Ursaluna|Ursaluna-Bloodmoon, L50, M|100/100
|turn|2
|
|t:|1756242624
|switch|p1a: Annihilape|Annihilape, L50, M|100/100
|move|p2a: Sneasler|Protect|p2a: Sneasler
|-singleturn|p2a: Sneasler|Protect
|move|p1b: Ursaluna|Vacuum Wave|p2a: Sneasler
|-activate|p2a: Sneasler|move: Protect
|move|p2b: Archaludon|Dragon Pulse|p1b: Ursaluna
|-damage|p1b: Ursaluna|46/100
|
|upkeep
|turn|3
|inactive|Illumina_IrisQ has 30 seconds left.
|
|t:|1756242650
|move|p2b: Archaludon|Protect|p2b: Archaludon
|-singleturn|p2b: Archaludon|Protect
|move|p1b: Ursaluna|Vacuum Wave|p2a: Sneasler
|-resisted|p2a: Sneasler
|-damage|p2a: Sneasler|0 fnt
|faint|p2a: Sneasler
|move|p1a: Annihilape|Drain Punch|p2b: Archaludon
|-activate|p2b: Archaludon|move: Protect
|
|upkeep
|
|t:|1756242656
|switch|p2a: Magmar|Magmar, L50, F|100/100
|turn|4
|
|t:|1756242665
|move|p2a: Magmar|Protect|p2a: Magmar
|-singleturn|p2a: Magmar|Protect
|move|p1a: Annihilape|Bulk Up|p1a: Annihilape
|-boost|p1a: Annihilape|atk|1
|-boost|p1a: Annihilape|def|1
|move|p1b: Ursaluna|Hyper Voice|p2a: Magmar|[spread] p2b
|-activate|p2a: Magmar|move: Protect
|-resisted|p2b: Archaludon
|-damage|p2b: Archaludon|0 fnt
|faint|p2b: Archaludon
|
|-sideend|p1: HopeAddict|move: Tailwind
|upkeep
|
|t:|1756242669
|switch|p2b: Gooseberry|Basculegion, L50, M, shiny|100/100
|turn|5
|
|t:|1756242691
|move|p1b: Ursaluna|Vacuum Wave|p2b: Gooseberry
|-damage|p2b: Gooseberry|85/100
|move|p2b: Gooseberry|Last Respects|p1a: Annihilape
|-supereffective|p1a: Annihilape
|-damage|p1a: Annihilape|0 fnt
|faint|p1a: Annihilape
|move|p2a: Magmar|Flamethrower|p1b: Ursaluna
|-damage|p1b: Ursaluna|18/100
|
|upkeep
|
|t:|1756242697
|switch|p1a: Typhlosion|Typhlosion-Hisui, L50, F|9/100
|turn|6
|
|t:|1756242706
|-terastallize|p2a: Magmar|Fairy
|move|p2b: Gooseberry|Last Respects|p1a: Typhlosion
|-supereffective|p1a: Typhlosion
|-damage|p1a: Typhlosion|0 fnt
|faint|p1a: Typhlosion
|move|p2a: Magmar|Flamethrower|p1b: Ursaluna
|-damage|p1b: Ursaluna|0 fnt
|faint|p1b: Ursaluna
|
|win|Illumina_IrisQ
|raw|HopeAddict's rating: 1040 → 1024(-16 for losing)
|raw|Illumina_IrisQ's rating: 1033 → 1069(+36 for winning)
|l|☆Illumina_IrisQ
|player|p2|
