|j|☆raichuwatch
|j|☆PikelLord
|html|raichuwatchPikelLord    
|uhtml|bestof|Game 1 of a best-of-3
|t:|1785655100
|gametype|doubles
|player|p1|raichuwatch|2|1072
|player|p2|PikelLord|lucas|1193
|gen|9
|tier|[Gen 9 Champions] VGC 2026 Reg M-B (Bo3)
|rated|
|rule|Species Clause: Limit one of each Pokémon
|rule|Item Clause: Limit 1 of each item
|clearpoke
|poke|p1|Sylveon, L50, F|
|poke|p1|Torkoal, L50, F|
|poke|p1|Venusaur, L50, M, shiny|
|poke|p1|Sinistcha, L50|
|poke|p1|Camerupt, L50, F, shiny|
|poke|p1|Aegislash, L50, F|
|poke|p2|Rotom-Wash, L50|
|poke|p2|Incineroar, L50, M|
|poke|p2|Farigiraf, L50, M|
|poke|p2|Drampa, L50, M|
|poke|p2|Camerupt, L50, F, shiny|
|poke|p2|Basculegion, L50, M|
|teampreview|4
|showteam|p1|Sylveon||FairyFeather|Pixilate|HyperVoice,Moonblast,QuickAttack,Protect|Sassy||F|||50|]Torkoal||Leftovers|Drought|Eruption,EarthPower,WillOWisp,Protect|Calm||F|||50|]Venusaur||Venusaurite|Chlorophyll|GigaDrain,LeechSeed,SleepPowder,Protect|Timid||M|||50|]Sinistcha||SitrusBerry|Hospitality|MatchaGotcha,StrengthSap,TrickRoom,Protect|Relaxed|||||50|]Camerupt||Cameruptite|SolidRock|HeatWave,EarthPower,FlashCannon,Protect|Modest||F|||50|]Aegislash||ShucaBerry|StanceChange|ShadowClaw,ShadowSneak,IronHead,KingsShield|Adamant||F|||50|
|showteam|p2|Rotom-Wash||Magnet|Levitate|HydroPump,Thunderbolt,VoltSwitch,Protect|Quiet|||||50|]Incineroar||Charcoal|Intimidate|FakeOut,CloseCombat,DarkestLariat,FlareBlitz|Brave||M|||50|]Farigiraf||ColburBerry|ArmorTail|TrickRoom,HelpingHand,Psychic,SunnyDay|Sassy||M|||50|]Drampa||LifeOrb|CloudNine|EnergyBall,FocusBlast,HyperVoice,DragonPulse|Quiet||M|||50|]Camerupt||Cameruptite|SolidRock|EarthPower,Eruption,HeatWave,Protect|Quiet||F|||50|]Basculegion||ChoiceScarf|Adaptability|LastRespects,WaveCrash,FlipTurn,AquaJet|Adamant||M|||50|
|inactive|Battle timer is ON: inactive players will automatically lose when time's up. (requested by raichuwatch)
|
|t:|1785655173
|teamsize|p1|4
|teamsize|p2|4
|start
|switch|p1a: Sylveon|Sylveon, L50, F|100/100
|switch|p1b: Sinistcha|Sinistcha, L50|100/100
|switch|p2a: Incineroar|Incineroar, L50, M|100/100
|switch|p2b: Basculegion|Basculegion, L50, M|100/100
|-ability|p2a: Incineroar|Intimidate|boost
|-unboost|p1a: Sylveon|atk|1
|-unboost|p1b: Sinistcha|atk|1
|turn|1
|inactive|PikelLord has 30 seconds left.
|
|t:|1785655204
|move|p1b: Sinistcha|Protect|p1b: Sinistcha
|-singleturn|p1b: Sinistcha|Protect
|move|p1a: Sylveon|Protect|p1a: Sylveon
|-singleturn|p1a: Sylveon|Protect
|move|p2b: Basculegion|Flip Turn|p1a: Sylveon
|-activate|p1a: Sylveon|move: Protect
|move|p2a: Incineroar|Flare Blitz|p1a: Sylveon
|-activate|p1a: Sylveon|move: Protect
|
|upkeep
|turn|2
|
|t:|1785655215
|move|p2b: Basculegion|Flip Turn|p1a: Sylveon
|-damage|p1a: Sylveon|49/100
|
|t:|1785655220
|switch|p2b: Farigiraf|Farigiraf, L50, M|100/100|[from] Flip Turn
|move|p2a: Incineroar|Flare Blitz|p1a: Sylveon
|-damage|p1a: Sylveon|0 fnt
|faint|p1a: Sylveon
|-damage|p2a: Incineroar|83/100|[from] Recoil
|move|p1b: Sinistcha|Trick Room|p1b: Sinistcha
|-fieldstart|move: Trick Room|[of] p1b: Sinistcha
|
|upkeep
|
|t:|1785655229
|switch|p1a: Torkoal|Torkoal, L50, F|100/100
|-weather|SunnyDay|[from] ability: Drought|[of] p1a: Torkoal
|turn|3
|
|t:|1785655250
|switch|p1b: Venusaur|Venusaur, L50, M, shiny|100/100
|move|p1a: Torkoal|Eruption|p2b: Farigiraf|[spread] p2a,p2b
|-resisted|p2a: Incineroar|1
|-damage|p2a: Incineroar|59/100
|-damage|p2b: Farigiraf|57/100
|move|p2b: Farigiraf|Psychic|p1a: Torkoal
|-damage|p1a: Torkoal|66/100
|move|p2a: Incineroar|Flare Blitz|p1a: Torkoal
|-resisted|p1a: Torkoal|1
|-damage|p1a: Torkoal|22/100
|-damage|p2a: Incineroar|47/100|[from] Recoil
|
|-weather|SunnyDay|[upkeep]
|-heal|p1a: Torkoal|28/100|[from] item: Leftovers
|upkeep
|turn|4
|inactive|PikelLord has 30 seconds left.
|
|t:|1785655276
|move|p1a: Torkoal|Earth Power|p2a: Incineroar
|-supereffective|p2a: Incineroar|1
|-damage|p2a: Incineroar|13/100
|move|p2b: Farigiraf|Psychic|p1b: Venusaur
|-supereffective|p1b: Venusaur|1
|-damage|p1b: Venusaur|41/100
|move|p2a: Incineroar|Flare Blitz|p1b: Venusaur
|-supereffective|p1b: Venusaur|1
|-damage|p1b: Venusaur|0 fnt
|faint|p1b: Venusaur
|-damage|p2a: Incineroar|1/100|[from] Recoil
|
|-weather|SunnyDay|[upkeep]
|-heal|p1a: Torkoal|35/100|[from] item: Leftovers
|upkeep
|
|t:|1785655288
|switch|p1b: Sinistcha|Sinistcha, L50|100/100
|-heal|p1a: Torkoal|59/100|[from] ability: Hospitality|[of] p1b: Sinistcha
|turn|5
|
|t:|1785655303
|move|p1a: Torkoal|Earth Power|p2b: Farigiraf
|-damage|p2b: Farigiraf|42/100
|move|p2b: Farigiraf|Psychic|p1a: Torkoal
|-damage|p1a: Torkoal|30/100
|move|p2a: Incineroar|Flare Blitz|p1a: Torkoal
|-resisted|p1a: Torkoal|1
|-damage|p1a: Torkoal|0 fnt
|faint|p1a: Torkoal
|-damage|p2a: Incineroar|0 fnt|[from] Recoil
|faint|p2a: Incineroar
|move|p1b: Sinistcha|Matcha Gotcha|p2b: Farigiraf
|-crit|p2b: Farigiraf
|-damage|p2b: Farigiraf|1/100
|
|-weather|SunnyDay|[upkeep]
|upkeep
|
|t:|1785655313
|switch|p2a: Basculegion|Basculegion, L50, M|100/100
|turn|6
|
|t:|1785655323
|move|p2b: Farigiraf|Psychic|p1b: Sinistcha
|-damage|p1b: Sinistcha|56/100
|move|p1b: Sinistcha|Matcha Gotcha|p2b: Farigiraf|[spread] p2a,p2b
|-supereffective|p2a: Basculegion|1
|-damage|p2a: Basculegion|42/100
|-heal|p1b: Sinistcha|88/100|[from] drain|[of] p2a: Basculegion
|-damage|p2b: Farigiraf|0 fnt
|-heal|p1b: Sinistcha|89/100|[from] drain|[of] p2b: Farigiraf
|faint|p2b: Farigiraf
|move|p2a: Basculegion|Last Respects|p1b: Sinistcha
|-supereffective|p1b: Sinistcha|1
|-damage|p1b: Sinistcha|0 fnt
|faint|p1b: Sinistcha
|
|win|PikelLord
