|j|☆Axo of DOOM
|j|☆mouseilluminati
|html|Axo of DOOMmouseilluminati    
|uhtml|bestof|Game 1 of a best-of-3
|t:|1784160204
|gametype|doubles
|player|p1|Axo of DOOM|crasherwake|1296
|player|p2|mouseilluminati|n|1209
|gen|9
|tier|[Gen 9 Champions] VGC 2026 Reg M-B (Bo3)
|rated|
|rule|Species Clause: Limit one of each Pokémon
|rule|Item Clause: Limit 1 of each item
|clearpoke
|poke|p1|Malamar, L50, M|
|poke|p1|Maushold, L50|
|poke|p1|Mawile, L50, F|
|poke|p1|Sinistcha, L50|
|poke|p1|Whimsicott, L50, M|
|poke|p1|Incineroar, L50, M|
|poke|p2|Pyroar, L50, F|
|poke|p2|Basculegion, L50, M|
|poke|p2|Torkoal, L50, F|
|poke|p2|Whimsicott, L50, M|
|poke|p2|Mawile, L50, F|
|poke|p2|Farigiraf, L50, F|
|teampreview|4
|showteam|p1|Malamar||Malamarite|Contrary|Superpower,KnockOff,TrickRoom,Protect|Adamant||M|||50|]Maushold||WideLens|Technician|PopulationBomb,FollowMe,Feint,Protect|Jolly|||||50|]Mawile||Mawilite|HyperCutter|PlayRough,RockSlide,SuckerPunch,Protect|Brave||F|||50|]Sinistcha||ColburBerry|Hospitality|MatchaGotcha,LifeDew,RagePowder,Protect|Calm|||||50|]Whimsicott||FocusSash|Prankster|Moonblast,Tailwind,Charm,FakeTears|Modest||M|||50|]Incineroar||LifeOrb|Intimidate|FlareBlitz,DarkestLariat,PartingShot,FakeOut|Brave||M|||50|
|showteam|p2|Pyroar||Pyroarite|Unnerve|HeatWave,Overheat,Protect,SolarBeam|Timid||F|||50|]Basculegion||LifeOrb|Adaptability|AquaJet,WaveCrash,Protect,LastRespects|Adamant||M|||50|]Torkoal||Charcoal|Drought|Eruption,WeatherBall,Protect,HelpingHand|Quiet||F|||50|]Whimsicott||FocusSash|Prankster|Moonblast,SunnyDay,Protect,Tailwind|Timid||M|||50|]Mawile||Mawilite|Intimidate|IronHead,PlayRough,Protect,SuckerPunch|Adamant||F|||50|]Farigiraf||SitrusBerry|ArmorTail|FoulPlay,Psychic,HelpingHand,TrickRoom|Relaxed||F|||50|
|inactive|Battle timer is ON: inactive players will automatically lose when time's up. (requested by mouseilluminati)
|inactive|Axo of DOOM has 60 seconds left.
|inactive|mouseilluminati has 60 seconds left.
|
|t:|1784160250
|teamsize|p1|4
|teamsize|p2|4
|start
|switch|p1a: Malamar|Malamar, L50, M|100/100
|switch|p1b: Maushold|Maushold, L50|100/100
|switch|p2a: Basculegion|Basculegion, L50, M|100/100
|switch|p2b: Pyroar|Pyroar, L50, F|100/100
|-ability|p2b: Pyroar|Unnerve
|turn|1
|l|☆mouseilluminati
|inactive|mouseilluminati disconnected and has a minute to reconnect!
|player|p2|
|j|☆mouseilluminati
|inactive|mouseilluminati reconnected and has 50 seconds left.
|player|p2|mouseilluminati|n|
|inactive|mouseilluminati has 30 seconds left.
|inactive|mouseilluminati has 20 seconds left.
|
|t:|1784160287
|detailschange|p2b: Pyroar|Pyroar-Mega, L50, F
|-mega|p2b: Pyroar|Pyroar|Pyroarite
|detailschange|p1a: Malamar|Malamar-Mega, L50, M
|-mega|p1a: Malamar|Malamar|Malamarite
|move|p1b: Maushold|Follow Me|p1b: Maushold
|-singleturn|p1b: Maushold|move: Follow Me
|move|p2b: Pyroar|Heat Wave|p1b: Maushold|[spread] p1a
|-miss|p2b: Pyroar|p1b: Maushold
|-damage|p1a: Malamar|57/100
|move|p2a: Basculegion|Wave Crash|p1b: Maushold
|-damage|p1b: Maushold|0 fnt
|faint|p1b: Maushold
|-damage|p2a: Basculegion|74/100|[from] Recoil
|-damage|p2a: Basculegion|65/100|[from] item: Life Orb
|move|p1a: Malamar|Trick Room|p1a: Malamar
|-fieldstart|move: Trick Room|[of] p1a: Malamar
|
|upkeep
|
|t:|1784160308
|switch|p1b: Incineroar|Incineroar, L50, M|100/100
|-ability|p1b: Incineroar|Intimidate|boost
|-unboost|p2a: Basculegion|atk|1
|-unboost|p2b: Pyroar|atk|1
|turn|2
|inactive|mouseilluminati has 30 seconds left.
|inactive|mouseilluminati has 20 seconds left.
|inactive|mouseilluminati has 15 seconds left.
|
|t:|1784160349
|switch|p2b: Farigiraf|Farigiraf, L50, F|100/100
|move|p2a: Basculegion|Aqua Jet|p1a: Malamar
|-damage|p1a: Malamar|32/100
|-damage|p2a: Basculegion|55/100|[from] item: Life Orb
|move|p1b: Incineroar|Darkest Lariat|p2a: Basculegion
|-supereffective|p2a: Basculegion|1
|-damage|p2a: Basculegion|0 fnt
|faint|p2a: Basculegion
|-damage|p1b: Incineroar|90/100|[from] item: Life Orb
|move|p1a: Malamar|Superpower|p2b: Farigiraf
|-damage|p2b: Farigiraf|70/100
|-boost|p1a: Malamar|atk|1
|-boost|p1a: Malamar|def|1
|
|upkeep
|
|t:|1784160364
|switch|p2a: Pyroar|Pyroar-Mega, L50, F|100/100
|turn|3
|inactive|mouseilluminati has 30 seconds left.
|
|t:|1784160395
|move|p2b: Farigiraf|Helping Hand|p2a: Pyroar
|-singleturn|p2a: Pyroar|Helping Hand|[of] p2b: Farigiraf
|move|p1a: Malamar|Protect|p1a: Malamar
|-singleturn|p1a: Malamar|Protect
|move|p1b: Incineroar|Darkest Lariat|p2b: Farigiraf
|-supereffective|p2b: Farigiraf|1
|-damage|p2b: Farigiraf|0 fnt
|faint|p2b: Farigiraf
|-damage|p1b: Incineroar|80/100|[from] item: Life Orb
|move|p2a: Pyroar|Heat Wave|p1b: Incineroar|[spread] 
|-activate|p1a: Malamar|move: Protect
|-miss|p2a: Pyroar|p1b: Incineroar
|
|upkeep
|
|t:|1784160407
|switch|p2b: Torkoal|Torkoal, L50, F|100/100
|-weather|SunnyDay|[from] ability: Drought|[of] p2b: Torkoal
|turn|4
|inactive|Axo of DOOM has 30 seconds left.
|
|t:|1784160442
|move|p1a: Malamar|Protect||[still]
|-fail|p1a: Malamar
|move|p2b: Torkoal|Eruption|p1b: Incineroar|[spread] p1a,p1b
|-resisted|p1b: Incineroar|1
|-damage|p1a: Malamar|0 fnt
|-damage|p1b: Incineroar|36/100
|faint|p1a: Malamar
|move|p1b: Incineroar|Flare Blitz|p2a: Pyroar
|-resisted|p2a: Pyroar|1
|-damage|p2a: Pyroar|23/100
|-damage|p1b: Incineroar|16/100|[from] Recoil
|-damage|p1b: Incineroar|6/100|[from] item: Life Orb
|move|p2a: Pyroar|Heat Wave|p1b: Incineroar
|-resisted|p1b: Incineroar|1
|-damage|p1b: Incineroar|0 fnt
|faint|p1b: Incineroar
|
|-weather|SunnyDay|[upkeep]
|upkeep
|
|t:|1784160448
|switch|p1b: Mawile|Mawile, L50, F|100/100
|turn|5
|
|t:|1784160467
|move|p1b: Mawile|Protect|p1b: Mawile
|-singleturn|p1b: Mawile|Protect
|move|p2b: Torkoal|Eruption|p1b: Mawile
|-activate|p1b: Mawile|move: Protect
|move|p2a: Pyroar|Heat Wave|p1b: Mawile
|-activate|p1b: Mawile|move: Protect
|
|-weather|SunnyDay|[upkeep]
|-fieldend|move: Trick Room
|upkeep
|turn|6
|
|t:|1784160477
|move|p2a: Pyroar|Heat Wave|p1b: Mawile
|-supereffective|p1b: Mawile|1
|-damage|p1b: Mawile|0 fnt
|faint|p1b: Mawile
|
|win|mouseilluminati
||Axo of DOOM is ready for game 2.
||mouseilluminati is ready for game 2.
|uhtml|next|Next: Game 2 of 3
|l|☆Axo of DOOM
|player|p1|
