|j|☆protectthyking34
|j|☆Cucaro macaro
|html|protectthyking34Cucaro macaro    
|uhtml|bestof|Game 2 of a best-of-3
|t:|1785460605
|gametype|doubles
|player|p1|protectthyking34|rocketgrunt|1186
|player|p2|Cucaro macaro|giovanni|1129
|gen|9
|tier|[Gen 9 Champions] VGC 2026 Reg M-B (Bo3)
|rated|
|rule|Species Clause: Limit one of each Pokémon
|rule|Item Clause: Limit 1 of each item
|clearpoke
|poke|p1|Delphox, L50, M|
|poke|p1|Incineroar, L50, F|
|poke|p1|Sneasler, L50, M|
|poke|p1|Sinistcha, L50|
|poke|p1|Kingambit, L50, F|
|poke|p1|Blastoise, L50, F|
|poke|p2|Alakazam, L50, M|
|poke|p2|Corviknight, L50, F|
|poke|p2|Meowscarada, L50, F|
|poke|p2|Sneasler, L50, F, shiny|
|poke|p2|Arcanine-Hisui, L50, F|
|poke|p2|Primarina, L50, F, shiny|
|teampreview|4
|showteam|p1|Delphox||Delphoxite|Blaze|NastyPlot,Protect,Psyshock,HeatWave|Timid||M|||50|]Incineroar||SitrusBerry|Intimidate|FakeOut,PartingShot,FlareBlitz,DarkestLariat|Impish||F|||50|]Sneasler||FocusSash|PoisonTouch|GunkShot,FakeOut,CloseCombat,QuickGuard|Jolly||M|||50|]Sinistcha||OccaBerry|Hospitality|MatchaGotcha,RagePowder,TrickRoom,Protect|Calm|||||50|]Kingambit||BlackGlasses|Defiant|SuckerPunch,KowtowCleave,LowKick,Protect|Adamant||F|||50|]Blastoise||Blastoisinite|RainDish|ShellSmash,WaterSpout,DarkPulse,Protect|Timid||F|||50|
|showteam|p2|Alakazam||Alakazite|InnerFocus|Psychic,Encore,DazzlingGleam,Protect|Timid||M|||50|]Corviknight||Leftovers|Pressure|Tailwind,Protect,BraveBird,BodyPress|Impish||F|||50|]Meowscarada||FocusSash|Overgrow|Protect,FlowerTrick,KnockOff,SuckerPunch|Jolly||F|||50|]Sneasler||WhiteHerb|Unburden|Protect,FakeOut,DireClaw,CloseCombat|Adamant||F|||50|]Arcanine-Hisui||ChopleBerry|Intimidate|ExtremeSpeed,FlareBlitz,RockSlide,Protect|Jolly||F|||50|]Primarina||BrightPowder|LiquidVoice|HyperVoice,Moonblast,Protect,Amnesia|Calm||F|||50|
|j| WSCVP
|l| WSCVP
|inactive|Battle timer is ON: inactive players will automatically lose when time's up. (requested by Cucaro macaro)
|
|t:|1785460638
|teamsize|p1|4
|teamsize|p2|4
|start
|switch|p1a: Delphox|Delphox, L50, M|100/100
|switch|p1b: Sneasler|Sneasler, L50, M|100/100
|switch|p2a: Meowscarada|Meowscarada, L50, F|100/100
|switch|p2b: Sneasler|Sneasler, L50, F, shiny|100/100
|turn|1
|inactive|Cucaro macaro has 30 seconds left.
|
|t:|1785460667
|switch|p2b: Arcanine|Arcanine-Hisui, L50, F|100/100
|-ability|p2b: Arcanine|Intimidate|boost
|-unboost|p1a: Delphox|atk|1
|-unboost|p1b: Sneasler|atk|1
|detailschange|p1a: Delphox|Delphox-Mega, L50, M
|-mega|p1a: Delphox|Delphox|Delphoxite
|move|p2a: Meowscarada|Protect|p2a: Meowscarada
|-singleturn|p2a: Meowscarada|Protect
|move|p1b: Sneasler|Fake Out|p2b: Arcanine
|-resisted|p2b: Arcanine|1
|-damage|p2b: Arcanine|94/100
|move|p1a: Delphox|Heat Wave|p2b: Arcanine|[spread] p2b
|-activate|p2a: Meowscarada|move: Protect
|-resisted|p2b: Arcanine|2
|-damage|p2b: Arcanine|81/100
|
|upkeep
|turn|2
|
|t:|1785460691
|switch|p1a: Incineroar|Incineroar, L50, F|100/100
|-ability|p1a: Incineroar|Intimidate|boost
|-unboost|p2a: Meowscarada|atk|1
|-unboost|p2b: Arcanine|atk|1
|move|p2a: Meowscarada|Knock Off|p1a: Incineroar
|-resisted|p1a: Incineroar|1
|-damage|p1a: Incineroar|88/100
|-enditem|p1a: Incineroar|Sitrus Berry|[from] move: Knock Off|[of] p2a: Meowscarada
|move|p1b: Sneasler|Close Combat|p2b: Arcanine
|-supereffective|p2b: Arcanine|1
|-enditem|p2b: Arcanine|Chople Berry|[eat]
|-enditem|p2b: Arcanine|Chople Berry|[weaken]
|-damage|p2b: Arcanine|24/100
|-unboost|p1b: Sneasler|def|1
|-unboost|p1b: Sneasler|spd|1
|move|p2b: Arcanine|Rock Slide|p1a: Incineroar|[spread] p1a,p1b
|-supereffective|p1a: Incineroar|1
|-crit|p1a: Incineroar
|-resisted|p1b: Sneasler|1
|-damage|p1a: Incineroar|25/100
|-damage|p1b: Sneasler|75/100
|
|upkeep
|turn|3
|
|t:|1785460711
|switch|p1b: Sinistcha|Sinistcha, L50|100/100
|-heal|p1a: Incineroar|50/100g|[from] ability: Hospitality|[of] p1b: Sinistcha
|move|p2a: Meowscarada|Protect|p2a: Meowscarada
|-singleturn|p2a: Meowscarada|Protect
|move|p2b: Arcanine|Protect|p2b: Arcanine
|-singleturn|p2b: Arcanine|Protect
|move|p1a: Incineroar|Fake Out|p2b: Arcanine
|-activate|p2b: Arcanine|move: Protect
|
|upkeep
|turn|4
|
|t:|1785460726
|switch|p1a: Sneasler|Sneasler, L50, M|75/100
|move|p1b: Sinistcha|Protect|p1b: Sinistcha
|-singleturn|p1b: Sinistcha|Protect
|move|p2a: Meowscarada|Knock Off|p1b: Sinistcha
|-activate|p1b: Sinistcha|move: Protect
|move|p2b: Arcanine|Flare Blitz|p1b: Sinistcha
|-activate|p1b: Sinistcha|move: Protect
|
|upkeep
|turn|5
|
|t:|1785460748
|switch|p1b: Incineroar|Incineroar, L50, F|50/100g
|-ability|p1b: Incineroar|Intimidate|boost
|-unboost|p2a: Meowscarada|atk|1
|-unboost|p2b: Arcanine|atk|1
|move|p2b: Arcanine|Extreme Speed|p1a: Sneasler
|-damage|p1a: Sneasler|51/100
|move|p2a: Meowscarada|Knock Off|p1b: Incineroar
|-resisted|p1b: Incineroar|1
|-damage|p1b: Incineroar|44/100
|move|p1a: Sneasler|Gunk Shot|p2a: Meowscarada|[miss]
|-miss|p1a: Sneasler|p2a: Meowscarada
|
|upkeep
|turn|6
|
|t:|1785460771
|switch|p2a: Sneasler|Sneasler, L50, F, shiny|100/100
|switch|p1a: Sinistcha|Sinistcha, L50|100/100
|-heal|p1b: Incineroar|69/100|[from] ability: Hospitality|[of] p1a: Sinistcha
|move|p2b: Arcanine|Protect|p2b: Arcanine
|-singleturn|p2b: Arcanine|Protect
|move|p1b: Incineroar|Darkest Lariat|p2b: Arcanine
|-activate|p2b: Arcanine|move: Protect
|
|upkeep
|turn|7
|inactive|protectthyking34 has 30 seconds left.
|inactive|Cucaro macaro has 30 seconds left.
|inactive|Cucaro macaro has 20 seconds left.
|
|t:|1785460809
|switch|p2b: Primarina|Primarina, L50, F, shiny|100/100
|move|p2a: Sneasler|Close Combat|p1b: Incineroar
|-supereffective|p1b: Incineroar|1
|-damage|p1b: Incineroar|0 fnt
|-unboost|p2a: Sneasler|def|1
|-unboost|p2a: Sneasler|spd|1
|faint|p1b: Incineroar
|-enditem|p2a: Sneasler|White Herb
|-clearnegativeboost|p2a: Sneasler|[silent]
|move|p1a: Sinistcha|Matcha Gotcha|p2b: Primarina|[spread] p2a,p2b
|-resisted|p2a: Sneasler|1
|-supereffective|p2b: Primarina|1
|-damage|p2a: Sneasler|84/100
|-damage|p2b: Primarina|67/100
|
|upkeep
|
|t:|1785460825
|switch|p1b: Sneasler|Sneasler, L50, M|51/100
|turn|8
|inactive|Cucaro macaro has 30 seconds left.
|inactive|Cucaro macaro has 20 seconds left.
|inactive|Cucaro macaro has 15 seconds left.
|inactive|Cucaro macaro has 10 seconds left.
|
|t:|1785460871
|switch|p2b: Arcanine|Arcanine-Hisui, L50, F|24/100
|-ability|p2b: Arcanine|Intimidate|boost
|-unboost|p1a: Sinistcha|atk|1
|-unboost|p1b: Sneasler|atk|1
|move|p2a: Sneasler|Dire Claw|p1a: Sinistcha
|-damage|p1a: Sinistcha|60/100
|move|p1b: Sneasler|Close Combat|p2a: Sneasler
|-resisted|p2a: Sneasler|1
|-damage|p2a: Sneasler|52/100
|-unboost|p1b: Sneasler|def|1
|-unboost|p1b: Sneasler|spd|1
|move|p1a: Sinistcha|Matcha Gotcha|p2a: Sneasler|[spread] p2a,p2b
|-resisted|p2a: Sneasler|1
|-damage|p2a: Sneasler|36/100
|-heal|p1a: Sinistcha|67/100|[from] drain|[of] p2a: Sneasler
|-damage|p2b: Arcanine|0 fnt
|-heal|p1a: Sinistcha|79/100|[from] drain|[of] p2b: Arcanine
|faint|p2b: Arcanine
|
|upkeep
|
|t:|1785460890
|switch|p2b: Meowscarada|Meowscarada, L50, F|100/100
|turn|9
|
|t:|1785460902
|switch|p1a: Delphox|Delphox-Mega, L50, M|100/100
|move|p2a: Sneasler|Dire Claw|p1a: Delphox
|-damage|p1a: Delphox|25/100
|-status|p1a: Delphox|psn
|move|p2b: Meowscarada|Flower Trick|p1b: Sneasler
|-resisted|p1b: Sneasler|1
|-crit|p1b: Sneasler
|-damage|p1b: Sneasler|0 fnt
|faint|p1b: Sneasler
|
|-damage|p1a: Delphox|13/100 psn|[from] psn
|upkeep
|-message|protectthyking34 forfeited.
|
|win|Cucaro macaro
