|j|☆axcoquette
|j|☆ffrostik
|html|axcoquetteffrostik    
|uhtml|bestof|Game 1 of a best-of-3
|t:|1783450580
|gametype|doubles
|player|p1|axcoquette|maid|1176
|player|p2|ffrostik|101|1090
|gen|9
|tier|[Gen 9 Champions] VGC 2026 Reg M-B (Bo3)
|rated|
|rule|Species Clause: Limit one of each Pokémon
|rule|Item Clause: Limit 1 of each item
|clearpoke
|poke|p1|Delphox, L50, M|
|poke|p1|Sneasler, L50, M|
|poke|p1|Sinistcha, L50|
|poke|p1|Incineroar, L50, M|
|poke|p1|Kingambit, L50, F|
|poke|p1|Floette-Eternal, L50, F|
|poke|p2|Blastoise, L50, F|
|poke|p2|Pelipper, L50, M|
|poke|p2|Sableye, L50, F|
|poke|p2|Raichu, L50, M|
|poke|p2|Excadrill, L50, M|
|poke|p2|Farigiraf, L50, M|
|teampreview|4
|showteam|p1|Delphox||Delphoxite|Blaze|Protect,NastyPlot,HeatWave,Psychic|Timid||M|||50|]Sneasler||FocusSash|Unburden|Protect,FakeOut,DireClaw,CloseCombat|Jolly||M|||50|]Sinistcha||KasibBerry|Hospitality|Protect,RagePowder,MatchaGotcha,LifeDew|Bold|||||50|]Incineroar||SitrusBerry|Intimidate|FakeOut,FlareBlitz,HelpingHand,PartingShot|Careful||M|||50|]Kingambit||BlackGlasses|Defiant|KowtowCleave,SwordsDance,SuckerPunch,Protect|Adamant||F|||50|]Floette-Eternal||Floettite|FlowerVeil|Moonblast,DazzlingGleam,CalmMind,Protect|Modest||F|||50|
|showteam|p2|Blastoise||Blastoisinite|Torrent|AuraSphere,DarkPulse,WaterSpout,Protect|Modest||F|||50|]Pelipper||FocusSash|Drizzle|Hurricane,MuddyWater,WideGuard,Tailwind|Timid||M|||50|]Sableye||RoseliBerry|Prankster|RainDance,Taunt,ThunderWave,Quash|Careful||F|||50|]Raichu||SitrusBerry|LightningRod|Thunderbolt,Protect,Nuzzle,FakeOut|Timid||M|||50|]Excadrill||LifeOrb|MoldBreaker|BrickBreak,HighHorsepower,IronHead,Protect|Jolly||M|||50|]Farigiraf||ColburBerry|ArmorTail|GrassKnot,TwinBeam,HelpingHand,TrickRoom|Calm||M|||50|
|inactive|Battle timer is ON: inactive players will automatically lose when time's up. (requested by axcoquette)
|inactive|ffrostik has 60 seconds left.
|
|t:|1783450628
|teamsize|p1|4
|teamsize|p2|4
|start
|switch|p1a: Floette|Floette-Eternal, L50, F|100/100
|switch|p1b: Sneasler|Sneasler, L50, M|100/100
|switch|p2a: Blastoise|Blastoise, L50, F|100/100
|switch|p2b: Pelipper|Pelipper, L50, M|100/100
|-weather|RainDance|[from] ability: Drizzle|[of] p2b: Pelipper
|turn|1
|inactive|ffrostik has 30 seconds left.
|inactive|ffrostik has 20 seconds left.
|
|t:|1783450666
|switch|p2b: Farigiraf|Farigiraf, L50, M|100/100
|detailschange|p1a: Floette|Floette-Mega, L50, F
|-mega|p1a: Floette|Floette|Floettite
|-ability|p1a: Floette|Fairy Aura
|detailschange|p2a: Blastoise|Blastoise-Mega, L50, F
|-mega|p2a: Blastoise|Blastoise|Blastoisinite
|move|p1b: Sneasler|Fake Out||[still]
|cant|p2b: Farigiraf|ability: Armor Tail|Fake Out|[of] p1b: Sneasler
|move|p1a: Floette|Moonblast|p2a: Blastoise
|-damage|p2a: Blastoise|30/100
|move|p2a: Blastoise|Water Spout|p1a: Floette|[spread] p1a,p1b
|-damage|p1a: Floette|72/100
|-damage|p1b: Sneasler|59/100
|
|-weather|RainDance|[upkeep]
|upkeep
|turn|2
|
|t:|1783450688
|move|p2a: Blastoise|Protect|p2a: Blastoise
|-singleturn|p2a: Blastoise|Protect
|move|p1b: Sneasler|Dire Claw|p2b: Farigiraf
|-damage|p2b: Farigiraf|57/100
|move|p1a: Floette|Dazzling Gleam|p2a: Blastoise|[spread] p2b
|-activate|p2a: Blastoise|move: Protect
|-damage|p2b: Farigiraf|21/100
|move|p2b: Farigiraf|Trick Room|p2b: Farigiraf
|-fieldstart|move: Trick Room|[of] p2b: Farigiraf
|
|-weather|RainDance|[upkeep]
|upkeep
|turn|3
|
|t:|1783450710
|switch|p1b: Sinistcha|Sinistcha, L50|100/100
|-heal|p1a: Floette|97/100|[from] ability: Hospitality|[of] p1b: Sinistcha
|move|p2b: Farigiraf|Helping Hand|p2a: Blastoise
|-singleturn|p2a: Blastoise|Helping Hand|[of] p2b: Farigiraf
|move|p2a: Blastoise|Water Spout|p1a: Floette|[spread] p1a,p1b
|-resisted|p1b: Sinistcha|1
|-damage|p1a: Floette|58/100
|-damage|p1b: Sinistcha|75/100
|move|p1a: Floette|Dazzling Gleam|p2a: Blastoise|[spread] p2a,p2b
|-damage|p2a: Blastoise|0 fnt
|-damage|p2b: Farigiraf|0 fnt
|faint|p2a: Blastoise
|faint|p2b: Farigiraf
|
|-weather|RainDance|[upkeep]
|upkeep
|
|t:|1783450729
|switch|p2b: Excadrill|Excadrill, L50, M|100/100
|switch|p2a: Pelipper|Pelipper, L50, M|100/100
|-ability|p2b: Excadrill|Mold Breaker
|turn|4
|
|t:|1783450754
|move|p1b: Sinistcha|Protect|p1b: Sinistcha
|-singleturn|p1b: Sinistcha|Protect
|move|p1a: Floette|Protect|p1a: Floette
|-singleturn|p1a: Floette|Protect
|move|p2a: Pelipper|Wide Guard|p2a: Pelipper
|-singleturn|p2a: Pelipper|Wide Guard
|move|p2b: Excadrill|Iron Head|p1a: Floette
|-activate|p1a: Floette|move: Protect
|
|-weather|RainDance|[upkeep]
|upkeep
|turn|5
|
|t:|1783450777
|move|p1b: Sinistcha|Rage Powder|p1b: Sinistcha
|-singleturn|p1b: Sinistcha|move: Rage Powder
|move|p2a: Pelipper|Hurricane|p1b: Sinistcha
|-supereffective|p1b: Sinistcha|1
|-damage|p1b: Sinistcha|0 fnt
|faint|p1b: Sinistcha
|move|p2b: Excadrill|Iron Head|p1a: Floette
|-supereffective|p1a: Floette|1
|-damage|p1a: Floette|0 fnt
|faint|p1a: Floette
|-damage|p2b: Excadrill|90/100|[from] item: Life Orb
|
|-weather|none
|upkeep
|
|t:|1783450788
|switch|p1b: Kingambit|Kingambit, L50, F|100/100
|switch|p1a: Sneasler|Sneasler, L50, M|59/100
|turn|6
|inactive|axcoquette has 30 seconds left.
|inactive|ffrostik has 30 seconds left.
|inactive|ffrostik has 20 seconds left.
|inactive|ffrostik has 15 seconds left.
|
|t:|1783450829
|move|p1b: Kingambit|Protect|p1b: Kingambit
|-singleturn|p1b: Kingambit|Protect
|move|p2b: Excadrill|Protect|p2b: Excadrill
|-singleturn|p2b: Excadrill|Protect
|move|p1a: Sneasler|Fake Out|p2a: Pelipper
|-damage|p2a: Pelipper|81/100
|cant|p2a: Pelipper|flinch
|
|-fieldend|move: Trick Room
|upkeep
|turn|7
|inactive|axcoquette has 30 seconds left.
|inactive|ffrostik has 30 seconds left.
|inactive|ffrostik has 20 seconds left.
|inactive|axcoquette has 20 seconds left.
|inactive|ffrostik has 15 seconds left.
|inactive|ffrostik has 10 seconds left.
|
|t:|1783450875
|move|p1a: Sneasler|Protect|p1a: Sneasler
|-singleturn|p1a: Sneasler|Protect
|move|p2b: Excadrill|Protect||[still]
|-fail|p2b: Excadrill
|move|p2a: Pelipper|Muddy Water|p1a: Sneasler|[spread] p1b
|-activate|p1a: Sneasler|move: Protect
|-damage|p1b: Kingambit|74/100
|move|p1b: Kingambit|Kowtow Cleave|p2a: Pelipper
|-damage|p2a: Pelipper|0 fnt
|faint|p2a: Pelipper
|
|upkeep
|turn|8
|
|t:|1783450896
|move|p1b: Kingambit|Sucker Punch|p2b: Excadrill
|-damage|p2b: Excadrill|16/100
|move|p1a: Sneasler|Close Combat|p2b: Excadrill
|-supereffective|p2b: Excadrill|1
|-damage|p2b: Excadrill|0 fnt
|-unboost|p1a: Sneasler|def|1
|-unboost|p1a: Sneasler|spd|1
|faint|p2b: Excadrill
|
|win|axcoquette
