|j|☆divyansh sharma
|j|☆hide on whimsicott
|html|divyansh sharmahide on whimsicott    
|uhtml|bestof|Game 3 of a best-of-3
|t:|1785681448
|gametype|doubles
|player|p1|divyansh sharma|cyrus|1108
|player|p2|hide on whimsicott|artist-gen4|1219
|gen|9
|tier|[Gen 9 Champions] VGC 2026 Reg M-B (Bo3)
|rated|
|rule|Species Clause: Limit one of each Pokémon
|rule|Item Clause: Limit 1 of each item
|clearpoke
|poke|p1|Metagross, L50|
|poke|p1|Milotic, L50, M|
|poke|p1|Sceptile, L50, F|
|poke|p1|Rotom-Wash, L50|
|poke|p1|Garchomp, L50, M|
|poke|p1|Clefable, L50, M|
|poke|p2|Blastoise, L50, M|
|poke|p2|Sinistcha, L50|
|poke|p2|Delphox, L50, F|
|poke|p2|Sneasler, L50, M|
|poke|p2|Incineroar, L50, M|
|poke|p2|Kingambit, L50, F|
|teampreview|4
|showteam|p1|Metagross||Metagrossite|ClearBody|PsychicFangs,IronHead,StompingTantrum,Protect|Jolly|||||50|]Milotic||SitrusBerry|Competitive|Scald,Haze,IcyWind,Protect|Bold||M|||50|]Sceptile||Sceptilite|Overgrow|GigaDrain,DragonPulse,EarthPower,Detect|Timid||F|||50|]Rotom-Wash||Leftovers|Levitate|HydroPump,Discharge,WillOWisp,Protect|Calm|||||50|]Garchomp||ChoiceScarf|RoughSkin|Earthquake,RockSlide,DragonClaw,PoisonJab|Adamant||M|||50|]Clefable||LifeOrb|MagicGuard|Moonblast,AirSlash,Protect,Flamethrower|Modest||M|||50|
|showteam|p2|Blastoise||Blastoisinite|RainDish|WaterSpout,DarkPulse,ShellSmash,Protect|Modest||M|||50|]Sinistcha||KasibBerry|Hospitality|MatchaGotcha,LifeDew,RagePowder,Protect|Relaxed|||||50|]Delphox||Delphoxite|Blaze|HeatWave,Psychic,NastyPlot,Protect|Timid||F|||50|]Sneasler||FocusSash|Unburden|CloseCombat,DireClaw,FakeOut,Protect|Jolly||M|||50|]Incineroar||SitrusBerry|Intimidate|FlareBlitz,FakeOut,HelpingHand,PartingShot|Impish||M|||50|]Kingambit||LifeOrb|Defiant|KowtowCleave,SuckerPunch,SwordsDance,Protect|Adamant||F|||50|
|inactive|Battle timer is ON: inactive players will automatically lose when time's up. (requested by hide on whimsicott)
|inactive|divyansh sharma also wants the timer to be on.
|
|t:|1785681478
|teamsize|p1|4
|teamsize|p2|4
|start
|switch|p1a: Garchomp|Garchomp, L50, M|100/100
|switch|p1b: Clefable|Clefable, L50, M|100/100
|switch|p2a: Sneasler|Sneasler, L50, M|100/100
|switch|p2b: Kingambit|Kingambit, L50, F|100/100
|turn|1
|
|t:|1785681497
|switch|p1b: Rotom|Rotom-Wash, L50|100/100
|move|p1a: Garchomp|Earthquake|p2a: Sneasler|[spread] p2a,p2b
|-immune|p1b: Rotom|[from] ability: Levitate
|-supereffective|p2a: Sneasler|1
|-supereffective|p2b: Kingambit|1
|-enditem|p2a: Sneasler|Focus Sash
|-damage|p2a: Sneasler|1/100
|-damage|p2b: Kingambit|39/100
|move|p2a: Sneasler|Dire Claw|p1b: Rotom
|-damage|p1b: Rotom|57/100
|move|p2b: Kingambit|Swords Dance|p2b: Kingambit
|-boost|p2b: Kingambit|atk|2
|
|-heal|p1b: Rotom|63/100|[from] item: Leftovers
|upkeep
|turn|2
|
|t:|1785681514
|move|p1b: Rotom|Protect|p1b: Rotom
|-singleturn|p1b: Rotom|Protect
|move|p2b: Kingambit|Protect|p2b: Kingambit
|-singleturn|p2b: Kingambit|Protect
|move|p2a: Sneasler|Close Combat|p1b: Rotom
|-activate|p1b: Rotom|move: Protect
|move|p1a: Garchomp|Earthquake|p2a: Sneasler|[spread] p2a
|-activate|p1b: Rotom|move: Protect
|-activate|p2b: Kingambit|move: Protect
|-supereffective|p2a: Sneasler|1
|-damage|p2a: Sneasler|0 fnt
|faint|p2a: Sneasler
|
|-heal|p1b: Rotom|69/100|[from] item: Leftovers
|upkeep
|
|t:|1785681517
|switch|p2a: Sinistcha|Sinistcha, L50|100/100
|-heal|p2b: Kingambit|63/100|[from] ability: Hospitality|[of] p2a: Sinistcha
|turn|3
|
|t:|1785681535
|move|p2a: Sinistcha|Rage Powder|p2a: Sinistcha
|-singleturn|p2a: Sinistcha|move: Rage Powder
|move|p2b: Kingambit|Sucker Punch|p1a: Garchomp
|-damage|p1a: Garchomp|0 fnt
|-damage|p2b: Kingambit|51/100|[from] ability: Rough Skin|[of] p1a: Garchomp
|faint|p1a: Garchomp
|-damage|p2b: Kingambit|42/100|[from] item: Life Orb
|move|p1b: Rotom|Will-O-Wisp|p2a: Sinistcha
|-status|p2a: Sinistcha|brn
|
|-heal|p1b: Rotom|75/100|[from] item: Leftovers
|-damage|p2a: Sinistcha|93/100 brn|[from] brn
|upkeep
|
|t:|1785681541
|switch|p1a: Clefable|Clefable, L50, M|100/100
|turn|4
|
|t:|1785681564
|move|p2b: Kingambit|Sucker Punch|p1b: Rotom
|-damage|p1b: Rotom|0 fnt
|faint|p1b: Rotom
|-damage|p2b: Kingambit|32/100|[from] item: Life Orb
|move|p1a: Clefable|Flamethrower|p2a: Sinistcha
|-supereffective|p2a: Sinistcha|1
|-damage|p2a: Sinistcha|28/100 brn
|move|p2a: Sinistcha|Matcha Gotcha|p1a: Clefable
|-damage|p1a: Clefable|68/100
|-heal|p2a: Sinistcha|44/100 brn|[from] drain|[of] p1a: Clefable
|
|-damage|p2a: Sinistcha|38/100 brn|[from] brn
|upkeep
|
|t:|1785681572
|switch|p1b: Sceptile|Sceptile, L50, F|100/100
|turn|5
|inactive|hide on whimsicott has 30 seconds left.
|inactive|hide on whimsicott has 20 seconds left.
|inactive|hide on whimsicott has 15 seconds left.
|inactive|hide on whimsicott has 10 seconds left.
|
|t:|1785681620
|switch|p2a: Delphox|Delphox, L50, F|100/100
|detailschange|p1b: Sceptile|Sceptile-Mega, L50, F
|-mega|p1b: Sceptile|Sceptile|Sceptilite
|move|p1b: Sceptile|Detect|p1b: Sceptile
|-singleturn|p1b: Sceptile|Protect
|move|p2b: Kingambit|Sucker Punch||[still]
|-fail|p2b: Kingambit
|move|p1a: Clefable|Moonblast|p2b: Kingambit
|-damage|p2b: Kingambit|0 fnt
|faint|p2b: Kingambit
|
|upkeep
|
|t:|1785681625
|switch|p2b: Sinistcha|Sinistcha, L50|38/100 brn
|turn|6
|
|t:|1785681647
|detailschange|p2a: Delphox|Delphox-Mega, L50, F
|-mega|p2a: Delphox|Delphox|Delphoxite
|move|p1b: Sceptile|Dragon Pulse|p2a: Delphox
|-damage|p2a: Delphox|55/100
|move|p2a: Delphox|Psychic|p1a: Clefable
|-damage|p1a: Clefable|22/100
|move|p1a: Clefable|Air Slash|p2a: Delphox
|-damage|p2a: Delphox|30/100
|move|p2b: Sinistcha|Matcha Gotcha|p1a: Clefable|[spread] p1a,p1b
|-resisted|p1b: Sceptile|2
|-damage|p1a: Clefable|0 fnt
|-heal|p2b: Sinistcha|50/100y brn|[from] drain|[of] p1a: Clefable
|-damage|p1b: Sceptile|91/100
|-heal|p2b: Sinistcha|53/100 brn|[from] drain|[of] p1b: Sceptile
|-status|p1b: Sceptile|brn
|faint|p1a: Clefable
|
|-damage|p1b: Sceptile|85/100 brn|[from] brn
|-damage|p2b: Sinistcha|47/100 brn|[from] brn
|upkeep
|turn|7
|
|t:|1785681661
|move|p2a: Delphox|Protect|p2a: Delphox
|-singleturn|p2a: Delphox|Protect
|move|p1b: Sceptile|Dragon Pulse|p2a: Delphox
|-activate|p2a: Delphox|move: Protect
|move|p2b: Sinistcha|Life Dew|p2b: Sinistcha|[spread] p2a,p2b
|-heal|p2a: Delphox|55/100
|-heal|p2b: Sinistcha|72/100 brn
|
|-damage|p1b: Sceptile|79/100 brn|[from] brn
|-damage|p2b: Sinistcha|66/100 brn|[from] brn
|upkeep
|turn|8
|
|t:|1785681680
|move|p1b: Sceptile|Dragon Pulse|p2a: Delphox
|-damage|p2a: Delphox|11/100
|move|p2a: Delphox|Psychic|p1b: Sceptile
|-damage|p1b: Sceptile|20/100y brn
|move|p2b: Sinistcha|Life Dew|p2b: Sinistcha|[spread] p2a,p2b
|-heal|p2a: Delphox|36/100
|-heal|p2b: Sinistcha|91/100 brn
|
|-damage|p1b: Sceptile|14/100 brn|[from] brn
|-damage|p2b: Sinistcha|85/100 brn|[from] brn
|upkeep
|turn|9
|
|t:|1785681696
|move|p2a: Delphox|Protect|p2a: Delphox
|-singleturn|p2a: Delphox|Protect
|move|p2b: Sinistcha|Protect|p2b: Sinistcha
|-singleturn|p2b: Sinistcha|Protect
|move|p1b: Sceptile|Dragon Pulse|p2b: Sinistcha
|-activate|p2b: Sinistcha|move: Protect
|
|-damage|p1b: Sceptile|8/100 brn|[from] brn
|-damage|p2b: Sinistcha|79/100 brn|[from] brn
|upkeep
|turn|10
|-message|divyansh sharma forfeited.
|
|win|hide on whimsicott
|raw|divyansh sharma's rating: 1108 → 1091(-17 for losing)
|raw|hide on whimsicott's rating: 1219 → 1236(+17 for winning)
|l|☆divyansh sharma
|player|p1|
