|j|☆the killer1234
|j|☆Fell Blue
|html|the killer1234Fell Blue    
|uhtml|bestof|Game 3 of a best-of-3
|t:|1784747822
|gametype|doubles
|player|p1|the killer1234|169|1135
|player|p2|Fell Blue|fantina|1084
|gen|9
|tier|[Gen 9 Champions] VGC 2026 Reg M-B (Bo3)
|rated|
|rule|Species Clause: Limit one of each Pokémon
|rule|Item Clause: Limit 1 of each item
|clearpoke
|poke|p1|Charizard, L50, F|
|poke|p1|Tyranitar, L50, F|
|poke|p1|Milotic, L50, F|
|poke|p1|Incineroar, L50, F|
|poke|p1|Sinistcha, L50|
|poke|p1|Sneasler, L50, M|
|poke|p2|Mawile, L50, M|
|poke|p2|Liepard, L50, M|
|poke|p2|Sneasler, L50, M|
|poke|p2|Chandelure, L50, M|
|poke|p2|Ninetales-Alola, L50, F|
|poke|p2|Incineroar, L50, M|
|teampreview|4
|showteam|p1|Charizard||CharizarditeY|Blaze|HeatWave,WeatherBall,SolarBeam,Protect|Modest||F|||50|]Tyranitar||Tyranitarite|SandStream|RockSlide,Crunch,Protect,HighHorsepower|Adamant||F|||50|]Milotic||Leftovers|Competitive|IcyWind,Scald,Protect,Recover|Calm||F|||50|]Incineroar||SitrusBerry|Intimidate|FakeOut,FlareBlitz,PartingShot,ThroatChop|Adamant||F|||50|]Sinistcha||CobaBerry|Hospitality|MatchaGotcha,RagePowder,LifeDew,TrickRoom|Bold|||||50|]Sneasler||WhiteHerb|Unburden|FakeOut,CloseCombat,DireClaw,Coaching|Adamant||M|||50|
|showteam|p2|Mawile||Mawilite|HyperCutter|PlayRough,SuckerPunch,Protect,RockSlide|Adamant||M|||50|]Liepard||FocusSash|Prankster|FakeOut,ThunderWave,FoulPlay,Encore|Timid||M|||50|]Sneasler||WhiteHerb|Unburden|DireClaw,Coaching,FakeOut,CloseCombat|Adamant||M|||50|]Chandelure||Chandelurite|FlashFire|ShadowBall,HeatWave,CalmMind,Protect|Modest||M|||50|]Ninetales-Alola||LightClay|SnowWarning|AuroraVeil,Protect,FreezeDry,IcyWind|Timid||F|||50|]Incineroar||SitrusBerry|Intimidate|FakeOut,PartingShot,ThroatChop,FlareBlitz|Impish||M|||50|
|inactive|Battle timer is ON: inactive players will automatically lose when time's up. (requested by the killer1234)
|
|t:|1784747841
|teamsize|p1|4
|teamsize|p2|4
|start
|switch|p1a: Charizard|Charizard, L50, F|100/100
|switch|p1b: Incineroar|Incineroar, L50, F|100/100
|switch|p2a: Sneasler|Sneasler, L50, M|100/100
|switch|p2b: Incineroar|Incineroar, L50, M|100/100
|-ability|p1b: Incineroar|Intimidate|boost
|-unboost|p2a: Sneasler|atk|1
|-unboost|p2b: Incineroar|atk|1
|-ability|p2b: Incineroar|Intimidate|boost
|-unboost|p1a: Charizard|atk|1
|-unboost|p1b: Incineroar|atk|1
|-enditem|p2a: Sneasler|White Herb
|-clearnegativeboost|p2a: Sneasler|[silent]
|turn|1
|
|t:|1784747863
|detailschange|p1a: Charizard|Charizard-Mega-Y, L50, F
|-mega|p1a: Charizard|Charizard|Charizardite Y
|-weather|SunnyDay|[from] ability: Drought|[of] p1a: Charizard
|move|p2a: Sneasler|Fake Out|p1b: Incineroar
|-damage|p1b: Incineroar|88/100
|cant|p1b: Incineroar|flinch
|move|p2b: Incineroar|Fake Out|p1a: Charizard
|-damage|p1a: Charizard|91/100
|cant|p1a: Charizard|flinch
|
|-weather|SunnyDay|[upkeep]
|upkeep
|turn|2
|
|t:|1784747881
|switch|p1b: Sinistcha|Sinistcha, L50|100/100
|-heal|p1a: Charizard|100/100|[from] ability: Hospitality|[of] p1b: Sinistcha
|switch|p2b: Chandelure|Chandelure, L50, M|100/100
|move|p2a: Sneasler|Close Combat|p1b: Sinistcha
|-immune|p1b: Sinistcha
|move|p1a: Charizard|Heat Wave|p2a: Sneasler|[spread] p2a
|-start|p2b: Chandelure|ability: Flash Fire
|-damage|p2a: Sneasler|21/100
|-status|p2a: Sneasler|brn
|
|-weather|SunnyDay|[upkeep]
|-damage|p2a: Sneasler|15/100 brn|[from] brn
|upkeep
|turn|3
|inactive|the killer1234 has 30 seconds left.
|
|t:|1784747907
|switch|p2a: Incineroar|Incineroar, L50, M|100/100
|-ability|p2a: Incineroar|Intimidate|boost
|-unboost|p1a: Charizard|atk|1
|-unboost|p1b: Sinistcha|atk|1
|switch|p1b: Incineroar|Incineroar, L50, F|88/100
|-ability|p1b: Incineroar|Intimidate|boost
|-unboost|p2a: Incineroar|atk|1
|-unboost|p2b: Chandelure|atk|1
|move|p1a: Charizard|Heat Wave|p2a: Incineroar|[spread] p2a
|-immune|p2b: Chandelure|[from] ability: Flash Fire
|-resisted|p2a: Incineroar|1
|-damage|p2a: Incineroar|73/100
|move|p2b: Chandelure|Heat Wave|p1a: Charizard|[spread] p1a
|-miss|p2b: Chandelure|p1b: Incineroar
|-resisted|p1a: Charizard|1
|-damage|p1a: Charizard|57/100
|
|-weather|SunnyDay|[upkeep]
|upkeep
|turn|4
|
|t:|1784747931
|move|p1b: Incineroar|Fake Out|p2a: Incineroar
|-damage|p2a: Incineroar|63/100
|cant|p2a: Incineroar|flinch
|move|p1a: Charizard|Heat Wave|p2a: Incineroar|[spread] p2a
|-immune|p2b: Chandelure|[from] ability: Flash Fire
|-resisted|p2a: Incineroar|1
|-damage|p2a: Incineroar|37/100
|-enditem|p2a: Incineroar|Sitrus Berry|[eat]
|-heal|p2a: Incineroar|61/100|[from] item: Sitrus Berry
|move|p2b: Chandelure|Calm Mind|p2b: Chandelure
|-boost|p2b: Chandelure|spa|1
|-boost|p2b: Chandelure|spd|1
|
|-weather|SunnyDay|[upkeep]
|upkeep
|turn|5
|inactive|Fell Blue has 30 seconds left.
|
|t:|1784747960
|move|p1a: Charizard|Protect|p1a: Charizard
|-singleturn|p1a: Charizard|Protect
|move|p2b: Chandelure|Protect|p2b: Chandelure
|-singleturn|p2b: Chandelure|Protect
|move|p1b: Incineroar|Throat Chop|p2b: Chandelure
|-activate|p2b: Chandelure|move: Protect
|move|p2a: Incineroar|Parting Shot|p1b: Incineroar
|-unboost|p1b: Incineroar|atk|1
|-unboost|p1b: Incineroar|spa|1
|
|t:|1784747970
|switch|p2a: Sneasler|Sneasler, L50, M|15/100 brn|[from] Parting Shot
|
|-weather|none
|-damage|p2a: Sneasler|9/100 brn|[from] brn
|upkeep
|turn|6
|
|t:|1784747994
|switch|p1b: Sinistcha|Sinistcha, L50|100/100
|-heal|p1a: Charizard|82/100|[from] ability: Hospitality|[of] p1b: Sinistcha
|move|p2a: Sneasler|Fake Out|p1a: Charizard
|-damage|p1a: Charizard|75/100
|cant|p1a: Charizard|flinch
|move|p2b: Chandelure|Heat Wave|p1b: Sinistcha|[spread] p1a,p1b
|-resisted|p1a: Charizard|1
|-supereffective|p1b: Sinistcha|1
|-damage|p1a: Charizard|34/100
|-damage|p1b: Sinistcha|0 fnt
|faint|p1b: Sinistcha
|
|-damage|p2a: Sneasler|3/100 brn|[from] brn
|upkeep
|
|t:|1784748007
|switch|p1b: Incineroar|Incineroar, L50, F|88/100
|-ability|p1b: Incineroar|Intimidate|boost
|-unboost|p2a: Sneasler|atk|1
|-unboost|p2b: Chandelure|atk|1
|turn|7
|
|t:|1784748021
|switch|p2a: Incineroar|Incineroar, L50, M|61/100
|-ability|p2a: Incineroar|Intimidate|boost
|-unboost|p1a: Charizard|atk|1
|-unboost|p1b: Incineroar|atk|1
|move|p1a: Charizard|Protect|p1a: Charizard
|-singleturn|p1a: Charizard|Protect
|move|p2b: Chandelure|Protect|p2b: Chandelure
|-singleturn|p2b: Chandelure|Protect
|move|p1b: Incineroar|Throat Chop|p2b: Chandelure
|-activate|p2b: Chandelure|move: Protect
|
|upkeep
|turn|8
|
|t:|1784748042
|switch|p1a: Sneasler|Sneasler, L50, M|100/100
|move|p2a: Incineroar|Fake Out|p1b: Incineroar
|-damage|p1b: Incineroar|78/100
|move|p2b: Chandelure|Calm Mind|p2b: Chandelure
|-boost|p2b: Chandelure|spa|1
|-boost|p2b: Chandelure|spd|1
|cant|p1b: Incineroar|flinch
|
|upkeep
|turn|9
|
|t:|1784748062
|switch|p2a: Sneasler|Sneasler, L50, M|3/100 brn
|move|p2b: Chandelure|Protect|p2b: Chandelure
|-singleturn|p2b: Chandelure|Protect
|move|p1a: Sneasler|Coaching|p1b: Incineroar
|-boost|p1b: Incineroar|atk|1
|-boost|p1b: Incineroar|def|1
|move|p1b: Incineroar|Throat Chop|p2b: Chandelure
|-activate|p2b: Chandelure|move: Protect
|
|-damage|p2a: Sneasler|0 fnt|[from] brn
|faint|p2a: Sneasler
|upkeep
|
|t:|1784748066
|switch|p2a: Incineroar|Incineroar, L50, M|61/100
|-ability|p2a: Incineroar|Intimidate|boost
|-unboost|p1a: Sneasler|atk|1
|-unboost|p1b: Incineroar|atk|1
|-enditem|p1a: Sneasler|White Herb
|-clearnegativeboost|p1a: Sneasler|[silent]
|turn|10
|
|t:|1784748087
|switch|p1b: Charizard|Charizard-Mega-Y, L50, F|34/100
|-weather|SunnyDay|[from] ability: Drought|[of] p1b: Charizard
|move|p2a: Incineroar|Fake Out|p1b: Charizard
|-damage|p1b: Charizard|22/100
|move|p1a: Sneasler|Dire Claw|p2b: Chandelure
|-resisted|p2b: Chandelure|1
|-damage|p2b: Chandelure|72/100
|move|p2b: Chandelure|Heat Wave|p1b: Charizard|[spread] p1a,p1b
|-resisted|p1b: Charizard|1
|-damage|p1a: Sneasler|0 fnt
|-damage|p1b: Charizard|0 fnt
|faint|p1a: Sneasler
|faint|p1b: Charizard
|
|-weather|SunnyDay|[upkeep]
|upkeep
|
|t:|1784748103
|switch|p1b: Incineroar|Incineroar, L50, F|78/100
|-ability|p1b: Incineroar|Intimidate|boost
|-unboost|p2a: Incineroar|atk|1
|-unboost|p2b: Chandelure|atk|1
|turn|11
|
|t:|1784748110
|move|p2b: Chandelure|Protect|p2b: Chandelure
|-singleturn|p2b: Chandelure|Protect
|move|p1b: Incineroar|Fake Out|p2a: Incineroar
|-damage|p2a: Incineroar|52/100
|cant|p2a: Incineroar|flinch
|
|-weather|SunnyDay|[upkeep]
|upkeep
|turn|12
|
|t:|1784748131
|move|p2b: Chandelure|Heat Wave|p1b: Incineroar
|-resisted|p1b: Incineroar|1
|-damage|p1b: Incineroar|0 fnt
|faint|p1b: Incineroar
|
|win|Fell Blue
|raw|the killer1234's rating: 1135 → 1106(-29 for losing)
|raw|Fell Blue's rating: 1084 → 1115(+31 for winning)
|l|☆the killer1234
|player|p1|
