|j|☆ThetaB
|j|☆viatles
|html|ThetaBviatles    
|uhtml|bestof|Game 1 of a best-of-3
|t:|1757793746
|gametype|doubles
|player|p1|ThetaB|palmer|1166
|player|p2|viatles|hiker|1088
|gen|9
|tier|[Gen 9] VGC 2025 Reg H (Bo3)
|rated|
|rule|Species Clause: Limit one of each Pokémon
|rule|Item Clause: Limit 1 of each item
|clearpoke
|poke|p1|Arcanine-Hisui, L50, M|
|poke|p1|Whimsicott, L50, M|
|poke|p1|Sneasler, L50, M|
|poke|p1|Dragonite, L50, F|
|poke|p1|Kingambit, L50, F|
|poke|p1|Ursaluna-Bloodmoon, L50, M|
|poke|p2|Scizor, L50, F|
|poke|p2|Talonflame, L50, F|
|poke|p2|Rillaboom, L50, M|
|poke|p2|Garchomp, L50, M|
|poke|p2|Kilowattrel, L50, M|
|poke|p2|Garganacl, L50, M|
|teampreview|4
|showteam|p1|Arcanine-Hisui||SitrusBerry|Intimidate|FlareBlitz,RockSlide,Howl,Protect|||M|||50|,,,,,Grass]Whimsicott||CovertCloak|Prankster|Tailwind,Moonblast,Encore,Protect|||M|||50|,,,,,Ghost]Sneasler||FocusSash|Unburden|DireClaw,CloseCombat,FakeOut,Protect|||M|||50|,,,,,Ghost]Dragonite||ChoiceBand|InnerFocus|Outrage,StompingTantrum,ExtremeSpeed,TeraBlast|||F|||50|,,,,,Flying]Kingambit||SafetyGoggles|Defiant|KowtowCleave,SuckerPunch,SwordsDance,Protect|||F|||50|,,,,,Dark]Ursaluna-Bloodmoon||LifeOrb|MindsEye|HyperVoice,EarthPower,BloodMoon,Protect|||M|||50|,,,,,Normal
|showteam|p2|Scizor||LifeOrb|Technician|BulletPunch,BugBite,DualWingbeat,Protect|||F|||50|,,,,,Fire]Talonflame||CovertCloak|GaleWings|DualWingbeat,Tailwind,Taunt,FlareBlitz|||F|||50|,,,,,Flying]Rillaboom||AssaultVest|GrassySurge|FakeOut,GrassyGlide,Uturn,WoodHammer|||M|||50|,,,,,Fairy]Garchomp||ClearAmulet|RoughSkin|IronHead,Earthquake,DragonClaw,Protect|||M|||50|,,,,,Steel]Kilowattrel||FocusSash|Competitive|Discharge,AirSlash,Tailwind,Protect|||M|||50|,,,,,Fairy]Garganacl||Leftovers|PurifyingSalt|SaltCure,Recover,Protect,RockSlide|||M|||50|,,,,,Grass
|c|☆viatles|gl hf
|inactive|Battle timer is ON: inactive players will automatically lose when time's up. (requested by viatles)
|c|☆ThetaB|gl hf
|inactive|ThetaB has 60 seconds left.
|
|t:|1757793788
|teamsize|p1|4
|teamsize|p2|4
|start
|switch|p1a: Whimsicott|Whimsicott, L50, M|100/100
|switch|p1b: Arcanine|Arcanine-Hisui, L50, M|100/100
|switch|p2a: Talonflame|Talonflame, L50, F|100/100
|switch|p2b: Garchomp|Garchomp, L50, M|100/100
|-ability|p1b: Arcanine|Intimidate|boost
|-unboost|p2a: Talonflame|atk|1
|-fail|p2b: Garchomp|unboost|[from] item: Clear Amulet|[of] p2b: Garchomp
|turn|1
|inactive|viatles has 30 seconds left.
|
|t:|1757793817
|move|p2a: Talonflame|Dual Wingbeat|p1a: Whimsicott
|-supereffective|p1a: Whimsicott
|-damage|p1a: Whimsicott|74/100
|-supereffective|p1a: Whimsicott
|-damage|p1a: Whimsicott|51/100
|-hitcount|p1a: Whimsicott|2
|move|p1a: Whimsicott|Tailwind|p1a: Whimsicott
|-sidestart|p1: ThetaB|move: Tailwind
|move|p1b: Arcanine|Rock Slide|p2b: Garchomp|[spread] p2a,p2b
|-supereffective|p2a: Talonflame
|-resisted|p2b: Garchomp
|-damage|p2a: Talonflame|0 fnt
|-damage|p2b: Garchomp|90/100
|faint|p2a: Talonflame
|cant|p2b: Garchomp|flinch
|
|upkeep
|
|t:|1757793830
|switch|p2a: Scizor|Scizor, L50, F|100/100
|turn|2
|inactive|ThetaB has 30 seconds left.
|
|t:|1757793865
|-terastallize|p2a: Scizor|Fire
|move|p1a: Whimsicott|Protect|p1a: Whimsicott
|-singleturn|p1a: Whimsicott|Protect
|move|p2a: Scizor|Bullet Punch|p1a: Whimsicott
|-activate|p1a: Whimsicott|move: Protect
|move|p1b: Arcanine|Flare Blitz|p2a: Scizor
|-resisted|p2a: Scizor
|-damage|p2a: Scizor|78/100
|-damage|p1b: Arcanine|94/100|[from] Recoil
|move|p2b: Garchomp|Iron Head|p1b: Arcanine
|-damage|p1b: Arcanine|60/100
|
|upkeep
|turn|3
|
|t:|1757793888
|move|p2a: Scizor|Protect|p2a: Scizor
|-singleturn|p2a: Scizor|Protect
|move|p1a: Whimsicott|Encore|p2b: Garchomp
|-start|p2b: Garchomp|Encore
|move|p1b: Arcanine|Rock Slide|p2b: Garchomp|[spread] p2b
|-activate|p2a: Scizor|move: Protect
|-resisted|p2b: Garchomp
|-damage|p2b: Garchomp|79/100
|move|p2b: Garchomp|Iron Head|p1a: Whimsicott
|-supereffective|p1a: Whimsicott
|-damage|p1a: Whimsicott|0 fnt
|faint|p1a: Whimsicott
|
|upkeep
|
|t:|1757793902
|switch|p1a: Dragonite|Dragonite, L50, F|100/100
|turn|4
|
|t:|1757793920
|move|p2a: Scizor|Bullet Punch|p1a: Dragonite
|-damage|p1a: Dragonite|51/100
|-damage|p2a: Scizor|69/100|[from] item: Life Orb
|move|p1b: Arcanine|Rock Slide|p2b: Garchomp|[spread] p2a,p2b
|-supereffective|p2a: Scizor
|-resisted|p2b: Garchomp
|-damage|p2a: Scizor|23/100
|-damage|p2b: Garchomp|66/100
|move|p1a: Dragonite|Outrage|p2b: Garchomp
|-supereffective|p2b: Garchomp
|-damage|p2b: Garchomp|0 fnt
|-damage|p1a: Dragonite|39/100|[from] ability: Rough Skin|[of] p2b: Garchomp
|faint|p2b: Garchomp
|
|-sideend|p1: ThetaB|move: Tailwind
|upkeep
|
|t:|1757793933
|switch|p2b: Garganacl|Garganacl, L50, M|100/100
|turn|5
|
|t:|1757793941
|move|p2a: Scizor|Bullet Punch|p1a: Dragonite
|-crit|p1a: Dragonite
|-damage|p1a: Dragonite|0 fnt
|faint|p1a: Dragonite
|-damage|p2a: Scizor|14/100|[from] item: Life Orb
|move|p1b: Arcanine|Rock Slide|p2b: Garganacl|[spread] p2a,p2b
|-supereffective|p2a: Scizor
|-damage|p2a: Scizor|0 fnt
|-damage|p2b: Garganacl|86/100
|faint|p2a: Scizor
|cant|p2b: Garganacl|flinch
|
|-heal|p2b: Garganacl|92/100|[from] item: Leftovers
|upkeep
|
|t:|1757793949
|switch|p1a: Sneasler|Sneasler, L50, M|100/100
|turn|6
|
|t:|1757793957
|move|p1a: Sneasler|Close Combat|p2b: Garganacl
|-supereffective|p2b: Garganacl
|-damage|p2b: Garganacl|10/100
|-unboost|p1a: Sneasler|def|1
|-unboost|p1a: Sneasler|spd|1
|move|p1b: Arcanine|Howl|p1b: Arcanine|[spread] p1a,p1b
|-boost|p1a: Sneasler|atk|1
|-boost|p1b: Arcanine|atk|1
|move|p2b: Garganacl|Rock Slide|p1a: Sneasler|[spread] p1b
|-miss|p2b: Garganacl|p1a: Sneasler
|-supereffective|p1b: Arcanine
|-damage|p1b: Arcanine|20/100
|-enditem|p1b: Arcanine|Sitrus Berry|[eat]
|-heal|p1b: Arcanine|45/100|[from] item: Sitrus Berry
|
|-heal|p2b: Garganacl|15/100|[from] item: Leftovers
|upkeep
|turn|7
|
|t:|1757793975
|move|p1a: Sneasler|Close Combat|p2b: Garganacl
|-supereffective|p2b: Garganacl
|-damage|p2b: Garganacl|0 fnt
|-unboost|p1a: Sneasler|def|1
|-unboost|p1a: Sneasler|spd|1
|faint|p2b: Garganacl
|
|win|ThetaB
||ThetaB is ready for game 2.
||viatles is ready for game 2.
|uhtml|next|Next: Game 2 of 3
