|j|☆laseboya
|j|☆Olciax34
|html|laseboyaOlciax34    
|uhtml|bestof|Game 3 of a best-of-3
|t:|1785177404
|gametype|doubles
|player|p1|laseboya|idol|1142
|player|p2|Olciax34|clair|1315
|gen|9
|tier|[Gen 9 Champions] VGC 2026 Reg M-B (Bo3)
|rated|
|rule|Species Clause: Limit one of each Pokémon
|rule|Item Clause: Limit 1 of each item
|clearpoke
|poke|p1|Charizard, L50, M|
|poke|p1|Glimmora, L50, M|
|poke|p1|Kommo-o, L50, M|
|poke|p1|Kingambit, L50, M|
|poke|p1|Ninetales-Alola, L50, F|
|poke|p1|Whimsicott, L50, F|
|poke|p2|Incineroar, L50, F|
|poke|p2|Floette-Eternal, L50, F|
|poke|p2|Sinistcha, L50|
|poke|p2|Palafin, L50, M|
|poke|p2|Kingambit, L50, F|
|poke|p2|Raichu, L50, M|
|teampreview|4
|showteam|p1|Charizard||CharizarditeY|Blaze|WeatherBall,SolarBeam,HeatWave,Protect|Modest||M|||50|]Glimmora||Glimmoranite|ToxicDebris|SludgeBomb,PowerGem,EarthPower,SpikyShield|Modest||M|||50|]Kommo-o||LifeOrb|Overcoat|ClangingScales,VacuumWave,AuraSphere,Protect|Modest||M|||50|]Kingambit||BlackGlasses|Defiant|KowtowCleave,SuckerPunch,IronHead,Protect|Adamant||M|||50|]Ninetales-Alola||NeverMeltIce|SnowWarning|FreezeDry,Blizzard,Disable,Protect|Timid||F|||50|]Whimsicott||FocusSash|Prankster|Moonblast,Tailwind,Encore,Protect|Timid||F|||50|
|showteam|p2|Incineroar||SitrusBerry|Intimidate|FakeOut,ThroatChop,FlareBlitz,PartingShot|Careful||F|||50|]Floette-Eternal||Floettite|FlowerVeil|DazzlingGleam,DrainingKiss,CalmMind,Protect|Modest||F|||50|]Sinistcha||KasibBerry|Hospitality|MatchaGotcha,LifeDew,RagePowder,Protect|Calm|||||50|]Palafin||Leftovers|ZerotoHero|BulkUp,JetPunch,DrainPunch,Protect|Adamant||M|||50|]Kingambit||ChopleBerry|Defiant|KowtowCleave,SuckerPunch,IronHead,LowKick|Adamant||F|||50|]Raichu||RaichuniteY|LightningRod|FakeOut,ZapCannon,FocusBlast,Protect|Timid||M|||50|
|inactive|Battle timer is ON: inactive players will automatically lose when time's up. (requested by Olciax34)
|j| tedidn
|
|t:|1785177435
|teamsize|p1|4
|teamsize|p2|4
|start
|switch|p1a: Kommo-o|Kommo-o, L50, M|100/100
|switch|p1b: Whimsicott|Whimsicott, L50, F|100/100
|switch|p2a: Palafin|Palafin, L50, M|100/100
|switch|p2b: Incineroar|Incineroar, L50, F|100/100
|-ability|p2b: Incineroar|Intimidate|boost
|-unboost|p1a: Kommo-o|atk|1
|-unboost|p1b: Whimsicott|atk|1
|turn|1
|inactive|Olciax34 has 30 seconds left.
|inactive|Olciax34 has 20 seconds left.
|inactive|Olciax34 has 15 seconds left.
|
|t:|1785177478
|detailschange|p2a: Palafin|Palafin-Hero, L50, M
|switch|p2a: Kingambit|Kingambit, L50, F|100/100
|move|p2b: Incineroar|Fake Out|p1a: Kommo-o
|-damage|p1a: Kommo-o|88/100
|move|p1b: Whimsicott|Moonblast|p2a: Kingambit
|-damage|p2a: Kingambit|67/100
|cant|p1a: Kommo-o|flinch
|
|upkeep
|turn|2
|
|t:|1785177500
|move|p1b: Whimsicott|Moonblast|p2b: Incineroar
|-damage|p2b: Incineroar|71/100
|-unboost|p2b: Incineroar|spa|1
|move|p1a: Kommo-o|Aura Sphere|p2b: Incineroar
|-supereffective|p2b: Incineroar|1
|-damage|p2b: Incineroar|0 fnt
|faint|p2b: Incineroar
|-damage|p1a: Kommo-o|78/100|[from] item: Life Orb
|move|p2a: Kingambit|Iron Head|p1a: Kommo-o
|-damage|p1a: Kommo-o|32/100
|
|upkeep
|
|t:|1785177519
|switch|p2b: Palafin|Palafin-Hero, L50, M|100/100
|-activate|p2b: Palafin|ability: Zero to Hero
|turn|3
|
|t:|1785177529
|move|p2a: Kingambit|Sucker Punch|p1a: Kommo-o
|-resisted|p1a: Kommo-o|1
|-damage|p1a: Kommo-o|11/100
|move|p1b: Whimsicott|Moonblast|p2b: Palafin
|-damage|p2b: Palafin|69/100
|-unboost|p2b: Palafin|spa|1
|move|p1a: Kommo-o|Clanging Scales|p2b: Palafin|[spread] p2a,p2b
|-resisted|p2a: Kingambit|1
|-damage|p2a: Kingambit|41/100
|-damage|p2b: Palafin|27/100
|-unboost|p1a: Kommo-o|def|1
|-damage|p1a: Kommo-o|1/100|[from] item: Life Orb
|move|p2b: Palafin|Drain Punch|p1b: Whimsicott
|-resisted|p1b: Whimsicott|1
|-damage|p1b: Whimsicott|80/100
|-heal|p2b: Palafin|33/100|[from] drain|[of] p1b: Whimsicott
|
|-heal|p2b: Palafin|39/100|[from] item: Leftovers
|upkeep
|turn|4
|inactive|Olciax34 has 30 seconds left.
|
|t:|1785177555
|switch|p2a: Raichu|Raichu, L50, M|100/100
|move|p1a: Kommo-o|Vacuum Wave|p2b: Palafin
|-damage|p2b: Palafin|18/100
|-damage|p1a: Kommo-o|0 fnt|[from] item: Life Orb
|faint|p1a: Kommo-o
|move|p2b: Palafin|Jet Punch|p1b: Whimsicott
|-resisted|p1b: Whimsicott|1
|-damage|p1b: Whimsicott|55/100
|move|p1b: Whimsicott|Moonblast|p2b: Palafin
|-damage|p2b: Palafin|0 fnt
|faint|p2b: Palafin
|
|upkeep
|
|t:|1785177566
|switch|p1a: Charizard|Charizard, L50, M|100/100
|switch|p2b: Kingambit|Kingambit, L50, F|41/100
|turn|5
|
|t:|1785177574
|detailschange|p2a: Raichu|Raichu-Mega-Y, L50, M
|-mega|p2a: Raichu|Raichu|Raichunite Y
|move|p1b: Whimsicott|Protect|p1b: Whimsicott
|-singleturn|p1b: Whimsicott|Protect
|move|p1a: Charizard|Protect|p1a: Charizard
|-singleturn|p1a: Charizard|Protect
|move|p2a: Raichu|Zap Cannon|p1a: Charizard
|-activate|p1a: Charizard|move: Protect
|move|p2b: Kingambit|Iron Head|p1b: Whimsicott
|-activate|p1b: Whimsicott|move: Protect
|
|upkeep
|turn|6
|
|t:|1785177594
|detailschange|p1a: Charizard|Charizard-Mega-Y, L50, M
|-mega|p1a: Charizard|Charizard|Charizardite Y
|-weather|SunnyDay|[from] ability: Drought|[of] p1a: Charizard
|move|p1b: Whimsicott|Tailwind|p1b: Whimsicott
|-sidestart|p1: laseboya|move: Tailwind
|move|p1a: Charizard|Weather Ball|p2a: Raichu
|-damage|p2a: Raichu|0 fnt
|faint|p2a: Raichu
|move|p2b: Kingambit|Iron Head|p1b: Whimsicott
|-supereffective|p1b: Whimsicott|1
|-damage|p1b: Whimsicott|0 fnt
|faint|p1b: Whimsicott
|
|-weather|SunnyDay|[upkeep]
|upkeep
|
|t:|1785177598
|switch|p1b: Kingambit|Kingambit, L50, M|100/100
|turn|7
|
|t:|1785177607
|move|p1a: Charizard|Weather Ball|p2b: Kingambit
|-supereffective|p2b: Kingambit|1
|-damage|p2b: Kingambit|0 fnt
|faint|p2b: Kingambit
|
|win|laseboya
|raw|laseboya's rating: 1142 → 1179(+37 for winning)
|raw|Olciax34's rating: 1315 → 1286(-29 for losing)
