|j|☆MiCasa3112
|j|☆kenanyildiz10
|html|MiCasa3112kenanyildiz10    
|uhtml|bestof|Game 2 of a best-of-3
|t:|1785439375
|gametype|doubles
|player|p1|MiCasa3112|lucas|
|player|p2|kenanyildiz10|1|
|gen|9
|tier|[Gen 9 Champions] VGC 2026 Reg M-B (Bo3)
|rule|Species Clause: Limit one of each Pokémon
|rule|Item Clause: Limit 1 of each item
|clearpoke
|poke|p1|Archaludon, L50, M|
|poke|p1|Sableye, L50, M|
|poke|p1|Incineroar, L50, F|
|poke|p1|Basculegion-F, L50, F|
|poke|p1|Floette-Eternal, L50, F|
|poke|p1|Sinistcha, L50|
|poke|p2|Farigiraf, L50, F|
|poke|p2|Incineroar, L50, F|
|poke|p2|Floette-Eternal, L50, F|
|poke|p2|Kingambit, L50, F|
|poke|p2|Sinistcha, L50|
|poke|p2|Camerupt, L50, M|
|teampreview|4
|showteam|p1|Archaludon||Leftovers|Stamina|ElectroShot,FlashCannon,DragonPulse,Protect|Modest||M|||50|]Sableye||RoseliBerry|Prankster|WillOWisp,LightScreen,Quash,RainDance|Impish||M|||50|]Incineroar||ChopleBerry|Intimidate|FakeOut,FlareBlitz,CloseCombat,PartingShot|Adamant||F|||50|]Basculegion-F||FocusSash|SwiftSwim|MuddyWater,AquaJet,ShadowBall,IcyWind|Modest||F|||50|]Floette-Eternal||Floettite|FlowerVeil|DazzlingGleam,DrainingKiss,CalmMind,Protect|Modest||F|||50|]Sinistcha||ColburBerry|Hospitality|MatchaGotcha,RagePowder,TrickRoom,LifeDew|Bold|||||50|
|showteam|p2|Farigiraf||SitrusBerry|ArmorTail|Thunderbolt,TrickRoom,HelpingHand,Protect|Sassy||F|||50|]Incineroar||Charcoal|Intimidate|FakeOut,FlareBlitz,PartingShot,DarkestLariat|Adamant||F|||50|]Floette-Eternal||Floettite|FlowerVeil|DazzlingGleam,CalmMind,DrainingKiss,Protect|Modest||F|||50|]Kingambit||LifeOrb|Defiant|KowtowCleave,SuckerPunch,IronHead,Protect|Brave||F|||50|]Sinistcha||KasibBerry|Hospitality|MatchaGotcha,TrickRoom,RagePowder,LifeDew|Sassy|||||50|]Camerupt||Cameruptite|SolidRock|HeatWave,EarthPower,AncientPower,Protect|Quiet||M|||50|
|
|t:|1785439400
|teamsize|p1|4
|teamsize|p2|4
|start
|switch|p1a: Incineroar|Incineroar, L50, F|100/100
|switch|p1b: Floette|Floette-Eternal, L50, F|100/100
|switch|p2a: Camerupt|Camerupt, L50, M|100/100
|switch|p2b: Farigiraf|Farigiraf, L50, F|100/100
|-ability|p1a: Incineroar|Intimidate|boost
|-unboost|p2a: Camerupt|atk|1
|-unboost|p2b: Farigiraf|atk|1
|turn|1
|
|t:|1785439438
|detailschange|p1b: Floette|Floette-Mega, L50, F
|-mega|p1b: Floette|Floette|Floettite
|-ability|p1b: Floette|Fairy Aura
|detailschange|p2a: Camerupt|Camerupt-Mega, L50, M
|-mega|p2a: Camerupt|Camerupt|Cameruptite
|move|p1b: Floette|Calm Mind|p1b: Floette
|-boost|p1b: Floette|spa|1
|-boost|p1b: Floette|spd|1
|move|p1a: Incineroar|Parting Shot|p2a: Camerupt
|-unboost|p2a: Camerupt|atk|1
|-unboost|p2a: Camerupt|spa|1
|
|t:|1785439450
|switch|p1a: Sableye|Sableye, L50, M|100/100|[from] Parting Shot
|move|p2a: Camerupt|Earth Power|p1a: Sableye
|-damage|p1a: Sableye|40/100
|move|p2b: Farigiraf|Trick Room|p2b: Farigiraf
|-fieldstart|move: Trick Room|[of] p2b: Farigiraf
|
|upkeep
|turn|2
|
|t:|1785439480
|switch|p2b: Kingambit|Kingambit, L50, F|100/100
|move|p1a: Sableye|Light Screen|p1a: Sableye
|-sidestart|p1: MiCasa3112|move: Light Screen
|move|p2a: Camerupt|Earth Power|p1b: Floette
|-damage|p1b: Floette|84/100
|move|p1b: Floette|Dazzling Gleam|p2b: Kingambit|[spread] p2a,p2b
|-resisted|p2a: Camerupt|1
|-damage|p2a: Camerupt|61/100
|-damage|p2b: Kingambit|24/100
|
|upkeep
|turn|3
|
|t:|1785439508
|switch|p1a: Incineroar|Incineroar, L50, F|100/100
|-ability|p1a: Incineroar|Intimidate|boost
|-unboost|p2a: Camerupt|atk|1
|-unboost|p2b: Kingambit|atk|1
|-ability|p2b: Kingambit|Defiant|boost
|-boost|p2b: Kingambit|atk|2
|move|p1b: Floette|Protect|p1b: Floette
|-singleturn|p1b: Floette|Protect
|move|p2a: Camerupt|Heat Wave|p1b: Floette|[spread] p1a
|-activate|p1b: Floette|move: Protect
|-resisted|p1a: Incineroar|1
|-damage|p1a: Incineroar|89/100
|move|p2b: Kingambit|Iron Head|p1b: Floette
|-activate|p1b: Floette|move: Protect
|
|upkeep
|turn|4
|
|t:|1785439528
|switch|p2a: Farigiraf|Farigiraf, L50, F|100/100
|switch|p1b: Sableye|Sableye, L50, M|40/100
|move|p2b: Kingambit|Iron Head|p1b: Sableye
|-damage|p1b: Sableye|0 fnt
|faint|p1b: Sableye
|-damage|p2b: Kingambit|14/100|[from] item: Life Orb
|move|p1a: Incineroar|Flare Blitz|p2b: Kingambit
|-supereffective|p2b: Kingambit|1
|-damage|p2b: Kingambit|0 fnt
|faint|p2b: Kingambit
|-damage|p1a: Incineroar|84/100|[from] Recoil
|
|upkeep
|
|t:|1785439541
|switch|p2b: Camerupt|Camerupt-Mega, L50, M|61/100
|switch|p1b: Floette|Floette-Mega, L50, F|84/100
|-ability|p1b: Floette|Fairy Aura
|turn|5
|
|t:|1785439552
|move|p2a: Farigiraf|Helping Hand|p2b: Camerupt
|-singleturn|p2b: Camerupt|Helping Hand|[of] p2a: Farigiraf
|move|p2b: Camerupt|Earth Power|p1b: Floette
|-damage|p1b: Floette|29/100
|move|p1a: Incineroar|Parting Shot|p2b: Camerupt
|-unboost|p2b: Camerupt|atk|1
|-unboost|p2b: Camerupt|spa|1
|
|t:|1785439559
|switch|p1a: Sinistcha|Sinistcha, L50|100/100|[from] Parting Shot
|-heal|p1b: Floette|54/100|[from] ability: Hospitality|[of] p1a: Sinistcha
|move|p1b: Floette|Calm Mind|p1b: Floette
|-boost|p1b: Floette|spa|1
|-boost|p1b: Floette|spd|1
|
|-fieldend|move: Trick Room
|upkeep
|turn|6
|
|t:|1785439572
|move|p1b: Floette|Dazzling Gleam|p2b: Camerupt|[spread] p2a,p2b
|-resisted|p2b: Camerupt|1
|-damage|p2a: Farigiraf|45/100
|-damage|p2b: Camerupt|23/100
|-enditem|p2a: Farigiraf|Sitrus Berry|[eat]
|-heal|p2a: Farigiraf|70/100|[from] item: Sitrus Berry
|move|p1a: Sinistcha|Life Dew||[still]|[spread] p1a,p1b
|-fail|p1a: Sinistcha|heal
|-heal|p1b: Floette|79/100
|move|p2b: Camerupt|Heat Wave|p1a: Sinistcha|[spread] p1a,p1b
|-supereffective|p1a: Sinistcha|1
|-damage|p1a: Sinistcha|54/100
|-damage|p1b: Floette|67/100
|move|p2a: Farigiraf|Trick Room|p2a: Farigiraf
|-fieldstart|move: Trick Room|[of] p2a: Farigiraf
|
|-sideend|p1: MiCasa3112|move: Light Screen
|upkeep
|turn|7
|
|t:|1785439588
|switch|p2a: Sinistcha|Sinistcha, L50|100/100
|-heal|p2b: Camerupt|48/100|[from] ability: Hospitality|[of] p2a: Sinistcha
|switch|p1a: Incineroar|Incineroar, L50, F|84/100
|-ability|p1a: Incineroar|Intimidate|boost
|-unboost|p2a: Sinistcha|atk|1
|-unboost|p2b: Camerupt|atk|1
|move|p1b: Floette|Protect|p1b: Floette
|-singleturn|p1b: Floette|Protect
|move|p2b: Camerupt|Heat Wave|p1b: Floette|[spread] 
|-activate|p1b: Floette|move: Protect
|-miss|p2b: Camerupt|p1a: Incineroar
|
|upkeep
|turn|8
|
|t:|1785439606
|move|p1a: Incineroar|Fake Out|p2b: Camerupt
|-damage|p2b: Camerupt|35/100
|cant|p2b: Camerupt|flinch
|move|p2a: Sinistcha|Life Dew||[still]|[spread] p2a,p2b
|-fail|p2a: Sinistcha|heal
|-heal|p2b: Camerupt|60/100
|move|p1b: Floette|Dazzling Gleam|p2a: Sinistcha|[spread] p2a,p2b
|-resisted|p2b: Camerupt|1
|-damage|p2a: Sinistcha|24/100
|-damage|p2b: Camerupt|23/100
|
|upkeep
|turn|9
|
|t:|1785439620
|move|p2b: Camerupt|Earth Power|p1a: Incineroar
|-supereffective|p1a: Incineroar|1
|-damage|p1a: Incineroar|8/100
|move|p1a: Incineroar|Parting Shot|p2b: Camerupt
|-unboost|p2b: Camerupt|atk|1
|-unboost|p2b: Camerupt|spa|1
|
|t:|1785439626
|switch|p1a: Sinistcha|Sinistcha, L50|54/100|[from] Parting Shot
|-heal|p1b: Floette|92/100|[from] ability: Hospitality|[of] p1a: Sinistcha
|move|p2a: Sinistcha|Life Dew|p2a: Sinistcha|[spread] p2a,p2b
|-heal|p2a: Sinistcha|49/100
|-heal|p2b: Camerupt|48/100
|move|p1b: Floette|Dazzling Gleam|p2b: Camerupt|[spread] p2a,p2b
|-resisted|p2b: Camerupt|1
|-damage|p2a: Sinistcha|0 fnt
|-damage|p2b: Camerupt|8/100
|faint|p2a: Sinistcha
|
|upkeep
|
|t:|1785439638
|switch|p2a: Farigiraf|Farigiraf, L50, F|70/100
|turn|10
|c|☆kenanyildiz10|GG
|
|t:|1785439651
|switch|p1a: Incineroar|Incineroar, L50, F|8/100
|-ability|p1a: Incineroar|Intimidate|boost
|-unboost|p2a: Farigiraf|atk|1
|-unboost|p2b: Camerupt|atk|1
|move|p2b: Camerupt|Heat Wave|p1b: Floette|[spread] p1a,p1b
|-resisted|p1a: Incineroar|1
|-damage|p1a: Incineroar|0 fnt
|-damage|p1b: Floette|76/100
|faint|p1a: Incineroar
|move|p2a: Farigiraf|Thunderbolt|p1b: Floette
|-damage|p1b: Floette|65/100
|move|p1b: Floette|Dazzling Gleam|p2a: Farigiraf|[spread] p2a,p2b
|-resisted|p2b: Camerupt|1
|-damage|p2a: Farigiraf|5/100
|-damage|p2b: Camerupt|0 fnt
|faint|p2b: Camerupt
|
|-fieldend|move: Trick Room
|upkeep
|
|t:|1785439663
|switch|p1a: Sinistcha|Sinistcha, L50|54/100
|-heal|p1b: Floette|90/100|[from] ability: Hospitality|[of] p1a: Sinistcha
|turn|11
|
|t:|1785439672
|move|p1b: Floette|Dazzling Gleam|p2a: Farigiraf
|-damage|p2a: Farigiraf|0 fnt
|faint|p2a: Farigiraf
|
|win|MiCasa3112
