|j|☆theboyparris
|j|☆natsukivgc
|html|theboyparrisnatsukivgc    
|uhtml|bestof|Game 2 of a best-of-3
|t:|1785421217
|gametype|doubles
|player|p1|theboyparris|policeman|1067
|player|p2|natsukivgc|265|1144
|gen|9
|tier|[Gen 9 Champions] VGC 2026 Reg M-B (Bo3)
|rated|
|rule|Species Clause: Limit one of each Pokémon
|rule|Item Clause: Limit 1 of each item
|clearpoke
|poke|p1|Metagross, L50|
|poke|p1|Ceruledge, L50, M|
|poke|p1|Kommo-o, L50, F|
|poke|p1|Milotic, L50, F|
|poke|p1|Serperior, L50, M|
|poke|p1|Weavile, L50, F|
|poke|p2|Charizard, L50, M|
|poke|p2|Sneasler, L50, F|
|poke|p2|Kingambit, L50, M|
|poke|p2|Dragonite, L50, F|
|poke|p2|Floette-Eternal, L50, F|
|poke|p2|Whimsicott, L50, F|
|teampreview|4
|showteam|p1|Metagross||Metagrossite|ClearBody|HardPress,PsychicFangs,BodyPress,Protect|Jolly|||||50|]Ceruledge||LifeOrb|FlashFire|BitterBlade,ShadowSneak,BulkUp,Protect|Adamant||M|||50|]Kommo-o||DragonFang|Bulletproof|ClangingScales,Flamethrower,ClangorousSoul,Protect|Timid||F|||50|]Milotic||ZoomLens|Competitive|MuddyWater,Hypnosis,LifeDew,Coil|Sassy||F|||50|]Serperior||WideLens|Contrary|LeafStorm,LightScreen,Reflect,Glare|Timid||M|||50|]Weavile||FocusSash|Pickpocket|KnockOff,IceSpinner,LowKick,FakeOut|Jolly||F|||50|
|showteam|p2|Charizard||CharizarditeY|Blaze|HeatWave,SolarBeam,WeatherBall,Protect|Modest||M|||50|]Sneasler||WhiteHerb|Unburden|CloseCombat,DireClaw,FakeOut,Coaching|Jolly||F|||50|]Kingambit||BlackGlasses|Defiant|KowtowCleave,SuckerPunch,SwordsDance,Protect|Adamant||M|||50|]Dragonite||LifeOrb|InnerFocus|DragonClaw,LowKick,ExtremeSpeed,Protect|Adamant||F|||50|]Floette-Eternal||Floettite|FlowerVeil|Moonblast,DazzlingGleam,LightofRuin,Protect|Modest||F|||50|]Whimsicott||FocusSash|Prankster|Moonblast,Tailwind,Encore,Protect|Timid||F|||50|
|inactive|Battle timer is ON: inactive players will automatically lose when time's up. (requested by theboyparris)
|
|t:|1785421233
|teamsize|p1|4
|teamsize|p2|4
|start
|switch|p1a: Metagross|Metagross, L50|100/100
|switch|p1b: Ceruledge|Ceruledge, L50, M|100/100
|switch|p2a: Whimsicott|Whimsicott, L50, F|100/100
|switch|p2b: Floette|Floette-Eternal, L50, F|100/100
|turn|1
|
|t:|1785421257
|switch|p2b: Dragonite|Dragonite, L50, F|100/100
|detailschange|p1a: Metagross|Metagross-Mega, L50
|-mega|p1a: Metagross|Metagross|Metagrossite
|move|p2a: Whimsicott|Protect|p2a: Whimsicott
|-singleturn|p2a: Whimsicott|Protect
|move|p1a: Metagross|Hard Press|p2b: Dragonite
|-damage|p2b: Dragonite|39/100
|move|p1b: Ceruledge|Bitter Blade|p2a: Whimsicott
|-activate|p2a: Whimsicott|move: Protect
|
|upkeep
|turn|2
|inactive|theboyparris has 30 seconds left.
|
|t:|1785421284
|move|p2a: Whimsicott|Tailwind|p2a: Whimsicott
|-sidestart|p2: natsukivgc|move: Tailwind
|move|p2b: Dragonite|Dragon Claw|p1b: Ceruledge
|-crit|p1b: Ceruledge
|-damage|p1b: Ceruledge|9/100
|-damage|p2b: Dragonite|29/100|[from] item: Life Orb
|move|p1a: Metagross|Psychic Fangs|p2b: Dragonite
|-damage|p2b: Dragonite|0 fnt
|faint|p2b: Dragonite
|move|p1b: Ceruledge|Bitter Blade|p2a: Whimsicott
|-supereffective|p2a: Whimsicott|1
|-enditem|p2a: Whimsicott|Focus Sash
|-damage|p2a: Whimsicott|1/100
|-heal|p1b: Ceruledge|46/100|[from] drain|[of] p2a: Whimsicott
|-damage|p1b: Ceruledge|37/100|[from] item: Life Orb
|
|upkeep
|
|t:|1785421300
|switch|p2b: Floette|Floette-Eternal, L50, F|100/100
|turn|3
|
|t:|1785421316
|detailschange|p2b: Floette|Floette-Mega, L50, F
|-mega|p2b: Floette|Floette|Floettite
|-ability|p2b: Floette|Fairy Aura
|move|p2a: Whimsicott|Encore|p1a: Metagross
|-start|p1a: Metagross|Encore
|move|p1b: Ceruledge|Shadow Sneak|p2a: Whimsicott
|-damage|p2a: Whimsicott|0 fnt
|faint|p2a: Whimsicott
|-damage|p1b: Ceruledge|27/100|[from] item: Life Orb
|move|p2b: Floette|Dazzling Gleam|p1a: Metagross|[spread] p1a,p1b
|-resisted|p1a: Metagross|1
|-resisted|p1b: Ceruledge|1
|-damage|p1a: Metagross|76/100
|-damage|p1b: Ceruledge|2/100
|move|p1a: Metagross|Psychic Fangs|p2b: Floette
|-damage|p2b: Floette|34/100
|
|upkeep
|
|t:|1785421330
|switch|p2a: Kingambit|Kingambit, L50, M|100/100
|turn|4
|
|t:|1785421343
|switch|p1a: Milotic|Milotic, L50, F|100/100
|move|p2a: Kingambit|Sucker Punch||[still]
|-fail|p2a: Kingambit
|move|p1b: Ceruledge|Shadow Sneak|p2b: Floette
|-damage|p2b: Floette|1/100
|-damage|p1b: Ceruledge|0 fnt|[from] item: Life Orb
|faint|p1b: Ceruledge
|move|p2b: Floette|Dazzling Gleam|p1a: Milotic
|-damage|p1a: Milotic|56/100
|
|upkeep
|
|t:|1785421352
|switch|p1b: Weavile|Weavile, L50, F|100/100
|turn|5
|
|t:|1785421370
|move|p2b: Floette|Protect|p2b: Floette
|-singleturn|p2b: Floette|Protect
|move|p2a: Kingambit|Protect|p2a: Kingambit
|-singleturn|p2a: Kingambit|Protect
|move|p1b: Weavile|Fake Out|p2b: Floette
|-activate|p2b: Floette|move: Protect
|move|p1a: Milotic|Hypnosis|p2a: Kingambit
|-activate|p2a: Kingambit|move: Protect
|
|-sideend|p2: natsukivgc|move: Tailwind
|upkeep
|turn|6
|
|t:|1785421387
|move|p1b: Weavile|Low Kick|p2a: Kingambit
|-supereffective|p2a: Kingambit|2
|-damage|p2a: Kingambit|11/100
|move|p2b: Floette|Dazzling Gleam|p1b: Weavile|[spread] p1a,p1b
|-supereffective|p1b: Weavile|1
|-damage|p1a: Milotic|23/100
|-enditem|p1b: Weavile|Focus Sash
|-damage|p1b: Weavile|1/100
|move|p1a: Milotic|Muddy Water|p2b: Floette|[spread] p2a,p2b
|-damage|p2a: Kingambit|0 fnt
|-damage|p2b: Floette|0 fnt
|faint|p2a: Kingambit
|faint|p2b: Floette
|
|win|theboyparris
|raw|theboyparris's rating: 1067 → 1103(+36 for winning)
|raw|natsukivgc's rating: 1144 → 1114(-30 for losing)
