|j|☆ryoshino19
|j|☆no_dupes
|html|ryoshino19no_dupes    
|uhtml|bestof|Game 1 of a best-of-3
|t:|1756255703
|gametype|doubles
|player|p1|ryoshino19|1|1311
|player|p2|no_dupes|brock-gen2|1297
|gen|9
|tier|[Gen 9] VGC 2025 Reg H (Bo3)
|rated|
|rule|Species Clause: Limit one of each Pokémon
|rule|Item Clause: Limit 1 of each item
|clearpoke
|poke|p1|Gholdengo, L50|
|poke|p1|Rillaboom, L50, F|
|poke|p1|Incineroar, L50, F|
|poke|p1|Porygon2, L50|
|poke|p1|Garchomp, L50, M|
|poke|p1|Clefable, L50, M|
|poke|p2|Sneasler, L50, M|
|poke|p2|Indeedee, L50, M|
|poke|p2|Volcarona, L50, M|
|poke|p2|Ursaluna-Bloodmoon, L50, M|
|poke|p2|Annihilape, L50, M|
|poke|p2|Tyranitar, L50, M|
|teampreview|4
|showteam|p1|Gholdengo||Leftovers|GoodasGold|MakeItRain,ShadowBall,NastyPlot,Protect||||||50|,,,,,Water]Rillaboom||AssaultVest|GrassySurge|WoodHammer,GrassyGlide,Uturn,FakeOut|||F|||50|,,,,,Fire]Incineroar||SafetyGoggles|Intimidate|FlareBlitz,KnockOff,PartingShot,FakeOut|||F|||50|,,,,,Ghost]Porygon2||Eviolite|Download|TeraBlast,IceBeam,Recover,TrickRoom||||||50|,,,,,Fighting]Garchomp||LifeOrb|RoughSkin|StompingTantrum,DragonClaw,RockSlide,Protect|||M|||50|,,,,,Fairy]Clefable||RockyHelmet|Unaware|Moonblast,FollowMe,Encore,Protect|||M|||50|,,,,,Ground
|showteam|p2|Sneasler||PsychicSeed|Unburden|CloseCombat,DireClaw,ThroatChop,Protect|||M|||50|,,,,,Dark]Indeedee||ChoiceScarf|PsychicSurge|ExpandingForce,TeraBlast,Trick,Protect|||M|||50|,,,,,Psychic]Volcarona||SitrusBerry|FlameBody|Overheat,StruggleBug,RagePowder,Tailwind|||M|||50|,,,,,Grass]Ursaluna-Bloodmoon||LifeOrb|MindsEye|BloodMoon,HyperVoice,EarthPower,Protect|||M|||50|,,,,,Normal]Annihilape||SafetyGoggles|Defiant|CloseCombat,RageFist,Taunt,FinalGambit|||M|||50|,,,,,Fairy]Tyranitar||AssaultVest|SandStream|RockSlide,KnockOff,TeraBlast,LowKick|||M|||50|,,,,,Flying
|inactive|Battle timer is ON: inactive players will automatically lose when time's up. (requested by ryoshino19)
|j| teamthief420
|inactive|no_dupes has 60 seconds left.
|
|t:|1756255753
|teamsize|p1|4
|teamsize|p2|4
|start
|switch|p1a: Gholdengo|Gholdengo, L50|100/100
|switch|p1b: Clefable|Clefable, L50, M|100/100
|switch|p2a: Volcarona|Volcarona, L50, M, shiny|100/100
|switch|p2b: Ursaluna|Ursaluna-Bloodmoon, L50, M|100/100
|turn|1
|
|t:|1756255768
|-terastallize|p1a: Gholdengo|Water
|-terastallize|p2b: Ursaluna|Normal
|move|p2a: Volcarona|Struggle Bug|p1a: Gholdengo|[spread] p1a,p1b
|-resisted|p1b: Clefable
|-damage|p1a: Gholdengo|85/100
|-damage|p1b: Clefable|94/100
|-unboost|p1a: Gholdengo|spa|1
|-unboost|p1b: Clefable|spa|1
|move|p1a: Gholdengo|Nasty Plot|p1a: Gholdengo
|-boost|p1a: Gholdengo|spa|2
|move|p2b: Ursaluna|Blood Moon|p1b: Clefable
|-damage|p1b: Clefable|0 fnt
|faint|p1b: Clefable
|-damage|p2b: Ursaluna|91/100|[from] item: Life Orb
|
|-heal|p1a: Gholdengo|91/100|[from] item: Leftovers
|upkeep
|
|t:|1756255781
|switch|p1b: Incineroar|Incineroar, L50, F, shiny|100/100
|-ability|p1b: Incineroar|Intimidate|boost
|-unboost|p2a: Volcarona|atk|1
|-unboost|p2b: Ursaluna|atk|1
|turn|2
|
|t:|1756255791
|move|p2b: Ursaluna|Protect|p2b: Ursaluna
|-singleturn|p2b: Ursaluna|Protect
|move|p1b: Incineroar|Fake Out|p2a: Volcarona
|-damage|p2a: Volcarona|88/100
|cant|p2a: Volcarona|flinch
|move|p1a: Gholdengo|Nasty Plot|p1a: Gholdengo
|-boost|p1a: Gholdengo|spa|2
|
|-heal|p1a: Gholdengo|97/100|[from] item: Leftovers
|upkeep
|turn|3
|
|t:|1756255807
|move|p1a: Gholdengo|Protect|p1a: Gholdengo
|-singleturn|p1a: Gholdengo|Protect
|move|p2a: Volcarona|Tailwind|p2a: Volcarona
|-sidestart|p2: no_dupes|move: Tailwind
|move|p2b: Ursaluna|Hyper Voice|p1b: Incineroar|[spread] p1b
|-activate|p1a: Gholdengo|move: Protect
|-damage|p1b: Incineroar|43/100
|-damage|p2b: Ursaluna|81/100|[from] item: Life Orb
|move|p1b: Incineroar|Parting Shot|p2b: Ursaluna
|-unboost|p2b: Ursaluna|atk|1
|-unboost|p2b: Ursaluna|spa|1
|
|t:|1756255814
|switch|p1b: Rillaboom|Rillaboom, L50, F, shiny|100/100|[from] Parting Shot
|-fieldstart|move: Grassy Terrain|[from] ability: Grassy Surge|[of] p1b: Rillaboom
|
|-heal|p2a: Volcarona|94/100|[from] Grassy Terrain
|-heal|p2b: Ursaluna|87/100|[from] Grassy Terrain
|-heal|p1a: Gholdengo|100/100|[from] Grassy Terrain
|upkeep
|turn|4
|
|t:|1756255824
|switch|p2b: Alfred|Indeedee, L50, M|100/100
|-fieldstart|move: Psychic Terrain|[from] ability: Psychic Surge|[of] p2b: Alfred
|move|p1b: Rillaboom|Fake Out|p2a: Volcarona
|-activate|p2a: Volcarona|move: Psychic Terrain
|move|p2a: Volcarona|Overheat|p1b: Rillaboom
|-supereffective|p1b: Rillaboom
|-damage|p1b: Rillaboom|24/100
|-unboost|p2a: Volcarona|spa|2
|move|p1a: Gholdengo|Make It Rain|p2b: Alfred|[spread] p2a,p2b
|-resisted|p2a: Volcarona
|-damage|p2a: Volcarona|41/100
|-damage|p2b: Alfred|0 fnt
|-unboost|p1a: Gholdengo|spa|1
|-enditem|p2a: Volcarona|Sitrus Berry|[eat]
|-heal|p2a: Volcarona|66/100|[from] item: Sitrus Berry
|faint|p2b: Alfred
|
|upkeep
|
|t:|1756255827
|switch|p2b: Ursaluna|Ursaluna-Bloodmoon, L50, M, tera:Normal|87/100
|turn|5
|
|t:|1756255836
|switch|p2a: Sneasler|Sneasler, L50, M, shiny|100/100
|-enditem|p2a: Sneasler|Psychic Seed
|-boost|p2a: Sneasler|spd|1|[from] item: Psychic Seed
|switch|p1b: Incineroar|Incineroar, L50, F, shiny|43/100
|-ability|p1b: Incineroar|Intimidate|boost
|-unboost|p2a: Sneasler|atk|1
|-unboost|p2b: Ursaluna|atk|1
|move|p1a: Gholdengo|Protect|p1a: Gholdengo
|-singleturn|p1a: Gholdengo|Protect
|move|p2b: Ursaluna|Hyper Voice|p1b: Incineroar|[spread] p1b
|-activate|p1a: Gholdengo|move: Protect
|-damage|p1b: Incineroar|0 fnt
|faint|p1b: Incineroar
|-damage|p2b: Ursaluna|78/100|[from] item: Life Orb
|
|upkeep
|
|t:|1756255843
|switch|p1b: Rillaboom|Rillaboom, L50, F, shiny|24/100
|-fieldstart|move: Grassy Terrain|[from] ability: Grassy Surge|[of] p1b: Rillaboom
|turn|6
|
|t:|1756255858
|move|p2b: Ursaluna|Protect|p2b: Ursaluna
|-singleturn|p2b: Ursaluna|Protect
|move|p1b: Rillaboom|Fake Out|p2b: Ursaluna
|-activate|p2b: Ursaluna|move: Protect
|move|p2a: Sneasler|Dire Claw|p1b: Rillaboom
|-supereffective|p1b: Rillaboom
|-damage|p1b: Rillaboom|0 fnt
|faint|p1b: Rillaboom
|move|p1a: Gholdengo|Make It Rain|p2a: Sneasler|[spread] p2a
|-activate|p2b: Ursaluna|move: Protect
|-damage|p2a: Sneasler|15/100
|-unboost|p1a: Gholdengo|spa|1
|
|-heal|p2a: Sneasler|21/100|[from] Grassy Terrain
|-heal|p2b: Ursaluna|84/100|[from] Grassy Terrain
|-sideend|p2: no_dupes|move: Tailwind
|upkeep
|turn|7
|
|t:|1756255865
|switch|p2b: Volcarona|Volcarona, L50, M, shiny|66/100
|move|p2a: Sneasler|Close Combat|p1a: Gholdengo
|-damage|p1a: Gholdengo|54/100
|-unboost|p2a: Sneasler|def|1
|-unboost|p2a: Sneasler|spd|1
|move|p1a: Gholdengo|Make It Rain|p2b: Volcarona|[spread] p2a,p2b
|-resisted|p2b: Volcarona
|-damage|p2a: Sneasler|0 fnt
|-damage|p2b: Volcarona|33/100
|-unboost|p1a: Gholdengo|spa|1
|faint|p2a: Sneasler
|
|-heal|p2b: Volcarona|39/100|[from] Grassy Terrain
|-heal|p1a: Gholdengo|61/100|[from] Grassy Terrain
|-heal|p1a: Gholdengo|67/100|[from] item: Leftovers
|upkeep
|
|t:|1756255866
|switch|p2a: Ursaluna|Ursaluna-Bloodmoon, L50, M, tera:Normal|84/100
|turn|8
|
|t:|1756255874
|move|p2b: Volcarona|Tailwind|p2b: Volcarona
|-sidestart|p2: no_dupes|move: Tailwind
|move|p2a: Ursaluna|Blood Moon|p1a: Gholdengo
|-damage|p1a: Gholdengo|0 fnt
|faint|p1a: Gholdengo
|-damage|p2a: Ursaluna|74/100|[from] item: Life Orb
|
|win|no_dupes
