|j|☆ur1ryanpowney
|j|☆GetaJobApplication
|html|ur1ryanpowneyGetaJobApplication    
|uhtml|bestof|Game 1 of a best-of-3
|t:|1757101421
|gametype|doubles
|player|p1|ur1ryanpowney|nate|
|player|p2|GetaJobApplication|cynthia-gen4|
|gen|9
|tier|[Gen 9] VGC 2025 Reg H (Bo3)
|rule|Species Clause: Limit one of each Pokémon
|rule|Item Clause: Limit 1 of each item
|clearpoke
|poke|p1|Excadrill, L50, M|
|poke|p1|Tyranitar, L50, F|
|poke|p1|Sneasler, L50, F|
|poke|p1|Indeedee, L50, M|
|poke|p1|Corviknight, L50, F|
|poke|p1|Annihilape, L50, M|
|poke|p2|Rillaboom, L50, F|
|poke|p2|Magmar, L50, F|
|poke|p2|Kingambit, L50, F|
|poke|p2|Ninetales-Alola, L50, M|
|poke|p2|Basculegion, L50, M|
|poke|p2|Sneasler, L50, M|
|teampreview|4
|showteam|p1|Excadrill||FocusSash|SandRush|IronHead,HighHorsepower,Earthquake,Protect|||M|||50|,,,,,Stellar]Tyranitar||AssaultVest|SandStream|RockSlide,KnockOff,TeraBlast,LowKick|||F|||50|,,,,,Flying]Sneasler||PsychicSeed|Unburden|DireClaw,CloseCombat,ThroatChop,Protect|||F|||50|,,,,,Dark]Indeedee||ChoiceScarf|PsychicSurge|ExpandingForce,TeraBlast,Protect,Trick|||M|||50|,,,,,Psychic]Corviknight||Leftovers|MirrorArmor|BraveBird,BulkUp,Roost,Tailwind|||F|||50|,,,,,Dragon]Annihilape||SafetyGoggles|Defiant|CloseCombat,FinalGambit,RageFist,Taunt|||M|||50|,,,,,Water
|showteam|p2|Rillaboom||AssaultVest|GrassySurge|DrumBeating,GrassyGlide,FakeOut,Uturn|||F|||50|,,,,,Ghost]Magmar||Eviolite|VitalSpirit|Overheat,FollowMe,Taunt,Protect|||F|||50|,,,,,Ghost]Kingambit||BlackGlasses|Defiant|KowtowCleave,SuckerPunch,SwordsDance,Protect|||F|||50|,,,,,Fire]Ninetales-Alola||LifeOrb|SnowWarning|Blizzard,FreezeDry,Encore,Protect|||M|||50|,,,,,Ghost]Basculegion||ChoiceScarf|Adaptability|WaveCrash,LastRespects,FlipTurn,TeraBlast|||M|||50|,,,,,Fighting]Sneasler||FocusSash|PoisonTouch|CloseCombat,DireClaw,FakeOut,Protect|||M|||50|,,,,,Ghost
|c|☆GetaJobApplication|psy lead is what im struggling into
|
|t:|1757101475
|teamsize|p1|4
|teamsize|p2|4
|start
|switch|p1a: Sneasler|Sneasler, L50, F, shiny|100/100
|switch|p1b: Indeedee|Indeedee, L50, M, shiny|100/100
|switch|p2a: Basculegion|Basculegion, L50, M|100/100
|switch|p2b: Magmar|Magmar, L50, F|100/100
|-fieldstart|move: Psychic Terrain|[from] ability: Psychic Surge|[of] p1b: Indeedee
|-enditem|p1a: Sneasler|Psychic Seed
|-boost|p1a: Sneasler|spd|1|[from] item: Psychic Seed
|turn|1
|inactive|Battle timer is ON: inactive players will automatically lose when time's up. (requested by GetaJobApplication)
|
|t:|1757101560
|-terastallize|p1b: Indeedee|Psychic
|move|p2b: Magmar|Follow Me|p2b: Magmar
|-singleturn|p2b: Magmar|move: Follow Me
|move|p1a: Sneasler|Throat Chop|p2b: Magmar
|-damage|p2b: Magmar|76/100
|-start|p2b: Magmar|Throat Chop|[silent]
|move|p1b: Indeedee|Expanding Force|p2a: Basculegion|[spread] p2a,p2b
|-crit|p2b: Magmar
|-damage|p2a: Basculegion|14/100
|-damage|p2b: Magmar|0 fnt
|faint|p2b: Magmar
|move|p2a: Basculegion|Wave Crash|p1b: Indeedee
|-damage|p1b: Indeedee|0 fnt
|faint|p1b: Indeedee
|-damage|p2a: Basculegion|0 fnt|[from] Recoil
|faint|p2a: Basculegion
|
|upkeep
|
|t:|1757101580
|switch|p1b: Annihilape|Annihilape, L50, M|100/100
|switch|p2a: Kingambit|Kingambit, L50, F|100/100
|switch|p2b: Rillaboom|Rillaboom, L50, F|100/100
|-fieldstart|move: Grassy Terrain|[from] ability: Grassy Surge|[of] p2b: Rillaboom
|turn|2
|inactive|ur1ryanpowney has 30 seconds left.
|
|t:|1757101611
|-terastallize|p2a: Kingambit|Fire
|move|p2b: Rillaboom|Fake Out|p1a: Sneasler
|-damage|p1a: Sneasler|75/100
|move|p2a: Kingambit|Sucker Punch|p1b: Annihilape
|-damage|p1b: Annihilape|50/100
|cant|p1a: Sneasler|flinch
|move|p1b: Annihilape|Close Combat|p2a: Kingambit
|-damage|p2a: Kingambit|61/100
|-unboost|p1b: Annihilape|def|1
|-unboost|p1b: Annihilape|spd|1
|
|-heal|p1a: Sneasler|80/100|[from] Grassy Terrain
|-heal|p1b: Annihilape|56/100|[from] Grassy Terrain
|-heal|p2a: Kingambit|67/100|[from] Grassy Terrain
|upkeep
|turn|3
|inactive|ur1ryanpowney has 30 seconds left.
|inactive|ur1ryanpowney has 20 seconds left.
|
|t:|1757101651
|switch|p1b: Tyranitar|Tyranitar, L50, F, shiny|100/100
|-weather|Sandstorm|[from] ability: Sand Stream|[of] p1b: Tyranitar
|move|p2a: Kingambit|Sucker Punch||[still]
|-fail|p2a: Kingambit
|move|p1a: Sneasler|Dire Claw|p2b: Rillaboom
|-supereffective|p2b: Rillaboom
|-damage|p2b: Rillaboom|7/100
|-status|p2b: Rillaboom|psn
|move|p2b: Rillaboom|Drum Beating|p1a: Sneasler
|-resisted|p1a: Sneasler
|-damage|p1a: Sneasler|37/100
|-unboost|p1a: Sneasler|spe|1
|
|-weather|Sandstorm|[upkeep]
|-damage|p1a: Sneasler|31/100|[from] Sandstorm
|-damage|p2b: Rillaboom|0 fnt|[from] Sandstorm
|-damage|p2a: Kingambit|61/100|[from] Sandstorm
|faint|p2b: Rillaboom
|-heal|p1a: Sneasler|37/100|[from] Grassy Terrain
|-heal|p2a: Kingambit|67/100|[from] Grassy Terrain
|upkeep
|turn|4
|inactive|ur1ryanpowney has 30 seconds left.
|
|t:|1757101678
|move|p2a: Kingambit|Sucker Punch|p1a: Sneasler
|-resisted|p1a: Sneasler
|-damage|p1a: Sneasler|0 fnt
|faint|p1a: Sneasler
|move|p1b: Tyranitar|Knock Off|p2a: Kingambit
|-damage|p2a: Kingambit|23/100
|-enditem|p2a: Kingambit|Black Glasses|[from] move: Knock Off|[of] p1b: Tyranitar
|
|-weather|Sandstorm|[upkeep]
|-damage|p2a: Kingambit|17/100|[from] Sandstorm
|-heal|p2a: Kingambit|23/100|[from] Grassy Terrain
|upkeep
|
|t:|1757101687
|switch|p1a: Annihilape|Annihilape, L50, M|56/100
|turn|5
|
|t:|1757101703
|move|p2a: Kingambit|Sucker Punch|p1a: Annihilape
|-crit|p1a: Annihilape
|-damage|p1a: Annihilape|0 fnt
|faint|p1a: Annihilape
|move|p1b: Tyranitar|Rock Slide|p2a: Kingambit
|-supereffective|p2a: Kingambit
|-damage|p2a: Kingambit|0 fnt
|faint|p2a: Kingambit
|
|win|ur1ryanpowney
||GetaJobApplication is ready for game 2.
||ur1ryanpowney is ready for game 2.
|uhtml|next|Next: Game 2 of 3
