|j|☆HTR KD
|j|☆klaushima
|html|HTR KDklaushima    
|uhtml|bestof|Game 3 of a best-of-3
|t:|1757159587
|gametype|doubles
|player|p1|HTR KD|hilda|1031
|player|p2|klaushima|alder|1000
|gen|9
|tier|[Gen 9] VGC 2025 Reg H (Bo3)
|rated|
|rule|Species Clause: Limit one of each Pokémon
|rule|Item Clause: Limit 1 of each item
|clearpoke
|poke|p1|Indeedee-F, L50, F|
|poke|p1|Farigiraf, L50, M|
|poke|p1|Torkoal, L50, M|
|poke|p1|Hatterene, L50, F|
|poke|p1|Incineroar, L50, M|
|poke|p1|Lilligant-Hisui, L50, F|
|poke|p2|Electabuzz, L50, F|
|poke|p2|Gholdengo, L50|
|poke|p2|Rillaboom, L50, M|
|poke|p2|Sneasler, L50, F|
|poke|p2|Dragonite, L50, M|
|poke|p2|Volcarona, L50, M|
|teampreview|4
|showteam|p1|Indeedee-F||PsychicSeed|PsychicSurge|Psychic,HelpingHand,FollowMe,TrickRoom|||F|||50|,,,,,Grass]Farigiraf||ThroatSpray|ArmorTail|Protect,ExpandingForce,HyperVoice,TrickRoom|||M|||50|,,,,,Dragon]Torkoal||Charcoal|Drought|Eruption,WeatherBall,ClearSmog,EarthPower|||M|||50|,,,,,Fire]Hatterene||LifeOrb|MagicBounce|ExpandingForce,DazzlingGleam,TrickRoom,Protect|||F|||50|,,,,,Water]Incineroar||ClearAmulet|Intimidate|FakeOut,KnockOff,CloseCombat,FlareBlitz|||M|||50|,,,,,Fire]Lilligant-Hisui||FocusSash|Chlorophyll|SolarBlade,CloseCombat,SleepPowder,AfterYou|||F|||50|,,,,,Ghost
|showteam|p2|Electabuzz||Eviolite|VitalSpirit|Thunderbolt,Taunt,FollowMe,Protect|||F|||50|,,,,,Dragon]Gholdengo||MetalCoat|GoodasGold|MakeItRain,ShadowBall,NastyPlot,Protect||||||50|,,,,,Water]Rillaboom||AssaultVest|GrassySurge|WoodHammer,GrassyGlide,HighHorsepower,FakeOut|||M|||50|,,,,,Fire]Sneasler||FocusSash|Unburden|CloseCombat,DireClaw,Coaching,FakeOut|||F|||50|,,,,,Ghost]Dragonite||LoadedDice|Multiscale|ScaleShot,Tailwind,Haze,Protect|||M|||50|,,,,,Fairy]Volcarona||Leftovers|FlameBody|Flamethrower,TeraBlast,QuiverDance,Protect|||M|||50|,,,,,Fairy
|inactive|Battle timer is ON: inactive players will automatically lose when time's up. (requested by klaushima)
|inactive|klaushima has 60 seconds left.
|
|t:|1757159640
|teamsize|p1|4
|teamsize|p2|4
|start
|switch|p1a: Farigiraf|Farigiraf, L50, M|100/100
|switch|p1b: Incineroar|Incineroar, L50, M|100/100
|switch|p2a: Gholdengo|Gholdengo, L50|100/100
|switch|p2b: Electabuzz|Electabuzz, L50, F|100/100
|-ability|p1b: Incineroar|Intimidate|boost
|-unboost|p2a: Gholdengo|atk|1
|-unboost|p2b: Electabuzz|atk|1
|turn|1
|inactive|klaushima has 30 seconds left.
|
|t:|1757159674
|switch|p1a: Hatterene|Hatterene, L50, F|100/100
|-terastallize|p1b: Incineroar|Fire
|move|p2b: Electabuzz|Follow Me|p2b: Electabuzz
|-singleturn|p2b: Electabuzz|move: Follow Me
|move|p2a: Gholdengo|Nasty Plot|p2a: Gholdengo
|-boost|p2a: Gholdengo|spa|2
|move|p1b: Incineroar|Flare Blitz|p2b: Electabuzz
|-damage|p2b: Electabuzz|24/100
|-damage|p1b: Incineroar|80/100|[from] Recoil
|
|upkeep
|turn|2
|
|t:|1757159697
|move|p1a: Hatterene|Protect|p1a: Hatterene
|-singleturn|p1a: Hatterene|Protect
|move|p2b: Electabuzz|Follow Me|p2b: Electabuzz
|-singleturn|p2b: Electabuzz|move: Follow Me
|move|p2a: Gholdengo|Make It Rain|p1a: Hatterene|[spread] p1b
|-activate|p1a: Hatterene|move: Protect
|-resisted|p1b: Incineroar
|-damage|p1b: Incineroar|30/100
|-unboost|p2a: Gholdengo|spa|1
|move|p1b: Incineroar|Flare Blitz|p2b: Electabuzz
|-damage|p2b: Electabuzz|0 fnt
|faint|p2b: Electabuzz
|-damage|p1b: Incineroar|24/100|[from] Recoil
|
|upkeep
|
|t:|1757159710
|switch|p2b: Sneasler|Sneasler, L50, F|100/100
|turn|3
|
|t:|1757159721
|switch|p1b: Indeedee|Indeedee-F, L50, F|100/100
|-fieldstart|move: Psychic Terrain|[from] ability: Psychic Surge|[of] p1b: Indeedee
|-enditem|p1b: Indeedee|Psychic Seed
|-boost|p1b: Indeedee|spd|1|[from] item: Psychic Seed
|move|p2b: Sneasler|Dire Claw|p1a: Hatterene
|-supereffective|p1a: Hatterene
|-damage|p1a: Hatterene|12/100
|-status|p1a: Hatterene|slp
|move|p2a: Gholdengo|Shadow Ball|p1b: Indeedee
|-immune|p1b: Indeedee
|cant|p1a: Hatterene|slp
|
|upkeep
|turn|4
|inactive|klaushima has 30 seconds left.
|
|t:|1757159751
|move|p2b: Sneasler|Dire Claw|p1b: Indeedee
|-damage|p1b: Indeedee|62/100
|move|p2a: Gholdengo|Make It Rain|p1a: Hatterene|[spread] p1a,p1b
|-supereffective|p1a: Hatterene
|-damage|p1a: Hatterene|0 fnt
|-damage|p1b: Indeedee|14/100
|-unboost|p2a: Gholdengo|spa|1
|faint|p1a: Hatterene
|move|p1b: Indeedee|Trick Room|p1b: Indeedee
|-fieldstart|move: Trick Room|[of] p1b: Indeedee
|
|upkeep
|
|t:|1757159761
|switch|p1a: Incineroar|Incineroar, L50, M, tera:Fire|24/100
|-ability|p1a: Incineroar|Intimidate|boost
|-unboost|p2a: Gholdengo|atk|1
|-unboost|p2b: Sneasler|atk|1
|turn|5
|inactive|klaushima has 30 seconds left.
|
|t:|1757159792
|-terastallize|p2a: Gholdengo|Water
|move|p1a: Incineroar|Flare Blitz|p2a: Gholdengo
|-resisted|p2a: Gholdengo
|-damage|p2a: Gholdengo|57/100
|-damage|p1a: Incineroar|10/100|[from] Recoil
|move|p1b: Indeedee|Psychic|p2b: Sneasler
|-supereffective|p2b: Sneasler
|-enditem|p2b: Sneasler|Focus Sash
|-damage|p2b: Sneasler|1/100
|move|p2a: Gholdengo|Shadow Ball|p1a: Incineroar
|-damage|p1a: Incineroar|0 fnt
|faint|p1a: Incineroar
|move|p2b: Sneasler|Dire Claw|p1b: Indeedee
|-damage|p1b: Indeedee|0 fnt
|faint|p1b: Indeedee
|
|upkeep
|
|t:|1757159807
|switch|p1a: Farigiraf|Farigiraf, L50, M|100/100
|turn|6
|
|t:|1757159823
|switch|p2b: Rillaboom|Rillaboom, L50, M|100/100
|-fieldstart|move: Grassy Terrain|[from] ability: Grassy Surge|[of] p2b: Rillaboom
|move|p2a: Gholdengo|Protect|p2a: Gholdengo
|-singleturn|p2a: Gholdengo|Protect
|move|p1a: Farigiraf|Expanding Force|p2a: Gholdengo
|-activate|p2a: Gholdengo|move: Protect
|
|-heal|p2a: Gholdengo|63/100|[from] Grassy Terrain
|upkeep
|turn|7
|
|t:|1757159836
|move|p1a: Farigiraf|Protect|p1a: Farigiraf
|-singleturn|p1a: Farigiraf|Protect
|move|p2b: Rillaboom|Wood Hammer|p1a: Farigiraf
|-activate|p1a: Farigiraf|move: Protect
|move|p2a: Gholdengo|Nasty Plot|p2a: Gholdengo
|-boost|p2a: Gholdengo|spa|2
|
|-heal|p2a: Gholdengo|69/100|[from] Grassy Terrain
|upkeep
|turn|8
|
|t:|1757159843
|move|p1a: Farigiraf|Hyper Voice|p2a: Gholdengo|[spread] p2a,p2b
|-damage|p2a: Gholdengo|35/100
|-damage|p2b: Rillaboom|77/100
|-enditem|p1a: Farigiraf|Throat Spray
|-boost|p1a: Farigiraf|spa|1|[from] item: Throat Spray
|move|p2b: Rillaboom|Wood Hammer|p1a: Farigiraf
|-damage|p1a: Farigiraf|17/100
|-damage|p2b: Rillaboom|49/100|[from] Recoil
|move|p2a: Gholdengo|Nasty Plot|p2a: Gholdengo
|-boost|p2a: Gholdengo|spa|2
|
|-heal|p1a: Farigiraf|23/100|[from] Grassy Terrain
|-heal|p2b: Rillaboom|55/100|[from] Grassy Terrain
|-heal|p2a: Gholdengo|41/100|[from] Grassy Terrain
|-fieldend|move: Trick Room
|upkeep
|turn|9
|
|t:|1757159853
|move|p2a: Gholdengo|Make It Rain|p1a: Farigiraf
|-damage|p1a: Farigiraf|0 fnt
|-unboost|p2a: Gholdengo|spa|1
|faint|p1a: Farigiraf
|
|win|klaushima
|raw|HTR KD's rating: 1031 → 1015(-16 for losing)
|raw|klaushima's rating: 1000 → 1044(+44 for winning)
|l|☆HTR KD
|player|p1|
