|j|☆marcosdeltasena31
|j|☆chikovgc
|html|marcosdeltasena31chikovgc    
|uhtml|bestof|Game 3 of a best-of-3
|t:|1755241798
|gametype|doubles
|player|p1|marcosdeltasena31|hilbert|1378
|player|p2|chikovgc|volo|1330
|gen|9
|tier|[Gen 9] VGC 2025 Reg H (Bo3)
|rated|
|rule|Species Clause: Limit one of each Pokémon
|rule|Item Clause: Limit 1 of each item
|clearpoke
|poke|p1|Dragonite, L50, F|
|poke|p1|Sneasler, L50, F|
|poke|p1|Volcarona, L50, F|
|poke|p1|Rillaboom, L50, M|
|poke|p1|Kingambit, L50, F|
|poke|p1|Electabuzz, L50, F|
|poke|p2|Rillaboom, L50, F|
|poke|p2|Sinistcha, L50|
|poke|p2|Annihilape, L50, M|
|poke|p2|Pelipper, L50, M|
|poke|p2|Archaludon, L50, M|
|poke|p2|Palafin, L50, M|
|teampreview|4
|showteam|p1|Dragonite||LoadedDice|Multiscale|ScaleShot,ExtremeSpeed,Haze,Protect|||F|||50|,,,,,Fairy]Sneasler||FocusSash|PoisonTouch|DireClaw,CloseCombat,FakeOut,Coaching|||F|||50|,,,,,Ghost]Volcarona||CovertCloak|FlameBody|HeatWave,TeraBlast,QuiverDance,Protect|||F|||50|,,,,,Fairy]Rillaboom||AssaultVest|GrassySurge|WoodHammer,FakeOut,GrassyGlide,HighHorsepower|||M|||50|,,,,,Fire]Kingambit||BlackGlasses|Defiant|KowtowCleave,SwordsDance,SuckerPunch,Protect|||F|||50|,,,,,Dark]Electabuzz||Eviolite|VitalSpirit|Electroweb,FollowMe,Taunt,Protect|||F|||50|,,,,,Ghost
|showteam|p2|Rillaboom||LoadedDice|GrassySurge|Uturn,FakeOut,BulletSeed,GrassyGlide|||F|||50|,,,,,Fire]Sinistcha||SitrusBerry|Hospitality|MatchaGotcha,Protect,TrickRoom,RagePowder||||||50|,,,,,Dark]Annihilape||Leftovers|Defiant|BulkUp,DrainPunch,RageFist,Protect|||M|||50|,,,,,Steel]Pelipper||ChoiceScarf|Drizzle|Tailwind,WeatherBall,Hurricane,IceBeam|||M|||50|,,,,,Ghost]Archaludon||AssaultVest|Stamina|ElectroShot,DracoMeteor,FlashCannon,BodyPress|||M|||50|,,,,,Grass]Palafin||ChoiceBand|ZerotoHero|FlipTurn,JetPunch,WaveCrash,CloseCombat|||M|||50|,,,,,Water
|inactive|Battle timer is ON: inactive players will automatically lose when time's up. (requested by chikovgc)
|
|t:|1755241821
|teamsize|p1|4
|teamsize|p2|4
|start
|switch|p1a: Dragonite|Dragonite, L50, F|100/100
|switch|p1b: Sneasler|Sneasler, L50, F|100/100
|switch|p2a: Rillaboom|Rillaboom, L50, F|100/100
|switch|p2b: Pelipper|Pelipper, L50, M|100/100
|-weather|RainDance|[from] ability: Drizzle|[of] p2b: Pelipper
|-fieldstart|move: Grassy Terrain|[from] ability: Grassy Surge|[of] p2a: Rillaboom
|turn|1
|
|t:|1755241835
|switch|p2b: Archaludon|Archaludon, L50, M|100/100
|move|p1b: Sneasler|Fake Out|p2b: Archaludon
|-resisted|p2b: Archaludon
|-damage|p2b: Archaludon|96/100
|-ability|p2b: Archaludon|Stamina|boost
|-boost|p2b: Archaludon|def|1
|move|p2a: Rillaboom|Fake Out|p1b: Sneasler
|-damage|p1b: Sneasler|79/100
|move|p1a: Dragonite|Scale Shot|p2b: Archaludon
|-damage|p2b: Archaludon|88/100
|-ability|p2b: Archaludon|Stamina|boost
|-boost|p2b: Archaludon|def|1
|-damage|p2b: Archaludon|82/100
|-ability|p2b: Archaludon|Stamina|boost
|-boost|p2b: Archaludon|def|1
|-damage|p2b: Archaludon|77/100
|-ability|p2b: Archaludon|Stamina|boost
|-boost|p2b: Archaludon|def|1
|-damage|p2b: Archaludon|73/100
|-ability|p2b: Archaludon|Stamina|boost
|-boost|p2b: Archaludon|def|1
|-crit|p2b: Archaludon
|-damage|p2b: Archaludon|57/100
|-ability|p2b: Archaludon|Stamina|boost
|-boost|p2b: Archaludon|def|1
|-hitcount|p2b: Archaludon|5
|-unboost|p1a: Dragonite|def|1
|-boost|p1a: Dragonite|spe|1
|
|-weather|RainDance|[upkeep]
|-heal|p1b: Sneasler|84/100|[from] Grassy Terrain
|-heal|p2b: Archaludon|64/100|[from] Grassy Terrain
|upkeep
|turn|2
|inactive|chikovgc has 30 seconds left.
|inactive|chikovgc has 20 seconds left.
|inactive|chikovgc has 15 seconds left.
|
|t:|1755241877
|switch|p2a: Sinistcha|Sinistcha, L50|100/100
|-heal|p2b: Archaludon|89/100|[from] ability: Hospitality|[of] p2a: Sinistcha
|-terastallize|p2b: Archaludon|Grass
|move|p1a: Dragonite|Haze|p1a: Dragonite
|-clearallboost
|move|p1b: Sneasler|Close Combat|p2b: Archaludon
|-damage|p2b: Archaludon|43/100
|-unboost|p1b: Sneasler|def|1
|-unboost|p1b: Sneasler|spd|1
|-ability|p2b: Archaludon|Stamina|boost
|-boost|p2b: Archaludon|def|1
|-status|p2b: Archaludon|psn|[from] ability: Poison Touch|[of] p1b: Sneasler
|move|p2b: Archaludon|Electro Shot||[still]
|-prepare|p2b: Archaludon|Electro Shot
|-boost|p2b: Archaludon|spa|1
|-anim|p2b: Archaludon|Electro Shot|p1b: Sneasler
|-damage|p1b: Sneasler|0 fnt
|faint|p1b: Sneasler
|
|-weather|RainDance|[upkeep]
|-heal|p2b: Archaludon|49/100 psn|[from] Grassy Terrain
|-damage|p2b: Archaludon|37/100 psn|[from] psn
|upkeep
|
|t:|1755241884
|switch|p1b: Kingambit|Kingambit, L50, F|100/100
|turn|3
|inactive|chikovgc has 30 seconds left.
|inactive|chikovgc has 20 seconds left.
|
|t:|1755241921
|-terastallize|p1b: Kingambit|Dark
|move|p1a: Dragonite|Haze|p1a: Dragonite
|-clearallboost
|move|p2b: Archaludon|Body Press|p1b: Kingambit
|-supereffective|p1b: Kingambit
|-crit|p1b: Kingambit
|-damage|p1b: Kingambit|53/100
|move|p2a: Sinistcha|Matcha Gotcha|p1b: Kingambit|[spread] p1a,p1b
|-resisted|p1a: Dragonite
|-damage|p1a: Dragonite|97/100
|-damage|p1b: Kingambit|22/100
|move|p1b: Kingambit|Kowtow Cleave|p2a: Sinistcha
|-supereffective|p2a: Sinistcha
|-damage|p2a: Sinistcha|0 fnt
|faint|p2a: Sinistcha
|
|-weather|RainDance|[upkeep]
|-heal|p2b: Archaludon|43/100 psn|[from] Grassy Terrain
|-heal|p1b: Kingambit|28/100|[from] Grassy Terrain
|-damage|p2b: Archaludon|31/100 psn|[from] psn
|upkeep
|inactive|chikovgc has 30 seconds left.
|
|t:|1755241954
|switch|p2a: Rillaboom|Rillaboom, L50, F|100/100
|turn|4
|
|t:|1755241961
|move|p1a: Dragonite|Protect|p1a: Dragonite
|-singleturn|p1a: Dragonite|Protect
|move|p1b: Kingambit|Protect|p1b: Kingambit
|-singleturn|p1b: Kingambit|Protect
|move|p2a: Rillaboom|Grassy Glide|p1b: Kingambit
|-activate|p1b: Kingambit|move: Protect
|move|p2b: Archaludon|Draco Meteor|p1a: Dragonite
|-activate|p1a: Dragonite|move: Protect
|
|-weather|RainDance|[upkeep]
|-heal|p2b: Archaludon|37/100 psn|[from] Grassy Terrain
|-heal|p1b: Kingambit|34/100|[from] Grassy Terrain
|-damage|p2b: Archaludon|24/100 psn|[from] psn
|upkeep
|turn|5
|
|t:|1755241969
|move|p2a: Rillaboom|Grassy Glide|p1b: Kingambit
|-damage|p1b: Kingambit|7/100
|move|p1b: Kingambit|Sucker Punch|p2b: Archaludon
|-damage|p2b: Archaludon|0 fnt
|faint|p2b: Archaludon
|move|p1a: Dragonite|Scale Shot|p2a: Rillaboom
|-damage|p2a: Rillaboom|86/100
|-damage|p2a: Rillaboom|70/100
|-damage|p2a: Rillaboom|53/100
|-damage|p2a: Rillaboom|38/100
|-damage|p2a: Rillaboom|22/100
|-hitcount|p2a: Rillaboom|5
|-unboost|p1a: Dragonite|def|1
|-boost|p1a: Dragonite|spe|1
|
|-weather|none
|-heal|p2a: Rillaboom|28/100|[from] Grassy Terrain
|-heal|p1b: Kingambit|13/100|[from] Grassy Terrain
|-fieldend|move: Grassy Terrain
|upkeep
|
|t:|1755241974
|switch|p2b: Pelipper|Pelipper, L50, M|100/100
|-weather|RainDance|[from] ability: Drizzle|[of] p2b: Pelipper
|turn|6
|
|t:|1755241988
|move|p1a: Dragonite|Protect|p1a: Dragonite
|-singleturn|p1a: Dragonite|Protect
|move|p1b: Kingambit|Sucker Punch|p2a: Rillaboom
|-damage|p2a: Rillaboom|0 fnt
|faint|p2a: Rillaboom
|move|p2b: Pelipper|Ice Beam|p1a: Dragonite
|-activate|p1a: Dragonite|move: Protect
|
|-weather|RainDance|[upkeep]
|upkeep
|turn|7
|-message|chikovgc forfeited.
|
|win|marcosdeltasena31
|raw|marcosdeltasena31's rating: 1378 → 1395(+17 for winning)
|raw|chikovgc's rating: 1330 → 1313(-17 for losing)
|l|☆chikovgc
|player|p2|
