|j|☆sleepd2
|j|☆ChrisJHall13
|html|sleepd2ChrisJHall13    
|uhtml|bestof|Game 1 of a best-of-3
|t:|1784662056
|gametype|doubles
|player|p1|sleepd2|265|1334
|player|p2|ChrisJHall13|102|1237
|gen|9
|tier|[Gen 9 Champions] VGC 2026 Reg M-B (Bo3)
|rated|
|rule|Species Clause: Limit one of each Pokémon
|rule|Item Clause: Limit 1 of each item
|clearpoke
|poke|p1|Hydreigon, L50, F|
|poke|p1|Talonflame, L50, M|
|poke|p1|Basculegion, L50, M|
|poke|p1|Metagross, L50|
|poke|p1|Floette-Eternal, L50, F|
|poke|p1|Sinistcha, L50|
|poke|p2|Incineroar, L50, M|
|poke|p2|Ninetales-Alola, L50, M|
|poke|p2|Gengar, L50, F|
|poke|p2|Dragonite, L50, M|
|poke|p2|Snorlax, L50, F|
|poke|p2|Scrafty, L50, F|
|teampreview|4
|showteam|p1|Hydreigon||LifeOrb|Levitate|Protect,DracoMeteor,DarkPulse,EarthPower|Modest||F|||50|]Talonflame||SharpBeak|GaleWings|Protect,DualWingbeat,Tailwind,QuickGuard|Jolly||M|||50|]Basculegion||MysticWater|Adaptability|Protect,WaveCrash,AquaJet,LastRespects|Adamant||M|||50|]Metagross||Metagrossite|ClearBody|BodyPress,IronHead,PsychicFangs,Protect|Jolly|||||50|]Floette-Eternal||Floettite|FlowerVeil|Protect,DazzlingGleam,LightofRuin,Moonblast|Timid||F|||50|]Sinistcha||KasibBerry|Hospitality|RagePowder,MatchaGotcha,LifeDew,Protect|Bold|||||50|
|showteam|p2|Incineroar||ShucaBerry|Intimidate|FakeOut,DarkestLariat,Protect,PartingShot|Careful||M|||50|]Ninetales-Alola||FocusSash|SnowWarning|Blizzard,Protect,Encore,Disable|Timid||M|||50|]Gengar||Gengarite|CursedBody|PerishSong,ShadowBall,Protect,SludgeBomb|Modest||F|||50|]Dragonite||LifeOrb|InnerFocus|DragonClaw,ExtremeSpeed,Protect,LowKick|Adamant||M|||50|]Snorlax||Leftovers|ThickFat|Yawn,Fissure,DoubleEdge,Protect|Relaxed||F|||50|]Scrafty||Scraftinite|Intimidate|CloseCombat,KnockOff,FakeOut,Protect|Adamant||F|||50|
|inactive|Battle timer is ON: inactive players will automatically lose when time's up. (requested by sleepd2)
|inactive|ChrisJHall13 has 60 seconds left.
|
|t:|1784662140
|teamsize|p1|4
|teamsize|p2|4
|start
|switch|p1a: Floette|Floette-Eternal, L50, F|100/100
|switch|p1b: Talonflame|Talonflame, L50, M|100/100
|switch|p2a: Incineroar|Incineroar, L50, M|100/100
|switch|p2b: Gengar|Gengar, L50, F|100/100
|-ability|p2a: Incineroar|Intimidate|boost
|-unboost|p1a: Floette|atk|1
|-unboost|p1b: Talonflame|atk|1
|turn|1
|inactive|ChrisJHall13 has 30 seconds left.
|
|t:|1784662170
|switch|p1a: Basculegion|Basculegion, L50, M|100/100
|detailschange|p2b: Gengar|Gengar-Mega, L50, F
|-mega|p2b: Gengar|Gengar|Gengarite
|move|p1b: Talonflame|Protect|p1b: Talonflame
|-singleturn|p1b: Talonflame|Protect
|move|p2a: Incineroar|Fake Out|p1b: Talonflame
|-activate|p1b: Talonflame|move: Protect
|move|p2b: Gengar|Perish Song|p2b: Gengar
|-start|p1a: Basculegion|perish3|[silent]
|-start|p1b: Talonflame|perish3|[silent]
|-start|p2a: Incineroar|perish3|[silent]
|-start|p2b: Gengar|perish3|[silent]
|-fieldactivate|move: Perish Song
|
|-start|p1b: Talonflame|perish3
|-start|p2b: Gengar|perish3
|-start|p1a: Basculegion|perish3
|-start|p2a: Incineroar|perish3
|upkeep
|turn|2
|
|t:|1784662189
|switch|p2a: Dragonite|Dragonite, L50, M|100/100
|move|p2b: Gengar|Protect|p2b: Gengar
|-singleturn|p2b: Gengar|Protect
|move|p1b: Talonflame|Tailwind|p1b: Talonflame
|-sidestart|p1: sleepd2|move: Tailwind
|move|p1a: Basculegion|Wave Crash|p2a: Dragonite
|-resisted|p2a: Dragonite|1
|-damage|p2a: Dragonite|45/100
|-damage|p1a: Basculegion|84/100|[from] Recoil
|
|-start|p1b: Talonflame|perish2
|-start|p1a: Basculegion|perish2
|-start|p2b: Gengar|perish2
|upkeep
|turn|3
|
|t:|1784662210
|switch|p2b: Incineroar|Incineroar, L50, M|100/100
|-ability|p2b: Incineroar|Intimidate|boost
|-unboost|p1a: Basculegion|atk|1
|-unboost|p1b: Talonflame|atk|1
|move|p1b: Talonflame|Dual Wingbeat|p2b: Incineroar
|-damage|p2b: Incineroar|92/100
|-damage|p2b: Incineroar|84/100
|-hitcount|p2b: Incineroar|2
|move|p1a: Basculegion|Wave Crash|p2b: Incineroar
|-supereffective|p2b: Incineroar|1
|-damage|p2b: Incineroar|0 fnt
|faint|p2b: Incineroar
|-damage|p1a: Basculegion|56/100|[from] Recoil
|move|p2a: Dragonite|Dragon Claw|p1a: Basculegion
|-damage|p1a: Basculegion|0 fnt
|faint|p1a: Basculegion
|-damage|p2a: Dragonite|36/100|[from] item: Life Orb
|
|-start|p1b: Talonflame|perish1
|upkeep
|inactive|sleepd2 has 30 seconds left.
|
|t:|1784662243
|switch|p1a: Hydreigon|Hydreigon, L50, F|100/100
|switch|p2b: Gengar|Gengar-Mega, L50, F|100/100
|turn|4
|inactive|ChrisJHall13 has 30 seconds left.
|
|t:|1784662276
|move|p2b: Gengar|Protect|p2b: Gengar
|-singleturn|p2b: Gengar|Protect
|move|p2a: Dragonite|Extreme Speed|p1a: Hydreigon
|-damage|p1a: Hydreigon|53/100
|-damage|p2a: Dragonite|26/100|[from] item: Life Orb
|move|p1b: Talonflame|Dual Wingbeat|p2b: Gengar
|-activate|p2b: Gengar|move: Protect
|move|p1a: Hydreigon|Dark Pulse|p2a: Dragonite
|-damage|p2a: Dragonite|0 fnt
|faint|p2a: Dragonite
|-damage|p1a: Hydreigon|44/100|[from] item: Life Orb
|
|-start|p1b: Talonflame|perish0
|faint|p1b: Talonflame
|upkeep
|
|t:|1784662290
|switch|p1b: Floette|Floette-Eternal, L50, F|100/100
|switch|p2a: Ninetales|Ninetales-Alola, L50, M|100/100
|-weather|Snowscape|[from] ability: Snow Warning|[of] p2a: Ninetales
|turn|5
|
|t:|1784662302
|detailschange|p1b: Floette|Floette-Mega, L50, F
|-mega|p1b: Floette|Floette|Floettite
|-ability|p1b: Floette|Fairy Aura
|move|p2b: Gengar|Protect|p2b: Gengar
|-singleturn|p2b: Gengar|Protect
|move|p1b: Floette|Moonblast|p2a: Ninetales
|-damage|p2a: Ninetales|4/100
|move|p1a: Hydreigon|Dark Pulse|p2b: Gengar
|-activate|p2b: Gengar|move: Protect
|move|p2a: Ninetales|Blizzard|p1a: Hydreigon|[spread] p1a,p1b
|-supereffective|p1a: Hydreigon|1
|-damage|p1a: Hydreigon|0 fnt
|-damage|p1b: Floette|75/100
|faint|p1a: Hydreigon
|
|-weather|Snowscape|[upkeep]
|-sideend|p1: sleepd2|move: Tailwind
|upkeep
|turn|6
|c|☆sleepd2|skill
|
|t:|1784662323
|move|p2b: Gengar|Sludge Bomb|p1b: Floette
|-supereffective|p1b: Floette|1
|-damage|p1b: Floette|0 fnt
|faint|p1b: Floette
|
|win|ChrisJHall13
||ChrisJHall13 is ready for game 2.
||sleepd2 is ready for game 2.
|uhtml|next|Next: Game 2 of 3
