|j|☆NoCalcsJustVibes
|j|☆Appletan
|html|NoCalcsJustVibesAppletan    
|uhtml|bestof|Game 2 of a best-of-3
|t:|1757838028
|gametype|doubles
|player|p1|NoCalcsJustVibes|gambler|1246
|player|p2|Appletan|whitney|1192
|gen|9
|tier|[Gen 9] VGC 2025 Reg H (Bo3)
|rated|
|rule|Species Clause: Limit one of each Pokémon
|rule|Item Clause: Limit 1 of each item
|clearpoke
|poke|p1|Pelipper, L50, M|
|poke|p1|Archaludon, L50, F|
|poke|p1|Dragonite, L50, M|
|poke|p1|Sinistcha, L50|
|poke|p1|Ursaluna, L50, F|
|poke|p1|Gholdengo, L50|
|poke|p2|Gholdengo, L50|
|poke|p2|Amoonguss, L50, M|
|poke|p2|Incineroar, L50, F|
|poke|p2|Pelipper, L50, M|
|poke|p2|Palafin, L50, M|
|poke|p2|Dragapult, L50, F|
|teampreview|4
|showteam|p1|Pelipper||FocusSash|Drizzle|Hurricane,MuddyWater,Tailwind,Protect|||M|||50|,,,,,Grass]Archaludon||AssaultVest|Stamina|FlashCannon,BodyPress,ElectroShot,Snarl|||F|||50|,,,,,Fighting]Dragonite||LoadedDice|Multiscale|ScaleShot,Haze,Tailwind,Protect|||M|||50|,,,,,Steel]Sinistcha||SitrusBerry|Hospitality|MatchaGotcha,RagePowder,TrickRoom,LifeDew||||||50|,,,,,Dark]Ursaluna||FlameOrb|Guts|Facade,HeadlongRush,Earthquake,Protect|||F|||50|,,,,,Ghost]Gholdengo||ChoiceScarf|GoodasGold|MakeItRain,ShadowBall,PowerGem,Trick||||||50|,,,,,Water
|showteam|p2|Gholdengo||LifeOrb|GoodasGold|Protect,NastyPlot,ShadowBall,MakeItRain||||||50|,,,,,Steel]Amoonguss||SitrusBerry|Regenerator|Protect,RagePowder,SludgeBomb,Spore|||M|||50|,,,,,Fairy]Incineroar||AssaultVest|Intimidate|FlareBlitz,KnockOff,Uturn,FakeOut|||F|||50|,,,,,Grass]Pelipper||FocusSash|Drizzle|Protect,Tailwind,Hurricane,WeatherBall|||M|||50|,,,,,Ghost]Palafin||SplashPlate|ZerotoHero|Protect,Haze,JetPunch,WaveCrash|||M|||50|,,,,,Water]Dragapult||ChoiceSpecs|ClearBody|DracoMeteor,ShadowBall,TeraBlast,Uturn|||F|||50|,,,,,Fairy
|inactive|Battle timer is ON: inactive players will automatically lose when time's up. (requested by NoCalcsJustVibes)
|
|t:|1757838054
|teamsize|p1|4
|teamsize|p2|4
|start
|switch|p1a: Dragonite|Dragonite, L50, M|100/100
|switch|p1b: Ursaluna|Ursaluna, L50, F|100/100
|switch|p2a: Amoonguss|Amoonguss, L50, M|100/100
|switch|p2b: Gholdengo|Gholdengo, L50|100/100
|turn|1
|inactive|Appletan has 30 seconds left.
|inactive|NoCalcsJustVibes has 30 seconds left.
|
|t:|1757838093
|-terastallize|p2a: Amoonguss|Fairy
|move|p2b: Gholdengo|Protect|p2b: Gholdengo
|-singleturn|p2b: Gholdengo|Protect
|move|p1a: Dragonite|Protect|p1a: Dragonite
|-singleturn|p1a: Dragonite|Protect
|move|p1b: Ursaluna|Protect|p1b: Ursaluna
|-singleturn|p1b: Ursaluna|Protect
|move|p2a: Amoonguss|Spore|p1b: Ursaluna
|-activate|p1b: Ursaluna|move: Protect
|
|-status|p1b: Ursaluna|brn|[from] item: Flame Orb
|upkeep
|turn|2
|
|t:|1757838107
|switch|p2b: Incineroar|Incineroar, L50, F|100/100
|-ability|p2b: Incineroar|Intimidate|boost
|-unboost|p1a: Dragonite|atk|1
|-unboost|p1b: Ursaluna|atk|1
|move|p1a: Dragonite|Tailwind|p1a: Dragonite
|-sidestart|p1: NoCalcsJustVibes|move: Tailwind
|move|p1b: Ursaluna|Facade|p2a: Amoonguss
|-damage|p2a: Amoonguss|22/100
|-enditem|p2a: Amoonguss|Sitrus Berry|[eat]
|-heal|p2a: Amoonguss|47/100|[from] item: Sitrus Berry
|move|p2a: Amoonguss|Spore|p1a: Dragonite
|-status|p1a: Dragonite|slp|[from] move: Spore
|
|-damage|p1b: Ursaluna|95/100 brn|[from] brn
|upkeep
|turn|3
|
|t:|1757838126
|switch|p2a: Gholdengo|Gholdengo, L50|100/100
|-terastallize|p1b: Ursaluna|Ghost
|cant|p1a: Dragonite|slp
|move|p1b: Ursaluna|Headlong Rush|p2b: Incineroar
|-supereffective|p2b: Incineroar
|-damage|p2b: Incineroar|0 fnt
|-unboost|p1b: Ursaluna|def|1
|-unboost|p1b: Ursaluna|spd|1
|faint|p2b: Incineroar
|
|-damage|p1b: Ursaluna|89/100 brn|[from] brn
|upkeep
|
|t:|1757838138
|switch|p2b: Pelipper|Pelipper, L50, M|100/100
|-weather|RainDance|[from] ability: Drizzle|[of] p2b: Pelipper
|turn|4
|
|t:|1757838148
|move|p1b: Ursaluna|Protect|p1b: Ursaluna
|-singleturn|p1b: Ursaluna|Protect
|move|p2a: Gholdengo|Protect|p2a: Gholdengo
|-singleturn|p2a: Gholdengo|Protect
|-curestatus|p1a: Dragonite|slp|[msg]
|move|p1a: Dragonite|Haze|p1a: Dragonite
|-clearallboost
|move|p2b: Pelipper|Tailwind|p2b: Pelipper
|-sidestart|p2: Appletan|move: Tailwind
|
|-weather|RainDance|[upkeep]
|-damage|p1b: Ursaluna|83/100 brn|[from] brn
|upkeep
|turn|5
|
|t:|1757838173
|switch|p2b: Amoonguss|Amoonguss, L50, M, tera:Fairy|80/100
|move|p2a: Gholdengo|Shadow Ball|p1b: Ursaluna
|-supereffective|p1b: Ursaluna
|-damage|p1b: Ursaluna|0 fnt
|faint|p1b: Ursaluna
|-damage|p2a: Gholdengo|91/100|[from] item: Life Orb
|move|p1a: Dragonite|Scale Shot|p2b: Amoonguss
|-immune|p2b: Amoonguss
|
|-weather|RainDance|[upkeep]
|-sideend|p1: NoCalcsJustVibes|move: Tailwind
|upkeep
|
|t:|1757838177
|switch|p1b: Gholdengo|Gholdengo, L50|100/100
|turn|6
|
|t:|1757838194
|move|p1a: Dragonite|Protect|p1a: Dragonite
|-singleturn|p1a: Dragonite|Protect
|move|p2b: Amoonguss|Rage Powder|p2b: Amoonguss
|-singleturn|p2b: Amoonguss|move: Rage Powder
|move|p2a: Gholdengo|Nasty Plot|p2a: Gholdengo
|-boost|p2a: Gholdengo|spa|2
|move|p1b: Gholdengo|Shadow Ball|p2b: Amoonguss
|-damage|p2b: Amoonguss|44/100
|
|-weather|RainDance|[upkeep]
|upkeep
|turn|7
|
|t:|1757838210
|switch|p1b: Sinistcha|Sinistcha, L50|100/100
|move|p2a: Gholdengo|Shadow Ball|p1b: Sinistcha
|-supereffective|p1b: Sinistcha
|-damage|p1b: Sinistcha|0 fnt
|faint|p1b: Sinistcha
|-damage|p2a: Gholdengo|81/100|[from] item: Life Orb
|move|p1a: Dragonite|Tailwind|p1a: Dragonite
|-sidestart|p1: NoCalcsJustVibes|move: Tailwind
|move|p2b: Amoonguss|Spore|p1a: Dragonite
|-status|p1a: Dragonite|slp|[from] move: Spore
|
|-weather|RainDance|[upkeep]
|-sideend|p2: Appletan|move: Tailwind
|upkeep
|
|t:|1757838213
|switch|p1b: Gholdengo|Gholdengo, L50|100/100
|turn|8
|
|t:|1757838235
|move|p2b: Amoonguss|Rage Powder|p2b: Amoonguss
|-singleturn|p2b: Amoonguss|move: Rage Powder
|move|p1b: Gholdengo|Make It Rain|p2b: Amoonguss|[spread] p2a,p2b
|-resisted|p2a: Gholdengo
|-supereffective|p2b: Amoonguss
|-damage|p2a: Gholdengo|50/100
|-damage|p2b: Amoonguss|0 fnt
|-unboost|p1b: Gholdengo|spa|1
|faint|p2b: Amoonguss
|cant|p1a: Dragonite|slp
|move|p2a: Gholdengo|Shadow Ball|p1b: Gholdengo
|-supereffective|p1b: Gholdengo
|-damage|p1b: Gholdengo|0 fnt
|faint|p1b: Gholdengo
|-damage|p2a: Gholdengo|40/100|[from] item: Life Orb
|
|-weather|none
|upkeep
|
|t:|1757838241
|switch|p2b: Pelipper|Pelipper, L50, M|100/100
|-weather|RainDance|[from] ability: Drizzle|[of] p2b: Pelipper
|turn|9
|
|t:|1757838254
|cant|p1a: Dragonite|slp
|move|p2a: Gholdengo|Make It Rain|p1a: Dragonite
|-damage|p1a: Dragonite|14/100 slp
|-unboost|p2a: Gholdengo|spa|1
|-damage|p2a: Gholdengo|30/100|[from] item: Life Orb
|move|p2b: Pelipper|Hurricane|p1a: Dragonite
|-damage|p1a: Dragonite|0 fnt
|faint|p1a: Dragonite
|
|win|Appletan
||NoCalcsJustVibes is ready for game 3.
|inactive|Appletan has 30 seconds to confirm battle start!
||Appletan is ready for game 3.
|uhtml|next|Next: Game 3 of 3
|l|☆NoCalcsJustVibes
|player|p1|
