|j|☆pomniLQ
|j|☆FerKillerVGC
|html|pomniLQFerKillerVGC    
|uhtml|bestof|Game 2 of a best-of-3
|t:|1782269772
|gametype|doubles
|player|p1|pomniLQ|courtney|1083
|player|p2|FerKillerVGC|169|1128
|gen|9
|tier|[Gen 9 Champions] VGC 2026 Reg M-B (Bo3)
|rated|
|rule|Species Clause: Limit one of each Pokémon
|rule|Item Clause: Limit 1 of each item
|clearpoke
|poke|p1|Sceptile, L50, M, shiny|
|poke|p1|Rotom-Heat, L50|
|poke|p1|Garchomp, L50, F|
|poke|p1|Basculegion, L50, M, shiny|
|poke|p1|Aerodactyl, L50, M|
|poke|p1|Incineroar, L50, F|
|poke|p2|Ninetales-Alola, L50, M|
|poke|p2|Venusaur, L50, F|
|poke|p2|Maushold, L50|
|poke|p2|Armarouge, L50, F|
|poke|p2|Aggron, L50, M|
|poke|p2|Rotom-Heat, L50|
|teampreview|4
|showteam|p1|Sceptile||Sceptilite|Unburden|EarthPower,DragonPulse,LeafStorm,Protect|Modest||M|||50|]Rotom-Heat||ChoiceScarf|Levitate|Overheat,Discharge,Thunderbolt,VoltSwitch|Timid|||||50|]Garchomp||LifeOrb|RoughSkin|DragonClaw,Earthquake,RockSlide,Protect|Jolly||F|||50|]Basculegion||FocusSash|Adaptability|AquaJet,WaveCrash,LastRespects,FlipTurn|Jolly||M|||50|]Aerodactyl||Aerodactylite|Unnerve|Tailwind,RockSlide,DualWingbeat,WideGuard|Jolly||M|||50|]Incineroar||SitrusBerry|Intimidate|FakeOut,PartingShot,FlareBlitz,DarkestLariat|Adamant||F|||50|
|showteam|p2|Ninetales-Alola||ChoiceScarf|SnowWarning|Blizzard,FreezeDry,Moonblast,AuroraVeil|Modest||M|||50|]Venusaur||Venusaurite|Overgrow|GigaDrain,SludgeBomb,EarthPower,Protect|Modest||F|||50|]Maushold||WideLens|FriendGuard|PopulationBomb,SuperFang,Feint,FollowMe|Jolly|||||50|]Armarouge||FocusSash|FlashFire|HeatWave,Psychic,TrickRoom,WideGuard|Quiet||F|||50|]Aggron||Aggronite|HeavyMetal|HeavySlam,BodyPress,IronDefense,Protect|Careful||M|||50|]Rotom-Heat||SitrusBerry|Levitate|Thunderbolt,Overheat,WillOWisp,Protect|Timid|||||50|
|inactive|Battle timer is ON: inactive players will automatically lose when time's up. (requested by pomniLQ)
|c|☆pomniLQ|lol
|
|t:|1782269792
|teamsize|p1|4
|teamsize|p2|4
|start
|switch|p1a: Sceptile|Sceptile, L50, M, shiny|100/100
|switch|p1b: Rotom|Rotom-Heat, L50|100/100
|switch|p2a: Maushold|Maushold, L50|100/100
|switch|p2b: Venusaur|Venusaur, L50, F|100/100
|turn|1
|inactive|pomniLQ has 30 seconds left.
|inactive|pomniLQ has 20 seconds left.
|
|t:|1782269829
|detailschange|p1a: Sceptile|Sceptile-Mega, L50, M, shiny
|-mega|p1a: Sceptile|Sceptile|Sceptilite
|detailschange|p2b: Venusaur|Venusaur-Mega, L50, F
|-mega|p2b: Venusaur|Venusaur|Venusaurite
|move|p1b: Rotom|Discharge|p2a: Maushold|[spread] p2a,p2b
|-ability|p1a: Sceptile|Lightning Rod|boost
|-boost|p1a: Sceptile|spa|1
|-resisted|p2b: Venusaur|1
|-damage|p2a: Maushold|56/100
|-damage|p2b: Venusaur|92/100
|move|p1a: Sceptile|Leaf Storm|p2a: Maushold
|-damage|p2a: Maushold|0 fnt
|-unboost|p1a: Sceptile|spa|2
|faint|p2a: Maushold
|move|p2b: Venusaur|Sludge Bomb|p1a: Sceptile
|-supereffective|p1a: Sceptile|1
|-damage|p1a: Sceptile|0 fnt
|faint|p1a: Sceptile
|
|upkeep
|
|t:|1782269849
|switch|p1a: Garchomp|Garchomp, L50, F|100/100
|switch|p2a: Rotom|Rotom-Heat, L50|100/100
|turn|2
|
|t:|1782269866
|switch|p1b: Basculegion|Basculegion, L50, M, shiny|100/100
|move|p1a: Garchomp|Rock Slide|p2b: Venusaur|[spread] p2a,p2b
|-supereffective|p2a: Rotom|1
|-damage|p2a: Rotom|24/100
|-damage|p2b: Venusaur|69/100
|-enditem|p2a: Rotom|Sitrus Berry|[eat]
|-heal|p2a: Rotom|49/100|[from] item: Sitrus Berry
|-damage|p1a: Garchomp|90/100|[from] item: Life Orb
|move|p2a: Rotom|Will-O-Wisp|p1a: Garchomp
|-status|p1a: Garchomp|brn
|move|p2b: Venusaur|Sludge Bomb|p1b: Basculegion
|-resisted|p1b: Basculegion|1
|-damage|p1b: Basculegion|76/100
|
|-damage|p1a: Garchomp|84/100 brn|[from] brn
|upkeep
|turn|3
|
|t:|1782269889
|switch|p1a: Rotom|Rotom-Heat, L50|100/100
|move|p1b: Basculegion|Aqua Jet|p2a: Rotom
|-supereffective|p2a: Rotom|1
|-damage|p2a: Rotom|0 fnt
|faint|p2a: Rotom
|move|p2b: Venusaur|Giga Drain|p1b: Basculegion
|-supereffective|p1b: Basculegion|1
|-damage|p1b: Basculegion|0 fnt
|-heal|p2b: Venusaur|100/100|[from] drain|[of] p1b: Basculegion
|faint|p1b: Basculegion
|
|upkeep
|
|t:|1782269900
|switch|p2a: Ninetales|Ninetales-Alola, L50, M|100/100
|switch|p1b: Garchomp|Garchomp, L50, F|84/100 brn
|-weather|Snowscape|[from] ability: Snow Warning|[of] p2a: Ninetales
|turn|4
|
|t:|1782269922
|move|p2a: Ninetales|Aurora Veil|p2a: Ninetales
|-sidestart|p2: FerKillerVGC|move: Aurora Veil
|move|p1a: Rotom|Overheat|p2a: Ninetales
|-supereffective|p2a: Ninetales|1
|-crit|p2a: Ninetales
|-damage|p2a: Ninetales|0 fnt
|-unboost|p1a: Rotom|spa|2
|faint|p2a: Ninetales
|move|p1b: Garchomp|Rock Slide|p2b: Venusaur
|-crit|p2b: Venusaur
|-damage|p2b: Venusaur|77/100
|-damage|p1b: Garchomp|74/100 brn|[from] item: Life Orb
|move|p2b: Venusaur|Sludge Bomb|p1a: Rotom
|-damage|p1a: Rotom|44/100
|
|-weather|Snowscape|[upkeep]
|-damage|p1b: Garchomp|68/100 brn|[from] brn
|upkeep
|turn|5
|inactive|pomniLQ has 30 seconds left.
|
|t:|1782269949
|move|p1a: Rotom|Overheat|p2b: Venusaur
|-supereffective|p2b: Venusaur|1
|-crit|p2b: Venusaur
|-damage|p2b: Venusaur|0 fnt
|-unboost|p1a: Rotom|spa|2
|faint|p2b: Venusaur
|
|win|pomniLQ
|raw|pomniLQ's rating: 1083 → 1114(+31 for winning)
|raw|FerKillerVGC's rating: 1128 → 1100(-28 for losing)
