|j|☆RonJohn
|j|☆ShrekBK
|html|RonJohnShrekBK    
|uhtml|bestof|Game 3 of a best-of-3
|t:|1755300649
|gametype|doubles
|player|p1|RonJohn|169|1205
|player|p2|ShrekBK|lucas|1389
|gen|9
|tier|[Gen 9] VGC 2025 Reg H (Bo3)
|rated|
|rule|Species Clause: Limit one of each Pokémon
|rule|Item Clause: Limit 1 of each item
|clearpoke
|poke|p1|Archaludon, L50, M|
|poke|p1|Rillaboom, L50, M|
|poke|p1|Basculegion, L50, M|
|poke|p1|Kingambit, L50, F|
|poke|p1|Pelipper, L50, M|
|poke|p1|Electabuzz, L50, F|
|poke|p2|Delphox, L50, F|
|poke|p2|Indeedee-F, L50, F|
|poke|p2|Annihilape, L50, F|
|poke|p2|Sneasler, L50, F|
|poke|p2|Meowscarada, L50, F|
|poke|p2|Maushold, L50|
|teampreview|4
|showteam|p1|Archaludon||AssaultVest|Stamina|ElectroShot,DracoMeteor,FlashCannon,BodyPress|||M|||50|,,,,,Fairy]Rillaboom||LoadedDice|GrassySurge|BulletSeed,GrassyGlide,FakeOut,HighHorsepower|||M|||50|,,,,,Fire]Basculegion||ChoiceBand|SwiftSwim|WaveCrash,LastRespects,FlipTurn,AquaJet|||M|||50|,,,,,Grass]Kingambit||BlackGlasses|Defiant|KowtowCleave,SuckerPunch,SwordsDance,Protect|||F|||50|,,,,,Dark]Pelipper||FocusSash|Drizzle|WeatherBall,Hurricane,Tailwind,Protect|||M|||50|,,,,,Ghost]Electabuzz||Eviolite|VitalSpirit|Electroweb,Taunt,FollowMe,Protect|||F|||50|,,,,,Ghost
|showteam|p2|Delphox||LifeOrb|Blaze|ExpandingForce,HeatWave,CalmMind,Protect|||F|||50|,,,,,Psychic]Indeedee-F||RockyHelmet|PsychicSurge|Psychic,FollowMe,HelpingHand,Protect|||F|||50|,,,,,Fairy]Annihilape||SafetyGoggles|Defiant|DrainPunch,RageFist,BulkUp,Protect|||F|||50|,,,,,Fire]Sneasler||PsychicSeed|Unburden|CloseCombat,DireClaw,ThroatChop,Protect|||F|||50|,,,,,Stellar]Meowscarada||FocusSash|Overgrow|FlowerTrick,KnockOff,SuckerPunch,Protect|||F|||50|,,,,,Stellar]Maushold||WideLens|Technician|PopulationBomb,BeatUp,FollowMe,Protect||||||50|,,,,,Ghost
|inactive|Battle timer is ON: inactive players will automatically lose when time's up. (requested by RonJohn)
|inactive|ShrekBK has 60 seconds left.
|inactive|ShrekBK has 30 seconds left.
|
|t:|1755300721
|teamsize|p1|4
|teamsize|p2|4
|start
|switch|p1a: Archaludon|Archaludon, L50, M|100/100
|switch|p1b: Rillaboom|Rillaboom, L50, M|100/100
|switch|p2a: Annihilape|Annihilape, L50, F|100/100
|switch|p2b: Maushold|Maushold, L50|100/100
|-fieldstart|move: Grassy Terrain|[from] ability: Grassy Surge|[of] p1b: Rillaboom
|turn|1
|inactive|RonJohn has 30 seconds left.
|
|t:|1755300755
|move|p2b: Maushold|Population Bomb|p1b: Rillaboom
|-damage|p1b: Rillaboom|90/100
|-damage|p1b: Rillaboom|79/100
|-damage|p1b: Rillaboom|67/100
|-damage|p1b: Rillaboom|55/100
|-damage|p1b: Rillaboom|44/100
|-damage|p1b: Rillaboom|33/100
|-damage|p1b: Rillaboom|22/100
|-damage|p1b: Rillaboom|10/100
|-damage|p1b: Rillaboom|0 fnt
|faint|p1b: Rillaboom
|-hitcount|p1: Rillaboom|9
|move|p2a: Annihilape|Bulk Up|p2a: Annihilape
|-boost|p2a: Annihilape|atk|1
|-boost|p2a: Annihilape|def|1
|move|p1a: Archaludon|Body Press|p2b: Maushold
|-supereffective|p2b: Maushold
|-damage|p2b: Maushold|24/100
|
|-heal|p2b: Maushold|30/100|[from] Grassy Terrain
|upkeep
|
|t:|1755300776
|switch|p1b: Pelipper|Pelipper, L50, M|100/100
|-weather|RainDance|[from] ability: Drizzle|[of] p1b: Pelipper
|turn|2
|
|t:|1755300793
|-terastallize|p1b: Pelipper|Ghost
|move|p2b: Maushold|Beat Up|p2a: Annihilape
|-damage|p2a: Annihilape|97/100
|-damage|p2a: Annihilape|94/100
|-damage|p2a: Annihilape|91/100
|-damage|p2a: Annihilape|87/100
|-hitcount|p2a: Annihilape|4
|move|p2a: Annihilape|Rage Fist|p1a: Archaludon
|-damage|p1a: Archaludon|0 fnt
|faint|p1a: Archaludon
|move|p1b: Pelipper|Tailwind|p1b: Pelipper
|-sidestart|p1: RonJohn|move: Tailwind
|
|-weather|RainDance|[upkeep]
|-heal|p2b: Maushold|36/100|[from] Grassy Terrain
|-heal|p2a: Annihilape|93/100|[from] Grassy Terrain
|upkeep
|
|t:|1755300809
|switch|p1a: Basculegion|Basculegion, L50, M|100/100
|turn|3
|
|t:|1755300820
|move|p2b: Maushold|Protect|p2b: Maushold
|-singleturn|p2b: Maushold|Protect
|move|p2a: Annihilape|Protect|p2a: Annihilape
|-singleturn|p2a: Annihilape|Protect
|move|p1a: Basculegion|Last Respects|p2a: Annihilape
|-activate|p2a: Annihilape|move: Protect
|move|p1b: Pelipper|Hurricane|p2b: Maushold
|-activate|p2b: Maushold|move: Protect
|
|-weather|RainDance|[upkeep]
|-heal|p2b: Maushold|42/100|[from] Grassy Terrain
|-heal|p2a: Annihilape|99/100|[from] Grassy Terrain
|upkeep
|turn|4
|
|t:|1755300838
|move|p2b: Maushold|Follow Me|p2b: Maushold
|-singleturn|p2b: Maushold|move: Follow Me
|move|p1a: Basculegion|Last Respects|p2b: Maushold
|-immune|p2b: Maushold
|move|p1b: Pelipper|Hurricane|p2b: Maushold
|-damage|p2b: Maushold|0 fnt
|faint|p2b: Maushold
|move|p2a: Annihilape|Rage Fist|p1a: Basculegion
|-supereffective|p1a: Basculegion
|-damage|p1a: Basculegion|0 fnt
|faint|p1a: Basculegion
|
|-weather|RainDance|[upkeep]
|-heal|p2a: Annihilape|100/100|[from] Grassy Terrain
|upkeep
|
|t:|1755300846
|switch|p2b: Indeedee|Indeedee-F, L50, F|100/100
|-fieldstart|move: Psychic Terrain|[from] ability: Psychic Surge|[of] p2b: Indeedee
|turn|5
|
|t:|1755300856
|move|p2b: Indeedee|Follow Me|p2b: Indeedee
|-singleturn|p2b: Indeedee|move: Follow Me
|move|p1b: Pelipper|Hurricane|p2b: Indeedee
|-damage|p2b: Indeedee|51/100
|move|p2a: Annihilape|Rage Fist|p1b: Pelipper
|-supereffective|p1b: Pelipper
|-enditem|p1b: Pelipper|Focus Sash
|-damage|p1b: Pelipper|1/100
|
|-weather|RainDance|[upkeep]
|-sideend|p1: RonJohn|move: Tailwind
|upkeep
|turn|6
|
|t:|1755300868
|move|p2a: Annihilape|Rage Fist|p1b: Pelipper
|-supereffective|p1b: Pelipper
|-damage|p1b: Pelipper|0 fnt
|faint|p1b: Pelipper
|
|win|ShrekBK
|raw|RonJohn's rating: 1205 → 1192(-13 for losing)
|raw|ShrekBK's rating: 1389 → 1399(+10 for winning)
|l|☆ShrekBK
|player|p2|
