|j|☆jeanryupr
|j|☆namboyVGC
|html|jeanryuprnamboyVGC    
|uhtml|bestof|Game 1 of a best-of-3
|t:|1782760028
|gametype|doubles
|player|p1|jeanryupr|170|1072
|player|p2|namboyVGC|pokemonranger-gen4|1000
|gen|9
|tier|[Gen 9 Champions] VGC 2026 Reg M-B (Bo3)
|rated|
|rule|Species Clause: Limit one of each Pokémon
|rule|Item Clause: Limit 1 of each item
|clearpoke
|poke|p1|Gengar, L50, M|
|poke|p1|Scrafty, L50, F|
|poke|p1|Snorlax, L50, M|
|poke|p1|Incineroar, L50, M|
|poke|p1|Ninetales-Alola, L50, M|
|poke|p1|Dragonite, L50, F|
|poke|p2|Swampert, L50, M|
|poke|p2|Metagross, L50|
|poke|p2|Sinistcha-Masterpiece, L50|
|poke|p2|Archaludon, L50, M|
|poke|p2|Pelipper, L50, M|
|poke|p2|Sableye, L50, F|
|teampreview|4
|showteam|p1|Gengar||Gengarite|CursedBody|Protect,PerishSong,SludgeBomb,ShadowBall|Modest||M|||50|]Scrafty||Scraftinite|Intimidate|Protect,CloseCombat,FakeOut,KnockOff|Careful||F|||50|]Snorlax||Leftovers|ThickFat|Protect,DoubleEdge,Yawn,HighHorsepower|Relaxed||M|||50|]Incineroar||SitrusBerry|Intimidate|Protect,FakeOut,FlareBlitz,PartingShot|Relaxed||M|||50|]Ninetales-Alola||FocusSash|SnowWarning|Protect,Encore,Disable,Blizzard|Timid||M|||50|]Dragonite||DragonFang|Multiscale|Protect,DragonClaw,LowKick,ExtremeSpeed|Adamant||F|||50|
|showteam|p2|Swampert||Swampertite|Torrent|WaveCrash,HighHorsepower,IcePunch,Protect|Adamant||M|||50|]Metagross||Metagrossite|ClearBody|IronHead,PsychicFangs,BodyPress,Protect|Jolly|||||50|]Sinistcha-Masterpiece||SitrusBerry|Hospitality|MatchaGotcha,LifeDew,TrickRoom,RagePowder|Bold|||||50|]Archaludon||Leftovers|Stamina|DragonPulse,ElectroShot,FlashCannon,Protect|Calm||M|||50|]Pelipper||FocusSash|Drizzle|WeatherBall,Hurricane,Protect,Tailwind|Modest||M|||50|]Sableye||LightClay|KeenEye|Quash,LightScreen,Reflect,RainDance|Careful||F|||50|
|
|t:|1782760095
|teamsize|p1|4
|teamsize|p2|4
|start
|switch|p1a: Snorlax|Snorlax, L50, M|100/100
|switch|p1b: Incineroar|Incineroar, L50, M|100/100
|switch|p2a: Archaludon|Archaludon, L50, M|100/100
|switch|p2b: Sableye|Sableye, L50, F|100/100
|-ability|p1b: Incineroar|Intimidate|boost
|-unboost|p2a: Archaludon|atk|1
|-unboost|p2b: Sableye|atk|1
|turn|1
|
|t:|1782760131
|move|p2a: Archaludon|Dragon Pulse|p1b: Incineroar
|-damage|p1b: Incineroar|71/100
|move|p1b: Incineroar|Parting Shot|p2b: Sableye
|-unboost|p2b: Sableye|atk|1
|-unboost|p2b: Sableye|spa|1
|
|t:|1782760144
|switch|p1b: Gengar|Gengar, L50, M|100/100|[from] Parting Shot
|move|p2b: Sableye|Reflect|p2b: Sableye
|-sidestart|p2: namboyVGC|Reflect
|move|p1a: Snorlax|Yawn|p2a: Archaludon
|-start|p2a: Archaludon|move: Yawn|[of] p1a: Snorlax
|
|upkeep
|turn|2
|
|t:|1782760164
|switch|p2a: Metagross|Metagross, L50|100/100
|switch|p1a: Incineroar|Incineroar, L50, M|71/100
|-ability|p1a: Incineroar|Intimidate|boost
|-fail|p2a: Metagross|unboost|[from] ability: Clear Body|[of] p2a: Metagross
|-unboost|p2b: Sableye|atk|1
|detailschange|p1b: Gengar|Gengar-Mega, L50, M
|-mega|p1b: Gengar|Gengar|Gengarite
|move|p1b: Gengar|Perish Song|p1b: Gengar
|-start|p1a: Incineroar|perish3|[silent]
|-start|p1b: Gengar|perish3|[silent]
|-start|p2a: Metagross|perish3|[silent]
|-start|p2b: Sableye|perish3|[silent]
|-fieldactivate|move: Perish Song
|move|p2b: Sableye|Light Screen|p2b: Sableye
|-sidestart|p2: namboyVGC|move: Light Screen
|
|-start|p1b: Gengar|perish3
|-start|p2a: Metagross|perish3
|-start|p1a: Incineroar|perish3
|-start|p2b: Sableye|perish3
|upkeep
|turn|3
|
|t:|1782760195
|switch|p1b: Snorlax|Snorlax, L50, M|100/100
|detailschange|p2a: Metagross|Metagross-Mega, L50
|-mega|p2a: Metagross|Metagross|Metagrossite
|move|p2a: Metagross|Psychic Fangs|p1b: Snorlax
|-damage|p1b: Snorlax|57/100
|move|p1a: Incineroar|Parting Shot|p2b: Sableye
|-unboost|p2b: Sableye|atk|1
|-unboost|p2b: Sableye|spa|1
|
|t:|1782760206
|switch|p1a: Gengar|Gengar-Mega, L50, M|100/100|[from] Parting Shot
|move|p2b: Sableye|Rain Dance|p2b: Sableye
|-weather|RainDance
|
|-weather|RainDance|[upkeep]
|-heal|p1b: Snorlax|64/100|[from] item: Leftovers
|-start|p2a: Metagross|perish2
|-start|p2b: Sableye|perish2
|upkeep
|turn|4
|
|t:|1782760233
|switch|p2b: Archaludon|Archaludon, L50, M|100/100
|move|p1a: Gengar|Protect|p1a: Gengar
|-singleturn|p1a: Gengar|Protect
|move|p1b: Snorlax|Protect|p1b: Snorlax
|-singleturn|p1b: Snorlax|Protect
|move|p2a: Metagross|Body Press|p1b: Snorlax
|-activate|p1b: Snorlax|move: Protect
|
|-weather|RainDance|[upkeep]
|-heal|p1b: Snorlax|70/100|[from] item: Leftovers
|-start|p2a: Metagross|perish1
|upkeep
|turn|5
|
|t:|1782760267
|switch|p1a: Incineroar|Incineroar, L50, M|71/100
|-ability|p1a: Incineroar|Intimidate|boost
|-unboost|p2a: Metagross|atk|1
|-unboost|p2b: Archaludon|atk|1
|switch|p1b: Ninetales|Ninetales-Alola, L50, M|100/100
|-weather|Snowscape|[from] ability: Snow Warning|[of] p1b: Ninetales
|move|p2a: Metagross|Psychic Fangs|p1a: Incineroar
|-immune|p1a: Incineroar
|move|p2b: Archaludon|Electro Shot||[still]
|-prepare|p2b: Archaludon|Electro Shot
|-boost|p2b: Archaludon|spa|1
|
|-weather|Snowscape|[upkeep]
|-start|p2a: Metagross|perish0
|faint|p2a: Metagross
|upkeep
|-message|namboyVGC forfeited.
|
|win|jeanryupr
