|j|☆master 792
|j|☆dr holly
|html|master 792dr holly    
|uhtml|bestof|Game 2 of a best-of-3
|t:|1784246585
|gametype|doubles
|player|p1|master 792|red|1269
|player|p2|dr holly|boarder|1145
|gen|9
|tier|[Gen 9 Champions] VGC 2026 Reg M-B (Bo3)
|rated|
|rule|Species Clause: Limit one of each Pokémon
|rule|Item Clause: Limit 1 of each item
|clearpoke
|poke|p1|Metagross, L50, shiny|
|poke|p1|Incineroar, L50, F|
|poke|p1|Sinistcha, L50, shiny|
|poke|p1|Floette-Eternal, L50, F|
|poke|p1|Politoed, L50, F|
|poke|p1|Maushold, L50|
|poke|p2|Staraptor, L50, M|
|poke|p2|Sneasler, L50, F|
|poke|p2|Ninetales-Alola, L50, M|
|poke|p2|Sinistcha, L50|
|poke|p2|Toxapex, L50, M|
|poke|p2|Delphox, L50, F|
|teampreview|4
|showteam|p1|Metagross||Metagrossite|ClearBody|IronDefense,BodyPress,PsychicFangs,Protect|Impish|||||50|]Incineroar||PasshoBerry|Intimidate|FakeOut,FlareBlitz,PartingShot,DarkestLariat|Adamant||F|||50|]Sinistcha||SitrusBerry|Hospitality|MatchaGotcha,TrickRoom,RagePowder,LifeDew|Calm|||||50|]Floette-Eternal||Floettite|FlowerVeil|Moonblast,DazzlingGleam,CalmMind,Protect|Modest||F|||50|]Politoed||Leftovers|Drizzle|WeatherBall,PerishSong,IceBeam,Protect|Bold||F|||50|]Maushold||ChopleBerry|FriendGuard|Taunt,FollowMe,SuperFang,Protect|Careful|||||50|
|showteam|p2|Staraptor||Staraptite|Intimidate|CloseCombat,BraveBird,Protect,QuickAttack|Jolly||M|||50|]Sneasler||FocusSash|PoisonTouch|FakeOut,CloseCombat,DireClaw,Uturn|Jolly||F|||50|]Ninetales-Alola||NeverMeltIce|SnowWarning|AuroraVeil,Blizzard,FreezeDry,Protect|Timid||M|||50|]Sinistcha||SitrusBerry|Hospitality|RagePowder,MatchaGotcha,Protect,StrengthSap|Relaxed|||||50|]Toxapex||Leftovers|Regenerator|Infestation,WideGuard,BanefulBunker,ChillingWater|Calm||M|||50|]Delphox||Delphoxite|Blaze|HeatWave,Psychic,NastyPlot,Protect|Timid||F|||50|
|
|t:|1784246614
|teamsize|p1|4
|teamsize|p2|4
|start
|switch|p1a: Metagross|Metagross, L50, shiny|100/100
|switch|p1b: Politoed|Politoed, L50, F|100/100
|switch|p2a: Sinistcha|Sinistcha, L50|100/100
|switch|p2b: Delphox|Delphox, L50, F|100/100
|-weather|RainDance|[from] ability: Drizzle|[of] p1b: Politoed
|turn|1
|
|t:|1784246632
|detailschange|p1a: Metagross|Metagross-Mega, L50, shiny
|-mega|p1a: Metagross|Metagross|Metagrossite
|move|p2b: Delphox|Protect|p2b: Delphox
|-singleturn|p2b: Delphox|Protect
|move|p1a: Metagross|Iron Defense|p1a: Metagross
|-boost|p1a: Metagross|def|2
|move|p1b: Politoed|Perish Song|p1b: Politoed
|-start|p1a: Metagross|perish3|[silent]
|-start|p1b: Politoed|perish3|[silent]
|-start|p2a: Sinistcha|perish3|[silent]
|-start|p2b: Delphox|perish3|[silent]
|-fieldactivate|move: Perish Song
|move|p2a: Sinistcha|Strength Sap|p1a: Metagross
|-unboost|p1a: Metagross|atk|1
|
|-weather|RainDance|[upkeep]
|-start|p2b: Delphox|perish3
|-start|p1a: Metagross|perish3
|-start|p1b: Politoed|perish3
|-start|p2a: Sinistcha|perish3
|upkeep
|turn|2
|
|t:|1784246657
|switch|p1a: Maushold|Maushold, L50|100/100
|detailschange|p2b: Delphox|Delphox-Mega, L50, F
|-mega|p2b: Delphox|Delphox|Delphoxite
|move|p2a: Sinistcha|Rage Powder|p2a: Sinistcha
|-singleturn|p2a: Sinistcha|move: Rage Powder
|move|p2b: Delphox|Psychic|p1b: Politoed
|-damage|p1b: Politoed|66/100
|move|p1b: Politoed|Ice Beam|p2a: Sinistcha
|-supereffective|p2a: Sinistcha|1
|-damage|p2a: Sinistcha|51/100
|
|-weather|RainDance|[upkeep]
|-heal|p1b: Politoed|72/100|[from] item: Leftovers
|-start|p2b: Delphox|perish2
|-start|p1b: Politoed|perish2
|-start|p2a: Sinistcha|perish2
|upkeep
|turn|3
|
|t:|1784246672
|switch|p2b: Ninetales|Ninetales-Alola, L50, M|100/100
|-weather|Snowscape|[from] ability: Snow Warning|[of] p2b: Ninetales
|switch|p1b: Metagross|Metagross-Mega, L50, shiny|100/100
|move|p1a: Maushold|Taunt|p2b: Ninetales
|-start|p2b: Ninetales|move: Taunt
|move|p2a: Sinistcha|Matcha Gotcha|p1b: Metagross|[spread] p1b
|-miss|p2a: Sinistcha|p1a: Maushold
|-resisted|p1b: Metagross|1
|-damage|p1b: Metagross|93/100
|-heal|p2a: Sinistcha|55/100|[from] drain|[of] p1b: Metagross
|
|-weather|Snowscape|[upkeep]
|-start|p2a: Sinistcha|perish1
|upkeep
|turn|4
|
|t:|1784246692
|switch|p2b: Staraptor|Staraptor, L50, M|100/100
|-ability|p2b: Staraptor|Intimidate|boost
|-unboost|p1a: Maushold|atk|1
|-unboost|p1b: Metagross|atk|1
|move|p1a: Maushold|Taunt|p2b: Staraptor
|-start|p2b: Staraptor|move: Taunt
|move|p1b: Metagross|Iron Defense|p1b: Metagross
|-boost|p1b: Metagross|def|2
|move|p2a: Sinistcha|Matcha Gotcha|p1a: Maushold|[spread] p1a,p1b
|-resisted|p1b: Metagross|1
|-damage|p1a: Maushold|74/100
|-heal|p2a: Sinistcha|67/100|[from] drain|[of] p1a: Maushold
|-damage|p1b: Metagross|86/100
|-heal|p2a: Sinistcha|71/100|[from] drain|[of] p1b: Metagross
|
|-weather|Snowscape|[upkeep]
|-start|p2a: Sinistcha|perish0
|upkeep
|faint|p2a: Sinistcha
|inactive|Battle timer is ON: inactive players will automatically lose when time's up. (requested by master 792)
|
|t:|1784246709
|switch|p2a: Delphox|Delphox-Mega, L50, F|100/100
|turn|5
|
|t:|1784246718
|move|p2a: Delphox|Heat Wave|p1b: Metagross|[spread] p1a,p1b
|-supereffective|p1b: Metagross|1
|-damage|p1a: Maushold|25/100
|-damage|p1b: Metagross|33/100
|move|p2b: Staraptor|Close Combat|p1a: Maushold
|-supereffective|p1a: Maushold|1
|-enditem|p1a: Maushold|Chople Berry|[eat]
|-enditem|p1a: Maushold|Chople Berry|[weaken]
|-damage|p1a: Maushold|0 fnt
|-unboost|p2b: Staraptor|def|1
|-unboost|p2b: Staraptor|spd|1
|faint|p1a: Maushold
|move|p1b: Metagross|Body Press|p2b: Staraptor
|-damage|p2b: Staraptor|0 fnt
|faint|p2b: Staraptor
|
|-weather|Snowscape|[upkeep]
|upkeep
|
|t:|1784246736
|switch|p2b: Ninetales|Ninetales-Alola, L50, M|100/100
|switch|p1a: Sinistcha|Sinistcha, L50, shiny|100/100
|-heal|p1b: Metagross|58/100|[from] ability: Hospitality|[of] p1a: Sinistcha
|turn|6
|
|t:|1784246743
|switch|p1b: Politoed|Politoed, L50, F|72/100
|-weather|RainDance|[from] ability: Drizzle|[of] p1b: Politoed
|move|p2a: Delphox|Heat Wave|p1a: Sinistcha|[spread] p1a,p1b
|-supereffective|p1a: Sinistcha|1
|-resisted|p1b: Politoed|1
|-damage|p1a: Sinistcha|59/100
|-damage|p1b: Politoed|63/100
|move|p2b: Ninetales|Freeze-Dry|p1a: Sinistcha
|-supereffective|p1a: Sinistcha|1
|-damage|p1a: Sinistcha|1/100
|-enditem|p1a: Sinistcha|Sitrus Berry|[eat]
|-heal|p1a: Sinistcha|25/100|[from] item: Sitrus Berry
|move|p1a: Sinistcha|Trick Room|p1a: Sinistcha
|-fieldstart|move: Trick Room|[of] p1a: Sinistcha
|
|-weather|RainDance|[upkeep]
|-heal|p1b: Politoed|69/100|[from] item: Leftovers
|upkeep
|turn|7
|
|t:|1784246761
|move|p1b: Politoed|Weather Ball|p2b: Ninetales
|-damage|p2b: Ninetales|36/100
|move|p1a: Sinistcha|Life Dew|p1a: Sinistcha|[spread] p1a,p1b
|-heal|p1a: Sinistcha|51/100
|-heal|p1b: Politoed|94/100
|move|p2b: Ninetales|Freeze-Dry|p1a: Sinistcha
|-supereffective|p1a: Sinistcha|1
|-damage|p1a: Sinistcha|0 fnt
|faint|p1a: Sinistcha
|move|p2a: Delphox|Heat Wave|p1b: Politoed
|-resisted|p1b: Politoed|1
|-damage|p1b: Politoed|83/100
|
|-weather|RainDance|[upkeep]
|-heal|p1b: Politoed|89/100|[from] item: Leftovers
|upkeep
|
|t:|1784246765
|switch|p1a: Metagross|Metagross-Mega, L50, shiny|58/100
|turn|8
|
|t:|1784246782
|move|p1b: Politoed|Weather Ball|p2a: Delphox
|-supereffective|p2a: Delphox|1
|-damage|p2a: Delphox|12/100
|move|p1a: Metagross|Body Press|p2b: Ninetales
|-damage|p2b: Ninetales|0 fnt
|faint|p2b: Ninetales
|move|p2a: Delphox|Heat Wave|p1b: Politoed|[spread] p1a,p1b
|-supereffective|p1a: Metagross|1
|-resisted|p1b: Politoed|1
|-damage|p1a: Metagross|25/100
|-damage|p1b: Politoed|81/100
|-status|p1b: Politoed|brn
|
|-weather|RainDance|[upkeep]
|-heal|p1b: Politoed|88/100 brn|[from] item: Leftovers
|-damage|p1b: Politoed|81/100 brn|[from] brn
|upkeep
|turn|9
|
|t:|1784246804
|move|p1b: Politoed|Weather Ball|p2a: Delphox
|-supereffective|p2a: Delphox|1
|-damage|p2a: Delphox|0 fnt
|faint|p2a: Delphox
|
|win|master 792
|raw|master 792's rating: 1269 → 1285(+16 for winning)
|raw|dr holly's rating: 1145 → 1129(-16 for losing)
|l|☆dr holly
|player|p2|
|c|☆master 792|gg
