|j|☆castoriceball
|j|☆DrLuca935
|html|castoriceballDrLuca935    
|uhtml|bestof|Game 1 of a best-of-3
|t:|1785650226
|gametype|doubles
|player|p1|castoriceball|miku-flying|1262
|player|p2|DrLuca935|hilbert|1244
|gen|9
|tier|[Gen 9 Champions] VGC 2026 Reg M-B (Bo3)
|rated|
|rule|Species Clause: Limit one of each Pokémon
|rule|Item Clause: Limit 1 of each item
|clearpoke
|poke|p1|Raichu, L50, M, shiny|
|poke|p1|Mamoswine, L50, M|
|poke|p1|Basculegion, L50, M, shiny|
|poke|p1|Farigiraf, L50, M|
|poke|p1|Sylveon, L50, M|
|poke|p1|Torkoal, L50, M|
|poke|p2|Farigiraf, L50, F|
|poke|p2|Scovillain, L50, M|
|poke|p2|Annihilape, L50, M|
|poke|p2|Tyranitar, L50, F|
|poke|p2|Corviknight, L50, M|
|poke|p2|Sylveon, L50, F|
|teampreview|4
|showteam|p1|Raichu||RaichuniteY|LightningRod|ZapCannon,FocusBlast,FakeOut,Protect|Timid||M|||50|]Mamoswine||FocusSash|Oblivious|IcicleCrash,HighHorsepower,IceShard,Protect|Adamant||M|||50|]Basculegion||LifeOrb|Adaptability|LastRespects,WaveCrash,AquaJet,Protect|Adamant||M|||50|]Farigiraf||SitrusBerry|ArmorTail|Psychic,HelpingHand,TrickRoom,Protect|Bold||M|||50|]Sylveon||FairyFeather|Pixilate|HyperVoice,QuickAttack,HyperBeam,Detect|Modest||M|||50|]Torkoal||Charcoal|Drought|Eruption,WeatherBall,SolarBeam,Protect|Quiet||M|||50|
|showteam|p2|Farigiraf||SitrusBerry|ArmorTail|HelpingHand,Psychic,Thunderbolt,TrickRoom|Calm||F|||50|]Scovillain||Scovillainite|Chlorophyll|Protect,GigaDrain,Overheat,RagePowder|Bold||M|||50|]Annihilape||Leftovers|Defiant|Protect,BulkUp,RageFist,DrainPunch|Jolly||M|||50|]Tyranitar||ChopleBerry|SandStream|RockSlide,KnockOff,Protect,ThunderPunch|Brave||F|||50|]Corviknight||OccaBerry|MirrorArmor|IronHead,BraveBird,Tailwind,Protect|Adamant||M|||50|]Sylveon||LifeOrb|Pixilate|HyperVoice,Protect,QuickAttack,Psychic|Modest||F|||50|
|inactive|Battle timer is ON: inactive players will automatically lose when time's up. (requested by DrLuca935)
|inactive|castoriceball has 60 seconds left.
|inactive|DrLuca935 has 60 seconds left.
|
|t:|1785650278
|teamsize|p1|4
|teamsize|p2|4
|start
|switch|p1a: WHYYCHU|Raichu, L50, M, shiny|100/100
|switch|p1b: WolfeyFriendReal|Farigiraf, L50, M|100/100
|switch|p2a: Spicy Guy|Scovillain, L50, M|100/100
|switch|p2b: Angry guy|Annihilape, L50, M|100/100
|turn|1
|inactive|castoriceball has 30 seconds left.
|inactive|DrLuca935 has 30 seconds left.
|inactive|castoriceball has 20 seconds left.
|inactive|DrLuca935 has 20 seconds left.
|inactive|castoriceball has 15 seconds left.
|inactive|castoriceball has 10 seconds left.
|inactive|DrLuca935 has 15 seconds left.
|inactive|castoriceball has 5 seconds left.
|
|t:|1785650328
|switch|p1a: turtle|Torkoal, L50, M|100/100
|-weather|SunnyDay|[from] ability: Drought|[of] p1a: turtle
|detailschange|p2a: Spicy Guy|Scovillain-Mega, L50, M
|-mega|p2a: Spicy Guy|Scovillain|Scovillainite
|move|p2b: Angry guy|Drain Punch|p1a: turtle
|-damage|p1a: turtle|76/100
|move|p2a: Spicy Guy|Giga Drain|p1a: turtle
|-resisted|p1a: turtle|1
|-damage|p1a: turtle|52/100
|move|p1b: WolfeyFriendReal|Trick Room|p1b: WolfeyFriendReal
|-fieldstart|move: Trick Room|[of] p1b: WolfeyFriendReal
|
|-weather|SunnyDay|[upkeep]
|upkeep
|turn|2
|
|t:|1785650353
|switch|p1b: budget floette|Sylveon, L50, M|100/100
|switch|p2b: Tyranitar|Tyranitar, L50, F|100/100
|-weather|Sandstorm|[from] ability: Sand Stream|[of] p2b: Tyranitar
|move|p1a: turtle|Weather Ball|p2a: Spicy Guy
|-supereffective|p2a: Spicy Guy|1
|-damage|p2a: Spicy Guy|41/100
|-immune|p1a: turtle
|move|p2a: Spicy Guy|Giga Drain|p1a: turtle
|-resisted|p1a: turtle|1
|-damage|p1a: turtle|30/100
|-heal|p2a: Spicy Guy|53/100|[from] drain|[of] p1a: turtle
|
|-weather|Sandstorm|[upkeep]
|-damage|p1a: turtle|24/100|[from] Sandstorm
|-damage|p1b: budget floette|93/100|[from] Sandstorm
|-damage|p2a: Spicy Guy|47/100|[from] Sandstorm
|upkeep
|turn|3
|inactive|DrLuca935 has 30 seconds left.
|inactive|DrLuca935 has 20 seconds left.
|inactive|DrLuca935 has 15 seconds left.
|
|t:|1785650395
|move|p2b: Tyranitar|Protect|p2b: Tyranitar
|-singleturn|p2b: Tyranitar|Protect
|move|p1a: turtle|Weather Ball|p2a: Spicy Guy
|-supereffective|p2a: Spicy Guy|1
|-damage|p2a: Spicy Guy|0 fnt
|-immune|p1a: turtle
|faint|p2a: Spicy Guy
|move|p1b: budget floette|Hyper Voice|p2b: Tyranitar
|-activate|p2b: Tyranitar|move: Protect
|
|-weather|Sandstorm|[upkeep]
|-damage|p1a: turtle|18/100|[from] Sandstorm
|-damage|p1b: budget floette|87/100|[from] Sandstorm
|upkeep
|
|t:|1785650407
|switch|p2a: Corviknight|Corviknight, L50, M|100/100
|turn|4
|l|☆DrLuca935
|inactive|DrLuca935 disconnected and has a minute to reconnect!
|player|p2|
|j|☆DrLuca935
|inactive|DrLuca935 reconnected.
|player|p2|DrLuca935|hilbert|
|inactive|castoriceball has 30 seconds left.
|inactive|castoriceball has 20 seconds left.
|inactive|castoriceball has 15 seconds left.
|inactive|castoriceball has 10 seconds left.
|
|t:|1785650452
|move|p1a: turtle|Weather Ball|p2a: Corviknight
|-damage|p2a: Corviknight|68/100
|move|p2b: Tyranitar|Rock Slide|p1b: budget floette|[spread] p1a,p1b
|-supereffective|p1a: turtle|1
|-damage|p1a: turtle|0 fnt
|-damage|p1b: budget floette|48/100
|faint|p1a: turtle
|move|p1b: budget floette|Hyper Voice|p2b: Tyranitar|[spread] p2a,p2b
|-resisted|p2a: Corviknight|1
|-supereffective|p2b: Tyranitar|1
|-damage|p2a: Corviknight|42/100
|-damage|p2b: Tyranitar|51/100
|move|p2a: Corviknight|Iron Head|p1b: budget floette
|-supereffective|p1b: budget floette|1
|-damage|p1b: budget floette|0 fnt
|faint|p1b: budget floette
|
|-weather|Sandstorm|[upkeep]
|upkeep
|
|t:|1785650462
|switch|p1a: WolfeyFriendReal|Farigiraf, L50, M|100/100
|switch|p1b: WHYYCHU|Raichu, L50, M, shiny|100/100
|turn|5
|
|t:|1785650475
|detailschange|p1b: WHYYCHU|Raichu-Mega-Y, L50, M, shiny
|-mega|p1b: WHYYCHU|Raichu|Raichunite Y
|move|p1b: WHYYCHU|Protect|p1b: WHYYCHU
|-singleturn|p1b: WHYYCHU|Protect
|move|p2b: Tyranitar|Rock Slide|p1b: WHYYCHU|[spread] p1a
|-activate|p1b: WHYYCHU|move: Protect
|-crit|p1a: WolfeyFriendReal
|-damage|p1a: WolfeyFriendReal|64/100
|move|p1a: WolfeyFriendReal|Psychic|p2a: Corviknight
|-resisted|p2a: Corviknight|1
|-damage|p2a: Corviknight|24/100
|-ability|p2a: Corviknight|Mirror Armor
|-unboost|p1a: WolfeyFriendReal|spd|1
|move|p2a: Corviknight|Tailwind|p2a: Corviknight
|-sidestart|p2: DrLuca935|move: Tailwind
|
|-weather|Sandstorm|[upkeep]
|-damage|p1a: WolfeyFriendReal|58/100|[from] Sandstorm
|-damage|p1b: WHYYCHU|93/100|[from] Sandstorm
|-fieldend|move: Trick Room
|upkeep
|turn|6
|
|t:|1785650492
|move|p2a: Corviknight|Brave Bird|p1b: WHYYCHU
|-resisted|p1b: WHYYCHU|1
|-damage|p1b: WHYYCHU|54/100
|-damage|p2a: Corviknight|13/100|[from] Recoil
|move|p1b: WHYYCHU|Focus Blast|p2b: Tyranitar
|-supereffective|p2b: Tyranitar|2
|-enditem|p2b: Tyranitar|Chople Berry|[eat]
|-enditem|p2b: Tyranitar|Chople Berry|[weaken]
|-damage|p2b: Tyranitar|4/100
|move|p2b: Tyranitar|Knock Off|p1a: WolfeyFriendReal
|-supereffective|p1a: WolfeyFriendReal|1
|-damage|p1a: WolfeyFriendReal|0 fnt
|-enditem|p1a: WolfeyFriendReal|Sitrus Berry|[from] move: Knock Off|[of] p2b: Tyranitar
|faint|p1a: WolfeyFriendReal
|
|-weather|none
|upkeep
|turn|7
|
|t:|1785650507
|move|p1b: WHYYCHU|Protect|p1b: WHYYCHU
|-singleturn|p1b: WHYYCHU|Protect
|move|p2a: Corviknight|Iron Head|p1b: WHYYCHU
|-activate|p1b: WHYYCHU|move: Protect
|move|p2b: Tyranitar|Knock Off|p1b: WHYYCHU
|-activate|p1b: WHYYCHU|move: Protect
|
|upkeep
|turn|8
|
|t:|1785650514
|move|p2a: Corviknight|Iron Head|p1b: WHYYCHU
|-resisted|p1b: WHYYCHU|1
|-damage|p1b: WHYYCHU|26/100
|move|p1b: WHYYCHU|Focus Blast|p2b: Tyranitar
|-supereffective|p2b: Tyranitar|2
|-damage|p2b: Tyranitar|0 fnt
|faint|p2b: Tyranitar
|
|-sideend|p2: DrLuca935|move: Tailwind
|upkeep
|
|t:|1785650518
|switch|p2b: Angry guy|Annihilape, L50, M|100/100
|turn|9
|
|t:|1785650530
|move|p1b: WHYYCHU|Zap Cannon|p2b: Angry guy
|-damage|p2b: Angry guy|41/100
|-status|p2b: Angry guy|par
|move|p2a: Corviknight|Tailwind|p2a: Corviknight
|-sidestart|p2: DrLuca935|move: Tailwind
|move|p2b: Angry guy|Drain Punch|p1b: WHYYCHU
|-damage|p1b: WHYYCHU|0 fnt
|-heal|p2b: Angry guy|52/100 par|[from] drain|[of] p1b: WHYYCHU
|faint|p1b: WHYYCHU
|
|win|DrLuca935
||DrLuca935 is ready for game 2.
|inactive|castoriceball has 30 seconds to confirm battle start!
