|j|☆Cesar Aderezo
|j|☆dogggybears
|html|Cesar Aderezodogggybears    
|uhtml|bestof|Game 2 of a best-of-3
|t:|1757626671
|gametype|doubles
|player|p1|Cesar Aderezo|brock|1177
|player|p2|dogggybears|roxie|1246
|gen|9
|tier|[Gen 9] VGC 2025 Reg H (Bo3)
|rated|
|rule|Species Clause: Limit one of each Pokémon
|rule|Item Clause: Limit 1 of each item
|clearpoke
|poke|p1|Tyranitar, L50, M|
|poke|p1|Garchomp, L50, M|
|poke|p1|Talonflame, L50, M|
|poke|p1|Gholdengo, L50|
|poke|p1|Primarina, L50, F|
|poke|p1|Rillaboom, L50, F|
|poke|p2|Sneasler, L50, F|
|poke|p2|Indeedee, L50, M|
|poke|p2|Volcarona, L50, M|
|poke|p2|Ursaluna-Bloodmoon, L50, M|
|poke|p2|Annihilape, L50, F|
|poke|p2|Tyranitar, L50, M|
|teampreview|4
|showteam|p1|Tyranitar||AssaultVest|SandStream|RockSlide,KnockOff,LowKick,TeraBlast|||M|||50|,,,,,Flying]Garchomp||LifeOrb|SandVeil|Earthquake,DragonClaw,StompingTantrum,Protect|||M|||50|,,,,,Steel]Talonflame||CovertCloak|GaleWings|Tailwind,WillOWisp,BraveBird,Taunt|||M|||50|,,,,,Fairy]Gholdengo||ChoiceSpecs|GoodasGold|MakeItRain,ShadowBall,Thunderbolt,FocusBlast||||||50|,,,,,Steel]Primarina||SitrusBerry|LiquidVoice|HyperVoice,Moonblast,Haze,Protect|||F|||50|,,,,,Poison]Rillaboom||MiracleSeed|GrassySurge|FakeOut,WoodHammer,GrassyGlide,HighHorsepower|||F|||50|,,,,,Fire
|showteam|p2|Sneasler||PsychicSeed|Unburden|CloseCombat,DireClaw,ThroatChop,Protect|||F|||50|,,,,,Dark]Indeedee||ChoiceScarf|PsychicSurge|ExpandingForce,TeraBlast,Trick,Protect|||M|||50|,,,,,Psychic]Volcarona||SitrusBerry|FlameBody|Overheat,StruggleBug,RagePowder,Tailwind|||M|||50|,,,,,Grass]Ursaluna-Bloodmoon||LifeOrb|MindsEye|BloodMoon,HyperVoice,EarthPower,Protect|||M|||50|,,,,,Normal]Annihilape||SafetyGoggles|Defiant|CloseCombat,RageFist,Taunt,FinalGambit|||F|||50|,,,,,Fairy]Tyranitar||AssaultVest|SandStream|RockSlide,KnockOff,TeraBlast,LowKick|||M|||50|,,,,,Flying
|inactive|Battle timer is ON: inactive players will automatically lose when time's up. (requested by dogggybears)
|inactive|dogggybears has 60 seconds left.
|
|t:|1757626718
|teamsize|p1|4
|teamsize|p2|4
|start
|switch|p1a: Talonflame|Talonflame, L50, M|100/100
|switch|p1b: Gholdengo|Gholdengo, L50|100/100
|switch|p2a: Volcarona|Volcarona, L50, M|100/100
|switch|p2b: Tyranitar|Tyranitar, L50, M|100/100
|-weather|Sandstorm|[from] ability: Sand Stream|[of] p2b: Tyranitar
|turn|1
|
|t:|1757626733
|move|p1a: Talonflame|Brave Bird|p2a: Volcarona
|-supereffective|p2a: Volcarona
|-damage|p2a: Volcarona|0 fnt
|faint|p2a: Volcarona
|-damage|p1a: Talonflame|62/100|[from] Recoil
|move|p1b: Gholdengo|Make It Rain|p2b: Tyranitar
|-supereffective|p2b: Tyranitar
|-damage|p2b: Tyranitar|20/100
|-unboost|p1b: Gholdengo|spa|1
|move|p2b: Tyranitar|Rock Slide|p1a: Talonflame|[spread] p1a,p1b
|-supereffective|p1a: Talonflame
|-resisted|p1b: Gholdengo
|-damage|p1a: Talonflame|0 fnt
|-damage|p1b: Gholdengo|85/100
|faint|p1a: Talonflame
|
|-weather|Sandstorm|[upkeep]
|upkeep
|
|t:|1757626749
|switch|p1a: Primarina|Primarina, L50, F|100/100
|switch|p2a: Sneasler|Sneasler, L50, F|100/100
|turn|2
|
|t:|1757626773
|switch|p2b: Indeedee|Indeedee, L50, M|100/100
|-fieldstart|move: Psychic Terrain|[from] ability: Psychic Surge|[of] p2b: Indeedee
|-enditem|p2a: Sneasler|Psychic Seed
|-boost|p2a: Sneasler|spd|1|[from] item: Psychic Seed
|-terastallize|p1a: Primarina|Poison
|move|p2a: Sneasler|Throat Chop|p1b: Gholdengo
|-supereffective|p1b: Gholdengo
|-damage|p1b: Gholdengo|23/100
|-start|p1b: Gholdengo|Throat Chop|[silent]
|move|p1b: Gholdengo|Make It Rain|p2b: Indeedee|[spread] p2a,p2b
|-damage|p2a: Sneasler|50/100
|-damage|p2b: Indeedee|27/100
|-unboost|p1b: Gholdengo|spa|1
|move|p1a: Primarina|Haze|p1a: Primarina
|-clearallboost
|
|-weather|Sandstorm|[upkeep]
|-damage|p2a: Sneasler|44/100|[from] Sandstorm
|-damage|p2b: Indeedee|21/100|[from] Sandstorm
|-damage|p1a: Primarina|95/100|[from] Sandstorm
|upkeep
|turn|3
|inactive|Cesar Aderezo has 30 seconds left.
|
|t:|1757626800
|switch|p1b: Rillaboom|Rillaboom, L50, F|100/100
|-fieldstart|move: Grassy Terrain|[from] ability: Grassy Surge|[of] p1b: Rillaboom
|-terastallize|p2b: Indeedee|Psychic
|move|p2a: Sneasler|Dire Claw|p1b: Rillaboom
|-supereffective|p1b: Rillaboom
|-damage|p1b: Rillaboom|18/100
|-status|p1b: Rillaboom|slp
|move|p2b: Indeedee|Expanding Force|p1a: Primarina
|-supereffective|p1a: Primarina
|-damage|p1a: Primarina|9/100
|-enditem|p1a: Primarina|Sitrus Berry|[eat]
|-heal|p1a: Primarina|34/100|[from] item: Sitrus Berry
|move|p1a: Primarina|Hyper Voice|p2b: Indeedee|[spread] p2a,p2b
|-damage|p2a: Sneasler|0 fnt
|-damage|p2b: Indeedee|0 fnt
|faint|p2a: Sneasler
|faint|p2b: Indeedee
|
|-weather|Sandstorm|[upkeep]
|-damage|p1b: Rillaboom|12/100 slp|[from] Sandstorm
|-damage|p1a: Primarina|28/100|[from] Sandstorm
|-heal|p1b: Rillaboom|18/100 slp|[from] Grassy Terrain
|-heal|p1a: Primarina|34/100|[from] Grassy Terrain
|upkeep
|
|t:|1757626809
|switch|p2a: Tyranitar|Tyranitar, L50, M|20/100
|turn|4
|inactive|Cesar Aderezo has 30 seconds left.
|
|t:|1757626843
|cant|p1b: Rillaboom|slp
|move|p2a: Tyranitar|Rock Slide|p1a: Primarina|[spread] p1a,p1b
|-damage|p1a: Primarina|0 fnt
|-damage|p1b: Rillaboom|0 fnt
|faint|p1a: Primarina
|faint|p1b: Rillaboom
|
|-weather|Sandstorm|[upkeep]
|-heal|p2a: Tyranitar|26/100|[from] Grassy Terrain
|upkeep
|
|t:|1757626849
|switch|p1b: Gholdengo|Gholdengo, L50|23/100
|turn|5
|
|t:|1757626854
|move|p1b: Gholdengo|Make It Rain|p2a: Tyranitar
|-supereffective|p2a: Tyranitar
|-damage|p2a: Tyranitar|0 fnt
|-unboost|p1b: Gholdengo|spa|1
|faint|p2a: Tyranitar
|
|win|Cesar Aderezo
|raw|Cesar Aderezo's rating: 1177 → 1207(+30 for winning)
|raw|dogggybears's rating: 1246 → 1216(-30 for losing)
|l|☆Cesar Aderezo
|player|p1|
