|j|☆capspungo
|j|☆Diegoelsocorrista
|html|capspungoDiegoelsocorrista    
|uhtml|bestof|Game 1 of a best-of-3
|t:|1757785799
|gametype|doubles
|player|p1|capspungo|1|1052
|player|p2|Diegoelsocorrista|blaine|1083
|gen|9
|tier|[Gen 9] VGC 2025 Reg H (Bo3)
|rated|
|rule|Species Clause: Limit one of each Pokémon
|rule|Item Clause: Limit 1 of each item
|clearpoke
|poke|p1|Dragonite, L50, M|
|poke|p1|Ursaluna-Bloodmoon, L50, M|
|poke|p1|Annihilape, L50, F|
|poke|p1|Volcarona, L50, M|
|poke|p1|Rillaboom, L50, F|
|poke|p1|Incineroar, L50, M|
|poke|p2|Archaludon, L50, F|
|poke|p2|Rillaboom, L50, F|
|poke|p2|Basculegion, L50, M|
|poke|p2|Kingambit, L50, F|
|poke|p2|Pelipper, L50, M|
|poke|p2|Electabuzz, L50, F|
|teampreview|4
|showteam|p1|Dragonite||LoadedDice|Multiscale|Protect,ScaleShot,Tailwind,Haze|||M|||50|,,,,,Steel]Ursaluna-Bloodmoon||FocusSash|MindsEye|Protect,BloodMoon,EarthPower,HyperVoice|||M|||50|,,,,,Normal]Annihilape||LumBerry|Defiant|Coaching,RageFist,CloseCombat,Taunt|||F|||50|,,,,,Fire]Volcarona||CovertCloak|FlameBody|Protect,QuiverDance,HeatWave,TeraBlast|||M|||50|,,,,,Fairy]Rillaboom||AssaultVest|GrassySurge|FakeOut,WoodHammer,GrassyGlide,HighHorsepower|||F|||50|,,,,,Fire]Incineroar||SafetyGoggles|Intimidate|FakeOut,PartingShot,FlareBlitz,KnockOff|||M|||50|,,,,,Ghost
|showteam|p2|Archaludon||AssaultVest|Stamina|ElectroShot,DracoMeteor,FlashCannon,BodyPress|||F|||50|,,,,,Fairy]Rillaboom||LoadedDice|GrassySurge|BulletSeed,GrassyGlide,FakeOut,Uturn|||F|||50|,,,,,Fire]Basculegion||ChoiceBand|SwiftSwim|WaveCrash,LastRespects,FlipTurn,AquaJet|||M|||50|,,,,,Grass]Kingambit||BlackGlasses|Defiant|KowtowCleave,SuckerPunch,SwordsDance,Protect|||F|||50|,,,,,Dark]Pelipper||FocusSash|Drizzle|WeatherBall,Hurricane,Tailwind,Protect|||M|||50|,,,,,Ghost]Electabuzz||Eviolite|VitalSpirit|Electroweb,Taunt,FollowMe,Protect|||F|||50|,,,,,Ghost
|inactive|Battle timer is ON: inactive players will automatically lose when time's up. (requested by capspungo)
|inactive|Diegoelsocorrista has 60 seconds left.
|inactive|Diegoelsocorrista has 30 seconds left.
|
|t:|1757785889
|teamsize|p1|4
|teamsize|p2|4
|start
|switch|p1a: Dragonite|Dragonite, L50, M|100/100
|switch|p1b: Annihilape|Annihilape, L50, F, shiny|100/100
|switch|p2a: Rillaboom|Rillaboom, L50, F|100/100
|switch|p2b: Pelipper|Pelipper, L50, M|100/100
|-fieldstart|move: Grassy Terrain|[from] ability: Grassy Surge|[of] p2a: Rillaboom
|-weather|RainDance|[from] ability: Drizzle|[of] p2b: Pelipper
|turn|1
|inactive|capspungo has 30 seconds left.
|
|t:|1757785919
|switch|p2b: Archaludon|Archaludon, L50, F, shiny|100/100
|move|p1b: Annihilape|Coaching|p1a: Dragonite
|-boost|p1a: Dragonite|atk|1
|-boost|p1a: Dragonite|def|1
|move|p1a: Dragonite|Scale Shot|p2b: Archaludon
|-damage|p2b: Archaludon|84/100
|-ability|p2b: Archaludon|Stamina|boost
|-boost|p2b: Archaludon|def|1
|-damage|p2b: Archaludon|75/100
|-ability|p2b: Archaludon|Stamina|boost
|-boost|p2b: Archaludon|def|1
|-damage|p2b: Archaludon|67/100
|-ability|p2b: Archaludon|Stamina|boost
|-boost|p2b: Archaludon|def|1
|-damage|p2b: Archaludon|62/100
|-ability|p2b: Archaludon|Stamina|boost
|-boost|p2b: Archaludon|def|1
|-hitcount|p2b: Archaludon|4
|-unboost|p1a: Dragonite|def|1
|-boost|p1a: Dragonite|spe|1
|move|p2a: Rillaboom|Bullet Seed|p2b: Archaludon
|-resisted|p2b: Archaludon
|-damage|p2b: Archaludon|61/100
|-ability|p2b: Archaludon|Stamina|boost
|-boost|p2b: Archaludon|def|1
|-resisted|p2b: Archaludon
|-damage|p2b: Archaludon|60/100
|-ability|p2b: Archaludon|Stamina|boost
|-boost|p2b: Archaludon|def|1
|-resisted|p2b: Archaludon
|-damage|p2b: Archaludon|60/100
|-resisted|p2b: Archaludon
|-damage|p2b: Archaludon|59/100
|-resisted|p2b: Archaludon
|-damage|p2b: Archaludon|59/100
|-hitcount|p2b: Archaludon|5
|
|-weather|RainDance|[upkeep]
|-heal|p2b: Archaludon|65/100|[from] Grassy Terrain
|upkeep
|turn|2
|inactive|capspungo has 30 seconds left.
|inactive|Diegoelsocorrista has 30 seconds left.
|inactive|capspungo has 20 seconds left.
|inactive|Diegoelsocorrista has 20 seconds left.
|inactive|capspungo has 15 seconds left.
|inactive|Diegoelsocorrista has 15 seconds left.
|inactive|capspungo has 10 seconds left.
|inactive|Diegoelsocorrista has 10 seconds left.
|
|t:|1757785967
|-terastallize|p2b: Archaludon|Fairy
|move|p1a: Dragonite|Haze|p1a: Dragonite
|-clearallboost
|move|p1b: Annihilape|Close Combat|p2b: Archaludon
|-resisted|p2b: Archaludon
|-damage|p2b: Archaludon|47/100
|-unboost|p1b: Annihilape|def|1
|-unboost|p1b: Annihilape|spd|1
|-ability|p2b: Archaludon|Stamina|boost
|-boost|p2b: Archaludon|def|1
|move|p2a: Rillaboom|U-turn|p1a: Dragonite
|-resisted|p1a: Dragonite
|-damage|p1a: Dragonite|95/100
|
|t:|1757785980
|switch|p2a: Basculegion|Basculegion, L50, M|100/100|[from] U-turn
|move|p2b: Archaludon|Electro Shot||[still]
|-prepare|p2b: Archaludon|Electro Shot
|-boost|p2b: Archaludon|spa|1
|-anim|p2b: Archaludon|Electro Shot|p1a: Dragonite
|-damage|p1a: Dragonite|33/100
|
|-weather|RainDance|[upkeep]
|-heal|p2b: Archaludon|53/100|[from] Grassy Terrain
|upkeep
|turn|3
|inactive|capspungo has 30 seconds left.
|inactive|Diegoelsocorrista has 30 seconds left.
|inactive|capspungo has 20 seconds left.
|inactive|capspungo has 15 seconds left.
|
|t:|1757786022
|move|p2a: Basculegion|Wave Crash|p1b: Annihilape
|-damage|p1b: Annihilape|0 fnt
|faint|p1b: Annihilape
|-damage|p2a: Basculegion|68/100|[from] Recoil
|move|p1a: Dragonite|Tailwind|p1a: Dragonite
|-sidestart|p1: capspungo|move: Tailwind
|move|p2b: Archaludon|Electro Shot||[still]
|-prepare|p2b: Archaludon|Electro Shot
|-boost|p2b: Archaludon|spa|1
|-anim|p2b: Archaludon|Electro Shot|p1a: Dragonite
|-damage|p1a: Dragonite|0 fnt
|faint|p1a: Dragonite
|
|-weather|RainDance|[upkeep]
|-heal|p2a: Basculegion|74/100|[from] Grassy Terrain
|-heal|p2b: Archaludon|59/100|[from] Grassy Terrain
|upkeep
|
|t:|1757786031
|switch|p1b: Ursaluna|Ursaluna-Bloodmoon, L50, M|100/100
|switch|p1a: Volcarona|Volcarona, L50, M|100/100
|turn|4
|inactive|capspungo has 30 seconds left.
|inactive|Diegoelsocorrista has 30 seconds left.
|inactive|Diegoelsocorrista has 20 seconds left.
|inactive|Diegoelsocorrista has 15 seconds left.
|inactive|Diegoelsocorrista has 10 seconds left.
|
|t:|1757786080
|-terastallize|p1b: Ursaluna|Normal
|move|p1a: Volcarona|Heat Wave|p2a: Basculegion|[spread] p2a,p2b
|-resisted|p2a: Basculegion
|-damage|p2a: Basculegion|65/100
|-damage|p2b: Archaludon|48/100
|-ability|p2b: Archaludon|Stamina|boost
|-boost|p2b: Archaludon|def|1
|move|p2a: Basculegion|Wave Crash|p1b: Ursaluna
|-enditem|p1b: Ursaluna|Focus Sash
|-damage|p1b: Ursaluna|1/100
|-damage|p2a: Basculegion|33/100|[from] Recoil
|move|p1b: Ursaluna|Hyper Voice|p2a: Basculegion|[spread] p2a,p2b
|-damage|p2a: Basculegion|0 fnt
|-damage|p2b: Archaludon|13/100
|-ability|p2b: Archaludon|Stamina|boost
|-boost|p2b: Archaludon|def|1
|faint|p2a: Basculegion
|move|p2b: Archaludon|Electro Shot||[still]
|-prepare|p2b: Archaludon|Electro Shot
|-boost|p2b: Archaludon|spa|1
|-anim|p2b: Archaludon|Electro Shot|p1a: Volcarona
|-crit|p1a: Volcarona
|-damage|p1a: Volcarona|0 fnt
|faint|p1a: Volcarona
|
|-weather|RainDance|[upkeep]
|-heal|p1b: Ursaluna|7/100|[from] Grassy Terrain
|-heal|p2b: Archaludon|19/100|[from] Grassy Terrain
|upkeep
|
|t:|1757786093
|switch|p2a: Rillaboom|Rillaboom, L50, F|100/100
|turn|5
|-message|capspungo forfeited.
|
|win|Diegoelsocorrista
|l|☆capspungo
|player|p1|
||capspungo is ready for game 2.
||Diegoelsocorrista is ready for game 2.
|uhtml|next|Next: Game 2 of 3
