|j|☆dawnenen
|j|☆brutalandathebozz
|html|dawnenenbrutalandathebozz    
|uhtml|bestof|Game 3 of a best-of-3
|t:|1783252240
|gametype|doubles
|player|p1|dawnenen|galacticgruntf|1086
|player|p2|brutalandathebozz|265|1056
|gen|9
|tier|[Gen 9 Champions] VGC 2026 Reg M-B (Bo3)
|rated|
|rule|Species Clause: Limit one of each Pokémon
|rule|Item Clause: Limit 1 of each item
|clearpoke
|poke|p1|Incineroar, L50, M|
|poke|p1|Sneasler, L50, M|
|poke|p1|Garchomp, L50, F|
|poke|p1|Sinistcha, L50|
|poke|p1|Kingambit, L50, M|
|poke|p1|Floette-Eternal, L50, F|
|poke|p2|Pelipper, L50, F|
|poke|p2|Archaludon, L50, F|
|poke|p2|Sableye, L50, F|
|poke|p2|Swampert, L50, F|
|poke|p2|Incineroar, L50, F|
|poke|p2|Venusaur, L50, F|
|teampreview|4
|showteam|p1|Incineroar||Charcoal|Intimidate|FakeOut,PartingShot,FlareBlitz,DarkestLariat|Adamant||M|||50|]Sneasler||FocusSash|PoisonTouch|FakeOut,Coaching,PoisonJab,CloseCombat|Jolly||M|||50|]Garchomp||LifeOrb|RoughSkin|Earthquake,DragonClaw,RockSlide,Protect|Adamant||F|||50|]Sinistcha||OccaBerry|Hospitality|RagePowder,TrickRoom,MatchaGotcha,LifeDew|Bold|||||50|]Kingambit||ChopleBerry|Defiant|Protect,KowtowCleave,SuckerPunch,SwordsDance|Adamant||M|||50|]Floette-Eternal||Floettite|FlowerVeil|Protect,CalmMind,Moonblast,DrainingKiss|Modest||F|||50|
|showteam|p2|Pelipper||LifeOrb|Drizzle|Hurricane,WeatherBall,Tailwind,Protect|Timid||F|||50|]Archaludon||Leftovers|Stamina|ElectroShot,FlashCannon,DracoMeteor,Protect|Modest||F|||50|]Sableye||LightClay|Prankster|FoulPlay,Reflect,LightScreen,RainDance|Careful||F|||50|]Swampert||Swampertite|Torrent|WaveCrash,KnockOff,HighHorsepower,Protect|Adamant||F|||50|]Incineroar||SitrusBerry|Intimidate|PartingShot,ThroatChop,FlareBlitz,FakeOut|Impish||F|||50|]Venusaur||Venusaurite|Chlorophyll|SludgeBomb,GigaDrain,EarthPower,Protect|Modest||F|||50|
|inactive|Battle timer is ON: inactive players will automatically lose when time's up. (requested by dawnenen)
|
|t:|1783252269
|teamsize|p1|4
|teamsize|p2|4
|start
|switch|p1a: Incineroar|Incineroar, L50, M|100/100
|switch|p1b: Floette|Floette-Eternal, L50, F|100/100
|switch|p2a: Pelipper|Pelipper, L50, F|100/100
|switch|p2b: Venusaur|Venusaur, L50, F|100/100
|-weather|RainDance|[from] ability: Drizzle|[of] p2a: Pelipper
|-ability|p1a: Incineroar|Intimidate|boost
|-unboost|p2a: Pelipper|atk|1
|-unboost|p2b: Venusaur|atk|1
|turn|1
|inactive|brutalandathebozz has 30 seconds left.
|
|t:|1783252299
|detailschange|p1b: Floette|Floette-Mega, L50, F
|-mega|p1b: Floette|Floette|Floettite
|-ability|p1b: Floette|Fairy Aura
|detailschange|p2b: Venusaur|Venusaur-Mega, L50, F
|-mega|p2b: Venusaur|Venusaur|Venusaurite
|move|p1a: Incineroar|Fake Out|p2b: Venusaur
|-damage|p2b: Venusaur|89/100
|move|p1b: Floette|Calm Mind|p1b: Floette
|-boost|p1b: Floette|spa|1
|-boost|p1b: Floette|spd|1
|move|p2a: Pelipper|Weather Ball|p1a: Incineroar
|-supereffective|p1a: Incineroar|1
|-damage|p1a: Incineroar|0 fnt
|faint|p1a: Incineroar
|-damage|p2a: Pelipper|90/100|[from] item: Life Orb
|cant|p2b: Venusaur|flinch
|
|-weather|RainDance|[upkeep]
|upkeep
|
|t:|1783252316
|switch|p1a: Garchomp|Garchomp, L50, F|100/100
|turn|2
|
|t:|1783252335
|move|p1a: Garchomp|Rock Slide|p2a: Pelipper|[spread] p2a,p2b
|-supereffective|p2a: Pelipper|1
|-damage|p2a: Pelipper|22/100
|-damage|p2b: Venusaur|68/100
|-damage|p1a: Garchomp|90/100|[from] item: Life Orb
|move|p1b: Floette|Moonblast|p2a: Pelipper
|-damage|p2a: Pelipper|0 fnt
|faint|p2a: Pelipper
|move|p2b: Venusaur|Sludge Bomb|p1b: Floette
|-supereffective|p1b: Floette|1
|-damage|p1b: Floette|52/100
|
|-weather|RainDance|[upkeep]
|upkeep
|
|t:|1783252339
|switch|p2a: Incineroar|Incineroar, L50, F|100/100
|-ability|p2a: Incineroar|Intimidate|boost
|-unboost|p1a: Garchomp|atk|1
|-unboost|p1b: Floette|atk|1
|turn|3
|
|t:|1783252354
|switch|p1a: Sinistcha|Sinistcha, L50|100/100
|-heal|p1b: Floette|76/100|[from] ability: Hospitality|[of] p1a: Sinistcha
|switch|p2a: Archaludon|Archaludon, L50, F|100/100
|move|p1b: Floette|Protect|p1b: Floette
|-singleturn|p1b: Floette|Protect
|move|p2b: Venusaur|Sludge Bomb|p1b: Floette
|-activate|p1b: Floette|move: Protect
|
|-weather|RainDance|[upkeep]
|upkeep
|turn|4
|
|t:|1783252378
|move|p1a: Sinistcha|Rage Powder|p1a: Sinistcha
|-singleturn|p1a: Sinistcha|move: Rage Powder
|move|p1b: Floette|Moonblast|p2a: Archaludon
|-damage|p2a: Archaludon|0 fnt
|faint|p2a: Archaludon
|move|p2b: Venusaur|Sludge Bomb|p1b: Floette
|-supereffective|p1b: Floette|1
|-damage|p1b: Floette|32/100
|
|-weather|RainDance|[upkeep]
|upkeep
|
|t:|1783252383
|switch|p2a: Incineroar|Incineroar, L50, F|100/100
|-ability|p2a: Incineroar|Intimidate|boost
|-unboost|p1a: Sinistcha|atk|1
|-unboost|p1b: Floette|atk|1
|turn|5
|
|t:|1783252400
|switch|p1a: Garchomp|Garchomp, L50, F|90/100
|move|p1b: Floette|Protect|p1b: Floette
|-singleturn|p1b: Floette|Protect
|move|p2b: Venusaur|Sludge Bomb|p1a: Garchomp
|-resisted|p1a: Garchomp|1
|-damage|p1a: Garchomp|65/100
|-status|p1a: Garchomp|psn
|move|p2a: Incineroar|Throat Chop|p1a: Garchomp
|-damage|p1a: Garchomp|35/100 psn
|-start|p1a: Garchomp|Throat Chop|[silent]
|-damage|p2a: Incineroar|87/100|[from] ability: Rough Skin|[of] p1a: Garchomp
|
|-weather|none
|-damage|p1a: Garchomp|23/100 psn|[from] psn
|upkeep
|turn|6
|
|t:|1783252419
|switch|p1a: Sinistcha|Sinistcha, L50|100/100
|-heal|p1b: Floette|56/100|[from] ability: Hospitality|[of] p1a: Sinistcha
|move|p1b: Floette|Moonblast|p2a: Incineroar
|-damage|p2a: Incineroar|0 fnt
|faint|p2a: Incineroar
|move|p2b: Venusaur|Sludge Bomb|p1b: Floette
|-supereffective|p1b: Floette|1
|-damage|p1b: Floette|12/100
|-status|p1b: Floette|psn
|
|-damage|p1b: Floette|0 fnt|[from] psn
|faint|p1b: Floette
|upkeep
|
|t:|1783252432
|switch|p1b: Garchomp|Garchomp, L50, F|23/100 psn
|turn|7
|
|t:|1783252442
|move|p1b: Garchomp|Earthquake|p2b: Venusaur|[spread] p1a,p2b
|-resisted|p1a: Sinistcha|1
|-damage|p1a: Sinistcha|78/100
|-damage|p2b: Venusaur|22/100
|-damage|p1b: Garchomp|13/100 psn|[from] item: Life Orb
|move|p2b: Venusaur|Giga Drain|p1b: Garchomp
|-damage|p1b: Garchomp|0 fnt
|-heal|p2b: Venusaur|29/100|[from] drain|[of] p1b: Garchomp
|faint|p1b: Garchomp
|move|p1a: Sinistcha|Life Dew|p1a: Sinistcha
|-heal|p1a: Sinistcha|100/100
|
|upkeep
|turn|8
|
|t:|1783252467
|move|p2b: Venusaur|Sludge Bomb|p1a: Sinistcha
|-damage|p1a: Sinistcha|48/100
|move|p1a: Sinistcha|Matcha Gotcha|p2b: Venusaur
|-resisted|p2b: Venusaur|2
|-damage|p2b: Venusaur|22/100
|-heal|p1a: Sinistcha|51/100|[from] drain|[of] p2b: Venusaur
|
|upkeep
|turn|9
|c|☆dawnenen|hahahaha
|c|☆dawnenen|gg
|-message|dawnenen forfeited.
|
|win|brutalandathebozz
|raw|dawnenen's rating: 1086 → 1061(-25 for losing)
|raw|brutalandathebozz's rating: 1056 → 1090(+34 for winning)
|c|☆brutalandathebozz|gg haha
|c|☆dawnenen|nice team, I like venue on rain
|c|☆dawnenen|it's neat
|c|☆dawnenen|I think I should have KO'd venu rather than inch there
|l|☆dawnenen
|player|p1|
