|j|☆Prepucio Santos
|j|☆foshoow
|html|Prepucio Santosfoshoow    
|uhtml|bestof|Game 2 of a best-of-3
|t:|1783105654
|gametype|doubles
|player|p1|Prepucio Santos|striker|1103
|player|p2|foshoow|170|1073
|gen|9
|tier|[Gen 9 Champions] VGC 2026 Reg M-B (Bo3)
|rated|
|rule|Species Clause: Limit one of each Pokémon
|rule|Item Clause: Limit 1 of each item
|clearpoke
|poke|p1|Incineroar, L50, M|
|poke|p1|Sinistcha-Masterpiece, L50, shiny|
|poke|p1|Floette-Eternal, L50, F|
|poke|p1|Kingambit, L50, F|
|poke|p1|Sneasler, L50, M|
|poke|p1|Delphox, L50, F, shiny|
|poke|p2|Swampert, L50, M|
|poke|p2|Pelipper, L50, F|
|poke|p2|Archaludon, L50, M|
|poke|p2|Kangaskhan, L50, F|
|poke|p2|Meganium, L50, M|
|poke|p2|Mimikyu, L50, M|
|teampreview|4
|showteam|p1|Incineroar||SitrusBerry|Intimidate|FakeOut,PartingShot,ThroatChop,FlareBlitz|Careful||M|||50|]Sinistcha-Masterpiece||KasibBerry|Hospitality|MatchaGotcha,LifeDew,RagePowder,TrickRoom|Bold|||||50|]Floette-Eternal||Floettite|FlowerVeil|Moonblast,DazzlingGleam,CalmMind,Protect|Modest||F|||50|]Kingambit||BlackGlasses|Defiant|KowtowCleave,SuckerPunch,SwordsDance,Protect|Adamant||F|||50|]Sneasler||FocusSash|PoisonTouch|FakeOut,CloseCombat,DireClaw,QuickGuard|Jolly||M|||50|]Delphox||Delphoxite|Blaze|HeatWave,Psyshock,NastyPlot,Protect|Timid||F|||50|
|showteam|p2|Swampert||Swampertite|Torrent|Protect,WaveCrash,Earthquake,IcePunch|Adamant||M|||50|]Pelipper||FocusSash|Drizzle|Protect,Tailwind,IceBeam,Hurricane|Modest||F|||50|]Archaludon||Leftovers|Stamina|Protect,AuraSphere,ElectroShot,DragonPulse|Modest||M|||50|]Kangaskhan||LifeOrb|Scrappy|Protect,FakeOut,DoubleEdge,ShadowClaw|Adamant||F|||50|]Meganium||Meganiumite|Overgrow|Protect,SolarBeam,WeatherBall,DazzlingGleam|Modest||M|||50|]Mimikyu||SitrusBerry|Disguise|RainDance,TrickRoom,DestinyBond,WillOWisp|Adamant||M|||50|
|
|t:|1783105698
|teamsize|p1|4
|teamsize|p2|4
|start
|switch|p1a: Incineroar|Incineroar, L50, M|100/100
|switch|p1b: Floette|Floette-Eternal, L50, F|100/100
|switch|p2a: Archaludon|Archaludon, L50, M|100/100
|switch|p2b: Kangaskhan|Kangaskhan, L50, F|100/100
|-ability|p1a: Incineroar|Intimidate|boost
|-unboost|p2a: Archaludon|atk|1
|-fail|p2b: Kangaskhan|unboost|Attack|[from] ability: Scrappy|[of] p2b: Kangaskhan
|turn|1
|inactive|Battle timer is ON: inactive players will automatically lose when time's up. (requested by Prepucio Santos)
|
|t:|1783105734
|detailschange|p1b: Floette|Floette-Mega, L50, F
|-mega|p1b: Floette|Floette|Floettite
|-ability|p1b: Floette|Fairy Aura
|move|p2a: Archaludon|Protect|p2a: Archaludon
|-singleturn|p2a: Archaludon|Protect
|move|p2b: Kangaskhan|Fake Out|p1b: Floette
|-damage|p1b: Floette|75/100
|-damage|p2b: Kangaskhan|90/100|[from] item: Life Orb
|cant|p1b: Floette|flinch
|move|p1a: Incineroar|Parting Shot|p2b: Kangaskhan
|-unboost|p2b: Kangaskhan|atk|1
|-unboost|p2b: Kangaskhan|spa|1
|
|t:|1783105746
|switch|p1a: Sinistcha|Sinistcha-Masterpiece, L50, shiny|100/100|[from] Parting Shot
|-heal|p1b: Floette|100/100|[from] ability: Hospitality|[of] p1a: Sinistcha
|
|upkeep
|turn|2
|
|t:|1783105767
|switch|p2b: Pelipper|Pelipper, L50, F|100/100
|-weather|RainDance|[from] ability: Drizzle|[of] p2b: Pelipper
|switch|p1a: Incineroar|Incineroar, L50, M|100/100
|-ability|p1a: Incineroar|Intimidate|boost
|-unboost|p2a: Archaludon|atk|1
|-unboost|p2b: Pelipper|atk|1
|move|p1b: Floette|Calm Mind|p1b: Floette
|-boost|p1b: Floette|spa|1
|-boost|p1b: Floette|spd|1
|move|p2a: Archaludon|Electro Shot||[still]
|-prepare|p2a: Archaludon|Electro Shot
|-boost|p2a: Archaludon|spa|1
|-anim|p2a: Archaludon|Electro Shot|p1b: Floette
|-damage|p1b: Floette|67/100
|
|-weather|RainDance|[upkeep]
|upkeep
|turn|3
|
|t:|1783105787
|move|p2a: Archaludon|Protect|p2a: Archaludon
|-singleturn|p2a: Archaludon|Protect
|move|p1a: Incineroar|Fake Out|p2b: Pelipper
|-damage|p2b: Pelipper|89/100
|move|p1b: Floette|Dazzling Gleam|p2a: Archaludon|[spread] p2b
|-activate|p2a: Archaludon|move: Protect
|-damage|p2b: Pelipper|0 fnt
|faint|p2b: Pelipper
|
|-weather|RainDance|[upkeep]
|upkeep
|inactive|foshoow has 30 seconds left.
|
|t:|1783105815
|switch|p2b: Meganium|Meganium, L50, M|100/100
|turn|4
|
|t:|1783105830
|detailschange|p2b: Meganium|Meganium-Mega, L50, M
|-mega|p2b: Meganium|Meganium|Meganiumite
|move|p1b: Floette|Moonblast|p2a: Archaludon
|-damage|p2a: Archaludon|0 fnt
|faint|p2a: Archaludon
|move|p2b: Meganium|Weather Ball|p1a: Incineroar
|-resisted|p1a: Incineroar|1
|-damage|p1a: Incineroar|76/100
|move|p1a: Incineroar|Parting Shot|p2b: Meganium
|-unboost|p2b: Meganium|atk|1
|-unboost|p2b: Meganium|spa|1
|
|t:|1783105850
|switch|p1a: Sneasler|Sneasler, L50, M|100/100|[from] Parting Shot
|
|-weather|RainDance|[upkeep]
|upkeep
|
|t:|1783105854
|switch|p2a: Kangaskhan|Kangaskhan, L50, F|90/100
|turn|5
|
|t:|1783105859
|move|p1a: Sneasler|Fake Out|p2a: Kangaskhan
|-damage|p2a: Kangaskhan|71/100
|cant|p2a: Kangaskhan|flinch
|move|p1b: Floette|Dazzling Gleam|p2a: Kangaskhan|[spread] p2a,p2b
|-damage|p2a: Kangaskhan|0 fnt
|-damage|p2b: Meganium|40/100
|faint|p2a: Kangaskhan
|move|p2b: Meganium|Dazzling Gleam|p1a: Sneasler|[spread] p1a,p1b
|-damage|p1a: Sneasler|53/100
|-damage|p1b: Floette|50/100g
|
|-weather|RainDance|[upkeep]
|upkeep
|turn|6
|
|t:|1783105870
|move|p1a: Sneasler|Dire Claw|p2b: Meganium
|-supereffective|p2b: Meganium|2
|-damage|p2b: Meganium|0 fnt
|faint|p2b: Meganium
|
|win|Prepucio Santos
