|j|☆atmospherevgc
|j|☆LogIce
|html|atmospherevgcLogIce    
|uhtml|bestof|Game 1 of a best-of-3
|t:|1783174276
|gametype|doubles
|player|p1|atmospherevgc|nate|
|player|p2|LogIce|#rbtt9travelers|
|gen|9
|tier|[Gen 9 Champions] VGC 2026 Reg M-B (Bo3)
|rule|Species Clause: Limit one of each Pokémon
|rule|Item Clause: Limit 1 of each item
|clearpoke
|poke|p1|Volcarona, L50, F|
|poke|p1|Metagross, L50|
|poke|p1|Hydreigon, L50, F|
|poke|p1|Staraptor, L50, F|
|poke|p1|Vileplume, L50, M|
|poke|p1|Grimmsnarl, L50, M|
|poke|p2|Floette-Eternal, L50, F|
|poke|p2|Charizard, L50, F|
|poke|p2|Whimsicott, L50, M|
|poke|p2|Garchomp, L50, F|
|poke|p2|Basculegion, L50, M|
|poke|p2|Kingambit, L50, F|
|teampreview|4
|showteam|p1|Volcarona||Leftovers|FlameBody|HeatWave,QuiverDance,GigaDrain,Protect|Modest||F|||50|]Metagross||Metagrossite|ClearBody|MeteorMash,IcePunch,StompingTantrum,Protect|Adamant|||||50|]Hydreigon||ChoiceScarf|Levitate|Snarl,DracoMeteor,EarthPower,HeadSmash|Timid||F|||50|]Staraptor||Staraptite|Intimidate|BraveBird,CloseCombat,Roost,Tailwind|Jolly||F|||50|]Vileplume||OccaBerry|Chlorophyll|GigaDrain,SludgeBomb,StrengthSap,SleepPowder|Bold||M|||50|]Grimmsnarl||RoseliBerry|Prankster|FakeOut,PartingShot,SpiritBreak,Reflect|Careful||M|||50|
|showteam|p2|Floette-Eternal||Floettite|FlowerVeil|Moonblast,DazzlingGleam,LightofRuin,Protect|Timid||F|||50|]Charizard||CharizarditeY|Blaze|HeatWave,WeatherBall,SolarBeam,Protect|Modest||F|||50|]Whimsicott||FocusSash|Prankster|Moonblast,Encore,Tailwind,Protect|Timid||M|||50|]Garchomp||LifeOrb|RoughSkin|DragonClaw,StompingTantrum,RockSlide,Protect|Jolly||F|||50|]Basculegion||MysticWater|Adaptability|WaveCrash,LastRespects,AquaJet,Protect|Adamant||M|||50|]Kingambit||BlackGlasses|Defiant|KowtowCleave,IronHead,SuckerPunch,Protect|Adamant||F|||50|
|c|☆atmospherevgc|gl hf
|c|☆LogIce|u2
|j| repeatt
|l| repeatt
|
|t:|1783174384
|teamsize|p1|4
|teamsize|p2|4
|start
|switch|p1a: Grimmsnarl|Grimmsnarl, L50, M|100/100
|switch|p1b: Vileplume|Vileplume, L50, M|100/100
|switch|p2a: Whimsicott|Whimsicott, L50, M|100/100
|switch|p2b: Garchomp|Garchomp, L50, F|100/100
|turn|1
|j| repeatt
|l| repeatt
|
|t:|1783174408
|move|p2b: Garchomp|Protect|p2b: Garchomp
|-singleturn|p2b: Garchomp|Protect
|move|p1a: Grimmsnarl|Fake Out|p2a: Whimsicott
|-damage|p2a: Whimsicott|83/100
|cant|p2a: Whimsicott|flinch
|move|p1b: Vileplume|Sleep Powder|p2b: Garchomp
|-activate|p2b: Garchomp|move: Protect
|
|upkeep
|turn|2
|j| repeatt
|j| Feyette
|
|t:|1783174439
|move|p2a: Whimsicott|Encore|p1b: Vileplume
|-start|p1b: Vileplume|Encore
|move|p2b: Garchomp|Dragon Claw|p1b: Vileplume
|-damage|p1b: Vileplume|46/100
|-damage|p2b: Garchomp|90/100|[from] item: Life Orb
|move|p1b: Vileplume|Sleep Powder|p2b: Garchomp|[miss]
|-miss|p1b: Vileplume|p2b: Garchomp
|move|p1a: Grimmsnarl|Spirit Break|p2a: Whimsicott
|-damage|p2a: Whimsicott|37/100
|-unboost|p2a: Whimsicott|spa|1
|
|upkeep
|turn|3
|
|t:|1783174456
|switch|p2a: Kingambit|Kingambit, L50, F|100/100
|move|p1a: Grimmsnarl|Reflect|p1a: Grimmsnarl
|-sidestart|p1: atmospherevgc|Reflect
|move|p2b: Garchomp|Stomping Tantrum|p1b: Vileplume
|-damage|p1b: Vileplume|15/100
|-damage|p2b: Garchomp|80/100|[from] item: Life Orb
|move|p1b: Vileplume|Sleep Powder|p2b: Garchomp
|-status|p2b: Garchomp|slp|[from] move: Sleep Powder
|
|upkeep
|turn|4
|
|t:|1783174472
|cant|p2b: Garchomp|slp
|move|p1b: Vileplume|Sleep Powder|p2a: Kingambit
|-status|p2a: Kingambit|slp|[from] move: Sleep Powder
|move|p1a: Grimmsnarl|Spirit Break|p2b: Garchomp
|-supereffective|p2b: Garchomp|1
|-damage|p2b: Garchomp|16/100 slp
|-unboost|p2b: Garchomp|spa|1
|-damage|p1a: Grimmsnarl|87/100|[from] ability: Rough Skin|[of] p2b: Garchomp
|cant|p2a: Kingambit|slp
|
|-end|p1b: Vileplume|Encore
|upkeep
|turn|5
|j| Ayabe0119
|
|t:|1783174488
|switch|p1a: Hydreigon|Hydreigon, L50, F|100/100
|cant|p2b: Garchomp|slp
|move|p1b: Vileplume|Strength Sap|p2b: Garchomp
|-unboost|p2b: Garchomp|atk|1
|-heal|p1b: Vileplume|100/100
|cant|p2a: Kingambit|slp
|
|upkeep
|turn|6
|l| repeatt
|j| repeatt
|
|t:|1783174526
|switch|p2b: Whimsicott|Whimsicott, L50, M|37/100
|move|p1a: Hydreigon|Earth Power|p2b: Whimsicott
|-resisted|p2b: Whimsicott|1
|-damage|p2b: Whimsicott|15/100
|move|p1b: Vileplume|Sludge Bomb|p2b: Whimsicott
|-supereffective|p2b: Whimsicott|2
|-damage|p2b: Whimsicott|0 fnt
|faint|p2b: Whimsicott
|-curestatus|p2a: Kingambit|slp|[msg]
|move|p2a: Kingambit|Iron Head|p1a: Hydreigon
|-damage|p1a: Hydreigon|62/100
|
|upkeep
|
|t:|1783174543
|switch|p2b: Charizard|Charizard, L50, F|100/100
|turn|7
|
|t:|1783174561
|detailschange|p2b: Charizard|Charizard-Mega-Y, L50, F
|-mega|p2b: Charizard|Charizard|Charizardite Y
|-weather|SunnyDay|[from] ability: Drought|[of] p2b: Charizard
|move|p2a: Kingambit|Protect|p2a: Kingambit
|-singleturn|p2a: Kingambit|Protect
|move|p1a: Hydreigon|Earth Power|p2a: Kingambit
|-activate|p2a: Kingambit|move: Protect
|move|p1b: Vileplume|Sleep Powder|p2b: Charizard
|-status|p2b: Charizard|slp|[from] move: Sleep Powder
|cant|p2b: Charizard|slp
|
|-weather|SunnyDay|[upkeep]
|-sideend|p1: atmospherevgc|Reflect
|upkeep
|turn|8
|
|t:|1783174581
|move|p1a: Hydreigon|Earth Power|p2a: Kingambit
|-supereffective|p2a: Kingambit|1
|-damage|p2a: Kingambit|41/100
|move|p1b: Vileplume|Sleep Powder|p2a: Kingambit
|-status|p2a: Kingambit|slp|[from] move: Sleep Powder
|cant|p2b: Charizard|slp
|cant|p2a: Kingambit|slp
|
|-weather|SunnyDay|[upkeep]
|upkeep
|turn|9
|l| repeatt
|
|t:|1783174596
|cant|p2a: Kingambit|slp
|move|p1a: Hydreigon|Earth Power|p2a: Kingambit
|-supereffective|p2a: Kingambit|1
|-damage|p2a: Kingambit|0 fnt
|faint|p2a: Kingambit
|move|p1b: Vileplume|Sludge Bomb|p2b: Charizard
|-damage|p2b: Charizard|65/100 slp
|-curestatus|p2b: Charizard|slp|[msg]
|move|p2b: Charizard|Weather Ball|p1b: Vileplume
|-supereffective|p1b: Vileplume|1
|-enditem|p1b: Vileplume|Occa Berry|[eat]
|-enditem|p1b: Vileplume|Occa Berry|[weaken]
|-damage|p1b: Vileplume|13/100
|
|-weather|SunnyDay|[upkeep]
|upkeep
|
|t:|1783174609
|switch|p2a: Garchomp|Garchomp, L50, F|16/100 slp
|turn|10
|j| repeatt
|
|t:|1783174622
|-curestatus|p2a: Garchomp|slp|[msg]
|move|p2a: Garchomp|Protect|p2a: Garchomp
|-singleturn|p2a: Garchomp|Protect
|move|p1a: Hydreigon|Earth Power|p2a: Garchomp
|-activate|p2a: Garchomp|move: Protect
|move|p1b: Vileplume|Sleep Powder|p2b: Charizard
|-status|p2b: Charizard|slp|[from] move: Sleep Powder
|cant|p2b: Charizard|slp
|
|-weather|SunnyDay|[upkeep]
|upkeep
|turn|11
|c|☆LogIce|ok then
|-message|LogIce forfeited.
|
|win|atmospherevgc
||LogIce is ready for game 2.
||atmospherevgc is ready for game 2.
|uhtml|next|Next: Game 2 of 3
|l| repeatt
|j| gretchen grundler
|l| gretchen grundler
|j| repeatt
|l| repeatt
|j| repeatt
