|j|☆umbreoffxd
|j|☆HotMicrowaves
|html|umbreoffxdHotMicrowaves    
|uhtml|bestof|Game 1 of a best-of-3
|t:|1757203679
|gametype|doubles
|player|p1|umbreoffxd|ingo-hisui|1056
|player|p2|HotMicrowaves|169|1109
|gen|9
|tier|[Gen 9] VGC 2025 Reg H (Bo3)
|rated|
|rule|Species Clause: Limit one of each Pokémon
|rule|Item Clause: Limit 1 of each item
|clearpoke
|poke|p1|Magmar, L50, M|
|poke|p1|Baxcalibur, L50, F|
|poke|p1|Rillaboom, L50, F|
|poke|p1|Sneasler, L50, M|
|poke|p1|Kingambit, L50, F|
|poke|p1|Dondozo, L50, F|
|poke|p2|Politoed, L50, F|
|poke|p2|Archaludon, L50, F|
|poke|p2|Gothitelle, L50, F|
|poke|p2|Incineroar, L50, M|
|poke|p2|Amoonguss, L50, M|
|poke|p2|Kingdra, L50, M|
|teampreview|4
|showteam|p1|Magmar||Eviolite|VitalSpirit|WillOWisp,Overheat,FollowMe,Protect|||M|||50|,,,,,Electric]Baxcalibur||LoadedDice|ThermalExchange|Protect,IceShard,ScaleShot,IcicleSpear|||F|||50|,,,,,Poison]Rillaboom||AssaultVest|GrassySurge|FakeOut,GrassyGlide,WoodHammer,HighHorsepower|||F|||50|,,,,,Fire]Sneasler||FocusSash|Unburden|Protect,Coaching,DireClaw,CloseCombat|||M|||50|,,,,,Stellar]Kingambit||BlackGlasses|Defiant|Protect,SuckerPunch,KowtowCleave,SwordsDance|||F|||50|,,,,,Dark]Dondozo||Leftovers|Unaware|Protect,WaveCrash,Fissure,Yawn|||F|||50|,,,,,Bug
|showteam|p2|Politoed||Leftovers|Drizzle|Protect,WeatherBall,PerishSong,Encore|||F|||50|,,,,,Grass]Archaludon||PowerHerb|Sturdy|Protect,ElectroShot,DragonPulse,FlashCannon|||F|||50|,,,,,Electric]Gothitelle||SitrusBerry|ShadowTag|Protect,Psychic,FakeOut,TrickRoom|||F|||50|,,,,,Dark]Incineroar||SafetyGoggles|Intimidate|Protect,KnockOff,FakeOut,PartingShot|||M|||50|,,,,,Ghost]Amoonguss||EjectButton|Regenerator|Protect,RagePowder,PollenPuff,Spore|||M|||50|,,,,,Fairy]Kingdra||LifeOrb|SwiftSwim|Protect,WeatherBall,DracoMeteor,MuddyWater|||M|||50|,,,,,Stellar
|inactive|Battle timer is ON: inactive players will automatically lose when time's up. (requested by HotMicrowaves)
|
|t:|1757203714
|teamsize|p1|4
|teamsize|p2|4
|start
|switch|p1a: Baxcalibur|Baxcalibur, L50, F|100/100
|switch|p1b: Rillaboom|Rillaboom, L50, F|100/100
|switch|p2a: Politoed|Politoed, L50, F|100/100
|switch|p2b: Gothitelle|Gothitelle, L50, F|100/100
|-fieldstart|move: Grassy Terrain|[from] ability: Grassy Surge|[of] p1b: Rillaboom
|-weather|RainDance|[from] ability: Drizzle|[of] p2a: Politoed
|turn|1
|
|t:|1757203735
|move|p1b: Rillaboom|Fake Out|p2b: Gothitelle
|-damage|p2b: Gothitelle|88/100
|cant|p2b: Gothitelle|flinch
|move|p1a: Baxcalibur|Scale Shot|p2b: Gothitelle
|-damage|p2b: Gothitelle|71/100
|-damage|p2b: Gothitelle|57/100
|-damage|p2b: Gothitelle|43/100
|-enditem|p2b: Gothitelle|Sitrus Berry|[eat]
|-heal|p2b: Gothitelle|68/100|[from] item: Sitrus Berry
|-damage|p2b: Gothitelle|52/100
|-hitcount|p2b: Gothitelle|4
|-unboost|p1a: Baxcalibur|def|1
|-boost|p1a: Baxcalibur|spe|1
|move|p2a: Politoed|Perish Song|p2a: Politoed
|-start|p1a: Baxcalibur|perish3|[silent]
|-start|p1b: Rillaboom|perish3|[silent]
|-start|p2a: Politoed|perish3|[silent]
|-start|p2b: Gothitelle|perish3|[silent]
|-fieldactivate|move: Perish Song
|
|-weather|RainDance|[upkeep]
|-heal|p2b: Gothitelle|58/100|[from] Grassy Terrain
|-start|p1a: Baxcalibur|perish3
|-start|p1b: Rillaboom|perish3
|-start|p2a: Politoed|perish3
|-start|p2b: Gothitelle|perish3
|upkeep
|turn|2
|inactive|HotMicrowaves has 30 seconds left.
|
|t:|1757203763
|switch|p2a: Incineroar|Incineroar, L50, M|100/100
|-ability|p2a: Incineroar|Intimidate|boost
|-unboost|p1a: Baxcalibur|atk|1
|-unboost|p1b: Rillaboom|atk|1
|move|p2b: Gothitelle|Protect|p2b: Gothitelle
|-singleturn|p2b: Gothitelle|Protect
|move|p1a: Baxcalibur|Icicle Spear|p2b: Gothitelle
|-activate|p2b: Gothitelle|move: Protect
|move|p1b: Rillaboom|Wood Hammer|p2a: Incineroar
|-resisted|p2a: Incineroar
|-damage|p2a: Incineroar|76/100
|-damage|p1b: Rillaboom|92/100|[from] Recoil
|
|-weather|RainDance|[upkeep]
|-heal|p1b: Rillaboom|98/100|[from] Grassy Terrain
|-heal|p2b: Gothitelle|64/100|[from] Grassy Terrain
|-heal|p2a: Incineroar|82/100|[from] Grassy Terrain
|-start|p1a: Baxcalibur|perish2
|-start|p1b: Rillaboom|perish2
|-start|p2b: Gothitelle|perish2
|upkeep
|turn|3
|inactive|HotMicrowaves has 30 seconds left.
|
|t:|1757203791
|switch|p2b: Archaludon|Archaludon, L50, F|100/100
|move|p1a: Baxcalibur|Scale Shot|p2b: Archaludon
|-damage|p2b: Archaludon|91/100
|-damage|p2b: Archaludon|81/100
|-damage|p2b: Archaludon|71/100
|-damage|p2b: Archaludon|61/100
|-damage|p2b: Archaludon|52/100
|-hitcount|p2b: Archaludon|5
|-unboost|p1a: Baxcalibur|def|1
|-boost|p1a: Baxcalibur|spe|1
|move|p1b: Rillaboom|Wood Hammer|p2b: Archaludon
|-resisted|p2b: Archaludon
|-damage|p2b: Archaludon|41/100
|-damage|p1b: Rillaboom|95/100|[from] Recoil
|move|p2a: Incineroar|Parting Shot|p1a: Baxcalibur
|-unboost|p1a: Baxcalibur|atk|1
|-unboost|p1a: Baxcalibur|spa|1
|
|t:|1757203812
|switch|p2a: Gothitelle|Gothitelle, L50, F|64/100|[from] Parting Shot
|
|-weather|RainDance|[upkeep]
|-heal|p2b: Archaludon|47/100|[from] Grassy Terrain
|-heal|p1b: Rillaboom|100/100|[from] Grassy Terrain
|-heal|p2a: Gothitelle|71/100|[from] Grassy Terrain
|-start|p1a: Baxcalibur|perish1
|-start|p1b: Rillaboom|perish1
|upkeep
|turn|4
|
|t:|1757203834
|move|p2b: Archaludon|Protect|p2b: Archaludon
|-singleturn|p2b: Archaludon|Protect
|move|p2a: Gothitelle|Protect|p2a: Gothitelle
|-singleturn|p2a: Gothitelle|Protect
|move|p1a: Baxcalibur|Scale Shot|p2b: Archaludon
|-activate|p2b: Archaludon|move: Protect
|move|p1b: Rillaboom|High Horsepower|p2b: Archaludon
|-activate|p2b: Archaludon|move: Protect
|
|-weather|RainDance|[upkeep]
|-heal|p2b: Archaludon|54/100|[from] Grassy Terrain
|-heal|p2a: Gothitelle|77/100|[from] Grassy Terrain
|-start|p1a: Baxcalibur|perish0
|-start|p1b: Rillaboom|perish0
|faint|p1a: Baxcalibur
|faint|p1b: Rillaboom
|upkeep
|
|t:|1757203837
|switch|p1a: Sneasler|Sneasler, L50, M|100/100
|switch|p1b: Magmar|Magmar, L50, M|100/100
|turn|5
|inactive|HotMicrowaves has 30 seconds left.
|
|t:|1757203867
|-terastallize|p2b: Archaludon|Electric
|move|p1b: Magmar|Follow Me|p1b: Magmar
|-singleturn|p1b: Magmar|move: Follow Me
|move|p1a: Sneasler|Close Combat|p2b: Archaludon
|-damage|p2b: Archaludon|0 fnt
|-unboost|p1a: Sneasler|def|1
|-unboost|p1a: Sneasler|spd|1
|faint|p2b: Archaludon
|move|p2a: Gothitelle|Trick Room|p2a: Gothitelle
|-fieldstart|move: Trick Room|[of] p2a: Gothitelle
|
|-weather|none
|-heal|p2a: Gothitelle|83/100|[from] Grassy Terrain
|-fieldend|move: Grassy Terrain
|upkeep
|
|t:|1757203878
|switch|p2b: Politoed|Politoed, L50, F|100/100
|-weather|RainDance|[from] ability: Drizzle|[of] p2b: Politoed
|turn|6
|
|t:|1757203896
|-terastallize|p1a: Sneasler|Stellar
|move|p1b: Magmar|Follow Me|p1b: Magmar
|-singleturn|p1b: Magmar|move: Follow Me
|move|p2a: Gothitelle|Psychic|p1b: Magmar
|-damage|p1b: Magmar|77/100
|move|p2b: Politoed|Perish Song|p2b: Politoed
|-start|p1a: Sneasler|perish3|[silent]
|-start|p1b: Magmar|perish3|[silent]
|-start|p2a: Gothitelle|perish3|[silent]
|-start|p2b: Politoed|perish3|[silent]
|-fieldactivate|move: Perish Song
|move|p1a: Sneasler|Dire Claw|p2a: Gothitelle
|-damage|p2a: Gothitelle|30/100
|
|-weather|RainDance|[upkeep]
|-start|p2a: Gothitelle|perish3
|-start|p2b: Politoed|perish3
|-start|p1b: Magmar|perish3
|-start|p1a: Sneasler|perish3
|upkeep
|turn|7
|
|t:|1757203919
|move|p2a: Gothitelle|Protect|p2a: Gothitelle
|-singleturn|p2a: Gothitelle|Protect
|move|p2b: Politoed|Protect|p2b: Politoed
|-singleturn|p2b: Politoed|Protect
|move|p1b: Magmar|Overheat|p2a: Gothitelle
|-activate|p2a: Gothitelle|move: Protect
|move|p1a: Sneasler|Close Combat|p2b: Politoed
|-activate|p2b: Politoed|move: Protect
|
|-weather|RainDance|[upkeep]
|-start|p2a: Gothitelle|perish2
|-start|p2b: Politoed|perish2
|-start|p1b: Magmar|perish2
|-start|p1a: Sneasler|perish2
|upkeep
|turn|8
|
|t:|1757203938
|move|p1b: Magmar|Follow Me|p1b: Magmar
|-singleturn|p1b: Magmar|move: Follow Me
|move|p2a: Gothitelle|Psychic|p1b: Magmar
|-damage|p1b: Magmar|55/100
|move|p2b: Politoed|Weather Ball|p1b: Magmar
|-supereffective|p1b: Magmar
|-damage|p1b: Magmar|0 fnt
|faint|p1b: Magmar
|move|p1a: Sneasler|Close Combat|p2a: Gothitelle
|-resisted|p2a: Gothitelle
|-damage|p2a: Gothitelle|0 fnt
|-unboost|p1a: Sneasler|def|1
|-unboost|p1a: Sneasler|spd|1
|faint|p2a: Gothitelle
|
|-weather|RainDance|[upkeep]
|-start|p2b: Politoed|perish1
|-start|p1a: Sneasler|perish1
|upkeep
|-message|umbreoffxd forfeited.
|
|win|HotMicrowaves
||umbreoffxd is ready for game 2.
||HotMicrowaves is ready for game 2.
|uhtml|next|Next: Game 2 of 3
