|j|☆laggd
|j|☆anderish
|html|laggdanderish    
|uhtml|bestof|Game 1 of a best-of-3
|t:|1786133237
|gametype|doubles
|player|p1|laggd|gambler|
|player|p2|anderish|hiker-gen4|
|gen|9
|tier|[Gen 9 Champions] VGC 2026 Reg M-B (Bo3)
|rule|Species Clause: Limit one of each Pokémon
|rule|Item Clause: Limit 1 of each item
|clearpoke
|poke|p1|Dragonite, L50, M|
|poke|p1|Pelipper, L50, F, shiny|
|poke|p1|Scrafty, L50, F|
|poke|p1|Scizor, L50, M|
|poke|p1|Maushold-Four, L50|
|poke|p1|Empoleon, L50, M|
|poke|p2|Aegislash, L50, F|
|poke|p2|Grimmsnarl, L50, M|
|poke|p2|Volcarona, L50, F|
|poke|p2|Gardevoir, L50, M|
|poke|p2|Luxray, L50, M|
|poke|p2|Clawitzer, L50, M|
|teampreview|4
|showteam|p1|Dragonite||Dragoninite|InnerFocus|Tailwind,Protect,Hurricane,DragonPulse|Timid||M|||50|]Pelipper||DampRock|Drizzle|WeatherBall,Hurricane,Protect,Tailwind|Modest||F|||50|]Scrafty||KingsRock|Intimidate|FakeOut,Protect,CloseCombat,KnockOff|Adamant||F|||50|]Scizor||LifeOrb|Technician|BulletPunch,Protect,CloseCombat,SwordsDance|Adamant||M|||50|]Maushold-Four||FocusSash|FriendGuard|FollowMe,Protect,SuperFang,PopulationBomb|Jolly|||||50|]Empoleon||Leftovers|Competitive|Protect,Surf,VacuumWave,FlashCannon|Modest||M|||50|
|showteam|p2|Aegislash||Leftovers|StanceChange|Substitute,ShadowSneak,KingsShield,ShadowBall|Calm||F|||50|]Grimmsnarl||LightClay|Prankster|Reflect,LightScreen,SpiritBreak,PartingShot|Careful||M|||50|]Volcarona||LifeOrb|FlameBody|GigaDrain,FieryDance,StruggleBug,Protect|Timid||F|||50|]Gardevoir||Gardevoirite|Trace|HyperVoice,Psyshock,CalmMind,Protect|Timid||M|||50|]Luxray||ShucaBerry|Intimidate|SupercellSlam,PlayRough,Trailblaze,Protect|Adamant||M|||50|]Clawitzer||ExpertBelt|MegaLauncher|WaterPulse,DragonPulse,AuraSphere,DarkPulse|Modest||M|||50|
|
|t:|1786133304
|teamsize|p1|4
|teamsize|p2|4
|start
|switch|p1a: Argon|Dragonite, L50, M|100/100
|switch|p1b: Neon|Pelipper, L50, F, shiny|100/100
|switch|p2a: Luxray|Luxray, L50, M|100/100
|switch|p2b: Clawitzer|Clawitzer, L50, M|100/100
|-weather|RainDance|[from] ability: Drizzle|[of] p1b: Neon
|-ability|p2a: Luxray|Intimidate|boost
|-fail|p1a: Argon|unboost|Attack|[from] ability: Inner Focus|[of] p1a: Argon
|-unboost|p1b: Neon|atk|1
|turn|1
|
|t:|1786133341
|detailschange|p1a: Argon|Dragonite-Mega, L50, M
|-mega|p1a: Argon|Dragonite|Dragoninite
|move|p1b: Neon|Protect|p1b: Neon
|-singleturn|p1b: Neon|Protect
|move|p1a: Argon|Tailwind|p1a: Argon
|-sidestart|p1: laggd|move: Tailwind
|move|p2a: Luxray|Play Rough|p1a: Argon
|-supereffective|p1a: Argon|1
|-damage|p1a: Argon|70/100
|move|p2b: Clawitzer|Dragon Pulse|p1a: Argon
|-supereffective|p1a: Argon|1
|-damage|p1a: Argon|0 fnt
|faint|p1a: Argon
|
|-weather|RainDance|[upkeep]
|upkeep
|
|t:|1786133356
|switch|p1a: Krypton|Empoleon, L50, M|100/100
|turn|2
|
|t:|1786133374
|move|p1b: Neon|Hurricane|p2a: Luxray
|-resisted|p2a: Luxray|1
|-damage|p2a: Luxray|70/100
|move|p1a: Krypton|Surf|p2b: Clawitzer|[spread] p1b,p2a,p2b
|-resisted|p1b: Neon|1
|-resisted|p2b: Clawitzer|1
|-crit|p2b: Clawitzer
|-damage|p1b: Neon|53/100
|-damage|p2a: Luxray|9/100
|-damage|p2b: Clawitzer|54/100
|move|p2a: Luxray|Supercell Slam|p1b: Neon
|-supereffective|p1b: Neon|2
|-damage|p1b: Neon|0 fnt
|faint|p1b: Neon
|move|p2b: Clawitzer|Aura Sphere|p1a: Krypton
|-supereffective|p1a: Krypton|1
|-damage|p1a: Krypton|6/100
|
|-weather|RainDance|[upkeep]
|-heal|p1a: Krypton|12/100|[from] item: Leftovers
|upkeep
|
|t:|1786133384
|switch|p1b: Radon|Scrafty, L50, F|100/100
|-ability|p1b: Radon|Intimidate|boost
|-unboost|p2a: Luxray|atk|1
|-unboost|p2b: Clawitzer|atk|1
|turn|3
|
|t:|1786133414
|move|p1b: Radon|Fake Out|p2b: Clawitzer
|-damage|p2b: Clawitzer|42/100
|move|p1a: Krypton|Vacuum Wave|p2a: Luxray
|-damage|p2a: Luxray|0 fnt
|faint|p2a: Luxray
|cant|p2b: Clawitzer|flinch
|
|-weather|RainDance|[upkeep]
|-heal|p1a: Krypton|18/100|[from] item: Leftovers
|upkeep
|
|t:|1786133424
|switch|p2a: Aegislash|Aegislash, L50, F|100/100
|turn|4
|
|t:|1786133456
|move|p1b: Radon|Protect|p1b: Radon
|-singleturn|p1b: Radon|Protect
|move|p1a: Krypton|Surf|p2b: Clawitzer|[spread] p2a,p2b
|-activate|p1b: Radon|move: Protect
|-resisted|p2b: Clawitzer|1
|-damage|p2a: Aegislash|66/100
|-damage|p2b: Clawitzer|14/100
|-formechange|p2a: Aegislash|Aegislash-Blade|
|move|p2a: Aegislash|Shadow Ball|p1a: Krypton
|-damage|p1a: Krypton|0 fnt
|faint|p1a: Krypton
|move|p2b: Clawitzer|Aura Sphere|p1b: Radon
|-activate|p1b: Radon|move: Protect
|
|-weather|RainDance|[upkeep]
|-heal|p2a: Aegislash|72/100|[from] item: Leftovers
|-sideend|p1: laggd|move: Tailwind
|upkeep
|turn|5
|
|t:|1786133476
|move|p2a: Aegislash|Shadow Ball|p1b: Radon
|-resisted|p1b: Radon|1
|-damage|p1b: Radon|82/100
|move|p2b: Clawitzer|Aura Sphere|p1b: Radon
|-supereffective|p1b: Radon|1
|-damage|p1b: Radon|0 fnt
|faint|p1b: Radon
|
|win|anderish
||laggd is ready for game 2.
|inactive|anderish has 30 seconds to confirm battle start!
|c|☆anderish|I WON A GAME
||anderish is ready for game 2.
|uhtml|next|Next: Game 2 of 3
