|j|Ōśåitsvalkyrie
|j|Ōśåplayrornds
|html|itsvalkyrieplayrornds    
|uhtml|bestof|Game 3 of a best-of-3
|t:|1756670817
|gametype|doubles
|player|p1|itsvalkyrie|blackbelt-gen4dp|1041
|player|p2|playrornds|giovanni-gen1rb|1142
|gen|9
|tier|[Gen 9] VGC 2025 Reg H (Bo3)
|rated|
|rule|Species Clause: Limit one of each Pok├®mon
|rule|Item Clause: Limit 1 of each item
|clearpoke
|poke|p1|Ursaluna, L50, M|
|poke|p1|Gholdengo, L50|
|poke|p1|Porygon2, L50|
|poke|p1|Amoonguss, L50, M|
|poke|p1|Incineroar, L50, M|
|poke|p1|Hydreigon, L50, M|
|poke|p2|Gholdengo, L50|
|poke|p2|Kilowattrel, L50, F|
|poke|p2|Ursaluna, L50, F|
|poke|p2|Porygon2, L50|
|poke|p2|Incineroar, L50, F|
|poke|p2|Amoonguss, L50, M|
|teampreview|4
|showteam|p1|Ursaluna||FlameOrb|Guts|Facade,Earthquake,HeadlongRush,Protect|||M|||50|,,,,,Ghost]Gholdengo||LifeOrb|GoodasGold|MakeItRain,ShadowBall,NastyPlot,Protect||||||50|,,,,,Water]Porygon2||Eviolite|Download|TeraBlast,IceBeam,Recover,TrickRoom||||||50|,,,,,Fighting]Amoonguss||CovertCloak|Regenerator|PollenPuff,ClearSmog,RagePowder,Spore|||M|||50|,,,,,Water]Incineroar||SitrusBerry|Intimidate|FakeOut,FlareBlitz,KnockOff,PartingShot|||M|||50|,,,,,Ghost]Hydreigon||SafetyGoggles|Levitate|DracoMeteor,Snarl,Tailwind,Protect|||M|||50|,,,,,Ghost
|showteam|p2|Gholdengo||LifeOrb|GoodasGold|MakeItRain,ShadowBall,NastyPlot,Protect||||||50|,,,,,Water]Kilowattrel||FocusSash|Competitive|Thunderbolt,AirSlash,Tailwind,Protect|||F|||50|,,,,,Ghost]Ursaluna||FlameOrb|Guts|Facade,HeadlongRush,Earthquake,Protect|||F|||50|,,,,,Fairy]Porygon2||Eviolite|Download|TeraBlast,IceBeam,Recover,TrickRoom||||||50|,,,,,Fighting]Incineroar||AssaultVest|Intimidate|FakeOut,FlareBlitz,KnockOff,Uturn|||F|||50|,,,,,Grass]Amoonguss||SitrusBerry|Regenerator|SludgeBomb,Spore,RagePowder,Protect|||M|||50|,,,,,Water
|inactive|Battle timer is ON: inactive players will automatically lose when time's up. (requested by itsvalkyrie)
|inactive|playrornds has 60 seconds left.
|
|t:|1756670852
|teamsize|p1|4
|teamsize|p2|4
|start
|switch|p1a: Porygon2|Porygon2, L50|100/100
|switch|p1b: Amoonguss|Amoonguss, L50, M|100/100
|switch|p2a: Kilowattrel|Kilowattrel, L50, F|100/100
|switch|p2b: Gholdengo|Gholdengo, L50|100/100
|-ability|p1a: Porygon2|Download|boost
|-boost|p1a: Porygon2|spa|1
|turn|1
|inactive|itsvalkyrie has 30 seconds left.
|inactive|playrornds has 30 seconds left.
|inactive|playrornds has 20 seconds left.
|
|t:|1756670888
|move|p2a: Kilowattrel|Protect|p2a: Kilowattrel
|-singleturn|p2a: Kilowattrel|Protect
|move|p1b: Amoonguss|Rage Powder|p1b: Amoonguss
|-singleturn|p1b: Amoonguss|move: Rage Powder
|move|p2b: Gholdengo|Nasty Plot|p2b: Gholdengo
|-boost|p2b: Gholdengo|spa|2
|move|p1a: Porygon2|Trick Room|p1a: Porygon2
|-fieldstart|move: Trick Room|[of] p1a: Porygon2
|
|upkeep
|turn|2
|inactive|itsvalkyrie has 30 seconds left.
|inactive|playrornds has 30 seconds left.
|
|t:|1756670917
|-terastallize|p1a: Porygon2|Fighting
|move|p1b: Amoonguss|Spore|p2a: Kilowattrel
|-status|p2a: Kilowattrel|slp|[from] move: Spore
|move|p1a: Porygon2|Tera Blast|p2b: Gholdengo|[anim] Tera Blast Fighting
|-immune|p2b: Gholdengo
|move|p2b: Gholdengo|Nasty Plot|p2b: Gholdengo
|-boost|p2b: Gholdengo|spa|2
|cant|p2a: Kilowattrel|slp
|
|upkeep
|turn|3
|
|t:|1756670938
|move|p1b: Amoonguss|Clear Smog|p2b: Gholdengo
|-immune|p2b: Gholdengo
|move|p1a: Porygon2|Ice Beam|p2a: Kilowattrel
|-supereffective|p2a: Kilowattrel
|-enditem|p2a: Kilowattrel|Focus Sash
|-damage|p2a: Kilowattrel|1/100 slp
|move|p2b: Gholdengo|Nasty Plot|p2b: Gholdengo
|-boost|p2b: Gholdengo|spa|2
|cant|p2a: Kilowattrel|slp
|
|upkeep
|turn|4
|c|Ōśåitsvalkyrie|Dang good as gold prevents clear smog?
|inactive|itsvalkyrie has 30 seconds left.
|inactive|playrornds has 30 seconds left.
|c|Ōśåplayrornds|i'm a steel type
|c|Ōśåitsvalkyrie|Ah ty. I'm new at vgc.
|inactive|itsvalkyrie has 20 seconds left.
|inactive|playrornds has 20 seconds left.
|inactive|itsvalkyrie has 15 seconds left.
|inactive|itsvalkyrie has 10 seconds left.
|inactive|itsvalkyrie has 5 seconds left.
|
|t:|1756670990
|cant|p2a: Kilowattrel|slp
|move|p1b: Amoonguss|Spore|p2a: Kilowattrel
|-fail|p2a: Kilowattrel|slp
|move|p1a: Porygon2|Ice Beam|p2a: Kilowattrel
|-supereffective|p2a: Kilowattrel
|-damage|p2a: Kilowattrel|0 fnt
|faint|p2a: Kilowattrel
|move|p2b: Gholdengo|Make It Rain|p1b: Amoonguss|[spread] p1a,p1b
|-damage|p1a: Porygon2|0 fnt
|-damage|p1b: Amoonguss|0 fnt
|-unboost|p2b: Gholdengo|spa|1
|faint|p1a: Porygon2
|faint|p1b: Amoonguss
|-damage|p2b: Gholdengo|91/100|[from] item: Life Orb
|
|upkeep
|
|t:|1756671005
|switch|p1b: Gholdengo|Gholdengo, L50|100/100
|switch|p1a: Incineroar|Incineroar, L50, M|100/100
|switch|p2a: Ursaluna|Ursaluna, L50, F|100/100
|-ability|p1a: Incineroar|Intimidate|boost
|-unboost|p2a: Ursaluna|atk|1
|-unboost|p2b: Gholdengo|atk|1
|turn|5
|inactive|itsvalkyrie has 30 seconds left.
|
|t:|1756671036
|switch|p2a: Amoonguss|Amoonguss, L50, M|100/100
|move|p1b: Gholdengo|Protect|p1b: Gholdengo
|-singleturn|p1b: Gholdengo|Protect
|move|p2b: Gholdengo|Protect|p2b: Gholdengo
|-singleturn|p2b: Gholdengo|Protect
|move|p1a: Incineroar|Knock Off|p2b: Gholdengo
|-activate|p2b: Gholdengo|move: Protect
|
|-fieldend|move: Trick Room
|upkeep
|turn|6
|
|t:|1756671054
|move|p2a: Amoonguss|Rage Powder|p2a: Amoonguss
|-singleturn|p2a: Amoonguss|move: Rage Powder
|move|p2b: Gholdengo|Make It Rain|p1b: Gholdengo|[spread] p1a,p1b
|-resisted|p1a: Incineroar
|-resisted|p1b: Gholdengo
|-damage|p1a: Incineroar|3/100
|-damage|p1b: Gholdengo|0 fnt
|-unboost|p2b: Gholdengo|spa|1
|-enditem|p1a: Incineroar|Sitrus Berry|[eat]
|-heal|p1a: Incineroar|28/100|[from] item: Sitrus Berry
|faint|p1b: Gholdengo
|-damage|p2b: Gholdengo|81/100|[from] item: Life Orb
|move|p1a: Incineroar|Knock Off|p2a: Amoonguss
|-damage|p2a: Amoonguss|66/100
|-enditem|p2a: Amoonguss|Sitrus Berry|[from] move: Knock Off|[of] p1a: Incineroar
|
|upkeep
|turn|7
|-message|itsvalkyrie forfeited.
|raw|itsvalkyrie's rating: 1041 → 1029(-12 for losing)
|raw|playrornds's rating: 1142 → 1160(+18 for winning)
|
|win|playrornds
|l|Ōśåitsvalkyrie
|player|p1|
|c|Ōśåplayrornds|gg
