|j|☆palle synchro
|j|☆nontelo
|html|palle synchronontelo    
|uhtml|bestof|Game 3 of a best-of-3
|t:|1785171708
|gametype|doubles
|player|p1|palle synchro|volkner|1452
|player|p2|nontelo|cress|1437
|gen|9
|tier|[Gen 9 Champions] VGC 2026 Reg M-B (Bo3)
|rated|
|rule|Species Clause: Limit one of each Pokémon
|rule|Item Clause: Limit 1 of each item
|clearpoke
|poke|p1|Charizard, L50, M|
|poke|p1|Glimmora, L50, F|
|poke|p1|Whimsicott, L50, M|
|poke|p1|Ninetales-Alola, L50, M|
|poke|p1|Kingambit, L50, M|
|poke|p1|Kommo-o, L50, F|
|poke|p2|Raichu, L50, F|
|poke|p2|Whimsicott, L50, M|
|poke|p2|Clawitzer, L50, F|
|poke|p2|Ninetales-Alola, L50, M|
|poke|p2|Arcanine-Hisui, L50, M|
|poke|p2|Gholdengo, L50|
|teampreview|4
|showteam|p1|Charizard||CharizarditeY|Blaze|HeatWave,WeatherBall,SolarBeam,Protect|Modest||M|||50|]Glimmora||Glimmoranite|ToxicDebris|SludgeBomb,PowerGem,EarthPower,SpikyShield|Modest||F|||50|]Whimsicott||FocusSash|Prankster|Moonblast,Tailwind,Encore,Protect|Timid||M|||50|]Ninetales-Alola||NeverMeltIce|SnowWarning|Blizzard,FreezeDry,Disable,Protect|Timid||M|||50|]Kingambit||BlackGlasses|Defiant|KowtowCleave,SuckerPunch,IronHead,Protect|Adamant||M|||50|]Kommo-o||LifeOrb|Overcoat|ClangingScales,AuraSphere,VacuumWave,Protect|Modest||F|||50|
|showteam|p2|Raichu||RaichuniteY|Static|ZapCannon,FocusBlast,FakeOut,Protect|Timid||F|||50|]Whimsicott||FocusSash|Prankster|Moonblast,Tailwind,Encore,Protect|Timid||M|||50|]Clawitzer||ExpertBelt|MegaLauncher|WaterPulse,DarkPulse,DragonPulse,AuraSphere|Modest||F|||50|]Ninetales-Alola||NeverMeltIce|SnowWarning|Blizzard,FreezeDry,IcyWind,Protect|Timid||M|||50|]Arcanine-Hisui||LifeOrb|Intimidate|FlareBlitz,RockSlide,ExtremeSpeed,Protect|Adamant||M|||50|]Gholdengo||Leftovers|GoodasGold|MakeItRain,ShadowBall,NastyPlot,Protect|Modest|||||50|
|inactive|Battle timer is ON: inactive players will automatically lose when time's up. (requested by palle synchro)
|inactive|nontelo has 60 seconds left.
|
|t:|1785171742
|teamsize|p1|4
|teamsize|p2|4
|start
|switch|p1a: Glimmora|Glimmora, L50, F|100/100
|switch|p1b: Whimsicott|Whimsicott, L50, M|100/100
|switch|p2a: Whimsicott|Whimsicott, L50, M|100/100
|switch|p2b: Clawitzer|Clawitzer, L50, F|100/100
|turn|1
|
|t:|1785171762
|detailschange|p1a: Glimmora|Glimmora-Mega, L50, F
|-mega|p1a: Glimmora|Glimmora|Glimmoranite
|move|p1b: Whimsicott|Tailwind|p1b: Whimsicott
|-sidestart|p1: palle synchro|move: Tailwind
|move|p1a: Glimmora|Sludge Bomb|p2b: Clawitzer
|-damage|p2b: Clawitzer|0 fnt
|faint|p2b: Clawitzer
|move|p2a: Whimsicott|Moonblast|p1b: Whimsicott
|-crit|p1b: Whimsicott
|-damage|p1b: Whimsicott|18/100
|
|upkeep
|
|t:|1785171775
|switch|p2b: Raichu|Raichu, L50, F|100/100
|turn|2
|
|t:|1785171785
|detailschange|p2b: Raichu|Raichu-Mega-Y, L50, F
|-mega|p2b: Raichu|Raichu|Raichunite Y
|move|p2b: Raichu|Fake Out|p1b: Whimsicott
|-damage|p1b: Whimsicott|4/100
|cant|p1b: Whimsicott|flinch
|move|p2a: Whimsicott|Tailwind|p2a: Whimsicott
|-sidestart|p2: nontelo|move: Tailwind
|move|p1a: Glimmora|Earth Power|p2b: Raichu
|-supereffective|p2b: Raichu|1
|-damage|p2b: Raichu|11/100
|
|upkeep
|turn|3
|
|t:|1785171807
|move|p2b: Raichu|Protect|p2b: Raichu
|-singleturn|p2b: Raichu|Protect
|move|p1b: Whimsicott|Encore|p2b: Raichu
|-activate|p2b: Raichu|move: Protect
|move|p2a: Whimsicott|Moonblast|p1b: Whimsicott
|-damage|p1b: Whimsicott|0 fnt
|faint|p1b: Whimsicott
|move|p1a: Glimmora|Sludge Bomb|p2b: Raichu
|-activate|p2b: Raichu|move: Protect
|
|upkeep
|
|t:|1785171813
|switch|p1b: Kingambit|Kingambit, L50, M|100/100
|turn|4
|
|t:|1785171823
|switch|p2b: Arcanine|Arcanine-Hisui, L50, M|100/100
|-ability|p2b: Arcanine|Intimidate|boost
|-unboost|p1a: Glimmora|atk|1
|-unboost|p1b: Kingambit|atk|1
|-ability|p1b: Kingambit|Defiant|boost
|-boost|p1b: Kingambit|atk|2
|move|p1b: Kingambit|Sucker Punch||[still]
|-fail|p1b: Kingambit
|move|p2a: Whimsicott|Moonblast|p1b: Kingambit
|-damage|p1b: Kingambit|62/100
|move|p1a: Glimmora|Sludge Bomb|p2a: Whimsicott
|-supereffective|p2a: Whimsicott|2
|-enditem|p2a: Whimsicott|Focus Sash
|-damage|p2a: Whimsicott|1/100
|
|-sideend|p1: palle synchro|move: Tailwind
|upkeep
|turn|5
|inactive|palle synchro has 30 seconds left.
|
|t:|1785171853
|move|p1b: Kingambit|Sucker Punch|p2a: Whimsicott
|-resisted|p2a: Whimsicott|1
|-damage|p2a: Whimsicott|0 fnt
|faint|p2a: Whimsicott
|move|p2b: Arcanine|Rock Slide|p1a: Glimmora|[spread] p1a,p1b
|-resisted|p1b: Kingambit|1
|-damage|p1a: Glimmora|60/100
|-damage|p1b: Kingambit|47/100
|-damage|p2b: Arcanine|90/100|[from] item: Life Orb
|move|p1a: Glimmora|Earth Power|p2b: Arcanine
|-supereffective|p2b: Arcanine|2
|-damage|p2b: Arcanine|0 fnt
|faint|p2b: Arcanine
|
|-sideend|p2: nontelo|move: Tailwind
|upkeep
|-message|nontelo forfeited.
|
|win|palle synchro
|raw|palle synchro's rating: 1452 → 1471(+19 for winning)
|raw|nontelo's rating: 1437 → 1418(-19 for losing)
