|j|☆C0ozer
|j|☆Tangermon
|html|C0ozerTangermon    
|uhtml|bestof|Game 3 of a best-of-3
|t:|1785164133
|gametype|doubles
|player|p1|C0ozer|lucas|1219
|player|p2|Tangermon|hilbert-wonderlauncher|1081
|gen|9
|tier|[Gen 9 Champions] VGC 2026 Reg M-B (Bo3)
|rated|
|rule|Species Clause: Limit one of each Pokémon
|rule|Item Clause: Limit 1 of each item
|clearpoke
|poke|p1|Charizard, L50, M|
|poke|p1|Garchomp, L50, F|
|poke|p1|Whimsicott, L50, F|
|poke|p1|Tsareena, L50, F|
|poke|p1|Incineroar, L50, F|
|poke|p1|Basculegion, L50, M|
|poke|p2|Mr. Rime, L50, M|
|poke|p2|Floette-Eternal, L50, F|
|poke|p2|Raichu, L50, M|
|poke|p2|Incineroar, L50, M|
|poke|p2|Ceruledge, L50, F|
|poke|p2|Sinistcha, L50|
|teampreview|4
|showteam|p1|Charizard||CharizarditeY|Blaze|HeatWave,WeatherBall,SolarBeam,Protect|Modest||M|||50|]Garchomp||LifeOrb|RoughSkin|Earthquake,RockSlide,DragonClaw,Protect|Jolly||F|||50|]Whimsicott||FocusSash|Prankster|Moonblast,Tailwind,Encore,Protect|Timid||F|||50|]Tsareena||WideLens|QueenlyMajesty|TripleAxel,PowerWhip,KnockOff,Protect|Jolly||F|||50|]Incineroar||SitrusBerry|Intimidate|FakeOut,FlareBlitz,ThroatChop,PartingShot|Impish||F|||50|]Basculegion||MysticWater|Adaptability|LastRespects,AquaJet,WaveCrash,Protect|Adamant||M|||50|
|showteam|p2|Mr. Rime||FocusSash|ScreenCleaner|FreezeDry,Protect,SheerCold,RolePlay|Timid||M|||50|]Floette-Eternal||Floettite|FlowerVeil|DrainingKiss,DazzlingGleam,CalmMind,Protect|Timid||F|||50|]Raichu||RaichuniteY|LightningRod|FakeOut,ZapCannon,FocusBlast,Protect|Jolly||M|||50|]Incineroar||SitrusBerry|Intimidate|FakeOut,FlareBlitz,PartingShot,DarkestLariat|Impish||M|||50|]Ceruledge||ColburBerry|FlashFire|BitterBlade,ShadowSneak,Protect,BulkUp|Adamant||F|||50|]Sinistcha||KasibBerry|Hospitality|MatchaGotcha,RagePowder,TrickRoom,Protect|Bold|||||50|
|inactive|Battle timer is ON: inactive players will automatically lose when time's up. (requested by C0ozer)
|inactive|Tangermon also wants the timer to be on.
|inactive|C0ozer has 60 seconds left.
|
|t:|1785164188
|teamsize|p1|4
|teamsize|p2|4
|start
|switch|p1a: No Respect|Basculegion, L50, M|100/100
|switch|p1b: Floofy|Whimsicott, L50, F|100/100
|switch|p2a: Raichu|Raichu, L50, M|100/100
|switch|p2b: Mr. Rime|Mr. Rime, L50, M|100/100
|turn|1
|
|t:|1785164213
|detailschange|p2a: Raichu|Raichu-Mega-Y, L50, M
|-mega|p2a: Raichu|Raichu|Raichunite Y
|move|p1b: Floofy|Tailwind|p1b: Floofy
|-sidestart|p1: C0ozer|move: Tailwind
|move|p1a: No Respect|Wave Crash|p2a: Raichu
|-damage|p2a: Raichu|0 fnt
|faint|p2a: Raichu
|-damage|p1a: No Respect|72/100|[from] Recoil
|move|p2b: Mr. Rime|Role Play|p2: Raichu|[notarget]
|-fail|p2b: Mr. Rime
|
|upkeep
|
|t:|1785164227
|switch|p2a: Incineroar|Incineroar, L50, M|100/100
|-ability|p2a: Incineroar|Intimidate|boost
|-unboost|p1a: No Respect|atk|1
|-unboost|p1b: Floofy|atk|1
|turn|2
|
|t:|1785164244
|switch|p1b: Chariyard|Charizard, L50, M|100/100
|move|p1a: No Respect|Protect|p1a: No Respect
|-singleturn|p1a: No Respect|Protect
|move|p2b: Mr. Rime|Role Play|p2a: Incineroar
|-ability|p2b: Mr. Rime|Intimidate|Screen Cleaner|[from] move: Role Play|[of] p2a: Incineroar
|-ability|p2b: Mr. Rime|Intimidate|boost
|-unboost|p1a: No Respect|atk|1
|-unboost|p1b: Chariyard|atk|1
|move|p2a: Incineroar|Darkest Lariat|p1a: No Respect
|-activate|p1a: No Respect|move: Protect
|
|upkeep
|turn|3
|
|t:|1785164264
|switch|p2b: Ceruledge|Ceruledge, L50, F|100/100
|detailschange|p1b: Chariyard|Charizard-Mega-Y, L50, M
|-mega|p1b: Chariyard|Charizard|Charizardite Y
|-weather|SunnyDay|[from] ability: Drought|[of] p1b: Chariyard
|move|p1a: No Respect|Aqua Jet|p2b: Ceruledge
|-supereffective|p2b: Ceruledge|1
|-damage|p2b: Ceruledge|81/100
|move|p1b: Chariyard|Heat Wave|p2b: Ceruledge|[spread] p2a
|-start|p2b: Ceruledge|ability: Flash Fire
|-resisted|p2a: Incineroar|1
|-damage|p2a: Incineroar|72/100
|move|p2a: Incineroar|Darkest Lariat|p1a: No Respect
|-supereffective|p1a: No Respect|1
|-damage|p1a: No Respect|1/100
|
|-weather|SunnyDay|[upkeep]
|upkeep
|turn|4
|
|t:|1785164289
|move|p1a: No Respect|Protect|p1a: No Respect
|-singleturn|p1a: No Respect|Protect
|move|p2b: Ceruledge|Shadow Sneak|p1a: No Respect
|-activate|p1a: No Respect|move: Protect
|move|p1b: Chariyard|Weather Ball|p2a: Incineroar
|-resisted|p2a: Incineroar|1
|-damage|p2a: Incineroar|31/100
|-enditem|p2a: Incineroar|Sitrus Berry|[eat]
|-heal|p2a: Incineroar|55/100|[from] item: Sitrus Berry
|move|p2a: Incineroar|Parting Shot|p1b: Chariyard
|-unboost|p1b: Chariyard|atk|1
|-unboost|p1b: Chariyard|spa|1
|
|t:|1785164301
|switch|p2a: Mr. Rime|Mr. Rime, L50, M|100/100|[from] Parting Shot
|
|-weather|SunnyDay|[upkeep]
|-sideend|p1: C0ozer|move: Tailwind
|upkeep
|turn|5
|
|t:|1785164317
|switch|p1b: HIgh EQ|Garchomp, L50, F|100/100
|switch|p1a: Floofy|Whimsicott, L50, F|100/100
|move|p2b: Ceruledge|Shadow Sneak|p1a: Floofy
|-damage|p1a: Floofy|68/100
|move|p2a: Mr. Rime|Role Play|p2b: Ceruledge
|-ability|p2a: Mr. Rime|Flash Fire|Screen Cleaner|[from] move: Role Play|[of] p2b: Ceruledge
|
|-weather|SunnyDay|[upkeep]
|upkeep
|turn|6
|
|t:|1785164333
|move|p1b: HIgh EQ|Protect|p1b: HIgh EQ
|-singleturn|p1b: HIgh EQ|Protect
|move|p1a: Floofy|Tailwind|p1a: Floofy
|-sidestart|p1: C0ozer|move: Tailwind
|move|p2a: Mr. Rime|Freeze-Dry|p1b: HIgh EQ
|-activate|p1b: HIgh EQ|move: Protect
|move|p2b: Ceruledge|Bitter Blade|p1a: Floofy
|-supereffective|p1a: Floofy|1
|-crit|p1a: Floofy
|-damage|p1a: Floofy|0 fnt
|-heal|p2b: Ceruledge|100/100|[from] drain|[of] p1a: Floofy
|faint|p1a: Floofy
|
|-weather|SunnyDay|[upkeep]
|upkeep
|
|t:|1785164347
|switch|p1a: Chariyard|Charizard-Mega-Y, L50, M|100/100
|turn|7
|
|t:|1785164366
|-end|p2b: Ceruledge|ability: Flash Fire|[silent]
|switch|p2b: Incineroar|Incineroar, L50, M|55/100
|-ability|p2b: Incineroar|Intimidate|boost
|-unboost|p1a: Chariyard|atk|1
|-unboost|p1b: HIgh EQ|atk|1
|move|p1b: HIgh EQ|Earthquake|p2a: Mr. Rime|[spread] p2a,p2b
|-immune|p1a: Chariyard
|-supereffective|p2b: Incineroar|1
|-damage|p2a: Mr. Rime|54/100
|-damage|p2b: Incineroar|8/100
|-damage|p1b: HIgh EQ|90/100|[from] item: Life Orb
|move|p1a: Chariyard|Solar Beam||[still]
|-prepare|p1a: Chariyard|Solar Beam
|-anim|p1a: Chariyard|Solar Beam|p2a: Mr. Rime
|-damage|p2a: Mr. Rime|0 fnt
|faint|p2a: Mr. Rime
|
|-weather|none
|upkeep
|
|t:|1785164380
|switch|p2a: Ceruledge|Ceruledge, L50, F|100/100
|turn|8
|
|t:|1785164395
|move|p2b: Incineroar|Fake Out|p1b: HIgh EQ
|-damage|p1b: HIgh EQ|79/100
|-damage|p2b: Incineroar|0 fnt|[from] ability: Rough Skin|[of] p1b: HIgh EQ
|faint|p2b: Incineroar
|cant|p1b: HIgh EQ|flinch
|move|p1a: Chariyard|Weather Ball|p2a: Ceruledge
|-immune|p2a: Ceruledge
|move|p2a: Ceruledge|Bulk Up|p2a: Ceruledge
|-boost|p2a: Ceruledge|atk|1
|-boost|p2a: Ceruledge|def|1
|
|upkeep
|turn|9
|
|t:|1785164411
|move|p2a: Ceruledge|Protect|p2a: Ceruledge
|-singleturn|p2a: Ceruledge|Protect
|move|p1b: HIgh EQ|Earthquake|p2a: Ceruledge|[spread] 
|-activate|p2a: Ceruledge|move: Protect
|-immune|p1a: Chariyard
|move|p1a: Chariyard|Solar Beam||[still]
|-prepare|p1a: Chariyard|Solar Beam
|
|-sideend|p1: C0ozer|move: Tailwind
|upkeep
|turn|10
|
|t:|1785164420
|move|p1b: HIgh EQ|Earthquake|p2a: Ceruledge|[spread] p2a
|-immune|p1a: Chariyard
|-supereffective|p2a: Ceruledge|1
|-damage|p2a: Ceruledge|54/100
|-damage|p1b: HIgh EQ|69/100|[from] item: Life Orb
|move|p1a: Chariyard|Solar Beam|p2a: Ceruledge|[from] lockedmove
|-resisted|p2a: Ceruledge|1
|-damage|p2a: Ceruledge|26/100
|move|p2a: Ceruledge|Bulk Up|p2a: Ceruledge
|-boost|p2a: Ceruledge|atk|1
|-boost|p2a: Ceruledge|def|1
|
|upkeep
|turn|11
|
|t:|1785164436
|move|p1b: HIgh EQ|Earthquake|p2a: Ceruledge|[spread] p2a
|-immune|p1a: Chariyard
|-supereffective|p2a: Ceruledge|1
|-damage|p2a: Ceruledge|0 fnt
|faint|p2a: Ceruledge
|-damage|p1b: HIgh EQ|60/100|[from] item: Life Orb
|
|win|C0ozer
|raw|C0ozer's rating: 1219 → 1235(+16 for winning)
|raw|Tangermon's rating: 1081 → 1067(-14 for losing)
|l|☆Tangermon
|player|p2|
