|j|☆edo ghira
|j|☆ryoshino19
|html|edo ghiraryoshino19    
|uhtml|bestof|Game 1 of a best-of-3
|t:|1756332517
|gametype|doubles
|player|p1|edo ghira|lance|1134
|player|p2|ryoshino19|2|1163
|gen|9
|tier|[Gen 9] VGC 2025 Reg H (Bo3)
|rated|
|rule|Species Clause: Limit one of each Pokémon
|rule|Item Clause: Limit 1 of each item
|clearpoke
|poke|p1|Weavile, L50, M|
|poke|p1|Rillaboom, L50, F|
|poke|p1|Hydreigon, L50, F|
|poke|p1|Archaludon, L50, M|
|poke|p1|Pelipper, L50, F|
|poke|p1|Maushold, L50|
|poke|p2|Gholdengo, L50|
|poke|p2|Rillaboom, L50, F|
|poke|p2|Incineroar, L50, F|
|poke|p2|Porygon2, L50|
|poke|p2|Garchomp, L50, M|
|poke|p2|Clefable, L50, M|
|teampreview|4
|showteam|p1|Weavile||FocusSash|Pickpocket|KnockOff,TripleAxel,FakeOut,Protect|||M|||50|,,,,,Ice]Rillaboom||LoadedDice|GrassySurge|BulletSeed,HighHorsepower,FakeOut,GrassyGlide|||F|||50|,,,,,Fire]Hydreigon||ScopeLens|Levitate|DracoMeteor,DarkPulse,FocusEnergy,Protect|||F|||50|,,,,,Ghost]Archaludon||AssaultVest|Stamina|ElectroShot,FlashCannon,DragonPulse,BodyPress|||M|||50|,,,,,Bug]Pelipper||GrassySeed|Drizzle|WeatherBall,Tailwind,Hurricane,Protect|||F|||50|,,,,,Dragon]Maushold||SafetyGoggles|FriendGuard|SuperFang,FollowMe,Encore,Protect||||||50|,,,,,Ghost
|showteam|p2|Gholdengo||Leftovers|GoodasGold|MakeItRain,ShadowBall,NastyPlot,Protect||||||50|,,,,,Water]Rillaboom||AssaultVest|GrassySurge|WoodHammer,GrassyGlide,Uturn,FakeOut|||F|||50|,,,,,Fire]Incineroar||SafetyGoggles|Intimidate|FlareBlitz,KnockOff,PartingShot,FakeOut|||F|||50|,,,,,Ghost]Porygon2||Eviolite|Download|TeraBlast,IceBeam,Recover,TrickRoom||||||50|,,,,,Fighting]Garchomp||LifeOrb|RoughSkin|StompingTantrum,DragonClaw,RockSlide,Protect|||M|||50|,,,,,Fairy]Clefable||RockyHelmet|Unaware|Moonblast,FollowMe,Encore,Protect|||M|||50|,,,,,Fairy
|inactive|Battle timer is ON: inactive players will automatically lose when time's up. (requested by ryoshino19)
|
|t:|1756332541
|teamsize|p1|4
|teamsize|p2|4
|start
|switch|p1a: Hydreigon|Hydreigon, L50, F|100/100
|switch|p1b: Weavile|Weavile, L50, M|100/100
|switch|p2a: Incineroar|Incineroar, L50, F, shiny|100/100
|switch|p2b: Porygon2|Porygon2, L50|100/100
|-ability|p2a: Incineroar|Intimidate|boost
|-unboost|p1a: Hydreigon|atk|1
|-unboost|p1b: Weavile|atk|1
|-ability|p2b: Porygon2|Download|boost
|-boost|p2b: Porygon2|atk|1
|turn|1
|
|t:|1756332558
|move|p1b: Weavile|Fake Out|p2a: Incineroar
|-damage|p2a: Incineroar|94/100
|move|p1a: Hydreigon|Focus Energy|p1a: Hydreigon
|-start|p1a: Hydreigon|move: Focus Energy
|cant|p2a: Incineroar|flinch
|move|p2b: Porygon2|Tera Blast|p1b: Weavile
|-damage|p1b: Weavile|59/100
|
|upkeep
|turn|2
|inactive|edo ghira has 30 seconds left.
|inactive|edo ghira has 20 seconds left.
|inactive|edo ghira has 15 seconds left.
|
|t:|1756332601
|move|p1b: Weavile|Knock Off|p2b: Porygon2
|-damage|p2b: Porygon2|83/100
|-enditem|p2b: Porygon2|Eviolite|[from] move: Knock Off|[of] p1b: Weavile
|move|p1a: Hydreigon|Draco Meteor|p2a: Incineroar
|-crit|p2a: Incineroar
|-damage|p2a: Incineroar|12/100
|-unboost|p1a: Hydreigon|spa|2
|move|p2a: Incineroar|Parting Shot|p1a: Hydreigon
|-unboost|p1a: Hydreigon|atk|1
|-unboost|p1a: Hydreigon|spa|1
|
|t:|1756332609
|switch|p2a: Gholdengo|Gholdengo, L50|100/100|[from] Parting Shot
|move|p2b: Porygon2|Trick Room|p2b: Porygon2
|-fieldstart|move: Trick Room|[of] p2b: Porygon2
|
|upkeep
|turn|3
|
|t:|1756332621
|switch|p1b: Maushold|Maushold, L50|100/100
|move|p2b: Porygon2|Ice Beam|p1a: Hydreigon
|-supereffective|p1a: Hydreigon
|-damage|p1a: Hydreigon|68/100
|move|p2a: Gholdengo|Make It Rain|p1a: Hydreigon|[spread] p1a,p1b
|-damage|p1a: Hydreigon|30/100
|-damage|p1b: Maushold|39/100
|-unboost|p2a: Gholdengo|spa|1
|move|p1a: Hydreigon|Dark Pulse|p2a: Gholdengo
|-supereffective|p2a: Gholdengo
|-crit|p2a: Gholdengo
|-damage|p2a: Gholdengo|0 fnt
|faint|p2a: Gholdengo
|
|upkeep
|
|t:|1756332631
|switch|p2a: Incineroar|Incineroar, L50, F, shiny|12/100
|-ability|p2a: Incineroar|Intimidate|boost
|-unboost|p1a: Hydreigon|atk|1
|-unboost|p1b: Maushold|atk|1
|turn|4
|
|t:|1756332656
|-terastallize|p1b: Maushold|Ghost
|move|p1b: Maushold|Follow Me|p1b: Maushold
|-singleturn|p1b: Maushold|move: Follow Me
|move|p2b: Porygon2|Ice Beam|p1b: Maushold
|-damage|p1b: Maushold|14/100
|move|p2a: Incineroar|Knock Off|p1b: Maushold
|-supereffective|p1b: Maushold
|-damage|p1b: Maushold|0 fnt
|-enditem|p1b: Maushold|Safety Goggles|[from] move: Knock Off|[of] p2a: Incineroar
|faint|p1b: Maushold
|move|p1a: Hydreigon|Dark Pulse|p2a: Incineroar
|-resisted|p2a: Incineroar
|-crit|p2a: Incineroar
|-damage|p2a: Incineroar|0 fnt
|faint|p2a: Incineroar
|
|upkeep
|
|t:|1756332681
|switch|p2a: Clefable|Clefable, L50, M|100/100
|switch|p1b: Archaludon|Archaludon, L50, M|100/100
|turn|5
|
|t:|1756332690
|-terastallize|p2b: Porygon2|Fighting
|move|p1a: Hydreigon|Protect|p1a: Hydreigon
|-singleturn|p1a: Hydreigon|Protect
|move|p2b: Porygon2|Tera Blast|p1a: Hydreigon|[anim] Tera Blast Fighting
|-activate|p1a: Hydreigon|move: Protect
|move|p2a: Clefable|Moonblast|p1b: Archaludon
|-damage|p1b: Archaludon|76/100
|-unboost|p1b: Archaludon|spa|1
|-ability|p1b: Archaludon|Stamina|boost
|-boost|p1b: Archaludon|def|1
|move|p1b: Archaludon|Flash Cannon|p2a: Clefable
|-supereffective|p2a: Clefable
|-damage|p2a: Clefable|50/100
|
|upkeep
|turn|6
|
|t:|1756332709
|move|p2a: Clefable|Protect|p2a: Clefable
|-singleturn|p2a: Clefable|Protect
|move|p1a: Hydreigon|Protect||[still]
|-fail|p1a: Hydreigon
|move|p2b: Porygon2|Tera Blast|p1a: Hydreigon|[anim] Tera Blast Fighting
|-supereffective|p1a: Hydreigon
|-damage|p1a: Hydreigon|0 fnt
|faint|p1a: Hydreigon
|move|p1b: Archaludon|Flash Cannon|p2a: Clefable
|-activate|p2a: Clefable|move: Protect
|
|-fieldend|move: Trick Room
|upkeep
|
|t:|1756332716
|switch|p1a: Weavile|Weavile, L50, M|59/100
|turn|7
|
|t:|1756332722
|move|p2a: Clefable|Protect||[still]
|-fail|p2a: Clefable
|move|p1a: Weavile|Fake Out|p2b: Porygon2
|-damage|p2b: Porygon2|71/100
|move|p1b: Archaludon|Flash Cannon|p2a: Clefable
|-supereffective|p2a: Clefable
|-damage|p2a: Clefable|0 fnt
|faint|p2a: Clefable
|cant|p2b: Porygon2|flinch
|
|upkeep
|turn|8
|
|t:|1756332743
|move|p1a: Weavile|Triple Axel|p2b: Porygon2
|-damage|p2b: Porygon2|62/100
|-damage|p2b: Porygon2|44/100
|-damage|p2b: Porygon2|19/100
|-hitcount|p2b: Porygon2|3
|move|p1b: Archaludon|Body Press|p2b: Porygon2
|-damage|p2b: Porygon2|0 fnt
|faint|p2b: Porygon2
|
|win|edo ghira
||ryoshino19 is ready for game 2.
|inactive|edo ghira has 30 seconds to confirm battle start!
||edo ghira is ready for game 2.
|uhtml|next|Next: Game 2 of 3
