|j|☆strikermohamud
|j|☆MazapanAzteca
|html|strikermohamudMazapanAzteca    
|uhtml|bestof|Game 1 of a best-of-3
|t:|1757036781
|gametype|doubles
|player|p1|strikermohamud|unknown|1105
|player|p2|MazapanAzteca|ingo|1184
|gen|9
|tier|[Gen 9] VGC 2025 Reg H (Bo3)
|rated|
|rule|Species Clause: Limit one of each Pokémon
|rule|Item Clause: Limit 1 of each item
|clearpoke
|poke|p1|Metagross, L50|
|poke|p1|Alcremie-Ruby-Swirl, L50, F|
|poke|p1|Incineroar, L50, M|
|poke|p1|Ninetales-Alola, L50, F|
|poke|p1|Dragonite, L50, M|
|poke|p1|Garchomp, L50, F|
|poke|p2|Dragonite, L50, F|
|poke|p2|Annihilape, L50, F|
|poke|p2|Gholdengo, L50|
|poke|p2|Ursaluna-Bloodmoon, L50, M|
|poke|p2|Maushold-Four, L50|
|poke|p2|Rillaboom, L50, M|
|teampreview|4
|showteam|p1|Metagross||AssaultVest|ClearBody|PsychicFangs,BulletPunch,HeavySlam,StompingTantrum||||||50|,,,,,Flying]Alcremie-Ruby-Swirl||CovertCloak|SweetVeil|Decorate,HelpingHand,DazzlingGleam,Protect|||F|||50|,,,,,Fire]Incineroar||SafetyGoggles|Intimidate|FakeOut,KnockOff,Taunt,PartingShot|||M|||50|,,,,,Bug]Ninetales-Alola||FocusSash|SnowWarning|Blizzard,FreezeDry,AuroraVeil,Protect|||F|||50|,,,,,Ice]Dragonite||LoadedDice|Multiscale|ScaleShot,Tailwind,Haze,Protect|||M|||50|,,,,,Fairy]Garchomp||ChoiceBand|RoughSkin|Earthquake,StompingTantrum,DragonClaw,RockSlide|||F|||50|,,,,,Steel
|showteam|p2|Dragonite||LoadedDice|Multiscale|ScaleShot,Tailwind,Haze,Protect|||F|||50|,,,,,Steel]Annihilape||SitrusBerry|Defiant|RageFist,DrainPunch,BulkUp,Protect|||F|||50|,,,,,Fire]Gholdengo||LifeOrb|GoodasGold|MakeItRain,ShadowBall,NastyPlot,Protect||||||50|,,,,,Water]Ursaluna-Bloodmoon||AssaultVest|MindsEye|BloodMoon,EarthPower,HyperVoice,VacuumWave|||M|||50|,,,,,Water]Maushold-Four||FocusSash|FriendGuard|SuperFang,FollowMe,BeatUp,Protect||||||50|,,,,,Ghost]Rillaboom||MiracleSeed|GrassySurge|WoodHammer,GrassyGlide,HighHorsepower,FakeOut|||M|||50|,,,,,Fire
|inactive|Battle timer is ON: inactive players will automatically lose when time's up. (requested by strikermohamud)
|inactive|MazapanAzteca has 60 seconds left.
|
|t:|1757036908
|teamsize|p1|4
|teamsize|p2|4
|start
|switch|p1a: Garchomp|Garchomp, L50, F|100/100
|switch|p1b: Ninetales|Ninetales-Alola, L50, F|100/100
|switch|p2a: Ursaluna|Ursaluna-Bloodmoon, L50, M|100/100
|switch|p2b: Maushold|Maushold-Four, L50|100/100
|-weather|Snowscape|[from] ability: Snow Warning|[of] p1b: Ninetales
|turn|1
|inactive|strikermohamud has 30 seconds left.
|inactive|MazapanAzteca has 30 seconds left.
|inactive|MazapanAzteca has 20 seconds left.
|inactive|MazapanAzteca has 15 seconds left.
|
|t:|1757036949
|move|p1b: Ninetales|Protect|p1b: Ninetales
|-singleturn|p1b: Ninetales|Protect
|move|p2b: Maushold|Super Fang|p1a: Garchomp|[miss]
|-miss|p2b: Maushold|p1a: Garchomp
|move|p1a: Garchomp|Earthquake|p2b: Maushold|[spread] p2a,p2b
|-activate|p1b: Ninetales|move: Protect
|-damage|p2a: Ursaluna|69/100
|-damage|p2b: Maushold|29/100
|move|p2a: Ursaluna|Blood Moon|p1a: Garchomp
|-damage|p1a: Garchomp|14/100
|
|-weather|Snowscape|[upkeep]
|upkeep
|turn|2
|inactive|MazapanAzteca has 30 seconds left.
|inactive|MazapanAzteca has 20 seconds left.
|inactive|MazapanAzteca has 15 seconds left.
|inactive|MazapanAzteca has 10 seconds left.
|inactive|MazapanAzteca has 5 seconds left.
|
|t:|1757037000
|switch|p1a: Dragonite|Dragonite, L50, M|100/100
|-terastallize|p1b: Ninetales|Ice
|-terastallize|p2a: Ursaluna|Water
|move|p2b: Maushold|Super Fang|p1b: Ninetales
|-damage|p1b: Ninetales|51/100
|move|p1b: Ninetales|Blizzard|p2a: Ursaluna|[spread] p2a,p2b
|-resisted|p2a: Ursaluna
|-damage|p2a: Ursaluna|58/100
|-damage|p2b: Maushold|0 fnt
|faint|p2b: Maushold
|move|p2a: Ursaluna|Hyper Voice|p1b: Ninetales|[spread] p1a,p1b
|-damage|p1a: Dragonite|83/100
|-damage|p1b: Ninetales|7/100
|
|-weather|Snowscape|[upkeep]
|upkeep
|inactive|MazapanAzteca has 30 seconds left.
|
|t:|1757037030
|switch|p2b: Rillaboom|Rillaboom, L50, M|100/100
|-fieldstart|move: Grassy Terrain|[from] ability: Grassy Surge|[of] p2b: Rillaboom
|turn|3
|inactive|MazapanAzteca has 30 seconds left.
|inactive|MazapanAzteca has 20 seconds left.
|inactive|MazapanAzteca has 15 seconds left.
|
|t:|1757037072
|switch|p1a: Incineroar|Incineroar, L50, M|100/100
|-ability|p1a: Incineroar|Intimidate|boost
|-unboost|p2a: Ursaluna|atk|1
|-unboost|p2b: Rillaboom|atk|1
|move|p1b: Ninetales|Protect|p1b: Ninetales
|-singleturn|p1b: Ninetales|Protect
|move|p2b: Rillaboom|Fake Out|p1a: Incineroar
|-damage|p1a: Incineroar|92/100
|move|p2a: Ursaluna|Vacuum Wave|p1b: Ninetales
|-activate|p1b: Ninetales|move: Protect
|
|-weather|Snowscape|[upkeep]
|-heal|p1b: Ninetales|13/100|[from] Grassy Terrain
|-heal|p1a: Incineroar|98/100|[from] Grassy Terrain
|-heal|p2a: Ursaluna|64/100|[from] Grassy Terrain
|upkeep
|turn|4
|inactive|strikermohamud has 30 seconds left.
|inactive|strikermohamud has 20 seconds left.
|
|t:|1757037108
|switch|p1b: Dragonite|Dragonite, L50, M|83/100
|switch|p2b: Annihilape|Annihilape, L50, F|100/100
|move|p1a: Incineroar|Knock Off|p2a: Ursaluna
|-damage|p2a: Ursaluna|37/100
|-enditem|p2a: Ursaluna|Assault Vest|[from] move: Knock Off|[of] p1a: Incineroar
|move|p2a: Ursaluna|Hyper Voice|p1b: Dragonite|[spread] p1a,p1b
|-crit|p1a: Incineroar
|-damage|p1a: Incineroar|57/100
|-damage|p1b: Dragonite|53/100
|
|-weather|Snowscape|[upkeep]
|-heal|p1a: Incineroar|63/100|[from] Grassy Terrain
|-heal|p2a: Ursaluna|43/100|[from] Grassy Terrain
|upkeep
|turn|5
|inactive|MazapanAzteca has 30 seconds left.
|inactive|MazapanAzteca has 20 seconds left.
|inactive|MazapanAzteca has 15 seconds left.
|inactive|MazapanAzteca has 10 seconds left.
|inactive|MazapanAzteca has 5 seconds left.
|
|t:|1757037160
|move|p2b: Annihilape|Bulk Up|p2b: Annihilape
|-boost|p2b: Annihilape|atk|1
|-boost|p2b: Annihilape|def|1
|move|p1b: Dragonite|Scale Shot|p2a: Ursaluna
|-damage|p2a: Ursaluna|32/100
|-damage|p2a: Ursaluna|21/100
|-damage|p2a: Ursaluna|10/100
|-damage|p2a: Ursaluna|0 fnt
|faint|p2a: Ursaluna
|-hitcount|p2: Ursaluna|4
|-unboost|p1b: Dragonite|def|1
|-boost|p1b: Dragonite|spe|1
|move|p1a: Incineroar|Knock Off|p2b: Annihilape
|-damage|p2b: Annihilape|73/100
|-enditem|p2b: Annihilape|Sitrus Berry|[from] move: Knock Off|[of] p1a: Incineroar
|
|-weather|none
|-heal|p2b: Annihilape|79/100|[from] Grassy Terrain
|-heal|p1a: Incineroar|69/100|[from] Grassy Terrain
|upkeep
|
|t:|1757037167
|switch|p2a: Rillaboom|Rillaboom, L50, M|100/100
|turn|6
|inactive|MazapanAzteca has 30 seconds left.
|j| OnihC
|
|t:|1757037201
|move|p2a: Rillaboom|Fake Out|p1a: Incineroar
|-damage|p1a: Incineroar|58/100
|move|p1b: Dragonite|Tailwind|p1b: Dragonite
|-sidestart|p1: strikermohamud|move: Tailwind
|cant|p1a: Incineroar|flinch
|move|p2b: Annihilape|Rage Fist|p1b: Dragonite
|-damage|p1b: Dragonite|0 fnt
|faint|p1b: Dragonite
|
|-heal|p1a: Incineroar|64/100|[from] Grassy Terrain
|-heal|p2b: Annihilape|85/100|[from] Grassy Terrain
|upkeep
|
|t:|1757037215
|switch|p1b: Ninetales|Ninetales-Alola, L50, F, tera:Ice|13/100
|-weather|Snowscape|[from] ability: Snow Warning|[of] p1b: Ninetales
|turn|7
|inactive|MazapanAzteca has 30 seconds left.
|
|t:|1757037248
|move|p1b: Ninetales|Protect|p1b: Ninetales
|-singleturn|p1b: Ninetales|Protect
|move|p2a: Rillaboom|Grassy Glide|p1b: Ninetales
|-activate|p1b: Ninetales|move: Protect
|move|p1a: Incineroar|Taunt|p2b: Annihilape
|-start|p2b: Annihilape|move: Taunt
|move|p2b: Annihilape|Drain Punch|p1a: Incineroar
|-supereffective|p1a: Incineroar
|-damage|p1a: Incineroar|0 fnt
|-heal|p2b: Annihilape|100/100|[from] drain|[of] p1a: Incineroar
|faint|p1a: Incineroar
|
|-weather|Snowscape|[upkeep]
|-heal|p1b: Ninetales|19/100|[from] Grassy Terrain
|-fieldend|move: Grassy Terrain
|upkeep
|
|t:|1757037260
|switch|p1a: Garchomp|Garchomp, L50, F|14/100
|turn|8
|
|t:|1757037271
|move|p1b: Ninetales|Blizzard|p2a: Rillaboom|[spread] p2a,p2b
|-supereffective|p2a: Rillaboom
|-damage|p2a: Rillaboom|6/100
|-damage|p2b: Annihilape|64/100
|-status|p2a: Rillaboom|frz
|move|p1a: Garchomp|Dragon Claw|p2b: Annihilape
|-damage|p2b: Annihilape|20/100
|move|p2b: Annihilape|Drain Punch|p1b: Ninetales
|-supereffective|p1b: Ninetales
|-damage|p1b: Ninetales|0 fnt
|-heal|p2b: Annihilape|27/100|[from] drain|[of] p1b: Ninetales
|faint|p1b: Ninetales
|cant|p2a: Rillaboom|frz
|
|-weather|Snowscape|[upkeep]
|upkeep
|turn|9
|
|t:|1757037292
|move|p1a: Garchomp|Dragon Claw|p2b: Annihilape
|-damage|p2b: Annihilape|0 fnt
|faint|p2b: Annihilape
|cant|p2a: Rillaboom|frz
|
|-weather|Snowscape|[upkeep]
|-sideend|p1: strikermohamud|move: Tailwind
|upkeep
|turn|10
|
|t:|1757037298
|move|p1a: Garchomp|Dragon Claw|p2a: Rillaboom
|-damage|p2a: Rillaboom|0 fnt
|faint|p2a: Rillaboom
|
|win|strikermohamud
||MazapanAzteca is ready for game 2.
||strikermohamud is ready for game 2.
|uhtml|next|Next: Game 2 of 3
|l| OnihC
|l|☆strikermohamud
|player|p1|
