|j|☆ultimatecoward
|j|☆lkwa1994
|html|ultimatecowardlkwa1994    
|uhtml|bestof|Game 2 of a best-of-3
|t:|1785339792
|gametype|doubles
|player|p1|ultimatecoward|medium|1099
|player|p2|lkwa1994|102|1154
|gen|9
|tier|[Gen 9 Champions] VGC 2026 Reg M-B (Bo3)
|rated|
|rule|Species Clause: Limit one of each Pokémon
|rule|Item Clause: Limit 1 of each item
|clearpoke
|poke|p1|Maushold, L50|
|poke|p1|Sableye, L50, M|
|poke|p1|Gengar, L50, M|
|poke|p1|Kingambit, L50, M|
|poke|p1|Charizard, L50, M, shiny|
|poke|p1|Garchomp, L50, M, shiny|
|poke|p2|Gengar, L50, F, shiny|
|poke|p2|Incineroar, L50, M|
|poke|p2|Politoed, L50, F|
|poke|p2|Kommo-o, L50, F|
|poke|p2|Kingambit, L50, M|
|poke|p2|Swampert, L50, F|
|teampreview|4
|showteam|p1|Maushold||KingsRock|Technician|PopulationBomb,FollowMe,Encore,Protect|Jolly|||||50|]Sableye||SitrusBerry|Prankster|Gravity,Encore,Disable,FakeOut|Careful||M|||50|]Gengar||Gengarite|CursedBody|Hex,Disable,Hypnosis,Protect|Timid||M|||50|]Kingambit||FocusSash|Defiant|KowtowCleave,SuckerPunch,IronHead,LowKick|Adamant||M|||50|]Charizard||CharizarditeY|Blaze|HeatWave,FocusBlast,WeatherBall,Protect|Modest||M|||50|]Garchomp||ChoiceScarf|RoughSkin|StompingTantrum,RockSlide,DragonClaw,Earthquake|Jolly||M|||50|
|showteam|p2|Gengar||Gengarite|CursedBody|ShadowBall,PerishSong,Disable,Protect|Bold||F|||50|]Incineroar||PasshoBerry|Intimidate|FakeOut,ThroatChop,PartingShot,Protect|Relaxed||M|||50|]Politoed||SitrusBerry|Drizzle|MuddyWater,PerishSong,Encore,Protect|Calm||F|||50|]Kommo-o||Leftovers|Soundproof|ClangingScales,AuraSphere,ClangorousSoul,Protect|Modest||F|||50|]Kingambit||FocusSash|Defiant|KowtowCleave,IronHead,SuckerPunch,Protect|Adamant||M|||50|]Swampert||Swampertite|Torrent|WaveCrash,HighHorsepower,IcePunch,Protect|Adamant||F|||50|
|
|t:|1785339859
|teamsize|p1|4
|teamsize|p2|4
|start
|switch|p1a: Sableye|Sableye, L50, M|100/100
|switch|p1b: Maushold|Maushold, L50|100/100
|switch|p2a: Swampert|Swampert, L50, F|100/100
|switch|p2b: Kingambit|Kingambit, L50, M|100/100
|turn|1
|
|t:|1785339892
|detailschange|p2a: Swampert|Swampert-Mega, L50, F
|-mega|p2a: Swampert|Swampert|Swampertite
|move|p2a: Swampert|Protect|p2a: Swampert
|-singleturn|p2a: Swampert|Protect
|move|p1a: Sableye|Fake Out|p2a: Swampert
|-activate|p2a: Swampert|move: Protect
|move|p1b: Maushold|Population Bomb|p2a: Swampert
|-activate|p2a: Swampert|move: Protect
|move|p2b: Kingambit|Kowtow Cleave|p1a: Sableye
|-damage|p1a: Sableye|33/100
|-enditem|p1a: Sableye|Sitrus Berry|[eat]
|-heal|p1a: Sableye|57/100|[from] item: Sitrus Berry
|
|upkeep
|turn|2
|inactive|Battle timer is ON: inactive players will automatically lose when time's up. (requested by ultimatecoward)
|
|t:|1785339932
|switch|p2a: Politoed|Politoed, L50, F|100/100
|-weather|RainDance|[from] ability: Drizzle|[of] p2a: Politoed
|move|p1a: Sableye|Encore||[still]
|-fail|p1a: Sableye
|move|p1b: Maushold|Population Bomb|p2b: Kingambit
|-resisted|p2b: Kingambit|1
|-damage|p2b: Kingambit|95/100
|-resisted|p2b: Kingambit|1
|-damage|p2b: Kingambit|90/100
|-resisted|p2b: Kingambit|1
|-damage|p2b: Kingambit|86/100
|-resisted|p2b: Kingambit|1
|-damage|p2b: Kingambit|81/100
|-resisted|p2b: Kingambit|1
|-crit|p2b: Kingambit
|-damage|p2b: Kingambit|75/100
|-resisted|p2b: Kingambit|1
|-damage|p2b: Kingambit|70/100
|-resisted|p2b: Kingambit|1
|-damage|p2b: Kingambit|65/100
|-resisted|p2b: Kingambit|1
|-damage|p2b: Kingambit|60/100
|-resisted|p2b: Kingambit|1
|-damage|p2b: Kingambit|56/100
|-resisted|p2b: Kingambit|1
|-damage|p2b: Kingambit|51/100
|-hitcount|p2b: Kingambit|10
|cant|p2b: Kingambit|flinch
|
|-weather|RainDance|[upkeep]
|upkeep
|turn|3
|inactive|ultimatecoward has 30 seconds left.
|inactive|lkwa1994 has 30 seconds left.
|inactive|ultimatecoward has 20 seconds left.
|inactive|ultimatecoward has 15 seconds left.
|
|t:|1785339972
|move|p2b: Kingambit|Sucker Punch|p1b: Maushold
|-damage|p1b: Maushold|32/100
|move|p1a: Sableye|Gravity|p1a: Sableye
|-fieldstart|move: Gravity
|move|p1b: Maushold|Population Bomb|p2a: Politoed
|-damage|p2a: Politoed|89/100
|-damage|p2a: Politoed|78/100
|-damage|p2a: Politoed|67/100
|-damage|p2a: Politoed|54/100
|-damage|p2a: Politoed|42/100
|-enditem|p2a: Politoed|Sitrus Berry|[eat]
|-heal|p2a: Politoed|67/100|[from] item: Sitrus Berry
|-damage|p2a: Politoed|56/100
|-damage|p2a: Politoed|45/100
|-damage|p2a: Politoed|33/100
|-damage|p2a: Politoed|22/100
|-damage|p2a: Politoed|11/100
|-hitcount|p2a: Politoed|10
|cant|p2a: Politoed|flinch
|
|-weather|RainDance|[upkeep]
|upkeep
|turn|4
|inactive|ultimatecoward has 30 seconds left.
|inactive|lkwa1994 has 30 seconds left.
|inactive|ultimatecoward has 20 seconds left.
|inactive|ultimatecoward has 15 seconds left.
|inactive|ultimatecoward has 10 seconds left.
|inactive|ultimatecoward has 5 seconds left.
|
|t:|1785340026
|move|p1b: Maushold|Protect|p1b: Maushold
|-singleturn|p1b: Maushold|Protect
|move|p1a: Sableye|Disable||[still]
|-fail|p1a: Sableye
|move|p2a: Politoed|Muddy Water|p1a: Sableye|[spread] p1a
|-activate|p1b: Maushold|move: Protect
|-damage|p1a: Sableye|23/100
|move|p2b: Kingambit|Kowtow Cleave|p1b: Maushold
|-activate|p1b: Maushold|move: Protect
|
|-weather|RainDance|[upkeep]
|upkeep
|turn|5
|
|t:|1785340051
|switch|p1b: Charizard|Charizard, L50, M, shiny|100/100
|move|p2b: Kingambit|Sucker Punch||[still]
|-fail|p2b: Kingambit
|move|p1a: Sableye|Disable|p2a: Politoed
|-start|p2a: Politoed|Disable|Muddy Water
|cant|p2a: Politoed|Disable|Muddy Water
|
|-weather|RainDance|[upkeep]
|upkeep
|turn|6
|
|t:|1785340073
|switch|p2a: Kommo-o|Kommo-o, L50, F|100/100
|switch|p1a: Maushold|Maushold, L50|32/100
|detailschange|p1b: Charizard|Charizard-Mega-Y, L50, M, shiny
|-mega|p1b: Charizard|Charizard|Charizardite Y
|-weather|SunnyDay|[from] ability: Drought|[of] p1b: Charizard
|move|p2b: Kingambit|Sucker Punch|p1b: Charizard
|-damage|p1b: Charizard|55/100
|move|p1b: Charizard|Heat Wave|p2a: Kommo-o|[spread] p2a,p2b
|-resisted|p2a: Kommo-o|1
|-supereffective|p2b: Kingambit|1
|-damage|p2a: Kommo-o|68/100
|-damage|p2b: Kingambit|0 fnt
|faint|p2b: Kingambit
|
|-weather|SunnyDay|[upkeep]
|-heal|p2a: Kommo-o|74/100|[from] item: Leftovers
|upkeep
|
|t:|1785340088
|switch|p2b: Politoed|Politoed, L50, F|11/100
|-weather|RainDance|[from] ability: Drizzle|[of] p2b: Politoed
|turn|7
|
|t:|1785340108
|move|p1a: Maushold|Population Bomb|p2a: Kommo-o
|-damage|p2a: Kommo-o|65/100
|-damage|p2a: Kommo-o|56/100
|-damage|p2a: Kommo-o|45/100
|-damage|p2a: Kommo-o|35/100
|-damage|p2a: Kommo-o|26/100
|-damage|p2a: Kommo-o|17/100
|-damage|p2a: Kommo-o|8/100
|-damage|p2a: Kommo-o|0 fnt
|faint|p2a: Kommo-o
|-hitcount|p2: Kommo-o|8
|move|p1b: Charizard|Weather Ball|p2b: Politoed
|-resisted|p2b: Politoed|1
|-damage|p2b: Politoed|0 fnt
|faint|p2b: Politoed
|
|-weather|RainDance|[upkeep]
|-fieldend|move: Gravity
|upkeep
|
|t:|1785340125
|switch|p2b: Swampert|Swampert-Mega, L50, F|100/100
|turn|8
|
|t:|1785340146
|switch|p1b: Garchomp|Garchomp, L50, M, shiny|100/100
|move|p1a: Maushold|Protect|p1a: Maushold
|-singleturn|p1a: Maushold|Protect
|move|p2b: Swampert|High Horsepower|p1a: Maushold
|-activate|p1a: Maushold|move: Protect
|
|-weather|RainDance|[upkeep]
|upkeep
|turn|9
|
|t:|1785340168
|move|p1b: Garchomp|Dragon Claw|p2b: Swampert
|-damage|p2b: Swampert|61/100
|move|p2b: Swampert|Ice Punch|p1b: Garchomp
|-supereffective|p1b: Garchomp|2
|-damage|p1b: Garchomp|0 fnt
|-damage|p2b: Swampert|49/100|[from] ability: Rough Skin|[of] p1b: Garchomp
|faint|p1b: Garchomp
|move|p1a: Maushold|Encore|p2b: Swampert
|-start|p2b: Swampert|Encore
|
|-weather|RainDance|[upkeep]
|upkeep
|
|t:|1785340181
|switch|p1b: Charizard|Charizard-Mega-Y, L50, M, shiny|55/100
|-weather|SunnyDay|[from] ability: Drought|[of] p1b: Charizard
|turn|10
|
|t:|1785340191
|move|p1a: Maushold|Follow Me|p1a: Maushold
|-singleturn|p1a: Maushold|move: Follow Me
|move|p1b: Charizard|Weather Ball|p2b: Swampert
|-resisted|p2b: Swampert|1
|-damage|p2b: Swampert|11/100
|move|p2b: Swampert|Ice Punch|p1a: Maushold
|-damage|p1a: Maushold|0 fnt
|faint|p1a: Maushold
|
|-weather|SunnyDay|[upkeep]
|upkeep
|
|t:|1785340200
|switch|p1a: Sableye|Sableye, L50, M|23/100
|turn|11
|
|t:|1785340205
|move|p1a: Sableye|Fake Out|p2b: Swampert
|-damage|p2b: Swampert|5/100
|move|p1b: Charizard|Weather Ball|p2b: Swampert
|-resisted|p2b: Swampert|1
|-damage|p2b: Swampert|0 fnt
|faint|p2b: Swampert
|
|win|ultimatecoward
||lkwa1994 is ready for game 3.
|l|☆lkwa1994
|player|p2|
|inactive|ultimatecoward has 30 seconds to confirm battle start!
|inactive|ultimatecoward has 20 seconds to confirm battle start!
||ultimatecoward is ready for game 3.
|uhtml|next|Next: Game 3 of 3
