|j|☆goodfish6211
|j|‽redpkmntrainer14
|html|goodfish6211redpkmntrainer14    
|uhtml|bestof|Game 1 of a best-of-3
|t:|1784795181
|gametype|doubles
|player|p1|goodfish6211|102|1067
|player|p2|redpkmntrainer14|guitarist|1149
|gen|9
|tier|[Gen 9 Champions] VGC 2026 Reg M-B (Bo3)
|rated|
|rule|Species Clause: Limit one of each Pokémon
|rule|Item Clause: Limit 1 of each item
|clearpoke
|poke|p1|Incineroar, L50, M|
|poke|p1|Sneasler, L50, M, shiny|
|poke|p1|Whimsicott, L50, F|
|poke|p1|Sinistcha-Masterpiece, L50|
|poke|p1|Sylveon, L50, M, shiny|
|poke|p1|Tyranitar, L50, M|
|poke|p2|Charizard, L50, M|
|poke|p2|Sinistcha, L50|
|poke|p2|Sneasler, L50, F|
|poke|p2|Kingambit, L50, M|
|poke|p2|Scizor, L50, F, shiny|
|poke|p2|Glimmora, L50, M|
|teampreview|4
|showteam|p1|Incineroar||PasshoBerry|Intimidate|FakeOut,FlareBlitz,DarkestLariat,PartingShot|Adamant||M|||50|]Sneasler||WhiteHerb|Unburden|CloseCombat,FakeOut,DireClaw,Protect|Adamant||M|||50|]Whimsicott||FocusSash|Prankster|Tailwind,Moonblast,Encore,Protect|Timid||F|||50|]Sinistcha-Masterpiece||SitrusBerry|Hospitality|MatchaGotcha,TrickRoom,RagePowder,Protect|Bold|||||50|]Sylveon||LifeOrb|Pixilate|HyperVoice,QuickAttack,DrainingKiss,Protect|Modest||M|||50|]Tyranitar||Tyranitarite|SandStream|KnockOff,RockSlide,DragonDance,Protect|Adamant||M|||50|
|showteam|p2|Charizard||CharizarditeX|Blaze|BellyDrum,BreakingSwipe,FlareBlitz,Protect|Jolly||M|||50|]Sinistcha||SitrusBerry|Hospitality|RagePowder,MatchaGotcha,LifeDew,StrengthSap|Modest|||||50|]Sneasler||FocusSash|PoisonTouch|DireClaw,Uturn,CloseCombat,FakeOut|Adamant||F|||50|]Kingambit||LifeOrb|SupremeOverlord|Protect,KowtowCleave,IronHead,SuckerPunch|Adamant||M|||50|]Scizor||Scizorite|Technician|BulletPunch,CloseCombat,SwordsDance,BugBite|Adamant||F|||50|]Glimmora||ShucaBerry|ToxicDebris|DazzlingGleam,EarthPower,PowerGem,SludgeBomb|Modest||M|||50|
|inactive|Battle timer is ON: inactive players will automatically lose when time's up. (requested by goodfish6211)
|inactive|goodfish6211 has 60 seconds left.
|inactive|goodfish6211 has 30 seconds left.
|
|t:|1784795243
|teamsize|p1|4
|teamsize|p2|4
|start
|switch|p1a: Whimsicott|Whimsicott, L50, F|100/100
|switch|p1b: Sneasler|Sneasler, L50, M, shiny|100/100
|switch|p2a: Sneasler|Sneasler, L50, F|100/100
|switch|p2b: Charizard|Charizard, L50, M|100/100
|turn|1
|inactive|redpkmntrainer14 has 30 seconds left.
|
|t:|1784795270
|detailschange|p2b: Charizard|Charizard-Mega-X, L50, M
|-mega|p2b: Charizard|Charizard|Charizardite X
|move|p1b: Sneasler|Fake Out|p2b: Charizard
|-damage|p2b: Charizard|83/100
|move|p2a: Sneasler|Fake Out|p1a: Whimsicott
|-damage|p1a: Whimsicott|75/100
|cant|p1a: Whimsicott|flinch
|cant|p2b: Charizard|flinch
|
|upkeep
|turn|2
|
|t:|1784795283
|move|p1a: Whimsicott|Tailwind|p1a: Whimsicott
|-sidestart|p1: goodfish6211|move: Tailwind
|move|p1b: Sneasler|Close Combat|p2b: Charizard
|-damage|p2b: Charizard|9/100
|-unboost|p1b: Sneasler|def|1
|-unboost|p1b: Sneasler|spd|1
|-enditem|p1b: Sneasler|White Herb
|-clearnegativeboost|p1b: Sneasler|[silent]
|move|p2a: Sneasler|Dire Claw|p1a: Whimsicott
|-supereffective|p1a: Whimsicott|2
|-damage|p1a: Whimsicott|0 fnt
|faint|p1a: Whimsicott
|move|p2b: Charizard|Breaking Swipe|p1b: Sneasler
|-damage|p1b: Sneasler|27/100
|-unboost|p1b: Sneasler|atk|1
|
|upkeep
|
|t:|1784795297
|switch|p1a: Incineroar|Incineroar, L50, M|100/100
|-ability|p1a: Incineroar|Intimidate|boost
|-unboost|p2a: Sneasler|atk|1
|-unboost|p2b: Charizard|atk|1
|turn|3
|
|t:|1784795313
|switch|p2a: Sinistcha|Sinistcha, L50|100/100
|-heal|p2b: Charizard|33/100|[from] ability: Hospitality|[of] p2a: Sinistcha
|move|p2b: Charizard|Protect|p2b: Charizard
|-singleturn|p2b: Charizard|Protect
|move|p1a: Incineroar|Fake Out|p2a: Sinistcha
|-immune|p2a: Sinistcha
|move|p1b: Sneasler|Dire Claw|p2b: Charizard
|-activate|p2b: Charizard|move: Protect
|
|upkeep
|turn|4
|inactive|goodfish6211 has 30 seconds left.
|
|t:|1784795339
|switch|p1a: Sylveon|Sylveon, L50, M, shiny|100/100
|move|p2a: Sinistcha|Rage Powder|p2a: Sinistcha
|-singleturn|p2a: Sinistcha|move: Rage Powder
|move|p1b: Sneasler|Dire Claw|p2a: Sinistcha
|-damage|p2a: Sinistcha|73/100
|move|p2b: Charizard|Breaking Swipe|p1a: Sylveon|[spread] p1b
|-immune|p1a: Sylveon
|-damage|p1b: Sneasler|0 fnt
|faint|p1b: Sneasler
|
|upkeep
|
|t:|1784795347
|switch|p1b: Incineroar|Incineroar, L50, M|100/100
|-ability|p1b: Incineroar|Intimidate|boost
|-unboost|p2a: Sinistcha|atk|1
|-unboost|p2b: Charizard|atk|1
|turn|5
|
|t:|1784795355
|move|p2b: Charizard|Protect|p2b: Charizard
|-singleturn|p2b: Charizard|Protect
|move|p1a: Sylveon|Hyper Voice|p2a: Sinistcha|[spread] p2a
|-activate|p2b: Charizard|move: Protect
|-damage|p2a: Sinistcha|16/100
|-enditem|p2a: Sinistcha|Sitrus Berry|[eat]
|-heal|p2a: Sinistcha|41/100|[from] item: Sitrus Berry
|-damage|p1a: Sylveon|90/100|[from] item: Life Orb
|move|p1b: Incineroar|Flare Blitz|p2a: Sinistcha
|-supereffective|p2a: Sinistcha|1
|-damage|p2a: Sinistcha|0 fnt
|faint|p2a: Sinistcha
|-damage|p1b: Incineroar|90/100|[from] Recoil
|
|-sideend|p1: goodfish6211|move: Tailwind
|upkeep
|
|t:|1784795365
|switch|p2a: Sneasler|Sneasler, L50, F|100/100
|turn|6
|
|t:|1784795372
|switch|p2b: Glimmora|Glimmora, L50, M|100/100
|move|p1a: Sylveon|Protect|p1a: Sylveon
|-singleturn|p1a: Sylveon|Protect
|move|p2a: Sneasler|Fake Out|p1a: Sylveon
|-activate|p1a: Sylveon|move: Protect
|move|p1b: Incineroar|Darkest Lariat|p2b: Glimmora
|-damage|p2b: Glimmora|59/100
|-activate|p2b: Glimmora|ability: Toxic Debris
|-sidestart|p1: goodfish6211|move: Toxic Spikes
|
|upkeep
|turn|7
|inactive|goodfish6211 has 30 seconds left.
|inactive|goodfish6211 has 20 seconds left.
|inactive|goodfish6211 has 15 seconds left.
|
|t:|1784795412
|move|p1a: Sylveon|Protect||[still]
|-fail|p1a: Sylveon
|move|p2a: Sneasler|Dire Claw|p1a: Sylveon
|-supereffective|p1a: Sylveon|1
|-damage|p1a: Sylveon|0 fnt
|faint|p1a: Sylveon
|move|p2b: Glimmora|Power Gem|p1b: Incineroar
|-supereffective|p1b: Incineroar|1
|-damage|p1b: Incineroar|0 fnt
|faint|p1b: Incineroar
|
|win|redpkmntrainer14
||goodfish6211 is ready for game 2.
||redpkmntrainer14 is ready for game 2.
|uhtml|next|Next: Game 2 of 3
|l|‽redpkmntrainer14
|player|p2|
