|j|☆SomeKidJon
|j|☆panqueca25
|html|SomeKidJonpanqueca25    
|uhtml|bestof|Game 2 of a best-of-3
|t:|1757678573
|gametype|doubles
|player|p1|SomeKidJon|scientistf|1152
|player|p2|panqueca25|101|1281
|gen|9
|tier|[Gen 9] VGC 2025 Reg H (Bo3)
|rated|
|rule|Species Clause: Limit one of each Pokémon
|rule|Item Clause: Limit 1 of each item
|clearpoke
|poke|p1|Zoroark-Hisui, L50, M|
|poke|p1|Rillaboom, L50, M|
|poke|p1|Basculegion, L50, M|
|poke|p1|Pelipper, L50, M|
|poke|p1|Kingambit, L50, F|
|poke|p1|Farigiraf, L50, F|
|poke|p2|Murkrow, L50, F|
|poke|p2|Gholdengo, L50|
|poke|p2|Dondozo, L50, M|
|poke|p2|Tatsugiri, L50, F|
|poke|p2|Clefable, L50, M|
|poke|p2|Incineroar, L50, F|
|teampreview|4
|showteam|p1|Zoroark-Hisui||ChoiceSpecs|Illusion|TeraBlast,HyperVoice,Snarl,ShadowBall|||M|||50|,,,,,Stellar]Rillaboom||AssaultVest|GrassySurge|FakeOut,WoodHammer,GrassyGlide,HighHorsepower|||M|||50|,,,,,Fire]Basculegion||ChoiceBand|SwiftSwim|WaveCrash,LastRespects,AquaJet,FlipTurn|||M|||50|,,,,,Water]Pelipper||FocusSash|Drizzle|HelpingHand,Tailwind,WeatherBall,Hurricane|||M|||50|,,,,,Grass]Kingambit||ChopleBerry|Defiant|KowtowCleave,SuckerPunch,SwordsDance,LowKick|||F|||50|,,,,,Dark]Farigiraf||SitrusBerry|ArmorTail|HelpingHand,TrickRoom,TwinBeam,FoulPlay|||F|||50|,,,,,Bug
|showteam|p2|Murkrow||Eviolite|Prankster|Tailwind,FoulPlay,Taunt,Haze|||F|||50|,,,,,Ghost]Gholdengo||ChoiceSpecs|GoodasGold|MakeItRain,PowerGem,ShadowBall,Thunderbolt||||||50|,,,,,Steel]Dondozo||Leftovers|Unaware|WaveCrash,Earthquake,OrderUp,Protect|||M|||50|,,,,,Grass]Tatsugiri||FocusSash|Commander|DracoMeteor,IcyWind,MuddyWater,Protect|||F|||50|,,,,,Stellar]Clefable||RockyHelmet|Unaware|Moonblast,FollowMe,Encore,Protect|||M|||50|,,,,,Ghost]Incineroar||SafetyGoggles|Intimidate|FlareBlitz,KnockOff,PartingShot,FakeOut|||F|||50|,,,,,Ghost
|inactive|Battle timer is ON: inactive players will automatically lose when time's up. (requested by panqueca25)
|
|t:|1757678590
|teamsize|p1|4
|teamsize|p2|4
|start
|switch|p1a: Esquie|Pelipper, L50, M|100/100
|switch|p1b: Sciel|Basculegion, L50, M|100/100
|switch|p2a: Clefable|Clefable, L50, M|100/100
|switch|p2b: Gholdengo|Gholdengo, L50|100/100
|-weather|RainDance|[from] ability: Drizzle|[of] p1a: Esquie
|turn|1
|
|t:|1757678602
|switch|p2b: Tatsugiri|Tatsugiri, L50, F|100/100
|switch|p2a: Dondozo|Dondozo, L50, M|100/100
|-activate|p2b: Tatsugiri|ability: Commander|[of] p2a: Dondozo
|-boost|p2a: Dondozo|atk|2
|-boost|p2a: Dondozo|spa|2
|-boost|p2a: Dondozo|spe|2
|-boost|p2a: Dondozo|def|2
|-boost|p2a: Dondozo|spd|2
|move|p1b: Sciel|Wave Crash|p2b: Tatsugiri|[miss]
|-miss|p1b: Sciel|p2b: Tatsugiri
|move|p1a: Esquie|Tailwind|p1a: Esquie
|-sidestart|p1: SomeKidJon|move: Tailwind
|
|-weather|RainDance|[upkeep]
|upkeep
|turn|2
|
|t:|1757678612
|switch|p1b: Maelle|Kingambit, L50, F, shiny|100/100
|move|p1a: Esquie|Hurricane|p2a: Dondozo
|-damage|p2a: Dondozo|76/100
|-start|p2a: Dondozo|confusion
|-activate|p2a: Dondozo|confusion
|-damage|p2a: Dondozo|68/100|[from] confusion
|
|-weather|RainDance|[upkeep]
|-heal|p2a: Dondozo|74/100|[from] item: Leftovers
|upkeep
|turn|3
|
|t:|1757678618
|-end|p2a: Dondozo|confusion
|move|p2a: Dondozo|Protect|p2a: Dondozo
|-singleturn|p2a: Dondozo|Protect
|move|p1a: Esquie|Hurricane|p2a: Dondozo
|-activate|p2a: Dondozo|move: Protect
|move|p1b: Maelle|Kowtow Cleave|p2a: Dondozo
|-activate|p2a: Dondozo|move: Protect
|
|-weather|RainDance|[upkeep]
|-heal|p2a: Dondozo|80/100|[from] item: Leftovers
|upkeep
|turn|4
|
|t:|1757678624
|move|p1a: Esquie|Hurricane|p2a: Dondozo
|-damage|p2a: Dondozo|54/100
|move|p2a: Dondozo|Wave Crash|p1b: Maelle
|-damage|p1b: Maelle|0 fnt
|faint|p1b: Maelle
|-damage|p2a: Dondozo|24/100|[from] Recoil
|
|-weather|RainDance|[upkeep]
|-heal|p2a: Dondozo|30/100|[from] item: Leftovers
|-sideend|p1: SomeKidJon|move: Tailwind
|upkeep
|
|t:|1757678630
|switch|p1b: Sciel|Basculegion, L50, M|100/100
|turn|5
|
|t:|1757678640
|switch|p1a: Sciel|Basculegion, L50, M|100/100
|move|p2a: Dondozo|Wave Crash|p1b: Sciel
|-damage|p1b: Sciel|0 fnt
|replace|p1b: Verso|Zoroark-Hisui, L50, M, shiny
|-end|p1b: Verso|Illusion
|faint|p1b: Verso
|-damage|p2a: Dondozo|11/100|[from] Recoil
|
|-weather|none
|-heal|p2a: Dondozo|17/100|[from] item: Leftovers
|upkeep
|
|t:|1757678642
|switch|p1b: Esquie|Pelipper, L50, M|100/100
|-weather|RainDance|[from] ability: Drizzle|[of] p1b: Esquie
|turn|6
|
|t:|1757678653
|move|p2a: Dondozo|Protect|p2a: Dondozo
|-singleturn|p2a: Dondozo|Protect
|move|p1a: Sciel|Last Respects|p2a: Dondozo
|-activate|p2a: Dondozo|move: Protect
|move|p1b: Esquie|Hurricane|p2b: Tatsugiri|[miss]
|-miss|p1b: Esquie|p2b: Tatsugiri
|
|-weather|RainDance|[upkeep]
|-heal|p2a: Dondozo|23/100|[from] item: Leftovers
|upkeep
|turn|7
|
|t:|1757678664
|move|p1a: Sciel|Last Respects|p2a: Dondozo
|-damage|p2a: Dondozo|0 fnt
|faint|p2a: Dondozo
|move|p1b: Esquie|Hurricane|p2b: Tatsugiri
|-damage|p2b: Tatsugiri|33/100
|
|-weather|RainDance|[upkeep]
|upkeep
|
|t:|1757678674
|switch|p2a: Clefable|Clefable, L50, M|100/100
|turn|8
|
|t:|1757678687
|move|p2a: Clefable|Protect|p2a: Clefable
|-singleturn|p2a: Clefable|Protect
|move|p1a: Sciel|Last Respects|p2a: Clefable
|-activate|p2a: Clefable|move: Protect
|move|p2b: Tatsugiri|Icy Wind|p1b: Esquie|[spread] p1b
|-miss|p2b: Tatsugiri|p1a: Sciel
|-damage|p1b: Esquie|78/100
|-unboost|p1b: Esquie|spe|1
|move|p1b: Esquie|Tailwind|p1b: Esquie
|-sidestart|p1: SomeKidJon|move: Tailwind
|
|-weather|RainDance|[upkeep]
|upkeep
|turn|9
|
|t:|1757678703
|move|p2a: Clefable|Follow Me|p2a: Clefable
|-singleturn|p2a: Clefable|move: Follow Me
|move|p1a: Sciel|Last Respects|p2a: Clefable
|-damage|p2a: Clefable|0 fnt
|faint|p2a: Clefable
|move|p1b: Esquie|Hurricane|p2b: Tatsugiri
|-damage|p2b: Tatsugiri|0 fnt
|faint|p2b: Tatsugiri
|
|-weather|RainDance|[upkeep]
|upkeep
|
|t:|1757678711
|switch|p2b: Gholdengo|Gholdengo, L50|100/100
|turn|10
|
|t:|1757678716
|-terastallize|p2b: Gholdengo|Steel
|move|p1b: Esquie|Helping Hand|p1a: Sciel
|-singleturn|p1a: Sciel|Helping Hand|[of] p1b: Esquie
|move|p1a: Sciel|Last Respects|p2b: Gholdengo
|-damage|p2b: Gholdengo|0 fnt
|faint|p2b: Gholdengo
|
|win|SomeKidJon
||SomeKidJon is ready for game 3.
||panqueca25 is ready for game 3.
|uhtml|next|Next: Game 3 of 3
|l|☆SomeKidJon
|player|p1|
