|j|☆Vncentius
|j|☆isai7878
|html|Vncentiusisai7878    
|uhtml|bestof|Game 1 of a best-of-3
|t:|1756914003
|gametype|doubles
|player|p1|Vncentius|266|1085
|player|p2|isai7878|1|1000
|gen|9
|tier|[Gen 9] VGC 2025 Reg H (Bo3)
|rated|
|rule|Species Clause: Limit one of each Pokémon
|rule|Item Clause: Limit 1 of each item
|clearpoke
|poke|p1|Raichu, L50, F|
|poke|p1|Scizor, L50, M|
|poke|p1|Azumarill, L50, F|
|poke|p1|Breloom, L50, F|
|poke|p1|Volcarona, L50, M|
|poke|p1|Dragonite, L50, M|
|poke|p2|Gholdengo, L50|
|poke|p2|Dragonite, L50, M|
|poke|p2|Electabuzz, L50, M|
|poke|p2|Rillaboom, L50, M|
|poke|p2|Incineroar, L50, F|
|poke|p2|Annihilape, L50, M|
|teampreview|4
|showteam|p1|Raichu||AssaultVest|LightningRod|Electroweb,Nuzzle,FakeOut,VoltSwitch|||F|||50|,,,,,Ghost]Scizor||LumBerry|Technician|BugBite,BulletPunch,SwordsDance,Protect|||M|||50|,,,,,Water]Azumarill||SitrusBerry|HugePower|PlayRough,AquaJet,BellyDrum,Protect|||F|||50|,,,,,Steel]Breloom||FocusSash|Technician|CloseCombat,BulletSeed,Spore,Protect|||F|||50|,,,,,Ghost]Volcarona||Leftovers|FlameBody|HeatWave,GigaDrain,QuiverDance,Protect|||M|||50|,,,,,Grass]Dragonite||SafetyGoggles|Multiscale|IceSpinner,FireSpin,Haze,Roost|||M|||50|,,,,,Steel
|showteam|p2|Gholdengo||LifeOrb|GoodasGold|MakeItRain,NastyPlot,ShadowBall,Protect||||||50|,,,,,Water]Dragonite||ChoiceBand|InnerFocus|TeraBlast,ExtremeSpeed,Outrage,AquaJet|||M|||50|,,,,,Flying]Electabuzz||Eviolite|VitalSpirit|FollowMe,ThunderWave,Electroweb,HelpingHand|||M|||50|,,,,,Flying]Rillaboom||AssaultVest|GrassySurge|FakeOut,GrassyGlide,WoodHammer,Uturn|||M|||50|,,,,,Fire]Incineroar||SafetyGoggles|Intimidate|FakeOut,PartingShot,FlareBlitz,KnockOff|||F|||50|,,,,,Bug]Annihilape||Leftovers|Defiant|DrainPunch,RageFist,BulkUp,Protect|||M|||50|,,,,,Fire
|j| Auragap
|inactive|Battle timer is ON: inactive players will automatically lose when time's up. (requested by Vncentius)
|inactive|Vncentius has 60 seconds left.
|inactive|isai7878 has 60 seconds left.
|l| Auragap
|inactive|isai7878 has 30 seconds left.
|inactive|isai7878 has 20 seconds left.
|inactive|isai7878 has 15 seconds left.
|
|t:|1756914088
|teamsize|p1|4
|teamsize|p2|4
|start
|switch|p1a: Volcarona|Volcarona, L50, M|100/100
|switch|p1b: Raichu|Raichu, L50, F|100/100
|switch|p2a: Rillaboom|Rillaboom, L50, M|100/100
|switch|p2b: Annihilape|Annihilape, L50, M|100/100
|-fieldstart|move: Grassy Terrain|[from] ability: Grassy Surge|[of] p2a: Rillaboom
|turn|1
|
|t:|1756914105
|move|p1b: Raichu|Fake Out|p2a: Rillaboom
|-damage|p2a: Rillaboom|93/100
|cant|p2a: Rillaboom|flinch
|move|p1a: Volcarona|Quiver Dance|p1a: Volcarona
|-boost|p1a: Volcarona|spa|1
|-boost|p1a: Volcarona|spd|1
|-boost|p1a: Volcarona|spe|1
|move|p2b: Annihilape|Bulk Up|p2b: Annihilape
|-boost|p2b: Annihilape|atk|1
|-boost|p2b: Annihilape|def|1
|
|-heal|p2a: Rillaboom|99/100|[from] Grassy Terrain
|upkeep
|turn|2
|inactive|Vncentius has 30 seconds left.
|inactive|isai7878 has 30 seconds left.
|inactive|Vncentius has 20 seconds left.
|inactive|Vncentius has 15 seconds left.
|
|t:|1756914149
|switch|p2a: Dragonite|Dragonite, L50, M|100/100
|-terastallize|p2b: Annihilape|Fire
|move|p1a: Volcarona|Quiver Dance|p1a: Volcarona
|-boost|p1a: Volcarona|spa|1
|-boost|p1a: Volcarona|spd|1
|-boost|p1a: Volcarona|spe|1
|move|p1b: Raichu|Nuzzle|p2a: Dragonite
|-damage|p2a: Dragonite|93/100
|-status|p2a: Dragonite|par
|move|p2b: Annihilape|Drain Punch|p1b: Raichu
|-damage|p1b: Raichu|14/100
|
|-heal|p1b: Raichu|20/100|[from] Grassy Terrain
|upkeep
|turn|3
|inactive|Vncentius has 30 seconds left.
|inactive|isai7878 has 30 seconds left.
|inactive|Vncentius has 20 seconds left.
|inactive|Vncentius has 15 seconds left.
|inactive|Vncentius has 10 seconds left.
|
|t:|1756914199
|cant|p2a: Dragonite|par
|move|p1a: Volcarona|Heat Wave|p2a: Dragonite|[spread] p2a,p2b
|-resisted|p2a: Dragonite
|-resisted|p2b: Annihilape
|-damage|p2a: Dragonite|54/100 par
|-damage|p2b: Annihilape|70/100
|move|p1b: Raichu|Nuzzle|p2b: Annihilape
|-damage|p2b: Annihilape|66/100
|-status|p2b: Annihilape|par
|move|p2b: Annihilape|Drain Punch|p1a: Volcarona
|-resisted|p1a: Volcarona
|-damage|p1a: Volcarona|73/100
|-heal|p2b: Annihilape|78/100 par|[from] drain|[of] p1a: Volcarona
|
|-heal|p1a: Volcarona|80/100|[from] Grassy Terrain
|-heal|p1a: Volcarona|86/100|[from] item: Leftovers
|-heal|p1b: Raichu|26/100|[from] Grassy Terrain
|-heal|p2b: Annihilape|85/100 par|[from] Grassy Terrain
|-heal|p2b: Annihilape|91/100 par|[from] item: Leftovers
|upkeep
|turn|4
|inactive|Vncentius has 30 seconds left.
|inactive|isai7878 has 30 seconds left.
|inactive|Vncentius has 20 seconds left.
|inactive|isai7878 has 20 seconds left.
|inactive|Vncentius has 15 seconds left.
|
|t:|1756914241
|move|p2a: Dragonite|Extreme Speed|p1a: Volcarona
|-damage|p1a: Volcarona|36/100
|move|p1a: Volcarona|Heat Wave|p2a: Dragonite|[spread] p2b
|-miss|p1a: Volcarona|p2a: Dragonite
|-resisted|p2b: Annihilape
|-damage|p2b: Annihilape|63/100 par
|move|p1b: Raichu|Electroweb|p2b: Annihilape|[spread] p2a,p2b
|-damage|p2a: Dragonite|38/100 par
|-damage|p2b: Annihilape|51/100 par
|-unboost|p2a: Dragonite|spe|1
|-unboost|p2b: Annihilape|spe|1
|-ability|p2b: Annihilape|Defiant|boost
|-boost|p2b: Annihilape|atk|2
|move|p2b: Annihilape|Drain Punch|p1a: Volcarona
|-resisted|p1a: Volcarona
|-damage|p1a: Volcarona|0 fnt
|-heal|p2b: Annihilape|67/100 par|[from] drain|[of] p1a: Volcarona
|faint|p1a: Volcarona
|
|-heal|p1b: Raichu|32/100|[from] Grassy Terrain
|-heal|p2b: Annihilape|74/100 par|[from] Grassy Terrain
|-heal|p2b: Annihilape|80/100 par|[from] item: Leftovers
|upkeep
|inactive|Vncentius has 30 seconds left.
|
|t:|1756914267
|switch|p1a: Breloom|Breloom, L50, F|100/100
|turn|5
|
|t:|1756914284
|cant|p2b: Annihilape|par
|move|p2a: Dragonite|Extreme Speed|p1a: Breloom
|-damage|p1a: Breloom|38/100
|move|p1b: Raichu|Volt Switch|p2b: Annihilape
|-damage|p2b: Annihilape|61/100 par
|
|t:|1756914293
|switch|p1b: Dragonite|Dragonite, L50, M|100/100|[from] Volt Switch
|move|p1a: Breloom|Close Combat|p2b: Annihilape
|-damage|p2b: Annihilape|19/100 par
|-unboost|p1a: Breloom|def|1
|-unboost|p1a: Breloom|spd|1
|
|-heal|p1a: Breloom|44/100|[from] Grassy Terrain
|-heal|p2b: Annihilape|25/100 par|[from] Grassy Terrain
|-heal|p2b: Annihilape|31/100 par|[from] item: Leftovers
|-fieldend|move: Grassy Terrain
|upkeep
|turn|6
|
|t:|1756914315
|move|p1a: Breloom|Protect|p1a: Breloom
|-singleturn|p1a: Breloom|Protect
|move|p2b: Annihilape|Protect|p2b: Annihilape
|-singleturn|p2b: Annihilape|Protect
|move|p2a: Dragonite|Extreme Speed|p1a: Breloom
|-activate|p1a: Breloom|move: Protect
|move|p1b: Dragonite|Haze|p1b: Dragonite
|-clearallboost
|
|-heal|p2b: Annihilape|38/100 par|[from] item: Leftovers
|upkeep
|turn|7
|inactive|Vncentius has 30 seconds left.
|
|t:|1756914340
|switch|p2b: Electabuzz|Electabuzz, L50, M|100/100
|-terastallize|p1a: Breloom|Ghost
|move|p2a: Dragonite|Extreme Speed|p1a: Breloom
|-immune|p1a: Breloom
|move|p1a: Breloom|Close Combat|p2b: Electabuzz
|-damage|p2b: Electabuzz|60/100
|-unboost|p1a: Breloom|def|1
|-unboost|p1a: Breloom|spd|1
|move|p1b: Dragonite|Ice Spinner|p2a: Dragonite
|-supereffective|p2a: Dragonite
|-damage|p2a: Dragonite|0 fnt
|faint|p2a: Dragonite
|
|upkeep
|
|t:|1756914362
|switch|p2a: Annihilape|Annihilape, L50, M, tera:Fire|38/100 par
|turn|8
|inactive|Vncentius has 30 seconds left.
|inactive|Vncentius has 20 seconds left.
|inactive|Vncentius has 15 seconds left.
|inactive|Vncentius has 10 seconds left.
|inactive|Vncentius has 5 seconds left.
|
|t:|1756914414
|move|p2b: Electabuzz|Follow Me|p2b: Electabuzz
|-singleturn|p2b: Electabuzz|move: Follow Me
|move|p1a: Breloom|Close Combat|p2b: Electabuzz
|-damage|p2b: Electabuzz|14/100
|-unboost|p1a: Breloom|def|1
|-unboost|p1a: Breloom|spd|1
|move|p1b: Dragonite|Ice Spinner|p2b: Electabuzz
|-damage|p2b: Electabuzz|0 fnt
|faint|p2b: Electabuzz
|move|p2a: Annihilape|Rage Fist|p1b: Dragonite
|-damage|p1b: Dragonite|43/100
|
|-heal|p2a: Annihilape|44/100 par|[from] item: Leftovers
|upkeep
|
|t:|1756914425
|switch|p2b: Rillaboom|Rillaboom, L50, M|99/100
|-fieldstart|move: Grassy Terrain|[from] ability: Grassy Surge|[of] p2b: Rillaboom
|turn|9
|inactive|Vncentius has 30 seconds left.
|inactive|isai7878 has 30 seconds left.
|
|t:|1756914458
|switch|p1a: Raichu|Raichu, L50, F|32/100
|move|p2a: Annihilape|Protect|p2a: Annihilape
|-singleturn|p2a: Annihilape|Protect
|move|p2b: Rillaboom|Wood Hammer|p1a: Raichu
|-damage|p1a: Raichu|0 fnt
|faint|p1a: Raichu
|-damage|p2b: Rillaboom|91/100|[from] Recoil
|move|p1b: Dragonite|Roost|p1b: Dragonite
|-heal|p1b: Dragonite|93/100
|-singleturn|p1b: Dragonite|move: Roost
|
|-heal|p2b: Rillaboom|97/100|[from] Grassy Terrain
|-heal|p1b: Dragonite|99/100|[from] Grassy Terrain
|-heal|p2a: Annihilape|50/100 par|[from] Grassy Terrain
|-heal|p2a: Annihilape|56/100 par|[from] item: Leftovers
|upkeep
|
|t:|1756914477
|switch|p1a: Breloom|Breloom, L50, F, tera:Ghost|44/100
|turn|10
|
|t:|1756914498
|move|p1a: Breloom|Close Combat|p2a: Annihilape
|-damage|p2a: Annihilape|0 fnt
|-unboost|p1a: Breloom|def|1
|-unboost|p1a: Breloom|spd|1
|faint|p2a: Annihilape
|move|p2b: Rillaboom|Wood Hammer|p1b: Dragonite
|-resisted|p1b: Dragonite
|-damage|p1b: Dragonite|85/100
|-damage|p2b: Rillaboom|92/100|[from] Recoil
|move|p1b: Dragonite|Ice Spinner|p2b: Rillaboom
|-supereffective|p2b: Rillaboom
|-damage|p2b: Rillaboom|47/100
|-fieldend|move: Grassy Terrain
|
|upkeep
|turn|11
|-message|isai7878 forfeited.
|
|win|Vncentius
