|j|☆Hanlau
|j|☆Durugista
|html|HanlauDurugista    
|uhtml|bestof|Game 2 of a best-of-3
|t:|1783345179
|gametype|doubles
|player|p1|Hanlau|unknown|
|player|p2|Durugista|169|
|gen|9
|tier|[Gen 9 Champions] VGC 2026 Reg M-B (Bo3)
|rule|Species Clause: Limit one of each Pokémon
|rule|Item Clause: Limit 1 of each item
|clearpoke
|poke|p1|Gengar, L50, F|
|poke|p1|Incineroar, L50, F|
|poke|p1|Scrafty, L50, F|
|poke|p1|Dragonite, L50, M|
|poke|p1|Snorlax, L50, F|
|poke|p1|Ninetales-Alola, L50, F|
|poke|p2|Staraptor, L50, F, shiny|
|poke|p2|Whimsicott, L50, F, shiny|
|poke|p2|Basculegion, L50, M|
|poke|p2|Archaludon, L50, M|
|poke|p2|Pelipper, L50, M|
|poke|p2|Kingambit, L50, M|
|teampreview|4
|showteam|p1|Gengar||Gengarite|CursedBody|ShadowBall,SludgeBomb,PerishSong,Protect|Modest||F|||50|]Incineroar||PasshoBerry|Intimidate|FlareBlitz,FakeOut,PartingShot,Protect|Relaxed||F|||50|]Scrafty||Scraftinite|Intimidate|CloseCombat,KnockOff,FakeOut,Protect|Careful||F|||50|]Dragonite||DragonFang|Multiscale|DragonClaw,LowKick,ExtremeSpeed,Protect|Adamant||M|||50|]Snorlax||Leftovers|ThickFat|Fissure,Yawn,Encore,Protect|Relaxed||F|||50|]Ninetales-Alola||FocusSash|SnowWarning|Blizzard,FreezeDry,Disable,Protect|Timid||F|||50|
|showteam|p2|Staraptor||Staraptite|Intimidate|CloseCombat,BraveBird,Roost,Protect|Adamant||F|||50|]Whimsicott||OccaBerry|Prankster|Tailwind,Encore,Charm,FakeTears|Calm||F|||50|]Basculegion||ChoiceScarf|Adaptability|LastRespects,WaveCrash,AquaJet,FlipTurn|Adamant||M|||50|]Archaludon||Magnet|Sturdy|ElectroShot,DracoMeteor,Protect,FlashCannon|Modest||M|||50|]Pelipper||FocusSash|Drizzle|WeatherBall,Protect,Hurricane,Tailwind|Modest||M|||50|]Kingambit||LifeOrb|Defiant|SuckerPunch,KowtowCleave,Protect,IronHead|Adamant||M|||50|
|inactive|Battle timer is ON: inactive players will automatically lose when time's up. (requested by Durugista)
|inactive|Hanlau has 60 seconds left.
|inactive|Durugista has 60 seconds left.
|
|t:|1783345234
|teamsize|p1|4
|teamsize|p2|4
|start
|switch|p1a: Gengar|Gengar, L50, F|100/100
|switch|p1b: Incineroar|Incineroar, L50, F|100/100
|switch|p2a: Staraptor|Staraptor, L50, F, shiny|100/100
|switch|p2b: Whimsicott|Whimsicott, L50, F, shiny|100/100
|-ability|p2a: Staraptor|Intimidate|boost
|-unboost|p1a: Gengar|atk|1
|-unboost|p1b: Incineroar|atk|1
|-ability|p1b: Incineroar|Intimidate|boost
|-unboost|p2a: Staraptor|atk|1
|-unboost|p2b: Whimsicott|atk|1
|turn|1
|inactive|Durugista has 30 seconds left.
|
|t:|1783345260
|switch|p2b: Basculegion|Basculegion, L50, M|100/100
|detailschange|p1a: Gengar|Gengar-Mega, L50, F
|-mega|p1a: Gengar|Gengar|Gengarite
|detailschange|p2a: Staraptor|Staraptor-Mega, L50, F, shiny
|-mega|p2a: Staraptor|Staraptor|Staraptite
|move|p1b: Incineroar|Fake Out|p2a: Staraptor
|-damage|p2a: Staraptor|92/100
|move|p1a: Gengar|Perish Song|p1a: Gengar
|-start|p1a: Gengar|perish3|[silent]
|-start|p1b: Incineroar|perish3|[silent]
|-start|p2a: Staraptor|perish3|[silent]
|-start|p2b: Basculegion|perish3|[silent]
|-fieldactivate|move: Perish Song
|cant|p2a: Staraptor|flinch
|
|-start|p2b: Basculegion|perish3
|-start|p1a: Gengar|perish3
|-start|p2a: Staraptor|perish3
|-start|p1b: Incineroar|perish3
|upkeep
|turn|2
|inactive|Hanlau has 30 seconds left.
|inactive|Durugista has 30 seconds left.
|inactive|Durugista has 20 seconds left.
|inactive|Durugista has 15 seconds left.
|
|t:|1783345302
|switch|p2b: Whimsicott|Whimsicott, L50, F, shiny|100/100
|move|p1a: Gengar|Protect|p1a: Gengar
|-singleturn|p1a: Gengar|Protect
|move|p1b: Incineroar|Protect|p1b: Incineroar
|-singleturn|p1b: Incineroar|Protect
|move|p2a: Staraptor|Close Combat|p1b: Incineroar
|-activate|p1b: Incineroar|move: Protect
|
|-start|p1a: Gengar|perish2
|-start|p2a: Staraptor|perish2
|-start|p1b: Incineroar|perish2
|upkeep
|turn|3
|inactive|Durugista has 30 seconds left.
|
|t:|1783345328
|switch|p1a: Scrafty|Scrafty, L50, F|100/100
|-ability|p1a: Scrafty|Intimidate|boost
|-boost|p2a: Staraptor|atk|1
|-unboost|p2b: Whimsicott|atk|1
|move|p2b: Whimsicott|Charm|p2a: Staraptor
|-boost|p2a: Staraptor|atk|2
|move|p2a: Staraptor|Brave Bird|p1b: Incineroar
|-damage|p1b: Incineroar|0 fnt
|faint|p1b: Incineroar
|-damage|p2a: Staraptor|58/100|[from] Recoil
|
|-start|p2a: Staraptor|perish1
|upkeep
|
|t:|1783345341
|switch|p1b: Gengar|Gengar-Mega, L50, F|100/100
|turn|4
|inactive|Durugista has 30 seconds left.
|
|t:|1783345376
|move|p1a: Scrafty|Fake Out|p2a: Staraptor
|-damage|p2a: Staraptor|49/100
|move|p2b: Whimsicott|Tailwind|p2b: Whimsicott
|-sidestart|p2: Durugista|move: Tailwind
|cant|p2a: Staraptor|flinch
|move|p1b: Gengar|Sludge Bomb|p2b: Whimsicott
|-supereffective|p2b: Whimsicott|2
|-damage|p2b: Whimsicott|0 fnt
|faint|p2b: Whimsicott
|
|-start|p2a: Staraptor|perish0
|faint|p2a: Staraptor
|upkeep
|
|t:|1783345385
|switch|p2a: Basculegion|Basculegion, L50, M|100/100
|switch|p2b: Kingambit|Kingambit, L50, M|100/100
|turn|5
|inactive|Hanlau has 30 seconds left.
|inactive|Hanlau has 20 seconds left.
|inactive|Hanlau has 15 seconds left.
|
|t:|1783345428
|move|p2b: Kingambit|Protect|p2b: Kingambit
|-singleturn|p2b: Kingambit|Protect
|move|p2a: Basculegion|Last Respects|p1b: Gengar
|-supereffective|p1b: Gengar|1
|-damage|p1b: Gengar|0 fnt
|faint|p1b: Gengar
|move|p1a: Scrafty|Knock Off|p2a: Basculegion
|-supereffective|p2a: Basculegion|1
|-damage|p2a: Basculegion|17/100
|-enditem|p2a: Basculegion|Choice Scarf|[from] move: Knock Off|[of] p1a: Scrafty
|
|upkeep
|
|t:|1783345437
|switch|p1b: Dragonite|Dragonite, L50, M|100/100
|turn|6
|inactive|Durugista has 30 seconds left.
|inactive|Durugista has 20 seconds left.
|inactive|Durugista has 15 seconds left.
|inactive|Durugista has 10 seconds left.
|
|t:|1783345483
|move|p1b: Dragonite|Protect|p1b: Dragonite
|-singleturn|p1b: Dragonite|Protect
|move|p2a: Basculegion|Wave Crash|p1a: Scrafty
|-damage|p1a: Scrafty|22/100
|-damage|p2a: Basculegion|0 fnt|[from] Recoil
|faint|p2a: Basculegion
|move|p2b: Kingambit|Iron Head|p1a: Scrafty
|-damage|p1a: Scrafty|0 fnt
|faint|p1a: Scrafty
|-damage|p2b: Kingambit|90/100|[from] item: Life Orb
|
|upkeep
|turn|7
|inactive|Durugista has 30 seconds left.
|
|t:|1783345509
|move|p2b: Kingambit|Sucker Punch|p1b: Dragonite
|-damage|p1b: Dragonite|70/100
|-damage|p2b: Kingambit|80/100|[from] item: Life Orb
|move|p1b: Dragonite|Low Kick|p2b: Kingambit
|-supereffective|p2b: Kingambit|2
|-damage|p2b: Kingambit|0 fnt
|faint|p2b: Kingambit
|
|win|Hanlau
