|j|☆sayam1111
|j|☆Xodroont
|html|sayam1111Xodroont    
|uhtml|bestof|Game 1 of a best-of-3
|t:|1757687346
|gametype|doubles
|player|p1|sayam1111|schoolkid-gen4dp|1061
|player|p2|Xodroont|rocketgrunt|1123
|gen|9
|tier|[Gen 9] VGC 2025 Reg H (Bo3)
|rated|
|rule|Species Clause: Limit one of each Pokémon
|rule|Item Clause: Limit 1 of each item
|clearpoke
|poke|p1|Annihilape, L50, F|
|poke|p1|Whimsicott, L50, M|
|poke|p1|Garchomp, L50, F|
|poke|p1|Clefable, L50, M|
|poke|p1|Hydreigon, L50, M|
|poke|p1|Gholdengo, L50|
|poke|p2|Tsareena, L50, F|
|poke|p2|Pelipper, L50, F|
|poke|p2|Basculegion, L50, M|
|poke|p2|Venonat, L50, M|
|poke|p2|Rillaboom, L50, M|
|poke|p2|Archaludon, L50, M|
|teampreview|4
|showteam|p1|Annihilape||SafetyGoggles|Defiant|Protect,BulkUp,DrainPunch,RageFist|||F|||50|,,,,,Water]Whimsicott||FocusSash|Prankster|SunnyDay,Encore,Tailwind,Moonblast|||M|||50|,,,,,Ghost]Garchomp||LifeOrb|RoughSkin|Protect,StompingTantrum,DragonClaw,Earthquake|||F|||50|,,,,,Steel]Clefable||SitrusBerry|Unaware|Protect,FollowMe,MistyTerrain,Moonblast|||M|||50|,,,,,Water]Hydreigon||ChoiceSpecs|Levitate|HeatWave,Snarl,DarkPulse,DracoMeteor|||M|||50|,,,,,Fire]Gholdengo||MetalCoat|GoodasGold|Protect,NastyPlot,ShadowBall,MakeItRain||||||50|,,,,,Steel
|showteam|p2|Tsareena||SitrusBerry|QueenlyMajesty|Uturn,GrassyGlide,Protect,TripleAxel|||F|||50|,,,,,Grass]Pelipper||FocusSash|Drizzle|Hurricane,WeatherBall,Tailwind,Protect|||F|||50|,,,,,Ghost]Basculegion||MysticWater|SwiftSwim|Protect,WaveCrash,AquaJet,LastRespects|||M|||50|,,,,,Water]Venonat||Eviolite|CompoundEyes|RagePowder,GigaDrain,Toxic,SleepPowder|||M|||50|,,,,,Dragon]Rillaboom||GrassySeed|GrassySurge|GrassyGlide,KnockOff,Uturn,FakeOut|||M|||50|,,,,,Grass]Archaludon||AssaultVest|Stamina|ElectroShot,DragonPulse,FlashCannon,BodyPress|||M|||50|,,,,,Grass
|inactive|Battle timer is ON: inactive players will automatically lose when time's up. (requested by sayam1111)
|inactive|sayam1111 has 60 seconds left.
|inactive|Xodroont has 60 seconds left.
|
|t:|1757687400
|teamsize|p1|4
|teamsize|p2|4
|start
|switch|p1a: Whimsicott|Whimsicott, L50, M|100/100
|switch|p1b: Hydreigon|Hydreigon, L50, M|100/100
|switch|p2a: Venonat|Venonat, L50, M|100/100
|switch|p2b: Archaludon|Archaludon, L50, M|100/100
|turn|1
|c|☆sayam1111|Why venonat
|
|t:|1757687421
|-terastallize|p1b: Hydreigon|Fire
|-terastallize|p2a: Venonat|Dragon
|move|p1a: Whimsicott|Sunny Day|p1a: Whimsicott
|-weather|SunnyDay
|move|p1b: Hydreigon|Heat Wave|p2b: Archaludon|[spread] p2a,p2b
|-resisted|p2a: Venonat
|-damage|p2a: Venonat|57/100
|-damage|p2b: Archaludon|44/100
|-ability|p2b: Archaludon|Stamina|boost
|-boost|p2b: Archaludon|def|1
|move|p2b: Archaludon|Flash Cannon|p1a: Whimsicott
|-supereffective|p1a: Whimsicott
|-enditem|p1a: Whimsicott|Focus Sash
|-damage|p1a: Whimsicott|1/100
|move|p2a: Venonat|Sleep Powder|p1b: Hydreigon
|-status|p1b: Hydreigon|slp|[from] move: Sleep Powder
|
|-weather|SunnyDay|[upkeep]
|upkeep
|turn|2
|inactive|Xodroont has 30 seconds left.
|
|t:|1757687451
|switch|p2a: Pelipper|Pelipper, L50, F|100/100
|-weather|RainDance|[from] ability: Drizzle|[of] p2a: Pelipper
|move|p1a: Whimsicott|Moonblast|p2a: Pelipper
|-crit|p2a: Pelipper
|-damage|p2a: Pelipper|7/100
|cant|p1b: Hydreigon|slp
|move|p2b: Archaludon|Electro Shot||[still]
|-prepare|p2b: Archaludon|Electro Shot
|-boost|p2b: Archaludon|spa|1
|-anim|p2b: Archaludon|Electro Shot|p1a: Whimsicott
|-resisted|p1a: Whimsicott
|-damage|p1a: Whimsicott|0 fnt
|faint|p1a: Whimsicott
|
|-weather|RainDance|[upkeep]
|upkeep
|inactive|sayam1111 has 30 seconds left.
|
|t:|1757687479
|switch|p1a: Annihilape|Annihilape, L50, F|100/100
|turn|3
|
|t:|1757687490
|move|p1a: Annihilape|Drain Punch|p2b: Archaludon
|-supereffective|p2b: Archaludon
|-damage|p2b: Archaludon|16/100
|-ability|p2b: Archaludon|Stamina|boost
|-boost|p2b: Archaludon|def|1
|cant|p1b: Hydreigon|slp
|move|p2a: Pelipper|Hurricane|p1a: Annihilape
|-supereffective|p1a: Annihilape
|-damage|p1a: Annihilape|6/100
|-start|p1a: Annihilape|confusion
|move|p2b: Archaludon|Electro Shot||[still]
|-prepare|p2b: Archaludon|Electro Shot
|-boost|p2b: Archaludon|spa|1
|-anim|p2b: Archaludon|Electro Shot|p1a: Annihilape
|-damage|p1a: Annihilape|0 fnt
|faint|p1a: Annihilape
|
|-weather|RainDance|[upkeep]
|upkeep
|
|t:|1757687493
|switch|p1a: Clefable|Clefable, L50, M|100/100
|turn|4
|
|t:|1757687513
|switch|p2a: Venonat|Venonat, L50, M, tera:Dragon|57/100
|move|p1a: Clefable|Follow Me|p1a: Clefable
|-singleturn|p1a: Clefable|move: Follow Me
|-curestatus|p1b: Hydreigon|slp|[msg]
|move|p1b: Hydreigon|Heat Wave|p2a: Venonat|[spread] p2b
|-miss|p1b: Hydreigon|p2a: Venonat
|-crit|p2b: Archaludon
|-damage|p2b: Archaludon|0 fnt
|faint|p2b: Archaludon
|
|-weather|RainDance|[upkeep]
|upkeep
|
|t:|1757687527
|switch|p2b: Basculegion|Basculegion, L50, M|100/100
|turn|5
|
|t:|1757687546
|move|p1a: Clefable|Follow Me|p1a: Clefable
|-singleturn|p1a: Clefable|move: Follow Me
|move|p2b: Basculegion|Wave Crash|p1a: Clefable
|-damage|p1a: Clefable|8/100
|-enditem|p1a: Clefable|Sitrus Berry|[eat]
|-heal|p1a: Clefable|33/100|[from] item: Sitrus Berry
|-damage|p2b: Basculegion|69/100|[from] Recoil
|move|p1b: Hydreigon|Heat Wave|p2b: Basculegion|[spread] p2a,p2b
|-resisted|p2a: Venonat
|-resisted|p2b: Basculegion
|-damage|p2a: Venonat|43/100
|-damage|p2b: Basculegion|54/100
|move|p2a: Venonat|Sleep Powder|p1a: Clefable
|-status|p1a: Clefable|slp|[from] move: Sleep Powder
|
|-weather|RainDance|[upkeep]
|upkeep
|turn|6
|
|t:|1757687565
|cant|p1a: Clefable|slp
|move|p2b: Basculegion|Wave Crash|p1b: Hydreigon
|-supereffective|p1b: Hydreigon
|-damage|p1b: Hydreigon|0 fnt
|faint|p1b: Hydreigon
|-damage|p2b: Basculegion|26/100|[from] Recoil
|move|p2a: Venonat|Sleep Powder|p1a: Clefable
|-fail|p1a: Clefable|slp
|
|-weather|none
|upkeep
|turn|7
|
|t:|1757687584
|switch|p2a: Pelipper|Pelipper, L50, F|7/100
|-weather|RainDance|[from] ability: Drizzle|[of] p2a: Pelipper
|move|p2b: Basculegion|Wave Crash|p1a: Clefable
|-damage|p1a: Clefable|0 fnt
|faint|p1a: Clefable
|-damage|p2b: Basculegion|14/100|[from] Recoil
|
|win|Xodroont
||Xodroont is ready for game 2.
||sayam1111 is ready for game 2.
|uhtml|next|Next: Game 2 of 3
