|j|☆Crystneel
|j|☆KingNoahC17
|html|CrystneelKingNoahC17    
|uhtml|bestof|Game 2 of a best-of-3
|t:|1757155339
|gametype|doubles
|player|p1|Crystneel|ethan|1134
|player|p2|KingNoahC17|alec-anime|1092
|gen|9
|tier|[Gen 9] VGC 2025 Reg H (Bo3)
|rated|
|rule|Species Clause: Limit one of each Pokémon
|rule|Item Clause: Limit 1 of each item
|clearpoke
|poke|p1|Volcarona, L50, F|
|poke|p1|Electabuzz, L50, F|
|poke|p1|Sneasler, L50, M|
|poke|p1|Rillaboom, L50, F|
|poke|p1|Dragonite, L50, M|
|poke|p1|Ursaluna-Bloodmoon, L50, M|
|poke|p2|Volcarona, L50, M|
|poke|p2|Rillaboom, L50, M|
|poke|p2|Sneasler, L50, M|
|poke|p2|Annihilape, L50, M|
|poke|p2|Ninetales-Alola, L50, F|
|poke|p2|Dragonite, L50, M|
|teampreview|4
|showteam|p1|Volcarona||Leftovers|FlameBody|FieryDance,QuiverDance,GigaDrain,Protect|||F|||50|,,,,,Water]Electabuzz||Eviolite|Static|FollowMe,Electroweb,VoltSwitch,Taunt|||F|||50|,,,,,Fairy]Sneasler||GrassySeed|Unburden|DireClaw,CloseCombat,ThroatChop,Protect|||M|||50|,,,,,Dark]Rillaboom||AssaultVest|GrassySurge|FakeOut,GrassyGlide,WoodHammer,Uturn|||F|||50|,,,,,Fire]Dragonite||LoadedDice|Multiscale|ExtremeSpeed,ScaleShot,IceSpinner,LowKick|||M|||50|,,,,,Normal]Ursaluna-Bloodmoon||ThroatSpray|MindsEye|BloodMoon,HyperVoice,EarthPower,Protect|||M|||50|,,,,,Poison
|showteam|p2|Volcarona||CovertCloak|FlameBody|HeatWave,QuiverDance,Protect,TeraBlast|||M|||50|,,,,,Fairy]Rillaboom||AssaultVest|GrassySurge|FakeOut,GrassyGlide,WoodHammer,HighHorsepower|||M|||50|,,,,,Fire]Sneasler||GrassySeed|Unburden|ThroatChop,Protect,DireClaw,CloseCombat|||M|||50|,,,,,Dark]Annihilape||SafetyGoggles|Defiant|BulkUp,DrainPunch,Protect,RageFist|||M|||50|,,,,,Fire]Ninetales-Alola||FocusSash|SnowWarning|IcyWind,AuroraVeil,Encore,Blizzard|||F|||50|,,,,,Ghost]Dragonite||LoadedDice|Multiscale|ScaleShot,ExtremeSpeed,Tailwind,Protect|||M|||50|,,,,,Fairy
|inactive|Battle timer is ON: inactive players will automatically lose when time's up. (requested by KingNoahC17)
|inactive|KingNoahC17 has 60 seconds left.
|
|t:|1757155383
|teamsize|p1|4
|teamsize|p2|4
|start
|switch|p1a: Volcarona|Volcarona, L50, F|100/100
|switch|p1b: Sneasler|Sneasler, L50, M|100/100
|switch|p2a: Volcarona|Volcarona, L50, M|100/100
|switch|p2b: Ninetales|Ninetales-Alola, L50, F|100/100
|-weather|Snowscape|[from] ability: Snow Warning|[of] p2b: Ninetales
|turn|1
|inactive|Crystneel has 30 seconds left.
|inactive|KingNoahC17 has 30 seconds left.
|
|t:|1757155412
|switch|p1a: Rillaboom|Rillaboom, L50, F|100/100
|-fieldstart|move: Grassy Terrain|[from] ability: Grassy Surge|[of] p1a: Rillaboom
|-enditem|p1b: Sneasler|Grassy Seed
|-boost|p1b: Sneasler|def|1|[from] item: Grassy Seed
|move|p2a: Volcarona|Protect|p2a: Volcarona
|-singleturn|p2a: Volcarona|Protect
|move|p1b: Sneasler|Dire Claw|p2b: Ninetales
|-supereffective|p2b: Ninetales
|-damage|p2b: Ninetales|19/100
|move|p2b: Ninetales|Aurora Veil|p2b: Ninetales
|-sidestart|p2: KingNoahC17|move: Aurora Veil
|
|-weather|Snowscape|[upkeep]
|-heal|p2b: Ninetales|25/100|[from] Grassy Terrain
|upkeep
|turn|2
|
|t:|1757155431
|move|p1a: Rillaboom|Fake Out|p2b: Ninetales
|-damage|p2b: Ninetales|14/100
|move|p1b: Sneasler|Dire Claw|p2a: Volcarona
|-damage|p2a: Volcarona|70/100
|-status|p1b: Sneasler|brn|[from] ability: Flame Body|[of] p2a: Volcarona
|cant|p2b: Ninetales|flinch
|move|p2a: Volcarona|Quiver Dance|p2a: Volcarona
|-boost|p2a: Volcarona|spa|1
|-boost|p2a: Volcarona|spd|1
|-boost|p2a: Volcarona|spe|1
|
|-weather|Snowscape|[upkeep]
|-heal|p2a: Volcarona|77/100|[from] Grassy Terrain
|-heal|p2b: Ninetales|20/100|[from] Grassy Terrain
|-damage|p1b: Sneasler|95/100 brn|[from] brn
|upkeep
|turn|3
|
|t:|1757155447
|switch|p1a: Electabuzz|Electabuzz, L50, F|100/100
|move|p1b: Sneasler|Dire Claw|p2a: Volcarona
|-damage|p2a: Volcarona|59/100
|move|p2a: Volcarona|Quiver Dance|p2a: Volcarona
|-boost|p2a: Volcarona|spa|1
|-boost|p2a: Volcarona|spd|1
|-boost|p2a: Volcarona|spe|1
|move|p2b: Ninetales|Encore||[still]
|-fail|p2b: Ninetales
|
|-weather|Snowscape|[upkeep]
|-heal|p1b: Sneasler|100/100 brn|[from] Grassy Terrain
|-heal|p2a: Volcarona|66/100|[from] Grassy Terrain
|-heal|p2b: Ninetales|26/100|[from] Grassy Terrain
|-damage|p1b: Sneasler|95/100 brn|[from] brn
|upkeep
|turn|4
|
|t:|1757155460
|move|p1b: Sneasler|Dire Claw|p2a: Volcarona
|-damage|p2a: Volcarona|49/100
|move|p2a: Volcarona|Heat Wave|p1a: Electabuzz|[spread] p1a,p1b
|-damage|p1a: Electabuzz|57/100
|-damage|p1b: Sneasler|0 fnt
|faint|p1b: Sneasler
|move|p2b: Ninetales|Icy Wind|p1a: Electabuzz
|-damage|p1a: Electabuzz|45/100
|-unboost|p1a: Electabuzz|spe|1
|move|p1a: Electabuzz|Electroweb|p2b: Ninetales|[spread] p2a,p2b
|-damage|p2a: Volcarona|45/100
|-damage|p2b: Ninetales|14/100
|-unboost|p2b: Ninetales|spe|1
|
|-weather|Snowscape|[upkeep]
|-heal|p2a: Volcarona|51/100|[from] Grassy Terrain
|-heal|p2b: Ninetales|20/100|[from] Grassy Terrain
|-heal|p1a: Electabuzz|50/100|[from] Grassy Terrain
|upkeep
|
|t:|1757155475
|switch|p1b: Volcarona|Volcarona, L50, F|100/100
|turn|5
|
|t:|1757155482
|-terastallize|p1b: Volcarona|Water
|move|p2a: Volcarona|Heat Wave|p1a: Electabuzz|[spread] p1a,p1b
|-resisted|p1b: Volcarona
|-damage|p1a: Electabuzz|5/100
|-damage|p1b: Volcarona|72/100
|move|p1b: Volcarona|Quiver Dance|p1b: Volcarona
|-boost|p1b: Volcarona|spa|1
|-boost|p1b: Volcarona|spd|1
|-boost|p1b: Volcarona|spe|1
|move|p2b: Ninetales|Icy Wind|p1a: Electabuzz|[spread] p1a,p1b
|-resisted|p1b: Volcarona
|-damage|p1a: Electabuzz|0 fnt
|-damage|p1b: Volcarona|68/100
|-unboost|p1b: Volcarona|spe|1
|faint|p1a: Electabuzz
|
|-weather|none
|-heal|p2a: Volcarona|57/100|[from] Grassy Terrain
|-heal|p1b: Volcarona|73/100|[from] Grassy Terrain
|-heal|p1b: Volcarona|79/100|[from] item: Leftovers
|-heal|p2b: Ninetales|26/100|[from] Grassy Terrain
|-sideend|p2: KingNoahC17|move: Aurora Veil
|-fieldend|move: Grassy Terrain
|upkeep
|
|t:|1757155496
|switch|p1a: Rillaboom|Rillaboom, L50, F|100/100
|-fieldstart|move: Grassy Terrain|[from] ability: Grassy Surge|[of] p1a: Rillaboom
|turn|6
|
|t:|1757155503
|switch|p2b: Sneasler|Sneasler, L50, M|100/100
|-enditem|p2b: Sneasler|Grassy Seed
|-boost|p2b: Sneasler|def|1|[from] item: Grassy Seed
|move|p1a: Rillaboom|Fake Out|p2b: Sneasler
|-damage|p2b: Sneasler|83/100
|move|p2a: Volcarona|Heat Wave|p1a: Rillaboom|[spread] p1a,p1b
|-supereffective|p1a: Rillaboom
|-resisted|p1b: Volcarona
|-damage|p1a: Rillaboom|0 fnt
|-damage|p1b: Volcarona|61/100
|faint|p1a: Rillaboom
|move|p1b: Volcarona|Quiver Dance|p1b: Volcarona
|-boost|p1b: Volcarona|spa|1
|-boost|p1b: Volcarona|spd|1
|-boost|p1b: Volcarona|spe|1
|
|-heal|p2b: Sneasler|88/100|[from] Grassy Terrain
|-heal|p2a: Volcarona|64/100|[from] Grassy Terrain
|-heal|p1b: Volcarona|66/100|[from] Grassy Terrain
|-heal|p1b: Volcarona|72/100|[from] item: Leftovers
|upkeep
|turn|7
|
|t:|1757155517
|-terastallize|p2a: Volcarona|Fairy
|move|p2b: Sneasler|Dire Claw|p1b: Volcarona
|-damage|p1b: Volcarona|28/100
|move|p2a: Volcarona|Tera Blast|p1b: Volcarona|[anim] Tera Blast Fairy
|-damage|p1b: Volcarona|0 fnt
|faint|p1b: Volcarona
|
|win|KingNoahC17
|raw|Crystneel's rating: 1134 → 1106(-28 for losing)
|raw|KingNoahC17's rating: 1092 → 1121(+29 for winning)
|c|☆KingNoahC17|gg
