|j|☆certified urgl
|j|☆oscraft89
|html|certified urgloscraft89    
|uhtml|bestof|Game 3 of a best-of-3
|t:|1756547675
|gametype|doubles
|player|p1|certified urgl|102|1328
|player|p2|oscraft89|102|1382
|gen|9
|tier|[Gen 9] VGC 2025 Reg H (Bo3)
|rated|
|rule|Species Clause: Limit one of each Pokémon
|rule|Item Clause: Limit 1 of each item
|clearpoke
|poke|p1|Gholdengo, L50|
|poke|p1|Sneasler, L50, M|
|poke|p1|Rillaboom, L50, M|
|poke|p1|Dragonite, L50, F|
|poke|p1|Ninetales-Alola, L50, F|
|poke|p1|Arcanine-Hisui, L50, F|
|poke|p2|Archaludon, L50, M|
|poke|p2|Gholdengo, L50|
|poke|p2|Ursaluna, L50, M|
|poke|p2|Pelipper, L50, M|
|poke|p2|Sinistcha-Masterpiece, L50|
|poke|p2|Dragonite, L50, F|
|teampreview|4
|showteam|p1|Gholdengo||GrassySeed|GoodasGold|NastyPlot,MakeItRain,ShadowBall,Protect||||||50|,,,,,Water]Sneasler||WhiteHerb|Unburden|CloseCombat,DireClaw,Coaching,Protect|||M|||50|,,,,,Ghost]Rillaboom||AssaultVest|GrassySurge|FakeOut,GrassyGlide,DrumBeating,HighHorsepower|||M|||50|,,,,,Fire]Dragonite||LoadedDice|Multiscale|ScaleShot,StompingTantrum,Tailwind,Protect|||F|||50|,,,,,Ground]Ninetales-Alola||FocusSash|SnowWarning|Blizzard,IcyWind,Encore,AuroraVeil|||F|||50|,,,,,Ghost]Arcanine-Hisui||ClearAmulet|Intimidate|RockSlide,FlareBlitz,ExtremeSpeed,Protect|||F|||50|,,,,,Water
|showteam|p2|Archaludon||AssaultVest|Stamina|FlashCannon,ElectroShot,BodyPress,Snarl|||M|||50|,,,,,Fighting]Gholdengo||ChoiceScarf|GoodasGold|MakeItRain,ShadowBall,Trick,PowerGem||||||50|,,,,,Flying]Ursaluna||FlameOrb|Guts|Protect,HeadlongRush,Facade,Earthquake|||M|||50|,,,,,Ghost]Pelipper||FocusSash|Drizzle|Protect,Hurricane,Tailwind,MuddyWater|||M|||50|,,,,,Ghost]Sinistcha-Masterpiece||SitrusBerry|Hospitality|MatchaGotcha,LifeDew,RagePowder,TrickRoom||||||50|,,,,,Dark]Dragonite||LoadedDice|Multiscale|ScaleShot,Protect,Tailwind,Haze|||F|||50|,,,,,Fairy
|inactive|Battle timer is ON: inactive players will automatically lose when time's up. (requested by certified urgl)
|inactive|certified urgl has 60 seconds left.
|inactive|certified urgl has 30 seconds left.
|c|☆oscraft89|Hey im in a train do you mind switching the timer off?
|inactiveoff|Battle timer is now OFF.
|
|t:|1756547760
|teamsize|p1|4
|teamsize|p2|4
|start
|switch|p1a: Rillaboom|Rillaboom, L50, M|100/100
|switch|p1b: Gholdengo|Gholdengo, L50|100/100
|switch|p2a: Archaludon|Archaludon, L50, M|100/100
|switch|p2b: Gholdengo|Gholdengo, L50|100/100
|-fieldstart|move: Grassy Terrain|[from] ability: Grassy Surge|[of] p1a: Rillaboom
|-enditem|p1b: Gholdengo|Grassy Seed
|-boost|p1b: Gholdengo|def|1|[from] item: Grassy Seed
|turn|1
|c|☆oscraft89|THX
|
|t:|1756547798
|move|p1a: Rillaboom|Fake Out|p2a: Archaludon
|-resisted|p2a: Archaludon
|-damage|p2a: Archaludon|97/100
|-ability|p2a: Archaludon|Stamina|boost
|-boost|p2a: Archaludon|def|1
|move|p2b: Gholdengo|Shadow Ball|p1b: Gholdengo
|-supereffective|p1b: Gholdengo
|-damage|p1b: Gholdengo|12/100
|move|p1b: Gholdengo|Shadow Ball|p2b: Gholdengo
|-supereffective|p2b: Gholdengo
|-damage|p2b: Gholdengo|15/100
|cant|p2a: Archaludon|flinch
|
|-heal|p2b: Gholdengo|21/100|[from] Grassy Terrain
|-heal|p1b: Gholdengo|18/100|[from] Grassy Terrain
|-heal|p2a: Archaludon|100/100|[from] Grassy Terrain
|upkeep
|turn|2
|
|t:|1756547834
|move|p1b: Gholdengo|Protect|p1b: Gholdengo
|-singleturn|p1b: Gholdengo|Protect
|move|p2b: Gholdengo|Shadow Ball|p1b: Gholdengo
|-activate|p1b: Gholdengo|move: Protect
|move|p1a: Rillaboom|Drum Beating|p2b: Gholdengo
|-resisted|p2b: Gholdengo
|-damage|p2b: Gholdengo|0 fnt
|faint|p2b: Gholdengo
|move|p2a: Archaludon|Body Press|p1a: Rillaboom
|-damage|p1a: Rillaboom|59/100
|
|-heal|p1a: Rillaboom|65/100|[from] Grassy Terrain
|-heal|p1b: Gholdengo|24/100|[from] Grassy Terrain
|upkeep
|
|t:|1756547839
|switch|p2b: Pelipper|Pelipper, L50, M|100/100
|-weather|RainDance|[from] ability: Drizzle|[of] p2b: Pelipper
|turn|3
|
|t:|1756547852
|switch|p1b: Ninetales|Ninetales-Alola, L50, F|100/100
|-weather|Snowscape|[from] ability: Snow Warning|[of] p1b: Ninetales
|move|p1a: Rillaboom|Drum Beating|p2b: Pelipper
|-damage|p2b: Pelipper|41/100
|-unboost|p2b: Pelipper|spe|1
|move|p2a: Archaludon|Snarl|p1b: Ninetales|[spread] p1a
|-miss|p2a: Archaludon|p1b: Ninetales
|-damage|p1a: Rillaboom|56/100
|-unboost|p1a: Rillaboom|spa|1
|move|p2b: Pelipper|Tailwind|p2b: Pelipper
|-sidestart|p2: oscraft89|move: Tailwind
|
|-weather|Snowscape|[upkeep]
|-heal|p1a: Rillaboom|62/100|[from] Grassy Terrain
|upkeep
|turn|4
|l|☆oscraft89
|player|p2|
|
|t:|1756547888
|switch|p1b: Gholdengo|Gholdengo, L50|24/100
|switch|p2b: Sinistcha|Sinistcha-Masterpiece, L50|100/100
|move|p1a: Rillaboom|Grassy Glide|p2b: Sinistcha
|-resisted|p2b: Sinistcha
|-damage|p2b: Sinistcha|85/100
|move|p2a: Archaludon|Flash Cannon|p1b: Gholdengo
|-resisted|p1b: Gholdengo
|-damage|p1b: Gholdengo|9/100
|
|-weather|Snowscape|[upkeep]
|-heal|p2b: Sinistcha|91/100|[from] Grassy Terrain
|-heal|p1a: Rillaboom|68/100|[from] Grassy Terrain
|-heal|p1b: Gholdengo|15/100|[from] Grassy Terrain
|upkeep
|turn|5
|j|☆oscraft89
|player|p2|oscraft89|102|
|n|☆oscraft89|oscraft89
|n|☆oscraft89|oscraft89
|
|t:|1756547913
|switch|p1a: Sneasler|Sneasler, L50, M|100/100
|move|p1b: Gholdengo|Protect|p1b: Gholdengo
|-singleturn|p1b: Gholdengo|Protect
|move|p2a: Archaludon|Snarl|p1b: Gholdengo|[spread] p1a
|-activate|p1b: Gholdengo|move: Protect
|-resisted|p1a: Sneasler
|-damage|p1a: Sneasler|94/100
|-unboost|p1a: Sneasler|spa|1
|-enditem|p1a: Sneasler|White Herb
|-clearnegativeboost|p1a: Sneasler|[silent]
|move|p2b: Sinistcha|Matcha Gotcha|p1b: Gholdengo|[spread] p1a
|-activate|p1b: Gholdengo|move: Protect
|-resisted|p1a: Sneasler
|-damage|p1a: Sneasler|75/100
|-heal|p2b: Sinistcha|100/100|[from] drain|[of] p1a: Sneasler
|
|-weather|Snowscape|[upkeep]
|-heal|p1a: Sneasler|81/100|[from] Grassy Terrain
|-heal|p1b: Gholdengo|21/100|[from] Grassy Terrain
|-fieldend|move: Grassy Terrain
|upkeep
|turn|6
|
|t:|1756547938
|switch|p1b: Ninetales|Ninetales-Alola, L50, F|100/100
|move|p1a: Sneasler|Dire Claw|p2b: Sinistcha
|-damage|p2b: Sinistcha|61/100
|-status|p2b: Sinistcha|slp
|move|p2a: Archaludon|Body Press|p1b: Ninetales
|-damage|p1b: Ninetales|59/100
|cant|p2b: Sinistcha|slp
|
|-weather|Snowscape|[upkeep]
|-sideend|p2: oscraft89|move: Tailwind
|upkeep
|turn|7
|l|☆oscraft89
|player|p2|
|j|☆oscraft89
|player|p2|oscraft89|102|
|
|t:|1756547997
|switch|p1b: Rillaboom|Rillaboom, L50, M|68/100
|-fieldstart|move: Grassy Terrain|[from] ability: Grassy Surge|[of] p1b: Rillaboom
|switch|p2b: Pelipper|Pelipper, L50, M|41/100
|-weather|RainDance|[from] ability: Drizzle|[of] p2b: Pelipper
|move|p1a: Sneasler|Close Combat|p2a: Archaludon
|-supereffective|p2a: Archaludon
|-damage|p2a: Archaludon|44/100
|-unboost|p1a: Sneasler|def|1
|-unboost|p1a: Sneasler|spd|1
|-ability|p2a: Archaludon|Stamina|boost
|-boost|p2a: Archaludon|def|1
|move|p2a: Archaludon|Electro Shot||[still]
|-prepare|p2a: Archaludon|Electro Shot
|-boost|p2a: Archaludon|spa|1
|-anim|p2a: Archaludon|Electro Shot|p1a: Sneasler
|-damage|p1a: Sneasler|0 fnt
|faint|p1a: Sneasler
|
|-weather|RainDance|[upkeep]
|-heal|p1b: Rillaboom|74/100|[from] Grassy Terrain
|-heal|p2a: Archaludon|50/100|[from] Grassy Terrain
|upkeep
|
|t:|1756548013
|switch|p1a: Ninetales|Ninetales-Alola, L50, F|59/100
|-weather|Snowscape|[from] ability: Snow Warning|[of] p1a: Ninetales
|turn|8
|
|t:|1756548039
|switch|p2b: Sinistcha|Sinistcha-Masterpiece, L50|61/100 slp
|-heal|p2a: Archaludon|75/100|[from] ability: Hospitality|[of] p2b: Sinistcha
|move|p1a: Ninetales|Blizzard|p2b: Sinistcha|[spread] p2a,p2b
|-supereffective|p2b: Sinistcha
|-damage|p2a: Archaludon|54/100
|-damage|p2b: Sinistcha|4/100 slp
|-ability|p2a: Archaludon|Stamina|boost
|-boost|p2a: Archaludon|def|1
|-enditem|p2b: Sinistcha|Sitrus Berry|[eat]
|-heal|p2b: Sinistcha|29/100 slp|[from] item: Sitrus Berry
|move|p1b: Rillaboom|High Horsepower|p2a: Archaludon
|-supereffective|p2a: Archaludon
|-damage|p2a: Archaludon|38/100
|-ability|p2a: Archaludon|Stamina|boost
|-boost|p2a: Archaludon|def|1
|move|p2a: Archaludon|Flash Cannon|p1a: Ninetales
|-supereffective|p1a: Ninetales
|-damage|p1a: Ninetales|0 fnt
|faint|p1a: Ninetales
|
|-weather|Snowscape|[upkeep]
|-heal|p1b: Rillaboom|79/100|[from] Grassy Terrain
|-heal|p2a: Archaludon|44/100|[from] Grassy Terrain
|-heal|p2b: Sinistcha|35/100 slp|[from] Grassy Terrain
|upkeep
|
|t:|1756548052
|switch|p1a: Gholdengo|Gholdengo, L50|21/100
|turn|9
|l|☆oscraft89
|player|p2|
|j|☆oscraft89
|player|p2|oscraft89|102|
|
|t:|1756548095
|-terastallize|p2b: Sinistcha|Dark
|move|p1b: Rillaboom|High Horsepower|p2a: Archaludon
|-supereffective|p2a: Archaludon
|-damage|p2a: Archaludon|32/100
|-ability|p2a: Archaludon|Stamina|boost
|-boost|p2a: Archaludon|def|1
|move|p1a: Gholdengo|Shadow Ball|p2a: Archaludon
|-damage|p2a: Archaludon|6/100
|-ability|p2a: Archaludon|Stamina|boost
|-boost|p2a: Archaludon|def|1
|move|p2a: Archaludon|Body Press|p1b: Rillaboom
|-damage|p1b: Rillaboom|0 fnt
|faint|p1b: Rillaboom
|cant|p2b: Sinistcha|slp
|
|-weather|Snowscape|[upkeep]
|-heal|p1a: Gholdengo|28/100|[from] Grassy Terrain
|-heal|p2a: Archaludon|12/100|[from] Grassy Terrain
|-heal|p2b: Sinistcha|41/100 slp|[from] Grassy Terrain
|upkeep
|turn|10
|
|t:|1756548120
|cant|p2b: Sinistcha|slp
|move|p1a: Gholdengo|Make It Rain|p2b: Sinistcha|[spread] p2a,p2b
|-resisted|p2a: Archaludon
|-damage|p2a: Archaludon|0 fnt
|-damage|p2b: Sinistcha|3/100 slp
|-unboost|p1a: Gholdengo|spa|1
|faint|p2a: Archaludon
|
|-weather|Snowscape|[upkeep]
|-heal|p1a: Gholdengo|34/100|[from] Grassy Terrain
|-heal|p2b: Sinistcha|9/100 slp|[from] Grassy Terrain
|upkeep
|
|t:|1756548125
|switch|p2a: Pelipper|Pelipper, L50, M|41/100
|-weather|RainDance|[from] ability: Drizzle|[of] p2a: Pelipper
|turn|11
|
|t:|1756548139
|-curestatus|p2b: Sinistcha|slp|[msg]
|move|p2b: Sinistcha|Rage Powder|p2b: Sinistcha
|-singleturn|p2b: Sinistcha|move: Rage Powder
|move|p1a: Gholdengo|Shadow Ball|p2b: Sinistcha
|-resisted|p2b: Sinistcha
|-damage|p2b: Sinistcha|0 fnt
|faint|p2b: Sinistcha
|move|p2a: Pelipper|Tailwind|p2a: Pelipper
|-sidestart|p2: oscraft89|move: Tailwind
|
|-weather|RainDance|[upkeep]
|-heal|p1a: Gholdengo|40/100|[from] Grassy Terrain
|-fieldend|move: Grassy Terrain
|upkeep
|turn|12
|
|t:|1756548150
|move|p1a: Gholdengo|Protect|p1a: Gholdengo
|-singleturn|p1a: Gholdengo|Protect
|move|p2a: Pelipper|Muddy Water|p1a: Gholdengo
|-activate|p1a: Gholdengo|move: Protect
|
|-weather|RainDance|[upkeep]
|upkeep
|turn|13
|
|t:|1756548156
|-terastallize|p1a: Gholdengo|Water
|move|p2a: Pelipper|Muddy Water|p1a: Gholdengo
|-resisted|p1a: Gholdengo
|-damage|p1a: Gholdengo|10/100
|move|p1a: Gholdengo|Shadow Ball|p2a: Pelipper
|-damage|p2a: Pelipper|0 fnt
|faint|p2a: Pelipper
|
|win|certified urgl
|raw|certified urgl's rating: 1328 → 1351(+23 for winning)
|raw|oscraft89's rating: 1382 → 1359(-23 for losing)
|c|☆oscraft89|Gg
|c|☆certified urgl|gg
|l|☆oscraft89
|player|p2|
