|j|☆Chelicerate1
|j|☆xxbawsestmanxx1
|html|Chelicerate1xxbawsestmanxx1    
|uhtml|bestof|Game 3 of a best-of-3
|t:|1783338151
|gametype|doubles
|player|p1|Chelicerate1|ethan|1153
|player|p2|xxbawsestmanxx1|ryuki|1135
|gen|9
|tier|[Gen 9 Champions] VGC 2026 Reg M-B (Bo3)
|rated|
|rule|Species Clause: Limit one of each Pokémon
|rule|Item Clause: Limit 1 of each item
|clearpoke
|poke|p1|Charizard, L50, M, shiny|
|poke|p1|Gholdengo, L50, shiny|
|poke|p1|Incineroar, L50, M, shiny|
|poke|p1|Floette-Eternal, L50, F|
|poke|p1|Sinistcha-Masterpiece, L50, shiny|
|poke|p1|Garchomp, L50, M, shiny|
|poke|p2|Gholdengo, L50, shiny|
|poke|p2|Tinkaton, L50, F, shiny|
|poke|p2|Glimmora, L50, M|
|poke|p2|Runerigus, L50, F|
|poke|p2|Incineroar, L50, M|
|poke|p2|Staraptor, L50, M|
|teampreview|4
|showteam|p1|Charizard||CharizarditeY|SolarPower|HeatWave,WeatherBall,SolarBeam,Protect|Modest||M|||50|]Gholdengo||ChoiceScarf|GoodasGold|MakeItRain,Psychic,ShadowBall,Trick|Timid|||||50|]Incineroar||SitrusBerry|Intimidate|FakeOut,ThroatChop,PartingShot,FlareBlitz|Careful||M|||50|]Floette-Eternal||Floettite|FlowerVeil|Moonblast,DazzlingGleam,CalmMind,Protect|Modest||F|||50|]Sinistcha-Masterpiece||KasibBerry|Hospitality|MatchaGotcha,RagePowder,LifeDew,Protect|Bold|||||50|]Garchomp||LifeOrb|RoughSkin|DragonClaw,RockSlide,Earthquake,Protect|Adamant||M|||50|
|showteam|p2|Gholdengo||ChoiceScarf|GoodasGold|ShadowBall,MakeItRain,Thunderbolt,PowerGem|Timid|||||50|]Tinkaton||OccaBerry|MoldBreaker|SkillSwap,BabyDollEyes,FakeOut,Encore|Jolly||F|||50|]Glimmora||FocusSash|ToxicDebris|EarthPower,SludgeBomb,SpikyShield,EnergyBall|Modest||M|||50|]Runerigus||SitrusBerry|WanderingSpirit|Poltergeist,TrickRoom,WillOWisp,Protect|Sassy||F|||50|]Incineroar||ChopleBerry|Intimidate|CloseCombat,FlareBlitz,PartingShot,FakeOut|Adamant||M|||50|]Staraptor||Staraptite|Intimidate|CloseCombat,BraveBird,Roost,Protect|Adamant||M|||50|
|inactive|Battle timer is ON: inactive players will automatically lose when time's up. (requested by Chelicerate1)
|inactive|xxbawsestmanxx1 has 60 seconds left.
|
|t:|1783338202
|teamsize|p1|4
|teamsize|p2|4
|start
|switch|p1a: Charizard|Charizard, L50, M, shiny|100/100
|switch|p1b: Incineroar|Incineroar, L50, M, shiny|100/100
|switch|p2a: Runerigus|Runerigus, L50, F|100/100
|switch|p2b: Gholdengo|Gholdengo, L50, shiny|100/100
|-ability|p1b: Incineroar|Intimidate|boost
|-unboost|p2a: Runerigus|atk|1
|-unboost|p2b: Gholdengo|atk|1
|turn|1
|
|t:|1783338232
|detailschange|p1a: Charizard|Charizard-Mega-Y, L50, M, shiny
|-mega|p1a: Charizard|Charizard|Charizardite Y
|-weather|SunnyDay|[from] ability: Drought|[of] p1a: Charizard
|move|p2b: Gholdengo|Power Gem|p1a: Charizard
|-supereffective|p1a: Charizard|2
|-damage|p1a: Charizard|0 fnt
|faint|p1a: Charizard
|move|p1b: Incineroar|Flare Blitz|p2b: Gholdengo
|-supereffective|p2b: Gholdengo|1
|-damage|p2b: Gholdengo|0 fnt
|faint|p2b: Gholdengo
|-damage|p1b: Incineroar|73/100|[from] Recoil
|move|p2a: Runerigus|Trick Room|p2a: Runerigus
|-fieldstart|move: Trick Room|[of] p2a: Runerigus
|
|-weather|SunnyDay|[upkeep]
|upkeep
|
|t:|1783338245
|switch|p2b: Staraptor|Staraptor, L50, M|100/100
|switch|p1a: Sinistcha|Sinistcha-Masterpiece, L50, shiny|100/100
|-ability|p2b: Staraptor|Intimidate|boost
|-unboost|p1a: Sinistcha|atk|1
|-unboost|p1b: Incineroar|atk|1
|-heal|p1b: Incineroar|98/100|[from] ability: Hospitality|[of] p1a: Sinistcha
|turn|2
|
|t:|1783338263
|detailschange|p2b: Staraptor|Staraptor-Mega, L50, M
|-mega|p2b: Staraptor|Staraptor|Staraptite
|move|p2a: Runerigus|Poltergeist|p1a: Sinistcha
|-activate|p1a: Sinistcha|move: Poltergeist|Kasib Berry
|-supereffective|p1a: Sinistcha|1
|-enditem|p1a: Sinistcha|Kasib Berry|[eat]
|-enditem|p1a: Sinistcha|Kasib Berry|[weaken]
|-damage|p1a: Sinistcha|77/100
|move|p1b: Incineroar|Flare Blitz|p2b: Staraptor
|-damage|p2b: Staraptor|56/100
|-damage|p1b: Incineroar|84/100|[from] Recoil
|move|p1a: Sinistcha|Matcha Gotcha|p2a: Runerigus|[spread] p2a,p2b
|-supereffective|p2a: Runerigus|1
|-resisted|p2b: Staraptor|1
|-crit|p2b: Staraptor
|-damage|p2a: Runerigus|60/100
|-heal|p1a: Sinistcha|96/100|[from] drain|[of] p2a: Runerigus
|-damage|p2b: Staraptor|38/100
|-heal|p1a: Sinistcha|100/100|[from] drain|[of] p2b: Staraptor
|-status|p2a: Runerigus|brn
|move|p2b: Staraptor|Brave Bird|p1a: Sinistcha
|-supereffective|p1a: Sinistcha|1
|-damage|p1a: Sinistcha|0 fnt
|faint|p1a: Sinistcha
|-damage|p2b: Staraptor|8/100|[from] Recoil
|
|-weather|SunnyDay|[upkeep]
|-damage|p2a: Runerigus|53/100 brn|[from] brn
|upkeep
|
|t:|1783338269
|switch|p1a: Garchomp|Garchomp, L50, M, shiny|100/100
|turn|3
|
|t:|1783338282
|move|p2b: Staraptor|Protect|p2b: Staraptor
|-singleturn|p2b: Staraptor|Protect
|move|p2a: Runerigus|Will-O-Wisp|p1a: Garchomp
|-status|p1a: Garchomp|brn
|move|p1b: Incineroar|Flare Blitz|p2b: Staraptor
|-activate|p2b: Staraptor|move: Protect
|move|p1a: Garchomp|Dragon Claw|p2a: Runerigus
|-damage|p2a: Runerigus|29/100 brn
|-activate|p1a: Garchomp|Skill Swap|Wandering Spirit|Rough Skin|[of] p2a: Runerigus
|-enditem|p2a: Runerigus|Sitrus Berry|[eat]
|-heal|p2a: Runerigus|54/100 brn|[from] item: Sitrus Berry
|-damage|p1a: Garchomp|90/100 brn|[from] item: Life Orb
|
|-weather|SunnyDay|[upkeep]
|-damage|p2a: Runerigus|48/100 brn|[from] brn
|-damage|p1a: Garchomp|84/100 brn|[from] brn
|upkeep
|turn|4
|inactive|Chelicerate1 has 30 seconds left.
|inactive|Chelicerate1 has 20 seconds left.
|
|t:|1783338321
|switch|p2b: Incineroar|Incineroar, L50, M|100/100
|-ability|p2b: Incineroar|Intimidate|boost
|-unboost|p1a: Garchomp|atk|1
|-unboost|p1b: Incineroar|atk|1
|move|p2a: Runerigus|Poltergeist|p1a: Garchomp
|-activate|p1a: Garchomp|move: Poltergeist|Life Orb
|-damage|p1a: Garchomp|73/100 brn
|move|p1b: Incineroar|Flare Blitz|p2b: Incineroar
|-resisted|p2b: Incineroar|1
|-damage|p2b: Incineroar|82/100
|-damage|p1b: Incineroar|78/100|[from] Recoil
|move|p1a: Garchomp|Dragon Claw|p2a: Runerigus
|-damage|p2a: Runerigus|33/100 brn
|-damage|p1a: Garchomp|60/100 brn|[from] ability: Rough Skin|[of] p2a: Runerigus
|-damage|p1a: Garchomp|51/100 brn|[from] item: Life Orb
|
|-weather|SunnyDay|[upkeep]
|-damage|p2a: Runerigus|27/100 brn|[from] brn
|-damage|p1a: Garchomp|45/100 brn|[from] brn
|upkeep
|turn|5
|
|t:|1783338333
|move|p2a: Runerigus|Poltergeist|p1a: Garchomp
|-activate|p1a: Garchomp|move: Poltergeist|Life Orb
|-damage|p1a: Garchomp|32/100 brn
|move|p2b: Incineroar|Close Combat|p1a: Garchomp
|-damage|p1a: Garchomp|0 fnt
|-unboost|p2b: Incineroar|def|1
|-unboost|p2b: Incineroar|spd|1
|-activate|p2b: Incineroar|Skill Swap|Wandering Spirit|Intimidate|[of] p1a: Garchomp
|-ability|p1a: Garchomp|Intimidate|boost
|-unboost|p2a: Runerigus|atk|1
|-unboost|p2b: Incineroar|atk|1
|faint|p1a: Garchomp
|move|p1b: Incineroar|Flare Blitz|p2a: Runerigus
|-damage|p2a: Runerigus|0 fnt
|-damage|p1b: Incineroar|65/100|[from] ability: Rough Skin|[of] p2a: Runerigus
|faint|p2a: Runerigus
|-damage|p1b: Incineroar|58/100|[from] Recoil
|
|-weather|none
|-fieldend|move: Trick Room
|upkeep
|
|t:|1783338335
|switch|p2a: Staraptor|Staraptor-Mega, L50, M|8/100
|turn|6
|
|t:|1783338338
|move|p2a: Staraptor|Close Combat|p1b: Incineroar
|-supereffective|p1b: Incineroar|1
|-damage|p1b: Incineroar|0 fnt
|-boost|p2a: Staraptor|def|1
|-boost|p2a: Staraptor|spd|1
|faint|p1b: Incineroar
|
|win|xxbawsestmanxx1
|raw|Chelicerate1's rating: 1153 → 1127(-26 for losing)
|raw|xxbawsestmanxx1's rating: 1135 → 1161(+26 for winning)
|c|☆xxbawsestmanxx1|ggs
