|j|☆Cm3112
|j|☆epic17x
|html|Cm3112epic17x    
|uhtml|bestof|Game 2 of a best-of-3
|t:|1756918981
|gametype|doubles
|player|p1|Cm3112|1|1249
|player|p2|epic17x|steven|1377
|gen|9
|tier|[Gen 9] VGC 2025 Reg H (Bo3)
|rated|
|rule|Species Clause: Limit one of each Pokémon
|rule|Item Clause: Limit 1 of each item
|clearpoke
|poke|p1|Archaludon, L50, F|
|poke|p1|Maushold-Four, L50|
|poke|p1|Pelipper, L50, M|
|poke|p1|Annihilape, L50, M|
|poke|p1|Primarina, L50, M|
|poke|p1|Garchomp, L50, M|
|poke|p2|Ninetales-Alola, L50, M|
|poke|p2|Rillaboom, L50, M|
|poke|p2|Magmar, L50, F|
|poke|p2|Sneasler, L50, F|
|poke|p2|Kingambit, L50, M|
|poke|p2|Basculegion, L50, M|
|teampreview|4
|showteam|p1|Archaludon||AssaultVest|Stamina|FlashCannon,ElectroShot,DracoMeteor,BodyPress|||F|||50|,,,,,Fairy]Maushold-Four||WideLens|Technician|PopulationBomb,BeatUp,FollowMe,Protect||||||50|,,,,,Ghost]Pelipper||FocusSash|Drizzle|MuddyWater,Hurricane,WideGuard,Protect|||M|||50|,,,,,Water]Annihilape||SafetyGoggles|Defiant|DrainPunch,RageFist,BulkUp,Protect|||M|||50|,,,,,Fighting]Primarina||ThroatSpray|LiquidVoice|HyperVoice,DazzlingGleam,Haze,Protect|||M|||50|,,,,,Water]Garchomp||ChoiceBand|RoughSkin|BreakingSwipe,Earthquake,RockSlide,Protect|||M|||50|,,,,,Ground
|showteam|p2|Ninetales-Alola||NeverMeltIce|SnowWarning|Blizzard,FreezeDry,Encore,Protect|||M|||50|,,,,,Ghost]Rillaboom||AssaultVest|GrassySurge|WoodHammer,FakeOut,Uturn,GrassyGlide|||M|||50|,,,,,Ghost]Magmar||Eviolite|VitalSpirit|Protect,HeatWave,WillOWisp,FollowMe|||F|||50|,,,,,Ghost]Sneasler||FocusSash|PoisonTouch|FakeOut,DireClaw,CloseCombat,Protect|||F|||50|,,,,,Ghost]Kingambit||BlackGlasses|Defiant|KowtowCleave,SwordsDance,SuckerPunch,Protect|||M|||50|,,,,,Fire]Basculegion||ChoiceScarf|Adaptability|WaveCrash,FlipTurn,TeraBlast,LastRespects|||M|||50|,,,,,Fighting
|inactive|Battle timer is ON: inactive players will automatically lose when time's up. (requested by epic17x)
|j| T-Soro
|
|t:|1756919001
|teamsize|p1|4
|teamsize|p2|4
|start
|switch|p1a: Maushold|Maushold-Four, L50|100/100
|switch|p1b: Annihilape|Annihilape, L50, M|100/100
|switch|p2a: Sneasler|Sneasler, L50, F|100/100
|switch|p2b: Kingambit|Kingambit, L50, M|100/100
|turn|1
|
|t:|1756919014
|move|p1a: Maushold|Protect|p1a: Maushold
|-singleturn|p1a: Maushold|Protect
|move|p2b: Kingambit|Sucker Punch||[still]
|-fail|p2b: Kingambit
|move|p2a: Sneasler|Close Combat|p1a: Maushold
|-activate|p1a: Maushold|move: Protect
|move|p1b: Annihilape|Bulk Up|p1b: Annihilape
|-boost|p1b: Annihilape|atk|1
|-boost|p1b: Annihilape|def|1
|
|upkeep
|turn|2
|
|t:|1756919038
|switch|p1a: Primarina|Primarina, L50, M|100/100
|-terastallize|p2b: Kingambit|Fire
|move|p2a: Sneasler|Close Combat|p1a: Primarina
|-resisted|p1a: Primarina
|-damage|p1a: Primarina|72/100
|-unboost|p2a: Sneasler|def|1
|-unboost|p2a: Sneasler|spd|1
|move|p1b: Annihilape|Drain Punch|p2b: Kingambit
|-damage|p2b: Kingambit|65/100
|move|p2b: Kingambit|Swords Dance|p2b: Kingambit
|-boost|p2b: Kingambit|atk|2
|
|upkeep
|turn|3
|
|t:|1756919061
|move|p2b: Kingambit|Protect|p2b: Kingambit
|-singleturn|p2b: Kingambit|Protect
|move|p2a: Sneasler|Dire Claw|p1a: Primarina
|-supereffective|p1a: Primarina
|-damage|p1a: Primarina|0 fnt
|faint|p1a: Primarina
|move|p1b: Annihilape|Bulk Up|p1b: Annihilape
|-boost|p1b: Annihilape|atk|1
|-boost|p1b: Annihilape|def|1
|
|upkeep
|
|t:|1756919072
|switch|p1a: Maushold|Maushold-Four, L50|100/100
|turn|4
|
|t:|1756919083
|switch|p2a: Ninetales|Ninetales-Alola, L50, M|100/100
|-weather|Snowscape|[from] ability: Snow Warning|[of] p2a: Ninetales
|move|p1a: Maushold|Protect|p1a: Maushold
|-singleturn|p1a: Maushold|Protect
|move|p2b: Kingambit|Sucker Punch||[still]
|-fail|p2b: Kingambit
|move|p1b: Annihilape|Rage Fist|p2b: Kingambit
|-damage|p2b: Kingambit|30/100
|
|-weather|Snowscape|[upkeep]
|upkeep
|turn|5
|inactive|Cm3112 has 30 seconds left.
|
|t:|1756919108
|switch|p1a: Archaludon|Archaludon, L50, F|100/100
|move|p2b: Kingambit|Sucker Punch||[still]
|-fail|p2b: Kingambit
|move|p2a: Ninetales|Blizzard|p1b: Annihilape|[spread] p1a,p1b
|-damage|p1a: Archaludon|75/100
|-damage|p1b: Annihilape|66/100
|-ability|p1a: Archaludon|Stamina|boost
|-boost|p1a: Archaludon|def|1
|move|p1b: Annihilape|Drain Punch|p2a: Ninetales
|-damage|p2a: Ninetales|39/100
|-heal|p1b: Annihilape|89/100|[from] drain|[of] p2a: Ninetales
|
|-weather|Snowscape|[upkeep]
|upkeep
|turn|6
|inactive|Cm3112 has 30 seconds left.
|
|t:|1756919137
|-terastallize|p1a: Archaludon|Fairy
|move|p2a: Ninetales|Protect|p2a: Ninetales
|-singleturn|p2a: Ninetales|Protect
|move|p1b: Annihilape|Protect|p1b: Annihilape
|-singleturn|p1b: Annihilape|Protect
|move|p2b: Kingambit|Sucker Punch||[still]
|-fail|p2b: Kingambit
|move|p1a: Archaludon|Flash Cannon|p2a: Ninetales
|-activate|p2a: Ninetales|move: Protect
|
|-weather|Snowscape|[upkeep]
|upkeep
|turn|7
|
|t:|1756919150
|move|p2a: Ninetales|Encore|p1b: Annihilape
|-start|p1b: Annihilape|Encore
|move|p1b: Annihilape|Protect||[still]
|-fail|p1b: Annihilape
|move|p1a: Archaludon|Flash Cannon|p2a: Ninetales
|-supereffective|p2a: Ninetales
|-damage|p2a: Ninetales|0 fnt
|faint|p2a: Ninetales
|move|p2b: Kingambit|Kowtow Cleave|p1a: Archaludon
|-resisted|p1a: Archaludon
|-damage|p1a: Archaludon|43/100
|-ability|p1a: Archaludon|Stamina|boost
|-boost|p1a: Archaludon|def|1
|
|-weather|Snowscape|[upkeep]
|upkeep
|
|t:|1756919172
|switch|p2a: Sneasler|Sneasler, L50, F|100/100
|turn|8
|
|t:|1756919183
|move|p1b: Annihilape|Protect|p1b: Annihilape
|-singleturn|p1b: Annihilape|Protect
|move|p2a: Sneasler|Fake Out|p1a: Archaludon
|-damage|p1a: Archaludon|37/100
|-ability|p1a: Archaludon|Stamina|boost
|-boost|p1a: Archaludon|def|1
|cant|p1a: Archaludon|flinch
|move|p2b: Kingambit|Swords Dance|p2b: Kingambit
|-boost|p2b: Kingambit|atk|2
|
|-weather|none
|upkeep
|turn|9
|
|t:|1756919197
|move|p1b: Annihilape|Protect||[still]
|-fail|p1b: Annihilape
|move|p2a: Sneasler|Dire Claw|p1a: Archaludon
|-supereffective|p1a: Archaludon
|-damage|p1a: Archaludon|8/100
|-status|p1a: Archaludon|slp
|-ability|p1a: Archaludon|Stamina|boost
|-boost|p1a: Archaludon|def|1
|cant|p1a: Archaludon|slp
|move|p2b: Kingambit|Kowtow Cleave|p1b: Annihilape
|-damage|p1b: Annihilape|0 fnt
|faint|p1b: Annihilape
|
|upkeep
|-message|Cm3112 forfeited.
|
|win|epic17x
|raw|Cm3112's rating: 1249 → 1233(-16 for losing)
|raw|epic17x's rating: 1377 → 1390(+13 for winning)
|l|☆Cm3112
|player|p1|
