|j|☆SHyperdestroyerVGC
|j|☆awif34
|html|SHyperdestroyerVGCawif34    
|uhtml|bestof|Game 2 of a best-of-3
|t:|1784747850
|gametype|doubles
|player|p1|SHyperdestroyerVGC|lady|1164
|player|p2|awif34|2|1068
|gen|9
|tier|[Gen 9 Champions] VGC 2026 Reg M-B (Bo3)
|rated|
|rule|Species Clause: Limit one of each Pokémon
|rule|Item Clause: Limit 1 of each item
|clearpoke
|poke|p1|Froslass, L50, F|
|poke|p1|Kingambit, L50, M|
|poke|p1|Sneasler, L50, F|
|poke|p1|Talonflame, L50, M|
|poke|p1|Garchomp, L50, F|
|poke|p1|Sinistcha, L50|
|poke|p2|Kingambit, L50, F|
|poke|p2|Incineroar, L50, F|
|poke|p2|Scovillain, L50, F, shiny|
|poke|p2|Basculegion, L50, M|
|poke|p2|Farigiraf, L50, M|
|poke|p2|Aerodactyl, L50, F|
|teampreview|4
|showteam|p1|Froslass||Froslassite|SnowCloak|Blizzard,AuroraVeil,ShadowBall,Protect|Timid||F|||50|]Kingambit||BlackGlasses|Defiant|KowtowCleave,SuckerPunch,LowKick,Protect|Adamant||M|||50|]Sneasler||WhiteHerb|Unburden|FakeOut,CloseCombat,DireClaw,Protect|Adamant||F|||50|]Talonflame||FocusSash|GaleWings|DualWingbeat,FlareBlitz,Tailwind,Protect|Jolly||M|||50|]Garchomp||LifeOrb|RoughSkin|DragonClaw,Earthquake,RockSlide,Protect|Jolly||F|||50|]Sinistcha||CobaBerry|Hospitality|MatchaGotcha,TrickRoom,RagePowder,Protect|Calm|||||50|
|showteam|p2|Kingambit||ChopleBerry|Defiant|KowtowCleave,SuckerPunch,IronHead,Protect|Adamant||F|||50|]Incineroar||Charcoal|Intimidate|FlareBlitz,PartingShot,IronHead,FakeOut|Adamant||F|||50|]Scovillain||Scovillainite|Moody|LeechSeed,FireSpin,RagePowder,Protect|Bold||F|||50|]Basculegion||LifeOrb|Adaptability|Protect,LastRespects,Liquidation,FlipTurn|Jolly||M|||50|]Farigiraf|||ArmorTail|Protect,DazzlingGleam,Psychic,Reflect|Calm||M|||50|]Aerodactyl||Aerodactylite|Pressure|RockSlide,IronHead,Tailwind,WideGuard|Jolly||F|||50|
|
|t:|1784747874
|teamsize|p1|4
|teamsize|p2|4
|start
|switch|p1a: Sneasler|Sneasler, L50, F|100/100
|switch|p1b: Kingambit|Kingambit, L50, M|100/100
|switch|p2a: Scovillain|Scovillain, L50, F, shiny|100/100
|switch|p2b: Basculegion|Basculegion, L50, M|100/100
|turn|1
|
|t:|1784747892
|detailschange|p2a: Scovillain|Scovillain-Mega, L50, F, shiny
|-mega|p2a: Scovillain|Scovillain|Scovillainite
|move|p2b: Basculegion|Protect|p2b: Basculegion
|-singleturn|p2b: Basculegion|Protect
|move|p1b: Kingambit|Protect|p1b: Kingambit
|-singleturn|p1b: Kingambit|Protect
|move|p1a: Sneasler|Dire Claw|p2b: Basculegion
|-activate|p2b: Basculegion|move: Protect
|move|p2a: Scovillain|Leech Seed|p1a: Sneasler
|-start|p1a: Sneasler|move: Leech Seed
|
|-damage|p1a: Sneasler|87/100|[from] Leech Seed|[of] p2a: Scovillain
|upkeep
|turn|2
|
|t:|1784747920
|switch|p2b: Kingambit|Kingambit, L50, F|100/100
|move|p2a: Scovillain|Protect|p2a: Scovillain
|-singleturn|p2a: Scovillain|Protect
|move|p1a: Sneasler|Dire Claw|p2a: Scovillain
|-activate|p2a: Scovillain|move: Protect
|move|p1b: Kingambit|Kowtow Cleave|p2b: Kingambit
|-resisted|p2b: Kingambit|1
|-damage|p2b: Kingambit|79/100
|
|-damage|p1a: Sneasler|75/100|[from] Leech Seed|[of] p2a: Scovillain
|upkeep
|turn|3
|
|t:|1784747953
|switch|p1a: Garchomp|Garchomp, L50, F|100/100
|switch|p2b: Aerodactyl|Aerodactyl, L50, F|100/100
|-ability|p2b: Aerodactyl|Pressure
|switch|p1b: Sinistcha|Sinistcha, L50|100/100
|move|p2a: Scovillain|Fire Spin|p1b: Sinistcha
|-supereffective|p1b: Sinistcha|1
|-damage|p1b: Sinistcha|69/100
|-activate|p1b: Sinistcha|move: Fire Spin|[of] p2a: Scovillain
|
|-damage|p1b: Sinistcha|57/100|[from] move: Fire Spin|[partiallytrapped]
|upkeep
|turn|4
|
|t:|1784747980
|switch|p1b: Sneasler|Sneasler, L50, F|75/100
|move|p2b: Aerodactyl|Tailwind|p2b: Aerodactyl
|-sidestart|p2: awif34|move: Tailwind
|move|p2a: Scovillain|Leech Seed|p1a: Garchomp
|-start|p1a: Garchomp|move: Leech Seed
|move|p1a: Garchomp|Rock Slide|p2a: Scovillain|[spread] p2a,p2b
|-supereffective|p2a: Scovillain|1
|-supereffective|p2b: Aerodactyl|1
|-damage|p2a: Scovillain|54/100
|-damage|p2b: Aerodactyl|15/100
|-status|p1a: Garchomp|brn|[from] ability: Spicy Spray|[of] p2a: Scovillain
|-damage|p1a: Garchomp|90/100 brn|[from] item: Life Orb
|
|-damage|p1a: Garchomp|77/100 brn|[from] Leech Seed|[of] p2a: Scovillain
|-heal|p2a: Scovillain|69/100|[silent]
|-damage|p1a: Garchomp|71/100 brn|[from] brn
|upkeep
|turn|5
|
|t:|1784748023
|switch|p2a: Kingambit|Kingambit, L50, F|79/100
|move|p2b: Aerodactyl|Rock Slide|p1a: Garchomp|[spread] p1a,p1b
|-resisted|p1a: Garchomp|1
|-resisted|p1b: Sneasler|1
|-damage|p1a: Garchomp|59/100 brn
|-damage|p1b: Sneasler|52/100
|move|p1b: Sneasler|Dire Claw|p2a: Kingambit
|-immune|p2a: Kingambit
|move|p1a: Garchomp|Dragon Claw|p2b: Aerodactyl
|-damage|p2b: Aerodactyl|0 fnt
|faint|p2b: Aerodactyl
|-damage|p1a: Garchomp|49/100 brn|[from] item: Life Orb
|
|-damage|p1a: Garchomp|37/100 brn|[from] Leech Seed|[of] p2a: Kingambit
|-heal|p2a: Kingambit|92/100|[silent]
|-damage|p1a: Garchomp|31/100 brn|[from] brn
|upkeep
|
|t:|1784748045
|switch|p2b: Basculegion|Basculegion, L50, M|100/100
|turn|6
|
|t:|1784748069
|switch|p1a: Sinistcha|Sinistcha, L50|57/100
|-heal|p1b: Sneasler|76/100|[from] ability: Hospitality|[of] p1a: Sinistcha
|move|p2b: Basculegion|Protect|p2b: Basculegion
|-singleturn|p2b: Basculegion|Protect
|move|p2a: Kingambit|Sucker Punch|p1b: Sneasler
|-resisted|p1b: Sneasler|1
|-damage|p1b: Sneasler|39/100
|move|p1b: Sneasler|Close Combat|p2a: Kingambit
|-supereffective|p2a: Kingambit|2
|-enditem|p2a: Kingambit|Chople Berry|[eat]
|-enditem|p2a: Kingambit|Chople Berry|[weaken]
|-damage|p2a: Kingambit|0 fnt
|-unboost|p1b: Sneasler|def|1
|-unboost|p1b: Sneasler|spd|1
|faint|p2a: Kingambit
|-enditem|p1b: Sneasler|White Herb
|-clearnegativeboost|p1b: Sneasler|[silent]
|
|upkeep
|
|t:|1784748106
|switch|p2a: Scovillain|Scovillain-Mega, L50, F, shiny|69/100
|turn|7
|
|t:|1784748115
|move|p1b: Sneasler|Dire Claw|p2b: Basculegion
|-resisted|p2b: Basculegion|1
|-damage|p2b: Basculegion|70/100
|move|p2b: Basculegion|Liquidation|p1b: Sneasler
|-damage|p1b: Sneasler|0 fnt
|faint|p1b: Sneasler
|-damage|p2b: Basculegion|60/100|[from] item: Life Orb
|move|p2a: Scovillain|Fire Spin|p1a: Sinistcha
|-supereffective|p1a: Sinistcha|1
|-damage|p1a: Sinistcha|29/100
|-activate|p1a: Sinistcha|move: Fire Spin|[of] p2a: Scovillain
|move|p1a: Sinistcha|Matcha Gotcha|p2b: Basculegion|[spread] p2b
|-miss|p1a: Sinistcha|p2a: Scovillain
|-supereffective|p2b: Basculegion|1
|-damage|p2b: Basculegion|5/100
|-heal|p1a: Sinistcha|59/100|[from] drain|[of] p2b: Basculegion
|
|-damage|p1a: Sinistcha|47/100|[from] move: Fire Spin|[partiallytrapped]
|-sideend|p2: awif34|move: Tailwind
|upkeep
|
|t:|1784748134
|switch|p1b: Garchomp|Garchomp, L50, F|31/100 brn
|turn|8
|
|t:|1784748157
|move|p1a: Sinistcha|Rage Powder|p1a: Sinistcha
|-singleturn|p1a: Sinistcha|move: Rage Powder
|move|p1b: Garchomp|Rock Slide|p2b: Basculegion|[spread] p2a,p2b
|-supereffective|p2a: Scovillain|1
|-damage|p2a: Scovillain|45/100
|-damage|p2b: Basculegion|0 fnt
|faint|p2b: Basculegion
|-damage|p1b: Garchomp|21/100 brn|[from] item: Life Orb
|move|p2a: Scovillain|Leech Seed|p1b: Garchomp
|-start|p1b: Garchomp|move: Leech Seed
|
|-damage|p1b: Garchomp|9/100 brn|[from] Leech Seed|[of] p2a: Scovillain
|-heal|p2a: Scovillain|60/100|[silent]
|-damage|p1b: Garchomp|2/100 brn|[from] brn
|-damage|p1a: Sinistcha|34/100|[from] move: Fire Spin|[partiallytrapped]
|upkeep
|turn|9
|
|t:|1784748172
|switch|p1b: Kingambit|Kingambit, L50, M|100/100
|move|p2a: Scovillain|Protect|p2a: Scovillain
|-singleturn|p2a: Scovillain|Protect
|move|p1a: Sinistcha|Trick Room|p1a: Sinistcha
|-fieldstart|move: Trick Room|[of] p1a: Sinistcha
|
|-damage|p1a: Sinistcha|22/100|[from] move: Fire Spin|[partiallytrapped]
|upkeep
|turn|10
|
|t:|1784748189
|move|p1b: Kingambit|Kowtow Cleave|p2a: Scovillain
|-damage|p2a: Scovillain|4/100
|-status|p1b: Kingambit|brn|[from] ability: Spicy Spray|[of] p2a: Scovillain
|move|p1a: Sinistcha|Matcha Gotcha|p2a: Scovillain
|-resisted|p2a: Scovillain|2
|-damage|p2a: Scovillain|0 fnt
|-heal|p1a: Sinistcha|24/100|[from] drain|[of] p2a: Scovillain
|-status|p1a: Sinistcha|brn|[from] ability: Spicy Spray|[of] p2a: Scovillain
|faint|p2a: Scovillain
|
|win|SHyperdestroyerVGC
|raw|SHyperdestroyerVGC's rating: 1164 → 1182(+18 for winning)
|raw|awif34's rating: 1068 → 1053(-15 for losing)
|l|☆awif34
|player|p2|
