|j|☆x-demon18
|j|☆ciuk88
|html|x-demon18ciuk88    
|uhtml|bestof|Game 1 of a best-of-3
|t:|1785359317
|gametype|doubles
|player|p1|x-demon18|pokefan-gen4|1113
|player|p2|ciuk88|2|1190
|gen|9
|tier|[Gen 9 Champions] VGC 2026 Reg M-B (Bo3)
|rated|
|rule|Species Clause: Limit one of each Pokémon
|rule|Item Clause: Limit 1 of each item
|clearpoke
|poke|p1|Incineroar, L50, F|
|poke|p1|Rotom-Wash, L50|
|poke|p1|Venusaur, L50, F|
|poke|p1|Corviknight, L50, F|
|poke|p1|Sylveon, L50, F|
|poke|p1|Garchomp, L50, M|
|poke|p2|Ceruledge, L50, M|
|poke|p2|Mawile, L50, M|
|poke|p2|Incineroar, L50, F|
|poke|p2|Sinistcha, L50|
|poke|p2|Milotic, L50, M|
|poke|p2|Raichu, L50, M|
|teampreview|4
|showteam|p1|Incineroar||ExpertBelt|Intimidate|FakeOut,TemperFlare,ThroatChop,PartingShot|Adamant||F|||50|]Rotom-Wash||RindoBerry|Levitate|HydroPump,Electroweb,WillOWisp,VoltSwitch|Modest|||||50|]Venusaur||Venusaurite|Chlorophyll|GigaDrain,SludgeBomb,EarthPower,Protect|Modest||F|||50|]Corviknight||OccaBerry|MirrorArmor|Tailwind,DualWingbeat,IronHead,BodyPress|Adamant||F|||50|]Sylveon||FairyFeather|Pixilate|HyperVoice,QuickAttack,Yawn,Detect|Modest||F|||50|]Garchomp||LifeOrb|RoughSkin|RockSlide,DragonClaw,StompingTantrum,Protect|Jolly||M|||50|
|showteam|p2|Ceruledge||ColburBerry|FlashFire|BitterBlade,ShadowSneak,BulkUp,Protect|Adamant||M|||50|]Mawile||Mawilite|HyperCutter|SuckerPunch,PlayRough,Protect,SwordsDance|Adamant||M|||50|]Incineroar||SitrusBerry|Intimidate|FakeOut,PartingShot,FlareBlitz,ThroatChop|Impish||F|||50|]Sinistcha||KasibBerry|Hospitality|MatchaGotcha,LifeDew,Protect,RagePowder|Relaxed|||||50|]Milotic||Leftovers|Competitive|MuddyWater,Coil,Protect,Hypnosis|Calm||M|||50|]Raichu||RaichuniteY|LightningRod|FakeOut,ZapCannon,FocusBlast,Protect|Timid||M|||50|
|
|t:|1785359420
|teamsize|p1|4
|teamsize|p2|4
|start
|switch|p1a: HydroVolt|Rotom-Wash, L50|100/100
|switch|p1b: Frieren|Sylveon, L50, F|100/100
|switch|p2a: Milotic|Milotic, L50, M|100/100
|switch|p2b: Ceruledge|Ceruledge, L50, M|100/100
|turn|1
|inactive|Battle timer is ON: inactive players will automatically lose when time's up. (requested by ciuk88)
|
|t:|1785359456
|switch|p2b: Raichu|Raichu, L50, M|100/100
|move|p1a: HydroVolt|Hydro Pump|p2b: Raichu
|-damage|p2b: Raichu|32/100
|move|p2a: Milotic|Coil|p2a: Milotic
|-boost|p2a: Milotic|atk|1
|-boost|p2a: Milotic|def|1
|-boost|p2a: Milotic|accuracy|1
|move|p1b: Frieren|Hyper Voice|p2b: Raichu|[spread] p2a,p2b
|-damage|p2a: Milotic|73/100
|-damage|p2b: Raichu|0 fnt
|faint|p2b: Raichu
|
|-heal|p2a: Milotic|79/100|[from] item: Leftovers
|upkeep
|
|t:|1785359470
|switch|p2b: Sinistcha|Sinistcha, L50|100/100
|-heal|p2a: Milotic|100/100|[from] ability: Hospitality|[of] p2b: Sinistcha
|turn|2
|
|t:|1785359484
|move|p2a: Milotic|Protect|p2a: Milotic
|-singleturn|p2a: Milotic|Protect
|move|p1a: HydroVolt|Volt Switch|p2a: Milotic
|-activate|p2a: Milotic|move: Protect
|move|p1b: Frieren|Yawn|p2a: Milotic
|-activate|p2a: Milotic|move: Protect
|move|p2b: Sinistcha|Matcha Gotcha|p1b: Frieren|[spread] p1a,p1b
|-supereffective|p1a: HydroVolt|1
|-enditem|p1a: HydroVolt|Rindo Berry|[eat]
|-enditem|p1a: HydroVolt|Rindo Berry|[weaken]
|-damage|p1a: HydroVolt|76/100
|-damage|p1b: Frieren|81/100
|
|upkeep
|turn|3
|inactive|ciuk88 has 30 seconds left.
|
|t:|1785359514
|switch|p2b: Ceruledge|Ceruledge, L50, M|100/100
|move|p1a: HydroVolt|Volt Switch|p2a: Milotic
|-supereffective|p2a: Milotic|1
|-damage|p2a: Milotic|60/100
|
|t:|1785359521
|switch|p1a: Berserk|Garchomp, L50, M|100/100|[from] Volt Switch
|move|p2a: Milotic|Coil|p2a: Milotic
|-boost|p2a: Milotic|atk|1
|-boost|p2a: Milotic|def|1
|-boost|p2a: Milotic|accuracy|1
|move|p1b: Frieren|Yawn|p2a: Milotic
|-start|p2a: Milotic|move: Yawn|[of] p1b: Frieren
|
|-heal|p2a: Milotic|66/100|[from] item: Leftovers
|upkeep
|turn|4
|
|t:|1785359539
|switch|p2b: Sinistcha|Sinistcha, L50|100/100
|-heal|p2a: Milotic|91/100|[from] ability: Hospitality|[of] p2b: Sinistcha
|switch|p1b: HydroVolt|Rotom-Wash, L50|76/100
|move|p1a: Berserk|Protect|p1a: Berserk
|-singleturn|p1a: Berserk|Protect
|move|p2a: Milotic|Hypnosis|p1b: HydroVolt
|-status|p1b: HydroVolt|slp|[from] move: Hypnosis
|
|-heal|p2a: Milotic|97/100|[from] item: Leftovers
|-end|p2a: Milotic|move: Yawn|[silent]
|-status|p2a: Milotic|slp
|upkeep
|turn|5
|inactive|x-demon18 has 30 seconds left.
|
|t:|1785359564
|move|p1a: Berserk|Dragon Claw|p2a: Milotic
|-damage|p2a: Milotic|75/100 slp
|-damage|p1a: Berserk|90/100|[from] item: Life Orb
|cant|p1b: HydroVolt|slp
|cant|p2a: Milotic|slp
|move|p2b: Sinistcha|Matcha Gotcha|p1b: HydroVolt|[spread] 
|-miss|p2b: Sinistcha|p1a: Berserk
|-miss|p2b: Sinistcha|p1b: HydroVolt
|
|-heal|p2a: Milotic|81/100 slp|[from] item: Leftovers
|upkeep
|turn|6
|
|t:|1785359582
|cant|p2a: Milotic|slp
|move|p1a: Berserk|Dragon Claw|p2a: Milotic
|-damage|p2a: Milotic|57/100 slp
|-damage|p1a: Berserk|80/100|[from] item: Life Orb
|cant|p1b: HydroVolt|slp
|move|p2b: Sinistcha|Matcha Gotcha|p1a: Berserk|[spread] p1b
|-miss|p2b: Sinistcha|p1a: Berserk
|-supereffective|p1b: HydroVolt|1
|-damage|p1b: HydroVolt|22/100 slp
|
|-heal|p2a: Milotic|63/100 slp|[from] item: Leftovers
|upkeep
|turn|7
|
|t:|1785359600
|-curestatus|p2a: Milotic|slp|[msg]
|move|p2a: Milotic|Protect|p2a: Milotic
|-singleturn|p2a: Milotic|Protect
|move|p1a: Berserk|Dragon Claw|p2a: Milotic
|-activate|p2a: Milotic|move: Protect
|-curestatus|p1b: HydroVolt|slp|[msg]
|move|p1b: HydroVolt|Volt Switch|p2a: Milotic
|-activate|p2a: Milotic|move: Protect
|move|p2b: Sinistcha|Matcha Gotcha|p1b: HydroVolt|[spread] p1a,p1b
|-supereffective|p1b: HydroVolt|1
|-damage|p1a: Berserk|55/100
|-damage|p1b: HydroVolt|0 fnt
|faint|p1b: HydroVolt
|
|-heal|p2a: Milotic|69/100|[from] item: Leftovers
|upkeep
|inactive|x-demon18 has 30 seconds left.
|
|t:|1785359634
|switch|p1b: Frieren|Sylveon, L50, F|81/100
|turn|8
|
|t:|1785359645
|move|p1a: Berserk|Rock Slide|p2b: Sinistcha|[spread] p2a,p2b
|-damage|p2a: Milotic|59/100
|-damage|p2b: Sinistcha|78/100
|-damage|p1a: Berserk|46/100|[from] item: Life Orb
|cant|p2a: Milotic|flinch
|move|p1b: Frieren|Hyper Voice|p2a: Milotic|[spread] p2a,p2b
|-damage|p2a: Milotic|31/100
|-damage|p2b: Sinistcha|35/100
|cant|p2b: Sinistcha|flinch
|
|-heal|p2a: Milotic|37/100|[from] item: Leftovers
|upkeep
|turn|9
|
|t:|1785359662
|move|p2a: Milotic|Protect|p2a: Milotic
|-singleturn|p2a: Milotic|Protect
|move|p1a: Berserk|Rock Slide|p2a: Milotic|[spread] 
|-activate|p2a: Milotic|move: Protect
|-miss|p1a: Berserk|p2b: Sinistcha
|move|p1b: Frieren|Hyper Voice|p2a: Milotic|[spread] p2b
|-activate|p2a: Milotic|move: Protect
|-damage|p2b: Sinistcha|0 fnt
|faint|p2b: Sinistcha
|
|-heal|p2a: Milotic|43/100|[from] item: Leftovers
|upkeep
|
|t:|1785359674
|switch|p2b: Ceruledge|Ceruledge, L50, M|100/100
|turn|10
|
|t:|1785359685
|move|p1a: Berserk|Rock Slide|p2b: Ceruledge|[spread] p2a,p2b
|-supereffective|p2b: Ceruledge|1
|-damage|p2a: Milotic|32/100
|-damage|p2b: Ceruledge|42/100
|-damage|p1a: Berserk|36/100|[from] item: Life Orb
|move|p2b: Ceruledge|Bitter Blade|p1b: Frieren
|-damage|p1b: Frieren|33/100
|-heal|p2b: Ceruledge|67/100|[from] drain|[of] p1b: Frieren
|move|p2a: Milotic|Muddy Water|p1a: Berserk|[spread] p1a,p1b
|-damage|p1a: Berserk|12/100
|-damage|p1b: Frieren|15/100
|move|p1b: Frieren|Hyper Voice|p2a: Milotic|[spread] p2a,p2b
|-resisted|p2b: Ceruledge|1
|-damage|p2a: Milotic|6/100
|-damage|p2b: Ceruledge|46/100
|
|-heal|p2a: Milotic|12/100|[from] item: Leftovers
|upkeep
|turn|11
|
|t:|1785359704
|move|p2b: Ceruledge|Shadow Sneak|p1a: Berserk
|-damage|p1a: Berserk|0 fnt
|-damage|p2b: Ceruledge|34/100|[from] ability: Rough Skin|[of] p1a: Berserk
|faint|p1a: Berserk
|move|p2a: Milotic|Muddy Water|p1b: Frieren
|-damage|p1b: Frieren|0 fnt
|faint|p1b: Frieren
|
|-heal|p2a: Milotic|18/100|[from] item: Leftovers
|upkeep
|
|t:|1785359716
|switch|p1a: Wolverine|Incineroar, L50, F|100/100
|-ability|p1a: Wolverine|Intimidate|boost
|-unboost|p2a: Milotic|atk|1
|-ability|p2a: Milotic|Competitive|boost
|-boost|p2a: Milotic|spa|2
|-unboost|p2b: Ceruledge|atk|1
|turn|12
|
|t:|1785359730
|move|p2a: Milotic|Protect|p2a: Milotic
|-singleturn|p2a: Milotic|Protect
|move|p2b: Ceruledge|Bitter Blade|p1a: Wolverine
|-resisted|p1a: Wolverine|1
|-damage|p1a: Wolverine|84/100
|-heal|p2b: Ceruledge|43/100|[from] drain|[of] p1a: Wolverine
|move|p1a: Wolverine|Throat Chop|p2b: Ceruledge
|-supereffective|p2b: Ceruledge|1
|-enditem|p2b: Ceruledge|Colbur Berry|[eat]
|-enditem|p2b: Ceruledge|Colbur Berry|[weaken]
|-damage|p2b: Ceruledge|0 fnt
|faint|p2b: Ceruledge
|
|-heal|p2a: Milotic|24/100|[from] item: Leftovers
|upkeep
|turn|13
|
|t:|1785359747
|move|p2a: Milotic|Muddy Water|p1a: Wolverine
|-supereffective|p1a: Wolverine|1
|-damage|p1a: Wolverine|0 fnt
|faint|p1a: Wolverine
|
|win|ciuk88
||ciuk88 is ready for game 2.
