|j|☆the bugcather
|j|☆Direvrau
|html|the bugcatherDirevrau    
|uhtml|bestof|Game 1 of a best-of-3
|t:|1756235642
|gametype|doubles
|player|p1|the bugcather|bugcatcher-gen4dp|1216
|player|p2|Direvrau|dancer|1131
|gen|9
|tier|[Gen 9] VGC 2025 Reg H (Bo3)
|rated|
|rule|Species Clause: Limit one of each Pokémon
|rule|Item Clause: Limit 1 of each item
|clearpoke
|poke|p1|Archaludon, L50, F|
|poke|p1|Pelipper, L50, F|
|poke|p1|Basculegion, L50, M|
|poke|p1|Maushold, L50|
|poke|p1|Annihilape, L50, F|
|poke|p1|Sinistcha-Masterpiece, L50|
|poke|p2|Maushold, L50|
|poke|p2|Sinistcha, L50|
|poke|p2|Pelipper, L50, F|
|poke|p2|Annihilape, L50, M|
|poke|p2|Basculegion, L50, M|
|poke|p2|Archaludon, L50, M|
|teampreview|4
|showteam|p1|Archaludon||AssaultVest|Stamina|Snarl,ElectroShot,DracoMeteor,BodyPress|||F|||50|,,,,,Bug]Pelipper||FocusSash|Drizzle|MuddyWater,Hurricane,Tailwind,Protect|||F|||50|,,,,,Stellar]Basculegion||ChoiceScarf|Adaptability|WaveCrash,LastRespects,AquaJet,FlipTurn|||M|||50|,,,,,Fairy]Maushold||SafetyGoggles|FriendGuard|BeatUp,Taunt,FollowMe,Protect||||||50|,,,,,Ghost]Annihilape||Leftovers|Defiant|DrainPunch,RageFist,BulkUp,Protect|||F|||50|,,,,,Fire]Sinistcha-Masterpiece||SitrusBerry|Hospitality|MatchaGotcha,LifeDew,RagePowder,TrickRoom||||||50|,,,,,Dark
|showteam|p2|Maushold||SafetyGoggles|FriendGuard|BeatUp,FollowMe,Taunt,Protect||||||50|,,,,,Ghost]Sinistcha||RockyHelmet|Hospitality|MatchaGotcha,RagePowder,LifeDew,TrickRoom||||||50|,,,,,Fairy]Pelipper||FocusSash|Drizzle|WeatherBall,Hurricane,Tailwind,Protect|||F|||50|,,,,,Ghost]Annihilape||SitrusBerry|Defiant|DrainPunch,RageFist,BulkUp,Protect|||M|||50|,,,,,Fire]Basculegion||ChoiceBand|SwiftSwim|WaveCrash,AquaJet,LastRespects,FlipTurn|||M|||50|,,,,,Water]Archaludon||AssaultVest|Stamina|BodyPress,DracoMeteor,ElectroShot,FlashCannon|||M|||50|,,,,,Bug
|inactive|Battle timer is ON: inactive players will automatically lose when time's up. (requested by the bugcather)
|c|☆Direvrau|Qual é braz
|c|☆the bugcather|kkkkkkkkkkkkkkkk
|inactive|the bugcather has 60 seconds left.
|inactive|Direvrau has 60 seconds left.
|c|☆Direvrau|É o braz memo? Kkkkk
|inactive|Direvrau has 30 seconds left.
|
|t:|1756235703
|teamsize|p1|4
|teamsize|p2|4
|start
|switch|p1a: Pelipper|Pelipper, L50, F|100/100
|switch|p1b: Basculegion|Basculegion, L50, M|100/100
|switch|p2a: Maushold|Maushold, L50|100/100
|switch|p2b: Annihilape|Annihilape, L50, M|100/100
|-weather|RainDance|[from] ability: Drizzle|[of] p1a: Pelipper
|turn|1
|c|☆the bugcather|Não pô kkkkkkk
|
|t:|1756235726
|switch|p2b: Archaludon|Archaludon, L50, M|100/100
|move|p2a: Maushold|Protect|p2a: Maushold
|-singleturn|p2a: Maushold|Protect
|move|p1b: Basculegion|Flip Turn|p2b: Archaludon
|-resisted|p2b: Archaludon
|-damage|p2b: Archaludon|85/100
|-ability|p2b: Archaludon|Stamina|boost
|-boost|p2b: Archaludon|def|1
|c|☆Direvrau|Quem que é?
|
|t:|1756235732
|switch|p1b: Archaludon|Archaludon, L50, F|100/100|[from] Flip Turn
|move|p1a: Pelipper|Hurricane|p2b: Archaludon
|-resisted|p2b: Archaludon
|-damage|p2b: Archaludon|72/100
|-ability|p2b: Archaludon|Stamina|boost
|-boost|p2b: Archaludon|def|1
|
|-weather|RainDance|[upkeep]
|upkeep
|turn|2
|c|☆the bugcather|#descubra
|inactive|Direvrau has 30 seconds left.
|inactive|Direvrau has 20 seconds left.
|inactive|Direvrau has 15 seconds left.
|
|t:|1756235772
|move|p2a: Maushold|Beat Up|p2b: Archaludon
|-damage|p2b: Archaludon|72/100
|-ability|p2b: Archaludon|Stamina|boost
|-boost|p2b: Archaludon|def|1
|-damage|p2b: Archaludon|71/100
|-ability|p2b: Archaludon|Stamina|boost
|-boost|p2b: Archaludon|def|1
|-damage|p2b: Archaludon|71/100
|-ability|p2b: Archaludon|Stamina|boost
|-boost|p2b: Archaludon|def|1
|-damage|p2b: Archaludon|70/100
|-ability|p2b: Archaludon|Stamina|boost
|-boost|p2b: Archaludon|def|1
|-hitcount|p2b: Archaludon|4
|move|p1b: Archaludon|Draco Meteor|p2b: Archaludon
|-damage|p2b: Archaludon|42/100
|-unboost|p1b: Archaludon|spa|2
|move|p1a: Pelipper|Hurricane|p2b: Archaludon
|-resisted|p2b: Archaludon
|-damage|p2b: Archaludon|30/100
|move|p2b: Archaludon|Electro Shot||[still]
|-prepare|p2b: Archaludon|Electro Shot
|-boost|p2b: Archaludon|spa|1
|-anim|p2b: Archaludon|Electro Shot|p1a: Pelipper
|-supereffective|p1a: Pelipper
|-enditem|p1a: Pelipper|Focus Sash
|-damage|p1a: Pelipper|1/100
|
|-weather|RainDance|[upkeep]
|upkeep
|turn|3
|
|t:|1756235795
|switch|p1b: Annihilape|Annihilape, L50, F|100/100
|-terastallize|p2b: Archaludon|Bug
|move|p1a: Pelipper|Protect|p1a: Pelipper
|-singleturn|p1a: Pelipper|Protect
|move|p2a: Maushold|Beat Up|p1a: Pelipper
|-activate|p1a: Pelipper|move: Protect
|move|p2b: Archaludon|Body Press|p1b: Annihilape
|-immune|p1b: Annihilape
|
|-weather|RainDance|[upkeep]
|upkeep
|turn|4
|inactive|Direvrau has 30 seconds left.
|
|t:|1756235821
|move|p2a: Maushold|Follow Me|p2a: Maushold
|-singleturn|p2a: Maushold|move: Follow Me
|move|p1b: Annihilape|Bulk Up|p1b: Annihilape
|-boost|p1b: Annihilape|atk|1
|-boost|p1b: Annihilape|def|1
|move|p1a: Pelipper|Muddy Water|p2a: Maushold|[spread] p2a,p2b
|-damage|p2a: Maushold|42/100
|-damage|p2b: Archaludon|9/100
|-unboost|p2a: Maushold|accuracy|1
|move|p2b: Archaludon|Electro Shot||[still]
|-prepare|p2b: Archaludon|Electro Shot
|-boost|p2b: Archaludon|spa|1
|-anim|p2b: Archaludon|Electro Shot|p1a: Pelipper
|-supereffective|p1a: Pelipper
|-damage|p1a: Pelipper|0 fnt
|faint|p1a: Pelipper
|
|-weather|RainDance|[upkeep]
|upkeep
|inactive|the bugcather has 30 seconds left.
|inactive|the bugcather has 20 seconds left.
|
|t:|1756235861
|switch|p1a: Basculegion|Basculegion, L50, M|100/100
|turn|5
|
|t:|1756235877
|switch|p2a: Sinistcha|Sinistcha, L50|100/100
|-heal|p2b: Archaludon|33/100|[from] ability: Hospitality|[of] p2a: Sinistcha
|move|p1a: Basculegion|Flip Turn|p2a: Sinistcha
|-resisted|p2a: Sinistcha
|-damage|p2a: Sinistcha|75/100
|-damage|p1a: Basculegion|84/100|[from] item: Rocky Helmet|[of] p2a: Sinistcha
|
|t:|1756235896
|switch|p1a: Archaludon|Archaludon, L50, F|100/100|[from] Flip Turn
|move|p1b: Annihilape|Rage Fist|p2b: Archaludon
|-damage|p2b: Archaludon|26/100
|move|p2b: Archaludon|Electro Shot||[still]
|-prepare|p2b: Archaludon|Electro Shot
|-boost|p2b: Archaludon|spa|1
|-anim|p2b: Archaludon|Electro Shot|p1a: Archaludon
|-resisted|p1a: Archaludon
|-damage|p1a: Archaludon|62/100
|-ability|p1a: Archaludon|Stamina|boost
|-boost|p1a: Archaludon|def|1
|
|-weather|none
|upkeep
|turn|6
|inactive|the bugcather has 30 seconds left.
|inactive|Direvrau has 30 seconds left.
|inactive|the bugcather has 20 seconds left.
|inactive|the bugcather has 15 seconds left.
|
|t:|1756235938
|move|p2a: Sinistcha|Rage Powder|p2a: Sinistcha
|-singleturn|p2a: Sinistcha|move: Rage Powder
|move|p1b: Annihilape|Rage Fist|p2a: Sinistcha
|-supereffective|p2a: Sinistcha
|-damage|p2a: Sinistcha|11/100
|-damage|p1b: Annihilape|84/100|[from] item: Rocky Helmet|[of] p2a: Sinistcha
|move|p1a: Archaludon|Draco Meteor|p2a: Sinistcha
|-damage|p2a: Sinistcha|0 fnt
|-unboost|p1a: Archaludon|spa|2
|faint|p2a: Sinistcha
|move|p2b: Archaludon|Draco Meteor|p1a: Archaludon|[miss]
|-miss|p2b: Archaludon|p1a: Archaludon
|
|-heal|p1b: Annihilape|90/100|[from] item: Leftovers
|upkeep
|inactive|Direvrau has 30 seconds left.
|
|t:|1756235964
|switch|p2a: Maushold|Maushold, L50|42/100
|turn|7
|
|t:|1756235978
|move|p2a: Maushold|Protect|p2a: Maushold
|-singleturn|p2a: Maushold|Protect
|move|p1b: Annihilape|Protect|p1b: Annihilape
|-singleturn|p1b: Annihilape|Protect
|move|p1a: Archaludon|Body Press|p2b: Archaludon
|-resisted|p2b: Archaludon
|-crit|p2b: Archaludon
|-damage|p2b: Archaludon|11/100
|move|p2b: Archaludon|Body Press|p1a: Archaludon
|-supereffective|p1a: Archaludon
|-damage|p1a: Archaludon|0 fnt
|faint|p1a: Archaludon
|
|-heal|p1b: Annihilape|97/100|[from] item: Leftovers
|upkeep
|
|t:|1756235983
|switch|p1a: Basculegion|Basculegion, L50, M|84/100
|turn|8
|inactive|Direvrau has 30 seconds left.
|inactive|Direvrau has 20 seconds left.
|inactive|Direvrau has 15 seconds left.
|
|t:|1756236024
|switch|p2a: Annihilape|Annihilape, L50, M|100/100
|move|p1a: Basculegion|Wave Crash|p2b: Archaludon
|-damage|p2b: Archaludon|0 fnt
|faint|p2b: Archaludon
|-damage|p1a: Basculegion|81/100|[from] Recoil
|move|p1b: Annihilape|Drain Punch|p2a: Annihilape
|-immune|p2a: Annihilape
|
|-heal|p1b: Annihilape|100/100|[from] item: Leftovers
|upkeep
|
|t:|1756236030
|switch|p2b: Maushold|Maushold, L50|42/100
|turn|9
|
|t:|1756236049
|move|p2b: Maushold|Protect|p2b: Maushold
|-singleturn|p2b: Maushold|Protect
|move|p1a: Basculegion|Wave Crash|p2a: Annihilape
|-damage|p2a: Annihilape|42/100
|-enditem|p2a: Annihilape|Sitrus Berry|[eat]
|-heal|p2a: Annihilape|67/100|[from] item: Sitrus Berry
|-damage|p1a: Basculegion|60/100|[from] Recoil
|move|p1b: Annihilape|Rage Fist|p2a: Annihilape
|-supereffective|p2a: Annihilape
|-damage|p2a: Annihilape|15/100
|move|p2a: Annihilape|Rage Fist|p1a: Basculegion
|-supereffective|p1a: Basculegion
|-damage|p1a: Basculegion|0 fnt
|faint|p1a: Basculegion
|
|upkeep
|turn|10
|inactive|Direvrau has 30 seconds left.
|inactive|Direvrau has 20 seconds left.
|inactive|Direvrau has 15 seconds left.
|
|t:|1756236093
|-terastallize|p1b: Annihilape|Fire
|move|p2b: Maushold|Follow Me|p2b: Maushold
|-singleturn|p2b: Maushold|move: Follow Me
|move|p1b: Annihilape|Drain Punch|p2b: Maushold
|-supereffective|p2b: Maushold
|-damage|p2b: Maushold|0 fnt
|faint|p2b: Maushold
|move|p2a: Annihilape|Rage Fist|p1b: Annihilape
|-damage|p1b: Annihilape|54/100
|
|-heal|p1b: Annihilape|61/100|[from] item: Leftovers
|upkeep
|turn|11
|
|t:|1756236111
|move|p1b: Annihilape|Rage Fist|p2a: Annihilape
|-supereffective|p2a: Annihilape
|-damage|p2a: Annihilape|0 fnt
|faint|p2a: Annihilape
|
|win|the bugcather
||the bugcather is ready for game 2.
||Direvrau is ready for game 2.
|uhtml|next|Next: Game 2 of 3
