|j|☆Traindelpivgc
|j|☆AndrewsWho
|html|TraindelpivgcAndrewsWho    
|uhtml|bestof|Game 2 of a best-of-3
|t:|1756468865
|gametype|doubles
|player|p1|Traindelpivgc|hilbert-wonderlauncher|1156
|player|p2|AndrewsWho|2|1170
|gen|9
|tier|[Gen 9] VGC 2025 Reg H (Bo3)
|rated|
|rule|Species Clause: Limit one of each Pokémon
|rule|Item Clause: Limit 1 of each item
|clearpoke
|poke|p1|Incineroar, L50, M|
|poke|p1|Amoonguss, L50, F|
|poke|p1|Ursaluna-Bloodmoon, L50, M|
|poke|p1|Sneasler, L50, F|
|poke|p1|Gholdengo, L50|
|poke|p1|Dragonite, L50, M|
|poke|p2|Charizard, L50, M|
|poke|p2|Torkoal, L50, F|
|poke|p2|Porygon2, L50|
|poke|p2|Incineroar, L50, F|
|poke|p2|Jumpluff, L50, M|
|poke|p2|Ursaluna, L50, M|
|teampreview|4
|showteam|p1|Incineroar||SafetyGoggles|Intimidate|FlareBlitz,KnockOff,PartingShot,FakeOut|||M|||50|,,,,,Ghost]Amoonguss||SitrusBerry|Regenerator|Spore,RagePowder,PollenPuff,Protect|||F|||50|,,,,,Psychic]Ursaluna-Bloodmoon||AssaultVest|MindsEye|HyperVoice,BloodMoon,EarthPower,VacuumWave|||M|||50|,,,,,Water]Sneasler||FocusSash|Unburden|CloseCombat,DireClaw,ThroatChop,Protect|||F|||50|,,,,,Stellar]Gholdengo||LifeOrb|GoodasGold|MakeItRain,ShadowBall,NastyPlot,Protect||||||50|,,,,,Water]Dragonite||LoadedDice|Multiscale|ScaleShot,Tailwind,Haze,Protect|||M|||50|,,,,,Fairy
|showteam|p2|Charizard||ChoiceSpecs|SolarPower|HeatWave,Overheat,WeatherBall,AirSlash|||M|||50|,,,,,Ghost]Torkoal||EjectPack|Drought|Eruption,Overheat,HelpingHand,Protect|||F|||50|,,,,,Fire]Porygon2||Eviolite|Download|TeraBlast,IceBeam,Recover,TrickRoom||||||50|,,,,,Fighting]Incineroar||SitrusBerry|Intimidate|FlareBlitz,KnockOff,FakeOut,PartingShot|||F|||50|,,,,,Ghost]Jumpluff||CovertCloak|Chlorophyll|SleepPowder,SunnyDay,RagePowder,Tailwind|||M|||50|,,,,,Water]Ursaluna||FlameOrb|Guts|HeadlongRush,Facade,Earthquake,Protect|||M|||50|,,,,,Ghost
|
|t:|1756468888
|teamsize|p1|4
|teamsize|p2|4
|start
|switch|p1a: Ursaluna|Ursaluna-Bloodmoon, L50, M|100/100
|switch|p1b: Dragonite|Dragonite, L50, M|100/100
|switch|p2a: Charizard|Charizard, L50, M|100/100
|switch|p2b: Torkoal|Torkoal, L50, F|100/100
|-weather|SunnyDay|[from] ability: Drought|[of] p2b: Torkoal
|turn|1
|inactive|Battle timer is ON: inactive players will automatically lose when time's up. (requested by Traindelpivgc)
|inactive|Traindelpivgc has 60 seconds left.
|
|t:|1756468927
|-terastallize|p1a: Ursaluna|Water
|move|p2b: Torkoal|Helping Hand|p2a: Charizard
|-singleturn|p2a: Charizard|Helping Hand|[of] p2b: Torkoal
|move|p2a: Charizard|Overheat|p1a: Ursaluna
|-resisted|p1a: Ursaluna
|-damage|p1a: Ursaluna|6/100
|-unboost|p2a: Charizard|spa|2
|move|p1b: Dragonite|Scale Shot|p2a: Charizard
|-damage|p2a: Charizard|77/100
|-damage|p2a: Charizard|57/100
|-damage|p2a: Charizard|35/100
|-damage|p2a: Charizard|15/100
|-hitcount|p2a: Charizard|4
|-unboost|p1b: Dragonite|def|1
|-boost|p1b: Dragonite|spe|1
|move|p1a: Ursaluna|Blood Moon|p2a: Charizard
|-damage|p2a: Charizard|0 fnt
|faint|p2a: Charizard
|
|-weather|SunnyDay|[upkeep]
|upkeep
|
|t:|1756468941
|switch|p2a: Ursaluna|Ursaluna, L50, M|100/100
|turn|2
|
|t:|1756468963
|move|p1b: Dragonite|Scale Shot|p2b: Torkoal
|-damage|p2b: Torkoal|89/100
|-damage|p2b: Torkoal|78/100
|-damage|p2b: Torkoal|66/100
|-damage|p2b: Torkoal|55/100
|-hitcount|p2b: Torkoal|4
|-unboost|p1b: Dragonite|def|1
|-boost|p1b: Dragonite|spe|1
|move|p2a: Ursaluna|Facade|p1b: Dragonite
|-damage|p1b: Dragonite|54/100
|move|p1a: Ursaluna|Hyper Voice|p2a: Ursaluna|[spread] p2a,p2b
|-damage|p2a: Ursaluna|65/100
|-damage|p2b: Torkoal|11/100
|move|p2b: Torkoal|Overheat|p1a: Ursaluna
|-resisted|p1a: Ursaluna
|-damage|p1a: Ursaluna|0 fnt
|-unboost|p2b: Torkoal|spa|2
|faint|p1a: Ursaluna
|-enditem|p2b: Torkoal|Eject Pack
|
|t:|1756468978
|switch|p2b: Jumpluff|Jumpluff, L50, M|100/100
|
|-weather|SunnyDay|[upkeep]
|-status|p2a: Ursaluna|brn|[from] item: Flame Orb
|upkeep
|inactive|Traindelpivgc has 30 seconds left.
|inactive|Traindelpivgc has 20 seconds left.
|
|t:|1756469017
|switch|p1a: Incineroar|Incineroar, L50, M|100/100
|-ability|p1a: Incineroar|Intimidate|boost
|-unboost|p2a: Ursaluna|atk|1
|-unboost|p2b: Jumpluff|atk|1
|turn|3
|
|t:|1756469027
|-terastallize|p2a: Ursaluna|Ghost
|move|p2b: Jumpluff|Sleep Powder|p1b: Dragonite|[miss]
|-miss|p2b: Jumpluff|p1b: Dragonite
|move|p1b: Dragonite|Scale Shot|p2a: Ursaluna
|-damage|p2a: Ursaluna|54/100 brn
|-damage|p2a: Ursaluna|43/100 brn
|-damage|p2a: Ursaluna|31/100 brn
|-damage|p2a: Ursaluna|19/100 brn
|-damage|p2a: Ursaluna|8/100 brn
|-hitcount|p2a: Ursaluna|5
|-unboost|p1b: Dragonite|def|1
|-boost|p1b: Dragonite|spe|1
|move|p2a: Ursaluna|Headlong Rush|p1a: Incineroar
|-supereffective|p1a: Incineroar
|-damage|p1a: Incineroar|0 fnt
|-unboost|p2a: Ursaluna|def|1
|-unboost|p2a: Ursaluna|spd|1
|faint|p1a: Incineroar
|
|-weather|SunnyDay|[upkeep]
|-damage|p2a: Ursaluna|2/100 brn|[from] brn
|upkeep
|
|t:|1756469047
|switch|p1a: Sneasler|Sneasler, L50, F|100/100
|turn|4
|inactive|AndrewsWho has 30 seconds left.
|
|t:|1756469082
|switch|p2a: Torkoal|Torkoal, L50, F|11/100
|move|p2b: Jumpluff|Sleep Powder|p1a: Sneasler
|-status|p1a: Sneasler|slp|[from] move: Sleep Powder
|move|p1b: Dragonite|Scale Shot|p2b: Jumpluff
|-damage|p2b: Jumpluff|83/100
|-damage|p2b: Jumpluff|65/100
|-damage|p2b: Jumpluff|45/100
|-damage|p2b: Jumpluff|26/100
|-damage|p2b: Jumpluff|7/100
|-hitcount|p2b: Jumpluff|5
|-unboost|p1b: Dragonite|def|1
|-boost|p1b: Dragonite|spe|1
|cant|p1a: Sneasler|slp
|
|-weather|SunnyDay|[upkeep]
|upkeep
|turn|5
|inactive|Traindelpivgc has 30 seconds left.
|inactive|AndrewsWho has 30 seconds left.
|inactive|Traindelpivgc has 20 seconds left.
|
|t:|1756469121
|move|p1b: Dragonite|Scale Shot|p2a: Torkoal
|-damage|p2a: Torkoal|0 fnt
|faint|p2a: Torkoal
|-hitcount|p2: Torkoal|1
|-unboost|p1b: Dragonite|def|1
|-boost|p1b: Dragonite|spe|1
|move|p2b: Jumpluff|Tailwind|p2b: Jumpluff
|-sidestart|p2: AndrewsWho|move: Tailwind
|-curestatus|p1a: Sneasler|slp|[msg]
|move|p1a: Sneasler|Dire Claw|p2b: Jumpluff
|-supereffective|p2b: Jumpluff
|-damage|p2b: Jumpluff|0 fnt
|faint|p2b: Jumpluff
|
|-weather|none
|upkeep
|
|t:|1756469125
|switch|p2b: Ursaluna|Ursaluna, L50, M, tera:Ghost|2/100 brn
|turn|6
|-message|AndrewsWho forfeited.
|
|win|Traindelpivgc
|raw|Traindelpivgc's rating: 1156 → 1182(+26 for winning)
|raw|AndrewsWho's rating: 1170 → 1144(-26 for losing)
|l|☆AndrewsWho
|player|p2|
|c|☆Traindelpivgc|gg
