|j|☆Fr3gsy
|j|‽vilan333
|html|Fr3gsyvilan333    
|uhtml|bestof|Game 1 of a best-of-3
|t:|1756328253
|gametype|doubles
|player|p1|Fr3gsy|giovanni|1075
|player|p2|vilan333|marshal|1102
|gen|9
|tier|[Gen 9] VGC 2025 Reg H (Bo3)
|rated|
|rule|Species Clause: Limit one of each Pokémon
|rule|Item Clause: Limit 1 of each item
|clearpoke
|poke|p1|Volcarona, L50, M|
|poke|p1|Sinistcha, L50|
|poke|p1|Maushold, L50|
|poke|p1|Annihilape, L50, M|
|poke|p1|Grimmsnarl, L50, M|
|poke|p1|Rillaboom, L50, M|
|poke|p2|Sneasler, L50, M|
|poke|p2|Indeedee, L50, M|
|poke|p2|Ursaluna-Bloodmoon, L50, M|
|poke|p2|Electabuzz, L50, M|
|poke|p2|Talonflame, L50, F|
|poke|p2|Incineroar, L50, F|
|teampreview|4
|showteam|p1|Volcarona||SitrusBerry|FlameBody|QuiverDance,Protect,HeatWave,TeraBlast|||M|||50|,,,,,Water]Sinistcha||FocusSash|Hospitality|RagePowder,ShadowBall,Protect,MatchaGotcha||||||50|,,,,,Fire]Maushold||SafetyGoggles|FriendGuard|Protect,Taunt,FollowMe,BeatUp||||||50|,,,,,Ghost]Annihilape||Leftovers|Defiant|BulkUp,DrainPunch,RageFist,Protect|||M|||50|,,,,,Fire]Grimmsnarl||LightClay|Prankster|LightScreen,Reflect,SpiritBreak,PartingShot|||M|||50|,,,,,Ghost]Rillaboom||AssaultVest|GrassySurge|FakeOut,Uturn,GrassyGlide,WoodHammer|||M|||50|,,,,,Fire
|showteam|p2|Sneasler||PsychicSeed|Unburden|Protect,CloseCombat,DireClaw,ThroatChop|||M|||50|,,,,,Dark]Indeedee||FocusSash|PsychicSurge|Imprison,TrickRoom,ExpandingForce,TeraBlast|||M|||50|,,,,,Fighting]Ursaluna-Bloodmoon||LifeOrb|MindsEye|Protect,HyperVoice,BloodMoon,EarthPower|||M|||50|,,,,,Normal]Electabuzz||Eviolite|VitalSpirit|Electroweb,Protect,Taunt,FollowMe|||M|||50|,,,,,Ghost]Talonflame||CovertCloak|GaleWings|Tailwind,WillOWisp,DualWingbeat,FlareBlitz|||F|||50|,,,,,Fairy]Incineroar||SafetyGoggles|Intimidate|FakeOut,KnockOff,PartingShot,FlareBlitz|||F|||50|,,,,,Ghost
|
|t:|1756328284
|teamsize|p1|4
|teamsize|p2|4
|start
|switch|p1a: Volcarona|Volcarona, L50, M|100/100
|switch|p1b: Grimmsnarl|Grimmsnarl, L50, M|100/100
|switch|p2a: Sneasler|Sneasler, L50, M|100/100
|switch|p2b: Ursaluna|Ursaluna-Bloodmoon, L50, M|100/100
|turn|1
|
|t:|1756328326
|-terastallize|p2b: Ursaluna|Normal
|move|p1b: Grimmsnarl|Light Screen|p1b: Grimmsnarl
|-sidestart|p1: Fr3gsy|move: Light Screen
|move|p2a: Sneasler|Dire Claw|p1b: Grimmsnarl
|-supereffective|p1b: Grimmsnarl
|-damage|p1b: Grimmsnarl|0 fnt
|faint|p1b: Grimmsnarl
|move|p1a: Volcarona|Quiver Dance|p1a: Volcarona
|-boost|p1a: Volcarona|spa|1
|-boost|p1a: Volcarona|spd|1
|-boost|p1a: Volcarona|spe|1
|move|p2b: Ursaluna|Hyper Voice|p1a: Volcarona
|-damage|p1a: Volcarona|66/100
|-damage|p2b: Ursaluna|91/100|[from] item: Life Orb
|
|upkeep
|
|t:|1756328343
|switch|p1b: Sinistcha|Sinistcha, L50|100/100
|-heal|p1a: Volcarona|91/100|[from] ability: Hospitality|[of] p1b: Sinistcha
|turn|2
|
|t:|1756328365
|switch|p2a: Talonflame|Talonflame, L50, F, shiny|100/100
|move|p2b: Ursaluna|Protect|p2b: Ursaluna
|-singleturn|p2b: Ursaluna|Protect
|move|p1b: Sinistcha|Rage Powder|p1b: Sinistcha
|-singleturn|p1b: Sinistcha|move: Rage Powder
|move|p1a: Volcarona|Quiver Dance|p1a: Volcarona
|-boost|p1a: Volcarona|spa|1
|-boost|p1a: Volcarona|spd|1
|-boost|p1a: Volcarona|spe|1
|
|upkeep
|turn|3
|
|t:|1756328385
|switch|p1b: Rillaboom|Rillaboom, L50, M|100/100
|-fieldstart|move: Grassy Terrain|[from] ability: Grassy Surge|[of] p1b: Rillaboom
|-terastallize|p1a: Volcarona|Water
|move|p2a: Talonflame|Tailwind|p2a: Talonflame
|-sidestart|p2: vilan333|move: Tailwind
|move|p1a: Volcarona|Tera Blast|p2a: Talonflame|[anim] Tera Blast Water
|-supereffective|p2a: Talonflame
|-damage|p2a: Talonflame|0 fnt
|faint|p2a: Talonflame
|move|p2b: Ursaluna|Hyper Voice|p1b: Rillaboom|[spread] p1a,p1b
|-damage|p1a: Volcarona|69/100
|-damage|p1b: Rillaboom|74/100
|-damage|p2b: Ursaluna|81/100|[from] item: Life Orb
|
|-heal|p1a: Volcarona|75/100|[from] Grassy Terrain
|-heal|p2b: Ursaluna|87/100|[from] Grassy Terrain
|-heal|p1b: Rillaboom|80/100|[from] Grassy Terrain
|upkeep
|
|t:|1756328406
|switch|p2a: Sneasler|Sneasler, L50, M|100/100
|turn|4
|
|t:|1756328414
|switch|p2b: Indeedee|Indeedee, L50, M|100/100
|-fieldstart|move: Psychic Terrain|[from] ability: Psychic Surge|[of] p2b: Indeedee
|-enditem|p2a: Sneasler|Psychic Seed
|-boost|p2a: Sneasler|spd|1|[from] item: Psychic Seed
|move|p1b: Rillaboom|Fake Out|p2a: Sneasler
|-activate|p2a: Sneasler|move: Psychic Terrain
|move|p2a: Sneasler|Dire Claw|p1a: Volcarona
|-damage|p1a: Volcarona|35/100
|-status|p1a: Volcarona|psn
|-enditem|p1a: Volcarona|Sitrus Berry|[eat]
|-heal|p1a: Volcarona|60/100 psn|[from] item: Sitrus Berry
|move|p1a: Volcarona|Quiver Dance|p1a: Volcarona
|-boost|p1a: Volcarona|spa|1
|-boost|p1a: Volcarona|spd|1
|-boost|p1a: Volcarona|spe|1
|
|-damage|p1a: Volcarona|47/100 psn|[from] psn
|upkeep
|turn|5
|
|t:|1756328437
|switch|p1b: Sinistcha|Sinistcha, L50|100/100
|-heal|p1a: Volcarona|72/100 psn|[from] ability: Hospitality|[of] p1b: Sinistcha
|move|p2a: Sneasler|Dire Claw|p1a: Volcarona
|-damage|p1a: Volcarona|31/100 psn
|-status|p2a: Sneasler|brn|[from] ability: Flame Body|[of] p1a: Volcarona
|move|p1a: Volcarona|Heat Wave|p2b: Indeedee|[spread] p2b
|-miss|p1a: Volcarona|p2a: Sneasler
|-enditem|p2b: Indeedee|Focus Sash
|-damage|p2b: Indeedee|1/100
|move|p2b: Indeedee|Expanding Force|p1b: Sinistcha|[spread] p1a,p1b
|-damage|p1a: Volcarona|18/100 psn
|-damage|p1b: Sinistcha|55/100
|
|-damage|p1a: Volcarona|6/100 psn|[from] psn
|-damage|p2a: Sneasler|95/100 brn|[from] brn
|upkeep
|turn|6
|
|t:|1756328464
|switch|p1b: Rillaboom|Rillaboom, L50, M|80/100
|-fieldstart|move: Grassy Terrain|[from] ability: Grassy Surge|[of] p1b: Rillaboom
|move|p1a: Volcarona|Protect|p1a: Volcarona
|-singleturn|p1a: Volcarona|Protect
|move|p2a: Sneasler|Dire Claw|p1b: Rillaboom
|-supereffective|p1b: Rillaboom
|-damage|p1b: Rillaboom|47/100
|-status|p1b: Rillaboom|par
|move|p2b: Indeedee|Expanding Force|p1a: Volcarona
|-activate|p1a: Volcarona|move: Protect
|
|-heal|p2a: Sneasler|100/100 brn|[from] Grassy Terrain
|-heal|p1a: Volcarona|12/100 psn|[from] Grassy Terrain
|-heal|p2b: Indeedee|7/100|[from] Grassy Terrain
|-heal|p1b: Rillaboom|53/100 par|[from] Grassy Terrain
|-damage|p1a: Volcarona|0 fnt|[from] psn
|faint|p1a: Volcarona
|-damage|p2a: Sneasler|95/100 brn|[from] brn
|-sideend|p2: vilan333|move: Tailwind
|upkeep
|
|t:|1756328485
|switch|p1a: Sinistcha|Sinistcha, L50|55/100
|-heal|p1b: Rillaboom|78/100 par|[from] ability: Hospitality|[of] p1a: Sinistcha
|turn|7
|
|t:|1756328505
|switch|p2b: Ursaluna|Ursaluna-Bloodmoon, L50, M, tera:Normal|87/100
|move|p2a: Sneasler|Protect|p2a: Sneasler
|-singleturn|p2a: Sneasler|Protect
|cant|p1b: Rillaboom|par
|move|p1a: Sinistcha|Matcha Gotcha|p2a: Sneasler|[spread] p2b
|-activate|p2a: Sneasler|move: Protect
|-damage|p2b: Ursaluna|44/100
|-heal|p1a: Sinistcha|78/100|[from] drain|[of] p2b: Ursaluna
|
|-heal|p2a: Sneasler|100/100 brn|[from] Grassy Terrain
|-heal|p2b: Ursaluna|50/100|[from] Grassy Terrain
|-heal|p1a: Sinistcha|84/100|[from] Grassy Terrain
|-heal|p1b: Rillaboom|84/100 par|[from] Grassy Terrain
|-damage|p2a: Sneasler|95/100 brn|[from] brn
|upkeep
|turn|8
|
|t:|1756328530
|switch|p2a: Indeedee|Indeedee, L50, M|7/100
|-fieldstart|move: Psychic Terrain|[from] ability: Psychic Surge|[of] p2a: Indeedee
|move|p2b: Ursaluna|Blood Moon|p1a: Sinistcha
|-damage|p1a: Sinistcha|0 fnt
|faint|p1a: Sinistcha
|-damage|p2b: Ursaluna|41/100|[from] item: Life Orb
|move|p1b: Rillaboom|Wood Hammer|p2a: Indeedee
|-damage|p2a: Indeedee|0 fnt
|faint|p2a: Indeedee
|-damage|p1b: Rillaboom|82/100 par|[from] Recoil
|
|-sideend|p1: Fr3gsy|move: Light Screen
|upkeep
|
|t:|1756328547
|switch|p2a: Sneasler|Sneasler, L50, M|95/100 brn
|turn|9
|
|t:|1756328554
|move|p2b: Ursaluna|Protect|p2b: Ursaluna
|-singleturn|p2b: Ursaluna|Protect
|move|p2a: Sneasler|Dire Claw|p1b: Rillaboom
|-supereffective|p1b: Rillaboom
|-damage|p1b: Rillaboom|44/100 par
|cant|p1b: Rillaboom|par
|
|-damage|p2a: Sneasler|89/100 brn|[from] brn
|upkeep
|turn|10
|
|t:|1756328568
|move|p2a: Sneasler|Dire Claw|p1b: Rillaboom
|-supereffective|p1b: Rillaboom
|-damage|p1b: Rillaboom|10/100 par
|move|p2b: Ursaluna|Blood Moon|p1b: Rillaboom
|-damage|p1b: Rillaboom|0 fnt
|faint|p1b: Rillaboom
|-damage|p2b: Ursaluna|31/100|[from] item: Life Orb
|
|win|vilan333
||Fr3gsy is ready for game 2.
|inactive|vilan333 has 30 seconds to confirm battle start!
|inactive|vilan333 has 20 seconds to confirm battle start!
