|j|☆failandimprove5
|j|☆booms221
|html|failandimprove5booms221    
|uhtml|bestof|Game 1 of a best-of-3
|t:|1784571465
|gametype|doubles
|player|p1|failandimprove5|2|1340
|player|p2|booms221|170|1300
|gen|9
|tier|[Gen 9 Champions] VGC 2026 Reg M-B (Bo3)
|rated|
|rule|Species Clause: Limit one of each Pokémon
|rule|Item Clause: Limit 1 of each item
|clearpoke
|poke|p1|Kingambit, L50, M|
|poke|p1|Sneasler, L50, F|
|poke|p1|Froslass, L50, F|
|poke|p1|Lycanroc-Dusk, L50, F|
|poke|p1|Basculegion, L50, M|
|poke|p1|Scovillain, L50, F|
|poke|p2|Charizard, L50, F|
|poke|p2|Venusaur, L50, M|
|poke|p2|Toxapex, L50, M|
|poke|p2|Garchomp, L50, F|
|poke|p2|Annihilape, L50, M|
|poke|p2|Incineroar, L50, M|
|teampreview|4
|showteam|p1|Kingambit||LifeOrb|Defiant|KowtowCleave,SuckerPunch,SwordsDance,Protect|Adamant||M|||50|]Sneasler||WhiteHerb|Unburden|FakeOut,CloseCombat,GunkShot,Protect|Adamant||F|||50|]Froslass||Froslassite|SnowCloak|Blizzard,AuroraVeil,ShadowBall,Protect|Timid||F|||50|]Lycanroc-Dusk||FocusSash|ToughClaws|CloseCombat,RockSlide,Accelerock,Protect|Adamant||F|||50|]Basculegion||SitrusBerry|Adaptability|LastRespects,AquaJet,WaveCrash,Protect|Adamant||M|||50|]Scovillain||Scovillainite|Moody|Overheat,GigaDrain,RagePowder,Protect|Bold||F|||50|
|showteam|p2|Charizard||CharizarditeY|Blaze|HeatWave,WeatherBall,HelpingHand,Protect|Modest||F|||50|]Venusaur||LifeOrb|Chlorophyll|SolarBeam,EarthPower,SleepPowder,SludgeBomb|Modest||M|||50|]Toxapex||Leftovers|Regenerator|Toxic,Infestation,WideGuard,BanefulBunker|Bold||M|||50|]Garchomp||ChoiceScarf|RoughSkin|Earthquake,StompingTantrum,DragonClaw,RockSlide|Adamant||F|||50|]Annihilape||FocusSash|Defiant|CloseCombat,PhantomForce,RockTomb,Protect|Jolly||M|||50|]Incineroar||SitrusBerry|Intimidate|FlareBlitz,FakeOut,PartingShot,ThroatChop|Adamant||M|||50|
|
|t:|1784571503
|teamsize|p1|4
|teamsize|p2|4
|start
|switch|p1a: Kingambit|Kingambit, L50, M|100/100
|switch|p1b: Sneasler|Sneasler, L50, F|100/100
|switch|p2a: Charizard|Charizard, L50, F|100/100
|switch|p2b: Venusaur|Venusaur, L50, M|100/100
|turn|1
|
|t:|1784571541
|detailschange|p2a: Charizard|Charizard-Mega-Y, L50, F
|-mega|p2a: Charizard|Charizard|Charizardite Y
|-weather|SunnyDay|[from] ability: Drought|[of] p2a: Charizard
|move|p2a: Charizard|Protect|p2a: Charizard
|-singleturn|p2a: Charizard|Protect
|move|p1a: Kingambit|Sucker Punch||[still]
|-fail|p1a: Kingambit
|move|p2b: Venusaur|Earth Power|p1b: Sneasler
|-supereffective|p1b: Sneasler|1
|-damage|p1b: Sneasler|11/100
|-damage|p2b: Venusaur|90/100|[from] item: Life Orb
|move|p1b: Sneasler|Gunk Shot|p2a: Charizard
|-activate|p2a: Charizard|move: Protect
|
|-weather|SunnyDay|[upkeep]
|upkeep
|turn|2
|
|t:|1784571570
|switch|p2a: Garchomp|Garchomp, L50, F|100/100
|move|p1a: Kingambit|Protect|p1a: Kingambit
|-singleturn|p1a: Kingambit|Protect
|move|p2b: Venusaur|Sleep Powder|p1a: Kingambit
|-activate|p1a: Kingambit|move: Protect
|move|p1b: Sneasler|Gunk Shot|p2a: Garchomp
|-resisted|p2a: Garchomp|1
|-crit|p2a: Garchomp
|-damage|p2a: Garchomp|52/100
|-status|p2a: Garchomp|psn
|
|-weather|SunnyDay|[upkeep]
|-damage|p2a: Garchomp|40/100 psn|[from] psn
|upkeep
|turn|3
|
|t:|1784571601
|move|p1a: Kingambit|Sucker Punch|p2a: Garchomp
|-damage|p2a: Garchomp|0 fnt
|-damage|p1a: Kingambit|87/100|[from] ability: Rough Skin|[of] p2a: Garchomp
|faint|p2a: Garchomp
|-damage|p1a: Kingambit|78/100|[from] item: Life Orb
|move|p2b: Venusaur|Sleep Powder|p1a: Kingambit
|-status|p1a: Kingambit|slp|[from] move: Sleep Powder
|move|p1b: Sneasler|Close Combat|p2b: Venusaur
|-resisted|p2b: Venusaur|1
|-damage|p2b: Venusaur|55/100
|-unboost|p1b: Sneasler|def|1
|-unboost|p1b: Sneasler|spd|1
|-enditem|p1b: Sneasler|White Herb
|-clearnegativeboost|p1b: Sneasler|[silent]
|
|-weather|SunnyDay|[upkeep]
|upkeep
|
|t:|1784571607
|switch|p2a: Charizard|Charizard-Mega-Y, L50, F|100/100
|turn|4
|
|t:|1784571622
|move|p1b: Sneasler|Protect|p1b: Sneasler
|-singleturn|p1b: Sneasler|Protect
|cant|p1a: Kingambit|slp
|move|p2b: Venusaur|Solar Beam||[still]
|-prepare|p2b: Venusaur|Solar Beam
|-anim|p2b: Venusaur|Solar Beam|p1a: Kingambit
|-resisted|p1a: Kingambit|1
|-damage|p1a: Kingambit|43/100 slp
|-damage|p2b: Venusaur|46/100|[from] item: Life Orb
|move|p2a: Charizard|Heat Wave|p1a: Kingambit|[spread] p1a
|-activate|p1b: Sneasler|move: Protect
|-supereffective|p1a: Kingambit|1
|-damage|p1a: Kingambit|0 fnt
|faint|p1a: Kingambit
|
|-weather|SunnyDay|[upkeep]
|upkeep
|
|t:|1784571624
|switch|p1a: Lycanroc|Lycanroc-Dusk, L50, F|100/100
|turn|5
|
|t:|1784571644
|switch|p2b: Annihilape|Annihilape, L50, M|100/100
|move|p2a: Charizard|Protect|p2a: Charizard
|-singleturn|p2a: Charizard|Protect
|move|p1a: Lycanroc|Accelerock|p2a: Charizard
|-activate|p2a: Charizard|move: Protect
|move|p1b: Sneasler|Gunk Shot|p2b: Annihilape
|-resisted|p2b: Annihilape|1
|-damage|p2b: Annihilape|64/100
|-status|p2b: Annihilape|psn
|
|-weather|none
|-damage|p2b: Annihilape|51/100 psn|[from] psn
|upkeep
|turn|6
|
|t:|1784571656
|switch|p2a: Venusaur|Venusaur, L50, M|46/100
|move|p1b: Sneasler|Close Combat|p2a: Venusaur
|-resisted|p2a: Venusaur|1
|-crit|p2a: Venusaur
|-damage|p2a: Venusaur|0 fnt
|-unboost|p1b: Sneasler|def|1
|-unboost|p1b: Sneasler|spd|1
|faint|p2a: Venusaur
|move|p1a: Lycanroc|Rock Slide|p2b: Annihilape
|-resisted|p2b: Annihilape|1
|-damage|p2b: Annihilape|29/100 psn
|cant|p2b: Annihilape|flinch
|
|-damage|p2b: Annihilape|17/100 psn|[from] psn
|upkeep
|-message|booms221 forfeited.
|
|win|failandimprove5
