|j|☆Professor_J93
|j|☆james de la jungla
|html|Professor_J93james de la jungla    
|uhtml|bestof|Game 2 of a best-of-3
|t:|1783524226
|gametype|doubles
|player|p1|Professor_J93|n|1288
|player|p2|james de la jungla|169|1258
|gen|9
|tier|[Gen 9 Champions] VGC 2026 Reg M-B (Bo3)
|rated|
|rule|Species Clause: Limit one of each Pokémon
|rule|Item Clause: Limit 1 of each item
|clearpoke
|poke|p1|Aerodactyl, L50, F|
|poke|p1|Sylveon, L50, M, shiny|
|poke|p1|Kingambit, L50, M|
|poke|p1|Farigiraf, L50, F|
|poke|p1|Garchomp, L50, M|
|poke|p1|Charizard, L50, F|
|poke|p2|Farigiraf, L50, F|
|poke|p2|Kingambit, L50, F|
|poke|p2|Charizard, L50, M|
|poke|p2|Aerodactyl, L50, M|
|poke|p2|Sylveon, L50, F|
|poke|p2|Garchomp, L50, M|
|teampreview|4
|showteam|p1|Aerodactyl||Aerodactylite|Unnerve|RockSlide,IceFang,Tailwind,DualWingbeat|Jolly||F|||50|]Sylveon||FairyFeather|Pixilate|HyperVoice,QuickAttack,HyperBeam,Protect|Modest||M|||50|]Kingambit||FocusSash|Defiant|SuckerPunch,KowtowCleave,IronHead,LowKick|Adamant||M|||50|]Farigiraf||SitrusBerry|ArmorTail|TwinBeam,Thunderbolt,TrickRoom,Protect|Bold||F|||50|]Garchomp||LifeOrb|RoughSkin|Earthquake,DragonClaw,RockSlide,Protect|Jolly||M|||50|]Charizard||CharizarditeY|Blaze|WeatherBall,HeatWave,SolarBeam,Protect|Modest||F|||50|
|showteam|p2|Farigiraf||SitrusBerry|ArmorTail|Roar,TrickRoom,Thunderbolt,TwinBeam|Bold||F|||50|]Kingambit||FocusSash|Defiant|IronHead,LowKick,SuckerPunch,KowtowCleave|Adamant||F|||50|]Charizard||CharizarditeY|SolarPower|Protect,WeatherBall,SolarBeam,HeatWave|Bold||M|||50|]Aerodactyl||Aerodactylite|Unnerve|IceFang,Tailwind,RockSlide,DualWingbeat|Jolly||M|||50|]Sylveon||FairyFeather|Pixilate|Protect,HyperBeam,QuickAttack,HyperVoice|Modest||F|||50|]Garchomp||LifeOrb|RoughSkin|Protect,Earthquake,DragonClaw,StompingTantrum|Jolly||M|||50|
|
|t:|1783524272
|teamsize|p1|4
|teamsize|p2|4
|start
|switch|p1a: Aerodactyl|Aerodactyl, L50, F|100/100
|switch|p1b: Kingambit|Kingambit, L50, M|100/100
|switch|p2a: Aerodactyl|Aerodactyl, L50, M|100/100
|switch|p2b: Kingambit|Kingambit, L50, F|100/100
|-ability|p1a: Aerodactyl|Unnerve
|-ability|p2a: Aerodactyl|Unnerve
|turn|1
|
|t:|1783524283
|detailschange|p2a: Aerodactyl|Aerodactyl-Mega, L50, M
|-mega|p2a: Aerodactyl|Aerodactyl|Aerodactylite
|detailschange|p1a: Aerodactyl|Aerodactyl-Mega, L50, F
|-mega|p1a: Aerodactyl|Aerodactyl|Aerodactylite
|move|p1a: Aerodactyl|Tailwind|p1a: Aerodactyl
|-sidestart|p1: Professor_J93|move: Tailwind
|move|p2a: Aerodactyl|Tailwind|p2a: Aerodactyl
|-sidestart|p2: james de la jungla|move: Tailwind
|move|p2b: Kingambit|Iron Head|p1a: Aerodactyl
|-supereffective|p1a: Aerodactyl|1
|-damage|p1a: Aerodactyl|0 fnt
|faint|p1a: Aerodactyl
|move|p1b: Kingambit|Low Kick|p2b: Kingambit
|-supereffective|p2b: Kingambit|2
|-enditem|p2b: Kingambit|Focus Sash
|-damage|p2b: Kingambit|1/100
|
|upkeep
|
|t:|1783524291
|switch|p1a: Sylveon|Sylveon, L50, M, shiny|100/100
|turn|2
|
|t:|1783524298
|switch|p2a: Farigiraf|Farigiraf, L50, F|100/100
|move|p2b: Kingambit|Low Kick|p1b: Kingambit
|-supereffective|p1b: Kingambit|2
|-enditem|p1b: Kingambit|Focus Sash
|-damage|p1b: Kingambit|1/100
|move|p1b: Kingambit|Iron Head|p2a: Farigiraf
|-damage|p2a: Farigiraf|63/100
|move|p1a: Sylveon|Hyper Voice|p2a: Farigiraf|[spread] p2a,p2b
|-damage|p2a: Farigiraf|23/100
|-damage|p2b: Kingambit|0 fnt
|-enditem|p2a: Farigiraf|Sitrus Berry|[eat]
|-heal|p2a: Farigiraf|48/100|[from] item: Sitrus Berry
|faint|p2b: Kingambit
|
|upkeep
|
|t:|1783524313
|switch|p2b: Sylveon|Sylveon, L50, F|100/100
|turn|3
|
|t:|1783524327
|move|p2b: Sylveon|Protect|p2b: Sylveon
|-singleturn|p2b: Sylveon|Protect
|move|p1b: Kingambit|Kowtow Cleave|p2a: Farigiraf
|-supereffective|p2a: Farigiraf|1
|-damage|p2a: Farigiraf|0 fnt
|faint|p2a: Farigiraf
|move|p1a: Sylveon|Hyper Voice|p2b: Sylveon
|-activate|p2b: Sylveon|move: Protect
|
|upkeep
|
|t:|1783524332
|switch|p2a: Aerodactyl|Aerodactyl-Mega, L50, M|100/100
|turn|4
|
|t:|1783524350
|move|p2a: Aerodactyl|Rock Slide|p1a: Sylveon|[spread] p1a,p1b
|-resisted|p1b: Kingambit|1
|-damage|p1a: Sylveon|69/100
|-damage|p1b: Kingambit|0 fnt
|faint|p1b: Kingambit
|move|p1a: Sylveon|Hyper Beam|p2a: Aerodactyl
|-damage|p2a: Aerodactyl|0 fnt
|-mustrecharge|p1a: Sylveon
|faint|p2a: Aerodactyl
|move|p2b: Sylveon|Hyper Beam|p1a: Sylveon
|-damage|p1a: Sylveon|0 fnt
|-mustrecharge|p2b: Sylveon
|faint|p1a: Sylveon
|
|-sideend|p2: james de la jungla|move: Tailwind
|-sideend|p1: Professor_J93|move: Tailwind
|upkeep
|
|t:|1783524353
|switch|p1b: Garchomp|Garchomp, L50, M|100/100
|turn|5
|
|t:|1783524355
|move|p1b: Garchomp|Earthquake|p2b: Sylveon
|-damage|p2b: Sylveon|20/100y
|-damage|p1b: Garchomp|90/100|[from] item: Life Orb
|cant|p2b: Sylveon|recharge
|
|upkeep
|turn|6
|c|☆Professor_J93|gg
|c|☆james de la jungla|what velocity is your sylveon?
|c|☆Professor_J93|91 speed
|c|☆james de la jungla|xd
|c|☆james de la jungla|for mirror or what
|
|t:|1783524401
|move|p1b: Garchomp|Earthquake|p2b: Sylveon
|-damage|p2b: Sylveon|0 fnt
|faint|p2b: Sylveon
|-damage|p1b: Garchomp|80/100|[from] item: Life Orb
|
|win|Professor_J93
|raw|Professor_J93's rating: 1288 → 1311(+23 for winning)
|raw|james de la jungla's rating: 1258 → 1235(-23 for losing)
|c|☆Professor_J93|yeah for mirror
|l|☆james de la jungla
|player|p2|
