|j|☆tavinn_n
|j|☆natsukivgc
|html|tavinn_nnatsukivgc    
|uhtml|bestof|Game 1 of a best-of-3
|t:|1785924466
|gametype|doubles
|player|p1|tavinn_n|ghetsis|1159
|player|p2|natsukivgc|169|1222
|gen|9
|tier|[Gen 9 Champions] VGC 2026 Reg M-B (Bo3)
|rated|
|rule|Species Clause: Limit one of each Pokémon
|rule|Item Clause: Limit 1 of each item
|clearpoke
|poke|p1|Kingambit, L50, F|
|poke|p1|Sneasler, L50, M|
|poke|p1|Floette-Eternal, L50, F|
|poke|p1|Sinistcha, L50|
|poke|p1|Delphox, L50, M|
|poke|p1|Incineroar, L50, F|
|poke|p2|Hydreigon, L50, F|
|poke|p2|Garchomp, L50, F|
|poke|p2|Metagross, L50|
|poke|p2|Charizard, L50, F|
|poke|p2|Grimmsnarl, L50, M|
|poke|p2|Toxapex, L50, F|
|teampreview|4
|showteam|p1|Kingambit||LifeOrb|Defiant|Protect,SwordsDance,KowtowCleave,SuckerPunch|Adamant||F|||50|]Sneasler||FocusSash|PoisonTouch|QuickGuard,FakeOut,CloseCombat,PoisonJab|Jolly||M|||50|]Floette-Eternal||Floettite|FlowerVeil|Moonblast,DrainingKiss,CalmMind,Protect|Modest||F|||50|]Sinistcha||ColburBerry|Hospitality|MatchaGotcha,RagePowder,LifeDew,Protect|Bold|||||50|]Delphox||Delphoxite|Blaze|HeatWave,Psyshock,NastyPlot,Protect|Timid||M|||50|]Incineroar||SitrusBerry|Intimidate|PartingShot,FakeOut,ThroatChop,FlareBlitz|Adamant||F|||50|
|showteam|p2|Hydreigon||ChoiceScarf|Levitate|HeatWave,DarkPulse,DracoMeteor,Snarl|Modest||F|||50|]Garchomp||SitrusBerry|RoughSkin|Earthquake,RockSlide,DragonClaw,Protect|Adamant||F|||50|]Metagross||Metagrossite|ClearBody|IronHead,HammerArm,BulletPunch,Protect|Adamant|||||50|]Charizard||CharizarditeY|Blaze|Protect,HeatWave,SolarBeam,WeatherBall|Timid||F|||50|]Grimmsnarl||RoseliBerry|Prankster|FakeOut,FoulPlay,Reflect,PartingShot|Sassy||M|||50|]Toxapex||Leftovers|Regenerator|Infestation,Toxic,BanefulBunker,WideGuard|Bold||F|||50|
|inactive|Battle timer is ON: inactive players will automatically lose when time's up. (requested by tavinn_n)
|inactive|natsukivgc has 60 seconds left.
|inactive|tavinn_n has 60 seconds left.
|inactive|natsukivgc has 30 seconds left.
|inactive|natsukivgc has 20 seconds left.
|inactive|natsukivgc has 15 seconds left.
|inactive|natsukivgc has 10 seconds left.
|inactive|natsukivgc has 5 seconds left.
|
|t:|1785924556
|teamsize|p1|4
|teamsize|p2|4
|start
|switch|p1a: Delphox|Delphox, L50, M|100/100
|switch|p1b: Sneasler|Sneasler, L50, M|100/100
|switch|p2a: Hydreigon|Hydreigon, L50, F|100/100
|switch|p2b: Garchomp|Garchomp, L50, F|100/100
|turn|1
|inactive|tavinn_n has 30 seconds left.
|inactive|natsukivgc has 30 seconds left.
|inactive|tavinn_n has 20 seconds left.
|inactive|natsukivgc has 20 seconds left.
|inactive|tavinn_n has 15 seconds left.
|inactive|natsukivgc has 15 seconds left.
|inactive|tavinn_n has 10 seconds left.
|inactive|natsukivgc has 10 seconds left.
|inactive|tavinn_n has 5 seconds left.
|inactive|natsukivgc has 5 seconds left.
|
|t:|1785924611
|switch|p1a: Floette|Floette-Eternal, L50, F|100/100
|move|p1b: Sneasler|Fake Out|p2a: Hydreigon
|-damage|p2a: Hydreigon|84/100
|cant|p2a: Hydreigon|flinch
|move|p2b: Garchomp|Earthquake|p1a: Floette|[spread] p1a,p1b
|-immune|p2a: Hydreigon|[from] ability: Levitate
|-supereffective|p1b: Sneasler|1
|-damage|p1a: Floette|52/100
|-enditem|p1b: Sneasler|Focus Sash
|-damage|p1b: Sneasler|1/100
|
|upkeep
|turn|2
|inactive|natsukivgc has 30 seconds left.
|inactive|natsukivgc has 20 seconds left.
|inactive|natsukivgc has 15 seconds left.
|inactive|natsukivgc has 10 seconds left.
|inactive|natsukivgc has 5 seconds left.
|
|t:|1785924666
|switch|p1b: Incineroar|Incineroar, L50, F|100/100
|-ability|p1b: Incineroar|Intimidate|boost
|-unboost|p2a: Hydreigon|atk|1
|-unboost|p2b: Garchomp|atk|1
|detailschange|p1a: Floette|Floette-Mega, L50, F
|-mega|p1a: Floette|Floette|Floettite
|-ability|p1a: Floette|Fairy Aura
|move|p1a: Floette|Protect|p1a: Floette
|-singleturn|p1a: Floette|Protect
|move|p2a: Hydreigon|Heat Wave|p1a: Floette|[spread] p1b
|-activate|p1a: Floette|move: Protect
|-resisted|p1b: Incineroar|1
|-damage|p1b: Incineroar|89/100
|move|p2b: Garchomp|Earthquake|p1a: Floette|[spread] p1b
|-activate|p1a: Floette|move: Protect
|-immune|p2a: Hydreigon|[from] ability: Levitate
|-supereffective|p1b: Incineroar|1
|-damage|p1b: Incineroar|43/100
|-enditem|p1b: Incineroar|Sitrus Berry|[eat]
|-heal|p1b: Incineroar|68/100|[from] item: Sitrus Berry
|
|upkeep
|turn|3
|inactive|natsukivgc has 30 seconds left.
|
|t:|1785924697
|move|p1b: Incineroar|Fake Out|p2a: Hydreigon
|-damage|p2a: Hydreigon|71/100
|cant|p2a: Hydreigon|flinch
|move|p1a: Floette|Calm Mind|p1a: Floette
|-boost|p1a: Floette|spa|1
|-boost|p1a: Floette|spd|1
|move|p2b: Garchomp|Rock Slide|p1a: Floette|[spread] p1a,p1b
|-supereffective|p1b: Incineroar|1
|-damage|p1a: Floette|38/100
|-damage|p1b: Incineroar|44/100
|
|upkeep
|turn|4
|
|t:|1785924716
|move|p2a: Hydreigon|Heat Wave|p1a: Floette|[spread] p1a,p1b
|-resisted|p1b: Incineroar|1
|-damage|p1a: Floette|24/100
|-damage|p1b: Incineroar|32/100
|move|p1a: Floette|Draining Kiss|p2b: Garchomp
|-supereffective|p2b: Garchomp|1
|-damage|p2b: Garchomp|0 fnt
|-heal|p1a: Floette|100/100|[from] drain|[of] p2b: Garchomp
|-damage|p1a: Floette|87/100|[from] ability: Rough Skin|[of] p2b: Garchomp
|faint|p2b: Garchomp
|move|p1b: Incineroar|Parting Shot|p2a: Hydreigon
|-unboost|p2a: Hydreigon|atk|1
|-unboost|p2a: Hydreigon|spa|1
|
|t:|1785924724
|switch|p1b: Sneasler|Sneasler, L50, M|1/100|[from] Parting Shot
|
|upkeep
|
|t:|1785924735
|switch|p2b: Metagross|Metagross, L50|100/100
|turn|5
|
|t:|1785924753
|detailschange|p2b: Metagross|Metagross-Mega, L50
|-mega|p2b: Metagross|Metagross|Metagrossite
|move|p1b: Sneasler|Fake Out|p2b: Metagross
|-resisted|p2b: Metagross|1
|-damage|p2b: Metagross|95/100
|cant|p2b: Metagross|flinch
|move|p2a: Hydreigon|Heat Wave|p1a: Floette|[spread] p1a,p1b
|-damage|p1a: Floette|78/100
|-damage|p1b: Sneasler|0 fnt
|faint|p1b: Sneasler
|move|p1a: Floette|Moonblast|p2a: Hydreigon
|-supereffective|p2a: Hydreigon|2
|-damage|p2a: Hydreigon|0 fnt
|faint|p2a: Hydreigon
|
|upkeep
|
|t:|1785924765
|switch|p1b: Incineroar|Incineroar, L50, F|32/100
|switch|p2a: Charizard|Charizard, L50, F|100/100
|-ability|p1b: Incineroar|Intimidate|boost
|-unboost|p2a: Charizard|atk|1
|-unboost|p2b: Metagross|atk|1
|turn|6
|inactive|tavinn_n has 30 seconds left.
|
|t:|1785924795
|move|p2b: Metagross|Protect|p2b: Metagross
|-singleturn|p2b: Metagross|Protect
|move|p1b: Incineroar|Fake Out|p2b: Metagross
|-activate|p2b: Metagross|move: Protect
|move|p2a: Charizard|Heat Wave|p1b: Incineroar|[spread] p1b
|-miss|p2a: Charizard|p1a: Floette
|-resisted|p1b: Incineroar|1
|-damage|p1b: Incineroar|20/100y
|move|p1a: Floette|Calm Mind|p1a: Floette
|-boost|p1a: Floette|spa|1
|-boost|p1a: Floette|spd|1
|
|upkeep
|turn|7
|c|☆natsukivgc|sorry i was in the bathroom
|inactive|natsukivgc has 30 seconds left.
|
|t:|1785924823
|switch|p1b: Delphox|Delphox, L50, M|100/100
|move|p1a: Floette|Protect|p1a: Floette
|-singleturn|p1a: Floette|Protect
|move|p2a: Charizard|Heat Wave|p1b: Delphox|[spread] p1b
|-activate|p1a: Floette|move: Protect
|-resisted|p1b: Delphox|1
|-damage|p1b: Delphox|86/100
|move|p2b: Metagross|Iron Head|p1a: Floette
|-activate|p1a: Floette|move: Protect
|
|upkeep
|turn|8
|-message|natsukivgc forfeited.
|
|win|tavinn_n
