|j|☆buf33 scizorfanboy
|j|☆washingtongargacha
|html|buf33 scizorfanboywashingtongargacha    
|uhtml|bestof|Game 2 of a best-of-3
|t:|1756856418
|gametype|doubles
|player|p1|buf33 scizorfanboy|cynthia-gen4|1347
|player|p2|washingtongargacha|102|1206
|gen|9
|tier|[Gen 9] VGC 2025 Reg H (Bo3)
|rated|
|rule|Species Clause: Limit one of each Pokémon
|rule|Item Clause: Limit 1 of each item
|clearpoke
|poke|p1|Kingambit, L50, F|
|poke|p1|Basculegion, L50, M|
|poke|p1|Rillaboom, L50, M|
|poke|p1|Sneasler, L50, F|
|poke|p1|Ninetales-Alola, L50, F|
|poke|p1|Magmar, L50, M|
|poke|p2|Talonflame, L50, M|
|poke|p2|Gholdengo, L50|
|poke|p2|Dragonite, L50, M|
|poke|p2|Archaludon, L50, F|
|poke|p2|Tyranitar, L50, M|
|poke|p2|Garchomp, L50, F|
|teampreview|4
|showteam|p1|Kingambit||SafetyGoggles|Defiant|Protect,KowtowCleave,SuckerPunch,SwordsDance|||F|||50|,,,,,Dark]Basculegion||ChoiceScarf|Adaptability|WaveCrash,LastRespects,AquaJet,FlipTurn|||M|||50|,,,,,Grass]Rillaboom||AssaultVest|GrassySurge|WoodHammer,GrassyGlide,Uturn,FakeOut|||M|||50|,,,,,Fire]Sneasler||FocusSash|Unburden|Protect,DireClaw,CloseCombat,FakeOut|||F|||50|,,,,,Stellar]Ninetales-Alola||NeverMeltIce|SnowWarning|Protect,Blizzard,FreezeDry,Encore|||F|||50|,,,,,Ghost]Magmar||Eviolite|VitalSpirit|Protect,HeatWave,Taunt,FollowMe|||M|||50|,,,,,Ghost
|showteam|p2|Talonflame||CovertCloak|GaleWings|Tailwind,BraveBird,Taunt,WillOWisp|||M|||50|,,,,,Ghost]Gholdengo||ChoiceSpecs|GoodasGold|MakeItRain,SteelBeam,ShadowBall,PowerGem||||||50|,,,,,Steel]Dragonite||LoadedDice|Multiscale|ScaleShot,IceSpinner,Haze,Protect|||M|||50|,,,,,Steel]Archaludon||PowerHerb|Sturdy|FlashCannon,ElectroShot,DracoMeteor,Protect|||F|||50|,,,,,Flying]Tyranitar||AssaultVest|SandStream|KnockOff,RockSlide,TeraBlast,LowKick|||M|||50|,,,,,Flying]Garchomp||LifeOrb|RoughSkin|DragonClaw,StompingTantrum,Earthquake,Protect|||F|||50|,,,,,Steel
|inactive|Battle timer is ON: inactive players will automatically lose when time's up. (requested by buf33 scizorfanboy)
|inactive|buf33 scizorfanboy has 60 seconds left.
|
|t:|1756856450
|teamsize|p1|4
|teamsize|p2|4
|start
|switch|p1a: Ninetales|Ninetales-Alola, L50, F|100/100
|switch|p1b: Magmar|Magmar, L50, M|100/100
|switch|p2a: Talonflame|Talonflame, L50, M|100/100
|switch|p2b: Garchomp|Garchomp, L50, F|100/100
|-weather|Snowscape|[from] ability: Snow Warning|[of] p1a: Ninetales
|turn|1
|
|t:|1756856468
|-terastallize|p2b: Garchomp|Steel
|-terastallize|p1b: Magmar|Ghost
|move|p2a: Talonflame|Tailwind|p2a: Talonflame
|-sidestart|p2: washingtongargacha|move: Tailwind
|move|p2b: Garchomp|Earthquake|p1b: Magmar|[spread] p1a,p1b
|-immune|p2a: Talonflame
|-damage|p1a: Ninetales|52/100
|-damage|p1b: Magmar|60/100
|-damage|p2b: Garchomp|91/100|[from] item: Life Orb
|move|p1a: Ninetales|Blizzard|p2a: Talonflame|[spread] p2a,p2b
|-resisted|p2b: Garchomp
|-damage|p2a: Talonflame|52/100
|-damage|p2b: Garchomp|70/100
|move|p1b: Magmar|Heat Wave|p2b: Garchomp|[spread] p2a,p2b
|-resisted|p2a: Talonflame
|-supereffective|p2b: Garchomp
|-damage|p2a: Talonflame|36/100
|-damage|p2b: Garchomp|17/100
|
|-weather|Snowscape|[upkeep]
|upkeep
|turn|2
|
|t:|1756856489
|switch|p2b: Tyranitar|Tyranitar, L50, M|100/100
|-weather|Sandstorm|[from] ability: Sand Stream|[of] p2b: Tyranitar
|move|p1b: Magmar|Follow Me|p1b: Magmar
|-singleturn|p1b: Magmar|move: Follow Me
|move|p2a: Talonflame|Taunt|p1b: Magmar
|-start|p1b: Magmar|move: Taunt
|move|p1a: Ninetales|Blizzard|p2a: Talonflame|[spread] p2a,p2b
|-damage|p2a: Talonflame|0 fnt
|-damage|p2b: Tyranitar|87/100
|faint|p2a: Talonflame
|
|-weather|Sandstorm|[upkeep]
|-damage|p1a: Ninetales|46/100|[from] Sandstorm
|-damage|p1b: Magmar|54/100|[from] Sandstorm
|upkeep
|
|t:|1756856504
|switch|p2a: Gholdengo|Gholdengo, L50|100/100
|turn|3
|
|t:|1756856518
|switch|p1b: Kingambit|Kingambit, L50, F|100/100
|move|p1a: Ninetales|Protect|p1a: Ninetales
|-singleturn|p1a: Ninetales|Protect
|move|p2a: Gholdengo|Make It Rain|p1b: Kingambit|[spread] p1b
|-activate|p1a: Ninetales|move: Protect
|-resisted|p1b: Kingambit
|-damage|p1b: Kingambit|67/100
|-unboost|p2a: Gholdengo|spa|1
|move|p2b: Tyranitar|Rock Slide|p1b: Kingambit|[spread] p1b
|-activate|p1a: Ninetales|move: Protect
|-resisted|p1b: Kingambit
|-damage|p1b: Kingambit|55/100
|
|-weather|Sandstorm|[upkeep]
|-damage|p1a: Ninetales|40/100|[from] Sandstorm
|upkeep
|turn|4
|
|t:|1756856542
|switch|p2a: Garchomp|Garchomp, L50, F, tera:Steel|17/100
|move|p1b: Kingambit|Sucker Punch||[still]
|-fail|p1b: Kingambit
|move|p2b: Tyranitar|Low Kick|p1b: Kingambit
|-supereffective|p1b: Kingambit
|-damage|p1b: Kingambit|0 fnt
|faint|p1b: Kingambit
|move|p1a: Ninetales|Blizzard|p2a: Garchomp|[spread] p2a,p2b
|-resisted|p2a: Garchomp
|-damage|p2a: Garchomp|0 fnt
|-damage|p2b: Tyranitar|73/100
|faint|p2a: Garchomp
|
|-weather|Sandstorm|[upkeep]
|-damage|p1a: Ninetales|34/100|[from] Sandstorm
|-sideend|p2: washingtongargacha|move: Tailwind
|upkeep
|
|t:|1756856561
|switch|p2a: Gholdengo|Gholdengo, L50|100/100
|switch|p1b: Basculegion|Basculegion, L50, M|100/100
|turn|5
|inactive|buf33 scizorfanboy has 30 seconds left.
|inactive|buf33 scizorfanboy has 20 seconds left.
|inactive|buf33 scizorfanboy has 15 seconds left.
|inactive|buf33 scizorfanboy has 10 seconds left.
|inactive|buf33 scizorfanboy has 5 seconds left.
|
|t:|1756856611
|switch|p1a: Magmar|Magmar, L50, M, tera:Ghost|54/100
|move|p1b: Basculegion|Wave Crash|p2b: Tyranitar
|-supereffective|p2b: Tyranitar
|-damage|p2b: Tyranitar|0 fnt
|faint|p2b: Tyranitar
|-damage|p1b: Basculegion|77/100|[from] Recoil
|move|p2a: Gholdengo|Make It Rain|p1b: Basculegion|[spread] p1a,p1b
|-resisted|p1b: Basculegion
|-damage|p1a: Magmar|0 fnt
|-damage|p1b: Basculegion|35/100
|-unboost|p2a: Gholdengo|spa|1
|faint|p1a: Magmar
|
|-weather|Sandstorm|[upkeep]
|-damage|p1b: Basculegion|29/100|[from] Sandstorm
|upkeep
|
|t:|1756856621
|switch|p1a: Ninetales|Ninetales-Alola, L50, F|34/100
|-weather|Snowscape|[from] ability: Snow Warning|[of] p1a: Ninetales
|turn|6
|
|t:|1756856629
|move|p1b: Basculegion|Wave Crash|p2a: Gholdengo
|-damage|p2a: Gholdengo|22/100
|-damage|p1b: Basculegion|5/100|[from] Recoil
|move|p1a: Ninetales|Blizzard|p2a: Gholdengo
|-resisted|p2a: Gholdengo
|-damage|p2a: Gholdengo|0 fnt
|faint|p2a: Gholdengo
|
|win|buf33 scizorfanboy
