|j|☆Sparkles1755
|j|☆ssooner
|html|Sparkles1755ssooner    
|uhtml|bestof|Game 3 of a best-of-3
|t:|1785889993
|gametype|doubles
|player|p1|Sparkles1755|veteran|
|player|p2|ssooner|wallace|
|gen|9
|tier|[Gen 9 Champions] VGC 2026 Reg M-B (Bo3)
|rule|Species Clause: Limit one of each Pokémon
|rule|Item Clause: Limit 1 of each item
|clearpoke
|poke|p1|Gyarados, L50, M|
|poke|p1|Lucario, L50, F|
|poke|p1|Typhlosion-Hisui, L50, F|
|poke|p1|Rotom-Mow, L50|
|poke|p1|Altaria, L50, M|
|poke|p1|Infernape, L50, F|
|poke|p2|Cofagrigus, L50, F|
|poke|p2|Scrafty, L50, M|
|poke|p2|Crabominable, L50, M|
|poke|p2|Palafin, L50, F|
|poke|p2|Tsareena, L50, F|
|poke|p2|Aegislash, L50, F|
|teampreview|4
|showteam|p1|Gyarados||Gyaradosite|Intimidate|Waterfall,Crunch,DragonDance,Protect|Jolly||M|||50|]Lucario||Lucarionite|InnerFocus|CloseCombat,MeteorMash,ExtremeSpeed,Detect|Jolly||F|||50|]Typhlosion-Hisui||ChoiceScarf|Blaze|Eruption,HeatWave,Flamethrower,ShadowBall|Modest||F|||50|]Rotom-Mow||Leftovers|Levitate|LeafStorm,VoltSwitch,WillOWisp,Protect|Timid|||||50|]Altaria||MentalHerb|CloudNine|Tailwind,PerishSong,DracoMeteor,Protect|Bold||M|||50|]Infernape||FocusSash|Blaze|CloseCombat,HeatWave,FakeOut,Coaching|Hasty||F|||50|
|showteam|p2|Cofagrigus||MentalHerb|Mummy|TrickRoom,Protect,WillOWisp,ShadowBall|Sassy||F|||50|]Scrafty||SitrusBerry|Intimidate|Detect,DrainPunch,FakeOut,Taunt|Jolly||M|||50|]Crabominable||Crabominite|IronFist|Crabhammer,IceHammer,Protect,MachPunch|Brave||M|||50|]Palafin||MysticWater|ZerotoHero|CloseCombat,WaveCrash,JetPunch,Protect|Adamant||F|||50|]Tsareena||LifeOrb|QueenlyMajesty|KnockOff,Protect,TripleAxel,TropKick|Adamant||F|||50|]Aegislash||Leftovers|StanceChange|SwordsDance,KingsShield,ShadowSneak,GyroBall|Brave||F|||50|
|inactive|Battle timer is ON: inactive players will automatically lose when time's up. (requested by Sparkles1755)
|inactive|ssooner also wants the timer to be on.
|c|☆Sparkles1755|wait altaria gets roar that's funny as hell
|inactive|Sparkles1755 has 60 seconds left.
|c|☆ssooner|lmao
|c|☆Sparkles1755|that's my anti trick room strat now LMAO
|inactive|Sparkles1755 has 30 seconds left.
|c|☆ssooner|that cute little thing gets roar
|c|☆ssooner|i just fake out
|c|☆ssooner|'
|inactive|Sparkles1755 has 20 seconds left.
|inactive|Sparkles1755 has 15 seconds left.
|c|☆Sparkles1755|not if I fake out first fr
|inactive|Sparkles1755 has 10 seconds left.
|inactive|Sparkles1755 has 5 seconds left.
|
|t:|1785890083
|teamsize|p1|4
|teamsize|p2|4
|start
|switch|p1a: Gyarados|Gyarados, L50, M|100/100
|switch|p1b: Lucario|Lucario, L50, F|100/100
|switch|p2a: Aegislash|Aegislash, L50, F|100/100
|switch|p2b: Scrafty|Scrafty, L50, M|100/100
|-ability|p1a: Gyarados|Intimidate|boost
|-unboost|p2a: Aegislash|atk|1
|-unboost|p2b: Scrafty|atk|1
|-ability|p2b: Scrafty|Intimidate|boost
|-unboost|p1a: Gyarados|atk|1
|-fail|p1b: Lucario|unboost|Attack|[from] ability: Inner Focus|[of] p1b: Lucario
|turn|1
|c|☆ssooner|oh yeah you do on ape
|c|☆Sparkles1755|also I ran out of time I was thinking too hard
|inactive|Sparkles1755 has 30 seconds left.
|c|☆ssooner|lol
|inactive|Sparkles1755 has 20 seconds left.
|inactive|Sparkles1755 has 15 seconds left.
|
|t:|1785890123
|move|p2b: Scrafty|Fake Out|p1a: Gyarados
|-damage|p1a: Gyarados|93/100
|move|p1b: Lucario|Close Combat|p2b: Scrafty
|-supereffective|p2b: Scrafty|1
|-damage|p2b: Scrafty|0 fnt
|-unboost|p1b: Lucario|def|1
|-unboost|p1b: Lucario|spd|1
|faint|p2b: Scrafty
|cant|p1a: Gyarados|flinch
|move|p2a: Aegislash|Swords Dance|p2a: Aegislash
|-boost|p2a: Aegislash|atk|2
|
|upkeep
|
|t:|1785890141
|switch|p2b: Tsareena|Tsareena, L50, F|100/100
|turn|2
|
|t:|1785890163
|move|p1b: Lucario|Close Combat|p2b: Tsareena
|-damage|p2b: Tsareena|43/100
|-unboost|p1b: Lucario|def|1
|-unboost|p1b: Lucario|spd|1
|move|p1a: Gyarados|Dragon Dance|p1a: Gyarados
|-boost|p1a: Gyarados|atk|1
|-boost|p1a: Gyarados|spe|1
|move|p2b: Tsareena|Trop Kick|p1a: Gyarados
|-damage|p1a: Gyarados|19/100
|-unboost|p1a: Gyarados|atk|1
|-damage|p2b: Tsareena|33/100|[from] item: Life Orb
|move|p2a: Aegislash|Swords Dance|p2a: Aegislash
|-boost|p2a: Aegislash|atk|2
|
|upkeep
|turn|3
|inactive|Sparkles1755 has 30 seconds left.
|
|t:|1785890191
|switch|p2b: Palafin|Palafin, L50, F|100/100
|detailschange|p1a: Gyarados|Gyarados-Mega, L50, M
|-mega|p1a: Gyarados|Gyarados|Gyaradosite
|-ability|p1a: Gyarados|Mold Breaker
|move|p2a: Aegislash|King's Shield|p2a: Aegislash
|-singleturn|p2a: Aegislash|Protect
|move|p1a: Gyarados|Crunch|p2a: Aegislash
|-activate|p2a: Aegislash|move: Protect
|-unboost|p1a: Gyarados|atk|1
|move|p1b: Lucario|Close Combat|p2b: Palafin
|-damage|p2b: Palafin|20/100y
|-unboost|p1b: Lucario|def|1
|-unboost|p1b: Lucario|spd|1
|
|upkeep
|turn|4
|c|☆Sparkles1755|SHIT
|
|t:|1785890212
|switch|p1a: Rotom|Rotom-Mow, L50|100/100
|detailschange|p2b: Palafin|Palafin-Hero, L50, F
|switch|p2b: Tsareena|Tsareena, L50, F|33/100
|-formechange|p2a: Aegislash|Aegislash-Blade|
|move|p2a: Aegislash|Shadow Sneak|p1b: Lucario
|-damage|p1b: Lucario|0 fnt
|faint|p1b: Lucario
|
|upkeep
|
|t:|1785890221
|switch|p1b: Typhlosion|Typhlosion-Hisui, L50, F|100/100
|turn|5
|
|t:|1785890235
|switch|p1b: Gyarados|Gyarados-Mega, L50, M|19/100
|-ability|p1b: Gyarados|Mold Breaker
|move|p2a: Aegislash|Shadow Sneak|p1b: Gyarados
|-resisted|p1b: Gyarados|1
|-damage|p1b: Gyarados|0 fnt
|faint|p1b: Gyarados
|move|p1a: Rotom|Will-O-Wisp|p2a: Aegislash
|-status|p2a: Aegislash|brn
|move|p2b: Tsareena|Triple Axel|p1a: Rotom
|-supereffective|p1a: Rotom|1
|-damage|p1a: Rotom|73/100
|-supereffective|p1a: Rotom|1
|-damage|p1a: Rotom|24/100
|-supereffective|p1a: Rotom|1
|-damage|p1a: Rotom|0 fnt
|faint|p1a: Rotom
|-hitcount|p1: Rotom|3
|-damage|p2b: Tsareena|24/100|[from] item: Life Orb
|
|-damage|p2a: Aegislash|94/100 brn|[from] brn
|upkeep
|
|t:|1785890243
|switch|p1b: Typhlosion|Typhlosion-Hisui, L50, F|100/100
|turn|6
|c|☆Sparkles1755|live the sneak please (I won't)
|
|t:|1785890258
|move|p2a: Aegislash|Shadow Sneak|p1b: Typhlosion
|-supereffective|p1b: Typhlosion|1
|-damage|p1b: Typhlosion|18/100
|move|p1b: Typhlosion|Eruption|p2b: Tsareena|[spread] p2a,p2b
|-supereffective|p2a: Aegislash|1
|-supereffective|p2b: Tsareena|1
|-damage|p2a: Aegislash|35/100 brn
|-damage|p2b: Tsareena|0 fnt
|faint|p2b: Tsareena
|
|-heal|p2a: Aegislash|41/100 brn|[from] item: Leftovers
|-damage|p2a: Aegislash|35/100 brn|[from] brn
|upkeep
|c|☆ssooner|i got palafin anyways
|
|t:|1785890272
|switch|p2b: Palafin|Palafin-Hero, L50, F|20/100y
|-activate|p2b: Palafin|ability: Zero to Hero
|turn|7
|c|☆Sparkles1755|It's true
|-message|Sparkles1755 forfeited.
|
|win|ssooner
