|j|☆bomabflat
|j|☆pekkleduck
|html|bomabflatpekkleduck    
|uhtml|bestof|Game 1 of a best-of-3
|t:|1785616760
|gametype|doubles
|player|p1|bomabflat|101|1055
|player|p2|pekkleduck|170|1000
|gen|9
|tier|[Gen 9 Champions] VGC 2026 Reg M-B (Bo3)
|rated|
|rule|Species Clause: Limit one of each Pokémon
|rule|Item Clause: Limit 1 of each item
|clearpoke
|poke|p1|Spiritomb, L50, F|
|poke|p1|Farigiraf, L50, F|
|poke|p1|Musharna, L50, F|
|poke|p1|Mawile, L50, F|
|poke|p1|Torkoal, L50, M|
|poke|p1|Drampa, L50, M|
|poke|p2|Floette-Eternal, L50, F|
|poke|p2|Kingambit, L50, F|
|poke|p2|Gholdengo, L50|
|poke|p2|Garchomp, L50, M|
|poke|p2|Farigiraf, L50, F|
|poke|p2|Sinistcha-Masterpiece, L50|
|teampreview|4
|showteam|p1|Spiritomb||RoseliBerry|Pressure|TrickRoom,FoulPlay,DestinyBond,Protect|Relaxed||F|||50|]Farigiraf||ColburBerry|ArmorTail|HyperVoice,TrickRoom,TwinBeam,Protect|Quiet||F|||50|]Musharna||SitrusBerry|Telepathy|TrickRoom,Protect,HelpingHand,Psychic|Relaxed||F|||50|]Mawile||Mawilite|HyperCutter|PlayRough,IronHead,ThunderPunch,Protect|Brave||F|||50|]Torkoal||Charcoal|Drought|Eruption,SolarBeam,Protect,EarthPower|Quiet||M|||50|]Drampa||WideLens|CloudNine|DragonPulse,HydroPump,FireBlast,Protect|Quiet||M|||50|
|showteam|p2|Floette-Eternal||Floettite|FlowerVeil|LightofRuin,Moonblast,DazzlingGleam,Protect|Timid||F|||50|]Kingambit||BlackGlasses|Defiant|KowtowCleave,SuckerPunch,LowKick,Protect|Brave||F|||50|]Gholdengo||MetalCoat|GoodasGold|MakeItRain,ShadowBall,NastyPlot,Protect|Modest|||||50|]Garchomp||LifeOrb|RoughSkin|RockSlide,DragonClaw,StompingTantrum,Protect|Jolly||M|||50|]Farigiraf||SitrusBerry|ArmorTail|FoulPlay,Psychic,TrickRoom,Protect|Modest||F|||50|]Sinistcha-Masterpiece||ColburBerry|Hospitality|MatchaGotcha,ShadowBall,RagePowder,TrickRoom|Modest|||||50|
|inactive|Battle timer is ON: inactive players will automatically lose when time's up. (requested by pekkleduck)
|
|t:|1785616788
|teamsize|p1|4
|teamsize|p2|4
|start
|switch|p1a: Pete Best|Musharna, L50, F|100/100
|switch|p1b: Stuart Sutcliffe|Torkoal, L50, M|100/100
|switch|p2a: flowergirl|Floette-Eternal, L50, F|100/100
|switch|p2b: loc ness|Farigiraf, L50, F|100/100
|-weather|SunnyDay|[from] ability: Drought|[of] p1b: Stuart Sutcliffe
|turn|1
|
|t:|1785616799
|detailschange|p2a: flowergirl|Floette-Mega, L50, F
|-mega|p2a: flowergirl|Floette|Floettite
|-ability|p2a: flowergirl|Fairy Aura
|move|p1b: Stuart Sutcliffe|Protect|p1b: Stuart Sutcliffe
|-singleturn|p1b: Stuart Sutcliffe|Protect
|move|p2a: flowergirl|Dazzling Gleam|p1a: Pete Best|[spread] p1a
|-activate|p1b: Stuart Sutcliffe|move: Protect
|-damage|p1a: Pete Best|63/100
|move|p2b: loc ness|Trick Room|p2b: loc ness
|-fieldstart|move: Trick Room|[of] p2b: loc ness
|move|p1a: Pete Best|Trick Room|p1a: Pete Best
|-fieldend|move: Trick Room
|
|-weather|SunnyDay|[upkeep]
|upkeep
|turn|2
|
|t:|1785616815
|move|p2a: flowergirl|Dazzling Gleam|p1b: Stuart Sutcliffe|[spread] p1a,p1b
|-resisted|p1b: Stuart Sutcliffe|1
|-crit|p1b: Stuart Sutcliffe
|-damage|p1a: Pete Best|30/100
|-damage|p1b: Stuart Sutcliffe|53/100
|-enditem|p1a: Pete Best|Sitrus Berry|[eat]
|-heal|p1a: Pete Best|55/100|[from] item: Sitrus Berry
|move|p2b: loc ness|Foul Play|p1a: Pete Best
|-supereffective|p1a: Pete Best|1
|-damage|p1a: Pete Best|34/100
|move|p1b: Stuart Sutcliffe|Eruption|p2a: flowergirl|[spread] p2a,p2b
|-damage|p2a: flowergirl|57/100
|-damage|p2b: loc ness|58/100
|move|p1a: Pete Best|Trick Room|p1a: Pete Best
|-fieldstart|move: Trick Room|[of] p1a: Pete Best
|
|-weather|SunnyDay|[upkeep]
|upkeep
|turn|3
|
|t:|1785616837
|move|p1a: Pete Best|Helping Hand|p1b: Stuart Sutcliffe
|-singleturn|p1b: Stuart Sutcliffe|Helping Hand|[of] p1a: Pete Best
|move|p2a: flowergirl|Protect|p2a: flowergirl
|-singleturn|p2a: flowergirl|Protect
|move|p1b: Stuart Sutcliffe|Eruption|p2b: loc ness|[spread] p2b
|-activate|p2a: flowergirl|move: Protect
|-damage|p2b: loc ness|0 fnt
|faint|p2b: loc ness
|
|-weather|SunnyDay|[upkeep]
|upkeep
|
|t:|1785616847
|switch|p2b: Sinistcha|Sinistcha-Masterpiece, L50|100/100
|-heal|p2a: flowergirl|82/100|[from] ability: Hospitality|[of] p2b: Sinistcha
|turn|4
|c|☆bomabflat|beatles baby!!
|
|t:|1785616865
|move|p1a: Pete Best|Helping Hand|p1b: Stuart Sutcliffe
|-singleturn|p1b: Stuart Sutcliffe|Helping Hand|[of] p1a: Pete Best
|move|p1b: Stuart Sutcliffe|Eruption|p2a: flowergirl|[spread] p2a,p2b
|-supereffective|p2b: Sinistcha|1
|-damage|p2a: flowergirl|20/100y
|-damage|p2b: Sinistcha|0 fnt
|faint|p2b: Sinistcha
|move|p2a: flowergirl|Light of Ruin|p1b: Stuart Sutcliffe
|-resisted|p1b: Stuart Sutcliffe|1
|-damage|p1b: Stuart Sutcliffe|0 fnt
|faint|p1b: Stuart Sutcliffe
|-damage|p2a: flowergirl|0 fnt|[from] Recoil
|faint|p2a: flowergirl
|
|-weather|SunnyDay|[upkeep]
|upkeep
|
|t:|1785616881
|switch|p1b: Ringo Starr|Mawile, L50, F|100/100
|switch|p2b: Cheese String|Gholdengo, L50|100/100
|turn|5
|
|t:|1785616896
|detailschange|p1b: Ringo Starr|Mawile-Mega, L50, F
|-mega|p1b: Ringo Starr|Mawile|Mawilite
|move|p1a: Pete Best|Helping Hand|p1b: Ringo Starr
|-singleturn|p1b: Ringo Starr|Helping Hand|[of] p1a: Pete Best
|move|p1b: Ringo Starr|Thunder Punch|p2b: Cheese String
|-damage|p2b: Cheese String|18/100
|move|p2b: Cheese String|Nasty Plot|p2b: Cheese String
|-boost|p2b: Cheese String|spa|2
|
|-weather|none
|upkeep
|turn|6
|
|t:|1785616914
|move|p1a: Pete Best|Helping Hand|p1b: Ringo Starr
|-singleturn|p1b: Ringo Starr|Helping Hand|[of] p1a: Pete Best
|move|p2b: Cheese String|Protect|p2b: Cheese String
|-singleturn|p2b: Cheese String|Protect
|move|p1b: Ringo Starr|Thunder Punch|p2b: Cheese String
|-activate|p2b: Cheese String|move: Protect
|
|-fieldend|move: Trick Room
|upkeep
|turn|7
|
|t:|1785616922
|move|p2b: Cheese String|Make It Rain|p1b: Ringo Starr|[spread] p1a,p1b
|-damage|p1a: Pete Best|0 fnt
|-damage|p1b: Ringo Starr|0 fnt
|-unboost|p2b: Cheese String|spa|2
|faint|p1a: Pete Best
|faint|p1b: Ringo Starr
|
|upkeep
|
|t:|1785616927
|switch|p1b: Paul McCartney|Farigiraf, L50, F|100/100
|turn|8
|
|t:|1785616932
|move|p2b: Cheese String|Make It Rain|p1b: Paul McCartney
|-damage|p1b: Paul McCartney|20/100y
|-unboost|p2b: Cheese String|spa|2
|move|p1b: Paul McCartney|Twin Beam|p2b: Cheese String
|-resisted|p2b: Cheese String|1
|-damage|p2b: Cheese String|8/100
|-resisted|p2b: Cheese String|1
|-damage|p2b: Cheese String|0 fnt
|faint|p2b: Cheese String
|-hitcount|p2: Cheese String|2
|
|win|bomabflat
||pekkleduck is ready for game 2.
|inactive|bomabflat has 30 seconds to confirm battle start!
||bomabflat is ready for game 2.
|uhtml|next|Next: Game 2 of 3
