|j|‽Felon74
|j|☆mackerjuan
|html|Felon74mackerjuan    
|uhtml|bestof|Game 1 of a best-of-3
|t:|1757021735
|gametype|doubles
|player|p1|Felon74|crasherwake|1192
|player|p2|mackerjuan|266|1372
|gen|9
|tier|[Gen 9] VGC 2025 Reg H (Bo3)
|rated|
|rule|Species Clause: Limit one of each Pokémon
|rule|Item Clause: Limit 1 of each item
|clearpoke
|poke|p1|Kingambit, L50, M|
|poke|p1|Rillaboom, L50, F|
|poke|p1|Electabuzz, L50, F|
|poke|p1|Blaziken, L50, M|
|poke|p1|Dragapult, L50, M|
|poke|p1|Primarina, L50, M|
|poke|p2|Incineroar, L50, M|
|poke|p2|Gholdengo, L50|
|poke|p2|Porygon2, L50|
|poke|p2|Ursaluna, L50, M|
|poke|p2|Amoonguss, L50, M|
|poke|p2|Hydreigon, L50, F|
|teampreview|4
|showteam|p1|Kingambit||AssaultVest|Defiant|KowtowCleave,IronHead,SuckerPunch,LowKick|||M|||50|,,,,,Fire]Rillaboom||MiracleSeed|GrassySurge|WoodHammer,GrassyGlide,Uturn,FakeOut|||F|||50|,,,,,Fire]Electabuzz||Eviolite|VitalSpirit|Thunderbolt,FollowMe,Taunt,Protect|||F|||50|,,,,,Dark]Blaziken||FocusSash|SpeedBoost|CloseCombat,FlareBlitz,Coaching,Protect|||M|||50|,,,,,Stellar]Dragapult||ChoiceBand|ClearBody|DragonDarts,PhantomForce,TeraBlast,Uturn|||M|||50|,,,,,Ghost]Primarina||SitrusBerry|LiquidVoice|HyperVoice,Moonblast,Haze,Protect|||M|||50|,,,,,Steel
|showteam|p2|Incineroar||SafetyGoggles|Intimidate|FlareBlitz,KnockOff,FakeOut,PartingShot|||M|||50|,,,,,Ghost]Gholdengo||LifeOrb|GoodasGold|MakeItRain,ShadowBall,NastyPlot,Protect||||||50|,,,,,Water]Porygon2||Eviolite|Download|TeraBlast,IceBeam,Recover,TrickRoom||||||50|,,,,,Fighting]Ursaluna||FlameOrb|Guts|Facade,HeadlongRush,Earthquake,Protect|||M|||50|,,,,,Ghost]Amoonguss||SitrusBerry|Regenerator|PollenPuff,Spore,RagePowder,Protect|||M|||50|,,,,,Water]Hydreigon||CovertCloak|Levitate|Taunt,Tailwind,DracoMeteor,Snarl|||F|||50|,,,,,Steel
|inactive|Battle timer is ON: inactive players will automatically lose when time's up. (requested by mackerjuan)
|l|‽Felon74
|inactive|Felon74 disconnected and has a minute to reconnect!
|player|p1|
|inactive|mackerjuan has 60 seconds left.
|inactive|Felon74 has 30 seconds to reconnect!
|inactive|Felon74 has 20 seconds to reconnect!
|inactive|Felon74 has 15 seconds to reconnect!
|j|‽Felon74
|inactive|Felon74 reconnected and has 40 seconds left.
|player|p1|Felon74|crasherwake|
|inactive|Felon74 has 30 seconds left.
|inactive|mackerjuan has 30 seconds left.
|inactive|Felon74 has 20 seconds left.
|
|t:|1757021806
|teamsize|p1|4
|teamsize|p2|4
|start
|switch|p1a: Electabuzz|Electabuzz, L50, F|100/100
|switch|p1b: Dragapult|Dragapult, L50, M|100/100
|switch|p2a: Porygon2|Porygon2, L50|100/100
|switch|p2b: Incineroar|Incineroar, L50, M|100/100
|-ability|p2b: Incineroar|Intimidate|boost
|-unboost|p1a: Electabuzz|atk|1
|-fail|p1b: Dragapult|unboost|[from] ability: Clear Body|[of] p1b: Dragapult
|-ability|p2a: Porygon2|Download|boost
|-boost|p2a: Porygon2|spa|1
|turn|1
|inactive|Felon74 has 30 seconds left.
|inactive|Felon74 has 20 seconds left.
|inactive|Felon74 has 15 seconds left.
|
|t:|1757021850
|move|p2b: Incineroar|Fake Out|p1a: Electabuzz
|-damage|p1a: Electabuzz|90/100
|move|p1b: Dragapult|U-turn|p2b: Incineroar
|-damage|p2b: Incineroar|67/100
|
|t:|1757021855
|switch|p1b: Kingambit|Kingambit, L50, M|100/100|[from] U-turn
|cant|p1a: Electabuzz|flinch
|move|p2a: Porygon2|Trick Room|p2a: Porygon2
|-fieldstart|move: Trick Room|[of] p2a: Porygon2
|
|upkeep
|turn|2
|inactive|Felon74 has 30 seconds left.
|inactive|mackerjuan has 30 seconds left.
|
|t:|1757021887
|-terastallize|p2a: Porygon2|Fighting
|move|p1a: Electabuzz|Follow Me|p1a: Electabuzz
|-singleturn|p1a: Electabuzz|move: Follow Me
|move|p2a: Porygon2|Tera Blast|p1a: Electabuzz|[anim] Tera Blast Fighting
|-damage|p1a: Electabuzz|48/100
|move|p1b: Kingambit|Low Kick|p2b: Incineroar
|-supereffective|p2b: Incineroar
|-damage|p2b: Incineroar|11/100
|move|p2b: Incineroar|Knock Off|p1a: Electabuzz
|-damage|p1a: Electabuzz|15/100
|-enditem|p1a: Electabuzz|Eviolite|[from] move: Knock Off|[of] p2b: Incineroar
|
|upkeep
|turn|3
|inactive|Felon74 has 30 seconds left.
|inactive|mackerjuan has 30 seconds left.
|
|t:|1757021921
|move|p1a: Electabuzz|Follow Me|p1a: Electabuzz
|-singleturn|p1a: Electabuzz|move: Follow Me
|move|p2a: Porygon2|Tera Blast|p1a: Electabuzz|[anim] Tera Blast Fighting
|-damage|p1a: Electabuzz|0 fnt
|faint|p1a: Electabuzz
|move|p1b: Kingambit|Kowtow Cleave|p2b: Incineroar
|-resisted|p2b: Incineroar
|-damage|p2b: Incineroar|0 fnt
|faint|p2b: Incineroar
|
|upkeep
|
|t:|1757021936
|switch|p2b: Ursaluna|Ursaluna, L50, M|100/100
|switch|p1a: Blaziken|Blaziken, L50, M|100/100
|turn|4
|inactive|mackerjuan has 30 seconds left.
|
|t:|1757021964
|-terastallize|p1b: Kingambit|Fire
|move|p2a: Porygon2|Tera Blast|p1b: Kingambit|[anim] Tera Blast Fighting
|-damage|p1b: Kingambit|66/100
|move|p1b: Kingambit|Low Kick|p2b: Ursaluna
|-supereffective|p2b: Ursaluna
|-damage|p2b: Ursaluna|31/100
|move|p2b: Ursaluna|Earthquake|p1b: Kingambit|[spread] p2a,p1a,p1b
|-supereffective|p1a: Blaziken
|-supereffective|p1b: Kingambit
|-damage|p2a: Porygon2|72/100
|-enditem|p1a: Blaziken|Focus Sash
|-damage|p1a: Blaziken|1/100
|-damage|p1b: Kingambit|0 fnt
|faint|p1b: Kingambit
|move|p1a: Blaziken|Close Combat|p2b: Ursaluna
|-supereffective|p2b: Ursaluna
|-damage|p2b: Ursaluna|0 fnt
|-unboost|p1a: Blaziken|def|1
|-unboost|p1a: Blaziken|spd|1
|faint|p2b: Ursaluna
|
|-ability|p1a: Blaziken|Speed Boost|boost
|-boost|p1a: Blaziken|spe|1
|upkeep
|
|t:|1757021985
|switch|p1b: Dragapult|Dragapult, L50, M|100/100
|switch|p2b: Amoonguss|Amoonguss, L50, M|100/100
|turn|5
|
|t:|1757022007
|move|p1a: Blaziken|Protect|p1a: Blaziken
|-singleturn|p1a: Blaziken|Protect
|move|p2b: Amoonguss|Spore|p1a: Blaziken
|-activate|p1a: Blaziken|move: Protect
|move|p2a: Porygon2|Ice Beam|p1b: Dragapult
|-supereffective|p1b: Dragapult
|-damage|p1b: Dragapult|0 fnt
|faint|p1b: Dragapult
|
|-fieldend|move: Trick Room
|-ability|p1a: Blaziken|Speed Boost|boost
|-boost|p1a: Blaziken|spe|1
|upkeep
|turn|6
|
|t:|1757022021
|move|p1a: Blaziken|Flare Blitz|p2b: Amoonguss
|-supereffective|p2b: Amoonguss
|-damage|p2b: Amoonguss|0 fnt
|faint|p2b: Amoonguss
|-damage|p1a: Blaziken|0 fnt|[from] Recoil
|faint|p1a: Blaziken
|
|win|mackerjuan
||Felon74 is ready for game 2.
