|j|☆huntr/x rumi
|j|☆ShrekBK
|html|huntr/x rumiShrekBK    
|uhtml|bestof|Game 2 of a best-of-3
|t:|1755641196
|gametype|doubles
|player|p1|huntr/x rumi|acetrainerf|1363
|player|p2|ShrekBK|lucas|1383
|gen|9
|tier|[Gen 9] VGC 2025 Reg H (Bo3)
|rated|
|rule|Species Clause: Limit one of each Pokémon
|rule|Item Clause: Limit 1 of each item
|clearpoke
|poke|p1|Whimsicott, L50, M|
|poke|p1|Gholdengo, L50|
|poke|p1|Garchomp, L50, F|
|poke|p1|Ditto, L50|
|poke|p1|Incineroar, L50, F|
|poke|p1|Milotic, L50, F|
|poke|p2|Archaludon, L50, F|
|poke|p2|Gholdengo, L50|
|poke|p2|Garchomp, L50, M|
|poke|p2|Flamigo, L50, F|
|poke|p2|Murkrow, L50, M|
|poke|p2|Annihilape, L50, F|
|teampreview|4
|showteam|p1|Whimsicott||FocusSash|Prankster|Protect,Moonblast,Tailwind,Encore|||M|||50|,,,,,Ghost]Gholdengo||ChoiceSpecs|GoodasGold|MakeItRain,ShadowBall,Protect,Trick||||||50|,,,,,Steel]Garchomp||LifeOrb|RoughSkin|Protect,StompingTantrum,DragonClaw,Earthquake|||F|||50|,,,,,Ground]Ditto||CovertCloak|Imposter|Transform||||||50|,,,,,Grass]Incineroar||SafetyGoggles|Intimidate|FakeOut,FlareBlitz,KnockOff,PartingShot|||F|||50|,,,,,Ghost]Milotic||SitrusBerry|Competitive|IcyWind,Scald,Protect,Haze|||F|||50|,,,,,Grass
|showteam|p2|Archaludon||AssaultVest|Stamina|BodyPress,DracoMeteor,ElectroShot,FlashCannon|||F|||50|,,,,,Grass]Gholdengo||ChoiceSpecs|GoodasGold|MakeItRain,Trick,ShadowBall,TeraBlast||||||50|,,,,,Water]Garchomp||LifeOrb|RoughSkin|Earthquake,DragonClaw,StompingTantrum,Protect|||M|||50|,,,,,Ground]Flamigo||FocusSash|Scrappy|CloseCombat,DualWingbeat,Feint,Protect|||F|||50|,,,,,Ghost]Murkrow||Eviolite|Prankster|FoulPlay,Tailwind,RainDance,Haze|||M|||50|,,,,,Ghost]Annihilape||SafetyGoggles|VitalSpirit|CloseCombat,RageFist,Taunt,Protect|||F|||50|,,,,,Fire
|
|t:|1755641246
|teamsize|p1|4
|teamsize|p2|4
|start
|switch|p1a: Whimsicott|Whimsicott, L50, M, shiny|100/100
|switch|p1b: Garchomp|Garchomp, L50, F|100/100
|switch|p2a: Murkrow|Murkrow, L50, M|100/100
|switch|p2b: Gholdengo|Gholdengo, L50|100/100
|turn|1
|
|t:|1755641290
|-terastallize|p2b: Gholdengo|Water
|move|p1a: Whimsicott|Tailwind|p1a: Whimsicott
|-sidestart|p1: huntr/x rumi|move: Tailwind
|move|p2a: Murkrow|Tailwind|p2a: Murkrow
|-sidestart|p2: ShrekBK|move: Tailwind
|move|p1b: Garchomp|Stomping Tantrum|p2b: Gholdengo
|-damage|p2b: Gholdengo|41/100
|-damage|p1b: Garchomp|91/100|[from] item: Life Orb
|move|p2b: Gholdengo|Make It Rain|p1a: Whimsicott|[spread] p1a,p1b
|-supereffective|p1a: Whimsicott
|-enditem|p1a: Whimsicott|Focus Sash
|-damage|p1a: Whimsicott|1/100
|-damage|p1b: Garchomp|0 fnt
|-unboost|p2b: Gholdengo|spa|1
|faint|p1b: Garchomp
|
|upkeep
|
|t:|1755641306
|switch|p1b: Gholdengo|Gholdengo, L50|100/100
|turn|2
|
|t:|1755641322
|-terastallize|p1b: Gholdengo|Steel
|move|p1a: Whimsicott|Moonblast|p2a: Murkrow
|-supereffective|p2a: Murkrow
|-damage|p2a: Murkrow|19/100
|move|p1b: Gholdengo|Make It Rain|p2b: Gholdengo|[spread] p2a,p2b
|-resisted|p2b: Gholdengo
|-damage|p2a: Murkrow|0 fnt
|-damage|p2b: Gholdengo|0 fnt
|-unboost|p1b: Gholdengo|spa|1
|faint|p2a: Murkrow
|faint|p2b: Gholdengo
|
|upkeep
|
|t:|1755641326
|switch|p2b: Garchomp|Garchomp, L50, M|100/100
|switch|p2a: Flamigo|Flamigo, L50, F|100/100
|turn|3
|inactive|Battle timer is ON: inactive players will automatically lose when time's up. (requested by ShrekBK)
|
|t:|1755641357
|switch|p1a: Ditto|Ditto, L50, shiny|100/100
|-transform|p1a: Ditto|p2b: Garchomp|[from] ability: Imposter
|move|p2a: Flamigo|Feint|p1a: Ditto
|-damage|p1a: Ditto|88/100
|move|p2b: Garchomp|Stomping Tantrum|p1b: Gholdengo
|-supereffective|p1b: Gholdengo
|-damage|p1b: Gholdengo|0 fnt
|faint|p1b: Gholdengo
|-damage|p2b: Garchomp|91/100|[from] item: Life Orb
|
|upkeep
|
|t:|1755641360
|switch|p1b: Whimsicott|Whimsicott, L50, M, shiny|1/100
|turn|4
|
|t:|1755641371
|move|p2b: Garchomp|Protect|p2b: Garchomp
|-singleturn|p2b: Garchomp|Protect
|move|p2a: Flamigo|Feint|p1b: Whimsicott
|-damage|p1b: Whimsicott|0 fnt
|faint|p1b: Whimsicott
|move|p1a: Ditto|Dragon Claw|p2b: Garchomp
|-activate|p2b: Garchomp|move: Protect
|
|-sideend|p1: huntr/x rumi|move: Tailwind
|-sideend|p2: ShrekBK|move: Tailwind
|upkeep
|turn|5
|
|t:|1755641378
|move|p2b: Garchomp|Dragon Claw|p1a: Ditto
|-supereffective|p1a: Ditto
|-crit|p1a: Ditto
|-damage|p1a: Ditto|0 fnt
|-damage|p2b: Garchomp|79/100|[from] ability: Rough Skin|[of] p1a: Ditto
|faint|p1a: Ditto
|-damage|p2b: Garchomp|69/100|[from] item: Life Orb
|
|win|ShrekBK
|raw|huntr/x rumi's rating: 1363 → 1344(-19 for losing)
|raw|ShrekBK's rating: 1383 → 1402(+19 for winning)
|l|☆ShrekBK
|player|p2|
