|j|☆HalcyonJon
|j|☆fdaza
|html|HalcyonJonfdaza    
|uhtml|bestof|Game 2 of a best-of-3
|t:|1757652548
|gametype|doubles
|player|p1|HalcyonJon|pokemonbreeder|1190
|player|p2|fdaza|steven|1272
|gen|9
|tier|[Gen 9] VGC 2025 Reg H (Bo3)
|rated|
|rule|Species Clause: Limit one of each Pokémon
|rule|Item Clause: Limit 1 of each item
|clearpoke
|poke|p1|Sinistcha-Masterpiece, L50|
|poke|p1|Pelipper, L50, F|
|poke|p1|Indeedee-F, L50, F|
|poke|p1|Slowking, L50, F|
|poke|p1|Drednaw, L50, F|
|poke|p1|Blastoise, L50, M|
|poke|p2|Gholdengo, L50|
|poke|p2|Sneasler, L50, M|
|poke|p2|Incineroar, L50, M|
|poke|p2|Weezing, L50, M|
|poke|p2|Toedscruel, L50, F|
|poke|p2|Slaking, L50, M|
|teampreview|4
|showteam|p1|Sinistcha-Masterpiece||MentalHerb|Hospitality|MatchaGotcha,ShadowBall,StrengthSap,Protect||||||50|,,,,,Dark]Pelipper||CovertCloak|Drizzle|Hurricane,WeatherBall,Tailwind,WideGuard|||F|||50|,,,,,Ground]Indeedee-F||RockyHelmet|PsychicSurge|Psychic,FollowMe,HelpingHand,TrickRoom|||F|||50|,,,,,Fairy]Slowking||LifeOrb|Oblivious|ExpandingForce,Scald,IceBeam,TrickRoom|||F|||50|,,,,,Grass]Drednaw||FocusSash|SwiftSwim|Liquidation,RockSlide,SkitterSmack,Protect|||F|||50|,,,,,Bug]Blastoise||WhiteHerb|RainDish|WaterSpout,WeatherBall,AuraSphere,ShellSmash|||M|||50|,,,,,Fighting
|showteam|p2|Gholdengo||ChoiceSpecs|GoodasGold|MakeItRain,ShadowBall,Thunderbolt,PowerGem||||||50|,,,,,Water]Sneasler||FocusSash|PoisonTouch|ThroatChop,DireClaw,CloseCombat,Protect|||M|||50|,,,,,Stellar]Incineroar||AbilityShield|Intimidate|FakeOut,FlareBlitz,KnockOff,PartingShot|||M|||50|,,,,,Ghost]Weezing||Leftovers|NeutralizingGas|Haze,SludgeBomb,Protect,WillOWisp|||M|||50|,,,,,Flying]Toedscruel||CovertCloak|MyceliumMight|RagePowder,EarthPower,Taunt,Spore|||F|||50|,,,,,Water]Slaking||ChoiceBand|Truant|DoubleEdge,HighHorsepower,SuckerPunch,PlayRough|||M|||50|,,,,,Ghost
|
|t:|1757652565
|teamsize|p1|4
|teamsize|p2|4
|start
|switch|p1a: Blastoise|Blastoise, L50, M|100/100
|switch|p1b: Indeedee|Indeedee-F, L50, F|100/100
|switch|p2a: Weezing|Weezing, L50, M, shiny|100/100
|switch|p2b: Gholdengo|Gholdengo, L50, shiny|100/100
|-ability|p2a: Weezing|Neutralizing Gas
|turn|1
|
|t:|1757652582
|-terastallize|p2b: Gholdengo|Water
|move|p1b: Indeedee|Follow Me|p1b: Indeedee
|-singleturn|p1b: Indeedee|move: Follow Me
|move|p2b: Gholdengo|Make It Rain|p1b: Indeedee|[spread] p1a,p1b
|-resisted|p1a: Blastoise
|-damage|p1a: Blastoise|56/100
|-damage|p1b: Indeedee|26/100
|-unboost|p2b: Gholdengo|spa|1
|move|p1a: Blastoise|Shell Smash|p1a: Blastoise
|-unboost|p1a: Blastoise|def|1
|-unboost|p1a: Blastoise|spd|1
|-boost|p1a: Blastoise|atk|2
|-boost|p1a: Blastoise|spa|2
|-boost|p1a: Blastoise|spe|2
|-enditem|p1a: Blastoise|White Herb
|-clearnegativeboost|p1a: Blastoise|[silent]
|move|p2a: Weezing|Sludge Bomb|p1b: Indeedee
|-damage|p1b: Indeedee|2/100
|
|upkeep
|turn|2
|
|t:|1757652611
|-terastallize|p1a: Blastoise|Fighting
|move|p1b: Indeedee|Follow Me|p1b: Indeedee
|-singleturn|p1b: Indeedee|move: Follow Me
|move|p1a: Blastoise|Aura Sphere|p2b: Gholdengo
|-damage|p2b: Gholdengo|12/100
|move|p2b: Gholdengo|Make It Rain|p1b: Indeedee|[spread] p1a,p1b
|-damage|p1a: Blastoise|0 fnt
|-damage|p1b: Indeedee|0 fnt
|-unboost|p2b: Gholdengo|spa|1
|faint|p1a: Blastoise
|faint|p1b: Indeedee
|move|p2a: Weezing|Haze|p2a: Weezing
|-clearallboost
|
|upkeep
|
|t:|1757652626
|switch|p1a: Pelipper|Pelipper, L50, F|100/100
|switch|p1b: Sinistcha|Sinistcha-Masterpiece, L50|100/100
|turn|3
|
|t:|1757652638
|move|p1a: Pelipper|Wide Guard|p1a: Pelipper
|-singleturn|p1a: Pelipper|Wide Guard
|move|p2b: Gholdengo|Make It Rain|p1a: Pelipper|[spread] 
|-activate|p1a: Pelipper|move: Wide Guard
|-activate|p1b: Sinistcha|move: Wide Guard
|move|p1b: Sinistcha|Shadow Ball|p2a: Weezing
|-crit|p2a: Weezing
|-damage|p2a: Weezing|19/100
|move|p2a: Weezing|Sludge Bomb|p1a: Pelipper
|-damage|p1a: Pelipper|72/100
|
|-heal|p2a: Weezing|25/100|[from] item: Leftovers
|upkeep
|turn|4
|
|t:|1757652655
|switch|p2b: Sneasler|Sneasler, L50, M|100/100
|move|p2a: Weezing|Protect|p2a: Weezing
|-singleturn|p2a: Weezing|Protect
|move|p1a: Pelipper|Wide Guard|p1a: Pelipper
|-singleturn|p1a: Pelipper|Wide Guard
|move|p1b: Sinistcha|Matcha Gotcha|p2b: Sneasler|[spread] p2b
|-activate|p2a: Weezing|move: Protect
|-resisted|p2b: Sneasler
|-damage|p2b: Sneasler|77/100
|
|-heal|p2a: Weezing|32/100|[from] item: Leftovers
|upkeep
|turn|5
|
|t:|1757652681
|move|p1b: Sinistcha|Protect|p1b: Sinistcha
|-singleturn|p1b: Sinistcha|Protect
|move|p2b: Sneasler|Dire Claw|p1a: Pelipper
|-damage|p1a: Pelipper|33/100
|move|p1a: Pelipper|Tailwind|p1a: Pelipper
|-sidestart|p1: HalcyonJon|move: Tailwind
|move|p2a: Weezing|Sludge Bomb|p1b: Sinistcha
|-activate|p1b: Sinistcha|move: Protect
|
|-heal|p2a: Weezing|38/100|[from] item: Leftovers
|upkeep
|turn|6
|
|t:|1757652705
|switch|p2b: Incineroar|Incineroar, L50, M, shiny|100/100
|-ability|p2b: Incineroar|Intimidate|boost
|-unboost|p1a: Pelipper|atk|1
|-unboost|p1b: Sinistcha|atk|1
|move|p2a: Weezing|Protect|p2a: Weezing
|-singleturn|p2a: Weezing|Protect
|move|p1b: Sinistcha|Shadow Ball|p2a: Weezing
|-activate|p2a: Weezing|move: Protect
|move|p1a: Pelipper|Hurricane|p2b: Incineroar|[miss]
|-miss|p1a: Pelipper|p2b: Incineroar
|
|-heal|p2a: Weezing|44/100|[from] item: Leftovers
|upkeep
|turn|7
|
|t:|1757652728
|move|p1b: Sinistcha|Strength Sap|p2b: Incineroar
|-unboost|p2b: Incineroar|atk|1
|move|p1a: Pelipper|Hurricane|p2a: Weezing
|-damage|p2a: Weezing|0 fnt
|faint|p2a: Weezing
|-end|p2a: Weezing|ability: Neutralizing Gas
|-heal|p1a: Pelipper|58/100|[from] ability: Hospitality|[of] p1b: Sinistcha
|-weather|RainDance|[from] ability: Drizzle|[of] p1a: Pelipper
|move|p2b: Incineroar|Knock Off|p1b: Sinistcha
|-supereffective|p1b: Sinistcha
|-damage|p1b: Sinistcha|50/100
|-enditem|p1b: Sinistcha|Mental Herb|[from] move: Knock Off|[of] p2b: Incineroar
|
|-weather|RainDance|[upkeep]
|upkeep
|
|t:|1757652743
|switch|p2a: Sneasler|Sneasler, L50, M|77/100
|turn|8
|
|t:|1757652783
|move|p2a: Sneasler|Protect|p2a: Sneasler
|-singleturn|p2a: Sneasler|Protect
|move|p1b: Sinistcha|Strength Sap|p2b: Incineroar
|-unboost|p2b: Incineroar|atk|1
|-heal|p1b: Sinistcha|100/100
|move|p1a: Pelipper|Weather Ball|p2b: Incineroar
|-supereffective|p2b: Incineroar
|-damage|p2b: Incineroar|18/100
|move|p2b: Incineroar|Parting Shot|p1a: Pelipper
|-unboost|p1a: Pelipper|atk|1
|-unboost|p1a: Pelipper|spa|1
|
|t:|1757652794
|switch|p2b: Gholdengo|Gholdengo, L50, shiny, tera:Water|12/100|[from] Parting Shot
|
|-weather|RainDance|[upkeep]
|-sideend|p1: HalcyonJon|move: Tailwind
|upkeep
|turn|9
|
|t:|1757652823
|move|p1b: Sinistcha|Protect|p1b: Sinistcha
|-singleturn|p1b: Sinistcha|Protect
|move|p2a: Sneasler|Throat Chop|p1b: Sinistcha
|-activate|p1b: Sinistcha|move: Protect
|move|p2b: Gholdengo|Shadow Ball|p1a: Pelipper
|-damage|p1a: Pelipper|0 fnt
|faint|p1a: Pelipper
|
|-weather|RainDance|[upkeep]
|upkeep
|turn|10
|-message|HalcyonJon forfeited.
|
|win|fdaza
|raw|HalcyonJon's rating: 1190 → 1171(-19 for losing)
|raw|fdaza's rating: 1272 → 1291(+19 for winning)
|l|☆fdaza
|player|p2|
|l|☆HalcyonJon
|player|p1|
