|j|☆apa plays poke
|j|☆gluttorn
|html|apa plays pokegluttorn    
|uhtml|bestof|Game 2 of a best-of-3
|t:|1782334178
|gametype|doubles
|player|p1|apa plays poke|norman|1053
|player|p2|gluttorn|102|1000
|gen|9
|tier|[Gen 9 Champions] VGC 2026 Reg M-B (Bo3)
|rated|
|rule|Species Clause: Limit one of each Pokémon
|rule|Item Clause: Limit 1 of each item
|clearpoke
|poke|p1|Incineroar, L50, F|
|poke|p1|Archaludon, L50, F|
|poke|p1|Pelipper, L50, F|
|poke|p1|Swampert, L50, F|
|poke|p1|Meganium, L50, F|
|poke|p1|Primarina, L50, M|
|poke|p2|Scrafty, L50, M|
|poke|p2|Torkoal, L50, M|
|poke|p2|Farigiraf, L50, F|
|poke|p2|Hatterene, L50, F|
|poke|p2|Staraptor, L50, F|
|poke|p2|Vileplume, L50, F|
|teampreview|4
|showteam|p1|Incineroar||ChopleBerry|Intimidate|FakeOut,PartingShot,FlareBlitz,WillOWisp|Careful||F|||50|]Archaludon||ShucaBerry|Stamina|Protect,FlashCannon,DracoMeteor,ElectroShot|Bold||F|||50|]Pelipper||Leftovers|Drizzle|Hurricane,Protect,HydroPump,Tailwind|Bold||F|||50|]Swampert||Swampertite|Torrent|Earthquake,WaveCrash,Protect,IcePunch|Adamant||F|||50|]Meganium||Meganiumite|Overgrow|WeatherBall,Synthesis,EarthPower,Protect|Modest||F|||50|]Primarina||SitrusBerry|LiquidVoice|HyperVoice,Moonblast,Protect,CalmMind|Calm||M|||50|
|showteam|p2|Scrafty||Scraftinite|Intimidate|FakeOut,KnockOff,DrainPunch,RockSlide|Brave||M|||50|]Torkoal||Charcoal|Drought|EarthPower,HeatWave,Eruption,Protect|Quiet||M|||50|]Farigiraf||MentalHerb|ArmorTail|Protect,HelpingHand,TrickRoom,Psychic|Calm||F|||50|]Hatterene||LifeOrb|MagicBounce|DazzlingGleam,Psychic,TrickRoom,Protect|Modest||F|||50|]Staraptor||ChoiceScarf|Intimidate|FinalGambit,Uturn,Tailwind,BraveBird|Jolly||F|||50|]Vileplume||FocusSash|Chlorophyll|AfterYou,Protect,EnergyBall,SludgeBomb|Timid||F|||50|
|inactive|Battle timer is ON: inactive players will automatically lose when time's up. (requested by gluttorn)
|inactive|apa plays poke has 60 seconds left.
|inactive|gluttorn has 60 seconds left.
|inactive|gluttorn has 30 seconds left.
|inactive|gluttorn has 20 seconds left.
|inactive|gluttorn has 15 seconds left.
|
|t:|1782334262
|teamsize|p1|4
|teamsize|p2|4
|start
|switch|p1a: Incineroar|Incineroar, L50, F|100/100
|switch|p1b: Archaludon|Archaludon, L50, F|100/100
|switch|p2a: Torkoal|Torkoal, L50, M|100/100
|switch|p2b: Vileplume|Vileplume, L50, F|100/100
|-ability|p1a: Incineroar|Intimidate|boost
|-unboost|p2a: Torkoal|atk|1
|-unboost|p2b: Vileplume|atk|1
|-weather|SunnyDay|[from] ability: Drought|[of] p2a: Torkoal
|turn|1
|
|t:|1782334279
|move|p2b: Vileplume|Protect|p2b: Vileplume
|-singleturn|p2b: Vileplume|Protect
|move|p2a: Torkoal|Protect|p2a: Torkoal
|-singleturn|p2a: Torkoal|Protect
|move|p1a: Incineroar|Fake Out|p2b: Vileplume
|-activate|p2b: Vileplume|move: Protect
|move|p1b: Archaludon|Draco Meteor|p2b: Vileplume
|-activate|p2b: Vileplume|move: Protect
|
|-weather|SunnyDay|[upkeep]
|upkeep
|turn|2
|
|t:|1782334299
|switch|p1b: Pelipper|Pelipper, L50, F|100/100
|-weather|RainDance|[from] ability: Drizzle|[of] p1b: Pelipper
|move|p2b: Vileplume|After You|p2a: Torkoal
|-activate|p2a: Torkoal|move: After You
|move|p2a: Torkoal|Eruption|p1a: Incineroar|[spread] p1a,p1b
|-resisted|p1a: Incineroar|1
|-resisted|p1b: Pelipper|1
|-damage|p1a: Incineroar|88/100
|-damage|p1b: Pelipper|77/100
|move|p1a: Incineroar|Parting Shot|p2a: Torkoal
|-unboost|p2a: Torkoal|atk|1
|-unboost|p2a: Torkoal|spa|1
|
|t:|1782334314
|switch|p1a: Swampert|Swampert, L50, F|100/100|[from] Parting Shot
|
|-weather|RainDance|[upkeep]
|-heal|p1b: Pelipper|83/100|[from] item: Leftovers
|upkeep
|turn|3
|inactive|gluttorn has 30 seconds left.
|
|t:|1782334344
|switch|p1a: Archaludon|Archaludon, L50, F|100/100
|switch|p2a: Scrafty|Scrafty, L50, M|100/100
|-ability|p2a: Scrafty|Intimidate|boost
|-unboost|p1a: Archaludon|atk|1
|-unboost|p1b: Pelipper|atk|1
|move|p2b: Vileplume|Protect|p2b: Vileplume
|-singleturn|p2b: Vileplume|Protect
|move|p1b: Pelipper|Hurricane|p2a: Scrafty
|-supereffective|p2a: Scrafty|1
|-damage|p2a: Scrafty|36/100
|
|-weather|RainDance|[upkeep]
|-heal|p1b: Pelipper|88/100|[from] item: Leftovers
|upkeep
|turn|4
|inactive|apa plays poke has 30 seconds left.
|inactive|gluttorn has 30 seconds left.
|
|t:|1782334374
|switch|p2b: Torkoal|Torkoal, L50, M|100/100
|-weather|SunnyDay|[from] ability: Drought|[of] p2b: Torkoal
|switch|p1b: Incineroar|Incineroar, L50, F|88/100
|-ability|p1b: Incineroar|Intimidate|boost
|-unboost|p2a: Scrafty|atk|1
|-unboost|p2b: Torkoal|atk|1
|detailschange|p2a: Scrafty|Scrafty-Mega, L50, M
|-mega|p2a: Scrafty|Scrafty|Scraftinite
|-ability|p2a: Scrafty|Intimidate|boost
|-unboost|p1a: Archaludon|atk|1
|-unboost|p1b: Incineroar|atk|1
|move|p2a: Scrafty|Fake Out|p1b: Incineroar
|-damage|p1b: Incineroar|79/100
|move|p1a: Archaludon|Draco Meteor|p2b: Torkoal
|-damage|p2b: Torkoal|25/100
|-unboost|p1a: Archaludon|spa|2
|
|-weather|SunnyDay|[upkeep]
|upkeep
|turn|5
|inactive|gluttorn has 30 seconds left.
|inactive|gluttorn has 20 seconds left.
|
|t:|1782334413
|switch|p1a: Pelipper|Pelipper, L50, F|88/100
|-weather|RainDance|[from] ability: Drizzle|[of] p1a: Pelipper
|move|p1b: Incineroar|Parting Shot|p2a: Scrafty
|-unboost|p2a: Scrafty|atk|1
|-unboost|p2a: Scrafty|spa|1
|inactive|apa plays poke has 30 seconds left.
|inactive|apa plays poke has 20 seconds left.
|inactive|apa plays poke has 15 seconds left.
|
|t:|1782334458
|switch|p1b: Swampert|Swampert, L50, F|100/100|[from] Parting Shot
|move|p2a: Scrafty|Drain Punch|p1a: Pelipper
|-resisted|p1a: Pelipper|1
|-damage|p1a: Pelipper|79/100
|-heal|p2a: Scrafty|40/100|[from] drain|[of] p1a: Pelipper
|move|p2b: Torkoal|Eruption|p1b: Swampert|[spread] p1a,p1b
|-resisted|p1a: Pelipper|1
|-resisted|p1b: Swampert|1
|-damage|p1a: Pelipper|74/100
|-damage|p1b: Swampert|96/100
|
|-weather|RainDance|[upkeep]
|-heal|p1a: Pelipper|80/100|[from] item: Leftovers
|upkeep
|turn|6
|
|t:|1782334482
|detailschange|p1b: Swampert|Swampert-Mega, L50, F
|-mega|p1b: Swampert|Swampert|Swampertite
|move|p2b: Torkoal|Protect|p2b: Torkoal
|-singleturn|p2b: Torkoal|Protect
|move|p1b: Swampert|Earthquake|p2a: Scrafty|[spread] p2a
|-activate|p2b: Torkoal|move: Protect
|-immune|p1a: Pelipper
|-damage|p2a: Scrafty|1/100
|move|p1a: Pelipper|Hurricane|p2a: Scrafty
|-supereffective|p2a: Scrafty|1
|-damage|p2a: Scrafty|0 fnt
|faint|p2a: Scrafty
|
|-weather|RainDance|[upkeep]
|-heal|p1a: Pelipper|86/100|[from] item: Leftovers
|upkeep
|
|t:|1782334498
|switch|p2a: Staraptor|Staraptor, L50, F|100/100
|-ability|p2a: Staraptor|Intimidate|boost
|-unboost|p1a: Pelipper|atk|1
|-unboost|p1b: Swampert|atk|1
|turn|7
|
|t:|1782334515
|switch|p1a: Incineroar|Incineroar, L50, F|79/100
|-ability|p1a: Incineroar|Intimidate|boost
|-unboost|p2a: Staraptor|atk|1
|-unboost|p2b: Torkoal|atk|1
|switch|p2b: Vileplume|Vileplume, L50, F|100/100
|move|p2a: Staraptor|Final Gambit|p1b: Swampert
|-damage|p1b: Swampert|0 fnt
|faint|p2a: Staraptor
|faint|p1b: Swampert
|
|-weather|RainDance|[upkeep]
|upkeep
|
|t:|1782334528
|switch|p2a: Torkoal|Torkoal, L50, M|25/100
|switch|p1b: Archaludon|Archaludon, L50, F|100/100
|-weather|SunnyDay|[from] ability: Drought|[of] p2a: Torkoal
|turn|8
|c|☆apa plays poke|damm thats fats
|
|t:|1782334543
|move|p2b: Vileplume|Protect|p2b: Vileplume
|-singleturn|p2b: Vileplume|Protect
|move|p2a: Torkoal|Protect|p2a: Torkoal
|-singleturn|p2a: Torkoal|Protect
|move|p1a: Incineroar|Fake Out|p2b: Vileplume
|-activate|p2b: Vileplume|move: Protect
|move|p1b: Archaludon|Electro Shot||[still]
|-prepare|p1b: Archaludon|Electro Shot
|-boost|p1b: Archaludon|spa|1
|
|-weather|SunnyDay|[upkeep]
|upkeep
|turn|9
|inactive|gluttorn has 30 seconds left.
|inactive|gluttorn has 20 seconds left.
|inactive|gluttorn has 15 seconds left.
|
|t:|1782334585
|switch|p1a: Pelipper|Pelipper, L50, F|86/100
|-weather|RainDance|[from] ability: Drizzle|[of] p1a: Pelipper
|move|p2b: Vileplume|After You|p2a: Torkoal
|-activate|p2a: Torkoal|move: After You
|move|p2a: Torkoal|Earth Power|p1b: Archaludon
|-supereffective|p1b: Archaludon|1
|-enditem|p1b: Archaludon|Shuca Berry|[eat]
|-enditem|p1b: Archaludon|Shuca Berry|[weaken]
|-damage|p1b: Archaludon|66/100
|-unboost|p1b: Archaludon|spd|1
|-ability|p1b: Archaludon|Stamina|boost
|-boost|p1b: Archaludon|def|1
|move|p1b: Archaludon|Electro Shot|p2a: Torkoal|[from] lockedmove
|-crit|p2a: Torkoal
|-damage|p2a: Torkoal|0 fnt
|faint|p2a: Torkoal
|
|-weather|RainDance|[upkeep]
|-heal|p1a: Pelipper|91/100|[from] item: Leftovers
|upkeep
|turn|10
|inactive|apa plays poke has 30 seconds left.
|inactive|gluttorn has 30 seconds left.
|
|t:|1782334615
|move|p2b: Vileplume|Sludge Bomb|p1a: Pelipper
|-damage|p1a: Pelipper|23/100
|move|p1b: Archaludon|Electro Shot||[still]
|-prepare|p1b: Archaludon|Electro Shot
|-boost|p1b: Archaludon|spa|1
|-anim|p1b: Archaludon|Electro Shot|p2b: Vileplume
|-resisted|p2b: Vileplume|1
|-damage|p2b: Vileplume|53/100
|move|p1a: Pelipper|Hurricane|p2b: Vileplume
|-supereffective|p2b: Vileplume|1
|-damage|p2b: Vileplume|0 fnt
|faint|p2b: Vileplume
|
|win|apa plays poke
||apa plays poke is ready for game 3.
|inactive|gluttorn has 30 seconds to confirm battle start!
|inactive|gluttorn has 20 seconds to confirm battle start!
