|j|☆viatles
|j|☆ManoloVAR
|html|viatlesManoloVAR    
|uhtml|bestof|Game 2 of a best-of-3
|t:|1783566677
|gametype|doubles
|player|p1|viatles|hiker|1136
|player|p2|ManoloVAR|hilbert|1137
|gen|9
|tier|[Gen 9 Champions] VGC 2026 Reg M-B (Bo3)
|rated|
|rule|Species Clause: Limit one of each Pokémon
|rule|Item Clause: Limit 1 of each item
|clearpoke
|poke|p1|Beedrill, L50, F, shiny|
|poke|p1|Corviknight, L50, M|
|poke|p1|Hydreigon, L50, M|
|poke|p1|Sableye, L50, F|
|poke|p1|Talonflame, L50, F, shiny|
|poke|p1|Glimmora, L50, F|
|poke|p2|Sinistcha-Masterpiece, L50|
|poke|p2|Swampert, L50, M|
|poke|p2|Politoed, L50, M|
|poke|p2|Incineroar, L50, M|
|poke|p2|Archaludon, L50, M|
|poke|p2|Gengar, L50, M, shiny|
|teampreview|4
|showteam|p1|Beedrill||Beedrillite|Sniper|Uturn,DrillRun,PoisonJab,Protect|Jolly||F|||50|]Corviknight||Leftovers|MirrorArmor|BodyPress,BraveBird,IronHead,Roost|Impish||M|||50|]Hydreigon||ChoiceScarf|Levitate|DracoMeteor,DarkPulse,HeatWave,EarthPower|Modest||M|||50|]Sableye||RoseliBerry|Prankster|FakeOut,FoulPlay,RainDance,Quash|Sassy||F|||50|]Talonflame||SharpBeak|GaleWings|DualWingbeat,Tailwind,Protect,WillOWisp|Jolly||F|||50|]Glimmora||FocusSash|ToxicDebris|PowerGem,SludgeBomb,EarthPower,SpikyShield|Modest||F|||50|
|showteam|p2|Sinistcha-Masterpiece||KasibBerry|Hospitality|MatchaGotcha,Protect,LifeDew,TrickRoom|Bold|||||50|]Swampert||Swampertite|Torrent|HighHorsepower,WaveCrash,IcePunch,Protect|Adamant||M|||50|]Politoed||SitrusBerry|Drizzle|PerishSong,Protect,IcyWind,WeatherBall|Calm||M|||50|]Incineroar||WhiteHerb|Intimidate|CloseCombat,FlareBlitz,PartingShot,FakeOut|Adamant||M|||50|]Archaludon||Leftovers|Stamina|ElectroShot,DracoMeteor,Protect,FlashCannon|Modest||M|||50|]Gengar||Gengarite|CursedBody|Protect,SludgeBomb,ShadowBall,PerishSong|Timid||M|||50|
|inactive|Battle timer is ON: inactive players will automatically lose when time's up. (requested by ManoloVAR)
|
|t:|1783566703
|teamsize|p1|4
|teamsize|p2|4
|start
|switch|p1a: Sableye|Sableye, L50, F|100/100
|switch|p1b: Malsumas|Beedrill, L50, F, shiny|100/100
|switch|p2a: Incineroar|Incineroar, L50, M|100/100
|switch|p2b: Politoed|Politoed, L50, M|100/100
|-weather|RainDance|[from] ability: Drizzle|[of] p2b: Politoed
|-ability|p2a: Incineroar|Intimidate|boost
|-unboost|p1a: Sableye|atk|1
|-unboost|p1b: Malsumas|atk|1
|turn|1
|inactive|ManoloVAR has 30 seconds left.
|inactive|ManoloVAR has 20 seconds left.
|inactive|ManoloVAR has 15 seconds left.
|
|t:|1783566745
|detailschange|p1b: Malsumas|Beedrill-Mega, L50, F, shiny
|-mega|p1b: Malsumas|Beedrill|Beedrillite
|move|p1b: Malsumas|Protect|p1b: Malsumas
|-singleturn|p1b: Malsumas|Protect
|move|p2a: Incineroar|Fake Out|p1b: Malsumas
|-activate|p1b: Malsumas|move: Protect
|move|p1a: Sableye|Fake Out|p2b: Politoed
|-damage|p2b: Politoed|95/100
|cant|p2b: Politoed|flinch
|
|-weather|RainDance|[upkeep]
|upkeep
|turn|2
|
|t:|1783566761
|move|p1b: Malsumas|U-turn|p2b: Politoed
|-damage|p2b: Politoed|60/100
|
|t:|1783566764
|switch|p1b: Corviknight|Corviknight, L50, M|100/100|[from] U-turn
|move|p2b: Politoed|Icy Wind|p1b: Corviknight|[spread] p1a,p1b
|-damage|p1a: Sableye|88/100
|-damage|p1b: Corviknight|91/100
|-unboost|p1a: Sableye|spe|1
|-ability|p1b: Corviknight|Mirror Armor
|-unboost|p2b: Politoed|spe|1
|move|p2a: Incineroar|Parting Shot|p1b: Corviknight
|-ability|p1b: Corviknight|Mirror Armor
|-unboost|p2a: Incineroar|atk|1
|-ability|p1b: Corviknight|Mirror Armor
|-unboost|p2a: Incineroar|spa|1
|
|t:|1783566783
|switch|p2a: Archaludon|Archaludon, L50, M|100/100|[from] Parting Shot
|move|p1a: Sableye|Foul Play|p2b: Politoed
|-damage|p2b: Politoed|37/100
|-enditem|p2b: Politoed|Sitrus Berry|[eat]
|-heal|p2b: Politoed|62/100|[from] item: Sitrus Berry
|
|-weather|RainDance|[upkeep]
|-heal|p1b: Corviknight|97/100|[from] item: Leftovers
|upkeep
|turn|3
|
|t:|1783566808
|move|p2a: Archaludon|Electro Shot||[still]
|-prepare|p2a: Archaludon|Electro Shot
|-boost|p2a: Archaludon|spa|1
|-anim|p2a: Archaludon|Electro Shot|p1b: Corviknight
|-supereffective|p1b: Corviknight|1
|-damage|p1b: Corviknight|0 fnt
|faint|p1b: Corviknight
|move|p2b: Politoed|Weather Ball|p1a: Sableye
|-damage|p1a: Sableye|35/100
|move|p1a: Sableye|Foul Play|p2b: Politoed
|-damage|p2b: Politoed|38/100
|
|-weather|RainDance|[upkeep]
|upkeep
|
|t:|1783566815
|switch|p1b: Hydreigon|Hydreigon, L50, M|100/100
|turn|4
|
|t:|1783566827
|switch|p2b: Incineroar|Incineroar, L50, M|100/100
|-ability|p2b: Incineroar|Intimidate|boost
|-unboost|p1a: Sableye|atk|1
|-unboost|p1b: Hydreigon|atk|1
|move|p2a: Archaludon|Protect|p2a: Archaludon
|-singleturn|p2a: Archaludon|Protect
|move|p1b: Hydreigon|Draco Meteor|p2a: Archaludon
|-activate|p2a: Archaludon|move: Protect
|move|p1a: Sableye|Foul Play|p2b: Incineroar
|-resisted|p2b: Incineroar|1
|-damage|p2b: Incineroar|77/100
|
|-weather|RainDance|[upkeep]
|upkeep
|turn|5
|
|t:|1783566843
|switch|p1b: Malsumas|Beedrill-Mega, L50, F, shiny|100/100
|move|p2a: Archaludon|Draco Meteor|p1b: Malsumas
|-damage|p1b: Malsumas|0 fnt
|-unboost|p2a: Archaludon|spa|2
|faint|p1b: Malsumas
|move|p2b: Incineroar|Close Combat|p1a: Sableye
|-immune|p1a: Sableye
|move|p1a: Sableye|Foul Play|p2b: Incineroar
|-resisted|p2b: Incineroar|1
|-damage|p2b: Incineroar|52/100
|
|-weather|none
|upkeep
|
|t:|1783566856
|switch|p1b: Hydreigon|Hydreigon, L50, M|100/100
|turn|6
|
|t:|1783566869
|move|p1b: Hydreigon|Earth Power|p2b: Incineroar
|-supereffective|p2b: Incineroar|1
|-damage|p2b: Incineroar|0 fnt
|faint|p2b: Incineroar
|move|p2a: Archaludon|Draco Meteor|p1b: Hydreigon
|-supereffective|p1b: Hydreigon|1
|-damage|p1b: Hydreigon|4/100
|-unboost|p2a: Archaludon|spa|2
|move|p1a: Sableye|Foul Play|p2a: Archaludon
|-damage|p2a: Archaludon|76/100
|-ability|p2a: Archaludon|Stamina|boost
|-boost|p2a: Archaludon|def|1
|
|-heal|p2a: Archaludon|82/100|[from] item: Leftovers
|upkeep
|
|t:|1783566875
|switch|p2b: Swampert|Swampert, L50, M|100/100
|turn|7
|
|t:|1783566890
|detailschange|p2b: Swampert|Swampert-Mega, L50, M
|-mega|p2b: Swampert|Swampert|Swampertite
|move|p1a: Sableye|Rain Dance|p1a: Sableye
|-weather|RainDance
|move|p1b: Hydreigon|Earth Power|p2b: Swampert
|-damage|p2b: Swampert|70/100
|move|p2b: Swampert|Ice Punch|p1b: Hydreigon
|-supereffective|p1b: Hydreigon|1
|-damage|p1b: Hydreigon|0 fnt
|faint|p1b: Hydreigon
|move|p2a: Archaludon|Flash Cannon|p1a: Sableye
|-damage|p1a: Sableye|17/100
|
|-weather|RainDance|[upkeep]
|-heal|p2a: Archaludon|88/100|[from] item: Leftovers
|upkeep
|turn|8
|c|☆viatles|ggs
|
|t:|1783566904
|move|p2b: Swampert|Wave Crash|p1a: Sableye
|-damage|p1a: Sableye|0 fnt
|faint|p1a: Sableye
|-damage|p2b: Swampert|65/100|[from] Recoil
|
|win|ManoloVAR
|raw|viatles's rating: 1136 → 1111(-25 for losing)
|raw|ManoloVAR's rating: 1137 → 1162(+25 for winning)
|c|☆ManoloVAR|gg
