|j|☆dfjkhbf
|j|☆Arroz Integral
|html|dfjkhbfArroz Integral    
|uhtml|bestof|Game 2 of a best-of-3
|t:|1756808219
|gametype|doubles
|player|p1|dfjkhbf|dawn|1194
|player|p2|Arroz Integral|harmony|1243
|gen|9
|tier|[Gen 9] VGC 2025 Reg H (Bo3)
|rated|
|rule|Species Clause: Limit one of each Pokémon
|rule|Item Clause: Limit 1 of each item
|clearpoke
|poke|p1|Lilligant-Hisui, L50, F|
|poke|p1|Torkoal, L50, F|
|poke|p1|Indeedee-F, L50, F|
|poke|p1|Hatterene, L50, F|
|poke|p1|Ursaluna, L50, M|
|poke|p1|Typhlosion-Hisui, L50, F|
|poke|p2|Volcarona, L50, M|
|poke|p2|Rillaboom, L50, M|
|poke|p2|Gholdengo, L50|
|poke|p2|Sneasler, L50, M|
|poke|p2|Primarina, L50, M|
|poke|p2|Sinistcha-Masterpiece, L50|
|teampreview|4
|showteam|p1|Lilligant-Hisui||FocusSash|Chlorophyll|Protect,CloseCombat,LeafBlade,AfterYou|||F|||50|,,,,,Ghost]Torkoal||Charcoal|Drought|Protect,Eruption,WeatherBall,HeatWave|||F|||50|,,,,,Fire]Indeedee-F||SafetyGoggles|PsychicSurge|FollowMe,TrickRoom,HelpingHand,Psychic|||F|||50|,,,,,Fairy]Hatterene||LifeOrb|MagicBounce|ExpandingForce,DazzlingGleam,TeraBlast,TrickRoom|||F|||50|,,,,,Fire]Ursaluna||FlameOrb|Guts|Protect,Facade,Earthquake,HeadlongRush|||M|||50|,,,,,Ghost]Typhlosion-Hisui||ChoiceScarf|Blaze|Eruption,HeatWave,Overheat,ShadowBall|||F|||50|,,,,,Fire
|showteam|p2|Volcarona||CovertCloak|FlameBody|QuiverDance,HeatWave,TeraBlast,Protect|||M|||50|,,,,,Fairy]Rillaboom||AssaultVest|GrassySurge|Uturn,WoodHammer,GrassyGlide,FakeOut|||M|||50|,,,,,Fire]Gholdengo||MetalCoat|GoodasGold|MakeItRain,ShadowBall,NastyPlot,Protect||||||50|,,,,,Dragon]Sneasler||FocusSash|Unburden|DireClaw,CloseCombat,FakeOut,Protect|||M|||50|,,,,,Stellar]Primarina||SitrusBerry|LiquidVoice|HyperVoice,Moonblast,Haze,Protect|||M|||50|,,,,,Poison]Sinistcha-Masterpiece||RockyHelmet|Hospitality|MatchaGotcha,RagePowder,TrickRoom,Imprison||||||50|,,,,,Dark
|inactive|Battle timer is ON: inactive players will automatically lose when time's up. (requested by dfjkhbf)
|inactive|Arroz Integral also wants the timer to be on.
|
|t:|1756808236
|teamsize|p1|4
|teamsize|p2|4
|start
|switch|p1a: Indeedee|Indeedee-F, L50, F|100/100
|switch|p1b: Hatterene|Hatterene, L50, F|100/100
|switch|p2a: Gholdengo|Gholdengo, L50|100/100
|switch|p2b: Sinistcha|Sinistcha-Masterpiece, L50|100/100
|-fieldstart|move: Psychic Terrain|[from] ability: Psychic Surge|[of] p1a: Indeedee
|turn|1
|
|t:|1756808251
|-terastallize|p2a: Gholdengo|Dragon
|-terastallize|p1b: Hatterene|Fire
|move|p2a: Gholdengo|Nasty Plot|p2a: Gholdengo
|-boost|p2a: Gholdengo|spa|2
|move|p2b: Sinistcha|Imprison|p2b: Sinistcha
|-start|p2b: Sinistcha|move: Imprison
|move|p1b: Hatterene|Tera Blast|p2a: Gholdengo|[anim] Tera Blast Fire
|-resisted|p2a: Gholdengo
|-damage|p2a: Gholdengo|72/100
|-damage|p1b: Hatterene|91/100|[from] item: Life Orb
|cant|p1a: Indeedee|move: Imprison|Trick Room
|
|upkeep
|turn|2
|
|t:|1756808268
|move|p2a: Gholdengo|Protect|p2a: Gholdengo
|-singleturn|p2a: Gholdengo|Protect
|move|p1a: Indeedee|Follow Me|p1a: Indeedee
|-singleturn|p1a: Indeedee|move: Follow Me
|move|p2b: Sinistcha|Matcha Gotcha|p1a: Indeedee|[spread] p1b
|-miss|p2b: Sinistcha|p1a: Indeedee
|-resisted|p1b: Hatterene
|-damage|p1b: Hatterene|79/100
|move|p1b: Hatterene|Expanding Force|p2b: Sinistcha|[spread] p2b
|-activate|p2a: Gholdengo|move: Protect
|-damage|p2b: Sinistcha|13/100
|-damage|p1b: Hatterene|69/100|[from] item: Life Orb
|
|upkeep
|turn|3
|
|t:|1756808280
|move|p1a: Indeedee|Follow Me|p1a: Indeedee
|-singleturn|p1a: Indeedee|move: Follow Me
|move|p2a: Gholdengo|Make It Rain|p1a: Indeedee|[spread] p1a,p1b
|-resisted|p1b: Hatterene
|-damage|p1a: Indeedee|0 fnt
|-damage|p1b: Hatterene|12/100
|-unboost|p2a: Gholdengo|spa|1
|faint|p1a: Indeedee
|move|p2b: Sinistcha|Matcha Gotcha|p1b: Hatterene
|-resisted|p1b: Hatterene
|-damage|p1b: Hatterene|0 fnt
|-heal|p2b: Sinistcha|18/100|[from] drain|[of] p1b: Hatterene
|faint|p1b: Hatterene
|
|upkeep
|
|t:|1756808287
|switch|p1a: Ursaluna|Ursaluna, L50, M|100/100
|switch|p1b: Typhlosion|Typhlosion-Hisui, L50, F|100/100
|turn|4
|inactive|dfjkhbf has 30 seconds left.
|
|t:|1756808320
|move|p2a: Gholdengo|Protect|p2a: Gholdengo
|-singleturn|p2a: Gholdengo|Protect
|move|p1b: Typhlosion|Heat Wave|p2b: Sinistcha|[spread] p2b
|-activate|p2a: Gholdengo|move: Protect
|-supereffective|p2b: Sinistcha
|-damage|p2b: Sinistcha|0 fnt
|faint|p2b: Sinistcha
|move|p1a: Ursaluna|Headlong Rush|p2a: Gholdengo
|-activate|p2a: Gholdengo|move: Protect
|
|-status|p1a: Ursaluna|brn|[from] item: Flame Orb
|upkeep
|
|t:|1756808329
|switch|p2b: Rillaboom|Rillaboom, L50, M, shiny|100/100
|-fieldstart|move: Grassy Terrain|[from] ability: Grassy Surge|[of] p2b: Rillaboom
|turn|5
|
|t:|1756808344
|move|p2b: Rillaboom|Fake Out|p1a: Ursaluna
|-damage|p1a: Ursaluna|92/100 brn
|move|p1b: Typhlosion|Heat Wave|p2a: Gholdengo|[spread] p2a,p2b
|-resisted|p2a: Gholdengo
|-supereffective|p2b: Rillaboom
|-damage|p2a: Gholdengo|54/100
|-damage|p2b: Rillaboom|53/100
|move|p2a: Gholdengo|Shadow Ball|p1b: Typhlosion
|-supereffective|p1b: Typhlosion
|-damage|p1b: Typhlosion|0 fnt
|faint|p1b: Typhlosion
|cant|p1a: Ursaluna|flinch
|
|-heal|p2a: Gholdengo|60/100|[from] Grassy Terrain
|-heal|p2b: Rillaboom|59/100|[from] Grassy Terrain
|-heal|p1a: Ursaluna|98/100 brn|[from] Grassy Terrain
|-damage|p1a: Ursaluna|92/100 brn|[from] brn
|upkeep
|turn|6
|
|t:|1756808355
|move|p2a: Gholdengo|Make It Rain|p1a: Ursaluna
|-damage|p1a: Ursaluna|0 fnt
|-unboost|p2a: Gholdengo|spa|1
|faint|p1a: Ursaluna
|
|win|Arroz Integral
|raw|dfjkhbf's rating: 1194 → 1173(-21 for losing)
|raw|Arroz Integral's rating: 1243 → 1264(+21 for winning)
|l|☆dfjkhbf
|player|p1|
