|j|☆ThatGualaKid
|j|☆gerginator
|html|ThatGualaKidgerginator    
|uhtml|bestof|Game 3 of a best-of-3
|t:|1785761729
|gametype|doubles
|player|p1|ThatGualaKid|266|
|player|p2|gerginator|170|
|gen|9
|tier|[Gen 9 Champions] VGC 2026 Reg M-B (Bo3)
|rule|Species Clause: Limit one of each Pokémon
|rule|Item Clause: Limit 1 of each item
|clearpoke
|poke|p1|Charizard, L50, M, shiny|
|poke|p1|Venusaur, L50, M|
|poke|p1|Basculegion, L50, M|
|poke|p1|Jolteon, L50, M|
|poke|p1|Kingambit, L50, F|
|poke|p1|Sableye, L50, F|
|poke|p2|Sinistcha, L50|
|poke|p2|Liepard, L50, M|
|poke|p2|Aerodactyl, L50, M|
|poke|p2|Rotom-Heat, L50|
|poke|p2|Krookodile, L50, F|
|poke|p2|Vaporeon, L50, F|
|teampreview|4
|showteam|p1|Charizard||CharizarditeY|Blaze|HeatWave,SolarBeam,WeatherBall,Protect|Modest||M|||50|]Venusaur||LifeOrb|Chlorophyll|EnergyBall,SludgeBomb,WeatherBall,Protect|Modest||M|||50|]Basculegion||MysticWater|Adaptability|AquaJet,WaveCrash,LastRespects,Protect|Adamant||M|||50|]Jolteon||FocusSash|VoltAbsorb|Thunderbolt,AlluringVoice,WeatherBall,Detect|Timid||M|||50|]Kingambit||BlackGlasses|Defiant|KowtowCleave,SuckerPunch,IronHead,Protect|Adamant||F|||50|]Sableye||Sablenite|Prankster|FoulPlay,Quash,Encore,RainDance|Impish||F|||50|
|showteam|p2|Sinistcha||OccaBerry|Hospitality|RagePowder,MatchaGotcha,NightShade,StrengthSap|Brave|||||50|]Liepard||FocusSash|Prankster|FakeOut,Taunt,Encore,SuckerPunch|Jolly||M|||50|]Aerodactyl||Aerodactylite|Unnerve|RockSlide,DualWingbeat,Tailwind,Protect|Jolly||M|||50|]Rotom-Heat||Magnet|Levitate|Thunderbolt,Overheat,WillOWisp,Protect|Modest|||||50|]Krookodile||PasshoBerry|Moxie|HighHorsepower,StoneEdge,KnockOff,Taunt|Jolly||F|||50|]Vaporeon||RindoBerry|WaterAbsorb|Yawn,Scald,HelpingHand,Detect|Bold||F|||50|
|
|t:|1785761790
|teamsize|p1|4
|teamsize|p2|4
|start
|switch|p1a: Kingambit|Kingambit, L50, F|100/100
|switch|p1b: Sableye|Sableye, L50, F|100/100
|switch|p2a: Rotom|Rotom-Heat, L50|100/100
|switch|p2b: Liepard|Liepard, L50, M|100/100
|turn|1
|
|t:|1785761806
|move|p1a: Kingambit|Protect|p1a: Kingambit
|-singleturn|p1a: Kingambit|Protect
|move|p2b: Liepard|Fake Out|p1a: Kingambit
|-activate|p1a: Kingambit|move: Protect
|move|p1b: Sableye|Rain Dance|p1b: Sableye
|-weather|RainDance
|move|p2a: Rotom|Thunderbolt|p1b: Sableye
|-damage|p1b: Sableye|38/100
|-status|p1b: Sableye|par
|
|-weather|RainDance|[upkeep]
|upkeep
|turn|2
|
|t:|1785761819
|move|p2b: Liepard|Encore|p1a: Kingambit
|-hint|Since gen 7, Dark is immune to Prankster moves.
|-immune|p1a: Kingambit
|move|p1b: Sableye|Encore|p2a: Rotom
|-start|p2a: Rotom|Encore
|move|p2a: Rotom|Thunderbolt|p1b: Sableye
|-damage|p1b: Sableye|0 fnt
|faint|p1b: Sableye
|move|p1a: Kingambit|Iron Head|p2b: Liepard
|-damage|p2b: Liepard|19/100
|
|-weather|RainDance|[upkeep]
|upkeep
|
|t:|1785761840
|switch|p1b: Venusaur|Venusaur, L50, M|100/100
|turn|3
|
|t:|1785761855
|switch|p2a: Vaporeon|Vaporeon, L50, F|100/100
|move|p2b: Liepard|Taunt|p1b: Venusaur
|-start|p1b: Venusaur|move: Taunt
|move|p1b: Venusaur|Weather Ball|p2a: Vaporeon
|-immune|p2a: Vaporeon|[from] ability: Water Absorb
|move|p1a: Kingambit|Iron Head|p2b: Liepard
|-damage|p2b: Liepard|0 fnt
|faint|p2b: Liepard
|
|-weather|RainDance|[upkeep]
|upkeep
|
|t:|1785761876
|switch|p2b: Aerodactyl|Aerodactyl, L50, M|100/100
|-ability|p2b: Aerodactyl|Unnerve
|turn|4
|c|☆ThatGualaKid|this is a good match!
|
|t:|1785761888
|switch|p1b: Basculegion|Basculegion, L50, M|100/100
|detailschange|p2b: Aerodactyl|Aerodactyl-Mega, L50, M
|-mega|p2b: Aerodactyl|Aerodactyl|Aerodactylite
|move|p2b: Aerodactyl|Protect|p2b: Aerodactyl
|-singleturn|p2b: Aerodactyl|Protect
|move|p2a: Vaporeon|Yawn|p1a: Kingambit
|-start|p1a: Kingambit|move: Yawn|[of] p2a: Vaporeon
|move|p1a: Kingambit|Iron Head|p2b: Aerodactyl
|-activate|p2b: Aerodactyl|move: Protect
|
|-weather|RainDance|[upkeep]
|upkeep
|turn|5
|
|t:|1785761925
|switch|p1a: Venusaur|Venusaur, L50, M|100/100
|move|p1b: Basculegion|Aqua Jet|p2b: Aerodactyl
|-supereffective|p2b: Aerodactyl|1
|-damage|p2b: Aerodactyl|0 fnt
|faint|p2b: Aerodactyl
|move|p2a: Vaporeon|Yawn|p1b: Basculegion
|-start|p1b: Basculegion|move: Yawn|[of] p2a: Vaporeon
|
|-weather|none
|upkeep
|
|t:|1785761935
|switch|p2b: Rotom|Rotom-Heat, L50|100/100
|turn|6
|
|t:|1785761969
|move|p2a: Vaporeon|Helping Hand|p2b: Rotom
|-singleturn|p2b: Rotom|Helping Hand|[of] p2a: Vaporeon
|move|p1b: Basculegion|Aqua Jet|p2b: Rotom
|-supereffective|p2b: Rotom|1
|-damage|p2b: Rotom|23/100
|move|p1a: Venusaur|Sludge Bomb|p2b: Rotom
|-damage|p2b: Rotom|0 fnt
|faint|p2b: Rotom
|-damage|p1a: Venusaur|90/100|[from] item: Life Orb
|
|-end|p1b: Basculegion|move: Yawn|[silent]
|-status|p1b: Basculegion|slp
|upkeep
|turn|7
|c|☆ThatGualaKid|that yawn is so annoying
|
|t:|1785761983
|cant|p1b: Basculegion|slp
|move|p1a: Venusaur|Energy Ball|p2a: Vaporeon
|-supereffective|p2a: Vaporeon|1
|-enditem|p2a: Vaporeon|Rindo Berry|[eat]
|-enditem|p2a: Vaporeon|Rindo Berry|[weaken]
|-damage|p2a: Vaporeon|53/100
|-damage|p1a: Venusaur|80/100|[from] item: Life Orb
|move|p2a: Vaporeon|Yawn|p1a: Venusaur
|-start|p1a: Venusaur|move: Yawn|[of] p2a: Vaporeon
|
|upkeep
|turn|8
|c|☆gerginator|am i allowed to ff?
|c|☆gerginator|or nah
|c|☆ThatGualaKid|i dont think so for differential
|c|☆gerginator|ok
|
|t:|1785762018
|switch|p1a: Kingambit|Kingambit, L50, F|100/100
|-curestatus|p1b: Basculegion|slp|[msg]
|move|p1b: Basculegion|Last Respects|p2a: Vaporeon
|-damage|p2a: Vaporeon|6/100
|move|p2a: Vaporeon|Scald|p1b: Basculegion
|-resisted|p1b: Basculegion|1
|-damage|p1b: Basculegion|81/100
|-status|p1b: Basculegion|brn
|
|-damage|p1b: Basculegion|75/100 brn|[from] brn
|upkeep
|turn|9
|c|☆ThatGualaKid|you played really well, your support mons were really annoying to play around
|
|t:|1785762042
|move|p2a: Vaporeon|Helping Hand|p2: Rotom|[notarget]
|-fail|p2a: Vaporeon
|move|p1b: Basculegion|Aqua Jet|p2a: Vaporeon
|-heal|p2a: Vaporeon|31/100|[from] ability: Water Absorb|[of] p1b: Basculegion
|move|p1a: Kingambit|Sucker Punch||[still]
|-fail|p1a: Kingambit
|
|-damage|p1b: Basculegion|69/100 brn|[from] brn
|upkeep
|turn|10
|c|☆ThatGualaKid|lol
|
|t:|1785762052
|move|p2a: Vaporeon|Detect|p2a: Vaporeon
|-singleturn|p2a: Vaporeon|Protect
|move|p1b: Basculegion|Last Respects|p2a: Vaporeon
|-activate|p2a: Vaporeon|move: Protect
|move|p1a: Kingambit|Kowtow Cleave|p2a: Vaporeon
|-activate|p2a: Vaporeon|move: Protect
|
|-damage|p1b: Basculegion|63/100 brn|[from] brn
|upkeep
|turn|11
|
|t:|1785762062
|move|p1b: Basculegion|Last Respects|p2a: Vaporeon
|-damage|p2a: Vaporeon|5/100
|move|p2a: Vaporeon|Scald|p1a: Kingambit
|-damage|p1a: Kingambit|67/100
|move|p1a: Kingambit|Kowtow Cleave|p2a: Vaporeon
|-damage|p2a: Vaporeon|0 fnt
|faint|p2a: Vaporeon
|
|win|ThatGualaKid
|c|☆ThatGualaKid|ggs!
|c|☆gerginator|ggs
|l|☆gerginator
|player|p2|
