|j|☆Erick Shai v
|j|☆starlight74
|html|Erick Shai vstarlight74    
|uhtml|bestof|Game 2 of a best-of-3
|t:|1784083015
|gametype|doubles
|player|p1|Erick Shai v|pokemaniac|1268
|player|p2|starlight74|anabel-gen7|1440
|gen|9
|tier|[Gen 9 Champions] VGC 2026 Reg M-B (Bo3)
|rated|
|rule|Species Clause: Limit one of each Pokémon
|rule|Item Clause: Limit 1 of each item
|clearpoke
|poke|p1|Milotic, L50, M|
|poke|p1|Incineroar, L50, M|
|poke|p1|Garchomp, L50, F|
|poke|p1|Venusaur, L50, M|
|poke|p1|Aerodactyl, L50, F|
|poke|p1|Gardevoir, L50, M, shiny|
|poke|p2|Froslass, L50, F|
|poke|p2|Dragonite, L50, F|
|poke|p2|Sneasler, L50, F|
|poke|p2|Kingambit, L50, M|
|poke|p2|Blaziken, L50, F|
|poke|p2|Rotom-Wash, L50|
|teampreview|4
|showteam|p1|Milotic||Leftovers|Competitive|Coil,MuddyWater,Hypnosis,Protect|Calm||M|||50|]Incineroar||ChopleBerry|Intimidate|FakeOut,FlareBlitz,ThroatChop,PartingShot|Careful||M|||50|]Garchomp||LifeOrb|RoughSkin|SwordsDance,Earthquake,ScaleShot,Protect|Jolly||F|||50|]Venusaur||Venusaurite|Chlorophyll|GigaDrain,SludgeBomb,EarthPower,Protect|Modest||M|||50|]Aerodactyl||FocusSash|Unnerve|Tailwind,RockSlide,DualWingbeat,Protect|Jolly||F|||50|]Gardevoir||Gardevoirite|Telepathy|HyperVoice,AuraSphere,Thunderbolt,Protect|Modest||M|||50|
|showteam|p2|Froslass||Froslassite|CursedBody|Blizzard,ShadowBall,AuroraVeil,Protect|Timid||F|||50|]Dragonite||LifeOrb|InnerFocus|DragonClaw,ExtremeSpeed,LowKick,Protect|Adamant||F|||50|]Sneasler||FocusSash|PoisonTouch|CloseCombat,PoisonJab,FakeOut,Protect|Jolly||F|||50|]Kingambit||BlackGlasses|Defiant|KowtowCleave,IronHead,SuckerPunch,Protect|Adamant||M|||50|]Blaziken||Blazikenite|SpeedBoost|CloseCombat,FlareBlitz,RockSlide,Protect|Adamant||F|||50|]Rotom-Wash||ChoiceScarf|Levitate|Thunderbolt,VoltSwitch,HydroPump,Trick|Timid|||||50|
|inactive|Battle timer is ON: inactive players will automatically lose when time's up. (requested by starlight74)
|
|t:|1784083044
|teamsize|p1|4
|teamsize|p2|4
|start
|switch|p1a: CHOCHODRILO|Aerodactyl, L50, F|100/100
|switch|p1b: Gardevoir|Gardevoir, L50, M, shiny|100/100
|switch|p2a: Froslass|Froslass, L50, F|100/100
|switch|p2b: Rotom|Rotom-Wash, L50|100/100
|-ability|p1a: CHOCHODRILO|Unnerve
|turn|1
|
|t:|1784083066
|detailschange|p2a: Froslass|Froslass-Mega, L50, F
|-mega|p2a: Froslass|Froslass|Froslassite
|-weather|Snowscape|[from] ability: Snow Warning|[of] p2a: Froslass
|detailschange|p1b: Gardevoir|Gardevoir-Mega, L50, M, shiny
|-mega|p1b: Gardevoir|Gardevoir|Gardevoirite
|move|p2b: Rotom|Volt Switch|p1b: Gardevoir
|-damage|p1b: Gardevoir|76/100
|
|t:|1784083073
|switch|p2b: Kingambit|Kingambit, L50, M|100/100|[from] Volt Switch
|move|p1a: CHOCHODRILO|Tailwind|p1a: CHOCHODRILO
|-sidestart|p1: Erick Shai v|move: Tailwind
|move|p1b: Gardevoir|Hyper Voice|p2b: Kingambit|[spread] p2a,p2b
|-damage|p2a: Froslass|43/100
|-damage|p2b: Kingambit|47/100
|move|p2a: Froslass|Blizzard|p1a: CHOCHODRILO|[spread] p1a,p1b
|-supereffective|p1a: CHOCHODRILO|1
|-crit|p1b: Gardevoir
|-enditem|p1a: CHOCHODRILO|Focus Sash
|-damage|p1a: CHOCHODRILO|1/100
|-damage|p1b: Gardevoir|27/100
|-status|p1a: CHOCHODRILO|frz
|
|-weather|Snowscape|[upkeep]
|upkeep
|turn|2
|
|t:|1784083089
|switch|p1b: CANELA|Milotic, L50, M|100/100
|move|p2b: Kingambit|Sucker Punch||[still]
|-fail|p2b: Kingambit
|-curestatus|p1a: CHOCHODRILO|frz|[msg]
|move|p1a: CHOCHODRILO|Rock Slide|p2a: Froslass|[spread] p2a
|-miss|p1a: CHOCHODRILO|p2b: Kingambit
|-supereffective|p2a: Froslass|1
|-damage|p2a: Froslass|1/100
|move|p2a: Froslass|Aurora Veil|p2a: Froslass
|-sidestart|p2: starlight74|move: Aurora Veil
|
|-weather|Snowscape|[upkeep]
|upkeep
|turn|3
|
|t:|1784083103
|switch|p2a: Rotom|Rotom-Wash, L50|100/100
|move|p2b: Kingambit|Sucker Punch|p1a: CHOCHODRILO
|-damage|p1a: CHOCHODRILO|0 fnt
|faint|p1a: CHOCHODRILO
|move|p1b: CANELA|Coil|p1b: CANELA
|-boost|p1b: CANELA|atk|1
|-boost|p1b: CANELA|def|1
|-boost|p1b: CANELA|accuracy|1
|
|-weather|Snowscape|[upkeep]
|upkeep
|
|t:|1784083112
|switch|p1a: CHOCOLATE|Incineroar, L50, M|100/100
|-ability|p1a: CHOCOLATE|Intimidate|boost
|-unboost|p2a: Rotom|atk|1
|-unboost|p2b: Kingambit|atk|1
|-ability|p2b: Kingambit|Defiant|boost
|-boost|p2b: Kingambit|atk|2
|turn|4
|
|t:|1784083120
|switch|p2a: Froslass|Froslass-Mega, L50, F|1/100
|move|p1a: CHOCOLATE|Fake Out|p2a: Froslass
|-immune|p2a: Froslass
|move|p1b: CANELA|Hypnosis|p2b: Kingambit
|-status|p2b: Kingambit|slp|[from] move: Hypnosis
|cant|p2b: Kingambit|slp
|
|-weather|Snowscape|[upkeep]
|-sideend|p1: Erick Shai v|move: Tailwind
|upkeep
|turn|5
|
|t:|1784083136
|move|p2a: Froslass|Shadow Ball|p1b: CANELA
|-damage|p1b: CANELA|79/100
|move|p1b: CANELA|Muddy Water|p2b: Kingambit|[spread] p2a,p2b
|-damage|p2a: Froslass|0 fnt
|-damage|p2b: Kingambit|30/100 slp
|faint|p2a: Froslass
|move|p1a: CHOCOLATE|Flare Blitz|p2b: Kingambit
|-supereffective|p2b: Kingambit|1
|-damage|p2b: Kingambit|0 fnt
|faint|p2b: Kingambit
|-damage|p1a: CHOCOLATE|89/100|[from] Recoil
|
|-weather|none
|-heal|p1b: CANELA|85/100|[from] item: Leftovers
|upkeep
|
|t:|1784083144
|switch|p2a: Rotom|Rotom-Wash, L50|100/100
|switch|p2b: Dragonite|Dragonite, L50, F|100/100
|turn|6
|
|t:|1784083152
|move|p1b: CANELA|Protect|p1b: CANELA
|-singleturn|p1b: CANELA|Protect
|move|p2a: Rotom|Thunderbolt|p1b: CANELA
|-activate|p1b: CANELA|move: Protect
|move|p2b: Dragonite|Dragon Claw|p1b: CANELA
|-activate|p1b: CANELA|move: Protect
|move|p1a: CHOCOLATE|Parting Shot|p2a: Rotom
|-unboost|p2a: Rotom|atk|1
|-unboost|p2a: Rotom|spa|1
|
|t:|1784083161
|switch|p1a: Gardevoir|Gardevoir-Mega, L50, M, shiny|27/100|[from] Parting Shot
|
|-heal|p1b: CANELA|91/100|[from] item: Leftovers
|-sideend|p2: starlight74|move: Aurora Veil
|upkeep
|turn|7
|
|t:|1784083178
|switch|p1a: CHOCOLATE|Incineroar, L50, M|89/100
|-ability|p1a: CHOCOLATE|Intimidate|boost
|-unboost|p2a: Rotom|atk|1
|-fail|p2b: Dragonite|unboost|Attack|[from] ability: Inner Focus|[of] p2b: Dragonite
|move|p2b: Dragonite|Extreme Speed|p1a: CHOCOLATE
|-damage|p1a: CHOCOLATE|56/100
|-damage|p2b: Dragonite|90/100|[from] item: Life Orb
|move|p2a: Rotom|Thunderbolt|p1b: CANELA
|-supereffective|p1b: CANELA|1
|-damage|p1b: CANELA|58/100
|move|p1b: CANELA|Hypnosis|p2a: Rotom
|-status|p2a: Rotom|slp|[from] move: Hypnosis
|
|-heal|p1b: CANELA|64/100|[from] item: Leftovers
|upkeep
|turn|8
|
|t:|1784083197
|cant|p2a: Rotom|slp
|move|p2b: Dragonite|Dragon Claw|p1a: CHOCOLATE
|-damage|p1a: CHOCOLATE|9/100
|-damage|p2b: Dragonite|80/100|[from] item: Life Orb
|move|p1b: CANELA|Muddy Water|p2a: Rotom|[spread] p2a,p2b
|-resisted|p2a: Rotom|1
|-resisted|p2b: Dragonite|1
|-damage|p2a: Rotom|82/100 slp
|-damage|p2b: Dragonite|70/100
|move|p1a: CHOCOLATE|Throat Chop|p2a: Rotom
|-damage|p2a: Rotom|37/100 slp
|-start|p2a: Rotom|Throat Chop|[silent]
|
|-heal|p1b: CANELA|70/100|[from] item: Leftovers
|upkeep
|turn|9
|
|t:|1784083213
|move|p2b: Dragonite|Extreme Speed|p1a: CHOCOLATE
|-damage|p1a: CHOCOLATE|0 fnt
|faint|p1a: CHOCOLATE
|-damage|p2b: Dragonite|60/100|[from] item: Life Orb
|cant|p2a: Rotom|slp
|move|p1b: CANELA|Muddy Water|p2a: Rotom|[spread] p2a,p2b
|-resisted|p2a: Rotom|1
|-resisted|p2b: Dragonite|1
|-damage|p2a: Rotom|19/100 slp
|-damage|p2b: Dragonite|48/100
|-unboost|p2a: Rotom|accuracy|1
|
|-heal|p1b: CANELA|76/100|[from] item: Leftovers
|-end|p2a: Rotom|Throat Chop|[silent]
|upkeep
|
|t:|1784083224
|switch|p1a: Gardevoir|Gardevoir-Mega, L50, M, shiny|27/100
|turn|10
|
|t:|1784083228
|move|p1a: Gardevoir|Protect|p1a: Gardevoir
|-singleturn|p1a: Gardevoir|Protect
|move|p2b: Dragonite|Protect|p2b: Dragonite
|-singleturn|p2b: Dragonite|Protect
|-curestatus|p2a: Rotom|slp|[msg]
|move|p2a: Rotom|Thunderbolt|p1b: CANELA
|-supereffective|p1b: CANELA|1
|-damage|p1b: CANELA|43/100
|move|p1b: CANELA|Muddy Water|p2a: Rotom|[spread] p2a
|-activate|p2b: Dragonite|move: Protect
|-resisted|p2a: Rotom|1
|-damage|p2a: Rotom|4/100
|
|-heal|p1b: CANELA|49/100|[from] item: Leftovers
|upkeep
|turn|11
|
|t:|1784083252
|move|p2b: Dragonite|Extreme Speed|p1a: Gardevoir
|-damage|p1a: Gardevoir|0 fnt
|faint|p1a: Gardevoir
|-damage|p2b: Dragonite|39/100|[from] item: Life Orb
|move|p2a: Rotom|Thunderbolt|p1b: CANELA
|-supereffective|p1b: CANELA|1
|-damage|p1b: CANELA|16/100
|move|p1b: CANELA|Muddy Water|p2b: Dragonite|[spread] p2a,p2b
|-resisted|p2a: Rotom|1
|-resisted|p2b: Dragonite|1
|-damage|p2a: Rotom|0 fnt
|-damage|p2b: Dragonite|28/100
|faint|p2a: Rotom
|
|-heal|p1b: CANELA|22/100|[from] item: Leftovers
|upkeep
|turn|12
|
|t:|1784083265
|move|p1b: CANELA|Protect|p1b: CANELA
|-singleturn|p1b: CANELA|Protect
|move|p2b: Dragonite|Dragon Claw|p1b: CANELA
|-activate|p1b: CANELA|move: Protect
|
|-heal|p1b: CANELA|28/100|[from] item: Leftovers
|upkeep
|turn|13
|
|t:|1784083283
|move|p2b: Dragonite|Dragon Claw|p1b: CANELA
|-damage|p1b: CANELA|0 fnt
|faint|p1b: CANELA
|-damage|p2b: Dragonite|18/100|[from] item: Life Orb
|
|win|starlight74
|raw|Erick Shai v's rating: 1268 → 1254(-14 for losing)
|raw|starlight74's rating: 1440 → 1451(+11 for winning)
