|j|☆NerdConsultant
|j|☆NathanaelW19
|html|NerdConsultantNathanaelW19    
|uhtml|bestof|Game 2 of a best-of-3
|t:|1782595416
|gametype|doubles
|player|p1|NerdConsultant|roxie|1177
|player|p2|NathanaelW19|dragontamer|1099
|gen|9
|tier|[Gen 9 Champions] VGC 2026 Reg M-B (Bo3)
|rated|
|rule|Species Clause: Limit one of each Pokémon
|rule|Item Clause: Limit 1 of each item
|clearpoke
|poke|p1|Raichu, L50, M|
|poke|p1|Sinistcha, L50|
|poke|p1|Incineroar, L50, F, shiny|
|poke|p1|Milotic, L50, F|
|poke|p1|Ceruledge, L50, F|
|poke|p1|Mawile, L50, F|
|poke|p2|Dragalge, L50, F, shiny|
|poke|p2|Sinistcha-Masterpiece, L50, shiny|
|poke|p2|Incineroar, L50, M, shiny|
|poke|p2|Grimmsnarl, L50, M, shiny|
|poke|p2|Staraptor, L50, F, shiny|
|poke|p2|Garchomp, L50, M, shiny|
|teampreview|4
|showteam|p1|Raichu||RaichuniteY|LightningRod|Protect,ZapCannon,FocusBlast,FakeOut|Timid||M|||50|]Sinistcha||KasibBerry|Hospitality|Protect,MatchaGotcha,LifeDew,RagePowder|Relaxed|||||50|]Incineroar||SitrusBerry|Intimidate|FlareBlitz,ThroatChop,FakeOut,PartingShot|Impish||F|||50|]Milotic||Leftovers|Competitive|MuddyWater,Coil,Hypnosis,Protect|Calm||F|||50|]Ceruledge||ColburBerry|FlashFire|BitterBlade,ShadowSneak,BulkUp,Protect|Adamant||F|||50|]Mawile||Mawilite|HyperCutter|Protect,PlayRough,SuckerPunch,SwordsDance|Adamant||F|||50|
|showteam|p2|Dragalge||Dragalgite|Adaptability|DracoMeteor,SludgeBomb,Haze,Protect|Quiet||F|||50|]Sinistcha-Masterpiece||CobaBerry|Hospitality|RagePowder,MatchaGotcha,TrickRoom,Protect|Relaxed|||||50|]Incineroar||ChopleBerry|Intimidate|FakeOut,DarkestLariat,FlareBlitz,PartingShot|Impish||M|||50|]Grimmsnarl||LightClay|Prankster|Reflect,LightScreen,PartingShot,SpiritBreak|Impish||M|||50|]Staraptor||Staraptite|Intimidate|CloseCombat,BraveBird,Roost,Protect|Jolly||F|||50|]Garchomp||LifeOrb|RoughSkin|Earthquake,RockSlide,StompingTantrum,Protect|Jolly||M|||50|
|inactive|Battle timer is ON: inactive players will automatically lose when time's up. (requested by NathanaelW19)
|
|t:|1782595438
|teamsize|p1|4
|teamsize|p2|4
|start
|switch|p1a: Milotic|Milotic, L50, F|100/100
|switch|p1b: Incineroar|Incineroar, L50, F, shiny|100/100
|switch|p2a: Sinistcha|Sinistcha-Masterpiece, L50, shiny|100/100
|switch|p2b: Dragalge|Dragalge, L50, F, shiny|100/100
|-ability|p1b: Incineroar|Intimidate|boost
|-unboost|p2a: Sinistcha|atk|1
|-unboost|p2b: Dragalge|atk|1
|turn|1
|
|t:|1782595451
|move|p1a: Milotic|Coil|p1a: Milotic
|-boost|p1a: Milotic|atk|1
|-boost|p1a: Milotic|def|1
|-boost|p1a: Milotic|accuracy|1
|move|p1b: Incineroar|Flare Blitz|p2a: Sinistcha
|-supereffective|p2a: Sinistcha|1
|-damage|p2a: Sinistcha|28/100
|-damage|p1b: Incineroar|79/100|[from] Recoil
|move|p2b: Dragalge|Draco Meteor|p1a: Milotic
|-damage|p1a: Milotic|45/100
|-unboost|p2b: Dragalge|spa|2
|move|p2a: Sinistcha|Trick Room|p2a: Sinistcha
|-fieldstart|move: Trick Room|[of] p2a: Sinistcha
|
|-heal|p1a: Milotic|51/100|[from] item: Leftovers
|upkeep
|turn|2
|
|t:|1782595473
|move|p1a: Milotic|Protect|p1a: Milotic
|-singleturn|p1a: Milotic|Protect
|move|p2b: Dragalge|Haze|p2b: Dragalge
|-clearallboost
|move|p2a: Sinistcha|Matcha Gotcha|p1a: Milotic|[spread] p1b
|-activate|p1a: Milotic|move: Protect
|-resisted|p1b: Incineroar|1
|-damage|p1b: Incineroar|68/100
|-heal|p2a: Sinistcha|34/100|[from] drain|[of] p1b: Incineroar
|move|p1b: Incineroar|Flare Blitz|p2a: Sinistcha
|-supereffective|p2a: Sinistcha|1
|-damage|p2a: Sinistcha|0 fnt
|faint|p2a: Sinistcha
|-damage|p1b: Incineroar|58/100|[from] Recoil
|
|-heal|p1a: Milotic|57/100|[from] item: Leftovers
|upkeep
|
|t:|1782595482
|switch|p2a: Grimmsnarl|Grimmsnarl, L50, M, shiny|100/100
|turn|3
|
|t:|1782595494
|switch|p1b: Sinistcha|Sinistcha, L50|100/100
|-heal|p1a: Milotic|82/100|[from] ability: Hospitality|[of] p1b: Sinistcha
|move|p2a: Grimmsnarl|Reflect|p2a: Grimmsnarl
|-sidestart|p2: NathanaelW19|Reflect
|move|p2b: Dragalge|Draco Meteor|p1a: Milotic
|-damage|p1a: Milotic|29/100
|-unboost|p2b: Dragalge|spa|2
|move|p1a: Milotic|Coil|p1a: Milotic
|-boost|p1a: Milotic|atk|1
|-boost|p1a: Milotic|def|1
|-boost|p1a: Milotic|accuracy|1
|
|-heal|p1a: Milotic|35/100|[from] item: Leftovers
|upkeep
|turn|4
|inactive|NerdConsultant has 30 seconds left.
|
|t:|1782595523
|move|p1a: Milotic|Protect|p1a: Milotic
|-singleturn|p1a: Milotic|Protect
|move|p2a: Grimmsnarl|Light Screen|p2a: Grimmsnarl
|-sidestart|p2: NathanaelW19|move: Light Screen
|move|p2b: Dragalge|Haze|p2b: Dragalge
|-clearallboost
|move|p1b: Sinistcha|Life Dew||[still]|[spread] p1a,p1b
|-heal|p1a: Milotic|60/100
|-fail|p1b: Sinistcha|heal
|
|-heal|p1a: Milotic|66/100|[from] item: Leftovers
|upkeep
|turn|5
|
|t:|1782595538
|move|p1b: Sinistcha|Rage Powder|p1b: Sinistcha
|-singleturn|p1b: Sinistcha|move: Rage Powder
|move|p2b: Dragalge|Sludge Bomb|p1b: Sinistcha
|-damage|p1b: Sinistcha|43/100
|move|p2a: Grimmsnarl|Spirit Break|p1b: Sinistcha
|-damage|p1b: Sinistcha|16/100
|-unboost|p1b: Sinistcha|spa|1
|move|p1a: Milotic|Coil|p1a: Milotic
|-boost|p1a: Milotic|atk|1
|-boost|p1a: Milotic|def|1
|-boost|p1a: Milotic|accuracy|1
|
|-heal|p1a: Milotic|72/100|[from] item: Leftovers
|-fieldend|move: Trick Room
|upkeep
|turn|6
|
|t:|1782595558
|move|p1b: Sinistcha|Rage Powder|p1b: Sinistcha
|-singleturn|p1b: Sinistcha|move: Rage Powder
|move|p1a: Milotic|Hypnosis|p2b: Dragalge
|-status|p2b: Dragalge|slp|[from] move: Hypnosis
|move|p2a: Grimmsnarl|Spirit Break|p1b: Sinistcha
|-damage|p1b: Sinistcha|0 fnt
|faint|p1b: Sinistcha
|cant|p2b: Dragalge|slp
|
|-heal|p1a: Milotic|78/100|[from] item: Leftovers
|upkeep
|
|t:|1782595570
|switch|p1b: Incineroar|Incineroar, L50, F, shiny|58/100
|-ability|p1b: Incineroar|Intimidate|boost
|-unboost|p2a: Grimmsnarl|atk|1
|-unboost|p2b: Dragalge|atk|1
|turn|7
|
|t:|1782595577
|switch|p2a: Garchomp|Garchomp, L50, M, shiny|100/100
|move|p1b: Incineroar|Fake Out|p2a: Garchomp
|-damage|p2a: Garchomp|92/100
|-damage|p1b: Incineroar|46/100|[from] ability: Rough Skin|[of] p2a: Garchomp
|-enditem|p1b: Incineroar|Sitrus Berry|[eat]
|-heal|p1b: Incineroar|70/100|[from] item: Sitrus Berry
|move|p1a: Milotic|Coil|p1a: Milotic
|-boost|p1a: Milotic|atk|1
|-boost|p1a: Milotic|def|1
|-boost|p1a: Milotic|accuracy|1
|cant|p2b: Dragalge|slp
|
|-heal|p1a: Milotic|84/100|[from] item: Leftovers
|upkeep
|turn|8
|
|t:|1782595598
|move|p2a: Garchomp|Protect|p2a: Garchomp
|-singleturn|p2a: Garchomp|Protect
|move|p1a: Milotic|Muddy Water|p2a: Garchomp|[spread] p2b
|-activate|p2a: Garchomp|move: Protect
|-resisted|p2b: Dragalge|1
|-crit|p2b: Dragalge
|-damage|p2b: Dragalge|84/100 slp
|-unboost|p2b: Dragalge|accuracy|1
|move|p1b: Incineroar|Parting Shot|p2a: Garchomp
|-activate|p2a: Garchomp|move: Protect
|-curestatus|p2b: Dragalge|slp|[msg]
|move|p2b: Dragalge|Haze|p2b: Dragalge
|-clearallboost
|
|-heal|p1a: Milotic|90/100|[from] item: Leftovers
|upkeep
|turn|9
|
|t:|1782595615
|move|p2b: Dragalge|Protect|p2b: Dragalge
|-singleturn|p2b: Dragalge|Protect
|move|p2a: Garchomp|Earthquake|p1a: Milotic|[spread] p1a,p1b
|-activate|p2b: Dragalge|move: Protect
|-crit|p1a: Milotic
|-supereffective|p1b: Incineroar|1
|-damage|p1a: Milotic|30/100
|-damage|p1b: Incineroar|0 fnt
|faint|p1b: Incineroar
|-damage|p2a: Garchomp|83/100|[from] item: Life Orb
|move|p1a: Milotic|Coil|p1a: Milotic
|-boost|p1a: Milotic|atk|1
|-boost|p1a: Milotic|def|1
|-boost|p1a: Milotic|accuracy|1
|
|-heal|p1a: Milotic|36/100|[from] item: Leftovers
|upkeep
|
|t:|1782595629
|switch|p1b: Raichu|Raichu, L50, M|100/100
|turn|10
|
|t:|1782595638
|move|p1b: Raichu|Fake Out|p2a: Garchomp
|-damage|p2a: Garchomp|77/100
|-damage|p1b: Raichu|87/100|[from] ability: Rough Skin|[of] p2a: Garchomp
|cant|p2a: Garchomp|flinch
|move|p1a: Milotic|Hypnosis|p2b: Dragalge
|-status|p2b: Dragalge|slp|[from] move: Hypnosis
|cant|p2b: Dragalge|slp
|
|-heal|p1a: Milotic|42/100|[from] item: Leftovers
|-sideend|p2: NathanaelW19|Reflect
|upkeep
|turn|11
|
|t:|1782595651
|move|p2a: Garchomp|Protect|p2a: Garchomp
|-singleturn|p2a: Garchomp|Protect
|move|p1b: Raichu|Protect|p1b: Raichu
|-singleturn|p1b: Raichu|Protect
|move|p1a: Milotic|Hypnosis|p2a: Garchomp
|-activate|p2a: Garchomp|move: Protect
|cant|p2b: Dragalge|slp
|
|-heal|p1a: Milotic|48/100|[from] item: Leftovers
|-sideend|p2: NathanaelW19|move: Light Screen
|upkeep
|turn|12
|
|t:|1782595660
|detailschange|p1b: Raichu|Raichu-Mega-Y, L50, M
|-mega|p1b: Raichu|Raichu|Raichunite Y
|move|p1b: Raichu|Focus Blast|p2a: Garchomp
|-damage|p2a: Garchomp|29/100
|move|p2a: Garchomp|Stomping Tantrum|p1b: Raichu
|-supereffective|p1b: Raichu|1
|-crit|p1b: Raichu
|-damage|p1b: Raichu|0 fnt
|faint|p1b: Raichu
|-damage|p2a: Garchomp|19/100|[from] item: Life Orb
|move|p1a: Milotic|Hypnosis|p2a: Garchomp
|-status|p2a: Garchomp|slp|[from] move: Hypnosis
|-curestatus|p2b: Dragalge|slp|[msg]
|move|p2b: Dragalge|Haze|p2b: Dragalge
|-clearallboost
|
|-heal|p1a: Milotic|54/100|[from] item: Leftovers
|upkeep
|turn|13
|
|t:|1782595678
|cant|p2a: Garchomp|slp
|move|p1a: Milotic|Muddy Water|p2b: Dragalge|[spread] p2a,p2b
|-resisted|p2b: Dragalge|1
|-damage|p2a: Garchomp|0 fnt
|-damage|p2b: Dragalge|75/100
|-unboost|p2b: Dragalge|accuracy|1
|faint|p2a: Garchomp
|move|p2b: Dragalge|Draco Meteor|p1a: Milotic
|-damage|p1a: Milotic|4/100
|-unboost|p2b: Dragalge|spa|2
|
|-heal|p1a: Milotic|10/100|[from] item: Leftovers
|upkeep
|
|t:|1782595682
|switch|p2a: Grimmsnarl|Grimmsnarl, L50, M, shiny|100/100
|turn|14
|
|t:|1782595692
|move|p1a: Milotic|Muddy Water|p2a: Grimmsnarl|[spread] p2a
|-miss|p1a: Milotic|p2b: Dragalge
|-damage|p2a: Grimmsnarl|77/100
|move|p2a: Grimmsnarl|Spirit Break|p1a: Milotic
|-damage|p1a: Milotic|0 fnt
|faint|p1a: Milotic
|
|win|NathanaelW19
||NerdConsultant is ready for game 3.
|inactive|NathanaelW19 has 30 seconds to confirm battle start!
