|j|☆CretaceousDraconid
|j|☆luckstat10
|html|CretaceousDraconidluckstat10    
|uhtml|bestof|Game 1 of a best-of-3
|t:|1757906232
|gametype|doubles
|player|p1|CretaceousDraconid|zinnia-masters|1133
|player|p2|luckstat10|dawn|1137
|gen|9
|tier|[Gen 9] VGC 2025 Reg H (Bo3)
|rated|
|rule|Species Clause: Limit one of each Pokémon
|rule|Item Clause: Limit 1 of each item
|clearpoke
|poke|p1|Rillaboom, L50, M|
|poke|p1|Arcanine-Hisui, L50, M|
|poke|p1|Salamence, L50, F|
|poke|p1|Garchomp, L50, M|
|poke|p1|Sneasler, L50, M|
|poke|p1|Kingambit, L50, M|
|poke|p2|Rillaboom, L50, M|
|poke|p2|Volcarona, L50, F|
|poke|p2|Incineroar, L50, M|
|poke|p2|Ninetales-Alola, L50, F|
|poke|p2|Annihilape, L50, M|
|poke|p2|Milotic, L50, F|
|teampreview|4
|showteam|p1|Rillaboom||AssaultVest|GrassySurge|FakeOut,HighHorsepower,GrassyGlide,WoodHammer|||M|||50|,,,,,Fire]Arcanine-Hisui||ClearAmulet|Intimidate|ExtremeSpeed,RockSlide,FlareBlitz,Protect|||M|||50|,,,,,Normal]Salamence||CovertCloak|Intimidate|Hurricane,Tailwind,DracoMeteor,Protect|||F|||50|,,,,,Steel]Garchomp||LoadedDice|RoughSkin|StompingTantrum,Earthquake,ScaleShot,Protect|||M|||50|,,,,,Fairy]Sneasler||FocusSash|PoisonTouch|DireClaw,CloseCombat,Coaching,Protect|||M|||50|,,,,,Fairy]Kingambit||BlackGlasses|Defiant|KowtowCleave,LowKick,SuckerPunch,Protect|||M|||50|,,,,,Dark
|showteam|p2|Rillaboom||AssaultVest|GrassySurge|FakeOut,WoodHammer,GrassyGlide,HighHorsepower|||M|||50|,,,,,Fire]Volcarona||GrassySeed|FlameBody|QuiverDance,HeatWave,GigaDrain,Protect|||F|||50|,,,,,Grass]Incineroar||SafetyGoggles|Intimidate|FakeOut,KnockOff,FlareBlitz,Taunt|||M|||50|,,,,,Ghost]Ninetales-Alola||CovertCloak|SnowWarning|AuroraVeil,Blizzard,Moonblast,Protect|||F|||50|,,,,,Poison]Annihilape||Leftovers|Defiant|BulkUp,RageFist,DrainPunch,Protect|||M|||50|,,,,,Water]Milotic||FlameOrb|MarvelScale|Scald,IcyWind,Haze,Recover|||F|||50|,,,,,Dragon
|
|t:|1757906261
|teamsize|p1|4
|teamsize|p2|4
|start
|switch|p1a: Salamence|Salamence, L50, F|100/100
|switch|p1b: TheFuckYouGuy|Sneasler, L50, M|100/100
|switch|p2a: Annihilape|Annihilape, L50, M, shiny|100/100
|switch|p2b: Esdeath|Ninetales-Alola, L50, F|100/100
|-weather|Snowscape|[from] ability: Snow Warning|[of] p2b: Esdeath
|-ability|p1a: Salamence|Intimidate|boost
|-unboost|p2a: Annihilape|atk|1
|-ability|p2a: Annihilape|Defiant|boost
|-boost|p2a: Annihilape|atk|2
|-unboost|p2b: Esdeath|atk|1
|turn|1
|
|t:|1757906303
|-terastallize|p1a: Salamence|Steel
|move|p2a: Annihilape|Protect|p2a: Annihilape
|-singleturn|p2a: Annihilape|Protect
|move|p1b: TheFuckYouGuy|Dire Claw|p2b: Esdeath
|-supereffective|p2b: Esdeath
|-damage|p2b: Esdeath|16/100
|move|p2b: Esdeath|Aurora Veil|p2b: Esdeath
|-sidestart|p2: luckstat10|move: Aurora Veil
|move|p1a: Salamence|Tailwind|p1a: Salamence
|-sidestart|p1: CretaceousDraconid|move: Tailwind
|
|-weather|Snowscape|[upkeep]
|upkeep
|turn|2
|
|t:|1757906321
|switch|p2b: Mittens|Incineroar, L50, M, shiny|100/100
|-ability|p2b: Mittens|Intimidate|boost
|-unboost|p1a: Salamence|atk|1
|-unboost|p1b: TheFuckYouGuy|atk|1
|move|p1b: TheFuckYouGuy|Dire Claw|p2b: Mittens
|-damage|p2b: Mittens|86/100
|-status|p2b: Mittens|slp
|move|p1a: Salamence|Hurricane|p2a: Annihilape
|-supereffective|p2a: Annihilape
|-damage|p2a: Annihilape|43/100
|move|p2a: Annihilape|Bulk Up|p2a: Annihilape
|-boost|p2a: Annihilape|atk|1
|-boost|p2a: Annihilape|def|1
|
|-weather|Snowscape|[upkeep]
|-heal|p2a: Annihilape|49/100|[from] item: Leftovers
|upkeep
|turn|3
|
|t:|1757906342
|move|p2a: Annihilape|Protect|p2a: Annihilape
|-singleturn|p2a: Annihilape|Protect
|move|p1b: TheFuckYouGuy|Dire Claw|p2a: Annihilape
|-activate|p2a: Annihilape|move: Protect
|move|p1a: Salamence|Hurricane|p2a: Annihilape
|-activate|p2a: Annihilape|move: Protect
|cant|p2b: Mittens|slp
|
|-weather|Snowscape|[upkeep]
|-heal|p2a: Annihilape|55/100|[from] item: Leftovers
|upkeep
|turn|4
|
|t:|1757906362
|-terastallize|p2a: Annihilape|Water
|move|p1b: TheFuckYouGuy|Dire Claw|p2a: Annihilape
|-damage|p2a: Annihilape|41/100
|-status|p2a: Annihilape|par
|move|p1a: Salamence|Hurricane|p2a: Annihilape
|-damage|p2a: Annihilape|13/100 par
|-curestatus|p2b: Mittens|slp|[msg]
|move|p2b: Mittens|Flare Blitz|p1b: TheFuckYouGuy
|-damage|p1b: TheFuckYouGuy|15/100
|-damage|p2b: Mittens|64/100|[from] Recoil
|cant|p2a: Annihilape|par
|
|-weather|Snowscape|[upkeep]
|-heal|p2a: Annihilape|20/100 par|[from] item: Leftovers
|-sideend|p1: CretaceousDraconid|move: Tailwind
|upkeep
|turn|5
|
|t:|1757906405
|move|p1b: TheFuckYouGuy|Close Combat|p2b: Mittens
|-supereffective|p2b: Mittens
|-damage|p2b: Mittens|23/100
|-unboost|p1b: TheFuckYouGuy|def|1
|-unboost|p1b: TheFuckYouGuy|spd|1
|move|p1a: Salamence|Hurricane|p2a: Annihilape|[miss]
|-miss|p1a: Salamence|p2a: Annihilape
|move|p2b: Mittens|Flare Blitz|p1a: Salamence
|-supereffective|p1a: Salamence
|-damage|p1a: Salamence|0 fnt
|faint|p1a: Salamence
|-damage|p2b: Mittens|0 fnt|[from] Recoil
|faint|p2b: Mittens
|move|p2a: Annihilape|Drain Punch|p1b: TheFuckYouGuy
|-resisted|p1b: TheFuckYouGuy
|-damage|p1b: TheFuckYouGuy|0 fnt
|-heal|p2a: Annihilape|25/100 par|[from] drain|[of] p1b: TheFuckYouGuy
|faint|p1b: TheFuckYouGuy
|
|-weather|none
|-heal|p2a: Annihilape|32/100 par|[from] item: Leftovers
|-sideend|p2: luckstat10|move: Aurora Veil
|upkeep
|
|t:|1757906418
|switch|p1b: Rillaboom|Rillaboom, L50, M|100/100
|switch|p1a: Arcanine|Arcanine-Hisui, L50, M|100/100
|switch|p2b: Esdeath|Ninetales-Alola, L50, F|16/100
|-weather|Snowscape|[from] ability: Snow Warning|[of] p2b: Esdeath
|-ability|p1a: Arcanine|Intimidate|boost
|-unboost|p2a: Annihilape|atk|1
|-ability|p2a: Annihilape|Defiant|boost
|-boost|p2a: Annihilape|atk|2
|-unboost|p2b: Esdeath|atk|1
|-fieldstart|move: Grassy Terrain|[from] ability: Grassy Surge|[of] p1b: Rillaboom
|turn|6
|
|t:|1757906431
|cant|p2a: Annihilape|par
|move|p1a: Arcanine|Extreme Speed|p2b: Esdeath
|-damage|p2b: Esdeath|0 fnt
|faint|p2b: Esdeath
|move|p1b: Rillaboom|Grassy Glide|p2a: Annihilape
|-supereffective|p2a: Annihilape
|-damage|p2a: Annihilape|0 fnt
|faint|p2a: Annihilape
|
|-weather|Snowscape|[upkeep]
|upkeep
|
|t:|1757906434
|switch|p2b: Milotic|Milotic, L50, F, shiny|100/100
|turn|7
|
|t:|1757906445
|move|p1a: Arcanine|Rock Slide|p2b: Milotic
|-damage|p2b: Milotic|66/100
|move|p1b: Rillaboom|Wood Hammer|p2b: Milotic
|-supereffective|p2b: Milotic
|-damage|p2b: Milotic|0 fnt
|faint|p2b: Milotic
|-damage|p1b: Rillaboom|81/100|[from] Recoil
|
|win|CretaceousDraconid
||luckstat10 is ready for game 2.
