|j|☆TrashTest6116
|j|☆stewiie25
|html|TrashTest6116stewiie25    
|uhtml|bestof|Game 2 of a best-of-3
|t:|1784646243
|gametype|doubles
|player|p1|TrashTest6116|colress|1212
|player|p2|stewiie25|101|1214
|gen|9
|tier|[Gen 9 Champions] VGC 2026 Reg M-B (Bo3)
|rated|
|rule|Species Clause: Limit one of each Pokémon
|rule|Item Clause: Limit 1 of each item
|clearpoke
|poke|p1|Blastoise, L50, F|
|poke|p1|Delphox, L50, M|
|poke|p1|Incineroar, L50, F|
|poke|p1|Sneasler, L50, M|
|poke|p1|Sinistcha-Masterpiece, L50|
|poke|p1|Kingambit, L50, F|
|poke|p2|Farigiraf, L50, M|
|poke|p2|Vivillon-Pokeball, L50, M|
|poke|p2|Sylveon, L50, M|
|poke|p2|Camerupt, L50, M|
|poke|p2|Kingambit, L50, F|
|poke|p2|Starmie, L50|
|teampreview|4
|showteam|p1|Blastoise||Blastoisinite|Torrent|Protect,ShellSmash,WaterSpout,DarkPulse|Modest||F|||50|]Delphox||Delphoxite|Blaze|Protect,NastyPlot,HeatWave,Psyshock|Timid||M|||50|]Incineroar||SitrusBerry|Intimidate|FakeOut,FlareBlitz,HelpingHand,PartingShot|Impish||F|||50|]Sneasler||FocusSash|PoisonTouch|CloseCombat,PoisonJab,FakeOut,QuickGuard|Jolly||M|||50|]Sinistcha-Masterpiece||OccaBerry|Hospitality|Protect,MatchaGotcha,RagePowder,LifeDew|Bold|||||50|]Kingambit||LifeOrb|Defiant|KowtowCleave,SuckerPunch,SwordsDance,Protect|Adamant||F|||50|
|showteam|p2|Farigiraf||SitrusBerry|ArmorTail|HelpingHand,TwinBeam,TrickRoom,Thunderbolt|Quiet||M|||50|]Vivillon-Pokeball||ChoiceScarf|CompoundEyes|StunSpore,Hurricane,Tailwind,SleepPowder|Timid||M|||50|]Sylveon||LifeOrb|Pixilate|CalmMind,HyperVoice,HyperBeam,Protect|Modest||M|||50|]Camerupt||Cameruptite|SolidRock|Protect,HeatWave,Eruption,EarthPower|Quiet||M|||50|]Kingambit||ChopleBerry|Defiant|SwordsDance,LowKick,KowtowCleave,SuckerPunch|Brave||F|||50|]Starmie||Starminite|Illuminate|Protect,AquaJet,Liquidation,ZenHeadbutt|Brave|||||50|
|inactive|Battle timer is ON: inactive players will automatically lose when time's up. (requested by stewiie25)
|inactive|TrashTest6116 has 60 seconds left.
|
|t:|1784646298
|teamsize|p1|4
|teamsize|p2|4
|start
|switch|p1a: Blastoise|Blastoise, L50, F|100/100
|switch|p1b: Kingambit|Kingambit, L50, F|100/100
|switch|p2a: Vivillon|Vivillon-Pokeball, L50, M|100/100
|switch|p2b: Kingambit|Kingambit, L50, F|100/100
|turn|1
|
|t:|1784646309
|switch|p1b: Sinistcha|Sinistcha-Masterpiece, L50|100/100
|move|p1a: Blastoise|Protect|p1a: Blastoise
|-singleturn|p1a: Blastoise|Protect
|move|p2a: Vivillon|Sleep Powder|p1a: Blastoise
|-activate|p1a: Blastoise|move: Protect
|move|p2b: Kingambit|Swords Dance|p2b: Kingambit
|-boost|p2b: Kingambit|atk|2
|
|upkeep
|turn|2
|
|t:|1784646322
|switch|p2a: Sylveon|Sylveon, L50, M|100/100
|detailschange|p1a: Blastoise|Blastoise-Mega, L50, F
|-mega|p1a: Blastoise|Blastoise|Blastoisinite
|move|p1b: Sinistcha|Rage Powder|p1b: Sinistcha
|-singleturn|p1b: Sinistcha|move: Rage Powder
|move|p1a: Blastoise|Water Spout|p2a: Sylveon|[spread] p2a,p2b
|-damage|p2a: Sylveon|49/100
|-damage|p2b: Kingambit|35/100
|move|p2b: Kingambit|Kowtow Cleave|p1b: Sinistcha
|-supereffective|p1b: Sinistcha|1
|-damage|p1b: Sinistcha|0 fnt
|faint|p1b: Sinistcha
|
|upkeep
|
|t:|1784646330
|switch|p1b: Incineroar|Incineroar, L50, F|100/100
|-ability|p1b: Incineroar|Intimidate|boost
|-unboost|p2a: Sylveon|atk|1
|-unboost|p2b: Kingambit|atk|1
|-ability|p2b: Kingambit|Defiant|boost
|-boost|p2b: Kingambit|atk|2
|turn|3
|
|t:|1784646347
|switch|p2b: Starmie|Starmie, L50|100/100
|move|p1b: Incineroar|Helping Hand|p1a: Blastoise
|-singleturn|p1a: Blastoise|Helping Hand|[of] p1b: Incineroar
|move|p1a: Blastoise|Water Spout|p2a: Sylveon|[spread] p2a,p2b
|-resisted|p2b: Starmie|1
|-damage|p2a: Sylveon|0 fnt
|-damage|p2b: Starmie|37/100
|faint|p2a: Sylveon
|
|upkeep
|
|t:|1784646355
|switch|p2a: Vivillon|Vivillon-Pokeball, L50, M|100/100
|turn|4
|
|t:|1784646362
|switch|p2b: Kingambit|Kingambit, L50, F|35/100
|switch|p1b: Kingambit|Kingambit, L50, F|100/100
|move|p1a: Blastoise|Protect|p1a: Blastoise
|-singleturn|p1a: Blastoise|Protect
|move|p2a: Vivillon|Sleep Powder|p1a: Blastoise
|-activate|p1a: Blastoise|move: Protect
|
|upkeep
|turn|5
|inactive|TrashTest6116 has 30 seconds left.
|inactive|TrashTest6116 has 20 seconds left.
|
|t:|1784646400
|move|p2a: Vivillon|Sleep Powder|p1a: Blastoise
|-status|p1a: Blastoise|slp|[from] move: Sleep Powder
|cant|p1a: Blastoise|slp
|move|p1b: Kingambit|Kowtow Cleave|p2a: Vivillon
|-damage|p2a: Vivillon|0 fnt
|faint|p2a: Vivillon
|-damage|p1b: Kingambit|90/100|[from] item: Life Orb
|move|p2b: Kingambit|Low Kick|p1b: Kingambit
|-supereffective|p1b: Kingambit|2
|-damage|p1b: Kingambit|0 fnt
|faint|p1b: Kingambit
|
|upkeep
|
|t:|1784646407
|switch|p2a: Starmie|Starmie, L50|37/100
|switch|p1b: Incineroar|Incineroar, L50, F|100/100
|-ability|p1b: Incineroar|Intimidate|boost
|-unboost|p2a: Starmie|atk|1
|-unboost|p2b: Kingambit|atk|1
|-ability|p2b: Kingambit|Defiant|boost
|-boost|p2b: Kingambit|atk|2
|turn|6
|
|t:|1784646417
|detailschange|p2a: Starmie|Starmie-Mega, L50
|-mega|p2a: Starmie|Starmie|Starminite
|move|p1b: Incineroar|Fake Out|p2b: Kingambit
|-resisted|p2b: Kingambit|1
|-damage|p2b: Kingambit|32/100
|move|p2a: Starmie|Zen Headbutt|p1a: Blastoise
|-damage|p1a: Blastoise|52/100 slp
|cant|p1a: Blastoise|slp
|cant|p2b: Kingambit|flinch
|
|upkeep
|turn|7
|
|t:|1784646436
|move|p2b: Kingambit|Sucker Punch|p1b: Incineroar
|-resisted|p1b: Incineroar|1
|-damage|p1b: Incineroar|78/100
|move|p2a: Starmie|Liquidation|p1b: Incineroar
|-supereffective|p1b: Incineroar|1
|-damage|p1b: Incineroar|1/100
|-enditem|p1b: Incineroar|Sitrus Berry|[eat]
|-heal|p1b: Incineroar|25/100|[from] item: Sitrus Berry
|-curestatus|p1a: Blastoise|slp|[msg]
|move|p1a: Blastoise|Dark Pulse|p2a: Starmie
|-supereffective|p2a: Starmie|1
|-damage|p2a: Starmie|0 fnt
|faint|p2a: Starmie
|move|p1b: Incineroar|Flare Blitz|p2b: Kingambit
|-supereffective|p2b: Kingambit|1
|-damage|p2b: Kingambit|0 fnt
|faint|p2b: Kingambit
|-damage|p1b: Incineroar|15/100|[from] Recoil
|
|win|TrashTest6116
|raw|TrashTest6116's rating: 1212 → 1237(+25 for winning)
|raw|stewiie25's rating: 1214 → 1189(-25 for losing)
