|j|☆strikermohamud
|j|☆bananatreeenjoyer
|html|strikermohamudbananatreeenjoyer    
|uhtml|bestof|Game 1 of a best-of-3
|t:|1756951176
|gametype|doubles
|player|p1|strikermohamud|unknown|1091
|player|p2|bananatreeenjoyer|silver|1173
|gen|9
|tier|[Gen 9] VGC 2025 Reg H (Bo3)
|rated|
|rule|Species Clause: Limit one of each Pokémon
|rule|Item Clause: Limit 1 of each item
|clearpoke
|poke|p1|Metagross, L50|
|poke|p1|Alcremie-Ruby-Swirl, L50, F|
|poke|p1|Incineroar, L50, M|
|poke|p1|Ninetales-Alola, L50, M|
|poke|p1|Dragonite, L50, M|
|poke|p1|Garchomp, L50, M|
|poke|p2|Gyarados, L50, M|
|poke|p2|Indeedee, L50, M|
|poke|p2|Sneasler, L50, M|
|poke|p2|Tyranitar, L50, M|
|poke|p2|Ursaluna-Bloodmoon, L50, M|
|poke|p2|Volcarona, L50, F|
|teampreview|4
|showteam|p1|Metagross||AssaultVest|ClearBody|PsychicFangs,BulletPunch,HeavySlam,StompingTantrum||||||50|,,,,,Flying]Alcremie-Ruby-Swirl||CovertCloak|SweetVeil|Decorate,HelpingHand,DazzlingGleam,Protect|||F|||50|,,,,,Fire]Incineroar||SafetyGoggles|Intimidate|FakeOut,KnockOff,Taunt,PartingShot|||M|||50|,,,,,Grass]Ninetales-Alola||FocusSash|SnowWarning|Blizzard,Encore,AuroraVeil,Protect|||M|||50|,,,,,Ice]Dragonite||LoadedDice|Multiscale|ScaleShot,Tailwind,Haze,Protect|||M|||50|,,,,,Fairy]Garchomp||ChoiceBand|RoughSkin|Earthquake,StompingTantrum,DragonClaw,RockSlide|||M|||50|,,,,,Steel
|showteam|p2|Gyarados||SafetyGoggles|Intimidate|Taunt,ThunderWave,Waterfall,Protect|||M|||50|,,,,,Steel]Indeedee||ChoiceScarf|PsychicSurge|ExpandingForce,TeraBlast,Trick,Protect|||M|||50|,,,,,Psychic]Sneasler||PsychicSeed|Unburden|CloseCombat,DireClaw,ThroatChop,Protect|||M|||50|,,,,,Dark]Tyranitar||AssaultVest|SandStream|LowKick,TeraBlast,KnockOff,RockSlide|||M|||50|,,,,,Flying]Ursaluna-Bloodmoon||LifeOrb|MindsEye|HyperVoice,BloodMoon,EarthPower,Protect|||M|||50|,,,,,Normal]Volcarona||SitrusBerry|FlameBody|Overheat,StruggleBug,RagePowder,Tailwind|||F|||50|,,,,,Grass
|
|t:|1756951203
|teamsize|p1|4
|teamsize|p2|4
|start
|switch|p1a: Incineroar|Incineroar, L50, M|100/100
|switch|p1b: Garchomp|Garchomp, L50, M|100/100
|switch|p2a: Herod|Sneasler, L50, M|100/100
|switch|p2b: Layton|Indeedee, L50, M|100/100
|-fieldstart|move: Psychic Terrain|[from] ability: Psychic Surge|[of] p2b: Layton
|-enditem|p2a: Herod|Psychic Seed
|-boost|p2a: Herod|spd|1|[from] item: Psychic Seed
|-ability|p1a: Incineroar|Intimidate|boost
|-unboost|p2a: Herod|atk|1
|-unboost|p2b: Layton|atk|1
|turn|1
|
|t:|1756951247
|switch|p1b: Dragonite|Dragonite, L50, M|100/100
|move|p2a: Herod|Close Combat|p1b: Dragonite
|-resisted|p1b: Dragonite
|-damage|p1b: Dragonite|89/100
|-unboost|p2a: Herod|def|1
|-unboost|p2a: Herod|spd|1
|move|p2b: Layton|Expanding Force|p1a: Incineroar|[spread] p1b
|-immune|p1a: Incineroar
|-damage|p1b: Dragonite|37/100
|move|p1a: Incineroar|Knock Off|p2b: Layton
|-supereffective|p2b: Layton
|-damage|p2b: Layton|0 fnt
|-enditem|p2b: Layton|Choice Scarf|[from] move: Knock Off|[of] p1a: Incineroar
|faint|p2b: Layton
|
|upkeep
|
|t:|1756951262
|switch|p2b: Althair|Ursaluna-Bloodmoon, L50, M|100/100
|turn|2
|
|t:|1756951283
|-terastallize|p1a: Incineroar|Grass
|move|p1b: Dragonite|Protect|p1b: Dragonite
|-singleturn|p1b: Dragonite|Protect
|move|p2a: Herod|Close Combat|p1a: Incineroar
|-damage|p1a: Incineroar|60/100
|-unboost|p2a: Herod|def|1
|-unboost|p2a: Herod|spd|1
|move|p2b: Althair|Hyper Voice|p1b: Dragonite|[spread] p1a
|-activate|p1b: Dragonite|move: Protect
|-damage|p1a: Incineroar|15/100
|-damage|p2b: Althair|91/100|[from] item: Life Orb
|move|p1a: Incineroar|Parting Shot|p2b: Althair
|-unboost|p2b: Althair|atk|1
|-unboost|p2b: Althair|spa|1
|
|t:|1756951302
|switch|p1a: Garchomp|Garchomp, L50, M|100/100|[from] Parting Shot
|
|upkeep
|turn|3
|
|t:|1756951315
|switch|p2a: Kalan|Volcarona, L50, F|100/100
|move|p1a: Garchomp|Earthquake|p2a: Kalan|[spread] p2a,p2b
|-immune|p1b: Dragonite
|-damage|p2a: Kalan|32/100
|-damage|p2b: Althair|40/100
|-enditem|p2a: Kalan|Sitrus Berry|[eat]
|-heal|p2a: Kalan|57/100|[from] item: Sitrus Berry
|move|p1b: Dragonite|Scale Shot|p2b: Althair
|-damage|p2b: Althair|27/100
|-damage|p2b: Althair|15/100
|-damage|p2b: Althair|3/100
|-damage|p2b: Althair|0 fnt
|faint|p2b: Althair
|-hitcount|p2: Althair|4
|-unboost|p1b: Dragonite|def|1
|-boost|p1b: Dragonite|spe|1
|
|upkeep
|
|t:|1756951332
|switch|p2b: Herod|Sneasler, L50, M|100/100
|turn|4
|
|t:|1756951356
|switch|p1a: Incineroar|Incineroar, L50, M, tera:Grass|15/100
|-ability|p1a: Incineroar|Intimidate|boost
|-unboost|p2a: Kalan|atk|1
|-unboost|p2b: Herod|atk|1
|move|p2b: Herod|Protect|p2b: Herod
|-singleturn|p2b: Herod|Protect
|move|p2a: Kalan|Tailwind|p2a: Kalan
|-sidestart|p2: bananatreeenjoyer|move: Tailwind
|move|p1b: Dragonite|Scale Shot|p2a: Kalan|[miss]
|-miss|p1b: Dragonite|p2a: Kalan
|
|upkeep
|turn|5
|
|t:|1756951389
|switch|p1a: Garchomp|Garchomp, L50, M|100/100
|move|p1b: Dragonite|Protect|p1b: Dragonite
|-singleturn|p1b: Dragonite|Protect
|move|p2b: Herod|Dire Claw|p1b: Dragonite
|-activate|p1b: Dragonite|move: Protect
|move|p2a: Kalan|Struggle Bug|p1b: Dragonite|[spread] p1a
|-activate|p1b: Dragonite|move: Protect
|-damage|p1a: Garchomp|82/100
|-unboost|p1a: Garchomp|spa|1
|
|-fieldend|move: Psychic Terrain
|upkeep
|turn|6
|
|t:|1756951407
|move|p2b: Herod|Close Combat|p1a: Garchomp
|-damage|p1a: Garchomp|34/100
|-unboost|p2b: Herod|def|1
|-unboost|p2b: Herod|spd|1
|-damage|p2b: Herod|88/100|[from] ability: Rough Skin|[of] p1a: Garchomp
|move|p2a: Kalan|Overheat|p1a: Garchomp
|-resisted|p1a: Garchomp
|-damage|p1a: Garchomp|3/100
|-unboost|p2a: Kalan|spa|2
|move|p1a: Garchomp|Earthquake|p2b: Herod|[spread] p2a,p2b
|-immune|p1b: Dragonite
|-supereffective|p2b: Herod
|-damage|p2a: Kalan|0 fnt
|-damage|p2b: Herod|0 fnt
|faint|p2a: Kalan
|faint|p2b: Herod
|
|win|strikermohamud
|l|☆bananatreeenjoyer
|player|p2|
|inactive|strikermohamud has 30 seconds to confirm battle start!
|inactive|bananatreeenjoyer has 30 seconds to confirm battle start!
||bananatreeenjoyer is ready for game 2.
