|j|☆LeeCh1in0
|j|☆endK649
|html|LeeCh1in0endK649    
|uhtml|bestof|Game 2 of a best-of-3
|t:|1756996833
|gametype|doubles
|player|p1|LeeCh1in0|101|1096
|player|p2|endK649|170|1165
|gen|9
|tier|[Gen 9] VGC 2025 Reg H (Bo3)
|rated|
|rule|Species Clause: Limit one of each Pokémon
|rule|Item Clause: Limit 1 of each item
|clearpoke
|poke|p1|Indeedee-F, L50, F|
|poke|p1|Torkoal, L50, F|
|poke|p1|Ursaluna, L50, M|
|poke|p1|Hatterene, L50, F|
|poke|p1|Gallade, L50, M|
|poke|p1|Sneasler, L50, M|
|poke|p2|Feraligatr, L50, F|
|poke|p2|Kommo-o, L50, M|
|poke|p2|Politoed, L50, F|
|poke|p2|Rillaboom, L50, M|
|poke|p2|Incineroar, L50, F|
|poke|p2|Amoonguss, L50, M|
|teampreview|4
|showteam|p1|Indeedee-F||RockyHelmet|PsychicSurge|Psychic,HelpingHand,FollowMe,TrickRoom|||F|||50|,,,,,Fairy]Torkoal||Charcoal|Drought|Eruption,WeatherBall,HeatWave,Protect|||F|||50|,,,,,Fire]Ursaluna||FlameOrb|Guts|Facade,HeadlongRush,Earthquake,Protect|||M|||50|,,,,,Ghost]Hatterene||LifeOrb|MagicBounce|ExpandingForce,DazzlingGleam,TrickRoom,MysticalFire|||F|||50|,,,,,Fire]Gallade||ScopeLens|Sharpness|WideGuard,SacredSword,PsychoCut,TrickRoom|||M|||50|,,,,,Grass]Sneasler||FocusSash|PoisonTouch|CloseCombat,DireClaw,Taunt,ThroatChop|||M|||50|,,,,,Stellar
|showteam|p2|Feraligatr||LifeOrb|SheerForce|Liquidation,Crunch,DragonDance,Protect|||F|||50|,,,,,Dark]Kommo-o||ThroatSpray|Bulletproof|ClangingScales,AuraSphere,ClangorousSoul,Protect|||M|||50|,,,,,Fairy]Politoed||SitrusBerry|Drizzle|WeatherBall,IcyWind,Haze,Protect|||F|||50|,,,,,Grass]Rillaboom||AssaultVest|GrassySurge|WoodHammer,GrassyGlide,FakeOut,Uturn|||M|||50|,,,,,Fire]Incineroar||SafetyGoggles|Intimidate|KnockOff,FakeOut,Taunt,PartingShot|||F|||50|,,,,,Ghost]Amoonguss||CovertCloak|Regenerator|PollenPuff,Spore,RagePowder,Protect|||M|||50|,,,,,Water
|inactive|Battle timer is ON: inactive players will automatically lose when time's up. (requested by endK649)
|inactive|LeeCh1in0 has 60 seconds left.
|
|t:|1756996908
|teamsize|p1|4
|teamsize|p2|4
|start
|switch|p1a: Indeedee|Indeedee-F, L50, F|100/100
|switch|p1b: Hatterene|Hatterene, L50, F|100/100
|switch|p2a: Feraligatr|Feraligatr, L50, F, shiny|100/100
|switch|p2b: Incineroar|Incineroar, L50, F, shiny|100/100
|-ability|p2b: Incineroar|Intimidate|boost
|-unboost|p1a: Indeedee|atk|1
|-unboost|p1b: Hatterene|atk|1
|-fieldstart|move: Psychic Terrain|[from] ability: Psychic Surge|[of] p1a: Indeedee
|turn|1
|inactive|LeeCh1in0 has 30 seconds left.
|inactive|LeeCh1in0 has 20 seconds left.
|inactive|LeeCh1in0 has 15 seconds left.
|inactive|LeeCh1in0 has 10 seconds left.
|inactive|LeeCh1in0 has 5 seconds left.
|
|t:|1756996961
|move|p1a: Indeedee|Follow Me|p1a: Indeedee
|-singleturn|p1a: Indeedee|move: Follow Me
|move|p2a: Feraligatr|Dragon Dance|p2a: Feraligatr
|-boost|p2a: Feraligatr|atk|1
|-boost|p2a: Feraligatr|spe|1
|move|p2b: Incineroar|Parting Shot|p1a: Indeedee
|-unboost|p1a: Indeedee|atk|1
|-unboost|p1a: Indeedee|spa|1
|
|t:|1756996967
|switch|p2b: Rillaboom|Rillaboom, L50, M, shiny|100/100|[from] Parting Shot
|-fieldstart|move: Grassy Terrain|[from] ability: Grassy Surge|[of] p2b: Rillaboom
|move|p1b: Hatterene|Expanding Force|p2a: Feraligatr
|-damage|p2a: Feraligatr|22/100
|-damage|p1b: Hatterene|91/100|[from] item: Life Orb
|
|-heal|p2a: Feraligatr|28/100|[from] Grassy Terrain
|-heal|p1b: Hatterene|97/100|[from] Grassy Terrain
|upkeep
|turn|2
|inactive|LeeCh1in0 has 30 seconds left.
|inactive|LeeCh1in0 has 20 seconds left.
|inactive|LeeCh1in0 has 15 seconds left.
|inactive|LeeCh1in0 has 10 seconds left.
|
|t:|1756997015
|move|p2a: Feraligatr|Protect|p2a: Feraligatr
|-singleturn|p2a: Feraligatr|Protect
|move|p1a: Indeedee|Follow Me|p1a: Indeedee
|-singleturn|p1a: Indeedee|move: Follow Me
|move|p2b: Rillaboom|U-turn|p1a: Indeedee
|-supereffective|p1a: Indeedee
|-damage|p1a: Indeedee|58/100
|-damage|p2b: Rillaboom|84/100|[from] item: Rocky Helmet|[of] p1a: Indeedee
|
|t:|1756997021
|switch|p2b: Incineroar|Incineroar, L50, F, shiny|100/100|[from] U-turn
|-ability|p2b: Incineroar|Intimidate|boost
|-unboost|p1a: Indeedee|atk|1
|-unboost|p1b: Hatterene|atk|1
|move|p1b: Hatterene|Trick Room|p1b: Hatterene
|-fieldstart|move: Trick Room|[of] p1b: Hatterene
|
|-heal|p1b: Hatterene|100/100|[from] Grassy Terrain
|-heal|p1a: Indeedee|64/100|[from] Grassy Terrain
|-heal|p2a: Feraligatr|34/100|[from] Grassy Terrain
|upkeep
|turn|3
|inactive|LeeCh1in0 has 30 seconds left.
|
|t:|1756997049
|switch|p1b: Ursaluna|Ursaluna, L50, M|100/100
|switch|p1a: Torkoal|Torkoal, L50, F|100/100
|-weather|SunnyDay|[from] ability: Drought|[of] p1a: Torkoal
|move|p2b: Incineroar|Fake Out|p1b: Ursaluna
|-damage|p1b: Ursaluna|91/100
|move|p2a: Feraligatr|Liquidation|p1b: Ursaluna
|-supereffective|p1b: Ursaluna
|-damage|p1b: Ursaluna|20/100
|
|-weather|SunnyDay|[upkeep]
|-heal|p1b: Ursaluna|26/100|[from] Grassy Terrain
|-heal|p2a: Feraligatr|40/100|[from] Grassy Terrain
|-status|p1b: Ursaluna|brn|[from] item: Flame Orb
|upkeep
|turn|4
|inactive|LeeCh1in0 has 30 seconds left.
|inactive|endK649 has 30 seconds left.
|inactive|LeeCh1in0 has 20 seconds left.
|inactive|LeeCh1in0 has 15 seconds left.
|
|t:|1756997093
|-terastallize|p2b: Incineroar|Ghost
|move|p2a: Feraligatr|Protect|p2a: Feraligatr
|-singleturn|p2a: Feraligatr|Protect
|move|p1a: Torkoal|Weather Ball|p2b: Incineroar
|-damage|p2b: Incineroar|32/100
|move|p1b: Ursaluna|Facade|p2a: Feraligatr
|-activate|p2a: Feraligatr|move: Protect
|move|p2b: Incineroar|Parting Shot|p1b: Ursaluna
|-unboost|p1b: Ursaluna|atk|1
|-unboost|p1b: Ursaluna|spa|1
|
|t:|1756997102
|switch|p2b: Politoed|Politoed, L50, F|100/100|[from] Parting Shot
|-weather|RainDance|[from] ability: Drizzle|[of] p2b: Politoed
|
|-weather|RainDance|[upkeep]
|-heal|p1b: Ursaluna|31/100 brn|[from] Grassy Terrain
|-heal|p2a: Feraligatr|45/100|[from] Grassy Terrain
|-damage|p1b: Ursaluna|26/100 brn|[from] brn
|upkeep
|turn|5
|inactive|LeeCh1in0 has 30 seconds left.
|inactive|LeeCh1in0 has 20 seconds left.
|inactive|LeeCh1in0 has 15 seconds left.
|
|t:|1756997145
|switch|p1a: Hatterene|Hatterene, L50, F|100/100
|switch|p2a: Incineroar|Incineroar, L50, F, shiny, tera:Ghost|32/100
|-ability|p2a: Incineroar|Intimidate|boost
|-unboost|p1a: Hatterene|atk|1
|-unboost|p1b: Ursaluna|atk|1
|move|p2b: Politoed|Protect|p2b: Politoed
|-singleturn|p2b: Politoed|Protect
|move|p1b: Ursaluna|Headlong Rush|p2a: Incineroar
|-damage|p2a: Incineroar|0 fnt
|-unboost|p1b: Ursaluna|def|1
|-unboost|p1b: Ursaluna|spd|1
|faint|p2a: Incineroar
|
|-weather|RainDance|[upkeep]
|-heal|p1b: Ursaluna|31/100 brn|[from] Grassy Terrain
|-damage|p1b: Ursaluna|26/100 brn|[from] brn
|-fieldend|move: Grassy Terrain
|upkeep
|
|t:|1756997156
|switch|p2a: Feraligatr|Feraligatr, L50, F, shiny|45/100
|turn|6
|inactive|LeeCh1in0 has 30 seconds left.
|inactive|endK649 has 30 seconds left.
|inactive|endK649 has 20 seconds left.
|
|t:|1756997192
|switch|p2b: Rillaboom|Rillaboom, L50, M, shiny|84/100
|-fieldstart|move: Grassy Terrain|[from] ability: Grassy Surge|[of] p2b: Rillaboom
|move|p2a: Feraligatr|Protect|p2a: Feraligatr
|-singleturn|p2a: Feraligatr|Protect
|move|p1a: Hatterene|Expanding Force|p2b: Rillaboom
|-damage|p2b: Rillaboom|40/100
|-damage|p1a: Hatterene|91/100|[from] item: Life Orb
|move|p1b: Ursaluna|Facade|p2b: Rillaboom
|-damage|p2b: Rillaboom|0 fnt
|faint|p2b: Rillaboom
|
|-weather|RainDance|[upkeep]
|-heal|p1a: Hatterene|97/100|[from] Grassy Terrain
|-heal|p1b: Ursaluna|31/100 brn|[from] Grassy Terrain
|-heal|p2a: Feraligatr|51/100|[from] Grassy Terrain
|-damage|p1b: Ursaluna|26/100 brn|[from] brn
|-fieldend|move: Trick Room
|upkeep
|
|t:|1756997202
|switch|p2b: Politoed|Politoed, L50, F|100/100
|turn|7
|
|t:|1756997224
|switch|p1b: Torkoal|Torkoal, L50, F|100/100
|-weather|SunnyDay|[from] ability: Drought|[of] p1b: Torkoal
|-terastallize|p1a: Hatterene|Fire
|move|p2a: Feraligatr|Liquidation|p1a: Hatterene
|-supereffective|p1a: Hatterene
|-damage|p1a: Hatterene|21/100
|move|p2b: Politoed|Weather Ball|p1a: Hatterene
|-resisted|p1a: Hatterene
|-damage|p1a: Hatterene|0 fnt
|faint|p1a: Hatterene
|
|-weather|SunnyDay|[upkeep]
|-heal|p2a: Feraligatr|57/100|[from] Grassy Terrain
|upkeep
|
|t:|1756997239
|switch|p1a: Indeedee|Indeedee-F, L50, F|64/100
|-fieldstart|move: Psychic Terrain|[from] ability: Psychic Surge|[of] p1a: Indeedee
|turn|8
|
|t:|1756997265
|move|p2a: Feraligatr|Liquidation|p1a: Indeedee
|-damage|p1a: Indeedee|32/100
|-damage|p2a: Feraligatr|41/100|[from] item: Rocky Helmet|[of] p1a: Indeedee
|move|p2b: Politoed|Weather Ball|p1a: Indeedee
|-damage|p1a: Indeedee|0 fnt
|faint|p1a: Indeedee
|move|p1b: Torkoal|Eruption|p2b: Politoed|[spread] p2a,p2b
|-resisted|p2a: Feraligatr
|-resisted|p2b: Politoed
|-damage|p2a: Feraligatr|0 fnt
|-damage|p2b: Politoed|56/100
|faint|p2a: Feraligatr
|
|-weather|SunnyDay|[upkeep]
|upkeep
|
|t:|1756997277
|switch|p1a: Ursaluna|Ursaluna, L50, M|26/100 brn
|turn|9
|
|t:|1756997282
|move|p2b: Politoed|Protect|p2b: Politoed
|-singleturn|p2b: Politoed|Protect
|move|p1a: Ursaluna|Facade|p2b: Politoed
|-activate|p2b: Politoed|move: Protect
|move|p1b: Torkoal|Eruption|p2b: Politoed
|-activate|p2b: Politoed|move: Protect
|
|-weather|SunnyDay|[upkeep]
|-damage|p1a: Ursaluna|20/100 brn|[from] brn
|upkeep
|turn|10
|
|t:|1756997293
|move|p2b: Politoed|Icy Wind|p1a: Ursaluna|[spread] p1a,p1b
|-supereffective|p1a: Ursaluna
|-resisted|p1b: Torkoal
|-crit|p1b: Torkoal
|-damage|p1a: Ursaluna|0 fnt
|-damage|p1b: Torkoal|89/100
|-unboost|p1b: Torkoal|spe|1
|faint|p1a: Ursaluna
|move|p1b: Torkoal|Eruption|p2b: Politoed
|-resisted|p2b: Politoed
|-crit|p2b: Politoed
|-damage|p2b: Politoed|0 fnt
|faint|p2b: Politoed
|
|win|LeeCh1in0
||endK649 is ready for game 3.
||LeeCh1in0 is ready for game 3.
|uhtml|next|Next: Game 3 of 3
