|j|☆Slim Shady LPVGC
|j|☆Notaplaceofhonor
|html|Slim Shady LPVGCNotaplaceofhonor    
|uhtml|bestof|Game 2 of a best-of-3
|t:|1756872554
|gametype|doubles
|player|p1|Slim Shady LPVGC|cynthia|1206
|player|p2|Notaplaceofhonor|juan-gen3|1191
|gen|9
|tier|[Gen 9] VGC 2025 Reg H (Bo3)
|rated|
|rule|Species Clause: Limit one of each Pokémon
|rule|Item Clause: Limit 1 of each item
|clearpoke
|poke|p1|Whimsicott, L50, M|
|poke|p1|Dragapult, L50, M|
|poke|p1|Gholdengo, L50|
|poke|p1|Sneasler, L50, M|
|poke|p1|Hydreigon, L50, M|
|poke|p1|Magmar, L50, F|
|poke|p2|Ursaluna, L50, F|
|poke|p2|Incineroar, L50, F|
|poke|p2|Archaludon, L50, M|
|poke|p2|Pelipper, L50, M|
|poke|p2|Basculegion, L50, M|
|poke|p2|Sinistcha, L50|
|teampreview|4
|showteam|p1|Whimsicott||CovertCloak|Prankster|Moonblast,Tailwind,Encore,SunnyDay|||M|||50|,,,,,Dark]Dragapult||ChoiceBand|ClearBody|DragonDarts,PhantomForce,SuckerPunch,Uturn|||M|||50|,,,,,Dragon]Gholdengo||MetalCoat|GoodasGold|Protect,MakeItRain,ShadowBall,NastyPlot||||||50|,,,,,Steel]Sneasler||WhiteHerb|Unburden|Protect,DireClaw,CloseCombat,FakeOut|||M|||50|,,,,,Stellar]Hydreigon||LifeOrb|Levitate|Protect,DracoMeteor,DarkPulse,EarthPower|||M|||50|,,,,,Ghost]Magmar||Eviolite|VitalSpirit|Protect,FollowMe,HeatWave,WillOWisp|||F|||50|,,,,,Ghost
|showteam|p2|Ursaluna||FlameOrb|Guts|Protect,Facade,Earthquake,HeadlongRush|||F|||50|,,,,,Ghost]Incineroar||SafetyGoggles|Intimidate|Taunt,FakeOut,KnockOff,PartingShot|||F|||50|,,,,,Ghost]Archaludon||AssaultVest|Stamina|ElectroShot,Snarl,DracoMeteor,BodyPress|||M|||50|,,,,,Grass]Pelipper||FocusSash|Drizzle|Hurricane,WeatherBall,Tailwind,Protect|||M|||50|,,,,,Ghost]Basculegion||ChoiceScarf|Adaptability|WaveCrash,LastRespects,FlipTurn,IcyWind|||M|||50|,,,,,Water]Sinistcha||SitrusBerry|Hospitality|MatchaGotcha,LifeDew,RagePowder,TrickRoom||||||50|,,,,,Water
|inactive|Battle timer is ON: inactive players will automatically lose when time's up. (requested by Slim Shady LPVGC)
|
|t:|1756872579
|teamsize|p1|4
|teamsize|p2|4
|start
|switch|p1a: Whimsicott|Whimsicott, L50, M|100/100
|switch|p1b: Dragapult|Dragapult, L50, M|100/100
|switch|p2a: Incineroar|Incineroar, L50, F|100/100
|switch|p2b: Ursaluna|Ursaluna, L50, F|100/100
|-ability|p2a: Incineroar|Intimidate|boost
|-unboost|p1a: Whimsicott|atk|1
|-fail|p1b: Dragapult|unboost|[from] ability: Clear Body|[of] p1b: Dragapult
|turn|1
|inactive|Slim Shady LPVGC has 30 seconds left.
|
|t:|1756872608
|-terastallize|p1b: Dragapult|Dragon
|move|p2b: Ursaluna|Protect|p2b: Ursaluna
|-singleturn|p2b: Ursaluna|Protect
|move|p1b: Dragapult|Dragon Darts|p2a: Incineroar
|-crit|p2a: Incineroar
|-damage|p2a: Incineroar|43/100
|-anim|p1b: Dragapult|Dragon Darts|p2a: Incineroar
|-damage|p2a: Incineroar|4/100
|move|p1a: Whimsicott|Moonblast|p2b: Ursaluna
|-activate|p2b: Ursaluna|move: Protect
|move|p2a: Incineroar|Taunt|p1a: Whimsicott
|-start|p1a: Whimsicott|move: Taunt
|
|-status|p2b: Ursaluna|brn|[from] item: Flame Orb
|upkeep
|turn|2
|inactive|Slim Shady LPVGC has 30 seconds left.
|inactive|Notaplaceofhonor has 30 seconds left.
|
|t:|1756872636
|switch|p2a: Archaludon|Archaludon, L50, M|100/100
|move|p1b: Dragapult|Dragon Darts|p2a: Archaludon
|-damage|p2a: Archaludon|66/100
|-ability|p2a: Archaludon|Stamina|boost
|-boost|p2a: Archaludon|def|1
|-anim|p1b: Dragapult|Dragon Darts|p2b: Ursaluna
|-damage|p2b: Ursaluna|64/100 brn
|move|p1a: Whimsicott|Moonblast|p2b: Ursaluna
|-damage|p2b: Ursaluna|29/100 brn
|move|p2b: Ursaluna|Headlong Rush|p1b: Dragapult
|-damage|p1b: Dragapult|0 fnt
|-unboost|p2b: Ursaluna|def|1
|-unboost|p2b: Ursaluna|spd|1
|faint|p1b: Dragapult
|
|-damage|p2b: Ursaluna|23/100 brn|[from] brn
|upkeep
|
|t:|1756872655
|switch|p1b: Hydreigon|Hydreigon, L50, M|100/100
|turn|3
|
|t:|1756872671
|switch|p2b: Incineroar|Incineroar, L50, F|4/100
|-ability|p2b: Incineroar|Intimidate|boost
|-unboost|p1a: Whimsicott|atk|1
|-unboost|p1b: Hydreigon|atk|1
|-terastallize|p2a: Archaludon|Grass
|move|p1a: Whimsicott|Moonblast|p2b: Incineroar
|-damage|p2b: Incineroar|0 fnt
|faint|p2b: Incineroar
|move|p1b: Hydreigon|Draco Meteor|p2a: Archaludon
|-crit|p2a: Archaludon
|-damage|p2a: Archaludon|0 fnt
|-unboost|p1b: Hydreigon|spa|2
|faint|p2a: Archaludon
|-damage|p1b: Hydreigon|91/100|[from] item: Life Orb
|
|upkeep
|
|t:|1756872686
|switch|p2a: Ursaluna|Ursaluna, L50, F|23/100 brn
|switch|p2b: Basculegion|Basculegion, L50, M|100/100
|turn|4
|
|t:|1756872703
|move|p2b: Basculegion|Last Respects|p1b: Hydreigon
|-resisted|p1b: Hydreigon
|-damage|p1b: Hydreigon|26/100
|move|p1a: Whimsicott|Moonblast|p2a: Ursaluna
|-damage|p2a: Ursaluna|0 fnt
|faint|p2a: Ursaluna
|move|p1b: Hydreigon|Dark Pulse|p2b: Basculegion
|-supereffective|p2b: Basculegion
|-damage|p2b: Basculegion|36/100
|-damage|p1b: Hydreigon|16/100|[from] item: Life Orb
|
|-end|p1a: Whimsicott|move: Taunt
|upkeep
|turn|5
|
|t:|1756872718
|move|p1a: Whimsicott|Tailwind|p1a: Whimsicott
|-sidestart|p1: Slim Shady LPVGC|move: Tailwind
|move|p1b: Hydreigon|Dark Pulse|p2b: Basculegion
|-supereffective|p2b: Basculegion
|-damage|p2b: Basculegion|0 fnt
|faint|p2b: Basculegion
|-damage|p1b: Hydreigon|6/100|[from] item: Life Orb
|
|win|Slim Shady LPVGC
|raw|Slim Shady LPVGC's rating: 1206 → 1230(+24 for winning)
|raw|Notaplaceofhonor's rating: 1191 → 1167(-24 for losing)
