|j|☆retking
|j|☆mudkipc4
|html|retkingmudkipc4    
|uhtml|bestof|Game 1 of a best-of-3
|t:|1782578554
|gametype|doubles
|player|p1|retking|n|
|player|p2|mudkipc4|pokemaniac|
|gen|9
|tier|[Gen 9 Champions] VGC 2026 Reg M-B (Bo3)
|rule|Species Clause: Limit one of each Pokémon
|rule|Item Clause: Limit 1 of each item
|clearpoke
|poke|p1|Whimsicott, L50, M|
|poke|p1|Floette-Eternal, L50, F|
|poke|p1|Charizard, L50, M|
|poke|p1|Garchomp, L50, F|
|poke|p1|Basculegion, L50, M|
|poke|p1|Kingambit, L50, F|
|poke|p2|Mawile, L50, M|
|poke|p2|Farigiraf, L50, F|
|poke|p2|Tyranitar, L50, F|
|poke|p2|Gengar, L50, M|
|poke|p2|Grimmsnarl, L50, M|
|poke|p2|Hydreigon, L50, M|
|teampreview|4
|showteam|p1|Whimsicott||FocusSash|Prankster|Moonblast,Tailwind,Encore,Protect|Timid||M|||50|]Floette-Eternal||Floettite|FlowerVeil|DazzlingGleam,Moonblast,LightofRuin,Protect|Timid||F|||50|]Charizard||CharizarditeY|Blaze|HeatWave,WeatherBall,SolarBeam,Protect|Modest||M|||50|]Garchomp||LifeOrb|RoughSkin|Earthquake,DragonClaw,RockSlide,Protect|Jolly||F|||50|]Basculegion||MysticWater|Adaptability|WaveCrash,LastRespects,AquaJet,Protect|Adamant||M|||50|]Kingambit||BlackGlasses|Defiant|KowtowCleave,SuckerPunch,IronHead,Protect|Adamant||F|||50|
|showteam|p2|Mawile||Mawilite|Intimidate|PlayRough,IronHead,SuckerPunch,Protect|Brave||M|||50|]Farigiraf||SitrusBerry|ArmorTail|TrickRoom,Psychic,Protect,Imprison|Bold||F|||50|]Tyranitar||FocusSash|SandStream|RockSlide,BrickBreak,KnockOff,Protect|Adamant||F|||50|]Gengar||Gengarite|CursedBody|SludgeBomb,ShadowBall,Protect,WillOWisp|Timid||M|||50|]Grimmsnarl||LightClay|Prankster|FakeOut,PartingShot,Reflect,SpiritBreak|Impish||M|||50|]Hydreigon||ChoiceScarf|Levitate|DarkPulse,DracoMeteor,EarthPower,Snarl|Modest||M|||50|
|inactive|Battle timer is ON: inactive players will automatically lose when time's up. (requested by retking)
|
|t:|1782578574
|teamsize|p1|4
|teamsize|p2|4
|start
|switch|p1a: Floette|Floette-Eternal, L50, F|100/100
|switch|p1b: Kingambit|Kingambit, L50, F|100/100
|switch|p2a: Chimera|Farigiraf, L50, F|100/100
|switch|p2b: Gorgon|Grimmsnarl, L50, M|100/100
|turn|1
|
|t:|1782578584
|detailschange|p1a: Floette|Floette-Mega, L50, F
|-mega|p1a: Floette|Floette|Floettite
|-ability|p1a: Floette|Fairy Aura
|move|p2a: Chimera|Protect|p2a: Chimera
|-singleturn|p2a: Chimera|Protect
|move|p2b: Gorgon|Parting Shot|p1a: Floette
|-unboost|p1a: Floette|atk|1
|-unboost|p1a: Floette|spa|1
|
|t:|1782578592
|switch|p2b: Typhon|Tyranitar, L50, F|100/100|[from] Parting Shot
|-weather|Sandstorm|[from] ability: Sand Stream|[of] p2b: Typhon
|move|p1a: Floette|Dazzling Gleam|p2a: Chimera|[spread] p2b
|-activate|p2a: Chimera|move: Protect
|-supereffective|p2b: Typhon|1
|-crit|p2b: Typhon
|-damage|p2b: Typhon|17/100
|move|p1b: Kingambit|Kowtow Cleave|p2a: Chimera
|-activate|p2a: Chimera|move: Protect
|
|-weather|Sandstorm|[upkeep]
|-damage|p1a: Floette|94/100|[from] Sandstorm
|-damage|p2a: Chimera|93/100|[from] Sandstorm
|upkeep
|turn|2
|
|t:|1782578607
|move|p2b: Typhon|Protect|p2b: Typhon
|-singleturn|p2b: Typhon|Protect
|move|p1a: Floette|Dazzling Gleam|p2b: Typhon|[spread] p2a
|-activate|p2b: Typhon|move: Protect
|-damage|p2a: Chimera|61/100
|move|p2a: Chimera|Psychic|p1a: Floette
|-damage|p1a: Floette|66/100
|move|p1b: Kingambit|Kowtow Cleave|p2a: Chimera
|-supereffective|p2a: Chimera|1
|-damage|p2a: Chimera|0 fnt
|faint|p2a: Chimera
|
|-weather|Sandstorm|[upkeep]
|-damage|p1a: Floette|60/100|[from] Sandstorm
|upkeep
|
|t:|1782578616
|switch|p2a: Gorgon|Grimmsnarl, L50, M|100/100
|turn|3
|
|t:|1782578622
|move|p2a: Gorgon|Fake Out|p1a: Floette
|-damage|p1a: Floette|45/100
|cant|p1a: Floette|flinch
|move|p2b: Typhon|Brick Break|p1b: Kingambit
|-supereffective|p1b: Kingambit|2
|-damage|p1b: Kingambit|11/100
|move|p1b: Kingambit|Iron Head|p2a: Gorgon
|-supereffective|p2a: Gorgon|1
|-damage|p2a: Gorgon|16/100
|
|-weather|Sandstorm|[upkeep]
|-damage|p1a: Floette|39/100|[from] Sandstorm
|-damage|p2a: Gorgon|10/100|[from] Sandstorm
|upkeep
|turn|4
|
|t:|1782578638
|move|p2b: Typhon|Protect|p2b: Typhon
|-singleturn|p2b: Typhon|Protect
|move|p1b: Kingambit|Protect|p1b: Kingambit
|-singleturn|p1b: Kingambit|Protect
|move|p1a: Floette|Dazzling Gleam|p2b: Typhon|[spread] p2a
|-activate|p2b: Typhon|move: Protect
|-supereffective|p2a: Gorgon|1
|-damage|p2a: Gorgon|0 fnt
|faint|p2a: Gorgon
|
|-weather|Sandstorm|[upkeep]
|-damage|p1a: Floette|33/100|[from] Sandstorm
|upkeep
|
|t:|1782578645
|switch|p2a: Scylla|Mawile, L50, M|100/100
|-ability|p2a: Scylla|Intimidate|boost
|-unboost|p1a: Floette|atk|1
|-unboost|p1b: Kingambit|atk|1
|-ability|p1b: Kingambit|Defiant|boost
|-boost|p1b: Kingambit|atk|2
|turn|5
|
|t:|1782578657
|detailschange|p2a: Scylla|Mawile-Mega, L50, M
|-mega|p2a: Scylla|Mawile|Mawilite
|move|p1b: Kingambit|Sucker Punch|p2b: Typhon
|-resisted|p2b: Typhon|1
|-damage|p2b: Typhon|0 fnt
|faint|p2b: Typhon
|move|p2a: Scylla|Sucker Punch|p1a: Floette
|-resisted|p1a: Floette|1
|-damage|p1a: Floette|2/100
|move|p1a: Floette|Dazzling Gleam|p2a: Scylla
|-resisted|p2a: Scylla|1
|-damage|p2a: Scylla|77/100
|
|-weather|none
|upkeep
|turn|6
|-message|mudkipc4 forfeited.
|
|win|retking
||retking is ready for game 2.
||mudkipc4 is ready for game 2.
|uhtml|next|Next: Game 2 of 3
|l|☆retking
|player|p1|
