|j|☆RillaZardCJM
|j|☆HumanPlaysVGC
|html|RillaZardCJMHumanPlaysVGC    
|uhtml|bestof|Game 2 of a best-of-3
|t:|1756555516
|gametype|doubles
|player|p1|RillaZardCJM|byron|
|player|p2|HumanPlaysVGC|n-masters3|
|gen|9
|tier|[Gen 9] VGC 2025 Reg H (Bo3)
|rule|Species Clause: Limit one of each Pokémon
|rule|Item Clause: Limit 1 of each item
|clearpoke
|poke|p1|Incineroar, L50, F|
|poke|p1|Sneasler, L50, F|
|poke|p1|Ursaluna-Bloodmoon, L50, M|
|poke|p1|Rillaboom, L50, M|
|poke|p1|Gholdengo, L50|
|poke|p1|Indeedee, L50, M|
|poke|p2|Weezing-Galar, L50, F|
|poke|p2|Toedscruel, L50, M|
|poke|p2|Corviknight, L50, F|
|poke|p2|Incineroar, L50, F|
|poke|p2|Garchomp, L50, F|
|poke|p2|Indeedee, L50, M|
|teampreview|4
|showteam|p1|Incineroar||SafetyGoggles|Intimidate|KnockOff,FakeOut,FlareBlitz,PartingShot|||F|||50|,,,,,Ghost]Sneasler||GrassySeed|Unburden|Acrobatics,DireClaw,Protect,CloseCombat|||F|||50|,,,,,Flying]Ursaluna-Bloodmoon||RoomService|MindsEye|BloodMoon,HyperVoice,EarthPower,Protect|||M|||50|,,,,,Normal]Rillaboom||AssaultVest|GrassySurge|FakeOut,WoodHammer,GrassyGlide,Uturn|||M|||50|,,,,,Fire]Gholdengo||LifeOrb|GoodasGold|ShadowBall,MakeItRain,NastyPlot,TeraBlast||||||50|,,,,,Water]Indeedee||FocusSash|PsychicSurge|Imprison,ExpandingForce,Protect,TrickRoom|||M|||50|,,,,,Psychic
|showteam|p2|Weezing-Galar||SitrusBerry|NeutralizingGas|DazzlingGleam,SludgeBomb,Protect,Taunt|||F|||50|,,,,,Grass]Toedscruel||CovertCloak|MyceliumMight|Spore,RagePowder,EarthPower,AcidSpray|||M|||50|,,,,,Water]Corviknight||RockyHelmet|MirrorArmor|Tailwind,BraveBird,Protect,Roost|||F|||50|,,,,,Dragon]Incineroar||AbilityShield|Intimidate|FakeOut,KnockOff,PartingShot,Taunt|||F|||50|,,,,,Ghost]Garchomp||LifeOrb|RoughSkin|DragonClaw,Earthquake,Protect,StompingTantrum|||F|||50|,,,,,Ground]Indeedee||FocusSash|PsychicSurge|ExpandingForce,DazzlingGleam,Protect,TrickRoom|||M|||50|,,,,,Psychic
|
|t:|1756555626
|teamsize|p1|4
|teamsize|p2|4
|start
|switch|p1a: Incineroar|Incineroar, L50, F|100/100
|switch|p1b: Rillaboom|Rillaboom, L50, M|100/100
|switch|p2a: Weezing|Weezing-Galar, L50, F|100/100
|switch|p2b: Incineroar|Incineroar, L50, F|100/100
|-ability|p2a: Weezing|Neutralizing Gas
|-block|p2b: Incineroar|item: Ability Shield
|-ability|p2b: Incineroar|Intimidate|boost
|-unboost|p1a: Incineroar|atk|1
|-unboost|p1b: Rillaboom|atk|1
|turn|1
|
|t:|1756555684
|move|p2a: Weezing|Protect|p2a: Weezing
|-singleturn|p2a: Weezing|Protect
|move|p1b: Rillaboom|U-turn|p2b: Incineroar
|-damage|p2b: Incineroar|88/100
|
|t:|1756555689
|switch|p1b: Ursaluna|Ursaluna-Bloodmoon, L50, M|100/100|[from] U-turn
|move|p2b: Incineroar|Knock Off|p1b: Ursaluna
|-damage|p1b: Ursaluna|74/100
|-enditem|p1b: Ursaluna|Room Service|[from] move: Knock Off|[of] p2b: Incineroar
|move|p1a: Incineroar|Parting Shot|p2a: Weezing
|-activate|p2a: Weezing|move: Protect
|
|upkeep
|turn|2
|
|t:|1756555732
|-end|p2a: Weezing|ability: Neutralizing Gas
|-ability|p1a: Incineroar|Intimidate|boost
|-unboost|p2a: Weezing|atk|1
|-unboost|p2b: Incineroar|atk|1
|switch|p2a: Corviknight|Corviknight, L50, F|100/100
|move|p1a: Incineroar|Flare Blitz|p2a: Corviknight
|-supereffective|p2a: Corviknight
|-damage|p2a: Corviknight|38/100
|-damage|p1a: Incineroar|84/100|[from] item: Rocky Helmet|[of] p2a: Corviknight
|-damage|p1a: Incineroar|63/100|[from] Recoil
|move|p2b: Incineroar|Parting Shot|p1b: Ursaluna
|-unboost|p1b: Ursaluna|atk|1
|-unboost|p1b: Ursaluna|spa|1
|
|t:|1756555746
|switch|p2b: Garchomp|Garchomp, L50, F|100/100|[from] Parting Shot
|move|p1b: Ursaluna|Earth Power|p2b: Garchomp
|-damage|p2b: Garchomp|64/100
|
|upkeep
|turn|3
|
|t:|1756555761
|move|p2b: Garchomp|Earthquake|p1b: Ursaluna|[spread] p1a,p1b
|-immune|p2a: Corviknight
|-supereffective|p1a: Incineroar
|-damage|p1a: Incineroar|0 fnt
|-damage|p1b: Ursaluna|32/100
|faint|p1a: Incineroar
|-damage|p2b: Garchomp|54/100|[from] item: Life Orb
|move|p2a: Corviknight|Brave Bird|p1b: Ursaluna
|-damage|p1b: Ursaluna|0 fnt
|faint|p1b: Ursaluna
|-damage|p2a: Corviknight|27/100|[from] Recoil
|
|upkeep
|
|t:|1756555774
|switch|p1a: Rillaboom|Rillaboom, L50, M|100/100
|switch|p1b: Sneasler|Sneasler, L50, F|100/100
|-fieldstart|move: Grassy Terrain|[from] ability: Grassy Surge|[of] p1a: Rillaboom
|-enditem|p1b: Sneasler|Grassy Seed
|-boost|p1b: Sneasler|def|1|[from] item: Grassy Seed
|turn|4
|
|t:|1756555793
|switch|p2b: Incineroar|Incineroar, L50, F|88/100
|-ability|p2b: Incineroar|Intimidate|boost
|-unboost|p1a: Rillaboom|atk|1
|-unboost|p1b: Sneasler|atk|1
|-terastallize|p1b: Sneasler|Flying
|move|p2a: Corviknight|Protect|p2a: Corviknight
|-singleturn|p2a: Corviknight|Protect
|move|p1a: Rillaboom|Fake Out|p2a: Corviknight
|-activate|p2a: Corviknight|move: Protect
|move|p1b: Sneasler|Acrobatics|p2b: Incineroar
|-damage|p2b: Incineroar|51/100
|
|-heal|p2b: Incineroar|57/100|[from] Grassy Terrain
|upkeep
|turn|5
|
|t:|1756555831
|move|p1b: Sneasler|Protect|p1b: Sneasler
|-singleturn|p1b: Sneasler|Protect
|move|p2b: Incineroar|Fake Out|p1b: Sneasler
|-activate|p1b: Sneasler|move: Protect
|move|p1a: Rillaboom|Wood Hammer|p2b: Incineroar
|-resisted|p2b: Incineroar
|-damage|p2b: Incineroar|36/100
|-damage|p1a: Rillaboom|92/100|[from] Recoil
|move|p2a: Corviknight|Roost|p2a: Corviknight
|-heal|p2a: Corviknight|78/100
|-singleturn|p2a: Corviknight|move: Roost
|
|-heal|p1a: Rillaboom|98/100|[from] Grassy Terrain
|-heal|p2a: Corviknight|83/100|[from] Grassy Terrain
|-heal|p2b: Incineroar|42/100|[from] Grassy Terrain
|upkeep
|turn|6
|
|t:|1756555892
|switch|p2b: Weezing|Weezing-Galar, L50, F|100/100
|-ability|p2b: Weezing|Neutralizing Gas
|move|p1b: Sneasler|Dire Claw|p2b: Weezing
|-damage|p2b: Weezing|75/100
|move|p1a: Rillaboom|U-turn|p2b: Weezing
|-resisted|p2b: Weezing
|-damage|p2b: Weezing|72/100
|move|p2a: Corviknight|Brave Bird|p1a: Rillaboom
|-supereffective|p1a: Rillaboom
|-damage|p1a: Rillaboom|7/100
|-damage|p2a: Corviknight|58/100|[from] Recoil
|
|-heal|p1a: Rillaboom|13/100|[from] Grassy Terrain
|-heal|p2b: Weezing|78/100|[from] Grassy Terrain
|upkeep
|turn|7
|
|t:|1756555925
|move|p1b: Sneasler|Protect|p1b: Sneasler
|-singleturn|p1b: Sneasler|Protect
|move|p1a: Rillaboom|Wood Hammer|p2a: Corviknight
|-resisted|p2a: Corviknight
|-damage|p2a: Corviknight|47/100
|-damage|p1a: Rillaboom|0 fnt|[from] item: Rocky Helmet|[of] p2a: Corviknight
|faint|p1a: Rillaboom
|move|p2a: Corviknight|Tailwind|p2a: Corviknight
|-sidestart|p2: HumanPlaysVGC|move: Tailwind
|move|p2b: Weezing|Sludge Bomb|p1b: Sneasler
|-activate|p1b: Sneasler|move: Protect
|
|-heal|p2b: Weezing|84/100|[from] Grassy Terrain
|upkeep
|turn|8
|
|t:|1756555965
|-end|p2b: Weezing|ability: Neutralizing Gas
|switch|p2b: Incineroar|Incineroar, L50, F|42/100
|-ability|p2b: Incineroar|Intimidate|boost
|-unboost|p1b: Sneasler|atk|1
|move|p1b: Sneasler|Acrobatics|p2b: Incineroar
|-damage|p2b: Incineroar|18/100
|move|p2a: Corviknight|Roost|p2a: Corviknight
|-heal|p2a: Corviknight|98/100
|-singleturn|p2a: Corviknight|move: Roost
|
|-heal|p2a: Corviknight|100/100|[from] Grassy Terrain
|-heal|p2b: Incineroar|24/100|[from] Grassy Terrain
|-fieldend|move: Grassy Terrain
|upkeep
|turn|9
|
|t:|1756555980
|move|p1b: Sneasler|Protect|p1b: Sneasler
|-singleturn|p1b: Sneasler|Protect
|move|p2b: Incineroar|Fake Out|p1b: Sneasler
|-activate|p1b: Sneasler|move: Protect
|move|p2a: Corviknight|Brave Bird|p1b: Sneasler
|-activate|p1b: Sneasler|move: Protect
|
|upkeep
|turn|10
|
|t:|1756555988
|switch|p2b: Weezing|Weezing-Galar, L50, F|84/100
|-ability|p2b: Weezing|Neutralizing Gas
|move|p2a: Corviknight|Brave Bird|p1b: Sneasler
|-damage|p1b: Sneasler|48/100
|-damage|p2a: Corviknight|87/100|[from] Recoil
|move|p1b: Sneasler|Close Combat|p2b: Weezing
|-resisted|p2b: Weezing
|-damage|p2b: Weezing|76/100
|-unboost|p1b: Sneasler|def|1
|-unboost|p1b: Sneasler|spd|1
|
|-sideend|p2: HumanPlaysVGC|move: Tailwind
|upkeep
|turn|11
|
|t:|1756556003
|move|p1b: Sneasler|Acrobatics|p2b: Weezing
|-damage|p2b: Weezing|52/100
|move|p2a: Corviknight|Brave Bird|p1b: Sneasler
|-damage|p1b: Sneasler|0 fnt
|faint|p1b: Sneasler
|-damage|p2a: Corviknight|76/100|[from] Recoil
|
|win|HumanPlaysVGC
||RillaZardCJM is ready for game 3.
||HumanPlaysVGC is ready for game 3.
|uhtml|next|Next: Game 3 of 3
