|j|☆PkSbm
|j|☆SuperPokeVGC
|html|PkSbmSuperPokeVGC    
|uhtml|bestof|Game 1 of a best-of-3
|t:|1756319148
|gametype|doubles
|player|p1|PkSbm|101|1118
|player|p2|SuperPokeVGC|ltsurge|1157
|gen|9
|tier|[Gen 9] VGC 2025 Reg H (Bo3)
|rated|
|rule|Species Clause: Limit one of each Pokémon
|rule|Item Clause: Limit 1 of each item
|clearpoke
|poke|p1|Gholdengo, L50|
|poke|p1|Dragonite, L50, M|
|poke|p1|Porygon2, L50|
|poke|p1|Ursaluna-Bloodmoon, L50, M|
|poke|p1|Primarina, L50, M|
|poke|p1|Incineroar, L50, M|
|poke|p2|Tyranitar, L50, F|
|poke|p2|Garchomp, L50, M|
|poke|p2|Gholdengo, L50|
|poke|p2|Sinistcha, L50|
|poke|p2|Yanmega, L50, M|
|poke|p2|Arcanine, L50, F|
|teampreview|4
|showteam|p1|Gholdengo||LifeOrb|GoodasGold|ShadowBall,MakeItRain,Reflect,LightScreen||||||50|,,,,,Steel]Dragonite||LoadedDice|Multiscale|Tailwind,ScaleShot,ExtremeSpeed,Haze|||M|||50|,,,,,Fairy]Porygon2||Eviolite|Download|Recover,IceBeam,TrickRoom,TeraBlast||||||50|,,,,,Fighting]Ursaluna-Bloodmoon||AssaultVest|MindsEye|VacuumWave,EarthPower,HyperVoice,BloodMoon|||M|||50|,,,,,Ghost]Primarina||SitrusBerry|LiquidVoice|HyperVoice,Haze,Moonblast,Protect|||M|||50|,,,,,Steel]Incineroar||SafetyGoggles|Intimidate|FakeOut,KnockOff,PartingShot,FlareBlitz|||M|||50|,,,,,Ghost
|showteam|p2|Tyranitar||LifeOrb|SandStream|KnockOff,RockSlide,TeraBlast,Protect|||F|||50|,,,,,Flying]Garchomp||ClearAmulet|SandVeil|DragonClaw,StompingTantrum,Earthquake,Protect|||M|||50|,,,,,Fire]Gholdengo||Leftovers|GoodasGold|MakeItRain,ShadowBall,NastyPlot,Protect||||||50|,,,,,Water]Sinistcha||SitrusBerry|Hospitality|RagePowder,MatchaGotcha,TrickRoom,Protect||||||50|,,,,,Water]Yanmega||FocusSash|SpeedBoost|Tailwind,AirSlash,BugBuzz,Detect|||M|||50|,,,,,Ghost]Arcanine||MirrorHerb|Intimidate|ExtremeSpeed,FlareBlitz,WillOWisp,Protect|||F|||50|,,,,,Normal
|inactive|Battle timer is ON: inactive players will automatically lose when time's up. (requested by SuperPokeVGC)
|inactive|PkSbm has 60 seconds left.
|inactive|SuperPokeVGC has 60 seconds left.
|inactive|PkSbm has 30 seconds left.
|inactive|SuperPokeVGC has 30 seconds left.
|inactive|PkSbm has 20 seconds left.
|inactive|SuperPokeVGC has 20 seconds left.
|
|t:|1756319223
|teamsize|p1|4
|teamsize|p2|4
|start
|switch|p1a: Porygon2|Porygon2, L50|100/100
|switch|p1b: Incineroar|Incineroar, L50, M|100/100
|switch|p2a: Garchomp|Garchomp, L50, M|100/100
|switch|p2b: Yanmega|Yanmega, L50, M, shiny|100/100
|-ability|p1b: Incineroar|Intimidate|boost
|-fail|p2a: Garchomp|unboost|[from] item: Clear Amulet|[of] p2a: Garchomp
|-unboost|p2b: Yanmega|atk|1
|-ability|p1a: Porygon2|Download|boost
|-boost|p1a: Porygon2|spa|1
|turn|1
|inactive|PkSbm has 30 seconds left.
|inactive|PkSbm has 20 seconds left.
|inactive|PkSbm has 15 seconds left.
|inactive|PkSbm has 10 seconds left.
|
|t:|1756319270
|move|p2a: Garchomp|Protect|p2a: Garchomp
|-singleturn|p2a: Garchomp|Protect
|move|p1b: Incineroar|Fake Out|p2a: Garchomp
|-activate|p2a: Garchomp|move: Protect
|move|p2b: Yanmega|Air Slash|p1a: Porygon2
|-damage|p1a: Porygon2|75/100
|move|p1a: Porygon2|Trick Room|p1a: Porygon2
|-fieldstart|move: Trick Room|[of] p1a: Porygon2
|
|-ability|p2b: Yanmega|Speed Boost|boost
|-boost|p2b: Yanmega|spe|1
|upkeep
|turn|2
|inactive|SuperPokeVGC has 30 seconds left.
|inactive|SuperPokeVGC has 20 seconds left.
|inactive|SuperPokeVGC has 15 seconds left.
|
|t:|1756319312
|-terastallize|p2a: Garchomp|Fire
|move|p1a: Porygon2|Ice Beam|p2a: Garchomp
|-resisted|p2a: Garchomp
|-damage|p2a: Garchomp|77/100
|move|p1b: Incineroar|Flare Blitz|p2b: Yanmega
|-supereffective|p2b: Yanmega
|-enditem|p2b: Yanmega|Focus Sash
|-damage|p2b: Yanmega|1/100
|-damage|p1b: Incineroar|74/100|[from] Recoil
|move|p2a: Garchomp|Earthquake|p1b: Incineroar|[spread] p1a,p1b
|-immune|p2b: Yanmega
|-supereffective|p1b: Incineroar
|-damage|p1a: Porygon2|48/100
|-damage|p1b: Incineroar|0 fnt
|faint|p1b: Incineroar
|move|p2b: Yanmega|Bug Buzz|p1a: Porygon2
|-damage|p1a: Porygon2|17/100
|
|-ability|p2b: Yanmega|Speed Boost|boost
|-boost|p2b: Yanmega|spe|1
|upkeep
|
|t:|1756319334
|switch|p1b: Ursaluna|Ursaluna-Bloodmoon, L50, M|100/100
|turn|3
|inactive|SuperPokeVGC has 30 seconds left.
|inactive|SuperPokeVGC has 20 seconds left.
|inactive|SuperPokeVGC has 15 seconds left.
|
|t:|1756319378
|move|p2b: Yanmega|Detect|p2b: Yanmega
|-singleturn|p2b: Yanmega|Protect
|move|p1b: Ursaluna|Hyper Voice|p2b: Yanmega|[spread] p2a
|-activate|p2b: Yanmega|move: Protect
|-damage|p2a: Garchomp|36/100
|move|p1a: Porygon2|Tera Blast|p2a: Garchomp
|-damage|p2a: Garchomp|0 fnt
|faint|p2a: Garchomp
|
|-ability|p2b: Yanmega|Speed Boost|boost
|-boost|p2b: Yanmega|spe|1
|upkeep
|inactive|SuperPokeVGC has 30 seconds left.
|
|t:|1756319411
|switch|p2a: Gholdengo|Gholdengo, L50|100/100
|turn|4
|
|t:|1756319426
|move|p2b: Yanmega|Detect|p2b: Yanmega
|-singleturn|p2b: Yanmega|Protect
|move|p1b: Ursaluna|Earth Power|p2a: Gholdengo
|-supereffective|p2a: Gholdengo
|-damage|p2a: Gholdengo|0 fnt
|faint|p2a: Gholdengo
|move|p1a: Porygon2|Tera Blast|p2b: Yanmega
|-activate|p2b: Yanmega|move: Protect
|
|-ability|p2b: Yanmega|Speed Boost|boost
|-boost|p2b: Yanmega|spe|1
|upkeep
|
|t:|1756319434
|switch|p2a: Sinistcha|Sinistcha, L50|100/100
|-heal|p2b: Yanmega|26/100|[from] ability: Hospitality|[of] p2a: Sinistcha
|turn|5
|
|t:|1756319446
|move|p2b: Yanmega|Detect|p2b: Yanmega
|-singleturn|p2b: Yanmega|Protect
|move|p1b: Ursaluna|Blood Moon|p2a: Sinistcha
|-damage|p2a: Sinistcha|28/100
|-enditem|p2a: Sinistcha|Sitrus Berry|[eat]
|-heal|p2a: Sinistcha|53/100|[from] item: Sitrus Berry
|move|p1a: Porygon2|Ice Beam|p2b: Yanmega
|-activate|p2b: Yanmega|move: Protect
|move|p2a: Sinistcha|Matcha Gotcha|p1a: Porygon2|[spread] p1a,p1b
|-supereffective|p1b: Ursaluna
|-damage|p1a: Porygon2|3/100
|-heal|p2a: Sinistcha|61/100|[from] drain|[of] p1a: Porygon2
|-damage|p1b: Ursaluna|63/100
|-heal|p2a: Sinistcha|83/100|[from] drain|[of] p1b: Ursaluna
|
|-fieldend|move: Trick Room
|-ability|p2b: Yanmega|Speed Boost|boost
|-boost|p2b: Yanmega|spe|1
|upkeep
|turn|6
|inactive|SuperPokeVGC has 30 seconds left.
|inactive|SuperPokeVGC has 20 seconds left.
|inactive|SuperPokeVGC has 15 seconds left.
|
|t:|1756319488
|switch|p1b: Dragonite|Dragonite, L50, M|100/100
|move|p2b: Yanmega|Bug Buzz|p1b: Dragonite
|-resisted|p1b: Dragonite
|-damage|p1b: Dragonite|89/100
|move|p2a: Sinistcha|Matcha Gotcha|p1b: Dragonite|[spread] p1a,p1b
|-resisted|p1b: Dragonite
|-damage|p1a: Porygon2|0 fnt
|-heal|p2a: Sinistcha|84/100|[from] drain|[of] p1a: Porygon2
|-damage|p1b: Dragonite|83/100
|-heal|p2a: Sinistcha|87/100|[from] drain|[of] p1b: Dragonite
|faint|p1a: Porygon2
|
|-ability|p2b: Yanmega|Speed Boost|boost
|-boost|p2b: Yanmega|spe|1
|upkeep
|
|t:|1756319513
|switch|p1a: Ursaluna|Ursaluna-Bloodmoon, L50, M|63/100
|turn|7
|inactive|SuperPokeVGC has 30 seconds left.
|inactive|SuperPokeVGC has 20 seconds left.
|inactive|SuperPokeVGC has 15 seconds left.
|
|t:|1756319557
|move|p1b: Dragonite|Extreme Speed|p2b: Yanmega
|-damage|p2b: Yanmega|0 fnt
|faint|p2b: Yanmega
|move|p2a: Sinistcha|Matcha Gotcha|p1a: Ursaluna|[spread] p1a,p1b
|-supereffective|p1a: Ursaluna
|-resisted|p1b: Dragonite
|-damage|p1a: Ursaluna|26/100
|-heal|p2a: Sinistcha|100/100|[from] drain|[of] p1a: Ursaluna
|-damage|p1b: Dragonite|77/100
|move|p1a: Ursaluna|Blood Moon|p2a: Sinistcha
|-damage|p2a: Sinistcha|21/100
|
|upkeep
|turn|8
|
|t:|1756319574
|move|p1b: Dragonite|Scale Shot|p2a: Sinistcha
|-damage|p2a: Sinistcha|9/100
|-damage|p2a: Sinistcha|0 fnt
|faint|p2a: Sinistcha
|-hitcount|p2: Sinistcha|2
|
|win|PkSbm
||SuperPokeVGC is ready for game 2.
||PkSbm is ready for game 2.
|uhtml|next|Next: Game 2 of 3
