|j|☆Slafyx
|j|☆jellytelescope
|html|Slafyxjellytelescope    
|uhtml|bestof|Game 1 of a best-of-3
|t:|1783529460
|gametype|doubles
|player|p1|Slafyx|steven|1199
|player|p2|jellytelescope|266|1223
|gen|9
|tier|[Gen 9 Champions] VGC 2026 Reg M-B (Bo3)
|rated|
|rule|Species Clause: Limit one of each Pokémon
|rule|Item Clause: Limit 1 of each item
|clearpoke
|poke|p1|Gengar, L50, M, shiny|
|poke|p1|Swampert, L50, M, shiny|
|poke|p1|Incineroar, L50, F, shiny|
|poke|p1|Politoed, L50, F, shiny|
|poke|p1|Archaludon, L50, M, shiny|
|poke|p1|Vivillon-Elegant, L50, F, shiny|
|poke|p2|Swampert, L50, M|
|poke|p2|Pelipper, L50, F|
|poke|p2|Archaludon, L50, M|
|poke|p2|Sinistcha, L50|
|poke|p2|Metagross, L50|
|poke|p2|Sableye, L50, F|
|teampreview|4
|showteam|p1|Gengar||Gengarite|CursedBody|ShadowBall,SludgeBomb,PerishSong,Protect|Timid||M|||50|]Swampert||Swampertite|Damp|WaveCrash,Earthquake,IcePunch,Protect|Adamant||M|||50|]Incineroar||PasshoBerry|Intimidate|FakeOut,ThroatChop,PartingShot,Protect|Sassy||F|||50|]Politoed||SitrusBerry|Drizzle|WeatherBall,Encore,PerishSong,Protect|Calm||F|||50|]Archaludon||Leftovers|Stamina|DragonPulse,FlashCannon,ElectroShot,Protect|Bold||M|||50|]Vivillon-Elegant||FocusSash|CompoundEyes|Hurricane,SleepPowder,RagePowder,Protect|Timid||F|||50|
|showteam|p2|Swampert||Swampertite|Torrent|Protect,WaveCrash,HighHorsepower,IcePunch|Adamant||M|||50|]Pelipper||FocusSash|Drizzle|Protect,WeatherBall,Hurricane,Tailwind|Timid||F|||50|]Archaludon||Leftovers|Stamina|Protect,ElectroShot,FlashCannon,DragonPulse|Modest||M|||50|]Sinistcha||KasibBerry|Hospitality|MatchaGotcha,RagePowder,Imprison,TrickRoom|Bold|||||50|]Metagross||Metagrossite|ClearBody|Protect,IronHead,PsychicFangs,StompingTantrum|Jolly|||||50|]Sableye||RoseliBerry|Prankster|Reflect,LightScreen,WillOWisp,RainDance|Calm||F|||50|
|inactive|Battle timer is ON: inactive players will automatically lose when time's up. (requested by Slafyx)
|inactive|jellytelescope has 60 seconds left.
|inactive|jellytelescope has 30 seconds left.
|
|t:|1783529530
|teamsize|p1|4
|teamsize|p2|4
|start
|switch|p1a: Vivillon|Vivillon-Elegant, L50, F, shiny|100/100
|switch|p1b: Swampert|Swampert, L50, M, shiny|100/100
|switch|p2a: Swampert|Swampert, L50, M|100/100
|switch|p2b: Pelipper|Pelipper, L50, F|100/100
|-weather|RainDance|[from] ability: Drizzle|[of] p2b: Pelipper
|turn|1
|
|t:|1783529553
|switch|p2a: Sinistcha|Sinistcha, L50|100/100
|detailschange|p1b: Swampert|Swampert-Mega, L50, M, shiny
|-mega|p1b: Swampert|Swampert|Swampertite
|move|p1b: Swampert|Wave Crash|p2a: Sinistcha
|-resisted|p2a: Sinistcha|1
|-damage|p2a: Sinistcha|56/100
|-damage|p1b: Swampert|86/100|[from] Recoil
|move|p1a: Vivillon|Sleep Powder|p2b: Pelipper
|-status|p2b: Pelipper|slp|[from] move: Sleep Powder
|cant|p2b: Pelipper|slp
|
|-weather|RainDance|[upkeep]
|upkeep
|turn|2
|inactive|jellytelescope has 30 seconds left.
|inactive|jellytelescope has 20 seconds left.
|inactive|jellytelescope has 15 seconds left.
|inactive|jellytelescope has 10 seconds left.
|
|t:|1783529599
|switch|p1b: Archaludon|Archaludon, L50, M, shiny|100/100
|move|p1a: Vivillon|Hurricane|p2a: Sinistcha
|-supereffective|p2a: Sinistcha|1
|-damage|p2a: Sinistcha|0 fnt
|faint|p2a: Sinistcha
|cant|p2b: Pelipper|slp
|
|-weather|RainDance|[upkeep]
|upkeep
|
|t:|1783529606
|switch|p2a: Swampert|Swampert, L50, M|100/100
|turn|3
|
|t:|1783529617
|detailschange|p2a: Swampert|Swampert-Mega, L50, M
|-mega|p2a: Swampert|Swampert|Swampertite
|move|p1a: Vivillon|Protect|p1a: Vivillon
|-singleturn|p1a: Vivillon|Protect
|move|p1b: Archaludon|Protect|p1b: Archaludon
|-singleturn|p1b: Archaludon|Protect
|move|p2a: Swampert|Ice Punch|p1a: Vivillon
|-activate|p1a: Vivillon|move: Protect
|-curestatus|p2b: Pelipper|slp|[msg]
|move|p2b: Pelipper|Tailwind|p2b: Pelipper
|-sidestart|p2: jellytelescope|move: Tailwind
|
|-weather|RainDance|[upkeep]
|upkeep
|turn|4
|
|t:|1783529640
|move|p2a: Swampert|Ice Punch|p1a: Vivillon
|-supereffective|p1a: Vivillon|1
|-enditem|p1a: Vivillon|Focus Sash
|-damage|p1a: Vivillon|1/100
|-status|p1a: Vivillon|frz
|move|p2b: Pelipper|Hurricane|p1a: Vivillon
|-supereffective|p1a: Vivillon|1
|-damage|p1a: Vivillon|0 fnt
|faint|p1a: Vivillon
|move|p1b: Archaludon|Electro Shot||[still]
|-prepare|p1b: Archaludon|Electro Shot
|-boost|p1b: Archaludon|spa|1
|-anim|p1b: Archaludon|Electro Shot|p2b: Pelipper
|-supereffective|p2b: Pelipper|2
|-enditem|p2b: Pelipper|Focus Sash
|-damage|p2b: Pelipper|1/100
|
|-weather|RainDance|[upkeep]
|upkeep
|
|t:|1783529652
|switch|p1a: Incineroar|Incineroar, L50, F, shiny|100/100
|-ability|p1a: Incineroar|Intimidate|boost
|-unboost|p2a: Swampert|atk|1
|-unboost|p2b: Pelipper|atk|1
|turn|5
|
|t:|1783529660
|switch|p2b: THE BRIDGE|Archaludon, L50, M|100/100
|move|p2a: Swampert|Protect|p2a: Swampert
|-singleturn|p2a: Swampert|Protect
|move|p1a: Incineroar|Fake Out|p2b: THE BRIDGE
|-resisted|p2b: THE BRIDGE|1
|-damage|p2b: THE BRIDGE|96/100
|-ability|p2b: THE BRIDGE|Stamina|boost
|-boost|p2b: THE BRIDGE|def|1
|move|p1b: Archaludon|Dragon Pulse|p2a: Swampert
|-activate|p2a: Swampert|move: Protect
|
|-weather|none
|-heal|p2b: THE BRIDGE|100/100|[from] item: Leftovers
|upkeep
|turn|6
|
|t:|1783529681
|switch|p2a: Pelipper|Pelipper, L50, F|1/100
|-weather|RainDance|[from] ability: Drizzle|[of] p2a: Pelipper
|move|p2b: THE BRIDGE|Electro Shot||[still]
|-prepare|p2b: THE BRIDGE|Electro Shot
|-boost|p2b: THE BRIDGE|spa|1
|-anim|p2b: THE BRIDGE|Electro Shot|p1a: Incineroar
|-damage|p1a: Incineroar|52/100
|move|p1b: Archaludon|Dragon Pulse|p2a: Pelipper
|-damage|p2a: Pelipper|0 fnt
|faint|p2a: Pelipper
|move|p1a: Incineroar|Parting Shot|p2b: THE BRIDGE
|-unboost|p2b: THE BRIDGE|atk|1
|-unboost|p2b: THE BRIDGE|spa|1
|
|t:|1783529685
|switch|p1a: Swampert|Swampert-Mega, L50, M, shiny|86/100|[from] Parting Shot
|
|-weather|RainDance|[upkeep]
|-sideend|p2: jellytelescope|move: Tailwind
|upkeep
|
|t:|1783529694
|switch|p2a: Swampert|Swampert-Mega, L50, M|100/100
|turn|7
|
|t:|1783529708
|move|p1a: Swampert|Protect|p1a: Swampert
|-singleturn|p1a: Swampert|Protect
|move|p1b: Archaludon|Protect|p1b: Archaludon
|-singleturn|p1b: Archaludon|Protect
|move|p2a: Swampert|Wave Crash|p1a: Swampert
|-activate|p1a: Swampert|move: Protect
|move|p2b: THE BRIDGE|Dragon Pulse|p1a: Swampert
|-activate|p1a: Swampert|move: Protect
|
|-weather|RainDance|[upkeep]
|upkeep
|turn|8
|
|t:|1783529727
|move|p1a: Swampert|Wave Crash|p2a: Swampert
|-damage|p2a: Swampert|3/100
|-damage|p1a: Swampert|51/100|[from] Recoil
|move|p2a: Swampert|High Horsepower|p1b: Archaludon
|-supereffective|p1b: Archaludon|1
|-damage|p1b: Archaludon|23/100
|-ability|p1b: Archaludon|Stamina|boost
|-boost|p1b: Archaludon|def|1
|move|p2b: THE BRIDGE|Dragon Pulse|p1b: Archaludon
|-damage|p1b: Archaludon|0 fnt
|faint|p1b: Archaludon
|
|-weather|RainDance|[upkeep]
|upkeep
|
|t:|1783529736
|switch|p1b: Incineroar|Incineroar, L50, F, shiny|52/100
|-ability|p1b: Incineroar|Intimidate|boost
|-unboost|p2a: Swampert|atk|1
|-unboost|p2b: THE BRIDGE|atk|1
|turn|9
|
|t:|1783529748
|move|p2a: Swampert|Protect|p2a: Swampert
|-singleturn|p2a: Swampert|Protect
|move|p2b: THE BRIDGE|Protect|p2b: THE BRIDGE
|-singleturn|p2b: THE BRIDGE|Protect
|move|p1b: Incineroar|Fake Out|p2b: THE BRIDGE
|-activate|p2b: THE BRIDGE|move: Protect
|move|p1a: Swampert|Earthquake|p2b: THE BRIDGE|[spread] p1b
|-activate|p2a: Swampert|move: Protect
|-activate|p2b: THE BRIDGE|move: Protect
|-supereffective|p1b: Incineroar|1
|-damage|p1b: Incineroar|0 fnt
|faint|p1b: Incineroar
|
|-weather|RainDance|[upkeep]
|upkeep
|turn|10
|
|t:|1783529757
|move|p1a: Swampert|Earthquake|p2b: THE BRIDGE|[spread] p2a,p2b
|-supereffective|p2b: THE BRIDGE|1
|-damage|p2a: Swampert|0 fnt
|-damage|p2b: THE BRIDGE|54/100
|-ability|p2b: THE BRIDGE|Stamina|boost
|-boost|p2b: THE BRIDGE|def|1
|faint|p2a: Swampert
|move|p2b: THE BRIDGE|Dragon Pulse|p1a: Swampert
|-damage|p1a: Swampert|13/100
|
|-weather|none
|-heal|p2b: THE BRIDGE|60/100|[from] item: Leftovers
|upkeep
|turn|11
|
|t:|1783529761
|move|p1a: Swampert|Earthquake|p2b: THE BRIDGE
|-supereffective|p2b: THE BRIDGE|1
|-damage|p2b: THE BRIDGE|10/100
|-ability|p2b: THE BRIDGE|Stamina|boost
|-boost|p2b: THE BRIDGE|def|1
|move|p2b: THE BRIDGE|Dragon Pulse|p1a: Swampert
|-damage|p1a: Swampert|0 fnt
|faint|p1a: Swampert
|
|win|jellytelescope
