|j|☆OdieVGC
|j|☆bcam1
|html|OdieVGCbcam1    
|uhtml|bestof|Game 1 of a best-of-3
|t:|1783630870
|gametype|doubles
|player|p1|OdieVGC|2|1109
|player|p2|bcam1|266|1051
|gen|9
|tier|[Gen 9 Champions] VGC 2026 Reg M-B (Bo3)
|rated|
|rule|Species Clause: Limit one of each Pokémon
|rule|Item Clause: Limit 1 of each item
|clearpoke
|poke|p1|Primarina, L50, M|
|poke|p1|Staraptor, L50, F, shiny|
|poke|p1|Delphox, L50, M, shiny|
|poke|p1|Garchomp, L50, F|
|poke|p1|Grimmsnarl, L50, M|
|poke|p1|Sinistcha-Masterpiece, L50, shiny|
|poke|p2|Torkoal, L50, M|
|poke|p2|Pyroar, L50, M|
|poke|p2|Gholdengo, L50|
|poke|p2|Venusaur, L50, M|
|poke|p2|Sableye, L50, F|
|poke|p2|Blaziken, L50, M|
|teampreview|4
|showteam|p1|Primarina||Leftovers|LiquidVoice|Protect,HyperVoice,CalmMind,Moonblast|Modest||M|||50|]Staraptor||Staraptite|Intimidate|Protect,BraveBird,Tailwind,CloseCombat|Jolly||F|||50|]Delphox||Delphoxite|Blaze|Protect,HeatWave,Encore,Psychic|Timid||M|||50|]Garchomp||LifeOrb|RoughSkin|Protect,DragonClaw,RockSlide,StompingTantrum|Jolly||F|||50|]Grimmsnarl||LightClay|Prankster|SpiritBreak,Reflect,LightScreen,PartingShot|Careful||M|||50|]Sinistcha-Masterpiece||KasibBerry|Hospitality|Protect,MatchaGotcha,RagePowder,StrengthSap|Bold|||||50|
|showteam|p2|Torkoal||HeatRock|Drought|Protect,HeatWave,SolarBeam,ShellSmash|Modest||M|||50|]Pyroar||Pyroarite|Rivalry|Protect,HeatWave,HyperVoice,ScorchingSands|Timid||M|||50|]Gholdengo||ChoiceScarf|GoodasGold|MakeItRain,ShadowBall,Thunderbolt,Trick|Timid|||||50|]Venusaur||Leftovers|Chlorophyll|Protect,SludgeBomb,LeechSeed,SleepPowder|Calm||M|||50|]Sableye||SitrusBerry|Prankster|FakeOut,Encore,Taunt,ShadowSneak|Careful||F|||50|]Blaziken||Blazikenite|SpeedBoost|Protect,FlareBlitz,CloseCombat,Uturn|Adamant||M|||50|
|inactive|Battle timer is ON: inactive players will automatically lose when time's up. (requested by bcam1)
|inactive|OdieVGC has 60 seconds left.
|inactive|bcam1 has 60 seconds left.
|inactive|OdieVGC has 30 seconds left.
|inactive|OdieVGC has 20 seconds left.
|inactive|OdieVGC has 15 seconds left.
|inactive|OdieVGC has 10 seconds left.
|inactive|OdieVGC has 5 seconds left.
|
|t:|1783630959
|teamsize|p1|4
|teamsize|p2|4
|start
|switch|p1a: Garchomp|Garchomp, L50, F|100/100
|switch|p1b: Grimmsnarl|Grimmsnarl, L50, M|100/100
|switch|p2a: Torkoal|Torkoal, L50, M|100/100
|switch|p2b: Blaziken|Blaziken, L50, M|100/100
|-weather|SunnyDay|[from] ability: Drought|[of] p2a: Torkoal
|turn|1
|inactive|OdieVGC has 30 seconds left.
|inactive|OdieVGC has 20 seconds left.
|
|t:|1783630998
|detailschange|p2b: Blaziken|Blaziken-Mega, L50, M
|-mega|p2b: Blaziken|Blaziken|Blazikenite
|move|p2b: Blaziken|Protect|p2b: Blaziken
|-singleturn|p2b: Blaziken|Protect
|move|p1b: Grimmsnarl|Parting Shot|p2b: Blaziken
|-activate|p2b: Blaziken|move: Protect
|move|p1a: Garchomp|Dragon Claw|p2a: Torkoal
|-damage|p2a: Torkoal|52/100
|-damage|p1a: Garchomp|90/100|[from] item: Life Orb
|move|p2a: Torkoal|Heat Wave|p1b: Grimmsnarl|[spread] p1a
|-miss|p2a: Torkoal|p1b: Grimmsnarl
|-resisted|p1a: Garchomp|1
|-damage|p1a: Garchomp|65/100
|
|-weather|SunnyDay|[upkeep]
|-ability|p2b: Blaziken|Speed Boost|boost
|-boost|p2b: Blaziken|spe|1
|upkeep
|turn|2
|inactive|OdieVGC has 30 seconds left.
|inactive|OdieVGC has 20 seconds left.
|inactive|OdieVGC has 15 seconds left.
|
|t:|1783631039
|move|p1b: Grimmsnarl|Reflect|p1b: Grimmsnarl
|-sidestart|p1: OdieVGC|Reflect
|move|p2b: Blaziken|Close Combat|p1a: Garchomp
|-damage|p1a: Garchomp|13/100
|-unboost|p2b: Blaziken|def|1
|-unboost|p2b: Blaziken|spd|1
|-damage|p2b: Blaziken|87/100|[from] ability: Rough Skin|[of] p1a: Garchomp
|move|p1a: Garchomp|Stomping Tantrum|p2b: Blaziken
|-supereffective|p2b: Blaziken|1
|-damage|p2b: Blaziken|0 fnt
|faint|p2b: Blaziken
|-damage|p1a: Garchomp|3/100|[from] item: Life Orb
|move|p2a: Torkoal|Shell Smash|p2a: Torkoal
|-unboost|p2a: Torkoal|def|1
|-unboost|p2a: Torkoal|spd|1
|-boost|p2a: Torkoal|atk|2
|-boost|p2a: Torkoal|spa|2
|-boost|p2a: Torkoal|spe|2
|
|-weather|SunnyDay|[upkeep]
|upkeep
|
|t:|1783631052
|switch|p2b: Venusaur|Venusaur, L50, M|100/100
|turn|3
|inactive|OdieVGC has 30 seconds left.
|inactive|OdieVGC has 20 seconds left.
|inactive|OdieVGC has 15 seconds left.
|
|t:|1783631092
|move|p1a: Garchomp|Protect|p1a: Garchomp
|-singleturn|p1a: Garchomp|Protect
|move|p1b: Grimmsnarl|Parting Shot|p2a: Torkoal
|-unboost|p2a: Torkoal|atk|1
|-unboost|p2a: Torkoal|spa|1
|
|t:|1783631099
|switch|p1b: Delphox|Delphox, L50, M, shiny|100/100|[from] Parting Shot
|move|p2b: Venusaur|Sludge Bomb|p1a: Garchomp
|-activate|p1a: Garchomp|move: Protect
|move|p2a: Torkoal|Heat Wave|p1b: Delphox|[spread] 
|-activate|p1a: Garchomp|move: Protect
|-miss|p2a: Torkoal|p1b: Delphox
|
|-weather|SunnyDay|[upkeep]
|upkeep
|turn|4
|inactive|OdieVGC has 30 seconds left.
|
|t:|1783631129
|switch|p1a: Grimmsnarl|Grimmsnarl, L50, M|100/100
|detailschange|p1b: Delphox|Delphox-Mega, L50, M, shiny
|-mega|p1b: Delphox|Delphox|Delphoxite
|move|p2b: Venusaur|Protect|p2b: Venusaur
|-singleturn|p2b: Venusaur|Protect
|move|p1b: Delphox|Psychic|p2b: Venusaur
|-activate|p2b: Venusaur|move: Protect
|move|p2a: Torkoal|Heat Wave|p1b: Delphox|[spread] p1b
|-miss|p2a: Torkoal|p1a: Grimmsnarl
|-resisted|p1b: Delphox|1
|-damage|p1b: Delphox|66/100
|
|-weather|SunnyDay|[upkeep]
|upkeep
|turn|5
|inactive|OdieVGC has 30 seconds left.
|inactive|OdieVGC has 20 seconds left.
|inactive|OdieVGC has 15 seconds left.
|
|t:|1783631173
|switch|p2b: Sableye|Sableye, L50, F|100/100
|move|p1b: Delphox|Protect|p1b: Delphox
|-singleturn|p1b: Delphox|Protect
|move|p2a: Torkoal|Heat Wave|p1b: Delphox|[spread] p1a
|-activate|p1b: Delphox|move: Protect
|-crit|p1a: Grimmsnarl
|-damage|p1a: Grimmsnarl|6/100
|move|p1a: Grimmsnarl|Spirit Break|p2a: Torkoal
|-resisted|p2a: Torkoal|1
|-damage|p2a: Torkoal|31/100
|-unboost|p2a: Torkoal|spa|1
|
|-weather|SunnyDay|[upkeep]
|upkeep
|turn|6
|
|t:|1783631195
|switch|p1b: Garchomp|Garchomp, L50, F|3/100
|move|p1a: Grimmsnarl|Parting Shot|p2a: Torkoal
|-unboost|p2a: Torkoal|atk|1
|-unboost|p2a: Torkoal|spa|1
|
|t:|1783631200
|switch|p1a: Primarina|Primarina, L50, M|100/100|[from] Parting Shot
|move|p2b: Sableye|Encore||[still]
|-fail|p2b: Sableye
|move|p2a: Torkoal|Heat Wave|p1a: Primarina|[spread] p1a,p1b
|-resisted|p1a: Primarina|1
|-resisted|p1b: Garchomp|1
|-damage|p1a: Primarina|86/100
|-damage|p1b: Garchomp|0 fnt
|faint|p1b: Garchomp
|
|-weather|SunnyDay|[upkeep]
|-heal|p1a: Primarina|92/100|[from] item: Leftovers
|upkeep
|
|t:|1783631215
|switch|p1b: Delphox|Delphox-Mega, L50, M, shiny|66/100
|turn|7
|inactive|OdieVGC has 30 seconds left.
|inactive|OdieVGC has 20 seconds left.
|inactive|OdieVGC has 15 seconds left.
|
|t:|1783631260
|move|p2b: Sableye|Shadow Sneak|p1b: Delphox
|-supereffective|p1b: Delphox|1
|-damage|p1b: Delphox|48/100
|move|p1b: Delphox|Heat Wave|p2b: Sableye|[spread] p2a,p2b
|-resisted|p2a: Torkoal|1
|-damage|p2a: Torkoal|0 fnt
|-damage|p2b: Sableye|32/100
|-enditem|p2b: Sableye|Sitrus Berry|[eat]
|-heal|p2b: Sableye|57/100|[from] item: Sitrus Berry
|faint|p2a: Torkoal
|move|p1a: Primarina|Hyper Voice|p2b: Sableye
|-damage|p2b: Sableye|31/100
|
|-weather|SunnyDay|[upkeep]
|-heal|p1a: Primarina|98/100|[from] item: Leftovers
|upkeep
|
|t:|1783631266
|switch|p2a: Venusaur|Venusaur, L50, M|100/100
|turn|8
|
|t:|1783631283
|switch|p1b: Grimmsnarl|Grimmsnarl, L50, M|6/100
|move|p2b: Sableye|Shadow Sneak|p1b: Grimmsnarl
|-resisted|p1b: Grimmsnarl|1
|-damage|p1b: Grimmsnarl|2/100
|move|p2a: Venusaur|Sludge Bomb|p1a: Primarina
|-supereffective|p1a: Primarina|1
|-damage|p1a: Primarina|46/100
|-status|p1a: Primarina|psn
|move|p1a: Primarina|Moonblast|p2b: Sableye
|-supereffective|p2b: Sableye|1
|-damage|p2b: Sableye|0 fnt
|faint|p2b: Sableye
|
|-weather|none
|-heal|p1a: Primarina|52/100 psn|[from] item: Leftovers
|-damage|p1a: Primarina|40/100 psn|[from] psn
|upkeep
|turn|9
|inactive|OdieVGC has 30 seconds left.
|
|t:|1783631314
|move|p2a: Venusaur|Sludge Bomb|p1a: Primarina
|-supereffective|p1a: Primarina|1
|-damage|p1a: Primarina|0 fnt
|faint|p1a: Primarina
|move|p1b: Grimmsnarl|Spirit Break|p2a: Venusaur
|-resisted|p2a: Venusaur|1
|-crit|p2a: Venusaur
|-damage|p2a: Venusaur|75/100
|-unboost|p2a: Venusaur|spa|1
|
|-heal|p2a: Venusaur|81/100|[from] item: Leftovers
|-sideend|p1: OdieVGC|Reflect
|upkeep
|
|t:|1783631324
|switch|p1a: Delphox|Delphox-Mega, L50, M, shiny|48/100
|turn|10
|
|t:|1783631334
|move|p1a: Delphox|Psychic|p2a: Venusaur
|-supereffective|p2a: Venusaur|1
|-damage|p2a: Venusaur|14/100
|move|p2a: Venusaur|Sludge Bomb|p1a: Delphox
|-damage|p1a: Delphox|27/100
|move|p1b: Grimmsnarl|Spirit Break|p2a: Venusaur
|-resisted|p2a: Venusaur|1
|-damage|p2a: Venusaur|0 fnt
|faint|p2a: Venusaur
|
|win|OdieVGC
||bcam1 is ready for game 2.
|inactive|OdieVGC has 30 seconds to confirm battle start!
|inactive|OdieVGC has 20 seconds to confirm battle start!
||OdieVGC is ready for game 2.
|uhtml|next|Next: Game 2 of 3
|l|☆bcam1
|player|p2|
