|j|☆Permasona
|j|☆Diegoelsocorrista
|html|PermasonaDiegoelsocorrista    
|uhtml|bestof|Game 2 of a best-of-3
|t:|1757792355
|gametype|doubles
|player|p1|Permasona|sabrina|1250
|player|p2|Diegoelsocorrista|blaine|1149
|gen|9
|tier|[Gen 9] VGC 2025 Reg H (Bo3)
|rated|
|rule|Species Clause: Limit one of each Pokémon
|rule|Item Clause: Limit 1 of each item
|clearpoke
|poke|p1|Sneasler, L50, M|
|poke|p1|Archaludon, L50, F|
|poke|p1|Pelipper, L50, M|
|poke|p1|Rillaboom, L50, F|
|poke|p1|Gholdengo, L50|
|poke|p1|Incineroar, L50, F|
|poke|p2|Archaludon, L50, F|
|poke|p2|Rillaboom, L50, F|
|poke|p2|Basculegion, L50, M|
|poke|p2|Kingambit, L50, M|
|poke|p2|Pelipper, L50, F|
|poke|p2|Electabuzz, L50, M|
|teampreview|4
|showteam|p1|Sneasler||GrassySeed|Unburden|ThroatChop,Protect,DireClaw,CloseCombat|||M|||50|,,,,,Dark]Archaludon||AssaultVest|Stamina|DracoMeteor,FlashCannon,ElectroShot,BodyPress|||F|||50|,,,,,Ghost]Pelipper||FocusSash|Drizzle|Protect,WeatherBall,Tailwind,Hurricane|||M|||50|,,,,,Ghost]Rillaboom||CovertCloak|GrassySurge|GrassyGlide,Uturn,BulletSeed,FakeOut|||F|||50|,,,,,Fire]Gholdengo||LifeOrb|GoodasGold|MakeItRain,ShadowBall,Protect,NastyPlot||||||50|,,,,,Water]Incineroar||SafetyGoggles|Intimidate|PartingShot,FakeOut,KnockOff,FlareBlitz|||F|||50|,,,,,Ghost
|showteam|p2|Archaludon||AssaultVest|Stamina|ElectroShot,DracoMeteor,FlashCannon,BodyPress|||F|||50|,,,,,Fairy]Rillaboom||LoadedDice|GrassySurge|BulletSeed,GrassyGlide,FakeOut,Uturn|||F|||50|,,,,,Fire]Basculegion||ChoiceBand|SwiftSwim|WaveCrash,LastRespects,FlipTurn,AquaJet|||M|||50|,,,,,Grass]Kingambit||BlackGlasses|Defiant|KowtowCleave,SuckerPunch,SwordsDance,Protect|||M|||50|,,,,,Dark]Pelipper||FocusSash|Drizzle|WeatherBall,Hurricane,Tailwind,Protect|||F|||50|,,,,,Ghost]Electabuzz||Eviolite|VitalSpirit|Electroweb,Taunt,FollowMe,Protect|||M|||50|,,,,,Ghost
|inactive|Battle timer is ON: inactive players will automatically lose when time's up. (requested by Permasona)
|
|t:|1757792374
|teamsize|p1|4
|teamsize|p2|4
|start
|switch|p1a: Sneasler|Sneasler, L50, M|100/100
|switch|p1b: Rillaboom|Rillaboom, L50, F|100/100
|switch|p2a: Electabuzz|Electabuzz, L50, M|100/100
|switch|p2b: Kingambit|Kingambit, L50, M, shiny|100/100
|-fieldstart|move: Grassy Terrain|[from] ability: Grassy Surge|[of] p1b: Rillaboom
|-enditem|p1a: Sneasler|Grassy Seed
|-boost|p1a: Sneasler|def|1|[from] item: Grassy Seed
|turn|1
|
|t:|1757792399
|move|p1b: Rillaboom|Fake Out|p2a: Electabuzz
|-damage|p2a: Electabuzz|91/100
|cant|p2a: Electabuzz|flinch
|move|p1a: Sneasler|Dire Claw|p2a: Electabuzz
|-damage|p2a: Electabuzz|59/100
|move|p2b: Kingambit|Swords Dance|p2b: Kingambit
|-boost|p2b: Kingambit|atk|2
|
|-heal|p2a: Electabuzz|65/100|[from] Grassy Terrain
|upkeep
|turn|2
|
|t:|1757792423
|move|p2a: Electabuzz|Follow Me|p2a: Electabuzz
|-singleturn|p2a: Electabuzz|move: Follow Me
|move|p1a: Sneasler|Close Combat|p2a: Electabuzz
|-damage|p2a: Electabuzz|16/100
|-unboost|p1a: Sneasler|def|1
|-unboost|p1a: Sneasler|spd|1
|move|p1b: Rillaboom|Bullet Seed|p2a: Electabuzz
|-damage|p2a: Electabuzz|2/100
|-damage|p2a: Electabuzz|0 fnt
|faint|p2a: Electabuzz
|-hitcount|p2: Electabuzz|2
|move|p2b: Kingambit|Swords Dance|p2b: Kingambit
|-boost|p2b: Kingambit|atk|2
|
|upkeep
|
|t:|1757792436
|switch|p2a: Pelipper|Pelipper, L50, F|100/100
|-weather|RainDance|[from] ability: Drizzle|[of] p2a: Pelipper
|turn|3
|inactive|Diegoelsocorrista has 30 seconds left.
|
|t:|1757792462
|-terastallize|p2b: Kingambit|Dark
|move|p2b: Kingambit|Sucker Punch|p1b: Rillaboom
|-crit|p1b: Rillaboom
|-damage|p1b: Rillaboom|0 fnt
|faint|p1b: Rillaboom
|move|p1a: Sneasler|Dire Claw|p2a: Pelipper
|-damage|p2a: Pelipper|43/100
|move|p2a: Pelipper|Tailwind|p2a: Pelipper
|-sidestart|p2: Diegoelsocorrista|move: Tailwind
|
|-weather|RainDance|[upkeep]
|upkeep
|
|t:|1757792479
|switch|p1b: Pelipper|Pelipper, L50, M|100/100
|turn|4
|
|t:|1757792493
|move|p1a: Sneasler|Protect|p1a: Sneasler
|-singleturn|p1a: Sneasler|Protect
|move|p2b: Kingambit|Sucker Punch||[still]
|-fail|p2b: Kingambit
|move|p2a: Pelipper|Hurricane|p1b: Pelipper
|-damage|p1b: Pelipper|8/100
|-start|p1b: Pelipper|confusion
|-activate|p1b: Pelipper|confusion
|move|p1b: Pelipper|Weather Ball|p2b: Kingambit
|-damage|p2b: Kingambit|36/100
|
|-weather|RainDance|[upkeep]
|-heal|p2b: Kingambit|42/100|[from] Grassy Terrain
|upkeep
|turn|5
|
|t:|1757792506
|move|p2b: Kingambit|Sucker Punch|p1a: Sneasler
|-resisted|p1a: Sneasler
|-damage|p1a: Sneasler|0 fnt
|faint|p1a: Sneasler
|move|p2a: Pelipper|Hurricane|p1b: Pelipper
|-crit|p1b: Pelipper
|-damage|p1b: Pelipper|0 fnt
|faint|p1b: Pelipper
|
|-weather|RainDance|[upkeep]
|-heal|p2b: Kingambit|48/100|[from] Grassy Terrain
|-fieldend|move: Grassy Terrain
|upkeep
|-message|Permasona forfeited.
|
|win|Diegoelsocorrista
|raw|Permasona's rating: 1250 → 1218(-32 for losing)
|raw|Diegoelsocorrista's rating: 1149 → 1181(+32 for winning)
|l|☆Permasona
|player|p1|
