|j|☆patrulheirogeek
|j|☆Nathanthecabo
|html|patrulheirogeekNathanthecabo    
|uhtml|bestof|Game 1 of a best-of-3
|t:|1757858515
|gametype|doubles
|player|p1|patrulheirogeek|169|1045
|player|p2|Nathanthecabo|101|1066
|gen|9
|tier|[Gen 9] VGC 2025 Reg H (Bo3)
|rated|
|rule|Species Clause: Limit one of each Pokémon
|rule|Item Clause: Limit 1 of each item
|clearpoke
|poke|p1|Arcanine-Hisui, L50, F|
|poke|p1|Amoonguss, L50, F|
|poke|p1|Grimmsnarl, L50, M|
|poke|p1|Golduck, L50, M|
|poke|p1|Rhydon, L50, F|
|poke|p1|Hydreigon, L50, M|
|poke|p2|Politoed, L50, F|
|poke|p2|Ludicolo, L50, M|
|poke|p2|Archaludon, L50, M|
|poke|p2|Amoonguss, L50, F|
|poke|p2|Sneasler, L50, M|
|poke|p2|Gothitelle, L50, M|
|teampreview|4
|showteam|p1|Arcanine-Hisui||AssaultVest|Intimidate|ExtremeSpeed,CloseCombat,FlareBlitz,IronHead|||F|||50|,,,,,Fire]Amoonguss||SitrusBerry|Regenerator|RagePowder,PollenPuff,Spore,ClearSmog|||F|||50|,,,,,Grass]Grimmsnarl||LightClay|Prankster|LightScreen,Reflect,ThunderWave,FoulPlay|||M|||50|,,,,,Dark]Golduck||AirBalloon|CloudNine|Taunt,Protect,SkillSwap,KnockOff|||M|||50|,,,,,Water]Rhydon||Eviolite|LightningRod|Earthquake,RockSlide,HelpingHand,SwordsDance|||F|||50|,,,,,Ghost]Hydreigon||CovertCloak|Levitate|Snarl,DracoMeteor,HeatWave,NastyPlot|||M|||50|,,,,,Fairy
|showteam|p2|Politoed||Leftovers|Drizzle|PerishSong,Protect,WeatherBall,Encore|||F|||50|,,,,,Grass]Ludicolo||LifeOrb|SwiftSwim|Protect,EnergyBall,HydroPump,IceBeam|||M|||50|,,,,,Water]Archaludon||PowerHerb|Stamina|Protect,ElectroShot,FlashCannon,BodyPress|||M|||50|,,,,,Electric]Amoonguss||EjectButton|Regenerator|Protect,Spore,PollenPuff,RagePowder|||F|||50|,,,,,Steel]Sneasler||WhiteHerb|Unburden|CloseCombat,DireClaw,ThroatChop,Protect|||M|||50|,,,,,Dark]Gothitelle||SitrusBerry|ShadowTag|Psychic,Protect,FakeOut,FoulPlay|||M|||50|,,,,,Dark
|
|t:|1757858568
|teamsize|p1|4
|teamsize|p2|4
|start
|switch|p1a: Rhydon|Rhydon, L50, F|100/100
|switch|p1b: Golduck|Golduck, L50, M|100/100
|switch|p2a: Politoed|Politoed, L50, F|100/100
|switch|p2b: Gothitelle|Gothitelle, L50, M|100/100
|-ability|p1b: Golduck|Cloud Nine
|-item|p1b: Golduck|Air Balloon
|-weather|RainDance|[from] ability: Drizzle|[of] p2a: Politoed
|turn|1
|
|t:|1757858599
|move|p2b: Gothitelle|Fake Out|p1b: Golduck
|-damage|p1b: Golduck|94/100
|-enditem|p1b: Golduck|Air Balloon
|cant|p1b: Golduck|flinch
|move|p2a: Politoed|Perish Song|p2a: Politoed
|-start|p1a: Rhydon|perish3|[silent]
|-start|p1b: Golduck|perish3|[silent]
|-start|p2a: Politoed|perish3|[silent]
|-start|p2b: Gothitelle|perish3|[silent]
|-fieldactivate|move: Perish Song
|move|p1a: Rhydon|Earthquake|p2a: Politoed|[spread] p1b,p2a,p2b
|-damage|p1b: Golduck|53/100
|-damage|p2a: Politoed|58/100
|-damage|p2b: Gothitelle|62/100
|
|-weather|RainDance|[upkeep]
|-heal|p2a: Politoed|64/100|[from] item: Leftovers
|-start|p1b: Golduck|perish3
|-start|p2a: Politoed|perish3
|-start|p2b: Gothitelle|perish3
|-start|p1a: Rhydon|perish3
|upkeep
|turn|2
|l|☆patrulheirogeek
|player|p1|
|j|☆patrulheirogeek
|player|p1|patrulheirogeek|169|
|
|t:|1757858635
|switch|p2a: Ludicolo|Ludicolo, L50, M|100/100
|move|p2b: Gothitelle|Protect|p2b: Gothitelle
|-singleturn|p2b: Gothitelle|Protect
|move|p1b: Golduck|Taunt|p2b: Gothitelle
|-activate|p2b: Gothitelle|move: Protect
|move|p1a: Rhydon|Earthquake|p2b: Gothitelle|[spread] p1b,p2a
|-activate|p2b: Gothitelle|move: Protect
|-resisted|p2a: Ludicolo
|-damage|p1b: Golduck|9/100
|-damage|p2a: Ludicolo|68/100
|
|-weather|RainDance|[upkeep]
|-start|p1b: Golduck|perish2
|-start|p2b: Gothitelle|perish2
|-start|p1a: Rhydon|perish2
|upkeep
|turn|3
|
|t:|1757858663
|move|p2a: Ludicolo|Protect|p2a: Ludicolo
|-singleturn|p2a: Ludicolo|Protect
|move|p2b: Gothitelle|Protect||[still]
|-fail|p2b: Gothitelle
|move|p1b: Golduck|Skill Swap|p2b: Gothitelle
|-activate|p1b: Golduck|move: Skill Swap|Shadow Tag|Cloud Nine|[of] p2b: Gothitelle
|move|p1a: Rhydon|Earthquake|p2b: Gothitelle|[spread] p1b,p2b
|-activate|p2a: Ludicolo|move: Protect
|-damage|p1b: Golduck|0 fnt
|-damage|p2b: Gothitelle|19/100
|-enditem|p2b: Gothitelle|Sitrus Berry|[eat]
|-heal|p2b: Gothitelle|44/100|[from] item: Sitrus Berry
|faint|p1b: Golduck
|
|-weather|RainDance|[upkeep]
|-start|p2b: Gothitelle|perish1
|-start|p1a: Rhydon|perish1
|upkeep
|
|t:|1757858686
|switch|p1b: Hydreigon|Hydreigon, L50, M|100/100
|turn|4
|
|t:|1757858710
|-terastallize|p1b: Hydreigon|Fairy
|move|p2b: Gothitelle|Protect|p2b: Gothitelle
|-singleturn|p2b: Gothitelle|Protect
|move|p2a: Ludicolo|Ice Beam|p1b: Hydreigon
|-damage|p1b: Hydreigon|72/100
|-damage|p2a: Ludicolo|58/100|[from] item: Life Orb
|move|p1b: Hydreigon|Nasty Plot|p1b: Hydreigon
|-boost|p1b: Hydreigon|spa|2
|move|p1a: Rhydon|Earthquake|p2a: Ludicolo|[spread] p2a
|-activate|p2b: Gothitelle|move: Protect
|-immune|p1b: Hydreigon|[from] ability: Levitate
|-resisted|p2a: Ludicolo
|-damage|p2a: Ludicolo|28/100
|
|-weather|RainDance|[upkeep]
|-start|p2b: Gothitelle|perish0
|-start|p1a: Rhydon|perish0
|faint|p2b: Gothitelle
|faint|p1a: Rhydon
|upkeep
|
|t:|1757858732
|switch|p2b: Sneasler|Sneasler, L50, M|100/100
|switch|p1a: Arcanine|Arcanine-Hisui, L50, F|100/100
|-ability|p1a: Arcanine|Intimidate|boost
|-unboost|p2a: Ludicolo|atk|1
|-unboost|p2b: Sneasler|atk|1
|-enditem|p2b: Sneasler|White Herb
|-clearnegativeboost|p2b: Sneasler|[silent]
|turn|5
|
|t:|1757858748
|move|p1a: Arcanine|Extreme Speed|p2a: Ludicolo
|-damage|p2a: Ludicolo|0 fnt
|faint|p2a: Ludicolo
|move|p2b: Sneasler|Dire Claw|p1b: Hydreigon
|-supereffective|p1b: Hydreigon
|-damage|p1b: Hydreigon|0 fnt
|faint|p1b: Hydreigon
|
|-weather|none
|upkeep
|
|t:|1757858756
|switch|p2a: Politoed|Politoed, L50, F|64/100
|-weather|RainDance|[from] ability: Drizzle|[of] p2a: Politoed
|turn|6
|
|t:|1757858763
|move|p1a: Arcanine|Extreme Speed|p2b: Sneasler
|-damage|p2b: Sneasler|57/100
|move|p2b: Sneasler|Close Combat|p1a: Arcanine
|-supereffective|p1a: Arcanine
|-damage|p1a: Arcanine|0 fnt
|-unboost|p2b: Sneasler|def|1
|-unboost|p2b: Sneasler|spd|1
|faint|p1a: Arcanine
|
|win|Nathanthecabo
|l|☆Nathanthecabo
|player|p2|
||Nathanthecabo is ready for game 2.
||patrulheirogeek is ready for game 2.
|uhtml|next|Next: Game 2 of 3
