|j|☆C.blaze
|j|☆Colonelpaco
|html|C.blazeColonelpaco    
|uhtml|bestof|Game 1 of a best-of-3
|t:|1757643565
|gametype|doubles
|player|p1|C.blaze|266|1203
|player|p2|Colonelpaco|266|1106
|gen|9
|tier|[Gen 9] VGC 2025 Reg H (Bo3)
|rated|
|rule|Species Clause: Limit one of each Pokémon
|rule|Item Clause: Limit 1 of each item
|clearpoke
|poke|p1|Tyranitar, L50, F|
|poke|p1|Gholdengo, L50|
|poke|p1|Salamence, L50, F|
|poke|p1|Amoonguss, L50, M|
|poke|p1|Porygon2, L50|
|poke|p1|Tauros-Paldea-Blaze, L50, M|
|poke|p2|Sneasler, L50, F|
|poke|p2|Dragapult, L50, F|
|poke|p2|Primarina, L50, M|
|poke|p2|Rillaboom, L50, M|
|poke|p2|Kingambit, L50, M|
|poke|p2|Magmar, L50, M|
|teampreview|4
|showteam|p1|Tyranitar||AssaultVest|SandStream|RockSlide,KnockOff,TeraBlast,LowKick|||F|||50|,,,,,Flying]Gholdengo||LifeOrb|GoodasGold|MakeItRain,ShadowBall,Protect,NastyPlot||||||50|,,,,,Water]Salamence||CovertCloak|Intimidate|DracoMeteor,Flamethrower,Protect,Tailwind|||F|||50|,,,,,Steel]Amoonguss||MentalHerb|Regenerator|ClearSmog,PollenPuff,Spore,RagePowder|||M|||50|,,,,,Water]Porygon2||Eviolite|Download|TeraBlast,IceBeam,Recover,TrickRoom||||||50|,,,,,Normal]Tauros-Paldea-Blaze||SafetyGoggles|Intimidate|RagingBull,WillOWisp,Protect,CloseCombat|||M|||50|,,,,,Water
|showteam|p2|Sneasler||FocusSash|Unburden|CloseCombat,DireClaw,FakeOut,Protect|||F|||50|,,,,,Stellar]Dragapult||ChoiceBand|ClearBody|DragonDarts,TeraBlast,PhantomForce,Uturn|||F|||50|,,,,,Ghost]Primarina||SitrusBerry|LiquidVoice|HyperVoice,Moonblast,Haze,Protect|||M|||50|,,,,,Water]Rillaboom||AssaultVest|GrassySurge|WoodHammer,GrassyGlide,HighHorsepower,FakeOut|||M|||50|,,,,,Fire]Kingambit||BlackGlasses|Defiant|KowtowCleave,SuckerPunch,SwordsDance,Protect|||M|||50|,,,,,Ghost]Magmar||Eviolite|VitalSpirit|Overheat,WillOWisp,FollowMe,Protect|||M|||50|,,,,,Ghost
|inactive|Battle timer is ON: inactive players will automatically lose when time's up. (requested by Colonelpaco)
|inactive|C.blaze has 60 seconds left.
|inactive|Colonelpaco has 60 seconds left.
|
|t:|1757643619
|teamsize|p1|4
|teamsize|p2|4
|start
|switch|p1a: Porygon2|Porygon2, L50|100/100
|switch|p1b: Amoonguss|Amoonguss, L50, M|100/100
|switch|p2a: Kingambit|Kingambit, L50, M|100/100
|switch|p2b: Dragapult|Dragapult, L50, F|100/100
|-ability|p1a: Porygon2|Download|boost
|-boost|p1a: Porygon2|spa|1
|turn|1
|
|t:|1757643635
|move|p2a: Kingambit|Protect|p2a: Kingambit
|-singleturn|p2a: Kingambit|Protect
|move|p2b: Dragapult|U-turn|p1b: Amoonguss
|-damage|p1b: Amoonguss|62/100
|
|t:|1757643641
|switch|p2b: Rillaboom|Rillaboom, L50, M|100/100|[from] U-turn
|-fieldstart|move: Grassy Terrain|[from] ability: Grassy Surge|[of] p2b: Rillaboom
|move|p1b: Amoonguss|Spore|p2a: Kingambit
|-activate|p2a: Kingambit|move: Protect
|move|p1a: Porygon2|Trick Room|p1a: Porygon2
|-fieldstart|move: Trick Room|[of] p1a: Porygon2
|
|-heal|p1b: Amoonguss|67/100|[from] Grassy Terrain
|upkeep
|turn|2
|inactive|Colonelpaco has 30 seconds left.
|
|t:|1757643669
|move|p2b: Rillaboom|Fake Out|p1b: Amoonguss
|-damage|p1b: Amoonguss|51/100
|cant|p1b: Amoonguss|flinch
|move|p1a: Porygon2|Ice Beam|p2b: Rillaboom
|-supereffective|p2b: Rillaboom
|-damage|p2b: Rillaboom|31/100
|move|p2a: Kingambit|Kowtow Cleave|p1b: Amoonguss
|-damage|p1b: Amoonguss|0 fnt
|faint|p1b: Amoonguss
|
|-heal|p2b: Rillaboom|38/100|[from] Grassy Terrain
|upkeep
|
|t:|1757643672
|switch|p1b: Tyranitar|Tyranitar, L50, F|100/100
|-weather|Sandstorm|[from] ability: Sand Stream|[of] p1b: Tyranitar
|turn|3
|inactive|Colonelpaco has 30 seconds left.
|
|t:|1757643701
|switch|p2b: Primarina|Primarina, L50, M|100/100
|-terastallize|p1b: Tyranitar|Flying
|move|p2a: Kingambit|Sucker Punch|p1b: Tyranitar
|-crit|p1b: Tyranitar
|-damage|p1b: Tyranitar|45/100
|move|p1a: Porygon2|Tera Blast|p2b: Primarina
|-damage|p2b: Primarina|53/100
|move|p1b: Tyranitar|Rock Slide|p2a: Kingambit|[spread] p2a,p2b
|-resisted|p2a: Kingambit
|-damage|p2a: Kingambit|87/100
|-damage|p2b: Primarina|20/100
|-enditem|p2b: Primarina|Sitrus Berry|[eat]
|-heal|p2b: Primarina|45/100|[from] item: Sitrus Berry
|
|-weather|Sandstorm|[upkeep]
|-damage|p1a: Porygon2|94/100|[from] Sandstorm
|-damage|p1b: Tyranitar|39/100|[from] Sandstorm
|-damage|p2b: Primarina|39/100|[from] Sandstorm
|-heal|p1a: Porygon2|100/100|[from] Grassy Terrain
|-heal|p2a: Kingambit|93/100|[from] Grassy Terrain
|-heal|p2b: Primarina|45/100|[from] Grassy Terrain
|upkeep
|turn|4
|
|t:|1757643723
|move|p2b: Primarina|Protect|p2b: Primarina
|-singleturn|p2b: Primarina|Protect
|move|p2a: Kingambit|Sucker Punch|p1b: Tyranitar
|-damage|p1b: Tyranitar|0 fnt
|faint|p1b: Tyranitar
|move|p1a: Porygon2|Tera Blast|p2b: Primarina
|-activate|p2b: Primarina|move: Protect
|
|-weather|Sandstorm|[upkeep]
|-damage|p1a: Porygon2|94/100|[from] Sandstorm
|-damage|p2b: Primarina|39/100|[from] Sandstorm
|-heal|p1a: Porygon2|100/100|[from] Grassy Terrain
|-heal|p2a: Kingambit|99/100|[from] Grassy Terrain
|-heal|p2b: Primarina|45/100|[from] Grassy Terrain
|upkeep
|
|t:|1757643725
|switch|p1b: Gholdengo|Gholdengo, L50|100/100
|turn|5
|-message|C.blaze forfeited.
|
|win|Colonelpaco
|l|☆C.blaze
|player|p1|
||C.blaze is ready for game 2.
||Colonelpaco is ready for game 2.
|uhtml|next|Next: Game 2 of 3
