|j|☆WhatIsBreadnaught
|j|☆KodeBeast0526
|html|WhatIsBreadnaughtKodeBeast0526    
|uhtml|bestof|Game 2 of a best-of-3
|t:|1784047772
|gametype|doubles
|player|p1|WhatIsBreadnaught|volkner|1010
|player|p2|KodeBeast0526|hiker|1095
|gen|9
|tier|[Gen 9 Champions] VGC 2026 Reg M-B (Bo3)
|rated|
|rule|Species Clause: Limit one of each Pokémon
|rule|Item Clause: Limit 1 of each item
|clearpoke
|poke|p1|Whimsicott, L50, M|
|poke|p1|Staraptor, L50, M|
|poke|p1|Garchomp, L50, F|
|poke|p1|Ceruledge, L50, F|
|poke|p1|Metagross, L50|
|poke|p1|Farigiraf, L50, M|
|poke|p2|Aerodactyl, L50, M|
|poke|p2|Kingambit, L50, M|
|poke|p2|Sylveon, L50, M|
|poke|p2|Garchomp, L50, M|
|poke|p2|Charizard, L50, M|
|poke|p2|Incineroar, L50, M|
|teampreview|4
|showteam|p1|Whimsicott||FocusSash|Prankster|Encore,Tailwind,Moonblast,Charm|Timid||M|||50|]Staraptor||Staraptite|Intimidate|Protect,CloseCombat,BraveBird,Roost|Jolly||M|||50|]Garchomp||LifeOrb|RoughSkin|Protect,RockSlide,Earthquake,DragonClaw|Jolly||F|||50|]Ceruledge||ColburBerry|FlashFire|Protect,BitterBlade,BulkUp,ShadowSneak|Adamant||F|||50|]Metagross||Metagrossite|ClearBody|Protect,StompingTantrum,IronHead,PsychicFangs|Adamant|||||50|]Farigiraf||SitrusBerry|ArmorTail|HelpingHand,TrickRoom,Psychic,Thunderbolt|Calm||M|||50|
|showteam|p2|Aerodactyl||Aerodactylite|Unnerve|RockSlide,IceFang,Tailwind,WideGuard|Jolly||M|||50|]Kingambit||FocusSash|Defiant|KowtowCleave,SuckerPunch,IronHead,Protect|Adamant||M|||50|]Sylveon||FairyFeather|Pixilate|Detect,HyperVoice,HyperBeam,QuickAttack|Modest||M|||50|]Garchomp||LifeOrb|RoughSkin|Earthquake,DragonClaw,StompingTantrum,Protect|Jolly||M|||50|]Charizard||CharizarditeY|Blaze|Protect,HeatWave,SolarBeam,WeatherBall|Modest||M|||50|]Incineroar||SitrusBerry|Intimidate|DarkestLariat,FlareBlitz,FakeOut,PartingShot|Impish||M|||50|
|
|t:|1784047794
|teamsize|p1|4
|teamsize|p2|4
|start
|switch|p1a: Metagross|Metagross, L50|100/100
|switch|p1b: Farigiraf|Farigiraf, L50, M|100/100
|switch|p2a: Charizard|Charizard, L50, M|100/100
|switch|p2b: Kingambit|Kingambit, L50, M|100/100
|turn|1
|
|t:|1784047811
|switch|p1a: Ceruledge|Ceruledge, L50, F|100/100
|detailschange|p2a: Charizard|Charizard-Mega-Y, L50, M
|-mega|p2a: Charizard|Charizard|Charizardite Y
|-weather|SunnyDay|[from] ability: Drought|[of] p2a: Charizard
|move|p2a: Charizard|Heat Wave|p1a: Ceruledge|[spread] p1b
|-start|p1a: Ceruledge|ability: Flash Fire
|-crit|p1b: Farigiraf
|-damage|p1b: Farigiraf|22/100
|-enditem|p1b: Farigiraf|Sitrus Berry|[eat]
|-heal|p1b: Farigiraf|46/100|[from] item: Sitrus Berry
|move|p2b: Kingambit|Kowtow Cleave|p1b: Farigiraf
|-supereffective|p1b: Farigiraf|1
|-damage|p1b: Farigiraf|0 fnt
|faint|p1b: Farigiraf
|
|-weather|SunnyDay|[upkeep]
|upkeep
|
|t:|1784047827
|switch|p1b: Garchomp|Garchomp, L50, F|100/100
|turn|2
|
|t:|1784047848
|switch|p2a: Incineroar|Incineroar, L50, M|100/100
|-ability|p2a: Incineroar|Intimidate|boost
|-unboost|p1a: Ceruledge|atk|1
|-unboost|p1b: Garchomp|atk|1
|move|p2b: Kingambit|Protect|p2b: Kingambit
|-singleturn|p2b: Kingambit|Protect
|move|p1b: Garchomp|Rock Slide|p2b: Kingambit|[spread] 
|-activate|p2b: Kingambit|move: Protect
|-miss|p1b: Garchomp|p2a: Incineroar
|move|p1a: Ceruledge|Bitter Blade|p2b: Kingambit
|-activate|p2b: Kingambit|move: Protect
|
|-weather|SunnyDay|[upkeep]
|upkeep
|turn|3
|
|t:|1784047869
|switch|p2b: Garchomp|Garchomp, L50, M|100/100
|move|p1b: Garchomp|Rock Slide|p2b: Garchomp|[spread] p2a,p2b
|-supereffective|p2a: Incineroar|1
|-resisted|p2b: Garchomp|1
|-damage|p2a: Incineroar|76/100
|-damage|p2b: Garchomp|92/100
|-damage|p1b: Garchomp|90/100|[from] item: Life Orb
|move|p1a: Ceruledge|Bulk Up|p1a: Ceruledge
|-boost|p1a: Ceruledge|atk|1
|-boost|p1a: Ceruledge|def|1
|move|p2a: Incineroar|Parting Shot|p1a: Ceruledge
|-unboost|p1a: Ceruledge|atk|1
|-unboost|p1a: Ceruledge|spa|1
|
|t:|1784047883
|switch|p2a: Kingambit|Kingambit, L50, M|100/100|[from] Parting Shot
|
|-weather|SunnyDay|[upkeep]
|upkeep
|turn|4
|
|t:|1784047891
|switch|p2a: Incineroar|Incineroar, L50, M|76/100
|-ability|p2a: Incineroar|Intimidate|boost
|-unboost|p1a: Ceruledge|atk|1
|-unboost|p1b: Garchomp|atk|1
|move|p1b: Garchomp|Dragon Claw|p2b: Garchomp
|-supereffective|p2b: Garchomp|1
|-damage|p2b: Garchomp|40/100
|-damage|p1b: Garchomp|77/100|[from] ability: Rough Skin|[of] p2b: Garchomp
|-damage|p1b: Garchomp|67/100|[from] item: Life Orb
|move|p2b: Garchomp|Stomping Tantrum|p1a: Ceruledge
|-supereffective|p1a: Ceruledge|1
|-damage|p1a: Ceruledge|30/100
|-damage|p2b: Garchomp|31/100|[from] item: Life Orb
|move|p1a: Ceruledge|Bulk Up|p1a: Ceruledge
|-boost|p1a: Ceruledge|atk|1
|-boost|p1a: Ceruledge|def|1
|
|-weather|SunnyDay|[upkeep]
|upkeep
|turn|5
|
|t:|1784047916
|move|p1a: Ceruledge|Protect|p1a: Ceruledge
|-singleturn|p1a: Ceruledge|Protect
|move|p2a: Incineroar|Fake Out|p1b: Garchomp
|-damage|p1b: Garchomp|57/100
|-damage|p2a: Incineroar|64/100|[from] ability: Rough Skin|[of] p1b: Garchomp
|move|p2b: Garchomp|Stomping Tantrum|p1a: Ceruledge
|-activate|p1a: Ceruledge|move: Protect
|cant|p1b: Garchomp|flinch
|
|-weather|none
|upkeep
|turn|6
|
|t:|1784047936
|move|p1a: Ceruledge|Shadow Sneak|p2b: Garchomp
|-damage|p2b: Garchomp|16/100
|-damage|p1a: Ceruledge|18/100|[from] ability: Rough Skin|[of] p2b: Garchomp
|move|p2b: Garchomp|Dragon Claw|p1b: Garchomp
|-supereffective|p1b: Garchomp|1
|-damage|p1b: Garchomp|0 fnt
|-damage|p2b: Garchomp|4/100|[from] ability: Rough Skin|[of] p1b: Garchomp
|faint|p1b: Garchomp
|-damage|p2b: Garchomp|0 fnt|[from] item: Life Orb
|faint|p2b: Garchomp
|move|p2a: Incineroar|Darkest Lariat|p1a: Ceruledge
|-supereffective|p1a: Ceruledge|1
|-crit|p1a: Ceruledge
|-enditem|p1a: Ceruledge|Colbur Berry|[eat]
|-enditem|p1a: Ceruledge|Colbur Berry|[weaken]
|-damage|p1a: Ceruledge|0 fnt
|faint|p1a: Ceruledge
|
|upkeep
|
|t:|1784047945
|switch|p1b: Metagross|Metagross, L50|100/100
|switch|p2b: Charizard|Charizard-Mega-Y, L50, M|100/100
|-weather|SunnyDay|[from] ability: Drought|[of] p2b: Charizard
|turn|7
|
|t:|1784047956
|detailschange|p1b: Metagross|Metagross-Mega, L50
|-mega|p1b: Metagross|Metagross|Metagrossite
|move|p2b: Charizard|Weather Ball|p1b: Metagross
|-supereffective|p1b: Metagross|1
|-damage|p1b: Metagross|0 fnt
|faint|p1b: Metagross
|
|win|KodeBeast0526
||WhatIsBreadnaught is ready for game 3.
