|j|☆iceshard00
|j|☆ZapdosFan471
|html|iceshard00ZapdosFan471    
|uhtml|bestof|Game 2 of a best-of-3
|t:|1756472912
|gametype|doubles
|player|p1|iceshard00|lucas|1112
|player|p2|ZapdosFan471|winona-gen6|1082
|gen|9
|tier|[Gen 9] VGC 2025 Reg H (Bo3)
|rated|
|rule|Species Clause: Limit one of each Pokémon
|rule|Item Clause: Limit 1 of each item
|clearpoke
|poke|p1|Ninetales-Alola, L50, M|
|poke|p1|Baxcalibur, L50, F|
|poke|p1|Empoleon, L50, F|
|poke|p1|Volcarona, L50, M|
|poke|p1|Talonflame, L50, M|
|poke|p1|Rillaboom, L50, F|
|poke|p2|Garchomp, L50, F|
|poke|p2|Whimsicott, L50, M|
|poke|p2|Ursaluna-Bloodmoon, L50, M|
|poke|p2|Sinistcha, L50|
|poke|p2|Annihilape, L50, F|
|poke|p2|Volcarona, L50, F|
|teampreview|4
|showteam|p1|Ninetales-Alola||LightClay|SnowWarning|Blizzard,IcyWind,AuroraVeil,HelpingHand|||M|||50|,,,,,Water]Baxcalibur||ClearAmulet|ThermalExchange|IcicleCrash,GlaiveRush,HighHorsepower,Protect|||F|||50|,,,,,Fire]Empoleon||Leftovers|Competitive|WaterPledge,FlashCannon,Haze,Protect|||F|||50|,,,,,Fairy]Volcarona||SitrusBerry|FlameBody|HeatWave,GigaDrain,QuiverDance,Protect|||M|||50|,,,,,Grass]Talonflame||CovertCloak|GaleWings|DualWingbeat,FlareBlitz,Tailwind,Taunt|||M|||50|,,,,,Stellar]Rillaboom||AssaultVest|GrassySurge|WoodHammer,GrassyGlide,FakeOut,HighHorsepower|||F|||50|,,,,,Fire
|showteam|p2|Garchomp||LifeOrb|RoughSkin|Earthquake,StompingTantrum,DragonClaw,Protect|||F|||50|,,,,,Ground]Whimsicott||FocusSash|Prankster|Moonblast,Tailwind,Encore,Protect|||M|||50|,,,,,Ghost]Ursaluna-Bloodmoon||AssaultVest|MindsEye|HyperVoice,BloodMoon,EarthPower,VacuumWave|||M|||50|,,,,,Normal]Sinistcha||SitrusBerry|Hospitality|MatchaGotcha,ShadowBall,RagePowder,Protect||||||50|,,,,,Dark]Annihilape||Leftovers|Defiant|RageFist,DrainPunch,BulkUp,Protect|||F|||50|,,,,,Grass]Volcarona||CovertCloak|FlameBody|StruggleBug,WillOWisp,Tailwind,RagePowder|||F|||50|,,,,,Grass
|inactive|Battle timer is ON: inactive players will automatically lose when time's up. (requested by ZapdosFan471)
|
|t:|1756472935
|teamsize|p1|4
|teamsize|p2|4
|start
|switch|p1a: Talonflame|Talonflame, L50, M|100/100
|switch|p1b: Empoleon|Empoleon, L50, F, shiny|100/100
|switch|p2a: Ursaluna|Ursaluna-Bloodmoon, L50, M|100/100
|switch|p2b: Whimsicott|Whimsicott, L50, M|100/100
|turn|1
|
|t:|1756472957
|-terastallize|p2a: Ursaluna|Normal
|move|p2b: Whimsicott|Tailwind|p2b: Whimsicott
|-sidestart|p2: ZapdosFan471|move: Tailwind
|move|p1a: Talonflame|Taunt|p2b: Whimsicott
|-start|p2b: Whimsicott|move: Taunt
|move|p2a: Ursaluna|Blood Moon|p1a: Talonflame
|-damage|p1a: Talonflame|0 fnt
|faint|p1a: Talonflame
|move|p1b: Empoleon|Water Pledge|p2a: Ursaluna
|-damage|p2a: Ursaluna|71/100
|
|upkeep
|
|t:|1756472978
|switch|p1a: Volcarona|Volcarona, L50, M|100/100
|turn|2
|
|t:|1756472997
|move|p1a: Volcarona|Protect|p1a: Volcarona
|-singleturn|p1a: Volcarona|Protect
|move|p1b: Empoleon|Protect|p1b: Empoleon
|-singleturn|p1b: Empoleon|Protect
|move|p2b: Whimsicott|Moonblast|p1a: Volcarona
|-activate|p1a: Volcarona|move: Protect
|move|p2a: Ursaluna|Hyper Voice|p1b: Empoleon|[spread] 
|-activate|p1a: Volcarona|move: Protect
|-activate|p1b: Empoleon|move: Protect
|
|upkeep
|turn|3
|inactive|iceshard00 has 30 seconds left.
|inactive|ZapdosFan471 has 30 seconds left.
|
|t:|1756473029
|-terastallize|p1a: Volcarona|Grass
|move|p2b: Whimsicott|Moonblast|p1a: Volcarona
|-damage|p1a: Volcarona|77/100
|move|p2a: Ursaluna|Blood Moon|p1a: Volcarona
|-damage|p1a: Volcarona|0 fnt
|faint|p1a: Volcarona
|move|p1b: Empoleon|Flash Cannon|p2a: Ursaluna
|-crit|p2a: Ursaluna
|-damage|p2a: Ursaluna|24/100
|
|upkeep
|
|t:|1756473040
|switch|p1a: Baxcalibur|Baxcalibur, L50, F|100/100
|turn|4
|
|t:|1756473052
|switch|p2b: Garchomp|Garchomp, L50, F|100/100
|switch|p2a: Annihilape|Annihilape, L50, F|100/100
|move|p1a: Baxcalibur|Protect|p1a: Baxcalibur
|-singleturn|p1a: Baxcalibur|Protect
|move|p1b: Empoleon|Flash Cannon|p2a: Annihilape
|-damage|p2a: Annihilape|66/100
|-unboost|p2a: Annihilape|spd|1
|-ability|p2a: Annihilape|Defiant|boost
|-boost|p2a: Annihilape|atk|2
|
|-heal|p2a: Annihilape|72/100|[from] item: Leftovers
|-sideend|p2: ZapdosFan471|move: Tailwind
|upkeep
|turn|5
|
|t:|1756473075
|move|p1b: Empoleon|Protect|p1b: Empoleon
|-singleturn|p1b: Empoleon|Protect
|move|p2b: Garchomp|Stomping Tantrum|p1b: Empoleon
|-activate|p1b: Empoleon|move: Protect
|move|p2a: Annihilape|Drain Punch|p1a: Baxcalibur
|-supereffective|p1a: Baxcalibur
|-damage|p1a: Baxcalibur|0 fnt
|-heal|p2a: Annihilape|100/100|[from] drain|[of] p1a: Baxcalibur
|faint|p1a: Baxcalibur
|
|upkeep
|turn|6
|
|t:|1756473100
|move|p2b: Garchomp|Earthquake|p1b: Empoleon|[spread] p2a,p1b
|-supereffective|p1b: Empoleon
|-crit|p1b: Empoleon
|-damage|p2a: Annihilape|46/100
|-damage|p1b: Empoleon|0 fnt
|faint|p1b: Empoleon
|-damage|p2b: Garchomp|91/100|[from] item: Life Orb
|
|win|ZapdosFan471
|raw|iceshard00's rating: 1112 → 1085(-27 for losing)
|raw|ZapdosFan471's rating: 1082 → 1112(+30 for winning)
|l|☆ZapdosFan471
|player|p2|
