|j|Ōśåeternatusgaming
|j|ŌśåMidnight Crimsonn
|html|eternatusgamingMidnight Crimsonn    
|uhtml|bestof|Game 2 of a best-of-3
|t:|1783089626
|gametype|doubles
|player|p1|eternatusgaming|iono|
|player|p2|Midnight Crimsonn|acetrainerf-gen4dp|
|gen|9
|tier|[Gen 9 Champions] VGC 2026 Reg M-B (Bo3)
|rule|Species Clause: Limit one of each Pok├®mon
|rule|Item Clause: Limit 1 of each item
|clearpoke
|poke|p1|Whimsicott, L50, F|
|poke|p1|Garchomp, L50, M|
|poke|p1|Kingambit, L50, M|
|poke|p1|Charizard, L50, F|
|poke|p1|Basculegion, L50, M|
|poke|p1|Floette-Eternal, L50, F|
|poke|p2|Metagross, L50, shiny|
|poke|p2|Charizard, L50, M|
|poke|p2|Incineroar, L50, F, shiny|
|poke|p2|Garchomp, L50, F, shiny|
|poke|p2|Hydreigon, L50, M|
|poke|p2|Toxapex, L50, M, shiny|
|teampreview|4
|showteam|p1|Whimsicott||FocusSash|Prankster|Moonblast,Tailwind,Encore,Protect|Timid||F|||50|]Garchomp||LifeOrb|RoughSkin|Earthquake,DragonClaw,RockSlide,Protect|Jolly||M|||50|]Kingambit||OccaBerry|Defiant|KowtowCleave,SuckerPunch,IronHead,LowKick|Adamant||M|||50|]Charizard||CharizarditeY|Blaze|HeatWave,WeatherBall,SolarBeam,Protect|Modest||F|||50|]Basculegion||MysticWater|Adaptability|WaveCrash,AquaJet,LastRespects,Protect|Adamant||M|||50|]Floette-Eternal||Floettite|FlowerVeil|Moonblast,DazzlingGleam,LightofRuin,Protect|Modest||F|||50|
|showteam|p2|Metagross||Metagrossite|ClearBody|IronHead,PsychicFangs,BodyPress,Protect|Jolly|||||50|]Charizard||CharizarditeY|Blaze|HeatWave,WeatherBall,SolarBeam,Protect|Timid||M|||50|]Incineroar||SitrusBerry|Intimidate|FlareBlitz,ThroatChop,FakeOut,PartingShot|Impish||F|||50|]Garchomp||LifeOrb|RoughSkin|Earthquake,DragonClaw,RockSlide,Protect|Jolly||F|||50|]Hydreigon||ChoiceScarf|Levitate|DracoMeteor,DarkPulse,Snarl,HeatWave|Modest||M|||50|]Toxapex||Leftovers|Regenerator|Infestation,WideGuard,Toxic,BanefulBunker|Bold||M|||50|
|inactive|Battle timer is ON: inactive players will automatically lose when time's up. (requested by Midnight Crimsonn)
|c|Ōśåeternatusgaming|lol
|inactiveoff|Battle timer is now OFF.
|c|ŌśåMidnight Crimsonn|cause its feeling like whoever gets turn 1 right runs the game rn
|c|Ōśåeternatusgaming|definitely with the chomp lead
|c|ŌśåMidnight Crimsonn|well i can help to not make it like the depending on the leads
|c|ŌśåMidnight Crimsonn|yeah
|c|ŌśåMidnight Crimsonn|cause that stops the incin lead
|
|t:|1783089692
|teamsize|p1|4
|teamsize|p2|4
|start
|switch|p1a: Garchomp|Garchomp, L50, M|100/100
|switch|p1b: Whimsicott|Whimsicott, L50, F|100/100
|switch|p2a: Toxapex|Toxapex, L50, M, shiny|100/100
|switch|p2b: Garchomp|Garchomp, L50, F, shiny|100/100
|turn|1
|
|t:|1783089715
|switch|p2b: Incineroar|Incineroar, L50, F, shiny|100/100
|-ability|p2b: Incineroar|Intimidate|boost
|-unboost|p1a: Garchomp|atk|1
|-unboost|p1b: Whimsicott|atk|1
|move|p1a: Garchomp|Protect|p1a: Garchomp
|-singleturn|p1a: Garchomp|Protect
|move|p1b: Whimsicott|Moonblast|p2b: Incineroar
|-crit|p2b: Incineroar
|-damage|p2b: Incineroar|58/100
|move|p2a: Toxapex|Toxic|p1a: Garchomp
|-activate|p1a: Garchomp|move: Protect
|
|upkeep
|turn|2
|c|ŌśåMidnight Crimsonn|pleaseee i dont wanna be crit so much XD
|c|ŌśåMidnight Crimsonn|this 4% got hands
|
|t:|1783089754
|switch|p1a: Kingambit|Kingambit, L50, M|100/100
|move|p2b: Incineroar|Fake Out|p1a: Kingambit
|-resisted|p1a: Kingambit|1
|-crit|p1a: Kingambit
|-damage|p1a: Kingambit|93/100
|move|p1b: Whimsicott|Encore|p2a: Toxapex
|-start|p2a: Toxapex|Encore
|move|p2a: Toxapex|Toxic|p1b: Whimsicott
|-status|p1b: Whimsicott|tox
|
|-damage|p1b: Whimsicott|94/100 tox|[from] psn
|upkeep
|turn|3
|c|Ōśåeternatusgaming|speaking of crits
|c|Ōśåeternatusgaming|huge one there
|c|Ōśåeternatusgaming|lol
|c|ŌśåMidnight Crimsonn|okay okay XD
|
|t:|1783089782
|switch|p2a: Charizard|Charizard, L50, M|100/100
|move|p1a: Kingambit|Sucker Punch|p2b: Incineroar
|-resisted|p2b: Incineroar|1
|-damage|p2b: Incineroar|42/100
|-enditem|p2b: Incineroar|Sitrus Berry|[eat]
|-heal|p2b: Incineroar|66/100|[from] item: Sitrus Berry
|move|p1b: Whimsicott|Moonblast|p2b: Incineroar
|-damage|p2b: Incineroar|36/100
|move|p2b: Incineroar|Flare Blitz|p1a: Kingambit
|-supereffective|p1a: Kingambit|1
|-enditem|p1a: Kingambit|Occa Berry|[eat]
|-enditem|p1a: Kingambit|Occa Berry|[weaken]
|-damage|p1a: Kingambit|61/100
|-damage|p2b: Incineroar|25/100|[from] Recoil
|
|-damage|p1b: Whimsicott|82/100 tox|[from] psn
|upkeep
|turn|4
|
|t:|1783089800
|switch|p2b: Toxapex|Toxapex, L50, M, shiny|100/100
|switch|p1a: Garchomp|Garchomp, L50, M|100/100
|detailschange|p2a: Charizard|Charizard-Mega-Y, L50, M
|-mega|p2a: Charizard|Charizard|Charizardite Y
|-weather|SunnyDay|[from] ability: Drought|[of] p2a: Charizard
|move|p1b: Whimsicott|Tailwind|p1b: Whimsicott
|-sidestart|p1: eternatusgaming|move: Tailwind
|move|p2a: Charizard|Heat Wave|p1a: Garchomp|[spread] p1a,p1b
|-resisted|p1a: Garchomp|1
|-supereffective|p1b: Whimsicott|1
|-damage|p1a: Garchomp|67/100
|-damage|p1b: Whimsicott|0 fnt
|faint|p1b: Whimsicott
|
|-weather|SunnyDay|[upkeep]
|upkeep
|c|ŌśåMidnight Crimsonn|zard please dont let me down now
|
|t:|1783089813
|switch|p1b: Basculegion|Basculegion, L50, M|100/100
|turn|5
|
|t:|1783089830
|move|p2a: Charizard|Protect|p2a: Charizard
|-singleturn|p2a: Charizard|Protect
|move|p1a: Garchomp|Earthquake|p2a: Charizard|[spread] p1b,p2b
|-activate|p2a: Charizard|move: Protect
|-supereffective|p2b: Toxapex|1
|-damage|p1b: Basculegion|36/100
|-damage|p2b: Toxapex|25/100
|-damage|p1a: Garchomp|57/100|[from] item: Life Orb
|move|p1b: Basculegion|Last Respects|p2b: Toxapex
|-damage|p2b: Toxapex|0 fnt
|faint|p2b: Toxapex
|
|-weather|SunnyDay|[upkeep]
|upkeep
|
|t:|1783089840
|switch|p2b: Incineroar|Incineroar, L50, F, shiny|25/100
|-ability|p2b: Incineroar|Intimidate|boost
|-unboost|p1a: Garchomp|atk|1
|-unboost|p1b: Basculegion|atk|1
|turn|6
|
|t:|1783089893
|switch|p2a: Garchomp|Garchomp, L50, F, shiny|100/100
|move|p1a: Garchomp|Protect|p1a: Garchomp
|-singleturn|p1a: Garchomp|Protect
|move|p2b: Incineroar|Fake Out|p1a: Garchomp
|-activate|p1a: Garchomp|move: Protect
|move|p1b: Basculegion|Wave Crash|p2a: Garchomp
|-damage|p2a: Garchomp|67/100
|-damage|p1b: Basculegion|24/100|[from] ability: Rough Skin|[of] p2a: Garchomp
|-damage|p1b: Basculegion|14/100|[from] Recoil
|
|-weather|SunnyDay|[upkeep]
|upkeep
|turn|7
|
|t:|1783089907
|move|p2a: Garchomp|Protect|p2a: Garchomp
|-singleturn|p2a: Garchomp|Protect
|move|p1a: Garchomp|Dragon Claw|p2a: Garchomp
|-activate|p2a: Garchomp|move: Protect
|move|p1b: Basculegion|Wave Crash|p2b: Incineroar
|-supereffective|p2b: Incineroar|1
|-crit|p2b: Incineroar
|-damage|p2b: Incineroar|0 fnt
|faint|p2b: Incineroar
|-damage|p1b: Basculegion|6/100|[from] Recoil
|
|-weather|SunnyDay|[upkeep]
|-sideend|p1: eternatusgaming|move: Tailwind
|upkeep
|
|t:|1783089914
|switch|p2b: Charizard|Charizard-Mega-Y, L50, M|100/100
|turn|8
|
|t:|1783089929
|move|p1a: Garchomp|Protect|p1a: Garchomp
|-singleturn|p1a: Garchomp|Protect
|move|p2b: Charizard|Protect|p2b: Charizard
|-singleturn|p2b: Charizard|Protect
|move|p1b: Basculegion|Protect|p1b: Basculegion
|-singleturn|p1b: Basculegion|Protect
|move|p2a: Garchomp|Earthquake|p1a: Garchomp|[spread] 
|-activate|p2b: Charizard|move: Protect
|-activate|p1a: Garchomp|move: Protect
|-activate|p1b: Basculegion|move: Protect
|
|-weather|none
|upkeep
|turn|9
|c|ŌśåMidnight Crimsonn|gulps
|
|t:|1783089957
|move|p1b: Basculegion|Aqua Jet|p2b: Charizard
|-supereffective|p2b: Charizard|1
|-damage|p2b: Charizard|55/100
|move|p2a: Garchomp|Dragon Claw|p1a: Garchomp
|-supereffective|p1a: Garchomp|1
|-damage|p1a: Garchomp|0 fnt
|-damage|p2a: Garchomp|55/100|[from] ability: Rough Skin|[of] p1a: Garchomp
|faint|p1a: Garchomp
|-damage|p2a: Garchomp|45/100|[from] item: Life Orb
|move|p2b: Charizard|Heat Wave|p1b: Basculegion
|-resisted|p1b: Basculegion|1
|-damage|p1b: Basculegion|0 fnt
|faint|p1b: Basculegion
|
|upkeep
|c|Ōśåeternatusgaming|yeah rip
|c|ŌśåMidnight Crimsonn|i dont like this!! XD
|
|t:|1783089969
|switch|p1b: Kingambit|Kingambit, L50, M|61/100
|turn|10
|
|t:|1783089972
|move|p2a: Garchomp|Earthquake|p1b: Kingambit|[spread] p1b
|-immune|p2b: Charizard
|-supereffective|p1b: Kingambit|1
|-damage|p1b: Kingambit|0 fnt
|faint|p1b: Kingambit
|-damage|p2a: Garchomp|35/100|[from] item: Life Orb
|
|win|Midnight Crimsonn
|c|Ōśåeternatusgaming|wp tho
