|j|☆Paywall vgc
|j|☆sadnessvgc
|html|Paywall vgcsadnessvgc    
|uhtml|bestof|Game 2 of a best-of-3
|t:|1785995814
|gametype|doubles
|player|p1|Paywall vgc|lucas|1443
|player|p2|sadnessvgc|agatha-lgpe|1452
|gen|9
|tier|[Gen 9 Champions] VGC 2026 Reg M-B (Bo3)
|rated|
|rule|Species Clause: Limit one of each Pokémon
|rule|Item Clause: Limit 1 of each item
|clearpoke
|poke|p1|Grimmsnarl, L50, M|
|poke|p1|Charizard, L50, M, shiny|
|poke|p1|Venusaur, L50, F, shiny|
|poke|p1|Garchomp, L50, F|
|poke|p1|Incineroar, L50, M, shiny|
|poke|p1|Gholdengo, L50|
|poke|p2|Floette-Eternal, L50, F|
|poke|p2|Whimsicott, L50, M, shiny|
|poke|p2|Garchomp, L50, M, shiny|
|poke|p2|Kingambit, L50, M, shiny|
|poke|p2|Basculegion, L50, M, shiny|
|poke|p2|Charizard, L50, M, shiny|
|teampreview|4
|showteam|p1|Grimmsnarl||LightClay|Prankster|SpiritBreak,PartingShot,Reflect,LightScreen|Careful||M|||50|]Charizard||CharizarditeY|Blaze|WeatherBall,HeatWave,SolarBeam,Protect|Modest||M|||50|]Venusaur||FocusSash|Chlorophyll|SludgeBomb,LeafStorm,SleepPowder,Protect|Modest||F|||50|]Garchomp||ChoiceScarf|RoughSkin|Earthquake,RockSlide,DragonClaw,StompingTantrum|Adamant||F|||50|]Incineroar||SitrusBerry|Intimidate|FakeOut,PartingShot,FlareBlitz,WillOWisp|Impish||M|||50|]Gholdengo||LifeOrb|GoodasGold|MakeItRain,ShadowBall,NastyPlot,Protect|Timid|||||50|
|showteam|p2|Floette-Eternal||Floettite|FlowerVeil|DazzlingGleam,Moonblast,Protect,LightofRuin|Timid||F|||50|]Whimsicott||FocusSash|Prankster|Moonblast,Protect,Encore,Tailwind|Timid||M|||50|]Garchomp||RoseliBerry|RoughSkin|Earthquake,DragonClaw,PoisonJab,RockSlide|Jolly||M|||50|]Kingambit||ChopleBerry|Defiant|KowtowCleave,LowKick,SuckerPunch,IronHead|Adamant||M|||50|]Basculegion||LifeOrb|Adaptability|LastRespects,WaveCrash,AquaJet,Protect|Adamant||M|||50|]Charizard||CharizarditeY|Blaze|HeatWave,WeatherBall,SolarBeam,Protect|Modest||M|||50|
|inactive|Battle timer is ON: inactive players will automatically lose when time's up. (requested by Paywall vgc)
|inactive|sadnessvgc has 60 seconds left.
|
|t:|1785995858
|teamsize|p1|4
|teamsize|p2|4
|start
|switch|p1a: Grimmsnarl|Grimmsnarl, L50, M|100/100
|switch|p1b: Incineroar|Incineroar, L50, M, shiny|100/100
|switch|p2a: Kingambit|Kingambit, L50, M, shiny|100/100
|switch|p2b: Floette|Floette-Eternal, L50, F|100/100
|-ability|p1b: Incineroar|Intimidate|boost
|-unboost|p2a: Kingambit|atk|1
|-ability|p2a: Kingambit|Defiant|boost
|-boost|p2a: Kingambit|atk|2
|-unboost|p2b: Floette|atk|1
|turn|1
|
|t:|1785995876
|detailschange|p2b: Floette|Floette-Mega, L50, F
|-mega|p2b: Floette|Floette|Floettite
|-ability|p2b: Floette|Fairy Aura
|move|p1a: Grimmsnarl|Parting Shot|p2b: Floette
|-unboost|p2b: Floette|atk|1
|-unboost|p2b: Floette|spa|1
|
|t:|1785995880
|switch|p1a: Charizard|Charizard, L50, M, shiny|100/100|[from] Parting Shot
|move|p2b: Floette|Light of Ruin|p1b: Incineroar|[miss]
|-miss|p2b: Floette|p1b: Incineroar
|move|p1b: Incineroar|Will-O-Wisp|p2a: Kingambit
|-status|p2a: Kingambit|brn
|move|p2a: Kingambit|Kowtow Cleave|p1a: Charizard
|-crit|p1a: Charizard
|-damage|p1a: Charizard|53/100
|
|-damage|p2a: Kingambit|94/100 brn|[from] brn
|upkeep
|turn|2
|
|t:|1785995896
|detailschange|p1a: Charizard|Charizard-Mega-Y, L50, M, shiny
|-mega|p1a: Charizard|Charizard|Charizardite Y
|-weather|SunnyDay|[from] ability: Drought|[of] p1a: Charizard
|move|p2b: Floette|Dazzling Gleam|p1a: Charizard|[spread] p1a,p1b
|-resisted|p1a: Charizard|1
|-damage|p1a: Charizard|39/100
|-damage|p1b: Incineroar|73/100
|move|p1a: Charizard|Heat Wave|p2b: Floette|[spread] p2a,p2b
|-supereffective|p2a: Kingambit|1
|-damage|p2a: Kingambit|0 fnt
|-damage|p2b: Floette|47/100
|-status|p2b: Floette|brn
|faint|p2a: Kingambit
|move|p1b: Incineroar|Parting Shot|p2b: Floette
|-unboost|p2b: Floette|atk|1
|-unboost|p2b: Floette|spa|1
|
|t:|1785995902
|switch|p1b: Venusaur|Venusaur, L50, F, shiny|100/100|[from] Parting Shot
|
|-weather|SunnyDay|[upkeep]
|-damage|p2b: Floette|41/100 brn|[from] brn
|upkeep
|
|t:|1785995909
|switch|p2a: Whimsicott|Whimsicott, L50, M, shiny|100/100
|turn|3
|
|t:|1785995918
|move|p2a: Whimsicott|Tailwind|p2a: Whimsicott
|-sidestart|p2: sadnessvgc|move: Tailwind
|move|p2b: Floette|Light of Ruin|p1a: Charizard
|-resisted|p1a: Charizard|1
|-damage|p1a: Charizard|12/100
|-damage|p2b: Floette|25/100 brn|[from] Recoil
|move|p1b: Venusaur|Sludge Bomb|p2a: Whimsicott
|-supereffective|p2a: Whimsicott|2
|-enditem|p2a: Whimsicott|Focus Sash
|-damage|p2a: Whimsicott|1/100
|-status|p2a: Whimsicott|psn
|move|p1a: Charizard|Heat Wave|p2a: Whimsicott|[spread] p2a,p2b
|-supereffective|p2a: Whimsicott|1
|-damage|p2a: Whimsicott|0 fnt
|-damage|p2b: Floette|0 fnt
|faint|p2a: Whimsicott
|faint|p2b: Floette
|
|-weather|SunnyDay|[upkeep]
|upkeep
|
|t:|1785995926
|switch|p2b: Charizard|Charizard, L50, M, shiny|100/100
|turn|4
|
|t:|1785995935
|switch|p1a: Incineroar|Incineroar, L50, M, shiny|73/100
|-ability|p1a: Incineroar|Intimidate|boost
|-unboost|p2b: Charizard|atk|1
|move|p1b: Venusaur|Protect|p1b: Venusaur
|-singleturn|p1b: Venusaur|Protect
|move|p2b: Charizard|Heat Wave|p1b: Venusaur|[spread] 
|-activate|p1b: Venusaur|move: Protect
|-miss|p2b: Charizard|p1a: Incineroar
|
|-weather|SunnyDay|[upkeep]
|upkeep
|turn|5
|-message|sadnessvgc forfeited.
|
|win|Paywall vgc
|raw|Paywall vgc's rating: 1443 → 1464(+21 for winning)
|raw|sadnessvgc's rating: 1452 → 1431(-21 for losing)
