|j|☆pokedudeog14
|j|☆lolgz
|html|pokedudeog14lolgz    
|uhtml|bestof|Game 1 of a best-of-3
|t:|1782738824
|gametype|doubles
|player|p1|pokedudeog14|juggler|1000
|player|p2|lolgz|dawn|1095
|gen|9
|tier|[Gen 9 Champions] VGC 2026 Reg M-B (Bo3)
|rated|
|rule|Species Clause: Limit one of each Pokémon
|rule|Item Clause: Limit 1 of each item
|clearpoke
|poke|p1|Raichu, L50, M, shiny|
|poke|p1|Milotic, L50, F, shiny|
|poke|p1|Incineroar, L50, M, shiny|
|poke|p1|Sinistcha, L50, shiny|
|poke|p1|Ceruledge, L50, F, shiny|
|poke|p1|Gardevoir, L50, F, shiny|
|poke|p2|Scrafty, L50, M|
|poke|p2|Milotic, L50, M|
|poke|p2|Sinistcha, L50|
|poke|p2|Sneasler, L50, M|
|poke|p2|Incineroar, L50, M|
|poke|p2|Garchomp, L50, M|
|teampreview|4
|showteam|p1|Raichu||RaichuniteY|LightningRod|ZapCannon,FocusBlast,FakeOut,Protect|Hasty||M|||50|]Milotic||Leftovers|Competitive|MuddyWater,Coil,Hypnosis,Protect|Calm||F|||50|]Incineroar||SitrusBerry|Intimidate|FlareBlitz,ThroatChop,FakeOut,PartingShot|Adamant||M|||50|]Sinistcha||KasibBerry|Hospitality|MatchaGotcha,RagePowder,Protect,LifeDew|Bold|||||50|]Ceruledge||ColburBerry|FlashFire|BitterBlade,ShadowSneak,BulkUp,Protect|Adamant||F|||50|]Gardevoir||Gardevoirite|Trace|HyperVoice,Psychic,CalmMind,Protect|Timid||F|||50|
|showteam|p2|Scrafty||Scraftinite|Intimidate|DrainPunch,KnockOff,Protect,DragonDance|Jolly||M|||50|]Milotic||Leftovers|Competitive|Hypnosis,IcyWind,Recover,Coil|Calm||M|||50|]Sinistcha||CobaBerry|Hospitality|MatchaGotcha,RagePowder,LifeDew,TrickRoom|Bold|||||50|]Sneasler||WhiteHerb|Unburden|CloseCombat,DireClaw,FakeOut,Coaching|Adamant||M|||50|]Incineroar||SitrusBerry|Intimidate|FlareBlitz,ThroatChop,FakeOut,PartingShot|Adamant||M|||50|]Garchomp||LifeOrb|RoughSkin|DragonClaw,RockSlide,StompingTantrum,SwordsDance|Jolly||M|||50|
|inactive|Battle timer is ON: inactive players will automatically lose when time's up. (requested by pokedudeog14)
|
|t:|1782738852
|teamsize|p1|4
|teamsize|p2|4
|start
|switch|p1a: Gardi|Gardevoir, L50, F, shiny|100/100
|switch|p1b: IceBaby|Incineroar, L50, M, shiny|100/100
|switch|p2a: Sneasler|Sneasler, L50, M|100/100
|switch|p2b: Garchomp|Garchomp, L50, M|100/100
|-ability|p1a: Gardi|Unburden|Trace|[from] ability: Trace|[of] p2a: Sneasler
|-ability|p1b: IceBaby|Intimidate|boost
|-unboost|p2a: Sneasler|atk|1
|-unboost|p2b: Garchomp|atk|1
|-enditem|p2a: Sneasler|White Herb
|-clearnegativeboost|p2a: Sneasler|[silent]
|turn|1
|
|t:|1782738872
|move|p1a: Gardi|Protect|p1a: Gardi
|-singleturn|p1a: Gardi|Protect
|move|p1b: IceBaby|Fake Out|p2a: Sneasler
|-damage|p2a: Sneasler|74/100
|cant|p2a: Sneasler|flinch
|move|p2b: Garchomp|Stomping Tantrum|p1b: IceBaby
|-supereffective|p1b: IceBaby|1
|-damage|p1b: IceBaby|33/100
|-enditem|p1b: IceBaby|Sitrus Berry|[eat]
|-heal|p1b: IceBaby|57/100|[from] item: Sitrus Berry
|-damage|p2b: Garchomp|90/100|[from] item: Life Orb
|
|upkeep
|turn|2
|
|t:|1782738896
|detailschange|p1a: Gardi|Gardevoir-Mega, L50, F, shiny
|-mega|p1a: Gardi|Gardevoir|Gardevoirite
|move|p2a: Sneasler|Dire Claw|p1a: Gardi
|-supereffective|p1a: Gardi|1
|-damage|p1a: Gardi|0 fnt
|faint|p1a: Gardi
|move|p2b: Garchomp|Stomping Tantrum|p1b: IceBaby
|-supereffective|p1b: IceBaby|1
|-damage|p1b: IceBaby|0 fnt
|faint|p1b: IceBaby
|-damage|p2b: Garchomp|80/100|[from] item: Life Orb
|
|upkeep
|
|t:|1782738909
|switch|p1a: ChaCha slide|Sinistcha, L50, shiny|100/100
|switch|p1b: Cece|Ceruledge, L50, F, shiny|100/100
|turn|3
|
|t:|1782738923
|move|p1b: Cece|Shadow Sneak|p2a: Sneasler
|-damage|p2a: Sneasler|34/100
|move|p2a: Sneasler|Dire Claw|p1a: ChaCha slide
|-damage|p1a: ChaCha slide|69/100
|move|p2b: Garchomp|Stomping Tantrum|p1b: Cece
|-supereffective|p1b: Cece|1
|-damage|p1b: Cece|1/100
|-damage|p2b: Garchomp|70/100|[from] item: Life Orb
|move|p1a: ChaCha slide|Life Dew|p1a: ChaCha slide|[spread] p1a,p1b
|-heal|p1a: ChaCha slide|94/100
|-heal|p1b: Cece|27/100
|
|upkeep
|turn|4
|
|t:|1782738941
|move|p2a: Sneasler|Dire Claw|p1a: ChaCha slide
|-damage|p1a: ChaCha slide|62/100
|move|p2b: Garchomp|Stomping Tantrum|p1b: Cece
|-supereffective|p1b: Cece|1
|-damage|p1b: Cece|0 fnt
|faint|p1b: Cece
|-damage|p2b: Garchomp|60/100|[from] item: Life Orb
|move|p1a: ChaCha slide|Life Dew|p1a: ChaCha slide
|-heal|p1a: ChaCha slide|87/100
|
|upkeep
|turn|5
|
|t:|1782738950
|move|p1a: ChaCha slide|Rage Powder|p1a: ChaCha slide
|-singleturn|p1a: ChaCha slide|move: Rage Powder
|move|p2a: Sneasler|Dire Claw|p1a: ChaCha slide
|-damage|p1a: ChaCha slide|53/100
|move|p2b: Garchomp|Stomping Tantrum|p1a: ChaCha slide
|-resisted|p1a: ChaCha slide|1
|-damage|p1a: ChaCha slide|40/100
|-damage|p2b: Garchomp|50/100g|[from] item: Life Orb
|
|upkeep
|turn|6
|
|t:|1782738961
|move|p2a: Sneasler|Dire Claw|p1a: ChaCha slide
|-damage|p1a: ChaCha slide|6/100
|move|p2b: Garchomp|Stomping Tantrum|p1a: ChaCha slide
|-resisted|p1a: ChaCha slide|1
|-damage|p1a: ChaCha slide|0 fnt
|faint|p1a: ChaCha slide
|-damage|p2b: Garchomp|40/100|[from] item: Life Orb
|
|win|lolgz
