|j|â˜†Joseanfox
|j|â˜†QuackgoesDucklett
|html|JoseanfoxQuackgoesDucklett    
|uhtml|bestof|Game 1 of a best-of-3
|t:|1783708875
|gametype|doubles
|player|p1|Joseanfox|dawn|1134
|player|p2|QuackgoesDucklett|swimmer|1039
|gen|9
|tier|[Gen 9 Champions] VGC 2026 Reg M-B (Bo3)
|rated|
|rule|Species Clause: Limit one of each PokÃ©mon
|rule|Item Clause: Limit 1 of each item
|clearpoke
|poke|p1|Raichu, L50, F|
|poke|p1|Corviknight, L50, F|
|poke|p1|Sylveon, L50, F|
|poke|p1|Basculegion, L50, M|
|poke|p1|Mamoswine, L50, M|
|poke|p1|Tyranitar, L50, M|
|poke|p2|Cofagrigus, L50, F, shiny|
|poke|p2|Mawile, L50, M, shiny|
|poke|p2|Incineroar, L50, M|
|poke|p2|Farigiraf, L50, F|
|poke|p2|Drampa, L50, F, shiny|
|poke|p2|Crabominable, L50, F|
|teampreview|4
|showteam|p1|Raichu||RaichuniteY|LightningRod|ZapCannon,FakeOut,Protect,FocusBlast|Timid||F|||50|]Corviknight||Leftovers|MirrorArmor|BraveBird,IronHead,Protect,Tailwind|Careful||F|||50|]Sylveon||FairyFeather|Pixilate|Protect,Yawn,HyperVoice,QuickAttack|Modest||F|||50|]Basculegion||MysticWater|Adaptability|AquaJet,Protect,WaveCrash,LastRespects|Adamant||M|||50|]Mamoswine||LifeOrb|Oblivious|Protect,HighHorsepower,IceShard,IcicleCrash|Adamant||M|||50|]Tyranitar||FocusSash|SandStream|RockSlide,KnockOff,Superpower,Protect|Adamant||M|||50|
|showteam|p2|Cofagrigus||Leftovers|Mummy|AllySwitch,TrickRoom,ShadowBall,Protect|Relaxed||F|||50|]Mawile||Mawilite|Intimidate|SuckerPunch,PlayRough,IronHead,Protect|Brave||M|||50|]Incineroar||Charcoal|Intimidate|FakeOut,PartingShot,FlareBlitz,DarkestLariat|Brave||M|||50|]Farigiraf||SitrusBerry|ArmorTail|TrickRoom,Protect,HyperVoice,Psychic|Sassy||F|||50|]Drampa||WideLens|CloudNine|HyperVoice,DracoMeteor,Hurricane,Glare|Modest||F|||50|]Crabominable||Crabominite|IronFist|DrainPunch,ThunderPunch,IceHammer,Protect|Adamant||F|||50|
|
|t:|1783708952
|teamsize|p1|4
|teamsize|p2|4
|start
|switch|p1a: Silvia|Sylveon, L50, F|100/100
|switch|p1b: Robin|Corviknight, L50, F|100/100
|switch|p2a: Cofagrigus|Cofagrigus, L50, F, shiny|100/100
|switch|p2b: Incineroar|Incineroar, L50, M|100/100
|-ability|p2b: Incineroar|Intimidate|boost
|-unboost|p1a: Silvia|atk|1
|-ability|p1b: Robin|Mirror Armor
|-unboost|p2b: Incineroar|atk|1
|turn|1
|inactive|Battle timer is ON: inactive players will automatically lose when time's up. (requested by QuackgoesDucklett)
|
|t:|1783708995
|move|p1b: Robin|Protect|p1b: Robin
|-singleturn|p1b: Robin|Protect
|move|p2b: Incineroar|Fake Out|p1a: Silvia
|-damage|p1a: Silvia|88/100
|cant|p1a: Silvia|flinch
|move|p2a: Cofagrigus|Trick Room|p2a: Cofagrigus
|-fieldstart|move: Trick Room|[of] p2a: Cofagrigus
|
|upkeep
|turn|2
|inactive|QuackgoesDucklett has 30 seconds left.
|inactive|QuackgoesDucklett has 20 seconds left.
|inactive|QuackgoesDucklett has 15 seconds left.
|
|t:|1783709036
|switch|p2a: Mawile|Mawile, L50, M, shiny|100/100
|-ability|p2a: Mawile|Intimidate|boost
|-unboost|p1a: Silvia|atk|1
|-ability|p1b: Robin|Mirror Armor
|-unboost|p2a: Mawile|atk|1
|switch|p1b: BascumbiÃ³n|Basculegion, L50, M|100/100
|move|p2b: Incineroar|Flare Blitz|p1b: BascumbiÃ³n
|-resisted|p1b: BascumbiÃ³n|1
|-damage|p1b: BascumbiÃ³n|71/100
|-damage|p2b: Incineroar|90/100|[from] Recoil
|move|p1a: Silvia|Yawn|p2a: Mawile
|-start|p2a: Mawile|move: Yawn|[of] p1a: Silvia
|
|upkeep
|turn|3
|inactive|QuackgoesDucklett has 30 seconds left.
|
|t:|1783709065
|switch|p2a: Crabominable|Crabominable, L50, F|100/100
|move|p1a: Silvia|Protect|p1a: Silvia
|-singleturn|p1a: Silvia|Protect
|move|p1b: BascumbiÃ³n|Protect|p1b: BascumbiÃ³n
|-singleturn|p1b: BascumbiÃ³n|Protect
|move|p2b: Incineroar|Darkest Lariat|p1b: BascumbiÃ³n
|-activate|p1b: BascumbiÃ³n|move: Protect
|
|upkeep
|turn|4
|
|t:|1783709089
|switch|p1b: Robin|Corviknight, L50, F|100/100
|move|p2a: Crabominable|Thunder Punch|p1b: Robin
|-supereffective|p1b: Robin|1
|-damage|p1b: Robin|35/100
|move|p2b: Incineroar|Parting Shot|p1a: Silvia
|-unboost|p1a: Silvia|atk|1
|-unboost|p1a: Silvia|spa|1
|
|t:|1783709102
|switch|p2b: Mawile|Mawile, L50, M, shiny|100/100|[from] Parting Shot
|-ability|p2b: Mawile|Intimidate|boost
|-unboost|p1a: Silvia|atk|1
|-ability|p1b: Robin|Mirror Armor
|-unboost|p2b: Mawile|atk|1
|move|p1a: Silvia|Hyper Voice|p2b: Mawile|[spread] p2a,p2b
|-supereffective|p2a: Crabominable|1
|-resisted|p2b: Mawile|1
|-damage|p2a: Crabominable|26/100
|-damage|p2b: Mawile|72/100
|
|-heal|p1b: Robin|41/100|[from] item: Leftovers
|upkeep
|turn|5
|inactive|QuackgoesDucklett has 30 seconds left.
|inactive|QuackgoesDucklett has 20 seconds left.
|inactive|QuackgoesDucklett has 15 seconds left.
|inactive|QuackgoesDucklett has 10 seconds left.
|inactive|QuackgoesDucklett has 5 seconds left.
|
|t:|1783709152
|switch|p2a: Cofagrigus|Cofagrigus, L50, F, shiny|100/100
|move|p1a: Silvia|Protect|p1a: Silvia
|-singleturn|p1a: Silvia|Protect
|move|p1b: Robin|Protect|p1b: Robin
|-singleturn|p1b: Robin|Protect
|move|p2b: Mawile|Iron Head|p1a: Silvia
|-activate|p1a: Silvia|move: Protect
|
|-heal|p1b: Robin|47/100|[from] item: Leftovers
|-fieldend|move: Trick Room
|upkeep
|turn|6
|inactive|Joseanfox has 30 seconds left.
|
|t:|1783709179
|move|p1b: Robin|Iron Head|p2b: Mawile
|-damage|p2b: Mawile|39/100
|move|p1a: Silvia|Hyper Voice|p2b: Mawile|[spread] p2a,p2b
|-resisted|p2b: Mawile|1
|-damage|p2a: Cofagrigus|72/100
|-damage|p2b: Mawile|12/100
|move|p2b: Mawile|Iron Head|p1a: Silvia
|-supereffective|p1a: Silvia|1
|-damage|p1a: Silvia|39/100
|move|p2a: Cofagrigus|Trick Room|p2a: Cofagrigus
|-fieldstart|move: Trick Room|[of] p2a: Cofagrigus
|
|-heal|p2a: Cofagrigus|78/100|[from] item: Leftovers
|-heal|p1b: Robin|53/100|[from] item: Leftovers
|upkeep
|turn|7
|inactive|QuackgoesDucklett has 30 seconds left.
|inactive|QuackgoesDucklett has 20 seconds left.
|
|t:|1783709216
|switch|p2a: Crabominable|Crabominable, L50, F|26/100
|detailschange|p2b: Mawile|Mawile-Mega, L50, M, shiny
|-mega|p2b: Mawile|Mawile|Mawilite
|move|p1a: Silvia|Protect|p1a: Silvia
|-singleturn|p1a: Silvia|Protect
|move|p2b: Mawile|Iron Head|p1a: Silvia
|-activate|p1a: Silvia|move: Protect
|move|p1b: Robin|Iron Head|p2b: Mawile
|-damage|p2b: Mawile|0 fnt
|faint|p2b: Mawile
|
|-heal|p1b: Robin|59/100|[from] item: Leftovers
|upkeep
|
|t:|1783709218
|switch|p2b: Cofagrigus|Cofagrigus, L50, F, shiny|78/100
|turn|8
|inactive|Joseanfox has 30 seconds left.
|inactive|Joseanfox has 20 seconds left.
|inactive|QuackgoesDucklett has 30 seconds left.
|inactive|Joseanfox has 15 seconds left.
|inactive|Joseanfox has 10 seconds left.
|
|t:|1783709271
|move|p2b: Cofagrigus|Ally Switch|p2b: Cofagrigus
|swap|p2b: Cofagrigus|0|[from] move: Ally Switch
|move|p2b: Crabominable|Ice Hammer|p1a: Silvia|[miss]
|-miss|p2b: Crabominable|p1a: Silvia
|move|p1a: Silvia|Hyper Voice|p2a: Cofagrigus|[spread] p2a,p2b
|-supereffective|p2b: Crabominable|1
|-damage|p2a: Cofagrigus|51/100
|-damage|p2b: Crabominable|0 fnt
|faint|p2b: Crabominable
|move|p1b: Robin|Iron Head|p2a: Cofagrigus
|-damage|p2a: Cofagrigus|33/100
|-activate|p2a: Cofagrigus|ability: Mummy|p1b: Robin|[ability] Mirror Armor
|
|-heal|p2a: Cofagrigus|39/100|[from] item: Leftovers
|-heal|p1b: Robin|65/100|[from] item: Leftovers
|upkeep
|
|t:|1783709279
|switch|p2b: Incineroar|Incineroar, L50, M|90/100
|-ability|p2b: Incineroar|Intimidate|boost
|-unboost|p1a: Silvia|atk|1
|-unboost|p1b: Robin|atk|1
|turn|9
|
|t:|1783709299
|move|p1a: Silvia|Protect|p1a: Silvia
|-singleturn|p1a: Silvia|Protect
|move|p1b: Robin|Protect|p1b: Robin
|-singleturn|p1b: Robin|Protect
|move|p2a: Cofagrigus|Shadow Ball|p1a: Silvia
|-activate|p1a: Silvia|move: Protect
|move|p2b: Incineroar|Flare Blitz|p1b: Robin
|-activate|p1b: Robin|move: Protect
|
|-heal|p2a: Cofagrigus|45/100|[from] item: Leftovers
|-heal|p1b: Robin|71/100|[from] item: Leftovers
|upkeep
|turn|10
|
|t:|1783709323
|move|p2a: Cofagrigus|Shadow Ball|p1a: Silvia
|-damage|p1a: Silvia|19/100
|-unboost|p1a: Silvia|spd|1
|move|p2b: Incineroar|Darkest Lariat|p1b: Robin
|-damage|p1b: Robin|32/100
|-activate|p1b: Robin|ability: Mummy|p2b: Incineroar|[ability] Intimidate
|move|p1a: Silvia|Yawn|p2b: Incineroar
|-start|p2b: Incineroar|move: Yawn|[of] p1a: Silvia
|move|p1b: Robin|Brave Bird|p2b: Incineroar
|-damage|p2b: Incineroar|62/100
|-damage|p1b: Robin|22/100|[from] Recoil
|
|-heal|p2a: Cofagrigus|51/100|[from] item: Leftovers
|-heal|p1b: Robin|28/100|[from] item: Leftovers
|-fieldend|move: Trick Room
|upkeep
|turn|11
|inactive|Joseanfox has 30 seconds left.
|inactive|Joseanfox has 20 seconds left.
|
|t:|1783709360
|move|p1b: Robin|Iron Head|p2a: Cofagrigus
|-damage|p2a: Cofagrigus|38/100
|move|p1a: Silvia|Hyper Voice|p2a: Cofagrigus|[spread] p2a,p2b
|-damage|p2a: Cofagrigus|7/100
|-damage|p2b: Incineroar|32/100
|move|p2b: Incineroar|Flare Blitz|p1b: Robin
|-supereffective|p1b: Robin|1
|-damage|p1b: Robin|0 fnt
|faint|p1b: Robin
|-damage|p2b: Incineroar|23/100|[from] Recoil
|move|p2a: Cofagrigus|Trick Room|p2a: Cofagrigus
|-fieldstart|move: Trick Room|[of] p2a: Cofagrigus
|
|-heal|p2a: Cofagrigus|13/100|[from] item: Leftovers
|-end|p2b: Incineroar|move: Yawn|[silent]
|-status|p2b: Incineroar|slp
|upkeep
|-message|QuackgoesDucklett forfeited.
|raw|Joseanfox's rating: 1134 → 1152(+18 for winning)
|raw|QuackgoesDucklett's rating: 1039 → 1027(-12 for losing)
|
|win|Joseanfox
|l|â˜†QuackgoesDucklett
|player|p2|
|l|â˜†Joseanfox
|player|p1|
|j|â˜†Joseanfox
|player|p1|Joseanfox|dawn|
