|j|☆boomnoimai
|j|☆DanteRush
|html|boomnoimaiDanteRush    
|uhtml|bestof|Game 1 of a best-of-3
|t:|1784988037
|gametype|doubles
|player|p1|boomnoimai|unknown|1000
|player|p2|DanteRush|koga|1045
|gen|9
|tier|[Gen 9 Champions] VGC 2026 Reg M-B (Bo3)
|rated|
|rule|Species Clause: Limit one of each Pokémon
|rule|Item Clause: Limit 1 of each item
|clearpoke
|poke|p1|Falinks, L50, shiny|
|poke|p1|Farigiraf, L50, F|
|poke|p1|Sinistcha, L50|
|poke|p1|Basculegion, L50, M|
|poke|p1|Whimsicott, L50, F, shiny|
|poke|p1|Kingambit, L50, F|
|poke|p2|Venusaur, L50, M|
|poke|p2|Pelipper, L50, F|
|poke|p2|Grimmsnarl, L50, M|
|poke|p2|Archaludon, L50, F|
|poke|p2|Basculegion, L50, M|
|poke|p2|Metagross, L50|
|teampreview|4
|showteam|p1|Falinks||Falinksite|Defiant|BrickBreak,NoRetreat,IronHead,KnockOff|Adamant|||||50|]Farigiraf||SitrusBerry|ArmorTail|TrickRoom,TwinBeam,Protect,HelpingHand|Modest||F|||50|]Sinistcha||KasibBerry|Hospitality|MatchaGotcha,RagePowder,TrickRoom,LifeDew|Bold|||||50|]Basculegion||ChoiceScarf|Adaptability|LastRespects,WaveCrash,AquaJet,FlipTurn|Jolly||M|||50|]Whimsicott||FocusSash|Prankster|Tailwind,Encore,Taunt,Moonblast|Timid||F|||50|]Kingambit||BlackGlasses|Defiant|SuckerPunch,IronHead,KowtowCleave,Protect|Adamant||F|||50|
|showteam|p2|Venusaur||Venusaurite|Chlorophyll|Protect,EarthPower,SludgeBomb,GigaDrain|Modest||M|||50|]Pelipper||FocusSash|Drizzle|Protect,WeatherBall,Hurricane,Tailwind|Modest||F|||50|]Grimmsnarl||LightClay|Prankster|PartingShot,SpiritBreak,Reflect,LightScreen|Careful||M|||50|]Archaludon||Leftovers|Stamina|Protect,DragonPulse,FlashCannon,ElectroShot|Calm||F|||50|]Basculegion||ChoiceScarf|Adaptability|WaveCrash,FlipTurn,AquaJet,LastRespects|Jolly||M|||50|]Metagross||Metagrossite|ClearBody|Protect,IronHead,PsychicFangs,BodyPress|Jolly|||||50|
|inactive|Battle timer is ON: inactive players will automatically lose when time's up. (requested by DanteRush)
|inactive|boomnoimai has 60 seconds left.
|inactive|DanteRush has 60 seconds left.
|
|t:|1784988099
|teamsize|p1|4
|teamsize|p2|4
|start
|switch|p1a: Spatan|Falinks, L50, shiny|100/100
|switch|p1b: King gamble|Kingambit, L50, F|100/100
|switch|p2a: Venusaur|Venusaur, L50, M|100/100
|switch|p2b: Basculegion|Basculegion, L50, M|100/100
|turn|1
|
|t:|1784988116
|switch|p2b: Archaludon|Archaludon, L50, F|100/100
|detailschange|p1a: Spatan|Falinks-Mega, L50, shiny
|-mega|p1a: Spatan|Falinks|Falinksite
|detailschange|p2a: Venusaur|Venusaur-Mega, L50, M
|-mega|p2a: Venusaur|Venusaur|Venusaurite
|move|p1b: King gamble|Sucker Punch||[still]
|-fail|p1b: King gamble
|move|p1a: Spatan|No Retreat|p1a: Spatan
|-boost|p1a: Spatan|atk|1
|-boost|p1a: Spatan|def|1
|-boost|p1a: Spatan|spa|1
|-boost|p1a: Spatan|spd|1
|-boost|p1a: Spatan|spe|1
|-start|p1a: Spatan|move: No Retreat
|move|p2a: Venusaur|Earth Power|p1b: King gamble
|-supereffective|p1b: King gamble|1
|-damage|p1b: King gamble|43/100
|
|upkeep
|turn|2
|inactive|DanteRush has 30 seconds left.
|
|t:|1784988148
|move|p1b: King gamble|Sucker Punch|p2a: Venusaur
|-damage|p2a: Venusaur|59/100
|move|p1a: Spatan|Brick Break|p2b: Archaludon
|-supereffective|p2b: Archaludon|1
|-damage|p2b: Archaludon|8/100
|-ability|p2b: Archaludon|Stamina|boost
|-boost|p2b: Archaludon|def|1
|move|p2a: Venusaur|Earth Power|p1b: King gamble
|-supereffective|p1b: King gamble|1
|-damage|p1b: King gamble|0 fnt
|faint|p1b: King gamble
|move|p2b: Archaludon|Dragon Pulse|p1a: Spatan
|-damage|p1a: Spatan|54/100
|
|-heal|p2b: Archaludon|14/100|[from] item: Leftovers
|upkeep
|
|t:|1784988160
|switch|p1b: nam-cha|Sinistcha, L50|100/100
|-heal|p1a: Spatan|79/100|[from] ability: Hospitality|[of] p1b: nam-cha
|turn|3
|
|t:|1784988174
|move|p1a: Spatan|Brick Break|p2b: Archaludon
|-supereffective|p2b: Archaludon|1
|-damage|p2b: Archaludon|0 fnt
|faint|p2b: Archaludon
|move|p2a: Venusaur|Sludge Bomb|p1b: nam-cha
|-crit|p1b: nam-cha
|-damage|p1b: nam-cha|37/100
|move|p1b: nam-cha|Life Dew|p1b: nam-cha|[spread] p1a,p1b
|-heal|p1a: Spatan|100/100
|-heal|p1b: nam-cha|62/100
|
|upkeep
|
|t:|1784988197
|switch|p2b: Basculegion|Basculegion, L50, M|100/100
|turn|4
|
|t:|1784988209
|move|p1b: nam-cha|Rage Powder|p1b: nam-cha
|-singleturn|p1b: nam-cha|move: Rage Powder
|move|p1a: Spatan|Knock Off|p2b: Basculegion
|-supereffective|p2b: Basculegion|1
|-damage|p2b: Basculegion|0 fnt
|-enditem|p2b: Basculegion|Choice Scarf|[from] move: Knock Off|[of] p1a: Spatan
|faint|p2b: Basculegion
|move|p2a: Venusaur|Sludge Bomb|p1b: nam-cha
|-crit|p1b: nam-cha
|-damage|p1b: nam-cha|1/100
|
|upkeep
|
|t:|1784988214
|switch|p2b: Pelipper|Pelipper, L50, F|100/100
|-weather|RainDance|[from] ability: Drizzle|[of] p2b: Pelipper
|turn|5
|
|t:|1784988232
|move|p1b: nam-cha|Rage Powder|p1b: nam-cha
|-singleturn|p1b: nam-cha|move: Rage Powder
|move|p1a: Spatan|Knock Off|p2b: Pelipper
|-damage|p2b: Pelipper|35/100
|-enditem|p2b: Pelipper|Focus Sash|[from] move: Knock Off|[of] p1a: Spatan
|move|p2a: Venusaur|Sludge Bomb|p1b: nam-cha
|-damage|p1b: nam-cha|0 fnt
|faint|p1b: nam-cha
|move|p2b: Pelipper|Tailwind|p2b: Pelipper
|-sidestart|p2: DanteRush|move: Tailwind
|
|-weather|RainDance|[upkeep]
|upkeep
|
|t:|1784988244
|switch|p1b: dang|Basculegion, L50, M|100/100
|turn|6
|
|t:|1784988259
|move|p2b: Pelipper|Protect|p2b: Pelipper
|-singleturn|p2b: Pelipper|Protect
|move|p1b: dang|Aqua Jet|p2b: Pelipper
|-activate|p2b: Pelipper|move: Protect
|move|p2a: Venusaur|Giga Drain|p1b: dang
|-supereffective|p1b: dang|1
|-damage|p1b: dang|12/100
|-heal|p2a: Venusaur|100/100|[from] drain|[of] p1b: dang
|move|p1a: Spatan|Iron Head|p2a: Venusaur
|-crit|p2a: Venusaur
|-damage|p2a: Venusaur|47/100
|
|-weather|RainDance|[upkeep]
|upkeep
|turn|7
|
|t:|1784988277
|move|p1b: dang|Aqua Jet|p2b: Pelipper
|-resisted|p2b: Pelipper|1
|-damage|p2b: Pelipper|13/100
|move|p2a: Venusaur|Giga Drain|p1b: dang
|-supereffective|p1b: dang|1
|-damage|p1b: dang|0 fnt
|-heal|p2a: Venusaur|54/100|[from] drain|[of] p1b: dang
|faint|p1b: dang
|move|p1a: Spatan|Iron Head|p2a: Venusaur
|-crit|p2a: Venusaur
|-damage|p2a: Venusaur|0 fnt
|faint|p2a: Venusaur
|move|p2b: Pelipper|Hurricane|p1a: Spatan
|-supereffective|p1a: Spatan|1
|-damage|p1a: Spatan|0 fnt
|faint|p1a: Spatan
|
|win|DanteRush
|l|☆boomnoimai
|player|p1|
|inactive|boomnoimai has 30 seconds to confirm battle start!
|inactive|DanteRush has 30 seconds to confirm battle start!
||DanteRush is ready for game 2.
|raw|boomnoimai's rating: 1000 → 1000(+0 for losing)
|raw|DanteRush's rating: 1045 → 1074(+29 for winning)
