|j|☆Welosethose!
|j|☆LemonLimeScizor
|html|Welosethose!LemonLimeScizor    
|uhtml|bestof|Game 2 of a best-of-3
|t:|1756859053
|gametype|doubles
|player|p1|Welosethose!|hilbert|1244
|player|p2|LemonLimeScizor|drayden|1082
|gen|9
|tier|[Gen 9] VGC 2025 Reg H (Bo3)
|rated|
|rule|Species Clause: Limit one of each Pokémon
|rule|Item Clause: Limit 1 of each item
|clearpoke
|poke|p1|Politoed, L50, M|
|poke|p1|Gothitelle, L50, F|
|poke|p1|Kingdra, L50, F|
|poke|p1|Archaludon, L50, F|
|poke|p1|Amoonguss, L50, M|
|poke|p1|Incineroar, L50, M|
|poke|p2|Scizor, L50, M|
|poke|p2|Murkrow, L50, M|
|poke|p2|Archaludon, L50, M|
|poke|p2|Primarina, L50, F|
|poke|p2|Rillaboom, L50, F|
|poke|p2|Incineroar, L50, M|
|teampreview|4
|showteam|p1|Politoed||Leftovers|Drizzle|WeatherBall,Encore,PerishSong,Protect|||M|||50|,,,,,Grass]Gothitelle||SitrusBerry|ShadowTag|FakeOut,Psychic,TrickRoom,Protect|||F|||50|,,,,,Dark]Kingdra||LifeOrb|SwiftSwim|WeatherBall,MuddyWater,DracoMeteor,Protect|||F|||50|,,,,,Stellar]Archaludon||PowerHerb|Sturdy|ElectroShot,FlashCannon,DragonPulse,Protect|||F|||50|,,,,,Electric]Amoonguss||EjectButton|Regenerator|PollenPuff,Spore,RagePowder,Protect|||M|||50|,,,,,Fairy]Incineroar||SafetyGoggles|Intimidate|FakeOut,KnockOff,PartingShot,Protect|||M|||50|,,,,,Ghost
|showteam|p2|Scizor||ChoiceBand|Technician|BulletPunch,Uturn,TeraBlast,CloseCombat|||M|||50|,,,,,Fire]Murkrow||Eviolite|Prankster|Haze,Taunt,Tailwind,FoulPlay|||M|||50|,,,,,Dark]Archaludon||PowerHerb|Sturdy|ElectroShot,FlashCannon,Protect,DracoMeteor|||M|||50|,,,,,Electric]Primarina||ThroatSpray|LiquidVoice|HyperVoice,Reflect,Moonblast,LifeDew|||F|||50|,,,,,Water]Rillaboom||AssaultVest|GrassySurge|GrassyGlide,FakeOut,WoodHammer,HighHorsepower|||F|||50|,,,,,Poison]Incineroar||SafetyGoggles|Intimidate|KnockOff,PartingShot,Protect,DarkestLariat|||M|||50|,,,,,Ghost
|
|t:|1756859069
|teamsize|p1|4
|teamsize|p2|4
|start
|switch|p1a: Gothitelle|Gothitelle, L50, F|100/100
|switch|p1b: Archaludon|Archaludon, L50, F|100/100
|switch|p2a: Rillaboom|Rillaboom, L50, F|100/100
|switch|p2b: Incineroar|Incineroar, L50, M|100/100
|-fieldstart|move: Grassy Terrain|[from] ability: Grassy Surge|[of] p2a: Rillaboom
|-ability|p2b: Incineroar|Intimidate|boost
|-unboost|p1a: Gothitelle|atk|1
|-unboost|p1b: Archaludon|atk|1
|turn|1
|
|t:|1756859082
|move|p1b: Archaludon|Protect|p1b: Archaludon
|-singleturn|p1b: Archaludon|Protect
|move|p1a: Gothitelle|Protect|p1a: Gothitelle
|-singleturn|p1a: Gothitelle|Protect
|move|p2a: Rillaboom|Fake Out|p1b: Archaludon
|-activate|p1b: Archaludon|move: Protect
|move|p2b: Incineroar|Knock Off|p1a: Gothitelle
|-activate|p1a: Gothitelle|move: Protect
|
|upkeep
|turn|2
|
|t:|1756859095
|switch|p1a: Incineroar|Incineroar, L50, M|100/100
|-ability|p1a: Incineroar|Intimidate|boost
|-unboost|p2a: Rillaboom|atk|1
|-unboost|p2b: Incineroar|atk|1
|-terastallize|p1b: Archaludon|Electric
|move|p1b: Archaludon|Electro Shot||[still]
|-prepare|p1b: Archaludon|Electro Shot
|-boost|p1b: Archaludon|spa|1
|-enditem|p1b: Archaludon|Power Herb
|-anim|p1b: Archaludon|Electro Shot|p2b: Incineroar
|-damage|p2b: Incineroar|38/100
|move|p2a: Rillaboom|High Horsepower|p1b: Archaludon
|-supereffective|p1b: Archaludon
|-crit|p1b: Archaludon
|-damage|p1b: Archaludon|23/100
|move|p2b: Incineroar|Knock Off|p1a: Incineroar
|-resisted|p1a: Incineroar
|-damage|p1a: Incineroar|90/100
|-enditem|p1a: Incineroar|Safety Goggles|[from] move: Knock Off|[of] p2b: Incineroar
|
|-heal|p1b: Archaludon|29/100|[from] Grassy Terrain
|-heal|p2b: Incineroar|44/100|[from] Grassy Terrain
|-heal|p1a: Incineroar|96/100|[from] Grassy Terrain
|upkeep
|turn|3
|
|t:|1756859118
|switch|p2b: Archaludon|Archaludon, L50, M|100/100
|move|p1a: Incineroar|Fake Out|p2a: Rillaboom
|-damage|p2a: Rillaboom|90/100
|move|p1b: Archaludon|Dragon Pulse|p2b: Archaludon
|-damage|p2b: Archaludon|3/100
|cant|p2a: Rillaboom|flinch
|
|-heal|p1b: Archaludon|35/100|[from] Grassy Terrain
|-heal|p2b: Archaludon|9/100|[from] Grassy Terrain
|-heal|p2a: Rillaboom|96/100|[from] Grassy Terrain
|-heal|p1a: Incineroar|100/100|[from] Grassy Terrain
|upkeep
|turn|4
|
|t:|1756859131
|move|p1b: Archaludon|Protect|p1b: Archaludon
|-singleturn|p1b: Archaludon|Protect
|move|p2b: Archaludon|Protect|p2b: Archaludon
|-singleturn|p2b: Archaludon|Protect
|move|p2a: Rillaboom|High Horsepower|p1b: Archaludon
|-activate|p1b: Archaludon|move: Protect
|move|p1a: Incineroar|Parting Shot|p2a: Rillaboom
|-unboost|p2a: Rillaboom|atk|1
|-unboost|p2a: Rillaboom|spa|1
|
|t:|1756859140
|switch|p1a: Gothitelle|Gothitelle, L50, F|100/100|[from] Parting Shot
|
|-heal|p1b: Archaludon|41/100|[from] Grassy Terrain
|-heal|p2b: Archaludon|15/100|[from] Grassy Terrain
|-heal|p2a: Rillaboom|100/100|[from] Grassy Terrain
|upkeep
|turn|5
|
|t:|1756859153
|move|p1a: Gothitelle|Fake Out|p2a: Rillaboom
|-damage|p2a: Rillaboom|95/100
|move|p1b: Archaludon|Dragon Pulse|p2b: Archaludon
|-damage|p2b: Archaludon|0 fnt
|faint|p2b: Archaludon
|cant|p2a: Rillaboom|flinch
|
|-heal|p1b: Archaludon|47/100|[from] Grassy Terrain
|-heal|p2a: Rillaboom|100/100|[from] Grassy Terrain
|-fieldend|move: Grassy Terrain
|upkeep
|
|t:|1756859163
|switch|p2b: Primarina|Primarina, L50, F|100/100
|turn|6
|
|t:|1756859175
|switch|p1a: Incineroar|Incineroar, L50, M|100/100
|-ability|p1a: Incineroar|Intimidate|boost
|-unboost|p2a: Rillaboom|atk|1
|-unboost|p2b: Primarina|atk|1
|move|p1b: Archaludon|Protect|p1b: Archaludon
|-singleturn|p1b: Archaludon|Protect
|move|p2a: Rillaboom|High Horsepower|p1b: Archaludon
|-activate|p1b: Archaludon|move: Protect
|move|p2b: Primarina|Hyper Voice|p1b: Archaludon|[spread] p1a
|-activate|p1b: Archaludon|move: Protect
|-supereffective|p1a: Incineroar
|-damage|p1a: Incineroar|65/100
|-enditem|p2b: Primarina|Throat Spray
|-boost|p2b: Primarina|spa|1|[from] item: Throat Spray
|
|upkeep
|turn|7
|
|t:|1756859194
|switch|p2a: Incineroar|Incineroar, L50, M|44/100
|-ability|p2a: Incineroar|Intimidate|boost
|-unboost|p1a: Incineroar|atk|1
|-unboost|p1b: Archaludon|atk|1
|-terastallize|p2b: Primarina|Water
|move|p1a: Incineroar|Fake Out|p2a: Incineroar
|-damage|p2a: Incineroar|37/100
|move|p1b: Archaludon|Flash Cannon|p2b: Primarina
|-resisted|p2b: Primarina
|-crit|p2b: Primarina
|-damage|p2b: Primarina|72/100
|move|p2b: Primarina|Hyper Voice|p1a: Incineroar|[spread] p1a,p1b
|-supereffective|p1a: Incineroar
|-damage|p1a: Incineroar|0 fnt
|-damage|p1b: Archaludon|0 fnt
|faint|p1a: Incineroar
|faint|p1b: Archaludon
|
|upkeep
|
|t:|1756859201
|switch|p1b: Gothitelle|Gothitelle, L50, F|100/100
|switch|p1a: Politoed|Politoed, L50, M|100/100
|-weather|RainDance|[from] ability: Drizzle|[of] p1a: Politoed
|turn|8
|
|t:|1756859216
|move|p1a: Politoed|Weather Ball|p2a: Incineroar
|-supereffective|p2a: Incineroar
|-damage|p2a: Incineroar|0 fnt
|faint|p2a: Incineroar
|move|p2b: Primarina|Moonblast|p1b: Gothitelle
|-damage|p1b: Gothitelle|54/100
|move|p1b: Gothitelle|Trick Room|p1b: Gothitelle
|-fieldstart|move: Trick Room|[of] p1b: Gothitelle
|
|-weather|RainDance|[upkeep]
|upkeep
|
|t:|1756859224
|switch|p2a: Rillaboom|Rillaboom, L50, F|100/100
|-fieldstart|move: Grassy Terrain|[from] ability: Grassy Surge|[of] p2a: Rillaboom
|turn|9
|
|t:|1756859232
|move|p2a: Rillaboom|Fake Out|p1a: Politoed
|-damage|p1a: Politoed|86/100
|move|p2b: Primarina|Hyper Voice|p1b: Gothitelle|[spread] p1a,p1b
|-resisted|p1a: Politoed
|-crit|p1b: Gothitelle
|-damage|p1a: Politoed|52/100
|-damage|p1b: Gothitelle|0 fnt
|faint|p1b: Gothitelle
|cant|p1a: Politoed|flinch
|
|-weather|RainDance|[upkeep]
|-heal|p2b: Primarina|78/100|[from] Grassy Terrain
|-heal|p1a: Politoed|58/100|[from] Grassy Terrain
|-heal|p1a: Politoed|64/100|[from] item: Leftovers
|upkeep
|turn|10
|c|☆Welosethose!|rename yourself the crit man
|c|☆Welosethose!|cause man
|-message|Welosethose! forfeited.
|
|win|LemonLimeScizor
|raw|Welosethose!'s rating: 1244 → 1208(-36 for losing)
|raw|LemonLimeScizor's rating: 1082 → 1122(+40 for winning)
|c|☆LemonLimeScizor|ggs
|c|☆LemonLimeScizor|i did get lucky
|c|☆Welosethose!|its just time for me to take a break
|c|☆Welosethose!|thats how the game tells me
|c|☆LemonLimeScizor|relatable
|l|☆LemonLimeScizor
|player|p2|
|c|☆Welosethose!|-1 116+ Atk Rillaboom High Horsepower vs. 4 HP / 0 Def Archaludon: 56-68 (33.7 - 40.9%) -- 51.2% chance to 3HKO after Grassy Terrain recovery
