|j|☆sorecruiser
|j|☆xx_junior_rx7_xx
|html|sorecruiserxx_junior_rx7_xx    
|uhtml|bestof|Game 2 of a best-of-3
|t:|1756528782
|gametype|doubles
|player|p1|sorecruiser|furisodegirl-black|1040
|player|p2|xx_junior_rx7_xx|2|1070
|gen|9
|tier|[Gen 9] VGC 2025 Reg H (Bo3)
|rated|
|rule|Species Clause: Limit one of each Pokémon
|rule|Item Clause: Limit 1 of each item
|clearpoke
|poke|p1|Clefable, L50, F|
|poke|p1|Garchomp, L50, M|
|poke|p1|Whimsicott, L50, M|
|poke|p1|Hydreigon, L50, M|
|poke|p1|Annihilape, L50, F|
|poke|p1|Gholdengo, L50|
|poke|p2|Tyranitar, L50, F|
|poke|p2|Excadrill, L50, F|
|poke|p2|Magmar, L50, F|
|poke|p2|Sneasler, L50, M|
|poke|p2|Corviknight, L50, F|
|poke|p2|Indeedee, L50, M|
|teampreview|4
|showteam|p1|Clefable||SitrusBerry|Unaware|FollowMe,Moonblast,MistyTerrain,Protect|||F|||50|,,,,,Water]Garchomp||LifeOrb|RoughSkin|StompingTantrum,DragonClaw,Earthquake,Protect|||M|||50|,,,,,Ground]Whimsicott||FocusSash|Prankster|Moonblast,Encore,Tailwind,SunnyDay|||M|||50|,,,,,Ghost]Hydreigon||ChoiceSpecs|Levitate|DarkPulse,DracoMeteor,Snarl,HeatWave|||M|||50|,,,,,Fire]Annihilape||Leftovers|Defiant|RageFist,DrainPunch,BulkUp,Protect|||F|||50|,,,,,Water]Gholdengo||IronPlate|GoodasGold|MakeItRain,ShadowBall,NastyPlot,Protect||||||50|,,,,,Steel
|showteam|p2|Tyranitar||AssaultVest|SandStream|RockSlide,KnockOff,LowKick,TeraBlast|||F|||50|,,,,,Flying]Excadrill||FocusSash|SandRush|EarthPower,IronHead,SwordsDance,Protect|||F|||50|,,,,,Ground]Magmar||Eviolite|VitalSpirit|Protect,HelpingHand,FollowMe,HeatWave|||F|||50|,,,,,Ghost]Sneasler||WhiteHerb|Unburden|FakeOut,CloseCombat,DireClaw,Coaching|||M|||50|,,,,,Flying]Corviknight||PsychicSeed|MirrorArmor|BraveBird,PowerTrip,BulkUp,Roost|||F|||50|,,,,,Water]Indeedee||ChoiceScarf|PsychicSurge|ExpandingForce,TeraBlast,Trick,Protect|||M|||50|,,,,,Psychic
|c|☆sorecruiser|lol
|
|t:|1756528849
|teamsize|p1|4
|teamsize|p2|4
|start
|switch|p1a: Whimsicott|Whimsicott, L50, M|100/100
|switch|p1b: Gholdengo|Gholdengo, L50|100/100
|switch|p2a: Magmar|Magmar, L50, F|100/100
|switch|p2b: Corviknight|Corviknight, L50, F|100/100
|turn|1
|inactive|Battle timer is ON: inactive players will automatically lose when time's up. (requested by sorecruiser)
|inactive|sorecruiser has 60 seconds left.
|inactive|sorecruiser has 30 seconds left.
|
|t:|1756528913
|switch|p1b: Hydreigon|Hydreigon, L50, M|100/100
|move|p1a: Whimsicott|Moonblast|p2a: Magmar
|-resisted|p2a: Magmar
|-damage|p2a: Magmar|88/100
|move|p2a: Magmar|Heat Wave|p1a: Whimsicott|[spread] p1b
|-miss|p2a: Magmar|p1a: Whimsicott
|-resisted|p1b: Hydreigon
|-damage|p1b: Hydreigon|85/100
|move|p2b: Corviknight|Bulk Up|p2b: Corviknight
|-boost|p2b: Corviknight|atk|1
|-boost|p2b: Corviknight|def|1
|
|upkeep
|turn|2
|inactive|xx_junior_rx7_xx has 30 seconds left.
|
|t:|1756528940
|switch|p2a: Tyranitar|Tyranitar, L50, F|100/100
|-weather|Sandstorm|[from] ability: Sand Stream|[of] p2a: Tyranitar
|-terastallize|p1b: Hydreigon|Fire
|-terastallize|p2b: Corviknight|Water
|move|p1a: Whimsicott|Encore|p2b: Corviknight
|-start|p2b: Corviknight|Encore
|move|p1b: Hydreigon|Heat Wave|p2a: Tyranitar|[spread] p2a,p2b
|-resisted|p2a: Tyranitar
|-resisted|p2b: Corviknight
|-damage|p2a: Tyranitar|90/100
|-damage|p2b: Corviknight|73/100
|move|p2b: Corviknight|Bulk Up|p2b: Corviknight
|-boost|p2b: Corviknight|atk|1
|-boost|p2b: Corviknight|def|1
|
|-weather|Sandstorm|[upkeep]
|-damage|p1a: Whimsicott|95/100|[from] Sandstorm
|-damage|p1b: Hydreigon|79/100|[from] Sandstorm
|-damage|p2b: Corviknight|67/100|[from] Sandstorm
|upkeep
|turn|3
|inactive|sorecruiser has 30 seconds left.
|inactive|sorecruiser has 20 seconds left.
|
|t:|1756528976
|switch|p1b: Gholdengo|Gholdengo, L50|100/100
|move|p1a: Whimsicott|Sunny Day|p1a: Whimsicott
|-weather|SunnyDay
|move|p2b: Corviknight|Bulk Up|p2b: Corviknight
|-boost|p2b: Corviknight|atk|1
|-boost|p2b: Corviknight|def|1
|move|p2a: Tyranitar|Rock Slide|p1a: Whimsicott|[spread] p1a,p1b
|-resisted|p1b: Gholdengo
|-damage|p1a: Whimsicott|50/100
|-damage|p1b: Gholdengo|82/100
|
|-weather|SunnyDay|[upkeep]
|upkeep
|turn|4
|
|t:|1756529001
|move|p1a: Whimsicott|Moonblast|p2a: Tyranitar
|-supereffective|p2a: Tyranitar
|-damage|p2a: Tyranitar|51/100
|-unboost|p2a: Tyranitar|spa|1
|move|p1b: Gholdengo|Shadow Ball|p2a: Tyranitar
|-resisted|p2a: Tyranitar
|-damage|p2a: Tyranitar|40/100
|move|p2b: Corviknight|Bulk Up|p2b: Corviknight
|-boost|p2b: Corviknight|atk|1
|-boost|p2b: Corviknight|def|1
|move|p2a: Tyranitar|Rock Slide|p1b: Gholdengo|[spread] p1a,p1b
|-resisted|p1b: Gholdengo
|-damage|p1a: Whimsicott|0 fnt
|-damage|p1b: Gholdengo|65/100
|faint|p1a: Whimsicott
|
|-weather|SunnyDay|[upkeep]
|-end|p2b: Corviknight|Encore
|upkeep
|
|t:|1756529015
|switch|p1a: Hydreigon|Hydreigon, L50, M, tera:Fire|79/100
|turn|5
|inactive|sorecruiser has 30 seconds left.
|
|t:|1756529047
|switch|p2a: Magmar|Magmar, L50, F|88/100
|move|p1a: Hydreigon|Dark Pulse|p2b: Corviknight
|-damage|p2b: Corviknight|13/100
|move|p1b: Gholdengo|Make It Rain|p2b: Corviknight|[spread] p2a,p2b
|-resisted|p2a: Magmar
|-resisted|p2b: Corviknight
|-crit|p2b: Corviknight
|-damage|p2a: Magmar|69/100
|-damage|p2b: Corviknight|0 fnt
|-unboost|p1b: Gholdengo|spa|1
|faint|p2b: Corviknight
|
|-weather|SunnyDay|[upkeep]
|upkeep
|
|t:|1756529059
|switch|p2b: Tyranitar|Tyranitar, L50, F|40/100
|-weather|Sandstorm|[from] ability: Sand Stream|[of] p2b: Tyranitar
|turn|6
|inactive|sorecruiser has 30 seconds left.
|inactive|sorecruiser has 20 seconds left.
|inactive|sorecruiser has 15 seconds left.
|inactive|sorecruiser has 10 seconds left.
|
|t:|1756529105
|move|p1a: Hydreigon|Dark Pulse|p2a: Magmar
|-damage|p2a: Magmar|25/100
|move|p1b: Gholdengo|Make It Rain|p2b: Tyranitar|[spread] p2a,p2b
|-resisted|p2a: Magmar
|-supereffective|p2b: Tyranitar
|-damage|p2a: Magmar|12/100
|-damage|p2b: Tyranitar|15/100
|-unboost|p1b: Gholdengo|spa|1
|move|p2a: Magmar|Heat Wave|p1b: Gholdengo|[spread] p1a,p1b
|-resisted|p1a: Hydreigon
|-supereffective|p1b: Gholdengo
|-damage|p1a: Hydreigon|63/100
|-damage|p1b: Gholdengo|10/100
|move|p2b: Tyranitar|Rock Slide|p1b: Gholdengo|[spread] p1a,p1b
|-supereffective|p1a: Hydreigon
|-resisted|p1b: Gholdengo
|-damage|p1a: Hydreigon|0 fnt
|-damage|p1b: Gholdengo|0 fnt
|faint|p1a: Hydreigon
|faint|p1b: Gholdengo
|
|-weather|Sandstorm|[upkeep]
|-damage|p2a: Magmar|6/100|[from] Sandstorm
|upkeep
|
|t:|1756529119
|switch|p1b: Clefable|Clefable, L50, F|100/100
|turn|7
|inactive|xx_junior_rx7_xx has 30 seconds left.
|
|t:|1756529148
|move|p2a: Magmar|Heat Wave|p1b: Clefable
|-damage|p1b: Clefable|70/100
|move|p2b: Tyranitar|Low Kick|p1b: Clefable
|-resisted|p1b: Clefable
|-damage|p1b: Clefable|61/100
|move|p1b: Clefable|Moonblast|p2b: Tyranitar
|-supereffective|p2b: Tyranitar
|-damage|p2b: Tyranitar|0 fnt
|faint|p2b: Tyranitar
|
|-weather|Sandstorm|[upkeep]
|-damage|p2a: Magmar|0 fnt|[from] Sandstorm
|-damage|p1b: Clefable|55/100|[from] Sandstorm
|faint|p2a: Magmar
|upkeep
|
|t:|1756529161
|switch|p2b: Sneasler|Sneasler, L50, M|100/100
|turn|8
|
|t:|1756529167
|move|p2b: Sneasler|Fake Out|p1b: Clefable
|-damage|p1b: Clefable|44/100
|-enditem|p1b: Clefable|Sitrus Berry|[eat]
|-heal|p1b: Clefable|68/100|[from] item: Sitrus Berry
|cant|p1b: Clefable|flinch
|
|-weather|Sandstorm|[upkeep]
|-damage|p2b: Sneasler|95/100|[from] Sandstorm
|-damage|p1b: Clefable|62/100|[from] Sandstorm
|upkeep
|turn|9
|
|t:|1756529176
|move|p1b: Clefable|Protect|p1b: Clefable
|-singleturn|p1b: Clefable|Protect
|move|p2b: Sneasler|Dire Claw|p1b: Clefable
|-activate|p1b: Clefable|move: Protect
|
|-weather|Sandstorm|[upkeep]
|-damage|p2b: Sneasler|89/100|[from] Sandstorm
|-damage|p1b: Clefable|56/100|[from] Sandstorm
|upkeep
|turn|10
|
|t:|1756529190
|move|p2b: Sneasler|Dire Claw|p1b: Clefable
|-supereffective|p1b: Clefable
|-damage|p1b: Clefable|0 fnt
|faint|p1b: Clefable
|
|win|xx_junior_rx7_xx
