|j|☆Dungx showdown
|j|☆Yankiken
|html|Dungx showdownYankiken    
|uhtml|bestof|Game 1 of a best-of-3
|t:|1757079292
|gametype|doubles
|player|p1|Dungx showdown|1|
|player|p2|Yankiken|unknown|
|gen|9
|tier|[Gen 9] VGC 2025 Reg H (Bo3)
|rule|Species Clause: Limit one of each Pokémon
|rule|Item Clause: Limit 1 of each item
|clearpoke
|poke|p1|Whimsicott, L50, F|
|poke|p1|Gholdengo, L50|
|poke|p1|Ursaluna-Bloodmoon, L50, M|
|poke|p1|Pelipper, L50, M|
|poke|p1|Archaludon, L50, M|
|poke|p1|Basculegion, L50, M|
|poke|p2|Charizard, L50, F|
|poke|p2|Torkoal, L50, F|
|poke|p2|Porygon2, L50|
|poke|p2|Incineroar, L50, M|
|poke|p2|Jumpluff, L50, F|
|poke|p2|Ursaluna, L50, M|
|teampreview|4
|showteam|p1|Whimsicott||CovertCloak|Prankster|Moonblast,Taunt,FakeTears,Tailwind|||F|||50|,,,,,Steel]Gholdengo||LifeOrb|GoodasGold|MakeItRain,ShadowBall,TeraBlast,Protect||||||50|,,,,,Fighting]Ursaluna-Bloodmoon||AssaultVest|MindsEye|HyperVoice,BloodMoon,EarthPower,VacuumWave|||M|||50|,,,,,Fighting]Pelipper||RockyHelmet|Drizzle|WeatherBall,Hurricane,MuddyWater,WideGuard|||M|||50|,,,,,Steel]Archaludon||PowerHerb|Sturdy|ElectroShot,DracoMeteor,FlashCannon,Protect|||M|||50|,,,,,Electric]Basculegion||ChoiceBand|Adaptability|Liquidation,LastRespects,AquaJet,Protect|||M|||50|,,,,,Ghost
|showteam|p2|Charizard||ChoiceSpecs|SolarPower|HeatWave,Overheat,WeatherBall,AirSlash|||F|||50|,,,,,Ghost]Torkoal||EjectPack|Drought|Eruption,Overheat,HelpingHand,Protect|||F|||50|,,,,,Fire]Porygon2||Eviolite|Download|IceBeam,TeraBlast,TrickRoom,Recover||||||50|,,,,,Fighting]Incineroar||SitrusBerry|Intimidate|FlareBlitz,KnockOff,FakeOut,PartingShot|||M|||50|,,,,,Ghost]Jumpluff||CovertCloak|Chlorophyll|SleepPowder,SunnyDay,RagePowder,Tailwind|||F|||50|,,,,,Water]Ursaluna||FlameOrb|Guts|HeadlongRush,Facade,Earthquake,Protect|||M|||50|,,,,,Ghost
|inactive|Battle timer is ON: inactive players will automatically lose when time's up. (requested by Yankiken)
|inactive|Dungx showdown has 60 seconds left.
|
|t:|1757079327
|teamsize|p1|4
|teamsize|p2|4
|start
|switch|p1a: Whimsicott|Whimsicott, L50, F|100/100
|switch|p1b: Archaludon|Archaludon, L50, M|100/100
|switch|p2a: Torkoal|Torkoal, L50, F|100/100
|switch|p2b: Jumpluff|Jumpluff, L50, F|100/100
|-weather|SunnyDay|[from] ability: Drought|[of] p2a: Torkoal
|turn|1
|inactive|Yankiken has 30 seconds left.
|inactive|Yankiken has 20 seconds left.
|
|t:|1757079366
|move|p1a: Whimsicott|Tailwind|p1a: Whimsicott
|-sidestart|p1: Dungx showdown|move: Tailwind
|move|p2b: Jumpluff|Tailwind|p2b: Jumpluff
|-sidestart|p2: Yankiken|move: Tailwind
|move|p1b: Archaludon|Electro Shot||[still]
|-prepare|p1b: Archaludon|Electro Shot
|-boost|p1b: Archaludon|spa|1
|-enditem|p1b: Archaludon|Power Herb
|-anim|p1b: Archaludon|Electro Shot|p2b: Jumpluff
|-damage|p2b: Jumpluff|25/100
|move|p2a: Torkoal|Overheat|p1a: Whimsicott|[miss]
|-miss|p2a: Torkoal|p1a: Whimsicott
|
|-weather|SunnyDay|[upkeep]
|upkeep
|turn|2
|inactive|Dungx showdown has 30 seconds left.
|
|t:|1757079394
|switch|p2b: Ursaluna|Ursaluna, L50, M|100/100
|switch|p1a: Pelipper|Pelipper, L50, M|100/100
|-weather|RainDance|[from] ability: Drizzle|[of] p1a: Pelipper
|move|p1b: Archaludon|Electro Shot||[still]
|-prepare|p1b: Archaludon|Electro Shot
|-boost|p1b: Archaludon|spa|1
|-anim|p1b: Archaludon|Electro Shot|p2a: Torkoal
|-damage|p2a: Torkoal|0 fnt
|faint|p2a: Torkoal
|
|-weather|RainDance|[upkeep]
|-status|p2b: Ursaluna|brn|[from] item: Flame Orb
|upkeep
|
|t:|1757079410
|switch|p2a: Jumpluff|Jumpluff, L50, F|25/100
|turn|3
|
|t:|1757079427
|move|p2a: Jumpluff|Sunny Day|p2a: Jumpluff
|-weather|SunnyDay
|move|p1b: Archaludon|Flash Cannon|p2b: Ursaluna
|-damage|p2b: Ursaluna|21/100 brn
|move|p1a: Pelipper|Muddy Water|p2a: Jumpluff|[spread] p2a,p2b
|-resisted|p2a: Jumpluff
|-supereffective|p2b: Ursaluna
|-damage|p2a: Jumpluff|17/100
|-damage|p2b: Ursaluna|0 fnt
|faint|p2b: Ursaluna
|
|-weather|SunnyDay|[upkeep]
|upkeep
|
|t:|1757079431
|switch|p2b: Charizard|Charizard, L50, F|100/100
|turn|4
|inactive|Dungx showdown has 30 seconds left.
|inactive|Dungx showdown has 20 seconds left.
|
|t:|1757079470
|switch|p1a: Basculegion|Basculegion, L50, M|100/100
|move|p2a: Jumpluff|Sleep Powder|p1a: Basculegion
|-status|p1a: Basculegion|slp|[from] move: Sleep Powder
|move|p2b: Charizard|Heat Wave|p1b: Archaludon|[spread] p1a,p1b
|-resisted|p1a: Basculegion
|-damage|p1a: Basculegion|35/100 slp
|-ability|p1b: Archaludon|Sturdy
|-damage|p1b: Archaludon|1/100
|move|p1b: Archaludon|Flash Cannon|p2a: Jumpluff
|-damage|p2a: Jumpluff|0 fnt
|faint|p2a: Jumpluff
|
|-weather|SunnyDay|[upkeep]
|-damage|p2b: Charizard|88/100|[from] ability: Solar Power|[of] p2b: Charizard
|-sideend|p1: Dungx showdown|move: Tailwind
|-sideend|p2: Yankiken|move: Tailwind
|upkeep
|turn|5
|inactive|Dungx showdown has 30 seconds left.
|
|t:|1757079498
|move|p1b: Archaludon|Protect|p1b: Archaludon
|-singleturn|p1b: Archaludon|Protect
|move|p2b: Charizard|Heat Wave|p1b: Archaludon|[spread] p1a
|-activate|p1b: Archaludon|move: Protect
|-resisted|p1a: Basculegion
|-damage|p1a: Basculegion|0 fnt
|faint|p1a: Basculegion
|
|-weather|SunnyDay|[upkeep]
|-damage|p2b: Charizard|76/100|[from] ability: Solar Power|[of] p2b: Charizard
|upkeep
|
|t:|1757079505
|switch|p1a: Whimsicott|Whimsicott, L50, F|100/100
|turn|6
|
|t:|1757079513
|switch|p1b: Pelipper|Pelipper, L50, M|100/100
|-weather|RainDance|[from] ability: Drizzle|[of] p1b: Pelipper
|move|p1a: Whimsicott|Tailwind|p1a: Whimsicott
|-sidestart|p1: Dungx showdown|move: Tailwind
|move|p2b: Charizard|Heat Wave|p1b: Pelipper|[spread] p1a,p1b
|-supereffective|p1a: Whimsicott
|-resisted|p1b: Pelipper
|-damage|p1a: Whimsicott|42/100
|-damage|p1b: Pelipper|85/100
|
|-weather|RainDance|[upkeep]
|upkeep
|turn|7
|
|t:|1757079528
|move|p1a: Whimsicott|Fake Tears|p2b: Charizard
|-unboost|p2b: Charizard|spd|2
|move|p1b: Pelipper|Weather Ball|p2b: Charizard
|-supereffective|p2b: Charizard
|-damage|p2b: Charizard|0 fnt
|faint|p2b: Charizard
|
|win|Dungx showdown
|l|☆Yankiken
|player|p2|
||Yankiken is ready for game 2.
||Dungx showdown is ready for game 2.
|uhtml|next|Next: Game 2 of 3
|l|☆Dungx showdown
|player|p1|
|j|☆Dungx showdown
|player|p1|Dungx showdown|1|
