|j|☆lukashz
|j|☆ParroTiest
|html|lukashzParroTiest    
|uhtml|bestof|Game 3 of a best-of-3
|t:|1782961454
|gametype|doubles
|player|p1|lukashz|elesa|1288
|player|p2|ParroTiest|wallace|1252
|gen|9
|tier|[Gen 9 Champions] VGC 2026 Reg M-B (Bo3)
|rated|
|rule|Species Clause: Limit one of each Pokémon
|rule|Item Clause: Limit 1 of each item
|clearpoke
|poke|p1|Chandelure, L50, F|
|poke|p1|Kangaskhan, L50, F|
|poke|p1|Basculegion, L50, M|
|poke|p1|Sylveon, L50, F|
|poke|p1|Kingambit, L50, F|
|poke|p1|Sneasler, L50, F|
|poke|p2|Grimmsnarl, L50, M|
|poke|p2|Swampert, L50, F|
|poke|p2|Pelipper, L50, M|
|poke|p2|Archaludon, L50, F|
|poke|p2|Gholdengo, L50|
|poke|p2|Venusaur, L50, M|
|teampreview|4
|showteam|p1|Chandelure||FocusSash|FlashFire|HeatWave,ShadowBall,TrickRoom,Taunt|Quiet||F|||50|]Kangaskhan||Kangaskhanite|InnerFocus|FakeOut,Facade,DoubleEdge,SuckerPunch|Brave||F|||50|]Basculegion||MysticWater|Adaptability|WaveCrash,LastRespects,AquaJet,Protect|Brave||M|||50|]Sylveon||FairyFeather|Pixilate|HyperVoice,Protect,HyperBeam,QuickAttack|Quiet||F|||50|]Kingambit||BlackGlasses|Defiant|KowtowCleave,SuckerPunch,IronHead,LowKick|Brave||F|||50|]Sneasler||MentalHerb|Unburden|FakeOut,Coaching,CloseCombat,DireClaw|Jolly||F|||50|
|showteam|p2|Grimmsnarl||LightClay|Prankster|PartingShot,Reflect,LightScreen,SpiritBreak|Calm||M|||50|]Swampert||Swampertite|Torrent|WaveCrash,Earthquake,IcePunch,Protect|Jolly||F|||50|]Pelipper||LifeOrb|Drizzle|WeatherBall,Hurricane,Tailwind,Protect|Modest||M|||50|]Archaludon||Leftovers|Stamina|FlashCannon,ElectroShot,DragonPulse,Protect|Modest||F|||50|]Gholdengo||SitrusBerry|GoodasGold|MakeItRain,ShadowBall,NastyPlot,Protect|Modest|||||50|]Venusaur||Venusaurite|Chlorophyll|GigaDrain,SludgeBomb,EarthPower,Protect|Modest||M|||50|
|inactive|Battle timer is ON: inactive players will automatically lose when time's up. (requested by ParroTiest)
|
|t:|1782961481
|teamsize|p1|4
|teamsize|p2|4
|start
|switch|p1a: Kangaskhan|Kangaskhan, L50, F|100/100
|switch|p1b: Chandelure|Chandelure, L50, F|100/100
|switch|p2a: Grimmsnarl|Grimmsnarl, L50, M|100/100
|switch|p2b: Archaludon|Archaludon, L50, F|100/100
|turn|1
|inactive|lukashz has 30 seconds left.
|inactive|lukashz has 20 seconds left.
|inactive|lukashz has 15 seconds left.
|
|t:|1782961523
|detailschange|p1a: Kangaskhan|Kangaskhan-Mega, L50, F
|-mega|p1a: Kangaskhan|Kangaskhan|Kangaskhanite
|move|p1a: Kangaskhan|Fake Out|p2a: Grimmsnarl
|-damage|p2a: Grimmsnarl|77/100
|-damage|p2a: Grimmsnarl|73/100
|-hitcount|p2a: Grimmsnarl|2
|cant|p2a: Grimmsnarl|flinch
|move|p2b: Archaludon|Dragon Pulse|p1b: Chandelure
|-damage|p1b: Chandelure|43/100
|move|p1b: Chandelure|Taunt|p2a: Grimmsnarl
|-start|p2a: Grimmsnarl|move: Taunt
|
|upkeep
|turn|2
|inactive|lukashz has 30 seconds left.
|
|t:|1782961551
|switch|p1b: Sylveon|Sylveon, L50, F|100/100
|switch|p2a: Pelipper|Pelipper, L50, M|100/100
|-weather|RainDance|[from] ability: Drizzle|[of] p2a: Pelipper
|move|p1a: Kangaskhan|Double-Edge|p2a: Pelipper
|-damage|p2a: Pelipper|26/100
|-crit|p2a: Pelipper
|-damage|p2a: Pelipper|4/100
|-hitcount|p2a: Pelipper|2
|-damage|p1a: Kangaskhan|75/100|[from] Recoil
|move|p2b: Archaludon|Electro Shot||[still]
|-prepare|p2b: Archaludon|Electro Shot
|-boost|p2b: Archaludon|spa|1
|-anim|p2b: Archaludon|Electro Shot|p1b: Sylveon
|-damage|p1b: Sylveon|45/100
|
|-weather|RainDance|[upkeep]
|upkeep
|turn|3
|inactive|lukashz has 30 seconds left.
|
|t:|1782961580
|move|p2a: Pelipper|Protect|p2a: Pelipper
|-singleturn|p2a: Pelipper|Protect
|move|p1b: Sylveon|Protect|p1b: Sylveon
|-singleturn|p1b: Sylveon|Protect
|move|p1a: Kangaskhan|Facade|p2a: Pelipper
|-activate|p2a: Pelipper|move: Protect
|move|p2b: Archaludon|Electro Shot||[still]
|-prepare|p2b: Archaludon|Electro Shot
|-boost|p2b: Archaludon|spa|1
|-anim|p2b: Archaludon|Electro Shot|p1b: Sylveon
|-activate|p1b: Sylveon|move: Protect
|
|-weather|RainDance|[upkeep]
|upkeep
|turn|4
|
|t:|1782961599
|switch|p2a: Grimmsnarl|Grimmsnarl, L50, M|73/100
|switch|p1b: Chandelure|Chandelure, L50, F|43/100
|move|p1a: Kangaskhan|Facade|p2a: Grimmsnarl
|-damage|p2a: Grimmsnarl|32/100
|-damage|p2a: Grimmsnarl|23/100
|-hitcount|p2a: Grimmsnarl|2
|move|p2b: Archaludon|Electro Shot||[still]
|-prepare|p2b: Archaludon|Electro Shot
|-boost|p2b: Archaludon|spa|1
|-anim|p2b: Archaludon|Electro Shot|p1b: Chandelure
|-crit|p1b: Chandelure
|-damage|p1b: Chandelure|0 fnt
|faint|p1b: Chandelure
|
|-weather|RainDance|[upkeep]
|upkeep
|
|t:|1782961619
|switch|p1b: Sylveon|Sylveon, L50, F|45/100
|turn|5
|
|t:|1782961627
|move|p2a: Grimmsnarl|Reflect|p2a: Grimmsnarl
|-sidestart|p2: ParroTiest|Reflect
|move|p1a: Kangaskhan|Facade|p2a: Grimmsnarl
|-damage|p2a: Grimmsnarl|0 fnt
|faint|p2a: Grimmsnarl
|move|p2b: Archaludon|Electro Shot||[still]
|-prepare|p2b: Archaludon|Electro Shot
|-boost|p2b: Archaludon|spa|1
|-anim|p2b: Archaludon|Electro Shot|p1b: Sylveon
|-damage|p1b: Sylveon|0 fnt
|faint|p1b: Sylveon
|
|-weather|RainDance|[upkeep]
|upkeep
|
|t:|1782961636
|switch|p2a: Swampert|Swampert, L50, F|100/100
|switch|p1b: Basculegion|Basculegion, L50, M|100/100
|turn|6
|
|t:|1782961647
|detailschange|p2a: Swampert|Swampert-Mega, L50, F
|-mega|p2a: Swampert|Swampert|Swampertite
|move|p2a: Swampert|Wave Crash|p1a: Kangaskhan
|-damage|p1a: Kangaskhan|0 fnt
|faint|p1a: Kangaskhan
|-damage|p2a: Swampert|73/100|[from] Recoil
|move|p2b: Archaludon|Electro Shot||[still]
|-prepare|p2b: Archaludon|Electro Shot
|-boost|p2b: Archaludon|spa|1
|-anim|p2b: Archaludon|Electro Shot|p1b: Basculegion
|-supereffective|p1b: Basculegion|1
|-damage|p1b: Basculegion|0 fnt
|faint|p1b: Basculegion
|
|win|ParroTiest
|raw|lukashz's rating: 1288 → 1260(-28 for losing)
|raw|ParroTiest's rating: 1252 → 1280(+28 for winning)
|l|☆ParroTiest
|player|p2|
