|j|☆powerstar7
|j|☆KodeBeast0526
|html|powerstar7KodeBeast0526    
|uhtml|bestof|Game 1 of a best-of-3
|t:|1783523703
|gametype|doubles
|player|p1|powerstar7|2|1092
|player|p2|KodeBeast0526|hiker|1197
|gen|9
|tier|[Gen 9 Champions] VGC 2026 Reg M-B (Bo3)
|rated|
|rule|Species Clause: Limit one of each Pokémon
|rule|Item Clause: Limit 1 of each item
|clearpoke
|poke|p1|Delphox, L50, M|
|poke|p1|Venusaur, L50, F|
|poke|p1|Ninetales-Alola, L50, F|
|poke|p1|Araquanid, L50, M|
|poke|p1|Incineroar, L50, M|
|poke|p1|Farigiraf, L50, F|
|poke|p2|Gengar, L50, F|
|poke|p2|Swampert, L50, M|
|poke|p2|Incineroar, L50, M|
|poke|p2|Politoed, L50, M|
|poke|p2|Archaludon, L50, M|
|poke|p2|Vivillon-Ocean, L50, M|
|teampreview|4
|showteam|p1|Delphox||Delphoxite|Blaze|NastyPlot,HeatWave,Psyshock,Protect|Timid||M|||50|]Venusaur||Venusaurite|Chlorophyll|GigaDrain,SludgeBomb,EarthPower,Protect|Modest||F|||50|]Ninetales-Alola||NeverMeltIce|SnowWarning|Encore,FreezeDry,Moonblast,Blizzard|Timid||F|||50|]Araquanid||MysticWater|WaterBubble|Liquidation,Infestation,WideGuard,Protect|Adamant||M|||50|]Incineroar||Charcoal|Intimidate|FakeOut,ThroatChop,FlareBlitz,PartingShot|Brave||M|||50|]Farigiraf||LifeOrb|ArmorTail|TrickRoom,CalmMind,HyperVoice,Psychic|Calm||F|||50|
|showteam|p2|Gengar||Gengarite|CursedBody|ShadowBall,PerishSong,SludgeBomb,Protect|Timid||F|||50|]Swampert||Swampertite|Torrent|WaveCrash,Earthquake,IcePunch,Protect|Adamant||M|||50|]Incineroar||PasshoBerry|Intimidate|ThroatChop,PartingShot,FakeOut,Protect|Sassy||M|||50|]Politoed||SitrusBerry|Drizzle|WeatherBall,PerishSong,Encore,Protect|Calm||M|||50|]Archaludon||Leftovers|Stamina|DragonPulse,FlashCannon,ElectroShot,Protect|Bold||M|||50|]Vivillon-Ocean||FocusSash|CompoundEyes|Hurricane,SleepPowder,RagePowder,Protect|Timid||M|||50|
|
|t:|1783523800
|teamsize|p1|4
|teamsize|p2|4
|start
|switch|p1a: Farigiraf|Farigiraf, L50, F|100/100
|switch|p1b: Venusaur|Venusaur, L50, F|100/100
|switch|p2a: Politoed|Politoed, L50, M|100/100
|switch|p2b: Gengar|Gengar, L50, F|100/100
|-weather|RainDance|[from] ability: Drizzle|[of] p2a: Politoed
|turn|1
|
|t:|1783523818
|detailschange|p2b: Gengar|Gengar-Mega, L50, F
|-mega|p2b: Gengar|Gengar|Gengarite
|detailschange|p1b: Venusaur|Venusaur-Mega, L50, F
|-mega|p1b: Venusaur|Venusaur|Venusaurite
|move|p2b: Gengar|Protect|p2b: Gengar
|-singleturn|p2b: Gengar|Protect
|move|p1b: Venusaur|Giga Drain|p2a: Politoed
|-supereffective|p2a: Politoed|1
|-crit|p2a: Politoed
|-damage|p2a: Politoed|13/100
|-enditem|p2a: Politoed|Sitrus Berry|[eat]
|-heal|p2a: Politoed|38/100|[from] item: Sitrus Berry
|move|p2a: Politoed|Perish Song|p2a: Politoed
|-start|p1a: Farigiraf|perish3|[silent]
|-start|p1b: Venusaur|perish3|[silent]
|-start|p2a: Politoed|perish3|[silent]
|-start|p2b: Gengar|perish3|[silent]
|-fieldactivate|move: Perish Song
|move|p1a: Farigiraf|Psychic|p2b: Gengar
|-activate|p2b: Gengar|move: Protect
|
|-weather|RainDance|[upkeep]
|-start|p2b: Gengar|perish3
|-start|p1b: Venusaur|perish3
|-start|p2a: Politoed|perish3
|-start|p1a: Farigiraf|perish3
|upkeep
|turn|2
|
|t:|1783523852
|switch|p2b: Archaludon|Archaludon, L50, M|100/100
|move|p1b: Venusaur|Earth Power|p2b: Archaludon
|-supereffective|p2b: Archaludon|1
|-damage|p2b: Archaludon|36/100
|-ability|p2b: Archaludon|Stamina|boost
|-boost|p2b: Archaludon|def|1
|move|p2a: Politoed|Weather Ball|p1a: Farigiraf
|-damage|p1a: Farigiraf|58/100
|move|p1a: Farigiraf|Hyper Voice|p2a: Politoed|[spread] p2a,p2b
|-resisted|p2b: Archaludon|1
|-damage|p2a: Politoed|13/100
|-damage|p2b: Archaludon|17/100
|-ability|p2b: Archaludon|Stamina|boost
|-boost|p2b: Archaludon|def|1
|-damage|p1a: Farigiraf|48/100|[from] item: Life Orb
|
|-weather|RainDance|[upkeep]
|-heal|p2b: Archaludon|23/100|[from] item: Leftovers
|-start|p1b: Venusaur|perish2
|-start|p2a: Politoed|perish2
|-start|p1a: Farigiraf|perish2
|upkeep
|turn|3
|
|t:|1783523873
|switch|p1b: Incineroar|Incineroar, L50, M|100/100
|-ability|p1b: Incineroar|Intimidate|boost
|-unboost|p2a: Politoed|atk|1
|-unboost|p2b: Archaludon|atk|1
|switch|p2a: Gengar|Gengar-Mega, L50, F|100/100
|switch|p1a: Ninetales|Ninetales-Alola, L50, F|100/100
|-weather|Snowscape|[from] ability: Snow Warning|[of] p1a: Ninetales
|move|p2b: Archaludon|Electro Shot||[still]
|-prepare|p2b: Archaludon|Electro Shot
|-boost|p2b: Archaludon|spa|1
|
|-weather|Snowscape|[upkeep]
|-heal|p2b: Archaludon|29/100|[from] item: Leftovers
|upkeep
|turn|4
|
|t:|1783523903
|switch|p2a: Incineroar|Incineroar, L50, M|100/100
|-ability|p2a: Incineroar|Intimidate|boost
|-unboost|p1a: Ninetales|atk|1
|-unboost|p1b: Incineroar|atk|1
|move|p1a: Ninetales|Blizzard|p2b: Archaludon|[spread] p2a,p2b
|-resisted|p2a: Incineroar|1
|-damage|p2a: Incineroar|86/100
|-damage|p2b: Archaludon|0 fnt
|faint|p2b: Archaludon
|move|p1b: Incineroar|Throat Chop|p2a: Incineroar
|-resisted|p2a: Incineroar|1
|-damage|p2a: Incineroar|74/100
|-start|p2a: Incineroar|Throat Chop|[silent]
|
|-weather|Snowscape|[upkeep]
|upkeep
|
|t:|1783523914
|switch|p2b: Gengar|Gengar-Mega, L50, F|100/100
|turn|5
|
|t:|1783523928
|move|p2a: Incineroar|Fake Out|p1b: Incineroar
|-damage|p1b: Incineroar|89/100
|move|p1a: Ninetales|Blizzard|p2b: Gengar|[spread] p2a,p2b
|-resisted|p2a: Incineroar|1
|-crit|p2a: Incineroar
|-damage|p2a: Incineroar|54/100
|-damage|p2b: Gengar|64/100
|move|p2b: Gengar|Perish Song|p2b: Gengar
|-start|p1a: Ninetales|perish3|[silent]
|-start|p1b: Incineroar|perish3|[silent]
|-start|p2a: Incineroar|perish3|[silent]
|-start|p2b: Gengar|perish3|[silent]
|-fieldactivate|move: Perish Song
|cant|p1b: Incineroar|flinch
|
|-weather|Snowscape|[upkeep]
|-end|p2a: Incineroar|Throat Chop|[silent]
|-start|p1a: Ninetales|perish3
|-start|p2b: Gengar|perish3
|-start|p1b: Incineroar|perish3
|-start|p2a: Incineroar|perish3
|upkeep
|turn|6
|
|t:|1783523939
|switch|p2b: Politoed|Politoed, L50, M|13/100
|-weather|RainDance|[from] ability: Drizzle|[of] p2b: Politoed
|move|p2a: Incineroar|Protect|p2a: Incineroar
|-singleturn|p2a: Incineroar|Protect
|move|p1a: Ninetales|Blizzard|p2b: Politoed|[spread] p2b
|-activate|p2a: Incineroar|move: Protect
|-resisted|p2b: Politoed|1
|-damage|p2b: Politoed|1/100
|move|p1b: Incineroar|Parting Shot|p2b: Politoed
|-unboost|p2b: Politoed|atk|1
|-unboost|p2b: Politoed|spa|1
|
|t:|1783523958
|switch|p1b: Farigiraf|Farigiraf, L50, F|48/100|[from] Parting Shot
|
|-weather|RainDance|[upkeep]
|-start|p1a: Ninetales|perish2
|-start|p2a: Incineroar|perish2
|upkeep
|turn|7
|
|t:|1783523966
|switch|p1a: Incineroar|Incineroar, L50, M|89/100
|-ability|p1a: Incineroar|Intimidate|boost
|-unboost|p2a: Incineroar|atk|1
|-unboost|p2b: Politoed|atk|1
|move|p2b: Politoed|Perish Song|p2b: Politoed
|-start|p1a: Incineroar|perish3|[silent]
|-start|p1b: Farigiraf|perish3|[silent]
|-start|p2b: Politoed|perish3|[silent]
|-fieldactivate|move: Perish Song
|move|p1b: Farigiraf|Hyper Voice|p2b: Politoed|[spread] p2a,p2b
|-damage|p2a: Incineroar|28/100
|-damage|p2b: Politoed|0 fnt
|faint|p2b: Politoed
|-damage|p1b: Farigiraf|38/100|[from] item: Life Orb
|move|p2a: Incineroar|Throat Chop|p1b: Farigiraf
|-supereffective|p1b: Farigiraf|1
|-damage|p1b: Farigiraf|0 fnt
|faint|p1b: Farigiraf
|
|-weather|RainDance|[upkeep]
|-start|p1a: Incineroar|perish3
|-start|p2a: Incineroar|perish1
|upkeep
|
|t:|1783523975
|switch|p2b: Gengar|Gengar-Mega, L50, F|64/100
|switch|p1b: Ninetales|Ninetales-Alola, L50, F|100/100
|-weather|Snowscape|[from] ability: Snow Warning|[of] p1b: Ninetales
|turn|8
|
|t:|1783523986
|move|p1b: Ninetales|Moonblast|p2a: Incineroar
|-damage|p2a: Incineroar|3/100
|move|p2b: Gengar|Sludge Bomb|p1b: Ninetales
|-supereffective|p1b: Ninetales|1
|-damage|p1b: Ninetales|0 fnt
|faint|p1b: Ninetales
|move|p2a: Incineroar|Parting Shot|p1a: Incineroar
|-unboost|p1a: Incineroar|atk|1
|-unboost|p1a: Incineroar|spa|1
|move|p1a: Incineroar|Throat Chop|p2b: Gengar
|-supereffective|p2b: Gengar|1
|-damage|p2b: Gengar|2/100
|-start|p2b: Gengar|Throat Chop|[silent]
|
|-weather|Snowscape|[upkeep]
|-start|p2a: Incineroar|perish0
|-start|p1a: Incineroar|perish2
|faint|p2a: Incineroar
|upkeep
|
|t:|1783523996
|switch|p1b: Venusaur|Venusaur-Mega, L50, F|100/100
|turn|9
|inactive|Battle timer is ON: inactive players will automatically lose when time's up. (requested by KodeBeast0526)
|
|t:|1783524000
|move|p2b: Gengar|Sludge Bomb|p1b: Venusaur
|-crit|p1b: Venusaur
|-damage|p1b: Venusaur|40/100
|move|p1b: Venusaur|Earth Power|p2b: Gengar
|-supereffective|p2b: Gengar|1
|-damage|p2b: Gengar|0 fnt
|faint|p2b: Gengar
|
|win|powerstar7
||powerstar7 is ready for game 2.
