|j|☆robby w
|j|☆AUBrigade
|html|robby wAUBrigade    
|uhtml|bestof|Game 2 of a best-of-3
|t:|1756871807
|gametype|doubles
|player|p1|robby w|pokefan-gen4|1139
|player|p2|AUBrigade|169|1226
|gen|9
|tier|[Gen 9] VGC 2025 Reg H (Bo3)
|rated|
|rule|Species Clause: Limit one of each Pokémon
|rule|Item Clause: Limit 1 of each item
|clearpoke
|poke|p1|Dondozo, L50, M|
|poke|p1|Tatsugiri, L50, M|
|poke|p1|Sneasler, L50, F|
|poke|p1|Whimsicott, L50, F|
|poke|p1|Indeedee, L50, M|
|poke|p1|Hydreigon, L50, M|
|poke|p2|Sneasler, L50, M|
|poke|p2|Dragapult, L50, M|
|poke|p2|Gastrodon, L50, F|
|poke|p2|Electabuzz, L50, F|
|poke|p2|Volcarona, L50, M|
|poke|p2|Rillaboom, L50, F|
|teampreview|4
|showteam|p1|Dondozo||Leftovers|Unaware|Protect,WaveCrash,Earthquake,OrderUp|||M|||50|,,,,,Grass]Tatsugiri||ChoiceScarf|Commander|DragonPulse,IcyWind,DracoMeteor,MuddyWater|||M|||50|,,,,,Stellar]Sneasler||PsychicSeed|Unburden|DireClaw,CloseCombat,Protect,ThroatChop|||F|||50|,,,,,Dark]Whimsicott||CovertCloak|Prankster|Tailwind,Moonblast,Taunt,HelpingHand|||F|||50|,,,,,Dark]Indeedee||FocusSash|PsychicSurge|ExpandingForce,TrickRoom,DazzlingGleam,Protect|||M|||50|,,,,,Fairy]Hydreigon||LifeOrb|Levitate|DracoMeteor,Snarl,HeatWave,Protect|||M|||50|,,,,,Steel
|showteam|p2|Sneasler||WhiteHerb|Unburden|DireClaw,Protect,Coaching,CloseCombat|||M|||50|,,,,,Ghost]Dragapult||ChoiceBand|ClearBody|TeraBlast,Uturn,DragonDarts,PhantomForce|||M|||50|,,,,,Ghost]Gastrodon||CovertCloak|StormDrain|EarthPower,IceBeam,Protect,Yawn|||F|||50|,,,,,Poison]Electabuzz||Eviolite|VitalSpirit|FollowMe,Taunt,Thunderbolt,Protect|||F|||50|,,,,,Fairy]Volcarona||SafetyGoggles|FlameBody|HeatWave,TeraBlast,QuiverDance,Protect|||M|||50|,,,,,Fairy]Rillaboom||AssaultVest|GrassySurge|GrassyGlide,FakeOut,HighHorsepower,WoodHammer|||F|||50|,,,,,Fire
|inactive|Battle timer is ON: inactive players will automatically lose when time's up. (requested by robby w)
|
|t:|1756871826
|teamsize|p1|4
|teamsize|p2|4
|start
|switch|p1a: Dondozo|Dondozo, L50, M, shiny|100/100
|switch|p1b: Sneasler|Sneasler, L50, F|100/100
|switch|p2a: Sneasler|Sneasler, L50, M|100/100
|switch|p2b: Dragapult|Dragapult, L50, M|100/100
|turn|1
|
|t:|1756871850
|switch|p1b: Tatsugiri|Tatsugiri, L50, M|100/100
|-activate|p1b: Tatsugiri|ability: Commander|[of] p1a: Dondozo
|-boost|p1a: Dondozo|atk|2
|-boost|p1a: Dondozo|spa|2
|-boost|p1a: Dondozo|spe|2
|-boost|p1a: Dondozo|def|2
|-boost|p1a: Dondozo|spd|2
|move|p2b: Dragapult|U-turn|p1a: Dondozo
|-damage|p1a: Dondozo|89/100
|
|t:|1756871863
|switch|p2b: Rillaboom|Rillaboom, L50, F|100/100|[from] U-turn
|-fieldstart|move: Grassy Terrain|[from] ability: Grassy Surge|[of] p2b: Rillaboom
|move|p1a: Dondozo|Order Up|p2b: Rillaboom
|-damage|p2b: Rillaboom|53/100
|-boost|p1a: Dondozo|atk|1
|move|p2a: Sneasler|Dire Claw|p1a: Dondozo
|-damage|p1a: Dondozo|74/100
|-status|p1a: Dondozo|par
|
|-heal|p2b: Rillaboom|59/100|[from] Grassy Terrain
|-heal|p1a: Dondozo|80/100 par|[from] Grassy Terrain
|-heal|p1a: Dondozo|86/100 par|[from] item: Leftovers
|upkeep
|turn|2
|
|t:|1756871882
|cant|p1a: Dondozo|par
|move|p2a: Sneasler|Dire Claw|p1a: Dondozo
|-damage|p1a: Dondozo|70/100 par
|move|p2b: Rillaboom|Wood Hammer|p1a: Dondozo
|-supereffective|p1a: Dondozo
|-damage|p1a: Dondozo|14/100 par
|-damage|p2b: Rillaboom|38/100|[from] Recoil
|
|-heal|p2b: Rillaboom|44/100|[from] Grassy Terrain
|-heal|p1a: Dondozo|20/100 par|[from] Grassy Terrain
|-heal|p1a: Dondozo|26/100 par|[from] item: Leftovers
|upkeep
|turn|3
|
|t:|1756871901
|move|p1a: Dondozo|Protect|p1a: Dondozo
|-singleturn|p1a: Dondozo|Protect
|move|p2a: Sneasler|Dire Claw|p1a: Dondozo
|-activate|p1a: Dondozo|move: Protect
|move|p2b: Rillaboom|Wood Hammer|p1a: Dondozo
|-activate|p1a: Dondozo|move: Protect
|
|-heal|p2b: Rillaboom|50/100|[from] Grassy Terrain
|-heal|p1a: Dondozo|32/100 par|[from] Grassy Terrain
|-heal|p1a: Dondozo|39/100 par|[from] item: Leftovers
|upkeep
|turn|4
|inactive|robby w has 30 seconds left.
|
|t:|1756871929
|move|p2a: Sneasler|Dire Claw|p1a: Dondozo
|-damage|p1a: Dondozo|24/100 par
|move|p2b: Rillaboom|Wood Hammer|p1a: Dondozo
|-supereffective|p1a: Dondozo
|-damage|p1a: Dondozo|0 fnt
|faint|p1a: Dondozo
|-damage|p2b: Rillaboom|41/100|[from] Recoil
|
|-heal|p2b: Rillaboom|47/100|[from] Grassy Terrain
|upkeep
|
|t:|1756871940
|switch|p1a: Indeedee|Indeedee, L50, M|100/100
|-fieldstart|move: Psychic Terrain|[from] ability: Psychic Surge|[of] p1a: Indeedee
|turn|5
|inactive|AUBrigade has 30 seconds left.
|
|t:|1756871966
|switch|p2b: Volcarona|Volcarona, L50, M|100/100
|move|p2a: Sneasler|Protect|p2a: Sneasler
|-singleturn|p2a: Sneasler|Protect
|move|p1b: Tatsugiri|Icy Wind|p2a: Sneasler|[spread] p2b
|-activate|p2a: Sneasler|move: Protect
|-resisted|p2b: Volcarona
|-damage|p2b: Volcarona|95/100
|-unboost|p2b: Volcarona|spe|1
|move|p1a: Indeedee|Expanding Force|p2a: Sneasler|[spread] p2b
|-activate|p2a: Sneasler|move: Protect
|-damage|p2b: Volcarona|51/100
|
|upkeep
|turn|6
|
|t:|1756871986
|switch|p2a: Rillaboom|Rillaboom, L50, F|47/100
|-fieldstart|move: Grassy Terrain|[from] ability: Grassy Surge|[of] p2a: Rillaboom
|switch|p1a: Sneasler|Sneasler, L50, F|100/100
|move|p1b: Tatsugiri|Icy Wind|p2b: Volcarona|[spread] p2a,p2b
|-supereffective|p2a: Rillaboom
|-resisted|p2b: Volcarona
|-damage|p2a: Rillaboom|27/100
|-damage|p2b: Volcarona|45/100
|-unboost|p2a: Rillaboom|spe|1
|-unboost|p2b: Volcarona|spe|1
|move|p2b: Volcarona|Heat Wave|p1b: Tatsugiri|[spread] p1b
|-miss|p2b: Volcarona|p1a: Sneasler
|-resisted|p1b: Tatsugiri
|-damage|p1b: Tatsugiri|89/100
|
|-heal|p1b: Tatsugiri|94/100|[from] Grassy Terrain
|-heal|p2a: Rillaboom|33/100|[from] Grassy Terrain
|-heal|p2b: Volcarona|51/100|[from] Grassy Terrain
|upkeep
|turn|7
|inactive|robby w has 30 seconds left.
|
|t:|1756872011
|switch|p2a: Sneasler|Sneasler, L50, M|100/100
|move|p1a: Sneasler|Protect|p1a: Sneasler
|-singleturn|p1a: Sneasler|Protect
|move|p1b: Tatsugiri|Icy Wind|p2b: Volcarona|[spread] p2a,p2b
|-resisted|p2b: Volcarona
|-damage|p2a: Sneasler|84/100
|-damage|p2b: Volcarona|45/100
|-unboost|p2a: Sneasler|spe|1
|-unboost|p2b: Volcarona|spe|1
|-enditem|p2a: Sneasler|White Herb
|-clearnegativeboost|p2a: Sneasler|[silent]
|move|p2b: Volcarona|Heat Wave|p1a: Sneasler|[spread] p1b
|-activate|p1a: Sneasler|move: Protect
|-resisted|p1b: Tatsugiri
|-damage|p1b: Tatsugiri|82/100
|
|-heal|p2a: Sneasler|90/100|[from] Grassy Terrain
|-heal|p1b: Tatsugiri|87/100|[from] Grassy Terrain
|-heal|p2b: Volcarona|52/100|[from] Grassy Terrain
|upkeep
|turn|8
|inactive|robby w has 30 seconds left.
|inactive|AUBrigade has 30 seconds left.
|
|t:|1756872038
|switch|p1a: Indeedee|Indeedee, L50, M|100/100
|-fieldstart|move: Psychic Terrain|[from] ability: Psychic Surge|[of] p1a: Indeedee
|move|p2a: Sneasler|Dire Claw|p1b: Tatsugiri
|-damage|p1b: Tatsugiri|12/100
|move|p1b: Tatsugiri|Icy Wind|p2a: Sneasler|[spread] p2a,p2b
|-resisted|p2b: Volcarona
|-damage|p2a: Sneasler|72/100
|-damage|p2b: Volcarona|45/100
|-unboost|p2a: Sneasler|spe|1
|-unboost|p2b: Volcarona|spe|1
|move|p2b: Volcarona|Heat Wave|p1a: Indeedee|[spread] p1a
|-miss|p2b: Volcarona|p1b: Tatsugiri
|-damage|p1a: Indeedee|55/100
|-status|p1a: Indeedee|brn
|
|-damage|p1a: Indeedee|49/100 brn|[from] brn
|upkeep
|turn|9
|inactive|robby w has 30 seconds left.
|
|t:|1756872065
|move|p2a: Sneasler|Close Combat|p1a: Indeedee
|-crit|p1a: Indeedee
|-damage|p1a: Indeedee|0 fnt
|-unboost|p2a: Sneasler|def|1
|-unboost|p2a: Sneasler|spd|1
|faint|p1a: Indeedee
|move|p1b: Tatsugiri|Icy Wind|p2b: Volcarona|[spread] p2a
|-miss|p1b: Tatsugiri|p2b: Volcarona
|-damage|p2a: Sneasler|47/100
|-unboost|p2a: Sneasler|spe|1
|move|p2b: Volcarona|Tera Blast|p1b: Tatsugiri
|-damage|p1b: Tatsugiri|0 fnt
|faint|p1b: Tatsugiri
|
|upkeep
|
|t:|1756872083
|switch|p1a: Sneasler|Sneasler, L50, F|100/100
|-enditem|p1a: Sneasler|Psychic Seed
|-boost|p1a: Sneasler|spd|1|[from] item: Psychic Seed
|turn|10
|
|t:|1756872099
|switch|p2a: Rillaboom|Rillaboom, L50, F|33/100
|-fieldstart|move: Grassy Terrain|[from] ability: Grassy Surge|[of] p2a: Rillaboom
|move|p1a: Sneasler|Dire Claw|p2a: Rillaboom
|-supereffective|p2a: Rillaboom
|-damage|p2a: Rillaboom|0 fnt
|faint|p2a: Rillaboom
|move|p2b: Volcarona|Heat Wave|p1a: Sneasler|[miss]
|-miss|p2b: Volcarona|p1a: Sneasler
|
|-heal|p2b: Volcarona|52/100|[from] Grassy Terrain
|upkeep
|
|t:|1756872123
|switch|p2a: Sneasler|Sneasler, L50, M|47/100
|turn|11
|
|t:|1756872142
|switch|p2b: Dragapult|Dragapult, L50, M|100/100
|move|p2a: Sneasler|Protect|p2a: Sneasler
|-singleturn|p2a: Sneasler|Protect
|move|p1a: Sneasler|Dire Claw|p2b: Dragapult
|-resisted|p2b: Dragapult
|-damage|p2b: Dragapult|69/100
|
|-heal|p2b: Dragapult|75/100|[from] Grassy Terrain
|-heal|p2a: Sneasler|54/100|[from] Grassy Terrain
|upkeep
|turn|12
|
|t:|1756872158
|move|p1a: Sneasler|Close Combat|p2a: Sneasler
|-resisted|p2a: Sneasler
|-damage|p2a: Sneasler|2/100
|-unboost|p1a: Sneasler|def|1
|-unboost|p1a: Sneasler|spd|1
|move|p2b: Dragapult|Dragon Darts|p1a: Sneasler
|-damage|p1a: Sneasler|7/100
|-anim|p2b: Dragapult|Dragon Darts|p1a: Sneasler
|-damage|p1a: Sneasler|0 fnt
|faint|p1a: Sneasler
|
|win|AUBrigade
|raw|robby w's rating: 1139 → 1120(-19 for losing)
|raw|AUBrigade's rating: 1226 → 1245(+19 for winning)
|l|☆AUBrigade
|player|p2|
