|j|☆airslashesfolante
|j|☆faskas123
|html|airslashesfolantefaskas123    
|uhtml|bestof|Game 1 of a best-of-3
|t:|1786064552
|gametype|doubles
|player|p1|airslashesfolante|roxie-masters|
|player|p2|faskas123|lana|
|gen|9
|tier|[Gen 9 Champions] VGC 2026 Reg M-B (Bo3)
|rule|Species Clause: Limit one of each Pokémon
|rule|Item Clause: Limit 1 of each item
|clearpoke
|poke|p1|Chimecho, L50, M|
|poke|p1|Altaria, L50, F|
|poke|p1|Sableye, L50, M|
|poke|p1|Heliolisk, L50, M|
|poke|p1|Quaquaval, L50, F|
|poke|p1|Mr. Rime, L50, M|
|poke|p2|Chesnaught, L50, F|
|poke|p2|Mr. Rime, L50, F|
|poke|p2|Aurorus, L50, F|
|poke|p2|Chimecho, L50, F|
|poke|p2|Tinkaton, L50, F|
|poke|p2|Vivillon-Pokeball, L50, F|
|teampreview|4
|showteam|p1|Chimecho||Chimechite|Levitate|CalmMind,Recover,Psyshock,FlashCannon|Bold||M|||50|]Altaria||SitrusBerry|CloudNine|WillOWisp,Tailwind,Acrobatics,Protect|Impish||F|||50|]Sableye||LightClay|Prankster|SkillSwap,Reflect,LightScreen,FoulPlay|Bold||M|||50|]Heliolisk||ChoiceScarf|DrySkin|HyperVoice,VoltSwitch,Electroweb,Thunderbolt|Timid||M|||50|]Quaquaval||LifeOrb|Moxie|AquaStep,CloseCombat,TripleAxel,Protect|Jolly||F|||50|]Mr. Rime||NeverMeltIce|ScreenCleaner|FakeOut,FreezeDry,Taunt,Protect|Modest||M|||50|
|showteam|p2|Chesnaught||Chesnaughtite|Bulletproof|BodyPress,SeedBomb,Protect,Curse|Sassy||F|||50|]Mr. Rime||Leftovers|IceBody|TrickRoom,Blizzard,FakeOut,AllySwitch|Sassy||F|||50|]Aurorus||LightClay|SnowWarning|AuroraVeil,Protect,Blizzard,Psychic|Quiet||F|||50|]Chimecho||Chimechite|Levitate|CosmicPower,StoredPower,TrickRoom,DazzlingGleam|Quiet||F|||50|]Tinkaton||LifeOrb|MoldBreaker|FakeOut,GigatonHammer,PlayRough,Protect|Adamant||F|||50|]Vivillon-Pokeball||FocusSash|FriendGuard|SleepPowder,RagePowder,PollenPuff,Protect|Timid||F|||50|
|inactive|Battle timer is ON: inactive players will automatically lose when time's up. (requested by faskas123)
|inactive|airslashesfolante has 60 seconds left.
|inactive|faskas123 has 60 seconds left.
|c|☆faskas123|glhf
|
|t:|1786064610
|teamsize|p1|4
|teamsize|p2|4
|start
|switch|p1a: Quaquaval|Quaquaval, L50, F|100/100
|switch|p1b: Heliolisk|Heliolisk, L50, M|100/100
|switch|p2a: Amy Rose|Tinkaton, L50, F|100/100
|switch|p2b: Auruda Egocentrica|Aurorus, L50, F|100/100
|-ability|p2a: Amy Rose|Mold Breaker
|-weather|Snowscape|[from] ability: Snow Warning|[of] p2b: Auruda Egocentrica
|turn|1
|inactive|airslashesfolante has 30 seconds left.
|
|t:|1786064639
|move|p2a: Amy Rose|Fake Out|p1a: Quaquaval
|-damage|p1a: Quaquaval|81/100
|-damage|p2a: Amy Rose|90/100|[from] item: Life Orb
|move|p1b: Heliolisk|Volt Switch|p2b: Auruda Egocentrica
|-crit|p2b: Auruda Egocentrica
|-damage|p2b: Auruda Egocentrica|64/100
|
|t:|1786064647
|switch|p1b: Mr. Rime|Mr. Rime, L50, M|100/100|[from] Volt Switch
|cant|p1a: Quaquaval|flinch
|move|p2b: Auruda Egocentrica|Aurora Veil|p2b: Auruda Egocentrica
|-sidestart|p2: faskas123|move: Aurora Veil
|
|-weather|Snowscape|[upkeep]
|upkeep
|turn|2
|
|t:|1786064667
|switch|p1b: Heliolisk|Heliolisk, L50, M|100/100
|move|p1a: Quaquaval|Protect|p1a: Quaquaval
|-singleturn|p1a: Quaquaval|Protect
|move|p2a: Amy Rose|Gigaton Hammer|p1b: Heliolisk
|-resisted|p1b: Heliolisk|1
|-damage|p1b: Heliolisk|19/100
|-damage|p2a: Amy Rose|80/100|[from] item: Life Orb
|move|p2b: Auruda Egocentrica|Psychic|p1a: Quaquaval
|-activate|p1a: Quaquaval|move: Protect
|
|-weather|Snowscape|[upkeep]
|upkeep
|turn|3
|
|t:|1786064687
|move|p1b: Heliolisk|Volt Switch|p2a: Amy Rose
|-damage|p2a: Amy Rose|62/100
|
|t:|1786064690
|switch|p1b: Mr. Rime|Mr. Rime, L50, M|100/100|[from] Volt Switch
|-activate|p1b: Mr. Rime|ability: Screen Cleaner
|-sideend|p2: faskas123|move: Aurora Veil
|move|p1a: Quaquaval|Aqua Step|p2b: Auruda Egocentrica
|-supereffective|p2b: Auruda Egocentrica|1
|-damage|p2b: Auruda Egocentrica|0 fnt
|-boost|p1a: Quaquaval|spe|1
|faint|p2b: Auruda Egocentrica
|-ability|p1a: Quaquaval|Moxie|boost
|-boost|p1a: Quaquaval|atk|1
|-damage|p1a: Quaquaval|72/100|[from] item: Life Orb
|move|p2a: Amy Rose|Play Rough|p1a: Quaquaval
|-supereffective|p1a: Quaquaval|1
|-damage|p1a: Quaquaval|0 fnt
|faint|p1a: Quaquaval
|-damage|p2a: Amy Rose|52/100|[from] item: Life Orb
|
|-weather|Snowscape|[upkeep]
|upkeep
|
|t:|1786064711
|switch|p1a: Heliolisk|Heliolisk, L50, M|19/100
|switch|p2b: Charlie Chaplin|Mr. Rime, L50, F|100/100
|turn|4
|
|t:|1786064732
|move|p1b: Mr. Rime|Fake Out|p2b: Charlie Chaplin
|-damage|p2b: Charlie Chaplin|94/100
|cant|p2b: Charlie Chaplin|flinch
|move|p1a: Heliolisk|Thunderbolt|p2a: Amy Rose
|-damage|p2a: Amy Rose|17/100
|move|p2a: Amy Rose|Play Rough|p1a: Heliolisk
|-damage|p1a: Heliolisk|0 fnt
|faint|p1a: Heliolisk
|-damage|p2a: Amy Rose|7/100|[from] item: Life Orb
|
|-weather|Snowscape|[upkeep]
|-heal|p2b: Charlie Chaplin|100/100|[from] ability: Ice Body
|upkeep
|
|t:|1786064739
|switch|p1a: Chimecho|Chimecho, L50, M|100/100
|turn|5
|
|t:|1786064754
|switch|p2a: Shinobu|Vivillon-Pokeball, L50, F|100/100
|detailschange|p1a: Chimecho|Chimecho-Mega, L50, M
|-mega|p1a: Chimecho|Chimecho|Chimechite
|move|p1b: Mr. Rime|Protect|p1b: Mr. Rime
|-singleturn|p1b: Mr. Rime|Protect
|move|p1a: Chimecho|Calm Mind|p1a: Chimecho
|-boost|p1a: Chimecho|spa|1
|-boost|p1a: Chimecho|spd|1
|move|p2b: Charlie Chaplin|Trick Room|p2b: Charlie Chaplin
|-fieldstart|move: Trick Room|[of] p2b: Charlie Chaplin
|
|-weather|none
|upkeep
|turn|6
|
|t:|1786064768
|move|p2b: Charlie Chaplin|Ally Switch|p2b: Charlie Chaplin
|swap|p2b: Charlie Chaplin|0|[from] move: Ally Switch
|move|p1a: Chimecho|Calm Mind|p1a: Chimecho
|-boost|p1a: Chimecho|spa|1
|-boost|p1a: Chimecho|spd|1
|move|p1b: Mr. Rime|Taunt|p2a: Charlie Chaplin
|-start|p2a: Charlie Chaplin|move: Taunt
|move|p2b: Shinobu|Sleep Powder|p1a: Chimecho|[miss]
|-miss|p2b: Shinobu|p1a: Chimecho
|
|upkeep
|turn|7
|c|☆faskas123|droga
|
|t:|1786064789
|switch|p2a: Amy Rose|Tinkaton, L50, F|7/100
|-ability|p2a: Amy Rose|Mold Breaker
|move|p2b: Shinobu|Protect|p2b: Shinobu
|-singleturn|p2b: Shinobu|Protect
|move|p1a: Chimecho|Calm Mind|p1a: Chimecho
|-boost|p1a: Chimecho|spa|1
|-boost|p1a: Chimecho|spd|1
|move|p1b: Mr. Rime|Taunt|p2b: Shinobu
|-activate|p2b: Shinobu|move: Protect
|
|upkeep
|turn|8
|c|☆faskas123|quando finalmente uso ally switch bem
|
|t:|1786064803
|switch|p2b: Charlie Chaplin|Mr. Rime, L50, F|100/100
|move|p2a: Amy Rose|Protect|p2a: Amy Rose
|-singleturn|p2a: Amy Rose|Protect
|move|p1a: Chimecho|Psyshock|p2b: Charlie Chaplin
|-resisted|p2b: Charlie Chaplin|1
|-damage|p2b: Charlie Chaplin|50/100g
|move|p1b: Mr. Rime|Freeze-Dry|p2a: Amy Rose
|-activate|p2a: Amy Rose|move: Protect
|
|-heal|p2b: Charlie Chaplin|56/100|[from] item: Leftovers
|upkeep
|turn|9
|
|t:|1786064822
|move|p2b: Charlie Chaplin|Fake Out|p1a: Chimecho
|-resisted|p1a: Chimecho|1
|-damage|p1a: Chimecho|97/100
|cant|p1a: Chimecho|flinch
|move|p1b: Mr. Rime|Freeze-Dry|p2a: Amy Rose
|-resisted|p2a: Amy Rose|1
|-damage|p2a: Amy Rose|0 fnt
|faint|p2a: Amy Rose
|
|-heal|p2b: Charlie Chaplin|62/100|[from] item: Leftovers
|-fieldend|move: Trick Room
|upkeep
|
|t:|1786064829
|switch|p2a: Shinobu|Vivillon-Pokeball, L50, F|100/100
|turn|10
|
|t:|1786064840
|move|p2b: Charlie Chaplin|Ally Switch|p2b: Charlie Chaplin
|swap|p2b: Charlie Chaplin|0|[from] move: Ally Switch
|move|p2b: Shinobu|Sleep Powder|p1a: Chimecho
|-status|p1a: Chimecho|slp|[from] move: Sleep Powder
|move|p1b: Mr. Rime|Taunt|p2a: Charlie Chaplin
|-start|p2a: Charlie Chaplin|move: Taunt
|cant|p1a: Chimecho|slp
|
|-heal|p2a: Charlie Chaplin|67/100|[from] item: Leftovers
|upkeep
|turn|11
|
|t:|1786064850
|move|p2b: Shinobu|Sleep Powder|p1b: Mr. Rime
|-status|p1b: Mr. Rime|slp|[from] move: Sleep Powder
|cant|p1b: Mr. Rime|slp
|cant|p1a: Chimecho|slp
|move|p2a: Charlie Chaplin|Blizzard|p1b: Mr. Rime|[spread] p1b
|-miss|p2a: Charlie Chaplin|p1a: Chimecho
|-resisted|p1b: Mr. Rime|1
|-damage|p1b: Mr. Rime|82/100 slp
|
|-heal|p2a: Charlie Chaplin|73/100|[from] item: Leftovers
|upkeep
|turn|12
|
|t:|1786064860
|move|p2b: Shinobu|Pollen Puff|p1b: Mr. Rime
|-supereffective|p1b: Mr. Rime|1
|-damage|p1b: Mr. Rime|24/100 slp
|cant|p1b: Mr. Rime|slp
|-curestatus|p1a: Chimecho|slp|[msg]
|move|p1a: Chimecho|Flash Cannon|p2a: Charlie Chaplin
|-supereffective|p2a: Charlie Chaplin|1
|-damage|p2a: Charlie Chaplin|0 fnt
|faint|p2a: Charlie Chaplin
|
|upkeep
|turn|13
|
|t:|1786064877
|move|p2b: Shinobu|Sleep Powder|p1a: Chimecho
|-status|p1a: Chimecho|slp|[from] move: Sleep Powder
|-curestatus|p1b: Mr. Rime|slp|[msg]
|move|p1b: Mr. Rime|Taunt|p2b: Shinobu
|-start|p2b: Shinobu|move: Taunt
|cant|p1a: Chimecho|slp
|
|upkeep
|turn|14
|
|t:|1786064884
|move|p2b: Shinobu|Pollen Puff|p1b: Mr. Rime
|-supereffective|p1b: Mr. Rime|1
|-damage|p1b: Mr. Rime|0 fnt
|faint|p1b: Mr. Rime
|cant|p1a: Chimecho|slp
|
|upkeep
|turn|15
|
|t:|1786064891
|move|p2b: Shinobu|Pollen Puff|p1a: Chimecho
|-damage|p1a: Chimecho|86/100 slp
|-curestatus|p1a: Chimecho|slp|[msg]
|move|p1a: Chimecho|Flash Cannon|p2b: Shinobu
|-enditem|p2b: Shinobu|Focus Sash
|-damage|p2b: Shinobu|1/100
|
|upkeep
|turn|16
|
|t:|1786064899
|move|p2b: Shinobu|Pollen Puff|p1a: Chimecho
|-damage|p1a: Chimecho|76/100
|move|p1a: Chimecho|Flash Cannon|p2b: Shinobu
|-damage|p2b: Shinobu|0 fnt
|faint|p2b: Shinobu
|
|win|airslashesfolante
||faskas123 is ready for game 2.
||airslashesfolante is ready for game 2.
|uhtml|next|Next: Game 2 of 3
