|j|☆StoNelGulag
|j|☆MrTedno
|html|StoNelGulagMrTedno    
|uhtml|bestof|Game 2 of a best-of-3
|t:|1756246904
|gametype|doubles
|player|p1|StoNelGulag|170|1217
|player|p2|MrTedno|barry|1238
|gen|9
|tier|[Gen 9] VGC 2025 Reg H (Bo3)
|rated|
|rule|Species Clause: Limit one of each Pokémon
|rule|Item Clause: Limit 1 of each item
|clearpoke
|poke|p1|Incineroar, L50, F|
|poke|p1|Pelipper, L50, M|
|poke|p1|Archaludon, L50, M|
|poke|p1|Amoonguss, L50, M|
|poke|p1|Basculegion, L50, M|
|poke|p1|Gholdengo, L50|
|poke|p2|Dondozo, L50, F|
|poke|p2|Tatsugiri, L50, M|
|poke|p2|Politoed, L50, F|
|poke|p2|Archaludon, L50, F|
|poke|p2|Amoonguss, L50, M|
|poke|p2|Overqwil, L50, F|
|teampreview|4
|showteam|p1|Incineroar||SafetyGoggles|Intimidate|KnockOff,FlareBlitz,FakeOut,PartingShot|||F|||50|,,,,,Ghost]Pelipper||FocusSash|Drizzle|WeatherBall,Hurricane,Tailwind,WideGuard|||M|||50|,,,,,Ghost]Archaludon||AssaultVest|Stamina|FlashCannon,DracoMeteor,BodyPress,ElectroShot|||M|||50|,,,,,Grass]Amoonguss||SitrusBerry|Regenerator|Spore,PollenPuff,ClearSmog,RagePowder|||M|||50|,,,,,Dark]Basculegion||ChoiceBand|SwiftSwim|WaveCrash,LastRespects,FlipTurn,AquaJet|||M|||50|,,,,,Water]Gholdengo||LifeOrb|GoodasGold|MakeItRain,ShadowBall,NastyPlot,Protect||||||50|,,,,,Steel
|showteam|p2|Dondozo||LifeOrb|Unaware|Surf,Protect,SleepTalk|||F|||50|,,,,,Water]Tatsugiri||FocusSash|Commander|DracoMeteor,Protect,MuddyWater,Taunt|||M|||50|,,,,,Stellar]Politoed||SitrusBerry|Drizzle|WeatherBall,IceBeam,Haze,Protect|||F|||50|,,,,,Steel]Archaludon||AssaultVest|Stamina|BodyPress,ElectroShot,DragonPulse,FlashCannon|||F|||50|,,,,,Grass]Amoonguss||RockyHelmet|Regenerator|Spore,RagePowder,PollenPuff,Protect|||M|||50|,,,,,Fairy]Overqwil||ChoiceBand|SwiftSwim|PoisonJab,ThroatChop,Liquidation,PinMissile|||F|||50|,,,,,Ghost
|inactive|Battle timer is ON: inactive players will automatically lose when time's up. (requested by StoNelGulag)
|inactive|MrTedno has 60 seconds left.
|inactive|MrTedno has 30 seconds left.
|
|t:|1756246972
|teamsize|p1|4
|teamsize|p2|4
|start
|switch|p1a: Amoonguss|Amoonguss, L50, M, shiny|100/100
|switch|p1b: Gholdengo|Gholdengo, L50, shiny|100/100
|switch|p2a: Peso|Tatsugiri, L50, M|100/100
|switch|p2b: Barnacles|Archaludon, L50, F|100/100
|turn|1
|inactive|MrTedno has 30 seconds left.
|
|t:|1756246997
|switch|p1a: Archaludon|Archaludon, L50, M, shiny|100/100
|move|p1b: Gholdengo|Nasty Plot|p1b: Gholdengo
|-boost|p1b: Gholdengo|spa|2
|move|p2a: Peso|Taunt|p1a: Archaludon
|-start|p1a: Archaludon|move: Taunt
|move|p2b: Barnacles|Electro Shot||[still]
|-prepare|p2b: Barnacles|Electro Shot
|-boost|p2b: Barnacles|spa|1
|
|upkeep
|turn|2
|
|t:|1756247021
|move|p1b: Gholdengo|Shadow Ball|p2a: Peso
|-enditem|p2a: Peso|Focus Sash
|-damage|p2a: Peso|1/100
|-unboost|p2a: Peso|spd|1
|-damage|p1b: Gholdengo|91/100|[from] item: Life Orb
|move|p2a: Peso|Draco Meteor|p1a: Archaludon
|-damage|p1a: Archaludon|45/100
|-unboost|p2a: Peso|spa|2
|-ability|p1a: Archaludon|Stamina|boost
|-boost|p1a: Archaludon|def|1
|move|p2b: Barnacles|Electro Shot|p1b: Gholdengo|[from] lockedmove
|-damage|p1b: Gholdengo|22/100
|move|p1a: Archaludon|Flash Cannon|p2a: Peso
|-resisted|p2a: Peso
|-damage|p2a: Peso|0 fnt
|faint|p2a: Peso
|
|upkeep
|inactive|MrTedno has 30 seconds left.
|inactive|MrTedno has 20 seconds left.
|inactive|MrTedno has 15 seconds left.
|inactive|MrTedno has 10 seconds left.
|inactive|MrTedno has 5 seconds left.
|
|t:|1756247072
|switch|p2a: Shellington|Overqwil, L50, F|100/100
|turn|3
|
|t:|1756247088
|switch|p1a: Incineroar|Incineroar, L50, F, shiny|100/100
|-ability|p1a: Incineroar|Intimidate|boost
|-unboost|p2a: Shellington|atk|1
|-unboost|p2b: Barnacles|atk|1
|move|p1b: Gholdengo|Protect|p1b: Gholdengo
|-singleturn|p1b: Gholdengo|Protect
|move|p2a: Shellington|Throat Chop|p1b: Gholdengo
|-activate|p1b: Gholdengo|move: Protect
|move|p2b: Barnacles|Dragon Pulse|p1a: Incineroar
|-damage|p1a: Incineroar|51/100
|
|upkeep
|turn|4
|inactive|MrTedno has 30 seconds left.
|inactive|MrTedno has 20 seconds left.
|inactive|MrTedno has 15 seconds left.
|
|t:|1756247129
|switch|p1b: Archaludon|Archaludon, L50, M, shiny|45/100
|-terastallize|p2a: Shellington|Ghost
|move|p2a: Shellington|Throat Chop|p1b: Archaludon
|-damage|p1b: Archaludon|20/100
|-start|p1b: Archaludon|Throat Chop|[silent]
|-ability|p1b: Archaludon|Stamina|boost
|-boost|p1b: Archaludon|def|1
|move|p2b: Barnacles|Dragon Pulse|p1b: Archaludon
|-damage|p1b: Archaludon|0 fnt
|faint|p1b: Archaludon
|move|p1a: Incineroar|Knock Off|p2a: Shellington
|-supereffective|p2a: Shellington
|-damage|p2a: Shellington|15/100
|-enditem|p2a: Shellington|Choice Band|[from] move: Knock Off|[of] p1a: Incineroar
|
|upkeep
|
|t:|1756247145
|switch|p1b: Amoonguss|Amoonguss, L50, M, shiny|100/100
|turn|5
|inactive|MrTedno has 30 seconds left.
|
|t:|1756247179
|switch|p2a: Tweak|Politoed, L50, F|100/100
|-weather|RainDance|[from] ability: Drizzle|[of] p2a: Tweak
|move|p2b: Barnacles|Electro Shot||[still]
|-prepare|p2b: Barnacles|Electro Shot
|-boost|p2b: Barnacles|spa|1
|-anim|p2b: Barnacles|Electro Shot|p1a: Incineroar
|-damage|p1a: Incineroar|0 fnt
|faint|p1a: Incineroar
|move|p1b: Amoonguss|Pollen Puff|p1: Incineroar|[notarget]
|-fail|p1b: Amoonguss
|
|-weather|RainDance|[upkeep]
|upkeep
|
|t:|1756247190
|switch|p1a: Gholdengo|Gholdengo, L50, shiny|22/100
|turn|6
|
|t:|1756247210
|move|p1a: Gholdengo|Protect|p1a: Gholdengo
|-singleturn|p1a: Gholdengo|Protect
|move|p2b: Barnacles|Dragon Pulse|p1b: Amoonguss
|-damage|p1b: Amoonguss|44/100
|-enditem|p1b: Amoonguss|Sitrus Berry|[eat]
|-heal|p1b: Amoonguss|69/100|[from] item: Sitrus Berry
|move|p2a: Tweak|Ice Beam|p1b: Amoonguss
|-supereffective|p1b: Amoonguss
|-damage|p1b: Amoonguss|41/100
|move|p1b: Amoonguss|Spore|p2b: Barnacles
|-status|p2b: Barnacles|slp|[from] move: Spore
|
|-weather|RainDance|[upkeep]
|upkeep
|turn|7
|
|t:|1756247229
|move|p1b: Amoonguss|Rage Powder|p1b: Amoonguss
|-singleturn|p1b: Amoonguss|move: Rage Powder
|move|p1a: Gholdengo|Nasty Plot|p1a: Gholdengo
|-boost|p1a: Gholdengo|spa|2
|cant|p2b: Barnacles|slp
|move|p2a: Tweak|Ice Beam|p1b: Amoonguss
|-supereffective|p1b: Amoonguss
|-damage|p1b: Amoonguss|14/100
|
|-weather|RainDance|[upkeep]
|upkeep
|turn|8
|inactive|MrTedno has 30 seconds left.
|inactive|MrTedno has 20 seconds left.
|inactive|MrTedno has 15 seconds left.
|inactive|MrTedno has 10 seconds left.
|
|t:|1756247276
|-terastallize|p1b: Amoonguss|Dark
|move|p1a: Gholdengo|Shadow Ball|p2b: Barnacles
|-damage|p2b: Barnacles|16/100 slp
|-unboost|p2b: Barnacles|spd|1
|-ability|p2b: Barnacles|Stamina|boost
|-boost|p2b: Barnacles|def|1
|-damage|p1a: Gholdengo|12/100|[from] item: Life Orb
|cant|p2b: Barnacles|slp
|move|p2a: Tweak|Weather Ball|p1b: Amoonguss
|-damage|p1b: Amoonguss|0 fnt
|faint|p1b: Amoonguss
|
|-weather|RainDance|[upkeep]
|upkeep
|turn|9
|
|t:|1756247296
|move|p1a: Gholdengo|Make It Rain|p2a: Tweak|[spread] p2a,p2b
|-resisted|p2a: Tweak
|-resisted|p2b: Barnacles
|-damage|p2a: Tweak|58/100
|-damage|p2b: Barnacles|0 fnt
|-unboost|p1a: Gholdengo|spa|1
|faint|p2b: Barnacles
|-damage|p1a: Gholdengo|3/100|[from] item: Life Orb
|move|p2a: Tweak|Weather Ball|p1a: Gholdengo
|-damage|p1a: Gholdengo|0 fnt
|faint|p1a: Gholdengo
|
|win|MrTedno
||StoNelGulag is ready for game 3.
|inactive|MrTedno has 30 seconds to confirm battle start!
||MrTedno is ready for game 3.
|uhtml|next|Next: Game 3 of 3
