|j|☆ADtaiga
|j|☆AndSB
|html|ADtaigaAndSB    
|uhtml|bestof|Game 1 of a best-of-3
|t:|1756425249
|gametype|doubles
|player|p1|ADtaiga|101|1073
|player|p2|AndSB|101|1052
|gen|9
|tier|[Gen 9] VGC 2025 Reg H (Bo3)
|rated|
|rule|Species Clause: Limit one of each Pokémon
|rule|Item Clause: Limit 1 of each item
|clearpoke
|poke|p1|Sneasler, L50, M|
|poke|p1|Gholdengo, L50|
|poke|p1|Garchomp, L50, F|
|poke|p1|Indeedee, L50, M|
|poke|p1|Hydreigon, L50, M|
|poke|p1|Electabuzz, L50, F|
|poke|p2|Incineroar, L50, M|
|poke|p2|Weezing-Galar, L50, F|
|poke|p2|Dondozo, L50, M|
|poke|p2|Tatsugiri-Droopy, L50, M|
|teampreview|4
|showteam|p1|Sneasler||PsychicSeed|Unburden|FakeOut,Acrobatics,CloseCombat,DireClaw|||M|||50|,,,,,Flying]Gholdengo||MetalCoat|GoodasGold|MakeItRain,ShadowBall,Protect,NastyPlot||||||50|,,,,,Water]Garchomp||LifeOrb|RoughSkin|Protect,StompingTantrum,RockTomb,Earthquake|||F|||50|,,,,,Steel]Indeedee||FocusSash|PsychicSurge|ExpandingForce,TeraBlast,TrickRoom,Imprison|||M|||50|,,,,,Fighting]Hydreigon||AssaultVest|Levitate|HeatWave,Snarl,DarkPulse,DracoMeteor|||M|||50|,,,,,Fire]Electabuzz||Eviolite|VitalSpirit|ThunderWave,Thunderbolt,Taunt,FollowMe|||F|||50|,,,,,Flying
|showteam|p2|Incineroar||CovertCloak|Intimidate|FakeOut,FlareBlitz,KnockOff,PartingShot|||M|||50|,,,,,Grass]Weezing-Galar||RockyHelmet|NeutralizingGas|DazzlingGleam,ToxicSpikes,PoisonGas,Protect|||F|||50|,,,,,Water]Dondozo||Leftovers|Unaware|OrderUp,BodyPress,Earthquake,Protect|||M|||50|,,,,,Grass]Tatsugiri-Droopy||FocusSash|Commander|DracoMeteor,MuddyWater,HelpingHand,Protect|||M|||50|,,,,,Fairy
|
|t:|1756425282
|teamsize|p1|4
|teamsize|p2|4
|start
|switch|p1a: Sneasler|Sneasler, L50, M|100/100
|switch|p1b: Electabuzz|Electabuzz, L50, F|100/100
|switch|p2a: Incineroar|Incineroar, L50, M|100/100
|switch|p2b: Weezing|Weezing-Galar, L50, F|100/100
|-ability|p2b: Weezing|Neutralizing Gas
|turn|1
|
|t:|1756425303
|move|p1a: Sneasler|Fake Out|p2b: Weezing
|-damage|p2b: Weezing|88/100
|-damage|p1a: Sneasler|84/100|[from] item: Rocky Helmet|[of] p2b: Weezing
|move|p2a: Incineroar|Fake Out|p1a: Sneasler
|-damage|p1a: Sneasler|63/100
|move|p1b: Electabuzz|Taunt|p2b: Weezing
|-start|p2b: Weezing|move: Taunt
|cant|p2b: Weezing|flinch
|
|upkeep
|turn|2
|
|t:|1756425321
|move|p1b: Electabuzz|Follow Me|p1b: Electabuzz
|-singleturn|p1b: Electabuzz|move: Follow Me
|move|p1a: Sneasler|Close Combat|p2a: Incineroar
|-supereffective|p2a: Incineroar
|-damage|p2a: Incineroar|0 fnt
|-unboost|p1a: Sneasler|def|1
|-unboost|p1a: Sneasler|spd|1
|faint|p2a: Incineroar
|move|p2b: Weezing|Dazzling Gleam|p1b: Electabuzz|[spread] p1a,p1b
|-damage|p1a: Sneasler|28/100
|-damage|p1b: Electabuzz|86/100
|
|upkeep
|
|t:|1756425327
|switch|p2a: Dondozo|Dondozo, L50, M|100/100
|turn|3
|
|t:|1756425339
|-end|p2b: Weezing|ability: Neutralizing Gas
|switch|p2b: Tatsugiri|Tatsugiri-Droopy, L50, M|100/100
|-activate|p2b: Tatsugiri|ability: Commander|[of] p2a: Dondozo
|-boost|p2a: Dondozo|atk|2
|-boost|p2a: Dondozo|spa|2
|-boost|p2a: Dondozo|spe|2
|-boost|p2a: Dondozo|def|2
|-boost|p2a: Dondozo|spd|2
|move|p1a: Sneasler|Dire Claw|p2a: Dondozo
|-damage|p2a: Dondozo|88/100
|move|p2a: Dondozo|Earthquake|p1a: Sneasler|[spread] p1a,p1b
|-miss|p2a: Dondozo|p2b: Tatsugiri
|-supereffective|p1a: Sneasler
|-supereffective|p1b: Electabuzz
|-damage|p1a: Sneasler|0 fnt
|-damage|p1b: Electabuzz|35/100
|faint|p1a: Sneasler
|move|p1b: Electabuzz|Thunder Wave|p2a: Dondozo
|-status|p2a: Dondozo|par
|
|-heal|p2a: Dondozo|94/100 par|[from] item: Leftovers
|upkeep
|
|t:|1756425368
|switch|p1a: Hydreigon|Hydreigon, L50, M|100/100
|turn|4
|
|t:|1756425383
|-terastallize|p1a: Hydreigon|Fire
|move|p1a: Hydreigon|Dark Pulse|p2a: Dondozo
|-damage|p2a: Dondozo|77/100 par
|move|p1b: Electabuzz|Taunt|p2a: Dondozo
|-start|p2a: Dondozo|move: Taunt
|cant|p2a: Dondozo|flinch
|
|-heal|p2a: Dondozo|83/100 par|[from] item: Leftovers
|upkeep
|turn|5
|
|t:|1756425395
|move|p1a: Hydreigon|Dark Pulse|p2a: Dondozo
|-damage|p2a: Dondozo|66/100 par
|move|p1b: Electabuzz|Thunderbolt|p2a: Dondozo
|-supereffective|p2a: Dondozo
|-crit|p2a: Dondozo
|-damage|p2a: Dondozo|0 fnt
|faint|p2a: Dondozo
|
|upkeep
|
|t:|1756425401
|switch|p2a: Weezing|Weezing-Galar, L50, F|88/100
|-ability|p2a: Weezing|Neutralizing Gas
|turn|6
|
|t:|1756425426
|-terastallize|p2b: Tatsugiri|Fairy
|move|p1a: Hydreigon|Snarl|p2a: Weezing|[spread] p2a,p2b
|-resisted|p2a: Weezing
|-crit|p2a: Weezing
|-resisted|p2b: Tatsugiri
|-damage|p2a: Weezing|72/100
|-damage|p2b: Tatsugiri|86/100
|-unboost|p2a: Weezing|spa|1
|-unboost|p2b: Tatsugiri|spa|1
|move|p2b: Tatsugiri|Muddy Water|p1a: Hydreigon|[spread] p1a,p1b
|-supereffective|p1a: Hydreigon
|-damage|p1a: Hydreigon|63/100
|-damage|p1b: Electabuzz|16/100
|-unboost|p1a: Hydreigon|accuracy|1
|move|p1b: Electabuzz|Thunderbolt|p2b: Tatsugiri
|-damage|p2b: Tatsugiri|44/100
|move|p2a: Weezing|Poison Gas|p1a: Hydreigon|[spread] p1a,p1b
|-status|p1a: Hydreigon|psn
|-status|p1b: Electabuzz|psn
|
|-damage|p1a: Hydreigon|51/100 psn|[from] psn
|-damage|p1b: Electabuzz|3/100 psn|[from] psn
|upkeep
|turn|7
|
|t:|1756425464
|switch|p1b: Gholdengo|Gholdengo, L50|100/100
|move|p2b: Tatsugiri|Protect|p2b: Tatsugiri
|-singleturn|p2b: Tatsugiri|Protect
|move|p2a: Weezing|Protect|p2a: Weezing
|-singleturn|p2a: Weezing|Protect
|move|p1a: Hydreigon|Snarl|p2b: Tatsugiri|[spread] 
|-activate|p2a: Weezing|move: Protect
|-activate|p2b: Tatsugiri|move: Protect
|
|-damage|p1a: Hydreigon|39/100 psn|[from] psn
|upkeep
|turn|8
|
|t:|1756425476
|move|p1a: Hydreigon|Snarl|p2b: Tatsugiri|[spread] p2a
|-miss|p1a: Hydreigon|p2b: Tatsugiri
|-resisted|p2a: Weezing
|-damage|p2a: Weezing|60/100
|-unboost|p2a: Weezing|spa|1
|move|p2b: Tatsugiri|Muddy Water|p1b: Gholdengo|[spread] p1b
|-miss|p2b: Tatsugiri|p1a: Hydreigon
|-damage|p1b: Gholdengo|78/100
|move|p1b: Gholdengo|Make It Rain|p2b: Tatsugiri|[spread] p2a,p2b
|-supereffective|p2a: Weezing
|-supereffective|p2b: Tatsugiri
|-damage|p2a: Weezing|0 fnt
|-damage|p2b: Tatsugiri|0 fnt
|-unboost|p1b: Gholdengo|spa|1
|faint|p2a: Weezing
|-end|p2a: Weezing|ability: Neutralizing Gas
|faint|p2b: Tatsugiri
|
|win|ADtaiga
||AndSB is ready for game 2.
|inactive|ADtaiga has 30 seconds to confirm battle start!
