|j|☆FosaNando
|j|☆PokeLucho
|html|FosaNandoPokeLucho    
|uhtml|bestof|Game 2 of a best-of-3
|t:|1756702055
|gametype|doubles
|player|p1|FosaNando|pokefan|
|player|p2|PokeLucho|170|
|gen|9
|tier|[Gen 9] VGC 2025 Reg H (Bo3)
|rule|Species Clause: Limit one of each Pokémon
|rule|Item Clause: Limit 1 of each item
|clearpoke
|poke|p1|Indeedee, L50, M|
|poke|p1|Sneasler, L50, F|
|poke|p1|Excadrill, L50, M|
|poke|p1|Magmar, L50, M|
|poke|p1|Corviknight, L50, M|
|poke|p1|Tyranitar, L50, M|
|poke|p2|Electabuzz, L50, F|
|poke|p2|Kingambit, L50, F|
|poke|p2|Rillaboom, L50, M|
|poke|p2|Sneasler, L50, F|
|poke|p2|Volcarona, L50, M|
|poke|p2|Dragonite, L50, M|
|teampreview|4
|showteam|p1|Indeedee||ChoiceScarf|PsychicSurge|ExpandingForce,TeraBlast,Trick,Protect|||M|||50|,,,,,Psychic]Sneasler||WhiteHerb|Unburden|FakeOut,CloseCombat,DireClaw,Coaching|||F|||50|,,,,,Flying]Excadrill||FocusSash|SandRush|Earthquake,IronHead,SwordsDance,Protect|||M|||50|,,,,,Ground]Magmar||Eviolite|VitalSpirit|HeatWave,FollowMe,WillOWisp,Protect|||M|||50|,,,,,Flying]Corviknight||PsychicSeed|MirrorArmor|BraveBird,PowerTrip,BulkUp,Roost|||M|||50|,,,,,Water]Tyranitar||AssaultVest|SandStream|RockSlide,KnockOff,LowKick,TeraBlast|||M|||50|,,,,,Flying
|showteam|p2|Electabuzz||Eviolite|VitalSpirit|Thunderbolt,Taunt,FollowMe,Protect|||F|||50|,,,,,Ghost]Kingambit||BlackGlasses|Defiant|KowtowCleave,SuckerPunch,SwordsDance,Protect|||F|||50|,,,,,Dark]Rillaboom||AssaultVest|GrassySurge|FakeOut,HighHorsepower,WoodHammer,GrassyGlide|||M|||50|,,,,,Fire]Sneasler||FocusSash|PoisonTouch|DireClaw,CloseCombat,FakeOut,Coaching|||F|||50|,,,,,Stellar]Volcarona||Leftovers|FlameBody|HeatWave,TeraBlast,QuiverDance,Protect|||M|||50|,,,,,Fairy]Dragonite||LoadedDice|Multiscale|ExtremeSpeed,ScaleShot,Protect,Haze|||M|||50|,,,,,Steel
|inactive|Battle timer is ON: inactive players will automatically lose when time's up. (requested by FosaNando)
|inactive|FosaNando has 60 seconds left.
|inactive|PokeLucho has 60 seconds left.
|
|t:|1756702112
|teamsize|p1|4
|teamsize|p2|4
|start
|switch|p1a: Indeedee|Indeedee, L50, M|100/100
|switch|p1b: Sneasler|Sneasler, L50, F|100/100
|switch|p2a: Volcarona|Volcarona, L50, M|100/100
|switch|p2b: Dragonite|Dragonite, L50, M|100/100
|-fieldstart|move: Psychic Terrain|[from] ability: Psychic Surge|[of] p1a: Indeedee
|turn|1
|inactive|FosaNando has 30 seconds left.
|inactive|FosaNando has 20 seconds left.
|inactive|FosaNando has 15 seconds left.
|inactive|FosaNando has 10 seconds left.
|inactive|PokeLucho has 30 seconds left.
|
|t:|1756702161
|switch|p1a: Excadrill|Excadrill, L50, M|100/100
|move|p2a: Volcarona|Protect|p2a: Volcarona
|-singleturn|p2a: Volcarona|Protect
|move|p1b: Sneasler|Coaching|p1a: Excadrill
|-boost|p1a: Excadrill|atk|1
|-boost|p1a: Excadrill|def|1
|move|p2b: Dragonite|Scale Shot|p1b: Sneasler
|-damage|p1b: Sneasler|77/100
|-damage|p1b: Sneasler|51/100
|-damage|p1b: Sneasler|25/100
|-damage|p1b: Sneasler|0 fnt
|faint|p1b: Sneasler
|-hitcount|p1: Sneasler|4
|-unboost|p2b: Dragonite|def|1
|-boost|p2b: Dragonite|spe|1
|
|upkeep
|
|t:|1756702174
|switch|p1b: Tyranitar|Tyranitar, L50, M|100/100
|-weather|Sandstorm|[from] ability: Sand Stream|[of] p1b: Tyranitar
|turn|2
|
|t:|1756702196
|switch|p2a: Rillaboom|Rillaboom, L50, M|100/100
|-fieldstart|move: Grassy Terrain|[from] ability: Grassy Surge|[of] p2a: Rillaboom
|-terastallize|p1b: Tyranitar|Flying
|move|p1a: Excadrill|Earthquake|p2a: Rillaboom|[spread] p2a
|-immune|p1b: Tyranitar
|-immune|p2b: Dragonite
|-resisted|p2a: Rillaboom
|-damage|p2a: Rillaboom|85/100
|move|p2b: Dragonite|Haze|p2b: Dragonite
|-clearallboost
|move|p1b: Tyranitar|Rock Slide|p2b: Dragonite|[spread] p2a,p2b
|-supereffective|p2b: Dragonite
|-damage|p2a: Rillaboom|56/100
|-damage|p2b: Dragonite|66/100
|
|-weather|Sandstorm|[upkeep]
|-damage|p2b: Dragonite|60/100|[from] Sandstorm
|-damage|p2a: Rillaboom|50/100|[from] Sandstorm
|-damage|p1b: Tyranitar|95/100|[from] Sandstorm
|-heal|p2a: Rillaboom|56/100|[from] Grassy Terrain
|upkeep
|turn|3
|inactive|FosaNando has 30 seconds left.
|inactive|PokeLucho has 30 seconds left.
|inactive|PokeLucho has 20 seconds left.
|inactive|PokeLucho has 15 seconds left.
|
|t:|1756702240
|switch|p1a: Indeedee|Indeedee, L50, M|100/100
|-fieldstart|move: Psychic Terrain|[from] ability: Psychic Surge|[of] p1a: Indeedee
|move|p2b: Dragonite|Scale Shot|p1b: Tyranitar
|-damage|p1b: Tyranitar|83/100
|-damage|p1b: Tyranitar|70/100
|-damage|p1b: Tyranitar|58/100
|-damage|p1b: Tyranitar|44/100
|-hitcount|p1b: Tyranitar|4
|-unboost|p2b: Dragonite|def|1
|-boost|p2b: Dragonite|spe|1
|move|p2a: Rillaboom|Wood Hammer|p1a: Indeedee
|-damage|p1a: Indeedee|0 fnt
|faint|p1a: Indeedee
|-damage|p2a: Rillaboom|34/100|[from] Recoil
|move|p1b: Tyranitar|Tera Blast|p2a: Rillaboom|[anim] Tera Blast Flying
|-supereffective|p2a: Rillaboom
|-damage|p2a: Rillaboom|0 fnt
|faint|p2a: Rillaboom
|
|-weather|Sandstorm|[upkeep]
|-damage|p2b: Dragonite|54/100|[from] Sandstorm
|-damage|p1b: Tyranitar|39/100|[from] Sandstorm
|upkeep
|inactive|PokeLucho has 30 seconds left.
|
|t:|1756702265
|switch|p1a: Excadrill|Excadrill, L50, M|100/100
|switch|p2a: Sneasler|Sneasler, L50, F|100/100
|turn|4
|inactive|PokeLucho has 30 seconds left.
|
|t:|1756702291
|move|p2a: Sneasler|Fake Out|p1a: Excadrill
|-activate|p1a: Excadrill|move: Psychic Terrain
|move|p1a: Excadrill|Swords Dance|p1a: Excadrill
|-boost|p1a: Excadrill|atk|2
|move|p2b: Dragonite|Scale Shot|p1b: Tyranitar
|-damage|p1b: Tyranitar|26/100
|-damage|p1b: Tyranitar|15/100
|-damage|p1b: Tyranitar|3/100
|-damage|p1b: Tyranitar|0 fnt
|faint|p1b: Tyranitar
|-hitcount|p1: Tyranitar|4
|-unboost|p2b: Dragonite|def|1
|-boost|p2b: Dragonite|spe|1
|
|-weather|Sandstorm|[upkeep]
|-damage|p2b: Dragonite|47/100|[from] Sandstorm
|-damage|p2a: Sneasler|95/100|[from] Sandstorm
|upkeep
|turn|5
|inactive|PokeLucho has 30 seconds left.
|inactive|PokeLucho has 20 seconds left.
|inactive|PokeLucho has 15 seconds left.
|inactive|PokeLucho has 10 seconds left.
|
|t:|1756702340
|move|p1a: Excadrill|Earthquake|p2b: Dragonite|[spread] p2a
|-immune|p2b: Dragonite
|-supereffective|p2a: Sneasler
|-damage|p2a: Sneasler|0 fnt
|faint|p2a: Sneasler
|move|p2b: Dragonite|Haze|p2b: Dragonite
|-clearallboost
|
|-weather|Sandstorm|[upkeep]
|-damage|p2b: Dragonite|41/100|[from] Sandstorm
|upkeep
|
|t:|1756702350
|switch|p2a: Volcarona|Volcarona, L50, M|100/100
|turn|6
|
|t:|1756702355
|move|p2a: Volcarona|Protect|p2a: Volcarona
|-singleturn|p2a: Volcarona|Protect
|move|p2b: Dragonite|Protect|p2b: Dragonite
|-singleturn|p2b: Dragonite|Protect
|move|p1a: Excadrill|Iron Head|p2b: Dragonite
|-activate|p2b: Dragonite|move: Protect
|
|-weather|none
|upkeep
|turn|7
|inactive|PokeLucho has 30 seconds left.
|
|t:|1756702388
|-terastallize|p2a: Volcarona|Fairy
|move|p1a: Excadrill|Iron Head|p2b: Dragonite
|-damage|p2b: Dragonite|0 fnt
|faint|p2b: Dragonite
|move|p2a: Volcarona|Heat Wave|p1a: Excadrill
|-supereffective|p1a: Excadrill
|-enditem|p1a: Excadrill|Focus Sash
|-damage|p1a: Excadrill|1/100
|
|-fieldend|move: Psychic Terrain
|upkeep
|turn|8
|inactive|PokeLucho has 30 seconds left.
|
|t:|1756702413
|move|p1a: Excadrill|Iron Head|p2a: Volcarona
|-supereffective|p2a: Volcarona
|-damage|p2a: Volcarona|0 fnt
|-status|p1a: Excadrill|brn|[from] ability: Flame Body|[of] p2a: Volcarona
|faint|p2a: Volcarona
|
|win|FosaNando
||PokeLucho is ready for game 3.
|inactive|FosaNando has 30 seconds to confirm battle start!
||FosaNando is ready for game 3.
|uhtml|next|Next: Game 3 of 3
