|j|☆Jjayy09
|j|☆stanhoff
|html|Jjayy09stanhoff    
|uhtml|bestof|Game 3 of a best-of-3
|t:|1756554976
|gametype|doubles
|player|p1|Jjayy09|lady-gen4|1086
|player|p2|stanhoff|falkner|1045
|gen|9
|tier|[Gen 9] VGC 2025 Reg H (Bo3)
|rated|
|rule|Species Clause: Limit one of each Pokémon
|rule|Item Clause: Limit 1 of each item
|clearpoke
|poke|p1|Annihilape, L50, M|
|poke|p1|Ninetales-Alola, L50, F|
|poke|p1|Talonflame, L50, M|
|poke|p1|Garchomp, L50, M|
|poke|p1|Gholdengo, L50|
|poke|p1|Maushold-Four, L50|
|poke|p2|Inteleon, L50, M|
|poke|p2|Salazzle, L50, F|
|poke|p2|Meowscarada, L50, F|
|poke|p2|Annihilape, L50, F|
|poke|p2|Murkrow, L50, F|
|poke|p2|Indeedee, L50, M|
|teampreview|4
|showteam|p1|Annihilape||SitrusBerry|Defiant|RageFist,DrainPunch,BulkUp,Protect|||M|||50|,,,,,Fire]Ninetales-Alola||CovertCloak|SnowWarning|Blizzard,FreezeDry,AuroraVeil,Protect|||F|||50|,,,,,Ice]Talonflame||SharpBeak|GaleWings|DualWingbeat,Tailwind,WillOWisp,Protect|||M|||50|,,,,,Ghost]Garchomp||LifeOrb|RoughSkin|Earthquake,StompingTantrum,DragonClaw,Protect|||M|||50|,,,,,Steel]Gholdengo||ChoiceSpecs|GoodasGold|MakeItRain,ShadowBall,SteelBeam,Thunderbolt||||||50|,,,,,Steel]Maushold-Four||SafetyGoggles|FriendGuard|BeatUp,FollowMe,Taunt,Protect||||||50|,,,,,Poison
|showteam|p2|Inteleon||ScopeLens|Sniper|SnipeShot,AirCutter,VacuumWave,Protect|||M|||50|,,,,,Stellar]Salazzle||FocusSash|Oblivious|FakeOut,DragonCheer,FakeTears,HeatWave|||F|||50|,,,,,Ghost]Meowscarada||CovertCloak|Protean|FlowerTrick,TripleAxel,SkillSwap,Protect|||F|||50|,,,,,Poison]Annihilape||ChoiceScarf|VitalSpirit|ShadowClaw,FinalGambit,CloseCombat,Uturn|||F|||50|,,,,,Ghost]Murkrow||Eviolite|Prankster|Tailwind,RainDance,FoulPlay,Haze|||F|||50|,,,,,Ghost]Indeedee||IronBall|PsychicSurge|AfterYou,HelpingHand,ExpandingForce,DazzlingGleam|||M|||50|,,,,,Fairy
|inactive|Battle timer is ON: inactive players will automatically lose when time's up. (requested by stanhoff)
|inactive|Jjayy09 has 60 seconds left.
|
|t:|1756555011
|teamsize|p1|4
|teamsize|p2|4
|start
|switch|p1a: Ninetales|Ninetales-Alola, L50, F, shiny|100/100
|switch|p1b: Annihilape|Annihilape, L50, M|100/100
|switch|p2a: Murkrow|Murkrow, L50, F|100/100
|switch|p2b: Inteleon|Inteleon, L50, M|100/100
|-weather|Snowscape|[from] ability: Snow Warning|[of] p1a: Ninetales
|turn|1
|
|t:|1756555030
|-terastallize|p2b: Inteleon|Stellar
|move|p2a: Murkrow|Rain Dance|p2a: Murkrow
|-weather|RainDance
|move|p1a: Ninetales|Blizzard|p2b: Inteleon|[spread] p2b
|-miss|p1a: Ninetales|p2a: Murkrow
|-resisted|p2b: Inteleon
|-damage|p2b: Inteleon|74/100
|move|p2b: Inteleon|Snipe Shot|p1b: Annihilape
|-crit|p1b: Annihilape
|-damage|p1b: Annihilape|0 fnt
|faint|p1b: Annihilape
|
|-weather|RainDance|[upkeep]
|upkeep
|
|t:|1756555040
|switch|p1b: Talonflame|Talonflame, L50, M|100/100
|turn|2
|
|t:|1756555049
|move|p1b: Talonflame|Protect|p1b: Talonflame
|-singleturn|p1b: Talonflame|Protect
|move|p2b: Inteleon|Protect|p2b: Inteleon
|-singleturn|p2b: Inteleon|Protect
|move|p1a: Ninetales|Freeze-Dry|p2b: Inteleon
|-activate|p2b: Inteleon|move: Protect
|move|p2a: Murkrow|Foul Play|p1b: Talonflame
|-activate|p1b: Talonflame|move: Protect
|
|-weather|RainDance|[upkeep]
|upkeep
|turn|3
|
|t:|1756555067
|move|p1b: Talonflame|Tailwind|p1b: Talonflame
|-sidestart|p1: Jjayy09|move: Tailwind
|move|p2a: Murkrow|Tailwind|p2a: Murkrow
|-sidestart|p2: stanhoff|move: Tailwind
|move|p1a: Ninetales|Freeze-Dry|p2b: Inteleon
|-supereffective|p2b: Inteleon
|-damage|p2b: Inteleon|0 fnt
|faint|p2b: Inteleon
|
|-weather|RainDance|[upkeep]
|upkeep
|
|t:|1756555074
|switch|p2b: Salazzle|Salazzle, L50, F|100/100
|turn|4
|
|t:|1756555092
|switch|p1a: Garchomp|Garchomp, L50, M|100/100
|move|p2b: Salazzle|Fake Out|p1b: Talonflame
|-damage|p1b: Talonflame|91/100
|cant|p1b: Talonflame|flinch
|move|p2a: Murkrow|Foul Play|p1b: Talonflame
|-damage|p1b: Talonflame|30/100
|
|-weather|RainDance|[upkeep]
|upkeep
|turn|5
|
|t:|1756555116
|move|p1b: Talonflame|Dual Wingbeat|p2a: Murkrow
|-damage|p2a: Murkrow|86/100
|-damage|p2a: Murkrow|69/100
|-hitcount|p2a: Murkrow|2
|move|p2b: Salazzle|Fake Tears|p1a: Garchomp
|-unboost|p1a: Garchomp|spd|2
|move|p1a: Garchomp|Earthquake|p2b: Salazzle|[spread] p2b
|-immune|p1b: Talonflame
|-immune|p2a: Murkrow
|-supereffective|p2b: Salazzle
|-enditem|p2b: Salazzle|Focus Sash
|-damage|p2b: Salazzle|1/100
|-damage|p1a: Garchomp|91/100|[from] item: Life Orb
|move|p2a: Murkrow|Foul Play|p1a: Garchomp
|-damage|p1a: Garchomp|41/100
|-damage|p2a: Murkrow|57/100|[from] ability: Rough Skin|[of] p1a: Garchomp
|
|-weather|none
|upkeep
|turn|6
|inactive|Jjayy09 has 30 seconds left.
|
|t:|1756555143
|move|p1b: Talonflame|Dual Wingbeat|p2b: Salazzle
|-damage|p2b: Salazzle|0 fnt
|faint|p2b: Salazzle
|-hitcount|p2: Salazzle|1
|move|p1a: Garchomp|Dragon Claw|p2a: Murkrow
|-damage|p2a: Murkrow|12/100
|-damage|p1a: Garchomp|31/100|[from] item: Life Orb
|move|p2a: Murkrow|Foul Play|p1b: Talonflame
|-damage|p1b: Talonflame|0 fnt
|faint|p1b: Talonflame
|
|-sideend|p2: stanhoff|move: Tailwind
|-sideend|p1: Jjayy09|move: Tailwind
|upkeep
|
|t:|1756555155
|switch|p1b: Ninetales|Ninetales-Alola, L50, F, shiny|100/100
|switch|p2b: Annihilape|Annihilape, L50, F|100/100
|-weather|Snowscape|[from] ability: Snow Warning|[of] p1b: Ninetales
|turn|7
|inactive|stanhoff has 30 seconds left.
|inactive|stanhoff has 20 seconds left.
|
|t:|1756555194
|-terastallize|p1b: Ninetales|Ice
|move|p2b: Annihilape|Final Gambit|p1b: Ninetales
|-damage|p1b: Ninetales|0 fnt
|faint|p2b: Annihilape
|faint|p1b: Ninetales
|move|p1a: Garchomp|Stomping Tantrum|p2a: Murkrow
|-immune|p2a: Murkrow
|move|p2a: Murkrow|Foul Play|p1a: Garchomp
|-damage|p1a: Garchomp|0 fnt
|-damage|p2a: Murkrow|0 fnt|[from] ability: Rough Skin|[of] p1a: Garchomp
|faint|p1a: Garchomp
|faint|p2a: Murkrow
|
|win|stanhoff
|raw|Jjayy09's rating: 1086 → 1060(-26 for losing)
|raw|stanhoff's rating: 1045 → 1082(+37 for winning)
|l|☆Jjayy09
|player|p1|
