|j|☆Rin Itachi
|j|☆palle synchro
|html|Rin Itachipalle synchro    
|uhtml|bestof|Game 1 of a best-of-3
|t:|1757006576
|gametype|doubles
|player|p1|Rin Itachi|lacey|1357
|player|p2|palle synchro|volkner|1411
|gen|9
|tier|[Gen 9] VGC 2025 Reg H (Bo3)
|rated|
|rule|Species Clause: Limit one of each Pokémon
|rule|Item Clause: Limit 1 of each item
|clearpoke
|poke|p1|Kingambit, L50, M|
|poke|p1|Volcarona, L50, M|
|poke|p1|Annihilape, L50, M|
|poke|p1|Rillaboom, L50, M|
|poke|p1|Electabuzz, L50, M|
|poke|p1|Dragonite, L50, M|
|poke|p2|Whimsicott, L50, M|
|poke|p2|Arcanine-Hisui, L50, M|
|poke|p2|Indeedee, L50, M|
|poke|p2|Sneasler, L50, F|
|poke|p2|Ursaluna-Bloodmoon, L50, M|
|poke|p2|Archaludon, L50, F|
|teampreview|4
|showteam|p1|Kingambit||BlackGlasses|Defiant|KowtowCleave,SuckerPunch,Protect,SwordsDance|||M|||50|,,,,,Dark]Volcarona||CovertCloak|FlameBody|TeraBlast,HeatWave,WillOWisp,QuiverDance|||M|||50|,,,,,Fairy]Annihilape||SafetyGoggles|Defiant|CloseCombat,RageFist,RockSlide,FinalGambit|||M|||50|,,,,,Water]Rillaboom||AssaultVest|GrassySurge|WoodHammer,GrassyGlide,FakeOut,KnockOff|||M|||50|,,,,,Fire]Electabuzz||Eviolite|VitalSpirit|Thunderbolt,HelpingHand,Protect,FollowMe|||M|||50|,,,,,Ghost]Dragonite||LoadedDice|Multiscale|ScaleShot,StompingTantrum,Protect,Haze|||M|||50|,,,,,Ground
|showteam|p2|Whimsicott||CovertCloak|Prankster|Moonblast,Taunt,Tailwind,FakeTears|||M|||50|,,,,,Water]Arcanine-Hisui||ClearAmulet|Intimidate|RockSlide,FlareBlitz,ExtremeSpeed,Protect|||M|||50|,,,,,Ghost]Indeedee||FocusSash|PsychicSurge|ExpandingForce,TeraBlast,Imprison,TrickRoom|||M|||50|,,,,,Psychic]Sneasler||PsychicSeed|Unburden|CloseCombat,DireClaw,ThroatChop,Protect|||F|||50|,,,,,Dark]Ursaluna-Bloodmoon||LifeOrb|MindsEye|HyperVoice,BloodMoon,EarthPower,Protect|||M|||50|,,,,,Normal]Archaludon||PowerHerb|Stalwart|ElectroShot,DragonPulse,Thunderbolt,Protect|||F|||50|,,,,,Electric
|inactive|Battle timer is ON: inactive players will automatically lose when time's up. (requested by palle synchro)
|
|t:|1757006606
|teamsize|p1|4
|teamsize|p2|4
|start
|switch|p1a: Dragonite|Dragonite, L50, M, shiny|100/100
|switch|p1b: Kingambit|Kingambit, L50, M|100/100
|switch|p2a: Whimsicott|Whimsicott, L50, M|100/100
|switch|p2b: Archaludon|Archaludon, L50, F|100/100
|turn|1
|
|t:|1757006618
|-terastallize|p2b: Archaludon|Electric
|-terastallize|p1a: Dragonite|Ground
|move|p2a: Whimsicott|Moonblast|p1a: Dragonite
|-damage|p1a: Dragonite|87/100
|-unboost|p1a: Dragonite|spa|1
|move|p2b: Archaludon|Electro Shot||[still]
|-prepare|p2b: Archaludon|Electro Shot
|-boost|p2b: Archaludon|spa|1
|-enditem|p2b: Archaludon|Power Herb
|-anim|p2b: Archaludon|Electro Shot|p1b: Kingambit
|-damage|p1b: Kingambit|0 fnt
|faint|p1b: Kingambit
|move|p1a: Dragonite|Stomping Tantrum|p2b: Archaludon
|-supereffective|p2b: Archaludon
|-damage|p2b: Archaludon|27/100
|
|upkeep
|
|t:|1757006634
|switch|p1b: Rillaboom|Rillaboom, L50, M|100/100
|-fieldstart|move: Grassy Terrain|[from] ability: Grassy Surge|[of] p1b: Rillaboom
|turn|2
|
|t:|1757006646
|move|p2b: Archaludon|Protect|p2b: Archaludon
|-singleturn|p2b: Archaludon|Protect
|move|p1a: Dragonite|Protect|p1a: Dragonite
|-singleturn|p1a: Dragonite|Protect
|move|p2a: Whimsicott|Taunt|p1a: Dragonite
|-activate|p1a: Dragonite|move: Protect
|move|p1b: Rillaboom|Grassy Glide|p2b: Archaludon
|-activate|p2b: Archaludon|move: Protect
|
|-heal|p2b: Archaludon|33/100|[from] Grassy Terrain
|-heal|p1a: Dragonite|93/100|[from] Grassy Terrain
|upkeep
|turn|3
|
|t:|1757006654
|switch|p1a: Electabuzz|Electabuzz, L50, M|100/100
|move|p1b: Rillaboom|Grassy Glide|p2b: Archaludon
|-damage|p2b: Archaludon|0 fnt
|faint|p2b: Archaludon
|move|p2a: Whimsicott|Moonblast|p1a: Electabuzz
|-damage|p1a: Electabuzz|79/100
|-unboost|p1a: Electabuzz|spa|1
|
|-heal|p1a: Electabuzz|85/100|[from] Grassy Terrain
|upkeep
|inactive|palle synchro has 30 seconds left.
|
|t:|1757006685
|switch|p2b: Arcanine|Arcanine-Hisui, L50, M|100/100
|-ability|p2b: Arcanine|Intimidate|boost
|-unboost|p1a: Electabuzz|atk|1
|-unboost|p1b: Rillaboom|atk|1
|turn|4
|
|t:|1757006699
|move|p1a: Electabuzz|Helping Hand|p1b: Rillaboom
|-singleturn|p1b: Rillaboom|Helping Hand|[of] p1a: Electabuzz
|move|p2a: Whimsicott|Moonblast|p1b: Rillaboom
|-damage|p1b: Rillaboom|80/100
|move|p2b: Arcanine|Rock Slide|p1b: Rillaboom|[spread] p1a,p1b
|-damage|p1a: Electabuzz|59/100
|-damage|p1b: Rillaboom|54/100
|cant|p1b: Rillaboom|flinch
|
|-heal|p1a: Electabuzz|65/100|[from] Grassy Terrain
|-heal|p1b: Rillaboom|59/100|[from] Grassy Terrain
|upkeep
|turn|5
|
|t:|1757006712
|move|p1a: Electabuzz|Helping Hand|p1b: Rillaboom
|-singleturn|p1b: Rillaboom|Helping Hand|[of] p1a: Electabuzz
|move|p2a: Whimsicott|Moonblast|p1b: Rillaboom
|-damage|p1b: Rillaboom|38/100
|-unboost|p1b: Rillaboom|spa|1
|move|p2b: Arcanine|Flare Blitz|p1b: Rillaboom
|-supereffective|p1b: Rillaboom
|-damage|p1b: Rillaboom|0 fnt
|faint|p1b: Rillaboom
|-damage|p2b: Arcanine|87/100|[from] Recoil
|
|-heal|p1a: Electabuzz|71/100|[from] Grassy Terrain
|-heal|p2b: Arcanine|93/100|[from] Grassy Terrain
|upkeep
|
|t:|1757006719
|switch|p1b: Dragonite|Dragonite, L50, M, shiny, tera:Ground|93/100
|turn|6
|
|t:|1757006735
|move|p1a: Electabuzz|Protect|p1a: Electabuzz
|-singleturn|p1a: Electabuzz|Protect
|move|p2b: Arcanine|Protect|p2b: Arcanine
|-singleturn|p2b: Arcanine|Protect
|move|p2a: Whimsicott|Fake Tears|p1a: Electabuzz
|-activate|p1a: Electabuzz|move: Protect
|move|p1b: Dragonite|Scale Shot|p2b: Arcanine
|-activate|p2b: Arcanine|move: Protect
|
|-heal|p1a: Electabuzz|77/100|[from] Grassy Terrain
|-heal|p2b: Arcanine|99/100|[from] Grassy Terrain
|-heal|p1b: Dragonite|99/100|[from] Grassy Terrain
|-fieldend|move: Grassy Terrain
|upkeep
|turn|7
|
|t:|1757006747
|switch|p2b: Sneasler|Sneasler, L50, F|100/100
|move|p1a: Electabuzz|Follow Me|p1a: Electabuzz
|-singleturn|p1a: Electabuzz|move: Follow Me
|move|p2a: Whimsicott|Fake Tears|p1a: Electabuzz
|-unboost|p1a: Electabuzz|spd|2
|move|p1b: Dragonite|Scale Shot|p2b: Sneasler
|-damage|p2b: Sneasler|79/100
|-damage|p2b: Sneasler|58/100
|-damage|p2b: Sneasler|34/100
|-damage|p2b: Sneasler|11/100
|-damage|p2b: Sneasler|0 fnt
|faint|p2b: Sneasler
|-hitcount|p2: Sneasler|5
|-unboost|p1b: Dragonite|def|1
|-boost|p1b: Dragonite|spe|1
|
|upkeep
|
|t:|1757006756
|switch|p2b: Arcanine|Arcanine-Hisui, L50, M|99/100
|-ability|p2b: Arcanine|Intimidate|boost
|-unboost|p1a: Electabuzz|atk|1
|-unboost|p1b: Dragonite|atk|1
|turn|8
|
|t:|1757006767
|move|p1a: Electabuzz|Protect|p1a: Electabuzz
|-singleturn|p1a: Electabuzz|Protect
|move|p2b: Arcanine|Protect|p2b: Arcanine
|-singleturn|p2b: Arcanine|Protect
|move|p1b: Dragonite|Stomping Tantrum|p2b: Arcanine
|-activate|p2b: Arcanine|move: Protect
|move|p2a: Whimsicott|Moonblast|p1a: Electabuzz
|-activate|p1a: Electabuzz|move: Protect
|
|upkeep
|turn|9
|
|t:|1757006786
|move|p2a: Whimsicott|Tailwind|p2a: Whimsicott
|-sidestart|p2: palle synchro|move: Tailwind
|move|p2b: Arcanine|Flare Blitz|p1a: Electabuzz
|-damage|p1a: Electabuzz|21/100
|-damage|p2b: Arcanine|82/100|[from] Recoil
|move|p1b: Dragonite|Stomping Tantrum|p2b: Arcanine
|-supereffective|p2b: Arcanine
|-damage|p2b: Arcanine|0 fnt
|faint|p2b: Arcanine
|move|p1a: Electabuzz|Thunderbolt|p2a: Whimsicott
|-resisted|p2a: Whimsicott
|-damage|p2a: Whimsicott|86/100
|
|upkeep
|turn|10
|
|t:|1757006794
|move|p1a: Electabuzz|Protect|p1a: Electabuzz
|-singleturn|p1a: Electabuzz|Protect
|move|p2a: Whimsicott|Moonblast|p1b: Dragonite
|-damage|p1b: Dragonite|70/100
|move|p1b: Dragonite|Haze|p1b: Dragonite
|-clearallboost
|
|upkeep
|turn|11
|
|t:|1757006804
|move|p1a: Electabuzz|Helping Hand|p1b: Dragonite
|-singleturn|p1b: Dragonite|Helping Hand|[of] p1a: Electabuzz
|move|p2a: Whimsicott|Moonblast|p1a: Electabuzz
|-damage|p1a: Electabuzz|0 fnt
|faint|p1a: Electabuzz
|move|p1b: Dragonite|Stomping Tantrum|p2a: Whimsicott
|-resisted|p2a: Whimsicott
|-damage|p2a: Whimsicott|47/100
|
|upkeep
|turn|12
|
|t:|1757006817
|move|p2a: Whimsicott|Fake Tears|p1b: Dragonite
|-unboost|p1b: Dragonite|spd|2
|move|p1b: Dragonite|Stomping Tantrum|p2a: Whimsicott
|-resisted|p2a: Whimsicott
|-damage|p2a: Whimsicott|17/100
|
|-sideend|p2: palle synchro|move: Tailwind
|upkeep
|turn|13
|
|t:|1757006823
|move|p2a: Whimsicott|Moonblast|p1b: Dragonite
|-crit|p1b: Dragonite
|-damage|p1b: Dragonite|0 fnt
|faint|p1b: Dragonite
|
|win|palle synchro
