|j|☆Phonx_Ghost
|j|‽ajin22
|html|Phonx_Ghostajin22    
|uhtml|bestof|Game 2 of a best-of-3
|t:|1784949239
|gametype|doubles
|player|p1|Phonx_Ghost|will|1103
|player|p2|ajin22|2|1104
|gen|9
|tier|[Gen 9 Champions] VGC 2026 Reg M-B (Bo3)
|rated|
|rule|Species Clause: Limit one of each Pokémon
|rule|Item Clause: Limit 1 of each item
|clearpoke
|poke|p1|Golurk, L50, shiny|
|poke|p1|Rotom-Wash, L50|
|poke|p1|Spiritomb, L50, F|
|poke|p1|Sinistcha-Masterpiece, L50|
|poke|p1|Mawile, L50, M, shiny|
|poke|p1|Sneasler, L50, M|
|poke|p2|Raichu, L50, M|
|poke|p2|Gholdengo, L50|
|poke|p2|Garchomp, L50, F|
|poke|p2|Incineroar, L50, F|
|poke|p2|Milotic, L50, M|
|poke|p2|Whimsicott, L50, M|
|teampreview|4
|showteam|p1|Golurk||Golurkite|IronFist|Poltergeist,Earthquake,IcePunch,Protect|Adamant|||||50|]Rotom-Wash||RindoBerry|Levitate|Discharge,HydroPump,Protect,DarkPulse|Modest|||||50|]Spiritomb||BlackGlasses|Infiltrator|TrickRoom,Snarl,Protect,WillOWisp|Modest||F|||50|]Sinistcha-Masterpiece||Leftovers|Hospitality|MatchaGotcha,Protect,LifeDew,Hex|Calm|||||50|]Mawile||Mawilite|Intimidate|IronHead,PlayRough,PsychicFangs,Protect|Careful||M|||50|]Sneasler||FocusSash|PoisonTouch|CloseCombat,DireClaw,UpperHand,QuickAttack|Adamant||M|||50|
|showteam|p2|Raichu||RaichuniteY|LightningRod|ZapCannon,FocusBlast,Protect,FakeOut|Timid||M|||50|]Gholdengo||SpellTag|GoodasGold|NastyPlot,ShadowBall,Protect,MakeItRain|Modest|||||50|]Garchomp||LifeOrb|RoughSkin|Earthquake,RockSlide,Protect,DragonClaw|Adamant||F|||50|]Incineroar||SitrusBerry|Intimidate|FakeOut,FlareBlitz,DarkestLariat,PartingShot|Impish||F|||50|]Milotic||Leftovers|Competitive|Coil,HydroPump,Hypnosis,Recover|Calm||M|||50|]Whimsicott||FocusSash|Prankster|Tailwind,Moonblast,Encore,Protect|Timid||M|||50|
|
|t:|1784949271
|teamsize|p1|4
|teamsize|p2|4
|start
|switch|p1a: Chámara|Sinistcha-Masterpiece, L50|100/100
|switch|p1b: Cynthia v2|Spiritomb, L50, F|100/100
|switch|p2a: Milotic|Milotic, L50, M|100/100
|switch|p2b: Incineroar|Incineroar, L50, F|100/100
|-ability|p2b: Incineroar|Intimidate|boost
|-unboost|p1a: Chámara|atk|1
|-unboost|p1b: Cynthia v2|atk|1
|turn|1
|
|t:|1784949286
|move|p2a: Milotic|Coil|p2a: Milotic
|-boost|p2a: Milotic|atk|1
|-boost|p2a: Milotic|def|1
|-boost|p2a: Milotic|accuracy|1
|move|p1a: Chámara|Matcha Gotcha|p2b: Incineroar|[spread] p2a,p2b
|-supereffective|p2a: Milotic|1
|-resisted|p2b: Incineroar|1
|-damage|p2a: Milotic|66/100
|-damage|p2b: Incineroar|88/100
|move|p2b: Incineroar|Flare Blitz|p1a: Chámara
|-supereffective|p1a: Chámara|1
|-damage|p1a: Chámara|11/100
|-status|p1a: Chámara|brn
|-damage|p2b: Incineroar|62/100|[from] Recoil
|move|p1b: Cynthia v2|Trick Room|p1b: Cynthia v2
|-fieldstart|move: Trick Room|[of] p1b: Cynthia v2
|
|-heal|p1a: Chámara|17/100 brn|[from] item: Leftovers
|-heal|p2a: Milotic|72/100|[from] item: Leftovers
|-damage|p1a: Chámara|11/100 brn|[from] brn
|upkeep
|turn|2
|
|t:|1784949317
|move|p1b: Cynthia v2|Snarl|p2b: Incineroar|[spread] p2a,p2b
|-resisted|p2b: Incineroar|1
|-damage|p2a: Milotic|62/100
|-damage|p2b: Incineroar|55/100
|-unboost|p2a: Milotic|spa|1
|-ability|p2a: Milotic|Competitive|boost
|-boost|p2a: Milotic|spa|2
|-unboost|p2b: Incineroar|spa|1
|move|p2b: Incineroar|Flare Blitz|p1a: Chámara
|-supereffective|p1a: Chámara|1
|-damage|p1a: Chámara|0 fnt
|faint|p1a: Chámara
|-damage|p2b: Incineroar|51/100|[from] Recoil
|move|p2a: Milotic|Coil|p2a: Milotic
|-boost|p2a: Milotic|atk|1
|-boost|p2a: Milotic|def|1
|-boost|p2a: Milotic|accuracy|1
|
|-heal|p2a: Milotic|68/100|[from] item: Leftovers
|upkeep
|
|t:|1784949336
|switch|p1a: Laraldo|Rotom-Wash, L50|100/100
|turn|3
|
|t:|1784949346
|switch|p1b: Reginaldo-Prime|Golurk, L50, shiny|100/100
|move|p2b: Incineroar|Darkest Lariat|p1a: Laraldo
|-damage|p1a: Laraldo|64/100
|move|p2a: Milotic|Hypnosis|p1a: Laraldo
|-status|p1a: Laraldo|slp|[from] move: Hypnosis
|cant|p1a: Laraldo|slp
|
|-heal|p2a: Milotic|74/100|[from] item: Leftovers
|upkeep
|turn|4
|
|t:|1784949362
|detailschange|p1b: Reginaldo-Prime|Golurk-Mega, L50, shiny
|-mega|p1b: Reginaldo-Prime|Golurk|Golurkite
|move|p1b: Reginaldo-Prime|Earthquake|p2a: Milotic|[spread] p2a,p2b
|-immune|p1a: Laraldo|[from] ability: Levitate
|-supereffective|p2b: Incineroar|1
|-damage|p2a: Milotic|49/100
|-damage|p2b: Incineroar|0 fnt
|faint|p2b: Incineroar
|move|p2a: Milotic|Hydro Pump|p1b: Reginaldo-Prime
|-supereffective|p1b: Reginaldo-Prime|1
|-damage|p1b: Reginaldo-Prime|0 fnt
|faint|p1b: Reginaldo-Prime
|cant|p1a: Laraldo|slp
|
|-heal|p2a: Milotic|54/100|[from] item: Leftovers
|upkeep
|
|t:|1784949377
|switch|p1b: Cynthia v2|Spiritomb, L50, F|100/100
|switch|p2b: Raichu|Raichu, L50, M|100/100
|turn|5
|
|t:|1784949387
|detailschange|p2b: Raichu|Raichu-Mega-Y, L50, M
|-mega|p2b: Raichu|Raichu|Raichunite Y
|move|p2b: Raichu|Fake Out|p1a: Laraldo
|-damage|p1a: Laraldo|56/100 slp
|move|p1b: Cynthia v2|Snarl|p2b: Raichu|[spread] p2a,p2b
|-damage|p2a: Milotic|44/100
|-damage|p2b: Raichu|73/100
|-unboost|p2a: Milotic|spa|1
|-ability|p2a: Milotic|Competitive|boost
|-boost|p2a: Milotic|spa|2
|-unboost|p2b: Raichu|spa|1
|move|p2a: Milotic|Hypnosis|p1b: Cynthia v2
|-status|p1b: Cynthia v2|slp|[from] move: Hypnosis
|-curestatus|p1a: Laraldo|slp|[msg]
|cant|p1a: Laraldo|flinch
|
|-heal|p2a: Milotic|50/100g|[from] item: Leftovers
|-fieldend|move: Trick Room
|upkeep
|turn|6
|inactive|Battle timer is ON: inactive players will automatically lose when time's up. (requested by ajin22)
|
|t:|1784949418
|move|p2b: Raichu|Zap Cannon|p1a: Laraldo
|-damage|p1a: Laraldo|6/100
|move|p1a: Laraldo|Dark Pulse|p2a: Milotic
|-damage|p2a: Milotic|37/100
|move|p2a: Milotic|Hydro Pump|p1a: Laraldo
|-resisted|p1a: Laraldo|1
|-damage|p1a: Laraldo|0 fnt
|faint|p1a: Laraldo
|cant|p1b: Cynthia v2|slp
|
|-heal|p2a: Milotic|43/100|[from] item: Leftovers
|upkeep
|turn|7
|-message|Phonx_Ghost forfeited.
|
|win|ajin22
|raw|Phonx_Ghost's rating: 1103 → 1078(-25 for losing)
|raw|ajin22's rating: 1104 → 1129(+25 for winning)
|l|☆Phonx_Ghost
|player|p1|
