|j|☆JonnyNerd
|j|☆DeewompostYT
|html|JonnyNerdDeewompostYT    
|uhtml|bestof|Game 1 of a best-of-3
|t:|1783139361
|gametype|doubles
|player|p1|JonnyNerd|waiter-gen4dp|
|player|p2|DeewompostYT|guitarist|
|gen|9
|tier|[Gen 9 Champions] VGC 2026 Reg M-B (Bo3)
|rule|Species Clause: Limit one of each Pokémon
|rule|Item Clause: Limit 1 of each item
|clearpoke
|poke|p1|Mamoswine, L50, F|
|poke|p1|Sinistcha-Masterpiece, L50|
|poke|p1|Rotom-Wash, L50|
|poke|p1|Froslass, L50, F|
|poke|p1|Blaziken, L50, F|
|poke|p1|Kingambit, L50, M|
|poke|p2|Scovillain, L50, F|
|poke|p2|Grimmsnarl, L50, M|
|poke|p2|Basculegion, L50, M|
|poke|p2|Kingambit, L50, M|
|poke|p2|Garchomp, L50, F|
|poke|p2|Floette-Eternal, L50, F|
|teampreview|4
|showteam|p1|Mamoswine||FocusSash|Oblivious|Protect,HighHorsepower,IceShard,Earthquake|Adamant||F|||50|]Sinistcha-Masterpiece||KasibBerry|Hospitality|TrickRoom,MatchaGotcha,RagePowder,Protect|Relaxed|||||50|]Rotom-Wash||ChoiceScarf|Levitate|Thunderbolt,HydroPump,WillOWisp,Electroweb|Timid|||||50|]Froslass||Froslassite|SnowCloak|Protect,AuroraVeil,Blizzard,ShadowBall|Modest||F|||50|]Blaziken||Blazikenite|SpeedBoost|Protect,CloseCombat,FlareBlitz,RockSlide|Adamant||F|||50|]Kingambit||BlackGlasses|Defiant|Protect,KowtowCleave,SuckerPunch,SwordsDance|Adamant||M|||50|
|showteam|p2|Scovillain||Scovillainite|Moody|RagePowder,Flamethrower,GigaDrain,Protect|Calm||F|||50|]Grimmsnarl||LightClay|Prankster|LightScreen,Reflect,SpiritBreak,PartingShot|Careful||M|||50|]Basculegion||MysticWater|Adaptability|WaveCrash,LastRespects,AquaJet,Protect|Adamant||M|||50|]Kingambit||BlackGlasses|Defiant|KowtowCleave,SuckerPunch,IronHead,Protect|Adamant||M|||50|]Garchomp||LifeOrb|RoughSkin|Earthquake,DragonClaw,RockSlide,Protect|Jolly||F|||50|]Floette-Eternal||Floettite|FlowerVeil|DazzlingGleam,CalmMind,Moonblast,Protect|Modest||F|||50|
|inactive|Battle timer is ON: inactive players will automatically lose when time's up. (requested by JonnyNerd)
|
|t:|1783139402
|teamsize|p1|4
|teamsize|p2|4
|start
|switch|p1a: Froslass|Froslass, L50, F|100/100
|switch|p1b: Blaziken|Blaziken, L50, F|100/100
|switch|p2a: Scovillain|Scovillain, L50, F|100/100
|switch|p2b: Grimmsnarl|Grimmsnarl, L50, M|100/100
|turn|1
|
|t:|1783139417
|detailschange|p1a: Froslass|Froslass-Mega, L50, F
|-mega|p1a: Froslass|Froslass|Froslassite
|-weather|Snowscape|[from] ability: Snow Warning|[of] p1a: Froslass
|move|p2a: Scovillain|Protect|p2a: Scovillain
|-singleturn|p2a: Scovillain|Protect
|move|p2b: Grimmsnarl|Light Screen|p2b: Grimmsnarl
|-sidestart|p2: DeewompostYT|move: Light Screen
|move|p1a: Froslass|Aurora Veil|p1a: Froslass
|-sidestart|p1: JonnyNerd|move: Aurora Veil
|move|p1b: Blaziken|Rock Slide|p2b: Grimmsnarl|[spread] p2b
|-activate|p2a: Scovillain|move: Protect
|-damage|p2b: Grimmsnarl|74/100
|
|-weather|Snowscape|[upkeep]
|-ability|p1b: Blaziken|Speed Boost|boost
|-boost|p1b: Blaziken|spe|1
|-ability|p2a: Scovillain|Moody|boost
|-boost|p2a: Scovillain|spe|2
|-unboost|p2a: Scovillain|spd|1
|upkeep
|turn|2
|inactive|DeewompostYT has 30 seconds left.
|
|t:|1783139450
|move|p1a: Froslass|Protect|p1a: Froslass
|-singleturn|p1a: Froslass|Protect
|move|p2b: Grimmsnarl|Reflect|p2b: Grimmsnarl
|-sidestart|p2: DeewompostYT|Reflect
|move|p1b: Blaziken|Flare Blitz|p2a: Scovillain
|-damage|p2a: Scovillain|39/100
|-damage|p1b: Blaziken|78/100|[from] Recoil
|move|p2a: Scovillain|Flamethrower|p1a: Froslass
|-activate|p1a: Froslass|move: Protect
|
|-weather|Snowscape|[upkeep]
|-ability|p1b: Blaziken|Speed Boost|boost
|-boost|p1b: Blaziken|spe|1
|-ability|p2a: Scovillain|Moody|boost
|-boost|p2a: Scovillain|spd|2
|-unboost|p2a: Scovillain|spe|1
|upkeep
|turn|3
|
|t:|1783139471
|move|p2a: Scovillain|Protect|p2a: Scovillain
|-singleturn|p2a: Scovillain|Protect
|move|p2b: Grimmsnarl|Parting Shot|p1b: Blaziken
|-unboost|p1b: Blaziken|atk|1
|-unboost|p1b: Blaziken|spa|1
|
|t:|1783139476
|switch|p2b: Basculegion|Basculegion, L50, M|100/100|[from] Parting Shot
|move|p1b: Blaziken|Flare Blitz|p2a: Scovillain
|-activate|p2a: Scovillain|move: Protect
|move|p1a: Froslass|Blizzard|p2b: Basculegion|[spread] p2b
|-activate|p2a: Scovillain|move: Protect
|-resisted|p2b: Basculegion|1
|-damage|p2b: Basculegion|85/100
|
|-weather|Snowscape|[upkeep]
|-ability|p1b: Blaziken|Speed Boost|boost
|-boost|p1b: Blaziken|spe|1
|-ability|p2a: Scovillain|Moody|boost
|-boost|p2a: Scovillain|spd|2
|-unboost|p2a: Scovillain|def|1
|upkeep
|turn|4
|inactive|DeewompostYT has 30 seconds left.
|inactive|DeewompostYT has 20 seconds left.
|inactive|DeewompostYT has 15 seconds left.
|inactive|DeewompostYT has 10 seconds left.
|
|t:|1783139522
|detailschange|p2a: Scovillain|Scovillain-Mega, L50, F
|-mega|p2a: Scovillain|Scovillain|Scovillainite
|move|p1b: Blaziken|Protect|p1b: Blaziken
|-singleturn|p1b: Blaziken|Protect
|move|p2a: Scovillain|Rage Powder|p2a: Scovillain
|-singleturn|p2a: Scovillain|move: Rage Powder
|move|p1a: Froslass|Shadow Ball|p2a: Scovillain
|-damage|p2a: Scovillain|28/100
|-status|p1a: Froslass|brn|[from] ability: Spicy Spray|[of] p2a: Scovillain
|move|p2b: Basculegion|Last Respects|p1a: Froslass
|-supereffective|p1a: Froslass|1
|-damage|p1a: Froslass|47/100 brn
|
|-weather|Snowscape|[upkeep]
|-damage|p1a: Froslass|41/100 brn|[from] brn
|-ability|p1b: Blaziken|Speed Boost|boost
|-boost|p1b: Blaziken|spe|1
|upkeep
|turn|5
|inactive|DeewompostYT has 30 seconds left.
|inactive|DeewompostYT has 20 seconds left.
|inactive|DeewompostYT has 15 seconds left.
|
|t:|1783139563
|move|p2b: Basculegion|Protect|p2b: Basculegion
|-singleturn|p2b: Basculegion|Protect
|move|p1b: Blaziken|Rock Slide|p2a: Scovillain|[spread] p2a
|-activate|p2b: Basculegion|move: Protect
|-supereffective|p2a: Scovillain|1
|-damage|p2a: Scovillain|0 fnt
|-immune|p1b: Blaziken
|faint|p2a: Scovillain
|move|p1a: Froslass|Blizzard|p2b: Basculegion
|-activate|p2b: Basculegion|move: Protect
|
|-weather|none
|-damage|p1a: Froslass|35/100 brn|[from] brn
|-sideend|p1: JonnyNerd|move: Aurora Veil
|-ability|p1b: Blaziken|Speed Boost|boost
|-boost|p1b: Blaziken|spe|1
|upkeep
|
|t:|1783139588
|switch|p2a: Grimmsnarl|Grimmsnarl, L50, M|74/100
|turn|6
|
|t:|1783139600
|switch|p1a: Kingambit|Kingambit, L50, M|100/100
|move|p2b: Basculegion|Aqua Jet|p1b: Blaziken
|-supereffective|p1b: Blaziken|1
|-damage|p1b: Blaziken|0 fnt
|faint|p1b: Blaziken
|move|p2a: Grimmsnarl|Spirit Break|p1a: Kingambit
|-damage|p1a: Kingambit|76/100
|-unboost|p1a: Kingambit|spa|1
|-ability|p1a: Kingambit|Defiant|boost
|-boost|p1a: Kingambit|atk|2
|
|upkeep
|
|t:|1783139606
|switch|p1b: Froslass|Froslass-Mega, L50, F|35/100 brn
|-weather|Snowscape|[from] ability: Snow Warning|[of] p1b: Froslass
|turn|7
|
|t:|1783139620
|move|p2b: Basculegion|Aqua Jet|p1b: Froslass
|-damage|p1b: Froslass|0 fnt
|faint|p1b: Froslass
|move|p2a: Grimmsnarl|Spirit Break|p1a: Kingambit
|-damage|p1a: Kingambit|50/100g
|-unboost|p1a: Kingambit|spa|1
|-ability|p1a: Kingambit|Defiant|boost
|-boost|p1a: Kingambit|atk|2
|move|p1a: Kingambit|Kowtow Cleave|p2a: Grimmsnarl
|-resisted|p2a: Grimmsnarl|2
|-damage|p2a: Grimmsnarl|34/100
|
|-weather|Snowscape|[upkeep]
|upkeep
|
|t:|1783139626
|switch|p1b: Mamoswine|Mamoswine, L50, F|100/100
|turn|8
|
|t:|1783139639
|move|p2b: Basculegion|Protect|p2b: Basculegion
|-singleturn|p2b: Basculegion|Protect
|move|p1b: Mamoswine|High Horsepower|p2a: Grimmsnarl
|-damage|p2a: Grimmsnarl|0 fnt
|faint|p2a: Grimmsnarl
|move|p1a: Kingambit|Kowtow Cleave|p2b: Basculegion
|-activate|p2b: Basculegion|move: Protect
|
|-weather|Snowscape|[upkeep]
|-sideend|p2: DeewompostYT|move: Light Screen
|upkeep
|
|t:|1783139644
|switch|p2a: Garchomp|Garchomp, L50, F|100/100
|turn|9
|
|t:|1783139651
|move|p1b: Mamoswine|Protect|p1b: Mamoswine
|-singleturn|p1b: Mamoswine|Protect
|move|p2b: Basculegion|Aqua Jet|p1b: Mamoswine
|-activate|p1b: Mamoswine|move: Protect
|move|p2a: Garchomp|Earthquake|p1b: Mamoswine|[spread] p2b,p1a
|-activate|p1b: Mamoswine|move: Protect
|-supereffective|p1a: Kingambit|1
|-damage|p2b: Basculegion|49/100
|-damage|p1a: Kingambit|0 fnt
|faint|p1a: Kingambit
|-damage|p2a: Garchomp|90/100|[from] item: Life Orb
|
|-weather|Snowscape|[upkeep]
|-sideend|p2: DeewompostYT|Reflect
|upkeep
|turn|10
|
|t:|1783139669
|move|p2b: Basculegion|Protect|p2b: Basculegion
|-singleturn|p2b: Basculegion|Protect
|move|p2a: Garchomp|Earthquake|p1b: Mamoswine|[spread] p1b
|-activate|p2b: Basculegion|move: Protect
|-crit|p1b: Mamoswine
|-damage|p1b: Mamoswine|41/100
|-damage|p2a: Garchomp|80/100|[from] item: Life Orb
|move|p1b: Mamoswine|High Horsepower|p2b: Basculegion
|-activate|p2b: Basculegion|move: Protect
|
|-weather|Snowscape|[upkeep]
|upkeep
|turn|11
|-message|JonnyNerd forfeited.
|
|win|DeewompostYT
|l|☆JonnyNerd
|player|p1|
||JonnyNerd is ready for game 2.
||DeewompostYT is ready for game 2.
|uhtml|next|Next: Game 2 of 3
