|j|☆wittraid
|j|☆LorGhez
|html|wittraidLorGhez    
|uhtml|bestof|Game 2 of a best-of-3
|t:|1783534345
|gametype|doubles
|player|p1|wittraid|169|
|player|p2|LorGhez|170|
|gen|9
|tier|[Gen 9 Champions] VGC 2026 Reg M-B (Bo3)
|rule|Species Clause: Limit one of each Pokémon
|rule|Item Clause: Limit 1 of each item
|clearpoke
|poke|p1|Pelipper, L50, F|
|poke|p1|Archaludon, L50, F|
|poke|p1|Swampert, L50, M|
|poke|p1|Sinistcha, L50|
|poke|p1|Kingambit, L50, M|
|poke|p1|Klefki, L50, F|
|poke|p2|Venusaur, L50, M|
|poke|p2|Incineroar, L50, F|
|poke|p2|Primarina, L50, F|
|poke|p2|Aerodactyl, L50, M|
|poke|p2|Kingambit, L50, F|
|poke|p2|Farigiraf, L50, M|
|teampreview|4
|showteam|p1|Pelipper||FocusSash|Drizzle|Hurricane,WeatherBall,Tailwind,Protect|Modest||F|||50|]Archaludon||Leftovers|Stamina|ElectroShot,Snarl,DragonPulse,Protect|Bold||F|||50|]Swampert||Swampertite|Damp|WaveCrash,HighHorsepower,IcePunch,Protect|Adamant||M|||50|]Sinistcha||SitrusBerry|Hospitality|RagePowder,TrickRoom,LifeDew,MatchaGotcha|Calm|||||50|]Kingambit||BlackGlasses|Defiant|IronHead,KowtowCleave,SuckerPunch,Protect|Adamant||M|||50|]Klefki||LightClay|Prankster|Reflect,LightScreen,RainDance,TrickRoom|Calm||F|||50|
|showteam|p2|Venusaur||Venusaurite|Chlorophyll|Protect,GigaDrain,SludgeBomb,EarthPower|Modest||M|||50|]Incineroar||Charcoal|Intimidate|FakeOut,PartingShot,DarkestLariat,FlareBlitz|Adamant||F|||50|]Primarina||LifeOrb|LiquidVoice|Protect,CalmMind,HyperVoice,Moonblast|Modest||F|||50|]Aerodactyl||Aerodactylite|Unnerve|DualWingbeat,Tailwind,RockSlide,IceFang|Adamant||M|||50|]Kingambit||BlackGlasses|Defiant|Protect,SuckerPunch,KowtowCleave,LowKick|Adamant||F|||50|]Farigiraf||ColburBerry|ArmorTail|TwinBeam,TrickRoom,Thunderbolt,HelpingHand|Sassy||M|||50|
|inactive|Battle timer is ON: inactive players will automatically lose when time's up. (requested by wittraid)
|inactive|LorGhez has 60 seconds left.
|
|t:|1783534381
|teamsize|p1|4
|teamsize|p2|4
|start
|switch|p1a: Archaludon|Archaludon, L50, F|100/100
|switch|p1b: Pelipper|Pelipper, L50, F|100/100
|switch|p2a: Farigiraf|Farigiraf, L50, M|100/100
|switch|p2b: Venusaur|Venusaur, L50, M|100/100
|-weather|RainDance|[from] ability: Drizzle|[of] p1b: Pelipper
|turn|1
|inactive|wittraid has 30 seconds left.
|inactive|wittraid has 20 seconds left.
|inactive|wittraid has 15 seconds left.
|
|t:|1783534424
|detailschange|p2b: Venusaur|Venusaur-Mega, L50, M
|-mega|p2b: Venusaur|Venusaur|Venusaurite
|move|p2b: Venusaur|Protect|p2b: Venusaur
|-singleturn|p2b: Venusaur|Protect
|move|p1a: Archaludon|Snarl|p2a: Farigiraf|[spread] p2a
|-activate|p2b: Venusaur|move: Protect
|-supereffective|p2a: Farigiraf|1
|-enditem|p2a: Farigiraf|Colbur Berry|[eat]
|-enditem|p2a: Farigiraf|Colbur Berry|[weaken]
|-damage|p2a: Farigiraf|92/100
|-unboost|p2a: Farigiraf|spa|1
|move|p1b: Pelipper|Hurricane|p2b: Venusaur
|-activate|p2b: Venusaur|move: Protect
|move|p2a: Farigiraf|Thunderbolt|p1b: Pelipper
|-supereffective|p1b: Pelipper|2
|-damage|p1b: Pelipper|17/100
|
|-weather|RainDance|[upkeep]
|upkeep
|turn|2
|inactive|LorGhez has 30 seconds left.
|inactive|LorGhez has 20 seconds left.
|inactive|LorGhez has 15 seconds left.
|
|t:|1783534465
|switch|p2b: Kingambit|Kingambit, L50, F|100/100
|move|p1a: Archaludon|Snarl|p2a: Farigiraf|[spread] p2a,p2b
|-supereffective|p2a: Farigiraf|1
|-resisted|p2b: Kingambit|1
|-damage|p2a: Farigiraf|73/100
|-damage|p2b: Kingambit|95/100
|-unboost|p2a: Farigiraf|spa|1
|-unboost|p2b: Kingambit|spa|1
|-ability|p2b: Kingambit|Defiant|boost
|-boost|p2b: Kingambit|atk|2
|move|p1b: Pelipper|Hurricane|p2b: Kingambit
|-resisted|p2b: Kingambit|1
|-damage|p2b: Kingambit|74/100
|-start|p2b: Kingambit|confusion
|move|p2a: Farigiraf|Twin Beam|p1b: Pelipper
|-damage|p1b: Pelipper|6/100
|-damage|p1b: Pelipper|0 fnt
|faint|p1b: Pelipper
|-hitcount|p1: Pelipper|2
|
|-weather|RainDance|[upkeep]
|upkeep
|
|t:|1783534483
|switch|p1b: Swampert|Swampert, L50, M|100/100
|turn|3
|
|t:|1783534500
|detailschange|p1b: Swampert|Swampert-Mega, L50, M
|-mega|p1b: Swampert|Swampert|Swampertite
|-activate|p2b: Kingambit|confusion
|-damage|p2b: Kingambit|51/100|[from] confusion
|move|p1b: Swampert|High Horsepower|p2b: Kingambit
|-supereffective|p2b: Kingambit|1
|-damage|p2b: Kingambit|0 fnt
|faint|p2b: Kingambit
|move|p1a: Archaludon|Electro Shot||[still]
|-prepare|p1a: Archaludon|Electro Shot
|-boost|p1a: Archaludon|spa|1
|-anim|p1a: Archaludon|Electro Shot|p2a: Farigiraf
|-damage|p2a: Farigiraf|30/100
|move|p2a: Farigiraf|Trick Room|p2a: Farigiraf
|-fieldstart|move: Trick Room|[of] p2a: Farigiraf
|
|-weather|RainDance|[upkeep]
|upkeep
|
|t:|1783534514
|switch|p2b: Venusaur|Venusaur-Mega, L50, M|100/100
|turn|4
|
|t:|1783534529
|move|p2a: Farigiraf|Helping Hand|p2b: Venusaur
|-singleturn|p2b: Venusaur|Helping Hand|[of] p2a: Farigiraf
|move|p1b: Swampert|Protect|p1b: Swampert
|-singleturn|p1b: Swampert|Protect
|move|p1a: Archaludon|Snarl|p2b: Venusaur|[spread] p2a,p2b
|-supereffective|p2a: Farigiraf|1
|-crit|p2b: Venusaur
|-damage|p2a: Farigiraf|5/100
|-damage|p2b: Venusaur|79/100
|-unboost|p2a: Farigiraf|spa|1
|-unboost|p2b: Venusaur|spa|1
|move|p2b: Venusaur|Earth Power|p1a: Archaludon
|-supereffective|p1a: Archaludon|1
|-damage|p1a: Archaludon|35/100
|-ability|p1a: Archaludon|Stamina|boost
|-boost|p1a: Archaludon|def|1
|
|-weather|RainDance|[upkeep]
|-heal|p1a: Archaludon|41/100|[from] item: Leftovers
|upkeep
|turn|5
|inactive|wittraid has 30 seconds left.
|
|t:|1783534555
|switch|p1b: Sinistcha|Sinistcha, L50|100/100
|-heal|p1a: Archaludon|65/100|[from] ability: Hospitality|[of] p1b: Sinistcha
|move|p2a: Farigiraf|Helping Hand|p2b: Venusaur
|-singleturn|p2b: Venusaur|Helping Hand|[of] p2a: Farigiraf
|move|p1a: Archaludon|Snarl|p2a: Farigiraf|[spread] p2a,p2b
|-supereffective|p2a: Farigiraf|1
|-crit|p2b: Venusaur
|-damage|p2a: Farigiraf|0 fnt
|-damage|p2b: Venusaur|57/100
|-unboost|p2b: Venusaur|spa|1
|faint|p2a: Farigiraf
|move|p2b: Venusaur|Earth Power|p1a: Archaludon
|-supereffective|p1a: Archaludon|1
|-damage|p1a: Archaludon|18/100
|-ability|p1a: Archaludon|Stamina|boost
|-boost|p1a: Archaludon|def|1
|
|-weather|none
|-heal|p1a: Archaludon|24/100|[from] item: Leftovers
|upkeep
|
|t:|1783534572
|switch|p2a: Primarina|Primarina, L50, F|100/100
|turn|6
|inactive|LorGhez has 30 seconds left.
|
|t:|1783534602
|move|p1a: Archaludon|Protect|p1a: Archaludon
|-singleturn|p1a: Archaludon|Protect
|move|p2a: Primarina|Moonblast|p1a: Archaludon
|-activate|p1a: Archaludon|move: Protect
|move|p1b: Sinistcha|Matcha Gotcha|p2a: Primarina|[spread] p2a,p2b
|-supereffective|p2a: Primarina|1
|-resisted|p2b: Venusaur|2
|-damage|p2a: Primarina|59/100
|-damage|p2b: Venusaur|52/100
|move|p2b: Venusaur|Sludge Bomb|p1b: Sinistcha
|-crit|p1b: Sinistcha
|-damage|p1b: Sinistcha|34/100
|-enditem|p1b: Sinistcha|Sitrus Berry|[eat]
|-heal|p1b: Sinistcha|58/100|[from] item: Sitrus Berry
|
|-heal|p1a: Archaludon|30/100|[from] item: Leftovers
|upkeep
|turn|7
|inactive|wittraid has 30 seconds left.
|inactive|wittraid has 20 seconds left.
|inactive|wittraid has 15 seconds left.
|inactive|wittraid has 10 seconds left.
|
|t:|1783534652
|move|p2a: Primarina|Protect|p2a: Primarina
|-singleturn|p2a: Primarina|Protect
|move|p1b: Sinistcha|Matcha Gotcha|p2a: Primarina|[spread] p2b
|-activate|p2a: Primarina|move: Protect
|-resisted|p2b: Venusaur|2
|-damage|p2b: Venusaur|47/100
|-heal|p1b: Sinistcha|61/100|[from] drain|[of] p2b: Venusaur
|move|p1a: Archaludon|Dragon Pulse|p2b: Venusaur
|-damage|p2b: Venusaur|6/100
|move|p2b: Venusaur|Earth Power|p1a: Archaludon
|-supereffective|p1a: Archaludon|1
|-damage|p1a: Archaludon|0 fnt
|faint|p1a: Archaludon
|
|-fieldend|move: Trick Room
|upkeep
|
|t:|1783534667
|switch|p1a: Swampert|Swampert-Mega, L50, M|100/100
|turn|8
|
|t:|1783534676
|move|p2b: Venusaur|Giga Drain|p1a: Swampert
|-supereffective|p1a: Swampert|2
|-damage|p1a: Swampert|36/100
|-heal|p2b: Venusaur|42/100|[from] drain|[of] p1a: Swampert
|move|p1a: Swampert|Ice Punch|p2b: Venusaur
|-supereffective|p2b: Venusaur|1
|-damage|p2b: Venusaur|14/100
|move|p1b: Sinistcha|Matcha Gotcha|p2a: Primarina|[spread] p2a,p2b
|-supereffective|p2a: Primarina|1
|-resisted|p2b: Venusaur|2
|-damage|p2a: Primarina|15/100
|-heal|p1b: Sinistcha|84/100|[from] drain|[of] p2a: Primarina
|-damage|p2b: Venusaur|9/100
|-heal|p1b: Sinistcha|87/100|[from] drain|[of] p2b: Venusaur
|move|p2a: Primarina|Hyper Voice|p1a: Swampert|[spread] p1a,p1b
|-resisted|p1b: Sinistcha|1
|-damage|p1a: Swampert|2/100
|-damage|p1b: Sinistcha|69/100
|-damage|p2a: Primarina|5/100|[from] item: Life Orb
|
|upkeep
|turn|9
|inactive|wittraid has 30 seconds left.
|inactive|LorGhez has 30 seconds left.
|inactive|wittraid has 20 seconds left.
|
|t:|1783534715
|move|p1a: Swampert|Protect|p1a: Swampert
|-singleturn|p1a: Swampert|Protect
|move|p2a: Primarina|Protect|p2a: Primarina
|-singleturn|p2a: Primarina|Protect
|move|p2b: Venusaur|Sludge Bomb|p1b: Sinistcha
|-damage|p1b: Sinistcha|47/100
|move|p1b: Sinistcha|Trick Room|p1b: Sinistcha
|-fieldstart|move: Trick Room|[of] p1b: Sinistcha
|
|upkeep
|turn|10
|inactive|LorGhez has 30 seconds left.
|
|t:|1783534743
|move|p2a: Primarina|Hyper Voice|p1b: Sinistcha|[spread] p1a,p1b
|-resisted|p1b: Sinistcha|1
|-damage|p1a: Swampert|0 fnt
|-damage|p1b: Sinistcha|29/100
|faint|p1a: Swampert
|-damage|p2a: Primarina|0 fnt|[from] item: Life Orb
|faint|p2a: Primarina
|move|p1b: Sinistcha|Matcha Gotcha|p2b: Venusaur
|-resisted|p2b: Venusaur|2
|-damage|p2b: Venusaur|3/100
|-heal|p1b: Sinistcha|32/100|[from] drain|[of] p2b: Venusaur
|move|p2b: Venusaur|Sludge Bomb|p1b: Sinistcha
|-damage|p1b: Sinistcha|8/100
|
|upkeep
|turn|11
|
|t:|1783534758
|move|p2b: Venusaur|Protect|p2b: Venusaur
|-singleturn|p2b: Venusaur|Protect
|move|p1b: Sinistcha|Matcha Gotcha|p2b: Venusaur
|-activate|p2b: Venusaur|move: Protect
|
|upkeep
|turn|12
|
|t:|1783534765
|move|p1b: Sinistcha|Matcha Gotcha|p2b: Venusaur
|-resisted|p2b: Venusaur|2
|-damage|p2b: Venusaur|0 fnt
|-heal|p1b: Sinistcha|10/100|[from] drain|[of] p2b: Venusaur
|faint|p2b: Venusaur
|
|win|wittraid
|c|☆wittraid|ggs
|c|☆LorGhez|gg
