|j|☆Astterio
|j|☆robby w
|html|Astteriorobby w    
|uhtml|bestof|Game 1 of a best-of-3
|t:|1756563557
|gametype|doubles
|player|p1|Astterio|eusine|1287
|player|p2|robby w|pokekid|1320
|gen|9
|tier|[Gen 9] VGC 2025 Reg H (Bo3)
|rated|
|rule|Species Clause: Limit one of each Pokémon
|rule|Item Clause: Limit 1 of each item
|clearpoke
|poke|p1|Porygon2, L50|
|poke|p1|Hydreigon, L50, M|
|poke|p1|Incineroar, L50, M|
|poke|p1|Ursaluna, L50, M|
|poke|p1|Amoonguss, L50, M|
|poke|p1|Gholdengo, L50|
|poke|p2|Dondozo, L50, F|
|poke|p2|Tatsugiri, L50, F|
|poke|p2|Sneasler, L50, M|
|poke|p2|Indeedee, L50, M|
|poke|p2|Ursaluna-Bloodmoon, L50, M|
|poke|p2|Electabuzz, L50, F|
|teampreview|4
|showteam|p1|Porygon2||Eviolite|Download|TeraBlast,IceBeam,TrickRoom,Recover||||||50|,,,,,Fighting]Hydreigon||SafetyGoggles|Levitate|Snarl,DracoMeteor,Tailwind,Protect|||M|||50|,,,,,Ghost]Incineroar||SitrusBerry|Intimidate|FlareBlitz,KnockOff,PartingShot,FakeOut|||M|||50|,,,,,Grass]Ursaluna||FlameOrb|Guts|Facade,HeadlongRush,Earthquake,Protect|||M|||50|,,,,,Ghost]Amoonguss||CovertCloak|Regenerator|PollenPuff,Spore,RagePowder,Protect|||M|||50|,,,,,Fire]Gholdengo||LifeOrb|GoodasGold|MakeItRain,ShadowBall,NastyPlot,Protect||||||50|,,,,,Water
|showteam|p2|Dondozo||Leftovers|Unaware|Protect,WaveCrash,Earthquake,OrderUp|||F|||50|,,,,,Grass]Tatsugiri||ChoiceScarf|Commander|DragonPulse,IcyWind,DracoMeteor,MuddyWater|||F|||50|,,,,,Stellar]Sneasler||PsychicSeed|Unburden|DireClaw,CloseCombat,Protect,ThroatChop|||M|||50|,,,,,Dark]Indeedee||FocusSash|PsychicSurge|DazzlingGleam,TrickRoom,ExpandingForce,Protect|||M|||50|,,,,,Fairy]Ursaluna-Bloodmoon||LifeOrb|MindsEye|BloodMoon,Protect,HyperVoice,EarthPower|||M|||50|,,,,,Normal]Electabuzz||Eviolite|VitalSpirit|Electroweb,Protect,FollowMe,Taunt|||F|||50|,,,,,Ghost
|inactive|Battle timer is ON: inactive players will automatically lose when time's up. (requested by Astterio)
|inactive|Astterio has 60 seconds left.
|inactive|robby w has 60 seconds left.
|inactive|Astterio has 30 seconds left.
|inactive|Astterio has 20 seconds left.
|
|t:|1756563634
|teamsize|p1|4
|teamsize|p2|4
|start
|switch|p1a: Hydreigon|Hydreigon, L50, M, shiny|100/100
|switch|p1b: Gholdengo|Gholdengo, L50, shiny|100/100
|switch|p2a: Ursaluna|Ursaluna-Bloodmoon, L50, M|100/100
|switch|p2b: Electabuzz|Electabuzz, L50, F, shiny|100/100
|turn|1
|inactive|robby w has 30 seconds left.
|
|t:|1756563664
|switch|p1b: Ursaluna|Ursaluna, L50, M|100/100
|move|p2b: Electabuzz|Electroweb|p1a: Hydreigon|[spread] p1a
|-immune|p1b: Ursaluna
|-resisted|p1a: Hydreigon
|-damage|p1a: Hydreigon|93/100
|-unboost|p1a: Hydreigon|spe|1
|move|p1a: Hydreigon|Tailwind|p1a: Hydreigon
|-sidestart|p1: Astterio|move: Tailwind
|move|p2a: Ursaluna|Earth Power|p1b: Ursaluna
|-damage|p1b: Ursaluna|31/100
|-damage|p2a: Ursaluna|91/100|[from] item: Life Orb
|
|-status|p1b: Ursaluna|brn|[from] item: Flame Orb
|upkeep
|turn|2
|inactive|robby w has 30 seconds left.
|inactive|robby w has 20 seconds left.
|inactive|robby w has 15 seconds left.
|inactive|robby w has 10 seconds left.
|
|t:|1756563712
|move|p2a: Ursaluna|Protect|p2a: Ursaluna
|-singleturn|p2a: Ursaluna|Protect
|move|p1a: Hydreigon|Snarl|p2b: Electabuzz|[spread] p2b
|-activate|p2a: Ursaluna|move: Protect
|-damage|p2b: Electabuzz|85/100
|-unboost|p2b: Electabuzz|spa|1
|move|p1b: Ursaluna|Earthquake|p2a: Ursaluna|[spread] p2b
|-activate|p2a: Ursaluna|move: Protect
|-immune|p1a: Hydreigon|[from] ability: Levitate
|-supereffective|p2b: Electabuzz
|-damage|p2b: Electabuzz|0 fnt
|faint|p2b: Electabuzz
|
|-damage|p1b: Ursaluna|24/100 brn|[from] brn
|upkeep
|
|t:|1756563727
|switch|p2b: Dondozo|Dondozo, L50, F, shiny|100/100
|turn|3
|inactive|robby w has 30 seconds left.
|
|t:|1756563755
|switch|p1a: Amoonguss|Amoonguss, L50, M, shiny|100/100
|switch|p2a: Tatsugiri|Tatsugiri, L50, F|100/100
|-activate|p2a: Tatsugiri|ability: Commander|[of] p2b: Dondozo
|-boost|p2b: Dondozo|atk|2
|-boost|p2b: Dondozo|spa|2
|-boost|p2b: Dondozo|spe|2
|-boost|p2b: Dondozo|def|2
|-boost|p2b: Dondozo|spd|2
|move|p1b: Ursaluna|Facade|p2b: Dondozo
|-crit|p2b: Dondozo
|-damage|p2b: Dondozo|0 fnt
|faint|p2b: Dondozo
|
|-damage|p1b: Ursaluna|18/100 brn|[from] brn
|upkeep
|
|t:|1756563769
|switch|p2b: Ursaluna|Ursaluna-Bloodmoon, L50, M|91/100
|turn|4
|inactive|Astterio has 30 seconds left.
|inactive|Astterio has 20 seconds left.
|inactive|Astterio has 15 seconds left.
|inactive|Astterio has 10 seconds left.
|
|t:|1756563816
|move|p2b: Ursaluna|Protect|p2b: Ursaluna
|-singleturn|p2b: Ursaluna|Protect
|move|p2a: Tatsugiri|Muddy Water|p1b: Ursaluna|[spread] p1a,p1b
|-resisted|p1a: Amoonguss
|-supereffective|p1b: Ursaluna
|-damage|p1a: Amoonguss|89/100
|-damage|p1b: Ursaluna|0 fnt
|faint|p1b: Ursaluna
|move|p1a: Amoonguss|Spore|p2a: Tatsugiri
|-status|p2a: Tatsugiri|slp|[from] move: Spore
|
|-sideend|p1: Astterio|move: Tailwind
|upkeep
|
|t:|1756563830
|switch|p1b: Hydreigon|Hydreigon, L50, M, shiny|93/100
|turn|5
|
|t:|1756563841
|cant|p2a: Tatsugiri|slp
|move|p1b: Hydreigon|Snarl|p2b: Ursaluna|[spread] p2b
|-miss|p1b: Hydreigon|p2a: Tatsugiri
|-damage|p2b: Ursaluna|65/100
|-unboost|p2b: Ursaluna|spa|1
|move|p2b: Ursaluna|Blood Moon|p1a: Amoonguss
|-damage|p1a: Amoonguss|37/100
|-damage|p2b: Ursaluna|56/100|[from] item: Life Orb
|move|p1a: Amoonguss|Spore|p2b: Ursaluna
|-status|p2b: Ursaluna|slp|[from] move: Spore
|
|upkeep
|turn|6
|inactive|robby w has 30 seconds left.
|
|t:|1756563872
|switch|p1a: Gholdengo|Gholdengo, L50, shiny|100/100
|-terastallize|p2b: Ursaluna|Normal
|-curestatus|p2a: Tatsugiri|slp|[msg]
|move|p2a: Tatsugiri|Muddy Water|p1a: Gholdengo|[spread] p1a,p1b
|-resisted|p1b: Hydreigon
|-damage|p1a: Gholdengo|62/100
|-damage|p1b: Hydreigon|75/100
|-unboost|p1b: Hydreigon|accuracy|1
|move|p1b: Hydreigon|Snarl|p2b: Ursaluna|[spread] p2b
|-miss|p1b: Hydreigon|p2a: Tatsugiri
|-damage|p2b: Ursaluna|31/100 slp
|-unboost|p2b: Ursaluna|spa|1
|cant|p2b: Ursaluna|slp
|
|upkeep
|turn|7
|
|t:|1756563891
|move|p2a: Tatsugiri|Muddy Water|p1b: Hydreigon|[spread] p1a,p1b
|-resisted|p1b: Hydreigon
|-damage|p1a: Gholdengo|27/100
|-damage|p1b: Hydreigon|58/100
|-unboost|p1a: Gholdengo|accuracy|1
|move|p1b: Hydreigon|Tailwind|p1b: Hydreigon
|-sidestart|p1: Astterio|move: Tailwind
|move|p1a: Gholdengo|Make It Rain|p2a: Tatsugiri|[spread] p2b
|-miss|p1a: Gholdengo|p2a: Tatsugiri
|-damage|p2b: Ursaluna|0 fnt
|-unboost|p1a: Gholdengo|spa|1
|faint|p2b: Ursaluna
|-damage|p1a: Gholdengo|17/100|[from] item: Life Orb
|
|upkeep
|turn|8
|
|t:|1756563906
|switch|p1b: Amoonguss|Amoonguss, L50, M, shiny|71/100
|move|p1a: Gholdengo|Shadow Ball|p2a: Tatsugiri
|-damage|p2a: Tatsugiri|57/100
|-damage|p1a: Gholdengo|8/100|[from] item: Life Orb
|move|p2a: Tatsugiri|Muddy Water|p1b: Amoonguss|[spread] p1a,p1b
|-resisted|p1b: Amoonguss
|-damage|p1a: Gholdengo|0 fnt
|-damage|p1b: Amoonguss|59/100
|faint|p1a: Gholdengo
|
|upkeep
|
|t:|1756563912
|switch|p1a: Hydreigon|Hydreigon, L50, M, shiny|58/100
|turn|9
|
|t:|1756563919
|move|p1a: Hydreigon|Snarl|p2a: Tatsugiri
|-damage|p2a: Tatsugiri|21/100
|-unboost|p2a: Tatsugiri|spa|1
|move|p2a: Tatsugiri|Muddy Water|p1b: Amoonguss|[spread] p1a,p1b
|-resisted|p1a: Hydreigon
|-resisted|p1b: Amoonguss
|-damage|p1a: Hydreigon|46/100
|-damage|p1b: Amoonguss|50/100
|move|p1b: Amoonguss|Spore|p2a: Tatsugiri
|-status|p2a: Tatsugiri|slp|[from] move: Spore
|
|upkeep
|turn|10
|
|t:|1756563939
|move|p1a: Hydreigon|Snarl|p2a: Tatsugiri
|-damage|p2a: Tatsugiri|0 fnt
|faint|p2a: Tatsugiri
|
|win|Astterio
||Astterio is ready for game 2.
||robby w is ready for game 2.
|uhtml|next|Next: Game 2 of 3
|l|☆Astterio
|player|p1|
