|j|☆SpeedRacerRex999
|j|☆eklyst
|html|SpeedRacerRex999eklyst    
|uhtml|bestof|Game 3 of a best-of-3
|t:|1782348149
|gametype|doubles
|player|p1|SpeedRacerRex999|1|1090
|player|p2|eklyst|pokemaniac|1096
|gen|9
|tier|[Gen 9 Champions] VGC 2026 Reg M-B (Bo3)
|rated|
|rule|Species Clause: Limit one of each Pokémon
|rule|Item Clause: Limit 1 of each item
|clearpoke
|poke|p1|Aerodactyl, L50, M|
|poke|p1|Tyranitar, L50, M|
|poke|p1|Glimmora, L50, M|
|poke|p1|Archaludon, L50, F|
|poke|p1|Sinistcha-Masterpiece, L50|
|poke|p1|Pelipper, L50, F|
|poke|p2|Metagross, L50|
|poke|p2|Annihilape, L50, F|
|poke|p2|Garchomp, L50, M|
|poke|p2|Whimsicott, L50, M|
|poke|p2|Arcanine-Hisui, L50, M|
|poke|p2|Kingambit, L50, F|
|teampreview|4
|showteam|p1|Aerodactyl||SharpBeak|Unnerve|DualWingbeat,RockSlide,Tailwind,Protect|Jolly||M|||50|]Tyranitar||Tyranitarite|SandStream|HelpingHand,Earthquake,RockSlide,IcePunch|Adamant||M|||50|]Glimmora||PoisonBarb|ToxicDebris|SludgeWave,DazzlingGleam,EnergyBall,Protect|Timid||M|||50|]Archaludon||ChoiceScarf|Sturdy|ElectroShot,DracoMeteor,SteelBeam,SolarBeam|Timid||F|||50|]Sinistcha-Masterpiece||LifeOrb|Hospitality|MatchaGotcha,ShadowBall,RagePowder,StrengthSap|Timid|||||50|]Pelipper||FocusSash|Drizzle|Tailwind,Hurricane,WeatherBall,WideGuard|Modest||F|||50|
|showteam|p2|Metagross||Metagrossite|ClearBody|BulletPunch,PsychicFangs,MeteorMash,Protect|Adamant|||||50|]Annihilape||Leftovers|Defiant|RageFist,DrainPunch,BulkUp,Protect|Adamant||F|||50|]Garchomp||LifeOrb|RoughSkin|RockSlide,StompingTantrum,DragonClaw,Protect|Jolly||M|||50|]Whimsicott||FocusSash|Prankster|Moonblast,Tailwind,Encore,BeatUp|Timid||M|||50|]Arcanine-Hisui||ChoiceScarf|RockHead|HeadSmash,FlareBlitz,RockSlide,ExtremeSpeed|Adamant||M|||50|]Kingambit||BlackGlasses|Defiant|KowtowCleave,IronHead,SuckerPunch,Protect|Brave||F|||50|
|inactive|Battle timer is ON: inactive players will automatically lose when time's up. (requested by SpeedRacerRex999)
|inactive|eklyst also wants the timer to be on.
|
|t:|1782348177
|teamsize|p1|4
|teamsize|p2|4
|start
|switch|p1a: Pelipper|Pelipper, L50, F|100/100
|switch|p1b: Archaludon|Archaludon, L50, F|100/100
|switch|p2a: Metagross|Metagross, L50|100/100
|switch|p2b: Annihilape|Annihilape, L50, F|100/100
|-weather|RainDance|[from] ability: Drizzle|[of] p1a: Pelipper
|turn|1
|
|t:|1782348202
|detailschange|p2a: Metagross|Metagross-Mega, L50
|-mega|p2a: Metagross|Metagross|Metagrossite
|move|p1b: Archaludon|Electro Shot||[still]
|-prepare|p1b: Archaludon|Electro Shot
|-boost|p1b: Archaludon|spa|1
|-anim|p1b: Archaludon|Electro Shot|p2b: Annihilape
|-damage|p2b: Annihilape|36/100
|move|p2a: Metagross|Psychic Fangs|p1a: Pelipper
|-damage|p1a: Pelipper|32/100
|move|p2b: Annihilape|Drain Punch|p1b: Archaludon
|-supereffective|p1b: Archaludon|1
|-damage|p1b: Archaludon|30/100
|-heal|p2b: Annihilape|64/100|[from] drain|[of] p1b: Archaludon
|move|p1a: Pelipper|Tailwind|p1a: Pelipper
|-sidestart|p1: SpeedRacerRex999|move: Tailwind
|
|-weather|RainDance|[upkeep]
|-heal|p2b: Annihilape|70/100|[from] item: Leftovers
|upkeep
|turn|2
|
|t:|1782348227
|switch|p2b: Whimsicott|Whimsicott, L50, M|100/100
|move|p2a: Metagross|Protect|p2a: Metagross
|-singleturn|p2a: Metagross|Protect
|move|p1b: Archaludon|Electro Shot||[still]
|-prepare|p1b: Archaludon|Electro Shot
|-boost|p1b: Archaludon|spa|1
|-anim|p1b: Archaludon|Electro Shot|p2a: Metagross
|-activate|p2a: Metagross|move: Protect
|move|p1a: Pelipper|Hurricane|p2b: Whimsicott
|-supereffective|p2b: Whimsicott|1
|-enditem|p2b: Whimsicott|Focus Sash
|-damage|p2b: Whimsicott|1/100
|
|-weather|RainDance|[upkeep]
|upkeep
|turn|3
|inactive|SpeedRacerRex999 has 30 seconds left.
|inactive|eklyst has 30 seconds left.
|inactive|SpeedRacerRex999 has 20 seconds left.
|
|t:|1782348265
|switch|p1a: Tyranitar|Tyranitar, L50, M|100/100
|-weather|Sandstorm|[from] ability: Sand Stream|[of] p1a: Tyranitar
|move|p2b: Whimsicott|Tailwind|p2b: Whimsicott
|-sidestart|p2: eklyst|move: Tailwind
|move|p1b: Archaludon|Electro Shot||[still]
|-prepare|p1b: Archaludon|Electro Shot
|-boost|p1b: Archaludon|spa|1
|move|p2a: Metagross|Meteor Mash|p1b: Archaludon
|-resisted|p1b: Archaludon|1
|-crit|p1b: Archaludon
|-damage|p1b: Archaludon|0 fnt
|-boost|p2a: Metagross|atk|1
|faint|p1b: Archaludon
|
|-weather|Sandstorm|[upkeep]
|-damage|p2b: Whimsicott|0 fnt|[from] Sandstorm
|faint|p2b: Whimsicott
|upkeep
|
|t:|1782348283
|switch|p2b: Annihilape|Annihilape, L50, F|70/100
|switch|p1b: Aerodactyl|Aerodactyl, L50, M|100/100
|-ability|p1b: Aerodactyl|Unnerve
|turn|4
|
|t:|1782348297
|detailschange|p1a: Tyranitar|Tyranitar-Mega, L50, M
|-mega|p1a: Tyranitar|Tyranitar|Tyranitarite
|move|p2a: Metagross|Bullet Punch|p1b: Aerodactyl
|-supereffective|p1b: Aerodactyl|1
|-damage|p1b: Aerodactyl|0 fnt
|faint|p1b: Aerodactyl
|move|p2b: Annihilape|Bulk Up|p2b: Annihilape
|-boost|p2b: Annihilape|atk|1
|-boost|p2b: Annihilape|def|1
|move|p1a: Tyranitar|Earthquake|p2a: Metagross|[spread] p2a,p2b
|-supereffective|p2a: Metagross|1
|-damage|p2a: Metagross|50/100g
|-damage|p2b: Annihilape|49/100
|
|-weather|Sandstorm|[upkeep]
|-damage|p2b: Annihilape|43/100|[from] Sandstorm
|-heal|p2b: Annihilape|49/100|[from] item: Leftovers
|-sideend|p1: SpeedRacerRex999|move: Tailwind
|upkeep
|
|t:|1782348311
|switch|p1b: Pelipper|Pelipper, L50, F|32/100
|-weather|RainDance|[from] ability: Drizzle|[of] p1b: Pelipper
|turn|5
|
|t:|1782348321
|move|p2a: Metagross|Psychic Fangs|p1b: Pelipper
|-damage|p1b: Pelipper|0 fnt
|faint|p1b: Pelipper
|move|p2b: Annihilape|Drain Punch|p1a: Tyranitar
|-supereffective|p1a: Tyranitar|2
|-damage|p1a: Tyranitar|0 fnt
|-heal|p2b: Annihilape|100/100|[from] drain|[of] p1a: Tyranitar
|faint|p1a: Tyranitar
|
|win|eklyst
|raw|SpeedRacerRex999's rating: 1090 → 1067(-23 for losing)
|raw|eklyst's rating: 1096 → 1121(+25 for winning)
|l|☆SpeedRacerRex999
|player|p1|
