|j|☆TempestFPS74
|j|☆pandabro24711
|html|TempestFPS74pandabro24711    
|uhtml|bestof|Game 1 of a best-of-3
|t:|1785598712
|gametype|doubles
|player|p1|TempestFPS74|102|1080
|player|p2|pandabro24711|gentleman-gen4|1000
|gen|9
|tier|[Gen 9 Champions] VGC 2026 Reg M-B (Bo3)
|rated|
|rule|Species Clause: Limit one of each Pokémon
|rule|Item Clause: Limit 1 of each item
|clearpoke
|poke|p1|Staraptor, L50, F|
|poke|p1|Gholdengo, L50|
|poke|p1|Garchomp, L50, M|
|poke|p1|Whimsicott, L50, F|
|poke|p1|Incineroar, L50, F|
|poke|p1|Greninja, L50, M|
|poke|p2|Mawile, L50, M|
|poke|p2|Sneasler, L50, F|
|poke|p2|Sinistcha, L50|
|poke|p2|Meowscarada, L50, F|
|poke|p2|Milotic, L50, M|
|poke|p2|Glimmora, L50, F|
|teampreview|4
|showteam|p1|Staraptor||Staraptite|Intimidate|CloseCombat,DualWingbeat,Protect,Roost|Adamant||F|||50|]Gholdengo||LifeOrb|GoodasGold|MakeItRain,ShadowBall,Protect,NastyPlot|Modest|||||50|]Garchomp||WhiteHerb|RoughSkin|DragonClaw,StompingTantrum,Protect,RockSlide|Jolly||M|||50|]Whimsicott||FocusSash|Prankster|EnergyBall,Moonblast,Protect,Tailwind|Timid||F|||50|]Incineroar||ChopleBerry|Intimidate|FlareBlitz,DarkestLariat,PartingShot,FakeOut|Impish||F|||50|]Greninja||Greninjite|Protean|Liquidation,NightSlash,Taunt,Uturn|Jolly||M|||50|
|showteam|p2|Mawile||Mawilite|Intimidate|SwordsDance,SuckerPunch,PlayRough,Protect|Adamant||M|||50|]Sneasler||WhiteHerb|Unburden|FakeOut,CloseCombat,RockSlide,Coaching|Jolly||F|||50|]Sinistcha||SitrusBerry|Hospitality|RagePowder,LifeDew,TrickRoom,MatchaGotcha|Relaxed|||||50|]Meowscarada||ChoiceScarf|Protean|TripleAxel,FlowerTrick,KnockOff,PlayRough|Jolly||F|||50|]Milotic||LifeOrb|Competitive|MuddyWater,Protect,IceBeam,Scald|Modest||M|||50|]Glimmora||FocusSash|ToxicDebris|PowerGem,SludgeBomb,EarthPower,Protect|Modest||F|||50|
|inactive|Battle timer is ON: inactive players will automatically lose when time's up. (requested by pandabro24711)
|inactive|TempestFPS74 has 60 seconds left.
|inactive|pandabro24711 has 60 seconds left.
|inactive|TempestFPS74 has 30 seconds left.
|inactive|TempestFPS74 has 20 seconds left.
|inactive|TempestFPS74 has 15 seconds left.
|inactive|TempestFPS74 has 10 seconds left.
|
|t:|1785598793
|teamsize|p1|4
|teamsize|p2|4
|start
|switch|p1a: 4 BIG GUYS|Incineroar, L50, F|100/100
|switch|p1b: ShmsnHntr|Greninja, L50, M|100/100
|switch|p2a: Mawile|Mawile, L50, M|100/100
|switch|p2b: Milotic|Milotic, L50, M|100/100
|-ability|p1a: 4 BIG GUYS|Intimidate|boost
|-unboost|p2a: Mawile|atk|1
|-unboost|p2b: Milotic|atk|1
|-ability|p2b: Milotic|Competitive|boost
|-boost|p2b: Milotic|spa|2
|-ability|p2a: Mawile|Intimidate|boost
|-unboost|p1a: 4 BIG GUYS|atk|1
|-unboost|p1b: ShmsnHntr|atk|1
|turn|1
|inactive|TempestFPS74 has 30 seconds left.
|inactive|TempestFPS74 has 20 seconds left.
|inactive|TempestFPS74 has 15 seconds left.
|inactive|TempestFPS74 has 10 seconds left.
|
|t:|1785598838
|move|p2a: Mawile|Protect|p2a: Mawile
|-singleturn|p2a: Mawile|Protect
|move|p1a: 4 BIG GUYS|Fake Out|p2b: Milotic
|-damage|p2b: Milotic|91/100
|move|p1b: ShmsnHntr|Liquidation|p2b: Milotic
|-start|p1b: ShmsnHntr|typechange|Water|[from] ability: Protean
|-resisted|p2b: Milotic|1
|-damage|p2b: Milotic|78/100
|cant|p2b: Milotic|flinch
|
|upkeep
|turn|2
|inactive|TempestFPS74 has 30 seconds left.
|
|t:|1785598872
|detailschange|p2a: Mawile|Mawile-Mega, L50, M
|-mega|p2a: Mawile|Mawile|Mawilite
|move|p1b: ShmsnHntr|U-turn|p2b: Milotic
|-damage|p2b: Milotic|63/100
|
|t:|1785598884
|switch|p1b: Monster|Garchomp, L50, M|100/100|[from] U-turn
|move|p2b: Milotic|Muddy Water|p1a: 4 BIG GUYS|[spread] p1b
|-miss|p2b: Milotic|p1a: 4 BIG GUYS
|-damage|p1b: Monster|10/100
|-unboost|p1b: Monster|accuracy|1
|-damage|p2b: Milotic|53/100|[from] item: Life Orb
|-enditem|p1b: Monster|White Herb
|-clearnegativeboost|p1b: Monster|[silent]
|move|p1a: 4 BIG GUYS|Parting Shot|p2a: Mawile
|-unboost|p2a: Mawile|atk|1
|-unboost|p2a: Mawile|spa|1
|
|t:|1785598897
|switch|p1a: Stelle|Staraptor, L50, F|100/100|[from] Parting Shot
|-ability|p1a: Stelle|Intimidate|boost
|-unboost|p2a: Mawile|atk|1
|-unboost|p2b: Milotic|atk|1
|-ability|p2b: Milotic|Competitive|boost
|-boost|p2b: Milotic|spa|2
|move|p2a: Mawile|Swords Dance|p2a: Mawile
|-boost|p2a: Mawile|atk|2
|
|upkeep
|turn|3
|inactive|TempestFPS74 has 30 seconds left.
|
|t:|1785598928
|detailschange|p1a: Stelle|Staraptor-Mega, L50, F
|-mega|p1a: Stelle|Staraptor|Staraptite
|move|p2b: Milotic|Protect|p2b: Milotic
|-singleturn|p2b: Milotic|Protect
|move|p2a: Mawile|Sucker Punch|p1b: Monster
|-damage|p1b: Monster|0 fnt
|-damage|p2a: Mawile|87/100|[from] ability: Rough Skin|[of] p1b: Monster
|faint|p1b: Monster
|move|p1a: Stelle|Close Combat|p2b: Milotic
|-activate|p2b: Milotic|move: Protect
|
|upkeep
|
|t:|1785598942
|switch|p1b: 4 BIG GUYS|Incineroar, L50, F|100/100
|-ability|p1b: 4 BIG GUYS|Intimidate|boost
|-unboost|p2a: Mawile|atk|1
|-unboost|p2b: Milotic|atk|1
|-ability|p2b: Milotic|Competitive|boost
|-boost|p2b: Milotic|spa|2
|turn|4
|
|t:|1785598953
|move|p1b: 4 BIG GUYS|Fake Out|p2b: Milotic
|-damage|p2b: Milotic|40/100
|move|p1a: Stelle|Close Combat|p2b: Milotic
|-damage|p2b: Milotic|0 fnt
|-boost|p1a: Stelle|def|1
|-boost|p1a: Stelle|spd|1
|faint|p2b: Milotic
|move|p2a: Mawile|Play Rough|p1a: Stelle
|-supereffective|p1a: Stelle|1
|-damage|p1a: Stelle|43/100
|
|upkeep
|
|t:|1785598957
|switch|p2b: Meowscarada|Meowscarada, L50, F|100/100
|turn|5
|inactive|TempestFPS74 has 30 seconds left.
|inactive|TempestFPS74 has 20 seconds left.
|inactive|TempestFPS74 has 15 seconds left.
|inactive|TempestFPS74 has 10 seconds left.
|
|t:|1785599005
|switch|p2a: Sneasler|Sneasler, L50, F|100/100
|move|p1a: Stelle|Protect|p1a: Stelle
|-singleturn|p1a: Stelle|Protect
|move|p2b: Meowscarada|Triple Axel|p1a: Stelle
|-start|p2b: Meowscarada|typechange|Ice|[from] ability: Protean
|-activate|p1a: Stelle|move: Protect
|move|p1b: 4 BIG GUYS|Flare Blitz|p2a: Sneasler
|-damage|p2a: Sneasler|0 fnt
|faint|p2a: Sneasler
|-damage|p1b: 4 BIG GUYS|74/100|[from] Recoil
|
|upkeep
|
|t:|1785599015
|switch|p2a: Mawile|Mawile-Mega, L50, M|87/100
|turn|6
|
|t:|1785599030
|switch|p1a: ShmsnHntr|Greninja, L50, M|100/100
|move|p2b: Meowscarada|Triple Axel|p1a: ShmsnHntr
|-resisted|p1a: ShmsnHntr|1
|-damage|p1a: ShmsnHntr|92/100
|-resisted|p1a: ShmsnHntr|1
|-damage|p1a: ShmsnHntr|77/100
|-resisted|p1a: ShmsnHntr|1
|-damage|p1a: ShmsnHntr|52/100
|-hitcount|p1a: ShmsnHntr|3
|move|p1b: 4 BIG GUYS|Flare Blitz|p2b: Meowscarada
|-supereffective|p2b: Meowscarada|1
|-damage|p2b: Meowscarada|0 fnt
|faint|p2b: Meowscarada
|-damage|p1b: 4 BIG GUYS|49/100|[from] Recoil
|move|p2a: Mawile|Play Rough|p1a: ShmsnHntr
|-supereffective|p1a: ShmsnHntr|1
|-damage|p1a: ShmsnHntr|0 fnt
|faint|p1a: ShmsnHntr
|
|upkeep
|c|☆pandabro24711|Wait is that a friend reference
|c|☆pandabro24711|Freiren
|
|t:|1785599048
|switch|p1a: Stelle|Staraptor-Mega, L50, F|43/100
|turn|7
|
|t:|1785599056
|move|p1a: Stelle|Close Combat|p2a: Mawile
|-damage|p2a: Mawile|16/100
|-boost|p1a: Stelle|def|1
|-boost|p1a: Stelle|spd|1
|move|p1b: 4 BIG GUYS|Flare Blitz|p2a: Mawile
|-supereffective|p2a: Mawile|1
|-damage|p2a: Mawile|0 fnt
|faint|p2a: Mawile
|-damage|p1b: 4 BIG GUYS|45/100|[from] Recoil
|
|win|TempestFPS74
|l|☆pandabro24711
|player|p2|
||pandabro24711 is ready for game 2.
|inactive|TempestFPS74 has 30 seconds to confirm battle start!
|c|☆TempestFPS74|si what a frieren reference
||TempestFPS74 is ready for game 2.
|uhtml|next|Next: Game 2 of 3
|j|☆pandabro24711
|player|p2|pandabro24711|gentleman-gen4|
