|j|☆ULYSSE999
|j|☆Squarecity
|html|ULYSSE999Squarecity    
|uhtml|bestof|Game 2 of a best-of-3
|t:|1757681858
|gametype|doubles
|player|p1|ULYSSE999|cynthia-gen4|1017
|player|p2|Squarecity|101|1091
|gen|9
|tier|[Gen 9] VGC 2025 Reg H (Bo3)
|rated|
|rule|Species Clause: Limit one of each Pokémon
|rule|Item Clause: Limit 1 of each item
|clearpoke
|poke|p1|Annihilape, L50, M|
|poke|p1|Charizard, L50, M|
|poke|p1|Garchomp, L50, M|
|poke|p1|Grimmsnarl, L50, M|
|poke|p1|Incineroar, L50, M|
|poke|p1|Indeedee-F, L50, F|
|poke|p2|Gholdengo, L50|
|poke|p2|Ursaluna-Bloodmoon, L50, M|
|poke|p2|Gallade, L50, M|
|poke|p2|Charjabug, L50, F|
|poke|p2|Whimsicott, L50, F|
|poke|p2|Incineroar, L50, M|
|teampreview|4
|showteam|p1|Annihilape||LifeOrb|Defiant|CloseCombat,DrainPunch,RageFist,Protect|||M|||50|,,,,,Fire]Charizard||ChoiceSpecs|Blaze|DragonPulse,Flamethrower,HeatWave,TeraBlast|||M|||50|,,,,,Grass]Garchomp||ClearAmulet|RoughSkin|DragonClaw,Earthquake,Protect,SwordsDance|||M|||50|,,,,,Fire]Grimmsnarl||LightClay|Prankster|LightScreen,Reflect,SpiritBreak,ThunderWave|||M|||50|,,,,,Ghost]Incineroar||SafetyGoggles|Intimidate|FakeOut,FlareBlitz,KnockOff,WillOWisp|||M|||50|,,,,,Grass]Indeedee-F||PsychicSeed|PsychicSurge|AlluringVoice,FollowMe,HelpingHand,Protect|||F|||50|,,,,,Fairy
|showteam|p2|Gholdengo||MetalCoat|GoodasGold|MakeItRain,ShadowBall,Protect,NastyPlot||||||50|,,,,,Steel]Ursaluna-Bloodmoon||ThroatSpray|MindsEye|BloodMoon,HyperVoice,EarthPower,Protect|||M|||50|,,,,,Ghost]Gallade||RazorClaw|Sharpness|SacredSword,PsychoCut,WideGuard,NightSlash|||M|||50|,,,,,Fighting]Charjabug||Eviolite|Battery|Spark,Lunge,StringShot,Protect|||F|||50|,,,,,Bug]Whimsicott||CovertCloak|Prankster|Moonblast,Encore,Tailwind,LightScreen|||F|||50|,,,,,Ghost]Incineroar||SafetyGoggles|Intimidate|KnockOff,FlareBlitz,FakeOut,PartingShot|||M|||50|,,,,,Grass
|inactive|Battle timer is ON: inactive players will automatically lose when time's up. (requested by ULYSSE999)
|inactive|Squarecity has 60 seconds left.
|
|t:|1757681899
|teamsize|p1|4
|teamsize|p2|4
|start
|switch|p1a: Grimmsnarl|Grimmsnarl, L50, M, shiny|100/100
|switch|p1b: Annihilape|Annihilape, L50, M, shiny|100/100
|switch|p2a: Incineroar|Incineroar, L50, M|100/100
|switch|p2b: Ursaluna|Ursaluna-Bloodmoon, L50, M|100/100
|-ability|p2a: Incineroar|Intimidate|boost
|-unboost|p1a: Grimmsnarl|atk|1
|-unboost|p1b: Annihilape|atk|1
|-ability|p1b: Annihilape|Defiant|boost
|-boost|p1b: Annihilape|atk|2
|turn|1
|inactive|Squarecity has 30 seconds left.
|inactive|Squarecity has 20 seconds left.
|
|t:|1757681938
|-terastallize|p2b: Ursaluna|Ghost
|move|p2a: Incineroar|Fake Out|p1a: Grimmsnarl
|-damage|p1a: Grimmsnarl|88/100
|cant|p1a: Grimmsnarl|flinch
|move|p1b: Annihilape|Drain Punch|p2a: Incineroar
|-supereffective|p2a: Incineroar
|-damage|p2a: Incineroar|0 fnt
|faint|p2a: Incineroar
|-damage|p1b: Annihilape|91/100|[from] item: Life Orb
|move|p2b: Ursaluna|Hyper Voice|p1b: Annihilape|[spread] p1a,p1b
|-damage|p1a: Grimmsnarl|58/100
|-damage|p1b: Annihilape|55/100
|-enditem|p2b: Ursaluna|Throat Spray
|-boost|p2b: Ursaluna|spa|1|[from] item: Throat Spray
|
|upkeep
|inactive|Squarecity has 30 seconds left.
|
|t:|1757681964
|switch|p2a: Charjabug|Charjabug, L50, F|100/100
|turn|2
|
|t:|1757681971
|move|p2b: Ursaluna|Protect|p2b: Ursaluna
|-singleturn|p2b: Ursaluna|Protect
|move|p1a: Grimmsnarl|Light Screen|p1a: Grimmsnarl
|-sidestart|p1: ULYSSE999|move: Light Screen
|move|p1b: Annihilape|Rage Fist|p2b: Ursaluna
|-activate|p2b: Ursaluna|move: Protect
|move|p2a: Charjabug|String Shot|p1b: Annihilape|[spread] p1a,p1b
|-unboost|p1a: Grimmsnarl|spe|2
|-unboost|p1b: Annihilape|spe|2
|-ability|p1b: Annihilape|Defiant|boost
|-boost|p1b: Annihilape|atk|2
|
|upkeep
|turn|3
|
|t:|1757681996
|move|p1a: Grimmsnarl|Thunder Wave|p2b: Ursaluna
|-status|p2b: Ursaluna|par
|move|p1b: Annihilape|Rage Fist|p2b: Ursaluna
|-supereffective|p2b: Ursaluna
|-damage|p2b: Ursaluna|0 fnt
|faint|p2b: Ursaluna
|-damage|p1b: Annihilape|45/100|[from] item: Life Orb
|move|p2a: Charjabug|Spark|p1b: Annihilape
|-damage|p1b: Annihilape|22/100
|-status|p1b: Annihilape|par
|
|upkeep
|
|t:|1757682010
|switch|p2b: Gallade|Gallade, L50, M|100/100
|turn|4
|inactive|Squarecity has 30 seconds left.
|
|t:|1757682040
|move|p1b: Annihilape|Protect|p1b: Annihilape
|-singleturn|p1b: Annihilape|Protect
|move|p1a: Grimmsnarl|Reflect|p1a: Grimmsnarl
|-sidestart|p1: ULYSSE999|Reflect
|move|p2b: Gallade|Sacred Sword|p1a: Grimmsnarl
|-damage|p1a: Grimmsnarl|8/100
|move|p2a: Charjabug|Spark|p1b: Annihilape
|-activate|p1b: Annihilape|move: Protect
|
|upkeep
|turn|5
|
|t:|1757682056
|move|p2b: Gallade|Night Slash|p1b: Annihilape
|-damage|p1b: Annihilape|0 fnt
|faint|p1b: Annihilape
|move|p1a: Grimmsnarl|Spirit Break|p2b: Gallade
|-supereffective|p2b: Gallade
|-damage|p2b: Gallade|56/100
|-unboost|p2b: Gallade|spa|1
|move|p2a: Charjabug|Spark|p1a: Grimmsnarl
|-damage|p1a: Grimmsnarl|0 fnt
|faint|p1a: Grimmsnarl
|
|upkeep
|
|t:|1757682066
|switch|p1b: Charizard|Charizard, L50, M, shiny|100/100
|switch|p1a: Incineroar|Incineroar, L50, M, shiny|100/100
|-ability|p1a: Incineroar|Intimidate|boost
|-unboost|p2a: Charjabug|atk|1
|-unboost|p2b: Gallade|atk|1
|turn|6
|inactive|Squarecity has 30 seconds left.
|
|t:|1757682092
|move|p1a: Incineroar|Fake Out|p2a: Charjabug
|-damage|p2a: Charjabug|91/100
|move|p1b: Charizard|Heat Wave|p2a: Charjabug|[spread] p2a,p2b
|-supereffective|p2a: Charjabug
|-damage|p2a: Charjabug|11/100
|-damage|p2b: Gallade|8/100
|move|p2b: Gallade|Sacred Sword|p1a: Incineroar
|-supereffective|p1a: Incineroar
|-damage|p1a: Incineroar|53/100
|cant|p2a: Charjabug|flinch
|
|upkeep
|turn|7
|
|t:|1757682111
|move|p2b: Gallade|Wide Guard|p2b: Gallade
|-singleturn|p2b: Gallade|Wide Guard
|move|p1b: Charizard|Heat Wave|p2b: Gallade|[spread] 
|-activate|p2a: Charjabug|move: Wide Guard
|-activate|p2b: Gallade|move: Wide Guard
|move|p1a: Incineroar|Knock Off|p2a: Charjabug
|-damage|p2a: Charjabug|0 fnt
|-enditem|p2a: Charjabug|Eviolite|[from] move: Knock Off|[of] p1a: Incineroar
|faint|p2a: Charjabug
|
|upkeep
|turn|8
|-message|Squarecity forfeited.
|
|win|ULYSSE999
|l|☆Squarecity
|player|p2|
|l|☆ULYSSE999
|player|p1|
||ULYSSE999 is ready for game 3.
||Squarecity is ready for game 3.
|uhtml|next|Next: Game 3 of 3
