|j|☆500cake
|j|☆panqueca25
|html|500cakepanqueca25    
|uhtml|bestof|Game 1 of a best-of-3
|t:|1757862080
|gametype|doubles
|player|p1|500cake|hugh|1291
|player|p2|panqueca25|1|1174
|gen|9
|tier|[Gen 9] VGC 2025 Reg H (Bo3)
|rated|
|rule|Species Clause: Limit one of each Pokémon
|rule|Item Clause: Limit 1 of each item
|clearpoke
|poke|p1|Typhlosion-Hisui, L50, F|
|poke|p1|Garchomp, L50, F|
|poke|p1|Murkrow, L50, F|
|poke|p1|Indeedee, L50, M|
|poke|p1|Weezing-Galar, L50, F|
|poke|p1|Maushold, L50|
|poke|p2|Gholdengo, L50|
|poke|p2|Incineroar, L50, F|
|poke|p2|Porygon2, L50|
|poke|p2|Ursaluna, L50, F|
|poke|p2|Primarina, L50, F|
|poke|p2|Amoonguss, L50, F|
|teampreview|4
|showteam|p1|Typhlosion-Hisui||Charcoal|Blaze|Eruption,HeatWave,Protect,ShadowBall|||F|||50|,,,,,Fire]Garchomp||LifeOrb|RoughSkin|Protect,Earthquake,StompingTantrum,DragonClaw|||F|||50|,,,,,Fairy]Murkrow||Eviolite|Prankster|Tailwind,SunnyDay,Haze,FoulPlay|||F|||50|,,,,,Ghost]Indeedee||FocusSash|PsychicSurge|TeraBlast,Imprison,ExpandingForce,TrickRoom|||M|||50|,,,,,Fighting]Weezing-Galar||Leftovers|NeutralizingGas|StrangeSteam,Taunt,SludgeBomb,Protect|||F|||50|,,,,,Ghost]Maushold||WideLens|Technician|PopulationBomb,Protect,Taunt,FollowMe||||||50|,,,,,Normal
|showteam|p2|Gholdengo||Leftovers|GoodasGold|MakeItRain,ShadowBall,NastyPlot,Protect||||||50|,,,,,Water]Incineroar||SafetyGoggles|Intimidate|FlareBlitz,KnockOff,PartingShot,FakeOut|||F|||50|,,,,,Ghost]Porygon2||Eviolite|Download|TeraBlast,IceBeam,TrickRoom,Recover||||||50|,,,,,Fighting]Ursaluna||FlameOrb|Guts|Facade,HeadlongRush,Earthquake,Protect|||F|||50|,,,,,Ghost]Primarina||SitrusBerry|LiquidVoice|HyperVoice,Moonblast,Haze,Protect|||F|||50|,,,,,Poison]Amoonguss||CovertCloak|Regenerator|Spore,RagePowder,PollenPuff,ClearSmog|||F|||50|,,,,,Water
|inactive|Battle timer is ON: inactive players will automatically lose when time's up. (requested by panqueca25)
|inactive|500cake has 60 seconds left.
|
|t:|1757862136
|teamsize|p1|4
|teamsize|p2|4
|start
|switch|p1a: Weezing|Weezing-Galar, L50, F, shiny|100/100
|switch|p1b: Maushold|Maushold, L50, shiny|100/100
|switch|p2a: Incineroar|Incineroar, L50, F, shiny|100/100
|switch|p2b: Porygon2|Porygon2, L50, shiny|100/100
|-ability|p1a: Weezing|Neutralizing Gas
|turn|1
|
|t:|1757862158
|move|p2a: Incineroar|Fake Out|p1b: Maushold
|-damage|p1b: Maushold|84/100
|cant|p1b: Maushold|flinch
|move|p1a: Weezing|Taunt|p2b: Porygon2
|-start|p2b: Porygon2|move: Taunt
|move|p2b: Porygon2|Tera Blast|p1a: Weezing
|-damage|p1a: Weezing|67/100
|
|-heal|p1a: Weezing|73/100|[from] item: Leftovers
|upkeep
|turn|2
|inactive|500cake has 30 seconds left.
|inactive|500cake has 20 seconds left.
|
|t:|1757862193
|switch|p2a: Gholdengo|Gholdengo, L50|100/100
|-terastallize|p1b: Maushold|Normal
|move|p1b: Maushold|Population Bomb|p2b: Porygon2
|-damage|p2b: Porygon2|94/100
|-damage|p2b: Porygon2|88/100
|-damage|p2b: Porygon2|82/100
|-damage|p2b: Porygon2|75/100
|-damage|p2b: Porygon2|69/100
|-damage|p2b: Porygon2|63/100
|-damage|p2b: Porygon2|57/100
|-damage|p2b: Porygon2|50/100
|-damage|p2b: Porygon2|44/100
|-damage|p2b: Porygon2|38/100
|-hitcount|p2b: Porygon2|10
|move|p1a: Weezing|Sludge Bomb|p2b: Porygon2
|-damage|p2b: Porygon2|21/100
|-status|p2b: Porygon2|psn
|move|p2b: Porygon2|Tera Blast|p1b: Maushold
|-damage|p1b: Maushold|37/100
|
|-heal|p1a: Weezing|78/100|[from] item: Leftovers
|-damage|p2b: Porygon2|8/100 psn|[from] psn
|upkeep
|turn|3
|inactive|500cake has 30 seconds left.
|inactive|500cake has 20 seconds left.
|inactive|500cake has 15 seconds left.
|
|t:|1757862237
|move|p1b: Maushold|Taunt|p2a: Gholdengo
|-start|p2a: Gholdengo|move: Taunt
|cant|p2a: Gholdengo|move: Taunt|Nasty Plot
|move|p1a: Weezing|Strange Steam|p2a: Gholdengo
|-resisted|p2a: Gholdengo
|-damage|p2a: Gholdengo|86/100
|-start|p2a: Gholdengo|confusion
|move|p2b: Porygon2|Tera Blast|p1a: Weezing
|-damage|p1a: Weezing|44/100
|
|-heal|p2a: Gholdengo|93/100|[from] item: Leftovers
|-heal|p1a: Weezing|49/100|[from] item: Leftovers
|-damage|p2b: Porygon2|0 fnt|[from] psn
|faint|p2b: Porygon2
|upkeep
|
|t:|1757862243
|switch|p2b: Incineroar|Incineroar, L50, F, shiny|100/100
|turn|4
|
|t:|1757862266
|switch|p2a: Primarina|Primarina, L50, F|100/100
|move|p1a: Weezing|Protect|p1a: Weezing
|-singleturn|p1a: Weezing|Protect
|move|p2b: Incineroar|Fake Out|p1b: Maushold
|-damage|p1b: Maushold|19/100
|cant|p1b: Maushold|flinch
|
|-heal|p1a: Weezing|55/100|[from] item: Leftovers
|upkeep
|turn|5
|inactive|500cake has 30 seconds left.
|
|t:|1757862296
|move|p1b: Maushold|Protect|p1b: Maushold
|-singleturn|p1b: Maushold|Protect
|move|p2a: Primarina|Protect|p2a: Primarina
|-singleturn|p2a: Primarina|Protect
|move|p1a: Weezing|Sludge Bomb|p2a: Primarina
|-activate|p2a: Primarina|move: Protect
|move|p2b: Incineroar|Knock Off|p1b: Maushold
|-activate|p1b: Maushold|move: Protect
|
|-heal|p1a: Weezing|61/100|[from] item: Leftovers
|upkeep
|turn|6
|
|t:|1757862316
|switch|p2a: Gholdengo|Gholdengo, L50|93/100
|move|p1b: Maushold|Population Bomb|p2a: Gholdengo
|-immune|p2a: Gholdengo
|move|p1a: Weezing|Sludge Bomb|p2a: Gholdengo
|-immune|p2a: Gholdengo
|move|p2b: Incineroar|Knock Off|p1b: Maushold
|-damage|p1b: Maushold|0 fnt
|-enditem|p1b: Maushold|Wide Lens|[from] move: Knock Off|[of] p2b: Incineroar
|faint|p1b: Maushold
|
|-heal|p2a: Gholdengo|99/100|[from] item: Leftovers
|-heal|p1a: Weezing|67/100|[from] item: Leftovers
|upkeep
|
|t:|1757862329
|switch|p1b: Garchomp|Garchomp, L50, F, shiny|100/100
|turn|7
|inactive|panqueca25 has 30 seconds left.
|inactive|panqueca25 has 20 seconds left.
|inactive|panqueca25 has 15 seconds left.
|inactive|panqueca25 has 10 seconds left.
|inactive|panqueca25 has 5 seconds left.
|
|t:|1757862384
|move|p1a: Weezing|Protect|p1a: Weezing
|-singleturn|p1a: Weezing|Protect
|move|p1b: Garchomp|Earthquake|p2a: Gholdengo|[spread] p2a,p2b
|-activate|p1a: Weezing|move: Protect
|-supereffective|p2a: Gholdengo
|-supereffective|p2b: Incineroar
|-damage|p2a: Gholdengo|16/100
|-damage|p2b: Incineroar|8/100
|-damage|p1b: Garchomp|91/100|[from] item: Life Orb
|move|p2a: Gholdengo|Make It Rain|p1a: Weezing|[spread] p1b
|-activate|p1a: Weezing|move: Protect
|-damage|p1b: Garchomp|45/100
|-unboost|p2a: Gholdengo|spa|1
|move|p2b: Incineroar|Flare Blitz|p1b: Garchomp
|-resisted|p1b: Garchomp
|-damage|p1b: Garchomp|18/100
|-damage|p2b: Incineroar|0 fnt|[from] Recoil
|faint|p2b: Incineroar
|
|-heal|p2a: Gholdengo|22/100|[from] item: Leftovers
|-heal|p1a: Weezing|73/100|[from] item: Leftovers
|upkeep
|inactive|panqueca25 has 30 seconds left.
|inactive|panqueca25 has 20 seconds left.
|inactive|panqueca25 has 15 seconds left.
|inactive|panqueca25 has 10 seconds left.
|inactive|panqueca25 has 5 seconds left.
|
|t:|1757862439
|switch|p2b: Primarina|Primarina, L50, F|100/100
|turn|8
|-message|panqueca25 forfeited.
|
|win|500cake
|l|☆panqueca25
|player|p2|
|raw|500cake's rating: 1291 → 1308(+17 for winning)
|raw|panqueca25's rating: 1174 → 1157(-17 for losing)
