|j|☆sbhaga34
|j|☆alysa Liu
|html|sbhaga34alysa Liu    
|uhtml|bestof|Game 1 of a best-of-3
|t:|1757859384
|gametype|doubles
|player|p1|sbhaga34|hugh|1573
|player|p2|alysa Liu|lady|1619
|gen|9
|tier|[Gen 9] VGC 2025 Reg H (Bo3)
|rated|
|rule|Species Clause: Limit one of each Pokémon
|rule|Item Clause: Limit 1 of each item
|clearpoke
|poke|p1|Indeedee-F, L50, F|
|poke|p1|Talonflame, L50, F|
|poke|p1|Tyranitar, L50, M|
|poke|p1|Excadrill, L50, F|
|poke|p1|Gardevoir, L50, F|
|poke|p1|Ursaluna-Bloodmoon, L50, M|
|poke|p2|Dachsbun, L50, M|
|poke|p2|Typhlosion-Hisui, L50, M|
|poke|p2|Kingambit, L50, M|
|poke|p2|Jumpluff, L50, M|
|poke|p2|Rillaboom, L50, F|
|poke|p2|Torkoal, L50, M|
|teampreview|4
|showteam|p1|Indeedee-F||SafetyGoggles|PsychicSurge|FollowMe,TrickRoom,HelpingHand,Psychic|||F|||50|,,,,,Fairy]Talonflame||CovertCloak|GaleWings|Tailwind,Taunt,FlareBlitz,WillOWisp|||F|||50|,,,,,Grass]Tyranitar||WeaknessPolicy|SandStream|RockSlide,KnockOff,LowKick,Protect|||M|||50|,,,,,Flying]Excadrill||FocusSash|SandRush|Earthquake,IronHead,SwordsDance,Protect|||F|||50|,,,,,Ground]Gardevoir||ChoiceScarf|Telepathy|ExpandingForce,Moonblast,IcyWind,Trick|||F|||50|,,,,,Psychic]Ursaluna-Bloodmoon||SilkScarf|MindsEye|BloodMoon,HyperVoice,EarthPower,Protect|||M|||50|,,,,,Normal
|showteam|p2|Dachsbun||Leftovers|WellBakedBody|BodyPress,Snarl,HelpingHand,Protect|||M|||50|,,,,,Steel]Typhlosion-Hisui||ChoiceSpecs|Blaze|Eruption,LavaPlume,Overheat,ShadowBall|||M|||50|,,,,,Fire]Kingambit||AssaultVest|Defiant|KowtowCleave,SuckerPunch,LowKick,TeraBlast|||M|||50|,,,,,Fairy]Jumpluff||CovertCloak|Chlorophyll|SleepPowder,SunnyDay,RagePowder,Tailwind|||M|||50|,,,,,Water]Rillaboom||LifeOrb|GrassySurge|WoodHammer,GrassyGlide,HighHorsepower,FakeOut|||F|||50|,,,,,Stellar]Torkoal||SitrusBerry|Drought|HeatWave,LavaPlume,ClearSmog,Protect|||M|||50|,,,,,Fairy
|inactive|Battle timer is ON: inactive players will automatically lose when time's up. (requested by alysa Liu)
|inactive|sbhaga34 has 60 seconds left.
|inactive|alysa Liu has 60 seconds left.
|inactive|sbhaga34 has 30 seconds left.
|inactive|sbhaga34 has 20 seconds left.
|
|t:|1757859461
|teamsize|p1|4
|teamsize|p2|4
|start
|switch|p1a: Talonflame|Talonflame, L50, F|100/100
|switch|p1b: Ursaluna|Ursaluna-Bloodmoon, L50, M|100/100
|switch|p2a: Jumpluff|Jumpluff, L50, M|100/100
|switch|p2b: Rillaboom|Rillaboom, L50, F|100/100
|-fieldstart|move: Grassy Terrain|[from] ability: Grassy Surge|[of] p2b: Rillaboom
|turn|1
|inactive|alysa Liu has 30 seconds left.
|inactive|alysa Liu has 20 seconds left.
|
|t:|1757859498
|switch|p2a: Kingambit|Kingambit, L50, M|100/100
|move|p1b: Ursaluna|Protect|p1b: Ursaluna
|-singleturn|p1b: Ursaluna|Protect
|move|p1a: Talonflame|Taunt|p2a: Kingambit
|-start|p2a: Kingambit|move: Taunt
|move|p2b: Rillaboom|Wood Hammer|p1a: Talonflame
|-resisted|p1a: Talonflame
|-damage|p1a: Talonflame|61/100
|-damage|p2b: Rillaboom|90/100|[from] Recoil
|-damage|p2b: Rillaboom|80/100|[from] item: Life Orb
|
|-heal|p2b: Rillaboom|86/100|[from] Grassy Terrain
|upkeep
|turn|2
|inactive|sbhaga34 has 30 seconds left.
|inactive|alysa Liu has 30 seconds left.
|inactive|sbhaga34 has 20 seconds left.
|inactive|sbhaga34 has 15 seconds left.
|inactive|alysa Liu has 20 seconds left.
|inactive|sbhaga34 has 10 seconds left.
|inactive|sbhaga34 has 5 seconds left.
|
|t:|1757859551
|-terastallize|p1b: Ursaluna|Normal
|move|p2b: Rillaboom|Grassy Glide|p1b: Ursaluna
|-damage|p1b: Ursaluna|61/100
|-damage|p2b: Rillaboom|77/100|[from] item: Life Orb
|move|p1a: Talonflame|Tailwind|p1a: Talonflame
|-sidestart|p1: sbhaga34|move: Tailwind
|move|p1b: Ursaluna|Hyper Voice|p2a: Kingambit|[spread] p2a,p2b
|-resisted|p2a: Kingambit
|-damage|p2a: Kingambit|78/100
|-damage|p2b: Rillaboom|10/100
|move|p2a: Kingambit|Low Kick|p1b: Ursaluna
|-supereffective|p1b: Ursaluna
|-damage|p1b: Ursaluna|0 fnt
|faint|p1b: Ursaluna
|
|-heal|p2b: Rillaboom|16/100|[from] Grassy Terrain
|-heal|p2a: Kingambit|83/100|[from] Grassy Terrain
|upkeep
|
|t:|1757859568
|switch|p1b: Excadrill|Excadrill, L50, F, shiny|100/100
|turn|3
|inactive|alysa Liu has 30 seconds left.
|
|t:|1757859595
|switch|p1b: Tyranitar|Tyranitar, L50, M|100/100
|-weather|Sandstorm|[from] ability: Sand Stream|[of] p1b: Tyranitar
|move|p2b: Rillaboom|Grassy Glide|p1b: Tyranitar
|-supereffective|p1b: Tyranitar
|-damage|p1b: Tyranitar|20/100
|-enditem|p1b: Tyranitar|Weakness Policy
|-boost|p1b: Tyranitar|atk|2|[from] item: Weakness Policy
|-boost|p1b: Tyranitar|spa|2|[from] item: Weakness Policy
|-damage|p2b: Rillaboom|6/100|[from] item: Life Orb
|move|p1a: Talonflame|Flare Blitz|p2b: Rillaboom
|-supereffective|p2b: Rillaboom
|-damage|p2b: Rillaboom|0 fnt
|faint|p2b: Rillaboom
|-damage|p1a: Talonflame|59/100|[from] Recoil
|move|p2a: Kingambit|Kowtow Cleave|p1a: Talonflame
|-damage|p1a: Talonflame|0 fnt
|faint|p1a: Talonflame
|
|-weather|Sandstorm|[upkeep]
|-heal|p1b: Tyranitar|27/100|[from] Grassy Terrain
|-heal|p2a: Kingambit|89/100|[from] Grassy Terrain
|-end|p2a: Kingambit|move: Taunt
|upkeep
|
|t:|1757859616
|switch|p1a: Excadrill|Excadrill, L50, F, shiny|100/100
|switch|p2b: Jumpluff|Jumpluff, L50, M|100/100
|turn|4
|inactive|alysa Liu has 30 seconds left.
|inactive|alysa Liu has 20 seconds left.
|
|t:|1757859653
|-terastallize|p2a: Kingambit|Fairy
|move|p2b: Jumpluff|Rage Powder|p2b: Jumpluff
|-singleturn|p2b: Jumpluff|move: Rage Powder
|move|p1a: Excadrill|Iron Head|p2b: Jumpluff
|-damage|p2b: Jumpluff|46/100
|move|p1b: Tyranitar|Rock Slide|p2a: Kingambit|[spread] p2a,p2b
|-supereffective|p2b: Jumpluff
|-damage|p2a: Kingambit|36/100
|-damage|p2b: Jumpluff|0 fnt
|faint|p2b: Jumpluff
|cant|p2a: Kingambit|flinch
|
|-weather|Sandstorm|[upkeep]
|-damage|p2a: Kingambit|30/100|[from] Sandstorm
|-heal|p1b: Tyranitar|33/100|[from] Grassy Terrain
|-heal|p2a: Kingambit|36/100|[from] Grassy Terrain
|upkeep
|
|t:|1757859662
|switch|p2b: Typhlosion|Typhlosion-Hisui, L50, M|100/100
|turn|5
|inactive|alysa Liu has 30 seconds left.
|inactive|alysa Liu has 20 seconds left.
|inactive|alysa Liu has 15 seconds left.
|inactive|alysa Liu has 10 seconds left.
|
|t:|1757859708
|move|p1a: Excadrill|Protect|p1a: Excadrill
|-singleturn|p1a: Excadrill|Protect
|move|p1b: Tyranitar|Protect|p1b: Tyranitar
|-singleturn|p1b: Tyranitar|Protect
|move|p2a: Kingambit|Sucker Punch||[still]
|-fail|p2a: Kingambit
|move|p2b: Typhlosion|Eruption|p1b: Tyranitar|[spread] 
|-activate|p1a: Excadrill|move: Protect
|-activate|p1b: Tyranitar|move: Protect
|
|-weather|Sandstorm|[upkeep]
|-damage|p2b: Typhlosion|95/100|[from] Sandstorm
|-damage|p2a: Kingambit|30/100|[from] Sandstorm
|-heal|p1b: Tyranitar|39/100|[from] Grassy Terrain
|-heal|p2b: Typhlosion|100/100|[from] Grassy Terrain
|-heal|p2a: Kingambit|36/100|[from] Grassy Terrain
|-sideend|p1: sbhaga34|move: Tailwind
|-fieldend|move: Grassy Terrain
|upkeep
|turn|6
|inactive|alysa Liu has 30 seconds left.
|inactive|sbhaga34 has 30 seconds left.
|inactive|alysa Liu has 20 seconds left.
|inactive|alysa Liu has 15 seconds left.
|
|t:|1757859761
|move|p1b: Tyranitar|Protect|p1b: Tyranitar
|-singleturn|p1b: Tyranitar|Protect
|move|p1a: Excadrill|Earthquake|p2a: Kingambit|[spread] p2a,p2b
|-activate|p1b: Tyranitar|move: Protect
|-supereffective|p2b: Typhlosion
|-damage|p2a: Kingambit|2/100
|-damage|p2b: Typhlosion|0 fnt
|faint|p2b: Typhlosion
|move|p2a: Kingambit|Low Kick|p1b: Tyranitar
|-activate|p1b: Tyranitar|move: Protect
|
|-weather|Sandstorm|[upkeep]
|-damage|p2a: Kingambit|0 fnt|[from] Sandstorm
|faint|p2a: Kingambit
|
|win|sbhaga34
||alysa Liu is ready for game 2.
||sbhaga34 is ready for game 2.
|uhtml|next|Next: Game 2 of 3
