|j|☆mariocansado
|j|☆chupete goat
|html|mariocansadochupete goat    
|uhtml|bestof|Game 2 of a best-of-3
|t:|1756330992
|gametype|doubles
|player|p1|mariocansado|arven-v|1131
|player|p2|chupete goat|steven|1092
|gen|9
|tier|[Gen 9] VGC 2025 Reg H (Bo3)
|rated|
|rule|Species Clause: Limit one of each Pokémon
|rule|Item Clause: Limit 1 of each item
|clearpoke
|poke|p1|Gholdengo, L50|
|poke|p1|Rillaboom, L50, F|
|poke|p1|Dragapult, L50, M|
|poke|p1|Electabuzz, L50, M|
|poke|p1|Volcarona, L50, M|
|poke|p1|Gyarados, L50, F|
|poke|p2|Incineroar, L50, F|
|poke|p2|Amoonguss, L50, F|
|poke|p2|Garchomp, L50, F|
|poke|p2|Kingambit, L50, M|
|poke|p2|Dragonite, L50, M|
|poke|p2|Ninetales-Alola, L50, F|
|teampreview|4
|showteam|p1|Gholdengo||ChoiceScarf|GoodasGold|MakeItRain,ShadowBall,PowerGem,Trick||||||50|,,,,,Steel]Rillaboom||AssaultVest|GrassySurge|FakeOut,WoodHammer,GrassyGlide,Uturn|||F|||50|,,,,,Fire]Dragapult||ChoiceBand|ClearBody|DragonDarts,DragonClaw,PhantomForce,Uturn|||M|||50|,,,,,Dragon]Electabuzz||Eviolite|VitalSpirit|Electroweb,Taunt,FollowMe,Protect|||M|||50|,,,,,Ghost]Volcarona||Leftovers|FlameBody|HeatWave,QuiverDance,Protect,GigaDrain|||M|||50|,,,,,Grass]Gyarados||RockyHelmet|Intimidate|Waterfall,HelpingHand,ThunderWave,Protect|||F|||50|,,,,,Grass
|showteam|p2|Incineroar||SafetyGoggles|Intimidate|FakeOut,Taunt,KnockOff,PartingShot|||F|||50|,,,,,Ghost]Amoonguss||SitrusBerry|Regenerator|ClearSmog,PollenPuff,Spore,RagePowder|||F|||50|,,,,,Water]Garchomp||LifeOrb|RoughSkin|Earthquake,DragonClaw,StompingTantrum,Protect|||F|||50|,,,,,Steel]Kingambit||AssaultVest|Defiant|KowtowCleave,IronHead,SuckerPunch,LowKick|||M|||50|,,,,,Flying]Dragonite||LumBerry|Multiscale|TeraBlast,ExtremeSpeed,LowKick,Protect|||M|||50|,,,,,Flying]Ninetales-Alola||FocusSash|SnowWarning|Blizzard,FreezeDry,Encore,Protect|||F|||50|,,,,,Ghost
|
|t:|1756331024
|teamsize|p1|4
|teamsize|p2|4
|start
|switch|p1a: Gyarados|Gyarados, L50, F|100/100
|switch|p1b: Dragapult|Dragapult, L50, M|100/100
|switch|p2a: Dragonite|Dragonite, L50, M|100/100
|switch|p2b: Garchomp|Garchomp, L50, F|100/100
|-ability|p1a: Gyarados|Intimidate|boost
|-unboost|p2a: Dragonite|atk|1
|-unboost|p2b: Garchomp|atk|1
|turn|1
|
|t:|1756331044
|switch|p2b: Ninetales|Ninetales-Alola, L50, F|100/100
|-weather|Snowscape|[from] ability: Snow Warning|[of] p2b: Ninetales
|switch|p2a: Kingambit|Kingambit, L50, M|100/100
|-terastallize|p1b: Dragapult|Dragon
|move|p1a: Gyarados|Helping Hand|p1b: Dragapult
|-singleturn|p1b: Dragapult|Helping Hand|[of] p1a: Gyarados
|move|p1b: Dragapult|Dragon Darts|p2a: Kingambit
|-resisted|p2a: Kingambit
|-damage|p2a: Kingambit|69/100
|-anim|p1b: Dragapult|Dragon Darts|p2a: Kingambit
|-resisted|p2a: Kingambit
|-damage|p2a: Kingambit|37/100
|
|-weather|Snowscape|[upkeep]
|upkeep
|turn|2
|
|t:|1756331068
|switch|p1b: Gholdengo|Gholdengo, L50|100/100
|move|p2a: Kingambit|Sucker Punch||[still]
|-fail|p2a: Kingambit
|move|p2b: Ninetales|Freeze-Dry|p1a: Gyarados
|-supereffective|p1a: Gyarados
|-damage|p1a: Gyarados|12/100
|move|p1a: Gyarados|Waterfall|p2a: Kingambit
|-damage|p2a: Kingambit|9/100
|
|-weather|Snowscape|[upkeep]
|upkeep
|turn|3
|
|t:|1756331085
|move|p1b: Gholdengo|Make It Rain|p2a: Kingambit|[spread] p2a,p2b
|-resisted|p2a: Kingambit
|-supereffective|p2b: Ninetales
|-damage|p2a: Kingambit|0 fnt
|-enditem|p2b: Ninetales|Focus Sash
|-damage|p2b: Ninetales|1/100
|-unboost|p1b: Gholdengo|spa|1
|faint|p2a: Kingambit
|move|p2b: Ninetales|Blizzard|p1b: Gholdengo|[spread] p1a,p1b
|-resisted|p1b: Gholdengo
|-damage|p1a: Gyarados|0 fnt
|-damage|p1b: Gholdengo|83/100
|-status|p1b: Gholdengo|frz
|faint|p1a: Gyarados
|
|-weather|Snowscape|[upkeep]
|upkeep
|
|t:|1756331094
|switch|p1a: Big Jerry|Rillaboom, L50, F|100/100
|switch|p2a: Dragonite|Dragonite, L50, M|100/100
|-fieldstart|move: Grassy Terrain|[from] ability: Grassy Surge|[of] p1a: Big Jerry
|turn|4
|
|t:|1756331104
|-terastallize|p2a: Dragonite|Flying
|cant|p1b: Gholdengo|frz
|move|p2b: Ninetales|Blizzard|p1a: Big Jerry|[spread] p1a,p1b
|-supereffective|p1a: Big Jerry
|-resisted|p1b: Gholdengo
|-damage|p1a: Big Jerry|52/100
|-damage|p1b: Gholdengo|64/100 frz
|move|p2a: Dragonite|Tera Blast|p1a: Big Jerry|[anim] Tera Blast Flying
|-supereffective|p1a: Big Jerry
|-crit|p1a: Big Jerry
|-damage|p1a: Big Jerry|0 fnt
|faint|p1a: Big Jerry
|
|-weather|Snowscape|[upkeep]
|-heal|p1b: Gholdengo|70/100 frz|[from] Grassy Terrain
|-heal|p2b: Ninetales|7/100|[from] Grassy Terrain
|upkeep
|
|t:|1756331109
|switch|p1a: Dragapult|Dragapult, L50, M, tera:Dragon|100/100
|turn|5
|
|t:|1756331122
|cant|p1b: Gholdengo|frz
|move|p1a: Dragapult|Dragon Darts|p2a: Dragonite
|-damage|p2a: Dragonite|72/100
|-anim|p1a: Dragapult|Dragon Darts|p2a: Dragonite
|-damage|p2a: Dragonite|13/100
|move|p2b: Ninetales|Blizzard|p1a: Dragapult|[spread] p1a,p1b
|-supereffective|p1a: Dragapult
|-resisted|p1b: Gholdengo
|-damage|p1a: Dragapult|20/100
|-damage|p1b: Gholdengo|52/100 frz
|move|p2a: Dragonite|Tera Blast|p1a: Dragapult|[anim] Tera Blast Flying
|-damage|p1a: Dragapult|0 fnt
|faint|p1a: Dragapult
|
|-weather|none
|-heal|p1b: Gholdengo|58/100 frz|[from] Grassy Terrain
|-heal|p2b: Ninetales|13/100|[from] Grassy Terrain
|upkeep
|turn|6
|
|t:|1756331135
|cant|p1b: Gholdengo|frz
|move|p2b: Ninetales|Blizzard|p1b: Gholdengo
|-resisted|p1b: Gholdengo
|-damage|p1b: Gholdengo|32/100 frz
|move|p2a: Dragonite|Tera Blast|p1b: Gholdengo|[anim] Tera Blast Flying
|-resisted|p1b: Gholdengo
|-damage|p1b: Gholdengo|0 fnt
|faint|p1b: Gholdengo
|
|win|chupete goat
|raw|mariocansado's rating: 1131 → 1103(-28 for losing)
|raw|chupete goat's rating: 1092 → 1121(+29 for winning)
|l|☆chupete goat
|player|p2|
|j|☆chupete goat
|player|p2|chupete goat|steven|
|l|☆chupete goat
|player|p2|
