|j|☆Philly Turtles
|j|☆Ryan Regirocks
|html|Philly TurtlesRyan Regirocks    
|uhtml|bestof|Game 1 of a best-of-3
|t:|1784386770
|gametype|doubles
|player|p1|Philly Turtles|candice|
|player|p2|Ryan Regirocks|169|
|gen|9
|tier|[Gen 9 Champions] VGC 2026 Reg M-B (Bo3)
|rule|Species Clause: Limit one of each Pokémon
|rule|Item Clause: Limit 1 of each item
|clearpoke
|poke|p1|Froslass, L50, F|
|poke|p1|Primarina, L50, M|
|poke|p1|Crabominable, L50, M, shiny|
|poke|p1|Slowking-Galar, L50, M|
|poke|p1|Tsareena, L50, F|
|poke|p1|Sableye, L50, M|
|poke|p2|Dragonite, L50, F|
|poke|p2|Pelipper, L50, F|
|poke|p2|Archaludon, L50, M|
|poke|p2|Scizor, L50, M|
|poke|p2|Overqwil, L50, F|
|poke|p2|Rhyperior, L50, M|
|teampreview|4
|showteam|p1|Froslass||Froslassite|CursedBody|AuroraVeil,Blizzard,ShadowBall,Protect|Timid||F|||50|]Primarina||LifeOrb|LiquidVoice|Blizzard,HyperVoice,Protect,CalmMind|Modest||M|||50|]Crabominable||Crabominite|HyperCutter|DrainPunch,IceHammer,MachPunch,Protect|Brave||M|||50|]Slowking-Galar||Leftovers|Regenerator|ChillyReception,TrickRoom,Psychic,HealPulse|Relaxed||M|||50|]Tsareena||WideLens|QueenlyMajesty|TripleAxel,TropKick,Uturn,HighJumpKick|Adamant||F|||50|]Sableye||FocusSash|Prankster|FakeOut,Encore,WillOWisp,FoulPlay|Careful||M|||50|
|showteam|p2|Dragonite||Dragoninite|Multiscale|Protect,Flamethrower,Thunderbolt,AirSlash|Modest||F|||50|]Pelipper||SitrusBerry|Drizzle|Protect,Tailwind,Hurricane,WideGuard|Calm||F|||50|]Archaludon||Leftovers|Stamina|ElectroShot,FlashCannon,DragonPulse,Protect|Modest||M|||50|]Scizor||MetalCoat|Technician|SwordsDance,Protect,BulletPunch,DualWingbeat|Adamant||M|||50|]Overqwil||ShucaBerry|Intimidate|Protect,ThroatChop,BarbBarrage,Taunt|Careful||F|||50|]Rhyperior||IronBall|SolidRock|RockSlide,Earthquake,IcePunch,Protect|Brave||M|||50|
|
|t:|1784386808
|teamsize|p1|4
|teamsize|p2|4
|start
|switch|p1a: Sableye|Sableye, L50, M|100/100
|switch|p1b: Slowking|Slowking-Galar, L50, M|100/100
|switch|p2a: Archaludon|Archaludon, L50, M|100/100
|switch|p2b: Rhyperior|Rhyperior, L50, M|100/100
|turn|1
|c|☆Philly Turtles|whoops i didnt mean to make it open team sheets
|j| yungsmokey
|c|☆Philly Turtles|glhf
|c| yungsmokey|hello hello
|
|t:|1784386905
|move|p2a: Archaludon|Protect|p2a: Archaludon
|-singleturn|p2a: Archaludon|Protect
|move|p1a: Sableye|Fake Out|p2b: Rhyperior
|-resisted|p2b: Rhyperior|1
|-damage|p2b: Rhyperior|97/100
|cant|p2b: Rhyperior|flinch
|move|p1b: Slowking|Trick Room|p1b: Slowking
|-fieldstart|move: Trick Room|[of] p1b: Slowking
|
|upkeep
|turn|2
|
|t:|1784386929
|move|p1a: Sableye|Encore|p2a: Archaludon
|-start|p2a: Archaludon|Encore
|move|p2a: Archaludon|Protect|p2a: Archaludon
|-singleturn|p2a: Archaludon|Protect
|move|p2b: Rhyperior|Rock Slide|p1a: Sableye|[spread] p1a,p1b
|-damage|p1a: Sableye|59/100
|-damage|p1b: Slowking|74/100
|move|p1b: Slowking|Trick Room|p1b: Slowking
|-fieldend|move: Trick Room
|
|-heal|p1b: Slowking|80/100|[from] item: Leftovers
|upkeep
|turn|3
|
|t:|1784386954
|move|p2a: Archaludon|Protect||[still]
|-fail|p2a: Archaludon
|move|p1a: Sableye|Will-O-Wisp|p2b: Rhyperior
|-status|p2b: Rhyperior|brn
|move|p2b: Rhyperior|Rock Slide|p1b: Slowking|[spread] p1a,p1b
|-damage|p1a: Sableye|37/100
|-damage|p1b: Slowking|67/100
|move|p1b: Slowking|Trick Room|p1b: Slowking
|-fieldstart|move: Trick Room|[of] p1b: Slowking
|
|-heal|p1b: Slowking|73/100|[from] item: Leftovers
|-damage|p2b: Rhyperior|91/100 brn|[from] brn
|upkeep
|turn|4
|
|t:|1784386977
|switch|p1a: Tsareena|Tsareena, L50, F|100/100
|move|p2b: Rhyperior|Protect|p2b: Rhyperior
|-singleturn|p2b: Rhyperior|Protect
|move|p2a: Archaludon|Protect|p2a: Archaludon
|-singleturn|p2a: Archaludon|Protect
|-prepare|p1b: Slowking|Chilly Reception|[premajor]
|move|p1b: Slowking|Chilly Reception|p1b: Slowking
|-weather|Snowscape
|
|t:|1784386986
|-heal|p1b: Slowking|100/100|[from] ability: Regenerator|[silent]
|switch|p1b: Crabominable|Crabominable, L50, M, shiny|100/100|[from] Chilly Reception
|
|-weather|Snowscape|[upkeep]
|-damage|p2b: Rhyperior|86/100 brn|[from] brn
|-end|p2a: Archaludon|Encore
|upkeep
|turn|5
|
|t:|1784387003
|detailschange|p1b: Crabominable|Crabominable-Mega, L50, M, shiny
|-mega|p1b: Crabominable|Crabominable|Crabominite
|move|p2b: Rhyperior|Ice Punch|p1a: Tsareena
|-supereffective|p1a: Tsareena|1
|-damage|p1a: Tsareena|63/100
|move|p1b: Crabominable|Drain Punch|p2a: Archaludon
|-supereffective|p2a: Archaludon|1
|-damage|p2a: Archaludon|11/100
|-ability|p2a: Archaludon|Stamina|boost
|-boost|p2a: Archaludon|def|1
|move|p2a: Archaludon|Flash Cannon|p1b: Crabominable
|-supereffective|p1b: Crabominable|1
|-damage|p1b: Crabominable|22/100
|move|p1a: Tsareena|Trop Kick|p2b: Rhyperior
|-supereffective|p2b: Rhyperior|2
|-damage|p2b: Rhyperior|0 fnt
|faint|p2b: Rhyperior
|
|-weather|Snowscape|[upkeep]
|-heal|p2a: Archaludon|17/100|[from] item: Leftovers
|upkeep
|
|t:|1784387020
|switch|p2b: Scizor|Scizor, L50, M|100/100
|turn|6
|
|t:|1784387044
|move|p2a: Archaludon|Protect|p2a: Archaludon
|-singleturn|p2a: Archaludon|Protect
|move|p2b: Scizor|Bullet Punch||[still]
|cant|p1a: Tsareena|ability: Queenly Majesty|Bullet Punch|[of] p2b: Scizor
|move|p1b: Crabominable|Drain Punch|p2a: Archaludon
|-activate|p2a: Archaludon|move: Protect
|move|p1a: Tsareena|U-turn|p2b: Scizor
|-resisted|p2b: Scizor|1
|-damage|p2b: Scizor|86/100
|
|t:|1784387053
|switch|p1a: Sableye|Sableye, L50, M|37/100|[from] U-turn
|
|-weather|Snowscape|[upkeep]
|-heal|p2a: Archaludon|23/100|[from] item: Leftovers
|upkeep
|turn|7
|
|t:|1784387073
|move|p1a: Sableye|Fake Out|p2b: Scizor
|-resisted|p2b: Scizor|1
|-damage|p2b: Scizor|83/100
|move|p1b: Crabominable|Drain Punch|p2a: Archaludon
|-supereffective|p2a: Archaludon|1
|-damage|p2a: Archaludon|0 fnt
|-heal|p1b: Crabominable|34/100|[from] drain|[of] p2a: Archaludon
|faint|p2a: Archaludon
|cant|p2b: Scizor|flinch
|
|-weather|Snowscape|[upkeep]
|-fieldend|move: Trick Room
|upkeep
|
|t:|1784387083
|switch|p2a: Pelipper|Pelipper, L50, F|100/100
|-weather|RainDance|[from] ability: Drizzle|[of] p2a: Pelipper
|turn|8
|
|t:|1784387103
|switch|p1a: Slowking|Slowking-Galar, L50, M|100/100
|move|p1b: Crabominable|Protect|p1b: Crabominable
|-singleturn|p1b: Crabominable|Protect
|move|p2a: Pelipper|Hurricane|p1b: Crabominable
|-activate|p1b: Crabominable|move: Protect
|move|p2b: Scizor|Swords Dance|p2b: Scizor
|-boost|p2b: Scizor|atk|2
|
|-weather|RainDance|[upkeep]
|upkeep
|turn|9
|
|t:|1784387151
|switch|p1b: Sableye|Sableye, L50, M|37/100
|move|p2b: Scizor|Dual Wingbeat|p1a: Slowking
|-damage|p1a: Slowking|66/100
|-damage|p1a: Slowking|32/100
|-hitcount|p1a: Slowking|2
|move|p2a: Pelipper|Hurricane|p1b: Sableye
|-damage|p1b: Sableye|0 fnt
|faint|p1b: Sableye
|move|p1a: Slowking|Trick Room|p1a: Slowking
|-fieldstart|move: Trick Room|[of] p1a: Slowking
|
|-weather|RainDance|[upkeep]
|-heal|p1a: Slowking|38/100|[from] item: Leftovers
|upkeep
|
|t:|1784387164
|switch|p1b: Crabominable|Crabominable-Mega, L50, M, shiny|34/100
|turn|10
|
|t:|1784387205
|move|p1b: Crabominable|Protect|p1b: Crabominable
|-singleturn|p1b: Crabominable|Protect
|move|p1a: Slowking|Heal Pulse|p1b: Crabominable
|-activate|p1b: Crabominable|move: Protect
|move|p2b: Scizor|Swords Dance|p2b: Scizor
|-boost|p2b: Scizor|atk|2
|move|p2a: Pelipper|Hurricane|p1a: Slowking
|-damage|p1a: Slowking|8/100
|
|-weather|RainDance|[upkeep]
|-heal|p1a: Slowking|14/100|[from] item: Leftovers
|upkeep
|turn|11
|
|t:|1784387239
|move|p2b: Scizor|Bullet Punch|p1a: Slowking
|-damage|p1a: Slowking|0 fnt
|faint|p1a: Slowking
|move|p1b: Crabominable|Drain Punch|p2b: Scizor
|-damage|p2b: Scizor|20/100y
|-heal|p1b: Crabominable|61/100|[from] drain|[of] p2b: Scizor
|move|p2a: Pelipper|Hurricane|p1b: Crabominable
|-supereffective|p1b: Crabominable|1
|-damage|p1b: Crabominable|0 fnt
|faint|p1b: Crabominable
|
|-weather|RainDance|[upkeep]
|upkeep
|
|t:|1784387251
|switch|p1a: Tsareena|Tsareena, L50, F|63/100
|turn|12
|
|t:|1784387264
|move|p2b: Scizor|Protect|p2b: Scizor
|-singleturn|p2b: Scizor|Protect
|move|p2a: Pelipper|Hurricane|p1a: Tsareena
|-supereffective|p1a: Tsareena|1
|-damage|p1a: Tsareena|0 fnt
|faint|p1a: Tsareena
|
|win|Ryan Regirocks
||Philly Turtles is ready for game 2.
|inactive|Ryan Regirocks has 30 seconds to confirm battle start!
||Ryan Regirocks is ready for game 2.
|uhtml|next|Next: Game 2 of 3
|l| yungsmokey
|l|☆Philly Turtles
|player|p1|
