|j|☆Marvcolor
|j|☆kodehue
|html|Marvcolorkodehue    
|uhtml|bestof|Game 2 of a best-of-3
|t:|1784087107
|gametype|doubles
|player|p1|Marvcolor|giovanni|1305
|player|p2|kodehue|102|1183
|gen|9
|tier|[Gen 9 Champions] VGC 2026 Reg M-B (Bo3)
|rated|
|rule|Species Clause: Limit one of each Pokémon
|rule|Item Clause: Limit 1 of each item
|clearpoke
|poke|p1|Gengar, L50, M, shiny|
|poke|p1|Politoed, L50, F, shiny|
|poke|p1|Archaludon, L50, F, shiny|
|poke|p1|Swampert, L50, M, shiny|
|poke|p1|Incineroar, L50, F, shiny|
|poke|p1|Vivillon, L50, M, shiny|
|poke|p2|Malamar, L50, M|
|poke|p2|Whimsicott, L50, M|
|poke|p2|Kangaskhan, L50, F|
|poke|p2|Vivillon, L50, F|
|poke|p2|Lopunny, L50, F|
|poke|p2|Aerodactyl, L50, F|
|teampreview|4
|showteam|p1|Gengar||Gengarite|CursedBody|ShadowBall,SludgeBomb,PerishSong,Protect|Timid||M|||50|]Politoed||SitrusBerry|Drizzle|WeatherBall,PerishSong,Encore,Protect|Calm||F|||50|]Archaludon||Leftovers|Stamina|ElectroShot,DragonPulse,FlashCannon,Protect|Bold||F|||50|]Swampert||Swampertite|Damp|WaveCrash,Earthquake,IcePunch,Protect|Adamant||M|||50|]Incineroar||PasshoBerry|Intimidate|ThroatChop,PartingShot,Protect,FakeOut|Sassy||F|||50|]Vivillon||FocusSash|CompoundEyes|Hurricane,SleepPowder,RagePowder,Protect|Timid||M|||50|
|showteam|p2|Malamar||Malamarite|Contrary|Superpower,ThroatChop,PsychoCut,Liquidation|Adamant||M|||50|]Whimsicott||MentalHerb|Prankster|Tailwind,Encore,Moonblast,Protect|Timid||M|||50|]Kangaskhan||ExpertBelt|Scrappy|FakeOut,IcePunch,BodySlam,FirePunch|Adamant||F|||50|]Vivillon||FocusSash|CompoundEyes|SleepPowder,Hurricane,PollenPuff,Protect|Timid||F|||50|]Lopunny||Lopunnite|CuteCharm|FakeOut,FirePunch,ThunderPunch,HighJumpKick|Jolly||F|||50|]Aerodactyl||Aerodactylite|Unnerve|Tailwind,Taunt,Earthquake,RockSlide|Jolly||F|||50|
|inactive|Battle timer is ON: inactive players will automatically lose when time's up. (requested by kodehue)
|inactive|Marvcolor also wants the timer to be on.
|inactive|Marvcolor has 60 seconds left.
|inactive|kodehue has 60 seconds left.
|
|t:|1784087158
|teamsize|p1|4
|teamsize|p2|4
|start
|switch|p1a: Mishra|Gengar, L50, M, shiny|100/100
|switch|p1b: Time Walk|Vivillon, L50, M, shiny|100/100
|switch|p2a: Vivillon|Vivillon, L50, F|100/100
|switch|p2b: Lopunny|Lopunny, L50, F|100/100
|turn|1
|inactive|kodehue has 30 seconds left.
|inactive|kodehue has 20 seconds left.
|inactive|kodehue has 15 seconds left.
|
|t:|1784087201
|detailschange|p2b: Lopunny|Lopunny-Mega, L50, F
|-mega|p2b: Lopunny|Lopunny|Lopunnite
|detailschange|p1a: Mishra|Gengar-Mega, L50, M, shiny
|-mega|p1a: Mishra|Gengar|Gengarite
|move|p1a: Mishra|Protect|p1a: Mishra
|-singleturn|p1a: Mishra|Protect
|move|p1b: Time Walk|Protect|p1b: Time Walk
|-singleturn|p1b: Time Walk|Protect
|move|p2b: Lopunny|Fake Out|p1b: Time Walk
|-activate|p1b: Time Walk|move: Protect
|move|p2a: Vivillon|Sleep Powder|p1a: Mishra
|-activate|p1a: Mishra|move: Protect
|
|upkeep
|turn|2
|inactive|Marvcolor has 30 seconds left.
|inactive|kodehue has 30 seconds left.
|inactive|kodehue has 20 seconds left.
|inactive|kodehue has 15 seconds left.
|inactive|kodehue has 10 seconds left.
|inactive|Marvcolor has 20 seconds left.
|inactive|kodehue has 5 seconds left.
|
|t:|1784087256
|move|p1b: Time Walk|Rage Powder|p1b: Time Walk
|-singleturn|p1b: Time Walk|move: Rage Powder
|move|p2b: Lopunny|Fire Punch|p1b: Time Walk
|-supereffective|p1b: Time Walk|1
|-enditem|p1b: Time Walk|Focus Sash
|-damage|p1b: Time Walk|1/100
|move|p1a: Mishra|Perish Song|p1a: Mishra
|-start|p1a: Mishra|perish3|[silent]
|-start|p1b: Time Walk|perish3|[silent]
|-start|p2a: Vivillon|perish3|[silent]
|-start|p2b: Lopunny|perish3|[silent]
|-fieldactivate|move: Perish Song
|move|p2a: Vivillon|Sleep Powder|p1b: Time Walk
|-status|p1b: Time Walk|slp|[from] move: Sleep Powder
|
|-start|p2b: Lopunny|perish3
|-start|p1a: Mishra|perish3
|-start|p2a: Vivillon|perish3
|-start|p1b: Time Walk|perish3
|upkeep
|turn|3
|inactive|kodehue has 30 seconds left.
|
|t:|1784087291
|switch|p1b: Mankira|Incineroar, L50, F, shiny|100/100
|-ability|p1b: Mankira|Intimidate|boost
|-unboost|p2a: Vivillon|atk|1
|-fail|p2b: Lopunny|unboost|Attack|[from] ability: Scrappy|[of] p2b: Lopunny
|move|p1a: Mishra|Protect|p1a: Mishra
|-singleturn|p1a: Mishra|Protect
|move|p2b: Lopunny|Fire Punch|p1b: Mankira
|-resisted|p1b: Mankira|1
|-damage|p1b: Mankira|89/100
|move|p2a: Vivillon|Sleep Powder|p1a: Mishra
|-activate|p1a: Mishra|move: Protect
|
|-start|p2b: Lopunny|perish2
|-start|p1a: Mishra|perish2
|-start|p2a: Vivillon|perish2
|upkeep
|turn|4
|inactive|Marvcolor has 30 seconds left.
|inactive|kodehue has 30 seconds left.
|inactive|kodehue has 20 seconds left.
|inactive|kodehue has 15 seconds left.
|inactive|kodehue has 10 seconds left.
|inactive|kodehue has 5 seconds left.
|
|t:|1784087345
|switch|p1a: Time Walk|Vivillon, L50, M, shiny|1/100 slp
|move|p2b: Lopunny|High Jump Kick|p1b: Mankira
|-supereffective|p1b: Mankira|1
|-damage|p1b: Mankira|0 fnt
|faint|p1b: Mankira
|move|p2a: Vivillon|Hurricane|p1a: Time Walk
|-supereffective|p1a: Time Walk|1
|-damage|p1a: Time Walk|0 fnt
|faint|p1a: Time Walk
|
|-start|p2b: Lopunny|perish1
|-start|p2a: Vivillon|perish1
|upkeep
|
|t:|1784087353
|switch|p1a: Mishra|Gengar-Mega, L50, M, shiny|100/100
|switch|p1b: Connect|Politoed, L50, F, shiny|100/100
|-weather|RainDance|[from] ability: Drizzle|[of] p1b: Connect
|turn|5
|inactive|kodehue has 30 seconds left.
|
|t:|1784087381
|move|p1a: Mishra|Protect|p1a: Mishra
|-singleturn|p1a: Mishra|Protect
|move|p1b: Connect|Protect|p1b: Connect
|-singleturn|p1b: Connect|Protect
|move|p2b: Lopunny|Thunder Punch|p1b: Connect
|-activate|p1b: Connect|move: Protect
|move|p2a: Vivillon|Sleep Powder|p1a: Mishra
|-activate|p1a: Mishra|move: Protect
|
|-weather|RainDance|[upkeep]
|-start|p2b: Lopunny|perish0
|-start|p2a: Vivillon|perish0
|faint|p2b: Lopunny
|faint|p2a: Vivillon
|upkeep
|
|t:|1784087394
|switch|p2b: Kangaskhan|Kangaskhan, L50, F|100/100
|switch|p2a: Malamar|Malamar, L50, M|100/100
|turn|6
|
|t:|1784087411
|move|p2b: Kangaskhan|Fake Out|p1a: Mishra
|-damage|p1a: Mishra|77/100
|cant|p1a: Mishra|flinch
|move|p2a: Malamar|Superpower|p1b: Connect
|-damage|p1b: Connect|66/100
|-boost|p2a: Malamar|atk|1
|-boost|p2a: Malamar|def|1
|move|p1b: Connect|Weather Ball|p2a: Malamar
|-damage|p2a: Malamar|40/100
|
|-weather|RainDance|[upkeep]
|upkeep
|turn|7
|inactive|Marvcolor has 30 seconds left.
|inactive|kodehue has 30 seconds left.
|inactive|kodehue has 20 seconds left.
|inactive|kodehue has 15 seconds left.
|inactive|kodehue has 10 seconds left.
|inactive|kodehue has 5 seconds left.
|
|t:|1784087465
|move|p1a: Mishra|Sludge Bomb|p2a: Malamar
|-damage|p2a: Malamar|0 fnt
|faint|p2a: Malamar
|move|p2b: Kangaskhan|Body Slam|p1a: Mishra
|-damage|p1a: Mishra|27/100
|-status|p1a: Mishra|par
|move|p1b: Connect|Weather Ball|p2b: Kangaskhan
|-damage|p2b: Kangaskhan|53/100
|
|-weather|RainDance|[upkeep]
|upkeep
|turn|8
|
|t:|1784087484
|move|p1a: Mishra|Protect|p1a: Mishra
|-singleturn|p1a: Mishra|Protect
|move|p2b: Kangaskhan|Body Slam|p1b: Connect
|-damage|p1b: Connect|28/100
|-status|p1b: Connect|par
|-enditem|p1b: Connect|Sitrus Berry|[eat]
|-heal|p1b: Connect|53/100 par|[from] item: Sitrus Berry
|move|p1b: Connect|Weather Ball|p2b: Kangaskhan
|-damage|p2b: Kangaskhan|0 fnt
|faint|p2b: Kangaskhan
|
|win|Marvcolor
|raw|Marvcolor's rating: 1305 → 1318(+13 for winning)
|raw|kodehue's rating: 1183 → 1166(-17 for losing)
|l|☆kodehue
|player|p2|
