|j|ŌśåNinjacoox
|j|Ōśåperson_mcsomeone
|html|Ninjacooxperson_mcsomeone    
|uhtml|bestof|Game 2 of a best-of-3
|t:|1785377738
|gametype|doubles
|player|p1|Ninjacoox|rood|
|player|p2|person_mcsomeone|miku-psychic|
|gen|9
|tier|[Gen 9 Champions] VGC 2026 Reg M-B (Bo3)
|rule|Species Clause: Limit one of each Pok├®mon
|rule|Item Clause: Limit 1 of each item
|clearpoke
|poke|p1|Staraptor, L50, M|
|poke|p1|Sinistcha, L50|
|poke|p1|Maushold, L50|
|poke|p1|Kingambit, L50, M|
|poke|p1|Sneasler, L50, F|
|poke|p1|Delphox, L50, F|
|poke|p2|Scrafty, L50, M|
|poke|p2|Farigiraf, L50, F|
|poke|p2|Gholdengo, L50|
|poke|p2|Rotom-Wash, L50|
|poke|p2|Tyranitar, L50, M|
|poke|p2|Garchomp, L50, M|
|teampreview|4
|showteam|p1|Staraptor||Staraptite|Intimidate|CloseCombat,BraveBird,Roost,Protect|Adamant||M|||50|]Sinistcha||SitrusBerry|Hospitality|RagePowder,MatchaGotcha,Protect,LifeDew|Calm|||||50|]Maushold||LumBerry|FriendGuard|Encore,Charm,FollowMe,Protect|Timid|||||50|]Kingambit||BlackGlasses|Defiant|KowtowCleave,SuckerPunch,SwordsDance,Protect|Adamant||M|||50|]Sneasler||WhiteHerb|Unburden|CloseCombat,DireClaw,FakeOut,Feint|Jolly||F|||50|]Delphox||Delphoxite|Blaze|HeatWave,Psyshock,NastyPlot,Protect|Timid||F|||50|
|showteam|p2|Scrafty||Scraftinite|Intimidate|FakeOut,KnockOff,DrainPunch,Protect|Brave||M|||50|]Farigiraf||SitrusBerry|ArmorTail|TrickRoom,HyperVoice,ThunderWave,Protect|Calm||F|||50|]Gholdengo||LifeOrb|GoodasGold|MakeItRain,ShadowBall,NastyPlot,Protect|Modest|||||50|]Rotom-Wash||ChoiceScarf|Levitate|VoltSwitch,Thunderbolt,HydroPump,Electroweb|Modest|||||50|]Tyranitar||Tyranitarite|SandStream|DragonDance,RockSlide,KnockOff,Protect|Adamant||M|||50|]Garchomp||SoftSand|RoughSkin|StompingTantrum,DragonClaw,PoisonJab,Protect|Jolly||M|||50|
|inactive|Battle timer is ON: inactive players will automatically lose when time's up. (requested by Ninjacoox)
|inactive|person_mcsomeone also wants the timer to be on.
|c|Ōśåperson_mcsomeone|thats physically bulky dengho
|c|Ōśåperson_mcsomeone|wtf
|c|ŌśåNinjacoox|bro all I see is tpk's face as hes getting carried
|c|Ōśåperson_mcsomeone|whiteboards or smth
|inactive|Ninjacoox has 60 seconds left.
|inactive|person_mcsomeone has 60 seconds left.
|c|ŌśåNinjacoox|kingambit is a strong independent they/them
|c|ŌśåNinjacoox|:sob:
|inactive|Ninjacoox has 30 seconds left.
|inactive|Ninjacoox has 20 seconds left.
|inactive|Ninjacoox has 15 seconds left.
|
|t:|1785377818
|teamsize|p1|4
|teamsize|p2|4
|start
|switch|p1a: Staraptor|Staraptor, L50, M|100/100
|switch|p1b: Sneasler|Sneasler, L50, F|100/100
|switch|p2a: Scrafty|Scrafty, L50, M|100/100
|switch|p2b: Farigiraf|Farigiraf, L50, F|100/100
|-ability|p1a: Staraptor|Intimidate|boost
|-unboost|p2a: Scrafty|atk|1
|-unboost|p2b: Farigiraf|atk|1
|-ability|p2a: Scrafty|Intimidate|boost
|-unboost|p1a: Staraptor|atk|1
|-unboost|p1b: Sneasler|atk|1
|-enditem|p1b: Sneasler|White Herb
|-clearnegativeboost|p1b: Sneasler|[silent]
|turn|1
|
|t:|1785377840
|switch|p2a: Gholdengo|Gholdengo, L50|100/100
|detailschange|p1a: Staraptor|Staraptor-Mega, L50, M
|-mega|p1a: Staraptor|Staraptor|Staraptite
|move|p1b: Sneasler|Close Combat|p2a: Gholdengo
|-immune|p2a: Gholdengo
|move|p1a: Staraptor|Close Combat|p2a: Gholdengo
|-immune|p2a: Gholdengo
|move|p2b: Farigiraf|Thunder Wave|p1a: Staraptor
|-status|p1a: Staraptor|par
|
|upkeep
|turn|2
|c|ŌśåNinjacoox|tf
|c|Ōśåperson_mcsomeone|w read
|c|ŌśåNinjacoox|who is bro
|c|Ōśåperson_mcsomeone|trust
|inactive|person_mcsomeone has 30 seconds left.
|c|ŌśåNinjacoox|didn't see shit wtf
|
|t:|1785377871
|move|p1b: Sneasler|Close Combat|p2b: Farigiraf
|-damage|p2b: Farigiraf|47/100
|-unboost|p1b: Sneasler|def|1
|-unboost|p1b: Sneasler|spd|1
|-enditem|p2b: Farigiraf|Sitrus Berry|[eat]
|-heal|p2b: Farigiraf|71/100|[from] item: Sitrus Berry
|move|p2a: Gholdengo|Nasty Plot|p2a: Gholdengo
|-boost|p2a: Gholdengo|spa|2
|move|p2b: Farigiraf|Thunder Wave|p1b: Sneasler
|-status|p1b: Sneasler|par
|move|p1a: Staraptor|Close Combat|p2b: Farigiraf
|-damage|p2b: Farigiraf|27/100
|-boost|p1a: Staraptor|def|1
|-boost|p1a: Staraptor|spd|1
|
|upkeep
|turn|3
|c|ŌśåNinjacoox|aunt just lying
|
|t:|1785377885
|switch|p1b: Kingambit|Kingambit, L50, M|100/100
|move|p2b: Farigiraf|Protect|p2b: Farigiraf
|-singleturn|p2b: Farigiraf|Protect
|move|p2a: Gholdengo|Nasty Plot|p2a: Gholdengo
|-boost|p2a: Gholdengo|spa|2
|move|p1a: Staraptor|Close Combat|p2b: Farigiraf
|-activate|p2b: Farigiraf|move: Protect
|
|upkeep
|turn|4
|c|Ōśåperson_mcsomeone|yeah, i cant read naymore
|c|Ōśåperson_mcsomeone|prime me was easily soling mag, ant and everyone else
|c|ŌśåNinjacoox|lies
|
|t:|1785377909
|move|p2a: Gholdengo|Protect|p2a: Gholdengo
|-singleturn|p2a: Gholdengo|Protect
|move|p1b: Kingambit|Sucker Punch||[still]
|cant|p2b: Farigiraf|ability: Armor Tail|Sucker Punch|[of] p1b: Kingambit
|move|p2b: Farigiraf|Thunder Wave|p1b: Kingambit
|-status|p1b: Kingambit|par
|move|p1a: Staraptor|Close Combat|p2b: Farigiraf
|-damage|p2b: Farigiraf|0 fnt
|-boost|p1a: Staraptor|def|1
|-boost|p1a: Staraptor|spd|1
|faint|p2b: Farigiraf
|
|upkeep
|
|t:|1785377916
|switch|p2b: Garchomp|Garchomp, L50, M|100/100
|turn|5
|c|ŌśåNinjacoox|die
|c|Ōśåperson_mcsomeone|no srsly i used to be like 40/60 win/loss against amg
|c|Ōśåperson_mcsomeone|mag
|c|ŌśåNinjacoox|40/60 :sob:
|inactive|person_mcsomeone has 30 seconds left.
|
|t:|1785377948
|switch|p1b: Sneasler|Sneasler, L50, F|100/100 par
|move|p2b: Garchomp|Stomping Tantrum|p1b: Sneasler
|-supereffective|p1b: Sneasler|1
|-damage|p1b: Sneasler|0 fnt
|faint|p1b: Sneasler
|move|p2a: Gholdengo|Nasty Plot|p2a: Gholdengo
|-boost|p2a: Gholdengo|spa|2
|move|p1a: Staraptor|Close Combat|p2b: Garchomp
|-damage|p2b: Garchomp|52/100
|-boost|p1a: Staraptor|def|1
|-boost|p1a: Staraptor|spd|1
|-damage|p1a: Staraptor|87/100 par|[from] ability: Rough Skin|[of] p2b: Garchomp
|
|upkeep
|c|Ōśåperson_mcsomeone|the greed is immeasureable
|
|t:|1785377959
|switch|p1b: Kingambit|Kingambit, L50, M|100/100 par
|turn|6
|c|ŌśåNinjacoox|lol
|
|t:|1785377982
|move|p2a: Gholdengo|Protect|p2a: Gholdengo
|-singleturn|p2a: Gholdengo|Protect
|move|p1b: Kingambit|Sucker Punch|p2b: Garchomp
|-damage|p2b: Garchomp|3/100
|-damage|p1b: Kingambit|87/100 par|[from] ability: Rough Skin|[of] p2b: Garchomp
|move|p2b: Garchomp|Stomping Tantrum|p1b: Kingambit
|-supereffective|p1b: Kingambit|1
|-damage|p1b: Kingambit|23/100 par
|move|p1a: Staraptor|Close Combat|p2b: Garchomp
|-damage|p2b: Garchomp|0 fnt
|-boost|p1a: Staraptor|def|1
|-boost|p1a: Staraptor|spd|1
|-damage|p1a: Staraptor|75/100 par|[from] ability: Rough Skin|[of] p2b: Garchomp
|faint|p2b: Garchomp
|
|upkeep
|
|t:|1785377986
|switch|p2b: Scrafty|Scrafty, L50, M|100/100
|-ability|p2b: Scrafty|Intimidate|boost
|-boost|p1a: Staraptor|atk|1
|-unboost|p1b: Kingambit|atk|1
|-ability|p1b: Kingambit|Defiant|boost
|-boost|p1b: Kingambit|atk|2
|turn|7
|
|t:|1785377997
|switch|p1b: Maushold|Maushold, L50|100/100
|move|p2b: Scrafty|Fake Out|p1b: Maushold
|-damage|p1b: Maushold|87/100
|move|p2a: Gholdengo|Shadow Ball|p1a: Staraptor
|-damage|p1a: Staraptor|14/100 par
|-boost|p1a: Staraptor|spd|1
|-damage|p2a: Gholdengo|90/100|[from] item: Life Orb
|move|p1a: Staraptor|Close Combat|p2b: Scrafty
|-supereffective|p2b: Scrafty|1
|-damage|p2b: Scrafty|0 fnt
|-boost|p1a: Staraptor|def|1
|-boost|p1a: Staraptor|spd|1
|faint|p2b: Scrafty
|
|upkeep
|turn|8
|c|ŌśåNinjacoox|yikes
|c|ŌśåNinjacoox|get outplayed
|c|Ōśåperson_mcsomeone|get gholdenmished
|inactive|Ninjacoox has 30 seconds left.
|
|t:|1785378024
|move|p1b: Maushold|Follow Me|p1b: Maushold
|-singleturn|p1b: Maushold|move: Follow Me
|move|p2a: Gholdengo|Make It Rain|p1a: Staraptor|[spread] p1a,p1b
|-damage|p1a: Staraptor|0 fnt
|-damage|p1b: Maushold|0 fnt
|-unboost|p2a: Gholdengo|spa|2
|faint|p1a: Staraptor
|faint|p1b: Maushold
|-damage|p2a: Gholdengo|80/100|[from] item: Life Orb
|
|upkeep
|
|t:|1785378029
|switch|p1b: Kingambit|Kingambit, L50, M|23/100 par
|turn|9
|
|t:|1785378032
|move|p2a: Gholdengo|Protect|p2a: Gholdengo
|-singleturn|p2a: Gholdengo|Protect
|move|p1b: Kingambit|Sucker Punch||[still]
|-fail|p1b: Kingambit
|
|upkeep
|turn|10
|
|t:|1785378036
|move|p1b: Kingambit|Sucker Punch||[still]
|-fail|p1b: Kingambit
|move|p2a: Gholdengo|Nasty Plot|p2a: Gholdengo
|-boost|p2a: Gholdengo|spa|2
|
|upkeep
|turn|11
|
|t:|1785378040
|move|p1b: Kingambit|Protect|p1b: Kingambit
|-singleturn|p1b: Kingambit|Protect
|move|p2a: Gholdengo|Shadow Ball|p1b: Kingambit
|-activate|p1b: Kingambit|move: Protect
|
|upkeep
|turn|12
|c|Ōśåperson_mcsomeone|ooh sucker mindgames
|
|t:|1785378051
|move|p2a: Gholdengo|Protect|p2a: Gholdengo
|-singleturn|p2a: Gholdengo|Protect
|cant|p1b: Kingambit|par
|
|upkeep
|turn|13
|
|t:|1785378070
|move|p1b: Kingambit|Protect|p1b: Kingambit
|-singleturn|p1b: Kingambit|Protect
|move|p2a: Gholdengo|Shadow Ball|p1b: Kingambit
|-activate|p1b: Kingambit|move: Protect
|
|upkeep
|turn|14
|c|ŌśåNinjacoox|I will always win this unless I full para that turn
|c|Ōśåperson_mcsomeone|true
|
|t:|1785378080
|move|p1b: Kingambit|Sucker Punch|p2a: Gholdengo
|-supereffective|p2a: Gholdengo|1
|-damage|p2a: Gholdengo|0 fnt
|faint|p2a: Gholdengo
|
|win|Ninjacoox
|c|Ōśåperson_mcsomeone|gg
