|j|☆kememe
|j|☆benjitulio
|html|kememebenjitulio    
|uhtml|bestof|Game 1 of a best-of-3
|t:|1783211197
|gametype|doubles
|player|p1|kememe|crasherwake|1060
|player|p2|benjitulio|wattson|1051
|gen|9
|tier|[Gen 9 Champions] VGC 2026 Reg M-B (Bo3)
|rated|
|rule|Species Clause: Limit one of each Pokémon
|rule|Item Clause: Limit 1 of each item
|clearpoke
|poke|p1|Politoed, L50, M|
|poke|p1|Whimsicott, L50, F|
|poke|p1|Archaludon, L50, F|
|poke|p1|Scolipede, L50, M|
|poke|p1|Heracross, L50, M|
|poke|p1|Sinistcha, L50|
|poke|p2|Maushold-Four, L50|
|poke|p2|Incineroar, L50, M|
|poke|p2|Metagross, L50|
|poke|p2|Aerodactyl, L50, F|
|poke|p2|Primarina, L50, F|
|poke|p2|Sinistcha, L50|
|teampreview|4
|showteam|p1|Politoed||Leftovers|Drizzle|Haze,Protect,ChillingWater,WeatherBall|Modest||M|||50|]Whimsicott||FocusSash|Prankster|EnergyBall,Protect,Tailwind,Taunt|Modest||F|||50|]Archaludon||ShucaBerry|Stamina|DragonPulse,ElectroShot,Protect,FlashCannon|Modest||F|||50|]Scolipede||Scolipite|SpeedBoost|LeechLife,PoisonJab,BatonPass,Protect|Adamant||M|||50|]Heracross||Heracronite|Guts|PinMissile,RockBlast,Protect,CloseCombat|Adamant||M|||50|]Sinistcha||SitrusBerry|Hospitality|MatchaGotcha,Protect,RagePowder,LifeDew|Modest|||||50|
|showteam|p2|Maushold-Four||FocusSash|FriendGuard|FollowMe,RainDance,PopulationBomb,SuperFang|Jolly|||||50|]Incineroar||ChopleBerry|Intimidate|FakeOut,FlareBlitz,PartingShot,DarkestLariat|Impish||M|||50|]Metagross||Metagrossite|ClearBody|IronHead,Protect,PsychicFangs,Earthquake|Adamant|||||50|]Aerodactyl||FocusBand|Unnerve|RockSlide,Protect,Tailwind,IceFang|Jolly||F|||50|]Primarina||ChoiceScarf|LiquidVoice|HyperVoice,HydroPump,IcyWind,Moonblast|Modest||F|||50|]Sinistcha||Leftovers|Hospitality|MatchaGotcha,LifeDew,ShadowBall,RagePowder|Calm|||||50|
|inactive|Battle timer is ON: inactive players will automatically lose when time's up. (requested by kememe)
|
|t:|1783211239
|teamsize|p1|4
|teamsize|p2|4
|start
|switch|p1a: Scolipede|Scolipede, L50, M|100/100
|switch|p1b: Archaludon|Archaludon, L50, F|100/100
|switch|p2a: Primarina|Primarina, L50, F|100/100
|switch|p2b: Maushold|Maushold-Four, L50|100/100
|turn|1
|l|☆kememe
|inactive|kememe disconnected and has a minute to reconnect!
|player|p1|
|j|☆kememe
|inactive|kememe reconnected and has 35 seconds left.
|player|p1|kememe|crasherwake|
|inactive|kememe has 30 seconds left.
|inactive|kememe has 20 seconds left.
|
|t:|1783211278
|move|p2b: Maushold|Super Fang|p1b: Archaludon
|-damage|p1b: Archaludon|50/100g
|-ability|p1b: Archaludon|Stamina|boost
|-boost|p1b: Archaludon|def|1
|move|p2a: Primarina|Moonblast|p1b: Archaludon
|-damage|p1b: Archaludon|0 fnt
|faint|p1b: Archaludon
|move|p1a: Scolipede|Poison Jab|p2a: Primarina
|-supereffective|p2a: Primarina|1
|-damage|p2a: Primarina|11/100
|-status|p2a: Primarina|psn
|
|-damage|p2a: Primarina|0 fnt|[from] psn
|faint|p2a: Primarina
|-ability|p1a: Scolipede|Speed Boost|boost
|-boost|p1a: Scolipede|spe|1
|upkeep
|
|t:|1783211290
|switch|p2a: Metagross|Metagross, L50|100/100
|switch|p1b: Sinistcha|Sinistcha, L50|100/100
|turn|2
|
|t:|1783211312
|detailschange|p2a: Metagross|Metagross-Mega, L50
|-mega|p2a: Metagross|Metagross|Metagrossite
|move|p1b: Sinistcha|Rage Powder|p1b: Sinistcha
|-singleturn|p1b: Sinistcha|move: Rage Powder
|move|p1a: Scolipede|Leech Life|p2b: Maushold
|-damage|p2b: Maushold|40/100
|move|p2b: Maushold|Population Bomb|p1b: Sinistcha
|-immune|p1b: Sinistcha
|move|p2a: Metagross|Psychic Fangs|p1b: Sinistcha
|-damage|p1b: Sinistcha|33/100
|-enditem|p1b: Sinistcha|Sitrus Berry|[eat]
|-heal|p1b: Sinistcha|58/100|[from] item: Sitrus Berry
|
|-ability|p1a: Scolipede|Speed Boost|boost
|-boost|p1a: Scolipede|spe|1
|upkeep
|turn|3
|
|t:|1783211331
|switch|p2b: Sinistcha|Sinistcha, L50|100/100
|move|p1b: Sinistcha|Rage Powder|p1b: Sinistcha
|-singleturn|p1b: Sinistcha|move: Rage Powder
|move|p1a: Scolipede|Baton Pass|p1a: Scolipede
|
|t:|1783211337
|switch|p1a: Heracross|Heracross, L50, M|100/100|[from] Baton Pass
|move|p2a: Metagross|Psychic Fangs|p1b: Sinistcha
|-damage|p1b: Sinistcha|0 fnt
|faint|p1b: Sinistcha
|
|upkeep
|
|t:|1783211341
|switch|p1b: Scolipede|Scolipede, L50, M|100/100
|turn|4
|
|t:|1783211355
|detailschange|p1a: Heracross|Heracross-Mega, L50, M
|-mega|p1a: Heracross|Heracross|Heracronite
|move|p2b: Sinistcha|Rage Powder|p2b: Sinistcha
|-singleturn|p2b: Sinistcha|move: Rage Powder
|move|p1a: Heracross|Pin Missile|p2b: Sinistcha
|-damage|p2b: Sinistcha|83/100
|-damage|p2b: Sinistcha|65/100
|-damage|p2b: Sinistcha|48/100
|-damage|p2b: Sinistcha|32/100
|-damage|p2b: Sinistcha|13/100
|-hitcount|p2b: Sinistcha|5
|move|p2a: Metagross|Psychic Fangs|p1a: Heracross
|-supereffective|p1a: Heracross|1
|-damage|p1a: Heracross|0 fnt
|faint|p1a: Heracross
|move|p1b: Scolipede|Leech Life|p2b: Sinistcha
|-damage|p2b: Sinistcha|0 fnt
|faint|p2b: Sinistcha
|
|-ability|p1b: Scolipede|Speed Boost|boost
|-boost|p1b: Scolipede|spe|1
|upkeep
|
|t:|1783211368
|switch|p2b: Maushold|Maushold-Four, L50|40/100
|turn|5
|
|t:|1783211378
|move|p2b: Maushold|Follow Me|p2b: Maushold
|-singleturn|p2b: Maushold|move: Follow Me
|move|p1b: Scolipede|Leech Life|p2b: Maushold
|-damage|p2b: Maushold|0 fnt
|faint|p2b: Maushold
|move|p2a: Metagross|Psychic Fangs|p1b: Scolipede
|-supereffective|p1b: Scolipede|1
|-damage|p1b: Scolipede|0 fnt
|faint|p1b: Scolipede
|
|win|benjitulio
