|j|☆CrapTalka
|j|☆tlkuykikjkjmjjk
|html|CrapTalkatlkuykikjkjmjjk    
|uhtml|bestof|Game 1 of a best-of-3
|t:|1784745550
|gametype|doubles
|player|p1|CrapTalka|hiker|1040
|player|p2|tlkuykikjkjmjjk|265|1003
|gen|9
|tier|[Gen 9 Champions] VGC 2026 Reg M-B (Bo3)
|rated|
|rule|Species Clause: Limit one of each Pokémon
|rule|Item Clause: Limit 1 of each item
|clearpoke
|poke|p1|Garchomp, L50, M, shiny|
|poke|p1|Staraptor, L50, M, shiny|
|poke|p1|Whimsicott, L50, F, shiny|
|poke|p1|Rotom-Heat, L50|
|poke|p1|Incineroar, L50, F, shiny|
|poke|p1|Gholdengo, L50|
|poke|p2|Mawile, L50, F|
|poke|p2|Farigiraf, L50, M|
|poke|p2|Kangaskhan, L50, F|
|poke|p2|Azumarill, L50, M|
|poke|p2|Kingambit, L50, M|
|poke|p2|Maushold, L50|
|teampreview|4
|showteam|p1|Garchomp||LifeOrb|RoughSkin|Earthquake,Protect,RockSlide,DragonClaw|Adamant||M|||50|]Staraptor||Staraptite|Intimidate|BraveBird,CloseCombat,Roost,Protect|Jolly||M|||50|]Whimsicott||FocusSash|Prankster|Moonblast,Tailwind,Tickle,FakeTears|Timid||F|||50|]Rotom-Heat||ChoiceScarf|Levitate|Discharge,Overheat,ShadowBall,Trick|Modest|||||50|]Incineroar||SitrusBerry|Intimidate|FakeOut,PartingShot,FlareBlitz,DarkestLariat|Impish||F|||50|]Gholdengo||WiseGlasses|GoodasGold|Protect,ShadowBall,MakeItRain,NastyPlot|Modest|||||50|
|showteam|p2|Mawile||Mawilite|Intimidate|Protect,PlayRough,IronHead,SuckerPunch|Serious||F|||50|]Farigiraf||SitrusBerry|ArmorTail|HyperVoice,Protect,Thunderbolt,TrickRoom|Serious||M|||50|]Kangaskhan||SilkScarf|Scrappy|FakeOut,LastResort|Serious||F|||50|]Azumarill||Leftovers|HugePower|BellyDrum,PlayRough,Waterfall,KnockOff|Serious||M|||50|]Kingambit||LifeOrb|Defiant|KowtowCleave,LowKick,SuckerPunch,SwordsDance|Serious||M|||50|]Maushold||FocusSash|FriendGuard|Encore,SuperFang,Charm,FollowMe|Serious|||||50|
|
|t:|1784745579
|teamsize|p1|4
|teamsize|p2|4
|start
|switch|p1a: Garchomp|Garchomp, L50, M, shiny|100/100
|switch|p1b: Rotom|Rotom-Heat, L50|100/100
|switch|p2a: Farigiraf|Farigiraf, L50, M|100/100
|switch|p2b: Kangaskhan|Kangaskhan, L50, F|100/100
|turn|1
|
|t:|1784745589
|move|p2b: Kangaskhan|Fake Out|p1a: Garchomp
|-crit|p1a: Garchomp
|-damage|p1a: Garchomp|77/100
|-damage|p2b: Kangaskhan|87/100|[from] ability: Rough Skin|[of] p1a: Garchomp
|move|p1b: Rotom|Discharge|p2a: Farigiraf|[spread] p2a,p2b
|-immune|p1a: Garchomp
|-damage|p2a: Farigiraf|75/100
|-damage|p2b: Kangaskhan|58/100
|-status|p2a: Farigiraf|par
|-status|p2b: Kangaskhan|par
|cant|p1a: Garchomp|flinch
|cant|p2a: Farigiraf|par
|
|upkeep
|turn|2
|
|t:|1784745608
|move|p1b: Rotom|Discharge|p2a: Farigiraf|[spread] p2a,p2b
|-immune|p1a: Garchomp
|-damage|p2a: Farigiraf|47/100 par
|-damage|p2b: Kangaskhan|30/100 par
|-enditem|p2a: Farigiraf|Sitrus Berry|[eat]
|-heal|p2a: Farigiraf|72/100 par|[from] item: Sitrus Berry
|move|p1a: Garchomp|Earthquake|p2b: Kangaskhan|[spread] p2a,p2b
|-immune|p1b: Rotom|[from] ability: Levitate
|-damage|p2a: Farigiraf|21/100 par
|-damage|p2b: Kangaskhan|0 fnt
|faint|p2b: Kangaskhan
|-damage|p1a: Garchomp|67/100|[from] item: Life Orb
|move|p2a: Farigiraf|Trick Room|p2a: Farigiraf
|-fieldstart|move: Trick Room|[of] p2a: Farigiraf
|
|upkeep
|
|t:|1784745622
|switch|p2b: Azumarill|Azumarill, L50, M|100/100
|turn|3
|
|t:|1784745635
|move|p2a: Farigiraf|Hyper Voice|p1b: Rotom|[spread] p1a,p1b
|-damage|p1a: Garchomp|38/100
|-damage|p1b: Rotom|66/100
|move|p2b: Azumarill|Waterfall|p1b: Rotom
|-supereffective|p1b: Rotom|1
|-damage|p1b: Rotom|0 fnt
|faint|p1b: Rotom
|move|p1a: Garchomp|Earthquake|p2b: Azumarill|[spread] p2a,p2b
|-damage|p2a: Farigiraf|0 fnt
|-damage|p2b: Azumarill|58/100
|faint|p2a: Farigiraf
|-damage|p1a: Garchomp|28/100|[from] item: Life Orb
|
|-heal|p2b: Azumarill|64/100|[from] item: Leftovers
|upkeep
|
|t:|1784745647
|switch|p2a: Mawile|Mawile, L50, F|100/100
|switch|p1b: Whimsicott|Whimsicott, L50, F, shiny|100/100
|-ability|p2a: Mawile|Intimidate|boost
|-unboost|p1a: Garchomp|atk|1
|-unboost|p1b: Whimsicott|atk|1
|turn|4
|
|t:|1784745661
|detailschange|p2a: Mawile|Mawile-Mega, L50, F
|-mega|p2a: Mawile|Mawile|Mawilite
|move|p1b: Whimsicott|Tickle|p2a: Mawile
|-unboost|p2a: Mawile|atk|1
|-unboost|p2a: Mawile|def|1
|move|p2a: Mawile|Iron Head|p1b: Whimsicott
|-supereffective|p1b: Whimsicott|1
|-enditem|p1b: Whimsicott|Focus Sash
|-damage|p1b: Whimsicott|1/100
|move|p2b: Azumarill|Play Rough|p1a: Garchomp|[miss]
|-miss|p2b: Azumarill|p1a: Garchomp
|move|p1a: Garchomp|Rock Slide|p2b: Azumarill|[spread] p2a,p2b
|-resisted|p2a: Mawile|1
|-damage|p2a: Mawile|89/100
|-damage|p2b: Azumarill|49/100
|-damage|p1a: Garchomp|18/100|[from] item: Life Orb
|
|-heal|p2b: Azumarill|55/100|[from] item: Leftovers
|upkeep
|turn|5
|
|t:|1784745683
|move|p1b: Whimsicott|Tickle|p2a: Mawile
|-unboost|p2a: Mawile|atk|1
|-unboost|p2a: Mawile|def|1
|move|p2a: Mawile|Iron Head|p1b: Whimsicott
|-supereffective|p1b: Whimsicott|1
|-damage|p1b: Whimsicott|0 fnt
|faint|p1b: Whimsicott
|move|p2b: Azumarill|Play Rough|p1a: Garchomp|[miss]
|-miss|p2b: Azumarill|p1a: Garchomp
|move|p1a: Garchomp|Earthquake|p2a: Mawile|[spread] p2a,p2b
|-supereffective|p2a: Mawile|1
|-damage|p2a: Mawile|0 fnt
|-damage|p2b: Azumarill|23/100
|faint|p2a: Mawile
|-damage|p1a: Garchomp|9/100|[from] item: Life Orb
|
|-heal|p2b: Azumarill|28/100|[from] item: Leftovers
|upkeep
|
|t:|1784745689
|switch|p1b: Staraptor|Staraptor, L50, M, shiny|100/100
|-ability|p1b: Staraptor|Intimidate|boost
|-unboost|p2b: Azumarill|atk|1
|turn|6
|
|t:|1784745704
|move|p2b: Azumarill|Play Rough|p1a: Garchomp
|-supereffective|p1a: Garchomp|1
|-damage|p1a: Garchomp|0 fnt
|-damage|p2b: Azumarill|16/100|[from] ability: Rough Skin|[of] p1a: Garchomp
|faint|p1a: Garchomp
|move|p1b: Staraptor|Brave Bird|p2b: Azumarill
|-damage|p2b: Azumarill|0 fnt
|faint|p2b: Azumarill
|-damage|p1b: Staraptor|92/100|[from] Recoil
|
|win|CrapTalka
