|j|☆greninja12383
|j|☆battle sim trainer
|html|greninja12383battle sim trainer    
|uhtml|bestof|Game 1 of a best-of-3
|t:|1783508204
|gametype|doubles
|player|p1|greninja12383|red|1063
|player|p2|battle sim trainer|turo|1129
|gen|9
|tier|[Gen 9 Champions] VGC 2026 Reg M-B (Bo3)
|rated|
|rule|Species Clause: Limit one of each Pokémon
|rule|Item Clause: Limit 1 of each item
|clearpoke
|poke|p1|Blastoise, L50, M|
|poke|p1|Sinistcha, L50|
|poke|p1|Incineroar, L50, F|
|poke|p1|Sneasler, L50, F|
|poke|p1|Delphox, L50, F|
|poke|p1|Kingambit, L50, M|
|poke|p2|Swampert, L50, F|
|poke|p2|Pelipper, L50, F|
|poke|p2|Archaludon, L50, M|
|poke|p2|Mawile, L50, M|
|poke|p2|Farigiraf, L50, M|
|poke|p2|Scrafty, L50, F|
|teampreview|4
|showteam|p1|Blastoise||Blastoisinite|RainDish|WaterSpout,DarkPulse,ShellSmash,Protect|Modest||M|||50|]Sinistcha||OccaBerry|Hospitality|MatchaGotcha,RagePowder,TrickRoom,Protect|Calm|||||50|]Incineroar||SitrusBerry|Intimidate|FakeOut,PartingShot,FlareBlitz,HelpingHand|Careful||F|||50|]Sneasler||FocusSash|Unburden|DireClaw,CloseCombat,FakeOut,QuickGuard|Jolly||F|||50|]Delphox||Delphoxite|Blaze|HeatWave,Psyshock,NastyPlot,Protect|Timid||F|||50|]Kingambit||BlackGlasses|Defiant|KowtowCleave,SuckerPunch,SwordsDance,Protect|Adamant||M|||50|
|showteam|p2|Swampert||Swampertite|Damp|WaveCrash,Earthquake,IcePunch,Protect|Adamant||F|||50|]Pelipper||FocusSash|Drizzle|Hurricane,WeatherBall,Tailwind,Protect|Modest||F|||50|]Archaludon||Leftovers|Stamina|ElectroShot,DragonPulse,FlashCannon,Protect|Modest||M|||50|]Mawile||Mawilite|HyperCutter|SwordsDance,SuckerPunch,IronHead,PsychicFangs|Adamant||M|||50|]Farigiraf||SitrusBerry|CudChew|Thunderbolt,Psychic,TrickRoom,HelpingHand|Bold||M|||50|]Scrafty||ChopleBerry|Intimidate|FakeOut,Coaching,CloseCombat,ThroatChop|Impish||F|||50|
|inactive|Battle timer is ON: inactive players will automatically lose when time's up. (requested by greninja12383)
|inactive|battle sim trainer has 60 seconds left.
|
|t:|1783508267
|teamsize|p1|4
|teamsize|p2|4
|start
|switch|p1a: Blastoise|Blastoise, L50, M|100/100
|switch|p1b: Sinistcha|Sinistcha, L50|100/100
|switch|p2a: Farigiraf|Farigiraf, L50, M|100/100
|switch|p2b: Scrafty|Scrafty, L50, F|100/100
|-ability|p2b: Scrafty|Intimidate|boost
|-unboost|p1a: Blastoise|atk|1
|-unboost|p1b: Sinistcha|atk|1
|turn|1
|inactive|greninja12383 has 30 seconds left.
|inactive|greninja12383 has 20 seconds left.
|inactive|greninja12383 has 15 seconds left.
|inactive|greninja12383 has 10 seconds left.
|
|t:|1783508313
|switch|p1b: Incineroar|Incineroar, L50, F|100/100
|-ability|p1b: Incineroar|Intimidate|boost
|-unboost|p2a: Farigiraf|atk|1
|-unboost|p2b: Scrafty|atk|1
|detailschange|p1a: Blastoise|Blastoise-Mega, L50, M
|-mega|p1a: Blastoise|Blastoise|Blastoisinite
|move|p1a: Blastoise|Protect|p1a: Blastoise
|-singleturn|p1a: Blastoise|Protect
|move|p2b: Scrafty|Fake Out|p1a: Blastoise
|-activate|p1a: Blastoise|move: Protect
|move|p2a: Farigiraf|Trick Room|p2a: Farigiraf
|-fieldstart|move: Trick Room|[of] p2a: Farigiraf
|
|upkeep
|turn|2
|inactive|greninja12383 has 30 seconds left.
|inactive|battle sim trainer has 30 seconds left.
|
|t:|1783508347
|switch|p2b: Pelipper|Pelipper, L50, F|100/100
|-weather|RainDance|[from] ability: Drizzle|[of] p2b: Pelipper
|switch|p1a: Sinistcha|Sinistcha, L50|100/100
|move|p2a: Farigiraf|Thunderbolt|p1a: Sinistcha
|-resisted|p1a: Sinistcha|1
|-damage|p1a: Sinistcha|89/100
|-status|p1a: Sinistcha|par
|move|p1b: Incineroar|Flare Blitz|p2b: Pelipper
|-resisted|p2b: Pelipper|1
|-damage|p2b: Pelipper|85/100
|-damage|p1b: Incineroar|96/100|[from] Recoil
|
|-weather|RainDance|[upkeep]
|upkeep
|turn|3
|inactive|greninja12383 has 30 seconds left.
|inactive|battle sim trainer has 30 seconds left.
|
|t:|1783508379
|move|p1b: Incineroar|Helping Hand|p1a: Sinistcha
|-singleturn|p1a: Sinistcha|Helping Hand|[of] p1b: Incineroar
|move|p2a: Farigiraf|Helping Hand|p2b: Pelipper
|-singleturn|p2b: Pelipper|Helping Hand|[of] p2a: Farigiraf
|move|p1a: Sinistcha|Matcha Gotcha|p2a: Farigiraf|[spread] p2a,p2b
|-damage|p2a: Farigiraf|67/100
|-heal|p1a: Sinistcha|100/100 par|[from] drain|[of] p2a: Farigiraf
|-damage|p2b: Pelipper|28/100
|-status|p2b: Pelipper|brn
|move|p2b: Pelipper|Hurricane|p1a: Sinistcha
|-supereffective|p1a: Sinistcha|1
|-damage|p1a: Sinistcha|0 fnt
|faint|p1a: Sinistcha
|
|-weather|RainDance|[upkeep]
|-damage|p2b: Pelipper|22/100 brn|[from] brn
|upkeep
|
|t:|1783508403
|switch|p1a: Sneasler|Sneasler, L50, F|100/100
|turn|4
|inactive|greninja12383 has 30 seconds left.
|
|t:|1783508429
|move|p1b: Incineroar|Helping Hand|p1a: Sneasler
|-singleturn|p1a: Sneasler|Helping Hand|[of] p1b: Incineroar
|move|p2a: Farigiraf|Psychic|p1a: Sneasler
|-supereffective|p1a: Sneasler|2
|-enditem|p1a: Sneasler|Focus Sash
|-damage|p1a: Sneasler|1/100
|move|p2b: Pelipper|Weather Ball|p1b: Incineroar
|-supereffective|p1b: Incineroar|1
|-damage|p1b: Incineroar|6/100
|-enditem|p1b: Incineroar|Sitrus Berry|[eat]
|-heal|p1b: Incineroar|31/100|[from] item: Sitrus Berry
|move|p1a: Sneasler|Dire Claw|p2a: Farigiraf
|-damage|p2a: Farigiraf|18/100
|-status|p2a: Farigiraf|slp
|-enditem|p2a: Farigiraf|Sitrus Berry|[eat]
|-heal|p2a: Farigiraf|43/100 slp|[from] item: Sitrus Berry
|
|-weather|RainDance|[upkeep]
|-damage|p2b: Pelipper|17/100 brn|[from] brn
|upkeep
|turn|5
|inactive|greninja12383 has 30 seconds left.
|inactive|battle sim trainer has 30 seconds left.
|inactive|greninja12383 has 20 seconds left.
|inactive|greninja12383 has 15 seconds left.
|inactive|greninja12383 has 10 seconds left.
|inactive|greninja12383 has 5 seconds left.
|
|t:|1783508482
|switch|p2a: Scrafty|Scrafty, L50, F|100/100
|-ability|p2a: Scrafty|Intimidate|boost
|-unboost|p1a: Sneasler|atk|1
|-unboost|p1b: Incineroar|atk|1
|move|p1b: Incineroar|Flare Blitz|p2a: Scrafty
|-damage|p2a: Scrafty|88/100
|-damage|p1b: Incineroar|28/100|[from] Recoil
|move|p2b: Pelipper|Weather Ball|p1a: Sneasler
|-damage|p1a: Sneasler|0 fnt
|faint|p1a: Sneasler
|
|-weather|RainDance|[upkeep]
|-damage|p2b: Pelipper|11/100 brn|[from] brn
|-fieldend|move: Trick Room
|upkeep
|
|t:|1783508495
|switch|p1a: Blastoise|Blastoise-Mega, L50, M|100/100
|turn|6
|inactive|greninja12383 has 30 seconds left.
|
|t:|1783508522
|move|p1a: Blastoise|Protect|p1a: Blastoise
|-singleturn|p1a: Blastoise|Protect
|move|p2a: Scrafty|Fake Out|p1a: Blastoise
|-activate|p1a: Blastoise|move: Protect
|move|p2b: Pelipper|Weather Ball|p1b: Incineroar
|-supereffective|p1b: Incineroar|1
|-damage|p1b: Incineroar|0 fnt
|faint|p1b: Incineroar
|
|-weather|none
|-damage|p2b: Pelipper|5/100 brn|[from] brn
|upkeep
|turn|7
|inactive|greninja12383 has 30 seconds left.
|
|t:|1783508554
|move|p1a: Blastoise|Dark Pulse|p2b: Pelipper
|-damage|p2b: Pelipper|0 fnt
|faint|p2b: Pelipper
|move|p2a: Scrafty|Throat Chop|p1a: Blastoise
|-damage|p1a: Blastoise|76/100
|-start|p1a: Blastoise|Throat Chop|[silent]
|
|upkeep
|
|t:|1783508560
|switch|p2b: Mawile|Mawile, L50, M|100/100
|turn|8
|
|t:|1783508578
|detailschange|p2b: Mawile|Mawile-Mega, L50, M
|-mega|p2b: Mawile|Mawile|Mawilite
|move|p2b: Mawile|Sucker Punch|p1a: Blastoise
|-damage|p1a: Blastoise|35/100
|move|p1a: Blastoise|Water Spout|p2a: Scrafty|[spread] p2a,p2b
|-damage|p2a: Scrafty|68/100
|-damage|p2b: Mawile|73/100
|move|p2a: Scrafty|Coaching|p2b: Mawile
|-boost|p2b: Mawile|atk|1
|-boost|p2b: Mawile|def|1
|
|-end|p1a: Blastoise|Throat Chop|[silent]
|upkeep
|turn|9
|
|t:|1783508590
|move|p1a: Blastoise|Protect|p1a: Blastoise
|-singleturn|p1a: Blastoise|Protect
|move|p2b: Mawile|Sucker Punch||[still]
|-fail|p2b: Mawile
|move|p2a: Scrafty|Throat Chop|p1a: Blastoise
|-activate|p1a: Blastoise|move: Protect
|
|upkeep
|turn|10
|
|t:|1783508603
|move|p2b: Mawile|Sucker Punch|p1a: Blastoise
|-damage|p1a: Blastoise|0 fnt
|faint|p1a: Blastoise
|
|win|battle sim trainer
