|j|☆eggtophat_real
|j|☆pikajw
|html|eggtophat_realpikajw    
|uhtml|bestof|Game 2 of a best-of-3
|t:|1757050472
|gametype|doubles
|player|p1|eggtophat_real|n-masters|1087
|player|p2|pikajw|101|1070
|gen|9
|tier|[Gen 9] VGC 2025 Reg H (Bo3)
|rated|
|rule|Species Clause: Limit one of each Pokémon
|rule|Item Clause: Limit 1 of each item
|clearpoke
|poke|p1|Gholdengo, L50|
|poke|p1|Sneasler, L50, M|
|poke|p1|Rillaboom, L50, F|
|poke|p1|Dragonite, L50, M|
|poke|p1|Ninetales-Alola, L50, F|
|poke|p1|Arcanine-Hisui, L50, F|
|poke|p2|Lilligant-Hisui, L50, F|
|poke|p2|Torkoal, L50, M|
|poke|p2|Kingambit, L50, F|
|poke|p2|Farigiraf, L50, F|
|poke|p2|Ursaluna, L50, M|
|poke|p2|Charizard, L50, F|
|teampreview|4
|showteam|p1|Gholdengo||GrassySeed|GoodasGold|NastyPlot,MakeItRain,ShadowBall,Protect||||||50|,,,,,Water]Sneasler||WhiteHerb|Unburden|CloseCombat,DireClaw,Coaching,Protect|||M|||50|,,,,,Ghost]Rillaboom||AssaultVest|GrassySurge|FakeOut,GrassyGlide,DrumBeating,HighHorsepower|||F|||50|,,,,,Fire]Dragonite||LoadedDice|Multiscale|ScaleShot,StompingTantrum,Tailwind,Protect|||M|||50|,,,,,Ground]Ninetales-Alola||FocusSash|SnowWarning|Blizzard,IcyWind,Encore,AuroraVeil|||F|||50|,,,,,Ghost]Arcanine-Hisui||ClearAmulet|Intimidate|RockSlide,FlareBlitz,ExtremeSpeed,Protect|||F|||50|,,,,,Water
|showteam|p2|Lilligant-Hisui||FocusSash|Chlorophyll|CloseCombat,AfterYou,SleepPowder,Coaching|||F|||50|,,,,,Ghost]Torkoal||SitrusBerry|Drought|HeatWave,Eruption,SolarBeam,Protect|||M|||50|,,,,,Fire]Kingambit||AssaultVest|Defiant|SuckerPunch,IronHead,Snarl,TeraBlast|||F|||50|,,,,,Fire]Farigiraf||SafetyGoggles|ArmorTail|HelpingHand,Psychic,TrickRoom,Protect|||F|||50|,,,,,Fairy]Ursaluna||FlameOrb|Guts|Facade,HeadlongRush,DrainPunch,Protect|||M|||50|,,,,,Fairy]Charizard||ChoiceSpecs|SolarPower|ScorchingSands,HeatWave,SolarBeam,TeraBlast|||F|||50|,,,,,Flying
|inactive|Battle timer is ON: inactive players will automatically lose when time's up. (requested by eggtophat_real)
|inactive|eggtophat_real has 60 seconds left.
|inactive|pikajw has 60 seconds left.
|
|t:|1757050522
|teamsize|p1|4
|teamsize|p2|4
|start
|switch|p1a: Sneasler|Sneasler, L50, M|100/100
|switch|p1b: Gholdengo|Gholdengo, L50|100/100
|switch|p2a: Farigiraf|Farigiraf, L50, F|100/100
|switch|p2b: Kingambit|Kingambit, L50, F|100/100
|turn|1
|inactive|eggtophat_real has 30 seconds left.
|inactive|eggtophat_real has 20 seconds left.
|inactive|eggtophat_real has 15 seconds left.
|
|t:|1757050562
|-terastallize|p1b: Gholdengo|Water
|-terastallize|p2b: Kingambit|Fire
|move|p1a: Sneasler|Close Combat|p2b: Kingambit
|-damage|p2b: Kingambit|52/100
|-unboost|p1a: Sneasler|def|1
|-unboost|p1a: Sneasler|spd|1
|-enditem|p1a: Sneasler|White Herb
|-clearnegativeboost|p1a: Sneasler|[silent]
|move|p1b: Gholdengo|Make It Rain|p2a: Farigiraf|[spread] p2a,p2b
|-resisted|p2b: Kingambit
|-damage|p2a: Farigiraf|63/100
|-damage|p2b: Kingambit|40/100
|-unboost|p1b: Gholdengo|spa|1
|move|p2b: Kingambit|Tera Blast|p1b: Gholdengo|[anim] Tera Blast Fire
|-resisted|p1b: Gholdengo
|-damage|p1b: Gholdengo|81/100
|move|p2a: Farigiraf|Trick Room|p2a: Farigiraf
|-fieldstart|move: Trick Room|[of] p2a: Farigiraf
|
|upkeep
|turn|2
|inactive|eggtophat_real has 30 seconds left.
|inactive|pikajw has 30 seconds left.
|
|t:|1757050591
|switch|p1a: Rillaboom|Rillaboom, L50, F|100/100
|-fieldstart|move: Grassy Terrain|[from] ability: Grassy Surge|[of] p1a: Rillaboom
|-enditem|p1b: Gholdengo|Grassy Seed
|-boost|p1b: Gholdengo|def|1|[from] item: Grassy Seed
|move|p2b: Kingambit|Sucker Punch||[still]
|-fail|p2b: Kingambit
|move|p2a: Farigiraf|Psychic|p1a: Rillaboom
|-damage|p1a: Rillaboom|74/100
|move|p1b: Gholdengo|Nasty Plot|p1b: Gholdengo
|-boost|p1b: Gholdengo|spa|2
|
|-heal|p2b: Kingambit|45/100|[from] Grassy Terrain
|-heal|p2a: Farigiraf|70/100|[from] Grassy Terrain
|-heal|p1b: Gholdengo|87/100|[from] Grassy Terrain
|-heal|p1a: Rillaboom|79/100|[from] Grassy Terrain
|upkeep
|turn|3
|inactive|eggtophat_real has 30 seconds left.
|inactive|pikajw has 30 seconds left.
|inactive|eggtophat_real has 20 seconds left.
|inactive|pikajw has 20 seconds left.
|inactive|eggtophat_real has 15 seconds left.
|
|t:|1757050632
|move|p1b: Gholdengo|Protect|p1b: Gholdengo
|-singleturn|p1b: Gholdengo|Protect
|move|p2b: Kingambit|Snarl|p1b: Gholdengo|[spread] p1a
|-activate|p1b: Gholdengo|move: Protect
|-damage|p1a: Rillaboom|71/100
|-unboost|p1a: Rillaboom|spa|1
|move|p2a: Farigiraf|Psychic|p1a: Rillaboom
|-damage|p1a: Rillaboom|44/100
|move|p1a: Rillaboom|High Horsepower|p2b: Kingambit
|-supereffective|p2b: Kingambit
|-damage|p2b: Kingambit|5/100
|
|-heal|p2b: Kingambit|11/100|[from] Grassy Terrain
|-heal|p2a: Farigiraf|76/100|[from] Grassy Terrain
|-heal|p1b: Gholdengo|94/100|[from] Grassy Terrain
|-heal|p1a: Rillaboom|50/100|[from] Grassy Terrain
|upkeep
|turn|4
|
|t:|1757050652
|move|p2b: Kingambit|Tera Blast|p1a: Rillaboom|[anim] Tera Blast Fire
|-supereffective|p1a: Rillaboom
|-damage|p1a: Rillaboom|0 fnt
|faint|p1a: Rillaboom
|move|p2a: Farigiraf|Psychic|p1b: Gholdengo
|-damage|p1b: Gholdengo|62/100
|move|p1b: Gholdengo|Make It Rain|p2a: Farigiraf|[spread] p2a,p2b
|-resisted|p2b: Kingambit
|-damage|p2a: Farigiraf|14/100
|-damage|p2b: Kingambit|0 fnt
|-unboost|p1b: Gholdengo|spa|1
|faint|p2b: Kingambit
|
|-heal|p2a: Farigiraf|20/100|[from] Grassy Terrain
|-heal|p1b: Gholdengo|69/100|[from] Grassy Terrain
|upkeep
|
|t:|1757050674
|switch|p2b: Torkoal|Torkoal, L50, M|100/100
|switch|p1a: Sneasler|Sneasler, L50, M|100/100
|-weather|SunnyDay|[from] ability: Drought|[of] p2b: Torkoal
|turn|5
|
|t:|1757050693
|move|p2a: Farigiraf|Helping Hand|p2b: Torkoal
|-singleturn|p2b: Torkoal|Helping Hand|[of] p2a: Farigiraf
|move|p1b: Gholdengo|Protect|p1b: Gholdengo
|-singleturn|p1b: Gholdengo|Protect
|move|p1a: Sneasler|Protect|p1a: Sneasler
|-singleturn|p1a: Sneasler|Protect
|move|p2b: Torkoal|Eruption|p1a: Sneasler|[spread] 
|-activate|p1a: Sneasler|move: Protect
|-activate|p1b: Gholdengo|move: Protect
|
|-weather|SunnyDay|[upkeep]
|-heal|p2a: Farigiraf|26/100|[from] Grassy Terrain
|-heal|p1b: Gholdengo|75/100|[from] Grassy Terrain
|-fieldend|move: Trick Room
|upkeep
|turn|6
|
|t:|1757050705
|move|p2a: Farigiraf|Protect|p2a: Farigiraf
|-singleturn|p2a: Farigiraf|Protect
|move|p1a: Sneasler|Close Combat|p2b: Torkoal
|-damage|p2b: Torkoal|56/100
|-unboost|p1a: Sneasler|def|1
|-unboost|p1a: Sneasler|spd|1
|move|p1b: Gholdengo|Nasty Plot|p1b: Gholdengo
|-boost|p1b: Gholdengo|spa|2
|move|p2b: Torkoal|Solar Beam||[still]
|-prepare|p2b: Torkoal|Solar Beam
|-anim|p2b: Torkoal|Solar Beam|p1b: Gholdengo
|-supereffective|p1b: Gholdengo
|-damage|p1b: Gholdengo|0 fnt
|faint|p1b: Gholdengo
|
|-weather|SunnyDay|[upkeep]
|-heal|p2a: Farigiraf|32/100|[from] Grassy Terrain
|-heal|p2b: Torkoal|62/100|[from] Grassy Terrain
|-fieldend|move: Grassy Terrain
|upkeep
|
|t:|1757050710
|switch|p1b: Ninetales|Ninetales-Alola, L50, F|100/100
|-weather|Snowscape|[from] ability: Snow Warning|[of] p1b: Ninetales
|turn|7
|
|t:|1757050725
|switch|p2b: Charizard|Charizard, L50, F|100/100
|move|p1b: Ninetales|Aurora Veil|p1b: Ninetales
|-sidestart|p1: eggtophat_real|move: Aurora Veil
|move|p1a: Sneasler|Dire Claw|p2b: Charizard
|-damage|p2b: Charizard|45/100
|-status|p2b: Charizard|slp
|move|p2a: Farigiraf|Psychic|p1a: Sneasler
|-supereffective|p1a: Sneasler
|-damage|p1a: Sneasler|0 fnt
|faint|p1a: Sneasler
|
|-weather|Snowscape|[upkeep]
|upkeep
|turn|8
|
|t:|1757050748
|move|p1b: Ninetales|Blizzard|p2b: Charizard|[spread] p2a,p2b
|-damage|p2a: Farigiraf|4/100
|-damage|p2b: Charizard|5/100 slp
|cant|p2b: Charizard|slp
|move|p2a: Farigiraf|Trick Room|p2a: Farigiraf
|-fieldstart|move: Trick Room|[of] p2a: Farigiraf
|
|-weather|Snowscape|[upkeep]
|upkeep
|turn|9
|
|t:|1757050756
|move|p2a: Farigiraf|Protect|p2a: Farigiraf
|-singleturn|p2a: Farigiraf|Protect
|cant|p2b: Charizard|slp
|move|p1b: Ninetales|Blizzard|p2a: Farigiraf|[spread] p2b
|-activate|p2a: Farigiraf|move: Protect
|-damage|p2b: Charizard|0 fnt
|faint|p2b: Charizard
|
|-weather|Snowscape|[upkeep]
|upkeep
|
|t:|1757050758
|switch|p2b: Torkoal|Torkoal, L50, M|62/100
|-weather|SunnyDay|[from] ability: Drought|[of] p2b: Torkoal
|turn|10
|
|t:|1757050764
|move|p2a: Farigiraf|Helping Hand|p2b: Torkoal
|-singleturn|p2b: Torkoal|Helping Hand|[of] p2a: Farigiraf
|move|p2b: Torkoal|Heat Wave|p1b: Ninetales|[miss]
|-miss|p2b: Torkoal|p1b: Ninetales
|move|p1b: Ninetales|Blizzard|p2b: Torkoal|[spread] p2a
|-miss|p1b: Ninetales|p2b: Torkoal
|-damage|p2a: Farigiraf|0 fnt
|faint|p2a: Farigiraf
|
|-weather|SunnyDay|[upkeep]
|upkeep
|turn|11
|
|t:|1757050775
|move|p2b: Torkoal|Heat Wave|p1b: Ninetales
|-supereffective|p1b: Ninetales
|-damage|p1b: Ninetales|17/100
|move|p1b: Ninetales|Blizzard|p2b: Torkoal|[miss]
|-miss|p1b: Ninetales|p2b: Torkoal
|
|-weather|SunnyDay|[upkeep]
|-sideend|p1: eggtophat_real|move: Aurora Veil
|upkeep
|turn|12
|
|t:|1757050779
|move|p2b: Torkoal|Heat Wave|p1b: Ninetales
|-supereffective|p1b: Ninetales
|-damage|p1b: Ninetales|0 fnt
|faint|p1b: Ninetales
|
|win|pikajw
|raw|eggtophat_real's rating: 1087 → 1063(-24 for losing)
|raw|pikajw's rating: 1070 → 1101(+31 for winning)
|l|☆eggtophat_real
|player|p1|
|j|☆eggtophat_real
|player|p1|eggtophat_real|n-masters|
|l|☆eggtophat_real
|player|p1|
|c|☆pikajw|gg
|j|☆eggtophat_real
|player|p1|eggtophat_real|n-masters|
|l|☆pikajw
|player|p2|
|c|☆eggtophat_real|gg
