|j|☆toomuchroar
|j|☆cantilevervcg
|html|toomuchroarcantilevervcg    
|uhtml|bestof|Game 2 of a best-of-3
|t:|1757204821
|gametype|doubles
|player|p1|toomuchroar|alder|1075
|player|p2|cantilevervcg|veteranf|1096
|gen|9
|tier|[Gen 9] VGC 2025 Reg H (Bo3)
|rated|
|rule|Species Clause: Limit one of each Pokémon
|rule|Item Clause: Limit 1 of each item
|clearpoke
|poke|p1|Talonflame, L50, F|
|poke|p1|Gholdengo, L50|
|poke|p1|Dragonite, L50, M|
|poke|p1|Ursaluna-Bloodmoon, L50, M|
|poke|p1|Dondozo, L50, F|
|poke|p1|Tatsugiri, L50, F|
|poke|p2|Amoonguss, L50, M|
|poke|p2|Ursaluna-Bloodmoon, L50, M|
|poke|p2|Incineroar, L50, F|
|poke|p2|Archaludon, L50, M|
|poke|p2|Kingambit, L50, F|
|poke|p2|Annihilape, L50, M|
|teampreview|4
|showteam|p1|Talonflame||ClearAmulet|GaleWings|BraveBird,FlareBlitz,WillOWisp,Tailwind|||F|||50|,,,,,Ghost]Gholdengo||ChoiceSpecs|GoodasGold|MakeItRain,ShadowBall,PowerGem,Trick||||||50|,,,,,Steel]Dragonite||ChoiceBand|InnerFocus|ExtremeSpeed,Earthquake,LowKick,Outrage|||M|||50|,,,,,Normal]Ursaluna-Bloodmoon||LifeOrb|MindsEye|HyperVoice,BloodMoon,EarthPower,Protect|||M|||50|,,,,,Normal]Dondozo||SafetyGoggles|Unaware|WaveCrash,Earthquake,OrderUp,Protect|||F|||50|,,,,,Ghost]Tatsugiri||FocusSash|Commander|DracoMeteor,MuddyWater,Protect,MirrorCoat|||F|||50|,,,,,Fairy
|showteam|p2|Amoonguss||SitrusBerry|Regenerator|SludgeBomb,Spore,RagePowder,Protect|||M|||50|,,,,,Water]Ursaluna-Bloodmoon||AssaultVest|MindsEye|EarthPower,BloodMoon,HyperVoice,VacuumWave|||M|||50|,,,,,Ghost]Incineroar||SafetyGoggles|Intimidate|FlareBlitz,KnockOff,PartingShot,FakeOut|||F|||50|,,,,,Ghost]Archaludon||PowerHerb|Stalwart|FlashCannon,DragonPulse,ElectroShot,Protect|||M|||50|,,,,,Stellar]Kingambit||BlackGlasses|Defiant|KowtowCleave,SuckerPunch,SwordsDance,Protect|||F|||50|,,,,,Ghost]Annihilape||ChoiceScarf|Defiant|CloseCombat,FinalGambit,RageFist,Uturn|||M|||50|,,,,,Grass
|inactive|Battle timer is ON: inactive players will automatically lose when time's up. (requested by cantilevervcg)
|
|t:|1757204835
|teamsize|p1|4
|teamsize|p2|4
|start
|switch|p1a: Ursaluna|Ursaluna-Bloodmoon, L50, M|100/100
|switch|p1b: Dondozo|Dondozo, L50, F|100/100
|switch|p2a: Annihilape|Annihilape, L50, M|100/100
|switch|p2b: Kingambit|Kingambit, L50, F|100/100
|turn|1
|inactive|cantilevervcg has 30 seconds left.
|inactive|cantilevervcg has 20 seconds left.
|inactive|cantilevervcg has 15 seconds left.
|inactive|cantilevervcg has 10 seconds left.
|
|t:|1757204884
|switch|p1a: Tatsugiri|Tatsugiri, L50, F|100/100
|-activate|p1a: Tatsugiri|ability: Commander|[of] p1b: Dondozo
|-boost|p1b: Dondozo|atk|2
|-boost|p1b: Dondozo|spa|2
|-boost|p1b: Dondozo|spe|2
|-boost|p1b: Dondozo|def|2
|-boost|p1b: Dondozo|spd|2
|-terastallize|p1b: Dondozo|Ghost
|-terastallize|p2b: Kingambit|Ghost
|move|p2a: Annihilape|U-turn|p1b: Dondozo
|-resisted|p1b: Dondozo
|-damage|p1b: Dondozo|97/100
|
|t:|1757204896
|switch|p2a: Amoonguss|Amoonguss, L50, M, shiny|100/100|[from] U-turn
|move|p1b: Dondozo|Wave Crash|p2b: Kingambit
|-damage|p2b: Kingambit|16/100
|-damage|p1b: Dondozo|72/100|[from] Recoil
|move|p2b: Kingambit|Kowtow Cleave|p1b: Dondozo
|-supereffective|p1b: Dondozo
|-damage|p1b: Dondozo|34/100
|
|upkeep
|turn|2
|
|t:|1757204911
|move|p2b: Kingambit|Sucker Punch|p1b: Dondozo
|-supereffective|p1b: Dondozo
|-damage|p1b: Dondozo|2/100
|move|p1b: Dondozo|Order Up|p2b: Kingambit
|-damage|p2b: Kingambit|0 fnt
|faint|p2b: Kingambit
|-boost|p1b: Dondozo|atk|1
|move|p2a: Amoonguss|Sludge Bomb|p1b: Dondozo
|-resisted|p1b: Dondozo
|-damage|p1b: Dondozo|0 fnt
|faint|p1b: Dondozo
|
|upkeep
|
|t:|1757204923
|switch|p1b: Gholdengo|Gholdengo, L50|100/100
|switch|p2b: Archaludon|Archaludon, L50, M, shiny|100/100
|turn|3
|inactive|cantilevervcg has 30 seconds left.
|inactive|toomuchroar has 30 seconds left.
|
|t:|1757204956
|move|p2a: Amoonguss|Rage Powder|p2a: Amoonguss
|-singleturn|p2a: Amoonguss|move: Rage Powder
|move|p1b: Gholdengo|Shadow Ball|p2a: Amoonguss
|-damage|p2a: Amoonguss|55/100
|move|p1a: Tatsugiri|Draco Meteor|p2a: Amoonguss|[miss]
|-miss|p1a: Tatsugiri|p2a: Amoonguss
|move|p2b: Archaludon|Electro Shot||[still]
|-prepare|p2b: Archaludon|Electro Shot
|-boost|p2b: Archaludon|spa|1
|-enditem|p2b: Archaludon|Power Herb
|-anim|p2b: Archaludon|Electro Shot|p1a: Tatsugiri
|-enditem|p1a: Tatsugiri|Focus Sash
|-damage|p1a: Tatsugiri|1/100
|
|upkeep
|turn|4
|
|t:|1757204976
|move|p2a: Amoonguss|Rage Powder|p2a: Amoonguss
|-singleturn|p2a: Amoonguss|move: Rage Powder
|move|p1b: Gholdengo|Shadow Ball|p2a: Amoonguss
|-damage|p2a: Amoonguss|3/100
|-enditem|p2a: Amoonguss|Sitrus Berry|[eat]
|-heal|p2a: Amoonguss|27/100|[from] item: Sitrus Berry
|move|p1a: Tatsugiri|Muddy Water|p2b: Archaludon|[spread] p2a,p2b
|-resisted|p2a: Amoonguss
|-resisted|p2b: Archaludon
|-damage|p2a: Amoonguss|14/100
|-damage|p2b: Archaludon|74/100
|move|p2b: Archaludon|Dragon Pulse|p1a: Tatsugiri
|-supereffective|p1a: Tatsugiri
|-damage|p1a: Tatsugiri|0 fnt
|faint|p1a: Tatsugiri
|
|upkeep
|
|t:|1757204989
|switch|p1a: Ursaluna|Ursaluna-Bloodmoon, L50, M|100/100
|turn|5
|inactive|cantilevervcg has 30 seconds left.
|inactive|toomuchroar has 30 seconds left.
|
|t:|1757205027
|move|p1a: Ursaluna|Protect|p1a: Ursaluna
|-singleturn|p1a: Ursaluna|Protect
|move|p2a: Amoonguss|Rage Powder|p2a: Amoonguss
|-singleturn|p2a: Amoonguss|move: Rage Powder
|move|p1b: Gholdengo|Shadow Ball|p2a: Amoonguss
|-damage|p2a: Amoonguss|0 fnt
|faint|p2a: Amoonguss
|move|p2b: Archaludon|Dragon Pulse|p1a: Ursaluna
|-activate|p1a: Ursaluna|move: Protect
|
|upkeep
|
|t:|1757205030
|switch|p2a: Annihilape|Annihilape, L50, M|100/100
|turn|6
|
|t:|1757205045
|move|p2b: Archaludon|Protect|p2b: Archaludon
|-singleturn|p2b: Archaludon|Protect
|move|p2a: Annihilape|Rage Fist|p1b: Gholdengo
|-supereffective|p1b: Gholdengo
|-damage|p1b: Gholdengo|57/100
|move|p1b: Gholdengo|Shadow Ball|p2a: Annihilape
|-supereffective|p2a: Annihilape
|-damage|p2a: Annihilape|0 fnt
|faint|p2a: Annihilape
|move|p1a: Ursaluna|Earth Power|p2b: Archaludon
|-activate|p2b: Archaludon|move: Protect
|
|upkeep
|turn|7
|
|t:|1757205057
|move|p1b: Gholdengo|Shadow Ball|p2b: Archaludon
|-damage|p2b: Archaludon|0 fnt
|faint|p2b: Archaludon
|
|win|toomuchroar
|raw|toomuchroar's rating: 1075 → 1105(+30 for winning)
|raw|cantilevervcg's rating: 1096 → 1070(-26 for losing)
|l|☆cantilevervcg
|player|p2|
