|j|☆testforlose
|j|☆kemaho
|html|testforlosekemaho    
|uhtml|bestof|Game 3 of a best-of-3
|t:|1755116617
|gametype|doubles
|player|p1|testforlose|ghetsis|1150
|player|p2|kemaho|clerk|1181
|gen|9
|tier|[Gen 9] VGC 2025 Reg H (Bo3)
|rated|
|rule|Species Clause: Limit one of each Pokémon
|rule|Item Clause: Limit 1 of each item
|clearpoke
|poke|p1|Garchomp, L50, F|
|poke|p1|Dragonite, L50, F|
|poke|p1|Incineroar, L50, M|
|poke|p1|Kingambit, L50, M|
|poke|p1|Amoonguss, L50, M|
|poke|p1|Ninetales-Alola, L50, M|
|poke|p2|Sneasler, L50, F|
|poke|p2|Samurott-Hisui, L50, F|
|poke|p2|Ninetales-Alola, L50, M|
|poke|p2|Gholdengo, L50|
|poke|p2|Dragonite, L50, M|
|poke|p2|Magmar, L50, F|
|teampreview|4
|showteam|p1|Garchomp||LifeOrb|RoughSkin|Earthquake,DragonClaw,StompingTantrum,Protect|||F|||50|,,,,,Steel]Dragonite||LoadedDice|Multiscale|ScaleShot,Haze,Tailwind,Protect|||F|||50|,,,,,Steel]Incineroar||SafetyGoggles|Intimidate|FakeOut,FlareBlitz,KnockOff,PartingShot|||M|||50|,,,,,Ghost]Kingambit||AssaultVest|Defiant|KowtowCleave,IronHead,SuckerPunch,LowKick|||M|||50|,,,,,Dark]Amoonguss||SitrusBerry|Regenerator|PollenPuff,RagePowder,Spore,Protect|||M|||50|,,,,,Water]Ninetales-Alola||FocusSash|SnowWarning|Blizzard,Moonblast,Encore,Protect|||M|||50|,,,,,Ghost
|showteam|p2|Sneasler||FocusSash|PoisonTouch|DireClaw,CloseCombat,Coaching,FakeOut|||F|||50|,,,,,Ghost]Samurott-Hisui||AssaultVest|Sharpness|AquaCutter,KnockOff,SacredSword,SuckerPunch|||F|||50|,,,,,Ghost]Ninetales-Alola||CovertCloak|SnowWarning|Blizzard,FreezeDry,IcyWind,AuroraVeil|||M|||50|,,,,,Water]Gholdengo||MetalCoat|GoodasGold|MakeItRain,ShadowBall,NastyPlot,Protect||||||50|,,,,,Dragon]Dragonite||LoadedDice|Multiscale|ExtremeSpeed,StompingTantrum,ScaleShot,Protect|||M|||50|,,,,,Fairy]Magmar||Eviolite|VitalSpirit|HeatWave,WillOWisp,FollowMe,Protect|||F|||50|,,,,,Ghost
|inactive|Battle timer is ON: inactive players will automatically lose when time's up. (requested by testforlose)
|
|t:|1755116639
|teamsize|p1|4
|teamsize|p2|4
|start
|switch|p1a: Incineroar|Incineroar, L50, M|100/100
|switch|p1b: Dragonite|Dragonite, L50, F|100/100
|switch|p2a: Ninetales|Ninetales-Alola, L50, M|100/100
|switch|p2b: Sneasler|Sneasler, L50, F|100/100
|-weather|Snowscape|[from] ability: Snow Warning|[of] p2a: Ninetales
|-ability|p1a: Incineroar|Intimidate|boost
|-unboost|p2a: Ninetales|atk|1
|-unboost|p2b: Sneasler|atk|1
|turn|1
|inactive|testforlose has 30 seconds left.
|inactive|testforlose has 20 seconds left.
|inactive|kemaho has 30 seconds left.
|
|t:|1755116677
|-terastallize|p2b: Sneasler|Ghost
|move|p1b: Dragonite|Protect|p1b: Dragonite
|-singleturn|p1b: Dragonite|Protect
|move|p2b: Sneasler|Fake Out|p1b: Dragonite
|-activate|p1b: Dragonite|move: Protect
|move|p2a: Ninetales|Aurora Veil|p2a: Ninetales
|-sidestart|p2: kemaho|move: Aurora Veil
|move|p1a: Incineroar|Flare Blitz|p2a: Ninetales
|-supereffective|p2a: Ninetales
|-damage|p2a: Ninetales|29/100
|-damage|p1a: Incineroar|83/100|[from] Recoil
|
|-weather|Snowscape|[upkeep]
|upkeep
|turn|2
|inactive|testforlose has 30 seconds left.
|
|t:|1755116706
|-terastallize|p1b: Dragonite|Steel
|move|p2b: Sneasler|Dire Claw|p1b: Dragonite
|-immune|p1b: Dragonite
|move|p2a: Ninetales|Blizzard|p1a: Incineroar|[spread] p1a,p1b
|-resisted|p1a: Incineroar
|-resisted|p1b: Dragonite
|-damage|p1a: Incineroar|69/100
|-damage|p1b: Dragonite|93/100
|move|p1b: Dragonite|Scale Shot|p2b: Sneasler
|-damage|p2b: Sneasler|84/100
|-damage|p2b: Sneasler|66/100
|-damage|p2b: Sneasler|47/100
|-damage|p2b: Sneasler|30/100
|-hitcount|p2b: Sneasler|4
|-unboost|p1b: Dragonite|def|1
|-boost|p1b: Dragonite|spe|1
|move|p1a: Incineroar|Flare Blitz|p2a: Ninetales
|-supereffective|p2a: Ninetales
|-damage|p2a: Ninetales|0 fnt
|faint|p2a: Ninetales
|-damage|p1a: Incineroar|61/100|[from] Recoil
|
|-weather|Snowscape|[upkeep]
|upkeep
|
|t:|1755116712
|switch|p2a: Samurott|Samurott-Hisui, L50, F|100/100
|turn|3
|inactive|testforlose has 30 seconds left.
|inactive|testforlose has 20 seconds left.
|inactive|testforlose has 15 seconds left.
|inactive|testforlose has 10 seconds left.
|
|t:|1755116760
|move|p1b: Dragonite|Scale Shot|p2b: Sneasler
|-damage|p2b: Sneasler|11/100
|-damage|p2b: Sneasler|0 fnt
|faint|p2b: Sneasler
|-hitcount|p2: Sneasler|2
|-unboost|p1b: Dragonite|def|1
|-boost|p1b: Dragonite|spe|1
|move|p2a: Samurott|Sacred Sword|p1b: Dragonite
|-supereffective|p1b: Dragonite
|-damage|p1b: Dragonite|0 fnt
|faint|p1b: Dragonite
|move|p1a: Incineroar|Parting Shot|p2a: Samurott
|-unboost|p2a: Samurott|atk|1
|-unboost|p2a: Samurott|spa|1
|
|t:|1755116771
|switch|p1a: Garchomp|Garchomp, L50, F|100/100|[from] Parting Shot
|
|-weather|Snowscape|[upkeep]
|upkeep
|
|t:|1755116774
|switch|p2b: Dragonite|Dragonite, L50, M|100/100
|switch|p1b: Incineroar|Incineroar, L50, M|61/100
|-ability|p1b: Incineroar|Intimidate|boost
|-unboost|p2a: Samurott|atk|1
|-unboost|p2b: Dragonite|atk|1
|turn|4
|
|t:|1755116785
|move|p2b: Dragonite|Protect|p2b: Dragonite
|-singleturn|p2b: Dragonite|Protect
|move|p1b: Incineroar|Fake Out|p2b: Dragonite
|-activate|p2b: Dragonite|move: Protect
|move|p1a: Garchomp|Dragon Claw|p2a: Samurott
|-damage|p2a: Samurott|60/100
|-damage|p1a: Garchomp|91/100|[from] item: Life Orb
|move|p2a: Samurott|Aqua Cutter|p1b: Incineroar
|-supereffective|p1b: Incineroar
|-damage|p1b: Incineroar|19/100
|
|-weather|Snowscape|[upkeep]
|upkeep
|turn|5
|inactive|kemaho has 30 seconds left.
|
|t:|1755116818
|move|p1a: Garchomp|Protect|p1a: Garchomp
|-singleturn|p1a: Garchomp|Protect
|move|p2a: Samurott|Sucker Punch||[still]
|-fail|p2a: Samurott
|move|p2b: Dragonite|Scale Shot|p1a: Garchomp
|-activate|p1a: Garchomp|move: Protect
|move|p1b: Incineroar|Parting Shot|p2b: Dragonite
|-unboost|p2b: Dragonite|atk|1
|-unboost|p2b: Dragonite|spa|1
|
|t:|1755116824
|switch|p1b: Kingambit|Kingambit, L50, M|100/100|[from] Parting Shot
|
|-weather|none
|-sideend|p2: kemaho|move: Aurora Veil
|upkeep
|turn|6
|
|t:|1755116843
|move|p1b: Kingambit|Sucker Punch|p2a: Samurott
|-resisted|p2a: Samurott
|-damage|p2a: Samurott|40/100
|move|p1a: Garchomp|Dragon Claw|p2a: Samurott
|-damage|p2a: Samurott|0 fnt
|faint|p2a: Samurott
|-damage|p1a: Garchomp|81/100|[from] item: Life Orb
|move|p2b: Dragonite|Stomping Tantrum|p1b: Kingambit
|-supereffective|p1b: Kingambit
|-damage|p1b: Kingambit|79/100
|
|upkeep
|turn|7
|
|t:|1755116854
|move|p1b: Kingambit|Sucker Punch|p2b: Dragonite
|-damage|p2b: Dragonite|78/100
|move|p1a: Garchomp|Dragon Claw|p2b: Dragonite
|-supereffective|p2b: Dragonite
|-damage|p2b: Dragonite|0 fnt
|faint|p2b: Dragonite
|-damage|p1a: Garchomp|71/100|[from] item: Life Orb
|
|win|testforlose
|raw|testforlose's rating: 1150 → 1177(+27 for winning)
|raw|kemaho's rating: 1181 → 1154(-27 for losing)
|l|☆testforlose
|player|p1|
