|j|☆Kaizer_Ifrit
|j|☆slowpoke.jpg
|html|Kaizer_Ifritslowpoke.jpg    
|uhtml|bestof|Game 3 of a best-of-3
|t:|1755920336
|gametype|doubles
|player|p1|Kaizer_Ifrit|caitlin|1236
|player|p2|slowpoke.jpg|fisherman-gen4|1200
|gen|9
|tier|[Gen 9] VGC 2025 Reg H (Bo3)
|rated|
|rule|Species Clause: Limit one of each Pokémon
|rule|Item Clause: Limit 1 of each item
|clearpoke
|poke|p1|Charizard, L50, M|
|poke|p1|Murkrow, L50, M|
|poke|p1|Indeedee, L50, M|
|poke|p1|Delphox, L50, F|
|poke|p1|Sneasler, L50, F|
|poke|p1|Dragapult, L50, M|
|poke|p2|Sneasler, L50, F|
|poke|p2|Indeedee, L50, M|
|poke|p2|Ursaluna-Bloodmoon, L50, M|
|poke|p2|Electabuzz, L50, F|
|poke|p2|Incineroar, L50, F|
|poke|p2|Talonflame, L50, F|
|teampreview|4
|showteam|p1|Charizard||ChoiceSpecs|SolarPower|HeatWave,Overheat,ScorchingSands,WeatherBall|||M|||50|,,,,,Ghost]Murkrow||Eviolite|Prankster|FoulPlay,Haze,SunnyDay,Tailwind|||M|||50|,,,,,Ghost]Indeedee||FocusSash|PsychicSurge|ExpandingForce,TrickRoom,Imprison,TeraBlast|||M|||50|,,,,,Fighting]Delphox||LifeOrb|Blaze|ExpandingForce,Flamethrower,DazzlingGleam,Protect|||F|||50|,,,,,Psychic]Sneasler||WhiteHerb|Unburden|CloseCombat,DireClaw,ThroatChop,Protect|||F|||50|,,,,,Dark]Dragapult||ChoiceBand|ClearBody|DragonDarts,Outrage,PhantomForce,Uturn|||M|||50|,,,,,Dragon
|showteam|p2|Sneasler||PsychicSeed|Unburden|CloseCombat,DireClaw,ThroatChop,Protect|||F|||50|,,,,,Dark]Indeedee||FocusSash|PsychicSurge|ExpandingForce,TrickRoom,HelpingHand,Protect|||M|||50|,,,,,Psychic]Ursaluna-Bloodmoon||LifeOrb|MindsEye|BloodMoon,HyperVoice,EarthPower,Protect|||M|||50|,,,,,Normal]Electabuzz||Eviolite|VitalSpirit|Electroweb,FollowMe,Taunt,Protect|||F|||50|,,,,,Dragon]Incineroar||SafetyGoggles|Intimidate|FlareBlitz,KnockOff,PartingShot,FakeOut|||F|||50|,,,,,Ghost]Talonflame||CovertCloak|GaleWings|FlareBlitz,DualWingbeat,WillOWisp,Tailwind|||F|||50|,,,,,Fairy
|inactive|Battle timer is ON: inactive players will automatically lose when time's up. (requested by Kaizer_Ifrit)
|
|t:|1755920367
|teamsize|p1|4
|teamsize|p2|4
|start
|switch|p1a: NASA X-43|Dragapult, L50, M|100/100
|switch|p1b: Mafia boss|Murkrow, L50, M|100/100
|switch|p2a: Talonflame|Talonflame, L50, F|100/100
|switch|p2b: Sneasler|Sneasler, L50, F|100/100
|turn|1
|inactive|slowpoke.jpg has 30 seconds left.
|inactive|slowpoke.jpg has 20 seconds left.
|
|t:|1755920410
|-terastallize|p1a: NASA X-43|Dragon
|move|p2b: Sneasler|Protect|p2b: Sneasler
|-singleturn|p2b: Sneasler|Protect
|move|p2a: Talonflame|Tailwind|p2a: Talonflame
|-sidestart|p2: slowpoke.jpg|move: Tailwind
|move|p1a: NASA X-43|Dragon Darts|p2a: Talonflame
|-crit|p2a: Talonflame
|-damage|p2a: Talonflame|0 fnt
|faint|p2a: Talonflame
|move|p1b: Mafia boss|Foul Play|p2b: Sneasler
|-activate|p2b: Sneasler|move: Protect
|
|upkeep
|
|t:|1755920413
|switch|p2a: Indeedee|Indeedee, L50, M|100/100
|-fieldstart|move: Psychic Terrain|[from] ability: Psychic Surge|[of] p2a: Indeedee
|-enditem|p2b: Sneasler|Psychic Seed
|-boost|p2b: Sneasler|spd|1|[from] item: Psychic Seed
|turn|2
|
|t:|1755920425
|switch|p1a: Kyuubimon|Delphox, L50, F|100/100
|move|p2b: Sneasler|Dire Claw|p1a: Kyuubimon
|-damage|p1a: Kyuubimon|26/100
|move|p2a: Indeedee|Expanding Force|p1b: Mafia boss|[spread] p1a
|-immune|p1b: Mafia boss
|-resisted|p1a: Kyuubimon
|-damage|p1a: Kyuubimon|0 fnt
|faint|p1a: Kyuubimon
|move|p1b: Mafia boss|Foul Play|p2a: Indeedee
|-supereffective|p2a: Indeedee
|-damage|p2a: Indeedee|24/100
|
|upkeep
|
|t:|1755920443
|switch|p1a: A.K.I|Sneasler, L50, F|100/100
|turn|3
|
|t:|1755920451
|move|p1a: A.K.I|Protect|p1a: A.K.I
|-singleturn|p1a: A.K.I|Protect
|move|p2b: Sneasler|Dire Claw|p1b: Mafia boss
|-damage|p1b: Mafia boss|55/100
|move|p1b: Mafia boss|Foul Play|p2a: Indeedee
|-supereffective|p2a: Indeedee
|-damage|p2a: Indeedee|0 fnt
|faint|p2a: Indeedee
|
|upkeep
|
|t:|1755920453
|switch|p2a: Ursaluna|Ursaluna-Bloodmoon, L50, M|100/100
|turn|4
|
|t:|1755920461
|move|p1a: A.K.I|Protect|p1a: A.K.I
|-singleturn|p1a: A.K.I|Protect
|move|p1b: Mafia boss|Tailwind|p1b: Mafia boss
|-sidestart|p1: Kaizer_Ifrit|move: Tailwind
|move|p2b: Sneasler|Dire Claw|p1a: A.K.I
|-activate|p1a: A.K.I|move: Protect
|move|p2a: Ursaluna|Hyper Voice|p1b: Mafia boss|[spread] p1b
|-activate|p1a: A.K.I|move: Protect
|-damage|p1b: Mafia boss|0 fnt
|faint|p1b: Mafia boss
|-damage|p2a: Ursaluna|91/100|[from] item: Life Orb
|
|-sideend|p2: slowpoke.jpg|move: Tailwind
|upkeep
|
|t:|1755920463
|switch|p1b: NASA X-43|Dragapult, L50, M, tera:Dragon|100/100
|turn|5
|
|t:|1755920489
|move|p1b: NASA X-43|Outrage|p2b: Sneasler
|-damage|p2b: Sneasler|0 fnt
|faint|p2b: Sneasler
|move|p1a: A.K.I|Close Combat|p2a: Ursaluna
|-supereffective|p2a: Ursaluna
|-damage|p2a: Ursaluna|0 fnt
|-unboost|p1a: A.K.I|def|1
|-unboost|p1a: A.K.I|spd|1
|faint|p2a: Ursaluna
|-enditem|p1a: A.K.I|White Herb
|-clearnegativeboost|p1a: A.K.I|[silent]
|
|win|Kaizer_Ifrit
|raw|Kaizer_Ifrit's rating: 1236 → 1258(+22 for winning)
|raw|slowpoke.jpg's rating: 1200 → 1178(-22 for losing)
|l|☆slowpoke.jpg
|player|p2|
|c|☆Kaizer_Ifrit|Ggs
