|j|鈽唈agheter
|j|鈽咹elhiemFiend
|html|jagheterHelhiemFiend    
|uhtml|bestof|Game 1 of a best-of-3
|t:|1756922804
|gametype|doubles
|player|p1|jagheter|worker|1189
|player|p2|HelhiemFiend|1|1227
|gen|9
|tier|[Gen 9] VGC 2025 Reg H (Bo3)
|rated|
|rule|Species Clause: Limit one of each Pok茅mon
|rule|Item Clause: Limit 1 of each item
|clearpoke
|poke|p1|Venusaur, L50, F|
|poke|p1|Sneasler, L50, F|
|poke|p1|Dondozo, L50, M|
|poke|p1|Volcarona, L50, F|
|poke|p1|Rillaboom, L50, M|
|poke|p1|Samurott-Hisui, L50, M|
|poke|p2|Sneasler, L50, M|
|poke|p2|Dragapult, L50, F|
|poke|p2|Kingambit, L50, F|
|poke|p2|Rillaboom, L50, M|
|poke|p2|Gholdengo, L50|
|poke|p2|Whimsicott, L50, M|
|teampreview|4
|showteam|p1|Venusaur||WideLens|Chlorophyll|SleepPowder,Protect,SludgeBomb,EarthPower|||F|||50|,,,,,Ghost]Sneasler||GrassySeed|Unburden|Coaching,DireClaw,CloseCombat,Protect|||F|||50|,,,,,Stellar]Dondozo||Leftovers|Unaware|Fissure,Protect,Liquidation,Yawn|||M|||50|,,,,,Poison]Volcarona||CovertCloak|FlameBody|FieryDance,TeraBlast,QuiverDance,Protect|||F|||50|,,,,,Fairy]Rillaboom||AssaultVest|GrassySurge|FakeOut,WoodHammer,GrassyGlide,HighHorsepower|||M|||50|,,,,,Fire]Samurott-Hisui||SafetyGoggles|Sharpness|SuckerPunch,ThroatChop,Protect,RazorShell|||M|||50|,,,,,Poison
|showteam|p2|Sneasler||FocusSash|Unburden|DireClaw,CloseCombat,FakeOut,Protect|||M|||50|,,,,,Stellar]Dragapult||ChoiceBand|ClearBody|DragonDarts,TeraBlast,PhantomForce,Uturn|||F|||50|,,,,,Ghost]Kingambit||SafetyGoggles|Defiant|KowtowCleave,SuckerPunch,SwordsDance,Protect|||F|||50|,,,,,Dark]Rillaboom||AssaultVest|GrassySurge|WoodHammer,GrassyGlide,FakeOut,Uturn|||M|||50|,,,,,Fire]Gholdengo||LifeOrb|GoodasGold|MakeItRain,ShadowBall,NastyPlot,Protect||||||50|,,,,,Dragon]Whimsicott||CovertCloak|Prankster|Moonblast,Tailwind,Encore,Protect|||M|||50|,,,,,Dark
|inactive|Battle timer is ON: inactive players will automatically lose when time's up. (requested by HelhiemFiend)
|c|鈽咹elhiemFiend|glhf
|inactive|HelhiemFiend has 60 seconds left.
|
|t:|1756922848
|teamsize|p1|4
|teamsize|p2|4
|start
|switch|p1a: Sneasler|Sneasler, L50, F|100/100
|switch|p1b: Rillaboom|Rillaboom, L50, M, shiny|100/100
|switch|p2a: Snake Eyes|Sneasler, L50, M|100/100
|switch|p2b: Earhart|Dragapult, L50, F|100/100
|-fieldstart|move: Grassy Terrain|[from] ability: Grassy Surge|[of] p1b: Rillaboom
|-enditem|p1a: Sneasler|Grassy Seed
|-boost|p1a: Sneasler|def|1|[from] item: Grassy Seed
|turn|1
|inactive|jagheter has 30 seconds left.
|inactive|jagheter has 20 seconds left.
|inactive|jagheter has 15 seconds left.
|inactive|jagheter has 10 seconds left.
|inactive|jagheter has 5 seconds left.
|
|t:|1756922900
|switch|p1b: Samurott|Samurott-Hisui, L50, M, shiny|100/100
|move|p2a: Snake Eyes|Fake Out|p1b: Samurott
|-damage|p1b: Samurott|84/100
|move|p1a: Sneasler|Coaching|p1b: Samurott
|-boost|p1b: Samurott|atk|1
|-boost|p1b: Samurott|def|1
|move|p2b: Earhart|Dragon Darts|p1a: Sneasler
|-damage|p1a: Sneasler|55/100
|-anim|p2b: Earhart|Dragon Darts|p1b: Samurott
|-damage|p1b: Samurott|50/100
|
|-heal|p1a: Sneasler|62/100|[from] Grassy Terrain
|-heal|p1b: Samurott|56/100|[from] Grassy Terrain
|upkeep
|turn|2
|inactive|jagheter has 30 seconds left.
|
|t:|1756922929
|switch|p2b: Shark|Whimsicott, L50, M|100/100
|-terastallize|p1b: Samurott|Poison
|move|p1b: Samurott|Sucker Punch||[still]
|-fail|p1b: Samurott
|move|p1a: Sneasler|Coaching|p1b: Samurott
|-boost|p1b: Samurott|atk|1
|-boost|p1b: Samurott|def|1
|move|p2a: Snake Eyes|Close Combat|p1b: Samurott
|-resisted|p1b: Samurott
|-damage|p1b: Samurott|35/100
|-unboost|p2a: Snake Eyes|def|1
|-unboost|p2a: Snake Eyes|spd|1
|
|-heal|p1a: Sneasler|68/100|[from] Grassy Terrain
|-heal|p1b: Samurott|41/100|[from] Grassy Terrain
|upkeep
|turn|3
|
|t:|1756922954
|move|p2b: Shark|Encore|p1a: Sneasler
|-start|p1a: Sneasler|Encore
|move|p1b: Samurott|Sucker Punch|p2a: Snake Eyes
|-resisted|p2a: Snake Eyes
|-damage|p2a: Snake Eyes|23/100
|move|p1a: Sneasler|Coaching|p1b: Samurott
|-boost|p1b: Samurott|atk|1
|-boost|p1b: Samurott|def|1
|move|p2a: Snake Eyes|Dire Claw|p1b: Samurott
|-resisted|p1b: Samurott
|-damage|p1b: Samurott|30/100
|
|-heal|p1a: Sneasler|74/100|[from] Grassy Terrain
|-heal|p2a: Snake Eyes|29/100|[from] Grassy Terrain
|-heal|p1b: Samurott|36/100|[from] Grassy Terrain
|upkeep
|turn|4
|
|t:|1756922978
|switch|p2a: Gholden Boy|Gholdengo, L50|100/100
|move|p2b: Shark|Encore|p1b: Samurott
|-start|p1b: Samurott|Encore
|move|p1a: Sneasler|Coaching|p1b: Samurott
|-boost|p1b: Samurott|atk|1
|-boost|p1b: Samurott|def|1
|move|p1b: Samurott|Sucker Punch||[still]
|-fail|p1b: Samurott
|
|-heal|p1a: Sneasler|80/100|[from] Grassy Terrain
|-heal|p1b: Samurott|42/100|[from] Grassy Terrain
|upkeep
|turn|5
|
|t:|1756922999
|switch|p1a: Dondozo|Dondozo, L50, M, shiny|100/100
|move|p1b: Samurott|Sucker Punch|p2b: Shark
|-resisted|p2b: Shark
|-damage|p2b: Shark|40/100
|move|p2b: Shark|Moonblast|p1a: Dondozo
|-damage|p1a: Dondozo|79/100
|move|p2a: Gholden Boy|Nasty Plot|p2a: Gholden Boy
|-boost|p2a: Gholden Boy|spa|2
|
|-heal|p2b: Shark|47/100|[from] Grassy Terrain
|-heal|p1b: Samurott|48/100|[from] Grassy Terrain
|-heal|p1a: Dondozo|85/100|[from] Grassy Terrain
|-heal|p1a: Dondozo|92/100|[from] item: Leftovers
|-fieldend|move: Grassy Terrain
|upkeep
|turn|6
|inactive|HelhiemFiend has 30 seconds left.
|
|t:|1756923025
|move|p2b: Shark|Tailwind|p2b: Shark
|-sidestart|p2: HelhiemFiend|move: Tailwind
|move|p1b: Samurott|Sucker Punch||[still]
|-fail|p1b: Samurott
|move|p2a: Gholden Boy|Nasty Plot|p2a: Gholden Boy
|-boost|p2a: Gholden Boy|spa|2
|move|p1a: Dondozo|Fissure|p2a: Gholden Boy
|-damage|p2a: Gholden Boy|0 fnt
|faint|p2a: Gholden Boy
|-ohko
|
|-heal|p1a: Dondozo|98/100|[from] item: Leftovers
|-end|p1b: Samurott|Encore
|upkeep
|
|t:|1756923040
|switch|p2a: Snake Eyes|Sneasler, L50, M|29/100
|turn|7
|
|t:|1756923048
|move|p2a: Snake Eyes|Fake Out|p1a: Dondozo
|-damage|p1a: Dondozo|90/100
|move|p2b: Shark|Encore|p1b: Samurott
|-start|p1b: Samurott|Encore
|move|p1b: Samurott|Sucker Punch||[still]
|-fail|p1b: Samurott
|cant|p1a: Dondozo|flinch
|
|-heal|p1a: Dondozo|96/100|[from] item: Leftovers
|upkeep
|turn|8
|
|t:|1756923064
|switch|p2a: Earhart|Dragapult, L50, F|100/100
|switch|p1b: Sneasler|Sneasler, L50, F|80/100
|move|p2b: Shark|Moonblast|p1b: Sneasler
|-damage|p1b: Sneasler|45/100
|-unboost|p1b: Sneasler|spa|1
|move|p1a: Dondozo|Liquidation|p2a: Earhart
|-resisted|p2a: Earhart
|-damage|p2a: Earhart|79/100
|
|-heal|p1a: Dondozo|100/100|[from] item: Leftovers
|upkeep
|turn|9
|
|t:|1756923083
|move|p2b: Shark|Encore|p1a: Dondozo
|-start|p1a: Dondozo|Encore
|move|p2a: Earhart|Dragon Darts|p1b: Sneasler
|-damage|p1b: Sneasler|0 fnt
|-anim|p2a: Earhart|Dragon Darts|p1a: Dondozo
|-damage|p1a: Dondozo|77/100
|faint|p1b: Sneasler
|move|p1a: Dondozo|Liquidation|p2a: Earhart
|-resisted|p2a: Earhart
|-damage|p2a: Earhart|58/100
|
|-heal|p1a: Dondozo|83/100|[from] item: Leftovers
|-sideend|p2: HelhiemFiend|move: Tailwind
|upkeep
|
|t:|1756923099
|switch|p1b: Samurott|Samurott-Hisui, L50, M, shiny, tera:Poison|48/100
|turn|10
|
|t:|1756923108
|switch|p2a: Snake Eyes|Sneasler, L50, M|29/100
|move|p1b: Samurott|Protect|p1b: Samurott
|-singleturn|p1b: Samurott|Protect
|move|p2b: Shark|Tailwind|p2b: Shark
|-sidestart|p2: HelhiemFiend|move: Tailwind
|move|p1a: Dondozo|Liquidation|p2a: Snake Eyes
|-damage|p2a: Snake Eyes|0 fnt
|faint|p2a: Snake Eyes
|
|-heal|p1a: Dondozo|89/100|[from] item: Leftovers
|upkeep
|
|t:|1756923116
|switch|p2a: Earhart|Dragapult, L50, F|58/100
|turn|11
|
|t:|1756923126
|switch|p1b: Rillaboom|Rillaboom, L50, M, shiny|100/100
|-fieldstart|move: Grassy Terrain|[from] ability: Grassy Surge|[of] p1b: Rillaboom
|move|p2b: Shark|Encore||[still]
|-fail|p2b: Shark
|move|p2a: Earhart|Dragon Darts|p1a: Dondozo
|-damage|p1a: Dondozo|68/100
|-anim|p2a: Earhart|Dragon Darts|p1b: Rillaboom
|-damage|p1b: Rillaboom|61/100
|move|p1a: Dondozo|Liquidation|p2b: Shark
|-resisted|p2b: Shark
|-damage|p2b: Shark|27/100
|
|-heal|p2a: Earhart|64/100|[from] Grassy Terrain
|-heal|p2b: Shark|34/100|[from] Grassy Terrain
|-heal|p1b: Rillaboom|67/100|[from] Grassy Terrain
|-heal|p1a: Dondozo|74/100|[from] Grassy Terrain
|-heal|p1a: Dondozo|81/100|[from] item: Leftovers
|-end|p1a: Dondozo|Encore
|upkeep
|turn|12
|inactive|HelhiemFiend has 30 seconds left.
|
|t:|1756923155
|move|p1b: Rillaboom|Fake Out|p2b: Shark
|-damage|p2b: Shark|15/100
|move|p2a: Earhart|Dragon Darts|p1b: Rillaboom
|-damage|p1b: Rillaboom|26/100
|-anim|p2a: Earhart|Dragon Darts|p1a: Dondozo
|-damage|p1a: Dondozo|58/100
|move|p2b: Shark|Moonblast|p1b: Rillaboom
|-damage|p1b: Rillaboom|9/100
|move|p1a: Dondozo|Liquidation|p2b: Shark
|-resisted|p2b: Shark
|-damage|p2b: Shark|0 fnt
|faint|p2b: Shark
|
|-heal|p2a: Earhart|70/100|[from] Grassy Terrain
|-heal|p1b: Rillaboom|15/100|[from] Grassy Terrain
|-heal|p1a: Dondozo|64/100|[from] Grassy Terrain
|-heal|p1a: Dondozo|70/100|[from] item: Leftovers
|upkeep
|turn|13
|
|t:|1756923167
|move|p2a: Earhart|Dragon Darts|p1a: Dondozo
|-damage|p1a: Dondozo|49/100
|-anim|p2a: Earhart|Dragon Darts|p1b: Rillaboom
|-damage|p1b: Rillaboom|0 fnt
|faint|p1b: Rillaboom
|move|p1a: Dondozo|Yawn|p2a: Earhart
|-start|p2a: Earhart|move: Yawn|[of] p1a: Dondozo
|
|-heal|p2a: Earhart|77/100|[from] Grassy Terrain
|-heal|p1a: Dondozo|55/100|[from] Grassy Terrain
|-heal|p1a: Dondozo|61/100|[from] item: Leftovers
|-sideend|p2: HelhiemFiend|move: Tailwind
|upkeep
|
|t:|1756923169
|switch|p1b: Samurott|Samurott-Hisui, L50, M, shiny, tera:Poison|48/100
|turn|14
|
|t:|1756923173
|move|p1b: Samurott|Sucker Punch|p2a: Earhart
|-supereffective|p2a: Earhart
|-damage|p2a: Earhart|0 fnt
|faint|p2a: Earhart
|
|win|jagheter
||HelhiemFiend is ready for game 2.
