|j|☆jANMxRin
|j|☆Nusssack
|html|jANMxRinNusssack    
|uhtml|bestof|Game 1 of a best-of-3
|t:|1783257011
|gametype|doubles
|player|p1|jANMxRin|266|1112
|player|p2|Nusssack|volkner|1146
|gen|9
|tier|[Gen 9 Champions] VGC 2026 Reg M-B (Bo3)
|rated|
|rule|Species Clause: Limit one of each Pokémon
|rule|Item Clause: Limit 1 of each item
|clearpoke
|poke|p1|Delphox, L50, M|
|poke|p1|Floette-Eternal, L50, F|
|poke|p1|Sinistcha, L50|
|poke|p1|Kingambit, L50, M|
|poke|p1|Sneasler, L50, M|
|poke|p1|Incineroar, L50, F|
|poke|p2|Tyranitar, L50, F|
|poke|p2|Aurorus, L50, F, shiny|
|poke|p2|Cofagrigus, L50, M|
|poke|p2|Wyrdeer, L50, M|
|poke|p2|Vaporeon, L50, F|
|poke|p2|Rotom-Heat, L50|
|teampreview|4
|showteam|p1|Delphox||Delphoxite|Blaze|HeatWave,Psyshock,NastyPlot,Protect|Timid||M|||50|]Floette-Eternal||Floettite|FlowerVeil|Moonblast,DazzlingGleam,CalmMind,Protect|Modest||F|||50|]Sinistcha||KasibBerry|Hospitality|MatchaGotcha,RagePowder,TrickRoom,Protect|Bold|||||50|]Kingambit||BlackGlasses|Defiant|KowtowCleave,SuckerPunch,SwordsDance,Protect|Adamant||M|||50|]Sneasler||FocusSash|PoisonTouch|FakeOut,CloseCombat,DireClaw,QuickGuard|Jolly||M|||50|]Incineroar||SitrusBerry|Intimidate|PartingShot,FlareBlitz,ThroatChop,FakeOut|Impish||F|||50|
|showteam|p2|Tyranitar||Tyranitarite|SandStream|RockSlide,KnockOff,BrickBreak,Protect|Brave||F|||50|]Aurorus||LifeOrb|Refrigerate|HyperVoice,WeatherBall,EarthPower,Protect|Modest||F|||50|]Cofagrigus||MentalHerb|Mummy|ShadowBall,WillOWisp,AllySwitch,TrickRoom|Sassy||M|||50|]Wyrdeer||Leftovers|SapSipper|PsyshieldBash,DoubleEdge,TrickRoom,Protect|Brave||M|||50|]Vaporeon||SitrusBerry|WaterAbsorb|Scald,Wish,FlipTurn,Protect|Relaxed||F|||50|]Rotom-Heat||WhiteHerb|Levitate|Overheat,Thunderbolt,VoltSwitch,Protect|Quiet|||||50|
|inactive|Battle timer is ON: inactive players will automatically lose when time's up. (requested by Nusssack)
|
|t:|1783257037
|teamsize|p1|4
|teamsize|p2|4
|start
|switch|p1a: Floette|Floette-Eternal, L50, F|100/100
|switch|p1b: Sneasler|Sneasler, L50, M|100/100
|switch|p2a: Tutench|Cofagrigus, L50, M|100/100
|switch|p2b: Tyra|Tyranitar, L50, F|100/100
|-weather|Sandstorm|[from] ability: Sand Stream|[of] p2b: Tyra
|turn|1
|
|t:|1783257062
|detailschange|p1a: Floette|Floette-Mega, L50, F
|-mega|p1a: Floette|Floette|Floettite
|-ability|p1a: Floette|Fairy Aura
|move|p2b: Tyra|Protect|p2b: Tyra
|-singleturn|p2b: Tyra|Protect
|move|p1b: Sneasler|Close Combat|p2b: Tyra
|-activate|p2b: Tyra|move: Protect
|move|p1a: Floette|Calm Mind|p1a: Floette
|-boost|p1a: Floette|spa|1
|-boost|p1a: Floette|spd|1
|move|p2a: Tutench|Trick Room|p2a: Tutench
|-fieldstart|move: Trick Room|[of] p2a: Tutench
|
|-weather|Sandstorm|[upkeep]
|-damage|p2a: Tutench|93/100|[from] Sandstorm
|-damage|p1a: Floette|93/100|[from] Sandstorm
|-damage|p1b: Sneasler|94/100|[from] Sandstorm
|upkeep
|turn|2
|inactive|Nusssack has 30 seconds left.
|
|t:|1783257089
|move|p2a: Tutench|Ally Switch|p2a: Tutench
|swap|p2a: Tutench|1|[from] move: Ally Switch
|move|p2a: Tyra|Rock Slide|p1a: Floette|[spread] p1a,p1b
|-resisted|p1b: Sneasler|1
|-damage|p1a: Floette|47/100
|-damage|p1b: Sneasler|64/100
|move|p1a: Floette|Moonblast|p2a: Tyra
|-supereffective|p2a: Tyra|1
|-damage|p2a: Tyra|0 fnt
|faint|p2a: Tyra
|move|p1b: Sneasler|Close Combat|p2b: Tutench
|-immune|p2b: Tutench
|
|-weather|Sandstorm|[upkeep]
|-damage|p2b: Tutench|87/100|[from] Sandstorm
|-damage|p1a: Floette|41/100|[from] Sandstorm
|-damage|p1b: Sneasler|58/100|[from] Sandstorm
|upkeep
|
|t:|1783257105
|switch|p2a: Fork|Wyrdeer, L50, M|100/100
|turn|3
|
|t:|1783257128
|switch|p2b: Tweakbox|Rotom-Heat, L50|100/100
|switch|p1b: Sinistcha|Sinistcha, L50|100/100
|-heal|p1a: Floette|66/100|[from] ability: Hospitality|[of] p1b: Sinistcha
|move|p2a: Fork|Psyshield Bash|p1b: Sinistcha|[miss]
|-miss|p2a: Fork|p1b: Sinistcha
|move|p1a: Floette|Moonblast|p2a: Fork
|-damage|p2a: Fork|0 fnt
|faint|p2a: Fork
|
|-weather|Sandstorm|[upkeep]
|-damage|p1b: Sinistcha|93/100|[from] Sandstorm
|-damage|p2b: Tweakbox|94/100|[from] Sandstorm
|-damage|p1a: Floette|60/100|[from] Sandstorm
|upkeep
|
|t:|1783257141
|switch|p2a: Tutench|Cofagrigus, L50, M|87/100
|turn|4
|
|t:|1783257161
|move|p1b: Sinistcha|Rage Powder|p1b: Sinistcha
|-singleturn|p1b: Sinistcha|move: Rage Powder
|move|p2a: Tutench|Shadow Ball|p1b: Sinistcha
|-supereffective|p1b: Sinistcha|1
|-enditem|p1b: Sinistcha|Kasib Berry|[eat]
|-enditem|p1b: Sinistcha|Kasib Berry|[weaken]
|-damage|p1b: Sinistcha|63/100
|move|p2b: Tweakbox|Overheat|p1b: Sinistcha|[miss]
|-miss|p2b: Tweakbox|p1b: Sinistcha
|move|p1a: Floette|Calm Mind|p1a: Floette
|-boost|p1a: Floette|spa|1
|-boost|p1a: Floette|spd|1
|
|-weather|Sandstorm|[upkeep]
|-damage|p2a: Tutench|81/100|[from] Sandstorm
|-damage|p1b: Sinistcha|57/100|[from] Sandstorm
|-damage|p2b: Tweakbox|88/100|[from] Sandstorm
|-damage|p1a: Floette|54/100|[from] Sandstorm
|upkeep
|turn|5
|-message|Nusssack forfeited.
|
|win|jANMxRin
