|j|☆ur1ryanpowney
|j|☆GetaJobApplication
|html|ur1ryanpowneyGetaJobApplication    
|uhtml|bestof|Game 3 of a best-of-3
|t:|1757101912
|gametype|doubles
|player|p1|ur1ryanpowney|nate|
|player|p2|GetaJobApplication|cynthia-gen4|
|gen|9
|tier|[Gen 9] VGC 2025 Reg H (Bo3)
|rule|Species Clause: Limit one of each Pokémon
|rule|Item Clause: Limit 1 of each item
|clearpoke
|poke|p1|Excadrill, L50, M|
|poke|p1|Tyranitar, L50, F|
|poke|p1|Sneasler, L50, F|
|poke|p1|Indeedee, L50, M|
|poke|p1|Corviknight, L50, F|
|poke|p1|Annihilape, L50, M|
|poke|p2|Rillaboom, L50, F|
|poke|p2|Magmar, L50, F|
|poke|p2|Kingambit, L50, F|
|poke|p2|Ninetales-Alola, L50, M|
|poke|p2|Basculegion, L50, M|
|poke|p2|Sneasler, L50, M|
|teampreview|4
|showteam|p1|Excadrill||FocusSash|SandRush|IronHead,HighHorsepower,Earthquake,Protect|||M|||50|,,,,,Stellar]Tyranitar||AssaultVest|SandStream|RockSlide,KnockOff,TeraBlast,LowKick|||F|||50|,,,,,Flying]Sneasler||PsychicSeed|Unburden|DireClaw,CloseCombat,ThroatChop,Protect|||F|||50|,,,,,Dark]Indeedee||ChoiceScarf|PsychicSurge|ExpandingForce,TeraBlast,Protect,Trick|||M|||50|,,,,,Psychic]Corviknight||Leftovers|MirrorArmor|BraveBird,BulkUp,Roost,Tailwind|||F|||50|,,,,,Dragon]Annihilape||SafetyGoggles|Defiant|CloseCombat,FinalGambit,RageFist,Taunt|||M|||50|,,,,,Water
|showteam|p2|Rillaboom||AssaultVest|GrassySurge|DrumBeating,GrassyGlide,FakeOut,Uturn|||F|||50|,,,,,Ghost]Magmar||Eviolite|VitalSpirit|Overheat,FollowMe,Taunt,Protect|||F|||50|,,,,,Ghost]Kingambit||BlackGlasses|Defiant|KowtowCleave,SuckerPunch,SwordsDance,Protect|||F|||50|,,,,,Fire]Ninetales-Alola||LifeOrb|SnowWarning|Blizzard,FreezeDry,Encore,Protect|||M|||50|,,,,,Ghost]Basculegion||ChoiceScarf|Adaptability|WaveCrash,LastRespects,FlipTurn,TeraBlast|||M|||50|,,,,,Fighting]Sneasler||FocusSash|PoisonTouch|CloseCombat,DireClaw,FakeOut,Protect|||M|||50|,,,,,Ghost
|
|t:|1757101976
|teamsize|p1|4
|teamsize|p2|4
|start
|switch|p1a: Sneasler|Sneasler, L50, F, shiny|100/100
|switch|p1b: Indeedee|Indeedee, L50, M, shiny|100/100
|switch|p2a: Rillaboom|Rillaboom, L50, F|100/100
|switch|p2b: Basculegion|Basculegion, L50, M|100/100
|-fieldstart|move: Psychic Terrain|[from] ability: Psychic Surge|[of] p1b: Indeedee
|-enditem|p1a: Sneasler|Psychic Seed
|-boost|p1a: Sneasler|spd|1|[from] item: Psychic Seed
|-fieldstart|move: Grassy Terrain|[from] ability: Grassy Surge|[of] p2a: Rillaboom
|turn|1
|
|t:|1757102033
|switch|p1b: Annihilape|Annihilape, L50, M|100/100
|move|p1a: Sneasler|Protect|p1a: Sneasler
|-singleturn|p1a: Sneasler|Protect
|move|p2b: Basculegion|Wave Crash|p1a: Sneasler
|-activate|p1a: Sneasler|move: Protect
|move|p2a: Rillaboom|U-turn|p1b: Annihilape
|-resisted|p1b: Annihilape
|-damage|p1b: Annihilape|94/100
|c|☆ur1ryanpowney|indeedee with protect?
|c|☆GetaJobApplication|joe had it
|
|t:|1757102060
|switch|p2a: Sneasler|Sneasler, L50, M|100/100|[from] U-turn
|
|-heal|p1b: Annihilape|99/100|[from] Grassy Terrain
|upkeep
|turn|2
|
|t:|1757102098
|move|p1a: Sneasler|Throat Chop|p2b: Basculegion
|-supereffective|p2b: Basculegion
|-damage|p2b: Basculegion|26/100
|-start|p2b: Basculegion|Throat Chop|[silent]
|move|p2b: Basculegion|Wave Crash|p1a: Sneasler
|-damage|p1a: Sneasler|0 fnt
|faint|p1a: Sneasler
|-damage|p2b: Basculegion|0 fnt|[from] Recoil
|faint|p2b: Basculegion
|move|p2a: Sneasler|Dire Claw|p1b: Annihilape
|-resisted|p1b: Annihilape
|-damage|p1b: Annihilape|77/100
|-status|p1b: Annihilape|psn
|move|p1b: Annihilape|Rage Fist|p2a: Sneasler
|-enditem|p2a: Sneasler|Focus Sash
|-damage|p2a: Sneasler|1/100
|
|-heal|p2a: Sneasler|7/100|[from] Grassy Terrain
|-heal|p1b: Annihilape|83/100 psn|[from] Grassy Terrain
|-damage|p1b: Annihilape|71/100 psn|[from] psn
|upkeep
|
|t:|1757102121
|switch|p1a: Tyranitar|Tyranitar, L50, F, shiny|100/100
|switch|p2b: Rillaboom|Rillaboom, L50, F|100/100
|-weather|Sandstorm|[from] ability: Sand Stream|[of] p1a: Tyranitar
|turn|3
|
|t:|1757102148
|switch|p1b: Indeedee|Indeedee, L50, M, shiny|100/100
|-fieldstart|move: Psychic Terrain|[from] ability: Psychic Surge|[of] p1b: Indeedee
|-terastallize|p1a: Tyranitar|Flying
|move|p2a: Sneasler|Close Combat|p1a: Tyranitar
|-resisted|p1a: Tyranitar
|-damage|p1a: Tyranitar|69/100
|-unboost|p2a: Sneasler|def|1
|-unboost|p2a: Sneasler|spd|1
|move|p2b: Rillaboom|Drum Beating|p1a: Tyranitar
|-resisted|p1a: Tyranitar
|-damage|p1a: Tyranitar|51/100
|-unboost|p1a: Tyranitar|spe|1
|move|p1a: Tyranitar|Rock Slide|p2b: Rillaboom|[spread] p2a,p2b
|-resisted|p2a: Sneasler
|-damage|p2a: Sneasler|0 fnt
|-damage|p2b: Rillaboom|69/100
|faint|p2a: Sneasler
|
|-weather|Sandstorm|[upkeep]
|-damage|p1b: Indeedee|95/100|[from] Sandstorm
|-damage|p2b: Rillaboom|63/100|[from] Sandstorm
|-damage|p1a: Tyranitar|45/100|[from] Sandstorm
|upkeep
|
|t:|1757102159
|switch|p2a: Kingambit|Kingambit, L50, F|100/100
|turn|4
|
|t:|1757102194
|move|p1b: Indeedee|Expanding Force|p2a: Kingambit|[spread] p2b
|-immune|p2a: Kingambit
|-damage|p2b: Rillaboom|19/100
|move|p2b: Rillaboom|Drum Beating|p1b: Indeedee
|-damage|p1b: Indeedee|12/100
|-unboost|p1b: Indeedee|spe|1
|move|p1a: Tyranitar|Low Kick|p2a: Kingambit
|-supereffective|p2a: Kingambit
|-damage|p2a: Kingambit|0 fnt
|faint|p2a: Kingambit
|
|-weather|Sandstorm|[upkeep]
|-damage|p1b: Indeedee|6/100|[from] Sandstorm
|-damage|p2b: Rillaboom|13/100|[from] Sandstorm
|-damage|p1a: Tyranitar|39/100|[from] Sandstorm
|upkeep
|turn|5
|c|☆GetaJobApplication|shoot
|c|☆GetaJobApplication|messed it up
|c|☆ur1ryanpowney|min speed gambit?
|
|t:|1757102226
|move|p1b: Indeedee|Expanding Force|p2b: Rillaboom
|-damage|p2b: Rillaboom|0 fnt
|faint|p2b: Rillaboom
|
|win|ur1ryanpowney
|c|☆GetaJobApplication|4 speed
|l|☆ur1ryanpowney
|player|p1|
