|j|☆KodeBeast0526
|j|☆ladyhershay
|html|KodeBeast0526ladyhershay    
|uhtml|bestof|Game 3 of a best-of-3
|t:|1783394023
|gametype|doubles
|player|p1|KodeBeast0526|sailor|1091
|player|p2|ladyhershay|169|1089
|gen|9
|tier|[Gen 9 Champions] VGC 2026 Reg M-B (Bo3)
|rated|
|rule|Species Clause: Limit one of each Pokémon
|rule|Item Clause: Limit 1 of each item
|clearpoke
|poke|p1|Gengar, L50, M, shiny|
|poke|p1|Swampert, L50, F, shiny|
|poke|p1|Incineroar, L50, F, shiny|
|poke|p1|Politoed, L50, M, shiny|
|poke|p1|Archaludon, L50, M|
|poke|p1|Vivillon-Ocean, L50, F|
|poke|p2|Scizor, L50, F|
|poke|p2|Tyrantrum, L50, M|
|poke|p2|Clawitzer, L50, M|
|poke|p2|Hydrapple, L50, F|
|poke|p2|Eelektross, L50, M|
|poke|p2|Talonflame, L50, M|
|teampreview|4
|showteam|p1|Gengar||Gengarite|CursedBody|ShadowBall,PerishSong,SludgeBomb,Protect|Timid||M|||50|]Swampert||Swampertite|Torrent|WaveCrash,Earthquake,IcePunch,Protect|Adamant||F|||50|]Incineroar||PasshoBerry|Intimidate|ThroatChop,PartingShot,FakeOut,Protect|Sassy||F|||50|]Politoed||SitrusBerry|Drizzle|WeatherBall,PerishSong,Encore,Protect|Calm||M|||50|]Archaludon||Leftovers|Stamina|DragonPulse,FlashCannon,ElectroShot,Protect|Bold||M|||50|]Vivillon-Ocean||FocusSash|CompoundEyes|Hurricane,SleepPowder,RagePowder,Protect|Timid||F|||50|
|showteam|p2|Scizor||Scizorite|Technician|BulletPunch,DualWingbeat,BugBite,Protect|Adamant||F|||50|]Tyrantrum||ChoiceScarf|RockHead|HeadSmash,IronTail,DragonClaw,StompingTantrum|Adamant||M|||50|]Clawitzer||LifeOrb|MegaLauncher|MuddyWater,AuraSphere,DarkPulse,Protect|Modest||M|||50|]Hydrapple||BigRoot|Regenerator|FickleBeam,PollenPuff,EarthPower,GigaDrain|Calm||F|||50|]Eelektross||SitrusBerry|Levitate|SupercellSlam,DrainPunch,Coil,Protect|Adamant||M|||50|]Talonflame|||GaleWings|FlareBlitz,Acrobatics,Tailwind,Protect|Jolly||M|||50|
|inactive|Battle timer is ON: inactive players will automatically lose when time's up. (requested by ladyhershay)
|
|t:|1783394046
|teamsize|p1|4
|teamsize|p2|4
|start
|switch|p1a: Incineroar|Incineroar, L50, F, shiny|100/100
|switch|p1b: Gengar|Gengar, L50, M, shiny|100/100
|switch|p2a: Nail Polish|Talonflame, L50, M|100/100
|switch|p2b: 2Mega 2Claw|Clawitzer, L50, M|100/100
|-ability|p1a: Incineroar|Intimidate|boost
|-unboost|p2a: Nail Polish|atk|1
|-unboost|p2b: 2Mega 2Claw|atk|1
|turn|1
|inactive|ladyhershay has 30 seconds left.
|
|t:|1783394072
|detailschange|p1b: Gengar|Gengar-Mega, L50, M, shiny
|-mega|p1b: Gengar|Gengar|Gengarite
|move|p1a: Incineroar|Fake Out|p2b: 2Mega 2Claw
|-damage|p2b: 2Mega 2Claw|86/100
|move|p2a: Nail Polish|Acrobatics|p1b: Gengar
|-damage|p1b: Gengar|69/100
|move|p1b: Gengar|Perish Song|p1b: Gengar
|-start|p1a: Incineroar|perish3|[silent]
|-start|p1b: Gengar|perish3|[silent]
|-start|p2a: Nail Polish|perish3|[silent]
|-start|p2b: 2Mega 2Claw|perish3|[silent]
|-fieldactivate|move: Perish Song
|cant|p2b: 2Mega 2Claw|flinch
|
|-start|p2a: Nail Polish|perish3
|-start|p1b: Gengar|perish3
|-start|p2b: 2Mega 2Claw|perish3
|-start|p1a: Incineroar|perish3
|upkeep
|turn|2
|
|t:|1783394088
|move|p2a: Nail Polish|Protect|p2a: Nail Polish
|-singleturn|p2a: Nail Polish|Protect
|move|p1b: Gengar|Protect|p1b: Gengar
|-singleturn|p1b: Gengar|Protect
|move|p2b: 2Mega 2Claw|Protect|p2b: 2Mega 2Claw
|-singleturn|p2b: 2Mega 2Claw|Protect
|move|p1a: Incineroar|Protect||[still]
|-fail|p1a: Incineroar
|
|-start|p2a: Nail Polish|perish2
|-start|p1b: Gengar|perish2
|-start|p2b: 2Mega 2Claw|perish2
|-start|p1a: Incineroar|perish2
|upkeep
|turn|3
|
|t:|1783394105
|switch|p1b: Politoed|Politoed, L50, M, shiny|100/100
|-weather|RainDance|[from] ability: Drizzle|[of] p1b: Politoed
|move|p2a: Nail Polish|Flare Blitz|p1b: Politoed
|-resisted|p1b: Politoed|1
|-damage|p1b: Politoed|93/100
|-damage|p2a: Nail Polish|97/100|[from] Recoil
|move|p2b: 2Mega 2Claw|Dark Pulse|p1b: Politoed
|-damage|p1b: Politoed|46/100
|-enditem|p1b: Politoed|Sitrus Berry|[eat]
|-heal|p1b: Politoed|71/100|[from] item: Sitrus Berry
|-damage|p2b: 2Mega 2Claw|77/100|[from] item: Life Orb
|move|p1a: Incineroar|Parting Shot|p2b: 2Mega 2Claw
|-unboost|p2b: 2Mega 2Claw|atk|1
|-unboost|p2b: 2Mega 2Claw|spa|1
|
|t:|1783394121
|switch|p1a: Gengar|Gengar-Mega, L50, M, shiny|69/100|[from] Parting Shot
|
|-weather|RainDance|[upkeep]
|-start|p2a: Nail Polish|perish1
|-start|p2b: 2Mega 2Claw|perish1
|upkeep
|turn|4
|
|t:|1783394142
|move|p1a: Gengar|Protect|p1a: Gengar
|-singleturn|p1a: Gengar|Protect
|move|p1b: Politoed|Protect|p1b: Politoed
|-singleturn|p1b: Politoed|Protect
|move|p2a: Nail Polish|Tailwind|p2a: Nail Polish
|-sidestart|p2: ladyhershay|move: Tailwind
|move|p2b: 2Mega 2Claw|Dark Pulse|p1a: Gengar
|-activate|p1a: Gengar|move: Protect
|
|-weather|RainDance|[upkeep]
|-start|p2a: Nail Polish|perish0
|-start|p2b: 2Mega 2Claw|perish0
|faint|p2a: Nail Polish
|faint|p2b: 2Mega 2Claw
|upkeep
|
|t:|1783394153
|switch|p2a: WashinMachin|Hydrapple, L50, F|100/100
|switch|p2b: Big Stepper|Tyrantrum, L50, M|100/100
|turn|5
|inactive|KodeBeast0526 has 30 seconds left.
|
|t:|1783394184
|switch|p1a: Archaludon|Archaludon, L50, M|100/100
|switch|p1b: Incineroar|Incineroar, L50, F, shiny|100/100
|-ability|p1b: Incineroar|Intimidate|boost
|-unboost|p2a: WashinMachin|atk|1
|-unboost|p2b: Big Stepper|atk|1
|move|p2b: Big Stepper|Stomping Tantrum|p1a: Archaludon
|-supereffective|p1a: Archaludon|1
|-damage|p1a: Archaludon|75/100
|-ability|p1a: Archaludon|Stamina|boost
|-boost|p1a: Archaludon|def|1
|move|p2a: WashinMachin|Earth Power|p1a: Archaludon
|-supereffective|p1a: Archaludon|1
|-damage|p1a: Archaludon|13/100
|-ability|p1a: Archaludon|Stamina|boost
|-boost|p1a: Archaludon|def|1
|
|-weather|RainDance|[upkeep]
|-heal|p1a: Archaludon|19/100|[from] item: Leftovers
|upkeep
|turn|6
|inactive|KodeBeast0526 has 30 seconds left.
|
|t:|1783394218
|move|p1b: Incineroar|Fake Out|p2a: WashinMachin
|-damage|p2a: WashinMachin|91/100
|move|p2b: Big Stepper|Stomping Tantrum|p1b: Incineroar
|-supereffective|p1b: Incineroar|1
|-damage|p1b: Incineroar|67/100
|cant|p2a: WashinMachin|flinch
|move|p1a: Archaludon|Dragon Pulse|p2a: WashinMachin
|-supereffective|p2a: WashinMachin|1
|-damage|p2a: WashinMachin|31/100
|
|-weather|RainDance|[upkeep]
|-heal|p1a: Archaludon|25/100|[from] item: Leftovers
|upkeep
|turn|7
|
|t:|1783394234
|move|p1a: Archaludon|Protect|p1a: Archaludon
|-singleturn|p1a: Archaludon|Protect
|move|p2b: Big Stepper|Stomping Tantrum|p1b: Incineroar
|-supereffective|p1b: Incineroar|1
|-damage|p1b: Incineroar|38/100
|move|p2a: WashinMachin|Fickle Beam|p1a: Archaludon
|-activate|p1a: Archaludon|move: Protect
|move|p1b: Incineroar|Parting Shot|p2b: Big Stepper
|-unboost|p2b: Big Stepper|atk|1
|-unboost|p2b: Big Stepper|spa|1
|
|t:|1783394243
|switch|p1b: Gengar|Gengar-Mega, L50, M, shiny|69/100|[from] Parting Shot
|
|-weather|none
|-heal|p1a: Archaludon|31/100|[from] item: Leftovers
|-sideend|p2: ladyhershay|move: Tailwind
|upkeep
|turn|8
|
|t:|1783394261
|move|p2b: Big Stepper|Stomping Tantrum|p1b: Gengar
|-supereffective|p1b: Gengar|1
|-damage|p1b: Gengar|37/100
|move|p1b: Gengar|Perish Song|p1b: Gengar
|-start|p1a: Archaludon|perish3|[silent]
|-start|p1b: Gengar|perish3|[silent]
|-start|p2a: WashinMachin|perish3|[silent]
|-start|p2b: Big Stepper|perish3|[silent]
|-fieldactivate|move: Perish Song
|move|p1a: Archaludon|Dragon Pulse|p2a: WashinMachin
|-supereffective|p2a: WashinMachin|1
|-damage|p2a: WashinMachin|0 fnt
|faint|p2a: WashinMachin
|
|-heal|p1a: Archaludon|38/100|[from] item: Leftovers
|-start|p2b: Big Stepper|perish3
|-start|p1b: Gengar|perish3
|-start|p1a: Archaludon|perish3
|upkeep
|turn|9
|-message|ladyhershay forfeited.
|raw|KodeBeast0526's rating: 1091 → 1117(+26 for winning)
|raw|ladyhershay's rating: 1089 → 1066(-23 for losing)
|
|win|KodeBeast0526
