|j|☆nagc_17
|j|☆Noyomi
|html|nagc_17Noyomi    
|uhtml|bestof|Game 2 of a best-of-3
|t:|1785448064
|gametype|doubles
|player|p1|nagc_17|scientist|
|player|p2|Noyomi|pokemonrangerf|
|gen|9
|tier|[Gen 9 Champions] VGC 2026 Reg M-B (Bo3)
|rule|Species Clause: Limit one of each Pokémon
|rule|Item Clause: Limit 1 of each item
|clearpoke
|poke|p1|Delphox, L50, M|
|poke|p1|Whimsicott, L50, M|
|poke|p1|Alcremie, L50, F|
|poke|p1|Ceruledge, L50, M|
|poke|p1|Pangoro, L50, M|
|poke|p1|Mimikyu, L50, M|
|poke|p2|Charizard, L50, F|
|poke|p2|Garchomp, L50, F|
|poke|p2|Sneasler, L50, M|
|poke|p2|Venusaur, L50, M|
|poke|p2|Milotic, L50, M|
|poke|p2|Ampharos, L50, F|
|teampreview|4
|showteam|p1|Delphox||Delphoxite|Blaze|HeatWave,Psychic,Encore,Protect|Adamant||M|||50|]Whimsicott||FocusSash|Prankster|Moonblast,Tailwind,SunnyDay,Protect|Adamant||M|||50|]Alcremie||SitrusBerry|SweetVeil|Decorate,DazzlingGleam,HelpingHand,Protect|Adamant||F|||50|]Ceruledge||ColburBerry|FlashFire|BitterBlade,ShadowSneak,BulkUp,Protect|Adamant||M|||50|]Pangoro||CobaBerry|Scrappy|StormThrow,KnockOff,RockSlide,Detect|Adamant||M|||50|]Mimikyu||LifeOrb|Disguise|TrickRoom,PlayRough,WoodHammer,Taunt|Adamant||M|||50|
|showteam|p2|Charizard||CharizarditeY|Blaze|HeatWave,SolarBeam,Protect,ScorchingSands|Timid||F|||50|]Garchomp||SitrusBerry|RoughSkin|Earthquake,DragonClaw,Protect,RockSlide|Adamant||F|||50|]Sneasler||WhiteHerb|Unburden|CloseCombat,DireClaw,FakeOut,Protect|Adamant||M|||50|]Venusaur||FocusSash|Chlorophyll|SleepPowder,SludgeBomb,Protect,GigaDrain|Timid||M|||50|]Milotic||Leftovers|Competitive|Scald,IcyWind,Protect,LifeDew|Bold||M|||50|]Ampharos||Ampharosite|Static|DragonPulse,ParabolicCharge,Protect,LightScreen|Modest||F|||50|
|
|t:|1785448164
|teamsize|p1|4
|teamsize|p2|4
|start
|switch|p1a: Delphox|Delphox, L50, M|100/100
|switch|p1b: Whimsicott|Whimsicott, L50, M|100/100
|switch|p2a: Uy temblaste|Garchomp, L50, F|100/100
|switch|p2b: Cálcifer|Charizard, L50, F|100/100
|turn|1
|
|t:|1785448217
|detailschange|p1a: Delphox|Delphox-Mega, L50, M
|-mega|p1a: Delphox|Delphox|Delphoxite
|move|p1b: Whimsicott|Moonblast|p2a: Uy temblaste
|-supereffective|p2a: Uy temblaste|1
|-damage|p2a: Uy temblaste|43/100
|-enditem|p2a: Uy temblaste|Sitrus Berry|[eat]
|-heal|p2a: Uy temblaste|68/100|[from] item: Sitrus Berry
|move|p2b: Cálcifer|Heat Wave|p1a: Delphox|[spread] p1a,p1b
|-resisted|p1a: Delphox|1
|-supereffective|p1b: Whimsicott|1
|-damage|p1a: Delphox|86/100
|-enditem|p1b: Whimsicott|Focus Sash
|-damage|p1b: Whimsicott|1/100
|move|p1a: Delphox|Psychic|p2a: Uy temblaste
|-damage|p2a: Uy temblaste|21/100
|move|p2a: Uy temblaste|Rock Slide|p1b: Whimsicott|[spread] p1a,p1b
|-supereffective|p1a: Delphox|1
|-damage|p1a: Delphox|34/100
|-damage|p1b: Whimsicott|0 fnt
|faint|p1b: Whimsicott
|
|upkeep
|
|t:|1785448242
|switch|p1b: Ceruledge|Ceruledge, L50, M|100/100
|turn|2
|
|t:|1785448279
|move|p2a: Uy temblaste|Protect|p2a: Uy temblaste
|-singleturn|p2a: Uy temblaste|Protect
|move|p2b: Cálcifer|Scorching Sands|p1b: Ceruledge
|-supereffective|p1b: Ceruledge|1
|-damage|p1b: Ceruledge|45/100
|move|p1a: Delphox|Psychic|p2b: Cálcifer
|-damage|p2b: Cálcifer|35/100
|move|p1b: Ceruledge|Bulk Up|p1b: Ceruledge
|-boost|p1b: Ceruledge|atk|1
|-boost|p1b: Ceruledge|def|1
|
|upkeep
|turn|3
|
|t:|1785448314
|move|p2b: Cálcifer|Protect|p2b: Cálcifer
|-singleturn|p2b: Cálcifer|Protect
|move|p1a: Delphox|Heat Wave|p2b: Cálcifer|[spread] p2a
|-activate|p2b: Cálcifer|move: Protect
|-resisted|p2a: Uy temblaste|1
|-damage|p2a: Uy temblaste|2/100
|move|p1b: Ceruledge|Bitter Blade|p2b: Cálcifer
|-activate|p2b: Cálcifer|move: Protect
|move|p2a: Uy temblaste|Rock Slide|p1a: Delphox|[spread] p1a,p1b
|-supereffective|p1a: Delphox|1
|-supereffective|p1b: Ceruledge|1
|-damage|p1a: Delphox|0 fnt
|-damage|p1b: Ceruledge|4/100
|faint|p1a: Delphox
|
|upkeep
|
|t:|1785448327
|switch|p1a: Mimikyu|Mimikyu, L50, M|100/100
|turn|4
|
|t:|1785448378
|detailschange|p2b: Cálcifer|Charizard-Mega-Y, L50, F
|-mega|p2b: Cálcifer|Charizard|Charizardite Y
|-weather|SunnyDay|[from] ability: Drought|[of] p2b: Cálcifer
|move|p1b: Ceruledge|Shadow Sneak|p2b: Cálcifer
|-damage|p2b: Cálcifer|0 fnt
|faint|p2b: Cálcifer
|move|p2a: Uy temblaste|Earthquake|p1b: Ceruledge|[spread] p1a,p1b
|-supereffective|p1b: Ceruledge|1
|-activate|p1a: Mimikyu|ability: Disguise
|-damage|p1a: Mimikyu|100/100
|-damage|p1b: Ceruledge|0 fnt
|detailschange|p1a: Mimikyu|Mimikyu-Busted, L50, M
|-damage|p1a: Mimikyu|87/100|[from] pokemon: Mimikyu-Busted
|faint|p1b: Ceruledge
|move|p1a: Mimikyu|Play Rough|p2a: Uy temblaste
|-supereffective|p2a: Uy temblaste|1
|-damage|p2a: Uy temblaste|0 fnt
|-damage|p1a: Mimikyu|75/100|[from] ability: Rough Skin|[of] p2a: Uy temblaste
|faint|p2a: Uy temblaste
|-damage|p1a: Mimikyu|65/100|[from] item: Life Orb
|
|-weather|SunnyDay|[upkeep]
|upkeep
|
|t:|1785448398
|switch|p2b: Ku-chau|Sneasler, L50, M|100/100
|switch|p2a: Sssssss|Milotic, L50, M|100/100
|turn|5
|
|t:|1785448433
|move|p2a: Sssssss|Protect|p2a: Sssssss
|-singleturn|p2a: Sssssss|Protect
|move|p2b: Ku-chau|Dire Claw|p1a: Mimikyu
|-damage|p1a: Mimikyu|9/100
|move|p1a: Mimikyu|Wood Hammer|p2a: Sssssss
|-activate|p2a: Sssssss|move: Protect
|
|-weather|SunnyDay|[upkeep]
|upkeep
|turn|6
|
|t:|1785448461
|move|p2b: Ku-chau|Dire Claw|p1a: Mimikyu
|-damage|p1a: Mimikyu|0 fnt
|faint|p1a: Mimikyu
|
|win|Noyomi
