|j|☆washingtongargacha
|j|☆legionvgc
|html|washingtongargachalegionvgc    
|uhtml|bestof|Game 1 of a best-of-3
|t:|1757726753
|gametype|doubles
|player|p1|washingtongargacha|101|1178
|player|p2|legionvgc|101|1243
|gen|9
|tier|[Gen 9] VGC 2025 Reg H (Bo3)
|rated|
|rule|Species Clause: Limit one of each Pokémon
|rule|Item Clause: Limit 1 of each item
|clearpoke
|poke|p1|Talonflame, L50, M|
|poke|p1|Gholdengo, L50|
|poke|p1|Dragonite, L50, F|
|poke|p1|Archaludon, L50, F|
|poke|p1|Tyranitar, L50, M|
|poke|p1|Garchomp, L50, M|
|poke|p2|Jumpluff, L50, M|
|poke|p2|Charizard, L50, M|
|poke|p2|Incineroar, L50, M|
|poke|p2|Ursaluna, L50, M|
|poke|p2|Porygon2, L50|
|poke|p2|Torkoal, L50, M|
|teampreview|4
|showteam|p1|Talonflame||CovertCloak|GaleWings|Tailwind,DualWingbeat,Taunt,FlareBlitz|||M|||50|,,,,,Stellar]Gholdengo||LifeOrb|GoodasGold|MakeItRain,NastyPlot,ShadowBall,Protect||||||50|,,,,,Steel]Dragonite||LoadedDice|Multiscale|ScaleShot,IceSpinner,Haze,Protect|||F|||50|,,,,,Steel]Archaludon||PowerHerb|Sturdy|FlashCannon,ElectroShot,DracoMeteor,Protect|||F|||50|,,,,,Flying]Tyranitar||AssaultVest|SandStream|KnockOff,RockSlide,TeraBlast,LowKick|||M|||50|,,,,,Flying]Garchomp||ClearAmulet|RoughSkin|DragonClaw,StompingTantrum,Earthquake,Protect|||M|||50|,,,,,Steel
|showteam|p2|Jumpluff||CovertCloak|Chlorophyll|RagePowder,SleepPowder,SunnyDay,Tailwind|||M|||50|,,,,,Water]Charizard||ChoiceSpecs|SolarPower|HeatWave,Overheat,WeatherBall,AirSlash|||M|||50|,,,,,Ghost]Incineroar||SitrusBerry|Intimidate|FlareBlitz,KnockOff,FakeOut,PartingShot|||M|||50|,,,,,Ghost]Ursaluna||FlameOrb|Guts|HeadlongRush,Facade,Earthquake,Protect|||M|||50|,,,,,Ghost]Porygon2||Eviolite|Download|TeraBlast,IceBeam,Recover,TrickRoom||||||50|,,,,,Fighting]Torkoal||EjectPack|Drought|Eruption,Overheat,HelpingHand,Protect|||M|||50|,,,,,Fire
|inactive|Battle timer is ON: inactive players will automatically lose when time's up. (requested by washingtongargacha)
|inactive|legionvgc has 60 seconds left.
|
|t:|1757726823
|teamsize|p1|4
|teamsize|p2|4
|start
|switch|p1a: Talonflame|Talonflame, L50, M|100/100
|switch|p1b: Tyranitar|Tyranitar, L50, M|100/100
|switch|p2a: Raven|Charizard, L50, M, shiny|100/100
|switch|p2b: Starbreaker|Porygon2, L50|100/100
|-weather|Sandstorm|[from] ability: Sand Stream|[of] p1b: Tyranitar
|-ability|p2b: Starbreaker|Download|boost
|-boost|p2b: Starbreaker|spa|1
|turn|1
|inactive|legionvgc has 30 seconds left.
|
|t:|1757726851
|switch|p2a: Scat Pack|Incineroar, L50, M|100/100
|-ability|p2a: Scat Pack|Intimidate|boost
|-unboost|p1a: Talonflame|atk|1
|-unboost|p1b: Tyranitar|atk|1
|-terastallize|p1b: Tyranitar|Flying
|move|p1a: Talonflame|Taunt|p2b: Starbreaker
|-start|p2b: Starbreaker|move: Taunt
|move|p1b: Tyranitar|Rock Slide|p2b: Starbreaker|[spread] p2a,p2b
|-supereffective|p2a: Scat Pack
|-damage|p2a: Scat Pack|65/100
|-damage|p2b: Starbreaker|86/100
|move|p2b: Starbreaker|Ice Beam|p1a: Talonflame
|-damage|p1a: Talonflame|30/100
|
|-weather|Sandstorm|[upkeep]
|-damage|p1a: Talonflame|24/100|[from] Sandstorm
|-damage|p2a: Scat Pack|59/100|[from] Sandstorm
|-damage|p1b: Tyranitar|95/100|[from] Sandstorm
|-damage|p2b: Starbreaker|80/100|[from] Sandstorm
|upkeep
|turn|2
|inactive|washingtongargacha has 30 seconds left.
|inactive|legionvgc has 30 seconds left.
|inactive|legionvgc has 20 seconds left.
|
|t:|1757726887
|move|p1a: Talonflame|Tailwind|p1a: Talonflame
|-sidestart|p1: washingtongargacha|move: Tailwind
|move|p1b: Tyranitar|Knock Off|p2b: Starbreaker
|-damage|p2b: Starbreaker|56/100
|-enditem|p2b: Starbreaker|Eviolite|[from] move: Knock Off|[of] p1b: Tyranitar
|move|p2a: Scat Pack|Knock Off|p1b: Tyranitar
|-damage|p1b: Tyranitar|58/100
|-enditem|p1b: Tyranitar|Assault Vest|[from] move: Knock Off|[of] p2a: Scat Pack
|move|p2b: Starbreaker|Ice Beam|p1b: Tyranitar
|-supereffective|p1b: Tyranitar
|-damage|p1b: Tyranitar|0 fnt
|faint|p1b: Tyranitar
|
|-weather|Sandstorm|[upkeep]
|-damage|p1a: Talonflame|18/100|[from] Sandstorm
|-damage|p2a: Scat Pack|53/100|[from] Sandstorm
|-damage|p2b: Starbreaker|50/100|[from] Sandstorm
|upkeep
|
|t:|1757726901
|switch|p1b: Garchomp|Garchomp, L50, M|100/100
|turn|3
|inactive|legionvgc has 30 seconds left.
|
|t:|1757726928
|-terastallize|p2a: Scat Pack|Ghost
|move|p1a: Talonflame|Dual Wingbeat|p2b: Starbreaker
|-damage|p2b: Starbreaker|40/100
|-damage|p2b: Starbreaker|30/100
|-hitcount|p2b: Starbreaker|2
|move|p1b: Garchomp|Earthquake|p2a: Scat Pack|[spread] p2a,p2b
|-immune|p1a: Talonflame
|-damage|p2a: Scat Pack|17/100
|-damage|p2b: Starbreaker|0 fnt
|-enditem|p2a: Scat Pack|Sitrus Berry|[eat]
|-heal|p2a: Scat Pack|42/100|[from] item: Sitrus Berry
|faint|p2b: Starbreaker
|move|p2a: Scat Pack|Parting Shot|p1a: Talonflame
|-unboost|p1a: Talonflame|atk|1
|-unboost|p1a: Talonflame|spa|1
|
|t:|1757726942
|switch|p2a: Baloo|Ursaluna, L50, M, shiny|100/100|[from] Parting Shot
|
|-weather|Sandstorm|[upkeep]
|-damage|p1a: Talonflame|13/100|[from] Sandstorm
|-status|p2a: Baloo|brn|[from] item: Flame Orb
|upkeep
|
|t:|1757726956
|switch|p2b: Scat Pack|Incineroar, L50, M, tera:Ghost|42/100
|-ability|p2b: Scat Pack|Intimidate|boost
|-unboost|p1a: Talonflame|atk|1
|-fail|p1b: Garchomp|unboost|[from] item: Clear Amulet|[of] p1b: Garchomp
|turn|4
|
|t:|1757726974
|move|p1b: Garchomp|Protect|p1b: Garchomp
|-singleturn|p1b: Garchomp|Protect
|move|p2b: Scat Pack|Fake Out|p1b: Garchomp
|-activate|p1b: Garchomp|move: Protect
|move|p1a: Talonflame|Flare Blitz|p2b: Scat Pack
|-damage|p2b: Scat Pack|26/100
|-damage|p1a: Talonflame|6/100|[from] Recoil
|move|p2a: Baloo|Facade|p1a: Talonflame
|-damage|p1a: Talonflame|0 fnt
|faint|p1a: Talonflame
|
|-weather|Sandstorm|[upkeep]
|-damage|p2b: Scat Pack|20/100|[from] Sandstorm
|-damage|p2a: Baloo|95/100 brn|[from] brn
|upkeep
|
|t:|1757726988
|switch|p1a: Archaludon|Archaludon, L50, F|100/100
|turn|5
|
|t:|1757727023
|move|p1b: Garchomp|Dragon Claw|p2a: Baloo
|-damage|p2a: Baloo|61/100 brn
|move|p1a: Archaludon|Draco Meteor|p2a: Baloo|[miss]
|-miss|p1a: Archaludon|p2a: Baloo
|move|p2b: Scat Pack|Knock Off|p1b: Garchomp
|-damage|p1b: Garchomp|59/100
|-damage|p2b: Scat Pack|7/100|[from] ability: Rough Skin|[of] p1b: Garchomp
|-enditem|p1b: Garchomp|Clear Amulet|[from] move: Knock Off|[of] p2b: Scat Pack
|move|p2a: Baloo|Earthquake|p1b: Garchomp|[spread] p2b,p1a,p1b
|-supereffective|p1a: Archaludon
|-damage|p2b: Scat Pack|0 fnt
|-ability|p1a: Archaludon|Sturdy
|-damage|p1a: Archaludon|1/100
|-damage|p1b: Garchomp|0 fnt
|faint|p2b: Scat Pack
|faint|p1b: Garchomp
|
|-weather|none
|-damage|p2a: Baloo|55/100 brn|[from] brn
|-sideend|p1: washingtongargacha|move: Tailwind
|upkeep
|
|t:|1757727041
|switch|p2b: Raven|Charizard, L50, M, shiny|100/100
|turn|6
|inactive|washingtongargacha has 30 seconds left.
|-message|washingtongargacha forfeited.
|
|win|legionvgc
