|j|☆Jun RH
|j|☆PablixXHD
|html|Jun RHPablixXHD    
|uhtml|bestof|Game 3 of a best-of-3
|t:|1757002736
|gametype|doubles
|player|p1|Jun RH|burglar|
|player|p2|PablixXHD|101|
|gen|9
|tier|[Gen 9] VGC 2025 Reg H (Bo3)
|rule|Species Clause: Limit one of each Pokémon
|rule|Item Clause: Limit 1 of each item
|clearpoke
|poke|p1|Gholdengo, L50|
|poke|p1|Incineroar, L50, F|
|poke|p1|Amoonguss, L50, M|
|poke|p1|Dragonite, L50, F|
|poke|p1|Garchomp, L50, F|
|poke|p1|Primarina, L50, F|
|poke|p2|Volcarona, L50, M|
|poke|p2|Kingambit, L50, M|
|poke|p2|Dragonite, L50, F|
|poke|p2|Sneasler, L50, F|
|poke|p2|Rillaboom, L50, F|
|poke|p2|Electabuzz, L50, F|
|teampreview|4
|showteam|p1|Gholdengo||LifeOrb|GoodasGold|MakeItRain,ShadowBall,NastyPlot,Protect||||||50|,,,,,Water]Incineroar||SafetyGoggles|Intimidate|KnockOff,FlareBlitz,FakeOut,PartingShot|||F|||50|,,,,,Ghost]Amoonguss||CovertCloak|Regenerator|RagePowder,PollenPuff,Protect,Spore|||M|||50|,,,,,Dark]Dragonite||LoadedDice|Multiscale|ScaleShot,Tailwind,Protect,Haze|||F|||50|,,,,,Fairy]Garchomp||ClearAmulet|RoughSkin|DragonClaw,Earthquake,StompingTantrum,Protect|||F|||50|,,,,,Fire]Primarina||AssaultVest|LiquidVoice|HyperVoice,Moonblast,IcyWind,DazzlingGleam|||F|||50|,,,,,Grass
|showteam|p2|Volcarona||Leftovers|FlameBody|HeatWave,TeraBlast,QuiverDance,Protect|||M|||50|,,,,,Fairy]Kingambit||BlackGlasses|Defiant|KowtowCleave,SuckerPunch,IronHead,Assurance|||M|||50|,,,,,Dark]Dragonite||LoadedDice|Multiscale|ScaleShot,ExtremeSpeed,Haze,Protect|||F|||50|,,,,,Normal]Sneasler||FocusSash|PoisonTouch|CloseCombat,DireClaw,FakeOut,Coaching|||F|||50|,,,,,Stellar]Rillaboom||AssaultVest|GrassySurge|WoodHammer,GrassyGlide,HighHorsepower,FakeOut|||F|||50|,,,,,Fire]Electabuzz||Eviolite|VitalSpirit|Thunderbolt,Taunt,FollowMe,Protect|||F|||50|,,,,,Ghost
|
|t:|1757002814
|teamsize|p1|4
|teamsize|p2|4
|start
|switch|p1a: Dragonite|Dragonite, L50, F|100/100
|switch|p1b: Primarina|Primarina, L50, F|100/100
|switch|p2a: Electabuzz|Electabuzz, L50, F|100/100
|switch|p2b: Sneasler|Sneasler, L50, F|100/100
|turn|1
|
|t:|1757002843
|switch|p1b: Garchomp|Garchomp, L50, F|100/100
|move|p2b: Sneasler|Fake Out|p1a: Dragonite
|-damage|p1a: Dragonite|92/100
|-status|p1a: Dragonite|psn|[from] ability: Poison Touch|[of] p2b: Sneasler
|cant|p1a: Dragonite|flinch
|move|p2a: Electabuzz|Thunderbolt|p1b: Garchomp
|-immune|p1b: Garchomp
|
|-damage|p1a: Dragonite|80/100 psn|[from] psn
|upkeep
|turn|2
|
|t:|1757002880
|switch|p2a: Rillaboom|Rillaboom, L50, F|100/100
|-fieldstart|move: Grassy Terrain|[from] ability: Grassy Surge|[of] p2a: Rillaboom
|move|p1b: Garchomp|Protect|p1b: Garchomp
|-singleturn|p1b: Garchomp|Protect
|move|p2b: Sneasler|Coaching|p2a: Rillaboom
|-boost|p2a: Rillaboom|atk|1
|-boost|p2a: Rillaboom|def|1
|move|p1a: Dragonite|Tailwind|p1a: Dragonite
|-sidestart|p1: Jun RH|move: Tailwind
|
|-damage|p1a: Dragonite|68/100 psn|[from] psn
|upkeep
|turn|3
|
|t:|1757002914
|switch|p1b: Amoonguss|Amoonguss, L50, M|100/100
|switch|p2b: Kingambit|Kingambit, L50, M|100/100
|move|p1a: Dragonite|Haze|p1a: Dragonite
|-clearallboost
|move|p2a: Rillaboom|Wood Hammer|p1b: Amoonguss
|-resisted|p1b: Amoonguss
|-damage|p1b: Amoonguss|84/100
|-damage|p2a: Rillaboom|94/100|[from] Recoil
|
|-heal|p2a: Rillaboom|100/100|[from] Grassy Terrain
|-heal|p1b: Amoonguss|90/100|[from] Grassy Terrain
|-damage|p1a: Dragonite|55/100 psn|[from] psn
|upkeep
|turn|4
|
|t:|1757002936
|switch|p2b: Electabuzz|Electabuzz, L50, F|100/100
|move|p1a: Dragonite|Scale Shot|p2a: Rillaboom
|-damage|p2a: Rillaboom|86/100
|-damage|p2a: Rillaboom|72/100
|-damage|p2a: Rillaboom|60/100
|-damage|p2a: Rillaboom|46/100
|-damage|p2a: Rillaboom|33/100
|-hitcount|p2a: Rillaboom|5
|-unboost|p1a: Dragonite|def|1
|-boost|p1a: Dragonite|spe|1
|move|p2a: Rillaboom|High Horsepower|p1b: Amoonguss
|-damage|p1b: Amoonguss|64/100
|move|p1b: Amoonguss|Spore|p2b: Electabuzz
|-immune|p2b: Electabuzz|[from] ability: Vital Spirit
|
|-heal|p2a: Rillaboom|39/100|[from] Grassy Terrain
|-heal|p1b: Amoonguss|70/100|[from] Grassy Terrain
|-damage|p1a: Dragonite|43/100 psn|[from] psn
|upkeep
|turn|5
|
|t:|1757002980
|switch|p2a: Kingambit|Kingambit, L50, M|100/100
|move|p1a: Dragonite|Scale Shot|p2a: Kingambit|[miss]
|-miss|p1a: Dragonite|p2a: Kingambit
|move|p2b: Electabuzz|Taunt|p1b: Amoonguss
|-start|p1b: Amoonguss|move: Taunt
|move|p1b: Amoonguss|Pollen Puff|p2a: Kingambit
|-damage|p2a: Kingambit|82/100
|
|-heal|p1b: Amoonguss|76/100|[from] Grassy Terrain
|-heal|p2a: Kingambit|88/100|[from] Grassy Terrain
|-damage|p1a: Dragonite|31/100 psn|[from] psn
|-sideend|p1: Jun RH|move: Tailwind
|upkeep
|turn|6
|
|t:|1757003023
|switch|p1b: Garchomp|Garchomp, L50, F|100/100
|-terastallize|p2a: Kingambit|Dark
|move|p2b: Electabuzz|Follow Me|p2b: Electabuzz
|-singleturn|p2b: Electabuzz|move: Follow Me
|move|p1a: Dragonite|Tailwind|p1a: Dragonite
|-sidestart|p1: Jun RH|move: Tailwind
|move|p2a: Kingambit|Kowtow Cleave|p1a: Dragonite
|-damage|p1a: Dragonite|0 fnt
|faint|p1a: Dragonite
|
|-heal|p2a: Kingambit|94/100|[from] Grassy Terrain
|-fieldend|move: Grassy Terrain
|upkeep
|
|t:|1757003056
|switch|p1a: Amoonguss|Amoonguss, L50, M|100/100
|turn|7
|
|t:|1757003071
|switch|p2a: Rillaboom|Rillaboom, L50, F|39/100
|-fieldstart|move: Grassy Terrain|[from] ability: Grassy Surge|[of] p2a: Rillaboom
|move|p2b: Electabuzz|Protect|p2b: Electabuzz
|-singleturn|p2b: Electabuzz|Protect
|move|p1b: Garchomp|Dragon Claw|p2a: Rillaboom
|-damage|p2a: Rillaboom|1/100
|move|p1a: Amoonguss|Pollen Puff|p2a: Rillaboom
|-supereffective|p2a: Rillaboom
|-damage|p2a: Rillaboom|0 fnt
|faint|p2a: Rillaboom
|
|upkeep
|
|t:|1757003085
|switch|p2a: Kingambit|Kingambit, L50, M, tera:Dark|94/100
|turn|8
|
|t:|1757003120
|move|p1a: Amoonguss|Protect|p1a: Amoonguss
|-singleturn|p1a: Amoonguss|Protect
|move|p1b: Garchomp|Stomping Tantrum|p2b: Electabuzz
|-supereffective|p2b: Electabuzz
|-damage|p2b: Electabuzz|36/100
|move|p2b: Electabuzz|Taunt|p1a: Amoonguss
|-activate|p1a: Amoonguss|move: Protect
|move|p2a: Kingambit|Kowtow Cleave|p1b: Garchomp
|-damage|p1b: Garchomp|23/100
|-damage|p2a: Kingambit|82/100|[from] ability: Rough Skin|[of] p1b: Garchomp
|
|-heal|p1b: Garchomp|29/100|[from] Grassy Terrain
|-heal|p2b: Electabuzz|42/100|[from] Grassy Terrain
|-heal|p2a: Kingambit|87/100|[from] Grassy Terrain
|upkeep
|turn|9
|
|t:|1757003174
|move|p2b: Electabuzz|Follow Me|p2b: Electabuzz
|-singleturn|p2b: Electabuzz|move: Follow Me
|move|p1a: Amoonguss|Rage Powder|p1a: Amoonguss
|-singleturn|p1a: Amoonguss|move: Rage Powder
|move|p1b: Garchomp|Stomping Tantrum|p2b: Electabuzz
|-supereffective|p2b: Electabuzz
|-damage|p2b: Electabuzz|0 fnt
|faint|p2b: Electabuzz
|move|p2a: Kingambit|Kowtow Cleave|p1a: Amoonguss
|-damage|p1a: Amoonguss|37/100
|
|-heal|p1b: Garchomp|35/100|[from] Grassy Terrain
|-heal|p1a: Amoonguss|43/100|[from] Grassy Terrain
|-heal|p2a: Kingambit|93/100|[from] Grassy Terrain
|-sideend|p1: Jun RH|move: Tailwind
|upkeep
|
|t:|1757003180
|switch|p2b: Sneasler|Sneasler, L50, F|100/100
|turn|10
|
|t:|1757003224
|move|p1a: Amoonguss|Rage Powder|p1a: Amoonguss
|-singleturn|p1a: Amoonguss|move: Rage Powder
|move|p2b: Sneasler|Coaching|p2a: Kingambit
|-boost|p2a: Kingambit|atk|1
|-boost|p2a: Kingambit|def|1
|move|p1b: Garchomp|Dragon Claw|p2a: Kingambit
|-damage|p2a: Kingambit|72/100
|move|p2a: Kingambit|Kowtow Cleave|p1a: Amoonguss
|-damage|p1a: Amoonguss|0 fnt
|faint|p1a: Amoonguss
|
|-heal|p1b: Garchomp|41/100|[from] Grassy Terrain
|-heal|p2a: Kingambit|77/100|[from] Grassy Terrain
|upkeep
|
|t:|1757003239
|switch|p1a: Primarina|Primarina, L50, F|100/100
|turn|11
|
|t:|1757003263
|move|p2b: Sneasler|Dire Claw|p1a: Primarina
|-supereffective|p1a: Primarina
|-damage|p1a: Primarina|0 fnt
|faint|p1a: Primarina
|move|p1b: Garchomp|Stomping Tantrum|p2b: Sneasler
|-supereffective|p2b: Sneasler
|-enditem|p2b: Sneasler|Focus Sash
|-damage|p2b: Sneasler|1/100
|move|p2a: Kingambit|Iron Head|p1b: Garchomp
|-damage|p1b: Garchomp|0 fnt
|-damage|p2a: Kingambit|65/100|[from] ability: Rough Skin|[of] p1b: Garchomp
|faint|p1b: Garchomp
|
|win|PablixXHD
|c|☆PablixXHD|ggs
|l|☆Jun RH
|player|p1|
