|j|☆Moitamo
|j|☆axcoquette
|html|Moitamoaxcoquette    
|uhtml|bestof|Game 2 of a best-of-3
|t:|1783975559
|gametype|doubles
|player|p1|Moitamo|266|1178
|player|p2|axcoquette|maid|1254
|gen|9
|tier|[Gen 9 Champions] VGC 2026 Reg M-B (Bo3)
|rated|
|rule|Species Clause: Limit one of each Pokémon
|rule|Item Clause: Limit 1 of each item
|clearpoke
|poke|p1|Sinistcha-Masterpiece, L50, shiny|
|poke|p1|Sylveon, L50, M|
|poke|p1|Incineroar, L50, F|
|poke|p1|Metagross, L50|
|poke|p1|Raichu, L50, F, shiny|
|poke|p1|Sneasler, L50, M|
|poke|p2|Ceruledge, L50, F|
|poke|p2|Glimmora, L50, M|
|poke|p2|Weavile, L50, M|
|poke|p2|Raichu, L50, F|
|poke|p2|Whimsicott, L50, M|
|poke|p2|Milotic, L50, M|
|teampreview|4
|showteam|p1|Sinistcha-Masterpiece||OccaBerry|Hospitality|StrengthSap,TrickRoom,RagePowder,MatchaGotcha|Calm|||||50|]Sylveon||FairyFeather|Pixilate|HyperVoice,Yawn,QuickAttack,Detect|Sassy||M|||50|]Incineroar||SitrusBerry|Intimidate|DarkestLariat,FlareBlitz,PartingShot,FakeOut|Adamant||F|||50|]Metagross||Metagrossite|ClearBody|BulletPunch,IronHead,Protect,PsychicFangs|Jolly|||||50|]Raichu||RaichuniteY|LightningRod|ZapCannon,FocusBlast,VoltSwitch,Protect|Timid||F|||50|]Sneasler||WhiteHerb|Unburden|CloseCombat,FakeOut,Uturn,Coaching|Jolly||M|||50|
|showteam|p2|Ceruledge||ColburBerry|FlashFire|BitterBlade,ShadowSneak,BulkUp,Protect|Impish||F|||50|]Glimmora||Glimmoranite|ToxicDebris|SpikyShield,PowerGem,EarthPower,SludgeBomb|Timid||M|||50|]Weavile||FocusSash|Pressure|IcePunch,FakeOut,Protect,KnockOff|Jolly||M|||50|]Raichu||RaichuniteY|LightningRod|FakeOut,FocusBlast,ZapCannon,Protect|Timid||F|||50|]Whimsicott||FairyFeather|Prankster|Tailwind,Moonblast,Protect,Encore|Modest||M|||50|]Milotic||Leftovers|Competitive|Coil,Hypnosis,MuddyWater,Recover|Calm||M|||50|
|inactive|Battle timer is ON: inactive players will automatically lose when time's up. (requested by Moitamo)
|inactive|axcoquette also wants the timer to be on.
|
|t:|1783975589
|teamsize|p1|4
|teamsize|p2|4
|start
|switch|p1a: Metagross|Metagross, L50|100/100
|switch|p1b: Sneasler|Sneasler, L50, M|100/100
|switch|p2a: Milotic|Milotic, L50, M|100/100
|switch|p2b: Ceruledge|Ceruledge, L50, F|100/100
|turn|1
|
|t:|1783975598
|detailschange|p1a: Metagross|Metagross-Mega, L50
|-mega|p1a: Metagross|Metagross|Metagrossite
|move|p1b: Sneasler|Coaching|p1a: Metagross
|-boost|p1a: Metagross|atk|1
|-boost|p1a: Metagross|def|1
|move|p1a: Metagross|Psychic Fangs|p2a: Milotic
|-damage|p2a: Milotic|19/100
|move|p2b: Ceruledge|Bulk Up|p2b: Ceruledge
|-boost|p2b: Ceruledge|atk|1
|-boost|p2b: Ceruledge|def|1
|move|p2a: Milotic|Coil|p2a: Milotic
|-boost|p2a: Milotic|atk|1
|-boost|p2a: Milotic|def|1
|-boost|p2a: Milotic|accuracy|1
|
|-heal|p2a: Milotic|25/100|[from] item: Leftovers
|upkeep
|turn|2
|
|t:|1783975619
|move|p1b: Sneasler|Coaching|p1a: Metagross
|-boost|p1a: Metagross|atk|1
|-boost|p1a: Metagross|def|1
|move|p1a: Metagross|Psychic Fangs|p2a: Milotic
|-damage|p2a: Milotic|0 fnt
|faint|p2a: Milotic
|move|p2b: Ceruledge|Bitter Blade|p1a: Metagross
|-supereffective|p1a: Metagross|1
|-damage|p1a: Metagross|53/100
|
|upkeep
|
|t:|1783975629
|switch|p2a: Weavile|Weavile, L50, M|100/100
|-ability|p2a: Weavile|Pressure
|turn|3
|
|t:|1783975635
|move|p1a: Metagross|Protect|p1a: Metagross
|-singleturn|p1a: Metagross|Protect
|move|p2a: Weavile|Fake Out|p1a: Metagross
|-activate|p1a: Metagross|move: Protect
|move|p1b: Sneasler|U-turn|p2a: Weavile
|-supereffective|p2a: Weavile|1
|-damage|p2a: Weavile|36/100
|
|t:|1783975640
|switch|p1b: Sinistcha|Sinistcha-Masterpiece, L50, shiny|100/100|[from] U-turn
|-heal|p1a: Metagross|78/100|[from] ability: Hospitality|[of] p1b: Sinistcha
|move|p2b: Ceruledge|Bulk Up|p2b: Ceruledge
|-boost|p2b: Ceruledge|atk|1
|-boost|p2b: Ceruledge|def|1
|
|upkeep
|turn|4
|
|t:|1783975661
|switch|p1b: Sneasler|Sneasler, L50, M|100/100
|move|p1a: Metagross|Bullet Punch|p2a: Weavile
|-supereffective|p2a: Weavile|1
|-damage|p2a: Weavile|0 fnt
|faint|p2a: Weavile
|move|p2b: Ceruledge|Bitter Blade|p1b: Sneasler
|-damage|p1b: Sneasler|4/100
|
|upkeep
|
|t:|1783975669
|switch|p2a: Glimmora|Glimmora, L50, M|100/100
|turn|5
|
|t:|1783975677
|detailschange|p2a: Glimmora|Glimmora-Mega, L50, M
|-mega|p2a: Glimmora|Glimmora|Glimmoranite
|move|p2a: Glimmora|Spiky Shield|p2a: Glimmora
|-singleturn|p2a: Glimmora|move: Protect
|move|p1b: Sneasler|Coaching|p1a: Metagross
|-boost|p1a: Metagross|atk|1
|-boost|p1a: Metagross|def|1
|move|p1a: Metagross|Psychic Fangs|p2b: Ceruledge
|-damage|p2b: Ceruledge|24/100
|move|p2b: Ceruledge|Bulk Up|p2b: Ceruledge
|-boost|p2b: Ceruledge|atk|1
|-boost|p2b: Ceruledge|def|1
|
|upkeep
|turn|6
|
|t:|1783975702
|move|p2b: Ceruledge|Protect|p2b: Ceruledge
|-singleturn|p2b: Ceruledge|Protect
|move|p1b: Sneasler|Coaching|p1a: Metagross
|-boost|p1a: Metagross|atk|1
|-boost|p1a: Metagross|def|1
|move|p1a: Metagross|Psychic Fangs|p2a: Glimmora
|-supereffective|p2a: Glimmora|1
|-damage|p2a: Glimmora|0 fnt
|faint|p2a: Glimmora
|
|upkeep
|turn|7
|-message|axcoquette forfeited.
|
|win|Moitamo
