|j|☆lolgz
|j|☆dancingace100
|html|lolgzdancingace100    
|uhtml|bestof|Game 1 of a best-of-3
|t:|1782202076
|gametype|doubles
|player|p1|lolgz|dawn|1211
|player|p2|dancingace100|dragontamer|1118
|gen|9
|tier|[Gen 9 Champions] VGC 2026 Reg M-B (Bo3)
|rated|
|rule|Species Clause: Limit one of each Pokémon
|rule|Item Clause: Limit 1 of each item
|clearpoke
|poke|p1|Torkoal, L50, F|
|poke|p1|Vileplume, L50, M|
|poke|p1|Farigiraf, L50, F|
|poke|p1|Scrafty, L50, F|
|poke|p1|Gallade, L50, M|
|poke|p1|Mawile, L50, F|
|poke|p2|Whimsicott, L50, F|
|poke|p2|Staraptor, L50, M|
|poke|p2|Garchomp, L50, F|
|poke|p2|Basculegion, L50, M|
|poke|p2|Typhlosion-Hisui, L50, F|
|poke|p2|Kingambit, L50, M|
|teampreview|4
|showteam|p1|Torkoal||Charcoal|Drought|Eruption,WeatherBall,EarthPower,Protect|Quiet||F|||50|]Vileplume||FocusSash|Chlorophyll|EnergyBall,SludgeBomb,SleepPowder,AfterYou|Timid||M|||50|]Farigiraf||SitrusBerry|ArmorTail|TrickRoom,Protect,Psychic,HelpingHand|Bold||F|||50|]Scrafty||Scraftinite|Intimidate|CloseCombat,KnockOff,FakeOut,RockSlide|Brave||F|||50|]Gallade||IronBall|Sharpness|SacredSword,PsychoCut,WideGuard,TrickRoom|Brave||M|||50|]Mawile||Mawilite|Intimidate|SuckerPunch,PlayRough,SwordsDance,Protect|Brave||F|||50|
|showteam|p2|Whimsicott||FocusSash|Prankster|Tickle,Tailwind,Moonblast,FakeTears|Timid||F|||50|]Staraptor||Staraptite|Intimidate|BraveBird,CloseCombat,Roost,Protect|Jolly||M|||50|]Garchomp||RoseliBerry|RoughSkin|DragonClaw,StompingTantrum,RockTomb,PoisonJab|Jolly||F|||50|]Basculegion||MysticWater|Adaptability|WaveCrash,LastRespects,AquaJet,Protect|Adamant||M|||50|]Typhlosion-Hisui||ChoiceScarf|Blaze|Eruption,HeatWave,BurnUp,ShadowBall|Modest||F|||50|]Kingambit||ChopleBerry|Defiant|KowtowCleave,IronHead,SuckerPunch,Protect|Adamant||M|||50|
|inactive|Battle timer is ON: inactive players will automatically lose when time's up. (requested by dancingace100)
|inactive|lolgz also wants the timer to be on.
|inactive|dancingace100 has 60 seconds left.
|inactive|dancingace100 has 30 seconds left.
|inactive|dancingace100 has 20 seconds left.
|
|t:|1782202148
|teamsize|p1|4
|teamsize|p2|4
|start
|switch|p1a: Farigiraf|Farigiraf, L50, F|100/100
|switch|p1b: Mawile|Mawile, L50, F|100/100
|switch|p2a: Mc Chomp Hammer|Garchomp, L50, F|100/100
|switch|p2b: Kingambit|Kingambit, L50, M|100/100
|-ability|p1b: Mawile|Intimidate|boost
|-unboost|p2a: Mc Chomp Hammer|atk|1
|-unboost|p2b: Kingambit|atk|1
|-ability|p2b: Kingambit|Defiant|boost
|-boost|p2b: Kingambit|atk|2
|turn|1
|inactive|lolgz has 30 seconds left.
|inactive|dancingace100 has 30 seconds left.
|inactive|lolgz has 20 seconds left.
|
|t:|1782202188
|detailschange|p1b: Mawile|Mawile-Mega, L50, F
|-mega|p1b: Mawile|Mawile|Mawilite
|move|p1a: Farigiraf|Protect|p1a: Farigiraf
|-singleturn|p1a: Farigiraf|Protect
|move|p2a: Mc Chomp Hammer|Stomping Tantrum|p1a: Farigiraf
|-activate|p1a: Farigiraf|move: Protect
|move|p2b: Kingambit|Kowtow Cleave|p1a: Farigiraf
|-activate|p1a: Farigiraf|move: Protect
|move|p1b: Mawile|Play Rough|p2b: Kingambit
|-damage|p2b: Kingambit|31/100
|
|upkeep
|turn|2
|inactive|dancingace100 has 30 seconds left.
|inactive|dancingace100 has 20 seconds left.
|inactive|dancingace100 has 15 seconds left.
|
|t:|1782202229
|move|p2a: Mc Chomp Hammer|Stomping Tantrum|p1b: Mawile
|-supereffective|p1b: Mawile|1
|-damage|p1b: Mawile|49/100
|move|p2b: Kingambit|Kowtow Cleave|p1a: Farigiraf
|-supereffective|p1a: Farigiraf|1
|-damage|p1a: Farigiraf|0 fnt
|faint|p1a: Farigiraf
|move|p1b: Mawile|Play Rough|p2a: Mc Chomp Hammer
|-supereffective|p2a: Mc Chomp Hammer|1
|-enditem|p2a: Mc Chomp Hammer|Roseli Berry|[eat]
|-enditem|p2a: Mc Chomp Hammer|Roseli Berry|[weaken]
|-damage|p2a: Mc Chomp Hammer|18/100
|-damage|p1b: Mawile|36/100|[from] ability: Rough Skin|[of] p2a: Mc Chomp Hammer
|
|upkeep
|
|t:|1782202233
|switch|p1a: Gallade|Gallade, L50, M|100/100
|turn|3
|inactive|dancingace100 has 30 seconds left.
|
|t:|1782202263
|switch|p2a: 2008's Hot Topic|Staraptor, L50, M|100/100
|-ability|p2a: 2008's Hot Topic|Intimidate|boost
|-unboost|p1a: Gallade|atk|1
|-unboost|p1b: Mawile|atk|1
|switch|p2b: Bass Bro shop|Basculegion, L50, M|100/100
|move|p1b: Mawile|Protect|p1b: Mawile
|-singleturn|p1b: Mawile|Protect
|move|p1a: Gallade|Trick Room|p1a: Gallade
|-fieldstart|move: Trick Room|[of] p1a: Gallade
|
|upkeep
|turn|4
|inactive|dancingace100 has 30 seconds left.
|inactive|dancingace100 has 20 seconds left.
|inactive|dancingace100 has 15 seconds left.
|
|t:|1782202304
|detailschange|p2a: 2008's Hot Topic|Staraptor-Mega, L50, M
|-mega|p2a: 2008's Hot Topic|Staraptor|Staraptite
|move|p2a: 2008's Hot Topic|Protect|p2a: 2008's Hot Topic
|-singleturn|p2a: 2008's Hot Topic|Protect
|move|p1b: Mawile|Sucker Punch|p2b: Bass Bro shop
|-supereffective|p2b: Bass Bro shop|1
|-damage|p2b: Bass Bro shop|24/100
|move|p2b: Bass Bro shop|Aqua Jet|p1b: Mawile
|-damage|p1b: Mawile|2/100
|move|p1a: Gallade|Psycho Cut|p2b: Bass Bro shop
|-damage|p2b: Bass Bro shop|0 fnt
|faint|p2b: Bass Bro shop
|
|upkeep
|
|t:|1782202320
|switch|p2b: Kingambit|Kingambit, L50, M|31/100
|turn|5
|inactive|dancingace100 has 30 seconds left.
|inactive|dancingace100 has 20 seconds left.
|inactive|dancingace100 has 15 seconds left.
|
|t:|1782202361
|switch|p2a: Mc Chomp Hammer|Garchomp, L50, F|18/100
|move|p1b: Mawile|Protect|p1b: Mawile
|-singleturn|p1b: Mawile|Protect
|move|p2b: Kingambit|Sucker Punch|p1a: Gallade
|-damage|p1a: Gallade|43/100
|move|p1a: Gallade|Sacred Sword|p2b: Kingambit
|-supereffective|p2b: Kingambit|2
|-enditem|p2b: Kingambit|Chople Berry|[eat]
|-enditem|p2b: Kingambit|Chople Berry|[weaken]
|-damage|p2b: Kingambit|0 fnt
|faint|p2b: Kingambit
|
|upkeep
|
|t:|1782202373
|switch|p2b: 2008's Hot Topic|Staraptor-Mega, L50, M|100/100
|turn|6
|
|t:|1782202388
|move|p2b: 2008's Hot Topic|Protect|p2b: 2008's Hot Topic
|-singleturn|p2b: 2008's Hot Topic|Protect
|move|p1a: Gallade|Psycho Cut|p2b: 2008's Hot Topic
|-activate|p2b: 2008's Hot Topic|move: Protect
|move|p1b: Mawile|Play Rough|p2b: 2008's Hot Topic
|-activate|p2b: 2008's Hot Topic|move: Protect
|move|p2a: Mc Chomp Hammer|Stomping Tantrum|p1b: Mawile
|-supereffective|p1b: Mawile|1
|-damage|p1b: Mawile|0 fnt
|faint|p1b: Mawile
|
|upkeep
|
|t:|1782202390
|switch|p1b: Torkoal|Torkoal, L50, F|100/100
|-weather|SunnyDay|[from] ability: Drought|[of] p1b: Torkoal
|turn|7
|-message|dancingace100 forfeited.
|
|win|lolgz
|l|☆dancingace100
|player|p2|
