|j|☆KUTF1
|j|☆totalphael
|html|KUTF1totalphael    
|uhtml|bestof|Game 2 of a best-of-3
|t:|1782758385
|gametype|doubles
|player|p1|KUTF1|pokemonbreederf-gen4|1006
|player|p2|totalphael|2|1015
|gen|9
|tier|[Gen 9 Champions] VGC 2026 Reg M-B (Bo3)
|rated|
|rule|Species Clause: Limit one of each Pokémon
|rule|Item Clause: Limit 1 of each item
|clearpoke
|poke|p1|Raichu, L50, F|
|poke|p1|Clefable, L50, M|
|poke|p1|Mamoswine, L50, M|
|poke|p1|Ditto, L50|
|poke|p1|Musharna, L50, F|
|poke|p1|Whimsicott, L50, M|
|poke|p2|Absol, L50, M|
|poke|p2|Whimsicott, L50, M|
|poke|p2|Eelektross, L50, F|
|poke|p2|Sneasler, L50, M|
|poke|p2|Scovillain, L50, M|
|poke|p2|Mawile, L50, F|
|teampreview|4
|showteam|p1|Raichu||RaichuniteY|LightningRod|ZapCannon,Protect,FakeOut,FocusBlast|Timid||F|||50|]Clefable||Clefablite|MagicGuard|DazzlingGleam,Protect,CalmMind,Flamethrower|Modest||M|||50|]Mamoswine||FocusSash|Oblivious|Earthquake,Protect,IcicleCrash,IceShard|Jolly||M|||50|]Ditto||ChoiceScarf|Imposter|Transform|Bold|||||50|]Musharna||ColburBerry|Telepathy|Psychic,Protect,TrickRoom,Moonblast|Relaxed||F|||50|]Whimsicott||MentalHerb|Prankster|Moonblast,Encore,Tailwind,Taunt|Timid||M|||50|
|showteam|p2|Absol||ScopeLens|SuperLuck|PsychoCut,NightSlash,SwordsDance,ShadowSneak|Adamant||M|||50|]Whimsicott||FocusSash|Prankster|Tailwind,HelpingHand,Moonblast,WorrySeed|Timid||M|||50|]Eelektross||Eelektrossite|Levitate|PoisonFang,Coil,DrainPunch,SupercellSlam|Adamant||F|||50|]Sneasler||WhiteHerb|Unburden|FakeOut,DireClaw,Coaching,CloseCombat|Adamant||M|||50|]Scovillain||SitrusBerry|Moody|RagePowder,LeechSeed,GigaDrain,WorrySeed|Quiet||M|||50|]Mawile||Leftovers|Intimidate|BatonPass,Stockpile,SwordsDance,PlayRough|Brave||F|||50|
|inactive|Battle timer is ON: inactive players will automatically lose when time's up. (requested by KUTF1)
|inactive|totalphael also wants the timer to be on.
|
|t:|1782758405
|teamsize|p1|4
|teamsize|p2|4
|start
|switch|p1a: 100 Rats|Raichu, L50, F|100/100
|switch|p1b: Whimsi|Whimsicott, L50, M|100/100
|switch|p2a: Whimsicott|Whimsicott, L50, M|100/100
|switch|p2b: Eelektross|Eelektross, L50, F|100/100
|turn|1
|
|t:|1782758427
|detailschange|p2b: Eelektross|Eelektross-Mega, L50, F
|-mega|p2b: Eelektross|Eelektross|Eelektrossite
|move|p1a: 100 Rats|Fake Out|p2b: Eelektross
|-damage|p2b: Eelektross|90/100
|move|p2a: Whimsicott|Tailwind|p2a: Whimsicott
|-sidestart|p2: totalphael|move: Tailwind
|move|p1b: Whimsi|Taunt|p2a: Whimsicott
|-start|p2a: Whimsicott|move: Taunt
|cant|p2b: Eelektross|flinch
|
|upkeep
|turn|2
|
|t:|1782758444
|detailschange|p1a: 100 Rats|Raichu-Mega-Y, L50, F
|-mega|p1a: 100 Rats|Raichu|Raichunite Y
|move|p1b: Whimsi|Tailwind|p1b: Whimsi
|-sidestart|p1: KUTF1|move: Tailwind
|move|p1a: 100 Rats|Focus Blast|p2b: Eelektross
|-crit|p2b: Eelektross
|-damage|p2b: Eelektross|16/100
|move|p2a: Whimsicott|Moonblast|p1a: 100 Rats
|-damage|p1a: 100 Rats|42/100
|move|p2b: Eelektross|Poison Fang|p1b: Whimsi
|-supereffective|p1b: Whimsi|2
|-damage|p1b: Whimsi|0 fnt
|faint|p1b: Whimsi
|-ability|p2b: Eelektross|Eelevate|boost
|-boost|p2b: Eelektross|atk|1
|
|upkeep
|
|t:|1782758451
|switch|p1b: Chiba|Mamoswine, L50, M|100/100
|turn|3
|
|t:|1782758476
|switch|p1a: Derple|Ditto, L50|100/100
|-transform|p1a: Derple|p2b: Eelektross|[from] ability: Imposter
|switch|p2b: Scovillain|Scovillain, L50, M|100/100
|move|p2a: Whimsicott|Moonblast|p1a: Derple
|-damage|p1a: Derple|51/100
|move|p1b: Chiba|Earthquake|p2a: Whimsicott|[spread] p2a,p2b
|-immune|p1a: Derple|[from] ability: Eelevate
|-resisted|p2a: Whimsicott|1
|-damage|p2a: Whimsicott|71/100
|-damage|p2b: Scovillain|52/100
|
|-ability|p2b: Scovillain|Moody|boost
|-boost|p2b: Scovillain|spe|2
|-unboost|p2b: Scovillain|atk|1
|upkeep
|turn|4
|inactive|KUTF1 has 30 seconds left.
|
|t:|1782758501
|move|p2a: Whimsicott|Moonblast|p1a: Derple
|-damage|p1a: Derple|4/100
|move|p2b: Scovillain|Giga Drain|p1b: Chiba
|-supereffective|p1b: Chiba|1
|-damage|p1b: Chiba|12/100
|-heal|p2b: Scovillain|100/100|[from] drain|[of] p1b: Chiba
|move|p1a: Derple|Drain Punch|p2b: Scovillain
|-damage|p2b: Scovillain|37/100
|-heal|p1a: Derple|39/100|[from] drain|[of] p2b: Scovillain
|-enditem|p2b: Scovillain|Sitrus Berry|[eat]
|-heal|p2b: Scovillain|62/100|[from] item: Sitrus Berry
|move|p1b: Chiba|Icicle Crash|p2a: Whimsicott
|-supereffective|p2a: Whimsicott|1
|-damage|p2a: Whimsicott|0 fnt
|faint|p2a: Whimsicott
|
|-sideend|p2: totalphael|move: Tailwind
|-ability|p2b: Scovillain|Moody|boost
|-boost|p2b: Scovillain|atk|2
|-unboost|p2b: Scovillain|spa|1
|upkeep
|
|t:|1782758522
|switch|p2a: Absol|Absol, L50, M|100/100
|turn|5
|
|t:|1782758531
|move|p2a: Absol|Shadow Sneak|p1a: Derple
|-crit|p1a: Derple
|-damage|p1a: Derple|9/100
|move|p1a: Derple|Drain Punch|p2a: Absol
|-supereffective|p2a: Absol|1
|-damage|p2a: Absol|0 fnt
|-heal|p1a: Derple|65/100|[from] drain|[of] p2a: Absol
|faint|p2a: Absol
|-ability|p1a: Derple|Eelevate|boost
|-boost|p1a: Derple|atk|1
|move|p1b: Chiba|Earthquake|p2b: Scovillain|[spread] p2b
|-immune|p1a: Derple|[from] ability: Eelevate
|-damage|p2b: Scovillain|13/100
|move|p2b: Scovillain|Giga Drain|p1b: Chiba
|-supereffective|p1b: Chiba|1
|-damage|p1b: Chiba|0 fnt
|-heal|p2b: Scovillain|20/100y|[from] drain|[of] p1b: Chiba
|faint|p1b: Chiba
|
|-sideend|p1: KUTF1|move: Tailwind
|-ability|p2b: Scovillain|Moody|boost
|-boost|p2b: Scovillain|spe|2
|-unboost|p2b: Scovillain|spa|1
|upkeep
|
|t:|1782758554
|switch|p1b: 100 Rats|Raichu-Mega-Y, L50, F|42/100
|switch|p2a: Eelektross|Eelektross-Mega, L50, F|16/100
|turn|6
|
|t:|1782758567
|move|p1b: 100 Rats|Fake Out|p2b: Scovillain
|-damage|p2b: Scovillain|8/100
|cant|p2b: Scovillain|flinch
|move|p1a: Derple|Drain Punch|p2b: Scovillain
|-damage|p2b: Scovillain|0 fnt
|-heal|p1a: Derple|70/100|[from] drain|[of] p2b: Scovillain
|faint|p2b: Scovillain
|-ability|p1a: Derple|Eelevate|boost
|-boost|p1a: Derple|atk|1
|move|p2a: Eelektross|Drain Punch|p1a: Derple
|-damage|p1a: Derple|29/100
|-heal|p2a: Eelektross|32/100|[from] drain|[of] p1a: Derple
|
|upkeep
|turn|7
|
|t:|1782758584
|move|p1b: 100 Rats|Protect|p1b: 100 Rats
|-singleturn|p1b: 100 Rats|Protect
|move|p1a: Derple|Drain Punch|p2a: Eelektross
|-damage|p2a: Eelektross|0 fnt
|-heal|p1a: Derple|50/100g|[from] drain|[of] p2a: Eelektross
|faint|p2a: Eelektross
|
|win|KUTF1
|raw|KUTF1's rating: 1048 → 1078(+30 for winning)
|raw|totalphael's rating: 1015 → 1004(-11 for losing)
|l|☆totalphael
|player|p2|
|l|☆KUTF1
|player|p1|
|j|☆KUTF1
|player|p1|KUTF1|pokemonbreederf-gen4|
