|j|☆caevz027
|j|☆NoitUK_VGC
|html|caevz027NoitUK_VGC    
|uhtml|bestof|Game 1 of a best-of-3
|t:|1784836675
|gametype|doubles
|player|p1|caevz027|101|1114
|player|p2|NoitUK_VGC|102|1127
|gen|9
|tier|[Gen 9 Champions] VGC 2026 Reg M-B (Bo3)
|rated|
|rule|Species Clause: Limit one of each Pokémon
|rule|Item Clause: Limit 1 of each item
|clearpoke
|poke|p1|Charizard, L50, F|
|poke|p1|Whimsicott, L50, M|
|poke|p1|Farigiraf, L50, M|
|poke|p1|Sneasler, L50, F|
|poke|p1|Kingambit, L50, F|
|poke|p1|Garchomp, L50, M|
|poke|p2|Gengar, L50, F|
|poke|p2|Ninetales-Alola, L50, F|
|poke|p2|Incineroar, L50, F|
|poke|p2|Kingambit, L50, M|
|poke|p2|Staraptor, L50, M|
|poke|p2|Garchomp, L50, F|
|teampreview|4
|showteam|p1|Charizard||CharizarditeY|SolarPower|HeatWave,Protect,WeatherBall,SolarBeam|Modest||F|||50|]Whimsicott||FocusSash|Prankster|Encore,Moonblast,Tailwind,SunnyDay|Timid||M|||50|]Farigiraf||SitrusBerry|ArmorTail|Thunderbolt,Psychic,TrickRoom,HelpingHand|Modest||M|||50|]Sneasler||WhiteHerb|Unburden|FakeOut,DireClaw,CloseCombat,Protect|Adamant||F|||50|]Kingambit||ChopleBerry|Defiant|KowtowCleave,LowKick,SuckerPunch,IronHead|Adamant||F|||50|]Garchomp||LifeOrb|RoughSkin|RockSlide,Earthquake,DragonClaw,Protect|Jolly||M|||50|
|showteam|p2|Gengar||Gengarite|CursedBody|ShadowBall,SludgeBomb,Protect,PerishSong|Timid||F|||50|]Ninetales-Alola||NeverMeltIce|SnowWarning|Blizzard,Encore,Protect,Disable|Timid||F|||50|]Incineroar||SitrusBerry|Intimidate|FlareBlitz,PartingShot,Protect,FakeOut|Relaxed||F|||50|]Kingambit||BlackGlasses|Defiant|KowtowCleave,SuckerPunch,Protect,LowKick|Adamant||M|||50|]Staraptor||ChoiceScarf|Intimidate|FinalGambit,CloseCombat,BraveBird,Uturn|Jolly||M|||50|]Garchomp||LifeOrb|RoughSkin|Protect,RockSlide,StompingTantrum,DragonClaw|Adamant||F|||50|
|inactive|Battle timer is ON: inactive players will automatically lose when time's up. (requested by NoitUK_VGC)
|inactive|NoitUK_VGC has 60 seconds left.
|
|t:|1784836741
|teamsize|p1|4
|teamsize|p2|4
|start
|switch|p1a: Farigiraf|Farigiraf, L50, M|100/100
|switch|p1b: Kingambit|Kingambit, L50, F|100/100
|switch|p2a: Gengar|Gengar, L50, F|100/100
|switch|p2b: Garchomp|Garchomp, L50, F|100/100
|turn|1
|inactive|NoitUK_VGC has 30 seconds left.
|
|t:|1784836768
|switch|p1b: Charizard|Charizard, L50, F|100/100
|detailschange|p2a: Gengar|Gengar-Mega, L50, F
|-mega|p2a: Gengar|Gengar|Gengarite
|move|p2a: Gengar|Perish Song|p2a: Gengar
|-start|p1a: Farigiraf|perish3|[silent]
|-start|p1b: Charizard|perish3|[silent]
|-start|p2a: Gengar|perish3|[silent]
|-start|p2b: Garchomp|perish3|[silent]
|-fieldactivate|move: Perish Song
|move|p2b: Garchomp|Rock Slide|p1b: Charizard|[spread] p1a,p1b
|-supereffective|p1b: Charizard|2
|-damage|p1a: Farigiraf|77/100
|-damage|p1b: Charizard|0 fnt
|faint|p1b: Charizard
|-damage|p2b: Garchomp|90/100|[from] item: Life Orb
|move|p1a: Farigiraf|Trick Room|p1a: Farigiraf
|-fieldstart|move: Trick Room|[of] p1a: Farigiraf
|
|-start|p1a: Farigiraf|perish3
|-start|p2b: Garchomp|perish3
|-start|p2a: Gengar|perish3
|upkeep
|
|t:|1784836783
|switch|p1b: Kingambit|Kingambit, L50, F|100/100
|turn|2
|
|t:|1784836798
|move|p2b: Garchomp|Protect|p2b: Garchomp
|-singleturn|p2b: Garchomp|Protect
|move|p2a: Gengar|Protect|p2a: Gengar
|-singleturn|p2a: Gengar|Protect
|move|p1b: Kingambit|Kowtow Cleave|p2b: Garchomp
|-activate|p2b: Garchomp|move: Protect
|move|p1a: Farigiraf|Psychic|p2b: Garchomp
|-activate|p2b: Garchomp|move: Protect
|
|-start|p1a: Farigiraf|perish2
|-start|p2b: Garchomp|perish2
|-start|p2a: Gengar|perish2
|upkeep
|turn|3
|
|t:|1784836816
|switch|p2b: Ninetales|Ninetales-Alola, L50, F|100/100
|-weather|Snowscape|[from] ability: Snow Warning|[of] p2b: Ninetales
|switch|p2a: Incineroar|Incineroar, L50, F|100/100
|-ability|p2a: Incineroar|Intimidate|boost
|-unboost|p1a: Farigiraf|atk|1
|-unboost|p1b: Kingambit|atk|1
|-ability|p1b: Kingambit|Defiant|boost
|-boost|p1b: Kingambit|atk|2
|move|p1b: Kingambit|Kowtow Cleave|p2a: Incineroar
|-resisted|p2a: Incineroar|1
|-damage|p2a: Incineroar|71/100
|move|p1a: Farigiraf|Psychic|p2b: Ninetales
|-damage|p2b: Ninetales|61/100
|
|-weather|Snowscape|[upkeep]
|-start|p1a: Farigiraf|perish1
|upkeep
|turn|4
|
|t:|1784836837
|switch|p1a: Whimsicott|Whimsicott, L50, M|100/100
|move|p2a: Incineroar|Fake Out|p1b: Kingambit
|-resisted|p1b: Kingambit|1
|-damage|p1b: Kingambit|96/100
|cant|p1b: Kingambit|flinch
|move|p2b: Ninetales|Encore|p1b: Kingambit
|-start|p1b: Kingambit|Encore
|
|-weather|Snowscape|[upkeep]
|upkeep
|turn|5
|
|t:|1784836857
|switch|p1b: Farigiraf|Farigiraf, L50, M|77/100
|move|p2a: Incineroar|Protect|p2a: Incineroar
|-singleturn|p2a: Incineroar|Protect
|move|p1a: Whimsicott|Encore||[still]
|-fail|p1a: Whimsicott
|move|p2b: Ninetales|Disable||[still]
|-fail|p2b: Ninetales
|
|-weather|Snowscape|[upkeep]
|-fieldend|move: Trick Room
|upkeep
|turn|6
|
|t:|1784836874
|switch|p2a: Gengar|Gengar-Mega, L50, F|100/100
|move|p1a: Whimsicott|Moonblast|p2a: Gengar
|-resisted|p2a: Gengar|1
|-damage|p2a: Gengar|85/100
|move|p2b: Ninetales|Disable|p1a: Whimsicott
|-start|p1a: Whimsicott|Disable|Moonblast
|move|p1b: Farigiraf|Thunderbolt|p2a: Gengar
|-damage|p2a: Gengar|58/100
|
|-weather|Snowscape|[upkeep]
|upkeep
|turn|7
|
|t:|1784836888
|move|p1a: Whimsicott|Encore|p2b: Ninetales
|-start|p2b: Ninetales|Encore
|move|p2a: Gengar|Perish Song|p2a: Gengar
|-start|p1a: Whimsicott|perish3|[silent]
|-start|p1b: Farigiraf|perish3|[silent]
|-start|p2a: Gengar|perish3|[silent]
|-start|p2b: Ninetales|perish3|[silent]
|-fieldactivate|move: Perish Song
|move|p2b: Ninetales|Disable||[still]
|-fail|p2b: Ninetales
|move|p1b: Farigiraf|Psychic|p2a: Gengar
|-supereffective|p2a: Gengar|1
|-damage|p2a: Gengar|0 fnt
|faint|p2a: Gengar
|
|-weather|none
|-start|p1a: Whimsicott|perish3
|-start|p2b: Ninetales|perish3
|-start|p1b: Farigiraf|perish3
|upkeep
|
|t:|1784836905
|switch|p2a: Incineroar|Incineroar, L50, F|71/100
|-ability|p2a: Incineroar|Intimidate|boost
|-unboost|p1a: Whimsicott|atk|1
|-unboost|p1b: Farigiraf|atk|1
|turn|8
|
|t:|1784836915
|switch|p2b: Garchomp|Garchomp, L50, F|90/100
|switch|p1b: Kingambit|Kingambit, L50, F|96/100
|move|p1a: Whimsicott|Tailwind|p1a: Whimsicott
|-sidestart|p1: caevz027|move: Tailwind
|move|p2a: Incineroar|Flare Blitz|p1a: Whimsicott
|-supereffective|p1a: Whimsicott|1
|-enditem|p1a: Whimsicott|Focus Sash
|-damage|p1a: Whimsicott|1/100
|-damage|p2a: Incineroar|44/100|[from] Recoil
|-enditem|p2a: Incineroar|Sitrus Berry|[eat]
|-heal|p2a: Incineroar|69/100|[from] item: Sitrus Berry
|
|-start|p1a: Whimsicott|perish2
|upkeep
|turn|9
|inactive|caevz027 has 30 seconds left.
|
|t:|1784836941
|switch|p1a: Farigiraf|Farigiraf, L50, M|77/100
|move|p1b: Kingambit|Low Kick|p2a: Incineroar
|-supereffective|p2a: Incineroar|1
|-damage|p2a: Incineroar|22/100
|move|p2b: Garchomp|Rock Slide|p1b: Kingambit|[spread] p1a,p1b
|-resisted|p1b: Kingambit|1
|-damage|p1a: Farigiraf|55/100
|-damage|p1b: Kingambit|85/100
|-damage|p2b: Garchomp|80/100|[from] item: Life Orb
|move|p2a: Incineroar|Flare Blitz|p1b: Kingambit
|-supereffective|p1b: Kingambit|1
|-damage|p1b: Kingambit|22/100
|-damage|p2a: Incineroar|1/100|[from] Recoil
|
|upkeep
|turn|10
|
|t:|1784836958
|move|p2a: Incineroar|Protect|p2a: Incineroar
|-singleturn|p2a: Incineroar|Protect
|move|p1a: Farigiraf|Psychic|p2b: Garchomp
|-damage|p2b: Garchomp|46/100
|move|p1b: Kingambit|Kowtow Cleave|p2b: Garchomp
|-damage|p2b: Garchomp|3/100
|-damage|p1b: Kingambit|10/100|[from] ability: Rough Skin|[of] p2b: Garchomp
|move|p2b: Garchomp|Rock Slide|p1a: Farigiraf|[spread] p1a,p1b
|-resisted|p1b: Kingambit|1
|-damage|p1a: Farigiraf|29/100
|-damage|p1b: Kingambit|0 fnt
|-enditem|p1a: Farigiraf|Sitrus Berry|[eat]
|-heal|p1a: Farigiraf|54/100|[from] item: Sitrus Berry
|faint|p1b: Kingambit
|-damage|p2b: Garchomp|0 fnt|[from] item: Life Orb
|faint|p2b: Garchomp
|
|upkeep
|
|t:|1784836976
|switch|p2b: Ninetales|Ninetales-Alola, L50, F|61/100
|switch|p1b: Whimsicott|Whimsicott, L50, M|1/100
|-weather|Snowscape|[from] ability: Snow Warning|[of] p2b: Ninetales
|turn|11
|
|t:|1784836989
|move|p2a: Incineroar|Protect|p2a: Incineroar
|-singleturn|p2a: Incineroar|Protect
|move|p1b: Whimsicott|Moonblast|p2b: Ninetales
|-damage|p2b: Ninetales|33/100
|move|p2b: Ninetales|Blizzard|p1b: Whimsicott|[spread] p1a,p1b
|-supereffective|p1b: Whimsicott|1
|-damage|p1a: Farigiraf|27/100
|-damage|p1b: Whimsicott|0 fnt
|faint|p1b: Whimsicott
|move|p1a: Farigiraf|Thunderbolt|p2b: Ninetales
|-damage|p2b: Ninetales|8/100
|
|-weather|Snowscape|[upkeep]
|-sideend|p1: caevz027|move: Tailwind
|upkeep
|turn|12
|
|t:|1784837011
|move|p2b: Ninetales|Blizzard|p1a: Farigiraf
|-damage|p1a: Farigiraf|0 fnt
|faint|p1a: Farigiraf
|
|win|NoitUK_VGC
