|j|☆sum1dum
|j|☆eggtart69
|html|sum1dumeggtart69    
|uhtml|bestof|Game 2 of a best-of-3
|t:|1784587009
|gametype|doubles
|player|p1|sum1dum|rosa|1082
|player|p2|eggtart69|2|1170
|gen|9
|tier|[Gen 9 Champions] VGC 2026 Reg M-B (Bo3)
|rated|
|rule|Species Clause: Limit one of each Pokémon
|rule|Item Clause: Limit 1 of each item
|clearpoke
|poke|p1|Gliscor, L50, F|
|poke|p1|Primarina, L50, F|
|poke|p1|Metagross, L50|
|poke|p1|Ninetales-Alola, L50, M|
|poke|p1|Incineroar, L50, F|
|poke|p1|Sinistcha, L50|
|poke|p2|Aerodactyl, L50, F|
|poke|p2|Kingambit, L50, F|
|poke|p2|Tyranitar, L50, M|
|poke|p2|Excadrill, L50, F|
|poke|p2|Basculegion, L50, M|
|poke|p2|Clefable, L50, F|
|teampreview|4
|showteam|p1|Gliscor||LifeOrb|HyperCutter|DualWingbeat,HighHorsepower,Protect,RockSlide|Jolly||F|||50|]Primarina||Leftovers|LiquidVoice|CalmMind,HyperVoice,Moonblast,Protect|Modest||F|||50|]Metagross||Metagrossite|ClearBody|BulletPunch,IronHead,Protect,PsychicFangs|Jolly|||||50|]Ninetales-Alola||LightClay|SnowWarning|AuroraVeil,FreezeDry,Moonblast,Protect|Timid||M|||50|]Incineroar||ChopleBerry|Intimidate|FakeOut,FlareBlitz,DarkestLariat,PartingShot|Impish||F|||50|]Sinistcha||SitrusBerry|Hospitality|MatchaGotcha,Protect,LifeDew,RagePowder|Bold|||||50|
|showteam|p2|Aerodactyl||FocusSash|Unnerve|Tailwind,Protect,RockSlide,DualWingbeat|Jolly||F|||50|]Kingambit||ChopleBerry|Defiant|KowtowCleave,SuckerPunch,Protect,IronHead|Adamant||F|||50|]Tyranitar||Tyranitarite|SandStream|RockSlide,BrickBreak,Protect,LashOut|Adamant||M|||50|]Excadrill||SoftSand|SandRush|HighHorsepower,BrickBreak,Facade,RockSlide|Adamant||F|||50|]Basculegion||ChoiceScarf|Adaptability|FlipTurn,WaveCrash,PsychicFangs,LastRespects|Jolly||M|||50|]Clefable||Clefablite|MagicGuard|FollowMe,Protect,DrainingKiss,GrassKnot|Calm||F|||50|
|inactive|Battle timer is ON: inactive players will automatically lose when time's up. (requested by sum1dum)
|inactive|sum1dum has 60 seconds left.
|
|t:|1784587056
|teamsize|p1|4
|teamsize|p2|4
|start
|switch|p1a: Primarina|Primarina, L50, F|100/100
|switch|p1b: Gliscor|Gliscor, L50, F|100/100
|switch|p2a: Basculegion|Basculegion, L50, M|100/100
|switch|p2b: Clefable|Clefable, L50, F|100/100
|turn|1
|
|t:|1784587072
|detailschange|p2b: Clefable|Clefable-Mega, L50, F
|-mega|p2b: Clefable|Clefable|Clefablite
|move|p1b: Gliscor|Protect|p1b: Gliscor
|-singleturn|p1b: Gliscor|Protect
|move|p2a: Basculegion|Flip Turn|p1b: Gliscor
|-activate|p1b: Gliscor|move: Protect
|move|p2b: Clefable|Grass Knot|p1a: Primarina
|-supereffective|p1a: Primarina|1
|-damage|p1a: Primarina|68/100
|move|p1a: Primarina|Calm Mind|p1a: Primarina
|-boost|p1a: Primarina|spa|1
|-boost|p1a: Primarina|spd|1
|
|-heal|p1a: Primarina|74/100|[from] item: Leftovers
|upkeep
|turn|2
|
|t:|1784587090
|switch|p1b: Incineroar|Incineroar, L50, F|100/100
|-ability|p1b: Incineroar|Intimidate|boost
|-unboost|p2a: Basculegion|atk|1
|-unboost|p2b: Clefable|atk|1
|move|p2a: Basculegion|Flip Turn|p1b: Incineroar
|-supereffective|p1b: Incineroar|1
|-damage|p1b: Incineroar|56/100
|
|t:|1784587100
|switch|p2a: Tyranitar|Tyranitar, L50, M|100/100|[from] Flip Turn
|-weather|Sandstorm|[from] ability: Sand Stream|[of] p2a: Tyranitar
|move|p2b: Clefable|Grass Knot|p1a: Primarina
|-supereffective|p1a: Primarina|1
|-damage|p1a: Primarina|54/100
|move|p1a: Primarina|Calm Mind|p1a: Primarina
|-boost|p1a: Primarina|spa|1
|-boost|p1a: Primarina|spd|1
|
|-weather|Sandstorm|[upkeep]
|-damage|p2b: Clefable|94/100|[from] Sandstorm
|-damage|p1b: Incineroar|50/100g|[from] Sandstorm
|-damage|p1a: Primarina|48/100|[from] Sandstorm
|-heal|p1a: Primarina|54/100|[from] item: Leftovers
|upkeep
|turn|3
|
|t:|1784587117
|switch|p1b: Ninetales|Ninetales-Alola, L50, M|100/100
|-weather|Snowscape|[from] ability: Snow Warning|[of] p1b: Ninetales
|move|p2b: Clefable|Grass Knot|p1a: Primarina
|-supereffective|p1a: Primarina|1
|-damage|p1a: Primarina|38/100
|move|p2a: Tyranitar|Rock Slide|p1b: Ninetales|[spread] p1a,p1b
|-supereffective|p1b: Ninetales|1
|-damage|p1a: Primarina|1/100
|-damage|p1b: Ninetales|34/100
|cant|p1a: Primarina|flinch
|
|-weather|Snowscape|[upkeep]
|-heal|p1a: Primarina|7/100|[from] item: Leftovers
|upkeep
|turn|4
|
|t:|1784587133
|move|p1a: Primarina|Protect|p1a: Primarina
|-singleturn|p1a: Primarina|Protect
|move|p2b: Clefable|Follow Me|p2b: Clefable
|-singleturn|p2b: Clefable|move: Follow Me
|move|p1b: Ninetales|Aurora Veil|p1b: Ninetales
|-sidestart|p1: sum1dum|move: Aurora Veil
|move|p2a: Tyranitar|Rock Slide|p1b: Ninetales|[spread] p1b
|-activate|p1a: Primarina|move: Protect
|-supereffective|p1b: Ninetales|1
|-damage|p1b: Ninetales|0 fnt
|faint|p1b: Ninetales
|
|-weather|Snowscape|[upkeep]
|-heal|p1a: Primarina|13/100|[from] item: Leftovers
|upkeep
|
|t:|1784587141
|switch|p1b: Incineroar|Incineroar, L50, F|50/100g
|-ability|p1b: Incineroar|Intimidate|boost
|-unboost|p2a: Tyranitar|atk|1
|-unboost|p2b: Clefable|atk|1
|turn|5
|
|t:|1784587162
|switch|p2a: Excadrill|Excadrill, L50, F|100/100
|move|p1b: Incineroar|Fake Out|p2a: Excadrill
|-resisted|p2a: Excadrill|1
|-damage|p2a: Excadrill|92/100
|move|p2b: Clefable|Grass Knot|p1a: Primarina
|-supereffective|p1a: Primarina|1
|-damage|p1a: Primarina|2/100
|move|p1a: Primarina|Hyper Voice|p2a: Excadrill|[spread] p2a,p2b
|-supereffective|p2a: Excadrill|1
|-crit|p2b: Clefable
|-damage|p2a: Excadrill|0 fnt
|-damage|p2b: Clefable|28/100
|faint|p2a: Excadrill
|
|-weather|Snowscape|[upkeep]
|-heal|p1a: Primarina|8/100|[from] item: Leftovers
|upkeep
|
|t:|1784587169
|switch|p2a: Tyranitar|Tyranitar, L50, M|100/100
|-weather|Sandstorm|[from] ability: Sand Stream|[of] p2a: Tyranitar
|turn|6
|
|t:|1784587190
|switch|p1a: Gliscor|Gliscor, L50, F|100/100
|move|p2b: Clefable|Draining Kiss|p1b: Incineroar
|-damage|p1b: Incineroar|37/100
|-heal|p2b: Clefable|38/100|[from] drain|[of] p1b: Incineroar
|move|p2a: Tyranitar|Rock Slide|p1a: Gliscor|[spread] p1b
|-miss|p2a: Tyranitar|p1a: Gliscor
|-supereffective|p1b: Incineroar|1
|-damage|p1b: Incineroar|0 fnt
|faint|p1b: Incineroar
|
|-weather|Sandstorm|[upkeep]
|-damage|p2b: Clefable|32/100|[from] Sandstorm
|upkeep
|
|t:|1784587192
|switch|p1b: Primarina|Primarina, L50, F|8/100
|turn|7
|
|t:|1784587212
|move|p2b: Clefable|Follow Me|p2b: Clefable
|-singleturn|p2b: Clefable|move: Follow Me
|move|p1a: Gliscor|Rock Slide|p2b: Clefable|[spread] p2a,p2b
|-supereffective|p2b: Clefable|1
|-damage|p2a: Tyranitar|84/100
|-damage|p2b: Clefable|0 fnt
|faint|p2b: Clefable
|-damage|p1a: Gliscor|90/100|[from] item: Life Orb
|move|p2a: Tyranitar|Rock Slide|p1a: Gliscor|[spread] p1a,p1b
|-damage|p1a: Gliscor|70/100
|-damage|p1b: Primarina|0 fnt
|faint|p1b: Primarina
|
|-weather|Sandstorm|[upkeep]
|upkeep
|
|t:|1784587217
|switch|p2b: Basculegion|Basculegion, L50, M|100/100
|turn|8
|-message|sum1dum forfeited.
|
|win|eggtart69
