|j|☆pokehugov
|j|☆Koraidonkoalition
|html|pokehugovKoraidonkoalition    
|uhtml|bestof|Game 1 of a best-of-3
|t:|1785593306
|gametype|doubles
|player|p1|pokehugov|101|1189
|player|p2|Koraidonkoalition|colress|1168
|gen|9
|tier|[Gen 9 Champions] VGC 2026 Reg M-B (Bo3)
|rated|
|rule|Species Clause: Limit one of each Pokémon
|rule|Item Clause: Limit 1 of each item
|clearpoke
|poke|p1|Tyranitar, L50, F|
|poke|p1|Garchomp, L50, F|
|poke|p1|Scizor, L50, F|
|poke|p1|Toxapex, L50, F|
|poke|p1|Sneasler, L50, F|
|poke|p1|Basculegion, L50, M|
|poke|p2|Delphox, L50, M|
|poke|p2|Garchomp, L50, M|
|poke|p2|Sneasler, L50, M|
|poke|p2|Staraptor, L50, F|
|poke|p2|Kingambit, L50, F|
|poke|p2|Whimsicott, L50, M|
|teampreview|4
|showteam|p1|Tyranitar||ChoiceScarf|SandStream|RockSlide,KnockOff,LowKick,IcePunch|Adamant||F|||50|]Garchomp||Garchompite|SandVeil|PowerGem,EarthPower,DragonPulse,Protect|Modest||F|||50|]Scizor||LifeOrb|Technician|BulletPunch,Protect,BugBite,SwordsDance|Adamant||F|||50|]Toxapex||Leftovers|Regenerator|Toxic,BanefulBunker,Infestation,WideGuard|Relaxed||F|||50|]Sneasler||FocusSash|Unburden|CloseCombat,DireClaw,Protect,FakeOut|Adamant||F|||50|]Basculegion||SitrusBerry|Adaptability|WaveCrash,LastRespects,AquaJet,Protect|Adamant||M|||50|
|showteam|p2|Delphox||Delphoxite|Blaze|HeatWave,Psychic,Substitute,Protect|Modest||M|||50|]Garchomp||LifeOrb|RoughSkin|Earthquake,DragonClaw,RockSlide,Protect|Jolly||M|||50|]Sneasler||FocusSash|Unburden|CloseCombat,DireClaw,RockTomb,FakeOut|Naive||M|||50|]Staraptor||Staraptite|Intimidate|CloseCombat,DualWingbeat,Roost,Protect|Jolly||F|||50|]Kingambit||ChopleBerry|Defiant|KowtowCleave,SuckerPunch,IronHead,LowKick|Adamant||F|||50|]Whimsicott||OccaBerry|Prankster|Moonblast,Charm,Tailwind,LightScreen|Timid||M|||50|
|
|t:|1785593350
|teamsize|p1|4
|teamsize|p2|4
|start
|switch|p1a: Tyranitar|Tyranitar, L50, F|100/100
|switch|p1b: Toxapex|Toxapex, L50, F|100/100
|switch|p2a: Garchomp|Garchomp, L50, M|100/100
|switch|p2b: Staraptor|Staraptor, L50, F|100/100
|-ability|p2b: Staraptor|Intimidate|boost
|-unboost|p1a: Tyranitar|atk|1
|-unboost|p1b: Toxapex|atk|1
|-weather|Sandstorm|[from] ability: Sand Stream|[of] p1a: Tyranitar
|turn|1
|
|t:|1785593385
|switch|p1a: Basculegion|Basculegion, L50, M|100/100
|detailschange|p2b: Staraptor|Staraptor-Mega, L50, F
|-mega|p2b: Staraptor|Staraptor|Staraptite
|move|p1b: Toxapex|Baneful Bunker|p1b: Toxapex
|-singleturn|p1b: Toxapex|move: Protect
|move|p2b: Staraptor|Close Combat|p1a: Basculegion
|-immune|p1a: Basculegion
|move|p2a: Garchomp|Earthquake|p1b: Toxapex|[spread] p1a
|-activate|p1b: Toxapex|move: Protect
|-immune|p2b: Staraptor
|-damage|p1a: Basculegion|42/100
|-enditem|p1a: Basculegion|Sitrus Berry|[eat]
|-heal|p1a: Basculegion|67/100|[from] item: Sitrus Berry
|-damage|p2a: Garchomp|90/100|[from] item: Life Orb
|
|-weather|Sandstorm|[upkeep]
|-damage|p2b: Staraptor|93/100|[from] Sandstorm
|-damage|p1a: Basculegion|61/100|[from] Sandstorm
|-damage|p1b: Toxapex|94/100|[from] Sandstorm
|-heal|p1b: Toxapex|100/100|[from] item: Leftovers
|upkeep
|turn|2
|
|t:|1785593404
|move|p1b: Toxapex|Wide Guard|p1b: Toxapex
|-singleturn|p1b: Toxapex|Wide Guard
|move|p2b: Staraptor|Dual Wingbeat|p1a: Basculegion
|-damage|p1a: Basculegion|37/100
|-damage|p1a: Basculegion|12/100
|-hitcount|p1a: Basculegion|2
|move|p2a: Garchomp|Earthquake|p1b: Toxapex|[spread] 
|-activate|p1a: Basculegion|move: Wide Guard
|-activate|p1b: Toxapex|move: Wide Guard
|-immune|p2b: Staraptor
|move|p1a: Basculegion|Wave Crash|p2a: Garchomp
|-damage|p2a: Garchomp|3/100
|-damage|p1a: Basculegion|0 fnt|[from] ability: Rough Skin|[of] p2a: Garchomp
|faint|p1a: Basculegion
|
|-weather|Sandstorm|[upkeep]
|-damage|p2b: Staraptor|87/100|[from] Sandstorm
|-damage|p1b: Toxapex|94/100|[from] Sandstorm
|-heal|p1b: Toxapex|100/100|[from] item: Leftovers
|upkeep
|
|t:|1785593423
|switch|p1a: Garchomp|Garchomp, L50, F|100/100
|turn|3
|
|t:|1785593446
|switch|p2a: Whimsicott|Whimsicott, L50, M|100/100
|detailschange|p1a: Garchomp|Garchomp-Mega, L50, F
|-mega|p1a: Garchomp|Garchomp|Garchompite
|move|p2b: Staraptor|Protect|p2b: Staraptor
|-singleturn|p2b: Staraptor|Protect
|move|p1a: Garchomp|Dragon Pulse|p2b: Staraptor
|-activate|p2b: Staraptor|move: Protect
|move|p1b: Toxapex|Infestation|p2a: Whimsicott
|-damage|p2a: Whimsicott|95/100
|-activate|p2a: Whimsicott|move: Infestation|[of] p1b: Toxapex
|
|-weather|Sandstorm|[upkeep]
|-damage|p2b: Staraptor|81/100|[from] Sandstorm
|-damage|p2a: Whimsicott|89/100|[from] Sandstorm
|-damage|p1b: Toxapex|94/100|[from] Sandstorm
|-heal|p1b: Toxapex|100/100|[from] item: Leftovers
|-damage|p2a: Whimsicott|77/100|[from] move: Infestation|[partiallytrapped]
|upkeep
|turn|4
|
|t:|1785593471
|move|p2a: Whimsicott|Charm|p2b: Staraptor
|-boost|p2b: Staraptor|atk|2
|move|p2b: Staraptor|Dual Wingbeat|p1b: Toxapex|[miss]
|-miss|p2b: Staraptor|p1b: Toxapex
|move|p1a: Garchomp|Dragon Pulse|p2b: Staraptor
|-damage|p2b: Staraptor|24/100
|move|p1b: Toxapex|Toxic|p2b: Staraptor
|-status|p2b: Staraptor|tox
|
|-weather|Sandstorm|[upkeep]
|-damage|p2b: Staraptor|17/100 tox|[from] Sandstorm
|-damage|p2a: Whimsicott|71/100|[from] Sandstorm
|-damage|p1b: Toxapex|94/100|[from] Sandstorm
|-heal|p1b: Toxapex|100/100|[from] item: Leftovers
|-damage|p2b: Staraptor|11/100 tox|[from] psn
|-damage|p2a: Whimsicott|59/100|[from] move: Infestation|[partiallytrapped]
|upkeep
|turn|5
|
|t:|1785593496
|move|p1a: Garchomp|Protect|p1a: Garchomp
|-singleturn|p1a: Garchomp|Protect
|move|p1b: Toxapex|Baneful Bunker|p1b: Toxapex
|-singleturn|p1b: Toxapex|move: Protect
|move|p2a: Whimsicott|Light Screen|p2a: Whimsicott
|-sidestart|p2: Koraidonkoalition|move: Light Screen
|move|p2b: Staraptor|Roost|p2b: Staraptor
|-heal|p2b: Staraptor|61/100 tox
|-singleturn|p2b: Staraptor|move: Roost
|
|-weather|none
|-damage|p2b: Staraptor|49/100 tox|[from] psn
|-damage|p2a: Whimsicott|47/100|[from] move: Infestation|[partiallytrapped]
|upkeep
|turn|6
|
|t:|1785593525
|move|p2a: Whimsicott|Charm|p2b: Staraptor
|-boost|p2b: Staraptor|atk|2
|move|p2b: Staraptor|Close Combat|p1a: Garchomp
|-damage|p1a: Garchomp|0 fnt
|-boost|p2b: Staraptor|def|1
|-boost|p2b: Staraptor|spd|1
|faint|p1a: Garchomp
|move|p1b: Toxapex|Infestation|p2b: Staraptor
|-resisted|p2b: Staraptor|2
|-damage|p2b: Staraptor|48/100 tox
|-activate|p2b: Staraptor|move: Infestation|[of] p1b: Toxapex
|
|-damage|p2b: Staraptor|30/100 tox|[from] psn
|-damage|p2b: Staraptor|17/100 tox|[from] move: Infestation|[partiallytrapped]
|-damage|p2a: Whimsicott|35/100|[from] move: Infestation|[partiallytrapped]
|upkeep
|
|t:|1785593537
|switch|p1a: Tyranitar|Tyranitar, L50, F|100/100
|-weather|Sandstorm|[from] ability: Sand Stream|[of] p1a: Tyranitar
|turn|7
|
|t:|1785593559
|move|p1b: Toxapex|Baneful Bunker|p1b: Toxapex
|-singleturn|p1b: Toxapex|move: Protect
|move|p2b: Staraptor|Close Combat|p1a: Tyranitar
|-supereffective|p1a: Tyranitar|2
|-damage|p1a: Tyranitar|0 fnt
|-boost|p2b: Staraptor|def|1
|-boost|p2b: Staraptor|spd|1
|faint|p1a: Tyranitar
|move|p2a: Whimsicott|Moonblast|p1b: Toxapex
|-activate|p1b: Toxapex|move: Protect
|
|-weather|Sandstorm|[upkeep]
|-damage|p2b: Staraptor|11/100 tox|[from] Sandstorm
|-damage|p2a: Whimsicott|29/100|[from] Sandstorm
|-damage|p1b: Toxapex|94/100|[from] Sandstorm
|-heal|p1b: Toxapex|100/100|[from] item: Leftovers
|-damage|p2b: Staraptor|0 fnt|[from] psn
|faint|p2b: Staraptor
|-damage|p2a: Whimsicott|17/100|[from] move: Infestation|[partiallytrapped]
|upkeep
|
|t:|1785593561
|switch|p2b: Sneasler|Sneasler, L50, M|100/100
|turn|8
|
|t:|1785593578
|move|p2b: Sneasler|Fake Out|p1b: Toxapex
|-crit|p1b: Toxapex
|-damage|p1b: Toxapex|83/100
|move|p2a: Whimsicott|Moonblast|p1b: Toxapex
|-resisted|p1b: Toxapex|1
|-damage|p1b: Toxapex|72/100
|cant|p1b: Toxapex|flinch
|
|-weather|Sandstorm|[upkeep]
|-damage|p2b: Sneasler|94/100|[from] Sandstorm
|-damage|p2a: Whimsicott|11/100|[from] Sandstorm
|-damage|p1b: Toxapex|66/100|[from] Sandstorm
|-heal|p1b: Toxapex|72/100|[from] item: Leftovers
|-end|p2a: Whimsicott|Infestation|[partiallytrapped]
|upkeep
|turn|9
|
|t:|1785593589
|move|p2b: Sneasler|Dire Claw|p1b: Toxapex
|-resisted|p1b: Toxapex|1
|-damage|p1b: Toxapex|57/100
|-status|p1b: Toxapex|slp
|move|p2a: Whimsicott|Moonblast|p1b: Toxapex
|-resisted|p1b: Toxapex|1
|-damage|p1b: Toxapex|47/100 slp
|cant|p1b: Toxapex|slp
|
|-weather|Sandstorm|[upkeep]
|-damage|p2b: Sneasler|88/100|[from] Sandstorm
|-damage|p2a: Whimsicott|5/100|[from] Sandstorm
|-damage|p1b: Toxapex|42/100 slp|[from] Sandstorm
|-heal|p1b: Toxapex|47/100 slp|[from] item: Leftovers
|-sideend|p2: Koraidonkoalition|move: Light Screen
|upkeep
|turn|10
|
|t:|1785593599
|cant|p1b: Toxapex|slp
|move|p2b: Sneasler|Dire Claw|p1b: Toxapex
|-resisted|p1b: Toxapex|1
|-damage|p1b: Toxapex|33/100 slp
|move|p2a: Whimsicott|Moonblast|p1b: Toxapex
|-resisted|p1b: Toxapex|1
|-damage|p1b: Toxapex|24/100 slp
|
|-weather|Sandstorm|[upkeep]
|-damage|p2b: Sneasler|82/100|[from] Sandstorm
|-damage|p2a: Whimsicott|0 fnt|[from] Sandstorm
|-damage|p1b: Toxapex|18/100 slp|[from] Sandstorm
|faint|p2a: Whimsicott
|-heal|p1b: Toxapex|24/100 slp|[from] item: Leftovers
|upkeep
|
|t:|1785593606
|switch|p2a: Garchomp|Garchomp, L50, M|3/100
|turn|11
|
|t:|1785593616
|move|p2a: Garchomp|Protect|p2a: Garchomp
|-singleturn|p2a: Garchomp|Protect
|move|p2b: Sneasler|Dire Claw|p1b: Toxapex
|-resisted|p1b: Toxapex|1
|-damage|p1b: Toxapex|10/100 slp
|-curestatus|p1b: Toxapex|slp|[msg]
|move|p1b: Toxapex|Toxic|p2a: Garchomp
|-activate|p2a: Garchomp|move: Protect
|
|-weather|none
|-heal|p1b: Toxapex|16/100|[from] item: Leftovers
|upkeep
|turn|12
|-message|pokehugov forfeited.
|
|win|Koraidonkoalition
