|j|☆sum1dum
|j|☆Capyburu1918
|html|sum1dumCapyburu1918    
|uhtml|bestof|Game 1 of a best-of-3
|t:|1784662803
|gametype|doubles
|player|p1|sum1dum|rosa|1117
|player|p2|Capyburu1918|caitlin|1096
|gen|9
|tier|[Gen 9 Champions] VGC 2026 Reg M-B (Bo3)
|rated|
|rule|Species Clause: Limit one of each Pokémon
|rule|Item Clause: Limit 1 of each item
|clearpoke
|poke|p1|Gliscor, L50, M|
|poke|p1|Primarina, L50, M|
|poke|p1|Metagross, L50|
|poke|p1|Ninetales-Alola, L50, M|
|poke|p1|Incineroar, L50, M|
|poke|p1|Sinistcha, L50|
|poke|p2|Charizard, L50, M, shiny|
|poke|p2|Venusaur, L50, F, shiny|
|poke|p2|Archaludon, L50, M, shiny|
|poke|p2|Pelipper, L50, M, shiny|
|poke|p2|Grimmsnarl, L50, M, shiny|
|poke|p2|Basculegion, L50, M, shiny|
|teampreview|4
|showteam|p1|Gliscor||LifeOrb|HyperCutter|DualWingbeat,HighHorsepower,Protect,RockSlide|Jolly||M|||50|]Primarina||Leftovers|LiquidVoice|CalmMind,HyperVoice,Moonblast,Protect|Modest||M|||50|]Metagross||Metagrossite|ClearBody|BulletPunch,IronHead,Protect,PsychicFangs|Jolly|||||50|]Ninetales-Alola||LightClay|SnowWarning|AuroraVeil,FreezeDry,Moonblast,Protect|Timid||M|||50|]Incineroar||ChopleBerry|Intimidate|FakeOut,FlareBlitz,DarkestLariat,PartingShot|Impish||M|||50|]Sinistcha||SitrusBerry|Hospitality|MatchaGotcha,Protect,LifeDew,RagePowder|Bold|||||50|
|showteam|p2|Charizard||CharizarditeY|Blaze|HeatWave,WeatherBall,SolarBeam,Protect|Modest||M|||50|]Venusaur||FocusSash|Chlorophyll|SludgeBomb,EarthPower,SleepPowder,Protect|Modest||F|||50|]Archaludon||Leftovers|Stamina|ElectroShot,DragonClaw,FlashCannon,Protect|Calm||M|||50|]Pelipper||SitrusBerry|Drizzle|WeatherBall,Hurricane,Tailwind,WideGuard|Modest||M|||50|]Grimmsnarl||LightClay|Prankster|SpiritBreak,PartingShot,LightScreen,Reflect|Sassy||M|||50|]Basculegion||ChoiceScarf|Adaptability|WaveCrash,LastRespects,AquaJet,FlipTurn|Jolly||M|||50|
|inactive|Battle timer is ON: inactive players will automatically lose when time's up. (requested by sum1dum)
|inactive|sum1dum has 60 seconds left.
|
|t:|1784662861
|teamsize|p1|4
|teamsize|p2|4
|start
|switch|p1a: Gliscor|Gliscor, L50, M|100/100
|switch|p1b: Incineroar|Incineroar, L50, M|100/100
|switch|p2a: Pelipper|Pelipper, L50, M, shiny|100/100
|switch|p2b: Archaludon|Archaludon, L50, M, shiny|100/100
|-weather|RainDance|[from] ability: Drizzle|[of] p2a: Pelipper
|-ability|p1b: Incineroar|Intimidate|boost
|-unboost|p2a: Pelipper|atk|1
|-unboost|p2b: Archaludon|atk|1
|turn|1
|c|☆sum1dum|dragon claw?
|inactive|sum1dum has 30 seconds left.
|
|t:|1784662892
|move|p1b: Incineroar|Fake Out|p2a: Pelipper
|-damage|p2a: Pelipper|88/100
|move|p1a: Gliscor|High Horsepower|p2b: Archaludon
|-supereffective|p2b: Archaludon|1
|-damage|p2b: Archaludon|31/100
|-ability|p2b: Archaludon|Stamina|boost
|-boost|p2b: Archaludon|def|1
|-damage|p1a: Gliscor|90/100|[from] item: Life Orb
|move|p2b: Archaludon|Electro Shot||[still]
|-prepare|p2b: Archaludon|Electro Shot
|-boost|p2b: Archaludon|spa|1
|-anim|p2b: Archaludon|Electro Shot|p1b: Incineroar
|-damage|p1b: Incineroar|51/100
|cant|p2a: Pelipper|flinch
|
|-weather|RainDance|[upkeep]
|-heal|p2b: Archaludon|37/100|[from] item: Leftovers
|upkeep
|turn|2
|
|t:|1784662910
|switch|p1b: Ninetales|Ninetales-Alola, L50, M|100/100
|-weather|Snowscape|[from] ability: Snow Warning|[of] p1b: Ninetales
|move|p1a: Gliscor|High Horsepower|p2b: Archaludon
|-supereffective|p2b: Archaludon|1
|-damage|p2b: Archaludon|0 fnt
|faint|p2b: Archaludon
|-damage|p1a: Gliscor|80/100|[from] item: Life Orb
|move|p2a: Pelipper|Weather Ball|p1a: Gliscor
|-supereffective|p1a: Gliscor|2
|-damage|p1a: Gliscor|0 fnt
|faint|p1a: Gliscor
|
|-weather|Snowscape|[upkeep]
|upkeep
|
|t:|1784662925
|switch|p1a: Primarina|Primarina, L50, M|100/100
|switch|p2b: Charizard|Charizard, L50, M, shiny|100/100
|turn|3
|
|t:|1784662941
|switch|p1b: Incineroar|Incineroar, L50, M|51/100
|-ability|p1b: Incineroar|Intimidate|boost
|-unboost|p2a: Pelipper|atk|1
|-unboost|p2b: Charizard|atk|1
|detailschange|p2b: Charizard|Charizard-Mega-Y, L50, M, shiny
|-mega|p2b: Charizard|Charizard|Charizardite Y
|-weather|SunnyDay|[from] ability: Drought|[of] p2b: Charizard
|move|p1a: Primarina|Protect|p1a: Primarina
|-singleturn|p1a: Primarina|Protect
|move|p2a: Pelipper|Wide Guard|p2a: Pelipper
|-singleturn|p2a: Pelipper|Wide Guard
|move|p2b: Charizard|Heat Wave|p1a: Primarina|[spread] p1b
|-activate|p1a: Primarina|move: Protect
|-resisted|p1b: Incineroar|1
|-damage|p1b: Incineroar|24/100
|
|-weather|SunnyDay|[upkeep]
|upkeep
|turn|4
|
|t:|1784662959
|move|p1b: Incineroar|Fake Out|p2b: Charizard
|-damage|p2b: Charizard|88/100
|cant|p2b: Charizard|flinch
|move|p2a: Pelipper|Tailwind|p2a: Pelipper
|-sidestart|p2: Capyburu1918|move: Tailwind
|move|p1a: Primarina|Calm Mind|p1a: Primarina
|-boost|p1a: Primarina|spa|1
|-boost|p1a: Primarina|spd|1
|
|-weather|SunnyDay|[upkeep]
|upkeep
|turn|5
|
|t:|1784662975
|move|p1a: Primarina|Protect|p1a: Primarina
|-singleturn|p1a: Primarina|Protect
|move|p2a: Pelipper|Wide Guard|p2a: Pelipper
|-singleturn|p2a: Pelipper|Wide Guard
|move|p2b: Charizard|Solar Beam||[still]
|-prepare|p2b: Charizard|Solar Beam
|-anim|p2b: Charizard|Solar Beam|p1a: Primarina
|-activate|p1a: Primarina|move: Protect
|move|p1b: Incineroar|Parting Shot|p2b: Charizard
|-unboost|p2b: Charizard|atk|1
|-unboost|p2b: Charizard|spa|1
|
|t:|1784662978
|switch|p1b: Ninetales|Ninetales-Alola, L50, M|100/100|[from] Parting Shot
|-weather|Snowscape|[from] ability: Snow Warning|[of] p1b: Ninetales
|
|-weather|Snowscape|[upkeep]
|upkeep
|turn|6
|
|t:|1784662993
|move|p2a: Pelipper|Wide Guard|p2a: Pelipper
|-singleturn|p2a: Pelipper|Wide Guard
|move|p2b: Charizard|Heat Wave|p1a: Primarina|[spread] p1a
|-miss|p2b: Charizard|p1b: Ninetales
|-resisted|p1a: Primarina|1
|-crit|p1a: Primarina
|-damage|p1a: Primarina|75/100
|move|p1b: Ninetales|Freeze-Dry|p2a: Pelipper
|-supereffective|p2a: Pelipper|2
|-damage|p2a: Pelipper|0 fnt
|faint|p2a: Pelipper
|move|p1a: Primarina|Calm Mind|p1a: Primarina
|-boost|p1a: Primarina|spa|1
|-boost|p1a: Primarina|spd|1
|
|-weather|Snowscape|[upkeep]
|-heal|p1a: Primarina|81/100|[from] item: Leftovers
|upkeep
|
|t:|1784663007
|switch|p2a: Basculegion|Basculegion, L50, M, shiny|100/100
|turn|7
|
|t:|1784663018
|move|p1b: Ninetales|Protect|p1b: Ninetales
|-singleturn|p1b: Ninetales|Protect
|move|p1a: Primarina|Protect|p1a: Primarina
|-singleturn|p1a: Primarina|Protect
|move|p2a: Basculegion|Last Respects|p1a: Primarina
|-activate|p1a: Primarina|move: Protect
|move|p2b: Charizard|Heat Wave|p1b: Ninetales|[spread] 
|-activate|p1a: Primarina|move: Protect
|-activate|p1b: Ninetales|move: Protect
|
|-weather|Snowscape|[upkeep]
|-heal|p1a: Primarina|87/100|[from] item: Leftovers
|-sideend|p2: Capyburu1918|move: Tailwind
|upkeep
|turn|8
|
|t:|1784663032
|switch|p1a: Incineroar|Incineroar, L50, M|24/100
|-ability|p1a: Incineroar|Intimidate|boost
|-unboost|p2a: Basculegion|atk|1
|-unboost|p2b: Charizard|atk|1
|move|p2a: Basculegion|Last Respects|p1a: Incineroar
|-resisted|p1a: Incineroar|1
|-damage|p1a: Incineroar|1/100
|move|p1b: Ninetales|Freeze-Dry|p2a: Basculegion
|-supereffective|p2a: Basculegion|1
|-damage|p2a: Basculegion|34/100
|move|p2b: Charizard|Heat Wave|p1a: Incineroar|[spread] p1a,p1b
|-resisted|p1a: Incineroar|1
|-supereffective|p1b: Ninetales|1
|-damage|p1a: Incineroar|0 fnt
|-damage|p1b: Ninetales|32/100
|faint|p1a: Incineroar
|
|-weather|Snowscape|[upkeep]
|upkeep
|
|t:|1784663034
|switch|p1a: Primarina|Primarina, L50, M|87/100
|turn|9
|
|t:|1784663050
|move|p2a: Basculegion|Last Respects|p1a: Primarina
|-damage|p1a: Primarina|20/100y
|move|p1b: Ninetales|Freeze-Dry|p2a: Basculegion
|-supereffective|p2a: Basculegion|1
|-damage|p2a: Basculegion|0 fnt
|faint|p2a: Basculegion
|move|p2b: Charizard|Heat Wave|p1a: Primarina|[spread] p1a,p1b
|-resisted|p1a: Primarina|1
|-supereffective|p1b: Ninetales|1
|-damage|p1a: Primarina|9/100
|-damage|p1b: Ninetales|0 fnt
|faint|p1b: Ninetales
|move|p1a: Primarina|Moonblast|p2b: Charizard
|-resisted|p2b: Charizard|1
|-damage|p2b: Charizard|66/100
|
|-weather|none
|-heal|p1a: Primarina|15/100|[from] item: Leftovers
|upkeep
|turn|10
|inactive|Capyburu1918 has 30 seconds left.
|
|t:|1784663078
|move|p2b: Charizard|Solar Beam||[still]
|-prepare|p2b: Charizard|Solar Beam
|move|p1a: Primarina|Hyper Voice|p2b: Charizard
|-supereffective|p2b: Charizard|1
|-damage|p2b: Charizard|0 fnt
|faint|p2b: Charizard
|
|win|sum1dum
