|j|☆moicito
|j|☆ZXMaverickHunter
|html|moicitoZXMaverickHunter    
|uhtml|bestof|Game 2 of a best-of-3
|t:|1756353172
|gametype|doubles
|player|p1|moicito|caitlin|1156
|player|p2|ZXMaverickHunter|flint|1132
|gen|9
|tier|[Gen 9] VGC 2025 Reg H (Bo3)
|rated|
|rule|Species Clause: Limit one of each Pokémon
|rule|Item Clause: Limit 1 of each item
|clearpoke
|poke|p1|Kingambit, L50, F|
|poke|p1|Rillaboom, L50, F|
|poke|p1|Magmar, L50, F|
|poke|p1|Primarina, L50, M|
|poke|p1|Sneasler, L50, M|
|poke|p1|Dragapult, L50, M|
|poke|p2|Rillaboom, L50, F|
|poke|p2|Dragonite, L50, M|
|poke|p2|Sneasler, L50, M|
|poke|p2|Ninetales-Alola, L50, M|
|poke|p2|Kingambit, L50, F|
|poke|p2|Magmar, L50, M|
|teampreview|4
|showteam|p1|Kingambit||BlackGlasses|Defiant|Protect,KowtowCleave,SuckerPunch,SwordsDance|||F|||50|,,,,,Ghost]Rillaboom||AssaultVest|GrassySurge|WoodHammer,GrassyGlide,HighHorsepower,FakeOut|||F|||50|,,,,,Fire]Magmar||Eviolite|VitalSpirit|Overheat,WillOWisp,FollowMe,Protect|||F|||50|,,,,,Ghost]Primarina||SitrusBerry|LiquidVoice|HyperVoice,Moonblast,Haze,Protect|||M|||50|,,,,,Water]Sneasler||FocusSash|PoisonTouch|CloseCombat,DireClaw,Coaching,FakeOut|||M|||50|,,,,,Stellar]Dragapult||ChoiceBand|ClearBody|DragonDarts,TeraBlast,PhantomForce,Uturn|||M|||50|,,,,,Ghost
|showteam|p2|Rillaboom||AssaultVest|GrassySurge|WoodHammer,GrassyGlide,HighHorsepower,FakeOut|||F|||50|,,,,,Fire]Dragonite||LoadedDice|Multiscale|Protect,ScaleShot,LowKick,Haze|||M|||50|,,,,,Fairy]Sneasler||WhiteHerb|Unburden|Protect,DireClaw,CloseCombat,Coaching|||M|||50|,,,,,Ghost]Ninetales-Alola||ChoiceSpecs|SnowWarning|Blizzard,IcyWind,Moonblast,FreezeDry|||M|||50|,,,,,Ghost]Kingambit||SafetyGoggles|Defiant|Protect,KowtowCleave,SuckerPunch,SwordsDance|||F|||50|,,,,,Dark]Magmar||Eviolite|VitalSpirit|Protect,FollowMe,Overheat,WillOWisp|||M|||50|,,,,,Dragon
|
|t:|1756353228
|teamsize|p1|4
|teamsize|p2|4
|start
|switch|p1a: Dragapult|Dragapult, L50, M|100/100
|switch|p1b: Snisli|Sneasler, L50, M|100/100
|switch|p2a: Kingambling|Kingambit, L50, F, shiny|100/100
|switch|p2b: Mogmar|Magmar, L50, M, shiny|100/100
|turn|1
|inactive|Battle timer is ON: inactive players will automatically lose when time's up. (requested by ZXMaverickHunter)
|inactive|moicito has 60 seconds left.
|
|t:|1756353270
|switch|p1a: Rilli|Rillaboom, L50, F, shiny|100/100
|-fieldstart|move: Grassy Terrain|[from] ability: Grassy Surge|[of] p1a: Rilli
|move|p2b: Mogmar|Protect|p2b: Mogmar
|-singleturn|p2b: Mogmar|Protect
|move|p2a: Kingambling|Protect|p2a: Kingambling
|-singleturn|p2a: Kingambling|Protect
|move|p1b: Snisli|Coaching|p1a: Rilli
|-boost|p1a: Rilli|atk|1
|-boost|p1a: Rilli|def|1
|
|upkeep
|turn|2
|inactive|moicito has 30 seconds left.
|
|t:|1756353302
|switch|p2a: 90% = 50%|Dragonite, L50, M, shiny|100/100
|-terastallize|p1a: Rilli|Fire
|move|p1b: Snisli|Close Combat|p2a: 90% = 50%
|-resisted|p2a: 90% = 50%
|-damage|p2a: 90% = 50%|84/100
|-unboost|p1b: Snisli|def|1
|-unboost|p1b: Snisli|spd|1
|-status|p2a: 90% = 50%|psn|[from] ability: Poison Touch|[of] p1b: Snisli
|move|p2b: Mogmar|Overheat|p1a: Rilli
|-resisted|p1a: Rilli
|-damage|p1a: Rilli|83/100
|-unboost|p2b: Mogmar|spa|2
|move|p1a: Rilli|High Horsepower|p2b: Mogmar
|-supereffective|p2b: Mogmar
|-damage|p2b: Mogmar|13/100
|
|-heal|p2b: Mogmar|19/100|[from] Grassy Terrain
|-heal|p1a: Rilli|89/100|[from] Grassy Terrain
|-damage|p2a: 90% = 50%|72/100 psn|[from] psn
|upkeep
|turn|3
|inactive|moicito has 30 seconds left.
|inactive|ZXMaverickHunter has 30 seconds left.
|inactive|moicito has 20 seconds left.
|inactive|moicito has 15 seconds left.
|inactive|ZXMaverickHunter has 20 seconds left.
|inactive|moicito has 10 seconds left.
|inactive|ZXMaverickHunter has 15 seconds left.
|inactive|moicito has 5 seconds left.
|
|t:|1756353357
|move|p2b: Mogmar|Follow Me|p2b: Mogmar
|-singleturn|p2b: Mogmar|move: Follow Me
|move|p1b: Snisli|Coaching|p1a: Rilli
|-boost|p1a: Rilli|atk|1
|-boost|p1a: Rilli|def|1
|move|p2a: 90% = 50%|Scale Shot|p1b: Snisli
|-damage|p1b: Snisli|59/100
|-damage|p1b: Snisli|20/100
|-damage|p1b: Snisli|0 fnt
|faint|p1b: Snisli
|-hitcount|p1: Snisli|3
|-unboost|p2a: 90% = 50%|def|1
|-boost|p2a: 90% = 50%|spe|1
|move|p1a: Rilli|High Horsepower|p2b: Mogmar
|-supereffective|p2b: Mogmar
|-damage|p2b: Mogmar|0 fnt
|faint|p2b: Mogmar
|
|-heal|p1a: Rilli|95/100|[from] Grassy Terrain
|-damage|p2a: 90% = 50%|60/100 psn|[from] psn
|upkeep
|inactive|ZXMaverickHunter has 30 seconds left.
|
|t:|1756353382
|switch|p1b: Kingii|Kingambit, L50, F, shiny|100/100
|switch|p2b: Kingambling|Kingambit, L50, F, shiny|100/100
|turn|4
|inactive|ZXMaverickHunter has 30 seconds left.
|
|t:|1756353416
|move|p1a: Rilli|Grassy Glide|p2a: 90% = 50%
|-resisted|p2a: 90% = 50%
|-damage|p2a: 90% = 50%|29/100 psn
|move|p2a: 90% = 50%|Haze|p2a: 90% = 50%
|-clearallboost
|move|p1b: Kingii|Kowtow Cleave|p2a: 90% = 50%
|-damage|p2a: 90% = 50%|0 fnt
|faint|p2a: 90% = 50%
|move|p2b: Kingambling|Swords Dance|p2b: Kingambling
|-boost|p2b: Kingambling|atk|2
|
|-heal|p1a: Rilli|100/100|[from] Grassy Terrain
|upkeep
|
|t:|1756353428
|switch|p2a: Noah's BFF|Sneasler, L50, M, shiny|100/100
|turn|5
|inactive|moicito has 30 seconds left.
|inactive|ZXMaverickHunter has 30 seconds left.
|inactive|ZXMaverickHunter has 20 seconds left.
|
|t:|1756353467
|switch|p1b: Dragapult|Dragapult, L50, M|100/100
|-terastallize|p2b: Kingambling|Dark
|move|p2a: Noah's BFF|Close Combat|p1b: Dragapult
|-immune|p1b: Dragapult
|move|p1a: Rilli|High Horsepower|p2a: Noah's BFF
|-supereffective|p2a: Noah's BFF
|-damage|p2a: Noah's BFF|0 fnt
|faint|p2a: Noah's BFF
|move|p2b: Kingambling|Kowtow Cleave|p1a: Rilli
|-damage|p1a: Rilli|0 fnt
|faint|p1a: Rilli
|
|-fieldend|move: Grassy Terrain
|upkeep
|
|t:|1756353480
|switch|p1a: Kingii|Kingambit, L50, F, shiny|100/100
|turn|6
|
|t:|1756353493
|move|p2b: Kingambling|Sucker Punch|p1b: Dragapult
|-supereffective|p1b: Dragapult
|-damage|p1b: Dragapult|0 fnt
|faint|p1b: Dragapult
|move|p1a: Kingii|Swords Dance|p1a: Kingii
|-boost|p1a: Kingii|atk|2
|
|upkeep
|turn|7
|
|t:|1756353508
|move|p1a: Kingii|Kowtow Cleave|p2b: Kingambling
|-resisted|p2b: Kingambling
|-damage|p2b: Kingambling|60/100
|move|p2b: Kingambling|Kowtow Cleave|p1a: Kingii
|-resisted|p1a: Kingii
|-damage|p1a: Kingii|50/100
|
|upkeep
|turn|8
|
|t:|1756353522
|move|p1a: Kingii|Swords Dance|p1a: Kingii
|-boost|p1a: Kingii|atk|2
|move|p2b: Kingambling|Kowtow Cleave|p1a: Kingii
|-resisted|p1a: Kingii
|-damage|p1a: Kingii|4/100
|
|upkeep
|turn|9
|
|t:|1756353543
|move|p1a: Kingii|Sucker Punch|p2b: Kingambling
|-resisted|p2b: Kingambling
|-damage|p2b: Kingambling|5/100
|move|p2b: Kingambling|Sucker Punch||[still]
|-fail|p2b: Kingambling
|
|upkeep
|turn|10
|
|t:|1756353554
|move|p1a: Kingii|Sucker Punch||[still]
|-fail|p1a: Kingii
|move|p2b: Kingambling|Swords Dance|p2b: Kingambling
|-boost|p2b: Kingambling|atk|2
|
|upkeep
|turn|11
|
|t:|1756353564
|move|p1a: Kingii|Sucker Punch||[still]
|-fail|p1a: Kingii
|move|p2b: Kingambling|Swords Dance|p2b: Kingambling
|-boost|p2b: Kingambling|atk|2
|
|upkeep
|turn|12
|
|t:|1756353574
|move|p1a: Kingii|Protect|p1a: Kingii
|-singleturn|p1a: Kingii|Protect
|move|p2b: Kingambling|Protect||[still]
|-fail|p2b: Kingambling
|
|upkeep
|turn|13
|
|t:|1756353591
|move|p1a: Kingii|Sucker Punch|p2b: Kingambling
|-resisted|p2b: Kingambling
|-damage|p2b: Kingambling|0 fnt
|faint|p2b: Kingambling
|
|win|moicito
||moicito is ready for game 3.
|inactive|ZXMaverickHunter has 30 seconds to confirm battle start!
|inactive|ZXMaverickHunter has 20 seconds to confirm battle start!
|inactive|ZXMaverickHunter has 10 seconds to confirm battle start!
|uhtml|next|Next: Game 3 of 3
