|j|☆onxlaughtvgc
|j|☆MIMHvgc
|html|onxlaughtvgcMIMHvgc    
|uhtml|bestof|Game 3 of a best-of-3
|t:|1757803195
|gametype|doubles
|player|p1|onxlaughtvgc|veteran|1082
|player|p2|MIMHvgc|miku-fairy|1066
|gen|9
|tier|[Gen 9] VGC 2025 Reg H (Bo3)
|rated|
|rule|Species Clause: Limit one of each Pokémon
|rule|Item Clause: Limit 1 of each item
|clearpoke
|poke|p1|Kleavor, L50, M|
|poke|p1|Tyranitar, L50, M|
|poke|p1|Excadrill, L50, M|
|poke|p1|Garchomp, L50, M|
|poke|p1|Klefki, L50, F|
|poke|p1|Mandibuzz, L50, F|
|poke|p2|Volcarona, L50, M|
|poke|p2|Basculegion, L50, M|
|poke|p2|Baxcalibur, L50, F|
|poke|p2|Rillaboom, L50, M|
|poke|p2|Sneasler, L50, M|
|poke|p2|Ninetales-Alola, L50, F|
|teampreview|4
|showteam|p1|Kleavor||ChoiceBand|Sharpness|StoneAxe,AerialAce,NightSlash,CloseCombat|||M|||50|,,,,,Ghost]Tyranitar||AssaultVest|SandStream|RockSlide,KnockOff,LowKick,HighHorsepower|||M|||50|,,,,,Flying]Excadrill||FocusSash|SandRush|Earthquake,RockSlide,IronHead,Protect|||M|||50|,,,,,Ground]Garchomp||BrightPowder|SandVeil|StompingTantrum,RockSlide,SwordsDance,Protect|||M|||50|,,,,,Fire]Klefki||LightClay|Prankster|Reflect,ThunderWave,DrainingKiss,LightScreen|||F|||50|,,,,,Water]Mandibuzz||Leftovers|Overcoat|FoulPlay,Tailwind,Protect,Uturn|||F|||50|,,,,,Poison
|showteam|p2|Volcarona||Leftovers|FlameBody|FieryDance,GigaDrain,QuiverDance,Protect|||M|||50|,,,,,Grass]Basculegion||ChoiceScarf|Adaptability|WaveCrash,LastRespects,FlipTurn,AquaJet|||M|||50|,,,,,Water]Baxcalibur||LoadedDice|ThermalExchange|IcicleSpear,ScaleShot,IceShard,Protect|||F|||50|,,,,,Ghost]Rillaboom||AssaultVest|GrassySurge|GrassyGlide,FakeOut,WoodHammer,Uturn|||M|||50|,,,,,Fire]Sneasler||WhiteHerb|Unburden|DireClaw,CloseCombat,Coaching,Protect|||M|||50|,,,,,Ghost]Ninetales-Alola||CovertCloak|SnowWarning|Blizzard,AuroraVeil,Encore,Protect|||F|||50|,,,,,Water
|inactive|Battle timer is ON: inactive players will automatically lose when time's up. (requested by onxlaughtvgc)
|
|t:|1757803222
|teamsize|p1|4
|teamsize|p2|4
|start
|switch|p1a: Kleavor|Kleavor, L50, M|100/100
|switch|p1b: Klefki|Klefki, L50, F|100/100
|switch|p2a: Portgas D. Moth|Volcarona, L50, M, shiny|100/100
|switch|p2b: Ninetales-She/They|Ninetales-Alola, L50, F|100/100
|-weather|Snowscape|[from] ability: Snow Warning|[of] p2b: Ninetales-She/They
|turn|1
|inactive|onxlaughtvgc has 30 seconds left.
|
|t:|1757803247
|switch|p2b: Monke D. Luffy|Rillaboom, L50, M|100/100
|-fieldstart|move: Grassy Terrain|[from] ability: Grassy Surge|[of] p2b: Monke D. Luffy
|-terastallize|p2a: Portgas D. Moth|Grass
|move|p1b: Klefki|Light Screen|p1b: Klefki
|-sidestart|p1: onxlaughtvgc|move: Light Screen
|move|p1a: Kleavor|Stone Axe|p2a: Portgas D. Moth
|-damage|p2a: Portgas D. Moth|11/100
|-sidestart|p2: MIMHvgc|move: Stealth Rock
|move|p2a: Portgas D. Moth|Quiver Dance|p2a: Portgas D. Moth
|-boost|p2a: Portgas D. Moth|spa|1
|-boost|p2a: Portgas D. Moth|spd|1
|-boost|p2a: Portgas D. Moth|spe|1
|
|-weather|Snowscape|[upkeep]
|-heal|p2a: Portgas D. Moth|18/100|[from] Grassy Terrain
|-heal|p2a: Portgas D. Moth|24/100|[from] item: Leftovers
|upkeep
|turn|2
|
|t:|1757803279
|-terastallize|p1a: Kleavor|Ghost
|move|p2b: Monke D. Luffy|Grassy Glide|p1a: Kleavor
|-damage|p1a: Kleavor|55/100
|move|p1b: Klefki|Thunder Wave|p2a: Portgas D. Moth
|-status|p2a: Portgas D. Moth|par
|move|p1a: Kleavor|Stone Axe|p2a: Portgas D. Moth
|-damage|p2a: Portgas D. Moth|0 fnt
|faint|p2a: Portgas D. Moth
|
|-weather|Snowscape|[upkeep]
|-heal|p1a: Kleavor|61/100|[from] Grassy Terrain
|upkeep
|
|t:|1757803288
|switch|p2a: I'm sorry.|Sneasler, L50, M|100/100
|-damage|p2a: I'm sorry.|95/100|[from] Stealth Rock
|turn|3
|
|t:|1757803300
|move|p1b: Klefki|Reflect|p1b: Klefki
|-sidestart|p1: onxlaughtvgc|Reflect
|move|p2a: I'm sorry.|Coaching|p2b: Monke D. Luffy
|-boost|p2b: Monke D. Luffy|atk|1
|-boost|p2b: Monke D. Luffy|def|1
|move|p1a: Kleavor|Stone Axe|p2b: Monke D. Luffy
|-damage|p2b: Monke D. Luffy|48/100
|move|p2b: Monke D. Luffy|Wood Hammer|p1b: Klefki
|-resisted|p1b: Klefki
|-damage|p1b: Klefki|62/100
|-damage|p2b: Monke D. Luffy|38/100|[from] Recoil
|
|-weather|Snowscape|[upkeep]
|-heal|p2a: I'm sorry.|100/100|[from] Grassy Terrain
|-heal|p1a: Kleavor|68/100|[from] Grassy Terrain
|-heal|p2b: Monke D. Luffy|44/100|[from] Grassy Terrain
|-heal|p1b: Klefki|68/100|[from] Grassy Terrain
|upkeep
|turn|4
|
|t:|1757803317
|move|p2b: Monke D. Luffy|Grassy Glide|p1a: Kleavor
|-damage|p1a: Kleavor|19/100
|move|p1b: Klefki|Thunder Wave|p2a: I'm sorry.
|-status|p2a: I'm sorry.|par
|move|p1a: Kleavor|Stone Axe|p2b: Monke D. Luffy
|-damage|p2b: Monke D. Luffy|0 fnt
|faint|p2b: Monke D. Luffy
|move|p2a: I'm sorry.|Dire Claw|p1a: Kleavor
|-resisted|p1a: Kleavor
|-damage|p1a: Kleavor|3/100
|-status|p1a: Kleavor|slp
|
|-weather|Snowscape|[upkeep]
|-heal|p1a: Kleavor|9/100 slp|[from] Grassy Terrain
|-heal|p1b: Klefki|74/100|[from] Grassy Terrain
|upkeep
|
|t:|1757803321
|switch|p2b: Ninetales-She/They|Ninetales-Alola, L50, F|100/100
|-damage|p2b: Ninetales-She/They|76/100|[from] Stealth Rock
|turn|5
|
|t:|1757803341
|move|p2b: Ninetales-She/They|Blizzard|p1a: Kleavor|[spread] p1a,p1b
|-resisted|p1b: Klefki
|-damage|p1a: Kleavor|0 fnt
|-damage|p1b: Klefki|65/100
|faint|p1a: Kleavor
|move|p1b: Klefki|Draining Kiss|p2a: I'm sorry.
|-damage|p2a: I'm sorry.|81/100 par
|-heal|p1b: Klefki|79/100|[from] drain|[of] p2a: I'm sorry.
|cant|p2a: I'm sorry.|par
|
|-weather|none
|-heal|p2b: Ninetales-She/They|82/100|[from] Grassy Terrain
|-heal|p1b: Klefki|85/100|[from] Grassy Terrain
|-heal|p2a: I'm sorry.|86/100 par|[from] Grassy Terrain
|-fieldend|move: Grassy Terrain
|upkeep
|
|t:|1757803357
|switch|p1a: Tyranitar|Tyranitar, L50, M|100/100
|-weather|Sandstorm|[from] ability: Sand Stream|[of] p1a: Tyranitar
|turn|6
|
|t:|1757803370
|move|p2b: Ninetales-She/They|Protect|p2b: Ninetales-She/They
|-singleturn|p2b: Ninetales-She/They|Protect
|move|p1b: Klefki|Thunder Wave|p2b: Ninetales-She/They
|-activate|p2b: Ninetales-She/They|move: Protect
|move|p2a: I'm sorry.|Close Combat|p1a: Tyranitar
|-supereffective|p1a: Tyranitar
|-damage|p1a: Tyranitar|0 fnt
|-unboost|p2a: I'm sorry.|def|1
|-unboost|p2a: I'm sorry.|spd|1
|faint|p1a: Tyranitar
|-enditem|p2a: I'm sorry.|White Herb
|-clearnegativeboost|p2a: I'm sorry.|[silent]
|
|-weather|Sandstorm|[upkeep]
|-damage|p2a: I'm sorry.|81/100 par|[from] Sandstorm
|-damage|p2b: Ninetales-She/They|76/100|[from] Sandstorm
|upkeep
|
|t:|1757803385
|switch|p1a: Garchomp|Garchomp, L50, M|100/100
|turn|7
|
|t:|1757803392
|move|p2a: I'm sorry.|Dire Claw|p1a: Garchomp
|-resisted|p1a: Garchomp
|-damage|p1a: Garchomp|87/100
|-status|p1a: Garchomp|par
|move|p2b: Ninetales-She/They|Blizzard|p1b: Klefki|[spread] 
|-miss|p2b: Ninetales-She/They|p1a: Garchomp
|-miss|p2b: Ninetales-She/They|p1b: Klefki
|move|p1b: Klefki|Draining Kiss|p2b: Ninetales-She/They
|-damage|p2b: Ninetales-She/They|59/100
|-heal|p1b: Klefki|99/100|[from] drain|[of] p2b: Ninetales-She/They
|move|p1a: Garchomp|Rock Slide|p2a: I'm sorry.|[spread] p2a,p2b
|-resisted|p2a: I'm sorry.
|-supereffective|p2b: Ninetales-She/They
|-damage|p2a: I'm sorry.|64/100 par
|-damage|p2b: Ninetales-She/They|11/100
|
|-weather|Sandstorm|[upkeep]
|-damage|p2a: I'm sorry.|58/100 par|[from] Sandstorm
|-damage|p2b: Ninetales-She/They|5/100|[from] Sandstorm
|upkeep
|turn|8
|
|t:|1757803417
|move|p1a: Garchomp|Protect|p1a: Garchomp
|-singleturn|p1a: Garchomp|Protect
|move|p2a: I'm sorry.|Close Combat|p1a: Garchomp
|-activate|p1a: Garchomp|move: Protect
|move|p2b: Ninetales-She/They|Blizzard|p1a: Garchomp|[spread] 
|-activate|p1a: Garchomp|move: Protect
|-miss|p2b: Ninetales-She/They|p1b: Klefki
|move|p1b: Klefki|Draining Kiss|p2a: I'm sorry.
|-damage|p2a: I'm sorry.|39/100 par
|-heal|p1b: Klefki|100/100|[from] drain|[of] p2a: I'm sorry.
|
|-weather|Sandstorm|[upkeep]
|-damage|p2a: I'm sorry.|33/100 par|[from] Sandstorm
|-damage|p2b: Ninetales-She/They|0 fnt|[from] Sandstorm
|faint|p2b: Ninetales-She/They
|-sideend|p1: onxlaughtvgc|move: Light Screen
|upkeep
|turn|9
|-message|MIMHvgc forfeited.
|
|win|onxlaughtvgc
|raw|onxlaughtvgc's rating: 1082 → 1108(+26 for winning)
|raw|MIMHvgc's rating: 1066 → 1047(-19 for losing)
|c|☆MIMHvgc|I don't think I have ever been more angry than I was in the last 10 minutes
|l|☆MIMHvgc
|player|p2|
|c|☆onxlaughtvgc|Lol
