|j|☆Prepucio Santos
|j|☆Maffles
|html|Prepucio SantosMaffles    
|uhtml|bestof|Game 1 of a best-of-3
|t:|1783270552
|gametype|doubles
|player|p1|Prepucio Santos|striker|1186
|player|p2|Maffles|1|1173
|gen|9
|tier|[Gen 9 Champions] VGC 2026 Reg M-B (Bo3)
|rated|
|rule|Species Clause: Limit one of each Pokémon
|rule|Item Clause: Limit 1 of each item
|clearpoke
|poke|p1|Incineroar, L50, M|
|poke|p1|Sinistcha-Masterpiece, L50, shiny|
|poke|p1|Floette-Eternal, L50, F|
|poke|p1|Kingambit, L50, M|
|poke|p1|Sneasler, L50, M|
|poke|p1|Delphox, L50, F, shiny|
|poke|p2|Gengar, L50, M|
|poke|p2|Kingambit, L50, F|
|poke|p2|Ninetales-Alola, L50, M|
|poke|p2|Corviknight, L50, F|
|poke|p2|Basculegion, L50, M|
|poke|p2|Lopunny, L50, F|
|teampreview|4
|showteam|p1|Incineroar||SitrusBerry|Intimidate|FakeOut,PartingShot,ThroatChop,FlareBlitz|Careful||M|||50|]Sinistcha-Masterpiece||KasibBerry|Hospitality|MatchaGotcha,LifeDew,RagePowder,TrickRoom|Bold|||||50|]Floette-Eternal||Floettite|FlowerVeil|Moonblast,DazzlingGleam,CalmMind,Protect|Modest||F|||50|]Kingambit||BlackGlasses|Defiant|KowtowCleave,SuckerPunch,SwordsDance,Protect|Adamant||M|||50|]Sneasler||FocusSash|PoisonTouch|FakeOut,CloseCombat,DireClaw,QuickGuard|Jolly||M|||50|]Delphox||Delphoxite|Blaze|HeatWave,Psyshock,NastyPlot,Protect|Timid||F|||50|
|showteam|p2|Gengar||Gengarite|CursedBody|SludgeBomb,Disable,PerishSong,Protect|Timid||M|||50|]Kingambit||ChopleBerry|Defiant|KowtowCleave,SuckerPunch,SwordsDance,Protect|Adamant||F|||50|]Ninetales-Alola||FocusSash|SnowWarning|Blizzard,Moonblast,Encore,Protect|Timid||M|||50|]Corviknight||Leftovers|MirrorArmor|BraveBird,Roost,Tailwind,Protect|Impish||F|||50|]Basculegion||SitrusBerry|Adaptability|LastRespects,FlipTurn,Soak,Protect|Sassy||M|||50|]Lopunny||Lopunnite|CuteCharm|CloseCombat,FakeOut,Encore,Protect|Jolly||F|||50|
|inactive|Battle timer is ON: inactive players will automatically lose when time's up. (requested by Prepucio Santos)
|
|t:|1783270582
|teamsize|p1|4
|teamsize|p2|4
|start
|switch|p1a: Incineroar|Incineroar, L50, M|100/100
|switch|p1b: Kingambit|Kingambit, L50, M|100/100
|switch|p2a: Lopunny|Lopunny, L50, F|100/100
|switch|p2b: Gengar|Gengar, L50, M|100/100
|-ability|p1a: Incineroar|Intimidate|boost
|-unboost|p2a: Lopunny|atk|1
|-unboost|p2b: Gengar|atk|1
|turn|1
|
|t:|1783270598
|detailschange|p2b: Gengar|Gengar-Mega, L50, M
|-mega|p2b: Gengar|Gengar|Gengarite
|move|p2a: Lopunny|Fake Out|p1b: Kingambit
|-resisted|p1b: Kingambit|1
|-damage|p1b: Kingambit|96/100
|move|p1a: Incineroar|Fake Out|p2a: Lopunny
|-damage|p2a: Lopunny|85/100
|-start|p1a: Incineroar|Attract|[from] ability: Cute Charm|[of] p2a: Lopunny
|move|p2b: Gengar|Perish Song|p2b: Gengar
|-start|p1a: Incineroar|perish3|[silent]
|-start|p1b: Kingambit|perish3|[silent]
|-start|p2a: Lopunny|perish3|[silent]
|-start|p2b: Gengar|perish3|[silent]
|-fieldactivate|move: Perish Song
|cant|p1b: Kingambit|flinch
|
|-start|p2b: Gengar|perish3
|-start|p2a: Lopunny|perish3
|-start|p1a: Incineroar|perish3
|-start|p1b: Kingambit|perish3
|upkeep
|turn|2
|
|t:|1783270619
|move|p2b: Gengar|Protect|p2b: Gengar
|-singleturn|p2b: Gengar|Protect
|move|p1b: Kingambit|Sucker Punch||[still]
|-fail|p1b: Kingambit
|move|p2a: Lopunny|Encore|p1a: Incineroar
|-start|p1a: Incineroar|Encore
|-activate|p1a: Incineroar|move: Attract|[of] p2a: Lopunny
|cant|p1a: Incineroar|Attract
|
|-start|p2b: Gengar|perish2
|-start|p2a: Lopunny|perish2
|-start|p1a: Incineroar|perish2
|-start|p1b: Kingambit|perish2
|upkeep
|turn|3
|inactive|Prepucio Santos has 30 seconds left.
|
|t:|1783270645
|move|p1b: Kingambit|Protect|p1b: Kingambit
|-singleturn|p1b: Kingambit|Protect
|move|p2b: Gengar|Disable|p1b: Kingambit
|-activate|p1b: Kingambit|move: Protect
|move|p2a: Lopunny|Encore|p1b: Kingambit
|-activate|p1b: Kingambit|move: Protect
|-activate|p1a: Incineroar|move: Attract|[of] p2a: Lopunny
|cant|p1a: Incineroar|Attract
|
|-start|p2b: Gengar|perish1
|-start|p2a: Lopunny|perish1
|-start|p1a: Incineroar|perish1
|-start|p1b: Kingambit|perish1
|upkeep
|turn|4
|
|t:|1783270662
|switch|p2b: Kingambit|Kingambit, L50, F|100/100
|move|p2a: Lopunny|Encore|p1b: Kingambit
|-start|p1b: Kingambit|Encore
|move|p1b: Kingambit|Protect||[still]
|-fail|p1b: Kingambit
|-activate|p1a: Incineroar|move: Attract|[of] p2a: Lopunny
|-activate|p1a: Incineroar|move: Struggle
|move|p1a: Incineroar|Struggle|p2a: Lopunny
|-damage|p2a: Lopunny|66/100
|-damage|p1a: Incineroar|74/100|[from] recoil
|
|-end|p1a: Incineroar|Encore
|-start|p2a: Lopunny|perish0
|-start|p1a: Incineroar|perish0
|-start|p1b: Kingambit|perish0
|upkeep
|faint|p2a: Lopunny
|faint|p1a: Incineroar
|faint|p1b: Kingambit
|
|t:|1783270668
|switch|p2a: Gengar|Gengar-Mega, L50, M|100/100
|switch|p1a: Delphox|Delphox, L50, F, shiny|100/100
|switch|p1b: Sinistcha|Sinistcha-Masterpiece, L50, shiny|100/100
|turn|5
|
|t:|1783270675
|detailschange|p1a: Delphox|Delphox-Mega, L50, F, shiny
|-mega|p1a: Delphox|Delphox|Delphoxite
|move|p2b: Kingambit|Protect|p2b: Kingambit
|-singleturn|p2b: Kingambit|Protect
|move|p1b: Sinistcha|Rage Powder|p1b: Sinistcha
|-singleturn|p1b: Sinistcha|move: Rage Powder
|move|p1a: Delphox|Heat Wave|p2a: Gengar|[spread] p2a
|-activate|p2b: Kingambit|move: Protect
|-damage|p2a: Gengar|52/100
|move|p2a: Gengar|Disable|p1b: Sinistcha
|-start|p1b: Sinistcha|Disable|Rage Powder
|
|upkeep
|turn|6
|
|t:|1783270693
|move|p1a: Delphox|Nasty Plot|p1a: Delphox
|-boost|p1a: Delphox|spa|2
|move|p2a: Gengar|Disable|p1a: Delphox
|-start|p1a: Delphox|Disable|Nasty Plot
|move|p1b: Sinistcha|Matcha Gotcha|p2b: Kingambit|[spread] p2a,p2b
|-resisted|p2a: Gengar|1
|-resisted|p2b: Kingambit|1
|-damage|p2a: Gengar|38/100
|-damage|p2b: Kingambit|87/100
|-status|p2b: Kingambit|brn
|move|p2b: Kingambit|Swords Dance|p2b: Kingambit
|-boost|p2b: Kingambit|atk|2
|
|-damage|p2b: Kingambit|82/100 brn|[from] brn
|upkeep
|turn|7
|inactive|Prepucio Santos has 30 seconds left.
|
|t:|1783270719
|move|p1a: Delphox|Protect|p1a: Delphox
|-singleturn|p1a: Delphox|Protect
|move|p2b: Kingambit|Sucker Punch||[still]
|-fail|p2b: Kingambit
|move|p2a: Gengar|Perish Song|p2a: Gengar
|-start|p1a: Delphox|perish3|[silent]
|-start|p1b: Sinistcha|perish3|[silent]
|-start|p2a: Gengar|perish3|[silent]
|-start|p2b: Kingambit|perish3|[silent]
|-fieldactivate|move: Perish Song
|move|p1b: Sinistcha|Matcha Gotcha|p2a: Gengar|[spread] p2a,p2b
|-resisted|p2a: Gengar|1
|-resisted|p2b: Kingambit|1
|-damage|p2a: Gengar|23/100
|-damage|p2b: Kingambit|69/100 brn
|-status|p2a: Gengar|brn
|
|-damage|p2a: Gengar|17/100 brn|[from] brn
|-damage|p2b: Kingambit|63/100 brn|[from] brn
|-start|p1a: Delphox|perish3
|-start|p2a: Gengar|perish3
|-start|p1b: Sinistcha|perish3
|-start|p2b: Kingambit|perish3
|upkeep
|turn|8
|
|t:|1783270737
|move|p1a: Delphox|Protect|p1a: Delphox
|-singleturn|p1a: Delphox|Protect
|move|p2a: Gengar|Protect|p2a: Gengar
|-singleturn|p2a: Gengar|Protect
|move|p2b: Kingambit|Protect|p2b: Kingambit
|-singleturn|p2b: Kingambit|Protect
|move|p1b: Sinistcha|Matcha Gotcha|p2b: Kingambit|[spread] 
|-activate|p2a: Gengar|move: Protect
|-activate|p2b: Kingambit|move: Protect
|
|-damage|p2a: Gengar|11/100 brn|[from] brn
|-damage|p2b: Kingambit|57/100 brn|[from] brn
|-start|p1a: Delphox|perish2
|-start|p2a: Gengar|perish2
|-start|p1b: Sinistcha|perish2
|-start|p2b: Kingambit|perish2
|upkeep
|turn|9
|
|t:|1783270750
|move|p2b: Kingambit|Sucker Punch|p1a: Delphox
|-supereffective|p1a: Delphox|1
|-damage|p1a: Delphox|0 fnt
|faint|p1a: Delphox
|move|p2a: Gengar|Sludge Bomb|p1b: Sinistcha
|-damage|p1b: Sinistcha|47/100
|move|p1b: Sinistcha|Matcha Gotcha|p2b: Kingambit|[spread] p2a,p2b
|-resisted|p2a: Gengar|1
|-resisted|p2b: Kingambit|1
|-damage|p2a: Gengar|0 fnt
|-heal|p1b: Sinistcha|53/100|[from] drain|[of] p2a: Gengar
|-damage|p2b: Kingambit|45/100 brn
|-heal|p1b: Sinistcha|60/100|[from] drain|[of] p2b: Kingambit
|faint|p2a: Gengar
|
|-damage|p2b: Kingambit|39/100 brn|[from] brn
|-end|p1b: Sinistcha|Disable
|-start|p1b: Sinistcha|perish1
|-start|p2b: Kingambit|perish1
|upkeep
|
|t:|1783270758
|switch|p2a: Basculegion|Basculegion, L50, M|100/100
|turn|10
|
|t:|1783270761
|move|p2a: Basculegion|Protect|p2a: Basculegion
|-singleturn|p2a: Basculegion|Protect
|move|p1b: Sinistcha|Matcha Gotcha|p2b: Kingambit|[spread] p2b
|-activate|p2a: Basculegion|move: Protect
|-resisted|p2b: Kingambit|1
|-damage|p2b: Kingambit|27/100 brn
|-heal|p1b: Sinistcha|67/100|[from] drain|[of] p2b: Kingambit
|move|p2b: Kingambit|Kowtow Cleave|p1b: Sinistcha
|-supereffective|p1b: Sinistcha|1
|-damage|p1b: Sinistcha|0 fnt
|faint|p1b: Sinistcha
|
|win|Maffles
||Prepucio Santos is ready for game 2.
||Maffles is ready for game 2.
|uhtml|next|Next: Game 2 of 3
|l|☆Maffles
|player|p2|
