|j|☆Frakub
|j|‽rankup487
|html|Frakubrankup487    
|uhtml|bestof|Game 2 of a best-of-3
|t:|1757855541
|gametype|doubles
|player|p1|Frakub|acetrainer-gen4dp|1084
|player|p2|rankup487|169|1043
|gen|9
|tier|[Gen 9] VGC 2025 Reg H (Bo3)
|rated|
|rule|Species Clause: Limit one of each Pokémon
|rule|Item Clause: Limit 1 of each item
|clearpoke
|poke|p1|Kingambit, L50, M|
|poke|p1|Primarina, L50, F|
|poke|p1|Sneasler, L50, M|
|poke|p1|Magmar, L50, M|
|poke|p1|Rillaboom, L50, F|
|poke|p1|Dragapult, L50, M|
|poke|p2|Arcanine-Hisui, L50, F|
|poke|p2|Rillaboom, L50, F|
|poke|p2|Ninetales-Alola, L50, F|
|poke|p2|Ursaluna-Bloodmoon, L50, M|
|poke|p2|Dragonite, L50, M|
|poke|p2|Gallade, L50, M|
|teampreview|4
|showteam|p1|Kingambit||BlackGlasses|Defiant|KowtowCleave,SuckerPunch,SwordsDance,Protect|||M|||50|,,,,,Dark]Primarina||SitrusBerry|LiquidVoice|HyperVoice,Moonblast,Haze,Protect|||F|||50|,,,,,Poison]Sneasler||FocusSash|PoisonTouch|CloseCombat,DireClaw,FakeOut,Protect|||M|||50|,,,,,Stellar]Magmar||Eviolite|VitalSpirit|Overheat,Taunt,FollowMe,Protect|||M|||50|,,,,,Ghost]Rillaboom||AssaultVest|GrassySurge|WoodHammer,GrassyGlide,HighHorsepower,FakeOut|||F|||50|,,,,,Fire]Dragapult||ChoiceBand|ClearBody|DragonDarts,PhantomForce,Outrage,Uturn|||M|||50|,,,,,Dragon
|showteam|p2|Arcanine-Hisui||AssaultVest|Intimidate|RockSlide,FlareBlitz,ExtremeSpeed,WildCharge|||F|||50|,,,,,Grass]Rillaboom||FocusSash|GrassySurge|Acrobatics,WoodHammer,FakeOut,Uturn|||F|||50|,,,,,Fire]Ninetales-Alola||IcyRock|SnowWarning|AuroraVeil,DazzlingGleam,Encore,IcyWind|||F|||50|,,,,,Ghost]Ursaluna-Bloodmoon||LifeOrb|MindsEye|EarthPower,BloodMoon,VacuumWave,Protect|||M|||50|,,,,,Normal]Dragonite||SafetyGoggles|InnerFocus|ThunderPunch,TeraBlast,DragonClaw,Protect|||M|||50|,,,,,Flying]Gallade||CovertCloak|Sharpness|TrickRoom,SacredSword,Coaching,WideGuard|||M|||50|,,,,,Ghost
|inactive|Battle timer is ON: inactive players will automatically lose when time's up. (requested by Frakub)
|inactive|Frakub has 60 seconds left.
|
|t:|1757855577
|teamsize|p1|4
|teamsize|p2|4
|start
|switch|p1a: Kingambit|Kingambit, L50, M|100/100
|switch|p1b: Magmar|Magmar, L50, M|100/100
|switch|p2a: Ninetales|Ninetales-Alola, L50, F|100/100
|switch|p2b: Arcanine|Arcanine-Hisui, L50, F|100/100
|-weather|Snowscape|[from] ability: Snow Warning|[of] p2a: Ninetales
|-ability|p2b: Arcanine|Intimidate|boost
|-unboost|p1a: Kingambit|atk|1
|-ability|p1a: Kingambit|Defiant|boost
|-boost|p1a: Kingambit|atk|2
|-unboost|p1b: Magmar|atk|1
|turn|1
|inactive|Frakub has 30 seconds left.
|inactive|Frakub has 20 seconds left.
|
|t:|1757855614
|move|p1b: Magmar|Follow Me|p1b: Magmar
|-singleturn|p1b: Magmar|move: Follow Me
|move|p2a: Ninetales|Aurora Veil|p2a: Ninetales
|-sidestart|p2: rankup487|move: Aurora Veil
|move|p2b: Arcanine|Rock Slide|p1b: Magmar|[spread] p1a,p1b
|-resisted|p1a: Kingambit
|-supereffective|p1b: Magmar
|-damage|p1a: Kingambit|92/100
|-damage|p1b: Magmar|59/100
|move|p1a: Kingambit|Kowtow Cleave|p2b: Arcanine
|-damage|p2b: Arcanine|49/100
|
|-weather|Snowscape|[upkeep]
|upkeep
|turn|2
|inactive|Frakub has 30 seconds left.
|inactive|rankup487 has 30 seconds left.
|
|t:|1757855641
|switch|p2a: Ursaluna|Ursaluna-Bloodmoon, L50, M|100/100
|move|p1b: Magmar|Follow Me|p1b: Magmar
|-singleturn|p1b: Magmar|move: Follow Me
|move|p2b: Arcanine|Flare Blitz|p1b: Magmar
|-resisted|p1b: Magmar
|-damage|p1b: Magmar|39/100
|-damage|p2b: Arcanine|43/100|[from] Recoil
|move|p1a: Kingambit|Kowtow Cleave|p2b: Arcanine
|-damage|p2b: Arcanine|0 fnt
|faint|p2b: Arcanine
|
|-weather|Snowscape|[upkeep]
|upkeep
|
|t:|1757855652
|switch|p2b: Gallade|Gallade, L50, M|100/100
|turn|3
|
|t:|1757855659
|move|p1b: Magmar|Follow Me|p1b: Magmar
|-singleturn|p1b: Magmar|move: Follow Me
|move|p2b: Gallade|Sacred Sword|p1b: Magmar
|-damage|p1b: Magmar|0 fnt
|faint|p1b: Magmar
|move|p2a: Ursaluna|Earth Power|p1a: Kingambit
|-supereffective|p1a: Kingambit
|-damage|p1a: Kingambit|0 fnt
|faint|p1a: Kingambit
|-damage|p2a: Ursaluna|90/100|[from] item: Life Orb
|
|-weather|Snowscape|[upkeep]
|upkeep
|
|t:|1757855668
|switch|p1b: Dragapult|Dragapult, L50, M|100/100
|switch|p1a: Sneasler|Sneasler, L50, M|100/100
|turn|4
|inactive|Frakub has 30 seconds left.
|inactive|Frakub has 20 seconds left.
|
|t:|1757855704
|-terastallize|p1b: Dragapult|Dragon
|-terastallize|p2b: Gallade|Ghost
|move|p2b: Gallade|Wide Guard|p2b: Gallade
|-singleturn|p2b: Gallade|Wide Guard
|move|p1b: Dragapult|Dragon Darts|p2b: Gallade
|-damage|p2b: Gallade|47/100
|-anim|p1b: Dragapult|Dragon Darts|p2a: Ursaluna
|-damage|p2a: Ursaluna|64/100
|move|p1a: Sneasler|Dire Claw|p2b: Gallade
|-resisted|p2b: Gallade
|-damage|p2b: Gallade|25/100
|move|p2a: Ursaluna|Blood Moon|p1a: Sneasler
|-enditem|p1a: Sneasler|Focus Sash
|-damage|p1a: Sneasler|1/100
|-damage|p2a: Ursaluna|54/100|[from] item: Life Orb
|
|-weather|Snowscape|[upkeep]
|upkeep
|turn|5
|
|t:|1757855727
|switch|p2b: Ninetales|Ninetales-Alola, L50, F|100/100
|move|p1a: Sneasler|Protect|p1a: Sneasler
|-singleturn|p1a: Sneasler|Protect
|move|p2a: Ursaluna|Vacuum Wave|p1a: Sneasler
|-activate|p1a: Sneasler|move: Protect
|move|p1b: Dragapult|Dragon Darts|p2a: Ursaluna
|-damage|p2a: Ursaluna|28/100
|-anim|p1b: Dragapult|Dragon Darts|p2a: Ursaluna
|-damage|p2a: Ursaluna|2/100
|
|-weather|Snowscape|[upkeep]
|-sideend|p2: rankup487|move: Aurora Veil
|upkeep
|turn|6
|
|t:|1757855741
|move|p2a: Ursaluna|Vacuum Wave|p1a: Sneasler
|-resisted|p1a: Sneasler
|-damage|p1a: Sneasler|0 fnt
|faint|p1a: Sneasler
|-damage|p2a: Ursaluna|0 fnt|[from] item: Life Orb
|faint|p2a: Ursaluna
|move|p1b: Dragapult|Dragon Darts|p2b: Ninetales
|-immune|p2b: Ninetales
|move|p2b: Ninetales|Dazzling Gleam|p1b: Dragapult
|-supereffective|p1b: Dragapult
|-damage|p1b: Dragapult|20/100
|
|-weather|Snowscape|[upkeep]
|upkeep
|c|☆Frakub|gg
|
|t:|1757855751
|switch|p2a: Gallade|Gallade, L50, M, tera:Ghost|25/100
|turn|7
|-message|Frakub forfeited.
|
|win|rankup487
|raw|Frakub's rating: 1084 → 1059(-25 for losing)
|raw|rankup487's rating: 1043 → 1080(+37 for winning)
|l|‽rankup487
|player|p2|
