|j|☆Fcjavic67
|j|☆Prepucio Santos
|html|Fcjavic67Prepucio Santos    
|uhtml|bestof|Game 1 of a best-of-3
|t:|1784651541
|gametype|doubles
|player|p1|Fcjavic67|ninjaboy|1377
|player|p2|Prepucio Santos|striker|1346
|gen|9
|tier|[Gen 9 Champions] VGC 2026 Reg M-B (Bo3)
|rated|
|rule|Species Clause: Limit one of each Pokémon
|rule|Item Clause: Limit 1 of each item
|clearpoke
|poke|p1|Floette-Eternal, L50, F|
|poke|p1|Charizard, L50, M|
|poke|p1|Basculegion, L50, M|
|poke|p1|Garchomp, L50, M|
|poke|p1|Whimsicott, L50, M|
|poke|p1|Kingambit, L50, M|
|poke|p2|Tyranitar, L50, M|
|poke|p2|Excadrill, L50, F|
|poke|p2|Gholdengo, L50|
|poke|p2|Sinistcha, L50|
|poke|p2|Staraptor, L50, M|
|poke|p2|Milotic, L50, F|
|teampreview|4
|showteam|p1|Floette-Eternal||Floettite|FlowerVeil|DazzlingGleam,Protect,Moonblast,LightofRuin|Modest||F|||50|]Charizard||CharizarditeY|SolarPower|Protect,SolarBeam,WeatherBall,HeatWave|Modest||M|||50|]Basculegion||ChoiceScarf|Adaptability|FlipTurn,WaveCrash,LastRespects,AquaJet|Jolly||M|||50|]Garchomp||LifeOrb|RoughSkin|Protect,Earthquake,DragonClaw,RockSlide|Jolly||M|||50|]Whimsicott||FocusSash|Prankster|Moonblast,Encore,Protect,Tailwind|Timid||M|||50|]Kingambit||BlackGlasses|Defiant|Protect,KowtowCleave,IronHead,SuckerPunch|Adamant||M|||50|
|showteam|p2|Tyranitar||Tyranitarite|SandStream|RockSlide,KnockOff,LowKick,Protect|Adamant||M|||50|]Excadrill||FocusSash|SandRush|IronHead,HighHorsepower,RockSlide,Protect|Adamant||F|||50|]Gholdengo||LifeOrb|GoodasGold|ShadowBall,MakeItRain,NastyPlot,Protect|Modest|||||50|]Sinistcha||ColburBerry|Hospitality|MatchaGotcha,RagePowder,TrickRoom,Protect|Bold|||||50|]Staraptor||Staraptite|Intimidate|BraveBird,CloseCombat,Tailwind,Protect|Jolly||M|||50|]Milotic||Leftovers|Competitive|MuddyWater,Hypnosis,Coil,Recover|Calm||F|||50|
|inactive|Battle timer is ON: inactive players will automatically lose when time's up. (requested by Fcjavic67)
|inactive|Prepucio Santos has 60 seconds left.
|inactive|Prepucio Santos has 30 seconds left.
|
|t:|1784651610
|teamsize|p1|4
|teamsize|p2|4
|start
|switch|p1a: Whimsicott|Whimsicott, L50, M|100/100
|switch|p1b: Garchomp|Garchomp, L50, M|100/100
|switch|p2a: Milotic|Milotic, L50, F|100/100
|switch|p2b: Gholdengo|Gholdengo, L50|100/100
|turn|1
|inactive|Fcjavic67 has 30 seconds left.
|inactive|Prepucio Santos has 30 seconds left.
|
|t:|1784651637
|move|p1a: Whimsicott|Tailwind|p1a: Whimsicott
|-sidestart|p1: Fcjavic67|move: Tailwind
|move|p1b: Garchomp|Earthquake|p2b: Gholdengo|[spread] p1a,p2a,p2b
|-resisted|p1a: Whimsicott|1
|-supereffective|p2b: Gholdengo|1
|-damage|p1a: Whimsicott|62/100
|-damage|p2a: Milotic|54/100
|-damage|p2b: Gholdengo|0 fnt
|faint|p2b: Gholdengo
|-damage|p1b: Garchomp|90/100|[from] item: Life Orb
|move|p2a: Milotic|Muddy Water|p1b: Garchomp|[spread] p1a,p1b
|-resisted|p1a: Whimsicott|1
|-damage|p1a: Whimsicott|43/100
|-damage|p1b: Garchomp|62/100
|-unboost|p1b: Garchomp|accuracy|1
|
|-heal|p2a: Milotic|60/100|[from] item: Leftovers
|upkeep
|
|t:|1784651643
|switch|p2b: Excadrill|Excadrill, L50, F|100/100
|turn|2
|
|t:|1784651658
|move|p2b: Excadrill|Protect|p2b: Excadrill
|-singleturn|p2b: Excadrill|Protect
|move|p1a: Whimsicott|Moonblast|p2b: Excadrill
|-activate|p2b: Excadrill|move: Protect
|move|p1b: Garchomp|Earthquake|p2a: Milotic|[spread] p1a,p2a
|-activate|p2b: Excadrill|move: Protect
|-resisted|p1a: Whimsicott|1
|-damage|p1a: Whimsicott|2/100
|-damage|p2a: Milotic|18/100
|-damage|p1b: Garchomp|52/100|[from] item: Life Orb
|move|p2a: Milotic|Muddy Water|p1a: Whimsicott|[spread] p1a,p1b
|-resisted|p1a: Whimsicott|1
|-damage|p1a: Whimsicott|0 fnt
|-damage|p1b: Garchomp|27/100
|faint|p1a: Whimsicott
|
|-heal|p2a: Milotic|24/100|[from] item: Leftovers
|upkeep
|
|t:|1784651666
|switch|p1a: Charizard|Charizard, L50, M|100/100
|turn|3
|
|t:|1784651688
|switch|p2b: Tyranitar|Tyranitar, L50, M|100/100
|-weather|Sandstorm|[from] ability: Sand Stream|[of] p2b: Tyranitar
|detailschange|p1a: Charizard|Charizard-Mega-Y, L50, M
|-mega|p1a: Charizard|Charizard|Charizardite Y
|-weather|SunnyDay|[from] ability: Drought|[of] p1a: Charizard
|move|p1b: Garchomp|Earthquake|p2a: Milotic|[spread] p2a
|-immune|p1a: Charizard
|-miss|p1b: Garchomp|p2b: Tyranitar
|-damage|p2a: Milotic|0 fnt
|faint|p2a: Milotic
|-damage|p1b: Garchomp|17/100|[from] item: Life Orb
|move|p1a: Charizard|Heat Wave|p2b: Tyranitar
|-resisted|p2b: Tyranitar|1
|-damage|p2b: Tyranitar|59/100
|
|-weather|SunnyDay|[upkeep]
|upkeep
|
|t:|1784651697
|switch|p2a: Excadrill|Excadrill, L50, F|100/100
|turn|4
|
|t:|1784651708
|switch|p1a: Kingambit|Kingambit, L50, M|100/100
|detailschange|p2b: Tyranitar|Tyranitar-Mega, L50, M
|-mega|p2b: Tyranitar|Tyranitar|Tyranitarite
|-weather|Sandstorm|[from] ability: Sand Stream|[of] p2b: Tyranitar
|move|p1b: Garchomp|Earthquake|p2b: Tyranitar|[spread] p1a,p2a,p2b
|-supereffective|p1a: Kingambit|1
|-supereffective|p2a: Excadrill|1
|-supereffective|p2b: Tyranitar|1
|-damage|p1a: Kingambit|16/100
|-enditem|p2a: Excadrill|Focus Sash
|-damage|p2a: Excadrill|1/100
|-damage|p2b: Tyranitar|0 fnt
|faint|p2b: Tyranitar
|-damage|p1b: Garchomp|7/100|[from] item: Life Orb
|move|p2a: Excadrill|Rock Slide|p1b: Garchomp|[spread] p1a,p1b
|-resisted|p1a: Kingambit|1
|-resisted|p1b: Garchomp|1
|-damage|p1a: Kingambit|9/100
|-damage|p1b: Garchomp|0 fnt
|faint|p1b: Garchomp
|
|-weather|Sandstorm|[upkeep]
|-sideend|p1: Fcjavic67|move: Tailwind
|upkeep
|
|t:|1784651711
|switch|p1b: Charizard|Charizard-Mega-Y, L50, M|100/100
|-weather|SunnyDay|[from] ability: Drought|[of] p1b: Charizard
|turn|5
|-message|Prepucio Santos forfeited.
|
|win|Fcjavic67
||Prepucio Santos is ready for game 2.
||Fcjavic67 is ready for game 2.
|uhtml|next|Next: Game 2 of 3
|l|☆Fcjavic67
|player|p1|
