|j|‽tavinn_n
|j|☆hugoggg
|html|tavinn_nhugoggg    
|uhtml|bestof|Game 3 of a best-of-3
|t:|1785958157
|gametype|doubles
|player|p1|tavinn_n|ghetsis|1215
|player|p2|hugoggg|102|1212
|gen|9
|tier|[Gen 9 Champions] VGC 2026 Reg M-B (Bo3)
|rated|
|rule|Species Clause: Limit one of each Pokémon
|rule|Item Clause: Limit 1 of each item
|clearpoke
|poke|p1|Staraptor, L50, F|
|poke|p1|Delphox, L50, F|
|poke|p1|Whimsicott, L50, M|
|poke|p1|Glimmora, L50, M|
|poke|p1|Garchomp, L50, M|
|poke|p1|Kingambit, L50, M|
|poke|p2|Froslass, L50, F|
|poke|p2|Dragonite, L50, F|
|poke|p2|Sneasler, L50, M|
|poke|p2|Arcanine-Hisui, L50, F|
|poke|p2|Gholdengo, L50|
|poke|p2|Kingambit, L50, M|
|teampreview|4
|showteam|p1|Staraptor||Staraptite|Intimidate|Protect,Roost,BraveBird,CloseCombat|Jolly||F|||50|]Delphox||Delphoxite|Blaze|Protect,Encore,HeatWave,Psychic|Timid||F|||50|]Whimsicott||OccaBerry|Prankster|Tailwind,Charm,Moonblast,LightScreen|Bold||M|||50|]Glimmora||FocusSash|ToxicDebris|SpikyShield,PowerGem,EarthPower,SludgeBomb|Timid||M|||50|]Garchomp||ChoiceScarf|RoughSkin|RockSlide,Earthquake,StompingTantrum,DragonClaw|Jolly||M|||50|]Kingambit||ChopleBerry|Defiant|IronHead,LowKick,SuckerPunch,KowtowCleave|Adamant||M|||50|
|showteam|p2|Froslass||Froslassite|CursedBody|Blizzard,ShadowBall,AuroraVeil,Protect|Modest||F|||50|]Dragonite||DragonFang|Multiscale|ScaleShot,LowKick,Tailwind,Protect|Adamant||F|||50|]Sneasler||WhiteHerb|Unburden|CloseCombat,GunkShot,FakeOut,Protect|Adamant||M|||50|]Arcanine-Hisui||FocusSash|RockHead|HeadSmash,FlareBlitz,ExtremeSpeed,Protect|Adamant||F|||50|]Gholdengo||ChoiceScarf|GoodasGold|MakeItRain,ShadowBall,PowerGem,Trick|Modest|||||50|]Kingambit||LifeOrb|Defiant|KowtowCleave,SuckerPunch,SwordsDance,Protect|Adamant||M|||50|
|inactive|Battle timer is ON: inactive players will automatically lose when time's up. (requested by tavinn_n)
|
|t:|1785958188
|teamsize|p1|4
|teamsize|p2|4
|start
|switch|p1a: Staraptor|Staraptor, L50, F|100/100
|switch|p1b: Whimsicott|Whimsicott, L50, M|100/100
|switch|p2a: Animal|Arcanine-Hisui, L50, F|100/100
|switch|p2b: Ghost rule|Froslass, L50, F|100/100
|-ability|p1a: Staraptor|Intimidate|boost
|-unboost|p2a: Animal|atk|1
|-unboost|p2b: Ghost rule|atk|1
|turn|1
|inactive|tavinn_n has 30 seconds left.
|
|t:|1785958217
|detailschange|p1a: Staraptor|Staraptor-Mega, L50, F
|-mega|p1a: Staraptor|Staraptor|Staraptite
|move|p2b: Ghost rule|Protect|p2b: Ghost rule
|-singleturn|p2b: Ghost rule|Protect
|move|p1b: Whimsicott|Light Screen|p1b: Whimsicott
|-sidestart|p1: tavinn_n|move: Light Screen
|move|p1a: Staraptor|Close Combat|p2a: Animal
|-supereffective|p2a: Animal|1
|-enditem|p2a: Animal|Focus Sash
|-damage|p2a: Animal|1/100
|-boost|p1a: Staraptor|def|1
|-boost|p1a: Staraptor|spd|1
|move|p2a: Animal|Head Smash|p1b: Whimsicott
|-damage|p1b: Whimsicott|55/100
|
|upkeep
|turn|2
|
|t:|1785958235
|switch|p2b: Flop era|Gholdengo, L50|100/100
|move|p1b: Whimsicott|Charm|p1a: Staraptor
|-boost|p1a: Staraptor|atk|2
|move|p1a: Staraptor|Brave Bird|p2b: Flop era
|-resisted|p2b: Flop era|1
|-damage|p2b: Flop era|35/100
|-damage|p1a: Staraptor|81/100|[from] Recoil
|move|p2a: Animal|Head Smash|p1b: Whimsicott|[miss]
|-miss|p2a: Animal|p1b: Whimsicott
|
|upkeep
|turn|3
|
|t:|1785958252
|switch|p2b: Rollin girl|Dragonite, L50, F|100/100
|move|p1b: Whimsicott|Tailwind|p1b: Whimsicott
|-sidestart|p1: tavinn_n|move: Tailwind
|move|p1a: Staraptor|Brave Bird|p2b: Rollin girl
|-damage|p2b: Rollin girl|43/100
|-damage|p1a: Staraptor|64/100|[from] Recoil
|move|p2a: Animal|Head Smash|p1b: Whimsicott
|-damage|p1b: Whimsicott|9/100
|
|upkeep
|turn|4
|
|t:|1785958272
|switch|p1b: Glimmora|Glimmora, L50, M|100/100
|move|p2a: Animal|Extreme Speed|p1b: Glimmora
|-resisted|p1b: Glimmora|1
|-damage|p1b: Glimmora|89/100
|-activate|p1b: Glimmora|ability: Toxic Debris
|-sidestart|p2: hugoggg|move: Toxic Spikes
|move|p1a: Staraptor|Roost|p1a: Staraptor
|-heal|p1a: Staraptor|100/100
|-singleturn|p1a: Staraptor|move: Roost
|move|p2b: Rollin girl|Tailwind|p2b: Rollin girl
|-sidestart|p2: hugoggg|move: Tailwind
|
|upkeep
|turn|5
|inactive|hugoggg has 30 seconds left.
|
|t:|1785958302
|move|p1a: Staraptor|Close Combat|p2a: Animal
|-supereffective|p2a: Animal|1
|-damage|p2a: Animal|0 fnt
|-boost|p1a: Staraptor|def|1
|-boost|p1a: Staraptor|spd|1
|faint|p2a: Animal
|move|p1b: Glimmora|Power Gem|p2b: Rollin girl
|-supereffective|p2b: Rollin girl|1
|-damage|p2b: Rollin girl|0 fnt
|faint|p2b: Rollin girl
|
|-sideend|p1: tavinn_n|move: Light Screen
|upkeep
|
|t:|1785958310
|switch|p2a: Ghost rule|Froslass, L50, F|100/100
|switch|p2b: Flop era|Gholdengo, L50|35/100
|-status|p2a: Ghost rule|psn
|turn|6
|
|t:|1785958322
|detailschange|p2a: Ghost rule|Froslass-Mega, L50, F
|-mega|p2a: Ghost rule|Froslass|Froslassite
|-weather|Snowscape|[from] ability: Snow Warning|[of] p2a: Ghost rule
|move|p2b: Flop era|Make It Rain|p1b: Glimmora|[spread] p1a,p1b
|-supereffective|p1b: Glimmora|1
|-damage|p1a: Staraptor|74/100
|-damage|p1b: Glimmora|0 fnt
|-unboost|p2b: Flop era|spa|2
|faint|p1b: Glimmora
|move|p1a: Staraptor|Brave Bird|p2b: Flop era
|-resisted|p2b: Flop era|1
|-damage|p2b: Flop era|0 fnt
|faint|p2b: Flop era
|-damage|p1a: Staraptor|64/100|[from] Recoil
|move|p2a: Ghost rule|Blizzard|p1a: Staraptor
|-supereffective|p1a: Staraptor|1
|-crit|p1a: Staraptor
|-damage|p1a: Staraptor|0 fnt
|faint|p1a: Staraptor
|
|-weather|Snowscape|[upkeep]
|-damage|p2a: Ghost rule|87/100 psn|[from] psn
|-sideend|p1: tavinn_n|move: Tailwind
|upkeep
|inactive|tavinn_n has 30 seconds left.
|inactive|tavinn_n has 20 seconds left.
|inactive|tavinn_n has 15 seconds left.
|inactive|tavinn_n has 10 seconds left.
|
|t:|1785958367
|switch|p1a: Kingambit|Kingambit, L50, M|100/100
|switch|p1b: Whimsicott|Whimsicott, L50, M|9/100
|turn|7
|
|t:|1785958378
|move|p1b: Whimsicott|Light Screen|p1b: Whimsicott
|-sidestart|p1: tavinn_n|move: Light Screen
|move|p2a: Ghost rule|Blizzard|p1b: Whimsicott|[spread] p1a,p1b
|-resisted|p1a: Kingambit|1
|-supereffective|p1b: Whimsicott|1
|-damage|p1a: Kingambit|85/100
|-damage|p1b: Whimsicott|0 fnt
|-status|p1a: Kingambit|frz
|faint|p1b: Whimsicott
|cant|p1a: Kingambit|frz
|
|-weather|Snowscape|[upkeep]
|-damage|p2a: Ghost rule|75/100 psn|[from] psn
|-sideend|p2: hugoggg|move: Tailwind
|upkeep
|turn|8
|inactive|tavinn_n has 30 seconds left.
|
|t:|1785958404
|move|p2a: Ghost rule|Blizzard|p1a: Kingambit
|-resisted|p1a: Kingambit|1
|-damage|p1a: Kingambit|66/100 frz
|cant|p1a: Kingambit|frz
|
|-weather|Snowscape|[upkeep]
|-damage|p2a: Ghost rule|62/100 psn|[from] psn
|upkeep
|turn|9
|
|t:|1785958414
|move|p2a: Ghost rule|Blizzard|p1a: Kingambit
|-resisted|p1a: Kingambit|1
|-damage|p1a: Kingambit|46/100 frz
|-curestatus|p1a: Kingambit|frz|[msg]
|move|p1a: Kingambit|Kowtow Cleave|p2a: Ghost rule
|-supereffective|p2a: Ghost rule|1
|-damage|p2a: Ghost rule|0 fnt
|faint|p2a: Ghost rule
|
|win|tavinn_n
|raw|tavinn_n's rating: 1215 → 1240(+25 for winning)
|raw|hugoggg's rating: 1212 → 1187(-25 for losing)
|c|☆hugoggg|ggwp!
|l|‽tavinn_n
|player|p1|
