|j|☆OdieVGC
|j|☆KhristianVG
|html|OdieVGCKhristianVG    
|uhtml|bestof|Game 1 of a best-of-3
|t:|1783026416
|gametype|doubles
|player|p1|OdieVGC|265|1095
|player|p2|KhristianVG|nate|1205
|gen|9
|tier|[Gen 9 Champions] VGC 2026 Reg M-B (Bo3)
|rated|
|rule|Species Clause: Limit one of each Pokémon
|rule|Item Clause: Limit 1 of each item
|clearpoke
|poke|p1|Primarina, L50, M|
|poke|p1|Staraptor, L50, M, shiny|
|poke|p1|Delphox, L50, F, shiny|
|poke|p1|Garchomp, L50, M|
|poke|p1|Grimmsnarl, L50, M|
|poke|p1|Sinistcha-Masterpiece, L50, shiny|
|poke|p2|Charizard, L50, F|
|poke|p2|Whimsicott, L50, M|
|poke|p2|Floette-Eternal, L50, F|
|poke|p2|Basculegion, L50, M|
|poke|p2|Garchomp, L50, F|
|poke|p2|Kingambit, L50, F, shiny|
|teampreview|4
|showteam|p1|Primarina||Leftovers|LiquidVoice|Protect,HyperVoice,CalmMind,Moonblast|Modest||M|||50|]Staraptor||Staraptite|Intimidate|Protect,BraveBird,Tailwind,CloseCombat|Jolly||M|||50|]Delphox||Delphoxite|Blaze|Protect,HeatWave,Encore,Psychic|Timid||F|||50|]Garchomp||LifeOrb|RoughSkin|Protect,DragonClaw,RockSlide,StompingTantrum|Jolly||M|||50|]Grimmsnarl||LightClay|Prankster|SpiritBreak,Reflect,LightScreen,PartingShot|Careful||M|||50|]Sinistcha-Masterpiece||KasibBerry|Hospitality|Protect,MatchaGotcha,RagePowder,StrengthSap|Bold|||||50|
|showteam|p2|Charizard||CharizarditeY|Blaze|HeatWave,SolarBeam,WeatherBall,Protect|Modest||F|||50|]Whimsicott||FocusSash|Prankster|Moonblast,Encore,Tailwind,Protect|Timid||M|||50|]Floette-Eternal||Floettite|FlowerVeil|Moonblast,DazzlingGleam,LightofRuin,Protect|Modest||F|||50|]Basculegion||MysticWater|Adaptability|WaveCrash,AquaJet,LastRespects,Protect|Adamant||M|||50|]Garchomp||LifeOrb|RoughSkin|DragonClaw,Earthquake,RockSlide,Protect|Jolly||F|||50|]Kingambit||BlackGlasses|Defiant|KowtowCleave,SuckerPunch,IronHead,Protect|Adamant||F|||50|
|inactive|Battle timer is ON: inactive players will automatically lose when time's up. (requested by KhristianVG)
|inactive|OdieVGC has 60 seconds left.
|inactive|OdieVGC has 30 seconds left.
|
|t:|1783026485
|teamsize|p1|4
|teamsize|p2|4
|start
|switch|p1a: Delphox|Delphox, L50, F, shiny|100/100
|switch|p1b: Grimmsnarl|Grimmsnarl, L50, M|100/100
|switch|p2a: Charizard|Charizard, L50, F|100/100
|switch|p2b: Whimsicott|Whimsicott, L50, M|100/100
|turn|1
|inactive|OdieVGC has 30 seconds left.
|
|t:|1783026515
|detailschange|p1a: Delphox|Delphox-Mega, L50, F, shiny
|-mega|p1a: Delphox|Delphox|Delphoxite
|detailschange|p2a: Charizard|Charizard-Mega-Y, L50, F
|-mega|p2a: Charizard|Charizard|Charizardite Y
|-weather|SunnyDay|[from] ability: Drought|[of] p2a: Charizard
|move|p2b: Whimsicott|Tailwind|p2b: Whimsicott
|-sidestart|p2: KhristianVG|move: Tailwind
|move|p1b: Grimmsnarl|Light Screen|p1b: Grimmsnarl
|-sidestart|p1: OdieVGC|move: Light Screen
|move|p2a: Charizard|Weather Ball|p1b: Grimmsnarl
|-damage|p1b: Grimmsnarl|50/100g
|move|p1a: Delphox|Heat Wave|p2b: Whimsicott|[spread] p2a,p2b
|-resisted|p2a: Charizard|1
|-supereffective|p2b: Whimsicott|1
|-damage|p2a: Charizard|78/100
|-enditem|p2b: Whimsicott|Focus Sash
|-damage|p2b: Whimsicott|1/100
|
|-weather|SunnyDay|[upkeep]
|upkeep
|turn|2
|inactive|OdieVGC has 30 seconds left.
|inactive|KhristianVG has 30 seconds left.
|inactive|OdieVGC has 20 seconds left.
|inactive|OdieVGC has 15 seconds left.
|
|t:|1783026557
|move|p2b: Whimsicott|Encore|p1a: Delphox
|-start|p1a: Delphox|Encore
|move|p1b: Grimmsnarl|Parting Shot|p2a: Charizard
|-unboost|p2a: Charizard|atk|1
|-unboost|p2a: Charizard|spa|1
|
|t:|1783026563
|switch|p1b: Primarina|Primarina, L50, M|100/100|[from] Parting Shot
|move|p2a: Charizard|Weather Ball|p1b: Primarina
|-resisted|p1b: Primarina|1
|-damage|p1b: Primarina|84/100
|move|p1a: Delphox|Heat Wave|p2a: Charizard|[spread] p2a,p2b
|-resisted|p2a: Charizard|1
|-supereffective|p2b: Whimsicott|1
|-damage|p2a: Charizard|55/100
|-damage|p2b: Whimsicott|0 fnt
|faint|p2b: Whimsicott
|
|-weather|SunnyDay|[upkeep]
|-heal|p1b: Primarina|90/100|[from] item: Leftovers
|upkeep
|
|t:|1783026581
|switch|p2b: Garchomp|Garchomp, L50, F|100/100
|turn|3
|
|t:|1783026594
|switch|p1a: Grimmsnarl|Grimmsnarl, L50, M|50/100g
|move|p2b: Garchomp|Rock Slide|p1b: Primarina|[spread] p1a,p1b
|-damage|p1a: Grimmsnarl|25/100
|-damage|p1b: Primarina|62/100
|-damage|p2b: Garchomp|90/100|[from] item: Life Orb
|move|p2a: Charizard|Solar Beam||[still]
|-prepare|p2a: Charizard|Solar Beam
|-anim|p2a: Charizard|Solar Beam|p1b: Primarina
|-supereffective|p1b: Primarina|1
|-damage|p1b: Primarina|26/100
|move|p1b: Primarina|Calm Mind|p1b: Primarina
|-boost|p1b: Primarina|spa|1
|-boost|p1b: Primarina|spd|1
|
|-weather|SunnyDay|[upkeep]
|-heal|p1b: Primarina|32/100|[from] item: Leftovers
|upkeep
|turn|4
|
|t:|1783026617
|move|p1b: Primarina|Protect|p1b: Primarina
|-singleturn|p1b: Primarina|Protect
|move|p1a: Grimmsnarl|Parting Shot|p2b: Garchomp
|-unboost|p2b: Garchomp|atk|1
|-unboost|p2b: Garchomp|spa|1
|
|t:|1783026622
|switch|p1a: Sinistcha|Sinistcha-Masterpiece, L50, shiny|100/100|[from] Parting Shot
|-heal|p1b: Primarina|57/100|[from] ability: Hospitality|[of] p1a: Sinistcha
|move|p2b: Garchomp|Rock Slide|p1b: Primarina|[spread] 
|-activate|p1b: Primarina|move: Protect
|-miss|p2b: Garchomp|p1a: Sinistcha
|move|p2a: Charizard|Heat Wave|p1a: Sinistcha|[spread] p1a
|-activate|p1b: Primarina|move: Protect
|-supereffective|p1a: Sinistcha|1
|-damage|p1a: Sinistcha|41/100
|
|-weather|SunnyDay|[upkeep]
|-heal|p1b: Primarina|64/100|[from] item: Leftovers
|-sideend|p2: KhristianVG|move: Tailwind
|upkeep
|turn|5
|inactive|OdieVGC has 30 seconds left.
|inactive|OdieVGC has 20 seconds left.
|inactive|OdieVGC has 15 seconds left.
|
|t:|1783026662
|switch|p1a: Grimmsnarl|Grimmsnarl, L50, M|25/100
|move|p2b: Garchomp|Rock Slide|p1b: Primarina|[spread] p1a,p1b
|-damage|p1a: Grimmsnarl|9/100
|-damage|p1b: Primarina|47/100
|-damage|p2b: Garchomp|80/100|[from] item: Life Orb
|move|p2a: Charizard|Solar Beam||[still]
|-prepare|p2a: Charizard|Solar Beam
|-anim|p2a: Charizard|Solar Beam|p1b: Primarina
|-supereffective|p1b: Primarina|1
|-damage|p1b: Primarina|25/100
|move|p1b: Primarina|Hyper Voice|p2b: Garchomp|[spread] p2a,p2b
|-supereffective|p2a: Charizard|1
|-damage|p2a: Charizard|14/100
|-damage|p2b: Garchomp|53/100
|
|-weather|none
|-heal|p1b: Primarina|31/100|[from] item: Leftovers
|upkeep
|turn|6
|inactive|OdieVGC has 30 seconds left.
|inactive|KhristianVG has 30 seconds left.
|inactive|OdieVGC has 20 seconds left.
|inactive|OdieVGC has 15 seconds left.
|inactive|OdieVGC has 10 seconds left.
|
|t:|1783026708
|switch|p2a: Basculegion|Basculegion, L50, M|100/100
|move|p2b: Garchomp|Protect|p2b: Garchomp
|-singleturn|p2b: Garchomp|Protect
|move|p1a: Grimmsnarl|Parting Shot|p2b: Garchomp
|-activate|p2b: Garchomp|move: Protect
|move|p1b: Primarina|Calm Mind|p1b: Primarina
|-boost|p1b: Primarina|spa|1
|-boost|p1b: Primarina|spd|1
|
|-heal|p1b: Primarina|37/100|[from] item: Leftovers
|upkeep
|turn|7
|
|t:|1783026723
|move|p1b: Primarina|Protect|p1b: Primarina
|-singleturn|p1b: Primarina|Protect
|move|p1a: Grimmsnarl|Parting Shot|p2a: Basculegion
|-unboost|p2a: Basculegion|atk|1
|-unboost|p2a: Basculegion|spa|1
|
|t:|1783026730
|switch|p1a: Sinistcha|Sinistcha-Masterpiece, L50, shiny|41/100|[from] Parting Shot
|-heal|p1b: Primarina|62/100|[from] ability: Hospitality|[of] p1a: Sinistcha
|move|p2b: Garchomp|Rock Slide|p1b: Primarina|[spread] p1a
|-activate|p1b: Primarina|move: Protect
|-damage|p1a: Sinistcha|28/100
|-damage|p2b: Garchomp|43/100|[from] item: Life Orb
|move|p2a: Basculegion|Last Respects|p1b: Primarina
|-activate|p1b: Primarina|move: Protect
|
|-heal|p1b: Primarina|68/100|[from] item: Leftovers
|upkeep
|turn|8
|inactive|OdieVGC has 30 seconds left.
|inactive|KhristianVG has 30 seconds left.
|inactive|OdieVGC has 20 seconds left.
|
|t:|1783026767
|move|p1a: Sinistcha|Rage Powder|p1a: Sinistcha
|-singleturn|p1a: Sinistcha|move: Rage Powder
|move|p2b: Garchomp|Rock Slide|p1a: Sinistcha|[spread] p1a,p1b
|-damage|p1a: Sinistcha|16/100
|-damage|p1b: Primarina|49/100
|-damage|p2b: Garchomp|33/100|[from] item: Life Orb
|move|p2a: Basculegion|Last Respects|p1a: Sinistcha
|-supereffective|p1a: Sinistcha|1
|-enditem|p1a: Sinistcha|Kasib Berry|[eat]
|-enditem|p1a: Sinistcha|Kasib Berry|[weaken]
|-damage|p1a: Sinistcha|0 fnt
|faint|p1a: Sinistcha
|move|p1b: Primarina|Moonblast|p2a: Basculegion
|-damage|p2a: Basculegion|1/100
|
|-heal|p1b: Primarina|55/100|[from] item: Leftovers
|-sideend|p1: OdieVGC|move: Light Screen
|upkeep
|
|t:|1783026782
|switch|p1a: Grimmsnarl|Grimmsnarl, L50, M|9/100
|turn|9
|
|t:|1783026806
|move|p1a: Grimmsnarl|Reflect|p1a: Grimmsnarl
|-sidestart|p1: OdieVGC|Reflect
|move|p2b: Garchomp|Rock Slide|p1a: Grimmsnarl|[spread] p1a,p1b
|-damage|p1a: Grimmsnarl|0 fnt
|-damage|p1b: Primarina|42/100
|faint|p1a: Grimmsnarl
|-damage|p2b: Garchomp|24/100|[from] item: Life Orb
|move|p2a: Basculegion|Last Respects|p1b: Primarina
|-damage|p1b: Primarina|12/100
|move|p1b: Primarina|Hyper Voice|p2b: Garchomp|[spread] p2a,p2b
|-resisted|p2a: Basculegion|1
|-damage|p2a: Basculegion|0 fnt
|-damage|p2b: Garchomp|0 fnt
|faint|p2a: Basculegion
|faint|p2b: Garchomp
|
|-heal|p1b: Primarina|18/100|[from] item: Leftovers
|upkeep
|
|t:|1783026821
|switch|p2a: Charizard|Charizard-Mega-Y, L50, F|14/100
|switch|p1a: Delphox|Delphox-Mega, L50, F, shiny|100/100
|-weather|SunnyDay|[from] ability: Drought|[of] p2a: Charizard
|turn|10
|
|t:|1783026828
|move|p1b: Primarina|Protect|p1b: Primarina
|-singleturn|p1b: Primarina|Protect
|move|p1a: Delphox|Psychic|p2a: Charizard
|-damage|p2a: Charizard|0 fnt
|faint|p2a: Charizard
|
|win|OdieVGC
