|j|☆Screammmmm1
|j|☆Maniac.test09
|html|Screammmmm1Maniac.test09    
|uhtml|bestof|Game 1 of a best-of-3
|t:|1783604089
|gametype|doubles
|player|p1|Screammmmm1|n|1130
|player|p2|Maniac.test09|170|1059
|gen|9
|tier|[Gen 9 Champions] VGC 2026 Reg M-B (Bo3)
|rated|
|rule|Species Clause: Limit one of each Pokémon
|rule|Item Clause: Limit 1 of each item
|clearpoke
|poke|p1|Blaziken, L50, F, shiny|
|poke|p1|Gholdengo, L50|
|poke|p1|Talonflame, L50, F|
|poke|p1|Hydreigon, L50, F|
|poke|p1|Garchomp, L50, M|
|poke|p1|Liepard, L50, M, shiny|
|poke|p2|Raichu, L50, F|
|poke|p2|Heliolisk, L50, F|
|poke|p2|Charizard, L50, F|
|poke|p2|Whimsicott, L50, M|
|poke|p2|Primarina, L50, M|
|poke|p2|Sneasler, L50, F|
|teampreview|4
|showteam|p1|Blaziken||Blazikenite|SpeedBoost|BlazeKick,CloseCombat,RockSlide,Protect|Adamant||F|||50|]Gholdengo||LifeOrb|GoodasGold|MakeItRain,NastyPlot,ShadowBall,Protect|Modest|||||50|]Talonflame|||GaleWings|Tailwind,Acrobatics,Protect,Taunt|Jolly||F|||50|]Hydreigon||FocusSash|Levitate|DragonCheer,DracoMeteor,Tailwind,DarkPulse|Timid||F|||50|]Garchomp||SitrusBerry|RoughSkin|Earthquake,DragonClaw,RockSlide,Protect|Adamant||M|||50|]Liepard||RoseliBerry|Prankster|KnockOff,SunnyDay,Encore,FakeOut|Jolly||M|||50|
|showteam|p2|Raichu||RaichuniteX|LightningRod|FakeOut,VoltTackle,PlayRough,DrainPunch|Jolly||F|||50|]Heliolisk||ChoiceScarf|SolarPower|Thunderbolt,VoltSwitch,SolarBeam,WeatherBall|Modest||F|||50|]Charizard||CharizarditeY|SolarPower|HeatWave,Protect,WeatherBall,SolarBeam|Timid||F|||50|]Whimsicott||FocusSash|Prankster|Tailwind,SunnyDay,Moonblast,Encore|Quiet||M|||50|]Primarina||LifeOrb|LiquidVoice|HyperVoice,Moonblast,Protect,HelpingHand|Modest||M|||50|]Sneasler||WhiteHerb|Unburden|FakeOut,DireClaw,CloseCombat,QuickGuard|Adamant||F|||50|
|inactive|Battle timer is ON: inactive players will automatically lose when time's up. (requested by Screammmmm1)
|inactive|Maniac.test09 has 60 seconds left.
|
|t:|1783604129
|teamsize|p1|4
|teamsize|p2|4
|start
|switch|p1a: Gholdengo|Gholdengo, L50|100/100
|switch|p1b: Liepard|Liepard, L50, M, shiny|100/100
|switch|p2a: Primarina|Primarina, L50, M|100/100
|switch|p2b: Whimsicott|Whimsicott, L50, M|100/100
|turn|1
|inactive|Screammmmm1 has 30 seconds left.
|inactive|Maniac.test09 has 30 seconds left.
|inactive|Maniac.test09 has 20 seconds left.
|inactive|Maniac.test09 has 15 seconds left.
|
|t:|1783604172
|switch|p2a: Charizard|Charizard, L50, F|100/100
|move|p1b: Liepard|Fake Out|p2a: Charizard
|-crit|p2a: Charizard
|-damage|p2a: Charizard|74/100
|move|p2b: Whimsicott|Tailwind|p2b: Whimsicott
|-sidestart|p2: Maniac.test09|move: Tailwind
|move|p1a: Gholdengo|Nasty Plot|p1a: Gholdengo
|-boost|p1a: Gholdengo|spa|2
|
|upkeep
|turn|2
|inactive|Screammmmm1 has 30 seconds left.
|inactive|Maniac.test09 has 30 seconds left.
|inactive|Screammmmm1 has 20 seconds left.
|inactive|Screammmmm1 has 15 seconds left.
|
|t:|1783604213
|detailschange|p2a: Charizard|Charizard-Mega-Y, L50, F
|-mega|p2a: Charizard|Charizard|Charizardite Y
|-weather|SunnyDay|[from] ability: Drought|[of] p2a: Charizard
|move|p1b: Liepard|Encore|p2b: Whimsicott
|-start|p2b: Whimsicott|Encore
|move|p2b: Whimsicott|Tailwind||[still]
|-fail|p2b: Whimsicott
|move|p2a: Charizard|Heat Wave|p1a: Gholdengo|[spread] p1a,p1b
|-supereffective|p1a: Gholdengo|1
|-damage|p1a: Gholdengo|0 fnt
|-damage|p1b: Liepard|0 fnt
|faint|p1a: Gholdengo
|faint|p1b: Liepard
|
|-weather|SunnyDay|[upkeep]
|upkeep
|
|t:|1783604225
|switch|p1b: Talonflame|Talonflame, L50, F|100/100
|switch|p1a: Garchomp|Garchomp, L50, M|100/100
|turn|3
|inactive|Maniac.test09 has 30 seconds left.
|inactive|Maniac.test09 has 20 seconds left.
|
|t:|1783604263
|switch|p2b: Primarina|Primarina, L50, M|100/100
|move|p1a: Garchomp|Protect|p1a: Garchomp
|-singleturn|p1a: Garchomp|Protect
|move|p1b: Talonflame|Acrobatics|p2a: Charizard
|-damage|p2a: Charizard|20/100r
|move|p2a: Charizard|Solar Beam||[still]
|-prepare|p2a: Charizard|Solar Beam
|-anim|p2a: Charizard|Solar Beam|p1a: Garchomp
|-activate|p1a: Garchomp|move: Protect
|
|-weather|SunnyDay|[upkeep]
|upkeep
|turn|4
|inactive|Screammmmm1 has 30 seconds left.
|inactive|Maniac.test09 has 30 seconds left.
|
|t:|1783604290
|move|p2a: Charizard|Protect|p2a: Charizard
|-singleturn|p2a: Charizard|Protect
|move|p1b: Talonflame|Tailwind|p1b: Talonflame
|-sidestart|p1: Screammmmm1|move: Tailwind
|move|p1a: Garchomp|Earthquake|p2b: Primarina|[spread] p2b
|-activate|p2a: Charizard|move: Protect
|-immune|p1b: Talonflame
|-damage|p2b: Primarina|51/100
|move|p2b: Primarina|Hyper Voice|p1a: Garchomp|[spread] p1a,p1b
|-supereffective|p1b: Talonflame|1
|-damage|p1a: Garchomp|75/100
|-damage|p1b: Talonflame|36/100
|-damage|p2b: Primarina|41/100|[from] item: Life Orb
|
|-weather|SunnyDay|[upkeep]
|-sideend|p2: Maniac.test09|move: Tailwind
|upkeep
|turn|5
|
|t:|1783604311
|move|p1b: Talonflame|Acrobatics|p2b: Primarina
|-damage|p2b: Primarina|0 fnt
|faint|p2b: Primarina
|move|p1a: Garchomp|Rock Slide|p2a: Charizard
|-supereffective|p2a: Charizard|2
|-damage|p2a: Charizard|0 fnt
|faint|p2a: Charizard
|
|-weather|SunnyDay|[upkeep]
|upkeep
|
|t:|1783604316
|switch|p2a: Whimsicott|Whimsicott, L50, M|100/100
|switch|p2b: Heliolisk|Heliolisk, L50, F|100/100
|turn|6
|
|t:|1783604330
|move|p1b: Talonflame|Acrobatics|p2a: Whimsicott
|-supereffective|p2a: Whimsicott|1
|-damage|p2a: Whimsicott|6/100
|move|p1a: Garchomp|Rock Slide|p2a: Whimsicott|[spread] p2a,p2b
|-damage|p2a: Whimsicott|0 fnt
|-damage|p2b: Heliolisk|58/100
|faint|p2a: Whimsicott
|move|p2b: Heliolisk|Thunderbolt|p1b: Talonflame
|-supereffective|p1b: Talonflame|1
|-crit|p1b: Talonflame
|-damage|p1b: Talonflame|0 fnt
|faint|p1b: Talonflame
|
|-weather|none
|upkeep
|turn|7
|-message|Maniac.test09 forfeited.
|
|win|Screammmmm1
