|j|☆Under Limbo
|j|☆lettitripppp
|html|Under Limbolettitripppp    
|uhtml|bestof|Game 2 of a best-of-3
|t:|1784491704
|gametype|doubles
|player|p1|Under Limbo|n|1101
|player|p2|lettitripppp|lucas|1261
|gen|9
|tier|[Gen 9 Champions] VGC 2026 Reg M-B (Bo3)
|rated|
|rule|Species Clause: Limit one of each Pokémon
|rule|Item Clause: Limit 1 of each item
|clearpoke
|poke|p1|Froslass, L50, F, shiny|
|poke|p1|Glimmora, L50, M, shiny|
|poke|p1|Grimmsnarl, L50, M|
|poke|p1|Sneasler, L50, F|
|poke|p1|Milotic, L50, F, shiny|
|poke|p1|Tsareena, L50, F, shiny|
|poke|p2|Charizard, L50, F, shiny|
|poke|p2|Basculegion, L50, M, shiny|
|poke|p2|Pelipper, L50, F|
|poke|p2|Venusaur, L50, M|
|poke|p2|Archaludon, L50, M|
|poke|p2|Grimmsnarl, L50, M, shiny|
|teampreview|4
|showteam|p1|Froslass||Froslassite|CursedBody|Blizzard,AuroraVeil,Protect,Hex|Timid||F|||50|]Glimmora||SitrusBerry|ToxicDebris|MortalSpin,SpikyShield,PowerGem,EarthPower|Bold||M|||50|]Grimmsnarl||LightClay|Prankster|SpiritBreak,PartingShot,LightScreen,Reflect|Careful||M|||50|]Sneasler||FocusSash|Unburden|CloseCombat,ThroatChop,FakeOut,DireClaw|Adamant||F|||50|]Milotic||Leftovers|Competitive|MuddyWater,IceBeam,Haze,Recover|Calm||F|||50|]Tsareena||ExpertBelt|QueenlyMajesty|TropKick,TripleAxel,LowKick,Protect|Adamant||F|||50|
|showteam|p2|Charizard||CharizarditeY|Blaze|WeatherBall,SolarBeam,HeatWave,Protect|Modest||F|||50|]Basculegion||ChoiceScarf|Adaptability|LastRespects,WaveCrash,FlipTurn,AquaJet|Jolly||M|||50|]Pelipper||SitrusBerry|Drizzle|WeatherBall,WideGuard,Hurricane,Tailwind|Modest||F|||50|]Venusaur||FocusSash|Chlorophyll|SleepPowder,SludgeBomb,EarthPower,Protect|Modest||M|||50|]Archaludon||Leftovers|Stamina|FlashCannon,DragonPulse,ElectroShot,Protect|Calm||M|||50|]Grimmsnarl||LightClay|Prankster|PartingShot,LightScreen,SpiritBreak,Reflect|Relaxed||M|||50|
|inactive|Battle timer is ON: inactive players will automatically lose when time's up. (requested by lettitripppp)
|
|t:|1784491731
|teamsize|p1|4
|teamsize|p2|4
|start
|switch|p1a: Carmen|Froslass, L50, F, shiny|100/100
|switch|p1b: Celeste|Sneasler, L50, F|100/100
|switch|p2a: SOFT-SLEEP|Venusaur, L50, M|100/100
|switch|p2b: AGNI|Charizard, L50, F, shiny|100/100
|turn|1
|inactive|Under Limbo has 30 seconds left.
|
|t:|1784491763
|move|p1a: Carmen|Protect|p1a: Carmen
|-singleturn|p1a: Carmen|Protect
|move|p2b: AGNI|Protect|p2b: AGNI
|-singleturn|p2b: AGNI|Protect
|move|p2a: SOFT-SLEEP|Protect|p2a: SOFT-SLEEP
|-singleturn|p2a: SOFT-SLEEP|Protect
|move|p1b: Celeste|Fake Out|p2a: SOFT-SLEEP
|-activate|p2a: SOFT-SLEEP|move: Protect
|
|upkeep
|turn|2
|inactive|Under Limbo has 30 seconds left.
|
|t:|1784491789
|switch|p1a: Feji|Glimmora, L50, M, shiny|100/100
|detailschange|p2b: AGNI|Charizard-Mega-Y, L50, F, shiny
|-mega|p2b: AGNI|Charizard|Charizardite Y
|-weather|SunnyDay|[from] ability: Drought|[of] p2b: AGNI
|move|p2a: SOFT-SLEEP|Sleep Powder|p1b: Celeste
|-status|p1b: Celeste|slp|[from] move: Sleep Powder
|cant|p1b: Celeste|slp
|move|p2b: AGNI|Heat Wave|p1b: Celeste|[spread] p1a,p1b
|-resisted|p1a: Feji|1
|-damage|p1a: Feji|66/100
|-damage|p1b: Celeste|22/100 slp
|-status|p1a: Feji|brn
|
|-weather|SunnyDay|[upkeep]
|-damage|p1a: Feji|60/100 brn|[from] brn
|upkeep
|turn|3
|
|t:|1784491809
|move|p2a: SOFT-SLEEP|Earth Power|p1a: Feji
|-supereffective|p1a: Feji|2
|-damage|p1a: Feji|0 fnt
|faint|p1a: Feji
|cant|p1b: Celeste|slp
|move|p2b: AGNI|Heat Wave|p1b: Celeste
|-damage|p1b: Celeste|0 fnt
|faint|p1b: Celeste
|
|-weather|SunnyDay|[upkeep]
|upkeep
|c|☆Under Limbo|Gg
|
|t:|1784491820
|switch|p1b: Carmen|Froslass, L50, F, shiny|100/100
|switch|p1a: Kitana|Milotic, L50, F, shiny|100/100
|turn|4
|
|t:|1784491832
|switch|p2a: GO JOHAN|Grimmsnarl, L50, M, shiny|100/100
|switch|p2b: GHOSTWAVE|Basculegion, L50, M, shiny|100/100
|detailschange|p1b: Carmen|Froslass-Mega, L50, F, shiny
|-mega|p1b: Carmen|Froslass|Froslassite
|-weather|Snowscape|[from] ability: Snow Warning|[of] p1b: Carmen
|move|p1b: Carmen|Blizzard|p2a: GO JOHAN|[spread] p2a,p2b
|-resisted|p2b: GHOSTWAVE|1
|-damage|p2a: GO JOHAN|54/100
|-damage|p2b: GHOSTWAVE|75/100
|move|p1a: Kitana|Ice Beam|p2a: GO JOHAN
|-damage|p2a: GO JOHAN|31/100
|
|-weather|Snowscape|[upkeep]
|upkeep
|turn|5
|
|t:|1784491856
|move|p2a: GO JOHAN|Light Screen|p2a: GO JOHAN
|-sidestart|p2: lettitripppp|move: Light Screen
|move|p2b: GHOSTWAVE|Flip Turn|p1a: Kitana
|-resisted|p1a: Kitana|1
|-damage|p1a: Kitana|79/100
|
|t:|1784491865
|switch|p2b: AGNI|Charizard-Mega-Y, L50, F, shiny|100/100|[from] Flip Turn
|-weather|SunnyDay|[from] ability: Drought|[of] p2b: AGNI
|move|p1b: Carmen|Blizzard|p2b: AGNI|[spread] p2b
|-miss|p1b: Carmen|p2a: GO JOHAN
|-damage|p2b: AGNI|73/100
|move|p1a: Kitana|Muddy Water|p2a: GO JOHAN|[spread] p2a,p2b
|-supereffective|p2b: AGNI|1
|-damage|p2a: GO JOHAN|22/100
|-damage|p2b: AGNI|56/100
|-unboost|p2b: AGNI|accuracy|1
|
|-weather|SunnyDay|[upkeep]
|-heal|p1a: Kitana|85/100|[from] item: Leftovers
|upkeep
|turn|6
|-message|Under Limbo forfeited.
|
|win|lettitripppp
|raw|Under Limbo's rating: 1101 → 1087(-14 for losing)
|raw|lettitripppp's rating: 1261 → 1275(+14 for winning)
|l|☆Under Limbo
|player|p1|
