|j|☆catsharknado
|j|☆JJack_Olanturn
|html|catsharknadoJJack_Olanturn    
|uhtml|bestof|Game 2 of a best-of-3
|t:|1785028309
|gametype|doubles
|player|p1|catsharknado|169|1349
|player|p2|JJack_Olanturn|benga|1245
|gen|9
|tier|[Gen 9 Champions] VGC 2026 Reg M-B (Bo3)
|rated|
|rule|Species Clause: Limit one of each Pokémon
|rule|Item Clause: Limit 1 of each item
|clearpoke
|poke|p1|Milotic, L50, F|
|poke|p1|Floette-Eternal, L50, F|
|poke|p1|Raichu, L50, M|
|poke|p1|Ceruledge, L50, M|
|poke|p1|Sinistcha, L50|
|poke|p1|Incineroar, L50, M|
|poke|p2|Tyranitar, L50, F, shiny|
|poke|p2|Hydreigon, L50, M|
|poke|p2|Excadrill, L50, M, shiny|
|poke|p2|Toxapex, L50, M|
|poke|p2|Gholdengo, L50|
|poke|p2|Staraptor, L50, M, shiny|
|teampreview|4
|showteam|p1|Milotic||Leftovers|Competitive|Coil,Hypnosis,MuddyWater,Recover|Bold||F|||50|]Floette-Eternal||Floettite|FlowerVeil|CalmMind,DrainingKiss,DazzlingGleam,Protect|Timid||F|||50|]Raichu||RaichuniteY|LightningRod|FakeOut,ZapCannon,FocusBlast,Protect|Timid||M|||50|]Ceruledge||ColburBerry|FlashFire|Protect,BulkUp,BitterBlade,ShadowSneak|Adamant||M|||50|]Sinistcha||KasibBerry|Hospitality|MatchaGotcha,RagePowder,LifeDew,Protect|Relaxed|||||50|]Incineroar||SitrusBerry|Intimidate|FlareBlitz,DarkestLariat,PartingShot,FakeOut|Impish||M|||50|
|showteam|p2|Tyranitar||Tyranitarite|SandStream|RockSlide,KnockOff,StompingTantrum,Protect|Jolly||F|||50|]Hydreigon||ChoiceScarf|Levitate|DarkPulse,DracoMeteor,EarthPower,Snarl|Modest||M|||50|]Excadrill||FocusSash|SandRush|HighHorsepower,IronHead,RockSlide,Protect|Adamant||M|||50|]Toxapex||Leftovers|Regenerator|Toxic,Infestation,WideGuard,BanefulBunker|Relaxed||M|||50|]Gholdengo||LifeOrb|GoodasGold|MakeItRain,ShadowBall,NastyPlot,Protect|Modest|||||50|]Staraptor||Staraptite|Intimidate|CloseCombat,BraveBird,Tailwind,Protect|Jolly||M|||50|
|inactive|Battle timer is ON: inactive players will automatically lose when time's up. (requested by catsharknado)
|
|t:|1785028333
|teamsize|p1|4
|teamsize|p2|4
|start
|switch|p1a: Raichu|Raichu, L50, M|100/100
|switch|p1b: Incineroar|Incineroar, L50, M|100/100
|switch|p2a: Blitzkrieg|Staraptor, L50, M, shiny|100/100
|switch|p2b: The Bunker|Toxapex, L50, M|100/100
|-ability|p2a: Blitzkrieg|Intimidate|boost
|-unboost|p1a: Raichu|atk|1
|-unboost|p1b: Incineroar|atk|1
|-ability|p1b: Incineroar|Intimidate|boost
|-unboost|p2a: Blitzkrieg|atk|1
|-unboost|p2b: The Bunker|atk|1
|turn|1
|
|t:|1785028352
|switch|p1b: Milotic|Milotic, L50, F|100/100
|detailschange|p1a: Raichu|Raichu-Mega-Y, L50, M
|-mega|p1a: Raichu|Raichu|Raichunite Y
|detailschange|p2a: Blitzkrieg|Staraptor-Mega, L50, M, shiny
|-mega|p2a: Blitzkrieg|Staraptor|Staraptite
|move|p2a: Blitzkrieg|Protect|p2a: Blitzkrieg
|-singleturn|p2a: Blitzkrieg|Protect
|move|p2b: The Bunker|Baneful Bunker|p2b: The Bunker
|-singleturn|p2b: The Bunker|move: Protect
|move|p1a: Raichu|Zap Cannon|p2b: The Bunker
|-activate|p2b: The Bunker|move: Protect
|
|upkeep
|turn|2
|inactive|catsharknado has 30 seconds left.
|
|t:|1785028382
|switch|p2a: Sandman|Tyranitar, L50, F, shiny|100/100
|-weather|Sandstorm|[from] ability: Sand Stream|[of] p2a: Sandman
|move|p1a: Raichu|Zap Cannon|p2a: Sandman
|-damage|p2a: Sandman|60/100
|-status|p2a: Sandman|par
|move|p1b: Milotic|Coil|p1b: Milotic
|-boost|p1b: Milotic|atk|1
|-boost|p1b: Milotic|def|1
|-boost|p1b: Milotic|accuracy|1
|move|p2b: The Bunker|Toxic|p1b: Milotic
|-status|p1b: Milotic|tox
|
|-weather|Sandstorm|[upkeep]
|-damage|p1a: Raichu|93/100|[from] Sandstorm
|-damage|p1b: Milotic|94/100 tox|[from] Sandstorm
|-damage|p2b: The Bunker|93/100|[from] Sandstorm
|-heal|p1b: Milotic|100/100 tox|[from] item: Leftovers
|-heal|p2b: The Bunker|100/100|[from] item: Leftovers
|-damage|p1b: Milotic|94/100 tox|[from] psn
|upkeep
|turn|3
|
|t:|1785028407
|move|p1a: Raichu|Zap Cannon|p2b: The Bunker
|-supereffective|p2b: The Bunker|1
|-damage|p2b: The Bunker|0 fnt
|faint|p2b: The Bunker
|move|p1b: Milotic|Muddy Water|p2a: Sandman
|-supereffective|p2a: Sandman|1
|-damage|p2a: Sandman|22/100 par
|cant|p2a: Sandman|par
|
|-weather|Sandstorm|[upkeep]
|-damage|p1a: Raichu|87/100|[from] Sandstorm
|-damage|p1b: Milotic|88/100 tox|[from] Sandstorm
|-heal|p1b: Milotic|94/100 tox|[from] item: Leftovers
|-damage|p1b: Milotic|82/100 tox|[from] psn
|upkeep
|
|t:|1785028420
|switch|p2b: Mr. Moneybags|Gholdengo, L50|100/100
|turn|4
|
|t:|1785028434
|move|p1a: Raichu|Zap Cannon|p2b: Mr. Moneybags
|-damage|p2b: Mr. Moneybags|35/100
|-status|p2b: Mr. Moneybags|par
|move|p1b: Milotic|Muddy Water|p2a: Sandman|[spread] p2a,p2b
|-supereffective|p2a: Sandman|1
|-damage|p2a: Sandman|0 fnt
|-damage|p2b: Mr. Moneybags|15/100 par
|-unboost|p2b: Mr. Moneybags|accuracy|1
|faint|p2a: Sandman
|move|p2b: Mr. Moneybags|Shadow Ball|p1a: Raichu
|-damage|p1a: Raichu|25/100
|-damage|p2b: Mr. Moneybags|5/100 par|[from] item: Life Orb
|
|-weather|Sandstorm|[upkeep]
|-damage|p1a: Raichu|19/100|[from] Sandstorm
|-damage|p1b: Milotic|76/100 tox|[from] Sandstorm
|-heal|p1b: Milotic|82/100 tox|[from] item: Leftovers
|-damage|p1b: Milotic|64/100 tox|[from] psn
|upkeep
|
|t:|1785028450
|switch|p2a: Blitzkrieg|Staraptor-Mega, L50, M, shiny|100/100
|turn|5
|
|t:|1785028459
|move|p1a: Raichu|Protect|p1a: Raichu
|-singleturn|p1a: Raichu|Protect
|move|p2a: Blitzkrieg|Protect|p2a: Blitzkrieg
|-singleturn|p2a: Blitzkrieg|Protect
|move|p1b: Milotic|Muddy Water|p2b: Mr. Moneybags|[spread] p2b
|-activate|p2a: Blitzkrieg|move: Protect
|-damage|p2b: Mr. Moneybags|0 fnt
|faint|p2b: Mr. Moneybags
|
|-weather|Sandstorm|[upkeep]
|-damage|p1a: Raichu|13/100|[from] Sandstorm
|-damage|p2a: Blitzkrieg|94/100|[from] Sandstorm
|-damage|p1b: Milotic|58/100 tox|[from] Sandstorm
|-heal|p1b: Milotic|64/100 tox|[from] item: Leftovers
|-damage|p1b: Milotic|40/100 tox|[from] psn
|upkeep
|turn|6
|-message|JJack_Olanturn forfeited.
|raw|catsharknado's rating: 1349 → 1363(+14 for winning)
|raw|JJack_Olanturn's rating: 1245 → 1227(-18 for losing)
|
|win|catsharknado
|l|☆JJack_Olanturn
|player|p2|
