|j|☆Gus_0Z
|j|☆TengoMuchaSed
|html|Gus_0ZTengoMuchaSed    
|uhtml|bestof|Game 1 of a best-of-3
|t:|1782597841
|gametype|doubles
|player|p1|Gus_0Z|volo|1177
|player|p2|TengoMuchaSed|tate|1068
|gen|9
|tier|[Gen 9 Champions] VGC 2026 Reg M-B (Bo3)
|rated|
|rule|Species Clause: Limit one of each Pokémon
|rule|Item Clause: Limit 1 of each item
|clearpoke
|poke|p1|Scovillain, L50, F|
|poke|p1|Kingambit, L50, F|
|poke|p1|Sylveon, L50, M|
|poke|p1|Kommo-o, L50, M|
|poke|p1|Aerodactyl, L50, M|
|poke|p1|Basculegion, L50, M|
|poke|p2|Maushold, L50|
|poke|p2|Annihilape, L50, M|
|poke|p2|Archaludon, L50, M|
|poke|p2|Sableye, L50, M|
|poke|p2|Swampert, L50, F|
|poke|p2|Pelipper, L50, M|
|teampreview|4
|showteam|p1|Scovillain||Scovillainite|Moody|Overheat,LeechSeed,RagePowder,Protect|Bold||F|||50|]Kingambit||LifeOrb|Defiant|IronHead,KowtowCleave,SuckerPunch,Protect|Adamant||F|||50|]Sylveon||FairyFeather|Pixilate|HyperVoice,HyperBeam,QuickAttack,Detect|Modest||M|||50|]Kommo-o||Leftovers|Soundproof|Protect,ClangorousSoul,ClangingScales,AuraSphere|Timid||M|||50|]Aerodactyl||Aerodactylite|Unnerve|Tailwind,RockSlide,DualWingbeat,Protect|Jolly||M|||50|]Basculegion||MysticWater|Adaptability|WaveCrash,LastRespects,AquaJet,Protect|Adamant||M|||50|
|showteam|p2|Maushold||FocusSash|FriendGuard|BeatUp,FollowMe,RainDance,Protect|Jolly|||||50|]Annihilape||SitrusBerry|Defiant|RageFist,DrainPunch,Taunt,BulkUp|Adamant||M|||50|]Archaludon||Leftovers|Stamina|ElectroShot,DragonPulse,FlashCannon,Protect|Modest||M|||50|]Sableye||LightClay|Prankster|Quash,LightScreen,Reflect,RainDance|Bold||M|||50|]Swampert||Swampertite|Damp|WaveCrash,HighHorsepower,FlipTurn,Protect|Adamant||F|||50|]Pelipper||LifeOrb|Drizzle|MuddyWater,Hurricane,Tailwind,Protect|Timid||M|||50|
|inactive|Battle timer is ON: inactive players will automatically lose when time's up. (requested by TengoMuchaSed)
|inactive|TengoMuchaSed has 60 seconds left.
|
|t:|1782597891
|teamsize|p1|4
|teamsize|p2|4
|start
|switch|p1a: Scovillain|Scovillain, L50, F|100/100
|switch|p1b: Sylveon|Sylveon, L50, M|100/100
|switch|p2a: Pelipper|Pelipper, L50, M|100/100
|switch|p2b: Archaludon|Archaludon, L50, M|100/100
|-weather|RainDance|[from] ability: Drizzle|[of] p2a: Pelipper
|turn|1
|inactive|TengoMuchaSed has 30 seconds left.
|
|t:|1782597923
|move|p1a: Scovillain|Protect|p1a: Scovillain
|-singleturn|p1a: Scovillain|Protect
|move|p2a: Pelipper|Muddy Water|p1b: Sylveon|[spread] p1b
|-activate|p1a: Scovillain|move: Protect
|-damage|p1b: Sylveon|58/100
|-damage|p2a: Pelipper|90/100|[from] item: Life Orb
|move|p2b: Archaludon|Flash Cannon|p1b: Sylveon
|-supereffective|p1b: Sylveon|1
|-damage|p1b: Sylveon|0 fnt
|faint|p1b: Sylveon
|
|-weather|RainDance|[upkeep]
|-ability|p1a: Scovillain|Moody|boost
|-boost|p1a: Scovillain|spd|2
|-unboost|p1a: Scovillain|spe|1
|upkeep
|
|t:|1782597934
|switch|p1b: Kommo-o|Kommo-o, L50, M|100/100
|turn|2
|
|t:|1782597948
|detailschange|p1a: Scovillain|Scovillain-Mega, L50, F
|-mega|p1a: Scovillain|Scovillain|Scovillainite
|move|p2b: Archaludon|Protect|p2b: Archaludon
|-singleturn|p2b: Archaludon|Protect
|move|p1a: Scovillain|Rage Powder|p1a: Scovillain
|-singleturn|p1a: Scovillain|move: Rage Powder
|move|p1b: Kommo-o|Clangorous Soul|p1b: Kommo-o
|-boost|p1b: Kommo-o|atk|1
|-boost|p1b: Kommo-o|def|1
|-boost|p1b: Kommo-o|spa|1
|-boost|p1b: Kommo-o|spd|1
|-boost|p1b: Kommo-o|spe|1
|-damage|p1b: Kommo-o|67/100
|move|p2a: Pelipper|Tailwind|p2a: Pelipper
|-sidestart|p2: TengoMuchaSed|move: Tailwind
|
|-weather|RainDance|[upkeep]
|-heal|p1b: Kommo-o|73/100|[from] item: Leftovers
|upkeep
|turn|3
|
|t:|1782597969
|move|p1a: Scovillain|Rage Powder|p1a: Scovillain
|-singleturn|p1a: Scovillain|move: Rage Powder
|move|p2a: Pelipper|Hurricane|p1a: Scovillain
|-supereffective|p1a: Scovillain|1
|-damage|p1a: Scovillain|26/100
|-status|p2a: Pelipper|brn|[from] ability: Spicy Spray|[of] p1a: Scovillain
|-damage|p2a: Pelipper|81/100 brn|[from] item: Life Orb
|move|p1b: Kommo-o|Clangorous Soul|p1b: Kommo-o
|-boost|p1b: Kommo-o|atk|1
|-boost|p1b: Kommo-o|def|1
|-boost|p1b: Kommo-o|spa|1
|-boost|p1b: Kommo-o|spd|1
|-boost|p1b: Kommo-o|spe|1
|-damage|p1b: Kommo-o|40/100
|move|p2b: Archaludon|Electro Shot||[still]
|-prepare|p2b: Archaludon|Electro Shot
|-boost|p2b: Archaludon|spa|1
|-anim|p2b: Archaludon|Electro Shot|p1a: Scovillain
|-resisted|p1a: Scovillain|1
|-damage|p1a: Scovillain|7/100
|-status|p2b: Archaludon|brn|[from] ability: Spicy Spray|[of] p1a: Scovillain
|
|-weather|RainDance|[upkeep]
|-heal|p1b: Kommo-o|46/100|[from] item: Leftovers
|-damage|p2a: Pelipper|75/100 brn|[from] brn
|-damage|p2b: Archaludon|93/100 brn|[from] brn
|upkeep
|turn|4
|
|t:|1782597992
|move|p1a: Scovillain|Rage Powder|p1a: Scovillain
|-singleturn|p1a: Scovillain|move: Rage Powder
|move|p1b: Kommo-o|Clanging Scales|p2a: Pelipper|[spread] p2a,p2b
|-damage|p2a: Pelipper|0 fnt
|-damage|p2b: Archaludon|20/100y brn
|-ability|p2b: Archaludon|Stamina|boost
|-boost|p2b: Archaludon|def|1
|faint|p2a: Pelipper
|-unboost|p1b: Kommo-o|def|1
|move|p2b: Archaludon|Dragon Pulse|p1a: Scovillain
|-damage|p1a: Scovillain|0 fnt
|faint|p1a: Scovillain
|
|-weather|RainDance|[upkeep]
|-heal|p1b: Kommo-o|51/100|[from] item: Leftovers
|-heal|p2b: Archaludon|26/100 brn|[from] item: Leftovers
|-damage|p2b: Archaludon|20/100y brn|[from] brn
|upkeep
|
|t:|1782598003
|switch|p2a: Sableye|Sableye, L50, M|100/100
|switch|p1a: Kingambit|Kingambit, L50, F|100/100
|turn|5
|
|t:|1782598017
|move|p2b: Archaludon|Protect|p2b: Archaludon
|-singleturn|p2b: Archaludon|Protect
|move|p2a: Sableye|Reflect|p2a: Sableye
|-sidestart|p2: TengoMuchaSed|Reflect
|move|p1a: Kingambit|Sucker Punch||[still]
|-fail|p1a: Kingambit
|move|p1b: Kommo-o|Clanging Scales|p2b: Archaludon|[spread] p2a
|-activate|p2b: Archaludon|move: Protect
|-damage|p2a: Sableye|0 fnt
|faint|p2a: Sableye
|-unboost|p1b: Kommo-o|def|1
|
|-weather|none
|-heal|p1b: Kommo-o|57/100|[from] item: Leftovers
|-heal|p2b: Archaludon|26/100 brn|[from] item: Leftovers
|-damage|p2b: Archaludon|20/100y brn|[from] brn
|-sideend|p2: TengoMuchaSed|move: Tailwind
|upkeep
|
|t:|1782598026
|switch|p2a: Maushold|Maushold, L50|100/100
|turn|6
|
|t:|1782598038
|move|p2a: Maushold|Follow Me|p2a: Maushold
|-singleturn|p2a: Maushold|move: Follow Me
|move|p1b: Kommo-o|Clanging Scales|p2a: Maushold|[spread] p2a,p2b
|-damage|p2a: Maushold|10/100
|-damage|p2b: Archaludon|0 fnt
|faint|p2b: Archaludon
|-unboost|p1b: Kommo-o|def|1
|move|p1a: Kingambit|Kowtow Cleave|p2a: Maushold
|-damage|p2a: Maushold|0 fnt
|faint|p2a: Maushold
|-damage|p1a: Kingambit|90/100|[from] item: Life Orb
|
|win|Gus_0Z
||TengoMuchaSed is ready for game 2.
|inactive|Gus_0Z has 30 seconds to confirm battle start!
||Gus_0Z is ready for game 2.
|uhtml|next|Next: Game 2 of 3
