|j|☆natcentre
|j|☆lure shell
|html|natcentrelure shell    
|uhtml|bestof|Game 2 of a best-of-3
|t:|1754315845
|gametype|doubles
|player|p1|natcentre|170|1182
|player|p2|lure shell|steven|1209
|gen|9
|tier|[Gen 9] VGC 2025 Reg H (Bo3)
|rated|
|rule|Species Clause: Limit one of each Pokémon
|rule|Item Clause: Limit 1 of each item
|clearpoke
|poke|p1|Palafin, L50, F|
|poke|p1|Rillaboom, L50, F|
|poke|p1|Typhlosion-Hisui, L50, M|
|poke|p1|Sneasler, L50, F|
|poke|p1|Kingambit, L50, M|
|poke|p1|Salamence, L50, M|
|poke|p2|Archaludon, L50, F|
|poke|p2|Gholdengo, L50|
|poke|p2|Ursaluna, L50, M|
|poke|p2|Pelipper, L50, F|
|poke|p2|Sinistcha, L50|
|poke|p2|Dragonite, L50, M|
|teampreview|4
|showteam|p1|Palafin||MysticWater|ZerotoHero|Protect,WaveCrash,JetPunch,Haze|||F|||50|,,,,,Grass]Rillaboom||AssaultVest|GrassySurge|WoodHammer,Uturn,GrassyGlide,FakeOut|||F|||50|,,,,,Fire]Typhlosion-Hisui||ChoiceScarf|Blaze|Eruption,HeatWave,ShadowBall,Overheat|||M|||50|,,,,,Fire]Sneasler||FocusSash|Unburden|Protect,FakeOut,DireClaw,CloseCombat|||F|||50|,,,,,Fairy]Kingambit||SafetyGoggles|Defiant|Protect,KowtowCleave,SuckerPunch,SwordsDance|||M|||50|,,,,,Water]Salamence||SitrusBerry|Intimidate|Protect,DracoMeteor,AirSlash,Tailwind|||M|||50|,,,,,Steel
|showteam|p2|Archaludon||AssaultVest|Stamina|FlashCannon,ElectroShot,BodyPress,Snarl|||F|||50|,,,,,Fighting]Gholdengo||ChoiceScarf|GoodasGold|MakeItRain,ShadowBall,Trick,Protect||||||50|,,,,,Flying]Ursaluna||FlameOrb|Guts|HeadlongRush,Earthquake,Facade,Protect|||M|||50|,,,,,Ghost]Pelipper||FocusSash|Drizzle|WeatherBall,Hurricane,Tailwind,Protect|||F|||50|,,,,,Ghost]Sinistcha||SitrusBerry|Hospitality|MatchaGotcha,LifeDew,RagePowder,TrickRoom||||||50|,,,,,Dark]Dragonite||LoadedDice|Multiscale|ScaleShot,Tailwind,Haze,Protect|||M|||50|,,,,,Fairy
|inactive|Battle timer is ON: inactive players will automatically lose when time's up. (requested by lure shell)
|
|t:|1754315918
|teamsize|p1|4
|teamsize|p2|4
|start
|switch|p1a: Palafin|Palafin, L50, F|100/100
|switch|p1b: Sneasler|Sneasler, L50, F|100/100
|switch|p2a: Archaludon|Archaludon, L50, F|100/100
|switch|p2b: Pelipper|Pelipper, L50, F|100/100
|-weather|RainDance|[from] ability: Drizzle|[of] p2b: Pelipper
|turn|1
|inactive|natcentre has 30 seconds left.
|inactive|lure shell has 30 seconds left.
|inactive|lure shell has 20 seconds left.
|inactive|lure shell has 15 seconds left.
|
|t:|1754315959
|detailschange|p1a: Palafin|Palafin-Hero, L50, F
|switch|p1a: Rillaboom|Rillaboom, L50, F|100/100
|-fieldstart|move: Grassy Terrain|[from] ability: Grassy Surge|[of] p1a: Rillaboom
|-terastallize|p2a: Archaludon|Fighting
|move|p1b: Sneasler|Fake Out|p2b: Pelipper
|-damage|p2b: Pelipper|81/100
|cant|p2b: Pelipper|flinch
|move|p2a: Archaludon|Electro Shot||[still]
|-prepare|p2a: Archaludon|Electro Shot
|-boost|p2a: Archaludon|spa|1
|-anim|p2a: Archaludon|Electro Shot|p1b: Sneasler
|-damage|p1b: Sneasler|24/100
|
|-weather|RainDance|[upkeep]
|-heal|p1b: Sneasler|29/100|[from] Grassy Terrain
|upkeep
|turn|2
|
|t:|1754315987
|switch|p2a: Dragonite|Dragonite, L50, M|100/100
|move|p1a: Rillaboom|Grassy Glide|p2b: Pelipper
|-damage|p2b: Pelipper|30/100
|move|p1b: Sneasler|Dire Claw|p2b: Pelipper
|-damage|p2b: Pelipper|0 fnt
|faint|p2b: Pelipper
|
|-weather|RainDance|[upkeep]
|-heal|p1b: Sneasler|35/100|[from] Grassy Terrain
|upkeep
|
|t:|1754315998
|switch|p2b: Archaludon|Archaludon, L50, F, tera:Fighting|100/100
|turn|3
|
|t:|1754316019
|-terastallize|p1b: Sneasler|Fairy
|move|p1a: Rillaboom|Grassy Glide|p2a: Dragonite
|-resisted|p2a: Dragonite
|-damage|p2a: Dragonite|96/100
|move|p1b: Sneasler|Dire Claw|p2a: Dragonite
|-damage|p2a: Dragonite|51/100
|-status|p2a: Dragonite|slp
|cant|p2a: Dragonite|slp
|move|p2b: Archaludon|Electro Shot||[still]
|-prepare|p2b: Archaludon|Electro Shot
|-boost|p2b: Archaludon|spa|1
|-anim|p2b: Archaludon|Electro Shot|p1b: Sneasler
|-damage|p1b: Sneasler|0 fnt
|faint|p1b: Sneasler
|
|-weather|RainDance|[upkeep]
|upkeep
|
|t:|1754316032
|switch|p1b: Palafin|Palafin-Hero, L50, F|100/100
|-activate|p1b: Palafin|ability: Zero to Hero
|turn|4
|inactive|natcentre has 30 seconds left.
|
|t:|1754316059
|switch|p2b: Sinistcha|Sinistcha, L50|100/100
|-heal|p2a: Dragonite|75/100 slp|[from] ability: Hospitality|[of] p2b: Sinistcha
|move|p1b: Palafin|Wave Crash|p2b: Sinistcha
|-resisted|p2b: Sinistcha
|-damage|p2b: Sinistcha|38/100
|-enditem|p2b: Sinistcha|Sitrus Berry|[eat]
|-heal|p2b: Sinistcha|63/100|[from] item: Sitrus Berry
|-damage|p1b: Palafin|81/100|[from] Recoil
|-curestatus|p2a: Dragonite|slp|[msg]
|move|p2a: Dragonite|Tailwind|p2a: Dragonite
|-sidestart|p2: lure shell|move: Tailwind
|move|p1a: Rillaboom|U-turn|p2b: Sinistcha
|-damage|p2b: Sinistcha|40/100
|
|t:|1754316063
|switch|p1a: Kingambit|Kingambit, L50, M|100/100|[from] U-turn
|
|-weather|RainDance|[upkeep]
|-heal|p2b: Sinistcha|46/100|[from] Grassy Terrain
|-heal|p1b: Palafin|87/100|[from] Grassy Terrain
|upkeep
|turn|5
|
|t:|1754316087
|switch|p1b: Rillaboom|Rillaboom, L50, F|100/100
|move|p2a: Dragonite|Scale Shot|p1b: Rillaboom
|-damage|p1b: Rillaboom|87/100
|-damage|p1b: Rillaboom|74/100
|-damage|p1b: Rillaboom|62/100
|-damage|p1b: Rillaboom|49/100
|-damage|p1b: Rillaboom|34/100
|-hitcount|p1b: Rillaboom|5
|-unboost|p2a: Dragonite|def|1
|-boost|p2a: Dragonite|spe|1
|move|p2b: Sinistcha|Matcha Gotcha|p1b: Rillaboom|[spread] p1b
|-miss|p2b: Sinistcha|p1a: Kingambit
|-resisted|p1b: Rillaboom
|-damage|p1b: Rillaboom|23/100
|-heal|p2b: Sinistcha|53/100|[from] drain|[of] p1b: Rillaboom
|move|p1a: Kingambit|Kowtow Cleave|p2b: Sinistcha
|-supereffective|p2b: Sinistcha
|-damage|p2b: Sinistcha|0 fnt
|faint|p2b: Sinistcha
|
|-weather|none
|-heal|p1b: Rillaboom|29/100|[from] Grassy Terrain
|-fieldend|move: Grassy Terrain
|upkeep
|
|t:|1754316108
|switch|p2b: Archaludon|Archaludon, L50, F, tera:Fighting|100/100
|turn|6
|inactive|natcentre has 30 seconds left.
|
|t:|1754316134
|move|p2a: Dragonite|Protect|p2a: Dragonite
|-singleturn|p2a: Dragonite|Protect
|move|p1a: Kingambit|Protect|p1a: Kingambit
|-singleturn|p1a: Kingambit|Protect
|move|p2b: Archaludon|Body Press|p1a: Kingambit
|-activate|p1a: Kingambit|move: Protect
|move|p1b: Rillaboom|U-turn|p2a: Dragonite
|-activate|p2a: Dragonite|move: Protect
|
|upkeep
|turn|7
|
|t:|1754316147
|move|p1a: Kingambit|Sucker Punch|p2a: Dragonite
|-damage|p2a: Dragonite|7/100
|move|p2a: Dragonite|Scale Shot|p1b: Rillaboom
|-damage|p1b: Rillaboom|15/100
|-damage|p1b: Rillaboom|2/100
|-damage|p1b: Rillaboom|0 fnt
|faint|p1b: Rillaboom
|-hitcount|p1: Rillaboom|3
|-unboost|p2a: Dragonite|def|1
|-boost|p2a: Dragonite|spe|1
|move|p2b: Archaludon|Body Press|p1a: Kingambit
|-supereffective|p1a: Kingambit
|-damage|p1a: Kingambit|0 fnt
|faint|p1a: Kingambit
|
|-sideend|p2: lure shell|move: Tailwind
|upkeep
|
|t:|1754316154
|switch|p1a: Palafin|Palafin-Hero, L50, F|87/100
|turn|8
|inactive|natcentre has 30 seconds left.
|inactive|natcentre has 20 seconds left.
|
|t:|1754316191
|move|p2a: Dragonite|Tailwind|p2a: Dragonite
|-sidestart|p2: lure shell|move: Tailwind
|move|p2b: Archaludon|Electro Shot||[still]
|-prepare|p2b: Archaludon|Electro Shot
|-boost|p2b: Archaludon|spa|1
|move|p1a: Palafin|Wave Crash|p2b: Archaludon
|-damage|p2b: Archaludon|36/100
|-ability|p2b: Archaludon|Stamina|boost
|-boost|p2b: Archaludon|def|1
|-damage|p1a: Palafin|64/100|[from] Recoil
|
|upkeep
|turn|9
|
|t:|1754316206
|move|p1a: Palafin|Protect|p1a: Palafin
|-singleturn|p1a: Palafin|Protect
|move|p2a: Dragonite|Scale Shot|p1a: Palafin
|-activate|p1a: Palafin|move: Protect
|move|p2b: Archaludon|Electro Shot|p1a: Palafin|[from] lockedmove
|-activate|p1a: Palafin|move: Protect
|
|upkeep
|turn|10
|
|t:|1754316229
|move|p2a: Dragonite|Protect|p2a: Dragonite
|-singleturn|p2a: Dragonite|Protect
|move|p1a: Palafin|Jet Punch|p2a: Dragonite
|-activate|p2a: Dragonite|move: Protect
|move|p2b: Archaludon|Body Press|p1a: Palafin
|-damage|p1a: Palafin|10/100
|
|upkeep
|turn|11
|
|t:|1754316246
|move|p1a: Palafin|Jet Punch|p2b: Archaludon
|-damage|p2b: Archaludon|16/100
|-ability|p2b: Archaludon|Stamina|boost
|-boost|p2b: Archaludon|def|1
|move|p2a: Dragonite|Scale Shot|p1a: Palafin
|-damage|p1a: Palafin|0 fnt
|faint|p1a: Palafin
|-hitcount|p1: Palafin|1
|
|win|lure shell
|raw|natcentre's rating: 1182 → 1159(-23 for losing)
|raw|lure shell's rating: 1209 → 1232(+23 for winning)
|l|☆lure shell
|player|p2|
