|j|☆nillythekid
|j|☆aaronna24
|html|nillythekidaaronna24    
|uhtml|bestof|Game 1 of a best-of-3
|t:|1783448581
|gametype|doubles
|player|p1|nillythekid|hiker-gen4|1139
|player|p2|aaronna24|winona|1155
|gen|9
|tier|[Gen 9 Champions] VGC 2026 Reg M-B (Bo3)
|rated|
|rule|Species Clause: Limit one of each Pokémon
|rule|Item Clause: Limit 1 of each item
|clearpoke
|poke|p1|Sinistcha, L50|
|poke|p1|Incineroar, L50, F|
|poke|p1|Milotic, L50, F|
|poke|p1|Raichu, L50, F|
|poke|p1|Floette-Eternal, L50, F|
|poke|p1|Ceruledge, L50, F|
|poke|p2|Charizard, L50, F|
|poke|p2|Garchomp, L50, M|
|poke|p2|Leafeon, L50, M, shiny|
|poke|p2|Maushold-Four, L50|
|poke|p2|Rotom-Wash, L50|
|poke|p2|Incineroar, L50, F|
|teampreview|4
|showteam|p1|Sinistcha||KasibBerry|Hospitality|MatchaGotcha,LifeDew,RagePowder,Protect|Relaxed|||||50|]Incineroar||SitrusBerry|Intimidate|FlareBlitz,ThroatChop,FakeOut,PartingShot|Impish||F|||50|]Milotic||Leftovers|Competitive|MuddyWater,Coil,Hypnosis,Protect|Calm||F|||50|]Raichu||RaichuniteY|LightningRod|ZapCannon,FocusBlast,FakeOut,Protect|Timid||F|||50|]Floette-Eternal||Floettite|FlowerVeil|DazzlingGleam,DrainingKiss,CalmMind,Protect|Timid||F|||50|]Ceruledge||ColburBerry|FlashFire|BitterBlade,ShadowSneak,BulkUp,Protect|Adamant||F|||50|
|showteam|p2|Charizard||CharizarditeY|Blaze|SolarBeam,HeatWave,WeatherBall,Protect|Timid||F|||50|]Garchomp||SoftSand|RoughSkin|Earthquake,DragonClaw,RockSlide,Protect|Jolly||M|||50|]Leafeon||LifeOrb|Chlorophyll|SolarBlade,KnockOff,LeafBlade,Detect|Adamant||M|||50|]Maushold-Four||SitrusBerry|FriendGuard|SuperFang,Taunt,HelpingHand,FollowMe|Impish|||||50|]Rotom-Wash||Leftovers|Levitate|Thunderbolt,HydroPump,WillOWisp,Protect|Calm|||||50|]Incineroar||Charcoal|Intimidate|FakeOut,DarkestLariat,PartingShot,FlareBlitz|Careful||F|||50|
|
|t:|1783448633
|teamsize|p1|4
|teamsize|p2|4
|start
|switch|p1a: Milotic|Milotic, L50, F|100/100
|switch|p1b: Ceruledge|Ceruledge, L50, F|100/100
|switch|p2a: Charizard|Charizard, L50, F|100/100
|switch|p2b: Garchomp|Garchomp, L50, M|100/100
|turn|1
|
|t:|1783448651
|switch|p1a: Incineroar|Incineroar, L50, F|100/100
|-ability|p1a: Incineroar|Intimidate|boost
|-unboost|p2a: Charizard|atk|1
|-unboost|p2b: Garchomp|atk|1
|detailschange|p2a: Charizard|Charizard-Mega-Y, L50, F
|-mega|p2a: Charizard|Charizard|Charizardite Y
|-weather|SunnyDay|[from] ability: Drought|[of] p2a: Charizard
|move|p1b: Ceruledge|Protect|p1b: Ceruledge
|-singleturn|p1b: Ceruledge|Protect
|move|p2b: Garchomp|Earthquake|p1a: Incineroar|[spread] p1a
|-activate|p1b: Ceruledge|move: Protect
|-immune|p2a: Charizard
|-supereffective|p1a: Incineroar|1
|-damage|p1a: Incineroar|52/100
|move|p2a: Charizard|Solar Beam||[still]
|-prepare|p2a: Charizard|Solar Beam
|-anim|p2a: Charizard|Solar Beam|p1a: Incineroar
|-resisted|p1a: Incineroar|1
|-damage|p1a: Incineroar|29/100
|-enditem|p1a: Incineroar|Sitrus Berry|[eat]
|-heal|p1a: Incineroar|53/100|[from] item: Sitrus Berry
|
|-weather|SunnyDay|[upkeep]
|upkeep
|turn|2
|
|t:|1783448694
|move|p2b: Garchomp|Protect|p2b: Garchomp
|-singleturn|p2b: Garchomp|Protect
|move|p1a: Incineroar|Fake Out|p2b: Garchomp
|-activate|p2b: Garchomp|move: Protect
|move|p2a: Charizard|Weather Ball|p1a: Incineroar
|-resisted|p1a: Incineroar|1
|-damage|p1a: Incineroar|11/100
|move|p1b: Ceruledge|Bulk Up|p1b: Ceruledge
|-boost|p1b: Ceruledge|atk|1
|-boost|p1b: Ceruledge|def|1
|
|-weather|SunnyDay|[upkeep]
|upkeep
|turn|3
|
|t:|1783448718
|switch|p1a: Milotic|Milotic, L50, F|100/100
|move|p1b: Ceruledge|Protect|p1b: Ceruledge
|-singleturn|p1b: Ceruledge|Protect
|move|p2b: Garchomp|Earthquake|p1b: Ceruledge|[spread] p1a
|-activate|p1b: Ceruledge|move: Protect
|-immune|p2a: Charizard
|-damage|p1a: Milotic|71/100
|move|p2a: Charizard|Solar Beam||[still]
|-prepare|p2a: Charizard|Solar Beam
|-anim|p2a: Charizard|Solar Beam|p1a: Milotic
|-supereffective|p1a: Milotic|1
|-damage|p1a: Milotic|6/100
|
|-weather|SunnyDay|[upkeep]
|-heal|p1a: Milotic|12/100|[from] item: Leftovers
|upkeep
|turn|4
|
|t:|1783448741
|switch|p1a: Incineroar|Incineroar, L50, F|11/100
|-ability|p1a: Incineroar|Intimidate|boost
|-unboost|p2a: Charizard|atk|1
|-unboost|p2b: Garchomp|atk|1
|move|p2b: Garchomp|Earthquake|p1b: Ceruledge|[spread] p1a,p1b
|-immune|p2a: Charizard
|-supereffective|p1a: Incineroar|1
|-supereffective|p1b: Ceruledge|1
|-damage|p1a: Incineroar|0 fnt
|-damage|p1b: Ceruledge|63/100
|faint|p1a: Incineroar
|move|p2a: Charizard|Weather Ball|p1b: Ceruledge
|-start|p1b: Ceruledge|ability: Flash Fire
|move|p1b: Ceruledge|Bulk Up|p1b: Ceruledge
|-boost|p1b: Ceruledge|atk|1
|-boost|p1b: Ceruledge|def|1
|
|-weather|SunnyDay|[upkeep]
|upkeep
|
|t:|1783448756
|switch|p1a: Raichu|Raichu, L50, F|100/100
|turn|5
|
|t:|1783448774
|switch|p2b: Maushold|Maushold-Four, L50|100/100
|detailschange|p1a: Raichu|Raichu-Mega-Y, L50, F
|-mega|p1a: Raichu|Raichu|Raichunite Y
|move|p2a: Charizard|Protect|p2a: Charizard
|-singleturn|p2a: Charizard|Protect
|move|p1a: Raichu|Fake Out|p2b: Maushold
|-damage|p2b: Maushold|92/100
|move|p1b: Ceruledge|Bitter Blade|p2a: Charizard
|-activate|p2a: Charizard|move: Protect
|
|-weather|none
|upkeep
|turn|6
|
|t:|1783448817
|switch|p2a: Garchomp|Garchomp, L50, M|100/100
|switch|p2b: Rotom|Rotom-Wash, L50|100/100
|move|p1a: Raichu|Protect|p1a: Raichu
|-singleturn|p1a: Raichu|Protect
|move|p1b: Ceruledge|Bitter Blade|p2b: Rotom
|-resisted|p2b: Rotom|1
|-damage|p2b: Rotom|24/100
|-heal|p1b: Ceruledge|94/100|[from] drain|[of] p2b: Rotom
|
|-heal|p2b: Rotom|30/100|[from] item: Leftovers
|upkeep
|turn|7
|
|t:|1783448859
|switch|p1a: Milotic|Milotic, L50, F|12/100
|move|p1b: Ceruledge|Shadow Sneak|p2a: Garchomp
|-damage|p2a: Garchomp|58/100
|-damage|p1b: Ceruledge|82/100|[from] ability: Rough Skin|[of] p2a: Garchomp
|move|p2a: Garchomp|Earthquake|p1b: Ceruledge|[spread] p1a,p1b
|-immune|p2b: Rotom|[from] ability: Levitate
|-supereffective|p1b: Ceruledge|1
|-damage|p1a: Milotic|0 fnt
|-damage|p1b: Ceruledge|34/100
|faint|p1a: Milotic
|move|p2b: Rotom|Hydro Pump|p1b: Ceruledge
|-supereffective|p1b: Ceruledge|1
|-damage|p1b: Ceruledge|0 fnt
|faint|p1b: Ceruledge
|
|-heal|p2b: Rotom|36/100|[from] item: Leftovers
|upkeep
|
|t:|1783448871
|switch|p1a: Raichu|Raichu-Mega-Y, L50, F|100/100
|turn|8
|
|t:|1783448893
|move|p2a: Garchomp|Protect|p2a: Garchomp
|-singleturn|p2a: Garchomp|Protect
|move|p1a: Raichu|Focus Blast|p2a: Garchomp
|-activate|p2a: Garchomp|move: Protect
|move|p2b: Rotom|Hydro Pump|p1a: Raichu
|-damage|p1a: Raichu|45/100
|
|-heal|p2b: Rotom|42/100|[from] item: Leftovers
|upkeep
|turn|9
|
|t:|1783448910
|move|p1a: Raichu|Focus Blast|p2a: Garchomp
|-crit|p2a: Garchomp
|-damage|p2a: Garchomp|0 fnt
|faint|p2a: Garchomp
|move|p2b: Rotom|Thunderbolt|p1a: Raichu
|-resisted|p1a: Raichu|1
|-damage|p1a: Raichu|22/100
|
|-heal|p2b: Rotom|48/100|[from] item: Leftovers
|upkeep
|
|t:|1783448918
|switch|p2a: Maushold|Maushold-Four, L50|92/100
|turn|10
|
|t:|1783448933
|move|p2a: Maushold|Follow Me|p2a: Maushold
|-singleturn|p2a: Maushold|move: Follow Me
|move|p1a: Raichu|Focus Blast|p2a: Maushold
|-supereffective|p2a: Maushold|1
|-damage|p2a: Maushold|0 fnt
|faint|p2a: Maushold
|move|p2b: Rotom|Thunderbolt|p1a: Raichu
|-resisted|p1a: Raichu|1
|-damage|p1a: Raichu|0 fnt
|faint|p1a: Raichu
|
|win|aaronna24
