|j|☆Slo-mmo-o
|j|☆sybe123
|html|Slo-mmo-osybe123    
|uhtml|bestof|Game 2 of a best-of-3
|t:|1756473067
|gametype|doubles
|player|p1|Slo-mmo-o|lance|1080
|player|p2|sybe123|102|1044
|gen|9
|tier|[Gen 9] VGC 2025 Reg H (Bo3)
|rated|
|rule|Species Clause: Limit one of each Pokémon
|rule|Item Clause: Limit 1 of each item
|clearpoke
|poke|p1|Kommo-o, L50, F|
|poke|p1|Ninetales-Alola, L50, F|
|poke|p1|Rillaboom, L50, M|
|poke|p1|Electabuzz, L50, M|
|poke|p1|Annihilape, L50, M|
|poke|p1|Kingambit, L50, F|
|poke|p2|Sneasler, L50, F|
|poke|p2|Dragapult, L50, F|
|poke|p2|Primarina, L50, F|
|poke|p2|Rillaboom, L50, F|
|poke|p2|Kingambit, L50, M|
|poke|p2|Basculegion, L50, M|
|teampreview|4
|showteam|p1|Kommo-o||LifeOrb|Soundproof|ClangingScales,AuraSphere,Flamethrower,Protect|||F|||50|,,,,,Fire]Ninetales-Alola||NeverMeltIce|SnowWarning|Blizzard,FreezeDry,Encore,Protect|||F|||50|,,,,,Ice]Rillaboom||AssaultVest|GrassySurge|WoodHammer,GrassyGlide,HighHorsepower,FakeOut|||M|||50|,,,,,Poison]Electabuzz||Eviolite|VitalSpirit|Electroweb,HelpingHand,FollowMe,Protect|||M|||50|,,,,,Ghost]Annihilape||FocusSash|Defiant|CloseCombat,ShadowClaw,FinalGambit,Taunt|||M|||50|,,,,,Stellar]Kingambit||BlackGlasses|Defiant|KowtowCleave,SuckerPunch,SwordsDance,Protect|||F|||50|,,,,,Dark
|showteam|p2|Sneasler||FocusSash|Unburden|CloseCombat,DireClaw,ThroatChop,Protect|||F|||50|,,,,,Stellar]Dragapult||ChoiceBand|ClearBody|DragonDarts,TeraBlast,PhantomForce,Uturn|||F|||50|,,,,,Ghost]Primarina||SitrusBerry|LiquidVoice|HyperVoice,Moonblast,Haze,Protect|||F|||50|,,,,,Poison]Rillaboom||AssaultVest|GrassySurge|WoodHammer,GrassyGlide,HighHorsepower,FakeOut|||F|||50|,,,,,Fire]Kingambit||SafetyGoggles|Defiant|KowtowCleave,SuckerPunch,SwordsDance,Protect|||M|||50|,,,,,Ghost]Basculegion||ChoiceScarf|Adaptability|FlipTurn,LastRespects,WaveCrash,TeraBlast|||M|||50|,,,,,Fairy
|inactive|Battle timer is ON: inactive players will automatically lose when time's up. (requested by sybe123)
|inactive|Slo-mmo-o has 60 seconds left.
|
|t:|1756473122
|teamsize|p1|4
|teamsize|p2|4
|start
|switch|p1a: Buzz Lightyear|Electabuzz, L50, M|100/100
|switch|p1b: Kommodo-Moʻo|Kommo-o, L50, F, shiny|100/100
|switch|p2a: Primarina|Primarina, L50, F|100/100
|switch|p2b: Kingambit|Kingambit, L50, M|100/100
|turn|1
|
|t:|1756473141
|switch|p1a: Monkey Gong|Rillaboom, L50, M|100/100
|-fieldstart|move: Grassy Terrain|[from] ability: Grassy Surge|[of] p1a: Monkey Gong
|-terastallize|p1b: Kommodo-Moʻo|Fire
|move|p1b: Kommodo-Moʻo|Aura Sphere|p2b: Kingambit
|-supereffective|p2b: Kingambit
|-damage|p2b: Kingambit|0 fnt
|faint|p2b: Kingambit
|-damage|p1b: Kommodo-Moʻo|91/100|[from] item: Life Orb
|move|p2a: Primarina|Moonblast|p1b: Kommodo-Moʻo
|-resisted|p1b: Kommodo-Moʻo
|-damage|p1b: Kommodo-Moʻo|64/100
|-unboost|p1b: Kommodo-Moʻo|spa|1
|
|-heal|p1b: Kommodo-Moʻo|70/100|[from] Grassy Terrain
|upkeep
|
|t:|1756473151
|switch|p2b: Sneasler|Sneasler, L50, F|100/100
|turn|2
|
|t:|1756473159
|switch|p1b: Buzz Lightyear|Electabuzz, L50, M|100/100
|move|p2b: Sneasler|Protect|p2b: Sneasler
|-singleturn|p2b: Sneasler|Protect
|move|p2a: Primarina|Protect|p2a: Primarina
|-singleturn|p2a: Primarina|Protect
|move|p1a: Monkey Gong|Fake Out|p2b: Sneasler
|-activate|p2b: Sneasler|move: Protect
|
|upkeep
|turn|3
|
|t:|1756473182
|-terastallize|p2a: Primarina|Poison
|move|p1a: Monkey Gong|Grassy Glide|p2a: Primarina
|-resisted|p2a: Primarina
|-damage|p2a: Primarina|80/100
|move|p2b: Sneasler|Dire Claw|p1a: Monkey Gong
|-supereffective|p1a: Monkey Gong
|-damage|p1a: Monkey Gong|15/100
|-status|p1a: Monkey Gong|psn
|move|p1b: Buzz Lightyear|Electroweb|p2b: Sneasler|[spread] p2a
|-miss|p1b: Buzz Lightyear|p2b: Sneasler
|-damage|p2a: Primarina|68/100
|-unboost|p2a: Primarina|spe|1
|move|p2a: Primarina|Moonblast|p1b: Buzz Lightyear
|-damage|p1b: Buzz Lightyear|57/100
|
|-heal|p1b: Buzz Lightyear|64/100|[from] Grassy Terrain
|-heal|p1a: Monkey Gong|21/100 psn|[from] Grassy Terrain
|-heal|p2a: Primarina|74/100|[from] Grassy Terrain
|-damage|p1a: Monkey Gong|9/100 psn|[from] psn
|upkeep
|turn|4
|
|t:|1756473203
|move|p2b: Sneasler|Protect|p2b: Sneasler
|-singleturn|p2b: Sneasler|Protect
|move|p2a: Primarina|Protect|p2a: Primarina
|-singleturn|p2a: Primarina|Protect
|move|p1a: Monkey Gong|Grassy Glide|p2b: Sneasler
|-activate|p2b: Sneasler|move: Protect
|move|p1b: Buzz Lightyear|Electroweb|p2a: Primarina|[spread] 
|-activate|p2a: Primarina|move: Protect
|-activate|p2b: Sneasler|move: Protect
|
|-heal|p1b: Buzz Lightyear|70/100|[from] Grassy Terrain
|-heal|p1a: Monkey Gong|15/100 psn|[from] Grassy Terrain
|-heal|p2a: Primarina|80/100|[from] Grassy Terrain
|-damage|p1a: Monkey Gong|2/100 psn|[from] psn
|upkeep
|turn|5
|
|t:|1756473227
|move|p1a: Monkey Gong|Grassy Glide|p2b: Sneasler
|-resisted|p2b: Sneasler
|-damage|p2b: Sneasler|71/100
|move|p2b: Sneasler|Dire Claw|p1b: Buzz Lightyear
|-damage|p1b: Buzz Lightyear|29/100
|move|p1b: Buzz Lightyear|Electroweb|p2a: Primarina|[spread] p2a,p2b
|-damage|p2a: Primarina|68/100
|-damage|p2b: Sneasler|52/100
|-unboost|p2a: Primarina|spe|1
|-unboost|p2b: Sneasler|spe|1
|move|p2a: Primarina|Moonblast|p1b: Buzz Lightyear
|-damage|p1b: Buzz Lightyear|0 fnt
|faint|p1b: Buzz Lightyear
|
|-heal|p2b: Sneasler|58/100|[from] Grassy Terrain
|-heal|p1a: Monkey Gong|8/100 psn|[from] Grassy Terrain
|-heal|p2a: Primarina|74/100|[from] Grassy Terrain
|-damage|p1a: Monkey Gong|0 fnt|[from] psn
|faint|p1a: Monkey Gong
|-fieldend|move: Grassy Terrain
|upkeep
|
|t:|1756473232
|switch|p1b: Queen Goober|Kingambit, L50, F, shiny|100/100
|switch|p1a: Kommodo-Moʻo|Kommo-o, L50, F, shiny, tera:Fire|70/100
|turn|6
|
|t:|1756473253
|move|p1a: Kommodo-Moʻo|Clanging Scales|p2b: Sneasler|[spread] p2a,p2b
|-damage|p2a: Primarina|25/100
|-damage|p2b: Sneasler|0 fnt
|-enditem|p2a: Primarina|Sitrus Berry|[eat]
|-heal|p2a: Primarina|50/100|[from] item: Sitrus Berry
|faint|p2b: Sneasler
|-unboost|p1a: Kommodo-Moʻo|def|1
|-damage|p1a: Kommodo-Moʻo|61/100|[from] item: Life Orb
|move|p1b: Queen Goober|Kowtow Cleave|p2a: Primarina
|-damage|p2a: Primarina|0 fnt
|faint|p2a: Primarina
|
|upkeep
|
|t:|1756473266
|switch|p2b: Basculegion|Basculegion, L50, M|100/100
|turn|7
|
|t:|1756473276
|move|p1b: Queen Goober|Sucker Punch|p2b: Basculegion
|-supereffective|p2b: Basculegion
|-crit|p2b: Basculegion
|-damage|p2b: Basculegion|0 fnt
|faint|p2b: Basculegion
|
|win|Slo-mmo-o
|raw|Slo-mmo-o's rating: 1080 → 1105(+25 for winning)
|raw|sybe123's rating: 1044 → 1029(-15 for losing)
|l|☆sybe123
|player|p2|
