|j|☆FlowerBoyFan
|j|☆PikaTROD
|html|FlowerBoyFanPikaTROD    
|uhtml|bestof|Game 1 of a best-of-3
|t:|1756938172
|gametype|doubles
|player|p1|FlowerBoyFan|marshal|1371
|player|p2|PikaTROD|265|1500
|gen|9
|tier|[Gen 9] VGC 2025 Reg H (Bo3)
|rated|
|rule|Species Clause: Limit one of each Pokémon
|rule|Item Clause: Limit 1 of each item
|clearpoke
|poke|p1|Incineroar, L50, F|
|poke|p1|Gholdengo, L50|
|poke|p1|Ninetales-Alola, L50, M|
|poke|p1|Annihilape, L50, F|
|poke|p1|Amoonguss, L50, M|
|poke|p1|Ursaluna-Bloodmoon, L50, M|
|poke|p2|Kingambit, L50, F|
|poke|p2|Primarina, L50, M|
|poke|p2|Sneasler, L50, M|
|poke|p2|Magmar, L50, M|
|poke|p2|Rillaboom, L50, M|
|poke|p2|Dragapult, L50, M|
|teampreview|4
|showteam|p1|Incineroar||SafetyGoggles|Intimidate|FlareBlitz,KnockOff,FakeOut,PartingShot|||F|||50|,,,,,Grass]Gholdengo||LifeOrb|GoodasGold|MakeItRain,ShadowBall,NastyPlot,Protect||||||50|,,,,,Water]Ninetales-Alola||LightClay|SnowWarning|Blizzard,IcicleSpear,IcyWind,AuroraVeil|||M|||50|,,,,,Ghost]Annihilape||LumBerry|Defiant|RageFist,DrainPunch,BulkUp,Protect|||F|||50|,,,,,Fire]Amoonguss||SitrusBerry|Regenerator|ClearSmog,PollenPuff,Spore,RagePowder|||M|||50|,,,,,Psychic]Ursaluna-Bloodmoon||AssaultVest|MindsEye|BloodMoon,HyperVoice,EarthPower,Snarl|||M|||50|,,,,,Electric
|showteam|p2|Kingambit||BlackGlasses|Defiant|KowtowCleave,SuckerPunch,SwordsDance,Protect|||F|||50|,,,,,Dark]Primarina||SitrusBerry|LiquidVoice|HyperVoice,Moonblast,Haze,Protect|||M|||50|,,,,,Water]Sneasler||FocusSash|Unburden|CloseCombat,DireClaw,FakeOut,Protect|||M|||50|,,,,,Stellar]Magmar||Eviolite|VitalSpirit|Overheat,WillOWisp,FollowMe,Protect|||M|||50|,,,,,Ghost]Rillaboom||AssaultVest|GrassySurge|WoodHammer,GrassyGlide,HighHorsepower,FakeOut|||M|||50|,,,,,Fire]Dragapult||ChoiceBand|ClearBody|DragonDarts,PhantomForce,Outrage,Uturn|||M|||50|,,,,,Dragon
|inactive|Battle timer is ON: inactive players will automatically lose when time's up. (requested by FlowerBoyFan)
|inactive|FlowerBoyFan has 60 seconds left.
|inactive|PikaTROD has 60 seconds left.
|j| teamthief420
|inactive|FlowerBoyFan has 30 seconds left.
|
|t:|1756938242
|teamsize|p1|4
|teamsize|p2|4
|start
|switch|p1a: Ninetales|Ninetales-Alola, L50, M|100/100
|switch|p1b: Annihilape|Annihilape, L50, F|100/100
|switch|p2a: Magmar|Magmar, L50, M|100/100
|switch|p2b: Primarina|Primarina, L50, M|100/100
|-weather|Snowscape|[from] ability: Snow Warning|[of] p1a: Ninetales
|turn|1
|inactive|FlowerBoyFan has 30 seconds left.
|inactive|PikaTROD has 30 seconds left.
|inactive|FlowerBoyFan has 20 seconds left.
|inactive|PikaTROD has 20 seconds left.
|inactive|FlowerBoyFan has 15 seconds left.
|inactive|PikaTROD has 15 seconds left.
|inactive|FlowerBoyFan has 10 seconds left.
|inactive|PikaTROD has 10 seconds left.
|
|t:|1756938291
|move|p1b: Annihilape|Protect|p1b: Annihilape
|-singleturn|p1b: Annihilape|Protect
|move|p1a: Ninetales|Aurora Veil|p1a: Ninetales
|-sidestart|p1: FlowerBoyFan|move: Aurora Veil
|move|p2a: Magmar|Overheat|p1a: Ninetales
|-supereffective|p1a: Ninetales
|-damage|p1a: Ninetales|27/100
|-unboost|p2a: Magmar|spa|2
|move|p2b: Primarina|Hyper Voice|p1a: Ninetales|[spread] p1a
|-activate|p1b: Annihilape|move: Protect
|-damage|p1a: Ninetales|2/100
|
|-weather|Snowscape|[upkeep]
|upkeep
|turn|2
|
|t:|1756938313
|switch|p1a: Amoonguss|Amoonguss, L50, M|100/100
|move|p1b: Annihilape|Bulk Up|p1b: Annihilape
|-boost|p1b: Annihilape|atk|1
|-boost|p1b: Annihilape|def|1
|move|p2a: Magmar|Will-O-Wisp|p1b: Annihilape
|-status|p1b: Annihilape|brn
|-enditem|p1b: Annihilape|Lum Berry|[eat]
|-curestatus|p1b: Annihilape|brn|[msg]
|move|p2b: Primarina|Hyper Voice|p1a: Amoonguss|[spread] p1a,p1b
|-resisted|p1a: Amoonguss
|-damage|p1a: Amoonguss|93/100
|-damage|p1b: Annihilape|82/100
|
|-weather|Snowscape|[upkeep]
|upkeep
|turn|3
|inactive|FlowerBoyFan has 30 seconds left.
|
|t:|1756938338
|move|p2a: Magmar|Follow Me|p2a: Magmar
|-singleturn|p2a: Magmar|move: Follow Me
|move|p1a: Amoonguss|Rage Powder|p1a: Amoonguss
|-singleturn|p1a: Amoonguss|move: Rage Powder
|move|p1b: Annihilape|Bulk Up|p1b: Annihilape
|-boost|p1b: Annihilape|atk|1
|-boost|p1b: Annihilape|def|1
|move|p2b: Primarina|Haze|p2b: Primarina
|-clearallboost
|
|-weather|Snowscape|[upkeep]
|upkeep
|turn|4
|
|t:|1756938361
|move|p1a: Amoonguss|Rage Powder|p1a: Amoonguss
|-singleturn|p1a: Amoonguss|move: Rage Powder
|move|p1b: Annihilape|Rage Fist|p2b: Primarina
|-damage|p2b: Primarina|59/100
|move|p2a: Magmar|Overheat|p1a: Amoonguss
|-supereffective|p1a: Amoonguss
|-damage|p1a: Amoonguss|41/100
|-unboost|p2a: Magmar|spa|2
|-enditem|p1a: Amoonguss|Sitrus Berry|[eat]
|-heal|p1a: Amoonguss|66/100|[from] item: Sitrus Berry
|move|p2b: Primarina|Haze|p2b: Primarina
|-clearallboost
|
|-weather|Snowscape|[upkeep]
|upkeep
|turn|5
|inactive|PikaTROD has 30 seconds left.
|
|t:|1756938390
|move|p1b: Annihilape|Protect|p1b: Annihilape
|-singleturn|p1b: Annihilape|Protect
|move|p2b: Primarina|Protect|p2b: Primarina
|-singleturn|p2b: Primarina|Protect
|move|p2a: Magmar|Will-O-Wisp|p1b: Annihilape
|-activate|p1b: Annihilape|move: Protect
|move|p1a: Amoonguss|Spore|p2b: Primarina
|-activate|p2b: Primarina|move: Protect
|
|-weather|none
|upkeep
|turn|6
|inactive|PikaTROD has 30 seconds left.
|inactive|PikaTROD has 20 seconds left.
|inactive|PikaTROD has 15 seconds left.
|inactive|FlowerBoyFan has 30 seconds left.
|
|t:|1756938440
|switch|p1a: Incineroar|Incineroar, L50, F|100/100
|-ability|p1a: Incineroar|Intimidate|boost
|-unboost|p2a: Magmar|atk|1
|-unboost|p2b: Primarina|atk|1
|move|p1b: Annihilape|Rage Fist|p2b: Primarina
|-damage|p2b: Primarina|18/100
|-enditem|p2b: Primarina|Sitrus Berry|[eat]
|-heal|p2b: Primarina|43/100|[from] item: Sitrus Berry
|move|p2a: Magmar|Overheat|p1a: Incineroar
|-resisted|p1a: Incineroar
|-damage|p1a: Incineroar|85/100
|-unboost|p2a: Magmar|spa|2
|move|p2b: Primarina|Haze|p2b: Primarina
|-clearallboost
|
|upkeep
|turn|7
|inactive|FlowerBoyFan has 30 seconds left.
|inactive|PikaTROD has 30 seconds left.
|inactive|FlowerBoyFan has 20 seconds left.
|inactive|PikaTROD has 20 seconds left.
|inactive|FlowerBoyFan has 15 seconds left.
|inactive|PikaTROD has 15 seconds left.
|inactive|FlowerBoyFan has 10 seconds left.
|inactive|FlowerBoyFan has 5 seconds left.
|
|t:|1756938494
|move|p1b: Annihilape|Protect|p1b: Annihilape
|-singleturn|p1b: Annihilape|Protect
|move|p2a: Magmar|Will-O-Wisp|p1b: Annihilape
|-activate|p1b: Annihilape|move: Protect
|move|p1a: Incineroar|Knock Off|p2a: Magmar
|-crit|p2a: Magmar
|-damage|p2a: Magmar|48/100
|-enditem|p2a: Magmar|Eviolite|[from] move: Knock Off|[of] p1a: Incineroar
|move|p2b: Primarina|Moonblast|p1b: Annihilape
|-activate|p1b: Annihilape|move: Protect
|
|upkeep
|turn|8
|
|t:|1756938513
|-terastallize|p1b: Annihilape|Fire
|move|p2a: Magmar|Protect|p2a: Magmar
|-singleturn|p2a: Magmar|Protect
|move|p2b: Primarina|Protect|p2b: Primarina
|-singleturn|p2b: Primarina|Protect
|move|p1b: Annihilape|Rage Fist|p2a: Magmar
|-activate|p2a: Magmar|move: Protect
|move|p1a: Incineroar|Parting Shot|p2b: Primarina
|-activate|p2b: Primarina|move: Protect
|
|-sideend|p1: FlowerBoyFan|move: Aurora Veil
|upkeep
|turn|9
|inactive|FlowerBoyFan has 30 seconds left.
|
|t:|1756938539
|move|p1b: Annihilape|Protect|p1b: Annihilape
|-singleturn|p1b: Annihilape|Protect
|move|p2a: Magmar|Follow Me|p2a: Magmar
|-singleturn|p2a: Magmar|move: Follow Me
|move|p1a: Incineroar|Parting Shot|p2a: Magmar
|-unboost|p2a: Magmar|atk|1
|-unboost|p2a: Magmar|spa|1
|
|t:|1756938544
|switch|p1a: Amoonguss|Amoonguss, L50, M|99/100|[from] Parting Shot
|move|p2b: Primarina|Hyper Voice|p1b: Annihilape|[spread] p1a
|-activate|p1b: Annihilape|move: Protect
|-resisted|p1a: Amoonguss
|-crit|p1a: Amoonguss
|-damage|p1a: Amoonguss|83/100
|
|upkeep
|turn|10
|
|t:|1756938558
|move|p2a: Magmar|Follow Me|p2a: Magmar
|-singleturn|p2a: Magmar|move: Follow Me
|move|p1b: Annihilape|Rage Fist|p2a: Magmar
|-damage|p2a: Magmar|0 fnt
|faint|p2a: Magmar
|move|p2b: Primarina|Hyper Voice|p1a: Amoonguss|[spread] p1a,p1b
|-resisted|p1a: Amoonguss
|-supereffective|p1b: Annihilape
|-damage|p1a: Amoonguss|72/100
|-damage|p1b: Annihilape|22/100
|move|p1a: Amoonguss|Pollen Puff|p1b: Annihilape
|-heal|p1b: Annihilape|72/100
|
|upkeep
|inactive|PikaTROD has 30 seconds left.
|
|t:|1756938592
|switch|p2a: Sneasler|Sneasler, L50, M|100/100
|turn|11
|
|t:|1756938609
|move|p1b: Annihilape|Protect|p1b: Annihilape
|-singleturn|p1b: Annihilape|Protect
|move|p2b: Primarina|Protect|p2b: Primarina
|-singleturn|p2b: Primarina|Protect
|move|p2a: Sneasler|Dire Claw|p1a: Amoonguss
|-damage|p1a: Amoonguss|29/100
|move|p1a: Amoonguss|Spore|p2a: Sneasler
|-status|p2a: Sneasler|slp|[from] move: Spore
|
|upkeep
|turn|12
|
|t:|1756938627
|cant|p2a: Sneasler|slp
|move|p1b: Annihilape|Rage Fist|p2b: Primarina
|-damage|p2b: Primarina|0 fnt
|faint|p2b: Primarina
|move|p1a: Amoonguss|Pollen Puff|p1b: Annihilape
|-heal|p1b: Annihilape|100/100
|
|upkeep
|
|t:|1756938631
|switch|p2b: Kingambit|Kingambit, L50, F|100/100
|turn|13
|inactive|PikaTROD has 30 seconds left.
|
|t:|1756938657
|-terastallize|p2b: Kingambit|Dark
|-curestatus|p2a: Sneasler|slp|[msg]
|move|p2a: Sneasler|Dire Claw|p1a: Amoonguss
|-damage|p1a: Amoonguss|0 fnt
|faint|p1a: Amoonguss
|move|p1b: Annihilape|Bulk Up|p1b: Annihilape
|-boost|p1b: Annihilape|atk|1
|-boost|p1b: Annihilape|def|1
|move|p2b: Kingambit|Kowtow Cleave|p1b: Annihilape
|-damage|p1b: Annihilape|42/100
|
|upkeep
|
|t:|1756938664
|switch|p1a: Ninetales|Ninetales-Alola, L50, M|2/100
|-weather|Snowscape|[from] ability: Snow Warning|[of] p1a: Ninetales
|turn|14
|inactive|PikaTROD has 30 seconds left.
|
|t:|1756938694
|move|p2b: Kingambit|Sucker Punch||[still]
|-fail|p2b: Kingambit
|move|p2a: Sneasler|Close Combat|p1b: Annihilape
|-damage|p1b: Annihilape|0 fnt
|-unboost|p2a: Sneasler|def|1
|-unboost|p2a: Sneasler|spd|1
|faint|p1b: Annihilape
|move|p1a: Ninetales|Aurora Veil|p1a: Ninetales
|-sidestart|p1: FlowerBoyFan|move: Aurora Veil
|
|-weather|Snowscape|[upkeep]
|upkeep
|-message|FlowerBoyFan forfeited.
|
|win|PikaTROD
||FlowerBoyFan is ready for game 2.
||PikaTROD is ready for game 2.
|uhtml|next|Next: Game 2 of 3
|l| teamthief420
|l|☆FlowerBoyFan
|player|p1|
