|j|â˜†Astar1558
|j|â˜†PizzaSanwitch
|html|Astar1558PizzaSanwitch    
|uhtml|bestof|Game 1 of a best-of-3
|t:|1784684612
|gametype|doubles
|player|p1|Astar1558|camper|
|player|p2|PizzaSanwitch|101|
|gen|9
|tier|[Gen 9 Champions] VGC 2026 Reg M-B (Bo3)
|rule|Species Clause: Limit one of each PokÃ©mon
|rule|Item Clause: Limit 1 of each item
|clearpoke
|poke|p1|Grimmsnarl, L50, M|
|poke|p1|Swampert, L50, M|
|poke|p1|Pelipper, L50, M|
|poke|p1|Archaludon, L50, M|
|poke|p1|Sinistcha, L50|
|poke|p1|Metagross, L50|
|poke|p2|Pelipper, L50, M|
|poke|p2|Archaludon, L50, F|
|poke|p2|Venusaur, L50, F|
|poke|p2|Basculegion, L50, M|
|poke|p2|Grimmsnarl, L50, M|
|poke|p2|Charizard, L50, F|
|teampreview|4
|showteam|p1|Grimmsnarl||LightClay|Prankster|FoulPlay,PartingShot,Reflect,LightScreen|Careful||M|||50|]Swampert||Swampertite|Torrent|WaveCrash,Earthquake,IcePunch,Protect|Adamant||M|||50|]Pelipper||SitrusBerry|Drizzle|Hurricane,WeatherBall,Tailwind,WideGuard|Modest||M|||50|]Archaludon||Leftovers|Stamina|ElectroShot,DragonPulse,FlashCannon,Protect|Modest||M|||50|]Sinistcha||CobaBerry|Hospitality|MatchaGotcha,RagePowder,TrickRoom,Protect|Relaxed|||||50|]Metagross||Metagrossite|ClearBody|IronHead,PsychicFangs,BodyPress,Protect|Jolly|||||50|
|showteam|p2|Pelipper||SitrusBerry|Drizzle|WeatherBall,Hurricane,Tailwind,Protect|Modest||M|||50|]Archaludon||Leftovers|Stamina|ElectroShot,AuraSphere,DragonPulse,Protect|Modest||F|||50|]Venusaur||Venusaurite|Chlorophyll|GigaDrain,SludgeBomb,EarthPower,Protect|Modest||F|||50|]Basculegion||ChoiceScarf|Adaptability|WaveCrash,LastRespects,AquaJet,FlipTurn|Jolly||M|||50|]Grimmsnarl||LightClay|Prankster|SpiritBreak,Reflect,LightScreen,PartingShot|Careful||M|||50|]Charizard||CharizarditeY|SolarPower|HeatWave,WeatherBall,Hurricane,Protect|Modest||F|||50|
|c|â˜†PizzaSanwitch|ola
|c|â˜†Astar1558|buenas amigo
|c|â˜†Astar1558|cuando bufferee el dc te aviso
|c|â˜†PizzaSanwitch|tabien
|
|t:|1784684696
|teamsize|p1|4
|teamsize|p2|4
|start
|switch|p1a: Archaludon|Archaludon, L50, M|100/100
|switch|p1b: Grimmsnarl|Grimmsnarl, L50, M|100/100
|switch|p2a: Grimmsnarl|Grimmsnarl, L50, M|100/100
|switch|p2b: Basculegion|Basculegion, L50, M|100/100
|turn|1
|
|t:|1784684736
|move|p2a: Grimmsnarl|Light Screen|p2a: Grimmsnarl
|-sidestart|p2: PizzaSanwitch|move: Light Screen
|move|p1b: Grimmsnarl|Parting Shot|p2b: Basculegion
|-unboost|p2b: Basculegion|atk|1
|-unboost|p2b: Basculegion|spa|1
|
|t:|1784684740
|switch|p1b: Pelipper|Pelipper, L50, M|100/100|[from] Parting Shot
|-weather|RainDance|[from] ability: Drizzle|[of] p1b: Pelipper
|move|p2b: Basculegion|Flip Turn|p1b: Pelipper
|-resisted|p1b: Pelipper|1
|-crit|p1b: Pelipper
|-damage|p1b: Pelipper|53/100
|
|t:|1784684750
|switch|p2b: Archaludon|Archaludon, L50, F|100/100|[from] Flip Turn
|move|p1a: Archaludon|Electro Shot||[still]
|-prepare|p1a: Archaludon|Electro Shot
|-boost|p1a: Archaludon|spa|1
|-anim|p1a: Archaludon|Electro Shot|p2a: Grimmsnarl
|-damage|p2a: Grimmsnarl|66/100
|
|-weather|RainDance|[upkeep]
|upkeep
|turn|2
|c|â˜†Astar1558|skill issue
|
|t:|1784684794
|switch|p1b: Grimmsnarl|Grimmsnarl, L50, M|100/100
|move|p2a: Grimmsnarl|Parting Shot|p1a: Archaludon
|-unboost|p1a: Archaludon|atk|1
|-unboost|p1a: Archaludon|spa|1
|
|t:|1784684801
|switch|p2a: Venusaur|Venusaur, L50, F|100/100|[from] Parting Shot
|move|p1a: Archaludon|Electro Shot||[still]
|-prepare|p1a: Archaludon|Electro Shot
|-boost|p1a: Archaludon|spa|1
|-anim|p1a: Archaludon|Electro Shot|p2a: Venusaur
|-resisted|p2a: Venusaur|1
|-damage|p2a: Venusaur|81/100
|move|p2b: Archaludon|Electro Shot||[still]
|-prepare|p2b: Archaludon|Electro Shot
|-boost|p2b: Archaludon|spa|1
|-anim|p2b: Archaludon|Electro Shot|p1b: Grimmsnarl
|-damage|p1b: Grimmsnarl|45/100
|
|-weather|RainDance|[upkeep]
|upkeep
|turn|3
|
|t:|1784684841
|detailschange|p2a: Venusaur|Venusaur-Mega, L50, F
|-mega|p2a: Venusaur|Venusaur|Venusaurite
|move|p1b: Grimmsnarl|Parting Shot|p2a: Venusaur
|-unboost|p2a: Venusaur|atk|1
|-unboost|p2a: Venusaur|spa|1
|
|t:|1784684846
|switch|p1b: Metagross|Metagross, L50|100/100|[from] Parting Shot
|move|p2a: Venusaur|Earth Power|p1a: Archaludon
|-supereffective|p1a: Archaludon|1
|-damage|p1a: Archaludon|60/100
|-ability|p1a: Archaludon|Stamina|boost
|-boost|p1a: Archaludon|def|1
|move|p1a: Archaludon|Dragon Pulse|p2b: Archaludon
|-damage|p2b: Archaludon|60/100
|-ability|p2b: Archaludon|Stamina|boost
|-boost|p2b: Archaludon|def|1
|move|p2b: Archaludon|Electro Shot||[still]
|-prepare|p2b: Archaludon|Electro Shot
|-boost|p2b: Archaludon|spa|1
|-anim|p2b: Archaludon|Electro Shot|p1b: Metagross
|-damage|p1b: Metagross|2/100
|
|-weather|RainDance|[upkeep]
|-heal|p1a: Archaludon|66/100|[from] item: Leftovers
|-heal|p2b: Archaludon|66/100|[from] item: Leftovers
|upkeep
|turn|4
|
|t:|1784684875
|switch|p2a: Grimmsnarl|Grimmsnarl, L50, M|66/100
|detailschange|p1b: Metagross|Metagross-Mega, L50
|-mega|p1b: Metagross|Metagross|Metagrossite
|move|p1b: Metagross|Body Press|p2b: Archaludon
|-supereffective|p2b: Archaludon|1
|-damage|p2b: Archaludon|30/100
|-ability|p2b: Archaludon|Stamina|boost
|-boost|p2b: Archaludon|def|1
|move|p1a: Archaludon|Dragon Pulse|p2b: Archaludon
|-damage|p2b: Archaludon|0 fnt
|faint|p2b: Archaludon
|
|-weather|RainDance|[upkeep]
|-heal|p1a: Archaludon|72/100|[from] item: Leftovers
|upkeep
|
|t:|1784684887
|switch|p2b: Basculegion|Basculegion, L50, M|100/100
|turn|5
|
|t:|1784684903
|switch|p1b: Pelipper|Pelipper, L50, M|53/100
|move|p1a: Archaludon|Protect|p1a: Archaludon
|-singleturn|p1a: Archaludon|Protect
|move|p2a: Grimmsnarl|Parting Shot|p1a: Archaludon
|-activate|p1a: Archaludon|move: Protect
|move|p2b: Basculegion|Flip Turn|p1b: Pelipper
|-resisted|p1b: Pelipper|1
|-damage|p1b: Pelipper|23/100
|-enditem|p1b: Pelipper|Sitrus Berry|[eat]
|-heal|p1b: Pelipper|48/100|[from] item: Sitrus Berry
|
|t:|1784684912
|switch|p2b: Venusaur|Venusaur-Mega, L50, F|81/100|[from] Flip Turn
|
|-weather|none
|-heal|p1a: Archaludon|78/100|[from] item: Leftovers
|upkeep
|turn|6
|
|t:|1784684948
|switch|p1a: Grimmsnarl|Grimmsnarl, L50, M|45/100
|move|p2b: Venusaur|Giga Drain|p1b: Pelipper
|-damage|p1b: Pelipper|1/100
|-heal|p2b: Venusaur|100/100|[from] drain|[of] p1b: Pelipper
|move|p1b: Pelipper|Hurricane|p2b: Venusaur
|-supereffective|p2b: Venusaur|1
|-damage|p2b: Venusaur|56/100
|move|p2a: Grimmsnarl|Spirit Break|p1a: Grimmsnarl
|-supereffective|p1a: Grimmsnarl|1
|-damage|p1a: Grimmsnarl|0 fnt
|faint|p1a: Grimmsnarl
|
|upkeep
|
|t:|1784684959
|switch|p1a: Metagross|Metagross-Mega, L50|2/100
|turn|7
|
|t:|1784684992
|move|p2a: Grimmsnarl|Reflect|p2a: Grimmsnarl
|-sidestart|p2: PizzaSanwitch|Reflect
|move|p1a: Metagross|Iron Head|p2a: Grimmsnarl
|-supereffective|p2a: Grimmsnarl|1
|-damage|p2a: Grimmsnarl|0 fnt
|faint|p2a: Grimmsnarl
|move|p2b: Venusaur|Earth Power|p1a: Metagross
|-supereffective|p1a: Metagross|1
|-damage|p1a: Metagross|0 fnt
|faint|p1a: Metagross
|move|p1b: Pelipper|Hurricane|p2b: Venusaur
|-supereffective|p2b: Venusaur|1
|-crit|p2b: Venusaur
|-damage|p2b: Venusaur|0 fnt
|faint|p2b: Venusaur
|
|upkeep
|
|t:|1784685004
|switch|p1a: Archaludon|Archaludon, L50, M|78/100
|switch|p2a: Basculegion|Basculegion, L50, M|100/100
|turn|8
|
|t:|1784685018
|move|p2a: Basculegion|Last Respects|p1b: Pelipper
|-damage|p1b: Pelipper|0 fnt
|faint|p1b: Pelipper
|move|p1a: Archaludon|Electro Shot||[still]
|-prepare|p1a: Archaludon|Electro Shot
|-boost|p1a: Archaludon|spa|1
|
|-heal|p1a: Archaludon|84/100|[from] item: Leftovers
|-sideend|p2: PizzaSanwitch|move: Light Screen
|upkeep
|turn|9
|
|t:|1784685022
|move|p2a: Basculegion|Last Respects|p1a: Archaludon
|-damage|p1a: Archaludon|0 fnt
|faint|p1a: Archaludon
|
|win|PizzaSanwitch
|c|â˜†PizzaSanwitch|wow
||Astar1558 is ready for game 2.
|inactive|PizzaSanwitch has 30 seconds to confirm battle start!
|c|â˜†PizzaSanwitch|no se como ganar este match amigo
||PizzaSanwitch is ready for game 2.
|uhtml|next|Next: Game 2 of 3
