|j|☆Lorido
|j|☆Husky12d
|html|LoridoHusky12d    
|uhtml|bestof|Game 2 of a best-of-3
|t:|1784873801
|gametype|doubles
|player|p1|Lorido|265|1132
|player|p2|Husky12d|blue-masters|1230
|gen|9
|tier|[Gen 9 Champions] VGC 2026 Reg M-B (Bo3)
|rated|
|rule|Species Clause: Limit one of each Pokémon
|rule|Item Clause: Limit 1 of each item
|clearpoke
|poke|p1|Aerodactyl, L50, F|
|poke|p1|Kingambit, L50, M|
|poke|p1|Sylveon, L50, F|
|poke|p1|Charizard, L50, M|
|poke|p1|Garchomp, L50, F|
|poke|p1|Farigiraf, L50, M|
|poke|p2|Gengar, L50, F|
|poke|p2|Raichu, L50, M|
|poke|p2|Incineroar, L50, F|
|poke|p2|Kommo-o, L50, F|
|poke|p2|Volcarona, L50, M|
|poke|p2|Ninetales-Alola, L50, F|
|teampreview|4
|showteam|p1|Aerodactyl||Aerodactylite|Unnerve|RockSlide,DualWingbeat,IceFang,Tailwind|Jolly||F|||50|]Kingambit||BlackGlasses|Defiant|KowtowCleave,IronHead,SuckerPunch,LowKick|Jolly||M|||50|]Sylveon||FairyFeather|Pixilate|HyperVoice,QuickAttack,HyperBeam,Detect|Modest||F|||50|]Charizard||CharizarditeY|Blaze|HeatWave,WeatherBall,SolarBeam,Protect|Modest||M|||50|]Garchomp||LifeOrb|RoughSkin|DragonClaw,Earthquake,RockSlide,Protect|Jolly||F|||50|]Farigiraf||SitrusBerry|ArmorTail|TwinBeam,Thunderbolt,TrickRoom,HelpingHand|Relaxed||M|||50|
|showteam|p2|Gengar||Gengarite|CursedBody|SludgeBomb,ShadowBall,Substitute,Protect|Modest||F|||50|]Raichu||RaichuniteX|LightningRod|VoltTackle,VoltSwitch,FakeOut,Protect|Jolly||M|||50|]Incineroar||PasshoBerry|Intimidate|FlareBlitz,FakeOut,ThroatChop,PartingShot|Adamant||F|||50|]Kommo-o||Leftovers|Soundproof|ClangingScales,AuraSphere,ClangorousSoul,Protect|Timid||F|||50|]Volcarona||SitrusBerry|FlameBody|RagePowder,Flamethrower,Protect,StruggleBug|Modest||M|||50|]Ninetales-Alola||ChoiceScarf|SnowWarning|Blizzard,Moonblast,IcyWind,FreezeDry|Timid||F|||50|
|inactive|Battle timer is ON: inactive players will automatically lose when time's up. (requested by Lorido)
|inactive|Husky12d has 60 seconds left.
|
|t:|1784873844
|teamsize|p1|4
|teamsize|p2|4
|start
|switch|p1a: Garchomp|Garchomp, L50, F|100/100
|switch|p1b: Aerodactyl|Aerodactyl, L50, F|100/100
|switch|p2a: Raichu|Raichu, L50, M|100/100
|switch|p2b: Ninetales|Ninetales-Alola, L50, F|100/100
|-ability|p1b: Aerodactyl|Unnerve
|-weather|Snowscape|[from] ability: Snow Warning|[of] p2b: Ninetales
|turn|1
|inactive|Lorido has 30 seconds left.
|inactive|Husky12d has 30 seconds left.
|inactive|Lorido has 20 seconds left.
|inactive|Lorido has 15 seconds left.
|inactive|Lorido has 10 seconds left.
|inactive|Lorido has 5 seconds left.
|
|t:|1784873898
|switch|p1b: Charizard|Charizard, L50, M|100/100
|detailschange|p2a: Raichu|Raichu-Mega-X, L50, M
|-mega|p2a: Raichu|Raichu|Raichunite X
|-fieldstart|move: Electric Terrain|[from] ability: Electric Surge|[of] p2a: Raichu
|move|p1a: Garchomp|Protect|p1a: Garchomp
|-singleturn|p1a: Garchomp|Protect
|move|p2b: Ninetales|Icy Wind|p1b: Charizard|[spread] p1b
|-activate|p1a: Garchomp|move: Protect
|-damage|p1b: Charizard|82/100
|-unboost|p1b: Charizard|spe|1
|move|p2a: Raichu|Volt Switch|p1b: Charizard
|-supereffective|p1b: Charizard|1
|-damage|p1b: Charizard|18/100
|
|t:|1784873917
|switch|p2a: Kommo-o|Kommo-o, L50, F|100/100|[from] Volt Switch
|
|-weather|Snowscape|[upkeep]
|upkeep
|turn|2
|
|t:|1784873933
|switch|p1a: Farigiraf|Farigiraf, L50, M|100/100
|detailschange|p1b: Charizard|Charizard-Mega-Y, L50, M
|-mega|p1b: Charizard|Charizard|Charizardite Y
|-weather|SunnyDay|[from] ability: Drought|[of] p1b: Charizard
|move|p2b: Ninetales|Icy Wind|p1a: Farigiraf|[spread] p1a,p1b
|-damage|p1a: Farigiraf|85/100
|-damage|p1b: Charizard|4/100
|-unboost|p1a: Farigiraf|spe|1
|-unboost|p1b: Charizard|spe|1
|move|p2a: Kommo-o|Clanging Scales|p1a: Farigiraf|[spread] p1a,p1b
|-damage|p1a: Farigiraf|52/100
|-damage|p1b: Charizard|0 fnt
|faint|p1b: Charizard
|-unboost|p2a: Kommo-o|def|1
|
|-weather|SunnyDay|[upkeep]
|upkeep
|
|t:|1784873948
|switch|p1b: Aerodactyl|Aerodactyl, L50, F|100/100
|-ability|p1b: Aerodactyl|Unnerve
|turn|3
|inactive|Husky12d has 30 seconds left.
|
|t:|1784873974
|switch|p2a: Volcarona|Volcarona, L50, M|100/100
|move|p2b: Ninetales|Icy Wind|p1a: Farigiraf|[spread] p1a,p1b
|-supereffective|p1b: Aerodactyl|1
|-damage|p1a: Farigiraf|37/100
|-damage|p1b: Aerodactyl|56/100
|-unboost|p1a: Farigiraf|spe|1
|-unboost|p1b: Aerodactyl|spe|1
|-enditem|p1a: Farigiraf|Sitrus Berry|[eat]
|-heal|p1a: Farigiraf|62/100|[from] item: Sitrus Berry
|move|p1b: Aerodactyl|Rock Slide|p2b: Ninetales|[spread] p2a,p2b
|-supereffective|p2a: Volcarona|2
|-supereffective|p2b: Ninetales|1
|-damage|p2a: Volcarona|4/100
|-damage|p2b: Ninetales|23/100
|move|p1a: Farigiraf|Twin Beam|p2a: Volcarona
|-damage|p2a: Volcarona|0 fnt
|faint|p2a: Volcarona
|-hitcount|p2: Volcarona|1
|
|-weather|SunnyDay|[upkeep]
|upkeep
|
|t:|1784873995
|switch|p2a: Raichu|Raichu-Mega-X, L50, M|100/100
|turn|4
|inactive|Lorido has 30 seconds left.
|inactive|Lorido has 20 seconds left.
|
|t:|1784874031
|move|p2b: Ninetales|Icy Wind|p1b: Aerodactyl|[spread] p1a,p1b
|-supereffective|p1b: Aerodactyl|1
|-damage|p1a: Farigiraf|47/100
|-damage|p1b: Aerodactyl|12/100
|-unboost|p1a: Farigiraf|spe|1
|-unboost|p1b: Aerodactyl|spe|1
|move|p2a: Raichu|Volt Tackle|p1a: Farigiraf
|-damage|p1a: Farigiraf|0 fnt
|faint|p1a: Farigiraf
|-damage|p2a: Raichu|77/100|[from] Recoil
|move|p1b: Aerodactyl|Rock Slide|p2a: Raichu|[spread] p2a
|-miss|p1b: Aerodactyl|p2b: Ninetales
|-damage|p2a: Raichu|52/100
|
|-weather|SunnyDay|[upkeep]
|upkeep
|
|t:|1784874044
|switch|p1a: Garchomp|Garchomp, L50, F|100/100
|turn|5
|
|t:|1784874055
|move|p2b: Ninetales|Icy Wind|p1a: Garchomp|[spread] p1b
|-miss|p2b: Ninetales|p1a: Garchomp
|-supereffective|p1b: Aerodactyl|1
|-damage|p1b: Aerodactyl|0 fnt
|faint|p1b: Aerodactyl
|move|p2a: Raichu|Volt Switch|p1a: Garchomp
|-immune|p1a: Garchomp
|move|p1a: Garchomp|Earthquake|p2a: Raichu|[spread] p2a,p2b
|-supereffective|p2a: Raichu|1
|-damage|p2a: Raichu|0 fnt
|-damage|p2b: Ninetales|0 fnt
|faint|p2a: Raichu
|faint|p2b: Ninetales
|-damage|p1a: Garchomp|90/100|[from] item: Life Orb
|
|-weather|SunnyDay|[upkeep]
|-fieldend|move: Electric Terrain
|upkeep
|
|t:|1784874058
|switch|p2b: Kommo-o|Kommo-o, L50, F|100/100
|turn|6
|
|t:|1784874065
|move|p1a: Garchomp|Dragon Claw|p2b: Kommo-o
|-supereffective|p2b: Kommo-o|1
|-damage|p2b: Kommo-o|1/100
|-damage|p1a: Garchomp|80/100|[from] item: Life Orb
|move|p2b: Kommo-o|Clanging Scales|p1a: Garchomp
|-supereffective|p1a: Garchomp|1
|-damage|p1a: Garchomp|0 fnt
|faint|p1a: Garchomp
|
|win|Husky12d
