|j|☆tinesofpower22
|j|☆NoiceDynamite
|html|tinesofpower22NoiceDynamite    
|uhtml|bestof|Game 1 of a best-of-3
|t:|1757815754
|gametype|doubles
|player|p1|tinesofpower22|pokekid|1000
|player|p2|NoiceDynamite|cynthia|1012
|gen|9
|tier|[Gen 9] VGC 2025 Reg H (Bo3)
|rated|
|rule|Species Clause: Limit one of each Pokémon
|rule|Item Clause: Limit 1 of each item
|clearpoke
|poke|p1|Porygon2, L50|
|poke|p1|Ursaluna, L50, M|
|poke|p1|Amoonguss, L50, M|
|poke|p1|Kingambit, L50, M|
|poke|p1|Farigiraf, L50, M|
|poke|p1|Incineroar, L50, M|
|poke|p2|Garchomp, L50, F|
|poke|p2|Gholdengo, L50|
|poke|p2|Weezing-Galar, L50, F|
|poke|p2|Talonflame, L50, F|
|poke|p2|Archaludon, L50, F|
|poke|p2|Annihilape, L50, F|
|teampreview|4
|showteam|p1|Porygon2||Eviolite|Download|TrickRoom,TriAttack,IceBeam,Recover||||||50|,,,,,Normal]Ursaluna||FlameOrb|Guts|Protect,Facade,DrainPunch,HeadlongRush|||M|||50|,,,,,Ground]Amoonguss||SitrusBerry|Regenerator|PollenPuff,Spore,RagePowder,Protect|||M|||50|,,,,,Grass]Kingambit||LifeOrb|Defiant|KowtowCleave,Protect,IronHead,SuckerPunch|||M|||50|,,,,,Dark]Farigiraf||ThroatSpray|ArmorTail|TrickRoom,HyperVoice,Psychic,Protect|||M|||50|,,,,,Normal]Incineroar||SafetyGoggles|Intimidate|FlareBlitz,KnockOff,FakeOut,PartingShot|||M|||50|,,,,,Fire
|showteam|p2|Garchomp||LifeOrb|RoughSkin|DragonClaw,Earthquake,StompingTantrum,Protect|||F|||50|,,,,,Ground]Gholdengo||ChoiceSpecs|GoodasGold|DazzlingGleam,ShadowBall,PowerGem,MakeItRain||||||50|,,,,,Fairy]Weezing-Galar||FocusSash|NeutralizingGas|Protect,SludgeBomb,StrangeSteam,Taunt|||F|||50|,,,,,Flying]Talonflame||CovertCloak|GaleWings|Tailwind,DualWingbeat,WillOWisp,FlareBlitz|||F|||50|,,,,,Stellar]Archaludon||PowerHerb|Sturdy|ElectroShot,Thunderbolt,DracoMeteor,Protect|||F|||50|,,,,,Electric]Annihilape||AssaultVest|Defiant|CloseCombat,RageFist,FinalGambit,IcePunch|||F|||50|,,,,,Grass
|
|t:|1757815786
|teamsize|p1|4
|teamsize|p2|4
|start
|switch|p1a: Farigiraf|Farigiraf, L50, M|100/100
|switch|p1b: Ursaluna|Ursaluna, L50, M|100/100
|switch|p2a: Weezing|Weezing-Galar, L50, F|100/100
|switch|p2b: Annihilape|Annihilape, L50, F|100/100
|-ability|p2a: Weezing|Neutralizing Gas
|turn|1
|inactive|Battle timer is ON: inactive players will automatically lose when time's up. (requested by tinesofpower22)
|
|t:|1757815803
|move|p1b: Ursaluna|Protect|p1b: Ursaluna
|-singleturn|p1b: Ursaluna|Protect
|move|p2b: Annihilape|Final Gambit|p1a: Farigiraf
|-damage|p1a: Farigiraf|14/100
|faint|p2b: Annihilape
|move|p2a: Weezing|Sludge Bomb|p1a: Farigiraf
|-damage|p1a: Farigiraf|0 fnt
|faint|p1a: Farigiraf
|
|-status|p1b: Ursaluna|brn|[from] item: Flame Orb
|upkeep
|
|t:|1757815821
|switch|p2b: Garchomp|Garchomp, L50, F|100/100
|switch|p1a: Incineroar|Incineroar, L50, M|100/100
|turn|2
|
|t:|1757815831
|move|p2a: Weezing|Protect|p2a: Weezing
|-singleturn|p2a: Weezing|Protect
|move|p1a: Incineroar|Fake Out|p2b: Garchomp
|-damage|p2b: Garchomp|86/100
|cant|p2b: Garchomp|flinch
|move|p1b: Ursaluna|Headlong Rush|p2a: Weezing
|-activate|p2a: Weezing|move: Protect
|
|-damage|p1b: Ursaluna|95/100 brn|[from] brn
|upkeep
|turn|3
|inactive|tinesofpower22 has 30 seconds left.
|
|t:|1757815860
|switch|p1a: Amoonguss|Amoonguss, L50, M|100/100
|-terastallize|p2a: Weezing|Flying
|move|p1b: Ursaluna|Protect|p1b: Ursaluna
|-singleturn|p1b: Ursaluna|Protect
|move|p2b: Garchomp|Earthquake|p1a: Amoonguss|[spread] p1a
|-activate|p1b: Ursaluna|move: Protect
|-immune|p2a: Weezing
|-damage|p1a: Amoonguss|42/100
|-enditem|p1a: Amoonguss|Sitrus Berry|[eat]
|-heal|p1a: Amoonguss|67/100|[from] item: Sitrus Berry
|-damage|p2b: Garchomp|77/100|[from] item: Life Orb
|move|p2a: Weezing|Sludge Bomb|p1a: Amoonguss
|-damage|p1a: Amoonguss|40/100
|
|-damage|p1b: Ursaluna|89/100 brn|[from] brn
|upkeep
|turn|4
|inactive|NoiceDynamite has 30 seconds left.
|
|t:|1757815887
|move|p1a: Amoonguss|Protect|p1a: Amoonguss
|-singleturn|p1a: Amoonguss|Protect
|move|p2b: Garchomp|Earthquake|p1b: Ursaluna|[spread] p1b
|-activate|p1a: Amoonguss|move: Protect
|-immune|p2a: Weezing
|-damage|p1b: Ursaluna|49/100 brn
|-damage|p2b: Garchomp|67/100|[from] item: Life Orb
|move|p2a: Weezing|Sludge Bomb|p1b: Ursaluna
|-resisted|p1b: Ursaluna
|-damage|p1b: Ursaluna|33/100 brn
|move|p1b: Ursaluna|Facade|p2b: Garchomp
|-damage|p2b: Garchomp|0 fnt
|faint|p2b: Garchomp
|
|-damage|p1b: Ursaluna|27/100 brn|[from] brn
|upkeep
|
|t:|1757815902
|switch|p2b: Gholdengo|Gholdengo, L50|100/100
|turn|5
|inactive|NoiceDynamite has 30 seconds left.
|
|t:|1757815935
|move|p2b: Gholdengo|Dazzling Gleam|p1a: Amoonguss|[spread] p1a,p1b
|-resisted|p1a: Amoonguss
|-damage|p1a: Amoonguss|29/100
|-damage|p1b: Ursaluna|0 fnt
|faint|p1b: Ursaluna
|move|p2a: Weezing|Strange Steam|p1a: Amoonguss
|-resisted|p1a: Amoonguss
|-damage|p1a: Amoonguss|15/100
|-start|p1a: Amoonguss|confusion
|-activate|p1a: Amoonguss|confusion
|-damage|p1a: Amoonguss|8/100|[from] confusion
|
|upkeep
|
|t:|1757815946
|switch|p1b: Incineroar|Incineroar, L50, M|100/100
|turn|6
|
|t:|1757815955
|move|p2a: Weezing|Protect|p2a: Weezing
|-singleturn|p2a: Weezing|Protect
|-activate|p1a: Amoonguss|confusion
|move|p1a: Amoonguss|Protect|p1a: Amoonguss
|-singleturn|p1a: Amoonguss|Protect
|move|p2b: Gholdengo|Dazzling Gleam|p1b: Incineroar|[spread] p1b
|-activate|p1a: Amoonguss|move: Protect
|-damage|p1b: Incineroar|70/100
|move|p1b: Incineroar|Flare Blitz|p2b: Gholdengo
|-supereffective|p2b: Gholdengo
|-damage|p2b: Gholdengo|0 fnt
|faint|p2b: Gholdengo
|-damage|p1b: Incineroar|42/100|[from] Recoil
|
|upkeep
|turn|7
|
|t:|1757815975
|move|p2a: Weezing|Sludge Bomb|p1b: Incineroar
|-damage|p1b: Incineroar|7/100
|move|p1b: Incineroar|Flare Blitz|p2a: Weezing
|-damage|p2a: Weezing|25/100
|-damage|p1b: Incineroar|0 fnt|[from] Recoil
|faint|p1b: Incineroar
|-activate|p1a: Amoonguss|confusion
|move|p1a: Amoonguss|Spore|p2a: Weezing
|-status|p2a: Weezing|slp|[from] move: Spore
|
|upkeep
|turn|8
|
|t:|1757815988
|cant|p2a: Weezing|slp
|-end|p1a: Amoonguss|confusion
|move|p1a: Amoonguss|Pollen Puff|p2a: Weezing
|-resisted|p2a: Weezing
|-damage|p2a: Weezing|10/100 slp
|
|upkeep
|turn|9
|
|t:|1757815996
|-curestatus|p2a: Weezing|slp|[msg]
|move|p2a: Weezing|Sludge Bomb|p1a: Amoonguss
|-crit|p1a: Amoonguss
|-damage|p1a: Amoonguss|0 fnt
|faint|p1a: Amoonguss
|
|win|NoiceDynamite
||NoiceDynamite is ready for game 2.
