|j|☆LeikjafjorFylkis
|j|☆raineyatwork
|html|LeikjafjorFylkisraineyatwork    
|uhtml|bestof|Game 2 of a best-of-3
|t:|1783950676
|gametype|doubles
|player|p1|LeikjafjorFylkis|102|1000
|player|p2|raineyatwork|101|1101
|gen|9
|tier|[Gen 9 Champions] VGC 2026 Reg M-B (Bo3)
|rated|
|rule|Species Clause: Limit one of each Pokémon
|rule|Item Clause: Limit 1 of each item
|clearpoke
|poke|p1|Raichu, L50, M|
|poke|p1|Bellibolt, L50, F|
|poke|p1|Mamoswine, L50, M|
|poke|p1|Archaludon, L50, F|
|poke|p1|Pelipper, L50, F|
|poke|p1|Whimsicott, L50, F|
|poke|p2|Metagross, L50|
|poke|p2|Basculegion, L50, M|
|poke|p2|Blaziken, L50, F|
|poke|p2|Politoed, L50, F|
|poke|p2|Tsareena, L50, F|
|poke|p2|Kingambit, L50, F|
|teampreview|4
|showteam|p1|Raichu||RaichuniteX|LightningRod|Discharge,RisingVoltage,FakeOut,Protect|Calm||M|||50|]Bellibolt||Magnet|Electromorphosis|Discharge,ParabolicCharge,VoltSwitch,Protect|Modest||F|||50|]Mamoswine||SitrusBerry|Oblivious|IceShard,HighHorsepower,Protect,RockSlide|Adamant||M|||50|]Archaludon||Leftovers|Stamina|ElectroShot,DragonPulse,FlashCannon,Protect|Timid||F|||50|]Pelipper||FocusSash|Drizzle|WeatherBall,Hurricane,WideGuard,Tailwind|Modest||F|||50|]Whimsicott||FairyFeather|Prankster|Moonblast,Tailwind,Protect,Encore|Timid||F|||50|
|showteam|p2|Metagross||Metagrossite|ClearBody|IronHead,PsychicFangs,StompingTantrum,Protect|Jolly|||||50|]Basculegion||LifeOrb|Adaptability|WaveCrash,LastRespects,AquaJet,Protect|Jolly||M|||50|]Blaziken||FocusSash|SpeedBoost|Overheat,AuraSphere,Coaching,Detect|Modest||F|||50|]Politoed||SitrusBerry|Drizzle|WeatherBall,IceBeam,PerishSong,Protect|Bold||F|||50|]Tsareena||ChoiceScarf|QueenlyMajesty|TropKick,TripleAxel,LowKick,Uturn|Jolly||F|||50|]Kingambit||BlackGlasses|Defiant|KowtowCleave,SuckerPunch,SwordsDance,Protect|Brave||F|||50|
|
|t:|1783950711
|teamsize|p1|4
|teamsize|p2|4
|start
|switch|p1a: Raichu|Raichu, L50, M|100/100
|switch|p1b: Bellibolt|Bellibolt, L50, F|100/100
|switch|p2a: Blaziken|Blaziken, L50, F|100/100
|switch|p2b: Metagross|Metagross, L50|100/100
|turn|1
|inactive|Battle timer is ON: inactive players will automatically lose when time's up. (requested by raineyatwork)
|
|t:|1783950755
|move|p2b: Metagross|Protect|p2b: Metagross
|-singleturn|p2b: Metagross|Protect
|move|p2a: Blaziken|Coaching|p2b: Metagross
|-boost|p2b: Metagross|atk|1
|-boost|p2b: Metagross|def|1
|move|p1a: Raichu|Discharge|p2a: Blaziken|[spread] p1b,p2a
|-activate|p2b: Metagross|move: Protect
|-resisted|p1b: Bellibolt|1
|-damage|p1b: Bellibolt|88/100
|-damage|p2a: Blaziken|63/100
|-start|p1b: Bellibolt|Charge|Discharge|[from] ability: Electromorphosis
|move|p1b: Bellibolt|Volt Switch|p1a: Raichu
|-activate|p1a: Raichu|ability: Lightning Rod
|-ability|p1a: Raichu|Lightning Rod|boost
|-boost|p1a: Raichu|spa|1
|-end|p1b: Bellibolt|Charge|[silent]
|
|-ability|p2a: Blaziken|Speed Boost|boost
|-boost|p2a: Blaziken|spe|1
|upkeep
|turn|2
|inactive|LeikjafjorFylkis has 30 seconds left.
|
|t:|1783950783
|detailschange|p1a: Raichu|Raichu-Mega-X, L50, M
|-mega|p1a: Raichu|Raichu|Raichunite X
|-fieldstart|move: Electric Terrain|[from] ability: Electric Surge|[of] p1a: Raichu
|detailschange|p2b: Metagross|Metagross-Mega, L50
|-mega|p2b: Metagross|Metagross|Metagrossite
|move|p2a: Blaziken|Overheat|p1a: Raichu
|-damage|p1a: Raichu|35/100
|-unboost|p2a: Blaziken|spa|2
|move|p2b: Metagross|Stomping Tantrum|p1a: Raichu
|-supereffective|p1a: Raichu|1
|-damage|p1a: Raichu|0 fnt
|faint|p1a: Raichu
|move|p1b: Bellibolt|Discharge|p2b: Metagross|[spread] p2a,p2b
|-damage|p2a: Blaziken|0 fnt
|-damage|p2b: Metagross|52/100
|-status|p2b: Metagross|par
|faint|p2a: Blaziken
|
|upkeep
|inactive|raineyatwork has 30 seconds left.
|
|t:|1783950810
|switch|p2a: Basculegion|Basculegion, L50, M|100/100
|switch|p1a: Pelipper|Pelipper, L50, F|100/100
|-weather|RainDance|[from] ability: Drizzle|[of] p1a: Pelipper
|turn|3
|inactive|LeikjafjorFylkis has 30 seconds left.
|
|t:|1783950841
|move|p1a: Pelipper|Wide Guard|p1a: Pelipper
|-singleturn|p1a: Pelipper|Wide Guard
|move|p2a: Basculegion|Last Respects|p1b: Bellibolt
|-damage|p1b: Bellibolt|6/100
|-start|p1b: Bellibolt|Charge|Last Respects|[from] ability: Electromorphosis
|-damage|p2a: Basculegion|90/100|[from] item: Life Orb
|move|p2b: Metagross|Psychic Fangs|p1a: Pelipper
|-enditem|p1a: Pelipper|Focus Sash
|-damage|p1a: Pelipper|1/100
|move|p1b: Bellibolt|Parabolic Charge|p2a: Basculegion|[spread] p2a,p2b
|-activate|p1a: Pelipper|move: Wide Guard
|-supereffective|p2a: Basculegion|1
|-damage|p2a: Basculegion|0 fnt
|-heal|p1b: Bellibolt|54/100|[from] drain|[of] p2a: Basculegion
|-damage|p2b: Metagross|0 fnt
|-heal|p1b: Bellibolt|77/100|[from] drain|[of] p2b: Metagross
|faint|p2a: Basculegion
|faint|p2b: Metagross
|-end|p1b: Bellibolt|Charge|[silent]
|
|-weather|RainDance|[upkeep]
|upkeep
|
|t:|1783950855
|switch|p2b: Tsareena|Tsareena, L50, F|100/100
|turn|4
|
|t:|1783950872
|move|p2b: Tsareena|Trop Kick|p1a: Pelipper
|-damage|p1a: Pelipper|0 fnt
|faint|p1a: Pelipper
|move|p1b: Bellibolt|Volt Switch|p2b: Tsareena
|-resisted|p2b: Tsareena|1
|-damage|p2b: Tsareena|69/100
|
|t:|1783950879
|switch|p1b: Archaludon|Archaludon, L50, F|100/100|[from] Volt Switch
|
|-weather|RainDance|[upkeep]
|upkeep
|
|t:|1783950883
|switch|p1a: Bellibolt|Bellibolt, L50, F|77/100
|turn|5
|inactive|LeikjafjorFylkis has 30 seconds left.
|
|t:|1783950911
|move|p2b: Tsareena|Trop Kick|p1b: Archaludon
|-resisted|p1b: Archaludon|2
|-damage|p1b: Archaludon|91/100
|-unboost|p1b: Archaludon|atk|1
|-ability|p1b: Archaludon|Stamina|boost
|-boost|p1b: Archaludon|def|1
|move|p1b: Archaludon|Electro Shot||[still]
|-prepare|p1b: Archaludon|Electro Shot
|-boost|p1b: Archaludon|spa|1
|-anim|p1b: Archaludon|Electro Shot|p2b: Tsareena
|-resisted|p2b: Tsareena|1
|-damage|p2b: Tsareena|16/100
|move|p1a: Bellibolt|Volt Switch|p2b: Tsareena
|-resisted|p2b: Tsareena|1
|-damage|p2b: Tsareena|0 fnt
|faint|p2b: Tsareena
|
|win|LeikjafjorFylkis
