|j|☆Seetrell
|j|☆joekarsw
|html|Seetrelljoekarsw    
|uhtml|bestof|Game 1 of a best-of-3
|t:|1785089364
|gametype|doubles
|player|p1|Seetrell|102|
|player|p2|joekarsw|2|
|gen|9
|tier|[Gen 9 Champions] VGC 2026 Reg M-B (Bo3)
|rule|Species Clause: Limit one of each Pokémon
|rule|Item Clause: Limit 1 of each item
|clearpoke
|poke|p1|Milotic, L50, M|
|poke|p1|Lopunny, L50, M, shiny|
|poke|p1|Sylveon, L50, F|
|poke|p1|Goodra-Hisui, L50, M|
|poke|p1|Camerupt, L50, M|
|poke|p1|Heracross, L50, F|
|poke|p2|Noivern, L50, M|
|poke|p2|Gardevoir, L50, M|
|poke|p2|Kingambit, L50, F|
|poke|p2|Ariados, L50, F|
|poke|p2|Torterra, L50, F|
|poke|p2|Basculegion-F, L50, F|
|teampreview|4
|showteam|p1|Milotic||Leftovers|Competitive|IceBeam,DrainingKiss,Recover,AquaTail|Quiet||M|||50|]Lopunny||Lopunnite|Limber|AfterYou,FakeOut,CloseCombat,Uturn|Adamant||M|||50|]Sylveon||SitrusBerry|Pixilate|DrainingKiss,HyperVoice,Reflect,CalmMind|Modest||F|||50|]Goodra-Hisui||BrightPowder|ShellArmor|Protect,FlashCannon,Shelter,IceBeam|Lax||M|||50|]Camerupt||Cameruptite|SolidRock|AncientPower,EarthPower,HeatWave,Protect|Rash||M|||50|]Heracross||FocusSash|Moxie|CloseCombat,Megahorn,PinMissile,IronDefense|Adamant||F|||50|
|showteam|p2|Noivern||FocusSash|Frisk|Taunt,Tailwind,Protect,Uturn|Jolly||M|||50|]Gardevoir||Gardevoirite|Synchronize|HyperVoice,TrickRoom,CalmMind,MysticalFire|Timid||M|||50|]Kingambit||RoseliBerry|Defiant|SuckerPunch,IronHead,SwordsDance,KowtowCleave|Adamant||F|||50|]Ariados||Leftovers|Insomnia|PoisonJab,Protect,RagePowder,ToxicThread|Serious||F|||50|]Torterra||ChoiceScarf|ShellArmor|SeedBomb,HeadlongRush,HeavySlam,RockSlide|Jolly||F|||50|]Basculegion-F||MysticWater|Adaptability|HydroPump,Hex,Protect,IceBeam|Modest||F|||50|
|inactive|Battle timer is ON: inactive players will automatically lose when time's up. (requested by joekarsw)
|inactive|Seetrell has 60 seconds left.
|inactive|joekarsw has 60 seconds left.
|inactive|Seetrell has 30 seconds left.
|inactive|Seetrell has 20 seconds left.
|inactive|joekarsw has 30 seconds left.
|
|t:|1785089445
|teamsize|p1|4
|teamsize|p2|4
|start
|switch|p1a: Lopunny|Lopunny, L50, M, shiny|100/100
|switch|p1b: Goodra|Goodra-Hisui, L50, M|100/100
|switch|p2a: Noivern|Noivern, L50, M|100/100
|switch|p2b: Torterra|Torterra, L50, F|100/100
|-item|p1a: Lopunny|Lopunnite|[from] ability: Frisk|[of] p2a: Noivern
|-item|p1b: Goodra|Bright Powder|[from] ability: Frisk|[of] p2a: Noivern
|turn|1
|inactive|Seetrell has 30 seconds left.
|inactive|joekarsw has 30 seconds left.
|inactive|Seetrell has 20 seconds left.
|
|t:|1785089483
|move|p1a: Lopunny|Fake Out|p2a: Noivern
|-damage|p2a: Noivern|80/100
|cant|p2a: Noivern|flinch
|move|p2b: Torterra|Headlong Rush|p1a: Lopunny
|-damage|p1a: Lopunny|23/100
|-unboost|p2b: Torterra|def|1
|-unboost|p2b: Torterra|spd|1
|move|p1b: Goodra|Shelter|p1b: Goodra
|-boost|p1b: Goodra|def|2
|
|upkeep
|turn|2
|
|t:|1785089504
|detailschange|p1a: Lopunny|Lopunny-Mega, L50, M, shiny
|-mega|p1a: Lopunny|Lopunny|Lopunnite
|move|p2a: Noivern|Tailwind|p2a: Noivern
|-sidestart|p2: joekarsw|move: Tailwind
|move|p2b: Torterra|Headlong Rush|p1a: Lopunny
|-damage|p1a: Lopunny|0 fnt
|-unboost|p2b: Torterra|def|1
|-unboost|p2b: Torterra|spd|1
|faint|p1a: Lopunny
|move|p1b: Goodra|Ice Beam|p2b: Torterra
|-supereffective|p2b: Torterra|2
|-damage|p2b: Torterra|0 fnt
|faint|p2b: Torterra
|
|upkeep
|
|t:|1785089520
|switch|p1a: Sylveon|Sylveon, L50, F|100/100
|switch|p2b: Gardevoir|Gardevoir, L50, M|100/100
|turn|3
|inactive|joekarsw has 30 seconds left.
|
|t:|1785089546
|detailschange|p2b: Gardevoir|Gardevoir-Mega, L50, M
|-mega|p2b: Gardevoir|Gardevoir|Gardevoirite
|move|p2a: Noivern|Taunt|p1b: Goodra
|-start|p1b: Goodra|move: Taunt
|move|p2b: Gardevoir|Calm Mind|p2b: Gardevoir
|-boost|p2b: Gardevoir|spa|1
|-boost|p2b: Gardevoir|spd|1
|move|p1b: Goodra|Ice Beam|p2a: Noivern
|-supereffective|p2a: Noivern|2
|-damage|p2a: Noivern|0 fnt
|faint|p2a: Noivern
|move|p1a: Sylveon|Calm Mind|p1a: Sylveon
|-boost|p1a: Sylveon|spa|1
|-boost|p1a: Sylveon|spd|1
|
|upkeep
|j| Usurper17
|
|t:|1785089558
|switch|p2a: Kingambit|Kingambit, L50, F|100/100
|turn|4
|
|t:|1785089572
|move|p2b: Gardevoir|Mystical Fire|p1b: Goodra
|-damage|p1b: Goodra|61/100
|-unboost|p1b: Goodra|spa|1
|move|p2a: Kingambit|Iron Head|p1a: Sylveon
|-supereffective|p1a: Sylveon|1
|-damage|p1a: Sylveon|0 fnt
|faint|p1a: Sylveon
|move|p1b: Goodra|Flash Cannon|p2b: Gardevoir
|-supereffective|p2b: Gardevoir|1
|-damage|p2b: Gardevoir|70/100
|
|upkeep
|
|t:|1785089581
|switch|p1a: Milotic|Milotic, L50, M|100/100
|turn|5
|c| Usurper17|RAAAAAAAA POKEMON
|c|☆joekarsw|hi ehhehehehehar
|inactive|Seetrell has 30 seconds left.
|inactive|Seetrell has 20 seconds left.
|inactive|Seetrell has 15 seconds left.
|
|t:|1785089623
|move|p2b: Gardevoir|Hyper Voice|p1b: Goodra|[spread] p1a,p1b
|-damage|p1a: Milotic|46/100
|-damage|p1b: Goodra|7/100
|move|p2a: Kingambit|Swords Dance|p2a: Kingambit
|-boost|p2a: Kingambit|atk|2
|move|p1a: Milotic|Draining Kiss|p2a: Kingambit
|-crit|p2a: Kingambit
|-damage|p2a: Kingambit|75/100
|-heal|p1a: Milotic|64/100|[from] drain|[of] p2a: Kingambit
|move|p1b: Goodra|Ice Beam|p2a: Kingambit
|-resisted|p2a: Kingambit|1
|-damage|p2a: Kingambit|68/100
|
|-heal|p1a: Milotic|70/100|[from] item: Leftovers
|-end|p1b: Goodra|move: Taunt
|-sideend|p2: joekarsw|move: Tailwind
|upkeep
|turn|6
|
|t:|1785089647
|move|p2b: Gardevoir|Hyper Voice|p1a: Milotic|[spread] p1a,p1b
|-damage|p1a: Milotic|18/100
|-damage|p1b: Goodra|0 fnt
|faint|p1b: Goodra
|move|p1a: Milotic|Aqua Tail|p2a: Kingambit
|-damage|p2a: Kingambit|52/100
|move|p2a: Kingambit|Iron Head|p1a: Milotic
|-resisted|p1a: Milotic|1
|-damage|p1a: Milotic|0 fnt
|faint|p1a: Milotic
|
|win|joekarsw
||joekarsw is ready for game 2.
|inactive|Seetrell has 30 seconds to confirm battle start!
||Seetrell is ready for game 2.
|uhtml|next|Next: Game 2 of 3
