|j|☆Emiru<3
|j|☆Quill86
|html|Emiru<3Quill86    
|uhtml|bestof|Game 1 of a best-of-3
|t:|1757822616
|gametype|doubles
|player|p1|Emiru<3|rosa|1021
|player|p2|Quill86|lucas|1163
|gen|9
|tier|[Gen 9] VGC 2025 Reg H (Bo3)
|rated|
|rule|Species Clause: Limit one of each Pokémon
|rule|Item Clause: Limit 1 of each item
|clearpoke
|poke|p1|Tinkaton, L50, F|
|poke|p1|Mienshao, L50, F|
|poke|p1|Hawlucha, L50, M|
|poke|p1|Whimsicott, L50, M|
|poke|p1|Ursaluna-Bloodmoon, L50, M|
|poke|p1|Farigiraf, L50, F|
|poke|p2|Incineroar, L50, F|
|poke|p2|Gholdengo, L50|
|poke|p2|Ursaluna-Bloodmoon, L50, M|
|poke|p2|Indeedee-F, L50, F|
|poke|p2|Gallade, L50, M|
|poke|p2|Torkoal, L50, F|
|teampreview|4
|showteam|p1|Tinkaton||AssaultVest|MoldBreaker|FakeOut,KnockOff,PlayRough,GigatonHammer|||F|||50|,,,,,Steel]Mienshao||FocusSash|InnerFocus|FakeOut,CloseCombat,Coaching,WideGuard|||F|||50|,,,,,Fighting]Hawlucha||GrassySeed|Unburden|SwordsDance,CloseCombat,Acrobatics,Detect|||M|||50|,,,,,Flying]Whimsicott||CovertCloak|Prankster|Moonblast,Tailwind,FakeTears,Encore|||M|||50|,,,,,Dark]Ursaluna-Bloodmoon||LifeOrb|MindsEye|EarthPower,HyperVoice,BloodMoon,Protect|||M|||50|,,,,,Normal]Farigiraf||ThroatSpray|ArmorTail|HyperVoice,Psychic,Protect,TrickRoom|||F|||50|,,,,,Fairy
|showteam|p2|Incineroar||SafetyGoggles|Intimidate|FakeOut,FlareBlitz,KnockOff,PartingShot|||F|||50|,,,,,Ghost]Gholdengo||SitrusBerry|GoodasGold|MakeItRain,ShadowBall,NastyPlot,Protect||||||50|,,,,,Water]Ursaluna-Bloodmoon||LifeOrb|MindsEye|BloodMoon,HyperVoice,EarthPower,Protect|||M|||50|,,,,,Normal]Indeedee-F||PsychicSeed|PsychicSurge|FollowMe,TrickRoom,HelpingHand,DazzlingGleam|||F|||50|,,,,,Fairy]Gallade||ClearAmulet|Sharpness|SacredSword,PsychoCut,WideGuard,TrickRoom|||M|||50|,,,,,Grass]Torkoal||Leftovers|Drought|Eruption,WeatherBall,Yawn,Protect|||F|||50|,,,,,Fire
|inactive|Battle timer is ON: inactive players will automatically lose when time's up. (requested by Emiru<3)
|inactive|Emiru<3 has 60 seconds left.
|
|t:|1757822662
|teamsize|p1|4
|teamsize|p2|4
|start
|switch|p1a: Tinkaton|Tinkaton, L50, F|100/100
|switch|p1b: Mienshao|Mienshao, L50, F|100/100
|switch|p2a: Indeedee|Indeedee-F, L50, F|100/100
|switch|p2b: Gallade|Gallade, L50, M|100/100
|-ability|p1a: Tinkaton|Mold Breaker
|-fieldstart|move: Psychic Terrain|[from] ability: Psychic Surge|[of] p2a: Indeedee
|-enditem|p2a: Indeedee|Psychic Seed
|-boost|p2a: Indeedee|spd|1|[from] item: Psychic Seed
|turn|1
|inactive|Emiru<3 has 30 seconds left.
|inactive|Emiru<3 has 20 seconds left.
|inactive|Emiru<3 has 15 seconds left.
|
|t:|1757822706
|move|p1b: Mienshao|Close Combat|p2b: Gallade
|-resisted|p2b: Gallade
|-damage|p2b: Gallade|60/100
|-unboost|p1b: Mienshao|def|1
|-unboost|p1b: Mienshao|spd|1
|move|p1a: Tinkaton|Knock Off|p2b: Gallade
|-damage|p2b: Gallade|27/100
|-enditem|p2b: Gallade|Clear Amulet|[from] move: Knock Off|[of] p1a: Tinkaton
|move|p2b: Gallade|Psycho Cut|p1b: Mienshao
|-supereffective|p1b: Mienshao
|-crit|p1b: Mienshao
|-enditem|p1b: Mienshao|Focus Sash
|-damage|p1b: Mienshao|1/100
|move|p2a: Indeedee|Trick Room|p2a: Indeedee
|-fieldstart|move: Trick Room|[of] p2a: Indeedee
|
|upkeep
|turn|2
|inactive|Emiru<3 has 30 seconds left.
|
|t:|1757822740
|switch|p1b: Farigiraf|Farigiraf, L50, F|100/100
|move|p2b: Gallade|Sacred Sword|p1a: Tinkaton
|-damage|p1a: Tinkaton|22/100
|move|p2a: Indeedee|Dazzling Gleam|p1b: Farigiraf|[spread] p1a,p1b
|-resisted|p1a: Tinkaton
|-damage|p1a: Tinkaton|18/100
|-damage|p1b: Farigiraf|88/100
|move|p1a: Tinkaton|Gigaton Hammer|p2b: Gallade
|-damage|p2b: Gallade|0 fnt
|faint|p2b: Gallade
|
|upkeep
|
|t:|1757822748
|switch|p2b: Torkoal|Torkoal, L50, F|100/100
|-weather|SunnyDay|[from] ability: Drought|[of] p2b: Torkoal
|turn|3
|
|t:|1757822773
|switch|p1a: Mienshao|Mienshao, L50, F|1/100
|-terastallize|p2b: Torkoal|Fire
|move|p2a: Indeedee|Helping Hand|p2b: Torkoal
|-singleturn|p2b: Torkoal|Helping Hand|[of] p2a: Indeedee
|move|p1b: Farigiraf|Protect|p1b: Farigiraf
|-singleturn|p1b: Farigiraf|Protect
|move|p2b: Torkoal|Eruption|p1a: Mienshao|[spread] p1a
|-activate|p1b: Farigiraf|move: Protect
|-damage|p1a: Mienshao|0 fnt
|faint|p1a: Mienshao
|
|-weather|SunnyDay|[upkeep]
|upkeep
|
|t:|1757822786
|switch|p1a: Ursaluna|Ursaluna-Bloodmoon, L50, M|100/100
|turn|4
|
|t:|1757822803
|move|p2a: Indeedee|Helping Hand|p2b: Torkoal
|-singleturn|p2b: Torkoal|Helping Hand|[of] p2a: Indeedee
|move|p1a: Ursaluna|Protect|p1a: Ursaluna
|-singleturn|p1a: Ursaluna|Protect
|move|p2b: Torkoal|Eruption|p1a: Ursaluna|[spread] p1b
|-activate|p1a: Ursaluna|move: Protect
|-crit|p1b: Farigiraf
|-damage|p1b: Farigiraf|0 fnt
|faint|p1b: Farigiraf
|
|-weather|SunnyDay|[upkeep]
|upkeep
|
|t:|1757822815
|switch|p1b: Tinkaton|Tinkaton, L50, F|18/100
|-ability|p1b: Tinkaton|Mold Breaker
|turn|5
|
|t:|1757822835
|-terastallize|p1a: Ursaluna|Normal
|move|p2a: Indeedee|Helping Hand|p2b: Torkoal
|-singleturn|p2b: Torkoal|Helping Hand|[of] p2a: Indeedee
|move|p2b: Torkoal|Eruption|p1b: Tinkaton|[spread] p1a,p1b
|-supereffective|p1b: Tinkaton
|-damage|p1a: Ursaluna|0 fnt
|-damage|p1b: Tinkaton|0 fnt
|faint|p1a: Ursaluna
|faint|p1b: Tinkaton
|
|win|Quill86
||Emiru<3 is ready for game 2.
|inactive|Quill86 has 30 seconds to confirm battle start!
||Quill86 is ready for game 2.
|uhtml|next|Next: Game 2 of 3
|l|☆Emiru<3
|player|p1|
|l|☆Quill86
|player|p2|
