|j|☆Keeper08
|j|☆nuovosangue
|html|Keeper08nuovosangue    
|uhtml|bestof|Game 1 of a best-of-3
|t:|1757856660
|gametype|doubles
|player|p1|Keeper08|lance|1098
|player|p2|nuovosangue|grimsley|1119
|gen|9
|tier|[Gen 9] VGC 2025 Reg H (Bo3)
|rated|
|rule|Species Clause: Limit one of each Pokémon
|rule|Item Clause: Limit 1 of each item
|clearpoke
|poke|p1|Dusclops, L50, M|
|poke|p1|Hydreigon, L50, F|
|poke|p1|Rillaboom, L50, F|
|poke|p1|Volcarona, L50, M|
|poke|p1|Klefki, L50, M|
|poke|p1|Archaludon, L50, F|
|poke|p2|Ursaluna, L50, F|
|poke|p2|Porygon2, L50|
|poke|p2|Dragonite, L50, F|
|poke|p2|Annihilape, L50, M|
|poke|p2|Incineroar, L50, M|
|poke|p2|Amoonguss, L50, F|
|teampreview|4
|showteam|p1|Dusclops||Eviolite|Pressure|NightShade,Protect,IcyWind,WillOWisp|||M|||50|,,,,,Normal]Hydreigon||CovertCloak|Levitate|DracoMeteor,Snarl,Tailwind,DarkPulse|||F|||50|,,,,,Poison]Rillaboom||AssaultVest|GrassySurge|FakeOut,WoodHammer,GrassyGlide,HighHorsepower|||F|||50|,,,,,Ground]Volcarona||SitrusBerry|FlameBody|HeatWave,BugBuzz,QuiverDance,Protect|||M|||50|,,,,,Water]Klefki||Leftovers|Prankster|Reflect,LightScreen,DazzlingGleam,ThunderWave|||M|||50|,,,,,Water]Archaludon||ChoiceSpecs|Stamina|DracoMeteor,FlashCannon,ElectroShot,BodyPress|||F|||50|,,,,,Fairy
|showteam|p2|Ursaluna||FlameOrb|Guts|Earthquake,Facade,HeadlongRush,Protect|||F|||50|,,,,,Ghost]Porygon2||Eviolite|Download|TeraBlast,IceBeam,TrickRoom,Recover||||||50|,,,,,Flying]Dragonite||LoadedDice|Multiscale|ScaleShot,Haze,ExtremeSpeed,Protect|||F|||50|,,,,,Fairy]Annihilape||SafetyGoggles|Defiant|FinalGambit,CloseCombat,RageFist,Coaching|||M|||50|,,,,,Fire]Incineroar||AssaultVest|Intimidate|Uturn,FakeOut,FlareBlitz,KnockOff|||M|||50|,,,,,Ghost]Amoonguss||CovertCloak|Regenerator|Spore,PollenPuff,RagePowder,SludgeBomb|||F|||50|,,,,,Water
|inactive|Battle timer is ON: inactive players will automatically lose when time's up. (requested by Keeper08)
|inactive|Keeper08 has 60 seconds left.
|
|t:|1757856698
|teamsize|p1|4
|teamsize|p2|4
|start
|switch|p1a: Klefki|Klefki, L50, M|100/100
|switch|p1b: Rillaboom|Rillaboom, L50, F, shiny|100/100
|switch|p2a: Dragonite|Dragonite, L50, F|100/100
|switch|p2b: Annihilape|Annihilape, L50, M|100/100
|-fieldstart|move: Grassy Terrain|[from] ability: Grassy Surge|[of] p1b: Rillaboom
|turn|1
|
|t:|1757856718
|-terastallize|p2a: Dragonite|Fairy
|move|p1b: Rillaboom|Fake Out|p2a: Dragonite
|-damage|p2a: Dragonite|94/100
|move|p1a: Klefki|Reflect|p1a: Klefki
|-sidestart|p1: Keeper08|Reflect
|move|p2b: Annihilape|Coaching|p2a: Dragonite
|-boost|p2a: Dragonite|atk|1
|-boost|p2a: Dragonite|def|1
|cant|p2a: Dragonite|flinch
|
|-heal|p2a: Dragonite|100/100|[from] Grassy Terrain
|upkeep
|turn|2
|
|t:|1757856740
|move|p1a: Klefki|Thunder Wave|p2a: Dragonite|[miss]
|-miss|p1a: Klefki|p2a: Dragonite
|move|p2b: Annihilape|Coaching|p2a: Dragonite
|-boost|p2a: Dragonite|atk|1
|-boost|p2a: Dragonite|def|1
|move|p1b: Rillaboom|Wood Hammer|p2b: Annihilape
|-damage|p2b: Annihilape|20/100
|-damage|p1b: Rillaboom|69/100|[from] Recoil
|move|p2a: Dragonite|Scale Shot|p1b: Rillaboom
|-damage|p1b: Rillaboom|54/100
|-damage|p1b: Rillaboom|37/100
|-damage|p1b: Rillaboom|19/100
|-damage|p1b: Rillaboom|2/100
|-hitcount|p1b: Rillaboom|4
|-unboost|p2a: Dragonite|def|1
|-boost|p2a: Dragonite|spe|1
|
|-heal|p2b: Annihilape|26/100|[from] Grassy Terrain
|-heal|p1b: Rillaboom|8/100|[from] Grassy Terrain
|upkeep
|turn|3
|
|t:|1757856760
|move|p2a: Dragonite|Extreme Speed|p1b: Rillaboom
|-damage|p1b: Rillaboom|0 fnt
|faint|p1b: Rillaboom
|move|p1a: Klefki|Thunder Wave|p2a: Dragonite
|-status|p2a: Dragonite|par
|move|p2b: Annihilape|Rage Fist|p1a: Klefki
|-crit|p1a: Klefki
|-damage|p1a: Klefki|38/100
|
|-heal|p2b: Annihilape|32/100|[from] Grassy Terrain
|-heal|p1a: Klefki|44/100|[from] Grassy Terrain
|-heal|p1a: Klefki|50/100|[from] item: Leftovers
|upkeep
|
|t:|1757856774
|switch|p1b: Volcarona|Volcarona, L50, M, shiny|100/100
|turn|4
|
|t:|1757856782
|move|p2b: Annihilape|Coaching|p2a: Dragonite
|-boost|p2a: Dragonite|atk|1
|-boost|p2a: Dragonite|def|1
|move|p1b: Volcarona|Quiver Dance|p1b: Volcarona
|-boost|p1b: Volcarona|spa|1
|-boost|p1b: Volcarona|spd|1
|-boost|p1b: Volcarona|spe|1
|move|p1a: Klefki|Dazzling Gleam|p2a: Dragonite|[spread] p2a,p2b
|-supereffective|p2b: Annihilape
|-damage|p2a: Dragonite|93/100 par
|-damage|p2b: Annihilape|0 fnt
|faint|p2b: Annihilape
|move|p2a: Dragonite|Scale Shot|p1b: Volcarona
|-damage|p1b: Volcarona|71/100
|-damage|p1b: Volcarona|44/100
|-enditem|p1b: Volcarona|Sitrus Berry|[eat]
|-heal|p1b: Volcarona|69/100|[from] item: Sitrus Berry
|-damage|p1b: Volcarona|41/100
|-damage|p1b: Volcarona|12/100
|-hitcount|p1b: Volcarona|4
|-unboost|p2a: Dragonite|def|1
|-boost|p2a: Dragonite|spe|1
|
|-heal|p1b: Volcarona|17/100|[from] Grassy Terrain
|-heal|p2a: Dragonite|99/100 par|[from] Grassy Terrain
|-heal|p1a: Klefki|56/100|[from] Grassy Terrain
|-heal|p1a: Klefki|61/100|[from] item: Leftovers
|upkeep
|
|t:|1757856793
|switch|p2b: Porygon2|Porygon2, L50|100/100
|-ability|p2b: Porygon2|Download|boost
|-boost|p2b: Porygon2|atk|1
|turn|5
|
|t:|1757856799
|move|p2a: Dragonite|Extreme Speed|p1b: Volcarona
|-crit|p1b: Volcarona
|-damage|p1b: Volcarona|0 fnt
|faint|p1b: Volcarona
|move|p1a: Klefki|Light Screen|p1a: Klefki
|-sidestart|p1: Keeper08|move: Light Screen
|move|p2b: Porygon2|Trick Room|p2b: Porygon2
|-fieldstart|move: Trick Room|[of] p2b: Porygon2
|
|-heal|p1a: Klefki|67/100|[from] Grassy Terrain
|-heal|p1a: Klefki|73/100|[from] item: Leftovers
|-heal|p2a: Dragonite|100/100 par|[from] Grassy Terrain
|-sideend|p1: Keeper08|Reflect
|-fieldend|move: Grassy Terrain
|upkeep
|
|t:|1757856802
|switch|p1b: Dusclops|Dusclops, L50, M, shiny|100/100
|-ability|p1b: Dusclops|Pressure
|turn|6
|
|t:|1757856815
|switch|p2b: Ursaluna|Ursaluna, L50, F|100/100
|move|p1a: Klefki|Reflect|p1a: Klefki
|-sidestart|p1: Keeper08|Reflect
|move|p1b: Dusclops|Night Shade|p2a: Dragonite
|-damage|p2a: Dragonite|75/100 par
|move|p2a: Dragonite|Scale Shot|p1b: Dusclops
|-damage|p1b: Dusclops|88/100
|-damage|p1b: Dusclops|74/100
|-damage|p1b: Dusclops|61/100
|-damage|p1b: Dusclops|49/100
|-hitcount|p1b: Dusclops|4
|-unboost|p2a: Dragonite|def|1
|-boost|p2a: Dragonite|spe|1
|
|-heal|p1a: Klefki|79/100|[from] item: Leftovers
|-status|p2b: Ursaluna|brn|[from] item: Flame Orb
|upkeep
|turn|7
|-message|Keeper08 forfeited.
|
|win|nuovosangue
|l|☆Keeper08
|player|p1|
||Keeper08 is ready for game 2.
||nuovosangue is ready for game 2.
|uhtml|next|Next: Game 2 of 3
