|j|☆spellbreakvgc
|j|☆stittur##-
|html|spellbreakvgcstittur##-    
|uhtml|bestof|Game 3 of a best-of-3
|t:|1756910975
|gametype|doubles
|player|p1|spellbreakvgc|lance|1167
|player|p2|stittur##-|266|1062
|gen|9
|tier|[Gen 9] VGC 2025 Reg H (Bo3)
|rated|
|rule|Species Clause: Limit one of each Pokémon
|rule|Item Clause: Limit 1 of each item
|clearpoke
|poke|p1|Archaludon, L50, M|
|poke|p1|Pelipper, L50, M|
|poke|p1|Basculegion, L50, M|
|poke|p1|Sinistcha, L50|
|poke|p1|Electrode-Hisui, L50|
|poke|p1|Spiritomb, L50, M|
|poke|p2|Archaludon, L50, M|
|poke|p2|Amoonguss, L50, F|
|poke|p2|Gholdengo, L50|
|poke|p2|Illumise, L50, F|
|poke|p2|Farigiraf, L50, M|
|poke|p2|Hydreigon, L50, F|
|teampreview|4
|showteam|p1|Archaludon||AssaultVest|Stamina|DragonPulse,Snarl,ElectroShot,BodyPress|||M|||50|,,,,,Bug]Pelipper||FocusSash|Drizzle|WeatherBall,Hurricane,Tailwind,Protect|||M|||50|,,,,,Stellar]Basculegion||LifeOrb|SwiftSwim|WaveCrash,LastRespects,AquaJet,Protect|||M|||50|,,,,,Grass]Sinistcha||SitrusBerry|Hospitality|MatchaGotcha,StrengthSap,RagePowder,TrickRoom||||||50|,,,,,Fire]Electrode-Hisui||LoadedDice|Soundproof|BulletSeed,Electroweb,Taunt,ThunderWave||||||50|,,,,,Ghost]Spiritomb||BlackGlasses|Pressure|DarkPulse,Snarl,TrickRoom,Imprison|||M|||50|,,,,,Water
|showteam|p2|Archaludon||PowerHerb|Sturdy|ElectroShot,TeraBlast,DragonPulse,Protect|||M|||50|,,,,,Flying]Amoonguss||Leftovers|Regenerator|RagePowder,ClearSmog,Protect,Spore|||F|||50|,,,,,Water]Gholdengo||LifeOrb|GoodasGold|Protect,TeraBlast,NastyPlot,MakeItRain||||||50|,,,,,Water]Illumise||FocusSash|Prankster|Encore,Tailwind,RainDance,Protect|||F|||50|,,,,,Ghost]Farigiraf||SitrusBerry|ArmorTail|TrickRoom,Protect,HelpingHand,AllySwitch|||M|||50|,,,,,Normal]Hydreigon||ChoiceSpecs|Levitate|DarkPulse,EarthPower,DracoMeteor,HeatWave|||F|||50|,,,,,Fire
|inactive|Battle timer is ON: inactive players will automatically lose when time's up. (requested by spellbreakvgc)
|inactive|stittur##- has 60 seconds left.
|
|t:|1756911026
|teamsize|p1|4
|teamsize|p2|4
|start
|switch|p1a: Archaludon|Archaludon, L50, M|100/100
|switch|p1b: Electrode|Electrode-Hisui, L50|100/100
|switch|p2a: Archaludon|Archaludon, L50, M|100/100
|switch|p2b: Amoonguss|Amoonguss, L50, F|100/100
|turn|1
|
|t:|1756911049
|-terastallize|p2a: Archaludon|Flying
|move|p2b: Amoonguss|Protect|p2b: Amoonguss
|-singleturn|p2b: Amoonguss|Protect
|move|p1b: Electrode|Bullet Seed|p1a: Archaludon
|-resisted|p1a: Archaludon
|-damage|p1a: Archaludon|99/100
|-ability|p1a: Archaludon|Stamina|boost
|-boost|p1a: Archaludon|def|1
|-resisted|p1a: Archaludon
|-damage|p1a: Archaludon|99/100
|-ability|p1a: Archaludon|Stamina|boost
|-boost|p1a: Archaludon|def|1
|-resisted|p1a: Archaludon
|-damage|p1a: Archaludon|98/100
|-ability|p1a: Archaludon|Stamina|boost
|-boost|p1a: Archaludon|def|1
|-resisted|p1a: Archaludon
|-damage|p1a: Archaludon|98/100
|-ability|p1a: Archaludon|Stamina|boost
|-boost|p1a: Archaludon|def|1
|-hitcount|p1a: Archaludon|4
|move|p2a: Archaludon|Tera Blast|p1b: Electrode|[anim] Tera Blast Flying
|-damage|p1b: Electrode|50/100
|move|p1a: Archaludon|Body Press|p2a: Archaludon
|-resisted|p2a: Archaludon
|-crit|p2a: Archaludon
|-damage|p2a: Archaludon|52/100
|
|upkeep
|turn|2
|inactive|spellbreakvgc has 30 seconds left.
|inactive|stittur##- has 30 seconds left.
|inactive|spellbreakvgc has 20 seconds left.
|inactive|stittur##- has 20 seconds left.
|inactive|spellbreakvgc has 15 seconds left.
|inactive|spellbreakvgc has 10 seconds left.
|
|t:|1756911095
|switch|p1b: Pelipper|Pelipper, L50, M|100/100
|-weather|RainDance|[from] ability: Drizzle|[of] p1b: Pelipper
|switch|p2b: Gholdengo|Gholdengo, L50|100/100
|move|p2a: Archaludon|Tera Blast|p1b: Pelipper|[anim] Tera Blast Flying
|-damage|p1b: Pelipper|30/100
|move|p1a: Archaludon|Electro Shot||[still]
|-prepare|p1a: Archaludon|Electro Shot
|-boost|p1a: Archaludon|spa|1
|-anim|p1a: Archaludon|Electro Shot|p2a: Archaludon
|-supereffective|p2a: Archaludon
|-damage|p2a: Archaludon|0 fnt
|faint|p2a: Archaludon
|
|-weather|RainDance|[upkeep]
|upkeep
|
|t:|1756911113
|switch|p2a: Amoonguss|Amoonguss, L50, F|100/100
|turn|3
|l|☆stittur##-
|inactive|stittur##- disconnected and has a minute to reconnect!
|player|p2|
|j|☆stittur##-
|inactive|stittur##- reconnected and has 35 seconds left.
|player|p2|stittur##-|266|
|inactive|spellbreakvgc has 30 seconds left.
|inactive|stittur##- has 30 seconds left.
|inactive|stittur##- has 20 seconds left.
|inactive|stittur##- has 15 seconds left.
|
|t:|1756911156
|move|p2b: Gholdengo|Protect|p2b: Gholdengo
|-singleturn|p2b: Gholdengo|Protect
|move|p2a: Amoonguss|Protect|p2a: Amoonguss
|-singleturn|p2a: Amoonguss|Protect
|move|p1b: Pelipper|Hurricane|p2a: Amoonguss
|-activate|p2a: Amoonguss|move: Protect
|move|p1a: Archaludon|Electro Shot||[still]
|-prepare|p1a: Archaludon|Electro Shot
|-boost|p1a: Archaludon|spa|1
|-anim|p1a: Archaludon|Electro Shot|p2b: Gholdengo
|-activate|p2b: Gholdengo|move: Protect
|
|-weather|RainDance|[upkeep]
|upkeep
|turn|4
|inactive|spellbreakvgc has 30 seconds left.
|
|t:|1756911181
|switch|p2b: Hydreigon|Hydreigon, L50, F|100/100
|move|p1b: Pelipper|Hurricane|p2a: Amoonguss
|-supereffective|p2a: Amoonguss
|-damage|p2a: Amoonguss|32/100
|move|p1a: Archaludon|Electro Shot||[still]
|-prepare|p1a: Archaludon|Electro Shot
|-boost|p1a: Archaludon|spa|1
|-anim|p1a: Archaludon|Electro Shot|p2a: Amoonguss
|-resisted|p2a: Amoonguss
|-damage|p2a: Amoonguss|0 fnt
|faint|p2a: Amoonguss
|
|-weather|RainDance|[upkeep]
|upkeep
|
|t:|1756911194
|switch|p2a: Gholdengo|Gholdengo, L50|100/100
|turn|5
|inactive|spellbreakvgc has 30 seconds left.
|
|t:|1756911219
|switch|p1b: Electrode|Electrode-Hisui, L50|50/100
|-terastallize|p1a: Archaludon|Bug
|move|p2b: Hydreigon|Earth Power|p1a: Archaludon
|-resisted|p1a: Archaludon
|-damage|p1a: Archaludon|83/100
|-unboost|p1a: Archaludon|spd|1
|-ability|p1a: Archaludon|Stamina|boost
|-boost|p1a: Archaludon|def|1
|move|p2a: Gholdengo|Make It Rain|p1b: Electrode|[spread] p1a,p1b
|-resisted|p1b: Electrode
|-damage|p1a: Archaludon|19/100
|-damage|p1b: Electrode|12/100
|-unboost|p2a: Gholdengo|spa|1
|-ability|p1a: Archaludon|Stamina|boost
|-boost|p1a: Archaludon|def|1
|-damage|p2a: Gholdengo|91/100|[from] item: Life Orb
|move|p1a: Archaludon|Electro Shot||[still]
|-prepare|p1a: Archaludon|Electro Shot
|-boost|p1a: Archaludon|spa|1
|-anim|p1a: Archaludon|Electro Shot|p2a: Gholdengo
|-damage|p2a: Gholdengo|0 fnt
|faint|p2a: Gholdengo
|
|-weather|RainDance|[upkeep]
|upkeep
|turn|6
|inactive|spellbreakvgc has 30 seconds left.
|inactive|stittur##- has 30 seconds left.
|c|☆stittur##-|Gg
|-message|stittur##- forfeited.
|
|win|spellbreakvgc
