|j|☆ConnerTEP
|j|☆rodjilius
|html|ConnerTEProdjilius    
|uhtml|bestof|Game 1 of a best-of-3
|t:|1757823219
|gametype|doubles
|player|p1|ConnerTEP|clair-masters|1358
|player|p2|rodjilius|unknown|1263
|gen|9
|tier|[Gen 9] VGC 2025 Reg H (Bo3)
|rated|
|rule|Species Clause: Limit one of each Pokémon
|rule|Item Clause: Limit 1 of each item
|clearpoke
|poke|p1|Weezing-Galar, L50, M|
|poke|p1|Incineroar, L50, M|
|poke|p1|Dondozo, L50, M|
|poke|p1|Tatsugiri, L50, M|
|poke|p1|Garchomp, L50, M|
|poke|p1|Kilowattrel, L50, F|
|poke|p2|Dragapult, L50, F|
|poke|p2|Sneasler, L50, M|
|poke|p2|Indeedee, L50, M|
|poke|p2|Incineroar, L50, M|
|poke|p2|Typhlosion-Hisui, L50, F|
|poke|p2|Whimsicott, L50, F|
|teampreview|4
|showteam|p1|Weezing-Galar||SitrusBerry|NeutralizingGas|StrangeSteam,SludgeBomb,WillOWisp,Protect|||M|||50|,,,,,Flying]Incineroar||AbilityShield|Intimidate|KnockOff,Taunt,PartingShot,FakeOut|||M|||50|,,,,,Grass]Dondozo||Leftovers|Unaware|OrderUp,WaveCrash,Earthquake,Protect|||M|||50|,,,,,Steel]Tatsugiri||ChoiceScarf|Commander|DracoMeteor,MuddyWater,IcyWind,TeraBlast|||M|||50|,,,,,Fairy]Garchomp||LifeOrb|RoughSkin|Earthquake,StompingTantrum,DragonClaw,Protect|||M|||50|,,,,,Steel]Kilowattrel||FocusSash|Competitive|Thunderbolt,AirSlash,Tailwind,Protect|||F|||50|,,,,,Ghost
|showteam|p2|Dragapult||ChoiceBand|ClearBody|DragonDarts,PhantomForce,Uturn,Outrage|||F|||50|,,,,,Dragon]Sneasler||PsychicSeed|Unburden|DireClaw,CloseCombat,Protect,ThroatChop|||M|||50|,,,,,Dark]Indeedee||FocusSash|PsychicSurge|ExpandingForce,Imprison,TeraBlast,TrickRoom|||M|||50|,,,,,Ground]Incineroar||SafetyGoggles|Intimidate|FakeOut,FlareBlitz,KnockOff,PartingShot|||M|||50|,,,,,Bug]Typhlosion-Hisui||ChoiceSpecs|Blaze|Eruption,HeatWave,ShadowBall,Overheat|||F|||50|,,,,,Fire]Whimsicott||CovertCloak|Prankster|Moonblast,Protect,Tailwind,SunnyDay|||F|||50|,,,,,Steel
|inactive|Battle timer is ON: inactive players will automatically lose when time's up. (requested by ConnerTEP)
|inactive|rodjilius also wants the timer to be on.
|
|t:|1757823244
|teamsize|p1|4
|teamsize|p2|4
|start
|switch|p1a: Garchomp|Garchomp, L50, M|100/100
|switch|p1b: Kilowattrel|Kilowattrel, L50, F|100/100
|switch|p2a: Typhlosion|Typhlosion-Hisui, L50, F|100/100
|switch|p2b: Whimsicott|Whimsicott, L50, F|100/100
|turn|1
|
|t:|1757823257
|switch|p2a: Indeedee|Indeedee, L50, M|100/100
|-fieldstart|move: Psychic Terrain|[from] ability: Psychic Surge|[of] p2a: Indeedee
|move|p1b: Kilowattrel|Tailwind|p1b: Kilowattrel
|-sidestart|p1: ConnerTEP|move: Tailwind
|move|p1a: Garchomp|Earthquake|p2a: Indeedee|[spread] p2a,p2b
|-immune|p1b: Kilowattrel
|-crit|p2a: Indeedee
|-resisted|p2b: Whimsicott
|-enditem|p2a: Indeedee|Focus Sash
|-damage|p2a: Indeedee|1/100
|-damage|p2b: Whimsicott|70/100
|-damage|p1a: Garchomp|91/100|[from] item: Life Orb
|move|p2b: Whimsicott|Moonblast|p1a: Garchomp
|-supereffective|p1a: Garchomp
|-damage|p1a: Garchomp|19/100
|
|upkeep
|turn|2
|
|t:|1757823278
|move|p2b: Whimsicott|Protect|p2b: Whimsicott
|-singleturn|p2b: Whimsicott|Protect
|move|p1b: Kilowattrel|Air Slash|p2b: Whimsicott
|-activate|p2b: Whimsicott|move: Protect
|move|p1a: Garchomp|Earthquake|p2a: Indeedee|[spread] p2a
|-activate|p2b: Whimsicott|move: Protect
|-immune|p1b: Kilowattrel
|-damage|p2a: Indeedee|0 fnt
|faint|p2a: Indeedee
|-damage|p1a: Garchomp|9/100|[from] item: Life Orb
|
|upkeep
|
|t:|1757823284
|switch|p2a: Sneasler|Sneasler, L50, M|100/100
|-enditem|p2a: Sneasler|Psychic Seed
|-boost|p2a: Sneasler|spd|1|[from] item: Psychic Seed
|turn|3
|
|t:|1757823309
|-terastallize|p2a: Sneasler|Dark
|move|p1b: Kilowattrel|Air Slash|p2b: Whimsicott
|-supereffective|p2b: Whimsicott
|-damage|p2b: Whimsicott|0 fnt
|faint|p2b: Whimsicott
|move|p2a: Sneasler|Throat Chop|p1a: Garchomp
|-damage|p1a: Garchomp|0 fnt
|-damage|p2a: Sneasler|88/100|[from] ability: Rough Skin|[of] p1a: Garchomp
|faint|p1a: Garchomp
|
|upkeep
|
|t:|1757823319
|switch|p2b: Typhlosion|Typhlosion-Hisui, L50, F|100/100
|switch|p1a: Dondozo|Dondozo, L50, M|100/100
|turn|4
|
|t:|1757823330
|switch|p1b: Tatsugiri|Tatsugiri, L50, M|100/100
|-activate|p1b: Tatsugiri|ability: Commander|[of] p1a: Dondozo
|-boost|p1a: Dondozo|atk|2
|-boost|p1a: Dondozo|spa|2
|-boost|p1a: Dondozo|spe|2
|-boost|p1a: Dondozo|def|2
|-boost|p1a: Dondozo|spd|2
|move|p2a: Sneasler|Dire Claw|p1a: Dondozo
|-damage|p1a: Dondozo|86/100
|-status|p1a: Dondozo|slp
|cant|p1a: Dondozo|slp
|move|p2b: Typhlosion|Heat Wave|p1a: Dondozo|[spread] p1a
|-miss|p2b: Typhlosion|p1b: Tatsugiri
|-resisted|p1a: Dondozo
|-damage|p1a: Dondozo|76/100 slp
|
|-heal|p1a: Dondozo|83/100 slp|[from] item: Leftovers
|-sideend|p1: ConnerTEP|move: Tailwind
|upkeep
|turn|5
|
|t:|1757823349
|move|p2a: Sneasler|Close Combat|p1a: Dondozo
|-damage|p1a: Dondozo|64/100 slp
|-unboost|p2a: Sneasler|def|1
|-unboost|p2a: Sneasler|spd|1
|move|p2b: Typhlosion|Heat Wave|p1a: Dondozo|[spread] p1a
|-miss|p2b: Typhlosion|p1b: Tatsugiri
|-resisted|p1a: Dondozo
|-damage|p1a: Dondozo|54/100 slp
|cant|p1a: Dondozo|slp
|
|-heal|p1a: Dondozo|60/100 slp|[from] item: Leftovers
|-fieldend|move: Psychic Terrain
|upkeep
|turn|6
|
|t:|1757823359
|move|p2a: Sneasler|Close Combat|p1a: Dondozo
|-damage|p1a: Dondozo|40/100 slp
|-unboost|p2a: Sneasler|def|1
|-unboost|p2a: Sneasler|spd|1
|move|p2b: Typhlosion|Heat Wave|p1b: Tatsugiri|[spread] p1a
|-miss|p2b: Typhlosion|p1b: Tatsugiri
|-resisted|p1a: Dondozo
|-damage|p1a: Dondozo|30/100 slp
|-curestatus|p1a: Dondozo|slp|[msg]
|move|p1a: Dondozo|Earthquake|p2b: Typhlosion|[spread] p2a,p2b
|-miss|p1a: Dondozo|p1b: Tatsugiri
|-supereffective|p2b: Typhlosion
|-damage|p2a: Sneasler|27/100
|-damage|p2b: Typhlosion|0 fnt
|faint|p2b: Typhlosion
|
|-heal|p1a: Dondozo|36/100|[from] item: Leftovers
|upkeep
|turn|7
|-message|rodjilius forfeited.
|
|win|ConnerTEP
||rodjilius is ready for game 2.
||ConnerTEP is ready for game 2.
|uhtml|next|Next: Game 2 of 3
|l|☆rodjilius
|player|p2|
|l|☆ConnerTEP
|player|p1|
