|j|☆Skols
|j|☆LittleKid2011
|html|SkolsLittleKid2011    
|uhtml|bestof|Game 1 of a best-of-3
|t:|1757911038
|gametype|doubles
|player|p1|Skols|266|1095
|player|p2|LittleKid2011|170|1206
|gen|9
|tier|[Gen 9] VGC 2025 Reg H (Bo3)
|rated|
|rule|Species Clause: Limit one of each Pokémon
|rule|Item Clause: Limit 1 of each item
|clearpoke
|poke|p1|Tyranitar, L50, M|
|poke|p1|Garchomp, L50, M|
|poke|p1|Gholdengo, L50|
|poke|p1|Porygon2, L50|
|poke|p1|Palafin, L50, M|
|poke|p1|Scovillain, L50, F|
|poke|p2|Amoonguss, L50, M|
|poke|p2|Hatterene, L50, F|
|poke|p2|Torkoal, L50, M|
|poke|p2|Ursaluna-Bloodmoon, L50, M|
|poke|p2|Indeedee-F, L50, F|
|poke|p2|Rillaboom, L50, M|
|teampreview|4
|showteam|p1|Tyranitar||AssaultVest|SandStream|RockSlide,LowKick,KnockOff,TeraBlast|||M|||50|,,,,,Flying]Garchomp||ClearAmulet|SandVeil|StompingTantrum,DragonClaw,Earthquake,Protect|||M|||50|,,,,,Fairy]Gholdengo||LifeOrb|GoodasGold|MakeItRain,ShadowBall,NastyPlot,Protect||||||50|,,,,,Water]Porygon2||Eviolite|Download|TrickRoom,Recover,IceBeam,TeraBlast||||||50|,,,,,Fighting]Palafin||EjectPack|ZerotoHero|WaveCrash,JetPunch,CloseCombat,Protect|||M|||50|,,,,,Grass]Scovillain||ChoiceScarf|Chlorophyll|RagePowder,SpicyExtract,Overheat,Protect|||F|||50|,,,,,Ghost
|showteam|p2|Amoonguss||SitrusBerry|Regenerator|Spore,RagePowder,PollenPuff,ClearSmog|||M|||50|,,,,,Water]Hatterene||LifeOrb|MagicBounce|ExpandingForce,TrickRoom,DazzlingGleam,Protect|||F|||50|,,,,,Fire]Torkoal||Charcoal|Drought|Eruption,Protect,EarthPower,Overheat|||M|||50|,,,,,Fire]Ursaluna-Bloodmoon|||MindsEye|BloodMoon,HyperVoice,EarthPower,FocusBlast|||M|||50|,,,,,Water]Indeedee-F||SafetyGoggles|PsychicSurge|Psychic,HelpingHand,FollowMe,DazzlingGleam|||F|||50|,,,,,Water]Rillaboom||AssaultVest|GrassySurge|FakeOut,GrassyGlide,WoodHammer,HighHorsepower|||M|||50|,,,,,Fire
|inactive|Battle timer is ON: inactive players will automatically lose when time's up. (requested by LittleKid2011)
|inactive|Skols has 60 seconds left.
|inactive|LittleKid2011 has 60 seconds left.
|
|t:|1757911089
|teamsize|p1|4
|teamsize|p2|4
|start
|switch|p1a: Gholdengo|Gholdengo, L50|100/100
|switch|p1b: Porygon2|Porygon2, L50|100/100
|switch|p2a: Indeedee|Indeedee-F, L50, F|100/100
|switch|p2b: Hatterene|Hatterene, L50, F|100/100
|-fieldstart|move: Psychic Terrain|[from] ability: Psychic Surge|[of] p2a: Indeedee
|-ability|p1b: Porygon2|Download|boost
|-boost|p1b: Porygon2|atk|1
|turn|1
|
|t:|1757911109
|-terastallize|p2b: Hatterene|Fire
|move|p2a: Indeedee|Helping Hand|p2b: Hatterene
|-singleturn|p2b: Hatterene|Helping Hand|[of] p2a: Indeedee
|move|p1a: Gholdengo|Nasty Plot|p1a: Gholdengo
|-boost|p1a: Gholdengo|spa|2
|move|p2b: Hatterene|Expanding Force|p1a: Gholdengo|[spread] p1a,p1b
|-resisted|p1a: Gholdengo
|-damage|p1a: Gholdengo|44/100
|-damage|p1b: Porygon2|8/100
|-damage|p2b: Hatterene|90/100|[from] item: Life Orb
|move|p1b: Porygon2|Trick Room|p1b: Porygon2
|-fieldstart|move: Trick Room|[of] p1b: Porygon2
|
|upkeep
|turn|2
|
|t:|1757911134
|move|p2a: Indeedee|Helping Hand|p2b: Hatterene
|-singleturn|p2b: Hatterene|Helping Hand|[of] p2a: Indeedee
|move|p1a: Gholdengo|Protect|p1a: Gholdengo
|-singleturn|p1a: Gholdengo|Protect
|move|p2b: Hatterene|Dazzling Gleam|p1b: Porygon2|[spread] p1b
|-activate|p1a: Gholdengo|move: Protect
|-damage|p1b: Porygon2|0 fnt
|faint|p1b: Porygon2
|-damage|p2b: Hatterene|80/100|[from] item: Life Orb
|
|upkeep
|
|t:|1757911137
|switch|p1b: Tyranitar|Tyranitar, L50, M|100/100
|-weather|Sandstorm|[from] ability: Sand Stream|[of] p1b: Tyranitar
|turn|3
|
|t:|1757911147
|move|p2a: Indeedee|Helping Hand|p2b: Hatterene
|-singleturn|p2b: Hatterene|Helping Hand|[of] p2a: Indeedee
|move|p2b: Hatterene|Dazzling Gleam|p1a: Gholdengo|[spread] p1a,p1b
|-resisted|p1a: Gholdengo
|-supereffective|p1b: Tyranitar
|-damage|p1a: Gholdengo|15/100
|-damage|p1b: Tyranitar|51/100
|-damage|p2b: Hatterene|70/100|[from] item: Life Orb
|move|p1b: Tyranitar|Rock Slide|p2b: Hatterene|[spread] p2a,p2b
|-supereffective|p2b: Hatterene
|-damage|p2a: Indeedee|60/100
|-damage|p2b: Hatterene|0 fnt
|faint|p2b: Hatterene
|move|p1a: Gholdengo|Shadow Ball|p2a: Indeedee
|-immune|p2a: Indeedee
|
|-weather|Sandstorm|[upkeep]
|upkeep
|
|t:|1757911152
|switch|p2b: Ursaluna|Ursaluna-Bloodmoon, L50, M|100/100
|turn|4
|
|t:|1757911169
|move|p2b: Ursaluna|Hyper Voice|p1b: Tyranitar|[spread] p1a,p1b
|-resisted|p1a: Gholdengo
|-resisted|p1b: Tyranitar
|-damage|p1a: Gholdengo|0 fnt
|-damage|p1b: Tyranitar|43/100
|faint|p1a: Gholdengo
|move|p1b: Tyranitar|Low Kick|p2b: Ursaluna
|-supereffective|p2b: Ursaluna
|-crit|p2b: Ursaluna
|-damage|p2b: Ursaluna|17/100
|move|p2a: Indeedee|Dazzling Gleam|p1b: Tyranitar
|-supereffective|p1b: Tyranitar
|-damage|p1b: Tyranitar|29/100
|
|-weather|Sandstorm|[upkeep]
|upkeep
|
|t:|1757911180
|switch|p1a: Garchomp|Garchomp, L50, M|100/100
|turn|5
|
|t:|1757911198
|move|p1a: Garchomp|Protect|p1a: Garchomp
|-singleturn|p1a: Garchomp|Protect
|move|p2b: Ursaluna|Hyper Voice|p1a: Garchomp|[spread] p1b
|-activate|p1a: Garchomp|move: Protect
|-resisted|p1b: Tyranitar
|-damage|p1b: Tyranitar|22/100
|move|p1b: Tyranitar|Rock Slide|p2b: Ursaluna|[spread] p2a,p2b
|-resisted|p2b: Ursaluna
|-damage|p2a: Indeedee|17/100
|-damage|p2b: Ursaluna|6/100
|move|p2a: Indeedee|Dazzling Gleam|p1a: Garchomp|[spread] p1b
|-activate|p1a: Garchomp|move: Protect
|-supereffective|p1b: Tyranitar
|-damage|p1b: Tyranitar|11/100
|
|-weather|Sandstorm|[upkeep]
|-fieldend|move: Trick Room
|-fieldend|move: Psychic Terrain
|upkeep
|turn|6
|inactive|Skols has 30 seconds left.
|inactive|Skols has 20 seconds left.
|inactive|Skols has 15 seconds left.
|
|t:|1757911242
|-terastallize|p1b: Tyranitar|Flying
|move|p1a: Garchomp|Earthquake|p2a: Indeedee|[spread] p2a,p2b
|-immune|p1b: Tyranitar
|-damage|p2a: Indeedee|0 fnt
|-damage|p2b: Ursaluna|0 fnt
|faint|p2a: Indeedee
|faint|p2b: Ursaluna
|move|p1b: Tyranitar|Rock Slide|p2: Indeedee|[notarget]
|-fail|p1b: Tyranitar
|
|-weather|Sandstorm|[upkeep]
|-damage|p1b: Tyranitar|5/100|[from] Sandstorm
|upkeep
|
|t:|1757911246
|switch|p2b: Torkoal|Torkoal, L50, M|100/100
|-weather|SunnyDay|[from] ability: Drought|[of] p2b: Torkoal
|turn|7
|
|t:|1757911260
|move|p2b: Torkoal|Protect|p2b: Torkoal
|-singleturn|p2b: Torkoal|Protect
|move|p1a: Garchomp|Earthquake|p2b: Torkoal|[spread] 
|-activate|p2b: Torkoal|move: Protect
|-immune|p1b: Tyranitar
|move|p1b: Tyranitar|Knock Off|p2b: Torkoal
|-activate|p2b: Torkoal|move: Protect
|
|-weather|SunnyDay|[upkeep]
|upkeep
|turn|8
|
|t:|1757911270
|move|p1a: Garchomp|Earthquake|p2b: Torkoal|[spread] p2b
|-immune|p1b: Tyranitar
|-supereffective|p2b: Torkoal
|-damage|p2b: Torkoal|29/100
|move|p1b: Tyranitar|Knock Off|p2b: Torkoal
|-damage|p2b: Torkoal|0 fnt
|-enditem|p2b: Torkoal|Charcoal|[from] move: Knock Off|[of] p1b: Tyranitar
|faint|p2b: Torkoal
|
|win|Skols
||LittleKid2011 is ready for game 2.
|inactive|Skols has 30 seconds to confirm battle start!
||Skols is ready for game 2.
|uhtml|next|Next: Game 2 of 3
