|j|☆Mateadelvgc
|j|☆root2iris
|html|Mateadelvgcroot2iris    
|uhtml|bestof|Game 3 of a best-of-3
|t:|1757000116
|gametype|doubles
|player|p1|Mateadelvgc|giovanni|
|player|p2|root2iris|unknownf|
|gen|9
|tier|[Gen 9] VGC 2025 Reg H (Bo3)
|rule|Species Clause: Limit one of each Pokémon
|rule|Item Clause: Limit 1 of each item
|clearpoke
|poke|p1|Gholdengo, L50|
|poke|p1|Sneasler, L50, M|
|poke|p1|Rillaboom, L50, F|
|poke|p1|Dragonite, L50, F|
|poke|p1|Ninetales-Alola, L50, M|
|poke|p1|Arcanine-Hisui, L50, M|
|poke|p2|Archaludon, L50, F|
|poke|p2|Pelipper, L50, M|
|poke|p2|Amoonguss, L50, F|
|poke|p2|Incineroar, L50, M|
|poke|p2|Baxcalibur, L50, F|
|poke|p2|Annihilape, L50, M|
|teampreview|4
|showteam|p1|Gholdengo||GrassySeed|GoodasGold|NastyPlot,MakeItRain,ShadowBall,Protect||||||50|,,,,,Water]Sneasler||WhiteHerb|Unburden|CloseCombat,DireClaw,Coaching,Protect|||M|||50|,,,,,Ghost]Rillaboom||AssaultVest|GrassySurge|FakeOut,GrassyGlide,DrumBeating,HighHorsepower|||F|||50|,,,,,Fire]Dragonite||LoadedDice|Multiscale|ScaleShot,StompingTantrum,Tailwind,Protect|||F|||50|,,,,,Ground]Ninetales-Alola||FocusSash|SnowWarning|Blizzard,IcyWind,Encore,AuroraVeil|||M|||50|,,,,,Ghost]Arcanine-Hisui||ClearAmulet|Intimidate|RockSlide,FlareBlitz,ExtremeSpeed,Protect|||M|||50|,,,,,Water
|showteam|p2|Archaludon||AssaultVest|Stamina|DragonPulse,ElectroShot,BodyPress,Thunderbolt|||F|||50|,,,,,Electric]Pelipper||FocusSash|Drizzle|MuddyWater,Hurricane,Tailwind,Protect|||M|||50|,,,,,Ghost]Amoonguss||CovertCloak|Regenerator|PollenPuff,RagePowder,Spore,Protect|||F|||50|,,,,,Fairy]Incineroar||SafetyGoggles|Intimidate|KnockOff,BurningJealousy,PartingShot,FakeOut|||M|||50|,,,,,Ghost]Baxcalibur||LoadedDice|ThermalExchange|IcicleSpear,ScaleShot,HighHorsepower,Protect|||F|||50|,,,,,Ghost]Annihilape||SitrusBerry|Defiant|RageFist,FinalGambit,Coaching,Taunt|||M|||50|,,,,,Water
|inactive|Battle timer is ON: inactive players will automatically lose when time's up. (requested by root2iris)
|inactive|Mateadelvgc has 60 seconds left.
|inactive|Mateadelvgc has 30 seconds left.
|inactive|Mateadelvgc has 20 seconds left.
|
|t:|1757000189
|teamsize|p1|4
|teamsize|p2|4
|start
|switch|p1a: Sneasler|Sneasler, L50, M|100/100
|switch|p1b: Gholdengo|Gholdengo, L50|100/100
|switch|p2a: Roxas|Archaludon, L50, F|100/100
|switch|p2b: RC|Incineroar, L50, M|100/100
|-ability|p2b: RC|Intimidate|boost
|-unboost|p1a: Sneasler|atk|1
|-unboost|p1b: Gholdengo|atk|1
|-enditem|p1a: Sneasler|White Herb
|-clearnegativeboost|p1a: Sneasler|[silent]
|turn|1
|inactive|Mateadelvgc has 30 seconds left.
|inactive|root2iris has 30 seconds left.
|inactive|Mateadelvgc has 20 seconds left.
|inactive|root2iris has 20 seconds left.
|inactive|Mateadelvgc has 15 seconds left.
|inactive|Mateadelvgc has 10 seconds left.
|inactive|Mateadelvgc has 5 seconds left.
|
|t:|1757000242
|switch|p2b: Oathkeeper|Pelipper, L50, M, shiny|100/100
|-weather|RainDance|[from] ability: Drizzle|[of] p2b: Oathkeeper
|-terastallize|p1a: Sneasler|Ghost
|-terastallize|p2a: Roxas|Electric
|move|p1a: Sneasler|Close Combat|p2a: Roxas
|-damage|p2a: Roxas|59/100
|-unboost|p1a: Sneasler|def|1
|-unboost|p1a: Sneasler|spd|1
|-ability|p2a: Roxas|Stamina|boost
|-boost|p2a: Roxas|def|1
|move|p1b: Gholdengo|Shadow Ball|p2a: Roxas
|-damage|p2a: Roxas|31/100
|-ability|p2a: Roxas|Stamina|boost
|-boost|p2a: Roxas|def|1
|move|p2a: Roxas|Electro Shot||[still]
|-prepare|p2a: Roxas|Electro Shot
|-boost|p2a: Roxas|spa|1
|-anim|p2a: Roxas|Electro Shot|p1b: Gholdengo
|-damage|p1b: Gholdengo|21/100
|
|-weather|RainDance|[upkeep]
|upkeep
|turn|2
|inactive|Mateadelvgc has 30 seconds left.
|inactive|root2iris has 30 seconds left.
|inactive|Mateadelvgc has 20 seconds left.
|inactive|root2iris has 20 seconds left.
|
|t:|1757000279
|switch|p1b: Ninetales|Ninetales-Alola, L50, M|100/100
|-weather|Snowscape|[from] ability: Snow Warning|[of] p1b: Ninetales
|move|p1a: Sneasler|Dire Claw|p2b: Oathkeeper
|-damage|p2b: Oathkeeper|48/100
|-status|p2b: Oathkeeper|par
|move|p2a: Roxas|Thunderbolt|p1b: Ninetales
|-damage|p1b: Ninetales|33/100
|move|p2b: Oathkeeper|Tailwind|p2b: Oathkeeper
|-sidestart|p2: root2iris|move: Tailwind
|
|-weather|Snowscape|[upkeep]
|upkeep
|turn|3
|inactive|Mateadelvgc has 30 seconds left.
|
|t:|1757000311
|switch|p2b: RC|Incineroar, L50, M|100/100
|-ability|p2b: RC|Intimidate|boost
|-unboost|p1a: Sneasler|atk|1
|-unboost|p1b: Ninetales|atk|1
|move|p1a: Sneasler|Dire Claw|p2a: Roxas
|-damage|p2a: Roxas|22/100
|-ability|p2a: Roxas|Stamina|boost
|-boost|p2a: Roxas|def|1
|move|p2a: Roxas|Thunderbolt|p1b: Ninetales
|-damage|p1b: Ninetales|0 fnt
|faint|p1b: Ninetales
|
|-weather|Snowscape|[upkeep]
|upkeep
|inactive|Mateadelvgc has 30 seconds left.
|
|t:|1757000342
|switch|p1b: Dragonite|Dragonite, L50, F|100/100
|turn|4
|
|t:|1757000358
|move|p1a: Sneasler|Dire Claw|p2a: Roxas
|-damage|p2a: Roxas|14/100
|-ability|p2a: Roxas|Stamina|boost
|-boost|p2a: Roxas|def|1
|move|p2b: RC|Parting Shot|p1b: Dragonite
|-unboost|p1b: Dragonite|atk|1
|-unboost|p1b: Dragonite|spa|1
|
|t:|1757000365
|switch|p2b: Oathkeeper|Pelipper, L50, M, shiny|48/100 par|[from] Parting Shot
|-weather|RainDance|[from] ability: Drizzle|[of] p2b: Oathkeeper
|move|p2a: Roxas|Electro Shot||[still]
|-prepare|p2a: Roxas|Electro Shot
|-boost|p2a: Roxas|spa|1
|-anim|p2a: Roxas|Electro Shot|p1a: Sneasler
|-damage|p1a: Sneasler|0 fnt
|faint|p1a: Sneasler
|move|p1b: Dragonite|Scale Shot|p2b: Oathkeeper|[miss]
|-miss|p1b: Dragonite|p2b: Oathkeeper
|
|-weather|RainDance|[upkeep]
|upkeep
|
|t:|1757000379
|switch|p1a: Gholdengo|Gholdengo, L50|21/100
|turn|5
|inactive|Mateadelvgc has 30 seconds left.
|inactive|Mateadelvgc has 20 seconds left.
|
|t:|1757000416
|switch|p2b: RC|Incineroar, L50, M|100/100
|-ability|p2b: RC|Intimidate|boost
|-unboost|p1a: Gholdengo|atk|1
|-unboost|p1b: Dragonite|atk|1
|move|p1a: Gholdengo|Protect|p1a: Gholdengo
|-singleturn|p1a: Gholdengo|Protect
|move|p1b: Dragonite|Protect|p1b: Dragonite
|-singleturn|p1b: Dragonite|Protect
|move|p2a: Roxas|Electro Shot||[still]
|-prepare|p2a: Roxas|Electro Shot
|-boost|p2a: Roxas|spa|1
|-anim|p2a: Roxas|Electro Shot|p1a: Gholdengo
|-activate|p1a: Gholdengo|move: Protect
|
|-weather|RainDance|[upkeep]
|-sideend|p2: root2iris|move: Tailwind
|upkeep
|turn|6
|inactive|Mateadelvgc has 30 seconds left.
|
|t:|1757000445
|move|p1a: Gholdengo|Make It Rain|p2a: Roxas|[spread] p2a,p2b
|-resisted|p2a: Roxas
|-resisted|p2b: RC
|-damage|p2a: Roxas|0 fnt
|-damage|p2b: RC|79/100
|-unboost|p1a: Gholdengo|spa|1
|faint|p2a: Roxas
|move|p1b: Dragonite|Stomping Tantrum|p2b: RC
|-supereffective|p2b: RC
|-damage|p2b: RC|48/100
|move|p2b: RC|Knock Off|p1a: Gholdengo
|-supereffective|p1a: Gholdengo
|-damage|p1a: Gholdengo|0 fnt
|-enditem|p1a: Gholdengo|Grassy Seed|[from] move: Knock Off|[of] p2b: RC
|faint|p1a: Gholdengo
|
|-weather|RainDance|[upkeep]
|upkeep
|
|t:|1757000460
|switch|p2a: Oathkeeper|Pelipper, L50, M, shiny|48/100 par
|turn|7
|
|t:|1757000467
|move|p1b: Dragonite|Scale Shot|p2a: Oathkeeper
|-damage|p2a: Oathkeeper|38/100 par
|-damage|p2a: Oathkeeper|28/100 par
|-damage|p2a: Oathkeeper|18/100 par
|-damage|p2a: Oathkeeper|7/100 par
|-hitcount|p2a: Oathkeeper|4
|-unboost|p1b: Dragonite|def|1
|-boost|p1b: Dragonite|spe|1
|move|p2b: RC|Knock Off|p1b: Dragonite
|-crit|p1b: Dragonite
|-damage|p1b: Dragonite|52/100
|-enditem|p1b: Dragonite|Loaded Dice|[from] move: Knock Off|[of] p2b: RC
|move|p2a: Oathkeeper|Hurricane|p1b: Dragonite
|-damage|p1b: Dragonite|0 fnt
|faint|p1b: Dragonite
|
|win|root2iris
