|j|☆poukayak
|j|☆nowerd
|html|poukayaknowerd    
|uhtml|bestof|Game 2 of a best-of-3
|t:|1785007877
|gametype|doubles
|player|p1|poukayak|266|
|player|p2|nowerd|169|
|gen|9
|tier|[Gen 9 Champions] VGC 2026 Reg M-B (Bo3)
|rule|Species Clause: Limit one of each Pokémon
|rule|Item Clause: Limit 1 of each item
|clearpoke
|poke|p1|Raichu, L50, F|
|poke|p1|Gholdengo, L50|
|poke|p1|Incineroar, L50, M|
|poke|p1|Aggron, L50, F|
|poke|p1|Whimsicott, L50, M|
|poke|p1|Primarina, L50, F|
|poke|p2|Altaria, L50, M|
|poke|p2|Dragalge, L50, F|
|poke|p2|Archaludon, L50, F|
|poke|p2|Scizor, L50, M|
|poke|p2|Hatterene, L50, F|
|poke|p2|Lycanroc-Dusk, L50, M|
|teampreview|4
|showteam|p1|Raichu||RaichuniteY|LightningRod|FakeOut,ZapCannon,FocusBlast,Protect|Hasty||F|||50|]Gholdengo||WhiteHerb|GoodasGold|MakeItRain,NastyPlot,Protect,ShadowBall|Modest|||||50|]Incineroar||SitrusBerry|Intimidate|FakeOut,FlareBlitz,PartingShot,DarkestLariat|Adamant||M|||50|]Aggron||Aggronite|Sturdy|BodyPress,IronDefense,HeavySlam,Protect|Careful||F|||50|]Whimsicott||FocusSash|Prankster|Encore,TrickRoom,Tailwind,Moonblast|Timid||M|||50|]Primarina||LifeOrb|LiquidVoice|HyperVoice,Moonblast,Protect,EnergyBall|Modest||F|||50|
|showteam|p2|Altaria||RoseliBerry|CloudNine|Endeavor,DragonCheer,WillOWisp,Haze|Careful||M|||50|]Dragalge||Dragalgite|PoisonPoint|DracoMeteor,SludgeBomb,HydroPump,Protect|Quiet||F|||50|]Archaludon||ScopeLens|Stamina|DracoMeteor,FlashCannon,AuraSphere,Protect|Modest||F|||50|]Scizor||LifeOrb|Technician|BulletPunch,BugBite,Trailblaze,SwordsDance|Adamant||M|||50|]Hatterene||BabiriBerry|MagicBounce|DazzlingGleam,Psychic,MysticalFire,Nuzzle|Quiet||F|||50|]Lycanroc-Dusk||FocusSash|ToughClaws|Accelerock,CloseCombat,PsychicFangs,Taunt|Jolly||M|||50|
|c|☆poukayak|Gg
|c|☆nowerd|Gg
|j| andrukarman
|
|t:|1785007942
|teamsize|p1|4
|teamsize|p2|4
|start
|switch|p1a: Incineroar|Incineroar, L50, M|100/100
|switch|p1b: Gholdengo|Gholdengo, L50|100/100
|switch|p2a: Porista|Altaria, L50, M|100/100
|switch|p2b: Durando|Archaludon, L50, F|100/100
|-ability|p2a: Porista|Cloud Nine
|-ability|p1a: Incineroar|Intimidate|boost
|-unboost|p2a: Porista|atk|1
|-unboost|p2b: Durando|atk|1
|turn|1
|j| santiastidias27
|
|t:|1785007986
|switch|p2b: Malge|Dragalge, L50, F|100/100
|move|p1a: Incineroar|Fake Out|p2a: Porista
|-damage|p2a: Porista|88/100
|move|p1b: Gholdengo|Nasty Plot|p1b: Gholdengo
|-boost|p1b: Gholdengo|spa|2
|cant|p2a: Porista|flinch
|
|upkeep
|turn|2
|
|t:|1785008005
|switch|p2a: Durando|Archaludon, L50, F|100/100
|detailschange|p2b: Malge|Dragalge-Mega, L50, F
|-mega|p2b: Malge|Dragalge|Dragalgite
|move|p1b: Gholdengo|Shadow Ball|p2b: Malge
|-damage|p2b: Malge|36/100
|move|p1a: Incineroar|Darkest Lariat|p2b: Malge
|-damage|p2b: Malge|0 fnt
|faint|p2b: Malge
|
|upkeep
|
|t:|1785008021
|switch|p2b: Porista|Altaria, L50, M|88/100
|-ability|p2b: Porista|Cloud Nine
|turn|3
|
|t:|1785008036
|move|p2a: Durando|Protect|p2a: Durando
|-singleturn|p2a: Durando|Protect
|move|p1b: Gholdengo|Shadow Ball|p2a: Durando
|-activate|p2a: Durando|move: Protect
|move|p2b: Porista|Dragon Cheer|p2a: Durando
|-start|p2a: Durando|move: Dragon Cheer
|move|p1a: Incineroar|Darkest Lariat|p2a: Durando
|-activate|p2a: Durando|move: Protect
|
|upkeep
|turn|4
|
|t:|1785008068
|move|p2a: Durando|Draco Meteor|p1b: Gholdengo
|-resisted|p1b: Gholdengo|1
|-crit|p1b: Gholdengo
|-damage|p1b: Gholdengo|42/100
|-unboost|p2a: Durando|spa|2
|move|p1b: Gholdengo|Shadow Ball|p2a: Durando
|-damage|p2a: Durando|0 fnt
|faint|p2a: Durando
|move|p2b: Porista|Endeavor|p1a: Incineroar
|-damage|p1a: Incineroar|77/100
|move|p1a: Incineroar|Darkest Lariat|p2b: Porista
|-damage|p2b: Porista|49/100
|
|upkeep
|c|☆nowerd|Gg
|
|t:|1785008085
|switch|p2a: Rockerito|Lycanroc-Dusk, L50, M|100/100
|turn|5
|c|☆poukayak|Gg
|
|t:|1785008105
|switch|p1a: Aggron|Aggron, L50, F|100/100
|move|p2a: Rockerito|Close Combat|p1a: Aggron
|-supereffective|p1a: Aggron|2
|-ability|p1a: Aggron|Sturdy
|-damage|p1a: Aggron|1/100
|-unboost|p2a: Rockerito|def|1
|-unboost|p2a: Rockerito|spd|1
|move|p1b: Gholdengo|Make It Rain|p2b: Porista|[spread] p2b
|-miss|p1b: Gholdengo|p2a: Rockerito
|-damage|p2b: Porista|0 fnt
|-unboost|p1b: Gholdengo|spa|2
|faint|p2b: Porista
|
|upkeep
|turn|6
|c|☆poukayak|Jajajaja
|c|☆poukayak|Por hablar
|c| andrukarman|ps eso kjsdkjs
|c| andrukarman|acelerock a lo q salga y te remonta
|
|t:|1785008158
|switch|p1a: Incineroar|Incineroar, L50, M|77/100
|-ability|p1a: Incineroar|Intimidate|boost
|-unboost|p2a: Rockerito|atk|1
|move|p2a: Rockerito|Psychic Fangs|p1a: Incineroar
|-immune|p1a: Incineroar
|move|p1b: Gholdengo|Shadow Ball|p2a: Rockerito
|-enditem|p2a: Rockerito|Focus Sash
|-damage|p2a: Rockerito|1/100
|
|upkeep
|turn|7
|c| andrukarman|nah
|
|t:|1785008172
|move|p1a: Incineroar|Fake Out|p2a: Rockerito
|-resisted|p2a: Rockerito|1
|-damage|p2a: Rockerito|0 fnt
|faint|p2a: Rockerito
|
|win|poukayak
|c| andrukarman|ggs
|c|☆poukayak|Ahora sí gg
|c| andrukarman|wp
|c|☆nowerd|Gg
|l|☆nowerd
|player|p2|
|l|☆poukayak
|player|p1|
|l| santiastidias27
