|j|☆Lord Sarasaland
|j|☆SmolivStayStrong<3
|html|Lord SarasalandSmolivStayStrong<3    
|uhtml|bestof|Game 1 of a best-of-3
|t:|1783625887
|gametype|doubles
|player|p1|Lord Sarasaland|266|1075
|player|p2|SmolivStayStrong<3|miku-flying|1105
|gen|9
|tier|[Gen 9 Champions] VGC 2026 Reg M-B (Bo3)
|rated|
|rule|Species Clause: Limit one of each Pokémon
|rule|Item Clause: Limit 1 of each item
|clearpoke
|poke|p1|Farigiraf, L50, M|
|poke|p1|Mawile, L50, F|
|poke|p1|Hatterene, L50, F|
|poke|p1|Sinistcha, L50|
|poke|p1|Golurk, L50|
|poke|p1|Milotic, L50, F|
|poke|p2|Mawile, L50, F|
|poke|p2|Farigiraf, L50, M, shiny|
|poke|p2|Toxapex, L50, F|
|poke|p2|Garchomp, L50, M|
|poke|p2|Charizard, L50, F|
|poke|p2|Venusaur, L50, M, shiny|
|teampreview|4
|showteam|p1|Farigiraf||SitrusBerry|ArmorTail|TrickRoom,Psychic,HelpingHand,Protect|Relaxed||M|||50|]Mawile||Mawilite|HyperCutter|PlayRough,RockSlide,IronHead,Protect|Brave||F|||50|]Hatterene||FairyFeather|MagicBounce|DazzlingGleam,Psyshock,CalmMind,Protect|Quiet||F|||50|]Sinistcha||ColburBerry|Hospitality|TrickRoom,MatchaGotcha,LifeDew,Protect|Sassy|||||50|]Golurk||Golurkite|IronFist|HeadlongRush,IcePunch,KnockOff,Protect|Brave|||||50|]Milotic||Leftovers|Competitive|Scald,LifeDew,Coil,Hypnosis|Bold||F|||50|
|showteam|p2|Mawile||Mawilite|Intimidate|Protect,PlayRough,IronHead,SuckerPunch|Brave||F|||50|]Farigiraf||SitrusBerry|ArmorTail|Psychic,EnergyBall,Protect,TrickRoom|Modest||M|||50|]Toxapex||Leftovers|Regenerator|Protect,Toxic,Infestation,WideGuard|Serious||F|||50|]Garchomp||LifeOrb|RoughSkin|DragonClaw,Earthquake,RockSlide,Protect|Jolly||M|||50|]Charizard||CharizarditeY|Blaze|HeatWave,WeatherBall,SolarBeam,Protect|Timid||F|||50|]Venusaur||FocusSash|Chlorophyll|EarthPower,SleepPowder,SludgeBomb,GigaDrain|Timid||M|||50|
|inactive|Battle timer is ON: inactive players will automatically lose when time's up. (requested by SmolivStayStrong<3)
|inactive|SmolivStayStrong<3 has 60 seconds left.
|
|t:|1783625931
|teamsize|p1|4
|teamsize|p2|4
|start
|switch|p1a: Farigiraf|Farigiraf, L50, M|100/100
|switch|p1b: Golurk|Golurk, L50|100/100
|switch|p2a: Charizard|Charizard, L50, F|100/100
|switch|p2b: Venusaur|Venusaur, L50, M, shiny|100/100
|turn|1
|
|t:|1783625953
|detailschange|p2a: Charizard|Charizard-Mega-Y, L50, F
|-mega|p2a: Charizard|Charizard|Charizardite Y
|-weather|SunnyDay|[from] ability: Drought|[of] p2a: Charizard
|detailschange|p1b: Golurk|Golurk-Mega, L50
|-mega|p1b: Golurk|Golurk|Golurkite
|move|p1b: Golurk|Protect|p1b: Golurk
|-singleturn|p1b: Golurk|Protect
|move|p2b: Venusaur|Sleep Powder|p1a: Farigiraf
|-status|p1a: Farigiraf|slp|[from] move: Sleep Powder
|move|p2a: Charizard|Heat Wave|p1b: Golurk|[spread] 
|-activate|p1b: Golurk|move: Protect
|-miss|p2a: Charizard|p1a: Farigiraf
|cant|p1a: Farigiraf|slp
|
|-weather|SunnyDay|[upkeep]
|upkeep
|turn|2
|inactive|SmolivStayStrong<3 has 30 seconds left.
|
|t:|1783625982
|switch|p1b: Milotic|Milotic, L50, F|100/100
|move|p2b: Venusaur|Sludge Bomb|p1a: Farigiraf
|-damage|p1a: Farigiraf|61/100 slp
|move|p2a: Charizard|Weather Ball|p1a: Farigiraf
|-damage|p1a: Farigiraf|0 fnt
|faint|p1a: Farigiraf
|
|-weather|SunnyDay|[upkeep]
|upkeep
|
|t:|1783625994
|switch|p1a: Golurk|Golurk-Mega, L50|100/100
|turn|3
|
|t:|1783626007
|move|p2b: Venusaur|Sleep Powder|p1b: Milotic|[miss]
|-miss|p2b: Venusaur|p1b: Milotic
|move|p2a: Charizard|Solar Beam||[still]
|-prepare|p2a: Charizard|Solar Beam
|-anim|p2a: Charizard|Solar Beam|p1a: Golurk
|-supereffective|p1a: Golurk|1
|-damage|p1a: Golurk|36/100
|move|p1b: Milotic|Coil|p1b: Milotic
|-boost|p1b: Milotic|atk|1
|-boost|p1b: Milotic|def|1
|-boost|p1b: Milotic|accuracy|1
|move|p1a: Golurk|Headlong Rush|p2b: Venusaur
|-damage|p2b: Venusaur|10/100
|-unboost|p1a: Golurk|def|1
|-unboost|p1a: Golurk|spd|1
|
|-weather|SunnyDay|[upkeep]
|upkeep
|turn|4
|
|t:|1783626028
|move|p1a: Golurk|Protect|p1a: Golurk
|-singleturn|p1a: Golurk|Protect
|move|p2b: Venusaur|Giga Drain|p1a: Golurk
|-activate|p1a: Golurk|move: Protect
|move|p2a: Charizard|Solar Beam||[still]
|-prepare|p2a: Charizard|Solar Beam
|-anim|p2a: Charizard|Solar Beam|p1b: Milotic
|-supereffective|p1b: Milotic|1
|-damage|p1b: Milotic|44/100
|move|p1b: Milotic|Hypnosis|p2a: Charizard
|-status|p2a: Charizard|slp|[from] move: Hypnosis
|
|-weather|SunnyDay|[upkeep]
|-heal|p1b: Milotic|50/100g|[from] item: Leftovers
|upkeep
|turn|5
|
|t:|1783626048
|move|p2b: Venusaur|Giga Drain|p1a: Golurk
|-supereffective|p1a: Golurk|1
|-damage|p1a: Golurk|0 fnt
|-heal|p2b: Venusaur|33/100|[from] drain|[of] p1a: Golurk
|faint|p1a: Golurk
|cant|p2a: Charizard|slp
|move|p1b: Milotic|Life Dew|p1b: Milotic
|-heal|p1b: Milotic|75/100
|
|-weather|none
|-heal|p1b: Milotic|81/100|[from] item: Leftovers
|upkeep
|
|t:|1783626051
|switch|p1a: Sinistcha|Sinistcha, L50|100/100
|-heal|p1b: Milotic|100/100|[from] ability: Hospitality|[of] p1a: Sinistcha
|turn|6
|
|t:|1783626063
|switch|p2a: Garchomp|Garchomp, L50, M|100/100
|move|p2b: Venusaur|Sleep Powder|p1b: Milotic|[miss]
|-miss|p2b: Venusaur|p1b: Milotic
|move|p1b: Milotic|Scald|p2a: Garchomp
|-damage|p2a: Garchomp|70/100
|-status|p2a: Garchomp|brn
|move|p1a: Sinistcha|Trick Room|p1a: Sinistcha
|-fieldstart|move: Trick Room|[of] p1a: Sinistcha
|
|-damage|p2a: Garchomp|64/100 brn|[from] brn
|upkeep
|turn|7
|
|t:|1783626083
|move|p1a: Sinistcha|Matcha Gotcha|p2a: Garchomp|[spread] p2a,p2b
|-resisted|p2b: Venusaur|2
|-damage|p2a: Garchomp|38/100 brn
|-damage|p2b: Venusaur|26/100
|-status|p2b: Venusaur|brn
|move|p1b: Milotic|Scald|p2b: Venusaur
|-resisted|p2b: Venusaur|1
|-damage|p2b: Venusaur|11/100 brn
|move|p2b: Venusaur|Sludge Bomb|p1a: Sinistcha
|-damage|p1a: Sinistcha|57/100
|move|p2a: Garchomp|Dragon Claw|p1a: Sinistcha
|-damage|p1a: Sinistcha|37/100
|-damage|p2a: Garchomp|28/100 brn|[from] item: Life Orb
|
|-damage|p2b: Venusaur|5/100 brn|[from] brn
|-damage|p2a: Garchomp|23/100 brn|[from] brn
|upkeep
|turn|8
|
|t:|1783626103
|move|p1a: Sinistcha|Life Dew||[still]|[spread] p1a,p1b
|-heal|p1a: Sinistcha|62/100
|-fail|p1b: Milotic|heal
|move|p1b: Milotic|Scald|p2b: Venusaur
|-resisted|p2b: Venusaur|1
|-damage|p2b: Venusaur|0 fnt
|faint|p2b: Venusaur
|move|p2a: Garchomp|Dragon Claw|p1a: Sinistcha
|-damage|p1a: Sinistcha|42/100
|-damage|p2a: Garchomp|13/100 brn|[from] item: Life Orb
|
|-damage|p2a: Garchomp|7/100 brn|[from] brn
|upkeep
|
|t:|1783626119
|switch|p2b: Toxapex|Toxapex, L50, F|100/100
|turn|9
|
|t:|1783626127
|move|p2b: Toxapex|Toxic|p1b: Milotic
|-status|p1b: Milotic|tox
|move|p1a: Sinistcha|Matcha Gotcha|p2b: Toxapex|[spread] p2a,p2b
|-damage|p2a: Garchomp|0 fnt
|-heal|p1a: Sinistcha|46/100|[from] drain|[of] p2a: Garchomp
|-damage|p2b: Toxapex|80/100
|-heal|p1a: Sinistcha|55/100|[from] drain|[of] p2b: Toxapex
|faint|p2a: Garchomp
|move|p1b: Milotic|Life Dew||[still]|[spread] p1a,p1b
|-heal|p1a: Sinistcha|80/100
|-fail|p1b: Milotic|heal
|
|-heal|p2b: Toxapex|86/100|[from] item: Leftovers
|-damage|p1b: Milotic|94/100 tox|[from] psn
|upkeep
|
|t:|1783626131
|switch|p2a: Charizard|Charizard-Mega-Y, L50, F|100/100 slp
|-weather|SunnyDay|[from] ability: Drought|[of] p2a: Charizard
|turn|10
|
|t:|1783626151
|move|p2b: Toxapex|Protect|p2b: Toxapex
|-singleturn|p2b: Toxapex|Protect
|cant|p2a: Charizard|slp
|move|p1a: Sinistcha|Matcha Gotcha|p2a: Charizard|[spread] p2a
|-activate|p2b: Toxapex|move: Protect
|-resisted|p2a: Charizard|2
|-damage|p2a: Charizard|94/100 slp
|-heal|p1a: Sinistcha|83/100|[from] drain|[of] p2a: Charizard
|move|p1b: Milotic|Scald|p2a: Charizard
|-supereffective|p2a: Charizard|1
|-damage|p2a: Charizard|68/100 slp
|
|-weather|SunnyDay|[upkeep]
|-heal|p2b: Toxapex|92/100|[from] item: Leftovers
|-heal|p1b: Milotic|100/100 tox|[from] item: Leftovers
|-damage|p1b: Milotic|88/100 tox|[from] psn
|-fieldend|move: Trick Room
|upkeep
|turn|11
|
|t:|1783626166
|move|p2b: Toxapex|Wide Guard|p2b: Toxapex
|-singleturn|p2b: Toxapex|Wide Guard
|-curestatus|p2a: Charizard|slp|[msg]
|move|p2a: Charizard|Weather Ball|p1a: Sinistcha
|-supereffective|p1a: Sinistcha|1
|-damage|p1a: Sinistcha|0 fnt
|faint|p1a: Sinistcha
|move|p1b: Milotic|Scald|p2a: Charizard
|-supereffective|p2a: Charizard|1
|-damage|p2a: Charizard|42/100
|
|-weather|SunnyDay|[upkeep]
|-heal|p1b: Milotic|94/100 tox|[from] item: Leftovers
|-heal|p2b: Toxapex|98/100|[from] item: Leftovers
|-damage|p1b: Milotic|76/100 tox|[from] psn
|upkeep
|turn|12
|
|t:|1783626175
|move|p2a: Charizard|Solar Beam||[still]
|-prepare|p2a: Charizard|Solar Beam
|-anim|p2a: Charizard|Solar Beam|p1b: Milotic
|-supereffective|p1b: Milotic|1
|-damage|p1b: Milotic|13/100 tox
|move|p1b: Milotic|Scald|p2a: Charizard
|-supereffective|p2a: Charizard|1
|-damage|p2a: Charizard|16/100
|move|p2b: Toxapex|Infestation|p1b: Milotic
|-damage|p1b: Milotic|11/100 tox
|-activate|p1b: Milotic|move: Infestation|[of] p2b: Toxapex
|
|-weather|SunnyDay|[upkeep]
|-heal|p1b: Milotic|17/100 tox|[from] item: Leftovers
|-heal|p2b: Toxapex|100/100|[from] item: Leftovers
|-damage|p1b: Milotic|0 fnt|[from] psn
|faint|p1b: Milotic
|
|win|SmolivStayStrong<3
||SmolivStayStrong<3 is ready for game 2.
||Lord Sarasaland is ready for game 2.
|uhtml|next|Next: Game 2 of 3
|l|☆Lord Sarasaland
|player|p1|
