|j|☆ShackWoods
|j|☆Goat pincurchin
|html|ShackWoodsGoat pincurchin    
|uhtml|bestof|Game 1 of a best-of-3
|t:|1757018626
|gametype|doubles
|player|p1|ShackWoods|korrina|1269
|player|p2|Goat pincurchin|2|1340
|gen|9
|tier|[Gen 9] VGC 2025 Reg H (Bo3)
|rated|
|rule|Species Clause: Limit one of each Pokémon
|rule|Item Clause: Limit 1 of each item
|clearpoke
|poke|p1|Lilligant-Hisui, L50, F|
|poke|p1|Armarouge, L50, M|
|poke|p1|Indeedee-F, L50, F|
|poke|p1|Torkoal, L50, F|
|poke|p1|Ursaluna, L50, F|
|poke|p1|Hatterene, L50, F|
|poke|p2|Gholdengo, L50|
|poke|p2|Rillaboom, L50, M|
|poke|p2|Ninetales-Alola, L50, F|
|poke|p2|Arcanine-Hisui, L50, F|
|poke|p2|Annihilape, L50, M|
|poke|p2|Volcarona, L50, F|
|teampreview|4
|showteam|p1|Lilligant-Hisui||FocusSash|Chlorophyll|SolarBlade,CloseCombat,TripleAxel,AfterYou|||F|||50|,,,,,Ghost]Armarouge||PsychicSeed|FlashFire|ExpandingForce,ArmorCannon,WideGuard,TrickRoom|||M|||50|,,,,,Grass]Indeedee-F||RockyHelmet|PsychicSurge|AlluringVoice,HelpingHand,FollowMe,TrickRoom|||F|||50|,,,,,Grass]Torkoal||Charcoal|Drought|Eruption,WeatherBall,ClearSmog,Protect|||F|||50|,,,,,Fire]Ursaluna||FlameOrb|Guts|Facade,HeadlongRush,Substitute,Protect|||F|||50|,,,,,Ghost]Hatterene||LifeOrb|MagicBounce|ExpandingForce,DazzlingGleam,MysticalFire,TrickRoom|||F|||50|,,,,,Fire
|showteam|p2|Gholdengo||GrassySeed|GoodasGold|NastyPlot,MakeItRain,ShadowBall,Protect||||||50|,,,,,Water]Rillaboom||AssaultVest|GrassySurge|FakeOut,GrassyGlide,DrumBeating,HighHorsepower|||M|||50|,,,,,Fire]Ninetales-Alola||FocusSash|SnowWarning|Blizzard,IcyWind,Encore,AuroraVeil|||F|||50|,,,,,Ghost]Arcanine-Hisui||ClearAmulet|Intimidate|RockSlide,FlareBlitz,ExtremeSpeed,Protect|||F|||50|,,,,,Water]Annihilape||SafetyGoggles|Defiant|RageFist,CloseCombat,FinalGambit,Taunt|||M|||50|,,,,,Water]Volcarona||SitrusBerry|FlameBody|Flamethrower,StruggleBug,Tailwind,RagePowder|||F|||50|,,,,,Grass
|inactive|Battle timer is ON: inactive players will automatically lose when time's up. (requested by Goat pincurchin)
|c|☆ShackWoods|gl hf
|inactive|ShackWoods has 60 seconds left.
|inactive|Goat pincurchin has 60 seconds left.
|inactive|ShackWoods has 30 seconds left.
|inactive|Goat pincurchin has 30 seconds left.
|inactive|ShackWoods has 20 seconds left.
|inactive|Goat pincurchin has 20 seconds left.
|inactive|Goat pincurchin has 15 seconds left.
|inactive|Goat pincurchin has 10 seconds left.
|inactive|Goat pincurchin has 5 seconds left.
|
|t:|1757018712
|teamsize|p1|4
|teamsize|p2|4
|start
|switch|p1a: Indeedee|Indeedee-F, L50, F|100/100
|switch|p1b: Hatterene|Hatterene, L50, F|100/100
|switch|p2a: Arcanine|Arcanine-Hisui, L50, F|100/100
|switch|p2b: Volcarona|Volcarona, L50, F|100/100
|-ability|p2a: Arcanine|Intimidate|boost
|-unboost|p1a: Indeedee|atk|1
|-unboost|p1b: Hatterene|atk|1
|-fieldstart|move: Psychic Terrain|[from] ability: Psychic Surge|[of] p1a: Indeedee
|turn|1
|inactive|ShackWoods has 30 seconds left.
|
|t:|1757018738
|move|p2b: Volcarona|Struggle Bug|p1b: Hatterene|[spread] p1a,p1b
|-supereffective|p1a: Indeedee
|-damage|p1a: Indeedee|65/100
|-damage|p1b: Hatterene|79/100
|-unboost|p1a: Indeedee|spa|1
|-unboost|p1b: Hatterene|spa|1
|move|p2a: Arcanine|Rock Slide|p1a: Indeedee|[spread] p1b
|-miss|p2a: Arcanine|p1a: Indeedee
|-damage|p1b: Hatterene|50/100
|move|p1b: Hatterene|Expanding Force|p2a: Arcanine|[spread] p2a,p2b
|-damage|p2a: Arcanine|21/100
|-damage|p2b: Volcarona|38/100
|-enditem|p2b: Volcarona|Sitrus Berry|[eat]
|-heal|p2b: Volcarona|62/100|[from] item: Sitrus Berry
|-damage|p1b: Hatterene|41/100|[from] item: Life Orb
|move|p1a: Indeedee|Trick Room|p1a: Indeedee
|-fieldstart|move: Trick Room|[of] p1a: Indeedee
|
|upkeep
|turn|2
|inactive|ShackWoods has 30 seconds left.
|
|t:|1757018769
|switch|p2a: Rillaboom|Rillaboom, L50, M|100/100
|-fieldstart|move: Grassy Terrain|[from] ability: Grassy Surge|[of] p2a: Rillaboom
|move|p1a: Indeedee|Helping Hand|p1b: Hatterene
|-singleturn|p1b: Hatterene|Helping Hand|[of] p1a: Indeedee
|move|p1b: Hatterene|Expanding Force|p2b: Volcarona
|-damage|p2b: Volcarona|2/100
|-damage|p1b: Hatterene|31/100|[from] item: Life Orb
|move|p2b: Volcarona|Struggle Bug|p1a: Indeedee|[spread] p1a,p1b
|-supereffective|p1a: Indeedee
|-damage|p1a: Indeedee|34/100
|-damage|p1b: Hatterene|14/100
|-unboost|p1a: Indeedee|spa|1
|-unboost|p1b: Hatterene|spa|1
|
|-heal|p1b: Hatterene|19/100|[from] Grassy Terrain
|-heal|p1a: Indeedee|40/100|[from] Grassy Terrain
|-heal|p2b: Volcarona|8/100|[from] Grassy Terrain
|upkeep
|turn|3
|inactive|ShackWoods has 30 seconds left.
|inactive|ShackWoods has 20 seconds left.
|
|t:|1757018806
|switch|p1a: Ursaluna|Ursaluna, L50, F|100/100
|move|p1b: Hatterene|Dazzling Gleam|p2b: Volcarona|[spread] p2a,p2b
|-resisted|p2b: Volcarona
|-crit|p2b: Volcarona
|-damage|p2a: Rillaboom|81/100
|-damage|p2b: Volcarona|0 fnt
|faint|p2b: Volcarona
|-damage|p1b: Hatterene|10/100|[from] item: Life Orb
|move|p2a: Rillaboom|Drum Beating|p1a: Ursaluna
|-supereffective|p1a: Ursaluna
|-damage|p1a: Ursaluna|22/100
|-unboost|p1a: Ursaluna|spe|1
|
|-heal|p1b: Hatterene|16/100|[from] Grassy Terrain
|-heal|p1a: Ursaluna|28/100|[from] Grassy Terrain
|-heal|p2a: Rillaboom|87/100|[from] Grassy Terrain
|-status|p1a: Ursaluna|brn|[from] item: Flame Orb
|upkeep
|
|t:|1757018824
|switch|p2b: Arcanine|Arcanine-Hisui, L50, F|21/100
|-ability|p2b: Arcanine|Intimidate|boost
|-unboost|p1a: Ursaluna|atk|1
|-unboost|p1b: Hatterene|atk|1
|turn|4
|
|t:|1757018839
|switch|p1b: Torkoal|Torkoal, L50, F|100/100
|-weather|SunnyDay|[from] ability: Drought|[of] p1b: Torkoal
|move|p2b: Arcanine|Protect|p2b: Arcanine
|-singleturn|p2b: Arcanine|Protect
|move|p1a: Ursaluna|Headlong Rush|p2a: Rillaboom
|-resisted|p2a: Rillaboom
|-damage|p2a: Rillaboom|53/100
|-unboost|p1a: Ursaluna|def|1
|-unboost|p1a: Ursaluna|spd|1
|move|p2a: Rillaboom|Drum Beating|p1a: Ursaluna
|-supereffective|p1a: Ursaluna
|-crit|p1a: Ursaluna
|-damage|p1a: Ursaluna|0 fnt
|faint|p1a: Ursaluna
|
|-weather|SunnyDay|[upkeep]
|-heal|p2a: Rillaboom|59/100|[from] Grassy Terrain
|-heal|p2b: Arcanine|27/100|[from] Grassy Terrain
|upkeep
|
|t:|1757018857
|switch|p1a: Hatterene|Hatterene, L50, F|16/100
|turn|5
|
|t:|1757018877
|switch|p2b: Ninetales|Ninetales-Alola, L50, F|100/100
|-weather|Snowscape|[from] ability: Snow Warning|[of] p2b: Ninetales
|-terastallize|p2a: Rillaboom|Fire
|move|p1b: Torkoal|Eruption|p2b: Ninetales|[spread] p2a,p2b
|-resisted|p2a: Rillaboom
|-supereffective|p2b: Ninetales
|-damage|p2a: Rillaboom|36/100
|-enditem|p2b: Ninetales|Focus Sash
|-damage|p2b: Ninetales|1/100
|move|p1a: Hatterene|Mystical Fire|p2a: Rillaboom
|-resisted|p2a: Rillaboom
|-damage|p2a: Rillaboom|21/100
|-unboost|p2a: Rillaboom|spa|1
|-damage|p1a: Hatterene|6/100|[from] item: Life Orb
|move|p2a: Rillaboom|High Horsepower|p1b: Torkoal
|-supereffective|p1b: Torkoal
|-damage|p1b: Torkoal|59/100
|
|-weather|Snowscape|[upkeep]
|-heal|p1b: Torkoal|65/100|[from] Grassy Terrain
|-heal|p1a: Hatterene|12/100|[from] Grassy Terrain
|-heal|p2a: Rillaboom|26/100|[from] Grassy Terrain
|-heal|p2b: Ninetales|7/100|[from] Grassy Terrain
|-fieldend|move: Trick Room
|upkeep
|turn|6
|inactive|ShackWoods has 30 seconds left.
|inactive|ShackWoods has 20 seconds left.
|inactive|ShackWoods has 15 seconds left.
|
|t:|1757018917
|-terastallize|p1a: Hatterene|Fire
|move|p1b: Torkoal|Protect|p1b: Torkoal
|-singleturn|p1b: Torkoal|Protect
|move|p2b: Ninetales|Blizzard|p1b: Torkoal|[spread] p1a
|-activate|p1b: Torkoal|move: Protect
|-resisted|p1a: Hatterene
|-damage|p1a: Hatterene|0 fnt
|faint|p1a: Hatterene
|move|p2a: Rillaboom|High Horsepower|p1b: Torkoal
|-activate|p1b: Torkoal|move: Protect
|
|-weather|Snowscape|[upkeep]
|-heal|p2b: Ninetales|13/100|[from] Grassy Terrain
|-heal|p2a: Rillaboom|32/100|[from] Grassy Terrain
|-heal|p1b: Torkoal|71/100|[from] Grassy Terrain
|-fieldend|move: Grassy Terrain
|upkeep
|
|t:|1757018930
|switch|p1a: Indeedee|Indeedee-F, L50, F|40/100
|-fieldstart|move: Psychic Terrain|[from] ability: Psychic Surge|[of] p1a: Indeedee
|turn|7
|
|t:|1757018949
|move|p1a: Indeedee|Follow Me|p1a: Indeedee
|-singleturn|p1a: Indeedee|move: Follow Me
|move|p2b: Ninetales|Blizzard|p1b: Torkoal|[spread] p1a,p1b
|-resisted|p1b: Torkoal
|-damage|p1a: Indeedee|9/100
|-damage|p1b: Torkoal|50/100
|move|p2a: Rillaboom|High Horsepower|p1a: Indeedee
|-damage|p1a: Indeedee|0 fnt
|-damage|p2a: Rillaboom|16/100|[from] item: Rocky Helmet|[of] p1a: Indeedee
|faint|p1a: Indeedee
|move|p1b: Torkoal|Eruption|p2b: Ninetales|[spread] p2a,p2b
|-resisted|p2a: Rillaboom
|-supereffective|p2b: Ninetales
|-damage|p2a: Rillaboom|3/100
|-damage|p2b: Ninetales|0 fnt
|faint|p2b: Ninetales
|
|-weather|Snowscape|[upkeep]
|upkeep
|
|t:|1757018959
|switch|p2b: Arcanine|Arcanine-Hisui, L50, F|27/100
|-ability|p2b: Arcanine|Intimidate|boost
|-unboost|p1b: Torkoal|atk|1
|turn|8
|
|t:|1757018966
|move|p2b: Arcanine|Rock Slide|p1b: Torkoal
|-supereffective|p1b: Torkoal
|-damage|p1b: Torkoal|0 fnt
|faint|p1b: Torkoal
|
|win|Goat pincurchin
|c|☆ShackWoods|gg
||ShackWoods is ready for game 2.
||Goat pincurchin is ready for game 2.
|uhtml|next|Next: Game 2 of 3
|l|☆Goat pincurchin
|player|p2|
