|j|☆Duyheeee
|j|☆Dungx showdown
|html|DuyheeeeDungx showdown    
|uhtml|bestof|Game 2 of a best-of-3
|t:|1757761908
|gametype|doubles
|player|p1|Duyheeee|parasollady|
|player|p2|Dungx showdown|101|
|gen|9
|tier|[Gen 9] VGC 2025 Reg H (Bo3)
|rule|Species Clause: Limit one of each Pokémon
|rule|Item Clause: Limit 1 of each item
|clearpoke
|poke|p1|Indeedee, L50, M|
|poke|p1|Sneasler, L50, F|
|poke|p1|Pelipper, L50, F|
|poke|p1|Archaludon, L50, F|
|poke|p1|Basculegion, L50, M|
|poke|p1|Salamence, L50, M|
|poke|p2|Annihilape, L50, M|
|poke|p2|Whimsicott, L50, F|
|poke|p2|Archaludon, L50, M|
|poke|p2|Basculegion, L50, M|
|poke|p2|Pelipper, L50, M|
|poke|p2|Rillaboom, L50, M|
|teampreview|4
|showteam|p1|Indeedee||ChoiceScarf|PsychicSurge|ExpandingForce,HyperVoice,DazzlingGleam,Trick|||M|||50|,,,,,Psychic]Sneasler||PsychicSeed|Unburden|ThroatChop,DireClaw,CloseCombat,Protect|||F|||50|,,,,,Dark]Pelipper||FocusSash|Drizzle|Hurricane,WeatherBall,Protect,WideGuard|||F|||50|,,,,,Ground]Archaludon||AssaultVest|Stamina|BodyPress,DracoMeteor,FlashCannon,ElectroShot|||F|||50|,,,,,Grass]Basculegion||ChoiceBand|SwiftSwim|WaveCrash,HeadSmash,FlipTurn,LastRespects|||M|||50|,,,,,Water]Salamence||CovertCloak|Intimidate|Tailwind,Hurricane,DracoMeteor,Protect|||M|||50|,,,,,Dragon
|showteam|p2|Annihilape||ChoiceScarf|Defiant|FinalGambit,DrainPunch,Earthquake,RageFist|||M|||50|,,,,,Ghost]Whimsicott||CovertCloak|Prankster|Moonblast,Taunt,Tailwind,StunSpore|||F|||50|,,,,,Dragon]Archaludon||PowerHerb|Stalwart|ElectroShot,DragonPulse,FlashCannon,Protect|||M|||50|,,,,,Electric]Basculegion||ChoiceBand|Adaptability|WaveCrash,HeadSmash,LastRespects,FlipTurn|||M|||50|,,,,,Rock]Pelipper||FocusSash|Drizzle|WeatherBall,Hurricane,Tailwind,Protect|||M|||50|,,,,,Ground]Rillaboom||AssaultVest|GrassySurge|WoodHammer,Uturn,FakeOut,HighHorsepower|||M|||50|,,,,,Ground
|inactive|Battle timer is ON: inactive players will automatically lose when time's up. (requested by Dungx showdown)
|
|t:|1757761939
|teamsize|p1|4
|teamsize|p2|4
|start
|switch|p1a: Salamence|Salamence, L50, M|100/100
|switch|p1b: Sneasler|Sneasler, L50, F|100/100
|switch|p2a: Luminous|Whimsicott, L50, F|100/100
|switch|p2b: Roblox|Archaludon, L50, M|100/100
|-ability|p1a: Salamence|Intimidate|boost
|-unboost|p2a: Luminous|atk|1
|-unboost|p2b: Roblox|atk|1
|turn|1
|
|t:|1757761963
|move|p2a: Luminous|Stun Spore|p1b: Sneasler
|-status|p1b: Sneasler|par
|move|p1a: Salamence|Tailwind|p1a: Salamence
|-sidestart|p1: Duyheeee|move: Tailwind
|move|p1b: Sneasler|Close Combat|p2b: Roblox
|-supereffective|p2b: Roblox
|-damage|p2b: Roblox|0 fnt
|-unboost|p1b: Sneasler|def|1
|-unboost|p1b: Sneasler|spd|1
|faint|p2b: Roblox
|
|upkeep
|
|t:|1757761981
|switch|p2b: Mồm to|Pelipper, L50, M, shiny|100/100
|-weather|RainDance|[from] ability: Drizzle|[of] p2b: Mồm to
|turn|2
|
|t:|1757761993
|move|p1b: Sneasler|Protect|p1b: Sneasler
|-singleturn|p1b: Sneasler|Protect
|move|p1a: Salamence|Hurricane|p2a: Luminous
|-supereffective|p2a: Luminous
|-damage|p2a: Luminous|3/100
|move|p2a: Luminous|Moonblast|p1a: Salamence
|-supereffective|p1a: Salamence
|-damage|p1a: Salamence|44/100
|move|p2b: Mồm to|Tailwind|p2b: Mồm to
|-sidestart|p2: Dungx showdown|move: Tailwind
|
|-weather|RainDance|[upkeep]
|upkeep
|turn|3
|
|t:|1757762013
|switch|p1b: Pelipper|Pelipper, L50, F|100/100
|move|p1a: Salamence|Hurricane|p2a: Luminous
|-supereffective|p2a: Luminous
|-damage|p2a: Luminous|0 fnt
|faint|p2a: Luminous
|move|p2b: Mồm to|Hurricane|p1b: Pelipper
|-damage|p1b: Pelipper|7/100
|
|-weather|RainDance|[upkeep]
|upkeep
|
|t:|1757762022
|switch|p2a: "support"|Rillaboom, L50, M|100/100
|-fieldstart|move: Grassy Terrain|[from] ability: Grassy Surge|[of] p2a: "support"
|turn|4
|
|t:|1757762035
|move|p1a: Salamence|Hurricane|p2a: "support"
|-supereffective|p2a: "support"
|-damage|p2a: "support"|28/100
|move|p2b: Mồm to|Hurricane|p1a: Salamence
|-damage|p1a: Salamence|0 fnt
|faint|p1a: Salamence
|move|p1b: Pelipper|Hurricane|p2a: "support"
|-supereffective|p2a: "support"
|-damage|p2a: "support"|0 fnt
|faint|p2a: "support"
|
|-weather|RainDance|[upkeep]
|-sideend|p1: Duyheeee|move: Tailwind
|upkeep
|
|t:|1757762044
|switch|p1a: Archaludon|Archaludon, L50, F|100/100
|turn|5
|
|t:|1757762067
|-terastallize|p2b: Mồm to|Ground
|move|p1b: Pelipper|Protect|p1b: Pelipper
|-singleturn|p1b: Pelipper|Protect
|move|p2b: Mồm to|Weather Ball|p1b: Pelipper
|-activate|p1b: Pelipper|move: Protect
|move|p1a: Archaludon|Draco Meteor|p2b: Mồm to
|-enditem|p2b: Mồm to|Focus Sash
|-damage|p2b: Mồm to|1/100
|-unboost|p1a: Archaludon|spa|2
|
|-weather|RainDance|[upkeep]
|-heal|p2b: Mồm to|7/100|[from] Grassy Terrain
|-sideend|p2: Dungx showdown|move: Tailwind
|upkeep
|turn|6
|-message|Dungx showdown forfeited.
|
|win|Duyheeee
|l|☆Dungx showdown
|player|p2|
|l|☆Duyheeee
|player|p1|
|j|☆Duyheeee
|player|p1|Duyheeee|parasollady|
