|j|☆new mental
|j|☆ultraclaw1
|html|new mentalultraclaw1    
|uhtml|bestof|Game 1 of a best-of-3
|t:|1784923426
|gametype|doubles
|player|p1|new mental|volkner|1372
|player|p2|ultraclaw1|brycenman|1473
|gen|9
|tier|[Gen 9 Champions] VGC 2026 Reg M-B (Bo3)
|rated|
|rule|Species Clause: Limit one of each Pokémon
|rule|Item Clause: Limit 1 of each item
|clearpoke
|poke|p1|Charizard, L50, F|
|poke|p1|Garchomp, L50, F|
|poke|p1|Incineroar, L50, F|
|poke|p1|Venusaur, L50, M|
|poke|p1|Toxapex, L50, F|
|poke|p1|Sylveon, L50, M|
|poke|p2|Maushold, L50|
|poke|p2|Kingambit, L50, F|
|poke|p2|Garchomp, L50, F|
|poke|p2|Basculegion, L50, M|
|poke|p2|Talonflame, L50, F|
|poke|p2|Floette-Eternal, L50, F|
|teampreview|4
|showteam|p1|Charizard||CharizarditeY|SolarPower|WeatherBall,HeatWave,AncientPower,Protect|Modest||F|||50|]Garchomp||ChoiceScarf|RoughSkin|RockSlide,DragonClaw,Earthquake,StompingTantrum|Adamant||F|||50|]Incineroar||SitrusBerry|Intimidate|FlareBlitz,FakeOut,DarkestLariat,PartingShot|Impish||F|||50|]Venusaur||LifeOrb|Chlorophyll|SludgeBomb,LeafStorm,EarthPower,Protect|Modest||M|||50|]Toxapex||Leftovers|Regenerator|Infestation,Toxic,WideGuard,BanefulBunker|Bold||F|||50|]Sylveon||FairyFeather|Pixilate|HyperVoice,QuickAttack,Yawn,Detect|Modest||M|||50|
|showteam|p2|Maushold||FocusSash|FriendGuard|SuperFang,Taunt,FollowMe,Protect|Timid|||||50|]Kingambit||ChopleBerry|Defiant|KowtowCleave,SuckerPunch,LowKick,IronHead|Adamant||F|||50|]Garchomp||LifeOrb|RoughSkin|RockSlide,Earthquake,DragonClaw,Protect|Jolly||F|||50|]Basculegion||MysticWater|Adaptability|WaveCrash,LastRespects,AquaJet,Protect|Adamant||M|||50|]Talonflame||SharpBeak|GaleWings|QuickGuard,DualWingbeat,Tailwind,Protect|Jolly||F|||50|]Floette-Eternal||Floettite|FlowerVeil|LightofRuin,Protect,Moonblast,DazzlingGleam|Modest||F|||50|
|inactive|Battle timer is ON: inactive players will automatically lose when time's up. (requested by ultraclaw1)
|c|☆ultraclaw1|glhf
|inactive|ultraclaw1 has 60 seconds left.
|
|t:|1784923460
|teamsize|p1|4
|teamsize|p2|4
|start
|switch|p1a: Charizard|Charizard, L50, F|100/100
|switch|p1b: Toxapex|Toxapex, L50, F|100/100
|switch|p2a: Garchomp|Garchomp, L50, F|100/100
|switch|p2b: Floette|Floette-Eternal, L50, F|100/100
|turn|1
|
|t:|1784923468
|detailschange|p1a: Charizard|Charizard-Mega-Y, L50, F
|-mega|p1a: Charizard|Charizard|Charizardite Y
|-weather|SunnyDay|[from] ability: Drought|[of] p1a: Charizard
|move|p2a: Garchomp|Protect|p2a: Garchomp
|-singleturn|p2a: Garchomp|Protect
|move|p2b: Floette|Protect|p2b: Floette
|-singleturn|p2b: Floette|Protect
|move|p1b: Toxapex|Wide Guard|p1b: Toxapex
|-singleturn|p1b: Toxapex|Wide Guard
|move|p1a: Charizard|Heat Wave|p2b: Floette|[spread] 
|-activate|p2a: Garchomp|move: Protect
|-activate|p2b: Floette|move: Protect
|
|-weather|SunnyDay|[upkeep]
|upkeep
|turn|2
|
|t:|1784923478
|switch|p1a: Incineroar|Incineroar, L50, F|100/100
|-ability|p1a: Incineroar|Intimidate|boost
|-unboost|p2a: Garchomp|atk|1
|-unboost|p2b: Floette|atk|1
|detailschange|p2b: Floette|Floette-Mega, L50, F
|-mega|p2b: Floette|Floette|Floettite
|-ability|p2b: Floette|Fairy Aura
|move|p2a: Garchomp|Dragon Claw|p1a: Incineroar
|-damage|p1a: Incineroar|74/100
|-damage|p2a: Garchomp|90/100|[from] item: Life Orb
|move|p2b: Floette|Light of Ruin|p1a: Incineroar|[miss]
|-miss|p2b: Floette|p1a: Incineroar
|move|p1b: Toxapex|Infestation|p2a: Garchomp
|-damage|p2a: Garchomp|86/100
|-activate|p2a: Garchomp|move: Infestation|[of] p1b: Toxapex
|-damage|p1b: Toxapex|87/100|[from] ability: Rough Skin|[of] p2a: Garchomp
|
|-weather|SunnyDay|[upkeep]
|-heal|p1b: Toxapex|93/100|[from] item: Leftovers
|-damage|p2a: Garchomp|74/100|[from] move: Infestation|[partiallytrapped]
|upkeep
|turn|3
|
|t:|1784923491
|move|p2b: Floette|Protect|p2b: Floette
|-singleturn|p2b: Floette|Protect
|move|p1a: Incineroar|Fake Out|p2a: Garchomp
|-damage|p2a: Garchomp|62/100
|-damage|p1a: Incineroar|62/100|[from] ability: Rough Skin|[of] p2a: Garchomp
|cant|p2a: Garchomp|flinch
|move|p1b: Toxapex|Infestation|p2b: Floette
|-activate|p2b: Floette|move: Protect
|
|-weather|SunnyDay|[upkeep]
|-heal|p1b: Toxapex|99/100|[from] item: Leftovers
|-damage|p2a: Garchomp|50/100g|[from] move: Infestation|[partiallytrapped]
|upkeep
|turn|4
|
|t:|1784923500
|move|p2a: Garchomp|Dragon Claw|p1b: Toxapex
|-damage|p1b: Toxapex|73/100
|-damage|p2a: Garchomp|40/100|[from] item: Life Orb
|move|p2b: Floette|Moonblast|p1a: Incineroar
|-damage|p1a: Incineroar|0 fnt
|faint|p1a: Incineroar
|move|p1b: Toxapex|Toxic|p2b: Floette
|-status|p2b: Floette|tox
|
|-weather|SunnyDay|[upkeep]
|-heal|p1b: Toxapex|79/100|[from] item: Leftovers
|-damage|p2b: Floette|94/100 tox|[from] psn
|-damage|p2a: Garchomp|28/100|[from] move: Infestation|[partiallytrapped]
|upkeep
|
|t:|1784923508
|switch|p1a: Venusaur|Venusaur, L50, M|100/100
|turn|5
|
|t:|1784923512
|move|p2b: Floette|Protect|p2b: Floette
|-singleturn|p2b: Floette|Protect
|move|p1b: Toxapex|Wide Guard|p1b: Toxapex
|-singleturn|p1b: Toxapex|Wide Guard
|move|p1a: Venusaur|Sludge Bomb|p2b: Floette
|-activate|p2b: Floette|move: Protect
|move|p2a: Garchomp|Earthquake|p1a: Venusaur|[spread] 
|-activate|p1a: Venusaur|move: Wide Guard
|-activate|p1b: Toxapex|move: Wide Guard
|-activate|p2b: Floette|move: Protect
|
|-weather|none
|-heal|p1b: Toxapex|85/100|[from] item: Leftovers
|-damage|p2b: Floette|82/100 tox|[from] psn
|-damage|p2a: Garchomp|15/100|[from] move: Infestation|[partiallytrapped]
|upkeep
|turn|6
|
|t:|1784923526
|move|p1b: Toxapex|Wide Guard|p1b: Toxapex
|-singleturn|p1b: Toxapex|Wide Guard
|move|p2a: Garchomp|Dragon Claw|p1a: Venusaur
|-damage|p1a: Venusaur|55/100
|-damage|p2a: Garchomp|5/100|[from] item: Life Orb
|move|p2b: Floette|Moonblast|p1a: Venusaur
|-resisted|p1a: Venusaur|1
|-damage|p1a: Venusaur|11/100
|move|p1a: Venusaur|Sludge Bomb|p2b: Floette
|-supereffective|p2b: Floette|1
|-damage|p2b: Floette|0 fnt
|faint|p2b: Floette
|-damage|p1a: Venusaur|2/100|[from] item: Life Orb
|
|-heal|p1b: Toxapex|91/100|[from] item: Leftovers
|-end|p2a: Garchomp|Infestation|[partiallytrapped]
|upkeep
|
|t:|1784923531
|switch|p2b: Talonflame|Talonflame, L50, F|100/100
|turn|7
|
|t:|1784923541
|switch|p2a: Basculegion|Basculegion, L50, M|100/100
|move|p2b: Talonflame|Tailwind|p2b: Talonflame
|-sidestart|p2: ultraclaw1|move: Tailwind
|move|p1a: Venusaur|Sludge Bomb|p2a: Basculegion
|-resisted|p2a: Basculegion|1
|-damage|p2a: Basculegion|68/100
|-damage|p1a: Venusaur|0 fnt|[from] item: Life Orb
|faint|p1a: Venusaur
|move|p1b: Toxapex|Infestation|p2a: Basculegion
|-resisted|p2a: Basculegion|1
|-damage|p2a: Basculegion|67/100
|-activate|p2a: Basculegion|move: Infestation|[of] p1b: Toxapex
|
|-heal|p1b: Toxapex|96/100|[from] item: Leftovers
|-damage|p2a: Basculegion|54/100|[from] move: Infestation|[partiallytrapped]
|upkeep
|
|t:|1784923550
|switch|p1a: Charizard|Charizard-Mega-Y, L50, F|100/100
|-weather|SunnyDay|[from] ability: Drought|[of] p1a: Charizard
|turn|8
|
|t:|1784923557
|move|p2b: Talonflame|Dual Wingbeat|p1a: Charizard
|-damage|p1a: Charizard|84/100
|-damage|p1a: Charizard|67/100
|-hitcount|p1a: Charizard|2
|move|p2a: Basculegion|Wave Crash|p1a: Charizard
|-supereffective|p1a: Charizard|1
|-damage|p1a: Charizard|0 fnt
|faint|p1a: Charizard
|-damage|p2a: Basculegion|34/100|[from] Recoil
|move|p1b: Toxapex|Toxic|p2a: Basculegion
|-status|p2a: Basculegion|tox
|
|-weather|SunnyDay|[upkeep]
|-heal|p1b: Toxapex|100/100|[from] item: Leftovers
|-damage|p2a: Basculegion|27/100 tox|[from] psn
|-damage|p2a: Basculegion|15/100 tox|[from] move: Infestation|[partiallytrapped]
|upkeep
|turn|9
|
|t:|1784923571
|switch|p2a: Garchomp|Garchomp, L50, F|5/100
|move|p1b: Toxapex|Baneful Bunker|p1b: Toxapex
|-singleturn|p1b: Toxapex|move: Protect
|move|p2b: Talonflame|Dual Wingbeat|p1b: Toxapex
|-activate|p1b: Toxapex|move: Protect
|-status|p2b: Talonflame|psn
|
|-weather|SunnyDay|[upkeep]
|-damage|p2b: Talonflame|87/100 psn|[from] psn
|upkeep
|turn|10
|
|t:|1784923579
|move|p2b: Talonflame|Dual Wingbeat|p1b: Toxapex
|-damage|p1b: Toxapex|86/100
|-damage|p1b: Toxapex|74/100
|-hitcount|p1b: Toxapex|2
|move|p2a: Garchomp|Earthquake|p1b: Toxapex|[spread] p1b
|-immune|p2b: Talonflame
|-supereffective|p1b: Toxapex|1
|-damage|p1b: Toxapex|13/100
|-damage|p2a: Garchomp|0 fnt|[from] item: Life Orb
|faint|p2a: Garchomp
|move|p1b: Toxapex|Infestation|p2b: Talonflame
|-resisted|p2b: Talonflame|2
|-damage|p2b: Talonflame|86/100 psn
|-activate|p2b: Talonflame|move: Infestation|[of] p1b: Toxapex
|
|-weather|SunnyDay|[upkeep]
|-heal|p1b: Toxapex|19/100|[from] item: Leftovers
|-damage|p2b: Talonflame|74/100 psn|[from] psn
|-damage|p2b: Talonflame|61/100 psn|[from] move: Infestation|[partiallytrapped]
|-sideend|p2: ultraclaw1|move: Tailwind
|upkeep
|
|t:|1784923581
|switch|p2a: Basculegion|Basculegion, L50, M|15/100 tox
|turn|11
|
|t:|1784923588
|move|p1b: Toxapex|Baneful Bunker|p1b: Toxapex
|-singleturn|p1b: Toxapex|move: Protect
|move|p2b: Talonflame|Dual Wingbeat|p1b: Toxapex
|-activate|p1b: Toxapex|move: Protect
|move|p2a: Basculegion|Last Respects|p1b: Toxapex
|-activate|p1b: Toxapex|move: Protect
|
|-weather|SunnyDay|[upkeep]
|-heal|p1b: Toxapex|24/100|[from] item: Leftovers
|-damage|p2b: Talonflame|49/100 psn|[from] psn
|-damage|p2a: Basculegion|9/100 tox|[from] psn
|-damage|p2b: Talonflame|37/100 psn|[from] move: Infestation|[partiallytrapped]
|upkeep
|turn|12
|
|t:|1784923596
|move|p2b: Talonflame|Dual Wingbeat|p1b: Toxapex
|-damage|p1b: Toxapex|13/100
|-damage|p1b: Toxapex|1/100
|-hitcount|p1b: Toxapex|2
|move|p2a: Basculegion|Last Respects|p1b: Toxapex
|-damage|p1b: Toxapex|0 fnt
|faint|p1b: Toxapex
|
|win|ultraclaw1
