|j|☆trevYAH
|j|☆PuniHina
|html|trevYAHPuniHina    
|uhtml|bestof|Game 1 of a best-of-3
|t:|1784213751
|gametype|doubles
|player|p1|trevYAH|trevor|1421
|player|p2|PuniHina|lacey|1363
|gen|9
|tier|[Gen 9 Champions] VGC 2026 Reg M-B (Bo3)
|rated|
|rule|Species Clause: Limit one of each Pokémon
|rule|Item Clause: Limit 1 of each item
|clearpoke
|poke|p1|Froslass, L50, F|
|poke|p1|Dragonite, L50, F|
|poke|p1|Toxapex, L50, M|
|poke|p1|Sneasler, L50, M|
|poke|p1|Kingambit, L50, M|
|poke|p1|Blaziken, L50, F|
|poke|p2|Meganium, L50, F, shiny|
|poke|p2|Altaria, L50, M|
|poke|p2|Incineroar, L50, F|
|poke|p2|Scizor, L50, F|
|poke|p2|Basculegion, L50, M|
|poke|p2|Garchomp, L50, M|
|teampreview|4
|showteam|p1|Froslass||Froslassite|CursedBody|Blizzard,ShadowBall,AuroraVeil,Protect|Timid||F|||50|]Dragonite||LifeOrb|InnerFocus|DragonClaw,ExtremeSpeed,LowKick,Protect|Adamant||F|||50|]Toxapex||Leftovers|Regenerator|Infestation,Toxic,WideGuard,BanefulBunker|Bold||M|||50|]Sneasler||FocusSash|PoisonTouch|CloseCombat,PoisonJab,FakeOut,Protect|Jolly||M|||50|]Kingambit||BlackGlasses|Defiant|KowtowCleave,SwordsDance,SuckerPunch,Protect|Adamant||M|||50|]Blaziken||Blazikenite|SpeedBoost|CloseCombat,FlareBlitz,RockSlide,Protect|Adamant||F|||50|
|showteam|p2|Meganium||Meganiumite|LeafGuard|SolarBeam,DazzlingGleam,Protect,EarthPower|Modest||F|||50|]Altaria||RoseliBerry|CloudNine|BraveBird,Roost,Tailwind,WillOWisp|Impish||M|||50|]Incineroar||PasshoBerry|Intimidate|FlareBlitz,DarkestLariat,FakeOut,PartingShot|Impish||F|||50|]Scizor||Scizorite|Technician|BulletPunch,BugBite,Protect,SwordsDance|Adamant||F|||50|]Basculegion||SitrusBerry|Adaptability|WaveCrash,LastRespects,AquaJet,Protect|Adamant||M|||50|]Garchomp||LifeOrb|RoughSkin|StompingTantrum,DragonClaw,RockSlide,Protect|Jolly||M|||50|
|inactive|Battle timer is ON: inactive players will automatically lose when time's up. (requested by PuniHina)
|
|t:|1784213807
|teamsize|p1|4
|teamsize|p2|4
|start
|switch|p1a: Sneasler|Sneasler, L50, M|100/100
|switch|p1b: Dragonite|Dragonite, L50, F|100/100
|switch|p2a: Incineroar|Incineroar, L50, F|100/100
|switch|p2b: Scizor|Scizor, L50, F|100/100
|-ability|p2a: Incineroar|Intimidate|boost
|-unboost|p1a: Sneasler|atk|1
|-fail|p1b: Dragonite|unboost|Attack|[from] ability: Inner Focus|[of] p1b: Dragonite
|turn|1
|inactive|PuniHina has 30 seconds left.
|inactive|PuniHina has 20 seconds left.
|
|t:|1784213845
|detailschange|p2b: Scizor|Scizor-Mega, L50, F
|-mega|p2b: Scizor|Scizor|Scizorite
|move|p1a: Sneasler|Fake Out|p2b: Scizor
|-resisted|p2b: Scizor|1
|-damage|p2b: Scizor|95/100
|move|p1b: Dragonite|Dragon Claw|p2a: Incineroar
|-damage|p2a: Incineroar|51/100
|-damage|p1b: Dragonite|90/100|[from] item: Life Orb
|cant|p2b: Scizor|flinch
|move|p2a: Incineroar|Parting Shot|p1b: Dragonite
|-unboost|p1b: Dragonite|atk|1
|-unboost|p1b: Dragonite|spa|1
|
|t:|1784213856
|switch|p2a: Garchomp|Garchomp, L50, M|100/100|[from] Parting Shot
|
|upkeep
|turn|2
|inactive|trevYAH has 30 seconds left.
|
|t:|1784213882
|switch|p1b: Kingambit|Kingambit, L50, M|100/100
|move|p1a: Sneasler|Close Combat|p2a: Garchomp
|-damage|p2a: Garchomp|59/100
|-unboost|p1a: Sneasler|def|1
|-unboost|p1a: Sneasler|spd|1
|-damage|p1a: Sneasler|87/100|[from] ability: Rough Skin|[of] p2a: Garchomp
|move|p2a: Garchomp|Dragon Claw|p1b: Kingambit
|-resisted|p1b: Kingambit|1
|-damage|p1b: Kingambit|80/100
|-damage|p2a: Garchomp|49/100|[from] item: Life Orb
|move|p2b: Scizor|Swords Dance|p2b: Scizor
|-boost|p2b: Scizor|atk|2
|
|upkeep
|turn|3
|inactive|trevYAH has 30 seconds left.
|inactive|trevYAH has 20 seconds left.
|inactive|trevYAH has 15 seconds left.
|
|t:|1784213925
|move|p2a: Garchomp|Protect|p2a: Garchomp
|-singleturn|p2a: Garchomp|Protect
|move|p1b: Kingambit|Sucker Punch||[still]
|-fail|p1b: Kingambit
|move|p1a: Sneasler|Close Combat|p2b: Scizor
|-damage|p2b: Scizor|63/100
|-unboost|p1a: Sneasler|def|1
|-unboost|p1a: Sneasler|spd|1
|move|p2b: Scizor|Bug Bite|p1b: Kingambit
|-damage|p1b: Kingambit|0 fnt
|faint|p1b: Kingambit
|
|upkeep
|
|t:|1784213931
|switch|p1b: Blaziken|Blaziken, L50, F|100/100
|turn|4
|
|t:|1784213940
|detailschange|p1b: Blaziken|Blaziken-Mega, L50, F
|-mega|p1b: Blaziken|Blaziken|Blazikenite
|move|p1b: Blaziken|Protect|p1b: Blaziken
|-singleturn|p1b: Blaziken|Protect
|move|p2b: Scizor|Bullet Punch|p1a: Sneasler
|-damage|p1a: Sneasler|0 fnt
|faint|p1a: Sneasler
|move|p2a: Garchomp|Stomping Tantrum|p1b: Blaziken
|-activate|p1b: Blaziken|move: Protect
|
|-ability|p1b: Blaziken|Speed Boost|boost
|-boost|p1b: Blaziken|spe|1
|upkeep
|
|t:|1784213947
|switch|p1a: Dragonite|Dragonite, L50, F|90/100
|turn|5
|
|t:|1784213961
|move|p1a: Dragonite|Protect|p1a: Dragonite
|-singleturn|p1a: Dragonite|Protect
|move|p2b: Scizor|Protect|p2b: Scizor
|-singleturn|p2b: Scizor|Protect
|move|p1b: Blaziken|Close Combat|p2a: Garchomp
|-damage|p2a: Garchomp|0 fnt
|-unboost|p1b: Blaziken|def|1
|-unboost|p1b: Blaziken|spd|1
|-damage|p1b: Blaziken|88/100|[from] ability: Rough Skin|[of] p2a: Garchomp
|faint|p2a: Garchomp
|
|-ability|p1b: Blaziken|Speed Boost|boost
|-boost|p1b: Blaziken|spe|1
|upkeep
|
|t:|1784213964
|switch|p2a: Basculegion|Basculegion, L50, M|100/100
|turn|6
|inactive|trevYAH has 30 seconds left.
|inactive|trevYAH has 20 seconds left.
|-message|trevYAH forfeited.
|
|win|PuniHina
||PuniHina is ready for game 2.
||trevYAH is ready for game 2.
|uhtml|next|Next: Game 2 of 3
|l|☆trevYAH
|player|p1|
