|j|☆colemarcusvgc
|j|☆FoodiniVGC
|html|colemarcusvgcFoodiniVGC    
|uhtml|bestof|Game 3 of a best-of-3
|t:|1757220029
|gametype|doubles
|player|p1|colemarcusvgc|n|1087
|player|p2|FoodiniVGC|102|1146
|gen|9
|tier|[Gen 9] VGC 2025 Reg H (Bo3)
|rated|
|rule|Species Clause: Limit one of each Pokémon
|rule|Item Clause: Limit 1 of each item
|clearpoke
|poke|p1|Indeedee-F, L50, F|
|poke|p1|Hatterene, L50, F|
|poke|p1|Gallade, L50, M|
|poke|p1|Ursaluna, L50, M|
|poke|p1|Lilligant-Hisui, L50, F|
|poke|p1|Torkoal, L50, M|
|poke|p2|Amoonguss, L50, F|
|poke|p2|Sneasler, L50, M|
|poke|p2|Gholdengo, L50|
|poke|p2|Incineroar, L50, F|
|poke|p2|Ursaluna-Bloodmoon, L50, M|
|poke|p2|Dragonite, L50, F|
|teampreview|4
|showteam|p1|Indeedee-F||PsychicSeed|PsychicSurge|TrickRoom,FollowMe,HelpingHand,DazzlingGleam|||F|||50|,,,,,Fire]Hatterene||LifeOrb|MagicBounce|ExpandingForce,TrickRoom,DazzlingGleam,Protect|||F|||50|,,,,,Psychic]Gallade||ClearAmulet|Sharpness|SacredSword,PsychoCut,TrickRoom,WideGuard|||M|||50|,,,,,Grass]Ursaluna||FlameOrb|Guts|HeadlongRush,Facade,SwordsDance,Protect|||M|||50|,,,,,Ghost]Lilligant-Hisui||FocusSash|Chlorophyll|SolarBlade,SleepPowder,CloseCombat,AfterYou|||F|||50|,,,,,Ghost]Torkoal||ChoiceSpecs|Drought|Eruption,HeatWave,WeatherBall,EarthPower|||M|||50|,,,,,Fire
|showteam|p2|Amoonguss||SitrusBerry|Regenerator|RagePowder,Spore,PollenPuff,Protect|||F|||50|,,,,,Psychic]Sneasler||FocusSash|Unburden|Protect,DireClaw,CloseCombat,ThroatChop|||M|||50|,,,,,Stellar]Gholdengo||LifeOrb|GoodasGold|Protect,MakeItRain,ShadowBall,NastyPlot||||||50|,,,,,Water]Incineroar||SafetyGoggles|Intimidate|KnockOff,PartingShot,FlareBlitz,FakeOut|||F|||50|,,,,,Ghost]Ursaluna-Bloodmoon||AssaultVest|MindsEye|BloodMoon,EarthPower,VacuumWave,HyperVoice|||M|||50|,,,,,Water]Dragonite||LoadedDice|Multiscale|ScaleShot,Tailwind,Haze,Protect|||F|||50|,,,,,Fairy
|
|t:|1757220041
|teamsize|p1|4
|teamsize|p2|4
|start
|switch|p1a: Indeedee|Indeedee-F, L50, F|100/100
|switch|p1b: Ursaluna|Ursaluna, L50, M|100/100
|switch|p2a: Amoonguss|Amoonguss, L50, F|100/100
|switch|p2b: Ursaluna|Ursaluna-Bloodmoon, L50, M|100/100
|-fieldstart|move: Psychic Terrain|[from] ability: Psychic Surge|[of] p1a: Indeedee
|-enditem|p1a: Indeedee|Psychic Seed
|-boost|p1a: Indeedee|spd|1|[from] item: Psychic Seed
|turn|1
|inactive|Battle timer is ON: inactive players will automatically lose when time's up. (requested by FoodiniVGC)
|
|t:|1757220072
|move|p1b: Ursaluna|Protect|p1b: Ursaluna
|-singleturn|p1b: Ursaluna|Protect
|move|p2b: Ursaluna|Hyper Voice|p1b: Ursaluna|[spread] p1a
|-activate|p1b: Ursaluna|move: Protect
|-damage|p1a: Indeedee|75/100
|move|p2a: Amoonguss|Spore|p1a: Indeedee
|-status|p1a: Indeedee|slp|[from] move: Spore
|cant|p1a: Indeedee|slp
|
|-status|p1b: Ursaluna|brn|[from] item: Flame Orb
|upkeep
|turn|2
|inactive|colemarcusvgc has 30 seconds left.
|
|t:|1757220103
|switch|p1a: Gallade|Gallade, L50, M|100/100
|switch|p2a: Incineroar|Incineroar, L50, F|100/100
|-ability|p2a: Incineroar|Intimidate|boost
|-fail|p1a: Gallade|unboost|[from] item: Clear Amulet|[of] p1a: Gallade
|-unboost|p1b: Ursaluna|atk|1
|move|p2b: Ursaluna|Blood Moon|p1b: Ursaluna
|-damage|p1b: Ursaluna|36/100 brn
|move|p1b: Ursaluna|Facade|p2a: Incineroar
|-damage|p2a: Incineroar|26/100
|
|-damage|p1b: Ursaluna|30/100 brn|[from] brn
|upkeep
|turn|3
|inactive|FoodiniVGC has 30 seconds left.
|inactive|FoodiniVGC has 20 seconds left.
|inactive|FoodiniVGC has 15 seconds left.
|
|t:|1757220147
|-terastallize|p2b: Ursaluna|Water
|move|p1b: Ursaluna|Protect|p1b: Ursaluna
|-singleturn|p1b: Ursaluna|Protect
|move|p2a: Incineroar|Knock Off|p1a: Gallade
|-damage|p1a: Gallade|32/100
|-enditem|p1a: Gallade|Clear Amulet|[from] move: Knock Off|[of] p2a: Incineroar
|move|p2b: Ursaluna|Earth Power|p1b: Ursaluna
|-activate|p1b: Ursaluna|move: Protect
|move|p1a: Gallade|Trick Room|p1a: Gallade
|-fieldstart|move: Trick Room|[of] p1a: Gallade
|
|-damage|p1b: Ursaluna|24/100 brn|[from] brn
|upkeep
|turn|4
|inactive|FoodiniVGC has 30 seconds left.
|
|t:|1757220176
|move|p1b: Ursaluna|Facade|p2b: Ursaluna
|-damage|p2b: Ursaluna|41/100
|move|p2b: Ursaluna|Blood Moon|p1b: Ursaluna
|-damage|p1b: Ursaluna|0 fnt
|faint|p1b: Ursaluna
|move|p2a: Incineroar|Knock Off|p1a: Gallade
|-damage|p1a: Gallade|0 fnt
|faint|p1a: Gallade
|
|upkeep
|
|t:|1757220186
|switch|p1b: Indeedee|Indeedee-F, L50, F|75/100 slp
|switch|p1a: Torkoal|Torkoal, L50, M|100/100
|-weather|SunnyDay|[from] ability: Drought|[of] p1a: Torkoal
|turn|5
|
|t:|1757220197
|-terastallize|p1a: Torkoal|Fire
|cant|p1b: Indeedee|slp
|move|p2b: Ursaluna|Vacuum Wave|p1a: Torkoal
|-activate|p1a: Torkoal|move: Psychic Terrain
|move|p1a: Torkoal|Eruption|p2b: Ursaluna|[spread] p2a,p2b
|-resisted|p2a: Incineroar
|-resisted|p2b: Ursaluna
|-damage|p2a: Incineroar|0 fnt
|-damage|p2b: Ursaluna|0 fnt
|faint|p2a: Incineroar
|faint|p2b: Ursaluna
|
|-weather|SunnyDay|[upkeep]
|-fieldend|move: Psychic Terrain
|upkeep
|
|t:|1757220203
|switch|p2b: Gholdengo|Gholdengo, L50|100/100
|switch|p2a: Amoonguss|Amoonguss, L50, F|100/100
|turn|6
|
|t:|1757220212
|cant|p1b: Indeedee|slp
|move|p1a: Torkoal|Eruption|p2b: Gholdengo|[spread] p2a,p2b
|-supereffective|p2a: Amoonguss
|-supereffective|p2b: Gholdengo
|-damage|p2a: Amoonguss|0 fnt
|-damage|p2b: Gholdengo|0 fnt
|faint|p2a: Amoonguss
|faint|p2b: Gholdengo
|
|win|colemarcusvgc
|raw|colemarcusvgc's rating: 1087 → 1118(+31 for winning)
|raw|FoodiniVGC's rating: 1146 → 1117(-29 for losing)
|c|☆colemarcusvgc|gg
|l|☆FoodiniVGC
|player|p2|
