|j|☆RaikuDraco
|j|☆catnip enthusiast
|html|RaikuDracocatnip enthusiast    
|uhtml|bestof|Game 3 of a best-of-3
|t:|1757113666
|gametype|doubles
|player|p1|RaikuDraco|drake-gen3|1215
|player|p2|catnip enthusiast|bianca|1209
|gen|9
|tier|[Gen 9] VGC 2025 Reg H (Bo3)
|rated|
|rule|Species Clause: Limit one of each Pokémon
|rule|Item Clause: Limit 1 of each item
|clearpoke
|poke|p1|Archaludon, L50, F|
|poke|p1|Sinistcha-Masterpiece, L50|
|poke|p1|Dragonite, L50, M|
|poke|p1|Pelipper, L50, M|
|poke|p1|Ursaluna, L50, M|
|poke|p1|Gholdengo, L50|
|poke|p2|Ursaluna, L50, F|
|poke|p2|Gholdengo, L50|
|poke|p2|Incineroar, L50, F|
|poke|p2|Porygon2, L50|
|poke|p2|Kilowattrel, L50, F|
|poke|p2|Amoonguss, L50, M|
|teampreview|4
|showteam|p1|Archaludon||AssaultVest|Stamina|BodyPress,Snarl,ElectroShot,FlashCannon|||F|||50|,,,,,Fighting]Sinistcha-Masterpiece||SitrusBerry|Hospitality|MatchaGotcha,RagePowder,TrickRoom,LifeDew||||||50|,,,,,Dark]Dragonite||LoadedDice|Multiscale|ScaleShot,Protect,Tailwind,Haze|||M|||50|,,,,,Steel]Pelipper||FocusSash|Drizzle|WeatherBall,Hurricane,Tailwind,Protect|||M|||50|,,,,,Ground]Ursaluna||FlameOrb|Guts|Facade,HeadlongRush,Earthquake,Protect|||M|||50|,,,,,Ghost]Gholdengo||ChoiceScarf|GoodasGold|MakeItRain,TeraBlast,ShadowBall,Trick||||||50|,,,,,Water
|showteam|p2|Ursaluna||FlameOrb|Guts|Facade,HeadlongRush,Protect,Earthquake|||F|||50|,,,,,Fairy]Gholdengo||LifeOrb|GoodasGold|MakeItRain,ShadowBall,NastyPlot,Protect||||||50|,,,,,Dragon]Incineroar||AssaultVest|Intimidate|FakeOut,FlareBlitz,KnockOff,Uturn|||F|||50|,,,,,Grass]Porygon2||Eviolite|Download|TeraBlast,IceBeam,TrickRoom,Recover||||||50|,,,,,Fighting]Kilowattrel||FocusSash|Competitive|Thunderbolt,AirSlash,Tailwind,Protect|||F|||50|,,,,,Ghost]Amoonguss||SitrusBerry|Regenerator|Spore,RagePowder,PollenPuff,Protect|||M|||50|,,,,,Water
|inactive|Battle timer is ON: inactive players will automatically lose when time's up. (requested by RaikuDraco)
|inactive|RaikuDraco has 60 seconds left.
|
|t:|1757113701
|teamsize|p1|4
|teamsize|p2|4
|start
|switch|p1a: Archaludon|Archaludon, L50, F|100/100
|switch|p1b: Dragonite|Dragonite, L50, M|100/100
|switch|p2a: Peach Cobbler|Ursaluna, L50, F, shiny|100/100
|switch|p2b: JPEGMAFIA|Porygon2, L50|100/100
|-ability|p2b: JPEGMAFIA|Download|boost
|-boost|p2b: JPEGMAFIA|spa|1
|turn|1
|inactive|RaikuDraco has 30 seconds left.
|inactive|catnip enthusiast has 30 seconds left.
|inactive|RaikuDraco has 20 seconds left.
|inactive|RaikuDraco has 15 seconds left.
|inactive|RaikuDraco has 10 seconds left.
|
|t:|1757113750
|-terastallize|p1a: Archaludon|Fighting
|-terastallize|p2a: Peach Cobbler|Fairy
|move|p1b: Dragonite|Scale Shot|p2b: JPEGMAFIA
|-damage|p2b: JPEGMAFIA|92/100
|-damage|p2b: JPEGMAFIA|84/100
|-damage|p2b: JPEGMAFIA|74/100
|-damage|p2b: JPEGMAFIA|66/100
|-damage|p2b: JPEGMAFIA|57/100
|-hitcount|p2b: JPEGMAFIA|5
|-unboost|p1b: Dragonite|def|1
|-boost|p1b: Dragonite|spe|1
|move|p1a: Archaludon|Body Press|p2b: JPEGMAFIA
|-supereffective|p2b: JPEGMAFIA
|-damage|p2b: JPEGMAFIA|7/100
|move|p2a: Peach Cobbler|Facade|p1b: Dragonite
|-damage|p1b: Dragonite|68/100
|move|p2b: JPEGMAFIA|Trick Room|p2b: JPEGMAFIA
|-fieldstart|move: Trick Room|[of] p2b: JPEGMAFIA
|
|-status|p2a: Peach Cobbler|brn|[from] item: Flame Orb
|upkeep
|turn|2
|inactive|RaikuDraco has 30 seconds left.
|inactive|RaikuDraco has 20 seconds left.
|inactive|RaikuDraco has 15 seconds left.
|inactive|RaikuDraco has 10 seconds left.
|inactive|RaikuDraco has 5 seconds left.
|
|t:|1757113801
|move|p2b: JPEGMAFIA|Ice Beam|p1b: Dragonite
|-supereffective|p1b: Dragonite
|-damage|p1b: Dragonite|0 fnt
|faint|p1b: Dragonite
|move|p2a: Peach Cobbler|Facade|p1a: Archaludon
|-damage|p1a: Archaludon|15/100
|-ability|p1a: Archaludon|Stamina|boost
|-boost|p1a: Archaludon|def|1
|move|p1a: Archaludon|Flash Cannon|p2a: Peach Cobbler
|-supereffective|p2a: Peach Cobbler
|-damage|p2a: Peach Cobbler|40/100 brn
|
|-damage|p2a: Peach Cobbler|34/100 brn|[from] brn
|upkeep
|inactive|RaikuDraco has 30 seconds left.
|
|t:|1757113829
|switch|p1b: Sinistcha|Sinistcha-Masterpiece, L50|100/100
|-heal|p1a: Archaludon|40/100|[from] ability: Hospitality|[of] p1b: Sinistcha
|turn|3
|inactive|RaikuDraco has 30 seconds left.
|
|t:|1757113864
|switch|p2a: Bad Jawn|Amoonguss, L50, M|100/100
|switch|p1a: Pelipper|Pelipper, L50, M|100/100
|-weather|RainDance|[from] ability: Drizzle|[of] p1a: Pelipper
|move|p2b: JPEGMAFIA|Ice Beam|p1b: Sinistcha
|-supereffective|p1b: Sinistcha
|-damage|p1b: Sinistcha|32/100
|-enditem|p1b: Sinistcha|Sitrus Berry|[eat]
|-heal|p1b: Sinistcha|57/100|[from] item: Sitrus Berry
|move|p1b: Sinistcha|Trick Room|p1b: Sinistcha
|-fieldend|move: Trick Room
|
|-weather|RainDance|[upkeep]
|upkeep
|turn|4
|inactive|RaikuDraco has 30 seconds left.
|inactive|RaikuDraco has 20 seconds left.
|
|t:|1757113899
|move|p2a: Bad Jawn|Protect|p2a: Bad Jawn
|-singleturn|p2a: Bad Jawn|Protect
|move|p1a: Pelipper|Hurricane|p2b: JPEGMAFIA
|-damage|p2b: JPEGMAFIA|0 fnt
|faint|p2b: JPEGMAFIA
|move|p1b: Sinistcha|Matcha Gotcha|p2a: Bad Jawn
|-activate|p2a: Bad Jawn|move: Protect
|
|-weather|RainDance|[upkeep]
|upkeep
|
|t:|1757113903
|switch|p2b: Doughboy|Gholdengo, L50|100/100
|turn|5
|inactive|RaikuDraco has 30 seconds left.
|inactive|RaikuDraco has 20 seconds left.
|inactive|RaikuDraco has 15 seconds left.
|inactive|RaikuDraco has 10 seconds left.
|
|t:|1757113950
|switch|p1b: Archaludon|Archaludon, L50, F, tera:Fighting|40/100
|move|p2b: Doughboy|Shadow Ball|p1b: Archaludon
|-damage|p1b: Archaludon|6/100
|-ability|p1b: Archaludon|Stamina|boost
|-boost|p1b: Archaludon|def|1
|-damage|p2b: Doughboy|91/100|[from] item: Life Orb
|move|p1a: Pelipper|Hurricane|p2b: Doughboy
|-resisted|p2b: Doughboy
|-damage|p2b: Doughboy|66/100
|move|p2a: Bad Jawn|Spore|p1a: Pelipper
|-status|p1a: Pelipper|slp|[from] move: Spore
|
|-weather|RainDance|[upkeep]
|upkeep
|turn|6
|inactive|RaikuDraco has 30 seconds left.
|inactive|catnip enthusiast has 30 seconds left.
|inactive|RaikuDraco has 20 seconds left.
|
|t:|1757113989
|switch|p1a: Sinistcha|Sinistcha-Masterpiece, L50|57/100
|-heal|p1b: Archaludon|31/100|[from] ability: Hospitality|[of] p1a: Sinistcha
|move|p2b: Doughboy|Shadow Ball|p1b: Archaludon
|-damage|p1b: Archaludon|0 fnt
|faint|p1b: Archaludon
|-damage|p2b: Doughboy|56/100|[from] item: Life Orb
|move|p2a: Bad Jawn|Pollen Puff|p2b: Doughboy
|-heal|p2b: Doughboy|100/100
|
|-weather|RainDance|[upkeep]
|upkeep
|
|t:|1757114002
|switch|p1b: Pelipper|Pelipper, L50, M|100/100 slp
|turn|7
|
|t:|1757114017
|move|p2b: Doughboy|Shadow Ball|p1a: Sinistcha
|-supereffective|p1a: Sinistcha
|-damage|p1a: Sinistcha|0 fnt
|faint|p1a: Sinistcha
|-damage|p2b: Doughboy|91/100|[from] item: Life Orb
|cant|p1b: Pelipper|slp
|move|p2a: Bad Jawn|Pollen Puff|p1b: Pelipper
|-resisted|p1b: Pelipper
|-damage|p1b: Pelipper|85/100 slp
|
|-weather|none
|upkeep
|turn|8
|
|t:|1757114032
|move|p2a: Bad Jawn|Rage Powder|p2a: Bad Jawn
|-singleturn|p2a: Bad Jawn|move: Rage Powder
|move|p2b: Doughboy|Shadow Ball|p1b: Pelipper
|-damage|p1b: Pelipper|0 fnt
|faint|p1b: Pelipper
|-damage|p2b: Doughboy|81/100|[from] item: Life Orb
|
|win|catnip enthusiast
|raw|RaikuDraco's rating: 1215 → 1190(-25 for losing)
|raw|catnip enthusiast's rating: 1209 → 1234(+25 for winning)
|c|☆catnip enthusiast|gg
|c|☆RaikuDraco|ggs
|l|☆catnip enthusiast
|player|p2|
