|j|☆gray_gak
|j|☆Silhouetiquette
|html|gray_gakSilhouetiquette    
|uhtml|bestof|Game 2 of a best-of-3
|t:|1757089927
|gametype|doubles
|player|p1|gray_gak|flannery|1088
|player|p2|Silhouetiquette|265|1079
|gen|9
|tier|[Gen 9] VGC 2025 Reg H (Bo3)
|rated|
|rule|Species Clause: Limit one of each Pokémon
|rule|Item Clause: Limit 1 of each item
|clearpoke
|poke|p1|Wyrdeer, L50, F|
|poke|p1|Indeedee-F, L50, F|
|poke|p1|Annihilape, L50, F|
|poke|p1|Torkoal, L50, F|
|poke|p1|Delphox, L50, F|
|poke|p1|Kingambit, L50, F|
|poke|p2|Tyranitar, L50, F|
|poke|p2|Excadrill, L50, F|
|poke|p2|Kilowattrel, L50, F|
|poke|p2|Hydreigon, L50, F|
|poke|p2|Indeedee, L50, M|
|poke|p2|Sneasler, L50, F|
|teampreview|4
|showteam|p1|Wyrdeer||LifeOrb|Intimidate|Protect,TrickRoom,ExpandingForce,EarthPower|||F|||50|,,,,,Ground]Indeedee-F||RockyHelmet|PsychicSurge|Imprison,FollowMe,TrickRoom,Psychic|||F|||50|,,,,,Grass]Annihilape||SafetyGoggles|Defiant|DrainPunch,ThroatChop,RageFist,Protect|||F|||50|,,,,,Fire]Torkoal||Charcoal|Drought|Eruption,HelpingHand,Protect,WeatherBall|||F|||50|,,,,,Grass]Delphox||ChoiceScarf|Blaze|HeatWave,ExpandingForce,DazzlingGleam,Flamethrower|||F|||50|,,,,,Fairy]Kingambit||AssaultVest|Defiant|KowtowCleave,SuckerPunch,PoisonJab,LowKick|||F|||50|,,,,,Poison
|showteam|p2|Tyranitar||AssaultVest|SandStream|RockSlide,KnockOff,TeraBlast,LowKick|||F|||50|,,,,,Flying]Excadrill||ClearAmulet|SandRush|Earthquake,IronHead,StompingTantrum,Protect|||F|||50|,,,,,Ground]Kilowattrel||CovertCloak|Competitive|WeatherBall,Thunderbolt,AirSlash,Protect|||F|||50|,,,,,Stellar]Hydreigon||LifeOrb|Levitate|DarkPulse,DracoMeteor,Taunt,Protect|||F|||50|,,,,,Steel]Indeedee||ChoiceScarf|PsychicSurge|ExpandingForce,TeraBlast,EnergyBall,Psychic|||M|||50|,,,,,Fighting]Sneasler||PsychicSeed|Unburden|DireClaw,CloseCombat,Acrobatics,Protect|||F|||50|,,,,,Grass
|inactive|Battle timer is ON: inactive players will automatically lose when time's up. (requested by Silhouetiquette)
|
|t:|1757089947
|teamsize|p1|4
|teamsize|p2|4
|start
|switch|p1a: Delphox|Delphox, L50, F|100/100
|switch|p1b: Indeedee|Indeedee-F, L50, F|100/100
|switch|p2a: Hydreigon|Hydreigon, L50, F|100/100
|switch|p2b: Excadrill|Excadrill, L50, F|100/100
|-fieldstart|move: Psychic Terrain|[from] ability: Psychic Surge|[of] p1b: Indeedee
|turn|1
|
|t:|1757089961
|-terastallize|p1a: Delphox|Fairy
|-terastallize|p2b: Excadrill|Ground
|move|p1a: Delphox|Dazzling Gleam|p2b: Excadrill|[spread] p2a,p2b
|-supereffective|p2a: Hydreigon
|-crit|p2b: Excadrill
|-damage|p2a: Hydreigon|0 fnt
|-damage|p2b: Excadrill|40/100
|faint|p2a: Hydreigon
|move|p2b: Excadrill|Earthquake|p1b: Indeedee|[spread] p1a,p1b
|-damage|p1a: Delphox|11/100
|-damage|p1b: Indeedee|46/100
|move|p1b: Indeedee|Trick Room|p1b: Indeedee
|-fieldstart|move: Trick Room|[of] p1b: Indeedee
|
|upkeep
|
|t:|1757089972
|switch|p2a: Tyranitar|Tyranitar, L50, F|100/100
|-weather|Sandstorm|[from] ability: Sand Stream|[of] p2a: Tyranitar
|turn|2
|
|t:|1757089987
|switch|p1a: Wyrdeer|Wyrdeer, L50, F|100/100
|-ability|p1a: Wyrdeer|Intimidate|boost
|-unboost|p2a: Tyranitar|atk|1
|-fail|p2b: Excadrill|unboost|[from] item: Clear Amulet|[of] p2b: Excadrill
|move|p1b: Indeedee|Follow Me|p1b: Indeedee
|-singleturn|p1b: Indeedee|move: Follow Me
|move|p2a: Tyranitar|Rock Slide|p1b: Indeedee|[spread] p1a,p1b
|-damage|p1a: Wyrdeer|75/100
|-damage|p1b: Indeedee|25/100
|move|p2b: Excadrill|Stomping Tantrum|p1b: Indeedee
|-damage|p1b: Indeedee|0 fnt
|-damage|p2b: Excadrill|24/100|[from] item: Rocky Helmet|[of] p1b: Indeedee
|faint|p1b: Indeedee
|
|-weather|Sandstorm|[upkeep]
|-damage|p1a: Wyrdeer|69/100|[from] Sandstorm
|upkeep
|
|t:|1757090000
|switch|p1b: Torkoal|Torkoal, L50, F|100/100
|-weather|SunnyDay|[from] ability: Drought|[of] p1b: Torkoal
|turn|3
|
|t:|1757090023
|switch|p2a: Kilowattrel|Kilowattrel, L50, F|100/100
|move|p2b: Excadrill|Protect|p2b: Excadrill
|-singleturn|p2b: Excadrill|Protect
|move|p1b: Torkoal|Eruption|p2b: Excadrill|[spread] p2a
|-activate|p2b: Excadrill|move: Protect
|-damage|p2a: Kilowattrel|0 fnt
|faint|p2a: Kilowattrel
|move|p1a: Wyrdeer|Earth Power|p2b: Excadrill
|-activate|p2b: Excadrill|move: Protect
|
|-weather|SunnyDay|[upkeep]
|upkeep
|
|t:|1757090025
|switch|p2a: Tyranitar|Tyranitar, L50, F|100/100
|-weather|Sandstorm|[from] ability: Sand Stream|[of] p2a: Tyranitar
|turn|4
|inactive|gray_gak has 30 seconds left.
|inactive|gray_gak has 20 seconds left.
|
|t:|1757090061
|move|p1b: Torkoal|Protect|p1b: Torkoal
|-singleturn|p1b: Torkoal|Protect
|move|p1a: Wyrdeer|Earth Power|p2b: Excadrill
|-damage|p2b: Excadrill|0 fnt
|faint|p2b: Excadrill
|-damage|p1a: Wyrdeer|59/100|[from] item: Life Orb
|move|p2a: Tyranitar|Rock Slide|p1b: Torkoal|[spread] p1a
|-activate|p1b: Torkoal|move: Protect
|-damage|p1a: Wyrdeer|25/100
|
|-weather|Sandstorm|[upkeep]
|-damage|p1b: Torkoal|94/100|[from] Sandstorm
|-damage|p1a: Wyrdeer|19/100|[from] Sandstorm
|upkeep
|turn|5
|
|t:|1757090085
|move|p1b: Torkoal|Eruption|p2a: Tyranitar
|-resisted|p2a: Tyranitar
|-damage|p2a: Tyranitar|87/100
|move|p1a: Wyrdeer|Earth Power|p2a: Tyranitar
|-supereffective|p2a: Tyranitar
|-damage|p2a: Tyranitar|54/100
|-damage|p1a: Wyrdeer|9/100|[from] item: Life Orb
|move|p2a: Tyranitar|Rock Slide|p1a: Wyrdeer|[spread] p1a,p1b
|-supereffective|p1b: Torkoal
|-damage|p1a: Wyrdeer|0 fnt
|-damage|p1b: Torkoal|29/100
|faint|p1a: Wyrdeer
|
|-weather|Sandstorm|[upkeep]
|-damage|p1b: Torkoal|22/100|[from] Sandstorm
|-fieldend|move: Trick Room
|-fieldend|move: Psychic Terrain
|upkeep
|
|t:|1757090089
|switch|p1a: Delphox|Delphox, L50, F, tera:Fairy|11/100
|turn|6
|
|t:|1757090104
|move|p1b: Torkoal|Helping Hand|p1a: Delphox
|-singleturn|p1a: Delphox|Helping Hand|[of] p1b: Torkoal
|move|p1a: Delphox|Dazzling Gleam|p2a: Tyranitar
|-supereffective|p2a: Tyranitar
|-damage|p2a: Tyranitar|1/100
|move|p2a: Tyranitar|Rock Slide|p1a: Delphox|[spread] p1b
|-miss|p2a: Tyranitar|p1a: Delphox
|-supereffective|p1b: Torkoal
|-damage|p1b: Torkoal|0 fnt
|faint|p1b: Torkoal
|
|-weather|Sandstorm|[upkeep]
|-damage|p1a: Delphox|5/100|[from] Sandstorm
|upkeep
|turn|7
|-message|Silhouetiquette forfeited.
|
|win|gray_gak
|raw|gray_gak's rating: 1088 → 1114(+26 for winning)
|raw|Silhouetiquette's rating: 1079 → 1058(-21 for losing)
|l|☆Silhouetiquette
|player|p2|
|l|☆gray_gak
|player|p1|
|j|☆gray_gak
|player|p1|gray_gak|flannery|
