|j|☆smearglesoldier
|j|☆LabVGC
|html|smearglesoldierLabVGC    
|uhtml|bestof|Game 2 of a best-of-3
|t:|1756405974
|gametype|doubles
|player|p1|smearglesoldier|camper|1070
|player|p2|LabVGC|101|1089
|gen|9
|tier|[Gen 9] VGC 2025 Reg H (Bo3)
|rated|
|rule|Species Clause: Limit one of each Pokémon
|rule|Item Clause: Limit 1 of each item
|clearpoke
|poke|p1|Bellibolt, L50, M|
|poke|p1|Pincurchin, L50, F|
|poke|p1|Farigiraf, L50, M|
|poke|p1|Pelipper, L50, M|
|poke|p1|Archaludon, L50, F|
|poke|p1|Milotic, L50, F|
|poke|p2|Smeargle, L50, F|
|poke|p2|Tatsugiri, L50, F|
|poke|p2|Ursaluna-Bloodmoon, L50, M|
|poke|p2|Indeedee, L50, M|
|poke|p2|Dondozo, L50, M|
|poke|p2|Sneasler, L50, F|
|teampreview|4
|showteam|p1|Bellibolt||ElectricSeed|Electromorphosis|ParabolicCharge,Thunder,Soak,Protect|||M|||50|,,,,,Electric]Pincurchin||RockyHelmet|ElectricSurge|Discharge,Recover,MuddyWater,Protect|||F|||50|,,,,,Ground]Farigiraf||ThroatSpray|ArmorTail|TrickRoom,HyperVoice,DazzlingGleam,Protect|||M|||50|,,,,,Fairy]Pelipper||CovertCloak|Drizzle|Tailwind,Protect,Hurricane,WeatherBall|||M|||50|,,,,,Ground]Archaludon||AssaultVest|Stamina|ElectroShot,BodyPress,DracoMeteor,FlashCannon|||F|||50|,,,,,Steel]Milotic||FlameOrb|MarvelScale|Haze,Protect,LifeDew,Facade|||F|||50|,,,,,Water
|showteam|p2|Smeargle||FocusSash|Moody|Protect,FakeOut,Spore,FollowMe|||F|||50|,,,,,Ghost]Tatsugiri||SafetyGoggles|Commander|MuddyWater,IcyWind,DracoMeteor,Protect|||F|||50|,,,,,Steel]Ursaluna-Bloodmoon||AssaultVest|MindsEye|BloodMoon,HyperVoice,EarthPower,VacuumWave|||M|||50|,,,,,Grass]Indeedee||ChoiceScarf|PsychicSurge|ExpandingForce,ShadowBall,DazzlingGleam,TrickRoom|||M|||50|,,,,,Psychic]Dondozo||Leftovers|Unaware|Protect,WaveCrash,OrderUp,Earthquake|||M|||50|,,,,,Dragon]Sneasler||PsychicSeed|Unburden|Protect,DireClaw,CloseCombat,ThroatChop|||F|||50|,,,,,Stellar
|inactive|Battle timer is ON: inactive players will automatically lose when time's up. (requested by LabVGC)
|inactive|smearglesoldier has 60 seconds left.
|
|t:|1756406031
|teamsize|p1|4
|teamsize|p2|4
|start
|switch|p1a: Pelipper|Pelipper, L50, M|100/100
|switch|p1b: Pincurchin|Pincurchin, L50, F|100/100
|switch|p2a: Sneasler|Sneasler, L50, F|100/100
|switch|p2b: Indeedee|Indeedee, L50, M|100/100
|-fieldstart|move: Psychic Terrain|[from] ability: Psychic Surge|[of] p2b: Indeedee
|-enditem|p2a: Sneasler|Psychic Seed
|-boost|p2a: Sneasler|spd|1|[from] item: Psychic Seed
|-weather|RainDance|[from] ability: Drizzle|[of] p1a: Pelipper
|-fieldstart|move: Electric Terrain|[from] ability: Electric Surge|[of] p1b: Pincurchin
|turn|1
|inactive|LabVGC has 30 seconds left.
|inactive|LabVGC has 20 seconds left.
|inactive|LabVGC has 15 seconds left.
|inactive|LabVGC has 10 seconds left.
|
|t:|1756406077
|switch|p2b: Tatsugiri|Tatsugiri, L50, F|100/100
|move|p2a: Sneasler|Dire Claw|p1a: Pelipper
|-damage|p1a: Pelipper|68/100
|move|p1a: Pelipper|Tailwind|p1a: Pelipper
|-sidestart|p1: smearglesoldier|move: Tailwind
|move|p1b: Pincurchin|Muddy Water|p2b: Tatsugiri|[spread] p2a,p2b
|-resisted|p2b: Tatsugiri
|-damage|p2a: Sneasler|81/100
|-damage|p2b: Tatsugiri|93/100
|
|-weather|RainDance|[upkeep]
|upkeep
|turn|2
|inactive|smearglesoldier has 30 seconds left.
|inactive|LabVGC has 30 seconds left.
|inactive|LabVGC has 20 seconds left.
|inactive|smearglesoldier has 20 seconds left.
|inactive|LabVGC has 15 seconds left.
|inactive|smearglesoldier has 15 seconds left.
|inactive|smearglesoldier has 10 seconds left.
|
|t:|1756406131
|move|p2a: Sneasler|Protect|p2a: Sneasler
|-singleturn|p2a: Sneasler|Protect
|move|p2b: Tatsugiri|Protect|p2b: Tatsugiri
|-singleturn|p2b: Tatsugiri|Protect
|move|p1a: Pelipper|Hurricane|p2a: Sneasler
|-activate|p2a: Sneasler|move: Protect
|move|p1b: Pincurchin|Muddy Water|p2b: Tatsugiri|[spread] 
|-activate|p2a: Sneasler|move: Protect
|-activate|p2b: Tatsugiri|move: Protect
|
|-weather|RainDance|[upkeep]
|upkeep
|turn|3
|inactive|LabVGC has 30 seconds left.
|inactive|LabVGC has 20 seconds left.
|inactive|LabVGC has 15 seconds left.
|inactive|LabVGC has 10 seconds left.
|inactive|LabVGC has 5 seconds left.
|
|t:|1756406182
|move|p1a: Pelipper|Protect|p1a: Pelipper
|-singleturn|p1a: Pelipper|Protect
|move|p2a: Sneasler|Dire Claw|p1a: Pelipper
|-activate|p1a: Pelipper|move: Protect
|move|p2b: Tatsugiri|Draco Meteor|p1a: Pelipper
|-activate|p1a: Pelipper|move: Protect
|move|p1b: Pincurchin|Discharge|p2a: Sneasler|[spread] p2a,p2b
|-activate|p1a: Pelipper|move: Protect
|-damage|p2a: Sneasler|59/100
|-damage|p2b: Tatsugiri|61/100
|
|-weather|RainDance|[upkeep]
|upkeep
|turn|4
|inactive|smearglesoldier has 30 seconds left.
|
|t:|1756406210
|switch|p2b: Indeedee|Indeedee, L50, M|100/100
|-fieldstart|move: Psychic Terrain|[from] ability: Psychic Surge|[of] p2b: Indeedee
|move|p2a: Sneasler|Protect|p2a: Sneasler
|-singleturn|p2a: Sneasler|Protect
|move|p1a: Pelipper|Hurricane|p2a: Sneasler
|-activate|p2a: Sneasler|move: Protect
|move|p1b: Pincurchin|Muddy Water|p2b: Indeedee|[spread] p2b
|-activate|p2a: Sneasler|move: Protect
|-damage|p2b: Indeedee|72/100
|
|-weather|RainDance|[upkeep]
|-sideend|p1: smearglesoldier|move: Tailwind
|upkeep
|turn|5
|inactive|LabVGC has 30 seconds left.
|
|t:|1756406238
|-terastallize|p2b: Indeedee|Psychic
|move|p1a: Pelipper|Protect|p1a: Pelipper
|-singleturn|p1a: Pelipper|Protect
|move|p2a: Sneasler|Close Combat|p1b: Pincurchin
|-damage|p1b: Pincurchin|38/100
|-unboost|p2a: Sneasler|def|1
|-unboost|p2a: Sneasler|spd|1
|-damage|p2a: Sneasler|43/100|[from] item: Rocky Helmet|[of] p1b: Pincurchin
|move|p2b: Indeedee|Expanding Force|p1a: Pelipper|[spread] p1b
|-activate|p1a: Pelipper|move: Protect
|-damage|p1b: Pincurchin|0 fnt
|faint|p1b: Pincurchin
|
|-weather|none
|upkeep
|
|t:|1756406255
|switch|p1b: Bellibolt|Bellibolt, L50, M|100/100
|turn|6
|
|t:|1756406270
|-terastallize|p1b: Bellibolt|Electric
|move|p2a: Sneasler|Dire Claw|p1a: Pelipper
|-damage|p1a: Pelipper|29/100
|move|p2b: Indeedee|Expanding Force|p1b: Bellibolt|[spread] p1a,p1b
|-damage|p1a: Pelipper|0 fnt
|-damage|p1b: Bellibolt|29/100
|-start|p1b: Bellibolt|Charge|Expanding Force|[from] ability: Electromorphosis
|faint|p1a: Pelipper
|move|p1b: Bellibolt|Parabolic Charge|p2a: Sneasler|[spread] p2a,p2b
|-damage|p2a: Sneasler|0 fnt
|-heal|p1b: Bellibolt|44/100|[from] drain|[of] p2a: Sneasler
|-damage|p2b: Indeedee|0 fnt
|-heal|p1b: Bellibolt|67/100|[from] drain|[of] p2b: Indeedee
|faint|p2a: Sneasler
|faint|p2b: Indeedee
|-end|p1b: Bellibolt|Charge|[silent]
|
|upkeep
|
|t:|1756406288
|switch|p2a: Dondozo|Dondozo, L50, M|100/100
|switch|p2b: Tatsugiri|Tatsugiri, L50, F|61/100
|switch|p1a: Archaludon|Archaludon, L50, F|100/100
|-activate|p2b: Tatsugiri|ability: Commander|[of] p2a: Dondozo
|-boost|p2a: Dondozo|atk|2
|-boost|p2a: Dondozo|spa|2
|-boost|p2a: Dondozo|spe|2
|-boost|p2a: Dondozo|def|2
|-boost|p2a: Dondozo|spd|2
|turn|7
|
|t:|1756406310
|move|p2a: Dondozo|Order Up|p1a: Archaludon
|-damage|p1a: Archaludon|62/100
|-ability|p1a: Archaludon|Stamina|boost
|-boost|p1a: Archaludon|def|1
|-boost|p2a: Dondozo|atk|1
|move|p1a: Archaludon|Electro Shot||[still]
|-prepare|p1a: Archaludon|Electro Shot
|-boost|p1a: Archaludon|spa|1
|move|p1b: Bellibolt|Parabolic Charge|p2b: Tatsugiri|[spread] p1a,p2a
|-miss|p1b: Bellibolt|p2b: Tatsugiri
|-resisted|p1a: Archaludon
|-supereffective|p2a: Dondozo
|-damage|p1a: Archaludon|47/100
|-heal|p1b: Bellibolt|73/100|[from] drain|[of] p1a: Archaludon
|-damage|p2a: Dondozo|65/100
|-heal|p1b: Bellibolt|92/100|[from] drain|[of] p2a: Dondozo
|-ability|p1a: Archaludon|Stamina|boost
|-boost|p1a: Archaludon|def|1
|
|-heal|p2a: Dondozo|71/100|[from] item: Leftovers
|upkeep
|turn|8
|inactive|smearglesoldier has 30 seconds left.
|
|t:|1756406337
|move|p2a: Dondozo|Protect|p2a: Dondozo
|-singleturn|p2a: Dondozo|Protect
|move|p1a: Archaludon|Electro Shot|p2a: Dondozo|[from] lockedmove
|-activate|p2a: Dondozo|move: Protect
|move|p1b: Bellibolt|Parabolic Charge|p2b: Tatsugiri|[spread] p1a
|-miss|p1b: Bellibolt|p2b: Tatsugiri
|-activate|p2a: Dondozo|move: Protect
|-resisted|p1a: Archaludon
|-damage|p1a: Archaludon|33/100
|-heal|p1b: Bellibolt|97/100|[from] drain|[of] p1a: Archaludon
|-ability|p1a: Archaludon|Stamina|boost
|-boost|p1a: Archaludon|def|1
|
|-heal|p2a: Dondozo|77/100|[from] item: Leftovers
|-fieldend|move: Psychic Terrain
|upkeep
|turn|9
|
|t:|1756406353
|move|p2a: Dondozo|Earthquake|p1a: Archaludon|[spread] p1a,p1b
|-miss|p2a: Dondozo|p2b: Tatsugiri
|-supereffective|p1a: Archaludon
|-supereffective|p1b: Bellibolt
|-damage|p1a: Archaludon|0 fnt
|-damage|p1b: Bellibolt|5/100
|-start|p1b: Bellibolt|Charge|Earthquake|[from] ability: Electromorphosis
|faint|p1a: Archaludon
|move|p1b: Bellibolt|Parabolic Charge|p2a: Dondozo|[spread] p2a
|-miss|p1b: Bellibolt|p2b: Tatsugiri
|-supereffective|p2a: Dondozo
|-damage|p2a: Dondozo|1/100
|-heal|p1b: Bellibolt|44/100|[from] drain|[of] p2a: Dondozo
|-end|p1b: Bellibolt|Charge|[silent]
|
|-heal|p2a: Dondozo|7/100|[from] item: Leftovers
|upkeep
|turn|10
|
|t:|1756406368
|move|p2a: Dondozo|Earthquake|p1b: Bellibolt|[spread] p1b
|-miss|p2a: Dondozo|p2b: Tatsugiri
|-supereffective|p1b: Bellibolt
|-damage|p1b: Bellibolt|0 fnt
|faint|p1b: Bellibolt
|
|win|LabVGC
|raw|smearglesoldier's rating: 1070 → 1051(-19 for losing)
|raw|LabVGC's rating: 1089 → 1114(+25 for winning)
|l|☆smearglesoldier
|player|p1|
|l|☆LabVGC
|player|p2|
|j|☆LabVGC
|player|p2|LabVGC|101|
