|j|☆keston.fr
|j|☆lolgz
|html|keston.frlolgz    
|uhtml|bestof|Game 1 of a best-of-3
|t:|1784228842
|gametype|doubles
|player|p1|keston.fr|cilan|1141
|player|p2|lolgz|dawn|1043
|gen|9
|tier|[Gen 9 Champions] VGC 2026 Reg M-B (Bo3)
|rated|
|rule|Species Clause: Limit one of each Pokémon
|rule|Item Clause: Limit 1 of each item
|clearpoke
|poke|p1|Primarina, L50, M, shiny|
|poke|p1|Scovillain, L50, F|
|poke|p1|Garchomp, L50, M|
|poke|p1|Incineroar, L50, M|
|poke|p1|Aegislash, L50, M|
|poke|p1|Aerodactyl, L50, F, shiny|
|poke|p2|Blastoise, L50, M|
|poke|p2|Vivillon, L50, M|
|poke|p2|Farigiraf, L50, M|
|poke|p2|Gallade, L50, M|
|poke|p2|Mawile, L50, F|
|poke|p2|Torkoal, L50, F|
|teampreview|4
|showteam|p1|Primarina||Leftovers|LiquidVoice|Moonblast,HyperVoice,CalmMind,Protect|Modest||M|||50|]Scovillain||Scovillainite|Moody|RagePowder,Protect,LeechSeed,Flamethrower|Bold||F|||50|]Garchomp||LifeOrb|RoughSkin|DragonClaw,StompingTantrum,RockSlide,Protect|Adamant||M|||50|]Incineroar||SitrusBerry|Intimidate|FakeOut,PartingShot,DarkestLariat,FlareBlitz|Careful||M|||50|]Aegislash||ExpertBelt|StanceChange|SacredSword,IronHead,Poltergeist,KingsShield|Adamant||M|||50|]Aerodactyl||FocusSash|Unnerve|RockSlide,Tailwind,WideGuard,Taunt|Jolly||F|||50|
|showteam|p2|Blastoise||Blastoisinite|Torrent|WaterSpout,DarkPulse,FakeOut,ShellSmash|Modest||M|||50|]Vivillon||ChoiceScarf|CompoundEyes|SleepPowder,RagePowder,Tailwind,Hurricane|Timid||M|||50|]Farigiraf||SitrusBerry|ArmorTail|TrickRoom,Psychic,HelpingHand,Protect|Relaxed||M|||50|]Gallade||IronBall|Sharpness|SacredSword,PsychoCut,LeafBlade,TrickRoom|Brave||M|||50|]Mawile||Mawilite|HyperCutter|SuckerPunch,PlayRough,RockSlide,Protect|Brave||F|||50|]Torkoal||Charcoal|Drought|WeatherBall,Eruption,EarthPower,Protect|Quiet||F|||50|
|inactive|Battle timer is ON: inactive players will automatically lose when time's up. (requested by lolgz)
|inactive|keston.fr has 60 seconds left.
|
|t:|1784228889
|teamsize|p1|4
|teamsize|p2|4
|start
|switch|p1a: Scovillain|Scovillain, L50, F|100/100
|switch|p1b: Aerodactyl|Aerodactyl, L50, F, shiny|100/100
|switch|p2a: Farigiraf|Farigiraf, L50, M|100/100
|switch|p2b: Blastoise|Blastoise, L50, M|100/100
|-ability|p1b: Aerodactyl|Unnerve
|turn|1
|inactive|lolgz has 30 seconds left.
|l|☆lolgz
|inactive|lolgz disconnected and has a minute to reconnect!
|player|p2|
|inactive|lolgz has 20 seconds left.
|inactive|lolgz has 15 seconds left.
|j|☆lolgz
|inactive|lolgz reconnected and has 15 seconds left.
|player|p2|lolgz|dawn|
|inactive|lolgz has 10 seconds left.
|inactive|lolgz has 5 seconds left.
|
|t:|1784228943
|detailschange|p2b: Blastoise|Blastoise-Mega, L50, M
|-mega|p2b: Blastoise|Blastoise|Blastoisinite
|detailschange|p1a: Scovillain|Scovillain-Mega, L50, F
|-mega|p1a: Scovillain|Scovillain|Scovillainite
|move|p2b: Blastoise|Fake Out|p1b: Aerodactyl
|-resisted|p1b: Aerodactyl|1
|-damage|p1b: Aerodactyl|93/100
|cant|p1b: Aerodactyl|flinch
|move|p1a: Scovillain|Leech Seed|p2b: Blastoise|[miss]
|-miss|p1a: Scovillain|p2b: Blastoise
|move|p2a: Farigiraf|Trick Room|p2a: Farigiraf
|-fieldstart|move: Trick Room|[of] p2a: Farigiraf
|
|upkeep
|turn|2
|
|t:|1784228966
|move|p2a: Farigiraf|Helping Hand|p2b: Blastoise
|-singleturn|p2b: Blastoise|Helping Hand|[of] p2a: Farigiraf
|move|p1b: Aerodactyl|Wide Guard|p1b: Aerodactyl
|-singleturn|p1b: Aerodactyl|Wide Guard
|move|p1a: Scovillain|Leech Seed|p2b: Blastoise
|-start|p2b: Blastoise|move: Leech Seed
|move|p2b: Blastoise|Water Spout|p1b: Aerodactyl|[spread] 
|-activate|p1a: Scovillain|move: Wide Guard
|-activate|p1b: Aerodactyl|move: Wide Guard
|
|-damage|p2b: Blastoise|87/100|[from] Leech Seed|[of] p1a: Scovillain
|upkeep
|turn|3
|
|t:|1784228987
|move|p2a: Farigiraf|Helping Hand|p2b: Blastoise
|-singleturn|p2b: Blastoise|Helping Hand|[of] p2a: Farigiraf
|move|p1b: Aerodactyl|Wide Guard|p1b: Aerodactyl
|-singleturn|p1b: Aerodactyl|Wide Guard
|move|p1a: Scovillain|Leech Seed|p2a: Farigiraf
|-start|p2a: Farigiraf|move: Leech Seed
|move|p2b: Blastoise|Water Spout|p1a: Scovillain|[spread] 
|-activate|p1a: Scovillain|move: Wide Guard
|-activate|p1b: Aerodactyl|move: Wide Guard
|
|-damage|p2a: Farigiraf|87/100|[from] Leech Seed|[of] p1a: Scovillain
|-damage|p2b: Blastoise|75/100|[from] Leech Seed|[of] p1a: Scovillain
|upkeep
|turn|4
|
|t:|1784229009
|move|p2a: Farigiraf|Helping Hand|p2b: Blastoise
|-singleturn|p2b: Blastoise|Helping Hand|[of] p2a: Farigiraf
|move|p1b: Aerodactyl|Wide Guard|p1b: Aerodactyl
|-singleturn|p1b: Aerodactyl|Wide Guard
|move|p1a: Scovillain|Rage Powder|p1a: Scovillain
|-singleturn|p1a: Scovillain|move: Rage Powder
|move|p2b: Blastoise|Dark Pulse|p1a: Scovillain
|-damage|p1a: Scovillain|26/100
|-status|p2b: Blastoise|brn|[from] ability: Spicy Spray|[of] p1a: Scovillain
|
|-damage|p2a: Farigiraf|75/100|[from] Leech Seed|[of] p1a: Scovillain
|-heal|p1a: Scovillain|42/100|[silent]
|-damage|p2b: Blastoise|63/100 brn|[from] Leech Seed|[of] p1a: Scovillain
|-heal|p1a: Scovillain|55/100|[silent]
|-damage|p2b: Blastoise|57/100 brn|[from] brn
|upkeep
|turn|5
|
|t:|1784229029
|switch|p1b: Primarina|Primarina, L50, M, shiny|100/100
|move|p1a: Scovillain|Protect|p1a: Scovillain
|-singleturn|p1a: Scovillain|Protect
|move|p2a: Farigiraf|Psychic|p1a: Scovillain
|-activate|p1a: Scovillain|move: Protect
|move|p2b: Blastoise|Dark Pulse|p1a: Scovillain
|-activate|p1a: Scovillain|move: Protect
|
|-damage|p2a: Farigiraf|62/100|[from] Leech Seed|[of] p1a: Scovillain
|-heal|p1a: Scovillain|71/100|[silent]
|-damage|p2b: Blastoise|45/100 brn|[from] Leech Seed|[of] p1a: Scovillain
|-heal|p1a: Scovillain|84/100|[silent]
|-damage|p2b: Blastoise|38/100 brn|[from] brn
|-fieldend|move: Trick Room
|upkeep
|turn|6
|inactive|keston.fr has 30 seconds left.
|inactive|keston.fr has 20 seconds left.
|
|t:|1784229068
|switch|p1a: Aerodactyl|Aerodactyl, L50, F, shiny|93/100
|-ability|p1a: Aerodactyl|Unnerve
|move|p2b: Blastoise|Dark Pulse|p1a: Aerodactyl
|-damage|p1a: Aerodactyl|29/100
|move|p1b: Primarina|Moonblast|p2a: Farigiraf
|-damage|p2a: Farigiraf|14/100
|move|p2a: Farigiraf|Trick Room|p2a: Farigiraf
|-fieldstart|move: Trick Room|[of] p2a: Farigiraf
|
|-damage|p2a: Farigiraf|1/100|[from] Leech Seed|[of] p1a: Aerodactyl
|-heal|p1a: Aerodactyl|47/100|[silent]
|-damage|p2b: Blastoise|26/100 brn|[from] Leech Seed|[of] p1a: Aerodactyl
|-heal|p1a: Aerodactyl|61/100|[silent]
|-damage|p2b: Blastoise|20/100y brn|[from] brn
|upkeep
|turn|7
|
|t:|1784229092
|move|p2a: Farigiraf|Psychic|p1a: Aerodactyl
|-damage|p1a: Aerodactyl|10/100
|-unboost|p1a: Aerodactyl|spd|1
|move|p1b: Primarina|Calm Mind|p1b: Primarina
|-boost|p1b: Primarina|spa|1
|-boost|p1b: Primarina|spd|1
|move|p2b: Blastoise|Dark Pulse|p1a: Aerodactyl
|-damage|p1a: Aerodactyl|0 fnt
|-enditem|p2a: Farigiraf|Sitrus Berry|[eat]
|-heal|p2a: Farigiraf|26/100|[from] item: Sitrus Berry
|faint|p1a: Aerodactyl
|
|-damage|p2b: Blastoise|14/100 brn|[from] brn
|upkeep
|
|t:|1784229106
|switch|p1a: Scovillain|Scovillain-Mega, L50, F|84/100
|turn|8
|
|t:|1784229110
|move|p1a: Scovillain|Rage Powder|p1a: Scovillain
|-singleturn|p1a: Scovillain|move: Rage Powder
|move|p2a: Farigiraf|Psychic|p1a: Scovillain
|-damage|p1a: Scovillain|49/100
|-status|p2a: Farigiraf|brn|[from] ability: Spicy Spray|[of] p1a: Scovillain
|move|p1b: Primarina|Calm Mind|p1b: Primarina
|-boost|p1b: Primarina|spa|1
|-boost|p1b: Primarina|spd|1
|move|p2b: Blastoise|Dark Pulse|p1a: Scovillain
|-damage|p1a: Scovillain|1/100
|
|-damage|p2a: Farigiraf|14/100 brn|[from] Leech Seed|[of] p1a: Scovillain
|-heal|p1a: Scovillain|16/100|[silent]
|-damage|p2b: Blastoise|2/100 brn|[from] Leech Seed|[of] p1a: Scovillain
|-heal|p1a: Scovillain|29/100|[silent]
|-damage|p2a: Farigiraf|7/100 brn|[from] brn
|-damage|p2b: Blastoise|0 fnt|[from] brn
|faint|p2b: Blastoise
|upkeep
|
|t:|1784229116
|switch|p2b: Torkoal|Torkoal, L50, F|100/100
|-weather|SunnyDay|[from] ability: Drought|[of] p2b: Torkoal
|turn|9
|inactive|keston.fr has 30 seconds left.
|
|t:|1784229151
|switch|p2a: Gallade|Gallade, L50, M|100/100
|move|p1a: Scovillain|Protect|p1a: Scovillain
|-singleturn|p1a: Scovillain|Protect
|move|p2b: Torkoal|Eruption|p1b: Primarina|[spread] p1b
|-activate|p1a: Scovillain|move: Protect
|-resisted|p1b: Primarina|1
|-damage|p1b: Primarina|78/100
|move|p1b: Primarina|Hyper Voice|p2a: Gallade|[spread] p2a,p2b
|-supereffective|p2b: Torkoal|1
|-damage|p2a: Gallade|70/100
|-damage|p2b: Torkoal|14/100
|
|-weather|SunnyDay|[upkeep]
|-heal|p1b: Primarina|84/100|[from] item: Leftovers
|upkeep
|turn|10
|
|t:|1784229165
|move|p1b: Primarina|Protect|p1b: Primarina
|-singleturn|p1b: Primarina|Protect
|move|p1a: Scovillain|Rage Powder|p1a: Scovillain
|-singleturn|p1a: Scovillain|move: Rage Powder
|move|p2b: Torkoal|Weather Ball|p1a: Scovillain
|-damage|p1a: Scovillain|0 fnt
|-immune|p2b: Torkoal
|faint|p1a: Scovillain
|move|p2a: Gallade|Leaf Blade|p1b: Primarina
|-activate|p1b: Primarina|move: Protect
|
|-weather|SunnyDay|[upkeep]
|-heal|p1b: Primarina|90/100|[from] item: Leftovers
|-fieldend|move: Trick Room
|upkeep
|
|t:|1784229178
|switch|p1a: Garchomp|Garchomp, L50, M|100/100
|turn|11
|
|t:|1784229183
|move|p2b: Torkoal|Protect|p2b: Torkoal
|-singleturn|p2b: Torkoal|Protect
|move|p1a: Garchomp|Stomping Tantrum|p2a: Gallade
|-damage|p2a: Gallade|0 fnt
|faint|p2a: Gallade
|-damage|p1a: Garchomp|90/100|[from] item: Life Orb
|move|p1b: Primarina|Hyper Voice|p2b: Torkoal
|-activate|p2b: Torkoal|move: Protect
|
|-weather|SunnyDay|[upkeep]
|-heal|p1b: Primarina|95/100|[from] item: Leftovers
|upkeep
|-message|lolgz forfeited.
|
|win|keston.fr
