|j|☆Oooo11
|j|☆dmac55
|html|Oooo11dmac55    
|uhtml|bestof|Game 2 of a best-of-3
|t:|1785803264
|gametype|doubles
|player|p1|Oooo11|1|1308
|player|p2|dmac55|265|1315
|gen|9
|tier|[Gen 9 Champions] VGC 2026 Reg M-B (Bo3)
|rated|
|rule|Species Clause: Limit one of each Pokémon
|rule|Item Clause: Limit 1 of each item
|clearpoke
|poke|p1|Charizard, L50, M|
|poke|p1|Garchomp, L50, F|
|poke|p1|Whimsicott, L50, F|
|poke|p1|Gardevoir, L50, F|
|poke|p1|Farigiraf, L50, F|
|poke|p1|Venusaur, L50, F|
|poke|p2|Vanilluxe, L50, F|
|poke|p2|Kingambit, L50, M|
|poke|p2|Raichu, L50, M|
|poke|p2|Basculegion, L50, M|
|poke|p2|Volcarona, L50, M|
|poke|p2|Garchomp, L50, M|
|teampreview|4
|showteam|p1|Charizard||CharizarditeY|Blaze|SolarBeam,Protect,HeatWave,WeatherBall|Timid||M|||50|]Garchomp||LifeOrb|RoughSkin|Protect,Earthquake,DragonClaw,RockSlide|Jolly||F|||50|]Whimsicott||FocusSash|Prankster|Protect,Encore,Moonblast,Tailwind|Bold||F|||50|]Gardevoir||Gardevoirite|Trace|Protect,HyperVoice,Psyshock,AuraSphere|Modest||F|||50|]Farigiraf||SitrusBerry|ArmorTail|Protect,Psychic,Imprison,TrickRoom|Sassy||F|||50|]Venusaur||WhiteHerb|Chlorophyll|Protect,LeafStorm,SludgeBomb,SleepPowder|Modest||F|||50|
|showteam|p2|Vanilluxe||NeverMeltIce|SnowWarning|Blizzard,FreezeDry,IceShard,Protect|Modest||F|||50|]Kingambit||BlackGlasses|Defiant|KowtowCleave,SuckerPunch,IronHead,Protect|Adamant||M|||50|]Raichu||RaichuniteY|LightningRod|FakeOut,ZapCannon,FocusBlast,Protect|Timid||M|||50|]Basculegion||ChoiceScarf|Adaptability|LastRespects,WaveCrash,AquaJet,FlipTurn|Jolly||M|||50|]Volcarona||SitrusBerry|FlameBody|Tailwind,RagePowder,HeatWave,Protect|Bold||M|||50|]Garchomp||LifeOrb|RoughSkin|DragonClaw,StompingTantrum,RockSlide,Protect|Jolly||M|||50|
|inactive|Battle timer is ON: inactive players will automatically lose when time's up. (requested by Oooo11)
|
|t:|1785803308
|teamsize|p1|4
|teamsize|p2|4
|start
|switch|p1a: Venusaur|Venusaur, L50, F|100/100
|switch|p1b: Charizard|Charizard, L50, M|100/100
|switch|p2a: Basculegion|Basculegion, L50, M|100/100
|switch|p2b: Garchomp|Garchomp, L50, M|100/100
|turn|1
|inactive|dmac55 has 30 seconds left.
|
|t:|1785803336
|detailschange|p1b: Charizard|Charizard-Mega-Y, L50, M
|-mega|p1b: Charizard|Charizard|Charizardite Y
|-weather|SunnyDay|[from] ability: Drought|[of] p1b: Charizard
|move|p1b: Charizard|Protect|p1b: Charizard
|-singleturn|p1b: Charizard|Protect
|move|p1a: Venusaur|Sleep Powder|p2b: Garchomp
|-status|p2b: Garchomp|slp|[from] move: Sleep Powder
|move|p2a: Basculegion|Flip Turn|p1a: Venusaur
|-resisted|p1a: Venusaur|1
|-damage|p1a: Venusaur|86/100
|
|t:|1785803346
|switch|p2a: Raichu|Raichu, L50, M|100/100|[from] Flip Turn
|cant|p2b: Garchomp|slp
|
|-weather|SunnyDay|[upkeep]
|upkeep
|turn|2
|
|t:|1785803364
|switch|p1b: Farigiraf|Farigiraf, L50, F|100/100
|detailschange|p2a: Raichu|Raichu-Mega-Y, L50, M
|-mega|p2a: Raichu|Raichu|Raichunite Y
|move|p1a: Venusaur|Sleep Powder|p2a: Raichu
|-status|p2a: Raichu|slp|[from] move: Sleep Powder
|cant|p2a: Raichu|slp
|-curestatus|p2b: Garchomp|slp|[msg]
|move|p2b: Garchomp|Dragon Claw|p1a: Venusaur
|-damage|p1a: Venusaur|12/100
|-damage|p2b: Garchomp|90/100|[from] item: Life Orb
|
|-weather|SunnyDay|[upkeep]
|upkeep
|turn|3
|
|t:|1785803386
|move|p1a: Venusaur|Leaf Storm|p2a: Raichu
|-damage|p2a: Raichu|22/100 slp
|-unboost|p1a: Venusaur|spa|2
|-enditem|p1a: Venusaur|White Herb
|-clearnegativeboost|p1a: Venusaur|[silent]
|cant|p2a: Raichu|slp
|move|p2b: Garchomp|Rock Slide|p1b: Farigiraf|[spread] p1a,p1b
|-damage|p1a: Venusaur|0 fnt
|-damage|p1b: Farigiraf|75/100
|faint|p1a: Venusaur
|-damage|p2b: Garchomp|80/100|[from] item: Life Orb
|cant|p1b: Farigiraf|flinch
|
|-weather|SunnyDay|[upkeep]
|upkeep
|
|t:|1785803401
|switch|p1a: Garchomp|Garchomp, L50, F|100/100
|turn|4
|
|t:|1785803422
|move|p1b: Farigiraf|Protect|p1b: Farigiraf
|-singleturn|p1b: Farigiraf|Protect
|-curestatus|p2a: Raichu|slp|[msg]
|move|p2a: Raichu|Zap Cannon|p1b: Farigiraf
|-activate|p1b: Farigiraf|move: Protect
|move|p1a: Garchomp|Earthquake|p2a: Raichu|[spread] p2a,p2b
|-activate|p1b: Farigiraf|move: Protect
|-supereffective|p2a: Raichu|1
|-damage|p2a: Raichu|0 fnt
|-damage|p2b: Garchomp|31/100
|faint|p2a: Raichu
|-damage|p1a: Garchomp|90/100|[from] item: Life Orb
|move|p2b: Garchomp|Dragon Claw|p1a: Garchomp
|-supereffective|p1a: Garchomp|1
|-damage|p1a: Garchomp|0 fnt
|-damage|p2b: Garchomp|19/100|[from] ability: Rough Skin|[of] p1a: Garchomp
|faint|p1a: Garchomp
|-damage|p2b: Garchomp|9/100|[from] item: Life Orb
|
|-weather|SunnyDay|[upkeep]
|upkeep
|
|t:|1785803444
|switch|p2a: Basculegion|Basculegion, L50, M|100/100
|switch|p1a: Charizard|Charizard-Mega-Y, L50, M|100/100
|turn|5
|
|t:|1785803453
|move|p1a: Charizard|Protect|p1a: Charizard
|-singleturn|p1a: Charizard|Protect
|move|p2a: Basculegion|Flip Turn|p1b: Farigiraf
|-damage|p1b: Farigiraf|55/100
|
|t:|1785803458
|switch|p2a: Vanilluxe|Vanilluxe, L50, F|100/100|[from] Flip Turn
|-weather|Snowscape|[from] ability: Snow Warning|[of] p2a: Vanilluxe
|move|p2b: Garchomp|Rock Slide|p1b: Farigiraf|[spread] p1b
|-activate|p1a: Charizard|move: Protect
|-damage|p1b: Farigiraf|28/100
|-enditem|p1b: Farigiraf|Sitrus Berry|[eat]
|-heal|p1b: Farigiraf|53/100|[from] item: Sitrus Berry
|-damage|p2b: Garchomp|0 fnt|[from] item: Life Orb
|faint|p2b: Garchomp
|move|p1b: Farigiraf|Trick Room|p1b: Farigiraf
|-fieldstart|move: Trick Room|[of] p1b: Farigiraf
|
|-weather|Snowscape|[upkeep]
|upkeep
|
|t:|1785803470
|switch|p2b: Basculegion|Basculegion, L50, M|100/100
|turn|6
|
|t:|1785803482
|move|p1b: Farigiraf|Psychic|p2b: Basculegion
|-damage|p2b: Basculegion|59/100
|move|p2a: Vanilluxe|Blizzard|p1a: Charizard|[spread] p1a,p1b
|-crit|p1b: Farigiraf
|-damage|p1a: Charizard|45/100
|-damage|p1b: Farigiraf|1/100
|move|p1a: Charizard|Heat Wave|p2a: Vanilluxe|[spread] p2a,p2b
|-supereffective|p2a: Vanilluxe|1
|-resisted|p2b: Basculegion|1
|-damage|p2a: Vanilluxe|17/100
|-damage|p2b: Basculegion|35/100
|move|p2b: Basculegion|Wave Crash|p1a: Charizard
|-supereffective|p1a: Charizard|1
|-damage|p1a: Charizard|0 fnt
|faint|p1a: Charizard
|-damage|p2b: Basculegion|24/100|[from] Recoil
|
|-weather|Snowscape|[upkeep]
|upkeep
|turn|7
|
|t:|1785803503
|move|p1b: Farigiraf|Psychic|p2a: Vanilluxe
|-damage|p2a: Vanilluxe|0 fnt
|faint|p2a: Vanilluxe
|move|p2b: Basculegion|Wave Crash|p1b: Farigiraf
|-damage|p1b: Farigiraf|0 fnt
|faint|p1b: Farigiraf
|-damage|p2b: Basculegion|23/100|[from] Recoil
|
|win|dmac55
|raw|Oooo11's rating: 1308 → 1288(-20 for losing)
|raw|dmac55's rating: 1315 → 1335(+20 for winning)
