|j|☆eklyst
|j|☆isamino
|html|eklystisamino    
|uhtml|bestof|Game 2 of a best-of-3
|t:|1785198565
|gametype|doubles
|player|p1|eklyst|pokemaniac|1175
|player|p2|isamino|nate|1243
|gen|9
|tier|[Gen 9 Champions] VGC 2026 Reg M-B (Bo3)
|rated|
|rule|Species Clause: Limit one of each Pokémon
|rule|Item Clause: Limit 1 of each item
|clearpoke
|poke|p1|Metagross, L50|
|poke|p1|Floette-Eternal, L50, F|
|poke|p1|Garchomp, L50, M|
|poke|p1|Aerodactyl, L50, M|
|poke|p1|Sinistcha, L50|
|poke|p1|Incineroar, L50, M|
|poke|p2|Azumarill, L50, F|
|poke|p2|Vivillon, L50, M|
|poke|p2|Gholdengo, L50|
|poke|p2|Raichu, L50, F|
|poke|p2|Mamoswine, L50, F|
|poke|p2|Incineroar, L50, M|
|teampreview|4
|showteam|p1|Metagross||Metagrossite|ClearBody|PsychicFangs,IronHead,BulletPunch,Protect|Adamant|||||50|]Floette-Eternal||Floettite|FlowerVeil|DazzlingGleam,Moonblast,CalmMind,Protect|Modest||F|||50|]Garchomp||LifeOrb|RoughSkin|RockSlide,StompingTantrum,DragonClaw,Protect|Jolly||M|||50|]Aerodactyl||FocusSash|Unnerve|RockSlide,DualWingbeat,Tailwind,Protect|Jolly||M|||50|]Sinistcha||KasibBerry|Hospitality|MatchaGotcha,TrickRoom,RagePowder,Protect|Relaxed|||||50|]Incineroar||SitrusBerry|Intimidate|FakeOut,FlareBlitz,ThroatChop,PartingShot|Adamant||M|||50|
|showteam|p2|Azumarill||SitrusBerry|HugePower|Protect,AquaJet,BellyDrum,PlayRough|Jolly||F|||50|]Vivillon||FocusSash|CompoundEyes|SleepPowder,Tailwind,Hurricane,RagePowder|Timid||M|||50|]Gholdengo||ChoiceScarf|GoodasGold|PowerGem,ShadowBall,MakeItRain,DazzlingGleam|Timid|||||50|]Raichu||RaichuniteY|LightningRod|FakeOut,ZapCannon,Protect,FocusBlast|Timid||F|||50|]Mamoswine||LifeOrb|Oblivious|IceShard,Protect,IcicleCrash,HighHorsepower|Adamant||F|||50|]Incineroar||PasshoBerry|Intimidate|FakeOut,FlareBlitz,PartingShot,Taunt|Relaxed||M|||50|
|inactive|Battle timer is ON: inactive players will automatically lose when time's up. (requested by isamino)
|inactive|eklyst also wants the timer to be on.
|inactive|isamino has 60 seconds left.
|inactive|isamino has 30 seconds left.
|inactive|isamino has 20 seconds left.
|
|t:|1785198639
|teamsize|p1|4
|teamsize|p2|4
|start
|switch|p1a: Aerodactyl|Aerodactyl, L50, M|100/100
|switch|p1b: Incineroar|Incineroar, L50, M|100/100
|switch|p2a: Incineroar|Incineroar, L50, M|100/100
|switch|p2b: Raichu|Raichu, L50, F|100/100
|-ability|p1a: Aerodactyl|Unnerve
|-ability|p1b: Incineroar|Intimidate|boost
|-unboost|p2a: Incineroar|atk|1
|-unboost|p2b: Raichu|atk|1
|-ability|p2a: Incineroar|Intimidate|boost
|-unboost|p1a: Aerodactyl|atk|1
|-unboost|p1b: Incineroar|atk|1
|turn|1
|
|t:|1785198657
|switch|p1b: Garchomp|Garchomp, L50, M|100/100
|detailschange|p2b: Raichu|Raichu-Mega-Y, L50, F
|-mega|p2b: Raichu|Raichu|Raichunite Y
|move|p1a: Aerodactyl|Protect|p1a: Aerodactyl
|-singleturn|p1a: Aerodactyl|Protect
|move|p2b: Raichu|Fake Out|p1a: Aerodactyl
|-activate|p1a: Aerodactyl|move: Protect
|move|p2a: Incineroar|Parting Shot|p1b: Garchomp
|-unboost|p1b: Garchomp|atk|1
|-unboost|p1b: Garchomp|spa|1
|
|t:|1785198663
|switch|p2a: Mamoswine|Mamoswine, L50, F|100/100|[from] Parting Shot
|
|upkeep
|turn|2
|inactive|eklyst has 30 seconds left.
|inactive|eklyst has 20 seconds left.
|
|t:|1785198702
|switch|p1b: Incineroar|Incineroar, L50, M|100/100
|-ability|p1b: Incineroar|Intimidate|boost
|-fail|p2a: Mamoswine|unboost|Attack|[from] ability: Oblivious|[of] p2a: Mamoswine
|-unboost|p2b: Raichu|atk|1
|move|p2a: Mamoswine|Ice Shard|p1b: Incineroar
|-resisted|p1b: Incineroar|1
|-damage|p1b: Incineroar|86/100
|-damage|p2a: Mamoswine|90/100|[from] item: Life Orb
|move|p2b: Raichu|Zap Cannon|p1a: Aerodactyl
|-supereffective|p1a: Aerodactyl|1
|-enditem|p1a: Aerodactyl|Focus Sash
|-damage|p1a: Aerodactyl|1/100
|-status|p1a: Aerodactyl|par
|move|p1a: Aerodactyl|Tailwind|p1a: Aerodactyl
|-sidestart|p1: eklyst|move: Tailwind
|
|upkeep
|turn|3
|
|t:|1785198725
|move|p2b: Raichu|Focus Blast|p1b: Incineroar
|-supereffective|p1b: Incineroar|1
|-damage|p1b: Incineroar|0 fnt
|faint|p1b: Incineroar
|cant|p1a: Aerodactyl|par
|move|p2a: Mamoswine|High Horsepower|p1a: Aerodactyl
|-immune|p1a: Aerodactyl
|
|upkeep
|
|t:|1785198731
|switch|p1b: Metagross|Metagross, L50|100/100
|turn|4
|
|t:|1785198742
|switch|p2b: Gholdengo|Gholdengo, L50|100/100
|detailschange|p1b: Metagross|Metagross-Mega, L50
|-mega|p1b: Metagross|Metagross|Metagrossite
|move|p2a: Mamoswine|Protect|p2a: Mamoswine
|-singleturn|p2a: Mamoswine|Protect
|move|p1b: Metagross|Iron Head|p2a: Mamoswine
|-activate|p2a: Mamoswine|move: Protect
|cant|p1a: Aerodactyl|par
|
|upkeep
|turn|5
|inactive|isamino has 30 seconds left.
|inactive|isamino has 20 seconds left.
|
|t:|1785198782
|switch|p2a: Incineroar|Incineroar, L50, M|100/100
|-ability|p2a: Incineroar|Intimidate|boost
|-unboost|p1a: Aerodactyl|atk|1
|-unboost|p1b: Metagross|atk|1
|move|p1b: Metagross|Iron Head|p2a: Incineroar
|-resisted|p2a: Incineroar|1
|-damage|p2a: Incineroar|82/100
|move|p2b: Gholdengo|Shadow Ball|p1a: Aerodactyl
|-damage|p1a: Aerodactyl|0 fnt
|faint|p1a: Aerodactyl
|
|-sideend|p1: eklyst|move: Tailwind
|upkeep
|
|t:|1785198792
|switch|p1a: Garchomp|Garchomp, L50, M|100/100
|turn|6
|
|t:|1785198805
|move|p2a: Incineroar|Fake Out|p1a: Garchomp
|-damage|p1a: Garchomp|89/100
|-damage|p2a: Incineroar|69/100|[from] ability: Rough Skin|[of] p1a: Garchomp
|move|p2b: Gholdengo|Shadow Ball|p1b: Metagross
|-supereffective|p1b: Metagross|1
|-damage|p1b: Metagross|18/100
|cant|p1a: Garchomp|flinch
|move|p1b: Metagross|Iron Head|p2a: Incineroar
|-resisted|p2a: Incineroar|1
|-damage|p2a: Incineroar|54/100
|
|upkeep
|turn|7
|
|t:|1785198821
|move|p1b: Metagross|Protect|p1b: Metagross
|-singleturn|p1b: Metagross|Protect
|move|p2b: Gholdengo|Shadow Ball|p1b: Metagross
|-activate|p1b: Metagross|move: Protect
|move|p1a: Garchomp|Stomping Tantrum|p2b: Gholdengo
|-supereffective|p2b: Gholdengo|1
|-damage|p2b: Gholdengo|0 fnt
|faint|p2b: Gholdengo
|-damage|p1a: Garchomp|79/100|[from] item: Life Orb
|move|p2a: Incineroar|Parting Shot|p1a: Garchomp
|-unboost|p1a: Garchomp|atk|1
|-unboost|p1a: Garchomp|spa|1
|
|t:|1785198830
|switch|p2a: Raichu|Raichu-Mega-Y, L50, F|100/100|[from] Parting Shot
|
|upkeep
|
|t:|1785198836
|switch|p2b: Incineroar|Incineroar, L50, M|54/100
|-ability|p2b: Incineroar|Intimidate|boost
|-unboost|p1a: Garchomp|atk|1
|-unboost|p1b: Metagross|atk|1
|turn|8
|
|t:|1785198842
|move|p2b: Incineroar|Fake Out|p1a: Garchomp
|-damage|p1a: Garchomp|68/100
|-damage|p2b: Incineroar|42/100|[from] ability: Rough Skin|[of] p1a: Garchomp
|move|p2a: Raichu|Zap Cannon|p1b: Metagross
|-damage|p1b: Metagross|0 fnt
|faint|p1b: Metagross
|cant|p1a: Garchomp|flinch
|
|upkeep
|turn|9
|
|t:|1785198850
|move|p2a: Raichu|Focus Blast|p1a: Garchomp
|-damage|p1a: Garchomp|17/100
|move|p1a: Garchomp|Stomping Tantrum|p2a: Raichu
|-supereffective|p2a: Raichu|1
|-damage|p2a: Raichu|0 fnt
|faint|p2a: Raichu
|-damage|p1a: Garchomp|7/100|[from] item: Life Orb
|move|p2b: Incineroar|Parting Shot|p1a: Garchomp
|-unboost|p1a: Garchomp|atk|1
|-unboost|p1a: Garchomp|spa|1
|
|t:|1785198870
|switch|p2b: Mamoswine|Mamoswine, L50, F|90/100|[from] Parting Shot
|
|upkeep
|
|t:|1785198871
|switch|p2a: Incineroar|Incineroar, L50, M|42/100
|-ability|p2a: Incineroar|Intimidate|boost
|-unboost|p1a: Garchomp|atk|1
|turn|10
|
|t:|1785198877
|move|p2a: Incineroar|Fake Out|p1a: Garchomp
|-damage|p1a: Garchomp|0 fnt
|-damage|p2a: Incineroar|29/100|[from] ability: Rough Skin|[of] p1a: Garchomp
|faint|p1a: Garchomp
|
|win|isamino
||eklyst is ready for game 3.
|inactive|isamino has 30 seconds to confirm battle start!
|inactive|isamino has 20 seconds to confirm battle start!
||isamino is ready for game 3.
|uhtml|next|Next: Game 3 of 3
