|j|☆bosspark1737376
|j|☆JSA08
|html|bosspark1737376JSA08    
|uhtml|bestof|Game 2 of a best-of-3
|t:|1756756287
|gametype|doubles
|player|p1|bosspark1737376|swimmerf|1053
|player|p2|JSA08|jasmine|1041
|gen|9
|tier|[Gen 9] VGC 2025 Reg H (Bo3)
|rated|
|rule|Species Clause: Limit one of each Pokémon
|rule|Item Clause: Limit 1 of each item
|clearpoke
|poke|p1|Sneasler, L50, M|
|poke|p1|Rillaboom, L50, M|
|poke|p1|Incineroar, L50, F|
|poke|p1|Porygon2, L50|
|poke|p1|Kingambit, L50, F|
|poke|p1|Sylveon, L50, M|
|poke|p2|Amoonguss, L50, F|
|poke|p2|Dragapult, L50, F|
|poke|p2|Volcarona, L50, F|
|poke|p2|Tyranitar, L50, F|
|poke|p2|Sneasler, L50, M|
|poke|p2|Clefable, L50, F|
|teampreview|4
|showteam|p1|Sneasler||GrassySeed|Unburden|DireClaw,CloseCombat,ThroatChop,Protect|||M|||50|,,,,,Dark]Rillaboom||AssaultVest|GrassySurge|WoodHammer,GrassyGlide,FakeOut,Uturn|||M|||50|,,,,,Fire]Incineroar||SafetyGoggles|Intimidate|FakeOut,FlareBlitz,KnockOff,PartingShot|||F|||50|,,,,,Ghost]Porygon2||Eviolite|Download|IceBeam,TeraBlast,Recover,TrickRoom||||||50|,,,,,Fighting]Kingambit||BlackGlasses|Defiant|KowtowCleave,SuckerPunch,Protect,SwordsDance|||F|||50|,,,,,Dark]Sylveon||ThroatSpray|Pixilate|HyperVoice,TeraBlast,CalmMind,Protect|||M|||50|,,,,,Flying
|showteam|p2|Amoonguss||SitrusBerry|Regenerator|RagePowder,PollenPuff,Spore,Protect|||F|||50|,,,,,Water]Dragapult||LifeOrb|ClearBody|DragonDarts,PhantomForce,TeraBlast,Protect|||F|||50|,,,,,Ghost]Volcarona||CovertCloak|FlameBody|QuiverDance,GigaDrain,HeatWave,Protect|||F|||50|,,,,,Grass]Tyranitar||AssaultVest|SandStream|RockBlast,KnockOff,LowKick,TeraBlast|||F|||50|,,,,,Flying]Sneasler||FocusSash|Unburden|DireClaw,CloseCombat,FakeOut,Protect|||M|||50|,,,,,Stellar]Clefable||SafetyGoggles|Unaware|Protect,FollowMe,Moonblast,HelpingHand|||F|||50|,,,,,Steel
|inactive|Battle timer is ON: inactive players will automatically lose when time's up. (requested by bosspark1737376)
|
|t:|1756756303
|teamsize|p1|4
|teamsize|p2|4
|start
|switch|p1a: Incineroar|Incineroar, L50, F|100/100
|switch|p1b: Porygon2|Porygon2, L50|100/100
|switch|p2a: Dragapult|Dragapult, L50, F, shiny|100/100
|switch|p2b: Sneasler|Sneasler, L50, M|100/100
|-ability|p1a: Incineroar|Intimidate|boost
|-fail|p2a: Dragapult|unboost|[from] ability: Clear Body|[of] p2a: Dragapult
|-unboost|p2b: Sneasler|atk|1
|-ability|p1b: Porygon2|Download|boost
|-boost|p1b: Porygon2|atk|1
|turn|1
|
|t:|1756756320
|move|p2a: Dragapult|Protect|p2a: Dragapult
|-singleturn|p2a: Dragapult|Protect
|move|p2b: Sneasler|Protect|p2b: Sneasler
|-singleturn|p2b: Sneasler|Protect
|move|p1a: Incineroar|Fake Out|p2b: Sneasler
|-activate|p2b: Sneasler|move: Protect
|move|p1b: Porygon2|Trick Room|p1b: Porygon2
|-fieldstart|move: Trick Room|[of] p1b: Porygon2
|
|upkeep
|turn|2
|
|t:|1756756343
|switch|p2a: Amoonguss|Amoonguss, L50, F|100/100
|move|p1b: Porygon2|Ice Beam|p2a: Amoonguss
|-supereffective|p2a: Amoonguss
|-damage|p2a: Amoonguss|56/100
|move|p1a: Incineroar|Knock Off|p2b: Sneasler
|-resisted|p2b: Sneasler
|-damage|p2b: Sneasler|70/100
|-enditem|p2b: Sneasler|Focus Sash|[from] move: Knock Off|[of] p1a: Incineroar
|move|p2b: Sneasler|Dire Claw|p1b: Porygon2
|-damage|p1b: Porygon2|83/100
|
|upkeep
|turn|3
|
|t:|1756756359
|move|p2a: Amoonguss|Protect|p2a: Amoonguss
|-singleturn|p2a: Amoonguss|Protect
|move|p1b: Porygon2|Ice Beam|p2a: Amoonguss
|-activate|p2a: Amoonguss|move: Protect
|move|p1a: Incineroar|Flare Blitz|p2a: Amoonguss
|-activate|p2a: Amoonguss|move: Protect
|move|p2b: Sneasler|Dire Claw|p1b: Porygon2
|-damage|p1b: Porygon2|65/100
|-status|p1b: Porygon2|psn
|
|-damage|p1b: Porygon2|53/100 psn|[from] psn
|upkeep
|turn|4
|
|t:|1756756378
|switch|p2a: Dragapult|Dragapult, L50, F, shiny|100/100
|move|p1b: Porygon2|Ice Beam|p2a: Dragapult
|-supereffective|p2a: Dragapult
|-damage|p2a: Dragapult|36/100
|move|p1a: Incineroar|Flare Blitz|p2a: Dragapult
|-resisted|p2a: Dragapult
|-damage|p2a: Dragapult|7/100
|-damage|p1a: Incineroar|93/100|[from] Recoil
|move|p2b: Sneasler|Dire Claw|p1a: Incineroar
|-damage|p1a: Incineroar|68/100
|
|-damage|p1b: Porygon2|41/100 psn|[from] psn
|upkeep
|turn|5
|inactive|bosspark1737376 has 30 seconds left.
|
|t:|1756756406
|move|p2a: Dragapult|Protect|p2a: Dragapult
|-singleturn|p2a: Dragapult|Protect
|move|p2b: Sneasler|Protect|p2b: Sneasler
|-singleturn|p2b: Sneasler|Protect
|move|p1b: Porygon2|Recover|p1b: Porygon2
|-heal|p1b: Porygon2|91/100 psn
|move|p1a: Incineroar|Knock Off|p2a: Dragapult
|-activate|p2a: Dragapult|move: Protect
|
|-damage|p1b: Porygon2|79/100 psn|[from] psn
|-fieldend|move: Trick Room
|upkeep
|turn|6
|
|t:|1756756422
|move|p2b: Sneasler|Close Combat|p1a: Incineroar
|-supereffective|p1a: Incineroar
|-damage|p1a: Incineroar|0 fnt
|-unboost|p2b: Sneasler|def|1
|-unboost|p2b: Sneasler|spd|1
|faint|p1a: Incineroar
|move|p2a: Dragapult|Dragon Darts|p1b: Porygon2
|-damage|p1b: Porygon2|61/100 psn
|-anim|p2a: Dragapult|Dragon Darts|p1b: Porygon2
|-damage|p1b: Porygon2|42/100 psn
|-damage|p2a: Dragapult|0 fnt|[from] item: Life Orb
|faint|p2a: Dragapult
|move|p1b: Porygon2|Trick Room|p1b: Porygon2
|-fieldstart|move: Trick Room|[of] p1b: Porygon2
|
|-damage|p1b: Porygon2|30/100 psn|[from] psn
|upkeep
|
|t:|1756756435
|switch|p1a: Kingambit|Kingambit, L50, F|100/100
|switch|p2a: Volcarona|Volcarona, L50, F, shiny|100/100
|turn|7
|
|t:|1756756445
|-terastallize|p1a: Kingambit|Dark
|move|p1b: Porygon2|Recover|p1b: Porygon2
|-heal|p1b: Porygon2|81/100 psn
|move|p1a: Kingambit|Kowtow Cleave|p2b: Sneasler
|-resisted|p2b: Sneasler
|-damage|p2b: Sneasler|0 fnt
|faint|p2b: Sneasler
|move|p2a: Volcarona|Heat Wave|p1a: Kingambit|[spread] p1a,p1b
|-damage|p1a: Kingambit|67/100
|-damage|p1b: Porygon2|60/100 psn
|
|-damage|p1b: Porygon2|48/100 psn|[from] psn
|upkeep
|
|t:|1756756452
|switch|p2b: Amoonguss|Amoonguss, L50, F|89/100
|turn|8
|
|t:|1756756466
|move|p2b: Amoonguss|Protect|p2b: Amoonguss
|-singleturn|p2b: Amoonguss|Protect
|move|p1a: Kingambit|Protect|p1a: Kingambit
|-singleturn|p1a: Kingambit|Protect
|move|p2a: Volcarona|Protect|p2a: Volcarona
|-singleturn|p2a: Volcarona|Protect
|move|p1b: Porygon2|Ice Beam|p2b: Amoonguss
|-activate|p2b: Amoonguss|move: Protect
|
|-damage|p1b: Porygon2|36/100 psn|[from] psn
|upkeep
|turn|9
|
|t:|1756756482
|switch|p1a: Rillaboom|Rillaboom, L50, M|100/100
|-fieldstart|move: Grassy Terrain|[from] ability: Grassy Surge|[of] p1a: Rillaboom
|-terastallize|p2b: Amoonguss|Water
|move|p2b: Amoonguss|Spore|p1a: Rillaboom
|-immune|p1a: Rillaboom
|move|p1b: Porygon2|Recover|p1b: Porygon2
|-heal|p1b: Porygon2|86/100 psn
|move|p2a: Volcarona|Heat Wave|p1b: Porygon2|[spread] p1a
|-miss|p2a: Volcarona|p1b: Porygon2
|-supereffective|p1a: Rillaboom
|-damage|p1a: Rillaboom|51/100
|
|-heal|p2b: Amoonguss|95/100|[from] Grassy Terrain
|-heal|p1b: Porygon2|92/100 psn|[from] Grassy Terrain
|-heal|p1a: Rillaboom|57/100|[from] Grassy Terrain
|-damage|p1b: Porygon2|80/100 psn|[from] psn
|upkeep
|turn|10
|
|t:|1756756506
|move|p2b: Amoonguss|Protect|p2b: Amoonguss
|-singleturn|p2b: Amoonguss|Protect
|move|p1a: Rillaboom|Grassy Glide|p2b: Amoonguss
|-activate|p2b: Amoonguss|move: Protect
|move|p1b: Porygon2|Tera Blast|p2a: Volcarona
|-damage|p2a: Volcarona|69/100
|move|p2a: Volcarona|Quiver Dance|p2a: Volcarona
|-boost|p2a: Volcarona|spa|1
|-boost|p2a: Volcarona|spd|1
|-boost|p2a: Volcarona|spe|1
|
|-heal|p2b: Amoonguss|100/100|[from] Grassy Terrain
|-heal|p1b: Porygon2|86/100 psn|[from] Grassy Terrain
|-heal|p1a: Rillaboom|63/100|[from] Grassy Terrain
|-heal|p2a: Volcarona|75/100|[from] Grassy Terrain
|-damage|p1b: Porygon2|74/100 psn|[from] psn
|-fieldend|move: Trick Room
|upkeep
|turn|11
|
|t:|1756756516
|move|p2b: Amoonguss|Protect||[still]
|-fail|p2b: Amoonguss
|move|p1a: Rillaboom|Grassy Glide|p2b: Amoonguss
|-supereffective|p2b: Amoonguss
|-damage|p2b: Amoonguss|43/100
|-enditem|p2b: Amoonguss|Sitrus Berry|[eat]
|-heal|p2b: Amoonguss|68/100|[from] item: Sitrus Berry
|move|p2a: Volcarona|Heat Wave|p1b: Porygon2|[spread] 
|-miss|p2a: Volcarona|p1a: Rillaboom
|-miss|p2a: Volcarona|p1b: Porygon2
|move|p1b: Porygon2|Tera Blast|p2a: Volcarona
|-damage|p2a: Volcarona|54/100
|
|-heal|p2a: Volcarona|60/100|[from] Grassy Terrain
|-heal|p1a: Rillaboom|69/100|[from] Grassy Terrain
|-heal|p1b: Porygon2|80/100 psn|[from] Grassy Terrain
|-heal|p2b: Amoonguss|74/100|[from] Grassy Terrain
|-damage|p1b: Porygon2|68/100 psn|[from] psn
|upkeep
|turn|12
|inactive|bosspark1737376 has 30 seconds left.
|
|t:|1756756542
|move|p2b: Amoonguss|Protect|p2b: Amoonguss
|-singleturn|p2b: Amoonguss|Protect
|move|p1a: Rillaboom|Grassy Glide|p2b: Amoonguss
|-activate|p2b: Amoonguss|move: Protect
|move|p2a: Volcarona|Heat Wave|p1b: Porygon2|[spread] p1a,p1b
|-supereffective|p1a: Rillaboom
|-damage|p1a: Rillaboom|0 fnt
|-damage|p1b: Porygon2|38/100 psn
|faint|p1a: Rillaboom
|move|p1b: Porygon2|Trick Room|p1b: Porygon2
|-fieldstart|move: Trick Room|[of] p1b: Porygon2
|
|-heal|p2b: Amoonguss|80/100|[from] Grassy Terrain
|-heal|p1b: Porygon2|43/100 psn|[from] Grassy Terrain
|-heal|p2a: Volcarona|67/100|[from] Grassy Terrain
|-damage|p1b: Porygon2|31/100 psn|[from] psn
|upkeep
|
|t:|1756756544
|switch|p1a: Kingambit|Kingambit, L50, F, tera:Dark|67/100
|turn|13
|inactive|bosspark1737376 has 30 seconds left.
|inactive|bosspark1737376 has 20 seconds left.
|inactive|bosspark1737376 has 15 seconds left.
|inactive|bosspark1737376 has 10 seconds left.
|
|t:|1756756590
|move|p2a: Volcarona|Protect|p2a: Volcarona
|-singleturn|p2a: Volcarona|Protect
|move|p2b: Amoonguss|Spore|p1a: Kingambit
|-status|p1a: Kingambit|slp|[from] move: Spore
|move|p1b: Porygon2|Tera Blast|p2b: Amoonguss
|-damage|p2b: Amoonguss|54/100
|cant|p1a: Kingambit|slp
|
|-heal|p2b: Amoonguss|60/100|[from] Grassy Terrain
|-heal|p1b: Porygon2|37/100 psn|[from] Grassy Terrain
|-heal|p1a: Kingambit|73/100 slp|[from] Grassy Terrain
|-heal|p2a: Volcarona|73/100|[from] Grassy Terrain
|-damage|p1b: Porygon2|25/100 psn|[from] psn
|-fieldend|move: Grassy Terrain
|upkeep
|turn|14
|
|t:|1756756605
|move|p2b: Amoonguss|Pollen Puff|p2a: Volcarona
|-heal|p2a: Volcarona|100/100
|move|p1b: Porygon2|Ice Beam|p2a: Volcarona
|-resisted|p2a: Volcarona
|-damage|p2a: Volcarona|93/100
|cant|p1a: Kingambit|slp
|move|p2a: Volcarona|Heat Wave|p1a: Kingambit|[spread] p1a,p1b
|-damage|p1a: Kingambit|23/100 slp
|-damage|p1b: Porygon2|0 fnt
|faint|p1b: Porygon2
|
|upkeep
|turn|15
|-message|bosspark1737376 forfeited.
|raw|bosspark1737376's rating: 1053 → 1034(-19 for losing)
|raw|JSA08's rating: 1041 → 1076(+35 for winning)
|
|win|JSA08
|l|☆bosspark1737376
|player|p1|
