|j|☆van-kpk
|j|☆NoitUK_VGC
|html|van-kpkNoitUK_VGC    
|uhtml|bestof|Game 3 of a best-of-3
|t:|1783861627
|gametype|doubles
|player|p1|van-kpk|101|1065
|player|p2|NoitUK_VGC|102|1156
|gen|9
|tier|[Gen 9 Champions] VGC 2026 Reg M-B (Bo3)
|rated|
|rule|Species Clause: Limit one of each Pokémon
|rule|Item Clause: Limit 1 of each item
|clearpoke
|poke|p1|Metagross, L50|
|poke|p1|Swampert, L50, M|
|poke|p1|Pelipper, L50, F|
|poke|p1|Archaludon, L50, M|
|poke|p1|Basculegion, L50, M|
|poke|p1|Farigiraf, L50, M|
|poke|p2|Archaludon, L50, M|
|poke|p2|Swampert, L50, M|
|poke|p2|Pelipper, L50, M|
|poke|p2|Raichu, L50, M|
|poke|p2|Sableye, L50, M|
|poke|p2|Kingambit, L50, M|
|teampreview|4
|showteam|p1|Metagross||Metagrossite|ClearBody|BulletPunch,Protect,Explosion,PsychicFangs|Jolly|||||50|]Swampert||Swampertite|Damp|IcePunch,HighHorsepower,WaveCrash,Protect|Jolly||M|||50|]Pelipper||FocusSash|Drizzle|Tailwind,WideGuard,Hurricane,WeatherBall|Timid||F|||50|]Archaludon||ChopleBerry|Stamina|Protect,ElectroShot,FlashCannon,DragonPulse|Timid||M|||50|]Basculegion||ChoiceScarf|Adaptability|AquaJet,WaveCrash,LastRespects,FlipTurn|Adamant||M|||50|]Farigiraf||ColburBerry|ArmorTail|TrickRoom,Thunder,TwinBeam,Protect|Quiet||M|||50|
|showteam|p2|Archaludon||Leftovers|Stamina|Protect,ElectroShot,FlashCannon,DragonPulse|Modest||M|||50|]Swampert||Swampertite|Torrent|Protect,WaveCrash,Earthquake,IcePunch|Adamant||M|||50|]Pelipper||SitrusBerry|Drizzle|WideGuard,WeatherBall,Hurricane,Tailwind|Bold||M|||50|]Raichu||RaichuniteX|LightningRod|FakeOut,VoltTackle,VoltSwitch,PlayRough|Hasty||M|||50|]Sableye||RoseliBerry|Prankster|Encore,Disable,WillOWisp,RainDance|Relaxed||M|||50|]Kingambit||ChopleBerry|Defiant|KowtowCleave,SuckerPunch,IronHead,LowKick|Adamant||M|||50|
|
|t:|1783861669
|teamsize|p1|4
|teamsize|p2|4
|start
|switch|p1a: Pelipper|Pelipper, L50, F|100/100
|switch|p1b: Basculegion|Basculegion, L50, M|100/100
|switch|p2a: Swampert|Swampert, L50, M|100/100
|switch|p2b: Sableye|Sableye, L50, M|100/100
|-weather|RainDance|[from] ability: Drizzle|[of] p1a: Pelipper
|turn|1
|
|t:|1783861684
|switch|p1b: Archaludon|Archaludon, L50, M|100/100
|move|p2a: Swampert|Protect|p2a: Swampert
|-singleturn|p2a: Swampert|Protect
|move|p2b: Sableye|Will-O-Wisp|p1b: Archaludon
|-status|p1b: Archaludon|brn
|move|p1a: Pelipper|Tailwind|p1a: Pelipper
|-sidestart|p1: van-kpk|move: Tailwind
|
|-weather|RainDance|[upkeep]
|-damage|p1b: Archaludon|93/100 brn|[from] brn
|upkeep
|turn|2
|
|t:|1783861697
|switch|p2a: Raichu|Raichu, L50, M|100/100
|move|p2b: Sableye|Encore|p1a: Pelipper
|-start|p1a: Pelipper|Encore
|move|p1b: Archaludon|Dragon Pulse|p2a: Raichu
|-damage|p2a: Raichu|37/100
|move|p1a: Pelipper|Tailwind||[still]
|-fail|p1a: Pelipper
|
|-weather|RainDance|[upkeep]
|-damage|p1b: Archaludon|87/100 brn|[from] brn
|upkeep
|turn|3
|
|t:|1783861715
|switch|p1a: Swampert|Swampert, L50, M|100/100
|move|p2b: Sableye|Disable|p1b: Archaludon
|-start|p1b: Archaludon|Disable|Dragon Pulse
|cant|p1b: Archaludon|Disable|Dragon Pulse
|move|p2a: Raichu|Volt Switch|p1a: Swampert
|-immune|p1a: Swampert
|
|-weather|RainDance|[upkeep]
|-damage|p1b: Archaludon|81/100 brn|[from] brn
|upkeep
|turn|4
|
|t:|1783861733
|move|p1a: Swampert|Protect|p1a: Swampert
|-singleturn|p1a: Swampert|Protect
|move|p2b: Sableye|Will-O-Wisp|p1a: Swampert
|-activate|p1a: Swampert|move: Protect
|move|p1b: Archaludon|Flash Cannon|p2a: Raichu
|-resisted|p2a: Raichu|1
|-damage|p2a: Raichu|5/100
|move|p2a: Raichu|Volt Switch|p1b: Archaludon
|-resisted|p1b: Archaludon|1
|-damage|p1b: Archaludon|60/100 brn
|-ability|p1b: Archaludon|Stamina|boost
|-boost|p1b: Archaludon|def|1
|
|t:|1783861744
|switch|p2a: Swampert|Swampert, L50, M|100/100|[from] Volt Switch
|
|-weather|RainDance|[upkeep]
|-damage|p1b: Archaludon|53/100 brn|[from] brn
|-sideend|p1: van-kpk|move: Tailwind
|upkeep
|turn|5
|
|t:|1783861754
|switch|p1a: Pelipper|Pelipper, L50, F|100/100
|detailschange|p2a: Swampert|Swampert-Mega, L50, M
|-mega|p2a: Swampert|Swampert|Swampertite
|move|p2b: Sableye|Encore||[still]
|-fail|p2b: Sableye
|move|p2a: Swampert|Wave Crash|p1a: Pelipper
|-resisted|p1a: Pelipper|1
|-damage|p1a: Pelipper|28/100
|-damage|p2a: Swampert|81/100|[from] Recoil
|move|p1b: Archaludon|Electro Shot||[still]
|-prepare|p1b: Archaludon|Electro Shot
|-boost|p1b: Archaludon|spa|1
|-anim|p1b: Archaludon|Electro Shot|p2b: Sableye
|-damage|p2b: Sableye|18/100
|
|-weather|none
|-damage|p1b: Archaludon|47/100 brn|[from] brn
|upkeep
|turn|6
|
|t:|1783861782
|move|p1b: Archaludon|Protect|p1b: Archaludon
|-singleturn|p1b: Archaludon|Protect
|move|p2a: Swampert|Protect|p2a: Swampert
|-singleturn|p2a: Swampert|Protect
|move|p2b: Sableye|Encore|p1b: Archaludon
|-activate|p1b: Archaludon|move: Protect
|move|p1a: Pelipper|Tailwind|p1a: Pelipper
|-sidestart|p1: van-kpk|move: Tailwind
|
|-damage|p1b: Archaludon|41/100 brn|[from] brn
|-end|p1b: Archaludon|Disable
|upkeep
|turn|7
|
|t:|1783861800
|switch|p1b: Basculegion|Basculegion, L50, M|100/100
|switch|p1a: Swampert|Swampert, L50, M|100/100
|move|p2b: Sableye|Encore||[still]
|-fail|p2b: Sableye
|move|p2a: Swampert|Ice Punch|p1a: Swampert
|-damage|p1a: Swampert|61/100
|
|upkeep
|turn|8
|
|t:|1783861820
|move|p1a: Swampert|Protect|p1a: Swampert
|-singleturn|p1a: Swampert|Protect
|move|p2a: Swampert|Protect|p2a: Swampert
|-singleturn|p2a: Swampert|Protect
|move|p2b: Sableye|Will-O-Wisp|p1a: Swampert
|-activate|p1a: Swampert|move: Protect
|move|p1b: Basculegion|Flip Turn|p2b: Sableye
|-damage|p2b: Sableye|0 fnt
|faint|p2b: Sableye
|
|t:|1783861829
|switch|p1b: Pelipper|Pelipper, L50, F|28/100|[from] Flip Turn
|-weather|RainDance|[from] ability: Drizzle|[of] p1b: Pelipper
|
|-weather|RainDance|[upkeep]
|upkeep
|
|t:|1783861836
|switch|p2b: Raichu|Raichu, L50, M|5/100
|turn|9
|
|t:|1783861857
|detailschange|p1a: Swampert|Swampert-Mega, L50, M
|-mega|p1a: Swampert|Swampert|Swampertite
|move|p2b: Raichu|Fake Out|p1a: Swampert
|-damage|p1a: Swampert|53/100
|cant|p1a: Swampert|flinch
|move|p1b: Pelipper|Weather Ball|p2a: Swampert
|-damage|p2a: Swampert|20/100y
|move|p2a: Swampert|Wave Crash|p1a: Swampert
|-damage|p1a: Swampert|0 fnt
|faint|p1a: Swampert
|-damage|p2a: Swampert|3/100|[from] Recoil
|
|-weather|RainDance|[upkeep]
|-sideend|p1: van-kpk|move: Tailwind
|upkeep
|
|t:|1783861873
|switch|p1a: Archaludon|Archaludon, L50, M|41/100 brn
|turn|10
|
|t:|1783861895
|move|p2a: Swampert|Earthquake|p1a: Archaludon|[spread] p2b,p1a
|-immune|p1b: Pelipper
|-supereffective|p2b: Raichu|1
|-supereffective|p1a: Archaludon|1
|-damage|p2b: Raichu|0 fnt
|-damage|p1a: Archaludon|0 fnt
|faint|p2b: Raichu
|faint|p1a: Archaludon
|move|p1b: Pelipper|Tailwind|p1b: Pelipper
|-sidestart|p1: van-kpk|move: Tailwind
|
|-weather|RainDance|[upkeep]
|upkeep
|
|t:|1783861905
|switch|p2b: Archaludon|Archaludon, L50, M|100/100
|switch|p1a: Basculegion|Basculegion, L50, M|100/100
|turn|11
|
|t:|1783861916
|move|p1a: Basculegion|Last Respects|p2b: Archaludon
|-damage|p2b: Archaludon|26/100
|-ability|p2b: Archaludon|Stamina|boost
|-boost|p2b: Archaludon|def|1
|move|p1b: Pelipper|Weather Ball|p2a: Swampert
|-damage|p2a: Swampert|0 fnt
|faint|p2a: Swampert
|move|p2b: Archaludon|Electro Shot||[still]
|-prepare|p2b: Archaludon|Electro Shot
|-boost|p2b: Archaludon|spa|1
|-anim|p2b: Archaludon|Electro Shot|p1a: Basculegion
|-supereffective|p1a: Basculegion|1
|-damage|p1a: Basculegion|0 fnt
|faint|p1a: Basculegion
|
|-weather|RainDance|[upkeep]
|-heal|p2b: Archaludon|32/100|[from] item: Leftovers
|upkeep
|turn|12
|
|t:|1783861932
|move|p2b: Archaludon|Protect|p2b: Archaludon
|-singleturn|p2b: Archaludon|Protect
|move|p1b: Pelipper|Hurricane|p2b: Archaludon
|-activate|p2b: Archaludon|move: Protect
|
|-weather|none
|-heal|p2b: Archaludon|39/100|[from] item: Leftovers
|upkeep
|turn|13
|
|t:|1783861945
|move|p1b: Pelipper|Hurricane|p2b: Archaludon
|-resisted|p2b: Archaludon|1
|-damage|p2b: Archaludon|14/100
|-ability|p2b: Archaludon|Stamina|boost
|-boost|p2b: Archaludon|def|1
|move|p2b: Archaludon|Dragon Pulse|p1b: Pelipper
|-damage|p1b: Pelipper|0 fnt
|faint|p1b: Pelipper
|
|win|NoitUK_VGC
|raw|van-kpk's rating: 1065 → 1050(-15 for losing)
|raw|NoitUK_VGC's rating: 1156 → 1175(+19 for winning)
|l|☆van-kpk
|player|p1|
