|j|☆Crying Flurmels
|j|☆PugBurro
|html|Crying FlurmelsPugBurro    
|uhtml|bestof|Game 2 of a best-of-3
|t:|1756927324
|gametype|doubles
|player|p1|Crying Flurmels|102|
|player|p2|PugBurro|red|
|gen|9
|tier|[Gen 9] VGC 2025 Reg H (Bo3)
|rule|Species Clause: Limit one of each Pokémon
|rule|Item Clause: Limit 1 of each item
|clearpoke
|poke|p1|Murkrow, L50, F|
|poke|p1|Volcarona, L50, F|
|poke|p1|Sneasler, L50, M|
|poke|p1|Kingambit, L50, F|
|poke|p1|Dragonite, L50, M|
|poke|p1|Rillaboom, L50, M|
|poke|p2|Archaludon, L50, F|
|poke|p2|Pelipper, L50, F|
|poke|p2|Basculegion, L50, M|
|poke|p2|Sneasler, L50, F|
|poke|p2|Amoonguss, L50, F|
|poke|p2|Maushold, L50|
|teampreview|4
|showteam|p1|Murkrow||Eviolite|Prankster|FoulPlay,Tailwind,Haze,SunnyDay|||F|||50|,,,,,Ghost]Volcarona||CovertCloak|FlameBody|HeatWave,TeraBlast,QuiverDance,Protect|||F|||50|,,,,,Water]Sneasler||GrassySeed|Unburden|DireClaw,CloseCombat,Protect,Coaching|||M|||50|,,,,,Stellar]Kingambit||BlackGlasses|Defiant|KowtowCleave,SuckerPunch,SwordsDance,Protect|||F|||50|,,,,,Dark]Dragonite||ChoiceBand|InnerFocus|Outrage,StompingTantrum,LowKick,ExtremeSpeed|||M|||50|,,,,,Normal]Rillaboom||MiracleSeed|GrassySurge|WoodHammer,GrassyGlide,Uturn,FakeOut|||M|||50|,,,,,Fire
|showteam|p2|Archaludon||AssaultVest|Stamina|ElectroShot,DracoMeteor,FlashCannon,BodyPress|||F|||50|,,,,,Fairy]Pelipper||CovertCloak|Drizzle|WeatherBall,Hurricane,Tailwind,Protect|||F|||50|,,,,,Steel]Basculegion||MysticWater|SwiftSwim|WaveCrash,LastRespects,AquaJet,Protect|||M|||50|,,,,,Grass]Sneasler||FocusSash|Unburden|CloseCombat,DireClaw,FakeOut,Protect|||F|||50|,,,,,Stellar]Amoonguss||SitrusBerry|Regenerator|Spore,RagePowder,PollenPuff,ClearSmog|||F|||50|,,,,,Water]Maushold||WideLens|Technician|PopulationBomb,FollowMe,Taunt,Protect||||||50|,,,,,Ghost
|
|t:|1756927346
|teamsize|p1|4
|teamsize|p2|4
|start
|switch|p1a: Murkrow|Murkrow, L50, F|100/100
|switch|p1b: Volcarona|Volcarona, L50, F|100/100
|switch|p2a: Archaludon|Archaludon, L50, F, shiny|100/100
|switch|p2b: Amoonguss|Amoonguss, L50, F, shiny|100/100
|turn|1
|
|t:|1756927362
|switch|p2a: Pelipper|Pelipper, L50, F, shiny|100/100
|-weather|RainDance|[from] ability: Drizzle|[of] p2a: Pelipper
|move|p1a: Murkrow|Sunny Day|p1a: Murkrow
|-weather|SunnyDay
|move|p1b: Volcarona|Heat Wave|p2b: Amoonguss|[spread] p2b
|-miss|p1b: Volcarona|p2a: Pelipper
|-supereffective|p2b: Amoonguss
|-crit|p2b: Amoonguss
|-damage|p2b: Amoonguss|0 fnt
|faint|p2b: Amoonguss
|
|-weather|SunnyDay|[upkeep]
|upkeep
|
|t:|1756927370
|switch|p2b: Archaludon|Archaludon, L50, F, shiny|100/100
|turn|2
|
|t:|1756927380
|switch|p2a: Sneasler|Sneasler, L50, F, shiny|100/100
|move|p1a: Murkrow|Tailwind|p1a: Murkrow
|-sidestart|p1: Crying Flurmels|move: Tailwind
|move|p1b: Volcarona|Heat Wave|p2a: Sneasler|[spread] p2a,p2b
|-damage|p2a: Sneasler|33/100
|-damage|p2b: Archaludon|56/100
|-ability|p2b: Archaludon|Stamina|boost
|-boost|p2b: Archaludon|def|1
|move|p2b: Archaludon|Draco Meteor|p1b: Volcarona
|-damage|p1b: Volcarona|49/100
|-unboost|p2b: Archaludon|spa|2
|
|-weather|SunnyDay|[upkeep]
|upkeep
|turn|3
|
|t:|1756927405
|move|p2a: Sneasler|Protect|p2a: Sneasler
|-singleturn|p2a: Sneasler|Protect
|move|p1a: Murkrow|Sunny Day||[still]
|-fail|p1a: Murkrow
|move|p1b: Volcarona|Heat Wave|p2a: Sneasler|[spread] p2b
|-activate|p2a: Sneasler|move: Protect
|-damage|p2b: Archaludon|19/100
|-ability|p2b: Archaludon|Stamina|boost
|-boost|p2b: Archaludon|def|1
|move|p2b: Archaludon|Draco Meteor|p1b: Volcarona
|-damage|p1b: Volcarona|23/100
|-unboost|p2b: Archaludon|spa|2
|
|-weather|SunnyDay|[upkeep]
|upkeep
|turn|4
|
|t:|1756927419
|switch|p2a: Pelipper|Pelipper, L50, F, shiny|100/100
|-weather|RainDance|[from] ability: Drizzle|[of] p2a: Pelipper
|move|p1a: Murkrow|Sunny Day|p1a: Murkrow
|-weather|SunnyDay
|move|p1b: Volcarona|Heat Wave|p2b: Archaludon|[spread] p2a,p2b
|-resisted|p2a: Pelipper
|-damage|p2a: Pelipper|60/100
|-damage|p2b: Archaludon|0 fnt
|faint|p2b: Archaludon
|
|-weather|SunnyDay|[upkeep]
|upkeep
|
|t:|1756927422
|switch|p2b: Sneasler|Sneasler, L50, F, shiny|33/100
|turn|5
|
|t:|1756927433
|move|p1b: Volcarona|Protect|p1b: Volcarona
|-singleturn|p1b: Volcarona|Protect
|move|p2b: Sneasler|Protect|p2b: Sneasler
|-singleturn|p2b: Sneasler|Protect
|move|p1a: Murkrow|Foul Play|p2b: Sneasler
|-activate|p2b: Sneasler|move: Protect
|move|p2a: Pelipper|Tailwind|p2a: Pelipper
|-sidestart|p2: PugBurro|move: Tailwind
|
|-weather|SunnyDay|[upkeep]
|-sideend|p1: Crying Flurmels|move: Tailwind
|upkeep
|turn|6
|
|t:|1756927446
|move|p2b: Sneasler|Dire Claw|p1b: Volcarona
|-damage|p1b: Volcarona|0 fnt
|faint|p1b: Volcarona
|move|p2a: Pelipper|Weather Ball|p1a: Murkrow
|-damage|p1a: Murkrow|51/100
|move|p1a: Murkrow|Foul Play|p2b: Sneasler
|-resisted|p2b: Sneasler
|-damage|p2b: Sneasler|0 fnt
|faint|p2b: Sneasler
|
|-weather|SunnyDay|[upkeep]
|upkeep
|
|t:|1756927456
|switch|p1b: Kingambit|Kingambit, L50, F, shiny|100/100
|turn|7
|
|t:|1756927464
|-terastallize|p1b: Kingambit|Dark
|move|p2a: Pelipper|Protect|p2a: Pelipper
|-singleturn|p2a: Pelipper|Protect
|move|p1a: Murkrow|Tailwind|p1a: Murkrow
|-sidestart|p1: Crying Flurmels|move: Tailwind
|move|p1b: Kingambit|Kowtow Cleave|p2a: Pelipper
|-activate|p2a: Pelipper|move: Protect
|
|-weather|SunnyDay|[upkeep]
|upkeep
|turn|8
|j| roman_legend
|l| roman_legend
|c|☆PugBurro|ggs
|
|t:|1756927470
|move|p1a: Murkrow|Foul Play|p2a: Pelipper
|-damage|p2a: Pelipper|44/100
|move|p2a: Pelipper|Weather Ball|p1b: Kingambit
|-damage|p1b: Kingambit|52/100
|move|p1b: Kingambit|Kowtow Cleave|p2a: Pelipper
|-damage|p2a: Pelipper|0 fnt
|faint|p2a: Pelipper
|
|win|Crying Flurmels
||Crying Flurmels is ready for game 3.
||PugBurro is ready for game 3.
|uhtml|next|Next: Game 3 of 3
|l|☆PugBurro
|player|p2|
|l|☆Crying Flurmels
|player|p1|
|j|☆Crying Flurmels
|player|p1|Crying Flurmels|102|
