|j|☆Dawsonschris
|j|☆Joseph Terastalin
|html|DawsonschrisJoseph Terastalin    
|uhtml|bestof|Game 2 of a best-of-3
|t:|1757250568
|gametype|doubles
|player|p1|Dawsonschris|artist-gen4|1158
|player|p2|Joseph Terastalin|blaine|1051
|gen|9
|tier|[Gen 9] VGC 2025 Reg H (Bo3)
|rated|
|rule|Species Clause: Limit one of each Pokémon
|rule|Item Clause: Limit 1 of each item
|clearpoke
|poke|p1|Ursaluna-Bloodmoon, L50, M|
|poke|p1|Electabuzz, L50, F|
|poke|p1|Sneasler, L50, M|
|poke|p1|Indeedee, L50, M|
|poke|p1|Whimsicott, L50, F|
|poke|p1|Typhlosion-Hisui, L50, F|
|poke|p2|Venusaur, L50, M|
|poke|p2|Torkoal, L50, M|
|poke|p2|Tyranitar, L50, F|
|poke|p2|Farigiraf, L50, F|
|poke|p2|Electabuzz, L50, F|
|poke|p2|Whimsicott, L50, F|
|teampreview|4
|showteam|p1|Ursaluna-Bloodmoon||LifeOrb|MindsEye|Protect,BloodMoon,EarthPower,HyperVoice|||M|||50|,,,,,Normal]Electabuzz||Eviolite|VitalSpirit|FollowMe,Taunt,Electroweb,Protect|||F|||50|,,,,,Dragon]Sneasler||PsychicSeed|Unburden|ThroatChop,DireClaw,CloseCombat,Protect|||M|||50|,,,,,Dark]Indeedee||FocusSash|PsychicSurge|ExpandingForce,TrickRoom,HelpingHand,Protect|||M|||50|,,,,,Psychic]Whimsicott||CovertCloak|Prankster|Tailwind,Moonblast,Encore,SunnyDay|||F|||50|,,,,,Ghost]Typhlosion-Hisui||ChoiceSpecs|Blaze|Eruption,HeatWave,ShadowBall,Overheat|||F|||50|,,,,,Fire
|showteam|p2|Venusaur||LifeOrb|Chlorophyll|Protect,SludgeBomb,GigaDrain,WeatherBall|||M|||50|,,,,,Rock]Torkoal||EjectPack|Drought|Overheat,BodyPress,HelpingHand,Yawn|||M|||50|,,,,,Grass]Tyranitar||ChoiceBand|SandStream|RockSlide,KnockOff,TeraBlast,HeavySlam|||F|||50|,,,,,Flying]Farigiraf||ThroatSpray|ArmorTail|Protect,HyperVoice,Psychic,TrickRoom|||F|||50|,,,,,Fairy]Electabuzz||Eviolite|VitalSpirit|Electroweb,Taunt,FollowMe,VoltSwitch|||F|||50|,,,,,Fairy]Whimsicott||FocusSash|Prankster|MistyTerrain,Tailwind,Moonblast,Endeavor|||F|||50|,,,,,Rock
|inactive|Battle timer is ON: inactive players will automatically lose when time's up. (requested by Joseph Terastalin)
|inactive|Dawsonschris has 60 seconds left.
|inactive|Joseph Terastalin has 60 seconds left.
|
|t:|1757250610
|teamsize|p1|4
|teamsize|p2|4
|start
|switch|p1a: Electabuzz|Electabuzz, L50, F|100/100
|switch|p1b: Ursaluna|Ursaluna-Bloodmoon, L50, M|100/100
|switch|p2a: Electabuzz|Electabuzz, L50, F|100/100
|switch|p2b: Farigiraf|Farigiraf, L50, F|100/100
|turn|1
|inactive|Dawsonschris has 30 seconds left.
|
|t:|1757250640
|move|p2b: Farigiraf|Protect|p2b: Farigiraf
|-singleturn|p2b: Farigiraf|Protect
|move|p1a: Electabuzz|Taunt|p2b: Farigiraf
|-activate|p2b: Farigiraf|move: Protect
|move|p2a: Electabuzz|Taunt|p1a: Electabuzz
|-start|p1a: Electabuzz|move: Taunt
|move|p1b: Ursaluna|Earth Power|p2a: Electabuzz
|-supereffective|p2a: Electabuzz
|-damage|p2a: Electabuzz|0 fnt
|faint|p2a: Electabuzz
|-damage|p1b: Ursaluna|91/100|[from] item: Life Orb
|
|upkeep
|
|t:|1757250650
|switch|p2a: Torkoal|Torkoal, L50, M|100/100
|-weather|SunnyDay|[from] ability: Drought|[of] p2a: Torkoal
|turn|2
|
|t:|1757250674
|-terastallize|p1b: Ursaluna|Normal
|move|p1a: Electabuzz|Electroweb|p2b: Farigiraf|[spread] p2a,p2b
|-damage|p2a: Torkoal|86/100
|-damage|p2b: Farigiraf|87/100
|-unboost|p2a: Torkoal|spe|1
|-unboost|p2b: Farigiraf|spe|1
|-enditem|p2a: Torkoal|Eject Pack
|
|t:|1757250678
|switch|p2a: Tyranitar|Tyranitar, L50, F|100/100
|-weather|Sandstorm|[from] ability: Sand Stream|[of] p2a: Tyranitar
|move|p1b: Ursaluna|Blood Moon|p2a: Tyranitar
|-resisted|p2a: Tyranitar
|-damage|p2a: Tyranitar|61/100
|-damage|p1b: Ursaluna|81/100|[from] item: Life Orb
|move|p2b: Farigiraf|Trick Room|p2b: Farigiraf
|-fieldstart|move: Trick Room|[of] p2b: Farigiraf
|
|-weather|Sandstorm|[upkeep]
|-damage|p2b: Farigiraf|81/100|[from] Sandstorm
|-damage|p1b: Ursaluna|75/100|[from] Sandstorm
|-damage|p1a: Electabuzz|95/100|[from] Sandstorm
|upkeep
|turn|3
|inactive|Dawsonschris has 30 seconds left.
|
|t:|1757250705
|switch|p1a: Whimsicott|Whimsicott, L50, F|100/100
|move|p1b: Ursaluna|Protect|p1b: Ursaluna
|-singleturn|p1b: Ursaluna|Protect
|move|p2b: Farigiraf|Hyper Voice|p1b: Ursaluna|[spread] p1a
|-activate|p1b: Ursaluna|move: Protect
|-damage|p1a: Whimsicott|54/100
|-enditem|p2b: Farigiraf|Throat Spray
|-boost|p2b: Farigiraf|spa|1|[from] item: Throat Spray
|move|p2a: Tyranitar|Knock Off|p1b: Ursaluna
|-activate|p1b: Ursaluna|move: Protect
|
|-weather|Sandstorm|[upkeep]
|-damage|p2b: Farigiraf|75/100|[from] Sandstorm
|-damage|p1b: Ursaluna|70/100|[from] Sandstorm
|-damage|p1a: Whimsicott|48/100|[from] Sandstorm
|upkeep
|turn|4
|
|t:|1757250723
|switch|p1b: Electabuzz|Electabuzz, L50, F|95/100
|move|p1a: Whimsicott|Sunny Day|p1a: Whimsicott
|-weather|SunnyDay
|move|p2b: Farigiraf|Hyper Voice|p1a: Whimsicott|[spread] p1a,p1b
|-damage|p1a: Whimsicott|0 fnt
|-damage|p1b: Electabuzz|53/100
|faint|p1a: Whimsicott
|move|p2a: Tyranitar|Knock Off|p1b: Electabuzz
|-damage|p1b: Electabuzz|0 fnt
|-enditem|p1b: Electabuzz|Eviolite|[from] move: Knock Off|[of] p2a: Tyranitar
|faint|p1b: Electabuzz
|
|-weather|SunnyDay|[upkeep]
|upkeep
|
|t:|1757250737
|switch|p1b: Typhlosion|Typhlosion-Hisui, L50, F|100/100
|switch|p1a: Ursaluna|Ursaluna-Bloodmoon, L50, M, tera:Normal|70/100
|turn|5
|
|t:|1757250747
|move|p2b: Farigiraf|Hyper Voice|p1b: Typhlosion|[spread] p1a
|-immune|p1b: Typhlosion
|-damage|p1a: Ursaluna|6/100
|move|p2a: Tyranitar|Knock Off|p1b: Typhlosion
|-supereffective|p1b: Typhlosion
|-damage|p1b: Typhlosion|0 fnt
|-enditem|p1b: Typhlosion|Choice Specs|[from] move: Knock Off|[of] p2a: Tyranitar
|faint|p1b: Typhlosion
|move|p1a: Ursaluna|Hyper Voice|p2a: Tyranitar|[spread] p2a,p2b
|-resisted|p2a: Tyranitar
|-damage|p2a: Tyranitar|34/100
|-damage|p2b: Farigiraf|16/100
|-damage|p1a: Ursaluna|0 fnt|[from] item: Life Orb
|faint|p1a: Ursaluna
|
|win|Joseph Terastalin
|inactive|Dawsonschris has 30 seconds to confirm battle start!
|inactive|Joseph Terastalin has 30 seconds to confirm battle start!
