|j|☆lolgz
|j|☆xmagimoon
|html|lolgzxmagimoon    
|uhtml|bestof|Game 1 of a best-of-3
|t:|1783957428
|gametype|doubles
|player|p1|lolgz|dawn|1094
|player|p2|xmagimoon|waiter|1000
|gen|9
|tier|[Gen 9 Champions] VGC 2026 Reg M-B (Bo3)
|rated|
|rule|Species Clause: Limit one of each Pokémon
|rule|Item Clause: Limit 1 of each item
|clearpoke
|poke|p1|Kingambit, L50, M|
|poke|p1|Vivillon, L50, F|
|poke|p1|Incineroar, L50, F|
|poke|p1|Sinistcha, L50|
|poke|p1|Delphox, L50, M|
|poke|p1|Feraligatr, L50, M|
|poke|p2|Mawile, L50, F|
|poke|p2|Alakazam, L50, M|
|poke|p2|Chandelure, L50, F|
|poke|p2|Blaziken, L50, M|
|poke|p2|Kleavor, L50, M|
|poke|p2|Kommo-o, L50, F|
|teampreview|4
|showteam|p1|Kingambit||BlackGlasses|Defiant|SuckerPunch,KowtowCleave,Protect,SwordsDance|Adamant||M|||50|]Vivillon||ChoiceScarf|CompoundEyes|SleepPowder,Hurricane,RagePowder,Tailwind|Timid||F|||50|]Incineroar||PasshoBerry|Intimidate|PartingShot,FakeOut,ThroatChop,FlareBlitz|Careful||F|||50|]Sinistcha||KasibBerry|Hospitality|MatchaGotcha,RagePowder,TrickRoom,Protect|Serious|||||50|]Delphox||Delphoxite|Blaze|HeatWave,Psychic,Protect,NastyPlot|Timid||M|||50|]Feraligatr||Feraligite|Torrent|Liquidation,BodySlam,Protect,DragonDance|Jolly||M|||50|
|showteam|p2|Mawile||Mawilite|Intimidate|IronHead,Protect,PlayRough,RockSlide|Adamant||F|||50|]Alakazam||FocusSash|InnerFocus|SpeedSwap,TrickRoom,ExpandingForce,PsychicTerrain|Timid||M|||50|]Chandelure||LumBerry|FlashFire|TrickRoom,HeatWave,ShadowBall,WillOWisp|Modest||F|||50|]Blaziken||WideLens|SpeedBoost|Detect,BlazeKick,HighJumpKick,BraveBird|Jolly||M|||50|]Kleavor||ChoiceScarf|Sharpness|StoneAxe,XScissor,Uturn,Tailwind|Adamant||M|||50|]Kommo-o||Leftovers|Bulletproof|IronDefense,BodyPress,ClangingScales,Protect|Bold||F|||50|
|inactive|Battle timer is ON: inactive players will automatically lose when time's up. (requested by lolgz)
|inactive|lolgz has 60 seconds left.
|
|t:|1783957466
|teamsize|p1|4
|teamsize|p2|4
|start
|switch|p1a: Vivillon|Vivillon, L50, F|100/100
|switch|p1b: Feraligatr|Feraligatr, L50, M|100/100
|switch|p2a: Alakazam|Alakazam, L50, M|100/100
|switch|p2b: Kleavor|Kleavor, L50, M|100/100
|turn|1
|
|t:|1783957486
|detailschange|p1b: Feraligatr|Feraligatr-Mega, L50, M
|-mega|p1b: Feraligatr|Feraligatr|Feraligite
|move|p1a: Vivillon|Sleep Powder|p2a: Alakazam
|-status|p2a: Alakazam|slp|[from] move: Sleep Powder
|move|p2b: Kleavor|Stone Axe|p1a: Vivillon
|-supereffective|p1a: Vivillon|2
|-damage|p1a: Vivillon|0 fnt
|-sidestart|p1: lolgz|move: Stealth Rock
|faint|p1a: Vivillon
|cant|p2a: Alakazam|slp
|move|p1b: Feraligatr|Dragon Dance|p1b: Feraligatr
|-boost|p1b: Feraligatr|atk|1
|-boost|p1b: Feraligatr|spe|1
|
|upkeep
|
|t:|1783957492
|switch|p1a: Kingambit|Kingambit, L50, M|100/100
|-damage|p1a: Kingambit|94/100|[from] Stealth Rock
|turn|2
|
|t:|1783957515
|switch|p2b: Kommo-o|Kommo-o, L50, F|100/100
|move|p1b: Feraligatr|Liquidation|p2b: Kommo-o
|-resisted|p2b: Kommo-o|1
|-damage|p2b: Kommo-o|75/100
|cant|p2a: Alakazam|slp
|move|p1a: Kingambit|Swords Dance|p1a: Kingambit
|-boost|p1a: Kingambit|atk|2
|
|-heal|p2b: Kommo-o|81/100|[from] item: Leftovers
|upkeep
|turn|3
|
|t:|1783957527
|move|p1b: Feraligatr|Body Slam|p2b: Kommo-o
|-supereffective|p2b: Kommo-o|1
|-damage|p2b: Kommo-o|0 fnt
|faint|p2b: Kommo-o
|-curestatus|p2a: Alakazam|slp|[msg]
|move|p2a: Alakazam|Psychic Terrain|p2a: Alakazam
|-fieldstart|move: Psychic Terrain
|move|p1a: Kingambit|Kowtow Cleave|p2a: Alakazam
|-supereffective|p2a: Alakazam|1
|-enditem|p2a: Alakazam|Focus Sash
|-damage|p2a: Alakazam|1/100
|
|upkeep
|
|t:|1783957541
|switch|p2b: Mawile|Mawile, L50, F|100/100
|-ability|p2b: Mawile|Intimidate|boost
|-unboost|p1a: Kingambit|atk|1
|-ability|p1a: Kingambit|Defiant|boost
|-boost|p1a: Kingambit|atk|2
|-unboost|p1b: Feraligatr|atk|1
|turn|4
|
|t:|1783957552
|detailschange|p2b: Mawile|Mawile-Mega, L50, F
|-mega|p2b: Mawile|Mawile|Mawilite
|move|p1b: Feraligatr|Liquidation|p2b: Mawile
|-damage|p2b: Mawile|58/100
|move|p2a: Alakazam|Speed Swap|p2b: Mawile
|-activate|p2a: Alakazam|move: Speed Swap|[of] p2b: Mawile
|move|p2b: Mawile|Play Rough|p1b: Feraligatr
|-supereffective|p1b: Feraligatr|1
|-damage|p1b: Feraligatr|0 fnt
|faint|p1b: Feraligatr
|move|p1a: Kingambit|Kowtow Cleave|p2b: Mawile
|-resisted|p2b: Mawile|1
|-damage|p2b: Mawile|0 fnt
|faint|p2b: Mawile
|
|upkeep
|
|t:|1783957568
|switch|p1b: Incineroar|Incineroar, L50, F|100/100
|switch|p2b: Kleavor|Kleavor, L50, M|100/100
|-damage|p1b: Incineroar|75/100|[from] Stealth Rock
|-ability|p1b: Incineroar|Intimidate|boost
|-fail|p2a: Alakazam|unboost|Attack|[from] ability: Inner Focus|[of] p2a: Alakazam
|-unboost|p2b: Kleavor|atk|1
|turn|5
|
|t:|1783957585
|move|p2b: Kleavor|X-Scissor|p1a: Kingambit
|-damage|p1a: Kingambit|56/100
|move|p1b: Incineroar|Throat Chop|p2a: Alakazam
|-supereffective|p2a: Alakazam|1
|-damage|p2a: Alakazam|0 fnt
|faint|p2a: Alakazam
|move|p1a: Kingambit|Kowtow Cleave|p2b: Kleavor
|-damage|p2b: Kleavor|0 fnt
|faint|p2b: Kleavor
|
|win|lolgz
