|j|☆Keith Jones
|j|☆i miss my miraidon
|html|Keith Jonesi miss my miraidon    
|uhtml|bestof|Game 1 of a best-of-3
|t:|1783633296
|gametype|doubles
|player|p1|Keith Jones|benga|1330
|player|p2|i miss my miraidon|170|1357
|gen|9
|tier|[Gen 9 Champions] VGC 2026 Reg M-B (Bo3)
|rated|
|rule|Species Clause: Limit one of each Pokémon
|rule|Item Clause: Limit 1 of each item
|clearpoke
|poke|p1|Incineroar, L50, F|
|poke|p1|Sinistcha, L50|
|poke|p1|Delphox, L50, M|
|poke|p1|Garchomp, L50, F|
|poke|p1|Vivillon, L50, M|
|poke|p1|Kingambit, L50, F|
|poke|p2|Venusaur, L50, F|
|poke|p2|Mamoswine, L50, F|
|poke|p2|Charizard, L50, F|
|poke|p2|Garchomp, L50, M|
|poke|p2|Sylveon, L50, M|
|poke|p2|Incineroar, L50, M|
|teampreview|4
|showteam|p1|Incineroar||SitrusBerry|Intimidate|FlareBlitz,FakeOut,HelpingHand,PartingShot|Careful||F|||50|]Sinistcha||ColburBerry|Hospitality|MatchaGotcha,RagePowder,TrickRoom,LifeDew|Calm|||||50|]Delphox||Delphoxite|Blaze|HeatWave,Psyshock,NastyPlot,Protect|Timid||M|||50|]Garchomp||LifeOrb|RoughSkin|Earthquake,DragonClaw,RockSlide,Protect|Jolly||F|||50|]Vivillon||ChoiceScarf|CompoundEyes|Hurricane,SleepPowder,Tailwind,RagePowder|Timid||M|||50|]Kingambit||BlackGlasses|Defiant|KowtowCleave,SuckerPunch,SwordsDance,Protect|Adamant||F|||50|
|showteam|p2|Venusaur||LifeOrb|Chlorophyll|SolarBeam,SludgeBomb,EarthPower,Protect|Modest||F|||50|]Mamoswine||FocusSash|Oblivious|HighHorsepower,RockTomb,IceShard,Protect|Jolly||F|||50|]Charizard||CharizarditeY|Blaze|HeatWave,WeatherBall,HelpingHand,Protect|Modest||F|||50|]Garchomp||ChoiceScarf|RoughSkin|Earthquake,DragonClaw,RockSlide,IronHead|Adamant||M|||50|]Sylveon||FairyFeather|Pixilate|HyperVoice,QuickAttack,Yawn,Detect|Modest||M|||50|]Incineroar||SitrusBerry|Intimidate|FlareBlitz,DarkestLariat,FakeOut,PartingShot|Careful||M|||50|
|
|t:|1783633345
|teamsize|p1|4
|teamsize|p2|4
|start
|switch|p1a: Incineroar|Incineroar, L50, F|100/100
|switch|p1b: Delphox|Delphox, L50, M|100/100
|switch|p2a: Venusaur|Venusaur, L50, F|100/100
|switch|p2b: Charizard|Charizard, L50, F|100/100
|-ability|p1a: Incineroar|Intimidate|boost
|-unboost|p2a: Venusaur|atk|1
|-unboost|p2b: Charizard|atk|1
|turn|1
|
|t:|1783633354
|switch|p2a: Incineroar|Incineroar, L50, M|100/100
|-ability|p2a: Incineroar|Intimidate|boost
|-unboost|p1a: Incineroar|atk|1
|-unboost|p1b: Delphox|atk|1
|detailschange|p1b: Delphox|Delphox-Mega, L50, M
|-mega|p1b: Delphox|Delphox|Delphoxite
|move|p2b: Charizard|Protect|p2b: Charizard
|-singleturn|p2b: Charizard|Protect
|move|p1a: Incineroar|Fake Out|p2a: Incineroar
|-damage|p2a: Incineroar|94/100
|move|p1b: Delphox|Nasty Plot|p1b: Delphox
|-boost|p1b: Delphox|spa|2
|
|upkeep
|turn|2
|
|t:|1783633372
|detailschange|p2b: Charizard|Charizard-Mega-Y, L50, F
|-mega|p2b: Charizard|Charizard|Charizardite Y
|-weather|SunnyDay|[from] ability: Drought|[of] p2b: Charizard
|move|p1b: Delphox|Protect|p1b: Delphox
|-singleturn|p1b: Delphox|Protect
|move|p2a: Incineroar|Fake Out|p1a: Incineroar
|-damage|p1a: Incineroar|90/100
|move|p2b: Charizard|Heat Wave|p1a: Incineroar|[spread] p1a
|-activate|p1b: Delphox|move: Protect
|-resisted|p1a: Incineroar|1
|-damage|p1a: Incineroar|67/100
|cant|p1a: Incineroar|flinch
|
|-weather|SunnyDay|[upkeep]
|upkeep
|turn|3
|
|t:|1783633381
|move|p1a: Incineroar|Helping Hand|p1b: Delphox
|-singleturn|p1b: Delphox|Helping Hand|[of] p1a: Incineroar
|move|p2b: Charizard|Protect|p2b: Charizard
|-singleturn|p2b: Charizard|Protect
|move|p1b: Delphox|Heat Wave|p2a: Incineroar|[spread] p2a
|-activate|p2b: Charizard|move: Protect
|-resisted|p2a: Incineroar|1
|-damage|p2a: Incineroar|22/100
|-enditem|p2a: Incineroar|Sitrus Berry|[eat]
|-heal|p2a: Incineroar|47/100|[from] item: Sitrus Berry
|move|p2a: Incineroar|Darkest Lariat|p1b: Delphox
|-supereffective|p1b: Delphox|1
|-damage|p1b: Delphox|1/100
|
|-weather|SunnyDay|[upkeep]
|upkeep
|turn|4
|
|t:|1783633401
|switch|p2b: Garchomp|Garchomp, L50, M|100/100
|move|p1b: Delphox|Protect|p1b: Delphox
|-singleturn|p1b: Delphox|Protect
|move|p1a: Incineroar|Parting Shot|p2b: Garchomp
|-unboost|p2b: Garchomp|atk|1
|-unboost|p2b: Garchomp|spa|1
|
|t:|1783633406
|switch|p1a: Vivillon|Vivillon, L50, M|100/100|[from] Parting Shot
|move|p2a: Incineroar|Parting Shot|p1a: Vivillon
|-unboost|p1a: Vivillon|atk|1
|-unboost|p1a: Vivillon|spa|1
|
|t:|1783633413
|switch|p2a: Venusaur|Venusaur, L50, F|100/100|[from] Parting Shot
|
|-weather|SunnyDay|[upkeep]
|upkeep
|turn|5
|
|t:|1783633420
|switch|p1b: Incineroar|Incineroar, L50, F|67/100
|-ability|p1b: Incineroar|Intimidate|boost
|-unboost|p2a: Venusaur|atk|1
|-unboost|p2b: Garchomp|atk|1
|move|p2a: Venusaur|Sludge Bomb|p1b: Incineroar
|-damage|p1b: Incineroar|25/100
|-enditem|p1b: Incineroar|Sitrus Berry|[eat]
|-heal|p1b: Incineroar|50/100y|[from] item: Sitrus Berry
|-damage|p2a: Venusaur|90/100|[from] item: Life Orb
|move|p1a: Vivillon|Sleep Powder|p2b: Garchomp
|-status|p2b: Garchomp|slp|[from] move: Sleep Powder
|cant|p2b: Garchomp|slp
|
|-weather|SunnyDay|[upkeep]
|upkeep
|turn|6
|
|t:|1783633433
|switch|p1a: Delphox|Delphox-Mega, L50, M|1/100
|move|p1b: Incineroar|Fake Out|p2a: Venusaur
|-damage|p2a: Venusaur|74/100
|cant|p2a: Venusaur|flinch
|cant|p2b: Garchomp|slp
|
|-weather|none
|upkeep
|turn|7
|
|t:|1783633447
|switch|p1b: Garchomp|Garchomp, L50, F|100/100
|move|p1a: Delphox|Protect|p1a: Delphox
|-singleturn|p1a: Delphox|Protect
|-curestatus|p2b: Garchomp|slp|[msg]
|move|p2b: Garchomp|Dragon Claw|p1a: Delphox
|-activate|p1a: Delphox|move: Protect
|move|p2a: Venusaur|Earth Power|p1b: Garchomp
|-damage|p1b: Garchomp|57/100
|-unboost|p1b: Garchomp|spd|1
|-damage|p2a: Venusaur|65/100|[from] item: Life Orb
|
|upkeep
|turn|8
|
|t:|1783633467
|switch|p2b: Charizard|Charizard-Mega-Y, L50, F|100/100
|-weather|SunnyDay|[from] ability: Drought|[of] p2b: Charizard
|switch|p1b: Incineroar|Incineroar, L50, F|50/100y
|-ability|p1b: Incineroar|Intimidate|boost
|-unboost|p2a: Venusaur|atk|1
|-unboost|p2b: Charizard|atk|1
|move|p2a: Venusaur|Earth Power|p1b: Incineroar
|-supereffective|p1b: Incineroar|1
|-damage|p1b: Incineroar|0 fnt
|faint|p1b: Incineroar
|-damage|p2a: Venusaur|55/100|[from] item: Life Orb
|move|p1a: Delphox|Heat Wave|p2a: Venusaur|[spread] p2a,p2b
|-supereffective|p2a: Venusaur|1
|-resisted|p2b: Charizard|1
|-damage|p2a: Venusaur|0 fnt
|-damage|p2b: Charizard|75/100
|faint|p2a: Venusaur
|
|-weather|SunnyDay|[upkeep]
|upkeep
|
|t:|1783633479
|switch|p2a: Garchomp|Garchomp, L50, M|100/100
|switch|p1b: Garchomp|Garchomp, L50, F|57/100
|turn|9
|
|t:|1783633517
|switch|p2b: Incineroar|Incineroar, L50, M|47/100
|-ability|p2b: Incineroar|Intimidate|boost
|-unboost|p1a: Delphox|atk|1
|-unboost|p1b: Garchomp|atk|1
|move|p1b: Garchomp|Protect|p1b: Garchomp
|-singleturn|p1b: Garchomp|Protect
|move|p2a: Garchomp|Dragon Claw|p1b: Garchomp
|-activate|p1b: Garchomp|move: Protect
|move|p1a: Delphox|Psyshock|p2a: Garchomp
|-damage|p2a: Garchomp|54/100
|
|-weather|SunnyDay|[upkeep]
|upkeep
|turn|10
|
|t:|1783633542
|switch|p1b: Vivillon|Vivillon, L50, M|100/100
|move|p2b: Incineroar|Fake Out|p1a: Delphox
|-damage|p1a: Delphox|0 fnt
|faint|p1a: Delphox
|move|p2a: Garchomp|Dragon Claw|p1b: Vivillon
|-damage|p1b: Vivillon|11/100
|
|-weather|SunnyDay|[upkeep]
|upkeep
|
|t:|1783633553
|switch|p1a: Garchomp|Garchomp, L50, F|57/100
|turn|11
|
|t:|1783633564
|move|p1b: Vivillon|Sleep Powder|p2a: Garchomp
|-status|p2a: Garchomp|slp|[from] move: Sleep Powder
|cant|p2a: Garchomp|slp
|move|p1a: Garchomp|Earthquake|p2b: Incineroar|[spread] p2a,p2b
|-immune|p1b: Vivillon
|-supereffective|p2b: Incineroar|1
|-damage|p2a: Garchomp|5/100 slp
|-damage|p2b: Incineroar|0 fnt
|faint|p2b: Incineroar
|-damage|p1a: Garchomp|48/100|[from] item: Life Orb
|
|-weather|SunnyDay|[upkeep]
|upkeep
|
|t:|1783633567
|switch|p2b: Charizard|Charizard-Mega-Y, L50, F|75/100
|turn|12
|
|t:|1783633576
|move|p1b: Vivillon|Sleep Powder|p2b: Charizard
|-status|p2b: Charizard|slp|[from] move: Sleep Powder
|cant|p2a: Garchomp|slp
|move|p1a: Garchomp|Rock Slide|p2b: Charizard|[spread] p2a,p2b
|-resisted|p2a: Garchomp|1
|-supereffective|p2b: Charizard|2
|-damage|p2a: Garchomp|0 fnt
|-damage|p2b: Charizard|0 fnt
|faint|p2a: Garchomp
|faint|p2b: Charizard
|-damage|p1a: Garchomp|38/100|[from] item: Life Orb
|
|win|Keith Jones
||i miss my miraidon is ready for game 2.
||Keith Jones is ready for game 2.
|uhtml|next|Next: Game 2 of 3
|l|☆i miss my miraidon
|player|p2|
