|j|☆Ragnix
|j|☆Edinson Burgos
|html|RagnixEdinson Burgos    
|uhtml|bestof|Game 2 of a best-of-3
|t:|1757645903
|gametype|doubles
|player|p1|Ragnix|1|
|player|p2|Edinson Burgos|cynthia|
|gen|9
|tier|[Gen 9] VGC 2025 Reg H (Bo3)
|rule|Species Clause: Limit one of each Pokémon
|rule|Item Clause: Limit 1 of each item
|clearpoke
|poke|p1|Whimsicott, L50, M|
|poke|p1|Ursaluna-Bloodmoon, L50, M|
|poke|p1|Archaludon, L50, M|
|poke|p1|Politoed, L50, F|
|poke|p1|Typhlosion-Hisui, L50, M|
|poke|p1|Indeedee-F, L50, F|
|poke|p2|Dragonite, L50, M|
|poke|p2|Volcarona, L50, F|
|poke|p2|Sneasler, L50, M|
|poke|p2|Rillaboom, L50, M|
|poke|p2|Electabuzz, L50, M|
|poke|p2|Kingambit, L50, M|
|teampreview|4
|showteam|p1|Whimsicott||CovertCloak|Prankster|Tailwind,Moonblast,SunnyDay,Encore|||M|||50|,,,,,Fire]Ursaluna-Bloodmoon||LifeOrb|MindsEye|EarthPower,BloodMoon,HyperVoice,Protect|||M|||50|,,,,,Normal]Archaludon||AssaultVest|Stamina|ElectroShot,FlashCannon,BodyPress,DracoMeteor|||M|||50|,,,,,Grass]Politoed||SitrusBerry|Drizzle|PerishSong,Haze,WeatherBall,Protect|||F|||50|,,,,,Grass]Typhlosion-Hisui||ChoiceSpecs|Blaze|Eruption,HeatWave,InfernalParade,SolarBeam|||M|||50|,,,,,Fire]Indeedee-F||PsychicSeed|PsychicSurge|TrickRoom,FollowMe,Imprison,Psychic|||F|||50|,,,,,Fairy
|showteam|p2|Dragonite||LoadedDice|Multiscale|ScaleShot,ExtremeSpeed,Haze,Protect|||M|||50|,,,,,Fairy]Volcarona||CovertCloak|FlameBody|HeatWave,TeraBlast,QuiverDance,Protect|||F|||50|,,,,,Fairy]Sneasler||FocusSash|Unburden|CloseCombat,DireClaw,Coaching,Protect|||M|||50|,,,,,Stellar]Rillaboom||AssaultVest|GrassySurge|WoodHammer,GrassyGlide,HighHorsepower,FakeOut|||M|||50|,,,,,Water]Electabuzz||Eviolite|VitalSpirit|Thunderbolt,FollowMe,Taunt,Protect|||M|||50|,,,,,Ghost]Kingambit||BlackGlasses|Defiant|KowtowCleave,SuckerPunch,SwordsDance,Protect|||M|||50|,,,,,Dark
|j| DrakyPana
|j| Cyan_Streamz
|j| marx2905
|c|☆Ragnix|Cyan este equipo no lo arme yo, lo cogí media hora antes de empezar xd
|c|☆Edinson Burgos|Equipo de bebés
|
|t:|1757646011
|teamsize|p1|4
|teamsize|p2|4
|start
|switch|p1a: Whimsicott|Whimsicott, L50, M|100/100
|switch|p1b: Ursaluna|Ursaluna-Bloodmoon, L50, M|100/100
|switch|p2a: Pelé|Dragonite, L50, M|100/100
|switch|p2b: Lionel Messi|Electabuzz, L50, M|100/100
|turn|1
|inactive|Battle timer is ON: inactive players will automatically lose when time's up. (requested by Ragnix)
|
|t:|1757646048
|move|p1b: Ursaluna|Protect|p1b: Ursaluna
|-singleturn|p1b: Ursaluna|Protect
|move|p2b: Lionel Messi|Follow Me|p2b: Lionel Messi
|-singleturn|p2b: Lionel Messi|move: Follow Me
|move|p1a: Whimsicott|Tailwind|p1a: Whimsicott
|-sidestart|p1: Ragnix|move: Tailwind
|move|p2a: Pelé|Scale Shot|p1b: Ursaluna
|-activate|p1b: Ursaluna|move: Protect
|
|upkeep
|turn|2
|
|t:|1757646071
|-terastallize|p1b: Ursaluna|Normal
|move|p2a: Pelé|Protect|p2a: Pelé
|-singleturn|p2a: Pelé|Protect
|move|p1a: Whimsicott|Moonblast|p2a: Pelé
|-activate|p2a: Pelé|move: Protect
|move|p1b: Ursaluna|Hyper Voice|p2b: Lionel Messi|[spread] p2b
|-activate|p2a: Pelé|move: Protect
|-damage|p2b: Lionel Messi|52/100
|-damage|p1b: Ursaluna|91/100|[from] item: Life Orb
|move|p2b: Lionel Messi|Taunt|p1a: Whimsicott
|-start|p1a: Whimsicott|move: Taunt
|
|upkeep
|turn|3
|inactive|Ragnix has 30 seconds left.
|inactive|Edinson Burgos has 30 seconds left.
|inactive|Ragnix has 20 seconds left.
|
|t:|1757646106
|move|p2b: Lionel Messi|Protect|p2b: Lionel Messi
|-singleturn|p2b: Lionel Messi|Protect
|move|p1a: Whimsicott|Moonblast|p2a: Pelé
|-supereffective|p2a: Pelé
|-damage|p2a: Pelé|73/100
|move|p1b: Ursaluna|Hyper Voice|p2a: Pelé|[spread] p2a
|-activate|p2b: Lionel Messi|move: Protect
|-damage|p2a: Pelé|0 fnt
|faint|p2a: Pelé
|-damage|p1b: Ursaluna|81/100|[from] item: Life Orb
|
|upkeep
|
|t:|1757646118
|switch|p2a: Ronaldo Nazario|Sneasler, L50, M|100/100
|turn|4
|
|t:|1757646139
|move|p2b: Lionel Messi|Follow Me|p2b: Lionel Messi
|-singleturn|p2b: Lionel Messi|move: Follow Me
|move|p1a: Whimsicott|Moonblast|p2b: Lionel Messi
|-damage|p2b: Lionel Messi|31/100
|move|p1b: Ursaluna|Hyper Voice|p2b: Lionel Messi|[spread] p2a,p2b
|-enditem|p2a: Ronaldo Nazario|Focus Sash
|-damage|p2a: Ronaldo Nazario|1/100
|-damage|p2b: Lionel Messi|0 fnt
|faint|p2b: Lionel Messi
|-damage|p1b: Ursaluna|72/100|[from] item: Life Orb
|move|p2a: Ronaldo Nazario|Close Combat|p1b: Ursaluna
|-supereffective|p1b: Ursaluna
|-damage|p1b: Ursaluna|0 fnt
|-unboost|p2a: Ronaldo Nazario|def|1
|-unboost|p2a: Ronaldo Nazario|spd|1
|faint|p1b: Ursaluna
|
|-sideend|p1: Ragnix|move: Tailwind
|upkeep
|
|t:|1757646164
|switch|p2b: Cristiano Ronaldo|Rillaboom, L50, M|100/100
|switch|p1b: Typhlosion|Typhlosion-Hisui, L50, M, shiny|100/100
|-fieldstart|move: Grassy Terrain|[from] ability: Grassy Surge|[of] p2b: Cristiano Ronaldo
|turn|5
|inactive|Edinson Burgos has 30 seconds left.
|
|t:|1757646193
|move|p2a: Ronaldo Nazario|Protect|p2a: Ronaldo Nazario
|-singleturn|p2a: Ronaldo Nazario|Protect
|move|p2b: Cristiano Ronaldo|Fake Out|p1a: Whimsicott
|-damage|p1a: Whimsicott|83/100
|move|p1b: Typhlosion|Heat Wave|p2a: Ronaldo Nazario|[spread] p2b
|-activate|p2a: Ronaldo Nazario|move: Protect
|-supereffective|p2b: Cristiano Ronaldo
|-damage|p2b: Cristiano Ronaldo|23/100
|move|p1a: Whimsicott|Moonblast|p2a: Ronaldo Nazario
|-activate|p2a: Ronaldo Nazario|move: Protect
|
|-heal|p2a: Ronaldo Nazario|7/100|[from] Grassy Terrain
|-heal|p1a: Whimsicott|89/100|[from] Grassy Terrain
|-heal|p2b: Cristiano Ronaldo|29/100|[from] Grassy Terrain
|-end|p1a: Whimsicott|move: Taunt
|upkeep
|turn|6
|inactive|Edinson Burgos has 30 seconds left.
|
|t:|1757646223
|-terastallize|p2b: Cristiano Ronaldo|Water
|move|p1a: Whimsicott|Tailwind|p1a: Whimsicott
|-sidestart|p1: Ragnix|move: Tailwind
|move|p2a: Ronaldo Nazario|Dire Claw|p1a: Whimsicott
|-supereffective|p1a: Whimsicott
|-damage|p1a: Whimsicott|0 fnt
|faint|p1a: Whimsicott
|move|p1b: Typhlosion|Heat Wave|p2a: Ronaldo Nazario|[spread] p2a,p2b
|-resisted|p2b: Cristiano Ronaldo
|-damage|p2a: Ronaldo Nazario|0 fnt
|-damage|p2b: Cristiano Ronaldo|9/100
|faint|p2a: Ronaldo Nazario
|move|p2b: Cristiano Ronaldo|High Horsepower|p1b: Typhlosion
|-supereffective|p1b: Typhlosion
|-damage|p1b: Typhlosion|0 fnt
|faint|p1b: Typhlosion
|
|-heal|p2b: Cristiano Ronaldo|15/100|[from] Grassy Terrain
|upkeep
|
|t:|1757646236
|switch|p1b: Indeedee|Indeedee-F, L50, F|100/100
|-fieldstart|move: Psychic Terrain|[from] ability: Psychic Surge|[of] p1b: Indeedee
|-enditem|p1b: Indeedee|Psychic Seed
|-boost|p1b: Indeedee|spd|1|[from] item: Psychic Seed
|turn|7
|inactive|Edinson Burgos has 30 seconds left.
|
|t:|1757646264
|move|p1b: Indeedee|Psychic|p2b: Cristiano Ronaldo
|-damage|p2b: Cristiano Ronaldo|0 fnt
|faint|p2b: Cristiano Ronaldo
|
|win|Ragnix
