|j|Ōśåfreudianbreath
|j|Ōśåyou ardy know
|html|freudianbreathyou ardy know    
|uhtml|bestof|Game 1 of a best-of-3
|t:|1785699695
|gametype|doubles
|player|p1|freudianbreath|169|1028
|player|p2|you ardy know|flannery|1103
|gen|9
|tier|[Gen 9 Champions] VGC 2026 Reg M-B (Bo3)
|rated|
|rule|Species Clause: Limit one of each Pok├®mon
|rule|Item Clause: Limit 1 of each item
|clearpoke
|poke|p1|Gholdengo, L50|
|poke|p1|Whimsicott, L50, M|
|poke|p1|Sneasler, L50, F|
|poke|p1|Aerodactyl, L50, M|
|poke|p1|Politoed, L50, F|
|poke|p1|Swampert, L50, F|
|poke|p2|Tyranitar, L50, M|
|poke|p2|Excadrill, L50, F|
|poke|p2|Milotic, L50, M|
|poke|p2|Sinistcha-Masterpiece, L50|
|poke|p2|Staraptor, L50, M|
|poke|p2|Gholdengo, L50|
|teampreview|4
|showteam|p1|Gholdengo||LifeOrb|GoodasGold|NastyPlot,MakeItRain,Protect,ShadowBall|Timid|||||50|]Whimsicott||SitrusBerry|Prankster|Moonblast,Encore,Tailwind,Protect|Bold||M|||50|]Sneasler||FocusSash|Unburden|FakeOut,DireClaw,CloseCombat,ThroatChop|Jolly||F|||50|]Aerodactyl||Aerodactylite|Unnerve|DualWingbeat,RockSlide,Protect,Tailwind|Jolly||M|||50|]Politoed||Leftovers|Drizzle|Whirlpool,Protect,EarthPower,WeatherBall|Modest||F|||50|]Swampert||Swampertite|Torrent|WaveCrash,Protect,HighHorsepower,IcePunch|Adamant||F|||50|
|showteam|p2|Tyranitar||Tyranitarite|SandStream|RockSlide,KnockOff,HighHorsepower,Protect|Jolly||M|||50|]Excadrill||FocusSash|SandRush|IronHead,HighHorsepower,RockSlide,Protect|Jolly||F|||50|]Milotic||SitrusBerry|Competitive|Scald,IcyWind,Haze,Protect|Calm||M|||50|]Sinistcha-Masterpiece||ColburBerry|Hospitality|MatchaGotcha,ShadowBall,RagePowder,Protect|Bold|||||50|]Staraptor||Staraptite|Intimidate|BraveBird,CloseCombat,Tailwind,Protect|Jolly||M|||50|]Gholdengo||LifeOrb|GoodasGold|MakeItRain,ShadowBall,NastyPlot,Protect|Modest|||||50|
|c|Ōśåyou ardy know|Glhf
|inactive|Battle timer is ON: inactive players will automatically lose when time's up. (requested by you ardy know)
|inactive|freudianbreath has 60 seconds left.
|inactive|freudianbreath has 30 seconds left.
|inactive|freudianbreath has 20 seconds left.
|inactive|freudianbreath has 15 seconds left.
|inactive|freudianbreath has 10 seconds left.
|inactive|freudianbreath has 5 seconds left.
|
|t:|1785699839
|teamsize|p1|4
|teamsize|p2|4
|start
|switch|p1a: Aerodactyl|Aerodactyl, L50, M|100/100
|switch|p1b: Gholdengo|Gholdengo, L50|100/100
|switch|p2a: Staraptor|Staraptor, L50, M|100/100
|switch|p2b: Sinistcha|Sinistcha-Masterpiece, L50|100/100
|-ability|p1a: Aerodactyl|Unnerve
|-ability|p2a: Staraptor|Intimidate|boost
|-unboost|p1a: Aerodactyl|atk|1
|-unboost|p1b: Gholdengo|atk|1
|turn|1
|inactive|freudianbreath has 30 seconds left.
|inactive|you ardy know has 30 seconds left.
|inactive|freudianbreath has 20 seconds left.
|inactive|you ardy know has 20 seconds left.
|inactive|freudianbreath has 15 seconds left.
|inactive|you ardy know has 15 seconds left.
|inactive|you ardy know has 10 seconds left.
|
|t:|1785699888
|switch|p2b: Tyranitar|Tyranitar, L50, M|100/100
|-weather|Sandstorm|[from] ability: Sand Stream|[of] p2b: Tyranitar
|detailschange|p2a: Staraptor|Staraptor-Mega, L50, M
|-mega|p2a: Staraptor|Staraptor|Staraptite
|move|p1a: Aerodactyl|Dual Wingbeat|p2b: Tyranitar|[miss]
|-miss|p1a: Aerodactyl|p2b: Tyranitar
|move|p2a: Staraptor|Tailwind|p2a: Staraptor
|-sidestart|p2: you ardy know|move: Tailwind
|move|p1b: Gholdengo|Nasty Plot|p1b: Gholdengo
|-boost|p1b: Gholdengo|spa|2
|
|-weather|Sandstorm|[upkeep]
|-damage|p2a: Staraptor|94/100|[from] Sandstorm
|upkeep
|turn|2
|inactive|freudianbreath has 30 seconds left.
|inactive|freudianbreath has 20 seconds left.
|inactive|freudianbreath has 15 seconds left.
|inactive|freudianbreath has 10 seconds left.
|inactive|freudianbreath has 5 seconds left.
|
|t:|1785699939
|move|p1b: Gholdengo|Protect|p1b: Gholdengo
|-singleturn|p1b: Gholdengo|Protect
|move|p2a: Staraptor|Close Combat|p1a: Aerodactyl
|-damage|p1a: Aerodactyl|12/100
|-boost|p2a: Staraptor|def|1
|-boost|p2a: Staraptor|spd|1
|move|p2b: Tyranitar|Knock Off|p1b: Gholdengo
|-activate|p1b: Gholdengo|move: Protect
|move|p1a: Aerodactyl|Tailwind|p1a: Aerodactyl
|-sidestart|p1: freudianbreath|move: Tailwind
|
|-weather|Sandstorm|[upkeep]
|-damage|p2a: Staraptor|88/100|[from] Sandstorm
|upkeep
|turn|3
|inactive|freudianbreath has 30 seconds left.
|
|t:|1785699970
|switch|p1a: Politoed|Politoed, L50, F|100/100
|-weather|RainDance|[from] ability: Drizzle|[of] p1a: Politoed
|move|p2a: Staraptor|Brave Bird|p1b: Gholdengo
|-resisted|p1b: Gholdengo|1
|-damage|p1b: Gholdengo|70/100
|-damage|p2a: Staraptor|79/100|[from] Recoil
|move|p1b: Gholdengo|Make It Rain|p2a: Staraptor|[spread] p2a
|-miss|p1b: Gholdengo|p2b: Tyranitar
|-damage|p2a: Staraptor|2/100
|-unboost|p1b: Gholdengo|spa|2
|-damage|p1b: Gholdengo|60/100|[from] item: Life Orb
|move|p2b: Tyranitar|Knock Off|p1b: Gholdengo
|-supereffective|p1b: Gholdengo|1
|-damage|p1b: Gholdengo|0 fnt
|-enditem|p1b: Gholdengo|Life Orb|[from] move: Knock Off|[of] p2b: Tyranitar
|faint|p1b: Gholdengo
|
|-weather|RainDance|[upkeep]
|upkeep
|inactive|freudianbreath has 30 seconds left.
|c|Ōśåfreudianbreath|????
|c|Ōśåfreudianbreath|Make it rain can miss?
|c|Ōśåyou ardy know|Smh yes
|inactive|freudianbreath has 20 seconds left.
|
|t:|1785700006
|switch|p1b: Swampert|Swampert, L50, F|100/100
|turn|4
|c|Ōśåyou ardy know|Hate to see it tbh
|c|Ōśåyou ardy know|They made it 95
|inactive|freudianbreath has 30 seconds left.
|inactive|freudianbreath has 20 seconds left.
|inactive|freudianbreath has 15 seconds left.
|
|t:|1785700047
|switch|p2b: Sinistcha|Sinistcha-Masterpiece, L50|100/100
|-heal|p2a: Staraptor|27/100|[from] ability: Hospitality|[of] p2b: Sinistcha
|detailschange|p1b: Swampert|Swampert-Mega, L50, F
|-mega|p1b: Swampert|Swampert|Swampertite
|move|p2a: Staraptor|Protect|p2a: Staraptor
|-singleturn|p2a: Staraptor|Protect
|move|p1b: Swampert|Ice Punch|p2a: Staraptor
|-activate|p2a: Staraptor|move: Protect
|move|p1a: Politoed|Whirlpool|p2b: Sinistcha
|-resisted|p2b: Sinistcha|1
|-damage|p2b: Sinistcha|87/100
|-activate|p2b: Sinistcha|move: Whirlpool|[of] p1a: Politoed
|
|-weather|RainDance|[upkeep]
|-damage|p2b: Sinistcha|75/100|[from] move: Whirlpool|[partiallytrapped]
|-sideend|p2: you ardy know|move: Tailwind
|upkeep
|turn|5
|inactive|freudianbreath has 30 seconds left.
|inactive|you ardy know has 30 seconds left.
|inactive|freudianbreath has 20 seconds left.
|inactive|freudianbreath has 15 seconds left.
|
|t:|1785700091
|switch|p2a: Tyranitar|Tyranitar, L50, M|100/100
|-weather|Sandstorm|[from] ability: Sand Stream|[of] p2a: Tyranitar
|move|p1b: Swampert|Ice Punch|p2b: Sinistcha
|-supereffective|p2b: Sinistcha|1
|-damage|p2b: Sinistcha|25/100
|move|p1a: Politoed|Weather Ball|p2a: Tyranitar
|-damage|p2a: Tyranitar|80/100
|move|p2b: Sinistcha|Matcha Gotcha|p1a: Politoed|[spread] p1a,p1b
|-supereffective|p1a: Politoed|1
|-supereffective|p1b: Swampert|2
|-damage|p1a: Politoed|56/100
|-heal|p2b: Sinistcha|49/100|[from] drain|[of] p1a: Politoed
|-damage|p1b: Swampert|22/100
|-heal|p2b: Sinistcha|95/100|[from] drain|[of] p1b: Swampert
|-status|p1b: Swampert|brn
|
|-weather|Sandstorm|[upkeep]
|-damage|p1a: Politoed|50/100g|[from] Sandstorm
|-damage|p2b: Sinistcha|89/100|[from] Sandstorm
|-heal|p1a: Politoed|56/100|[from] item: Leftovers
|-damage|p1b: Swampert|16/100 brn|[from] brn
|-damage|p2b: Sinistcha|77/100|[from] move: Whirlpool|[partiallytrapped]
|-sideend|p1: freudianbreath|move: Tailwind
|upkeep
|turn|6
|inactive|freudianbreath has 30 seconds left.
|inactive|you ardy know has 30 seconds left.
|inactive|freudianbreath has 20 seconds left.
|inactive|freudianbreath has 15 seconds left.
|
|t:|1785700131
|move|p2b: Sinistcha|Rage Powder|p2b: Sinistcha
|-singleturn|p2b: Sinistcha|move: Rage Powder
|move|p2a: Tyranitar|Knock Off|p1a: Politoed
|-damage|p1a: Politoed|0 fnt
|-enditem|p1a: Politoed|Leftovers|[from] move: Knock Off|[of] p2a: Tyranitar
|faint|p1a: Politoed
|move|p1b: Swampert|Wave Crash|p2b: Sinistcha
|-resisted|p2b: Sinistcha|1
|-damage|p2b: Sinistcha|64/100
|-damage|p1b: Swampert|13/100 brn|[from] Recoil
|
|-weather|Sandstorm|[upkeep]
|-damage|p2b: Sinistcha|58/100|[from] Sandstorm
|-damage|p1b: Swampert|7/100 brn|[from] brn
|-end|p2b: Sinistcha|Whirlpool|[partiallytrapped]|[silent]
|upkeep
|-message|freudianbreath forfeited.
|
|win|you ardy know
||freudianbreath is ready for game 2.
|inactive|you ardy know has 30 seconds to confirm battle start!
||you ardy know is ready for game 2.
|uhtml|next|Next: Game 2 of 3
