|j|☆luiz1464
|j|☆chaos_goat
|html|luiz1464chaos_goat    
|uhtml|bestof|Game 3 of a best-of-3
|t:|1783897560
|gametype|doubles
|player|p1|luiz1464|ethan|1103
|player|p2|chaos_goat|blue|1107
|gen|9
|tier|[Gen 9 Champions] VGC 2026 Reg M-B (Bo3)
|rated|
|rule|Species Clause: Limit one of each Pokémon
|rule|Item Clause: Limit 1 of each item
|clearpoke
|poke|p1|Sceptile, L50, M|
|poke|p1|Jolteon, L50, F|
|poke|p1|Sableye, L50, M|
|poke|p1|Basculegion, L50, M|
|poke|p1|Farigiraf, L50, F|
|poke|p1|Torkoal, L50, F|
|poke|p2|Eelektross, L50, F|
|poke|p2|Sneasler, L50, F|
|poke|p2|Whimsicott, L50, M|
|poke|p2|Garchomp, L50, M|
|poke|p2|Primarina, L50, F|
|poke|p2|Serperior, L50, M|
|teampreview|4
|showteam|p1|Sceptile||Sceptilite|Overgrow|Protect,GigaDrain,DragonPulse,EarthPower|Timid||M|||50|]Jolteon||FocusSash|VoltAbsorb|Protect,ShadowBall,Discharge,VoltSwitch|Timid||F|||50|]Sableye||LightClay|Prankster|Reflect,LightScreen,Encore,Disable|Bold||M|||50|]Basculegion||ChoiceScarf|Adaptability|WaveCrash,FlipTurn,LastRespects,AquaJet|Jolly||M|||50|]Farigiraf||SitrusBerry|ArmorTail|AllySwitch,HelpingHand,FoulPlay,TrickRoom|Sassy||F|||50|]Torkoal||Charcoal|Drought|Protect,SolarBeam,WeatherBall,Eruption|Quiet||F|||50|
|showteam|p2|Eelektross||Eelektrossite|Levitate|Protect,GigaDrain,Thunderbolt,Flamethrower|Timid||F|||50|]Sneasler||WhiteHerb|Unburden|Protect,FakeOut,CloseCombat,DireClaw|Adamant||F|||50|]Whimsicott||FocusSash|Prankster|Encore,Tailwind,Moonblast,Protect|Modest||M|||50|]Garchomp||ChoiceScarf|RoughSkin|RockSlide,Earthquake,DragonClaw,IronHead|Adamant||M|||50|]Primarina||LifeOrb|LiquidVoice|DrainingKiss,HyperVoice,Protect,Encore|Modest||F|||50|]Serperior||BrightPowder|Contrary|Protect,LeafStorm,GigaDrain,DragonPulse|Modest||M|||50|
|inactive|Battle timer is ON: inactive players will automatically lose when time's up. (requested by luiz1464)
|
|t:|1783897597
|teamsize|p1|4
|teamsize|p2|4
|start
|switch|p1a: Farigiraf|Farigiraf, L50, F|100/100
|switch|p1b: Torkoal|Torkoal, L50, F|100/100
|switch|p2a: Whimsicott|Whimsicott, L50, M|100/100
|switch|p2b: Sneasler|Sneasler, L50, F|100/100
|-weather|SunnyDay|[from] ability: Drought|[of] p1b: Torkoal
|turn|1
|
|t:|1783897616
|move|p1b: Torkoal|Protect|p1b: Torkoal
|-singleturn|p1b: Torkoal|Protect
|move|p2a: Whimsicott|Moonblast|p1b: Torkoal
|-activate|p1b: Torkoal|move: Protect
|move|p2b: Sneasler|Close Combat|p1b: Torkoal
|-activate|p1b: Torkoal|move: Protect
|move|p1a: Farigiraf|Trick Room|p1a: Farigiraf
|-fieldstart|move: Trick Room|[of] p1a: Farigiraf
|
|-weather|SunnyDay|[upkeep]
|upkeep
|turn|2
|
|t:|1783897627
|move|p1a: Farigiraf|Helping Hand|p1b: Torkoal
|-singleturn|p1b: Torkoal|Helping Hand|[of] p1a: Farigiraf
|move|p2a: Whimsicott|Encore||[still]
|cant|p1a: Farigiraf|ability: Armor Tail|Encore|[of] p2a: Whimsicott
|move|p1b: Torkoal|Eruption|p2b: Sneasler|[spread] p2a,p2b
|-supereffective|p2a: Whimsicott|1
|-enditem|p2a: Whimsicott|Focus Sash
|-damage|p2a: Whimsicott|1/100
|-damage|p2b: Sneasler|0 fnt
|faint|p2b: Sneasler
|
|-weather|SunnyDay|[upkeep]
|upkeep
|
|t:|1783897636
|switch|p2b: Garchomp|Garchomp, L50, M|100/100
|turn|3
|
|t:|1783897648
|move|p1a: Farigiraf|Helping Hand|p1b: Torkoal
|-singleturn|p1b: Torkoal|Helping Hand|[of] p1a: Farigiraf
|move|p2a: Whimsicott|Protect|p2a: Whimsicott
|-singleturn|p2a: Whimsicott|Protect
|move|p1b: Torkoal|Eruption|p2b: Garchomp|[spread] p2b
|-activate|p2a: Whimsicott|move: Protect
|-resisted|p2b: Garchomp|1
|-damage|p2b: Garchomp|39/100
|move|p2b: Garchomp|Earthquake|p1b: Torkoal|[spread] p1a,p1b
|-activate|p2a: Whimsicott|move: Protect
|-supereffective|p1b: Torkoal|1
|-damage|p1a: Farigiraf|61/100
|-damage|p1b: Torkoal|42/100
|
|-weather|SunnyDay|[upkeep]
|upkeep
|turn|4
|
|t:|1783897668
|move|p2a: Whimsicott|Tailwind|p2a: Whimsicott
|-sidestart|p2: chaos_goat|move: Tailwind
|move|p1b: Torkoal|Weather Ball|p2a: Whimsicott
|-supereffective|p2a: Whimsicott|1
|-damage|p2a: Whimsicott|0 fnt
|faint|p2a: Whimsicott
|move|p1a: Farigiraf|Foul Play|p2b: Garchomp
|-damage|p2b: Garchomp|6/100
|-damage|p1a: Farigiraf|49/100|[from] ability: Rough Skin|[of] p2b: Garchomp
|-enditem|p1a: Farigiraf|Sitrus Berry|[eat]
|-heal|p1a: Farigiraf|74/100|[from] item: Sitrus Berry
|move|p2b: Garchomp|Earthquake|p1b: Torkoal|[spread] p1a,p1b
|-supereffective|p1b: Torkoal|1
|-damage|p1a: Farigiraf|31/100
|-damage|p1b: Torkoal|0 fnt
|faint|p1b: Torkoal
|
|-weather|SunnyDay|[upkeep]
|upkeep
|
|t:|1783897683
|switch|p1b: Sceptile|Sceptile, L50, M|100/100
|switch|p2a: Serperior|Serperior, L50, M|100/100
|turn|5
|
|t:|1783897697
|detailschange|p1b: Sceptile|Sceptile-Mega, L50, M
|-mega|p1b: Sceptile|Sceptile|Sceptilite
|move|p1b: Sceptile|Protect|p1b: Sceptile
|-singleturn|p1b: Sceptile|Protect
|move|p1a: Farigiraf|Foul Play|p2b: Garchomp
|-damage|p2b: Garchomp|0 fnt
|-damage|p1a: Farigiraf|19/100|[from] ability: Rough Skin|[of] p2b: Garchomp
|faint|p2b: Garchomp
|move|p2a: Serperior|Leaf Storm|p1a: Farigiraf
|-damage|p1a: Farigiraf|0 fnt
|-boost|p2a: Serperior|spa|2
|faint|p1a: Farigiraf
|
|-weather|none
|-fieldend|move: Trick Room
|upkeep
|
|t:|1783897709
|switch|p1a: Jolteon|Jolteon, L50, F|100/100
|turn|6
|
|t:|1783897715
|move|p2a: Serperior|Dragon Pulse|p1b: Sceptile
|-supereffective|p1b: Sceptile|1
|-damage|p1b: Sceptile|0 fnt
|faint|p1b: Sceptile
|move|p1a: Jolteon|Discharge|p2a: Serperior
|-resisted|p2a: Serperior|1
|-crit|p2a: Serperior
|-damage|p2a: Serperior|67/100
|
|upkeep
|turn|7
|
|t:|1783897721
|move|p2a: Serperior|Leaf Storm|p1a: Jolteon|[miss]
|-miss|p2a: Serperior|p1a: Jolteon
|move|p1a: Jolteon|Shadow Ball|p2a: Serperior
|-damage|p2a: Serperior|35/100
|-boost|p2a: Serperior|spd|1
|
|-sideend|p2: chaos_goat|move: Tailwind
|upkeep
|turn|8
|
|t:|1783897729
|move|p1a: Jolteon|Shadow Ball|p2a: Serperior
|-damage|p2a: Serperior|14/100
|move|p2a: Serperior|Giga Drain|p1a: Jolteon
|-damage|p1a: Jolteon|21/100
|-heal|p2a: Serperior|51/100|[from] drain|[of] p1a: Jolteon
|
|upkeep
|turn|9
|
|t:|1783897737
|move|p1a: Jolteon|Shadow Ball|p2a: Serperior
|-damage|p2a: Serperior|30/100
|move|p2a: Serperior|Giga Drain|p1a: Jolteon
|-damage|p1a: Jolteon|0 fnt
|-heal|p2a: Serperior|40/100|[from] drain|[of] p1a: Jolteon
|faint|p1a: Jolteon
|
|win|chaos_goat
|raw|luiz1464's rating: 1103 → 1078(-25 for losing)
|raw|chaos_goat's rating: 1107 → 1132(+25 for winning)
|c|☆chaos_goat|Gg
|l|☆chaos_goat
|player|p2|
|j|☆chaos_goat
|player|p2|chaos_goat|blue|
