|j|☆Caoc
|j|☆Atlanta Rat
|html|CaocAtlanta Rat    
|uhtml|bestof|Game 1 of a best-of-3
|t:|1784786202
|gametype|doubles
|player|p1|Caoc|102|1045
|player|p2|Atlanta Rat|rood|1137
|gen|9
|tier|[Gen 9 Champions] VGC 2026 Reg M-B (Bo3)
|rated|
|rule|Species Clause: Limit one of each Pokémon
|rule|Item Clause: Limit 1 of each item
|clearpoke
|poke|p1|Charizard, L50, M, shiny|
|poke|p1|Farigiraf, L50, M|
|poke|p1|Venusaur, L50, F|
|poke|p1|Garchomp, L50, M|
|poke|p1|Incineroar, L50, F|
|poke|p1|Sylveon, L50, F, shiny|
|poke|p2|Raichu, L50, F|
|poke|p2|Sinistcha, L50|
|poke|p2|Incineroar, L50, F|
|poke|p2|Sylveon, L50, F|
|poke|p2|Metagross, L50|
|poke|p2|Hydreigon, L50, F|
|teampreview|4
|showteam|p1|Charizard||CharizarditeY|Blaze|HeatWave,WeatherBall,SolarBeam,Protect|Timid||M|||50|]Farigiraf||ColburBerry|ArmorTail|TwinBeam,Thunderbolt,HelpingHand,TrickRoom|Modest||M|||50|]Venusaur||FocusSash|Chlorophyll|SludgeBomb,SleepPowder,LeafStorm,Protect|Modest||F|||50|]Garchomp||LifeOrb|RoughSkin|DragonClaw,Earthquake,RockSlide,Protect|Jolly||M|||50|]Incineroar||SitrusBerry|Intimidate|DarkestLariat,FlareBlitz,FakeOut,PartingShot|Adamant||F|||50|]Sylveon||FairyFeather|Pixilate|HyperBeam,HyperVoice,QuickAttack,Detect|Modest||F|||50|
|showteam|p2|Raichu||RaichuniteY|LightningRod|ZapCannon,FocusBlast,FakeOut,Protect|Timid||F|||50|]Sinistcha||SitrusBerry|Hospitality|MatchaGotcha,RagePowder,LifeDew,Protect|Bold|||||50|]Incineroar||LumBerry|Intimidate|FlareBlitz,DarkestLariat,PartingShot,FakeOut|Impish||F|||50|]Sylveon||FairyFeather|Pixilate|HyperVoice,Moonblast,CalmMind,Protect|Modest||F|||50|]Metagross||Metagrossite|ClearBody|BulletPunch,PsychicFangs,BodyPress,Protect|Adamant|||||50|]Hydreigon||ChoiceScarf|Levitate|DracoMeteor,DarkPulse,EarthPower,Snarl|Modest||F|||50|
|
|t:|1784786285
|teamsize|p1|4
|teamsize|p2|4
|start
|switch|p1a: Farigiraf|Farigiraf, L50, M|100/100
|switch|p1b: Charizard|Charizard, L50, M, shiny|100/100
|switch|p2a: Gen 1 Rat|Raichu, L50, F|100/100
|switch|p2b: 3 headed Rat|Hydreigon, L50, F|100/100
|turn|1
|
|t:|1784786332
|switch|p1b: Garchomp|Garchomp, L50, M|100/100
|detailschange|p2a: Gen 1 Rat|Raichu-Mega-Y, L50, F
|-mega|p2a: Gen 1 Rat|Raichu|Raichunite Y
|move|p2b: 3 headed Rat|Dark Pulse|p1a: Farigiraf
|-supereffective|p1a: Farigiraf|1
|-enditem|p1a: Farigiraf|Colbur Berry|[eat]
|-enditem|p1a: Farigiraf|Colbur Berry|[weaken]
|-damage|p1a: Farigiraf|60/100
|move|p2a: Gen 1 Rat|Zap Cannon|p1b: Garchomp
|-immune|p1b: Garchomp
|move|p1a: Farigiraf|Trick Room|p1a: Farigiraf
|-fieldstart|move: Trick Room|[of] p1a: Farigiraf
|
|upkeep
|turn|2
|
|t:|1784786365
|switch|p2a: Kitty Rat|Incineroar, L50, F|100/100
|-ability|p2a: Kitty Rat|Intimidate|boost
|-unboost|p1a: Farigiraf|atk|1
|-unboost|p1b: Garchomp|atk|1
|move|p1a: Farigiraf|Helping Hand|p1b: Garchomp
|-singleturn|p1b: Garchomp|Helping Hand|[of] p1a: Farigiraf
|move|p1b: Garchomp|Earthquake|p2b: 3 headed Rat|[spread] p1a,p2a
|-immune|p2b: 3 headed Rat|[from] ability: Levitate
|-supereffective|p2a: Kitty Rat|1
|-damage|p1a: Farigiraf|14/100
|-damage|p2a: Kitty Rat|17/100
|-damage|p1b: Garchomp|90/100|[from] item: Life Orb
|move|p2b: 3 headed Rat|Dark Pulse|p1a: Farigiraf
|-supereffective|p1a: Farigiraf|1
|-damage|p1a: Farigiraf|0 fnt
|faint|p1a: Farigiraf
|
|upkeep
|
|t:|1784786380
|switch|p1a: Sylveon|Sylveon, L50, F, shiny|100/100
|turn|3
|
|t:|1784786389
|move|p2a: Kitty Rat|Fake Out|p1a: Sylveon
|-damage|p1a: Sylveon|87/100
|cant|p1a: Sylveon|flinch
|move|p1b: Garchomp|Rock Slide|p2b: 3 headed Rat|[spread] p2a,p2b
|-supereffective|p2a: Kitty Rat|1
|-damage|p2a: Kitty Rat|0 fnt
|-damage|p2b: 3 headed Rat|81/100
|faint|p2a: Kitty Rat
|-damage|p1b: Garchomp|80/100|[from] item: Life Orb
|cant|p2b: 3 headed Rat|flinch
|
|upkeep
|
|t:|1784786407
|switch|p2a: Gen 1 Rat|Raichu-Mega-Y, L50, F|100/100
|turn|4
|
|t:|1784786416
|move|p2a: Gen 1 Rat|Fake Out|p1a: Sylveon
|-damage|p1a: Sylveon|77/100
|cant|p1a: Sylveon|flinch
|move|p1b: Garchomp|Dragon Claw|p2a: Gen 1 Rat
|-damage|p2a: Gen 1 Rat|40/100
|-damage|p1b: Garchomp|70/100|[from] item: Life Orb
|move|p2b: 3 headed Rat|Dark Pulse|p1b: Garchomp
|-damage|p1b: Garchomp|24/100
|
|upkeep
|turn|5
|
|t:|1784786431
|switch|p2b: Rat with a Gun|Metagross, L50|100/100
|move|p2a: Gen 1 Rat|Protect|p2a: Gen 1 Rat
|-singleturn|p2a: Gen 1 Rat|Protect
|move|p1a: Sylveon|Hyper Voice|p2a: Gen 1 Rat|[spread] p2b
|-activate|p2a: Gen 1 Rat|move: Protect
|-resisted|p2b: Rat with a Gun|1
|-damage|p2b: Rat with a Gun|72/100
|move|p1b: Garchomp|Dragon Claw|p2a: Gen 1 Rat
|-activate|p2a: Gen 1 Rat|move: Protect
|
|-fieldend|move: Trick Room
|upkeep
|turn|6
|
|t:|1784786444
|switch|p1a: Charizard|Charizard, L50, M, shiny|100/100
|move|p2b: Rat with a Gun|Bullet Punch|p1a: Charizard
|-resisted|p1a: Charizard|1
|-damage|p1a: Charizard|83/100
|move|p2a: Gen 1 Rat|Focus Blast|p1b: Garchomp
|-damage|p1b: Garchomp|0 fnt
|faint|p1b: Garchomp
|
|upkeep
|
|t:|1784786452
|switch|p1b: Sylveon|Sylveon, L50, F, shiny|77/100
|turn|7
|
|t:|1784786459
|detailschange|p1a: Charizard|Charizard-Mega-Y, L50, M, shiny
|-mega|p1a: Charizard|Charizard|Charizardite Y
|-weather|SunnyDay|[from] ability: Drought|[of] p1a: Charizard
|move|p1b: Sylveon|Detect|p1b: Sylveon
|-singleturn|p1b: Sylveon|Protect
|move|p2b: Rat with a Gun|Bullet Punch|p1b: Sylveon
|-activate|p1b: Sylveon|move: Protect
|move|p2a: Gen 1 Rat|Zap Cannon|p1a: Charizard
|-supereffective|p1a: Charizard|1
|-damage|p1a: Charizard|0 fnt
|faint|p1a: Charizard
|
|-weather|SunnyDay|[upkeep]
|upkeep
|turn|8
|-message|Caoc forfeited.
|raw|Caoc's rating: 1045 → 1033(-12 for losing)
|raw|Atlanta Rat's rating: 1137 → 1156(+19 for winning)
|
|win|Atlanta Rat
