|j|☆Jetboy57
|j|☆arnau3kum
|html|Jetboy57arnau3kum    
|uhtml|bestof|Game 1 of a best-of-3
|t:|1756576690
|gametype|doubles
|player|p1|Jetboy57|n|1051
|player|p2|arnau3kum|266|1131
|gen|9
|tier|[Gen 9] VGC 2025 Reg H (Bo3)
|rated|
|rule|Species Clause: Limit one of each Pokémon
|rule|Item Clause: Limit 1 of each item
|clearpoke
|poke|p1|Tyranitar, L50, F|
|poke|p1|Corviknight, L50, F|
|poke|p1|Indeedee, L50, M|
|poke|p1|Amoonguss, L50, F|
|poke|p1|Sneasler, L50, F|
|poke|p1|Garchomp, L50, M|
|poke|p2|Sneasler, L50, M|
|poke|p2|Dragapult, L50, M|
|poke|p2|Primarina, L50, M|
|poke|p2|Rillaboom, L50, F|
|poke|p2|Kingambit, L50, M|
|poke|p2|Magmar, L50, F|
|teampreview|4
|showteam|p1|Tyranitar||AssaultVest|SandStream|RockSlide,KnockOff,TeraBlast,LowKick|||F|||50|,,,,,Flying]Corviknight||Leftovers|MirrorArmor|BulkUp,BraveBird,Tailwind,Roost|||F|||50|,,,,,Dragon]Indeedee||FocusSash|PsychicSurge|TrickRoom,ExpandingForce,Imprison,Protect|||M|||50|,,,,,Psychic]Amoonguss||RockyHelmet|Regenerator|Spore,RagePowder,ClearSmog,Protect|||F|||50|,,,,,Water]Sneasler||PsychicSeed|Unburden|ThroatChop,DireClaw,CloseCombat,Protect|||F|||50|,,,,,Dark]Garchomp||LifeOrb|SandVeil|Earthquake,DragonClaw,RockSlide,Protect|||M|||50|,,,,,Fairy
|showteam|p2|Sneasler||FocusSash|PoisonTouch|CloseCombat,DireClaw,FakeOut,Protect|||M|||50|,,,,,Stellar]Dragapult||ChoiceBand|ClearBody|DragonDarts,TeraBlast,PhantomForce,Uturn|||M|||50|,,,,,Ghost]Primarina||SitrusBerry|LiquidVoice|HyperVoice,Moonblast,Haze,Protect|||M|||50|,,,,,Water]Rillaboom||AssaultVest|GrassySurge|WoodHammer,GrassyGlide,HighHorsepower,FakeOut|||F|||50|,,,,,Fire]Kingambit||BlackGlasses|Defiant|KowtowCleave,SuckerPunch,SwordsDance,Protect|||M|||50|,,,,,Ghost]Magmar||Eviolite|VitalSpirit|Overheat,WillOWisp,FollowMe,Protect|||F|||50|,,,,,Ghost
|inactive|Battle timer is ON: inactive players will automatically lose when time's up. (requested by arnau3kum)
|inactive|Jetboy57 has 60 seconds left.
|inactive|Jetboy57 has 30 seconds left.
|inactive|Jetboy57 has 20 seconds left.
|
|t:|1756576788
|teamsize|p1|4
|teamsize|p2|4
|start
|switch|p1a: Indeedee|Indeedee, L50, M|100/100
|switch|p1b: Sneasler|Sneasler, L50, F|100/100
|switch|p2a: Magmar|Magmar, L50, F|100/100
|switch|p2b: Kingambit|Kingambit, L50, M|100/100
|-fieldstart|move: Psychic Terrain|[from] ability: Psychic Surge|[of] p1a: Indeedee
|-enditem|p1b: Sneasler|Psychic Seed
|-boost|p1b: Sneasler|spd|1|[from] item: Psychic Seed
|turn|1
|inactive|Jetboy57 has 30 seconds left.
|inactive|Jetboy57 has 20 seconds left.
|
|t:|1756576828
|switch|p1a: Amoonguss|Amoonguss, L50, F|100/100
|move|p1b: Sneasler|Protect|p1b: Sneasler
|-singleturn|p1b: Sneasler|Protect
|move|p2b: Kingambit|Protect|p2b: Kingambit
|-singleturn|p2b: Kingambit|Protect
|move|p2a: Magmar|Will-O-Wisp|p1b: Sneasler
|-activate|p1b: Sneasler|move: Protect
|
|upkeep
|turn|2
|inactive|Jetboy57 has 30 seconds left.
|inactive|Jetboy57 has 20 seconds left.
|inactive|Jetboy57 has 15 seconds left.
|
|t:|1756576870
|switch|p2b: Rillaboom|Rillaboom, L50, F|100/100
|-fieldstart|move: Grassy Terrain|[from] ability: Grassy Surge|[of] p2b: Rillaboom
|move|p1a: Amoonguss|Protect|p1a: Amoonguss
|-singleturn|p1a: Amoonguss|Protect
|move|p1b: Sneasler|Dire Claw|p2b: Rillaboom
|-supereffective|p2b: Rillaboom
|-damage|p2b: Rillaboom|19/100
|move|p2a: Magmar|Will-O-Wisp|p1b: Sneasler
|-status|p1b: Sneasler|brn
|
|-heal|p2b: Rillaboom|25/100|[from] Grassy Terrain
|-damage|p1b: Sneasler|95/100 brn|[from] brn
|upkeep
|turn|3
|
|t:|1756576890
|switch|p2b: Kingambit|Kingambit, L50, M|100/100
|switch|p1a: Indeedee|Indeedee, L50, M|100/100
|-fieldstart|move: Psychic Terrain|[from] ability: Psychic Surge|[of] p1a: Indeedee
|move|p1b: Sneasler|Dire Claw|p2b: Kingambit
|-immune|p2b: Kingambit
|move|p2a: Magmar|Overheat|p1a: Indeedee
|-damage|p1a: Indeedee|40/100
|-unboost|p2a: Magmar|spa|2
|
|-damage|p1b: Sneasler|89/100 brn|[from] brn
|upkeep
|turn|4
|
|t:|1756576915
|move|p1b: Sneasler|Protect|p1b: Sneasler
|-singleturn|p1b: Sneasler|Protect
|move|p2a: Magmar|Protect|p2a: Magmar
|-singleturn|p2a: Magmar|Protect
|move|p2b: Kingambit|Protect|p2b: Kingambit
|-singleturn|p2b: Kingambit|Protect
|move|p1a: Indeedee|Expanding Force|p2a: Magmar|[spread] 
|-activate|p2a: Magmar|move: Protect
|-activate|p2b: Kingambit|move: Protect
|
|-damage|p1b: Sneasler|83/100 brn|[from] brn
|upkeep
|turn|5
|inactive|Jetboy57 has 30 seconds left.
|inactive|Jetboy57 has 20 seconds left.
|
|t:|1756576951
|switch|p2a: Rillaboom|Rillaboom, L50, F|25/100
|-fieldstart|move: Grassy Terrain|[from] ability: Grassy Surge|[of] p2a: Rillaboom
|-terastallize|p2b: Kingambit|Ghost
|move|p1b: Sneasler|Close Combat|p2b: Kingambit
|-immune|p2b: Kingambit
|move|p1a: Indeedee|Expanding Force|p2a: Rillaboom
|-damage|p2a: Rillaboom|0 fnt
|faint|p2a: Rillaboom
|move|p2b: Kingambit|Kowtow Cleave|p1a: Indeedee
|-supereffective|p1a: Indeedee
|-damage|p1a: Indeedee|0 fnt
|faint|p1a: Indeedee
|
|-heal|p1b: Sneasler|89/100 brn|[from] Grassy Terrain
|-damage|p1b: Sneasler|83/100 brn|[from] brn
|upkeep
|
|t:|1756576966
|switch|p1a: Tyranitar|Tyranitar, L50, F|100/100
|switch|p2a: Magmar|Magmar, L50, F|100/100
|-weather|Sandstorm|[from] ability: Sand Stream|[of] p1a: Tyranitar
|turn|6
|inactive|Jetboy57 has 30 seconds left.
|
|t:|1756576991
|switch|p2b: Primarina|Primarina, L50, M|100/100
|move|p1b: Sneasler|Throat Chop|p2b: Primarina
|-resisted|p2b: Primarina
|-damage|p2b: Primarina|92/100
|-start|p2b: Primarina|Throat Chop|[silent]
|move|p2a: Magmar|Will-O-Wisp|p1a: Tyranitar
|-status|p1a: Tyranitar|brn
|move|p1a: Tyranitar|Rock Slide|p2b: Primarina|[spread] p2a,p2b
|-supereffective|p2a: Magmar
|-damage|p2a: Magmar|73/100
|-damage|p2b: Primarina|73/100
|
|-weather|Sandstorm|[upkeep]
|-damage|p1b: Sneasler|77/100 brn|[from] Sandstorm
|-damage|p2a: Magmar|67/100|[from] Sandstorm
|-damage|p2b: Primarina|67/100|[from] Sandstorm
|-heal|p1b: Sneasler|83/100 brn|[from] Grassy Terrain
|-heal|p2a: Magmar|73/100|[from] Grassy Terrain
|-heal|p2b: Primarina|73/100|[from] Grassy Terrain
|-damage|p1b: Sneasler|77/100 brn|[from] brn
|-damage|p1a: Tyranitar|95/100 brn|[from] brn
|upkeep
|turn|7
|inactive|arnau3kum has 30 seconds left.
|
|t:|1756577017
|move|p2a: Magmar|Follow Me|p2a: Magmar
|-singleturn|p2a: Magmar|move: Follow Me
|move|p1b: Sneasler|Dire Claw|p2a: Magmar
|-damage|p2a: Magmar|53/100
|-status|p2a: Magmar|par
|move|p1a: Tyranitar|Rock Slide|p2a: Magmar|[spread] p2a,p2b
|-supereffective|p2a: Magmar
|-damage|p2a: Magmar|25/100 par
|-damage|p2b: Primarina|55/100
|move|p2b: Primarina|Moonblast|p1a: Tyranitar
|-supereffective|p1a: Tyranitar
|-damage|p1a: Tyranitar|56/100 brn
|-unboost|p1a: Tyranitar|spa|1
|
|-weather|Sandstorm|[upkeep]
|-damage|p1b: Sneasler|72/100 brn|[from] Sandstorm
|-damage|p2b: Primarina|49/100|[from] Sandstorm
|-damage|p2a: Magmar|19/100 par|[from] Sandstorm
|-enditem|p2b: Primarina|Sitrus Berry|[eat]
|-heal|p2b: Primarina|73/100|[from] item: Sitrus Berry
|-heal|p1b: Sneasler|77/100 brn|[from] Grassy Terrain
|-heal|p1a: Tyranitar|62/100 brn|[from] Grassy Terrain
|-heal|p2b: Primarina|80/100|[from] Grassy Terrain
|-heal|p2a: Magmar|25/100 par|[from] Grassy Terrain
|-damage|p1b: Sneasler|72/100 brn|[from] brn
|-damage|p1a: Tyranitar|56/100 brn|[from] brn
|-end|p2b: Primarina|Throat Chop|[silent]
|upkeep
|turn|8
|inactive|Jetboy57 has 30 seconds left.
|
|t:|1756577043
|move|p2b: Primarina|Protect|p2b: Primarina
|-singleturn|p2b: Primarina|Protect
|move|p2a: Magmar|Protect|p2a: Magmar
|-singleturn|p2a: Magmar|Protect
|move|p1b: Sneasler|Dire Claw|p2b: Primarina
|-activate|p2b: Primarina|move: Protect
|move|p1a: Tyranitar|Rock Slide|p2a: Magmar|[spread] 
|-activate|p2a: Magmar|move: Protect
|-activate|p2b: Primarina|move: Protect
|
|-weather|Sandstorm|[upkeep]
|-damage|p1b: Sneasler|66/100 brn|[from] Sandstorm
|-damage|p2b: Primarina|73/100|[from] Sandstorm
|-damage|p2a: Magmar|19/100 par|[from] Sandstorm
|-heal|p1b: Sneasler|72/100 brn|[from] Grassy Terrain
|-heal|p1a: Tyranitar|62/100 brn|[from] Grassy Terrain
|-heal|p2b: Primarina|80/100|[from] Grassy Terrain
|-heal|p2a: Magmar|25/100 par|[from] Grassy Terrain
|-damage|p1b: Sneasler|66/100 brn|[from] brn
|-damage|p1a: Tyranitar|56/100 brn|[from] brn
|upkeep
|turn|9
|
|t:|1756577057
|move|p2a: Magmar|Follow Me|p2a: Magmar
|-singleturn|p2a: Magmar|move: Follow Me
|move|p1b: Sneasler|Dire Claw|p2a: Magmar
|-damage|p2a: Magmar|8/100 par
|move|p1a: Tyranitar|Rock Slide|p2a: Magmar|[spread] p2a
|-miss|p1a: Tyranitar|p2b: Primarina
|-supereffective|p2a: Magmar
|-damage|p2a: Magmar|0 fnt
|faint|p2a: Magmar
|move|p2b: Primarina|Moonblast|p1b: Sneasler
|-damage|p1b: Sneasler|29/100 brn
|
|-weather|Sandstorm|[upkeep]
|-damage|p1b: Sneasler|23/100 brn|[from] Sandstorm
|-damage|p2b: Primarina|73/100|[from] Sandstorm
|-heal|p1b: Sneasler|29/100 brn|[from] Grassy Terrain
|-heal|p1a: Tyranitar|62/100 brn|[from] Grassy Terrain
|-heal|p2b: Primarina|80/100|[from] Grassy Terrain
|-damage|p1b: Sneasler|23/100 brn|[from] brn
|-damage|p1a: Tyranitar|56/100 brn|[from] brn
|-fieldend|move: Grassy Terrain
|upkeep
|
|t:|1756577070
|switch|p2a: Kingambit|Kingambit, L50, M, tera:Ghost|100/100
|turn|10
|
|t:|1756577082
|switch|p1b: Amoonguss|Amoonguss, L50, F|100/100
|move|p2b: Primarina|Protect|p2b: Primarina
|-singleturn|p2b: Primarina|Protect
|move|p2a: Kingambit|Protect|p2a: Kingambit
|-singleturn|p2a: Kingambit|Protect
|move|p1a: Tyranitar|Knock Off|p2a: Kingambit
|-activate|p2a: Kingambit|move: Protect
|
|-weather|none
|-damage|p1a: Tyranitar|50/100 brn|[from] brn
|upkeep
|turn|11
|inactive|Jetboy57 has 30 seconds left.
|
|t:|1756577115
|-terastallize|p1a: Tyranitar|Flying
|move|p1a: Tyranitar|Knock Off|p2a: Kingambit
|-supereffective|p2a: Kingambit
|-damage|p2a: Kingambit|57/100
|-enditem|p2a: Kingambit|Black Glasses|[from] move: Knock Off|[of] p1a: Tyranitar
|move|p2b: Primarina|Hyper Voice|p1a: Tyranitar|[spread] p1a,p1b
|-resisted|p1b: Amoonguss
|-damage|p1a: Tyranitar|30/100 brn
|-damage|p1b: Amoonguss|87/100
|move|p2a: Kingambit|Kowtow Cleave|p1b: Amoonguss
|-damage|p1b: Amoonguss|46/100
|-damage|p2a: Kingambit|40/100|[from] item: Rocky Helmet|[of] p1b: Amoonguss
|move|p1b: Amoonguss|Spore|p2a: Kingambit
|-status|p2a: Kingambit|slp|[from] move: Spore
|
|-damage|p1a: Tyranitar|24/100 brn|[from] brn
|upkeep
|turn|12
|
|t:|1756577137
|move|p1a: Tyranitar|Knock Off|p2a: Kingambit
|-supereffective|p2a: Kingambit
|-damage|p2a: Kingambit|11/100 slp
|move|p2b: Primarina|Hyper Voice|p1b: Amoonguss|[spread] p1a,p1b
|-resisted|p1b: Amoonguss
|-damage|p1a: Tyranitar|1/100 brn
|-damage|p1b: Amoonguss|31/100
|cant|p2a: Kingambit|slp
|move|p1b: Amoonguss|Spore|p2b: Primarina
|-status|p2b: Primarina|slp|[from] move: Spore
|
|-damage|p1a: Tyranitar|0 fnt|[from] brn
|faint|p1a: Tyranitar
|upkeep
|
|t:|1756577146
|switch|p1a: Sneasler|Sneasler, L50, F|23/100 brn
|turn|13
|
|t:|1756577156
|cant|p2a: Kingambit|slp
|move|p1b: Amoonguss|Rage Powder|p1b: Amoonguss
|-singleturn|p1b: Amoonguss|move: Rage Powder
|move|p1a: Sneasler|Dire Claw|p2b: Primarina
|-supereffective|p2b: Primarina
|-damage|p2b: Primarina|26/100 slp
|cant|p2b: Primarina|slp
|
|-damage|p1a: Sneasler|17/100 brn|[from] brn
|upkeep
|turn|14
|
|t:|1756577171
|cant|p2b: Primarina|slp
|move|p1b: Amoonguss|Rage Powder|p1b: Amoonguss
|-singleturn|p1b: Amoonguss|move: Rage Powder
|move|p1a: Sneasler|Dire Claw|p2b: Primarina
|-supereffective|p2b: Primarina
|-damage|p2b: Primarina|0 fnt
|faint|p2b: Primarina
|-curestatus|p2a: Kingambit|slp|[msg]
|move|p2a: Kingambit|Kowtow Cleave|p1b: Amoonguss
|-damage|p1b: Amoonguss|0 fnt
|-damage|p2a: Kingambit|0 fnt|[from] item: Rocky Helmet|[of] p1b: Amoonguss
|faint|p1b: Amoonguss
|faint|p2a: Kingambit
|
|win|Jetboy57
||arnau3kum is ready for game 2.
|inactive|Jetboy57 has 30 seconds to confirm battle start!
