|j|☆Le P VGC
|j|☆uglybeast
|html|Le P VGCuglybeast    
|uhtml|bestof|Game 1 of a best-of-3
|t:|1756667919
|gametype|doubles
|player|p1|Le P VGC|lucian|1285
|player|p2|uglybeast|lucas|1344
|gen|9
|tier|[Gen 9] VGC 2025 Reg H (Bo3)
|rated|
|rule|Species Clause: Limit one of each Pokémon
|rule|Item Clause: Limit 1 of each item
|clearpoke
|poke|p1|Ursaluna, L50, M|
|poke|p1|Gholdengo, L50|
|poke|p1|Incineroar, L50, F|
|poke|p1|Porygon2, L50|
|poke|p1|Hydreigon, L50, F|
|poke|p1|Amoonguss, L50, M|
|poke|p2|Murkrow, L50, M|
|poke|p2|Ursaluna-Bloodmoon, L50, M|
|poke|p2|Sneasler, L50, M|
|poke|p2|Dragapult, L50, F|
|poke|p2|Armarouge, L50, M|
|poke|p2|Indeedee-F, L50, F|
|teampreview|4
|showteam|p1|Ursaluna||FlameOrb|Guts|Earthquake,Facade,HeadlongRush,Protect|||M|||50|,,,,,Ghost]Gholdengo||LifeOrb|GoodasGold|MakeItRain,ShadowBall,NastyPlot,Protect||||||50|,,,,,Water]Incineroar||SitrusBerry|Intimidate|FakeOut,FlareBlitz,KnockOff,PartingShot|||F|||50|,,,,,Ghost]Porygon2||Eviolite|Download|TeraBlast,TrickRoom,Recover,IceBeam||||||50|,,,,,Fighting]Hydreigon||SafetyGoggles|Levitate|DracoMeteor,Tailwind,Snarl,Protect|||F|||50|,,,,,Ghost]Amoonguss||RockyHelmet|Regenerator|RagePowder,Protect,PollenPuff,Spore|||M|||50|,,,,,Water
|showteam|p2|Murkrow||Eviolite|Prankster|Haze,SunnyDay,Tailwind,BraveBird|||M|||50|,,,,,Ghost]Ursaluna-Bloodmoon||LifeOrb|MindsEye|BloodMoon,HyperVoice,Protect,EarthPower|||M|||50|,,,,,Normal]Sneasler||PsychicSeed|Unburden|ThroatChop,DireClaw,CloseCombat,Protect|||M|||50|,,,,,Dark]Dragapult||ChoiceBand|ClearBody|DragonDarts,Outrage,Uturn,PhantomForce|||F|||50|,,,,,Dragon]Armarouge||PowerHerb|FlashFire|HeatWave,MeteorBeam,ExpandingForce,Protect|||M|||50|,,,,,Grass]Indeedee-F||RockyHelmet|PsychicSurge|DazzlingGleam,FollowMe,HelpingHand,TrickRoom|||F|||50|,,,,,Grass
|inactive|Battle timer is ON: inactive players will automatically lose when time's up. (requested by Le P VGC)
|
|t:|1756667976
|teamsize|p1|4
|teamsize|p2|4
|start
|switch|p1a: Hydreigon|Hydreigon, L50, F|100/100
|switch|p1b: Amoonguss|Amoonguss, L50, M|100/100
|switch|p2a: Blade|Indeedee-F, L50, F|100/100
|switch|p2b: Giandam|Armarouge, L50, M|100/100
|-fieldstart|move: Psychic Terrain|[from] ability: Psychic Surge|[of] p2a: Blade
|turn|1
|
|t:|1756667994
|switch|p1b: Incineroar|Incineroar, L50, F|100/100
|-ability|p1b: Incineroar|Intimidate|boost
|-unboost|p2a: Blade|atk|1
|-unboost|p2b: Giandam|atk|1
|-terastallize|p2a: Blade|Grass
|move|p2a: Blade|Follow Me|p2a: Blade
|-singleturn|p2a: Blade|move: Follow Me
|move|p1a: Hydreigon|Snarl|p2a: Blade|[spread] p2a,p2b
|-supereffective|p2b: Giandam
|-damage|p2a: Blade|83/100
|-damage|p2b: Giandam|47/100
|-unboost|p2a: Blade|spa|1
|-unboost|p2b: Giandam|spa|1
|move|p2b: Giandam|Meteor Beam||[still]
|-prepare|p2b: Giandam|Meteor Beam
|-boost|p2b: Giandam|spa|1
|-enditem|p2b: Giandam|Power Herb
|-anim|p2b: Giandam|Meteor Beam|p1a: Hydreigon
|-damage|p1a: Hydreigon|55/100
|
|upkeep
|turn|2
|
|t:|1756668017
|move|p2b: Giandam|Protect|p2b: Giandam
|-singleturn|p2b: Giandam|Protect
|move|p1a: Hydreigon|Snarl|p2b: Giandam|[spread] p2a
|-activate|p2b: Giandam|move: Protect
|-damage|p2a: Blade|64/100
|-unboost|p2a: Blade|spa|1
|move|p2a: Blade|Dazzling Gleam|p1b: Incineroar|[spread] p1a,p1b
|-supereffective|p1a: Hydreigon
|-damage|p1a: Hydreigon|25/100
|-damage|p1b: Incineroar|95/100
|move|p1b: Incineroar|Knock Off|p2a: Blade
|-damage|p2a: Blade|24/100
|-damage|p1b: Incineroar|79/100|[from] item: Rocky Helmet|[of] p2a: Blade
|-enditem|p2a: Blade|Rocky Helmet|[from] move: Knock Off|[of] p1b: Incineroar
|
|upkeep
|turn|3
|
|t:|1756668039
|switch|p2b: Anagnoman|Sneasler, L50, M|100/100
|-enditem|p2b: Anagnoman|Psychic Seed
|-boost|p2b: Anagnoman|spd|1|[from] item: Psychic Seed
|switch|p1b: Amoonguss|Amoonguss, L50, M|100/100
|move|p2a: Blade|Follow Me|p2a: Blade
|-singleturn|p2a: Blade|move: Follow Me
|move|p1a: Hydreigon|Snarl|p2b: Anagnoman|[spread] p2a,p2b
|-resisted|p2b: Anagnoman
|-damage|p2a: Blade|6/100
|-damage|p2b: Anagnoman|92/100
|-unboost|p2a: Blade|spa|1
|-unboost|p2b: Anagnoman|spa|1
|
|upkeep
|turn|4
|inactive|uglybeast has 30 seconds left.
|inactive|uglybeast has 20 seconds left.
|
|t:|1756668075
|move|p2a: Blade|Follow Me|p2a: Blade
|-singleturn|p2a: Blade|move: Follow Me
|move|p1b: Amoonguss|Rage Powder|p1b: Amoonguss
|-singleturn|p1b: Amoonguss|move: Rage Powder
|move|p2b: Anagnoman|Dire Claw|p1b: Amoonguss
|-damage|p1b: Amoonguss|62/100
|-damage|p2b: Anagnoman|75/100|[from] item: Rocky Helmet|[of] p1b: Amoonguss
|move|p1a: Hydreigon|Tailwind|p1a: Hydreigon
|-sidestart|p1: Le P VGC|move: Tailwind
|
|upkeep
|turn|5
|
|t:|1756668097
|move|p1b: Amoonguss|Rage Powder|p1b: Amoonguss
|-singleturn|p1b: Amoonguss|move: Rage Powder
|move|p2b: Anagnoman|Dire Claw|p1b: Amoonguss
|-damage|p1b: Amoonguss|27/100
|-damage|p2b: Anagnoman|58/100|[from] item: Rocky Helmet|[of] p1b: Amoonguss
|move|p1a: Hydreigon|Snarl|p2a: Blade|[spread] p2a,p2b
|-resisted|p2b: Anagnoman
|-damage|p2a: Blade|0 fnt
|-damage|p2b: Anagnoman|49/100
|-unboost|p2b: Anagnoman|spa|1
|faint|p2a: Blade
|
|-fieldend|move: Psychic Terrain
|upkeep
|
|t:|1756668113
|switch|p2a: Paschalis|Ursaluna-Bloodmoon, L50, M|100/100
|turn|6
|
|t:|1756668122
|move|p2b: Anagnoman|Protect|p2b: Anagnoman
|-singleturn|p2b: Anagnoman|Protect
|move|p1b: Amoonguss|Rage Powder|p1b: Amoonguss
|-singleturn|p1b: Amoonguss|move: Rage Powder
|move|p1a: Hydreigon|Snarl|p2a: Paschalis|[spread] p2a
|-activate|p2b: Anagnoman|move: Protect
|-damage|p2a: Paschalis|76/100
|-unboost|p2a: Paschalis|spa|1
|move|p2a: Paschalis|Hyper Voice|p1b: Amoonguss|[spread] p1a,p1b
|-crit|p1a: Hydreigon
|-damage|p1a: Hydreigon|0 fnt
|-damage|p1b: Amoonguss|0 fnt
|faint|p1a: Hydreigon
|faint|p1b: Amoonguss
|-damage|p2a: Paschalis|67/100|[from] item: Life Orb
|
|upkeep
|
|t:|1756668133
|switch|p1a: Incineroar|Incineroar, L50, F|79/100
|switch|p1b: Gholdengo|Gholdengo, L50|100/100
|-ability|p1a: Incineroar|Intimidate|boost
|-unboost|p2a: Paschalis|atk|1
|-unboost|p2b: Anagnoman|atk|1
|turn|7
|
|t:|1756668157
|switch|p2b: Giandam|Armarouge, L50, M|47/100
|move|p1a: Incineroar|Fake Out|p2a: Paschalis
|-damage|p2a: Paschalis|57/100
|move|p1b: Gholdengo|Nasty Plot|p1b: Gholdengo
|-boost|p1b: Gholdengo|spa|2
|cant|p2a: Paschalis|flinch
|
|-sideend|p1: Le P VGC|move: Tailwind
|upkeep
|turn|8
|inactive|uglybeast has 30 seconds left.
|inactive|uglybeast has 20 seconds left.
|
|t:|1756668196
|move|p2b: Giandam|Protect|p2b: Giandam
|-singleturn|p2b: Giandam|Protect
|move|p1b: Gholdengo|Make It Rain|p2b: Giandam|[spread] p2a
|-activate|p2b: Giandam|move: Protect
|-damage|p2a: Paschalis|0 fnt
|-unboost|p1b: Gholdengo|spa|1
|faint|p2a: Paschalis
|-damage|p1b: Gholdengo|91/100|[from] item: Life Orb
|move|p1a: Incineroar|Knock Off|p2b: Giandam
|-activate|p2b: Giandam|move: Protect
|
|upkeep
|
|t:|1756668208
|switch|p2a: Anagnoman|Sneasler, L50, M|49/100
|turn|9
|
|t:|1756668228
|-terastallize|p1b: Gholdengo|Water
|move|p2a: Anagnoman|Close Combat|p1a: Incineroar
|-supereffective|p1a: Incineroar
|-damage|p1a: Incineroar|0 fnt
|-unboost|p2a: Anagnoman|def|1
|-unboost|p2a: Anagnoman|spd|1
|faint|p1a: Incineroar
|move|p1b: Gholdengo|Make It Rain|p2b: Giandam|[spread] p2a,p2b
|-resisted|p2b: Giandam
|-damage|p2a: Anagnoman|0 fnt
|-damage|p2b: Giandam|0 fnt
|-unboost|p1b: Gholdengo|spa|1
|faint|p2a: Anagnoman
|faint|p2b: Giandam
|-damage|p1b: Gholdengo|81/100|[from] item: Life Orb
|
|win|Le P VGC
||Le P VGC is ready for game 2.
||uglybeast is ready for game 2.
|uhtml|next|Next: Game 2 of 3
|l|☆Le P VGC
|player|p1|
