|j|☆Bay13
|j|☆xenit9e
|html|Bay13xenit9e    
|uhtml|bestof|Game 1 of a best-of-3
|t:|1785431713
|gametype|doubles
|player|p1|Bay13|2|1090
|player|p2|xenit9e|cynthia|1102
|gen|9
|tier|[Gen 9 Champions] VGC 2026 Reg M-B (Bo3)
|rated|
|rule|Species Clause: Limit one of each Pokémon
|rule|Item Clause: Limit 1 of each item
|clearpoke
|poke|p1|Meganium, L50, M|
|poke|p1|Pelipper, L50, F|
|poke|p1|Archaludon, L50, M|
|poke|p1|Swampert, L50, F|
|poke|p1|Farigiraf, L50, M|
|poke|p1|Incineroar, L50, M|
|poke|p2|Talonflame, L50, M|
|poke|p2|Swampert, L50, F|
|poke|p2|Annihilape, L50, F|
|poke|p2|Archaludon, L50, M|
|poke|p2|Tyranitar, L50, F|
|poke|p2|Grimmsnarl, L50, M|
|teampreview|4
|showteam|p1|Meganium||Meganiumite|Overgrow|SolarBeam,WeatherBall,Synthesis,Protect|Timid||M|||50|]Pelipper||FocusSash|Drizzle|WeatherBall,Hurricane,Tailwind,Protect|Bold||F|||50|]Archaludon||LifeOrb|Stalwart|ElectroShot,FlashCannon,DracoMeteor,Protect|Timid||M|||50|]Swampert||Swampertite|Torrent|WaveCrash,Earthquake,IcePunch,Protect|Adamant||F|||50|]Farigiraf||SitrusBerry|ArmorTail|Psychic,Thunderbolt,TrickRoom,Protect|Sassy||M|||50|]Incineroar||WhiteHerb|Intimidate|FakeOut,FlareBlitz,CloseCombat,DarkestLariat|Adamant||M|||50|
|showteam|p2|Talonflame||SharpBeak|GaleWings|DualWingbeat,FlareBlitz,Tailwind,QuickGuard|Jolly||M|||50|]Swampert||Swampertite|Damp|WaveCrash,HighHorsepower,BulkUp,Protect|Adamant||F|||50|]Annihilape||LifeOrb|Defiant|DrainPunch,RageFist,StormThrow,Protect|Jolly||F|||50|]Archaludon||Leftovers|Stalwart|FlashCannon,DragonPulse,Thunderbolt,Snarl|Modest||M|||50|]Tyranitar||Tyranitarite|SandStream|KnockOff,RockSlide,DragonDance,Protect|Adamant||F|||50|]Grimmsnarl||FairyFeather|Prankster|SpiritBreak,FakeOut,LightScreen,SuckerPunch|Brave||M|||50|
|inactive|Battle timer is ON: inactive players will automatically lose when time's up. (requested by xenit9e)
|inactive|xenit9e has 60 seconds left.
|
|t:|1785431746
|teamsize|p1|4
|teamsize|p2|4
|start
|switch|p1a: Incineroar|Incineroar, L50, M|100/100
|switch|p1b: Meganium|Meganium, L50, M|100/100
|switch|p2a: Talonflame|Talonflame, L50, M|100/100
|switch|p2b: Annihilape|Annihilape, L50, F|100/100
|-ability|p1a: Incineroar|Intimidate|boost
|-unboost|p2a: Talonflame|atk|1
|-unboost|p2b: Annihilape|atk|1
|-ability|p2b: Annihilape|Defiant|boost
|-boost|p2b: Annihilape|atk|2
|turn|1
|
|t:|1785431768
|switch|p1b: Pelipper|Pelipper, L50, F|100/100
|-weather|RainDance|[from] ability: Drizzle|[of] p1b: Pelipper
|move|p2b: Annihilape|Protect|p2b: Annihilape
|-singleturn|p2b: Annihilape|Protect
|move|p2a: Talonflame|Quick Guard|p2a: Talonflame
|-singleturn|p2a: Talonflame|Quick Guard
|move|p1a: Incineroar|Fake Out|p2a: Talonflame
|-activate|p2a: Talonflame|move: Quick Guard
|
|-weather|RainDance|[upkeep]
|upkeep
|turn|2
|
|t:|1785431777
|move|p2a: Talonflame|Tailwind|p2a: Talonflame
|-sidestart|p2: xenit9e|move: Tailwind
|move|p2b: Annihilape|Storm Throw|p1a: Incineroar
|-supereffective|p1a: Incineroar|1
|-crit|p1a: Incineroar
|-damage|p1a: Incineroar|0 fnt
|faint|p1a: Incineroar
|-damage|p2b: Annihilape|90/100|[from] item: Life Orb
|move|p1b: Pelipper|Hurricane|p2b: Annihilape
|-supereffective|p2b: Annihilape|1
|-damage|p2b: Annihilape|13/100
|
|-weather|RainDance|[upkeep]
|upkeep
|
|t:|1785431788
|switch|p1a: Archaludon|Archaludon, L50, M|100/100
|turn|3
|
|t:|1785431799
|move|p1a: Archaludon|Protect|p1a: Archaludon
|-singleturn|p1a: Archaludon|Protect
|move|p2a: Talonflame|Dual Wingbeat|p1b: Pelipper
|-damage|p1b: Pelipper|89/100
|-damage|p1b: Pelipper|77/100
|-hitcount|p1b: Pelipper|2
|move|p2b: Annihilape|Rage Fist|p1b: Pelipper
|-damage|p1b: Pelipper|2/100
|-damage|p2b: Annihilape|3/100|[from] item: Life Orb
|move|p1b: Pelipper|Tailwind|p1b: Pelipper
|-sidestart|p1: Bay13|move: Tailwind
|
|-weather|RainDance|[upkeep]
|upkeep
|turn|4
|j| tedidn
|
|t:|1785431813
|move|p2a: Talonflame|Dual Wingbeat|p1b: Pelipper
|-damage|p1b: Pelipper|0 fnt
|faint|p1b: Pelipper
|-hitcount|p1: Pelipper|1
|move|p2b: Annihilape|Drain Punch|p1a: Archaludon
|-supereffective|p1a: Archaludon|1
|-damage|p1a: Archaludon|0 fnt
|-heal|p2b: Annihilape|48/100|[from] drain|[of] p1a: Archaludon
|faint|p1a: Archaludon
|-damage|p2b: Annihilape|39/100|[from] item: Life Orb
|
|-weather|RainDance|[upkeep]
|upkeep
|
|t:|1785431816
|switch|p1b: Meganium|Meganium, L50, M|100/100
|turn|5
|
|t:|1785431829
|move|p2a: Talonflame|Dual Wingbeat|p1b: Meganium
|-supereffective|p1b: Meganium|1
|-damage|p1b: Meganium|69/100
|-supereffective|p1b: Meganium|1
|-damage|p1b: Meganium|41/100
|-hitcount|p1b: Meganium|2
|move|p2b: Annihilape|Rage Fist|p1b: Meganium
|-damage|p1b: Meganium|0 fnt
|faint|p1b: Meganium
|-damage|p2b: Annihilape|29/100|[from] item: Life Orb
|
|win|xenit9e
