|j|☆x-demon18
|j|☆TheTestingBuds0017
|html|x-demon18TheTestingBuds0017    
|uhtml|bestof|Game 3 of a best-of-3
|t:|1783815256
|gametype|doubles
|player|p1|x-demon18|265|1124
|player|p2|TheTestingBuds0017|boarder|1090
|gen|9
|tier|[Gen 9 Champions] VGC 2026 Reg M-B (Bo3)
|rated|
|rule|Species Clause: Limit one of each Pokémon
|rule|Item Clause: Limit 1 of each item
|clearpoke
|poke|p1|Incineroar, L50, F|
|poke|p1|Rotom-Wash, L50|
|poke|p1|Venusaur, L50, F|
|poke|p1|Garchomp, L50, M|
|poke|p1|Sylveon, L50, F|
|poke|p1|Corviknight, L50, M|
|poke|p2|Charizard, L50, M|
|poke|p2|Venusaur, L50, F|
|poke|p2|Grimmsnarl, L50, M|
|poke|p2|Pelipper, L50, F|
|poke|p2|Archaludon, L50, M|
|poke|p2|Basculegion, L50, M|
|teampreview|4
|showteam|p1|Incineroar||ExpertBelt|Intimidate|FakeOut,TemperFlare,ThroatChop,PartingShot|Adamant||F|||50|]Rotom-Wash||SitrusBerry|Levitate|HydroPump,Electroweb,WillOWisp,VoltSwitch|Modest|||||50|]Venusaur||Venusaurite|Chlorophyll|GigaDrain,SludgeBomb,EarthPower,Protect|Modest||F|||50|]Garchomp||LifeOrb|RoughSkin|RockSlide,DragonClaw,StompingTantrum,Protect|Jolly||M|||50|]Sylveon||FairyFeather|Pixilate|HyperVoice,QuickAttack,Yawn,Detect|Modest||F|||50|]Corviknight||OccaBerry|MirrorArmor|Tailwind,BraveBird,IronHead,BodyPress|Careful||M|||50|
|showteam|p2|Charizard||CharizarditeY|Blaze|HeatWave,WeatherBall,SolarBeam,Protect|Modest||M|||50|]Venusaur||Venusaurite|Chlorophyll|SludgeBomb,EarthPower,SleepPowder,Protect|Modest||F|||50|]Grimmsnarl||LightClay|Prankster|SpiritBreak,Reflect,LightScreen,PartingShot|Careful||M|||50|]Pelipper||SitrusBerry|Drizzle|WeatherBall,Hurricane,Tailwind,WideGuard|Modest||F|||50|]Archaludon||Leftovers|Stamina|ElectroShot,DragonPulse,FlashCannon,Protect|Modest||M|||50|]Basculegion||ChoiceScarf|Adaptability|WaveCrash,FlipTurn,LastRespects,AquaJet|Jolly||M|||50|
|inactive|Battle timer is ON: inactive players will automatically lose when time's up. (requested by TheTestingBuds0017)
|inactive|x-demon18 has 60 seconds left.
|
|t:|1783815308
|teamsize|p1|4
|teamsize|p2|4
|start
|switch|p1a: Wolverine|Incineroar, L50, F|100/100
|switch|p1b: Griffith|Corviknight, L50, M|100/100
|switch|p2a: Venusaur|Venusaur, L50, F|100/100
|switch|p2b: Pelipper|Pelipper, L50, F|100/100
|-weather|RainDance|[from] ability: Drizzle|[of] p2b: Pelipper
|-ability|p1a: Wolverine|Intimidate|boost
|-unboost|p2a: Venusaur|atk|1
|-unboost|p2b: Pelipper|atk|1
|turn|1
|inactive|TheTestingBuds0017 has 30 seconds left.
|
|t:|1783815335
|switch|p2a: Archaludon|Archaludon, L50, M|100/100
|move|p1a: Wolverine|Fake Out|p2b: Pelipper
|-damage|p2b: Pelipper|85/100
|cant|p2b: Pelipper|flinch
|move|p1b: Griffith|Tailwind|p1b: Griffith
|-sidestart|p1: x-demon18|move: Tailwind
|
|-weather|RainDance|[upkeep]
|upkeep
|turn|2
|inactive|x-demon18 has 30 seconds left.
|
|t:|1783815361
|switch|p1b: HydroVolt|Rotom-Wash, L50|100/100
|move|p1a: Wolverine|Parting Shot|p2a: Archaludon
|-unboost|p2a: Archaludon|atk|1
|-unboost|p2a: Archaludon|spa|1
|
|t:|1783815367
|switch|p1a: Yggdrasil|Venusaur, L50, F|100/100|[from] Parting Shot
|move|p2a: Archaludon|Electro Shot||[still]
|-prepare|p2a: Archaludon|Electro Shot
|-boost|p2a: Archaludon|spa|1
|-anim|p2a: Archaludon|Electro Shot|p1a: Yggdrasil
|-resisted|p1a: Yggdrasil|1
|-damage|p1a: Yggdrasil|81/100
|move|p2b: Pelipper|Tailwind|p2b: Pelipper
|-sidestart|p2: TheTestingBuds0017|move: Tailwind
|
|-weather|RainDance|[upkeep]
|upkeep
|turn|3
|
|t:|1783815389
|switch|p2b: Venusaur|Venusaur, L50, F|100/100
|detailschange|p1a: Yggdrasil|Venusaur-Mega, L50, F
|-mega|p1a: Yggdrasil|Venusaur|Venusaurite
|move|p1a: Yggdrasil|Earth Power|p2a: Archaludon
|-supereffective|p2a: Archaludon|1
|-damage|p2a: Archaludon|42/100
|-ability|p2a: Archaludon|Stamina|boost
|-boost|p2a: Archaludon|def|1
|move|p1b: HydroVolt|Volt Switch|p2b: Venusaur
|-resisted|p2b: Venusaur|1
|-damage|p2b: Venusaur|84/100
|
|t:|1783815405
|switch|p1b: Wolverine|Incineroar, L50, F|100/100|[from] Volt Switch
|-ability|p1b: Wolverine|Intimidate|boost
|-unboost|p2a: Archaludon|atk|1
|-unboost|p2b: Venusaur|atk|1
|move|p2a: Archaludon|Electro Shot||[still]
|-prepare|p2a: Archaludon|Electro Shot
|-boost|p2a: Archaludon|spa|1
|-anim|p2a: Archaludon|Electro Shot|p1b: Wolverine
|-damage|p1b: Wolverine|49/100
|
|-weather|RainDance|[upkeep]
|-heal|p2a: Archaludon|48/100|[from] item: Leftovers
|upkeep
|turn|4
|inactive|x-demon18 has 30 seconds left.
|
|t:|1783815431
|switch|p1b: Griffith|Corviknight, L50, M|100/100
|move|p2b: Venusaur|Protect|p2b: Venusaur
|-singleturn|p2b: Venusaur|Protect
|move|p2a: Archaludon|Protect|p2a: Archaludon
|-singleturn|p2a: Archaludon|Protect
|move|p1a: Yggdrasil|Earth Power|p2a: Archaludon
|-activate|p2a: Archaludon|move: Protect
|
|-weather|RainDance|[upkeep]
|-heal|p2a: Archaludon|54/100|[from] item: Leftovers
|-sideend|p1: x-demon18|move: Tailwind
|upkeep
|turn|5
|inactive|x-demon18 has 30 seconds left.
|
|t:|1783815458
|detailschange|p2b: Venusaur|Venusaur-Mega, L50, F
|-mega|p2b: Venusaur|Venusaur|Venusaurite
|move|p2b: Venusaur|Sludge Bomb|p1a: Yggdrasil
|-damage|p1a: Yggdrasil|40/100
|move|p2a: Archaludon|Electro Shot||[still]
|-prepare|p2a: Archaludon|Electro Shot
|-boost|p2a: Archaludon|spa|1
|-anim|p2a: Archaludon|Electro Shot|p1b: Griffith
|-supereffective|p1b: Griffith|1
|-damage|p1b: Griffith|0 fnt
|faint|p1b: Griffith
|move|p1a: Yggdrasil|Earth Power|p2a: Archaludon
|-supereffective|p2a: Archaludon|1
|-damage|p2a: Archaludon|0 fnt
|faint|p2a: Archaludon
|
|-weather|none
|-sideend|p2: TheTestingBuds0017|move: Tailwind
|upkeep
|
|t:|1783815477
|switch|p2a: Basculegion|Basculegion, L50, M|100/100
|switch|p1b: Wolverine|Incineroar, L50, F|49/100
|-ability|p1b: Wolverine|Intimidate|boost
|-unboost|p2a: Basculegion|atk|1
|-unboost|p2b: Venusaur|atk|1
|turn|6
|
|t:|1783815490
|switch|p1b: HydroVolt|Rotom-Wash, L50|100/100
|move|p2a: Basculegion|Flip Turn|p1b: HydroVolt
|-resisted|p1b: HydroVolt|1
|-damage|p1b: HydroVolt|87/100
|
|t:|1783815494
|switch|p2a: Pelipper|Pelipper, L50, F|85/100|[from] Flip Turn
|-weather|RainDance|[from] ability: Drizzle|[of] p2a: Pelipper
|move|p2b: Venusaur|Sleep Powder|p1b: HydroVolt
|-status|p1b: HydroVolt|slp|[from] move: Sleep Powder
|move|p1a: Yggdrasil|Giga Drain|p2a: Pelipper
|-damage|p2a: Pelipper|42/100
|-heal|p1a: Yggdrasil|59/100|[from] drain|[of] p2a: Pelipper
|-enditem|p2a: Pelipper|Sitrus Berry|[eat]
|-heal|p2a: Pelipper|66/100|[from] item: Sitrus Berry
|
|-weather|RainDance|[upkeep]
|upkeep
|turn|7
|
|t:|1783815518
|move|p1a: Yggdrasil|Protect|p1a: Yggdrasil
|-singleturn|p1a: Yggdrasil|Protect
|move|p2b: Venusaur|Sludge Bomb|p1b: HydroVolt
|-damage|p1b: HydroVolt|40/100 slp
|-enditem|p1b: HydroVolt|Sitrus Berry|[eat]
|-heal|p1b: HydroVolt|65/100 slp|[from] item: Sitrus Berry
|cant|p1b: HydroVolt|slp
|move|p2a: Pelipper|Hurricane|p1a: Yggdrasil
|-activate|p1a: Yggdrasil|move: Protect
|
|-weather|RainDance|[upkeep]
|upkeep
|turn|8
|inactive|x-demon18 has 30 seconds left.
|inactive|x-demon18 has 20 seconds left.
|
|t:|1783815557
|switch|p1a: Wolverine|Incineroar, L50, F|49/100
|-ability|p1a: Wolverine|Intimidate|boost
|-unboost|p2a: Pelipper|atk|1
|-unboost|p2b: Venusaur|atk|1
|move|p2b: Venusaur|Sludge Bomb|p1a: Wolverine
|-damage|p1a: Wolverine|8/100
|-curestatus|p1b: HydroVolt|slp|[msg]
|move|p1b: HydroVolt|Electroweb|p2b: Venusaur|[spread] p2a,p2b
|-supereffective|p2a: Pelipper|2
|-resisted|p2b: Venusaur|1
|-damage|p2a: Pelipper|0 fnt
|-damage|p2b: Venusaur|78/100
|-unboost|p2b: Venusaur|spe|1
|faint|p2a: Pelipper
|
|-weather|RainDance|[upkeep]
|upkeep
|
|t:|1783815565
|switch|p2a: Basculegion|Basculegion, L50, M|100/100
|turn|9
|
|t:|1783815584
|switch|p1a: Yggdrasil|Venusaur-Mega, L50, F|59/100
|move|p2a: Basculegion|Last Respects|p1b: HydroVolt
|-damage|p1b: HydroVolt|0 fnt
|faint|p1b: HydroVolt
|move|p2b: Venusaur|Earth Power|p1a: Yggdrasil
|-damage|p1a: Yggdrasil|32/100
|
|-weather|RainDance|[upkeep]
|upkeep
|
|t:|1783815596
|switch|p1b: Wolverine|Incineroar, L50, F|8/100
|-ability|p1b: Wolverine|Intimidate|boost
|-unboost|p2a: Basculegion|atk|1
|-unboost|p2b: Venusaur|atk|1
|turn|10
|
|t:|1783815609
|move|p2a: Basculegion|Last Respects|p1b: Wolverine
|-resisted|p1b: Wolverine|1
|-damage|p1b: Wolverine|0 fnt
|faint|p1b: Wolverine
|move|p1a: Yggdrasil|Giga Drain|p2a: Basculegion
|-supereffective|p2a: Basculegion|1
|-damage|p2a: Basculegion|11/100
|-heal|p1a: Yggdrasil|80/100|[from] drain|[of] p2a: Basculegion
|move|p2b: Venusaur|Sludge Bomb|p1a: Yggdrasil
|-damage|p1a: Yggdrasil|44/100
|
|-weather|none
|upkeep
|turn|11
|
|t:|1783815624
|move|p2a: Basculegion|Last Respects|p1a: Yggdrasil
|-damage|p1a: Yggdrasil|0 fnt
|faint|p1a: Yggdrasil
|
|win|TheTestingBuds0017
|raw|x-demon18's rating: 1124 → 1097(-27 for losing)
|raw|TheTestingBuds0017's rating: 1090 → 1119(+29 for winning)
|l|☆TheTestingBuds0017
|player|p2|
