|j|☆InSane_Lcs
|j|☆Mylo-san
|html|InSane_LcsMylo-san    
|uhtml|bestof|Game 1 of a best-of-3
|t:|1782481993
|gametype|doubles
|player|p1|InSane_Lcs|youngster-gen4dp|
|player|p2|Mylo-san|ash|
|gen|9
|tier|[Gen 9 Champions] VGC 2026 Reg M-B (Bo3)
|rule|Species Clause: Limit one of each Pokémon
|rule|Item Clause: Limit 1 of each item
|clearpoke
|poke|p1|Sceptile, L50, M, shiny|
|poke|p1|Rotom-Heat, L50, shiny|
|poke|p1|Gyarados, L50, M, shiny|
|poke|p1|Sneasler, L50, M, shiny|
|poke|p1|Aerodactyl, L50, M, shiny|
|poke|p1|Sableye, L50, M, shiny|
|poke|p2|Staraptor, L50, M|
|poke|p2|Ninetales, L50, F|
|poke|p2|Milotic, L50, M|
|poke|p2|Grimmsnarl, L50, M|
|poke|p2|Garchomp, L50, F|
|poke|p2|Sinistcha-Masterpiece, L50|
|teampreview|4
|showteam|p1|Sceptile||Sceptilite|Overgrow|EnergyBall,Protect,DragonPulse,EarthPower|Timid||M|||50|]Rotom-Heat||ChoiceScarf|Levitate|Discharge,Overheat,Trick,Electroweb|Timid|||||50|]Gyarados||Gyaradosite|Intimidate|Waterfall,DragonDance,Crunch,Protect|Jolly||M|||50|]Sneasler||WhiteHerb|Unburden|FakeOut,CloseCombat,DireClaw,Protect|Adamant||M|||50|]Aerodactyl||FocusSash|Unnerve|Protect,Tailwind,RockSlide,DualWingbeat|Jolly||M|||50|]Sableye||RoseliBerry|Prankster|Taunt,WillOWisp,ThunderWave,SunnyDay|Calm||M|||50|
|showteam|p2|Staraptor||Staraptite|Intimidate|CloseCombat,Protect,Roost,DualWingbeat|Jolly||M|||50|]Ninetales||FocusSash|Drought|Flamethrower,SolarBeam,Encore,Disable|Timid||F|||50|]Milotic||Leftovers|Competitive|IcyWind,Scald,Protect,LifeDew|Bold||M|||50|]Grimmsnarl||LightClay|Prankster|PartingShot,FoulPlay,LightScreen,Reflect|Careful||M|||50|]Garchomp||LifeOrb|RoughSkin|Earthquake,RockSlide,DragonClaw,Protect|Jolly||F|||50|]Sinistcha-Masterpiece||SitrusBerry|Hospitality|RagePowder,MatchaGotcha,StrengthSap,TrickRoom|Bold|||||50|
|j| Testururure
|c|☆Mylo-san|pas de timer stp
|c|☆InSane_Lcs|nan tqt
|c|☆InSane_Lcs|gl hf !
|c|☆Mylo-san|gl à toi aussi
|c|☆InSane_Lcs|thx
|j| SP-88
|
|t:|1782482126
|teamsize|p1|4
|teamsize|p2|4
|start
|switch|p1a: Jungoat|Sceptile, L50, M, shiny|100/100
|switch|p1b: Aux Fourneaux !|Rotom-Heat, L50, shiny|100/100
|switch|p2a: Grimmsnarl|Grimmsnarl, L50, M|100/100
|switch|p2b: Garchomp|Garchomp, L50, F|100/100
|turn|1
|j| Tgstp
|
|t:|1782482164
|switch|p1a: Ténébrion|Sableye, L50, M, shiny|100/100
|move|p2a: Grimmsnarl|Light Screen|p2a: Grimmsnarl
|-sidestart|p2: Mylo-san|move: Light Screen
|move|p1b: Aux Fourneaux !|Trick|p2a: Grimmsnarl
|-activate|p1b: Aux Fourneaux !|move: Trick|[of] p2a: Grimmsnarl
|-item|p2a: Grimmsnarl|Choice Scarf|[from] move: Trick
|-item|p1b: Aux Fourneaux !|Light Clay|[from] move: Trick
|move|p2b: Garchomp|Dragon Claw|p1a: Ténébrion
|-damage|p1a: Ténébrion|35/100
|-damage|p2b: Garchomp|90/100|[from] item: Life Orb
|
|upkeep
|turn|2
|j| Pudistor Black
|c| Pudistor Black|Let's go Kikiii
|
|t:|1782482225
|switch|p2b: Sinistcha|Sinistcha-Masterpiece, L50|100/100
|switch|p1b: Jungoat|Sceptile, L50, M, shiny|100/100
|move|p1a: Ténébrion|Will-O-Wisp|p2b: Sinistcha
|-status|p2b: Sinistcha|brn
|move|p2a: Grimmsnarl|Foul Play|p1a: Ténébrion
|-damage|p1a: Ténébrion|1/100
|
|-damage|p2b: Sinistcha|93/100 brn|[from] brn
|upkeep
|turn|3
|
|t:|1782482261
|switch|p2a: Garchomp|Garchomp, L50, F|90/100
|detailschange|p1b: Jungoat|Sceptile-Mega, L50, M, shiny
|-mega|p1b: Jungoat|Sceptile|Sceptilite
|move|p1a: Ténébrion|Thunder Wave|p1b: Jungoat
|-ability|p1b: Jungoat|Lightning Rod|boost
|-boost|p1b: Jungoat|spa|1
|move|p1b: Jungoat|Energy Ball|p2a: Garchomp
|-damage|p2a: Garchomp|32/100
|move|p2b: Sinistcha|Matcha Gotcha|p1a: Ténébrion|[spread] p1a,p1b
|-resisted|p1b: Jungoat|2
|-damage|p1a: Ténébrion|0 fnt
|-heal|p2b: Sinistcha|94/100 brn|[from] drain|[of] p1a: Ténébrion
|-damage|p1b: Jungoat|92/100
|-heal|p2b: Sinistcha|97/100 brn|[from] drain|[of] p1b: Jungoat
|faint|p1a: Ténébrion
|
|-damage|p2b: Sinistcha|91/100 brn|[from] brn
|upkeep
|j| Cotowol
|
|t:|1782482284
|switch|p1a: Aux Fourneaux !|Rotom-Heat, L50, shiny|100/100
|turn|4
|j| Oakvale
|
|t:|1782482294
|move|p2b: Sinistcha|Rage Powder|p2b: Sinistcha
|-singleturn|p2b: Sinistcha|move: Rage Powder
|move|p1b: Jungoat|Energy Ball|p2a: Garchomp
|-crit|p2a: Garchomp
|-damage|p2a: Garchomp|0 fnt
|faint|p2a: Garchomp
|move|p1a: Aux Fourneaux !|Discharge|p2b: Sinistcha|[spread] p2b
|-ability|p1b: Jungoat|Lightning Rod|boost
|-boost|p1b: Jungoat|spa|1
|-resisted|p2b: Sinistcha|1
|-damage|p2b: Sinistcha|82/100 brn
|
|-damage|p2b: Sinistcha|76/100 brn|[from] brn
|upkeep
|c| Testururure|j'aime ce que je vois
|
|t:|1782482312
|switch|p2a: Grimmsnarl|Grimmsnarl, L50, M|100/100
|turn|5
|
|t:|1782482334
|move|p1b: Jungoat|Protect|p1b: Jungoat
|-singleturn|p1b: Jungoat|Protect
|move|p2a: Grimmsnarl|Parting Shot|p1b: Jungoat
|-activate|p1b: Jungoat|move: Protect
|move|p1a: Aux Fourneaux !|Discharge|p2a: Grimmsnarl|[spread] p2a,p2b
|-activate|p1b: Jungoat|move: Protect
|-resisted|p2b: Sinistcha|1
|-damage|p2a: Grimmsnarl|84/100
|-damage|p2b: Sinistcha|67/100 brn
|move|p2b: Sinistcha|Trick Room|p2b: Sinistcha
|-fieldstart|move: Trick Room|[of] p2b: Sinistcha
|
|-damage|p2b: Sinistcha|61/100 brn|[from] brn
|upkeep
|turn|6
|
|t:|1782482352
|move|p2a: Grimmsnarl|Parting Shot|p1b: Jungoat
|-unboost|p1b: Jungoat|atk|1
|-unboost|p1b: Jungoat|spa|1
|
|t:|1782482355
|switch|p2a: Staraptor|Staraptor, L50, M|100/100|[from] Parting Shot
|-ability|p2a: Staraptor|Intimidate|boost
|-unboost|p1a: Aux Fourneaux !|atk|1
|-unboost|p1b: Jungoat|atk|1
|move|p2b: Sinistcha|Matcha Gotcha|p1a: Aux Fourneaux !|[spread] p1a,p1b
|-resisted|p1a: Aux Fourneaux !|1
|-resisted|p1b: Jungoat|2
|-damage|p1a: Aux Fourneaux !|83/100
|-heal|p2b: Sinistcha|67/100 brn|[from] drain|[of] p1a: Aux Fourneaux !
|-damage|p1b: Jungoat|84/100
|-heal|p2b: Sinistcha|71/100 brn|[from] drain|[of] p1b: Jungoat
|move|p1a: Aux Fourneaux !|Discharge|p2b: Sinistcha|[spread] p2a,p2b
|-ability|p1b: Jungoat|Lightning Rod|boost
|-boost|p1b: Jungoat|spa|1
|-supereffective|p2a: Staraptor|1
|-resisted|p2b: Sinistcha|1
|-damage|p2a: Staraptor|43/100
|-damage|p2b: Sinistcha|63/100 brn
|move|p1b: Jungoat|Energy Ball|p2a: Staraptor
|-resisted|p2a: Staraptor|1
|-damage|p2a: Staraptor|0 fnt
|faint|p2a: Staraptor
|
|-damage|p2b: Sinistcha|57/100 brn|[from] brn
|upkeep
|
|t:|1782482356
|switch|p2a: Grimmsnarl|Grimmsnarl, L50, M|84/100
|turn|7
|j| kyyyroooo
|
|t:|1782482379
|move|p2b: Sinistcha|Matcha Gotcha|p1b: Jungoat|[spread] p1a,p1b
|-resisted|p1a: Aux Fourneaux !|1
|-resisted|p1b: Jungoat|2
|-damage|p1a: Aux Fourneaux !|66/100
|-heal|p2b: Sinistcha|64/100 brn|[from] drain|[of] p1a: Aux Fourneaux !
|-damage|p1b: Jungoat|76/100
|-heal|p2b: Sinistcha|67/100 brn|[from] drain|[of] p1b: Jungoat
|move|p2a: Grimmsnarl|Foul Play|p1b: Jungoat
|-damage|p1b: Jungoat|52/100
|move|p1a: Aux Fourneaux !|Discharge|p2a: Grimmsnarl|[spread] p2a,p2b
|-ability|p1b: Jungoat|Lightning Rod|boost
|-boost|p1b: Jungoat|spa|1
|-resisted|p2b: Sinistcha|1
|-damage|p2a: Grimmsnarl|68/100
|-damage|p2b: Sinistcha|60/100 brn
|-status|p2a: Grimmsnarl|par
|move|p1b: Jungoat|Energy Ball|p2a: Grimmsnarl
|-damage|p2a: Grimmsnarl|0 fnt
|faint|p2a: Grimmsnarl
|
|-damage|p2b: Sinistcha|53/100 brn|[from] brn
|upkeep
|turn|8
|c|☆Mylo-san|je viens d'apprendre un truc ^^'
|l| kyyyroooo
|c|☆InSane_Lcs|Poudre fureur oui..
|c| Testururure|GG
|
|t:|1782482411
|move|p2b: Sinistcha|Matcha Gotcha|p1a: Aux Fourneaux !|[spread] p1a,p1b
|-resisted|p1a: Aux Fourneaux !|1
|-resisted|p1b: Jungoat|2
|-damage|p1a: Aux Fourneaux !|52/100
|-heal|p2b: Sinistcha|59/100 brn|[from] drain|[of] p1a: Aux Fourneaux !
|-damage|p1b: Jungoat|45/100
|-heal|p2b: Sinistcha|62/100 brn|[from] drain|[of] p1b: Jungoat
|-status|p1b: Jungoat|brn
|move|p1a: Aux Fourneaux !|Discharge|p2b: Sinistcha|[spread] p2b
|-ability|p1b: Jungoat|Lightning Rod|boost
|-boost|p1b: Jungoat|spa|1
|-resisted|p2b: Sinistcha|1
|-damage|p2b: Sinistcha|55/100 brn
|move|p1b: Jungoat|Dragon Pulse|p2b: Sinistcha
|-damage|p2b: Sinistcha|0 fnt
|faint|p2b: Sinistcha
|
|win|InSane_Lcs
||InSane_Lcs is ready for game 2.
||Mylo-san is ready for game 2.
|uhtml|next|Next: Game 2 of 3
|l| Pudistor Black
|j| ma_bane
|l| Tgstp
|j| Tgstp
|l| Cotowol
|j| GivraClem
|j| Tinman_rpplf
|l| GivraClem
|j| Herosabis
|l| Tinman_rpplf
|j| Tinman_rpplf
|l| Herosabis
|l| Tgstp
|l| ma_bane
|l| Tinman_rpplf
|l| Testururure
|l| Oakvale
|j| Oakvale
|l| Oakvale
|j| Testururure
|l| SP-88
|l| Testururure
|j| Testururure
|l| Testururure
|j| Oakvale
|l| Oakvale
|j| Oakvale
|l| Oakvale
