|j|☆b1kope
|j|☆Maybe ALTcom
|html|b1kopeMaybe ALTcom    
|uhtml|bestof|Game 2 of a best-of-3
|t:|1756515029
|gametype|doubles
|player|p1|b1kope|2|1125
|player|p2|Maybe ALTcom|2|1118
|gen|9
|tier|[Gen 9] VGC 2025 Reg H (Bo3)
|rated|
|rule|Species Clause: Limit one of each Pokémon
|rule|Item Clause: Limit 1 of each item
|clearpoke
|poke|p1|Gholdengo, L50|
|poke|p1|Talonflame, L50, F|
|poke|p1|Dragapult, L50, M|
|poke|p1|Annihilape, L50, F|
|poke|p1|Baxcalibur, L50, M|
|poke|p1|Gastrodon, L50, M|
|poke|p2|Magmar, L50, M|
|poke|p2|Rillaboom, L50, M|
|poke|p2|Ninetales-Alola, L50, M|
|poke|p2|Kommo-o, L50, F|
|poke|p2|Kingambit, L50, M|
|poke|p2|Basculegion, L50, M|
|teampreview|4
|showteam|p1|Gholdengo||ChoiceSpecs|GoodasGold|MakeItRain,ShadowBall,Thunderbolt,Trick||||||50|,,,,,Steel]Talonflame||FocusSash|GaleWings|BraveBird,Tailwind,Taunt,WillOWisp|||F|||50|,,,,,Ghost]Dragapult||ChoiceBand|ClearBody|DragonDarts,Outrage,Uturn,TeraBlast|||M|||50|,,,,,Ghost]Annihilape||Leftovers|Defiant|DrainPunch,RageFist,BulkUp,Protect|||F|||50|,,,,,Fire]Baxcalibur||LoadedDice|ThermalExchange|IcicleSpear,ScaleShot,SwordsDance,Protect|||M|||50|,,,,,Water]Gastrodon||SitrusBerry|StormDrain|MuddyWater,Yawn,EarthPower,Protect|||M|||50|,,,,,Fire
|showteam|p2|Magmar||Eviolite|VitalSpirit|FollowMe,ClearSmog,Protect,Flamethrower|||M|||50|,,,,,Ghost]Rillaboom||AssaultVest|GrassySurge|WoodHammer,GrassyGlide,FakeOut,HighHorsepower|||M|||50|,,,,,Fire]Ninetales-Alola||FocusSash|SnowWarning|IcyWind,Blizzard,Encore,Protect|||M|||50|,,,,,Ghost]Kommo-o||ThroatSpray|Soundproof|ClangingScales,ClangorousSoul,Flamethrower,Protect|||F|||50|,,,,,Fire]Kingambit||BlackGlasses|Defiant|KowtowCleave,SuckerPunch,SwordsDance,Protect|||M|||50|,,,,,Dark]Basculegion||ChoiceScarf|Adaptability|WaveCrash,LastRespects,FlipTurn,TeraBlast|||M|||50|,,,,,Fighting
|inactive|Battle timer is ON: inactive players will automatically lose when time's up. (requested by b1kope)
|inactive|Maybe ALTcom has 60 seconds left.
|inactive|Maybe ALTcom has 30 seconds left.
|
|t:|1756515101
|teamsize|p1|4
|teamsize|p2|4
|start
|switch|p1a: Gholdengo|Gholdengo, L50|100/100
|switch|p1b: Talonflame|Talonflame, L50, F|100/100
|switch|p2a: Kingambit|Kingambit, L50, M|100/100
|switch|p2b: Magmar|Magmar, L50, M|100/100
|turn|1
|inactive|Maybe ALTcom has 30 seconds left.
|inactive|Maybe ALTcom has 20 seconds left.
|
|t:|1756515139
|switch|p1a: Annihilape|Annihilape, L50, F|100/100
|move|p2b: Magmar|Follow Me|p2b: Magmar
|-singleturn|p2b: Magmar|move: Follow Me
|move|p1b: Talonflame|Taunt|p2b: Magmar
|-start|p2b: Magmar|move: Taunt
|move|p2a: Kingambit|Swords Dance|p2a: Kingambit
|-boost|p2a: Kingambit|atk|2
|
|upkeep
|turn|2
|
|t:|1756515159
|-terastallize|p2a: Kingambit|Dark
|move|p2a: Kingambit|Sucker Punch||[still]
|-fail|p2a: Kingambit
|move|p1b: Talonflame|Will-O-Wisp|p2a: Kingambit
|-status|p2a: Kingambit|brn
|move|p2b: Magmar|Clear Smog|p1a: Annihilape
|-resisted|p1a: Annihilape
|-damage|p1a: Annihilape|95/100
|-clearboost|p1a: Annihilape
|move|p1a: Annihilape|Bulk Up|p1a: Annihilape
|-boost|p1a: Annihilape|atk|1
|-boost|p1a: Annihilape|def|1
|
|-heal|p1a: Annihilape|100/100|[from] item: Leftovers
|-damage|p2a: Kingambit|95/100 brn|[from] brn
|upkeep
|turn|3
|c|☆Maybe ALTcom|fuck this shit
|n|‽Maybe ALTcom|maybealtcom
|c|~|/log Maybe ALTcom was locked from talking by Artemis for a week. (☆Maybe ALTcom: fuck this shit)
|c|~|/raw This action was done automatically. Want to learn more about the AI? Visit the information thread.
|
|t:|1756515174
|move|p1a: Annihilape|Protect|p1a: Annihilape
|-singleturn|p1a: Annihilape|Protect
|move|p1b: Talonflame|Taunt|p2a: Kingambit
|-start|p2a: Kingambit|move: Taunt
|move|p2b: Magmar|Clear Smog|p1a: Annihilape
|-activate|p1a: Annihilape|move: Protect
|cant|p2a: Kingambit|move: Taunt|Swords Dance
|
|-damage|p2a: Kingambit|89/100 brn|[from] brn
|upkeep
|turn|4
|
|t:|1756515195
|move|p1b: Talonflame|Brave Bird|p2a: Kingambit
|-damage|p2a: Kingambit|57/100 brn
|-damage|p1b: Talonflame|86/100|[from] Recoil
|move|p2b: Magmar|Clear Smog|p1a: Annihilape
|-resisted|p1a: Annihilape
|-damage|p1a: Annihilape|96/100
|-clearboost|p1a: Annihilape
|move|p1a: Annihilape|Drain Punch|p2a: Kingambit
|-supereffective|p2a: Kingambit
|-damage|p2a: Kingambit|1/100 brn
|-heal|p1a: Annihilape|100/100|[from] drain|[of] p2a: Kingambit
|move|p2a: Kingambit|Kowtow Cleave|p1a: Annihilape
|-damage|p1a: Annihilape|19/100
|
|-heal|p1a: Annihilape|25/100|[from] item: Leftovers
|-damage|p2a: Kingambit|0 fnt|[from] brn
|faint|p2a: Kingambit
|-end|p2b: Magmar|move: Taunt
|upkeep
|inactive|Maybe ALTcom has 30 seconds left.
|
|t:|1756515227
|switch|p2a: Ninetales|Ninetales-Alola, L50, M|100/100
|-weather|Snowscape|[from] ability: Snow Warning|[of] p2a: Ninetales
|turn|5
|
|t:|1756515246
|-terastallize|p1a: Annihilape|Fire
|move|p1b: Talonflame|Tailwind|p1b: Talonflame
|-sidestart|p1: b1kope|move: Tailwind
|move|p1a: Annihilape|Rage Fist|p2b: Magmar
|-damage|p2b: Magmar|30/100
|move|p2a: Ninetales|Blizzard|p1b: Talonflame|[spread] p1a,p1b
|-resisted|p1a: Annihilape
|-damage|p1a: Annihilape|12/100
|-damage|p1b: Talonflame|42/100
|move|p2b: Magmar|Flamethrower|p1a: Annihilape
|-resisted|p1a: Annihilape
|-damage|p1a: Annihilape|0 fnt
|faint|p1a: Annihilape
|
|-weather|Snowscape|[upkeep]
|upkeep
|
|t:|1756515255
|switch|p1a: Gholdengo|Gholdengo, L50|100/100
|turn|6
|inactive|Maybe ALTcom has 30 seconds left.
|inactive|Maybe ALTcom has 20 seconds left.
|inactive|Maybe ALTcom has 15 seconds left.
|
|t:|1756515296
|move|p2a: Ninetales|Protect|p2a: Ninetales
|-singleturn|p2a: Ninetales|Protect
|move|p2b: Magmar|Protect|p2b: Magmar
|-singleturn|p2b: Magmar|Protect
|move|p1b: Talonflame|Brave Bird|p2a: Ninetales
|-activate|p2a: Ninetales|move: Protect
|move|p1a: Gholdengo|Make It Rain|p2b: Magmar|[spread] 
|-activate|p2a: Ninetales|move: Protect
|-activate|p2b: Magmar|move: Protect
|
|-weather|Snowscape|[upkeep]
|upkeep
|turn|7
|inactive|Maybe ALTcom has 30 seconds left.
|
|t:|1756515329
|move|p1b: Talonflame|Brave Bird|p2a: Ninetales
|-damage|p2a: Ninetales|54/100
|-damage|p1b: Talonflame|27/100|[from] Recoil
|move|p1a: Gholdengo|Make It Rain|p2a: Ninetales|[spread] p2a,p2b
|-supereffective|p2a: Ninetales
|-resisted|p2b: Magmar
|-damage|p2a: Ninetales|0 fnt
|-damage|p2b: Magmar|6/100
|-unboost|p1a: Gholdengo|spa|1
|faint|p2a: Ninetales
|move|p2b: Magmar|Flamethrower|p1a: Gholdengo
|-supereffective|p1a: Gholdengo
|-damage|p1a: Gholdengo|26/100
|
|-weather|Snowscape|[upkeep]
|upkeep
|
|t:|1756515332
|switch|p2a: Rillaboom|Rillaboom, L50, M|100/100
|-fieldstart|move: Grassy Terrain|[from] ability: Grassy Surge|[of] p2a: Rillaboom
|turn|8
|
|t:|1756515350
|switch|p1b: Gastrodon|Gastrodon, L50, M|100/100
|move|p2b: Magmar|Follow Me|p2b: Magmar
|-singleturn|p2b: Magmar|move: Follow Me
|move|p1a: Gholdengo|Make It Rain|p2a: Rillaboom|[spread] p2a,p2b
|-resisted|p2b: Magmar
|-damage|p2a: Rillaboom|65/100
|-damage|p2b: Magmar|0 fnt
|-unboost|p1a: Gholdengo|spa|1
|faint|p2b: Magmar
|move|p2a: Rillaboom|Wood Hammer|p1b: Gastrodon
|-supereffective|p1b: Gastrodon
|-damage|p1b: Gastrodon|0 fnt
|faint|p1b: Gastrodon
|-damage|p2a: Rillaboom|29/100|[from] Recoil
|
|-weather|Snowscape|[upkeep]
|-heal|p1a: Gholdengo|33/100|[from] Grassy Terrain
|-heal|p2a: Rillaboom|35/100|[from] Grassy Terrain
|-sideend|p1: b1kope|move: Tailwind
|upkeep
|
|t:|1756515353
|switch|p1b: Talonflame|Talonflame, L50, F|27/100
|turn|9
|
|t:|1756515365
|move|p1b: Talonflame|Brave Bird|p2a: Rillaboom
|-supereffective|p2a: Rillaboom
|-damage|p2a: Rillaboom|0 fnt
|faint|p2a: Rillaboom
|-damage|p1b: Talonflame|13/100|[from] Recoil
|
|win|b1kope
