|j|☆isam2910
|html|Yishopisam2910    
|uhtml|bestof|Game 2 of a best-of-3
|t:|1783256789
|gametype|doubles
|player|p1|Yishop|lance|
|player|p2|isam2910|2|
|gen|9
|tier|[Gen 9 Champions] VGC 2026 Reg M-B (Bo3)
|rule|Species Clause: Limit one of each Pokémon
|rule|Item Clause: Limit 1 of each item
|clearpoke
|poke|p1|Metagross, L50|
|poke|p1|Zoroark-Hisui, L50, M|
|poke|p1|Basculegion-F, L50, F|
|poke|p1|Chandelure, L50, F|
|poke|p1|Crabominable, L50, M|
|poke|p1|Froslass, L50, F|
|poke|p2|Incineroar, L50, F|
|poke|p2|Staraptor, L50, M|
|poke|p2|Whimsicott, L50, M|
|poke|p2|Archaludon, L50, F|
|poke|p2|Hydrapple, L50, M|
|poke|p2|Vaporeon, L50, M|
|teampreview|4
|showteam|p1|Metagross||Metagrossite|ClearBody|BodyPress,BulletPunch,MeteorMash,ThunderPunch|Jolly|||||50|]Zoroark-Hisui||ExpertBelt|Illusion|BitterMalice,DarkPulse,Protect,CalmMind|Timid||M|||50|]Basculegion-F||ChoiceScarf|Adaptability|FlipTurn,LastRespects,IceFang,WaveCrash|Jolly||F|||50|]Chandelure||Leftovers|FlashFire|HeatWave,DarkPulse,CalmMind,Protect|Timid||F|||50|]Crabominable||LifeOrb|IronFist|WideGuard,IceHammer,CloseCombat,Protect|Adamant||M|||50|]Froslass||Froslassite|SnowCloak|AuroraVeil,Blizzard,NastyPlot,DestinyBond|Timid||F|||50|
|showteam|p2|Incineroar||SitrusBerry|Intimidate|FakeOut,FlareBlitz,WillOWisp,PartingShot|Careful||F|||50|]Staraptor||Staraptite|Intimidate|CloseCombat,BraveBird,Protect,Roost|Jolly||M|||50|]Whimsicott||FocusSash|Prankster|BeatUp,Moonblast,Encore,Protect|Serious||M|||50|]Archaludon||BlackGlasses|Stamina|FlashCannon,Snarl,StealthRock,DarkPulse|Bold||F|||50|]Hydrapple||YacheBerry|Regenerator|GigaDrain,DracoMeteor,EarthPower,FickleBeam|Calm||M|||50|]Vaporeon||Leftovers|WaterAbsorb|FlipTurn,Scald,Roar,Protect|Bold||M|||50|
|j| Zain37
|j| SC7PLAYZZ
|j| Riri 82
|j|☆Yishop
|player|p1|Yishop|lance|
|
|t:|1783256835
|teamsize|p1|4
|teamsize|p2|4
|start
|switch|p1a: sMASH|Crabominable, L50, M|100/100
|switch|p1b: Bashed Potats|Metagross, L50|100/100
|switch|p2a: Vaporeon|Vaporeon, L50, M|100/100
|switch|p2b: Archaludon|Archaludon, L50, F|100/100
|turn|1
|
|t:|1783256884
|move|p1a: sMASH|Calm Mind|p1a: sMASH
|-boost|p1a: sMASH|spa|1
|-boost|p1a: sMASH|spd|1
|move|p1b: Bashed Potats|Thunder Punch|p2a: Vaporeon
|-supereffective|p2a: Vaporeon|1
|-damage|p2a: Vaporeon|57/100
|move|p2b: Archaludon|Dark Pulse|p1b: Bashed Potats
|-supereffective|p1b: Bashed Potats|1
|-damage|p1b: Bashed Potats|36/100
|move|p2a: Vaporeon|Roar|p1a: sMASH
|drag|p1a: Froslass|Froslass, L50, F|100/100
|
|-heal|p2a: Vaporeon|63/100|[from] item: Leftovers
|upkeep
|turn|2
|
|t:|1783256924
|switch|p1a: sMASH|Crabominable, L50, M|100/100
|move|p1b: Bashed Potats|Body Press|p2b: Archaludon
|-supereffective|p2b: Archaludon|1
|-damage|p2b: Archaludon|74/100
|-ability|p2b: Archaludon|Stamina|boost
|-boost|p2b: Archaludon|def|1
|move|p2b: Archaludon|Dark Pulse|p1b: Bashed Potats
|-supereffective|p1b: Bashed Potats|1
|-damage|p1b: Bashed Potats|0 fnt
|faint|p1b: Bashed Potats
|move|p2a: Vaporeon|Flip Turn|p1a: sMASH
|-damage|p1a: sMASH|69/100
|replace|p1a: IT WAS ME|Zoroark-Hisui, L50, M
|-end|p1a: IT WAS ME|Illusion
|
|t:|1783256939
|switch|p2a: Incineroar|Incineroar, L50, F|100/100|[from] Flip Turn
|-ability|p2a: Incineroar|Intimidate|boost
|-unboost|p1a: IT WAS ME|atk|1
|
|upkeep
|
|t:|1783256947
|switch|p1b: sMASH|Crabominable, L50, M|100/100
|turn|3
|
|t:|1783256975
|switch|p1a: Froslass|Froslass, L50, F|100/100
|move|p1b: sMASH|Protect|p1b: sMASH
|-singleturn|p1b: sMASH|Protect
|move|p2a: Incineroar|Fake Out|p1b: sMASH
|-activate|p1b: sMASH|move: Protect
|move|p2b: Archaludon|Dark Pulse|p1a: Froslass
|-supereffective|p1a: Froslass|1
|-damage|p1a: Froslass|18/100
|
|upkeep
|turn|4
|
|t:|1783257000
|detailschange|p1a: Froslass|Froslass-Mega, L50, F
|-mega|p1a: Froslass|Froslass|Froslassite
|-weather|Snowscape|[from] ability: Snow Warning|[of] p1a: Froslass
|move|p1a: Froslass|Destiny Bond|p1a: Froslass
|-singlemove|p1a: Froslass|Destiny Bond
|move|p2b: Archaludon|Snarl|p1b: sMASH|[spread] p1a,p1b
|-supereffective|p1a: Froslass|1
|-resisted|p1b: sMASH|1
|-damage|p1a: Froslass|0 fnt
|-damage|p1b: sMASH|91/100
|-unboost|p1b: sMASH|spa|1
|faint|p1a: Froslass
|-activate|p1a: Froslass|move: Destiny Bond
|faint|p2b: Archaludon
|move|p2a: Incineroar|Flare Blitz|p1b: sMASH
|-supereffective|p1b: sMASH|1
|-damage|p1b: sMASH|23/100
|-damage|p2a: Incineroar|77/100|[from] Recoil
|move|p1b: sMASH|Close Combat|p2a: Incineroar
|-supereffective|p2a: Incineroar|1
|-damage|p2a: Incineroar|0 fnt
|-unboost|p1b: sMASH|def|1
|-unboost|p1b: sMASH|spd|1
|faint|p2a: Incineroar
|-damage|p1b: sMASH|13/100|[from] item: Life Orb
|
|-weather|Snowscape|[upkeep]
|upkeep
|
|t:|1783257022
|switch|p1a: sMASH|Crabominable, L50, M|69/100
|switch|p2b: Vaporeon|Vaporeon, L50, M|63/100
|switch|p2a: Staraptor|Staraptor, L50, M|100/100
|-ability|p2a: Staraptor|Intimidate|boost
|-unboost|p1a: sMASH|atk|1
|-unboost|p1b: sMASH|atk|1
|turn|5
|
|t:|1783257052
|detailschange|p2a: Staraptor|Staraptor-Mega, L50, M
|-mega|p2a: Staraptor|Staraptor|Staraptite
|move|p1b: sMASH|Protect|p1b: sMASH
|-singleturn|p1b: sMASH|Protect
|move|p1a: sMASH|Dark Pulse|p2b: Vaporeon
|-damage|p2b: Vaporeon|40/100
|move|p2a: Staraptor|Close Combat|p1b: sMASH
|-activate|p1b: sMASH|move: Protect
|move|p2b: Vaporeon|Scald|p1a: sMASH
|-damage|p1a: sMASH|12/100
|replace|p1a: IT WAS ME|Zoroark-Hisui, L50, M
|-end|p1a: IT WAS ME|Illusion
|
|-weather|Snowscape|[upkeep]
|-heal|p2b: Vaporeon|46/100|[from] item: Leftovers
|upkeep
|turn|6
|
|t:|1783257078
|move|p2a: Staraptor|Close Combat|p1b: sMASH
|-supereffective|p1b: sMASH|1
|-damage|p1b: sMASH|0 fnt
|-boost|p2a: Staraptor|def|1
|-boost|p2a: Staraptor|spd|1
|faint|p1b: sMASH
|move|p1a: IT WAS ME|Bitter Malice|p2a: Staraptor
|-damage|p2a: Staraptor|70/100
|-boost|p2a: Staraptor|atk|1
|move|p2b: Vaporeon|Scald|p1a: IT WAS ME
|-damage|p1a: IT WAS ME|0 fnt
|faint|p1a: IT WAS ME
|
|win|isam2910
||Yishop is ready for game 3.
|inactive|isam2910 has 30 seconds to confirm battle start!
