|j|☆andiom123
|j|☆Big6mybeloved
|html|andiom123Big6mybeloved    
|uhtml|bestof|Game 2 of a best-of-3
|t:|1785869229
|gametype|doubles
|player|p1|andiom123|red|1235
|player|p2|Big6mybeloved|266|1265
|gen|9
|tier|[Gen 9 Champions] VGC 2026 Reg M-B (Bo3)
|rated|
|rule|Species Clause: Limit one of each Pokémon
|rule|Item Clause: Limit 1 of each item
|clearpoke
|poke|p1|Incineroar, L50, M|
|poke|p1|Farigiraf, L50, F|
|poke|p1|Sylveon, L50, M|
|poke|p1|Torkoal, L50, F|
|poke|p1|Kangaskhan, L50, F|
|poke|p1|Mudsdale, L50, F|
|poke|p2|Whimsicott, L50, M, shiny|
|poke|p2|Garchomp, L50, M|
|poke|p2|Basculegion, L50, M|
|poke|p2|Charizard, L50, M|
|poke|p2|Floette-Eternal, L50, F|
|poke|p2|Kingambit, L50, M|
|teampreview|4
|showteam|p1|Incineroar||MuscleBand|Intimidate|ThroatChop,FlareBlitz,FakeOut,PartingShot|Brave||M|||50|]Farigiraf||SitrusBerry|ArmorTail|FoulPlay,PsychicNoise,TrickRoom,HelpingHand|Relaxed||F|||50|]Sylveon||FairyFeather|Pixilate|HyperVoice,HyperBeam,Yawn,Detect|Modest||M|||50|]Torkoal||Charcoal|Drought|Eruption,EarthPower,Flamethrower,Protect|Quiet||F|||50|]Kangaskhan||Kangaskhanite|Scrappy|DoubleEdge,FakeOut,IcePunch,HammerArm|Brave||F|||50|]Mudsdale||LifeOrb|InnerFocus|HighHorsepower,Earthquake,RockSlide,HeavySlam|Brave||F|||50|
|showteam|p2|Whimsicott||FocusSash|Prankster|Protect,Tailwind,Encore,Moonblast|Timid||M|||50|]Garchomp||LifeOrb|RoughSkin|Protect,RockSlide,Earthquake,DragonClaw|Jolly||M|||50|]Basculegion||MysticWater|Adaptability|Protect,WaveCrash,LastRespects,AquaJet|Adamant||M|||50|]Charizard||CharizarditeY|Blaze|Protect,HeatWave,WeatherBall,SolarBeam|Modest||M|||50|]Floette-Eternal||Floettite|FlowerVeil|Protect,LightofRuin,DazzlingGleam,Moonblast|Modest||F|||50|]Kingambit||ChopleBerry|Defiant|LowKick,SuckerPunch,KowtowCleave,IronHead|Adamant||M|||50|
|inactive|Battle timer is ON: inactive players will automatically lose when time's up. (requested by Big6mybeloved)
|
|t:|1785869250
|teamsize|p1|4
|teamsize|p2|4
|start
|switch|p1a: Farigiraf|Farigiraf, L50, F|100/100
|switch|p1b: Kangaskhan|Kangaskhan, L50, F|100/100
|switch|p2a: Kingambit|Kingambit, L50, M|100/100
|switch|p2b: Charizard|Charizard, L50, M|100/100
|turn|1
|
|t:|1785869271
|switch|p2a: Basculegion|Basculegion, L50, M|100/100
|detailschange|p2b: Charizard|Charizard-Mega-Y, L50, M
|-mega|p2b: Charizard|Charizard|Charizardite Y
|-weather|SunnyDay|[from] ability: Drought|[of] p2b: Charizard
|detailschange|p1b: Kangaskhan|Kangaskhan-Mega, L50, F
|-mega|p1b: Kangaskhan|Kangaskhan|Kangaskhanite
|move|p1b: Kangaskhan|Fake Out|p2b: Charizard
|-damage|p2b: Charizard|79/100
|-damage|p2b: Charizard|73/100
|-hitcount|p2b: Charizard|2
|cant|p2b: Charizard|flinch
|move|p1a: Farigiraf|Trick Room|p1a: Farigiraf
|-fieldstart|move: Trick Room|[of] p1a: Farigiraf
|
|-weather|SunnyDay|[upkeep]
|upkeep
|turn|2
|
|t:|1785869288
|move|p2b: Charizard|Protect|p2b: Charizard
|-singleturn|p2b: Charizard|Protect
|move|p1a: Farigiraf|Foul Play|p2a: Basculegion
|-supereffective|p2a: Basculegion|1
|-damage|p2a: Basculegion|21/100
|move|p1b: Kangaskhan|Double-Edge|p2b: Charizard
|-activate|p2b: Charizard|move: Protect
|move|p2a: Basculegion|Wave Crash|p1b: Kangaskhan
|-damage|p1b: Kangaskhan|57/100
|-damage|p2a: Basculegion|5/100|[from] Recoil
|
|-weather|SunnyDay|[upkeep]
|upkeep
|turn|3
|inactive|andiom123 has 30 seconds left.
|
|t:|1785869321
|switch|p2b: Kingambit|Kingambit, L50, M|100/100
|move|p2a: Basculegion|Protect|p2a: Basculegion
|-singleturn|p2a: Basculegion|Protect
|move|p1a: Farigiraf|Foul Play|p2b: Kingambit
|-resisted|p2b: Kingambit|1
|-damage|p2b: Kingambit|86/100
|move|p1b: Kangaskhan|Double-Edge|p2b: Kingambit
|-resisted|p2b: Kingambit|1
|-damage|p2b: Kingambit|59/100
|-resisted|p2b: Kingambit|1
|-damage|p2b: Kingambit|54/100
|-hitcount|p2b: Kingambit|2
|-damage|p1b: Kangaskhan|47/100|[from] Recoil
|
|-weather|SunnyDay|[upkeep]
|upkeep
|turn|4
|inactive|andiom123 has 30 seconds left.
|
|t:|1785869356
|switch|p1b: Mudsdale|Mudsdale, L50, F|100/100
|move|p2b: Kingambit|Low Kick|p1b: Mudsdale
|-damage|p1b: Mudsdale|60/100
|move|p1a: Farigiraf|Foul Play|p2a: Basculegion
|-supereffective|p2a: Basculegion|1
|-damage|p2a: Basculegion|0 fnt
|faint|p2a: Basculegion
|
|-weather|SunnyDay|[upkeep]
|upkeep
|
|t:|1785869368
|switch|p2a: Garchomp|Garchomp, L50, M|100/100
|turn|5
|inactive|andiom123 has 30 seconds left.
|inactive|andiom123 has 20 seconds left.
|inactive|andiom123 has 15 seconds left.
|
|t:|1785869409
|switch|p2b: Charizard|Charizard-Mega-Y, L50, M|73/100
|switch|p1a: Sylveon|Sylveon, L50, M|100/100
|move|p1b: Mudsdale|Rock Slide|p2a: Garchomp|[spread] p2a,p2b
|-resisted|p2a: Garchomp|1
|-supereffective|p2b: Charizard|2
|-damage|p2a: Garchomp|87/100
|-damage|p2b: Charizard|0 fnt
|faint|p2b: Charizard
|-damage|p1b: Mudsdale|51/100|[from] item: Life Orb
|cant|p2a: Garchomp|flinch
|
|-weather|none
|-fieldend|move: Trick Room
|upkeep
|
|t:|1785869417
|switch|p2b: Kingambit|Kingambit, L50, M|54/100
|turn|6
|
|t:|1785869434
|move|p2a: Garchomp|Dragon Claw|p1b: Mudsdale
|-damage|p1b: Mudsdale|5/100
|-damage|p2a: Garchomp|78/100|[from] item: Life Orb
|move|p1a: Sylveon|Hyper Voice|p2a: Garchomp|[spread] p2a,p2b
|-supereffective|p2a: Garchomp|1
|-damage|p2a: Garchomp|0 fnt
|-damage|p2b: Kingambit|14/100
|faint|p2a: Garchomp
|move|p2b: Kingambit|Iron Head|p1a: Sylveon
|-supereffective|p1a: Sylveon|1
|-damage|p1a: Sylveon|4/100
|move|p1b: Mudsdale|High Horsepower|p2b: Kingambit
|-supereffective|p2b: Kingambit|1
|-damage|p2b: Kingambit|0 fnt
|faint|p2b: Kingambit
|-damage|p1b: Mudsdale|0 fnt|[from] item: Life Orb
|faint|p1b: Mudsdale
|
|win|andiom123
||Big6mybeloved is ready for game 3.
|inactive|andiom123 has 30 seconds to confirm battle start!
||andiom123 is ready for game 3.
|uhtml|next|Next: Game 3 of 3
