|j|☆ultraclaw1
|j|☆breloomb01
|html|ultraclaw1breloomb01    
|uhtml|bestof|Game 2 of a best-of-3
|t:|1785865650
|gametype|doubles
|player|p1|ultraclaw1|brycenman|1383
|player|p2|breloomb01|roughneck|1278
|gen|9
|tier|[Gen 9 Champions] VGC 2026 Reg M-B (Bo3)
|rated|
|rule|Species Clause: Limit one of each Pokémon
|rule|Item Clause: Limit 1 of each item
|clearpoke
|poke|p1|Maushold, L50|
|poke|p1|Kingambit, L50, F|
|poke|p1|Garchomp, L50, M|
|poke|p1|Basculegion, L50, M|
|poke|p1|Talonflame, L50, F|
|poke|p1|Floette-Eternal, L50, F|
|poke|p2|Floette-Eternal, L50, F|
|poke|p2|Incineroar, L50, M|
|poke|p2|Sinistcha, L50|
|poke|p2|Garchomp, L50, F|
|poke|p2|Sneasler, L50, F|
|poke|p2|Rotom-Wash, L50|
|teampreview|4
|showteam|p1|Maushold||FocusSash|FriendGuard|SuperFang,Taunt,FollowMe,Protect|Timid|||||50|]Kingambit||ChopleBerry|Defiant|KowtowCleave,SuckerPunch,LowKick,IronHead|Adamant||F|||50|]Garchomp||LifeOrb|RoughSkin|RockSlide,Earthquake,DragonClaw,Protect|Jolly||M|||50|]Basculegion||MysticWater|Adaptability|WaveCrash,LastRespects,AquaJet,Protect|Adamant||M|||50|]Talonflame||SharpBeak|GaleWings|QuickGuard,DualWingbeat,Tailwind,Protect|Jolly||F|||50|]Floette-Eternal||Floettite|FlowerVeil|LightofRuin,Protect,Moonblast,DazzlingGleam|Modest||F|||50|
|showteam|p2|Floette-Eternal||Floettite|FlowerVeil|DrainingKiss,DazzlingGleam,CalmMind,Protect|Modest||F|||50|]Incineroar||SitrusBerry|Intimidate|FakeOut,FlareBlitz,ThroatChop,PartingShot|Careful||M|||50|]Sinistcha||KasibBerry|Hospitality|Protect,RagePowder,MatchaGotcha,TrickRoom|Calm|||||50|]Garchomp||LifeOrb|RoughSkin|Earthquake,DragonClaw,RockSlide,Protect|Jolly||F|||50|]Sneasler||WhiteHerb|Unburden|FakeOut,DireClaw,CloseCombat,Protect|Jolly||F|||50|]Rotom-Wash||Leftovers|Levitate|HydroPump,Protect,WillOWisp,Electroweb|Bold|||||50|
|inactive|Battle timer is ON: inactive players will automatically lose when time's up. (requested by ultraclaw1)
|
|t:|1785865661
|teamsize|p1|4
|teamsize|p2|4
|start
|switch|p1a: Floette|Floette-Eternal, L50, F|100/100
|switch|p1b: Talonflame|Talonflame, L50, F|100/100
|switch|p2a: Sneasler|Sneasler, L50, F|100/100
|switch|p2b: Rotom|Rotom-Wash, L50|100/100
|turn|1
|inactive|ultraclaw1 has 30 seconds left.
|
|t:|1785865689
|switch|p2b: Incineroar|Incineroar, L50, M|100/100
|-ability|p2b: Incineroar|Intimidate|boost
|-unboost|p1a: Floette|atk|1
|-unboost|p1b: Talonflame|atk|1
|detailschange|p1a: Floette|Floette-Mega, L50, F
|-mega|p1a: Floette|Floette|Floettite
|-ability|p1a: Floette|Fairy Aura
|move|p1b: Talonflame|Dual Wingbeat|p2a: Sneasler
|-supereffective|p2a: Sneasler|1
|-damage|p2a: Sneasler|54/100
|-supereffective|p2a: Sneasler|1
|-damage|p2a: Sneasler|7/100
|-hitcount|p2a: Sneasler|2
|move|p2a: Sneasler|Dire Claw|p1a: Floette
|-supereffective|p1a: Floette|1
|-damage|p1a: Floette|3/100
|move|p1a: Floette|Light of Ruin|p2b: Incineroar
|-damage|p2b: Incineroar|10/100
|-enditem|p2b: Incineroar|Sitrus Berry|[eat]
|-heal|p2b: Incineroar|35/100|[from] item: Sitrus Berry
|-damage|p1a: Floette|0 fnt|[from] Recoil
|faint|p1a: Floette
|
|upkeep
|
|t:|1785865692
|switch|p1a: Garchomp|Garchomp, L50, M|100/100
|turn|2
|
|t:|1785865709
|switch|p2b: Rotom|Rotom-Wash, L50|100/100
|move|p2a: Sneasler|Protect|p2a: Sneasler
|-singleturn|p2a: Sneasler|Protect
|move|p1b: Talonflame|Quick Guard|p1b: Talonflame
|-singleturn|p1b: Talonflame|Quick Guard
|move|p1a: Garchomp|Earthquake|p2b: Rotom|[spread] 
|-activate|p2a: Sneasler|move: Protect
|-immune|p1b: Talonflame
|-immune|p2b: Rotom|[from] ability: Levitate
|
|upkeep
|turn|3
|
|t:|1785865714
|switch|p2a: Incineroar|Incineroar, L50, M|35/100
|-ability|p2a: Incineroar|Intimidate|boost
|-unboost|p1a: Garchomp|atk|1
|-unboost|p1b: Talonflame|atk|1
|switch|p1a: Basculegion|Basculegion, L50, M|100/100
|move|p1b: Talonflame|Dual Wingbeat|p2a: Incineroar|[miss]
|-miss|p1b: Talonflame|p2a: Incineroar
|move|p2b: Rotom|Will-O-Wisp|p1a: Basculegion
|-status|p1a: Basculegion|brn
|
|-damage|p1a: Basculegion|93/100 brn|[from] brn
|upkeep
|turn|4
|
|t:|1785865724
|move|p1b: Talonflame|Protect|p1b: Talonflame
|-singleturn|p1b: Talonflame|Protect
|move|p1a: Basculegion|Wave Crash|p2a: Incineroar
|-supereffective|p2a: Incineroar|1
|-damage|p2a: Incineroar|0 fnt
|faint|p2a: Incineroar
|-damage|p1a: Basculegion|81/100 brn|[from] Recoil
|move|p2b: Rotom|Electroweb|p1a: Basculegion|[spread] p1a
|-activate|p1b: Talonflame|move: Protect
|-supereffective|p1a: Basculegion|1
|-damage|p1a: Basculegion|44/100 brn
|-unboost|p1a: Basculegion|spe|1
|
|-damage|p1a: Basculegion|38/100 brn|[from] brn
|upkeep
|
|t:|1785865729
|switch|p2a: Floette|Floette-Eternal, L50, F|100/100
|turn|5
|
|t:|1785865731
|move|p1b: Talonflame|Tailwind|p1b: Talonflame
|-sidestart|p1: ultraclaw1|move: Tailwind
|move|p1a: Basculegion|Wave Crash|p2a: Floette
|-damage|p2a: Floette|34/100
|-damage|p1a: Basculegion|18/100 brn|[from] Recoil
|move|p2a: Floette|Calm Mind|p2a: Floette
|-boost|p2a: Floette|spa|1
|-boost|p2a: Floette|spd|1
|move|p2b: Rotom|Electroweb|p1a: Basculegion|[spread] p1b
|-miss|p2b: Rotom|p1a: Basculegion
|-supereffective|p1b: Talonflame|1
|-damage|p1b: Talonflame|56/100
|-unboost|p1b: Talonflame|spe|1
|
|-damage|p1a: Basculegion|12/100 brn|[from] brn
|upkeep
|turn|6
|
|t:|1785865742
|move|p2a: Floette|Protect|p2a: Floette
|-singleturn|p2a: Floette|Protect
|move|p1b: Talonflame|Dual Wingbeat|p2a: Floette
|-activate|p2a: Floette|move: Protect
|move|p1a: Basculegion|Last Respects|p2b: Rotom
|-damage|p2b: Rotom|69/100
|move|p2b: Rotom|Electroweb|p1a: Basculegion|[spread] p1a,p1b
|-supereffective|p1a: Basculegion|1
|-supereffective|p1b: Talonflame|1
|-damage|p1a: Basculegion|0 fnt
|-damage|p1b: Talonflame|12/100
|-unboost|p1b: Talonflame|spe|1
|faint|p1a: Basculegion
|
|-heal|p2b: Rotom|75/100|[from] item: Leftovers
|upkeep
|
|t:|1785865747
|switch|p1a: Garchomp|Garchomp, L50, M|100/100
|turn|7
|
|t:|1785865759
|detailschange|p2a: Floette|Floette-Mega, L50, F
|-mega|p2a: Floette|Floette|Floettite
|-ability|p2a: Floette|Fairy Aura
|move|p1a: Garchomp|Dragon Claw|p2b: Rotom
|-damage|p2b: Rotom|27/100
|-damage|p1a: Garchomp|90/100|[from] item: Life Orb
|move|p1b: Talonflame|Dual Wingbeat|p2a: Floette
|-damage|p2a: Floette|24/100
|-damage|p2a: Floette|14/100
|-hitcount|p2a: Floette|2
|move|p2a: Floette|Draining Kiss|p1a: Garchomp
|-supereffective|p1a: Garchomp|1
|-damage|p1a: Garchomp|0 fnt
|-heal|p2a: Floette|83/100|[from] drain|[of] p1a: Garchomp
|-damage|p2a: Floette|71/100|[from] ability: Rough Skin|[of] p1a: Garchomp
|faint|p1a: Garchomp
|move|p2b: Rotom|Will-O-Wisp|p1b: Talonflame|[miss]
|-miss|p2b: Rotom|p1b: Talonflame
|
|-heal|p2b: Rotom|33/100|[from] item: Leftovers
|upkeep
|turn|8
|-message|ultraclaw1 forfeited.
|
|win|breloomb01
|l|☆ultraclaw1
|player|p1|
||ultraclaw1 is ready for game 3.
