|j|☆lukashz
|j|☆QueerCrocodile
|html|lukashzQueerCrocodile    
|uhtml|bestof|Game 2 of a best-of-3
|t:|1783320607
|gametype|doubles
|player|p1|lukashz|elesa|1345
|player|p2|QueerCrocodile|cynthia-gen4|1453
|gen|9
|tier|[Gen 9 Champions] VGC 2026 Reg M-B (Bo3)
|rated|
|rule|Species Clause: Limit one of each Pokémon
|rule|Item Clause: Limit 1 of each item
|clearpoke
|poke|p1|Chandelure, L50, M|
|poke|p1|Kangaskhan, L50, F|
|poke|p1|Wyrdeer, L50, M|
|poke|p1|Sylveon, L50, F|
|poke|p1|Kingambit, L50, F|
|poke|p1|Sneasler, L50, M|
|poke|p2|Charizard, L50, M|
|poke|p2|Whimsicott, L50, F, shiny|
|poke|p2|Garchomp, L50, M, shiny|
|poke|p2|Basculegion, L50, M|
|poke|p2|Sylveon, L50, M, shiny|
|poke|p2|Hydreigon, L50, F, shiny|
|teampreview|4
|showteam|p1|Chandelure||FocusSash|FlashFire|HeatWave,ShadowBall,TrickRoom,Taunt|Quiet||M|||50|]Kangaskhan||Kangaskhanite|InnerFocus|FakeOut,DoubleEdge,SuckerPunch,HammerArm|Brave||F|||50|]Wyrdeer||SitrusBerry|Intimidate|TrickRoom,HelpingHand,Thunderbolt,EnergyBall|Quiet||M|||50|]Sylveon||FairyFeather|Pixilate|HyperVoice,Protect,HyperBeam,QuickAttack|Quiet||F|||50|]Kingambit||BlackGlasses|Defiant|KowtowCleave,SuckerPunch,IronHead,Protect|Brave||F|||50|]Sneasler||WhiteHerb|Unburden|FakeOut,Coaching,CloseCombat,DireClaw|Jolly||M|||50|
|showteam|p2|Charizard||CharizarditeY|Blaze|HeatWave,WeatherBall,SolarBeam,Protect|Modest||M|||50|]Whimsicott||FocusSash|Prankster|Moonblast,Tailwind,Encore,Protect|Timid||F|||50|]Garchomp||LifeOrb|RoughSkin|DragonClaw,RockSlide,Earthquake,Protect|Jolly||M|||50|]Basculegion||SitrusBerry|Adaptability|WaveCrash,LastRespects,AquaJet,Protect|Jolly||M|||50|]Sylveon||FairyFeather|Pixilate|HyperVoice,HyperBeam,QuickAttack,Protect|Modest||M|||50|]Hydreigon||ChoiceScarf|Levitate|DarkPulse,Snarl,EarthPower,DracoMeteor|Modest||F|||50|
|inactive|Battle timer is ON: inactive players will automatically lose when time's up. (requested by QueerCrocodile)
|
|t:|1783320623
|teamsize|p1|4
|teamsize|p2|4
|start
|switch|p1a: Chandelure|Chandelure, L50, M|100/100
|switch|p1b: Kangaskhan|Kangaskhan, L50, F|100/100
|switch|p2a: Charizard|Charizard, L50, M|100/100
|switch|p2b: Garchomp|Garchomp, L50, M, shiny|100/100
|turn|1
|inactive|lukashz has 30 seconds left.
|inactive|lukashz has 20 seconds left.
|inactive|lukashz has 15 seconds left.
|inactive|lukashz has 10 seconds left.
|inactive|lukashz has 5 seconds left.
|
|t:|1783320673
|detailschange|p2a: Charizard|Charizard-Mega-Y, L50, M
|-mega|p2a: Charizard|Charizard|Charizardite Y
|-weather|SunnyDay|[from] ability: Drought|[of] p2a: Charizard
|move|p1b: Kangaskhan|Fake Out|p2b: Garchomp
|-damage|p2b: Garchomp|85/100
|-damage|p1b: Kangaskhan|87/100|[from] ability: Rough Skin|[of] p2b: Garchomp
|cant|p2b: Garchomp|flinch
|move|p2a: Charizard|Weather Ball|p1b: Kangaskhan
|-damage|p1b: Kangaskhan|0 fnt
|faint|p1b: Kangaskhan
|move|p1a: Chandelure|Trick Room|p1a: Chandelure
|-fieldstart|move: Trick Room|[of] p1a: Chandelure
|
|-weather|SunnyDay|[upkeep]
|upkeep
|
|t:|1783320684
|switch|p1b: Sylveon|Sylveon, L50, F|100/100
|turn|2
|
|t:|1783320689
|switch|p2b: Basculegion|Basculegion, L50, M|100/100
|move|p1b: Sylveon|Hyper Voice|p2b: Basculegion|[spread] p2a,p2b
|-resisted|p2a: Charizard|1
|-damage|p2a: Charizard|79/100
|-damage|p2b: Basculegion|46/100
|-enditem|p2b: Basculegion|Sitrus Berry|[eat]
|-heal|p2b: Basculegion|71/100|[from] item: Sitrus Berry
|move|p1a: Chandelure|Shadow Ball|p2a: Charizard
|-damage|p2a: Charizard|37/100
|-unboost|p2a: Charizard|spd|1
|move|p2a: Charizard|Weather Ball|p1b: Sylveon
|-damage|p1b: Sylveon|35/100
|
|-weather|SunnyDay|[upkeep]
|upkeep
|turn|3
|
|t:|1783320705
|move|p2a: Charizard|Protect|p2a: Charizard
|-singleturn|p2a: Charizard|Protect
|move|p2b: Basculegion|Aqua Jet|p1a: Chandelure
|-supereffective|p1a: Chandelure|1
|-damage|p1a: Chandelure|68/100
|move|p1b: Sylveon|Hyper Voice|p2b: Basculegion|[spread] p2b
|-activate|p2a: Charizard|move: Protect
|-damage|p2b: Basculegion|18/100
|move|p1a: Chandelure|Heat Wave|p2a: Charizard|[spread] p2b
|-activate|p2a: Charizard|move: Protect
|-resisted|p2b: Basculegion|1
|-damage|p2b: Basculegion|0 fnt
|faint|p2b: Basculegion
|
|-weather|SunnyDay|[upkeep]
|upkeep
|
|t:|1783320711
|switch|p2b: Sylveon|Sylveon, L50, M, shiny|100/100
|turn|4
|
|t:|1783320726
|move|p1b: Sylveon|Hyper Voice|p2a: Charizard|[spread] p2a,p2b
|-resisted|p2a: Charizard|1
|-crit|p2a: Charizard
|-damage|p2a: Charizard|0 fnt
|-damage|p2b: Sylveon|66/100
|faint|p2a: Charizard
|move|p2b: Sylveon|Hyper Voice|p1a: Chandelure|[spread] p1a,p1b
|-resisted|p1a: Chandelure|1
|-damage|p1a: Chandelure|41/100
|-damage|p1b: Sylveon|4/100
|move|p1a: Chandelure|Heat Wave|p2b: Sylveon
|-damage|p2b: Sylveon|2/100
|
|-weather|SunnyDay|[upkeep]
|upkeep
|
|t:|1783320731
|switch|p2a: Garchomp|Garchomp, L50, M, shiny|85/100
|turn|5
|
|t:|1783320739
|switch|p1a: Kingambit|Kingambit, L50, F|100/100
|move|p2b: Sylveon|Protect|p2b: Sylveon
|-singleturn|p2b: Sylveon|Protect
|move|p2a: Garchomp|Protect|p2a: Garchomp
|-singleturn|p2a: Garchomp|Protect
|move|p1b: Sylveon|Hyper Voice|p2b: Sylveon|[spread] 
|-activate|p2a: Garchomp|move: Protect
|-activate|p2b: Sylveon|move: Protect
|
|-weather|none
|-fieldend|move: Trick Room
|upkeep
|turn|6
|
|t:|1783320758
|move|p1b: Sylveon|Protect|p1b: Sylveon
|-singleturn|p1b: Sylveon|Protect
|move|p2b: Sylveon|Quick Attack|p1b: Sylveon
|-activate|p1b: Sylveon|move: Protect
|move|p2a: Garchomp|Earthquake|p1a: Kingambit|[spread] p2b,p1a
|-activate|p1b: Sylveon|move: Protect
|-supereffective|p1a: Kingambit|1
|-damage|p2b: Sylveon|0 fnt
|-damage|p1a: Kingambit|35/100
|faint|p2b: Sylveon
|-damage|p2a: Garchomp|75/100|[from] item: Life Orb
|move|p1a: Kingambit|Kowtow Cleave|p2a: Garchomp
|-damage|p2a: Garchomp|17/100
|-damage|p1a: Kingambit|23/100|[from] ability: Rough Skin|[of] p2a: Garchomp
|
|upkeep
|turn|7
|
|t:|1783320775
|move|p1b: Sylveon|Quick Attack|p2a: Garchomp
|-supereffective|p2a: Garchomp|1
|-damage|p2a: Garchomp|0 fnt
|-damage|p1b: Sylveon|0 fnt|[from] ability: Rough Skin|[of] p2a: Garchomp
|faint|p2a: Garchomp
|faint|p1b: Sylveon
|
|win|lukashz
|raw|lukashz's rating: 1345 → 1371(+26 for winning)
|raw|QueerCrocodile's rating: 1453 → 1427(-26 for losing)
|l|☆QueerCrocodile
|player|p2|
