|j|☆NootNoot096
|j|☆MaxwellBaker
|html|NootNoot096MaxwellBaker    
|uhtml|bestof|Game 1 of a best-of-3
|t:|1785265035
|gametype|doubles
|player|p1|NootNoot096|cynthia|1000
|player|p2|MaxwellBaker|102|1111
|gen|9
|tier|[Gen 9 Champions] VGC 2026 Reg M-B (Bo3)
|rated|
|rule|Species Clause: Limit one of each Pokémon
|rule|Item Clause: Limit 1 of each item
|clearpoke
|poke|p1|Sceptile, L50, M|
|poke|p1|Rotom-Heat, L50|
|poke|p1|Garchomp, L50, F|
|poke|p1|Floette-Eternal, L50, F|
|poke|p1|Basculegion, L50, M|
|poke|p1|Aerodactyl, L50, F|
|poke|p2|Decidueye-Hisui, L50, F|
|poke|p2|Florges, L50, F|
|poke|p2|Raichu, L50, M|
|poke|p2|Incineroar, L50, F|
|poke|p2|Aerodactyl, L50, F|
|poke|p2|Milotic, L50, M|
|teampreview|4
|showteam|p1|Sceptile||Sceptilite|Unburden|GrassKnot,Detect,EarthPower,DragonPulse|Modest||M|||50|]Rotom-Heat||ChoiceScarf|Levitate|VoltSwitch,Discharge,Overheat,Thunderbolt|Modest|||||50|]Garchomp||LifeOrb|RoughSkin|DragonClaw,Earthquake,RockSlide,Protect|Jolly||F|||50|]Floette-Eternal||Floettite|FlowerVeil|LightofRuin,Moonblast,DazzlingGleam,Protect|Timid||F|||50|]Basculegion||SitrusBerry|Adaptability|WaveCrash,LastRespects,AquaJet,Protect|Adamant||M|||50|]Aerodactyl||FocusSash|Unnerve|RockSlide,Tailwind,WideGuard,DualWingbeat|Jolly||F|||50|
|showteam|p2|Decidueye-Hisui||ScopeLens|Scrappy|TripleArrows,LeafBlade,SuckerPunch,Protect|Adamant||F|||50|]Florges||LifeOrb|FlowerVeil|Moonblast,Psychic,PollenPuff,Protect|Modest||F|||50|]Raichu||RaichuniteY|LightningRod|FakeOut,ZapCannon,FocusBlast,Protect|Timid||M|||50|]Incineroar||SitrusBerry|Intimidate|FakeOut,FlareBlitz,ThroatChop,PartingShot|Careful||F|||50|]Aerodactyl||Aerodactylite|RockHead|RockSlide,DualWingbeat,Tailwind,WideGuard|Jolly||F|||50|]Milotic||Leftovers|Competitive|Scald,IceBeam,Haze,Protect|Bold||M|||50|
|
|t:|1785265064
|teamsize|p1|4
|teamsize|p2|4
|start
|switch|p1a: Floette|Floette-Eternal, L50, F|100/100
|switch|p1b: Aerodactyl|Aerodactyl, L50, F|100/100
|switch|p2a: Raichu|Raichu, L50, M|100/100
|switch|p2b: Milotic|Milotic, L50, M|100/100
|-ability|p1b: Aerodactyl|Unnerve
|turn|1
|
|t:|1785265088
|detailschange|p2a: Raichu|Raichu-Mega-Y, L50, M
|-mega|p2a: Raichu|Raichu|Raichunite Y
|move|p1a: Floette|Protect|p1a: Floette
|-singleturn|p1a: Floette|Protect
|move|p2a: Raichu|Fake Out|p1b: Aerodactyl
|-resisted|p1b: Aerodactyl|1
|-damage|p1b: Aerodactyl|93/100
|cant|p1b: Aerodactyl|flinch
|move|p2b: Milotic|Ice Beam|p1b: Aerodactyl
|-supereffective|p1b: Aerodactyl|1
|-damage|p1b: Aerodactyl|27/100
|
|upkeep
|turn|2
|
|t:|1785265112
|detailschange|p1a: Floette|Floette-Mega, L50, F
|-mega|p1a: Floette|Floette|Floettite
|-ability|p1a: Floette|Fairy Aura
|move|p2a: Raichu|Protect|p2a: Raichu
|-singleturn|p2a: Raichu|Protect
|move|p1b: Aerodactyl|Tailwind|p1b: Aerodactyl
|-sidestart|p1: NootNoot096|move: Tailwind
|move|p1a: Floette|Dazzling Gleam|p2b: Milotic|[spread] p2b
|-activate|p2a: Raichu|move: Protect
|-damage|p2b: Milotic|65/100
|move|p2b: Milotic|Ice Beam|p1b: Aerodactyl
|-supereffective|p1b: Aerodactyl|1
|-damage|p1b: Aerodactyl|0 fnt
|faint|p1b: Aerodactyl
|
|-heal|p2b: Milotic|71/100|[from] item: Leftovers
|upkeep
|
|t:|1785265127
|switch|p1b: Garchomp|Garchomp, L50, F|100/100
|turn|3
|
|t:|1785265146
|switch|p2a: Incineroar|Incineroar, L50, F|100/100
|-ability|p2a: Incineroar|Intimidate|boost
|-unboost|p1a: Floette|atk|1
|-unboost|p1b: Garchomp|atk|1
|move|p1b: Garchomp|Protect|p1b: Garchomp
|-singleturn|p1b: Garchomp|Protect
|move|p1a: Floette|Light of Ruin|p2b: Milotic
|-damage|p2b: Milotic|0 fnt
|faint|p2b: Milotic
|-damage|p1a: Floette|51/100|[from] Recoil
|
|upkeep
|
|t:|1785265167
|switch|p2b: Decidueye|Decidueye-Hisui, L50, F|100/100
|turn|4
|
|t:|1785265181
|move|p2a: Incineroar|Fake Out|p1a: Floette
|-damage|p1a: Floette|37/100
|move|p1b: Garchomp|Rock Slide|p2a: Incineroar|[spread] p2a,p2b
|-supereffective|p2a: Incineroar|1
|-resisted|p2b: Decidueye|1
|-damage|p2a: Incineroar|69/100
|-damage|p2b: Decidueye|89/100
|-damage|p1b: Garchomp|90/100|[from] item: Life Orb
|cant|p1a: Floette|flinch
|move|p2b: Decidueye|Triple Arrows|p1b: Garchomp
|-damage|p1b: Garchomp|39/100
|-unboost|p1b: Garchomp|def|1
|
|upkeep
|turn|5
|
|t:|1785265204
|move|p2b: Decidueye|Protect|p2b: Decidueye
|-singleturn|p2b: Decidueye|Protect
|move|p1a: Floette|Dazzling Gleam|p2b: Decidueye|[spread] p2a
|-activate|p2b: Decidueye|move: Protect
|-damage|p2a: Incineroar|33/100
|-enditem|p2a: Incineroar|Sitrus Berry|[eat]
|-heal|p2a: Incineroar|57/100|[from] item: Sitrus Berry
|move|p1b: Garchomp|Rock Slide|p2a: Incineroar|[spread] p2a
|-activate|p2b: Decidueye|move: Protect
|-supereffective|p2a: Incineroar|1
|-damage|p2a: Incineroar|28/100
|-damage|p1b: Garchomp|29/100|[from] item: Life Orb
|move|p2a: Incineroar|Parting Shot|p1a: Floette
|-unboost|p1a: Floette|atk|1
|-unboost|p1a: Floette|spa|1
|
|t:|1785265220
|switch|p2a: Raichu|Raichu-Mega-Y, L50, M|100/100|[from] Parting Shot
|
|-sideend|p1: NootNoot096|move: Tailwind
|upkeep
|turn|6
|
|t:|1785265256
|move|p1a: Floette|Protect|p1a: Floette
|-singleturn|p1a: Floette|Protect
|move|p2a: Raichu|Fake Out|p1a: Floette
|-activate|p1a: Floette|move: Protect
|move|p1b: Garchomp|Earthquake|p2a: Raichu|[spread] p2a,p2b
|-activate|p1a: Floette|move: Protect
|-supereffective|p2a: Raichu|1
|-resisted|p2b: Decidueye|1
|-damage|p2a: Raichu|0 fnt
|-damage|p2b: Decidueye|65/100
|faint|p2a: Raichu
|-damage|p1b: Garchomp|20/100r|[from] item: Life Orb
|move|p2b: Decidueye|Leaf Blade|p1a: Floette
|-activate|p1a: Floette|move: Protect
|
|upkeep
|
|t:|1785265258
|switch|p2a: Incineroar|Incineroar, L50, F|28/100
|-ability|p2a: Incineroar|Intimidate|boost
|-unboost|p1a: Floette|atk|1
|-unboost|p1b: Garchomp|atk|1
|turn|7
|
|t:|1785265286
|move|p2a: Incineroar|Fake Out|p1a: Floette
|-damage|p1a: Floette|21/100
|move|p1b: Garchomp|Rock Slide|p2a: Incineroar|[spread] p2a,p2b
|-supereffective|p2a: Incineroar|1
|-resisted|p2b: Decidueye|1
|-damage|p2a: Incineroar|6/100
|-damage|p2b: Decidueye|56/100
|-damage|p1b: Garchomp|10/100|[from] item: Life Orb
|cant|p1a: Floette|flinch
|move|p2b: Decidueye|Leaf Blade|p1a: Floette
|-damage|p1a: Floette|0 fnt
|faint|p1a: Floette
|
|upkeep
|
|t:|1785265299
|switch|p1a: Basculegion|Basculegion, L50, M|100/100
|turn|8
|
|t:|1785265317
|move|p2b: Decidueye|Sucker Punch|p1a: Basculegion
|-supereffective|p1a: Basculegion|1
|-crit|p1a: Basculegion
|-damage|p1a: Basculegion|35/100
|-enditem|p1a: Basculegion|Sitrus Berry|[eat]
|-heal|p1a: Basculegion|60/100|[from] item: Sitrus Berry
|move|p1b: Garchomp|Rock Slide|p2b: Decidueye|[spread] p2a,p2b
|-supereffective|p2a: Incineroar|1
|-resisted|p2b: Decidueye|1
|-damage|p2a: Incineroar|0 fnt
|-damage|p2b: Decidueye|48/100
|faint|p2a: Incineroar
|-damage|p1b: Garchomp|1/100|[from] item: Life Orb
|move|p1a: Basculegion|Last Respects|p2b: Decidueye
|-damage|p2b: Decidueye|0 fnt
|faint|p2b: Decidueye
|
|win|NootNoot096
