|j|☆Pzgoo
|j|☆PRLT1 Jurrasicz
|html|PzgooPRLT1 Jurrasicz    
|uhtml|bestof|Game 1 of a best-of-3
|t:|1783709512
|gametype|doubles
|player|p1|Pzgoo|1|1315
|player|p2|PRLT1 Jurrasicz|pokemaniac|1265
|gen|9
|tier|[Gen 9 Champions] VGC 2026 Reg M-B (Bo3)
|rated|
|rule|Species Clause: Limit one of each Pokémon
|rule|Item Clause: Limit 1 of each item
|clearpoke
|poke|p1|Froslass, L50, F|
|poke|p1|Glaceon, L50, M|
|poke|p1|Garchomp, L50, F|
|poke|p1|Talonflame, L50, M|
|poke|p1|Sneasler, L50, M|
|poke|p1|Kingambit, L50, F|
|poke|p2|Charizard, L50, F|
|poke|p2|Whimsicott, L50, M|
|poke|p2|Floette-Eternal, L50, F|
|poke|p2|Basculegion, L50, M|
|poke|p2|Garchomp, L50, F|
|poke|p2|Kingambit, L50, M, shiny|
|teampreview|4
|showteam|p1|Froslass||Froslassite|SnowCloak|Blizzard,ShadowBall,Taunt,Protect|Modest||F|||50|]Glaceon||NeverMeltIce|SnowCloak|FreezeDry,Blizzard,IceShard,Protect|Modest||M|||50|]Garchomp||LifeOrb|RoughSkin|Earthquake,RockSlide,DragonClaw,Protect|Jolly||F|||50|]Talonflame||SharpBeak|FlameBody|FlareBlitz,BraveBird,Tailwind,Protect|Jolly||M|||50|]Sneasler||FocusSash|Unburden|FakeOut,CloseCombat,DireClaw,Protect|Adamant||M|||50|]Kingambit||ChopleBerry|Defiant|KowtowCleave,SuckerPunch,LowKick,Protect|Adamant||F|||50|
|showteam|p2|Charizard||CharizarditeY|Blaze|HeatWave,SolarBeam,WeatherBall,Protect|Modest||F|||50|]Whimsicott||FocusSash|Prankster|Moonblast,Encore,Tailwind,Protect|Timid||M|||50|]Floette-Eternal||Floettite|FlowerVeil|Moonblast,DazzlingGleam,LightofRuin,Protect|Modest||F|||50|]Basculegion||MysticWater|Adaptability|WaveCrash,AquaJet,LastRespects,Protect|Adamant||M|||50|]Garchomp||LifeOrb|RoughSkin|DragonClaw,Earthquake,RockSlide,Protect|Jolly||F|||50|]Kingambit||OccaBerry|Defiant|KowtowCleave,SuckerPunch,IronHead,Protect|Adamant||M|||50|
|inactive|Battle timer is ON: inactive players will automatically lose when time's up. (requested by PRLT1 Jurrasicz)
|inactive|Pzgoo has 60 seconds left.
|inactive|PRLT1 Jurrasicz has 60 seconds left.
|inactive|Pzgoo has 30 seconds left.
|inactive|PRLT1 Jurrasicz has 30 seconds left.
|inactive|PRLT1 Jurrasicz has 20 seconds left.
|inactive|PRLT1 Jurrasicz has 15 seconds left.
|
|t:|1783709592
|teamsize|p1|4
|teamsize|p2|4
|start
|switch|p1a: Talonflame|Talonflame, L50, M|100/100
|switch|p1b: Garchomp|Garchomp, L50, F|100/100
|switch|p2a: Basculegion|Basculegion, L50, M|100/100
|switch|p2b: Whimsicott|Whimsicott, L50, M|100/100
|turn|1
|
|t:|1783709609
|move|p2b: Whimsicott|Protect|p2b: Whimsicott
|-singleturn|p2b: Whimsicott|Protect
|move|p2a: Basculegion|Aqua Jet|p1a: Talonflame
|-supereffective|p1a: Talonflame|1
|-damage|p1a: Talonflame|1/100
|move|p1a: Talonflame|Tailwind|p1a: Talonflame
|-sidestart|p1: Pzgoo|move: Tailwind
|move|p1b: Garchomp|Earthquake|p2a: Basculegion|[spread] p2a
|-activate|p2b: Whimsicott|move: Protect
|-immune|p1a: Talonflame
|-damage|p2a: Basculegion|39/100
|-damage|p1b: Garchomp|90/100|[from] item: Life Orb
|
|upkeep
|turn|2
|
|t:|1783709631
|move|p2b: Whimsicott|Tailwind|p2b: Whimsicott
|-sidestart|p2: PRLT1 Jurrasicz|move: Tailwind
|move|p1a: Talonflame|Brave Bird|p2b: Whimsicott
|-supereffective|p2b: Whimsicott|1
|-enditem|p2b: Whimsicott|Focus Sash
|-damage|p2b: Whimsicott|1/100
|-damage|p1a: Talonflame|0 fnt|[from] Recoil
|faint|p1a: Talonflame
|move|p1b: Garchomp|Earthquake|p2b: Whimsicott|[spread] p2a,p2b
|-crit|p2a: Basculegion
|-resisted|p2b: Whimsicott|1
|-damage|p2a: Basculegion|0 fnt
|-damage|p2b: Whimsicott|0 fnt
|faint|p2a: Basculegion
|faint|p2b: Whimsicott
|-damage|p1b: Garchomp|80/100|[from] item: Life Orb
|
|upkeep
|
|t:|1783709646
|switch|p1a: Froslass|Froslass, L50, F|100/100
|switch|p2b: Garchomp|Garchomp, L50, F|100/100
|switch|p2a: Charizard|Charizard, L50, F|100/100
|turn|3
|
|t:|1783709664
|switch|p1a: Glaceon|Glaceon, L50, M|100/100
|detailschange|p2a: Charizard|Charizard-Mega-Y, L50, F
|-mega|p2a: Charizard|Charizard|Charizardite Y
|-weather|SunnyDay|[from] ability: Drought|[of] p2a: Charizard
|move|p1b: Garchomp|Dragon Claw|p2b: Garchomp
|-supereffective|p2b: Garchomp|1
|-damage|p2b: Garchomp|0 fnt
|-damage|p1b: Garchomp|68/100|[from] ability: Rough Skin|[of] p2b: Garchomp
|faint|p2b: Garchomp
|-damage|p1b: Garchomp|58/100|[from] item: Life Orb
|move|p2a: Charizard|Heat Wave|p1a: Glaceon|[spread] p1a,p1b
|-supereffective|p1a: Glaceon|1
|-resisted|p1b: Garchomp|1
|-damage|p1a: Glaceon|0 fnt
|-damage|p1b: Garchomp|27/100
|faint|p1a: Glaceon
|
|-weather|SunnyDay|[upkeep]
|upkeep
|
|t:|1783709674
|switch|p1a: Froslass|Froslass, L50, F|100/100
|turn|4
|
|t:|1783709688
|detailschange|p1a: Froslass|Froslass-Mega, L50, F
|-mega|p1a: Froslass|Froslass|Froslassite
|-weather|Snowscape|[from] ability: Snow Warning|[of] p1a: Froslass
|move|p2a: Charizard|Protect|p2a: Charizard
|-singleturn|p2a: Charizard|Protect
|move|p1a: Froslass|Blizzard|p2a: Charizard
|-activate|p2a: Charizard|move: Protect
|move|p1b: Garchomp|Dragon Claw|p2a: Charizard
|-activate|p2a: Charizard|move: Protect
|
|-weather|Snowscape|[upkeep]
|-sideend|p1: Pzgoo|move: Tailwind
|upkeep
|turn|5
|
|t:|1783709694
|move|p1a: Froslass|Protect|p1a: Froslass
|-singleturn|p1a: Froslass|Protect
|move|p1b: Garchomp|Protect|p1b: Garchomp
|-singleturn|p1b: Garchomp|Protect
|move|p2a: Charizard|Heat Wave|p1b: Garchomp|[spread] 
|-activate|p1a: Froslass|move: Protect
|-activate|p1b: Garchomp|move: Protect
|
|-weather|Snowscape|[upkeep]
|-sideend|p2: PRLT1 Jurrasicz|move: Tailwind
|upkeep
|turn|6
|
|t:|1783709700
|move|p1a: Froslass|Blizzard|p2a: Charizard
|-damage|p2a: Charizard|48/100
|move|p1b: Garchomp|Dragon Claw|p2a: Charizard
|-damage|p2a: Charizard|0 fnt
|faint|p2a: Charizard
|-damage|p1b: Garchomp|17/100|[from] item: Life Orb
|
|win|Pzgoo
||PRLT1 Jurrasicz is ready for game 2.
|l|☆Pzgoo
|player|p1|
||Pzgoo is ready for game 2.
|uhtml|next|Next: Game 2 of 3
