|j|☆MrFreeloader
|j|☆Cyllage Cyclones
|html|MrFreeloaderCyllage Cyclones    
|uhtml|bestof|Game 3 of a best-of-3
|t:|1756241910
|gametype|doubles
|player|p1|MrFreeloader|1|1057
|player|p2|Cyllage Cyclones|101|1000
|gen|9
|tier|[Gen 9] VGC 2025 Reg H (Bo3)
|rated|
|rule|Species Clause: Limit one of each Pokémon
|rule|Item Clause: Limit 1 of each item
|clearpoke
|poke|p1|Ursaluna-Bloodmoon, L50, M|
|poke|p1|Farigiraf, L50, F|
|poke|p1|Whimsicott, L50, M|
|poke|p1|Garchomp, L50, M|
|poke|p1|Flamigo, L50, F|
|poke|p1|Incineroar, L50, M|
|poke|p2|Electabuzz, L50, M|
|poke|p2|Pelipper, L50, M|
|poke|p2|Rillaboom, L50, M|
|poke|p2|Basculegion, L50, M|
|poke|p2|Kingambit, L50, M|
|poke|p2|Archaludon, L50, M|
|teampreview|4
|showteam|p1|Ursaluna-Bloodmoon||LifeOrb|MindsEye|BloodMoon,HyperVoice,EarthPower,Protect|||M|||50|,,,,,Normal]Farigiraf||SitrusBerry|ArmorTail|Psychic,HelpingHand,TrickRoom,Protect|||F|||50|,,,,,Fairy]Whimsicott||CovertCloak|Prankster|Tailwind,LightScreen,Moonblast,Encore|||M|||50|,,,,,Dark]Garchomp||ClearAmulet|RoughSkin|DragonClaw,StompingTantrum,SwordsDance,Protect|||M|||50|,,,,,Fire]Flamigo||FocusSash|Scrappy|WideGuard,CloseCombat,BraveBird,Detect|||F|||50|,,,,,Ghost]Incineroar||AssaultVest|Intimidate|FakeOut,FlareBlitz,KnockOff,Uturn|||M|||50|,,,,,Grass
|showteam|p2|Electabuzz||Eviolite|VitalSpirit|Electroweb,Protect,FollowMe,Taunt|||M|||50|,,,,,Ghost]Pelipper||FocusSash|Drizzle|WeatherBall,Hurricane,Tailwind,Protect|||M|||50|,,,,,Ghost]Rillaboom||LoadedDice|GrassySurge|BulletSeed,GrassyGlide,FakeOut,HighHorsepower|||M|||50|,,,,,Fire]Basculegion||ChoiceBand|SwiftSwim|WaveCrash,LastRespects,FlipTurn,AquaJet|||M|||50|,,,,,Grass]Kingambit||BlackGlasses|Defiant|KowtowCleave,SuckerPunch,Protect,SwordsDance|||M|||50|,,,,,Dark]Archaludon||AssaultVest|Stamina|DracoMeteor,ElectroShot,FlashCannon,BodyPress|||M|||50|,,,,,Fairy
|inactive|Battle timer is ON: inactive players will automatically lose when time's up. (requested by MrFreeloader)
|inactive|MrFreeloader has 60 seconds left.
|inactive|Cyllage Cyclones has 60 seconds left.
|
|t:|1756241957
|teamsize|p1|4
|teamsize|p2|4
|start
|switch|p1a: Incineroar|Incineroar, L50, M|100/100
|switch|p1b: Ursaluna|Ursaluna-Bloodmoon, L50, M|100/100
|switch|p2a: Rillaboom|Rillaboom, L50, M|100/100
|switch|p2b: Archaludon|Archaludon, L50, M|100/100
|-fieldstart|move: Grassy Terrain|[from] ability: Grassy Surge|[of] p2a: Rillaboom
|-ability|p1a: Incineroar|Intimidate|boost
|-unboost|p2a: Rillaboom|atk|1
|-unboost|p2b: Archaludon|atk|1
|turn|1
|
|t:|1756241979
|switch|p2b: Pelipper|Pelipper, L50, M|100/100
|-weather|RainDance|[from] ability: Drizzle|[of] p2b: Pelipper
|-terastallize|p1b: Ursaluna|Normal
|move|p2a: Rillaboom|Fake Out|p1a: Incineroar
|-damage|p1a: Incineroar|92/100
|cant|p1a: Incineroar|flinch
|move|p1b: Ursaluna|Earth Power|p2b: Pelipper
|-immune|p2b: Pelipper
|
|-weather|RainDance|[upkeep]
|-heal|p1a: Incineroar|98/100|[from] Grassy Terrain
|upkeep
|turn|2
|inactive|Cyllage Cyclones has 30 seconds left.
|
|t:|1756242009
|switch|p2a: Archaludon|Archaludon, L50, M|100/100
|move|p2b: Pelipper|Weather Ball|p1a: Incineroar
|-supereffective|p1a: Incineroar
|-damage|p1a: Incineroar|22/100
|move|p1b: Ursaluna|Hyper Voice|p2b: Pelipper|[spread] p2a,p2b
|-resisted|p2a: Archaludon
|-damage|p2a: Archaludon|76/100
|-enditem|p2b: Pelipper|Focus Sash
|-damage|p2b: Pelipper|1/100
|-ability|p2a: Archaludon|Stamina|boost
|-boost|p2a: Archaludon|def|1
|-damage|p1b: Ursaluna|91/100|[from] item: Life Orb
|move|p1a: Incineroar|U-turn|p2a: Archaludon
|-resisted|p2a: Archaludon
|-damage|p2a: Archaludon|71/100
|-ability|p2a: Archaludon|Stamina|boost
|-boost|p2a: Archaludon|def|1
|
|t:|1756242022
|switch|p1a: Whimsicott|Whimsicott, L50, M|100/100|[from] U-turn
|
|-weather|RainDance|[upkeep]
|-heal|p2a: Archaludon|78/100|[from] Grassy Terrain
|-heal|p1b: Ursaluna|97/100|[from] Grassy Terrain
|upkeep
|turn|3
|inactive|Cyllage Cyclones has 30 seconds left.
|inactive|Cyllage Cyclones has 20 seconds left.
|
|t:|1756242061
|switch|p2b: Rillaboom|Rillaboom, L50, M|100/100
|move|p1b: Ursaluna|Protect|p1b: Ursaluna
|-singleturn|p1b: Ursaluna|Protect
|move|p1a: Whimsicott|Light Screen|p1a: Whimsicott
|-sidestart|p1: MrFreeloader|move: Light Screen
|move|p2a: Archaludon|Flash Cannon|p1a: Whimsicott
|-supereffective|p1a: Whimsicott
|-damage|p1a: Whimsicott|23/100
|
|-weather|RainDance|[upkeep]
|-heal|p1a: Whimsicott|29/100|[from] Grassy Terrain
|-heal|p2a: Archaludon|84/100|[from] Grassy Terrain
|-heal|p1b: Ursaluna|100/100|[from] Grassy Terrain
|upkeep
|turn|4
|
|t:|1756242081
|switch|p1b: Incineroar|Incineroar, L50, M|22/100
|-ability|p1b: Incineroar|Intimidate|boost
|-unboost|p2a: Archaludon|atk|1
|-unboost|p2b: Rillaboom|atk|1
|move|p2b: Rillaboom|Fake Out|p1b: Incineroar
|-damage|p1b: Incineroar|15/100
|move|p1a: Whimsicott|Tailwind|p1a: Whimsicott
|-sidestart|p1: MrFreeloader|move: Tailwind
|move|p2a: Archaludon|Flash Cannon|p1a: Whimsicott
|-supereffective|p1a: Whimsicott
|-damage|p1a: Whimsicott|0 fnt
|faint|p1a: Whimsicott
|
|-weather|RainDance|[upkeep]
|-heal|p1b: Incineroar|21/100|[from] Grassy Terrain
|-heal|p2a: Archaludon|90/100|[from] Grassy Terrain
|upkeep
|
|t:|1756242090
|switch|p1a: Ursaluna|Ursaluna-Bloodmoon, L50, M, tera:Normal|100/100
|turn|5
|inactive|Cyllage Cyclones has 30 seconds left.
|inactive|Cyllage Cyclones has 20 seconds left.
|inactive|Cyllage Cyclones has 15 seconds left.
|inactive|Cyllage Cyclones has 10 seconds left.
|
|t:|1756242138
|switch|p2b: Electabuzz|Electabuzz, L50, M|100/100
|-terastallize|p2a: Archaludon|Fairy
|move|p1b: Incineroar|Fake Out|p2a: Archaludon
|-damage|p2a: Archaludon|86/100
|-ability|p2a: Archaludon|Stamina|boost
|-boost|p2a: Archaludon|def|1
|move|p1a: Ursaluna|Earth Power|p2a: Archaludon
|-crit|p2a: Archaludon
|-damage|p2a: Archaludon|7/100
|-ability|p2a: Archaludon|Stamina|boost
|-boost|p2a: Archaludon|def|1
|-damage|p1a: Ursaluna|91/100|[from] item: Life Orb
|cant|p2a: Archaludon|flinch
|
|-weather|none
|-heal|p1a: Ursaluna|97/100|[from] Grassy Terrain
|-heal|p1b: Incineroar|27/100|[from] Grassy Terrain
|-heal|p2a: Archaludon|13/100|[from] Grassy Terrain
|-fieldend|move: Grassy Terrain
|upkeep
|turn|6
|inactive|Cyllage Cyclones has 30 seconds left.
|inactive|Cyllage Cyclones has 20 seconds left.
|
|t:|1756242174
|switch|p2a: Pelipper|Pelipper, L50, M|1/100
|-weather|RainDance|[from] ability: Drizzle|[of] p2a: Pelipper
|move|p1a: Ursaluna|Hyper Voice|p2b: Electabuzz|[spread] p2a,p2b
|-damage|p2a: Pelipper|0 fnt
|-damage|p2b: Electabuzz|50/100
|faint|p2a: Pelipper
|-damage|p1a: Ursaluna|87/100|[from] item: Life Orb
|move|p1b: Incineroar|U-turn|p2b: Electabuzz
|-damage|p2b: Electabuzz|33/100
|
|t:|1756242178
|switch|p1b: Flamigo|Flamigo, L50, F|100/100|[from] U-turn
|move|p2b: Electabuzz|Electroweb|p1b: Flamigo|[spread] p1a,p1b
|-supereffective|p1b: Flamigo
|-damage|p1a: Ursaluna|76/100
|-damage|p1b: Flamigo|67/100
|-unboost|p1a: Ursaluna|spe|1
|-unboost|p1b: Flamigo|spe|1
|
|-weather|RainDance|[upkeep]
|upkeep
|
|t:|1756242197
|switch|p2a: Rillaboom|Rillaboom, L50, M|100/100
|-fieldstart|move: Grassy Terrain|[from] ability: Grassy Surge|[of] p2a: Rillaboom
|turn|7
|
|t:|1756242210
|move|p1a: Ursaluna|Protect|p1a: Ursaluna
|-singleturn|p1a: Ursaluna|Protect
|move|p2a: Rillaboom|Fake Out|p1a: Ursaluna
|-activate|p1a: Ursaluna|move: Protect
|move|p1b: Flamigo|Brave Bird|p2a: Rillaboom
|-supereffective|p2a: Rillaboom
|-damage|p2a: Rillaboom|0 fnt
|faint|p2a: Rillaboom
|-damage|p1b: Flamigo|25/100|[from] Recoil
|move|p2b: Electabuzz|Electroweb|p1b: Flamigo|[spread] p1b
|-activate|p1a: Ursaluna|move: Protect
|-supereffective|p1b: Flamigo
|-damage|p1b: Flamigo|0 fnt
|faint|p1b: Flamigo
|
|-weather|RainDance|[upkeep]
|-heal|p2b: Electabuzz|39/100|[from] Grassy Terrain
|-heal|p1a: Ursaluna|82/100|[from] Grassy Terrain
|-sideend|p1: MrFreeloader|move: Light Screen
|-sideend|p1: MrFreeloader|move: Tailwind
|upkeep
|
|t:|1756242228
|switch|p1b: Incineroar|Incineroar, L50, M|27/100
|switch|p2a: Archaludon|Archaludon, L50, M, tera:Fairy|13/100
|-ability|p1b: Incineroar|Intimidate|boost
|-unboost|p2a: Archaludon|atk|1
|-unboost|p2b: Electabuzz|atk|1
|turn|8
|
|t:|1756242249
|move|p1b: Incineroar|Fake Out|p2a: Archaludon
|-damage|p2a: Archaludon|5/100
|-ability|p2a: Archaludon|Stamina|boost
|-boost|p2a: Archaludon|def|1
|move|p2b: Electabuzz|Follow Me|p2b: Electabuzz
|-singleturn|p2b: Electabuzz|move: Follow Me
|cant|p2a: Archaludon|flinch
|move|p1a: Ursaluna|Hyper Voice|p2b: Electabuzz|[spread] p2a,p2b
|-damage|p2a: Archaludon|0 fnt
|-damage|p2b: Electabuzz|0 fnt
|faint|p2a: Archaludon
|faint|p2b: Electabuzz
|-damage|p1a: Ursaluna|72/100|[from] item: Life Orb
|
|win|MrFreeloader
|raw|MrFreeloader's rating: 1057 → 1083(+26 for winning)
|raw|Cyllage Cyclones's rating: 1000 → 1000(+0 for losing)
|l|☆MrFreeloader
|player|p1|
