|j|☆Manimo_1126
|j|☆Onion2731
|html|Manimo_1126Onion2731    
|uhtml|bestof|Game 2 of a best-of-3
|t:|1786113600
|gametype|doubles
|player|p1|Manimo_1126|carmine|
|player|p2|Onion2731|blue|
|gen|9
|tier|[Gen 9 Champions] VGC 2026 Reg M-B (Bo3)
|rule|Species Clause: Limit one of each Pokémon
|rule|Item Clause: Limit 1 of each item
|clearpoke
|poke|p1|Blastoise, L50, M|
|poke|p1|Sinistcha-Masterpiece, L50|
|poke|p1|Incineroar, L50, M, shiny|
|poke|p1|Sneasler, L50, M|
|poke|p1|Delphox, L50, F, shiny|
|poke|p1|Kingambit, L50, M|
|poke|p2|Staraptor, L50, F|
|poke|p2|Arcanine-Hisui, L50, F|
|poke|p2|Raichu, L50, M|
|poke|p2|Farigiraf, L50, M|
|poke|p2|Sylveon, L50, M|
|poke|p2|Kingambit, L50, F|
|teampreview|4
|showteam|p1|Blastoise||Blastoisinite|RainDish|WaterSpout,DarkPulse,ShellSmash,Protect|Modest||M|||50|]Sinistcha-Masterpiece||KasibBerry|Hospitality|MatchaGotcha,RagePowder,TrickRoom,Protect|Bold|||||50|]Incineroar||SitrusBerry|Intimidate|FakeOut,FlareBlitz,DarkestLariat,PartingShot|Impish||M|||50|]Sneasler||FocusSash|PoisonTouch|FakeOut,CloseCombat,PoisonJab,QuickGuard|Jolly||M|||50|]Delphox||Delphoxite|Magician|HeatWave,Psyshock,NastyPlot,Protect|Timid||F|||50|]Kingambit||BlackGlasses|Defiant|KowtowCleave,SuckerPunch,SwordsDance,Protect|Adamant||M|||50|
|showteam|p2|Staraptor||Staraptite|Intimidate|CloseCombat,DualWingbeat,Tailwind,Protect|Jolly||F|||50|]Arcanine-Hisui||FocusSash|RockHead|FlareBlitz,HeadSmash,ExtremeSpeed,Protect|Jolly||F|||50|]Raichu||RaichuniteY|LightningRod|ZapCannon,Encore,FakeOut,Protect|Timid||M|||50|]Farigiraf||SitrusBerry|ArmorTail|Psychic,HelpingHand,TrickRoom,Protect|Calm||M|||50|]Sylveon||FairyFeather|Pixilate|HyperVoice,HyperBeam,QuickAttack,Detect|Modest||M|||50|]Kingambit||LifeOrb|Defiant|KowtowCleave,SuckerPunch,SwordsDance,Protect|Adamant||F|||50|
|j| BenBen84
|j| Edward0516
|j| ttsui234
|l| BenBen84
|j| sky yeh
|j| BenBen84
|l| Edward0516
|j| Edward0516
|j| TaiwanNephrologist
|j| Iroha Sakayori
|
|t:|1786113720
|teamsize|p1|4
|teamsize|p2|4
|start
|switch|p1a: Blastoise|Blastoise, L50, M|100/100
|switch|p1b: Sinistcha|Sinistcha-Masterpiece, L50|100/100
|switch|p2a: Arcanine|Arcanine-Hisui, L50, F|100/100
|switch|p2b: Staraptor|Staraptor, L50, F|100/100
|-ability|p2b: Staraptor|Intimidate|boost
|-unboost|p1a: Blastoise|atk|1
|-unboost|p1b: Sinistcha|atk|1
|turn|1
|j| charnizardnomiss
|
|t:|1786113815
|detailschange|p2b: Staraptor|Staraptor-Mega, L50, F
|-mega|p2b: Staraptor|Staraptor|Staraptite
|detailschange|p1a: Blastoise|Blastoise-Mega, L50, M
|-mega|p1a: Blastoise|Blastoise|Blastoisinite
|move|p1b: Sinistcha|Protect|p1b: Sinistcha
|-singleturn|p1b: Sinistcha|Protect
|move|p2b: Staraptor|Close Combat|p1a: Blastoise
|-damage|p1a: Blastoise|44/100
|-boost|p2b: Staraptor|def|1
|-boost|p2b: Staraptor|spd|1
|move|p2a: Arcanine|Flare Blitz|p1b: Sinistcha
|-activate|p1b: Sinistcha|move: Protect
|move|p1a: Blastoise|Shell Smash|p1a: Blastoise
|-unboost|p1a: Blastoise|def|1
|-unboost|p1a: Blastoise|spd|1
|-boost|p1a: Blastoise|atk|2
|-boost|p1a: Blastoise|spa|2
|-boost|p1a: Blastoise|spe|2
|
|upkeep
|turn|2
|j| Roselia Sayo
|l| BenBen84
|l| sky yeh
|j| BenBen84
|
|t:|1786113922
|move|p2a: Arcanine|Extreme Speed|p1a: Blastoise
|-damage|p1a: Blastoise|3/100
|move|p1b: Sinistcha|Rage Powder|p1b: Sinistcha
|-singleturn|p1b: Sinistcha|move: Rage Powder
|move|p1a: Blastoise|Water Spout|p2b: Staraptor|[spread] p2a,p2b
|-supereffective|p2a: Arcanine|2
|-damage|p2a: Arcanine|79/100
|-damage|p2b: Staraptor|97/100
|move|p2b: Staraptor|Dual Wingbeat|p1b: Sinistcha
|-supereffective|p1b: Sinistcha|1
|-damage|p1b: Sinistcha|65/100
|-supereffective|p1b: Sinistcha|1
|-damage|p1b: Sinistcha|31/100
|-hitcount|p1b: Sinistcha|2
|
|upkeep
|turn|3
|j| sky yeh
|
|t:|1786113973
|switch|p1b: Sneasler|Sneasler, L50, M|100/100
|move|p1a: Blastoise|Protect|p1a: Blastoise
|-singleturn|p1a: Blastoise|Protect
|move|p2b: Staraptor|Close Combat|p1a: Blastoise
|-activate|p1a: Blastoise|move: Protect
|move|p2a: Arcanine|Head Smash|p1b: Sneasler
|-resisted|p1b: Sneasler|1
|-damage|p1b: Sneasler|40/100
|
|upkeep
|turn|4
|l| charnizardnomiss
|l| BenBen84
|l| Edward0516
|
|t:|1786114025
|switch|p2a: Farigiraf|Farigiraf, L50, M|100/100
|move|p1b: Sneasler|Fake Out||[still]
|cant|p2a: Farigiraf|ability: Armor Tail|Fake Out|[of] p1b: Sneasler
|move|p1a: Blastoise|Dark Pulse|p2b: Staraptor
|-resisted|p2b: Staraptor|1
|-damage|p2b: Staraptor|65/100
|move|p2b: Staraptor|Dual Wingbeat|p1a: Blastoise
|-damage|p1a: Blastoise|0 fnt
|faint|p1a: Blastoise
|-hitcount|p1: Blastoise|1
|
|upkeep
|l| sky yeh
|j| BenBen84
|
|t:|1786114036
|switch|p1a: Incineroar|Incineroar, L50, M, shiny|100/100
|-ability|p1a: Incineroar|Intimidate|boost
|-unboost|p2a: Farigiraf|atk|1
|-boost|p2b: Staraptor|atk|1
|turn|5
|l| BenBen84
|
|t:|1786114081
|switch|p1a: Sinistcha|Sinistcha-Masterpiece, L50|31/100
|-heal|p1b: Sneasler|64/100|[from] ability: Hospitality|[of] p1a: Sinistcha
|move|p1b: Sneasler|Poison Jab|p2b: Staraptor
|-damage|p2b: Staraptor|39/100
|-status|p2b: Staraptor|psn|[from] ability: Poison Touch|[of] p1b: Sneasler
|move|p2b: Staraptor|Close Combat|p1a: Sinistcha
|-immune|p1a: Sinistcha
|move|p2a: Farigiraf|Psychic|p1b: Sneasler
|-supereffective|p1b: Sneasler|2
|-damage|p1b: Sneasler|0 fnt
|faint|p1b: Sneasler
|
|-damage|p2b: Staraptor|27/100 psn|[from] psn
|upkeep
|j| BenBen84
|
|t:|1786114094
|switch|p1b: Incineroar|Incineroar, L50, M, shiny|100/100
|-ability|p1b: Incineroar|Intimidate|boost
|-unboost|p2a: Farigiraf|atk|1
|-boost|p2b: Staraptor|atk|1
|turn|6
|
|t:|1786114117
|switch|p2b: Arcanine|Arcanine-Hisui, L50, F|79/100
|move|p1a: Sinistcha|Protect|p1a: Sinistcha
|-singleturn|p1a: Sinistcha|Protect
|move|p1b: Incineroar|Flare Blitz|p2b: Arcanine
|-resisted|p2b: Arcanine|2
|-damage|p2b: Arcanine|62/100
|-damage|p1b: Incineroar|95/100|[from] Recoil
|move|p2a: Farigiraf|Psychic|p1a: Sinistcha
|-activate|p1a: Sinistcha|move: Protect
|
|upkeep
|turn|7
|
|t:|1786114134
|move|p1a: Sinistcha|Rage Powder|p1a: Sinistcha
|-singleturn|p1a: Sinistcha|move: Rage Powder
|move|p2b: Arcanine|Head Smash|p1a: Sinistcha
|-damage|p1a: Sinistcha|0 fnt
|faint|p1a: Sinistcha
|move|p1b: Incineroar|Darkest Lariat|p2b: Arcanine
|-damage|p2b: Arcanine|19/100
|move|p2a: Farigiraf|Psychic|p1b: Incineroar
|-immune|p1b: Incineroar
|
|upkeep
|turn|8
|-message|Manimo_1126 forfeited.
|
|win|Onion2731
|l|☆Manimo_1126
|player|p1|
|c|☆Onion2731|感謝指教!
|l| ttsui234
|l| BenBen84
