|j|☆SFmrmimers
|j|☆Farigi no Raf
|html|SFmrmimersFarigi no Raf    
|uhtml|bestof|Game 1 of a best-of-3
|t:|1757036047
|gametype|doubles
|player|p1|SFmrmimers|n|1227
|player|p2|Farigi no Raf|vince|1394
|gen|9
|tier|[Gen 9] VGC 2025 Reg H (Bo3)
|rated|
|rule|Species Clause: Limit one of each Pokémon
|rule|Item Clause: Limit 1 of each item
|clearpoke
|poke|p1|Tyranitar, L50, F|
|poke|p1|Excadrill, L50, F|
|poke|p1|Kommo-o, L50, F|
|poke|p1|Amoonguss, L50, F|
|poke|p1|Kilowattrel, L50, F|
|poke|p1|Incineroar, L50, M|
|poke|p2|Dragonite, L50, F|
|poke|p2|Gholdengo, L50|
|poke|p2|Sneasler, L50, F|
|poke|p2|Rillaboom, L50, M|
|poke|p2|Ursaluna-Bloodmoon, L50, M|
|poke|p2|Magmar, L50, F|
|teampreview|4
|showteam|p1|Tyranitar||AssaultVest|SandStream|RockSlide,KnockOff,TeraBlast,LowKick|||F|||50|,,,,,Flying]Excadrill||FocusSash|SandRush|Earthquake,HighHorsepower,IronHead,Protect|||F|||50|,,,,,Ground]Kommo-o||ThroatSpray|Overcoat|ClangorousSoul,ClangingScales,AuraSphere,Protect|||F|||50|,,,,,Fire]Amoonguss||SitrusBerry|Regenerator|Spore,RagePowder,PollenPuff,Protect|||F|||50|,,,,,Fairy]Kilowattrel||ChoiceSpecs|Competitive|Thunderbolt,VoltSwitch,Discharge,AirSlash|||F|||50|,,,,,Ghost]Incineroar||SafetyGoggles|Intimidate|FakeOut,PartingShot,KnockOff,FlareBlitz|||M|||50|,,,,,Ghost
|showteam|p2|Dragonite||LoadedDice|Multiscale|ScaleShot,Tailwind,ExtremeSpeed,Protect|||F|||50|,,,,,Fairy]Gholdengo||LifeOrb|GoodasGold|MakeItRain,ShadowBall,NastyPlot,Protect||||||50|,,,,,Water]Sneasler||FocusSash|PoisonTouch|CloseCombat,DireClaw,Coaching,FakeOut|||F|||50|,,,,,Ghost]Rillaboom||AssaultVest|GrassySurge|WoodHammer,FakeOut,GrassyGlide,HighHorsepower|||M|||50|,,,,,Fire]Ursaluna-Bloodmoon||SilkScarf|MindsEye|HyperVoice,EarthPower,BloodMoon,Protect|||M|||50|,,,,,Water]Magmar||Eviolite|VitalSpirit|FollowMe,BurningJealousy,ClearSmog,Protect|||F|||50|,,,,,Dragon
|
|t:|1757036090
|teamsize|p1|4
|teamsize|p2|4
|start
|switch|p1a: Incineroar|Incineroar, L50, M|100/100
|switch|p1b: Tyranitar|Tyranitar, L50, F|100/100
|switch|p2a: Sneasler|Sneasler, L50, F|100/100
|switch|p2b: Magmar|Magmar, L50, F|100/100
|-weather|Sandstorm|[from] ability: Sand Stream|[of] p1b: Tyranitar
|-ability|p1a: Incineroar|Intimidate|boost
|-unboost|p2a: Sneasler|atk|1
|-unboost|p2b: Magmar|atk|1
|turn|1
|
|t:|1757036112
|switch|p2a: Ursaluna|Ursaluna-Bloodmoon, L50, M|100/100
|-terastallize|p1b: Tyranitar|Flying
|move|p2b: Magmar|Protect|p2b: Magmar
|-singleturn|p2b: Magmar|Protect
|move|p1a: Incineroar|Fake Out|p2a: Ursaluna
|-damage|p2a: Ursaluna|92/100
|move|p1b: Tyranitar|Tera Blast|p2a: Ursaluna|[anim] Tera Blast Flying
|-crit|p2a: Ursaluna
|-damage|p2a: Ursaluna|42/100
|
|-weather|Sandstorm|[upkeep]
|-damage|p2b: Magmar|95/100|[from] Sandstorm
|-damage|p1b: Tyranitar|95/100|[from] Sandstorm
|upkeep
|turn|2
|
|t:|1757036130
|move|p2b: Magmar|Burning Jealousy|p1a: Incineroar|[spread] p1a,p1b
|-resisted|p1a: Incineroar
|-damage|p1a: Incineroar|94/100
|-damage|p1b: Tyranitar|85/100
|move|p2a: Ursaluna|Blood Moon|p1b: Tyranitar
|-damage|p1b: Tyranitar|25/100
|move|p1b: Tyranitar|Rock Slide|p2b: Magmar|[spread] p2a,p2b
|-resisted|p2a: Ursaluna
|-supereffective|p2b: Magmar
|-damage|p2a: Ursaluna|30/100
|-damage|p2b: Magmar|46/100
|move|p1a: Incineroar|Parting Shot|p2a: Ursaluna
|-unboost|p2a: Ursaluna|atk|1
|-unboost|p2a: Ursaluna|spa|1
|
|t:|1757036143
|switch|p1a: Kommo-o|Kommo-o, L50, F|100/100|[from] Parting Shot
|
|-weather|Sandstorm|[upkeep]
|-damage|p2b: Magmar|40/100|[from] Sandstorm
|-damage|p1b: Tyranitar|19/100|[from] Sandstorm
|upkeep
|turn|3
|
|t:|1757036155
|move|p1a: Kommo-o|Clangorous Soul|p1a: Kommo-o
|-boost|p1a: Kommo-o|atk|1
|-boost|p1a: Kommo-o|def|1
|-boost|p1a: Kommo-o|spa|1
|-boost|p1a: Kommo-o|spd|1
|-boost|p1a: Kommo-o|spe|1
|-damage|p1a: Kommo-o|68/100
|-enditem|p1a: Kommo-o|Throat Spray
|-boost|p1a: Kommo-o|spa|1|[from] item: Throat Spray
|move|p2b: Magmar|Burning Jealousy|p1b: Tyranitar|[spread] p1a,p1b
|-resisted|p1a: Kommo-o
|-damage|p1a: Kommo-o|61/100
|-damage|p1b: Tyranitar|7/100
|-status|p1a: Kommo-o|brn
|move|p1b: Tyranitar|Rock Slide|p2b: Magmar|[spread] p2a,p2b
|-resisted|p2a: Ursaluna
|-supereffective|p2b: Magmar
|-damage|p2a: Ursaluna|17/100
|-damage|p2b: Magmar|0 fnt
|faint|p2b: Magmar
|move|p2a: Ursaluna|Hyper Voice|p1b: Tyranitar|[spread] p1a,p1b
|-damage|p1a: Kommo-o|39/100 brn
|-damage|p1b: Tyranitar|0 fnt
|faint|p1b: Tyranitar
|
|-weather|Sandstorm|[upkeep]
|-damage|p1a: Kommo-o|33/100 brn|[from] brn
|upkeep
|
|t:|1757036178
|switch|p2b: Gholdengo|Gholdengo, L50|100/100
|switch|p1b: Kilowattrel|Kilowattrel, L50, F|100/100
|turn|4
|
|t:|1757036197
|move|p2a: Ursaluna|Protect|p2a: Ursaluna
|-singleturn|p2a: Ursaluna|Protect
|move|p1a: Kommo-o|Clanging Scales|p2a: Ursaluna|[spread] p2b
|-activate|p2a: Ursaluna|move: Protect
|-resisted|p2b: Gholdengo
|-damage|p2b: Gholdengo|63/100
|-unboost|p1a: Kommo-o|def|1
|move|p1b: Kilowattrel|Volt Switch|p2b: Gholdengo
|-damage|p2b: Gholdengo|16/100
|
|t:|1757036206
|switch|p1b: Incineroar|Incineroar, L50, M|94/100|[from] Volt Switch
|-ability|p1b: Incineroar|Intimidate|boost
|-unboost|p2a: Ursaluna|atk|1
|-unboost|p2b: Gholdengo|atk|1
|move|p2b: Gholdengo|Make It Rain|p1b: Incineroar|[spread] p1a,p1b
|-resisted|p1b: Incineroar
|-damage|p1a: Kommo-o|0 fnt
|-damage|p1b: Incineroar|72/100
|-unboost|p2b: Gholdengo|spa|1
|faint|p1a: Kommo-o
|-damage|p2b: Gholdengo|6/100|[from] item: Life Orb
|
|-weather|Sandstorm|[upkeep]
|upkeep
|
|t:|1757036218
|switch|p1a: Kilowattrel|Kilowattrel, L50, F|100/100
|turn|5
|inactive|Battle timer is ON: inactive players will automatically lose when time's up. (requested by SFmrmimers)
|
|t:|1757036240
|move|p1b: Incineroar|Fake Out|p2a: Ursaluna
|-damage|p2a: Ursaluna|10/100
|move|p1a: Kilowattrel|Thunderbolt|p2b: Gholdengo
|-damage|p2b: Gholdengo|0 fnt
|faint|p2b: Gholdengo
|cant|p2a: Ursaluna|flinch
|
|-weather|none
|upkeep
|
|t:|1757036244
|switch|p2b: Sneasler|Sneasler, L50, F|100/100
|turn|6
|
|t:|1757036255
|move|p1a: Kilowattrel|Thunderbolt|p2b: Sneasler
|-damage|p2b: Sneasler|10/100
|move|p2b: Sneasler|Close Combat|p1b: Incineroar
|-supereffective|p1b: Incineroar
|-damage|p1b: Incineroar|0 fnt
|-unboost|p2b: Sneasler|def|1
|-unboost|p2b: Sneasler|spd|1
|faint|p1b: Incineroar
|move|p2a: Ursaluna|Blood Moon|p1a: Kilowattrel
|-damage|p1a: Kilowattrel|0 fnt
|faint|p1a: Kilowattrel
|
|win|Farigi no Raf
