|j|☆tester1991
|j|☆A Regu1ar Guy
|html|tester1991A Regu1ar Guy    
|uhtml|bestof|Game 2 of a best-of-3
|t:|1755901885
|gametype|doubles
|player|p1|tester1991|supernerd|1240
|player|p2|A Regu1ar Guy|elesa|1337
|gen|9
|tier|[Gen 9] VGC 2025 Reg H (Bo3)
|rated|
|rule|Species Clause: Limit one of each Pokémon
|rule|Item Clause: Limit 1 of each item
|clearpoke
|poke|p1|Maushold-Four, L50|
|poke|p1|Hatterene, L50, F|
|poke|p1|Indeedee-F, L50, F|
|poke|p1|Gallade, L50, M|
|poke|p1|Torkoal, L50, M|
|poke|p1|Ursaluna, L50, M|
|poke|p2|Volcarona, L50, F|
|poke|p2|Rillaboom, L50, M|
|poke|p2|Electabuzz, L50, F|
|poke|p2|Ninetales-Alola, L50, F|
|poke|p2|Basculegion, L50, M|
|poke|p2|Incineroar, L50, F|
|teampreview|4
|showteam|p1|Maushold-Four||WideLens|Technician|PopulationBomb,FollowMe,Taunt,Protect||||||50|,,,,,Poison]Hatterene||LifeOrb|MagicBounce|ExpandingForce,DazzlingGleam,TeraBlast,TrickRoom|||F|||50|,,,,,Fire]Indeedee-F||PsychicSeed|PsychicSurge|FollowMe,HelpingHand,TrickRoom,Psychic|||F|||50|,,,,,Water]Gallade||ClearAmulet|Sharpness|SacredSword,PsychoCut,WideGuard,TrickRoom|||M|||50|,,,,,Grass]Torkoal||ChoiceSpecs|Drought|Eruption,HeatWave,WeatherBall,EarthPower|||M|||50|,,,,,Fire]Ursaluna||FlameOrb|Guts|HeadlongRush,Facade,Earthquake,Protect|||M|||50|,,,,,Ghost
|showteam|p2|Volcarona||GrassySeed|FlameBody|HeatWave,GigaDrain,QuiverDance,Protect|||F|||50|,,,,,Grass]Rillaboom||AssaultVest|GrassySurge|FakeOut,WoodHammer,GrassyGlide,HighHorsepower|||M|||50|,,,,,Fire]Electabuzz||Eviolite|VitalSpirit|Thunderbolt,FollowMe,Taunt,Protect|||F|||50|,,,,,Ghost]Ninetales-Alola||FocusSash|SnowWarning|Blizzard,Encore,AuroraVeil,IcyWind|||F|||50|,,,,,Ghost]Basculegion||ChoiceScarf|Adaptability|WaveCrash,FlipTurn,LastRespects,TeraBlast|||M|||50|,,,,,Fighting]Incineroar||SafetyGoggles|Intimidate|FakeOut,KnockOff,FlareBlitz,PartingShot|||F|||50|,,,,,Ghost
|inactive|Battle timer is ON: inactive players will automatically lose when time's up. (requested by tester1991)
|
|t:|1755901914
|teamsize|p1|4
|teamsize|p2|4
|start
|switch|p1a: Maushold|Maushold-Four, L50, shiny|100/100
|switch|p1b: Gallade|Gallade, L50, M, shiny|100/100
|switch|p2a: Volcarona|Volcarona, L50, F, shiny|100/100
|switch|p2b: Electabuzz|Electabuzz, L50, F|100/100
|turn|1
|inactive|tester1991 has 30 seconds left.
|
|t:|1755901939
|-terastallize|p2b: Electabuzz|Ghost
|move|p2b: Electabuzz|Follow Me|p2b: Electabuzz
|-singleturn|p2b: Electabuzz|move: Follow Me
|move|p1a: Maushold|Taunt|p2b: Electabuzz
|-start|p2b: Electabuzz|move: Taunt
|move|p2a: Volcarona|Quiver Dance|p2a: Volcarona
|-boost|p2a: Volcarona|spa|1
|-boost|p2a: Volcarona|spd|1
|-boost|p2a: Volcarona|spe|1
|move|p1b: Gallade|Sacred Sword|p2b: Electabuzz
|-immune|p2b: Electabuzz
|
|upkeep
|turn|2
|
|t:|1755901952
|move|p1a: Maushold|Follow Me|p1a: Maushold
|-singleturn|p1a: Maushold|move: Follow Me
|move|p2a: Volcarona|Heat Wave|p1a: Maushold|[spread] p1a,p1b
|-damage|p1a: Maushold|15/100
|-damage|p1b: Gallade|54/100
|move|p2b: Electabuzz|Thunderbolt|p1a: Maushold
|-damage|p1a: Maushold|0 fnt
|faint|p1a: Maushold
|move|p1b: Gallade|Trick Room|p1b: Gallade
|-fieldstart|move: Trick Room|[of] p1b: Gallade
|
|upkeep
|
|t:|1755901963
|switch|p1a: Torkoal|Torkoal, L50, M, shiny|100/100
|-weather|SunnyDay|[from] ability: Drought|[of] p1a: Torkoal
|turn|3
|
|t:|1755901973
|switch|p2b: Ninetales|Ninetales-Alola, L50, F|100/100
|-weather|Snowscape|[from] ability: Snow Warning|[of] p2b: Ninetales
|-terastallize|p1a: Torkoal|Fire
|move|p2a: Volcarona|Protect|p2a: Volcarona
|-singleturn|p2a: Volcarona|Protect
|move|p1a: Torkoal|Eruption|p2b: Ninetales|[spread] p2b
|-activate|p2a: Volcarona|move: Protect
|-supereffective|p2b: Ninetales
|-enditem|p2b: Ninetales|Focus Sash
|-damage|p2b: Ninetales|1/100
|move|p1b: Gallade|Sacred Sword|p2a: Volcarona
|-activate|p2a: Volcarona|move: Protect
|
|-weather|Snowscape|[upkeep]
|upkeep
|turn|4
|
|t:|1755901985
|switch|p2b: Rillaboom|Rillaboom, L50, M|100/100
|-fieldstart|move: Grassy Terrain|[from] ability: Grassy Surge|[of] p2b: Rillaboom
|-enditem|p2a: Volcarona|Grassy Seed
|-boost|p2a: Volcarona|def|1|[from] item: Grassy Seed
|move|p1a: Torkoal|Eruption|p2b: Rillaboom|[spread] p2a,p2b
|-supereffective|p2b: Rillaboom
|-damage|p2a: Volcarona|42/100
|-damage|p2b: Rillaboom|0 fnt
|faint|p2b: Rillaboom
|move|p1b: Gallade|Sacred Sword|p2a: Volcarona
|-resisted|p2a: Volcarona
|-damage|p2a: Volcarona|3/100
|move|p2a: Volcarona|Heat Wave|p1a: Torkoal|[spread] p1a,p1b
|-resisted|p1a: Torkoal
|-damage|p1a: Torkoal|67/100
|-damage|p1b: Gallade|7/100
|
|-weather|Snowscape|[upkeep]
|-heal|p1a: Torkoal|73/100|[from] Grassy Terrain
|-heal|p1b: Gallade|13/100|[from] Grassy Terrain
|-heal|p2a: Volcarona|9/100|[from] Grassy Terrain
|upkeep
|
|t:|1755901997
|switch|p2b: Electabuzz|Electabuzz, L50, F, tera:Ghost|100/100
|turn|5
|
|t:|1755902019
|move|p2a: Volcarona|Protect|p2a: Volcarona
|-singleturn|p2a: Volcarona|Protect
|move|p1a: Torkoal|Eruption|p2b: Electabuzz|[spread] p2b
|-activate|p2a: Volcarona|move: Protect
|-damage|p2b: Electabuzz|53/100
|move|p1b: Gallade|Psycho Cut|p2a: Volcarona
|-activate|p2a: Volcarona|move: Protect
|move|p2b: Electabuzz|Thunderbolt|p1b: Gallade
|-damage|p1b: Gallade|0 fnt
|faint|p1b: Gallade
|
|-weather|Snowscape|[upkeep]
|-heal|p1a: Torkoal|79/100|[from] Grassy Terrain
|-heal|p2b: Electabuzz|59/100|[from] Grassy Terrain
|-heal|p2a: Volcarona|16/100|[from] Grassy Terrain
|upkeep
|
|t:|1755902025
|switch|p1b: Indeedee|Indeedee-F, L50, F, shiny|100/100
|-fieldstart|move: Psychic Terrain|[from] ability: Psychic Surge|[of] p1b: Indeedee
|-enditem|p1b: Indeedee|Psychic Seed
|-boost|p1b: Indeedee|spd|1|[from] item: Psychic Seed
|turn|6
|
|t:|1755902034
|switch|p2a: Ninetales|Ninetales-Alola, L50, F|1/100
|move|p1b: Indeedee|Helping Hand|p1a: Torkoal
|-singleturn|p1a: Torkoal|Helping Hand|[of] p1b: Indeedee
|move|p2b: Electabuzz|Protect|p2b: Electabuzz
|-singleturn|p2b: Electabuzz|Protect
|move|p1a: Torkoal|Eruption|p2b: Electabuzz|[spread] p2a
|-activate|p2b: Electabuzz|move: Protect
|-supereffective|p2a: Ninetales
|-damage|p2a: Ninetales|0 fnt
|faint|p2a: Ninetales
|
|-weather|Snowscape|[upkeep]
|-fieldend|move: Trick Room
|upkeep
|
|t:|1755902036
|switch|p2a: Volcarona|Volcarona, L50, F, shiny|16/100
|turn|7
|
|t:|1755902044
|move|p2b: Electabuzz|Thunderbolt|p1a: Torkoal
|-damage|p1a: Torkoal|40/100
|move|p2a: Volcarona|Heat Wave|p1a: Torkoal|[spread] p1a,p1b
|-resisted|p1a: Torkoal
|-damage|p1a: Torkoal|18/100
|-damage|p1b: Indeedee|76/100
|move|p1b: Indeedee|Psychic|p2a: Volcarona
|-damage|p2a: Volcarona|0 fnt
|faint|p2a: Volcarona
|move|p1a: Torkoal|Eruption|p2b: Electabuzz
|-damage|p2b: Electabuzz|43/100
|
|-weather|none
|upkeep
|turn|8
|
|t:|1755902059
|move|p2b: Electabuzz|Thunderbolt|p1a: Torkoal
|-damage|p1a: Torkoal|0 fnt
|faint|p1a: Torkoal
|move|p1b: Indeedee|Psychic|p2b: Electabuzz
|-damage|p2b: Electabuzz|18/100
|
|upkeep
|turn|9
|
|t:|1755902070
|move|p2b: Electabuzz|Protect|p2b: Electabuzz
|-singleturn|p2b: Electabuzz|Protect
|move|p1b: Indeedee|Psychic|p2b: Electabuzz
|-activate|p2b: Electabuzz|move: Protect
|
|upkeep
|turn|10
|
|t:|1755902073
|move|p2b: Electabuzz|Thunderbolt|p1b: Indeedee
|-damage|p1b: Indeedee|58/100
|move|p1b: Indeedee|Psychic|p2b: Electabuzz
|-damage|p2b: Electabuzz|0 fnt
|faint|p2b: Electabuzz
|
|win|tester1991
|raw|tester1991's rating: 1240 → 1272(+32 for winning)
|raw|A Regu1ar Guy's rating: 1337 → 1312(-25 for losing)
|l|☆A Regu1ar Guy
|player|p2|
