|j|Ōśådabaroniandcheese
|j|Ōśådengonumber1fan
|html|dabaroniandcheesedengonumber1fan    
|uhtml|bestof|Game 1 of a best-of-3
|t:|1756520496
|gametype|doubles
|player|p1|dabaroniandcheese|fantina|1343
|player|p2|dengonumber1fan|benga|1322
|gen|9
|tier|[Gen 9] VGC 2025 Reg H (Bo3)
|rated|
|rule|Species Clause: Limit one of each Pok├®mon
|rule|Item Clause: Limit 1 of each item
|clearpoke
|poke|p1|Ninetales-Alola, L50, M|
|poke|p1|Rillaboom, L50, M|
|poke|p1|Magmar, L50, F|
|poke|p1|Sneasler, L50, F|
|poke|p1|Kingambit, L50, M|
|poke|p1|Basculegion, L50, M|
|poke|p2|Incineroar, L50, M|
|poke|p2|Amoonguss, L50, F|
|poke|p2|Gholdengo, L50|
|poke|p2|Porygon2, L50|
|poke|p2|Ursaluna, L50, M|
|poke|p2|Hydreigon, L50, M|
|teampreview|4
|showteam|p1|Ninetales-Alola||LifeOrb|SnowWarning|Blizzard,FreezeDry,Encore,Protect|||M|||50|,,,,,Ghost]Rillaboom||AssaultVest|GrassySurge|WoodHammer,FakeOut,Uturn,GrassyGlide|||M|||50|,,,,,Ghost]Magmar||Eviolite|VitalSpirit|Protect,HeatWave,WillOWisp,FollowMe|||F|||50|,,,,,Ghost]Sneasler||FocusSash|PoisonTouch|FakeOut,DireClaw,CloseCombat,Protect|||F|||50|,,,,,Ghost]Kingambit||BlackGlasses|Defiant|KowtowCleave,SwordsDance,SuckerPunch,Protect|||M|||50|,,,,,Fire]Basculegion||ChoiceScarf|Adaptability|WaveCrash,FlipTurn,TeraBlast,LastRespects|||M|||50|,,,,,Fighting
|showteam|p2|Incineroar||AssaultVest|Intimidate|FlareBlitz,KnockOff,Uturn,FakeOut|||M|||50|,,,,,Ghost]Amoonguss||SitrusBerry|Regenerator|Spore,RagePowder,PollenPuff,Protect|||F|||50|,,,,,Fairy]Gholdengo||LifeOrb|GoodasGold|MakeItRain,ShadowBall,NastyPlot,Protect||||||50|,,,,,Water]Porygon2||Eviolite|Download|TeraBlast,IceBeam,Recover,TrickRoom||||||50|,,,,,Fighting]Ursaluna||FlameOrb|Guts|Facade,HeadlongRush,Earthquake,Protect|||M|||50|,,,,,Ghost]Hydreigon||ChopleBerry|Levitate|Snarl,DracoMeteor,Tailwind,Protect|||M|||50|,,,,,Steel
|inactive|Battle timer is ON: inactive players will automatically lose when time's up. (requested by dengonumber1fan)
|inactive|dabaroniandcheese also wants the timer to be on.
|c|Ōśådabaroniandcheese|ew'
|c|Ōśådabaroniandcheese|sup dog
|c|Ōśådengonumber1fan|hi
|c|Ōśådengonumber1fan|glhf
|c|Ōśådabaroniandcheese|it's lazy
|c|Ōśådengonumber1fan|yeah ik
|inactive|dabaroniandcheese has 60 seconds left.
|inactive|dengonumber1fan has 60 seconds left.
|
|t:|1756520545
|teamsize|p1|4
|teamsize|p2|4
|start
|switch|p1a: Rillaboom|Rillaboom, L50, M|100/100
|switch|p1b: Kingambit|Kingambit, L50, M|100/100
|switch|p2a: Amoonguss|Amoonguss, L50, F|100/100
|switch|p2b: Incineroar|Incineroar, L50, M|100/100
|-fieldstart|move: Grassy Terrain|[from] ability: Grassy Surge|[of] p1a: Rillaboom
|-ability|p2b: Incineroar|Intimidate|boost
|-unboost|p1a: Rillaboom|atk|1
|-unboost|p1b: Kingambit|atk|1
|-ability|p1b: Kingambit|Defiant|boost
|-boost|p1b: Kingambit|atk|2
|turn|1
|
|t:|1756520568
|-terastallize|p1b: Kingambit|Fire
|-terastallize|p2a: Amoonguss|Fairy
|move|p1a: Rillaboom|Fake Out|p2a: Amoonguss
|-damage|p2a: Amoonguss|92/100
|move|p2b: Incineroar|Fake Out|p1b: Kingambit
|-damage|p1b: Kingambit|90/100
|cant|p1b: Kingambit|flinch
|cant|p2a: Amoonguss|flinch
|
|-heal|p1b: Kingambit|96/100|[from] Grassy Terrain
|-heal|p2a: Amoonguss|98/100|[from] Grassy Terrain
|upkeep
|turn|2
|
|t:|1756520588
|move|p1b: Kingambit|Protect|p1b: Kingambit
|-singleturn|p1b: Kingambit|Protect
|move|p1a: Rillaboom|U-turn|p2a: Amoonguss
|-resisted|p2a: Amoonguss
|-damage|p2a: Amoonguss|91/100
|
|t:|1756520593
|switch|p1a: Magmar|Magmar, L50, F|100/100|[from] U-turn
|move|p2b: Incineroar|Flare Blitz|p1a: Magmar
|-resisted|p1a: Magmar
|-damage|p1a: Magmar|79/100
|-damage|p2b: Incineroar|95/100|[from] Recoil
|move|p2a: Amoonguss|Spore|p1a: Magmar
|-immune|p1a: Magmar|[from] ability: Vital Spirit
|
|-heal|p1a: Magmar|85/100|[from] Grassy Terrain
|-heal|p2b: Incineroar|100/100|[from] Grassy Terrain
|-heal|p1b: Kingambit|100/100|[from] Grassy Terrain
|-heal|p2a: Amoonguss|97/100|[from] Grassy Terrain
|upkeep
|turn|3
|
|t:|1756520616
|move|p1a: Magmar|Follow Me|p1a: Magmar
|-singleturn|p1a: Magmar|move: Follow Me
|move|p2b: Incineroar|Knock Off|p1a: Magmar
|-damage|p1a: Magmar|53/100
|-enditem|p1a: Magmar|Eviolite|[from] move: Knock Off|[of] p2b: Incineroar
|move|p1b: Kingambit|Swords Dance|p1b: Kingambit
|-boost|p1b: Kingambit|atk|2
|move|p2a: Amoonguss|Spore|p1a: Magmar
|-immune|p1a: Magmar|[from] ability: Vital Spirit
|
|-heal|p1a: Magmar|59/100|[from] Grassy Terrain
|-heal|p2a: Amoonguss|100/100|[from] Grassy Terrain
|upkeep
|turn|4
|
|t:|1756520639
|move|p1a: Magmar|Follow Me|p1a: Magmar
|-singleturn|p1a: Magmar|move: Follow Me
|move|p2a: Amoonguss|Rage Powder|p2a: Amoonguss
|-singleturn|p2a: Amoonguss|move: Rage Powder
|move|p2b: Incineroar|U-turn|p1a: Magmar
|-resisted|p1a: Magmar
|-damage|p1a: Magmar|49/100
|
|t:|1756520644
|switch|p2b: Gholdengo|Gholdengo, L50|100/100|[from] U-turn
|move|p1b: Kingambit|Swords Dance|p1b: Kingambit
|-boost|p1b: Kingambit|atk|2
|
|-heal|p1a: Magmar|55/100|[from] Grassy Terrain
|upkeep
|turn|5
|
|t:|1756520662
|move|p2b: Gholdengo|Protect|p2b: Gholdengo
|-singleturn|p2b: Gholdengo|Protect
|move|p1a: Magmar|Follow Me|p1a: Magmar
|-singleturn|p1a: Magmar|move: Follow Me
|move|p1b: Kingambit|Kowtow Cleave|p2b: Gholdengo
|-activate|p2b: Gholdengo|move: Protect
|move|p2a: Amoonguss|Spore|p1a: Magmar
|-immune|p1a: Magmar|[from] ability: Vital Spirit
|
|-heal|p1a: Magmar|60/100|[from] Grassy Terrain
|-fieldend|move: Grassy Terrain
|upkeep
|turn|6
|
|t:|1756520678
|move|p1b: Kingambit|Protect|p1b: Kingambit
|-singleturn|p1b: Kingambit|Protect
|move|p2a: Amoonguss|Rage Powder|p2a: Amoonguss
|-singleturn|p2a: Amoonguss|move: Rage Powder
|move|p1a: Magmar|Heat Wave|p2a: Amoonguss|[spread] p2a
|-miss|p1a: Magmar|p2b: Gholdengo
|-damage|p2a: Amoonguss|83/100
|move|p2b: Gholdengo|Nasty Plot|p2b: Gholdengo
|-boost|p2b: Gholdengo|spa|2
|
|upkeep
|turn|7
|inactive|dengonumber1fan has 30 seconds left.
|
|t:|1756520706
|move|p1a: Magmar|Follow Me|p1a: Magmar
|-singleturn|p1a: Magmar|move: Follow Me
|move|p2a: Amoonguss|Rage Powder|p2a: Amoonguss
|-singleturn|p2a: Amoonguss|move: Rage Powder
|move|p2b: Gholdengo|Shadow Ball|p1a: Magmar
|-damage|p1a: Magmar|0 fnt
|faint|p1a: Magmar
|-damage|p2b: Gholdengo|91/100|[from] item: Life Orb
|move|p1b: Kingambit|Kowtow Cleave|p2a: Amoonguss
|-resisted|p2a: Amoonguss
|-damage|p2a: Amoonguss|0 fnt
|faint|p2a: Amoonguss
|
|upkeep
|
|t:|1756520723
|switch|p1a: Sneasler|Sneasler, L50, F|100/100
|switch|p2a: Porygon2|Porygon2, L50|100/100
|-ability|p2a: Porygon2|Download|boost
|-boost|p2a: Porygon2|spa|1
|turn|8
|
|t:|1756520735
|move|p1a: Sneasler|Fake Out|p2a: Porygon2
|-damage|p2a: Porygon2|91/100
|move|p1b: Kingambit|Sucker Punch||[still]
|-fail|p1b: Kingambit
|move|p2b: Gholdengo|Nasty Plot|p2b: Gholdengo
|-boost|p2b: Gholdengo|spa|2
|cant|p2a: Porygon2|flinch
|
|upkeep
|turn|9
|
|t:|1756520752
|move|p1b: Kingambit|Sucker Punch||[still]
|-fail|p1b: Kingambit
|move|p1a: Sneasler|Close Combat|p2a: Porygon2
|-supereffective|p2a: Porygon2
|-damage|p2a: Porygon2|11/100
|-unboost|p1a: Sneasler|def|1
|-unboost|p1a: Sneasler|spd|1
|move|p2b: Gholdengo|Nasty Plot|p2b: Gholdengo
|-boost|p2b: Gholdengo|spa|2
|move|p2a: Porygon2|Tera Blast|p1b: Kingambit
|-damage|p1b: Kingambit|39/100
|
|upkeep
|turn|10
|
|t:|1756520767
|switch|p2a: Incineroar|Incineroar, L50, M|100/100
|-ability|p2a: Incineroar|Intimidate|boost
|-unboost|p1a: Sneasler|atk|1
|-unboost|p1b: Kingambit|atk|1
|-ability|p1b: Kingambit|Defiant|boost
|-boost|p1b: Kingambit|atk|2
|move|p1b: Kingambit|Sucker Punch||[still]
|-fail|p1b: Kingambit
|move|p1a: Sneasler|Close Combat|p2a: Incineroar
|-supereffective|p2a: Incineroar
|-damage|p2a: Incineroar|26/100
|-unboost|p1a: Sneasler|def|1
|-unboost|p1a: Sneasler|spd|1
|move|p2b: Gholdengo|Nasty Plot|p2b: Gholdengo
|-boost|p2b: Gholdengo|spa|0
|
|upkeep
|turn|11
|
|t:|1756520789
|move|p1a: Sneasler|Protect|p1a: Sneasler
|-singleturn|p1a: Sneasler|Protect
|move|p1b: Kingambit|Protect|p1b: Kingambit
|-singleturn|p1b: Kingambit|Protect
|move|p2a: Incineroar|Fake Out|p1b: Kingambit
|-activate|p1b: Kingambit|move: Protect
|move|p2b: Gholdengo|Make It Rain|p1a: Sneasler|[spread] 
|-activate|p1a: Sneasler|move: Protect
|-activate|p1b: Kingambit|move: Protect
|
|upkeep
|turn|12
|
|t:|1756520799
|switch|p2a: Porygon2|Porygon2, L50|11/100
|-ability|p2a: Porygon2|Download|boost
|-boost|p2a: Porygon2|spa|1
|move|p1b: Kingambit|Sucker Punch||[still]
|-fail|p1b: Kingambit
|move|p1a: Sneasler|Close Combat|p2a: Porygon2
|-supereffective|p2a: Porygon2
|-damage|p2a: Porygon2|0 fnt
|-unboost|p1a: Sneasler|def|1
|-unboost|p1a: Sneasler|spd|1
|faint|p2a: Porygon2
|move|p2b: Gholdengo|Nasty Plot|p2b: Gholdengo
|-boost|p2b: Gholdengo|spa|0
|
|upkeep
|
|t:|1756520806
|switch|p2a: Incineroar|Incineroar, L50, M|26/100
|-ability|p2a: Incineroar|Intimidate|boost
|-unboost|p1a: Sneasler|atk|1
|-unboost|p1b: Kingambit|atk|1
|-ability|p1b: Kingambit|Defiant|boost
|-boost|p1b: Kingambit|atk|1
|turn|13
|
|t:|1756520818
|move|p1a: Sneasler|Protect|p1a: Sneasler
|-singleturn|p1a: Sneasler|Protect
|move|p1b: Kingambit|Protect|p1b: Kingambit
|-singleturn|p1b: Kingambit|Protect
|move|p2a: Incineroar|Fake Out|p2b: Gholdengo
|-immune|p2b: Gholdengo
|move|p2b: Gholdengo|Make It Rain|p1a: Sneasler|[spread] 
|-activate|p1a: Sneasler|move: Protect
|-activate|p1b: Kingambit|move: Protect
|
|upkeep
|turn|14
|
|t:|1756520836
|move|p1a: Sneasler|Close Combat|p2a: Incineroar
|-supereffective|p2a: Incineroar
|-damage|p2a: Incineroar|0 fnt
|-unboost|p1a: Sneasler|def|1
|-unboost|p1a: Sneasler|spd|1
|faint|p2a: Incineroar
|move|p2b: Gholdengo|Nasty Plot|p2b: Gholdengo
|-boost|p2b: Gholdengo|spa|0
|move|p1b: Kingambit|Kowtow Cleave|p2b: Gholdengo
|-supereffective|p2b: Gholdengo
|-damage|p2b: Gholdengo|0 fnt
|faint|p2b: Gholdengo
|
|win|dabaroniandcheese
|l|Ōśådengonumber1fan
|player|p2|
||dengonumber1fan is ready for game 2.
|inactive|dabaroniandcheese has 30 seconds to confirm battle start!
||dabaroniandcheese is ready for game 2.
|uhtml|next|Next: Game 2 of 3
|j|Ōśådengonumber1fan
|player|p2|dengonumber1fan|benga|
