|j|☆quagyquag
|j|☆Sammias
|html|quagyquagSammias    
|uhtml|bestof|Game 2 of a best-of-3
|t:|1783459644
|gametype|doubles
|player|p1|quagyquag|parasollady|1055
|player|p2|Sammias|miku-ground|1000
|gen|9
|tier|[Gen 9 Champions] VGC 2026 Reg M-B (Bo3)
|rated|
|rule|Species Clause: Limit one of each Pokémon
|rule|Item Clause: Limit 1 of each item
|clearpoke
|poke|p1|Staraptor, L50, F|
|poke|p1|Floette-Eternal, L50, F|
|poke|p1|Grimmsnarl, L50, M|
|poke|p1|Incineroar, L50, F|
|poke|p1|Whimsicott, L50, M|
|poke|p1|Kommo-o, L50, M|
|poke|p2|Floette-Eternal, L50, F|
|poke|p2|Typhlosion-Hisui, L50, M|
|poke|p2|Kingambit, L50, M|
|poke|p2|Garchomp, L50, M|
|poke|p2|Sneasler, L50, F|
|poke|p2|Whimsicott, L50, F, shiny|
|teampreview|4
|showteam|p1|Staraptor||Staraptite|Intimidate|CloseCombat,FinalGambit,Protect,DualWingbeat|Jolly||F|||50|]Floette-Eternal||Floettite|FlowerVeil|CalmMind,LightofRuin,Protect,DazzlingGleam|Modest||F|||50|]Grimmsnarl||LightClay|Prankster|FakeOut,LightScreen,Reflect,PartingShot|Calm||M|||50|]Incineroar||Leftovers|Intimidate|FakeOut,PartingShot,Protect,FlareBlitz|Impish||F|||50|]Whimsicott||MentalHerb|Prankster|Charm,CottonSpore,Encore,HelpingHand|Bold||M|||50|]Kommo-o||SitrusBerry|Overcoat|ClangorousSoul,ClangingScales,Boomburst,FlashCannon|Modest||M|||50|
|showteam|p2|Floette-Eternal||Floettite|FlowerVeil|Moonblast,DazzlingGleam,LightofRuin,Protect|Modest||F|||50|]Typhlosion-Hisui||ChoiceScarf|Blaze|Eruption,ShadowBall,HeatWave,Overheat|Modest||M|||50|]Kingambit||BlackGlasses|Defiant|KowtowCleave,SuckerPunch,SwordsDance,Protect|Adamant||M|||50|]Garchomp||LifeOrb|RoughSkin|DragonClaw,RockSlide,Protect,StompingTantrum|Jolly||M|||50|]Sneasler||WhiteHerb|Unburden|FakeOut,CloseCombat,DireClaw,Taunt|Jolly||F|||50|]Whimsicott||FocusSash|Prankster|Protect,Tailwind,Encore,Moonblast|Timid||F|||50|
|inactive|Battle timer is ON: inactive players will automatically lose when time's up. (requested by Sammias)
|inactive|quagyquag has 60 seconds left.
|
|t:|1783459687
|teamsize|p1|4
|teamsize|p2|4
|start
|switch|p1a: Whimsicott|Whimsicott, L50, M|100/100
|switch|p1b: Floette|Floette-Eternal, L50, F|100/100
|switch|p2a: Typhlosion|Typhlosion-Hisui, L50, M|100/100
|switch|p2b: Sneasler|Sneasler, L50, F|100/100
|turn|1
|
|t:|1783459701
|detailschange|p1b: Floette|Floette-Mega, L50, F
|-mega|p1b: Floette|Floette|Floettite
|-ability|p1b: Floette|Fairy Aura
|move|p1b: Floette|Protect|p1b: Floette
|-singleturn|p1b: Floette|Protect
|move|p2b: Sneasler|Fake Out|p1b: Floette
|-activate|p1b: Floette|move: Protect
|move|p1a: Whimsicott|Cotton Spore|p2b: Sneasler|[spread] p2a,p2b
|-unboost|p2a: Typhlosion|spe|2
|-unboost|p2b: Sneasler|spe|2
|-enditem|p2b: Sneasler|White Herb
|-clearnegativeboost|p2b: Sneasler|[silent]
|move|p2a: Typhlosion|Eruption|p1b: Floette|[spread] p1a
|-activate|p1b: Floette|move: Protect
|-supereffective|p1a: Whimsicott|1
|-damage|p1a: Whimsicott|0 fnt
|faint|p1a: Whimsicott
|
|upkeep
|
|t:|1783459721
|switch|p1a: Grimmsnarl|Grimmsnarl, L50, M|100/100
|turn|2
|inactive|quagyquag has 30 seconds left.
|
|t:|1783459747
|move|p1a: Grimmsnarl|Light Screen|p1a: Grimmsnarl
|-sidestart|p1: quagyquag|move: Light Screen
|move|p2b: Sneasler|Dire Claw|p1b: Floette
|-supereffective|p1b: Floette|1
|-damage|p1b: Floette|1/100
|-status|p1b: Floette|par
|move|p2a: Typhlosion|Eruption|p1b: Floette|[spread] p1a,p1b
|-damage|p1a: Grimmsnarl|71/100
|-damage|p1b: Floette|0 fnt
|faint|p1b: Floette
|
|upkeep
|
|t:|1783459755
|switch|p1b: Kommo-o|Kommo-o, L50, M|100/100
|turn|3
|
|t:|1783459774
|switch|p2a: Whimsicott|Whimsicott, L50, F, shiny|100/100
|move|p1a: Grimmsnarl|Parting Shot|p2b: Sneasler
|-unboost|p2b: Sneasler|atk|1
|-unboost|p2b: Sneasler|spa|1
|move|p2b: Sneasler|Taunt|p1a: Grimmsnarl
|-start|p1a: Grimmsnarl|move: Taunt
|move|p1b: Kommo-o|Clangorous Soul|p1b: Kommo-o
|-boost|p1b: Kommo-o|atk|1
|-boost|p1b: Kommo-o|def|1
|-boost|p1b: Kommo-o|spa|1
|-boost|p1b: Kommo-o|spd|1
|-boost|p1b: Kommo-o|spe|1
|-damage|p1b: Kommo-o|67/100
|
|upkeep
|turn|4
|inactive|quagyquag has 30 seconds left.
|
|t:|1783459800
|move|p2a: Whimsicott|Encore|p1b: Kommo-o
|-start|p1b: Kommo-o|Encore
|move|p2b: Sneasler|Taunt|p1b: Kommo-o
|-start|p1b: Kommo-o|move: Taunt
|cant|p1b: Kommo-o|move: Taunt|Clangorous Soul
|-activate|p1a: Grimmsnarl|move: Struggle
|move|p1a: Grimmsnarl|Struggle|p2a: Whimsicott
|-damage|p2a: Whimsicott|85/100
|-damage|p1a: Grimmsnarl|46/100|[from] recoil
|
|upkeep
|turn|5
|
|t:|1783459813
|move|p2a: Whimsicott|Tailwind|p2a: Whimsicott
|-sidestart|p2: Sammias|move: Tailwind
|move|p2b: Sneasler|Taunt||[still]
|-fail|p2b: Sneasler
|-activate|p1b: Kommo-o|move: Struggle
|move|p1b: Kommo-o|Struggle|p2b: Sneasler
|-damage|p2b: Sneasler|69/100
|-damage|p1b: Kommo-o|41/100|[from] recoil
|-enditem|p1b: Kommo-o|Sitrus Berry|[eat]
|-heal|p1b: Kommo-o|66/100|[from] item: Sitrus Berry
|-activate|p1a: Grimmsnarl|move: Struggle
|move|p1a: Grimmsnarl|Struggle|p2a: Whimsicott
|-damage|p2a: Whimsicott|70/100
|-damage|p1a: Grimmsnarl|20/100y|[from] recoil
|
|upkeep
|turn|6
|
|t:|1783459837
|move|p2a: Whimsicott|Tailwind||[still]
|-fail|p2a: Whimsicott
|move|p2b: Sneasler|Taunt||[still]
|-fail|p2b: Sneasler
|-activate|p1b: Kommo-o|move: Struggle
|move|p1b: Kommo-o|Struggle|p2b: Sneasler
|-damage|p2b: Sneasler|38/100
|-damage|p1b: Kommo-o|41/100|[from] recoil
|-activate|p1a: Grimmsnarl|move: Struggle
|move|p1a: Grimmsnarl|Struggle|p2a: Whimsicott
|-damage|p2a: Whimsicott|55/100
|-damage|p1a: Grimmsnarl|0 fnt|[from] recoil
|faint|p1a: Grimmsnarl
|
|-end|p1b: Kommo-o|move: Taunt
|-end|p1b: Kommo-o|Encore
|upkeep
|turn|7
|
|t:|1783459853
|move|p2b: Sneasler|Dire Claw|p1b: Kommo-o
|-damage|p1b: Kommo-o|27/100
|move|p2a: Whimsicott|Moonblast|p1b: Kommo-o
|-supereffective|p1b: Kommo-o|2
|-damage|p1b: Kommo-o|0 fnt
|faint|p1b: Kommo-o
|
|win|Sammias
|raw|quagyquag's rating: 1055 → 1034(-21 for losing)
|raw|Sammias's rating: 1000 → 1046(+46 for winning)
|l|☆quagyquag
|player|p1|
|c|☆Sammias|ggwp
