|j|☆itssobeak
|j|☆TheDoomDraogn
|html|itssobeakTheDoomDraogn    
|uhtml|bestof|Game 2 of a best-of-3
|t:|1784651086
|gametype|doubles
|player|p1|itssobeak|birdkeeper|1243
|player|p2|TheDoomDraogn|gentleman-gen4|1342
|gen|9
|tier|[Gen 9 Champions] VGC 2026 Reg M-B (Bo3)
|rated|
|rule|Species Clause: Limit one of each Pokémon
|rule|Item Clause: Limit 1 of each item
|clearpoke
|poke|p1|Staraptor, L50, M|
|poke|p1|Weavile, L50, F|
|poke|p1|Whimsicott, L50, F|
|poke|p1|Glimmora, L50, F|
|poke|p1|Kingambit, L50, F|
|poke|p1|Sinistcha, L50|
|poke|p2|Charizard, L50, F, shiny|
|poke|p2|Metagross, L50, shiny|
|poke|p2|Hydreigon, L50, F|
|poke|p2|Incineroar, L50, F|
|poke|p2|Toxapex, L50, F, shiny|
|poke|p2|Annihilape, L50, F, shiny|
|teampreview|4
|showteam|p1|Staraptor||Staraptite|Intimidate|BraveBird,CloseCombat,Uturn,Protect|Jolly||M|||50|]Weavile||WideLens|Pressure|KnockOff,TripleAxel,Taunt,FakeOut|Jolly||F|||50|]Whimsicott||FocusSash|Prankster|Moonblast,Tailwind,Encore,Tickle|Timid||F|||50|]Glimmora||Glimmoranite|ToxicDebris|PowerGem,SludgeBomb,EarthPower,SpikyShield|Timid||F|||50|]Kingambit||BlackGlasses|Defiant|KowtowCleave,SuckerPunch,SwordsDance,Protect|Adamant||F|||50|]Sinistcha||CobaBerry|Hospitality|MatchaGotcha,RagePowder,LifeDew,Protect|Bold|||||50|
|showteam|p2|Charizard||CharizarditeY|Blaze|HeatWave,WeatherBall,SolarBeam,Protect|Modest||F|||50|]Metagross||Metagrossite|ClearBody|PsychicFangs,BulletPunch,IcePunch,Protect|Jolly|||||50|]Hydreigon||ChoiceScarf|Levitate|DarkPulse,DracoMeteor,Snarl,EarthPower|Modest||F|||50|]Incineroar||SitrusBerry|Intimidate|FlareBlitz,ThroatChop,PartingShot,FakeOut|Impish||F|||50|]Toxapex||Leftovers|Regenerator|Infestation,Toxic,WideGuard,BanefulBunker|Relaxed||F|||50|]Annihilape||FocusSash|Defiant|PhantomForce,CloseCombat,RockTomb,Protect|Jolly||F|||50|
|inactive|Battle timer is ON: inactive players will automatically lose when time's up. (requested by itssobeak)
|
|t:|1784651111
|teamsize|p1|4
|teamsize|p2|4
|start
|switch|p1a: Weavile|Weavile, L50, F|100/100
|switch|p1b: Kingambit|Kingambit, L50, F|100/100
|switch|p2a: Charizard|Charizard, L50, F, shiny|100/100
|switch|p2b: Toxapex|Toxapex, L50, F, shiny|100/100
|-ability|p1a: Weavile|Pressure
|turn|1
|inactive|TheDoomDraogn has 30 seconds left.
|
|t:|1784651138
|switch|p2a: Annihilape|Annihilape, L50, F, shiny|100/100
|move|p1a: Weavile|Fake Out|p2a: Annihilape
|-immune|p2a: Annihilape
|move|p1b: Kingambit|Swords Dance|p1b: Kingambit
|-boost|p1b: Kingambit|atk|2
|move|p2b: Toxapex|Infestation|p1a: Weavile
|-supereffective|p1a: Weavile|1
|-damage|p1a: Weavile|90/100
|-activate|p1a: Weavile|move: Infestation|[of] p2b: Toxapex
|
|-damage|p1a: Weavile|78/100|[from] move: Infestation|[partiallytrapped]
|upkeep
|turn|2
|inactive|TheDoomDraogn has 30 seconds left.
|
|t:|1784651172
|move|p2a: Annihilape|Protect|p2a: Annihilape
|-singleturn|p2a: Annihilape|Protect
|move|p1b: Kingambit|Sucker Punch||[still]
|-fail|p1b: Kingambit
|move|p1a: Weavile|Knock Off|p2a: Annihilape
|-activate|p2a: Annihilape|move: Protect
|move|p2b: Toxapex|Toxic|p1a: Weavile
|-status|p1a: Weavile|tox
|
|-damage|p1a: Weavile|72/100 tox|[from] psn
|-damage|p1a: Weavile|59/100 tox|[from] move: Infestation|[partiallytrapped]
|upkeep
|turn|3
|
|t:|1784651191
|move|p1b: Kingambit|Sucker Punch|p2a: Annihilape
|-enditem|p2a: Annihilape|Focus Sash
|-damage|p2a: Annihilape|1/100
|move|p1a: Weavile|Knock Off|p2a: Annihilape
|-damage|p2a: Annihilape|0 fnt
|faint|p2a: Annihilape
|move|p2b: Toxapex|Infestation|p1b: Kingambit
|-crit|p1b: Kingambit
|-damage|p1b: Kingambit|95/100
|-activate|p1b: Kingambit|move: Infestation|[of] p2b: Toxapex
|
|-damage|p1a: Weavile|47/100 tox|[from] psn
|-damage|p1a: Weavile|35/100 tox|[from] move: Infestation|[partiallytrapped]
|-damage|p1b: Kingambit|82/100|[from] move: Infestation|[partiallytrapped]
|upkeep
|
|t:|1784651204
|switch|p2a: Hydreigon|Hydreigon, L50, F|100/100
|turn|4
|
|t:|1784651214
|move|p1b: Kingambit|Protect|p1b: Kingambit
|-singleturn|p1b: Kingambit|Protect
|move|p2a: Hydreigon|Earth Power|p1a: Weavile
|-crit|p1a: Weavile
|-damage|p1a: Weavile|0 fnt
|faint|p1a: Weavile
|move|p2b: Toxapex|Infestation|p1b: Kingambit
|-activate|p1b: Kingambit|move: Protect
|
|-damage|p1b: Kingambit|70/100|[from] move: Infestation|[partiallytrapped]
|upkeep
|
|t:|1784651222
|switch|p1a: Whimsicott|Whimsicott, L50, F|100/100
|turn|5
|
|t:|1784651231
|move|p2a: Hydreigon|Earth Power|p1b: Kingambit
|-supereffective|p1b: Kingambit|1
|-damage|p1b: Kingambit|8/100
|move|p1a: Whimsicott|Moonblast|p2a: Hydreigon
|-supereffective|p2a: Hydreigon|2
|-crit|p2a: Hydreigon
|-damage|p2a: Hydreigon|0 fnt
|faint|p2a: Hydreigon
|move|p1b: Kingambit|Kowtow Cleave|p2b: Toxapex
|-damage|p2b: Toxapex|19/100
|move|p2b: Toxapex|Toxic|p1a: Whimsicott
|-status|p1a: Whimsicott|tox
|
|-heal|p2b: Toxapex|24/100|[from] item: Leftovers
|-damage|p1a: Whimsicott|94/100 tox|[from] psn
|-damage|p1b: Kingambit|0 fnt|[from] move: Infestation|[partiallytrapped]
|faint|p1b: Kingambit
|upkeep
|
|t:|1784651247
|switch|p2a: Charizard|Charizard, L50, F, shiny|100/100
|switch|p1b: Glimmora|Glimmora, L50, F|100/100
|turn|6
|
|t:|1784651258
|detailschange|p1b: Glimmora|Glimmora-Mega, L50, F
|-mega|p1b: Glimmora|Glimmora|Glimmoranite
|move|p2a: Charizard|Protect|p2a: Charizard
|-singleturn|p2a: Charizard|Protect
|move|p1a: Whimsicott|Encore|p2b: Toxapex
|-start|p2b: Toxapex|Encore
|move|p1b: Glimmora|Power Gem|p2a: Charizard
|-activate|p2a: Charizard|move: Protect
|move|p2b: Toxapex|Toxic|p1a: Whimsicott
|-fail|p1a: Whimsicott|tox
|
|-heal|p2b: Toxapex|30/100|[from] item: Leftovers
|-damage|p1a: Whimsicott|82/100 tox|[from] psn
|upkeep
|turn|7
|-message|TheDoomDraogn forfeited.
|
|win|itssobeak
|raw|itssobeak's rating: 1243 → 1275(+32 for winning)
|raw|TheDoomDraogn's rating: 1342 → 1316(-26 for losing)
