|j|☆GiorgiusGamer
|j|☆Zevenit
|html|GiorgiusGamerZevenit    
|uhtml|bestof|Game 2 of a best-of-3
|t:|1757753219
|gametype|doubles
|player|p1|GiorgiusGamer|266|1097
|player|p2|Zevenit|hoopster|1170
|gen|9
|tier|[Gen 9] VGC 2025 Reg H (Bo3)
|rated|
|rule|Species Clause: Limit one of each Pokémon
|rule|Item Clause: Limit 1 of each item
|clearpoke
|poke|p1|Clefairy, L50, F|
|poke|p1|Ursaluna, L50, M|
|poke|p1|Rillaboom, L50, M|
|poke|p1|Dragonite, L50, F|
|poke|p1|Gholdengo, L50|
|poke|p1|Sneasler, L50, F|
|poke|p2|Charizard, L50, F|
|poke|p2|Torkoal, L50, M|
|poke|p2|Porygon2, L50|
|poke|p2|Incineroar, L50, M|
|poke|p2|Jumpluff, L50, F|
|poke|p2|Ursaluna, L50, F|
|teampreview|4
|showteam|p1|Clefairy||Eviolite|FriendGuard|DazzlingGleam,FollowMe,Encore,IcyWind|||F|||50|,,,,,Fairy]Ursaluna||FlameOrb|Guts|Facade,HeadlongRush,Earthquake,Protect|||M|||50|,,,,,Water]Rillaboom||AssaultVest|GrassySurge|WoodHammer,GrassyGlide,HighHorsepower,FakeOut|||M|||50|,,,,,Grass]Dragonite||LoadedDice|Multiscale|ScaleShot,TeraBlast,Haze,Tailwind|||F|||50|,,,,,Flying]Gholdengo||LifeOrb|GoodasGold|MakeItRain,ShadowBall,NastyPlot,Protect||||||50|,,,,,Steel]Sneasler||FocusSash|Unburden|DireClaw,CloseCombat,Coaching,Protect|||F|||50|,,,,,Stellar
|showteam|p2|Charizard||ChoiceSpecs|SolarPower|HeatWave,Overheat,WeatherBall,AirSlash|||F|||50|,,,,,Ghost]Torkoal||EjectPack|Drought|Eruption,Overheat,HelpingHand,Protect|||M|||50|,,,,,Fire]Porygon2||Eviolite|Download|TeraBlast,IceBeam,Recover,TrickRoom||||||50|,,,,,Flying]Incineroar||SitrusBerry|Intimidate|FlareBlitz,KnockOff,FakeOut,PartingShot|||M|||50|,,,,,Ghost]Jumpluff||CovertCloak|Chlorophyll|SleepPowder,SunnyDay,RagePowder,Tailwind|||F|||50|,,,,,Water]Ursaluna||FlameOrb|Guts|HeadlongRush,Facade,Earthquake,Protect|||F|||50|,,,,,Ghost
|inactive|Battle timer is ON: inactive players will automatically lose when time's up. (requested by Zevenit)
|
|t:|1757753233
|teamsize|p1|4
|teamsize|p2|4
|start
|switch|p1a: Clefairy|Clefairy, L50, F|100/100
|switch|p1b: Sneasler|Sneasler, L50, F|100/100
|switch|p2a: Torkoal|Torkoal, L50, M|100/100
|switch|p2b: Jumpluff|Jumpluff, L50, F|100/100
|-weather|SunnyDay|[from] ability: Drought|[of] p2a: Torkoal
|turn|1
|
|t:|1757753254
|-terastallize|p2b: Jumpluff|Water
|move|p1a: Clefairy|Follow Me|p1a: Clefairy
|-singleturn|p1a: Clefairy|move: Follow Me
|move|p2b: Jumpluff|Tailwind|p2b: Jumpluff
|-sidestart|p2: Zevenit|move: Tailwind
|move|p1b: Sneasler|Dire Claw|p2b: Jumpluff
|-damage|p2b: Jumpluff|50/100
|move|p2a: Torkoal|Overheat|p1a: Clefairy
|-damage|p1a: Clefairy|33/100
|-unboost|p2a: Torkoal|spa|2
|-enditem|p2a: Torkoal|Eject Pack
|
|t:|1757753271
|switch|p2a: Charizard|Charizard, L50, F|100/100
|
|-weather|SunnyDay|[upkeep]
|-damage|p2a: Charizard|88/100|[from] ability: Solar Power|[of] p2a: Charizard
|upkeep
|turn|2
|
|t:|1757753287
|move|p2b: Jumpluff|Rage Powder|p2b: Jumpluff
|-singleturn|p2b: Jumpluff|move: Rage Powder
|move|p1a: Clefairy|Follow Me|p1a: Clefairy
|-singleturn|p1a: Clefairy|move: Follow Me
|move|p2a: Charizard|Heat Wave|p1a: Clefairy|[spread] p1a,p1b
|-damage|p1a: Clefairy|0 fnt
|-enditem|p1b: Sneasler|Focus Sash
|-damage|p1b: Sneasler|1/100
|faint|p1a: Clefairy
|move|p1b: Sneasler|Dire Claw|p2b: Jumpluff
|-damage|p2b: Jumpluff|2/100
|
|-weather|SunnyDay|[upkeep]
|-damage|p2a: Charizard|76/100|[from] ability: Solar Power|[of] p2a: Charizard
|upkeep
|
|t:|1757753301
|switch|p1a: Rillaboom|Rillaboom, L50, M|100/100
|-fieldstart|move: Grassy Terrain|[from] ability: Grassy Surge|[of] p1a: Rillaboom
|turn|3
|
|t:|1757753320
|switch|p2b: Incineroar|Incineroar, L50, M|100/100
|-ability|p2b: Incineroar|Intimidate|boost
|-unboost|p1a: Rillaboom|atk|1
|-unboost|p1b: Sneasler|atk|1
|move|p1a: Rillaboom|Fake Out|p2a: Charizard
|-damage|p2a: Charizard|61/100
|move|p1b: Sneasler|Dire Claw|p2b: Incineroar
|-damage|p2b: Incineroar|71/100
|cant|p2a: Charizard|flinch
|
|-weather|SunnyDay|[upkeep]
|-damage|p2a: Charizard|48/100|[from] ability: Solar Power|[of] p2a: Charizard
|-heal|p1b: Sneasler|7/100|[from] Grassy Terrain
|-heal|p2b: Incineroar|77/100|[from] Grassy Terrain
|upkeep
|turn|4
|inactive|GiorgiusGamer has 30 seconds left.
|inactive|Zevenit has 30 seconds left.
|
|t:|1757753355
|move|p1b: Sneasler|Protect|p1b: Sneasler
|-singleturn|p1b: Sneasler|Protect
|move|p1a: Rillaboom|Grassy Glide|p2a: Charizard
|-resisted|p2a: Charizard
|-damage|p2a: Charizard|40/100
|move|p2a: Charizard|Heat Wave|p1b: Sneasler|[spread] 
|-activate|p1b: Sneasler|move: Protect
|-miss|p2a: Charizard|p1a: Rillaboom
|move|p2b: Incineroar|Parting Shot|p1a: Rillaboom
|-unboost|p1a: Rillaboom|atk|1
|-unboost|p1a: Rillaboom|spa|1
|
|t:|1757753365
|switch|p2b: Jumpluff|Jumpluff, L50, F, tera:Water|2/100|[from] Parting Shot
|
|-weather|SunnyDay|[upkeep]
|-damage|p2a: Charizard|27/100|[from] ability: Solar Power|[of] p2a: Charizard
|-heal|p2b: Jumpluff|8/100|[from] Grassy Terrain
|-heal|p1b: Sneasler|13/100|[from] Grassy Terrain
|-sideend|p2: Zevenit|move: Tailwind
|upkeep
|turn|5
|inactive|GiorgiusGamer has 30 seconds left.
|
|t:|1757753396
|switch|p2b: Incineroar|Incineroar, L50, M|77/100
|-ability|p2b: Incineroar|Intimidate|boost
|-unboost|p1a: Rillaboom|atk|1
|-unboost|p1b: Sneasler|atk|1
|move|p1a: Rillaboom|Grassy Glide|p2b: Incineroar
|-resisted|p2b: Incineroar
|-damage|p2b: Incineroar|69/100
|move|p1b: Sneasler|Dire Claw|p2a: Charizard
|-damage|p2a: Charizard|0 fnt
|faint|p2a: Charizard
|
|-weather|none
|-heal|p1b: Sneasler|18/100|[from] Grassy Terrain
|-heal|p2b: Incineroar|75/100|[from] Grassy Terrain
|upkeep
|inactive|Zevenit has 30 seconds left.
|
|t:|1757753422
|switch|p2a: Torkoal|Torkoal, L50, M|100/100
|-weather|SunnyDay|[from] ability: Drought|[of] p2a: Torkoal
|turn|6
|
|t:|1757753436
|move|p2b: Incineroar|Fake Out|p1b: Sneasler
|-damage|p1b: Sneasler|0 fnt
|faint|p1b: Sneasler
|move|p1a: Rillaboom|High Horsepower|p2a: Torkoal
|-supereffective|p2a: Torkoal
|-damage|p2a: Torkoal|80/100
|move|p2a: Torkoal|Eruption|p1a: Rillaboom
|-supereffective|p1a: Rillaboom
|-damage|p1a: Rillaboom|0 fnt
|faint|p1a: Rillaboom
|
|-weather|SunnyDay|[upkeep]
|-heal|p2b: Incineroar|81/100|[from] Grassy Terrain
|-heal|p2a: Torkoal|86/100|[from] Grassy Terrain
|upkeep
|
|t:|1757753444
|switch|p1b: Ursaluna|Ursaluna, L50, M|100/100
|turn|7
|
|t:|1757753453
|switch|p2a: Jumpluff|Jumpluff, L50, F, tera:Water|8/100
|move|p1b: Ursaluna|Protect|p1b: Ursaluna
|-singleturn|p1b: Ursaluna|Protect
|move|p2b: Incineroar|Knock Off|p1b: Ursaluna
|-activate|p1b: Ursaluna|move: Protect
|
|-weather|SunnyDay|[upkeep]
|-heal|p2a: Jumpluff|14/100|[from] Grassy Terrain
|-heal|p2b: Incineroar|87/100|[from] Grassy Terrain
|-fieldend|move: Grassy Terrain
|-status|p1b: Ursaluna|brn|[from] item: Flame Orb
|upkeep
|turn|8
|inactive|GiorgiusGamer has 30 seconds left.
|
|t:|1757753487
|-terastallize|p1b: Ursaluna|Water
|move|p2a: Jumpluff|Tailwind|p2a: Jumpluff
|-sidestart|p2: Zevenit|move: Tailwind
|move|p2b: Incineroar|Parting Shot|p1b: Ursaluna
|-unboost|p1b: Ursaluna|atk|1
|-unboost|p1b: Ursaluna|spa|1
|
|t:|1757753492
|switch|p2b: Torkoal|Torkoal, L50, M|86/100|[from] Parting Shot
|move|p1b: Ursaluna|Facade|p2b: Torkoal
|-damage|p2b: Torkoal|21/100
|
|-weather|SunnyDay|[upkeep]
|-damage|p1b: Ursaluna|95/100 brn|[from] brn
|upkeep
|turn|9
|
|t:|1757753517
|switch|p2a: Incineroar|Incineroar, L50, M|87/100
|-ability|p2a: Incineroar|Intimidate|boost
|-unboost|p1b: Ursaluna|atk|1
|move|p1b: Ursaluna|Earthquake|p2a: Incineroar|[spread] p2a,p2b
|-supereffective|p2a: Incineroar
|-supereffective|p2b: Torkoal
|-damage|p2a: Incineroar|25/100
|-damage|p2b: Torkoal|0 fnt
|-enditem|p2a: Incineroar|Sitrus Berry|[eat]
|-heal|p2a: Incineroar|50/100|[from] item: Sitrus Berry
|faint|p2b: Torkoal
|
|-weather|SunnyDay|[upkeep]
|-damage|p1b: Ursaluna|89/100 brn|[from] brn
|upkeep
|
|t:|1757753523
|switch|p2b: Jumpluff|Jumpluff, L50, F, tera:Water|14/100
|turn|10
|
|t:|1757753544
|move|p2a: Incineroar|Fake Out|p1b: Ursaluna
|-damage|p1b: Ursaluna|79/100 brn
|move|p2b: Jumpluff|Rage Powder|p2b: Jumpluff
|-singleturn|p2b: Jumpluff|move: Rage Powder
|cant|p1b: Ursaluna|flinch
|
|-weather|none
|-damage|p1b: Ursaluna|73/100 brn|[from] brn
|upkeep
|turn|11
|
|t:|1757753550
|move|p2b: Jumpluff|Sunny Day|p2b: Jumpluff
|-weather|SunnyDay
|move|p2a: Incineroar|Flare Blitz|p1b: Ursaluna
|-resisted|p1b: Ursaluna
|-damage|p1b: Ursaluna|40/100 brn
|-damage|p2a: Incineroar|38/100|[from] Recoil
|move|p1b: Ursaluna|Facade|p2a: Incineroar
|-damage|p2a: Incineroar|0 fnt
|faint|p2a: Incineroar
|
|-weather|SunnyDay|[upkeep]
|-damage|p1b: Ursaluna|34/100 brn|[from] brn
|-sideend|p2: Zevenit|move: Tailwind
|upkeep
|turn|12
|-message|Zevenit forfeited.
|
|win|GiorgiusGamer
|l|☆Zevenit
|player|p2|
||Zevenit is ready for game 3.
||GiorgiusGamer is ready for game 3.
|uhtml|next|Next: Game 3 of 3
|l|☆GiorgiusGamer
|player|p1|
