|j|☆tmmc01
|j|☆jiaco5
|html|tmmc01jiaco5    
|uhtml|bestof|Game 2 of a best-of-3
|t:|1784304081
|gametype|doubles
|player|p1|tmmc01|artist-gen4|1169
|player|p2|jiaco5|101|1281
|gen|9
|tier|[Gen 9 Champions] VGC 2026 Reg M-B (Bo3)
|rated|
|rule|Species Clause: Limit one of each Pokémon
|rule|Item Clause: Limit 1 of each item
|clearpoke
|poke|p1|Vileplume, L50, M|
|poke|p1|Charizard, L50, M|
|poke|p1|Farigiraf, L50, M|
|poke|p1|Basculegion, L50, M|
|poke|p1|Kingambit, L50, F|
|poke|p1|Kangaskhan, L50, F|
|poke|p2|Blastoise, L50, F|
|poke|p2|Sinistcha, L50|
|poke|p2|Delphox, L50, M|
|poke|p2|Sneasler, L50, M|
|poke|p2|Incineroar, L50, F|
|poke|p2|Kingambit, L50, F|
|teampreview|4
|showteam|p1|Vileplume||FocusSash|Chlorophyll|Protect,SleepPowder,SludgeBomb,AfterYou|Timid||M|||50|]Charizard||CharizarditeY|Blaze|Protect,HeatWave,SolarBeam,WeatherBall|Modest||M|||50|]Farigiraf||SitrusBerry|ArmorTail|TrickRoom,HelpingHand,PsychicFangs,Thunderbolt|Relaxed||M|||50|]Basculegion||ChoiceScarf|Adaptability|LastRespects,WaveCrash,FlipTurn,Soak|Jolly||M|||50|]Kingambit||BlackGlasses|Defiant|SwordsDance,Protect,KowtowCleave,SuckerPunch|Brave||F|||50|]Kangaskhan||Kangaskhanite|Scrappy|FakeOut,HammerArm,DoubleEdge,SuckerPunch|Brave||F|||50|
|showteam|p2|Blastoise||Blastoisinite|RainDish|WaterSpout,DarkPulse,ShellSmash,Protect|Modest||F|||50|]Sinistcha||OccaBerry|Hospitality|MatchaGotcha,TrickRoom,RagePowder,Protect|Relaxed|||||50|]Delphox||Delphoxite|Blaze|HeatWave,Psychic,NastyPlot,Protect|Timid||M|||50|]Sneasler||FocusSash|PoisonTouch|CloseCombat,PoisonJab,FakeOut,QuickGuard|Jolly||M|||50|]Incineroar||SitrusBerry|Intimidate|FlareBlitz,FakeOut,Taunt,PartingShot|Impish||F|||50|]Kingambit||LifeOrb|Defiant|KowtowCleave,SuckerPunch,SwordsDance,Protect|Adamant||F|||50|
|inactive|Battle timer is ON: inactive players will automatically lose when time's up. (requested by tmmc01)
|
|t:|1784304107
|teamsize|p1|4
|teamsize|p2|4
|start
|switch|p1a: Vileplume|Vileplume, L50, M|100/100
|switch|p1b: Charizard|Charizard, L50, M|100/100
|switch|p2a: Delphox|Delphox, L50, M|100/100
|switch|p2b: Sneasler|Sneasler, L50, M|100/100
|turn|1
|inactive|tmmc01 has 30 seconds left.
|inactive|tmmc01 has 20 seconds left.
|
|t:|1784304148
|detailschange|p2a: Delphox|Delphox-Mega, L50, M
|-mega|p2a: Delphox|Delphox|Delphoxite
|detailschange|p1b: Charizard|Charizard-Mega-Y, L50, M
|-mega|p1b: Charizard|Charizard|Charizardite Y
|-weather|SunnyDay|[from] ability: Drought|[of] p1b: Charizard
|move|p2b: Sneasler|Fake Out|p1a: Vileplume
|-damage|p1a: Vileplume|82/100
|cant|p1a: Vileplume|flinch
|move|p2a: Delphox|Psychic|p1a: Vileplume
|-supereffective|p1a: Vileplume|1
|-damage|p1a: Vileplume|0 fnt
|faint|p1a: Vileplume
|move|p1b: Charizard|Heat Wave|p2a: Delphox|[spread] p2a,p2b
|-resisted|p2a: Delphox|1
|-damage|p2a: Delphox|75/100
|-damage|p2b: Sneasler|10/100
|
|-weather|SunnyDay|[upkeep]
|upkeep
|
|t:|1784304171
|switch|p1a: Basculegion|Basculegion, L50, M|100/100
|turn|2
|
|t:|1784304185
|switch|p2a: Incineroar|Incineroar, L50, F|100/100
|-ability|p2a: Incineroar|Intimidate|boost
|-unboost|p1a: Basculegion|atk|1
|-unboost|p1b: Charizard|atk|1
|move|p1a: Basculegion|Last Respects|p2a: Incineroar
|-resisted|p2a: Incineroar|1
|-damage|p2a: Incineroar|85/100
|move|p2b: Sneasler|Poison Jab|p1b: Charizard
|-damage|p1b: Charizard|65/100
|move|p1b: Charizard|Heat Wave|p2a: Incineroar|[spread] p2a,p2b
|-resisted|p2a: Incineroar|1
|-damage|p2a: Incineroar|55/100
|-damage|p2b: Sneasler|0 fnt
|faint|p2b: Sneasler
|
|-weather|SunnyDay|[upkeep]
|upkeep
|
|t:|1784304208
|switch|p2b: Sinistcha|Sinistcha, L50|100/100
|-heal|p2a: Incineroar|80/100|[from] ability: Hospitality|[of] p2b: Sinistcha
|turn|3
|
|t:|1784304226
|switch|p1a: Farigiraf|Farigiraf, L50, M|100/100
|move|p2a: Incineroar|Fake Out||[still]
|cant|p1a: Farigiraf|ability: Armor Tail|Fake Out|[of] p2a: Incineroar
|move|p1b: Charizard|Weather Ball|p2b: Sinistcha
|-supereffective|p2b: Sinistcha|1
|-enditem|p2b: Sinistcha|Occa Berry|[eat]
|-enditem|p2b: Sinistcha|Occa Berry|[weaken]
|-damage|p2b: Sinistcha|26/100
|move|p2b: Sinistcha|Trick Room|p2b: Sinistcha
|-fieldstart|move: Trick Room|[of] p2b: Sinistcha
|
|-weather|SunnyDay|[upkeep]
|upkeep
|turn|4
|
|t:|1784304248
|move|p1a: Farigiraf|Psychic Fangs|p2b: Sinistcha
|-damage|p2b: Sinistcha|4/100
|move|p2b: Sinistcha|Matcha Gotcha|p1b: Charizard|[spread] p1a,p1b
|-resisted|p1b: Charizard|2
|-damage|p1a: Farigiraf|75/100
|-heal|p2b: Sinistcha|19/100|[from] drain|[of] p1a: Farigiraf
|-damage|p1b: Charizard|60/100
|-heal|p2b: Sinistcha|22/100|[from] drain|[of] p1b: Charizard
|move|p2a: Incineroar|Flare Blitz|p1a: Farigiraf
|-damage|p1a: Farigiraf|17/100
|-enditem|p1a: Farigiraf|Sitrus Berry|[eat]
|-heal|p1a: Farigiraf|42/100|[from] item: Sitrus Berry
|-damage|p2a: Incineroar|59/100|[from] Recoil
|move|p1b: Charizard|Heat Wave|p2b: Sinistcha|[spread] p2a,p2b
|-resisted|p2a: Incineroar|1
|-supereffective|p2b: Sinistcha|1
|-damage|p2a: Incineroar|32/100
|-damage|p2b: Sinistcha|0 fnt
|-enditem|p2a: Incineroar|Sitrus Berry|[eat]
|-heal|p2a: Incineroar|57/100|[from] item: Sitrus Berry
|faint|p2b: Sinistcha
|
|-weather|SunnyDay|[upkeep]
|upkeep
|
|t:|1784304267
|switch|p2b: Delphox|Delphox-Mega, L50, M|75/100
|turn|5
|inactive|jiaco5 has 30 seconds left.
|
|t:|1784304294
|move|p1a: Farigiraf|Helping Hand|p1b: Charizard
|-singleturn|p1b: Charizard|Helping Hand|[of] p1a: Farigiraf
|move|p2b: Delphox|Protect|p2b: Delphox
|-singleturn|p2b: Delphox|Protect
|move|p2a: Incineroar|Parting Shot|p1b: Charizard
|-unboost|p1b: Charizard|atk|1
|-unboost|p1b: Charizard|spa|1
|move|p1b: Charizard|Weather Ball|p2a: Incineroar
|-resisted|p2a: Incineroar|1
|-damage|p2a: Incineroar|18/100
|
|-weather|none
|upkeep
|turn|6
|inactive|jiaco5 has 30 seconds left.
|
|t:|1784304323
|move|p1a: Farigiraf|Thunderbolt|p2a: Incineroar
|-damage|p2a: Incineroar|0 fnt
|faint|p2a: Incineroar
|move|p1b: Charizard|Heat Wave|p2b: Delphox
|-resisted|p2b: Delphox|1
|-damage|p2b: Delphox|59/100
|move|p2b: Delphox|Nasty Plot|p2b: Delphox
|-boost|p2b: Delphox|spa|2
|
|upkeep
|turn|7
|
|t:|1784304338
|move|p1a: Farigiraf|Thunderbolt|p2b: Delphox
|-damage|p2b: Delphox|40/100
|move|p1b: Charizard|Weather Ball|p2b: Delphox
|-damage|p2b: Delphox|29/100
|move|p2b: Delphox|Psychic|p1b: Charizard
|-damage|p1b: Charizard|0 fnt
|faint|p1b: Charizard
|
|-fieldend|move: Trick Room
|upkeep
|-message|jiaco5 forfeited.
|
|win|tmmc01
||jiaco5 is ready for game 3.
||tmmc01 is ready for game 3.
|uhtml|next|Next: Game 3 of 3
