|j|☆jonas.weevil
|j|☆failandimprove3
|html|jonas.weevilfailandimprove3    
|uhtml|bestof|Game 2 of a best-of-3
|t:|1783722427
|gametype|doubles
|player|p1|jonas.weevil|169|1359
|player|p2|failandimprove3|101|1447
|gen|9
|tier|[Gen 9 Champions] VGC 2026 Reg M-B (Bo3)
|rated|
|rule|Species Clause: Limit one of each Pokémon
|rule|Item Clause: Limit 1 of each item
|clearpoke
|poke|p1|Charizard, L50, F, shiny|
|poke|p1|Venusaur, L50, F, shiny|
|poke|p1|Garchomp, L50, M|
|poke|p1|Sylveon, L50, F, shiny|
|poke|p1|Incineroar, L50, M|
|poke|p1|Farigiraf, L50, M, shiny|
|poke|p2|Charizard, L50, M|
|poke|p2|Floette-Eternal, L50, F|
|poke|p2|Whimsicott, L50, M|
|poke|p2|Basculegion, L50, M|
|poke|p2|Kingambit, L50, F|
|poke|p2|Garchomp, L50, F|
|teampreview|4
|showteam|p1|Charizard||CharizarditeY|Blaze|WeatherBall,HeatWave,HelpingHand,Protect|Modest||F|||50|]Venusaur||WiseGlasses|Chlorophyll|LeafStorm,SludgeBomb,EarthPower,Protect|Modest||F|||50|]Garchomp||LifeOrb|RoughSkin|DragonClaw,Earthquake,RockSlide,Protect|Jolly||M|||50|]Sylveon||FairyFeather|Pixilate|HyperVoice,HyperBeam,QuickAttack,Detect|Quiet||F|||50|]Incineroar||Charcoal|Intimidate|FlareBlitz,DarkestLariat,PartingShot,FakeOut|Brave||M|||50|]Farigiraf||SitrusBerry|ArmorTail|Psychic,Thunderbolt,HelpingHand,TrickRoom|Quiet||M|||50|
|showteam|p2|Charizard||CharizarditeY|Blaze|HeatWave,WeatherBall,SolarBeam,Protect|Modest||M|||50|]Floette-Eternal||Floettite|FlowerVeil|Moonblast,DazzlingGleam,LightofRuin,Protect|Timid||F|||50|]Whimsicott||FocusSash|Prankster|Moonblast,Tailwind,Encore,Protect|Timid||M|||50|]Basculegion||MysticWater|Adaptability|WaveCrash,LastRespects,AquaJet,Protect|Adamant||M|||50|]Kingambit||ChopleBerry|Defiant|KowtowCleave,SuckerPunch,IronHead,LowKick|Adamant||F|||50|]Garchomp||LifeOrb|RoughSkin|Earthquake,RockSlide,DragonClaw,Protect|Jolly||F|||50|
|
|t:|1783722463
|teamsize|p1|4
|teamsize|p2|4
|start
|switch|p1a: Garchomp|Garchomp, L50, M|100/100
|switch|p1b: Meiwes|Charizard, L50, F, shiny|100/100
|switch|p2a: Charizard|Charizard, L50, M|100/100
|switch|p2b: Whimsicott|Whimsicott, L50, M|100/100
|turn|1
|
|t:|1783722497
|switch|p2a: Garchomp|Garchomp, L50, F|100/100
|detailschange|p1b: Meiwes|Charizard-Mega-Y, L50, F, shiny
|-mega|p1b: Meiwes|Charizard|Charizardite Y
|-weather|SunnyDay|[from] ability: Drought|[of] p1b: Meiwes
|move|p2b: Whimsicott|Protect|p2b: Whimsicott
|-singleturn|p2b: Whimsicott|Protect
|move|p1a: Garchomp|Rock Slide|p2a: Garchomp|[spread] p2a
|-activate|p2b: Whimsicott|move: Protect
|-resisted|p2a: Garchomp|1
|-damage|p2a: Garchomp|88/100
|-damage|p1a: Garchomp|90/100|[from] item: Life Orb
|move|p1b: Meiwes|Heat Wave|p2a: Garchomp|[spread] p2a
|-activate|p2b: Whimsicott|move: Protect
|-resisted|p2a: Garchomp|1
|-damage|p2a: Garchomp|53/100
|
|-weather|SunnyDay|[upkeep]
|upkeep
|turn|2
|
|t:|1783722532
|switch|p1b: Chef|Incineroar, L50, M|100/100
|-ability|p1b: Chef|Intimidate|boost
|-unboost|p2a: Garchomp|atk|1
|-unboost|p2b: Whimsicott|atk|1
|move|p2b: Whimsicott|Tailwind|p2b: Whimsicott
|-sidestart|p2: failandimprove3|move: Tailwind
|move|p2a: Garchomp|Dragon Claw|p1a: Garchomp
|-supereffective|p1a: Garchomp|1
|-damage|p1a: Garchomp|22/100
|-damage|p2a: Garchomp|41/100|[from] ability: Rough Skin|[of] p1a: Garchomp
|-damage|p2a: Garchomp|32/100|[from] item: Life Orb
|move|p1a: Garchomp|Dragon Claw|p2a: Garchomp
|-supereffective|p2a: Garchomp|1
|-damage|p2a: Garchomp|0 fnt
|-damage|p1a: Garchomp|10/100|[from] ability: Rough Skin|[of] p2a: Garchomp
|faint|p2a: Garchomp
|-damage|p1a: Garchomp|1/100|[from] item: Life Orb
|
|-weather|SunnyDay|[upkeep]
|upkeep
|
|t:|1783722539
|switch|p2a: Charizard|Charizard, L50, M|100/100
|turn|3
|
|t:|1783722563
|detailschange|p2a: Charizard|Charizard-Mega-Y, L50, M
|-mega|p2a: Charizard|Charizard|Charizardite Y
|move|p1a: Garchomp|Protect|p1a: Garchomp
|-singleturn|p1a: Garchomp|Protect
|move|p2b: Whimsicott|Moonblast|p1a: Garchomp
|-activate|p1a: Garchomp|move: Protect
|move|p2a: Charizard|Heat Wave|p1a: Garchomp|[spread] p1b
|-activate|p1a: Garchomp|move: Protect
|-resisted|p1b: Chef|1
|-damage|p1b: Chef|67/100
|move|p1b: Chef|Parting Shot|p2a: Charizard
|-unboost|p2a: Charizard|atk|1
|-unboost|p2a: Charizard|spa|1
|
|t:|1783722579
|switch|p1b: Meiwes|Charizard-Mega-Y, L50, F, shiny|100/100|[from] Parting Shot
|
|-weather|SunnyDay|[upkeep]
|upkeep
|turn|4
|
|t:|1783722604
|switch|p1a: Chef|Incineroar, L50, M|67/100
|-ability|p1a: Chef|Intimidate|boost
|-unboost|p2a: Charizard|atk|1
|-unboost|p2b: Whimsicott|atk|1
|move|p2b: Whimsicott|Moonblast|p1b: Meiwes
|-resisted|p1b: Meiwes|1
|-damage|p1b: Meiwes|84/100
|move|p2a: Charizard|Heat Wave|p1a: Chef|[spread] p1a,p1b
|-resisted|p1a: Chef|1
|-resisted|p1b: Meiwes|1
|-damage|p1a: Chef|48/100
|-damage|p1b: Meiwes|68/100
|move|p1b: Meiwes|Heat Wave|p2a: Charizard|[spread] p2a,p2b
|-resisted|p2a: Charizard|1
|-crit|p2a: Charizard
|-supereffective|p2b: Whimsicott|1
|-damage|p2a: Charizard|61/100
|-enditem|p2b: Whimsicott|Focus Sash
|-damage|p2b: Whimsicott|1/100
|
|-weather|SunnyDay|[upkeep]
|upkeep
|turn|5
|
|t:|1783722677
|move|p2b: Whimsicott|Protect|p2b: Whimsicott
|-singleturn|p2b: Whimsicott|Protect
|move|p2a: Charizard|Protect|p2a: Charizard
|-singleturn|p2a: Charizard|Protect
|move|p1b: Meiwes|Heat Wave|p2a: Charizard|[spread] 
|-activate|p2a: Charizard|move: Protect
|-activate|p2b: Whimsicott|move: Protect
|move|p1a: Chef|Parting Shot|p2a: Charizard
|-activate|p2a: Charizard|move: Protect
|
|-weather|none
|-sideend|p2: failandimprove3|move: Tailwind
|upkeep
|turn|6
|
|t:|1783722706
|move|p2b: Whimsicott|Moonblast|p1a: Chef
|-damage|p1a: Chef|14/100
|move|p2a: Charizard|Heat Wave|p1a: Chef|[spread] p1a,p1b
|-resisted|p1a: Chef|1
|-resisted|p1b: Meiwes|1
|-damage|p1a: Chef|1/100
|-damage|p1b: Meiwes|57/100
|move|p1b: Meiwes|Heat Wave|p2a: Charizard|[spread] p2a,p2b
|-resisted|p2a: Charizard|1
|-crit|p2a: Charizard
|-supereffective|p2b: Whimsicott|1
|-damage|p2a: Charizard|36/100
|-damage|p2b: Whimsicott|0 fnt
|faint|p2b: Whimsicott
|move|p1a: Chef|Parting Shot|p2a: Charizard
|-unboost|p2a: Charizard|atk|1
|-unboost|p2a: Charizard|spa|1
|
|t:|1783722720
|switch|p1a: Garchomp|Garchomp, L50, M|1/100|[from] Parting Shot
|
|upkeep
|
|t:|1783722727
|switch|p2b: Kingambit|Kingambit, L50, F|100/100
|turn|7
|inactive|Battle timer is ON: inactive players will automatically lose when time's up. (requested by failandimprove3)
|
|t:|1783722780
|switch|p1b: Kafka|Venusaur, L50, F, shiny|100/100
|move|p2b: Kingambit|Sucker Punch||[still]
|-fail|p2b: Kingambit
|move|p1a: Garchomp|Rock Slide|p2a: Charizard|[spread] p2a,p2b
|-supereffective|p2a: Charizard|2
|-resisted|p2b: Kingambit|1
|-damage|p2a: Charizard|0 fnt
|-damage|p2b: Kingambit|89/100
|faint|p2a: Charizard
|-damage|p1a: Garchomp|0 fnt|[from] item: Life Orb
|faint|p1a: Garchomp
|
|upkeep
|-message|failandimprove3 forfeited.
|
|win|jonas.weevil
