|j|☆kkplaysaligi
|j|☆aqueousbloop
|html|kkplaysaligiaqueousbloop    
|uhtml|bestof|Game 1 of a best-of-3
|t:|1785765225
|gametype|doubles
|player|p1|kkplaysaligi|psychic|1000
|player|p2|aqueousbloop|170|1096
|gen|9
|tier|[Gen 9 Champions] VGC 2026 Reg M-B (Bo3)
|rated|
|rule|Species Clause: Limit one of each Pokémon
|rule|Item Clause: Limit 1 of each item
|clearpoke
|poke|p1|Politoed, L50, M|
|poke|p1|Pidgeot, L50, F|
|poke|p1|Basculegion, L50, M|
|poke|p1|Archaludon, L50, F|
|poke|p1|Incineroar, L50, F|
|poke|p1|Raichu, L50, M|
|poke|p2|Hatterene, L50, F|
|poke|p2|Oranguru, L50, F|
|poke|p2|Mawile, L50, F|
|poke|p2|Kangaskhan, L50, F|
|poke|p2|Venusaur, L50, M|
|poke|p2|Torkoal, L50, M|
|teampreview|4
|showteam|p1|Politoed||MysticWater|Drizzle|WeatherBall,IceBeam,HydroPump,EarthPower|Quiet||M|||50|]Pidgeot||Pidgeotite|BigPecks|Hurricane,HeatWave,Tailwind,Protect|Timid||F|||50|]Basculegion|||SwiftSwim|AquaJet,LastRespects,Liquidation,WaveCrash|Adamant||M|||50|]Archaludon||Leftovers|Stamina|ElectroShot,FlashCannon,DracoMeteor,Snarl|Timid||F|||50|]Incineroar||SitrusBerry|Intimidate|FlareBlitz,FakeOut,PartingShot,CloseCombat|Adamant||F|||50|]Raichu||RaichuniteY|LightningRod|FakeOut,HelpingHand,Discharge,VoltSwitch|Hasty||M|||50|
|showteam|p2|Hatterene||LifeOrb|MagicBounce|Protect,Psychic,TrickRoom,DazzlingGleam|Quiet||F|||50|]Oranguru||MentalHerb|InnerFocus|Protect,Instruct,Psychic,TrickRoom|Bold||F|||50|]Mawile||Mawilite|HyperCutter|SuckerPunch,PlayRough,Protect,IronHead|Brave||F|||50|]Kangaskhan||SilkScarf|Scrappy|LastResort,FakeOut|Brave||F|||50|]Venusaur||FocusSash|Chlorophyll|LeafStorm,SludgeBomb,SleepPowder,Protect|Modest||M|||50|]Torkoal||Charcoal|Drought|Eruption,Protect,EarthPower,HeatWave|Quiet||M|||50|
|inactive|Battle timer is ON: inactive players will automatically lose when time's up. (requested by kkplaysaligi)
|inactive|kkplaysaligi has 60 seconds left.
|inactive|aqueousbloop has 60 seconds left.
|
|t:|1785765267
|teamsize|p1|4
|teamsize|p2|4
|start
|switch|p1a: Politoed|Politoed, L50, M|100/100
|switch|p1b: Raichu|Raichu, L50, M|100/100
|switch|p2a: Oranguru|Oranguru, L50, F|100/100
|switch|p2b: Kangaskhan|Kangaskhan, L50, F|100/100
|-weather|RainDance|[from] ability: Drizzle|[of] p1a: Politoed
|turn|1
|inactive|aqueousbloop has 30 seconds left.
|inactive|aqueousbloop has 20 seconds left.
|inactive|aqueousbloop has 15 seconds left.
|
|t:|1785765311
|move|p1b: Raichu|Fake Out|p2b: Kangaskhan
|-damage|p2b: Kangaskhan|91/100
|cant|p2b: Kangaskhan|flinch
|move|p1a: Politoed|Weather Ball|p2b: Kangaskhan
|-damage|p2b: Kangaskhan|13/100
|move|p2a: Oranguru|Psychic|p1b: Raichu
|-damage|p1b: Raichu|51/100
|
|-weather|RainDance|[upkeep]
|upkeep
|turn|2
|
|t:|1785765331
|move|p1b: Raichu|Volt Switch|p2b: Kangaskhan
|-damage|p2b: Kangaskhan|0 fnt
|faint|p2b: Kangaskhan
|
|t:|1785765336
|switch|p1b: Incineroar|Incineroar, L50, F|100/100|[from] Volt Switch
|-ability|p1b: Incineroar|Intimidate|boost
|-fail|p2a: Oranguru|unboost|Attack|[from] ability: Inner Focus|[of] p2a: Oranguru
|move|p1a: Politoed|Ice Beam|p2a: Oranguru
|-damage|p2a: Oranguru|80/100
|move|p2a: Oranguru|Trick Room|p2a: Oranguru
|-fieldstart|move: Trick Room|[of] p2a: Oranguru
|
|-weather|RainDance|[upkeep]
|upkeep
|
|t:|1785765348
|switch|p2b: Mawile|Mawile, L50, F|100/100
|turn|3
|
|t:|1785765361
|detailschange|p2b: Mawile|Mawile-Mega, L50, F
|-mega|p2b: Mawile|Mawile|Mawilite
|move|p1b: Incineroar|Fake Out|p2b: Mawile
|-resisted|p2b: Mawile|1
|-damage|p2b: Mawile|93/100
|cant|p2b: Mawile|flinch
|move|p2a: Oranguru|Instruct||[still]
|-fail|p2a: Oranguru
|move|p1a: Politoed|Earth Power|p2b: Mawile
|-supereffective|p2b: Mawile|1
|-damage|p2b: Mawile|35/100
|
|-weather|RainDance|[upkeep]
|upkeep
|turn|4
|
|t:|1785765379
|move|p2b: Mawile|Play Rough|p1b: Incineroar
|-damage|p1b: Incineroar|18/100
|-enditem|p1b: Incineroar|Sitrus Berry|[eat]
|-heal|p1b: Incineroar|43/100|[from] item: Sitrus Berry
|move|p2a: Oranguru|Instruct|p2b: Mawile
|-singleturn|p2b: Mawile|move: Instruct|[of] p2a: Oranguru
|move|p2b: Mawile|Play Rough|p1b: Incineroar
|-damage|p1b: Incineroar|0 fnt
|faint|p1b: Incineroar
|move|p1a: Politoed|Hydro Pump|p2b: Mawile
|-damage|p2b: Mawile|0 fnt
|faint|p2b: Mawile
|
|-weather|RainDance|[upkeep]
|upkeep
|
|t:|1785765397
|switch|p2b: Torkoal|Torkoal, L50, M|100/100
|switch|p1b: Raichu|Raichu, L50, M|51/100
|-weather|SunnyDay|[from] ability: Drought|[of] p2b: Torkoal
|turn|5
|
|t:|1785765410
|detailschange|p1b: Raichu|Raichu-Mega-Y, L50, M
|-mega|p1b: Raichu|Raichu|Raichunite Y
|move|p2b: Torkoal|Eruption|p1b: Raichu|[spread] p1a,p1b
|-resisted|p1a: Politoed|1
|-damage|p1a: Politoed|58/100
|-damage|p1b: Raichu|0 fnt
|faint|p1b: Raichu
|move|p2a: Oranguru|Instruct|p2b: Torkoal
|-singleturn|p2b: Torkoal|move: Instruct|[of] p2a: Oranguru
|move|p2b: Torkoal|Eruption|p1a: Politoed
|-resisted|p1a: Politoed|1
|-damage|p1a: Politoed|8/100
|move|p1a: Politoed|Hydro Pump|p2b: Torkoal|[miss]
|-miss|p1a: Politoed|p2b: Torkoal
|
|-weather|SunnyDay|[upkeep]
|upkeep
|
|t:|1785765427
|switch|p1b: Archaludon|Archaludon, L50, F|100/100
|turn|6
|
|t:|1785765438
|move|p2b: Torkoal|Eruption|p1b: Archaludon|[spread] p1a,p1b
|-resisted|p1a: Politoed|1
|-damage|p1a: Politoed|0 fnt
|-damage|p1b: Archaludon|0 fnt
|faint|p1a: Politoed
|faint|p1b: Archaludon
|
|win|aqueousbloop
||aqueousbloop is ready for game 2.
|l|☆kkplaysaligi
|player|p1|
|inactive|kkplaysaligi has 30 seconds to confirm battle start!
|j|☆kkplaysaligi
|player|p1|kkplaysaligi|psychic|
|inactive|kkplaysaligi has 20 seconds to confirm battle start!
|inactive|kkplaysaligi has 10 seconds to confirm battle start!
|uhtml|next|Next: Game 2 of 3
