|j|☆mista_b00ze
|j|☆taengerine
|html|mista_b00zetaengerine    
|uhtml|bestof|Game 2 of a best-of-3
|t:|1783141278
|gametype|doubles
|player|p1|mista_b00ze|blue|1117
|player|p2|taengerine|lady|1246
|gen|9
|tier|[Gen 9 Champions] VGC 2026 Reg M-B (Bo3)
|rated|
|rule|Species Clause: Limit one of each Pokémon
|rule|Item Clause: Limit 1 of each item
|clearpoke
|poke|p1|Pyroar, L50, F|
|poke|p1|Torkoal, L50, M|
|poke|p1|Farigiraf, L50, M|
|poke|p1|Venusaur, L50, M|
|poke|p1|Scrafty, L50, M|
|poke|p1|Mamoswine, L50, F|
|poke|p2|Mawile, L50, M|
|poke|p2|Sneasler, L50, F|
|poke|p2|Sinistcha, L50|
|poke|p2|Garchomp, L50, M|
|poke|p2|Incineroar, L50, M|
|poke|p2|Delphox, L50, M|
|teampreview|4
|showteam|p1|Pyroar||Pyroarite|Rivalry|HeatWave,Overheat,Protect,Yawn|Timid||F|||50|]Torkoal||HeatRock|Drought|Eruption,WeatherBall,Protect,HelpingHand|Serious||M|||50|]Farigiraf||SitrusBerry|ArmorTail|Protect,Psychic,HyperVoice,TrickRoom|Modest||M|||50|]Venusaur||LifeOrb|Chlorophyll|EnergyBall,EarthPower,SludgeBomb,Protect|Modest||M|||50|]Scrafty||Scraftinite|Intimidate|DrainPunch,KnockOff,IcePunch,FakeOut|Adamant||M|||50|]Mamoswine||FocusSash|Oblivious|RockSlide,IceShard,HighHorsepower,Protect|Jolly||F|||50|
|showteam|p2|Mawile||Mawilite|HyperCutter|PlayRough,SwordsDance,SuckerPunch,Protect|Adamant||M|||50|]Sneasler||FocusSash|PoisonTouch|FakeOut,CloseCombat,DireClaw,QuickGuard|Jolly||F|||50|]Sinistcha||SitrusBerry|Hospitality|MatchaGotcha,RagePowder,TrickRoom,Protect|Bold|||||50|]Garchomp||LifeOrb|RoughSkin|StompingTantrum,RockSlide,DragonClaw,Protect|Adamant||M|||50|]Incineroar||PasshoBerry|Intimidate|FlareBlitz,FakeOut,ThroatChop,PartingShot|Careful||M|||50|]Delphox||Delphoxite|Blaze|HeatWave,Psychic,NastyPlot,Protect|Timid||M|||50|
|inactive|Battle timer is ON: inactive players will automatically lose when time's up. (requested by taengerine)
|
|t:|1783141303
|teamsize|p1|4
|teamsize|p2|4
|start
|switch|p1a: Scrafty|Scrafty, L50, M|100/100
|switch|p1b: Mamoswine|Mamoswine, L50, F|100/100
|switch|p2a: Delphox|Delphox, L50, M|100/100
|switch|p2b: Garchomp|Garchomp, L50, M|100/100
|-ability|p1a: Scrafty|Intimidate|boost
|-unboost|p2a: Delphox|atk|1
|-unboost|p2b: Garchomp|atk|1
|turn|1
|
|t:|1783141326
|switch|p2a: Incineroar|Incineroar, L50, M|100/100
|-ability|p2a: Incineroar|Intimidate|boost
|-unboost|p1a: Scrafty|atk|1
|-fail|p1b: Mamoswine|unboost|Attack|[from] ability: Oblivious|[of] p1b: Mamoswine
|move|p2b: Garchomp|Protect|p2b: Garchomp
|-singleturn|p2b: Garchomp|Protect
|move|p1a: Scrafty|Fake Out|p2a: Incineroar
|-damage|p2a: Incineroar|93/100
|move|p1b: Mamoswine|Ice Shard|p2b: Garchomp
|-activate|p2b: Garchomp|move: Protect
|
|upkeep
|turn|2
|inactive|taengerine has 30 seconds left.
|inactive|taengerine has 20 seconds left.
|
|t:|1783141362
|switch|p2b: Delphox|Delphox, L50, M|100/100
|detailschange|p1a: Scrafty|Scrafty-Mega, L50, M
|-mega|p1a: Scrafty|Scrafty|Scraftinite
|-ability|p1a: Scrafty|Intimidate|boost
|-unboost|p2a: Incineroar|atk|1
|-unboost|p2b: Delphox|atk|1
|move|p1b: Mamoswine|Protect|p1b: Mamoswine
|-singleturn|p1b: Mamoswine|Protect
|move|p2a: Incineroar|Parting Shot|p1a: Scrafty
|-unboost|p1a: Scrafty|atk|1
|-unboost|p1a: Scrafty|spa|1
|
|t:|1783141381
|switch|p2a: Sinistcha|Sinistcha, L50|100/100|[from] Parting Shot
|move|p1a: Scrafty|Knock Off|p2b: Delphox
|-supereffective|p2b: Delphox|1
|-damage|p2b: Delphox|56/100
|
|upkeep
|turn|3
|
|t:|1783141393
|switch|p1a: Farigiraf|Farigiraf, L50, M|100/100
|detailschange|p2b: Delphox|Delphox-Mega, L50, M
|-mega|p2b: Delphox|Delphox|Delphoxite
|move|p2b: Delphox|Protect|p2b: Delphox
|-singleturn|p2b: Delphox|Protect
|move|p1b: Mamoswine|Rock Slide|p2a: Sinistcha|[spread] p2a
|-activate|p2b: Delphox|move: Protect
|-damage|p2a: Sinistcha|86/100
|move|p2a: Sinistcha|Matcha Gotcha|p1b: Mamoswine|[spread] p1a,p1b
|-supereffective|p1b: Mamoswine|1
|-damage|p1a: Farigiraf|77/100
|-heal|p2a: Sinistcha|100/100|[from] drain|[of] p1a: Farigiraf
|-damage|p1b: Mamoswine|38/100
|
|upkeep
|turn|4
|inactive|taengerine has 30 seconds left.
|
|t:|1783141426
|switch|p2a: Garchomp|Garchomp, L50, M|100/100
|move|p1b: Mamoswine|Protect|p1b: Mamoswine
|-singleturn|p1b: Mamoswine|Protect
|move|p2b: Delphox|Heat Wave|p1a: Farigiraf|[spread] p1a
|-activate|p1b: Mamoswine|move: Protect
|-damage|p1a: Farigiraf|40/100
|-enditem|p1a: Farigiraf|Sitrus Berry|[eat]
|-heal|p1a: Farigiraf|65/100|[from] item: Sitrus Berry
|move|p1a: Farigiraf|Trick Room|p1a: Farigiraf
|-fieldstart|move: Trick Room|[of] p1a: Farigiraf
|
|upkeep
|turn|5
|inactive|mista_b00ze has 30 seconds left.
|
|t:|1783141458
|switch|p2a: Sinistcha|Sinistcha, L50|100/100
|-heal|p2b: Delphox|81/100|[from] ability: Hospitality|[of] p2a: Sinistcha
|move|p1a: Farigiraf|Protect|p1a: Farigiraf
|-singleturn|p1a: Farigiraf|Protect
|move|p1b: Mamoswine|High Horsepower|p2b: Delphox
|-immune|p2b: Delphox|[from] ability: Levitate
|move|p2b: Delphox|Heat Wave|p1a: Farigiraf|[spread] p1b
|-activate|p1a: Farigiraf|move: Protect
|-supereffective|p1b: Mamoswine|1
|-damage|p1b: Mamoswine|0 fnt
|faint|p1b: Mamoswine
|
|upkeep
|-message|mista_b00ze forfeited.
|
|win|taengerine
|raw|mista_b00ze's rating: 1117 → 1101(-16 for losing)
|raw|taengerine's rating: 1246 → 1262(+16 for winning)
|l|☆mista_b00ze
|player|p1|
