|j|☆Swan Mobile
|j|☆ThetaB
|html|Swan MobileThetaB    
|uhtml|bestof|Game 1 of a best-of-3
|t:|1757794241
|gametype|doubles
|player|p1|Swan Mobile|roughneck-gen4|1125
|player|p2|ThetaB|palmer|1185
|gen|9
|tier|[Gen 9] VGC 2025 Reg H (Bo3)
|rated|
|rule|Species Clause: Limit one of each Pokémon
|rule|Item Clause: Limit 1 of each item
|clearpoke
|poke|p1|Typhlosion-Hisui, L50, F|
|poke|p1|Toedscruel, L50, M|
|poke|p1|Corviknight, L50, F|
|poke|p1|Weezing-Galar, L50, M|
|poke|p1|Garchomp, L50, M|
|poke|p1|Pawmot, L50, F|
|poke|p2|Arcanine-Hisui, L50, F|
|poke|p2|Whimsicott, L50, M|
|poke|p2|Sneasler, L50, M|
|poke|p2|Dragonite, L50, M|
|poke|p2|Kingambit, L50, F|
|poke|p2|Ursaluna-Bloodmoon, L50, M|
|teampreview|4
|showteam|p1|Typhlosion-Hisui||ChoiceScarf|Blaze|Eruption,ShadowBall,SleepTalk,HeatWave|||F|||50|,,,,,Fire]Toedscruel||CovertCloak|MyceliumMight|Spore,RagePowder,AcidSpray,EarthPower|||M|||50|,,,,,Water]Corviknight||SitrusBerry|MirrorArmor|Protect,BraveBird,Roost,Tailwind|||F|||50|,,,,,Dragon]Weezing-Galar||ChoiceSpecs|NeutralizingGas|DazzlingGleam,SludgeBomb,StrangeSteam,Flamethrower|||M|||50|,,,,,Fire]Garchomp||LifeOrb|RoughSkin|StompingTantrum,Earthquake,DragonClaw,Protect|||M|||50|,,,,,Steel]Pawmot||FocusSash|NaturalCure|Protect,DoubleShock,FakeOut,CloseCombat|||F|||50|,,,,,Electric
|showteam|p2|Arcanine-Hisui||SitrusBerry|Intimidate|FlareBlitz,RockSlide,Howl,Protect|||F|||50|,,,,,Grass]Whimsicott||CovertCloak|Prankster|Tailwind,Moonblast,Encore,Protect|||M|||50|,,,,,Ghost]Sneasler||FocusSash|Unburden|DireClaw,CloseCombat,FakeOut,Protect|||M|||50|,,,,,Ghost]Dragonite||ChoiceBand|InnerFocus|Outrage,StompingTantrum,ExtremeSpeed,TeraBlast|||M|||50|,,,,,Flying]Kingambit||SafetyGoggles|Defiant|KowtowCleave,SuckerPunch,SwordsDance,Protect|||F|||50|,,,,,Dark]Ursaluna-Bloodmoon||LifeOrb|MindsEye|HyperVoice,EarthPower,BloodMoon,Protect|||M|||50|,,,,,Normal
|
|t:|1757794317
|teamsize|p1|4
|teamsize|p2|4
|start
|switch|p1a: Toedscruel|Toedscruel, L50, M|100/100
|switch|p1b: Weezing|Weezing-Galar, L50, M|100/100
|switch|p2a: Whimsicott|Whimsicott, L50, M|100/100
|switch|p2b: Arcanine|Arcanine-Hisui, L50, F|100/100
|-ability|p1b: Weezing|Neutralizing Gas
|turn|1
|
|t:|1757794347
|switch|p1a: Garchomp|Garchomp, L50, M|100/100
|move|p2a: Whimsicott|Tailwind|p2a: Whimsicott
|-sidestart|p2: ThetaB|move: Tailwind
|move|p2b: Arcanine|Flare Blitz|p1b: Weezing
|-damage|p1b: Weezing|58/100
|-damage|p2b: Arcanine|89/100|[from] Recoil
|move|p1b: Weezing|Sludge Bomb|p2a: Whimsicott
|-supereffective|p2a: Whimsicott
|-damage|p2a: Whimsicott|0 fnt
|faint|p2a: Whimsicott
|
|upkeep
|
|t:|1757794358
|switch|p2a: Dragonite|Dragonite, L50, M|100/100
|turn|2
|inactive|Battle timer is ON: inactive players will automatically lose when time's up. (requested by Swan Mobile)
|
|t:|1757794386
|switch|p1a: Corviknight|Corviknight, L50, F|100/100
|move|p2b: Arcanine|Howl|p2b: Arcanine|[spread] p2a,p2b
|-boost|p2a: Dragonite|atk|1
|-boost|p2b: Arcanine|atk|1
|move|p2a: Dragonite|Stomping Tantrum|p1b: Weezing
|-supereffective|p1b: Weezing
|-damage|p1b: Weezing|0 fnt
|faint|p1b: Weezing
|-end|p1b: Weezing|ability: Neutralizing Gas
|-ability|p2b: Arcanine|Intimidate|boost
|-ability|p1a: Corviknight|Mirror Armor
|-unboost|p2b: Arcanine|atk|1
|
|upkeep
|inactive|Swan Mobile has 30 seconds left.
|
|t:|1757794412
|switch|p1b: Toedscruel|Toedscruel, L50, M|100/100
|turn|3
|inactive|Swan Mobile has 30 seconds left.
|inactive|Swan Mobile has 20 seconds left.
|inactive|Swan Mobile has 15 seconds left.
|
|t:|1757794455
|switch|p2a: Kingambit|Kingambit, L50, F|100/100
|switch|p1a: Garchomp|Garchomp, L50, M|100/100
|-terastallize|p1b: Toedscruel|Water
|move|p2b: Arcanine|Howl|p2b: Arcanine|[spread] p2a,p2b
|-boost|p2a: Kingambit|atk|1
|-boost|p2b: Arcanine|atk|1
|move|p1b: Toedscruel|Spore|p2b: Arcanine
|-status|p2b: Arcanine|slp|[from] move: Spore
|
|upkeep
|turn|4
|inactive|ThetaB has 30 seconds left.
|inactive|ThetaB has 20 seconds left.
|
|t:|1757794493
|switch|p2b: Dragonite|Dragonite, L50, M|100/100
|switch|p1b: Corviknight|Corviknight, L50, F|100/100
|move|p2a: Kingambit|Protect|p2a: Kingambit
|-singleturn|p2a: Kingambit|Protect
|move|p1a: Garchomp|Earthquake|p2a: Kingambit|[spread] 
|-activate|p2a: Kingambit|move: Protect
|-immune|p1b: Corviknight
|-immune|p2b: Dragonite
|
|-sideend|p2: ThetaB|move: Tailwind
|upkeep
|turn|5
|inactive|Swan Mobile has 30 seconds left.
|inactive|Swan Mobile has 20 seconds left.
|
|t:|1757794532
|-terastallize|p2a: Kingambit|Dark
|move|p1a: Garchomp|Earthquake|p2b: Dragonite|[spread] p2a
|-immune|p1b: Corviknight
|-immune|p2b: Dragonite
|-damage|p2a: Kingambit|61/100
|-damage|p1a: Garchomp|91/100|[from] item: Life Orb
|move|p2b: Dragonite|Outrage|p1b: Corviknight
|-resisted|p1b: Corviknight
|-damage|p1b: Corviknight|63/100
|move|p1b: Corviknight|Tailwind|p1b: Corviknight
|-sidestart|p1: Swan Mobile|move: Tailwind
|move|p2a: Kingambit|Kowtow Cleave|p1b: Corviknight
|-damage|p1b: Corviknight|0 fnt
|faint|p1b: Corviknight
|
|upkeep
|
|t:|1757794543
|switch|p1b: Toedscruel|Toedscruel, L50, M, tera:Water|100/100
|turn|6
|inactive|Swan Mobile has 30 seconds left.
|inactive|Swan Mobile has 20 seconds left.
|inactive|Swan Mobile has 15 seconds left.
|
|t:|1757794589
|move|p1a: Garchomp|Dragon Claw|p2b: Dragonite
|-supereffective|p2b: Dragonite
|-damage|p2b: Dragonite|0 fnt
|faint|p2b: Dragonite
|-damage|p1a: Garchomp|81/100|[from] item: Life Orb
|move|p1b: Toedscruel|Earth Power|p2a: Kingambit
|-damage|p2a: Kingambit|33/100
|move|p2a: Kingambit|Kowtow Cleave|p1b: Toedscruel
|-damage|p1b: Toedscruel|0 fnt
|faint|p1b: Toedscruel
|
|upkeep
|
|t:|1757794601
|switch|p2b: Arcanine|Arcanine-Hisui, L50, F|89/100 slp
|-ability|p2b: Arcanine|Intimidate|boost
|-unboost|p1a: Garchomp|atk|1
|turn|7
|
|t:|1757794608
|cant|p2b: Arcanine|slp
|move|p2a: Kingambit|Protect|p2a: Kingambit
|-singleturn|p2a: Kingambit|Protect
|move|p1a: Garchomp|Earthquake|p2a: Kingambit|[spread] p2b
|-activate|p2a: Kingambit|move: Protect
|-supereffective|p2b: Arcanine
|-damage|p2b: Arcanine|0 fnt
|faint|p2b: Arcanine
|-damage|p1a: Garchomp|71/100|[from] item: Life Orb
|
|upkeep
|turn|8
|
|t:|1757794615
|move|p2a: Kingambit|Sucker Punch|p1a: Garchomp
|-crit|p1a: Garchomp
|-damage|p1a: Garchomp|0 fnt
|-damage|p2a: Kingambit|21/100|[from] ability: Rough Skin|[of] p1a: Garchomp
|faint|p1a: Garchomp
|
|win|ThetaB
||Swan Mobile is ready for game 2.
||ThetaB is ready for game 2.
|uhtml|next|Next: Game 2 of 3
|l|☆Swan Mobile
|player|p1|
