|j|☆enri07
|j|☆lakaka siuuu
|html|enri07lakaka siuuu    
|uhtml|bestof|Game 1 of a best-of-3
|t:|1782477541
|gametype|doubles
|player|p1|enri07|iris-gen5bw2|1208
|player|p2|lakaka siuuu|expert-gen6|1325
|gen|9
|tier|[Gen 9 Champions] VGC 2026 Reg M-B (Bo3)
|rated|
|rule|Species Clause: Limit one of each Pokémon
|rule|Item Clause: Limit 1 of each item
|clearpoke
|poke|p1|Raichu, L50, M|
|poke|p1|Pelipper, L50, M|
|poke|p1|Archaludon, L50, F|
|poke|p1|Swampert, L50, M|
|poke|p1|Grimmsnarl, L50, M|
|poke|p1|Scizor, L50, M|
|poke|p2|Floette-Eternal, L50, F|
|poke|p2|Sinistcha, L50|
|poke|p2|Incineroar, L50, M|
|poke|p2|Delphox, L50, M|
|poke|p2|Kingambit, L50, M|
|poke|p2|Sneasler, L50, M|
|teampreview|4
|showteam|p1|Raichu||RaichuniteX|LightningRod|RisingVoltage,VoltSwitch,FakeOut,Protect|Timid||M|||50|]Pelipper||SitrusBerry|Drizzle|WeatherBall,Hurricane,Tailwind,WideGuard|Modest||M|||50|]Archaludon||Leftovers|Stamina|DragonPulse,ElectroShot,FlashCannon,Protect|Modest||F|||50|]Swampert||Swampertite|Damp|WaveCrash,HighHorsepower,IcePunch,Protect|Adamant||M|||50|]Grimmsnarl||LightClay|Prankster|SpiritBreak,PartingShot,LightScreen,Reflect|Impish||M|||50|]Scizor||MetalCoat|Technician|BugBite,BulletPunch,CloseCombat,SwordsDance|Adamant||M|||50|
|showteam|p2|Floette-Eternal||Floettite|FlowerVeil|Moonblast,DazzlingGleam,CalmMind,Protect|Modest||F|||50|]Sinistcha||ColburBerry|Hospitality|MatchaGotcha,RagePowder,Protect,TrickRoom|Bold|||||50|]Incineroar||SitrusBerry|Intimidate|FlareBlitz,PartingShot,FakeOut,HelpingHand|Careful||M|||50|]Delphox||Delphoxite|Blaze|HeatWave,Psyshock,NastyPlot,Protect|Timid||M|||50|]Kingambit||BlackGlasses|Defiant|KowtowCleave,SuckerPunch,SwordsDance,Protect|Adamant||M|||50|]Sneasler||FocusSash|Unburden|CloseCombat,DireClaw,FakeOut,QuickGuard|Jolly||M|||50|
|inactive|Battle timer is ON: inactive players will automatically lose when time's up. (requested by enri07)
|inactive|lakaka siuuu has 60 seconds left.
|inactive|lakaka siuuu has 30 seconds left.
|
|t:|1782477607
|teamsize|p1|4
|teamsize|p2|4
|start
|switch|p1a: Grimmsnarl|Grimmsnarl, L50, M|100/100
|switch|p1b: Archaludon|Archaludon, L50, F|100/100
|switch|p2a: Floette|Floette-Eternal, L50, F|100/100
|switch|p2b: Gradisce|Incineroar, L50, M|100/100
|-ability|p2b: Gradisce|Intimidate|boost
|-unboost|p1a: Grimmsnarl|atk|1
|-unboost|p1b: Archaludon|atk|1
|turn|1
|
|t:|1782477626
|detailschange|p2a: Floette|Floette-Mega, L50, F
|-mega|p2a: Floette|Floette|Floettite
|-ability|p2a: Floette|Fairy Aura
|move|p2b: Gradisce|Fake Out|p1a: Grimmsnarl
|-damage|p1a: Grimmsnarl|90/100
|move|p2a: Floette|Calm Mind|p2a: Floette
|-boost|p2a: Floette|spa|1
|-boost|p2a: Floette|spd|1
|move|p1b: Archaludon|Flash Cannon|p2a: Floette
|-supereffective|p2a: Floette|1
|-damage|p2a: Floette|62/100
|cant|p1a: Grimmsnarl|flinch
|
|upkeep
|turn|2
|inactive|enri07 has 30 seconds left.
|
|t:|1782477656
|move|p2b: Gradisce|Helping Hand|p2a: Floette
|-singleturn|p2a: Floette|Helping Hand|[of] p2b: Gradisce
|move|p1a: Grimmsnarl|Light Screen|p1a: Grimmsnarl
|-sidestart|p1: enri07|move: Light Screen
|move|p2a: Floette|Moonblast|p1b: Archaludon
|-damage|p1b: Archaludon|0 fnt
|faint|p1b: Archaludon
|
|upkeep
|
|t:|1782477662
|switch|p1b: Swampert|Swampert, L50, M|100/100
|turn|3
|
|t:|1782477680
|switch|p2b: Il Conto?|Sinistcha, L50|100/100
|-heal|p2a: Floette|86/100|[from] ability: Hospitality|[of] p2b: Il Conto?
|detailschange|p1b: Swampert|Swampert-Mega, L50, M
|-mega|p1b: Swampert|Swampert|Swampertite
|move|p2a: Floette|Protect|p2a: Floette
|-singleturn|p2a: Floette|Protect
|move|p1b: Swampert|High Horsepower|p2b: Il Conto?|[miss]
|-miss|p1b: Swampert|p2b: Il Conto?
|move|p1a: Grimmsnarl|Spirit Break|p2b: Il Conto?
|-damage|p2b: Il Conto?|75/100
|-unboost|p2b: Il Conto?|spa|1
|
|upkeep
|turn|4
|c|☆enri07|lol ma sei italiano
|
|t:|1782477702
|switch|p2b: Gradisce|Incineroar, L50, M|100/100
|-ability|p2b: Gradisce|Intimidate|boost
|-unboost|p1a: Grimmsnarl|atk|1
|-unboost|p1b: Swampert|atk|1
|move|p1a: Grimmsnarl|Parting Shot|p2a: Floette
|-unboost|p2a: Floette|atk|1
|-unboost|p2a: Floette|spa|1
|
|t:|1782477705
|switch|p1a: Pelipper|Pelipper, L50, M|100/100|[from] Parting Shot
|-weather|RainDance|[from] ability: Drizzle|[of] p1a: Pelipper
|move|p1b: Swampert|Ice Punch|p2b: Gradisce
|-resisted|p2b: Gradisce|1
|-damage|p2b: Gradisce|90/100
|move|p2a: Floette|Moonblast|p1a: Pelipper
|-damage|p1a: Pelipper|23/100
|-enditem|p1a: Pelipper|Sitrus Berry|[eat]
|-heal|p1a: Pelipper|48/100|[from] item: Sitrus Berry
|
|-weather|RainDance|[upkeep]
|upkeep
|turn|5
|
|t:|1782477722
|move|p2b: Gradisce|Fake Out|p1b: Swampert
|-damage|p1b: Swampert|90/100
|cant|p1b: Swampert|flinch
|move|p2a: Floette|Moonblast|p1a: Pelipper
|-damage|p1a: Pelipper|0 fnt
|faint|p1a: Pelipper
|
|-weather|RainDance|[upkeep]
|upkeep
|
|t:|1782477728
|switch|p1a: Grimmsnarl|Grimmsnarl, L50, M|90/100
|turn|6
|
|t:|1782477741
|move|p1b: Swampert|Ice Punch|p2b: Gradisce
|-resisted|p2b: Gradisce|1
|-damage|p2b: Gradisce|81/100
|move|p2a: Floette|Moonblast|p1a: Grimmsnarl
|-supereffective|p1a: Grimmsnarl|1
|-damage|p1a: Grimmsnarl|1/100
|move|p2b: Gradisce|Parting Shot|p1b: Swampert
|-unboost|p1b: Swampert|atk|1
|-unboost|p1b: Swampert|spa|1
|-message|enri07 forfeited.
|
|win|lakaka siuuu
||enri07 is ready for game 2.
||lakaka siuuu is ready for game 2.
|uhtml|next|Next: Game 2 of 3
|l|☆enri07
|player|p1|
