|j|☆wester7
|j|☆kokomiiiii
|html|wester7kokomiiiii    
|uhtml|bestof|Game 1 of a best-of-3
|t:|1757740026
|gametype|doubles
|player|p1|wester7|1|1166
|player|p2|kokomiiiii|lillie-masters|1068
|gen|9
|tier|[Gen 9] VGC 2025 Reg H (Bo3)
|rated|
|rule|Species Clause: Limit one of each Pokémon
|rule|Item Clause: Limit 1 of each item
|clearpoke
|poke|p1|Orthworm, L50, F|
|poke|p1|Ursaluna, L50, F|
|poke|p1|Dragonite, L50, F|
|poke|p1|Ninetales-Alola, L50, F|
|poke|p1|Incineroar, L50, M|
|poke|p1|Rabsca, L50, M|
|poke|p2|Dragonite, L50, F|
|poke|p2|Sneasler, L50, M|
|poke|p2|Rillaboom, L50, M|
|poke|p2|Volcarona, L50, M|
|poke|p2|Ninetales-Alola, L50, F|
|poke|p2|Incineroar, L50, M|
|teampreview|4
|showteam|p1|Orthworm||SitrusBerry|EarthEater|HeavySlam,ShedTail,BodyPress,Protect|||F|||50|,,,,,Poison]Ursaluna||FlameOrb|Guts|Facade,Earthquake,HeadlongRush,Protect|||F|||50|,,,,,Ghost]Dragonite||LoadedDice|Multiscale|ScaleShot,Tailwind,Haze,Protect|||F|||50|,,,,,Fairy]Ninetales-Alola||FocusSash|SnowWarning|AuroraVeil,Blizzard,Moonblast,Protect|||F|||50|,,,,,Ghost]Incineroar||AssaultVest|Intimidate|FakeOut,FlareBlitz,KnockOff,Uturn|||M|||50|,,,,,Grass]Rabsca||SafetyGoggles|Telepathy|TrickRoom,RevivalBlessing,EarthPower,Psychic|||M|||50|,,,,,Ground
|showteam|p2|Dragonite||LoadedDice|Multiscale|ScaleShot,StompingTantrum,Haze,Protect|||F|||50|,,,,,Fairy]Sneasler||GrassySeed|Unburden|DireClaw,CloseCombat,ThroatChop,Protect|||M|||50|,,,,,Dark]Rillaboom||AssaultVest|GrassySurge|FakeOut,WoodHammer,HighHorsepower,GrassyGlide|||M|||50|,,,,,Fire]Volcarona||Leftovers|FlameBody|HeatWave,TeraBlast,QuiverDance,Protect|||M|||50|,,,,,Fairy]Ninetales-Alola||FocusSash|SnowWarning|IcyWind,AuroraVeil,Blizzard,Encore|||F|||50|,,,,,Ghost]Incineroar||SafetyGoggles|Intimidate|FakeOut,KnockOff,FlareBlitz,PartingShot|||M|||50|,,,,,Ghost
|
|t:|1757740095
|teamsize|p1|4
|teamsize|p2|4
|start
|switch|p1a: Ninetales|Ninetales-Alola, L50, F|100/100
|switch|p1b: Incineroar|Incineroar, L50, M|100/100
|switch|p2a: Ninetales|Ninetales-Alola, L50, F, shiny|100/100
|switch|p2b: Volcarona|Volcarona, L50, M, shiny|100/100
|-weather|Snowscape|[from] ability: Snow Warning|[of] p1a: Ninetales
|-ability|p1b: Incineroar|Intimidate|boost
|-unboost|p2a: Ninetales|atk|1
|-unboost|p2b: Volcarona|atk|1
|turn|1
|
|t:|1757740124
|move|p1a: Ninetales|Aurora Veil|p1a: Ninetales
|-sidestart|p1: wester7|move: Aurora Veil
|move|p2a: Ninetales|Aurora Veil|p2a: Ninetales
|-sidestart|p2: kokomiiiii|move: Aurora Veil
|move|p2b: Volcarona|Quiver Dance|p2b: Volcarona
|-boost|p2b: Volcarona|spa|1
|-boost|p2b: Volcarona|spd|1
|-boost|p2b: Volcarona|spe|1
|move|p1b: Incineroar|Knock Off|p2b: Volcarona
|-damage|p2b: Volcarona|71/100
|-enditem|p2b: Volcarona|Leftovers|[from] move: Knock Off|[of] p1b: Incineroar
|
|-weather|Snowscape|[upkeep]
|upkeep
|turn|2
|inactive|Battle timer is ON: inactive players will automatically lose when time's up. (requested by kokomiiiii)
|
|t:|1757740164
|move|p2b: Volcarona|Quiver Dance|p2b: Volcarona
|-boost|p2b: Volcarona|spa|1
|-boost|p2b: Volcarona|spd|1
|-boost|p2b: Volcarona|spe|1
|move|p1a: Ninetales|Blizzard|p2a: Ninetales|[spread] p2a,p2b
|-resisted|p2a: Ninetales
|-resisted|p2b: Volcarona
|-damage|p2a: Ninetales|87/100
|-damage|p2b: Volcarona|67/100
|move|p2a: Ninetales|Encore|p1b: Incineroar
|-start|p1b: Incineroar|Encore
|move|p1b: Incineroar|Knock Off|p2a: Ninetales
|-resisted|p2a: Ninetales
|-damage|p2a: Ninetales|74/100
|-enditem|p2a: Ninetales|Focus Sash|[from] move: Knock Off|[of] p1b: Incineroar
|
|-weather|Snowscape|[upkeep]
|upkeep
|turn|3
|
|t:|1757740188
|switch|p1b: Ursaluna|Ursaluna, L50, F|100/100
|move|p2b: Volcarona|Quiver Dance|p2b: Volcarona
|-boost|p2b: Volcarona|spa|1
|-boost|p2b: Volcarona|spd|1
|-boost|p2b: Volcarona|spe|1
|move|p2a: Ninetales|Encore|p1a: Ninetales
|-start|p1a: Ninetales|Encore
|move|p1a: Ninetales|Blizzard|p2a: Ninetales|[spread] p2a,p2b
|-resisted|p2a: Ninetales
|-resisted|p2b: Volcarona
|-damage|p2a: Ninetales|62/100
|-damage|p2b: Volcarona|63/100
|
|-weather|Snowscape|[upkeep]
|-status|p1b: Ursaluna|brn|[from] item: Flame Orb
|upkeep
|turn|4
|inactive|wester7 has 30 seconds left.
|
|t:|1757740217
|switch|p1a: Incineroar|Incineroar, L50, M|100/100
|-ability|p1a: Incineroar|Intimidate|boost
|-unboost|p2a: Ninetales|atk|1
|-unboost|p2b: Volcarona|atk|1
|-terastallize|p1b: Ursaluna|Ghost
|move|p2b: Volcarona|Protect|p2b: Volcarona
|-singleturn|p2b: Volcarona|Protect
|move|p2a: Ninetales|Blizzard|p1a: Incineroar|[spread] p1a,p1b
|-resisted|p1a: Incineroar
|-damage|p1a: Incineroar|94/100
|-damage|p1b: Ursaluna|82/100 brn
|move|p1b: Ursaluna|Facade|p2b: Volcarona
|-activate|p2b: Volcarona|move: Protect
|
|-weather|Snowscape|[upkeep]
|-damage|p1b: Ursaluna|76/100 brn|[from] brn
|upkeep
|turn|5
|
|t:|1757740232
|move|p2b: Volcarona|Protect||[still]
|-fail|p2b: Volcarona
|move|p1a: Incineroar|Fake Out|p2b: Volcarona
|-damage|p2b: Volcarona|54/100
|move|p2a: Ninetales|Blizzard|p1a: Incineroar|[spread] p1a,p1b
|-resisted|p1a: Incineroar
|-damage|p1a: Incineroar|88/100
|-damage|p1b: Ursaluna|59/100 brn
|move|p1b: Ursaluna|Facade|p2b: Volcarona
|-damage|p2b: Volcarona|0 fnt
|faint|p2b: Volcarona
|
|-weather|none
|-damage|p1b: Ursaluna|53/100 brn|[from] brn
|-sideend|p1: wester7|move: Aurora Veil
|-sideend|p2: kokomiiiii|move: Aurora Veil
|upkeep
|
|t:|1757740242
|switch|p2b: Midcineroar|Incineroar, L50, M, shiny|100/100
|-ability|p2b: Midcineroar|Intimidate|boost
|-unboost|p1a: Incineroar|atk|1
|-unboost|p1b: Ursaluna|atk|1
|turn|6
|
|t:|1757740255
|switch|p1b: Ninetales|Ninetales-Alola, L50, F|100/100
|-weather|Snowscape|[from] ability: Snow Warning|[of] p1b: Ninetales
|move|p2a: Ninetales|Encore|p1a: Incineroar
|-start|p1a: Incineroar|Encore
|move|p2b: Midcineroar|Knock Off|p1b: Ninetales
|-resisted|p1b: Ninetales
|-damage|p1b: Ninetales|81/100
|-enditem|p1b: Ninetales|Focus Sash|[from] move: Knock Off|[of] p2b: Midcineroar
|move|p1a: Incineroar|Fake Out||[still]
|-hint|Fake Out only works on your first turn out.
|-fail|p1a: Incineroar
|
|-weather|Snowscape|[upkeep]
|upkeep
|turn|7
|
|t:|1757740274
|switch|p1a: Rabsca|Rabsca, L50, M|100/100
|move|p1b: Ninetales|Aurora Veil|p1b: Ninetales
|-sidestart|p1: wester7|move: Aurora Veil
|move|p2a: Ninetales|Aurora Veil|p2a: Ninetales
|-sidestart|p2: kokomiiiii|move: Aurora Veil
|move|p2b: Midcineroar|Flare Blitz|p1b: Ninetales
|-supereffective|p1b: Ninetales
|-damage|p1b: Ninetales|21/100
|-status|p1b: Ninetales|brn
|-damage|p2b: Midcineroar|86/100|[from] Recoil
|
|-weather|Snowscape|[upkeep]
|-damage|p1b: Ninetales|15/100 brn|[from] brn
|upkeep
|turn|8
|
|t:|1757740290
|switch|p1b: Incineroar|Incineroar, L50, M|88/100
|-ability|p1b: Incineroar|Intimidate|boost
|-unboost|p2a: Ninetales|atk|1
|-unboost|p2b: Midcineroar|atk|1
|move|p2a: Ninetales|Blizzard|p1b: Incineroar|[spread] p1a,p1b
|-resisted|p1b: Incineroar
|-damage|p1a: Rabsca|80/100
|-damage|p1b: Incineroar|82/100
|move|p2b: Midcineroar|Knock Off|p1a: Rabsca
|-supereffective|p1a: Rabsca
|-damage|p1a: Rabsca|44/100
|-enditem|p1a: Rabsca|Safety Goggles|[from] move: Knock Off|[of] p2b: Midcineroar
|move|p1a: Rabsca|Trick Room|p1a: Rabsca
|-fieldstart|move: Trick Room|[of] p1a: Rabsca
|
|-weather|Snowscape|[upkeep]
|upkeep
|turn|9
|inactive|wester7 has 30 seconds left.
|inactive|kokomiiiii has 30 seconds left.
|
|t:|1757740320
|switch|p1a: Ursaluna|Ursaluna, L50, F, tera:Ghost|53/100 brn
|move|p1b: Incineroar|Flare Blitz|p2a: Ninetales
|-supereffective|p2a: Ninetales
|-damage|p2a: Ninetales|3/100
|-damage|p1b: Incineroar|68/100|[from] Recoil
|move|p2b: Midcineroar|Flare Blitz|p1a: Ursaluna
|-damage|p1a: Ursaluna|39/100 brn
|-damage|p2b: Midcineroar|80/100|[from] Recoil
|move|p2a: Ninetales|Encore|p1b: Incineroar
|-start|p1b: Incineroar|Encore
|
|-weather|Snowscape|[upkeep]
|-damage|p1a: Ursaluna|33/100 brn|[from] brn
|upkeep
|turn|10
|
|t:|1757740337
|switch|p1b: Rabsca|Rabsca, L50, M|44/100
|switch|p2a: Dragonite|Dragonite, L50, F, shiny|100/100
|-terastallize|p2b: Midcineroar|Ghost
|move|p1a: Ursaluna|Earthquake|p2b: Midcineroar|[spread] p2b
|-activate|p1b: Rabsca|ability: Telepathy
|-immune|p2a: Dragonite
|-damage|p2b: Midcineroar|40/100
|move|p2b: Midcineroar|Knock Off|p1a: Ursaluna
|-supereffective|p1a: Ursaluna
|-damage|p1a: Ursaluna|8/100 brn
|-enditem|p1a: Ursaluna|Flame Orb|[from] move: Knock Off|[of] p2b: Midcineroar
|
|-weather|none
|-damage|p1a: Ursaluna|2/100 brn|[from] brn
|upkeep
|turn|11
|inactive|wester7 has 30 seconds left.
|
|t:|1757740369
|switch|p2b: Ninetales|Ninetales-Alola, L50, F, shiny|3/100
|-weather|Snowscape|[from] ability: Snow Warning|[of] p2b: Ninetales
|move|p1b: Rabsca|Psychic|p2a: Dragonite
|-damage|p2a: Dragonite|86/100
|move|p1a: Ursaluna|Headlong Rush|p2b: Ninetales
|-damage|p2b: Ninetales|0 fnt
|-unboost|p1a: Ursaluna|def|1
|-unboost|p1a: Ursaluna|spd|1
|faint|p2b: Ninetales
|move|p2a: Dragonite|Scale Shot|p1b: Rabsca
|-damage|p1b: Rabsca|35/100
|-crit|p1b: Rabsca
|-damage|p1b: Rabsca|13/100
|-damage|p1b: Rabsca|4/100
|-damage|p1b: Rabsca|0 fnt
|faint|p1b: Rabsca
|-hitcount|p1: Rabsca|4
|-unboost|p2a: Dragonite|def|1
|-boost|p2a: Dragonite|spe|1
|
|-weather|Snowscape|[upkeep]
|-damage|p1a: Ursaluna|0 fnt|[from] brn
|faint|p1a: Ursaluna
|-sideend|p1: wester7|move: Aurora Veil
|-sideend|p2: kokomiiiii|move: Aurora Veil
|upkeep
|
|t:|1757740388
|switch|p1b: Ninetales|Ninetales-Alola, L50, F|15/100 brn
|switch|p1a: Incineroar|Incineroar, L50, M|68/100
|switch|p2b: Midcineroar|Incineroar, L50, M, shiny, tera:Ghost|40/100
|-ability|p1a: Incineroar|Intimidate|boost
|-unboost|p2a: Dragonite|atk|1
|-unboost|p2b: Midcineroar|atk|1
|-ability|p2b: Midcineroar|Intimidate|boost
|-unboost|p1a: Incineroar|atk|1
|-unboost|p1b: Ninetales|atk|1
|turn|12
|
|t:|1757740406
|move|p1a: Incineroar|Knock Off|p2b: Midcineroar
|-supereffective|p2b: Midcineroar
|-damage|p2b: Midcineroar|0 fnt
|-enditem|p2b: Midcineroar|Safety Goggles|[from] move: Knock Off|[of] p1a: Incineroar
|faint|p2b: Midcineroar
|move|p1b: Ninetales|Blizzard|p2a: Dragonite
|-supereffective|p2a: Dragonite
|-damage|p2a: Dragonite|0 fnt
|faint|p2a: Dragonite
|
|win|wester7
||wester7 is ready for game 2.
