|j|☆strawhatronin
|j|☆dragonaris
|html|strawhatronindragonaris    
|uhtml|bestof|Game 2 of a best-of-3
|t:|1783776295
|gametype|doubles
|player|p1|strawhatronin|morty|1078
|player|p2|dragonaris|1|1126
|gen|9
|tier|[Gen 9 Champions] VGC 2026 Reg M-B (Bo3)
|rated|
|rule|Species Clause: Limit one of each Pokémon
|rule|Item Clause: Limit 1 of each item
|clearpoke
|poke|p1|Pelipper, L50, M|
|poke|p1|Gengar, L50, M|
|poke|p1|Incineroar, L50, F|
|poke|p1|Archaludon, L50, F|
|poke|p1|Maushold, L50|
|poke|p1|Raichu, L50, M|
|poke|p2|Archaludon, L50, F|
|poke|p2|Garchomp, L50, F|
|poke|p2|Pelipper, L50, F|
|poke|p2|Venusaur, L50, M|
|poke|p2|Whimsicott, L50, F|
|poke|p2|Charizard, L50, F|
|teampreview|4
|showteam|p1|Pelipper||FocusSash|Drizzle|WideGuard,Tailwind,WeatherBall,Hurricane|Timid||M|||50|]Gengar||Gengarite|CursedBody|Protect,PerishSong,ShadowBall,SludgeBomb|Timid||M|||50|]Incineroar||SitrusBerry|Intimidate|Protect,FakeOut,PartingShot,FlareBlitz|Adamant||F|||50|]Archaludon||Leftovers|Stamina|Protect,ElectroShot,FlashCannon,DragonPulse|Modest||F|||50|]Maushold||ChopleBerry|FriendGuard|Protect,FollowMe,BeatUp,SuperFang|Jolly|||||50|]Raichu||RaichuniteX|Static|Protect,FakeOut,VoltSwitch,RisingVoltage|Timid||M|||50|
|showteam|p2|Archaludon||Leftovers|Stamina|ElectroShot,DracoMeteor,FlashCannon,Protect|Modest||F|||50|]Garchomp||SitrusBerry|RoughSkin|DragonClaw,Earthquake,RockSlide,IronHead|Jolly||F|||50|]Pelipper||DampRock|Drizzle|WeatherBall,Roost,Tailwind,Hurricane|Bold||F|||50|]Venusaur||Venusaurite|Chlorophyll|EnergyBall,SleepPowder,Synthesis,SludgeBomb|Modest||M|||50|]Whimsicott||LumBerry|Prankster|Tailwind,LeechSeed,DazzlingGleam,Encore|Calm||F|||50|]Charizard||CharizarditeY|SolarPower|DragonPulse,HeatWave,ScorchingSands,SolarBeam|Modest||F|||50|
|inactive|Battle timer is ON: inactive players will automatically lose when time's up. (requested by strawhatronin)
|inactive|dragonaris has 60 seconds left.
|inactive|dragonaris has 30 seconds left.
|inactive|dragonaris has 20 seconds left.
|inactive|dragonaris has 15 seconds left.
|inactive|dragonaris has 10 seconds left.
|
|t:|1783776379
|teamsize|p1|4
|teamsize|p2|4
|start
|switch|p1a: Archaludon|Archaludon, L50, F|100/100
|switch|p1b: Raichu|Raichu, L50, M|100/100
|switch|p2a: Garchomp|Garchomp, L50, F|100/100
|switch|p2b: Pelipper|Pelipper, L50, F|100/100
|-weather|RainDance|[from] ability: Drizzle|[of] p2b: Pelipper
|turn|1
|inactive|strawhatronin has 30 seconds left.
|inactive|dragonaris has 30 seconds left.
|inactive|dragonaris has 20 seconds left.
|
|t:|1783776419
|detailschange|p1b: Raichu|Raichu-Mega-X, L50, M
|-mega|p1b: Raichu|Raichu|Raichunite X
|-fieldstart|move: Electric Terrain|[from] ability: Electric Surge|[of] p1b: Raichu
|move|p1b: Raichu|Fake Out|p2a: Garchomp
|-damage|p2a: Garchomp|88/100
|-damage|p1b: Raichu|87/100|[from] ability: Rough Skin|[of] p2a: Garchomp
|cant|p2a: Garchomp|flinch
|move|p1a: Archaludon|Electro Shot||[still]
|-prepare|p1a: Archaludon|Electro Shot
|-boost|p1a: Archaludon|spa|1
|-anim|p1a: Archaludon|Electro Shot|p2b: Pelipper
|-supereffective|p2b: Pelipper|2
|-damage|p2b: Pelipper|0 fnt
|faint|p2b: Pelipper
|
|-weather|RainDance|[upkeep]
|upkeep
|inactive|dragonaris has 30 seconds left.
|
|t:|1783776445
|switch|p2b: Venusaur|Venusaur, L50, M|100/100
|turn|2
|
|t:|1783776467
|move|p1a: Archaludon|Protect|p1a: Archaludon
|-singleturn|p1a: Archaludon|Protect
|move|p1b: Raichu|Volt Switch|p2b: Venusaur
|-resisted|p2b: Venusaur|1
|-damage|p2b: Venusaur|82/100
|
|t:|1783776476
|switch|p1b: Maushold|Maushold, L50|100/100|[from] Volt Switch
|move|p2a: Garchomp|Earthquake|p1a: Archaludon|[spread] p2b,p1b
|-activate|p1a: Archaludon|move: Protect
|-damage|p2b: Venusaur|42/100
|-damage|p1b: Maushold|46/100
|move|p2b: Venusaur|Sleep Powder|p1a: Archaludon
|-activate|p1a: Archaludon|move: Protect
|
|-weather|RainDance|[upkeep]
|upkeep
|turn|3
|inactive|dragonaris has 30 seconds left.
|
|t:|1783776507
|switch|p2b: Charizard|Charizard, L50, F|100/100
|move|p1b: Maushold|Beat Up|p1a: Archaludon
|-damage|p1a: Archaludon|97/100
|-ability|p1a: Archaludon|Stamina|boost
|-boost|p1a: Archaludon|def|1
|-damage|p1a: Archaludon|96/100
|-ability|p1a: Archaludon|Stamina|boost
|-boost|p1a: Archaludon|def|1
|-damage|p1a: Archaludon|96/100
|-ability|p1a: Archaludon|Stamina|boost
|-boost|p1a: Archaludon|def|1
|-damage|p1a: Archaludon|94/100
|-ability|p1a: Archaludon|Stamina|boost
|-boost|p1a: Archaludon|def|1
|-hitcount|p1a: Archaludon|4
|move|p2a: Garchomp|Earthquake|p1a: Archaludon|[spread] p1a,p1b
|-immune|p2b: Charizard
|-supereffective|p1a: Archaludon|1
|-damage|p1a: Archaludon|79/100
|-damage|p1b: Maushold|0 fnt
|-ability|p1a: Archaludon|Stamina|boost
|-boost|p1a: Archaludon|def|1
|faint|p1b: Maushold
|move|p1a: Archaludon|Dragon Pulse|p2a: Garchomp
|-supereffective|p2a: Garchomp|1
|-damage|p2a: Garchomp|0 fnt
|faint|p2a: Garchomp
|
|-weather|RainDance|[upkeep]
|-heal|p1a: Archaludon|85/100|[from] item: Leftovers
|upkeep
|inactive|strawhatronin has 30 seconds left.
|
|t:|1783776537
|switch|p1b: Raichu|Raichu-Mega-X, L50, M|87/100
|switch|p2a: Venusaur|Venusaur, L50, M|42/100
|turn|4
|
|t:|1783776555
|detailschange|p2b: Charizard|Charizard-Mega-Y, L50, F
|-mega|p2b: Charizard|Charizard|Charizardite Y
|-weather|SunnyDay|[from] ability: Drought|[of] p2b: Charizard
|move|p2a: Venusaur|Sleep Powder|p1b: Raichu
|-activate|p1b: Raichu|move: Electric Terrain
|move|p1b: Raichu|Volt Switch|p2a: Venusaur
|-resisted|p2a: Venusaur|1
|-damage|p2a: Venusaur|22/100
|
|t:|1783776563
|switch|p1b: Pelipper|Pelipper, L50, M|100/100|[from] Volt Switch
|-weather|RainDance|[from] ability: Drizzle|[of] p1b: Pelipper
|move|p2b: Charizard|Heat Wave|p1b: Pelipper|[spread] p1a,p1b
|-resisted|p1b: Pelipper|1
|-damage|p1a: Archaludon|58/100
|-damage|p1b: Pelipper|79/100
|-ability|p1a: Archaludon|Stamina|boost
|-boost|p1a: Archaludon|def|1
|move|p1a: Archaludon|Electro Shot||[still]
|-prepare|p1a: Archaludon|Electro Shot
|-boost|p1a: Archaludon|spa|1
|-anim|p1a: Archaludon|Electro Shot|p2b: Charizard
|-supereffective|p2b: Charizard|1
|-damage|p2b: Charizard|0 fnt
|faint|p2b: Charizard
|
|-weather|RainDance|[upkeep]
|-heal|p1a: Archaludon|64/100|[from] item: Leftovers
|upkeep
|turn|5
|-message|dragonaris forfeited.
|raw|strawhatronin's rating: 1078 → 1110(+32 for winning)
|raw|dragonaris's rating: 1126 → 1098(-28 for losing)
|
|win|strawhatronin
|l|☆dragonaris
|player|p2|
