|j|☆SomeKidJon
|j|☆failandimprove2
|html|SomeKidJonfailandimprove2    
|uhtml|bestof|Game 1 of a best-of-3
|t:|1783020945
|gametype|doubles
|player|p1|SomeKidJon|scientistf|1270
|player|p2|failandimprove2|170|1418
|gen|9
|tier|[Gen 9 Champions] VGC 2026 Reg M-B (Bo3)
|rated|
|rule|Species Clause: Limit one of each Pokémon
|rule|Item Clause: Limit 1 of each item
|clearpoke
|poke|p1|Camerupt, L50, M|
|poke|p1|Farigiraf, L50, M|
|poke|p1|Primarina, L50, M|
|poke|p1|Ninetales-Alola, L50, M|
|poke|p1|Hydreigon, L50, M|
|poke|p1|Lopunny, L50, F|
|poke|p2|Sinistcha, L50|
|poke|p2|Kingambit, L50, M|
|poke|p2|Sneasler, L50, F|
|poke|p2|Floette-Eternal, L50, F|
|poke|p2|Delphox, L50, M|
|poke|p2|Incineroar, L50, F|
|teampreview|4
|showteam|p1|Camerupt||Cameruptite|SolidRock|AncientPower,HeatWave,EarthPower,Protect|Quiet||M|||50|]Farigiraf||SitrusBerry|ArmorTail|Protect,HelpingHand,TrickRoom,DazzlingGleam|Bold||M|||50|]Primarina||Leftovers|LiquidVoice|HyperVoice,Protect,Moonblast,CalmMind|Modest||M|||50|]Ninetales-Alola||LightClay|SnowWarning|FreezeDry,AuroraVeil,Protect,Blizzard|Timid||M|||50|]Hydreigon||ChoiceScarf|Levitate|Snarl,EarthPower,HeatWave,DarkPulse|Modest||M|||50|]Lopunny||Lopunnite|Limber|FakeOut,CloseCombat,TripleAxel,Protect|Jolly||F|||50|
|showteam|p2|Sinistcha||KasibBerry|Hospitality|MatchaGotcha,RagePowder,TrickRoom,Protect|Bold|||||50|]Kingambit||BlackGlasses|Defiant|KowtowCleave,SuckerPunch,SwordsDance,Protect|Adamant||M|||50|]Sneasler||FocusSash|PoisonTouch|FakeOut,CloseCombat,DireClaw,QuickGuard|Jolly||F|||50|]Floette-Eternal||Floettite|FlowerVeil|Moonblast,DazzlingGleam,CalmMind,Protect|Modest||F|||50|]Delphox||Delphoxite|Blaze|HeatWave,Psyshock,NastyPlot,Protect|Timid||M|||50|]Incineroar||SitrusBerry|Intimidate|PartingShot,FlareBlitz,ThroatChop,FakeOut|Careful||F|||50|
|
|t:|1783020983
|teamsize|p1|4
|teamsize|p2|4
|start
|switch|p1a: Lopunny|Lopunny, L50, F|100/100
|switch|p1b: Ninetales|Ninetales-Alola, L50, M|100/100
|switch|p2a: Floette|Floette-Eternal, L50, F|100/100
|switch|p2b: Incineroar|Incineroar, L50, F|100/100
|-weather|Snowscape|[from] ability: Snow Warning|[of] p1b: Ninetales
|-ability|p2b: Incineroar|Intimidate|boost
|-unboost|p1a: Lopunny|atk|1
|-unboost|p1b: Ninetales|atk|1
|turn|1
|
|t:|1783020996
|detailschange|p2a: Floette|Floette-Mega, L50, F
|-mega|p2a: Floette|Floette|Floettite
|-ability|p2a: Floette|Fairy Aura
|move|p1a: Lopunny|Fake Out|p2b: Incineroar
|-crit|p2b: Incineroar
|-damage|p2b: Incineroar|80/100
|move|p1b: Ninetales|Aurora Veil|p1b: Ninetales
|-sidestart|p1: SomeKidJon|move: Aurora Veil
|move|p2a: Floette|Calm Mind|p2a: Floette
|-boost|p2a: Floette|spa|1
|-boost|p2a: Floette|spd|1
|cant|p2b: Incineroar|flinch
|
|-weather|Snowscape|[upkeep]
|upkeep
|turn|2
|
|t:|1783021041
|detailschange|p1a: Lopunny|Lopunny-Mega, L50, F
|-mega|p1a: Lopunny|Lopunny|Lopunnite
|move|p1a: Lopunny|Close Combat|p2b: Incineroar
|-supereffective|p2b: Incineroar|1
|-damage|p2b: Incineroar|1/100
|-unboost|p1a: Lopunny|def|1
|-unboost|p1a: Lopunny|spd|1
|-enditem|p2b: Incineroar|Sitrus Berry|[eat]
|-heal|p2b: Incineroar|26/100|[from] item: Sitrus Berry
|move|p1b: Ninetales|Blizzard|p2a: Floette|[spread] p2a,p2b
|-resisted|p2b: Incineroar|1
|-damage|p2a: Floette|85/100
|-damage|p2b: Incineroar|16/100
|-status|p2b: Incineroar|frz
|move|p2a: Floette|Calm Mind|p2a: Floette
|-boost|p2a: Floette|spa|1
|-boost|p2a: Floette|spd|1
|cant|p2b: Incineroar|frz
|
|-weather|Snowscape|[upkeep]
|upkeep
|turn|3
|
|t:|1783021058
|move|p1a: Lopunny|Triple Axel|p2a: Floette
|-damage|p2a: Floette|80/100
|-damage|p2a: Floette|70/100
|-damage|p2a: Floette|56/100
|-hitcount|p2a: Floette|3
|move|p1b: Ninetales|Blizzard|p2a: Floette|[spread] p2a,p2b
|-resisted|p2b: Incineroar|1
|-damage|p2a: Floette|46/100
|-damage|p2b: Incineroar|6/100 frz
|-status|p2a: Floette|frz
|-curestatus|p2a: Floette|frz|[msg]
|move|p2a: Floette|Dazzling Gleam|p1b: Ninetales|[spread] p1a,p1b
|-supereffective|p1a: Lopunny|1
|-damage|p1a: Lopunny|0 fnt
|-damage|p1b: Ninetales|33/100
|faint|p1a: Lopunny
|-curestatus|p2b: Incineroar|frz|[from] move: Flare Blitz
|move|p2b: Incineroar|Flare Blitz|p1b: Ninetales
|-supereffective|p1b: Ninetales|1
|-damage|p1b: Ninetales|0 fnt
|faint|p1b: Ninetales
|-damage|p2b: Incineroar|0 fnt|[from] Recoil
|faint|p2b: Incineroar
|
|-weather|Snowscape|[upkeep]
|upkeep
|
|t:|1783021067
|switch|p1a: Hydreigon|Hydreigon, L50, M|100/100
|switch|p1b: Primarina|Primarina, L50, M|100/100
|switch|p2b: Sinistcha|Sinistcha, L50|100/100
|-heal|p2a: Floette|70/100|[from] ability: Hospitality|[of] p2b: Sinistcha
|turn|4
|
|t:|1783021071
|move|p1a: Hydreigon|Snarl|p2a: Floette|[spread] p2a,p2b
|-resisted|p2a: Floette|1
|-supereffective|p2b: Sinistcha|1
|-damage|p2a: Floette|66/100
|-damage|p2b: Sinistcha|59/100
|-unboost|p2a: Floette|spa|1
|-unboost|p2b: Sinistcha|spa|1
|move|p2a: Floette|Dazzling Gleam|p1b: Primarina|[spread] p1a,p1b
|-supereffective|p1a: Hydreigon|2
|-damage|p1a: Hydreigon|0 fnt
|-damage|p1b: Primarina|65/100
|faint|p1a: Hydreigon
|move|p2b: Sinistcha|Matcha Gotcha|p1b: Primarina
|-supereffective|p1b: Primarina|1
|-damage|p1b: Primarina|43/100
|-heal|p2b: Sinistcha|71/100|[from] drain|[of] p1b: Primarina
|move|p1b: Primarina|Moonblast|p2a: Floette
|-damage|p2a: Floette|45/100
|
|-weather|Snowscape|[upkeep]
|-heal|p1b: Primarina|49/100|[from] item: Leftovers
|upkeep
|turn|5
|-message|SomeKidJon forfeited.
|
|win|failandimprove2
