|j|☆gundnub
|j|☆AvosRuin
|html|gundnubAvosRuin    
|uhtml|bestof|Game 1 of a best-of-3
|t:|1783283303
|gametype|doubles
|player|p1|gundnub|pokemonranger-gen4|
|player|p2|AvosRuin|acetrainerf|
|gen|9
|tier|[Gen 9 Champions] VGC 2026 Reg M-B (Bo3)
|rule|Species Clause: Limit one of each Pokémon
|rule|Item Clause: Limit 1 of each item
|clearpoke
|poke|p1|Arcanine, L50, F|
|poke|p1|Lycanroc, L50, M|
|poke|p1|Hippowdon, L50, F|
|poke|p1|Skarmory, L50, F|
|poke|p1|Serperior, L50, F|
|poke|p1|Altaria, L50, M|
|poke|p2|Liepard, L50, M|
|poke|p2|Spiritomb, L50, M|
|poke|p2|Golurk, L50, shiny|
|poke|p2|Hydrapple, L50, M|
|poke|p2|Reuniclus, L50, F|
|poke|p2|Crabominable, L50, F|
|teampreview|4
|showteam|p1|Arcanine||SitrusBerry|Intimidate|Protect,FlareBlitz,ExtremeSpeed,WillOWisp|Careful||F|||50|]Lycanroc||FocusSash|SandRush|Protect,RockSlide,CloseCombat,Accelerock|Adamant||M|||50|]Hippowdon||Leftovers|SandStream|Protect,Earthquake,SandTomb,Yawn|Careful||F|||50|]Skarmory||Skarmorite|KeenEye|Protect,IronHead,BraveBird,SwordsDance|Adamant||F|||50|]Serperior||LightClay|Overgrow|LeafStorm,Reflect,LightScreen,Glare|Timid||F|||50|]Altaria||Altarianite|NaturalCure|Protect,HyperVoice,DragonPulse,Roost|Modest||M|||50|
|showteam|p2|Liepard||FocusSash|Prankster|FakeOut,Uturn,Encore,Taunt|Jolly||M|||50|]Spiritomb||RoseliBerry|Pressure|DarkPulse,Protect,ShadowBall,TrickRoom|Calm||M|||50|]Golurk||Golurkite|IronFist|HeadlongRush,Poltergeist,FirePunch,Protect|Brave|||||50|]Hydrapple||Leftovers|Regenerator|EnergyBall,DragonPulse,Protect,PollenPuff|Modest||M|||50|]Reuniclus||SitrusBerry|Regenerator|Psyshock,TrickRoom,FlashCannon,Protect|Modest||F|||50|]Crabominable||Crabominite|HyperCutter|IceHammer,DrainPunch,ThunderPunch,Protect|Brave||F|||50|
|inactive|Battle timer is ON: inactive players will automatically lose when time's up. (requested by gundnub)
|c|☆gundnub|glhf
|c|☆AvosRuin|u 2
|inactive|gundnub has 60 seconds left.
|inactive|AvosRuin has 60 seconds left.
|inactive|gundnub has 30 seconds left.
|inactive|gundnub has 20 seconds left.
|inactive|gundnub has 15 seconds left.
|inactive|gundnub has 10 seconds left.
|inactive|gundnub has 5 seconds left.
|
|t:|1783283392
|teamsize|p1|4
|teamsize|p2|4
|start
|switch|p1a: Serperior|Serperior, L50, F|100/100
|switch|p1b: Altaria|Altaria, L50, M|100/100
|switch|p2a: Spiritomb|Spiritomb, L50, M|100/100
|switch|p2b: Liepard|Liepard, L50, M|100/100
|-ability|p2a: Spiritomb|Pressure
|turn|1
|inactive|gundnub has 30 seconds left.
|
|t:|1783283419
|detailschange|p1b: Altaria|Altaria-Mega, L50, M
|-mega|p1b: Altaria|Altaria|Altarianite
|move|p2b: Liepard|Fake Out|p1a: Serperior
|-damage|p1a: Serperior|89/100
|cant|p1a: Serperior|flinch
|move|p1b: Altaria|Hyper Voice|p2a: Spiritomb|[spread] p2a,p2b
|-supereffective|p2a: Spiritomb|1
|-enditem|p2a: Spiritomb|Roseli Berry|[eat]
|-enditem|p2a: Spiritomb|Roseli Berry|[weaken]
|-supereffective|p2b: Liepard|1
|-damage|p2a: Spiritomb|63/100
|-enditem|p2b: Liepard|Focus Sash
|-damage|p2b: Liepard|1/100
|move|p2a: Spiritomb|Trick Room|p2a: Spiritomb
|-fieldstart|move: Trick Room|[of] p2a: Spiritomb
|
|upkeep
|turn|2
|inactive|AvosRuin has 30 seconds left.
|
|t:|1783283449
|move|p2a: Spiritomb|Dark Pulse|p1b: Altaria
|-resisted|p1b: Altaria|1
|-damage|p1b: Altaria|84/100
|cant|p1b: Altaria|flinch
|move|p2b: Liepard|U-turn|p1a: Serperior
|-supereffective|p1a: Serperior|1
|-damage|p1a: Serperior|50/100g
|
|t:|1783283460
|switch|p2b: Crabominable|Crabominable, L50, F|100/100|[from] U-turn
|move|p1a: Serperior|Reflect|p1a: Serperior
|-sidestart|p1: gundnub|Reflect
|
|upkeep
|turn|3
|
|t:|1783283472
|switch|p1b: Arcanine|Arcanine, L50, F|100/100
|-ability|p1b: Arcanine|Intimidate|boost
|-unboost|p2a: Spiritomb|atk|1
|-fail|p2b: Crabominable|unboost|Attack|[from] ability: Hyper Cutter|[of] p2b: Crabominable
|detailschange|p2b: Crabominable|Crabominable-Mega, L50, F
|-mega|p2b: Crabominable|Crabominable|Crabominite
|move|p2b: Crabominable|Ice Hammer|p1b: Arcanine|[miss]
|-miss|p2b: Crabominable|p1b: Arcanine
|move|p2a: Spiritomb|Dark Pulse|p1b: Arcanine
|-damage|p1b: Arcanine|73/100
|move|p1a: Serperior|Leaf Storm|p2a: Spiritomb
|-damage|p2a: Spiritomb|32/100
|-unboost|p1a: Serperior|spa|2
|
|upkeep
|turn|4
|inactive|AvosRuin has 30 seconds left.
|
|t:|1783283502
|move|p2b: Crabominable|Drain Punch|p1b: Arcanine
|-crit|p1b: Arcanine
|-damage|p1b: Arcanine|0 fnt
|faint|p1b: Arcanine
|move|p2a: Spiritomb|Dark Pulse|p1a: Serperior
|-damage|p1a: Serperior|20/100y
|move|p1a: Serperior|Light Screen|p1a: Serperior
|-sidestart|p1: gundnub|move: Light Screen
|
|upkeep
|
|t:|1783283510
|switch|p1b: Altaria|Altaria-Mega, L50, M|84/100
|turn|5
|
|t:|1783283530
|move|p1b: Altaria|Protect|p1b: Altaria
|-singleturn|p1b: Altaria|Protect
|move|p2b: Crabominable|Ice Hammer|p1b: Altaria
|-activate|p1b: Altaria|move: Protect
|move|p2a: Spiritomb|Dark Pulse|p1a: Serperior
|-damage|p1a: Serperior|1/100
|cant|p1a: Serperior|flinch
|
|-fieldend|move: Trick Room
|upkeep
|turn|6
|
|t:|1783283552
|move|p1a: Serperior|Leaf Storm|p2b: Crabominable
|-damage|p2b: Crabominable|76/100
|-unboost|p1a: Serperior|spa|2
|move|p1b: Altaria|Hyper Voice|p2b: Crabominable|[spread] p2a,p2b
|-supereffective|p2a: Spiritomb|1
|-supereffective|p2b: Crabominable|1
|-crit|p2b: Crabominable
|-damage|p2a: Spiritomb|0 fnt
|-damage|p2b: Crabominable|0 fnt
|faint|p2a: Spiritomb
|faint|p2b: Crabominable
|
|upkeep
|
|t:|1783283563
|switch|p2a: Hydrapple|Hydrapple, L50, M|100/100
|switch|p2b: Liepard|Liepard, L50, M|1/100
|turn|7
|
|t:|1783283583
|move|p2b: Liepard|Fake Out|p1b: Altaria
|-damage|p1b: Altaria|76/100
|move|p1a: Serperior|Glare|p2b: Liepard
|-status|p2b: Liepard|par
|cant|p1b: Altaria|flinch
|move|p2a: Hydrapple|Energy Ball|p1b: Altaria
|-resisted|p1b: Altaria|1
|-damage|p1b: Altaria|60/100
|
|upkeep
|turn|8
|inactive|AvosRuin has 30 seconds left.
|inactive|AvosRuin has 20 seconds left.
|-message|AvosRuin forfeited.
|
|win|gundnub
