|j|☆PhantomzTK
|j|☆lukashz
|html|PhantomzTKlukashz    
|uhtml|bestof|Game 2 of a best-of-3
|t:|1782956624
|gametype|doubles
|player|p1|PhantomzTK|caitlin|1315
|player|p2|lukashz|elesa|1324
|gen|9
|tier|[Gen 9 Champions] VGC 2026 Reg M-B (Bo3)
|rated|
|rule|Species Clause: Limit one of each Pokémon
|rule|Item Clause: Limit 1 of each item
|clearpoke
|poke|p1|Kingambit, L50, M|
|poke|p1|Sneasler, L50, M|
|poke|p1|Lycanroc-Dusk, L50, M|
|poke|p1|Scovillain, L50, M|
|poke|p1|Basculegion, L50, M|
|poke|p1|Froslass, L50, F|
|poke|p2|Chandelure, L50, M|
|poke|p2|Kangaskhan, L50, F|
|poke|p2|Basculegion, L50, M|
|poke|p2|Sylveon, L50, F|
|poke|p2|Kingambit, L50, F|
|poke|p2|Sneasler, L50, F|
|teampreview|4
|showteam|p1|Kingambit||BlackGlasses|Defiant|KowtowCleave,SuckerPunch,Protect,SwordsDance|Adamant||M|||50|]Sneasler||WhiteHerb|Unburden|CloseCombat,GunkShot,Protect,FakeOut|Jolly||M|||50|]Lycanroc-Dusk||FocusSash|ToughClaws|RockSlide,CloseCombat,Protect,Accelerock|Adamant||M|||50|]Scovillain||Scovillainite|Moody|Overheat,GigaDrain,Protect,RagePowder|Calm||M|||50|]Basculegion||SitrusBerry|Adaptability|WaveCrash,LastRespects,Protect,AquaJet|Adamant||M|||50|]Froslass||Froslassite|CursedBody|Blizzard,ShadowBall,Protect,AuroraVeil|Timid||F|||50|
|showteam|p2|Chandelure||FocusSash|FlashFire|HeatWave,ShadowBall,TrickRoom,Taunt|Quiet||M|||50|]Kangaskhan||Kangaskhanite|InnerFocus|FakeOut,Facade,DoubleEdge,SuckerPunch|Brave||F|||50|]Basculegion||MysticWater|Adaptability|WaveCrash,LastRespects,AquaJet,Protect|Brave||M|||50|]Sylveon||FairyFeather|Pixilate|HyperVoice,Protect,HyperBeam,QuickAttack|Quiet||F|||50|]Kingambit||BlackGlasses|Defiant|KowtowCleave,SuckerPunch,IronHead,LowKick|Brave||F|||50|]Sneasler||MentalHerb|Unburden|FakeOut,Coaching,CloseCombat,DireClaw|Jolly||F|||50|
|inactive|Battle timer is ON: inactive players will automatically lose when time's up. (requested by PhantomzTK)
|
|t:|1782956648
|teamsize|p1|4
|teamsize|p2|4
|start
|switch|p1a: Sneasler|Sneasler, L50, M|100/100
|switch|p1b: Scovillain|Scovillain, L50, M|100/100
|switch|p2a: Chandelure|Chandelure, L50, M|100/100
|switch|p2b: Kangaskhan|Kangaskhan, L50, F|100/100
|turn|1
|
|t:|1782956672
|switch|p1a: Basculegion|Basculegion, L50, M|100/100
|move|p2b: Kangaskhan|Fake Out|p1a: Basculegion
|-immune|p1a: Basculegion
|move|p1b: Scovillain|Rage Powder|p1b: Scovillain
|-singleturn|p1b: Scovillain|move: Rage Powder
|move|p2a: Chandelure|Heat Wave|p1a: Basculegion|[spread] p1a,p1b
|-resisted|p1a: Basculegion|1
|-damage|p1a: Basculegion|77/100
|-damage|p1b: Scovillain|50/100g
|
|-ability|p1b: Scovillain|Moody|boost
|-boost|p1b: Scovillain|spa|2
|-unboost|p1b: Scovillain|def|1
|upkeep
|turn|2
|
|t:|1782956691
|detailschange|p2b: Kangaskhan|Kangaskhan-Mega, L50, F
|-mega|p2b: Kangaskhan|Kangaskhan|Kangaskhanite
|detailschange|p1b: Scovillain|Scovillain-Mega, L50, M
|-mega|p1b: Scovillain|Scovillain|Scovillainite
|move|p1b: Scovillain|Rage Powder|p1b: Scovillain
|-singleturn|p1b: Scovillain|move: Rage Powder
|move|p2b: Kangaskhan|Facade|p1b: Scovillain
|-damage|p1b: Scovillain|0 fnt
|-status|p2b: Kangaskhan|brn|[from] ability: Spicy Spray|[of] p1b: Scovillain
|faint|p1b: Scovillain
|move|p1a: Basculegion|Wave Crash|p2a: Chandelure
|-supereffective|p2a: Chandelure|1
|-enditem|p2a: Chandelure|Focus Sash
|-damage|p2a: Chandelure|1/100
|-damage|p1a: Basculegion|53/100|[from] Recoil
|move|p2a: Chandelure|Shadow Ball|p1a: Basculegion
|-supereffective|p1a: Basculegion|1
|-damage|p1a: Basculegion|0 fnt
|faint|p1a: Basculegion
|
|-damage|p2b: Kangaskhan|93/100 brn|[from] brn
|upkeep
|
|t:|1782956699
|switch|p1a: Kingambit|Kingambit, L50, M|100/100
|switch|p1b: Sneasler|Sneasler, L50, M|100/100
|turn|3
|inactive|lukashz has 30 seconds left.
|
|t:|1782956724
|move|p1a: Kingambit|Sucker Punch||[still]
|-fail|p1a: Kingambit
|move|p1b: Sneasler|Close Combat|p2b: Kangaskhan
|-supereffective|p2b: Kangaskhan|1
|-damage|p2b: Kangaskhan|0 fnt
|-unboost|p1b: Sneasler|def|1
|-unboost|p1b: Sneasler|spd|1
|faint|p2b: Kangaskhan
|-enditem|p1b: Sneasler|White Herb
|-clearnegativeboost|p1b: Sneasler|[silent]
|move|p2a: Chandelure|Taunt|p1a: Kingambit
|-start|p1a: Kingambit|move: Taunt
|
|upkeep
|
|t:|1782956731
|switch|p2b: Sneasler|Sneasler, L50, F|100/100
|turn|4
|
|t:|1782956743
|move|p1a: Kingambit|Sucker Punch|p2b: Sneasler
|-resisted|p2b: Sneasler|1
|-damage|p2b: Sneasler|66/100
|move|p1b: Sneasler|Gunk Shot|p2b: Sneasler
|-resisted|p2b: Sneasler|1
|-damage|p2b: Sneasler|24/100
|move|p2b: Sneasler|Close Combat|p1a: Kingambit
|-supereffective|p1a: Kingambit|2
|-damage|p1a: Kingambit|0 fnt
|-unboost|p2b: Sneasler|def|1
|-unboost|p2b: Sneasler|spd|1
|faint|p1a: Kingambit
|move|p2a: Chandelure|Taunt|p1b: Sneasler
|-start|p1b: Sneasler|move: Taunt
|
|upkeep
|turn|5
|
|t:|1782956757
|move|p1b: Sneasler|Gunk Shot|p2a: Chandelure
|-resisted|p2a: Chandelure|1
|-damage|p2a: Chandelure|0 fnt
|faint|p2a: Chandelure
|move|p2b: Sneasler|Close Combat|p1b: Sneasler
|-resisted|p1b: Sneasler|1
|-damage|p1b: Sneasler|57/100
|-unboost|p2b: Sneasler|def|1
|-unboost|p2b: Sneasler|spd|1
|
|upkeep
|
|t:|1782956760
|switch|p2a: Kingambit|Kingambit, L50, F|100/100
|turn|6
|
|t:|1782956768
|move|p2a: Kingambit|Sucker Punch|p1b: Sneasler
|-resisted|p1b: Sneasler|1
|-damage|p1b: Sneasler|17/100
|move|p1b: Sneasler|Gunk Shot|p2b: Sneasler|[miss]
|-miss|p1b: Sneasler|p2b: Sneasler
|move|p2b: Sneasler|Close Combat|p1b: Sneasler
|-resisted|p1b: Sneasler|1
|-damage|p1b: Sneasler|0 fnt
|-unboost|p2b: Sneasler|def|1
|-unboost|p2b: Sneasler|spd|1
|faint|p1b: Sneasler
|
|win|lukashz
|raw|PhantomzTK's rating: 1315 → 1296(-19 for losing)
|raw|lukashz's rating: 1324 → 1343(+19 for winning)
|l|☆PhantomzTK
|player|p1|
