|j|☆Jacrepid
|j|☆Gianni Incestino
|html|JacrepidGianni Incestino    
|uhtml|bestof|Game 2 of a best-of-3
|t:|1785433719
|gametype|doubles
|player|p1|Jacrepid|fisherman|1071
|player|p2|Gianni Incestino|265|1041
|gen|9
|tier|[Gen 9 Champions] VGC 2026 Reg M-B (Bo3)
|rated|
|rule|Species Clause: Limit one of each Pokémon
|rule|Item Clause: Limit 1 of each item
|clearpoke
|poke|p1|Metagross, L50, shiny|
|poke|p1|Charizard, L50, M, shiny|
|poke|p1|Incineroar, L50, M, shiny|
|poke|p1|Garchomp, L50, F, shiny|
|poke|p1|Hydreigon, L50, M, shiny|
|poke|p1|Whimsicott, L50, F|
|poke|p2|Kingambit, L50, M|
|poke|p2|Sylveon, L50, M|
|poke|p2|Garchomp, L50, M|
|poke|p2|Charizard, L50, M|
|poke|p2|Farigiraf, L50, F|
|poke|p2|Kangaskhan, L50, F|
|teampreview|4
|showteam|p1|Metagross||Metagrossite|ClearBody|IronHead,PsychicFangs,BodyPress,Protect|Jolly|||||50|]Charizard||CharizarditeY|Blaze|HeatWave,WeatherBall,SolarBeam,Protect|Timid||M|||50|]Incineroar||SitrusBerry|Intimidate|FlareBlitz,ThroatChop,FakeOut,PartingShot|Impish||M|||50|]Garchomp||LifeOrb|RoughSkin|Earthquake,DragonClaw,RockSlide,Protect|Jolly||F|||50|]Hydreigon||ChoiceScarf|Levitate|DracoMeteor,DarkPulse,Snarl,HeatWave|Modest||M|||50|]Whimsicott||FocusSash|Prankster|Tailwind,Encore,Protect,Moonblast|Timid||F|||50|
|showteam|p2|Kingambit||FocusSash|Defiant|KowtowCleave,SuckerPunch,IronHead,LowKick|Adamant||M|||50|]Sylveon||FairyFeather|Pixilate|Detect,HyperVoice,HyperBeam,QuickAttack|Modest||M|||50|]Garchomp||LifeOrb|RoughSkin|Earthquake,DragonClaw,RockSlide,Protect|Jolly||M|||50|]Charizard||CharizarditeY|Blaze|Protect,HeatWave,SolarBeam,WeatherBall|Modest||M|||50|]Farigiraf||SitrusBerry|ArmorTail|TrickRoom,Psychic,Protect,Thunderbolt|Sassy||F|||50|]Kangaskhan||SilkScarf|Scrappy|FakeOut,LastResort|Brave||F|||50|
|inactive|Battle timer is ON: inactive players will automatically lose when time's up. (requested by Gianni Incestino)
|inactive|Jacrepid has 60 seconds left.
|
|t:|1785433768
|teamsize|p1|4
|teamsize|p2|4
|start
|switch|p1a: Whimsicott|Whimsicott, L50, F|100/100
|switch|p1b: Triple Kelp|Hydreigon, L50, M, shiny|100/100
|switch|p2a: Kangaskhan|Kangaskhan, L50, F|100/100
|switch|p2b: Charizard|Charizard, L50, M|100/100
|turn|1
|inactive|Gianni Incestino has 30 seconds left.
|
|t:|1785433795
|detailschange|p2b: Charizard|Charizard-Mega-Y, L50, M
|-mega|p2b: Charizard|Charizard|Charizardite Y
|-weather|SunnyDay|[from] ability: Drought|[of] p2b: Charizard
|move|p1a: Whimsicott|Protect|p1a: Whimsicott
|-singleturn|p1a: Whimsicott|Protect
|move|p2a: Kangaskhan|Fake Out|p1a: Whimsicott
|-activate|p1a: Whimsicott|move: Protect
|move|p1b: Triple Kelp|Dark Pulse|p2b: Charizard
|-damage|p2b: Charizard|59/100
|cant|p2b: Charizard|flinch
|
|-weather|SunnyDay|[upkeep]
|upkeep
|turn|2
|
|t:|1785433814
|move|p1a: Whimsicott|Encore|p2a: Kangaskhan
|-start|p2a: Kangaskhan|Encore
|move|p2a: Kangaskhan|Fake Out||[still]
|-hint|Fake Out only works on your first turn out.
|-fail|p2a: Kangaskhan
|move|p1b: Triple Kelp|Dark Pulse|p2b: Charizard
|-damage|p2b: Charizard|21/100
|move|p2b: Charizard|Heat Wave|p1a: Whimsicott|[spread] p1a,p1b
|-supereffective|p1a: Whimsicott|1
|-resisted|p1b: Triple Kelp|1
|-enditem|p1a: Whimsicott|Focus Sash
|-damage|p1a: Whimsicott|1/100
|-damage|p1b: Triple Kelp|62/100
|
|-weather|SunnyDay|[upkeep]
|upkeep
|turn|3
|
|t:|1785433829
|switch|p2a: Sylveon|Sylveon, L50, M|100/100
|move|p2b: Charizard|Protect|p2b: Charizard
|-singleturn|p2b: Charizard|Protect
|move|p1b: Triple Kelp|Dark Pulse|p2b: Charizard
|-activate|p2b: Charizard|move: Protect
|move|p1a: Whimsicott|Moonblast|p2a: Sylveon
|-crit|p2a: Sylveon
|-damage|p2a: Sylveon|66/100
|
|-weather|SunnyDay|[upkeep]
|upkeep
|turn|4
|
|t:|1785433849
|switch|p2b: Kangaskhan|Kangaskhan, L50, F|100/100
|move|p1a: Whimsicott|Tailwind|p1a: Whimsicott
|-sidestart|p1: Jacrepid|move: Tailwind
|move|p1b: Triple Kelp|Dark Pulse|p2b: Kangaskhan
|-damage|p2b: Kangaskhan|56/100
|move|p2a: Sylveon|Hyper Voice|p1a: Whimsicott|[spread] p1a,p1b
|-supereffective|p1b: Triple Kelp|2
|-crit|p1b: Triple Kelp
|-damage|p1a: Whimsicott|0 fnt
|-damage|p1b: Triple Kelp|0 fnt
|faint|p1a: Whimsicott
|faint|p1b: Triple Kelp
|
|-weather|SunnyDay|[upkeep]
|upkeep
|
|t:|1785433858
|switch|p1a: Xaria|Charizard, L50, M, shiny|100/100
|switch|p1b: Jarrkhan|Garchomp, L50, F, shiny|100/100
|turn|5
|
|t:|1785433867
|move|p1b: Jarrkhan|Protect|p1b: Jarrkhan
|-singleturn|p1b: Jarrkhan|Protect
|move|p1a: Xaria|Protect|p1a: Xaria
|-singleturn|p1a: Xaria|Protect
|move|p2b: Kangaskhan|Fake Out|p1b: Jarrkhan
|-activate|p1b: Jarrkhan|move: Protect
|move|p2a: Sylveon|Hyper Voice|p1a: Xaria|[spread] 
|-activate|p1a: Xaria|move: Protect
|-activate|p1b: Jarrkhan|move: Protect
|
|-weather|none
|upkeep
|turn|6
|
|t:|1785433877
|detailschange|p1a: Xaria|Charizard-Mega-Y, L50, M, shiny
|-mega|p1a: Xaria|Charizard|Charizardite Y
|-weather|SunnyDay|[from] ability: Drought|[of] p1a: Xaria
|move|p2a: Sylveon|Detect|p2a: Sylveon
|-singleturn|p2a: Sylveon|Protect
|move|p1b: Jarrkhan|Earthquake|p2a: Sylveon|[spread] p2b
|-activate|p2a: Sylveon|move: Protect
|-immune|p1a: Xaria
|-damage|p2b: Kangaskhan|1/100
|-damage|p1b: Jarrkhan|90/100|[from] item: Life Orb
|move|p1a: Xaria|Heat Wave|p2b: Kangaskhan|[spread] p2b
|-activate|p2a: Sylveon|move: Protect
|-damage|p2b: Kangaskhan|0 fnt
|faint|p2b: Kangaskhan
|
|-weather|SunnyDay|[upkeep]
|upkeep
|
|t:|1785433894
|switch|p2b: Kingambit|Kingambit, L50, M|100/100
|turn|7
|
|t:|1785433901
|move|p2b: Kingambit|Sucker Punch|p1a: Xaria
|-damage|p1a: Xaria|60/100
|move|p1b: Jarrkhan|Earthquake|p2b: Kingambit|[spread] p2a,p2b
|-immune|p1a: Xaria
|-supereffective|p2b: Kingambit|1
|-damage|p2a: Sylveon|7/100
|-damage|p2b: Kingambit|19/100
|-damage|p1b: Jarrkhan|80/100|[from] item: Life Orb
|move|p1a: Xaria|Heat Wave|p2b: Kingambit|[spread] p2a,p2b
|-supereffective|p2b: Kingambit|1
|-damage|p2a: Sylveon|0 fnt
|-damage|p2b: Kingambit|0 fnt
|faint|p2a: Sylveon
|faint|p2b: Kingambit
|
|-weather|SunnyDay|[upkeep]
|-sideend|p1: Jacrepid|move: Tailwind
|upkeep
|
|t:|1785433907
|switch|p2b: Charizard|Charizard-Mega-Y, L50, M|21/100
|turn|8
|
|t:|1785433917
|move|p1b: Jarrkhan|Dragon Claw|p2b: Charizard
|-damage|p2b: Charizard|0 fnt
|faint|p2b: Charizard
|-damage|p1b: Jarrkhan|70/100|[from] item: Life Orb
|
|win|Jacrepid
