|j|☆TobiYume
|j|☆GabboVGC
|html|TobiYumeGabboVGC    
|uhtml|bestof|Game 1 of a best-of-3
|t:|1757666808
|gametype|doubles
|player|p1|TobiYume|roxie|1269
|player|p2|GabboVGC|marnie-league|1229
|gen|9
|tier|[Gen 9] VGC 2025 Reg H (Bo3)
|rated|
|rule|Species Clause: Limit one of each Pokémon
|rule|Item Clause: Limit 1 of each item
|clearpoke
|poke|p1|Garchomp, L50, M|
|poke|p1|Talonflame, L50, F|
|poke|p1|Sylveon, L50, F|
|poke|p1|Tyranitar, L50, M|
|poke|p1|Decidueye-Hisui, L50, F|
|poke|p1|Gholdengo, L50|
|poke|p2|Ninetales-Alola, L50, F|
|poke|p2|Annihilape, L50, M|
|poke|p2|Rillaboom, L50, M|
|poke|p2|Ursaluna-Bloodmoon, L50, M|
|poke|p2|Dragonite, L50, F|
|poke|p2|Maushold-Four, L50|
|teampreview|4
|showteam|p1|Garchomp||LifeOrb|SandVeil|DragonClaw,StompingTantrum,Earthquake,Protect|||M|||50|,,,,,Steel]Talonflame||CovertCloak|GaleWings|Tailwind,WillOWisp,BraveBird,Taunt|||F|||50|,,,,,Grass]Sylveon||ThroatSpray|Pixilate|HyperVoice,HyperBeam,TeraBlast,Protect|||F|||50|,,,,,Water]Tyranitar||AssaultVest|SandStream|RockSlide,KnockOff,TeraBlast,LowKick|||M|||50|,,,,,Flying]Decidueye-Hisui||RazorClaw|Scrappy|TripleArrows,LeafBlade,SuckerPunch,Protect|||F|||50|,,,,,Fire]Gholdengo||Leftovers|GoodasGold|MakeItRain,ShadowBall,NastyPlot,Protect||||||50|,,,,,Dragon
|showteam|p2|Ninetales-Alola||LightClay|SnowWarning|AuroraVeil,Blizzard,IcyWind,Protect|||F|||50|,,,,,Ghost]Annihilape||SafetyGoggles|Defiant|Protect,BulkUp,DrainPunch,RageFist|||M|||50|,,,,,Fire]Rillaboom||MiracleSeed|GrassySurge|FakeOut,GrassyGlide,WoodHammer,HighHorsepower|||M|||50|,,,,,Fire]Ursaluna-Bloodmoon||AssaultVest|MindsEye|BloodMoon,HyperVoice,EarthPower,VacuumWave|||M|||50|,,,,,Water]Dragonite||LoadedDice|Multiscale|Tailwind,Haze,Protect,ScaleShot|||F|||50|,,,,,Fairy]Maushold-Four||WideLens|Technician|PopulationBomb,BeatUp,FollowMe,Taunt||||||50|,,,,,Ghost
|inactive|Battle timer is ON: inactive players will automatically lose when time's up. (requested by TobiYume)
|inactive|GabboVGC has 60 seconds left.
|
|t:|1757666880
|teamsize|p1|4
|teamsize|p2|4
|start
|switch|p1a: Elie|Talonflame, L50, F|100/100
|switch|p1b: Lloyd|Garchomp, L50, M|100/100
|switch|p2a: Annihilape|Annihilape, L50, M|100/100
|switch|p2b: Rillaboom|Rillaboom, L50, M|100/100
|-fieldstart|move: Grassy Terrain|[from] ability: Grassy Surge|[of] p2b: Rillaboom
|turn|1
|inactive|TobiYume has 30 seconds left.
|inactive|GabboVGC has 30 seconds left.
|inactive|TobiYume has 20 seconds left.
|inactive|GabboVGC has 20 seconds left.
|inactive|TobiYume has 15 seconds left.
|inactive|GabboVGC has 15 seconds left.
|
|t:|1757666923
|-terastallize|p2a: Annihilape|Fire
|move|p1a: Elie|Will-O-Wisp|p2a: Annihilape
|-immune|p2a: Annihilape
|move|p1b: Lloyd|Stomping Tantrum|p2a: Annihilape
|-supereffective|p2a: Annihilape
|-damage|p2a: Annihilape|0 fnt
|faint|p2a: Annihilape
|-damage|p1b: Lloyd|91/100|[from] item: Life Orb
|move|p2b: Rillaboom|Wood Hammer|p1b: Lloyd
|-damage|p1b: Lloyd|0 fnt
|faint|p1b: Lloyd
|-damage|p2b: Rillaboom|72/100|[from] Recoil
|
|-heal|p2b: Rillaboom|78/100|[from] Grassy Terrain
|upkeep
|
|t:|1757666937
|switch|p1b: Noel|Decidueye-Hisui, L50, F|100/100
|switch|p2a: Ninetales|Ninetales-Alola, L50, F|100/100
|-weather|Snowscape|[from] ability: Snow Warning|[of] p2a: Ninetales
|turn|2
|
|t:|1757666950
|move|p1a: Elie|Tailwind|p1a: Elie
|-sidestart|p1: TobiYume|move: Tailwind
|move|p2b: Rillaboom|Grassy Glide|p1a: Elie
|-resisted|p1a: Elie
|-damage|p1a: Elie|88/100
|move|p1b: Noel|Triple Arrows|p2b: Rillaboom
|-damage|p2b: Rillaboom|28/100
|-unboost|p2b: Rillaboom|def|1
|move|p2a: Ninetales|Blizzard|p1a: Elie|[spread] p1a,p1b
|-supereffective|p1b: Noel
|-damage|p1a: Elie|54/100
|-damage|p1b: Noel|47/100
|-status|p1b: Noel|frz
|
|-weather|Snowscape|[upkeep]
|-heal|p1b: Noel|53/100 frz|[from] Grassy Terrain
|-heal|p2b: Rillaboom|34/100|[from] Grassy Terrain
|upkeep
|turn|3
|
|t:|1757666972
|switch|p1b: Randy|Tyranitar, L50, M|100/100
|-weather|Sandstorm|[from] ability: Sand Stream|[of] p1b: Randy
|move|p2b: Rillaboom|Grassy Glide|p1a: Elie
|-resisted|p1a: Elie
|-damage|p1a: Elie|41/100
|move|p1a: Elie|Brave Bird|p2b: Rillaboom
|-supereffective|p2b: Rillaboom
|-damage|p2b: Rillaboom|0 fnt
|faint|p2b: Rillaboom
|-damage|p1a: Elie|29/100|[from] Recoil
|move|p2a: Ninetales|Blizzard|p1b: Randy|[spread] 
|-miss|p2a: Ninetales|p1a: Elie
|-miss|p2a: Ninetales|p1b: Randy
|
|-weather|Sandstorm|[upkeep]
|-damage|p1a: Elie|23/100|[from] Sandstorm
|-damage|p2a: Ninetales|94/100|[from] Sandstorm
|-heal|p2a: Ninetales|100/100|[from] Grassy Terrain
|upkeep
|
|t:|1757666989
|switch|p2b: Maushold|Maushold-Four, L50|100/100
|turn|4
|
|t:|1757666999
|move|p1a: Elie|Will-O-Wisp|p2b: Maushold
|-status|p2b: Maushold|brn
|move|p2b: Maushold|Population Bomb|p1a: Elie
|-damage|p1a: Elie|17/100
|-damage|p1a: Elie|11/100
|-damage|p1a: Elie|4/100
|-damage|p1a: Elie|0 fnt
|faint|p1a: Elie
|-hitcount|p1: Elie|4
|move|p1b: Randy|Rock Slide|p2b: Maushold|[spread] p2a,p2b
|-supereffective|p2a: Ninetales
|-crit|p2b: Maushold
|-damage|p2a: Ninetales|10/100
|-damage|p2b: Maushold|26/100 brn
|move|p2a: Ninetales|Icy Wind|p1b: Randy|[miss]
|-miss|p2a: Ninetales|p1b: Randy
|
|-weather|Sandstorm|[upkeep]
|-damage|p2b: Maushold|20/100 brn|[from] Sandstorm
|-damage|p2a: Ninetales|4/100|[from] Sandstorm
|-heal|p2b: Maushold|26/100 brn|[from] Grassy Terrain
|-heal|p2a: Ninetales|10/100|[from] Grassy Terrain
|-damage|p2b: Maushold|20/100 brn|[from] brn
|upkeep
|inactive|TobiYume has 30 seconds left.
|
|t:|1757667033
|switch|p1a: Noel|Decidueye-Hisui, L50, F|53/100 frz
|turn|5
|
|t:|1757667048
|-curestatus|p1a: Noel|frz|[msg]
|move|p1a: Noel|Sucker Punch|p2b: Maushold
|-damage|p2b: Maushold|0 fnt
|faint|p2b: Maushold
|move|p1b: Randy|Rock Slide|p2a: Ninetales
|-supereffective|p2a: Ninetales
|-damage|p2a: Ninetales|0 fnt
|faint|p2a: Ninetales
|
|win|TobiYume
||GabboVGC is ready for game 2.
|inactive|TobiYume has 30 seconds to confirm battle start!
||TobiYume is ready for game 2.
|uhtml|next|Next: Game 2 of 3
|l|☆TobiYume
|player|p1|
|l|☆GabboVGC
|player|p2|
