|j|☆spearow's nest
|j|‽ovalboi
|html|spearow's nestovalboi    
|uhtml|bestof|Game 1 of a best-of-3
|t:|1756773253
|gametype|doubles
|player|p1|spearow's nest|lance|1312
|player|p2|ovalboi|102|1299
|gen|9
|tier|[Gen 9] VGC 2025 Reg H (Bo3)
|rated|
|rule|Species Clause: Limit one of each Pokémon
|rule|Item Clause: Limit 1 of each item
|clearpoke
|poke|p1|Dragonite, L50, M|
|poke|p1|Annihilape, L50, F|
|poke|p1|Glimmora, L50, F|
|poke|p1|Incineroar, L50, M|
|poke|p1|Dondozo, L50, F|
|poke|p1|Tatsugiri-Droopy, L50, F|
|poke|p2|Gallade, L50, M|
|poke|p2|Ursaluna, L50, M|
|poke|p2|Torkoal, L50, F|
|poke|p2|Indeedee-F, L50, F|
|poke|p2|Hatterene, L50, F|
|poke|p2|Maushold, L50|
|teampreview|4
|showteam|p1|Dragonite||LoadedDice|Multiscale|Protect,ScaleShot,Tailwind,Haze|||M|||50|,,,,,Fairy]Annihilape||SafetyGoggles|Defiant|DrainPunch,RageFist,FinalGambit,Coaching|||F|||50|,,,,,Fighting]Glimmora||PowerHerb|ToxicDebris|SpikyShield,MeteorBeam,SludgeBomb,PowerGem|||F|||50|,,,,,Grass]Incineroar||AssaultVest|Intimidate|FlareBlitz,KnockOff,FakeOut,Uturn|||M|||50|,,,,,Water]Dondozo||CovertCloak|Oblivious|Protect,WaveCrash,Earthquake,Substitute|||F|||50|,,,,,Dark]Tatsugiri-Droopy||ChoiceScarf|Commander|DracoMeteor,MuddyWater,IcyWind,DragonPulse|||F|||50|,,,,,Dragon
|showteam|p2|Gallade||ClearAmulet|Sharpness|SacredSword,PsychoCut,WideGuard,TrickRoom|||M|||50|,,,,,Grass]Ursaluna||FlameOrb|Guts|Facade,HeadlongRush,Protect,Earthquake|||M|||50|,,,,,Ghost]Torkoal||ChoiceSpecs|Drought|Eruption,WeatherBall,HeatWave,EarthPower|||F|||50|,,,,,Fire]Indeedee-F||PsychicSeed|PsychicSurge|FollowMe,TrickRoom,Psychic,HelpingHand|||F|||50|,,,,,Water]Hatterene||LifeOrb|MagicBounce|ExpandingForce,DazzlingGleam,TeraBlast,TrickRoom|||F|||50|,,,,,Fire]Maushold||WideLens|Technician|PopulationBomb,Taunt,FollowMe,Protect||||||50|,,,,,Poison
|inactive|Battle timer is ON: inactive players will automatically lose when time's up. (requested by ovalboi)
|
|t:|1756773273
|teamsize|p1|4
|teamsize|p2|4
|start
|switch|p1a: Annihilape|Annihilape, L50, F|100/100
|switch|p1b: Glimmora|Glimmora, L50, F, shiny|100/100
|switch|p2a: Indeedee|Indeedee-F, L50, F|100/100
|switch|p2b: Hatterene|Hatterene, L50, F|100/100
|-fieldstart|move: Psychic Terrain|[from] ability: Psychic Surge|[of] p2a: Indeedee
|-enditem|p2a: Indeedee|Psychic Seed
|-boost|p2a: Indeedee|spd|1|[from] item: Psychic Seed
|turn|1
|inactive|ovalboi has 30 seconds left.
|
|t:|1756773302
|-terastallize|p2b: Hatterene|Fire
|move|p2a: Indeedee|Follow Me|p2a: Indeedee
|-singleturn|p2a: Indeedee|move: Follow Me
|move|p1a: Annihilape|Final Gambit|p2a: Indeedee
|-damage|p2a: Indeedee|0 fnt
|faint|p1a: Annihilape
|faint|p2a: Indeedee
|move|p1b: Glimmora|Sludge Bomb|p2b: Hatterene
|-damage|p2b: Hatterene|50/100
|move|p2b: Hatterene|Trick Room|p2b: Hatterene
|-fieldstart|move: Trick Room|[of] p2b: Hatterene
|
|upkeep
|
|t:|1756773318
|switch|p2a: Ursaluna|Ursaluna, L50, M|100/100
|switch|p1a: Dondozo|Dondozo, L50, F|100/100
|turn|2
|inactive|spearow's nest has 30 seconds left.
|
|t:|1756773353
|switch|p1b: Tatsugiri|Tatsugiri-Droopy, L50, F|100/100
|-activate|p1b: Tatsugiri|ability: Commander|[of] p1a: Dondozo
|-boost|p1a: Dondozo|atk|2
|-boost|p1a: Dondozo|spa|2
|-boost|p1a: Dondozo|spe|2
|-boost|p1a: Dondozo|def|2
|-boost|p1a: Dondozo|spd|2
|move|p2b: Hatterene|Dazzling Gleam|p1b: Tatsugiri|[spread] p1a
|-miss|p2b: Hatterene|p1b: Tatsugiri
|-damage|p1a: Dondozo|80/100
|-damage|p2b: Hatterene|40/100|[from] item: Life Orb
|move|p2a: Ursaluna|Headlong Rush|p1b: Tatsugiri|[miss]
|-miss|p2a: Ursaluna|p1b: Tatsugiri
|move|p1a: Dondozo|Earthquake|p2b: Hatterene|[spread] p2a,p2b
|-miss|p1a: Dondozo|p1b: Tatsugiri
|-supereffective|p2b: Hatterene
|-damage|p2a: Ursaluna|69/100
|-damage|p2b: Hatterene|0 fnt
|faint|p2b: Hatterene
|
|-status|p2a: Ursaluna|brn|[from] item: Flame Orb
|upkeep
|
|t:|1756773368
|switch|p2b: Torkoal|Torkoal, L50, F|100/100
|-weather|SunnyDay|[from] ability: Drought|[of] p2b: Torkoal
|turn|3
|
|t:|1756773380
|move|p1a: Dondozo|Protect|p1a: Dondozo
|-singleturn|p1a: Dondozo|Protect
|move|p2b: Torkoal|Eruption|p1a: Dondozo|[spread] 
|-miss|p2b: Torkoal|p1b: Tatsugiri
|-activate|p1a: Dondozo|move: Protect
|move|p2a: Ursaluna|Facade|p1a: Dondozo
|-activate|p1a: Dondozo|move: Protect
|
|-weather|SunnyDay|[upkeep]
|-damage|p2a: Ursaluna|63/100 brn|[from] brn
|upkeep
|turn|4
|
|t:|1756773393
|move|p2b: Torkoal|Eruption|p1a: Dondozo|[spread] p1a
|-miss|p2b: Torkoal|p1b: Tatsugiri
|-resisted|p1a: Dondozo
|-damage|p1a: Dondozo|56/100
|move|p2a: Ursaluna|Facade|p1a: Dondozo
|-damage|p1a: Dondozo|16/100
|move|p1a: Dondozo|Earthquake|p2a: Ursaluna|[spread] p2a,p2b
|-miss|p1a: Dondozo|p1b: Tatsugiri
|-supereffective|p2b: Torkoal
|-damage|p2a: Ursaluna|31/100 brn
|-damage|p2b: Torkoal|38/100
|
|-weather|SunnyDay|[upkeep]
|-damage|p2a: Ursaluna|25/100 brn|[from] brn
|upkeep
|turn|5
|
|t:|1756773403
|move|p1a: Dondozo|Protect|p1a: Dondozo
|-singleturn|p1a: Dondozo|Protect
|move|p2b: Torkoal|Eruption|p1b: Tatsugiri|[spread] 
|-miss|p2b: Torkoal|p1b: Tatsugiri
|-activate|p1a: Dondozo|move: Protect
|move|p2a: Ursaluna|Facade|p1a: Dondozo
|-activate|p1a: Dondozo|move: Protect
|
|-weather|SunnyDay|[upkeep]
|-damage|p2a: Ursaluna|19/100 brn|[from] brn
|-fieldend|move: Trick Room
|-fieldend|move: Psychic Terrain
|upkeep
|turn|6
|
|t:|1756773407
|move|p1a: Dondozo|Earthquake|p2a: Ursaluna|[spread] p2a,p2b
|-miss|p1a: Dondozo|p1b: Tatsugiri
|-supereffective|p2b: Torkoal
|-damage|p2a: Ursaluna|0 fnt
|-damage|p2b: Torkoal|0 fnt
|faint|p2a: Ursaluna
|faint|p2b: Torkoal
|
|win|spearow's nest
