|j|☆latios66
|j|☆pressinblades
|html|latios66pressinblades    
|uhtml|bestof|Game 2 of a best-of-3
|t:|1756761526
|gametype|doubles
|player|p1|latios66|170|1110
|player|p2|pressinblades|steven|1000
|gen|9
|tier|[Gen 9] VGC 2025 Reg H (Bo3)
|rated|
|rule|Species Clause: Limit one of each Pokémon
|rule|Item Clause: Limit 1 of each item
|clearpoke
|poke|p1|Toedscruel, L50, M|
|poke|p1|Weezing-Galar, L50, F|
|poke|p1|Corviknight, L50, M|
|poke|p1|Pawmot, L50, M|
|poke|p1|Garchomp, L50, F|
|poke|p1|Typhlosion-Hisui, L50, F|
|poke|p2|Talonflame, L50, F|
|poke|p2|Kingambit, L50, M|
|poke|p2|Garchomp, L50, F|
|poke|p2|Torkoal, L50, M|
|poke|p2|Farigiraf, L50, F|
|poke|p2|Conkeldurr, L50, F|
|teampreview|4
|showteam|p1|Toedscruel||CovertCloak|MyceliumMight|Spore,EarthPower,AcidSpray,RagePowder|||M|||50|,,,,,Water]Weezing-Galar||ChoiceSpecs|NeutralizingGas|DazzlingGleam,SludgeBomb,StrangeSteam,Flamethrower|||F|||50|,,,,,Fire]Corviknight||SitrusBerry|MirrorArmor|Protect,Tailwind,Roost,BraveBird|||M|||50|,,,,,Dragon]Pawmot||FocusSash|NaturalCure|Protect,CloseCombat,DoubleShock,FakeOut|||M|||50|,,,,,Electric]Garchomp||LifeOrb|RoughSkin|Protect,Earthquake,DragonClaw,StompingTantrum|||F|||50|,,,,,Ground]Typhlosion-Hisui||ChoiceScarf|Blaze|Eruption,SleepTalk,HeatWave,ShadowBall|||F|||50|,,,,,Fire
|showteam|p2|Talonflame||ExpertBelt|GaleWings|Tailwind,DualWingbeat,Overheat,Taunt|||F|||50|,,,,,Ghost]Kingambit||AssaultVest|Defiant|LowKick,Assurance,SuckerPunch,TeraBlast|||M|||50|,,,,,Fire]Garchomp||LifeOrb|RoughSkin|Protect,SwordsDance,StompingTantrum,RockSlide|||F|||50|,,,,,Fire]Torkoal||EjectPack|Drought|Protect,Overheat,EarthPower,HelpingHand|||M|||50|,,,,,Flying]Farigiraf||SitrusBerry|ArmorTail|TrickRoom,Psychic,FoulPlay,SkillSwap|||F|||50|,,,,,Water]Conkeldurr||FlameOrb|Guts|Protect,DrainPunch,MachPunch,KnockOff|||F|||50|,,,,,Steel
|
|t:|1756761548
|teamsize|p1|4
|teamsize|p2|4
|start
|switch|p1a: Weezing|Weezing-Galar, L50, F|100/100
|switch|p1b: Typhlosion|Typhlosion-Hisui, L50, F|100/100
|switch|p2a: Talonflame|Talonflame, L50, F|100/100
|switch|p2b: Torkoal|Torkoal, L50, M|100/100
|-ability|p1a: Weezing|Neutralizing Gas
|turn|1
|
|t:|1756761569
|-terastallize|p1b: Typhlosion|Fire
|move|p1b: Typhlosion|Eruption|p2b: Torkoal|[spread] p2a,p2b
|-resisted|p2a: Talonflame
|-resisted|p2b: Torkoal
|-damage|p2a: Talonflame|50/100
|-damage|p2b: Torkoal|55/100
|move|p2a: Talonflame|Tailwind|p2a: Talonflame
|-sidestart|p2: pressinblades|move: Tailwind
|move|p1a: Weezing|Strange Steam|p2b: Torkoal
|-resisted|p2b: Torkoal
|-damage|p2b: Torkoal|23/100
|move|p2b: Torkoal|Overheat|p1a: Weezing
|-crit|p1a: Weezing
|-damage|p1a: Weezing|0 fnt
|-unboost|p2b: Torkoal|spa|2
|faint|p1a: Weezing
|-end|p1a: Weezing|ability: Neutralizing Gas
|-weather|SunnyDay|[from] ability: Drought|[of] p2b: Torkoal
|-enditem|p2b: Torkoal|Eject Pack
|
|t:|1756761586
|switch|p2b: Garchomp|Garchomp, L50, F, shiny|100/100
|
|-weather|SunnyDay|[upkeep]
|upkeep
|
|t:|1756761593
|switch|p1a: Pawmot|Pawmot, L50, M|100/100
|turn|2
|
|t:|1756761617
|move|p2b: Garchomp|Protect|p2b: Garchomp
|-singleturn|p2b: Garchomp|Protect
|move|p1a: Pawmot|Fake Out|p2b: Garchomp
|-activate|p2b: Garchomp|move: Protect
|move|p2a: Talonflame|Dual Wingbeat|p1a: Pawmot
|-damage|p1a: Pawmot|77/100
|-damage|p1a: Pawmot|54/100
|-hitcount|p1a: Pawmot|2
|move|p1b: Typhlosion|Eruption|p2b: Garchomp|[spread] p2a
|-activate|p2b: Garchomp|move: Protect
|-resisted|p2a: Talonflame
|-damage|p2a: Talonflame|0 fnt
|faint|p2a: Talonflame
|
|-weather|SunnyDay|[upkeep]
|upkeep
|
|t:|1756761619
|switch|p2a: Torkoal|Torkoal, L50, M|23/100
|turn|3
|
|t:|1756761640
|switch|p1b: Garchomp|Garchomp, L50, F|100/100
|move|p2a: Torkoal|Helping Hand|p2b: Garchomp
|-singleturn|p2b: Garchomp|Helping Hand|[of] p2a: Torkoal
|move|p1a: Pawmot|Protect|p1a: Pawmot
|-singleturn|p1a: Pawmot|Protect
|move|p2b: Garchomp|Stomping Tantrum|p1b: Garchomp
|-damage|p1b: Garchomp|20/100
|-damage|p2b: Garchomp|88/100|[from] ability: Rough Skin|[of] p1b: Garchomp
|-damage|p2b: Garchomp|79/100|[from] item: Life Orb
|
|-weather|SunnyDay|[upkeep]
|upkeep
|turn|4
|
|t:|1756761674
|switch|p1a: Typhlosion|Typhlosion-Hisui, L50, F, tera:Fire|100/100
|switch|p2a: Kingambit|Kingambit, L50, M, shiny|100/100
|move|p1b: Garchomp|Protect|p1b: Garchomp
|-singleturn|p1b: Garchomp|Protect
|move|p2b: Garchomp|Stomping Tantrum|p1a: Typhlosion
|-supereffective|p1a: Typhlosion
|-damage|p1a: Typhlosion|0 fnt
|faint|p1a: Typhlosion
|-damage|p2b: Garchomp|69/100|[from] item: Life Orb
|
|-weather|SunnyDay|[upkeep]
|-sideend|p2: pressinblades|move: Tailwind
|upkeep
|
|t:|1756761685
|switch|p1a: Pawmot|Pawmot, L50, M|54/100
|turn|5
|
|t:|1756761719
|switch|p2a: Torkoal|Torkoal, L50, M|23/100
|move|p2b: Garchomp|Protect|p2b: Garchomp
|-singleturn|p2b: Garchomp|Protect
|move|p1a: Pawmot|Fake Out|p2a: Torkoal
|-damage|p2a: Torkoal|12/100
|move|p1b: Garchomp|Stomping Tantrum|p2b: Garchomp
|-activate|p2b: Garchomp|move: Protect
|
|-weather|none
|upkeep
|turn|6
|
|t:|1756761742
|-terastallize|p2b: Garchomp|Fire
|move|p1a: Pawmot|Protect|p1a: Pawmot
|-singleturn|p1a: Pawmot|Protect
|move|p1b: Garchomp|Earthquake|p2b: Garchomp|[spread] p2a,p2b
|-activate|p1a: Pawmot|move: Protect
|-supereffective|p2a: Torkoal
|-crit|p2a: Torkoal
|-supereffective|p2b: Garchomp
|-damage|p2a: Torkoal|0 fnt
|-damage|p2b: Garchomp|0 fnt
|faint|p2a: Torkoal
|faint|p2b: Garchomp
|-damage|p1b: Garchomp|10/100|[from] item: Life Orb
|
|upkeep
|
|t:|1756761753
|switch|p2b: Kingambit|Kingambit, L50, M, shiny|100/100
|turn|7
|
|t:|1756761760
|move|p2b: Kingambit|Sucker Punch|p1a: Pawmot
|-resisted|p1a: Pawmot
|-damage|p1a: Pawmot|19/100
|move|p1a: Pawmot|Close Combat|p2b: Kingambit
|-supereffective|p2b: Kingambit
|-damage|p2b: Kingambit|0 fnt
|-unboost|p1a: Pawmot|def|1
|-unboost|p1a: Pawmot|spd|1
|faint|p2b: Kingambit
|
|win|latios66
||pressinblades is ready for game 3.
