|j|☆edwarthdf
|j|☆robby w
|html|edwarthdfrobby w    
|uhtml|bestof|Game 1 of a best-of-3
|t:|1756770495
|gametype|doubles
|player|p1|edwarthdf|acetrainer-gen4dp|1067
|player|p2|robby w|pokefan-gen4|1113
|gen|9
|tier|[Gen 9] VGC 2025 Reg H (Bo3)
|rated|
|rule|Species Clause: Limit one of each Pokémon
|rule|Item Clause: Limit 1 of each item
|clearpoke
|poke|p1|Gholdengo, L50|
|poke|p1|Sneasler, L50, F|
|poke|p1|Rillaboom, L50, M|
|poke|p1|Ninetales-Alola, L50, F|
|poke|p1|Dragonite, L50, M|
|poke|p1|Arcanine-Hisui, L50, M|
|poke|p2|Dondozo, L50, M|
|poke|p2|Tatsugiri, L50, M|
|poke|p2|Sneasler, L50, F|
|poke|p2|Whimsicott, L50, M|
|poke|p2|Indeedee, L50, M|
|poke|p2|Hydreigon, L50, F|
|teampreview|4
|showteam|p1|Gholdengo||GrassySeed|GoodasGold|NastyPlot,MakeItRain,ShadowBall,Protect||||||50|,,,,,Water]Sneasler||WhiteHerb|Unburden|CloseCombat,DireClaw,Coaching,Protect|||F|||50|,,,,,Ghost]Rillaboom||AssaultVest|GrassySurge|FakeOut,GrassyGlide,DrumBeating,HighHorsepower|||M|||50|,,,,,Fire]Ninetales-Alola||FocusSash|SnowWarning|Blizzard,IcyWind,Encore,AuroraVeil|||F|||50|,,,,,Ghost]Dragonite||LoadedDice|Multiscale|ScaleShot,StompingTantrum,Tailwind,Protect|||M|||50|,,,,,Ground]Arcanine-Hisui||ClearAmulet|Intimidate|RockSlide,FlareBlitz,ExtremeSpeed,Protect|||M|||50|,,,,,Water
|showteam|p2|Dondozo||Leftovers|Unaware|Protect,WaveCrash,Earthquake,OrderUp|||M|||50|,,,,,Grass]Tatsugiri||ChoiceScarf|Commander|DragonPulse,IcyWind,DracoMeteor,MuddyWater|||M|||50|,,,,,Stellar]Sneasler||PsychicSeed|Unburden|DireClaw,CloseCombat,Protect,ThroatChop|||F|||50|,,,,,Dark]Whimsicott||CovertCloak|Prankster|Tailwind,Moonblast,Taunt,HelpingHand|||M|||50|,,,,,Dark]Indeedee||FocusSash|PsychicSurge|ExpandingForce,TrickRoom,DazzlingGleam,Protect|||M|||50|,,,,,Fairy]Hydreigon||LifeOrb|Levitate|DracoMeteor,Snarl,HeatWave,Protect|||F|||50|,,,,,Steel
|inactive|Battle timer is ON: inactive players will automatically lose when time's up. (requested by robby w)
|inactive|edwarthdf has 60 seconds left.
|
|t:|1756770583
|teamsize|p1|4
|teamsize|p2|4
|start
|switch|p1a: Gholdengo|Gholdengo, L50|100/100
|switch|p1b: Ninetales|Ninetales-Alola, L50, F, shiny|100/100
|switch|p2a: Hydreigon|Hydreigon, L50, F|100/100
|switch|p2b: Whimsicott|Whimsicott, L50, M|100/100
|-weather|Snowscape|[from] ability: Snow Warning|[of] p1b: Ninetales
|turn|1
|inactive|edwarthdf has 30 seconds left.
|inactive|robby w has 30 seconds left.
|inactive|edwarthdf has 20 seconds left.
|inactive|edwarthdf has 15 seconds left.
|
|t:|1756770628
|-terastallize|p2a: Hydreigon|Steel
|-terastallize|p1a: Gholdengo|Water
|move|p2b: Whimsicott|Tailwind|p2b: Whimsicott
|-sidestart|p2: robby w|move: Tailwind
|move|p2a: Hydreigon|Heat Wave|p1a: Gholdengo|[spread] p1a
|-miss|p2a: Hydreigon|p1b: Ninetales
|-resisted|p1a: Gholdengo
|-damage|p1a: Gholdengo|84/100
|-damage|p2a: Hydreigon|91/100|[from] item: Life Orb
|move|p1b: Ninetales|Icy Wind|p2b: Whimsicott|[spread] p2a,p2b
|-resisted|p2a: Hydreigon
|-crit|p2a: Hydreigon
|-supereffective|p2b: Whimsicott
|-damage|p2a: Hydreigon|78/100
|-damage|p2b: Whimsicott|50/100
|-unboost|p2a: Hydreigon|spe|1
|move|p1a: Gholdengo|Nasty Plot|p1a: Gholdengo
|-boost|p1a: Gholdengo|spa|2
|
|-weather|Snowscape|[upkeep]
|upkeep
|turn|2
|inactive|edwarthdf has 30 seconds left.
|inactive|robby w has 30 seconds left.
|
|t:|1756770658
|move|p2b: Whimsicott|Moonblast|p1a: Gholdengo
|-damage|p1a: Gholdengo|49/100
|move|p2a: Hydreigon|Heat Wave|p1b: Ninetales|[spread] p1a,p1b
|-resisted|p1a: Gholdengo
|-supereffective|p1b: Ninetales
|-damage|p1a: Gholdengo|33/100
|-damage|p1b: Ninetales|15/100
|-status|p1b: Ninetales|brn
|-damage|p2a: Hydreigon|68/100|[from] item: Life Orb
|move|p1b: Ninetales|Aurora Veil|p1b: Ninetales
|-sidestart|p1: edwarthdf|move: Aurora Veil
|move|p1a: Gholdengo|Shadow Ball|p2a: Hydreigon
|-damage|p2a: Hydreigon|0 fnt
|faint|p2a: Hydreigon
|
|-weather|Snowscape|[upkeep]
|-damage|p1b: Ninetales|9/100 brn|[from] brn
|upkeep
|
|t:|1756770679
|switch|p2a: Indeedee|Indeedee, L50, M|100/100
|-fieldstart|move: Psychic Terrain|[from] ability: Psychic Surge|[of] p2a: Indeedee
|turn|3
|inactive|robby w has 30 seconds left.
|
|t:|1756770708
|switch|p1b: Rillaboom|Rillaboom, L50, M, shiny|100/100
|-fieldstart|move: Grassy Terrain|[from] ability: Grassy Surge|[of] p1b: Rillaboom
|-enditem|p1a: Gholdengo|Grassy Seed
|-boost|p1a: Gholdengo|def|1|[from] item: Grassy Seed
|move|p2b: Whimsicott|Helping Hand|p2a: Indeedee
|-singleturn|p2a: Indeedee|Helping Hand|[of] p2b: Whimsicott
|move|p1a: Gholdengo|Protect|p1a: Gholdengo
|-singleturn|p1a: Gholdengo|Protect
|move|p2a: Indeedee|Expanding Force|p1a: Gholdengo
|-activate|p1a: Gholdengo|move: Protect
|
|-weather|Snowscape|[upkeep]
|-heal|p2b: Whimsicott|56/100|[from] Grassy Terrain
|-heal|p1a: Gholdengo|39/100|[from] Grassy Terrain
|upkeep
|turn|4
|inactive|edwarthdf has 30 seconds left.
|inactive|robby w has 30 seconds left.
|
|t:|1756770752
|switch|p2b: Sneasler|Sneasler, L50, F|100/100
|move|p2a: Indeedee|Protect|p2a: Indeedee
|-singleturn|p2a: Indeedee|Protect
|move|p1b: Rillaboom|Fake Out|p2b: Sneasler
|-damage|p2b: Sneasler|80/100
|move|p1a: Gholdengo|Make It Rain|p2a: Indeedee|[spread] p2b
|-activate|p2a: Indeedee|move: Protect
|-damage|p2b: Sneasler|0 fnt
|-unboost|p1a: Gholdengo|spa|1
|faint|p2b: Sneasler
|
|-weather|Snowscape|[upkeep]
|-heal|p1a: Gholdengo|45/100|[from] Grassy Terrain
|-sideend|p2: robby w|move: Tailwind
|upkeep
|
|t:|1756770767
|switch|p2b: Whimsicott|Whimsicott, L50, M|56/100
|turn|5
|-message|robby w forfeited.
|
|win|edwarthdf
||robby w is ready for game 2.
||edwarthdf is ready for game 2.
|uhtml|next|Next: Game 2 of 3
|l|☆robby w
|player|p2|
