|j|☆Bang Average
|j|☆Chessnuts VGC
|html|Bang AverageChessnuts VGC    
|uhtml|bestof|Game 1 of a best-of-3
|t:|1756206421
|gametype|doubles
|player|p1|Bang Average|170|1064
|player|p2|Chessnuts VGC|miku-ground|1000
|gen|9
|tier|[Gen 9] VGC 2025 Reg H (Bo3)
|rated|
|rule|Species Clause: Limit one of each Pokémon
|rule|Item Clause: Limit 1 of each item
|clearpoke
|poke|p1|Charizard, L50, M|
|poke|p1|Torkoal, L50, F|
|poke|p1|Porygon2, L50|
|poke|p1|Incineroar, L50, M|
|poke|p1|Jumpluff, L50, M|
|poke|p1|Ursaluna, L50, M|
|poke|p2|Dragonite, L50, M|
|poke|p2|Tyranitar, L50, M|
|poke|p2|Arcanine-Hisui, L50, M|
|poke|p2|Gengar, L50, M|
|poke|p2|Indeedee, L50, M|
|poke|p2|Toedscruel, L50, M|
|teampreview|4
|showteam|p1|Charizard||ChoiceSpecs|SolarPower|HeatWave,Overheat,WeatherBall,AirSlash|||M|||50|,,,,,Ghost]Torkoal||EjectPack|Drought|Eruption,Overheat,HelpingHand,Protect|||F|||50|,,,,,Fire]Porygon2||Eviolite|Download|IceBeam,TeraBlast,TrickRoom,Recover||||||50|,,,,,Fighting]Incineroar||SitrusBerry|Intimidate|FlareBlitz,KnockOff,FakeOut,PartingShot|||M|||50|,,,,,Ghost]Jumpluff||CovertCloak|Chlorophyll|SleepPowder,SunnyDay,RagePowder,Tailwind|||M|||50|,,,,,Water]Ursaluna||FlameOrb|Guts|HeadlongRush,Facade,Earthquake,Protect|||M|||50|,,,,,Ghost
|showteam|p2|Dragonite||LoadedDice|InnerFocus|ScaleShot,StompingTantrum,Tailwind,Protect|||M|||50|,,,,,Ground]Tyranitar||AssaultVest|SandStream|LowKick,KnockOff,RockSlide,TeraBlast|||M|||50|,,,,,Flying]Arcanine-Hisui||ChoiceBand|Intimidate|FlareBlitz,ExtremeSpeed,RockSlide,CloseCombat|||M|||50|,,,,,Grass]Gengar||FocusSash|CursedBody|IcyWind,ShadowBall,Taunt,SludgeBomb|||M|||50|,,,,,Fairy]Indeedee||ChoiceScarf|PsychicSurge|ExpandingForce,TeraBlast,Trick,HelpingHand|||M|||50|,,,,,Psychic]Toedscruel||CovertCloak|MyceliumMight|RagePowder,Spore,EarthPower,AcidSpray|||M|||50|,,,,,Water
|inactive|Battle timer is ON: inactive players will automatically lose when time's up. (requested by Bang Average)
|
|t:|1756206445
|teamsize|p1|4
|teamsize|p2|4
|start
|switch|p1a: Porygon2|Porygon2, L50|100/100
|switch|p1b: Incineroar|Incineroar, L50, M|100/100
|switch|p2a: Arcanine|Arcanine-Hisui, L50, M|100/100
|switch|p2b: Gengar|Gengar, L50, M|100/100
|-ability|p2a: Arcanine|Intimidate|boost
|-unboost|p1a: Porygon2|atk|1
|-unboost|p1b: Incineroar|atk|1
|-ability|p1b: Incineroar|Intimidate|boost
|-unboost|p2a: Arcanine|atk|1
|-unboost|p2b: Gengar|atk|1
|-ability|p1a: Porygon2|Download|boost
|-boost|p1a: Porygon2|atk|1
|turn|1
|
|t:|1756206468
|move|p1b: Incineroar|Fake Out|p2a: Arcanine
|-resisted|p2a: Arcanine
|-damage|p2a: Arcanine|96/100
|move|p2b: Gengar|Taunt|p1a: Porygon2
|-start|p1a: Porygon2|move: Taunt
|cant|p2a: Arcanine|flinch
|cant|p1a: Porygon2|move: Taunt|Trick Room
|
|upkeep
|turn|2
|inactive|Chessnuts VGC has 30 seconds left.
|
|t:|1756206503
|switch|p1a: Torkoal|Torkoal, L50, F|100/100
|-weather|SunnyDay|[from] ability: Drought|[of] p1a: Torkoal
|move|p2b: Gengar|Icy Wind|p1b: Incineroar|[spread] p1a,p1b
|-resisted|p1a: Torkoal
|-resisted|p1b: Incineroar
|-damage|p1a: Torkoal|90/100
|-damage|p1b: Incineroar|94/100
|-unboost|p1a: Torkoal|spe|1
|-unboost|p1b: Incineroar|spe|1
|-enditem|p1a: Torkoal|Eject Pack
|c|☆Bang Average|Love gengar
|
|t:|1756206514
|switch|p1a: Porygon2|Porygon2, L50|100/100
|-ability|p1a: Porygon2|Download|boost
|-boost|p1a: Porygon2|atk|1
|move|p2a: Arcanine|Rock Slide|p1b: Incineroar|[spread] p1a,p1b
|-supereffective|p1b: Incineroar
|-damage|p1a: Porygon2|84/100
|-damage|p1b: Incineroar|43/100
|-enditem|p1b: Incineroar|Sitrus Berry|[eat]
|-heal|p1b: Incineroar|67/100|[from] item: Sitrus Berry
|cant|p1b: Incineroar|flinch
|
|-weather|SunnyDay|[upkeep]
|upkeep
|turn|3
|
|t:|1756206536
|switch|p2a: Tyranitar|Tyranitar, L50, M|100/100
|-weather|Sandstorm|[from] ability: Sand Stream|[of] p2a: Tyranitar
|-terastallize|p1a: Porygon2|Fighting
|move|p2b: Gengar|Taunt|p1a: Porygon2
|-start|p1a: Porygon2|move: Taunt
|move|p1a: Porygon2|Tera Blast|p2a: Tyranitar|[anim] Tera Blast Fighting
|-supereffective|p2a: Tyranitar
|-damage|p2a: Tyranitar|29/100
|move|p1b: Incineroar|Knock Off|p2b: Gengar
|-supereffective|p2b: Gengar
|-enditem|p2b: Gengar|Focus Sash
|-damage|p2b: Gengar|1/100
|-start|p1b: Incineroar|Disable|Knock Off|[from] ability: Cursed Body|[of] p2b: Gengar
|
|-weather|Sandstorm|[upkeep]
|-damage|p2b: Gengar|0 fnt|[from] Sandstorm
|-damage|p1a: Porygon2|78/100|[from] Sandstorm
|-damage|p1b: Incineroar|61/100|[from] Sandstorm
|faint|p2b: Gengar
|upkeep
|
|t:|1756206555
|switch|p2b: Indeedee|Indeedee, L50, M|100/100
|-fieldstart|move: Psychic Terrain|[from] ability: Psychic Surge|[of] p2b: Indeedee
|turn|4
|inactive|Bang Average has 30 seconds left.
|
|t:|1756206581
|switch|p1b: Torkoal|Torkoal, L50, F|90/100
|-weather|SunnyDay|[from] ability: Drought|[of] p1b: Torkoal
|move|p2b: Indeedee|Expanding Force|p1b: Torkoal|[spread] p1a,p1b
|-supereffective|p1a: Porygon2
|-damage|p1a: Porygon2|2/100
|-damage|p1b: Torkoal|17/100
|move|p2a: Tyranitar|Low Kick|p1b: Torkoal
|-damage|p1b: Torkoal|0 fnt
|faint|p1b: Torkoal
|move|p1a: Porygon2|Ice Beam|p2a: Tyranitar
|-damage|p2a: Tyranitar|9/100
|
|-weather|SunnyDay|[upkeep]
|upkeep
|
|t:|1756206595
|switch|p1b: Incineroar|Incineroar, L50, M|61/100
|-ability|p1b: Incineroar|Intimidate|boost
|-unboost|p2a: Tyranitar|atk|1
|-unboost|p2b: Indeedee|atk|1
|turn|5
|
|t:|1756206617
|switch|p2b: Arcanine|Arcanine-Hisui, L50, M|96/100
|-ability|p2b: Arcanine|Intimidate|boost
|-unboost|p1a: Porygon2|atk|1
|-unboost|p1b: Incineroar|atk|1
|move|p1b: Incineroar|Flare Blitz|p2b: Arcanine
|-resisted|p2b: Arcanine
|-damage|p2b: Arcanine|79/100
|-damage|p1b: Incineroar|57/100|[from] Recoil
|move|p2a: Tyranitar|Rock Slide|p1a: Porygon2|[spread] p1a,p1b
|-resisted|p1a: Porygon2
|-supereffective|p1b: Incineroar
|-damage|p1a: Porygon2|0 fnt
|-damage|p1b: Incineroar|12/100
|faint|p1a: Porygon2
|
|-weather|SunnyDay|[upkeep]
|upkeep
|
|t:|1756206627
|switch|p1a: Charizard|Charizard, L50, M|100/100
|turn|6
|
|t:|1756206640
|move|p1a: Charizard|Heat Wave|p2b: Arcanine|[spread] p2a,p2b
|-resisted|p2a: Tyranitar
|-resisted|p2b: Arcanine
|-damage|p2a: Tyranitar|0 fnt
|-damage|p2b: Arcanine|45/100
|faint|p2a: Tyranitar
|move|p2b: Arcanine|Rock Slide|p1a: Charizard|[spread] p1b
|-miss|p2b: Arcanine|p1a: Charizard
|-supereffective|p1b: Incineroar
|-damage|p1b: Incineroar|0 fnt
|faint|p1b: Incineroar
|
|-weather|SunnyDay|[upkeep]
|-damage|p1a: Charizard|88/100|[from] ability: Solar Power|[of] p1a: Charizard
|upkeep
|
|t:|1756206652
|switch|p2a: Indeedee|Indeedee, L50, M|100/100
|turn|7
|
|t:|1756206663
|-terastallize|p2a: Indeedee|Psychic
|move|p2a: Indeedee|Tera Blast|p1a: Charizard|[anim] Tera Blast Psychic
|-damage|p1a: Charizard|0 fnt
|faint|p1a: Charizard
|
|win|Chessnuts VGC
