|j|☆Treit_3
|j|☆D-Rex22
|html|Treit_3D-Rex22    
|uhtml|bestof|Game 2 of a best-of-3
|t:|1785949085
|gametype|doubles
|player|p1|Treit_3|marshal|1149
|player|p2|D-Rex22|alder|1036
|gen|9
|tier|[Gen 9 Champions] VGC 2026 Reg M-B (Bo3)
|rated|
|rule|Species Clause: Limit one of each Pokémon
|rule|Item Clause: Limit 1 of each item
|clearpoke
|poke|p1|Gholdengo, L50|
|poke|p1|Sinistcha, L50|
|poke|p1|Glimmora, L50, M|
|poke|p1|Talonflame, L50, F|
|poke|p1|Ninetales-Alola, L50, M|
|poke|p1|Basculegion, L50, M|
|poke|p2|Cofagrigus, L50, M|
|poke|p2|Espathra, L50, F, shiny|
|poke|p2|Lucario, L50, M|
|poke|p2|Torkoal, L50, M|
|poke|p2|Krookodile, L50, F, shiny|
|poke|p2|Volcarona, L50, F|
|teampreview|4
|showteam|p1|Gholdengo||SpellTag|GoodasGold|Protect,NastyPlot,MakeItRain,ShadowBall|Modest|||||50|]Sinistcha||CobaBerry|Hospitality|RagePowder,MatchaGotcha,TrickRoom,LifeDew|Bold|||||50|]Glimmora||Glimmoranite|ToxicDebris|SpikyShield,PowerGem,SludgeBomb,EarthPower|Modest||M|||50|]Talonflame||SharpBeak|GaleWings|QuickGuard,Tailwind,DualWingbeat,WillOWisp|Adamant||F|||50|]Ninetales-Alola||FocusSash|SnowWarning|Protect,AuroraVeil,Blizzard,FreezeDry|Timid||M|||50|]Basculegion||ChoiceScarf|Adaptability|WaveCrash,LastRespects,AquaJet,Liquidation|Jolly||M|||50|
|showteam|p2|Cofagrigus||Leftovers|Mummy|BodyPress,AllySwitch,TrickRoom,WillOWisp|Careful||M|||50|]Espathra||FocusSash|SpeedBoost|ShadowBall,Protect,SkillSwap,LuminaCrash|Hasty||F|||50|]Lucario||Lucarionite|InnerFocus|FinalGambit,HelpingHand,BulletPunch,Protect|Rash||M|||50|]Torkoal||Charcoal|Drought|Eruption,EarthPower,Protect,HeatWave|Calm||M|||50|]Krookodile||ExpertBelt|Intimidate|Taunt,KnockOff,LowKick,HighHorsepower|Naive||F|||50|]Volcarona||SitrusBerry|FlameBody|Tailwind,RagePowder,GigaDrain,FieryDance|Modest||F|||50|
|
|t:|1785949118
|teamsize|p1|4
|teamsize|p2|4
|start
|switch|p1a: Talonflame|Talonflame, L50, F|100/100
|switch|p1b: Glimmora|Glimmora, L50, M|100/100
|switch|p2a: Cleo|Espathra, L50, F, shiny|100/100
|switch|p2b: Mothra|Volcarona, L50, F|100/100
|turn|1
|
|t:|1785949147
|switch|p2b: Tutankamón|Cofagrigus, L50, M|100/100
|detailschange|p1b: Glimmora|Glimmora-Mega, L50, M
|-mega|p1b: Glimmora|Glimmora|Glimmoranite
|move|p1a: Talonflame|Tailwind|p1a: Talonflame
|-sidestart|p1: Treit_3|move: Tailwind
|move|p1b: Glimmora|Power Gem|p2b: Tutankamón
|-damage|p2b: Tutankamón|40/100
|move|p2a: Cleo|Lumina Crash|p1b: Glimmora
|-supereffective|p1b: Glimmora|1
|-damage|p1b: Glimmora|26/100
|-unboost|p1b: Glimmora|spd|2
|
|-heal|p2b: Tutankamón|46/100|[from] item: Leftovers
|-ability|p2a: Cleo|Speed Boost|boost
|-boost|p2a: Cleo|spe|1
|upkeep
|turn|2
|
|t:|1785949174
|move|p2b: Tutankamón|Ally Switch|p2b: Tutankamón
|swap|p2b: Tutankamón|0|[from] move: Ally Switch
|move|p1a: Talonflame|Dual Wingbeat|p2a: Tutankamón
|-damage|p2a: Tutankamón|32/100
|-activate|p2a: Tutankamón|ability: Mummy|p1a: Talonflame|[ability] Gale Wings
|-damage|p2a: Tutankamón|17/100
|-hitcount|p2a: Tutankamón|2
|move|p1b: Glimmora|Power Gem|p2b: Cleo
|-enditem|p2b: Cleo|Focus Sash
|-damage|p2b: Cleo|1/100
|move|p2b: Cleo|Lumina Crash|p1b: Glimmora
|-supereffective|p1b: Glimmora|1
|-damage|p1b: Glimmora|0 fnt
|faint|p1b: Glimmora
|
|-heal|p2a: Tutankamón|23/100|[from] item: Leftovers
|-ability|p2b: Cleo|Speed Boost|boost
|-boost|p2b: Cleo|spe|1
|upkeep
|
|t:|1785949188
|switch|p1b: Sinistcha|Sinistcha, L50|100/100
|turn|3
|
|t:|1785949222
|switch|p2a: Owei|Torkoal, L50, M|100/100
|-weather|SunnyDay|[from] ability: Drought|[of] p2a: Owei
|move|p2b: Cleo|Protect|p2b: Cleo
|-singleturn|p2b: Cleo|Protect
|move|p1a: Talonflame|Dual Wingbeat|p2a: Owei
|-damage|p2a: Owei|83/100
|-damage|p2a: Owei|68/100
|-hitcount|p2a: Owei|2
|move|p1b: Sinistcha|Matcha Gotcha|p2a: Owei|[spread] p2a
|-activate|p2b: Cleo|move: Protect
|-resisted|p2a: Owei|1
|-damage|p2a: Owei|54/100
|
|-weather|SunnyDay|[upkeep]
|-ability|p2b: Cleo|Speed Boost|boost
|-boost|p2b: Cleo|spe|1
|upkeep
|turn|4
|
|t:|1785949259
|switch|p1b: Ninetales|Ninetales-Alola, L50, M|100/100
|-weather|Snowscape|[from] ability: Snow Warning|[of] p1b: Ninetales
|move|p2b: Cleo|Shadow Ball|p1b: Ninetales
|-damage|p1b: Ninetales|71/100
|-unboost|p1b: Ninetales|spd|1
|move|p1a: Talonflame|Dual Wingbeat|p2b: Cleo
|-damage|p2b: Cleo|0 fnt
|faint|p2b: Cleo
|-hitcount|p2: Cleo|1
|move|p2a: Owei|Heat Wave|p1b: Ninetales|[spread] p1a,p1b
|-resisted|p1a: Talonflame|1
|-supereffective|p1b: Ninetales|1
|-damage|p1a: Talonflame|75/100
|-damage|p1b: Ninetales|0 fnt
|faint|p1b: Ninetales
|
|-weather|Snowscape|[upkeep]
|-sideend|p1: Treit_3|move: Tailwind
|upkeep
|
|t:|1785949290
|switch|p1b: Sinistcha|Sinistcha, L50|100/100
|switch|p2b: Mothra|Volcarona, L50, F|100/100
|-heal|p1a: Talonflame|100/100|[from] ability: Hospitality|[of] p1b: Sinistcha
|turn|5
|
|t:|1785949321
|move|p1a: Talonflame|Dual Wingbeat|p2b: Mothra
|-supereffective|p2b: Mothra|1
|-damage|p2b: Mothra|46/100
|-enditem|p2b: Mothra|Sitrus Berry|[eat]
|-heal|p2b: Mothra|71/100|[from] item: Sitrus Berry
|-supereffective|p2b: Mothra|1
|-damage|p2b: Mothra|17/100
|-hitcount|p2b: Mothra|2
|move|p2b: Mothra|Fiery Dance|p1b: Sinistcha
|-supereffective|p1b: Sinistcha|1
|-damage|p1b: Sinistcha|19/100
|move|p1b: Sinistcha|Matcha Gotcha|p2a: Owei|[spread] p2a,p2b
|-resisted|p2a: Owei|1
|-resisted|p2b: Mothra|2
|-damage|p2a: Owei|40/100
|-heal|p1b: Sinistcha|26/100|[from] drain|[of] p2a: Owei
|-damage|p2b: Mothra|12/100
|-heal|p1b: Sinistcha|29/100|[from] drain|[of] p2b: Mothra
|move|p2a: Owei|Heat Wave|p1a: Talonflame|[spread] p1a,p1b
|-resisted|p1a: Talonflame|1
|-supereffective|p1b: Sinistcha|1
|-damage|p1a: Talonflame|73/100
|-damage|p1b: Sinistcha|0 fnt
|faint|p1b: Sinistcha
|
|-weather|Snowscape|[upkeep]
|upkeep
|turn|6
|
|t:|1785949363
|move|p1a: Talonflame|Dual Wingbeat|p2b: Mothra
|-supereffective|p2b: Mothra|1
|-damage|p2b: Mothra|0 fnt
|faint|p2b: Mothra
|-hitcount|p2: Mothra|1
|move|p2a: Owei|Heat Wave|p1a: Talonflame
|-resisted|p1a: Talonflame|1
|-damage|p1a: Talonflame|36/100
|
|-weather|Snowscape|[upkeep]
|upkeep
|
|t:|1785949376
|switch|p2b: Tutankamón|Cofagrigus, L50, M|23/100
|turn|7
|
|t:|1785949384
|move|p1a: Talonflame|Dual Wingbeat|p2a: Owei
|-damage|p2a: Owei|24/100
|-damage|p2a: Owei|10/100
|-hitcount|p2a: Owei|2
|move|p2b: Tutankamón|Body Press|p1a: Talonflame
|-resisted|p1a: Talonflame|1
|-damage|p1a: Talonflame|16/100
|move|p2a: Owei|Heat Wave|p1a: Talonflame
|-resisted|p1a: Talonflame|1
|-damage|p1a: Talonflame|0 fnt
|faint|p1a: Talonflame
|
|win|D-Rex22
||Treit_3 is ready for game 3.
|inactive|D-Rex22 has 30 seconds to confirm battle start!
|inactive|D-Rex22 has 20 seconds to confirm battle start!
