|j|☆i am saksham
|j|☆il mule
|html|i am sakshamil mule    
|uhtml|bestof|Game 2 of a best-of-3
|t:|1785639540
|gametype|doubles
|player|p1|i am saksham|wallace|1486
|player|p2|il mule|102|1618
|gen|9
|tier|[Gen 9 Champions] VGC 2026 Reg M-B (Bo3)
|rated|
|rule|Species Clause: Limit one of each Pokémon
|rule|Item Clause: Limit 1 of each item
|clearpoke
|poke|p1|Blaziken, L50, F|
|poke|p1|Sinistcha, L50|
|poke|p1|Dragonite, L50, M|
|poke|p1|Kingambit, L50, M|
|poke|p1|Aerodactyl, L50, M|
|poke|p1|Sylveon, L50, F|
|poke|p2|Excadrill, L50, M|
|poke|p2|Tyranitar, L50, M|
|poke|p2|Sneasler, L50, F|
|poke|p2|Incineroar, L50, F|
|poke|p2|Delphox, L50, M|
|poke|p2|Sinistcha, L50|
|teampreview|4
|showteam|p1|Blaziken||Blazikenite|SpeedBoost|CloseCombat,FlareBlitz,Detect,RockSlide|Adamant||F|||50|]Sinistcha||ColburBerry|Hospitality|MatchaGotcha,RagePowder,TrickRoom,Protect|Sassy|||||50|]Dragonite||LifeOrb|InnerFocus|Protect,DragonClaw,LowKick,ExtremeSpeed|Serious||M|||50|]Kingambit||BlackGlasses|Defiant|Protect,SuckerPunch,KowtowCleave,IronHead|Adamant||M|||50|]Aerodactyl||Aerodactylite|Unnerve|Tailwind,RockSlide,IceFang,DualWingbeat|Adamant||M|||50|]Sylveon||FairyFeather|Pixilate|HyperBeam,HyperVoice,Protect,QuickAttack|Modest||F|||50|
|showteam|p2|Excadrill||FocusSash|SandRush|HighHorsepower,IronHead,RockSlide,Protect|Adamant||M|||50|]Tyranitar||Tyranitarite|SandStream|KnockOff,RockSlide,DragonDance,Protect|Jolly||M|||50|]Sneasler||WhiteHerb|Unburden|CloseCombat,DireClaw,Coaching,FakeOut|Jolly||F|||50|]Incineroar||SitrusBerry|Intimidate|FlareBlitz,HelpingHand,PartingShot,FakeOut|Impish||F|||50|]Delphox||Delphoxite|Blaze|HeatWave,Psychic,NastyPlot,Protect|Timid||M|||50|]Sinistcha||KasibBerry|Hospitality|ShadowBall,MatchaGotcha,RagePowder,Protect|Bold|||||50|
|
|t:|1785639565
|teamsize|p1|4
|teamsize|p2|4
|start
|switch|p1a: Kingambit|Kingambit, L50, M|100/100
|switch|p1b: Sinistcha|Sinistcha, L50|100/100
|switch|p2a: Quando provo|Tyranitar, L50, M|100/100
|switch|p2b: Sneasler|Sneasler, L50, F|100/100
|-weather|Sandstorm|[from] ability: Sand Stream|[of] p2a: Quando provo
|turn|1
|
|t:|1785639592
|detailschange|p2a: Quando provo|Tyranitar-Mega, L50, M
|-mega|p2a: Quando provo|Tyranitar|Tyranitarite
|move|p2b: Sneasler|Coaching|p2a: Quando provo
|-boost|p2a: Quando provo|atk|1
|-boost|p2a: Quando provo|def|1
|move|p2a: Quando provo|Knock Off|p1b: Sinistcha
|-supereffective|p1b: Sinistcha|1
|-enditem|p1b: Sinistcha|Colbur Berry|[eat]
|-enditem|p1b: Sinistcha|Colbur Berry|[weaken]
|-damage|p1b: Sinistcha|27/100
|move|p1a: Kingambit|Iron Head|p2b: Sneasler
|-damage|p2b: Sneasler|38/100
|move|p1b: Sinistcha|Trick Room|p1b: Sinistcha
|-fieldstart|move: Trick Room|[of] p1b: Sinistcha
|
|-weather|Sandstorm|[upkeep]
|-damage|p1b: Sinistcha|20/100y|[from] Sandstorm
|-damage|p2b: Sneasler|32/100|[from] Sandstorm
|upkeep
|turn|2
|inactive|Battle timer is ON: inactive players will automatically lose when time's up. (requested by il mule)
|
|t:|1785639618
|move|p1a: Kingambit|Iron Head|p2b: Sneasler
|-damage|p2b: Sneasler|0 fnt
|faint|p2b: Sneasler
|move|p1b: Sinistcha|Matcha Gotcha|p2a: Quando provo
|-supereffective|p2a: Quando provo|1
|-damage|p2a: Quando provo|66/100
|-heal|p1b: Sinistcha|40/100|[from] drain|[of] p2a: Quando provo
|move|p2a: Quando provo|Rock Slide|p1a: Kingambit|[spread] p1a,p1b
|-resisted|p1a: Kingambit|1
|-damage|p1a: Kingambit|82/100
|-damage|p1b: Sinistcha|1/100
|
|-weather|Sandstorm|[upkeep]
|-damage|p1b: Sinistcha|0 fnt|[from] Sandstorm
|faint|p1b: Sinistcha
|upkeep
|
|t:|1785639635
|switch|p1b: Dragonite|Dragonite, L50, M|100/100
|switch|p2b: Excadrill|Excadrill, L50, M|100/100
|turn|3
|
|t:|1785639652
|move|p2b: Excadrill|Protect|p2b: Excadrill
|-singleturn|p2b: Excadrill|Protect
|move|p1a: Kingambit|Iron Head|p2a: Quando provo
|-supereffective|p2a: Quando provo|1
|-damage|p2a: Quando provo|27/100
|move|p1b: Dragonite|Low Kick|p2b: Excadrill
|-activate|p2b: Excadrill|move: Protect
|move|p2a: Quando provo|Rock Slide|p1a: Kingambit|[spread] p1a
|-miss|p2a: Quando provo|p1b: Dragonite
|-resisted|p1a: Kingambit|1
|-damage|p1a: Kingambit|65/100
|
|-weather|Sandstorm|[upkeep]
|-damage|p1b: Dragonite|93/100|[from] Sandstorm
|upkeep
|turn|4
|inactive|i am saksham has 30 seconds left.
|inactive|il mule has 30 seconds left.
|inactive|il mule has 20 seconds left.
|
|t:|1785639692
|move|p2a: Quando provo|Protect|p2a: Quando provo
|-singleturn|p2a: Quando provo|Protect
|move|p1a: Kingambit|Kowtow Cleave|p2b: Excadrill
|-damage|p2b: Excadrill|16/100
|move|p1b: Dragonite|Low Kick|p2a: Quando provo
|-activate|p2a: Quando provo|move: Protect
|move|p2b: Excadrill|High Horsepower|p1a: Kingambit
|-supereffective|p1a: Kingambit|1
|-damage|p1a: Kingambit|0 fnt
|faint|p1a: Kingambit
|
|-weather|Sandstorm|[upkeep]
|-damage|p1b: Dragonite|87/100|[from] Sandstorm
|upkeep
|
|t:|1785639702
|switch|p1a: Blaziken|Blaziken, L50, F|100/100
|turn|5
|
|t:|1785639725
|switch|p2a: Sidy|Incineroar, L50, F|100/100
|-ability|p2a: Sidy|Intimidate|boost
|-unboost|p1a: Blaziken|atk|1
|-fail|p1b: Dragonite|unboost|Attack|[from] ability: Inner Focus|[of] p1b: Dragonite
|detailschange|p1a: Blaziken|Blaziken-Mega, L50, F
|-mega|p1a: Blaziken|Blaziken|Blazikenite
|move|p2b: Excadrill|Protect|p2b: Excadrill
|-singleturn|p2b: Excadrill|Protect
|move|p1b: Dragonite|Low Kick|p2a: Sidy
|-supereffective|p2a: Sidy|1
|-damage|p2a: Sidy|48/100
|-enditem|p2a: Sidy|Sitrus Berry|[eat]
|-heal|p2a: Sidy|73/100|[from] item: Sitrus Berry
|-damage|p1b: Dragonite|78/100|[from] item: Life Orb
|move|p1a: Blaziken|Flare Blitz|p2b: Excadrill
|-activate|p2b: Excadrill|move: Protect
|
|-weather|none
|-fieldend|move: Trick Room
|-ability|p1a: Blaziken|Speed Boost|boost
|-boost|p1a: Blaziken|spe|1
|upkeep
|turn|6
|
|t:|1785639749
|switch|p2b: Quando provo|Tyranitar-Mega, L50, M|27/100
|-weather|Sandstorm|[from] ability: Sand Stream|[of] p2b: Quando provo
|move|p1b: Dragonite|Extreme Speed|p2b: Quando provo
|-resisted|p2b: Quando provo|1
|-damage|p2b: Quando provo|16/100
|-damage|p1b: Dragonite|68/100|[from] item: Life Orb
|move|p1a: Blaziken|Close Combat|p2a: Sidy
|-supereffective|p2a: Sidy|1
|-damage|p2a: Sidy|0 fnt
|-unboost|p1a: Blaziken|def|1
|-unboost|p1a: Blaziken|spd|1
|faint|p2a: Sidy
|
|-weather|Sandstorm|[upkeep]
|-damage|p1a: Blaziken|94/100|[from] Sandstorm
|-damage|p1b: Dragonite|62/100|[from] Sandstorm
|-ability|p1a: Blaziken|Speed Boost|boost
|-boost|p1a: Blaziken|spe|1
|upkeep
|
|t:|1785639764
|switch|p2a: Excadrill|Excadrill, L50, M|16/100
|turn|7
|
|t:|1785639779
|move|p2b: Quando provo|Protect|p2b: Quando provo
|-singleturn|p2b: Quando provo|Protect
|move|p1b: Dragonite|Extreme Speed|p2a: Excadrill
|-resisted|p2a: Excadrill|1
|-damage|p2a: Excadrill|0 fnt
|faint|p2a: Excadrill
|-damage|p1b: Dragonite|53/100|[from] item: Life Orb
|move|p1a: Blaziken|Close Combat|p2b: Quando provo
|-activate|p2b: Quando provo|move: Protect
|
|-weather|Sandstorm|[upkeep]
|-damage|p1a: Blaziken|88/100|[from] Sandstorm
|-damage|p1b: Dragonite|46/100|[from] Sandstorm
|-ability|p1a: Blaziken|Speed Boost|boost
|-boost|p1a: Blaziken|spe|1
|upkeep
|turn|8
|-message|il mule forfeited.
|
|win|i am saksham
|raw|i am saksham's rating: 1486 → 1513(+27 for winning)
|raw|il mule's rating: 1618 → 1591(-27 for losing)
|l|☆il mule
|player|p2|
