|j|☆klaushima
|j|☆rodjilius
|html|klaushimarodjilius    
|uhtml|bestof|Game 2 of a best-of-3
|t:|1757160261
|gametype|doubles
|player|p1|klaushima|alder|1044
|player|p2|rodjilius|unknown|1143
|gen|9
|tier|[Gen 9] VGC 2025 Reg H (Bo3)
|rated|
|rule|Species Clause: Limit one of each Pokémon
|rule|Item Clause: Limit 1 of each item
|clearpoke
|poke|p1|Electabuzz, L50, M|
|poke|p1|Gholdengo, L50|
|poke|p1|Rillaboom, L50, F|
|poke|p1|Sneasler, L50, M|
|poke|p1|Dragonite, L50, F|
|poke|p1|Volcarona, L50, M|
|poke|p2|Dragapult, L50, F|
|poke|p2|Sneasler, L50, M|
|poke|p2|Indeedee, L50, M|
|poke|p2|Incineroar, L50, M|
|poke|p2|Typhlosion-Hisui, L50, F|
|poke|p2|Whimsicott, L50, F|
|teampreview|4
|showteam|p1|Electabuzz||Eviolite|VitalSpirit|Thunderbolt,Taunt,FollowMe,Protect|||M|||50|,,,,,Dragon]Gholdengo||MetalCoat|GoodasGold|MakeItRain,ShadowBall,NastyPlot,Protect||||||50|,,,,,Water]Rillaboom||AssaultVest|GrassySurge|WoodHammer,GrassyGlide,HighHorsepower,FakeOut|||F|||50|,,,,,Fire]Sneasler||FocusSash|Unburden|CloseCombat,DireClaw,Coaching,FakeOut|||M|||50|,,,,,Ghost]Dragonite||LoadedDice|Multiscale|ScaleShot,Tailwind,Haze,Protect|||F|||50|,,,,,Fairy]Volcarona||Leftovers|FlameBody|Flamethrower,TeraBlast,QuiverDance,Protect|||M|||50|,,,,,Fairy
|showteam|p2|Dragapult||ChoiceBand|ClearBody|DragonDarts,PhantomForce,Uturn,Outrage|||F|||50|,,,,,Dragon]Sneasler||PsychicSeed|Unburden|DireClaw,CloseCombat,Protect,ThroatChop|||M|||50|,,,,,Dark]Indeedee||FocusSash|PsychicSurge|ExpandingForce,Imprison,TeraBlast,TrickRoom|||M|||50|,,,,,Fighting]Incineroar||SafetyGoggles|Intimidate|FakeOut,FlareBlitz,KnockOff,PartingShot|||M|||50|,,,,,Bug]Typhlosion-Hisui||ChoiceSpecs|Blaze|Eruption,HeatWave,ShadowBall,Overheat|||F|||50|,,,,,Fire]Whimsicott||CovertCloak|Prankster|Moonblast,Protect,Tailwind,SunnyDay|||F|||50|,,,,,Steel
|inactive|Battle timer is ON: inactive players will automatically lose when time's up. (requested by rodjilius)
|inactive|klaushima also wants the timer to be on.
|inactive|klaushima has 60 seconds left.
|
|t:|1757160310
|teamsize|p1|4
|teamsize|p2|4
|start
|switch|p1a: Electabuzz|Electabuzz, L50, M|100/100
|switch|p1b: Gholdengo|Gholdengo, L50|100/100
|switch|p2a: Sneasler|Sneasler, L50, M|100/100
|switch|p2b: Indeedee|Indeedee, L50, M|100/100
|-fieldstart|move: Psychic Terrain|[from] ability: Psychic Surge|[of] p2b: Indeedee
|-enditem|p2a: Sneasler|Psychic Seed
|-boost|p2a: Sneasler|spd|1|[from] item: Psychic Seed
|turn|1
|inactive|klaushima has 30 seconds left.
|
|t:|1757160343
|move|p1a: Electabuzz|Follow Me|p1a: Electabuzz
|-singleturn|p1a: Electabuzz|move: Follow Me
|move|p2a: Sneasler|Close Combat|p1a: Electabuzz
|-damage|p1a: Electabuzz|48/100
|-unboost|p2a: Sneasler|def|1
|-unboost|p2a: Sneasler|spd|1
|move|p2b: Indeedee|Expanding Force|p1a: Electabuzz|[spread] p1a,p1b
|-resisted|p1b: Gholdengo
|-damage|p1a: Electabuzz|10/100
|-damage|p1b: Gholdengo|75/100
|move|p1b: Gholdengo|Nasty Plot|p1b: Gholdengo
|-boost|p1b: Gholdengo|spa|2
|
|upkeep
|turn|2
|inactive|klaushima has 30 seconds left.
|
|t:|1757160371
|move|p2a: Sneasler|Protect|p2a: Sneasler
|-singleturn|p2a: Sneasler|Protect
|move|p1a: Electabuzz|Follow Me|p1a: Electabuzz
|-singleturn|p1a: Electabuzz|move: Follow Me
|move|p2b: Indeedee|Expanding Force|p1a: Electabuzz|[spread] p1a,p1b
|-resisted|p1b: Gholdengo
|-damage|p1a: Electabuzz|0 fnt
|-damage|p1b: Gholdengo|51/100
|faint|p1a: Electabuzz
|move|p1b: Gholdengo|Make It Rain|p2a: Sneasler|[spread] p2b
|-activate|p2a: Sneasler|move: Protect
|-enditem|p2b: Indeedee|Focus Sash
|-damage|p2b: Indeedee|1/100
|-unboost|p1b: Gholdengo|spa|1
|
|upkeep
|
|t:|1757160384
|switch|p1a: Dragonite|Dragonite, L50, F|100/100
|turn|3
|inactive|klaushima has 30 seconds left.
|
|t:|1757160411
|move|p2a: Sneasler|Dire Claw|p1a: Dragonite
|-damage|p1a: Dragonite|77/100
|-status|p1a: Dragonite|par
|move|p2b: Indeedee|Expanding Force|p1b: Gholdengo|[spread] p1a,p1b
|-resisted|p1b: Gholdengo
|-damage|p1a: Dragonite|20/100 par
|-damage|p1b: Gholdengo|28/100
|move|p1b: Gholdengo|Make It Rain|p2b: Indeedee|[spread] p2a,p2b
|-damage|p2a: Sneasler|0 fnt
|-damage|p2b: Indeedee|0 fnt
|-unboost|p1b: Gholdengo|spa|1
|faint|p2a: Sneasler
|faint|p2b: Indeedee
|move|p1a: Dragonite|Tailwind|p1a: Dragonite
|-sidestart|p1: klaushima|move: Tailwind
|
|upkeep
|
|t:|1757160426
|switch|p2a: Typhlosion|Typhlosion-Hisui, L50, F|100/100
|switch|p2b: Whimsicott|Whimsicott, L50, F|100/100
|turn|4
|
|t:|1757160450
|switch|p1b: Sneasler|Sneasler, L50, M|100/100
|move|p2b: Whimsicott|Tailwind|p2b: Whimsicott
|-sidestart|p2: rodjilius|move: Tailwind
|move|p2a: Typhlosion|Eruption|p1a: Dragonite|[spread] p1a,p1b
|-resisted|p1a: Dragonite
|-damage|p1a: Dragonite|0 fnt
|-enditem|p1b: Sneasler|Focus Sash
|-damage|p1b: Sneasler|1/100
|faint|p1a: Dragonite
|
|upkeep
|
|t:|1757160461
|switch|p1a: Gholdengo|Gholdengo, L50|28/100
|turn|5
|
|t:|1757160477
|-terastallize|p2b: Whimsicott|Steel
|move|p1b: Sneasler|Dire Claw|p2a: Typhlosion
|-resisted|p2a: Typhlosion
|-damage|p2a: Typhlosion|70/100
|-status|p2a: Typhlosion|par
|move|p2b: Whimsicott|Moonblast|p1b: Sneasler
|-damage|p1b: Sneasler|0 fnt
|faint|p1b: Sneasler
|move|p1a: Gholdengo|Shadow Ball|p2a: Typhlosion
|-supereffective|p2a: Typhlosion
|-damage|p2a: Typhlosion|0 fnt
|faint|p2a: Typhlosion
|
|-fieldend|move: Psychic Terrain
|upkeep
|turn|6
|
|t:|1757160490
|move|p2b: Whimsicott|Moonblast|p1a: Gholdengo
|-resisted|p1a: Gholdengo
|-damage|p1a: Gholdengo|10/100
|move|p1a: Gholdengo|Shadow Ball|p2b: Whimsicott
|-damage|p2b: Whimsicott|42/100
|
|-sideend|p1: klaushima|move: Tailwind
|upkeep
|turn|7
|
|t:|1757160496
|move|p2b: Whimsicott|Moonblast|p1a: Gholdengo
|-resisted|p1a: Gholdengo
|-damage|p1a: Gholdengo|0 fnt
|faint|p1a: Gholdengo
|
|win|rodjilius
||klaushima is ready for game 3.
||rodjilius is ready for game 3.
|uhtml|next|Next: Game 3 of 3
