|j|☆steelag0
|j|☆ultraclaw1
|html|steelag0ultraclaw1    
|uhtml|bestof|Game 3 of a best-of-3
|t:|1782481602
|gametype|doubles
|player|p1|steelag0|265|1182
|player|p2|ultraclaw1|alder|1168
|gen|9
|tier|[Gen 9 Champions] VGC 2026 Reg M-B (Bo3)
|rated|
|rule|Species Clause: Limit one of each Pokémon
|rule|Item Clause: Limit 1 of each item
|clearpoke
|poke|p1|Blaziken, L50, F|
|poke|p1|Hydreigon, L50, F|
|poke|p1|Basculegion, L50, M|
|poke|p1|Whimsicott, L50, F|
|poke|p1|Farigiraf, L50, F|
|poke|p1|Metagross, L50|
|poke|p2|Floette-Eternal, L50, F|
|poke|p2|Charizard, L50, F|
|poke|p2|Whimsicott, L50, F|
|poke|p2|Garchomp, L50, M|
|poke|p2|Basculegion, L50, M|
|poke|p2|Kingambit, L50, F|
|teampreview|4
|showteam|p1|Blaziken||Blazikenite|SpeedBoost|FlareBlitz,CloseCombat,RockSlide,Detect|Adamant||F|||50|]Hydreigon||ChoiceScarf|Levitate|DracoMeteor,DarkPulse,EarthPower,Snarl|Modest||F|||50|]Basculegion||LifeOrb|Adaptability|WaveCrash,LastRespects,AquaJet,Protect|Adamant||M|||50|]Whimsicott||FocusSash|Prankster|Moonblast,Encore,Tailwind,Protect|Timid||F|||50|]Farigiraf||SitrusBerry|ArmorTail|Psychic,Thunderbolt,Roar,TrickRoom|Bold||F|||50|]Metagross||Metagrossite|ClearBody|PsychicFangs,IronHead,StompingTantrum,Protect|Jolly|||||50|
|showteam|p2|Floette-Eternal||Floettite|FlowerVeil|Moonblast,DazzlingGleam,LightofRuin,Protect|Modest||F|||50|]Charizard||CharizarditeY|Blaze|HeatWave,WeatherBall,SolarBeam,Protect|Modest||F|||50|]Whimsicott||FocusSash|Prankster|Moonblast,Encore,Tailwind,Protect|Timid||F|||50|]Garchomp||LifeOrb|RoughSkin|DragonClaw,StompingTantrum,PoisonJab,RockSlide|Jolly||M|||50|]Basculegion||MysticWater|Adaptability|WaveCrash,LastRespects,AquaJet,Protect|Adamant||M|||50|]Kingambit||OccaBerry|Defiant|KowtowCleave,IronHead,SuckerPunch,Protect|Adamant||F|||50|
|inactive|Battle timer is ON: inactive players will automatically lose when time's up. (requested by ultraclaw1)
|inactive|steelag0 has 60 seconds left.
|
|t:|1782481636
|teamsize|p1|4
|teamsize|p2|4
|start
|switch|p1a: Blaziken|Blaziken, L50, F|100/100
|switch|p1b: Whimsicott|Whimsicott, L50, F|100/100
|switch|p2a: Whimsicott|Whimsicott, L50, F|100/100
|switch|p2b: Floette|Floette-Eternal, L50, F|100/100
|turn|1
|
|t:|1782481651
|switch|p1a: Metagross|Metagross, L50|100/100
|detailschange|p2b: Floette|Floette-Mega, L50, F
|-mega|p2b: Floette|Floette|Floettite
|-ability|p2b: Floette|Fairy Aura
|move|p1b: Whimsicott|Tailwind|p1b: Whimsicott
|-sidestart|p1: steelag0|move: Tailwind
|move|p2a: Whimsicott|Tailwind|p2a: Whimsicott
|-sidestart|p2: ultraclaw1|move: Tailwind
|move|p2b: Floette|Moonblast|p1a: Metagross
|-resisted|p1a: Metagross|1
|-damage|p1a: Metagross|50/100g
|
|upkeep
|turn|2
|
|t:|1782481672
|detailschange|p1a: Metagross|Metagross-Mega, L50
|-mega|p1a: Metagross|Metagross|Metagrossite
|move|p2a: Whimsicott|Encore|p1b: Whimsicott
|-start|p1b: Whimsicott|Encore
|move|p1b: Whimsicott|Tailwind||[still]
|-fail|p1b: Whimsicott
|move|p1a: Metagross|Iron Head|p2b: Floette
|-supereffective|p2b: Floette|1
|-damage|p2b: Floette|0 fnt
|faint|p2b: Floette
|
|upkeep
|
|t:|1782481688
|switch|p2b: Kingambit|Kingambit, L50, F|100/100
|turn|3
|
|t:|1782481696
|switch|p1b: Blaziken|Blaziken, L50, F|100/100
|move|p1a: Metagross|Protect|p1a: Metagross
|-singleturn|p1a: Metagross|Protect
|move|p2a: Whimsicott|Moonblast|p1b: Blaziken
|-crit|p1b: Blaziken
|-damage|p1b: Blaziken|23/100
|move|p2b: Kingambit|Kowtow Cleave|p1a: Metagross
|-activate|p1a: Metagross|move: Protect
|
|upkeep
|turn|4
|
|t:|1782481718
|move|p1b: Blaziken|Detect|p1b: Blaziken
|-singleturn|p1b: Blaziken|Protect
|move|p2a: Whimsicott|Moonblast|p1b: Blaziken
|-activate|p1b: Blaziken|move: Protect
|move|p1a: Metagross|Iron Head|p2a: Whimsicott
|-supereffective|p2a: Whimsicott|1
|-enditem|p2a: Whimsicott|Focus Sash
|-damage|p2a: Whimsicott|1/100
|move|p2b: Kingambit|Kowtow Cleave|p1a: Metagross
|-supereffective|p1a: Metagross|1
|-damage|p1a: Metagross|0 fnt
|faint|p1a: Metagross
|
|-sideend|p1: steelag0|move: Tailwind
|-sideend|p2: ultraclaw1|move: Tailwind
|-ability|p1b: Blaziken|Speed Boost|boost
|-boost|p1b: Blaziken|spe|1
|upkeep
|
|t:|1782481736
|switch|p1a: Whimsicott|Whimsicott, L50, F|100/100
|turn|5
|
|t:|1782481741
|move|p2a: Whimsicott|Tailwind|p2a: Whimsicott
|-sidestart|p2: ultraclaw1|move: Tailwind
|move|p2b: Kingambit|Sucker Punch|p1a: Whimsicott
|-resisted|p1a: Whimsicott|1
|-damage|p1a: Whimsicott|69/100
|move|p1b: Blaziken|Close Combat|p2b: Kingambit
|-supereffective|p2b: Kingambit|2
|-damage|p2b: Kingambit|0 fnt
|-unboost|p1b: Blaziken|def|1
|-unboost|p1b: Blaziken|spd|1
|faint|p2b: Kingambit
|move|p1a: Whimsicott|Moonblast|p2a: Whimsicott
|-damage|p2a: Whimsicott|0 fnt
|faint|p2a: Whimsicott
|
|-ability|p1b: Blaziken|Speed Boost|boost
|-boost|p1b: Blaziken|spe|1
|upkeep
|
|t:|1782481743
|switch|p2b: Garchomp|Garchomp, L50, M|100/100
|turn|6
|
|t:|1782481765
|move|p1a: Whimsicott|Tailwind|p1a: Whimsicott
|-sidestart|p1: steelag0|move: Tailwind
|move|p1b: Blaziken|Close Combat|p2b: Garchomp
|-damage|p2b: Garchomp|37/100
|-unboost|p1b: Blaziken|def|1
|-unboost|p1b: Blaziken|spd|1
|-damage|p1b: Blaziken|11/100|[from] ability: Rough Skin|[of] p2b: Garchomp
|move|p2b: Garchomp|Poison Jab|p1a: Whimsicott
|-supereffective|p1a: Whimsicott|2
|-damage|p1a: Whimsicott|0 fnt
|faint|p1a: Whimsicott
|-damage|p2b: Garchomp|27/100|[from] item: Life Orb
|
|-ability|p1b: Blaziken|Speed Boost|boost
|-boost|p1b: Blaziken|spe|1
|upkeep
|-message|ultraclaw1 forfeited.
|
|win|steelag0
|raw|steelag0's rating: 1182 → 1206(+24 for winning)
|raw|ultraclaw1's rating: 1168 → 1144(-24 for losing)
|l|☆ultraclaw1
|player|p2|
