|j|☆avlin>pele
|j|☆MrsMarxy
|html|avlin>peleMrsMarxy    
|uhtml|bestof|Game 3 of a best-of-3
|t:|1784433730
|gametype|doubles
|player|p1|avlin>pele|102|1169
|player|p2|MrsMarxy|bellelba|1207
|gen|9
|tier|[Gen 9 Champions] VGC 2026 Reg M-B (Bo3)
|rated|
|rule|Species Clause: Limit one of each Pokémon
|rule|Item Clause: Limit 1 of each item
|clearpoke
|poke|p1|Metagross, L50|
|poke|p1|Overqwil, L50, F|
|poke|p1|Pelipper, L50, M|
|poke|p1|Palafin, L50, F|
|poke|p1|Hydreigon, L50, F|
|poke|p1|Floette-Eternal, L50, F|
|poke|p2|Venusaur, L50, M|
|poke|p2|Charizard, L50, M|
|poke|p2|Grimmsnarl, L50, M|
|poke|p2|Archaludon, L50, F|
|poke|p2|Basculegion, L50, M|
|poke|p2|Pelipper, L50, F|
|teampreview|4
|showteam|p1|Metagross||Metagrossite|ClearBody|MeteorMash,PsychicFangs,BulletPunch,Protect|Jolly|||||50|]Overqwil||BlackGlasses|SwiftSwim|PoisonJab,Crunch,Taunt,Protect|Adamant||F|||50|]Pelipper||FocusSash|Drizzle|Hurricane,MuddyWater,Tailwind,Protect|Modest||M|||50|]Palafin||LifeOrb|ZerotoHero|JetPunch,WaveCrash,ThroatChop,Protect|Adamant||F|||50|]Hydreigon||ChoiceScarf|Levitate|DracoMeteor,DarkPulse,Snarl,EarthPower|Modest||F|||50|]Floette-Eternal||Floettite|FlowerVeil|Moonblast,DazzlingGleam,LightofRuin,Protect|Modest||F|||50|
|showteam|p2|Venusaur||FocusSash|Chlorophyll|SludgeBomb,EarthPower,SleepPowder,Protect|Modest||M|||50|]Charizard||CharizarditeY|Blaze|Protect,HeatWave,SolarBeam,WeatherBall|Modest||M|||50|]Grimmsnarl||LightClay|Prankster|SpiritBreak,LightScreen,Reflect,PartingShot|Sassy||M|||50|]Archaludon||Leftovers|Stamina|ElectroShot,DragonPulse,FlashCannon,Protect|Calm||F|||50|]Basculegion||ChoiceScarf|Adaptability|WaveCrash,LastRespects,AquaJet,FlipTurn|Jolly||M|||50|]Pelipper||SitrusBerry|Drizzle|Hurricane,WeatherBall,Tailwind,WideGuard|Modest||F|||50|
|inactive|Battle timer is ON: inactive players will automatically lose when time's up. (requested by MrsMarxy)
|inactive|avlin>pele has 60 seconds left.
|inactive|MrsMarxy has 60 seconds left.
|
|t:|1784433769
|teamsize|p1|4
|teamsize|p2|4
|start
|switch|p1a: Overqwil|Overqwil, L50, F|100/100
|switch|p1b: Hydreigon|Hydreigon, L50, F|100/100
|switch|p2a: Grimmsnarl|Grimmsnarl, L50, M|100/100
|switch|p2b: Archaludon|Archaludon, L50, F|100/100
|turn|1
|
|t:|1784433787
|move|p2b: Archaludon|Protect|p2b: Archaludon
|-singleturn|p2b: Archaludon|Protect
|move|p2a: Grimmsnarl|Light Screen|p2a: Grimmsnarl
|-sidestart|p2: MrsMarxy|move: Light Screen
|move|p1b: Hydreigon|Earth Power|p2b: Archaludon
|-activate|p2b: Archaludon|move: Protect
|move|p1a: Overqwil|Crunch|p2b: Archaludon
|-activate|p2b: Archaludon|move: Protect
|
|upkeep
|turn|2
|
|t:|1784433800
|move|p2a: Grimmsnarl|Reflect|p2a: Grimmsnarl
|-sidestart|p2: MrsMarxy|Reflect
|move|p1b: Hydreigon|Earth Power|p2b: Archaludon
|-supereffective|p2b: Archaludon|1
|-damage|p2b: Archaludon|59/100
|-ability|p2b: Archaludon|Stamina|boost
|-boost|p2b: Archaludon|def|1
|move|p2b: Archaludon|Dragon Pulse|p1b: Hydreigon
|-supereffective|p1b: Hydreigon|1
|-damage|p1b: Hydreigon|21/100
|move|p1a: Overqwil|Crunch|p2b: Archaludon
|-crit|p2b: Archaludon
|-damage|p2b: Archaludon|8/100
|-ability|p2b: Archaludon|Stamina|boost
|-boost|p2b: Archaludon|def|1
|
|-heal|p2b: Archaludon|14/100|[from] item: Leftovers
|upkeep
|turn|3
|inactive|avlin>pele has 30 seconds left.
|
|t:|1784433827
|switch|p1b: Pelipper|Pelipper, L50, M|100/100
|-weather|RainDance|[from] ability: Drizzle|[of] p1b: Pelipper
|move|p2b: Archaludon|Protect|p2b: Archaludon
|-singleturn|p2b: Archaludon|Protect
|move|p1a: Overqwil|Crunch|p2b: Archaludon
|-activate|p2b: Archaludon|move: Protect
|move|p2a: Grimmsnarl|Spirit Break|p1b: Pelipper
|-damage|p1b: Pelipper|60/100
|-unboost|p1b: Pelipper|spa|1
|
|-weather|RainDance|[upkeep]
|-heal|p2b: Archaludon|20/100y|[from] item: Leftovers
|upkeep
|turn|4
|inactive|avlin>pele has 30 seconds left.
|inactive|MrsMarxy has 30 seconds left.
|inactive|MrsMarxy has 20 seconds left.
|
|t:|1784433867
|switch|p1b: Hydreigon|Hydreigon, L50, F|21/100
|switch|p2a: Basculegion|Basculegion, L50, M|100/100
|move|p1a: Overqwil|Crunch|p2b: Archaludon
|-damage|p2b: Archaludon|9/100
|-ability|p2b: Archaludon|Stamina|boost
|-boost|p2b: Archaludon|def|1
|move|p2b: Archaludon|Electro Shot||[still]
|-prepare|p2b: Archaludon|Electro Shot
|-boost|p2b: Archaludon|spa|1
|-anim|p2b: Archaludon|Electro Shot|p1b: Hydreigon
|-resisted|p1b: Hydreigon|1
|-damage|p1b: Hydreigon|0 fnt
|faint|p1b: Hydreigon
|
|-weather|RainDance|[upkeep]
|-heal|p2b: Archaludon|15/100|[from] item: Leftovers
|upkeep
|
|t:|1784433883
|switch|p1b: Pelipper|Pelipper, L50, M|60/100
|turn|5
|
|t:|1784433891
|switch|p2a: Grimmsnarl|Grimmsnarl, L50, M|100/100
|move|p2b: Archaludon|Protect|p2b: Archaludon
|-singleturn|p2b: Archaludon|Protect
|move|p1a: Overqwil|Crunch|p2a: Grimmsnarl
|-resisted|p2a: Grimmsnarl|2
|-damage|p2a: Grimmsnarl|92/100
|move|p1b: Pelipper|Muddy Water|p2b: Archaludon|[spread] p2a
|-activate|p2b: Archaludon|move: Protect
|-damage|p2a: Grimmsnarl|63/100
|-unboost|p2a: Grimmsnarl|accuracy|1
|
|-weather|RainDance|[upkeep]
|-heal|p2b: Archaludon|21/100|[from] item: Leftovers
|upkeep
|turn|6
|inactive|MrsMarxy has 30 seconds left.
|
|t:|1784433920
|move|p1a: Overqwil|Poison Jab|p2a: Grimmsnarl
|-supereffective|p2a: Grimmsnarl|1
|-damage|p2a: Grimmsnarl|6/100
|move|p1b: Pelipper|Muddy Water|p2a: Grimmsnarl|[spread] p2a,p2b
|-resisted|p2b: Archaludon|1
|-damage|p2a: Grimmsnarl|0 fnt
|-damage|p2b: Archaludon|8/100
|-ability|p2b: Archaludon|Stamina|boost
|-boost|p2b: Archaludon|def|1
|faint|p2a: Grimmsnarl
|move|p2b: Archaludon|Electro Shot||[still]
|-prepare|p2b: Archaludon|Electro Shot
|-boost|p2b: Archaludon|spa|1
|-anim|p2b: Archaludon|Electro Shot|p1a: Overqwil
|-damage|p1a: Overqwil|15/100
|
|-weather|RainDance|[upkeep]
|-heal|p2b: Archaludon|14/100|[from] item: Leftovers
|upkeep
|
|t:|1784433934
|switch|p2a: Basculegion|Basculegion, L50, M|100/100
|turn|7
|
|t:|1784433958
|move|p1a: Overqwil|Protect|p1a: Overqwil
|-singleturn|p1a: Overqwil|Protect
|move|p2b: Archaludon|Protect|p2b: Archaludon
|-singleturn|p2b: Archaludon|Protect
|move|p2a: Basculegion|Aqua Jet|p1a: Overqwil
|-activate|p1a: Overqwil|move: Protect
|move|p1b: Pelipper|Hurricane|p2b: Archaludon
|-activate|p2b: Archaludon|move: Protect
|
|-weather|none
|-heal|p2b: Archaludon|20/100y|[from] item: Leftovers
|upkeep
|turn|8
|inactive|avlin>pele has 30 seconds left.
|
|t:|1784433992
|switch|p2a: Charizard|Charizard, L50, M|100/100
|switch|p1b: Floette|Floette-Eternal, L50, F|100/100
|move|p2b: Archaludon|Dragon Pulse|p1a: Overqwil
|-damage|p1a: Overqwil|0 fnt
|faint|p1a: Overqwil
|
|-heal|p2b: Archaludon|26/100|[from] item: Leftovers
|-sideend|p2: MrsMarxy|move: Light Screen
|upkeep
|
|t:|1784433995
|switch|p1a: Pelipper|Pelipper, L50, M|60/100
|-weather|RainDance|[from] ability: Drizzle|[of] p1a: Pelipper
|turn|9
|
|t:|1784434015
|detailschange|p1b: Floette|Floette-Mega, L50, F
|-mega|p1b: Floette|Floette|Floettite
|-ability|p1b: Floette|Fairy Aura
|detailschange|p2a: Charizard|Charizard-Mega-Y, L50, M
|-mega|p2a: Charizard|Charizard|Charizardite Y
|-weather|SunnyDay|[from] ability: Drought|[of] p2a: Charizard
|move|p1b: Floette|Dazzling Gleam|p2a: Charizard|[spread] p2a,p2b
|-resisted|p2a: Charizard|1
|-damage|p2a: Charizard|80/100
|-damage|p2b: Archaludon|0 fnt
|faint|p2b: Archaludon
|move|p2a: Charizard|Heat Wave|p1a: Pelipper|[spread] p1a,p1b
|-resisted|p1a: Pelipper|1
|-damage|p1a: Pelipper|10/100
|-damage|p1b: Floette|48/100
|-status|p1a: Pelipper|brn
|move|p1a: Pelipper|Muddy Water|p2a: Charizard|[miss]
|-miss|p1a: Pelipper|p2a: Charizard
|
|-weather|SunnyDay|[upkeep]
|-damage|p1a: Pelipper|4/100 brn|[from] brn
|-sideend|p2: MrsMarxy|Reflect
|upkeep
|
|t:|1784434027
|switch|p2b: Basculegion|Basculegion, L50, M|100/100
|turn|10
|
|t:|1784434037
|move|p1b: Floette|Protect|p1b: Floette
|-singleturn|p1b: Floette|Protect
|move|p2b: Basculegion|Last Respects|p1b: Floette
|-activate|p1b: Floette|move: Protect
|move|p2a: Charizard|Heat Wave|p1b: Floette|[spread] p1a
|-activate|p1b: Floette|move: Protect
|-resisted|p1a: Pelipper|1
|-damage|p1a: Pelipper|0 fnt
|faint|p1a: Pelipper
|
|-weather|SunnyDay|[upkeep]
|upkeep
|turn|11
|
|t:|1784434049
|move|p2b: Basculegion|Last Respects|p1b: Floette
|-damage|p1b: Floette|0 fnt
|faint|p1b: Floette
|
|win|MrsMarxy
|raw|avlin>pele's rating: 1169 → 1147(-22 for losing)
|raw|MrsMarxy's rating: 1207 → 1229(+22 for winning)
|c|☆avlin>pele|ggs
|c|☆MrsMarxy|gg
|c|☆avlin>pele|archa too strong lol
|c|☆MrsMarxy|wp
|c|☆MrsMarxy|Yup
|c|☆MrsMarxy|Arch carries
|c|☆avlin>pele|wpwp
|c|☆MrsMarxy|This team is so good
|c|☆MrsMarxy|gl on future sets
|c|☆avlin>pele|gl too king
|l|☆avlin>pele
|player|p1|
|j|☆avlin>pele
|player|p1|avlin>pele|102|
|l|☆avlin>pele
|player|p1|
