|j|☆Zoetron
|j|☆orizor
|html|Zoetronorizor    
|uhtml|bestof|Game 3 of a best-of-3
|t:|1756053779
|gametype|doubles
|player|p1|Zoetron|2|1206
|player|p2|orizor|102|1232
|gen|9
|tier|[Gen 9] VGC 2025 Reg H (Bo3)
|rated|
|rule|Species Clause: Limit one of each Pokémon
|rule|Item Clause: Limit 1 of each item
|clearpoke
|poke|p1|Gyarados, L50, F|
|poke|p1|Electabuzz, L50, M|
|poke|p1|Tyranitar, L50, M|
|poke|p1|Kommo-o, L50, F|
|poke|p1|Annihilape, L50, M|
|poke|p1|Sinistcha, L50|
|poke|p2|Incineroar, L50, F|
|poke|p2|Farigiraf, L50, M|
|poke|p2|Dragapult, L50, F|
|poke|p2|Ursaluna-Bloodmoon, L50, M|
|poke|p2|Kingambit, L50, M|
|poke|p2|Ninetales-Alola, L50, M|
|teampreview|4
|showteam|p1|Gyarados||ClearAmulet|Intimidate|Waterfall,TeraBlast,DragonDance,Protect|||F|||50|,,,,,Flying]Electabuzz||Eviolite|VitalSpirit|Thunderbolt,Taunt,FollowMe,LightScreen|||M|||50|,,,,,Ghost]Tyranitar||AssaultVest|SandStream|RockSlide,LowKick,KnockOff,TeraBlast|||M|||50|,,,,,Flying]Kommo-o||ThroatSpray|Soundproof|ClangingScales,ClangorousSoul,Flamethrower,Protect|||F|||50|,,,,,Fire]Annihilape||SafetyGoggles|Defiant|BulkUp,RageFist,DrainPunch,Protect|||M|||50|,,,,,Stellar]Sinistcha||RockyHelmet|Hospitality|RagePowder,StrengthSap,EnergyBall,TrickRoom||||||50|,,,,,Fairy
|showteam|p2|Incineroar||MirrorHerb|Intimidate|FlareBlitz,KnockOff,PartingShot,FakeOut|||F|||50|,,,,,Grass]Farigiraf||ThroatSpray|ArmorTail|HyperVoice,Psychic,TrickRoom,Protect|||M|||50|,,,,,Fairy]Dragapult||ChoiceBand|ClearBody|DragonDarts,TeraBlast,Uturn,PhantomForce|||F|||50|,,,,,Ghost]Ursaluna-Bloodmoon||LifeOrb|MindsEye|BloodMoon,HyperVoice,EarthPower,Protect|||M|||50|,,,,,Normal]Kingambit||AssaultVest|Defiant|KowtowCleave,SuckerPunch,IronHead,LowKick|||M|||50|,,,,,Dark]Ninetales-Alola||FocusSash|SnowWarning|Blizzard,Moonblast,AuroraVeil,Protect|||M|||50|,,,,,Ghost
|inactive|Battle timer is ON: inactive players will automatically lose when time's up. (requested by Zoetron)
|inactive|orizor has 60 seconds left.
|
|t:|1756053829
|teamsize|p1|4
|teamsize|p2|4
|start
|switch|p1a: Electabuzz|Electabuzz, L50, M|100/100
|switch|p1b: Kommo-o|Kommo-o, L50, F|100/100
|switch|p2a: Dragapult|Dragapult, L50, F|100/100
|switch|p2b: Incineroar|Incineroar, L50, F|100/100
|-ability|p2b: Incineroar|Intimidate|boost
|-unboost|p1a: Electabuzz|atk|1
|-unboost|p1b: Kommo-o|atk|1
|turn|1
|inactive|orizor has 30 seconds left.
|
|t:|1756053860
|-terastallize|p2a: Dragapult|Ghost
|move|p2b: Incineroar|Fake Out|p1a: Electabuzz
|-damage|p1a: Electabuzz|89/100
|move|p2a: Dragapult|Phantom Force||[still]
|-prepare|p2a: Dragapult|Phantom Force
|cant|p1a: Electabuzz|flinch
|move|p1b: Kommo-o|Clanging Scales|p2a: Dragapult|[spread] p2b
|-miss|p1b: Kommo-o|p2a: Dragapult
|-damage|p2b: Incineroar|72/100
|-unboost|p1b: Kommo-o|def|1
|-enditem|p1b: Kommo-o|Throat Spray
|-boost|p1b: Kommo-o|spa|1|[from] item: Throat Spray
|-enditem|p2b: Incineroar|Mirror Herb
|-boost|p2b: Incineroar|spa|1|[from] item: Mirror Herb
|
|upkeep
|turn|2
|
|t:|1756053877
|move|p1a: Electabuzz|Follow Me|p1a: Electabuzz
|-singleturn|p1a: Electabuzz|move: Follow Me
|move|p2a: Dragapult|Phantom Force|p1a: Electabuzz|[from] lockedmove
|-damage|p1a: Electabuzz|0 fnt
|faint|p1a: Electabuzz
|move|p1b: Kommo-o|Clanging Scales|p2a: Dragapult|[spread] p2a,p2b
|-damage|p2a: Dragapult|24/100
|-damage|p2b: Incineroar|30/100
|-unboost|p1b: Kommo-o|def|1
|move|p2b: Incineroar|Parting Shot|p1b: Kommo-o
|-immune|p1b: Kommo-o|[from] ability: Soundproof
|
|upkeep
|
|t:|1756053891
|switch|p1a: Sinistcha|Sinistcha, L50|100/100
|turn|3
|
|t:|1756053907
|switch|p1b: Tyranitar|Tyranitar, L50, M|100/100
|-weather|Sandstorm|[from] ability: Sand Stream|[of] p1b: Tyranitar
|switch|p2b: Ninetales|Ninetales-Alola, L50, M|100/100
|-weather|Snowscape|[from] ability: Snow Warning|[of] p2b: Ninetales
|move|p2a: Dragapult|Phantom Force||[still]
|-prepare|p2a: Dragapult|Phantom Force
|move|p1a: Sinistcha|Trick Room|p1a: Sinistcha
|-fieldstart|move: Trick Room|[of] p1a: Sinistcha
|
|-weather|Snowscape|[upkeep]
|upkeep
|turn|4
|
|t:|1756053920
|move|p2b: Ninetales|Protect|p2b: Ninetales
|-singleturn|p2b: Ninetales|Protect
|move|p1b: Tyranitar|Rock Slide|p2b: Ninetales|[spread] 
|-miss|p1b: Tyranitar|p2a: Dragapult
|-activate|p2b: Ninetales|move: Protect
|move|p1a: Sinistcha|Energy Ball|p2b: Ninetales
|-activate|p2b: Ninetales|move: Protect
|move|p2a: Dragapult|Phantom Force|p1b: Tyranitar|[from] lockedmove
|-resisted|p1b: Tyranitar
|-damage|p1b: Tyranitar|65/100
|
|-weather|Snowscape|[upkeep]
|upkeep
|turn|5
|
|t:|1756053935
|switch|p2a: Incineroar|Incineroar, L50, F|30/100
|-ability|p2a: Incineroar|Intimidate|boost
|-unboost|p1a: Sinistcha|atk|1
|-unboost|p1b: Tyranitar|atk|1
|move|p1b: Tyranitar|Rock Slide|p2b: Ninetales|[spread] p2a,p2b
|-supereffective|p2a: Incineroar
|-crit|p2a: Incineroar
|-supereffective|p2b: Ninetales
|-damage|p2a: Incineroar|0 fnt
|-damage|p2b: Ninetales|52/100
|faint|p2a: Incineroar
|move|p1a: Sinistcha|Energy Ball|p2b: Ninetales
|-damage|p2b: Ninetales|6/100
|cant|p2b: Ninetales|flinch
|
|-weather|Snowscape|[upkeep]
|upkeep
|
|t:|1756053953
|switch|p2a: Kingambit|Kingambit, L50, M|100/100
|turn|6
|
|t:|1756053960
|move|p2a: Kingambit|Sucker Punch|p1a: Sinistcha
|-supereffective|p1a: Sinistcha
|-damage|p1a: Sinistcha|39/100
|-damage|p2a: Kingambit|84/100|[from] item: Rocky Helmet|[of] p1a: Sinistcha
|move|p1b: Tyranitar|Low Kick|p2a: Kingambit
|-supereffective|p2a: Kingambit
|-damage|p2a: Kingambit|2/100
|move|p1a: Sinistcha|Energy Ball|p2b: Ninetales
|-damage|p2b: Ninetales|0 fnt
|faint|p2b: Ninetales
|
|-weather|Snowscape|[upkeep]
|upkeep
|
|t:|1756053970
|switch|p2b: Dragapult|Dragapult, L50, F, tera:Ghost|24/100
|turn|7
|
|t:|1756053981
|move|p1a: Sinistcha|Rage Powder|p1a: Sinistcha
|-singleturn|p1a: Sinistcha|move: Rage Powder
|move|p1b: Tyranitar|Knock Off|p2b: Dragapult
|-supereffective|p2b: Dragapult
|-damage|p2b: Dragapult|0 fnt
|-enditem|p2b: Dragapult|Choice Band|[from] move: Knock Off|[of] p1b: Tyranitar
|faint|p2b: Dragapult
|move|p2a: Kingambit|Low Kick|p1a: Sinistcha
|-immune|p1a: Sinistcha
|
|-weather|none
|-fieldend|move: Trick Room
|upkeep
|turn|8
|-message|orizor forfeited.
|
|win|Zoetron
|raw|Zoetron's rating: 1206 → 1233(+27 for winning)
|raw|orizor's rating: 1232 → 1205(-27 for losing)
