|j|☆zetababy4
|j|☆TPShame
|html|zetababy4TPShame    
|uhtml|bestof|Game 1 of a best-of-3
|t:|1785602762
|gametype|doubles
|player|p1|zetababy4|1|1104
|player|p2|TPShame|169|1126
|gen|9
|tier|[Gen 9 Champions] VGC 2026 Reg M-B (Bo3)
|rated|
|rule|Species Clause: Limit one of each Pokémon
|rule|Item Clause: Limit 1 of each item
|clearpoke
|poke|p1|Charizard, L50, M|
|poke|p1|Whimsicott, L50, M|
|poke|p1|Sneasler, L50, F|
|poke|p1|Kingambit, L50, M|
|poke|p1|Dragapult, L50, F|
|poke|p1|Farigiraf, L50, F|
|poke|p2|Staraptor, L50, M|
|poke|p2|Milotic, L50, F|
|poke|p2|Tyranitar, L50, M|
|poke|p2|Gholdengo, L50|
|poke|p2|Excadrill, L50, M|
|poke|p2|Sinistcha, L50|
|teampreview|4
|showteam|p1|Charizard||CharizarditeY|SolarPower|Protect,HeatWave,WeatherBall,SolarBeam|Timid||M|||50|]Whimsicott||FocusSash|Prankster|Protect,Moonblast,Tailwind,Encore|Timid||M|||50|]Sneasler||WhiteHerb|Unburden|DireClaw,FakeOut,CloseCombat,Taunt|Jolly||F|||50|]Kingambit||BlackGlasses|Defiant|KowtowCleave,SuckerPunch,LowKick,IronHead|Jolly||M|||50|]Dragapult||LifeOrb|ClearBody|PhantomForce,DragonDarts,DragonDance,Protect|Adamant||F|||50|]Farigiraf||SitrusBerry|ArmorTail|TrickRoom,Psychic,Thunderbolt,HelpingHand|Quiet||F|||50|
|showteam|p2|Staraptor||Staraptite|Intimidate|BraveBird,CloseCombat,Tailwind,Protect|Jolly||M|||50|]Milotic||SitrusBerry|Competitive|Scald,IceBeam,IcyWind,Recover|Modest||F|||50|]Tyranitar||Tyranitarite|SandStream|RockSlide,KnockOff,LowKick,Protect|Adamant||M|||50|]Gholdengo||LifeOrb|GoodasGold|ShadowBall,MakeItRain,NastyPlot,Protect|Modest|||||50|]Excadrill||FocusSash|SandRush|HighHorsepower,IronHead,RockSlide,Protect|Adamant||M|||50|]Sinistcha||ColburBerry|Hospitality|MatchaGotcha,RagePowder,TrickRoom,Protect|Bold|||||50|
|inactive|Battle timer is ON: inactive players will automatically lose when time's up. (requested by zetababy4)
|inactive|TPShame has 60 seconds left.
|
|t:|1785602821
|teamsize|p1|4
|teamsize|p2|4
|start
|switch|p1a: Whimsicott|Whimsicott, L50, M|100/100
|switch|p1b: Sneasler|Sneasler, L50, F|100/100
|switch|p2a: Tyranitar|Tyranitar, L50, M|100/100
|switch|p2b: Excadrill|Excadrill, L50, M|100/100
|-weather|Sandstorm|[from] ability: Sand Stream|[of] p2a: Tyranitar
|turn|1
|
|t:|1785602837
|switch|p2a: Gholdengo|Gholdengo, L50|100/100
|move|p1a: Whimsicott|Tailwind|p1a: Whimsicott
|-sidestart|p1: zetababy4|move: Tailwind
|move|p1b: Sneasler|Close Combat|p2b: Excadrill
|-supereffective|p2b: Excadrill|1
|-enditem|p2b: Excadrill|Focus Sash
|-damage|p2b: Excadrill|1/100
|-unboost|p1b: Sneasler|def|1
|-unboost|p1b: Sneasler|spd|1
|-enditem|p1b: Sneasler|White Herb
|-clearnegativeboost|p1b: Sneasler|[silent]
|move|p2b: Excadrill|High Horsepower|p1b: Sneasler
|-supereffective|p1b: Sneasler|1
|-damage|p1b: Sneasler|0 fnt
|faint|p1b: Sneasler
|
|-weather|Sandstorm|[upkeep]
|-damage|p1a: Whimsicott|94/100|[from] Sandstorm
|upkeep
|
|t:|1785602856
|switch|p1b: Charizard|Charizard, L50, M|100/100
|turn|2
|inactive|TPShame has 30 seconds left.
|
|t:|1785602886
|detailschange|p1b: Charizard|Charizard-Mega-Y, L50, M
|-mega|p1b: Charizard|Charizard|Charizardite Y
|-weather|SunnyDay|[from] ability: Drought|[of] p1b: Charizard
|move|p2a: Gholdengo|Protect|p2a: Gholdengo
|-singleturn|p2a: Gholdengo|Protect
|move|p1a: Whimsicott|Moonblast|p2b: Excadrill
|-resisted|p2b: Excadrill|1
|-damage|p2b: Excadrill|0 fnt
|faint|p2b: Excadrill
|move|p1b: Charizard|Heat Wave|p2a: Gholdengo
|-activate|p2a: Gholdengo|move: Protect
|
|-weather|SunnyDay|[upkeep]
|upkeep
|
|t:|1785602895
|switch|p2b: Tyranitar|Tyranitar, L50, M|100/100
|-weather|Sandstorm|[from] ability: Sand Stream|[of] p2b: Tyranitar
|turn|3
|
|t:|1785602914
|move|p1b: Charizard|Protect|p1b: Charizard
|-singleturn|p1b: Charizard|Protect
|move|p1a: Whimsicott|Moonblast|p2b: Tyranitar
|-supereffective|p2b: Tyranitar|1
|-damage|p2b: Tyranitar|64/100
|-unboost|p2b: Tyranitar|spa|1
|move|p2a: Gholdengo|Make It Rain|p1b: Charizard|[spread] p1a
|-activate|p1b: Charizard|move: Protect
|-supereffective|p1a: Whimsicott|1
|-damage|p1a: Whimsicott|0 fnt
|-unboost|p2a: Gholdengo|spa|2
|faint|p1a: Whimsicott
|-damage|p2a: Gholdengo|90/100|[from] item: Life Orb
|move|p2b: Tyranitar|Low Kick|p1b: Charizard
|-activate|p1b: Charizard|move: Protect
|
|-weather|Sandstorm|[upkeep]
|-damage|p1b: Charizard|93/100|[from] Sandstorm
|upkeep
|
|t:|1785602934
|switch|p1a: Kingambit|Kingambit, L50, M|100/100
|turn|4
|
|t:|1785602945
|move|p2a: Gholdengo|Protect|p2a: Gholdengo
|-singleturn|p2a: Gholdengo|Protect
|move|p2b: Tyranitar|Protect|p2b: Tyranitar
|-singleturn|p2b: Tyranitar|Protect
|move|p1b: Charizard|Heat Wave|p2a: Gholdengo|[spread] 
|-activate|p2a: Gholdengo|move: Protect
|-activate|p2b: Tyranitar|move: Protect
|move|p1a: Kingambit|Iron Head|p2b: Tyranitar
|-activate|p2b: Tyranitar|move: Protect
|
|-weather|Sandstorm|[upkeep]
|-damage|p1b: Charizard|87/100|[from] Sandstorm
|-sideend|p1: zetababy4|move: Tailwind
|upkeep
|turn|5
|
|t:|1785602968
|switch|p2a: Staraptor|Staraptor, L50, M|100/100
|-ability|p2a: Staraptor|Intimidate|boost
|-unboost|p1a: Kingambit|atk|1
|-ability|p1a: Kingambit|Defiant|boost
|-boost|p1a: Kingambit|atk|2
|-unboost|p1b: Charizard|atk|1
|move|p1b: Charizard|Heat Wave|p2b: Tyranitar|[spread] p2a,p2b
|-resisted|p2b: Tyranitar|1
|-damage|p2a: Staraptor|36/100
|-damage|p2b: Tyranitar|53/100
|move|p2b: Tyranitar|Rock Slide|p1a: Kingambit|[spread] p1a,p1b
|-resisted|p1a: Kingambit|1
|-supereffective|p1b: Charizard|2
|-damage|p1a: Kingambit|86/100
|-damage|p1b: Charizard|0 fnt
|faint|p1b: Charizard
|cant|p1a: Kingambit|flinch
|
|-weather|Sandstorm|[upkeep]
|-damage|p2a: Staraptor|30/100|[from] Sandstorm
|upkeep
|turn|6
|
|t:|1785602988
|detailschange|p2a: Staraptor|Staraptor-Mega, L50, M
|-mega|p2a: Staraptor|Staraptor|Staraptite
|move|p1a: Kingambit|Sucker Punch|p2a: Staraptor
|-resisted|p2a: Staraptor|1
|-damage|p2a: Staraptor|0 fnt
|faint|p2a: Staraptor
|move|p2b: Tyranitar|Low Kick|p1a: Kingambit
|-supereffective|p1a: Kingambit|2
|-damage|p1a: Kingambit|0 fnt
|faint|p1a: Kingambit
|
|win|TPShame
