|j|☆night fight 15
|j|☆FerKillerVGC
|html|night fight 15FerKillerVGC    
|uhtml|bestof|Game 2 of a best-of-3
|t:|1782234678
|gametype|doubles
|player|p1|night fight 15|lucas|1185
|player|p2|FerKillerVGC|169|1222
|gen|9
|tier|[Gen 9 Champions] VGC 2026 Reg M-B (Bo3)
|rated|
|rule|Species Clause: Limit one of each Pokémon
|rule|Item Clause: Limit 1 of each item
|clearpoke
|poke|p1|Pyroar, L50, F|
|poke|p1|Ninetales, L50, F|
|poke|p1|Farigiraf, L50, M|
|poke|p1|Whimsicott, L50, M|
|poke|p1|Floette-Eternal, L50, F|
|poke|p1|Basculegion, L50, M|
|poke|p2|Snorlax, L50, M|
|poke|p2|Sableye, L50, F|
|poke|p2|Armarouge, L50, M|
|poke|p2|Clefable, L50, F|
|poke|p2|Kingambit, L50, M|
|poke|p2|Venusaur, L50, M|
|teampreview|4
|showteam|p1|Pyroar||Pyroarite|Unnerve|Protect,HeatWave,Overheat,SolarBeam|Modest||F|||50|]Ninetales||ChoiceScarf|Drought|Overheat,HeatWave,WillOWisp,ShadowBall|Modest||F|||50|]Farigiraf||ColburBerry|ArmorTail|Psychic,TrickRoom,Imprison,Protect|Bold||M|||50|]Whimsicott||FocusSash|Prankster|Protect,Moonblast,Encore,Tailwind|Timid||M|||50|]Floette-Eternal||Floettite|FlowerVeil|Protect,Moonblast,DazzlingGleam,LightofRuin|Timid||F|||50|]Basculegion||LifeOrb|Adaptability|Protect,AquaJet,WaveCrash,LastRespects|Jolly||M|||50|
|showteam|p2|Snorlax||SitrusBerry|ThickFat|Facade,BodyPress,Stockpile,Recycle|Impish||M|||50|]Sableye||RoseliBerry|Prankster|FoulPlay,WillOWisp,Quash,FakeOut|Careful||F|||50|]Armarouge||FocusSash|FlashFire|HeatWave,Psychic,WideGuard,TrickRoom|Quiet||M|||50|]Clefable||Clefablite|Unaware|Moonblast,Flamethrower,FollowMe,Protect|Timid||F|||50|]Kingambit||BlackGlasses|Defiant|KowtowCleave,IronHead,SuckerPunch,Protect|Adamant||M|||50|]Venusaur||Venusaurite|Chlorophyll|SludgeBomb,GigaDrain,EarthPower,Protect|Modest||M|||50|
|inactive|Battle timer is ON: inactive players will automatically lose when time's up. (requested by night fight 15)
|
|t:|1782234704
|teamsize|p1|4
|teamsize|p2|4
|start
|switch|p1a: Farigiraf|Farigiraf, L50, M|100/100
|switch|p1b: Pyroar|Pyroar, L50, F|100/100
|switch|p2a: Armarouge|Armarouge, L50, M|100/100
|switch|p2b: Sableye|Sableye, L50, F|100/100
|-ability|p1b: Pyroar|Unnerve
|turn|1
|
|t:|1782234720
|detailschange|p1b: Pyroar|Pyroar-Mega, L50, F
|-mega|p1b: Pyroar|Pyroar|Pyroarite
|move|p1b: Pyroar|Overheat|p2b: Sableye
|-damage|p2b: Sableye|0 fnt
|-unboost|p1b: Pyroar|spa|2
|faint|p2b: Sableye
|move|p2a: Armarouge|Psychic|p1b: Pyroar
|-damage|p1b: Pyroar|33/100
|move|p1a: Farigiraf|Imprison|p1a: Farigiraf
|-start|p1a: Farigiraf|move: Imprison
|
|upkeep
|
|t:|1782234732
|switch|p2b: Venusaur|Venusaur, L50, M|100/100
|turn|2
|
|t:|1782234749
|switch|p1b: Basculegion|Basculegion, L50, M|100/100
|detailschange|p2b: Venusaur|Venusaur-Mega, L50, M
|-mega|p2b: Venusaur|Venusaur|Venusaurite
|move|p2b: Venusaur|Earth Power|p1b: Basculegion
|-damage|p1b: Basculegion|67/100
|-unboost|p1b: Basculegion|spd|1
|move|p2a: Armarouge|Heat Wave|p1a: Farigiraf|[spread] p1a,p1b
|-resisted|p1b: Basculegion|1
|-damage|p1a: Farigiraf|67/100
|-damage|p1b: Basculegion|30/100
|move|p1a: Farigiraf|Psychic|p2b: Venusaur
|-supereffective|p2b: Venusaur|1
|-damage|p2b: Venusaur|48/100
|
|upkeep
|turn|3
|
|t:|1782234770
|switch|p2a: Kingambit|Kingambit, L50, M|100/100
|move|p1b: Basculegion|Wave Crash|p2a: Kingambit
|-crit|p2a: Kingambit
|-damage|p2a: Kingambit|0 fnt
|faint|p2a: Kingambit
|-damage|p1b: Basculegion|0 fnt|[from] Recoil
|faint|p1b: Basculegion
|move|p2b: Venusaur|Giga Drain|p1a: Farigiraf
|-damage|p1a: Farigiraf|35/100
|-heal|p2b: Venusaur|68/100|[from] drain|[of] p1a: Farigiraf
|move|p1a: Farigiraf|Psychic|p2b: Venusaur
|-supereffective|p2b: Venusaur|1
|-damage|p2b: Venusaur|12/100
|
|upkeep
|
|t:|1782234782
|switch|p1b: Ninetales|Ninetales, L50, F|100/100
|switch|p2a: Armarouge|Armarouge, L50, M|100/100
|-weather|SunnyDay|[from] ability: Drought|[of] p1b: Ninetales
|turn|4
|
|t:|1782234801
|move|p1b: Ninetales|Shadow Ball|p2a: Armarouge
|-supereffective|p2a: Armarouge|1
|-damage|p2a: Armarouge|54/100
|move|p2b: Venusaur|Earth Power|p1b: Ninetales
|-supereffective|p1b: Ninetales|1
|-damage|p1b: Ninetales|30/100
|move|p2a: Armarouge|Heat Wave|p1b: Ninetales|[spread] p1a,p1b
|-resisted|p1b: Ninetales|1
|-damage|p1a: Farigiraf|0 fnt
|-damage|p1b: Ninetales|0 fnt
|faint|p1a: Farigiraf
|faint|p1b: Ninetales
|
|-weather|SunnyDay|[upkeep]
|upkeep
|
|t:|1782234810
|switch|p1a: Pyroar|Pyroar-Mega, L50, F|33/100
|turn|5
|
|t:|1782234822
|move|p1a: Pyroar|Solar Beam||[still]
|-prepare|p1a: Pyroar|Solar Beam
|-anim|p1a: Pyroar|Solar Beam|p2b: Venusaur
|-resisted|p2b: Venusaur|2
|-damage|p2b: Venusaur|2/100
|move|p2b: Venusaur|Earth Power|p1a: Pyroar
|-supereffective|p1a: Pyroar|1
|-damage|p1a: Pyroar|0 fnt
|faint|p1a: Pyroar
|
|win|FerKillerVGC
|raw|night fight 15's rating: 1185 → 1163(-22 for losing)
|raw|FerKillerVGC's rating: 1222 → 1244(+22 for winning)
|l|☆night fight 15
|player|p1|
