|j|☆flaminanmol
|j|☆StrikerMohamud
|html|flaminanmolStrikerMohamud    
|uhtml|bestof|Game 2 of a best-of-3
|t:|1783565410
|gametype|doubles
|player|p1|flaminanmol|red|1123
|player|p2|StrikerMohamud|unknown|1000
|gen|9
|tier|[Gen 9 Champions] VGC 2026 Reg M-B (Bo3)
|rated|
|rule|Species Clause: Limit one of each Pokémon
|rule|Item Clause: Limit 1 of each item
|clearpoke
|poke|p1|Sneasler, L50, M|
|poke|p1|Whimsicott, L50, M|
|poke|p1|Incineroar, L50, F|
|poke|p1|Staraptor, L50, F|
|poke|p1|Garchomp, L50, F|
|poke|p1|Farigiraf, L50, M|
|poke|p2|Scrafty, L50, M, shiny|
|poke|p2|Farigiraf, L50, F|
|poke|p2|Rotom-Wash, L50, shiny|
|poke|p2|Ceruledge, L50, F|
|poke|p2|Venusaur, L50, M|
|poke|p2|Dragonite, L50, F|
|teampreview|4
|showteam|p1|Sneasler||FocusSash|Unburden|DireClaw,CloseCombat,FakeOut,Protect|Adamant||M|||50|]Whimsicott||MentalHerb|Prankster|Tailwind,Protect,Moonblast,Charm|Timid||M|||50|]Incineroar||SitrusBerry|Intimidate|FakeOut,FlareBlitz,DarkestLariat,PartingShot|Brave||F|||50|]Staraptor||Staraptite|Intimidate|CloseCombat,BraveBird,Protect,Roost|Adamant||F|||50|]Garchomp||ChoiceScarf|RoughSkin|DragonClaw,Earthquake,Outrage,RockSlide|Adamant||F|||50|]Farigiraf||SilkScarf|ArmorTail|HyperVoice,TrickRoom,HelpingHand,Protect|Quiet||M|||50|
|showteam|p2|Scrafty||Scraftinite|Intimidate|FakeOut,KnockOff,CloseCombat,Protect|Adamant||M|||50|]Farigiraf||LifeOrb|ArmorTail|HyperVoice,Psychic,TrickRoom,Protect|Modest||F|||50|]Rotom-Wash||SitrusBerry|Levitate|Thunderbolt,HydroPump,WillOWisp,LightScreen|Bold|||||50|]Ceruledge||ColburBerry|FlashFire|BitterBlade,ShadowSneak,SwordsDance,Protect|Adamant||F|||50|]Venusaur||Venusaurite|Chlorophyll|LeafStorm,SludgeBomb,SleepPowder,Protect|Modest||M|||50|]Dragonite||DragonFang|InnerFocus|DragonClaw,ExtremeSpeed,Tailwind,Protect|Adamant||F|||50|
|inactive|Battle timer is ON: inactive players will automatically lose when time's up. (requested by flaminanmol)
|
|t:|1783565475
|teamsize|p1|4
|teamsize|p2|4
|start
|switch|p1a: Whimsicott|Whimsicott, L50, M|100/100
|switch|p1b: Staraptor|Staraptor, L50, F|100/100
|switch|p2a: Farigiraf|Farigiraf, L50, F|100/100
|switch|p2b: Ceruledge|Ceruledge, L50, F|100/100
|-ability|p1b: Staraptor|Intimidate|boost
|-unboost|p2a: Farigiraf|atk|1
|-unboost|p2b: Ceruledge|atk|1
|turn|1
|
|t:|1783565493
|switch|p2b: Scrafty|Scrafty, L50, M, shiny|100/100
|-ability|p2b: Scrafty|Intimidate|boost
|-unboost|p1a: Whimsicott|atk|1
|-unboost|p1b: Staraptor|atk|1
|detailschange|p1b: Staraptor|Staraptor-Mega, L50, F
|-mega|p1b: Staraptor|Staraptor|Staraptite
|move|p1a: Whimsicott|Charm|p1b: Staraptor
|-boost|p1b: Staraptor|atk|2
|move|p1b: Staraptor|Close Combat|p2a: Farigiraf
|-damage|p2a: Farigiraf|0 fnt
|-boost|p1b: Staraptor|def|1
|-boost|p1b: Staraptor|spd|1
|faint|p2a: Farigiraf
|
|upkeep
|
|t:|1783565509
|switch|p2a: Rotom|Rotom-Wash, L50, shiny|100/100
|turn|2
|
|t:|1783565524
|switch|p1a: Farigiraf|Farigiraf, L50, M|100/100
|switch|p2b: Ceruledge|Ceruledge, L50, F|100/100
|move|p1b: Staraptor|Close Combat|p2a: Rotom
|-damage|p2a: Rotom|9/100
|-boost|p1b: Staraptor|def|1
|-boost|p1b: Staraptor|spd|1
|-enditem|p2a: Rotom|Sitrus Berry|[eat]
|-heal|p2a: Rotom|34/100|[from] item: Sitrus Berry
|move|p2a: Rotom|Will-O-Wisp|p1b: Staraptor
|-status|p1b: Staraptor|brn
|
|-damage|p1b: Staraptor|93/100 brn|[from] brn
|upkeep
|turn|3
|
|t:|1783565546
|move|p1a: Farigiraf|Helping Hand|p1b: Staraptor
|-singleturn|p1b: Staraptor|Helping Hand|[of] p1a: Farigiraf
|move|p1b: Staraptor|Close Combat|p2a: Rotom
|-damage|p2a: Rotom|0 fnt
|-boost|p1b: Staraptor|def|1
|-boost|p1b: Staraptor|spd|1
|faint|p2a: Rotom
|move|p2b: Ceruledge|Swords Dance|p2b: Ceruledge
|-boost|p2b: Ceruledge|atk|2
|
|-damage|p1b: Staraptor|87/100 brn|[from] brn
|upkeep
|
|t:|1783565551
|switch|p2a: Scrafty|Scrafty, L50, M, shiny|100/100
|-ability|p2a: Scrafty|Intimidate|boost
|-unboost|p1a: Farigiraf|atk|1
|-boost|p1b: Staraptor|atk|1
|turn|4
|
|t:|1783565572
|detailschange|p2a: Scrafty|Scrafty-Mega, L50, M, shiny
|-mega|p2a: Scrafty|Scrafty|Scraftinite
|-ability|p2a: Scrafty|Intimidate|boost
|-unboost|p1a: Farigiraf|atk|1
|-boost|p1b: Staraptor|atk|1
|move|p1b: Staraptor|Protect|p1b: Staraptor
|-singleturn|p1b: Staraptor|Protect
|move|p2b: Ceruledge|Bitter Blade|p1b: Staraptor
|-activate|p1b: Staraptor|move: Protect
|move|p2a: Scrafty|Knock Off|p1a: Farigiraf
|-supereffective|p1a: Farigiraf|1
|-damage|p1a: Farigiraf|0 fnt
|-enditem|p1a: Farigiraf|Silk Scarf|[from] move: Knock Off|[of] p2a: Scrafty
|faint|p1a: Farigiraf
|
|-damage|p1b: Staraptor|81/100 brn|[from] brn
|upkeep
|
|t:|1783565593
|switch|p1a: Garchomp|Garchomp, L50, F|100/100
|turn|5
|
|t:|1783565605
|move|p2b: Ceruledge|Protect|p2b: Ceruledge
|-singleturn|p2b: Ceruledge|Protect
|move|p1a: Garchomp|Earthquake|p2a: Scrafty|[spread] p2a
|-activate|p2b: Ceruledge|move: Protect
|-immune|p1b: Staraptor
|-damage|p2a: Scrafty|65/100
|move|p1b: Staraptor|Brave Bird|p2b: Ceruledge
|-activate|p2b: Ceruledge|move: Protect
|move|p2a: Scrafty|Close Combat|p1a: Garchomp
|-damage|p1a: Garchomp|29/100
|-unboost|p2a: Scrafty|def|1
|-unboost|p2a: Scrafty|spd|1
|-damage|p2a: Scrafty|53/100|[from] ability: Rough Skin|[of] p1a: Garchomp
|
|-damage|p1b: Staraptor|75/100 brn|[from] brn
|upkeep
|turn|6
|
|t:|1783565629
|move|p2b: Ceruledge|Shadow Sneak|p1a: Garchomp
|-damage|p1a: Garchomp|0 fnt
|-damage|p2b: Ceruledge|87/100|[from] ability: Rough Skin|[of] p1a: Garchomp
|faint|p1a: Garchomp
|move|p1b: Staraptor|Brave Bird|p2b: Ceruledge
|-damage|p2b: Ceruledge|0 fnt
|faint|p2b: Ceruledge
|-damage|p1b: Staraptor|43/100 brn|[from] Recoil
|move|p2a: Scrafty|Knock Off|p1b: Staraptor
|-resisted|p1b: Staraptor|1
|-damage|p1b: Staraptor|34/100 brn
|
|-damage|p1b: Staraptor|28/100 brn|[from] brn
|upkeep
|-message|StrikerMohamud forfeited.
|
|win|flaminanmol
|raw|flaminanmol's rating: 1123 → 1140(+17 for winning)
|raw|StrikerMohamud's rating: 1000 → 1000(+0 for losing)
|l|☆StrikerMohamud
|player|p2|
