|j|☆Farei Jr VGC
|j|☆epic17x
|html|Farei Jr VGCepic17x    
|uhtml|bestof|Game 1 of a best-of-3
|t:|1756683288
|gametype|doubles
|player|p1|Farei Jr VGC|hiker-gen7|1454
|player|p2|epic17x|steven|1324
|gen|9
|tier|[Gen 9] VGC 2025 Reg H (Bo3)
|rated|
|rule|Species Clause: Limit one of each Pokémon
|rule|Item Clause: Limit 1 of each item
|clearpoke
|poke|p1|Maushold-Four, L50|
|poke|p1|Annihilape, L50, F|
|poke|p1|Rillaboom, L50, F|
|poke|p1|Klefki, L50, M|
|poke|p1|Volcarona, L50, M|
|poke|p1|Tyranitar, L50, F|
|poke|p2|Ninetales-Alola, L50, F|
|poke|p2|Rillaboom, L50, F|
|poke|p2|Magmar, L50, M|
|poke|p2|Sneasler, L50, M|
|poke|p2|Kingambit, L50, M|
|poke|p2|Basculegion, L50, M|
|teampreview|4
|showteam|p1|Maushold-Four||SafetyGoggles|FriendGuard|Protect,BeatUp,Taunt,FollowMe||||||50|,,,,,Ghost]Annihilape||Leftovers|Defiant|Protect,RageFist,BulkUp,DrainPunch|||F|||50|,,,,,Fire]Rillaboom||MeadowPlate|GrassySurge|FakeOut,WoodHammer,GrassyGlide,Uturn|||F|||50|,,,,,Grass]Klefki||LightClay|Prankster|Reflect,LightScreen,ThunderWave,DazzlingGleam|||M|||50|,,,,,Water]Volcarona||GrassySeed|FlameBody|Protect,GigaDrain,QuiverDance,HeatWave|||M|||50|,,,,,Grass]Tyranitar||AssaultVest|SandStream|TeraBlast,RockSlide,LowKick,KnockOff|||F|||50|,,,,,Flying
|showteam|p2|Ninetales-Alola||NeverMeltIce|SnowWarning|Blizzard,FreezeDry,Encore,Protect|||F|||50|,,,,,Ghost]Rillaboom||AssaultVest|GrassySurge|WoodHammer,FakeOut,Uturn,GrassyGlide|||F|||50|,,,,,Ghost]Magmar||Eviolite|VitalSpirit|Protect,HeatWave,WillOWisp,FollowMe|||M|||50|,,,,,Ghost]Sneasler||FocusSash|PoisonTouch|FakeOut,DireClaw,CloseCombat,Protect|||M|||50|,,,,,Ghost]Kingambit||BlackGlasses|Defiant|KowtowCleave,SwordsDance,SuckerPunch,Protect|||M|||50|,,,,,Fire]Basculegion||ChoiceScarf|Adaptability|WaveCrash,FlipTurn,TeraBlast,LastRespects|||M|||50|,,,,,Fighting
|inactive|Battle timer is ON: inactive players will automatically lose when time's up. (requested by epic17x)
|inactive|Farei Jr VGC also wants the timer to be on.
|inactive|Farei Jr VGC has 60 seconds left.
|inactive|epic17x has 60 seconds left.
|
|t:|1756683336
|teamsize|p1|4
|teamsize|p2|4
|start
|switch|p1a: Klefki|Klefki, L50, M|100/100
|switch|p1b: Annihilape|Annihilape, L50, F|100/100
|switch|p2a: Sneasler|Sneasler, L50, M|100/100
|switch|p2b: Kingambit|Kingambit, L50, M|100/100
|turn|1
|
|t:|1756683358
|-terastallize|p2b: Kingambit|Fire
|move|p2a: Sneasler|Fake Out|p1a: Klefki
|-resisted|p1a: Klefki
|-damage|p1a: Klefki|94/100
|cant|p1a: Klefki|flinch
|move|p1b: Annihilape|Bulk Up|p1b: Annihilape
|-boost|p1b: Annihilape|atk|1
|-boost|p1b: Annihilape|def|1
|move|p2b: Kingambit|Swords Dance|p2b: Kingambit
|-boost|p2b: Kingambit|atk|2
|
|upkeep
|turn|2
|inactive|Farei Jr VGC has 30 seconds left.
|
|t:|1756683387
|switch|p2a: Magmar|Magmar, L50, M|100/100
|move|p1a: Klefki|Reflect|p1a: Klefki
|-sidestart|p1: Farei Jr VGC|Reflect
|move|p1b: Annihilape|Bulk Up|p1b: Annihilape
|-boost|p1b: Annihilape|atk|1
|-boost|p1b: Annihilape|def|1
|move|p2b: Kingambit|Swords Dance|p2b: Kingambit
|-boost|p2b: Kingambit|atk|2
|
|upkeep
|turn|3
|inactive|epic17x has 30 seconds left.
|
|t:|1756683412
|-terastallize|p1b: Annihilape|Fire
|move|p2a: Magmar|Follow Me|p2a: Magmar
|-singleturn|p2a: Magmar|move: Follow Me
|move|p1a: Klefki|Thunder Wave|p2a: Magmar
|-status|p2a: Magmar|par
|move|p1b: Annihilape|Bulk Up|p1b: Annihilape
|-boost|p1b: Annihilape|atk|1
|-boost|p1b: Annihilape|def|1
|move|p2b: Kingambit|Kowtow Cleave|p1a: Klefki
|-resisted|p1a: Klefki
|-damage|p1a: Klefki|35/100
|
|upkeep
|turn|4
|
|t:|1756683434
|move|p1a: Klefki|Thunder Wave|p2b: Kingambit
|-status|p2b: Kingambit|par
|move|p1b: Annihilape|Bulk Up|p1b: Annihilape
|-boost|p1b: Annihilape|atk|1
|-boost|p1b: Annihilape|def|1
|move|p2a: Magmar|Heat Wave|p1a: Klefki|[spread] p1b
|-miss|p2a: Magmar|p1a: Klefki
|-resisted|p1b: Annihilape
|-damage|p1b: Annihilape|89/100
|move|p2b: Kingambit|Swords Dance|p2b: Kingambit
|-boost|p2b: Kingambit|atk|2
|
|-heal|p1b: Annihilape|96/100|[from] item: Leftovers
|upkeep
|turn|5
|
|t:|1756683453
|switch|p1a: Volcarona|Volcarona, L50, M|100/100
|move|p2a: Magmar|Follow Me|p2a: Magmar
|-singleturn|p2a: Magmar|move: Follow Me
|move|p1b: Annihilape|Bulk Up|p1b: Annihilape
|-boost|p1b: Annihilape|atk|1
|-boost|p1b: Annihilape|def|1
|move|p2b: Kingambit|Kowtow Cleave|p1b: Annihilape
|-damage|p1b: Annihilape|46/100
|
|-heal|p1b: Annihilape|52/100|[from] item: Leftovers
|upkeep
|turn|6
|
|t:|1756683468
|switch|p1a: Rillaboom|Rillaboom, L50, F|100/100
|-fieldstart|move: Grassy Terrain|[from] ability: Grassy Surge|[of] p1a: Rillaboom
|move|p1b: Annihilape|Protect|p1b: Annihilape
|-singleturn|p1b: Annihilape|Protect
|cant|p2a: Magmar|par
|move|p2b: Kingambit|Kowtow Cleave|p1b: Annihilape
|-activate|p1b: Annihilape|move: Protect
|
|-heal|p1b: Annihilape|59/100|[from] Grassy Terrain
|-heal|p1b: Annihilape|65/100|[from] item: Leftovers
|upkeep
|turn|7
|
|t:|1756683484
|move|p2a: Magmar|Protect|p2a: Magmar
|-singleturn|p2a: Magmar|Protect
|move|p2b: Kingambit|Protect|p2b: Kingambit
|-singleturn|p2b: Kingambit|Protect
|move|p1a: Rillaboom|Fake Out|p2b: Kingambit
|-activate|p2b: Kingambit|move: Protect
|move|p1b: Annihilape|Bulk Up|p1b: Annihilape
|-boost|p1b: Annihilape|atk|1
|-boost|p1b: Annihilape|def|1
|
|-heal|p1b: Annihilape|71/100|[from] Grassy Terrain
|-heal|p1b: Annihilape|77/100|[from] item: Leftovers
|upkeep
|turn|8
|
|t:|1756683495
|move|p2a: Magmar|Follow Me|p2a: Magmar
|-singleturn|p2a: Magmar|move: Follow Me
|move|p1b: Annihilape|Rage Fist|p2a: Magmar
|-damage|p2a: Magmar|0 fnt
|faint|p2a: Magmar
|move|p1a: Rillaboom|U-turn|p2b: Kingambit
|-resisted|p2b: Kingambit
|-damage|p2b: Kingambit|90/100 par
|
|t:|1756683503
|switch|p1a: Volcarona|Volcarona, L50, M|100/100|[from] U-turn
|-enditem|p1a: Volcarona|Grassy Seed
|-boost|p1a: Volcarona|def|1|[from] item: Grassy Seed
|move|p2b: Kingambit|Kowtow Cleave|p1a: Volcarona
|-damage|p1a: Volcarona|0 fnt
|faint|p1a: Volcarona
|
|-heal|p1b: Annihilape|84/100|[from] Grassy Terrain
|-heal|p1b: Annihilape|90/100|[from] item: Leftovers
|-heal|p2b: Kingambit|96/100 par|[from] Grassy Terrain
|upkeep
|
|t:|1756683511
|switch|p1a: Rillaboom|Rillaboom, L50, F|100/100
|switch|p2a: Sneasler|Sneasler, L50, M|100/100
|turn|9
|
|t:|1756683520
|move|p2a: Sneasler|Fake Out|p1b: Annihilape
|-damage|p1b: Annihilape|87/100
|move|p1a: Rillaboom|Fake Out|p2b: Kingambit
|-damage|p2b: Kingambit|85/100 par
|cant|p1b: Annihilape|flinch
|cant|p2b: Kingambit|flinch
|
|-heal|p1b: Annihilape|93/100|[from] Grassy Terrain
|-heal|p1b: Annihilape|99/100|[from] item: Leftovers
|-heal|p2b: Kingambit|91/100 par|[from] Grassy Terrain
|-sideend|p1: Farei Jr VGC|Reflect
|upkeep
|turn|10
|
|t:|1756683538
|move|p2b: Kingambit|Protect|p2b: Kingambit
|-singleturn|p2b: Kingambit|Protect
|move|p2a: Sneasler|Dire Claw|p1b: Annihilape
|-damage|p1b: Annihilape|89/100
|move|p1b: Annihilape|Drain Punch|p2b: Kingambit
|-activate|p2b: Kingambit|move: Protect
|move|p1a: Rillaboom|U-turn|p2a: Sneasler
|-resisted|p2a: Sneasler
|-damage|p2a: Sneasler|90/100
|
|t:|1756683546
|switch|p1a: Klefki|Klefki, L50, M|35/100|[from] U-turn
|
|-heal|p2a: Sneasler|95/100|[from] Grassy Terrain
|-heal|p1b: Annihilape|95/100|[from] Grassy Terrain
|-heal|p1b: Annihilape|100/100|[from] item: Leftovers
|-heal|p1a: Klefki|41/100|[from] Grassy Terrain
|-heal|p2b: Kingambit|97/100 par|[from] Grassy Terrain
|-fieldend|move: Grassy Terrain
|upkeep
|turn|11
|
|t:|1756683562
|move|p2a: Sneasler|Protect|p2a: Sneasler
|-singleturn|p2a: Sneasler|Protect
|move|p1a: Klefki|Reflect|p1a: Klefki
|-sidestart|p1: Farei Jr VGC|Reflect
|cant|p2b: Kingambit|par
|move|p1b: Annihilape|Rage Fist|p2b: Kingambit
|-damage|p2b: Kingambit|0 fnt
|faint|p2b: Kingambit
|
|upkeep
|
|t:|1756683569
|switch|p2b: Basculegion|Basculegion, L50, M|100/100
|turn|12
|
|t:|1756683578
|move|p1a: Klefki|Thunder Wave|p2b: Basculegion
|-status|p2b: Basculegion|par
|move|p2a: Sneasler|Dire Claw|p1b: Annihilape
|-damage|p1b: Annihilape|93/100
|-status|p1b: Annihilape|psn
|move|p1b: Annihilape|Rage Fist|p2b: Basculegion
|-supereffective|p2b: Basculegion
|-damage|p2b: Basculegion|0 fnt
|faint|p2b: Basculegion
|
|-heal|p1b: Annihilape|99/100 psn|[from] item: Leftovers
|-damage|p1b: Annihilape|87/100 psn|[from] psn
|upkeep
|turn|13
|-message|epic17x forfeited.
|
|win|Farei Jr VGC
||epic17x is ready for game 2.
||Farei Jr VGC is ready for game 2.
|uhtml|next|Next: Game 2 of 3
|l|☆Farei Jr VGC
|player|p1|
