|j|☆natsukivgc
|j|☆gianlucone
|html|natsukivgcgianlucone    
|uhtml|bestof|Game 3 of a best-of-3
|t:|1786062668
|gametype|doubles
|player|p1|natsukivgc|101|1264
|player|p2|gianlucone|170|1326
|gen|9
|tier|[Gen 9 Champions] VGC 2026 Reg M-B (Bo3)
|rated|
|rule|Species Clause: Limit one of each Pokémon
|rule|Item Clause: Limit 1 of each item
|clearpoke
|poke|p1|Garchomp, L50, F|
|poke|p1|Venusaur, L50, M|
|poke|p1|Incineroar, L50, F|
|poke|p1|Charizard, L50, M|
|poke|p1|Toxapex, L50, M|
|poke|p1|Annihilape, L50, M|
|poke|p2|Froslass, L50, F|
|poke|p2|Scovillain, L50, M|
|poke|p2|Lycanroc-Dusk, L50, M|
|poke|p2|Sneasler, L50, F|
|poke|p2|Kingambit, L50, F|
|poke|p2|Basculegion, L50, M|
|teampreview|4
|showteam|p1|Garchomp||ChoiceScarf|RoughSkin|Earthquake,DragonClaw,StompingTantrum,RockSlide|Adamant||F|||50|]Venusaur||LifeOrb|Chlorophyll|SolarBeam,SludgeBomb,EarthPower,Protect|Modest||M|||50|]Incineroar||SitrusBerry|Intimidate|FlareBlitz,ThroatChop,FakeOut,PartingShot|Impish||F|||50|]Charizard||CharizarditeY|Blaze|HeatWave,WeatherBall,Protect,HelpingHand|Modest||M|||50|]Toxapex||Leftovers|Regenerator|Infestation,Toxic,WideGuard,BanefulBunker|Bold||M|||50|]Annihilape||FocusSash|Defiant|CloseCombat,PhantomForce,RockTomb,Protect|Jolly||M|||50|
|showteam|p2|Froslass||Froslassite|SnowCloak|Blizzard,ShadowBall,AuroraVeil,Protect|Serious||F|||50|]Scovillain||Scovillainite|Moody|Overheat,GigaDrain,RagePowder,Protect|Bold||M|||50|]Lycanroc-Dusk||FocusSash|ToughClaws|RockSlide,CloseCombat,Accelerock,Protect|Adamant||M|||50|]Sneasler||WhiteHerb|Unburden|CloseCombat,GunkShot,FakeOut,Protect|Adamant||F|||50|]Kingambit||BlackGlasses|Defiant|SwordsDance,KowtowCleave,SuckerPunch,Protect|Adamant||F|||50|]Basculegion||SitrusBerry|Adaptability|WaveCrash,LastRespects,AquaJet,Protect|Adamant||M|||50|
|inactive|Battle timer is ON: inactive players will automatically lose when time's up. (requested by gianlucone)
|inactive|natsukivgc has 60 seconds left.
|inactive|natsukivgc has 30 seconds left.
|
|t:|1786062732
|teamsize|p1|4
|teamsize|p2|4
|start
|switch|p1a: Charizard|Charizard, L50, M|100/100
|switch|p1b: Annihilape|Annihilape, L50, M|100/100
|switch|p2a: Lycanroc|Lycanroc-Dusk, L50, M|100/100
|switch|p2b: Sneasler|Sneasler, L50, F|100/100
|turn|1
|inactive|natsukivgc has 30 seconds left.
|
|t:|1786062763
|detailschange|p1a: Charizard|Charizard-Mega-Y, L50, M
|-mega|p1a: Charizard|Charizard|Charizardite Y
|-weather|SunnyDay|[from] ability: Drought|[of] p1a: Charizard
|move|p1a: Charizard|Protect|p1a: Charizard
|-singleturn|p1a: Charizard|Protect
|move|p2b: Sneasler|Gunk Shot|p1b: Annihilape
|-resisted|p1b: Annihilape|1
|-damage|p1b: Annihilape|66/100
|move|p2a: Lycanroc|Rock Slide|p1b: Annihilape|[spread] p1b
|-activate|p1a: Charizard|move: Protect
|-resisted|p1b: Annihilape|1
|-damage|p1b: Annihilape|50/100g
|move|p1b: Annihilape|Close Combat|p2a: Lycanroc
|-supereffective|p2a: Lycanroc|1
|-enditem|p2a: Lycanroc|Focus Sash
|-damage|p2a: Lycanroc|1/100
|-unboost|p1b: Annihilape|def|1
|-unboost|p1b: Annihilape|spd|1
|
|-weather|SunnyDay|[upkeep]
|upkeep
|turn|2
|
|t:|1786062786
|switch|p1b: Garchomp|Garchomp, L50, F|100/100
|switch|p1a: Incineroar|Incineroar, L50, F|100/100
|-ability|p1a: Incineroar|Intimidate|boost
|-unboost|p2a: Lycanroc|atk|1
|-unboost|p2b: Sneasler|atk|1
|-enditem|p2b: Sneasler|White Herb
|-clearnegativeboost|p2b: Sneasler|[silent]
|move|p2b: Sneasler|Close Combat|p1a: Incineroar
|-supereffective|p1a: Incineroar|1
|-damage|p1a: Incineroar|6/100
|-unboost|p2b: Sneasler|def|1
|-unboost|p2b: Sneasler|spd|1
|-enditem|p1a: Incineroar|Sitrus Berry|[eat]
|-heal|p1a: Incineroar|31/100|[from] item: Sitrus Berry
|move|p2a: Lycanroc|Rock Slide|p1b: Garchomp|[spread] 
|-miss|p2a: Lycanroc|p1a: Incineroar
|-miss|p2a: Lycanroc|p1b: Garchomp
|
|-weather|SunnyDay|[upkeep]
|upkeep
|turn|3
|inactive|gianlucone has 30 seconds left.
|
|t:|1786062817
|move|p2b: Sneasler|Protect|p2b: Sneasler
|-singleturn|p2b: Sneasler|Protect
|move|p2a: Lycanroc|Protect|p2a: Lycanroc
|-singleturn|p2a: Lycanroc|Protect
|move|p1a: Incineroar|Fake Out|p2a: Lycanroc
|-activate|p2a: Lycanroc|move: Protect
|move|p1b: Garchomp|Stomping Tantrum|p2b: Sneasler
|-activate|p2b: Sneasler|move: Protect
|
|-weather|SunnyDay|[upkeep]
|upkeep
|turn|4
|inactive|gianlucone has 30 seconds left.
|
|t:|1786062849
|switch|p2a: Froslass|Froslass, L50, F|100/100
|move|p2b: Sneasler|Close Combat|p1a: Incineroar
|-supereffective|p1a: Incineroar|1
|-damage|p1a: Incineroar|0 fnt
|-unboost|p2b: Sneasler|def|1
|-unboost|p2b: Sneasler|spd|1
|faint|p1a: Incineroar
|move|p1b: Garchomp|Stomping Tantrum|p2b: Sneasler
|-supereffective|p2b: Sneasler|1
|-damage|p2b: Sneasler|0 fnt
|faint|p2b: Sneasler
|
|-weather|SunnyDay|[upkeep]
|upkeep
|inactive|gianlucone has 30 seconds left.
|
|t:|1786062878
|switch|p2b: Kingambit|Kingambit, L50, F|100/100
|switch|p1a: Annihilape|Annihilape, L50, M|50/100g
|turn|5
|inactive|gianlucone has 30 seconds left.
|
|t:|1786062911
|detailschange|p2a: Froslass|Froslass-Mega, L50, F
|-mega|p2a: Froslass|Froslass|Froslassite
|-weather|Snowscape|[from] ability: Snow Warning|[of] p2a: Froslass
|move|p2b: Kingambit|Sucker Punch|p1a: Annihilape
|-damage|p1a: Annihilape|0 fnt
|faint|p1a: Annihilape
|move|p1b: Garchomp|Stomping Tantrum|p2b: Kingambit
|-supereffective|p2b: Kingambit|1
|-damage|p2b: Kingambit|38/100
|move|p2a: Froslass|Blizzard|p1b: Garchomp
|-supereffective|p1b: Garchomp|2
|-damage|p1b: Garchomp|0 fnt
|faint|p1b: Garchomp
|
|-weather|Snowscape|[upkeep]
|upkeep
|inactive|natsukivgc has 30 seconds left.
|
|t:|1786062938
|switch|p1a: Charizard|Charizard-Mega-Y, L50, M|100/100
|-weather|SunnyDay|[from] ability: Drought|[of] p1a: Charizard
|turn|6
|
|t:|1786062945
|move|p2b: Kingambit|Sucker Punch|p1a: Charizard
|-damage|p1a: Charizard|48/100
|move|p2a: Froslass|Shadow Ball|p1a: Charizard
|-damage|p1a: Charizard|16/100
|move|p1a: Charizard|Heat Wave|p2b: Kingambit|[spread] p2a,p2b
|-supereffective|p2a: Froslass|1
|-supereffective|p2b: Kingambit|1
|-damage|p2a: Froslass|0 fnt
|-damage|p2b: Kingambit|0 fnt
|faint|p2a: Froslass
|faint|p2b: Kingambit
|
|-weather|SunnyDay|[upkeep]
|upkeep
|
|t:|1786062951
|switch|p2b: Lycanroc|Lycanroc-Dusk, L50, M|1/100
|turn|7
|
|t:|1786062961
|move|p1a: Charizard|Protect|p1a: Charizard
|-singleturn|p1a: Charizard|Protect
|move|p2b: Lycanroc|Accelerock|p1a: Charizard
|-activate|p1a: Charizard|move: Protect
|
|-weather|SunnyDay|[upkeep]
|upkeep
|turn|8
|
|t:|1786062970
|move|p2b: Lycanroc|Accelerock|p1a: Charizard
|-supereffective|p1a: Charizard|2
|-damage|p1a: Charizard|0 fnt
|faint|p1a: Charizard
|
|win|gianlucone
|raw|natsukivgc's rating: 1264 → 1243(-21 for losing)
|raw|gianlucone's rating: 1326 → 1342(+16 for winning)
