|j|☆Hornleechers
|j|☆statenty
|html|Hornleechersstatenty    
|uhtml|bestof|Game 1 of a best-of-3
|t:|1785899701
|gametype|doubles
|player|p1|Hornleechers|hilda-wonderlauncher|1180
|player|p2|statenty|265|1045
|gen|9
|tier|[Gen 9 Champions] VGC 2026 Reg M-B (Bo3)
|rated|
|rule|Species Clause: Limit one of each Pokémon
|rule|Item Clause: Limit 1 of each item
|clearpoke
|poke|p1|Venusaur, L50, M|
|poke|p1|Charizard, L50, M|
|poke|p1|Torkoal, L50, M|
|poke|p1|Farigiraf, L50, M|
|poke|p1|Dragonite, L50, F|
|poke|p1|Mamoswine, L50, F|
|poke|p2|Charizard, L50, F|
|poke|p2|Sylveon, L50, M|
|poke|p2|Incineroar, L50, M|
|poke|p2|Garchomp, L50, F|
|poke|p2|Aerodactyl, L50, M|
|poke|p2|Kingambit, L50, F|
|teampreview|4
|showteam|p1|Venusaur||Venusaurite|Chlorophyll|EarthPower,SludgeBomb,Protect,EnergyBall|Modest||M|||50|]Charizard||CharizarditeX|Blaze|DragonDance,RockSlide,FlareBlitz,ThunderPunch|Adamant||M|||50|]Torkoal||Charcoal|Drought|Eruption,Protect,HeatWave,AncientPower|Quiet||M|||50|]Farigiraf||ColburBerry|ArmorTail|PsychicFangs,Protect,TrickRoom,LowKick|Relaxed||M|||50|]Dragonite||LifeOrb|InnerFocus|DragonDance,Earthquake,DragonClaw,ExtremeSpeed|Jolly||F|||50|]Mamoswine||NeverMeltIce|Oblivious|IceShard,HighHorsepower,Protect,IcicleCrash|Adamant||F|||50|
|showteam|p2|Charizard||CharizarditeY|Blaze|HeatWave,SolarBeam,Protect,WeatherBall|Modest||F|||50|]Sylveon||Leftovers|Pixilate|HyperVoice,Moonblast,Yawn,Protect|Modest||M|||50|]Incineroar||SitrusBerry|Intimidate|FlareBlitz,FakeOut,PartingShot,Taunt|Impish||M|||50|]Garchomp||LifeOrb|RoughSkin|Earthquake,DragonClaw,StompingTantrum,RockSlide|Jolly||F|||50|]Aerodactyl||Aerodactylite|RockHead|RockSlide,DualWingbeat,Tailwind,Protect|Jolly||M|||50|]Kingambit||FocusSash|Defiant|LowKick,IronHead,SuckerPunch,KowtowCleave|Adamant||F|||50|
|inactive|Battle timer is ON: inactive players will automatically lose when time's up. (requested by Hornleechers)
|
|t:|1785899789
|teamsize|p1|4
|teamsize|p2|4
|start
|switch|p1a: Dragonite|Dragonite, L50, F|100/100
|switch|p1b: Mamoswine|Mamoswine, L50, F|100/100
|switch|p2a: Charizard|Charizard, L50, F|100/100
|switch|p2b: Sylveon|Sylveon, L50, M|100/100
|turn|1
|
|t:|1785899808
|detailschange|p2a: Charizard|Charizard-Mega-Y, L50, F
|-mega|p2a: Charizard|Charizard|Charizardite Y
|-weather|SunnyDay|[from] ability: Drought|[of] p2a: Charizard
|move|p1a: Dragonite|Extreme Speed|p2b: Sylveon
|-damage|p2b: Sylveon|55/100
|-damage|p1a: Dragonite|90/100|[from] item: Life Orb
|move|p1b: Mamoswine|Ice Shard|p2b: Sylveon
|-damage|p2b: Sylveon|22/100
|move|p2a: Charizard|Heat Wave|p1b: Mamoswine|[spread] p1a,p1b
|-resisted|p1a: Dragonite|1
|-supereffective|p1b: Mamoswine|1
|-damage|p1a: Dragonite|60/100
|-damage|p1b: Mamoswine|0 fnt
|faint|p1b: Mamoswine
|move|p2b: Sylveon|Moonblast|p1a: Dragonite
|-supereffective|p1a: Dragonite|1
|-damage|p1a: Dragonite|0 fnt
|faint|p1a: Dragonite
|
|-weather|SunnyDay|[upkeep]
|-heal|p2b: Sylveon|28/100|[from] item: Leftovers
|upkeep
|
|t:|1785899823
|switch|p1a: Charizard|Charizard, L50, M|100/100
|switch|p1b: Venusaur|Venusaur, L50, M|100/100
|turn|2
|
|t:|1785899836
|detailschange|p1a: Charizard|Charizard-Mega-X, L50, M
|-mega|p1a: Charizard|Charizard|Charizardite X
|move|p2b: Sylveon|Protect|p2b: Sylveon
|-singleturn|p2b: Sylveon|Protect
|move|p1b: Venusaur|Sludge Bomb|p2b: Sylveon
|-activate|p2b: Sylveon|move: Protect
|move|p1a: Charizard|Rock Slide|p2a: Charizard|[spread] p2a
|-activate|p2b: Sylveon|move: Protect
|-supereffective|p2a: Charizard|2
|-damage|p2a: Charizard|21/100
|move|p2a: Charizard|Heat Wave|p1a: Charizard|[spread] p1a,p1b
|-resisted|p1a: Charizard|2
|-supereffective|p1b: Venusaur|1
|-damage|p1a: Charizard|81/100
|-damage|p1b: Venusaur|0 fnt
|faint|p1b: Venusaur
|
|-weather|SunnyDay|[upkeep]
|-heal|p2b: Sylveon|34/100|[from] item: Leftovers
|upkeep
|turn|3
|inactive|statenty has 30 seconds left.
|
|t:|1785899868
|move|p2a: Charizard|Protect|p2a: Charizard
|-singleturn|p2a: Charizard|Protect
|move|p1a: Charizard|Rock Slide|p2a: Charizard|[spread] p2b
|-activate|p2a: Charizard|move: Protect
|-damage|p2b: Sylveon|12/100
|cant|p2b: Sylveon|flinch
|
|-weather|SunnyDay|[upkeep]
|-heal|p2b: Sylveon|18/100|[from] item: Leftovers
|upkeep
|turn|4
|
|t:|1785899890
|move|p2b: Sylveon|Protect|p2b: Sylveon
|-singleturn|p2b: Sylveon|Protect
|move|p1a: Charizard|Rock Slide|p2a: Charizard|[spread] p2a
|-activate|p2b: Sylveon|move: Protect
|-supereffective|p2a: Charizard|2
|-damage|p2a: Charizard|0 fnt
|faint|p2a: Charizard
|
|-weather|SunnyDay|[upkeep]
|-heal|p2b: Sylveon|24/100|[from] item: Leftovers
|upkeep
|
|t:|1785899904
|switch|p2a: Incineroar|Incineroar, L50, M|100/100
|-ability|p2a: Incineroar|Intimidate|boost
|-unboost|p1a: Charizard|atk|1
|turn|5
|-message|Hornleechers forfeited.
|
|win|statenty
|l|☆Hornleechers
|player|p1|
|inactive|Hornleechers has 30 seconds to confirm battle start!
|inactive|statenty has 30 seconds to confirm battle start!
||statenty is ready for game 2.
|inactive|Hornleechers has 20 seconds to confirm battle start!
|inactive|Hornleechers has 10 seconds to confirm battle start!
|uhtml|next|Next: Game 2 of 3
