|j|☆UndeadParadox
|j|☆dambro222
|html|UndeadParadoxdambro222    
|uhtml|bestof|Game 2 of a best-of-3
|t:|1783148874
|gametype|doubles
|player|p1|UndeadParadox|guitarist|1000
|player|p2|dambro222|169|1107
|gen|9
|tier|[Gen 9 Champions] VGC 2026 Reg M-B (Bo3)
|rated|
|rule|Species Clause: Limit one of each Pokémon
|rule|Item Clause: Limit 1 of each item
|clearpoke
|poke|p1|Scolipede, L50, F|
|poke|p1|Scrafty, L50, M|
|poke|p1|Sinistcha, L50|
|poke|p1|Aerodactyl, L50, F|
|poke|p1|Sylveon, L50, F|
|poke|p1|Garchomp, L50, M|
|poke|p2|Staraptor, L50, M|
|poke|p2|Sinistcha, L50|
|poke|p2|Grimmsnarl, L50, M|
|poke|p2|Charizard, L50, F|
|poke|p2|Garchomp, L50, M|
|poke|p2|Whimsicott, L50, M|
|teampreview|4
|showteam|p1|Scolipede||Scolipite|SpeedBoost|Protect,PoisonJab,LeechLife,SwordsDance|Adamant||F|||50|]Scrafty||Scraftinite|Intimidate|Protect,FakeOut,KnockOff,DrainPunch|Adamant||M|||50|]Sinistcha||KasibBerry|Hospitality|Protect,MatchaGotcha,TrickRoom,RagePowder|Bold|||||50|]Aerodactyl||FocusSash|Unnerve|Protect,Tailwind,RockSlide,DualWingbeat|Jolly||F|||50|]Sylveon||FairyFeather|Pixilate|Protect,CalmMind,HyperVoice,QuickAttack|Modest||F|||50|]Garchomp||ChoiceScarf|RoughSkin|DragonClaw,Earthquake,PoisonJab,RockSlide|Adamant||M|||50|
|showteam|p2|Staraptor||Staraptite|Intimidate|CloseCombat,BraveBird,Roost,Protect|Adamant||M|||50|]Sinistcha||SitrusBerry|Hospitality|MatchaGotcha,RagePowder,StrengthSap,Protect|Sassy|||||50|]Grimmsnarl||RoseliBerry|Prankster|FakeOut,ScaryFace,PartingShot,FoulPlay|Careful||M|||50|]Charizard||CharizarditeY|SolarPower|HeatWave,SolarBeam,WeatherBall,Protect|Modest||F|||50|]Garchomp||ChoiceScarf|RoughSkin|Earthquake,DragonClaw,StompingTantrum,RockSlide|Adamant||M|||50|]Whimsicott||FocusSash|Prankster|Moonblast,Tickle,Encore,Tailwind|Modest||M|||50|
|
|t:|1783148899
|teamsize|p1|4
|teamsize|p2|4
|start
|switch|p1a: Scrafty|Scrafty, L50, M|100/100
|switch|p1b: Aerodactyl|Aerodactyl, L50, F|100/100
|switch|p2a: Staraptor|Staraptor, L50, M|100/100
|switch|p2b: Grimmsnarl|Grimmsnarl, L50, M|100/100
|-ability|p1b: Aerodactyl|Unnerve
|-ability|p2a: Staraptor|Intimidate|boost
|-unboost|p1a: Scrafty|atk|1
|-unboost|p1b: Aerodactyl|atk|1
|-ability|p1a: Scrafty|Intimidate|boost
|-unboost|p2a: Staraptor|atk|1
|-unboost|p2b: Grimmsnarl|atk|1
|turn|1
|
|t:|1783148938
|detailschange|p2a: Staraptor|Staraptor-Mega, L50, M
|-mega|p2a: Staraptor|Staraptor|Staraptite
|move|p1a: Scrafty|Fake Out|p2a: Staraptor
|-damage|p2a: Staraptor|92/100
|move|p2b: Grimmsnarl|Fake Out|p1b: Aerodactyl
|-resisted|p1b: Aerodactyl|1
|-damage|p1b: Aerodactyl|94/100
|cant|p1b: Aerodactyl|flinch
|cant|p2a: Staraptor|flinch
|
|upkeep
|turn|2
|
|t:|1783148982
|move|p2b: Grimmsnarl|Scary Face|p2a: Staraptor
|-boost|p2a: Staraptor|spe|2
|move|p2a: Staraptor|Close Combat|p1b: Aerodactyl
|-damage|p1b: Aerodactyl|21/100
|-boost|p2a: Staraptor|def|1
|-boost|p2a: Staraptor|spd|1
|move|p1b: Aerodactyl|Tailwind|p1b: Aerodactyl
|-sidestart|p1: UndeadParadox|move: Tailwind
|move|p1a: Scrafty|Knock Off|p2b: Grimmsnarl
|-resisted|p2b: Grimmsnarl|2
|-damage|p2b: Grimmsnarl|93/100
|-enditem|p2b: Grimmsnarl|Roseli Berry|[from] move: Knock Off|[of] p1a: Scrafty
|
|upkeep
|turn|3
|
|t:|1783149010
|switch|p1a: Sinistcha|Sinistcha, L50|100/100
|-heal|p1b: Aerodactyl|45/100|[from] ability: Hospitality|[of] p1a: Sinistcha
|move|p1b: Aerodactyl|Protect|p1b: Aerodactyl
|-singleturn|p1b: Aerodactyl|Protect
|move|p2b: Grimmsnarl|Parting Shot|p2a: Staraptor
|-boost|p2a: Staraptor|atk|1
|-boost|p2a: Staraptor|spa|1
|
|t:|1783149019
|switch|p2b: Sinistcha|Sinistcha, L50|100/100|[from] Parting Shot
|-heal|p2a: Staraptor|100/100|[from] ability: Hospitality|[of] p2b: Sinistcha
|move|p2a: Staraptor|Close Combat|p1a: Sinistcha
|-immune|p1a: Sinistcha
|
|upkeep
|turn|4
|
|t:|1783149039
|move|p1b: Aerodactyl|Dual Wingbeat|p2a: Staraptor
|-supereffective|p2a: Staraptor|1
|-damage|p2a: Staraptor|83/100
|-supereffective|p2a: Staraptor|1
|-damage|p2a: Staraptor|67/100
|-hitcount|p2a: Staraptor|2
|move|p2a: Staraptor|Brave Bird|p1b: Aerodactyl
|-resisted|p1b: Aerodactyl|1
|-damage|p1b: Aerodactyl|0 fnt
|faint|p1b: Aerodactyl
|-damage|p2a: Staraptor|55/100|[from] Recoil
|move|p2b: Sinistcha|Strength Sap|p2a: Staraptor
|-boost|p2a: Staraptor|atk|1
|move|p1a: Sinistcha|Trick Room|p1a: Sinistcha
|-fieldstart|move: Trick Room|[of] p1a: Sinistcha
|
|upkeep
|
|t:|1783149052
|switch|p1b: Sylveon|Sylveon, L50, F|100/100
|turn|5
|
|t:|1783149084
|switch|p2b: Grimmsnarl|Grimmsnarl, L50, M|93/100
|move|p2a: Staraptor|Protect|p2a: Staraptor
|-singleturn|p2a: Staraptor|Protect
|move|p1a: Sinistcha|Matcha Gotcha|p2b: Grimmsnarl|[spread] p2b
|-activate|p2a: Staraptor|move: Protect
|-damage|p2b: Grimmsnarl|71/100
|move|p1b: Sylveon|Hyper Voice|p2b: Grimmsnarl|[spread] p2b
|-activate|p2a: Staraptor|move: Protect
|-supereffective|p2b: Grimmsnarl|1
|-damage|p2b: Grimmsnarl|0 fnt
|faint|p2b: Grimmsnarl
|
|-sideend|p1: UndeadParadox|move: Tailwind
|upkeep
|
|t:|1783149092
|switch|p2b: Sinistcha|Sinistcha, L50|100/100
|-heal|p2a: Staraptor|80/100|[from] ability: Hospitality|[of] p2b: Sinistcha
|turn|6
|
|t:|1783149115
|move|p2b: Sinistcha|Matcha Gotcha|p1b: Sylveon|[spread] p1b
|-miss|p2b: Sinistcha|p1a: Sinistcha
|-damage|p1b: Sylveon|80/100
|move|p1a: Sinistcha|Matcha Gotcha|p2b: Sinistcha|[spread] p2a
|-miss|p1a: Sinistcha|p2b: Sinistcha
|-resisted|p2a: Staraptor|1
|-damage|p2a: Staraptor|71/100
|move|p1b: Sylveon|Hyper Voice|p2b: Sinistcha|[spread] p2a,p2b
|-supereffective|p2a: Staraptor|1
|-damage|p2a: Staraptor|2/100
|-damage|p2b: Sinistcha|58/100
|move|p2a: Staraptor|Brave Bird|p1b: Sylveon
|-damage|p1b: Sylveon|0 fnt
|faint|p1b: Sylveon
|-damage|p2a: Staraptor|0 fnt|[from] Recoil
|faint|p2a: Staraptor
|
|upkeep
|
|t:|1783149133
|switch|p1b: Scrafty|Scrafty, L50, M|100/100
|switch|p2a: Garchomp|Garchomp, L50, M|100/100
|-ability|p1b: Scrafty|Intimidate|boost
|-unboost|p2a: Garchomp|atk|1
|-unboost|p2b: Sinistcha|atk|1
|turn|7
|
|t:|1783149153
|detailschange|p1b: Scrafty|Scrafty-Mega, L50, M
|-mega|p1b: Scrafty|Scrafty|Scraftinite
|-ability|p1b: Scrafty|Intimidate|boost
|-unboost|p2a: Garchomp|atk|1
|-unboost|p2b: Sinistcha|atk|1
|move|p2b: Sinistcha|Strength Sap|p1b: Scrafty
|-unboost|p1b: Scrafty|atk|1
|-heal|p2b: Sinistcha|100/100
|move|p1a: Sinistcha|Matcha Gotcha|p2a: Garchomp|[spread] p2a,p2b
|-resisted|p2b: Sinistcha|1
|-damage|p2a: Garchomp|78/100
|-damage|p2b: Sinistcha|90/100
|-status|p2b: Sinistcha|brn
|move|p1b: Scrafty|Knock Off|p2b: Sinistcha
|-supereffective|p2b: Sinistcha|1
|-damage|p2b: Sinistcha|23/100 brn
|-enditem|p2b: Sinistcha|Sitrus Berry|[from] move: Knock Off|[of] p1b: Scrafty
|move|p2a: Garchomp|Dragon Claw|p1a: Sinistcha
|-damage|p1a: Sinistcha|82/100
|
|-damage|p2b: Sinistcha|16/100 brn|[from] brn
|upkeep
|turn|8
|
|t:|1783149201
|move|p1b: Scrafty|Protect|p1b: Scrafty
|-singleturn|p1b: Scrafty|Protect
|move|p2b: Sinistcha|Strength Sap|p2a: Garchomp
|-unboost|p2a: Garchomp|atk|1
|-heal|p2b: Sinistcha|72/100 brn
|move|p1a: Sinistcha|Matcha Gotcha|p2b: Sinistcha|[spread] p2a,p2b
|-resisted|p2b: Sinistcha|1
|-damage|p2a: Garchomp|56/100
|-heal|p1a: Sinistcha|94/100|[from] drain|[of] p2a: Garchomp
|-damage|p2b: Sinistcha|62/100 brn
|-heal|p1a: Sinistcha|100/100|[from] drain|[of] p2b: Sinistcha
|-status|p2a: Garchomp|brn
|move|p2a: Garchomp|Dragon Claw|p1a: Sinistcha
|-damage|p1a: Sinistcha|93/100
|
|-damage|p2b: Sinistcha|56/100 brn|[from] brn
|-damage|p2a: Garchomp|50/100g brn|[from] brn
|-fieldend|move: Trick Room
|upkeep
|turn|9
|
|t:|1783149225
|move|p2a: Garchomp|Dragon Claw|p1b: Scrafty
|-damage|p1b: Scrafty|92/100
|move|p1b: Scrafty|Drain Punch|p2a: Garchomp
|-damage|p2a: Garchomp|23/100 brn
|-heal|p1b: Scrafty|100/100|[from] drain|[of] p2a: Garchomp
|-damage|p1b: Scrafty|87/100|[from] ability: Rough Skin|[of] p2a: Garchomp
|move|p1a: Sinistcha|Matcha Gotcha|p2a: Garchomp|[spread] p2b
|-miss|p1a: Sinistcha|p2a: Garchomp
|-resisted|p2b: Sinistcha|1
|-damage|p2b: Sinistcha|46/100 brn
|-heal|p1a: Sinistcha|98/100|[from] drain|[of] p2b: Sinistcha
|move|p2b: Sinistcha|Matcha Gotcha|p1b: Scrafty|[spread] p1a,p1b
|-resisted|p1a: Sinistcha|1
|-damage|p1a: Sinistcha|85/100
|-heal|p2b: Sinistcha|52/100 brn|[from] drain|[of] p1a: Sinistcha
|-damage|p1b: Scrafty|66/100
|-heal|p2b: Sinistcha|62/100 brn|[from] drain|[of] p1b: Scrafty
|-status|p1a: Sinistcha|brn
|
|-damage|p2a: Garchomp|17/100 brn|[from] brn
|-damage|p1a: Sinistcha|79/100 brn|[from] brn
|-damage|p2b: Sinistcha|56/100 brn|[from] brn
|upkeep
|turn|10
|
|t:|1783149253
|move|p2a: Garchomp|Dragon Claw|p1a: Sinistcha
|-damage|p1a: Sinistcha|73/100 brn
|move|p1b: Scrafty|Knock Off|p2b: Sinistcha
|-supereffective|p2b: Sinistcha|1
|-damage|p2b: Sinistcha|8/100 brn
|move|p1a: Sinistcha|Matcha Gotcha|p2a: Garchomp|[spread] p2a,p2b
|-resisted|p2b: Sinistcha|1
|-damage|p2a: Garchomp|0 fnt
|-heal|p1a: Sinistcha|82/100 brn|[from] drain|[of] p2a: Garchomp
|-damage|p2b: Sinistcha|0 fnt
|-heal|p1a: Sinistcha|87/100 brn|[from] drain|[of] p2b: Sinistcha
|faint|p2a: Garchomp
|faint|p2b: Sinistcha
|
|win|UndeadParadox
|raw|UndeadParadox's rating: 1000 → 1052(+52 for winning)
|raw|dambro222's rating: 1107 → 1075(-32 for losing)
