|j|☆555jjjhjhjhj
|j|☆25th_mang
|html|555jjjhjhjhj25th_mang    
|uhtml|bestof|Game 2 of a best-of-3
|t:|1783410978
|gametype|doubles
|player|p1|555jjjhjhjhj|2|1132
|player|p2|25th_mang|ballguy|1231
|gen|9
|tier|[Gen 9 Champions] VGC 2026 Reg M-B (Bo3)
|rated|
|rule|Species Clause: Limit one of each Pokémon
|rule|Item Clause: Limit 1 of each item
|clearpoke
|poke|p1|Raichu, L50, M|
|poke|p1|Jolteon, L50, F|
|poke|p1|Rotom-Heat, L50|
|poke|p1|Sceptile, L50, M|
|poke|p1|Gholdengo, L50|
|poke|p1|Whimsicott, L50, M|
|poke|p2|Chandelure, L50, M|
|poke|p2|Garchomp, L50, M|
|poke|p2|Kingambit, L50, M|
|poke|p2|Tsareena, L50, F|
|poke|p2|Whimsicott, L50, M|
|poke|p2|Starmie, L50|
|teampreview|4
|showteam|p1|Raichu||RaichuniteX|Static|Protect,DrainPunch,VoltTackle,FakeOut|Jolly||M|||50|]Jolteon||LifeOrb|VoltAbsorb|RisingVoltage,AlluringVoice,Thunderbolt,Protect|Timid||F|||50|]Rotom-Heat||ChoiceScarf|Levitate|Discharge,Overheat,VoltSwitch,WillOWisp|Timid|||||50|]Sceptile||Sceptilite|Overgrow|Protect,DragonPulse,GigaDrain,EarthPower|Timid||M|||50|]Gholdengo||Leftovers|GoodasGold|NastyPlot,MakeItRain,ShadowBall,DazzlingGleam|Timid|||||50|]Whimsicott||FocusSash|Prankster|Tailwind,Encore,FakeTears,Moonblast|Bold||M|||50|
|showteam|p2|Chandelure||Chandelurite|FlashFire|HeatWave,ShadowBall,TrickRoom,Protect|Modest||M|||50|]Garchomp||LifeOrb|RoughSkin|StompingTantrum,DragonClaw,RockSlide,Protect|Jolly||M|||50|]Kingambit||ChopleBerry|Defiant|IronHead,SuckerPunch,LowKick,Protect|Adamant||M|||50|]Tsareena||WideLens|QueenlyMajesty|PowerWhip,TripleAxel,HelpingHand,Protect|Adamant||F|||50|]Whimsicott||FocusSash|Prankster|Moonblast,Tailwind,Encore,SunnyDay|Modest||M|||50|]Starmie||ChoiceScarf|NaturalCure|Scald,IcyWind,Psychic,Thunderbolt|Modest|||||50|
|inactive|Battle timer is ON: inactive players will automatically lose when time's up. (requested by 25th_mang)
|inactive|25th_mang has 60 seconds left.
|
|t:|1783411011
|teamsize|p1|4
|teamsize|p2|4
|start
|switch|p1a: Raichu|Raichu, L50, M|100/100
|switch|p1b: Jolteon|Jolteon, L50, F|100/100
|switch|p2a: Whimsicott|Whimsicott, L50, M|100/100
|switch|p2b: Chandelure|Chandelure, L50, M|100/100
|turn|1
|
|t:|1783411034
|switch|p1b: Whimsicott|Whimsicott, L50, M|100/100
|switch|p2b: Tsareena|Tsareena, L50, F|100/100
|detailschange|p1a: Raichu|Raichu-Mega-X, L50, M
|-mega|p1a: Raichu|Raichu|Raichunite X
|-fieldstart|move: Electric Terrain|[from] ability: Electric Surge|[of] p1a: Raichu
|move|p1a: Raichu|Fake Out||[still]
|cant|p2b: Tsareena|ability: Queenly Majesty|Fake Out|[of] p1a: Raichu
|move|p2a: Whimsicott|Tailwind|p2a: Whimsicott
|-sidestart|p2: 25th_mang|move: Tailwind
|
|upkeep
|turn|2
|
|t:|1783411052
|move|p2a: Whimsicott|Encore|p1a: Raichu
|-start|p1a: Raichu|Encore
|move|p1a: Raichu|Fake Out||[still]
|cant|p2b: Tsareena|ability: Queenly Majesty|Fake Out|[of] p1a: Raichu
|move|p1b: Whimsicott|Tailwind|p1b: Whimsicott
|-sidestart|p1: 555jjjhjhjhj|move: Tailwind
|move|p2b: Tsareena|Triple Axel|p1b: Whimsicott
|-supereffective|p1b: Whimsicott|1
|-crit|p1b: Whimsicott
|-damage|p1b: Whimsicott|83/100
|-supereffective|p1b: Whimsicott|1
|-damage|p1b: Whimsicott|61/100
|-supereffective|p1b: Whimsicott|1
|-damage|p1b: Whimsicott|24/100
|-hitcount|p1b: Whimsicott|3
|
|upkeep
|turn|3
|inactive|25th_mang has 30 seconds left.
|
|t:|1783411084
|switch|p1a: Gholdengo|Gholdengo, L50|100/100
|move|p2a: Whimsicott|Encore|p1b: Whimsicott
|-start|p1b: Whimsicott|Encore
|move|p1b: Whimsicott|Tailwind||[still]
|-fail|p1b: Whimsicott
|move|p2b: Tsareena|Power Whip|p1a: Gholdengo
|-resisted|p1a: Gholdengo|1
|-damage|p1a: Gholdengo|65/100
|
|-heal|p1a: Gholdengo|71/100|[from] item: Leftovers
|upkeep
|turn|4
|inactive|25th_mang has 30 seconds left.
|inactive|25th_mang has 20 seconds left.
|inactive|25th_mang has 15 seconds left.
|inactive|25th_mang has 10 seconds left.
|inactive|25th_mang has 5 seconds left.
|
|t:|1783411137
|switch|p2a: Garchomp|Garchomp, L50, M|100/100
|switch|p1b: Jolteon|Jolteon, L50, F|100/100
|move|p2b: Tsareena|Protect|p2b: Tsareena
|-singleturn|p2b: Tsareena|Protect
|move|p1a: Gholdengo|Make It Rain|p2a: Garchomp|[spread] p2a
|-activate|p2b: Tsareena|move: Protect
|-damage|p2a: Garchomp|47/100
|-unboost|p1a: Gholdengo|spa|2
|
|-heal|p1a: Gholdengo|77/100|[from] item: Leftovers
|-sideend|p2: 25th_mang|move: Tailwind
|upkeep
|turn|5
|inactive|25th_mang has 30 seconds left.
|inactive|555jjjhjhjhj has 30 seconds left.
|inactive|25th_mang has 20 seconds left.
|inactive|25th_mang has 15 seconds left.
|
|t:|1783411179
|switch|p1a: Whimsicott|Whimsicott, L50, M|24/100
|move|p2a: Garchomp|Protect|p2a: Garchomp
|-singleturn|p2a: Garchomp|Protect
|move|p1b: Jolteon|Alluring Voice|p2a: Garchomp
|-activate|p2a: Garchomp|move: Protect
|move|p2b: Tsareena|Power Whip|p1a: Whimsicott
|-resisted|p1a: Whimsicott|1
|-damage|p1a: Whimsicott|1/100
|
|-sideend|p1: 555jjjhjhjhj|move: Tailwind
|-fieldend|move: Electric Terrain
|upkeep
|turn|6
|
|t:|1783411201
|switch|p2a: Whimsicott|Whimsicott, L50, M|100/100
|move|p1a: Whimsicott|Encore||[still]
|cant|p2b: Tsareena|ability: Queenly Majesty|Encore|[of] p1a: Whimsicott
|move|p1b: Jolteon|Alluring Voice|p2b: Tsareena
|-damage|p2b: Tsareena|63/100
|-damage|p1b: Jolteon|90/100|[from] item: Life Orb
|move|p2b: Tsareena|Power Whip|p1b: Jolteon
|-damage|p1b: Jolteon|0 fnt
|faint|p1b: Jolteon
|
|upkeep
|-message|555jjjhjhjhj forfeited.
|raw|555jjjhjhjhj's rating: 1132 → 1114(-18 for losing)
|raw|25th_mang's rating: 1231 → 1249(+18 for winning)
|
|win|25th_mang
|l|☆555jjjhjhjhj
|player|p1|
|l|☆25th_mang
|player|p2|
|j|☆25th_mang
|player|p2|25th_mang|ballguy|
