|j|☆ansufati7
|j|☆AntonioCartana
|html|ansufati7AntonioCartana    
|uhtml|bestof|Game 1 of a best-of-3
|t:|1756929754
|gametype|doubles
|player|p1|ansufati7|ethan|1079
|player|p2|AntonioCartana|bruno|1033
|gen|9
|tier|[Gen 9] VGC 2025 Reg H (Bo3)
|rated|
|rule|Species Clause: Limit one of each Pokémon
|rule|Item Clause: Limit 1 of each item
|clearpoke
|poke|p1|Ursaluna-Bloodmoon, L50, M|
|poke|p1|Rillaboom, L50, F|
|poke|p1|Gholdengo, L50|
|poke|p1|Incineroar, L50, M|
|poke|p1|Whimsicott, L50, M|
|poke|p1|Dragonite, L50, M|
|poke|p2|Indeedee-F, L50, F|
|poke|p2|Torkoal, L50, F|
|poke|p2|Lilligant-Hisui, L50, F|
|poke|p2|Hatterene, L50, F|
|poke|p2|Ursaluna-Bloodmoon, L50, M|
|poke|p2|Gallade, L50, M|
|teampreview|4
|showteam|p1|Ursaluna-Bloodmoon||AssaultVest|MindsEye|BloodMoon,VacuumWave,EarthPower,HyperVoice|||M|||50|,,,,,Ghost]Rillaboom||MiracleSeed|GrassySurge|FakeOut,GrassyGlide,Uturn,WoodHammer|||F|||50|,,,,,Fire]Gholdengo||ChoiceScarf|GoodasGold|MakeItRain,ShadowBall,Trick,NastyPlot||||||50|,,,,,Water]Incineroar||SafetyGoggles|Intimidate|FakeOut,KnockOff,PartingShot,WillOWisp|||M|||50|,,,,,Ghost]Whimsicott||CovertCloak|Prankster|Moonblast,Tailwind,SunnyDay,Encore|||M|||50|,,,,,Poison]Dragonite||LoadedDice|Multiscale|ExtremeSpeed,Protect,ScaleShot,Haze|||M|||50|,,,,,Normal
|showteam|p2|Indeedee-F||SitrusBerry|PsychicSurge|DazzlingGleam,HelpingHand,FollowMe,TrickRoom|||F|||50|,,,,,Grass]Torkoal||AssaultVest|Drought|Eruption,Flamethrower,EarthPower,ClearSmog|||F|||50|,,,,,Fire]Lilligant-Hisui||FocusSash|Chlorophyll|SolarBlade,CloseCombat,SleepPowder,AfterYou|||F|||50|,,,,,Ghost]Hatterene||LifeOrb|MagicBounce|ExpandingForce,DrainingKiss,TrickRoom,Protect|||F|||50|,,,,,Water]Ursaluna-Bloodmoon||SilkScarf|MindsEye|BloodMoon,HyperVoice,Protect,EarthPower|||M|||50|,,,,,Ghost]Gallade||IronBall|Sharpness|PsychoCut,SacredSword,WideGuard,TrickRoom|||M|||50|,,,,,Fire
|inactive|Battle timer is ON: inactive players will automatically lose when time's up. (requested by AntonioCartana)
|inactive|AntonioCartana has 60 seconds left.
|
|t:|1756929804
|teamsize|p1|4
|teamsize|p2|4
|start
|switch|p1a: Whimsicott|Whimsicott, L50, M, shiny|100/100
|switch|p1b: Incineroar|Incineroar, L50, M|100/100
|switch|p2a: Alfonsina|Indeedee-F, L50, F|100/100
|switch|p2b: Gallade|Gallade, L50, M|100/100
|-fieldstart|move: Psychic Terrain|[from] ability: Psychic Surge|[of] p2a: Alfonsina
|-ability|p1b: Incineroar|Intimidate|boost
|-unboost|p2a: Alfonsina|atk|1
|-unboost|p2b: Gallade|atk|1
|turn|1
|
|t:|1756929828
|move|p1a: Whimsicott|Moonblast|p2b: Gallade
|-supereffective|p2b: Gallade
|-damage|p2b: Gallade|55/100
|move|p1b: Incineroar|Knock Off|p2b: Gallade
|-crit|p2b: Gallade
|-damage|p2b: Gallade|0 fnt
|-enditem|p2b: Gallade|Iron Ball|[from] move: Knock Off|[of] p1b: Incineroar
|faint|p2b: Gallade
|move|p2a: Alfonsina|Trick Room|p2a: Alfonsina
|-fieldstart|move: Trick Room|[of] p2a: Alfonsina
|
|upkeep
|
|t:|1756929834
|switch|p2b: ester|Hatterene, L50, F|100/100
|turn|2
|
|t:|1756929853
|switch|p1a: Ursaluna|Ursaluna-Bloodmoon, L50, M|100/100
|move|p2a: Alfonsina|Helping Hand|p2b: ester
|-singleturn|p2b: ester|Helping Hand|[of] p2a: Alfonsina
|move|p2b: ester|Draining Kiss|p1b: Incineroar
|-damage|p1b: Incineroar|64/100
|-damage|p2b: ester|91/100|[from] item: Life Orb
|move|p1b: Incineroar|Knock Off|p2b: ester
|-damage|p2b: ester|50/100
|-enditem|p2b: ester|Life Orb|[from] move: Knock Off|[of] p1b: Incineroar
|
|upkeep
|turn|3
|inactive|ansufati7 has 30 seconds left.
|
|t:|1756929880
|move|p2a: Alfonsina|Helping Hand|p2b: ester
|-singleturn|p2b: ester|Helping Hand|[of] p2a: Alfonsina
|move|p2b: ester|Expanding Force|p1b: Incineroar|[spread] p1a
|-immune|p1b: Incineroar
|-damage|p1a: Ursaluna|33/100
|move|p1b: Incineroar|Knock Off|p2b: ester
|-damage|p2b: ester|24/100
|move|p1a: Ursaluna|Hyper Voice|p2a: Alfonsina|[spread] p2a,p2b
|-damage|p2a: Alfonsina|67/100
|-damage|p2b: ester|0 fnt
|faint|p2b: ester
|
|upkeep
|
|t:|1756929889
|switch|p2b: Claudia|Torkoal, L50, F|100/100
|-weather|SunnyDay|[from] ability: Drought|[of] p2b: Claudia
|turn|4
|
|t:|1756929914
|-terastallize|p2b: Claudia|Fire
|move|p2a: Alfonsina|Helping Hand|p2b: Claudia
|-singleturn|p2b: Claudia|Helping Hand|[of] p2a: Alfonsina
|move|p2b: Claudia|Eruption|p1a: Ursaluna|[spread] p1a,p1b
|-resisted|p1b: Incineroar
|-damage|p1a: Ursaluna|0 fnt
|-damage|p1b: Incineroar|17/100
|faint|p1a: Ursaluna
|move|p1b: Incineroar|Knock Off|p2a: Alfonsina
|-supereffective|p2a: Alfonsina
|-damage|p2a: Alfonsina|0 fnt
|-enditem|p2a: Alfonsina|Sitrus Berry|[from] move: Knock Off|[of] p1b: Incineroar
|faint|p2a: Alfonsina
|
|-weather|SunnyDay|[upkeep]
|upkeep
|
|t:|1756929938
|switch|p1a: Dragonite|Dragonite, L50, M, shiny|100/100
|turn|5
|
|t:|1756929948
|move|p1a: Dragonite|Protect|p1a: Dragonite
|-singleturn|p1a: Dragonite|Protect
|move|p2b: Claudia|Eruption|p1b: Incineroar|[spread] p1b
|-activate|p1a: Dragonite|move: Protect
|-resisted|p1b: Incineroar
|-damage|p1b: Incineroar|0 fnt
|faint|p1b: Incineroar
|
|-weather|SunnyDay|[upkeep]
|-fieldend|move: Trick Room
|-fieldend|move: Psychic Terrain
|upkeep
|
|t:|1756929962
|switch|p1b: Whimsicott|Whimsicott, L50, M, shiny|100/100
|turn|6
|
|t:|1756929984
|-terastallize|p1a: Dragonite|Normal
|move|p1a: Dragonite|Extreme Speed|p2b: Claudia
|-damage|p2b: Claudia|66/100
|move|p1b: Whimsicott|Encore|p2b: Claudia
|-start|p2b: Claudia|Encore
|move|p2b: Claudia|Eruption|p1a: Dragonite|[spread] p1a,p1b
|-supereffective|p1b: Whimsicott
|-damage|p1a: Dragonite|66/100
|-damage|p1b: Whimsicott|0 fnt
|faint|p1b: Whimsicott
|
|-weather|SunnyDay|[upkeep]
|upkeep
|turn|7
|
|t:|1756929999
|move|p1a: Dragonite|Extreme Speed|p2b: Claudia
|-damage|p2b: Claudia|30/100
|move|p2b: Claudia|Eruption|p1a: Dragonite
|-damage|p1a: Dragonite|22/100
|
|-weather|SunnyDay|[upkeep]
|upkeep
|turn|8
|
|t:|1756930007
|move|p1a: Dragonite|Extreme Speed|p2b: Claudia
|-damage|p2b: Claudia|0 fnt
|faint|p2b: Claudia
|
|win|ansufati7
