|j|☆Lorido
|j|☆reallove85tw
|html|Loridoreallove85tw    
|uhtml|bestof|Game 2 of a best-of-3
|t:|1785423156
|gametype|doubles
|player|p1|Lorido|170|1231
|player|p2|reallove85tw|acerola|1121
|gen|9
|tier|[Gen 9 Champions] VGC 2026 Reg M-B (Bo3)
|rated|
|rule|Species Clause: Limit one of each Pokémon
|rule|Item Clause: Limit 1 of each item
|clearpoke
|poke|p1|Delphox, L50, M|
|poke|p1|Incineroar, L50, F|
|poke|p1|Floette-Eternal, L50, F|
|poke|p1|Kingambit, L50, F|
|poke|p1|Sinistcha, L50|
|poke|p1|Sneasler, L50, M|
|poke|p2|Venusaur, L50, M|
|poke|p2|Charizard, L50, M|
|poke|p2|Grimmsnarl, L50, M|
|poke|p2|Archaludon, L50, F|
|poke|p2|Basculegion, L50, M|
|poke|p2|Pelipper, L50, F|
|teampreview|4
|showteam|p1|Delphox||Delphoxite|Blaze|HeatWave,Psychic,NastyPlot,Protect|Timid||M|||50|]Incineroar||SitrusBerry|Intimidate|FlareBlitz,DarkestLariat,FakeOut,PartingShot|Careful||F|||50|]Floette-Eternal||Floettite|FlowerVeil|DazzlingGleam,DrainingKiss,CalmMind,Protect|Bold||F|||50|]Kingambit||BlackGlasses|Defiant|KowtowCleave,SuckerPunch,SwordsDance,Protect|Adamant||F|||50|]Sinistcha||OccaBerry|Hospitality|MatchaGotcha,RagePowder,TrickRoom,Protect|Bold|||||50|]Sneasler||FocusSash|PoisonTouch|CloseCombat,PoisonJab,FakeOut,QuickGuard|Jolly||M|||50|
|showteam|p2|Venusaur||FocusSash|Chlorophyll|SludgeBomb,EarthPower,SleepPowder,Protect|Modest||M|||50|]Charizard||CharizarditeY|Blaze|Protect,HeatWave,SolarBeam,WeatherBall|Modest||M|||50|]Grimmsnarl||LightClay|Prankster|SpiritBreak,LightScreen,Reflect,PartingShot|Sassy||M|||50|]Archaludon||Leftovers|Stamina|ElectroShot,DragonPulse,FlashCannon,Protect|Calm||F|||50|]Basculegion||ChoiceScarf|Adaptability|WaveCrash,LastRespects,AquaJet,FlipTurn|Jolly||M|||50|]Pelipper||SitrusBerry|Drizzle|Hurricane,WeatherBall,Tailwind,WideGuard|Modest||F|||50|
|
|t:|1785423190
|teamsize|p1|4
|teamsize|p2|4
|start
|switch|p1a: Floette|Floette-Eternal, L50, F|100/100
|switch|p1b: Incineroar|Incineroar, L50, F|100/100
|switch|p2a: Basculegion|Basculegion, L50, M|100/100
|switch|p2b: Venusaur|Venusaur, L50, M|100/100
|-ability|p1b: Incineroar|Intimidate|boost
|-unboost|p2a: Basculegion|atk|1
|-unboost|p2b: Venusaur|atk|1
|turn|1
|
|t:|1785423208
|switch|p1a: Sinistcha|Sinistcha, L50|100/100
|move|p2b: Venusaur|Protect|p2b: Venusaur
|-singleturn|p2b: Venusaur|Protect
|move|p2a: Basculegion|Wave Crash|p1b: Incineroar
|-supereffective|p1b: Incineroar|1
|-damage|p1b: Incineroar|18/100
|-enditem|p1b: Incineroar|Sitrus Berry|[eat]
|-heal|p1b: Incineroar|43/100|[from] item: Sitrus Berry
|-damage|p2a: Basculegion|72/100|[from] Recoil
|move|p1b: Incineroar|Darkest Lariat|p2a: Basculegion
|-supereffective|p2a: Basculegion|1
|-damage|p2a: Basculegion|0 fnt
|faint|p2a: Basculegion
|
|upkeep
|
|t:|1785423219
|switch|p2a: Charizard|Charizard, L50, M|100/100
|turn|2
|
|t:|1785423235
|detailschange|p2a: Charizard|Charizard-Mega-Y, L50, M
|-mega|p2a: Charizard|Charizard|Charizardite Y
|-weather|SunnyDay|[from] ability: Drought|[of] p2a: Charizard
|move|p2b: Venusaur|Sludge Bomb|p1a: Sinistcha
|-damage|p1a: Sinistcha|53/100
|move|p2a: Charizard|Heat Wave|p1b: Incineroar|[spread] p1a,p1b
|-supereffective|p1a: Sinistcha|1
|-enditem|p1a: Sinistcha|Occa Berry|[eat]
|-enditem|p1a: Sinistcha|Occa Berry|[weaken]
|-resisted|p1b: Incineroar|1
|-damage|p1a: Sinistcha|0 fnt
|-damage|p1b: Incineroar|19/100
|faint|p1a: Sinistcha
|move|p1b: Incineroar|Flare Blitz|p2b: Venusaur
|-supereffective|p2b: Venusaur|1
|-enditem|p2b: Venusaur|Focus Sash
|-damage|p2b: Venusaur|1/100
|-damage|p1b: Incineroar|0 fnt|[from] Recoil
|faint|p1b: Incineroar
|
|-weather|SunnyDay|[upkeep]
|upkeep
|
|t:|1785423252
|switch|p1a: Floette|Floette-Eternal, L50, F|100/100
|switch|p1b: Sneasler|Sneasler, L50, M|100/100
|turn|3
|
|t:|1785423265
|detailschange|p1a: Floette|Floette-Mega, L50, F
|-mega|p1a: Floette|Floette|Floettite
|-ability|p1a: Floette|Fairy Aura
|move|p2b: Venusaur|Protect|p2b: Venusaur
|-singleturn|p2b: Venusaur|Protect
|move|p1b: Sneasler|Fake Out|p2a: Charizard
|-damage|p2a: Charizard|83/100
|-status|p2a: Charizard|psn|[from] ability: Poison Touch|[of] p1b: Sneasler
|cant|p2a: Charizard|flinch
|move|p1a: Floette|Calm Mind|p1a: Floette
|-boost|p1a: Floette|spa|1
|-boost|p1a: Floette|spd|1
|
|-weather|SunnyDay|[upkeep]
|-damage|p2a: Charizard|71/100 psn|[from] psn
|upkeep
|turn|4
|
|t:|1785423284
|move|p1a: Floette|Protect|p1a: Floette
|-singleturn|p1a: Floette|Protect
|move|p2b: Venusaur|Sleep Powder|p1b: Sneasler
|-status|p1b: Sneasler|slp|[from] move: Sleep Powder
|cant|p1b: Sneasler|slp
|move|p2a: Charizard|Heat Wave|p1a: Floette|[spread] p1b
|-activate|p1a: Floette|move: Protect
|-crit|p1b: Sneasler
|-enditem|p1b: Sneasler|Focus Sash
|-damage|p1b: Sneasler|1/100 slp
|
|-weather|SunnyDay|[upkeep]
|-damage|p2a: Charizard|58/100 psn|[from] psn
|upkeep
|turn|5
|
|t:|1785423306
|move|p2b: Venusaur|Sludge Bomb|p1a: Floette
|-supereffective|p1a: Floette|1
|-damage|p1a: Floette|55/100
|cant|p1b: Sneasler|slp
|move|p2a: Charizard|Heat Wave|p1b: Sneasler|[spread] p1b
|-miss|p2a: Charizard|p1a: Floette
|-damage|p1b: Sneasler|0 fnt
|faint|p1b: Sneasler
|move|p1a: Floette|Dazzling Gleam|p2b: Venusaur|[spread] p2a,p2b
|-resisted|p2a: Charizard|1
|-resisted|p2b: Venusaur|1
|-damage|p2a: Charizard|33/100 psn
|-damage|p2b: Venusaur|0 fnt
|faint|p2b: Venusaur
|
|-weather|SunnyDay|[upkeep]
|-damage|p2a: Charizard|20/100y psn|[from] psn
|upkeep
|
|t:|1785423315
|switch|p2b: Grimmsnarl|Grimmsnarl, L50, M|100/100
|turn|6
|
|t:|1785423326
|move|p1a: Floette|Protect|p1a: Floette
|-singleturn|p1a: Floette|Protect
|move|p2b: Grimmsnarl|Light Screen|p2b: Grimmsnarl
|-sidestart|p2: reallove85tw|move: Light Screen
|move|p2a: Charizard|Weather Ball|p1a: Floette
|-activate|p1a: Floette|move: Protect
|
|-weather|none
|-damage|p2a: Charizard|8/100 psn|[from] psn
|upkeep
|turn|7
|
|t:|1785423344
|move|p2b: Grimmsnarl|Parting Shot|p1a: Floette
|-unboost|p1a: Floette|atk|1
|-unboost|p1a: Floette|spa|1
|move|p2a: Charizard|Heat Wave|p1a: Floette
|-damage|p1a: Floette|29/100
|move|p1a: Floette|Draining Kiss|p2a: Charizard
|-resisted|p2a: Charizard|1
|-damage|p2a: Charizard|0 fnt
|-heal|p1a: Floette|36/100|[from] drain|[of] p2a: Charizard
|faint|p2a: Charizard
|
|upkeep
|turn|8
|
|t:|1785423357
|move|p1a: Floette|Draining Kiss|p2b: Grimmsnarl
|-supereffective|p2b: Grimmsnarl|1
|-damage|p2b: Grimmsnarl|59/100
|-heal|p1a: Floette|70/100|[from] drain|[of] p2b: Grimmsnarl
|move|p2b: Grimmsnarl|Spirit Break|p1a: Floette
|-damage|p1a: Floette|36/100
|-unboost|p1a: Floette|spa|1
|
|upkeep
|turn|9
|
|t:|1785423373
|move|p1a: Floette|Protect|p1a: Floette
|-singleturn|p1a: Floette|Protect
|move|p2b: Grimmsnarl|Spirit Break|p1a: Floette
|-activate|p1a: Floette|move: Protect
|
|upkeep
|turn|10
|
|t:|1785423382
|move|p1a: Floette|Dazzling Gleam|p2b: Grimmsnarl
|-supereffective|p2b: Grimmsnarl|1
|-damage|p2b: Grimmsnarl|12/100
|move|p2b: Grimmsnarl|Spirit Break|p1a: Floette
|-damage|p1a: Floette|2/100
|-unboost|p1a: Floette|spa|1
|
|upkeep
|turn|11
|
|t:|1785423387
|move|p1a: Floette|Dazzling Gleam|p2b: Grimmsnarl
|-supereffective|p2b: Grimmsnarl|1
|-damage|p2b: Grimmsnarl|0 fnt
|faint|p2b: Grimmsnarl
|
|win|Lorido
|raw|Lorido's rating: 1231 → 1248(+17 for winning)
|raw|reallove85tw's rating: 1121 → 1104(-17 for losing)
