|j|☆Zero_blazeVGC
|j|☆leonsunp
|html|Zero_blazeVGCleonsunp    
|uhtml|bestof|Game 2 of a best-of-3
|t:|1756680386
|gametype|doubles
|player|p1|Zero_blazeVGC|alder|1209
|player|p2|leonsunp|colress|1218
|gen|9
|tier|[Gen 9] VGC 2025 Reg H (Bo3)
|rated|
|rule|Species Clause: Limit one of each Pokémon
|rule|Item Clause: Limit 1 of each item
|clearpoke
|poke|p1|Rillaboom, L50, F|
|poke|p1|Dragonite, L50, M|
|poke|p1|Sneasler, L50, M|
|poke|p1|Ninetales-Alola, L50, M|
|poke|p1|Kingambit, L50, F|
|poke|p1|Magmar, L50, M|
|poke|p2|Sneasler, L50, M|
|poke|p2|Rillaboom, L50, M|
|poke|p2|Kingambit, L50, M|
|poke|p2|Salamence, L50, F|
|poke|p2|Volcarona, L50, F|
|poke|p2|Ninetales-Alola, L50, F|
|teampreview|4
|showteam|p1|Rillaboom||AssaultVest|GrassySurge|WoodHammer,GrassyGlide,HighHorsepower,FakeOut|||F|||50|,,,,,Fire]Dragonite||LoadedDice|Multiscale|Protect,ScaleShot,LowKick,Haze|||M|||50|,,,,,Fairy]Sneasler||WhiteHerb|Unburden|Protect,DireClaw,CloseCombat,Coaching|||M|||50|,,,,,Ghost]Ninetales-Alola||ChoiceSpecs|SnowWarning|Blizzard,IcyWind,Moonblast,FreezeDry|||M|||50|,,,,,Ghost]Kingambit||SafetyGoggles|Defiant|Protect,KowtowCleave,SuckerPunch,SwordsDance|||F|||50|,,,,,Dark]Magmar||Eviolite|VitalSpirit|Protect,FollowMe,Overheat,WillOWisp|||M|||50|,,,,,Dragon
|showteam|p2|Sneasler||WhiteHerb|Unburden|CloseCombat,DireClaw,Coaching,Protect|||M|||50|,,,,,Stellar]Rillaboom||AssaultVest|GrassySurge|WoodHammer,GrassyGlide,HighHorsepower,FakeOut|||M|||50|,,,,,Water]Kingambit||BlackGlasses|Defiant|KowtowCleave,SuckerPunch,SwordsDance,Protect|||M|||50|,,,,,Dark]Salamence||SafetyGoggles|Intimidate|DualWingbeat,DracoMeteor,Tailwind,Protect|||F|||50|,,,,,Fire]Volcarona||Leftovers|FlameBody|HeatWave,TeraBlast,QuiverDance,Protect|||F|||50|,,,,,Fairy]Ninetales-Alola||LightClay|SnowWarning|Encore,FreezeDry,AuroraVeil,Blizzard|||F|||50|,,,,,Ghost
|inactive|Battle timer is ON: inactive players will automatically lose when time's up. (requested by leonsunp)
|inactive|Zero_blazeVGC has 60 seconds left.
|inactive|leonsunp has 60 seconds left.
|inactive|Zero_blazeVGC has 30 seconds left.
|
|t:|1756680456
|teamsize|p1|4
|teamsize|p2|4
|start
|switch|p1a: Kingambling|Kingambit, L50, F, shiny|100/100
|switch|p1b: Noah's BFF|Sneasler, L50, M, shiny|100/100
|switch|p2a: Salamence|Salamence, L50, F|100/100
|switch|p2b: Volcarona|Volcarona, L50, F|100/100
|-ability|p2a: Salamence|Intimidate|boost
|-unboost|p1a: Kingambling|atk|1
|-ability|p1a: Kingambling|Defiant|boost
|-boost|p1a: Kingambling|atk|2
|-unboost|p1b: Noah's BFF|atk|1
|-enditem|p1b: Noah's BFF|White Herb
|-clearnegativeboost|p1b: Noah's BFF|[silent]
|turn|1
|inactive|Zero_blazeVGC has 30 seconds left.
|inactive|leonsunp has 30 seconds left.
|
|t:|1756680490
|move|p1b: Noah's BFF|Dire Claw|p2b: Volcarona
|-damage|p2b: Volcarona|63/100
|-status|p2b: Volcarona|psn
|move|p2a: Salamence|Dual Wingbeat|p1b: Noah's BFF|[miss]
|-miss|p2a: Salamence|p1b: Noah's BFF
|move|p2b: Volcarona|Heat Wave|p1a: Kingambling|[spread] p1a,p1b
|-supereffective|p1a: Kingambling
|-damage|p1a: Kingambling|37/100
|-damage|p1b: Noah's BFF|62/100
|move|p1a: Kingambling|Swords Dance|p1a: Kingambling
|-boost|p1a: Kingambling|atk|2
|
|-heal|p2b: Volcarona|69/100 psn|[from] item: Leftovers
|-damage|p2b: Volcarona|57/100 psn|[from] psn
|upkeep
|turn|2
|l|☆Zero_blazeVGC
|inactive|Zero_blazeVGC disconnected and has a minute to reconnect!
|player|p1|
|j|☆Zero_blazeVGC
|inactive|Zero_blazeVGC reconnected and has 35 seconds left.
|player|p1|Zero_blazeVGC|alder|
|inactive|Zero_blazeVGC has 30 seconds left.
|inactive|leonsunp has 30 seconds left.
|inactive|Zero_blazeVGC has 20 seconds left.
|inactive|Zero_blazeVGC has 15 seconds left.
|inactive|Zero_blazeVGC has 10 seconds left.
|inactive|Zero_blazeVGC has 5 seconds left.
|
|t:|1756680541
|move|p2b: Volcarona|Protect|p2b: Volcarona
|-singleturn|p2b: Volcarona|Protect
|move|p1a: Kingambling|Sucker Punch||[still]
|-fail|p1a: Kingambling
|move|p1b: Noah's BFF|Dire Claw|p2b: Volcarona
|-activate|p2b: Volcarona|move: Protect
|move|p2a: Salamence|Tailwind|p2a: Salamence
|-sidestart|p2: leonsunp|move: Tailwind
|
|-heal|p2b: Volcarona|63/100 psn|[from] item: Leftovers
|-damage|p2b: Volcarona|50/100 psn|[from] psn
|upkeep
|turn|3
|
|t:|1756680560
|move|p1b: Noah's BFF|Protect|p1b: Noah's BFF
|-singleturn|p1b: Noah's BFF|Protect
|move|p1a: Kingambling|Protect|p1a: Kingambling
|-singleturn|p1a: Kingambling|Protect
|move|p2a: Salamence|Draco Meteor|p1a: Kingambling
|-activate|p1a: Kingambling|move: Protect
|move|p2b: Volcarona|Heat Wave|p1b: Noah's BFF|[spread] 
|-activate|p1a: Kingambling|move: Protect
|-activate|p1b: Noah's BFF|move: Protect
|
|-heal|p2b: Volcarona|57/100 psn|[from] item: Leftovers
|-damage|p2b: Volcarona|44/100 psn|[from] psn
|upkeep
|turn|4
|inactive|Zero_blazeVGC has 30 seconds left.
|
|t:|1756680587
|switch|p2b: Ninetales|Ninetales-Alola, L50, F|100/100
|-weather|Snowscape|[from] ability: Snow Warning|[of] p2b: Ninetales
|move|p1a: Kingambling|Sucker Punch||[still]
|-fail|p1a: Kingambling
|move|p1b: Noah's BFF|Dire Claw|p2a: Salamence
|-damage|p2a: Salamence|56/100
|move|p2a: Salamence|Draco Meteor|p1a: Kingambling
|-resisted|p1a: Kingambling
|-damage|p1a: Kingambling|14/100
|-unboost|p2a: Salamence|spa|2
|
|-weather|Snowscape|[upkeep]
|upkeep
|turn|5
|inactive|Zero_blazeVGC has 30 seconds left.
|inactive|leonsunp has 30 seconds left.
|inactive|leonsunp has 20 seconds left.
|
|t:|1756680622
|switch|p1b: Mogmar|Magmar, L50, M, shiny|100/100
|move|p1a: Kingambling|Protect|p1a: Kingambling
|-singleturn|p1a: Kingambling|Protect
|move|p2b: Ninetales|Aurora Veil|p2b: Ninetales
|-sidestart|p2: leonsunp|move: Aurora Veil
|move|p2a: Salamence|Dual Wingbeat|p1b: Mogmar
|-damage|p1b: Mogmar|83/100
|-damage|p1b: Mogmar|64/100
|-hitcount|p1b: Mogmar|2
|
|-weather|Snowscape|[upkeep]
|-sideend|p2: leonsunp|move: Tailwind
|upkeep
|turn|6
|inactive|Zero_blazeVGC has 30 seconds left.
|inactive|leonsunp has 30 seconds left.
|inactive|Zero_blazeVGC has 20 seconds left.
|inactive|Zero_blazeVGC has 15 seconds left.
|
|t:|1756680664
|switch|p2a: Volcarona|Volcarona, L50, F|44/100 psn
|move|p1a: Kingambling|Sucker Punch|p2b: Ninetales
|-resisted|p2b: Ninetales
|-damage|p2b: Ninetales|76/100
|move|p2b: Ninetales|Blizzard|p1a: Kingambling|[spread] p1a,p1b
|-resisted|p1a: Kingambling
|-resisted|p1b: Mogmar
|-damage|p1a: Kingambling|4/100
|-damage|p1b: Mogmar|54/100
|-status|p1b: Mogmar|frz
|cant|p1b: Mogmar|frz
|
|-weather|Snowscape|[upkeep]
|-heal|p2a: Volcarona|50/100 psn|[from] item: Leftovers
|-damage|p2a: Volcarona|38/100 psn|[from] psn
|upkeep
|turn|7
|inactive|Zero_blazeVGC has 30 seconds left.
|inactive|Zero_blazeVGC has 20 seconds left.
|
|t:|1756680699
|move|p1a: Kingambling|Protect|p1a: Kingambling
|-singleturn|p1a: Kingambling|Protect
|move|p2b: Ninetales|Blizzard|p1b: Mogmar|[spread] p1b
|-activate|p1a: Kingambling|move: Protect
|-resisted|p1b: Mogmar
|-damage|p1b: Mogmar|44/100 frz
|move|p2a: Volcarona|Quiver Dance|p2a: Volcarona
|-boost|p2a: Volcarona|spa|1
|-boost|p2a: Volcarona|spd|1
|-boost|p2a: Volcarona|spe|1
|cant|p1b: Mogmar|frz
|
|-weather|Snowscape|[upkeep]
|-heal|p2a: Volcarona|44/100 psn|[from] item: Leftovers
|-damage|p2a: Volcarona|32/100 psn|[from] psn
|upkeep
|turn|8
|inactive|Zero_blazeVGC has 30 seconds left.
|inactive|Zero_blazeVGC has 20 seconds left.
|
|t:|1756680735
|-terastallize|p1a: Kingambling|Dark
|move|p1a: Kingambling|Sucker Punch|p2b: Ninetales
|-resisted|p2b: Ninetales
|-damage|p2b: Ninetales|38/100
|move|p2a: Volcarona|Heat Wave|p1a: Kingambling|[spread] p1a,p1b
|-resisted|p1b: Mogmar
|-damage|p1a: Kingambling|0 fnt
|-damage|p1b: Mogmar|25/100 frz
|-curestatus|p1b: Mogmar|frz|[msg]
|faint|p1a: Kingambling
|move|p2b: Ninetales|Blizzard|p1b: Mogmar
|-resisted|p1b: Mogmar
|-damage|p1b: Mogmar|13/100
|move|p1b: Mogmar|Overheat|p2a: Volcarona
|-damage|p2a: Volcarona|14/100 psn
|-unboost|p1b: Mogmar|spa|2
|
|-weather|none
|-heal|p2a: Volcarona|20/100 psn|[from] item: Leftovers
|-damage|p2a: Volcarona|7/100 psn|[from] psn
|upkeep
|
|t:|1756680755
|switch|p1a: Noah's BFF|Sneasler, L50, M, shiny|62/100
|turn|9
|inactive|Zero_blazeVGC has 30 seconds left.
|inactive|Zero_blazeVGC has 20 seconds left.
|
|t:|1756680791
|switch|p2b: Salamence|Salamence, L50, F|56/100
|-ability|p2b: Salamence|Intimidate|boost
|-unboost|p1a: Noah's BFF|atk|1
|-unboost|p1b: Mogmar|atk|1
|move|p1b: Mogmar|Follow Me|p1b: Mogmar
|-singleturn|p1b: Mogmar|move: Follow Me
|move|p2a: Volcarona|Heat Wave|p1b: Mogmar|[spread] p1a,p1b
|-resisted|p1b: Mogmar
|-damage|p1a: Noah's BFF|2/100
|-damage|p1b: Mogmar|0 fnt
|faint|p1b: Mogmar
|move|p1a: Noah's BFF|Dire Claw|p2a: Volcarona
|-damage|p2a: Volcarona|0 fnt
|faint|p2a: Volcarona
|
|upkeep
|
|t:|1756680805
|switch|p2a: Sneasler|Sneasler, L50, M|100/100
|switch|p1b: 90% = 50%|Dragonite, L50, M, shiny|100/100
|turn|10
|inactive|Zero_blazeVGC has 30 seconds left.
|
|t:|1756680832
|move|p1a: Noah's BFF|Protect|p1a: Noah's BFF
|-singleturn|p1a: Noah's BFF|Protect
|move|p2b: Salamence|Protect|p2b: Salamence
|-singleturn|p2b: Salamence|Protect
|move|p2a: Sneasler|Dire Claw|p1a: Noah's BFF
|-activate|p1a: Noah's BFF|move: Protect
|move|p1b: 90% = 50%|Scale Shot|p2b: Salamence
|-activate|p2b: Salamence|move: Protect
|
|upkeep
|turn|11
|inactive|Zero_blazeVGC has 30 seconds left.
|inactive|Zero_blazeVGC has 20 seconds left.
|inactive|Zero_blazeVGC has 15 seconds left.
|
|t:|1756680875
|move|p1a: Noah's BFF|Protect||[still]
|-fail|p1a: Noah's BFF
|move|p2a: Sneasler|Dire Claw|p1a: Noah's BFF
|-resisted|p1a: Noah's BFF
|-damage|p1a: Noah's BFF|0 fnt
|faint|p1a: Noah's BFF
|move|p2b: Salamence|Draco Meteor|p1b: 90% = 50%
|-supereffective|p1b: 90% = 50%
|-damage|p1b: 90% = 50%|50/100
|-unboost|p2b: Salamence|spa|2
|move|p1b: 90% = 50%|Scale Shot|p2b: Salamence
|-supereffective|p2b: Salamence
|-damage|p2b: Salamence|36/100
|-supereffective|p2b: Salamence
|-damage|p2b: Salamence|16/100
|-supereffective|p2b: Salamence
|-damage|p2b: Salamence|0 fnt
|faint|p2b: Salamence
|-hitcount|p2: Salamence|3
|-unboost|p1b: 90% = 50%|def|1
|-boost|p1b: 90% = 50%|spe|1
|
|upkeep
|
|t:|1756680893
|switch|p2b: Ninetales|Ninetales-Alola, L50, F|38/100
|-weather|Snowscape|[from] ability: Snow Warning|[of] p2b: Ninetales
|turn|12
|-message|Zero_blazeVGC forfeited.
|
|win|leonsunp
|raw|Zero_blazeVGC's rating: 1209 → 1185(-24 for losing)
|raw|leonsunp's rating: 1218 → 1242(+24 for winning)
