|j|☆rafe_model_k
|j|☆tfhsirbhuv
|html|rafe_model_ktfhsirbhuv    
|uhtml|bestof|Game 2 of a best-of-3
|t:|1757839171
|gametype|doubles
|player|p1|rafe_model_k|1|1057
|player|p2|tfhsirbhuv|gentleman-gen4|1070
|gen|9
|tier|[Gen 9] VGC 2025 Reg H (Bo3)
|rated|
|rule|Species Clause: Limit one of each Pokémon
|rule|Item Clause: Limit 1 of each item
|clearpoke
|poke|p1|Corviknight, L50, F|
|poke|p1|Gholdengo, L50|
|poke|p1|Tyranitar, L50, F|
|poke|p1|Amoonguss, L50, F|
|poke|p1|Primarina, L50, F|
|poke|p1|Excadrill, L50, M|
|poke|p2|Weavile, L50, F|
|poke|p2|Annihilape, L50, F|
|poke|p2|Gholdengo, L50|
|poke|p2|Rillaboom, L50, F|
|poke|p2|Talonflame, L50, F|
|poke|p2|Ursaluna-Bloodmoon, L50, M|
|teampreview|4
|showteam|p1|Corviknight||RockyHelmet|MirrorArmor|BraveBird,Taunt,Tailwind,Roost|||F|||50|,,,,,Dragon]Gholdengo||LifeOrb|GoodasGold|MakeItRain,ShadowBall,NastyPlot,Protect||||||50|,,,,,Steel]Tyranitar||AssaultVest|SandStream|RockSlide,KnockOff,LowKick,TeraBlast|||F|||50|,,,,,Flying]Amoonguss||CovertCloak|Regenerator|Spore,RagePowder,Protect,SludgeBomb|||F|||50|,,,,,Water]Primarina||SitrusBerry|LiquidVoice|HyperVoice,Moonblast,Haze,Protect|||F|||50|,,,,,Grass]Excadrill||FocusSash|SandRush|HighHorsepower,Earthquake,IronHead,Protect|||M|||50|,,,,,Stellar
|showteam|p2|Weavile||FocusSash|Pickpocket|TripleAxel,KnockOff,IceShard,FakeOut|||F|||50|,,,,,Ghost]Annihilape||SafetyGoggles|Defiant|DrainPunch,RageFist,BulkUp,Protect|||F|||50|,,,,,Fire]Gholdengo||LifeOrb|GoodasGold|MakeItRain,ShadowBall,NastyPlot,Protect||||||50|,,,,,Dragon]Rillaboom||MiracleSeed|GrassySurge|WoodHammer,GrassyGlide,Uturn,FakeOut|||F|||50|,,,,,Fire]Talonflame||CovertCloak|GaleWings|BraveBird,Tailwind,Taunt,WillOWisp|||F|||50|,,,,,Dark]Ursaluna-Bloodmoon||AssaultVest|MindsEye|HyperVoice,BloodMoon,EarthPower,VacuumWave|||M|||50|,,,,,Normal
|
|t:|1757839268
|teamsize|p1|4
|teamsize|p2|4
|start
|switch|p1a: Corviknight|Corviknight, L50, F|100/100
|switch|p1b: Primarina|Primarina, L50, F|100/100
|switch|p2a: Gholdengo|Gholdengo, L50|100/100
|switch|p2b: Rillaboom|Rillaboom, L50, F|100/100
|-fieldstart|move: Grassy Terrain|[from] ability: Grassy Surge|[of] p2b: Rillaboom
|turn|1
|
|t:|1757839296
|move|p1b: Primarina|Protect|p1b: Primarina
|-singleturn|p1b: Primarina|Protect
|move|p2b: Rillaboom|Fake Out|p1b: Primarina
|-activate|p1b: Primarina|move: Protect
|move|p2a: Gholdengo|Nasty Plot|p2a: Gholdengo
|-boost|p2a: Gholdengo|spa|2
|move|p1a: Corviknight|Tailwind|p1a: Corviknight
|-sidestart|p1: rafe_model_k|move: Tailwind
|
|upkeep
|turn|2
|
|t:|1757839316
|move|p2b: Rillaboom|Grassy Glide|p1b: Primarina
|-supereffective|p1b: Primarina
|-damage|p1b: Primarina|0 fnt
|faint|p1b: Primarina
|move|p1a: Corviknight|Brave Bird|p2b: Rillaboom
|-supereffective|p2b: Rillaboom
|-damage|p2b: Rillaboom|16/100
|-damage|p1a: Corviknight|73/100|[from] Recoil
|move|p2a: Gholdengo|Shadow Ball|p1a: Corviknight
|-damage|p1a: Corviknight|0 fnt
|faint|p1a: Corviknight
|-damage|p2a: Gholdengo|91/100|[from] item: Life Orb
|
|-heal|p2a: Gholdengo|97/100|[from] Grassy Terrain
|-heal|p2b: Rillaboom|22/100|[from] Grassy Terrain
|upkeep
|
|t:|1757839324
|switch|p1b: Excadrill|Excadrill, L50, M|100/100
|switch|p1a: Tyranitar|Tyranitar, L50, F|100/100
|-weather|Sandstorm|[from] ability: Sand Stream|[of] p1a: Tyranitar
|turn|3
|
|t:|1757839361
|-terastallize|p1a: Tyranitar|Flying
|move|p2a: Gholdengo|Protect|p2a: Gholdengo
|-singleturn|p2a: Gholdengo|Protect
|move|p1b: Excadrill|High Horsepower|p2a: Gholdengo
|-activate|p2a: Gholdengo|move: Protect
|move|p1a: Tyranitar|Rock Slide|p2b: Rillaboom|[spread] p2b
|-activate|p2a: Gholdengo|move: Protect
|-damage|p2b: Rillaboom|0 fnt
|faint|p2b: Rillaboom
|
|-weather|Sandstorm|[upkeep]
|-damage|p1a: Tyranitar|94/100|[from] Sandstorm
|-heal|p2a: Gholdengo|100/100|[from] Grassy Terrain
|upkeep
|
|t:|1757839377
|switch|p2b: Talonflame|Talonflame, L50, F|100/100
|turn|4
|
|t:|1757839414
|-terastallize|p2a: Gholdengo|Dragon
|move|p2b: Talonflame|Tailwind|p2b: Talonflame
|-sidestart|p2: tfhsirbhuv|move: Tailwind
|move|p1b: Excadrill|High Horsepower|p2a: Gholdengo
|-damage|p2a: Gholdengo|46/100
|move|p2a: Gholdengo|Make It Rain|p1a: Tyranitar|[spread] p1a,p1b
|-resisted|p1b: Excadrill
|-damage|p1a: Tyranitar|23/100
|-damage|p1b: Excadrill|15/100
|-unboost|p2a: Gholdengo|spa|1
|-damage|p2a: Gholdengo|37/100|[from] item: Life Orb
|move|p1a: Tyranitar|Rock Slide|p2b: Talonflame|[spread] p2a,p2b
|-supereffective|p2b: Talonflame
|-damage|p2a: Gholdengo|5/100
|-damage|p2b: Talonflame|0 fnt
|faint|p2b: Talonflame
|
|-weather|Sandstorm|[upkeep]
|-damage|p2a: Gholdengo|0 fnt|[from] Sandstorm
|-damage|p1a: Tyranitar|17/100|[from] Sandstorm
|faint|p2a: Gholdengo
|-heal|p1b: Excadrill|20/100|[from] Grassy Terrain
|-sideend|p1: rafe_model_k|move: Tailwind
|upkeep
|
|t:|1757839445
|switch|p2b: Ursaluna|Ursaluna-Bloodmoon, L50, M|100/100
|turn|5
|
|t:|1757839463
|move|p1b: Excadrill|Iron Head|p2b: Ursaluna
|-damage|p2b: Ursaluna|65/100
|move|p2b: Ursaluna|Hyper Voice|p1a: Tyranitar|[spread] p1a,p1b
|-resisted|p1b: Excadrill
|-crit|p1b: Excadrill
|-damage|p1a: Tyranitar|0 fnt
|-damage|p1b: Excadrill|0 fnt
|faint|p1a: Tyranitar
|faint|p1b: Excadrill
|
|win|tfhsirbhuv
||tfhsirbhuv is ready for game 3.
|inactive|rafe_model_k has 30 seconds to confirm battle start!
|inactive|rafe_model_k has 20 seconds to confirm battle start!
|inactive|rafe_model_k has 10 seconds to confirm battle start!
|uhtml|next|Next: Game 3 of 3
