|j|☆dawnenen
|j|☆brutalandathebozz
|html|dawnenenbrutalandathebozz    
|uhtml|bestof|Game 2 of a best-of-3
|t:|1783251908
|gametype|doubles
|player|p1|dawnenen|galacticgruntf|1086
|player|p2|brutalandathebozz|265|1056
|gen|9
|tier|[Gen 9 Champions] VGC 2026 Reg M-B (Bo3)
|rated|
|rule|Species Clause: Limit one of each Pokémon
|rule|Item Clause: Limit 1 of each item
|clearpoke
|poke|p1|Incineroar, L50, M|
|poke|p1|Sneasler, L50, M|
|poke|p1|Garchomp, L50, M|
|poke|p1|Sinistcha, L50|
|poke|p1|Kingambit, L50, F|
|poke|p1|Floette-Eternal, L50, F|
|poke|p2|Pelipper, L50, M|
|poke|p2|Archaludon, L50, M|
|poke|p2|Sableye, L50, F|
|poke|p2|Swampert, L50, M|
|poke|p2|Incineroar, L50, M|
|poke|p2|Venusaur, L50, M|
|teampreview|4
|showteam|p1|Incineroar||Charcoal|Intimidate|FakeOut,PartingShot,FlareBlitz,DarkestLariat|Adamant||M|||50|]Sneasler||FocusSash|PoisonTouch|FakeOut,Coaching,PoisonJab,CloseCombat|Jolly||M|||50|]Garchomp||LifeOrb|RoughSkin|Earthquake,DragonClaw,RockSlide,Protect|Adamant||M|||50|]Sinistcha||OccaBerry|Hospitality|RagePowder,TrickRoom,MatchaGotcha,LifeDew|Bold|||||50|]Kingambit||ChopleBerry|Defiant|Protect,KowtowCleave,SuckerPunch,SwordsDance|Adamant||F|||50|]Floette-Eternal||Floettite|FlowerVeil|Protect,CalmMind,Moonblast,DrainingKiss|Modest||F|||50|
|showteam|p2|Pelipper||LifeOrb|Drizzle|Hurricane,WeatherBall,Tailwind,Protect|Timid||M|||50|]Archaludon||Leftovers|Stamina|ElectroShot,FlashCannon,DracoMeteor,Protect|Modest||M|||50|]Sableye||LightClay|Prankster|FoulPlay,Reflect,LightScreen,RainDance|Careful||F|||50|]Swampert||Swampertite|Torrent|WaveCrash,KnockOff,HighHorsepower,Protect|Adamant||M|||50|]Incineroar||SitrusBerry|Intimidate|PartingShot,ThroatChop,FlareBlitz,FakeOut|Impish||M|||50|]Venusaur||Venusaurite|Chlorophyll|SludgeBomb,GigaDrain,EarthPower,Protect|Modest||M|||50|
|inactive|Battle timer is ON: inactive players will automatically lose when time's up. (requested by dawnenen)
|inactive|brutalandathebozz has 60 seconds left.
|inactive|brutalandathebozz has 30 seconds left.
|
|t:|1783251974
|teamsize|p1|4
|teamsize|p2|4
|start
|switch|p1a: Incineroar|Incineroar, L50, M|100/100
|switch|p1b: Floette|Floette-Eternal, L50, F|100/100
|switch|p2a: Venusaur|Venusaur, L50, M|100/100
|switch|p2b: Pelipper|Pelipper, L50, M|100/100
|-weather|RainDance|[from] ability: Drizzle|[of] p2b: Pelipper
|-ability|p1a: Incineroar|Intimidate|boost
|-unboost|p2a: Venusaur|atk|1
|-unboost|p2b: Pelipper|atk|1
|turn|1
|
|t:|1783251994
|detailschange|p1b: Floette|Floette-Mega, L50, F
|-mega|p1b: Floette|Floette|Floettite
|-ability|p1b: Floette|Fairy Aura
|detailschange|p2a: Venusaur|Venusaur-Mega, L50, M
|-mega|p2a: Venusaur|Venusaur|Venusaurite
|move|p1a: Incineroar|Fake Out|p2b: Pelipper
|-damage|p2b: Pelipper|83/100
|move|p1b: Floette|Calm Mind|p1b: Floette
|-boost|p1b: Floette|spa|1
|-boost|p1b: Floette|spd|1
|cant|p2b: Pelipper|flinch
|move|p2a: Venusaur|Sludge Bomb|p1b: Floette
|-supereffective|p1b: Floette|1
|-damage|p1b: Floette|55/100
|
|-weather|RainDance|[upkeep]
|upkeep
|turn|2
|
|t:|1783252012
|move|p1b: Floette|Protect|p1b: Floette
|-singleturn|p1b: Floette|Protect
|move|p2b: Pelipper|Tailwind|p2b: Pelipper
|-sidestart|p2: brutalandathebozz|move: Tailwind
|move|p2a: Venusaur|Earth Power|p1a: Incineroar
|-supereffective|p1a: Incineroar|1
|-damage|p1a: Incineroar|37/100
|move|p1a: Incineroar|Parting Shot|p2a: Venusaur
|-unboost|p2a: Venusaur|atk|1
|-unboost|p2a: Venusaur|spa|1
|
|t:|1783252022
|switch|p1a: Sinistcha|Sinistcha, L50|100/100|[from] Parting Shot
|-heal|p1b: Floette|80/100|[from] ability: Hospitality|[of] p1a: Sinistcha
|
|-weather|RainDance|[upkeep]
|upkeep
|turn|3
|
|t:|1783252036
|move|p2b: Pelipper|Hurricane|p1a: Sinistcha
|-supereffective|p1a: Sinistcha|1
|-damage|p1a: Sinistcha|0 fnt
|faint|p1a: Sinistcha
|-damage|p2b: Pelipper|73/100|[from] item: Life Orb
|move|p2a: Venusaur|Sludge Bomb|p1b: Floette
|-supereffective|p1b: Floette|1
|-damage|p1b: Floette|48/100
|-status|p1b: Floette|psn
|move|p1b: Floette|Moonblast|p2a: Venusaur
|-resisted|p2a: Venusaur|1
|-damage|p2a: Venusaur|60/100
|
|-weather|RainDance|[upkeep]
|-damage|p1b: Floette|36/100 psn|[from] psn
|upkeep
|
|t:|1783252053
|switch|p1a: Incineroar|Incineroar, L50, M|37/100
|-ability|p1a: Incineroar|Intimidate|boost
|-unboost|p2a: Venusaur|atk|1
|-unboost|p2b: Pelipper|atk|1
|turn|4
|
|t:|1783252063
|move|p1a: Incineroar|Fake Out|p2a: Venusaur
|-damage|p2a: Venusaur|49/100
|move|p2b: Pelipper|Weather Ball|p1b: Floette
|-damage|p1b: Floette|2/100 psn
|-damage|p2b: Pelipper|64/100|[from] item: Life Orb
|cant|p2a: Venusaur|flinch
|move|p1b: Floette|Draining Kiss|p2b: Pelipper
|-damage|p2b: Pelipper|0 fnt
|-heal|p1b: Floette|46/100 psn|[from] drain|[of] p2b: Pelipper
|faint|p2b: Pelipper
|
|-weather|RainDance|[upkeep]
|-damage|p1b: Floette|34/100 psn|[from] psn
|upkeep
|
|t:|1783252085
|switch|p2b: Archaludon|Archaludon, L50, M|100/100
|turn|5
|
|t:|1783252095
|switch|p2a: Incineroar|Incineroar, L50, M|100/100
|-ability|p2a: Incineroar|Intimidate|boost
|-unboost|p1a: Incineroar|atk|1
|-unboost|p1b: Floette|atk|1
|switch|p1a: Garchomp|Garchomp, L50, M|100/100
|move|p1b: Floette|Protect|p1b: Floette
|-singleturn|p1b: Floette|Protect
|move|p2b: Archaludon|Electro Shot||[still]
|-prepare|p2b: Archaludon|Electro Shot
|-boost|p2b: Archaludon|spa|1
|-anim|p2b: Archaludon|Electro Shot|p1a: Garchomp
|-immune|p1a: Garchomp
|
|-weather|none
|-damage|p1b: Floette|22/100 psn|[from] psn
|-sideend|p2: brutalandathebozz|move: Tailwind
|upkeep
|turn|6
|inactive|dawnenen has 30 seconds left.
|inactive|brutalandathebozz has 30 seconds left.
|
|t:|1783252127
|switch|p2a: Venusaur|Venusaur-Mega, L50, M|49/100
|move|p1a: Garchomp|Rock Slide|p2b: Archaludon|[spread] p2a,p2b
|-resisted|p2b: Archaludon|1
|-damage|p2a: Venusaur|28/100
|-damage|p2b: Archaludon|90/100
|-ability|p2b: Archaludon|Stamina|boost
|-boost|p2b: Archaludon|def|1
|-damage|p1a: Garchomp|90/100|[from] item: Life Orb
|move|p1b: Floette|Moonblast|p2b: Archaludon
|-damage|p2b: Archaludon|0 fnt
|faint|p2b: Archaludon
|
|-damage|p1b: Floette|10/100 psn|[from] psn
|upkeep
|
|t:|1783252133
|switch|p2b: Incineroar|Incineroar, L50, M|100/100
|-ability|p2b: Incineroar|Intimidate|boost
|-unboost|p1a: Garchomp|atk|1
|-unboost|p1b: Floette|atk|1
|turn|7
|inactive|dawnenen has 30 seconds left.
|
|t:|1783252165
|switch|p1a: Incineroar|Incineroar, L50, M|37/100
|-ability|p1a: Incineroar|Intimidate|boost
|-unboost|p2a: Venusaur|atk|1
|-unboost|p2b: Incineroar|atk|1
|move|p2b: Incineroar|Fake Out|p1b: Floette
|-damage|p1b: Floette|2/100 psn
|cant|p1b: Floette|flinch
|move|p2a: Venusaur|Giga Drain|p1a: Incineroar
|-resisted|p1a: Incineroar|1
|-damage|p1a: Incineroar|18/100
|-heal|p2a: Venusaur|39/100|[from] drain|[of] p1a: Incineroar
|
|-damage|p1b: Floette|0 fnt|[from] psn
|faint|p1b: Floette
|upkeep
|
|t:|1783252179
|switch|p1b: Garchomp|Garchomp, L50, M|90/100
|turn|8
|
|t:|1783252196
|move|p2a: Venusaur|Protect|p2a: Venusaur
|-singleturn|p2a: Venusaur|Protect
|move|p1a: Incineroar|Fake Out|p2a: Venusaur
|-activate|p2a: Venusaur|move: Protect
|move|p1b: Garchomp|Rock Slide|p2a: Venusaur|[spread] p2b
|-activate|p2a: Venusaur|move: Protect
|-supereffective|p2b: Incineroar|1
|-damage|p2b: Incineroar|57/100
|-damage|p1b: Garchomp|80/100|[from] item: Life Orb
|move|p2b: Incineroar|Throat Chop|p1a: Incineroar
|-resisted|p1a: Incineroar|1
|-damage|p1a: Incineroar|7/100
|-start|p1a: Incineroar|Throat Chop|[silent]
|
|upkeep
|turn|9
|inactive|dawnenen has 30 seconds left.
|inactive|brutalandathebozz has 30 seconds left.
|
|t:|1783252224
|move|p1b: Garchomp|Protect|p1b: Garchomp
|-singleturn|p1b: Garchomp|Protect
|move|p2a: Venusaur|Giga Drain|p1b: Garchomp
|-activate|p1b: Garchomp|move: Protect
|move|p2b: Incineroar|Flare Blitz|p1a: Incineroar
|-resisted|p1a: Incineroar|1
|-damage|p1a: Incineroar|0 fnt
|faint|p1a: Incineroar
|-damage|p2b: Incineroar|54/100|[from] Recoil
|
|upkeep
|turn|10
|
|t:|1783252235
|move|p1b: Garchomp|Earthquake|p2a: Venusaur|[spread] p2a,p2b
|-supereffective|p2b: Incineroar|1
|-damage|p2a: Venusaur|0 fnt
|-damage|p2b: Incineroar|0 fnt
|faint|p2a: Venusaur
|faint|p2b: Incineroar
|-damage|p1b: Garchomp|70/100|[from] item: Life Orb
|
|win|dawnenen
||brutalandathebozz is ready for game 3.
||dawnenen is ready for game 3.
|uhtml|next|Next: Game 3 of 3
|l|☆dawnenen
|player|p1|
