|j|☆hackervgc
|j|☆I am the Sweeper
|html|hackervgcI am the Sweeper    
|uhtml|bestof|Game 2 of a best-of-3
|t:|1756463131
|gametype|doubles
|player|p1|hackervgc|1|
|player|p2|I am the Sweeper|janitor|
|gen|9
|tier|[Gen 9] VGC 2025 Reg H (Bo3)
|rule|Species Clause: Limit one of each Pokémon
|rule|Item Clause: Limit 1 of each item
|clearpoke
|poke|p1|Sneasler, L50, M|
|poke|p1|Magmar, L50, M|
|poke|p1|Dragonite, L50, F|
|poke|p1|Kingambit, L50, F|
|poke|p1|Ursaluna-Bloodmoon, L50, M|
|poke|p1|Farigiraf, L50, M|
|poke|p2|Garganacl, L50, F|
|poke|p2|Dondozo, L50, F|
|poke|p2|Sneasler, L50, F|
|poke|p2|Gholdengo, L50|
|poke|p2|Ninetales-Alola, L50, F|
|poke|p2|Incineroar, L50, F|
|teampreview|4
|showteam|p1|Sneasler||FocusSash|Unburden|CloseCombat,ThroatChop,DireClaw,Protect|||M|||50|,,,,,Stellar]Magmar||Eviolite|VitalSpirit|Flamethrower,WillOWisp,Protect,FollowMe|||M|||50|,,,,,Grass]Dragonite||LoadedDice|Multiscale|ScaleShot,Protect,Haze,Tailwind|||F|||50|,,,,,Fairy]Kingambit||BlackGlasses|Defiant|KowtowCleave,SuckerPunch,Protect,SwordsDance|||F|||50|,,,,,Dark]Ursaluna-Bloodmoon||LifeOrb|MindsEye|BloodMoon,HyperVoice,EarthPower,Protect|||M|||50|,,,,,Normal]Farigiraf||SitrusBerry|ArmorTail|TrickRoom,HelpingHand,Psychic,Protect|||M|||50|,,,,,Water
|showteam|p2|Garganacl||MarangaBerry|PurifyingSalt|SaltCure,StealthRock,Protect,Recover|||F|||50|,,,,,Flying]Dondozo||Leftovers|Unaware|Liquidation,Yawn,Curse,Protect|||F|||50|,,,,,Poison]Sneasler||FocusSash|PoisonTouch|DireClaw,CloseCombat,Coaching,Protect|||F|||50|,,,,,Ghost]Gholdengo||ChoiceScarf|GoodasGold|MakeItRain,ShadowBall,Trick,PowerGem||||||50|,,,,,Steel]Ninetales-Alola||NeverMeltIce|SnowWarning|Blizzard,FreezeDry,Protect,AuroraVeil|||F|||50|,,,,,Ice]Incineroar||AssaultVest|Intimidate|FlareBlitz,KnockOff,FakeOut,DrainPunch|||F|||50|,,,,,Grass
|
|t:|1756463177
|teamsize|p1|4
|teamsize|p2|4
|start
|switch|p1a: Ursaluna|Ursaluna-Bloodmoon, L50, M|100/100
|switch|p1b: Magmar|Magmar, L50, M|100/100
|switch|p2a: Garganacl|Garganacl, L50, F|100/100
|switch|p2b: Gholdengo|Gholdengo, L50|100/100
|turn|1
|
|t:|1756463247
|switch|p2b: Incineroar|Incineroar, L50, F|100/100
|-ability|p2b: Incineroar|Intimidate|boost
|-unboost|p1a: Ursaluna|atk|1
|-unboost|p1b: Magmar|atk|1
|move|p1b: Magmar|Protect|p1b: Magmar
|-singleturn|p1b: Magmar|Protect
|move|p1a: Ursaluna|Earth Power|p2b: Incineroar
|-supereffective|p2b: Incineroar
|-damage|p2b: Incineroar|6/100
|-damage|p1a: Ursaluna|90/100|[from] item: Life Orb
|move|p2a: Garganacl|Salt Cure|p1a: Ursaluna
|-resisted|p1a: Ursaluna
|-damage|p1a: Ursaluna|85/100
|-start|p1a: Ursaluna|Salt Cure
|
|-damage|p1a: Ursaluna|73/100|[from] Salt Cure
|upkeep
|turn|2
|
|t:|1756463271
|switch|p1a: Sneasler|Sneasler, L50, M|100/100
|move|p2b: Incineroar|Fake Out|p1a: Sneasler
|-damage|p1a: Sneasler|80/100
|move|p1b: Magmar|Flamethrower|p2b: Incineroar
|-resisted|p2b: Incineroar
|-damage|p2b: Incineroar|0 fnt
|faint|p2b: Incineroar
|move|p2a: Garganacl|Salt Cure|p1b: Magmar
|-supereffective|p1b: Magmar
|-damage|p1b: Magmar|78/100
|-start|p1b: Magmar|Salt Cure
|
|-damage|p1b: Magmar|66/100|[from] Salt Cure
|upkeep
|
|t:|1756463287
|switch|p2b: Gholdengo|Gholdengo, L50|100/100
|turn|3
|
|t:|1756463308
|-terastallize|p1a: Sneasler|Stellar
|-terastallize|p2a: Garganacl|Flying
|move|p2b: Gholdengo|Make It Rain|p1b: Magmar|[spread] p1a,p1b
|-resisted|p1b: Magmar
|-damage|p1a: Sneasler|22/100
|-damage|p1b: Magmar|51/100
|-unboost|p2b: Gholdengo|spa|1
|move|p1a: Sneasler|Throat Chop|p2b: Gholdengo
|-supereffective|p2b: Gholdengo
|-damage|p2b: Gholdengo|21/100
|-start|p2b: Gholdengo|Throat Chop|[silent]
|move|p1b: Magmar|Flamethrower|p2b: Gholdengo
|-supereffective|p2b: Gholdengo
|-damage|p2b: Gholdengo|0 fnt
|faint|p2b: Gholdengo
|move|p2a: Garganacl|Stealth Rock|p1b: Magmar
|-sidestart|p1: hackervgc|move: Stealth Rock
|
|-damage|p1b: Magmar|39/100|[from] Salt Cure
|upkeep
|
|t:|1756463324
|switch|p2b: Sneasler|Sneasler, L50, F|100/100
|turn|4
|
|t:|1756463341
|move|p1b: Magmar|Follow Me|p1b: Magmar
|-singleturn|p1b: Magmar|move: Follow Me
|move|p1a: Sneasler|Close Combat|p2b: Sneasler
|-resisted|p2b: Sneasler
|-damage|p2b: Sneasler|31/100
|-unboost|p1a: Sneasler|def|1
|-unboost|p1a: Sneasler|spd|1
|move|p2b: Sneasler|Dire Claw|p1b: Magmar
|-damage|p1b: Magmar|6/100
|-status|p1b: Magmar|par
|move|p2a: Garganacl|Salt Cure|p1b: Magmar
|-supereffective|p1b: Magmar
|-damage|p1b: Magmar|0 fnt
|faint|p1b: Magmar
|
|upkeep
|
|t:|1756463355
|switch|p1b: Dragonite|Dragonite, L50, F|100/100
|-damage|p1b: Dragonite|76/100|[from] Stealth Rock
|turn|5
|
|t:|1756463367
|move|p1b: Dragonite|Protect|p1b: Dragonite
|-singleturn|p1b: Dragonite|Protect
|move|p2b: Sneasler|Dire Claw|p1b: Dragonite
|-activate|p1b: Dragonite|move: Protect
|move|p1a: Sneasler|Close Combat|p2b: Sneasler
|-resisted|p2b: Sneasler
|-damage|p2b: Sneasler|0 fnt
|-unboost|p1a: Sneasler|def|1
|-unboost|p1a: Sneasler|spd|1
|faint|p2b: Sneasler
|move|p2a: Garganacl|Salt Cure|p1b: Dragonite
|-activate|p1b: Dragonite|move: Protect
|
|upkeep
|turn|6
|
|t:|1756463381
|switch|p1a: Ursaluna|Ursaluna-Bloodmoon, L50, M|73/100
|-damage|p1a: Ursaluna|67/100|[from] Stealth Rock
|move|p1b: Dragonite|Scale Shot|p2a: Garganacl
|-damage|p2a: Garganacl|91/100
|-damage|p2a: Garganacl|82/100
|-damage|p2a: Garganacl|73/100
|-damage|p2a: Garganacl|63/100
|-hitcount|p2a: Garganacl|4
|-unboost|p1b: Dragonite|def|1
|-boost|p1b: Dragonite|spe|1
|move|p2a: Garganacl|Salt Cure|p1b: Dragonite
|-supereffective|p1b: Dragonite
|-damage|p1b: Dragonite|27/100
|-start|p1b: Dragonite|Salt Cure
|
|-damage|p1b: Dragonite|15/100|[from] Salt Cure
|upkeep
|turn|7
|
|t:|1756463410
|move|p1b: Dragonite|Scale Shot|p2a: Garganacl
|-damage|p2a: Garganacl|54/100
|-damage|p2a: Garganacl|44/100
|-damage|p2a: Garganacl|34/100
|-damage|p2a: Garganacl|24/100
|-damage|p2a: Garganacl|14/100
|-hitcount|p2a: Garganacl|5
|-unboost|p1b: Dragonite|def|1
|-boost|p1b: Dragonite|spe|1
|move|p1a: Ursaluna|Hyper Voice|p2a: Garganacl
|-damage|p2a: Garganacl|0 fnt
|faint|p2a: Garganacl
|-damage|p1a: Ursaluna|57/100|[from] item: Life Orb
|
|win|hackervgc
||I am the Sweeper is ready for game 3.
||hackervgc is ready for game 3.
|uhtml|next|Next: Game 3 of 3
