|j|☆Fujin_20260416
|j|☆zeedra
|html|Fujin_20260416zeedra    
|uhtml|bestof|Game 1 of a best-of-3
|t:|1783901614
|gametype|doubles
|player|p1|Fujin_20260416|101|
|player|p2|zeedra|2|
|gen|9
|tier|[Gen 9 Champions] VGC 2026 Reg M-B (Bo3)
|rule|Species Clause: Limit one of each Pokémon
|rule|Item Clause: Limit 1 of each item
|clearpoke
|poke|p1|Floette-Eternal, L50, F|
|poke|p1|Charizard, L50, F|
|poke|p1|Kingambit, L50, M|
|poke|p1|Whimsicott, L50, F|
|poke|p1|Basculegion, L50, M|
|poke|p1|Garchomp, L50, F|
|poke|p2|Floette-Eternal, L50, F|
|poke|p2|Weavile, L50, M|
|poke|p2|Sneasler, L50, F|
|poke|p2|Rotom-Wash, L50|
|poke|p2|Whimsicott, L50, F|
|poke|p2|Basculegion, L50, M|
|teampreview|4
|showteam|p1|Floette-Eternal||Floettite|FlowerVeil|Protect,LightofRuin,Moonblast,DazzlingGleam|Timid||F|||50|]Charizard||CharizarditeY|Blaze|SolarBeam,HeatWave,WeatherBall,Protect|Modest||F|||50|]Kingambit||BlackGlasses|Defiant|IronHead,Protect,KowtowCleave,SuckerPunch|Adamant||M|||50|]Whimsicott||FocusSash|Prankster|Moonblast,Tailwind,Encore,Protect|Timid||F|||50|]Basculegion||MysticWater|Adaptability|WaveCrash,Protect,LastRespects,AquaJet|Adamant||M|||50|]Garchomp||LifeOrb|RoughSkin|Earthquake,RockSlide,Protect,DragonClaw|Jolly||F|||50|
|showteam|p2|Floette-Eternal||Floettite|FlowerVeil|CalmMind,DazzlingGleam,Moonblast,Protect|Modest||F|||50|]Weavile||ChopleBerry|Pickpocket|FakeOut,Protect,TripleAxel,KnockOff|Jolly||M|||50|]Sneasler||WhiteHerb|PoisonTouch|FakeOut,CloseCombat,DireClaw,Protect|Jolly||F|||50|]Rotom-Wash||SitrusBerry|Levitate|HydroPump,VoltSwitch,Thunderbolt,Protect|Timid|||||50|]Whimsicott||FocusSash|Prankster|Tailwind,Encore,Moonblast,Taunt|Bold||F|||50|]Basculegion||ChoiceScarf|Adaptability|AquaJet,LastRespects,WaveCrash,FlipTurn|Jolly||M|||50|
|inactive|Battle timer is ON: inactive players will automatically lose when time's up. (requested by Fujin_20260416)
|inactive|Fujin_20260416 has 60 seconds left.
|inactive|Fujin_20260416 has 30 seconds left.
|
|t:|1783901710
|teamsize|p1|4
|teamsize|p2|4
|start
|switch|p1a: Whimsicott|Whimsicott, L50, F|100/100
|switch|p1b: Garchomp|Garchomp, L50, F|100/100
|switch|p2a: Floette|Floette-Eternal, L50, F|100/100
|switch|p2b: Sneasler|Sneasler, L50, F|100/100
|turn|1
|inactive|zeedra has 30 seconds left.
|inactive|zeedra has 20 seconds left.
|inactive|zeedra has 15 seconds left.
|
|t:|1783901751
|detailschange|p2a: Floette|Floette-Mega, L50, F
|-mega|p2a: Floette|Floette|Floettite
|-ability|p2a: Floette|Fairy Aura
|move|p1a: Whimsicott|Protect|p1a: Whimsicott
|-singleturn|p1a: Whimsicott|Protect
|move|p2b: Sneasler|Fake Out|p1b: Garchomp
|-damage|p1b: Garchomp|85/100
|-damage|p2b: Sneasler|87/100|[from] ability: Rough Skin|[of] p1b: Garchomp
|cant|p1b: Garchomp|flinch
|move|p2a: Floette|Calm Mind|p2a: Floette
|-boost|p2a: Floette|spa|1
|-boost|p2a: Floette|spd|1
|
|upkeep
|turn|2
|inactive|Fujin_20260416 has 30 seconds left.
|
|t:|1783901781
|switch|p2b: Whimsicott|Whimsicott, L50, F|100/100
|move|p1a: Whimsicott|Encore|p2a: Floette
|-start|p2a: Floette|Encore
|move|p1b: Garchomp|Earthquake|p2a: Floette|[spread] p1a,p2a,p2b
|-resisted|p1a: Whimsicott|1
|-resisted|p2b: Whimsicott|1
|-damage|p1a: Whimsicott|63/100
|-damage|p2a: Floette|34/100
|-damage|p2b: Whimsicott|79/100
|-damage|p1b: Garchomp|76/100|[from] item: Life Orb
|move|p2a: Floette|Calm Mind|p2a: Floette
|-boost|p2a: Floette|spa|1
|-boost|p2a: Floette|spd|1
|
|upkeep
|turn|3
|inactive|zeedra has 30 seconds left.
|
|t:|1783901813
|move|p1a: Whimsicott|Tailwind|p1a: Whimsicott
|-sidestart|p1: Fujin_20260416|move: Tailwind
|move|p1b: Garchomp|Earthquake|p2a: Floette|[spread] p1a,p2a,p2b
|-resisted|p1a: Whimsicott|1
|-resisted|p2b: Whimsicott|1
|-damage|p1a: Whimsicott|27/100
|-damage|p2a: Floette|0 fnt
|-damage|p2b: Whimsicott|58/100
|faint|p2a: Floette
|-damage|p1b: Garchomp|66/100|[from] item: Life Orb
|move|p2b: Whimsicott|Moonblast|p1b: Garchomp
|-supereffective|p1b: Garchomp|1
|-damage|p1b: Garchomp|1/100
|
|upkeep
|
|t:|1783901825
|switch|p2a: Sneasler|Sneasler, L50, F|87/100
|turn|4
|
|t:|1783901842
|move|p1a: Whimsicott|Protect|p1a: Whimsicott
|-singleturn|p1a: Whimsicott|Protect
|move|p2a: Sneasler|Fake Out|p1b: Garchomp
|-damage|p1b: Garchomp|0 fnt
|-damage|p2a: Sneasler|75/100|[from] ability: Rough Skin|[of] p1b: Garchomp
|faint|p1b: Garchomp
|move|p2b: Whimsicott|Tailwind|p2b: Whimsicott
|-sidestart|p2: zeedra|move: Tailwind
|
|upkeep
|inactive|Fujin_20260416 has 30 seconds left.
|
|t:|1783901873
|switch|p1b: Floette|Floette-Eternal, L50, F|100/100
|turn|5
|
|t:|1783901890
|detailschange|p1b: Floette|Floette-Mega, L50, F
|-mega|p1b: Floette|Floette|Floettite
|-ability|p1b: Floette|Fairy Aura
|move|p2a: Sneasler|Protect|p2a: Sneasler
|-singleturn|p2a: Sneasler|Protect
|move|p1a: Whimsicott|Encore|p2a: Sneasler
|-activate|p2a: Sneasler|move: Protect
|move|p2b: Whimsicott|Encore||[still]
|-fail|p2b: Whimsicott
|move|p1b: Floette|Dazzling Gleam|p2b: Whimsicott|[spread] p2b
|-activate|p2a: Sneasler|move: Protect
|-damage|p2b: Whimsicott|0 fnt
|faint|p2b: Whimsicott
|
|upkeep
|
|t:|1783901904
|switch|p2b: Basculegion|Basculegion, L50, M|100/100
|turn|6
|inactive|Fujin_20260416 has 30 seconds left.
|
|t:|1783901934
|move|p1a: Whimsicott|Encore|p2a: Sneasler
|-start|p2a: Sneasler|Encore
|move|p2a: Sneasler|Protect|p2a: Sneasler
|-singleturn|p2a: Sneasler|Protect
|move|p2b: Basculegion|Last Respects|p1a: Whimsicott
|-damage|p1a: Whimsicott|0 fnt
|faint|p1a: Whimsicott
|move|p1b: Floette|Dazzling Gleam|p2b: Basculegion|[spread] p2b
|-activate|p2a: Sneasler|move: Protect
|-damage|p2b: Basculegion|46/100
|
|-sideend|p1: Fujin_20260416|move: Tailwind
|upkeep
|
|t:|1783901940
|switch|p1a: Kingambit|Kingambit, L50, M|100/100
|turn|7
|
|t:|1783901954
|move|p2a: Sneasler|Protect||[still]
|-fail|p2a: Sneasler
|move|p1a: Kingambit|Sucker Punch|p2b: Basculegion
|-supereffective|p2b: Basculegion|1
|-damage|p2b: Basculegion|0 fnt
|faint|p2b: Basculegion
|move|p1b: Floette|Moonblast|p2a: Sneasler
|-damage|p2a: Sneasler|0 fnt
|faint|p2a: Sneasler
|
|win|Fujin_20260416
||Fujin_20260416 is ready for game 2.
||zeedra is ready for game 2.
|uhtml|next|Next: Game 2 of 3
