|j|☆mertering
|j|☆straightrippingit
|html|merteringstraightrippingit    
|uhtml|bestof|Game 1 of a best-of-3
|t:|1785320853
|gametype|doubles
|player|p1|mertering|steven|1224
|player|p2|straightrippingit|brycenman|1237
|gen|9
|tier|[Gen 9 Champions] VGC 2026 Reg M-B (Bo3)
|rated|
|rule|Species Clause: Limit one of each Pokémon
|rule|Item Clause: Limit 1 of each item
|clearpoke
|poke|p1|Floette-Eternal, L50, F|
|poke|p1|Kingambit, L50, M|
|poke|p1|Whimsicott, L50, F|
|poke|p1|Basculegion, L50, M|
|poke|p1|Incineroar, L50, M|
|poke|p1|Staraptor, L50, F|
|poke|p2|Staraptor, L50, M|
|poke|p2|Delphox, L50, M|
|poke|p2|Whimsicott, L50, F|
|poke|p2|Kingambit, L50, M|
|poke|p2|Glimmora, L50, F|
|poke|p2|Garchomp, L50, F|
|teampreview|4
|showteam|p1|Floette-Eternal||Floettite|FlowerVeil|Moonblast,DazzlingGleam,LightofRuin,Protect|Timid||F|||50|]Kingambit||FocusSash|Defiant|KowtowCleave,SuckerPunch,LowKick,IronHead|Jolly||M|||50|]Whimsicott||OccaBerry|Prankster|Moonblast,Encore,Tailwind,Charm|Bold||F|||50|]Basculegion||LifeOrb|Adaptability|WaveCrash,LastRespects,AquaJet,Protect|Jolly||M|||50|]Incineroar||SitrusBerry|Intimidate|FakeOut,PartingShot,FlareBlitz,ThroatChop|Careful||M|||50|]Staraptor||Staraptite|Intimidate|CloseCombat,BraveBird,Roost,Protect|Adamant||F|||50|
|showteam|p2|Staraptor||Staraptite|Intimidate|CloseCombat,DualWingbeat,Roost,Protect|Jolly||M|||50|]Delphox||Delphoxite|Blaze|HeatWave,Psychic,Encore,Protect|Timid||M|||50|]Whimsicott||OccaBerry|Prankster|Moonblast,Tailwind,Charm,LightScreen|Timid||F|||50|]Kingambit||ChopleBerry|Defiant|IronHead,KowtowCleave,SuckerPunch,LowKick|Adamant||M|||50|]Glimmora||FocusSash|ToxicDebris|PowerGem,SludgeBomb,EarthPower,SpikyShield|Modest||F|||50|]Garchomp||ChoiceScarf|RoughSkin|StompingTantrum,EarthPower,DragonClaw,RockSlide|Adamant||F|||50|
|inactive|Battle timer is ON: inactive players will automatically lose when time's up. (requested by mertering)
|inactive|mertering has 60 seconds left.
|inactive|straightrippingit has 60 seconds left.
|inactive|mertering has 30 seconds left.
|inactive|straightrippingit has 30 seconds left.
|inactive|mertering has 20 seconds left.
|inactive|straightrippingit has 20 seconds left.
|inactive|mertering has 15 seconds left.
|inactive|straightrippingit has 15 seconds left.
|inactive|mertering has 10 seconds left.
|inactive|straightrippingit has 10 seconds left.
|inactive|straightrippingit has 5 seconds left.
|
|t:|1785320944
|teamsize|p1|4
|teamsize|p2|4
|start
|switch|p1a: Whimsicott|Whimsicott, L50, F|100/100
|switch|p1b: Floette|Floette-Eternal, L50, F|100/100
|switch|p2a: Whimsicott|Whimsicott, L50, F|100/100
|switch|p2b: Delphox|Delphox, L50, M|100/100
|turn|1
|inactive|straightrippingit has 30 seconds left.
|
|t:|1785320973
|detailschange|p2b: Delphox|Delphox-Mega, L50, M
|-mega|p2b: Delphox|Delphox|Delphoxite
|detailschange|p1b: Floette|Floette-Mega, L50, F
|-mega|p1b: Floette|Floette|Floettite
|-ability|p1b: Floette|Fairy Aura
|move|p2a: Whimsicott|Light Screen|p2a: Whimsicott
|-sidestart|p2: straightrippingit|move: Light Screen
|move|p1a: Whimsicott|Tailwind|p1a: Whimsicott
|-sidestart|p1: mertering|move: Tailwind
|move|p1b: Floette|Dazzling Gleam|p2b: Delphox|[spread] p2a,p2b
|-resisted|p2b: Delphox|1
|-damage|p2a: Whimsicott|57/100
|-damage|p2b: Delphox|86/100
|move|p2b: Delphox|Heat Wave|p1a: Whimsicott|[spread] p1a,p1b
|-supereffective|p1a: Whimsicott|1
|-enditem|p1a: Whimsicott|Occa Berry|[eat]
|-enditem|p1a: Whimsicott|Occa Berry|[weaken]
|-damage|p1a: Whimsicott|45/100
|-damage|p1b: Floette|65/100
|
|upkeep
|turn|2
|inactive|straightrippingit has 30 seconds left.
|inactive|straightrippingit has 20 seconds left.
|
|t:|1785321010
|switch|p1b: Basculegion|Basculegion, L50, M|100/100
|switch|p2a: Glimmora|Glimmora, L50, F|100/100
|move|p1a: Whimsicott|Encore||[still]
|-fail|p1a: Whimsicott
|move|p2b: Delphox|Heat Wave|p1a: Whimsicott|[spread] p1a,p1b
|-supereffective|p1a: Whimsicott|1
|-resisted|p1b: Basculegion|1
|-damage|p1a: Whimsicott|0 fnt
|-damage|p1b: Basculegion|78/100
|faint|p1a: Whimsicott
|
|upkeep
|
|t:|1785321021
|switch|p1a: Kingambit|Kingambit, L50, M|100/100
|turn|3
|
|t:|1785321032
|switch|p2b: Whimsicott|Whimsicott, L50, F|57/100
|move|p1b: Basculegion|Last Respects|p2b: Whimsicott
|-damage|p2b: Whimsicott|0 fnt
|faint|p2b: Whimsicott
|-damage|p1b: Basculegion|68/100|[from] item: Life Orb
|move|p1a: Kingambit|Iron Head|p2a: Glimmora
|-supereffective|p2a: Glimmora|1
|-damage|p2a: Glimmora|1/100
|-activate|p2a: Glimmora|ability: Toxic Debris
|-sidestart|p1: mertering|move: Toxic Spikes
|move|p2a: Glimmora|Earth Power|p1a: Kingambit
|-supereffective|p1a: Kingambit|1
|-damage|p1a: Kingambit|20/100y
|
|upkeep
|
|t:|1785321057
|switch|p2b: Garchomp|Garchomp, L50, F|100/100
|turn|4
|inactive|mertering has 30 seconds left.
|inactive|straightrippingit has 30 seconds left.
|inactive|mertering has 20 seconds left.
|
|t:|1785321099
|switch|p1a: Floette|Floette-Mega, L50, F|65/100
|-status|p1a: Floette|psn
|-ability|p1a: Floette|Fairy Aura
|move|p2a: Glimmora|Spiky Shield|p2a: Glimmora
|-singleturn|p2a: Glimmora|move: Protect
|move|p1b: Basculegion|Wave Crash|p2b: Garchomp
|-damage|p2b: Garchomp|17/100
|-damage|p1b: Basculegion|56/100|[from] ability: Rough Skin|[of] p2b: Garchomp
|-damage|p1b: Basculegion|30/100|[from] Recoil
|-damage|p1b: Basculegion|20/100y|[from] item: Life Orb
|move|p2b: Garchomp|Stomping Tantrum|p1a: Floette
|-damage|p1a: Floette|16/100 psn
|
|-damage|p1a: Floette|4/100 psn|[from] psn
|-sideend|p1: mertering|move: Tailwind
|upkeep
|turn|5
|inactive|mertering has 30 seconds left.
|inactive|straightrippingit has 30 seconds left.
|
|t:|1785321126
|move|p1b: Basculegion|Aqua Jet|p2a: Glimmora
|-supereffective|p2a: Glimmora|1
|-damage|p2a: Glimmora|0 fnt
|-activate|p2a: Glimmora|ability: Toxic Debris
|-sidestart|p1: mertering|move: Toxic Spikes
|faint|p2a: Glimmora
|-damage|p1b: Basculegion|11/100|[from] item: Life Orb
|move|p2b: Garchomp|Stomping Tantrum|p1b: Basculegion
|-damage|p1b: Basculegion|0 fnt
|faint|p1b: Basculegion
|move|p1a: Floette|Moonblast|p2b: Garchomp
|-supereffective|p2b: Garchomp|1
|-damage|p2b: Garchomp|0 fnt
|faint|p2b: Garchomp
|
|-damage|p1a: Floette|0 fnt|[from] psn
|faint|p1a: Floette
|-sideend|p2: straightrippingit|move: Light Screen
|upkeep
|
|t:|1785321143
|switch|p2b: Delphox|Delphox-Mega, L50, M|86/100
|switch|p1b: Kingambit|Kingambit, L50, M|20/100y
|turn|6
|
|t:|1785321163
|move|p2b: Delphox|Protect|p2b: Delphox
|-singleturn|p2b: Delphox|Protect
|move|p1b: Kingambit|Kowtow Cleave|p2b: Delphox
|-activate|p2b: Delphox|move: Protect
|
|upkeep
|turn|7
|
|t:|1785321177
|move|p2b: Delphox|Heat Wave|p1b: Kingambit
|-supereffective|p1b: Kingambit|1
|-damage|p1b: Kingambit|0 fnt
|faint|p1b: Kingambit
|
|win|straightrippingit
||mertering is ready for game 2.
||straightrippingit is ready for game 2.
|uhtml|next|Next: Game 2 of 3
|l|☆mertering
|player|p1|
