|j|☆TeyVgc
|j|☆Mikellyvgc3
|html|TeyVgcMikellyvgc3    
|uhtml|bestof|Game 1 of a best-of-3
|t:|1783043800
|gametype|doubles
|player|p1|TeyVgc|rood|1164
|player|p2|Mikellyvgc3|266|1228
|gen|9
|tier|[Gen 9 Champions] VGC 2026 Reg M-B (Bo3)
|rated|
|rule|Species Clause: Limit one of each Pokémon
|rule|Item Clause: Limit 1 of each item
|clearpoke
|poke|p1|Tyranitar, L50, M|
|poke|p1|Excadrill, L50, F|
|poke|p1|Rotom-Wash, L50|
|poke|p1|Sinistcha, L50|
|poke|p1|Corviknight, L50, M|
|poke|p1|Houndstone, L50, M|
|poke|p2|Basculegion, L50, M|
|poke|p2|Pelipper, L50, F|
|poke|p2|Archaludon, L50, M|
|poke|p2|Staraptor, L50, F|
|poke|p2|Venusaur, L50, F|
|poke|p2|Hydreigon, L50, M|
|teampreview|4
|showteam|p1|Tyranitar||Tyranitarite|SandStream|RockSlide,KnockOff,LowKick,Protect|Adamant||M|||50|]Excadrill||FocusSash|SandRush|IronHead,Protect,Earthquake,RockSlide|Adamant||F|||50|]Rotom-Wash||ChoiceScarf|Levitate|VoltSwitch,HydroPump,Electroweb,Thunderbolt|Modest|||||50|]Sinistcha||SitrusBerry|Hospitality|RagePowder,MatchaGotcha,StrengthSap,TrickRoom|Bold|||||50|]Corviknight||Leftovers|MirrorArmor|BulkUp,BraveBird,Roost,Tailwind|Careful||M|||50|]Houndstone||SpellTag|SandRush|LastRespects,PhantomForce,WillOWisp,Protect|Adamant||M|||50|
|showteam|p2|Basculegion||LifeOrb|SwiftSwim|WaveCrash,LastRespects,AquaJet,Protect|Adamant||M|||50|]Pelipper||SitrusBerry|Drizzle|Hurricane,WeatherBall,Tailwind,WideGuard|Modest||F|||50|]Archaludon||Leftovers|Stamina|ElectroShot,DragonPulse,FlashCannon,Protect|Modest||M|||50|]Staraptor||Staraptite|Intimidate|BraveBird,CloseCombat,Roost,Protect|Jolly||F|||50|]Venusaur||Venusaurite|Chlorophyll|SludgeBomb,EarthPower,LeechSeed,Protect|Modest||F|||50|]Hydreigon||ChoiceScarf|Levitate|DarkPulse,DracoMeteor,Snarl,HeatWave|Modest||M|||50|
|
|t:|1783043859
|teamsize|p1|4
|teamsize|p2|4
|start
|switch|p1a: Excadrill|Excadrill, L50, F|100/100
|switch|p1b: Tyranitar|Tyranitar, L50, M|100/100
|switch|p2a: Venusaur|Venusaur, L50, F|100/100
|switch|p2b: Basculegion|Basculegion, L50, M|100/100
|-weather|Sandstorm|[from] ability: Sand Stream|[of] p1b: Tyranitar
|turn|1
|
|t:|1783043887
|switch|p1b: Rotom|Rotom-Wash, L50|100/100
|detailschange|p2a: Venusaur|Venusaur-Mega, L50, F
|-mega|p2a: Venusaur|Venusaur|Venusaurite
|move|p2b: Basculegion|Protect|p2b: Basculegion
|-singleturn|p2b: Basculegion|Protect
|move|p1a: Excadrill|Earthquake|p2a: Venusaur|[spread] p2a
|-activate|p2b: Basculegion|move: Protect
|-immune|p1b: Rotom|[from] ability: Levitate
|-damage|p2a: Venusaur|62/100
|move|p2a: Venusaur|Leech Seed|p1b: Rotom
|-start|p1b: Rotom|move: Leech Seed
|
|-weather|Sandstorm|[upkeep]
|-damage|p1b: Rotom|94/100|[from] Sandstorm
|-damage|p2b: Basculegion|94/100|[from] Sandstorm
|-damage|p2a: Venusaur|56/100|[from] Sandstorm
|-damage|p1b: Rotom|82/100|[from] Leech Seed|[of] p2a: Venusaur
|-heal|p2a: Venusaur|64/100|[silent]
|upkeep
|turn|2
|
|t:|1783043911
|switch|p2b: Hydreigon|Hydreigon, L50, M|100/100
|move|p2a: Venusaur|Protect|p2a: Venusaur
|-singleturn|p2a: Venusaur|Protect
|move|p1a: Excadrill|Earthquake|p2b: Hydreigon|[spread] 
|-activate|p2a: Venusaur|move: Protect
|-immune|p1b: Rotom|[from] ability: Levitate
|-immune|p2b: Hydreigon|[from] ability: Levitate
|move|p1b: Rotom|Electroweb|p2b: Hydreigon|[spread] p2b
|-activate|p2a: Venusaur|move: Protect
|-resisted|p2b: Hydreigon|1
|-damage|p2b: Hydreigon|89/100
|-unboost|p2b: Hydreigon|spe|1
|
|-weather|Sandstorm|[upkeep]
|-damage|p1b: Rotom|76/100|[from] Sandstorm
|-damage|p2b: Hydreigon|83/100|[from] Sandstorm
|-damage|p2a: Venusaur|58/100|[from] Sandstorm
|-damage|p1b: Rotom|64/100|[from] Leech Seed|[of] p2a: Venusaur
|-heal|p2a: Venusaur|66/100|[silent]
|upkeep
|turn|3
|
|t:|1783043931
|move|p1a: Excadrill|Earthquake|p2b: Hydreigon|[spread] p2a
|-immune|p1b: Rotom|[from] ability: Levitate
|-immune|p2b: Hydreigon|[from] ability: Levitate
|-damage|p2a: Venusaur|29/100
|move|p1b: Rotom|Electroweb|p2b: Hydreigon|[spread] p2a,p2b
|-resisted|p2a: Venusaur|1
|-resisted|p2b: Hydreigon|1
|-damage|p2a: Venusaur|21/100
|-damage|p2b: Hydreigon|71/100
|-unboost|p2a: Venusaur|spe|1
|-unboost|p2b: Hydreigon|spe|1
|move|p2b: Hydreigon|Snarl|p1b: Rotom|[spread] p1a,p1b
|-damage|p1a: Excadrill|66/100
|-damage|p1b: Rotom|36/100
|-unboost|p1a: Excadrill|spa|1
|-unboost|p1b: Rotom|spa|1
|move|p2a: Venusaur|Earth Power|p1a: Excadrill
|-supereffective|p1a: Excadrill|1
|-damage|p1a: Excadrill|0 fnt
|faint|p1a: Excadrill
|
|-weather|Sandstorm|[upkeep]
|-damage|p1b: Rotom|30/100|[from] Sandstorm
|-damage|p2b: Hydreigon|65/100|[from] Sandstorm
|-damage|p2a: Venusaur|15/100|[from] Sandstorm
|-damage|p1b: Rotom|18/100|[from] Leech Seed|[of] p2a: Venusaur
|-heal|p2a: Venusaur|23/100|[silent]
|upkeep
|
|t:|1783043945
|switch|p1a: Tyranitar|Tyranitar, L50, M|100/100
|turn|4
|
|t:|1783043964
|switch|p2a: Pelipper|Pelipper, L50, F|100/100
|-weather|RainDance|[from] ability: Drizzle|[of] p2a: Pelipper
|move|p1b: Rotom|Electroweb|p2a: Pelipper|[spread] p2a,p2b
|-supereffective|p2a: Pelipper|2
|-resisted|p2b: Hydreigon|1
|-damage|p2a: Pelipper|27/100
|-damage|p2b: Hydreigon|57/100
|-unboost|p2a: Pelipper|spe|1
|-unboost|p2b: Hydreigon|spe|1
|-enditem|p2a: Pelipper|Sitrus Berry|[eat]
|-heal|p2a: Pelipper|52/100|[from] item: Sitrus Berry
|move|p1a: Tyranitar|Rock Slide|p2b: Hydreigon|[spread] 
|-miss|p1a: Tyranitar|p2a: Pelipper
|-miss|p1a: Tyranitar|p2b: Hydreigon
|move|p2b: Hydreigon|Snarl|p1a: Tyranitar|[spread] p1a,p1b
|-resisted|p1a: Tyranitar|1
|-damage|p1a: Tyranitar|90/100
|-damage|p1b: Rotom|0 fnt
|-unboost|p1a: Tyranitar|spa|1
|faint|p1b: Rotom
|
|-weather|RainDance|[upkeep]
|upkeep
|
|t:|1783043977
|switch|p1b: Corviknight|Corviknight, L50, M|100/100
|turn|5
|
|t:|1783043996
|switch|p2a: Venusaur|Venusaur-Mega, L50, F|23/100
|detailschange|p1a: Tyranitar|Tyranitar-Mega, L50, M
|-mega|p1a: Tyranitar|Tyranitar|Tyranitarite
|-weather|Sandstorm|[from] ability: Sand Stream|[of] p1a: Tyranitar
|move|p1b: Corviknight|Tailwind|p1b: Corviknight
|-sidestart|p1: TeyVgc|move: Tailwind
|move|p1a: Tyranitar|Rock Slide|p2a: Venusaur|[spread] p2a,p2b
|-damage|p2a: Venusaur|0 fnt
|-damage|p2b: Hydreigon|17/100
|faint|p2a: Venusaur
|cant|p2b: Hydreigon|flinch
|
|-weather|Sandstorm|[upkeep]
|-damage|p2b: Hydreigon|11/100|[from] Sandstorm
|upkeep
|
|t:|1783044010
|switch|p2a: Basculegion|Basculegion, L50, M|94/100
|turn|6
|
|t:|1783044022
|switch|p2b: Pelipper|Pelipper, L50, F|52/100
|-weather|RainDance|[from] ability: Drizzle|[of] p2b: Pelipper
|move|p1a: Tyranitar|Protect|p1a: Tyranitar
|-singleturn|p1a: Tyranitar|Protect
|move|p2a: Basculegion|Last Respects|p1b: Corviknight
|-damage|p1b: Corviknight|41/100
|-damage|p2a: Basculegion|84/100|[from] item: Life Orb
|move|p1b: Corviknight|Bulk Up|p1b: Corviknight
|-boost|p1b: Corviknight|atk|1
|-boost|p1b: Corviknight|def|1
|
|-weather|RainDance|[upkeep]
|-heal|p1b: Corviknight|47/100|[from] item: Leftovers
|upkeep
|turn|7
|
|t:|1783044044
|move|p2a: Basculegion|Last Respects|p1b: Corviknight
|-damage|p1b: Corviknight|7/100
|-damage|p2a: Basculegion|74/100|[from] item: Life Orb
|move|p1b: Corviknight|Brave Bird|p2b: Pelipper
|-damage|p2b: Pelipper|0 fnt
|faint|p2b: Pelipper
|-damage|p1b: Corviknight|0 fnt|[from] Recoil
|faint|p1b: Corviknight
|move|p1a: Tyranitar|Knock Off|p2a: Basculegion
|-supereffective|p2a: Basculegion|1
|-damage|p2a: Basculegion|0 fnt
|-enditem|p2a: Basculegion|Life Orb|[from] move: Knock Off|[of] p1a: Tyranitar
|faint|p2a: Basculegion
|
|-weather|RainDance|[upkeep]
|upkeep
|
|t:|1783044058
|switch|p2b: Hydreigon|Hydreigon, L50, M|11/100
|turn|8
|
|t:|1783044062
|move|p2b: Hydreigon|Draco Meteor|p1a: Tyranitar
|-crit|p1a: Tyranitar
|-damage|p1a: Tyranitar|4/100
|-unboost|p2b: Hydreigon|spa|2
|move|p1a: Tyranitar|Low Kick|p2b: Hydreigon
|-supereffective|p2b: Hydreigon|1
|-damage|p2b: Hydreigon|0 fnt
|faint|p2b: Hydreigon
|
|win|TeyVgc
