|j|☆lettitripppp
|j|‽awammy
|html|lettitrippppawammy    
|uhtml|bestof|Game 2 of a best-of-3
|t:|1782766112
|gametype|doubles
|player|p1|lettitripppp|lucas|1166
|player|p2|awammy|colress|1250
|gen|9
|tier|[Gen 9 Champions] VGC 2026 Reg M-B (Bo3)
|rated|
|rule|Species Clause: Limit one of each Pokémon
|rule|Item Clause: Limit 1 of each item
|clearpoke
|poke|p1|Charizard, L50, M|
|poke|p1|Floette-Eternal, L50, F|
|poke|p1|Basculegion, L50, M, shiny|
|poke|p1|Garchomp, L50, F|
|poke|p1|Whimsicott, L50, F, shiny|
|poke|p1|Kingambit, L50, M|
|poke|p2|Kingambit, L50, M|
|poke|p2|Basculegion, L50, M|
|poke|p2|Floette-Eternal, L50, F|
|poke|p2|Whimsicott, L50, F|
|poke|p2|Charizard, L50, F|
|poke|p2|Garchomp, L50, F|
|teampreview|4
|showteam|p1|Charizard||CharizarditeY|Blaze|WeatherBall,SolarBeam,HeatWave,Protect|Modest||M|||50|]Floette-Eternal||Floettite|FlowerVeil|DazzlingGleam,LightofRuin,Moonblast,Protect|Timid||F|||50|]Basculegion||MysticWater|Adaptability|LastRespects,WaveCrash,AquaJet,Protect|Adamant||M|||50|]Garchomp||LifeOrb|RoughSkin|DragonClaw,Earthquake,RockSlide,Protect|Jolly||F|||50|]Whimsicott||FocusSash|Prankster|Moonblast,Tailwind,Encore,Protect|Timid||F|||50|]Kingambit||ChopleBerry|Defiant|KowtowCleave,SuckerPunch,IronHead,LowKick|Adamant||M|||50|
|showteam|p2|Kingambit||BlackGlasses|Defiant|SwordsDance,KowtowCleave,SuckerPunch,Protect|Adamant||M|||50|]Basculegion||MysticWater|Adaptability|WaveCrash,AquaJet,LastRespects,Protect|Adamant||M|||50|]Floette-Eternal||Floettite|FlowerVeil|LightofRuin,Moonblast,DazzlingGleam,Protect|Modest||F|||50|]Whimsicott||FocusSash|Prankster|Tailwind,Protect,Encore,Moonblast|Timid||F|||50|]Charizard||CharizarditeY|Blaze|HeatWave,WeatherBall,SolarBeam,Protect|Modest||F|||50|]Garchomp||LifeOrb|RoughSkin|DragonClaw,RockSlide,Earthquake,Protect|Adamant||F|||50|
|inactive|Battle timer is ON: inactive players will automatically lose when time's up. (requested by lettitripppp)
|inactive|awammy has 60 seconds left.
|
|t:|1782766155
|teamsize|p1|4
|teamsize|p2|4
|start
|switch|p1a: LETS GO GO|Whimsicott, L50, F, shiny|100/100
|switch|p1b: GHOSTWAVE|Basculegion, L50, M, shiny|100/100
|switch|p2a: Kingambit|Kingambit, L50, M|100/100
|switch|p2b: Whimsicott|Whimsicott, L50, F|100/100
|turn|1
|
|t:|1782766169
|move|p2b: Whimsicott|Tailwind|p2b: Whimsicott
|-sidestart|p2: awammy|move: Tailwind
|move|p1a: LETS GO GO|Moonblast|p2a: Kingambit
|-damage|p2a: Kingambit|69/100
|move|p2a: Kingambit|Swords Dance|p2a: Kingambit
|-boost|p2a: Kingambit|atk|2
|move|p1b: GHOSTWAVE|Wave Crash|p2a: Kingambit
|-damage|p2a: Kingambit|10/100
|-damage|p1b: GHOSTWAVE|80/100|[from] Recoil
|
|upkeep
|turn|2
|inactive|awammy has 30 seconds left.
|
|t:|1782766197
|switch|p1a: GENERAL BLADUS|Kingambit, L50, M|100/100
|move|p2b: Whimsicott|Encore|p1a: GENERAL BLADUS
|-hint|Since gen 7, Dark is immune to Prankster moves.
|-immune|p1a: GENERAL BLADUS
|move|p1b: GHOSTWAVE|Aqua Jet|p2a: Kingambit
|-damage|p2a: Kingambit|0 fnt
|faint|p2a: Kingambit
|
|upkeep
|
|t:|1782766217
|switch|p2a: Floette|Floette-Eternal, L50, F|100/100
|turn|3
|inactive|awammy has 30 seconds left.
|
|t:|1782766246
|detailschange|p2a: Floette|Floette-Mega, L50, F
|-mega|p2a: Floette|Floette|Floettite
|-ability|p2a: Floette|Fairy Aura
|move|p2b: Whimsicott|Moonblast|p1a: GENERAL BLADUS
|-damage|p1a: GENERAL BLADUS|63/100
|move|p2a: Floette|Dazzling Gleam|p1b: GHOSTWAVE|[spread] p1a,p1b
|-damage|p1a: GENERAL BLADUS|21/100
|-damage|p1b: GHOSTWAVE|32/100
|move|p1b: GHOSTWAVE|Wave Crash|p2b: Whimsicott
|-resisted|p2b: Whimsicott|1
|-damage|p2b: Whimsicott|52/100
|-damage|p1b: GHOSTWAVE|20/100r|[from] Recoil
|move|p1a: GENERAL BLADUS|Iron Head|p2a: Floette
|-supereffective|p2a: Floette|1
|-damage|p2a: Floette|9/100
|
|upkeep
|turn|4
|
|t:|1782766270
|move|p2b: Whimsicott|Protect|p2b: Whimsicott
|-singleturn|p2b: Whimsicott|Protect
|move|p1b: GHOSTWAVE|Aqua Jet|p2b: Whimsicott
|-activate|p2b: Whimsicott|move: Protect
|move|p2a: Floette|Dazzling Gleam|p1a: GENERAL BLADUS|[spread] p1a,p1b
|-damage|p1a: GENERAL BLADUS|0 fnt
|-damage|p1b: GHOSTWAVE|0 fnt
|faint|p1a: GENERAL BLADUS
|faint|p1b: GHOSTWAVE
|
|-sideend|p2: awammy|move: Tailwind
|upkeep
|
|t:|1782766272
|switch|p1b: LETS GO GO|Whimsicott, L50, F, shiny|100/100
|switch|p1a: RUINOUS LIGHT|Floette-Eternal, L50, F|100/100
|turn|5
|
|t:|1782766292
|detailschange|p1a: RUINOUS LIGHT|Floette-Mega, L50, F
|-mega|p1a: RUINOUS LIGHT|Floette|Floettite
|-ability|p1a: RUINOUS LIGHT|Fairy Aura
|move|p2b: Whimsicott|Tailwind|p2b: Whimsicott
|-sidestart|p2: awammy|move: Tailwind
|move|p1b: LETS GO GO|Tailwind|p1b: LETS GO GO
|-sidestart|p1: lettitripppp|move: Tailwind
|move|p1a: RUINOUS LIGHT|Dazzling Gleam|p2a: Floette|[spread] p2a,p2b
|-damage|p2a: Floette|0 fnt
|-damage|p2b: Whimsicott|0 fnt
|faint|p2a: Floette
|faint|p2b: Whimsicott
|
|upkeep
|
|t:|1782766300
|switch|p2b: Garchomp|Garchomp, L50, F|100/100
|turn|6
|
|t:|1782766306
|move|p1b: LETS GO GO|Moonblast|p2b: Garchomp
|-supereffective|p2b: Garchomp|1
|-damage|p2b: Garchomp|9/100
|move|p1a: RUINOUS LIGHT|Moonblast|p2b: Garchomp
|-supereffective|p2b: Garchomp|1
|-damage|p2b: Garchomp|0 fnt
|faint|p2b: Garchomp
|
|win|lettitripppp
|raw|lettitripppp's rating: 1166 → 1197(+31 for winning)
|raw|awammy's rating: 1250 → 1219(-31 for losing)
|c|☆lettitripppp|gg
