|j|☆Ferran Tiburon
|j|☆Megafraudette
|html|Ferran TiburonMegafraudette    
|uhtml|bestof|Game 2 of a best-of-3
|t:|1783083922
|gametype|doubles
|player|p1|Ferran Tiburon|101|1246
|player|p2|Megafraudette|169|1356
|gen|9
|tier|[Gen 9 Champions] VGC 2026 Reg M-B (Bo3)
|rated|
|rule|Species Clause: Limit one of each Pokémon
|rule|Item Clause: Limit 1 of each item
|clearpoke
|poke|p1|Charizard, L50, F|
|poke|p1|Kingambit, L50, M|
|poke|p1|Sylveon, L50, M|
|poke|p1|Garchomp, L50, M|
|poke|p1|Aerodactyl, L50, F|
|poke|p1|Farigiraf, L50, M|
|poke|p2|Floette-Eternal, L50, F|
|poke|p2|Whimsicott, L50, M|
|poke|p2|Basculegion, L50, M|
|poke|p2|Farigiraf, L50, F|
|poke|p2|Kingambit, L50, F|
|poke|p2|Arcanine-Hisui, L50, M|
|teampreview|4
|showteam|p1|Charizard||CharizarditeY|SolarPower|Protect,HeatWave,SolarBeam,WeatherBall|Modest||F|||50|]Kingambit||FocusSash|Defiant|IronHead,SuckerPunch,KowtowCleave,LowKick|Adamant||M|||50|]Sylveon||FairyFeather|Pixilate|Detect,HyperVoice,HyperBeam,QuickAttack|Modest||M|||50|]Garchomp||LifeOrb|RoughSkin|Protect,DragonClaw,Earthquake,StompingTantrum|Jolly||M|||50|]Aerodactyl||Aerodactylite|RockHead|IceFang,RockSlide,Tailwind,DualWingbeat|Jolly||F|||50|]Farigiraf||SitrusBerry|ArmorTail|TrickRoom,Psychic,Thunderbolt,Roar|Bold||M|||50|
|showteam|p2|Floette-Eternal||Floettite|FlowerVeil|Moonblast,DazzlingGleam,LightofRuin,Protect|Modest||F|||50|]Whimsicott||FairyFeather|Prankster|Moonblast,Encore,Tailwind,Protect|Bold||M|||50|]Basculegion||LifeOrb|Adaptability|WaveCrash,AquaJet,LastRespects,Protect|Jolly||M|||50|]Farigiraf||ColburBerry|ArmorTail|TwinBeam,TrickRoom,HelpingHand,Imprison|Calm||F|||50|]Kingambit||ChopleBerry|Defiant|KowtowCleave,SuckerPunch,IronHead,LowKick|Adamant||F|||50|]Arcanine-Hisui||FocusSash|RockHead|FlareBlitz,HeadSmash,ExtremeSpeed,Protect|Jolly||M|||50|
|inactive|Battle timer is ON: inactive players will automatically lose when time's up. (requested by Ferran Tiburon)
|inactive|Ferran Tiburon has 60 seconds left.
|inactive|Ferran Tiburon has 30 seconds left.
|inactive|Ferran Tiburon has 20 seconds left.
|inactive|Ferran Tiburon has 15 seconds left.
|inactive|Ferran Tiburon has 10 seconds left.
|inactive|Ferran Tiburon has 5 seconds left.
|
|t:|1783084010
|teamsize|p1|4
|teamsize|p2|4
|start
|switch|p1a: Kingambit|Kingambit, L50, M|100/100
|switch|p1b: Aerodactyl|Aerodactyl, L50, F|100/100
|switch|p2a: Whimsicott|Whimsicott, L50, M|100/100
|switch|p2b: Basculegion|Basculegion, L50, M|100/100
|turn|1
|
|t:|1783084025
|move|p2b: Basculegion|Aqua Jet|p1b: Aerodactyl
|-supereffective|p1b: Aerodactyl|1
|-damage|p1b: Aerodactyl|11/100
|-damage|p2b: Basculegion|90/100|[from] item: Life Orb
|move|p2a: Whimsicott|Tailwind|p2a: Whimsicott
|-sidestart|p2: Megafraudette|move: Tailwind
|move|p1b: Aerodactyl|Tailwind|p1b: Aerodactyl
|-sidestart|p1: Ferran Tiburon|move: Tailwind
|move|p1a: Kingambit|Kowtow Cleave|p2b: Basculegion
|-supereffective|p2b: Basculegion|1
|-damage|p2b: Basculegion|0 fnt
|faint|p2b: Basculegion
|
|upkeep
|
|t:|1783084031
|switch|p2b: Floette|Floette-Eternal, L50, F|100/100
|turn|2
|
|t:|1783084053
|detailschange|p2b: Floette|Floette-Mega, L50, F
|-mega|p2b: Floette|Floette|Floettite
|-ability|p2b: Floette|Fairy Aura
|move|p1b: Aerodactyl|Rock Slide|p2b: Floette|[spread] p2a,p2b
|-damage|p2a: Whimsicott|81/100
|-damage|p2b: Floette|71/100
|move|p2b: Floette|Dazzling Gleam|p1b: Aerodactyl|[spread] p1a,p1b
|-damage|p1a: Kingambit|43/100
|-damage|p1b: Aerodactyl|0 fnt
|faint|p1b: Aerodactyl
|move|p2a: Whimsicott|Moonblast|p1a: Kingambit
|-damage|p1a: Kingambit|0 fnt
|faint|p1a: Kingambit
|
|upkeep
|
|t:|1783084064
|switch|p1b: Garchomp|Garchomp, L50, M|100/100
|switch|p1a: Charizard|Charizard, L50, F|100/100
|turn|3
|
|t:|1783084080
|detailschange|p1a: Charizard|Charizard-Mega-Y, L50, F
|-mega|p1a: Charizard|Charizard|Charizardite Y
|-weather|SunnyDay|[from] ability: Drought|[of] p1a: Charizard
|move|p1b: Garchomp|Protect|p1b: Garchomp
|-singleturn|p1b: Garchomp|Protect
|move|p2b: Floette|Protect|p2b: Floette
|-singleturn|p2b: Floette|Protect
|move|p1a: Charizard|Heat Wave|p2b: Floette|[spread] p2a
|-activate|p2b: Floette|move: Protect
|-supereffective|p2a: Whimsicott|1
|-damage|p2a: Whimsicott|0 fnt
|faint|p2a: Whimsicott
|
|-weather|SunnyDay|[upkeep]
|upkeep
|
|t:|1783084083
|switch|p2a: Arcanine|Arcanine-Hisui, L50, M|100/100
|turn|4
|inactive|Ferran Tiburon has 30 seconds left.
|
|t:|1783084108
|move|p2a: Arcanine|Protect|p2a: Arcanine
|-singleturn|p2a: Arcanine|Protect
|move|p1b: Garchomp|Earthquake|p2a: Arcanine|[spread] p2b
|-activate|p2a: Arcanine|move: Protect
|-immune|p1a: Charizard
|-damage|p2b: Floette|13/100
|-damage|p1b: Garchomp|90/100|[from] item: Life Orb
|move|p2b: Floette|Moonblast|p1b: Garchomp
|-supereffective|p1b: Garchomp|1
|-damage|p1b: Garchomp|0 fnt
|faint|p1b: Garchomp
|move|p1a: Charizard|Weather Ball|p2b: Floette
|-damage|p2b: Floette|0 fnt
|faint|p2b: Floette
|
|-weather|SunnyDay|[upkeep]
|-sideend|p2: Megafraudette|move: Tailwind
|-sideend|p1: Ferran Tiburon|move: Tailwind
|upkeep
|turn|5
|
|t:|1783084116
|move|p2a: Arcanine|Head Smash|p1a: Charizard
|-supereffective|p1a: Charizard|2
|-damage|p1a: Charizard|0 fnt
|faint|p1a: Charizard
|
|win|Megafraudette
||Ferran Tiburon is ready for game 3.
||Megafraudette is ready for game 3.
|uhtml|next|Next: Game 3 of 3
|l|☆Megafraudette
|player|p2|
