|j|☆int shadowbtl
|j|☆gabaconrado
|html|int shadowbtlgabaconrado    
|uhtml|bestof|Game 2 of a best-of-3
|t:|1784501424
|gametype|doubles
|player|p1|int shadowbtl|266|
|player|p2|gabaconrado|101|
|gen|9
|tier|[Gen 9 Champions] VGC 2026 Reg M-B (Bo3)
|rule|Species Clause: Limit one of each Pokémon
|rule|Item Clause: Limit 1 of each item
|clearpoke
|poke|p1|Blaziken, L50, F|
|poke|p1|Aerodactyl, L50, M|
|poke|p1|Kingambit, L50, F|
|poke|p1|Basculegion, L50, M|
|poke|p1|Sylveon, L50, F|
|poke|p1|Torkoal, L50, M|
|poke|p2|Gengar, L50, F|
|poke|p2|Ninetales-Alola, L50, M|
|poke|p2|Palafin, L50, F|
|poke|p2|Garchomp, L50, F|
|poke|p2|Incineroar, L50, M|
|poke|p2|Vivillon-Fancy, L50, F|
|teampreview|4
|showteam|p1|Blaziken||Blazikenite|SpeedBoost|FlareBlitz,CloseCombat,Protect,RockSlide|Adamant||F|||50|]Aerodactyl||Aerodactylite|Unnerve|RockSlide,DualWingbeat,IceFang,Tailwind|Jolly||M|||50|]Kingambit||LifeOrb|Defiant|KowtowCleave,Protect,IronHead,SuckerPunch|Adamant||F|||50|]Basculegion||FocusSash|Adaptability|Liquidation,Protect,LastRespects,AquaJet|Adamant||M|||50|]Sylveon||FairyFeather|Pixilate|HyperVoice,Moonblast,QuickAttack,Protect|Modest||F|||50|]Torkoal||Leftovers|Drought|BurningJealousy,WeatherBall,Protect,Yawn|Relaxed||M|||50|
|showteam|p2|Gengar||Gengarite|CursedBody|Protect,ShadowBall,SludgeBomb,DazzlingGleam|Modest||F|||50|]Ninetales-Alola||NeverMeltIce|SnowWarning|Protect,Blizzard,FreezeDry,Moonblast|Timid||M|||50|]Palafin||MysticWater|ZerotoHero|Protect,JetPunch,WaveCrash,CloseCombat|Adamant||F|||50|]Garchomp||ChoiceScarf|RoughSkin|Earthquake,RockSlide,StompingTantrum,DragonClaw|Adamant||F|||50|]Incineroar||SitrusBerry|Intimidate|PartingShot,FakeOut,FlareBlitz,ThroatChop|Impish||M|||50|]Vivillon-Fancy||FocusSash|CompoundEyes|Protect,Hurricane,SleepPowder,Tailwind|Timid||F|||50|
|inactive|Battle timer is ON: inactive players will automatically lose when time's up. (requested by gabaconrado)
|inactive|int shadowbtl has 60 seconds left.
|
|t:|1784501466
|teamsize|p1|4
|teamsize|p2|4
|start
|switch|p1a: Basculegion|Basculegion, L50, M|100/100
|switch|p1b: Kingambit|Kingambit, L50, F|100/100
|switch|p2a: Garchomp|Garchomp, L50, F|100/100
|switch|p2b: Vivillon|Vivillon-Fancy, L50, F|100/100
|turn|1
|inactive|int shadowbtl has 30 seconds left.
|
|t:|1784501499
|move|p1a: Basculegion|Aqua Jet|p2b: Vivillon
|-damage|p2b: Vivillon|45/100
|move|p1b: Kingambit|Sucker Punch|p2a: Garchomp
|-damage|p2a: Garchomp|45/100
|-damage|p1b: Kingambit|87/100|[from] ability: Rough Skin|[of] p2a: Garchomp
|-damage|p1b: Kingambit|78/100|[from] item: Life Orb
|move|p2a: Garchomp|Earthquake|p1a: Basculegion|[spread] p1a,p1b
|-immune|p2b: Vivillon
|-supereffective|p1b: Kingambit|1
|-damage|p1a: Basculegion|41/100
|-damage|p1b: Kingambit|14/100
|move|p2b: Vivillon|Sleep Powder|p1a: Basculegion
|-status|p1a: Basculegion|slp|[from] move: Sleep Powder
|
|upkeep
|turn|2
|inactive|gabaconrado has 30 seconds left.
|
|t:|1784501528
|switch|p2a: Gengar|Gengar, L50, F|100/100
|cant|p1a: Basculegion|slp
|move|p1b: Kingambit|Protect|p1b: Kingambit
|-singleturn|p1b: Kingambit|Protect
|move|p2b: Vivillon|Sleep Powder|p1b: Kingambit
|-activate|p1b: Kingambit|move: Protect
|
|upkeep
|turn|3
|inactive|gabaconrado has 30 seconds left.
|
|t:|1784501554
|detailschange|p2a: Gengar|Gengar-Mega, L50, F
|-mega|p2a: Gengar|Gengar|Gengarite
|move|p2a: Gengar|Protect|p2a: Gengar
|-singleturn|p2a: Gengar|Protect
|cant|p1a: Basculegion|slp
|move|p1b: Kingambit|Sucker Punch||[still]
|-fail|p1b: Kingambit
|move|p2b: Vivillon|Hurricane|p1b: Kingambit
|-resisted|p1b: Kingambit|1
|-damage|p1b: Kingambit|0 fnt
|faint|p1b: Kingambit
|
|upkeep
|
|t:|1784501568
|switch|p1b: Blaziken|Blaziken, L50, F|100/100
|turn|4
|
|t:|1784501574
|switch|p2b: Incineroar|Incineroar, L50, M|100/100
|-ability|p2b: Incineroar|Intimidate|boost
|-unboost|p1a: Basculegion|atk|1
|-unboost|p1b: Blaziken|atk|1
|detailschange|p1b: Blaziken|Blaziken-Mega, L50, F
|-mega|p1b: Blaziken|Blaziken|Blazikenite
|move|p1b: Blaziken|Protect|p1b: Blaziken
|-singleturn|p1b: Blaziken|Protect
|-curestatus|p1a: Basculegion|slp|[msg]
|move|p1a: Basculegion|Protect|p1a: Basculegion
|-singleturn|p1a: Basculegion|Protect
|move|p2a: Gengar|Shadow Ball|p1a: Basculegion
|-activate|p1a: Basculegion|move: Protect
|
|-ability|p1b: Blaziken|Speed Boost|boost
|-boost|p1b: Blaziken|spe|1
|upkeep
|turn|5
|inactive|int shadowbtl has 30 seconds left.
|inactive|gabaconrado has 30 seconds left.
|
|t:|1784501608
|move|p2a: Gengar|Protect|p2a: Gengar
|-singleturn|p2a: Gengar|Protect
|move|p1b: Blaziken|Rock Slide|p2a: Gengar|[spread] p2b
|-activate|p2a: Gengar|move: Protect
|-supereffective|p2b: Incineroar|1
|-damage|p2b: Incineroar|73/100
|move|p1a: Basculegion|Last Respects|p2a: Gengar
|-activate|p2a: Gengar|move: Protect
|cant|p2b: Incineroar|flinch
|
|-ability|p1b: Blaziken|Speed Boost|boost
|-boost|p1b: Blaziken|spe|1
|upkeep
|turn|6
|
|t:|1784501628
|move|p1a: Basculegion|Aqua Jet|p2a: Gengar
|-damage|p2a: Gengar|74/100
|move|p1b: Blaziken|Flare Blitz|p2a: Gengar
|-damage|p2a: Gengar|6/100
|-damage|p1b: Blaziken|75/100|[from] Recoil
|move|p2a: Gengar|Dazzling Gleam|p1a: Basculegion|[spread] p1a,p1b
|-damage|p1a: Basculegion|13/100
|-damage|p1b: Blaziken|43/100
|move|p2b: Incineroar|Parting Shot|p1b: Blaziken
|-unboost|p1b: Blaziken|atk|1
|-unboost|p1b: Blaziken|spa|1
|
|t:|1784501645
|switch|p2b: Vivillon|Vivillon-Fancy, L50, F|45/100|[from] Parting Shot
|
|-ability|p1b: Blaziken|Speed Boost|boost
|-boost|p1b: Blaziken|spe|1
|upkeep
|turn|7
|
|t:|1784501665
|switch|p2a: Incineroar|Incineroar, L50, M|73/100
|-ability|p2a: Incineroar|Intimidate|boost
|-unboost|p1a: Basculegion|atk|1
|-unboost|p1b: Blaziken|atk|1
|move|p2b: Vivillon|Protect|p2b: Vivillon
|-singleturn|p2b: Vivillon|Protect
|move|p1a: Basculegion|Aqua Jet|p2a: Incineroar
|-supereffective|p2a: Incineroar|1
|-damage|p2a: Incineroar|49/100
|-enditem|p2a: Incineroar|Sitrus Berry|[eat]
|-heal|p2a: Incineroar|74/100|[from] item: Sitrus Berry
|move|p1b: Blaziken|Flare Blitz|p2b: Vivillon
|-activate|p2b: Vivillon|move: Protect
|
|-ability|p1b: Blaziken|Speed Boost|boost
|-boost|p1b: Blaziken|spe|1
|upkeep
|turn|8
|
|t:|1784501690
|switch|p1a: Torkoal|Torkoal, L50, M|100/100
|-weather|SunnyDay|[from] ability: Drought|[of] p1a: Torkoal
|move|p2a: Incineroar|Fake Out|p1b: Blaziken
|-damage|p1b: Blaziken|28/100
|cant|p1b: Blaziken|flinch
|move|p2b: Vivillon|Hurricane|p1a: Torkoal|[miss]
|-miss|p2b: Vivillon|p1a: Torkoal
|
|-weather|SunnyDay|[upkeep]
|-ability|p1b: Blaziken|Speed Boost|boost
|-boost|p1b: Blaziken|spe|1
|upkeep
|turn|9
|inactive|int shadowbtl has 30 seconds left.
|inactive|gabaconrado has 30 seconds left.
|inactive|int shadowbtl has 20 seconds left.
|inactive|gabaconrado has 20 seconds left.
|inactive|gabaconrado has 15 seconds left.
|inactive|gabaconrado has 10 seconds left.
|
|t:|1784501740
|switch|p1b: Basculegion|Basculegion, L50, M|13/100
|move|p2b: Vivillon|Protect|p2b: Vivillon
|-singleturn|p2b: Vivillon|Protect
|move|p2a: Incineroar|Parting Shot|p1b: Basculegion
|-unboost|p1b: Basculegion|atk|1
|-unboost|p1b: Basculegion|spa|1
|
|t:|1784501748
|switch|p2a: Gengar|Gengar-Mega, L50, F|6/100|[from] Parting Shot
|move|p1a: Torkoal|Yawn|p2a: Gengar
|-start|p2a: Gengar|move: Yawn|[of] p1a: Torkoal
|
|-weather|SunnyDay|[upkeep]
|upkeep
|turn|10
|
|t:|1784501765
|switch|p2a: Incineroar|Incineroar, L50, M|74/100
|-ability|p2a: Incineroar|Intimidate|boost
|-unboost|p1a: Torkoal|atk|1
|-unboost|p1b: Basculegion|atk|1
|move|p1b: Basculegion|Protect|p1b: Basculegion
|-singleturn|p1b: Basculegion|Protect
|move|p2b: Vivillon|Sleep Powder|p1a: Torkoal
|-status|p1a: Torkoal|slp|[from] move: Sleep Powder
|cant|p1a: Torkoal|slp
|
|-weather|SunnyDay|[upkeep]
|upkeep
|turn|11
|inactive|gabaconrado has 30 seconds left.
|inactive|int shadowbtl has 30 seconds left.
|
|t:|1784501796
|move|p2b: Vivillon|Hurricane|p1a: Torkoal
|-damage|p1a: Torkoal|47/100 slp
|-start|p1a: Torkoal|confusion
|move|p1b: Basculegion|Last Respects|p2b: Vivillon
|-damage|p2b: Vivillon|0 fnt
|faint|p2b: Vivillon
|move|p2a: Incineroar|Parting Shot|p1b: Basculegion
|-unboost|p1b: Basculegion|atk|1
|-unboost|p1b: Basculegion|spa|1
|
|t:|1784501807
|switch|p2a: Garchomp|Garchomp, L50, F|45/100|[from] Parting Shot
|cant|p1a: Torkoal|slp
|
|-weather|SunnyDay|[upkeep]
|-heal|p1a: Torkoal|53/100 slp|[from] item: Leftovers
|upkeep
|
|t:|1784501819
|switch|p2b: Gengar|Gengar-Mega, L50, F|6/100
|turn|12
|
|t:|1784501832
|move|p2b: Gengar|Protect|p2b: Gengar
|-singleturn|p2b: Gengar|Protect
|move|p1b: Basculegion|Protect|p1b: Basculegion
|-singleturn|p1b: Basculegion|Protect
|-curestatus|p1a: Torkoal|slp|[msg]
|-activate|p1a: Torkoal|confusion
|move|p1a: Torkoal|Protect|p1a: Torkoal
|-singleturn|p1a: Torkoal|Protect
|move|p2a: Garchomp|Dragon Claw|p1b: Basculegion
|-activate|p1b: Basculegion|move: Protect
|
|-weather|none
|-heal|p1a: Torkoal|59/100|[from] item: Leftovers
|upkeep
|turn|13
|
|t:|1784501856
|switch|p2b: Incineroar|Incineroar, L50, M|74/100
|-ability|p2b: Incineroar|Intimidate|boost
|-unboost|p1a: Torkoal|atk|1
|-unboost|p1b: Basculegion|atk|1
|move|p1b: Basculegion|Aqua Jet|p2b: Incineroar
|-supereffective|p2b: Incineroar|1
|-damage|p2b: Incineroar|58/100
|move|p2a: Garchomp|Dragon Claw|p1b: Basculegion
|-damage|p1b: Basculegion|0 fnt
|faint|p1b: Basculegion
|-end|p1a: Torkoal|confusion
|move|p1a: Torkoal|Yawn|p2a: Garchomp
|-start|p2a: Garchomp|move: Yawn|[of] p1a: Torkoal
|
|-heal|p1a: Torkoal|65/100|[from] item: Leftovers
|upkeep
|
|t:|1784501871
|switch|p1b: Blaziken|Blaziken-Mega, L50, F|28/100
|turn|14
|
|t:|1784501882
|switch|p2a: Gengar|Gengar-Mega, L50, F|6/100
|move|p1b: Blaziken|Protect|p1b: Blaziken
|-singleturn|p1b: Blaziken|Protect
|move|p2b: Incineroar|Parting Shot|p1a: Torkoal
|-unboost|p1a: Torkoal|atk|1
|-unboost|p1a: Torkoal|spa|1
|
|t:|1784501888
|switch|p2b: Garchomp|Garchomp, L50, F|45/100|[from] Parting Shot
|move|p1a: Torkoal|Burning Jealousy|p2a: Gengar|[spread] p2a,p2b
|-resisted|p2b: Garchomp|1
|-damage|p2a: Gengar|0 fnt
|-damage|p2b: Garchomp|38/100
|faint|p2a: Gengar
|
|-heal|p1a: Torkoal|72/100|[from] item: Leftovers
|-ability|p1b: Blaziken|Speed Boost|boost
|-boost|p1b: Blaziken|spe|1
|upkeep
|
|t:|1784501898
|switch|p2a: Incineroar|Incineroar, L50, M|58/100
|-ability|p2a: Incineroar|Intimidate|boost
|-unboost|p1a: Torkoal|atk|1
|-unboost|p1b: Blaziken|atk|1
|turn|15
|
|t:|1784501916
|move|p1b: Blaziken|Protect|p1b: Blaziken
|-singleturn|p1b: Blaziken|Protect
|move|p1a: Torkoal|Protect|p1a: Torkoal
|-singleturn|p1a: Torkoal|Protect
|move|p2a: Incineroar|Fake Out|p1b: Blaziken
|-activate|p1b: Blaziken|move: Protect
|move|p2b: Garchomp|Stomping Tantrum|p1b: Blaziken
|-activate|p1b: Blaziken|move: Protect
|
|-heal|p1a: Torkoal|78/100|[from] item: Leftovers
|-ability|p1b: Blaziken|Speed Boost|boost
|-boost|p1b: Blaziken|spe|1
|upkeep
|turn|16
|
|t:|1784501936
|move|p1b: Blaziken|Close Combat|p2b: Garchomp
|-damage|p2b: Garchomp|0 fnt
|-unboost|p1b: Blaziken|def|1
|-unboost|p1b: Blaziken|spd|1
|-damage|p1b: Blaziken|16/100|[from] ability: Rough Skin|[of] p2b: Garchomp
|faint|p2b: Garchomp
|move|p2a: Incineroar|Parting Shot|p1b: Blaziken
|-unboost|p1b: Blaziken|atk|1
|-unboost|p1b: Blaziken|spa|1
|move|p1a: Torkoal|Yawn|p2a: Incineroar
|-start|p2a: Incineroar|move: Yawn|[of] p1a: Torkoal
|
|-heal|p1a: Torkoal|84/100|[from] item: Leftovers
|-ability|p1b: Blaziken|Speed Boost|boost
|-boost|p1b: Blaziken|spe|1
|upkeep
|turn|17
|-message|gabaconrado forfeited.
|
|win|int shadowbtl
