|j|☆zifisha
|j|☆fkk567
|html|zifishafkk567    
|uhtml|bestof|Game 1 of a best-of-3
|t:|1785332396
|gametype|doubles
|player|p1|zifisha|265|
|player|p2|fkk567|winona-gen6|
|gen|9
|tier|[Gen 9 Champions] VGC 2026 Reg M-B (Bo3)
|rule|Species Clause: Limit one of each Pokémon
|rule|Item Clause: Limit 1 of each item
|clearpoke
|poke|p1|Raichu, L50, F, shiny|
|poke|p1|Staraptor, L50, F|
|poke|p1|Gholdengo, L50|
|poke|p1|Meowscarada, L50, F, shiny|
|poke|p1|Whimsicott, L50, F, shiny|
|poke|p1|Primarina, L50, F, shiny|
|poke|p2|Kangaskhan, L50, F|
|poke|p2|Aromatisse, L50, M|
|poke|p2|Farigiraf, L50, M|
|poke|p2|Camerupt, L50, F|
|poke|p2|Avalugg-Hisui, L50, F|
|poke|p2|Vivillon-Pokeball, L50, M|
|teampreview|4
|showteam|p1|Raichu||RaichuniteY|LightningRod|FakeOut,ZapCannon,FocusBlast,Protect|Timid||F|||50|]Staraptor||Staraptite|Intimidate|CloseCombat,BraveBird,Tailwind,Protect|Jolly||F|||50|]Gholdengo||FocusSash|GoodasGold|MakeItRain,NastyPlot,ShadowBall,PowerGem|Timid|||||50|]Meowscarada||LifeOrb|Protean|FlowerTrick,KnockOff,Protect,LowKick|Jolly||F|||50|]Whimsicott||OccaBerry|Prankster|Tailwind,Encore,Charm,Moonblast|Timid||F|||50|]Primarina||SitrusBerry|LiquidVoice|Protect,HyperVoice,DazzlingGleam,CalmMind|Modest||F|||50|
|showteam|p2|Kangaskhan||LifeOrb|Scrappy|FakeOut,DoubleEdge,HammerArm,IcePunch|Brave||F|||50|]Aromatisse||IronBall|AromaVeil|Moonblast,TrickRoom,SunnyDay,Protect|Quiet||M|||50|]Farigiraf||SitrusBerry|ArmorTail|Protect,Psychic,GrassKnot,TrickRoom|Quiet||M|||50|]Camerupt||Cameruptite|SolidRock|Eruption,HeatWave,EarthPower,AncientPower|Quiet||F|||50|]Avalugg-Hisui||WideLens|Sturdy|MountainGale,BodyPress,RockSlide,WideGuard|Brave||F|||50|]Vivillon-Pokeball||FocusSash|CompoundEyes|Hurricane,RagePowder,SleepPowder,Protect|Timid||M|||50|
|j| cramorantn
|inactive|Battle timer is ON: inactive players will automatically lose when time's up. (requested by fkk567)
|c| cramorantn|克里斯加油
|inactive|zifisha has 60 seconds left.
|
|t:|1785332453
|teamsize|p1|4
|teamsize|p2|4
|start
|switch|p1a: Raichu|Raichu, L50, F, shiny|100/100
|switch|p1b: Gholdengo|Gholdengo, L50|100/100
|switch|p2a: Kangaskhan|Kangaskhan, L50, F|100/100
|switch|p2b: Aromatisse|Aromatisse, L50, M|100/100
|turn|1
|
|t:|1785332466
|detailschange|p1a: Raichu|Raichu-Mega-Y, L50, F, shiny
|-mega|p1a: Raichu|Raichu|Raichunite Y
|move|p1a: Raichu|Fake Out|p2a: Kangaskhan
|-damage|p2a: Kangaskhan|91/100
|cant|p2a: Kangaskhan|flinch
|move|p1b: Gholdengo|Make It Rain|p2a: Kangaskhan|[spread] p2a,p2b
|-supereffective|p2b: Aromatisse|1
|-damage|p2a: Kangaskhan|41/100
|-damage|p2b: Aromatisse|7/100
|-unboost|p1b: Gholdengo|spa|2
|move|p2b: Aromatisse|Trick Room|p2b: Aromatisse
|-fieldstart|move: Trick Room|[of] p2b: Aromatisse
|
|upkeep
|turn|2
|inactive|zifisha has 30 seconds left.
|
|t:|1785332498
|switch|p1a: Meowscarada|Meowscarada, L50, F, shiny|100/100
|move|p2b: Aromatisse|Sunny Day|p2b: Aromatisse
|-weather|SunnyDay
|move|p2a: Kangaskhan|Hammer Arm|p1b: Gholdengo
|-supereffective|p1b: Gholdengo|1
|-damage|p1b: Gholdengo|8/100
|-unboost|p2a: Kangaskhan|spe|1
|-damage|p2a: Kangaskhan|31/100|[from] item: Life Orb
|move|p1b: Gholdengo|Make It Rain|p2a: Kangaskhan|[spread] p2a,p2b
|-supereffective|p2b: Aromatisse|1
|-damage|p2a: Kangaskhan|7/100
|-damage|p2b: Aromatisse|0 fnt
|-unboost|p1b: Gholdengo|spa|2
|faint|p2b: Aromatisse
|
|-weather|SunnyDay|[upkeep]
|upkeep
|c|☆fkk567|还有应援
|
|t:|1785332508
|switch|p2b: Camerupt|Camerupt, L50, F|100/100
|turn|3
|inactive|zifisha has 30 seconds left.
|inactive|zifisha has 20 seconds left.
|inactive|zifisha has 15 seconds left.
|
|t:|1785332550
|switch|p2a: Avalugg|Avalugg-Hisui, L50, F|100/100
|detailschange|p2b: Camerupt|Camerupt-Mega, L50, F
|-mega|p2b: Camerupt|Camerupt|Cameruptite
|move|p1a: Meowscarada|Protect|p1a: Meowscarada
|-start|p1a: Meowscarada|typechange|Normal|[from] ability: Protean
|-singleturn|p1a: Meowscarada|Protect
|move|p2b: Camerupt|Eruption|p1a: Meowscarada|[spread] p1b
|-activate|p1a: Meowscarada|move: Protect
|-supereffective|p1b: Gholdengo|1
|-damage|p1b: Gholdengo|0 fnt
|faint|p1b: Gholdengo
|
|-weather|SunnyDay|[upkeep]
|upkeep
|
|t:|1785332563
|switch|p1b: Raichu|Raichu-Mega-Y, L50, F, shiny|100/100
|turn|4
|
|t:|1785332573
|move|p1b: Raichu|Fake Out|p2b: Camerupt
|-damage|p2b: Camerupt|91/100
|cant|p2b: Camerupt|flinch
|move|p2a: Avalugg|Body Press|p1a: Meowscarada
|-supereffective|p1a: Meowscarada|1
|-damage|p1a: Meowscarada|0 fnt
|faint|p1a: Meowscarada
|
|-weather|SunnyDay|[upkeep]
|upkeep
|c| cramorantn|假面喵为什么不是茂盛
|
|t:|1785332585
|switch|p1a: Primarina|Primarina, L50, F, shiny|100/100
|turn|5
|
|t:|1785332595
|move|p1a: Primarina|Protect|p1a: Primarina
|-singleturn|p1a: Primarina|Protect
|move|p1b: Raichu|Protect|p1b: Raichu
|-singleturn|p1b: Raichu|Protect
|move|p2b: Camerupt|Eruption|p1a: Primarina|[spread] 
|-activate|p1a: Primarina|move: Protect
|-activate|p1b: Raichu|move: Protect
|move|p2a: Avalugg|Rock Slide|p1a: Primarina|[spread] 
|-activate|p1a: Primarina|move: Protect
|-activate|p1b: Raichu|move: Protect
|
|-weather|SunnyDay|[upkeep]
|-fieldend|move: Trick Room
|upkeep
|turn|6
|
|t:|1785332617
|move|p2a: Avalugg|Wide Guard|p2a: Avalugg
|-singleturn|p2a: Avalugg|Wide Guard
|move|p1b: Raichu|Focus Blast|p2a: Avalugg
|-supereffective|p2a: Avalugg|2
|-ability|p2a: Avalugg|Sturdy
|-damage|p2a: Avalugg|1/100
|move|p1a: Primarina|Hyper Voice|p2b: Camerupt|[spread] 
|-activate|p2a: Avalugg|move: Wide Guard
|-activate|p2b: Camerupt|move: Wide Guard
|move|p2b: Camerupt|Earth Power|p1b: Raichu
|-supereffective|p1b: Raichu|1
|-damage|p1b: Raichu|0 fnt
|faint|p1b: Raichu
|
|-weather|none
|upkeep
|turn|7
|
|t:|1785332624
|move|p2a: Avalugg|Wide Guard|p2a: Avalugg
|-singleturn|p2a: Avalugg|Wide Guard
|move|p1a: Primarina|Hyper Voice|p2b: Camerupt|[spread] 
|-activate|p2a: Avalugg|move: Wide Guard
|-activate|p2b: Camerupt|move: Wide Guard
|move|p2b: Camerupt|Earth Power|p1a: Primarina
|-damage|p1a: Primarina|28/100
|-enditem|p1a: Primarina|Sitrus Berry|[eat]
|-heal|p1a: Primarina|53/100|[from] item: Sitrus Berry
|
|upkeep
|turn|8
|
|t:|1785332632
|move|p2a: Avalugg|Wide Guard|p2a: Avalugg
|-singleturn|p2a: Avalugg|Wide Guard
|move|p1a: Primarina|Calm Mind|p1a: Primarina
|-boost|p1a: Primarina|spa|1
|-boost|p1a: Primarina|spd|1
|move|p2b: Camerupt|Earth Power|p1a: Primarina
|-damage|p1a: Primarina|9/100
|
|upkeep
|turn|9
|
|t:|1785332638
|move|p2a: Avalugg|Wide Guard|p2a: Avalugg
|-singleturn|p2a: Avalugg|Wide Guard
|move|p1a: Primarina|Hyper Voice|p2a: Avalugg|[spread] 
|-activate|p2a: Avalugg|move: Wide Guard
|-activate|p2b: Camerupt|move: Wide Guard
|move|p2b: Camerupt|Earth Power|p1a: Primarina
|-damage|p1a: Primarina|0 fnt
|faint|p1a: Primarina
|
|win|fkk567
||zifisha is ready for game 2.
||fkk567 is ready for game 2.
|uhtml|next|Next: Game 2 of 3
|c| cramorantn|克圣！
|l| cramorantn
|l|☆zifisha
|player|p1|
