|j|☆Arnau3Kum
|j|☆colemarcusvgc
|html|Arnau3Kumcolemarcusvgc    
|uhtml|bestof|Game 2 of a best-of-3
|t:|1756493257
|gametype|doubles
|player|p1|Arnau3Kum|101|1098
|player|p2|colemarcusvgc|n|1021
|gen|9
|tier|[Gen 9] VGC 2025 Reg H (Bo3)
|rated|
|rule|Species Clause: Limit one of each Pokémon
|rule|Item Clause: Limit 1 of each item
|clearpoke
|poke|p1|Tentacruel, L50, F|
|poke|p1|Indeedee, L50, M|
|poke|p1|Gardevoir, L50, F|
|poke|p1|Maushold, L50|
|poke|p1|Archaludon, L50, M|
|poke|p1|Politoed, L50, M|
|poke|p2|Indeedee-F, L50, F|
|poke|p2|Hatterene, L50, F|
|poke|p2|Ursaluna, L50, F|
|poke|p2|Amoonguss, L50, F|
|poke|p2|Porygon2, L50|
|poke|p2|Archaludon, L50, M|
|teampreview|4
|showteam|p1|Tentacruel||RockyHelmet|ClearBody|AcidSpray,MuddyWater,SludgeBomb,Protect|||F|||50|,,,,,Ghost]Indeedee||FocusSash|PsychicSurge|ExpandingForce,HyperVoice,TeraBlast,Protect|||M|||50|,,,,,Fighting]Gardevoir||ChoiceScarf|Synchronize|ExpandingForce,Moonblast,ShadowBall,Trick|||F|||50|,,,,,Psychic]Maushold||LoadedDice|Technician|PopulationBomb,BulletSeed,FollowMe,Protect||||||50|,,,,,Ghost]Archaludon||AssaultVest|Stamina|DracoMeteor,FlashCannon,ElectroShot,BodyPress|||M|||50|,,,,,Bug]Politoed||SitrusBerry|Drizzle|PerishSong,MuddyWater,IceBeam,Protect|||M|||50|,,,,,Grass
|showteam|p2|Indeedee-F||RockyHelmet|PsychicSurge|FollowMe,HelpingHand,TrickRoom,DazzlingGleam|||F|||50|,,,,,Fairy]Hatterene||LifeOrb|MagicBounce|TrickRoom,ExpandingForce,MysticalFire,DazzlingGleam|||F|||50|,,,,,Ghost]Ursaluna||FlameOrb|Guts|Facade,HeadlongRush,Earthquake,Protect|||F|||50|,,,,,Ghost]Amoonguss||SitrusBerry|Regenerator|Spore,RagePowder,PollenPuff,SludgeBomb|||F|||50|,,,,,Water]Porygon2||Eviolite|Download|TrickRoom,Recover,IceBeam,TeraBlast||||||50|,,,,,Grass]Archaludon||AssaultVest|Stamina|ElectroShot,DracoMeteor,FlashCannon,BodyPress|||M|||50|,,,,,Steel
|inactive|Battle timer is ON: inactive players will automatically lose when time's up. (requested by Arnau3Kum)
|
|t:|1756493281
|teamsize|p1|4
|teamsize|p2|4
|start
|switch|p1a: Tentacruel|Tentacruel, L50, F|100/100
|switch|p1b: Indeedee|Indeedee, L50, M|100/100
|switch|p2a: Amoonguss|Amoonguss, L50, F|100/100
|switch|p2b: Indeedee|Indeedee-F, L50, F|100/100
|-fieldstart|move: Psychic Terrain|[from] ability: Psychic Surge|[of] p1b: Indeedee
|turn|1
|inactive|colemarcusvgc has 30 seconds left.
|inactive|Arnau3Kum has 30 seconds left.
|
|t:|1756493313
|move|p1a: Tentacruel|Acid Spray|p2a: Amoonguss
|-damage|p2a: Amoonguss|90/100
|-unboost|p2a: Amoonguss|spd|2
|move|p1b: Indeedee|Expanding Force|p2b: Indeedee|[spread] p2a,p2b
|-supereffective|p2a: Amoonguss
|-resisted|p2b: Indeedee
|-damage|p2a: Amoonguss|0 fnt
|-damage|p2b: Indeedee|82/100
|faint|p2a: Amoonguss
|move|p2b: Indeedee|Trick Room|p2b: Indeedee
|-fieldstart|move: Trick Room|[of] p2b: Indeedee
|
|upkeep
|
|t:|1756493323
|switch|p2a: Ursaluna|Ursaluna, L50, F|100/100
|turn|2
|
|t:|1756493336
|switch|p1b: Politoed|Politoed, L50, M|100/100
|-weather|RainDance|[from] ability: Drizzle|[of] p1b: Politoed
|-terastallize|p1a: Tentacruel|Ghost
|move|p2b: Indeedee|Follow Me|p2b: Indeedee
|-singleturn|p2b: Indeedee|move: Follow Me
|move|p2a: Ursaluna|Headlong Rush|p1b: Politoed
|-damage|p1b: Politoed|30/100
|-unboost|p2a: Ursaluna|def|1
|-unboost|p2a: Ursaluna|spd|1
|-enditem|p1b: Politoed|Sitrus Berry|[eat]
|-heal|p1b: Politoed|55/100|[from] item: Sitrus Berry
|move|p1a: Tentacruel|Muddy Water|p2b: Indeedee|[spread] p2a,p2b
|-supereffective|p2a: Ursaluna
|-damage|p2a: Ursaluna|16/100
|-damage|p2b: Indeedee|59/100
|
|-weather|RainDance|[upkeep]
|-status|p2a: Ursaluna|brn|[from] item: Flame Orb
|upkeep
|turn|3
|inactive|colemarcusvgc has 30 seconds left.
|
|t:|1756493364
|move|p1b: Politoed|Protect|p1b: Politoed
|-singleturn|p1b: Politoed|Protect
|move|p2a: Ursaluna|Facade|p1b: Politoed
|-activate|p1b: Politoed|move: Protect
|move|p2b: Indeedee|Dazzling Gleam|p1b: Politoed|[spread] p1a
|-activate|p1b: Politoed|move: Protect
|-damage|p1a: Tentacruel|88/100
|move|p1a: Tentacruel|Muddy Water|p2b: Indeedee|[spread] p2a,p2b
|-supereffective|p2a: Ursaluna
|-crit|p2b: Indeedee
|-damage|p2a: Ursaluna|0 fnt
|-damage|p2b: Indeedee|25/100
|faint|p2a: Ursaluna
|
|-weather|RainDance|[upkeep]
|upkeep
|
|t:|1756493377
|switch|p2a: Archaludon|Archaludon, L50, M|100/100
|turn|4
|
|t:|1756493395
|move|p1b: Politoed|Protect||[still]
|-fail|p1b: Politoed
|move|p2b: Indeedee|Dazzling Gleam|p1b: Politoed|[spread] p1a,p1b
|-damage|p1a: Tentacruel|77/100
|-damage|p1b: Politoed|44/100
|move|p2a: Archaludon|Electro Shot||[still]
|-prepare|p2a: Archaludon|Electro Shot
|-boost|p2a: Archaludon|spa|1
|-anim|p2a: Archaludon|Electro Shot|p1b: Politoed
|-supereffective|p1b: Politoed
|-damage|p1b: Politoed|0 fnt
|faint|p1b: Politoed
|move|p1a: Tentacruel|Muddy Water|p2b: Indeedee|[spread] p2b
|-miss|p1a: Tentacruel|p2a: Archaludon
|-damage|p2b: Indeedee|3/100
|
|-weather|RainDance|[upkeep]
|upkeep
|
|t:|1756493400
|switch|p1b: Archaludon|Archaludon, L50, M|100/100
|turn|5
|
|t:|1756493422
|-terastallize|p2a: Archaludon|Steel
|move|p2b: Indeedee|Helping Hand|p2a: Archaludon
|-singleturn|p2a: Archaludon|Helping Hand|[of] p2b: Indeedee
|move|p1a: Tentacruel|Protect|p1a: Tentacruel
|-singleturn|p1a: Tentacruel|Protect
|move|p2a: Archaludon|Draco Meteor|p1b: Archaludon
|-damage|p1b: Archaludon|0 fnt
|-unboost|p2a: Archaludon|spa|2
|faint|p1b: Archaludon
|
|-weather|RainDance|[upkeep]
|-fieldend|move: Trick Room
|-fieldend|move: Psychic Terrain
|upkeep
|
|t:|1756493428
|switch|p1b: Indeedee|Indeedee, L50, M|100/100
|-fieldstart|move: Psychic Terrain|[from] ability: Psychic Surge|[of] p1b: Indeedee
|turn|6
|inactive|colemarcusvgc has 30 seconds left.
|
|t:|1756493458
|move|p2b: Indeedee|Helping Hand|p2a: Archaludon
|-singleturn|p2a: Archaludon|Helping Hand|[of] p2b: Indeedee
|move|p1a: Tentacruel|Muddy Water|p2a: Archaludon|[spread] p2a,p2b
|-damage|p2a: Archaludon|78/100
|-damage|p2b: Indeedee|0 fnt
|-ability|p2a: Archaludon|Stamina|boost
|-boost|p2a: Archaludon|def|1
|faint|p2b: Indeedee
|move|p1b: Indeedee|Expanding Force|p2a: Archaludon
|-resisted|p2a: Archaludon
|-damage|p2a: Archaludon|51/100
|-ability|p2a: Archaludon|Stamina|boost
|-boost|p2a: Archaludon|def|1
|move|p2a: Archaludon|Electro Shot||[still]
|-prepare|p2a: Archaludon|Electro Shot
|-boost|p2a: Archaludon|spa|1
|-anim|p2a: Archaludon|Electro Shot|p1a: Tentacruel
|-damage|p1a: Tentacruel|17/100
|
|-weather|none
|upkeep
|turn|7
|
|t:|1756493477
|move|p1a: Tentacruel|Muddy Water|p2a: Archaludon
|-damage|p2a: Archaludon|28/100
|-ability|p2a: Archaludon|Stamina|boost
|-boost|p2a: Archaludon|def|1
|move|p1b: Indeedee|Expanding Force|p2a: Archaludon
|-resisted|p2a: Archaludon
|-damage|p2a: Archaludon|0 fnt
|faint|p2a: Archaludon
|
|win|Arnau3Kum
|raw|Arnau3Kum's rating: 1098 → 1118(+20 for winning)
|raw|colemarcusvgc's rating: 1021 → 1011(-10 for losing)
|c|☆Arnau3Kum|gg
|c|☆colemarcusvgc|gg!
