|j|☆SandOfStar
|j|☆ironbundlesweeps
|html|SandOfStarironbundlesweeps    
|uhtml|bestof|Game 3 of a best-of-3
|t:|1757918695
|gametype|doubles
|player|p1|SandOfStar|cynthia-gen4|1085
|player|p2|ironbundlesweeps|101|1018
|gen|9
|tier|[Gen 9] VGC 2025 Reg H (Bo3)
|rated|
|rule|Species Clause: Limit one of each Pokémon
|rule|Item Clause: Limit 1 of each item
|clearpoke
|poke|p1|Annihilape, L50, M|
|poke|p1|Archaludon, L50, F|
|poke|p1|Pelipper, L50, F|
|poke|p1|Maushold-Four, L50|
|poke|p1|Sinistcha, L50|
|poke|p1|Grimmsnarl, L50, M|
|poke|p2|Dragapult, L50, M|
|poke|p2|Gholdengo, L50|
|poke|p2|Typhlosion-Hisui, L50, M|
|poke|p2|Incineroar, L50, M|
|poke|p2|Amoonguss, L50, F|
|poke|p2|Sneasler, L50, F|
|teampreview|4
|showteam|p1|Annihilape||SpellTag|Defiant|RageFist,DrainPunch,BulkUp,Protect|||M|||50|,,,,,Fire]Archaludon||AssaultVest|Stamina|ElectroShot,DracoMeteor,Snarl,BodyPress|||F|||50|,,,,,Bug]Pelipper||LifeOrb|Drizzle|Tailwind,Hurricane,WeatherBall,Protect|||F|||50|,,,,,Stellar]Maushold-Four||SafetyGoggles|FriendGuard|Taunt,FollowMe,BeatUp,Protect||||||50|,,,,,Ghost]Sinistcha||SitrusBerry|Hospitality|LifeDew,TrickRoom,StrengthSap,MatchaGotcha||||||50|,,,,,Water]Grimmsnarl||LightClay|Prankster|ThunderWave,LightScreen,Reflect,SpiritBreak|||M|||50|,,,,,Ghost
|showteam|p2|Dragapult||LifeOrb|ClearBody|DragonClaw,DragonDarts,PhantomForce,Uturn|||M|||50|,,,,,Steel]Gholdengo||WeaknessPolicy|GoodasGold|ShadowBall,MakeItRain,NastyPlot,FlashCannon||||||50|,,,,,Water]Typhlosion-Hisui||ChoiceScarf|Frisk|Eruption,InfernalParade,Flamethrower,ShadowBall|||M|||50|,,,,,Fire]Incineroar||SitrusBerry|Intimidate|FakeOut,PartingShot,FlareBlitz,KnockOff|||M|||50|,,,,,Ghost]Amoonguss||RockyHelmet|EffectSpore|PollenPuff,Spore,RagePowder,FoulPlay|||F|||50|,,,,,Grass]Sneasler||FocusSash|Unburden|DireClaw,CloseCombat,Acrobatics,Coaching|||F|||50|,,,,,Fighting
|inactive|Battle timer is ON: inactive players will automatically lose when time's up. (requested by ironbundlesweeps)
|
|t:|1757918714
|teamsize|p1|4
|teamsize|p2|4
|start
|switch|p1a: Grimmsnarl|Grimmsnarl, L50, M|100/100
|switch|p1b: Maushold|Maushold-Four, L50|100/100
|switch|p2a: Lelantos|Dragapult, L50, M, shiny|100/100
|switch|p2b: Typhlosion|Typhlosion-Hisui, L50, M, shiny|100/100
|-item|p1a: Grimmsnarl|Light Clay|[from] ability: Frisk|[of] p2b: Typhlosion
|-item|p1b: Maushold|Safety Goggles|[from] ability: Frisk|[of] p2b: Typhlosion
|turn|1
|inactive|SandOfStar has 30 seconds left.
|inactive|SandOfStar has 20 seconds left.
|inactive|SandOfStar has 15 seconds left.
|inactive|SandOfStar has 10 seconds left.
|
|t:|1757918763
|move|p1b: Maushold|Protect|p1b: Maushold
|-singleturn|p1b: Maushold|Protect
|move|p1a: Grimmsnarl|Light Screen|p1a: Grimmsnarl
|-sidestart|p1: SandOfStar|move: Light Screen
|move|p2b: Typhlosion|Eruption|p1b: Maushold|[spread] p1a
|-activate|p1b: Maushold|move: Protect
|-damage|p1a: Grimmsnarl|76/100
|move|p2a: Lelantos|U-turn|p1a: Grimmsnarl
|-damage|p1a: Grimmsnarl|48/100
|-damage|p2a: Lelantos|91/100|[from] item: Life Orb
|
|t:|1757918782
|switch|p2a: Glick-Glock|Incineroar, L50, M, shiny|100/100|[from] U-turn
|-ability|p2a: Glick-Glock|Intimidate|boost
|-unboost|p1a: Grimmsnarl|atk|1
|-unboost|p1b: Maushold|atk|1
|
|upkeep
|turn|2
|inactive|SandOfStar has 30 seconds left.
|inactive|SandOfStar has 20 seconds left.
|
|t:|1757918820
|switch|p1a: Annihilape|Annihilape, L50, M|100/100
|move|p2a: Glick-Glock|Fake Out|p1b: Maushold
|-damage|p1b: Maushold|88/100
|move|p2b: Typhlosion|Eruption|p1b: Maushold|[spread] p1a,p1b
|-damage|p1a: Annihilape|71/100
|-damage|p1b: Maushold|44/100
|cant|p1b: Maushold|flinch
|
|upkeep
|turn|3
|
|t:|1757918844
|move|p2b: Typhlosion|Eruption|p1a: Annihilape|[spread] p1a,p1b
|-damage|p1a: Annihilape|45/100
|-damage|p1b: Maushold|0 fnt
|faint|p1b: Maushold
|move|p1a: Annihilape|Rage Fist|p2b: Typhlosion
|-supereffective|p2b: Typhlosion
|-damage|p2b: Typhlosion|0 fnt
|faint|p2b: Typhlosion
|move|p2a: Glick-Glock|Parting Shot|p1a: Annihilape
|-unboost|p1a: Annihilape|atk|1
|-ability|p1a: Annihilape|Defiant|boost
|-boost|p1a: Annihilape|atk|2
|-unboost|p1a: Annihilape|spa|1
|-ability|p1a: Annihilape|Defiant|boost
|-boost|p1a: Annihilape|atk|2
|
|t:|1757918860
|switch|p2a: Impostor|Amoonguss, L50, F, shiny|100/100|[from] Parting Shot
|
|upkeep
|
|t:|1757918876
|switch|p2b: Lelantos|Dragapult, L50, M, shiny|91/100
|switch|p1b: Grimmsnarl|Grimmsnarl, L50, M|48/100
|turn|4
|
|t:|1757918900
|move|p1b: Grimmsnarl|Thunder Wave|p2b: Lelantos
|-status|p2b: Lelantos|par
|move|p1a: Annihilape|Rage Fist|p2a: Impostor
|-damage|p2a: Impostor|0 fnt
|-damage|p1a: Annihilape|28/100|[from] item: Rocky Helmet|[of] p2a: Impostor
|faint|p2a: Impostor
|move|p2b: Lelantos|Phantom Force||[still]
|-prepare|p2b: Lelantos|Phantom Force
|
|upkeep
|
|t:|1757918912
|switch|p2a: Glick-Glock|Incineroar, L50, M, shiny|100/100
|-ability|p2a: Glick-Glock|Intimidate|boost
|-unboost|p1a: Annihilape|atk|1
|-ability|p1a: Annihilape|Defiant|boost
|-boost|p1a: Annihilape|atk|2
|-unboost|p1b: Grimmsnarl|atk|1
|turn|5
|
|t:|1757918934
|-terastallize|p1a: Annihilape|Fire
|move|p2a: Glick-Glock|Fake Out|p1b: Grimmsnarl
|-damage|p1b: Grimmsnarl|37/100
|cant|p1b: Grimmsnarl|flinch
|move|p1a: Annihilape|Drain Punch|p2a: Glick-Glock
|-supereffective|p2a: Glick-Glock
|-damage|p2a: Glick-Glock|0 fnt
|-heal|p1a: Annihilape|82/100|[from] drain|[of] p2a: Glick-Glock
|faint|p2a: Glick-Glock
|move|p2b: Lelantos|Phantom Force|p1a: Annihilape|[from] lockedmove
|-damage|p1a: Annihilape|9/100
|-damage|p2b: Lelantos|81/100 par|[from] item: Life Orb
|
|upkeep
|turn|6
|
|t:|1757918959
|-terastallize|p2b: Lelantos|Steel
|move|p1b: Grimmsnarl|Reflect|p1b: Grimmsnarl
|-sidestart|p1: SandOfStar|Reflect
|move|p1a: Annihilape|Rage Fist|p2b: Lelantos
|-damage|p2b: Lelantos|0 fnt
|faint|p2b: Lelantos
|
|win|SandOfStar
|raw|SandOfStar's rating: 1085 → 1107(+22 for winning)
|raw|ironbundlesweeps's rating: 1018 → 1008(-10 for losing)
|l|☆ironbundlesweeps
|player|p2|
