|j|☆aswin505
|j|☆i love all turtles
|html|aswin505i love all turtles    
|uhtml|bestof|Game 1 of a best-of-3
|t:|1785757838
|gametype|doubles
|player|p1|aswin505|1|1004
|player|p2|i love all turtles|ethan|1152
|gen|9
|tier|[Gen 9 Champions] VGC 2026 Reg M-B (Bo3)
|rated|
|rule|Species Clause: Limit one of each Pokémon
|rule|Item Clause: Limit 1 of each item
|clearpoke
|poke|p1|Sylveon, L50, F|
|poke|p1|Sableye, L50, M, shiny|
|poke|p1|Rotom-Wash, L50|
|poke|p1|Espathra, L50, M, shiny|
|poke|p1|Gholdengo, L50|
|poke|p1|Tyranitar, L50, F|
|poke|p2|Froslass, L50, F|
|poke|p2|Basculegion, L50, M|
|poke|p2|Kingambit, L50, F|
|poke|p2|Sneasler, L50, M|
|poke|p2|Lycanroc-Dusk, L50, F|
|poke|p2|Scovillain, L50, M, shiny|
|teampreview|4
|showteam|p1|Sylveon||FairyFeather|Pixilate|HyperVoice,HyperBeam,Detect,MysticalFire|Modest||F|||50|]Sableye||FocusBand|Prankster|Gravity,Disable,FoulPlay,Encore|Impish||M|||50|]Rotom-Wash||SitrusBerry|Levitate|HydroPump,WillOWisp,Thunderbolt,Electroweb|Calm|||||50|]Espathra||FocusSash|SpeedBoost|LuminaCrash,Hypnosis,Protect,DazzlingGleam|Modest||M|||50|]Gholdengo||LifeOrb|GoodasGold|MakeItRain,FocusBlast,Protect,ShadowBall|Modest|||||50|]Tyranitar||Tyranitarite|SandStream|IcePunch,KnockOff,RockSlide,Protect|Adamant||F|||50|
|showteam|p2|Froslass||Froslassite|CursedBody|Blizzard,ShadowBall,AuroraVeil,Protect|Timid||F|||50|]Basculegion||SitrusBerry|Adaptability|WaveCrash,LastRespects,AquaJet,Protect|Adamant||M|||50|]Kingambit||LifeOrb|Defiant|KowtowCleave,SuckerPunch,SwordsDance,Protect|Adamant||F|||50|]Sneasler||WhiteHerb|Unburden|CloseCombat,GunkShot,Protect,FakeOut|Adamant||M|||50|]Lycanroc-Dusk||FocusSash|ToughClaws|CloseCombat,Accelerock,RockSlide,Protect|Adamant||F|||50|]Scovillain||Scovillainite|Moody|GigaDrain,Overheat,RagePowder,Protect|Bold||M|||50|
|inactive|Battle timer is ON: inactive players will automatically lose when time's up. (requested by i love all turtles)
|inactive|aswin505 has 60 seconds left.
|
|t:|1785757878
|teamsize|p1|4
|teamsize|p2|4
|start
|switch|p1a: Sableye|Sableye, L50, M, shiny|100/100
|switch|p1b: Espathra|Espathra, L50, M, shiny|100/100
|switch|p2a: Basculegion|Basculegion, L50, M|100/100
|switch|p2b: Scovillain|Scovillain, L50, M, shiny|100/100
|turn|1
|
|t:|1785757898
|detailschange|p2b: Scovillain|Scovillain-Mega, L50, M, shiny
|-mega|p2b: Scovillain|Scovillain|Scovillainite
|move|p1b: Espathra|Protect|p1b: Espathra
|-singleturn|p1b: Espathra|Protect
|move|p2b: Scovillain|Giga Drain|p1a: Sableye
|-damage|p1a: Sableye|57/100
|move|p2a: Basculegion|Wave Crash|p1a: Sableye
|-damage|p1a: Sableye|0 fnt
|faint|p1a: Sableye
|-damage|p2a: Basculegion|86/100|[from] Recoil
|
|-ability|p1b: Espathra|Speed Boost|boost
|-boost|p1b: Espathra|spe|1
|upkeep
|
|t:|1785757913
|switch|p1a: Rotom|Rotom-Wash, L50|100/100
|turn|2
|
|t:|1785757932
|move|p2a: Basculegion|Aqua Jet|p1b: Espathra
|-damage|p1b: Espathra|70/100
|move|p1b: Espathra|Lumina Crash|p2a: Basculegion
|-damage|p2a: Basculegion|54/100
|-unboost|p2a: Basculegion|spd|2
|move|p1a: Rotom|Will-O-Wisp|p2b: Scovillain
|-immune|p2b: Scovillain
|move|p2b: Scovillain|Giga Drain|p1b: Espathra
|-damage|p1b: Espathra|19/100
|
|-ability|p1b: Espathra|Speed Boost|boost
|-boost|p1b: Espathra|spe|1
|upkeep
|turn|3
|
|t:|1785757946
|move|p1b: Espathra|Protect|p1b: Espathra
|-singleturn|p1b: Espathra|Protect
|move|p2a: Basculegion|Aqua Jet|p1b: Espathra
|-activate|p1b: Espathra|move: Protect
|move|p1a: Rotom|Electroweb|p2b: Scovillain|[spread] p2a,p2b
|-supereffective|p2a: Basculegion|1
|-resisted|p2b: Scovillain|1
|-damage|p2a: Basculegion|0 fnt
|-damage|p2b: Scovillain|93/100
|-unboost|p2b: Scovillain|spe|1
|-status|p1a: Rotom|brn|[from] ability: Spicy Spray|[of] p2b: Scovillain
|faint|p2a: Basculegion
|move|p2b: Scovillain|Giga Drain|p1a: Rotom
|-supereffective|p1a: Rotom|1
|-damage|p1a: Rotom|33/100 brn
|-heal|p2b: Scovillain|100/100|[from] drain|[of] p1a: Rotom
|-enditem|p1a: Rotom|Sitrus Berry|[eat]
|-heal|p1a: Rotom|58/100 brn|[from] item: Sitrus Berry
|
|-damage|p1a: Rotom|52/100 brn|[from] brn
|-ability|p1b: Espathra|Speed Boost|boost
|-boost|p1b: Espathra|spe|1
|upkeep
|
|t:|1785757957
|switch|p2a: Kingambit|Kingambit, L50, F|100/100
|turn|4
|
|t:|1785757962
|move|p2b: Scovillain|Rage Powder|p2b: Scovillain
|-singleturn|p2b: Scovillain|move: Rage Powder
|move|p1b: Espathra|Hypnosis|p2b: Scovillain
|-status|p2b: Scovillain|slp|[from] move: Hypnosis
|move|p1a: Rotom|Will-O-Wisp||[still]
|-fail|p1a: Rotom
|move|p2a: Kingambit|Kowtow Cleave|p1a: Rotom
|-damage|p1a: Rotom|0 fnt
|faint|p1a: Rotom
|-damage|p2a: Kingambit|90/100|[from] item: Life Orb
|
|-ability|p1b: Espathra|Speed Boost|boost
|-boost|p1b: Espathra|spe|1
|upkeep
|
|t:|1785757971
|switch|p1a: Tyranitar|Tyranitar, L50, F|100/100
|-weather|Sandstorm|[from] ability: Sand Stream|[of] p1a: Tyranitar
|turn|5
|
|t:|1785757982
|detailschange|p1a: Tyranitar|Tyranitar-Mega, L50, F
|-mega|p1a: Tyranitar|Tyranitar|Tyranitarite
|move|p1b: Espathra|Hypnosis|p2a: Kingambit|[miss]
|-miss|p1b: Espathra|p2a: Kingambit
|move|p1a: Tyranitar|Rock Slide|p2a: Kingambit|[spread] p2a,p2b
|-resisted|p2a: Kingambit|1
|-supereffective|p2b: Scovillain|1
|-damage|p2a: Kingambit|76/100
|-damage|p2b: Scovillain|32/100 slp
|-status|p1a: Tyranitar|brn|[from] ability: Spicy Spray|[of] p2b: Scovillain
|cant|p2a: Kingambit|flinch
|cant|p2b: Scovillain|slp
|
|-weather|Sandstorm|[upkeep]
|-damage|p1b: Espathra|13/100|[from] Sandstorm
|-damage|p2b: Scovillain|26/100 slp|[from] Sandstorm
|-damage|p1a: Tyranitar|94/100 brn|[from] brn
|-ability|p1b: Espathra|Speed Boost|boost
|-boost|p1b: Espathra|spe|1
|upkeep
|turn|6
|
|t:|1785757991
|move|p1b: Espathra|Hypnosis|p2a: Kingambit|[miss]
|-miss|p1b: Espathra|p2a: Kingambit
|move|p1a: Tyranitar|Rock Slide|p2b: Scovillain|[spread] p2a
|-miss|p1a: Tyranitar|p2b: Scovillain
|-resisted|p2a: Kingambit|1
|-damage|p2a: Kingambit|70/100
|move|p2a: Kingambit|Kowtow Cleave|p1b: Espathra
|-supereffective|p1b: Espathra|1
|-damage|p1b: Espathra|0 fnt
|faint|p1b: Espathra
|-damage|p2a: Kingambit|60/100|[from] item: Life Orb
|cant|p2b: Scovillain|slp
|
|-weather|Sandstorm|[upkeep]
|-damage|p2b: Scovillain|20/100y slp|[from] Sandstorm
|-damage|p1a: Tyranitar|88/100 brn|[from] brn
|upkeep
|turn|7
|-message|aswin505 forfeited.
|
|win|i love all turtles
