|j|☆mattf315
|j|☆raterrien
|html|mattf315raterrien    
|uhtml|bestof|Game 3 of a best-of-3
|t:|1756163000
|gametype|doubles
|player|p1|mattf315|169|1055
|player|p2|raterrien|101|1000
|gen|9
|tier|[Gen 9] VGC 2025 Reg H (Bo3)
|rated|
|rule|Species Clause: Limit one of each Pokémon
|rule|Item Clause: Limit 1 of each item
|clearpoke
|poke|p1|Gallade, L50, M|
|poke|p1|Amoonguss, L50, M|
|poke|p1|Indeedee-F, L50, F|
|poke|p1|Incineroar, L50, F|
|poke|p1|Ursaluna, L50, M|
|poke|p1|Sylveon, L50, M|
|poke|p2|Politoed, L50, F|
|poke|p2|Gothitelle, L50, M|
|poke|p2|Archaludon, L50, M|
|poke|p2|Maushold, L50|
|poke|p2|Annihilape, L50, M|
|poke|p2|Incineroar, L50, F|
|teampreview|4
|showteam|p1|Gallade||ScopeLens|Sharpness|PsychoCut,SacredSword,NightSlash,TrickRoom|||M|||50|,,,,,Dark]Amoonguss||RockyHelmet|Regenerator|PollenPuff,RagePowder,Spore,ClearSmog|||M|||50|,,,,,Water]Indeedee-F||PsychicSeed|PsychicSurge|Psychic,FollowMe,HelpingHand,TrickRoom|||F|||50|,,,,,Fairy]Incineroar||SafetyGoggles|Intimidate|FakeOut,FlareBlitz,KnockOff,PartingShot|||F|||50|,,,,,Ghost]Ursaluna||FlameOrb|Guts|Facade,HeadlongRush,BrickBreak,Protect|||M|||50|,,,,,Normal]Sylveon||ThroatSpray|Pixilate|HyperVoice,TeraBlast,CalmMind,Protect|||M|||50|,,,,,Water
|showteam|p2|Politoed||Leftovers|Drizzle|WeatherBall,PerishSong,Encore,Protect|||F|||50|,,,,,Grass]Gothitelle||SitrusBerry|ShadowTag|Psychic,FakeOut,TrickRoom,Protect|||M|||50|,,,,,Dark]Archaludon||PowerHerb|Stamina|ElectroShot,DragonPulse,FlashCannon,Protect|||M|||50|,,,,,Grass]Maushold||CovertCloak|FriendGuard|BeatUp,FollowMe,ThunderWave,Protect||||||50|,,,,,Dark]Annihilape||LifeOrb|Defiant|RageFist,CloseCombat,DrainPunch,Protect|||M|||50|,,,,,Normal]Incineroar||SafetyGoggles|Intimidate|FakeOut,PartingShot,KnockOff,Protect|||F|||50|,,,,,Ghost
|
|t:|1756163045
|teamsize|p1|4
|teamsize|p2|4
|start
|switch|p1a: Gallade|Gallade, L50, M|100/100
|switch|p1b: Amoonguss|Amoonguss, L50, M|100/100
|switch|p2a: Gothitelle|Gothitelle, L50, M|100/100
|switch|p2b: Incineroar|Incineroar, L50, F|100/100
|-ability|p2b: Incineroar|Intimidate|boost
|-unboost|p1a: Gallade|atk|1
|-unboost|p1b: Amoonguss|atk|1
|turn|1
|
|t:|1756163087
|move|p2a: Gothitelle|Protect|p2a: Gothitelle
|-singleturn|p2a: Gothitelle|Protect
|move|p2b: Incineroar|Parting Shot|p1a: Gallade
|-unboost|p1a: Gallade|atk|1
|-unboost|p1a: Gallade|spa|1
|
|t:|1756163093
|switch|p2b: Politoed|Politoed, L50, F|100/100|[from] Parting Shot
|-weather|RainDance|[from] ability: Drizzle|[of] p2b: Politoed
|move|p1a: Gallade|Sacred Sword|p2b: Politoed
|-damage|p2b: Politoed|58/100
|move|p1b: Amoonguss|Spore|p2a: Gothitelle
|-activate|p2a: Gothitelle|move: Protect
|
|-weather|RainDance|[upkeep]
|-heal|p2b: Politoed|65/100|[from] item: Leftovers
|upkeep
|turn|2
|
|t:|1756163138
|switch|p2a: Incineroar|Incineroar, L50, F|100/100
|-ability|p2a: Incineroar|Intimidate|boost
|-unboost|p1a: Gallade|atk|1
|-unboost|p1b: Amoonguss|atk|1
|-terastallize|p2b: Politoed|Grass
|-terastallize|p1a: Gallade|Dark
|move|p2b: Politoed|Perish Song|p2b: Politoed
|-start|p1a: Gallade|perish3|[silent]
|-start|p1b: Amoonguss|perish3|[silent]
|-start|p2a: Incineroar|perish3|[silent]
|-start|p2b: Politoed|perish3|[silent]
|-fieldactivate|move: Perish Song
|move|p1a: Gallade|Night Slash|p2a: Incineroar
|-resisted|p2a: Incineroar
|-crit|p2a: Incineroar
|-damage|p2a: Incineroar|58/100
|move|p1b: Amoonguss|Spore|p2b: Politoed
|-immune|p2b: Politoed
|
|-weather|RainDance|[upkeep]
|-heal|p2b: Politoed|71/100|[from] item: Leftovers
|-start|p2b: Politoed|perish3
|-start|p2a: Incineroar|perish3
|-start|p1a: Gallade|perish3
|-start|p1b: Amoonguss|perish3
|upkeep
|turn|3
|
|t:|1756163177
|switch|p2b: Gothitelle|Gothitelle, L50, M|100/100
|switch|p1a: Indeedee|Indeedee-F, L50, F|100/100
|-fieldstart|move: Psychic Terrain|[from] ability: Psychic Surge|[of] p1a: Indeedee
|-enditem|p1a: Indeedee|Psychic Seed
|-boost|p1a: Indeedee|spd|1|[from] item: Psychic Seed
|move|p2a: Incineroar|Parting Shot|p1a: Indeedee
|-unboost|p1a: Indeedee|atk|1
|-unboost|p1a: Indeedee|spa|1
|
|t:|1756163189
|switch|p2a: Politoed|Politoed, L50, F, tera:Grass|71/100|[from] Parting Shot
|move|p1b: Amoonguss|Pollen Puff|p2b: Gothitelle
|-supereffective|p2b: Gothitelle
|-damage|p2b: Gothitelle|73/100
|
|-weather|RainDance|[upkeep]
|-heal|p2a: Politoed|77/100|[from] item: Leftovers
|-start|p1b: Amoonguss|perish2
|upkeep
|turn|4
|
|t:|1756163215
|switch|p2b: Incineroar|Incineroar, L50, F|58/100
|-ability|p2b: Incineroar|Intimidate|boost
|-unboost|p1a: Indeedee|atk|1
|-unboost|p1b: Amoonguss|atk|1
|move|p1a: Indeedee|Helping Hand|p1b: Amoonguss
|-singleturn|p1b: Amoonguss|Helping Hand|[of] p1a: Indeedee
|move|p2a: Politoed|Encore|p1b: Amoonguss
|-start|p1b: Amoonguss|Encore
|move|p1b: Amoonguss|Pollen Puff|p2a: Politoed
|-supereffective|p2a: Politoed
|-damage|p2a: Politoed|39/100
|
|-weather|RainDance|[upkeep]
|-heal|p2a: Politoed|45/100|[from] item: Leftovers
|-start|p1b: Amoonguss|perish1
|upkeep
|turn|5
|
|t:|1756163251
|switch|p1b: Ursaluna|Ursaluna, L50, M|100/100
|move|p2a: Politoed|Perish Song|p2a: Politoed
|-start|p1a: Indeedee|perish3|[silent]
|-start|p1b: Ursaluna|perish3|[silent]
|-start|p2a: Politoed|perish3|[silent]
|-start|p2b: Incineroar|perish3|[silent]
|-fieldactivate|move: Perish Song
|move|p2b: Incineroar|Knock Off|p1a: Indeedee
|-supereffective|p1a: Indeedee
|-damage|p1a: Indeedee|49/100
|move|p1a: Indeedee|Trick Room|p1a: Indeedee
|-fieldstart|move: Trick Room|[of] p1a: Indeedee
|
|-weather|none
|-heal|p2a: Politoed|51/100|[from] item: Leftovers
|-start|p1b: Ursaluna|perish3
|-start|p2b: Incineroar|perish3
|-start|p1a: Indeedee|perish3
|-start|p2a: Politoed|perish3
|-status|p1b: Ursaluna|brn|[from] item: Flame Orb
|upkeep
|turn|6
|
|t:|1756163283
|switch|p2a: Gothitelle|Gothitelle, L50, M|73/100
|move|p1a: Indeedee|Helping Hand|p1b: Ursaluna
|-singleturn|p1b: Ursaluna|Helping Hand|[of] p1a: Indeedee
|move|p2b: Incineroar|Protect|p2b: Incineroar
|-singleturn|p2b: Incineroar|Protect
|move|p1b: Ursaluna|Facade|p2a: Gothitelle
|-damage|p2a: Gothitelle|0 fnt
|faint|p2a: Gothitelle
|
|-damage|p1b: Ursaluna|95/100 brn|[from] brn
|-start|p1b: Ursaluna|perish2
|-start|p2b: Incineroar|perish2
|-start|p1a: Indeedee|perish2
|upkeep
|
|t:|1756163298
|switch|p2a: Politoed|Politoed, L50, F, tera:Grass|51/100
|-weather|RainDance|[from] ability: Drizzle|[of] p2a: Politoed
|turn|7
|
|t:|1756163313
|move|p2a: Politoed|Protect|p2a: Politoed
|-singleturn|p2a: Politoed|Protect
|move|p1a: Indeedee|Follow Me|p1a: Indeedee
|-singleturn|p1a: Indeedee|move: Follow Me
|move|p1b: Ursaluna|Headlong Rush|p2b: Incineroar
|-supereffective|p2b: Incineroar
|-damage|p2b: Incineroar|0 fnt
|-unboost|p1b: Ursaluna|def|1
|-unboost|p1b: Ursaluna|spd|1
|faint|p2b: Incineroar
|
|-weather|RainDance|[upkeep]
|-heal|p2a: Politoed|57/100|[from] item: Leftovers
|-damage|p1b: Ursaluna|89/100 brn|[from] brn
|-start|p1b: Ursaluna|perish1
|-start|p1a: Indeedee|perish1
|-fieldend|move: Psychic Terrain
|upkeep
|
|t:|1756163327
|switch|p2b: Archaludon|Archaludon, L50, M|100/100
|turn|8
|
|t:|1756163348
|switch|p1a: Amoonguss|Amoonguss, L50, M|100/100
|move|p2b: Archaludon|Protect|p2b: Archaludon
|-singleturn|p2b: Archaludon|Protect
|move|p1b: Ursaluna|Facade|p2a: Politoed
|-damage|p2a: Politoed|0 fnt
|faint|p2a: Politoed
|
|-weather|RainDance|[upkeep]
|-damage|p1b: Ursaluna|83/100 brn|[from] brn
|-start|p1b: Ursaluna|perish0
|faint|p1b: Ursaluna
|upkeep
|
|t:|1756163360
|switch|p1b: Gallade|Gallade, L50, M, tera:Dark|100/100
|turn|9
|
|t:|1756163372
|move|p2b: Archaludon|Protect|p2b: Archaludon
|-singleturn|p2b: Archaludon|Protect
|move|p1a: Amoonguss|Rage Powder|p1a: Amoonguss
|-singleturn|p1a: Amoonguss|move: Rage Powder
|move|p1b: Gallade|Sacred Sword|p2b: Archaludon
|-activate|p2b: Archaludon|move: Protect
|
|-weather|RainDance|[upkeep]
|-fieldend|move: Trick Room
|upkeep
|turn|10
|
|t:|1756163383
|move|p1a: Amoonguss|Rage Powder|p1a: Amoonguss
|-singleturn|p1a: Amoonguss|move: Rage Powder
|move|p2b: Archaludon|Electro Shot||[still]
|-prepare|p2b: Archaludon|Electro Shot
|-boost|p2b: Archaludon|spa|1
|-anim|p2b: Archaludon|Electro Shot|p1a: Amoonguss
|-resisted|p1a: Amoonguss
|-damage|p1a: Amoonguss|72/100
|move|p1b: Gallade|Sacred Sword|p2b: Archaludon
|-supereffective|p2b: Archaludon
|-damage|p2b: Archaludon|0 fnt
|faint|p2b: Archaludon
|
|win|mattf315
|raw|mattf315's rating: 1055 → 1082(+27 for winning)
|raw|raterrien's rating: 1000 → 1000(+0 for losing)
|c|☆mattf315|gg
|c|☆mattf315|perish trap realy got me
