|j|☆copicentrovgc
|j|☆kinderlew
|html|copicentrovgckinderlew    
|uhtml|bestof|Game 2 of a best-of-3
|t:|1756511879
|gametype|doubles
|player|p1|copicentrovgc|265|1036
|player|p2|kinderlew|1|1083
|gen|9
|tier|[Gen 9] VGC 2025 Reg H (Bo3)
|rated|
|rule|Species Clause: Limit one of each Pokémon
|rule|Item Clause: Limit 1 of each item
|clearpoke
|poke|p1|Garganacl, L50, F|
|poke|p1|Dondozo, L50, M|
|poke|p1|Sneasler, L50, F|
|poke|p1|Gholdengo, L50|
|poke|p1|Ninetales-Alola, L50, M|
|poke|p1|Incineroar, L50, F|
|poke|p2|Ursaluna, L50, M|
|poke|p2|Jumpluff, L50, M|
|poke|p2|Charizard, L50, M|
|poke|p2|Torkoal, L50, M|
|poke|p2|Incineroar, L50, M|
|poke|p2|Porygon2, L50|
|teampreview|4
|showteam|p1|Garganacl||MarangaBerry|PurifyingSalt|SaltCure,StealthRock,Protect,Recover|||F|||50|,,,,,Flying]Dondozo||Leftovers|Unaware|Liquidation,Yawn,Curse,Protect|||M|||50|,,,,,Poison]Sneasler||FocusSash|PoisonTouch|DireClaw,CloseCombat,Coaching,Protect|||F|||50|,,,,,Ghost]Gholdengo||ChoiceScarf|GoodasGold|MakeItRain,ShadowBall,Trick,PowerGem||||||50|,,,,,Steel]Ninetales-Alola||NeverMeltIce|SnowWarning|Blizzard,FreezeDry,Protect,AuroraVeil|||M|||50|,,,,,Ice]Incineroar||AssaultVest|Intimidate|FlareBlitz,KnockOff,FakeOut,Uturn|||F|||50|,,,,,Grass
|showteam|p2|Ursaluna||FlameOrb|Guts|HeadlongRush,Earthquake,Facade,Protect|||M|||50|,,,,,Ghost]Jumpluff||CovertCloak|Chlorophyll|SleepPowder,SunnyDay,RagePowder,Tailwind|||M|||50|,,,,,Water]Charizard||ChoiceSpecs|SolarPower|Overheat,HeatWave,AirSlash,WeatherBall|||M|||50|,,,,,Ghost]Torkoal||EjectPack|Drought|HelpingHand,Overheat,Eruption,Protect|||M|||50|,,,,,Fire]Incineroar||SitrusBerry|Intimidate|FakeOut,FlareBlitz,KnockOff,PartingShot|||M|||50|,,,,,Ghost]Porygon2||Eviolite|Download|TeraBlast,IceBeam,TrickRoom,Recover||||||50|,,,,,Fighting
|
|t:|1756511897
|teamsize|p1|4
|teamsize|p2|4
|start
|switch|p1a: Garganacl|Garganacl, L50, F|100/100
|switch|p1b: Incineroar|Incineroar, L50, F|100/100
|switch|p2a: Ursaluna|Ursaluna, L50, M|100/100
|switch|p2b: Jumpluff|Jumpluff, L50, M|100/100
|-ability|p1b: Incineroar|Intimidate|boost
|-unboost|p2a: Ursaluna|atk|1
|-unboost|p2b: Jumpluff|atk|1
|turn|1
|
|t:|1756511968
|switch|p2b: Charizard|Charizard, L50, M|100/100
|move|p2a: Ursaluna|Protect|p2a: Ursaluna
|-singleturn|p2a: Ursaluna|Protect
|move|p1b: Incineroar|U-turn|p2b: Charizard
|-resisted|p2b: Charizard
|-damage|p2b: Charizard|93/100
|
|t:|1756511977
|switch|p1b: Dondozo|Dondozo, L50, M|100/100|[from] U-turn
|move|p1a: Garganacl|Salt Cure|p2b: Charizard
|-supereffective|p2b: Charizard
|-damage|p2b: Charizard|15/100
|-start|p2b: Charizard|Salt Cure
|
|-damage|p2b: Charizard|2/100|[from] Salt Cure
|-status|p2a: Ursaluna|brn|[from] item: Flame Orb
|upkeep
|turn|2
|
|t:|1756512008
|switch|p2b: Jumpluff|Jumpluff, L50, M|100/100
|-terastallize|p2a: Ursaluna|Ghost
|-terastallize|p1a: Garganacl|Flying
|move|p2a: Ursaluna|Earthquake|p1a: Garganacl|[spread] p1b
|-immune|p2b: Jumpluff
|-immune|p1a: Garganacl
|-damage|p1b: Dondozo|60/100
|move|p1b: Dondozo|Liquidation|p2a: Ursaluna
|-damage|p2a: Ursaluna|74/100 brn
|move|p1a: Garganacl|Salt Cure|p2a: Ursaluna
|-damage|p2a: Ursaluna|64/100 brn
|-start|p2a: Ursaluna|Salt Cure
|
|-heal|p1b: Dondozo|66/100|[from] item: Leftovers
|-damage|p2a: Ursaluna|58/100 brn|[from] brn
|-damage|p2a: Ursaluna|46/100 brn|[from] Salt Cure
|upkeep
|turn|3
|
|t:|1756512048
|switch|p1b: Incineroar|Incineroar, L50, F|100/100
|-ability|p1b: Incineroar|Intimidate|boost
|-unboost|p2a: Ursaluna|atk|1
|-unboost|p2b: Jumpluff|atk|1
|move|p2b: Jumpluff|Sleep Powder|p1b: Incineroar|[miss]
|-miss|p2b: Jumpluff|p1b: Incineroar
|move|p2a: Ursaluna|Facade|p1a: Garganacl
|-damage|p1a: Garganacl|61/100
|move|p1a: Garganacl|Stealth Rock|p2b: Jumpluff
|-sidestart|p2: kinderlew|move: Stealth Rock
|
|-damage|p2a: Ursaluna|40/100 brn|[from] brn
|-damage|p2a: Ursaluna|27/100 brn|[from] Salt Cure
|upkeep
|turn|4
|
|t:|1756512083
|switch|p2a: Incineroar|Incineroar, L50, M|100/100
|-damage|p2a: Incineroar|76/100|[from] Stealth Rock
|-ability|p2a: Incineroar|Intimidate|boost
|-unboost|p1a: Garganacl|atk|1
|-unboost|p1b: Incineroar|atk|1
|move|p2b: Jumpluff|Sleep Powder|p1b: Incineroar
|-status|p1b: Incineroar|slp|[from] move: Sleep Powder
|cant|p1b: Incineroar|slp
|move|p1a: Garganacl|Salt Cure|p2b: Jumpluff
|-supereffective|p2b: Jumpluff
|-damage|p2b: Jumpluff|76/100
|
|upkeep
|turn|5
|
|t:|1756512108
|move|p1a: Garganacl|Protect|p1a: Garganacl
|-singleturn|p1a: Garganacl|Protect
|move|p2b: Jumpluff|Sleep Powder|p1a: Garganacl
|-activate|p1a: Garganacl|move: Protect
|cant|p1b: Incineroar|slp
|move|p2a: Incineroar|Knock Off|p1a: Garganacl
|-activate|p1a: Garganacl|move: Protect
|
|upkeep
|turn|6
|-message|kinderlew forfeited.
|
|win|copicentrovgc
|raw|copicentrovgc's rating: 1036 → 1075(+39 for winning)
|raw|kinderlew's rating: 1083 → 1058(-25 for losing)
|l|☆kinderlew
|player|p2|
