|j|☆natsukivgc
|j|☆Pineyfressh
|html|natsukivgcPineyfressh    
|uhtml|bestof|Game 2 of a best-of-3
|t:|1785387057
|gametype|doubles
|player|p1|natsukivgc|1|1153
|player|p2|Pineyfressh|102|1113
|gen|9
|tier|[Gen 9 Champions] VGC 2026 Reg M-B (Bo3)
|rated|
|rule|Species Clause: Limit one of each Pokémon
|rule|Item Clause: Limit 1 of each item
|clearpoke
|poke|p1|Garchomp, L50, F|
|poke|p1|Venusaur, L50, F|
|poke|p1|Incineroar, L50, F|
|poke|p1|Charizard, L50, M|
|poke|p1|Toxapex, L50, M|
|poke|p1|Annihilape, L50, M|
|poke|p2|Sableye, L50, F|
|poke|p2|Flapple, L50, M|
|poke|p2|Milotic, L50, F|
|poke|p2|Pyroar, L50, M|
|poke|p2|Ninetales, L50, M|
|poke|p2|Beedrill, L50, F|
|teampreview|4
|showteam|p1|Garchomp||ChoiceScarf|RoughSkin|Earthquake,DragonClaw,StompingTantrum,RockSlide|Adamant||F|||50|]Venusaur||LifeOrb|Chlorophyll|SolarBeam,SludgeBomb,EarthPower,Protect|Modest||F|||50|]Incineroar||SitrusBerry|Intimidate|FlareBlitz,ThroatChop,FakeOut,PartingShot|Impish||F|||50|]Charizard||CharizarditeY|Blaze|HeatWave,WeatherBall,HelpingHand,Protect|Modest||M|||50|]Toxapex||Leftovers|Regenerator|Infestation,Toxic,WideGuard,BanefulBunker|Bold||M|||50|]Annihilape||FocusSash|Defiant|CloseCombat,PhantomForce,StealthRock,Protect|Jolly||M|||50|
|showteam|p2|Sableye||MentalHerb|Prankster|Gravity,LightScreen,FakeOut,FoulPlay|Bold||F|||50|]Flapple||ChoiceScarf|Hustle|GravApple,DualWingbeat,SuckerPunch,DragonRush|Jolly||M|||50|]Milotic||Leftovers|Competitive|Haze,IcyWind,Scald,Hypnosis|Timid||F|||50|]Pyroar||Pyroarite|Rivalry|HyperVoice,HeatWave,Overheat,Protect|Timid||M|||50|]Ninetales||HeatRock|Drought|Hypnosis,HeatWave,Encore,Protect|Serious||M|||50|]Beedrill||Beedrillite|Swarm|FellStinger,PoisonJab,Uturn,Protect|Jolly||F|||50|
|
|t:|1785387095
|teamsize|p1|4
|teamsize|p2|4
|start
|switch|p1a: Toxapex|Toxapex, L50, M|100/100
|switch|p1b: Charizard|Charizard, L50, M|100/100
|switch|p2a: Sableye|Sableye, L50, F|100/100
|switch|p2b: Milotic|Milotic, L50, F|100/100
|turn|1
|
|t:|1785387121
|detailschange|p1b: Charizard|Charizard-Mega-Y, L50, M
|-mega|p1b: Charizard|Charizard|Charizardite Y
|-weather|SunnyDay|[from] ability: Drought|[of] p1b: Charizard
|move|p2a: Sableye|Gravity|p2a: Sableye
|-fieldstart|move: Gravity
|move|p2b: Milotic|Icy Wind|p1a: Toxapex|[spread] p1a,p1b
|-resisted|p1a: Toxapex|1
|-damage|p1a: Toxapex|96/100
|-damage|p1b: Charizard|92/100
|-unboost|p1a: Toxapex|spe|1
|-unboost|p1b: Charizard|spe|1
|move|p1b: Charizard|Weather Ball|p2a: Sableye
|-damage|p2a: Sableye|0 fnt
|faint|p2a: Sableye
|move|p1a: Toxapex|Toxic|p2b: Milotic
|-status|p2b: Milotic|tox
|
|-weather|SunnyDay|[upkeep]
|-heal|p1a: Toxapex|100/100|[from] item: Leftovers
|-damage|p2b: Milotic|94/100 tox|[from] psn
|upkeep
|
|t:|1785387141
|switch|p2a: Flapple|Flapple, L50, M|100/100
|turn|2
|
|t:|1785387175
|move|p1b: Charizard|Protect|p1b: Charizard
|-singleturn|p1b: Charizard|Protect
|move|p2a: Flapple|Grav Apple|p1a: Toxapex
|-damage|p1a: Toxapex|40/100
|-unboost|p1a: Toxapex|def|1
|move|p2b: Milotic|Hypnosis|p1b: Charizard
|-activate|p1b: Charizard|move: Protect
|move|p1a: Toxapex|Infestation|p2b: Milotic
|-damage|p2b: Milotic|91/100 tox
|-activate|p2b: Milotic|move: Infestation|[of] p1a: Toxapex
|
|-weather|SunnyDay|[upkeep]
|-heal|p2b: Milotic|97/100 tox|[from] item: Leftovers
|-heal|p1a: Toxapex|45/100|[from] item: Leftovers
|-damage|p2b: Milotic|85/100 tox|[from] psn
|-damage|p2b: Milotic|73/100 tox|[from] move: Infestation|[partiallytrapped]
|upkeep
|turn|3
|
|t:|1785387203
|move|p1a: Toxapex|Baneful Bunker|p1a: Toxapex
|-singleturn|p1a: Toxapex|move: Protect
|move|p2a: Flapple|Grav Apple|p1a: Toxapex
|-activate|p1a: Toxapex|move: Protect
|move|p2b: Milotic|Hypnosis|p1b: Charizard
|-status|p1b: Charizard|slp|[from] move: Hypnosis
|cant|p1b: Charizard|slp
|
|-weather|SunnyDay|[upkeep]
|-heal|p2b: Milotic|79/100 tox|[from] item: Leftovers
|-heal|p1a: Toxapex|51/100|[from] item: Leftovers
|-damage|p2b: Milotic|61/100 tox|[from] psn
|-damage|p2b: Milotic|49/100 tox|[from] move: Infestation|[partiallytrapped]
|upkeep
|turn|4
|
|t:|1785387240
|-heal|p1a: Toxapex|84/100|[from] ability: Regenerator|[silent]
|switch|p1a: Venusaur|Venusaur, L50, F|100/100
|move|p2a: Flapple|Grav Apple|p1a: Venusaur
|-resisted|p1a: Venusaur|2
|-damage|p1a: Venusaur|71/100
|-unboost|p1a: Venusaur|def|1
|move|p2b: Milotic|Scald|p1b: Charizard
|-supereffective|p1b: Charizard|1
|-damage|p1b: Charizard|67/100 slp
|cant|p1b: Charizard|slp
|
|-weather|SunnyDay|[upkeep]
|-heal|p2b: Milotic|54/100 tox|[from] item: Leftovers
|-damage|p2b: Milotic|31/100 tox|[from] psn
|-end|p2b: Milotic|Infestation|[partiallytrapped]|[silent]
|upkeep
|turn|5
|
|t:|1785387265
|move|p1a: Venusaur|Solar Beam||[still]
|-prepare|p1a: Venusaur|Solar Beam
|-anim|p1a: Venusaur|Solar Beam|p2b: Milotic
|-supereffective|p2b: Milotic|1
|-crit|p2b: Milotic
|-damage|p2b: Milotic|0 fnt
|faint|p2b: Milotic
|-damage|p1a: Venusaur|62/100|[from] item: Life Orb
|move|p2a: Flapple|Grav Apple|p1a: Venusaur
|-resisted|p1a: Venusaur|2
|-damage|p1a: Venusaur|22/100
|-unboost|p1a: Venusaur|def|1
|-curestatus|p1b: Charizard|slp|[msg]
|move|p1b: Charizard|Weather Ball|p2a: Flapple
|-damage|p2a: Flapple|0 fnt
|faint|p2a: Flapple
|
|-weather|none
|-fieldend|move: Gravity
|upkeep
|
|t:|1785387284
|switch|p2a: Beedrill|Beedrill, L50, F|100/100
|turn|6
|
|t:|1785387298
|switch|p1b: Incineroar|Incineroar, L50, F|100/100
|-ability|p1b: Incineroar|Intimidate|boost
|-unboost|p2a: Beedrill|atk|1
|detailschange|p2a: Beedrill|Beedrill-Mega, L50, F
|-mega|p2a: Beedrill|Beedrill|Beedrillite
|move|p1a: Venusaur|Protect|p1a: Venusaur
|-singleturn|p1a: Venusaur|Protect
|move|p2a: Beedrill|Poison Jab|p1b: Incineroar
|-damage|p1b: Incineroar|67/100
|-status|p1b: Incineroar|psn
|
|-damage|p1b: Incineroar|54/100 psn|[from] psn
|upkeep
|turn|7
|-message|Pineyfressh forfeited.
|
|win|natsukivgc
