|j|☆loveforvgctest
|j|☆DrXJ13
|html|loveforvgctestDrXJ13    
|uhtml|bestof|Game 3 of a best-of-3
|t:|1757241074
|gametype|doubles
|player|p1|loveforvgctest|266|1125
|player|p2|DrXJ13|2|1133
|gen|9
|tier|[Gen 9] VGC 2025 Reg H (Bo3)
|rated|
|rule|Species Clause: Limit one of each Pokémon
|rule|Item Clause: Limit 1 of each item
|clearpoke
|poke|p1|Volcarona, L50, F|
|poke|p1|Electabuzz, L50, F|
|poke|p1|Rillaboom, L50, M|
|poke|p1|Sneasler, L50, M|
|poke|p1|Dragonite, L50, F|
|poke|p1|Kingambit, L50, M|
|poke|p2|Sinistcha, L50|
|poke|p2|Ursaluna-Bloodmoon, L50, M|
|poke|p2|Incineroar, L50, F|
|poke|p2|Sneasler, L50, M|
|poke|p2|Dragonite, L50, F|
|poke|p2|Corviknight, L50, M|
|teampreview|4
|showteam|p1|Volcarona||Leftovers|FlameBody|HeatWave,TeraBlast,QuiverDance,Protect|||F|||50|,,,,,Fairy]Electabuzz||Eviolite|VitalSpirit|Electroweb,FollowMe,Taunt,Protect|||F|||50|,,,,,Dragon]Rillaboom||AssaultVest|GrassySurge|FakeOut,WoodHammer,GrassyGlide,HighHorsepower|||M|||50|,,,,,Fire]Sneasler||FocusSash|Unburden|FakeOut,CloseCombat,DireClaw,Coaching|||M|||50|,,,,,Stellar]Dragonite||LoadedDice|Multiscale|ScaleShot,ExtremeSpeed,Haze,Protect|||F|||50|,,,,,Fairy]Kingambit||BlackGlasses|Defiant|KowtowCleave,SuckerPunch,SwordsDance,Protect|||M|||50|,,,,,Ghost
|showteam|p2|Sinistcha||RockyHelmet|Hospitality|MatchaGotcha,ShadowBall,TrickRoom,RagePowder||||||50|,,,,,Water]Ursaluna-Bloodmoon||Leftovers|MindsEye|HyperVoice,EarthPower,CalmMind,Protect|||M|||50|,,,,,Water]Incineroar||SafetyGoggles|Intimidate|FakeOut,KnockOff,FlareBlitz,PartingShot|||F|||50|,,,,,Ghost]Sneasler||FocusSash|Unburden|Coaching,DireClaw,CloseCombat,Protect|||M|||50|,,,,,Stellar]Dragonite||LoadedDice|Multiscale|ScaleShot,ExtremeSpeed,Haze,Protect|||F|||50|,,,,,Fairy]Corviknight||CovertCloak|MirrorArmor|DualWingbeat,Tailwind,IronHead,Taunt|||M|||50|,,,,,Dragon
|inactive|Battle timer is ON: inactive players will automatically lose when time's up. (requested by DrXJ13)
|inactive|loveforvgctest has 60 seconds left.
|
|t:|1757241111
|teamsize|p1|4
|teamsize|p2|4
|start
|switch|p1a: Dragonite|Dragonite, L50, F|100/100
|switch|p1b: Sneasler|Sneasler, L50, M|100/100
|switch|p2a: Tuex|Sneasler, L50, M|100/100
|switch|p2b: Wellington|Ursaluna-Bloodmoon, L50, M|100/100
|turn|1
|
|t:|1757241128
|move|p1b: Sneasler|Close Combat|p2b: Wellington
|-supereffective|p2b: Wellington
|-damage|p2b: Wellington|14/100
|-unboost|p1b: Sneasler|def|1
|-unboost|p1b: Sneasler|spd|1
|move|p2a: Tuex|Coaching|p2b: Wellington
|-boost|p2b: Wellington|atk|1
|-boost|p2b: Wellington|def|1
|move|p1a: Dragonite|Haze|p1a: Dragonite
|-clearallboost
|move|p2b: Wellington|Hyper Voice|p1a: Dragonite|[spread] p1a,p1b
|-damage|p1a: Dragonite|81/100
|-damage|p1b: Sneasler|48/100
|
|-heal|p2b: Wellington|20/100|[from] item: Leftovers
|upkeep
|turn|2
|
|t:|1757241150
|move|p2b: Wellington|Protect|p2b: Wellington
|-singleturn|p2b: Wellington|Protect
|move|p1b: Sneasler|Close Combat|p2b: Wellington
|-activate|p2b: Wellington|move: Protect
|move|p2a: Tuex|Dire Claw|p1a: Dragonite
|-damage|p1a: Dragonite|33/100
|-status|p1a: Dragonite|par
|move|p1a: Dragonite|Scale Shot|p2a: Tuex
|-damage|p2a: Tuex|75/100
|-damage|p2a: Tuex|50/100
|-damage|p2a: Tuex|25/100
|-damage|p2a: Tuex|0 fnt
|faint|p2a: Tuex
|-hitcount|p2: Tuex|4
|-unboost|p1a: Dragonite|def|1
|-boost|p1a: Dragonite|spe|1
|
|-heal|p2b: Wellington|26/100|[from] item: Leftovers
|upkeep
|
|t:|1757241163
|switch|p2a: Té (en) tazas|Sinistcha, L50|100/100
|-heal|p2b: Wellington|51/100|[from] ability: Hospitality|[of] p2a: Té (en) tazas
|turn|3
|inactive|DrXJ13 has 30 seconds left.
|
|t:|1757241189
|switch|p2b: Onichan|Dragonite, L50, F|100/100
|move|p1b: Sneasler|Dire Claw|p2b: Onichan
|-damage|p2b: Onichan|77/100
|-status|p2b: Onichan|psn
|cant|p1a: Dragonite|par
|move|p2a: Té (en) tazas|Trick Room|p2a: Té (en) tazas
|-fieldstart|move: Trick Room|[of] p2a: Té (en) tazas
|
|-damage|p2b: Onichan|64/100 psn|[from] psn
|upkeep
|turn|4
|
|t:|1757241208
|switch|p1b: Kingambit|Kingambit, L50, M|100/100
|move|p2a: Té (en) tazas|Matcha Gotcha|p1b: Kingambit|[spread] p1b
|-miss|p2a: Té (en) tazas|p1a: Dragonite
|-resisted|p1b: Kingambit
|-crit|p1b: Kingambit
|-damage|p1b: Kingambit|85/100
|move|p1a: Dragonite|Scale Shot|p2b: Onichan
|-supereffective|p2b: Onichan
|-damage|p2b: Onichan|32/100 psn
|-supereffective|p2b: Onichan
|-damage|p2b: Onichan|0 fnt
|faint|p2b: Onichan
|-hitcount|p2: Onichan|2
|-unboost|p1a: Dragonite|def|1
|-boost|p1a: Dragonite|spe|1
|
|upkeep
|
|t:|1757241221
|switch|p2b: Wellington|Ursaluna-Bloodmoon, L50, M|51/100
|turn|5
|
|t:|1757241233
|switch|p1a: Rillaboom|Rillaboom, L50, M|100/100
|-fieldstart|move: Grassy Terrain|[from] ability: Grassy Surge|[of] p1a: Rillaboom
|move|p1b: Kingambit|Protect|p1b: Kingambit
|-singleturn|p1b: Kingambit|Protect
|move|p2a: Té (en) tazas|Shadow Ball|p1a: Rillaboom
|-damage|p1a: Rillaboom|75/100
|move|p2b: Wellington|Earth Power|p1b: Kingambit
|-activate|p1b: Kingambit|move: Protect
|
|-heal|p1b: Kingambit|91/100|[from] Grassy Terrain
|-heal|p2b: Wellington|58/100|[from] Grassy Terrain
|-heal|p2b: Wellington|64/100|[from] item: Leftovers
|-heal|p1a: Rillaboom|81/100|[from] Grassy Terrain
|upkeep
|turn|6
|
|t:|1757241256
|move|p2b: Wellington|Protect|p2b: Wellington
|-singleturn|p2b: Wellington|Protect
|move|p1a: Rillaboom|Fake Out|p2b: Wellington
|-activate|p2b: Wellington|move: Protect
|move|p2a: Té (en) tazas|Matcha Gotcha|p1b: Kingambit|[spread] p1a,p1b
|-resisted|p1a: Rillaboom
|-resisted|p1b: Kingambit
|-damage|p1a: Rillaboom|70/100
|-damage|p1b: Kingambit|77/100
|-status|p1b: Kingambit|brn
|move|p1b: Kingambit|Swords Dance|p1b: Kingambit
|-boost|p1b: Kingambit|atk|2
|
|-heal|p1b: Kingambit|83/100 brn|[from] Grassy Terrain
|-heal|p2b: Wellington|70/100|[from] Grassy Terrain
|-heal|p2b: Wellington|76/100|[from] item: Leftovers
|-heal|p1a: Rillaboom|75/100|[from] Grassy Terrain
|-damage|p1b: Kingambit|77/100 brn|[from] brn
|upkeep
|turn|7
|
|t:|1757241281
|switch|p1a: Dragonite|Dragonite, L50, F|33/100 par
|-terastallize|p1b: Kingambit|Ghost
|move|p2a: Té (en) tazas|Rage Powder|p2a: Té (en) tazas
|-singleturn|p2a: Té (en) tazas|move: Rage Powder
|move|p1b: Kingambit|Kowtow Cleave|p2a: Té (en) tazas
|-supereffective|p2a: Té (en) tazas
|-damage|p2a: Té (en) tazas|13/100
|-damage|p1b: Kingambit|61/100 brn|[from] item: Rocky Helmet|[of] p2a: Té (en) tazas
|move|p2b: Wellington|Hyper Voice|p1a: Dragonite|[spread] p1a,p1b
|-damage|p1a: Dragonite|0 fnt
|-damage|p1b: Kingambit|28/100 brn
|faint|p1a: Dragonite
|
|-heal|p2a: Té (en) tazas|19/100|[from] Grassy Terrain
|-heal|p1b: Kingambit|34/100 brn|[from] Grassy Terrain
|-heal|p2b: Wellington|83/100|[from] Grassy Terrain
|-heal|p2b: Wellington|89/100|[from] item: Leftovers
|-damage|p1b: Kingambit|28/100 brn|[from] brn
|-fieldend|move: Trick Room
|upkeep
|
|t:|1757241297
|switch|p1a: Sneasler|Sneasler, L50, M|48/100
|turn|8
|
|t:|1757241320
|move|p1b: Kingambit|Protect|p1b: Kingambit
|-singleturn|p1b: Kingambit|Protect
|move|p2a: Té (en) tazas|Rage Powder|p2a: Té (en) tazas
|-singleturn|p2a: Té (en) tazas|move: Rage Powder
|move|p1a: Sneasler|Dire Claw|p2a: Té (en) tazas
|-damage|p2a: Té (en) tazas|0 fnt
|-damage|p1a: Sneasler|32/100|[from] item: Rocky Helmet|[of] p2a: Té (en) tazas
|faint|p2a: Té (en) tazas
|move|p2b: Wellington|Hyper Voice|p1a: Sneasler|[spread] p1a
|-activate|p1b: Kingambit|move: Protect
|-damage|p1a: Sneasler|0 fnt
|faint|p1a: Sneasler
|
|-heal|p2b: Wellington|95/100|[from] Grassy Terrain
|-heal|p2b: Wellington|100/100|[from] item: Leftovers
|-heal|p1b: Kingambit|34/100 brn|[from] Grassy Terrain
|-damage|p1b: Kingambit|28/100 brn|[from] brn
|upkeep
|
|t:|1757241326
|switch|p1a: Rillaboom|Rillaboom, L50, M|75/100
|turn|9
|
|t:|1757241341
|move|p1a: Rillaboom|Fake Out|p2b: Wellington
|-damage|p2b: Wellington|90/100
|cant|p2b: Wellington|flinch
|move|p1b: Kingambit|Swords Dance|p1b: Kingambit
|-boost|p1b: Kingambit|atk|2
|
|-heal|p1a: Rillaboom|81/100|[from] Grassy Terrain
|-heal|p2b: Wellington|96/100|[from] Grassy Terrain
|-heal|p2b: Wellington|100/100|[from] item: Leftovers
|-heal|p1b: Kingambit|34/100 brn|[from] Grassy Terrain
|-damage|p1b: Kingambit|28/100 brn|[from] brn
|-fieldend|move: Grassy Terrain
|upkeep
|turn|10
|
|t:|1757241347
|move|p1b: Kingambit|Sucker Punch|p2b: Wellington
|-damage|p2b: Wellington|49/100
|move|p1a: Rillaboom|Wood Hammer|p2b: Wellington
|-supereffective|p2b: Wellington
|-damage|p2b: Wellington|0 fnt
|faint|p2b: Wellington
|-damage|p1a: Rillaboom|65/100|[from] Recoil
|
|win|loveforvgctest
|raw|loveforvgctest's rating: 1125 → 1151(+26 for winning)
|raw|DrXJ13's rating: 1133 → 1107(-26 for losing)
