|j|☆meikh_neiht
|j|☆endershovel
|html|meikh_neihtendershovel    
|uhtml|bestof|Game 3 of a best-of-3
|t:|1785408790
|gametype|doubles
|player|p1|meikh_neiht|lucas|1328
|player|p2|endershovel|170|1319
|gen|9
|tier|[Gen 9 Champions] VGC 2026 Reg M-B (Bo3)
|rated|
|rule|Species Clause: Limit one of each Pokémon
|rule|Item Clause: Limit 1 of each item
|clearpoke
|poke|p1|Staraptor, L50, F|
|poke|p1|Sinistcha, L50|
|poke|p1|Maushold, L50|
|poke|p1|Kingambit, L50, F|
|poke|p1|Sneasler, L50, F|
|poke|p1|Delphox, L50, F|
|poke|p2|Starmie, L50, shiny|
|poke|p2|Sneasler, L50, F|
|poke|p2|Pelipper, L50, F|
|poke|p2|Archaludon, L50, F|
|poke|p2|Sinistcha-Masterpiece, L50|
|poke|p2|Kingambit, L50, M|
|teampreview|4
|showteam|p1|Staraptor||Staraptite|Intimidate|CloseCombat,BraveBird,Roost,Protect|Adamant||F|||50|]Sinistcha||SitrusBerry|Hospitality|RagePowder,MatchaGotcha,Protect,LifeDew|Calm|||||50|]Maushold||LumBerry|FriendGuard|Encore,Charm,FollowMe,Protect|Timid|||||50|]Kingambit||LifeOrb|Defiant|KowtowCleave,SuckerPunch,SwordsDance,Protect|Adamant||F|||50|]Sneasler||WhiteHerb|Unburden|CloseCombat,DireClaw,FakeOut,Feint|Jolly||F|||50|]Delphox||Delphoxite|Blaze|HeatWave,Psyshock,NastyPlot,Protect|Timid||F|||50|
|showteam|p2|Starmie||Starminite|NaturalCure|Liquidation,ZenHeadbutt,AquaJet,Protect|Jolly|||||50|]Sneasler||WhiteHerb|Unburden|CloseCombat,DireClaw,Coaching,FakeOut|Adamant||F|||50|]Pelipper||SitrusBerry|Drizzle|Hurricane,MuddyWater,Tailwind,Protect|Modest||F|||50|]Archaludon||Leftovers|Stamina|ElectroShot,FlashCannon,DragonPulse,Protect|Modest||F|||50|]Sinistcha-Masterpiece||ColburBerry|Hospitality|MatchaGotcha,RagePowder,TrickRoom,Protect|Calm|||||50|]Kingambit||BlackGlasses|Defiant|KowtowCleave,SuckerPunch,SwordsDance,Protect|Adamant||M|||50|
|
|t:|1785408854
|teamsize|p1|4
|teamsize|p2|4
|start
|switch|p1a: Hand of God|Staraptor, L50, F|100/100
|switch|p1b: Attendant of God|Maushold, L50|100/100
|switch|p2a: Sneasler|Sneasler, L50, F|100/100
|switch|p2b: Starmie|Starmie, L50, shiny|100/100
|-ability|p1a: Hand of God|Intimidate|boost
|-unboost|p2a: Sneasler|atk|1
|-unboost|p2b: Starmie|atk|1
|-enditem|p2a: Sneasler|White Herb
|-clearnegativeboost|p2a: Sneasler|[silent]
|turn|1
|
|t:|1785408885
|detailschange|p2b: Starmie|Starmie-Mega, L50, shiny
|-mega|p2b: Starmie|Starmie|Starminite
|move|p1b: Attendant of God|Protect|p1b: Attendant of God
|-singleturn|p1b: Attendant of God|Protect
|move|p1a: Hand of God|Protect|p1a: Hand of God
|-singleturn|p1a: Hand of God|Protect
|move|p2a: Sneasler|Fake Out|p1b: Attendant of God
|-activate|p1b: Attendant of God|move: Protect
|move|p2b: Starmie|Zen Headbutt|p1a: Hand of God
|-activate|p1a: Hand of God|move: Protect
|
|upkeep
|turn|2
|
|t:|1785408917
|switch|p1b: Ichor of God|Sinistcha, L50|100/100
|switch|p1a: Blade of God|Kingambit, L50, F|100/100
|move|p2a: Sneasler|Dire Claw|p1a: Blade of God
|-immune|p1a: Blade of God
|move|p2b: Starmie|Zen Headbutt|p1a: Blade of God
|-immune|p1a: Blade of God
|
|upkeep
|turn|3
|
|t:|1785408936
|switch|p2b: Archaludon|Archaludon, L50, F|100/100
|move|p2a: Sneasler|Coaching|p2b: Archaludon
|-boost|p2b: Archaludon|atk|1
|-boost|p2b: Archaludon|def|1
|move|p1b: Ichor of God|Matcha Gotcha|p2a: Sneasler|[spread] p2a,p2b
|-resisted|p2a: Sneasler|1
|-resisted|p2b: Archaludon|2
|-damage|p2a: Sneasler|84/100
|-damage|p2b: Archaludon|92/100
|-ability|p2b: Archaludon|Stamina|boost
|-boost|p2b: Archaludon|def|1
|move|p1a: Blade of God|Swords Dance|p1a: Blade of God
|-boost|p1a: Blade of God|atk|2
|
|-heal|p2b: Archaludon|98/100|[from] item: Leftovers
|upkeep
|turn|4
|
|t:|1785408954
|switch|p2a: Pelipper|Pelipper, L50, F|100/100
|-weather|RainDance|[from] ability: Drizzle|[of] p2a: Pelipper
|move|p1b: Ichor of God|Rage Powder|p1b: Ichor of God
|-singleturn|p1b: Ichor of God|move: Rage Powder
|move|p2b: Archaludon|Electro Shot||[still]
|-prepare|p2b: Archaludon|Electro Shot
|-boost|p2b: Archaludon|spa|1
|-anim|p2b: Archaludon|Electro Shot|p1b: Ichor of God
|-resisted|p1b: Ichor of God|1
|-damage|p1b: Ichor of God|72/100
|move|p1a: Blade of God|Kowtow Cleave|p2b: Archaludon
|-damage|p2b: Archaludon|48/100
|-ability|p2b: Archaludon|Stamina|boost
|-boost|p2b: Archaludon|def|1
|-damage|p1a: Blade of God|90/100|[from] item: Life Orb
|
|-weather|RainDance|[upkeep]
|-heal|p2b: Archaludon|54/100|[from] item: Leftovers
|upkeep
|turn|5
|
|t:|1785408983
|move|p1b: Ichor of God|Rage Powder|p1b: Ichor of God
|-singleturn|p1b: Ichor of God|move: Rage Powder
|move|p2b: Archaludon|Electro Shot||[still]
|-prepare|p2b: Archaludon|Electro Shot
|-boost|p2b: Archaludon|spa|1
|-anim|p2b: Archaludon|Electro Shot|p1b: Ichor of God
|-resisted|p1b: Ichor of God|1
|-damage|p1b: Ichor of God|37/100
|-enditem|p1b: Ichor of God|Sitrus Berry|[eat]
|-heal|p1b: Ichor of God|62/100|[from] item: Sitrus Berry
|move|p2a: Pelipper|Tailwind|p2a: Pelipper
|-sidestart|p2: endershovel|move: Tailwind
|move|p1a: Blade of God|Kowtow Cleave|p2b: Archaludon
|-damage|p2b: Archaludon|16/100
|-ability|p2b: Archaludon|Stamina|boost
|-boost|p2b: Archaludon|def|1
|-damage|p1a: Blade of God|80/100|[from] item: Life Orb
|
|-weather|RainDance|[upkeep]
|-heal|p2b: Archaludon|22/100|[from] item: Leftovers
|upkeep
|turn|6
|
|t:|1785409000
|move|p2b: Archaludon|Protect|p2b: Archaludon
|-singleturn|p2b: Archaludon|Protect
|move|p1b: Ichor of God|Rage Powder|p1b: Ichor of God
|-singleturn|p1b: Ichor of God|move: Rage Powder
|move|p2a: Pelipper|Hurricane|p1b: Ichor of God
|-supereffective|p1b: Ichor of God|1
|-damage|p1b: Ichor of God|0 fnt
|faint|p1b: Ichor of God
|move|p1a: Blade of God|Kowtow Cleave|p2b: Archaludon
|-activate|p2b: Archaludon|move: Protect
|
|-weather|RainDance|[upkeep]
|-heal|p2b: Archaludon|28/100|[from] item: Leftovers
|upkeep
|
|t:|1785409003
|switch|p1b: Attendant of God|Maushold, L50|100/100
|turn|7
|
|t:|1785409018
|move|p1b: Attendant of God|Follow Me|p1b: Attendant of God
|-singleturn|p1b: Attendant of God|move: Follow Me
|move|p2b: Archaludon|Electro Shot||[still]
|-prepare|p2b: Archaludon|Electro Shot
|-boost|p2b: Archaludon|spa|1
|-anim|p2b: Archaludon|Electro Shot|p1b: Attendant of God
|-damage|p1b: Attendant of God|0 fnt
|faint|p1b: Attendant of God
|move|p2a: Pelipper|Muddy Water|p1a: Blade of God|[miss]
|-miss|p2a: Pelipper|p1a: Blade of God
|move|p1a: Blade of God|Kowtow Cleave|p2b: Archaludon
|-damage|p2b: Archaludon|0 fnt
|faint|p2b: Archaludon
|-damage|p1a: Blade of God|71/100|[from] item: Life Orb
|
|-weather|RainDance|[upkeep]
|upkeep
|
|t:|1785409023
|switch|p1b: Hand of God|Staraptor, L50, F|100/100
|switch|p2b: Sneasler|Sneasler, L50, F|84/100
|-ability|p1b: Hand of God|Intimidate|boost
|-unboost|p2a: Pelipper|atk|1
|-unboost|p2b: Sneasler|atk|1
|turn|8
|
|t:|1785409042
|switch|p2a: Starmie|Starmie-Mega, L50, shiny|100/100
|detailschange|p1b: Hand of God|Staraptor-Mega, L50, F
|-mega|p1b: Hand of God|Staraptor|Staraptite
|move|p1a: Blade of God|Protect|p1a: Blade of God
|-singleturn|p1a: Blade of God|Protect
|move|p2b: Sneasler|Coaching|p2a: Starmie
|-boost|p2a: Starmie|atk|1
|-boost|p2a: Starmie|def|1
|move|p1b: Hand of God|Brave Bird|p2b: Sneasler
|-supereffective|p2b: Sneasler|1
|-damage|p2b: Sneasler|0 fnt
|faint|p2b: Sneasler
|-damage|p1b: Hand of God|73/100|[from] Recoil
|
|-weather|none
|-sideend|p2: endershovel|move: Tailwind
|upkeep
|
|t:|1785409046
|switch|p2b: Pelipper|Pelipper, L50, F|100/100
|-weather|RainDance|[from] ability: Drizzle|[of] p2b: Pelipper
|turn|9
|
|t:|1785409068
|move|p2a: Starmie|Aqua Jet|p1a: Blade of God
|-damage|p1a: Blade of God|21/100
|move|p1b: Hand of God|Brave Bird|p2b: Pelipper
|-damage|p2b: Pelipper|25/100
|-enditem|p2b: Pelipper|Sitrus Berry|[eat]
|-heal|p2b: Pelipper|50/100y|[from] item: Sitrus Berry
|-damage|p1b: Hand of God|50/100g|[from] Recoil
|move|p2b: Pelipper|Muddy Water|p1a: Blade of God|[spread] p1a,p1b
|-damage|p1a: Blade of God|0 fnt
|-damage|p1b: Hand of God|12/100
|-boost|p1b: Hand of God|accuracy|1
|faint|p1a: Blade of God
|
|-weather|RainDance|[upkeep]
|upkeep
|turn|10
|-message|meikh_neiht forfeited.
|
|win|endershovel
|raw|meikh_neiht's rating: 1328 → 1307(-21 for losing)
|raw|endershovel's rating: 1319 → 1340(+21 for winning)
|l|☆meikh_neiht
|player|p1|
