|j|☆bghvgjdh
|j|‽CoachOranBerry
|html|bghvgjdhCoachOranBerry    
|uhtml|bestof|Game 2 of a best-of-3
|t:|1782692114
|gametype|doubles
|player|p1|bghvgjdh|clay|
|player|p2|CoachOranBerry|worker-gen4|
|gen|9
|tier|[Gen 9 Champions] VGC 2026 Reg M-B (Bo3)
|rule|Species Clause: Limit one of each Pokémon
|rule|Item Clause: Limit 1 of each item
|clearpoke
|poke|p1|Alakazam, L50, F|
|poke|p1|Meowstic, L50, M|
|poke|p1|Staraptor, L50, F|
|poke|p1|Sinistcha, L50|
|poke|p1|Metagross, L50, shiny|
|poke|p1|Flapple, L50, M|
|poke|p2|Kingambit, L50, M|
|poke|p2|Basculegion-F, L50, F|
|poke|p2|Farigiraf, L50, M|
|poke|p2|Torterra, L50, M|
|poke|p2|Whimsicott, L50, F|
|poke|p2|Glalie, L50, M|
|teampreview|4
|showteam|p1|Alakazam||Alakazite|InnerFocus|ExpandingForce,FocusBlast,Protect,Encore|Modest||F|||50|]Meowstic||FocusSash|Prankster|PsychicTerrain,FakeOut,HelpingHand,Tickle|Timid||M|||50|]Staraptor||Staraptite|Reckless|BraveBird,CloseCombat,Roost,Protect|Jolly||F|||50|]Sinistcha||KasibBerry|Hospitality|MatchaGotcha,RagePowder,StrengthSap,TrickRoom|Quiet|||||50|]Metagross||LifeOrb|ClearBody|Protect,MeteorMash,BrickBreak,PsychicFangs|Adamant|||||50|]Flapple||ChoiceScarf|Hustle|GravApple,Uturn,Pounce,LeechSeed|Jolly||M|||50|
|showteam|p2|Kingambit||BlackGlasses|Defiant|SuckerPunch,Protect,KowtowCleave,LowKick|Brave||M|||50|]Basculegion-F||MysticWater|Adaptability|Protect,ShadowBall,Surf,IceBeam|Modest||F|||50|]Farigiraf||SitrusBerry|ArmorTail|HelpingHand,Imprison,ShadowBall,Protect|Quiet||M|||50|]Torterra||WhiteHerb|ShellArmor|ShellSmash,HighHorsepower,SeedBomb,Protect|Jolly||M|||50|]Whimsicott||FocusSash|Prankster|Tailwind,WorrySeed,LightScreen,Moonblast|Timid||F|||50|]Glalie||Glalitite|Moody|Explosion,Protect,IcyWind,IceShard|Adamant||M|||50|
|
|t:|1782692197
|teamsize|p1|4
|teamsize|p2|4
|start
|switch|p1a: bark bark!|Meowstic, L50, M|100/100
|switch|p1b: he|Staraptor, L50, F|100/100
|switch|p2a: Glalie|Glalie, L50, M|100/100
|switch|p2b: Farigiraf|Farigiraf, L50, M|100/100
|turn|1
|
|t:|1782692241
|detailschange|p1b: he|Staraptor-Mega, L50, F
|-mega|p1b: he|Staraptor|Staraptite
|move|p1a: bark bark!|Tickle|p1b: he
|-boost|p1b: he|atk|1
|-boost|p1b: he|def|1
|move|p1b: he|Close Combat|p2a: Glalie
|-supereffective|p2a: Glalie|1
|-damage|p2a: Glalie|0 fnt
|-boost|p1b: he|def|1
|-boost|p1b: he|spd|1
|faint|p2a: Glalie
|move|p2b: Farigiraf|Imprison|p2b: Farigiraf
|-start|p2b: Farigiraf|move: Imprison
|
|upkeep
|
|t:|1782692253
|switch|p2a: Basculegion|Basculegion-F, L50, F|100/100
|turn|2
|
|t:|1782692277
|move|p2b: Farigiraf|Helping Hand|p2a: Basculegion
|-singleturn|p2a: Basculegion|Helping Hand|[of] p2b: Farigiraf
|move|p1a: bark bark!|Tickle|p1b: he
|-boost|p1b: he|atk|1
|-boost|p1b: he|def|1
|move|p1b: he|Close Combat|p2b: Farigiraf
|-damage|p2b: Farigiraf|2/100
|-boost|p1b: he|def|1
|-boost|p1b: he|spd|1
|-enditem|p2b: Farigiraf|Sitrus Berry|[eat]
|-heal|p2b: Farigiraf|27/100|[from] item: Sitrus Berry
|move|p2a: Basculegion|Ice Beam|p1b: he
|-supereffective|p1b: he|1
|-damage|p1b: he|57/100
|
|upkeep
|turn|3
|
|t:|1782692300
|switch|p1a: rescues the day|Sinistcha, L50|100/100
|-heal|p1b: he|82/100|[from] ability: Hospitality|[of] p1a: rescues the day
|move|p2b: Farigiraf|Helping Hand|p2a: Basculegion
|-singleturn|p2a: Basculegion|Helping Hand|[of] p2b: Farigiraf
|move|p1b: he|Close Combat|p2b: Farigiraf
|-damage|p2b: Farigiraf|0 fnt
|-boost|p1b: he|def|1
|-boost|p1b: he|spd|1
|faint|p2b: Farigiraf
|move|p2a: Basculegion|Shadow Ball|p1b: he
|-damage|p1b: he|46/100
|
|upkeep
|
|t:|1782692316
|switch|p2b: Kingambit|Kingambit, L50, M|100/100
|turn|4
|
|t:|1782692326
|move|p2b: Kingambit|Sucker Punch|p1b: he
|-resisted|p1b: he|1
|-damage|p1b: he|39/100
|move|p1b: he|Close Combat|p2b: Kingambit
|-supereffective|p2b: Kingambit|2
|-damage|p2b: Kingambit|0 fnt
|-boost|p1b: he|def|1
|-boost|p1b: he|spd|1
|faint|p2b: Kingambit
|move|p2a: Basculegion|Shadow Ball|p1b: he
|-damage|p1b: he|21/100
|move|p1a: rescues the day|Matcha Gotcha|p2a: Basculegion|[miss]
|-miss|p1a: rescues the day|p2a: Basculegion
|
|upkeep
|turn|5
|
|t:|1782692349
|move|p1b: he|Roost|p1b: he
|-heal|p1b: he|72/100
|-singleturn|p1b: he|move: Roost
|move|p2a: Basculegion|Shadow Ball|p1b: he
|-damage|p1b: he|53/100
|-boost|p1b: he|spd|1
|move|p1a: rescues the day|Matcha Gotcha|p2a: Basculegion
|-supereffective|p2a: Basculegion|1
|-damage|p2a: Basculegion|16/100
|
|upkeep
|turn|6
|
|t:|1782692364
|move|p1b: he|Brave Bird|p2a: Basculegion
|-damage|p2a: Basculegion|0 fnt
|faint|p2a: Basculegion
|-damage|p1b: he|46/100|[from] Recoil
|
|win|bghvgjdh
