|j|☆IrisQ
|j|☆r00mservice7
|html|IrisQr00mservice7    
|uhtml|bestof|Game 2 of a best-of-3
|t:|1785237990
|gametype|doubles
|player|p1|IrisQ|akari|1252
|player|p2|r00mservice7|266|1294
|gen|9
|tier|[Gen 9 Champions] VGC 2026 Reg M-B (Bo3)
|rated|
|rule|Species Clause: Limit one of each Pokémon
|rule|Item Clause: Limit 1 of each item
|clearpoke
|poke|p1|Delphox, L50, F|
|poke|p1|Annihilape, L50, M|
|poke|p1|Rotom-Wash, L50|
|poke|p1|Ninetales-Alola, L50, F, shiny|
|poke|p1|Incineroar, L50, F, shiny|
|poke|p1|Kingambit, L50, M, shiny|
|poke|p2|Staraptor, L50, M|
|poke|p2|Tyranitar, L50, M|
|poke|p2|Excadrill, L50, M|
|poke|p2|Gholdengo, L50|
|poke|p2|Milotic, L50, M|
|poke|p2|Tsareena, L50, F|
|teampreview|4
|showteam|p1|Delphox||Delphoxite|Blaze|HeatWave,Psychic,Encore,Protect|Timid||F|||50|]Annihilape||FocusSash|Defiant|CloseCombat,PhantomForce,Taunt,Protect|Jolly||M|||50|]Rotom-Wash||SitrusBerry|Levitate|HydroPump,VoltSwitch,WillOWisp,LightScreen|Bold|||||50|]Ninetales-Alola||LifeOrb|SnowWarning|Blizzard,Moonblast,FreezeDry,Protect|Timid||F|||50|]Incineroar||PasshoBerry|Intimidate|FlareBlitz,Snarl,FakeOut,PartingShot|Impish||F|||50|]Kingambit||BlackGlasses|Defiant|KowtowCleave,SuckerPunch,IronHead,Protect|Adamant||M|||50|
|showteam|p2|Staraptor||Staraptite|Intimidate|BraveBird,CloseCombat,Tailwind,Protect|Jolly||M|||50|]Tyranitar||Tyranitarite|SandStream|RockSlide,KnockOff,DragonDance,Protect|Jolly||M|||50|]Excadrill||FocusSash|SandRush|HighHorsepower,IronHead,RockSlide,Protect|Adamant||M|||50|]Gholdengo||LifeOrb|GoodasGold|MakeItRain,ShadowBall,NastyPlot,Protect|Modest|||||50|]Milotic||SitrusBerry|Competitive|Scald,IcyWind,IceBeam,Protect|Calm||M|||50|]Tsareena||ExpertBelt|QueenlyMajesty|TropKick,LowKick,Taunt,Protect|Adamant||F|||50|
|inactive|Battle timer is ON: inactive players will automatically lose when time's up. (requested by IrisQ)
|inactive|IrisQ has 60 seconds left.
|inactive|r00mservice7 has 60 seconds left.
|
|t:|1785238026
|teamsize|p1|4
|teamsize|p2|4
|start
|switch|p1a: Serana|Delphox, L50, F|100/100
|switch|p1b: Pugliest|Annihilape, L50, M|100/100
|switch|p2a: Milotic|Milotic, L50, M|100/100
|switch|p2b: Excadrill|Excadrill, L50, M|100/100
|turn|1
|
|t:|1785238044
|detailschange|p1a: Serana|Delphox-Mega, L50, F
|-mega|p1a: Serana|Delphox|Delphoxite
|move|p1a: Serana|Heat Wave|p2a: Milotic|[spread] p2a,p2b
|-resisted|p2a: Milotic|1
|-supereffective|p2b: Excadrill|1
|-damage|p2a: Milotic|87/100
|-damage|p2b: Excadrill|1/100
|move|p1b: Pugliest|Phantom Force||[still]
|-prepare|p1b: Pugliest|Phantom Force
|move|p2b: Excadrill|Rock Slide|p1a: Serana|[spread] p1a
|-miss|p2b: Excadrill|p1b: Pugliest
|-supereffective|p1a: Serana|1
|-damage|p1a: Serana|50/100y
|move|p2a: Milotic|Scald|p1a: Serana
|-supereffective|p1a: Serana|1
|-damage|p1a: Serana|0 fnt
|faint|p1a: Serana
|
|upkeep
|
|t:|1785238055
|switch|p1a: Blade|Kingambit, L50, M, shiny|100/100
|turn|2
|
|t:|1785238077
|switch|p2b: Staraptor|Staraptor, L50, M|100/100
|-ability|p2b: Staraptor|Intimidate|boost
|-unboost|p1a: Blade|atk|1
|-ability|p1a: Blade|Defiant|boost
|-boost|p1a: Blade|atk|2
|-unboost|p1b: Pugliest|atk|1
|-ability|p1b: Pugliest|Defiant|boost
|-boost|p1b: Pugliest|atk|2
|move|p1a: Blade|Sucker Punch||[still]
|-fail|p1a: Blade
|move|p1b: Pugliest|Phantom Force|p2b: Staraptor|[from] lockedmove
|-immune|p2b: Staraptor
|move|p2a: Milotic|Scald|p1a: Blade
|-damage|p1a: Blade|67/100
|
|upkeep
|turn|3
|inactive|r00mservice7 has 30 seconds left.
|
|t:|1785238103
|detailschange|p2b: Staraptor|Staraptor-Mega, L50, M
|-mega|p2b: Staraptor|Staraptor|Staraptite
|move|p1a: Blade|Protect|p1a: Blade
|-singleturn|p1a: Blade|Protect
|move|p2b: Staraptor|Close Combat|p1a: Blade
|-activate|p1a: Blade|move: Protect
|move|p1b: Pugliest|Phantom Force||[still]
|-prepare|p1b: Pugliest|Phantom Force
|move|p2a: Milotic|Scald|p1b: Pugliest|[miss]
|-miss|p2a: Milotic|p1b: Pugliest
|
|upkeep
|turn|4
|
|t:|1785238126
|move|p1a: Blade|Sucker Punch|p2b: Staraptor
|-resisted|p2b: Staraptor|1
|-damage|p2b: Staraptor|64/100
|move|p2b: Staraptor|Close Combat|p1a: Blade
|-supereffective|p1a: Blade|2
|-damage|p1a: Blade|0 fnt
|-boost|p2b: Staraptor|def|1
|-boost|p2b: Staraptor|spd|1
|faint|p1a: Blade
|move|p1b: Pugliest|Phantom Force|p2b: Staraptor|[from] lockedmove
|-damage|p2b: Staraptor|25/100
|move|p2a: Milotic|Scald|p1b: Pugliest
|-damage|p1b: Pugliest|68/100
|
|upkeep
|
|t:|1785238130
|switch|p1a: Dovahkiin|Ninetales-Alola, L50, F, shiny|100/100
|-weather|Snowscape|[from] ability: Snow Warning|[of] p1a: Dovahkiin
|turn|5
|inactive|r00mservice7 has 30 seconds left.
|inactive|r00mservice7 has 20 seconds left.
|
|t:|1785238166
|move|p1b: Pugliest|Protect|p1b: Pugliest
|-singleturn|p1b: Pugliest|Protect
|move|p2b: Staraptor|Brave Bird|p1b: Pugliest
|-activate|p1b: Pugliest|move: Protect
|move|p1a: Dovahkiin|Blizzard|p2a: Milotic|[spread] p2a,p2b
|-resisted|p2a: Milotic|1
|-supereffective|p2b: Staraptor|1
|-damage|p2a: Milotic|73/100
|-damage|p2b: Staraptor|0 fnt
|faint|p2b: Staraptor
|-damage|p1a: Dovahkiin|90/100|[from] item: Life Orb
|move|p2a: Milotic|Icy Wind|p1b: Pugliest|[spread] p1a
|-activate|p1b: Pugliest|move: Protect
|-resisted|p1a: Dovahkiin|1
|-damage|p1a: Dovahkiin|85/100
|-unboost|p1a: Dovahkiin|spe|1
|
|-weather|Snowscape|[upkeep]
|upkeep
|
|t:|1785238188
|switch|p2b: Excadrill|Excadrill, L50, M|1/100
|turn|6
|
|t:|1785238204
|move|p2b: Excadrill|Protect|p2b: Excadrill
|-singleturn|p2b: Excadrill|Protect
|move|p1a: Dovahkiin|Protect|p1a: Dovahkiin
|-singleturn|p1a: Dovahkiin|Protect
|move|p1b: Pugliest|Close Combat|p2b: Excadrill
|-activate|p2b: Excadrill|move: Protect
|move|p2a: Milotic|Scald|p1b: Pugliest
|-damage|p1b: Pugliest|39/100
|
|-weather|Snowscape|[upkeep]
|upkeep
|turn|7
|
|t:|1785238224
|switch|p2a: Tyranitar|Tyranitar, L50, M|100/100
|-weather|Sandstorm|[from] ability: Sand Stream|[of] p2a: Tyranitar
|move|p2b: Excadrill|Iron Head|p1a: Dovahkiin
|-supereffective|p1a: Dovahkiin|2
|-damage|p1a: Dovahkiin|0 fnt
|faint|p1a: Dovahkiin
|move|p1b: Pugliest|Close Combat|p2b: Excadrill
|-supereffective|p2b: Excadrill|1
|-damage|p2b: Excadrill|0 fnt
|-unboost|p1b: Pugliest|def|1
|-unboost|p1b: Pugliest|spd|1
|faint|p2b: Excadrill
|
|-weather|Sandstorm|[upkeep]
|-damage|p1b: Pugliest|33/100|[from] Sandstorm
|upkeep
|
|t:|1785238239
|switch|p2b: Milotic|Milotic, L50, M|73/100
|turn|8
|
|t:|1785238257
|move|p1b: Pugliest|Close Combat|p2a: Tyranitar
|-supereffective|p2a: Tyranitar|2
|-damage|p2a: Tyranitar|0 fnt
|-unboost|p1b: Pugliest|def|1
|-unboost|p1b: Pugliest|spd|1
|faint|p2a: Tyranitar
|move|p2b: Milotic|Scald|p1b: Pugliest
|-damage|p1b: Pugliest|0 fnt
|faint|p1b: Pugliest
|
|win|r00mservice7
|raw|IrisQ's rating: 1252 → 1230(-22 for losing)
|raw|r00mservice7's rating: 1294 → 1316(+22 for winning)
|l|☆IrisQ
|player|p1|
