|j|☆ChimcharBot
|j|☆blizzardspamming
|html|ChimcharBotblizzardspamming    
|uhtml|bestof|Game 1 of a best-of-3
|t:|1783611044
|gametype|doubles
|player|p1|ChimcharBot|koga|1196
|player|p2|blizzardspamming|clair|1228
|gen|9
|tier|[Gen 9 Champions] VGC 2026 Reg M-B (Bo3)
|rated|
|rule|Species Clause: Limit one of each Pokémon
|rule|Item Clause: Limit 1 of each item
|clearpoke
|poke|p1|Grimmsnarl, L50, M|
|poke|p1|Staraptor, L50, M|
|poke|p1|Toxapex, L50, F|
|poke|p1|Garchomp, L50, F|
|poke|p1|Delphox, L50, M|
|poke|p1|Kingambit, L50, M|
|poke|p2|Gengar, L50, F|
|poke|p2|Ninetales-Alola, L50, M|
|poke|p2|Incineroar, L50, M|
|poke|p2|Gholdengo, L50|
|poke|p2|Sneasler, L50, F|
|poke|p2|Hydreigon, L50, F|
|teampreview|4
|showteam|p1|Grimmsnarl||RoseliBerry|Prankster|SpiritBreak,PartingShot,ScaryFace,FakeOut|Careful||M|||50|]Staraptor||Staraptite|Intimidate|Protect,BraveBird,CloseCombat,Roost|Careful||M|||50|]Toxapex||Leftovers|Regenerator|BanefulBunker,Toxic,Infestation,WideGuard|Bold||F|||50|]Garchomp||LifeOrb|RoughSkin|Protect,Earthquake,RockSlide,DragonClaw|Jolly||F|||50|]Delphox||Delphoxite|Blaze|Protect,Psychic,HeatWave,NastyPlot|Timid||M|||50|]Kingambit||BlackGlasses|Defiant|Protect,SwordsDance,KowtowCleave,SuckerPunch|Adamant||M|||50|
|showteam|p2|Gengar||Gengarite|CursedBody|ShadowBall,SludgeBomb,Disable,Protect|Modest||F|||50|]Ninetales-Alola||NeverMeltIce|SnowWarning|Blizzard,FreezeDry,Encore,Protect|Timid||M|||50|]Incineroar||SitrusBerry|Intimidate|FakeOut,FlareBlitz,DarkestLariat,PartingShot|Sassy||M|||50|]Gholdengo||Leftovers|GoodasGold|MakeItRain,ShadowBall,NastyPlot,Protect|Modest|||||50|]Sneasler||FocusSash|PoisonTouch|FakeOut,CloseCombat,DireClaw,Protect|Jolly||F|||50|]Hydreigon||LifeOrb|Levitate|DracoMeteor,DarkPulse,EarthPower,Protect|Modest||F|||50|
|inactive|Battle timer is ON: inactive players will automatically lose when time's up. (requested by ChimcharBot)
|inactive|blizzardspamming has 60 seconds left.
|
|t:|1783611088
|teamsize|p1|4
|teamsize|p2|4
|start
|switch|p1a: Delphox|Delphox, L50, M|100/100
|switch|p1b: Garchomp|Garchomp, L50, F|100/100
|switch|p2a: Incineroar|Incineroar, L50, M|100/100
|switch|p2b: Gengar|Gengar, L50, F|100/100
|-ability|p2a: Incineroar|Intimidate|boost
|-unboost|p1a: Delphox|atk|1
|-unboost|p1b: Garchomp|atk|1
|turn|1
|
|t:|1783611100
|detailschange|p1a: Delphox|Delphox-Mega, L50, M
|-mega|p1a: Delphox|Delphox|Delphoxite
|detailschange|p2b: Gengar|Gengar-Mega, L50, F
|-mega|p2b: Gengar|Gengar|Gengarite
|move|p2b: Gengar|Protect|p2b: Gengar
|-singleturn|p2b: Gengar|Protect
|move|p1a: Delphox|Psychic|p2b: Gengar
|-activate|p2b: Gengar|move: Protect
|move|p1b: Garchomp|Earthquake|p2b: Gengar|[spread] p2a
|-activate|p2b: Gengar|move: Protect
|-immune|p1a: Delphox|[from] ability: Levitate
|-supereffective|p2a: Incineroar|1
|-damage|p2a: Incineroar|44/100
|-enditem|p2a: Incineroar|Sitrus Berry|[eat]
|-heal|p2a: Incineroar|69/100|[from] item: Sitrus Berry
|-damage|p1b: Garchomp|90/100|[from] item: Life Orb
|move|p2a: Incineroar|Parting Shot|p1b: Garchomp
|-unboost|p1b: Garchomp|atk|1
|-unboost|p1b: Garchomp|spa|1
|
|t:|1783611118
|switch|p2a: Hydreigon|Hydreigon, L50, F|100/100|[from] Parting Shot
|
|upkeep
|turn|2
|inactive|blizzardspamming has 30 seconds left.
|
|t:|1783611144
|switch|p2b: Incineroar|Incineroar, L50, M|69/100
|-ability|p2b: Incineroar|Intimidate|boost
|-unboost|p1a: Delphox|atk|1
|-unboost|p1b: Garchomp|atk|1
|move|p1a: Delphox|Protect|p1a: Delphox
|-singleturn|p1a: Delphox|Protect
|move|p1b: Garchomp|Protect|p1b: Garchomp
|-singleturn|p1b: Garchomp|Protect
|move|p2a: Hydreigon|Dark Pulse|p1a: Delphox
|-activate|p1a: Delphox|move: Protect
|
|upkeep
|turn|3
|
|t:|1783611158
|switch|p1a: Kingambit|Kingambit, L50, M|100/100
|switch|p1b: Toxapex|Toxapex, L50, F|100/100
|move|p2a: Hydreigon|Dark Pulse|p1a: Kingambit
|-resisted|p1a: Kingambit|1
|-damage|p1a: Kingambit|70/100
|-damage|p2a: Hydreigon|90/100|[from] item: Life Orb
|move|p2b: Incineroar|Parting Shot|p1b: Toxapex
|-unboost|p1b: Toxapex|atk|1
|-unboost|p1b: Toxapex|spa|1
|
|t:|1783611182
|switch|p2b: Gengar|Gengar-Mega, L50, F|100/100|[from] Parting Shot
|
|upkeep
|turn|4
|
|t:|1783611198
|move|p2b: Gengar|Protect|p2b: Gengar
|-singleturn|p2b: Gengar|Protect
|move|p2a: Hydreigon|Protect|p2a: Hydreigon
|-singleturn|p2a: Hydreigon|Protect
|move|p1a: Kingambit|Protect|p1a: Kingambit
|-singleturn|p1a: Kingambit|Protect
|move|p1b: Toxapex|Toxic|p2a: Hydreigon
|-activate|p2a: Hydreigon|move: Protect
|
|upkeep
|turn|5
|
|t:|1783611212
|move|p1a: Kingambit|Sucker Punch|p2a: Hydreigon
|-resisted|p2a: Hydreigon|1
|-damage|p2a: Hydreigon|59/100
|move|p2b: Gengar|Disable|p1b: Toxapex
|-start|p1b: Toxapex|Disable|Toxic
|move|p2a: Hydreigon|Earth Power|p1a: Kingambit
|-supereffective|p1a: Kingambit|1
|-damage|p1a: Kingambit|0 fnt
|faint|p1a: Kingambit
|-damage|p2a: Hydreigon|50/100g|[from] item: Life Orb
|cant|p1b: Toxapex|Disable|Toxic
|
|upkeep
|
|t:|1783611229
|switch|p1a: Delphox|Delphox-Mega, L50, M|100/100
|turn|6
|inactive|blizzardspamming has 30 seconds left.
|
|t:|1783611254
|switch|p2b: Incineroar|Incineroar, L50, M|69/100
|-ability|p2b: Incineroar|Intimidate|boost
|-unboost|p1a: Delphox|atk|1
|-unboost|p1b: Toxapex|atk|1
|move|p1a: Delphox|Protect|p1a: Delphox
|-singleturn|p1a: Delphox|Protect
|move|p2a: Hydreigon|Earth Power|p1b: Toxapex
|-supereffective|p1b: Toxapex|1
|-damage|p1b: Toxapex|30/100
|-damage|p2a: Hydreigon|40/100|[from] item: Life Orb
|move|p1b: Toxapex|Infestation|p2a: Hydreigon
|-supereffective|p2a: Hydreigon|1
|-damage|p2a: Hydreigon|36/100
|-activate|p2a: Hydreigon|move: Infestation|[of] p1b: Toxapex
|
|-heal|p1b: Toxapex|36/100|[from] item: Leftovers
|-damage|p2a: Hydreigon|23/100|[from] move: Infestation|[partiallytrapped]
|upkeep
|turn|7
|
|t:|1783611279
|switch|p1a: Garchomp|Garchomp, L50, F|90/100
|move|p2a: Hydreigon|Dark Pulse|p1a: Garchomp
|-damage|p1a: Garchomp|27/100
|-damage|p2a: Hydreigon|14/100|[from] item: Life Orb
|move|p2b: Incineroar|Parting Shot|p1a: Garchomp
|-unboost|p1a: Garchomp|atk|1
|-unboost|p1a: Garchomp|spa|1
|
|t:|1783611296
|switch|p2b: Gengar|Gengar-Mega, L50, F|100/100|[from] Parting Shot
|move|p1b: Toxapex|Infestation|p2b: Gengar
|-resisted|p2b: Gengar|2
|-damage|p2b: Gengar|99/100
|-activate|p2b: Gengar|move: Infestation|[of] p1b: Toxapex
|
|-heal|p1b: Toxapex|42/100|[from] item: Leftovers
|-damage|p2b: Gengar|87/100|[from] move: Infestation|[partiallytrapped]
|-damage|p2a: Hydreigon|1/100|[from] move: Infestation|[partiallytrapped]
|upkeep
|turn|8
|inactive|ChimcharBot has 30 seconds left.
|
|t:|1783611322
|switch|p2b: Incineroar|Incineroar, L50, M|69/100
|-ability|p2b: Incineroar|Intimidate|boost
|-unboost|p1a: Garchomp|atk|1
|-unboost|p1b: Toxapex|atk|1
|move|p1b: Toxapex|Baneful Bunker|p1b: Toxapex
|-singleturn|p1b: Toxapex|move: Protect
|move|p1a: Garchomp|Earthquake|p2a: Hydreigon|[spread] p2b
|-activate|p1b: Toxapex|move: Protect
|-immune|p2a: Hydreigon|[from] ability: Levitate
|-supereffective|p2b: Incineroar|1
|-crit|p2b: Incineroar
|-damage|p2b: Incineroar|0 fnt
|faint|p2b: Incineroar
|-damage|p1a: Garchomp|17/100|[from] item: Life Orb
|move|p2a: Hydreigon|Earth Power|p1b: Toxapex
|-activate|p1b: Toxapex|move: Protect
|
|-heal|p1b: Toxapex|47/100|[from] item: Leftovers
|-damage|p2a: Hydreigon|0 fnt|[from] move: Infestation|[partiallytrapped]
|faint|p2a: Hydreigon
|-end|p1b: Toxapex|Disable
|upkeep
|
|t:|1783611339
|switch|p2a: Gengar|Gengar-Mega, L50, F|87/100
|switch|p2b: Gholdengo|Gholdengo, L50|100/100
|turn|9
|inactive|ChimcharBot has 30 seconds left.
|
|t:|1783611370
|move|p2a: Gengar|Shadow Ball|p1a: Garchomp
|-damage|p1a: Garchomp|0 fnt
|faint|p1a: Garchomp
|move|p2b: Gholdengo|Nasty Plot|p2b: Gholdengo
|-boost|p2b: Gholdengo|spa|2
|move|p1b: Toxapex|Infestation|p2a: Gengar
|-resisted|p2a: Gengar|2
|-damage|p2a: Gengar|86/100
|-activate|p2a: Gengar|move: Infestation|[of] p1b: Toxapex
|
|-heal|p1b: Toxapex|53/100|[from] item: Leftovers
|-damage|p2a: Gengar|74/100|[from] move: Infestation|[partiallytrapped]
|upkeep
|
|t:|1783611382
|switch|p1a: Delphox|Delphox-Mega, L50, M|100/100
|turn|10
|
|t:|1783611397
|move|p1a: Delphox|Protect|p1a: Delphox
|-singleturn|p1a: Delphox|Protect
|move|p2a: Gengar|Protect|p2a: Gengar
|-singleturn|p2a: Gengar|Protect
|move|p2b: Gholdengo|Shadow Ball|p1a: Delphox
|-activate|p1a: Delphox|move: Protect
|move|p1b: Toxapex|Infestation|p2b: Gholdengo
|-resisted|p2b: Gholdengo|2
|-damage|p2b: Gholdengo|99/100
|-activate|p2b: Gholdengo|move: Infestation|[of] p1b: Toxapex
|
|-heal|p2b: Gholdengo|100/100|[from] item: Leftovers
|-heal|p1b: Toxapex|59/100|[from] item: Leftovers
|-damage|p2a: Gengar|62/100|[from] move: Infestation|[partiallytrapped]
|-damage|p2b: Gholdengo|87/100|[from] move: Infestation|[partiallytrapped]
|upkeep
|turn|11
|inactive|ChimcharBot has 30 seconds left.
|
|t:|1783611428
|move|p1b: Toxapex|Baneful Bunker|p1b: Toxapex
|-singleturn|p1b: Toxapex|move: Protect
|move|p1a: Delphox|Heat Wave|p2a: Gengar|[spread] p2a
|-miss|p1a: Delphox|p2b: Gholdengo
|-damage|p2a: Gengar|17/100
|move|p2a: Gengar|Shadow Ball|p1a: Delphox
|-supereffective|p1a: Delphox|1
|-damage|p1a: Delphox|20/100y
|-unboost|p1a: Delphox|spd|1
|move|p2b: Gholdengo|Shadow Ball|p1a: Delphox
|-supereffective|p1a: Delphox|1
|-damage|p1a: Delphox|0 fnt
|faint|p1a: Delphox
|
|-heal|p2b: Gholdengo|93/100|[from] item: Leftovers
|-heal|p1b: Toxapex|64/100|[from] item: Leftovers
|-damage|p2a: Gengar|5/100|[from] move: Infestation|[partiallytrapped]
|-damage|p2b: Gholdengo|81/100|[from] move: Infestation|[partiallytrapped]
|upkeep
|turn|12
|
|t:|1783611445
|move|p1b: Toxapex|Baneful Bunker|p1b: Toxapex
|-singleturn|p1b: Toxapex|move: Protect
|move|p2a: Gengar|Shadow Ball|p1b: Toxapex
|-activate|p1b: Toxapex|move: Protect
|move|p2b: Gholdengo|Shadow Ball|p1b: Toxapex
|-activate|p1b: Toxapex|move: Protect
|
|-heal|p2b: Gholdengo|87/100|[from] item: Leftovers
|-heal|p1b: Toxapex|70/100|[from] item: Leftovers
|-damage|p2a: Gengar|0 fnt|[from] move: Infestation|[partiallytrapped]
|faint|p2a: Gengar
|-damage|p2b: Gholdengo|75/100|[from] move: Infestation|[partiallytrapped]
|upkeep
|turn|13
|
|t:|1783611460
|move|p2b: Gholdengo|Shadow Ball|p1b: Toxapex
|-damage|p1b: Toxapex|12/100
|move|p1b: Toxapex|Infestation|p2b: Gholdengo
|-resisted|p2b: Gholdengo|2
|-damage|p2b: Gholdengo|74/100
|
|-heal|p2b: Gholdengo|80/100|[from] item: Leftovers
|-heal|p1b: Toxapex|18/100|[from] item: Leftovers
|-damage|p2b: Gholdengo|68/100|[from] move: Infestation|[partiallytrapped]
|upkeep
|turn|14
|-message|ChimcharBot forfeited.
|
|win|blizzardspamming
||ChimcharBot is ready for game 2.
||blizzardspamming is ready for game 2.
|uhtml|next|Next: Game 2 of 3
|l|☆blizzardspamming
|player|p2|
