|j|☆Waschmaschine
|j|☆EnzoPS
|html|WaschmaschineEnzoPS    
|uhtml|bestof|Game 2 of a best-of-3
|t:|1756319729
|gametype|doubles
|player|p1|Waschmaschine|170|1102
|player|p2|EnzoPS|cynthia-gen4|1181
|gen|9
|tier|[Gen 9] VGC 2025 Reg H (Bo3)
|rated|
|rule|Species Clause: Limit one of each Pokémon
|rule|Item Clause: Limit 1 of each item
|clearpoke
|poke|p1|Espeon, L50, M|
|poke|p1|Indeedee-F, L50, F|
|poke|p1|Ursaluna, L50, M|
|poke|p1|Amoonguss, L50, F|
|poke|p1|Gallade, L50, M|
|poke|p1|Torkoal, L50, M|
|poke|p2|Pelipper, L50, F|
|poke|p2|Amoonguss, L50, M|
|poke|p2|Archaludon, L50, F|
|poke|p2|Basculegion, L50, M|
|poke|p2|Gholdengo, L50|
|poke|p2|Incineroar, L50, M|
|teampreview|4
|showteam|p1|Espeon||ChoiceSpecs|MagicBounce|ExpandingForce,DazzlingGleam,PowerGem,Psychic|||M|||50|,,,,,Psychic]Indeedee-F||RockyHelmet|PsychicSurge|AlluringVoice,FollowMe,TrickRoom,HelpingHand|||F|||50|,,,,,Fire]Ursaluna||FlameOrb|Guts|Facade,HeadlongRush,Protect,Crunch|||M|||50|,,,,,Ghost]Amoonguss||EjectButton|Regenerator|PollenPuff,Spore,RagePowder,Protect|||F|||50|,,,,,Water]Gallade||ClearAmulet|Sharpness|PsychoCut,TrickRoom,WideGuard,Coaching|||M|||50|,,,,,Fairy]Torkoal||Charcoal|Drought|Eruption,EarthPower,Overheat,Protect|||M|||50|,,,,,Fire
|showteam|p2|Pelipper||FocusSash|Drizzle|Protect,WeatherBall,Hurricane,Tailwind|||F|||50|,,,,,Ground]Amoonguss||SitrusBerry|Regenerator|Protect,Spore,RagePowder,PollenPuff|||M|||50|,,,,,Water]Archaludon||AssaultVest|Stamina|DragonPulse,ElectroShot,FlashCannon,BodyPress|||F|||50|,,,,,Grass]Basculegion||ChoiceBand|SwiftSwim|FlipTurn,WaveCrash,AquaJet,LastRespects|||M|||50|,,,,,Grass]Gholdengo||LifeOrb|GoodasGold|Protect,MakeItRain,ShadowBall,NastyPlot||||||50|,,,,,Water]Incineroar||SafetyGoggles|Intimidate|FlareBlitz,KnockOff,PartingShot,FakeOut|||M|||50|,,,,,Ghost
|inactive|Battle timer is ON: inactive players will automatically lose when time's up. (requested by Waschmaschine)
|inactive|Waschmaschine has 60 seconds left.
|inactive|EnzoPS has 60 seconds left.
|inactive|Waschmaschine has 30 seconds left.
|inactive|EnzoPS has 30 seconds left.
|inactive|Waschmaschine has 20 seconds left.
|inactive|EnzoPS has 20 seconds left.
|inactive|Waschmaschine has 15 seconds left.
|inactive|EnzoPS has 15 seconds left.
|inactive|Waschmaschine has 10 seconds left.
|inactive|Waschmaschine has 5 seconds left.
|
|t:|1756319818
|teamsize|p1|4
|teamsize|p2|4
|start
|switch|p1a: Espeon|Espeon, L50, M|100/100
|switch|p1b: Amoonguss|Amoonguss, L50, F|100/100
|switch|p2a: Incineroar|Incineroar, L50, M|100/100
|switch|p2b: Gholdengo|Gholdengo, L50|100/100
|-ability|p2a: Incineroar|Intimidate|boost
|-unboost|p1a: Espeon|atk|1
|-unboost|p1b: Amoonguss|atk|1
|turn|1
|inactive|Waschmaschine has 30 seconds left.
|inactive|Waschmaschine has 20 seconds left.
|inactive|Waschmaschine has 15 seconds left.
|inactive|EnzoPS has 30 seconds left.
|inactive|Waschmaschine has 10 seconds left.
|inactive|Waschmaschine has 5 seconds left.
|
|t:|1756319873
|move|p1a: Espeon|Expanding Force|p2a: Incineroar
|-immune|p2a: Incineroar
|move|p2b: Gholdengo|Make It Rain|p1a: Espeon|[spread] p1a,p1b
|-damage|p1a: Espeon|16/100
|-damage|p1b: Amoonguss|45/100
|-unboost|p2b: Gholdengo|spa|1
|-enditem|p1b: Amoonguss|Eject Button
|-damage|p2b: Gholdengo|91/100|[from] item: Life Orb
|
|t:|1756319896
|switch|p1b: Indeedee|Indeedee-F, L50, F|100/100
|-fieldstart|move: Psychic Terrain|[from] ability: Psychic Surge|[of] p1b: Indeedee
|move|p2a: Incineroar|Knock Off|p1a: Espeon
|-supereffective|p1a: Espeon
|-damage|p1a: Espeon|0 fnt
|-enditem|p1a: Espeon|Choice Specs|[from] move: Knock Off|[of] p2a: Incineroar
|faint|p1a: Espeon
|
|upkeep
|
|t:|1756319905
|switch|p1a: Ursaluna|Ursaluna, L50, M|100/100
|turn|2
|inactive|EnzoPS has 30 seconds left.
|
|t:|1756319935
|switch|p2b: Pelipper|Pelipper, L50, F|100/100
|-weather|RainDance|[from] ability: Drizzle|[of] p2b: Pelipper
|-terastallize|p1b: Indeedee|Fire
|move|p1a: Ursaluna|Protect|p1a: Ursaluna
|-singleturn|p1a: Ursaluna|Protect
|move|p2a: Incineroar|Knock Off|p1b: Indeedee
|-damage|p1b: Indeedee|41/100
|-damage|p2a: Incineroar|84/100|[from] item: Rocky Helmet|[of] p1b: Indeedee
|-enditem|p1b: Indeedee|Rocky Helmet|[from] move: Knock Off|[of] p2a: Incineroar
|move|p1b: Indeedee|Trick Room|p1b: Indeedee
|-fieldstart|move: Trick Room|[of] p1b: Indeedee
|
|-weather|RainDance|[upkeep]
|-status|p1a: Ursaluna|brn|[from] item: Flame Orb
|upkeep
|turn|3
|inactive|Waschmaschine has 30 seconds left.
|
|t:|1756319963
|switch|p2a: Amoonguss|Amoonguss, L50, M|100/100
|move|p1b: Indeedee|Follow Me|p1b: Indeedee
|-singleturn|p1b: Indeedee|move: Follow Me
|move|p1a: Ursaluna|Headlong Rush|p2a: Amoonguss
|-damage|p2a: Amoonguss|8/100
|-unboost|p1a: Ursaluna|def|1
|-unboost|p1a: Ursaluna|spd|1
|-enditem|p2a: Amoonguss|Sitrus Berry|[eat]
|-heal|p2a: Amoonguss|33/100|[from] item: Sitrus Berry
|move|p2b: Pelipper|Weather Ball|p1b: Indeedee
|-supereffective|p1b: Indeedee
|-damage|p1b: Indeedee|0 fnt
|faint|p1b: Indeedee
|
|-weather|RainDance|[upkeep]
|-damage|p1a: Ursaluna|95/100 brn|[from] brn
|upkeep
|
|t:|1756319977
|switch|p1b: Amoonguss|Amoonguss, L50, F|78/100
|turn|4
|inactive|EnzoPS has 30 seconds left.
|inactive|EnzoPS has 20 seconds left.
|
|t:|1756320014
|switch|p2a: Incineroar|Incineroar, L50, M|84/100
|-ability|p2a: Incineroar|Intimidate|boost
|-unboost|p1a: Ursaluna|atk|1
|-unboost|p1b: Amoonguss|atk|1
|move|p2b: Pelipper|Protect|p2b: Pelipper
|-singleturn|p2b: Pelipper|Protect
|move|p1b: Amoonguss|Spore|p2b: Pelipper
|-activate|p2b: Pelipper|move: Protect
|move|p1a: Ursaluna|Facade|p2a: Incineroar
|-damage|p2a: Incineroar|13/100
|
|-weather|RainDance|[upkeep]
|-damage|p1a: Ursaluna|89/100 brn|[from] brn
|upkeep
|turn|5
|inactive|Waschmaschine has 30 seconds left.
|inactive|EnzoPS has 30 seconds left.
|inactive|EnzoPS has 20 seconds left.
|
|t:|1756320051
|switch|p2b: Amoonguss|Amoonguss, L50, M|66/100
|move|p1a: Ursaluna|Protect|p1a: Ursaluna
|-singleturn|p1a: Ursaluna|Protect
|move|p1b: Amoonguss|Spore|p2b: Amoonguss
|-immune|p2b: Amoonguss
|move|p2a: Incineroar|Knock Off|p1a: Ursaluna
|-activate|p1a: Ursaluna|move: Protect
|
|-weather|RainDance|[upkeep]
|-damage|p1a: Ursaluna|83/100 brn|[from] brn
|-fieldend|move: Psychic Terrain
|upkeep
|turn|6
|inactive|EnzoPS has 30 seconds left.
|
|t:|1756320077
|move|p2b: Amoonguss|Protect|p2b: Amoonguss
|-singleturn|p2b: Amoonguss|Protect
|move|p1b: Amoonguss|Spore|p2a: Incineroar
|-activate|p2a: Incineroar|item: Safety Goggles|Spore
|move|p1a: Ursaluna|Facade|p2b: Amoonguss
|-activate|p2b: Amoonguss|move: Protect
|move|p2a: Incineroar|Parting Shot|p1a: Ursaluna
|-unboost|p1a: Ursaluna|atk|1
|-unboost|p1a: Ursaluna|spa|1
|-message|Waschmaschine forfeited.
|
|win|EnzoPS
|l|☆Waschmaschine
|player|p1|
||Waschmaschine is ready for game 3.
||EnzoPS is ready for game 3.
|uhtml|next|Next: Game 3 of 3
