|j|☆Olciax34
|j|☆mikewwm8
|html|Olciax34mikewwm8    
|uhtml|bestof|Game 1 of a best-of-3
|t:|1785177614
|gametype|doubles
|player|p1|Olciax34|clair|1286
|player|p2|mikewwm8|265|1315
|gen|9
|tier|[Gen 9 Champions] VGC 2026 Reg M-B (Bo3)
|rated|
|rule|Species Clause: Limit one of each Pokémon
|rule|Item Clause: Limit 1 of each item
|clearpoke
|poke|p1|Incineroar, L50, F|
|poke|p1|Floette-Eternal, L50, F|
|poke|p1|Sinistcha, L50|
|poke|p1|Palafin, L50, M|
|poke|p1|Kingambit, L50, M|
|poke|p1|Raichu, L50, F|
|poke|p2|Tyranitar, L50, M|
|poke|p2|Excadrill, L50, F|
|poke|p2|Milotic, L50, F|
|poke|p2|Sinistcha, L50|
|poke|p2|Staraptor, L50, M|
|poke|p2|Gholdengo, L50|
|teampreview|4
|showteam|p1|Incineroar||SitrusBerry|Intimidate|FakeOut,ThroatChop,FlareBlitz,PartingShot|Careful||F|||50|]Floette-Eternal||Floettite|FlowerVeil|DazzlingGleam,DrainingKiss,CalmMind,Protect|Modest||F|||50|]Sinistcha||KasibBerry|Hospitality|MatchaGotcha,LifeDew,RagePowder,Protect|Calm|||||50|]Palafin||Leftovers|ZerotoHero|BulkUp,JetPunch,DrainPunch,Protect|Adamant||M|||50|]Kingambit||ChopleBerry|Defiant|KowtowCleave,SuckerPunch,IronHead,LowKick|Adamant||M|||50|]Raichu||RaichuniteY|LightningRod|FakeOut,ZapCannon,FocusBlast,Protect|Timid||F|||50|
|showteam|p2|Tyranitar||Tyranitarite|SandStream|KnockOff,RockSlide,LowKick,Protect|Jolly||M|||50|]Excadrill||FocusSash|SandRush|HighHorsepower,IronHead,RockSlide,Protect|Adamant||F|||50|]Milotic||SitrusBerry|Competitive|Scald,IcyWind,IceBeam,Protect|Calm||F|||50|]Sinistcha||ColburBerry|Hospitality|MatchaGotcha,ShadowBall,Protect,RagePowder|Bold|||||50|]Staraptor||Staraptite|Intimidate|CloseCombat,BraveBird,Tailwind,Protect|Jolly||M|||50|]Gholdengo||LifeOrb|GoodasGold|MakeItRain,ShadowBall,NastyPlot,Protect|Modest|||||50|
|inactive|Battle timer is ON: inactive players will automatically lose when time's up. (requested by Olciax34)
|
|t:|1785177653
|teamsize|p1|4
|teamsize|p2|4
|start
|switch|p1a: Floette|Floette-Eternal, L50, F|100/100
|switch|p1b: Palafin|Palafin, L50, M|100/100
|switch|p2a: Milotic|Milotic, L50, F|100/100
|switch|p2b: Staraptor|Staraptor, L50, M|100/100
|-ability|p2b: Staraptor|Intimidate|boost
|-unboost|p1a: Floette|atk|1
|-unboost|p1b: Palafin|atk|1
|turn|1
|inactive|Olciax34 has 30 seconds left.
|
|t:|1785177683
|detailschange|p1b: Palafin|Palafin-Hero, L50, M
|switch|p1b: Incineroar|Incineroar, L50, F|100/100
|-ability|p1b: Incineroar|Intimidate|boost
|-unboost|p2a: Milotic|atk|1
|-ability|p2a: Milotic|Competitive|boost
|-boost|p2a: Milotic|spa|2
|-unboost|p2b: Staraptor|atk|1
|detailschange|p1a: Floette|Floette-Mega, L50, F
|-mega|p1a: Floette|Floette|Floettite
|-ability|p1a: Floette|Fairy Aura
|move|p2b: Staraptor|Brave Bird|p1a: Floette
|-damage|p1a: Floette|69/100
|-damage|p2b: Staraptor|91/100|[from] Recoil
|move|p1a: Floette|Calm Mind|p1a: Floette
|-boost|p1a: Floette|spa|1
|-boost|p1a: Floette|spd|1
|move|p2a: Milotic|Scald|p1a: Floette
|-damage|p1a: Floette|42/100
|-status|p1a: Floette|brn
|
|-damage|p1a: Floette|36/100 brn|[from] brn
|upkeep
|turn|2
|
|t:|1785177708
|switch|p2b: Gholdengo|Gholdengo, L50|100/100
|move|p2a: Milotic|Protect|p2a: Milotic
|-singleturn|p2a: Milotic|Protect
|move|p1b: Incineroar|Fake Out|p2b: Gholdengo
|-immune|p2b: Gholdengo
|move|p1a: Floette|Draining Kiss|p2a: Milotic
|-activate|p2a: Milotic|move: Protect
|
|-damage|p1a: Floette|30/100 brn|[from] brn
|upkeep
|turn|3
|inactive|Olciax34 has 30 seconds left.
|
|t:|1785177737
|move|p1a: Floette|Protect|p1a: Floette
|-singleturn|p1a: Floette|Protect
|move|p2a: Milotic|Scald|p1b: Incineroar
|-supereffective|p1b: Incineroar|1
|-damage|p1b: Incineroar|13/100
|-enditem|p1b: Incineroar|Sitrus Berry|[eat]
|-heal|p1b: Incineroar|38/100|[from] item: Sitrus Berry
|move|p2b: Gholdengo|Make It Rain|p1b: Incineroar|[spread] p1b
|-activate|p1a: Floette|move: Protect
|-resisted|p1b: Incineroar|1
|-damage|p1b: Incineroar|17/100
|-unboost|p2b: Gholdengo|spa|2
|-damage|p2b: Gholdengo|90/100|[from] item: Life Orb
|move|p1b: Incineroar|Flare Blitz|p2b: Gholdengo
|-supereffective|p2b: Gholdengo|1
|-damage|p2b: Gholdengo|0 fnt
|faint|p2b: Gholdengo
|-damage|p1b: Incineroar|0 fnt|[from] Recoil
|faint|p1b: Incineroar
|
|-damage|p1a: Floette|24/100 brn|[from] brn
|upkeep
|
|t:|1785177759
|switch|p2b: Staraptor|Staraptor, L50, M|91/100
|switch|p1b: Sinistcha|Sinistcha, L50|100/100
|-ability|p2b: Staraptor|Intimidate|boost
|-unboost|p1a: Floette|atk|1
|-unboost|p1b: Sinistcha|atk|1
|-heal|p1a: Floette|49/100 brn|[from] ability: Hospitality|[of] p1b: Sinistcha
|turn|4
|
|t:|1785177774
|detailschange|p2b: Staraptor|Staraptor-Mega, L50, M
|-mega|p2b: Staraptor|Staraptor|Staraptite
|move|p1b: Sinistcha|Rage Powder|p1b: Sinistcha
|-singleturn|p1b: Sinistcha|move: Rage Powder
|move|p2b: Staraptor|Brave Bird|p1b: Sinistcha
|-supereffective|p1b: Sinistcha|1
|-damage|p1b: Sinistcha|11/100
|-damage|p2b: Staraptor|63/100|[from] Recoil
|move|p1a: Floette|Draining Kiss|p2b: Staraptor
|-supereffective|p2b: Staraptor|1
|-damage|p2b: Staraptor|0 fnt
|-heal|p1a: Floette|100/100 brn|[from] drain|[of] p2b: Staraptor
|faint|p2b: Staraptor
|move|p2a: Milotic|Ice Beam|p1b: Sinistcha
|-supereffective|p1b: Sinistcha|1
|-crit|p1b: Sinistcha
|-damage|p1b: Sinistcha|0 fnt
|faint|p1b: Sinistcha
|
|-damage|p1a: Floette|94/100 brn|[from] brn
|upkeep
|
|t:|1785177789
|switch|p2b: Tyranitar|Tyranitar, L50, M|100/100
|switch|p1b: Palafin|Palafin-Hero, L50, M|100/100
|-activate|p1b: Palafin|ability: Zero to Hero
|-weather|Sandstorm|[from] ability: Sand Stream|[of] p2b: Tyranitar
|turn|5
|
|t:|1785177798
|move|p1a: Floette|Protect|p1a: Floette
|-singleturn|p1a: Floette|Protect
|move|p2b: Tyranitar|Protect|p2b: Tyranitar
|-singleturn|p2b: Tyranitar|Protect
|move|p1b: Palafin|Bulk Up|p1b: Palafin
|-boost|p1b: Palafin|atk|1
|-boost|p1b: Palafin|def|1
|move|p2a: Milotic|Icy Wind|p1a: Floette|[spread] p1b
|-activate|p1a: Floette|move: Protect
|-resisted|p1b: Palafin|1
|-crit|p1b: Palafin
|-damage|p1b: Palafin|87/100
|-unboost|p1b: Palafin|spe|1
|
|-weather|Sandstorm|[upkeep]
|-damage|p1a: Floette|88/100 brn|[from] Sandstorm
|-damage|p2a: Milotic|94/100|[from] Sandstorm
|-damage|p1b: Palafin|82/100|[from] Sandstorm
|-heal|p1b: Palafin|87/100|[from] item: Leftovers
|-damage|p1a: Floette|82/100 brn|[from] brn
|upkeep
|turn|6
|
|t:|1785177816
|move|p1b: Palafin|Jet Punch|p2b: Tyranitar
|-supereffective|p2b: Tyranitar|1
|-damage|p2b: Tyranitar|9/100
|move|p1a: Floette|Dazzling Gleam|p2a: Milotic|[spread] p2a,p2b
|-supereffective|p2b: Tyranitar|1
|-damage|p2a: Milotic|47/100
|-damage|p2b: Tyranitar|0 fnt
|-enditem|p2a: Milotic|Sitrus Berry|[eat]
|-heal|p2a: Milotic|72/100|[from] item: Sitrus Berry
|faint|p2b: Tyranitar
|move|p2a: Milotic|Scald|p1a: Floette
|-damage|p1a: Floette|52/100 brn
|
|-weather|Sandstorm|[upkeep]
|-damage|p1a: Floette|46/100 brn|[from] Sandstorm
|-damage|p2a: Milotic|66/100|[from] Sandstorm
|-damage|p1b: Palafin|82/100|[from] Sandstorm
|-heal|p1b: Palafin|87/100|[from] item: Leftovers
|-damage|p1a: Floette|40/100 brn|[from] brn
|upkeep
|turn|7
|-message|mikewwm8 forfeited.
|
|win|Olciax34
||mikewwm8 is ready for game 2.
||Olciax34 is ready for game 2.
|uhtml|next|Next: Game 2 of 3
|l|☆mikewwm8
|player|p2|
