|j|☆GoPlayCatch
|j|☆Gayangos
|html|GoPlayCatchGayangos    
|uhtml|bestof|Game 1 of a best-of-3
|t:|1785184013
|gametype|doubles
|player|p1|GoPlayCatch|102|1286
|player|p2|Gayangos|2|1384
|gen|9
|tier|[Gen 9 Champions] VGC 2026 Reg M-B (Bo3)
|rated|
|rule|Species Clause: Limit one of each Pokémon
|rule|Item Clause: Limit 1 of each item
|clearpoke
|poke|p1|Decidueye-Hisui, L50, F|
|poke|p1|Camerupt, L50, F|
|poke|p1|Milotic, L50, F|
|poke|p1|Scizor, L50, F|
|poke|p1|Farigiraf, L50, M|
|poke|p1|Incineroar, L50, M|
|poke|p2|Tyranitar, L50, M|
|poke|p2|Excadrill, L50, M|
|poke|p2|Milotic, L50, M|
|poke|p2|Sinistcha, L50|
|poke|p2|Staraptor, L50, F|
|poke|p2|Gholdengo, L50|
|teampreview|4
|showteam|p1|Decidueye-Hisui||ScopeLens|Scrappy|LeafBlade,TripleArrows,Protect,ShadowSneak|Brave||F|||50|]Camerupt||Cameruptite|SolidRock|AncientPower,HeatWave,EarthPower,Protect|Quiet||F|||50|]Milotic||Leftovers|Competitive|MuddyWater,LifeDew,Haze,Protect|Bold||F|||50|]Scizor||Scizorite|Technician|BulletPunch,SwordsDance,BugBite,Protect|Brave||F|||50|]Farigiraf||SitrusBerry|ArmorTail|TwinBeam,TrickRoom,Protect,Imprison|Sassy||M|||50|]Incineroar||ShucaBerry|Intimidate|FlareBlitz,FakeOut,PartingShot,DarkestLariat|Careful||M|||50|
|showteam|p2|Tyranitar||Tyranitarite|SandStream|KnockOff,RockSlide,LowKick,Protect|Jolly||M|||50|]Excadrill||FocusSash|SandRush|HighHorsepower,IronHead,RockSlide,Protect|Adamant||M|||50|]Milotic||Leftovers|Competitive|Scald,IceBeam,Recover,Protect|Calm||M|||50|]Sinistcha||ColburBerry|Hospitality|MatchaGotcha,ShadowBall,Protect,RagePowder|Bold|||||50|]Staraptor||Staraptite|Intimidate|CloseCombat,BraveBird,Tailwind,Protect|Jolly||F|||50|]Gholdengo||LifeOrb|GoodasGold|MakeItRain,ShadowBall,NastyPlot,Protect|Modest|||||50|
|inactive|Battle timer is ON: inactive players will automatically lose when time's up. (requested by GoPlayCatch)
|
|t:|1785184050
|teamsize|p1|4
|teamsize|p2|4
|start
|switch|p1a: Incineroar|Incineroar, L50, M|100/100
|switch|p1b: Farigiraf|Farigiraf, L50, M|100/100
|switch|p2a: Milotic|Milotic, L50, M|100/100
|switch|p2b: Tyranitar|Tyranitar, L50, M|100/100
|-weather|Sandstorm|[from] ability: Sand Stream|[of] p2b: Tyranitar
|-ability|p1a: Incineroar|Intimidate|boost
|-unboost|p2a: Milotic|atk|1
|-ability|p2a: Milotic|Competitive|boost
|-boost|p2a: Milotic|spa|2
|-unboost|p2b: Tyranitar|atk|1
|turn|1
|
|t:|1785184073
|move|p2b: Tyranitar|Knock Off|p1b: Farigiraf
|-supereffective|p1b: Farigiraf|1
|-damage|p1b: Farigiraf|41/100
|-enditem|p1b: Farigiraf|Sitrus Berry|[from] move: Knock Off|[of] p2b: Tyranitar
|move|p2a: Milotic|Scald|p1a: Incineroar
|-supereffective|p1a: Incineroar|1
|-damage|p1a: Incineroar|13/100
|move|p1a: Incineroar|Parting Shot|p2b: Tyranitar
|-unboost|p2b: Tyranitar|atk|1
|-unboost|p2b: Tyranitar|spa|1
|
|t:|1785184082
|switch|p1a: Decidueye|Decidueye-Hisui, L50, F|100/100|[from] Parting Shot
|move|p1b: Farigiraf|Trick Room|p1b: Farigiraf
|-fieldstart|move: Trick Room|[of] p1b: Farigiraf
|
|-weather|Sandstorm|[upkeep]
|-damage|p1b: Farigiraf|35/100|[from] Sandstorm
|-damage|p1a: Decidueye|93/100|[from] Sandstorm
|-damage|p2a: Milotic|94/100|[from] Sandstorm
|-heal|p2a: Milotic|100/100|[from] item: Leftovers
|upkeep
|turn|2
|
|t:|1785184100
|switch|p2b: Gholdengo|Gholdengo, L50|100/100
|move|p1b: Farigiraf|Protect|p1b: Farigiraf
|-singleturn|p1b: Farigiraf|Protect
|move|p2a: Milotic|Protect|p2a: Milotic
|-singleturn|p2a: Milotic|Protect
|move|p1a: Decidueye|Leaf Blade|p2a: Milotic
|-activate|p2a: Milotic|move: Protect
|
|-weather|Sandstorm|[upkeep]
|-damage|p1a: Decidueye|87/100|[from] Sandstorm
|-damage|p1b: Farigiraf|29/100|[from] Sandstorm
|-damage|p2a: Milotic|94/100|[from] Sandstorm
|-heal|p2a: Milotic|100/100|[from] item: Leftovers
|upkeep
|turn|3
|
|t:|1785184124
|move|p1a: Decidueye|Leaf Blade|p2a: Milotic
|-supereffective|p2a: Milotic|1
|-damage|p2a: Milotic|10/100
|move|p1b: Farigiraf|Imprison|p1b: Farigiraf
|-start|p1b: Farigiraf|move: Imprison
|move|p2b: Gholdengo|Make It Rain|p1b: Farigiraf|[spread] p1a,p1b
|-damage|p1a: Decidueye|33/100
|-damage|p1b: Farigiraf|0 fnt
|-unboost|p2b: Gholdengo|spa|2
|faint|p1b: Farigiraf
|-damage|p2b: Gholdengo|90/100|[from] item: Life Orb
|move|p2a: Milotic|Ice Beam|p1a: Decidueye
|-supereffective|p1a: Decidueye|1
|-damage|p1a: Decidueye|0 fnt
|faint|p1a: Decidueye
|
|-weather|Sandstorm|[upkeep]
|-damage|p2a: Milotic|4/100|[from] Sandstorm
|-heal|p2a: Milotic|10/100|[from] item: Leftovers
|upkeep
|
|t:|1785184143
|switch|p1b: Incineroar|Incineroar, L50, M|13/100
|switch|p1a: Camerupt|Camerupt, L50, F|100/100
|-ability|p1b: Incineroar|Intimidate|boost
|-unboost|p2a: Milotic|atk|1
|-ability|p2a: Milotic|Competitive|boost
|-boost|p2a: Milotic|spa|2
|-unboost|p2b: Gholdengo|atk|1
|turn|4
|
|t:|1785184160
|switch|p2b: Sinistcha|Sinistcha, L50|100/100
|-heal|p2a: Milotic|35/100|[from] ability: Hospitality|[of] p2b: Sinistcha
|detailschange|p1a: Camerupt|Camerupt-Mega, L50, F
|-mega|p1a: Camerupt|Camerupt|Cameruptite
|move|p2a: Milotic|Protect|p2a: Milotic
|-singleturn|p2a: Milotic|Protect
|move|p1a: Camerupt|Heat Wave|p2b: Sinistcha|[spread] p2b
|-activate|p2a: Milotic|move: Protect
|-supereffective|p2b: Sinistcha|1
|-damage|p2b: Sinistcha|0 fnt
|faint|p2b: Sinistcha
|move|p1b: Incineroar|Darkest Lariat|p2a: Milotic
|-activate|p2a: Milotic|move: Protect
|
|-weather|Sandstorm|[upkeep]
|-damage|p1b: Incineroar|7/100|[from] Sandstorm
|-damage|p2a: Milotic|29/100|[from] Sandstorm
|-heal|p2a: Milotic|35/100|[from] item: Leftovers
|upkeep
|
|t:|1785184173
|switch|p2b: Gholdengo|Gholdengo, L50|90/100
|turn|5
|
|t:|1785184187
|switch|p2b: Tyranitar|Tyranitar, L50, M|100/100
|move|p1a: Camerupt|Earth Power|p2a: Milotic
|-damage|p2a: Milotic|0 fnt
|faint|p2a: Milotic
|move|p1b: Incineroar|Darkest Lariat|p2b: Tyranitar
|-resisted|p2b: Tyranitar|1
|-damage|p2b: Tyranitar|86/100
|
|-weather|none
|-fieldend|move: Trick Room
|upkeep
|
|t:|1785184192
|switch|p2a: Gholdengo|Gholdengo, L50|90/100
|turn|6
|
|t:|1785184202
|detailschange|p2b: Tyranitar|Tyranitar-Mega, L50, M
|-mega|p2b: Tyranitar|Tyranitar|Tyranitarite
|-weather|Sandstorm|[from] ability: Sand Stream|[of] p2b: Tyranitar
|move|p2b: Tyranitar|Rock Slide|p1a: Camerupt|[spread] p1a,p1b
|-crit|p1a: Camerupt
|-supereffective|p1b: Incineroar|1
|-damage|p1a: Camerupt|50/100g
|-damage|p1b: Incineroar|0 fnt
|faint|p1b: Incineroar
|move|p2a: Gholdengo|Shadow Ball|p1a: Camerupt
|-damage|p1a: Camerupt|0 fnt
|faint|p1a: Camerupt
|-damage|p2a: Gholdengo|80/100|[from] item: Life Orb
|
|win|Gayangos
||GoPlayCatch is ready for game 2.
||Gayangos is ready for game 2.
|uhtml|next|Next: Game 2 of 3
|l|☆GoPlayCatch
|player|p1|
|l|☆Gayangos
|player|p2|
|j|☆Gayangos
|player|p2|Gayangos|2|
