|j|☆Lorido
|j|☆FxckClearlake3
|html|LoridoFxckClearlake3    
|uhtml|bestof|Game 1 of a best-of-3
|t:|1785254974
|gametype|doubles
|player|p1|Lorido|2|1338
|player|p2|FxckClearlake3|lucas-gen4pt|1295
|gen|9
|tier|[Gen 9 Champions] VGC 2026 Reg M-B (Bo3)
|rated|
|rule|Species Clause: Limit one of each Pokémon
|rule|Item Clause: Limit 1 of each item
|clearpoke
|poke|p1|Delphox, L50, F|
|poke|p1|Incineroar, L50, F|
|poke|p1|Floette-Eternal, L50, F|
|poke|p1|Kingambit, L50, M|
|poke|p1|Sinistcha, L50|
|poke|p1|Sneasler, L50, F|
|poke|p2|Sylveon, L50, M|
|poke|p2|Sableye, L50, F, shiny|
|poke|p2|Charizard, L50, M|
|poke|p2|Archaludon, L50, M|
|poke|p2|Incineroar, L50, F|
|poke|p2|Aerodactyl, L50, M|
|teampreview|4
|showteam|p1|Delphox||Delphoxite|Blaze|HeatWave,Psychic,NastyPlot,Protect|Timid||F|||50|]Incineroar||SitrusBerry|Intimidate|FlareBlitz,DarkestLariat,FakeOut,PartingShot|Careful||F|||50|]Floette-Eternal||Floettite|FlowerVeil|DazzlingGleam,DrainingKiss,CalmMind,Protect|Bold||F|||50|]Kingambit||BlackGlasses|Defiant|KowtowCleave,SuckerPunch,IronHead,Protect|Adamant||M|||50|]Sinistcha||OccaBerry|Hospitality|MatchaGotcha,RagePowder,TrickRoom,Protect|Bold|||||50|]Sneasler||FocusSash|PoisonTouch|CloseCombat,PoisonJab,FakeOut,QuickGuard|Jolly||F|||50|
|showteam|p2|Sylveon||FairyFeather|Pixilate|Detect,HyperVoice,HyperBeam,QuickAttack|Modest||M|||50|]Sableye||RoseliBerry|Prankster|Encore,Disable,LightScreen,WillOWisp|Careful||F|||50|]Charizard||CharizarditeY|Blaze|Protect,HeatWave,SolarBeam,AncientPower|Timid||M|||50|]Archaludon||Leftovers|Stamina|Protect,Thunderbolt,DragonPulse,FlashCannon|Modest||M|||50|]Incineroar||PasshoBerry|Intimidate|FakeOut,ThroatChop,FlareBlitz,PartingShot|Impish||F|||50|]Aerodactyl||FocusSash|Unnerve|WideGuard,RockSlide,DualWingbeat,Tailwind|Jolly||M|||50|
|inactive|Battle timer is ON: inactive players will automatically lose when time's up. (requested by Lorido)
|inactive|Lorido has 60 seconds left.
|
|t:|1785255020
|teamsize|p1|4
|teamsize|p2|4
|start
|switch|p1a: Floette|Floette-Eternal, L50, F|100/100
|switch|p1b: Incineroar|Incineroar, L50, F|100/100
|switch|p2a: Charizard|Charizard, L50, M|100/100
|switch|p2b: Sylveon|Sylveon, L50, M|100/100
|-ability|p1b: Incineroar|Intimidate|boost
|-unboost|p2a: Charizard|atk|1
|-unboost|p2b: Sylveon|atk|1
|turn|1
|inactive|Lorido has 30 seconds left.
|
|t:|1785255053
|detailschange|p2a: Charizard|Charizard-Mega-Y, L50, M
|-mega|p2a: Charizard|Charizard|Charizardite Y
|-weather|SunnyDay|[from] ability: Drought|[of] p2a: Charizard
|move|p1b: Incineroar|Fake Out|p2a: Charizard
|-damage|p2a: Charizard|85/100
|cant|p2a: Charizard|flinch
|move|p1a: Floette|Calm Mind|p1a: Floette
|-boost|p1a: Floette|spa|1
|-boost|p1a: Floette|spd|1
|move|p2b: Sylveon|Hyper Voice|p1b: Incineroar|[spread] p1a,p1b
|-damage|p1a: Floette|75/100
|-damage|p1b: Incineroar|62/100
|
|-weather|SunnyDay|[upkeep]
|upkeep
|turn|2
|inactive|Lorido has 30 seconds left.
|
|t:|1785255081
|switch|p1b: Sinistcha|Sinistcha, L50|100/100
|-heal|p1a: Floette|100/100|[from] ability: Hospitality|[of] p1b: Sinistcha
|move|p2a: Charizard|Protect|p2a: Charizard
|-singleturn|p2a: Charizard|Protect
|move|p1a: Floette|Protect|p1a: Floette
|-singleturn|p1a: Floette|Protect
|move|p2b: Sylveon|Hyper Voice|p1a: Floette|[spread] p1b
|-activate|p1a: Floette|move: Protect
|-damage|p1b: Sinistcha|52/100
|
|-weather|SunnyDay|[upkeep]
|upkeep
|turn|3
|inactive|Lorido has 30 seconds left.
|
|t:|1785255108
|switch|p1b: Incineroar|Incineroar, L50, F|62/100
|-ability|p1b: Incineroar|Intimidate|boost
|-unboost|p2a: Charizard|atk|1
|-unboost|p2b: Sylveon|atk|1
|detailschange|p1a: Floette|Floette-Mega, L50, F
|-mega|p1a: Floette|Floette|Floettite
|-ability|p1a: Floette|Fairy Aura
|move|p2a: Charizard|Heat Wave|p1b: Incineroar|[spread] p1a,p1b
|-resisted|p1b: Incineroar|1
|-damage|p1a: Floette|69/100
|-damage|p1b: Incineroar|37/100
|-enditem|p1b: Incineroar|Sitrus Berry|[eat]
|-heal|p1b: Incineroar|62/100|[from] item: Sitrus Berry
|move|p1a: Floette|Draining Kiss|p2b: Sylveon
|-damage|p2b: Sylveon|65/100
|-heal|p1a: Floette|98/100|[from] drain|[of] p2b: Sylveon
|move|p2b: Sylveon|Hyper Voice|p1b: Incineroar|[spread] p1a,p1b
|-damage|p1a: Floette|68/100
|-damage|p1b: Incineroar|17/100
|
|-weather|SunnyDay|[upkeep]
|upkeep
|turn|4
|
|t:|1785255133
|move|p2a: Charizard|Protect|p2a: Charizard
|-singleturn|p2a: Charizard|Protect
|move|p1b: Incineroar|Fake Out|p2a: Charizard
|-activate|p2a: Charizard|move: Protect
|move|p1a: Floette|Calm Mind|p1a: Floette
|-boost|p1a: Floette|spa|1
|-boost|p1a: Floette|spd|1
|move|p2b: Sylveon|Hyper Voice|p1b: Incineroar|[spread] p1a,p1b
|-damage|p1a: Floette|43/100
|-damage|p1b: Incineroar|0 fnt
|faint|p1b: Incineroar
|
|-weather|SunnyDay|[upkeep]
|upkeep
|
|t:|1785255145
|switch|p1b: Sinistcha|Sinistcha, L50|52/100
|-heal|p1a: Floette|68/100|[from] ability: Hospitality|[of] p1b: Sinistcha
|turn|5
|
|t:|1785255158
|switch|p2a: Incineroar|Incineroar, L50, F|100/100
|-ability|p2a: Incineroar|Intimidate|boost
|-unboost|p1a: Floette|atk|1
|-unboost|p1b: Sinistcha|atk|1
|move|p1b: Sinistcha|Protect|p1b: Sinistcha
|-singleturn|p1b: Sinistcha|Protect
|move|p1a: Floette|Dazzling Gleam|p2b: Sylveon|[spread] p2a,p2b
|-damage|p2a: Incineroar|33/100
|-damage|p2b: Sylveon|11/100
|move|p2b: Sylveon|Hyper Voice|p1a: Floette|[spread] p1a
|-activate|p1b: Sinistcha|move: Protect
|-damage|p1a: Floette|46/100
|
|-weather|none
|upkeep
|turn|6
|
|t:|1785255181
|move|p2a: Incineroar|Fake Out|p1a: Floette
|-damage|p1a: Floette|38/100
|cant|p1a: Floette|flinch
|move|p1b: Sinistcha|Matcha Gotcha|p2a: Incineroar|[spread] p2a,p2b
|-resisted|p2a: Incineroar|1
|-damage|p2a: Incineroar|22/100
|-heal|p1b: Sinistcha|58/100|[from] drain|[of] p2a: Incineroar
|-damage|p2b: Sylveon|0 fnt
|-heal|p1b: Sinistcha|64/100|[from] drain|[of] p2b: Sylveon
|faint|p2b: Sylveon
|
|upkeep
|inactive|FxckClearlake3 has 30 seconds left.
|
|t:|1785255210
|switch|p2b: Charizard|Charizard-Mega-Y, L50, M|85/100
|-weather|SunnyDay|[from] ability: Drought|[of] p2b: Charizard
|turn|7
|
|t:|1785255233
|move|p1b: Sinistcha|Protect|p1b: Sinistcha
|-singleturn|p1b: Sinistcha|Protect
|move|p2b: Charizard|Heat Wave|p1a: Floette|[spread] p1a
|-activate|p1b: Sinistcha|move: Protect
|-damage|p1a: Floette|13/100
|move|p1a: Floette|Draining Kiss|p2a: Incineroar
|-damage|p2a: Incineroar|0 fnt
|-heal|p1a: Floette|33/100|[from] drain|[of] p2a: Incineroar
|faint|p2a: Incineroar
|
|-weather|SunnyDay|[upkeep]
|upkeep
|
|t:|1785255241
|switch|p2a: Aerodactyl|Aerodactyl, L50, M|100/100
|-ability|p2a: Aerodactyl|Unnerve
|turn|8
|
|t:|1785255254
|move|p1a: Floette|Protect|p1a: Floette
|-singleturn|p1a: Floette|Protect
|move|p2a: Aerodactyl|Rock Slide|p1b: Sinistcha|[spread] p1b
|-activate|p1a: Floette|move: Protect
|-damage|p1b: Sinistcha|43/100
|move|p2b: Charizard|Heat Wave|p1a: Floette|[spread] 
|-activate|p1a: Floette|move: Protect
|-miss|p2b: Charizard|p1b: Sinistcha
|move|p1b: Sinistcha|Trick Room|p1b: Sinistcha
|-fieldstart|move: Trick Room|[of] p1b: Sinistcha
|
|-weather|SunnyDay|[upkeep]
|upkeep
|turn|9
|
|t:|1785255272
|switch|p1b: Sneasler|Sneasler, L50, F|100/100
|move|p2a: Aerodactyl|Wide Guard|p2a: Aerodactyl
|-singleturn|p2a: Aerodactyl|Wide Guard
|move|p1a: Floette|Draining Kiss|p2a: Aerodactyl
|-enditem|p2a: Aerodactyl|Focus Sash
|-damage|p2a: Aerodactyl|1/100
|-heal|p1a: Floette|100/100|[from] drain|[of] p2a: Aerodactyl
|move|p2b: Charizard|Heat Wave|p1a: Floette|[spread] p1a,p1b
|-damage|p1a: Floette|74/100
|-damage|p1b: Sneasler|7/100
|
|-weather|SunnyDay|[upkeep]
|upkeep
|turn|10
|-message|FxckClearlake3 forfeited.
|raw|Lorido's rating: 1338 → 1356(+18 for winning)
|raw|FxckClearlake3's rating: 1295 → 1273(-22 for losing)
|
|win|Lorido
