|j|☆Terra35871
|j|☆teyvgc
|html|Terra35871teyvgc    
|uhtml|bestof|Game 1 of a best-of-3
|t:|1782368561
|gametype|doubles
|player|p1|Terra35871|cynthia-gen4|1038
|player|p2|teyvgc|rood|1104
|gen|9
|tier|[Gen 9 Champions] VGC 2026 Reg M-B (Bo3)
|rated|
|rule|Species Clause: Limit one of each Pokémon
|rule|Item Clause: Limit 1 of each item
|clearpoke
|poke|p1|Charizard, L50, F|
|poke|p1|Floette-Eternal, L50, F|
|poke|p1|Garchomp, L50, F|
|poke|p1|Kingambit, L50, F|
|poke|p1|Aerodactyl, L50, F|
|poke|p1|Basculegion, L50, M|
|poke|p2|Blaziken, L50, M|
|poke|p2|Kingambit, L50, M|
|poke|p2|Metagross, L50|
|poke|p2|Whimsicott, L50, F|
|poke|p2|Basculegion, L50, M|
|poke|p2|Hydreigon, L50, F|
|teampreview|4
|showteam|p1|Charizard||CharizarditeY|Blaze|HeatWave,WeatherBall,SolarBeam,Protect|Timid||F|||50|]Floette-Eternal||Floettite|FlowerVeil|DazzlingGleam,Moonblast,LightofRuin,Protect|Timid||F|||50|]Garchomp||DragonFang|RoughSkin|ScaleShot,Earthquake,StompingTantrum,Protect|Jolly||F|||50|]Kingambit||ChopleBerry|Defiant|KowtowCleave,LowKick,SuckerPunch,Protect|Adamant||F|||50|]Aerodactyl||FocusSash|Unnerve|RockSlide,Tailwind,WideGuard,Protect|Jolly||F|||50|]Basculegion||ChoiceScarf|Adaptability|WaveCrash,LastRespects,AquaJet,FlipTurn|Adamant||M|||50|
|showteam|p2|Blaziken||Blazikenite|SpeedBoost|CloseCombat,FlareBlitz,Protect,SwordsDance|Adamant||M|||50|]Kingambit||LifeOrb|Defiant|KowtowCleave,IronHead,SuckerPunch,Protect|Adamant||M|||50|]Metagross||Metagrossite|ClearBody|IronHead,PsychicFangs,BulletPunch,Protect|Jolly|||||50|]Whimsicott||FocusSash|Prankster|Tailwind,Moonblast,Encore,HelpingHand|Timid||F|||50|]Basculegion||MysticWater|Adaptability|WaveCrash,LastRespects,AquaJet,Protect|Adamant||M|||50|]Hydreigon||ChoiceScarf|Levitate|DarkPulse,DracoMeteor,EarthPower,FocusBlast|Modest||F|||50|
|
|t:|1782368595
|teamsize|p1|4
|teamsize|p2|4
|start
|switch|p1a: Aerodactyl|Aerodactyl, L50, F|100/100
|switch|p1b: Kingambit|Kingambit, L50, F|100/100
|switch|p2a: Hydreigon|Hydreigon, L50, F|100/100
|switch|p2b: Blaziken|Blaziken, L50, M|100/100
|-ability|p1a: Aerodactyl|Unnerve
|turn|1
|
|t:|1782368609
|detailschange|p2b: Blaziken|Blaziken-Mega, L50, M
|-mega|p2b: Blaziken|Blaziken|Blazikenite
|move|p2b: Blaziken|Protect|p2b: Blaziken
|-singleturn|p2b: Blaziken|Protect
|move|p1b: Kingambit|Protect|p1b: Kingambit
|-singleturn|p1b: Kingambit|Protect
|move|p2a: Hydreigon|Dark Pulse|p1a: Aerodactyl
|-damage|p1a: Aerodactyl|41/100
|move|p1a: Aerodactyl|Tailwind|p1a: Aerodactyl
|-sidestart|p1: Terra35871|move: Tailwind
|
|-ability|p2b: Blaziken|Speed Boost|boost
|-boost|p2b: Blaziken|spe|1
|upkeep
|turn|2
|
|t:|1782368636
|move|p1a: Aerodactyl|Rock Slide|p2b: Blaziken|[spread] p2b
|-miss|p1a: Aerodactyl|p2a: Hydreigon
|-damage|p2b: Blaziken|71/100
|move|p2b: Blaziken|Close Combat|p1b: Kingambit
|-supereffective|p1b: Kingambit|2
|-enditem|p1b: Kingambit|Chople Berry|[eat]
|-enditem|p1b: Kingambit|Chople Berry|[weaken]
|-damage|p1b: Kingambit|0 fnt
|-unboost|p2b: Blaziken|def|1
|-unboost|p2b: Blaziken|spd|1
|faint|p1b: Kingambit
|move|p2a: Hydreigon|Dark Pulse|p1a: Aerodactyl
|-damage|p1a: Aerodactyl|0 fnt
|faint|p1a: Aerodactyl
|
|-ability|p2b: Blaziken|Speed Boost|boost
|-boost|p2b: Blaziken|spe|1
|upkeep
|
|t:|1782368650
|switch|p1a: Basculegion|Basculegion, L50, M|100/100
|switch|p1b: Floette|Floette-Eternal, L50, F|100/100
|turn|3
|
|t:|1782368697
|detailschange|p1b: Floette|Floette-Mega, L50, F
|-mega|p1b: Floette|Floette|Floettite
|-ability|p1b: Floette|Fairy Aura
|move|p2b: Blaziken|Protect|p2b: Blaziken
|-singleturn|p2b: Blaziken|Protect
|move|p1a: Basculegion|Flip Turn|p2b: Blaziken
|-activate|p2b: Blaziken|move: Protect
|move|p1b: Floette|Dazzling Gleam|p2b: Blaziken|[spread] p2a
|-activate|p2b: Blaziken|move: Protect
|-supereffective|p2a: Hydreigon|2
|-damage|p2a: Hydreigon|0 fnt
|faint|p2a: Hydreigon
|
|-ability|p2b: Blaziken|Speed Boost|boost
|-boost|p2b: Blaziken|spe|1
|upkeep
|
|t:|1782368729
|switch|p2a: Whimsicott|Whimsicott, L50, F|100/100
|turn|4
|
|t:|1782368748
|move|p2a: Whimsicott|Tailwind|p2a: Whimsicott
|-sidestart|p2: teyvgc|move: Tailwind
|move|p2b: Blaziken|Flare Blitz|p1b: Floette
|-damage|p1b: Floette|0 fnt
|faint|p1b: Floette
|-damage|p2b: Blaziken|39/100|[from] Recoil
|move|p1a: Basculegion|Flip Turn|p2b: Blaziken
|-supereffective|p2b: Blaziken|1
|-damage|p2b: Blaziken|0 fnt
|faint|p2b: Blaziken
|
|-sideend|p1: Terra35871|move: Tailwind
|upkeep
|
|t:|1782368752
|switch|p2b: Basculegion|Basculegion, L50, M|100/100
|turn|5
|
|t:|1782368766
|move|p2a: Whimsicott|Moonblast|p1a: Basculegion
|-damage|p1a: Basculegion|58/100
|move|p2b: Basculegion|Last Respects|p1a: Basculegion
|-supereffective|p1a: Basculegion|1
|-damage|p1a: Basculegion|0 fnt
|faint|p1a: Basculegion
|
|win|teyvgc
