|j|☆nibblesjibbles
|j|☆blop_24
|html|nibblesjibblesblop_24    
|uhtml|bestof|Game 1 of a best-of-3
|t:|1757904788
|gametype|doubles
|player|p1|nibblesjibbles|scientist-gen4|1252
|player|p2|blop_24|pokemaniac|1224
|gen|9
|tier|[Gen 9] VGC 2025 Reg H (Bo3)
|rated|
|rule|Species Clause: Limit one of each Pokémon
|rule|Item Clause: Limit 1 of each item
|clearpoke
|poke|p1|Ursaluna-Bloodmoon, L50, M|
|poke|p1|Gholdengo, L50|
|poke|p1|Dragonite, L50, M|
|poke|p1|Ninetales-Alola, L50, M|
|poke|p1|Annihilape, L50, M|
|poke|p1|Smeargle, L50, F|
|poke|p2|Dondozo, L50, F|
|poke|p2|Tatsugiri, L50, F|
|poke|p2|Tyranitar, L50, F|
|poke|p2|Garchomp, L50, F|
|poke|p2|Kilowattrel, L50, F|
|poke|p2|Excadrill, L50, F|
|teampreview|4
|showteam|p1|Ursaluna-Bloodmoon||AssaultVest|MindsEye|BloodMoon,HyperVoice,EarthPower,VacuumWave|||M|||50|,,,,,Ghost]Gholdengo||LifeOrb|GoodasGold|MakeItRain,ShadowBall,NastyPlot,Protect||||||50|,,,,,Water]Dragonite||LoadedDice|Multiscale|ExtremeSpeed,ScaleShot,Tailwind,Protect|||M|||50|,,,,,Normal]Ninetales-Alola||LightClay|SnowWarning|IcicleSpear,IcyWind,AuroraVeil,Blizzard|||M|||50|,,,,,Ghost]Annihilape||SafetyGoggles|Defiant|BulkUp,RageFist,DrainPunch,Protect|||M|||50|,,,,,Fire]Smeargle||FocusSash|Moody|FakeOut,Spore,Decorate,FollowMe|||F|||50|,,,,,Ghost
|showteam|p2|Dondozo||Leftovers|Unaware|WaveCrash,OrderUp,Earthquake,Protect|||F|||50|,,,,,Grass]Tatsugiri||SafetyGoggles|Commander|DracoMeteor,MuddyWater,Taunt,Protect|||F|||50|,,,,,Normal]Tyranitar||AssaultVest|SandStream|RockSlide,KnockOff,LowKick,TeraBlast|||F|||50|,,,,,Flying]Garchomp||LoadedDice|SandVeil|ScaleShot,Earthquake,StompingTantrum,Protect|||F|||50|,,,,,Fairy]Kilowattrel||CovertCloak|Competitive|Discharge,AirSlash,Tailwind,Protect|||F|||50|,,,,,Electric]Excadrill||FocusSash|SandRush|Earthquake,IronHead,SwordsDance,Protect|||F|||50|,,,,,Ground
|inactive|Battle timer is ON: inactive players will automatically lose when time's up. (requested by nibblesjibbles)
|inactive|nibblesjibbles has 60 seconds left.
|
|t:|1757904825
|teamsize|p1|4
|teamsize|p2|4
|start
|switch|p1a: Ursaluna|Ursaluna-Bloodmoon, L50, M|100/100
|switch|p1b: Dragonite|Dragonite, L50, M|100/100
|switch|p2a: Un grr|Tyranitar, L50, F|100/100
|switch|p2b: Churriana|Kilowattrel, L50, F|100/100
|-weather|Sandstorm|[from] ability: Sand Stream|[of] p2a: Un grr
|turn|1
|
|t:|1757904848
|move|p2b: Churriana|Tailwind|p2b: Churriana
|-sidestart|p2: blop_24|move: Tailwind
|move|p2a: Un grr|Low Kick|p1a: Ursaluna
|-supereffective|p1a: Ursaluna
|-damage|p1a: Ursaluna|35/100
|move|p1b: Dragonite|Scale Shot|p2a: Un grr
|-damage|p2a: Un grr|89/100
|-damage|p2a: Un grr|76/100
|-damage|p2a: Un grr|64/100
|-damage|p2a: Un grr|52/100
|-damage|p2a: Un grr|39/100
|-hitcount|p2a: Un grr|5
|-unboost|p1b: Dragonite|def|1
|-boost|p1b: Dragonite|spe|1
|move|p1a: Ursaluna|Hyper Voice|p2a: Un grr|[spread] p2a,p2b
|-resisted|p2a: Un grr
|-damage|p2a: Un grr|31/100
|-damage|p2b: Churriana|40/100
|
|-weather|Sandstorm|[upkeep]
|-damage|p2b: Churriana|34/100|[from] Sandstorm
|-damage|p1b: Dragonite|95/100|[from] Sandstorm
|upkeep
|turn|2
|inactive|nibblesjibbles has 30 seconds left.
|inactive|blop_24 has 30 seconds left.
|inactive|blop_24 has 20 seconds left.
|inactive|nibblesjibbles has 20 seconds left.
|inactive|nibblesjibbles has 15 seconds left.
|
|t:|1757904894
|switch|p1a: Annihilape|Annihilape, L50, M|100/100
|move|p1b: Dragonite|Extreme Speed|p2b: Churriana
|-damage|p2b: Churriana|0 fnt
|faint|p2b: Churriana
|move|p2a: Un grr|Rock Slide|p1b: Dragonite|[spread] p1a
|-miss|p2a: Un grr|p1b: Dragonite
|-resisted|p1a: Annihilape
|-damage|p1a: Annihilape|85/100
|
|-weather|Sandstorm|[upkeep]
|-damage|p1b: Dragonite|89/100|[from] Sandstorm
|upkeep
|
|t:|1757904906
|switch|p2b: Ostia tio|Dondozo, L50, F|100/100
|turn|3
|
|t:|1757904923
|switch|p2a: Enchufao|Tatsugiri, L50, F|100/100
|-activate|p2a: Enchufao|ability: Commander|[of] p2b: Ostia tio
|-boost|p2b: Ostia tio|atk|2
|-boost|p2b: Ostia tio|spa|2
|-boost|p2b: Ostia tio|spe|2
|-boost|p2b: Ostia tio|def|2
|-boost|p2b: Ostia tio|spd|2
|move|p1a: Annihilape|Protect|p1a: Annihilape
|-singleturn|p1a: Annihilape|Protect
|move|p2b: Ostia tio|Wave Crash|p1a: Annihilape
|-activate|p1a: Annihilape|move: Protect
|move|p1b: Dragonite|Tailwind|p1b: Dragonite
|-sidestart|p1: nibblesjibbles|move: Tailwind
|
|-weather|Sandstorm|[upkeep]
|-damage|p1b: Dragonite|83/100|[from] Sandstorm
|-damage|p2b: Ostia tio|94/100|[from] Sandstorm
|-heal|p2b: Ostia tio|100/100|[from] item: Leftovers
|upkeep
|turn|4
|
|t:|1757904939
|switch|p1a: Gholdengo|Gholdengo, L50|100/100
|move|p1b: Dragonite|Scale Shot|p2b: Ostia tio
|-damage|p2b: Ostia tio|95/100
|-damage|p2b: Ostia tio|90/100
|-damage|p2b: Ostia tio|86/100
|-damage|p2b: Ostia tio|81/100
|-hitcount|p2b: Ostia tio|4
|-unboost|p1b: Dragonite|def|1
|-boost|p1b: Dragonite|spe|1
|move|p2b: Ostia tio|Order Up|p1b: Dragonite
|-supereffective|p1b: Dragonite
|-damage|p1b: Dragonite|0 fnt
|faint|p1b: Dragonite
|-boost|p2b: Ostia tio|atk|1
|
|-weather|Sandstorm|[upkeep]
|-damage|p2b: Ostia tio|74/100|[from] Sandstorm
|-heal|p2b: Ostia tio|81/100|[from] item: Leftovers
|-sideend|p2: blop_24|move: Tailwind
|upkeep
|
|t:|1757904949
|switch|p1b: Annihilape|Annihilape, L50, M|85/100
|turn|5
|
|t:|1757904960
|move|p1b: Annihilape|Rage Fist|p2b: Ostia tio
|-damage|p2b: Ostia tio|67/100
|move|p1a: Gholdengo|Shadow Ball|p2b: Ostia tio
|-damage|p2b: Ostia tio|43/100
|-damage|p1a: Gholdengo|90/100|[from] item: Life Orb
|move|p2b: Ostia tio|Earthquake|p1a: Gholdengo|[spread] p1a,p1b
|-miss|p2b: Ostia tio|p2a: Enchufao
|-supereffective|p1a: Gholdengo
|-damage|p1a: Gholdengo|0 fnt
|-damage|p1b: Annihilape|27/100
|faint|p1a: Gholdengo
|
|-weather|none
|-heal|p2b: Ostia tio|49/100|[from] item: Leftovers
|upkeep
|
|t:|1757904970
|switch|p1a: Ursaluna|Ursaluna-Bloodmoon, L50, M|35/100
|turn|6
|
|t:|1757904989
|move|p2b: Ostia tio|Protect|p2b: Ostia tio
|-singleturn|p2b: Ostia tio|Protect
|move|p1b: Annihilape|Rage Fist|p2b: Ostia tio
|-activate|p2b: Ostia tio|move: Protect
|move|p1a: Ursaluna|Blood Moon|p2b: Ostia tio
|-activate|p2b: Ostia tio|move: Protect
|
|-heal|p2b: Ostia tio|55/100|[from] item: Leftovers
|-sideend|p1: nibblesjibbles|move: Tailwind
|upkeep
|turn|7
|
|t:|1757905006
|move|p1b: Annihilape|Rage Fist|p2b: Ostia tio
|-damage|p2b: Ostia tio|35/100
|move|p2b: Ostia tio|Earthquake|p1a: Ursaluna|[spread] p1a,p1b
|-miss|p2b: Ostia tio|p2a: Enchufao
|-crit|p1b: Annihilape
|-damage|p1a: Ursaluna|0 fnt
|-damage|p1b: Annihilape|0 fnt
|faint|p1a: Ursaluna
|faint|p1b: Annihilape
|
|win|blop_24
||nibblesjibbles is ready for game 2.
||blop_24 is ready for game 2.
|uhtml|next|Next: Game 2 of 3
|l|☆nibblesjibbles
|player|p1|
|j|☆nibblesjibbles
|player|p1|nibblesjibbles|scientist-gen4|
