|j|☆GlitchXDGOAT
|j|☆Scriptorik
|html|GlitchXDGOATScriptorik    
|uhtml|bestof|Game 3 of a best-of-3
|t:|1783793642
|gametype|doubles
|player|p1|GlitchXDGOAT|169|1084
|player|p2|Scriptorik|pokemaniac|1040
|gen|9
|tier|[Gen 9 Champions] VGC 2026 Reg M-B (Bo3)
|rated|
|rule|Species Clause: Limit one of each Pokémon
|rule|Item Clause: Limit 1 of each item
|clearpoke
|poke|p1|Toxapex, L50, F|
|poke|p1|Incineroar, L50, M|
|poke|p1|Sinistcha, L50|
|poke|p1|Dragapult, L50, M|
|poke|p1|Metagross, L50|
|poke|p1|Grimmsnarl, L50, M|
|poke|p2|Dragapult, L50, M|
|poke|p2|Milotic, L50, M|
|poke|p2|Delphox, L50, M|
|poke|p2|Sinistcha, L50|
|poke|p2|Raichu, L50, M|
|poke|p2|Maushold, L50|
|teampreview|4
|showteam|p1|Toxapex||Leftovers|Regenerator|Toxic,BanefulBunker,Infestation,WideGuard|Bold||F|||50|]Incineroar||SitrusBerry|Intimidate|FakeOut,FlareBlitz,PartingShot,Protect|Careful||M|||50|]Sinistcha||KasibBerry|Hospitality|MatchaGotcha,RagePowder,LifeDew,Protect|Bold|||||50|]Dragapult||LifeOrb|ClearBody|DracoMeteor,Hex,ShadowBall,Protect|Timid||M|||50|]Metagross||Metagrossite|ClearBody|BulletPunch,PsychicFangs,BodyPress,Protect|Adamant|||||50|]Grimmsnarl||LightClay|Prankster|Reflect,LightScreen,PartingShot,SpiritBreak|Adamant||M|||50|
|showteam|p2|Dragapult||LightClay|ClearBody|Hex,ThunderWave,Reflect,LightScreen|Timid||M|||50|]Milotic||Leftovers|Competitive|MuddyWater,Coil,Hypnosis,Recover|Calm||M|||50|]Delphox||Delphoxite|Blaze|HeatWave,Psychic,NastyPlot,Protect|Timid||M|||50|]Sinistcha||CobaBerry|Hospitality|MatchaGotcha,Protect,RagePowder,CalmMind|Bold|||||50|]Raichu||RaichuniteY|LightningRod|FakeOut,ZapCannon,FocusBlast,Protect|Timid||M|||50|]Maushold||FocusSash|FriendGuard|SuperFang,FollowMe,Taunt,Protect|Jolly|||||50|
|inactive|Battle timer is ON: inactive players will automatically lose when time's up. (requested by GlitchXDGOAT)
|inactive|Scriptorik has 60 seconds left.
|
|t:|1783793697
|teamsize|p1|4
|teamsize|p2|4
|start
|switch|p1a: Toxapex|Toxapex, L50, F|100/100
|switch|p1b: Grimmsnarl|Grimmsnarl, L50, M|100/100
|switch|p2a: Delphox|Delphox, L50, M|100/100
|switch|p2b: Dragapult|Dragapult, L50, M|100/100
|turn|1
|inactive|Scriptorik has 30 seconds left.
|
|t:|1783793727
|detailschange|p2a: Delphox|Delphox-Mega, L50, M
|-mega|p2a: Delphox|Delphox|Delphoxite
|move|p1b: Grimmsnarl|Light Screen|p1b: Grimmsnarl
|-sidestart|p1: GlitchXDGOAT|move: Light Screen
|move|p2b: Dragapult|Thunder Wave|p1b: Grimmsnarl
|-status|p1b: Grimmsnarl|par
|move|p2a: Delphox|Psychic|p1a: Toxapex
|-supereffective|p1a: Toxapex|1
|-damage|p1a: Toxapex|51/100
|move|p1a: Toxapex|Toxic|p2a: Delphox
|-status|p2a: Delphox|tox
|
|-heal|p1a: Toxapex|57/100|[from] item: Leftovers
|-damage|p2a: Delphox|94/100 tox|[from] psn
|upkeep
|turn|2
|inactive|Scriptorik has 30 seconds left.
|
|t:|1783793762
|switch|p2a: Maushold|Maushold, L50|100/100
|-heal|p1a: Toxapex|90/100|[from] ability: Regenerator|[silent]
|switch|p1a: Metagross|Metagross, L50|100/100
|move|p2b: Dragapult|Thunder Wave|p1a: Metagross|[miss]
|-miss|p2b: Dragapult|p1a: Metagross
|move|p1b: Grimmsnarl|Spirit Break|p2b: Dragapult
|-supereffective|p2b: Dragapult|1
|-damage|p2b: Dragapult|23/100
|
|upkeep
|turn|3
|inactive|Scriptorik has 30 seconds left.
|
|t:|1783793795
|detailschange|p1a: Metagross|Metagross-Mega, L50
|-mega|p1a: Metagross|Metagross|Metagrossite
|move|p1a: Metagross|Protect|p1a: Metagross
|-singleturn|p1a: Metagross|Protect
|move|p2a: Maushold|Follow Me|p2a: Maushold
|-singleturn|p2a: Maushold|move: Follow Me
|move|p1b: Grimmsnarl|Parting Shot|p2a: Maushold
|-unboost|p2a: Maushold|atk|1
|-unboost|p2a: Maushold|spa|1
|
|t:|1783793810
|switch|p1b: Sinistcha|Sinistcha, L50|100/100|[from] Parting Shot
|move|p2b: Dragapult|Reflect|p2b: Dragapult
|-sidestart|p2: Scriptorik|Reflect
|
|upkeep
|turn|4
|
|t:|1783793817
|move|p2a: Maushold|Follow Me|p2a: Maushold
|-singleturn|p2a: Maushold|move: Follow Me
|move|p1b: Sinistcha|Rage Powder|p1b: Sinistcha
|-singleturn|p1b: Sinistcha|move: Rage Powder
|move|p2b: Dragapult|Thunder Wave|p1b: Sinistcha
|-status|p1b: Sinistcha|par
|move|p1a: Metagross|Psychic Fangs|p2a: Maushold
|-sideend|p2: Scriptorik|Reflect
|-damage|p2a: Maushold|5/100
|
|upkeep
|turn|5
|
|t:|1783793834
|switch|p1b: Grimmsnarl|Grimmsnarl, L50, M|100/100 par
|move|p1a: Metagross|Bullet Punch|p2b: Dragapult
|-damage|p2b: Dragapult|0 fnt
|faint|p2b: Dragapult
|move|p2a: Maushold|Super Fang|p1a: Metagross
|-damage|p1a: Metagross|50/100g
|
|upkeep
|
|t:|1783793845
|switch|p2b: Delphox|Delphox-Mega, L50, M|94/100 tox
|turn|6
|
|t:|1783793854
|move|p2a: Maushold|Follow Me|p2a: Maushold
|-singleturn|p2a: Maushold|move: Follow Me
|move|p1a: Metagross|Bullet Punch|p2a: Maushold
|-damage|p2a: Maushold|0 fnt
|faint|p2a: Maushold
|move|p1b: Grimmsnarl|Parting Shot|p2b: Delphox
|-unboost|p2b: Delphox|atk|1
|-unboost|p2b: Delphox|spa|1
|
|t:|1783793860
|switch|p1b: Sinistcha|Sinistcha, L50|100/100 par|[from] Parting Shot
|-heal|p1a: Metagross|74/100|[from] ability: Hospitality|[of] p1b: Sinistcha
|move|p2b: Delphox|Nasty Plot|p2b: Delphox
|-boost|p2b: Delphox|spa|2
|
|-damage|p2b: Delphox|88/100 tox|[from] psn
|upkeep
|
|t:|1783793863
|switch|p2a: Sinistcha|Sinistcha, L50|100/100
|-heal|p2b: Delphox|100/100 tox|[from] ability: Hospitality|[of] p2a: Sinistcha
|turn|7
|
|t:|1783793876
|move|p2b: Delphox|Heat Wave|p1a: Metagross|[spread] p1a,p1b
|-supereffective|p1a: Metagross|1
|-supereffective|p1b: Sinistcha|1
|-damage|p1a: Metagross|12/100
|-damage|p1b: Sinistcha|34/100 par
|move|p1a: Metagross|Psychic Fangs|p2a: Sinistcha
|-damage|p2a: Sinistcha|53/100
|move|p2a: Sinistcha|Calm Mind|p2a: Sinistcha
|-boost|p2a: Sinistcha|spa|1
|-boost|p2a: Sinistcha|spd|1
|move|p1b: Sinistcha|Life Dew|p1b: Sinistcha|[spread] p1a,p1b
|-heal|p1a: Metagross|37/100
|-heal|p1b: Sinistcha|60/100 par
|
|-damage|p2b: Delphox|88/100 tox|[from] psn
|upkeep
|turn|8
|
|t:|1783793900
|move|p1b: Sinistcha|Protect|p1b: Sinistcha
|-singleturn|p1b: Sinistcha|Protect
|move|p1a: Metagross|Bullet Punch|p2a: Sinistcha
|-damage|p2a: Sinistcha|32/100
|move|p2b: Delphox|Heat Wave|p1b: Sinistcha|[spread] 
|-activate|p1b: Sinistcha|move: Protect
|-miss|p2b: Delphox|p1a: Metagross
|move|p2a: Sinistcha|Calm Mind|p2a: Sinistcha
|-boost|p2a: Sinistcha|spa|1
|-boost|p2a: Sinistcha|spd|1
|
|-damage|p2b: Delphox|71/100 tox|[from] psn
|-sideend|p1: GlitchXDGOAT|move: Light Screen
|upkeep
|turn|9
|
|t:|1783793912
|move|p1a: Metagross|Protect|p1a: Metagross
|-singleturn|p1a: Metagross|Protect
|move|p2b: Delphox|Heat Wave|p1b: Sinistcha|[spread] p1b
|-activate|p1a: Metagross|move: Protect
|-supereffective|p1b: Sinistcha|1
|-damage|p1b: Sinistcha|0 fnt
|faint|p1b: Sinistcha
|move|p2a: Sinistcha|Matcha Gotcha|p1a: Metagross
|-activate|p1a: Metagross|move: Protect
|
|-damage|p2b: Delphox|49/100 tox|[from] psn
|upkeep
|
|t:|1783793920
|switch|p1b: Grimmsnarl|Grimmsnarl, L50, M|100/100 par
|turn|10
|
|t:|1783793926
|move|p2b: Delphox|Protect|p2b: Delphox
|-singleturn|p2b: Delphox|Protect
|move|p1a: Metagross|Bullet Punch|p2a: Sinistcha
|-damage|p2a: Sinistcha|11/100
|cant|p1b: Grimmsnarl|par
|move|p2a: Sinistcha|Matcha Gotcha|p1b: Grimmsnarl|[spread] p1a,p1b
|-resisted|p1a: Metagross|1
|-damage|p1a: Metagross|14/100
|-heal|p2a: Sinistcha|23/100|[from] drain|[of] p1a: Metagross
|-damage|p1b: Grimmsnarl|48/100 par
|-heal|p2a: Sinistcha|53/100|[from] drain|[of] p1b: Grimmsnarl
|
|-damage|p2b: Delphox|20/100y tox|[from] psn
|upkeep
|turn|11
|
|t:|1783793944
|move|p2a: Sinistcha|Protect|p2a: Sinistcha
|-singleturn|p2a: Sinistcha|Protect
|move|p1a: Metagross|Bullet Punch|p2a: Sinistcha
|-activate|p2a: Sinistcha|move: Protect
|cant|p1b: Grimmsnarl|par
|move|p2b: Delphox|Heat Wave|p1b: Grimmsnarl|[spread] p1a,p1b
|-supereffective|p1a: Metagross|1
|-damage|p1a: Metagross|0 fnt
|-damage|p1b: Grimmsnarl|0 fnt
|faint|p1a: Metagross
|faint|p1b: Grimmsnarl
|
|-damage|p2b: Delphox|0 fnt|[from] psn
|faint|p2b: Delphox
|upkeep
|
|t:|1783793948
|switch|p1b: Toxapex|Toxapex, L50, F|90/100
|turn|12
|
|t:|1783793958
|move|p2a: Sinistcha|Matcha Gotcha|p1b: Toxapex
|-damage|p1b: Toxapex|36/100
|-heal|p2a: Sinistcha|76/100|[from] drain|[of] p1b: Toxapex
|move|p1b: Toxapex|Toxic|p2a: Sinistcha
|-status|p2a: Sinistcha|tox
|
|-heal|p1b: Toxapex|42/100|[from] item: Leftovers
|-damage|p2a: Sinistcha|70/100 tox|[from] psn
|upkeep
|turn|13
|
|t:|1783793964
|move|p1b: Toxapex|Baneful Bunker|p1b: Toxapex
|-singleturn|p1b: Toxapex|move: Protect
|move|p2a: Sinistcha|Calm Mind|p2a: Sinistcha
|-boost|p2a: Sinistcha|spa|1
|-boost|p2a: Sinistcha|spd|1
|
|-heal|p1b: Toxapex|48/100|[from] item: Leftovers
|-damage|p2a: Sinistcha|58/100 tox|[from] psn
|upkeep
|turn|14
|
|t:|1783793969
|move|p1b: Toxapex|Wide Guard|p1b: Toxapex
|-singleturn|p1b: Toxapex|Wide Guard
|move|p2a: Sinistcha|Matcha Gotcha|p1b: Toxapex
|-activate|p1b: Toxapex|move: Wide Guard
|
|-heal|p1b: Toxapex|54/100|[from] item: Leftovers
|-damage|p2a: Sinistcha|39/100 tox|[from] psn
|upkeep
|turn|15
|
|t:|1783793975
|move|p1b: Toxapex|Wide Guard|p1b: Toxapex
|-singleturn|p1b: Toxapex|Wide Guard
|move|p2a: Sinistcha|Matcha Gotcha|p1b: Toxapex
|-activate|p1b: Toxapex|move: Wide Guard
|
|-heal|p1b: Toxapex|59/100|[from] item: Leftovers
|-damage|p2a: Sinistcha|15/100 tox|[from] psn
|upkeep
|turn|16
|-message|Scriptorik forfeited.
|
|win|GlitchXDGOAT
|raw|GlitchXDGOAT's rating: 1084 → 1108(+24 for winning)
|raw|Scriptorik's rating: 1040 → 1026(-14 for losing)
|l|☆Scriptorik
|player|p2|
|c|☆GlitchXDGOAT|GG
