|j|☆predatorssg
|j|☆hugoggg
|html|predatorssghugoggg    
|uhtml|bestof|Game 1 of a best-of-3
|t:|1786049077
|gametype|doubles
|player|p1|predatorssg|2|1244
|player|p2|hugoggg|102|1187
|gen|9
|tier|[Gen 9 Champions] VGC 2026 Reg M-B (Bo3)
|rated|
|rule|Species Clause: Limit one of each Pokémon
|rule|Item Clause: Limit 1 of each item
|clearpoke
|poke|p1|Archaludon, L50, F|
|poke|p1|Pelipper, L50, F|
|poke|p1|Grimmsnarl, L50, M|
|poke|p1|Swampert, L50, M|
|poke|p1|Talonflame, L50, M|
|poke|p1|Floette-Eternal, L50, F|
|poke|p2|Froslass, L50, F|
|poke|p2|Dragonite, L50, F, shiny|
|poke|p2|Sneasler, L50, F|
|poke|p2|Arcanine-Hisui, L50, F|
|poke|p2|Gholdengo, L50|
|poke|p2|Kingambit, L50, F|
|teampreview|4
|showteam|p1|Archaludon||Leftovers|Stamina|ElectroShot,AuraSphere,FlashCannon,Protect|Modest||F|||50|]Pelipper||SitrusBerry|Drizzle|HelpingHand,WeatherBall,Hurricane,WideGuard|Modest||F|||50|]Grimmsnarl||LightClay|Prankster|PartingShot,SpiritBreak,Reflect,LightScreen|Calm||M|||50|]Swampert||Swampertite|Torrent|WaveCrash,Earthquake,IcePunch,Protect|Adamant||M|||50|]Talonflame||SharpBeak|GaleWings|Protect,Tailwind,RainDance,DualWingbeat|Jolly||M|||50|]Floette-Eternal||Floettite|FlowerVeil|DazzlingGleam,Moonblast,LightofRuin,Protect|Modest||F|||50|
|showteam|p2|Froslass||Froslassite|CursedBody|Blizzard,ShadowBall,AuroraVeil,Protect|Modest||F|||50|]Dragonite||DragonFang|Multiscale|ScaleShot,Haze,Tailwind,Protect|Adamant||F|||50|]Sneasler||WhiteHerb|Unburden|CloseCombat,GunkShot,FakeOut,Protect|Adamant||F|||50|]Arcanine-Hisui||FocusSash|RockHead|HeadSmash,FlareBlitz,ExtremeSpeed,Protect|Adamant||F|||50|]Gholdengo||ChoiceScarf|GoodasGold|MakeItRain,ShadowBall,PowerGem,Trick|Modest|||||50|]Kingambit||LifeOrb|Defiant|KowtowCleave,SuckerPunch,SwordsDance,Protect|Adamant||F|||50|
|inactive|Battle timer is ON: inactive players will automatically lose when time's up. (requested by predatorssg)
|inactive|hugoggg has 60 seconds left.
|
|t:|1786049168
|teamsize|p1|4
|teamsize|p2|4
|start
|switch|p1a: Talonflame|Talonflame, L50, M|100/100
|switch|p1b: Swampert|Swampert, L50, M|100/100
|switch|p2a: Rollin girl|Dragonite, L50, F, shiny|100/100
|switch|p2b: Animal|Arcanine-Hisui, L50, F|100/100
|turn|1
|inactive|predatorssg has 30 seconds left.
|inactive|hugoggg has 30 seconds left.
|inactive|predatorssg has 20 seconds left.
|
|t:|1786049204
|switch|p1b: Archaludon|Archaludon, L50, F|100/100
|move|p1a: Talonflame|Tailwind|p1a: Talonflame
|-sidestart|p1: predatorssg|move: Tailwind
|move|p2b: Animal|Head Smash|p1b: Archaludon
|-resisted|p1b: Archaludon|1
|-damage|p1b: Archaludon|71/100
|-ability|p1b: Archaludon|Stamina|boost
|-boost|p1b: Archaludon|def|1
|move|p2a: Rollin girl|Scale Shot|p1a: Talonflame
|-damage|p1a: Talonflame|75/100
|-damage|p1a: Talonflame|50/100g
|-damage|p1a: Talonflame|26/100
|-hitcount|p1a: Talonflame|3
|-unboost|p2a: Rollin girl|def|1
|-boost|p2a: Rollin girl|spe|1
|
|-heal|p1b: Archaludon|77/100|[from] item: Leftovers
|upkeep
|turn|2
|
|t:|1786049227
|move|p2b: Animal|Extreme Speed|p1a: Talonflame
|-damage|p1a: Talonflame|0 fnt
|faint|p1a: Talonflame
|move|p1b: Archaludon|Electro Shot||[still]
|-prepare|p1b: Archaludon|Electro Shot
|-boost|p1b: Archaludon|spa|1
|move|p2a: Rollin girl|Tailwind|p2a: Rollin girl
|-sidestart|p2: hugoggg|move: Tailwind
|
|-heal|p1b: Archaludon|83/100|[from] item: Leftovers
|upkeep
|
|t:|1786049235
|switch|p1a: Pelipper|Pelipper, L50, F|100/100
|-weather|RainDance|[from] ability: Drizzle|[of] p1a: Pelipper
|turn|3
|
|t:|1786049242
|move|p1a: Pelipper|Wide Guard|p1a: Pelipper
|-singleturn|p1a: Pelipper|Wide Guard
|move|p2a: Rollin girl|Haze|p2a: Rollin girl
|-clearallboost
|move|p2b: Animal|Head Smash|p1a: Pelipper
|-supereffective|p1a: Pelipper|1
|-damage|p1a: Pelipper|0 fnt
|faint|p1a: Pelipper
|move|p1b: Archaludon|Electro Shot|p2a: Rollin girl|[from] lockedmove
|-damage|p2a: Rollin girl|77/100
|
|-weather|RainDance|[upkeep]
|-heal|p1b: Archaludon|90/100|[from] item: Leftovers
|upkeep
|
|t:|1786049248
|switch|p1a: Swampert|Swampert, L50, M|100/100
|turn|4
|inactive|hugoggg has 30 seconds left.
|inactive|hugoggg has 20 seconds left.
|inactive|hugoggg has 15 seconds left.
|
|t:|1786049289
|detailschange|p1a: Swampert|Swampert-Mega, L50, M
|-mega|p1a: Swampert|Swampert|Swampertite
|move|p2b: Animal|Protect|p2b: Animal
|-singleturn|p2b: Animal|Protect
|move|p2a: Rollin girl|Protect|p2a: Rollin girl
|-singleturn|p2a: Rollin girl|Protect
|move|p1a: Swampert|Ice Punch|p2a: Rollin girl
|-activate|p2a: Rollin girl|move: Protect
|move|p1b: Archaludon|Aura Sphere|p2b: Animal
|-activate|p2b: Animal|move: Protect
|
|-weather|RainDance|[upkeep]
|-heal|p1b: Archaludon|96/100|[from] item: Leftovers
|-sideend|p1: predatorssg|move: Tailwind
|upkeep
|turn|5
|
|t:|1786049313
|move|p1a: Swampert|Protect|p1a: Swampert
|-singleturn|p1a: Swampert|Protect
|move|p1b: Archaludon|Protect|p1b: Archaludon
|-singleturn|p1b: Archaludon|Protect
|move|p2b: Animal|Head Smash|p1a: Swampert
|-activate|p1a: Swampert|move: Protect
|move|p2a: Rollin girl|Scale Shot|p1a: Swampert
|-activate|p1a: Swampert|move: Protect
|
|-weather|RainDance|[upkeep]
|-heal|p1b: Archaludon|100/100|[from] item: Leftovers
|-sideend|p2: hugoggg|move: Tailwind
|upkeep
|turn|6
|
|t:|1786049327
|move|p2b: Animal|Protect|p2b: Animal
|-singleturn|p2b: Animal|Protect
|move|p2a: Rollin girl|Protect|p2a: Rollin girl
|-singleturn|p2a: Rollin girl|Protect
|move|p1a: Swampert|Ice Punch|p2b: Animal
|-activate|p2b: Animal|move: Protect
|move|p1b: Archaludon|Aura Sphere|p2b: Animal
|-activate|p2b: Animal|move: Protect
|
|-weather|RainDance|[upkeep]
|upkeep
|turn|7
|inactive|hugoggg has 30 seconds left.
|
|t:|1786049356
|switch|p2a: Ghost rule|Froslass, L50, F|100/100
|move|p1a: Swampert|Ice Punch|p2a: Ghost rule
|-resisted|p2a: Ghost rule|1
|-damage|p2a: Ghost rule|78/100
|-start|p1a: Swampert|Disable|Ice Punch|[from] ability: Cursed Body|[of] p2a: Ghost rule
|move|p2b: Animal|Head Smash|p1a: Swampert
|-resisted|p1a: Swampert|1
|-damage|p1a: Swampert|65/100
|move|p1b: Archaludon|Aura Sphere|p2b: Animal
|-supereffective|p2b: Animal|1
|-damage|p2b: Animal|40/100
|
|-weather|none
|upkeep
|turn|8
|
|t:|1786049379
|detailschange|p2a: Ghost rule|Froslass-Mega, L50, F
|-mega|p2a: Ghost rule|Froslass|Froslassite
|-weather|Snowscape|[from] ability: Snow Warning|[of] p2a: Ghost rule
|move|p1a: Swampert|Protect|p1a: Swampert
|-singleturn|p1a: Swampert|Protect
|move|p2a: Ghost rule|Blizzard|p1b: Archaludon|[spread] p1b
|-activate|p1a: Swampert|move: Protect
|-damage|p1b: Archaludon|44/100
|-ability|p1b: Archaludon|Stamina|boost
|-boost|p1b: Archaludon|def|1
|move|p2b: Animal|Head Smash|p1a: Swampert
|-activate|p1a: Swampert|move: Protect
|move|p1b: Archaludon|Flash Cannon|p2a: Ghost rule
|-supereffective|p2a: Ghost rule|1
|-damage|p2a: Ghost rule|2/100
|
|-weather|Snowscape|[upkeep]
|-heal|p1b: Archaludon|51/100|[from] item: Leftovers
|upkeep
|turn|9
|inactive|hugoggg has 30 seconds left.
|
|t:|1786049405
|move|p1b: Archaludon|Protect|p1b: Archaludon
|-singleturn|p1b: Archaludon|Protect
|move|p2b: Animal|Extreme Speed|p1a: Swampert
|-damage|p1a: Swampert|41/100
|move|p2a: Ghost rule|Blizzard|p1b: Archaludon|[spread] p1a
|-activate|p1b: Archaludon|move: Protect
|-damage|p1a: Swampert|4/100
|move|p1a: Swampert|Earthquake|p2a: Ghost rule|[spread] p2a,p2b
|-activate|p1b: Archaludon|move: Protect
|-supereffective|p2b: Animal|2
|-damage|p2a: Ghost rule|0 fnt
|-damage|p2b: Animal|0 fnt
|faint|p2a: Ghost rule
|faint|p2b: Animal
|
|-weather|Snowscape|[upkeep]
|-heal|p1b: Archaludon|57/100|[from] item: Leftovers
|upkeep
|
|t:|1786049425
|switch|p2a: Rollin girl|Dragonite, L50, F, shiny|77/100
|switch|p2b: Flop era|Gholdengo, L50|100/100
|turn|10
|inactive|predatorssg has 30 seconds left.
|
|t:|1786049454
|move|p2b: Flop era|Shadow Ball|p1b: Archaludon
|-damage|p1b: Archaludon|1/100
|-unboost|p1b: Archaludon|spd|1
|-ability|p1b: Archaludon|Stamina|boost
|-boost|p1b: Archaludon|def|1
|move|p2a: Rollin girl|Scale Shot|p1b: Archaludon
|-damage|p1b: Archaludon|0 fnt
|faint|p1b: Archaludon
|-hitcount|p1: Archaludon|1
|-unboost|p2a: Rollin girl|def|1
|-boost|p2a: Rollin girl|spe|1
|move|p1a: Swampert|Earthquake|p2b: Flop era|[spread] p2b
|-immune|p2a: Rollin girl
|-supereffective|p2b: Flop era|1
|-damage|p2b: Flop era|1/100
|
|-weather|Snowscape|[upkeep]
|-end|p1a: Swampert|Disable
|upkeep
|turn|11
|
|t:|1786049476
|move|p2a: Rollin girl|Scale Shot|p1a: Swampert
|-damage|p1a: Swampert|0 fnt
|faint|p1a: Swampert
|-hitcount|p1: Swampert|1
|
|win|hugoggg
|c|☆predatorssg|va xD
||predatorssg is ready for game 2.
||hugoggg is ready for game 2.
|uhtml|next|Next: Game 2 of 3
|l|☆predatorssg
|player|p1|
