|j|☆Luckstat10
|j|☆ddx9000
|html|Luckstat10ddx9000    
|uhtml|bestof|Game 1 of a best-of-3
|t:|1756792737
|gametype|doubles
|player|p1|Luckstat10|266|1147
|player|p2|ddx9000|266|1093
|gen|9
|tier|[Gen 9] VGC 2025 Reg H (Bo3)
|rated|
|rule|Species Clause: Limit one of each Pokémon
|rule|Item Clause: Limit 1 of each item
|clearpoke
|poke|p1|Rillaboom, L50, M|
|poke|p1|Gholdengo, L50|
|poke|p1|Milotic, L50, F|
|poke|p1|Garchomp, L50, M|
|poke|p1|Volcarona, L50, F|
|poke|p1|Annihilape, L50, M|
|poke|p2|Incineroar, L50, M|
|poke|p2|Porygon2, L50|
|poke|p2|Amoonguss, L50, F|
|poke|p2|Hydreigon, L50, M|
|poke|p2|Ursaluna, L50, M|
|poke|p2|Gholdengo, L50|
|teampreview|4
|showteam|p1|Rillaboom||AssaultVest|GrassySurge|FakeOut,WoodHammer,GrassyGlide,HighHorsepower|||M|||50|,,,,,Fire]Gholdengo||LifeOrb|GoodasGold|NastyPlot,MakeItRain,ShadowBall,Protect||||||50|,,,,,Water]Milotic||FlameOrb|MarvelScale|IcyWind,Scald,Haze,Recover|||F|||50|,,,,,Dragon]Garchomp||ChoiceScarf|RoughSkin|DragonClaw,StompingTantrum,Earthquake,RockSlide|||M|||50|,,,,,Fairy]Volcarona||CovertCloak|FlameBody|QuiverDance,HeatWave,GigaDrain,Protect|||F|||50|,,,,,Grass]Annihilape||Leftovers|Defiant|BulkUp,DrainPunch,RageFist,Protect|||M|||50|,,,,,Fire
|showteam|p2|Incineroar||AssaultVest|Intimidate|FakeOut,Uturn,FlareBlitz,KnockOff|||M|||50|,,,,,Ghost]Porygon2||Eviolite|Download|TeraBlast,IceBeam,Recover,TrickRoom||||||50|,,,,,Fighting]Amoonguss||RockyHelmet|Regenerator|Spore,ClearSmog,RagePowder,PollenPuff|||F|||50|,,,,,Water]Hydreigon||SafetyGoggles|Levitate|Tailwind,Snarl,Protect,DracoMeteor|||M|||50|,,,,,Ghost]Ursaluna||FlameOrb|Guts|Protect,HeadlongRush,Earthquake,Facade|||M|||50|,,,,,Ghost]Gholdengo||LifeOrb|GoodasGold|Protect,NastyPlot,MakeItRain,ShadowBall||||||50|,,,,,Water
|
|t:|1756792761
|teamsize|p1|4
|teamsize|p2|4
|start
|switch|p1a: Annihilape|Annihilape, L50, M, shiny|100/100
|switch|p1b: Koba|Rillaboom, L50, M, shiny|100/100
|switch|p2a: Amoonguss|Amoonguss, L50, F, shiny|100/100
|switch|p2b: Porygon2|Porygon2, L50|100/100
|-fieldstart|move: Grassy Terrain|[from] ability: Grassy Surge|[of] p1b: Koba
|-ability|p2b: Porygon2|Download|boost
|-boost|p2b: Porygon2|spa|1
|turn|1
|
|t:|1756792777
|move|p1b: Koba|Fake Out|p2a: Amoonguss
|-damage|p2a: Amoonguss|90/100
|-damage|p1b: Koba|84/100|[from] item: Rocky Helmet|[of] p2a: Amoonguss
|move|p1a: Annihilape|Bulk Up|p1a: Annihilape
|-boost|p1a: Annihilape|atk|1
|-boost|p1a: Annihilape|def|1
|cant|p2a: Amoonguss|flinch
|move|p2b: Porygon2|Trick Room|p2b: Porygon2
|-fieldstart|move: Trick Room|[of] p2b: Porygon2
|
|-heal|p2a: Amoonguss|96/100|[from] Grassy Terrain
|-heal|p1b: Koba|90/100|[from] Grassy Terrain
|upkeep
|turn|2
|
|t:|1756792789
|move|p1a: Annihilape|Protect|p1a: Annihilape
|-singleturn|p1a: Annihilape|Protect
|move|p2a: Amoonguss|Clear Smog|p1a: Annihilape
|-activate|p1a: Annihilape|move: Protect
|move|p2b: Porygon2|Ice Beam|p1b: Koba
|-supereffective|p1b: Koba
|-damage|p1b: Koba|27/100
|move|p1b: Koba|Wood Hammer|p2b: Porygon2
|-damage|p2b: Porygon2|52/100
|-damage|p1b: Koba|11/100|[from] Recoil
|
|-heal|p2a: Amoonguss|100/100|[from] Grassy Terrain
|-heal|p2b: Porygon2|58/100|[from] Grassy Terrain
|-heal|p1b: Koba|17/100|[from] Grassy Terrain
|upkeep
|turn|3
|
|t:|1756792814
|switch|p1b: Calypso|Milotic, L50, F, shiny|100/100
|move|p2a: Amoonguss|Spore|p1a: Annihilape
|-status|p1a: Annihilape|slp|[from] move: Spore
|move|p2b: Porygon2|Ice Beam|p1b: Calypso
|-resisted|p1b: Calypso
|-damage|p1b: Calypso|85/100
|cant|p1a: Annihilape|slp
|
|-heal|p2b: Porygon2|65/100|[from] Grassy Terrain
|-heal|p1b: Calypso|91/100|[from] Grassy Terrain
|-status|p1b: Calypso|brn|[from] item: Flame Orb
|upkeep
|turn|4
|
|t:|1756792835
|move|p2a: Amoonguss|Clear Smog|p1a: Annihilape
|-resisted|p1a: Annihilape
|-damage|p1a: Annihilape|93/100 slp
|-clearboost|p1a: Annihilape
|move|p2b: Porygon2|Tera Blast|p1b: Calypso
|-damage|p1b: Calypso|46/100 brn
|move|p1b: Calypso|Haze|p1b: Calypso
|-clearallboost
|cant|p1a: Annihilape|slp
|
|-heal|p2b: Porygon2|71/100|[from] Grassy Terrain
|-heal|p1b: Calypso|51/100 brn|[from] Grassy Terrain
|-heal|p1a: Annihilape|99/100 slp|[from] Grassy Terrain
|-heal|p1a: Annihilape|100/100 slp|[from] item: Leftovers
|-damage|p1b: Calypso|46/100 brn|[from] brn
|upkeep
|turn|5
|
|t:|1756792865
|move|p2a: Amoonguss|Pollen Puff|p1b: Calypso
|-damage|p1b: Calypso|31/100 brn
|move|p2b: Porygon2|Tera Blast|p1b: Calypso
|-damage|p1b: Calypso|4/100 brn
|move|p1b: Calypso|Recover|p1b: Calypso
|-heal|p1b: Calypso|54/100 brn
|cant|p1a: Annihilape|slp
|
|-heal|p2b: Porygon2|77/100|[from] Grassy Terrain
|-heal|p1b: Calypso|60/100 brn|[from] Grassy Terrain
|-damage|p1b: Calypso|54/100 brn|[from] brn
|-fieldend|move: Trick Room
|-fieldend|move: Grassy Terrain
|upkeep
|turn|6
|
|t:|1756792878
|-curestatus|p1a: Annihilape|slp|[msg]
|move|p1a: Annihilape|Drain Punch|p2b: Porygon2
|-supereffective|p2b: Porygon2
|-damage|p2b: Porygon2|33/100
|move|p1b: Calypso|Scald|p2b: Porygon2
|-damage|p2b: Porygon2|11/100
|move|p2a: Amoonguss|Spore|p1a: Annihilape
|-status|p1a: Annihilape|slp|[from] move: Spore
|move|p2b: Porygon2|Trick Room|p2b: Porygon2
|-fieldstart|move: Trick Room|[of] p2b: Porygon2
|
|-damage|p1b: Calypso|49/100 brn|[from] brn
|upkeep
|turn|7
|
|t:|1756792898
|move|p2a: Amoonguss|Pollen Puff|p2b: Porygon2
|-heal|p2b: Porygon2|61/100
|move|p2b: Porygon2|Tera Blast|p1b: Calypso
|-damage|p1b: Calypso|21/100 brn
|move|p1b: Calypso|Scald|p2b: Porygon2
|-damage|p2b: Porygon2|41/100
|-status|p2b: Porygon2|brn
|cant|p1a: Annihilape|slp
|
|-damage|p2b: Porygon2|34/100 brn|[from] brn
|-damage|p1b: Calypso|16/100 brn|[from] brn
|upkeep
|turn|8
|
|t:|1756792911
|switch|p2a: Ursaluna|Ursaluna, L50, M|100/100
|move|p2b: Porygon2|Tera Blast|p1b: Calypso
|-damage|p1b: Calypso|0 fnt
|faint|p1b: Calypso
|cant|p1a: Annihilape|slp
|
|-damage|p2b: Porygon2|28/100 brn|[from] brn
|-status|p2a: Ursaluna|brn|[from] item: Flame Orb
|upkeep
|
|t:|1756792917
|switch|p1b: Koba|Rillaboom, L50, M, shiny|17/100
|-fieldstart|move: Grassy Terrain|[from] ability: Grassy Surge|[of] p1b: Koba
|turn|9
|
|t:|1756792929
|switch|p2b: Amoonguss|Amoonguss, L50, F, shiny|100/100
|-terastallize|p2a: Ursaluna|Ghost
|move|p1b: Koba|Fake Out|p2b: Amoonguss
|-damage|p2b: Amoonguss|88/100
|-damage|p1b: Koba|1/100|[from] item: Rocky Helmet|[of] p2b: Amoonguss
|move|p2a: Ursaluna|Headlong Rush|p1a: Annihilape
|-damage|p1a: Annihilape|9/100 slp
|-unboost|p2a: Ursaluna|def|1
|-unboost|p2a: Ursaluna|spd|1
|cant|p1a: Annihilape|slp
|
|-heal|p2b: Amoonguss|94/100|[from] Grassy Terrain
|-heal|p1b: Koba|7/100|[from] Grassy Terrain
|-heal|p1a: Annihilape|15/100 slp|[from] Grassy Terrain
|-heal|p1a: Annihilape|21/100 slp|[from] item: Leftovers
|-damage|p2a: Ursaluna|95/100 brn|[from] brn
|upkeep
|turn|10
|
|t:|1756792953
|switch|p1b: Midas|Gholdengo, L50|100/100
|-curestatus|p1a: Annihilape|slp|[msg]
|move|p1a: Annihilape|Protect|p1a: Annihilape
|-singleturn|p1a: Annihilape|Protect
|move|p2b: Amoonguss|Clear Smog|p1b: Midas
|-immune|p1b: Midas
|move|p2a: Ursaluna|Headlong Rush|p1a: Annihilape
|-activate|p1a: Annihilape|move: Protect
|
|-heal|p2b: Amoonguss|99/100|[from] Grassy Terrain
|-heal|p2a: Ursaluna|100/100 brn|[from] Grassy Terrain
|-heal|p1a: Annihilape|27/100|[from] Grassy Terrain
|-heal|p1a: Annihilape|33/100|[from] item: Leftovers
|-damage|p2a: Ursaluna|95/100 brn|[from] brn
|-fieldend|move: Trick Room
|upkeep
|turn|11
|
|t:|1756792976
|switch|p2a: Incineroar|Incineroar, L50, M, shiny|100/100
|-ability|p2a: Incineroar|Intimidate|boost
|-unboost|p1a: Annihilape|atk|1
|-ability|p1a: Annihilape|Defiant|boost
|-boost|p1a: Annihilape|atk|2
|-unboost|p1b: Midas|atk|1
|move|p1a: Annihilape|Rage Fist|p2b: Amoonguss
|-damage|p2b: Amoonguss|22/100
|-damage|p1a: Annihilape|16/100|[from] item: Rocky Helmet|[of] p2b: Amoonguss
|move|p1b: Midas|Make It Rain|p2a: Incineroar|[spread] p2a,p2b
|-resisted|p2a: Incineroar
|-damage|p2a: Incineroar|83/100
|-damage|p2b: Amoonguss|0 fnt
|-unboost|p1b: Midas|spa|1
|faint|p2b: Amoonguss
|-damage|p1b: Midas|91/100|[from] item: Life Orb
|
|-heal|p1a: Annihilape|22/100|[from] Grassy Terrain
|-heal|p1a: Annihilape|28/100|[from] item: Leftovers
|-heal|p1b: Midas|97/100|[from] Grassy Terrain
|-heal|p2a: Incineroar|88/100|[from] Grassy Terrain
|upkeep
|
|t:|1756792991
|switch|p2b: Ursaluna|Ursaluna, L50, M, tera:Ghost|95/100 brn
|turn|12
|
|t:|1756793004
|-terastallize|p1b: Midas|Water
|move|p1a: Annihilape|Protect|p1a: Annihilape
|-singleturn|p1a: Annihilape|Protect
|move|p2b: Ursaluna|Protect|p2b: Ursaluna
|-singleturn|p2b: Ursaluna|Protect
|move|p1b: Midas|Nasty Plot|p1b: Midas
|-boost|p1b: Midas|spa|2
|move|p2a: Incineroar|Knock Off|p1a: Annihilape
|-activate|p1a: Annihilape|move: Protect
|
|-heal|p1a: Annihilape|34/100|[from] Grassy Terrain
|-heal|p1a: Annihilape|40/100|[from] item: Leftovers
|-heal|p1b: Midas|100/100|[from] Grassy Terrain
|-heal|p2a: Incineroar|94/100|[from] Grassy Terrain
|-heal|p2b: Ursaluna|100/100 brn|[from] Grassy Terrain
|-damage|p2b: Ursaluna|95/100 brn|[from] brn
|upkeep
|turn|13
|
|t:|1756793017
|move|p1a: Annihilape|Drain Punch|p2a: Incineroar
|-supereffective|p2a: Incineroar
|-damage|p2a: Incineroar|0 fnt
|-heal|p1a: Annihilape|85/100|[from] drain|[of] p2a: Incineroar
|faint|p2a: Incineroar
|move|p1b: Midas|Shadow Ball|p2b: Ursaluna
|-supereffective|p2b: Ursaluna
|-damage|p2b: Ursaluna|0 fnt
|faint|p2b: Ursaluna
|-damage|p1b: Midas|91/100|[from] item: Life Orb
|
|-heal|p1a: Annihilape|91/100|[from] Grassy Terrain
|-heal|p1a: Annihilape|97/100|[from] item: Leftovers
|-heal|p1b: Midas|97/100|[from] Grassy Terrain
|-fieldend|move: Grassy Terrain
|upkeep
|-message|ddx9000 forfeited.
|
|win|Luckstat10
|l|☆ddx9000
|player|p2|
||ddx9000 is ready for game 2.
|inactive|Luckstat10 has 30 seconds to confirm battle start!
||Luckstat10 is ready for game 2.
|uhtml|next|Next: Game 2 of 3
|j|☆ddx9000
|player|p2|ddx9000|266|
