|j|☆orterr
|j|☆Wizard Sibs
|html|orterrWizard Sibs    
|uhtml|bestof|Game 2 of a best-of-3
|t:|1757817191
|gametype|doubles
|player|p1|orterr|rood|
|player|p2|Wizard Sibs|265|
|gen|9
|tier|[Gen 9] VGC 2025 Reg H (Bo3)
|rule|Species Clause: Limit one of each Pokémon
|rule|Item Clause: Limit 1 of each item
|clearpoke
|poke|p1|Dragonite, L50, F|
|poke|p1|Kingambit, L50, F|
|poke|p1|Electabuzz, L50, M|
|poke|p1|Chandelure, L50, M|
|poke|p1|Flamigo, L50, F|
|poke|p1|Gyarados, L50, F|
|poke|p2|Tyranitar, L50, M|
|poke|p2|Amoonguss, L50, F|
|poke|p2|Excadrill, L50, F|
|poke|p2|Corviknight, L50, M|
|poke|p2|Dusclops, L50, F|
|poke|p2|Baxcalibur, L50, M|
|teampreview|4
|showteam|p1|Dragonite||LoadedDice|InnerFocus|Protect,ScaleShot,ExtremeSpeed,Haze|||F|||50|,,,,,Normal]Kingambit||BlackGlasses|Defiant|Protect,KowtowCleave,SuckerPunch,SwordsDance|||F|||50|,,,,,Dark]Electabuzz||Eviolite|VitalSpirit|FollowMe,KnockOff,Taunt,Electroweb|||M|||50|,,,,,Ghost]Chandelure||FocusSash|FlashFire|TrickRoom,EnergyBall,HeatWave,Protect|||M|||50|,,,,,Grass]Flamigo||LifeOrb|Scrappy|WideGuard,CloseCombat,Protect,BraveBird|||F|||50|,,,,,Stellar]Gyarados||SafetyGoggles|Intimidate|Waterfall,Protect,ThunderWave,Taunt|||F|||50|,,,,,Steel
|showteam|p2|Tyranitar||AssaultVest|SandStream|RockSlide,KnockOff,LowKick,TeraBlast|||M|||50|,,,,,Flying]Amoonguss||RockyHelmet|Regenerator|Spore,RagePowder,PollenPuff,Protect|||F|||50|,,,,,Water]Excadrill||FocusSash|SandRush|Protect,IronHead,HighHorsepower,Earthquake|||F|||50|,,,,,Ground]Corviknight||SitrusBerry|MirrorArmor|BraveBird,Roost,Tailwind,BulkUp|||M|||50|,,,,,Dragon]Dusclops||Eviolite|Frisk|TrickRoom,NightShade,PainSplit,Haze|||F|||50|,,,,,Dark]Baxcalibur||LoadedDice|ThermalExchange|Protect,IcicleSpear,IceShard,ScaleShot|||M|||50|,,,,,Ghost
|inactive|Battle timer is ON: inactive players will automatically lose when time's up. (requested by Wizard Sibs)
|
|t:|1757817259
|teamsize|p1|4
|teamsize|p2|4
|start
|switch|p1a: Chandelure|Chandelure, L50, M|100/100
|switch|p1b: Gyarados|Gyarados, L50, F|100/100
|switch|p2a: Dusclops|Dusclops, L50, F|100/100
|switch|p2b: Baxcalibur|Baxcalibur, L50, M|100/100
|-ability|p1b: Gyarados|Intimidate|boost
|-unboost|p2a: Dusclops|atk|1
|-unboost|p2b: Baxcalibur|atk|1
|-item|p1a: Chandelure|Focus Sash|[from] ability: Frisk|[of] p2a: Dusclops
|-item|p1b: Gyarados|Safety Goggles|[from] ability: Frisk|[of] p2a: Dusclops
|turn|1
|inactive|orterr has 30 seconds left.
|inactive|Wizard Sibs has 30 seconds left.
|inactive|orterr has 20 seconds left.
|inactive|Wizard Sibs has 20 seconds left.
|inactive|orterr has 15 seconds left.
|inactive|Wizard Sibs has 15 seconds left.
|inactiveoff|Battle timer is now OFF.
|
|t:|1757817325
|move|p1a: Chandelure|Heat Wave|p2b: Baxcalibur|[spread] p2a
|-miss|p1a: Chandelure|p2b: Baxcalibur
|-damage|p2a: Dusclops|76/100
|move|p1b: Gyarados|Taunt|p2a: Dusclops
|-start|p2a: Dusclops|move: Taunt
|move|p2b: Baxcalibur|Icicle Spear|p1b: Gyarados
|-damage|p1b: Gyarados|90/100
|-damage|p1b: Gyarados|79/100
|-damage|p1b: Gyarados|67/100
|-damage|p1b: Gyarados|56/100
|-hitcount|p1b: Gyarados|4
|cant|p2a: Dusclops|move: Taunt|Trick Room
|
|upkeep
|turn|2
|
|t:|1757817396
|move|p2b: Baxcalibur|Protect|p2b: Baxcalibur
|-singleturn|p2b: Baxcalibur|Protect
|move|p1a: Chandelure|Heat Wave|p2a: Dusclops|[spread] 
|-activate|p2b: Baxcalibur|move: Protect
|-miss|p1a: Chandelure|p2a: Dusclops
|move|p1b: Gyarados|Thunder Wave|p2b: Baxcalibur
|-activate|p2b: Baxcalibur|move: Protect
|move|p2a: Dusclops|Night Shade|p1b: Gyarados
|-damage|p1b: Gyarados|31/100
|
|upkeep
|turn|3
|
|t:|1757817424
|switch|p2b: Tyranitar|Tyranitar, L50, M|100/100
|-weather|Sandstorm|[from] ability: Sand Stream|[of] p2b: Tyranitar
|move|p1a: Chandelure|Heat Wave|p2b: Tyranitar|[spread] p2a,p2b
|-resisted|p2b: Tyranitar
|-damage|p2a: Dusclops|51/100
|-damage|p2b: Tyranitar|91/100
|move|p1b: Gyarados|Thunder Wave|p2b: Tyranitar
|-status|p2b: Tyranitar|par
|move|p2a: Dusclops|Night Shade|p1b: Gyarados
|-damage|p1b: Gyarados|6/100
|
|-weather|Sandstorm|[upkeep]
|-damage|p1a: Chandelure|95/100|[from] Sandstorm
|-damage|p2a: Dusclops|45/100|[from] Sandstorm
|-end|p2a: Dusclops|move: Taunt
|upkeep
|turn|4
|
|t:|1757817449
|switch|p1b: Kingambit|Kingambit, L50, F|100/100
|-terastallize|p1a: Chandelure|Grass
|move|p1a: Chandelure|Energy Ball|p2b: Tyranitar
|-supereffective|p2b: Tyranitar
|-damage|p2b: Tyranitar|47/100 par
|move|p2b: Tyranitar|Rock Slide|p1b: Kingambit|[spread] p1b
|-miss|p2b: Tyranitar|p1a: Chandelure
|-resisted|p1b: Kingambit
|-damage|p1b: Kingambit|89/100
|move|p2a: Dusclops|Trick Room|p2a: Dusclops
|-fieldstart|move: Trick Room|[of] p2a: Dusclops
|
|-weather|Sandstorm|[upkeep]
|-damage|p2a: Dusclops|39/100|[from] Sandstorm
|-damage|p1a: Chandelure|89/100|[from] Sandstorm
|upkeep
|turn|5
|
|t:|1757817497
|-terastallize|p2b: Tyranitar|Flying
|move|p1a: Chandelure|Protect|p1a: Chandelure
|-singleturn|p1a: Chandelure|Protect
|move|p2a: Dusclops|Pain Split|p1b: Kingambit
|-sethp|p1b: Kingambit|58/100|[from] move: Pain Split|[silent]
|-sethp|p2a: Dusclops|81/100|[from] move: Pain Split
|move|p2b: Tyranitar|Tera Blast|p1a: Chandelure|[anim] Tera Blast Flying
|-activate|p1a: Chandelure|move: Protect
|move|p1b: Kingambit|Swords Dance|p1b: Kingambit
|-boost|p1b: Kingambit|atk|2
|
|-weather|Sandstorm|[upkeep]
|-damage|p2a: Dusclops|75/100|[from] Sandstorm
|-damage|p2b: Tyranitar|41/100 par|[from] Sandstorm
|-damage|p1a: Chandelure|83/100|[from] Sandstorm
|upkeep
|turn|6
|
|t:|1757817517
|move|p2a: Dusclops|Haze|p2a: Dusclops
|-clearallboost
|move|p2b: Tyranitar|Tera Blast|p1a: Chandelure|[anim] Tera Blast Flying
|-supereffective|p1a: Chandelure
|-damage|p1a: Chandelure|0 fnt
|faint|p1a: Chandelure
|move|p1b: Kingambit|Kowtow Cleave|p2b: Tyranitar
|-damage|p2b: Tyranitar|0 fnt
|faint|p2b: Tyranitar
|
|-weather|Sandstorm|[upkeep]
|-damage|p2a: Dusclops|69/100|[from] Sandstorm
|upkeep
|
|t:|1757817535
|switch|p2b: Baxcalibur|Baxcalibur, L50, M|100/100
|switch|p1a: Gyarados|Gyarados, L50, F|6/100
|-ability|p1a: Gyarados|Intimidate|boost
|-unboost|p2a: Dusclops|atk|1
|-unboost|p2b: Baxcalibur|atk|1
|turn|7
|
|t:|1757817558
|move|p1a: Gyarados|Protect|p1a: Gyarados
|-singleturn|p1a: Gyarados|Protect
|move|p2a: Dusclops|Night Shade|p1a: Gyarados
|-activate|p1a: Gyarados|move: Protect
|move|p1b: Kingambit|Kowtow Cleave|p2b: Baxcalibur
|-damage|p2b: Baxcalibur|43/100
|move|p2b: Baxcalibur|Scale Shot|p1b: Kingambit
|-resisted|p1b: Kingambit
|-damage|p1b: Kingambit|54/100
|-resisted|p1b: Kingambit
|-damage|p1b: Kingambit|49/100
|-resisted|p1b: Kingambit
|-damage|p1b: Kingambit|45/100
|-resisted|p1b: Kingambit
|-damage|p1b: Kingambit|41/100
|-hitcount|p1b: Kingambit|4
|-unboost|p2b: Baxcalibur|def|1
|-boost|p2b: Baxcalibur|spe|1
|
|-weather|none
|upkeep
|turn|8
|
|t:|1757817589
|move|p2b: Baxcalibur|Ice Shard|p1a: Gyarados
|-damage|p1a: Gyarados|0 fnt
|faint|p1a: Gyarados
|move|p2a: Dusclops|Night Shade|p1b: Kingambit
|-damage|p1b: Kingambit|17/100
|move|p1b: Kingambit|Kowtow Cleave|p2b: Baxcalibur
|-damage|p2b: Baxcalibur|0 fnt
|faint|p2b: Baxcalibur
|
|-fieldend|move: Trick Room
|upkeep
|
|t:|1757817600
|switch|p1a: Flamigo|Flamigo, L50, F|100/100
|switch|p2b: Excadrill|Excadrill, L50, F|100/100
|turn|9
|
|t:|1757817624
|move|p2b: Excadrill|Protect|p2b: Excadrill
|-singleturn|p2b: Excadrill|Protect
|move|p1b: Kingambit|Sucker Punch||[still]
|-fail|p1b: Kingambit
|move|p1a: Flamigo|Close Combat|p2b: Excadrill
|-activate|p2b: Excadrill|move: Protect
|move|p2a: Dusclops|Night Shade|p1b: Kingambit
|-damage|p1b: Kingambit|0 fnt
|faint|p1b: Kingambit
|
|upkeep
|turn|10
|
|t:|1757817649
|move|p1a: Flamigo|Close Combat|p2b: Excadrill
|-supereffective|p2b: Excadrill
|-enditem|p2b: Excadrill|Focus Sash
|-damage|p2b: Excadrill|1/100
|-unboost|p1a: Flamigo|def|1
|-unboost|p1a: Flamigo|spd|1
|-damage|p1a: Flamigo|91/100|[from] item: Life Orb
|move|p2b: Excadrill|Iron Head|p1a: Flamigo
|-damage|p1a: Flamigo|0 fnt
|faint|p1a: Flamigo
|
|win|Wizard Sibs
|inactive|orterr has 30 seconds to confirm battle start!
|inactive|Wizard Sibs has 30 seconds to confirm battle start!
||orterr is ready for game 3.
||Wizard Sibs is ready for game 3.
|uhtml|next|Next: Game 3 of 3
|l|☆orterr
|player|p1|
