|j|☆brentdeg
|j|☆subchompiscrazy
|html|brentdegsubchompiscrazy    
|uhtml|bestof|Game 1 of a best-of-3
|t:|1783874228
|gametype|doubles
|player|p1|brentdeg|clown|
|player|p2|subchompiscrazy|whitney|
|gen|9
|tier|[Gen 9 Champions] VGC 2026 Reg M-B (Bo3)
|rule|Species Clause: Limit one of each Pokémon
|rule|Item Clause: Limit 1 of each item
|clearpoke
|poke|p1|Charizard, L50, M|
|poke|p1|Whimsicott, L50, M|
|poke|p1|Kingambit, L50, F|
|poke|p1|Basculegion, L50, M|
|poke|p1|Garchomp, L50, M|
|poke|p1|Floette-Eternal, L50, F|
|poke|p2|Palafin, L50, M, shiny|
|poke|p2|Incineroar, L50, M, shiny|
|poke|p2|Farigiraf, L50, F, shiny|
|poke|p2|Froslass, L50, F, shiny|
|poke|p2|Kingambit, L50, M, shiny|
|poke|p2|Sylveon, L50, M|
|teampreview|4
|showteam|p1|Charizard||CharizarditeY|Blaze|HeatWave,WeatherBall,SolarBeam,Protect|Modest||M|||50|]Whimsicott||FocusSash|Prankster|Protect,Moonblast,Encore,Tailwind|Timid||M|||50|]Kingambit||BlackGlasses|Defiant|KowtowCleave,SuckerPunch,IronHead,Protect|Adamant||F|||50|]Basculegion||LifeOrb|Adaptability|WaveCrash,LastRespects,AquaJet,Protect|Adamant||M|||50|]Garchomp||SitrusBerry|RoughSkin|Earthquake,RockSlide,DragonClaw,Protect|Jolly||M|||50|]Floette-Eternal||Floettite|FlowerVeil|Moonblast,DazzlingGleam,LightofRuin,Protect|Modest||F|||50|
|showteam|p2|Palafin||MysticWater|ZerotoHero|WaveCrash,JetPunch,BulkUp,ThroatChop|Adamant||M|||50|]Incineroar||SitrusBerry|Intimidate|FakeOut,PartingShot,ThroatChop,FlareBlitz|Impish||M|||50|]Farigiraf||ColburBerry|ArmorTail|TwinBeam,TrickRoom,HelpingHand,Protect|Bold||F|||50|]Froslass||Froslassite|SnowCloak|Protect,AuroraVeil,ShadowBall,Blizzard|Timid||F|||50|]Kingambit||ChopleBerry|Defiant|Protect,IronHead,KowtowCleave,SuckerPunch|Adamant||M|||50|]Sylveon||FairyFeather|Pixilate|Detect,HyperBeam,HyperVoice,MysticalFire|Timid||M|||50|
|inactive|Battle timer is ON: inactive players will automatically lose when time's up. (requested by subchompiscrazy)
|inactive|brentdeg has 60 seconds left.
|inactive|brentdeg has 30 seconds left.
|inactive|brentdeg has 20 seconds left.
|inactive|brentdeg has 15 seconds left.
|inactive|brentdeg has 10 seconds left.
|
|t:|1783874312
|teamsize|p1|4
|teamsize|p2|4
|start
|switch|p1a: Basculegion|Basculegion, L50, M|100/100
|switch|p1b: Whimsicott|Whimsicott, L50, M|100/100
|switch|p2a: Palafin|Palafin, L50, M, shiny|100/100
|switch|p2b: Incineroar|Incineroar, L50, M, shiny|100/100
|-ability|p2b: Incineroar|Intimidate|boost
|-unboost|p1a: Basculegion|atk|1
|-unboost|p1b: Whimsicott|atk|1
|turn|1
|inactive|brentdeg has 30 seconds left.
|inactive|subchompiscrazy has 30 seconds left.
|inactive|brentdeg has 20 seconds left.
|
|t:|1783874347
|detailschange|p2a: Palafin|Palafin-Hero, L50, M, shiny
|switch|p2a: Farigiraf|Farigiraf, L50, F, shiny|100/100
|move|p1b: Whimsicott|Tailwind|p1b: Whimsicott
|-sidestart|p1: brentdeg|move: Tailwind
|move|p1a: Basculegion|Wave Crash|p2b: Incineroar
|-supereffective|p2b: Incineroar|1
|-damage|p2b: Incineroar|0 fnt
|faint|p2b: Incineroar
|-damage|p1a: Basculegion|66/100|[from] Recoil
|-damage|p1a: Basculegion|56/100|[from] item: Life Orb
|
|upkeep
|
|t:|1783874360
|switch|p2b: Palafin|Palafin-Hero, L50, M, shiny|100/100
|-activate|p2b: Palafin|ability: Zero to Hero
|turn|2
|
|t:|1783874374
|move|p1b: Whimsicott|Moonblast|p2a: Farigiraf
|-damage|p2a: Farigiraf|66/100
|move|p1a: Basculegion|Wave Crash|p2a: Farigiraf
|-damage|p2a: Farigiraf|4/100
|-damage|p1a: Basculegion|33/100|[from] Recoil
|-damage|p1a: Basculegion|24/100|[from] item: Life Orb
|move|p2b: Palafin|Bulk Up|p2b: Palafin
|-boost|p2b: Palafin|atk|1
|-boost|p2b: Palafin|def|1
|move|p2a: Farigiraf|Trick Room|p2a: Farigiraf
|-fieldstart|move: Trick Room|[of] p2a: Farigiraf
|
|upkeep
|turn|3
|inactive|subchompiscrazy has 30 seconds left.
|inactive|subchompiscrazy has 20 seconds left.
|
|t:|1783874412
|move|p1a: Basculegion|Protect|p1a: Basculegion
|-singleturn|p1a: Basculegion|Protect
|move|p2a: Farigiraf|Twin Beam|p1a: Basculegion
|-activate|p1a: Basculegion|move: Protect
|move|p2b: Palafin|Bulk Up|p2b: Palafin
|-boost|p2b: Palafin|atk|1
|-boost|p2b: Palafin|def|1
|move|p1b: Whimsicott|Moonblast|p2a: Farigiraf
|-damage|p2a: Farigiraf|0 fnt
|faint|p2a: Farigiraf
|
|upkeep
|
|t:|1783874423
|switch|p2a: Froslass|Froslass, L50, F, shiny|100/100
|turn|4
|
|t:|1783874437
|switch|p1a: Kingambit|Kingambit, L50, F|100/100
|move|p2b: Palafin|Jet Punch|p1b: Whimsicott
|-resisted|p1b: Whimsicott|1
|-damage|p1b: Whimsicott|27/100
|move|p1b: Whimsicott|Encore|p2b: Palafin
|-start|p2b: Palafin|Encore
|move|p2a: Froslass|Shadow Ball|p1b: Whimsicott
|-damage|p1b: Whimsicott|0 fnt
|faint|p1b: Whimsicott
|
|-sideend|p1: brentdeg|move: Tailwind
|upkeep
|
|t:|1783874448
|switch|p1b: Charizard|Charizard, L50, M|100/100
|turn|5
|inactive|brentdeg has 30 seconds left.
|inactive|brentdeg has 20 seconds left.
|
|t:|1783874484
|detailschange|p1b: Charizard|Charizard-Mega-Y, L50, M
|-mega|p1b: Charizard|Charizard|Charizardite Y
|-weather|SunnyDay|[from] ability: Drought|[of] p1b: Charizard
|detailschange|p2a: Froslass|Froslass-Mega, L50, F, shiny
|-mega|p2a: Froslass|Froslass|Froslassite
|-weather|Snowscape|[from] ability: Snow Warning|[of] p2a: Froslass
|move|p1a: Kingambit|Protect|p1a: Kingambit
|-singleturn|p1a: Kingambit|Protect
|move|p2b: Palafin|Jet Punch|p1b: Charizard
|-supereffective|p1b: Charizard|1
|-damage|p1b: Charizard|0 fnt
|faint|p1b: Charizard
|move|p2a: Froslass|Aurora Veil|p2a: Froslass
|-sidestart|p2: subchompiscrazy|move: Aurora Veil
|
|-weather|Snowscape|[upkeep]
|upkeep
|
|t:|1783874496
|switch|p1b: Basculegion|Basculegion, L50, M|24/100
|turn|6
|
|t:|1783874516
|move|p1b: Basculegion|Protect|p1b: Basculegion
|-singleturn|p1b: Basculegion|Protect
|move|p2a: Froslass|Protect|p2a: Froslass
|-singleturn|p2a: Froslass|Protect
|move|p1a: Kingambit|Sucker Punch|p2b: Palafin
|-damage|p2b: Palafin|85/100
|move|p2b: Palafin|Jet Punch|p1a: Kingambit
|-damage|p1a: Kingambit|34/100
|
|-weather|Snowscape|[upkeep]
|-fieldend|move: Trick Room
|upkeep
|turn|7
|
|t:|1783874531
|move|p2b: Palafin|Jet Punch|p1a: Kingambit
|-damage|p1a: Kingambit|0 fnt
|faint|p1a: Kingambit
|move|p2a: Froslass|Shadow Ball|p1b: Basculegion
|-supereffective|p1b: Basculegion|1
|-damage|p1b: Basculegion|0 fnt
|faint|p1b: Basculegion
|
|win|subchompiscrazy
||brentdeg is ready for game 2.
||subchompiscrazy is ready for game 2.
|uhtml|next|Next: Game 2 of 3
|l|☆subchompiscrazy
|player|p2|
