|j|☆belinvgc
|j|☆Tchoubib
|html|belinvgcTchoubib    
|uhtml|bestof|Game 3 of a best-of-3
|t:|1756760060
|gametype|doubles
|player|p1|belinvgc|169|1325
|player|p2|Tchoubib|1|1231
|gen|9
|tier|[Gen 9] VGC 2025 Reg H (Bo3)
|rated|
|rule|Species Clause: Limit one of each Pokémon
|rule|Item Clause: Limit 1 of each item
|clearpoke
|poke|p1|Ursaluna-Bloodmoon, L50, M|
|poke|p1|Sinistcha, L50|
|poke|p1|Rillaboom, L50, M|
|poke|p1|Incineroar, L50, F|
|poke|p1|Sneasler, L50, M|
|poke|p1|Kingambit, L50, M|
|poke|p2|Kilowattrel, L50, M|
|poke|p2|Garchomp, L50, F|
|poke|p2|Gholdengo, L50|
|poke|p2|Incineroar, L50, F|
|poke|p2|Amoonguss, L50, M|
|poke|p2|Tyranitar, L50, M|
|teampreview|4
|showteam|p1|Ursaluna-Bloodmoon||Leftovers|MindsEye|BloodMoon,EarthPower,CalmMind,Protect|||M|||50|,,,,,Water]Sinistcha||SitrusBerry|Hospitality|MatchaGotcha,RagePowder,LifeDew,TrickRoom||||||50|,,,,,Water]Rillaboom||AssaultVest|GrassySurge|GrassyGlide,DrumBeating,Uturn,FakeOut|||M|||50|,,,,,Fire]Incineroar||FigyBerry|Intimidate|FlareBlitz,KnockOff,PartingShot,FakeOut|||F|||50|,,,,,Grass]Sneasler||GrassySeed|Unburden|DireClaw,CloseCombat,Taunt,Protect|||M|||50|,,,,,Stellar]Kingambit||SafetyGoggles|Defiant|KowtowCleave,SuckerPunch,SwordsDance,Protect|||M|||50|,,,,,Dark
|showteam|p2|Kilowattrel||FocusSash|Competitive|Thunderbolt,AirSlash,Tailwind,Protect|||M|||50|,,,,,Ghost]Garchomp||LifeOrb|RoughSkin|Earthquake,DragonClaw,StompingTantrum,Protect|||F|||50|,,,,,Fire]Gholdengo||MetalCoat|GoodasGold|MakeItRain,ShadowBall,NastyPlot,Protect||||||50|,,,,,Flying]Incineroar||SitrusBerry|Intimidate|FlareBlitz,KnockOff,PartingShot,FakeOut|||F|||50|,,,,,Ghost]Amoonguss||RockyHelmet|Regenerator|PollenPuff,Spore,RagePowder,Protect|||M|||50|,,,,,Water]Tyranitar||AssaultVest|SandStream|RockSlide,KnockOff,LowKick,TeraBlast|||M|||50|,,,,,Flying
|
|t:|1756760107
|teamsize|p1|4
|teamsize|p2|4
|start
|switch|p1a: Ursaluna|Ursaluna-Bloodmoon, L50, M|100/100
|switch|p1b: Rillaboom|Rillaboom, L50, M, shiny|100/100
|switch|p2a: Kilowattrel|Kilowattrel, L50, M|100/100
|switch|p2b: Garchomp|Garchomp, L50, F|100/100
|-fieldstart|move: Grassy Terrain|[from] ability: Grassy Surge|[of] p1b: Rillaboom
|turn|1
|
|t:|1756760169
|move|p2a: Kilowattrel|Protect|p2a: Kilowattrel
|-singleturn|p2a: Kilowattrel|Protect
|move|p2b: Garchomp|Protect|p2b: Garchomp
|-singleturn|p2b: Garchomp|Protect
|move|p1b: Rillaboom|Fake Out|p2b: Garchomp
|-activate|p2b: Garchomp|move: Protect
|move|p1a: Ursaluna|Blood Moon|p2a: Kilowattrel
|-activate|p2a: Kilowattrel|move: Protect
|
|upkeep
|turn|2
|
|t:|1756760225
|move|p2a: Kilowattrel|Air Slash|p1a: Ursaluna
|-damage|p1a: Ursaluna|66/100
|move|p2b: Garchomp|Dragon Claw|p1b: Rillaboom
|-damage|p1b: Rillaboom|42/100
|-damage|p2b: Garchomp|91/100|[from] item: Life Orb
|move|p1b: Rillaboom|Drum Beating|p2b: Garchomp
|-damage|p2b: Garchomp|36/100
|-unboost|p2b: Garchomp|spe|1
|move|p1a: Ursaluna|Earth Power|p2b: Garchomp
|-damage|p2b: Garchomp|0 fnt
|faint|p2b: Garchomp
|
|-heal|p1b: Rillaboom|48/100|[from] Grassy Terrain
|-heal|p1a: Ursaluna|72/100|[from] Grassy Terrain
|-heal|p1a: Ursaluna|78/100|[from] item: Leftovers
|upkeep
|
|t:|1756760240
|switch|p2b: Tyranitar|Tyranitar, L50, M|100/100
|-weather|Sandstorm|[from] ability: Sand Stream|[of] p2b: Tyranitar
|turn|3
|
|t:|1756760277
|-terastallize|p2b: Tyranitar|Flying
|-terastallize|p1a: Ursaluna|Water
|move|p1b: Rillaboom|Grassy Glide|p2a: Kilowattrel
|-resisted|p2a: Kilowattrel
|-damage|p2a: Kilowattrel|61/100
|move|p2a: Kilowattrel|Air Slash|p1b: Rillaboom
|-supereffective|p1b: Rillaboom
|-damage|p1b: Rillaboom|0 fnt
|faint|p1b: Rillaboom
|move|p2b: Tyranitar|Knock Off|p1a: Ursaluna
|-damage|p1a: Ursaluna|40/100
|-enditem|p1a: Ursaluna|Leftovers|[from] move: Knock Off|[of] p2b: Tyranitar
|move|p1a: Ursaluna|Blood Moon|p2a: Kilowattrel
|-damage|p2a: Kilowattrel|0 fnt
|faint|p2a: Kilowattrel
|
|-weather|Sandstorm|[upkeep]
|-damage|p2b: Tyranitar|95/100|[from] Sandstorm
|-damage|p1a: Ursaluna|34/100|[from] Sandstorm
|-heal|p1a: Ursaluna|40/100|[from] Grassy Terrain
|upkeep
|
|t:|1756760292
|switch|p2a: Gholdengo|Gholdengo, L50|100/100
|switch|p1b: Incineroar|Incineroar, L50, F, shiny|100/100
|-ability|p1b: Incineroar|Intimidate|boost
|-unboost|p2a: Gholdengo|atk|1
|-unboost|p2b: Tyranitar|atk|1
|turn|4
|
|t:|1756760313
|move|p1b: Incineroar|Fake Out|p2b: Tyranitar
|-damage|p2b: Tyranitar|85/100
|move|p2a: Gholdengo|Shadow Ball|p1a: Ursaluna
|-damage|p1a: Ursaluna|4/100
|-unboost|p1a: Ursaluna|spd|1
|cant|p2b: Tyranitar|flinch
|move|p1a: Ursaluna|Earth Power|p2a: Gholdengo
|-supereffective|p2a: Gholdengo
|-damage|p2a: Gholdengo|9/100
|
|-weather|Sandstorm|[upkeep]
|-damage|p2b: Tyranitar|79/100|[from] Sandstorm
|-damage|p1b: Incineroar|95/100|[from] Sandstorm
|-damage|p1a: Ursaluna|0 fnt|[from] Sandstorm
|faint|p1a: Ursaluna
|-heal|p2a: Gholdengo|15/100|[from] Grassy Terrain
|-heal|p1b: Incineroar|100/100|[from] Grassy Terrain
|upkeep
|
|t:|1756760324
|switch|p1a: Sneasler|Sneasler, L50, M|100/100
|-enditem|p1a: Sneasler|Grassy Seed
|-boost|p1a: Sneasler|def|1|[from] item: Grassy Seed
|turn|5
|
|t:|1756760369
|move|p2a: Gholdengo|Protect|p2a: Gholdengo
|-singleturn|p2a: Gholdengo|Protect
|move|p1a: Sneasler|Dire Claw|p2b: Tyranitar
|-damage|p2b: Tyranitar|41/100
|-status|p2b: Tyranitar|slp
|cant|p2b: Tyranitar|slp
|move|p1b: Incineroar|Knock Off|p2a: Gholdengo
|-activate|p2a: Gholdengo|move: Protect
|
|-weather|Sandstorm|[upkeep]
|-damage|p1a: Sneasler|94/100|[from] Sandstorm
|-damage|p2b: Tyranitar|35/100 slp|[from] Sandstorm
|-damage|p1b: Incineroar|95/100|[from] Sandstorm
|-heal|p1a: Sneasler|100/100|[from] Grassy Terrain
|-heal|p2a: Gholdengo|21/100|[from] Grassy Terrain
|-heal|p1b: Incineroar|100/100|[from] Grassy Terrain
|-fieldend|move: Grassy Terrain
|upkeep
|turn|6
|
|t:|1756760387
|move|p1a: Sneasler|Dire Claw|p2b: Tyranitar
|-damage|p2b: Tyranitar|0 fnt
|faint|p2b: Tyranitar
|move|p2a: Gholdengo|Make It Rain|p1b: Incineroar|[spread] p1a,p1b
|-crit|p1a: Sneasler
|-resisted|p1b: Incineroar
|-damage|p1a: Sneasler|0 fnt
|-damage|p1b: Incineroar|77/100
|-unboost|p2a: Gholdengo|spa|1
|faint|p1a: Sneasler
|move|p1b: Incineroar|Knock Off|p2a: Gholdengo
|-supereffective|p2a: Gholdengo
|-damage|p2a: Gholdengo|0 fnt
|-enditem|p2a: Gholdengo|Metal Coat|[from] move: Knock Off|[of] p1b: Incineroar
|faint|p2a: Gholdengo
|
|win|belinvgc
|raw|belinvgc's rating: 1325 → 1340(+15 for winning)
|raw|Tchoubib's rating: 1231 → 1213(-18 for losing)
|l|☆belinvgc
|player|p1|
