|j|☆Reynordg
|j|☆Papon606
|html|ReynordgPapon606    
|uhtml|bestof|Game 1 of a best-of-3
|t:|1782529627
|gametype|doubles
|player|p1|Reynordg|266|
|player|p2|Papon606|supernerd|
|gen|9
|tier|[Gen 9 Champions] VGC 2026 Reg M-B (Bo3)
|rule|Species Clause: Limit one of each Pokémon
|rule|Item Clause: Limit 1 of each item
|clearpoke
|poke|p1|Whimsicott, L50, M|
|poke|p1|Swampert, L50, F|
|poke|p1|Pelipper, L50, F|
|poke|p1|Archaludon, L50, F|
|poke|p1|Floette-Eternal, L50, F|
|poke|p1|Basculegion, L50, M|
|poke|p2|Froslass, L50, F|
|poke|p2|Kingambit, L50, M|
|poke|p2|Sinistcha, L50|
|poke|p2|Blaziken, L50, M|
|poke|p2|Basculegion, L50, M|
|poke|p2|Sneasler, L50, M|
|teampreview|4
|showteam|p1|Whimsicott||CobaBerry|Prankster|Moonblast,Tailwind,Encore,Protect|Bold||M|||50|]Swampert||Swampertite|Torrent|WaveCrash,Earthquake,IcePunch,Protect|Adamant||F|||50|]Pelipper||LifeOrb|Drizzle|WeatherBall,Hurricane,Tailwind,Protect|Modest||F|||50|]Archaludon||Leftovers|Stamina|DracoMeteor,FlashCannon,ElectroShot,Protect|Modest||F|||50|]Floette-Eternal||Floettite|FlowerVeil|Moonblast,DazzlingGleam,LightofRuin,Protect|Modest||F|||50|]Basculegion||FocusSash|Adaptability|Liquidation,LastRespects,AquaJet,Protect|Adamant||M|||50|
|showteam|p2|Froslass||Froslassite|CursedBody|Blizzard,ShadowBall,WillOWisp,Protect|Modest||F|||50|]Kingambit||LifeOrb|Defiant|KowtowCleave,SuckerPunch,SwordsDance,Protect|Adamant||M|||50|]Sinistcha||KasibBerry|Hospitality|MatchaGotcha,RagePowder,LifeDew,Protect|Relaxed|||||50|]Blaziken||Blazikenite|SpeedBoost|FlareBlitz,CloseCombat,RockSlide,Protect|Adamant||M|||50|]Basculegion||ChoiceScarf|Adaptability|WaveCrash,AquaJet,LastRespects,FlipTurn|Adamant||M|||50|]Sneasler||FocusSash|PoisonTouch|DireClaw,CloseCombat,Coaching,FakeOut|Adamant||M|||50|
|c|☆Reynordg|Glhf!
|c|☆Papon606|glhf 2!
|
|t:|1782529730
|teamsize|p1|4
|teamsize|p2|4
|start
|switch|p1a: Whimsicott|Whimsicott, L50, M|100/100
|switch|p1b: Floette|Floette-Eternal, L50, F|100/100
|switch|p2a: Froslass|Froslass, L50, F|100/100
|switch|p2b: Sinistcha|Sinistcha, L50|100/100
|turn|1
|
|t:|1782529770
|detailschange|p2a: Froslass|Froslass-Mega, L50, F
|-mega|p2a: Froslass|Froslass|Froslassite
|-weather|Snowscape|[from] ability: Snow Warning|[of] p2a: Froslass
|detailschange|p1b: Floette|Floette-Mega, L50, F
|-mega|p1b: Floette|Floette|Floettite
|-ability|p1b: Floette|Fairy Aura
|move|p1a: Whimsicott|Protect|p1a: Whimsicott
|-singleturn|p1a: Whimsicott|Protect
|move|p2b: Sinistcha|Rage Powder|p2b: Sinistcha
|-singleturn|p2b: Sinistcha|move: Rage Powder
|move|p2a: Froslass|Blizzard|p1a: Whimsicott|[spread] p1b
|-activate|p1a: Whimsicott|move: Protect
|-damage|p1b: Floette|65/100
|move|p1b: Floette|Dazzling Gleam|p2a: Froslass|[spread] p2a,p2b
|-damage|p2a: Froslass|49/100
|-damage|p2b: Sinistcha|52/100
|
|-weather|Snowscape|[upkeep]
|upkeep
|turn|2
|
|t:|1782529819
|move|p2a: Froslass|Protect|p2a: Froslass
|-singleturn|p2a: Froslass|Protect
|move|p1a: Whimsicott|Tailwind|p1a: Whimsicott
|-sidestart|p1: Reynordg|move: Tailwind
|move|p1b: Floette|Dazzling Gleam|p2b: Sinistcha|[spread] p2b
|-activate|p2a: Froslass|move: Protect
|-damage|p2b: Sinistcha|8/100
|move|p2b: Sinistcha|Life Dew|p2b: Sinistcha|[spread] p2a,p2b
|-heal|p2a: Froslass|74/100
|-heal|p2b: Sinistcha|33/100
|
|-weather|Snowscape|[upkeep]
|upkeep
|turn|3
|inactive|Battle timer is ON: inactive players will automatically lose when time's up. (requested by Reynordg)
|
|t:|1782529860
|move|p2b: Sinistcha|Protect|p2b: Sinistcha
|-singleturn|p2b: Sinistcha|Protect
|move|p1a: Whimsicott|Encore|p2a: Froslass
|-start|p2a: Froslass|Encore
|move|p2a: Froslass|Protect||[still]
|-fail|p2a: Froslass
|move|p1b: Floette|Dazzling Gleam|p2a: Froslass|[spread] p2a
|-activate|p2b: Sinistcha|move: Protect
|-damage|p2a: Froslass|21/100
|
|-weather|Snowscape|[upkeep]
|upkeep
|turn|4
|
|t:|1782529881
|switch|p2b: Kingambit|Kingambit, L50, M|100/100
|move|p2a: Froslass|Protect|p2a: Froslass
|-singleturn|p2a: Froslass|Protect
|move|p1b: Floette|Dazzling Gleam|p2b: Kingambit|[spread] p2b
|-activate|p2a: Froslass|move: Protect
|-damage|p2b: Kingambit|53/100
|move|p1a: Whimsicott|Moonblast|p2b: Kingambit
|-damage|p2b: Kingambit|20/100y
|
|-weather|Snowscape|[upkeep]
|upkeep
|turn|5
|
|t:|1782529899
|switch|p2a: Sinistcha|Sinistcha, L50|33/100
|-heal|p2b: Kingambit|44/100|[from] ability: Hospitality|[of] p2a: Sinistcha
|move|p2b: Kingambit|Protect|p2b: Kingambit
|-singleturn|p2b: Kingambit|Protect
|move|p1b: Floette|Dazzling Gleam|p2a: Sinistcha|[spread] p2a
|-activate|p2b: Kingambit|move: Protect
|-damage|p2a: Sinistcha|0 fnt
|faint|p2a: Sinistcha
|move|p1a: Whimsicott|Moonblast|p2b: Kingambit
|-activate|p2b: Kingambit|move: Protect
|
|-weather|none
|-sideend|p1: Reynordg|move: Tailwind
|upkeep
|
|t:|1782529918
|switch|p2a: Sneasler|Sneasler, L50, M|100/100
|turn|6
|inactive|Papon606 has 30 seconds left.
|
|t:|1782529950
|move|p2a: Sneasler|Fake Out|p1b: Floette
|-damage|p1b: Floette|43/100
|move|p1a: Whimsicott|Tailwind|p1a: Whimsicott
|-sidestart|p1: Reynordg|move: Tailwind
|cant|p1b: Floette|flinch
|move|p2b: Kingambit|Kowtow Cleave|p1b: Floette
|-resisted|p1b: Floette|1
|-damage|p1b: Floette|2/100
|-damage|p2b: Kingambit|35/100|[from] item: Life Orb
|
|upkeep
|turn|7
|inactive|Papon606 has 30 seconds left.
|inactive|Papon606 has 20 seconds left.
|
|t:|1782529990
|move|p2b: Kingambit|Protect|p2b: Kingambit
|-singleturn|p2b: Kingambit|Protect
|move|p1a: Whimsicott|Encore|p2a: Sneasler
|-start|p2a: Sneasler|Encore
|move|p2a: Sneasler|Fake Out||[still]
|-hint|Fake Out only works on your first turn out.
|-fail|p2a: Sneasler
|move|p1b: Floette|Dazzling Gleam|p2b: Kingambit|[spread] p2a
|-activate|p2b: Kingambit|move: Protect
|-damage|p2a: Sneasler|23/100
|
|upkeep
|turn|8
|inactive|Papon606 has 30 seconds left.
|
|t:|1782530019
|switch|p2a: Froslass|Froslass-Mega, L50, F|21/100
|-weather|Snowscape|[from] ability: Snow Warning|[of] p2a: Froslass
|move|p1b: Floette|Protect|p1b: Floette
|-singleturn|p1b: Floette|Protect
|move|p2b: Kingambit|Sucker Punch||[still]
|-fail|p2b: Kingambit
|move|p1a: Whimsicott|Moonblast|p2b: Kingambit
|-damage|p2b: Kingambit|1/100
|
|-weather|Snowscape|[upkeep]
|upkeep
|turn|9
|inactive|Reynordg has 30 seconds left.
|
|t:|1782530053
|move|p1b: Floette|Protect|p1b: Floette
|-singleturn|p1b: Floette|Protect
|move|p2a: Froslass|Protect|p2a: Froslass
|-singleturn|p2a: Froslass|Protect
|move|p2b: Kingambit|Protect|p2b: Kingambit
|-singleturn|p2b: Kingambit|Protect
|move|p1a: Whimsicott|Moonblast|p2a: Froslass
|-activate|p2a: Froslass|move: Protect
|
|-weather|Snowscape|[upkeep]
|-sideend|p1: Reynordg|move: Tailwind
|upkeep
|turn|10
|inactive|Papon606 has 30 seconds left.
|
|t:|1782530084
|move|p1a: Whimsicott|Encore|p2a: Froslass
|-start|p2a: Froslass|Encore
|move|p2a: Froslass|Protect|p2a: Froslass
|-singleturn|p2a: Froslass|Protect
|move|p2b: Kingambit|Sucker Punch|p1b: Floette
|-resisted|p1b: Floette|1
|-damage|p1b: Floette|0 fnt
|faint|p1b: Floette
|-damage|p2b: Kingambit|0 fnt|[from] item: Life Orb
|faint|p2b: Kingambit
|
|-weather|Snowscape|[upkeep]
|upkeep
|
|t:|1782530101
|switch|p1b: Pelipper|Pelipper, L50, F|100/100
|switch|p2b: Sneasler|Sneasler, L50, M|23/100
|-weather|RainDance|[from] ability: Drizzle|[of] p1b: Pelipper
|turn|11
|
|t:|1782530117
|move|p2a: Froslass|Protect||[still]
|-fail|p2a: Froslass
|move|p1a: Whimsicott|Tailwind|p1a: Whimsicott
|-sidestart|p1: Reynordg|move: Tailwind
|move|p1b: Pelipper|Hurricane|p2b: Sneasler
|-supereffective|p2b: Sneasler|1
|-damage|p2b: Sneasler|0 fnt
|faint|p2b: Sneasler
|-damage|p1b: Pelipper|90/100|[from] item: Life Orb
|
|-weather|RainDance|[upkeep]
|upkeep
|turn|12
|
|t:|1782530133
|move|p2a: Froslass|Protect|p2a: Froslass
|-singleturn|p2a: Froslass|Protect
|move|p1a: Whimsicott|Moonblast|p2a: Froslass
|-activate|p2a: Froslass|move: Protect
|move|p1b: Pelipper|Weather Ball|p2a: Froslass
|-activate|p2a: Froslass|move: Protect
|
|-weather|RainDance|[upkeep]
|-end|p2a: Froslass|Encore
|upkeep
|turn|13
|
|t:|1782530148
|move|p1a: Whimsicott|Moonblast|p2a: Froslass
|-damage|p2a: Froslass|0 fnt
|faint|p2a: Froslass
|
|win|Reynordg
||Papon606 is ready for game 2.
