|j|☆It'sJustKen VGC
|j|☆dondozo ate my son
|html|It'sJustKen VGCdondozo ate my son    
|uhtml|bestof|Game 2 of a best-of-3
|t:|1783641106
|gametype|doubles
|player|p1|It'sJustKen VGC|266|1207
|player|p2|dondozo ate my son|102|1264
|gen|9
|tier|[Gen 9 Champions] VGC 2026 Reg M-B (Bo3)
|rated|
|rule|Species Clause: Limit one of each Pokémon
|rule|Item Clause: Limit 1 of each item
|clearpoke
|poke|p1|Staraptor, L50, F|
|poke|p1|Sneasler, L50, M|
|poke|p1|Whimsicott, L50, F|
|poke|p1|Gholdengo, L50|
|poke|p1|Toxapex, L50, M, shiny|
|poke|p1|Incineroar, L50, F|
|poke|p2|Floette-Eternal, L50, F|
|poke|p2|Sneasler, L50, M|
|poke|p2|Incineroar, L50, M|
|poke|p2|Sinistcha, L50|
|poke|p2|Garchomp, L50, F|
|poke|p2|Blastoise, L50, F|
|teampreview|4
|showteam|p1|Staraptor||Staraptite|Reckless|Protect,BraveBird,CloseCombat,Roost|Jolly||F|||50|]Sneasler||WhiteHerb|Unburden|Protect,DireClaw,CloseCombat,FakeOut|Jolly||M|||50|]Whimsicott||FocusSash|Prankster|Tailwind,Encore,Tickle,Moonblast|Timid||F|||50|]Gholdengo||LifeOrb|GoodasGold|Protect,ShadowBall,MakeItRain,NastyPlot|Modest|||||50|]Toxapex||Leftovers|Regenerator|BanefulBunker,Infestation,Toxic,WideGuard|Bold||M|||50|]Incineroar||SitrusBerry|Intimidate|FakeOut,PartingShot,FlareBlitz,ThroatChop|Impish||F|||50|
|showteam|p2|Floette-Eternal||Floettite|FlowerVeil|DazzlingGleam,DrainingKiss,Protect,CalmMind|Bold||F|||50|]Sneasler||FocusSash|PoisonTouch|FakeOut,PoisonJab,CloseCombat,Protect|Jolly||M|||50|]Incineroar||SitrusBerry|Intimidate|FakeOut,FlareBlitz,PartingShot,DarkestLariat|Careful||M|||50|]Sinistcha||Leftovers|Hospitality|MatchaGotcha,Protect,TrickRoom,RagePowder|Bold|||||50|]Garchomp||ChoiceScarf|RoughSkin|Earthquake,StompingTantrum,RockSlide,DragonClaw|Adamant||F|||50|]Blastoise||Blastoisinite|Torrent|WaterSpout,DarkPulse,ShellSmash,Protect|Modest||F|||50|
|inactive|Battle timer is ON: inactive players will automatically lose when time's up. (requested by It'sJustKen VGC)
|inactive|dondozo ate my son has 60 seconds left.
|j| Grendylicius
|inactive|dondozo ate my son has 30 seconds left.
|inactive|dondozo ate my son has 20 seconds left.
|
|t:|1783641180
|teamsize|p1|4
|teamsize|p2|4
|start
|switch|p1a: Gholdengo|Gholdengo, L50|100/100
|switch|p1b: Toxapex|Toxapex, L50, M, shiny|100/100
|switch|p2a: Incineroar|Incineroar, L50, M|100/100
|switch|p2b: Garchomp|Garchomp, L50, F|100/100
|-ability|p2a: Incineroar|Intimidate|boost
|-unboost|p1a: Gholdengo|atk|1
|-unboost|p1b: Toxapex|atk|1
|turn|1
|
|t:|1783641203
|switch|p1a: Staraptor|Staraptor, L50, F|100/100
|switch|p1b: Whimsicott|Whimsicott, L50, F|100/100
|move|p2b: Garchomp|Stomping Tantrum|p1a: Staraptor
|-immune|p1a: Staraptor
|move|p2a: Incineroar|Parting Shot|p1a: Staraptor
|-unboost|p1a: Staraptor|atk|1
|-unboost|p1a: Staraptor|spa|1
|
|t:|1783641208
|switch|p2a: Floette|Floette-Eternal, L50, F|100/100|[from] Parting Shot
|
|upkeep
|turn|2
|
|t:|1783641220
|switch|p2b: Incineroar|Incineroar, L50, M|100/100
|-ability|p2b: Incineroar|Intimidate|boost
|-unboost|p1a: Staraptor|atk|1
|-unboost|p1b: Whimsicott|atk|1
|detailschange|p1a: Staraptor|Staraptor-Mega, L50, F
|-mega|p1a: Staraptor|Staraptor|Staraptite
|detailschange|p2a: Floette|Floette-Mega, L50, F
|-mega|p2a: Floette|Floette|Floettite
|-ability|p2a: Floette|Fairy Aura
|move|p1b: Whimsicott|Tickle|p1a: Staraptor
|-boost|p1a: Staraptor|atk|1
|-boost|p1a: Staraptor|def|1
|move|p1a: Staraptor|Close Combat|p2b: Incineroar
|-supereffective|p2b: Incineroar|1
|-damage|p2b: Incineroar|24/100
|-boost|p1a: Staraptor|def|1
|-boost|p1a: Staraptor|spd|1
|-enditem|p2b: Incineroar|Sitrus Berry|[eat]
|-heal|p2b: Incineroar|49/100|[from] item: Sitrus Berry
|move|p2a: Floette|Dazzling Gleam|p1b: Whimsicott|[spread] p1a,p1b
|-supereffective|p1a: Staraptor|1
|-damage|p1a: Staraptor|35/100
|-damage|p1b: Whimsicott|27/100
|
|upkeep
|turn|3
|inactive|dondozo ate my son has 30 seconds left.
|
|t:|1783641252
|switch|p1b: Toxapex|Toxapex, L50, M, shiny|100/100
|switch|p1a: Gholdengo|Gholdengo, L50|100/100
|switch|p2b: Sneasler|Sneasler, L50, M|100/100
|move|p2a: Floette|Calm Mind|p2a: Floette
|-boost|p2a: Floette|spa|1
|-boost|p2a: Floette|spd|1
|
|upkeep
|turn|4
|
|t:|1783641268
|switch|p2b: Garchomp|Garchomp, L50, F|100/100
|move|p2a: Floette|Dazzling Gleam|p1a: Gholdengo|[spread] p1a,p1b
|-resisted|p1a: Gholdengo|1
|-resisted|p1b: Toxapex|1
|-crit|p1b: Toxapex
|-damage|p1a: Gholdengo|70/100
|-damage|p1b: Toxapex|65/100
|move|p1a: Gholdengo|Nasty Plot|p1a: Gholdengo
|-boost|p1a: Gholdengo|spa|2
|move|p1b: Toxapex|Toxic|p2a: Floette
|-status|p2a: Floette|tox
|
|-heal|p1b: Toxapex|71/100|[from] item: Leftovers
|-damage|p2a: Floette|93/100 tox|[from] psn
|upkeep
|turn|5
|
|t:|1783641290
|-heal|p1b: Toxapex|100/100|[from] ability: Regenerator|[silent]
|switch|p1b: Staraptor|Staraptor-Mega, L50, F|35/100
|move|p1a: Gholdengo|Protect|p1a: Gholdengo
|-singleturn|p1a: Gholdengo|Protect
|move|p2b: Garchomp|Stomping Tantrum|p1a: Gholdengo
|-activate|p1a: Gholdengo|move: Protect
|move|p2a: Floette|Dazzling Gleam|p1b: Staraptor|[spread] p1b
|-activate|p1a: Gholdengo|move: Protect
|-supereffective|p1b: Staraptor|1
|-damage|p1b: Staraptor|0 fnt
|faint|p1b: Staraptor
|
|-damage|p2a: Floette|81/100 tox|[from] psn
|upkeep
|
|t:|1783641292
|switch|p1b: Whimsicott|Whimsicott, L50, F|27/100
|turn|6
|
|t:|1783641311
|switch|p2b: Incineroar|Incineroar, L50, M|49/100
|-ability|p2b: Incineroar|Intimidate|boost
|-unboost|p1a: Gholdengo|atk|1
|-unboost|p1b: Whimsicott|atk|1
|move|p2a: Floette|Protect|p2a: Floette
|-singleturn|p2a: Floette|Protect
|move|p1b: Whimsicott|Tailwind|p1b: Whimsicott
|-sidestart|p1: It'sJustKen VGC|move: Tailwind
|move|p1a: Gholdengo|Make It Rain|p2a: Floette|[spread] p2b
|-activate|p2a: Floette|move: Protect
|-resisted|p2b: Incineroar|1
|-damage|p2b: Incineroar|1/100
|-unboost|p1a: Gholdengo|spa|2
|-damage|p1a: Gholdengo|60/100|[from] item: Life Orb
|
|-damage|p2a: Floette|63/100 tox|[from] psn
|upkeep
|turn|7
|
|t:|1783641327
|switch|p1b: Toxapex|Toxapex, L50, M, shiny|100/100
|move|p2b: Incineroar|Fake Out|p1b: Toxapex
|-damage|p1b: Toxapex|92/100
|move|p1a: Gholdengo|Make It Rain|p2b: Incineroar|[spread] p2a,p2b
|-supereffective|p2a: Floette|1
|-resisted|p2b: Incineroar|1
|-damage|p2a: Floette|6/100 tox
|-damage|p2b: Incineroar|0 fnt
|-unboost|p1a: Gholdengo|spa|2
|faint|p2b: Incineroar
|-damage|p1a: Gholdengo|51/100|[from] item: Life Orb
|move|p2a: Floette|Dazzling Gleam|p1b: Toxapex|[spread] p1a,p1b
|-resisted|p1a: Gholdengo|1
|-resisted|p1b: Toxapex|1
|-crit|p1b: Toxapex
|-damage|p1a: Gholdengo|20/100y
|-damage|p1b: Toxapex|54/100
|
|-heal|p1b: Toxapex|59/100|[from] item: Leftovers
|-damage|p2a: Floette|0 fnt|[from] psn
|faint|p2a: Floette
|upkeep
|
|t:|1783641338
|switch|p2a: Garchomp|Garchomp, L50, F|100/100
|switch|p2b: Sneasler|Sneasler, L50, M|100/100
|turn|8
|l| Grendylicius
|inactive|dondozo ate my son has 30 seconds left.
|
|t:|1783641365
|move|p1b: Toxapex|Baneful Bunker|p1b: Toxapex
|-singleturn|p1b: Toxapex|move: Protect
|move|p2b: Sneasler|Fake Out|p1b: Toxapex
|-activate|p1b: Toxapex|move: Protect
|move|p1a: Gholdengo|Make It Rain|p2a: Garchomp|[spread] p2a,p2b
|-damage|p2a: Garchomp|67/100
|-damage|p2b: Sneasler|55/100
|-unboost|p1a: Gholdengo|spa|2
|-damage|p1a: Gholdengo|10/100|[from] item: Life Orb
|move|p2a: Garchomp|Stomping Tantrum|p1a: Gholdengo
|-supereffective|p1a: Gholdengo|1
|-damage|p1a: Gholdengo|0 fnt
|faint|p1a: Gholdengo
|
|-heal|p1b: Toxapex|65/100|[from] item: Leftovers
|upkeep
|
|t:|1783641373
|switch|p1a: Whimsicott|Whimsicott, L50, F|27/100
|turn|9
|
|t:|1783641380
|move|p1a: Whimsicott|Moonblast|p2a: Garchomp
|-supereffective|p2a: Garchomp|1
|-damage|p2a: Garchomp|0 fnt
|faint|p2a: Garchomp
|move|p2b: Sneasler|Poison Jab|p1a: Whimsicott
|-supereffective|p1a: Whimsicott|2
|-damage|p1a: Whimsicott|0 fnt
|faint|p1a: Whimsicott
|move|p1b: Toxapex|Infestation|p2b: Sneasler
|-resisted|p2b: Sneasler|2
|-damage|p2b: Sneasler|54/100
|-activate|p2b: Sneasler|move: Infestation|[of] p1b: Toxapex
|
|-heal|p1b: Toxapex|71/100|[from] item: Leftovers
|-damage|p2b: Sneasler|42/100|[from] move: Infestation|[partiallytrapped]
|-sideend|p1: It'sJustKen VGC|move: Tailwind
|upkeep
|turn|10
|
|t:|1783641389
|move|p1b: Toxapex|Baneful Bunker|p1b: Toxapex
|-singleturn|p1b: Toxapex|move: Protect
|move|p2b: Sneasler|Poison Jab|p1b: Toxapex
|-activate|p1b: Toxapex|move: Protect
|
|-heal|p1b: Toxapex|77/100|[from] item: Leftovers
|-damage|p2b: Sneasler|30/100|[from] move: Infestation|[partiallytrapped]
|upkeep
|turn|11
|
|t:|1783641393
|move|p2b: Sneasler|Poison Jab|p1b: Toxapex
|-resisted|p1b: Toxapex|1
|-damage|p1b: Toxapex|62/100
|move|p1b: Toxapex|Infestation|p2b: Sneasler
|-resisted|p2b: Sneasler|2
|-damage|p2b: Sneasler|29/100
|
|-heal|p1b: Toxapex|68/100|[from] item: Leftovers
|-damage|p2b: Sneasler|17/100|[from] move: Infestation|[partiallytrapped]
|upkeep
|turn|12
|-message|dondozo ate my son forfeited.
|
|win|It'sJustKen VGC
|raw|It'sJustKen VGC's rating: 1207 → 1236(+29 for winning)
|raw|dondozo ate my son's rating: 1264 → 1235(-29 for losing)
|c|☆It'sJustKen VGC|gg wp
