|j|鈽哻oastline2687
|j|鈽唅liasdelm
|html|coastline2687iliasdelm    
|uhtml|bestof|Game 3 of a best-of-3
|t:|1756320808
|gametype|doubles
|player|p1|coastline2687|iris-gen5bw2|1048
|player|p2|iliasdelm|gambler|1140
|gen|9
|tier|[Gen 9] VGC 2025 Reg H (Bo3)
|rated|
|rule|Species Clause: Limit one of each Pok茅mon
|rule|Item Clause: Limit 1 of each item
|clearpoke
|poke|p1|Greninja-*, L50, M|
|poke|p1|Gholdengo, L50|
|poke|p1|Incineroar, L50, M|
|poke|p1|Amoonguss, L50, M|
|poke|p1|Politoed, L50, M|
|poke|p1|Archaludon, L50, F|
|poke|p2|Primarina, L50, F|
|poke|p2|Incineroar, L50, M|
|poke|p2|Gholdengo, L50|
|poke|p2|Ursaluna, L50, F|
|poke|p2|Amoonguss, L50, M|
|poke|p2|Porygon2, L50|
|teampreview|4
|showteam|p1|Greninja||FocusSash|Torrent|DarkPulse,HydroPump,Protect,Taunt|||M|||50|,,,,,Ghost]Gholdengo||LifeOrb|GoodasGold|MakeItRain,ShadowBall,NastyPlot,Protect||||||50|,,,,,Flying]Incineroar||SafetyGoggles|Intimidate|FakeOut,KnockOff,FlareBlitz,PartingShot|||M|||50|,,,,,Ghost]Amoonguss||RockyHelmet|Regenerator|Protect,Spore,RagePowder,PollenPuff|||M|||50|,,,,,Water]Politoed||Leftovers|Drizzle|Protect,Encore,WeatherBall,HelpingHand|||M|||50|,,,,,Water]Archaludon||AssaultVest|Stamina|ElectroShot,DragonPulse,BodyPress,FlashCannon|||F|||50|,,,,,Grass
|showteam|p2|Primarina||ThroatSpray|LiquidVoice|HyperVoice,Moonblast,Haze,Protect|||F|||50|,,,,,Poison]Incineroar||AssaultVest|Intimidate|FlareBlitz,KnockOff,FakeOut,Uturn|||M|||50|,,,,,Grass]Gholdengo||LifeOrb|GoodasGold|MakeItRain,ShadowBall,NastyPlot,Protect||||||50|,,,,,Water]Ursaluna||FlameOrb|Guts|Facade,HeadlongRush,Protect,Substitute|||F|||50|,,,,,Ghost]Amoonguss||SitrusBerry|Regenerator|PollenPuff,Spore,RagePowder,GigaDrain|||M|||50|,,,,,Electric]Porygon2||Eviolite|Download|IceBeam,TeraBlast,Recover,TrickRoom||||||50|,,,,,Fighting
|inactive|Battle timer is ON: inactive players will automatically lose when time's up. (requested by coastline2687)
|inactive|iliasdelm has 60 seconds left.
|
|t:|1756320843
|teamsize|p1|4
|teamsize|p2|4
|start
|switch|p1a: Cheesebslls|Greninja, L50, M|100/100
|switch|p1b: Elon Musk|Gholdengo, L50|100/100
|switch|p2a: Ursaluna|Ursaluna, L50, F|100/100
|switch|p2b: Porygon2|Porygon2, L50|100/100
|-ability|p2b: Porygon2|Download|boost
|-boost|p2b: Porygon2|atk|1
|turn|1
|
|t:|1756320861
|-terastallize|p1b: Elon Musk|Flying
|move|p1a: Cheesebslls|Dark Pulse|p2a: Ursaluna
|-damage|p2a: Ursaluna|74/100
|move|p1b: Elon Musk|Nasty Plot|p1b: Elon Musk
|-boost|p1b: Elon Musk|spa|2
|move|p2b: Porygon2|Tera Blast|p1a: Cheesebslls
|-damage|p1a: Cheesebslls|47/100
|move|p2a: Ursaluna|Headlong Rush|p1b: Elon Musk
|-immune|p1b: Elon Musk
|
|-status|p2a: Ursaluna|brn|[from] item: Flame Orb
|upkeep
|turn|2
|
|t:|1756320885
|move|p2a: Ursaluna|Protect|p2a: Ursaluna
|-singleturn|p2a: Ursaluna|Protect
|move|p1a: Cheesebslls|Taunt|p2b: Porygon2
|-start|p2b: Porygon2|move: Taunt
|move|p1b: Elon Musk|Shadow Ball|p2a: Ursaluna
|-activate|p2a: Ursaluna|move: Protect
|cant|p2b: Porygon2|move: Taunt|Trick Room
|
|-damage|p2a: Ursaluna|68/100 brn|[from] brn
|upkeep
|turn|3
|inactive|iliasdelm has 30 seconds left.
|
|t:|1756320915
|switch|p1a: Trans Rights|Amoonguss, L50, M|100/100
|move|p1b: Elon Musk|Make It Rain|p2b: Porygon2|[spread] p2a,p2b
|-damage|p2a: Ursaluna|0 fnt
|-damage|p2b: Porygon2|35/100
|-unboost|p1b: Elon Musk|spa|1
|faint|p2a: Ursaluna
|-damage|p1b: Elon Musk|91/100|[from] item: Life Orb
|move|p2b: Porygon2|Tera Blast|p1a: Trans Rights
|-damage|p1a: Trans Rights|73/100
|
|upkeep
|
|t:|1756320922
|switch|p2a: Primarina|Primarina, L50, F|100/100
|turn|4
|
|t:|1756320939
|move|p1a: Trans Rights|Rage Powder|p1a: Trans Rights
|-singleturn|p1a: Trans Rights|move: Rage Powder
|move|p1b: Elon Musk|Make It Rain|p2a: Primarina|[spread] p2a,p2b
|-damage|p2a: Primarina|18/100
|-damage|p2b: Porygon2|0 fnt
|-unboost|p1b: Elon Musk|spa|1
|faint|p2b: Porygon2
|-damage|p1b: Elon Musk|81/100|[from] item: Life Orb
|move|p2a: Primarina|Hyper Voice|p1b: Elon Musk|[spread] p1a,p1b
|-resisted|p1a: Trans Rights
|-damage|p1a: Trans Rights|58/100
|-damage|p1b: Elon Musk|40/100
|-enditem|p2a: Primarina|Throat Spray
|-boost|p2a: Primarina|spa|1|[from] item: Throat Spray
|
|upkeep
|
|t:|1756320944
|switch|p2b: Amoonguss|Amoonguss, L50, M|100/100
|turn|5
|
|t:|1756320961
|switch|p1b: Garfield|Incineroar, L50, M|100/100
|-ability|p1b: Garfield|Intimidate|boost
|-unboost|p2a: Primarina|atk|1
|-unboost|p2b: Amoonguss|atk|1
|move|p2a: Primarina|Protect|p2a: Primarina
|-singleturn|p2a: Primarina|Protect
|move|p1a: Trans Rights|Spore|p2a: Primarina
|-activate|p2a: Primarina|move: Protect
|move|p2b: Amoonguss|Pollen Puff|p1a: Trans Rights
|-damage|p1a: Trans Rights|42/100
|
|upkeep
|turn|6
|
|t:|1756320979
|move|p1b: Garfield|Fake Out|p2a: Primarina
|-damage|p2a: Primarina|5/100
|cant|p2a: Primarina|flinch
|move|p1a: Trans Rights|Spore|p2a: Primarina
|-status|p2a: Primarina|slp|[from] move: Spore
|move|p2b: Amoonguss|Pollen Puff|p2a: Primarina
|-heal|p2a: Primarina|55/100 slp
|
|upkeep
|turn|7
|
|t:|1756320997
|move|p1a: Trans Rights|Protect|p1a: Trans Rights
|-singleturn|p1a: Trans Rights|Protect
|cant|p2a: Primarina|slp
|move|p1b: Garfield|Parting Shot|p2a: Primarina
|-unboost|p2a: Primarina|atk|1
|-unboost|p2a: Primarina|spa|1
|
|t:|1756321003
|switch|p1b: Elon Musk|Gholdengo, L50, tera:Flying|40/100|[from] Parting Shot
|move|p2b: Amoonguss|Pollen Puff|p2a: Primarina
|-heal|p2a: Primarina|100/100 slp
|
|upkeep
|turn|8
|
|t:|1756321018
|move|p1b: Elon Musk|Nasty Plot|p1b: Elon Musk
|-boost|p1b: Elon Musk|spa|2
|-curestatus|p2a: Primarina|slp|[msg]
|move|p2a: Primarina|Hyper Voice|p1a: Trans Rights|[spread] p1a,p1b
|-resisted|p1a: Trans Rights
|-damage|p1a: Trans Rights|29/100
|-damage|p1b: Elon Musk|0 fnt
|faint|p1b: Elon Musk
|move|p1a: Trans Rights|Pollen Puff|p1: Elon Musk|[notarget]
|-fail|p1a: Trans Rights
|move|p2b: Amoonguss|Pollen Puff|p1a: Trans Rights
|-damage|p1a: Trans Rights|13/100
|
|upkeep
|
|t:|1756321033
|switch|p1b: Garfield|Incineroar, L50, M|100/100
|-ability|p1b: Garfield|Intimidate|boost
|-unboost|p2a: Primarina|atk|1
|-unboost|p2b: Amoonguss|atk|1
|turn|9
|
|t:|1756321039
|switch|p1a: Cheesebslls|Greninja, L50, M|47/100
|move|p2a: Primarina|Hyper Voice|p1b: Garfield|[spread] p1a,p1b
|-resisted|p1a: Cheesebslls
|-supereffective|p1b: Garfield
|-damage|p1a: Cheesebslls|20/100
|-damage|p1b: Garfield|35/100
|move|p1b: Garfield|Flare Blitz|p2b: Amoonguss
|-supereffective|p2b: Amoonguss
|-damage|p2b: Amoonguss|29/100
|-enditem|p2b: Amoonguss|Sitrus Berry|[eat]
|-heal|p2b: Amoonguss|54/100|[from] item: Sitrus Berry
|-damage|p1b: Garfield|9/100|[from] Recoil
|move|p2b: Amoonguss|Pollen Puff|p1a: Cheesebslls
|-supereffective|p1a: Cheesebslls
|-damage|p1a: Cheesebslls|0 fnt
|faint|p1a: Cheesebslls
|
|upkeep
|
|t:|1756321053
|switch|p1a: Trans Rights|Amoonguss, L50, M|46/100
|turn|10
|c|鈽唅liasdelm|蟼畏蠀
|c|鈽唅liasdelm|why
|
|t:|1756321072
|move|p2a: Primarina|Hyper Voice|p1b: Garfield|[spread] p1a,p1b
|-resisted|p1a: Trans Rights
|-supereffective|p1b: Garfield
|-damage|p1a: Trans Rights|33/100
|-damage|p1b: Garfield|0 fnt
|faint|p1b: Garfield
|move|p1a: Trans Rights|Spore|p2a: Primarina
|-status|p2a: Primarina|slp|[from] move: Spore
|move|p2b: Amoonguss|Pollen Puff|p1a: Trans Rights
|-damage|p1a: Trans Rights|18/100
|
|upkeep
|turn|11
|
|t:|1756321084
|cant|p2a: Primarina|slp
|move|p1a: Trans Rights|Pollen Puff|p2b: Amoonguss
|-damage|p2b: Amoonguss|37/100
|move|p2b: Amoonguss|Pollen Puff|p1a: Trans Rights
|-damage|p1a: Trans Rights|1/100
|
|upkeep
|turn|12
|
|t:|1756321094
|cant|p2a: Primarina|slp
|move|p1a: Trans Rights|Pollen Puff|p2b: Amoonguss
|-damage|p2b: Amoonguss|22/100
|move|p2b: Amoonguss|Pollen Puff|p1a: Trans Rights
|-damage|p1a: Trans Rights|0 fnt
|faint|p1a: Trans Rights
|
|win|iliasdelm
|raw|coastline2687's rating: 1048 → 1035(-13 for losing)
|raw|iliasdelm's rating: 1140 → 1159(+19 for winning)
|c|鈽唅liasdelm|gg
|c|鈽唅liasdelm|u had a very good winnibg posiion bro
|c|鈽唅liasdelm|and u sold it
|c|鈽唅liasdelm|u switched gholdengo with +1
