|j|☆SomeKidJon
|j|☆i saw carcosa
|html|SomeKidJoni saw carcosa    
|uhtml|bestof|Game 2 of a best-of-3
|t:|1757122173
|gametype|doubles
|player|p1|SomeKidJon|scientistf|1315
|player|p2|i saw carcosa|pokemonbreederf|1395
|gen|9
|tier|[Gen 9] VGC 2025 Reg H (Bo3)
|rated|
|rule|Species Clause: Limit one of each Pokémon
|rule|Item Clause: Limit 1 of each item
|clearpoke
|poke|p1|Zoroark-Hisui, L50, M|
|poke|p1|Rillaboom, L50, M|
|poke|p1|Basculegion, L50, M|
|poke|p1|Pelipper, L50, M|
|poke|p1|Kingambit, L50, F|
|poke|p1|Farigiraf, L50, F|
|poke|p2|Ursaluna-Bloodmoon, L50, M|
|poke|p2|Gholdengo, L50|
|poke|p2|Incineroar, L50, F|
|poke|p2|Dragonite, L50, M|
|poke|p2|Sneasler, L50, F|
|poke|p2|Amoonguss, L50, F|
|teampreview|4
|showteam|p1|Zoroark-Hisui||ChoiceSpecs|Illusion|HyperVoice,TeraBlast,ShadowBall,SludgeBomb|||M|||50|,,,,,Stellar]Rillaboom||AssaultVest|GrassySurge|FakeOut,GrassyGlide,WoodHammer,HighHorsepower|||M|||50|,,,,,Fire]Basculegion||ChoiceBand|SwiftSwim|WaveCrash,AquaJet,LastRespects,FlipTurn|||M|||50|,,,,,Water]Pelipper||FocusSash|Drizzle|Hurricane,WeatherBall,HelpingHand,Tailwind|||M|||50|,,,,,Dragon]Kingambit||ChopleBerry|Defiant|SuckerPunch,KowtowCleave,SwordsDance,LowKick|||F|||50|,,,,,Dark]Farigiraf||SitrusBerry|ArmorTail|TrickRoom,TwinBeam,HyperVoice,HelpingHand|||F|||50|,,,,,Water
|showteam|p2|Ursaluna-Bloodmoon||LifeOrb|MindsEye|HyperVoice,BloodMoon,EarthPower,Protect|||M|||50|,,,,,Dragon]Gholdengo||MetalCoat|GoodasGold|MakeItRain,ShadowBall,NastyPlot,Protect||||||50|,,,,,Water]Incineroar||AssaultVest|Intimidate|FakeOut,FlareBlitz,KnockOff,Uturn|||F|||50|,,,,,Grass]Dragonite||LoadedDice|Multiscale|ScaleShot,Tailwind,Haze,Protect|||M|||50|,,,,,Fairy]Sneasler||FocusSash|PoisonTouch|DireClaw,CloseCombat,FakeOut,Protect|||F|||50|,,,,,Stellar]Amoonguss||SitrusBerry|Regenerator|Spore,RagePowder,PollenPuff,Protect|||F|||50|,,,,,Water
|
|t:|1757122198
|teamsize|p1|4
|teamsize|p2|4
|start
|switch|p1a: Maelle|Kingambit, L50, F, shiny|100/100
|switch|p1b: Lune|Farigiraf, L50, F|100/100
|switch|p2a: Joshua|Dragonite, L50, M|100/100
|switch|p2b: Hehe|Sneasler, L50, F|100/100
|turn|1
|
|t:|1757122225
|-terastallize|p2b: Hehe|Stellar
|-terastallize|p1a: Maelle|Dark
|move|p2b: Hehe|Close Combat|p1a: Maelle
|-supereffective|p1a: Maelle
|-enditem|p1a: Maelle|Chople Berry|[eat]
|-enditem|p1a: Maelle|Chople Berry|[weaken]
|-damage|p1a: Maelle|43/100
|-unboost|p2b: Hehe|def|1
|-unboost|p2b: Hehe|spd|1
|move|p1b: Lune|Hyper Voice|p2a: Joshua|[spread] p2a,p2b
|-damage|p2a: Joshua|72/100
|-enditem|p2b: Hehe|Focus Sash
|-damage|p2b: Hehe|1/100
|move|p2a: Joshua|Scale Shot|p1a: Maelle
|-damage|p1a: Maelle|31/100
|-crit|p1a: Maelle
|-damage|p1a: Maelle|16/100
|-damage|p1a: Maelle|4/100
|-damage|p1a: Maelle|0 fnt
|faint|p1a: Maelle
|-hitcount|p1: Maelle|4
|-unboost|p2a: Joshua|def|1
|-boost|p2a: Joshua|spe|1
|
|upkeep
|
|t:|1757122243
|switch|p1a: Sciel|Basculegion, L50, M|100/100
|turn|2
|
|t:|1757122269
|move|p2a: Joshua|Protect|p2a: Joshua
|-singleturn|p2a: Joshua|Protect
|move|p2b: Hehe|Protect|p2b: Hehe
|-singleturn|p2b: Hehe|Protect
|move|p1b: Lune|Hyper Voice|p2b: Hehe|[spread] 
|-activate|p2a: Joshua|move: Protect
|-activate|p2b: Hehe|move: Protect
|move|p1a: Sciel|Wave Crash|p2a: Joshua
|-activate|p2a: Joshua|move: Protect
|
|upkeep
|turn|3
|
|t:|1757122312
|switch|p1a: Lune|Farigiraf, L50, F|100/100
|move|p2a: Joshua|Scale Shot|p1a: Lune
|-damage|p1a: Lune|89/100
|-damage|p1a: Lune|76/100
|-damage|p1a: Lune|64/100
|-damage|p1a: Lune|51/100
|-hitcount|p1a: Lune|4
|-unboost|p2a: Joshua|def|1
|-boost|p2a: Joshua|spe|1
|move|p2b: Hehe|Dire Claw|p1a: Lune
|-crit|p1a: Lune
|-damage|p1a: Lune|0 fnt
|faint|p1a: Lune
|move|p1b: Lune|Hyper Voice|p2b: Hehe|[spread] p2a,p2b
|-damage|p2a: Joshua|14/100
|-damage|p2b: Hehe|0 fnt
|faint|p2b: Hehe
|
|upkeep
|
|t:|1757122332
|switch|p2b: Gholdengoat|Gholdengo, L50|100/100
|switch|p1a: Sciel|Basculegion, L50, M|100/100
|turn|4
|
|t:|1757122341
|move|p2b: Gholdengoat|Protect|p2b: Gholdengoat
|-singleturn|p2b: Gholdengoat|Protect
|move|p2a: Joshua|Scale Shot|p1a: Sciel|[miss]
|-miss|p2a: Joshua|p1a: Sciel
|move|p1b: Lune|Hyper Voice|p2b: Gholdengoat|[spread] p2a
|-activate|p2b: Gholdengoat|move: Protect
|-damage|p2a: Joshua|0 fnt
|faint|p2a: Joshua
|move|p1a: Sciel|Last Respects|p2b: Gholdengoat
|-activate|p2b: Gholdengoat|move: Protect
|
|upkeep
|
|t:|1757122346
|switch|p2a: Ursaluna|Ursaluna-Bloodmoon, L50, M|100/100
|turn|5
|
|t:|1757122352
|move|p1b: Lune|Hyper Voice|p2a: Ursaluna|[spread] p2a
|-immune|p2b: Gholdengoat
|-damage|p2a: Ursaluna|40/100
|move|p1a: Sciel|Last Respects|p2b: Gholdengoat
|-supereffective|p2b: Gholdengoat
|-damage|p2b: Gholdengoat|0 fnt
|faint|p2b: Gholdengoat
|move|p2a: Ursaluna|Blood Moon|p1b: Lune
|-damage|p1b: Lune|0 fnt
|replace|p1b: Verso|Zoroark-Hisui, L50, M, shiny
|-end|p1b: Verso|Illusion
|faint|p1b: Verso
|-damage|p2a: Ursaluna|30/100|[from] item: Life Orb
|
|upkeep
|turn|6
|-message|SomeKidJon forfeited.
|
|win|i saw carcosa
|l|☆SomeKidJon
|player|p1|
|j|☆SomeKidJon
|player|p1|SomeKidJon|scientistf|
||i saw carcosa is ready for game 3.
||SomeKidJon is ready for game 3.
|uhtml|next|Next: Game 3 of 3
