|j|☆Ci sono tutto ok
|j|☆HopeAddict
|html|Ci sono tutto okHopeAddict    
|uhtml|bestof|Game 1 of a best-of-3
|t:|1757184433
|gametype|doubles
|player|p1|Ci sono tutto ok|266|1081
|player|p2|HopeAddict|bill|1088
|gen|9
|tier|[Gen 9] VGC 2025 Reg H (Bo3)
|rated|
|rule|Species Clause: Limit one of each Pokémon
|rule|Item Clause: Limit 1 of each item
|clearpoke
|poke|p1|Maushold, L50|
|poke|p1|Arcanine-Hisui, L50, M|
|poke|p1|Primarina, L50, F|
|poke|p1|Breloom, L50, F|
|poke|p1|Ursaluna-Bloodmoon, L50, M|
|poke|p1|Whimsicott, L50, F|
|poke|p2|Sneasler, L50, M|
|poke|p2|Basculegion, L50, M|
|poke|p2|Whimsicott, L50, M|
|poke|p2|Indeedee, L50, M|
|poke|p2|Gholdengo, L50|
|poke|p2|Delphox, L50, F|
|teampreview|4
|showteam|p1|Maushold||SitrusBerry|FriendGuard|FollowMe,Taunt,SuperFang,Protect||||||50|,,,,,Ghost]Arcanine-Hisui||ChoiceBand|Intimidate|RockSlide,FlareBlitz,HeadSmash,ExtremeSpeed|||M|||50|,,,,,Normal]Primarina||KebiaBerry|LiquidVoice|HyperVoice,Moonblast,Haze,Protect|||F|||50|,,,,,Poison]Breloom||ChoiceScarf|EffectSpore|Spore,CloseCombat,SeedBomb,PoisonJab|||F|||50|,,,,,Ghost]Ursaluna-Bloodmoon||LifeOrb|MindsEye|HyperVoice,BloodMoon,EarthPower,Protect|||M|||50|,,,,,Normal]Whimsicott||CovertCloak|Prankster|Moonblast,Tailwind,HelpingHand,Encore|||F|||50|,,,,,Steel
|showteam|p2|Sneasler||PsychicSeed|Unburden|DireClaw,CloseCombat,ThroatChop,Protect|||M|||50|,,,,,Dark]Basculegion||ChoiceScarf|Adaptability|WaveCrash,LastRespects,FlipTurn,AquaJet|||M|||50|,,,,,Water]Whimsicott||CovertCloak|Prankster|Moonblast,Tailwind,LightScreen,Encore|||M|||50|,,,,,Water]Indeedee||FocusSash|PsychicSurge|ExpandingForce,TeraBlast,TrickRoom,Imprison|||M|||50|,,,,,Psychic]Gholdengo||ChoiceSpecs|GoodasGold|MakeItRain,ShadowBall,PowerGem,Trick||||||50|,,,,,Steel]Delphox||LifeOrb|Blaze|HeatWave,ExpandingForce,TeraBlast,Protect|||F|||50|,,,,,Fighting
|inactive|Battle timer is ON: inactive players will automatically lose when time's up. (requested by HopeAddict)
|inactive|Ci sono tutto ok has 60 seconds left.
|
|t:|1757184489
|teamsize|p1|4
|teamsize|p2|4
|start
|switch|p1a: Whimsicott|Whimsicott, L50, F|100/100
|switch|p1b: Arcanine|Arcanine-Hisui, L50, M|100/100
|switch|p2a: Sneasler|Sneasler, L50, M|100/100
|switch|p2b: Indeedee|Indeedee, L50, M|100/100
|-fieldstart|move: Psychic Terrain|[from] ability: Psychic Surge|[of] p2b: Indeedee
|-enditem|p2a: Sneasler|Psychic Seed
|-boost|p2a: Sneasler|spd|1|[from] item: Psychic Seed
|-ability|p1b: Arcanine|Intimidate|boost
|-unboost|p2a: Sneasler|atk|1
|-unboost|p2b: Indeedee|atk|1
|turn|1
|inactive|Ci sono tutto ok has 30 seconds left.
|inactive|HopeAddict has 30 seconds left.
|inactive|Ci sono tutto ok has 20 seconds left.
|inactive|HopeAddict has 20 seconds left.
|
|t:|1757184528
|-terastallize|p2b: Indeedee|Psychic
|move|p1a: Whimsicott|Tailwind|p1a: Whimsicott
|-sidestart|p1: Ci sono tutto ok|move: Tailwind
|move|p2a: Sneasler|Close Combat|p1b: Arcanine
|-supereffective|p1b: Arcanine
|-damage|p1b: Arcanine|0 fnt
|-unboost|p2a: Sneasler|def|1
|-unboost|p2a: Sneasler|spd|1
|faint|p1b: Arcanine
|move|p2b: Indeedee|Expanding Force|p1a: Whimsicott
|-damage|p1a: Whimsicott|0 fnt
|faint|p1a: Whimsicott
|
|upkeep
|
|t:|1757184537
|switch|p1a: Maushold|Maushold, L50|100/100
|switch|p1b: Primarina|Primarina, L50, F|100/100
|turn|2
|
|t:|1757184548
|-terastallize|p1a: Maushold|Ghost
|move|p1a: Maushold|Follow Me|p1a: Maushold
|-singleturn|p1a: Maushold|move: Follow Me
|move|p2a: Sneasler|Dire Claw|p1a: Maushold
|-resisted|p1a: Maushold
|-damage|p1a: Maushold|83/100
|-status|p1a: Maushold|par
|move|p1b: Primarina|Hyper Voice|p2b: Indeedee|[spread] p2a,p2b
|-damage|p2a: Sneasler|50/100
|-damage|p2b: Indeedee|49/100
|move|p2b: Indeedee|Expanding Force|p1b: Primarina|[spread] p1a,p1b
|-damage|p1a: Maushold|8/100 par
|-damage|p1b: Primarina|54/100
|-enditem|p1a: Maushold|Sitrus Berry|[eat]
|-heal|p1a: Maushold|33/100 par|[from] item: Sitrus Berry
|
|upkeep
|turn|3
|inactive|HopeAddict has 30 seconds left.
|
|t:|1757184576
|move|p1a: Maushold|Follow Me|p1a: Maushold
|-singleturn|p1a: Maushold|move: Follow Me
|move|p2a: Sneasler|Dire Claw|p1a: Maushold
|-resisted|p1a: Maushold
|-damage|p1a: Maushold|18/100 par
|move|p1b: Primarina|Hyper Voice|p2b: Indeedee|[spread] p2a,p2b
|-damage|p2a: Sneasler|2/100
|-damage|p2b: Indeedee|0 fnt
|faint|p2b: Indeedee
|
|upkeep
|
|t:|1757184589
|switch|p2b: Delphox|Delphox, L50, F|100/100
|turn|4
|
|t:|1757184609
|move|p2b: Delphox|Protect|p2b: Delphox
|-singleturn|p2b: Delphox|Protect
|move|p1a: Maushold|Follow Me|p1a: Maushold
|-singleturn|p1a: Maushold|move: Follow Me
|move|p2a: Sneasler|Throat Chop|p1a: Maushold
|-supereffective|p1a: Maushold
|-damage|p1a: Maushold|0 fnt
|faint|p1a: Maushold
|move|p1b: Primarina|Hyper Voice|p2b: Delphox|[spread] p2a
|-activate|p2b: Delphox|move: Protect
|-damage|p2a: Sneasler|0 fnt
|faint|p2a: Sneasler
|
|-sideend|p1: Ci sono tutto ok|move: Tailwind
|upkeep
|
|t:|1757184621
|switch|p2a: Basculegion|Basculegion, L50, M|100/100
|turn|5
|
|t:|1757184626
|move|p1b: Primarina|Protect|p1b: Primarina
|-singleturn|p1b: Primarina|Protect
|move|p2a: Basculegion|Last Respects|p1b: Primarina
|-activate|p1b: Primarina|move: Protect
|move|p2b: Delphox|Expanding Force|p1b: Primarina
|-activate|p1b: Primarina|move: Protect
|
|-fieldend|move: Psychic Terrain
|upkeep
|turn|6
|
|t:|1757184631
|move|p2a: Basculegion|Last Respects|p1b: Primarina
|-damage|p1b: Primarina|0 fnt
|faint|p1b: Primarina
|
|win|HopeAddict
||HopeAddict is ready for game 2.
||Ci sono tutto ok is ready for game 2.
|uhtml|next|Next: Game 2 of 3
