|j|☆endershovel
|j|☆icanttext
|html|endershovelicanttext    
|uhtml|bestof|Game 1 of a best-of-3
|t:|1783592380
|gametype|doubles
|player|p1|endershovel|102|1251
|player|p2|icanttext|101|1119
|gen|9
|tier|[Gen 9 Champions] VGC 2026 Reg M-B (Bo3)
|rated|
|rule|Species Clause: Limit one of each Pokémon
|rule|Item Clause: Limit 1 of each item
|clearpoke
|poke|p1|Starmie, L50, shiny|
|poke|p1|Sneasler, L50, M|
|poke|p1|Pelipper, L50, M|
|poke|p1|Archaludon, L50, F|
|poke|p1|Sinistcha-Masterpiece, L50|
|poke|p1|Kingambit, L50, F|
|poke|p2|Archaludon, L50, F|
|poke|p2|Sneasler, L50, M|
|poke|p2|Pelipper, L50, F|
|poke|p2|Basculegion, L50, M|
|poke|p2|Dragonite, L50, F|
|poke|p2|Sceptile, L50, M|
|teampreview|4
|showteam|p1|Starmie||Starminite|NaturalCure|Liquidation,ZenHeadbutt,AquaJet,Protect|Jolly|||||50|]Sneasler||WhiteHerb|Unburden|CloseCombat,DireClaw,Coaching,FakeOut|Adamant||M|||50|]Pelipper||SitrusBerry|Drizzle|Hurricane,WeatherBall,Tailwind,Protect|Modest||M|||50|]Archaludon||Leftovers|Stamina|ElectroShot,FlashCannon,DragonPulse,Protect|Modest||F|||50|]Sinistcha-Masterpiece||ColburBerry|Hospitality|MatchaGotcha,RagePowder,TrickRoom,Protect|Calm|||||50|]Kingambit||BlackGlasses|Defiant|KowtowCleave,SuckerPunch,SwordsDance,Protect|Adamant||F|||50|
|showteam|p2|Archaludon||LifeOrb|Stamina|FlashCannon,DragonPulse,ElectroShot,Protect|Modest||F|||50|]Sneasler||WhiteHerb|PoisonTouch|FakeOut,DireClaw,CloseCombat,Protect|Jolly||M|||50|]Pelipper||FocusSash|Drizzle|Hurricane,Tailwind,WeatherBall,Protect|Timid||F|||50|]Basculegion||MysticWater|SwiftSwim|AquaJet,Liquidation,LastRespects,Protect|Adamant||M|||50|]Dragonite||Dragoninite|Multiscale|Hurricane,Thunder,WeatherBall,Protect|Timid||F|||50|]Sceptile||Sceptilite|Unburden|EnergyBall,DragonPulse,FocusBlast,Protect|Timid||M|||50|
|inactive|Battle timer is ON: inactive players will automatically lose when time's up. (requested by icanttext)
|inactive|icanttext has 60 seconds left.
|inactive|icanttext has 30 seconds left.
|inactive|icanttext has 20 seconds left.
|
|t:|1783592491
|teamsize|p1|4
|teamsize|p2|4
|start
|switch|p1a: Archaludon|Archaludon, L50, F|100/100
|switch|p1b: Sinistcha|Sinistcha-Masterpiece, L50|100/100
|switch|p2a: Pelipper|Pelipper, L50, F|100/100
|switch|p2b: Dragonite|Dragonite, L50, F|100/100
|-weather|RainDance|[from] ability: Drizzle|[of] p2a: Pelipper
|turn|1
|inactive|icanttext has 30 seconds left.
|
|t:|1783592521
|detailschange|p2b: Dragonite|Dragonite-Mega, L50, F
|-mega|p2b: Dragonite|Dragonite|Dragoninite
|move|p1b: Sinistcha|Protect|p1b: Sinistcha
|-singleturn|p1b: Sinistcha|Protect
|move|p2b: Dragonite|Hurricane|p1b: Sinistcha
|-activate|p1b: Sinistcha|move: Protect
|move|p2a: Pelipper|Tailwind|p2a: Pelipper
|-sidestart|p2: icanttext|move: Tailwind
|move|p1a: Archaludon|Electro Shot||[still]
|-prepare|p1a: Archaludon|Electro Shot
|-boost|p1a: Archaludon|spa|1
|-anim|p1a: Archaludon|Electro Shot|p2a: Pelipper
|-supereffective|p2a: Pelipper|2
|-enditem|p2a: Pelipper|Focus Sash
|-damage|p2a: Pelipper|1/100
|
|-weather|RainDance|[upkeep]
|upkeep
|turn|2
|inactive|icanttext has 30 seconds left.
|inactive|icanttext has 20 seconds left.
|inactive|icanttext has 15 seconds left.
|inactive|icanttext has 10 seconds left.
|
|t:|1783592569
|switch|p1b: Pelipper|Pelipper, L50, M|100/100
|move|p2b: Dragonite|Thunder|p1a: Archaludon
|-resisted|p1a: Archaludon|1
|-damage|p1a: Archaludon|78/100
|-status|p1a: Archaludon|par
|-ability|p1a: Archaludon|Stamina|boost
|-boost|p1a: Archaludon|def|1
|move|p2a: Pelipper|Hurricane|p1b: Pelipper
|-damage|p1b: Pelipper|36/100
|-enditem|p1b: Pelipper|Sitrus Berry|[eat]
|-heal|p1b: Pelipper|60/100|[from] item: Sitrus Berry
|cant|p1a: Archaludon|par
|
|-weather|RainDance|[upkeep]
|-heal|p1a: Archaludon|84/100 par|[from] item: Leftovers
|upkeep
|turn|3
|inactive|icanttext has 30 seconds left.
|
|t:|1783592602
|move|p1b: Pelipper|Protect|p1b: Pelipper
|-singleturn|p1b: Pelipper|Protect
|move|p2b: Dragonite|Thunder|p1b: Pelipper
|-activate|p1b: Pelipper|move: Protect
|move|p2a: Pelipper|Weather Ball|p1a: Archaludon
|-resisted|p1a: Archaludon|1
|-damage|p1a: Archaludon|46/100 par
|-ability|p1a: Archaludon|Stamina|boost
|-boost|p1a: Archaludon|def|1
|cant|p1a: Archaludon|par
|
|-weather|RainDance|[upkeep]
|-heal|p1a: Archaludon|52/100 par|[from] item: Leftovers
|upkeep
|turn|4
|
|t:|1783592620
|switch|p1b: Sinistcha|Sinistcha-Masterpiece, L50|100/100
|-heal|p1a: Archaludon|77/100 par|[from] ability: Hospitality|[of] p1b: Sinistcha
|move|p2b: Dragonite|Thunder|p1b: Sinistcha
|-resisted|p1b: Sinistcha|1
|-damage|p1b: Sinistcha|78/100
|move|p2a: Pelipper|Weather Ball|p1a: Archaludon
|-resisted|p1a: Archaludon|1
|-damage|p1a: Archaludon|42/100 par
|-ability|p1a: Archaludon|Stamina|boost
|-boost|p1a: Archaludon|def|1
|move|p1a: Archaludon|Electro Shot||[still]
|-prepare|p1a: Archaludon|Electro Shot
|-boost|p1a: Archaludon|spa|1
|-anim|p1a: Archaludon|Electro Shot|p2b: Dragonite
|-damage|p2b: Dragonite|63/100
|
|-weather|RainDance|[upkeep]
|-heal|p1a: Archaludon|48/100 par|[from] item: Leftovers
|-sideend|p2: icanttext|move: Tailwind
|upkeep
|turn|5
|inactive|icanttext has 30 seconds left.
|
|t:|1783592645
|move|p2b: Dragonite|Hurricane|p1b: Sinistcha
|-supereffective|p1b: Sinistcha|1
|-damage|p1b: Sinistcha|0 fnt
|faint|p1b: Sinistcha
|move|p2a: Pelipper|Weather Ball|p1a: Archaludon
|-resisted|p1a: Archaludon|1
|-damage|p1a: Archaludon|13/100 par
|-ability|p1a: Archaludon|Stamina|boost
|-boost|p1a: Archaludon|def|1
|cant|p1a: Archaludon|par
|
|-weather|none
|-heal|p1a: Archaludon|19/100 par|[from] item: Leftovers
|upkeep
|
|t:|1783592650
|switch|p1b: Kingambit|Kingambit, L50, F|100/100
|turn|6
|c|☆endershovel|bro
|c|☆endershovel|i swear para got nerfed how tf
|
|t:|1783592673
|switch|p2a: Archaludon|Archaludon, L50, F|100/100
|move|p2b: Dragonite|Protect|p2b: Dragonite
|-singleturn|p2b: Dragonite|Protect
|move|p1b: Kingambit|Kowtow Cleave|p2a: Archaludon
|-damage|p2a: Archaludon|58/100
|-ability|p2a: Archaludon|Stamina|boost
|-boost|p2a: Archaludon|def|1
|move|p1a: Archaludon|Dragon Pulse|p2b: Dragonite
|-activate|p2b: Dragonite|move: Protect
|
|-heal|p1a: Archaludon|25/100 par|[from] item: Leftovers
|upkeep
|turn|7
|
|t:|1783592692
|switch|p2a: Pelipper|Pelipper, L50, F|1/100
|-weather|RainDance|[from] ability: Drizzle|[of] p2a: Pelipper
|move|p1b: Kingambit|Sucker Punch|p2b: Dragonite
|-crit|p2b: Dragonite
|-damage|p2b: Dragonite|0 fnt
|faint|p2b: Dragonite
|move|p1a: Archaludon|Dragon Pulse|p2a: Pelipper
|-damage|p2a: Pelipper|0 fnt
|faint|p2a: Pelipper
|
|-weather|RainDance|[upkeep]
|-heal|p1a: Archaludon|31/100 par|[from] item: Leftovers
|upkeep
|
|t:|1783592704
|switch|p2b: Basculegion|Basculegion, L50, M|100/100
|switch|p2a: Archaludon|Archaludon, L50, F|58/100
|turn|8
|inactive|icanttext has 30 seconds left.
|
|t:|1783592730
|move|p2b: Basculegion|Protect|p2b: Basculegion
|-singleturn|p2b: Basculegion|Protect
|move|p2a: Archaludon|Electro Shot||[still]
|-prepare|p2a: Archaludon|Electro Shot
|-boost|p2a: Archaludon|spa|1
|-anim|p2a: Archaludon|Electro Shot|p1b: Kingambit
|-damage|p1b: Kingambit|15/100
|-damage|p2a: Archaludon|48/100|[from] item: Life Orb
|move|p1b: Kingambit|Kowtow Cleave|p2b: Basculegion
|-activate|p2b: Basculegion|move: Protect
|move|p1a: Archaludon|Dragon Pulse|p2a: Archaludon
|-damage|p2a: Archaludon|0 fnt
|faint|p2a: Archaludon
|
|-weather|RainDance|[upkeep]
|-heal|p1a: Archaludon|38/100 par|[from] item: Leftovers
|upkeep
|turn|9
|
|t:|1783592748
|move|p2b: Basculegion|Aqua Jet|p1b: Kingambit
|-damage|p1b: Kingambit|0 fnt
|faint|p1b: Kingambit
|move|p1a: Archaludon|Electro Shot||[still]
|-prepare|p1a: Archaludon|Electro Shot
|-boost|p1a: Archaludon|spa|1
|-anim|p1a: Archaludon|Electro Shot|p2b: Basculegion
|-supereffective|p2b: Basculegion|1
|-damage|p2b: Basculegion|0 fnt
|faint|p2b: Basculegion
|
|win|endershovel
