|j|☆carmelotb
|j|☆PieterSenshi
|html|carmelotbPieterSenshi    
|uhtml|bestof|Game 2 of a best-of-3
|t:|1785178464
|gametype|doubles
|player|p1|carmelotb|pilot|1118
|player|p2|PieterSenshi|170|1044
|gen|9
|tier|[Gen 9 Champions] VGC 2026 Reg M-B (Bo3)
|rated|
|rule|Species Clause: Limit one of each Pokémon
|rule|Item Clause: Limit 1 of each item
|clearpoke
|poke|p1|Staraptor, L50, M|
|poke|p1|Tyranitar, L50, M|
|poke|p1|Venusaur, L50, F|
|poke|p1|Milotic, L50, M|
|poke|p1|Excadrill, L50, M|
|poke|p1|Sinistcha-Masterpiece, L50|
|poke|p2|Delphox, L50, F|
|poke|p2|Sneasler, L50, M|
|poke|p2|Rotom-Wash, L50|
|poke|p2|Kingambit, L50, M|
|poke|p2|Garchomp, L50, M|
|poke|p2|Sinistcha, L50|
|teampreview|4
|showteam|p1|Staraptor||Staraptite|Intimidate|Tailwind,CloseCombat,BraveBird,Protect|Jolly||M|||50|]Tyranitar||ChoiceScarf|SandStream|RockSlide,HighHorsepower,KnockOff,IcePunch|Jolly||M|||50|]Venusaur||Venusaurite|Chlorophyll|EarthPower,GigaDrain,SludgeBomb,Protect|Modest||F|||50|]Milotic||Leftovers|Competitive|Scald,IcyWind,Protect,Recover|Calm||M|||50|]Excadrill||FocusSash|SandRush|Earthquake,RockSlide,IronHead,Protect|Adamant||M|||50|]Sinistcha-Masterpiece||SitrusBerry|Hospitality|MatchaGotcha,RagePowder,LifeDew,TrickRoom|Bold|||||50|
|showteam|p2|Delphox||Delphoxite|Blaze|HeatWave,Protect,NastyPlot,Psyshock|Modest||F|||50|]Sneasler||FocusSash|Unburden|CloseCombat,FakeOut,DireClaw,Protect|Jolly||M|||50|]Rotom-Wash||SitrusBerry|Levitate|HydroPump,Thunderbolt,WillOWisp,Protect|Calm|||||50|]Kingambit||BlackGlasses|Defiant|SuckerPunch,KowtowCleave,Protect,IronHead|Adamant||M|||50|]Garchomp||LifeOrb|RoughSkin|DragonClaw,Protect,Earthquake,RockSlide|Jolly||M|||50|]Sinistcha||KasibBerry|Hospitality|MatchaGotcha,RagePowder,Protect,TrickRoom|Relaxed|||||50|
|inactive|Battle timer is ON: inactive players will automatically lose when time's up. (requested by PieterSenshi)
|
|t:|1785178489
|teamsize|p1|4
|teamsize|p2|4
|start
|switch|p1a: Staraptor|Staraptor, L50, M|100/100
|switch|p1b: Tyranitar|Tyranitar, L50, M|100/100
|switch|p2a: Delphox|Delphox, L50, F|100/100
|switch|p2b: Sneasler|Sneasler, L50, M|100/100
|-weather|Sandstorm|[from] ability: Sand Stream|[of] p1b: Tyranitar
|-ability|p1a: Staraptor|Intimidate|boost
|-unboost|p2a: Delphox|atk|1
|-unboost|p2b: Sneasler|atk|1
|turn|1
|inactive|PieterSenshi has 30 seconds left.
|inactive|PieterSenshi has 20 seconds left.
|
|t:|1785178533
|detailschange|p2a: Delphox|Delphox-Mega, L50, F
|-mega|p2a: Delphox|Delphox|Delphoxite
|move|p2b: Sneasler|Fake Out|p1b: Tyranitar
|-resisted|p1b: Tyranitar|1
|-damage|p1b: Tyranitar|95/100
|cant|p1b: Tyranitar|flinch
|move|p2a: Delphox|Nasty Plot|p2a: Delphox
|-boost|p2a: Delphox|spa|2
|move|p1a: Staraptor|Tailwind|p1a: Staraptor
|-sidestart|p1: carmelotb|move: Tailwind
|
|-weather|Sandstorm|[upkeep]
|-damage|p1a: Staraptor|93/100|[from] Sandstorm
|-damage|p2b: Sneasler|94/100|[from] Sandstorm
|-damage|p2a: Delphox|94/100|[from] Sandstorm
|upkeep
|turn|2
|
|t:|1785178552
|detailschange|p1a: Staraptor|Staraptor-Mega, L50, M
|-mega|p1a: Staraptor|Staraptor|Staraptite
|move|p1b: Tyranitar|Rock Slide|p2b: Sneasler|[spread] p2b
|-miss|p1b: Tyranitar|p2a: Delphox
|-resisted|p2b: Sneasler|1
|-damage|p2b: Sneasler|71/100
|move|p1a: Staraptor|Brave Bird|p2b: Sneasler
|-supereffective|p2b: Sneasler|1
|-damage|p2b: Sneasler|0 fnt
|faint|p2b: Sneasler
|-damage|p1a: Staraptor|74/100|[from] Recoil
|move|p2a: Delphox|Psyshock|p1a: Staraptor
|-supereffective|p1a: Staraptor|1
|-crit|p1a: Staraptor
|-damage|p1a: Staraptor|0 fnt
|faint|p1a: Staraptor
|
|-weather|Sandstorm|[upkeep]
|-damage|p2a: Delphox|88/100|[from] Sandstorm
|upkeep
|
|t:|1785178568
|switch|p2b: Sinistcha|Sinistcha, L50|100/100
|switch|p1a: Excadrill|Excadrill, L50, M|100/100
|-heal|p2a: Delphox|100/100|[from] ability: Hospitality|[of] p2b: Sinistcha
|turn|3
|
|t:|1785178576
|move|p2a: Delphox|Protect|p2a: Delphox
|-singleturn|p2a: Delphox|Protect
|move|p1a: Excadrill|Rock Slide|p2b: Sinistcha|[spread] p2b
|-activate|p2a: Delphox|move: Protect
|-damage|p2b: Sinistcha|84/100
|move|p1b: Tyranitar|Rock Slide|p2b: Sinistcha|[spread] p2b
|-activate|p2a: Delphox|move: Protect
|-damage|p2b: Sinistcha|64/100
|move|p2b: Sinistcha|Trick Room|p2b: Sinistcha
|-fieldstart|move: Trick Room|[of] p2b: Sinistcha
|
|-weather|Sandstorm|[upkeep]
|-damage|p2b: Sinistcha|57/100|[from] Sandstorm
|-damage|p2a: Delphox|94/100|[from] Sandstorm
|upkeep
|turn|4
|
|t:|1785178594
|move|p1a: Excadrill|Protect|p1a: Excadrill
|-singleturn|p1a: Excadrill|Protect
|move|p2b: Sinistcha|Matcha Gotcha|p1b: Tyranitar|[spread] p1b
|-activate|p1a: Excadrill|move: Protect
|-supereffective|p1b: Tyranitar|1
|-damage|p1b: Tyranitar|63/100
|-heal|p2b: Sinistcha|73/100|[from] drain|[of] p1b: Tyranitar
|move|p2a: Delphox|Heat Wave|p1a: Excadrill|[spread] p1b
|-activate|p1a: Excadrill|move: Protect
|-resisted|p1b: Tyranitar|1
|-damage|p1b: Tyranitar|34/100
|move|p1b: Tyranitar|Rock Slide|p2b: Sinistcha|[spread] p2a
|-miss|p1b: Tyranitar|p2b: Sinistcha
|-supereffective|p2a: Delphox|1
|-damage|p2a: Delphox|5/100
|
|-weather|Sandstorm|[upkeep]
|-damage|p2b: Sinistcha|67/100|[from] Sandstorm
|-damage|p2a: Delphox|0 fnt|[from] Sandstorm
|faint|p2a: Delphox
|-sideend|p1: carmelotb|move: Tailwind
|upkeep
|
|t:|1785178614
|switch|p2a: Garchomp|Garchomp, L50, M|100/100
|turn|5
|
|t:|1785178623
|switch|p1a: Sinistcha|Sinistcha-Masterpiece, L50|100/100
|-heal|p1b: Tyranitar|59/100|[from] ability: Hospitality|[of] p1a: Sinistcha
|move|p2b: Sinistcha|Matcha Gotcha|p1a: Sinistcha|[spread] p1a,p1b
|-resisted|p1a: Sinistcha|1
|-supereffective|p1b: Tyranitar|1
|-damage|p1a: Sinistcha|84/100
|-heal|p2b: Sinistcha|75/100|[from] drain|[of] p1a: Sinistcha
|-damage|p1b: Tyranitar|27/100
|-heal|p2b: Sinistcha|91/100|[from] drain|[of] p1b: Tyranitar
|-status|p1b: Tyranitar|brn
|move|p2a: Garchomp|Earthquake|p1b: Tyranitar|[spread] p2b,p1a,p1b
|-resisted|p2b: Sinistcha|1
|-resisted|p1a: Sinistcha|1
|-supereffective|p1b: Tyranitar|1
|-damage|p2b: Sinistcha|73/100
|-damage|p1a: Sinistcha|66/100
|-damage|p1b: Tyranitar|0 fnt
|faint|p1b: Tyranitar
|-damage|p2a: Garchomp|90/100|[from] item: Life Orb
|
|-weather|none
|upkeep
|
|t:|1785178629
|switch|p1b: Excadrill|Excadrill, L50, M|100/100
|turn|6
|
|t:|1785178655
|move|p2b: Sinistcha|Matcha Gotcha|p1b: Excadrill|[spread] p1a,p1b
|-resisted|p1a: Sinistcha|1
|-damage|p1a: Sinistcha|53/100
|-heal|p2b: Sinistcha|80/100|[from] drain|[of] p1a: Sinistcha
|-damage|p1b: Excadrill|66/100
|-heal|p2b: Sinistcha|98/100|[from] drain|[of] p1b: Excadrill
|move|p1a: Sinistcha|Matcha Gotcha|p2b: Sinistcha|[spread] p2a,p2b
|-resisted|p2b: Sinistcha|1
|-damage|p2a: Garchomp|61/100
|-heal|p1a: Sinistcha|67/100|[from] drain|[of] p2a: Garchomp
|-damage|p2b: Sinistcha|83/100
|-heal|p1a: Sinistcha|75/100|[from] drain|[of] p2b: Sinistcha
|move|p1b: Excadrill|Iron Head|p2a: Garchomp
|-damage|p2a: Garchomp|13/100
|-damage|p1b: Excadrill|54/100|[from] ability: Rough Skin|[of] p2a: Garchomp
|move|p2a: Garchomp|Earthquake|p1b: Excadrill|[spread] p2b,p1a,p1b
|-resisted|p2b: Sinistcha|1
|-resisted|p1a: Sinistcha|1
|-supereffective|p1b: Excadrill|1
|-damage|p2b: Sinistcha|66/100
|-damage|p1a: Sinistcha|57/100
|-damage|p1b: Excadrill|0 fnt
|faint|p1b: Excadrill
|-damage|p2a: Garchomp|3/100|[from] item: Life Orb
|
|upkeep
|turn|7
|inactive|PieterSenshi has 30 seconds left.
|
|t:|1785178690
|move|p2a: Garchomp|Protect|p2a: Garchomp
|-singleturn|p2a: Garchomp|Protect
|move|p2b: Sinistcha|Matcha Gotcha|p1a: Sinistcha
|-resisted|p1a: Sinistcha|1
|-damage|p1a: Sinistcha|37/100
|-heal|p2b: Sinistcha|76/100|[from] drain|[of] p1a: Sinistcha
|-enditem|p1a: Sinistcha|Sitrus Berry|[eat]
|-heal|p1a: Sinistcha|61/100|[from] item: Sitrus Berry
|move|p1a: Sinistcha|Matcha Gotcha|p2a: Garchomp|[spread] 
|-activate|p2a: Garchomp|move: Protect
|-miss|p1a: Sinistcha|p2b: Sinistcha
|
|-fieldend|move: Trick Room
|upkeep
|turn|8
|
|t:|1785178707
|move|p2a: Garchomp|Dragon Claw|p1a: Sinistcha
|-crit|p1a: Sinistcha
|-damage|p1a: Sinistcha|1/100
|-damage|p2a: Garchomp|0 fnt|[from] item: Life Orb
|faint|p2a: Garchomp
|move|p1a: Sinistcha|Matcha Gotcha|p2b: Sinistcha
|-resisted|p2b: Sinistcha|1
|-damage|p2b: Sinistcha|56/100
|-heal|p1a: Sinistcha|11/100|[from] drain|[of] p2b: Sinistcha
|move|p2b: Sinistcha|Matcha Gotcha|p1a: Sinistcha|[miss]
|-miss|p2b: Sinistcha|p1a: Sinistcha
|
|upkeep
|turn|9
|
|t:|1785178721
|move|p1a: Sinistcha|Life Dew|p1a: Sinistcha
|-heal|p1a: Sinistcha|37/100
|move|p2b: Sinistcha|Matcha Gotcha|p1a: Sinistcha
|-resisted|p1a: Sinistcha|1
|-damage|p1a: Sinistcha|17/100
|-heal|p2b: Sinistcha|65/100|[from] drain|[of] p1a: Sinistcha
|
|upkeep
|turn|10
|
|t:|1785178730
|move|p1a: Sinistcha|Life Dew|p1a: Sinistcha
|-heal|p1a: Sinistcha|43/100
|move|p2b: Sinistcha|Matcha Gotcha|p1a: Sinistcha
|-resisted|p1a: Sinistcha|1
|-damage|p1a: Sinistcha|24/100
|-heal|p2b: Sinistcha|75/100|[from] drain|[of] p1a: Sinistcha
|
|upkeep
|turn|11
|
|t:|1785178739
|move|p1a: Sinistcha|Life Dew|p1a: Sinistcha
|-heal|p1a: Sinistcha|49/100
|move|p2b: Sinistcha|Matcha Gotcha|p1a: Sinistcha
|-resisted|p1a: Sinistcha|1
|-damage|p1a: Sinistcha|27/100
|-heal|p2b: Sinistcha|86/100|[from] drain|[of] p1a: Sinistcha
|
|upkeep
|turn|12
|
|t:|1785178751
|move|p1a: Sinistcha|Life Dew|p1a: Sinistcha
|-heal|p1a: Sinistcha|52/100
|move|p2b: Sinistcha|Matcha Gotcha|p1a: Sinistcha
|-resisted|p1a: Sinistcha|1
|-damage|p1a: Sinistcha|32/100
|-heal|p2b: Sinistcha|97/100|[from] drain|[of] p1a: Sinistcha
|
|upkeep
|turn|13
|
|t:|1785178760
|move|p1a: Sinistcha|Life Dew|p1a: Sinistcha
|-heal|p1a: Sinistcha|57/100
|move|p2b: Sinistcha|Matcha Gotcha|p1a: Sinistcha
|-resisted|p1a: Sinistcha|1
|-damage|p1a: Sinistcha|37/100
|-heal|p2b: Sinistcha|100/100|[from] drain|[of] p1a: Sinistcha
|
|upkeep
|turn|14
|
|t:|1785178769
|move|p1a: Sinistcha|Life Dew|p1a: Sinistcha
|-heal|p1a: Sinistcha|62/100
|move|p2b: Sinistcha|Trick Room|p2b: Sinistcha
|-fieldstart|move: Trick Room|[of] p2b: Sinistcha
|
|upkeep
|turn|15
|
|t:|1785178774
|move|p2b: Sinistcha|Matcha Gotcha|p1a: Sinistcha
|-resisted|p1a: Sinistcha|1
|-damage|p1a: Sinistcha|42/100
|move|p1a: Sinistcha|Matcha Gotcha|p2b: Sinistcha
|-resisted|p2b: Sinistcha|1
|-damage|p2b: Sinistcha|79/100
|-heal|p1a: Sinistcha|52/100|[from] drain|[of] p2b: Sinistcha
|
|upkeep
|turn|16
|
|t:|1785178783
|move|p2b: Sinistcha|Matcha Gotcha|p1a: Sinistcha
|-resisted|p1a: Sinistcha|1
|-damage|p1a: Sinistcha|30/100
|-heal|p2b: Sinistcha|91/100|[from] drain|[of] p1a: Sinistcha
|-status|p1a: Sinistcha|brn
|move|p1a: Sinistcha|Life Dew|p1a: Sinistcha
|-heal|p1a: Sinistcha|55/100 brn
|
|-damage|p1a: Sinistcha|49/100 brn|[from] brn
|upkeep
|turn|17
|
|t:|1785178794
|move|p2b: Sinistcha|Matcha Gotcha|p1a: Sinistcha|[miss]
|-miss|p2b: Sinistcha|p1a: Sinistcha
|move|p1a: Sinistcha|Life Dew|p1a: Sinistcha
|-heal|p1a: Sinistcha|74/100 brn
|
|-damage|p1a: Sinistcha|68/100 brn|[from] brn
|upkeep
|turn|18
|
|t:|1785178811
|move|p2b: Sinistcha|Matcha Gotcha|p1a: Sinistcha|[miss]
|-miss|p2b: Sinistcha|p1a: Sinistcha
|move|p1a: Sinistcha|Matcha Gotcha|p2b: Sinistcha|[miss]
|-miss|p1a: Sinistcha|p2b: Sinistcha
|
|-damage|p1a: Sinistcha|62/100 brn|[from] brn
|-fieldend|move: Trick Room
|upkeep
|turn|19
|
|t:|1785178820
|move|p1a: Sinistcha|Life Dew|p1a: Sinistcha
|-heal|p1a: Sinistcha|87/100 brn
|move|p2b: Sinistcha|Trick Room|p2b: Sinistcha
|-fieldstart|move: Trick Room|[of] p2b: Sinistcha
|
|-damage|p1a: Sinistcha|81/100 brn|[from] brn
|upkeep
|turn|20
|
|t:|1785178827
|move|p2b: Sinistcha|Matcha Gotcha|p1a: Sinistcha
|-resisted|p1a: Sinistcha|1
|-damage|p1a: Sinistcha|60/100 brn
|-heal|p2b: Sinistcha|100/100|[from] drain|[of] p1a: Sinistcha
|move|p1a: Sinistcha|Trick Room|p1a: Sinistcha
|-fieldend|move: Trick Room
|
|-damage|p1a: Sinistcha|54/100 brn|[from] brn
|upkeep
|turn|21
|
|t:|1785178836
|move|p1a: Sinistcha|Life Dew|p1a: Sinistcha
|-heal|p1a: Sinistcha|79/100 brn
|move|p2b: Sinistcha|Matcha Gotcha|p1a: Sinistcha
|-resisted|p1a: Sinistcha|1
|-damage|p1a: Sinistcha|57/100 brn
|
|-damage|p1a: Sinistcha|51/100 brn|[from] brn
|upkeep
|turn|22
|
|t:|1785178847
|move|p2b: Sinistcha|Protect|p2b: Sinistcha
|-singleturn|p2b: Sinistcha|Protect
|move|p1a: Sinistcha|Life Dew|p1a: Sinistcha
|-heal|p1a: Sinistcha|76/100 brn
|
|-damage|p1a: Sinistcha|70/100 brn|[from] brn
|upkeep
|turn|23
|
|t:|1785178859
|move|p2b: Sinistcha|Rage Powder|p2b: Sinistcha
|-singleturn|p2b: Sinistcha|move: Rage Powder
|move|p1a: Sinistcha|Matcha Gotcha|p2b: Sinistcha
|-resisted|p2b: Sinistcha|1
|-damage|p2b: Sinistcha|79/100
|-heal|p1a: Sinistcha|81/100 brn|[from] drain|[of] p2b: Sinistcha
|
|-damage|p1a: Sinistcha|75/100 brn|[from] brn
|upkeep
|turn|24
|-message|PieterSenshi forfeited.
|
|win|carmelotb
