|j|‽babysha
|j|☆5GiftedCanariSubs
|html|babysha5GiftedCanariSubs    
|uhtml|bestof|Game 1 of a best-of-3
|t:|1784303736
|gametype|doubles
|player|p1|babysha|1|1165
|player|p2|5GiftedCanariSubs|canari|1104
|gen|9
|tier|[Gen 9 Champions] VGC 2026 Reg M-B (Bo3)
|rated|
|rule|Species Clause: Limit one of each Pokémon
|rule|Item Clause: Limit 1 of each item
|clearpoke
|poke|p1|Tyranitar, L50, M|
|poke|p1|Archaludon, L50, F|
|poke|p1|Sinistcha, L50|
|poke|p1|Rotom-Wash, L50|
|poke|p1|Sneasler, L50, F|
|poke|p1|Pelipper, L50, F|
|poke|p2|Tyranitar, L50, M|
|poke|p2|Staraptor, L50, M|
|poke|p2|Excadrill, L50, M|
|poke|p2|Milotic, L50, F|
|poke|p2|Sinistcha, L50|
|poke|p2|Gholdengo, L50|
|teampreview|4
|showteam|p1|Tyranitar||Tyranitarite|SandStream|DragonDance,RockSlide,KnockOff,Protect|Jolly||M|||50|]Archaludon||ShucaBerry|Stamina|ElectroShot,FlashCannon,DragonPulse,Protect|Timid||F|||50|]Sinistcha||CobaBerry|Hospitality|RagePowder,MatchaGotcha,StrengthSap,TrickRoom|Relaxed|||||50|]Rotom-Wash||WideLens|Levitate|WillOWisp,Thunder,HydroPump,Protect|Modest|||||50|]Sneasler||WhiteHerb|Unburden|FakeOut,ThroatChop,DireClaw,CloseCombat|Adamant||F|||50|]Pelipper||FocusSash|Drizzle|Tailwind,Hurricane,WeatherBall,Protect|Modest||F|||50|
|showteam|p2|Tyranitar||Tyranitarite|SandStream|RockSlide,KnockOff,HighHorsepower,Protect|Jolly||M|||50|]Staraptor||Staraptite|Intimidate|BraveBird,CloseCombat,Tailwind,Protect|Jolly||M|||50|]Excadrill||FocusSash|SandRush|RockSlide,HighHorsepower,IronHead,Protect|Jolly||M|||50|]Milotic||SitrusBerry|Competitive|Scald,IcyWind,Haze,Protect|Calm||F|||50|]Sinistcha||KasibBerry|Hospitality|MatchaGotcha,RagePowder,ShadowBall,Protect|Bold|||||50|]Gholdengo||LifeOrb|GoodasGold|MakeItRain,ShadowBall,NastyPlot,Protect|Modest|||||50|
|inactive|Battle timer is ON: inactive players will automatically lose when time's up. (requested by babysha)
|inactive|5GiftedCanariSubs has 60 seconds left.
|inactive|5GiftedCanariSubs has 30 seconds left.
|
|t:|1784303799
|teamsize|p1|4
|teamsize|p2|4
|start
|switch|p1a: Rotom|Rotom-Wash, L50|100/100
|switch|p1b: Sneasler|Sneasler, L50, F|100/100
|switch|p2a: Excadrill|Excadrill, L50, M|100/100
|switch|p2b: Tyranitar|Tyranitar, L50, M|100/100
|-weather|Sandstorm|[from] ability: Sand Stream|[of] p2b: Tyranitar
|turn|1
|
|t:|1784303820
|switch|p2b: Sinistcha|Sinistcha, L50|100/100
|move|p2a: Excadrill|Protect|p2a: Excadrill
|-singleturn|p2a: Excadrill|Protect
|move|p1b: Sneasler|Fake Out|p2a: Excadrill
|-activate|p2a: Excadrill|move: Protect
|move|p1a: Rotom|Will-O-Wisp|p2a: Excadrill
|-activate|p2a: Excadrill|move: Protect
|
|-weather|Sandstorm|[upkeep]
|-damage|p1b: Sneasler|94/100|[from] Sandstorm
|-damage|p1a: Rotom|93/100|[from] Sandstorm
|-damage|p2b: Sinistcha|94/100|[from] Sandstorm
|upkeep
|turn|2
|
|t:|1784303840
|switch|p1b: Pelipper|Pelipper, L50, F|100/100
|-weather|RainDance|[from] ability: Drizzle|[of] p1b: Pelipper
|move|p2a: Excadrill|High Horsepower|p1b: Pelipper
|-immune|p1b: Pelipper
|move|p1a: Rotom|Will-O-Wisp|p2a: Excadrill
|-status|p2a: Excadrill|brn
|move|p2b: Sinistcha|Matcha Gotcha|p1a: Rotom|[spread] p1a,p1b
|-supereffective|p1a: Rotom|1
|-damage|p1a: Rotom|38/100
|-heal|p2b: Sinistcha|100/100|[from] drain|[of] p1a: Rotom
|-damage|p1b: Pelipper|55/100
|-status|p1b: Pelipper|brn
|
|-weather|RainDance|[upkeep]
|-damage|p2a: Excadrill|94/100 brn|[from] brn
|-damage|p1b: Pelipper|49/100 brn|[from] brn
|upkeep
|turn|3
|inactive|babysha has 30 seconds left.
|inactive|5GiftedCanariSubs has 30 seconds left.
|
|t:|1784303873
|switch|p2a: Tyranitar|Tyranitar, L50, M|100/100
|-weather|Sandstorm|[from] ability: Sand Stream|[of] p2a: Tyranitar
|switch|p1a: Sinistcha|Sinistcha, L50|100/100
|-heal|p1b: Pelipper|74/100 brn|[from] ability: Hospitality|[of] p1a: Sinistcha
|move|p1b: Pelipper|Tailwind|p1b: Pelipper
|-sidestart|p1: babysha|move: Tailwind
|move|p2b: Sinistcha|Matcha Gotcha|p1a: Sinistcha|[spread] p1a,p1b
|-resisted|p1a: Sinistcha|1
|-damage|p1a: Sinistcha|84/100
|-damage|p1b: Pelipper|34/100 brn
|
|-weather|Sandstorm|[upkeep]
|-damage|p1b: Pelipper|28/100 brn|[from] Sandstorm
|-damage|p1a: Sinistcha|78/100|[from] Sandstorm
|-damage|p2b: Sinistcha|94/100|[from] Sandstorm
|-damage|p1b: Pelipper|22/100 brn|[from] brn
|upkeep
|turn|4
|inactive|babysha has 30 seconds left.
|inactive|5GiftedCanariSubs has 30 seconds left.
|inactive|5GiftedCanariSubs has 20 seconds left.
|
|t:|1784303911
|switch|p2b: Gholdengo|Gholdengo, L50|100/100
|move|p1b: Pelipper|Hurricane|p2b: Gholdengo|[miss]
|-miss|p1b: Pelipper|p2b: Gholdengo
|move|p1a: Sinistcha|Strength Sap|p2a: Tyranitar
|-unboost|p2a: Tyranitar|atk|1
|-heal|p1a: Sinistcha|100/100
|move|p2a: Tyranitar|Knock Off|p1b: Pelipper
|-damage|p1b: Pelipper|0 fnt
|-enditem|p1b: Pelipper|Focus Sash|[from] move: Knock Off|[of] p2a: Tyranitar
|faint|p1b: Pelipper
|
|-weather|Sandstorm|[upkeep]
|-damage|p1a: Sinistcha|93/100|[from] Sandstorm
|upkeep
|
|t:|1784303932
|switch|p1b: Rotom|Rotom-Wash, L50|38/100
|turn|5
|
|t:|1784303950
|switch|p1a: Sneasler|Sneasler, L50, F|94/100
|move|p2a: Tyranitar|Protect|p2a: Tyranitar
|-singleturn|p2a: Tyranitar|Protect
|move|p1b: Rotom|Hydro Pump|p2b: Gholdengo
|-damage|p2b: Gholdengo|53/100
|move|p2b: Gholdengo|Shadow Ball|p1b: Rotom
|-crit|p1b: Rotom
|-damage|p1b: Rotom|0 fnt
|faint|p1b: Rotom
|-damage|p2b: Gholdengo|44/100|[from] item: Life Orb
|
|-weather|Sandstorm|[upkeep]
|-damage|p1a: Sneasler|88/100|[from] Sandstorm
|upkeep
|
|t:|1784303961
|switch|p1b: Sinistcha|Sinistcha, L50|93/100
|-heal|p1a: Sneasler|100/100|[from] ability: Hospitality|[of] p1b: Sinistcha
|turn|6
|
|t:|1784303977
|switch|p2a: Sinistcha|Sinistcha, L50|94/100
|-heal|p2b: Gholdengo|69/100|[from] ability: Hospitality|[of] p2a: Sinistcha
|move|p1a: Sneasler|Throat Chop|p2b: Gholdengo
|-supereffective|p2b: Gholdengo|1
|-damage|p2b: Gholdengo|13/100
|-start|p2b: Gholdengo|Throat Chop|[silent]
|move|p1b: Sinistcha|Matcha Gotcha|p2b: Gholdengo|[spread] p2a,p2b
|-resisted|p2a: Sinistcha|1
|-resisted|p2b: Gholdengo|1
|-damage|p2a: Sinistcha|81/100
|-heal|p1b: Sinistcha|100/100|[from] drain|[of] p2a: Sinistcha
|-damage|p2b: Gholdengo|1/100
|move|p2b: Gholdengo|Shadow Ball|p1b: Sinistcha
|-supereffective|p1b: Sinistcha|1
|-crit|p1b: Sinistcha
|-damage|p1b: Sinistcha|0 fnt
|faint|p1b: Sinistcha
|-damage|p2b: Gholdengo|0 fnt|[from] item: Life Orb
|faint|p2b: Gholdengo
|
|-weather|Sandstorm|[upkeep]
|-damage|p1a: Sneasler|94/100|[from] Sandstorm
|-damage|p2a: Sinistcha|75/100|[from] Sandstorm
|-sideend|p1: babysha|move: Tailwind
|upkeep
|
|t:|1784303992
|switch|p2b: Excadrill|Excadrill, L50, M|94/100 brn
|turn|7
|
|t:|1784304013
|move|p2a: Sinistcha|Rage Powder|p2a: Sinistcha
|-singleturn|p2a: Sinistcha|move: Rage Powder
|move|p2b: Excadrill|High Horsepower|p1a: Sneasler
|-supereffective|p1a: Sneasler|1
|-damage|p1a: Sneasler|7/100
|move|p1a: Sneasler|Throat Chop|p2a: Sinistcha
|-supereffective|p2a: Sinistcha|1
|-damage|p2a: Sinistcha|21/100
|-start|p2a: Sinistcha|Throat Chop|[silent]
|
|-weather|none
|-damage|p2b: Excadrill|88/100 brn|[from] brn
|upkeep
|turn|8
|-message|babysha forfeited.
|
|win|5GiftedCanariSubs
