|j|鈽哖erson_McSomeone
|j|鈽哣enuDaAscoInRain
|html|Person_McSomeoneVenuDaAscoInRain    
|uhtml|bestof|Game 2 of a best-of-3
|t:|1783061821
|gametype|doubles
|player|p1|Person_McSomeone|miku-psychic|1004
|player|p2|VenuDaAscoInRain|li|1042
|gen|9
|tier|[Gen 9 Champions] VGC 2026 Reg M-B (Bo3)
|rated|
|rule|Species Clause: Limit one of each Pok茅mon
|rule|Item Clause: Limit 1 of each item
|clearpoke
|poke|p1|Raichu, L50, F|
|poke|p1|Tinkaton, L50, F|
|poke|p1|Froslass, L50, F|
|poke|p1|Whimsicott, L50, M|
|poke|p1|Incineroar, L50, F|
|poke|p1|Kleavor, L50, M|
|poke|p2|Pelipper, L50, M, shiny|
|poke|p2|Swampert, L50, M|
|poke|p2|Archaludon, L50, M, shiny|
|poke|p2|Grimmsnarl, L50, M, shiny|
|poke|p2|Venusaur, L50, M, shiny|
|poke|p2|Sneasler, L50, M, shiny|
|teampreview|4
|showteam|p1|Raichu||RaichuniteY|LightningRod|ZapCannon,VoltSwitch,FocusBlast,Protect|Timid||F|||50|]Tinkaton||OccaBerry|MoldBreaker|FakeOut,GigatonHammer,ThunderWave,Protect|Jolly||F|||50|]Froslass||Froslassite|SnowCloak|Blizzard,ShadowBall,Protect,AuroraVeil|Timid||F|||50|]Whimsicott||FocusSash|Prankster|Tailwind,Encore,Protect,Moonblast|Modest||M|||50|]Incineroar||BlackGlasses|Intimidate|FakeOut,DarkestLariat,PartingShot,WillOWisp|Adamant||F|||50|]Kleavor||ChoiceScarf|Sharpness|StoneAxe,XScissor,NightSlash,Uturn|Adamant||M|||50|
|showteam|p2|Pelipper||FocusSash|Drizzle|WeatherBall,Hurricane,Tailwind,Protect|Modest||M|||50|]Swampert||Swampertite|Torrent|WaveCrash,IcePunch,HighHorsepower,Protect|Adamant||M|||50|]Archaludon||Leftovers|Stamina|ElectroShot,FlashCannon,DragonPulse,Protect|Modest||M|||50|]Grimmsnarl||RoseliBerry|Prankster|SpiritBreak,PartingShot,Reflect,LightScreen|Careful||M|||50|]Venusaur||Venusaurite|Chlorophyll|SludgeBomb,GigaDrain,EarthPower,SleepPowder|Modest||M|||50|]Sneasler||WhiteHerb|Unburden|DireClaw,CloseCombat,FakeOut,RockTomb|Jolly||M|||50|
|inactive|Battle timer is ON: inactive players will automatically lose when time's up. (requested by Person_McSomeone)
|inactive|VenuDaAscoInRain also wants the timer to be on.
|c|鈽哖erson_McSomeone|im actually so ass at this ;-;
|
|t:|1783061851
|teamsize|p1|4
|teamsize|p2|4
|start
|switch|p1a: Raichu|Raichu, L50, F|100/100
|switch|p1b: Whimsicott|Whimsicott, L50, M|100/100
|switch|p2a: Archaludon|Archaludon, L50, M, shiny|100/100
|switch|p2b: Grimmsnarl|Grimmsnarl, L50, M, shiny|100/100
|turn|1
|c|鈽哣enuDaAscoInRain|well if i have to say something, i am a smurf...
|c|鈽哖erson_McSomeone|still
|
|t:|1783061874
|switch|p2a: Swampert|Swampert, L50, M|100/100
|detailschange|p1a: Raichu|Raichu-Mega-Y, L50, F
|-mega|p1a: Raichu|Raichu|Raichunite Y
|move|p1b: Whimsicott|Tailwind|p1b: Whimsicott
|-sidestart|p1: Person_McSomeone|move: Tailwind
|move|p1a: Raichu|Focus Blast|p2a: Swampert
|-damage|p2a: Swampert|52/100
|-unboost|p2a: Swampert|spd|1
|move|p2b: Grimmsnarl|Spirit Break|p1a: Raichu
|-damage|p1a: Raichu|47/100
|-unboost|p1a: Raichu|spa|1
|
|upkeep
|turn|2
|c|鈽哖erson_McSomeone|even against people my elo
|
|t:|1783061899
|move|p2a: Swampert|Protect|p2a: Swampert
|-singleturn|p2a: Swampert|Protect
|move|p2b: Grimmsnarl|Light Screen|p2b: Grimmsnarl
|-sidestart|p2: VenuDaAscoInRain|move: Light Screen
|move|p1a: Raichu|Volt Switch|p2b: Grimmsnarl
|-crit|p2b: Grimmsnarl
|-damage|p2b: Grimmsnarl|49/100
|c|鈽哣enuDaAscoInRain|spanish?
|inactive|Person_McSomeone has 30 seconds left.
|
|t:|1783061927
|switch|p1a: Incineroar|Incineroar, L50, F|100/100|[from] Volt Switch
|-ability|p1a: Incineroar|Intimidate|boost
|-unboost|p2a: Swampert|atk|1
|-unboost|p2b: Grimmsnarl|atk|1
|move|p1b: Whimsicott|Moonblast|p2a: Swampert
|-activate|p2a: Swampert|move: Protect
|
|upkeep
|turn|3
|c|鈽哖erson_McSomeone|?
|c|鈽哖erson_McSomeone|im not spanish
|c|鈽哣enuDaAscoInRain|noo, if you can speak i wanted to say
|inactive|Person_McSomeone has 30 seconds left.
|
|t:|1783061954
|switch|p2a: Archaludon|Archaludon, L50, M, shiny|100/100
|move|p1a: Incineroar|Fake Out|p2a: Archaludon
|-resisted|p2a: Archaludon|1
|-crit|p2a: Archaludon
|-damage|p2a: Archaludon|93/100
|-ability|p2a: Archaludon|Stamina|boost
|-boost|p2a: Archaludon|def|1
|move|p2b: Grimmsnarl|Parting Shot|p1b: Whimsicott
|-unboost|p1b: Whimsicott|atk|1
|-unboost|p1b: Whimsicott|spa|1
|c|鈽哣enuDaAscoInRain|well doesnt matter
|
|t:|1783061959
|switch|p2b: Pelipper|Pelipper, L50, M, shiny|100/100|[from] Parting Shot
|-weather|RainDance|[from] ability: Drizzle|[of] p2b: Pelipper
|move|p1b: Whimsicott|Moonblast|p2b: Pelipper
|-damage|p2b: Pelipper|72/100
|
|-weather|RainDance|[upkeep]
|-heal|p2a: Archaludon|99/100|[from] item: Leftovers
|upkeep
|turn|4
|c|鈽哖erson_McSomeone|i cant speak, sorry
|
|t:|1783061983
|move|p1b: Whimsicott|Protect|p1b: Whimsicott
|-singleturn|p1b: Whimsicott|Protect
|move|p1a: Incineroar|Parting Shot|p2a: Archaludon
|-unboost|p2a: Archaludon|atk|1
|-unboost|p2a: Archaludon|spa|1
|inactive|Person_McSomeone has 30 seconds left.
|c|鈽哣enuDaAscoInRain|if i you want my point of view i can help you now a little
|
|t:|1783062011
|switch|p1a: Tinkaton|Tinkaton, L50, F|100/100|[from] Parting Shot
|-ability|p1a: Tinkaton|Mold Breaker
|move|p2b: Pelipper|Weather Ball|p1a: Tinkaton
|-damage|p1a: Tinkaton|37/100
|move|p2a: Archaludon|Electro Shot||[still]
|-prepare|p2a: Archaludon|Electro Shot
|-boost|p2a: Archaludon|spa|1
|-anim|p2a: Archaludon|Electro Shot|p1a: Tinkaton
|-damage|p1a: Tinkaton|0 fnt
|faint|p1a: Tinkaton
|
|-weather|RainDance|[upkeep]
|-heal|p2a: Archaludon|100/100|[from] item: Leftovers
|-sideend|p1: Person_McSomeone|move: Tailwind
|upkeep
|c|鈽哖erson_McSomeone|no, i dont rly care abt vgc
|c|鈽哣enuDaAscoInRain|so?
|inactive|Person_McSomeone has 30 seconds left.
|
|t:|1783062036
|switch|p1a: Raichu|Raichu-Mega-Y, L50, F|47/100
|turn|5
|c|鈽哣enuDaAscoInRain|i saw you anoyed about this
|c|鈽哖erson_McSomeone|no need to get help
|
|t:|1783062052
|move|p2a: Archaludon|Protect|p2a: Archaludon
|-singleturn|p2a: Archaludon|Protect
|move|p1b: Whimsicott|Tailwind|p1b: Whimsicott
|-sidestart|p1: Person_McSomeone|move: Tailwind
|move|p1a: Raichu|Focus Blast|p2a: Archaludon
|-activate|p2a: Archaludon|move: Protect
|move|p2b: Pelipper|Weather Ball|p1a: Raichu
|-damage|p1a: Raichu|0 fnt
|faint|p1a: Raichu
|
|-weather|RainDance|[upkeep]
|upkeep
|
|t:|1783062054
|switch|p1a: Incineroar|Incineroar, L50, F|100/100
|-ability|p1a: Incineroar|Intimidate|boost
|-unboost|p2a: Archaludon|atk|1
|-unboost|p2b: Pelipper|atk|1
|turn|6
|
|t:|1783062062
|switch|p2a: Grimmsnarl|Grimmsnarl, L50, M, shiny|49/100
|move|p1a: Incineroar|Fake Out|p2b: Pelipper
|-damage|p2b: Pelipper|54/100
|move|p1b: Whimsicott|Encore|p2a: Grimmsnarl
|-hint|Since gen 7, Dark is immune to Prankster moves.
|-immune|p2a: Grimmsnarl
|cant|p2b: Pelipper|flinch
|
|-weather|RainDance|[upkeep]
|-sideend|p2: VenuDaAscoInRain|move: Light Screen
|upkeep
|turn|7
|inactive|Person_McSomeone has 30 seconds left.
|
|t:|1783062091
|switch|p2b: Archaludon|Archaludon, L50, M, shiny|100/100
|move|p1b: Whimsicott|Protect|p1b: Whimsicott
|-singleturn|p1b: Whimsicott|Protect
|move|p2a: Grimmsnarl|Parting Shot|p1b: Whimsicott
|-activate|p1b: Whimsicott|move: Protect
|move|p1a: Incineroar|Darkest Lariat|p2b: Archaludon
|-damage|p2b: Archaludon|61/100
|-ability|p2b: Archaludon|Stamina|boost
|-boost|p2b: Archaludon|def|1
|
|-weather|none
|-heal|p2b: Archaludon|68/100|[from] item: Leftovers
|upkeep
|turn|8
|
|t:|1783062113
|move|p1b: Whimsicott|Moonblast|p2b: Archaludon
|-damage|p2b: Archaludon|41/100
|-ability|p2b: Archaludon|Stamina|boost
|-boost|p2b: Archaludon|def|1
|move|p1a: Incineroar|Will-O-Wisp|p2a: Grimmsnarl
|-status|p2a: Grimmsnarl|brn
|move|p2b: Archaludon|Flash Cannon|p1b: Whimsicott
|-supereffective|p1b: Whimsicott|1
|-enditem|p1b: Whimsicott|Focus Sash
|-damage|p1b: Whimsicott|1/100
|move|p2a: Grimmsnarl|Spirit Break|p1b: Whimsicott
|-damage|p1b: Whimsicott|0 fnt
|faint|p1b: Whimsicott
|
|-heal|p2b: Archaludon|47/100|[from] item: Leftovers
|-damage|p2a: Grimmsnarl|43/100 brn|[from] brn
|-sideend|p1: Person_McSomeone|move: Tailwind
|upkeep
|turn|9
|
|t:|1783062126
|switch|p2a: Pelipper|Pelipper, L50, M, shiny|54/100
|-weather|RainDance|[from] ability: Drizzle|[of] p2a: Pelipper
|move|p2b: Archaludon|Electro Shot||[still]
|-prepare|p2b: Archaludon|Electro Shot
|-boost|p2b: Archaludon|spa|1
|-anim|p2b: Archaludon|Electro Shot|p1a: Incineroar
|-damage|p1a: Incineroar|51/100
|move|p1a: Incineroar|Darkest Lariat|p2b: Archaludon
|-damage|p2b: Archaludon|9/100
|-ability|p2b: Archaludon|Stamina|boost
|-boost|p2b: Archaludon|def|1
|
|-weather|RainDance|[upkeep]
|-heal|p2b: Archaludon|15/100|[from] item: Leftovers
|upkeep
|turn|10
|
|t:|1783062130
|move|p2a: Pelipper|Weather Ball|p1a: Incineroar
|-supereffective|p1a: Incineroar|1
|-damage|p1a: Incineroar|0 fnt
|faint|p1a: Incineroar
|
|win|VenuDaAscoInRain
|raw|Person_McSomeone's rating: 1004 → 1000(-4 for losing)
|raw|VenuDaAscoInRain's rating: 1042 → 1072(+30 for winning)
