|j|☆teyvgc
|j|☆ironstandseternal
|html|teyvgcironstandseternal    
|uhtml|bestof|Game 1 of a best-of-3
|t:|1757199792
|gametype|doubles
|player|p1|teyvgc|benga|
|player|p2|ironstandseternal|flint|
|gen|9
|tier|[Gen 9] VGC 2025 Reg H (Bo3)
|rule|Species Clause: Limit one of each Pokémon
|rule|Item Clause: Limit 1 of each item
|clearpoke
|poke|p1|Gholdengo, L50|
|poke|p1|Dragonite, L50, F|
|poke|p1|Sneasler, L50, M|
|poke|p1|Incineroar, L50, F|
|poke|p1|Indeedee, L50, M|
|poke|p1|Ninetales-Alola, L50, F|
|poke|p2|Archaludon, L50, F|
|poke|p2|Dragonite, L50, F|
|poke|p2|Pelipper, L50, M|
|poke|p2|Ursaluna, L50, M|
|poke|p2|Sinistcha, L50|
|poke|p2|Gholdengo, L50|
|teampreview|4
|showteam|p1|Gholdengo||LifeOrb|GoodasGold|Protect,MakeItRain,ShadowBall,NastyPlot||||||50|,,,,,Water]Dragonite||LoadedDice|Multiscale|ScaleShot,Tailwind,Haze,Protect|||F|||50|,,,,,Fairy]Sneasler||PsychicSeed|Unburden|Protect,DireClaw,CloseCombat,ThroatChop|||M|||50|,,,,,Dark]Incineroar||SafetyGoggles|Intimidate|KnockOff,PartingShot,FlareBlitz,FakeOut|||F|||50|,,,,,Ghost]Indeedee||ChoiceScarf|PsychicSurge|Protect,Trick,TeraBlast,ExpandingForce|||M|||50|,,,,,Psychic]Ninetales-Alola||FocusSash|SnowWarning|Blizzard,IcyWind,Encore,AuroraVeil|||F|||50|,,,,,Ghost
|showteam|p2|Archaludon||AssaultVest|Stamina|FlashCannon,BodyPress,ElectroShot,Snarl|||F|||50|,,,,,Fighting]Dragonite||LoadedDice|Multiscale|ScaleShot,Tailwind,Haze,Protect|||F|||50|,,,,,Fairy]Pelipper||FocusSash|Drizzle|MuddyWater,Hurricane,Tailwind,Protect|||M|||50|,,,,,Ghost]Ursaluna||FlameOrb|Guts|Facade,HeadlongRush,Earthquake,Protect|||M|||50|,,,,,Ghost]Sinistcha||SitrusBerry|Hospitality|MatchaGotcha,LifeDew,RagePowder,TrickRoom||||||50|,,,,,Dark]Gholdengo||ChoiceScarf|GoodasGold|MakeItRain,ShadowBall,Trick,Protect||||||50|,,,,,Flying
|
|t:|1757199821
|teamsize|p1|4
|teamsize|p2|4
|start
|switch|p1a: Sneasler|Sneasler, L50, M|100/100
|switch|p1b: Indeedee|Indeedee, L50, M|100/100
|switch|p2a: Sinistcha|Sinistcha, L50|100/100
|switch|p2b: Pelipper|Pelipper, L50, M|100/100
|-fieldstart|move: Psychic Terrain|[from] ability: Psychic Surge|[of] p1b: Indeedee
|-enditem|p1a: Sneasler|Psychic Seed
|-boost|p1a: Sneasler|spd|1|[from] item: Psychic Seed
|-weather|RainDance|[from] ability: Drizzle|[of] p2b: Pelipper
|turn|1
|
|t:|1757199852
|-terastallize|p2a: Sinistcha|Dark
|move|p1a: Sneasler|Dire Claw|p2a: Sinistcha
|-damage|p2a: Sinistcha|63/100
|move|p1b: Indeedee|Expanding Force|p2a: Sinistcha|[spread] p2b
|-immune|p2a: Sinistcha
|-enditem|p2b: Pelipper|Focus Sash
|-damage|p2b: Pelipper|1/100
|move|p2b: Pelipper|Muddy Water|p1b: Indeedee|[spread] p1a
|-miss|p2b: Pelipper|p1b: Indeedee
|-damage|p1a: Sneasler|60/100
|move|p2a: Sinistcha|Trick Room|p2a: Sinistcha
|-fieldstart|move: Trick Room|[of] p2a: Sinistcha
|
|-weather|RainDance|[upkeep]
|upkeep
|turn|2
|
|t:|1757199876
|switch|p1b: Ninetales|Ninetales-Alola, L50, F|100/100
|-weather|Snowscape|[from] ability: Snow Warning|[of] p1b: Ninetales
|-terastallize|p1a: Sneasler|Dark
|move|p2a: Sinistcha|Matcha Gotcha|p1a: Sneasler|[spread] p1a,p1b
|-damage|p1a: Sneasler|39/100
|-heal|p2a: Sinistcha|72/100|[from] drain|[of] p1a: Sneasler
|-damage|p1b: Ninetales|70/100
|-heal|p2a: Sinistcha|85/100|[from] drain|[of] p1b: Ninetales
|-status|p1a: Sneasler|brn
|-status|p1b: Ninetales|brn
|move|p2b: Pelipper|Muddy Water|p1a: Sneasler|[spread] p1a,p1b
|-damage|p1a: Sneasler|11/100 brn
|-damage|p1b: Ninetales|32/100 brn
|-unboost|p1a: Sneasler|accuracy|1
|-unboost|p1b: Ninetales|accuracy|1
|move|p1a: Sneasler|Close Combat|p2a: Sinistcha
|-supereffective|p2a: Sinistcha
|-damage|p2a: Sinistcha|26/100
|-unboost|p1a: Sneasler|def|1
|-unboost|p1a: Sneasler|spd|1
|-enditem|p2a: Sinistcha|Sitrus Berry|[eat]
|-heal|p2a: Sinistcha|50/100|[from] item: Sitrus Berry
|
|-weather|Snowscape|[upkeep]
|-damage|p1b: Ninetales|26/100 brn|[from] brn
|-damage|p1a: Sneasler|5/100 brn|[from] brn
|upkeep
|turn|3
|
|t:|1757199916
|switch|p2b: Ursaluna|Ursaluna, L50, M|100/100
|switch|p1a: Incineroar|Incineroar, L50, F|100/100
|-ability|p1a: Incineroar|Intimidate|boost
|-unboost|p2a: Sinistcha|atk|1
|-unboost|p2b: Ursaluna|atk|1
|move|p2a: Sinistcha|Matcha Gotcha|p1b: Ninetales|[spread] p1a,p1b
|-resisted|p1a: Incineroar
|-damage|p1a: Incineroar|93/100
|-heal|p2a: Sinistcha|55/100|[from] drain|[of] p1a: Incineroar
|-damage|p1b: Ninetales|0 fnt
|-heal|p2a: Sinistcha|66/100|[from] drain|[of] p1b: Ninetales
|faint|p1b: Ninetales
|
|-weather|Snowscape|[upkeep]
|-status|p2b: Ursaluna|brn|[from] item: Flame Orb
|upkeep
|
|t:|1757199934
|switch|p1b: Sneasler|Sneasler, L50, M, tera:Dark|5/100 brn
|turn|4
|
|t:|1757199948
|switch|p2a: Pelipper|Pelipper, L50, M|1/100
|-weather|RainDance|[from] ability: Drizzle|[of] p2a: Pelipper
|move|p2b: Ursaluna|Protect|p2b: Ursaluna
|-singleturn|p2b: Ursaluna|Protect
|move|p1b: Sneasler|Protect|p1b: Sneasler
|-singleturn|p1b: Sneasler|Protect
|move|p1a: Incineroar|Flare Blitz|p2a: Pelipper
|-resisted|p2a: Pelipper
|-damage|p2a: Pelipper|0 fnt
|faint|p2a: Pelipper
|-damage|p1a: Incineroar|92/100|[from] Recoil
|
|-weather|RainDance|[upkeep]
|-damage|p2b: Ursaluna|95/100 brn|[from] brn
|-damage|p1b: Sneasler|0 fnt|[from] brn
|faint|p1b: Sneasler
|upkeep
|
|t:|1757199964
|switch|p2a: Archaludon|Archaludon, L50, F|100/100
|switch|p1b: Indeedee|Indeedee, L50, M|100/100
|turn|5
|
|t:|1757199983
|move|p1a: Incineroar|Knock Off|p2b: Ursaluna
|-damage|p2b: Ursaluna|61/100 brn
|-enditem|p2b: Ursaluna|Flame Orb|[from] move: Knock Off|[of] p1a: Incineroar
|move|p2b: Ursaluna|Facade|p1b: Indeedee
|-damage|p1b: Indeedee|0 fnt
|faint|p1b: Indeedee
|move|p2a: Archaludon|Electro Shot||[still]
|-prepare|p2a: Archaludon|Electro Shot
|-boost|p2a: Archaludon|spa|1
|-anim|p2a: Archaludon|Electro Shot|p1a: Incineroar
|-damage|p1a: Incineroar|53/100
|
|-weather|RainDance|[upkeep]
|-damage|p2b: Ursaluna|55/100 brn|[from] brn
|-fieldend|move: Trick Room
|-fieldend|move: Psychic Terrain
|upkeep
|turn|6
|-message|teyvgc forfeited.
|
|win|ironstandseternal
||teyvgc is ready for game 2.
||ironstandseternal is ready for game 2.
|uhtml|next|Next: Game 2 of 3
