|j|â˜†Lukanuevo
|j|â˜†Autin Mago
|html|LukanuevoAutin Mago    
|uhtml|bestof|Game 1 of a best-of-3
|t:|1785715023
|gametype|doubles
|player|p1|Lukanuevo|colress|1181
|player|p2|Autin Mago|arezu|1134
|gen|9
|tier|[Gen 9 Champions] VGC 2026 Reg M-B (Bo3)
|rated|
|rule|Species Clause: Limit one of each PokÃ©mon
|rule|Item Clause: Limit 1 of each item
|clearpoke
|poke|p1|Charizard, L50, F|
|poke|p1|Kingambit, L50, M|
|poke|p1|Sylveon, L50, M|
|poke|p1|Garchomp, L50, F|
|poke|p1|Aerodactyl, L50, F|
|poke|p1|Farigiraf, L50, M|
|poke|p2|Milotic, L50, M|
|poke|p2|Staraptor, L50, F|
|poke|p2|Tyranitar, L50, M|
|poke|p2|Gholdengo, L50|
|poke|p2|Excadrill, L50, M|
|poke|p2|Sinistcha, L50|
|teampreview|4
|showteam|p1|Charizard||CharizarditeY|Blaze|HeatWave,WeatherBall,SolarBeam,Protect|Modest||F|||50|]Kingambit||FocusSash|Defiant|KowtowCleave,IronHead,LowKick,SuckerPunch|Adamant||M|||50|]Sylveon||FairyFeather|Pixilate|HyperVoice,HyperBeam,QuickAttack,Detect|Modest||M|||50|]Garchomp||LifeOrb|RoughSkin|DragonClaw,Earthquake,RockSlide,Protect|Jolly||F|||50|]Aerodactyl||Aerodactylite|Unnerve|DualWingbeat,RockSlide,IceFang,Tailwind|Jolly||F|||50|]Farigiraf||SitrusBerry|ArmorTail|Psychic,Thunderbolt,TrickRoom,Roar|Bold||M|||50|
|showteam|p2|Milotic||SitrusBerry|Competitive|Protect,Haze,Scald,IcyWind|Calm||M|||50|]Staraptor||Staraptite|Intimidate|Protect,BraveBird,CloseCombat,Tailwind|Jolly||F|||50|]Tyranitar||Tyranitarite|SandStream|Protect,KnockOff,RockSlide,LowKick|Jolly||M|||50|]Gholdengo||LifeOrb|GoodasGold|Protect,ShadowBall,NastyPlot,MakeItRain|Modest|||||50|]Excadrill||FocusSash|SandRush|Protect,IronHead,RockSlide,HighHorsepower|Jolly||M|||50|]Sinistcha||ColburBerry|Hospitality|Protect,ShadowBall,RagePowder,MatchaGotcha|Bold|||||50|
|l|â˜†Lukanuevo
|player|p1|
|j|â˜†Lukanuevo
|player|p1|Lukanuevo|colress|
|c|â˜†Autin Mago|Glhf!
|c|â˜†Lukanuevo|Glhf
|
|t:|1785715119
|teamsize|p1|4
|teamsize|p2|4
|start
|switch|p1a: Charizard|Charizard, L50, F|100/100
|switch|p1b: Kingambit|Kingambit, L50, M|100/100
|switch|p2a: Milotic|Milotic, L50, M|100/100
|switch|p2b: Gholdengo|Gholdengo, L50|100/100
|turn|1
|inactive|Battle timer is ON: inactive players will automatically lose when time's up. (requested by Lukanuevo)
|
|t:|1785715170
|switch|p2b: Tyranitar|Tyranitar, L50, M|100/100
|-weather|Sandstorm|[from] ability: Sand Stream|[of] p2b: Tyranitar
|detailschange|p1a: Charizard|Charizard-Mega-Y, L50, F
|-mega|p1a: Charizard|Charizard|Charizardite Y
|-weather|SunnyDay|[from] ability: Drought|[of] p1a: Charizard
|move|p1a: Charizard|Solar Beam||[still]
|-prepare|p1a: Charizard|Solar Beam
|-anim|p1a: Charizard|Solar Beam|p2a: Milotic
|-supereffective|p2a: Milotic|1
|-damage|p2a: Milotic|43/100
|-enditem|p2a: Milotic|Sitrus Berry|[eat]
|-heal|p2a: Milotic|67/100|[from] item: Sitrus Berry
|move|p2a: Milotic|Scald|p1b: Kingambit
|-damage|p1b: Kingambit|84/100
|-status|p1b: Kingambit|brn
|move|p1b: Kingambit|Kowtow Cleave|p2b: Tyranitar
|-resisted|p2b: Tyranitar|1
|-damage|p2b: Tyranitar|90/100
|
|-weather|SunnyDay|[upkeep]
|-damage|p1b: Kingambit|77/100 brn|[from] brn
|upkeep
|turn|2
|inactive|Lukanuevo has 30 seconds left.
|inactive|Autin Mago has 30 seconds left.
|inactive|Lukanuevo has 20 seconds left.
|
|t:|1785715209
|switch|p1a: Farigiraf|Farigiraf, L50, M|100/100
|move|p2b: Tyranitar|Protect|p2b: Tyranitar
|-singleturn|p2b: Tyranitar|Protect
|move|p2a: Milotic|Scald|p1a: Farigiraf
|-damage|p1a: Farigiraf|88/100
|move|p1b: Kingambit|Low Kick|p2b: Tyranitar
|-activate|p2b: Tyranitar|move: Protect
|
|-weather|SunnyDay|[upkeep]
|-damage|p1b: Kingambit|71/100 brn|[from] brn
|upkeep
|turn|3
|
|t:|1785715231
|switch|p1b: Sylveon|Sylveon, L50, M|100/100
|move|p2b: Tyranitar|Low Kick|p1b: Sylveon
|-resisted|p1b: Sylveon|1
|-damage|p1b: Sylveon|91/100
|move|p2a: Milotic|Scald|p1a: Farigiraf
|-damage|p1a: Farigiraf|76/100
|-status|p1a: Farigiraf|brn
|move|p1a: Farigiraf|Thunderbolt|p2a: Milotic
|-supereffective|p2a: Milotic|1
|-damage|p2a: Milotic|38/100
|
|-weather|SunnyDay|[upkeep]
|-damage|p1a: Farigiraf|70/100 brn|[from] brn
|upkeep
|turn|4
|inactive|Lukanuevo has 30 seconds left.
|
|t:|1785715262
|switch|p2b: Gholdengo|Gholdengo, L50|100/100
|move|p2a: Milotic|Scald|p1b: Sylveon
|-damage|p1b: Sylveon|79/100
|move|p1b: Sylveon|Hyper Voice|p2a: Milotic|[spread] p2a,p2b
|-resisted|p2b: Gholdengo|1
|-damage|p2a: Milotic|6/100
|-damage|p2b: Gholdengo|77/100
|move|p1a: Farigiraf|Trick Room|p1a: Farigiraf
|-fieldstart|move: Trick Room|[of] p1a: Farigiraf
|
|-weather|SunnyDay|[upkeep]
|-damage|p1a: Farigiraf|64/100 brn|[from] brn
|upkeep
|turn|5
|inactive|Lukanuevo has 30 seconds left.
|
|t:|1785715296
|switch|p1b: Kingambit|Kingambit, L50, M|71/100 brn
|move|p2a: Milotic|Protect|p2a: Milotic
|-singleturn|p2a: Milotic|Protect
|move|p1a: Farigiraf|Thunderbolt|p2b: Gholdengo
|-damage|p2b: Gholdengo|57/100
|move|p2b: Gholdengo|Nasty Plot|p2b: Gholdengo
|-boost|p2b: Gholdengo|spa|2
|
|-weather|none
|-damage|p1a: Farigiraf|58/100 brn|[from] brn
|-damage|p1b: Kingambit|65/100 brn|[from] brn
|upkeep
|turn|6
|
|t:|1785715320
|switch|p2b: Tyranitar|Tyranitar, L50, M|90/100
|-weather|Sandstorm|[from] ability: Sand Stream|[of] p2b: Tyranitar
|move|p1a: Farigiraf|Thunderbolt|p2a: Milotic
|-supereffective|p2a: Milotic|1
|-damage|p2a: Milotic|0 fnt
|faint|p2a: Milotic
|move|p1b: Kingambit|Kowtow Cleave|p2b: Tyranitar
|-resisted|p2b: Tyranitar|1
|-damage|p2b: Tyranitar|79/100
|
|-weather|Sandstorm|[upkeep]
|-damage|p1a: Farigiraf|52/100 brn|[from] Sandstorm
|-damage|p1a: Farigiraf|46/100 brn|[from] brn
|-damage|p1b: Kingambit|59/100 brn|[from] brn
|upkeep
|-enditem|p1a: Farigiraf|Sitrus Berry|[eat]
|-heal|p1a: Farigiraf|71/100 brn|[from] item: Sitrus Berry
|inactive|Autin Mago has 30 seconds left.
|
|t:|1785715348
|switch|p2a: Gholdengo|Gholdengo, L50|57/100
|turn|7
|inactive|Lukanuevo has 30 seconds left.
|inactive|Lukanuevo has 20 seconds left.
|
|t:|1785715385
|switch|p1a: Sylveon|Sylveon, L50, M|79/100
|move|p1b: Kingambit|Sucker Punch||[still]
|-fail|p1b: Kingambit
|move|p2a: Gholdengo|Nasty Plot|p2a: Gholdengo
|-boost|p2a: Gholdengo|spa|2
|move|p2b: Tyranitar|Low Kick|p1b: Kingambit
|-supereffective|p1b: Kingambit|2
|-damage|p1b: Kingambit|0 fnt
|faint|p1b: Kingambit
|
|-weather|Sandstorm|[upkeep]
|-damage|p1a: Sylveon|73/100|[from] Sandstorm
|upkeep
|
|t:|1785715396
|switch|p1b: Charizard|Charizard-Mega-Y, L50, F|100/100
|-weather|SunnyDay|[from] ability: Drought|[of] p1b: Charizard
|turn|8
|
|t:|1785715409
|switch|p1b: Farigiraf|Farigiraf, L50, M|71/100 brn
|move|p1a: Sylveon|Detect|p1a: Sylveon
|-singleturn|p1a: Sylveon|Protect
|move|p2a: Gholdengo|Protect|p2a: Gholdengo
|-singleturn|p2a: Gholdengo|Protect
|move|p2b: Tyranitar|Protect||[still]
|-fail|p2b: Tyranitar
|
|-weather|SunnyDay|[upkeep]
|-damage|p1b: Farigiraf|65/100 brn|[from] brn
|-fieldend|move: Trick Room
|upkeep
|turn|9
|inactive|Lukanuevo has 30 seconds left.
|
|t:|1785715435
|switch|p1a: Charizard|Charizard-Mega-Y, L50, F|100/100
|move|p2b: Tyranitar|Knock Off|p1b: Farigiraf
|-supereffective|p1b: Farigiraf|1
|-damage|p1b: Farigiraf|14/100 brn
|move|p2a: Gholdengo|Make It Rain|p1a: Charizard|[spread] p1a,p1b
|-resisted|p1a: Charizard|1
|-damage|p1a: Charizard|50/100g
|-damage|p1b: Farigiraf|0 fnt
|-unboost|p2a: Gholdengo|spa|2
|faint|p1b: Farigiraf
|-damage|p2a: Gholdengo|47/100|[from] item: Life Orb
|
|-weather|SunnyDay|[upkeep]
|upkeep
|
|t:|1785715443
|switch|p1b: Sylveon|Sylveon, L50, M|73/100
|turn|10
|inactive|Lukanuevo has 30 seconds left.
|
|t:|1785715470
|move|p2b: Tyranitar|Protect|p2b: Tyranitar
|-singleturn|p2b: Tyranitar|Protect
|move|p2a: Gholdengo|Protect|p2a: Gholdengo
|-singleturn|p2a: Gholdengo|Protect
|move|p1a: Charizard|Heat Wave|p2b: Tyranitar|[spread] 
|-activate|p2a: Gholdengo|move: Protect
|-activate|p2b: Tyranitar|move: Protect
|move|p1b: Sylveon|Hyper Voice|p2a: Gholdengo|[spread] 
|-activate|p2a: Gholdengo|move: Protect
|-activate|p2b: Tyranitar|move: Protect
|
|-weather|SunnyDay|[upkeep]
|upkeep
|turn|11
|inactive|Autin Mago has 30 seconds left.
|inactive|Lukanuevo has 30 seconds left.
|inactive|Lukanuevo has 20 seconds left.
|inactive|Lukanuevo has 15 seconds left.
|inactive|Autin Mago has 20 seconds left.
|inactive|Autin Mago has 15 seconds left.
|
|t:|1785715526
|detailschange|p2b: Tyranitar|Tyranitar-Mega, L50, M
|-mega|p2b: Tyranitar|Tyranitar|Tyranitarite
|-weather|Sandstorm|[from] ability: Sand Stream|[of] p2b: Tyranitar
|move|p2a: Gholdengo|Protect||[still]
|-fail|p2a: Gholdengo
|move|p2b: Tyranitar|Rock Slide|p1b: Sylveon|[spread] p1a,p1b
|-supereffective|p1a: Charizard|2
|-damage|p1a: Charizard|0 fnt
|-damage|p1b: Sylveon|36/100
|faint|p1a: Charizard
|move|p1b: Sylveon|Hyper Voice|p2b: Tyranitar|[spread] p2a,p2b
|-resisted|p2a: Gholdengo|1
|-supereffective|p2b: Tyranitar|1
|-damage|p2a: Gholdengo|25/100
|-damage|p2b: Tyranitar|29/100
|
|-weather|Sandstorm|[upkeep]
|-damage|p1b: Sylveon|29/100|[from] Sandstorm
|upkeep
|turn|12
|
|t:|1785715542
|move|p2b: Tyranitar|Knock Off|p1b: Sylveon
|-resisted|p1b: Sylveon|1
|-damage|p1b: Sylveon|0 fnt
|-enditem|p1b: Sylveon|Fairy Feather|[from] move: Knock Off|[of] p2b: Tyranitar
|faint|p1b: Sylveon
|
|win|Autin Mago
|c|â˜†Autin Mago|Gg wp
||Autin Mago is ready for game 2.
||Lukanuevo is ready for game 2.
|uhtml|next|Next: Game 2 of 3
