|j|☆carmelotb
|j|☆flabbergasto
|html|carmelotbflabbergasto    
|uhtml|bestof|Game 1 of a best-of-3
|t:|1785404393
|gametype|doubles
|player|p1|carmelotb|pilot|1092
|player|p2|flabbergasto|1|1000
|gen|9
|tier|[Gen 9 Champions] VGC 2026 Reg M-B (Bo3)
|rated|
|rule|Species Clause: Limit one of each Pokémon
|rule|Item Clause: Limit 1 of each item
|clearpoke
|poke|p1|Staraptor, L50, F|
|poke|p1|Tyranitar, L50, M|
|poke|p1|Venusaur, L50, F|
|poke|p1|Milotic, L50, M|
|poke|p1|Excadrill, L50, F|
|poke|p1|Sinistcha-Masterpiece, L50|
|poke|p2|Tyranitar, L50, F|
|poke|p2|Incineroar, L50, F|
|poke|p2|Sinistcha, L50|
|poke|p2|Staraptor, L50, M|
|poke|p2|Gholdengo, L50|
|poke|p2|Milotic, L50, M|
|teampreview|4
|showteam|p1|Staraptor||Staraptite|Intimidate|Tailwind,CloseCombat,BraveBird,Protect|Jolly||F|||50|]Tyranitar||ChoiceScarf|SandStream|RockSlide,HighHorsepower,KnockOff,IcePunch|Jolly||M|||50|]Venusaur||Venusaurite|Chlorophyll|EarthPower,GigaDrain,SludgeBomb,Protect|Modest||F|||50|]Milotic||Leftovers|Competitive|Scald,IcyWind,Protect,Recover|Calm||M|||50|]Excadrill||FocusSash|SandRush|Earthquake,RockSlide,IronHead,Protect|Adamant||F|||50|]Sinistcha-Masterpiece||SitrusBerry|Hospitality|MatchaGotcha,RagePowder,LifeDew,TrickRoom|Bold|||||50|
|showteam|p2|Tyranitar||Tyranitarite|SandStream|HighHorsepower,RockSlide,KnockOff,Protect|Jolly||F|||50|]Incineroar||SitrusBerry|Intimidate|FakeOut,PartingShot,ThroatChop,FlareBlitz|Careful||F|||50|]Sinistcha||KasibBerry|Hospitality|TrickRoom,MatchaGotcha,LifeDew,RagePowder|Bold|||||50|]Staraptor||Staraptite|Intimidate|CloseCombat,Protect,Tailwind,BraveBird|Jolly||M|||50|]Gholdengo||LifeOrb|GoodasGold|MakeItRain,Protect,NastyPlot,ShadowBall|Modest|||||50|]Milotic||Leftovers|Competitive|Protect,Scald,Haze,IcyWind|Bold||M|||50|
|inactive|Battle timer is ON: inactive players will automatically lose when time's up. (requested by carmelotb)
|inactive|flabbergasto has 60 seconds left.
|
|t:|1785404476
|teamsize|p1|4
|teamsize|p2|4
|start
|switch|p1a: Staraptor|Staraptor, L50, F|100/100
|switch|p1b: Venusaur|Venusaur, L50, F|100/100
|switch|p2a: Staraptor|Staraptor, L50, M|100/100
|switch|p2b: Gholdengo|Gholdengo, L50|100/100
|-ability|p2a: Staraptor|Intimidate|boost
|-unboost|p1a: Staraptor|atk|1
|-unboost|p1b: Venusaur|atk|1
|-ability|p1a: Staraptor|Intimidate|boost
|-unboost|p2a: Staraptor|atk|1
|-unboost|p2b: Gholdengo|atk|1
|turn|1
|inactive|flabbergasto has 30 seconds left.
|
|t:|1785404503
|switch|p2a: Incineroar|Incineroar, L50, F|100/100
|-ability|p2a: Incineroar|Intimidate|boost
|-unboost|p1a: Staraptor|atk|1
|-unboost|p1b: Venusaur|atk|1
|detailschange|p1b: Venusaur|Venusaur-Mega, L50, F
|-mega|p1b: Venusaur|Venusaur|Venusaurite
|move|p1a: Staraptor|Tailwind|p1a: Staraptor
|-sidestart|p1: carmelotb|move: Tailwind
|move|p1b: Venusaur|Earth Power|p2b: Gholdengo
|-supereffective|p2b: Gholdengo|1
|-damage|p2b: Gholdengo|40/100
|move|p2b: Gholdengo|Nasty Plot|p2b: Gholdengo
|-boost|p2b: Gholdengo|spa|2
|
|upkeep
|turn|2
|inactive|carmelotb has 30 seconds left.
|inactive|flabbergasto has 30 seconds left.
|inactive|carmelotb has 20 seconds left.
|inactive|flabbergasto has 20 seconds left.
|inactive|carmelotb has 15 seconds left.
|inactive|flabbergasto has 15 seconds left.
|
|t:|1785404547
|move|p1b: Venusaur|Protect|p1b: Venusaur
|-singleturn|p1b: Venusaur|Protect
|move|p2a: Incineroar|Fake Out|p1b: Venusaur
|-activate|p1b: Venusaur|move: Protect
|move|p1a: Staraptor|Close Combat|p2a: Incineroar
|-supereffective|p2a: Incineroar|1
|-crit|p2a: Incineroar
|-damage|p2a: Incineroar|13/100
|-unboost|p1a: Staraptor|def|1
|-unboost|p1a: Staraptor|spd|1
|-enditem|p2a: Incineroar|Sitrus Berry|[eat]
|-heal|p2a: Incineroar|38/100|[from] item: Sitrus Berry
|move|p2b: Gholdengo|Make It Rain|p1a: Staraptor|[spread] p1a
|-activate|p1b: Venusaur|move: Protect
|-damage|p1a: Staraptor|0 fnt
|-unboost|p2b: Gholdengo|spa|2
|faint|p1a: Staraptor
|-damage|p2b: Gholdengo|31/100|[from] item: Life Orb
|
|upkeep
|
|t:|1785404552
|switch|p1a: Tyranitar|Tyranitar, L50, M|100/100
|-weather|Sandstorm|[from] ability: Sand Stream|[of] p1a: Tyranitar
|turn|3
|
|t:|1785404568
|switch|p2b: Staraptor|Staraptor, L50, M|100/100
|-ability|p2b: Staraptor|Intimidate|boost
|-unboost|p1a: Tyranitar|atk|1
|-unboost|p1b: Venusaur|atk|1
|move|p1a: Tyranitar|Rock Slide|p2a: Incineroar|[spread] p2a,p2b
|-supereffective|p2a: Incineroar|1
|-supereffective|p2b: Staraptor|1
|-damage|p2a: Incineroar|2/100
|-damage|p2b: Staraptor|39/100
|move|p1b: Venusaur|Earth Power|p2b: Staraptor
|-immune|p2b: Staraptor
|cant|p2a: Incineroar|flinch
|
|-weather|Sandstorm|[upkeep]
|-damage|p1b: Venusaur|94/100|[from] Sandstorm
|-damage|p2b: Staraptor|32/100|[from] Sandstorm
|-damage|p2a: Incineroar|0 fnt|[from] Sandstorm
|faint|p2a: Incineroar
|upkeep
|inactive|flabbergasto has 30 seconds left.
|inactive|flabbergasto has 20 seconds left.
|inactive|flabbergasto has 15 seconds left.
|inactive|flabbergasto has 10 seconds left.
|
|t:|1785404617
|switch|p2a: Gholdengo|Gholdengo, L50|31/100
|turn|4
|inactive|carmelotb has 30 seconds left.
|inactive|carmelotb has 20 seconds left.
|inactive|carmelotb has 15 seconds left.
|inactive|carmelotb has 10 seconds left.
|inactive|carmelotb has 5 seconds left.
|
|t:|1785404672
|switch|p2b: snek|Milotic, L50, M|100/100
|move|p2a: Gholdengo|Protect|p2a: Gholdengo
|-singleturn|p2a: Gholdengo|Protect
|move|p1a: Tyranitar|Rock Slide|p2b: snek|[spread] 
|-activate|p2a: Gholdengo|move: Protect
|-miss|p1a: Tyranitar|p2b: snek
|move|p1b: Venusaur|Earth Power|p2a: Gholdengo
|-activate|p2a: Gholdengo|move: Protect
|
|-weather|Sandstorm|[upkeep]
|-damage|p1b: Venusaur|88/100|[from] Sandstorm
|-damage|p2b: snek|94/100|[from] Sandstorm
|-heal|p2b: snek|100/100|[from] item: Leftovers
|-sideend|p1: carmelotb|move: Tailwind
|upkeep
|turn|5
|inactive|carmelotb has 30 seconds left.
|inactive|flabbergasto has 30 seconds left.
|inactive|carmelotb has 20 seconds left.
|inactive|flabbergasto has 20 seconds left.
|inactive|carmelotb has 15 seconds left.
|inactive|carmelotb has 10 seconds left.
|inactive|carmelotb has 5 seconds left.
|
|t:|1785404727
|switch|p2a: Staraptor|Staraptor, L50, M|32/100
|-ability|p2a: Staraptor|Intimidate|boost
|-unboost|p1a: Tyranitar|atk|1
|-unboost|p1b: Venusaur|atk|1
|move|p1a: Tyranitar|Rock Slide|p2a: Staraptor|[spread] p2a,p2b
|-supereffective|p2a: Staraptor|1
|-damage|p2a: Staraptor|0 fnt
|-damage|p2b: snek|86/100
|faint|p2a: Staraptor
|move|p1b: Venusaur|Earth Power|p2b: snek
|-damage|p2b: snek|66/100
|cant|p2b: snek|flinch
|
|-weather|Sandstorm|[upkeep]
|-damage|p1b: Venusaur|82/100|[from] Sandstorm
|-damage|p2b: snek|60/100|[from] Sandstorm
|-heal|p2b: snek|66/100|[from] item: Leftovers
|upkeep
|
|t:|1785404744
|switch|p2a: Gholdengo|Gholdengo, L50|31/100
|turn|6
|inactive|carmelotb has 30 seconds left.
|inactive|flabbergasto has 30 seconds left.
|inactive|carmelotb has 20 seconds left.
|inactive|carmelotb has 15 seconds left.
|inactive|carmelotb has 10 seconds left.
|inactive|carmelotb has 5 seconds left.
|
|t:|1785404799
|move|p2a: Gholdengo|Protect|p2a: Gholdengo
|-singleturn|p2a: Gholdengo|Protect
|move|p1a: Tyranitar|Rock Slide|p2a: Gholdengo|[spread] p2b
|-activate|p2a: Gholdengo|move: Protect
|-damage|p2b: snek|52/100
|move|p1b: Venusaur|Earth Power|p2a: Gholdengo
|-activate|p2a: Gholdengo|move: Protect
|move|p2b: snek|Icy Wind|p1b: Venusaur|[spread] p1a,p1b
|-supereffective|p1b: Venusaur|1
|-damage|p1a: Tyranitar|93/100
|-damage|p1b: Venusaur|73/100
|-unboost|p1a: Tyranitar|spe|1
|-unboost|p1b: Venusaur|spe|1
|
|-weather|Sandstorm|[upkeep]
|-damage|p2b: snek|46/100|[from] Sandstorm
|-damage|p1b: Venusaur|67/100|[from] Sandstorm
|-heal|p2b: snek|52/100|[from] item: Leftovers
|upkeep
|turn|7
|inactive|carmelotb has 30 seconds left.
|inactive|flabbergasto has 30 seconds left.
|inactive|carmelotb has 20 seconds left.
|inactive|flabbergasto has 20 seconds left.
|inactive|carmelotb has 15 seconds left.
|j| tedidn
|inactive|carmelotb has 10 seconds left.
|inactive|carmelotb has 5 seconds left.
|
|t:|1785404854
|move|p1a: Tyranitar|Rock Slide|p2a: Gholdengo|[spread] p2a,p2b
|-resisted|p2a: Gholdengo|1
|-damage|p2a: Gholdengo|24/100
|-damage|p2b: snek|40/100
|move|p2a: Gholdengo|Nasty Plot|p2a: Gholdengo
|-boost|p2a: Gholdengo|spa|2
|move|p2b: snek|Icy Wind|p1a: Tyranitar|[spread] p1a,p1b
|-supereffective|p1b: Venusaur|1
|-damage|p1a: Tyranitar|87/100
|-damage|p1b: Venusaur|58/100
|-unboost|p1a: Tyranitar|spe|1
|-unboost|p1b: Venusaur|spe|1
|move|p1b: Venusaur|Earth Power|p2a: Gholdengo
|-supereffective|p2a: Gholdengo|1
|-damage|p2a: Gholdengo|0 fnt
|faint|p2a: Gholdengo
|
|-weather|none
|-heal|p2b: snek|46/100|[from] item: Leftovers
|upkeep
|turn|8
|-message|flabbergasto forfeited.
|
|win|carmelotb
