|j|☆xakxa01
|j|☆losandy
|html|xakxa01losandy    
|uhtml|bestof|Game 2 of a best-of-3
|t:|1782670564
|gametype|doubles
|player|p1|xakxa01|rocketgrunt|
|player|p2|losandy|acetrainer-gen4dp|
|gen|9
|tier|[Gen 9 Champions] VGC 2026 Reg M-B (Bo3)
|rule|Species Clause: Limit one of each Pokémon
|rule|Item Clause: Limit 1 of each item
|clearpoke
|poke|p1|Swampert, L50, F|
|poke|p1|Mawile, L50, F|
|poke|p1|Archaludon, L50, F|
|poke|p1|Pelipper, L50, F|
|poke|p1|Sinistcha, L50|
|poke|p1|Sableye, L50, M|
|poke|p2|Sneasler, L50, M|
|poke|p2|Lycanroc-Dusk, L50, F|
|poke|p2|Pelipper, L50, F|
|poke|p2|Basculegion, L50, M|
|poke|p2|Archaludon, L50, F|
|poke|p2|Raichu, L50, M|
|teampreview|4
|showteam|p1|Swampert||Swampertite|Torrent|WaveCrash,HighHorsepower,IcePunch,Protect|Adamant||F|||50|]Mawile||Mawilite|HyperCutter|PlayRough,BrickBreak,SuckerPunch,Protect|Adamant||F|||50|]Archaludon||Leftovers|Stamina|ElectroShot,DragonPulse,FlashCannon,Protect|Modest||F|||50|]Pelipper||FocusSash|Drizzle|WeatherBall,Hurricane,Tailwind,Protect|Modest||F|||50|]Sinistcha||KasibBerry|Hospitality|MatchaGotcha,RagePowder,TrickRoom,Protect|Bold|||||50|]Sableye||LightClay|Prankster|Reflect,LightScreen,RainDance,Encore|Calm||M|||50|
|showteam|p2|Sneasler||WhiteHerb|Unburden|CloseCombat,FakeOut,DireClaw,Protect|Adamant||M|||50|]Lycanroc-Dusk||FocusSash|ToughClaws|Accelerock,RockSlide,PsychicFangs,Protect|Adamant||F|||50|]Pelipper||SitrusBerry|Drizzle|WeatherBall,Hurricane,IcyWind,WideGuard|Modest||F|||50|]Basculegion||ChoiceScarf|SwiftSwim|WaveCrash,FlipTurn,AquaJet,LastRespects|Jolly||M|||50|]Archaludon||Leftovers|Stamina|ElectroShot,AuraSphere,DragonPulse,Protect|Modest||F|||50|]Raichu||RaichuniteY|LightningRod|ZapCannon,FocusBlast,Protect,FakeOut|Timid||M|||50|
|inactive|Battle timer is ON: inactive players will automatically lose when time's up. (requested by xakxa01)
|inactive|losandy has 60 seconds left.
|inactive|xakxa01 has 60 seconds left.
|
|t:|1782670616
|teamsize|p1|4
|teamsize|p2|4
|start
|switch|p1a: Lagron JR|Swampert, L50, F|100/100
|switch|p1b: Sableye|Sableye, L50, M|100/100
|switch|p2a: Pelipper|Pelipper, L50, F|100/100
|switch|p2b: Raichu|Raichu, L50, M|100/100
|-weather|RainDance|[from] ability: Drizzle|[of] p2a: Pelipper
|turn|1
|inactive|losandy has 30 seconds left.
|inactive|losandy has 20 seconds left.
|inactive|losandy has 15 seconds left.
|
|t:|1782670660
|detailschange|p2b: Raichu|Raichu-Mega-Y, L50, M
|-mega|p2b: Raichu|Raichu|Raichunite Y
|detailschange|p1a: Lagron JR|Swampert-Mega, L50, F
|-mega|p1a: Lagron JR|Swampert|Swampertite
|move|p1a: Lagron JR|Protect|p1a: Lagron JR
|-singleturn|p1a: Lagron JR|Protect
|move|p2b: Raichu|Fake Out|p1a: Lagron JR
|-activate|p1a: Lagron JR|move: Protect
|move|p1b: Sableye|Light Screen|p1b: Sableye
|-sidestart|p1: xakxa01|move: Light Screen
|move|p2a: Pelipper|Hurricane|p1a: Lagron JR
|-activate|p1a: Lagron JR|move: Protect
|
|-weather|RainDance|[upkeep]
|upkeep
|turn|2
|inactive|xakxa01 has 30 seconds left.
|inactive|losandy has 30 seconds left.
|inactive|losandy has 20 seconds left.
|
|t:|1782670697
|move|p2b: Raichu|Protect|p2b: Raichu
|-singleturn|p2b: Raichu|Protect
|move|p1b: Sableye|Encore|p2b: Raichu
|-activate|p2b: Raichu|move: Protect
|move|p1a: Lagron JR|High Horsepower|p2b: Raichu
|-activate|p2b: Raichu|move: Protect
|move|p2a: Pelipper|Hurricane|p1a: Lagron JR
|-damage|p1a: Lagron JR|73/100
|
|-weather|RainDance|[upkeep]
|upkeep
|turn|3
|inactive|losandy has 30 seconds left.
|
|t:|1782670725
|switch|p2b: Archaludon|Archaludon, L50, F|100/100
|move|p1b: Sableye|Reflect|p1b: Sableye
|-sidestart|p1: xakxa01|Reflect
|move|p1a: Lagron JR|High Horsepower|p2b: Archaludon
|-supereffective|p2b: Archaludon|1
|-damage|p2b: Archaludon|17/100
|-ability|p2b: Archaludon|Stamina|boost
|-boost|p2b: Archaludon|def|1
|move|p2a: Pelipper|Hurricane|p1a: Lagron JR
|-damage|p1a: Lagron JR|47/100
|
|-weather|RainDance|[upkeep]
|-heal|p2b: Archaludon|23/100|[from] item: Leftovers
|upkeep
|turn|4
|inactive|losandy has 30 seconds left.
|inactive|losandy has 20 seconds left.
|inactive|losandy has 15 seconds left.
|
|t:|1782670766
|switch|p1b: Wendy's Tea|Sinistcha, L50|100/100
|-heal|p1a: Lagron JR|72/100|[from] ability: Hospitality|[of] p1b: Wendy's Tea
|move|p1a: Lagron JR|High Horsepower|p2b: Archaludon
|-supereffective|p2b: Archaludon|1
|-damage|p2b: Archaludon|0 fnt
|faint|p2b: Archaludon
|move|p2a: Pelipper|Hurricane|p1a: Lagron JR
|-damage|p1a: Lagron JR|43/100
|
|-weather|RainDance|[upkeep]
|upkeep
|
|t:|1782670780
|switch|p2b: Sneasler|Sneasler, L50, M|100/100
|turn|5
|
|t:|1782670803
|switch|p1b: Sableye|Sableye, L50, M|100/100
|move|p1a: Lagron JR|Protect|p1a: Lagron JR
|-singleturn|p1a: Lagron JR|Protect
|move|p2b: Sneasler|Fake Out|p1a: Lagron JR
|-activate|p1a: Lagron JR|move: Protect
|move|p2a: Pelipper|Hurricane|p1b: Sableye
|-damage|p1b: Sableye|68/100
|
|-weather|none
|upkeep
|turn|6
|inactive|losandy has 30 seconds left.
|inactive|xakxa01 has 30 seconds left.
|inactive|losandy has 20 seconds left.
|inactive|losandy has 15 seconds left.
|
|t:|1782670846
|switch|p1a: Wendy's Tea|Sinistcha, L50|100/100
|-heal|p1b: Sableye|93/100|[from] ability: Hospitality|[of] p1a: Wendy's Tea
|switch|p2a: Raichu|Raichu-Mega-Y, L50, M|100/100
|move|p2b: Sneasler|Protect|p2b: Sneasler
|-singleturn|p2b: Sneasler|Protect
|move|p1b: Sableye|Encore|p2b: Sneasler
|-activate|p2b: Sneasler|move: Protect
|
|upkeep
|turn|7
|
|t:|1782670870
|switch|p2b: Pelipper|Pelipper, L50, F|100/100
|-weather|RainDance|[from] ability: Drizzle|[of] p2b: Pelipper
|move|p1b: Sableye|Encore||[still]
|-fail|p1b: Sableye
|move|p2a: Raichu|Zap Cannon|p1b: Sableye
|-damage|p1b: Sableye|34/100
|-status|p1b: Sableye|par
|move|p1a: Wendy's Tea|Matcha Gotcha|p2b: Pelipper|[spread] p2a,p2b
|-damage|p2a: Raichu|62/100
|-damage|p2b: Pelipper|73/100
|
|-weather|RainDance|[upkeep]
|upkeep
|turn|8
|inactive|xakxa01 has 30 seconds left.
|inactive|losandy has 30 seconds left.
|inactive|losandy has 20 seconds left.
|
|t:|1782670906
|switch|p1b: Lagron JR|Swampert-Mega, L50, F|43/100
|move|p1a: Wendy's Tea|Rage Powder|p1a: Wendy's Tea
|-singleturn|p1a: Wendy's Tea|move: Rage Powder
|move|p2a: Raichu|Zap Cannon|p1a: Wendy's Tea
|-resisted|p1a: Wendy's Tea|1
|-damage|p1a: Wendy's Tea|76/100
|-status|p1a: Wendy's Tea|par
|move|p2b: Pelipper|Hurricane|p1a: Wendy's Tea
|-supereffective|p1a: Wendy's Tea|1
|-damage|p1a: Wendy's Tea|19/100 par
|
|-weather|RainDance|[upkeep]
|-sideend|p1: xakxa01|move: Light Screen
|upkeep
|turn|9
|inactive|xakxa01 has 30 seconds left.
|inactive|losandy has 30 seconds left.
|inactive|xakxa01 has 20 seconds left.
|inactive|losandy has 20 seconds left.
|inactive|xakxa01 has 15 seconds left.
|
|t:|1782670946
|move|p2a: Raichu|Protect|p2a: Raichu
|-singleturn|p2a: Raichu|Protect
|move|p1a: Wendy's Tea|Rage Powder|p1a: Wendy's Tea
|-singleturn|p1a: Wendy's Tea|move: Rage Powder
|move|p1b: Lagron JR|High Horsepower|p2a: Raichu
|-activate|p2a: Raichu|move: Protect
|move|p2b: Pelipper|Icy Wind|p1b: Lagron JR|[spread] p1a,p1b
|-supereffective|p1a: Wendy's Tea|1
|-damage|p1a: Wendy's Tea|0 fnt
|-damage|p1b: Lagron JR|33/100
|-unboost|p1b: Lagron JR|spe|1
|faint|p1a: Wendy's Tea
|
|-weather|RainDance|[upkeep]
|upkeep
|
|t:|1782670953
|switch|p1a: Sableye|Sableye, L50, M|34/100 par
|turn|10
|inactive|losandy has 30 seconds left.
|inactive|xakxa01 has 30 seconds left.
|
|t:|1782670993
|move|p1a: Sableye|Encore|p2a: Raichu
|-start|p2a: Raichu|Encore
|move|p2a: Raichu|Protect||[still]
|-fail|p2a: Raichu
|move|p1b: Lagron JR|High Horsepower|p2a: Raichu
|-supereffective|p2a: Raichu|1
|-damage|p2a: Raichu|0 fnt
|faint|p2a: Raichu
|move|p2b: Pelipper|Hurricane|p1a: Sableye
|-crit|p1a: Sableye
|-damage|p1a: Sableye|0 fnt
|faint|p1a: Sableye
|
|-weather|RainDance|[upkeep]
|-sideend|p1: xakxa01|Reflect
|upkeep
|inactive|losandy has 30 seconds left.
|inactive|losandy has 20 seconds left.
|
|t:|1782671029
|switch|p2a: Sneasler|Sneasler, L50, M|100/100
|switch|p1a: Pelipper|Pelipper, L50, F|100/100
|turn|11
|inactive|losandy has 30 seconds left.
|
|t:|1782671064
|move|p2a: Sneasler|Protect|p2a: Sneasler
|-singleturn|p2a: Sneasler|Protect
|move|p1b: Lagron JR|Protect|p1b: Lagron JR
|-singleturn|p1b: Lagron JR|Protect
|move|p1a: Pelipper|Protect|p1a: Pelipper
|-singleturn|p1a: Pelipper|Protect
|move|p2b: Pelipper|Icy Wind|p1a: Pelipper|[spread] 
|-activate|p1a: Pelipper|move: Protect
|-activate|p1b: Lagron JR|move: Protect
|
|-weather|none
|upkeep
|turn|12
|inactive|losandy has 25 seconds left this turn.
|inactive|losandy has 20 seconds left.
|inactive|losandy has 15 seconds left.
|inactive|losandy has 10 seconds left.
|
|t:|1782671082
|move|p2a: Sneasler|Close Combat|p1b: Lagron JR
|-damage|p1b: Lagron JR|0 fnt
|-unboost|p2a: Sneasler|def|1
|-unboost|p2a: Sneasler|spd|1
|faint|p1b: Lagron JR
|-enditem|p2a: Sneasler|White Herb
|-clearnegativeboost|p2a: Sneasler|[silent]
|move|p1a: Pelipper|Hurricane|p2b: Pelipper
|-damage|p2b: Pelipper|15/100
|-enditem|p2b: Pelipper|Sitrus Berry|[eat]
|-heal|p2b: Pelipper|40/100|[from] item: Sitrus Berry
|move|p2b: Pelipper|Hurricane|p1a: Pelipper
|-damage|p1a: Pelipper|25/100
|
|upkeep
|turn|13
|inactive|losandy has 10 seconds left this turn.
|inactive|losandy has 5 seconds left.
|
|t:|1782671093
|move|p2a: Sneasler|Dire Claw|p1a: Pelipper
|-damage|p1a: Pelipper|0 fnt
|faint|p1a: Pelipper
|
|win|losandy
|c|☆xakxa01|gg
