|j|☆RegiSIXSEVEN
|j|☆Bazilvts
|html|RegiSIXSEVENBazilvts    
|uhtml|bestof|Game 1 of a best-of-3
|t:|1782313263
|gametype|doubles
|player|p1|RegiSIXSEVEN|steven|1040
|player|p2|Bazilvts|170|1106
|gen|9
|tier|[Gen 9 Champions] VGC 2026 Reg M-B (Bo3)
|rated|
|rule|Species Clause: Limit one of each Pokémon
|rule|Item Clause: Limit 1 of each item
|clearpoke
|poke|p1|Barbaracle, L50, F, shiny|
|poke|p1|Kingambit, L50, F, shiny|
|poke|p1|Aerodactyl, L50, M, shiny|
|poke|p1|Garchomp, L50, M, shiny|
|poke|p1|Rotom-Wash, L50, shiny|
|poke|p1|Scrafty, L50, F, shiny|
|poke|p2|Gengar, L50, M|
|poke|p2|Incineroar, L50, M|
|poke|p2|Sinistcha, L50|
|poke|p2|Kingambit, L50, M|
|poke|p2|Politoed, L50, M|
|poke|p2|Kommo-o, L50, F|
|teampreview|4
|showteam|p1|Barbaracle||Barbaracite|ToughClaws|RockSlide,CloseCombat,Liquidation,Protect|Adamant||F|||50|]Kingambit||ChopleBerry|Defiant|SuckerPunch,KowtowCleave,IronHead,Protect|Adamant||F|||50|]Aerodactyl||FocusSash|Unnerve|RockSlide,DualWingbeat,Tailwind,Protect|Jolly||M|||50|]Garchomp||LifeOrb|RoughSkin|DragonClaw,StompingTantrum,RockTomb,Protect|Jolly||M|||50|]Rotom-Wash||Leftovers|Levitate|HydroPump,Thunderbolt,LightScreen,WillOWisp|Calm|||||50|]Scrafty||Scraftinite|Intimidate|DrainPunch,KnockOff,BulkUp,Protect|Adamant||F|||50|
|showteam|p2|Gengar||Gengarite|CursedBody|PerishSong,Disable,SludgeBomb,Protect|Timid||M|||50|]Incineroar||SitrusBerry|Intimidate|FlareBlitz,PartingShot,FakeOut,Protect|Careful||M|||50|]Sinistcha||KasibBerry|Hospitality|MatchaGotcha,LifeDew,RagePowder,Protect|Calm|||||50|]Kingambit||ChopleBerry|Defiant|KowtowCleave,LowKick,Protect,SuckerPunch|Adamant||M|||50|]Politoed||Leftovers|Drizzle|PerishSong,Encore,MuddyWater,Protect|Calm||M|||50|]Kommo-o||DragonFang|Soundproof|ClangorousSoul,ClangingScales,AuraSphere,Protect|Modest||F|||50|
|inactive|Battle timer is ON: inactive players will automatically lose when time's up. (requested by RegiSIXSEVEN)
|inactive|RegiSIXSEVEN has 60 seconds left.
|
|t:|1782313309
|teamsize|p1|4
|teamsize|p2|4
|start
|switch|p1a: Kingambit|Kingambit, L50, F, shiny|100/100
|switch|p1b: Barbaracle|Barbaracle, L50, F, shiny|100/100
|switch|p2a: Kommo-o|Kommo-o, L50, F|100/100
|switch|p2b: Politoed|Politoed, L50, M|100/100
|-weather|RainDance|[from] ability: Drizzle|[of] p2b: Politoed
|turn|1
|
|t:|1782313325
|switch|p1a: Aerodactyl|Aerodactyl, L50, M, shiny|100/100
|-ability|p1a: Aerodactyl|Unnerve
|detailschange|p1b: Barbaracle|Barbaracle-Mega, L50, F, shiny
|-mega|p1b: Barbaracle|Barbaracle|Barbaracite
|move|p1b: Barbaracle|Close Combat|p2a: Kommo-o
|-damage|p2a: Kommo-o|1/100
|-unboost|p1b: Barbaracle|def|1
|-unboost|p1b: Barbaracle|spd|1
|move|p2a: Kommo-o|Aura Sphere|p1a: Aerodactyl
|-damage|p1a: Aerodactyl|46/100
|move|p2b: Politoed|Perish Song|p2b: Politoed
|-start|p1a: Aerodactyl|perish3|[silent]
|-start|p1b: Barbaracle|perish3|[silent]
|-immune|p2a: Kommo-o|[from] ability: Soundproof
|-start|p2b: Politoed|perish3|[silent]
|-fieldactivate|move: Perish Song
|
|-weather|RainDance|[upkeep]
|-start|p1a: Aerodactyl|perish3
|-start|p1b: Barbaracle|perish3
|-start|p2b: Politoed|perish3
|upkeep
|turn|2
|
|t:|1782313345
|switch|p2a: Incineroar|Incineroar, L50, M|100/100
|-ability|p2a: Incineroar|Intimidate|boost
|-unboost|p1a: Aerodactyl|atk|1
|-unboost|p1b: Barbaracle|atk|1
|move|p1a: Aerodactyl|Rock Slide|p2b: Politoed|[spread] p2a,p2b
|-supereffective|p2a: Incineroar|1
|-damage|p2a: Incineroar|70/100
|-damage|p2b: Politoed|84/100
|move|p1b: Barbaracle|Close Combat|p2b: Politoed
|-damage|p2b: Politoed|31/100
|-unboost|p1b: Barbaracle|def|1
|-unboost|p1b: Barbaracle|spd|1
|cant|p2b: Politoed|flinch
|
|-weather|RainDance|[upkeep]
|-heal|p2b: Politoed|37/100|[from] item: Leftovers
|-start|p1a: Aerodactyl|perish2
|-start|p1b: Barbaracle|perish2
|-start|p2b: Politoed|perish2
|upkeep
|turn|3
|inactive|Bazilvts has 30 seconds left.
|
|t:|1782313371
|switch|p1b: Garchomp|Garchomp, L50, M, shiny|100/100
|switch|p2b: Sinistcha|Sinistcha, L50|100/100
|-heal|p2a: Incineroar|95/100|[from] ability: Hospitality|[of] p2b: Sinistcha
|move|p2a: Incineroar|Fake Out|p1b: Garchomp
|-damage|p1b: Garchomp|89/100
|-damage|p2a: Incineroar|82/100|[from] ability: Rough Skin|[of] p1b: Garchomp
|move|p1a: Aerodactyl|Tailwind|p1a: Aerodactyl
|-sidestart|p1: RegiSIXSEVEN|move: Tailwind
|
|-weather|RainDance|[upkeep]
|-start|p1a: Aerodactyl|perish1
|upkeep
|turn|4
|
|t:|1782313387
|switch|p1a: Kingambit|Kingambit, L50, F, shiny|100/100
|move|p1b: Garchomp|Dragon Claw|p2b: Sinistcha
|-damage|p2b: Sinistcha|57/100
|-damage|p1b: Garchomp|79/100|[from] item: Life Orb
|move|p2b: Sinistcha|Matcha Gotcha|p1b: Garchomp|[spread] p1a,p1b
|-resisted|p1a: Kingambit|1
|-damage|p1a: Kingambit|87/100
|-heal|p2b: Sinistcha|65/100|[from] drain|[of] p1a: Kingambit
|-damage|p1b: Garchomp|52/100
|-heal|p2b: Sinistcha|80/100|[from] drain|[of] p1b: Garchomp
|-status|p1a: Kingambit|brn
|move|p2a: Incineroar|Parting Shot|p1a: Kingambit
|-unboost|p1a: Kingambit|atk|1
|-ability|p1a: Kingambit|Defiant|boost
|-boost|p1a: Kingambit|atk|2
|-unboost|p1a: Kingambit|spa|1
|-ability|p1a: Kingambit|Defiant|boost
|-boost|p1a: Kingambit|atk|2
|
|t:|1782313410
|switch|p2a: Kommo-o|Kommo-o, L50, F|1/100|[from] Parting Shot
|
|-weather|RainDance|[upkeep]
|-damage|p1a: Kingambit|81/100 brn|[from] brn
|upkeep
|turn|5
|
|t:|1782313421
|move|p1b: Garchomp|Protect|p1b: Garchomp
|-singleturn|p1b: Garchomp|Protect
|move|p2b: Sinistcha|Rage Powder|p2b: Sinistcha
|-singleturn|p2b: Sinistcha|move: Rage Powder
|move|p1a: Kingambit|Kowtow Cleave|p2b: Sinistcha
|-supereffective|p2b: Sinistcha|1
|-damage|p2b: Sinistcha|0 fnt
|faint|p2b: Sinistcha
|move|p2a: Kommo-o|Clanging Scales|p1a: Kingambit|[spread] p1a
|-activate|p1b: Garchomp|move: Protect
|-resisted|p1a: Kingambit|1
|-damage|p1a: Kingambit|57/100 brn
|-unboost|p2a: Kommo-o|def|1
|
|-weather|none
|-damage|p1a: Kingambit|51/100 brn|[from] brn
|upkeep
|-message|Bazilvts forfeited.
|
|win|RegiSIXSEVEN
