|j|☆eklyst
|j|☆Goonsuke Sama
|html|eklystGoonsuke Sama    
|uhtml|bestof|Game 2 of a best-of-3
|t:|1785907573
|gametype|doubles
|player|p1|eklyst|pokemaniac|1154
|player|p2|Goonsuke Sama|cameraman|1178
|gen|9
|tier|[Gen 9 Champions] VGC 2026 Reg M-B (Bo3)
|rated|
|rule|Species Clause: Limit one of each Pokémon
|rule|Item Clause: Limit 1 of each item
|clearpoke
|poke|p1|Metagross, L50, shiny|
|poke|p1|Whimsicott, L50, F, shiny|
|poke|p1|Raichu, L50, M|
|poke|p1|Ninetales-Alola, L50, F|
|poke|p1|Lycanroc-Dusk, L50, F|
|poke|p1|Sneasler, L50, M, shiny|
|poke|p2|Altaria, L50, M|
|poke|p2|Emboar, L50, F|
|poke|p2|Mimikyu, L50, F|
|poke|p2|Snorlax, L50, F|
|poke|p2|Scrafty, L50, F|
|poke|p2|Salazzle, L50, F|
|teampreview|4
|showteam|p1|Metagross||Metagrossite|ClearBody|PsychicFangs,IronHead,Protect,StompingTantrum|Jolly|||||50|]Whimsicott||OccaBerry|Prankster|Tailwind,Moonblast,HelpingHand,WorrySeed|Timid||F|||50|]Raichu||RaichuniteY|LightningRod|FakeOut,FocusBlast,ZapCannon,Protect|Timid||M|||50|]Ninetales-Alola||NeverMeltIce|SnowWarning|FreezeDry,Protect,Blizzard,Encore|Timid||F|||50|]Lycanroc-Dusk||FocusSash|ToughClaws|Accelerock,RockSlide,Protect,Taunt|Adamant||F|||50|]Sneasler||WhiteHerb|Unburden|CloseCombat,Coaching,GunkShot,FakeOut|Jolly||M|||50|
|showteam|p2|Altaria||WideLens|CloudNine|DragonRush,Endeavor,DualWingbeat,DragonDance|Careful||M|||50|]Emboar||Emboarite|Blaze|HeatCrash,StormThrow,HighHorsepower,Protect|Brave||F|||50|]Mimikyu||WhiteHerb|Disguise|PsychUp,DrainPunch,TrickRoom,PhantomForce|Careful||F|||50|]Snorlax||Leftovers|ThickFat|Stockpile,Protect,Facade,IcePunch|Sassy||F|||50|]Scrafty||ExpertBelt|Intimidate|FakeOut,Coaching,KnockOff,DrainPunch|Careful||F|||50|]Salazzle||FocusSash|Corrosion|Toxic,FireLash,FakeOut,WillOWisp|Jolly||F|||50|
|inactive|Battle timer is ON: inactive players will automatically lose when time's up. (requested by Goonsuke Sama)
|inactive|eklyst also wants the timer to be on.
|inactive|eklyst has 60 seconds left.
|inactive|Goonsuke Sama has 60 seconds left.
|
|t:|1785907616
|teamsize|p1|4
|teamsize|p2|4
|start
|switch|p1a: AAAAAAAAAAAA|Ninetales-Alola, L50, F|100/100
|switch|p1b: Toilet|Metagross, L50, shiny|100/100
|switch|p2a: Emboar|Emboar, L50, F|100/100
|switch|p2b: Salazzle|Salazzle, L50, F|100/100
|-weather|Snowscape|[from] ability: Snow Warning|[of] p1a: AAAAAAAAAAAA
|turn|1
|
|t:|1785907638
|switch|p1b: Pickle|Sneasler, L50, M, shiny|100/100
|detailschange|p2a: Emboar|Emboar-Mega, L50, F
|-mega|p2a: Emboar|Emboar|Emboarite
|-ability|p2a: Emboar|Mold Breaker
|move|p2b: Salazzle|Will-O-Wisp|p1b: Pickle
|-status|p1b: Pickle|brn
|move|p1a: AAAAAAAAAAAA|Blizzard|p2a: Emboar|[spread] p2a,p2b
|-resisted|p2a: Emboar|1
|-resisted|p2b: Salazzle|1
|-damage|p2a: Emboar|84/100
|-damage|p2b: Salazzle|66/100
|move|p2a: Emboar|High Horsepower|p1a: AAAAAAAAAAAA
|-damage|p1a: AAAAAAAAAAAA|61/100
|
|-weather|Snowscape|[upkeep]
|-damage|p1b: Pickle|94/100 brn|[from] brn
|upkeep
|turn|2
|inactive|Goonsuke Sama has 30 seconds left.
|
|t:|1785907665
|switch|p2b: Scrafty|Scrafty, L50, F|100/100
|-ability|p2b: Scrafty|Intimidate|boost
|-unboost|p1a: AAAAAAAAAAAA|atk|1
|-unboost|p1b: Pickle|atk|1
|-enditem|p1b: Pickle|White Herb
|-clearnegativeboost|p1b: Pickle|[silent]
|move|p1b: Pickle|Close Combat|p2a: Emboar
|-damage|p2a: Emboar|52/100
|-unboost|p1b: Pickle|def|1
|-unboost|p1b: Pickle|spd|1
|move|p1a: AAAAAAAAAAAA|Encore||[still]
|-fail|p1a: AAAAAAAAAAAA
|move|p2a: Emboar|Heat Crash|p1a: AAAAAAAAAAAA
|-supereffective|p1a: AAAAAAAAAAAA|1
|-damage|p1a: AAAAAAAAAAAA|0 fnt
|faint|p1a: AAAAAAAAAAAA
|
|-weather|Snowscape|[upkeep]
|-damage|p1b: Pickle|88/100 brn|[from] brn
|upkeep
|
|t:|1785907688
|switch|p1a: Toilet|Metagross, L50, shiny|100/100
|turn|3
|
|t:|1785907708
|switch|p2b: Salazzle|Salazzle, L50, F|66/100
|detailschange|p1a: Toilet|Metagross-Mega, L50, shiny
|-mega|p1a: Toilet|Metagross|Metagrossite
|move|p1a: Toilet|Protect|p1a: Toilet
|-singleturn|p1a: Toilet|Protect
|move|p2a: Emboar|Protect|p2a: Emboar
|-singleturn|p2a: Emboar|Protect
|move|p1b: Pickle|Coaching|p1a: Toilet
|-boost|p1a: Toilet|atk|1
|-boost|p1a: Toilet|def|1
|
|-weather|Snowscape|[upkeep]
|-damage|p1b: Pickle|82/100 brn|[from] brn
|upkeep
|turn|4
|inactive|eklyst has 30 seconds left.
|inactive|eklyst has 20 seconds left.
|inactive|eklyst has 15 seconds left.
|
|t:|1785907749
|switch|p2a: Scrafty|Scrafty, L50, F|100/100
|-ability|p2a: Scrafty|Intimidate|boost
|-unboost|p1a: Toilet|atk|1
|-unboost|p1b: Pickle|atk|1
|move|p1b: Pickle|Coaching|p1a: Toilet
|-boost|p1a: Toilet|atk|1
|-boost|p1a: Toilet|def|1
|move|p2b: Salazzle|Will-O-Wisp|p1a: Toilet
|-status|p1a: Toilet|brn
|move|p1a: Toilet|Psychic Fangs|p2a: Scrafty
|-immune|p2a: Scrafty
|
|-weather|Snowscape|[upkeep]
|-damage|p1b: Pickle|76/100 brn|[from] brn
|-damage|p1a: Toilet|94/100 brn|[from] brn
|upkeep
|turn|5
|inactive|Goonsuke Sama has 30 seconds left.
|
|t:|1785907775
|move|p1b: Pickle|Coaching|p1a: Toilet
|-boost|p1a: Toilet|atk|1
|-boost|p1a: Toilet|def|1
|move|p2b: Salazzle|Fire Lash|p1a: Toilet
|-supereffective|p1a: Toilet|1
|-damage|p1a: Toilet|71/100 brn
|-unboost|p1a: Toilet|def|1
|move|p1a: Toilet|Psychic Fangs|p2b: Salazzle
|-supereffective|p2b: Salazzle|1
|-damage|p2b: Salazzle|0 fnt
|faint|p2b: Salazzle
|move|p2a: Scrafty|Drain Punch|p1a: Toilet
|-damage|p1a: Toilet|57/100 brn
|
|-weather|none
|-damage|p1b: Pickle|70/100 brn|[from] brn
|-damage|p1a: Toilet|52/100 brn|[from] brn
|upkeep
|
|t:|1785907787
|switch|p2b: Emboar|Emboar-Mega, L50, F|52/100
|-ability|p2b: Emboar|Mold Breaker
|turn|6
|
|t:|1785907800
|move|p1b: Pickle|Coaching|p1a: Toilet
|-boost|p1a: Toilet|atk|1
|-boost|p1a: Toilet|def|1
|move|p1a: Toilet|Psychic Fangs|p2b: Emboar
|-supereffective|p2b: Emboar|1
|-damage|p2b: Emboar|0 fnt
|faint|p2b: Emboar
|move|p2a: Scrafty|Drain Punch|p1a: Toilet
|-damage|p1a: Toilet|42/100 brn
|
|-damage|p1b: Pickle|65/100 brn|[from] brn
|-damage|p1a: Toilet|36/100 brn|[from] brn
|upkeep
|
|t:|1785907803
|switch|p2b: Snorlax|Snorlax, L50, F|100/100
|turn|7
|
|t:|1785907823
|move|p1b: Pickle|Close Combat|p2b: Snorlax
|-supereffective|p2b: Snorlax|1
|-damage|p2b: Snorlax|65/100
|-unboost|p1b: Pickle|def|1
|-unboost|p1b: Pickle|spd|1
|move|p1a: Toilet|Psychic Fangs|p2b: Snorlax
|-damage|p2b: Snorlax|7/100
|move|p2a: Scrafty|Coaching|p2b: Snorlax
|-boost|p2b: Snorlax|atk|1
|-boost|p2b: Snorlax|def|1
|move|p2b: Snorlax|Stockpile|p2b: Snorlax
|-start|p2b: Snorlax|stockpile1
|-boost|p2b: Snorlax|def|1
|-boost|p2b: Snorlax|spd|1
|
|-heal|p2b: Snorlax|13/100|[from] item: Leftovers
|-damage|p1b: Pickle|59/100 brn|[from] brn
|-damage|p1a: Toilet|30/100 brn|[from] brn
|upkeep
|turn|8
|
|t:|1785907839
|move|p2b: Snorlax|Protect|p2b: Snorlax
|-singleturn|p2b: Snorlax|Protect
|move|p1b: Pickle|Close Combat|p2b: Snorlax
|-activate|p2b: Snorlax|move: Protect
|move|p1a: Toilet|Iron Head|p2a: Scrafty
|-damage|p2a: Scrafty|32/100
|move|p2a: Scrafty|Drain Punch|p1a: Toilet
|-damage|p1a: Toilet|20/100y brn
|-heal|p2a: Scrafty|37/100|[from] drain|[of] p1a: Toilet
|
|-heal|p2b: Snorlax|19/100|[from] item: Leftovers
|-damage|p1b: Pickle|53/100 brn|[from] brn
|-damage|p1a: Toilet|14/100 brn|[from] brn
|upkeep
|turn|9
|
|t:|1785907855
|move|p1b: Pickle|Close Combat|p2b: Snorlax
|-supereffective|p2b: Snorlax|1
|-damage|p2b: Snorlax|3/100
|-unboost|p1b: Pickle|def|1
|-unboost|p1b: Pickle|spd|1
|move|p1a: Toilet|Iron Head|p2a: Scrafty
|-damage|p2a: Scrafty|0 fnt
|faint|p2a: Scrafty
|move|p2b: Snorlax|Facade|p1b: Pickle
|-damage|p1b: Pickle|0 fnt
|faint|p1b: Pickle
|
|-heal|p2b: Snorlax|9/100|[from] item: Leftovers
|-damage|p1a: Toilet|8/100 brn|[from] brn
|upkeep
|
|t:|1785907865
|switch|p1b: Brick|Lycanroc-Dusk, L50, F|100/100
|turn|10
|-message|Goonsuke Sama forfeited.
|
|win|eklyst
|raw|eklyst's rating: 1154 → 1181(+27 for winning)
|raw|Goonsuke Sama's rating: 1178 → 1151(-27 for losing)
|l|☆Goonsuke Sama
|player|p2|
