|j|☆theboyparris
|j|☆namboyVGC
|html|theboyparrisnamboyVGC    
|uhtml|bestof|Game 1 of a best-of-3
|t:|1785179317
|gametype|doubles
|player|p1|theboyparris|170|1120
|player|p2|namboyVGC|pokemonranger-gen4|1139
|gen|9
|tier|[Gen 9 Champions] VGC 2026 Reg M-B (Bo3)
|rated|
|rule|Species Clause: Limit one of each Pokémon
|rule|Item Clause: Limit 1 of each item
|clearpoke
|poke|p1|Metagross, L50|
|poke|p1|Araquanid, L50, M|
|poke|p1|Ceruledge, L50, M|
|poke|p1|Hydreigon, L50, M|
|poke|p1|Serperior, L50, M|
|poke|p1|Sneasler, L50, M|
|poke|p2|Tyranitar, L50, M|
|poke|p2|Excadrill, L50, F|
|poke|p2|Milotic, L50, F|
|poke|p2|Sinistcha, L50|
|poke|p2|Staraptor, L50, M|
|poke|p2|Gholdengo, L50|
|teampreview|4
|showteam|p1|Metagross||Metagrossite|ClearBody|HardPress,PsychicFangs,BodyPress,Protect|Jolly|||||50|]Araquanid||MysticWater|WaterBubble|Liquidation,LeechLife,WideGuard,Protect|Brave||M|||50|]Ceruledge||Charcoal|FlashFire|BitterBlade,ShadowSneak,BulkUp,Protect|Adamant||M|||50|]Hydreigon||LifeOrb|Levitate|DarkPulse,EarthPower,Tailwind,Protect|Modest||M|||50|]Serperior||WideLens|Contrary|LeafStorm,LightScreen,Reflect,Glare|Timid||M|||50|]Sneasler||FocusSash|PoisonTouch|CloseCombat,DireClaw,FakeOut,Coaching|Jolly||M|||50|
|showteam|p2|Tyranitar||Tyranitarite|SandStream|KnockOff,RockSlide,LowKick,Protect|Jolly||M|||50|]Excadrill||FocusSash|SandRush|HighHorsepower,IronHead,RockSlide,Protect|Adamant||F|||50|]Milotic||SitrusBerry|Competitive|Scald,IcyWind,Haze,Protect|Calm||F|||50|]Sinistcha||ColburBerry|Hospitality|MatchaGotcha,ShadowBall,Protect,RagePowder|Bold|||||50|]Staraptor||Staraptite|Intimidate|CloseCombat,BraveBird,Tailwind,Protect|Jolly||M|||50|]Gholdengo||LifeOrb|GoodasGold|MakeItRain,ShadowBall,NastyPlot,Protect|Modest|||||50|
|inactive|Battle timer is ON: inactive players will automatically lose when time's up. (requested by namboyVGC)
|inactive|theboyparris also wants the timer to be on.
|inactive|theboyparris has 60 seconds left.
|inactive|namboyVGC has 60 seconds left.
|inactive|theboyparris has 30 seconds left.
|inactive|theboyparris has 20 seconds left.
|
|t:|1785179392
|teamsize|p1|4
|teamsize|p2|4
|start
|switch|p1a: Serperior|Serperior, L50, M|100/100
|switch|p1b: Sneasler|Sneasler, L50, M|100/100
|switch|p2a: Tyranitar|Tyranitar, L50, M|100/100
|switch|p2b: Excadrill|Excadrill, L50, F|100/100
|-weather|Sandstorm|[from] ability: Sand Stream|[of] p2a: Tyranitar
|turn|1
|
|t:|1785179415
|switch|p2a: Staraptor|Staraptor, L50, M|100/100
|-ability|p2a: Staraptor|Intimidate|boost
|-boost|p1a: Serperior|atk|1
|-unboost|p1b: Sneasler|atk|1
|move|p2b: Excadrill|Protect|p2b: Excadrill
|-singleturn|p2b: Excadrill|Protect
|move|p1b: Sneasler|Close Combat|p2a: Staraptor
|-damage|p2a: Staraptor|51/100
|-unboost|p1b: Sneasler|def|1
|-unboost|p1b: Sneasler|spd|1
|move|p1a: Serperior|Glare|p2b: Excadrill
|-activate|p2b: Excadrill|move: Protect
|
|-weather|Sandstorm|[upkeep]
|-damage|p1b: Sneasler|94/100|[from] Sandstorm
|-damage|p1a: Serperior|93/100|[from] Sandstorm
|-damage|p2a: Staraptor|46/100|[from] Sandstorm
|upkeep
|turn|2
|inactive|theboyparris has 30 seconds left.
|
|t:|1785179443
|switch|p1b: Hydreigon|Hydreigon, L50, M|100/100
|detailschange|p2a: Staraptor|Staraptor-Mega, L50, M
|-mega|p2a: Staraptor|Staraptor|Staraptite
|move|p2b: Excadrill|High Horsepower|p1b: Hydreigon
|-immune|p1b: Hydreigon|[from] ability: Levitate
|move|p2a: Staraptor|Brave Bird|p1a: Serperior
|-supereffective|p1a: Serperior|1
|-damage|p1a: Serperior|0 fnt
|faint|p1a: Serperior
|-damage|p2a: Staraptor|16/100|[from] Recoil
|
|-weather|Sandstorm|[upkeep]
|-damage|p2a: Staraptor|10/100|[from] Sandstorm
|-damage|p1b: Hydreigon|94/100|[from] Sandstorm
|upkeep
|
|t:|1785179463
|switch|p1a: Sneasler|Sneasler, L50, M|94/100
|turn|3
|
|t:|1785179474
|move|p1a: Sneasler|Fake Out|p2a: Staraptor
|-damage|p2a: Staraptor|0 fnt
|faint|p2a: Staraptor
|move|p2b: Excadrill|High Horsepower|p1a: Sneasler
|-supereffective|p1a: Sneasler|1
|-damage|p1a: Sneasler|0 fnt
|faint|p1a: Sneasler
|move|p1b: Hydreigon|Tailwind|p1b: Hydreigon
|-sidestart|p1: theboyparris|move: Tailwind
|
|-weather|Sandstorm|[upkeep]
|-damage|p1b: Hydreigon|88/100|[from] Sandstorm
|upkeep
|
|t:|1785179486
|switch|p1a: Metagross|Metagross, L50|100/100
|switch|p2a: Milotic|Milotic, L50, F|100/100
|turn|4
|inactive|theboyparris has 30 seconds left.
|
|t:|1785179513
|move|p1b: Hydreigon|Protect|p1b: Hydreigon
|-singleturn|p1b: Hydreigon|Protect
|move|p2b: Excadrill|Protect|p2b: Excadrill
|-singleturn|p2b: Excadrill|Protect
|move|p1a: Metagross|Psychic Fangs|p2a: Milotic
|-damage|p2a: Milotic|58/100
|move|p2a: Milotic|Icy Wind|p1a: Metagross|[spread] p1a
|-activate|p1b: Hydreigon|move: Protect
|-resisted|p1a: Metagross|1
|-damage|p1a: Metagross|94/100
|
|-weather|Sandstorm|[upkeep]
|-damage|p1b: Hydreigon|82/100|[from] Sandstorm
|-damage|p2a: Milotic|52/100|[from] Sandstorm
|upkeep
|turn|5
|inactive|theboyparris has 30 seconds left.
|inactive|theboyparris has 20 seconds left.
|inactive|theboyparris has 15 seconds left.
|
|t:|1785179555
|detailschange|p1a: Metagross|Metagross-Mega, L50
|-mega|p1a: Metagross|Metagross|Metagrossite
|move|p1a: Metagross|Body Press|p2b: Excadrill
|-supereffective|p2b: Excadrill|1
|-enditem|p2b: Excadrill|Focus Sash
|-damage|p2b: Excadrill|1/100
|move|p1b: Hydreigon|Dark Pulse|p2b: Excadrill
|-damage|p2b: Excadrill|0 fnt
|faint|p2b: Excadrill
|-damage|p1b: Hydreigon|72/100|[from] item: Life Orb
|move|p2a: Milotic|Icy Wind|p1b: Hydreigon|[spread] p1a,p1b
|-resisted|p1a: Metagross|1
|-supereffective|p1b: Hydreigon|1
|-damage|p1a: Metagross|90/100
|-damage|p1b: Hydreigon|49/100
|-unboost|p1a: Metagross|spe|1
|-unboost|p1b: Hydreigon|spe|1
|
|-weather|none
|upkeep
|
|t:|1785179573
|switch|p2b: Tyranitar|Tyranitar, L50, M|100/100
|-weather|Sandstorm|[from] ability: Sand Stream|[of] p2b: Tyranitar
|turn|6
|
|t:|1785179590
|move|p2b: Tyranitar|Protect|p2b: Tyranitar
|-singleturn|p2b: Tyranitar|Protect
|move|p2a: Milotic|Protect|p2a: Milotic
|-singleturn|p2a: Milotic|Protect
|move|p1a: Metagross|Body Press|p2b: Tyranitar
|-activate|p2b: Tyranitar|move: Protect
|move|p1b: Hydreigon|Dark Pulse|p2a: Milotic
|-activate|p2a: Milotic|move: Protect
|
|-weather|Sandstorm|[upkeep]
|-damage|p1b: Hydreigon|43/100|[from] Sandstorm
|-damage|p2a: Milotic|46/100|[from] Sandstorm
|-enditem|p2a: Milotic|Sitrus Berry|[eat]
|-heal|p2a: Milotic|71/100|[from] item: Sitrus Berry
|-sideend|p1: theboyparris|move: Tailwind
|upkeep
|turn|7
|inactive|theboyparris has 30 seconds left.
|inactive|theboyparris has 20 seconds left.
|
|t:|1785179629
|move|p1b: Hydreigon|Protect|p1b: Hydreigon
|-singleturn|p1b: Hydreigon|Protect
|move|p2b: Tyranitar|Knock Off|p1a: Metagross
|-supereffective|p1a: Metagross|1
|-damage|p1a: Metagross|48/100
|move|p2a: Milotic|Icy Wind|p1b: Hydreigon|[spread] p1a
|-activate|p1b: Hydreigon|move: Protect
|-resisted|p1a: Metagross|1
|-damage|p1a: Metagross|44/100
|-unboost|p1a: Metagross|spe|1
|move|p1a: Metagross|Body Press|p2b: Tyranitar
|-supereffective|p2b: Tyranitar|2
|-damage|p2b: Tyranitar|0 fnt
|faint|p2b: Tyranitar
|
|-weather|Sandstorm|[upkeep]
|-damage|p2a: Milotic|65/100|[from] Sandstorm
|-damage|p1b: Hydreigon|37/100|[from] Sandstorm
|upkeep
|turn|8
|-message|namboyVGC forfeited.
|
|win|theboyparris
