|j|вҳҶHEDGEHOGMEOW
|j|вҳҶwaterwater2
|html|HEDGEHOGMEOWwaterwater2    
|uhtml|bestof|Game 3 of a best-of-3
|t:|1785593893
|gametype|doubles
|player|p1|HEDGEHOGMEOW|170|
|player|p2|waterwater2|cynthia-masters3|
|gen|9
|tier|[Gen 9 Champions] VGC 2026 Reg M-B (Bo3)
|rule|Species Clause: Limit one of each PokГ©mon
|rule|Item Clause: Limit 1 of each item
|clearpoke
|poke|p1|Pyroar, L50, M|
|poke|p1|Torkoal, L50, F|
|poke|p1|Farigiraf, L50, F|
|poke|p1|Whimsicott, L50, F|
|poke|p1|Garchomp, L50, F|
|poke|p1|Staraptor, L50, M|
|poke|p2|Charizard, L50, M, shiny|
|poke|p2|Basculegion, L50, M, shiny|
|poke|p2|Whimsicott, L50, F, shiny|
|poke|p2|Garchomp, L50, M, shiny|
|poke|p2|Kingambit, L50, M, shiny|
|poke|p2|Incineroar, L50, M|
|teampreview|4
|showteam|p1|Pyroar||Pyroarite|Unnerve|Overheat,HeatWave,SolarBeam,Protect|Timid||M|||50|]Torkoal||Charcoal|Drought|Eruption,WeatherBall,HelpingHand,Protect|Quiet||F|||50|]Farigiraf||SitrusBerry|ArmorTail|HelpingHand,Psychic,Thunderbolt,TrickRoom|Relaxed||F|||50|]Whimsicott||FocusSash|Prankster|Charm,Tailwind,Moonblast,SunnyDay|Modest||F|||50|]Garchomp||LifeOrb|RoughSkin|IronHead,StompingTantrum,RockSlide,Protect|Jolly||F|||50|]Staraptor||Staraptite|Intimidate|Protect,CloseCombat,BraveBird,Roost|Jolly||M|||50|
|showteam|p2|Charizard||CharizarditeY|SolarPower|HeatWave,WeatherBall,SolarBeam,Protect|Modest||M|||50|]Basculegion||ChoiceScarf|Adaptability|WaveCrash,LastRespects,AquaJet,FlipTurn|Adamant||M|||50|]Whimsicott||FocusSash|Prankster|Moonblast,Tailwind,Encore,Protect|Timid||F|||50|]Garchomp||LifeOrb|RoughSkin|DragonClaw,Earthquake,RockSlide,Protect|Jolly||M|||50|]Kingambit||BlackGlasses|Defiant|KowtowCleave,LowKick,SuckerPunch,Protect|Adamant||M|||50|]Incineroar||ChopleBerry|Intimidate|FlareBlitz,ThroatChop,FakeOut,PartingShot|Careful||M|||50|
|inactive|Battle timer is ON: inactive players will automatically lose when time's up. (requested by waterwater2)
|inactive|HEDGEHOGMEOW has 60 seconds left.
|inactive|HEDGEHOGMEOW has 30 seconds left.
|inactive|HEDGEHOGMEOW has 20 seconds left.
|inactive|HEDGEHOGMEOW has 15 seconds left.
|
|t:|1785593979
|teamsize|p1|4
|teamsize|p2|4
|start
|switch|p1a: Pyroar|Pyroar, L50, M|100/100
|switch|p1b: Torkoal|Torkoal, L50, F|100/100
|switch|p2a: е…ӯйӣ·еҗүзөӮзөҗиҖ…|Incineroar, L50, M|100/100
|switch|p2b: жЈүй¬јжҺЎй»‘иҠұ|Whimsicott, L50, F, shiny|100/100
|-ability|p1a: Pyroar|Unnerve
|-ability|p2a: е…ӯйӣ·еҗүзөӮзөҗиҖ…|Intimidate|boost
|-unboost|p1a: Pyroar|atk|1
|-unboost|p1b: Torkoal|atk|1
|-weather|SunnyDay|[from] ability: Drought|[of] p1b: Torkoal
|turn|1
|inactive|HEDGEHOGMEOW has 30 seconds left.
|inactive|waterwater2 has 30 seconds left.
|inactive|waterwater2 has 20 seconds left.
|inactive|waterwater2 has 15 seconds left.
|inactive|waterwater2 has 10 seconds left.
|inactive|waterwater2 has 5 seconds left.
|
|t:|1785594029
|switch|p1b: Farigiraf|Farigiraf, L50, F|100/100
|detailschange|p1a: Pyroar|Pyroar-Mega, L50, M
|-mega|p1a: Pyroar|Pyroar|Pyroarite
|move|p2b: жЈүй¬јжҺЎй»‘иҠұ|Tailwind|p2b: жЈүй¬јжҺЎй»‘иҠұ
|-sidestart|p2: waterwater2|move: Tailwind
|move|p1a: Pyroar|Heat Wave|p2b: жЈүй¬јжҺЎй»‘иҠұ|[spread] p2a,p2b
|-resisted|p2a: е…ӯйӣ·еҗүзөӮзөҗиҖ…|1
|-supereffective|p2b: жЈүй¬јжҺЎй»‘иҠұ|1
|-damage|p2a: е…ӯйӣ·еҗүзөӮзөҗиҖ…|68/100
|-enditem|p2b: жЈүй¬јжҺЎй»‘иҠұ|Focus Sash
|-damage|p2b: жЈүй¬јжҺЎй»‘иҠұ|1/100
|move|p2a: е…ӯйӣ·еҗүзөӮзөҗиҖ…|Throat Chop|p1a: Pyroar
|-damage|p1a: Pyroar|61/100
|-start|p1a: Pyroar|Throat Chop|[silent]
|
|-weather|SunnyDay|[upkeep]
|upkeep
|turn|2
|inactive|HEDGEHOGMEOW has 30 seconds left.
|inactive|waterwater2 has 30 seconds left.
|inactive|HEDGEHOGMEOW has 20 seconds left.
|inactive|waterwater2 has 20 seconds left.
|inactive|HEDGEHOGMEOW has 15 seconds left.
|inactive|waterwater2 has 15 seconds left.
|inactive|HEDGEHOGMEOW has 10 seconds left.
|inactive|waterwater2 has 10 seconds left.
|inactive|HEDGEHOGMEOW has 5 seconds left.
|
|t:|1785594082
|switch|p2b: з«№иҳӯзҡ„ең“йҷёйҜҠ|Garchomp, L50, M, shiny|100/100
|move|p1a: Pyroar|Overheat|p2a: е…ӯйӣ·еҗүзөӮзөҗиҖ…
|-resisted|p2a: е…ӯйӣ·еҗүзөӮзөҗиҖ…|1
|-damage|p2a: е…ӯйӣ·еҗүзөӮзөҗиҖ…|10/100
|-unboost|p1a: Pyroar|spa|2
|move|p2a: е…ӯйӣ·еҗүзөӮзөҗиҖ…|Flare Blitz|p1b: Farigiraf
|-damage|p1b: Farigiraf|46/100
|-enditem|p1b: Farigiraf|Sitrus Berry|[eat]
|-heal|p1b: Farigiraf|71/100|[from] item: Sitrus Berry
|-damage|p2a: е…ӯйӣ·еҗүзөӮзөҗиҖ…|0 fnt|[from] Recoil
|faint|p2a: е…ӯйӣ·еҗүзөӮзөҗиҖ…
|move|p1b: Farigiraf|Trick Room|p1b: Farigiraf
|-fieldstart|move: Trick Room|[of] p1b: Farigiraf
|
|-weather|SunnyDay|[upkeep]
|-end|p1a: Pyroar|Throat Chop|[silent]
|upkeep
|
|t:|1785594103
|switch|p2a: жЈүй¬јжҺЎй»‘иҠұ|Whimsicott, L50, F, shiny|1/100
|turn|3
|inactive|HEDGEHOGMEOW has 30 seconds left.
|inactive|waterwater2 has 30 seconds left.
|
|t:|1785594130
|move|p2a: жЈүй¬јжҺЎй»‘иҠұ|Protect|p2a: жЈүй¬јжҺЎй»‘иҠұ
|-singleturn|p2a: жЈүй¬јжҺЎй»‘иҠұ|Protect
|move|p1b: Farigiraf|Psychic|p2b: з«№иҳӯзҡ„ең“йҷёйҜҠ
|-damage|p2b: з«№иҳӯзҡ„ең“йҷёйҜҠ|64/100
|-unboost|p2b: з«№иҳӯзҡ„ең“йҷёйҜҠ|spd|1
|move|p1a: Pyroar|Heat Wave|p2b: з«№иҳӯзҡ„ең“йҷёйҜҠ|[spread] p2b
|-activate|p2a: жЈүй¬јжҺЎй»‘иҠұ|move: Protect
|-resisted|p2b: з«№иҳӯзҡ„ең“йҷёйҜҠ|1
|-damage|p2b: з«№иҳӯзҡ„ең“йҷёйҜҠ|32/100
|move|p2b: з«№иҳӯзҡ„ең“йҷёйҜҠ|Earthquake|p1b: Farigiraf|[spread] p1a,p1b
|-activate|p2a: жЈүй¬јжҺЎй»‘иҠұ|move: Protect
|-supereffective|p1a: Pyroar|1
|-damage|p1a: Pyroar|0 fnt
|-damage|p1b: Farigiraf|31/100
|faint|p1a: Pyroar
|-damage|p2b: з«№иҳӯзҡ„ең“йҷёйҜҠ|22/100|[from] item: Life Orb
|
|-weather|SunnyDay|[upkeep]
|upkeep
|
|t:|1785594144
|switch|p1a: Torkoal|Torkoal, L50, F|100/100
|turn|4
|
|t:|1785594159
|switch|p2a: жҺғдҪ иҖҒеў“е…Ёе®¶|Basculegion, L50, M, shiny|100/100
|move|p2b: з«№иҳӯзҡ„ең“йҷёйҜҠ|Protect|p2b: з«№иҳӯзҡ„ең“йҷёйҜҠ
|-singleturn|p2b: з«№иҳӯзҡ„ең“йҷёйҜҠ|Protect
|move|p1a: Torkoal|Eruption|p2b: з«№иҳӯзҡ„ең“йҷёйҜҠ|[spread] p2a
|-activate|p2b: з«№иҳӯзҡ„ең“йҷёйҜҠ|move: Protect
|-resisted|p2a: жҺғдҪ иҖҒеў“е…Ёе®¶|1
|-damage|p2a: жҺғдҪ иҖҒеў“е…Ёе®¶|49/100
|move|p1b: Farigiraf|Thunderbolt|p2a: жҺғдҪ иҖҒеў“е…Ёе®¶
|-supereffective|p2a: жҺғдҪ иҖҒеў“е…Ёе®¶|1
|-damage|p2a: жҺғдҪ иҖҒеў“е…Ёе®¶|0 fnt
|faint|p2a: жҺғдҪ иҖҒеў“е…Ёе®¶
|
|-weather|SunnyDay|[upkeep]
|-sideend|p2: waterwater2|move: Tailwind
|upkeep
|
|t:|1785594172
|switch|p2a: жЈүй¬јжҺЎй»‘иҠұ|Whimsicott, L50, F, shiny|1/100
|turn|5
|inactive|waterwater2 has 30 seconds left.
|
|t:|1785594199
|move|p2a: жЈүй¬јжҺЎй»‘иҠұ|Protect|p2a: жЈүй¬јжҺЎй»‘иҠұ
|-singleturn|p2a: жЈүй¬јжҺЎй»‘иҠұ|Protect
|move|p1a: Torkoal|Eruption|p2b: з«№иҳӯзҡ„ең“йҷёйҜҠ|[spread] p2b
|-activate|p2a: жЈүй¬јжҺЎй»‘иҠұ|move: Protect
|-resisted|p2b: з«№иҳӯзҡ„ең“йҷёйҜҠ|1
|-damage|p2b: з«№иҳӯзҡ„ең“йҷёйҜҠ|0 fnt
|faint|p2b: з«№иҳӯзҡ„ең“йҷёйҜҠ
|move|p1b: Farigiraf|Psychic|p2a: жЈүй¬јжҺЎй»‘иҠұ
|-activate|p2a: жЈүй¬јжҺЎй»‘иҠұ|move: Protect
|
|-weather|none
|upkeep
|turn|6
|
|t:|1785594211
|move|p2a: жЈүй¬јжҺЎй»‘иҠұ|Tailwind|p2a: жЈүй¬јжҺЎй»‘иҠұ
|-sidestart|p2: waterwater2|move: Tailwind
|move|p1a: Torkoal|Eruption|p2a: жЈүй¬јжҺЎй»‘иҠұ
|-supereffective|p2a: жЈүй¬јжҺЎй»‘иҠұ|1
|-crit|p2a: жЈүй¬јжҺЎй»‘иҠұ
|-damage|p2a: жЈүй¬јжҺЎй»‘иҠұ|0 fnt
|faint|p2a: жЈүй¬јжҺЎй»‘иҠұ
|
|win|HEDGEHOGMEOW
|c|вҳҶHEDGEHOGMEOW|и¬қи¬қжҢҮж•ҷ
|c|вҳҶwaterwater2|~жҢҮж•ҷ~
|l|вҳҶHEDGEHOGMEOW
|player|p1|
|j|вҳҶHEDGEHOGMEOW
|player|p1|HEDGEHOGMEOW|170|
|l|вҳҶHEDGEHOGMEOW
|player|p1|
