|j|☆Crowy09
|j|☆Kotestplayer
|html|Crowy09Kotestplayer    
|uhtml|bestof|Game 2 of a best-of-3
|t:|1786156973
|gametype|doubles
|player|p1|Crowy09|chuck|1092
|player|p2|Kotestplayer|266|1173
|gen|9
|tier|[Gen 9 Champions] VGC 2026 Reg M-B (Bo3)
|rated|
|rule|Species Clause: Limit one of each Pokémon
|rule|Item Clause: Limit 1 of each item
|clearpoke
|poke|p1|Annihilape, L50, M|
|poke|p1|Charizard, L50, M|
|poke|p1|Toxapex, L50, F|
|poke|p1|Metagross, L50|
|poke|p1|Incineroar, L50, M|
|poke|p1|Hydreigon, L50, M|
|poke|p2|Whimsicott, L50, M|
|poke|p2|Garchomp, L50, F|
|poke|p2|Sylveon, L50, M|
|poke|p2|Gholdengo, L50|
|poke|p2|Gyarados, L50, M|
|poke|p2|Raichu, L50, F|
|teampreview|4
|showteam|p1|Annihilape||FocusSash|Defiant|PhantomForce,CloseCombat,RockTomb,Protect|Adamant||M|||50|]Charizard||CharizarditeY|Blaze|HeatWave,WeatherBall,SolarBeam,Protect|Modest||M|||50|]Toxapex||Leftovers|Regenerator|Toxic,Infestation,WideGuard,BanefulBunker|Bold||F|||50|]Metagross||Metagrossite|ClearBody|BulletPunch,PsychicFangs,StompingTantrum,Protect|Jolly|||||50|]Incineroar||SitrusBerry|Intimidate|FlareBlitz,ThroatChop,PartingShot,FakeOut|Impish||M|||50|]Hydreigon||ChoiceScarf|Levitate|DarkPulse,DracoMeteor,Snarl,HeatWave|Modest||M|||50|
|showteam|p2|Whimsicott||FocusSash|Prankster|Moonblast,Tailwind,Encore,Protect|Timid||M|||50|]Garchomp||LifeOrb|RoughSkin|DragonClaw,StompingTantrum,RockSlide,Protect|Jolly||F|||50|]Sylveon||FairyFeather|Pixilate|HyperVoice,HyperBeam,QuickAttack,Detect|Modest||M|||50|]Gholdengo||SitrusBerry|GoodasGold|MakeItRain,ShadowBall,NastyPlot,Protect|Modest|||||50|]Gyarados||Gyaradosite|Intimidate|Waterfall,LashOut,DragonDance,Protect|Adamant||M|||50|]Raichu||RaichuniteY|Static|FakeOut,ZapCannon,FocusBlast,Protect|Timid||F|||50|
|
|t:|1786157017
|teamsize|p1|4
|teamsize|p2|4
|start
|switch|p1a: Charizard|Charizard, L50, M|100/100
|switch|p1b: Incineroar|Incineroar, L50, M|100/100
|switch|p2a: Garchomp|Garchomp, L50, F|100/100
|switch|p2b: Raichu|Raichu, L50, F|100/100
|-ability|p1b: Incineroar|Intimidate|boost
|-unboost|p2a: Garchomp|atk|1
|-unboost|p2b: Raichu|atk|1
|turn|1
|inactive|Battle timer is ON: inactive players will automatically lose when time's up. (requested by Kotestplayer)
|
|t:|1786157042
|move|p1a: Charizard|Protect|p1a: Charizard
|-singleturn|p1a: Charizard|Protect
|move|p2b: Raichu|Fake Out|p1b: Incineroar
|-damage|p1b: Incineroar|95/100
|move|p2a: Garchomp|Rock Slide|p1a: Charizard|[spread] p1b
|-activate|p1a: Charizard|move: Protect
|-supereffective|p1b: Incineroar|1
|-damage|p1b: Incineroar|71/100
|-damage|p2a: Garchomp|90/100|[from] item: Life Orb
|cant|p1b: Incineroar|flinch
|
|upkeep
|turn|2
|
|t:|1786157067
|switch|p1a: Hydreigon|Hydreigon, L50, M|100/100
|detailschange|p2b: Raichu|Raichu-Mega-Y, L50, F
|-mega|p2b: Raichu|Raichu|Raichunite Y
|move|p2b: Raichu|Zap Cannon|p1a: Hydreigon
|-resisted|p1a: Hydreigon|1
|-damage|p1a: Hydreigon|57/100
|-status|p1a: Hydreigon|par
|move|p2a: Garchomp|Rock Slide|p1a: Hydreigon|[spread] p1a,p1b
|-supereffective|p1b: Incineroar|1
|-damage|p1a: Hydreigon|38/100 par
|-damage|p1b: Incineroar|45/100
|-enditem|p1b: Incineroar|Sitrus Berry|[eat]
|-heal|p1b: Incineroar|70/100|[from] item: Sitrus Berry
|-damage|p2a: Garchomp|80/100|[from] item: Life Orb
|cant|p1b: Incineroar|flinch
|
|upkeep
|turn|3
|inactive|Crowy09 has 30 seconds left.
|inactive|Kotestplayer has 30 seconds left.
|inactive|Crowy09 has 20 seconds left.
|inactive|Crowy09 has 15 seconds left.
|
|t:|1786157107
|switch|p1a: Toxapex|Toxapex, L50, F|100/100
|move|p2a: Garchomp|Protect|p2a: Garchomp
|-singleturn|p2a: Garchomp|Protect
|move|p2b: Raichu|Focus Blast|p1a: Toxapex
|-resisted|p1a: Toxapex|1
|-damage|p1a: Toxapex|82/100
|move|p1b: Incineroar|Parting Shot|p2b: Raichu
|-unboost|p2b: Raichu|atk|1
|-unboost|p2b: Raichu|spa|1
|
|t:|1786157124
|switch|p1b: Charizard|Charizard, L50, M|100/100|[from] Parting Shot
|
|-heal|p1a: Toxapex|87/100|[from] item: Leftovers
|upkeep
|turn|4
|inactive|Crowy09 has 30 seconds left.
|
|t:|1786157151
|switch|p2a: Gholdengo|Gholdengo, L50|100/100
|detailschange|p1b: Charizard|Charizard-Mega-Y, L50, M
|-mega|p1b: Charizard|Charizard|Charizardite Y
|-weather|SunnyDay|[from] ability: Drought|[of] p1b: Charizard
|move|p1a: Toxapex|Wide Guard|p1a: Toxapex
|-singleturn|p1a: Toxapex|Wide Guard
|move|p2b: Raichu|Zap Cannon|p1b: Charizard
|-supereffective|p1b: Charizard|1
|-damage|p1b: Charizard|9/100
|-status|p1b: Charizard|par
|move|p1b: Charizard|Weather Ball|p2b: Raichu
|-damage|p2b: Raichu|0 fnt
|faint|p2b: Raichu
|
|-weather|SunnyDay|[upkeep]
|-heal|p1a: Toxapex|93/100|[from] item: Leftovers
|upkeep
|
|t:|1786157173
|switch|p2b: Garchomp|Garchomp, L50, F|80/100
|turn|5
|
|t:|1786157188
|move|p1b: Charizard|Protect|p1b: Charizard
|-singleturn|p1b: Charizard|Protect
|move|p2b: Garchomp|Dragon Claw|p1b: Charizard
|-activate|p1b: Charizard|move: Protect
|move|p2a: Gholdengo|Nasty Plot|p2a: Gholdengo
|-boost|p2a: Gholdengo|spa|2
|move|p1a: Toxapex|Toxic|p2b: Garchomp
|-status|p2b: Garchomp|tox
|
|-weather|SunnyDay|[upkeep]
|-heal|p1a: Toxapex|99/100|[from] item: Leftovers
|-damage|p2b: Garchomp|74/100 tox|[from] psn
|upkeep
|turn|6
|inactive|Crowy09 has 30 seconds left.
|inactive|Kotestplayer has 30 seconds left.
|
|t:|1786157218
|move|p1a: Toxapex|Wide Guard|p1a: Toxapex
|-singleturn|p1a: Toxapex|Wide Guard
|move|p2b: Garchomp|Dragon Claw|p1b: Charizard
|-damage|p1b: Charizard|0 fnt
|faint|p1b: Charizard
|-damage|p2b: Garchomp|64/100 tox|[from] item: Life Orb
|move|p2a: Gholdengo|Shadow Ball|p1a: Toxapex
|-damage|p1a: Toxapex|26/100
|
|-weather|SunnyDay|[upkeep]
|-heal|p1a: Toxapex|31/100|[from] item: Leftovers
|-damage|p2b: Garchomp|52/100 tox|[from] psn
|upkeep
|
|t:|1786157234
|switch|p1b: Incineroar|Incineroar, L50, M|70/100
|-ability|p1b: Incineroar|Intimidate|boost
|-unboost|p2a: Gholdengo|atk|1
|-unboost|p2b: Garchomp|atk|1
|turn|7
|
|t:|1786157241
|switch|p2b: Gyarados|Gyarados, L50, M|100/100
|-ability|p2b: Gyarados|Intimidate|boost
|-unboost|p1a: Toxapex|atk|1
|-unboost|p1b: Incineroar|atk|1
|-heal|p1a: Toxapex|64/100|[from] ability: Regenerator|[silent]
|switch|p1a: Hydreigon|Hydreigon, L50, M|38/100 par
|move|p2a: Gholdengo|Protect|p2a: Gholdengo
|-singleturn|p2a: Gholdengo|Protect
|move|p1b: Incineroar|Flare Blitz|p2a: Gholdengo
|-activate|p2a: Gholdengo|move: Protect
|
|-weather|SunnyDay|[upkeep]
|upkeep
|turn|8
|inactive|Kotestplayer has 30 seconds left.
|
|t:|1786157273
|move|p2b: Gyarados|Dragon Dance|p2b: Gyarados
|-boost|p2b: Gyarados|atk|1
|-boost|p2b: Gyarados|spe|1
|move|p2a: Gholdengo|Make It Rain|p1b: Incineroar|[spread] p1a,p1b
|-resisted|p1b: Incineroar|1
|-damage|p1a: Hydreigon|0 fnt
|-damage|p1b: Incineroar|32/100
|-unboost|p2a: Gholdengo|spa|2
|faint|p1a: Hydreigon
|move|p1b: Incineroar|Parting Shot|p2b: Gyarados
|-unboost|p2b: Gyarados|atk|1
|-unboost|p2b: Gyarados|spa|1
|
|t:|1786157284
|switch|p1b: Toxapex|Toxapex, L50, F|64/100|[from] Parting Shot
|
|-weather|none
|-heal|p1b: Toxapex|70/100|[from] item: Leftovers
|upkeep
|
|t:|1786157289
|switch|p1a: Incineroar|Incineroar, L50, M|32/100
|-ability|p1a: Incineroar|Intimidate|boost
|-unboost|p2a: Gholdengo|atk|1
|-unboost|p2b: Gyarados|atk|1
|turn|9
|
|t:|1786157301
|switch|p2b: Garchomp|Garchomp, L50, F|52/100 tox
|move|p2a: Gholdengo|Protect|p2a: Gholdengo
|-singleturn|p2a: Gholdengo|Protect
|move|p1b: Toxapex|Wide Guard|p1b: Toxapex
|-singleturn|p1b: Toxapex|Wide Guard
|move|p1a: Incineroar|Flare Blitz|p2a: Gholdengo
|-activate|p2a: Gholdengo|move: Protect
|
|-heal|p1b: Toxapex|76/100|[from] item: Leftovers
|-damage|p2b: Garchomp|46/100 tox|[from] psn
|upkeep
|turn|10
|
|t:|1786157323
|switch|p2a: Gyarados|Gyarados, L50, M|100/100
|-ability|p2a: Gyarados|Intimidate|boost
|-unboost|p1a: Incineroar|atk|1
|-unboost|p1b: Toxapex|atk|1
|move|p2b: Garchomp|Stomping Tantrum|p1a: Incineroar
|-supereffective|p1a: Incineroar|1
|-damage|p1a: Incineroar|0 fnt
|faint|p1a: Incineroar
|-damage|p2b: Garchomp|36/100 tox|[from] item: Life Orb
|move|p1b: Toxapex|Infestation|p2a: Gyarados
|-resisted|p2a: Gyarados|1
|-damage|p2a: Gyarados|98/100
|-activate|p2a: Gyarados|move: Infestation|[of] p1b: Toxapex
|
|-heal|p1b: Toxapex|82/100|[from] item: Leftovers
|-damage|p2b: Garchomp|24/100 tox|[from] psn
|-damage|p2a: Gyarados|86/100|[from] move: Infestation|[partiallytrapped]
|upkeep
|turn|11
|
|t:|1786157343
|move|p1b: Toxapex|Baneful Bunker|p1b: Toxapex
|-singleturn|p1b: Toxapex|move: Protect
|move|p2b: Garchomp|Stomping Tantrum|p1b: Toxapex
|-activate|p1b: Toxapex|move: Protect
|move|p2a: Gyarados|Dragon Dance|p2a: Gyarados
|-boost|p2a: Gyarados|atk|1
|-boost|p2a: Gyarados|spe|1
|
|-heal|p1b: Toxapex|87/100|[from] item: Leftovers
|-damage|p2b: Garchomp|6/100 tox|[from] psn
|-damage|p2a: Gyarados|73/100|[from] move: Infestation|[partiallytrapped]
|upkeep
|turn|12
|
|t:|1786157359
|move|p2a: Gyarados|Dragon Dance|p2a: Gyarados
|-boost|p2a: Gyarados|atk|1
|-boost|p2a: Gyarados|spe|1
|move|p2b: Garchomp|Stomping Tantrum|p1b: Toxapex
|-supereffective|p1b: Toxapex|1
|-damage|p1b: Toxapex|13/100
|-damage|p2b: Garchomp|0 fnt|[from] item: Life Orb
|faint|p2b: Garchomp
|move|p1b: Toxapex|Toxic|p2a: Gyarados
|-status|p2a: Gyarados|tox
|
|-heal|p1b: Toxapex|19/100|[from] item: Leftovers
|-damage|p2a: Gyarados|67/100 tox|[from] psn
|-damage|p2a: Gyarados|55/100 tox|[from] move: Infestation|[partiallytrapped]
|upkeep
|
|t:|1786157374
|switch|p2b: Gholdengo|Gholdengo, L50|100/100
|turn|13
|
|t:|1786157379
|move|p1b: Toxapex|Baneful Bunker|p1b: Toxapex
|-singleturn|p1b: Toxapex|move: Protect
|move|p2a: Gyarados|Waterfall|p1b: Toxapex
|-activate|p1b: Toxapex|move: Protect
|move|p2b: Gholdengo|Nasty Plot|p2b: Gholdengo
|-boost|p2b: Gholdengo|spa|2
|
|-heal|p1b: Toxapex|24/100|[from] item: Leftovers
|-damage|p2a: Gyarados|43/100 tox|[from] psn
|-damage|p2a: Gyarados|31/100 tox|[from] move: Infestation|[partiallytrapped]
|upkeep
|turn|14
|
|t:|1786157396
|move|p1b: Toxapex|Baneful Bunker|p1b: Toxapex
|-singleturn|p1b: Toxapex|move: Protect
|move|p2a: Gyarados|Lash Out|p1b: Toxapex
|-activate|p1b: Toxapex|move: Protect
|move|p2b: Gholdengo|Shadow Ball|p1b: Toxapex
|-activate|p1b: Toxapex|move: Protect
|
|-heal|p1b: Toxapex|30/100|[from] item: Leftovers
|-damage|p2a: Gyarados|13/100 tox|[from] psn
|-end|p2a: Gyarados|Infestation|[partiallytrapped]
|upkeep
|turn|15
|
|t:|1786157411
|move|p2a: Gyarados|Lash Out|p1b: Toxapex
|-damage|p1b: Toxapex|0 fnt
|faint|p1b: Toxapex
|
|win|Kotestplayer
||Crowy09 is ready for game 3.
||Kotestplayer is ready for game 3.
|uhtml|next|Next: Game 3 of 3
|l|☆Kotestplayer
|player|p2|
