|j|☆panflex00
|j|☆XelaMaster
|html|panflex00XelaMaster    
|uhtml|bestof|Game 1 of a best-of-3
|t:|1782712047
|gametype|doubles
|player|p1|panflex00|steven-masters|1115
|player|p2|XelaMaster|volkner|1105
|gen|9
|tier|[Gen 9 Champions] VGC 2026 Reg M-B (Bo3)
|rated|
|rule|Species Clause: Limit one of each Pokémon
|rule|Item Clause: Limit 1 of each item
|clearpoke
|poke|p1|Mimikyu, L50, M|
|poke|p1|Orthworm, L50, M|
|poke|p1|Talonflame, L50, M|
|poke|p1|Garchomp, L50, M|
|poke|p1|Sinistcha, L50|
|poke|p1|Rotom-Wash, L50|
|poke|p2|Gardevoir, L50, M|
|poke|p2|Maushold-Four, L50|
|poke|p2|Basculegion, L50, M|
|poke|p2|Kingambit, L50, F|
|poke|p2|Talonflame, L50, M|
|poke|p2|Garchomp, L50, M|
|teampreview|4
|showteam|p1|Mimikyu||FocusSash|Disguise|ShadowClaw,PlayRough,DrainPunch,SwordsDance|Jolly||M|||50|]Orthworm||SitrusBerry|EarthEater|HeavySlam,BodyPress,ShedTail,Protect|Impish||M|||50|]Talonflame||SharpBeak|GaleWings|FlareBlitz,BraveBird,Tailwind,Protect|Jolly||M|||50|]Garchomp||LifeOrb|RoughSkin|DragonClaw,Earthquake,RockSlide,Protect|Jolly||M|||50|]Sinistcha||Leftovers|Hospitality|MatchaGotcha,RagePowder,LifeDew,TrickRoom|Modest|||||50|]Rotom-Wash||ChoiceScarf|Levitate|HydroPump,Thunderbolt,VoltSwitch,WillOWisp|Timid|||||50|
|showteam|p2|Gardevoir||Gardevoirite|Telepathy|HyperVoice,Protect,Psyshock,TrickRoom|Modest||M|||50|]Maushold-Four||FocusSash|FriendGuard|FollowMe,Encore,SuperFang,Protect|Jolly|||||50|]Basculegion||SitrusBerry|Adaptability|AquaJet,LastRespects,WaveCrash,Protect|Adamant||M|||50|]Kingambit||ChopleBerry|Defiant|Protect,SuckerPunch,KowtowCleave,IronHead|Adamant||F|||50|]Talonflame|||GaleWings|Tailwind,WillOWisp,Acrobatics,Protect|Jolly||M|||50|]Garchomp||LifeOrb|RoughSkin|Earthquake,RockSlide,DragonClaw,Protect|Adamant||M|||50|
|inactive|Battle timer is ON: inactive players will automatically lose when time's up. (requested by XelaMaster)
|inactive|XelaMaster has 60 seconds left.
|
|t:|1782712086
|teamsize|p1|4
|teamsize|p2|4
|start
|switch|p1a: Talonflame|Talonflame, L50, M|100/100
|switch|p1b: Orthworm|Orthworm, L50, M|100/100
|switch|p2a: Talonflame|Talonflame, L50, M|100/100
|switch|p2b: Gardevoir|Gardevoir, L50, M|100/100
|turn|1
|
|t:|1782712110
|switch|p2b: Basculegion|Basculegion, L50, M|100/100
|move|p1a: Talonflame|Tailwind|p1a: Talonflame
|-sidestart|p1: panflex00|move: Tailwind
|move|p1b: Orthworm|Shed Tail|p1b: Orthworm
|-start|p1b: Orthworm|Substitute|[from] move: Shed Tail
|-damage|p1b: Orthworm|49/100
|-enditem|p1b: Orthworm|Sitrus Berry|[eat]
|-heal|p1b: Orthworm|74/100|[from] item: Sitrus Berry
|
|t:|1782712124
|switch|p1b: Mimikyu|Mimikyu, L50, M|100/100|[from] Shed Tail
|move|p2a: Talonflame|Will-O-Wisp||[still]
|-fail|p2a: Talonflame
|
|upkeep
|turn|2
|
|t:|1782712137
|move|p1a: Talonflame|Brave Bird|p2b: Basculegion
|-damage|p2b: Basculegion|39/100
|-enditem|p2b: Basculegion|Sitrus Berry|[eat]
|-heal|p2b: Basculegion|63/100|[from] item: Sitrus Berry
|-damage|p1a: Talonflame|71/100|[from] Recoil
|move|p2a: Talonflame|Acrobatics|p1b: Mimikyu
|-end|p1b: Mimikyu|Substitute
|move|p2b: Basculegion|Aqua Jet|p1a: Talonflame
|-supereffective|p1a: Talonflame|1
|-damage|p1a: Talonflame|0 fnt
|faint|p1a: Talonflame
|move|p1b: Mimikyu|Swords Dance|p1b: Mimikyu
|-boost|p1b: Mimikyu|atk|2
|
|upkeep
|
|t:|1782712151
|switch|p1a: Garchomp|Garchomp, L50, M|100/100
|turn|3
|inactive|XelaMaster has 30 seconds left.
|
|t:|1782712186
|move|p2b: Basculegion|Aqua Jet|p1b: Mimikyu
|-activate|p1b: Mimikyu|ability: Disguise
|-damage|p1b: Mimikyu|100/100
|detailschange|p1b: Mimikyu|Mimikyu-Busted, L50, M
|-damage|p1b: Mimikyu|87/100|[from] pokemon: Mimikyu-Busted
|move|p1a: Garchomp|Rock Slide|p2b: Basculegion|[spread] p2b
|-miss|p1a: Garchomp|p2a: Talonflame
|-damage|p2b: Basculegion|32/100
|-damage|p1a: Garchomp|90/100|[from] item: Life Orb
|move|p1b: Mimikyu|Shadow Claw|p2b: Basculegion
|-supereffective|p2b: Basculegion|1
|-crit|p2b: Basculegion
|-damage|p2b: Basculegion|0 fnt
|faint|p2b: Basculegion
|move|p2a: Talonflame|Will-O-Wisp|p1a: Garchomp
|-status|p1a: Garchomp|brn
|
|-damage|p1a: Garchomp|84/100 brn|[from] brn
|upkeep
|inactive|XelaMaster has 30 seconds left.
|
|t:|1782712215
|switch|p2b: Gardevoir|Gardevoir, L50, M|100/100
|turn|4
|inactive|XelaMaster has 30 seconds left.
|
|t:|1782712240
|switch|p2a: Maushold|Maushold-Four, L50|100/100
|detailschange|p2b: Gardevoir|Gardevoir-Mega, L50, M
|-mega|p2b: Gardevoir|Gardevoir|Gardevoirite
|move|p2b: Gardevoir|Protect|p2b: Gardevoir
|-singleturn|p2b: Gardevoir|Protect
|move|p1a: Garchomp|Rock Slide|p2b: Gardevoir|[spread] p2a
|-activate|p2b: Gardevoir|move: Protect
|-damage|p2a: Maushold|83/100
|-damage|p1a: Garchomp|74/100 brn|[from] item: Life Orb
|move|p1b: Mimikyu|Shadow Claw|p2b: Gardevoir
|-activate|p2b: Gardevoir|move: Protect
|
|-damage|p1a: Garchomp|68/100 brn|[from] brn
|-sideend|p1: panflex00|move: Tailwind
|upkeep
|turn|5
|
|t:|1782712264
|switch|p1a: Orthworm|Orthworm, L50, M|74/100
|move|p2a: Maushold|Follow Me|p2a: Maushold
|-singleturn|p2a: Maushold|move: Follow Me
|move|p1b: Mimikyu|Drain Punch|p2a: Maushold
|-supereffective|p2a: Maushold|1
|-damage|p2a: Maushold|0 fnt
|-heal|p1b: Mimikyu|100/100|[from] drain|[of] p2a: Maushold
|faint|p2a: Maushold
|move|p2b: Gardevoir|Hyper Voice|p1a: Orthworm|[spread] p1a,p1b
|-resisted|p1a: Orthworm|1
|-crit|p1a: Orthworm
|-damage|p1a: Orthworm|7/100
|-damage|p1b: Mimikyu|29/100
|
|upkeep
|
|t:|1782712268
|switch|p2a: Talonflame|Talonflame, L50, M|100/100
|turn|6
|inactive|panflex00 has 30 seconds left.
|
|t:|1782712294
|move|p2a: Talonflame|Acrobatics|p1b: Mimikyu
|-damage|p1b: Mimikyu|0 fnt
|faint|p1b: Mimikyu
|move|p2b: Gardevoir|Psyshock|p1a: Orthworm
|-resisted|p1a: Orthworm|1
|-damage|p1a: Orthworm|0 fnt
|faint|p1a: Orthworm
|
|upkeep
|
|t:|1782712301
|switch|p1b: Garchomp|Garchomp, L50, M|68/100 brn
|turn|7
|
|t:|1782712311
|move|p2a: Talonflame|Acrobatics|p1b: Garchomp
|-damage|p1b: Garchomp|29/100 brn
|-damage|p2a: Talonflame|87/100|[from] ability: Rough Skin|[of] p1b: Garchomp
|move|p1b: Garchomp|Rock Slide|p2b: Gardevoir|[spread] p2a,p2b
|-supereffective|p2a: Talonflame|2
|-damage|p2a: Talonflame|14/100
|-damage|p2b: Gardevoir|82/100
|-damage|p1b: Garchomp|19/100 brn|[from] item: Life Orb
|move|p2b: Gardevoir|Hyper Voice|p1b: Garchomp
|-supereffective|p1b: Garchomp|1
|-damage|p1b: Garchomp|0 fnt
|faint|p1b: Garchomp
|
|win|XelaMaster
|inactive|panflex00 has 30 seconds to confirm battle start!
|inactive|XelaMaster has 30 seconds to confirm battle start!
||panflex00 is ready for game 2.
