|j|☆karissel
|j|☆AS917855
|html|karisselAS917855    
|uhtml|bestof|Game 1 of a best-of-3
|t:|1785731693
|gametype|doubles
|player|p1|karissel|burgh-masters|1273
|player|p2|AS917855|cynthia-gen4|1062
|gen|9
|tier|[Gen 9 Champions] VGC 2026 Reg M-B (Bo3)
|rated|
|rule|Species Clause: Limit one of each Pokémon
|rule|Item Clause: Limit 1 of each item
|clearpoke
|poke|p1|Arcanine-Hisui, L50, M|
|poke|p1|Staraptor, L50, F|
|poke|p1|Farigiraf, L50, F|
|poke|p1|Sylveon, L50, M|
|poke|p1|Kingambit, L50, M|
|poke|p1|Raichu, L50, M|
|poke|p2|Gholdengo, L50|
|poke|p2|Charizard, L50, F|
|poke|p2|Garchomp, L50, M|
|poke|p2|Sneasler, L50, M|
|poke|p2|Basculegion, L50, M|
|poke|p2|Glimmora, L50, M|
|teampreview|4
|showteam|p1|Arcanine-Hisui||FocusSash|RockHead|Protect,ExtremeSpeed,HeadSmash,FlareBlitz|Jolly||M|||50|]Staraptor||Staraptite|Intimidate|Tailwind,DualWingbeat,CloseCombat,Protect|Jolly||F|||50|]Farigiraf||SitrusBerry|ArmorTail|Protect,Psychic,TrickRoom,HelpingHand|Calm||F|||50|]Sylveon||FairyFeather|Pixilate|Protect,HyperVoice,HyperBeam,QuickAttack|Modest||M|||50|]Kingambit||LifeOrb|Defiant|SwordsDance,KowtowCleave,SuckerPunch,Protect|Adamant||M|||50|]Raichu||RaichuniteY|LightningRod|Protect,ZapCannon,FakeOut,FocusBlast|Hasty||M|||50|
|showteam|p2|Gholdengo||Leftovers|GoodasGold|MakeItRain,NastyPlot,FocusBlast,DazzlingGleam|Modest|||||50|]Charizard||CharizarditeY|SolarPower|AirSlash,HeatWave,Roost,DragonPulse|Modest||F|||50|]Garchomp||LifeOrb|RoughSkin|Earthquake,Liquidation,DragonClaw,SwordsDance|Jolly||M|||50|]Sneasler||FocusSash|Unburden|CloseCombat,FakeOut,DireClaw,ThroatChop|Jolly||M|||50|]Basculegion||ChoiceScarf|Adaptability|LastRespects,Liquidation,WaveCrash,Outrage|Adamant||M|||50|]Glimmora||SitrusBerry|ToxicDebris|DazzlingGleam,EarthPower,EnergyBall,LightScreen|Modest||M|||50|
|inactive|Battle timer is ON: inactive players will automatically lose when time's up. (requested by karissel)
|inactive|karissel has 60 seconds left.
|
|t:|1785731745
|teamsize|p1|4
|teamsize|p2|4
|start
|switch|p1a: Staraptor|Staraptor, L50, F|100/100
|switch|p1b: Arcanine|Arcanine-Hisui, L50, M|100/100
|switch|p2a: Gholdengo|Gholdengo, L50|100/100
|switch|p2b: Glimmora|Glimmora, L50, M|100/100
|-ability|p1a: Staraptor|Intimidate|boost
|-unboost|p2a: Gholdengo|atk|1
|-unboost|p2b: Glimmora|atk|1
|turn|1
|
|t:|1785731770
|detailschange|p1a: Staraptor|Staraptor-Mega, L50, F
|-mega|p1a: Staraptor|Staraptor|Staraptite
|move|p1b: Arcanine|Protect|p1b: Arcanine
|-singleturn|p1b: Arcanine|Protect
|move|p1a: Staraptor|Tailwind|p1a: Staraptor
|-sidestart|p1: karissel|move: Tailwind
|move|p2a: Gholdengo|Dazzling Gleam|p1b: Arcanine|[spread] p1a
|-activate|p1b: Arcanine|move: Protect
|-supereffective|p1a: Staraptor|1
|-damage|p1a: Staraptor|50/100g
|move|p2b: Glimmora|Earth Power|p1b: Arcanine
|-activate|p1b: Arcanine|move: Protect
|
|upkeep
|turn|2
|
|t:|1785731789
|move|p1a: Staraptor|Close Combat|p2b: Glimmora
|-damage|p2b: Glimmora|47/100
|-boost|p1a: Staraptor|def|1
|-boost|p1a: Staraptor|spd|1
|-activate|p2b: Glimmora|ability: Toxic Debris
|-sidestart|p1: karissel|move: Toxic Spikes
|-enditem|p2b: Glimmora|Sitrus Berry|[eat]
|-heal|p2b: Glimmora|72/100|[from] item: Sitrus Berry
|move|p1b: Arcanine|Flare Blitz|p2a: Gholdengo
|-supereffective|p2a: Gholdengo|1
|-crit|p2a: Gholdengo
|-damage|p2a: Gholdengo|0 fnt
|faint|p2a: Gholdengo
|move|p2b: Glimmora|Light Screen|p2b: Glimmora
|-sidestart|p2: AS917855|move: Light Screen
|
|upkeep
|
|t:|1785731808
|switch|p2a: Charizard|Charizard, L50, F|100/100
|turn|3
|
|t:|1785731820
|move|p1a: Staraptor|Close Combat|p2b: Glimmora
|-damage|p2b: Glimmora|10/100
|-boost|p1a: Staraptor|def|1
|-boost|p1a: Staraptor|spd|1
|-activate|p2b: Glimmora|ability: Toxic Debris
|-sidestart|p1: karissel|move: Toxic Spikes
|move|p1b: Arcanine|Head Smash|p2a: Charizard
|-supereffective|p2a: Charizard|2
|-damage|p2a: Charizard|0 fnt
|faint|p2a: Charizard
|move|p2b: Glimmora|Dazzling Gleam|p1b: Arcanine|[spread] p1a,p1b
|-supereffective|p1a: Staraptor|1
|-resisted|p1b: Arcanine|1
|-damage|p1a: Staraptor|28/100
|-damage|p1b: Arcanine|85/100
|
|upkeep
|
|t:|1785731835
|switch|p2a: Garchomp|Garchomp, L50, M|100/100
|turn|4
|
|t:|1785731844
|move|p1a: Staraptor|Close Combat|p2b: Glimmora
|-damage|p2b: Glimmora|0 fnt
|-boost|p1a: Staraptor|def|1
|-boost|p1a: Staraptor|spd|1
|faint|p2b: Glimmora
|move|p1b: Arcanine|Head Smash|p2a: Garchomp
|-resisted|p2a: Garchomp|1
|-crit|p2a: Garchomp
|-damage|p2a: Garchomp|42/100
|-damage|p1b: Arcanine|73/100|[from] ability: Rough Skin|[of] p2a: Garchomp
|move|p2a: Garchomp|Liquidation|p1b: Arcanine
|-supereffective|p1b: Arcanine|2
|-damage|p1b: Arcanine|0 fnt
|faint|p1b: Arcanine
|-damage|p2a: Garchomp|32/100|[from] item: Life Orb
|
|-sideend|p1: karissel|move: Tailwind
|upkeep
|
|t:|1785731853
|switch|p1b: Sylveon|Sylveon, L50, M|100/100
|-status|p1b: Sylveon|tox
|turn|5
|
|t:|1785731866
|move|p1a: Staraptor|Tailwind|p1a: Staraptor
|-sidestart|p1: karissel|move: Tailwind
|move|p2a: Garchomp|Earthquake|p1b: Sylveon|[spread] p1b
|-immune|p1a: Staraptor
|-damage|p1b: Sylveon|49/100 tox
|-damage|p2a: Garchomp|23/100|[from] item: Life Orb
|move|p1b: Sylveon|Hyper Voice|p2a: Garchomp
|-supereffective|p2a: Garchomp|1
|-damage|p2a: Garchomp|0 fnt
|faint|p2a: Garchomp
|
|win|karissel
