|j|☆EDJPP
|j|☆adribor_
|html|EDJPPadribor_    
|uhtml|bestof|Game 1 of a best-of-3
|t:|1784740382
|gametype|doubles
|player|p1|EDJPP|volkner|1102
|player|p2|adribor_|nate|1000
|gen|9
|tier|[Gen 9 Champions] VGC 2026 Reg M-B (Bo3)
|rated|
|rule|Species Clause: Limit one of each Pokémon
|rule|Item Clause: Limit 1 of each item
|clearpoke
|poke|p1|Froslass, L50, F|
|poke|p1|Sneasler, L50, F|
|poke|p1|Lycanroc-Dusk, L50, M|
|poke|p1|Garchomp, L50, F|
|poke|p1|Talonflame, L50, F|
|poke|p1|Rotom-Mow, L50|
|poke|p2|Charizard, L50, M|
|poke|p2|Metagross, L50, shiny|
|poke|p2|Sinistcha, L50|
|poke|p2|Sneasler, L50, M, shiny|
|poke|p2|Milotic, L50, F, shiny|
|poke|p2|Aerodactyl, L50, F, shiny|
|teampreview|4
|showteam|p1|Froslass||Froslassite|CursedBody|Blizzard,Protect,ShadowBall,AuroraVeil|Timid||F|||50|]Sneasler||WhiteHerb|Unburden|CloseCombat,FakeOut,DireClaw,Protect|Jolly||F|||50|]Lycanroc-Dusk||ExpertBelt|ToughClaws|Accelerock,CloseCombat,Protect,Trailblaze|Adamant||M|||50|]Garchomp||ChoiceScarf|RoughSkin|Earthquake,DragonClaw,RockSlide,StompingTantrum|Jolly||F|||50|]Talonflame|||GaleWings|Tailwind,Protect,FlareBlitz,Acrobatics|Adamant||F|||50|]Rotom-Mow||SitrusBerry|Levitate|DarkPulse,Protect,Thunderbolt,LeafStorm|Timid|||||50|
|showteam|p2|Charizard||CharizarditeX|Blaze|FlareBlitz,DragonClaw,DragonDance,Protect|Adamant||M|||50|]Metagross||Metagrossite|ClearBody|PsychicFangs,IronHead,ThunderPunch,Protect|Adamant|||||50|]Sinistcha||SitrusBerry|Hospitality|MatchaGotcha,TrickRoom,Imprison,RagePowder|Bold|||||50|]Sneasler||WhiteHerb|Unburden|CloseCombat,DireClaw,FakeOut,Coaching|Jolly||M|||50|]Milotic||Leftovers|Competitive|IceBeam,Scald,Protect,LifeDew|Bold||F|||50|]Aerodactyl||FocusSash|Unnerve|RockSlide,Protect,Tailwind,DualWingbeat|Jolly||F|||50|
|inactive|Battle timer is ON: inactive players will automatically lose when time's up. (requested by EDJPP)
|inactive|EDJPP has 60 seconds left.
|inactive|EDJPP has 30 seconds left.
|inactive|EDJPP has 20 seconds left.
|inactive|EDJPP has 15 seconds left.
|inactive|EDJPP has 10 seconds left.
|inactive|EDJPP has 5 seconds left.
|
|t:|1784740473
|teamsize|p1|4
|teamsize|p2|4
|start
|switch|p1a: Froslass|Froslass, L50, F|100/100
|switch|p1b: Sneasler|Sneasler, L50, F|100/100
|switch|p2a: Aerodactyl|Aerodactyl, L50, F, shiny|100/100
|switch|p2b: Charizard|Charizard, L50, M|100/100
|-ability|p2a: Aerodactyl|Unnerve
|turn|1
|inactive|EDJPP has 30 seconds left.
|inactive|adribor_ has 30 seconds left.
|inactive|EDJPP has 20 seconds left.
|inactive|EDJPP has 15 seconds left.
|inactive|EDJPP has 10 seconds left.
|
|t:|1784740520
|detailschange|p1a: Froslass|Froslass-Mega, L50, F
|-mega|p1a: Froslass|Froslass|Froslassite
|-weather|Snowscape|[from] ability: Snow Warning|[of] p1a: Froslass
|detailschange|p2b: Charizard|Charizard-Mega-X, L50, M
|-mega|p2b: Charizard|Charizard|Charizardite X
|move|p1b: Sneasler|Fake Out|p2b: Charizard
|-damage|p2b: Charizard|85/100
|move|p2a: Aerodactyl|Rock Slide|p1b: Sneasler|[spread] p1a,p1b
|-supereffective|p1a: Froslass|1
|-resisted|p1b: Sneasler|1
|-damage|p1a: Froslass|42/100
|-damage|p1b: Sneasler|80/100
|move|p1a: Froslass|Aurora Veil|p1a: Froslass
|-sidestart|p1: EDJPP|move: Aurora Veil
|cant|p2b: Charizard|flinch
|
|-weather|Snowscape|[upkeep]
|upkeep
|turn|2
|
|t:|1784740541
|move|p2a: Aerodactyl|Rock Slide|p1a: Froslass|[spread] p1a,p1b
|-supereffective|p1a: Froslass|1
|-resisted|p1b: Sneasler|1
|-damage|p1a: Froslass|4/100
|-damage|p1b: Sneasler|65/100
|move|p1a: Froslass|Blizzard|p2b: Charizard|[spread] p2a,p2b
|-supereffective|p2a: Aerodactyl|1
|-enditem|p2a: Aerodactyl|Focus Sash
|-damage|p2a: Aerodactyl|1/100
|-damage|p2b: Charizard|27/100
|move|p1b: Sneasler|Close Combat|p2a: Aerodactyl
|-damage|p2a: Aerodactyl|0 fnt
|-unboost|p1b: Sneasler|def|1
|-unboost|p1b: Sneasler|spd|1
|faint|p2a: Aerodactyl
|-enditem|p1b: Sneasler|White Herb
|-clearnegativeboost|p1b: Sneasler|[silent]
|move|p2b: Charizard|Flare Blitz|p1a: Froslass
|-supereffective|p1a: Froslass|1
|-damage|p1a: Froslass|0 fnt
|faint|p1a: Froslass
|-damage|p2b: Charizard|26/100|[from] Recoil
|
|-weather|Snowscape|[upkeep]
|upkeep
|inactive|EDJPP has 30 seconds left.
|
|t:|1784740567
|switch|p2a: Milotic|Milotic, L50, F, shiny|100/100
|switch|p1a: Lycanroc|Lycanroc-Dusk, L50, M|100/100
|turn|3
|
|t:|1784740580
|move|p2b: Charizard|Protect|p2b: Charizard
|-singleturn|p2b: Charizard|Protect
|move|p1b: Sneasler|Dire Claw|p2a: Milotic
|-damage|p2a: Milotic|61/100
|move|p1a: Lycanroc|Trailblaze|p2a: Milotic
|-supereffective|p2a: Milotic|1
|-damage|p2a: Milotic|13/100
|-boost|p1a: Lycanroc|spe|1
|move|p2a: Milotic|Scald|p1a: Lycanroc
|-supereffective|p1a: Lycanroc|1
|-damage|p1a: Lycanroc|40/100
|
|-weather|Snowscape|[upkeep]
|-heal|p2a: Milotic|19/100|[from] item: Leftovers
|upkeep
|turn|4
|
|t:|1784740597
|move|p2a: Milotic|Protect|p2a: Milotic
|-singleturn|p2a: Milotic|Protect
|move|p1a: Lycanroc|Accelerock|p2b: Charizard
|-supereffective|p2b: Charizard|1
|-damage|p2b: Charizard|0 fnt
|faint|p2b: Charizard
|move|p1b: Sneasler|Dire Claw|p2a: Milotic
|-activate|p2a: Milotic|move: Protect
|
|-weather|Snowscape|[upkeep]
|-heal|p2a: Milotic|25/100|[from] item: Leftovers
|upkeep
|
|t:|1784740602
|switch|p2b: Metagross|Metagross, L50, shiny|100/100
|turn|5
|inactive|EDJPP has 30 seconds left.
|
|t:|1784740628
|move|p1b: Sneasler|Close Combat|p2b: Metagross
|-damage|p2b: Metagross|43/100
|-unboost|p1b: Sneasler|def|1
|-unboost|p1b: Sneasler|spd|1
|move|p1a: Lycanroc|Close Combat|p2b: Metagross
|-damage|p2b: Metagross|0 fnt
|-unboost|p1a: Lycanroc|def|1
|-unboost|p1a: Lycanroc|spd|1
|faint|p2b: Metagross
|move|p2a: Milotic|Scald|p1a: Lycanroc
|-supereffective|p1a: Lycanroc|1
|-damage|p1a: Lycanroc|0 fnt
|faint|p1a: Lycanroc
|
|-weather|none
|-heal|p2a: Milotic|31/100|[from] item: Leftovers
|-sideend|p1: EDJPP|move: Aurora Veil
|upkeep
|inactive|EDJPP has 30 seconds left.
|inactive|EDJPP has 20 seconds left.
|inactive|EDJPP has 15 seconds left.
|inactive|EDJPP has 10 seconds left.
|inactive|EDJPP has 5 seconds left.
|
|t:|1784740681
|switch|p1a: Garchomp|Garchomp, L50, F|100/100
|turn|6
|
|t:|1784740689
|move|p1b: Sneasler|Close Combat|p2a: Milotic
|-damage|p2a: Milotic|0 fnt
|-unboost|p1b: Sneasler|def|1
|-unboost|p1b: Sneasler|spd|1
|faint|p2a: Milotic
|
|win|EDJPP
||adribor_ is ready for game 2.
