|j|☆intromition
|j|☆Truevillany123
|html|intromitionTruevillany123    
|uhtml|bestof|Game 2 of a best-of-3
|t:|1757742477
|gametype|doubles
|player|p1|intromition|2|1042
|player|p2|Truevillany123|101|1080
|gen|9
|tier|[Gen 9] VGC 2025 Reg H (Bo3)
|rated|
|rule|Species Clause: Limit one of each Pokémon
|rule|Item Clause: Limit 1 of each item
|clearpoke
|poke|p1|Chandelure, L50, F|
|poke|p1|Ursaluna, L50, M|
|poke|p1|Amoonguss, L50, F|
|poke|p1|Gardevoir, L50, F|
|poke|p1|Indeedee-F, L50, F|
|poke|p1|Drifblim, L50, F|
|poke|p2|Dragonite, L50, F|
|poke|p2|Ursaluna-Bloodmoon, L50, M|
|poke|p2|Gholdengo, L50|
|poke|p2|Annihilape, L50, F|
|poke|p2|Ninetales-Alola, L50, M|
|poke|p2|Rillaboom, L50, F|
|teampreview|4
|showteam|p1|Chandelure||Charcoal|FlashFire|HeatWave,ShadowBall,Flamethrower,Protect|||F|||50|,,,,,Ghost]Ursaluna||FlameOrb|Guts|Earthquake,Facade,SwordsDance,Protect|||M|||50|,,,,,Fire]Amoonguss||EjectButton|Regenerator|RagePowder,Spore,PollenPuff,Protect|||F|||50|,,,,,Dark]Gardevoir||LifeOrb|Telepathy|TrickRoom,ExpandingForce,DazzlingGleam,Protect|||F|||50|,,,,,Fairy]Indeedee-F||SafetyGoggles|PsychicSurge|FollowMe,HelpingHand,DazzlingGleam,Protect|||F|||50|,,,,,Fairy]Drifblim||PsychicSeed|Unburden|Tailwind,ShadowBall,AirSlash,Protect|||F|||50|,,,,,Ghost
|showteam|p2|Dragonite||LoadedDice|Multiscale|ScaleShot,Protect,Haze,Tailwind|||F|||50|,,,,,Fairy]Ursaluna-Bloodmoon||LifeOrb|MindsEye|BloodMoon,HyperVoice,EarthPower,Protect|||M|||50|,,,,,Normal]Gholdengo||GrassySeed|GoodasGold|MakeItRain,ShadowBall,Protect,NastyPlot||||||50|,,,,,Water]Annihilape||SafetyGoggles|Defiant|DrainPunch,RageFist,Protect,BulkUp|||F|||50|,,,,,Fire]Ninetales-Alola||FocusSash|SnowWarning|IcyWind,AuroraVeil,Encore,IcicleSpear|||M|||50|,,,,,Ghost]Rillaboom||AssaultVest|GrassySurge|FakeOut,WoodHammer,HighHorsepower,Uturn|||F|||50|,,,,,Fire
|inactive|Battle timer is ON: inactive players will automatically lose when time's up. (requested by intromition)
|inactive|Truevillany123 has 60 seconds left.
|
|t:|1757742518
|teamsize|p1|4
|teamsize|p2|4
|start
|switch|p1a: Chandelure|Chandelure, L50, F|100/100
|switch|p1b: Indeedee|Indeedee-F, L50, F|100/100
|switch|p2a: Ninetales|Ninetales-Alola, L50, M|100/100
|switch|p2b: Gholdengo|Gholdengo, L50|100/100
|-weather|Snowscape|[from] ability: Snow Warning|[of] p2a: Ninetales
|-fieldstart|move: Psychic Terrain|[from] ability: Psychic Surge|[of] p1b: Indeedee
|turn|1
|
|t:|1757742539
|-terastallize|p2b: Gholdengo|Water
|move|p1b: Indeedee|Helping Hand|p1a: Chandelure
|-singleturn|p1a: Chandelure|Helping Hand|[of] p1b: Indeedee
|move|p2a: Ninetales|Aurora Veil|p2a: Ninetales
|-sidestart|p2: Truevillany123|move: Aurora Veil
|move|p2b: Gholdengo|Nasty Plot|p2b: Gholdengo
|-boost|p2b: Gholdengo|spa|2
|move|p1a: Chandelure|Heat Wave|p2a: Ninetales|[spread] p2a,p2b
|-supereffective|p2a: Ninetales
|-resisted|p2b: Gholdengo
|-enditem|p2a: Ninetales|Focus Sash
|-damage|p2a: Ninetales|1/100
|-damage|p2b: Gholdengo|71/100
|
|-weather|Snowscape|[upkeep]
|upkeep
|turn|2
|inactive|intromition has 30 seconds left.
|
|t:|1757742571
|move|p2b: Gholdengo|Protect|p2b: Gholdengo
|-singleturn|p2b: Gholdengo|Protect
|move|p1b: Indeedee|Follow Me|p1b: Indeedee
|-singleturn|p1b: Indeedee|move: Follow Me
|move|p2a: Ninetales|Encore|p1b: Indeedee
|-start|p1b: Indeedee|Encore
|move|p1a: Chandelure|Heat Wave|p2b: Gholdengo|[spread] p2a
|-activate|p2b: Gholdengo|move: Protect
|-supereffective|p2a: Ninetales
|-damage|p2a: Ninetales|0 fnt
|faint|p2a: Ninetales
|
|-weather|Snowscape|[upkeep]
|upkeep
|
|t:|1757742580
|switch|p2a: Annihilape|Annihilape, L50, F|100/100
|turn|3
|
|t:|1757742597
|move|p1b: Indeedee|Follow Me|p1b: Indeedee
|-singleturn|p1b: Indeedee|move: Follow Me
|move|p2a: Annihilape|Bulk Up|p2a: Annihilape
|-boost|p2a: Annihilape|atk|1
|-boost|p2a: Annihilape|def|1
|move|p2b: Gholdengo|Nasty Plot|p2b: Gholdengo
|-boost|p2b: Gholdengo|spa|2
|move|p1a: Chandelure|Shadow Ball|p2b: Gholdengo
|-damage|p2b: Gholdengo|34/100
|
|-weather|Snowscape|[upkeep]
|upkeep
|turn|4
|inactive|intromition has 30 seconds left.
|
|t:|1757742625
|move|p1b: Indeedee|Follow Me|p1b: Indeedee
|-singleturn|p1b: Indeedee|move: Follow Me
|move|p2a: Annihilape|Drain Punch|p1b: Indeedee
|-damage|p1b: Indeedee|56/100
|move|p2b: Gholdengo|Make It Rain|p1b: Indeedee|[spread] p1a,p1b
|-resisted|p1a: Chandelure
|-damage|p1a: Chandelure|21/100
|-damage|p1b: Indeedee|0 fnt
|-unboost|p2b: Gholdengo|spa|1
|faint|p1b: Indeedee
|move|p1a: Chandelure|Shadow Ball|p2b: Gholdengo
|-crit|p2b: Gholdengo
|-damage|p2b: Gholdengo|0 fnt
|faint|p2b: Gholdengo
|
|-weather|Snowscape|[upkeep]
|upkeep
|
|t:|1757742640
|switch|p2b: Rillaboom|Rillaboom, L50, F|100/100
|switch|p1b: Gardevoir|Gardevoir, L50, F|100/100
|-fieldstart|move: Grassy Terrain|[from] ability: Grassy Surge|[of] p2b: Rillaboom
|turn|5
|
|t:|1757742660
|move|p1b: Gardevoir|Protect|p1b: Gardevoir
|-singleturn|p1b: Gardevoir|Protect
|move|p2a: Annihilape|Rage Fist|p1a: Chandelure
|-supereffective|p1a: Chandelure
|-damage|p1a: Chandelure|0 fnt
|faint|p1a: Chandelure
|move|p2b: Rillaboom|High Horsepower|p1b: Gardevoir
|-activate|p1b: Gardevoir|move: Protect
|
|-weather|none
|-sideend|p2: Truevillany123|move: Aurora Veil
|upkeep
|
|t:|1757742673
|switch|p1a: Ursaluna|Ursaluna, L50, M|100/100
|turn|6
|
|t:|1757742690
|-terastallize|p1a: Ursaluna|Fire
|move|p2a: Annihilape|Rage Fist|p1b: Gardevoir
|-supereffective|p1b: Gardevoir
|-damage|p1b: Gardevoir|11/100
|move|p2b: Rillaboom|Wood Hammer|p1a: Ursaluna
|-resisted|p1a: Ursaluna
|-crit|p1a: Ursaluna
|-damage|p1a: Ursaluna|56/100
|-damage|p2b: Rillaboom|82/100|[from] Recoil
|move|p1b: Gardevoir|Expanding Force|p2a: Annihilape
|-supereffective|p2a: Annihilape
|-damage|p2a: Annihilape|3/100
|-damage|p1b: Gardevoir|2/100|[from] item: Life Orb
|move|p1a: Ursaluna|Facade|p2b: Rillaboom
|-damage|p2b: Rillaboom|40/100
|
|-heal|p2a: Annihilape|9/100|[from] Grassy Terrain
|-heal|p2b: Rillaboom|46/100|[from] Grassy Terrain
|-heal|p1b: Gardevoir|7/100|[from] Grassy Terrain
|-heal|p1a: Ursaluna|62/100|[from] Grassy Terrain
|upkeep
|turn|7
|inactive|intromition has 30 seconds left.
|inactive|Truevillany123 has 30 seconds left.
|inactive|Truevillany123 has 20 seconds left.
|inactive|Truevillany123 has 15 seconds left.
|
|t:|1757742734
|move|p2a: Annihilape|Protect|p2a: Annihilape
|-singleturn|p2a: Annihilape|Protect
|move|p2b: Rillaboom|High Horsepower|p1a: Ursaluna
|-supereffective|p1a: Ursaluna
|-damage|p1a: Ursaluna|9/100
|move|p1b: Gardevoir|Dazzling Gleam|p2b: Rillaboom|[spread] p2b
|-activate|p2a: Annihilape|move: Protect
|-damage|p2b: Rillaboom|12/100
|-damage|p1b: Gardevoir|0 fnt|[from] item: Life Orb
|faint|p1b: Gardevoir
|move|p1a: Ursaluna|Earthquake|p2b: Rillaboom|[spread] p2b
|-activate|p2a: Annihilape|move: Protect
|-resisted|p2b: Rillaboom
|-damage|p2b: Rillaboom|1/100
|
|-heal|p2a: Annihilape|15/100|[from] Grassy Terrain
|-heal|p2b: Rillaboom|7/100|[from] Grassy Terrain
|-heal|p1a: Ursaluna|15/100|[from] Grassy Terrain
|upkeep
|turn|8
|inactive|intromition has 30 seconds left.
|
|t:|1757742761
|move|p2a: Annihilape|Drain Punch|p1a: Ursaluna
|-damage|p1a: Ursaluna|0 fnt
|-heal|p2a: Annihilape|24/100|[from] drain|[of] p1a: Ursaluna
|faint|p1a: Ursaluna
|
|win|Truevillany123
|raw|intromition's rating: 1042 → 1027(-15 for losing)
|raw|Truevillany123's rating: 1080 → 1105(+25 for winning)
|l|☆intromition
|player|p1|
