|j|☆ryanpowneyissoslay
|j|☆cynthia's grippers
|html|ryanpowneyissoslaycynthia's grippers    
|uhtml|bestof|Game 2 of a best-of-3
|t:|1756152101
|gametype|doubles
|player|p1|ryanpowneyissoslay|ghetsis|
|player|p2|cynthia's grippers|cynthia-gen4|
|gen|9
|tier|[Gen 9] VGC 2025 Reg H (Bo3)
|rule|Species Clause: Limit one of each Pokémon
|rule|Item Clause: Limit 1 of each item
|clearpoke
|poke|p1|Annihilape, L50, F|
|poke|p1|Maushold, L50|
|poke|p1|Pelipper, L50, M|
|poke|p1|Archaludon, L50, M|
|poke|p1|Basculegion, L50, M|
|poke|p1|Amoonguss, L50, F|
|poke|p2|Rillaboom, L50, F|
|poke|p2|Magmar, L50, F|
|poke|p2|Kingambit, L50, M|
|poke|p2|Ninetales-Alola, L50, F|
|poke|p2|Basculegion, L50, M|
|poke|p2|Sneasler, L50, F|
|teampreview|4
|showteam|p1|Annihilape||SpellTag|Defiant|DrainPunch,RageFist,BulkUp,Protect|||F|||50|,,,,,Water]Maushold||SafetyGoggles|FriendGuard|BeatUp,FollowMe,Taunt,Protect||||||50|,,,,,Ghost]Pelipper||FocusSash|Drizzle|MuddyWater,Hurricane,Tailwind,Protect|||M|||50|,,,,,Stellar]Archaludon||AssaultVest|Stamina|ElectroShot,BodyPress,Snarl,DragonPulse|||M|||50|,,,,,Bug]Basculegion||ChoiceBand|SwiftSwim|WaveCrash,LastRespects,FlipTurn,AquaJet|||M|||50|,,,,,Water]Amoonguss||SitrusBerry|Regenerator|Spore,RagePowder,PollenPuff,Protect|||F|||50|,,,,,Water
|showteam|p2|Rillaboom||AssaultVest|GrassySurge|DrumBeating,GrassyGlide,FakeOut,Uturn|||F|||50|,,,,,Ghost]Magmar||Eviolite|VitalSpirit|Overheat,FollowMe,Taunt,Protect|||F|||50|,,,,,Ghost]Kingambit||BlackGlasses|Defiant|KowtowCleave,SuckerPunch,SwordsDance,Protect|||M|||50|,,,,,Fire]Ninetales-Alola||LifeOrb|SnowWarning|Blizzard,FreezeDry,Encore,Protect|||F|||50|,,,,,Ghost]Basculegion||ChoiceScarf|Adaptability|WaveCrash,LastRespects,FlipTurn,TeraBlast|||M|||50|,,,,,Fighting]Sneasler||FocusSash|PoisonTouch|CloseCombat,DireClaw,FakeOut,Protect|||F|||50|,,,,,Ghost
|inactive|Battle timer is ON: inactive players will automatically lose when time's up. (requested by ryanpowneyissoslay)
|
|t:|1756152115
|teamsize|p1|4
|teamsize|p2|4
|start
|switch|p1a: Archaludon|Archaludon, L50, M|100/100
|switch|p1b: Amoonguss|Amoonguss, L50, F|100/100
|switch|p2a: Ninetales|Ninetales-Alola, L50, F|100/100
|switch|p2b: Basculegion|Basculegion, L50, M|100/100
|-weather|Snowscape|[from] ability: Snow Warning|[of] p2a: Ninetales
|turn|1
|inactive|ryanpowneyissoslay has 30 seconds left.
|
|t:|1756152140
|-terastallize|p1b: Amoonguss|Water
|move|p2b: Basculegion|Flip Turn|p1b: Amoonguss
|-resisted|p1b: Amoonguss
|-damage|p1b: Amoonguss|84/100
|
|t:|1756152149
|switch|p2b: Rillaboom|Rillaboom, L50, F|100/100|[from] Flip Turn
|-fieldstart|move: Grassy Terrain|[from] ability: Grassy Surge|[of] p2b: Rillaboom
|move|p2a: Ninetales|Freeze-Dry|p1b: Amoonguss
|-supereffective|p1b: Amoonguss
|-damage|p1b: Amoonguss|23/100
|-enditem|p1b: Amoonguss|Sitrus Berry|[eat]
|-heal|p1b: Amoonguss|48/100|[from] item: Sitrus Berry
|-damage|p2a: Ninetales|91/100|[from] item: Life Orb
|move|p1a: Archaludon|Snarl|p2b: Rillaboom|[spread] p2a,p2b
|-resisted|p2a: Ninetales
|-damage|p2a: Ninetales|84/100
|-damage|p2b: Rillaboom|91/100
|-unboost|p2a: Ninetales|spa|1
|-unboost|p2b: Rillaboom|spa|1
|move|p1b: Amoonguss|Pollen Puff|p1a: Archaludon
|
|-weather|Snowscape|[upkeep]
|-heal|p2a: Ninetales|90/100|[from] Grassy Terrain
|-heal|p2b: Rillaboom|97/100|[from] Grassy Terrain
|-heal|p1b: Amoonguss|54/100|[from] Grassy Terrain
|upkeep
|turn|2
|
|t:|1756152167
|switch|p2a: Kingambit|Kingambit, L50, M|100/100
|move|p2b: Rillaboom|Drum Beating|p1b: Amoonguss
|-supereffective|p1b: Amoonguss
|-damage|p1b: Amoonguss|0 fnt
|faint|p1b: Amoonguss
|move|p1a: Archaludon|Body Press|p2b: Rillaboom
|-damage|p2b: Rillaboom|68/100
|
|-weather|Snowscape|[upkeep]
|-heal|p2b: Rillaboom|74/100|[from] Grassy Terrain
|upkeep
|
|t:|1756152173
|switch|p1b: Pelipper|Pelipper, L50, M|100/100
|-weather|RainDance|[from] ability: Drizzle|[of] p1b: Pelipper
|turn|3
|
|t:|1756152199
|switch|p2a: Ninetales|Ninetales-Alola, L50, F|90/100
|-weather|Snowscape|[from] ability: Snow Warning|[of] p2a: Ninetales
|move|p1b: Pelipper|Protect|p1b: Pelipper
|-singleturn|p1b: Pelipper|Protect
|move|p2b: Rillaboom|Drum Beating|p1b: Pelipper
|-activate|p1b: Pelipper|move: Protect
|move|p1a: Archaludon|Electro Shot||[still]
|-prepare|p1a: Archaludon|Electro Shot
|-boost|p1a: Archaludon|spa|1
|
|-weather|Snowscape|[upkeep]
|-heal|p2a: Ninetales|96/100|[from] Grassy Terrain
|-heal|p2b: Rillaboom|80/100|[from] Grassy Terrain
|upkeep
|turn|4
|
|t:|1756152222
|move|p1b: Pelipper|Protect||[still]
|-fail|p1b: Pelipper
|move|p2a: Ninetales|Freeze-Dry|p1b: Pelipper
|-supereffective|p1b: Pelipper
|-enditem|p1b: Pelipper|Focus Sash
|-damage|p1b: Pelipper|1/100
|-damage|p2a: Ninetales|87/100|[from] item: Life Orb
|move|p2b: Rillaboom|U-turn|p1b: Pelipper
|-resisted|p1b: Pelipper
|-damage|p1b: Pelipper|0 fnt
|faint|p1b: Pelipper
|
|t:|1756152234
|switch|p2b: Kingambit|Kingambit, L50, M|100/100|[from] U-turn
|move|p1a: Archaludon|Electro Shot|p2a: Ninetales|[from] lockedmove
|-damage|p2a: Ninetales|19/100
|
|-weather|Snowscape|[upkeep]
|-heal|p2a: Ninetales|25/100|[from] Grassy Terrain
|upkeep
|
|t:|1756152237
|switch|p1b: Basculegion|Basculegion, L50, M|100/100
|turn|5
|
|t:|1756152262
|switch|p2a: Rillaboom|Rillaboom, L50, F|80/100
|-terastallize|p2b: Kingambit|Fire
|move|p1b: Basculegion|Aqua Jet|p2a: Rillaboom
|-resisted|p2a: Rillaboom
|-damage|p2a: Rillaboom|65/100
|move|p1a: Archaludon|Body Press|p2b: Kingambit
|-damage|p2b: Kingambit|78/100
|move|p2b: Kingambit|Kowtow Cleave|p1b: Basculegion
|-supereffective|p1b: Basculegion
|-damage|p1b: Basculegion|0 fnt
|faint|p1b: Basculegion
|
|-weather|Snowscape|[upkeep]
|-heal|p2a: Rillaboom|71/100|[from] Grassy Terrain
|-heal|p2b: Kingambit|84/100|[from] Grassy Terrain
|-fieldend|move: Grassy Terrain
|upkeep
|turn|6
|inactive|ryanpowneyissoslay has 30 seconds left.
|
|t:|1756152287
|move|p2a: Rillaboom|Fake Out|p1a: Archaludon
|-resisted|p1a: Archaludon
|-damage|p1a: Archaludon|96/100
|-ability|p1a: Archaludon|Stamina|boost
|-boost|p1a: Archaludon|def|1
|cant|p1a: Archaludon|flinch
|move|p2b: Kingambit|Swords Dance|p2b: Kingambit
|-boost|p2b: Kingambit|atk|2
|
|-weather|Snowscape|[upkeep]
|upkeep
|turn|7
|
|t:|1756152295
|move|p2a: Rillaboom|Drum Beating|p1a: Archaludon
|-resisted|p1a: Archaludon
|-damage|p1a: Archaludon|93/100
|-unboost|p1a: Archaludon|spe|1
|-ability|p1a: Archaludon|Stamina|boost
|-boost|p1a: Archaludon|def|1
|move|p1a: Archaludon|Dragon Pulse|p2b: Kingambit
|-damage|p2b: Kingambit|30/100
|move|p2b: Kingambit|Kowtow Cleave|p1a: Archaludon
|-crit|p1a: Archaludon
|-damage|p1a: Archaludon|0 fnt
|faint|p1a: Archaludon
|
|win|cynthia's grippers
|l|☆ryanpowneyissoslay
|player|p1|
