|j|☆TheTired
|j|☆komsu
|html|TheTiredkomsu    
|uhtml|bestof|Game 1 of a best-of-3
|t:|1784226983
|gametype|doubles
|player|p1|TheTired|2|1260
|player|p2|komsu|gambler|1260
|gen|9
|tier|[Gen 9 Champions] VGC 2026 Reg M-B (Bo3)
|rated|
|rule|Species Clause: Limit one of each Pokémon
|rule|Item Clause: Limit 1 of each item
|clearpoke
|poke|p1|Staraptor, L50, M|
|poke|p1|Vanilluxe, L50, F|
|poke|p1|Farigiraf, L50, F|
|poke|p1|Blastoise, L50, M|
|poke|p1|Kingambit, L50, M|
|poke|p1|Camerupt, L50, F|
|poke|p2|Kingambit, L50, F|
|poke|p2|Charizard, L50, F|
|poke|p2|Aerodactyl, L50, F|
|poke|p2|Farigiraf, L50, M|
|poke|p2|Garchomp, L50, M|
|poke|p2|Sylveon, L50, M|
|teampreview|4
|showteam|p1|Staraptor||ChoiceScarf|Intimidate|FinalGambit,BraveBird,CloseCombat,Uturn|Jolly||M|||50|]Vanilluxe||NeverMeltIce|SnowWarning|Blizzard,FreezeDry,Protect,IceShard|Quiet||F|||50|]Farigiraf||SitrusBerry|ArmorTail|PsychicFangs,HyperVoice,HelpingHand,TrickRoom|Relaxed||F|||50|]Blastoise||Blastoisinite|RainDish|FakeOut,WaterSpout,AuraSphere,DarkPulse|Quiet||M|||50|]Kingambit||LifeOrb|Defiant|KowtowCleave,IronHead,Protect,SuckerPunch|Brave||M|||50|]Camerupt||Cameruptite|SolidRock|HeatWave,EarthPower,Protect,AncientPower|Quiet||F|||50|
|showteam|p2|Kingambit||FocusSash|Defiant|KowtowCleave,IronHead,SuckerPunch,LowKick|Adamant||F|||50|]Charizard||CharizarditeY|Blaze|HeatWave,SolarBeam,WeatherBall,Protect|Modest||F|||50|]Aerodactyl||Aerodactylite|Unnerve|RockSlide,DualWingbeat,IceFang,Tailwind|Jolly||F|||50|]Farigiraf||SitrusBerry|ArmorTail|Psychic,Thunderbolt,TrickRoom,Protect|Bold||M|||50|]Garchomp||LifeOrb|RoughSkin|Earthquake,DragonClaw,RockSlide,Protect|Jolly||M|||50|]Sylveon||FairyFeather|Pixilate|HyperVoice,HyperBeam,QuickAttack,Protect|Modest||M|||50|
|inactive|Battle timer is ON: inactive players will automatically lose when time's up. (requested by TheTired)
|
|t:|1784227048
|teamsize|p1|4
|teamsize|p2|4
|start
|switch|p1a: Farigiraf|Farigiraf, L50, F|100/100
|switch|p1b: Staraptor|Staraptor, L50, M|100/100
|switch|p2a: Sylveon|Sylveon, L50, M|100/100
|switch|p2b: Farigiraf|Farigiraf, L50, M|100/100
|-ability|p1b: Staraptor|Intimidate|boost
|-unboost|p2a: Sylveon|atk|1
|-unboost|p2b: Farigiraf|atk|1
|turn|1
|inactive|TheTired has 30 seconds left.
|inactive|komsu has 30 seconds left.
|inactive|TheTired has 20 seconds left.
|inactive|komsu has 20 seconds left.
|
|t:|1784227084
|move|p2a: Sylveon|Protect|p2a: Sylveon
|-singleturn|p2a: Sylveon|Protect
|move|p1b: Staraptor|Final Gambit|p2a: Sylveon
|-activate|p2a: Sylveon|move: Protect
|move|p2b: Farigiraf|Thunderbolt|p1b: Staraptor
|-supereffective|p1b: Staraptor|1
|-damage|p1b: Staraptor|32/100
|move|p1a: Farigiraf|Hyper Voice|p2a: Sylveon|[spread] p2b
|-activate|p2a: Sylveon|move: Protect
|-damage|p2b: Farigiraf|77/100
|
|upkeep
|turn|2
|inactive|komsu has 30 seconds left.
|
|t:|1784227110
|move|p1b: Staraptor|Final Gambit|p2b: Farigiraf
|-damage|p2b: Farigiraf|50/100y
|-enditem|p2b: Farigiraf|Sitrus Berry|[eat]
|-heal|p2b: Farigiraf|74/100|[from] item: Sitrus Berry
|faint|p1b: Staraptor
|move|p2a: Sylveon|Hyper Voice|p1a: Farigiraf
|-crit|p1a: Farigiraf
|-damage|p1a: Farigiraf|16/100
|-enditem|p1a: Farigiraf|Sitrus Berry|[eat]
|-heal|p1a: Farigiraf|41/100|[from] item: Sitrus Berry
|move|p1a: Farigiraf|Hyper Voice|p2a: Sylveon|[spread] p2a,p2b
|-damage|p2a: Sylveon|78/100
|-damage|p2b: Farigiraf|51/100
|move|p2b: Farigiraf|Trick Room|p2b: Farigiraf
|-fieldstart|move: Trick Room|[of] p2b: Farigiraf
|
|upkeep
|
|t:|1784227133
|switch|p1b: Camerupt|Camerupt, L50, F|100/100
|turn|3
|inactive|komsu has 30 seconds left.
|
|t:|1784227168
|detailschange|p1b: Camerupt|Camerupt-Mega, L50, F
|-mega|p1b: Camerupt|Camerupt|Cameruptite
|move|p2b: Farigiraf|Protect|p2b: Farigiraf
|-singleturn|p2b: Farigiraf|Protect
|move|p2a: Sylveon|Protect|p2a: Sylveon
|-singleturn|p2a: Sylveon|Protect
|move|p1b: Camerupt|Heat Wave|p2a: Sylveon|[spread] 
|-activate|p2a: Sylveon|move: Protect
|-activate|p2b: Farigiraf|move: Protect
|move|p1a: Farigiraf|Hyper Voice|p2a: Sylveon|[spread] 
|-activate|p2a: Sylveon|move: Protect
|-activate|p2b: Farigiraf|move: Protect
|
|upkeep
|turn|4
|inactive|komsu has 30 seconds left.
|
|t:|1784227193
|switch|p2b: Charizard|Charizard, L50, F|100/100
|move|p1b: Camerupt|Heat Wave|p2b: Charizard|[spread] p2a,p2b
|-resisted|p2b: Charizard|1
|-damage|p2a: Sylveon|29/100
|-damage|p2b: Charizard|68/100
|move|p1a: Farigiraf|Hyper Voice|p2b: Charizard|[spread] p2a,p2b
|-damage|p2a: Sylveon|6/100
|-damage|p2b: Charizard|40/100
|move|p2a: Sylveon|Hyper Voice|p1a: Farigiraf|[spread] p1a,p1b
|-resisted|p1b: Camerupt|1
|-crit|p1b: Camerupt
|-damage|p1a: Farigiraf|0 fnt
|-damage|p1b: Camerupt|64/100
|faint|p1a: Farigiraf
|
|upkeep
|
|t:|1784227205
|switch|p1a: Vanilluxe|Vanilluxe, L50, F|100/100
|-weather|Snowscape|[from] ability: Snow Warning|[of] p1a: Vanilluxe
|turn|5
|
|t:|1784227218
|move|p2a: Sylveon|Protect|p2a: Sylveon
|-singleturn|p2a: Sylveon|Protect
|move|p2b: Charizard|Protect|p2b: Charizard
|-singleturn|p2b: Charizard|Protect
|move|p1b: Camerupt|Heat Wave|p2b: Charizard|[spread] 
|-activate|p2a: Sylveon|move: Protect
|-activate|p2b: Charizard|move: Protect
|move|p1a: Vanilluxe|Freeze-Dry|p2a: Sylveon
|-activate|p2a: Sylveon|move: Protect
|
|-weather|Snowscape|[upkeep]
|upkeep
|turn|6
|inactive|komsu has 30 seconds left.
|inactive|komsu has 20 seconds left.
|
|t:|1784227254
|switch|p2b: Farigiraf|Farigiraf, L50, M|51/100
|move|p2a: Sylveon|Quick Attack|p1a: Vanilluxe
|-damage|p1a: Vanilluxe|93/100
|move|p1b: Camerupt|Heat Wave|p2b: Farigiraf|[spread] p2a,p2b
|-damage|p2a: Sylveon|0 fnt
|-damage|p2b: Farigiraf|0 fnt
|faint|p2a: Sylveon
|faint|p2b: Farigiraf
|move|p1a: Vanilluxe|Freeze-Dry|p2: Sylveon|[notarget]
|-fail|p1a: Vanilluxe
|
|-weather|Snowscape|[upkeep]
|-fieldend|move: Trick Room
|upkeep
|
|t:|1784227267
|switch|p2a: Charizard|Charizard, L50, F|40/100
|switch|p2b: Garchomp|Garchomp, L50, M|100/100
|turn|7
|
|t:|1784227283
|detailschange|p2a: Charizard|Charizard-Mega-Y, L50, F
|-mega|p2a: Charizard|Charizard|Charizardite Y
|-weather|SunnyDay|[from] ability: Drought|[of] p2a: Charizard
|move|p2b: Garchomp|Protect|p2b: Garchomp
|-singleturn|p2b: Garchomp|Protect
|move|p1a: Vanilluxe|Ice Shard|p2b: Garchomp
|-activate|p2b: Garchomp|move: Protect
|move|p2a: Charizard|Heat Wave|p1b: Camerupt|[spread] p1a,p1b
|-supereffective|p1a: Vanilluxe|1
|-resisted|p1b: Camerupt|1
|-damage|p1a: Vanilluxe|0 fnt
|-damage|p1b: Camerupt|37/100
|faint|p1a: Vanilluxe
|move|p1b: Camerupt|Ancient Power|p2a: Charizard
|-supereffective|p2a: Charizard|2
|-damage|p2a: Charizard|0 fnt
|faint|p2a: Charizard
|
|-weather|SunnyDay|[upkeep]
|upkeep
|turn|8
|
|t:|1784227296
|move|p2b: Garchomp|Earthquake|p1b: Camerupt
|-supereffective|p1b: Camerupt|1
|-damage|p1b: Camerupt|0 fnt
|faint|p1b: Camerupt
|-damage|p2b: Garchomp|90/100|[from] item: Life Orb
|
|win|komsu
||komsu is ready for game 2.
||TheTired is ready for game 2.
|uhtml|next|Next: Game 2 of 3
|l|☆TheTired
|player|p1|
