|j|☆GiovanniMuciaccia
|j|☆eutherians
|html|GiovanniMuciacciaeutherians    
|uhtml|bestof|Game 3 of a best-of-3
|t:|1756731498
|gametype|doubles
|player|p1|GiovanniMuciaccia|265|1257
|player|p2|eutherians|102|1232
|gen|9
|tier|[Gen 9] VGC 2025 Reg H (Bo3)
|rated|
|rule|Species Clause: Limit one of each Pokémon
|rule|Item Clause: Limit 1 of each item
|clearpoke
|poke|p1|Charizard, L50, F|
|poke|p1|Torkoal, L50, F|
|poke|p1|Porygon2, L50|
|poke|p1|Incineroar, L50, F|
|poke|p1|Jumpluff, L50, M|
|poke|p1|Ursaluna, L50, F|
|poke|p2|Archaludon, L50, M|
|poke|p2|Pelipper, L50, M|
|poke|p2|Blastoise, L50, F|
|poke|p2|Dragonite, L50, F|
|poke|p2|Sneasler, L50, M|
|poke|p2|Indeedee-F, L50, F|
|teampreview|4
|showteam|p1|Charizard||ChoiceSpecs|SolarPower|HeatWave,Overheat,WeatherBall,AirSlash|||F|||50|,,,,,Ghost]Torkoal||EjectPack|Drought|Eruption,Overheat,HelpingHand,Protect|||F|||50|,,,,,Fire]Porygon2||Eviolite|Download|TeraBlast,IceBeam,Recover,TrickRoom||||||50|,,,,,Fighting]Incineroar||SitrusBerry|Intimidate|FlareBlitz,KnockOff,FakeOut,PartingShot|||F|||50|,,,,,Ghost]Jumpluff||CovertCloak|Chlorophyll|SleepPowder,SunnyDay,RagePowder,Tailwind|||M|||50|,,,,,Water]Ursaluna||FlameOrb|Guts|HeadlongRush,Facade,Earthquake,Protect|||F|||50|,,,,,Ghost
|showteam|p2|Archaludon||AssaultVest|Stamina|BodyPress,ElectroShot,DragonPulse,FlashCannon|||M|||50|,,,,,Bug]Pelipper||ChoiceScarf|Drizzle|Hurricane,WeatherBall,Tailwind,HelpingHand|||M|||50|,,,,,Ghost]Blastoise||SplashPlate|Torrent|WaterSpout,WaterPledge,ShellSmash,Protect|||F|||50|,,,,,Water]Dragonite||LoadedDice|Multiscale|ScaleShot,StompingTantrum,Haze,Protect|||F|||50|,,,,,Steel]Sneasler||PsychicSeed|Unburden|DireClaw,CloseCombat,ThroatChop,Protect|||M|||50|,,,,,Dark]Indeedee-F||SafetyGoggles|PsychicSurge|Psychic,Protect,HelpingHand,FollowMe|||F|||50|,,,,,Fairy
|j| magicplayher
|
|t:|1756731517
|teamsize|p1|4
|teamsize|p2|4
|start
|switch|p1a: Porygon2|Porygon2, L50|100/100
|switch|p1b: Incineroar|Incineroar, L50, F|100/100
|switch|p2a: Blastoise|Blastoise, L50, F|100/100
|switch|p2b: Indeedee|Indeedee-F, L50, F|100/100
|-ability|p1b: Incineroar|Intimidate|boost
|-unboost|p2a: Blastoise|atk|1
|-unboost|p2b: Indeedee|atk|1
|-fieldstart|move: Psychic Terrain|[from] ability: Psychic Surge|[of] p2b: Indeedee
|-ability|p1a: Porygon2|Download|boost
|-boost|p1a: Porygon2|atk|1
|turn|1
|inactive|Battle timer is ON: inactive players will automatically lose when time's up. (requested by eutherians)
|
|t:|1756731530
|switch|p2b: Pelipper|Pelipper, L50, M|100/100
|-weather|RainDance|[from] ability: Drizzle|[of] p2b: Pelipper
|-terastallize|p2a: Blastoise|Water
|move|p2a: Blastoise|Water Spout|p1a: Porygon2|[spread] p1a,p1b
|-supereffective|p1b: Incineroar
|-damage|p1a: Porygon2|19/100
|-damage|p1b: Incineroar|0 fnt
|faint|p1b: Incineroar
|move|p1a: Porygon2|Trick Room|p1a: Porygon2
|-fieldstart|move: Trick Room|[of] p1a: Porygon2
|
|-weather|RainDance|[upkeep]
|upkeep
|
|t:|1756731543
|switch|p1b: Torkoal|Torkoal, L50, F|100/100
|-weather|SunnyDay|[from] ability: Drought|[of] p1b: Torkoal
|turn|2
|
|t:|1756731557
|switch|p2b: Indeedee|Indeedee-F, L50, F|100/100
|move|p2a: Blastoise|Protect|p2a: Blastoise
|-singleturn|p2a: Blastoise|Protect
|move|p1b: Torkoal|Overheat|p2b: Indeedee
|-damage|p2b: Indeedee|23/100
|-unboost|p1b: Torkoal|spa|2
|-enditem|p1b: Torkoal|Eject Pack
|
|t:|1756731565
|switch|p1b: Ursaluna|Ursaluna, L50, F|100/100
|move|p1a: Porygon2|Recover|p1a: Porygon2
|-heal|p1a: Porygon2|69/100
|
|-weather|SunnyDay|[upkeep]
|-status|p1b: Ursaluna|brn|[from] item: Flame Orb
|upkeep
|turn|3
|inactive|GiovanniMuciaccia has 30 seconds left.
|inactive|eutherians has 30 seconds left.
|inactive|GiovanniMuciaccia has 20 seconds left.
|inactive|eutherians has 20 seconds left.
|inactive|eutherians has 15 seconds left.
|
|t:|1756731612
|switch|p2a: Pelipper|Pelipper, L50, M|100/100
|-weather|RainDance|[from] ability: Drizzle|[of] p2a: Pelipper
|move|p2b: Indeedee|Protect|p2b: Indeedee
|-singleturn|p2b: Indeedee|Protect
|move|p1a: Porygon2|Tera Blast|p2a: Pelipper
|-damage|p2a: Pelipper|38/100
|move|p1b: Ursaluna|Earthquake|p2a: Pelipper|[spread] p1a
|-activate|p2b: Indeedee|move: Protect
|-immune|p2a: Pelipper
|-damage|p1a: Porygon2|22/100
|
|-weather|RainDance|[upkeep]
|-damage|p1b: Ursaluna|95/100 brn|[from] brn
|upkeep
|turn|4
|inactive|GiovanniMuciaccia has 30 seconds left.
|inactive|eutherians has 30 seconds left.
|inactive|GiovanniMuciaccia has 20 seconds left.
|inactive|GiovanniMuciaccia has 15 seconds left.
|inactive|GiovanniMuciaccia has 10 seconds left.
|
|t:|1756731660
|switch|p2a: Dragonite|Dragonite, L50, F|100/100
|move|p1b: Ursaluna|Protect|p1b: Ursaluna
|-singleturn|p1b: Ursaluna|Protect
|move|p1a: Porygon2|Recover|p1a: Porygon2
|-heal|p1a: Porygon2|72/100
|move|p2b: Indeedee|Psychic|p1a: Porygon2
|-damage|p1a: Porygon2|48/100
|
|-weather|RainDance|[upkeep]
|-damage|p1b: Ursaluna|89/100 brn|[from] brn
|upkeep
|turn|5
|inactive|GiovanniMuciaccia has 30 seconds left.
|inactive|GiovanniMuciaccia has 20 seconds left.
|
|t:|1756731698
|move|p2b: Indeedee|Follow Me|p2b: Indeedee
|-singleturn|p2b: Indeedee|move: Follow Me
|move|p1a: Porygon2|Recover|p1a: Porygon2
|-heal|p1a: Porygon2|98/100
|move|p1b: Ursaluna|Facade|p2b: Indeedee
|-damage|p2b: Indeedee|0 fnt
|faint|p2b: Indeedee
|move|p2a: Dragonite|Scale Shot|p1a: Porygon2
|-damage|p1a: Porygon2|87/100
|-damage|p1a: Porygon2|78/100
|-damage|p1a: Porygon2|68/100
|-damage|p1a: Porygon2|58/100
|-hitcount|p1a: Porygon2|4
|-unboost|p2a: Dragonite|def|1
|-boost|p2a: Dragonite|spe|1
|
|-weather|RainDance|[upkeep]
|-damage|p1b: Ursaluna|83/100 brn|[from] brn
|-fieldend|move: Trick Room
|-fieldend|move: Psychic Terrain
|upkeep
|
|t:|1756731709
|switch|p2b: Blastoise|Blastoise, L50, F, tera:Water|100/100
|turn|6
|
|t:|1756731722
|switch|p1b: Torkoal|Torkoal, L50, F|100/100
|-weather|SunnyDay|[from] ability: Drought|[of] p1b: Torkoal
|move|p2a: Dragonite|Scale Shot|p1a: Porygon2
|-damage|p1a: Porygon2|49/100
|-damage|p1a: Porygon2|38/100
|-damage|p1a: Porygon2|27/100
|-damage|p1a: Porygon2|16/100
|-damage|p1a: Porygon2|6/100
|-hitcount|p1a: Porygon2|5
|-unboost|p2a: Dragonite|def|1
|-boost|p2a: Dragonite|spe|1
|move|p2b: Blastoise|Water Spout|p1a: Porygon2|[spread] p1a,p1b
|-supereffective|p1b: Torkoal
|-damage|p1a: Porygon2|0 fnt
|-damage|p1b: Torkoal|1/100
|faint|p1a: Porygon2
|
|-weather|SunnyDay|[upkeep]
|upkeep
|
|t:|1756731734
|switch|p1a: Ursaluna|Ursaluna, L50, F|83/100 brn
|turn|7
|-message|GiovanniMuciaccia forfeited.
|
|win|eutherians
|raw|GiovanniMuciaccia's rating: 1257 → 1230(-27 for losing)
|raw|eutherians's rating: 1232 → 1259(+27 for winning)
|l|☆eutherians
|player|p2|
|l| magicplayher
|l|☆GiovanniMuciaccia
|player|p1|
|j|☆GiovanniMuciaccia
|player|p1|GiovanniMuciaccia|265|
