|j|☆bogging
|j|☆cerealesistaken
|html|boggingcerealesistaken    
|uhtml|bestof|Game 2 of a best-of-3
|t:|1755257013
|gametype|doubles
|player|p1|bogging|bugcatcher-gen4dp|1303
|player|p2|cerealesistaken|2|1320
|gen|9
|tier|[Gen 9] VGC 2025 Reg H (Bo3)
|rated|
|rule|Species Clause: Limit one of each Pokémon
|rule|Item Clause: Limit 1 of each item
|clearpoke
|poke|p1|Incineroar, L50, M|
|poke|p1|Ursaluna-Bloodmoon, L50, M|
|poke|p1|Farigiraf, L50, F|
|poke|p1|Dragonite, L50, F|
|poke|p1|Amoonguss, L50, F|
|poke|p1|Volcarona, L50, F|
|poke|p2|Ursaluna-Bloodmoon, L50, M|
|poke|p2|Gholdengo, L50|
|poke|p2|Incineroar, L50, F|
|poke|p2|Clefable, L50, M|
|poke|p2|Dragonite, L50, F|
|poke|p2|Annihilape, L50, M|
|teampreview|4
|showteam|p1|Incineroar||SafetyGoggles|Intimidate|KnockOff,PartingShot,FakeOut,FlareBlitz|||M|||50|,,,,,Ghost]Ursaluna-Bloodmoon||LifeOrb|MindsEye|EarthPower,BloodMoon,HyperVoice,Protect|||M|||50|,,,,,Normal]Farigiraf||LumBerry|ArmorTail|HelpingHand,Psychic,TrickRoom,Protect|||F|||50|,,,,,Water]Dragonite||ChoiceBand|InnerFocus|ExtremeSpeed,IceSpinner,StompingTantrum,AerialAce|||F|||50|,,,,,Normal]Amoonguss||MentalHerb|Regenerator|Spore,PollenPuff,RagePowder,Protect|||F|||50|,,,,,Water]Volcarona||Leftovers|FlameBody|QuiverDance,FieryDance,TeraBlast,Protect|||F|||50|,,,,,Fairy
|showteam|p2|Ursaluna-Bloodmoon||AssaultVest|MindsEye|HyperVoice,EarthPower,BloodMoon,VacuumWave|||M|||50|,,,,,Water]Gholdengo||LifeOrb|GoodasGold|MakeItRain,ShadowBall,NastyPlot,Protect||||||50|,,,,,Water]Incineroar||SafetyGoggles|Intimidate|FlareBlitz,KnockOff,PartingShot,FakeOut|||F|||50|,,,,,Ghost]Clefable||SitrusBerry|Unaware|Moonblast,MistyTerrain,FollowMe,Protect|||M|||50|,,,,,Water]Dragonite||LoadedDice|Multiscale|ScaleShot,Tailwind,Haze,Protect|||F|||50|,,,,,Steel]Annihilape||FocusSash|Defiant|CloseCombat,RageFist,Coaching,FinalGambit|||M|||50|,,,,,Grass
|inactive|Battle timer is ON: inactive players will automatically lose when time's up. (requested by cerealesistaken)
|
|t:|1755257042
|teamsize|p1|4
|teamsize|p2|4
|start
|switch|p1a: Farigiraf|Farigiraf, L50, F|100/100
|switch|p1b: Incineroar|Incineroar, L50, M|100/100
|switch|p2a: Dragonite|Dragonite, L50, F|100/100
|switch|p2b: Annihilape|Annihilape, L50, M|100/100
|-ability|p1b: Incineroar|Intimidate|boost
|-unboost|p2a: Dragonite|atk|1
|-unboost|p2b: Annihilape|atk|1
|-ability|p2b: Annihilape|Defiant|boost
|-boost|p2b: Annihilape|atk|2
|turn|1
|
|t:|1755257065
|move|p1b: Incineroar|Fake Out|p2a: Dragonite
|-damage|p2a: Dragonite|95/100
|move|p2b: Annihilape|Close Combat|p1a: Farigiraf
|-damage|p1a: Farigiraf|33/100
|-unboost|p2b: Annihilape|def|1
|-unboost|p2b: Annihilape|spd|1
|cant|p2a: Dragonite|flinch
|move|p1a: Farigiraf|Trick Room|p1a: Farigiraf
|-fieldstart|move: Trick Room|[of] p1a: Farigiraf
|
|upkeep
|turn|2
|
|t:|1755257084
|switch|p2b: Incineroar|Incineroar, L50, F|100/100
|-ability|p2b: Incineroar|Intimidate|boost
|-unboost|p1a: Farigiraf|atk|1
|-unboost|p1b: Incineroar|atk|1
|move|p1a: Farigiraf|Psychic|p2b: Incineroar
|-immune|p2b: Incineroar
|move|p1b: Incineroar|Knock Off|p2b: Incineroar
|-resisted|p2b: Incineroar
|-damage|p2b: Incineroar|89/100
|-enditem|p2b: Incineroar|Safety Goggles|[from] move: Knock Off|[of] p1b: Incineroar
|move|p2a: Dragonite|Scale Shot|p1a: Farigiraf
|-damage|p1a: Farigiraf|23/100
|-damage|p1a: Farigiraf|13/100
|-damage|p1a: Farigiraf|3/100
|-damage|p1a: Farigiraf|0 fnt
|faint|p1a: Farigiraf
|-hitcount|p1: Farigiraf|4
|-unboost|p2a: Dragonite|def|1
|-boost|p2a: Dragonite|spe|1
|
|upkeep
|
|t:|1755257091
|switch|p1a: Ursaluna|Ursaluna-Bloodmoon, L50, M|100/100
|turn|3
|
|t:|1755257114
|switch|p1b: Amoonguss|Amoonguss, L50, F|100/100
|move|p1a: Ursaluna|Protect|p1a: Ursaluna
|-singleturn|p1a: Ursaluna|Protect
|move|p2b: Incineroar|Fake Out|p1a: Ursaluna
|-activate|p1a: Ursaluna|move: Protect
|move|p2a: Dragonite|Scale Shot|p1b: Amoonguss|[miss]
|-miss|p2a: Dragonite|p1b: Amoonguss
|
|upkeep
|turn|4
|inactive|cerealesistaken has 30 seconds left.
|
|t:|1755257149
|move|p1b: Amoonguss|Spore|p2a: Dragonite
|-status|p2a: Dragonite|slp|[from] move: Spore
|move|p1a: Ursaluna|Earth Power|p2b: Incineroar
|-supereffective|p2b: Incineroar
|-damage|p2b: Incineroar|0 fnt
|faint|p2b: Incineroar
|-damage|p1a: Ursaluna|91/100|[from] item: Life Orb
|cant|p2a: Dragonite|slp
|
|upkeep
|
|t:|1755257158
|switch|p2b: Gholdengo|Gholdengo, L50|100/100
|turn|5
|
|t:|1755257175
|switch|p1a: Incineroar|Incineroar, L50, M|100/100
|-ability|p1a: Incineroar|Intimidate|boost
|-unboost|p2a: Dragonite|atk|1
|-unboost|p2b: Gholdengo|atk|1
|-terastallize|p2b: Gholdengo|Water
|move|p1b: Amoonguss|Spore|p2a: Dragonite
|-fail|p2a: Dragonite|slp
|move|p2b: Gholdengo|Nasty Plot|p2b: Gholdengo
|-boost|p2b: Gholdengo|spa|2
|-curestatus|p2a: Dragonite|slp|[msg]
|move|p2a: Dragonite|Scale Shot|p1a: Incineroar
|-damage|p1a: Incineroar|95/100
|-damage|p1a: Incineroar|90/100
|-damage|p1a: Incineroar|84/100
|-damage|p1a: Incineroar|78/100
|-hitcount|p1a: Incineroar|4
|-unboost|p2a: Dragonite|def|1
|-boost|p2a: Dragonite|spe|1
|
|-fieldend|move: Trick Room
|upkeep
|turn|6
|inactive|bogging has 30 seconds left.
|
|t:|1755257201
|-terastallize|p1b: Amoonguss|Water
|move|p2a: Dragonite|Protect|p2a: Dragonite
|-singleturn|p2a: Dragonite|Protect
|move|p2b: Gholdengo|Nasty Plot|p2b: Gholdengo
|-boost|p2b: Gholdengo|spa|2
|move|p1a: Incineroar|Knock Off|p2b: Gholdengo
|-damage|p2b: Gholdengo|60/100
|-enditem|p2b: Gholdengo|Life Orb|[from] move: Knock Off|[of] p1a: Incineroar
|move|p1b: Amoonguss|Spore|p2a: Dragonite
|-activate|p2a: Dragonite|move: Protect
|
|upkeep
|turn|7
|
|t:|1755257217
|move|p2a: Dragonite|Scale Shot|p1b: Amoonguss
|-damage|p1b: Amoonguss|95/100
|-damage|p1b: Amoonguss|89/100
|-damage|p1b: Amoonguss|83/100
|-damage|p1b: Amoonguss|78/100
|-damage|p1b: Amoonguss|72/100
|-hitcount|p1b: Amoonguss|5
|-unboost|p2a: Dragonite|def|1
|-boost|p2a: Dragonite|spe|1
|move|p2b: Gholdengo|Shadow Ball|p1b: Amoonguss
|-damage|p1b: Amoonguss|0 fnt
|faint|p1b: Amoonguss
|move|p1a: Incineroar|Parting Shot|p2a: Dragonite
|-unboost|p2a: Dragonite|atk|1
|-unboost|p2a: Dragonite|spa|1
|
|t:|1755257219
|switch|p1a: Ursaluna|Ursaluna-Bloodmoon, L50, M|91/100|[from] Parting Shot
|
|upkeep
|
|t:|1755257221
|switch|p1b: Incineroar|Incineroar, L50, M|78/100
|-ability|p1b: Incineroar|Intimidate|boost
|-unboost|p2a: Dragonite|atk|1
|-unboost|p2b: Gholdengo|atk|1
|turn|8
|
|t:|1755257233
|move|p2b: Gholdengo|Protect|p2b: Gholdengo
|-singleturn|p2b: Gholdengo|Protect
|move|p1b: Incineroar|Fake Out|p2b: Gholdengo
|-activate|p2b: Gholdengo|move: Protect
|move|p2a: Dragonite|Scale Shot|p1a: Ursaluna
|-damage|p1a: Ursaluna|88/100
|-damage|p1a: Ursaluna|84/100
|-damage|p1a: Ursaluna|81/100
|-crit|p1a: Ursaluna
|-damage|p1a: Ursaluna|67/100
|-damage|p1a: Ursaluna|63/100
|-hitcount|p1a: Ursaluna|5
|-unboost|p2a: Dragonite|def|1
|-boost|p2a: Dragonite|spe|1
|move|p1a: Ursaluna|Hyper Voice|p2a: Dragonite|[spread] p2a
|-activate|p2b: Gholdengo|move: Protect
|-damage|p2a: Dragonite|36/100
|-damage|p1a: Ursaluna|54/100|[from] item: Life Orb
|
|upkeep
|turn|9
|-message|bogging forfeited.
|
|win|cerealesistaken
|raw|bogging's rating: 1303 → 1284(-19 for losing)
|raw|cerealesistaken's rating: 1320 → 1339(+19 for winning)
|l|☆bogging
|player|p1|
