|j|☆sebtct
|j|☆SlaymonSays
|html|sebtctSlaymonSays    
|uhtml|bestof|Game 2 of a best-of-3
|t:|1757759055
|gametype|doubles
|player|p1|sebtct|1|1154
|player|p2|SlaymonSays|1|1301
|gen|9
|tier|[Gen 9] VGC 2025 Reg H (Bo3)
|rated|
|rule|Species Clause: Limit one of each Pokémon
|rule|Item Clause: Limit 1 of each item
|clearpoke
|poke|p1|Indeedee, L50, M|
|poke|p1|Hawlucha, L50, M|
|poke|p1|Annihilape, L50, M|
|poke|p1|Amoonguss, L50, M|
|poke|p1|Ninetales-Alola, L50, F|
|poke|p1|Hydreigon, L50, M|
|poke|p2|Ursaluna-Bloodmoon, L50, M|
|poke|p2|Dragonite, L50, M|
|poke|p2|Gholdengo, L50|
|poke|p2|Rillaboom, L50, M|
|poke|p2|Incineroar, L50, M|
|poke|p2|Ninetales-Alola, L50, F|
|teampreview|4
|showteam|p1|Indeedee||FocusSash|PsychicSurge|ExpandingForce,TrickRoom,Imprison,TeraBlast|||M|||50|,,,,,Ground]Hawlucha||PsychicSeed|Unburden|CloseCombat,Acrobatics,RockTomb,Protect|||M|||50|,,,,,Flying]Annihilape||ChoiceScarf|Defiant|FinalGambit,CloseCombat,RageFist,Uturn|||M|||50|,,,,,Ghost]Amoonguss||SitrusBerry|Regenerator|PollenPuff,Spore,RagePowder,ClearSmog|||M|||50|,,,,,Water]Ninetales-Alola||NeverMeltIce|SnowWarning|Blizzard,FreezeDry,Encore,Protect|||F|||50|,,,,,Ice]Hydreigon||AssaultVest|Levitate|DarkPulse,DracoMeteor,EarthPower,FlashCannon|||M|||50|,,,,,Ghost
|showteam|p2|Ursaluna-Bloodmoon||LifeOrb|MindsEye|BloodMoon,HyperVoice,EarthPower,Protect|||M|||50|,,,,,Normal]Dragonite||LoadedDice|InnerFocus|ScaleShot,Haze,Tailwind,Protect|||M|||50|,,,,,Fairy]Gholdengo||Leftovers|GoodasGold|MakeItRain,ShadowBall,NastyPlot,Protect||||||50|,,,,,Water]Rillaboom||AssaultVest|GrassySurge|FakeOut,GrassyGlide,WoodHammer,HighHorsepower|||M|||50|,,,,,Fire]Incineroar||SafetyGoggles|Intimidate|FakeOut,KnockOff,WillOWisp,PartingShot|||M|||50|,,,,,Ghost]Ninetales-Alola||CovertCloak|SnowWarning|Blizzard,FreezeDry,AuroraVeil,Encore|||F|||50|,,,,,Fire
|
|t:|1757759071
|teamsize|p1|4
|teamsize|p2|4
|start
|switch|p1a: Annihilape|Annihilape, L50, M|100/100
|switch|p1b: Indeedee|Indeedee, L50, M|100/100
|switch|p2a: Rillaboom|Rillaboom, L50, M|100/100
|switch|p2b: Gholdengo|Gholdengo, L50|100/100
|-fieldstart|move: Psychic Terrain|[from] ability: Psychic Surge|[of] p1b: Indeedee
|-fieldstart|move: Grassy Terrain|[from] ability: Grassy Surge|[of] p2a: Rillaboom
|turn|1
|
|t:|1757759090
|switch|p1b: Hydreigon|Hydreigon, L50, M|100/100
|move|p1a: Annihilape|Rage Fist|p2b: Gholdengo
|-supereffective|p2b: Gholdengo
|-damage|p2b: Gholdengo|62/100
|move|p2a: Rillaboom|Wood Hammer|p1a: Annihilape
|-damage|p1a: Annihilape|15/100
|-damage|p2a: Rillaboom|69/100|[from] Recoil
|move|p2b: Gholdengo|Nasty Plot|p2b: Gholdengo
|-boost|p2b: Gholdengo|spa|2
|
|-heal|p1a: Annihilape|21/100|[from] Grassy Terrain
|-heal|p2a: Rillaboom|74/100|[from] Grassy Terrain
|-heal|p2b: Gholdengo|68/100|[from] Grassy Terrain
|-heal|p2b: Gholdengo|75/100|[from] item: Leftovers
|upkeep
|turn|2
|
|t:|1757759118
|switch|p1b: Indeedee|Indeedee, L50, M|100/100
|-fieldstart|move: Psychic Terrain|[from] ability: Psychic Surge|[of] p1b: Indeedee
|move|p2b: Gholdengo|Protect|p2b: Gholdengo
|-singleturn|p2b: Gholdengo|Protect
|move|p1a: Annihilape|Rage Fist|p2b: Gholdengo
|-activate|p2b: Gholdengo|move: Protect
|move|p2a: Rillaboom|Wood Hammer|p1a: Annihilape
|-damage|p1a: Annihilape|0 fnt
|faint|p1a: Annihilape
|-damage|p2a: Rillaboom|66/100|[from] Recoil
|
|-heal|p2b: Gholdengo|81/100|[from] item: Leftovers
|upkeep
|
|t:|1757759127
|switch|p1a: Hydreigon|Hydreigon, L50, M|100/100
|turn|3
|
|t:|1757759140
|switch|p2a: Incineroar|Incineroar, L50, M|100/100
|-ability|p2a: Incineroar|Intimidate|boost
|-unboost|p1a: Hydreigon|atk|1
|-unboost|p1b: Indeedee|atk|1
|-terastallize|p2b: Gholdengo|Water
|move|p1b: Indeedee|Expanding Force|p2b: Gholdengo|[spread] p2b
|-immune|p2a: Incineroar
|-damage|p2b: Gholdengo|33/100
|move|p1a: Hydreigon|Dark Pulse|p2b: Gholdengo
|-damage|p2b: Gholdengo|0 fnt
|faint|p2b: Gholdengo
|
|upkeep
|
|t:|1757759152
|switch|p2b: Ninetales|Ninetales-Alola, L50, F|100/100
|-weather|Snowscape|[from] ability: Snow Warning|[of] p2b: Ninetales
|turn|4
|
|t:|1757759163
|switch|p1b: Hawlucha|Hawlucha, L50, M|100/100
|-enditem|p1b: Hawlucha|Psychic Seed
|-boost|p1b: Hawlucha|spd|1|[from] item: Psychic Seed
|switch|p2a: Rillaboom|Rillaboom, L50, M|66/100
|-fieldstart|move: Grassy Terrain|[from] ability: Grassy Surge|[of] p2a: Rillaboom
|-terastallize|p1a: Hydreigon|Ghost
|move|p2b: Ninetales|Aurora Veil|p2b: Ninetales
|-sidestart|p2: SlaymonSays|move: Aurora Veil
|move|p1a: Hydreigon|Flash Cannon|p2b: Ninetales
|-supereffective|p2b: Ninetales
|-damage|p2b: Ninetales|15/100
|
|-weather|Snowscape|[upkeep]
|-heal|p2b: Ninetales|21/100|[from] Grassy Terrain
|-heal|p2a: Rillaboom|72/100|[from] Grassy Terrain
|upkeep
|turn|5
|
|t:|1757759202
|switch|p2b: Incineroar|Incineroar, L50, M|100/100
|-ability|p2b: Incineroar|Intimidate|boost
|-unboost|p1a: Hydreigon|atk|1
|-unboost|p1b: Hawlucha|atk|1
|move|p1b: Hawlucha|Acrobatics|p2b: Incineroar
|-damage|p2b: Incineroar|79/100
|move|p1a: Hydreigon|Dark Pulse|p2a: Rillaboom
|-damage|p2a: Rillaboom|50/100
|move|p2a: Rillaboom|Wood Hammer|p1a: Hydreigon
|-damage|p1a: Hydreigon|17/100
|-damage|p2a: Rillaboom|24/100|[from] Recoil
|
|-weather|Snowscape|[upkeep]
|-heal|p2a: Rillaboom|29/100|[from] Grassy Terrain
|-heal|p2b: Incineroar|85/100|[from] Grassy Terrain
|upkeep
|turn|6
|
|t:|1757759224
|move|p2b: Incineroar|Fake Out|p1b: Hawlucha
|-damage|p1b: Hawlucha|83/100
|move|p2a: Rillaboom|Grassy Glide|p1a: Hydreigon
|-crit|p1a: Hydreigon
|-damage|p1a: Hydreigon|0 fnt
|faint|p1a: Hydreigon
|cant|p1b: Hawlucha|flinch
|
|-weather|Snowscape|[upkeep]
|-heal|p2a: Rillaboom|35/100|[from] Grassy Terrain
|-heal|p2b: Incineroar|91/100|[from] Grassy Terrain
|upkeep
|
|t:|1757759230
|switch|p1a: Indeedee|Indeedee, L50, M|100/100
|-fieldstart|move: Psychic Terrain|[from] ability: Psychic Surge|[of] p1a: Indeedee
|turn|7
|
|t:|1757759244
|switch|p2b: Ninetales|Ninetales-Alola, L50, F|21/100
|move|p1b: Hawlucha|Close Combat|p2b: Ninetales
|-damage|p2b: Ninetales|0 fnt
|-unboost|p1b: Hawlucha|def|1
|-unboost|p1b: Hawlucha|spd|1
|faint|p2b: Ninetales
|move|p1a: Indeedee|Expanding Force|p2a: Rillaboom
|-crit|p2a: Rillaboom
|-damage|p2a: Rillaboom|0 fnt
|faint|p2a: Rillaboom
|
|-weather|Snowscape|[upkeep]
|upkeep
|
|t:|1757759250
|switch|p2b: Incineroar|Incineroar, L50, M|91/100
|-ability|p2b: Incineroar|Intimidate|boost
|-unboost|p1a: Indeedee|atk|1
|-unboost|p1b: Hawlucha|atk|1
|turn|8
|
|t:|1757759261
|move|p1b: Hawlucha|Protect|p1b: Hawlucha
|-singleturn|p1b: Hawlucha|Protect
|move|p1a: Indeedee|Tera Blast|p2b: Incineroar
|-damage|p2b: Incineroar|70/100
|move|p2b: Incineroar|Knock Off|p1b: Hawlucha
|-activate|p1b: Hawlucha|move: Protect
|
|-weather|none
|-sideend|p2: SlaymonSays|move: Aurora Veil
|upkeep
|turn|9
|
|t:|1757759265
|move|p1b: Hawlucha|Close Combat|p2b: Incineroar
|-supereffective|p2b: Incineroar
|-damage|p2b: Incineroar|18/100
|-unboost|p1b: Hawlucha|def|1
|-unboost|p1b: Hawlucha|spd|1
|move|p1a: Indeedee|Tera Blast|p2b: Incineroar
|-crit|p2b: Incineroar
|-damage|p2b: Incineroar|0 fnt
|faint|p2b: Incineroar
|
|win|sebtct
||SlaymonSays is ready for game 3.
||sebtct is ready for game 3.
|uhtml|next|Next: Game 3 of 3
|l|☆SlaymonSays
|player|p2|
