|j|☆WestyLiam
|j|☆TailwindMakeItRain
|html|WestyLiamTailwindMakeItRain    
|uhtml|bestof|Game 2 of a best-of-3
|t:|1754352949
|gametype|doubles
|player|p1|WestyLiam|265|1317
|player|p2|TailwindMakeItRain|iris|1398
|gen|9
|tier|[Gen 9] VGC 2025 Reg H (Bo3)
|rated|
|rule|Species Clause: Limit one of each Pokémon
|rule|Item Clause: Limit 1 of each item
|clearpoke
|poke|p1|Gholdengo, L50|
|poke|p1|Sneasler, L50, M|
|poke|p1|Rillaboom, L50, F|
|poke|p1|Dragonite, L50, M|
|poke|p1|Ninetales-Alola, L50, F|
|poke|p1|Arcanine-Hisui, L50, M|
|poke|p2|Gholdengo, L50|
|poke|p2|Incineroar, L50, M|
|poke|p2|Rillaboom, L50, F|
|poke|p2|Dragonite, L50, F|
|poke|p2|Annihilape, L50, M|
|poke|p2|Electabuzz, L50, M|
|teampreview|4
|showteam|p1|Gholdengo||GrassySeed|GoodasGold|Protect,MakeItRain,ShadowBall,NastyPlot||||||50|,,,,,Water]Sneasler||WhiteHerb|Unburden|Protect,CloseCombat,DireClaw,Coaching|||M|||50|,,,,,Ghost]Rillaboom||AssaultVest|GrassySurge|FakeOut,DrumBeating,GrassyGlide,HighHorsepower|||F|||50|,,,,,Fire]Dragonite||LoadedDice|Multiscale|Protect,ScaleShot,StompingTantrum,Tailwind|||M|||50|,,,,,Ground]Ninetales-Alola||FocusSash|SnowWarning|Blizzard,IcyWind,Encore,AuroraVeil|||F|||50|,,,,,Ghost]Arcanine-Hisui||ClearAmulet|Intimidate|Protect,FlareBlitz,ExtremeSpeed,RockSlide|||M|||50|,,,,,Water
|showteam|p2|Gholdengo||Leftovers|GoodasGold|MakeItRain,ShadowBall,NastyPlot,Protect||||||50|,,,,,Water]Incineroar||SafetyGoggles|Intimidate|PartingShot,FlareBlitz,KnockOff,FakeOut|||M|||50|,,,,,Ghost]Rillaboom||AssaultVest|GrassySurge|WoodHammer,GrassyGlide,HighHorsepower,FakeOut|||F|||50|,,,,,Fire]Dragonite||LoadedDice|Multiscale|ScaleShot,ExtremeSpeed,Haze,Protect|||F|||50|,,,,,Fairy]Annihilape||FocusSash|Defiant|RageFist,CloseCombat,Protect,Coaching|||M|||50|,,,,,Stellar]Electabuzz||Eviolite|VitalSpirit|FollowMe,Electroweb,Taunt,Protect|||M|||50|,,,,,Ghost
|
|t:|1754352959
|teamsize|p1|4
|teamsize|p2|4
|start
|switch|p1a: Not Sorry :>|Sneasler, L50, M|100/100
|switch|p1b: Bingus|Dragonite, L50, M|100/100
|switch|p2a: Dragonite|Dragonite, L50, F|100/100
|switch|p2b: Annihilape|Annihilape, L50, M|100/100
|turn|1
|
|t:|1754352966
|-terastallize|p2a: Dragonite|Fairy
|-terastallize|p1b: Bingus|Ground
|move|p1a: Not Sorry :>|Coaching|p1b: Bingus
|-boost|p1b: Bingus|atk|1
|-boost|p1b: Bingus|def|1
|move|p2b: Annihilape|Coaching|p2a: Dragonite
|-boost|p2a: Dragonite|atk|1
|-boost|p2a: Dragonite|def|1
|move|p2a: Dragonite|Scale Shot|p1b: Bingus
|-damage|p1b: Bingus|93/100
|-damage|p1b: Bingus|77/100
|-damage|p1b: Bingus|59/100
|-damage|p1b: Bingus|42/100
|-hitcount|p1b: Bingus|4
|-unboost|p2a: Dragonite|def|1
|-boost|p2a: Dragonite|spe|1
|move|p1b: Bingus|Scale Shot|p2a: Dragonite
|-immune|p2a: Dragonite
|
|upkeep
|turn|2
|
|t:|1754352983
|switch|p1a: Bonk!|Arcanine-Hisui, L50, M|100/100
|-ability|p1a: Bonk!|Intimidate|boost
|-unboost|p2a: Dragonite|atk|1
|-unboost|p2b: Annihilape|atk|1
|-ability|p2b: Annihilape|Defiant|boost
|-boost|p2b: Annihilape|atk|2
|move|p2a: Dragonite|Scale Shot|p1a: Bonk!
|-damage|p1a: Bonk!|81/100
|-damage|p1a: Bonk!|63/100
|-damage|p1a: Bonk!|43/100
|-damage|p1a: Bonk!|26/100
|-damage|p1a: Bonk!|8/100
|-hitcount|p1a: Bonk!|5
|-unboost|p2a: Dragonite|def|1
|-boost|p2a: Dragonite|spe|1
|move|p2b: Annihilape|Coaching|p2a: Dragonite
|-boost|p2a: Dragonite|atk|1
|-boost|p2a: Dragonite|def|1
|move|p1b: Bingus|Scale Shot|p2b: Annihilape
|-damage|p2b: Annihilape|75/100
|-damage|p2b: Annihilape|47/100
|-damage|p2b: Annihilape|19/100
|-damage|p2b: Annihilape|0 fnt
|faint|p2b: Annihilape
|-hitcount|p2: Annihilape|4
|-unboost|p1b: Bingus|def|1
|-boost|p1b: Bingus|spe|1
|
|upkeep
|
|t:|1754352997
|switch|p2b: Electabuzz|Electabuzz, L50, M|100/100
|turn|3
|
|t:|1754353001
|move|p1b: Bingus|Protect|p1b: Bingus
|-singleturn|p1b: Bingus|Protect
|move|p2a: Dragonite|Scale Shot|p1b: Bingus
|-activate|p1b: Bingus|move: Protect
|move|p2b: Electabuzz|Electroweb|p1b: Bingus|[spread] p1a
|-activate|p1b: Bingus|move: Protect
|-damage|p1a: Bonk!|0 fnt
|faint|p1a: Bonk!
|
|upkeep
|
|t:|1754353002
|switch|p1a: Ice Cube|Ninetales-Alola, L50, F|100/100
|-weather|Snowscape|[from] ability: Snow Warning|[of] p1a: Ice Cube
|turn|4
|
|t:|1754353008
|move|p2a: Dragonite|Scale Shot|p1b: Bingus
|-damage|p1b: Bingus|18/100
|-damage|p1b: Bingus|0 fnt
|faint|p1b: Bingus
|-hitcount|p1: Bingus|2
|-unboost|p2a: Dragonite|def|1
|-boost|p2a: Dragonite|spe|1
|move|p1a: Ice Cube|Icy Wind|p2a: Dragonite|[spread] p2a,p2b
|-damage|p2a: Dragonite|92/100
|-damage|p2b: Electabuzz|88/100
|-unboost|p2a: Dragonite|spe|1
|-unboost|p2b: Electabuzz|spe|1
|move|p2b: Electabuzz|Electroweb|p1a: Ice Cube
|-damage|p1a: Ice Cube|78/100
|-unboost|p1a: Ice Cube|spe|1
|
|-weather|Snowscape|[upkeep]
|upkeep
|
|t:|1754353011
|switch|p1b: Not Sorry :>|Sneasler, L50, M|100/100
|turn|5
|
|t:|1754353016
|move|p1b: Not Sorry :>|Protect|p1b: Not Sorry :>
|-singleturn|p1b: Not Sorry :>|Protect
|move|p2b: Electabuzz|Follow Me|p2b: Electabuzz
|-singleturn|p2b: Electabuzz|move: Follow Me
|move|p2a: Dragonite|Scale Shot|p1b: Not Sorry :>
|-activate|p1b: Not Sorry :>|move: Protect
|move|p1a: Ice Cube|Icy Wind|p2a: Dragonite|[spread] p2a
|-miss|p1a: Ice Cube|p2b: Electabuzz
|-crit|p2a: Dragonite
|-damage|p2a: Dragonite|68/100
|-unboost|p2a: Dragonite|spe|1
|
|-weather|Snowscape|[upkeep]
|upkeep
|turn|6
|
|t:|1754353029
|move|p1b: Not Sorry :>|Protect||[still]
|-fail|p1b: Not Sorry :>
|move|p2a: Dragonite|Scale Shot|p1b: Not Sorry :>
|-damage|p1b: Not Sorry :>|69/100
|-damage|p1b: Not Sorry :>|40/100
|-crit|p1b: Not Sorry :>
|-damage|p1b: Not Sorry :>|0 fnt
|faint|p1b: Not Sorry :>
|-hitcount|p1: Not Sorry :>|3
|-unboost|p2a: Dragonite|def|1
|-boost|p2a: Dragonite|spe|1
|move|p1a: Ice Cube|Blizzard|p2a: Dragonite|[spread] p2a,p2b
|-damage|p2a: Dragonite|34/100
|-damage|p2b: Electabuzz|64/100
|-status|p2a: Dragonite|frz
|-status|p2b: Electabuzz|frz
|cant|p2b: Electabuzz|frz
|
|-weather|Snowscape|[upkeep]
|upkeep
|turn|7
|
|t:|1754353033
|cant|p2a: Dragonite|frz
|move|p1a: Ice Cube|Blizzard|p2a: Dragonite|[spread] p2a,p2b
|-damage|p2a: Dragonite|2/100 frz
|-damage|p2b: Electabuzz|40/100 frz
|cant|p2b: Electabuzz|frz
|
|-weather|Snowscape|[upkeep]
|upkeep
|turn|8
|
|t:|1754353038
|cant|p2a: Dragonite|frz
|move|p1a: Ice Cube|Blizzard|p2a: Dragonite|[spread] p2a,p2b
|-damage|p2a: Dragonite|0 fnt
|-damage|p2b: Electabuzz|17/100 frz
|faint|p2a: Dragonite
|cant|p2b: Electabuzz|frz
|
|-weather|none
|upkeep
|
|t:|1754353040
|switch|p2a: Gholdengo|Gholdengo, L50|100/100
|turn|9
|
|t:|1754353043
|move|p1a: Ice Cube|Blizzard|p2a: Gholdengo|[spread] p2a,p2b
|-resisted|p2a: Gholdengo
|-damage|p2a: Gholdengo|83/100
|-damage|p2b: Electabuzz|0 fnt
|faint|p2b: Electabuzz
|move|p2a: Gholdengo|Make It Rain|p1a: Ice Cube
|-supereffective|p1a: Ice Cube
|-damage|p1a: Ice Cube|0 fnt
|-unboost|p2a: Gholdengo|spa|1
|faint|p1a: Ice Cube
|
|win|TailwindMakeItRain
|raw|WestyLiam's rating: 1317 → 1302(-15 for losing)
|raw|TailwindMakeItRain's rating: 1398 → 1413(+15 for winning)
