|j|☆breloomb01
|j|☆problamatic
|html|breloomb01problamatic    
|uhtml|bestof|Game 2 of a best-of-3
|t:|1786054426
|gametype|doubles
|player|p1|breloomb01|roughneck|1227
|player|p2|problamatic|boarder|1212
|gen|9
|tier|[Gen 9 Champions] VGC 2026 Reg M-B (Bo3)
|rated|
|rule|Species Clause: Limit one of each Pokémon
|rule|Item Clause: Limit 1 of each item
|clearpoke
|poke|p1|Floette-Eternal, L50, F|
|poke|p1|Incineroar, L50, M|
|poke|p1|Sinistcha, L50|
|poke|p1|Garchomp, L50, M|
|poke|p1|Sneasler, L50, F|
|poke|p1|Rotom-Wash, L50|
|poke|p2|Froslass, L50, F|
|poke|p2|Sneasler, L50, F|
|poke|p2|Kingambit, L50, F|
|poke|p2|Basculegion, L50, M|
|poke|p2|Scovillain, L50, F, shiny|
|poke|p2|Lycanroc-Dusk, L50, F|
|teampreview|4
|showteam|p1|Floette-Eternal||Floettite|FlowerVeil|DrainingKiss,DazzlingGleam,CalmMind,Protect|Modest||F|||50|]Incineroar||SitrusBerry|Intimidate|FakeOut,FlareBlitz,ThroatChop,PartingShot|Careful||M|||50|]Sinistcha||KasibBerry|Hospitality|Protect,RagePowder,MatchaGotcha,TrickRoom|Calm|||||50|]Garchomp||LifeOrb|RoughSkin|Earthquake,DragonClaw,RockSlide,Protect|Jolly||M|||50|]Sneasler||FocusSash|PoisonTouch|FakeOut,PoisonJab,CloseCombat,Protect|Jolly||F|||50|]Rotom-Wash||Leftovers|Levitate|HydroPump,Protect,WillOWisp,Thunderbolt|Bold|||||50|
|showteam|p2|Froslass||Froslassite|CursedBody|Protect,Blizzard,AuroraVeil,ShadowBall|Modest||F|||50|]Sneasler||WhiteHerb|Unburden|Protect,CloseCombat,FakeOut,GunkShot|Adamant||F|||50|]Kingambit||BlackGlasses|Defiant|Protect,KowtowCleave,SwordsDance,SuckerPunch|Adamant||F|||50|]Basculegion||SitrusBerry|Adaptability|Protect,WaveCrash,LastRespects,AquaJet|Adamant||M|||50|]Scovillain||Scovillainite|Moody|Protect,GigaDrain,Overheat,RagePowder|Bold||F|||50|]Lycanroc-Dusk||FocusSash|ToughClaws|Protect,Accelerock,RockSlide,CloseCombat|Adamant||F|||50|
|
|t:|1786054440
|teamsize|p1|4
|teamsize|p2|4
|start
|switch|p1a: Sneasler|Sneasler, L50, F|100/100
|switch|p1b: Floette|Floette-Eternal, L50, F|100/100
|switch|p2a: Basculegion|Basculegion, L50, M|100/100
|switch|p2b: Froslass|Froslass, L50, F|100/100
|turn|1
|inactive|Battle timer is ON: inactive players will automatically lose when time's up. (requested by problamatic)
|
|t:|1786054459
|switch|p1a: Incineroar|Incineroar, L50, M|100/100
|-ability|p1a: Incineroar|Intimidate|boost
|-unboost|p2a: Basculegion|atk|1
|-unboost|p2b: Froslass|atk|1
|switch|p1b: Rotom|Rotom-Wash, L50|100/100
|detailschange|p2b: Froslass|Froslass-Mega, L50, F
|-mega|p2b: Froslass|Froslass|Froslassite
|-weather|Snowscape|[from] ability: Snow Warning|[of] p2b: Froslass
|move|p2b: Froslass|Aurora Veil|p2b: Froslass
|-sidestart|p2: problamatic|move: Aurora Veil
|move|p2a: Basculegion|Wave Crash|p1b: Rotom
|-resisted|p1b: Rotom|1
|-damage|p1b: Rotom|77/100
|-damage|p2a: Basculegion|94/100|[from] Recoil
|
|-weather|Snowscape|[upkeep]
|-heal|p1b: Rotom|83/100|[from] item: Leftovers
|upkeep
|turn|2
|inactive|problamatic has 30 seconds left.
|inactive|problamatic has 20 seconds left.
|
|t:|1786054497
|switch|p2a: Sneasler|Sneasler, L50, F|100/100
|move|p2b: Froslass|Shadow Ball|p1b: Rotom
|-damage|p1b: Rotom|43/100
|move|p1b: Rotom|Will-O-Wisp|p2a: Sneasler
|-status|p2a: Sneasler|brn
|move|p1a: Incineroar|Flare Blitz|p2b: Froslass
|-supereffective|p2b: Froslass|1
|-damage|p2b: Froslass|38/100
|-damage|p1a: Incineroar|83/100|[from] Recoil
|
|-weather|Snowscape|[upkeep]
|-heal|p1b: Rotom|49/100|[from] item: Leftovers
|-damage|p2a: Sneasler|94/100 brn|[from] brn
|upkeep
|turn|3
|
|t:|1786054518
|switch|p2b: Basculegion|Basculegion, L50, M|94/100
|move|p1b: Rotom|Protect|p1b: Rotom
|-singleturn|p1b: Rotom|Protect
|move|p2a: Sneasler|Fake Out|p1b: Rotom
|-activate|p1b: Rotom|move: Protect
|move|p1a: Incineroar|Parting Shot|p2a: Sneasler
|-unboost|p2a: Sneasler|atk|1
|-unboost|p2a: Sneasler|spa|1
|
|t:|1786054526
|switch|p1a: Sneasler|Sneasler, L50, F|100/100|[from] Parting Shot
|-enditem|p2a: Sneasler|White Herb
|-clearnegativeboost|p2a: Sneasler|[silent]
|
|-weather|Snowscape|[upkeep]
|-heal|p1b: Rotom|55/100|[from] item: Leftovers
|-damage|p2a: Sneasler|88/100 brn|[from] brn
|upkeep
|turn|4
|
|t:|1786054547
|switch|p1b: Incineroar|Incineroar, L50, M|83/100
|-ability|p1b: Incineroar|Intimidate|boost
|-unboost|p2a: Sneasler|atk|1
|-unboost|p2b: Basculegion|atk|1
|move|p1a: Sneasler|Fake Out|p2a: Sneasler
|-damage|p2a: Sneasler|77/100 brn
|cant|p2a: Sneasler|flinch
|move|p2b: Basculegion|Wave Crash|p1b: Incineroar
|-supereffective|p1b: Incineroar|1
|-damage|p1b: Incineroar|0 fnt
|faint|p1b: Incineroar
|-damage|p2b: Basculegion|69/100|[from] Recoil
|
|-weather|Snowscape|[upkeep]
|-damage|p2a: Sneasler|71/100 brn|[from] brn
|upkeep
|
|t:|1786054553
|switch|p1b: Rotom|Rotom-Wash, L50|55/100
|turn|5
|
|t:|1786054576
|switch|p2a: Froslass|Froslass-Mega, L50, F|38/100
|move|p2b: Basculegion|Protect|p2b: Basculegion
|-singleturn|p2b: Basculegion|Protect
|move|p1a: Sneasler|Poison Jab|p2a: Froslass
|-resisted|p2a: Froslass|1
|-damage|p2a: Froslass|24/100
|move|p1b: Rotom|Will-O-Wisp|p2b: Basculegion
|-activate|p2b: Basculegion|move: Protect
|
|-weather|none
|-heal|p1b: Rotom|61/100|[from] item: Leftovers
|-sideend|p2: problamatic|move: Aurora Veil
|upkeep
|turn|6
|
|t:|1786054600
|switch|p2b: Sneasler|Sneasler, L50, F|71/100 brn
|move|p1a: Sneasler|Poison Jab|p2a: Froslass
|-resisted|p2a: Froslass|1
|-damage|p2a: Froslass|0 fnt
|faint|p2a: Froslass
|move|p1b: Rotom|Will-O-Wisp|p2b: Sneasler
|-fail|p2b: Sneasler|brn
|
|-heal|p1b: Rotom|67/100|[from] item: Leftovers
|-damage|p2b: Sneasler|65/100 brn|[from] brn
|upkeep
|
|t:|1786054612
|switch|p2a: Basculegion|Basculegion, L50, M|69/100
|turn|7
|
|t:|1786054635
|move|p1a: Sneasler|Protect|p1a: Sneasler
|-singleturn|p1a: Sneasler|Protect
|move|p1b: Rotom|Protect|p1b: Rotom
|-singleturn|p1b: Rotom|Protect
|move|p2b: Sneasler|Fake Out|p1b: Rotom
|-activate|p1b: Rotom|move: Protect
|move|p2a: Basculegion|Last Respects|p1b: Rotom
|-activate|p1b: Rotom|move: Protect
|
|-heal|p1b: Rotom|73/100|[from] item: Leftovers
|-damage|p2b: Sneasler|60/100 brn|[from] brn
|upkeep
|turn|8
|
|t:|1786054648
|move|p2a: Basculegion|Protect|p2a: Basculegion
|-singleturn|p2a: Basculegion|Protect
|move|p1a: Sneasler|Poison Jab|p2b: Sneasler
|-resisted|p2b: Sneasler|1
|-damage|p2b: Sneasler|37/100 brn
|move|p2b: Sneasler|Gunk Shot|p1b: Rotom|[miss]
|-miss|p2b: Sneasler|p1b: Rotom
|move|p1b: Rotom|Will-O-Wisp|p2a: Basculegion
|-activate|p2a: Basculegion|move: Protect
|
|-heal|p1b: Rotom|79/100|[from] item: Leftovers
|-damage|p2b: Sneasler|31/100 brn|[from] brn
|upkeep
|turn|9
|
|t:|1786054671
|move|p1a: Sneasler|Close Combat|p2b: Sneasler
|-resisted|p2b: Sneasler|1
|-damage|p2b: Sneasler|0 fnt
|-unboost|p1a: Sneasler|def|1
|-unboost|p1a: Sneasler|spd|1
|faint|p2b: Sneasler
|move|p1b: Rotom|Will-O-Wisp|p2a: Basculegion
|-status|p2a: Basculegion|brn
|move|p2a: Basculegion|Last Respects|p1a: Sneasler
|-enditem|p1a: Sneasler|Focus Sash
|-damage|p1a: Sneasler|1/100
|
|-heal|p1b: Rotom|84/100|[from] item: Leftovers
|-damage|p2a: Basculegion|63/100 brn|[from] brn
|upkeep
|
|t:|1786054674
|switch|p2b: Kingambit|Kingambit, L50, F|100/100
|turn|10
|
|t:|1786054679
|switch|p1a: Floette|Floette-Eternal, L50, F|100/100
|move|p2a: Basculegion|Aqua Jet|p1a: Floette
|-crit|p1a: Floette
|-damage|p1a: Floette|74/100
|move|p1b: Rotom|Will-O-Wisp|p2b: Kingambit
|-status|p2b: Kingambit|brn
|move|p2b: Kingambit|Swords Dance|p2b: Kingambit
|-boost|p2b: Kingambit|atk|2
|
|-heal|p1b: Rotom|90/100|[from] item: Leftovers
|-damage|p2a: Basculegion|57/100 brn|[from] brn
|-damage|p2b: Kingambit|94/100 brn|[from] brn
|upkeep
|turn|11
|
|t:|1786054696
|detailschange|p1a: Floette|Floette-Mega, L50, F
|-mega|p1a: Floette|Floette|Floettite
|-ability|p1a: Floette|Fairy Aura
|move|p2b: Kingambit|Protect|p2b: Kingambit
|-singleturn|p2b: Kingambit|Protect
|move|p1a: Floette|Dazzling Gleam|p2b: Kingambit|[spread] p2a
|-activate|p2b: Kingambit|move: Protect
|-damage|p2a: Basculegion|10/100 brn
|-enditem|p2a: Basculegion|Sitrus Berry|[eat]
|-heal|p2a: Basculegion|35/100 brn|[from] item: Sitrus Berry
|move|p1b: Rotom|Thunderbolt|p2a: Basculegion
|-supereffective|p2a: Basculegion|1
|-damage|p2a: Basculegion|0 fnt
|faint|p2a: Basculegion
|
|-heal|p1b: Rotom|96/100|[from] item: Leftovers
|-damage|p2b: Kingambit|88/100 brn|[from] brn
|upkeep
|turn|12
|-message|problamatic forfeited.
|
|win|breloomb01
|raw|breloomb01's rating: 1227 → 1251(+24 for winning)
|raw|problamatic's rating: 1212 → 1188(-24 for losing)
