|j|☆Pineyfressh
|j|☆andiom123
|html|Pineyfresshandiom123    
|uhtml|bestof|Game 2 of a best-of-3
|t:|1784393536
|gametype|doubles
|player|p1|Pineyfressh|101|1147
|player|p2|andiom123|red|1200
|gen|9
|tier|[Gen 9 Champions] VGC 2026 Reg M-B (Bo3)
|rated|
|rule|Species Clause: Limit one of each Pokémon
|rule|Item Clause: Limit 1 of each item
|clearpoke
|poke|p1|Scolipede, L50, M|
|poke|p1|Garchomp, L50, F|
|poke|p1|Maushold-Four, L50|
|poke|p1|Sylveon, L50, F|
|poke|p1|Gengar, L50, M|
|poke|p1|Whimsicott, L50, M|
|poke|p2|Incineroar, L50, F|
|poke|p2|Farigiraf, L50, M|
|poke|p2|Sylveon, L50, F|
|poke|p2|Torkoal, L50, M|
|poke|p2|Kangaskhan, L50, F|
|poke|p2|Mawile, L50, F|
|teampreview|4
|showteam|p1|Scolipede||Scolipite|SpeedBoost|LeechLife,SwordsDance,PoisonJab,Protect|Adamant||M|||50|]Garchomp||RoseliBerry|RoughSkin|SwordsDance,Earthquake,RockSlide,Protect|Jolly||F|||50|]Maushold-Four||MentalHerb|FriendGuard|FollowMe,Protect,HelpingHand,Taunt|Timid|||||50|]Sylveon||LifeOrb|Pixilate|HyperBeam,HyperVoice,Protect,CalmMind|Modest||F|||50|]Gengar||Gengarite|CursedBody|ShadowBall,NastyPlot,SludgeWave,Protect|Timid||M|||50|]Whimsicott||FocusSash|Prankster|Tailwind,Endeavor,Taunt,Moonblast|Bold||M|||50|
|showteam|p2|Incineroar||MuscleBand|Intimidate|ThroatChop,FlareBlitz,FakeOut,PartingShot|Brave||F|||50|]Farigiraf||SitrusBerry|ArmorTail|FoulPlay,PsychicNoise,TrickRoom,HelpingHand|Relaxed||M|||50|]Sylveon||FairyFeather|Pixilate|HyperVoice,HyperBeam,Yawn,Detect|Modest||F|||50|]Torkoal||Charcoal|Drought|Eruption,EarthPower,Flamethrower,Protect|Quiet||M|||50|]Kangaskhan||Kangaskhanite|Scrappy|DoubleEdge,FakeOut,IcePunch,HammerArm|Brave||F|||50|]Mawile||Mawilite|HyperCutter|RockSlide,PlayRough,SuckerPunch,Protect|Brave||F|||50|
|
|t:|1784393556
|teamsize|p1|4
|teamsize|p2|4
|start
|switch|p1a: Maushold|Maushold-Four, L50|100/100
|switch|p1b: Sylveon|Sylveon, L50, F|100/100
|switch|p2a: Farigiraf|Farigiraf, L50, M|100/100
|switch|p2b: Incineroar|Incineroar, L50, F|100/100
|-ability|p2b: Incineroar|Intimidate|boost
|-unboost|p1a: Maushold|atk|1
|-unboost|p1b: Sylveon|atk|1
|turn|1
|
|t:|1784393571
|move|p2b: Incineroar|Fake Out|p1a: Maushold
|-damage|p1a: Maushold|80/100
|cant|p1a: Maushold|flinch
|move|p1b: Sylveon|Calm Mind|p1b: Sylveon
|-boost|p1b: Sylveon|spa|1
|-boost|p1b: Sylveon|spd|1
|move|p2a: Farigiraf|Trick Room|p2a: Farigiraf
|-fieldstart|move: Trick Room|[of] p2a: Farigiraf
|
|upkeep
|turn|2
|
|t:|1784393590
|switch|p2a: Torkoal|Torkoal, L50, M|100/100
|-weather|SunnyDay|[from] ability: Drought|[of] p2a: Torkoal
|move|p1a: Maushold|Follow Me|p1a: Maushold
|-singleturn|p1a: Maushold|move: Follow Me
|move|p2b: Incineroar|Flare Blitz|p1a: Maushold
|-damage|p1a: Maushold|0 fnt
|faint|p1a: Maushold
|-damage|p2b: Incineroar|76/100|[from] Recoil
|move|p1b: Sylveon|Hyper Voice|p2b: Incineroar|[spread] p2a,p2b
|-resisted|p2a: Torkoal|1
|-damage|p2a: Torkoal|46/100
|-damage|p2b: Incineroar|0 fnt
|faint|p2b: Incineroar
|-damage|p1b: Sylveon|90/100|[from] item: Life Orb
|
|-weather|SunnyDay|[upkeep]
|upkeep
|
|t:|1784393605
|switch|p2b: Sylveon|Sylveon, L50, F|100/100
|switch|p1a: Scolipede|Scolipede, L50, M|100/100
|turn|3
|
|t:|1784393617
|detailschange|p1a: Scolipede|Scolipede-Mega, L50, M
|-mega|p1a: Scolipede|Scolipede|Scolipite
|move|p2a: Torkoal|Eruption|p1b: Sylveon|[spread] p1a,p1b
|-supereffective|p1a: Scolipede|1
|-damage|p1a: Scolipede|19/100
|-damage|p1b: Sylveon|72/100
|move|p2b: Sylveon|Hyper Voice|p1b: Sylveon|[spread] p1a,p1b
|-resisted|p1a: Scolipede|1
|-damage|p1a: Scolipede|0 fnt
|-damage|p1b: Sylveon|49/100
|faint|p1a: Scolipede
|move|p1b: Sylveon|Calm Mind|p1b: Sylveon
|-boost|p1b: Sylveon|spa|1
|-boost|p1b: Sylveon|spd|1
|
|-weather|SunnyDay|[upkeep]
|upkeep
|
|t:|1784393629
|switch|p1a: Garchomp|Garchomp, L50, F|100/100
|turn|4
|
|t:|1784393641
|move|p1a: Garchomp|Protect|p1a: Garchomp
|-singleturn|p1a: Garchomp|Protect
|move|p2a: Torkoal|Flamethrower|p1b: Sylveon
|-damage|p1b: Sylveon|24/100
|-status|p1b: Sylveon|brn
|move|p1b: Sylveon|Hyper Voice|p2b: Sylveon|[spread] p2a,p2b
|-resisted|p2a: Torkoal|1
|-damage|p2a: Torkoal|0 fnt
|-damage|p2b: Sylveon|24/100
|faint|p2a: Torkoal
|-damage|p1b: Sylveon|14/100 brn|[from] item: Life Orb
|move|p2b: Sylveon|Hyper Voice|p1a: Garchomp|[spread] p1b
|-activate|p1a: Garchomp|move: Protect
|-damage|p1b: Sylveon|0 fnt
|faint|p1b: Sylveon
|
|-weather|SunnyDay|[upkeep]
|upkeep
|
|t:|1784393659
|switch|p2a: Farigiraf|Farigiraf, L50, M|100/100
|turn|5
|
|t:|1784393665
|move|p2a: Farigiraf|Helping Hand|p2b: Sylveon
|-singleturn|p2b: Sylveon|Helping Hand|[of] p2a: Farigiraf
|move|p1a: Garchomp|Protect|p1a: Garchomp
|-singleturn|p1a: Garchomp|Protect
|move|p2b: Sylveon|Hyper Voice|p1a: Garchomp
|-activate|p1a: Garchomp|move: Protect
|
|-weather|SunnyDay|[upkeep]
|-fieldend|move: Trick Room
|upkeep
|turn|6
|
|t:|1784393677
|move|p2b: Sylveon|Detect|p2b: Sylveon
|-singleturn|p2b: Sylveon|Protect
|move|p1a: Garchomp|Earthquake|p2b: Sylveon|[spread] p2a
|-activate|p2b: Sylveon|move: Protect
|-damage|p2a: Farigiraf|70/100
|move|p2a: Farigiraf|Trick Room|p2a: Farigiraf
|-fieldstart|move: Trick Room|[of] p2a: Farigiraf
|
|-weather|none
|upkeep
|turn|7
|
|t:|1784393687
|move|p2a: Farigiraf|Helping Hand|p2b: Sylveon
|-singleturn|p2b: Sylveon|Helping Hand|[of] p2a: Farigiraf
|move|p2b: Sylveon|Hyper Voice|p1a: Garchomp
|-supereffective|p1a: Garchomp|1
|-enditem|p1a: Garchomp|Roseli Berry|[eat]
|-enditem|p1a: Garchomp|Roseli Berry|[weaken]
|-damage|p1a: Garchomp|0 fnt
|faint|p1a: Garchomp
|
|win|andiom123
|raw|Pineyfressh's rating: 1147 → 1126(-21 for losing)
|raw|andiom123's rating: 1200 → 1221(+21 for winning)
|l|☆Pineyfressh
|player|p1|
