|j|☆bearlover997
|j|☆lolgz
|html|bearlover997lolgz    
|uhtml|bestof|Game 2 of a best-of-3
|t:|1783380161
|gametype|doubles
|player|p1|bearlover997|sage|1106
|player|p2|lolgz|170|1116
|gen|9
|tier|[Gen 9 Champions] VGC 2026 Reg M-B (Bo3)
|rated|
|rule|Species Clause: Limit one of each Pokémon
|rule|Item Clause: Limit 1 of each item
|clearpoke
|poke|p1|Dragalge, L50, M, shiny|
|poke|p1|Sinistcha, L50|
|poke|p1|Incineroar, L50, M|
|poke|p1|Grimmsnarl, L50, M|
|poke|p1|Lopunny, L50, F|
|poke|p1|Volcarona, L50, M|
|poke|p2|Scrafty, L50, M|
|poke|p2|Vivillon, L50, M|
|poke|p2|Incineroar, L50, M|
|poke|p2|Sinistcha, L50|
|poke|p2|Kingambit, L50, M|
|poke|p2|Delphox, L50, M|
|teampreview|4
|showteam|p1|Dragalge||Dragalgite|PoisonPoint|DracoMeteor,SludgeBomb,FlipTurn,Toxic|Calm||M|||50|]Sinistcha||ColburBerry|Hospitality|MatchaGotcha,StrengthSap,RagePowder,Protect|Bold|||||50|]Incineroar||SitrusBerry|Intimidate|FakeOut,PartingShot,WillOWisp,FlareBlitz|Adamant||M|||50|]Grimmsnarl||LightClay|Prankster|LightScreen,Reflect,PartingShot,SpiritBreak|Careful||M|||50|]Lopunny||Lopunnite|Limber|CloseCombat,Encore,Uturn,FakeOut|Jolly||F|||50|]Volcarona||Leftovers|FlameBody|StruggleBug,FieryDance,Protect,QuiverDance|Modest||M|||50|
|showteam|p2|Scrafty||Scraftinite|Intimidate|DrainPunch,KnockOff,Protect,DragonDance|Jolly||M|||50|]Vivillon||ChoiceScarf|CompoundEyes|SleepPowder,Hurricane,RagePowder,Tailwind|Timid||M|||50|]Incineroar||PasshoBerry|Intimidate|PartingShot,FakeOut,ThroatChop,FlareBlitz|Careful||M|||50|]Sinistcha||KasibBerry|Hospitality|MatchaGotcha,RagePowder,TrickRoom,Protect|Serious|||||50|]Kingambit||BlackGlasses|Defiant|SuckerPunch,KowtowCleave,Protect,SwordsDance|Adamant||M|||50|]Delphox||Delphoxite|Blaze|HeatWave,Psychic,Protect,NastyPlot|Timid||M|||50|
|inactive|Battle timer is ON: inactive players will automatically lose when time's up. (requested by bearlover997)
|inactive|lolgz also wants the timer to be on.
|
|t:|1783380181
|teamsize|p1|4
|teamsize|p2|4
|start
|switch|p1a: Incineroar|Incineroar, L50, M|100/100
|switch|p1b: Volcarona|Volcarona, L50, M|100/100
|switch|p2a: Incineroar|Incineroar, L50, M|100/100
|switch|p2b: Kingambit|Kingambit, L50, M|100/100
|-ability|p2a: Incineroar|Intimidate|boost
|-unboost|p1a: Incineroar|atk|1
|-unboost|p1b: Volcarona|atk|1
|-ability|p1a: Incineroar|Intimidate|boost
|-unboost|p2a: Incineroar|atk|1
|-unboost|p2b: Kingambit|atk|1
|-ability|p2b: Kingambit|Defiant|boost
|-boost|p2b: Kingambit|atk|2
|turn|1
|inactive|lolgz has 30 seconds left.
|
|t:|1783380208
|switch|p1b: Grimmsnarl|Grimmsnarl, L50, M|100/100
|move|p2b: Kingambit|Protect|p2b: Kingambit
|-singleturn|p2b: Kingambit|Protect
|move|p2a: Incineroar|Parting Shot|p1b: Grimmsnarl
|-unboost|p1b: Grimmsnarl|atk|1
|-unboost|p1b: Grimmsnarl|spa|1
|
|t:|1783380212
|switch|p2a: Vivillon|Vivillon, L50, M|100/100|[from] Parting Shot
|move|p1a: Incineroar|Will-O-Wisp|p2b: Kingambit
|-activate|p2b: Kingambit|move: Protect
|
|upkeep
|turn|2
|
|t:|1783380224
|move|p2a: Vivillon|Sleep Powder|p1a: Incineroar
|-status|p1a: Incineroar|slp|[from] move: Sleep Powder
|move|p1b: Grimmsnarl|Spirit Break|p2a: Vivillon
|-damage|p2a: Vivillon|67/100
|-unboost|p2a: Vivillon|spa|1
|cant|p1a: Incineroar|slp
|move|p2b: Kingambit|Swords Dance|p2b: Kingambit
|-boost|p2b: Kingambit|atk|2
|
|upkeep
|turn|3
|
|t:|1783380239
|move|p1b: Grimmsnarl|Reflect|p1b: Grimmsnarl
|-sidestart|p1: bearlover997|Reflect
|move|p2a: Vivillon|Sleep Powder|p1b: Grimmsnarl
|-status|p1b: Grimmsnarl|slp|[from] move: Sleep Powder
|cant|p1a: Incineroar|slp
|move|p2b: Kingambit|Swords Dance|p2b: Kingambit
|-boost|p2b: Kingambit|atk|2
|
|upkeep
|turn|4
|inactive|lolgz has 30 seconds left.
|inactive|lolgz has 20 seconds left.
|inactive|lolgz has 15 seconds left.
|
|t:|1783380280
|switch|p2a: Incineroar|Incineroar, L50, M|100/100
|-ability|p2a: Incineroar|Intimidate|boost
|-unboost|p1a: Incineroar|atk|1
|-unboost|p1b: Grimmsnarl|atk|1
|cant|p1b: Grimmsnarl|slp
|-curestatus|p1a: Incineroar|slp|[msg]
|move|p1a: Incineroar|Flare Blitz|p2b: Kingambit
|-supereffective|p2b: Kingambit|1
|-damage|p2b: Kingambit|62/100
|-damage|p1a: Incineroar|87/100|[from] Recoil
|move|p2b: Kingambit|Kowtow Cleave|p1a: Incineroar
|-resisted|p1a: Incineroar|1
|-damage|p1a: Incineroar|23/100
|-enditem|p1a: Incineroar|Sitrus Berry|[eat]
|-heal|p1a: Incineroar|48/100|[from] item: Sitrus Berry
|
|upkeep
|turn|5
|
|t:|1783380303
|move|p2a: Incineroar|Fake Out|p1a: Incineroar
|-crit|p1a: Incineroar
|-damage|p1a: Incineroar|33/100
|cant|p1a: Incineroar|flinch
|cant|p1b: Grimmsnarl|slp
|move|p2b: Kingambit|Kowtow Cleave|p1a: Incineroar
|-resisted|p1a: Incineroar|1
|-damage|p1a: Incineroar|0 fnt
|faint|p1a: Incineroar
|
|upkeep
|
|t:|1783380307
|switch|p1a: Volcarona|Volcarona, L50, M|100/100
|turn|6
|
|t:|1783380320
|move|p2b: Kingambit|Protect|p2b: Kingambit
|-singleturn|p2b: Kingambit|Protect
|move|p1a: Volcarona|Fiery Dance|p2b: Kingambit
|-activate|p2b: Kingambit|move: Protect
|move|p2a: Incineroar|Parting Shot|p1a: Volcarona
|-unboost|p1a: Volcarona|atk|1
|-unboost|p1a: Volcarona|spa|1
|
|t:|1783380322
|switch|p2a: Delphox|Delphox, L50, M|100/100|[from] Parting Shot
|-curestatus|p1b: Grimmsnarl|slp|[msg]
|move|p1b: Grimmsnarl|Spirit Break|p2a: Delphox
|-resisted|p2a: Delphox|1
|-damage|p2a: Delphox|89/100
|-unboost|p2a: Delphox|spa|1
|
|upkeep
|turn|7
|
|t:|1783380336
|detailschange|p2a: Delphox|Delphox-Mega, L50, M
|-mega|p2a: Delphox|Delphox|Delphoxite
|move|p1b: Grimmsnarl|Light Screen|p1b: Grimmsnarl
|-sidestart|p1: bearlover997|move: Light Screen
|move|p2b: Kingambit|Sucker Punch|p1a: Volcarona
|-damage|p1a: Volcarona|0 fnt
|faint|p1a: Volcarona
|move|p2a: Delphox|Heat Wave|p1b: Grimmsnarl
|-damage|p1b: Grimmsnarl|81/100
|
|upkeep
|
|t:|1783380342
|switch|p1a: Dragalge|Dragalge, L50, M, shiny|100/100
|turn|8
|
|t:|1783380347
|detailschange|p1a: Dragalge|Dragalge-Mega, L50, M, shiny
|-mega|p1a: Dragalge|Dragalge|Dragalgite
|move|p2a: Delphox|Nasty Plot|p2a: Delphox
|-boost|p2a: Delphox|spa|2
|move|p1b: Grimmsnarl|Spirit Break|p2a: Delphox
|-resisted|p2a: Delphox|1
|-damage|p2a: Delphox|79/100
|-unboost|p2a: Delphox|spa|1
|move|p2b: Kingambit|Kowtow Cleave|p1a: Dragalge
|-damage|p1a: Dragalge|0 fnt
|faint|p1a: Dragalge
|
|upkeep
|turn|9
|
|t:|1783380354
|move|p2a: Delphox|Heat Wave|p1b: Grimmsnarl
|-damage|p1b: Grimmsnarl|55/100
|move|p1b: Grimmsnarl|Spirit Break|p2b: Kingambit
|-damage|p2b: Kingambit|50/100g
|-unboost|p2b: Kingambit|spa|1
|-ability|p2b: Kingambit|Defiant|boost
|-boost|p2b: Kingambit|atk|1
|move|p2b: Kingambit|Kowtow Cleave|p1b: Grimmsnarl
|-resisted|p1b: Grimmsnarl|2
|-damage|p1b: Grimmsnarl|8/100
|
|upkeep
|turn|10
|
|t:|1783380361
|move|p2b: Kingambit|Sucker Punch|p1b: Grimmsnarl
|-resisted|p1b: Grimmsnarl|2
|-damage|p1b: Grimmsnarl|0 fnt
|faint|p1b: Grimmsnarl
|
|win|lolgz
|raw|bearlover997's rating: 1106 → 1082(-24 for losing)
|raw|lolgz's rating: 1116 → 1140(+24 for winning)
