|j|☆cuquabu
|j|☆Fireb7798
|html|cuquabuFireb7798    
|uhtml|bestof|Game 1 of a best-of-3
|t:|1785127508
|gametype|doubles
|player|p1|cuquabu|lucas|1211
|player|p2|Fireb7798|shauntal|1216
|gen|9
|tier|[Gen 9 Champions] VGC 2026 Reg M-B (Bo3)
|rated|
|rule|Species Clause: Limit one of each Pokémon
|rule|Item Clause: Limit 1 of each item
|clearpoke
|poke|p1|Whimsicott, L50, M, shiny|
|poke|p1|Glimmora, L50, M, shiny|
|poke|p1|Staraptor, L50, F, shiny|
|poke|p1|Garchomp, L50, M, shiny|
|poke|p1|Kingambit, L50, M, shiny|
|poke|p1|Delphox, L50, M, shiny|
|poke|p2|Beedrill, L50, M|
|poke|p2|Incineroar, L50, M|
|poke|p2|Garchomp, L50, M|
|poke|p2|Sylveon, L50, M|
|poke|p2|Farigiraf, L50, M|
|poke|p2|Annihilape, L50, M|
|teampreview|4
|showteam|p1|Whimsicott||OccaBerry|Prankster|Moonblast,Tailwind,Charm,LightScreen|Timid||M|||50|]Glimmora||FocusSash|ToxicDebris|PowerGem,SludgeBomb,EarthPower,Protect|Modest||M|||50|]Staraptor||Staraptite|Intimidate|CloseCombat,BraveBird,Roost,Protect|Jolly||F|||50|]Garchomp||LifeOrb|RoughSkin|DragonClaw,Earthquake,RockSlide,Protect|Jolly||M|||50|]Kingambit||ChopleBerry|Defiant|KowtowCleave,SuckerPunch,LowKick,IronHead|Adamant||M|||50|]Delphox||Delphoxite|Magician|HeatWave,Psychic,Substitute,Protect|Timid||M|||50|
|showteam|p2|Beedrill||Beedrillite|Swarm|PoisonJab,Uturn,Protect,StringShot|Jolly||M|||50|]Incineroar||Charcoal|Intimidate|FakeOut,HelpingHand,FlareBlitz,PartingShot|Brave||M|||50|]Garchomp||LifeOrb|RoughSkin|DragonClaw,StompingTantrum,RockSlide,Protect|Jolly||M|||50|]Sylveon||FairyFeather|Pixilate|HyperVoice,HyperBeam,QuickAttack,Detect|Modest||M|||50|]Farigiraf||SitrusBerry|ArmorTail|Psychic,TrickRoom,Protect,Imprison|Calm||M|||50|]Annihilape||ChoiceScarf|Defiant|CloseCombat,PhantomForce,RockTomb,Coaching|Jolly||M|||50|
|inactive|Battle timer is ON: inactive players will automatically lose when time's up. (requested by cuquabu)
|inactive|cuquabu has 60 seconds left.
|inactive|Fireb7798 has 60 seconds left.
|
|t:|1785127561
|teamsize|p1|4
|teamsize|p2|4
|start
|switch|p1a: Glimmora|Glimmora, L50, M, shiny|100/100
|switch|p1b: Whimsicott|Whimsicott, L50, M, shiny|100/100
|switch|p2a: Annihilape|Annihilape, L50, M|100/100
|switch|p2b: Sylveon|Sylveon, L50, M|100/100
|turn|1
|inactive|cuquabu has 30 seconds left.
|
|t:|1785127593
|move|p1a: Glimmora|Protect|p1a: Glimmora
|-singleturn|p1a: Glimmora|Protect
|move|p1b: Whimsicott|Light Screen|p1b: Whimsicott
|-sidestart|p1: cuquabu|move: Light Screen
|move|p2a: Annihilape|Phantom Force||[still]
|-prepare|p2a: Annihilape|Phantom Force
|move|p2b: Sylveon|Hyper Voice|p1b: Whimsicott|[spread] p1b
|-activate|p1a: Glimmora|move: Protect
|-damage|p1b: Whimsicott|59/100
|
|upkeep
|turn|2
|inactive|cuquabu has 30 seconds left.
|inactive|Fireb7798 has 30 seconds left.
|
|t:|1785127621
|move|p1b: Whimsicott|Tailwind|p1b: Whimsicott
|-sidestart|p1: cuquabu|move: Tailwind
|move|p1a: Glimmora|Sludge Bomb|p2b: Sylveon
|-supereffective|p2b: Sylveon|1
|-damage|p2b: Sylveon|16/100
|move|p2a: Annihilape|Phantom Force|p1a: Glimmora|[from] lockedmove
|-damage|p1a: Glimmora|45/100
|-activate|p1a: Glimmora|ability: Toxic Debris
|-sidestart|p2: Fireb7798|move: Toxic Spikes
|move|p2b: Sylveon|Hyper Voice|p1a: Glimmora|[spread] p1a,p1b
|-resisted|p1a: Glimmora|1
|-damage|p1a: Glimmora|25/100
|-damage|p1b: Whimsicott|19/100
|
|upkeep
|turn|3
|inactive|Fireb7798 has 30 seconds left.
|
|t:|1785127648
|move|p2b: Sylveon|Quick Attack|p1b: Whimsicott
|-damage|p1b: Whimsicott|2/100
|move|p1b: Whimsicott|Moonblast|p2a: Annihilape
|-supereffective|p2a: Annihilape|1
|-damage|p2a: Annihilape|38/100
|move|p1a: Glimmora|Sludge Bomb|p2b: Sylveon
|-supereffective|p2b: Sylveon|1
|-damage|p2b: Sylveon|0 fnt
|faint|p2b: Sylveon
|move|p2a: Annihilape|Phantom Force||[still]
|-prepare|p2a: Annihilape|Phantom Force
|
|upkeep
|
|t:|1785127653
|switch|p2b: Beedrill|Beedrill, L50, M|100/100
|-sideend|p2: Fireb7798|move: Toxic Spikes|[of] p2b: Beedrill
|turn|4
|
|t:|1785127675
|switch|p1a: Garchomp|Garchomp, L50, M, shiny|100/100
|detailschange|p2b: Beedrill|Beedrill-Mega, L50, M
|-mega|p2b: Beedrill|Beedrill|Beedrillite
|move|p2b: Beedrill|Protect|p2b: Beedrill
|-singleturn|p2b: Beedrill|Protect
|move|p1b: Whimsicott|Charm|p2b: Beedrill
|-activate|p2b: Beedrill|move: Protect
|move|p2a: Annihilape|Phantom Force|p1a: Garchomp|[from] lockedmove
|-damage|p1a: Garchomp|56/100
|-damage|p2a: Annihilape|25/100|[from] ability: Rough Skin|[of] p1a: Garchomp
|
|upkeep
|turn|5
|inactive|cuquabu has 30 seconds left.
|
|t:|1785127702
|switch|p2a: Incineroar|Incineroar, L50, M|100/100
|-ability|p2a: Incineroar|Intimidate|boost
|-unboost|p1a: Garchomp|atk|1
|-unboost|p1b: Whimsicott|atk|1
|move|p1b: Whimsicott|Moonblast|p2a: Incineroar
|-damage|p2a: Incineroar|74/100
|move|p1a: Garchomp|Dragon Claw|p2b: Beedrill
|-damage|p2b: Beedrill|27/100
|-damage|p1a: Garchomp|46/100|[from] item: Life Orb
|move|p2b: Beedrill|U-turn|p1b: Whimsicott
|-damage|p1b: Whimsicott|0 fnt
|faint|p1b: Whimsicott
|
|t:|1785127713
|switch|p2b: Annihilape|Annihilape, L50, M|25/100|[from] U-turn
|
|-sideend|p1: cuquabu|move: Light Screen
|-sideend|p1: cuquabu|move: Tailwind
|upkeep
|
|t:|1785127717
|switch|p1b: Glimmora|Glimmora, L50, M, shiny|25/100
|turn|6
|
|t:|1785127742
|move|p2a: Incineroar|Fake Out|p1b: Glimmora
|-resisted|p1b: Glimmora|1
|-damage|p1b: Glimmora|18/100
|-activate|p1b: Glimmora|ability: Toxic Debris
|-sidestart|p2: Fireb7798|move: Toxic Spikes
|move|p2b: Annihilape|Phantom Force||[still]
|-prepare|p2b: Annihilape|Phantom Force
|move|p1a: Garchomp|Dragon Claw|p2a: Incineroar
|-damage|p2a: Incineroar|42/100
|-damage|p1a: Garchomp|36/100|[from] item: Life Orb
|cant|p1b: Glimmora|flinch
|
|upkeep
|turn|7
|
|t:|1785127762
|move|p2b: Annihilape|Phantom Force|p1a: Garchomp|[from] lockedmove
|-crit|p1a: Garchomp
|-damage|p1a: Garchomp|0 fnt
|-damage|p2b: Annihilape|13/100|[from] ability: Rough Skin|[of] p1a: Garchomp
|faint|p1a: Garchomp
|move|p1b: Glimmora|Power Gem|p2a: Incineroar
|-supereffective|p2a: Incineroar|1
|-damage|p2a: Incineroar|0 fnt
|faint|p2a: Incineroar
|
|upkeep
|
|t:|1785127772
|switch|p1a: Delphox|Delphox, L50, M, shiny|100/100
|switch|p2a: Beedrill|Beedrill-Mega, L50, M|27/100
|-sideend|p2: Fireb7798|move: Toxic Spikes|[of] p2a: Beedrill
|turn|8
|
|t:|1785127795
|detailschange|p1a: Delphox|Delphox-Mega, L50, M, shiny
|-mega|p1a: Delphox|Delphox|Delphoxite
|move|p2a: Beedrill|Protect|p2a: Beedrill
|-singleturn|p2a: Beedrill|Protect
|move|p1b: Glimmora|Protect|p1b: Glimmora
|-singleturn|p1b: Glimmora|Protect
|move|p2b: Annihilape|Phantom Force||[still]
|-prepare|p2b: Annihilape|Phantom Force
|move|p1a: Delphox|Substitute|p1a: Delphox
|-start|p1a: Delphox|Substitute
|-damage|p1a: Delphox|75/100
|
|upkeep
|turn|9
|
|t:|1785127816
|move|p2b: Annihilape|Phantom Force|p1a: Delphox|[from] lockedmove
|-supereffective|p1a: Delphox|1
|-end|p1a: Delphox|Substitute
|move|p2a: Beedrill|Poison Jab|p1a: Delphox
|-damage|p1a: Delphox|0 fnt
|faint|p1a: Delphox
|move|p1b: Glimmora|Power Gem|p2a: Beedrill
|-supereffective|p2a: Beedrill|1
|-crit|p2a: Beedrill
|-damage|p2a: Beedrill|0 fnt
|faint|p2a: Beedrill
|
|upkeep
|turn|10
|
|t:|1785127834
|move|p2b: Annihilape|Phantom Force||[still]
|-prepare|p2b: Annihilape|Phantom Force
|move|p1b: Glimmora|Earth Power|p2b: Annihilape|[miss]
|-miss|p1b: Glimmora|p2b: Annihilape
|
|upkeep
|turn|11
|
|t:|1785127838
|move|p2b: Annihilape|Phantom Force|p1b: Glimmora|[from] lockedmove
|-damage|p1b: Glimmora|0 fnt
|-activate|p1b: Glimmora|ability: Toxic Debris
|-sidestart|p2: Fireb7798|move: Toxic Spikes
|faint|p1b: Glimmora
|
|win|Fireb7798
||cuquabu is ready for game 2.
||Fireb7798 is ready for game 2.
|uhtml|next|Next: Game 2 of 3
