|j|☆fluffym1n
|j|☆Voltage Gaming101
|html|fluffym1nVoltage Gaming101    
|uhtml|bestof|Game 1 of a best-of-3
|t:|1757113644
|gametype|doubles
|player|p1|fluffym1n|lucas-gen4pt|
|player|p2|Voltage Gaming101|red|
|gen|9
|tier|[Gen 9] VGC 2025 Reg H (Bo3)
|rule|Species Clause: Limit one of each Pokémon
|rule|Item Clause: Limit 1 of each item
|clearpoke
|poke|p1|Archaludon, L50, M|
|poke|p1|Pelipper, L50, F|
|poke|p1|Incineroar, L50, M|
|poke|p1|Basculegion, L50, M|
|poke|p1|Gholdengo, L50|
|poke|p1|Sneasler, L50, M|
|poke|p2|Tyranitar, L50, M|
|poke|p2|Houndstone, L50, F|
|poke|p2|Gholdengo, L50|
|poke|p2|Garchomp, L50, M|
|poke|p2|Incineroar, L50, F|
|poke|p2|Amoonguss, L50, M|
|teampreview|4
|showteam|p1|Archaludon||AssaultVest|Stamina|DracoMeteor,FlashCannon,ElectroShot,BodyPress|||M|||50|,,,,,Grass]Pelipper||FocusSash|Drizzle|Hurricane,Tailwind,WeatherBall,Protect|||F|||50|,,,,,Ghost]Incineroar||SafetyGoggles|Intimidate|FakeOut,KnockOff,FlareBlitz,PartingShot|||M|||50|,,,,,Ghost]Basculegion||MysticWater|SwiftSwim|WaveCrash,LastRespects,AquaJet,Protect|||M|||50|,,,,,Water]Gholdengo||MetalCoat|GoodasGold|MakeItRain,ShadowBall,NastyPlot,Protect||||||50|,,,,,Water]Sneasler||WhiteHerb|Unburden|FakeOut,CloseCombat,DireClaw,Protect|||M|||50|,,,,,Flying
|showteam|p2|Tyranitar||AssaultVest|SandStream|RockSlide,KnockOff,LowKick,TeraBlast|||M|||50|,,,,,Flying]Houndstone||SpellTag|SandRush|LastRespects,ShadowSneak,PlayRough,FireFang|||F|||50|,,,,,Ghost]Gholdengo||LifeOrb|GoodasGold|MakeItRain,ShadowBall,NastyPlot,Protect||||||50|,,,,,Water]Garchomp||LoadedDice|RoughSkin|ScaleShot,Earthquake,SwordsDance,Protect|||M|||50|,,,,,Fire]Incineroar||SafetyGoggles|Intimidate|FakeOut,KnockOff,FlareBlitz,PartingShot|||F|||50|,,,,,Water]Amoonguss||SitrusBerry|Regenerator|Spore,RagePowder,PollenPuff,Protect|||M|||50|,,,,,Water
|
|t:|1757113707
|teamsize|p1|4
|teamsize|p2|4
|start
|switch|p1a: Incineroar|Incineroar, L50, M|100/100
|switch|p1b: Final Lesson|Archaludon, L50, M|100/100
|switch|p2a: Incineroar|Incineroar, L50, F, shiny|100/100
|switch|p2b: Amoonguss|Amoonguss, L50, M, shiny|100/100
|-ability|p1a: Incineroar|Intimidate|boost
|-unboost|p2a: Incineroar|atk|1
|-unboost|p2b: Amoonguss|atk|1
|-ability|p2a: Incineroar|Intimidate|boost
|-unboost|p1a: Incineroar|atk|1
|-unboost|p1b: Final Lesson|atk|1
|turn|1
|
|t:|1757113735
|move|p1a: Incineroar|Fake Out|p2b: Amoonguss
|-damage|p2b: Amoonguss|95/100
|move|p2a: Incineroar|Fake Out|p1a: Incineroar
|-damage|p1a: Incineroar|92/100
|move|p1b: Final Lesson|Body Press|p2a: Incineroar
|-supereffective|p2a: Incineroar
|-damage|p2a: Incineroar|56/100
|cant|p2b: Amoonguss|flinch
|
|upkeep
|turn|2
|
|t:|1757113777
|move|p1b: Final Lesson|Draco Meteor|p2b: Amoonguss
|-damage|p2b: Amoonguss|37/100
|-unboost|p1b: Final Lesson|spa|2
|-enditem|p2b: Amoonguss|Sitrus Berry|[eat]
|-heal|p2b: Amoonguss|62/100|[from] item: Sitrus Berry
|move|p1a: Incineroar|Flare Blitz|p2b: Amoonguss
|-supereffective|p2b: Amoonguss
|-damage|p2b: Amoonguss|10/100
|-damage|p1a: Incineroar|73/100|[from] Recoil
|move|p2a: Incineroar|Parting Shot|p1a: Incineroar
|-unboost|p1a: Incineroar|atk|1
|-unboost|p1a: Incineroar|spa|1
|
|t:|1757113794
|switch|p2a: Garchomp|Garchomp, L50, M, shiny|100/100|[from] Parting Shot
|move|p2b: Amoonguss|Spore|p1b: Final Lesson
|-status|p1b: Final Lesson|slp|[from] move: Spore
|
|upkeep
|turn|3
|
|t:|1757113807
|switch|p1a: Latrine|Pelipper, L50, F|100/100
|-weather|RainDance|[from] ability: Drizzle|[of] p1a: Latrine
|switch|p2b: Incineroar|Incineroar, L50, F, shiny|56/100
|-ability|p2b: Incineroar|Intimidate|boost
|-unboost|p1a: Latrine|atk|1
|-unboost|p1b: Final Lesson|atk|1
|-terastallize|p1b: Final Lesson|Grass
|move|p2a: Garchomp|Swords Dance|p2a: Garchomp
|-boost|p2a: Garchomp|atk|2
|cant|p1b: Final Lesson|slp
|
|-weather|RainDance|[upkeep]
|upkeep
|turn|4
|
|t:|1757113823
|switch|p1a: Incineroar|Incineroar, L50, M|73/100
|-ability|p1a: Incineroar|Intimidate|boost
|-unboost|p2a: Garchomp|atk|1
|-unboost|p2b: Incineroar|atk|1
|switch|p2b: Tyranitar|Tyranitar, L50, M, shiny|100/100
|-weather|Sandstorm|[from] ability: Sand Stream|[of] p2b: Tyranitar
|move|p2a: Garchomp|Protect|p2a: Garchomp
|-singleturn|p2a: Garchomp|Protect
|-curestatus|p1b: Final Lesson|slp|[msg]
|move|p1b: Final Lesson|Draco Meteor|p2a: Garchomp
|-activate|p2a: Garchomp|move: Protect
|
|-weather|Sandstorm|[upkeep]
|-damage|p1b: Final Lesson|94/100|[from] Sandstorm
|upkeep
|turn|5
|
|t:|1757113854
|switch|p1b: Basculegion|Basculegion, L50, M|100/100
|-terastallize|p2b: Tyranitar|Flying
|move|p1a: Incineroar|Fake Out|p2a: Garchomp
|-damage|p2a: Garchomp|89/100
|-damage|p1a: Incineroar|61/100|[from] ability: Rough Skin|[of] p2a: Garchomp
|cant|p2a: Garchomp|flinch
|move|p2b: Tyranitar|Tera Blast|p1b: Basculegion|[anim] Tera Blast Flying
|-damage|p1b: Basculegion|46/100
|
|-weather|Sandstorm|[upkeep]
|-damage|p1b: Basculegion|40/100|[from] Sandstorm
|-damage|p2b: Tyranitar|95/100|[from] Sandstorm
|upkeep
|turn|6
|
|t:|1757113877
|switch|p1a: Latrine|Pelipper, L50, F|100/100
|-weather|RainDance|[from] ability: Drizzle|[of] p1a: Latrine
|move|p2a: Garchomp|Protect|p2a: Garchomp
|-singleturn|p2a: Garchomp|Protect
|move|p1b: Basculegion|Wave Crash|p2b: Tyranitar
|-damage|p2b: Tyranitar|15/100
|-damage|p1b: Basculegion|12/100|[from] Recoil
|move|p2b: Tyranitar|Knock Off|p1b: Basculegion
|-supereffective|p1b: Basculegion
|-damage|p1b: Basculegion|0 fnt
|-enditem|p1b: Basculegion|Mystic Water|[from] move: Knock Off|[of] p2b: Tyranitar
|faint|p1b: Basculegion
|
|-weather|RainDance|[upkeep]
|upkeep
|
|t:|1757113889
|switch|p1b: Final Lesson|Archaludon, L50, M, tera:Grass|94/100
|turn|7
|
|t:|1757113912
|switch|p2a: Incineroar|Incineroar, L50, F, shiny|56/100
|-ability|p2a: Incineroar|Intimidate|boost
|-unboost|p1a: Latrine|atk|1
|-unboost|p1b: Final Lesson|atk|1
|switch|p2b: Amoonguss|Amoonguss, L50, M, shiny|43/100
|move|p1a: Latrine|Protect|p1a: Latrine
|-singleturn|p1a: Latrine|Protect
|move|p1b: Final Lesson|Draco Meteor|p2a: Incineroar
|-damage|p2a: Incineroar|0 fnt
|-unboost|p1b: Final Lesson|spa|2
|faint|p2a: Incineroar
|
|-weather|RainDance|[upkeep]
|upkeep
|
|t:|1757113915
|switch|p2a: Tyranitar|Tyranitar, L50, M, shiny, tera:Flying|15/100
|-weather|Sandstorm|[from] ability: Sand Stream|[of] p2a: Tyranitar
|turn|8
|
|t:|1757113962
|switch|p1b: Incineroar|Incineroar, L50, M|61/100
|-ability|p1b: Incineroar|Intimidate|boost
|-unboost|p2a: Tyranitar|atk|1
|-unboost|p2b: Amoonguss|atk|1
|move|p2b: Amoonguss|Rage Powder|p2b: Amoonguss
|-singleturn|p2b: Amoonguss|move: Rage Powder
|move|p1a: Latrine|Weather Ball|p2b: Amoonguss
|-damage|p2b: Amoonguss|15/100
|move|p2a: Tyranitar|Tera Blast|p1b: Incineroar|[anim] Tera Blast Flying
|-damage|p1b: Incineroar|32/100
|
|-weather|Sandstorm|[upkeep]
|-damage|p1a: Latrine|95/100|[from] Sandstorm
|-damage|p2a: Tyranitar|9/100|[from] Sandstorm
|-damage|p2b: Amoonguss|9/100|[from] Sandstorm
|upkeep
|turn|9
|
|t:|1757113984
|switch|p1a: Final Lesson|Archaludon, L50, M, tera:Grass|94/100
|switch|p2a: Garchomp|Garchomp, L50, M, shiny|89/100
|move|p2b: Amoonguss|Protect|p2b: Amoonguss
|-singleturn|p2b: Amoonguss|Protect
|move|p1b: Incineroar|Knock Off|p2a: Garchomp
|-damage|p2a: Garchomp|47/100
|-damage|p1b: Incineroar|19/100|[from] ability: Rough Skin|[of] p2a: Garchomp
|-enditem|p2a: Garchomp|Loaded Dice|[from] move: Knock Off|[of] p1b: Incineroar
|
|-weather|Sandstorm|[upkeep]
|-damage|p1a: Final Lesson|88/100|[from] Sandstorm
|-damage|p2b: Amoonguss|3/100|[from] Sandstorm
|upkeep
|turn|10
|
|t:|1757114023
|move|p2a: Garchomp|Protect|p2a: Garchomp
|-singleturn|p2a: Garchomp|Protect
|move|p2b: Amoonguss|Protect|p2b: Amoonguss
|-singleturn|p2b: Amoonguss|Protect
|move|p1a: Final Lesson|Draco Meteor|p2a: Garchomp
|-activate|p2a: Garchomp|move: Protect
|move|p1b: Incineroar|Knock Off|p2b: Amoonguss
|-activate|p2b: Amoonguss|move: Protect
|
|-weather|Sandstorm|[upkeep]
|-damage|p1a: Final Lesson|82/100|[from] Sandstorm
|-damage|p2b: Amoonguss|0 fnt|[from] Sandstorm
|faint|p2b: Amoonguss
|upkeep
|
|t:|1757114030
|switch|p2b: Tyranitar|Tyranitar, L50, M, shiny, tera:Flying|9/100
|turn|11
|
|t:|1757114044
|switch|p1b: Latrine|Pelipper, L50, F|95/100
|-weather|RainDance|[from] ability: Drizzle|[of] p1b: Latrine
|move|p2a: Garchomp|Earthquake|p1b: Latrine|[spread] p1a
|-immune|p2b: Tyranitar
|-immune|p1b: Latrine
|-resisted|p1a: Final Lesson
|-damage|p1a: Final Lesson|66/100
|-ability|p1a: Final Lesson|Stamina|boost
|-boost|p1a: Final Lesson|def|1
|move|p1a: Final Lesson|Electro Shot||[still]
|-prepare|p1a: Final Lesson|Electro Shot
|-boost|p1a: Final Lesson|spa|1
|-anim|p1a: Final Lesson|Electro Shot|p2b: Tyranitar
|-supereffective|p2b: Tyranitar
|-damage|p2b: Tyranitar|0 fnt
|faint|p2b: Tyranitar
|
|-weather|RainDance|[upkeep]
|upkeep
|turn|12
|-message|Voltage Gaming101 forfeited.
|
|win|fluffym1n
||fluffym1n is ready for game 2.
