|j|☆Retking
|j|☆Glumshanks
|html|RetkingGlumshanks    
|uhtml|bestof|Game 2 of a best-of-3
|t:|1756585911
|gametype|doubles
|player|p1|Retking|n|
|player|p2|Glumshanks|ninjaboy|
|gen|9
|tier|[Gen 9] VGC 2025 Reg H (Bo3)
|rule|Species Clause: Limit one of each Pokémon
|rule|Item Clause: Limit 1 of each item
|clearpoke
|poke|p1|Gholdengo, L50|
|poke|p1|Sneasler, L50, M|
|poke|p1|Rillaboom, L50, M|
|poke|p1|Dragonite, L50, F|
|poke|p1|Ninetales-Alola, L50, M|
|poke|p1|Arcanine-Hisui, L50, F|
|poke|p2|Pelipper, L50, F|
|poke|p2|Archaludon, L50, M|
|poke|p2|Incineroar, L50, F|
|poke|p2|Kingdra, L50, F|
|poke|p2|Amoonguss, L50, M|
|poke|p2|Rillaboom, L50, F|
|teampreview|4
|showteam|p1|Gholdengo||GrassySeed|GoodasGold|NastyPlot,MakeItRain,ShadowBall,Protect||||||50|,,,,,Water]Sneasler||WhiteHerb|Unburden|CloseCombat,DireClaw,Coaching,Protect|||M|||50|,,,,,Ghost]Rillaboom||AssaultVest|GrassySurge|FakeOut,GrassyGlide,DrumBeating,HighHorsepower|||M|||50|,,,,,Fire]Dragonite||LoadedDice|Multiscale|ScaleShot,StompingTantrum,Tailwind,Protect|||F|||50|,,,,,Ground]Ninetales-Alola||FocusSash|SnowWarning|Blizzard,IcyWind,Encore,AuroraVeil|||M|||50|,,,,,Ghost]Arcanine-Hisui||ClearAmulet|Intimidate|RockSlide,FlareBlitz,ExtremeSpeed,Protect|||F|||50|,,,,,Water
|showteam|p2|Pelipper||FocusSash|Drizzle|Hurricane,WeatherBall,Tailwind,Protect|||F|||50|,,,,,Ground]Archaludon||AssaultVest|Stamina|ElectroShot,DracoMeteor,FlashCannon,BodyPress|||M|||50|,,,,,Bug]Incineroar||SafetyGoggles|Intimidate|FlareBlitz,KnockOff,PartingShot,FakeOut|||F|||50|,,,,,Ghost]Kingdra||LifeOrb|SwiftSwim|DracoMeteor,WeatherBall,Protect,MuddyWater|||F|||50|,,,,,Stellar]Amoonguss||SitrusBerry|Regenerator|PollenPuff,Protect,RagePowder,Spore|||M|||50|,,,,,Water]Rillaboom||LoadedDice|GrassySurge|BulletSeed,GrassyGlide,HighHorsepower,FakeOut|||F|||50|,,,,,Fire
|inactive|Battle timer is ON: inactive players will automatically lose when time's up. (requested by Retking)
|inactive|Retking has 60 seconds left.
|inactive|Glumshanks has 60 seconds left.
|j| Shit tier pro
|inactive|Retking has 30 seconds left.
|inactive|Retking has 20 seconds left.
|inactive|Retking has 15 seconds left.
|inactive|Glumshanks has 30 seconds left.
|
|t:|1756586006
|teamsize|p1|4
|teamsize|p2|4
|start
|switch|p1a: Sneasler|Sneasler, L50, M|100/100
|switch|p1b: Dragonite|Dragonite, L50, F|100/100
|switch|p2a: Rillaboom|Rillaboom, L50, F|100/100
|switch|p2b: Kingdra|Kingdra, L50, F|100/100
|-fieldstart|move: Grassy Terrain|[from] ability: Grassy Surge|[of] p2a: Rillaboom
|turn|1
|inactive|Retking has 30 seconds left.
|inactive|Glumshanks has 30 seconds left.
|inactive|Retking has 20 seconds left.
|inactive|Retking has 15 seconds left.
|
|t:|1756586047
|switch|p2a: Pelipper|Pelipper, L50, F|100/100
|-weather|RainDance|[from] ability: Drizzle|[of] p2a: Pelipper
|-terastallize|p2b: Kingdra|Stellar
|move|p1a: Sneasler|Protect|p1a: Sneasler
|-singleturn|p1a: Sneasler|Protect
|move|p2b: Kingdra|Weather Ball|p1a: Sneasler
|-activate|p1a: Sneasler|move: Protect
|move|p1b: Dragonite|Scale Shot|p2a: Pelipper
|-damage|p2a: Pelipper|81/100
|-damage|p2a: Pelipper|61/100
|-damage|p2a: Pelipper|41/100
|-damage|p2a: Pelipper|23/100
|-hitcount|p2a: Pelipper|4
|-unboost|p1b: Dragonite|def|1
|-boost|p1b: Dragonite|spe|1
|
|-weather|RainDance|[upkeep]
|upkeep
|turn|2
|inactive|Retking has 30 seconds left.
|inactive|Glumshanks has 30 seconds left.
|inactive|Retking has 20 seconds left.
|inactive|Glumshanks has 20 seconds left.
|inactive|Retking has 15 seconds left.
|inactive|Glumshanks has 15 seconds left.
|inactive|Retking has 10 seconds left.
|inactive|Glumshanks has 10 seconds left.
|inactive|Retking has 5 seconds left.
|inactive|Glumshanks has 5 seconds left.
|
|t:|1756586099
|switch|p1a: Ninetales|Ninetales-Alola, L50, M, shiny|100/100
|-weather|Snowscape|[from] ability: Snow Warning|[of] p1a: Ninetales
|-terastallize|p1b: Dragonite|Ground
|move|p2b: Kingdra|Protect|p2b: Kingdra
|-singleturn|p2b: Kingdra|Protect
|move|p1b: Dragonite|Scale Shot|p2b: Kingdra
|-activate|p2b: Kingdra|move: Protect
|move|p2a: Pelipper|Hurricane|p1a: Ninetales
|-damage|p1a: Ninetales|34/100
|
|-weather|Snowscape|[upkeep]
|-heal|p1a: Ninetales|40/100|[from] Grassy Terrain
|upkeep
|turn|3
|inactive|Retking has 30 seconds left.
|inactive|Glumshanks has 30 seconds left.
|inactive|Retking has 20 seconds left.
|inactive|Glumshanks has 20 seconds left.
|inactive|Retking has 15 seconds left.
|inactive|Glumshanks has 15 seconds left.
|inactive|Retking has 10 seconds left.
|inactive|Glumshanks has 10 seconds left.
|inactive|Retking has 5 seconds left.
|
|t:|1756586152
|switch|p2a: Archaludon|Archaludon, L50, M|100/100
|move|p1b: Dragonite|Stomping Tantrum|p2b: Kingdra
|-damage|p2b: Kingdra|45/100
|move|p1a: Ninetales|Blizzard|p2a: Archaludon|[spread] p2a,p2b
|-damage|p2a: Archaludon|77/100
|-damage|p2b: Kingdra|4/100
|-ability|p2a: Archaludon|Stamina|boost
|-boost|p2a: Archaludon|def|1
|move|p2b: Kingdra|Weather Ball|p1b: Dragonite
|-supereffective|p1b: Dragonite
|-damage|p1b: Dragonite|48/100
|-damage|p2b: Kingdra|0 fnt|[from] item: Life Orb
|faint|p2b: Kingdra
|
|-weather|Snowscape|[upkeep]
|-heal|p1b: Dragonite|54/100|[from] Grassy Terrain
|-heal|p1a: Ninetales|46/100|[from] Grassy Terrain
|-heal|p2a: Archaludon|83/100|[from] Grassy Terrain
|upkeep
|
|t:|1756586164
|switch|p2b: Pelipper|Pelipper, L50, F|23/100
|-weather|RainDance|[from] ability: Drizzle|[of] p2b: Pelipper
|turn|4
|inactive|Retking has 30 seconds left.
|inactive|Glumshanks has 30 seconds left.
|inactive|Glumshanks has 20 seconds left.
|
|t:|1756586199
|switch|p2b: Rillaboom|Rillaboom, L50, F|100/100
|move|p1b: Dragonite|Stomping Tantrum|p2a: Archaludon
|-supereffective|p2a: Archaludon
|-damage|p2a: Archaludon|41/100
|-ability|p2a: Archaludon|Stamina|boost
|-boost|p2a: Archaludon|def|1
|move|p1a: Ninetales|Blizzard|p2a: Archaludon|[spread] p2b
|-miss|p1a: Ninetales|p2a: Archaludon
|-supereffective|p2b: Rillaboom
|-damage|p2b: Rillaboom|31/100
|move|p2a: Archaludon|Electro Shot||[still]
|-prepare|p2a: Archaludon|Electro Shot
|-boost|p2a: Archaludon|spa|1
|-anim|p2a: Archaludon|Electro Shot|p1a: Ninetales
|-damage|p1a: Ninetales|0 fnt
|faint|p1a: Ninetales
|
|-weather|RainDance|[upkeep]
|-heal|p1b: Dragonite|60/100|[from] Grassy Terrain
|-heal|p2b: Rillaboom|36/100|[from] Grassy Terrain
|-heal|p2a: Archaludon|47/100|[from] Grassy Terrain
|upkeep
|inactive|Retking has 30 seconds left.
|inactive|Retking has 20 seconds left.
|inactive|Retking has 15 seconds left.
|
|t:|1756586242
|switch|p1a: Sneasler|Sneasler, L50, M|100/100
|turn|5
|
|t:|1756586267
|move|p1b: Dragonite|Protect|p1b: Dragonite
|-singleturn|p1b: Dragonite|Protect
|move|p1a: Sneasler|Protect|p1a: Sneasler
|-singleturn|p1a: Sneasler|Protect
|move|p2b: Rillaboom|Fake Out|p1a: Sneasler
|-activate|p1a: Sneasler|move: Protect
|move|p2a: Archaludon|Electro Shot||[still]
|-prepare|p2a: Archaludon|Electro Shot
|-boost|p2a: Archaludon|spa|1
|-anim|p2a: Archaludon|Electro Shot|p1a: Sneasler
|-activate|p1a: Sneasler|move: Protect
|
|-weather|RainDance|[upkeep]
|-heal|p1b: Dragonite|66/100|[from] Grassy Terrain
|-heal|p2b: Rillaboom|42/100|[from] Grassy Terrain
|-heal|p2a: Archaludon|54/100|[from] Grassy Terrain
|-fieldend|move: Grassy Terrain
|upkeep
|turn|6
|
|t:|1756586290
|switch|p2b: Pelipper|Pelipper, L50, F|23/100
|move|p1b: Dragonite|Stomping Tantrum|p2a: Archaludon
|-supereffective|p2a: Archaludon
|-damage|p2a: Archaludon|19/100
|-ability|p2a: Archaludon|Stamina|boost
|-boost|p2a: Archaludon|def|1
|move|p1a: Sneasler|Close Combat|p2a: Archaludon
|-supereffective|p2a: Archaludon
|-damage|p2a: Archaludon|0 fnt
|-unboost|p1a: Sneasler|def|1
|-unboost|p1a: Sneasler|spd|1
|faint|p2a: Archaludon
|-enditem|p1a: Sneasler|White Herb
|-clearnegativeboost|p1a: Sneasler|[silent]
|
|-weather|RainDance|[upkeep]
|upkeep
|
|t:|1756586299
|switch|p2a: Rillaboom|Rillaboom, L50, F|42/100
|-fieldstart|move: Grassy Terrain|[from] ability: Grassy Surge|[of] p2a: Rillaboom
|turn|7
|
|t:|1756586319
|move|p2a: Rillaboom|Grassy Glide|p1b: Dragonite
|-supereffective|p1b: Dragonite
|-damage|p1b: Dragonite|0 fnt
|faint|p1b: Dragonite
|move|p1a: Sneasler|Dire Claw|p2a: Rillaboom
|-supereffective|p2a: Rillaboom
|-damage|p2a: Rillaboom|0 fnt
|faint|p2a: Rillaboom
|move|p2b: Pelipper|Hurricane|p1a: Sneasler
|-supereffective|p1a: Sneasler
|-damage|p1a: Sneasler|0 fnt
|faint|p1a: Sneasler
|
|-weather|RainDance|[upkeep]
|upkeep
|
|t:|1756586326
|switch|p1b: Gholdengo|Gholdengo, L50|100/100
|-enditem|p1b: Gholdengo|Grassy Seed
|-boost|p1b: Gholdengo|def|1|[from] item: Grassy Seed
|turn|8
|
|t:|1756586333
|move|p1b: Gholdengo|Shadow Ball|p2b: Pelipper
|-damage|p2b: Pelipper|0 fnt
|faint|p2b: Pelipper
|
|win|Retking
||Retking is ready for game 3.
||Glumshanks is ready for game 3.
|uhtml|next|Next: Game 3 of 3
