|j|☆Gus_0Z
|j|☆TengoMuchaSed
|html|Gus_0ZTengoMuchaSed    
|uhtml|bestof|Game 2 of a best-of-3
|t:|1782598056
|gametype|doubles
|player|p1|Gus_0Z|volo|1177
|player|p2|TengoMuchaSed|tate|1068
|gen|9
|tier|[Gen 9 Champions] VGC 2026 Reg M-B (Bo3)
|rated|
|rule|Species Clause: Limit one of each Pokémon
|rule|Item Clause: Limit 1 of each item
|clearpoke
|poke|p1|Scovillain, L50, M|
|poke|p1|Kingambit, L50, M|
|poke|p1|Sylveon, L50, F|
|poke|p1|Kommo-o, L50, F|
|poke|p1|Aerodactyl, L50, M|
|poke|p1|Basculegion, L50, M|
|poke|p2|Maushold, L50|
|poke|p2|Annihilape, L50, F|
|poke|p2|Archaludon, L50, M|
|poke|p2|Sableye, L50, M|
|poke|p2|Swampert, L50, M|
|poke|p2|Pelipper, L50, F|
|teampreview|4
|showteam|p1|Scovillain||Scovillainite|Moody|Overheat,LeechSeed,RagePowder,Protect|Bold||M|||50|]Kingambit||LifeOrb|Defiant|IronHead,KowtowCleave,SuckerPunch,Protect|Adamant||M|||50|]Sylveon||FairyFeather|Pixilate|HyperVoice,HyperBeam,QuickAttack,Detect|Modest||F|||50|]Kommo-o||Leftovers|Soundproof|Protect,ClangorousSoul,ClangingScales,AuraSphere|Timid||F|||50|]Aerodactyl||Aerodactylite|Unnerve|Tailwind,RockSlide,DualWingbeat,Protect|Jolly||M|||50|]Basculegion||MysticWater|Adaptability|WaveCrash,LastRespects,AquaJet,Protect|Adamant||M|||50|
|showteam|p2|Maushold||FocusSash|FriendGuard|BeatUp,FollowMe,RainDance,Protect|Jolly|||||50|]Annihilape||SitrusBerry|Defiant|RageFist,DrainPunch,Taunt,BulkUp|Adamant||F|||50|]Archaludon||Leftovers|Stamina|ElectroShot,DragonPulse,FlashCannon,Protect|Modest||M|||50|]Sableye||LightClay|Prankster|Quash,LightScreen,Reflect,RainDance|Bold||M|||50|]Swampert||Swampertite|Damp|WaveCrash,HighHorsepower,FlipTurn,Protect|Adamant||M|||50|]Pelipper||LifeOrb|Drizzle|MuddyWater,Hurricane,Tailwind,Protect|Timid||F|||50|
|inactive|Battle timer is ON: inactive players will automatically lose when time's up. (requested by TengoMuchaSed)
|
|t:|1782598081
|teamsize|p1|4
|teamsize|p2|4
|start
|switch|p1a: Scovillain|Scovillain, L50, M|100/100
|switch|p1b: Sylveon|Sylveon, L50, F|100/100
|switch|p2a: Maushold|Maushold, L50|100/100
|switch|p2b: Archaludon|Archaludon, L50, M|100/100
|turn|1
|
|t:|1782598104
|move|p2a: Maushold|Beat Up|p2b: Archaludon
|-crit|p2b: Archaludon
|-damage|p2b: Archaludon|97/100
|-ability|p2b: Archaludon|Stamina|boost
|-boost|p2b: Archaludon|def|1
|-damage|p2b: Archaludon|96/100
|-ability|p2b: Archaludon|Stamina|boost
|-boost|p2b: Archaludon|def|1
|-damage|p2b: Archaludon|96/100
|-ability|p2b: Archaludon|Stamina|boost
|-boost|p2b: Archaludon|def|1
|-crit|p2b: Archaludon
|-damage|p2b: Archaludon|93/100
|-ability|p2b: Archaludon|Stamina|boost
|-boost|p2b: Archaludon|def|1
|-hitcount|p2b: Archaludon|4
|move|p2b: Archaludon|Flash Cannon|p1b: Sylveon
|-supereffective|p1b: Sylveon|1
|-crit|p1b: Sylveon
|-damage|p1b: Sylveon|8/100
|move|p1a: Scovillain|Leech Seed|p2a: Maushold
|-start|p2a: Maushold|move: Leech Seed
|move|p1b: Sylveon|Hyper Voice|p2b: Archaludon|[spread] p2a,p2b
|-damage|p2a: Maushold|43/100
|-damage|p2b: Archaludon|54/100
|-ability|p2b: Archaludon|Stamina|boost
|-boost|p2b: Archaludon|def|1
|
|-heal|p2b: Archaludon|60/100|[from] item: Leftovers
|-damage|p2a: Maushold|31/100|[from] Leech Seed|[of] p1a: Scovillain
|-ability|p1a: Scovillain|Moody|boost
|-boost|p1a: Scovillain|spa|2
|-unboost|p1a: Scovillain|atk|1
|upkeep
|turn|2
|inactive|TengoMuchaSed has 30 seconds left.
|
|t:|1782598135
|move|p2b: Archaludon|Protect|p2b: Archaludon
|-singleturn|p2b: Archaludon|Protect
|move|p1b: Sylveon|Detect|p1b: Sylveon
|-singleturn|p1b: Sylveon|Protect
|move|p2a: Maushold|Beat Up|p1b: Sylveon
|-activate|p1b: Sylveon|move: Protect
|move|p1a: Scovillain|Overheat|p2b: Archaludon
|-activate|p2b: Archaludon|move: Protect
|
|-heal|p2b: Archaludon|67/100|[from] item: Leftovers
|-damage|p2a: Maushold|19/100|[from] Leech Seed|[of] p1a: Scovillain
|-ability|p1a: Scovillain|Moody|boost
|-boost|p1a: Scovillain|def|2
|-unboost|p1a: Scovillain|spd|1
|upkeep
|turn|3
|
|t:|1782598156
|move|p1b: Sylveon|Quick Attack|p2a: Maushold
|-damage|p2a: Maushold|2/100
|move|p2a: Maushold|Rain Dance|p2a: Maushold
|-weather|RainDance
|move|p2b: Archaludon|Electro Shot||[still]
|-prepare|p2b: Archaludon|Electro Shot
|-boost|p2b: Archaludon|spa|1
|-anim|p2b: Archaludon|Electro Shot|p1b: Sylveon
|-damage|p1b: Sylveon|0 fnt
|faint|p1b: Sylveon
|move|p1a: Scovillain|Overheat|p2b: Archaludon
|-damage|p2b: Archaludon|31/100
|-unboost|p1a: Scovillain|spa|2
|-ability|p2b: Archaludon|Stamina|boost
|-boost|p2b: Archaludon|def|1
|
|-weather|RainDance|[upkeep]
|-heal|p2b: Archaludon|37/100|[from] item: Leftovers
|-damage|p2a: Maushold|0 fnt|[from] Leech Seed|[of] p1a: Scovillain
|faint|p2a: Maushold
|-ability|p1a: Scovillain|Moody|boost
|-boost|p1a: Scovillain|spd|2
|-unboost|p1a: Scovillain|def|1
|upkeep
|
|t:|1782598170
|switch|p2a: Swampert|Swampert, L50, M|100/100
|switch|p1b: Kommo-o|Kommo-o, L50, F|100/100
|turn|4
|
|t:|1782598179
|detailschange|p2a: Swampert|Swampert-Mega, L50, M
|-mega|p2a: Swampert|Swampert|Swampertite
|detailschange|p1a: Scovillain|Scovillain-Mega, L50, M
|-mega|p1a: Scovillain|Scovillain|Scovillainite
|move|p1a: Scovillain|Rage Powder|p1a: Scovillain
|-singleturn|p1a: Scovillain|move: Rage Powder
|move|p2a: Swampert|Wave Crash|p1a: Scovillain
|-damage|p1a: Scovillain|31/100
|-status|p2a: Swampert|brn|[from] ability: Spicy Spray|[of] p1a: Scovillain
|-damage|p2a: Swampert|77/100 brn|[from] Recoil
|move|p1b: Kommo-o|Clangorous Soul|p1b: Kommo-o
|-boost|p1b: Kommo-o|atk|1
|-boost|p1b: Kommo-o|def|1
|-boost|p1b: Kommo-o|spa|1
|-boost|p1b: Kommo-o|spd|1
|-boost|p1b: Kommo-o|spe|1
|-damage|p1b: Kommo-o|67/100
|move|p2b: Archaludon|Dragon Pulse|p1a: Scovillain
|-damage|p1a: Scovillain|0 fnt
|-status|p2b: Archaludon|brn|[from] ability: Spicy Spray|[of] p1a: Scovillain
|faint|p1a: Scovillain
|
|-weather|RainDance|[upkeep]
|-heal|p1b: Kommo-o|73/100|[from] item: Leftovers
|-heal|p2b: Archaludon|43/100 brn|[from] item: Leftovers
|-damage|p2a: Swampert|71/100 brn|[from] brn
|-damage|p2b: Archaludon|37/100 brn|[from] brn
|upkeep
|
|t:|1782598197
|switch|p1a: Kingambit|Kingambit, L50, M|100/100
|turn|5
|
|t:|1782598207
|move|p2b: Archaludon|Protect|p2b: Archaludon
|-singleturn|p2b: Archaludon|Protect
|move|p1a: Kingambit|Sucker Punch|p2a: Swampert
|-damage|p2a: Swampert|22/100 brn
|-damage|p1a: Kingambit|90/100|[from] item: Life Orb
|move|p2a: Swampert|High Horsepower|p1a: Kingambit
|-supereffective|p1a: Kingambit|1
|-damage|p1a: Kingambit|44/100
|move|p1b: Kommo-o|Clanging Scales|p2a: Swampert|[spread] p2a
|-activate|p2b: Archaludon|move: Protect
|-damage|p2a: Swampert|0 fnt
|faint|p2a: Swampert
|-unboost|p1b: Kommo-o|def|1
|
|-weather|RainDance|[upkeep]
|-heal|p1b: Kommo-o|78/100|[from] item: Leftovers
|-heal|p2b: Archaludon|43/100 brn|[from] item: Leftovers
|-damage|p2b: Archaludon|37/100 brn|[from] brn
|upkeep
|
|t:|1782598216
|switch|p2a: Pelipper|Pelipper, L50, F|100/100
|turn|6
|
|t:|1782598224
|move|p2b: Archaludon|Protect||[still]
|-fail|p2b: Archaludon
|move|p1a: Kingambit|Sucker Punch|p2a: Pelipper
|-damage|p2a: Pelipper|34/100
|-damage|p1a: Kingambit|35/100|[from] item: Life Orb
|move|p1b: Kommo-o|Clanging Scales|p2a: Pelipper|[spread] p2a,p2b
|-damage|p2a: Pelipper|0 fnt
|-damage|p2b: Archaludon|0 fnt
|faint|p2a: Pelipper
|faint|p2b: Archaludon
|
|win|Gus_0Z
|raw|Gus_0Z's rating: 1177 → 1194(+17 for winning)
|raw|TengoMuchaSed's rating: 1068 → 1054(-14 for losing)
