|j|☆Koraidonkoalition
|j|☆dapmagikarp
|html|Koraidonkoalitiondapmagikarp    
|uhtml|bestof|Game 2 of a best-of-3
|t:|1785128448
|gametype|doubles
|player|p1|Koraidonkoalition|colress|1169
|player|p2|dapmagikarp|sada-ai|1326
|gen|9
|tier|[Gen 9 Champions] VGC 2026 Reg M-B (Bo3)
|rated|
|rule|Species Clause: Limit one of each Pokémon
|rule|Item Clause: Limit 1 of each item
|clearpoke
|poke|p1|Tyranitar, L50, M|
|poke|p1|Excadrill, L50, M|
|poke|p1|Milotic, L50, F|
|poke|p1|Sinistcha, L50|
|poke|p1|Staraptor, L50, M|
|poke|p1|Gholdengo, L50|
|poke|p2|Whimsicott, L50, M, shiny|
|poke|p2|Glimmora, L50, F|
|poke|p2|Staraptor, L50, M|
|poke|p2|Garchomp, L50, M, shiny|
|poke|p2|Kingambit, L50, F|
|poke|p2|Delphox, L50, M|
|teampreview|4
|showteam|p1|Tyranitar||Tyranitarite|SandStream|KnockOff,RockSlide,LowKick,Protect|Jolly||M|||50|]Excadrill||FocusSash|SandRush|Earthquake,IronHead,RockSlide,Protect|Adamant||M|||50|]Milotic||SitrusBerry|Competitive|Scald,IcyWind,Haze,Protect|Calm||F|||50|]Sinistcha||ColburBerry|Hospitality|MatchaGotcha,ShadowBall,Protect,RagePowder|Bold|||||50|]Staraptor||Staraptite|Intimidate|CloseCombat,BraveBird,Tailwind,Protect|Jolly||M|||50|]Gholdengo||LifeOrb|GoodasGold|MakeItRain,ShadowBall,NastyPlot,Protect|Modest|||||50|
|showteam|p2|Whimsicott||OccaBerry|Prankster|Moonblast,Tailwind,Charm,LightScreen|Timid||M|||50|]Glimmora||FocusSash|ToxicDebris|PowerGem,SludgeBomb,EarthPower,Protect|Modest||F|||50|]Staraptor||Staraptite|Intimidate|CloseCombat,BraveBird,Roost,Protect|Jolly||M|||50|]Garchomp||LifeOrb|RoughSkin|DragonClaw,Earthquake,RockSlide,Protect|Jolly||M|||50|]Kingambit||ChopleBerry|Defiant|KowtowCleave,SuckerPunch,LowKick,IronHead|Adamant||F|||50|]Delphox||Delphoxite|Blaze|HeatWave,Psychic,Encore,Protect|Timid||M|||50|
|inactive|Battle timer is ON: inactive players will automatically lose when time's up. (requested by dapmagikarp)
|inactive|Koraidonkoalition has 60 seconds left.
|inactive|dapmagikarp has 60 seconds left.
|inactive|Koraidonkoalition has 30 seconds left.
|inactive|Koraidonkoalition has 20 seconds left.
|inactive|Koraidonkoalition has 15 seconds left.
|inactive|Koraidonkoalition has 10 seconds left.
|
|t:|1785128529
|teamsize|p1|4
|teamsize|p2|4
|start
|switch|p1a: Milotic|Milotic, L50, F|100/100
|switch|p1b: Staraptor|Staraptor, L50, M|100/100
|switch|p2a: Delphox|Delphox, L50, M|100/100
|switch|p2b: Whimsicott|Whimsicott, L50, M, shiny|100/100
|-ability|p1b: Staraptor|Intimidate|boost
|-unboost|p2a: Delphox|atk|1
|-unboost|p2b: Whimsicott|atk|1
|turn|1
|
|t:|1785128554
|switch|p1b: Tyranitar|Tyranitar, L50, M|100/100
|-weather|Sandstorm|[from] ability: Sand Stream|[of] p1b: Tyranitar
|detailschange|p2a: Delphox|Delphox-Mega, L50, M
|-mega|p2a: Delphox|Delphox|Delphoxite
|move|p2a: Delphox|Heat Wave|p1a: Milotic|[spread] p1a,p1b
|-resisted|p1a: Milotic|1
|-resisted|p1b: Tyranitar|1
|-damage|p1a: Milotic|85/100
|-damage|p1b: Tyranitar|85/100
|-status|p1a: Milotic|brn
|move|p2b: Whimsicott|Moonblast|p1b: Tyranitar
|-supereffective|p1b: Tyranitar|1
|-damage|p1b: Tyranitar|48/100
|move|p1a: Milotic|Icy Wind|p2a: Delphox|[spread] p2a,p2b
|-resisted|p2a: Delphox|1
|-supereffective|p2b: Whimsicott|1
|-damage|p2a: Delphox|95/100
|-damage|p2b: Whimsicott|70/100
|-unboost|p2a: Delphox|spe|1
|-unboost|p2b: Whimsicott|spe|1
|
|-weather|Sandstorm|[upkeep]
|-damage|p2a: Delphox|89/100|[from] Sandstorm
|-damage|p2b: Whimsicott|64/100|[from] Sandstorm
|-damage|p1a: Milotic|80/100 brn|[from] Sandstorm
|-damage|p1a: Milotic|74/100 brn|[from] brn
|upkeep
|turn|2
|inactive|Koraidonkoalition has 30 seconds left.
|inactive|dapmagikarp has 30 seconds left.
|inactive|Koraidonkoalition has 20 seconds left.
|
|t:|1785128589
|switch|p2a: Kingambit|Kingambit, L50, F|100/100
|move|p2b: Whimsicott|Tailwind|p2b: Whimsicott
|-sidestart|p2: dapmagikarp|move: Tailwind
|move|p1b: Tyranitar|Rock Slide|p2a: Kingambit|[spread] p2a,p2b
|-resisted|p2a: Kingambit|1
|-damage|p2a: Kingambit|88/100
|-damage|p2b: Whimsicott|26/100
|move|p1a: Milotic|Scald|p2a: Kingambit
|-damage|p2a: Kingambit|57/100
|
|-weather|Sandstorm|[upkeep]
|-damage|p2b: Whimsicott|20/100y|[from] Sandstorm
|-damage|p1a: Milotic|68/100 brn|[from] Sandstorm
|-damage|p1a: Milotic|62/100 brn|[from] brn
|upkeep
|turn|3
|
|t:|1785128608
|move|p2b: Whimsicott|Light Screen|p2b: Whimsicott
|-sidestart|p2: dapmagikarp|move: Light Screen
|move|p2a: Kingambit|Iron Head|p1b: Tyranitar
|-supereffective|p1b: Tyranitar|1
|-damage|p1b: Tyranitar|0 fnt
|faint|p1b: Tyranitar
|move|p1a: Milotic|Scald|p2a: Kingambit
|-damage|p2a: Kingambit|35/100
|
|-weather|Sandstorm|[upkeep]
|-damage|p2b: Whimsicott|14/100|[from] Sandstorm
|-damage|p1a: Milotic|56/100 brn|[from] Sandstorm
|-damage|p1a: Milotic|51/100 brn|[from] brn
|upkeep
|
|t:|1785128619
|switch|p1b: Staraptor|Staraptor, L50, M|100/100
|-ability|p1b: Staraptor|Intimidate|boost
|-unboost|p2a: Kingambit|atk|1
|-ability|p2a: Kingambit|Defiant|boost
|-boost|p2a: Kingambit|atk|2
|-unboost|p2b: Whimsicott|atk|1
|turn|4
|
|t:|1785128630
|move|p1a: Milotic|Protect|p1a: Milotic
|-singleturn|p1a: Milotic|Protect
|move|p2b: Whimsicott|Moonblast|p1b: Staraptor
|-damage|p1b: Staraptor|62/100
|move|p2a: Kingambit|Kowtow Cleave|p1a: Milotic
|-activate|p1a: Milotic|move: Protect
|move|p1b: Staraptor|Tailwind|p1b: Staraptor
|-sidestart|p1: Koraidonkoalition|move: Tailwind
|
|-weather|Sandstorm|[upkeep]
|-damage|p1b: Staraptor|57/100|[from] Sandstorm
|-damage|p2b: Whimsicott|8/100|[from] Sandstorm
|-damage|p1a: Milotic|45/100 brn|[from] Sandstorm
|-enditem|p1a: Milotic|Sitrus Berry|[eat]
|-heal|p1a: Milotic|70/100 brn|[from] item: Sitrus Berry
|-damage|p1a: Milotic|64/100 brn|[from] brn
|upkeep
|turn|5
|
|t:|1785128653
|move|p1b: Staraptor|Protect|p1b: Staraptor
|-singleturn|p1b: Staraptor|Protect
|move|p2b: Whimsicott|Moonblast|p1b: Staraptor
|-activate|p1b: Staraptor|move: Protect
|move|p1a: Milotic|Scald|p2b: Whimsicott
|-resisted|p2b: Whimsicott|1
|-damage|p2b: Whimsicott|0 fnt
|faint|p2b: Whimsicott
|move|p2a: Kingambit|Kowtow Cleave|p1a: Milotic
|-damage|p1a: Milotic|0 fnt
|faint|p1a: Milotic
|
|-weather|none
|-sideend|p2: dapmagikarp|move: Tailwind
|upkeep
|
|t:|1785128671
|switch|p2b: Garchomp|Garchomp, L50, M, shiny|100/100
|switch|p1a: Gholdengo|Gholdengo, L50|100/100
|turn|6
|
|t:|1785128692
|detailschange|p1b: Staraptor|Staraptor-Mega, L50, M
|-mega|p1b: Staraptor|Staraptor|Staraptite
|move|p2a: Kingambit|Sucker Punch|p1b: Staraptor
|-resisted|p1b: Staraptor|1
|-damage|p1b: Staraptor|28/100
|move|p1b: Staraptor|Close Combat|p2a: Kingambit
|-supereffective|p2a: Kingambit|2
|-enditem|p2a: Kingambit|Chople Berry|[eat]
|-enditem|p2a: Kingambit|Chople Berry|[weaken]
|-damage|p2a: Kingambit|0 fnt
|-boost|p1b: Staraptor|def|1
|-boost|p1b: Staraptor|spd|1
|faint|p2a: Kingambit
|move|p1a: Gholdengo|Nasty Plot|p1a: Gholdengo
|-boost|p1a: Gholdengo|spa|2
|move|p2b: Garchomp|Earthquake|p1b: Staraptor|[spread] p1a
|-immune|p1b: Staraptor
|-supereffective|p1a: Gholdengo|1
|-damage|p1a: Gholdengo|7/100
|-damage|p2b: Garchomp|90/100|[from] item: Life Orb
|
|upkeep
|
|t:|1785128697
|switch|p2a: Delphox|Delphox-Mega, L50, M|89/100
|turn|7
|
|t:|1785128704
|move|p2a: Delphox|Protect|p2a: Delphox
|-singleturn|p2a: Delphox|Protect
|move|p2b: Garchomp|Protect|p2b: Garchomp
|-singleturn|p2b: Garchomp|Protect
|move|p1b: Staraptor|Close Combat|p2b: Garchomp
|-activate|p2b: Garchomp|move: Protect
|move|p1a: Gholdengo|Make It Rain|p2a: Delphox|[spread] 
|-activate|p2a: Delphox|move: Protect
|-activate|p2b: Garchomp|move: Protect
|
|-sideend|p2: dapmagikarp|move: Light Screen
|-sideend|p1: Koraidonkoalition|move: Tailwind
|upkeep
|turn|8
|
|t:|1785128710
|move|p1a: Gholdengo|Protect|p1a: Gholdengo
|-singleturn|p1a: Gholdengo|Protect
|move|p2a: Delphox|Psychic|p1b: Staraptor
|-supereffective|p1b: Staraptor|1
|-damage|p1b: Staraptor|0 fnt
|faint|p1b: Staraptor
|move|p2b: Garchomp|Earthquake|p1a: Gholdengo|[spread] 
|-activate|p1a: Gholdengo|move: Protect
|-immune|p2a: Delphox|[from] ability: Levitate
|
|upkeep
|turn|9
|-message|Koraidonkoalition forfeited.
|
|win|dapmagikarp
