|j|☆MSAtlos
|j|☆Zacharykeith
|html|MSAtlosZacharykeith    
|uhtml|bestof|Game 1 of a best-of-3
|t:|1757861782
|gametype|doubles
|player|p1|MSAtlos|clair|1117
|player|p2|Zacharykeith|fisherman-gen4|1168
|gen|9
|tier|[Gen 9] VGC 2025 Reg H (Bo3)
|rated|
|rule|Species Clause: Limit one of each Pokémon
|rule|Item Clause: Limit 1 of each item
|clearpoke
|poke|p1|Frosmoth, L50, F|
|poke|p1|Ninetales-Alola, L50, F|
|poke|p1|Rillaboom, L50, F|
|poke|p1|Incineroar, L50, F|
|poke|p1|Ursaluna, L50, F|
|poke|p1|Dragonite, L50, M|
|poke|p2|Dragonite, L50, F|
|poke|p2|Ursaluna-Bloodmoon, L50, M|
|poke|p2|Gholdengo, L50|
|poke|p2|Annihilape, L50, M|
|poke|p2|Maushold, L50|
|poke|p2|Rillaboom, L50, F|
|teampreview|4
|showteam|p1|Frosmoth||Leftovers|IceScales|QuiverDance,Blizzard,TeraBlast,Protect|||F|||50|,,,,,Water]Ninetales-Alola||LightClay|SnowWarning|Blizzard,AuroraVeil,Disable,Encore|||F|||50|,,,,,Fire]Rillaboom||AssaultVest|GrassySurge|FakeOut,WoodHammer,GrassyGlide,Uturn|||F|||50|,,,,,Fire]Incineroar||SafetyGoggles|Intimidate|FlareBlitz,KnockOff,FakeOut,PartingShot|||F|||50|,,,,,Ghost]Ursaluna||FlameOrb|Guts|Facade,HeadlongRush,Earthquake,Protect|||F|||50|,,,,,Poison]Dragonite||LoadedDice|Multiscale|ScaleShot,Haze,Tailwind,Protect|||M|||50|,,,,,Steel
|showteam|p2|Dragonite||LoadedDice|Multiscale|ScaleShot,Tailwind,Haze,Protect|||F|||50|,,,,,Fairy]Ursaluna-Bloodmoon||AssaultVest|MindsEye|BloodMoon,HyperVoice,EarthPower,Protect|||M|||50|,,,,,Water]Gholdengo||LifeOrb|GoodasGold|MakeItRain,ShadowBall,NastyPlot,Protect||||||50|,,,,,Water]Annihilape||SitrusBerry|Defiant|RageFist,DrainPunch,BulkUp,Protect|||M|||50|,,,,,Fire]Maushold||FocusSash|FriendGuard|SuperFang,FollowMe,BeatUp,Protect||||||50|,,,,,Grass]Rillaboom||MiracleSeed|GrassySurge|DrumBeating,GrassyGlide,HighHorsepower,FakeOut|||F|||50|,,,,,Fire
|inactive|Battle timer is ON: inactive players will automatically lose when time's up. (requested by Zacharykeith)
|
|t:|1757861819
|teamsize|p1|4
|teamsize|p2|4
|start
|switch|p1a: Frosmoth|Frosmoth, L50, F|100/100
|switch|p1b: Ninetales|Ninetales-Alola, L50, F|100/100
|switch|p2a: Dragonite|Dragonite, L50, F|100/100
|switch|p2b: Gholdengo|Gholdengo, L50|100/100
|-weather|Snowscape|[from] ability: Snow Warning|[of] p1b: Ninetales
|turn|1
|inactive|MSAtlos has 30 seconds left.
|
|t:|1757861847
|switch|p1b: Incineroar|Incineroar, L50, F|100/100
|-ability|p1b: Incineroar|Intimidate|boost
|-unboost|p2a: Dragonite|atk|1
|-unboost|p2b: Gholdengo|atk|1
|-terastallize|p2a: Dragonite|Fairy
|move|p1a: Frosmoth|Protect|p1a: Frosmoth
|-singleturn|p1a: Frosmoth|Protect
|move|p2b: Gholdengo|Make It Rain|p1a: Frosmoth|[spread] p1b
|-activate|p1a: Frosmoth|move: Protect
|-resisted|p1b: Incineroar
|-damage|p1b: Incineroar|77/100
|-unboost|p2b: Gholdengo|spa|1
|-damage|p2b: Gholdengo|91/100|[from] item: Life Orb
|move|p2a: Dragonite|Tailwind|p2a: Dragonite
|-sidestart|p2: Zacharykeith|move: Tailwind
|
|-weather|Snowscape|[upkeep]
|upkeep
|turn|2
|inactive|MSAtlos has 30 seconds left.
|inactive|Zacharykeith has 30 seconds left.
|
|t:|1757861881
|-terastallize|p1a: Frosmoth|Water
|move|p2a: Dragonite|Protect|p2a: Dragonite
|-singleturn|p2a: Dragonite|Protect
|move|p1b: Incineroar|Fake Out|p2a: Dragonite
|-activate|p2a: Dragonite|move: Protect
|move|p2b: Gholdengo|Nasty Plot|p2b: Gholdengo
|-boost|p2b: Gholdengo|spa|2
|move|p1a: Frosmoth|Quiver Dance|p1a: Frosmoth
|-boost|p1a: Frosmoth|spa|1
|-boost|p1a: Frosmoth|spd|1
|-boost|p1a: Frosmoth|spe|1
|
|-weather|Snowscape|[upkeep]
|upkeep
|turn|3
|inactive|MSAtlos has 30 seconds left.
|inactive|MSAtlos has 20 seconds left.
|inactive|MSAtlos has 15 seconds left.
|inactive|MSAtlos has 10 seconds left.
|inactive|MSAtlos has 5 seconds left.
|
|t:|1757861933
|move|p2b: Gholdengo|Shadow Ball|p1a: Frosmoth
|-damage|p1a: Frosmoth|66/100
|-damage|p2b: Gholdengo|82/100|[from] item: Life Orb
|move|p2a: Dragonite|Scale Shot|p1a: Frosmoth
|-damage|p1a: Frosmoth|53/100
|-damage|p1a: Frosmoth|39/100
|-damage|p1a: Frosmoth|26/100
|-crit|p1a: Frosmoth
|-damage|p1a: Frosmoth|0 fnt
|faint|p1a: Frosmoth
|-hitcount|p1: Frosmoth|4
|-unboost|p2a: Dragonite|def|1
|-boost|p2a: Dragonite|spe|1
|move|p1b: Incineroar|Parting Shot|p2a: Dragonite
|-unboost|p2a: Dragonite|atk|1
|-unboost|p2a: Dragonite|spa|1
|
|t:|1757861953
|switch|p1b: Ursaluna|Ursaluna, L50, F|100/100|[from] Parting Shot
|
|-weather|Snowscape|[upkeep]
|-status|p1b: Ursaluna|brn|[from] item: Flame Orb
|upkeep
|
|t:|1757861955
|switch|p1a: Incineroar|Incineroar, L50, F|77/100
|-ability|p1a: Incineroar|Intimidate|boost
|-unboost|p2a: Dragonite|atk|1
|-unboost|p2b: Gholdengo|atk|1
|turn|4
|inactive|Zacharykeith has 30 seconds left.
|
|t:|1757861982
|move|p2a: Dragonite|Protect|p2a: Dragonite
|-singleturn|p2a: Dragonite|Protect
|move|p1b: Ursaluna|Protect|p1b: Ursaluna
|-singleturn|p1b: Ursaluna|Protect
|move|p2b: Gholdengo|Make It Rain|p1b: Ursaluna|[spread] p1a
|-activate|p1b: Ursaluna|move: Protect
|-resisted|p1a: Incineroar
|-damage|p1a: Incineroar|43/100
|-unboost|p2b: Gholdengo|spa|1
|-damage|p2b: Gholdengo|72/100|[from] item: Life Orb
|move|p1a: Incineroar|Flare Blitz|p2b: Gholdengo
|-supereffective|p2b: Gholdengo
|-damage|p2b: Gholdengo|0 fnt
|faint|p2b: Gholdengo
|-damage|p1a: Incineroar|23/100|[from] Recoil
|
|-weather|Snowscape|[upkeep]
|-damage|p1b: Ursaluna|95/100 brn|[from] brn
|-sideend|p2: Zacharykeith|move: Tailwind
|upkeep
|
|t:|1757862001
|switch|p2b: Maushold|Maushold, L50|100/100
|turn|5
|inactive|MSAtlos has 30 seconds left.
|
|t:|1757862036
|switch|p1a: Ninetales|Ninetales-Alola, L50, F|100/100
|move|p2a: Dragonite|Tailwind|p2a: Dragonite
|-sidestart|p2: Zacharykeith|move: Tailwind
|move|p2b: Maushold|Super Fang|p1b: Ursaluna
|-damage|p1b: Ursaluna|48/100 brn
|move|p1b: Ursaluna|Earthquake|p2b: Maushold|[spread] p1a,p2a,p2b
|-damage|p1a: Ninetales|44/100
|-damage|p2a: Dragonite|60/100
|-enditem|p2b: Maushold|Focus Sash
|-damage|p2b: Maushold|1/100
|
|-weather|none
|-damage|p1b: Ursaluna|42/100 brn|[from] brn
|upkeep
|turn|6
|inactive|MSAtlos has 30 seconds left.
|inactive|Zacharykeith has 30 seconds left.
|
|t:|1757862064
|switch|p2a: Annihilape|Annihilape, L50, M|100/100
|move|p1b: Ursaluna|Protect|p1b: Ursaluna
|-singleturn|p1b: Ursaluna|Protect
|move|p2b: Maushold|Beat Up|p2a: Annihilape
|-damage|p2a: Annihilape|98/100
|-damage|p2a: Annihilape|95/100
|-damage|p2a: Annihilape|92/100
|-hitcount|p2a: Annihilape|3
|move|p1a: Ninetales|Blizzard|p2b: Maushold|[spread] p2b
|-miss|p1a: Ninetales|p2a: Annihilape
|-damage|p2b: Maushold|0 fnt
|faint|p2b: Maushold
|
|-damage|p1b: Ursaluna|36/100 brn|[from] brn
|upkeep
|
|t:|1757862082
|switch|p2b: Dragonite|Dragonite, L50, F, tera:Fairy|60/100
|turn|7
|
|t:|1757862095
|move|p2a: Annihilape|Rage Fist|p1a: Ninetales
|-damage|p1a: Ninetales|0 fnt
|faint|p1a: Ninetales
|move|p2b: Dragonite|Scale Shot|p1b: Ursaluna
|-damage|p1b: Ursaluna|24/100 brn
|-damage|p1b: Ursaluna|13/100 brn
|-damage|p1b: Ursaluna|2/100 brn
|-damage|p1b: Ursaluna|0 fnt
|faint|p1b: Ursaluna
|-hitcount|p1: Ursaluna|4
|-unboost|p2b: Dragonite|def|1
|-boost|p2b: Dragonite|spe|1
|
|upkeep
|
|t:|1757862102
|switch|p1b: Incineroar|Incineroar, L50, F|23/100
|-ability|p1b: Incineroar|Intimidate|boost
|-unboost|p2a: Annihilape|atk|1
|-ability|p2a: Annihilape|Defiant|boost
|-boost|p2a: Annihilape|atk|2
|-unboost|p2b: Dragonite|atk|1
|turn|8
|-message|MSAtlos forfeited.
|
|win|Zacharykeith
