|j|☆skibidi harraz
|j|☆moth.o
|html|skibidi harrazmoth.o    
|uhtml|bestof|Game 3 of a best-of-3
|t:|1782475046
|gametype|doubles
|player|p1|skibidi harraz|170|1024
|player|p2|moth.o|roxie|1128
|gen|9
|tier|[Gen 9 Champions] VGC 2026 Reg M-B (Bo3)
|rated|
|rule|Species Clause: Limit one of each Pokémon
|rule|Item Clause: Limit 1 of each item
|clearpoke
|poke|p1|Grimmsnarl, L50, M|
|poke|p1|Swampert, L50, M|
|poke|p1|Pelipper, L50, M|
|poke|p1|Archaludon, L50, M|
|poke|p1|Sinistcha, L50|
|poke|p1|Metagross, L50|
|poke|p2|Drampa, L50, F, shiny|
|poke|p2|Farigiraf, L50, M, shiny|
|poke|p2|Sinistcha, L50|
|poke|p2|Staraptor, L50, M|
|poke|p2|Gholdengo, L50|
|poke|p2|Grimmsnarl, L50, M|
|teampreview|4
|showteam|p1|Grimmsnarl||LightClay|Prankster|FoulPlay,PartingShot,Reflect,LightScreen|Calm||M|||50|]Swampert||Swampertite|Damp|WaveCrash,Earthquake,IcePunch,Protect|Adamant||M|||50|]Pelipper||SitrusBerry|Drizzle|Hurricane,WeatherBall,Tailwind,WideGuard|Modest||M|||50|]Archaludon||Leftovers|Stamina|ElectroShot,DragonPulse,FlashCannon,Protect|Modest||M|||50|]Sinistcha||CobaBerry|Hospitality|MatchaGotcha,RagePowder,TrickRoom,Protect|Relaxed|||||50|]Metagross||Metagrossite|ClearBody|IronHead,PsychicFangs,BodyPress,Protect|Jolly|||||50|
|showteam|p2|Drampa||Drampanite|CloudNine|Protect,EarthPower,HyperVoice,CalmMind|Quiet||F|||50|]Farigiraf||MentalHerb|ArmorTail|Protect,Psychic,TrickRoom,HelpingHand|Bold||M|||50|]Sinistcha||SitrusBerry|Hospitality|MatchaGotcha,ShadowBall,RagePowder,TrickRoom|Bold|||||50|]Staraptor||Staraptite|Intimidate|Protect,CloseCombat,BlazeKick,BraveBird|Adamant||M|||50|]Gholdengo||FocusSash|GoodasGold|Protect,NastyPlot,MakeItRain,ShadowBall|Timid|||||50|]Grimmsnarl||LightClay|Prankster|FakeOut,PartingShot,Reflect,LightScreen|Impish||M|||50|
|
|t:|1782475064
|teamsize|p1|4
|teamsize|p2|4
|start
|switch|p1a: Swampert|Swampert, L50, M|100/100
|switch|p1b: Grimmsnarl|Grimmsnarl, L50, M|100/100
|switch|p2a: Drampa|Drampa, L50, F, shiny|100/100
|switch|p2b: Grimmsnarl|Grimmsnarl, L50, M|100/100
|-ability|p2a: Drampa|Cloud Nine
|turn|1
|
|t:|1782475082
|detailschange|p1a: Swampert|Swampert-Mega, L50, M
|-mega|p1a: Swampert|Swampert|Swampertite
|move|p1a: Swampert|Protect|p1a: Swampert
|-singleturn|p1a: Swampert|Protect
|move|p2b: Grimmsnarl|Fake Out|p1a: Swampert
|-activate|p1a: Swampert|move: Protect
|move|p1b: Grimmsnarl|Light Screen|p1b: Grimmsnarl
|-sidestart|p1: skibidi harraz|move: Light Screen
|move|p2a: Drampa|Calm Mind|p2a: Drampa
|-boost|p2a: Drampa|spa|1
|-boost|p2a: Drampa|spd|1
|
|upkeep
|turn|2
|
|t:|1782475095
|move|p2a: Drampa|Protect|p2a: Drampa
|-singleturn|p2a: Drampa|Protect
|move|p2b: Grimmsnarl|Reflect|p2b: Grimmsnarl
|-sidestart|p2: moth.o|Reflect
|move|p1b: Grimmsnarl|Parting Shot|p2a: Drampa
|-activate|p2a: Drampa|move: Protect
|move|p1a: Swampert|Earthquake|p2b: Grimmsnarl|[spread] p1b,p2b
|-activate|p2a: Drampa|move: Protect
|-damage|p1b: Grimmsnarl|49/100
|-damage|p2b: Grimmsnarl|69/100
|
|upkeep
|turn|3
|
|t:|1782475112
|switch|p2b: Farigiraf|Farigiraf, L50, M, shiny|100/100
|switch|p1b: Pelipper|Pelipper, L50, M|100/100
|-weather|RainDance|[from] ability: Drizzle|[of] p1b: Pelipper
|move|p1a: Swampert|Ice Punch|p2a: Drampa
|-supereffective|p2a: Drampa|1
|-damage|p2a: Drampa|62/100
|-status|p2a: Drampa|frz
|cant|p2a: Drampa|frz
|
|-weather|RainDance|[upkeep]
|upkeep
|turn|4
|
|t:|1782475131
|detailschange|p2a: Drampa|Drampa-Mega, L50, F, shiny
|-mega|p2a: Drampa|Drampa|Drampanite
|move|p1a: Swampert|Earthquake|p2b: Farigiraf|[spread] p2a,p2b
|-immune|p1b: Pelipper
|-damage|p2a: Drampa|35/100 frz
|-damage|p2b: Farigiraf|71/100
|-ability|p2a: Drampa|Berserk|boost
|-boost|p2a: Drampa|spa|1
|move|p1b: Pelipper|Tailwind|p1b: Pelipper
|-sidestart|p1: skibidi harraz|move: Tailwind
|-curestatus|p2a: Drampa|frz|[msg]
|move|p2a: Drampa|Calm Mind|p2a: Drampa
|-boost|p2a: Drampa|spa|1
|-boost|p2a: Drampa|spd|1
|move|p2b: Farigiraf|Trick Room|p2b: Farigiraf
|-fieldstart|move: Trick Room|[of] p2b: Farigiraf
|
|-weather|RainDance|[upkeep]
|upkeep
|turn|5
|
|t:|1782475150
|switch|p2b: Sinistcha|Sinistcha, L50|100/100
|-heal|p2a: Drampa|60/100|[from] ability: Hospitality|[of] p2b: Sinistcha
|move|p1b: Pelipper|Wide Guard|p1b: Pelipper
|-singleturn|p1b: Pelipper|Wide Guard
|move|p2a: Drampa|Earth Power|p1a: Swampert
|-damage|p1a: Swampert|50/100g
|move|p1a: Swampert|Earthquake|p2a: Drampa|[spread] p2a,p2b
|-activate|p1b: Pelipper|move: Wide Guard
|-resisted|p2b: Sinistcha|1
|-damage|p2a: Drampa|35/100
|-damage|p2b: Sinistcha|87/100
|-ability|p2a: Drampa|Berserk|boost
|-boost|p2a: Drampa|spa|1
|
|-weather|RainDance|[upkeep]
|upkeep
|turn|6
|
|t:|1782475175
|switch|p1a: Grimmsnarl|Grimmsnarl, L50, M|49/100
|move|p2a: Drampa|Hyper Voice|p1a: Grimmsnarl|[spread] p1a,p1b
|-crit|p1b: Pelipper
|-damage|p1a: Grimmsnarl|0 fnt
|-damage|p1b: Pelipper|0 fnt
|faint|p1a: Grimmsnarl
|faint|p1b: Pelipper
|move|p2b: Sinistcha|Shadow Ball|p1: Grimmsnarl|[notarget]
|-fail|p2b: Sinistcha
|
|-weather|RainDance|[upkeep]
|upkeep
|
|t:|1782475181
|switch|p1a: Swampert|Swampert-Mega, L50, M|50/100g
|switch|p1b: Archaludon|Archaludon, L50, M|100/100
|turn|7
|
|t:|1782475204
|move|p1b: Archaludon|Protect|p1b: Archaludon
|-singleturn|p1b: Archaludon|Protect
|move|p1a: Swampert|Protect|p1a: Swampert
|-singleturn|p1a: Swampert|Protect
|move|p2b: Sinistcha|Rage Powder|p2b: Sinistcha
|-singleturn|p2b: Sinistcha|move: Rage Powder
|move|p2a: Drampa|Hyper Voice|p1a: Swampert|[spread] 
|-activate|p1a: Swampert|move: Protect
|-activate|p1b: Archaludon|move: Protect
|
|-weather|none
|-sideend|p1: skibidi harraz|move: Tailwind
|upkeep
|turn|8
|
|t:|1782475221
|move|p2a: Drampa|Earth Power|p1b: Archaludon
|-supereffective|p1b: Archaludon|1
|-damage|p1b: Archaludon|0 fnt
|faint|p1b: Archaludon
|move|p2b: Sinistcha|Matcha Gotcha|p1a: Swampert
|-supereffective|p1a: Swampert|2
|-damage|p1a: Swampert|0 fnt
|-heal|p2b: Sinistcha|100/100|[from] drain|[of] p1a: Swampert
|faint|p1a: Swampert
|
|win|moth.o
|raw|skibidi harraz's rating: 1024 → 1014(-10 for losing)
|raw|moth.o's rating: 1128 → 1146(+18 for winning)
|l|☆skibidi harraz
|player|p1|
|l|☆moth.o
|player|p2|
|j|☆moth.o
|player|p2|moth.o|roxie|
