|j|☆Moonlight Flutter
|j|☆po1015
|html|Moonlight Flutterpo1015    
|uhtml|bestof|Game 1 of a best-of-3
|t:|1783174655
|gametype|doubles
|player|p1|Moonlight Flutter|miku-flying|
|player|p2|po1015|lady|
|gen|9
|tier|[Gen 9 Champions] VGC 2026 Reg M-B (Bo3)
|rule|Species Clause: Limit one of each Pokémon
|rule|Item Clause: Limit 1 of each item
|clearpoke
|poke|p1|Sinistcha, L50|
|poke|p1|Incineroar, L50, F|
|poke|p1|Milotic, L50, M|
|poke|p1|Raichu, L50, M|
|poke|p1|Ceruledge, L50, M|
|poke|p1|Mawile, L50, M, shiny|
|poke|p2|Aerodactyl, L50, F|
|poke|p2|Kangaskhan, L50, F|
|poke|p2|Kingambit, L50, F|
|poke|p2|Sylveon, L50, M|
|poke|p2|Torkoal, L50, F|
|poke|p2|Farigiraf, L50, M|
|teampreview|4
|showteam|p1|Sinistcha||FocusSash|Hospitality|MatchaGotcha,LifeDew,RagePowder,Protect|Relaxed|||||50|]Incineroar||SitrusBerry|Intimidate|FlareBlitz,ThroatChop,FakeOut,PartingShot|Impish||F|||50|]Milotic||Leftovers|Competitive|MuddyWater,Coil,Hypnosis,Protect|Calm||M|||50|]Raichu||RaichuniteY|LightningRod|ZapCannon,FocusBlast,FakeOut,Protect|Timid||M|||50|]Ceruledge||ColburBerry|FlashFire|BitterBlade,ShadowSneak,BulkUp,Protect|Adamant||M|||50|]Mawile||Mawilite|HyperCutter|PlayRough,SuckerPunch,SwordsDance,Protect|Adamant||M|||50|
|showteam|p2|Aerodactyl||Aerodactylite|Unnerve|RockSlide,DualWingbeat,Tailwind,Protect|Jolly||F|||50|]Kangaskhan||Kangaskhanite|Scrappy|FakeOut,DoubleEdge,LowKick,IcePunch|Adamant||F|||50|]Kingambit||FocusSash|Defiant|KowtowCleave,SuckerPunch,IronHead,LowKick|Adamant||F|||50|]Sylveon||FairyFeather|Pixilate|HyperVoice,HyperBeam,QuickAttack,Protect|Modest||M|||50|]Torkoal||Charcoal|Drought|Eruption,WeatherBall,HeatWave,Protect|Quiet||F|||50|]Farigiraf||SitrusBerry|ArmorTail|TwinBeam,Thunderbolt,TrickRoom,HelpingHand|Bold||M|||50|
|inactive|Battle timer is ON: inactive players will automatically lose when time's up. (requested by po1015)
|
|t:|1783174685
|teamsize|p1|4
|teamsize|p2|4
|start
|switch|p1a: Mawile|Mawile, L50, M, shiny|100/100
|switch|p1b: Milotic|Milotic, L50, M|100/100
|switch|p2a: Aerodactyl|Aerodactyl, L50, F|100/100
|switch|p2b: Kingambit|Kingambit, L50, F|100/100
|-ability|p2a: Aerodactyl|Unnerve
|turn|1
|inactive|Moonlight Flutter has 30 seconds left.
|inactive|Moonlight Flutter has 20 seconds left.
|inactive|Moonlight Flutter has 15 seconds left.
|
|t:|1783174727
|switch|p2a: Kangaskhan|Kangaskhan, L50, F|100/100
|detailschange|p1a: Mawile|Mawile-Mega, L50, M, shiny
|-mega|p1a: Mawile|Mawile|Mawilite
|move|p1b: Milotic|Coil|p1b: Milotic
|-boost|p1b: Milotic|atk|1
|-boost|p1b: Milotic|def|1
|-boost|p1b: Milotic|accuracy|1
|move|p2b: Kingambit|Kowtow Cleave|p1b: Milotic
|-crit|p1b: Milotic
|-damage|p1b: Milotic|36/100
|move|p1a: Mawile|Play Rough|p2b: Kingambit
|-damage|p2b: Kingambit|30/100
|-unboost|p2b: Kingambit|atk|1
|-ability|p2b: Kingambit|Defiant|boost
|-boost|p2b: Kingambit|atk|2
|
|-heal|p1b: Milotic|42/100|[from] item: Leftovers
|upkeep
|turn|2
|inactive|Moonlight Flutter has 30 seconds left.
|inactive|po1015 has 30 seconds left.
|inactive|Moonlight Flutter has 20 seconds left.
|inactive|Moonlight Flutter has 15 seconds left.
|inactive|Moonlight Flutter has 10 seconds left.
|inactive|po1015 has 20 seconds left.
|
|t:|1783174774
|move|p2a: Kangaskhan|Fake Out|p1a: Mawile
|-resisted|p1a: Mawile|1
|-damage|p1a: Mawile|91/100
|move|p1b: Milotic|Hypnosis|p2b: Kingambit
|-status|p2b: Kingambit|slp|[from] move: Hypnosis
|cant|p2b: Kingambit|slp
|cant|p1a: Mawile|flinch
|
|-heal|p1b: Milotic|48/100|[from] item: Leftovers
|upkeep
|turn|3
|
|t:|1783174794
|detailschange|p2a: Kangaskhan|Kangaskhan-Mega, L50, F
|-mega|p2a: Kangaskhan|Kangaskhan|Kangaskhanite
|move|p2a: Kangaskhan|Double-Edge|p1b: Milotic
|-damage|p1b: Milotic|7/100
|-damage|p1b: Milotic|0 fnt
|faint|p1b: Milotic
|-hitcount|p1: Milotic|2
|-damage|p2a: Kangaskhan|84/100|[from] Recoil
|cant|p2b: Kingambit|slp
|move|p1a: Mawile|Play Rough|p2b: Kingambit|[miss]
|-miss|p1a: Mawile|p2b: Kingambit
|
|upkeep
|
|t:|1783174803
|switch|p1b: Sinistcha|Sinistcha, L50|100/100
|-heal|p1a: Mawile|100/100|[from] ability: Hospitality|[of] p1b: Sinistcha
|turn|4
|
|t:|1783174815
|move|p1b: Sinistcha|Protect|p1b: Sinistcha
|-singleturn|p1b: Sinistcha|Protect
|move|p2a: Kangaskhan|Ice Punch|p1b: Sinistcha
|-activate|p1b: Sinistcha|move: Protect
|-curestatus|p2b: Kingambit|slp|[msg]
|move|p2b: Kingambit|Iron Head|p1a: Mawile
|-damage|p1a: Mawile|36/100
|move|p1a: Mawile|Play Rough|p2b: Kingambit
|-damage|p2b: Kingambit|0 fnt
|faint|p2b: Kingambit
|
|upkeep
|
|t:|1783174828
|switch|p2b: Farigiraf|Farigiraf, L50, M|100/100
|turn|5
|
|t:|1783174847
|switch|p1b: Ceruledge|Ceruledge, L50, M|100/100
|move|p1a: Mawile|Protect|p1a: Mawile
|-singleturn|p1a: Mawile|Protect
|move|p2a: Kangaskhan|Ice Punch|p1b: Ceruledge
|-resisted|p1b: Ceruledge|1
|-damage|p1b: Ceruledge|85/100
|-resisted|p1b: Ceruledge|1
|-damage|p1b: Ceruledge|81/100
|-hitcount|p1b: Ceruledge|2
|move|p2b: Farigiraf|Thunderbolt|p1a: Mawile
|-activate|p1a: Mawile|move: Protect
|
|upkeep
|turn|6
|inactive|Moonlight Flutter has 30 seconds left.
|
|t:|1783174875
|switch|p1b: Sinistcha|Sinistcha, L50|100/100
|-heal|p1a: Mawile|61/100|[from] ability: Hospitality|[of] p1b: Sinistcha
|move|p2a: Kangaskhan|Ice Punch|p1a: Mawile
|-resisted|p1a: Mawile|1
|-damage|p1a: Mawile|47/100
|-resisted|p1a: Mawile|1
|-damage|p1a: Mawile|44/100
|-hitcount|p1a: Mawile|2
|move|p2b: Farigiraf|Thunderbolt|p1a: Mawile
|-damage|p1a: Mawile|21/100
|move|p1a: Mawile|Play Rough|p2b: Farigiraf|[miss]
|-miss|p1a: Mawile|p2b: Farigiraf
|
|upkeep
|turn|7
|
|t:|1783174893
|move|p1a: Mawile|Protect|p1a: Mawile
|-singleturn|p1a: Mawile|Protect
|move|p2a: Kangaskhan|Ice Punch|p1b: Sinistcha
|-supereffective|p1b: Sinistcha|1
|-damage|p1b: Sinistcha|58/100
|-supereffective|p1b: Sinistcha|1
|-crit|p1b: Sinistcha
|-damage|p1b: Sinistcha|41/100
|-hitcount|p1b: Sinistcha|2
|move|p1b: Sinistcha|Life Dew|p1b: Sinistcha|[spread] p1a,p1b
|-heal|p1a: Mawile|46/100
|-heal|p1b: Sinistcha|66/100
|move|p2b: Farigiraf|Thunderbolt|p1a: Mawile
|-activate|p1a: Mawile|move: Protect
|
|upkeep
|turn|8
|inactive|Moonlight Flutter has 30 seconds left.
|inactive|Moonlight Flutter has 20 seconds left.
|inactive|Moonlight Flutter has 15 seconds left.
|inactive|Moonlight Flutter has 10 seconds left.
|
|t:|1783174939
|switch|p1b: Ceruledge|Ceruledge, L50, M|81/100
|move|p2a: Kangaskhan|Double-Edge|p1a: Mawile
|-resisted|p1a: Mawile|1
|-crit|p1a: Mawile
|-damage|p1a: Mawile|0 fnt
|faint|p1a: Mawile
|-damage|p2a: Kangaskhan|73/100|[from] Recoil
|move|p2b: Farigiraf|Twin Beam|p1b: Ceruledge
|-damage|p1b: Ceruledge|65/100
|-crit|p1b: Ceruledge
|-damage|p1b: Ceruledge|41/100
|-hitcount|p1b: Ceruledge|2
|
|upkeep
|
|t:|1783174945
|switch|p1a: Sinistcha|Sinistcha, L50|66/100
|-heal|p1b: Ceruledge|66/100|[from] ability: Hospitality|[of] p1a: Sinistcha
|turn|9
|
|t:|1783174952
|move|p1a: Sinistcha|Protect|p1a: Sinistcha
|-singleturn|p1a: Sinistcha|Protect
|move|p2a: Kangaskhan|Ice Punch|p1a: Sinistcha
|-activate|p1a: Sinistcha|move: Protect
|move|p1b: Ceruledge|Bulk Up|p1b: Ceruledge
|-boost|p1b: Ceruledge|atk|1
|-boost|p1b: Ceruledge|def|1
|move|p2b: Farigiraf|Twin Beam|p1b: Ceruledge
|-damage|p1b: Ceruledge|51/100
|-damage|p1b: Ceruledge|36/100
|-hitcount|p1b: Ceruledge|2
|
|upkeep
|turn|10
|
|t:|1783174967
|move|p2b: Farigiraf|Helping Hand|p2a: Kangaskhan
|-singleturn|p2a: Kangaskhan|Helping Hand|[of] p2b: Farigiraf
|move|p2a: Kangaskhan|Ice Punch|p1a: Sinistcha
|-supereffective|p1a: Sinistcha|1
|-damage|p1a: Sinistcha|6/100
|-supereffective|p1a: Sinistcha|1
|-damage|p1a: Sinistcha|0 fnt
|faint|p1a: Sinistcha
|-hitcount|p1: Sinistcha|2
|move|p1b: Ceruledge|Bitter Blade|p2b: Farigiraf
|-damage|p2b: Farigiraf|40/100
|-heal|p1b: Ceruledge|72/100|[from] drain|[of] p2b: Farigiraf
|-enditem|p2b: Farigiraf|Sitrus Berry|[eat]
|-heal|p2b: Farigiraf|65/100|[from] item: Sitrus Berry
|
|upkeep
|turn|11
|
|t:|1783174975
|move|p2a: Kangaskhan|Ice Punch|p1b: Ceruledge
|-resisted|p1b: Ceruledge|1
|-damage|p1b: Ceruledge|63/100
|-resisted|p1b: Ceruledge|1
|-damage|p1b: Ceruledge|61/100
|-hitcount|p1b: Ceruledge|2
|move|p1b: Ceruledge|Bulk Up|p1b: Ceruledge
|-boost|p1b: Ceruledge|atk|1
|-boost|p1b: Ceruledge|def|1
|move|p2b: Farigiraf|Twin Beam|p1b: Ceruledge
|-damage|p1b: Ceruledge|46/100
|-damage|p1b: Ceruledge|32/100
|-hitcount|p1b: Ceruledge|2
|
|upkeep
|turn|12
|
|t:|1783174984
|move|p2a: Kangaskhan|Ice Punch|p1b: Ceruledge
|-resisted|p1b: Ceruledge|1
|-damage|p1b: Ceruledge|24/100
|-resisted|p1b: Ceruledge|1
|-damage|p1b: Ceruledge|23/100
|-hitcount|p1b: Ceruledge|2
|move|p1b: Ceruledge|Bitter Blade|p2b: Farigiraf
|-damage|p2b: Farigiraf|0 fnt
|-heal|p1b: Ceruledge|62/100|[from] drain|[of] p2b: Farigiraf
|faint|p2b: Farigiraf
|
|upkeep
|
|t:|1783174987
|switch|p2b: Aerodactyl|Aerodactyl, L50, F|100/100
|-ability|p2b: Aerodactyl|Unnerve
|turn|13
|
|t:|1783174995
|move|p1b: Ceruledge|Protect|p1b: Ceruledge
|-singleturn|p1b: Ceruledge|Protect
|move|p2b: Aerodactyl|Rock Slide|p1b: Ceruledge
|-activate|p1b: Ceruledge|move: Protect
|move|p2a: Kangaskhan|Ice Punch|p1b: Ceruledge
|-activate|p1b: Ceruledge|move: Protect
|
|upkeep
|turn|14
|
|t:|1783175001
|move|p2b: Aerodactyl|Rock Slide|p1b: Ceruledge
|-supereffective|p1b: Ceruledge|1
|-damage|p1b: Ceruledge|28/100
|move|p2a: Kangaskhan|Ice Punch|p1b: Ceruledge
|-resisted|p1b: Ceruledge|1
|-damage|p1b: Ceruledge|20/100y
|-resisted|p1b: Ceruledge|1
|-damage|p1b: Ceruledge|19/100
|-hitcount|p1b: Ceruledge|2
|move|p1b: Ceruledge|Bitter Blade|p2b: Aerodactyl
|-resisted|p2b: Aerodactyl|1
|-damage|p2b: Aerodactyl|28/100
|-heal|p1b: Ceruledge|54/100|[from] drain|[of] p2b: Aerodactyl
|
|upkeep
|turn|15
|
|t:|1783175017
|move|p1b: Ceruledge|Protect|p1b: Ceruledge
|-singleturn|p1b: Ceruledge|Protect
|move|p2b: Aerodactyl|Rock Slide|p1b: Ceruledge
|-activate|p1b: Ceruledge|move: Protect
|move|p2a: Kangaskhan|Ice Punch|p1b: Ceruledge
|-activate|p1b: Ceruledge|move: Protect
|
|upkeep
|turn|16
|
|t:|1783175020
|move|p2b: Aerodactyl|Protect|p2b: Aerodactyl
|-singleturn|p2b: Aerodactyl|Protect
|move|p1b: Ceruledge|Shadow Sneak|p2b: Aerodactyl
|-activate|p2b: Aerodactyl|move: Protect
|move|p2a: Kangaskhan|Ice Punch|p1b: Ceruledge
|-resisted|p1b: Ceruledge|1
|-damage|p1b: Ceruledge|47/100
|-resisted|p1b: Ceruledge|1
|-damage|p1b: Ceruledge|45/100
|-status|p1b: Ceruledge|frz
|-hitcount|p1b: Ceruledge|2
|
|upkeep
|turn|17
|
|t:|1783175024
|-curestatus|p1b: Ceruledge|frz|[msg]
|move|p1b: Ceruledge|Shadow Sneak|p2b: Aerodactyl
|-damage|p2b: Aerodactyl|0 fnt
|faint|p2b: Aerodactyl
|move|p2a: Kangaskhan|Ice Punch|p1b: Ceruledge
|-resisted|p1b: Ceruledge|1
|-damage|p1b: Ceruledge|38/100
|-resisted|p1b: Ceruledge|1
|-damage|p1b: Ceruledge|37/100
|-hitcount|p1b: Ceruledge|2
|
|upkeep
|turn|18
|c|☆Moonlight Flutter|wtf
|
|t:|1783175034
|move|p2a: Kangaskhan|Ice Punch|p1b: Ceruledge
|-resisted|p1b: Ceruledge|1
|-damage|p1b: Ceruledge|29/100
|-resisted|p1b: Ceruledge|1
|-damage|p1b: Ceruledge|27/100
|-hitcount|p1b: Ceruledge|2
|move|p1b: Ceruledge|Bitter Blade|p2a: Kangaskhan
|-damage|p2a: Kangaskhan|0 fnt
|-heal|p1b: Ceruledge|70/100|[from] drain|[of] p2a: Kangaskhan
|faint|p2a: Kangaskhan
|
|win|Moonlight Flutter
||Moonlight Flutter is ready for game 2.
||po1015 is ready for game 2.
|uhtml|next|Next: Game 2 of 3
