|j|☆YuzukiVGC
|j|☆Sammias
|html|YuzukiVGCSammias    
|uhtml|bestof|Game 2 of a best-of-3
|t:|1783873443
|gametype|doubles
|player|p1|YuzukiVGC|miku-water|1223
|player|p2|Sammias|miku-ground|1132
|gen|9
|tier|[Gen 9 Champions] VGC 2026 Reg M-B (Bo3)
|rated|
|rule|Species Clause: Limit one of each Pokémon
|rule|Item Clause: Limit 1 of each item
|clearpoke
|poke|p1|Charizard, L50, M|
|poke|p1|Venusaur, L50, F|
|poke|p1|Garchomp, L50, M|
|poke|p1|Incineroar, L50, M|
|poke|p1|Sinistcha-Masterpiece, L50|
|poke|p1|Floette-Eternal, L50, F|
|poke|p2|Excadrill, L50, M|
|poke|p2|Ninetales-Alola, L50, M|
|poke|p2|Talonflame, L50, F|
|poke|p2|Tyranitar, L50, F|
|poke|p2|Sinistcha, L50|
|poke|p2|Sneasler, L50, M|
|teampreview|4
|showteam|p1|Charizard||CharizarditeY|Blaze|Protect,HeatWave,WeatherBall,SolarBeam|Timid||M|||50|]Venusaur||FocusSash|Chlorophyll|Protect,SleepPowder,SludgeBomb,EarthPower|Timid||F|||50|]Garchomp||ChoiceScarf|RoughSkin|Earthquake,RockSlide,StompingTantrum,DragonClaw|Jolly||M|||50|]Incineroar||SitrusBerry|Intimidate|FakeOut,PartingShot,FlareBlitz,ThroatChop|Adamant||M|||50|]Sinistcha-Masterpiece||KasibBerry|Hospitality|RagePowder,MatchaGotcha,TrickRoom,Protect|Relaxed|||||50|]Floette-Eternal||Floettite|FlowerVeil|Moonblast,DazzlingGleam,Protect,CalmMind|Relaxed||F|||50|
|showteam|p2|Excadrill||Excadrite|SandRush|HighHorsepower,IronHead,RockSlide,Protect|Jolly||M|||50|]Ninetales-Alola||FocusSash|SnowWarning|Blizzard,FreezeDry,AuroraVeil,Protect|Timid||M|||50|]Talonflame||SharpBeak|GaleWings|Taunt,Tailwind,DualWingbeat,WillOWisp|Jolly||F|||50|]Tyranitar||ChoiceScarf|SandStream|KnockOff,RockSlide,LowKick,IcePunch|Jolly||F|||50|]Sinistcha||SitrusBerry|Hospitality|StrengthSap,RagePowder,LifeDew,MatchaGotcha|Bold|||||50|]Sneasler||WhiteHerb|Unburden|DireClaw,CloseCombat,FakeOut,Protect|Jolly||M|||50|
|inactive|Battle timer is ON: inactive players will automatically lose when time's up. (requested by Sammias)
|
|t:|1783873467
|teamsize|p1|4
|teamsize|p2|4
|start
|switch|p1a: Charizard|Charizard, L50, M|100/100
|switch|p1b: Venusaur|Venusaur, L50, F|100/100
|switch|p2a: Talonflame|Talonflame, L50, F|100/100
|switch|p2b: Sneasler|Sneasler, L50, M|100/100
|turn|1
|
|t:|1783873483
|detailschange|p1a: Charizard|Charizard-Mega-Y, L50, M
|-mega|p1a: Charizard|Charizard|Charizardite Y
|-weather|SunnyDay|[from] ability: Drought|[of] p1a: Charizard
|move|p2b: Sneasler|Fake Out|p1b: Venusaur
|-damage|p1b: Venusaur|81/100
|move|p2a: Talonflame|Tailwind|p2a: Talonflame
|-sidestart|p2: Sammias|move: Tailwind
|cant|p1b: Venusaur|flinch
|move|p1a: Charizard|Weather Ball|p2b: Sneasler
|-damage|p2b: Sneasler|0 fnt
|faint|p2b: Sneasler
|
|-weather|SunnyDay|[upkeep]
|upkeep
|
|t:|1783873500
|switch|p2b: Ninetales|Ninetales-Alola, L50, M|100/100
|-weather|Snowscape|[from] ability: Snow Warning|[of] p2b: Ninetales
|turn|2
|
|t:|1783873512
|switch|p1b: Incineroar|Incineroar, L50, M|100/100
|-ability|p1b: Incineroar|Intimidate|boost
|-unboost|p2a: Talonflame|atk|1
|-unboost|p2b: Ninetales|atk|1
|move|p2a: Talonflame|Dual Wingbeat|p1b: Incineroar
|-damage|p1b: Incineroar|88/100
|-damage|p1b: Incineroar|76/100
|-hitcount|p1b: Incineroar|2
|move|p2b: Ninetales|Aurora Veil|p2b: Ninetales
|-sidestart|p2: Sammias|move: Aurora Veil
|move|p1a: Charizard|Heat Wave|p2a: Talonflame|[spread] p2a,p2b
|-resisted|p2a: Talonflame|1
|-supereffective|p2b: Ninetales|1
|-damage|p2a: Talonflame|75/100
|-damage|p2b: Ninetales|30/100
|
|-weather|Snowscape|[upkeep]
|upkeep
|turn|3
|
|t:|1783873537
|move|p2b: Ninetales|Protect|p2b: Ninetales
|-singleturn|p2b: Ninetales|Protect
|move|p1b: Incineroar|Fake Out|p2a: Talonflame
|-damage|p2a: Talonflame|63/100
|cant|p2a: Talonflame|flinch
|move|p1a: Charizard|Heat Wave|p2a: Talonflame|[spread] p2a
|-activate|p2b: Ninetales|move: Protect
|-resisted|p2a: Talonflame|1
|-damage|p2a: Talonflame|41/100
|
|-weather|Snowscape|[upkeep]
|upkeep
|turn|4
|inactive|YuzukiVGC has 30 seconds left.
|inactive|YuzukiVGC has 20 seconds left.
|
|t:|1783873574
|move|p2a: Talonflame|Dual Wingbeat|p1a: Charizard
|-damage|p1a: Charizard|83/100
|-damage|p1a: Charizard|66/100
|-hitcount|p1a: Charizard|2
|move|p2b: Ninetales|Blizzard|p1a: Charizard|[spread] p1a,p1b
|-resisted|p1b: Incineroar|1
|-damage|p1a: Charizard|31/100
|-damage|p1b: Incineroar|64/100
|-status|p1a: Charizard|frz
|-curestatus|p1a: Charizard|frz|[msg]
|move|p1a: Charizard|Heat Wave|p2a: Talonflame|[spread] p2a,p2b
|-resisted|p2a: Talonflame|1
|-supereffective|p2b: Ninetales|1
|-damage|p2a: Talonflame|18/100
|-damage|p2b: Ninetales|0 fnt
|faint|p2b: Ninetales
|move|p1b: Incineroar|Parting Shot|p2a: Talonflame
|-unboost|p2a: Talonflame|atk|1
|-unboost|p2a: Talonflame|spa|1
|
|t:|1783873579
|switch|p1b: Garchomp|Garchomp, L50, M|100/100|[from] Parting Shot
|
|-weather|Snowscape|[upkeep]
|-sideend|p2: Sammias|move: Tailwind
|upkeep
|
|t:|1783873587
|switch|p2b: Excadrill|Excadrill, L50, M|100/100
|turn|5
|
|t:|1783873608
|switch|p1b: Incineroar|Incineroar, L50, M|64/100
|-ability|p1b: Incineroar|Intimidate|boost
|-unboost|p2a: Talonflame|atk|1
|-unboost|p2b: Excadrill|atk|1
|switch|p1a: Venusaur|Venusaur, L50, F|81/100
|detailschange|p2b: Excadrill|Excadrill-Mega, L50, M
|-mega|p2b: Excadrill|Excadrill|Excadrite
|move|p2a: Talonflame|Tailwind|p2a: Talonflame
|-sidestart|p2: Sammias|move: Tailwind
|move|p2b: Excadrill|Rock Slide|p1a: Venusaur|[spread] p1a,p1b
|-supereffective|p1b: Incineroar|1
|-damage|p1a: Venusaur|61/100
|-damage|p1b: Incineroar|35/100
|-enditem|p1b: Incineroar|Sitrus Berry|[eat]
|-heal|p1b: Incineroar|59/100|[from] item: Sitrus Berry
|
|-weather|Snowscape|[upkeep]
|upkeep
|turn|6
|inactive|Sammias has 30 seconds left.
|
|t:|1783873635
|move|p1b: Incineroar|Fake Out|p2b: Excadrill
|-resisted|p2b: Excadrill|1
|-damage|p2b: Excadrill|96/100
|move|p2a: Talonflame|Dual Wingbeat|p1a: Venusaur
|-supereffective|p1a: Venusaur|1
|-damage|p1a: Venusaur|42/100
|-supereffective|p1a: Venusaur|1
|-damage|p1a: Venusaur|22/100
|-hitcount|p1a: Venusaur|2
|cant|p2b: Excadrill|flinch
|move|p1a: Venusaur|Sleep Powder|p2a: Talonflame
|-status|p2a: Talonflame|slp|[from] move: Sleep Powder
|
|-weather|none
|-sideend|p2: Sammias|move: Aurora Veil
|upkeep
|turn|7
|
|t:|1783873649
|cant|p2a: Talonflame|slp
|move|p2b: Excadrill|Rock Slide|p1b: Incineroar|[spread] p1b
|-miss|p2b: Excadrill|p1a: Venusaur
|-supereffective|p1b: Incineroar|1
|-damage|p1b: Incineroar|32/100
|move|p1a: Venusaur|Sleep Powder|p2b: Excadrill
|-status|p2b: Excadrill|slp|[from] move: Sleep Powder
|move|p1b: Incineroar|Parting Shot|p2b: Excadrill
|-unboost|p2b: Excadrill|atk|1
|-unboost|p2b: Excadrill|spa|1
|
|t:|1783873654
|switch|p1b: Charizard|Charizard-Mega-Y, L50, M|31/100|[from] Parting Shot
|-weather|SunnyDay|[from] ability: Drought|[of] p1b: Charizard
|
|-weather|SunnyDay|[upkeep]
|upkeep
|turn|8
|
|t:|1783873662
|switch|p1a: Incineroar|Incineroar, L50, M|32/100
|-ability|p1a: Incineroar|Intimidate|boost
|-unboost|p2a: Talonflame|atk|1
|-unboost|p2b: Excadrill|atk|1
|-curestatus|p2a: Talonflame|slp|[msg]
|move|p2a: Talonflame|Dual Wingbeat|p1a: Incineroar
|-damage|p1a: Incineroar|26/100
|-damage|p1a: Incineroar|21/100
|-hitcount|p1a: Incineroar|2
|cant|p2b: Excadrill|slp
|move|p1b: Charizard|Heat Wave|p2b: Excadrill|[spread] p2a,p2b
|-resisted|p2a: Talonflame|1
|-supereffective|p2b: Excadrill|1
|-damage|p2a: Talonflame|0 fnt
|-damage|p2b: Excadrill|0 fnt
|faint|p2a: Talonflame
|faint|p2b: Excadrill
|
|win|YuzukiVGC
