|j|☆TalonMasterJ
|j|☆Seris03
|html|TalonMasterJSeris03    
|uhtml|bestof|Game 3 of a best-of-3
|t:|1756342980
|gametype|doubles
|player|p1|TalonMasterJ|steven|1133
|player|p2|Seris03|serena|1051
|gen|9
|tier|[Gen 9] VGC 2025 Reg H (Bo3)
|rated|
|rule|Species Clause: Limit one of each Pokémon
|rule|Item Clause: Limit 1 of each item
|clearpoke
|poke|p1|Incineroar, L50, M|
|poke|p1|Dragonite, L50, M|
|poke|p1|Porygon2, L50|
|poke|p1|Ursaluna-Bloodmoon, L50, M|
|poke|p1|Ninetales-Alola, L50, F|
|poke|p1|Annihilape, L50, M|
|poke|p2|Dragonite, L50, M|
|poke|p2|Sneasler, L50, F|
|poke|p2|Electabuzz, L50, M|
|poke|p2|Rillaboom, L50, M|
|poke|p2|Volcarona, L50, M|
|poke|p2|Kingambit, L50, M|
|teampreview|4
|showteam|p1|Incineroar||ChopleBerry|Intimidate|FlareBlitz,KnockOff,FakeOut,PartingShot|||M|||50|,,,,,Grass]Dragonite||LoadedDice|Multiscale|ScaleShot,Tailwind,Haze,Protect|||M|||50|,,,,,Steel]Porygon2||Eviolite|Download|TeraBlast,IceBeam,Recover,TrickRoom||||||50|,,,,,Fighting]Ursaluna-Bloodmoon||AssaultVest|MindsEye|HyperVoice,BloodMoon,VacuumWave,EarthPower|||M|||50|,,,,,Water]Ninetales-Alola||LightClay|SnowWarning|IcicleSpear,Encore,IcyWind,AuroraVeil|||F|||50|,,,,,Ghost]Annihilape||SafetyGoggles|Defiant|DrainPunch,RageFist,BulkUp,Protect|||M|||50|,,,,,Fire
|showteam|p2|Dragonite||LoadedDice|Multiscale|ScaleShot,ExtremeSpeed,Haze,Protect|||M|||50|,,,,,Fairy]Sneasler||FocusSash|Unburden|DireClaw,CloseCombat,FakeOut,Coaching|||F|||50|,,,,,Ghost]Electabuzz||Eviolite|VitalSpirit|Electroweb,FollowMe,Taunt,Protect|||M|||50|,,,,,Ghost]Rillaboom||AssaultVest|GrassySurge|WoodHammer,GrassyGlide,FakeOut,Uturn|||M|||50|,,,,,Fire]Volcarona||GrassySeed|FlameBody|HeatWave,TeraBlast,QuiverDance,Protect|||M|||50|,,,,,Fairy]Kingambit||BlackGlasses|Defiant|KowtowCleave,SuckerPunch,SwordsDance,Protect|||M|||50|,,,,,Fire
|
|t:|1756343044
|teamsize|p1|4
|teamsize|p2|4
|start
|switch|p1a: Porygon2|Porygon2, L50|100/100
|switch|p1b: Ursaluna|Ursaluna-Bloodmoon, L50, M|100/100
|switch|p2a: Sneasler|Sneasler, L50, F|100/100
|switch|p2b: Volcarona|Volcarona, L50, M|100/100
|-ability|p1a: Porygon2|Download|boost
|-boost|p1a: Porygon2|atk|1
|turn|1
|
|t:|1756343074
|move|p2a: Sneasler|Fake Out|p1b: Ursaluna
|-damage|p1b: Ursaluna|89/100
|move|p2b: Volcarona|Quiver Dance|p2b: Volcarona
|-boost|p2b: Volcarona|spa|1
|-boost|p2b: Volcarona|spd|1
|-boost|p2b: Volcarona|spe|1
|cant|p1b: Ursaluna|flinch
|move|p1a: Porygon2|Trick Room|p1a: Porygon2
|-fieldstart|move: Trick Room|[of] p1a: Porygon2
|
|upkeep
|turn|2
|
|t:|1756343092
|move|p1a: Porygon2|Tera Blast|p2a: Sneasler
|-damage|p2a: Sneasler|52/100
|move|p1b: Ursaluna|Earth Power|p2a: Sneasler
|-supereffective|p2a: Sneasler
|-damage|p2a: Sneasler|0 fnt
|faint|p2a: Sneasler
|move|p2b: Volcarona|Quiver Dance|p2b: Volcarona
|-boost|p2b: Volcarona|spa|1
|-boost|p2b: Volcarona|spd|1
|-boost|p2b: Volcarona|spe|1
|
|upkeep
|
|t:|1756343097
|switch|p2a: Rillaboom|Rillaboom, L50, M|100/100
|-fieldstart|move: Grassy Terrain|[from] ability: Grassy Surge|[of] p2a: Rillaboom
|-enditem|p2b: Volcarona|Grassy Seed
|-boost|p2b: Volcarona|def|1|[from] item: Grassy Seed
|turn|3
|
|t:|1756343139
|move|p2a: Rillaboom|Fake Out|p1a: Porygon2
|-damage|p1a: Porygon2|92/100
|cant|p1a: Porygon2|flinch
|move|p1b: Ursaluna|Hyper Voice|p2b: Volcarona|[spread] p2a,p2b
|-damage|p2a: Rillaboom|75/100
|-damage|p2b: Volcarona|86/100
|move|p2b: Volcarona|Heat Wave|p1b: Ursaluna|[spread] p1a,p1b
|-damage|p1a: Porygon2|45/100
|-damage|p1b: Ursaluna|31/100
|
|-heal|p1a: Porygon2|51/100|[from] Grassy Terrain
|-heal|p1b: Ursaluna|38/100|[from] Grassy Terrain
|-heal|p2a: Rillaboom|81/100|[from] Grassy Terrain
|-heal|p2b: Volcarona|92/100|[from] Grassy Terrain
|upkeep
|turn|4
|
|t:|1756343168
|move|p1b: Ursaluna|Vacuum Wave|p2a: Rillaboom
|-damage|p2a: Rillaboom|70/100
|move|p2a: Rillaboom|Grassy Glide|p1b: Ursaluna
|-supereffective|p1b: Ursaluna
|-damage|p1b: Ursaluna|0 fnt
|faint|p1b: Ursaluna
|move|p1a: Porygon2|Recover|p1a: Porygon2
|-heal|p1a: Porygon2|100/100
|move|p2b: Volcarona|Quiver Dance|p2b: Volcarona
|-boost|p2b: Volcarona|spa|1
|-boost|p2b: Volcarona|spd|1
|-boost|p2b: Volcarona|spe|1
|
|-heal|p2a: Rillaboom|75/100|[from] Grassy Terrain
|-heal|p2b: Volcarona|98/100|[from] Grassy Terrain
|upkeep
|
|t:|1756343178
|switch|p1b: Annihilape|Annihilape, L50, M|100/100
|turn|5
|
|t:|1756343191
|-terastallize|p1b: Annihilape|Fire
|move|p1a: Porygon2|Ice Beam|p1b: Annihilape
|-resisted|p1b: Annihilape
|-damage|p1b: Annihilape|88/100
|move|p2a: Rillaboom|U-turn|p1a: Porygon2
|-damage|p1a: Porygon2|84/100
|
|t:|1756343197
|switch|p2a: Electabuzz|Electabuzz, L50, M|100/100|[from] U-turn
|move|p1b: Annihilape|Bulk Up|p1b: Annihilape
|-boost|p1b: Annihilape|atk|1
|-boost|p1b: Annihilape|def|1
|move|p2b: Volcarona|Quiver Dance|p2b: Volcarona
|-boost|p2b: Volcarona|spa|1
|-boost|p2b: Volcarona|spd|1
|-boost|p2b: Volcarona|spe|1
|
|-heal|p1a: Porygon2|91/100|[from] Grassy Terrain
|-heal|p1b: Annihilape|94/100|[from] Grassy Terrain
|-heal|p2b: Volcarona|100/100|[from] Grassy Terrain
|-fieldend|move: Trick Room
|upkeep
|turn|6
|
|t:|1756343270
|-terastallize|p2b: Volcarona|Fairy
|move|p2a: Electabuzz|Follow Me|p2a: Electabuzz
|-singleturn|p2a: Electabuzz|move: Follow Me
|move|p2b: Volcarona|Tera Blast|p1a: Porygon2|[anim] Tera Blast Fairy
|-damage|p1a: Porygon2|20/100
|move|p1b: Annihilape|Bulk Up|p1b: Annihilape
|-boost|p1b: Annihilape|atk|1
|-boost|p1b: Annihilape|def|1
|move|p1a: Porygon2|Trick Room|p1a: Porygon2
|-fieldstart|move: Trick Room|[of] p1a: Porygon2
|
|-heal|p1a: Porygon2|27/100|[from] Grassy Terrain
|-heal|p1b: Annihilape|100/100|[from] Grassy Terrain
|upkeep
|turn|7
|
|t:|1756343297
|move|p2a: Electabuzz|Follow Me|p2a: Electabuzz
|-singleturn|p2a: Electabuzz|move: Follow Me
|move|p1a: Porygon2|Recover|p1a: Porygon2
|-heal|p1a: Porygon2|77/100
|move|p1b: Annihilape|Rage Fist|p2a: Electabuzz
|-damage|p2a: Electabuzz|24/100
|move|p2b: Volcarona|Heat Wave|p1a: Porygon2|[spread] p1a,p1b
|-resisted|p1b: Annihilape
|-damage|p1a: Porygon2|14/100
|-damage|p1b: Annihilape|47/100
|
|-heal|p1a: Porygon2|20/100|[from] Grassy Terrain
|-heal|p2a: Electabuzz|30/100|[from] Grassy Terrain
|-heal|p1b: Annihilape|53/100|[from] Grassy Terrain
|-fieldend|move: Grassy Terrain
|upkeep
|turn|8
|
|t:|1756343327
|move|p1b: Annihilape|Protect|p1b: Annihilape
|-singleturn|p1b: Annihilape|Protect
|move|p2a: Electabuzz|Follow Me|p2a: Electabuzz
|-singleturn|p2a: Electabuzz|move: Follow Me
|move|p1a: Porygon2|Tera Blast|p2a: Electabuzz
|-crit|p2a: Electabuzz
|-damage|p2a: Electabuzz|0 fnt
|faint|p2a: Electabuzz
|move|p2b: Volcarona|Heat Wave|p1b: Annihilape|[spread] p1a
|-activate|p1b: Annihilape|move: Protect
|-damage|p1a: Porygon2|0 fnt
|faint|p1a: Porygon2
|
|upkeep
|
|t:|1756343336
|switch|p1a: Ninetales|Ninetales-Alola, L50, F|100/100
|switch|p2a: Rillaboom|Rillaboom, L50, M|75/100
|-fieldstart|move: Grassy Terrain|[from] ability: Grassy Surge|[of] p2a: Rillaboom
|-weather|Snowscape|[from] ability: Snow Warning|[of] p1a: Ninetales
|turn|9
|
|t:|1756343351
|move|p2a: Rillaboom|Fake Out|p1b: Annihilape
|-damage|p1b: Annihilape|46/100
|cant|p1b: Annihilape|flinch
|move|p1a: Ninetales|Aurora Veil|p1a: Ninetales
|-sidestart|p1: TalonMasterJ|move: Aurora Veil
|move|p2b: Volcarona|Heat Wave|p1b: Annihilape|[spread] p1a,p1b
|-supereffective|p1a: Ninetales
|-resisted|p1b: Annihilape
|-damage|p1a: Ninetales|0 fnt
|-damage|p1b: Annihilape|12/100
|faint|p1a: Ninetales
|
|-weather|Snowscape|[upkeep]
|-heal|p2a: Rillaboom|81/100|[from] Grassy Terrain
|-heal|p1b: Annihilape|18/100|[from] Grassy Terrain
|upkeep
|turn|10
|
|t:|1756343363
|move|p2a: Rillaboom|Grassy Glide|p1b: Annihilape
|-resisted|p1b: Annihilape
|-damage|p1b: Annihilape|12/100
|move|p1b: Annihilape|Rage Fist|p2b: Volcarona
|-damage|p2b: Volcarona|0 fnt
|faint|p2b: Volcarona
|
|-weather|Snowscape|[upkeep]
|-heal|p2a: Rillaboom|87/100|[from] Grassy Terrain
|-heal|p1b: Annihilape|18/100|[from] Grassy Terrain
|-fieldend|move: Trick Room
|upkeep
|turn|11
|
|t:|1756343373
|move|p1b: Annihilape|Drain Punch|p2a: Rillaboom
|-damage|p2a: Rillaboom|26/100
|-heal|p1b: Annihilape|49/100|[from] drain|[of] p2a: Rillaboom
|move|p2a: Rillaboom|U-turn|p1b: Annihilape
|-resisted|p1b: Annihilape
|-damage|p1b: Annihilape|45/100
|
|-weather|Snowscape|[upkeep]
|-heal|p1b: Annihilape|51/100|[from] Grassy Terrain
|-heal|p2a: Rillaboom|32/100|[from] Grassy Terrain
|upkeep
|turn|12
|c|☆TalonMasterJ|What a set dude!
|c|☆Seris03|yeah good game
|c|☆TalonMasterJ|You've got a really good squad!
|
|t:|1756343398
|move|p1b: Annihilape|Rage Fist|p2a: Rillaboom
|-damage|p2a: Rillaboom|0 fnt
|faint|p2a: Rillaboom
|
|win|TalonMasterJ
|raw|TalonMasterJ's rating: 1133 → 1152(+19 for winning)
|raw|Seris03's rating: 1051 → 1037(-14 for losing)
|c|☆Seris03|thanks its a friends team that they are testing for an event
|c|☆TalonMasterJ|What I was gonna say is, if you wanted more practice tomorrow, I got an online tournament I host
|c|☆TalonMasterJ|It's called "Talon's Fight Club" and tomorrow is the all best of 3 monthly tournament
|c|☆Seris03|that's appreciated but I won't be particularly available tomorrow
|c|☆Seris03|good luck with it though
|c|☆TalonMasterJ|No worries fam
|c|☆TalonMasterJ|Grateful for the game for sure; I hope we get a rematch down the line
|c|☆Seris03|sounds good to me
|c|☆TalonMasterJ|And I wish your friend luck at the event they're playing at
|c|☆Seris03|thanks
