|j|☆ToastedArt
|j|☆Jakejamhon
|html|ToastedArtJakejamhon    
|uhtml|bestof|Game 1 of a best-of-3
|t:|1785968086
|gametype|doubles
|player|p1|ToastedArt|iris|1019
|player|p2|Jakejamhon|whitney|1000
|gen|9
|tier|[Gen 9 Champions] VGC 2026 Reg M-B (Bo3)
|rated|
|rule|Species Clause: Limit one of each Pokémon
|rule|Item Clause: Limit 1 of each item
|clearpoke
|poke|p1|Staraptor, L50, F|
|poke|p1|Whimsicott, L50, F|
|poke|p1|Gholdengo, L50|
|poke|p1|Sinistcha, L50|
|poke|p1|Arcanine-Hisui, L50, F|
|poke|p1|Zoroark-Hisui, L50, M|
|poke|p2|Gliscor, L50, M, shiny|
|poke|p2|Archaludon, L50, F|
|poke|p2|Gengar, L50, F, shiny|
|poke|p2|Corviknight, L50, M|
|poke|p2|Snorlax, L50, F|
|poke|p2|Runerigus, L50, F, shiny|
|teampreview|4
|showteam|p1|Staraptor||Staraptite|Intimidate|CloseCombat,BraveBird,Roost,Protect|Jolly||F|||50|]Whimsicott||OccaBerry|Prankster|Encore,Tailwind,Charm,Moonblast|Timid||F|||50|]Gholdengo||LifeOrb|GoodasGold|MakeItRain,ShadowBall,NastyPlot,Protect|Modest|||||50|]Sinistcha||ColburBerry|Hospitality|MatchaGotcha,RagePowder,TrickRoom,Protect|Relaxed|||||50|]Arcanine-Hisui||FocusSash|RockHead|FlareBlitz,HeadSmash,ExtremeSpeed,Protect|Jolly||F|||50|]Zoroark-Hisui||SpellTag|Illusion|ShadowBall,IcyWind,WillOWisp,FakeTears|Timid||M|||50|
|showteam|p2|Gliscor||MentalHerb|SandVeil|Protect,Toxic,StealthRock,Bulldoze|Careful||M|||50|]Archaludon||ChoiceScarf|Stamina|DracoMeteor,ThunderWave,FlashCannon,Thunderbolt|Timid||F|||50|]Gengar||Gengarite|CursedBody|Protect,PerishSong,DestinyBond,ShadowBall|Timid||F|||50|]Corviknight||SitrusBerry|Pressure|Roost,BodyPress,IronDefense,BraveBird|Impish||M|||50|]Snorlax||Leftovers|Immunity|Rest,Curse,BodySlam,Crunch|Careful||F|||50|]Runerigus||ExpertBelt|WanderingSpirit|Poltergeist,StealthRock,Earthquake,BodyPress|Impish||F|||50|
|inactive|Battle timer is ON: inactive players will automatically lose when time's up. (requested by ToastedArt)
|inactive|ToastedArt has 60 seconds left.
|
|t:|1785968125
|teamsize|p1|4
|teamsize|p2|4
|start
|switch|p1a: Staraptor|Staraptor, L50, F|100/100
|switch|p1b: Gholdengo|Gholdengo, L50|100/100
|switch|p2a: Carlos|Gengar, L50, F, shiny|100/100
|switch|p2b: Haram|Gliscor, L50, M, shiny|100/100
|-ability|p1a: Staraptor|Intimidate|boost
|-unboost|p2a: Carlos|atk|1
|-unboost|p2b: Haram|atk|1
|turn|1
|inactive|ToastedArt has 30 seconds left.
|
|t:|1785968156
|switch|p1a: Gholdengo|Gholdengo, L50|100/100
|detailschange|p2a: Carlos|Gengar-Mega, L50, F, shiny
|-mega|p2a: Carlos|Gengar|Gengarite
|move|p2a: Carlos|Perish Song|p2a: Carlos
|-immune|p1a: Gholdengo|[from] ability: Good as Gold
|-start|p1b: Gholdengo|perish3|[silent]
|-start|p2a: Carlos|perish3|[silent]
|-start|p2b: Haram|perish3|[silent]
|-fieldactivate|move: Perish Song
|move|p1b: Gholdengo|Shadow Ball|p2a: Carlos
|-supereffective|p2a: Carlos|1
|-damage|p2a: Carlos|0 fnt
|faint|p2a: Carlos
|move|p2b: Haram|Stealth Rock|p1b: Gholdengo
|-sidestart|p1: ToastedArt|move: Stealth Rock
|
|-start|p1b: Gholdengo|perish3
|-start|p2b: Haram|perish3
|upkeep
|
|t:|1785968171
|switch|p2a: Wallahi|Snorlax, L50, F|100/100
|turn|2
|
|t:|1785968182
|switch|p1b: Pickle Cup|Sinistcha, L50|100/100
|-damage|p1b: Pickle Cup|87/100|[from] Stealth Rock
|move|p1a: Gholdengo|Nasty Plot|p1a: Gholdengo
|-boost|p1a: Gholdengo|spa|2
|move|p2b: Haram|Bulldoze|p1a: Gholdengo|[spread] p2a,p1a,p1b
|-supereffective|p1a: Gholdengo|1
|-resisted|p1b: Pickle Cup|1
|-damage|p2a: Wallahi|91/100
|-damage|p1a: Gholdengo|79/100
|-damage|p1b: Pickle Cup|83/100
|-unboost|p2a: Wallahi|spe|1
|-unboost|p1a: Gholdengo|spe|1
|-unboost|p1b: Pickle Cup|spe|1
|move|p2a: Wallahi|Curse|p2a: Wallahi
|-unboost|p2a: Wallahi|spe|1
|-boost|p2a: Wallahi|atk|1
|-boost|p2a: Wallahi|def|1
|
|-heal|p2a: Wallahi|97/100|[from] item: Leftovers
|-start|p2b: Haram|perish2
|upkeep
|turn|3
|
|t:|1785968204
|move|p1b: Pickle Cup|Rage Powder|p1b: Pickle Cup
|-singleturn|p1b: Pickle Cup|move: Rage Powder
|move|p2b: Haram|Stealth Rock||[still]
|-fail|p2b: Haram
|move|p1a: Gholdengo|Nasty Plot|p1a: Gholdengo
|-boost|p1a: Gholdengo|spa|2
|move|p2a: Wallahi|Crunch|p1b: Pickle Cup
|-supereffective|p1b: Pickle Cup|1
|-enditem|p1b: Pickle Cup|Colbur Berry|[eat]
|-enditem|p1b: Pickle Cup|Colbur Berry|[weaken]
|-damage|p1b: Pickle Cup|58/100
|
|-heal|p2a: Wallahi|100/100|[from] item: Leftovers
|-start|p2b: Haram|perish1
|upkeep
|turn|4
|
|t:|1785968221
|switch|p2b: Inshallah|Corviknight, L50, M|100/100
|-ability|p2b: Inshallah|Pressure
|move|p1b: Pickle Cup|Rage Powder|p1b: Pickle Cup
|-singleturn|p1b: Pickle Cup|move: Rage Powder
|move|p1a: Gholdengo|Nasty Plot|p1a: Gholdengo
|-boost|p1a: Gholdengo|spa|2
|move|p2a: Wallahi|Crunch|p1b: Pickle Cup
|-supereffective|p1b: Pickle Cup|1
|-damage|p1b: Pickle Cup|5/100
|
|upkeep
|turn|5
|
|t:|1785968238
|move|p1b: Pickle Cup|Rage Powder|p1b: Pickle Cup
|-singleturn|p1b: Pickle Cup|move: Rage Powder
|move|p1a: Gholdengo|Make It Rain|p2b: Inshallah|[spread] p2a,p2b
|-resisted|p2b: Inshallah|1
|-damage|p2a: Wallahi|0 fnt
|-damage|p2b: Inshallah|0 fnt
|-unboost|p1a: Gholdengo|spa|2
|faint|p2a: Wallahi
|faint|p2b: Inshallah
|-damage|p1a: Gholdengo|70/100|[from] item: Life Orb
|
|upkeep
|
|t:|1785968256
|switch|p2b: Haram|Gliscor, L50, M, shiny|100/100
|turn|6
|
|t:|1785968268
|move|p1b: Pickle Cup|Rage Powder|p1b: Pickle Cup
|-singleturn|p1b: Pickle Cup|move: Rage Powder
|move|p2b: Haram|Bulldoze|p1b: Pickle Cup|[spread] p1a,p1b
|-supereffective|p1a: Gholdengo|1
|-resisted|p1b: Pickle Cup|1
|-damage|p1a: Gholdengo|36/100
|-damage|p1b: Pickle Cup|0 fnt
|-unboost|p1a: Gholdengo|spe|1
|faint|p1b: Pickle Cup
|move|p1a: Gholdengo|Shadow Ball|p2b: Haram
|-damage|p2b: Haram|0 fnt
|faint|p2b: Haram
|-damage|p1a: Gholdengo|27/100|[from] item: Life Orb
|
|win|ToastedArt
