|j|☆pfizerlordozai
|j|☆Goobertator
|html|pfizerlordozaiGoobertator    
|uhtml|bestof|Game 3 of a best-of-3
|t:|1756603714
|gametype|doubles
|player|p1|pfizerlordozai|bruno|
|player|p2|Goobertator|swimmer-gen4dp|
|gen|9
|tier|[Gen 9] VGC 2025 Reg H (Bo3)
|rule|Species Clause: Limit one of each Pokémon
|rule|Item Clause: Limit 1 of each item
|clearpoke
|poke|p1|Pelipper, L50, F|
|poke|p1|Archaludon, L50, F|
|poke|p1|Ursaluna, L50, M|
|poke|p1|Sinistcha, L50|
|poke|p1|Incineroar, L50, F|
|poke|p1|Sneasler, L50, F|
|poke|p2|Tyranitar, L50, M|
|poke|p2|Garchomp, L50, M|
|poke|p2|Gholdengo, L50|
|poke|p2|Chandelure, L50, F|
|poke|p2|Dragapult, L50, M|
|poke|p2|Amoonguss, L50, F|
|teampreview|4
|showteam|p1|Pelipper||CovertCloak|Drizzle|WeatherBall,Hurricane,Tailwind,Protect|||F|||50|,,,,,Fairy]Archaludon||PowerHerb|Sturdy|ElectroShot,DragonPulse,FlashCannon,Protect|||F|||50|,,,,,Electric]Ursaluna||FlameOrb|Guts|Facade,HeadlongRush,Earthquake,Protect|||M|||50|,,,,,Ghost]Sinistcha||SitrusBerry|Hospitality|MatchaGotcha,ShadowBall,TrickRoom,RagePowder||||||50|,,,,,Dark]Incineroar||AssaultVest|Intimidate|FlareBlitz,KnockOff,Uturn,FakeOut|||F|||50|,,,,,Grass]Sneasler||FocusSash|Unburden|FakeOut,CloseCombat,DireClaw,Protect|||F|||50|,,,,,Ghost
|showteam|p2|Tyranitar||AssaultVest|SandStream|RockSlide,KnockOff,TeraBlast,LowKick|||M|||50|,,,,,Flying]Garchomp||LifeOrb|RoughSkin|StompingTantrum,DragonClaw,SwordsDance,Protect|||M|||50|,,,,,Fire]Gholdengo||ChoiceSpecs|GoodasGold|MakeItRain,ShadowBall,Trick,Psychic||||||50|,,,,,Steel]Chandelure||ChoiceScarf|FlameBody|HeatWave,ShadowBall,Psychic,Trick|||F|||50|,,,,,Dark]Dragapult||ChoiceBand|ClearBody|DragonDarts,SuckerPunch,Uturn,PhantomForce|||M|||50|,,,,,Dragon]Amoonguss||RockyHelmet|Regenerator|Spore,RagePowder,ClearSmog,PollenPuff|||F|||50|,,,,,Water
|
|t:|1756603773
|teamsize|p1|4
|teamsize|p2|4
|start
|switch|p1a: Incineroar|Incineroar, L50, F|100/100
|switch|p1b: Archaludon|Archaludon, L50, F|100/100
|switch|p2a: Gholdengo|Gholdengo, L50|100/100
|switch|p2b: Amoonguss|Amoonguss, L50, F|100/100
|-ability|p1a: Incineroar|Intimidate|boost
|-unboost|p2a: Gholdengo|atk|1
|-unboost|p2b: Amoonguss|atk|1
|turn|1
|
|t:|1756603811
|switch|p2b: Tyranitar|Tyranitar, L50, M|100/100
|-weather|Sandstorm|[from] ability: Sand Stream|[of] p2b: Tyranitar
|-terastallize|p1b: Archaludon|Electric
|move|p1a: Incineroar|Fake Out|p2b: Tyranitar
|-resisted|p2b: Tyranitar
|-damage|p2b: Tyranitar|97/100
|move|p1b: Archaludon|Electro Shot||[still]
|-prepare|p1b: Archaludon|Electro Shot
|-boost|p1b: Archaludon|spa|1
|-enditem|p1b: Archaludon|Power Herb
|-anim|p1b: Archaludon|Electro Shot|p2a: Gholdengo
|-damage|p2a: Gholdengo|0 fnt
|faint|p2a: Gholdengo
|
|-weather|Sandstorm|[upkeep]
|-damage|p1b: Archaludon|94/100|[from] Sandstorm
|-damage|p1a: Incineroar|94/100|[from] Sandstorm
|upkeep
|
|t:|1756603830
|switch|p2a: Amoonguss|Amoonguss, L50, F|100/100
|turn|2
|c|☆Goobertator|That’s a fast bridge!
|
|t:|1756603891
|move|p1b: Archaludon|Dragon Pulse|p2a: Amoonguss
|-damage|p2a: Amoonguss|46/100
|move|p1a: Incineroar|U-turn|p2a: Amoonguss
|-damage|p2a: Amoonguss|30/100
|-damage|p1a: Incineroar|78/100|[from] item: Rocky Helmet|[of] p2a: Amoonguss
|
|t:|1756603897
|switch|p1a: Pelipper|Pelipper, L50, F|100/100|[from] U-turn
|-weather|RainDance|[from] ability: Drizzle|[of] p1a: Pelipper
|move|p2b: Tyranitar|Rock Slide|p1b: Archaludon|[spread] p1a,p1b
|-supereffective|p1a: Pelipper
|-damage|p1a: Pelipper|37/100
|-damage|p1b: Archaludon|71/100
|move|p2a: Amoonguss|Clear Smog|p1b: Archaludon
|-damage|p1b: Archaludon|45/100
|-clearboost|p1b: Archaludon
|
|-weather|RainDance|[upkeep]
|upkeep
|turn|3
|
|t:|1756603925
|move|p2a: Amoonguss|Rage Powder|p2a: Amoonguss
|-singleturn|p2a: Amoonguss|move: Rage Powder
|move|p1b: Archaludon|Electro Shot||[still]
|-prepare|p1b: Archaludon|Electro Shot
|-boost|p1b: Archaludon|spa|1
|-anim|p1b: Archaludon|Electro Shot|p2a: Amoonguss
|-resisted|p2a: Amoonguss
|-damage|p2a: Amoonguss|0 fnt
|faint|p2a: Amoonguss
|move|p1a: Pelipper|Tailwind|p1a: Pelipper
|-sidestart|p1: pfizerlordozai|move: Tailwind
|move|p2b: Tyranitar|Rock Slide|p1a: Pelipper|[spread] p1a,p1b
|-supereffective|p1a: Pelipper
|-crit|p1a: Pelipper
|-damage|p1a: Pelipper|0 fnt
|-damage|p1b: Archaludon|21/100
|faint|p1a: Pelipper
|
|-weather|RainDance|[upkeep]
|upkeep
|
|t:|1756603946
|switch|p1a: Ursaluna|Ursaluna, L50, M|100/100
|switch|p2a: Dragapult|Dragapult, L50, M|100/100
|turn|4
|
|t:|1756603977
|move|p1a: Ursaluna|Protect|p1a: Ursaluna
|-singleturn|p1a: Ursaluna|Protect
|move|p2a: Dragapult|Sucker Punch|p1b: Archaludon
|-crit|p1b: Archaludon
|-damage|p1b: Archaludon|0 fnt
|faint|p1b: Archaludon
|move|p2b: Tyranitar|Rock Slide|p1a: Ursaluna
|-activate|p1a: Ursaluna|move: Protect
|
|-weather|RainDance|[upkeep]
|-status|p1a: Ursaluna|brn|[from] item: Flame Orb
|upkeep
|
|t:|1756603984
|switch|p1b: Incineroar|Incineroar, L50, F|78/100
|-ability|p1b: Incineroar|Intimidate|boost
|-fail|p2a: Dragapult|unboost|[from] ability: Clear Body|[of] p2a: Dragapult
|-unboost|p2b: Tyranitar|atk|1
|turn|5
|
|t:|1756604036
|-terastallize|p2b: Tyranitar|Flying
|move|p1b: Incineroar|Fake Out|p2b: Tyranitar
|-damage|p2b: Tyranitar|88/100
|move|p2a: Dragapult|Sucker Punch|p1a: Ursaluna
|-damage|p1a: Ursaluna|75/100 brn
|move|p1a: Ursaluna|Facade|p2b: Tyranitar
|-damage|p2b: Tyranitar|2/100
|cant|p2b: Tyranitar|flinch
|
|-weather|RainDance|[upkeep]
|-damage|p1a: Ursaluna|69/100 brn|[from] brn
|upkeep
|turn|6
|
|t:|1756604093
|move|p2a: Dragapult|Sucker Punch|p1a: Ursaluna
|-damage|p1a: Ursaluna|43/100 brn
|move|p1b: Incineroar|Knock Off|p2b: Tyranitar
|-damage|p2b: Tyranitar|0 fnt
|-enditem|p2b: Tyranitar|Assault Vest|[from] move: Knock Off|[of] p1b: Incineroar
|faint|p2b: Tyranitar
|move|p1a: Ursaluna|Headlong Rush|p2a: Dragapult
|-damage|p2a: Dragapult|0 fnt
|-unboost|p1a: Ursaluna|def|1
|-unboost|p1a: Ursaluna|spd|1
|faint|p2a: Dragapult
|
|win|pfizerlordozai
|c|☆pfizerlordozai|gg
|c|☆Goobertator|GG!
|c|☆pfizerlordozai|fun one
|c|☆pfizerlordozai|teams sick
|l|☆Goobertator
|player|p2|
