|j|☆luckstat10
|j|☆Volanr
|html|luckstat10Volanr    
|uhtml|bestof|Game 1 of a best-of-3
|t:|1757694972
|gametype|doubles
|player|p1|luckstat10|265|1225
|player|p2|Volanr|cynthia-masters3|1347
|gen|9
|tier|[Gen 9] VGC 2025 Reg H (Bo3)
|rated|
|rule|Species Clause: Limit one of each Pokémon
|rule|Item Clause: Limit 1 of each item
|clearpoke
|poke|p1|Whimsicott, L50, F|
|poke|p1|Typhlosion-Hisui, L50, M|
|poke|p1|Indeedee, L50, M|
|poke|p1|Sneasler, L50, F|
|poke|p1|Dragapult, L50, F|
|poke|p1|Venusaur, L50, M|
|poke|p2|Archaludon, L50, M|
|poke|p2|Sinistcha-Masterpiece, L50|
|poke|p2|Dragonite, L50, M|
|poke|p2|Pelipper, L50, M|
|poke|p2|Ursaluna, L50, M|
|poke|p2|Gholdengo, L50|
|teampreview|4
|showteam|p1|Whimsicott||CovertCloak|Prankster|Tailwind,SunnyDay,Encore,Moonblast|||F|||50|,,,,,Fire]Typhlosion-Hisui||ChoiceScarf|Blaze|Eruption,HeatWave,ShadowBall,Flamethrower|||M|||50|,,,,,Fire]Indeedee||FocusSash|PsychicSurge|ExpandingForce,Imprison,TrickRoom,Protect|||M|||50|,,,,,Psychic]Sneasler||PsychicSeed|Unburden|DireClaw,CloseCombat,ThroatChop,Protect|||F|||50|,,,,,Dark]Dragapult||ChoiceBand|ClearBody|DragonDarts,PhantomForce,TeraBlast,Uturn|||F|||50|,,,,,Fighting]Venusaur||MiracleSeed|Chlorophyll|EnergyBall,SludgeBomb,EarthPower,Protect|||M|||50|,,,,,Fire
|showteam|p2|Archaludon||AssaultVest|Stamina|BodyPress,Snarl,ElectroShot,FlashCannon|||M|||50|,,,,,Fighting]Sinistcha-Masterpiece||SitrusBerry|Hospitality|MatchaGotcha,RagePowder,TrickRoom,LifeDew||||||50|,,,,,Dark]Dragonite||LoadedDice|Multiscale|ScaleShot,Protect,Tailwind,Haze|||M|||50|,,,,,Steel]Pelipper||FocusSash|Drizzle|MuddyWater,Hurricane,Tailwind,Protect|||M|||50|,,,,,Ghost]Ursaluna||FlameOrb|Guts|Facade,HeadlongRush,Earthquake,Protect|||M|||50|,,,,,Ghost]Gholdengo||ChoiceScarf|GoodasGold|MakeItRain,TeraBlast,ShadowBall,Trick||||||50|,,,,,Water
|
|t:|1757695032
|teamsize|p1|4
|teamsize|p2|4
|start
|switch|p1a: Whimsicott|Whimsicott, L50, F, shiny|100/100
|switch|p1b: Typhlosion|Typhlosion-Hisui, L50, M, shiny|100/100
|switch|p2a: Gholdengo|Gholdengo, L50|100/100
|switch|p2b: Dragonite|Dragonite, L50, M|100/100
|turn|1
|
|t:|1757695076
|-terastallize|p2a: Gholdengo|Water
|-terastallize|p1a: Whimsicott|Fire
|move|p1b: Typhlosion|Heat Wave|p2b: Dragonite|[spread] p2a
|-miss|p1b: Typhlosion|p2b: Dragonite
|-resisted|p2a: Gholdengo
|-damage|p2a: Gholdengo|80/100
|move|p2a: Gholdengo|Make It Rain|p1b: Typhlosion|[spread] p1a,p1b
|-resisted|p1a: Whimsicott
|-resisted|p1b: Typhlosion
|-damage|p1a: Whimsicott|59/100
|-damage|p1b: Typhlosion|62/100
|-unboost|p2a: Gholdengo|spa|1
|move|p1a: Whimsicott|Moonblast|p2b: Dragonite
|-supereffective|p2b: Dragonite
|-damage|p2b: Dragonite|57/100
|move|p2b: Dragonite|Tailwind|p2b: Dragonite
|-sidestart|p2: Volanr|move: Tailwind
|
|upkeep
|turn|2
|
|t:|1757695099
|switch|p2b: Pelipper|Pelipper, L50, M|100/100
|-weather|RainDance|[from] ability: Drizzle|[of] p2b: Pelipper
|move|p1a: Whimsicott|Encore||[still]
|-fail|p1a: Whimsicott
|move|p2a: Gholdengo|Make It Rain|p1b: Typhlosion|[spread] p1a,p1b
|-resisted|p1a: Whimsicott
|-resisted|p1b: Typhlosion
|-damage|p1a: Whimsicott|28/100
|-damage|p1b: Typhlosion|38/100
|-unboost|p2a: Gholdengo|spa|1
|move|p1b: Typhlosion|Heat Wave|p2b: Pelipper|[spread] p2a,p2b
|-resisted|p2a: Gholdengo
|-resisted|p2b: Pelipper
|-damage|p2a: Gholdengo|68/100
|-damage|p2b: Pelipper|84/100
|-status|p2b: Pelipper|brn
|
|-weather|RainDance|[upkeep]
|-damage|p2b: Pelipper|78/100 brn|[from] brn
|upkeep
|turn|3
|
|t:|1757695114
|move|p1a: Whimsicott|Sunny Day|p1a: Whimsicott
|-weather|SunnyDay
|move|p2a: Gholdengo|Make It Rain|p1a: Whimsicott|[spread] p1a,p1b
|-resisted|p1a: Whimsicott
|-resisted|p1b: Typhlosion
|-damage|p1a: Whimsicott|7/100
|-damage|p1b: Typhlosion|20/100
|-unboost|p2a: Gholdengo|spa|1
|move|p2b: Pelipper|Muddy Water|p1a: Whimsicott|[spread] p1a,p1b
|-supereffective|p1a: Whimsicott
|-supereffective|p1b: Typhlosion
|-damage|p1a: Whimsicott|0 fnt
|-damage|p1b: Typhlosion|0 fnt
|faint|p1a: Whimsicott
|faint|p1b: Typhlosion
|
|-weather|SunnyDay|[upkeep]
|-damage|p2b: Pelipper|72/100 brn|[from] brn
|upkeep
|
|t:|1757695126
|switch|p1a: Sneasler|Sneasler, L50, F|100/100
|switch|p1b: Venusaur|Venusaur, L50, M|100/100
|turn|4
|
|t:|1757695136
|switch|p2b: Dragonite|Dragonite, L50, M|57/100
|move|p2a: Gholdengo|Make It Rain|p1b: Venusaur|[spread] p1a,p1b
|-crit|p1a: Sneasler
|-damage|p1a: Sneasler|0 fnt
|-damage|p1b: Venusaur|79/100
|-unboost|p2a: Gholdengo|spa|1
|faint|p1a: Sneasler
|move|p1b: Venusaur|Energy Ball|p2a: Gholdengo
|-supereffective|p2a: Gholdengo
|-damage|p2a: Gholdengo|0 fnt
|faint|p2a: Gholdengo
|
|-weather|SunnyDay|[upkeep]
|-sideend|p2: Volanr|move: Tailwind
|upkeep
|
|t:|1757695150
|switch|p2a: Pelipper|Pelipper, L50, M|72/100 brn
|-weather|RainDance|[from] ability: Drizzle|[of] p2a: Pelipper
|turn|5
|
|t:|1757695160
|move|p2b: Dragonite|Scale Shot|p1b: Venusaur
|-damage|p1b: Venusaur|59/100
|-damage|p1b: Venusaur|40/100
|-damage|p1b: Venusaur|22/100
|-damage|p1b: Venusaur|2/100
|-hitcount|p1b: Venusaur|4
|-unboost|p2b: Dragonite|def|1
|-boost|p2b: Dragonite|spe|1
|move|p1b: Venusaur|Sludge Bomb|p2b: Dragonite
|-crit|p2b: Dragonite
|-damage|p2b: Dragonite|0 fnt
|faint|p2b: Dragonite
|move|p2a: Pelipper|Hurricane|p1b: Venusaur
|-supereffective|p1b: Venusaur
|-damage|p1b: Venusaur|0 fnt
|faint|p1b: Venusaur
|
|win|Volanr
||Volanr is ready for game 2.
||luckstat10 is ready for game 2.
|uhtml|next|Next: Game 2 of 3
