|j|☆MushyMia727
|j|☆Biefue
|html|MushyMia727Biefue    
|uhtml|bestof|Game 1 of a best-of-3
|t:|1757713856
|gametype|doubles
|player|p1|MushyMia727|170|1021
|player|p2|Biefue|1|1040
|gen|9
|tier|[Gen 9] VGC 2025 Reg H (Bo3)
|rated|
|rule|Species Clause: Limit one of each Pokémon
|rule|Item Clause: Limit 1 of each item
|clearpoke
|poke|p1|Gholdengo, L50|
|poke|p1|Rillaboom, L50, M|
|poke|p1|Incineroar, L50, M|
|poke|p1|Primarina, L50, F|
|poke|p1|Vivillon-Icy Snow, L50, F|
|poke|p1|Dragapult, L50, F|
|poke|p2|Whimsicott, L50, F|
|poke|p2|Blaziken, L50, M|
|poke|p2|Gholdengo, L50|
|poke|p2|Dragonite, L50, M|
|poke|p2|Sneasler, L50, F|
|poke|p2|Incineroar, L50, M|
|teampreview|4
|showteam|p1|Gholdengo||LifeOrb|GoodasGold|Protect,MakeItRain,ShadowBall,NastyPlot||||||50|,,,,,Steel]Rillaboom||AssaultVest|GrassySurge|WoodHammer,GrassyGlide,Uturn,FakeOut|||M|||50|,,,,,Fire]Incineroar||SafetyGoggles|Intimidate|KnockOff,FlareBlitz,PartingShot,FakeOut|||M|||50|,,,,,Poison]Primarina||Leftovers|LiquidVoice|Protect,HyperVoice,Moonblast,CalmMind|||F|||50|,,,,,Steel]Vivillon-Icy Snow||FocusSash|FriendGuard|Protect,PollenPuff,RagePowder,Tailwind|||F|||50|,,,,,Ghost]Dragapult||ChoiceBand|ClearBody|DragonDarts,PhantomForce,SuckerPunch,Uturn|||F|||50|,,,,,Dragon
|showteam|p2|Whimsicott||SitrusBerry|Prankster|EnergyBall,Tailwind,Encore,LeechSeed|||F|||50|,,,,,Fire]Blaziken||ChoiceBand|SpeedBoost|Coaching,FlareBlitz,KnockOff,Protect|||M|||50|,,,,,Fire]Gholdengo||AirBalloon|GoodasGold|ShadowBall,DazzlingGleam,NastyPlot,MakeItRain||||||50|,,,,,Fairy]Dragonite||LoadedDice|Multiscale|ExtremeSpeed,Earthquake,ScaleShot,Protect|||M|||50|,,,,,Normal]Sneasler||LifeOrb|PoisonTouch|DireClaw,CloseCombat,FakeOut,ShadowBall|||F|||50|,,,,,Fighting]Incineroar||SafetyGoggles|Intimidate|KnockOff,PartingShot,FakeOut,FlareBlitz|||M|||50|,,,,,Fire
|
|t:|1757713918
|teamsize|p1|4
|teamsize|p2|4
|start
|switch|p1a: Gholdengo|Gholdengo, L50|100/100
|switch|p1b: Vivillon|Vivillon-Icy Snow, L50, F|100/100
|switch|p2a: Whimsicott|Whimsicott, L50, F|100/100
|switch|p2b: Blaziken|Blaziken, L50, M|100/100
|turn|1
|
|t:|1757713948
|move|p1b: Vivillon|Rage Powder|p1b: Vivillon
|-singleturn|p1b: Vivillon|move: Rage Powder
|move|p2a: Whimsicott|Tailwind|p2a: Whimsicott
|-sidestart|p2: Biefue|move: Tailwind
|move|p2b: Blaziken|Flare Blitz|p1b: Vivillon
|-supereffective|p1b: Vivillon
|-enditem|p1b: Vivillon|Focus Sash
|-damage|p1b: Vivillon|1/100
|-damage|p2b: Blaziken|68/100|[from] Recoil
|move|p1a: Gholdengo|Nasty Plot|p1a: Gholdengo
|-boost|p1a: Gholdengo|spa|2
|
|-ability|p2b: Blaziken|Speed Boost|boost
|-boost|p2b: Blaziken|spe|1
|upkeep
|turn|2
|
|t:|1757713973
|-terastallize|p1a: Gholdengo|Steel
|move|p1b: Vivillon|Protect|p1b: Vivillon
|-singleturn|p1b: Vivillon|Protect
|move|p2b: Blaziken|Flare Blitz|p1a: Gholdengo
|-supereffective|p1a: Gholdengo
|-damage|p1a: Gholdengo|0 fnt
|faint|p1a: Gholdengo
|-damage|p2b: Blaziken|33/100|[from] Recoil
|move|p2a: Whimsicott|Energy Ball|p1b: Vivillon
|-activate|p1b: Vivillon|move: Protect
|
|-ability|p2b: Blaziken|Speed Boost|boost
|-boost|p2b: Blaziken|spe|1
|upkeep
|
|t:|1757713990
|switch|p1a: Primarina|Primarina, L50, F|100/100
|turn|3
|
|t:|1757714001
|move|p2b: Blaziken|Flare Blitz|p1b: Vivillon
|-supereffective|p1b: Vivillon
|-damage|p1b: Vivillon|0 fnt
|faint|p1b: Vivillon
|-damage|p2b: Blaziken|32/100|[from] Recoil
|move|p2a: Whimsicott|Energy Ball|p1a: Primarina
|-supereffective|p1a: Primarina
|-damage|p1a: Primarina|56/100
|move|p1a: Primarina|Hyper Voice|p2b: Blaziken|[spread] p2a,p2b
|-resisted|p2a: Whimsicott
|-supereffective|p2b: Blaziken
|-damage|p2a: Whimsicott|77/100
|-damage|p2b: Blaziken|0 fnt
|faint|p2b: Blaziken
|
|-heal|p1a: Primarina|62/100|[from] item: Leftovers
|upkeep
|
|t:|1757714014
|switch|p1b: Cadbury|Rillaboom, L50, M|100/100
|switch|p2b: Sneasler|Sneasler, L50, F|100/100
|-fieldstart|move: Grassy Terrain|[from] ability: Grassy Surge|[of] p1b: Cadbury
|turn|4
|
|t:|1757714029
|move|p2b: Sneasler|Fake Out|p1b: Cadbury
|-damage|p1b: Cadbury|84/100
|-damage|p2b: Sneasler|91/100|[from] item: Life Orb
|cant|p1b: Cadbury|flinch
|move|p2a: Whimsicott|Leech Seed|p1a: Primarina
|-start|p1a: Primarina|move: Leech Seed
|move|p1a: Primarina|Moonblast|p2b: Sneasler
|-damage|p2b: Sneasler|15/100
|
|-heal|p2b: Sneasler|21/100|[from] Grassy Terrain
|-heal|p2a: Whimsicott|83/100|[from] Grassy Terrain
|-heal|p1b: Cadbury|89/100|[from] Grassy Terrain
|-heal|p1a: Primarina|68/100|[from] Grassy Terrain
|-heal|p1a: Primarina|74/100|[from] item: Leftovers
|-damage|p1a: Primarina|62/100|[from] Leech Seed|[of] p2a: Whimsicott
|-heal|p2a: Whimsicott|96/100|[silent]
|-sideend|p2: Biefue|move: Tailwind
|upkeep
|turn|5
|
|t:|1757714045
|move|p1a: Primarina|Protect|p1a: Primarina
|-singleturn|p1a: Primarina|Protect
|move|p2a: Whimsicott|Tailwind|p2a: Whimsicott
|-sidestart|p2: Biefue|move: Tailwind
|move|p1b: Cadbury|Grassy Glide|p2b: Sneasler
|-resisted|p2b: Sneasler
|-damage|p2b: Sneasler|0 fnt
|faint|p2b: Sneasler
|
|-heal|p2a: Whimsicott|100/100|[from] Grassy Terrain
|-heal|p1b: Cadbury|95/100|[from] Grassy Terrain
|-heal|p1a: Primarina|68/100|[from] Grassy Terrain
|-heal|p1a: Primarina|74/100|[from] item: Leftovers
|-damage|p1a: Primarina|61/100|[from] Leech Seed|[of] p2a: Whimsicott
|upkeep
|
|t:|1757714058
|switch|p2b: Gholdengo|Gholdengo, L50|100/100
|-item|p2b: Gholdengo|Air Balloon
|turn|6
|
|t:|1757714084
|move|p2a: Whimsicott|Energy Ball|p1a: Primarina
|-supereffective|p1a: Primarina
|-damage|p1a: Primarina|0 fnt
|faint|p1a: Primarina
|move|p2b: Gholdengo|Make It Rain|p1b: Cadbury
|-damage|p1b: Cadbury|58/100
|-unboost|p2b: Gholdengo|spa|1
|move|p1b: Cadbury|Wood Hammer|p2b: Gholdengo
|-resisted|p2b: Gholdengo
|-damage|p2b: Gholdengo|71/100
|-enditem|p2b: Gholdengo|Air Balloon
|-damage|p1b: Cadbury|49/100|[from] Recoil
|
|-heal|p2b: Gholdengo|77/100|[from] Grassy Terrain
|-heal|p1b: Cadbury|55/100|[from] Grassy Terrain
|upkeep
|turn|7
|-message|MushyMia727 forfeited.
|
|win|Biefue
|l|☆MushyMia727
|player|p1|
||Biefue is ready for game 2.
|inactive|MushyMia727 has 30 seconds to confirm battle start!
|inactive|MushyMia727 has 20 seconds to confirm battle start!
|inactive|MushyMia727 has 10 seconds to confirm battle start!
|uhtml|next|Next: Game 2 of 3
