|j|☆buf38 zorrogafas
|j|☆jchase42
|html|buf38 zorrogafasjchase42    
|uhtml|bestof|Game 2 of a best-of-3
|t:|1756335745
|gametype|doubles
|player|p1|buf38 zorrogafas|ghetsis-gen5bw|1160
|player|p2|jchase42|hiker-gen4|1080
|gen|9
|tier|[Gen 9] VGC 2025 Reg H (Bo3)
|rated|
|rule|Species Clause: Limit one of each Pokémon
|rule|Item Clause: Limit 1 of each item
|clearpoke
|poke|p1|Primarina, L50, M|
|poke|p1|Kingambit, L50, F|
|poke|p1|Zoroark-Hisui, L50, M|
|poke|p1|Rillaboom, L50, F|
|poke|p1|Grimmsnarl, L50, M|
|poke|p1|Volcarona, L50, M|
|poke|p2|Indeedee-F, L50, F|
|poke|p2|Torkoal, L50, M|
|poke|p2|Gallade, L50, M|
|poke|p2|Hatterene, L50, F|
|poke|p2|Maushold-Four, L50|
|poke|p2|Sinistcha, L50|
|teampreview|4
|showteam|p1|Primarina||ThroatSpray|LiquidVoice|HyperVoice,Moonblast,CalmMind,Protect|||M|||50|,,,,,Fire]Kingambit||BlackGlasses|Defiant|SuckerPunch,KowtowCleave,SwordsDance,Protect|||F|||50|,,,,,Dark]Zoroark-Hisui||FocusSash|Illusion|ShadowBall,HyperVoice,Taunt,WillOWisp|||M|||50|,,,,,Normal]Rillaboom||AssaultVest|GrassySurge|GrassyGlide,WoodHammer,FakeOut,HighHorsepower|||F|||50|,,,,,Fire]Grimmsnarl||LightClay|Prankster|SpiritBreak,Reflect,LightScreen,ThunderWave|||M|||50|,,,,,Ghost]Volcarona||Leftovers|FlameBody|Flamethrower,Protect,GigaDrain,QuiverDance|||M|||50|,,,,,Grass
|showteam|p2|Indeedee-F||PsychicSeed|PsychicSurge|Psychic,FollowMe,HelpingHand,TrickRoom|||F|||50|,,,,,Grass]Torkoal||ChoiceSpecs|Drought|Eruption,HeatWave,WeatherBall,EarthPower|||M|||50|,,,,,Fire]Gallade||ClearAmulet|Sharpness|PsychoCut,SacredSword,WideGuard,TrickRoom|||M|||50|,,,,,Grass]Hatterene||CovertCloak|MagicBounce|ExpandingForce,DazzlingGleam,Protect,TrickRoom|||F|||50|,,,,,Fire]Maushold-Four||WideLens|Technician|PopulationBomb,Taunt,FollowMe,Protect||||||50|,,,,,Fire]Sinistcha||SitrusBerry|Hospitality|MatchaGotcha,ShadowBall,RagePowder,TrickRoom||||||50|,,,,,Fairy
|
|t:|1756335764
|teamsize|p1|4
|teamsize|p2|4
|start
|switch|p1a: Kingambit|Kingambit, L50, F, shiny|100/100
|switch|p1b: Grimmsnarl|Grimmsnarl, L50, M|100/100
|switch|p2a: Gallade|Gallade, L50, M|100/100
|switch|p2b: Indeedee|Indeedee-F, L50, F|100/100
|-fieldstart|move: Psychic Terrain|[from] ability: Psychic Surge|[of] p2b: Indeedee
|-enditem|p2b: Indeedee|Psychic Seed
|-boost|p2b: Indeedee|spd|1|[from] item: Psychic Seed
|turn|1
|
|t:|1756335797
|-terastallize|p2b: Indeedee|Grass
|-terastallize|p1a: Kingambit|Dark
|move|p1b: Grimmsnarl|Will-O-Wisp|p2a: Gallade
|-status|p2a: Gallade|brn
|move|p2a: Gallade|Sacred Sword|p1a: Kingambit
|-supereffective|p1a: Kingambit
|-damage|p1a: Kingambit|46/100
|move|p1a: Kingambit|Swords Dance|p1a: Kingambit
|-boost|p1a: Kingambit|atk|2
|move|p2b: Indeedee|Trick Room|p2b: Indeedee
|-fieldstart|move: Trick Room|[of] p2b: Indeedee
|
|-damage|p2a: Gallade|95/100 brn|[from] brn
|upkeep
|turn|2
|j| buf0722shito
|j| buf51 golden era
|j| buf11 ElGranBluff
|c| buf51 golden era|Buf
|c| buf11 ElGranBluff|buf
|
|t:|1756335831
|move|p1a: Kingambit|Protect|p1a: Kingambit
|-singleturn|p1a: Kingambit|Protect
|move|p2b: Indeedee|Follow Me|p2b: Indeedee
|-singleturn|p2b: Indeedee|move: Follow Me
|move|p2a: Gallade|Psycho Cut|p1b: Grimmsnarl
|-damage|p1b: Grimmsnarl|21/100
|replace|p1b: Zoroark|Zoroark-Hisui, L50, M
|-end|p1b: Zoroark|Illusion
|move|p1b: Zoroark|Taunt|p2b: Indeedee
|-start|p2b: Indeedee|move: Taunt
|
|-damage|p2a: Gallade|89/100 brn|[from] brn
|upkeep
|turn|3
|
|t:|1756335844
|switch|p1b: Rillaboom|Rillaboom, L50, F|100/100
|-fieldstart|move: Grassy Terrain|[from] ability: Grassy Surge|[of] p1b: Rillaboom
|move|p1a: Kingambit|Sucker Punch|p2a: Gallade
|-damage|p2a: Gallade|0 fnt
|faint|p2a: Gallade
|move|p2b: Indeedee|Psychic|p1b: Rillaboom
|-damage|p1b: Rillaboom|76/100
|
|-heal|p1a: Kingambit|52/100|[from] Grassy Terrain
|-heal|p1b: Rillaboom|82/100|[from] Grassy Terrain
|upkeep
|
|t:|1756335854
|switch|p2a: Hatterene|Hatterene, L50, F|100/100
|turn|4
|
|t:|1756335862
|switch|p2b: Torkoal|Torkoal, L50, M|100/100
|-weather|SunnyDay|[from] ability: Drought|[of] p2b: Torkoal
|move|p1b: Rillaboom|Fake Out|p2b: Torkoal
|-damage|p2b: Torkoal|89/100
|move|p2a: Hatterene|Dazzling Gleam|p1a: Kingambit|[spread] p1a,p1b
|-supereffective|p1a: Kingambit
|-damage|p1a: Kingambit|0 fnt
|-damage|p1b: Rillaboom|55/100
|faint|p1a: Kingambit
|
|-weather|SunnyDay|[upkeep]
|-heal|p2b: Torkoal|95/100|[from] Grassy Terrain
|-heal|p1b: Rillaboom|61/100|[from] Grassy Terrain
|upkeep
|
|t:|1756335875
|switch|p1a: Grimmsnarl|Grimmsnarl, L50, M|100/100
|turn|5
|
|t:|1756335881
|switch|p1b: Rillaboom|Rillaboom, L50, F|21/100
|move|p1a: Grimmsnarl|Light Screen|p1a: Grimmsnarl
|-sidestart|p1: buf38 zorrogafas|move: Light Screen
|move|p2b: Torkoal|Eruption|p1a: Grimmsnarl|[spread] p1a,p1b
|-damage|p1a: Grimmsnarl|39/100
|-damage|p1b: Rillaboom|0 fnt
|replace|p1b: Zoroark|Zoroark-Hisui, L50, M
|-end|p1b: Zoroark|Illusion
|faint|p1b: Zoroark
|move|p2a: Hatterene|Dazzling Gleam|p1a: Grimmsnarl
|-supereffective|p1a: Grimmsnarl
|-damage|p1a: Grimmsnarl|0 fnt
|faint|p1a: Grimmsnarl
|
|-weather|SunnyDay|[upkeep]
|-heal|p2b: Torkoal|100/100|[from] Grassy Terrain
|-fieldend|move: Trick Room
|upkeep
|
|t:|1756335887
|switch|p1b: Rillaboom|Rillaboom, L50, F|61/100
|turn|6
|-message|buf38 zorrogafas forfeited.
|
|win|jchase42
|l|☆buf38 zorrogafas
|player|p1|
||buf38 zorrogafas is ready for game 3.
||jchase42 is ready for game 3.
|uhtml|next|Next: Game 3 of 3
|l| buf11 ElGranBluff
