|j|☆clarocojones
|j|☆rf0nseca
|html|clarocojonesrf0nseca    
|uhtml|bestof|Game 2 of a best-of-3
|t:|1785512764
|gametype|doubles
|player|p1|clarocojones|striker|1083
|player|p2|rf0nseca|1|1015
|gen|9
|tier|[Gen 9 Champions] VGC 2026 Reg M-B (Bo3)
|rated|
|rule|Species Clause: Limit one of each Pokémon
|rule|Item Clause: Limit 1 of each item
|clearpoke
|poke|p1|Incineroar, L50, F, shiny|
|poke|p1|Floette-Eternal, L50, F|
|poke|p1|Sinistcha-Masterpiece, L50, shiny|
|poke|p1|Kommo-o, L50, M|
|poke|p1|Kingambit, L50, F, shiny|
|poke|p1|Aerodactyl, L50, F|
|poke|p2|Bellibolt, L50, F|
|poke|p2|Gliscor, L50, F|
|poke|p2|Sinistcha, L50|
|poke|p2|Ninetales-Alola, L50, M|
|poke|p2|Arcanine-Hisui, L50, F|
|poke|p2|Glaceon, L50, F|
|teampreview|4
|showteam|p1|Incineroar||SitrusBerry|Intimidate|FakeOut,PartingShot,ThroatChop,FlareBlitz|Careful||F|||50|]Floette-Eternal||Floettite|FlowerVeil|Moonblast,DazzlingGleam,CalmMind,Protect|Modest||F|||50|]Sinistcha-Masterpiece||ColburBerry|Hospitality|MatchaGotcha,LifeDew,RagePowder,TrickRoom|Bold|||||50|]Kommo-o||Leftovers|Overcoat|ClangingScales,AuraSphere,ClangorousSoul,Protect|Modest||M|||50|]Kingambit||FocusSash|Defiant|KowtowCleave,SuckerPunch,IronHead,Protect|Adamant||F|||50|]Aerodactyl||Aerodactylite|Unnerve|Protect,RockSlide,Tailwind,DualWingbeat|Jolly||F|||50|
|showteam|p2|Bellibolt||Magnet|Electromorphosis|Electroweb,ParabolicCharge,Thunderbolt,Protect|Modest||F|||50|]Gliscor||LifeOrb|HyperCutter|PoisonJab,HighHorsepower,RockSlide,Protect|Adamant||F|||50|]Sinistcha||SitrusBerry|Hospitality|MatchaGotcha,TrickRoom,RagePowder,Protect|Calm|||||50|]Ninetales-Alola||FocusSash|SnowWarning|Blizzard,FreezeDry,AuroraVeil,Protect|Timid||M|||50|]Arcanine-Hisui||ChoiceScarf|Intimidate|FlareBlitz,RockSlide,ExtremeSpeed,PsychicFangs|Jolly||F|||50|]Glaceon||NeverMeltIce|SnowCloak|Blizzard,FreezeDry,IceShard,Protect|Modest||F|||50|
|inactive|Battle timer is ON: inactive players will automatically lose when time's up. (requested by rf0nseca)
|inactive|clarocojones has 60 seconds left.
|inactive|clarocojones has 30 seconds left.
|inactive|clarocojones has 20 seconds left.
|inactive|clarocojones has 15 seconds left.
|
|t:|1785512862
|teamsize|p1|4
|teamsize|p2|4
|start
|switch|p1a: Friends Take|Incineroar, L50, F, shiny|100/100
|switch|p1b: Felicidad|Floette-Eternal, L50, F|100/100
|switch|p2a: Ninetales|Ninetales-Alola, L50, M|100/100
|switch|p2b: Glaceon|Glaceon, L50, F|100/100
|-weather|Snowscape|[from] ability: Snow Warning|[of] p2a: Ninetales
|-ability|p1a: Friends Take|Intimidate|boost
|-unboost|p2a: Ninetales|atk|1
|-unboost|p2b: Glaceon|atk|1
|turn|1
|
|t:|1785512881
|switch|p2a: Arcanine|Arcanine-Hisui, L50, F|100/100
|-ability|p2a: Arcanine|Intimidate|boost
|-unboost|p1a: Friends Take|atk|1
|-unboost|p1b: Felicidad|atk|1
|detailschange|p1b: Felicidad|Floette-Mega, L50, F
|-mega|p1b: Felicidad|Floette|Floettite
|-ability|p1b: Felicidad|Fairy Aura
|move|p2b: Glaceon|Protect|p2b: Glaceon
|-singleturn|p2b: Glaceon|Protect
|move|p1a: Friends Take|Fake Out|p2a: Arcanine
|-resisted|p2a: Arcanine|1
|-crit|p2a: Arcanine
|-damage|p2a: Arcanine|91/100
|move|p1b: Felicidad|Calm Mind|p1b: Felicidad
|-boost|p1b: Felicidad|spa|1
|-boost|p1b: Felicidad|spd|1
|
|-weather|Snowscape|[upkeep]
|upkeep
|turn|2
|
|t:|1785512892
|move|p1b: Felicidad|Protect|p1b: Felicidad
|-singleturn|p1b: Felicidad|Protect
|move|p2a: Arcanine|Flare Blitz|p1b: Felicidad
|-activate|p1b: Felicidad|move: Protect
|move|p1a: Friends Take|Parting Shot|p2a: Arcanine
|-unboost|p2a: Arcanine|atk|1
|-unboost|p2a: Arcanine|spa|1
|
|t:|1785512913
|switch|p1a: Kingambit|Kingambit, L50, F, shiny|100/100|[from] Parting Shot
|move|p2b: Glaceon|Blizzard|p1a: Kingambit|[spread] p1a
|-activate|p1b: Felicidad|move: Protect
|-resisted|p1a: Kingambit|1
|-damage|p1a: Kingambit|66/100
|
|-weather|Snowscape|[upkeep]
|upkeep
|turn|3
|
|t:|1785512925
|switch|p2a: Gliscor|Gliscor, L50, F|100/100
|switch|p1a: Friends Take|Incineroar, L50, F, shiny|100/100
|-ability|p1a: Friends Take|Intimidate|boost
|-fail|p2a: Gliscor|unboost|Attack|[from] ability: Hyper Cutter|[of] p2a: Gliscor
|-unboost|p2b: Glaceon|atk|1
|move|p1b: Felicidad|Moonblast|p2b: Glaceon
|-damage|p2b: Glaceon|0 fnt
|faint|p2b: Glaceon
|
|-weather|Snowscape|[upkeep]
|upkeep
|
|t:|1785512939
|switch|p2b: Arcanine|Arcanine-Hisui, L50, F|91/100
|-ability|p2b: Arcanine|Intimidate|boost
|-unboost|p1a: Friends Take|atk|1
|-unboost|p1b: Felicidad|atk|1
|turn|4
|
|t:|1785512955
|move|p1b: Felicidad|Protect|p1b: Felicidad
|-singleturn|p1b: Felicidad|Protect
|move|p2b: Arcanine|Rock Slide|p1b: Felicidad|[spread] p1a
|-activate|p1b: Felicidad|move: Protect
|-supereffective|p1a: Friends Take|1
|-damage|p1a: Friends Take|46/100
|-enditem|p1a: Friends Take|Sitrus Berry|[eat]
|-heal|p1a: Friends Take|71/100|[from] item: Sitrus Berry
|move|p2a: Gliscor|Poison Jab|p1b: Felicidad
|-activate|p1b: Felicidad|move: Protect
|move|p1a: Friends Take|Parting Shot|p2b: Arcanine
|-unboost|p2b: Arcanine|atk|1
|-unboost|p2b: Arcanine|spa|1
|
|t:|1785512961
|switch|p1a: Aerodactyl|Aerodactyl, L50, F|100/100|[from] Parting Shot
|-ability|p1a: Aerodactyl|Unnerve
|
|-weather|Snowscape|[upkeep]
|upkeep
|turn|5
|
|t:|1785512970
|switch|p1a: Friends Take|Incineroar, L50, F, shiny|71/100
|-ability|p1a: Friends Take|Intimidate|boost
|-fail|p2a: Gliscor|unboost|Attack|[from] ability: Hyper Cutter|[of] p2a: Gliscor
|-unboost|p2b: Arcanine|atk|1
|move|p2b: Arcanine|Rock Slide|p1a: Friends Take|[spread] p1a,p1b
|-supereffective|p1a: Friends Take|1
|-damage|p1a: Friends Take|44/100
|-damage|p1b: Felicidad|86/100
|move|p2a: Gliscor|Poison Jab|p1b: Felicidad
|-supereffective|p1b: Felicidad|1
|-damage|p1b: Felicidad|27/100
|-damage|p2a: Gliscor|90/100|[from] item: Life Orb
|move|p1b: Felicidad|Moonblast|p2a: Gliscor
|-damage|p2a: Gliscor|0 fnt
|faint|p2a: Gliscor
|
|-weather|none
|upkeep
|
|t:|1785512982
|switch|p2a: Ninetales|Ninetales-Alola, L50, M|100/100
|-weather|Snowscape|[from] ability: Snow Warning|[of] p2a: Ninetales
|turn|6
|-message|rf0nseca forfeited.
|raw|clarocojones's rating: 1083 → 1105(+22 for winning)
|raw|rf0nseca's rating: 1015 → 1005(-10 for losing)
|
|win|clarocojones
