|j|☆SHINee Atmos
|j|☆TMJS01
|html|SHINee AtmosTMJS01    
|uhtml|bestof|Game 1 of a best-of-3
|t:|1782186356
|gametype|doubles
|player|p1|SHINee Atmos|acetrainerf-gen4dp|1121
|player|p2|TMJS01|unknown|1309
|gen|9
|tier|[Gen 9 Champions] VGC 2026 Reg M-B (Bo3)
|rated|
|rule|Species Clause: Limit one of each Pokémon
|rule|Item Clause: Limit 1 of each item
|clearpoke
|poke|p1|Staraptor, L50, M|
|poke|p1|Sneasler, L50, M|
|poke|p1|Ninetales-Alola, L50, F|
|poke|p1|Sinistcha, L50|
|poke|p1|Milotic, L50, F|
|poke|p1|Dragalge, L50, F|
|poke|p2|Sinistcha, L50|
|poke|p2|Incineroar, L50, F|
|poke|p2|Garchomp, L50, F|
|poke|p2|Floette-Eternal, L50, F|
|poke|p2|Delphox, L50, M|
|poke|p2|Kingambit, L50, M|
|teampreview|4
|showteam|p1|Staraptor||Staraptite|Intimidate|BraveBird,CloseCombat,Roost,Protect|Jolly||M|||50|]Sneasler||WhiteHerb|Unburden|FakeOut,DireClaw,CloseCombat,Protect|Jolly||M|||50|]Ninetales-Alola||LightClay|SnowWarning|Blizzard,FreezeDry,AuroraVeil,Protect|Timid||F|||50|]Sinistcha||SitrusBerry|Hospitality|MatchaGotcha,RagePowder,StrengthSap,LifeDew|Bold|||||50|]Milotic||Leftovers|Competitive|MuddyWater,Hypnosis,Coil,Recover|Calm||F|||50|]Dragalge||Dragalgite|PoisonPoint|SludgeBomb,DragonPulse,ShadowBall,Protect|Calm||F|||50|
|showteam|p2|Sinistcha||KasibBerry|Hospitality|MatchaGotcha,RagePowder,TrickRoom,LifeDew|Relaxed|||||50|]Incineroar||ChopleBerry|Intimidate|ThroatChop,FlareBlitz,PartingShot,FakeOut|Impish||F|||50|]Garchomp||LifeOrb|RoughSkin|ScaleShot,StompingTantrum,Protect,RockTomb|Jolly||F|||50|]Floette-Eternal||Floettite|FlowerVeil|Protect,CalmMind,Moonblast,DazzlingGleam|Modest||F|||50|]Delphox||Delphoxite|Blaze|NastyPlot,HeatWave,Psyshock,Protect|Timid||M|||50|]Kingambit||BlackGlasses|Defiant|Protect,IronHead,KowtowCleave,SuckerPunch|Adamant||M|||50|
|inactive|Battle timer is ON: inactive players will automatically lose when time's up. (requested by TMJS01)
|inactive|TMJS01 has 60 seconds left.
|
|t:|1782186395
|teamsize|p1|4
|teamsize|p2|4
|start
|switch|p1a: Sneasler|Sneasler, L50, M|100/100
|switch|p1b: Milotic|Milotic, L50, F|100/100
|switch|p2a: Delphox|Delphox, L50, M|100/100
|switch|p2b: Sinistcha|Sinistcha, L50|100/100
|turn|1
|
|t:|1782186407
|detailschange|p2a: Delphox|Delphox-Mega, L50, M
|-mega|p2a: Delphox|Delphox|Delphoxite
|move|p1a: Sneasler|Fake Out|p2a: Delphox
|-damage|p2a: Delphox|82/100
|cant|p2a: Delphox|flinch
|move|p1b: Milotic|Coil|p1b: Milotic
|-boost|p1b: Milotic|atk|1
|-boost|p1b: Milotic|def|1
|-boost|p1b: Milotic|accuracy|1
|move|p2b: Sinistcha|Matcha Gotcha|p1a: Sneasler|[spread] p1b
|-miss|p2b: Sinistcha|p1a: Sneasler
|-supereffective|p1b: Milotic|1
|-damage|p1b: Milotic|70/100
|
|-heal|p1b: Milotic|76/100|[from] item: Leftovers
|upkeep
|turn|2
|
|t:|1782186419
|move|p2a: Delphox|Protect|p2a: Delphox
|-singleturn|p2a: Delphox|Protect
|move|p1a: Sneasler|Protect|p1a: Sneasler
|-singleturn|p1a: Sneasler|Protect
|move|p1b: Milotic|Hypnosis|p2a: Delphox
|-activate|p2a: Delphox|move: Protect
|move|p2b: Sinistcha|Matcha Gotcha|p1b: Milotic|[spread] p1b
|-activate|p1a: Sneasler|move: Protect
|-supereffective|p1b: Milotic|1
|-crit|p1b: Milotic
|-damage|p1b: Milotic|27/100
|-status|p1b: Milotic|brn
|
|-heal|p1b: Milotic|33/100 brn|[from] item: Leftovers
|-damage|p1b: Milotic|27/100 brn|[from] brn
|upkeep
|turn|3
|
|t:|1782186432
|switch|p1a: Sinistcha|Sinistcha, L50|100/100
|-heal|p1b: Milotic|52/100 brn|[from] ability: Hospitality|[of] p1a: Sinistcha
|move|p2a: Delphox|Psyshock|p1a: Sinistcha
|-damage|p1a: Sinistcha|62/100
|move|p1b: Milotic|Hypnosis|p2a: Delphox
|-status|p2a: Delphox|slp|[from] move: Hypnosis
|move|p2b: Sinistcha|Matcha Gotcha|p1b: Milotic|[spread] p1a,p1b
|-resisted|p1a: Sinistcha|1
|-supereffective|p1b: Milotic|1
|-damage|p1a: Sinistcha|51/100
|-damage|p1b: Milotic|17/100 brn
|
|-heal|p1b: Milotic|23/100 brn|[from] item: Leftovers
|-damage|p1b: Milotic|17/100 brn|[from] brn
|upkeep
|turn|4
|inactive|TMJS01 has 30 seconds left.
|
|t:|1782186464
|cant|p2a: Delphox|slp
|move|p1b: Milotic|Muddy Water|p2b: Sinistcha|[spread] p2a,p2b
|-supereffective|p2a: Delphox|1
|-resisted|p2b: Sinistcha|1
|-damage|p2a: Delphox|38/100 slp
|-damage|p2b: Sinistcha|88/100
|-unboost|p2a: Delphox|accuracy|1
|-unboost|p2b: Sinistcha|accuracy|1
|move|p1a: Sinistcha|Life Dew|p1a: Sinistcha|[spread] p1a,p1b
|-heal|p1a: Sinistcha|76/100
|-heal|p1b: Milotic|43/100 brn
|move|p2b: Sinistcha|Matcha Gotcha|p1a: Sinistcha|[spread] p1a,p1b
|-resisted|p1a: Sinistcha|1
|-supereffective|p1b: Milotic|1
|-damage|p1a: Sinistcha|64/100
|-heal|p2b: Sinistcha|94/100|[from] drain|[of] p1a: Sinistcha
|-damage|p1b: Milotic|11/100 brn
|-heal|p2b: Sinistcha|100/100|[from] drain|[of] p1b: Milotic
|-status|p1a: Sinistcha|brn
|
|-heal|p1b: Milotic|17/100 brn|[from] item: Leftovers
|-damage|p1b: Milotic|11/100 brn|[from] brn
|-damage|p1a: Sinistcha|57/100 brn|[from] brn
|upkeep
|turn|5
|
|t:|1782186476
|cant|p2a: Delphox|slp
|move|p1b: Milotic|Muddy Water|p2b: Sinistcha|[spread] p2a,p2b
|-supereffective|p2a: Delphox|1
|-resisted|p2b: Sinistcha|1
|-damage|p2a: Delphox|0 fnt
|-damage|p2b: Sinistcha|87/100
|faint|p2a: Delphox
|move|p1a: Sinistcha|Life Dew|p1a: Sinistcha|[spread] p1a,p1b
|-heal|p1a: Sinistcha|83/100 brn
|-heal|p1b: Milotic|36/100 brn
|move|p2b: Sinistcha|Matcha Gotcha|p1b: Milotic|[spread] p1b
|-miss|p2b: Sinistcha|p1a: Sinistcha
|-supereffective|p1b: Milotic|1
|-damage|p1b: Milotic|8/100 brn
|-heal|p2b: Sinistcha|100/100|[from] drain|[of] p1b: Milotic
|
|-heal|p1b: Milotic|14/100 brn|[from] item: Leftovers
|-damage|p1b: Milotic|8/100 brn|[from] brn
|-damage|p1a: Sinistcha|76/100 brn|[from] brn
|upkeep
|
|t:|1782186481
|switch|p2a: Kingambit|Kingambit, L50, M|100/100
|turn|6
|
|t:|1782186490
|move|p1b: Milotic|Hypnosis|p2a: Kingambit
|-status|p2a: Kingambit|slp|[from] move: Hypnosis
|move|p1a: Sinistcha|Life Dew|p1a: Sinistcha|[spread] p1a,p1b
|-heal|p1a: Sinistcha|100/100 brn
|-heal|p1b: Milotic|33/100 brn
|cant|p2a: Kingambit|slp
|move|p2b: Sinistcha|Trick Room|p2b: Sinistcha
|-fieldstart|move: Trick Room|[of] p2b: Sinistcha
|
|-heal|p1b: Milotic|39/100 brn|[from] item: Leftovers
|-damage|p1a: Sinistcha|93/100 brn|[from] brn
|-damage|p1b: Milotic|33/100 brn|[from] brn
|upkeep
|turn|7
|
|t:|1782186496
|cant|p2a: Kingambit|slp
|move|p2b: Sinistcha|Matcha Gotcha|p1b: Milotic|[spread] p1a
|-miss|p2b: Sinistcha|p1b: Milotic
|-resisted|p1a: Sinistcha|1
|-damage|p1a: Sinistcha|80/100 brn
|move|p1a: Sinistcha|Life Dew|p1a: Sinistcha|[spread] p1a,p1b
|-heal|p1a: Sinistcha|100/100 brn
|-heal|p1b: Milotic|58/100 brn
|move|p1b: Milotic|Muddy Water|p2a: Kingambit|[spread] p2a,p2b
|-resisted|p2b: Sinistcha|1
|-damage|p2a: Kingambit|75/100 slp
|-damage|p2b: Sinistcha|89/100
|
|-heal|p1b: Milotic|64/100 brn|[from] item: Leftovers
|-damage|p1a: Sinistcha|93/100 brn|[from] brn
|-damage|p1b: Milotic|58/100 brn|[from] brn
|upkeep
|turn|8
|
|t:|1782186501
|-curestatus|p2a: Kingambit|slp|[msg]
|move|p2a: Kingambit|Kowtow Cleave|p1a: Sinistcha
|-supereffective|p1a: Sinistcha|1
|-damage|p1a: Sinistcha|1/100 brn
|-enditem|p1a: Sinistcha|Sitrus Berry|[eat]
|-heal|p1a: Sinistcha|26/100 brn|[from] item: Sitrus Berry
|move|p2b: Sinistcha|Matcha Gotcha|p1b: Milotic|[spread] p1a,p1b
|-resisted|p1a: Sinistcha|1
|-supereffective|p1b: Milotic|1
|-damage|p1a: Sinistcha|14/100 brn
|-heal|p2b: Sinistcha|95/100|[from] drain|[of] p1a: Sinistcha
|-damage|p1b: Milotic|29/100 brn
|-heal|p2b: Sinistcha|100/100|[from] drain|[of] p1b: Milotic
|move|p1a: Sinistcha|Life Dew|p1a: Sinistcha|[spread] p1a,p1b
|-heal|p1a: Sinistcha|39/100 brn
|-heal|p1b: Milotic|54/100 brn
|move|p1b: Milotic|Muddy Water|p2b: Sinistcha|[spread] p2a,p2b
|-resisted|p2b: Sinistcha|1
|-damage|p2a: Kingambit|53/100
|-damage|p2b: Sinistcha|88/100
|
|-heal|p1b: Milotic|60/100 brn|[from] item: Leftovers
|-damage|p1a: Sinistcha|33/100 brn|[from] brn
|-damage|p1b: Milotic|54/100 brn|[from] brn
|upkeep
|turn|9
|
|t:|1782186509
|move|p2a: Kingambit|Kowtow Cleave|p1b: Milotic
|-damage|p1b: Milotic|16/100 brn
|move|p2b: Sinistcha|Matcha Gotcha|p1b: Milotic|[spread] p1a
|-miss|p2b: Sinistcha|p1b: Milotic
|-resisted|p1a: Sinistcha|1
|-damage|p1a: Sinistcha|20/100y brn
|-heal|p2b: Sinistcha|94/100|[from] drain|[of] p1a: Sinistcha
|move|p1a: Sinistcha|Life Dew|p1a: Sinistcha|[spread] p1a,p1b
|-heal|p1a: Sinistcha|45/100 brn
|-heal|p1b: Milotic|42/100 brn
|move|p1b: Milotic|Hypnosis|p2a: Kingambit|[miss]
|-miss|p1b: Milotic|p2a: Kingambit
|
|-heal|p1b: Milotic|47/100 brn|[from] item: Leftovers
|-damage|p1a: Sinistcha|39/100 brn|[from] brn
|-damage|p1b: Milotic|42/100 brn|[from] brn
|upkeep
|turn|10
|
|t:|1782186516
|move|p1a: Sinistcha|Rage Powder|p1a: Sinistcha
|-singleturn|p1a: Sinistcha|move: Rage Powder
|move|p2a: Kingambit|Kowtow Cleave|p1a: Sinistcha
|-supereffective|p1a: Sinistcha|1
|-damage|p1a: Sinistcha|0 fnt
|faint|p1a: Sinistcha
|move|p2b: Sinistcha|Matcha Gotcha|p1b: Milotic
|-supereffective|p1b: Milotic|1
|-damage|p1b: Milotic|0 fnt
|-heal|p2b: Sinistcha|100/100|[from] drain|[of] p1b: Milotic
|faint|p1b: Milotic
|
|-fieldend|move: Trick Room
|upkeep
|
|t:|1782186523
|switch|p1b: Sneasler|Sneasler, L50, M|100/100
|switch|p1a: Dragalge|Dragalge, L50, F|100/100
|turn|11
|
|t:|1782186532
|switch|p2b: Incineroar|Incineroar, L50, F|100/100
|-ability|p2b: Incineroar|Intimidate|boost
|-unboost|p1a: Dragalge|atk|1
|-unboost|p1b: Sneasler|atk|1
|-enditem|p1b: Sneasler|White Herb
|-clearnegativeboost|p1b: Sneasler|[silent]
|detailschange|p1a: Dragalge|Dragalge-Mega, L50, F
|-mega|p1a: Dragalge|Dragalge|Dragalgite
|move|p1b: Sneasler|Protect|p1b: Sneasler
|-singleturn|p1b: Sneasler|Protect
|move|p2a: Kingambit|Protect|p2a: Kingambit
|-singleturn|p2a: Kingambit|Protect
|move|p1a: Dragalge|Shadow Ball|p2b: Incineroar
|-resisted|p2b: Incineroar|1
|-damage|p2b: Incineroar|89/100
|
|upkeep
|turn|12
|
|t:|1782186553
|move|p2b: Incineroar|Fake Out|p1b: Sneasler
|-damage|p1b: Sneasler|80/100
|cant|p1b: Sneasler|flinch
|move|p2a: Kingambit|Iron Head|p1b: Sneasler
|-damage|p1b: Sneasler|0 fnt
|faint|p1b: Sneasler
|move|p1a: Dragalge|Sludge Bomb|p2b: Incineroar
|-damage|p2b: Incineroar|51/100
|
|upkeep
|turn|13
|-message|SHINee Atmos forfeited.
|
|win|TMJS01
|l|☆SHINee Atmos
|player|p1|
||SHINee Atmos is ready for game 2.
||TMJS01 is ready for game 2.
|uhtml|next|Next: Game 2 of 3
