|j|☆nale581
|j|‽Juaner95
|html|nale581Juaner95    
|uhtml|bestof|Game 1 of a best-of-3
|t:|1784614529
|gametype|doubles
|player|p1|nale581|n|1092
|player|p2|Juaner95|ash-hoenn|1186
|gen|9
|tier|[Gen 9 Champions] VGC 2026 Reg M-B (Bo3)
|rated|
|rule|Species Clause: Limit one of each Pokémon
|rule|Item Clause: Limit 1 of each item
|clearpoke
|poke|p1|Gengar, L50, M|
|poke|p1|Incineroar, L50, F|
|poke|p1|Primarina, L50, M|
|poke|p1|Tsareena, L50, F|
|poke|p1|Sableye, L50, M|
|poke|p1|Kangaskhan, L50, F|
|poke|p2|Scrafty, L50, M|
|poke|p2|Vileplume, L50, M, shiny|
|poke|p2|Oranguru, L50, M|
|poke|p2|Torkoal, L50, F, shiny|
|poke|p2|Gholdengo, L50, shiny|
|poke|p2|Lucario, L50, M|
|teampreview|4
|showteam|p1|Gengar||Gengarite|CursedBody|PerishSong,Disable,ShadowBall,Protect|Timid||M|||50|]Incineroar||LumBerry|Intimidate|Protect,PartingShot,FakeOut,ThroatChop|Careful||F|||50|]Primarina||Leftovers|LiquidVoice|PerishSong,Protect,FlipTurn,HyperVoice|Modest||M|||50|]Tsareena||SitrusBerry|QueenlyMajesty|TropKick,KnockOff,Uturn,Protect|Careful||F|||50|]Sableye||RoseliBerry|Prankster|FakeOut,Encore,Disable,Protect|Calm||M|||50|]Kangaskhan||SilkScarf|Scrappy|FakeOut,LastResort|Adamant||F|||50|
|showteam|p2|Scrafty||Scraftinite|Intimidate|FakeOut,KnockOff,DrainPunch,RockSlide|Brave||M|||50|]Vileplume||FocusSash|Chlorophyll|AfterYou,SludgeBomb,LeafStorm,Protect|Modest||M|||50|]Oranguru||MentalHerb|InnerFocus|Instruct,Encore,TrickRoom,Protect|Bold||M|||50|]Torkoal||Charcoal|Drought|Eruption,EarthPower,HeatWave,Protect|Quiet||F|||50|]Gholdengo||LifeOrb|GoodasGold|ShadowBall,MakeItRain,NastyPlot,Protect|Timid|||||50|]Lucario||ChoiceScarf|InnerFocus|FinalGambit,HelpingHand,SunnyDay,HealPulse|Timid||M|||50|
|inactive|Battle timer is ON: inactive players will automatically lose when time's up. (requested by nale581)
|inactive|Juaner95 has 60 seconds left.
|inactive|Juaner95 has 30 seconds left.
|inactive|Juaner95 has 20 seconds left.
|inactive|Juaner95 has 15 seconds left.
|inactive|Juaner95 has 10 seconds left.
|
|t:|1784614613
|teamsize|p1|4
|teamsize|p2|4
|start
|switch|p1a: Tsareena|Tsareena, L50, F|100/100
|switch|p1b: Kangaskhan|Kangaskhan, L50, F|100/100
|switch|p2a: Lucario|Lucario, L50, M|100/100
|switch|p2b: Oranguru|Oranguru, L50, M|100/100
|turn|1
|inactive|nale581 has 30 seconds left.
|inactive|Juaner95 has 30 seconds left.
|inactive|nale581 has 20 seconds left.
|inactive|nale581 has 15 seconds left.
|
|t:|1784614653
|move|p1b: Kangaskhan|Fake Out|p2a: Lucario
|-resisted|p2a: Lucario|1
|-damage|p2a: Lucario|86/100
|move|p2a: Lucario|Final Gambit|p1b: Kangaskhan
|-damage|p1b: Kangaskhan|22/100
|faint|p2a: Lucario
|move|p1a: Tsareena|Knock Off|p2b: Oranguru
|-supereffective|p2b: Oranguru|1
|-damage|p2b: Oranguru|50/100y
|-enditem|p2b: Oranguru|Mental Herb|[from] move: Knock Off|[of] p1a: Tsareena
|move|p2b: Oranguru|Trick Room|p2b: Oranguru
|-fieldstart|move: Trick Room|[of] p2b: Oranguru
|
|upkeep
|
|t:|1784614666
|switch|p2a: Scrafty|Scrafty, L50, M|100/100
|-ability|p2a: Scrafty|Intimidate|boost
|-unboost|p1a: Tsareena|atk|1
|-fail|p1b: Kangaskhan|unboost|Attack|[from] ability: Scrappy|[of] p1b: Kangaskhan
|turn|2
|
|t:|1784614679
|detailschange|p2a: Scrafty|Scrafty-Mega, L50, M
|-mega|p2a: Scrafty|Scrafty|Scraftinite
|-ability|p2a: Scrafty|Intimidate|boost
|-unboost|p1a: Tsareena|atk|1
|-fail|p1b: Kangaskhan|unboost|Attack|[from] ability: Scrappy|[of] p1b: Kangaskhan
|move|p2b: Oranguru|Protect|p2b: Oranguru
|-singleturn|p2b: Oranguru|Protect
|move|p2a: Scrafty|Fake Out||[still]
|cant|p1a: Tsareena|ability: Queenly Majesty|Fake Out|[of] p2a: Scrafty
|move|p1a: Tsareena|Knock Off|p2b: Oranguru
|-activate|p2b: Oranguru|move: Protect
|move|p1b: Kangaskhan|Last Resort|p2a: Scrafty
|-damage|p2a: Scrafty|38/100
|
|upkeep
|turn|3
|
|t:|1784614701
|move|p2a: Scrafty|Drain Punch|p1b: Kangaskhan
|-supereffective|p1b: Kangaskhan|1
|-damage|p1b: Kangaskhan|0 fnt
|-heal|p2a: Scrafty|51/100|[from] drain|[of] p1b: Kangaskhan
|faint|p1b: Kangaskhan
|move|p2b: Oranguru|Instruct|p2a: Scrafty
|-singleturn|p2a: Scrafty|move: Instruct|[of] p2b: Oranguru
|move|p2a: Scrafty|Drain Punch|p1a: Tsareena
|-damage|p1a: Tsareena|63/100
|-heal|p2a: Scrafty|70/100|[from] drain|[of] p1a: Tsareena
|move|p1a: Tsareena|Trop Kick|p2a: Scrafty
|-damage|p2a: Scrafty|54/100
|-unboost|p2a: Scrafty|atk|1
|
|upkeep
|
|t:|1784614717
|switch|p1b: Sableye|Sableye, L50, M|100/100
|turn|4
|
|t:|1784614734
|switch|p2a: Torkoal|Torkoal, L50, F, shiny|100/100
|-weather|SunnyDay|[from] ability: Drought|[of] p2a: Torkoal
|move|p2b: Oranguru|Protect|p2b: Oranguru
|-singleturn|p2b: Oranguru|Protect
|move|p1b: Sableye|Fake Out|p2a: Torkoal
|-damage|p2a: Torkoal|94/100
|move|p1a: Tsareena|U-turn|p2b: Oranguru
|-activate|p2b: Oranguru|move: Protect
|
|-weather|SunnyDay|[upkeep]
|upkeep
|turn|5
|
|t:|1784614748
|move|p1b: Sableye|Encore|p2b: Oranguru
|-start|p2b: Oranguru|Encore
|move|p2b: Oranguru|Protect|p2b: Oranguru
|-singleturn|p2b: Oranguru|Protect
|move|p2a: Torkoal|Eruption|p1a: Tsareena|[spread] p1a,p1b
|-supereffective|p1a: Tsareena|1
|-damage|p1a: Tsareena|0 fnt
|-damage|p1b: Sableye|0 fnt
|faint|p1a: Tsareena
|faint|p1b: Sableye
|
|-weather|SunnyDay|[upkeep]
|-fieldend|move: Trick Room
|upkeep
|
|t:|1784614755
|switch|p1b: Gengar|Gengar, L50, M|100/100
|turn|6
|
|t:|1784614763
|switch|p2b: Scrafty|Scrafty-Mega, L50, M|54/100
|-ability|p2b: Scrafty|Intimidate|boost
|-unboost|p1b: Gengar|atk|1
|detailschange|p1b: Gengar|Gengar-Mega, L50, M
|-mega|p1b: Gengar|Gengar|Gengarite
|move|p1b: Gengar|Shadow Ball|p2a: Torkoal
|-damage|p2a: Torkoal|36/100
|-unboost|p2a: Torkoal|spd|1
|move|p2a: Torkoal|Earth Power|p1b: Gengar
|-supereffective|p1b: Gengar|1
|-crit|p1b: Gengar
|-damage|p1b: Gengar|5/100
|
|-weather|SunnyDay|[upkeep]
|upkeep
|turn|7
|-message|nale581 forfeited.
|
|win|Juaner95
|l|☆nale581
|player|p1|
||nale581 is ready for game 2.
|inactive|Juaner95 has 30 seconds to confirm battle start!
|inactive|Juaner95 has 20 seconds to confirm battle start!
|inactive|Juaner95 has 10 seconds to confirm battle start!
|uhtml|next|Next: Game 2 of 3
|l|‽Juaner95
|player|p2|
|j|‽Juaner95
|player|p2|Juaner95|ash-hoenn|
|n|‽Juaner95|juaner95
|n|‽Juaner95|juaner95
