|j|☆darkocin
|j|☆clarocojones
|html|darkocinclarocojones    
|uhtml|bestof|Game 2 of a best-of-3
|t:|1785601235
|gametype|doubles
|player|p1|darkocin|265|1421
|player|p2|clarocojones|striker|1276
|gen|9
|tier|[Gen 9 Champions] VGC 2026 Reg M-B (Bo3)
|rated|
|rule|Species Clause: Limit one of each Pokémon
|rule|Item Clause: Limit 1 of each item
|clearpoke
|poke|p1|Raichu, L50, M|
|poke|p1|Floette-Eternal, L50, F|
|poke|p1|Sinistcha, L50|
|poke|p1|Incineroar, L50, M|
|poke|p1|Milotic, L50, F|
|poke|p1|Ceruledge, L50, F|
|poke|p2|Incineroar, L50, F, shiny|
|poke|p2|Floette-Eternal, L50, F|
|poke|p2|Sinistcha-Masterpiece, L50, shiny|
|poke|p2|Kommo-o, L50, M|
|poke|p2|Kingambit, L50, M, shiny|
|poke|p2|Aerodactyl, L50, F|
|teampreview|4
|showteam|p1|Raichu||RaichuniteY|LightningRod|FakeOut,ZapCannon,FocusBlast,Protect|Timid||M|||50|]Floette-Eternal||Floettite|FlowerVeil|DazzlingGleam,DrainingKiss,CalmMind,Protect|Timid||F|||50|]Sinistcha||KasibBerry|Hospitality|MatchaGotcha,LifeDew,RagePowder,Protect|Relaxed|||||50|]Incineroar||SitrusBerry|Intimidate|FakeOut,FlareBlitz,ThroatChop,PartingShot|Impish||M|||50|]Milotic||Leftovers|Competitive|MuddyWater,Coil,Hypnosis,Protect|Calm||F|||50|]Ceruledge||ColburBerry|FlashFire|BitterBlade,ShadowSneak,BulkUp,Protect|Adamant||F|||50|
|showteam|p2|Incineroar||SitrusBerry|Intimidate|FakeOut,PartingShot,HelpingHand,FlareBlitz|Careful||F|||50|]Floette-Eternal||Floettite|FlowerVeil|Moonblast,DazzlingGleam,CalmMind,Protect|Modest||F|||50|]Sinistcha-Masterpiece||ColburBerry|Hospitality|MatchaGotcha,LifeDew,RagePowder,TrickRoom|Bold|||||50|]Kommo-o||Leftovers|Overcoat|ClangingScales,AuraSphere,ClangorousSoul,Protect|Modest||M|||50|]Kingambit||FocusSash|Defiant|KowtowCleave,SuckerPunch,IronHead,Protect|Adamant||M|||50|]Aerodactyl||Aerodactylite|Unnerve|Protect,RockSlide,Tailwind,DualWingbeat|Jolly||F|||50|
|inactive|Battle timer is ON: inactive players will automatically lose when time's up. (requested by darkocin)
|inactive|clarocojones has 60 seconds left.
|
|t:|1785601311
|teamsize|p1|4
|teamsize|p2|4
|start
|switch|p1a: Raichu|Raichu, L50, M|100/100
|switch|p1b: Milotic|Milotic, L50, F|100/100
|switch|p2a: Aerodactyl|Aerodactyl, L50, F|100/100
|switch|p2b: Kommo-o|Kommo-o, L50, M|100/100
|-ability|p2a: Aerodactyl|Unnerve
|turn|1
|inactive|darkocin has 30 seconds left.
|
|t:|1785601339
|detailschange|p2a: Aerodactyl|Aerodactyl-Mega, L50, F
|-mega|p2a: Aerodactyl|Aerodactyl|Aerodactylite
|detailschange|p1a: Raichu|Raichu-Mega-Y, L50, M
|-mega|p1a: Raichu|Raichu|Raichunite Y
|move|p2a: Aerodactyl|Rock Slide|p1b: Milotic|[spread] p1a,p1b
|-damage|p1a: Raichu|56/100
|-damage|p1b: Milotic|76/100
|move|p1a: Raichu|Zap Cannon|p2b: Kommo-o
|-resisted|p2b: Kommo-o|1
|-damage|p2b: Kommo-o|65/100
|-status|p2b: Kommo-o|par
|cant|p1b: Milotic|flinch
|move|p2b: Kommo-o|Clangorous Soul|p2b: Kommo-o
|-boost|p2b: Kommo-o|atk|1
|-boost|p2b: Kommo-o|def|1
|-boost|p2b: Kommo-o|spa|1
|-boost|p2b: Kommo-o|spd|1
|-boost|p2b: Kommo-o|spe|1
|-damage|p2b: Kommo-o|32/100 par
|
|-heal|p1b: Milotic|82/100|[from] item: Leftovers
|-heal|p2b: Kommo-o|38/100 par|[from] item: Leftovers
|upkeep
|turn|2
|inactive|darkocin has 30 seconds left.
|
|t:|1785601374
|move|p2a: Aerodactyl|Tailwind|p2a: Aerodactyl
|-sidestart|p2: clarocojones|move: Tailwind
|cant|p2b: Kommo-o|par
|move|p1a: Raichu|Zap Cannon|p2a: Aerodactyl
|-supereffective|p2a: Aerodactyl|1
|-damage|p2a: Aerodactyl|0 fnt
|faint|p2a: Aerodactyl
|move|p1b: Milotic|Coil|p1b: Milotic
|-boost|p1b: Milotic|atk|1
|-boost|p1b: Milotic|def|1
|-boost|p1b: Milotic|accuracy|1
|
|-heal|p2b: Kommo-o|45/100 par|[from] item: Leftovers
|-heal|p1b: Milotic|88/100|[from] item: Leftovers
|upkeep
|
|t:|1785601381
|switch|p2a: DON JULIO|Sinistcha-Masterpiece, L50, shiny|100/100
|-heal|p2b: Kommo-o|70/100 par|[from] ability: Hospitality|[of] p2a: DON JULIO
|turn|3
|
|t:|1785601400
|move|p1a: Raichu|Protect|p1a: Raichu
|-singleturn|p1a: Raichu|Protect
|move|p2b: Kommo-o|Clanging Scales|p1b: Milotic|[spread] p1b
|-activate|p1a: Raichu|move: Protect
|-damage|p1b: Milotic|53/100
|-unboost|p2b: Kommo-o|def|1
|move|p2a: DON JULIO|Matcha Gotcha|p1a: Raichu|[spread] p1b
|-activate|p1a: Raichu|move: Protect
|-supereffective|p1b: Milotic|1
|-damage|p1b: Milotic|23/100
|move|p1b: Milotic|Hypnosis|p2a: DON JULIO
|-status|p2a: DON JULIO|slp|[from] move: Hypnosis
|
|-heal|p2b: Kommo-o|76/100 par|[from] item: Leftovers
|-heal|p1b: Milotic|29/100|[from] item: Leftovers
|upkeep
|turn|4
|
|t:|1785601421
|switch|p1a: Sinistcha|Sinistcha, L50|100/100
|-heal|p1b: Milotic|54/100|[from] ability: Hospitality|[of] p1a: Sinistcha
|move|p1b: Milotic|Protect|p1b: Milotic
|-singleturn|p1b: Milotic|Protect
|move|p2b: Kommo-o|Clanging Scales|p1b: Milotic|[spread] p1a
|-activate|p1b: Milotic|move: Protect
|-damage|p1a: Sinistcha|50/100g
|-unboost|p2b: Kommo-o|def|1
|cant|p2a: DON JULIO|slp
|
|-heal|p2b: Kommo-o|82/100 par|[from] item: Leftovers
|-heal|p1b: Milotic|60/100|[from] item: Leftovers
|upkeep
|turn|5
|
|t:|1785601441
|move|p2b: Kommo-o|Clanging Scales|p1b: Milotic|[spread] p1a,p1b
|-damage|p1a: Sinistcha|0 fnt
|-damage|p1b: Milotic|27/100
|faint|p1a: Sinistcha
|-unboost|p2b: Kommo-o|def|1
|move|p1b: Milotic|Coil|p1b: Milotic
|-boost|p1b: Milotic|atk|1
|-boost|p1b: Milotic|def|1
|-boost|p1b: Milotic|accuracy|1
|cant|p2a: DON JULIO|slp
|
|-heal|p2b: Kommo-o|88/100 par|[from] item: Leftovers
|-heal|p1b: Milotic|33/100|[from] item: Leftovers
|-sideend|p2: clarocojones|move: Tailwind
|upkeep
|
|t:|1785601454
|switch|p1a: Incineroar|Incineroar, L50, M|100/100
|-ability|p1a: Incineroar|Intimidate|boost
|-unboost|p2a: DON JULIO|atk|1
|-unboost|p2b: Kommo-o|atk|1
|turn|6
|
|t:|1785601474
|move|p1a: Incineroar|Fake Out|p2b: Kommo-o
|-damage|p2b: Kommo-o|70/100 par
|move|p1b: Milotic|Muddy Water|p2b: Kommo-o|[spread] p2a,p2b
|-resisted|p2a: DON JULIO|1
|-resisted|p2b: Kommo-o|1
|-damage|p2a: DON JULIO|89/100 slp
|-damage|p2b: Kommo-o|63/100 par
|-unboost|p2b: Kommo-o|accuracy|1
|cant|p2b: Kommo-o|flinch
|-curestatus|p2a: DON JULIO|slp|[msg]
|move|p2a: DON JULIO|Trick Room|p2a: DON JULIO
|-fieldstart|move: Trick Room|[of] p2a: DON JULIO
|
|-heal|p2b: Kommo-o|69/100 par|[from] item: Leftovers
|-heal|p1b: Milotic|39/100|[from] item: Leftovers
|upkeep
|turn|7
|
|t:|1785601493
|move|p1a: Incineroar|Flare Blitz|p2a: DON JULIO
|-supereffective|p2a: DON JULIO|1
|-damage|p2a: DON JULIO|10/100
|-damage|p1a: Incineroar|77/100|[from] Recoil
|move|p2a: DON JULIO|Matcha Gotcha|p1a: Incineroar|[spread] p1a,p1b
|-resisted|p1a: Incineroar|1
|-supereffective|p1b: Milotic|1
|-damage|p1a: Incineroar|66/100
|-heal|p2a: DON JULIO|17/100|[from] drain|[of] p1a: Incineroar
|-damage|p1b: Milotic|6/100
|-heal|p2a: DON JULIO|35/100|[from] drain|[of] p1b: Milotic
|cant|p2b: Kommo-o|par
|move|p1b: Milotic|Muddy Water|p2a: DON JULIO|[spread] p2a,p2b
|-resisted|p2a: DON JULIO|1
|-resisted|p2b: Kommo-o|1
|-damage|p2a: DON JULIO|25/100
|-damage|p2b: Kommo-o|60/100 par
|-unboost|p2a: DON JULIO|accuracy|1
|-unboost|p2b: Kommo-o|accuracy|1
|
|-heal|p2b: Kommo-o|66/100 par|[from] item: Leftovers
|-heal|p1b: Milotic|12/100|[from] item: Leftovers
|upkeep
|turn|8
|inactive|darkocin has 30 seconds left.
|
|t:|1785601522
|move|p1b: Milotic|Protect|p1b: Milotic
|-singleturn|p1b: Milotic|Protect
|move|p1a: Incineroar|Flare Blitz|p2b: Kommo-o
|-resisted|p2b: Kommo-o|1
|-damage|p2b: Kommo-o|21/100 par
|-damage|p1a: Incineroar|54/100|[from] Recoil
|move|p2a: DON JULIO|Matcha Gotcha|p1b: Milotic|[spread] p1a
|-activate|p1b: Milotic|move: Protect
|-resisted|p1a: Incineroar|1
|-damage|p1a: Incineroar|44/100
|-heal|p2a: DON JULIO|31/100|[from] drain|[of] p1a: Incineroar
|-enditem|p1a: Incineroar|Sitrus Berry|[eat]
|-heal|p1a: Incineroar|69/100|[from] item: Sitrus Berry
|move|p2b: Kommo-o|Aura Sphere|p1a: Incineroar
|-supereffective|p1a: Incineroar|1
|-damage|p1a: Incineroar|0 fnt
|faint|p1a: Incineroar
|
|-heal|p2b: Kommo-o|27/100 par|[from] item: Leftovers
|-heal|p1b: Milotic|18/100|[from] item: Leftovers
|upkeep
|
|t:|1785601538
|switch|p1a: Raichu|Raichu-Mega-Y, L50, M|56/100
|turn|9
|
|t:|1785601549
|move|p1a: Raichu|Fake Out|p2b: Kommo-o
|-damage|p2b: Kommo-o|10/100 par
|move|p2a: DON JULIO|Life Dew|p2a: DON JULIO|[spread] p2a,p2b
|-heal|p2a: DON JULIO|56/100
|-heal|p2b: Kommo-o|35/100 par
|cant|p2b: Kommo-o|flinch
|move|p1b: Milotic|Hypnosis|p2a: DON JULIO
|-status|p2a: DON JULIO|slp|[from] move: Hypnosis
|
|-heal|p2b: Kommo-o|41/100 par|[from] item: Leftovers
|-heal|p1b: Milotic|24/100|[from] item: Leftovers
|upkeep
|turn|10
|
|t:|1785601568
|switch|p2a: Kingambit|Kingambit, L50, M, shiny|100/100
|move|p1a: Raichu|Protect|p1a: Raichu
|-singleturn|p1a: Raichu|Protect
|move|p2b: Kommo-o|Aura Sphere|p1b: Milotic
|-damage|p1b: Milotic|0 fnt
|faint|p1b: Milotic
|
|-heal|p2b: Kommo-o|48/100 par|[from] item: Leftovers
|-fieldend|move: Trick Room
|upkeep
|turn|11
|-message|darkocin forfeited.
|
|win|clarocojones
