|j|☆Eldrazii
|j|☆Harry Koekenpan
|html|EldraziiHarry Koekenpan    
|uhtml|bestof|Game 1 of a best-of-3
|t:|1756218632
|gametype|doubles
|player|p1|Eldrazii|swimmerf|
|player|p2|Harry Koekenpan|265|
|gen|9
|tier|[Gen 9] VGC 2025 Reg H (Bo3)
|rule|Species Clause: Limit one of each Pokémon
|rule|Item Clause: Limit 1 of each item
|clearpoke
|poke|p1|Kingambit, L50, M|
|poke|p1|Electabuzz, L50, F|
|poke|p1|Primarina, L50, M|
|poke|p1|Rillaboom, L50, F|
|poke|p1|Sneasler, L50, M|
|poke|p1|Ceruledge, L50, M|
|poke|p2|Typhlosion-Hisui, L50, M|
|poke|p2|Murkrow, L50, M|
|poke|p2|Muk-Alola, L50, F|
|poke|p2|Smeargle, L50, F|
|poke|p2|Rillaboom, L50, M|
|poke|p2|Flamigo, L50, F|
|teampreview|4
|showteam|p1|Kingambit||BlackGlasses|Defiant|KowtowCleave,SuckerPunch,SwordsDance,Protect|||M|||50|,,,,,Flying]Electabuzz||Eviolite|VitalSpirit|FollowMe,Electroweb,Taunt,Protect|||F|||50|,,,,,Water]Primarina||ThroatSpray|LiquidVoice|HyperVoice,Moonblast,Haze,Protect|||M|||50|,,,,,Poison]Rillaboom||AssaultVest|GrassySurge|FakeOut,GrassyGlide,WoodHammer,Uturn|||F|||50|,,,,,Fire]Sneasler||WhiteHerb|Unburden|CloseCombat,DireClaw,Coaching,Protect|||M|||50|,,,,,Ghost]Ceruledge||GrassySeed|FlashFire|BitterBlade,Poltergeist,Protect,BulkUp|||M|||50|,,,,,Grass
|showteam|p2|Typhlosion-Hisui||ChoiceSpecs|Blaze|Eruption,ShadowBall,Overheat,HeatWave|||M|||50|,,,,,Fire]Murkrow||Eviolite|Prankster|Tailwind,Taunt,SunnyDay,FoulPlay|||M|||50|,,,,,Ghost]Muk-Alola||Leftovers|PowerofAlchemy|Minimize,PoisonFang,KnockOff,Protect|||F|||50|,,,,,Ghost]Smeargle||FocusSash|Moody|FollowMe,FakeOut,SpikyShield,Explosion|||F|||50|,,,,,Ghost]Rillaboom||AssaultVest|GrassySurge|WoodHammer,GrassyGlide,FakeOut,HighHorsepower|||M|||50|,,,,,Fire]Flamigo||LifeOrb|Costar|CloseCombat,BraveBird,Taunt,Detect|||F|||50|,,,,,Ghost
|inactive|Battle timer is ON: inactive players will automatically lose when time's up. (requested by Eldrazii)
|c|☆Harry Koekenpan|glhf
|c|☆Eldrazii|glgl
|inactive|Eldrazii has 60 seconds left.
|inactive|Harry Koekenpan has 60 seconds left.
|
|t:|1756218668
|teamsize|p1|4
|teamsize|p2|4
|start
|switch|p1a: Rillaboom|Rillaboom, L50, F|100/100
|switch|p1b: Electabuzz|Electabuzz, L50, F|100/100
|switch|p2a: Muk|Muk-Alola, L50, F|100/100
|switch|p2b: Smeargle|Smeargle, L50, F|100/100
|-fieldstart|move: Grassy Terrain|[from] ability: Grassy Surge|[of] p1a: Rillaboom
|turn|1
|
|t:|1756218693
|move|p1a: Rillaboom|Fake Out|p2b: Smeargle
|-damage|p2b: Smeargle|59/100
|cant|p2b: Smeargle|flinch
|move|p1b: Electabuzz|Taunt|p2a: Muk
|-start|p2a: Muk|move: Taunt
|cant|p2a: Muk|move: Taunt|Minimize
|
|-heal|p2b: Smeargle|65/100|[from] Grassy Terrain
|-ability|p2b: Smeargle|Moody|boost
|-boost|p2b: Smeargle|spd|2
|-unboost|p2b: Smeargle|atk|1
|upkeep
|turn|2
|inactive|Harry Koekenpan has 30 seconds left.
|inactive|Harry Koekenpan has 20 seconds left.
|
|t:|1756218733
|move|p2b: Smeargle|Follow Me|p2b: Smeargle
|-singleturn|p2b: Smeargle|move: Follow Me
|move|p1a: Rillaboom|U-turn|p2b: Smeargle
|-damage|p2b: Smeargle|0 fnt
|faint|p2b: Smeargle
|-ability|p2a: Muk|Moody|Power of Alchemy|[from] ability: Power of Alchemy|[of] p2b: Smeargle
|
|t:|1756218741
|switch|p1a: Ceruledge|Ceruledge, L50, M, shiny|100/100|[from] U-turn
|-enditem|p1a: Ceruledge|Grassy Seed
|-boost|p1a: Ceruledge|def|1|[from] item: Grassy Seed
|move|p1b: Electabuzz|Electroweb|p2a: Muk
|-damage|p2a: Muk|89/100
|-unboost|p2a: Muk|spe|1
|move|p2a: Muk|Knock Off|p1b: Electabuzz
|-damage|p1b: Electabuzz|74/100
|-enditem|p1b: Electabuzz|Eviolite|[from] move: Knock Off|[of] p2a: Muk
|
|-heal|p1b: Electabuzz|80/100|[from] Grassy Terrain
|-heal|p2a: Muk|95/100|[from] Grassy Terrain
|-heal|p2a: Muk|100/100|[from] item: Leftovers
|-ability|p2a: Muk|Moody|boost
|-boost|p2a: Muk|spa|2
|-unboost|p2a: Muk|atk|1
|upkeep
|
|t:|1756218760
|switch|p2b: Rillaboom|Rillaboom, L50, M|100/100
|turn|3
|
|t:|1756218779
|move|p1a: Ceruledge|Protect|p1a: Ceruledge
|-singleturn|p1a: Ceruledge|Protect
|move|p1b: Electabuzz|Electroweb|p2a: Muk|[spread] p2a,p2b
|-resisted|p2b: Rillaboom
|-damage|p2a: Muk|92/100
|-damage|p2b: Rillaboom|95/100
|-unboost|p2a: Muk|spe|1
|-unboost|p2b: Rillaboom|spe|1
|move|p2b: Rillaboom|High Horsepower|p1b: Electabuzz|[miss]
|-miss|p2b: Rillaboom|p1b: Electabuzz
|move|p2a: Muk|Knock Off|p1a: Ceruledge
|-activate|p1a: Ceruledge|move: Protect
|
|-heal|p1b: Electabuzz|86/100|[from] Grassy Terrain
|-heal|p2b: Rillaboom|100/100|[from] Grassy Terrain
|-heal|p2a: Muk|98/100|[from] Grassy Terrain
|-heal|p2a: Muk|100/100|[from] item: Leftovers
|-end|p2a: Muk|move: Taunt
|-ability|p2a: Muk|Moody|boost
|-boost|p2a: Muk|def|2
|-unboost|p2a: Muk|spa|1
|upkeep
|turn|4
|
|t:|1756218802
|-terastallize|p2b: Rillaboom|Fire
|move|p2a: Muk|Protect|p2a: Muk
|-singleturn|p2a: Muk|Protect
|move|p1b: Electabuzz|Taunt|p2a: Muk
|-activate|p2a: Muk|move: Protect
|move|p1a: Ceruledge|Bulk Up|p1a: Ceruledge
|-boost|p1a: Ceruledge|atk|1
|-boost|p1a: Ceruledge|def|1
|move|p2b: Rillaboom|High Horsepower|p1b: Electabuzz
|-supereffective|p1b: Electabuzz
|-damage|p1b: Electabuzz|14/100
|
|-heal|p1b: Electabuzz|20/100|[from] Grassy Terrain
|-ability|p2a: Muk|Moody|boost
|-boost|p2a: Muk|spd|2
|-unboost|p2a: Muk|def|1
|upkeep
|turn|5
|
|t:|1756218821
|move|p1b: Electabuzz|Follow Me|p1b: Electabuzz
|-singleturn|p1b: Electabuzz|move: Follow Me
|move|p2b: Rillaboom|Grassy Glide|p1b: Electabuzz
|-damage|p1b: Electabuzz|0 fnt
|faint|p1b: Electabuzz
|move|p1a: Ceruledge|Poltergeist|p2b: Rillaboom
|-activate|p2b: Rillaboom|move: Poltergeist|Assault Vest
|-damage|p2b: Rillaboom|25/100
|move|p2a: Muk|Minimize|p2a: Muk
|-boost|p2a: Muk|evasion|2
|
|-heal|p2b: Rillaboom|31/100|[from] Grassy Terrain
|-fieldend|move: Grassy Terrain
|-ability|p2a: Muk|Moody|boost
|-boost|p2a: Muk|spa|2
|-unboost|p2a: Muk|atk|1
|upkeep
|
|t:|1756218839
|switch|p1b: Sneasler|Sneasler, L50, M|100/100
|turn|6
|
|t:|1756218860
|move|p1b: Sneasler|Close Combat|p2a: Muk|[miss]
|-miss|p1b: Sneasler|p2a: Muk
|move|p1a: Ceruledge|Bitter Blade|p2a: Muk|[miss]
|-miss|p1a: Ceruledge|p2a: Muk
|move|p2b: Rillaboom|High Horsepower|p1b: Sneasler
|-supereffective|p1b: Sneasler
|-damage|p1b: Sneasler|11/100
|move|p2a: Muk|Minimize|p2a: Muk
|-boost|p2a: Muk|evasion|2
|
|-ability|p2a: Muk|Moody|boost
|-boost|p2a: Muk|spe|2
|-unboost|p2a: Muk|spa|1
|upkeep
|turn|7
|inactive|Harry Koekenpan has 30 seconds left.
|
|t:|1756218890
|switch|p2b: Flamigo|Flamigo, L50, F|100/100
|-copyboost|p2b: Flamigo|p2a: Muk|[from] ability: Costar
|move|p1b: Sneasler|Dire Claw|p2b: Flamigo
|-damage|p2b: Flamigo|61/100
|move|p1a: Ceruledge|Bitter Blade|p2a: Muk|[miss]
|-miss|p1a: Ceruledge|p2a: Muk
|move|p2a: Muk|Knock Off|p1b: Sneasler
|-resisted|p1b: Sneasler
|-damage|p1b: Sneasler|0 fnt
|-enditem|p1b: Sneasler|White Herb|[from] move: Knock Off|[of] p2a: Muk
|faint|p1b: Sneasler
|
|-ability|p2a: Muk|Moody|boost
|-boost|p2a: Muk|spa|2
|-unboost|p2a: Muk|spd|1
|upkeep
|
|t:|1756218909
|switch|p1b: Rillaboom|Rillaboom, L50, F|100/100
|-fieldstart|move: Grassy Terrain|[from] ability: Grassy Surge|[of] p1b: Rillaboom
|turn|8
|
|t:|1756218924
|move|p2b: Flamigo|Detect|p2b: Flamigo
|-singleturn|p2b: Flamigo|Protect
|move|p2a: Muk|Protect|p2a: Muk
|-singleturn|p2a: Muk|Protect
|move|p1b: Rillaboom|Wood Hammer|p2b: Flamigo
|-activate|p2b: Flamigo|move: Protect
|move|p1a: Ceruledge|Bitter Blade|p2a: Muk
|-activate|p2a: Muk|move: Protect
|
|-ability|p2a: Muk|Moody|boost
|-boost|p2a: Muk|spd|2
|-unboost|p2a: Muk|spa|1
|upkeep
|turn|9
|
|t:|1756218942
|move|p2b: Flamigo|Brave Bird|p1b: Rillaboom
|-supereffective|p1b: Rillaboom
|-damage|p1b: Rillaboom|30/100
|-damage|p2b: Flamigo|33/100|[from] Recoil
|-damage|p2b: Flamigo|23/100|[from] item: Life Orb
|move|p1b: Rillaboom|Wood Hammer|p2a: Muk|[miss]
|-miss|p1b: Rillaboom|p2a: Muk
|move|p1a: Ceruledge|Poltergeist|p2a: Muk|[miss]
|-miss|p1a: Ceruledge|p2a: Muk
|move|p2a: Muk|Knock Off|p1b: Rillaboom
|-damage|p1b: Rillaboom|11/100
|-enditem|p1b: Rillaboom|Assault Vest|[from] move: Knock Off|[of] p2a: Muk
|
|-heal|p1b: Rillaboom|17/100|[from] Grassy Terrain
|-ability|p2a: Muk|Moody|boost
|-boost|p2a: Muk|spe|2
|-unboost|p2a: Muk|atk|1
|upkeep
|turn|10
|
|t:|1756218964
|move|p2b: Flamigo|Detect|p2b: Flamigo
|-singleturn|p2b: Flamigo|Protect
|move|p1b: Rillaboom|Wood Hammer|p2a: Muk|[miss]
|-miss|p1b: Rillaboom|p2a: Muk
|move|p2a: Muk|Poison Fang|p1b: Rillaboom
|-supereffective|p1b: Rillaboom
|-damage|p1b: Rillaboom|1/100
|move|p1a: Ceruledge|Bitter Blade|p2a: Muk|[miss]
|-miss|p1a: Ceruledge|p2a: Muk
|
|-heal|p1b: Rillaboom|7/100|[from] Grassy Terrain
|-ability|p2a: Muk|Moody|boost
|-boost|p2a: Muk|spe|2
|-unboost|p2a: Muk|spa|1
|upkeep
|turn|11
|
|t:|1756218988
|move|p1b: Rillaboom|Grassy Glide|p2a: Muk|[miss]
|-miss|p1b: Rillaboom|p2a: Muk
|move|p2a: Muk|Poison Fang|p1b: Rillaboom
|-supereffective|p1b: Rillaboom
|-damage|p1b: Rillaboom|0 fnt
|faint|p1b: Rillaboom
|move|p2b: Flamigo|Brave Bird|p1a: Ceruledge
|-damage|p1a: Ceruledge|76/100
|-damage|p2b: Flamigo|14/100|[from] Recoil
|-damage|p2b: Flamigo|5/100|[from] item: Life Orb
|move|p1a: Ceruledge|Bitter Blade|p2a: Muk|[miss]
|-miss|p1a: Ceruledge|p2a: Muk
|
|-heal|p1a: Ceruledge|82/100|[from] Grassy Terrain
|-ability|p2a: Muk|Moody|boost
|-boost|p2a: Muk|def|2
|-unboost|p2a: Muk|atk|1
|upkeep
|turn|12
|c|☆Eldrazii|let me hit that thing
|inactive|Harry Koekenpan has 30 seconds left.
|
|t:|1756219013
|move|p2b: Flamigo|Detect|p2b: Flamigo
|-singleturn|p2b: Flamigo|Protect
|move|p2a: Muk|Poison Fang|p1a: Ceruledge
|-resisted|p1a: Ceruledge
|-damage|p1a: Ceruledge|81/100
|move|p1a: Ceruledge|Bitter Blade|p2a: Muk|[miss]
|-miss|p1a: Ceruledge|p2a: Muk
|
|-heal|p1a: Ceruledge|87/100|[from] Grassy Terrain
|-fieldend|move: Grassy Terrain
|-ability|p2a: Muk|Moody|boost
|-boost|p2a: Muk|spe|2
|-unboost|p2a: Muk|spa|1
|upkeep
|turn|13
|c|☆Harry Koekenpan|sorry bro
|c|☆Eldrazii|xD
|inactive|Harry Koekenpan has 30 seconds left.
|
|t:|1756219044
|switch|p2b: Rillaboom|Rillaboom, L50, M, tera:Fire|31/100
|-fieldstart|move: Grassy Terrain|[from] ability: Grassy Surge|[of] p2b: Rillaboom
|move|p2a: Muk|Poison Fang|p1a: Ceruledge
|-resisted|p1a: Ceruledge
|-damage|p1a: Ceruledge|85/100
|-status|p1a: Ceruledge|tox
|move|p1a: Ceruledge|Bulk Up|p1a: Ceruledge
|-boost|p1a: Ceruledge|atk|1
|-boost|p1a: Ceruledge|def|1
|
|-heal|p1a: Ceruledge|91/100 tox|[from] Grassy Terrain
|-heal|p2b: Rillaboom|37/100|[from] Grassy Terrain
|-damage|p1a: Ceruledge|85/100 tox|[from] psn
|-ability|p2a: Muk|Moody|boost
|-boost|p2a: Muk|spa|2
|-unboost|p2a: Muk|atk|1
|upkeep
|turn|14
|
|t:|1756219067
|move|p1a: Ceruledge|Protect|p1a: Ceruledge
|-singleturn|p1a: Ceruledge|Protect
|move|p2a: Muk|Knock Off|p1a: Ceruledge
|-activate|p1a: Ceruledge|move: Protect
|move|p2b: Rillaboom|High Horsepower|p1a: Ceruledge
|-activate|p1a: Ceruledge|move: Protect
|
|-heal|p1a: Ceruledge|91/100 tox|[from] Grassy Terrain
|-heal|p2b: Rillaboom|43/100|[from] Grassy Terrain
|-damage|p1a: Ceruledge|79/100 tox|[from] psn
|-ability|p2a: Muk|Moody|boost
|-boost|p2a: Muk|spa|2
|-unboost|p2a: Muk|atk|1
|upkeep
|turn|15
|
|t:|1756219077
|move|p2a: Muk|Knock Off|p1a: Ceruledge
|-supereffective|p1a: Ceruledge
|-damage|p1a: Ceruledge|72/100 tox
|move|p1a: Ceruledge|Bitter Blade|p2a: Muk
|-damage|p2a: Muk|61/100
|-heal|p1a: Ceruledge|96/100 tox|[from] drain|[of] p2a: Muk
|move|p2b: Rillaboom|High Horsepower|p1a: Ceruledge
|-supereffective|p1a: Ceruledge
|-damage|p1a: Ceruledge|62/100 tox
|
|-heal|p2a: Muk|67/100|[from] Grassy Terrain
|-heal|p2a: Muk|73/100|[from] item: Leftovers
|-heal|p1a: Ceruledge|68/100 tox|[from] Grassy Terrain
|-heal|p2b: Rillaboom|48/100|[from] Grassy Terrain
|-damage|p1a: Ceruledge|50/100 tox|[from] psn
|-ability|p2a: Muk|Moody|boost
|-boost|p2a: Muk|spd|2
|-unboost|p2a: Muk|spa|1
|upkeep
|turn|16
|c|☆Harry Koekenpan|yesss
|inactive|Harry Koekenpan has 30 seconds left.
|
|t:|1756219104
|move|p2a: Muk|Minimize|p2a: Muk
|-boost|p2a: Muk|evasion|2
|move|p1a: Ceruledge|Bitter Blade|p2a: Muk|[miss]
|-miss|p1a: Ceruledge|p2a: Muk
|move|p2b: Rillaboom|High Horsepower|p1a: Ceruledge
|-supereffective|p1a: Ceruledge
|-damage|p1a: Ceruledge|16/100 tox
|
|-heal|p2a: Muk|79/100|[from] Grassy Terrain
|-heal|p2a: Muk|85/100|[from] item: Leftovers
|-heal|p1a: Ceruledge|22/100 tox|[from] Grassy Terrain
|-heal|p2b: Rillaboom|54/100|[from] Grassy Terrain
|-damage|p1a: Ceruledge|0 fnt|[from] psn
|faint|p1a: Ceruledge
|
|win|Harry Koekenpan
||Harry Koekenpan is ready for game 2.
||Eldrazii is ready for game 2.
|uhtml|next|Next: Game 2 of 3
