|j|☆Kurolax
|j|☆artyowls
|html|Kurolaxartyowls    
|uhtml|bestof|Game 1 of a best-of-3
|t:|1756845257
|gametype|doubles
|player|p1|Kurolax|265|1046
|player|p2|artyowls|plasmagrunt|1068
|gen|9
|tier|[Gen 9] VGC 2025 Reg H (Bo3)
|rated|
|rule|Species Clause: Limit one of each Pokémon
|rule|Item Clause: Limit 1 of each item
|clearpoke
|poke|p1|Electabuzz, L50, M|
|poke|p1|Ursaluna-Bloodmoon, L50, M|
|poke|p1|Arcanine-Hisui, L50, F|
|poke|p1|Tyranitar, L50, F|
|poke|p1|Sneasler, L50, F|
|poke|p1|Indeedee, L50, M|
|poke|p2|Incineroar, L50, F|
|poke|p2|Amoonguss, L50, F|
|poke|p2|Ursaluna-Bloodmoon, L50, M|
|poke|p2|Sneasler, L50, M|
|poke|p2|Gholdengo, L50|
|poke|p2|Dragonite, L50, F|
|teampreview|4
|showteam|p1|Electabuzz||Eviolite|VitalSpirit|Electroweb,FollowMe,Taunt,Thunderbolt|||M|||50|,,,,,Electric]Ursaluna-Bloodmoon||ThroatSpray|MindsEye|HyperVoice,BloodMoon,Protect,EarthPower|||M|||50|,,,,,Ghost]Arcanine-Hisui||ClearAmulet|Intimidate|RockSlide,WildCharge,FlareBlitz,Protect|||F|||50|,,,,,Water]Tyranitar||AssaultVest|SandStream|RockSlide,TeraBlast,KnockOff,HighHorsepower|||F|||50|,,,,,Flying]Sneasler||PsychicSeed|Unburden|DireClaw,CloseCombat,Protect,Acrobatics|||F|||50|,,,,,Flying]Indeedee||FocusSash|PsychicSurge|DazzlingGleam,ExpandingForce,Psychic,TrickRoom|||M|||50|,,,,,Dark
|showteam|p2|Incineroar||SafetyGoggles|Intimidate|FlareBlitz,KnockOff,PartingShot,FakeOut|||F|||50|,,,,,Ghost]Amoonguss||SitrusBerry|Regenerator|Spore,RagePowder,PollenPuff,Protect|||F|||50|,,,,,Psychic]Ursaluna-Bloodmoon||AssaultVest|MindsEye|HyperVoice,BloodMoon,EarthPower,VacuumWave|||M|||50|,,,,,Water]Sneasler||FocusSash|Unburden|CloseCombat,DireClaw,ThroatChop,Protect|||M|||50|,,,,,Stellar]Gholdengo||LifeOrb|GoodasGold|MakeItRain,ShadowBall,NastyPlot,Protect||||||50|,,,,,Water]Dragonite||LoadedDice|Multiscale|ScaleShot,Tailwind,Haze,Protect|||F|||50|,,,,,Fairy
|inactive|Battle timer is ON: inactive players will automatically lose when time's up. (requested by Kurolax)
|
|t:|1756845350
|teamsize|p1|4
|teamsize|p2|4
|start
|switch|p1a: Indeedee|Indeedee, L50, M|100/100
|switch|p1b: Ursaluna|Ursaluna-Bloodmoon, L50, M|100/100
|switch|p2a: Incineroar|Incineroar, L50, F|100/100
|switch|p2b: Dragonite|Dragonite, L50, F|100/100
|-fieldstart|move: Psychic Terrain|[from] ability: Psychic Surge|[of] p1a: Indeedee
|-ability|p2a: Incineroar|Intimidate|boost
|-unboost|p1a: Indeedee|atk|1
|-unboost|p1b: Ursaluna|atk|1
|turn|1
|inactive|Kurolax has 30 seconds left.
|inactive|artyowls has 30 seconds left.
|inactive|artyowls has 20 seconds left.
|inactive|artyowls has 15 seconds left.
|inactive|artyowls has 10 seconds left.
|inactive|artyowls has 5 seconds left.
|
|t:|1756845400
|move|p2b: Dragonite|Scale Shot|p1b: Ursaluna
|-damage|p1b: Ursaluna|90/100
|-damage|p1b: Ursaluna|80/100
|-damage|p1b: Ursaluna|69/100
|-damage|p1b: Ursaluna|60/100
|-damage|p1b: Ursaluna|48/100
|-hitcount|p1b: Ursaluna|5
|-unboost|p2b: Dragonite|def|1
|-boost|p2b: Dragonite|spe|1
|move|p1a: Indeedee|Dazzling Gleam|p2a: Incineroar|[spread] p2a,p2b
|-supereffective|p2b: Dragonite
|-damage|p2a: Incineroar|84/100
|-damage|p2b: Dragonite|81/100
|move|p2a: Incineroar|Knock Off|p1b: Ursaluna
|-damage|p1b: Ursaluna|20/100
|-enditem|p1b: Ursaluna|Throat Spray|[from] move: Knock Off|[of] p2a: Incineroar
|move|p1b: Ursaluna|Hyper Voice|p2b: Dragonite|[spread] p2a,p2b
|-damage|p2a: Incineroar|50/100
|-damage|p2b: Dragonite|40/100
|
|upkeep
|turn|2
|inactive|Kurolax has 30 seconds left.
|inactive|artyowls has 30 seconds left.
|inactive|artyowls has 20 seconds left.
|inactive|artyowls has 15 seconds left.
|inactive|artyowls has 10 seconds left.
|
|t:|1756845448
|switch|p1b: Arcanine|Arcanine-Hisui, L50, F|100/100
|-ability|p1b: Arcanine|Intimidate|boost
|-unboost|p2a: Incineroar|atk|1
|-unboost|p2b: Dragonite|atk|1
|move|p2b: Dragonite|Scale Shot|p1b: Arcanine
|-damage|p1b: Arcanine|89/100
|-damage|p1b: Arcanine|78/100
|-damage|p1b: Arcanine|68/100
|-damage|p1b: Arcanine|56/100
|-hitcount|p1b: Arcanine|4
|-unboost|p2b: Dragonite|def|1
|-boost|p2b: Dragonite|spe|1
|move|p1a: Indeedee|Dazzling Gleam|p2b: Dragonite|[spread] p2a,p2b
|-supereffective|p2b: Dragonite
|-damage|p2a: Incineroar|34/100
|-damage|p2b: Dragonite|0 fnt
|faint|p2b: Dragonite
|move|p2a: Incineroar|Knock Off|p1a: Indeedee
|-supereffective|p1a: Indeedee
|-enditem|p1a: Indeedee|Focus Sash
|-damage|p1a: Indeedee|1/100
|
|upkeep
|
|t:|1756845468
|switch|p2b: Gholdengo|Gholdengo, L50|100/100
|turn|3
|inactive|artyowls has 30 seconds left.
|
|t:|1756845502
|move|p2b: Gholdengo|Protect|p2b: Gholdengo
|-singleturn|p2b: Gholdengo|Protect
|move|p1b: Arcanine|Wild Charge|p2b: Gholdengo
|-activate|p2b: Gholdengo|move: Protect
|move|p1a: Indeedee|Dazzling Gleam|p2b: Gholdengo|[spread] p2a
|-activate|p2b: Gholdengo|move: Protect
|-damage|p2a: Incineroar|16/100
|move|p2a: Incineroar|Parting Shot|p1b: Arcanine
|-fail|p1b: Arcanine|unboost|[from] item: Clear Amulet|[of] p1b: Arcanine
|
|upkeep
|turn|4
|inactive|Kurolax has 30 seconds left.
|inactive|artyowls has 30 seconds left.
|inactive|Kurolax has 20 seconds left.
|inactive|artyowls has 20 seconds left.
|inactive|artyowls has 15 seconds left.
|
|t:|1756845547
|move|p2b: Gholdengo|Make It Rain|p1b: Arcanine|[spread] p1a,p1b
|-damage|p1a: Indeedee|0 fnt
|-damage|p1b: Arcanine|0 fnt
|-unboost|p2b: Gholdengo|spa|1
|faint|p1a: Indeedee
|faint|p1b: Arcanine
|-damage|p2b: Gholdengo|91/100|[from] item: Life Orb
|move|p2a: Incineroar|Knock Off|p1: Indeedee|[notarget]
|-fail|p2a: Incineroar
|
|upkeep
|
|t:|1756845558
|switch|p1b: Sneasler|Sneasler, L50, F|100/100
|switch|p1a: Ursaluna|Ursaluna-Bloodmoon, L50, M|20/100
|-enditem|p1b: Sneasler|Psychic Seed
|-boost|p1b: Sneasler|spd|1|[from] item: Psychic Seed
|turn|5
|inactive|Kurolax has 30 seconds left.
|inactive|artyowls has 30 seconds left.
|inactive|artyowls has 20 seconds left.
|inactive|artyowls has 15 seconds left.
|
|t:|1756845602
|-terastallize|p1b: Sneasler|Flying
|move|p1b: Sneasler|Dire Claw|p2a: Incineroar
|-damage|p2a: Incineroar|0 fnt
|faint|p2a: Incineroar
|move|p2b: Gholdengo|Make It Rain|p1b: Sneasler|[spread] p1a,p1b
|-damage|p1a: Ursaluna|0 fnt
|-damage|p1b: Sneasler|62/100
|-unboost|p2b: Gholdengo|spa|1
|faint|p1a: Ursaluna
|-damage|p2b: Gholdengo|81/100|[from] item: Life Orb
|
|-fieldend|move: Psychic Terrain
|upkeep
|
|t:|1756845614
|switch|p2a: Ursaluna|Ursaluna-Bloodmoon, L50, M|100/100
|turn|6
|
|t:|1756845627
|move|p1b: Sneasler|Close Combat|p2a: Ursaluna
|-supereffective|p2a: Ursaluna
|-damage|p2a: Ursaluna|5/100
|-unboost|p1b: Sneasler|def|1
|-unboost|p1b: Sneasler|spd|1
|move|p2b: Gholdengo|Make It Rain|p1b: Sneasler
|-damage|p1b: Sneasler|9/100
|-unboost|p2b: Gholdengo|spa|1
|-damage|p2b: Gholdengo|72/100|[from] item: Life Orb
|move|p2a: Ursaluna|Blood Moon|p1b: Sneasler
|-damage|p1b: Sneasler|0 fnt
|faint|p1b: Sneasler
|
|win|artyowls
|inactive|Kurolax has 30 seconds to confirm battle start!
|inactive|artyowls has 30 seconds to confirm battle start!
||artyowls is ready for game 2.
|inactive|Kurolax has 20 seconds to confirm battle start!
||Kurolax is ready for game 2.
|uhtml|next|Next: Game 2 of 3
|l|☆Kurolax
|player|p1|
