|j|☆NorfOrSomething
|j|☆the crimson wooper
|html|NorfOrSomethingthe crimson wooper    
|uhtml|bestof|Game 2 of a best-of-3
|t:|1782324383
|gametype|doubles
|player|p1|NorfOrSomething|artist-gen4|
|player|p2|the crimson wooper|yellow|
|gen|9
|tier|[Gen 9 Champions] VGC 2026 Reg M-B (Bo3)
|rule|Species Clause: Limit one of each Pokémon
|rule|Item Clause: Limit 1 of each item
|clearpoke
|poke|p1|Metagross, L50|
|poke|p1|Dragonite, L50, F|
|poke|p1|Garchomp, L50, M|
|poke|p1|Grimmsnarl, L50, M|
|poke|p1|Sneasler, L50, F|
|poke|p1|Rotom-Wash, L50|
|poke|p2|Overqwil, L50, F|
|poke|p2|Pelipper, L50, F|
|poke|p2|Talonflame, L50, M|
|poke|p2|Archaludon, L50, M|
|poke|p2|Swampert, L50, F|
|poke|p2|Floette-Eternal, L50, F|
|teampreview|4
|showteam|p1|Metagross||Metagrossite|ClearBody|IronHead,PsychicFangs,BulletPunch,Protect|Jolly|||||50|]Dragonite||Dragoninite|Multiscale|DragonPulse,AirSlash,Flamethrower,Protect|Modest||F|||50|]Garchomp||LifeOrb|RoughSkin|Earthquake,DragonClaw,RockSlide,Protect|Jolly||M|||50|]Grimmsnarl||LightClay|Prankster|SpiritBreak,Reflect,LightScreen,PartingShot|Careful||M|||50|]Sneasler||FocusSash|Unburden|DireClaw,CloseCombat,Coaching,Protect|Jolly||F|||50|]Rotom-Wash||SitrusBerry|Levitate|Thunderbolt,HydroPump,Electroweb,WillOWisp|Modest|||||50|
|showteam|p2|Overqwil||LifeOrb|SwiftSwim|ThroatChop,Taunt,GunkShot,Protect|Adamant||F|||50|]Pelipper||FocusSash|Drizzle|WideGuard,Protect,Hurricane,WeatherBall|Timid||F|||50|]Talonflame||SharpBeak|GaleWings|Tailwind,BraveBird,FlareBlitz,Protect|Jolly||M|||50|]Archaludon||Leftovers|Stamina|ElectroShot,DracoMeteor,FlashCannon,Protect|Modest||M|||50|]Swampert||Swampertite|Damp|Protect,HighHorsepower,WaveCrash,IcePunch|Adamant||F|||50|]Floette-Eternal||Floettite|Symbiosis|Protect,DazzlingGleam,Moonblast,LightofRuin|Timid||F|||50|
|inactive|Battle timer is ON: inactive players will automatically lose when time's up. (requested by the crimson wooper)
|j| AgsAllDay12
|j| tennerps
|l| tennerps
|j| tennerps
|j| Autin Mago
|
|t:|1782324412
|teamsize|p1|4
|teamsize|p2|4
|start
|switch|p1a: Sheisty|Grimmsnarl, L50, M|100/100
|switch|p1b: Feel The Burn|Rotom-Wash, L50|100/100
|switch|p2a: Skibidi Drizz|Pelipper, L50, F|100/100
|switch|p2b: Lifeguard|Archaludon, L50, M|100/100
|-weather|RainDance|[from] ability: Drizzle|[of] p2a: Skibidi Drizz
|turn|1
|j| TemporalDonut
|j| angelasmachine
|
|t:|1782324423
|move|p1a: Sheisty|Light Screen|p1a: Sheisty
|-sidestart|p1: NorfOrSomething|move: Light Screen
|move|p2a: Skibidi Drizz|Weather Ball|p1a: Sheisty
|-crit|p1a: Sheisty
|-damage|p1a: Sheisty|19/100
|move|p2b: Lifeguard|Electro Shot||[still]
|-prepare|p2b: Lifeguard|Electro Shot
|-boost|p2b: Lifeguard|spa|1
|-anim|p2b: Lifeguard|Electro Shot|p1b: Feel The Burn
|-damage|p1b: Feel The Burn|47/100
|-enditem|p1b: Feel The Burn|Sitrus Berry|[eat]
|-heal|p1b: Feel The Burn|72/100|[from] item: Sitrus Berry
|move|p1b: Feel The Burn|Electroweb|p2a: Skibidi Drizz|[spread] p2a,p2b
|-supereffective|p2a: Skibidi Drizz|2
|-resisted|p2b: Lifeguard|1
|-enditem|p2a: Skibidi Drizz|Focus Sash
|-damage|p2a: Skibidi Drizz|1/100
|-damage|p2b: Lifeguard|87/100
|-unboost|p2a: Skibidi Drizz|spe|1
|-unboost|p2b: Lifeguard|spe|1
|-ability|p2b: Lifeguard|Stamina|boost
|-boost|p2b: Lifeguard|def|1
|
|-weather|RainDance|[upkeep]
|-heal|p2b: Lifeguard|93/100|[from] item: Leftovers
|upkeep
|turn|2
|c|☆the crimson wooper|mb
|l| AgsAllDay12
|c|☆NorfOrSomething|nw
|inactive|NorfOrSomething has 30 seconds left.
|
|t:|1782324450
|move|p2a: Skibidi Drizz|Protect|p2a: Skibidi Drizz
|-singleturn|p2a: Skibidi Drizz|Protect
|move|p1a: Sheisty|Parting Shot|p2b: Lifeguard
|-unboost|p2b: Lifeguard|atk|1
|-unboost|p2b: Lifeguard|spa|1
|
|t:|1782324458
|switch|p1a: Freddy Gible|Garchomp, L50, M|100/100|[from] Parting Shot
|move|p1b: Feel The Burn|Electroweb|p2b: Lifeguard|[spread] p2b
|-activate|p2a: Skibidi Drizz|move: Protect
|-resisted|p2b: Lifeguard|1
|-damage|p2b: Lifeguard|79/100
|-unboost|p2b: Lifeguard|spe|1
|-ability|p2b: Lifeguard|Stamina|boost
|-boost|p2b: Lifeguard|def|1
|move|p2b: Lifeguard|Electro Shot||[still]
|-prepare|p2b: Lifeguard|Electro Shot
|-boost|p2b: Lifeguard|spa|1
|-anim|p2b: Lifeguard|Electro Shot|p1b: Feel The Burn
|-damage|p1b: Feel The Burn|22/100
|
|-weather|RainDance|[upkeep]
|-heal|p2b: Lifeguard|85/100|[from] item: Leftovers
|upkeep
|turn|3
|
|t:|1782324471
|move|p2b: Lifeguard|Protect|p2b: Lifeguard
|-singleturn|p2b: Lifeguard|Protect
|move|p1a: Freddy Gible|Earthquake|p2a: Skibidi Drizz|[spread] 
|-activate|p2b: Lifeguard|move: Protect
|-immune|p1b: Feel The Burn|[from] ability: Levitate
|-immune|p2a: Skibidi Drizz
|move|p1b: Feel The Burn|Electroweb|p2b: Lifeguard|[spread] p2a
|-activate|p2b: Lifeguard|move: Protect
|-supereffective|p2a: Skibidi Drizz|2
|-damage|p2a: Skibidi Drizz|0 fnt
|faint|p2a: Skibidi Drizz
|
|-weather|RainDance|[upkeep]
|-heal|p2b: Lifeguard|91/100|[from] item: Leftovers
|upkeep
|
|t:|1782324476
|switch|p2a: Floette|Floette-Eternal, L50, F|100/100
|turn|4
|
|t:|1782324491
|detailschange|p2a: Floette|Floette-Mega, L50, F
|-mega|p2a: Floette|Floette|Floettite
|-ability|p2a: Floette|Fairy Aura
|move|p1a: Freddy Gible|Protect|p1a: Freddy Gible
|-singleturn|p1a: Freddy Gible|Protect
|move|p2a: Floette|Dazzling Gleam|p1a: Freddy Gible|[spread] p1b
|-activate|p1a: Freddy Gible|move: Protect
|-damage|p1b: Feel The Burn|0 fnt
|faint|p1b: Feel The Burn
|move|p2b: Lifeguard|Flash Cannon|p1a: Freddy Gible
|-activate|p1a: Freddy Gible|move: Protect
|
|-weather|RainDance|[upkeep]
|-heal|p2b: Lifeguard|97/100|[from] item: Leftovers
|upkeep
|
|t:|1782324494
|switch|p1b: Sheisty|Grimmsnarl, L50, M|19/100
|turn|5
|j| AgsAllDay12
|l| AgsAllDay12
|
|t:|1782324502
|move|p1b: Sheisty|Parting Shot|p2a: Floette
|-unboost|p2a: Floette|atk|1
|-unboost|p2a: Floette|spa|1
|
|t:|1782324505
|switch|p1b: Syla|Dragonite, L50, F|100/100|[from] Parting Shot
|move|p1a: Freddy Gible|Earthquake|p2b: Lifeguard|[spread] p2a,p2b
|-immune|p1b: Syla
|-supereffective|p2b: Lifeguard|1
|-damage|p2a: Floette|37/100
|-damage|p2b: Lifeguard|55/100
|-ability|p2b: Lifeguard|Stamina|boost
|-boost|p2b: Lifeguard|def|1
|-damage|p1a: Freddy Gible|90/100|[from] item: Life Orb
|move|p2a: Floette|Dazzling Gleam|p1a: Freddy Gible|[spread] p1a,p1b
|-supereffective|p1a: Freddy Gible|1
|-supereffective|p1b: Syla|1
|-damage|p1a: Freddy Gible|42/100
|-damage|p1b: Syla|80/100
|move|p2b: Lifeguard|Flash Cannon|p1a: Freddy Gible
|-damage|p1a: Freddy Gible|0 fnt
|faint|p1a: Freddy Gible
|
|-weather|none
|-heal|p2b: Lifeguard|61/100|[from] item: Leftovers
|upkeep
|
|t:|1782324511
|switch|p1a: Sheisty|Grimmsnarl, L50, M|19/100
|turn|6
|
|t:|1782324526
|detailschange|p1b: Syla|Dragonite-Mega, L50, F
|-mega|p1b: Syla|Dragonite|Dragoninite
|move|p1a: Sheisty|Parting Shot|p2a: Floette
|-unboost|p2a: Floette|atk|1
|-unboost|p2a: Floette|spa|1
|move|p2a: Floette|Dazzling Gleam|p1a: Sheisty|[spread] p1a,p1b
|-supereffective|p1a: Sheisty|1
|-supereffective|p1b: Syla|1
|-damage|p1a: Sheisty|0 fnt
|-damage|p1b: Syla|57/100
|faint|p1a: Sheisty
|move|p1b: Syla|Dragon Pulse|p2b: Lifeguard
|-damage|p2b: Lifeguard|0 fnt
|faint|p2b: Lifeguard
|
|upkeep
|
|t:|1782324536
|switch|p2b: GOAT|Overqwil, L50, F|100/100
|turn|7
|
|t:|1782324543
|move|p2a: Floette|Light of Ruin|p1b: Syla|[miss]
|-miss|p2a: Floette|p1b: Syla
|move|p2b: GOAT|Throat Chop|p1b: Syla
|-damage|p1b: Syla|14/100
|-start|p1b: Syla|Throat Chop|[silent]
|-damage|p2b: GOAT|90/100|[from] item: Life Orb
|move|p1b: Syla|Air Slash|p2a: Floette
|-damage|p2a: Floette|0 fnt
|faint|p2a: Floette
|
|upkeep
|turn|8
|
|t:|1782324553
|move|p2b: GOAT|Throat Chop|p1b: Syla
|-damage|p1b: Syla|0 fnt
|faint|p1b: Syla
|-damage|p2b: GOAT|80/100|[from] item: Life Orb
|
|win|the crimson wooper
|c|☆NorfOrSomething|fuuuk
||the crimson wooper is ready for game 3.
||NorfOrSomething is ready for game 3.
|uhtml|next|Next: Game 3 of 3
|l|☆the crimson wooper
|player|p2|
|l| tennerps
|l| Autin Mago
|l| TemporalDonut
|j|☆the crimson wooper
|player|p2|the crimson wooper|yellow|
|l|☆NorfOrSomething
|player|p1|
|j| Hudie EU
|l| angelasmachine
