|j|☆lexerthanatauros
|j|☆somadooooooo
|html|lexerthanataurossomadooooooo    
|uhtml|bestof|Game 2 of a best-of-3
|t:|1757823058
|gametype|doubles
|player|p1|lexerthanatauros|lucas|1066
|player|p2|somadooooooo|colress|1052
|gen|9
|tier|[Gen 9] VGC 2025 Reg H (Bo3)
|rated|
|rule|Species Clause: Limit one of each Pokémon
|rule|Item Clause: Limit 1 of each item
|clearpoke
|poke|p1|Kommo-o, L50, M|
|poke|p1|Typhlosion-Hisui, L50, M|
|poke|p1|Jumpluff, L50, F|
|poke|p1|Ninetales, L50, F|
|poke|p1|Indeedee-F, L50, F|
|poke|p1|Hatterene, L50, F|
|poke|p2|Gothitelle, L50, F|
|poke|p2|Incineroar, L50, F|
|poke|p2|Amoonguss, L50, F|
|poke|p2|Dragapult, L50, F|
|poke|p2|Volcarona, L50, F|
|poke|p2|Ursaluna-Bloodmoon, L50, M|
|teampreview|4
|showteam|p1|Kommo-o||ThroatSpray|Overcoat|ClangorousSoul,ClangingScales,AuraSphere,Protect|||M|||50|,,,,,Dragon]Typhlosion-Hisui||ChoiceScarf|Blaze|Eruption,HeatWave,ShadowBall,Overheat|||M|||50|,,,,,Fire]Jumpluff||CovertCloak|Chlorophyll|RagePowder,SleepPowder,Tailwind,StrengthSap|||F|||50|,,,,,Steel]Ninetales||FocusSash|Drought|WillOWisp,Encore,Disable,WeatherBall|||F|||50|,,,,,Ghost]Indeedee-F||PsychicSeed|PsychicSurge|TrickRoom,HelpingHand,FollowMe,DazzlingGleam|||F|||50|,,,,,Fairy]Hatterene||LifeOrb|MagicBounce|TrickRoom,ExpandingForce,DazzlingGleam,Protect|||F|||50|,,,,,Psychic
|showteam|p2|Gothitelle||SitrusBerry|ShadowTag|Psychic,FakeOut,Protect,TrickRoom|||F|||50|,,,,,Water]Incineroar||SafetyGoggles|Intimidate|FakeOut,PartingShot,KnockOff,HelpingHand|||F|||50|,,,,,Ghost]Amoonguss||RockyHelmet|Regenerator|RagePowder,Spore,Protect,PollenPuff|||F|||50|,,,,,Water]Dragapult||ChoiceBand|ClearBody|DragonDarts,TeraBlast,Uturn,PsychicFangs|||F|||50|,,,,,Ghost]Volcarona||CovertCloak|FlameBody|QuiverDance,FieryDance,Protect,GigaDrain|||F|||50|,,,,,Grass]Ursaluna-Bloodmoon||LifeOrb|MindsEye|HyperVoice,EarthPower,Protect,BloodMoon|||M|||50|,,,,,Normal
|inactive|Battle timer is ON: inactive players will automatically lose when time's up. (requested by somadooooooo)
|
|t:|1757823068
|teamsize|p1|4
|teamsize|p2|4
|start
|switch|p1a: Ninetales|Ninetales, L50, F|100/100
|switch|p1b: Typhlosion|Typhlosion-Hisui, L50, M|100/100
|switch|p2a: Incineroar|Incineroar, L50, F|100/100
|switch|p2b: Dragapult|Dragapult, L50, F, shiny|100/100
|-weather|SunnyDay|[from] ability: Drought|[of] p1a: Ninetales
|-ability|p2a: Incineroar|Intimidate|boost
|-unboost|p1a: Ninetales|atk|1
|-unboost|p1b: Typhlosion|atk|1
|turn|1
|inactive|somadooooooo has 30 seconds left.
|
|t:|1757823102
|switch|p1b: Indeedee|Indeedee-F, L50, F|100/100
|-fieldstart|move: Psychic Terrain|[from] ability: Psychic Surge|[of] p1b: Indeedee
|-enditem|p1b: Indeedee|Psychic Seed
|-boost|p1b: Indeedee|spd|1|[from] item: Psychic Seed
|move|p2b: Dragapult|U-turn|p1a: Ninetales
|-resisted|p1a: Ninetales
|-damage|p1a: Ninetales|76/100
|
|t:|1757823110
|switch|p2b: Gothitelle|Gothitelle, L50, F|100/100|[from] U-turn
|move|p1a: Ninetales|Will-O-Wisp|p2b: Gothitelle
|-status|p2b: Gothitelle|brn
|move|p2a: Incineroar|Knock Off|p1b: Indeedee
|-supereffective|p1b: Indeedee
|-damage|p1b: Indeedee|43/100
|
|-weather|SunnyDay|[upkeep]
|-damage|p2b: Gothitelle|94/100 brn|[from] brn
|upkeep
|turn|2
|
|t:|1757823130
|move|p1a: Ninetales|Weather Ball|p2b: Gothitelle
|-damage|p2b: Gothitelle|55/100 brn
|move|p1b: Indeedee|Dazzling Gleam|p2b: Gothitelle|[spread] p2a,p2b
|-damage|p2a: Incineroar|87/100
|-damage|p2b: Gothitelle|46/100 brn
|-enditem|p2b: Gothitelle|Sitrus Berry|[eat]
|-heal|p2b: Gothitelle|71/100 brn|[from] item: Sitrus Berry
|move|p2a: Incineroar|Parting Shot|p1a: Ninetales
|-unboost|p1a: Ninetales|atk|1
|-unboost|p1a: Ninetales|spa|1
|
|t:|1757823140
|switch|p2a: Volcarona|Volcarona, L50, F|100/100|[from] Parting Shot
|move|p2b: Gothitelle|Psychic|p1a: Ninetales
|-damage|p1a: Ninetales|32/100
|
|-weather|SunnyDay|[upkeep]
|-damage|p2b: Gothitelle|64/100 brn|[from] brn
|upkeep
|turn|3
|
|t:|1757823155
|move|p1b: Indeedee|Follow Me|p1b: Indeedee
|-singleturn|p1b: Indeedee|move: Follow Me
|move|p1a: Ninetales|Weather Ball|p2b: Gothitelle
|-damage|p2b: Gothitelle|37/100 brn
|move|p2a: Volcarona|Quiver Dance|p2a: Volcarona
|-boost|p2a: Volcarona|spa|1
|-boost|p2a: Volcarona|spd|1
|-boost|p2a: Volcarona|spe|1
|move|p2b: Gothitelle|Psychic|p1b: Indeedee
|-resisted|p1b: Indeedee
|-damage|p1b: Indeedee|32/100
|
|-weather|SunnyDay|[upkeep]
|-damage|p2b: Gothitelle|31/100 brn|[from] brn
|upkeep
|turn|4
|
|t:|1757823165
|move|p2a: Volcarona|Protect|p2a: Volcarona
|-singleturn|p2a: Volcarona|Protect
|move|p2b: Gothitelle|Protect|p2b: Gothitelle
|-singleturn|p2b: Gothitelle|Protect
|move|p1b: Indeedee|Follow Me|p1b: Indeedee
|-singleturn|p1b: Indeedee|move: Follow Me
|move|p1a: Ninetales|Encore|p2a: Volcarona
|-activate|p2a: Volcarona|move: Protect
|
|-weather|SunnyDay|[upkeep]
|-damage|p2b: Gothitelle|25/100 brn|[from] brn
|upkeep
|turn|5
|
|t:|1757823180
|move|p2a: Volcarona|Fiery Dance|p1a: Ninetales
|-resisted|p1a: Ninetales
|-damage|p1a: Ninetales|0 fnt
|faint|p1a: Ninetales
|move|p1b: Indeedee|Dazzling Gleam|p2a: Volcarona|[spread] p2a,p2b
|-resisted|p2a: Volcarona
|-damage|p2a: Volcarona|96/100
|-damage|p2b: Gothitelle|16/100 brn
|move|p2b: Gothitelle|Psychic|p1b: Indeedee
|-resisted|p1b: Indeedee
|-damage|p1b: Indeedee|20/100
|
|-weather|none
|-damage|p2b: Gothitelle|10/100 brn|[from] brn
|-fieldend|move: Psychic Terrain
|upkeep
|
|t:|1757823189
|switch|p1a: Typhlosion|Typhlosion-Hisui, L50, M|100/100
|turn|6
|
|t:|1757823201
|-terastallize|p1a: Typhlosion|Fire
|move|p1b: Indeedee|Helping Hand|p1a: Typhlosion
|-singleturn|p1a: Typhlosion|Helping Hand|[of] p1b: Indeedee
|move|p1a: Typhlosion|Eruption|p2a: Volcarona|[spread] p2a,p2b
|-damage|p2a: Volcarona|12/100
|-damage|p2b: Gothitelle|0 fnt
|faint|p2b: Gothitelle
|move|p2a: Volcarona|Fiery Dance|p1a: Typhlosion
|-resisted|p1a: Typhlosion
|-damage|p1a: Typhlosion|55/100
|-boost|p2a: Volcarona|spa|1
|
|upkeep
|
|t:|1757823208
|switch|p2b: Incineroar|Incineroar, L50, F|87/100
|-ability|p2b: Incineroar|Intimidate|boost
|-unboost|p1a: Typhlosion|atk|1
|-unboost|p1b: Indeedee|atk|1
|turn|7
|
|t:|1757823229
|move|p2b: Incineroar|Fake Out|p1a: Typhlosion
|-damage|p1a: Typhlosion|40/100
|move|p1b: Indeedee|Follow Me|p1b: Indeedee
|-singleturn|p1b: Indeedee|move: Follow Me
|cant|p1a: Typhlosion|flinch
|move|p2a: Volcarona|Quiver Dance|p2a: Volcarona
|-boost|p2a: Volcarona|spa|1
|-boost|p2a: Volcarona|spd|1
|-boost|p2a: Volcarona|spe|1
|
|upkeep
|turn|8
|
|t:|1757823242
|move|p2a: Volcarona|Protect|p2a: Volcarona
|-singleturn|p2a: Volcarona|Protect
|move|p1b: Indeedee|Follow Me|p1b: Indeedee
|-singleturn|p1b: Indeedee|move: Follow Me
|move|p1a: Typhlosion|Eruption|p2a: Volcarona|[spread] p2b
|-activate|p2a: Volcarona|move: Protect
|-resisted|p2b: Incineroar
|-damage|p2b: Incineroar|72/100
|move|p2b: Incineroar|Knock Off|p1b: Indeedee
|-supereffective|p1b: Indeedee
|-damage|p1b: Indeedee|0 fnt
|faint|p1b: Indeedee
|
|upkeep
|
|t:|1757823244
|switch|p1b: Kommo-o|Kommo-o, L50, M|100/100
|turn|9
|inactive|somadooooooo has 30 seconds left.
|
|t:|1757823274
|move|p2a: Volcarona|Fiery Dance|p1a: Typhlosion
|-resisted|p1a: Typhlosion
|-damage|p1a: Typhlosion|0 fnt
|-boost|p2a: Volcarona|spa|1
|faint|p1a: Typhlosion
|move|p1b: Kommo-o|Clangorous Soul|p1b: Kommo-o
|-boost|p1b: Kommo-o|atk|1
|-boost|p1b: Kommo-o|def|1
|-boost|p1b: Kommo-o|spa|1
|-boost|p1b: Kommo-o|spd|1
|-boost|p1b: Kommo-o|spe|1
|-damage|p1b: Kommo-o|68/100
|-enditem|p1b: Kommo-o|Throat Spray
|-boost|p1b: Kommo-o|spa|1|[from] item: Throat Spray
|move|p2b: Incineroar|Parting Shot|p1b: Kommo-o
|-unboost|p1b: Kommo-o|atk|1
|-unboost|p1b: Kommo-o|spa|1
|
|t:|1757823277
|switch|p2b: Dragapult|Dragapult, L50, F, shiny|100/100|[from] Parting Shot
|
|upkeep
|turn|10
|
|t:|1757823291
|switch|p2b: Incineroar|Incineroar, L50, F|72/100
|-ability|p2b: Incineroar|Intimidate|boost
|-unboost|p1b: Kommo-o|atk|1
|move|p2a: Volcarona|Fiery Dance|p1b: Kommo-o
|-resisted|p1b: Kommo-o
|-damage|p1b: Kommo-o|21/100
|-boost|p2a: Volcarona|spa|1
|move|p1b: Kommo-o|Clanging Scales|p2a: Volcarona|[spread] p2a,p2b
|-damage|p2a: Volcarona|0 fnt
|-damage|p2b: Incineroar|22/100
|faint|p2a: Volcarona
|-unboost|p1b: Kommo-o|def|1
|
|upkeep
|
|t:|1757823302
|switch|p2a: Dragapult|Dragapult, L50, F, shiny|100/100
|turn|11
|
|t:|1757823307
|move|p1b: Kommo-o|Protect|p1b: Kommo-o
|-singleturn|p1b: Kommo-o|Protect
|move|p2b: Incineroar|Fake Out|p1b: Kommo-o
|-activate|p1b: Kommo-o|move: Protect
|move|p2a: Dragapult|Dragon Darts|p1b: Kommo-o
|-activate|p1b: Kommo-o|move: Protect
|
|upkeep
|turn|12
|inactive|lexerthanatauros has 30 seconds left.
|inactive|lexerthanatauros has 20 seconds left.
|
|t:|1757823344
|move|p2b: Incineroar|Helping Hand|p2a: Dragapult
|-singleturn|p2a: Dragapult|Helping Hand|[of] p2b: Incineroar
|move|p1b: Kommo-o|Clanging Scales|p2a: Dragapult|[spread] p2a,p2b
|-supereffective|p2a: Dragapult
|-damage|p2a: Dragapult|0 fnt
|-damage|p2b: Incineroar|0 fnt
|faint|p2a: Dragapult
|faint|p2b: Incineroar
|
|win|lexerthanatauros
|l|☆lexerthanatauros
|player|p1|
||lexerthanatauros is ready for game 3.
|inactive|somadooooooo has 30 seconds to confirm battle start!
||somadooooooo is ready for game 3.
|uhtml|next|Next: Game 3 of 3
|l|☆somadooooooo
|player|p2|
