|j|☆DillyDillyP4206977
|j|☆Bobfuzzy1
|html|DillyDillyP4206977Bobfuzzy1    
|uhtml|bestof|Game 3 of a best-of-3
|t:|1782701811
|gametype|doubles
|player|p1|DillyDillyP4206977|265|
|player|p2|Bobfuzzy1|169|
|gen|9
|tier|[Gen 9 Champions] VGC 2026 Reg M-B (Bo3)
|rule|Species Clause: Limit one of each Pokémon
|rule|Item Clause: Limit 1 of each item
|clearpoke
|poke|p1|Farigiraf, L50, M, shiny|
|poke|p1|Whimsicott, L50, M, shiny|
|poke|p1|Pangoro, L50, F, shiny|
|poke|p1|Mudsdale, L50, F, shiny|
|poke|p1|Charizard, L50, M, shiny|
|poke|p1|Garchomp, L50, M, shiny|
|poke|p2|Milotic, L50, M, shiny|
|poke|p2|Chandelure, L50, M|
|poke|p2|Kangaskhan, L50, F|
|poke|p2|Hydreigon, L50, M|
|poke|p2|Tsareena, L50, F, shiny|
|poke|p2|Gardevoir, L50, F, shiny|
|teampreview|4
|showteam|p1|Farigiraf||MentalHerb|ArmorTail|TrickRoom,Protect,Psychic,HyperVoice|Sassy||M|||50|]Whimsicott||FocusSash|Prankster|Encore,Protect,Moonblast,Tailwind|Modest||M|||50|]Pangoro||LifeOrb|IronFist|CloseCombat,DrainPunch,Protect,ThunderPunch|Brave||F|||50|]Mudsdale||Leftovers|Stamina|Earthquake,Substitute,Protect,RockSlide|Brave||F|||50|]Charizard||CharizarditeY|Blaze|Protect,HeatWave,SolarBeam,Hurricane|Modest||M|||50|]Garchomp||SoftSand|RoughSkin|DragonClaw,Earthquake,IronHead,Protect|Adamant||M|||50|
|showteam|p2|Milotic||Leftovers|Competitive|Hypnosis,Coil,IceBeam,Protect|Bold||M|||50|]Chandelure||FocusSash|FlashFire|HeatWave,ShadowBall,TrickRoom,Protect|Quiet||M|||50|]Kangaskhan||Kangaskhanite|InnerFocus|FakeOut,DoubleEdge,DrainPunch,SuckerPunch|Brave||F|||50|]Hydreigon||LifeOrb|Levitate|DracoMeteor,DarkPulse,EarthPower,Protect|Timid||M|||50|]Tsareena||ChoiceScarf|QueenlyMajesty|TripleAxel,PowerWhip,Uturn,TropKick|Adamant||F|||50|]Gardevoir||Gardevoirite|Trace|HyperVoice,Thunderbolt,Moonblast,Protect|Quiet||F|||50|
|j| alphawhiski
|
|t:|1782701845
|teamsize|p1|4
|teamsize|p2|4
|start
|switch|p1a: Garchomp|Garchomp, L50, M, shiny|100/100
|switch|p1b: Charizard|Charizard, L50, M, shiny|100/100
|switch|p2a: Kangaskhan|Kangaskhan, L50, F|100/100
|switch|p2b: Chandelure|Chandelure, L50, M|100/100
|turn|1
|
|t:|1782701879
|detailschange|p1b: Charizard|Charizard-Mega-Y, L50, M, shiny
|-mega|p1b: Charizard|Charizard|Charizardite Y
|-weather|SunnyDay|[from] ability: Drought|[of] p1b: Charizard
|move|p1a: Garchomp|Protect|p1a: Garchomp
|-singleturn|p1a: Garchomp|Protect
|move|p2a: Kangaskhan|Fake Out|p1a: Garchomp
|-activate|p1a: Garchomp|move: Protect
|move|p1b: Charizard|Heat Wave|p2a: Kangaskhan|[spread] p2a
|-start|p2b: Chandelure|ability: Flash Fire
|-damage|p2a: Kangaskhan|27/100
|move|p2b: Chandelure|Trick Room|p2b: Chandelure
|-fieldstart|move: Trick Room|[of] p2b: Chandelure
|
|-weather|SunnyDay|[upkeep]
|upkeep
|turn|2
|
|t:|1782701950
|switch|p1a: Pangoro|Pangoro, L50, F, shiny|100/100
|move|p2b: Chandelure|Shadow Ball|p1a: Pangoro
|-resisted|p1a: Pangoro|1
|-damage|p1a: Pangoro|70/100
|move|p2a: Kangaskhan|Double-Edge|p1b: Charizard
|-damage|p1b: Charizard|36/100
|-damage|p2a: Kangaskhan|8/100|[from] Recoil
|move|p1b: Charizard|Solar Beam||[still]
|-prepare|p1b: Charizard|Solar Beam
|-anim|p1b: Charizard|Solar Beam|p2a: Kangaskhan
|-damage|p2a: Kangaskhan|0 fnt
|faint|p2a: Kangaskhan
|
|-weather|SunnyDay|[upkeep]
|upkeep
|
|t:|1782701968
|switch|p2a: Gardevoir|Gardevoir, L50, F, shiny|100/100
|-ability|p2a: Gardevoir|Iron Fist|Trace|[from] ability: Trace|[of] p1a: Pangoro
|turn|3
|
|t:|1782701994
|switch|p1b: Whimsicott|Whimsicott, L50, M, shiny|100/100
|detailschange|p2a: Gardevoir|Gardevoir-Mega, L50, F, shiny
|-mega|p2a: Gardevoir|Gardevoir|Gardevoirite
|move|p1a: Pangoro|Protect|p1a: Pangoro
|-singleturn|p1a: Pangoro|Protect
|move|p2b: Chandelure|Heat Wave|p1b: Whimsicott|[spread] p1b
|-activate|p1a: Pangoro|move: Protect
|-supereffective|p1b: Whimsicott|1
|-enditem|p1b: Whimsicott|Focus Sash
|-damage|p1b: Whimsicott|1/100
|move|p2a: Gardevoir|Hyper Voice|p1a: Pangoro|[spread] p1b
|-activate|p1a: Pangoro|move: Protect
|-damage|p1b: Whimsicott|0 fnt
|faint|p1b: Whimsicott
|
|-weather|SunnyDay|[upkeep]
|upkeep
|
|t:|1782702013
|switch|p1b: Charizard|Charizard-Mega-Y, L50, M, shiny|36/100
|turn|4
|
|t:|1782702025
|move|p1b: Charizard|Protect|p1b: Charizard
|-singleturn|p1b: Charizard|Protect
|move|p1a: Pangoro|Thunder Punch|p2b: Chandelure
|-damage|p2b: Chandelure|49/100
|-damage|p1a: Pangoro|60/100|[from] item: Life Orb
|move|p2b: Chandelure|Heat Wave|p1b: Charizard|[spread] p1a
|-activate|p1b: Charizard|move: Protect
|-damage|p1a: Pangoro|0 fnt
|faint|p1a: Pangoro
|move|p2a: Gardevoir|Hyper Voice|p1b: Charizard
|-activate|p1b: Charizard|move: Protect
|
|-weather|SunnyDay|[upkeep]
|upkeep
|
|t:|1782702039
|switch|p1a: Garchomp|Garchomp, L50, M, shiny|100/100
|turn|5
|
|t:|1782702055
|move|p1b: Charizard|Protect||[still]
|-fail|p1b: Charizard
|move|p1a: Garchomp|Protect|p1a: Garchomp
|-singleturn|p1a: Garchomp|Protect
|move|p2b: Chandelure|Shadow Ball|p1a: Garchomp
|-activate|p1a: Garchomp|move: Protect
|move|p2a: Gardevoir|Hyper Voice|p1a: Garchomp|[spread] p1b
|-activate|p1a: Garchomp|move: Protect
|-resisted|p1b: Charizard|1
|-damage|p1b: Charizard|13/100
|
|-weather|none
|-fieldend|move: Trick Room
|upkeep
|turn|6
|
|t:|1782702083
|move|p2a: Gardevoir|Protect|p2a: Gardevoir
|-singleturn|p2a: Gardevoir|Protect
|move|p1a: Garchomp|Iron Head|p2a: Gardevoir
|-activate|p2a: Gardevoir|move: Protect
|move|p1b: Charizard|Hurricane|p2b: Chandelure
|-damage|p2b: Chandelure|0 fnt
|faint|p2b: Chandelure
|
|upkeep
|
|t:|1782702093
|switch|p2b: Tsareena|Tsareena, L50, F, shiny|100/100
|turn|7
|
|t:|1782702111
|move|p2b: Tsareena|Triple Axel|p1a: Garchomp
|-supereffective|p1a: Garchomp|2
|-damage|p1a: Garchomp|73/100
|-damage|p2b: Tsareena|87/100|[from] ability: Rough Skin|[of] p1a: Garchomp
|-hitcount|p1a: Garchomp|1
|move|p1a: Garchomp|Iron Head|p2a: Gardevoir
|-supereffective|p2a: Gardevoir|1
|-damage|p2a: Gardevoir|22/100
|move|p1b: Charizard|Heat Wave|p2b: Tsareena|[spread] p2a,p2b
|-supereffective|p2b: Tsareena|1
|-damage|p2a: Gardevoir|0 fnt
|-damage|p2b: Tsareena|0 fnt
|faint|p2a: Gardevoir
|faint|p2b: Tsareena
|
|win|DillyDillyP4206977
|l|☆Bobfuzzy1
|player|p2|
