|j|☆Linkmasterjr
|j|☆jonathan53332
|html|Linkmasterjrjonathan53332    
|uhtml|bestof|Game 2 of a best-of-3
|t:|1782459214
|gametype|doubles
|player|p1|Linkmasterjr|265|
|player|p2|jonathan53332|266|
|gen|9
|tier|[Gen 9 Champions] VGC 2026 Reg M-B (Bo3)
|rule|Species Clause: Limit one of each Pokémon
|rule|Item Clause: Limit 1 of each item
|clearpoke
|poke|p1|Raichu, L50, M|
|poke|p1|Staraptor, L50, M|
|poke|p1|Grimmsnarl, L50, M|
|poke|p1|Politoed, L50, M|
|poke|p1|Archaludon, L50, F|
|poke|p1|Whimsicott, L50, M|
|poke|p2|Primarina, L50, M|
|poke|p2|Sinistcha-Masterpiece, L50, shiny|
|poke|p2|Pelipper, L50, M|
|poke|p2|Meganium, L50, F, shiny|
|poke|p2|Excadrill, L50, M|
|poke|p2|Sceptile, L50, F|
|teampreview|4
|showteam|p1|Raichu||RaichuniteY|LightningRod|Thunder,KnockOff,AlluringVoice,FakeOut|Hasty||M|||50|]Staraptor||Staraptite|Intimidate|CloseCombat,Tailwind,BraveBird,Protect|Jolly||M|||50|]Grimmsnarl||LightClay|Prankster|LightScreen,Reflect,PartingShot,SpiritBreak|Careful||M|||50|]Politoed||DampRock|Drizzle|EarthPower,Surf,Protect,IcyWind|Modest||M|||50|]Archaludon||FocusSash|Stamina|FlashCannon,ElectroShot,AuraSphere,Protect|Timid||F|||50|]Whimsicott||SitrusBerry|Prankster|TrickRoom,Tailwind,Protect,GigaDrain|Relaxed||M|||50|
|showteam|p2|Primarina||Leftovers|LiquidVoice|HyperVoice,Blizzard,EnergyBall,ShadowBall|Modest||M|||50|]Sinistcha-Masterpiece||SitrusBerry|Hospitality|MatchaGotcha,StrengthSap,ShadowBall,Scald|Modest|||||50|]Pelipper||FocusSash|Drizzle|Hurricane,WideGuard,IcyWind,Tailwind|Modest||M|||50|]Meganium||Meganiumite|LeafGuard|WeatherBall,SolarBeam,DazzlingGleam,Synthesis|Timid||F|||50|]Excadrill||Excadrite|SandRush|Earthquake,IronHead,BrickBreak,Protect|Jolly||M|||50|]Sceptile||Sceptilite|Overgrow|DragonPulse,FrenzyPlant,VacuumWave,Endeavor|Timid||F|||50|
|
|t:|1782459249
|teamsize|p1|4
|teamsize|p2|4
|start
|switch|p1a: Archaludon|Archaludon, L50, F|100/100
|switch|p1b: Whimsicott|Whimsicott, L50, M|100/100
|switch|p2a: Pelipper|Pelipper, L50, M|100/100
|switch|p2b: Primarina|Primarina, L50, M|100/100
|-weather|RainDance|[from] ability: Drizzle|[of] p2a: Pelipper
|turn|1
|l|☆jonathan53332
|player|p2|
|j|☆jonathan53332
|player|p2|jonathan53332|266|
|
|t:|1782459285
|move|p1a: Archaludon|Electro Shot||[still]
|-prepare|p1a: Archaludon|Electro Shot
|-boost|p1a: Archaludon|spa|1
|-anim|p1a: Archaludon|Electro Shot|p2a: Pelipper
|-supereffective|p2a: Pelipper|2
|-enditem|p2a: Pelipper|Focus Sash
|-damage|p2a: Pelipper|1/100
|move|p1b: Whimsicott|Giga Drain|p2b: Primarina
|-supereffective|p2b: Primarina|1
|-damage|p2b: Primarina|61/100
|move|p2a: Pelipper|Hurricane|p1b: Whimsicott
|-supereffective|p1b: Whimsicott|1
|-damage|p1b: Whimsicott|0 fnt
|faint|p1b: Whimsicott
|move|p2b: Primarina|Shadow Ball|p1a: Archaludon
|-damage|p1a: Archaludon|57/100
|-ability|p1a: Archaludon|Stamina|boost
|-boost|p1a: Archaludon|def|1
|
|-weather|RainDance|[upkeep]
|-heal|p2b: Primarina|67/100|[from] item: Leftovers
|upkeep
|
|t:|1782459300
|switch|p1b: Grimmsnarl|Grimmsnarl, L50, M|100/100
|turn|2
|
|t:|1782459318
|switch|p2b: Sinistcha|Sinistcha-Masterpiece, L50, shiny|100/100
|-heal|p2a: Pelipper|25/100|[from] ability: Hospitality|[of] p2b: Sinistcha
|move|p1b: Grimmsnarl|Light Screen|p1b: Grimmsnarl
|-sidestart|p1: Linkmasterjr|move: Light Screen
|move|p1a: Archaludon|Electro Shot||[still]
|-prepare|p1a: Archaludon|Electro Shot
|-boost|p1a: Archaludon|spa|1
|-anim|p1a: Archaludon|Electro Shot|p2b: Sinistcha
|-resisted|p2b: Sinistcha|1
|-damage|p2b: Sinistcha|50/100g
|move|p2a: Pelipper|Tailwind|p2a: Pelipper
|-sidestart|p2: jonathan53332|move: Tailwind
|
|-weather|RainDance|[upkeep]
|upkeep
|turn|3
|
|t:|1782459337
|move|p2a: Pelipper|Hurricane|p1a: Archaludon
|-resisted|p1a: Archaludon|1
|-damage|p1a: Archaludon|30/100
|-ability|p1a: Archaludon|Stamina|boost
|-boost|p1a: Archaludon|def|1
|move|p2b: Sinistcha|Shadow Ball|p1a: Archaludon
|-damage|p1a: Archaludon|0 fnt
|faint|p1a: Archaludon
|move|p1b: Grimmsnarl|Spirit Break|p2b: Sinistcha
|-damage|p2b: Sinistcha|19/100
|-unboost|p2b: Sinistcha|spa|1
|-enditem|p2b: Sinistcha|Sitrus Berry|[eat]
|-heal|p2b: Sinistcha|44/100|[from] item: Sitrus Berry
|
|-weather|RainDance|[upkeep]
|upkeep
|
|t:|1782459347
|switch|p1a: Staraptor|Staraptor, L50, M|100/100
|-ability|p1a: Staraptor|Intimidate|boost
|-unboost|p2a: Pelipper|atk|1
|-unboost|p2b: Sinistcha|atk|1
|turn|4
|
|t:|1782459362
|move|p1a: Staraptor|Protect|p1a: Staraptor
|-singleturn|p1a: Staraptor|Protect
|move|p2a: Pelipper|Icy Wind|p1b: Grimmsnarl|[spread] p1b
|-activate|p1a: Staraptor|move: Protect
|-damage|p1b: Grimmsnarl|93/100
|-unboost|p1b: Grimmsnarl|spe|1
|move|p2b: Sinistcha|Strength Sap|p1a: Staraptor
|-activate|p1a: Staraptor|move: Protect
|move|p1b: Grimmsnarl|Spirit Break|p2a: Pelipper
|-damage|p2a: Pelipper|0 fnt
|faint|p2a: Pelipper
|
|-weather|RainDance|[upkeep]
|upkeep
|
|t:|1782459372
|switch|p2a: Primarina|Primarina, L50, M|67/100
|turn|5
|
|t:|1782459387
|move|p1b: Grimmsnarl|Parting Shot|p2a: Primarina
|-unboost|p2a: Primarina|atk|1
|-unboost|p2a: Primarina|spa|1
|move|p2b: Sinistcha|Strength Sap|p1a: Staraptor
|-unboost|p1a: Staraptor|atk|1
|-heal|p2b: Sinistcha|100/100
|move|p1a: Staraptor|Brave Bird|p2b: Sinistcha
|-supereffective|p2b: Sinistcha|1
|-damage|p2b: Sinistcha|24/100
|-damage|p1a: Staraptor|72/100|[from] Recoil
|move|p2a: Primarina|Blizzard|p1a: Staraptor|[spread] p1b
|-miss|p2a: Primarina|p1a: Staraptor
|-damage|p1b: Grimmsnarl|82/100
|-status|p1b: Grimmsnarl|frz
|
|-weather|none
|-heal|p2a: Primarina|73/100|[from] item: Leftovers
|-sideend|p2: jonathan53332|move: Tailwind
|upkeep
|turn|6
|
|t:|1782459411
|detailschange|p1a: Staraptor|Staraptor-Mega, L50, M
|-mega|p1a: Staraptor|Staraptor|Staraptite
|move|p1a: Staraptor|Protect|p1a: Staraptor
|-singleturn|p1a: Staraptor|Protect
|move|p2b: Sinistcha|Strength Sap|p1a: Staraptor
|-activate|p1a: Staraptor|move: Protect
|move|p2a: Primarina|Blizzard|p1a: Staraptor|[spread] p1b
|-activate|p1a: Staraptor|move: Protect
|-damage|p1b: Grimmsnarl|72/100 frz
|cant|p1b: Grimmsnarl|frz
|
|-heal|p2a: Primarina|78/100|[from] item: Leftovers
|upkeep
|turn|7
|
|t:|1782459435
|cant|p1b: Grimmsnarl|frz
|move|p1a: Staraptor|Brave Bird|p2a: Primarina
|-damage|p2a: Primarina|14/100
|-damage|p1a: Staraptor|51/100|[from] Recoil
|move|p2b: Sinistcha|Strength Sap|p1a: Staraptor
|-boost|p1a: Staraptor|atk|1
|-heal|p2b: Sinistcha|96/100
|move|p2a: Primarina|Blizzard|p1a: Staraptor|[spread] 
|-miss|p2a: Primarina|p1a: Staraptor
|-miss|p2a: Primarina|p1b: Grimmsnarl
|
|-heal|p2a: Primarina|19/100|[from] item: Leftovers
|upkeep
|turn|8
|
|t:|1782459458
|move|p1a: Staraptor|Protect|p1a: Staraptor
|-singleturn|p1a: Staraptor|Protect
|move|p2b: Sinistcha|Scald|p1a: Staraptor
|-activate|p1a: Staraptor|move: Protect
|move|p2a: Primarina|Hyper Voice|p1a: Staraptor|[spread] p1b
|-activate|p1a: Staraptor|move: Protect
|-damage|p1b: Grimmsnarl|58/100 frz
|-curestatus|p1b: Grimmsnarl|frz|[msg]
|move|p1b: Grimmsnarl|Spirit Break|p2a: Primarina
|-damage|p2a: Primarina|0 fnt
|faint|p2a: Primarina
|
|upkeep
|
|t:|1782459460
|switch|p2a: Sceptile|Sceptile, L50, F|100/100
|turn|9
|
|t:|1782459491
|detailschange|p2a: Sceptile|Sceptile-Mega, L50, F
|-mega|p2a: Sceptile|Sceptile|Sceptilite
|move|p1b: Grimmsnarl|Parting Shot|p2a: Sceptile
|-unboost|p2a: Sceptile|atk|1
|-unboost|p2a: Sceptile|spa|1
|move|p2a: Sceptile|Dragon Pulse|p1a: Staraptor
|-damage|p1a: Staraptor|24/100
|move|p1a: Staraptor|Tailwind|p1a: Staraptor
|-sidestart|p1: Linkmasterjr|move: Tailwind
|move|p2b: Sinistcha|Scald|p1a: Staraptor
|-damage|p1a: Staraptor|9/100
|
|-sideend|p1: Linkmasterjr|move: Light Screen
|upkeep
|turn|10
|
|t:|1782459521
|move|p1a: Staraptor|Protect|p1a: Staraptor
|-singleturn|p1a: Staraptor|Protect
|move|p2a: Sceptile|Vacuum Wave|p1a: Staraptor
|-activate|p1a: Staraptor|move: Protect
|move|p1b: Grimmsnarl|Spirit Break|p2a: Sceptile
|-supereffective|p2a: Sceptile|1
|-damage|p2a: Sceptile|4/100
|-unboost|p2a: Sceptile|spa|1
|move|p2b: Sinistcha|Matcha Gotcha|p1b: Grimmsnarl|[spread] p1b
|-activate|p1a: Staraptor|move: Protect
|-damage|p1b: Grimmsnarl|40/100
|-heal|p2b: Sinistcha|100/100|[from] drain|[of] p1b: Grimmsnarl
|
|upkeep
|turn|11
|
|t:|1782459553
|move|p1a: Staraptor|Protect|p1a: Staraptor
|-singleturn|p1a: Staraptor|Protect
|move|p2a: Sceptile|Vacuum Wave|p1a: Staraptor
|-activate|p1a: Staraptor|move: Protect
|move|p1b: Grimmsnarl|Spirit Break|p2a: Sceptile
|-supereffective|p2a: Sceptile|1
|-damage|p2a: Sceptile|0 fnt
|faint|p2a: Sceptile
|move|p2b: Sinistcha|Matcha Gotcha|p1b: Grimmsnarl|[spread] 
|-activate|p1a: Staraptor|move: Protect
|-miss|p2b: Sinistcha|p1b: Grimmsnarl
|
|upkeep
|turn|12
|
|t:|1782459564
|move|p1b: Grimmsnarl|Parting Shot|p1a: Staraptor
|-boost|p1a: Staraptor|atk|1
|-boost|p1a: Staraptor|spa|1
|move|p1a: Staraptor|Brave Bird|p2b: Sinistcha
|-supereffective|p2b: Sinistcha|1
|-damage|p2b: Sinistcha|0 fnt
|faint|p2b: Sinistcha
|-damage|p1a: Staraptor|0 fnt|[from] Recoil
|faint|p1a: Staraptor
|
|win|Linkmasterjr
||Linkmasterjr is ready for game 3.
|inactive|jonathan53332 has 30 seconds to confirm battle start!
