|j|☆okkoso
|j|☆heet12354
|html|okkosoheet12354    
|uhtml|bestof|Game 1 of a best-of-3
|t:|1757256697
|gametype|doubles
|player|p1|okkoso|waiter-gen4dp|1055
|player|p2|heet12354|ghetsis|1050
|gen|9
|tier|[Gen 9] VGC 2025 Reg H (Bo3)
|rated|
|rule|Species Clause: Limit one of each Pokémon
|rule|Item Clause: Limit 1 of each item
|clearpoke
|poke|p1|Gholdengo, L50|
|poke|p1|Incineroar, L50, F|
|poke|p1|Amoonguss, L50, M|
|poke|p1|Archaludon, L50, F|
|poke|p1|Pelipper, L50, F|
|poke|p1|Basculegion, L50, M|
|poke|p2|Sneasler, L50, F|
|poke|p2|Delphox, L50, F|
|poke|p2|Basculegion, L50, M|
|poke|p2|Whimsicott, L50, M|
|poke|p2|Indeedee, L50, M|
|poke|p2|Maushold, L50|
|teampreview|4
|showteam|p1|Gholdengo||LifeOrb|GoodasGold|MakeItRain,ShadowBall,NastyPlot,Protect||||||50|,,,,,Water]Incineroar||RockyHelmet|Intimidate|Taunt,KnockOff,PartingShot,FakeOut|||F|||50|,,,,,Ghost]Amoonguss||SitrusBerry|Regenerator|PollenPuff,Spore,RagePowder,Protect|||M|||50|,,,,,Water]Archaludon||AssaultVest|Stamina|DragonPulse,FlashCannon,ElectroShot,BodyPress|||F|||50|,,,,,Bug]Pelipper||FocusSash|Drizzle|WeatherBall,Hurricane,Tailwind,Protect|||F|||50|,,,,,Ground]Basculegion||ChoiceBand|SwiftSwim|WaveCrash,LastRespects,FlipTurn,AquaJet|||M|||50|,,,,,Water
|showteam|p2|Sneasler||PsychicSeed|Unburden|DireClaw,CloseCombat,ThroatChop,Protect|||F|||50|,,,,,Dark]Delphox||LifeOrb|Blaze|ExpandingForce,HeatWave,DazzlingGleam,Protect|||F|||50|,,,,,Fairy]Basculegion||ChoiceScarf|Adaptability|WaveCrash,LastRespects,FlipTurn,TeraBlast|||M|||50|,,,,,Grass]Whimsicott||CovertCloak|Prankster|Tailwind,Moonblast,HelpingHand,SunnyDay|||M|||50|,,,,,Water]Indeedee||FocusSash|PsychicSurge|ExpandingForce,TeraBlast,Imprison,TrickRoom|||M|||50|,,,,,Fighting]Maushold||WideLens|Technician|PopulationBomb,Taunt,FollowMe,Protect||||||50|,,,,,Ghost
|inactive|Battle timer is ON: inactive players will automatically lose when time's up. (requested by heet12354)
|
|t:|1757256748
|teamsize|p1|4
|teamsize|p2|4
|start
|switch|p1a: Pelipper|Pelipper, L50, F|100/100
|switch|p1b: Incineroar|Incineroar, L50, F|100/100
|switch|p2a: Prison Song|Indeedee, L50, M|100/100
|switch|p2b: Psycho|Delphox, L50, F|100/100
|-fieldstart|move: Psychic Terrain|[from] ability: Psychic Surge|[of] p2a: Prison Song
|-weather|RainDance|[from] ability: Drizzle|[of] p1a: Pelipper
|-ability|p1b: Incineroar|Intimidate|boost
|-unboost|p2a: Prison Song|atk|1
|-unboost|p2b: Psycho|atk|1
|turn|1
|inactive|okkoso has 30 seconds left.
|
|t:|1757256774
|switch|p2b: Aerials|Whimsicott, L50, M|100/100
|move|p1b: Incineroar|Fake Out|p2b: Aerials
|-activate|p2b: Aerials|move: Psychic Terrain
|move|p2a: Prison Song|Expanding Force|p1b: Incineroar|[spread] p1a
|-immune|p1b: Incineroar
|-damage|p1a: Pelipper|7/100
|move|p1a: Pelipper|Weather Ball|p2b: Aerials
|-resisted|p2b: Aerials
|-damage|p2b: Aerials|56/100
|
|-weather|RainDance|[upkeep]
|upkeep
|turn|2
|
|t:|1757256789
|move|p2b: Aerials|Sunny Day|p2b: Aerials
|-weather|SunnyDay
|move|p2a: Prison Song|Expanding Force|p1a: Pelipper|[spread] p1a
|-immune|p1b: Incineroar
|-damage|p1a: Pelipper|0 fnt
|faint|p1a: Pelipper
|move|p1b: Incineroar|Knock Off|p2a: Prison Song
|-supereffective|p2a: Prison Song
|-enditem|p2a: Prison Song|Focus Sash
|-damage|p2a: Prison Song|1/100
|
|-weather|SunnyDay|[upkeep]
|upkeep
|
|t:|1757256799
|switch|p1a: Gholdengo|Gholdengo, L50|100/100
|turn|3
|
|t:|1757256812
|switch|p2a: Toxicity|Sneasler, L50, F|100/100
|-enditem|p2a: Toxicity|Psychic Seed
|-boost|p2a: Toxicity|spd|1|[from] item: Psychic Seed
|move|p2b: Aerials|Tailwind|p2b: Aerials
|-sidestart|p2: heet12354|move: Tailwind
|move|p1a: Gholdengo|Make It Rain|p2b: Aerials|[spread] p2a,p2b
|-supereffective|p2b: Aerials
|-damage|p2a: Toxicity|45/100
|-damage|p2b: Aerials|0 fnt
|-unboost|p1a: Gholdengo|spa|1
|faint|p2b: Aerials
|-damage|p1a: Gholdengo|91/100|[from] item: Life Orb
|move|p1b: Incineroar|Knock Off|p2a: Toxicity
|-resisted|p2a: Toxicity
|-damage|p2a: Toxicity|20/100
|
|-weather|SunnyDay|[upkeep]
|upkeep
|
|t:|1757256828
|switch|p2b: Psycho|Delphox, L50, F|100/100
|turn|4
|
|t:|1757256838
|-terastallize|p1a: Gholdengo|Water
|move|p2a: Toxicity|Close Combat|p1a: Gholdengo
|-damage|p1a: Gholdengo|18/100
|-unboost|p2a: Toxicity|def|1
|-unboost|p2a: Toxicity|spd|1
|move|p2b: Psycho|Heat Wave|p1a: Gholdengo|[spread] p1a,p1b
|-resisted|p1a: Gholdengo
|-resisted|p1b: Incineroar
|-damage|p1a: Gholdengo|0 fnt
|-damage|p1b: Incineroar|72/100
|faint|p1a: Gholdengo
|-damage|p2b: Psycho|91/100|[from] item: Life Orb
|move|p1b: Incineroar|Knock Off|p2a: Toxicity
|-resisted|p2a: Toxicity
|-damage|p2a: Toxicity|0 fnt
|faint|p2a: Toxicity
|
|-weather|SunnyDay|[upkeep]
|upkeep
|
|t:|1757256854
|switch|p2a: Prison Song|Indeedee, L50, M|1/100
|switch|p1a: Archaludon|Archaludon, L50, F|100/100
|turn|5
|
|t:|1757256870
|-terastallize|p2b: Psycho|Fairy
|move|p2b: Psycho|Dazzling Gleam|p1a: Archaludon|[spread] p1a,p1b
|-damage|p1a: Archaludon|72/100
|-damage|p1b: Incineroar|39/100
|-ability|p1a: Archaludon|Stamina|boost
|-boost|p1a: Archaludon|def|1
|-damage|p2b: Psycho|81/100|[from] item: Life Orb
|move|p2a: Prison Song|Expanding Force|p1a: Archaludon|[spread] p1a
|-immune|p1b: Incineroar
|-resisted|p1a: Archaludon
|-damage|p1a: Archaludon|52/100
|-ability|p1a: Archaludon|Stamina|boost
|-boost|p1a: Archaludon|def|1
|move|p1a: Archaludon|Dragon Pulse|p2b: Psycho
|-immune|p2b: Psycho
|move|p1b: Incineroar|Knock Off|p2a: Prison Song
|-supereffective|p2a: Prison Song
|-damage|p2a: Prison Song|0 fnt
|faint|p2a: Prison Song
|
|-weather|SunnyDay|[upkeep]
|-fieldend|move: Psychic Terrain
|upkeep
|turn|6
|
|t:|1757256891
|move|p2b: Psycho|Heat Wave|p1a: Archaludon|[spread] p1a,p1b
|-resisted|p1b: Incineroar
|-damage|p1a: Archaludon|2/100
|-damage|p1b: Incineroar|8/100
|-ability|p1a: Archaludon|Stamina|boost
|-boost|p1a: Archaludon|def|1
|-damage|p2b: Psycho|71/100|[from] item: Life Orb
|move|p1a: Archaludon|Flash Cannon|p2b: Psycho
|-supereffective|p2b: Psycho
|-damage|p2b: Psycho|0 fnt
|faint|p2b: Psycho
|
|win|okkoso
|l|☆heet12354
|player|p2|
|inactive|okkoso has 30 seconds to confirm battle start!
|inactive|heet12354 has 30 seconds to confirm battle start!
||heet12354 is ready for game 2.
||okkoso is ready for game 2.
|uhtml|next|Next: Game 2 of 3
