|j|☆BountyOG
|j|☆Rin Rin Renacuaja
|html|BountyOGRin Rin Renacuaja    
|uhtml|bestof|Game 3 of a best-of-3
|t:|1783176451
|gametype|doubles
|player|p1|BountyOG|2|1257
|player|p2|Rin Rin Renacuaja|lacey|1339
|gen|9
|tier|[Gen 9 Champions] VGC 2026 Reg M-B (Bo3)
|rated|
|rule|Species Clause: Limit one of each Pokémon
|rule|Item Clause: Limit 1 of each item
|clearpoke
|poke|p1|Farigiraf, L50, F|
|poke|p1|Vivillon-Monsoon, L50, M, shiny|
|poke|p1|Venusaur, L50, F, shiny|
|poke|p1|Camerupt, L50, F, shiny|
|poke|p1|Sylveon, L50, M|
|poke|p1|Kingambit, L50, F|
|poke|p2|Charizard, L50, M|
|poke|p2|Incineroar, L50, F|
|poke|p2|Garchomp, L50, M|
|poke|p2|Farigiraf, L50, M|
|poke|p2|Mawile, L50, M|
|poke|p2|Basculegion, L50, M|
|teampreview|4
|showteam|p1|Farigiraf||SitrusBerry|ArmorTail|PsychicFangs,Thunder,TrickRoom,Protect|Relaxed||F|||50|]Vivillon-Monsoon||FocusSash|CompoundEyes|SleepPowder,Hurricane,RagePowder,Protect|Timid||M|||50|]Venusaur||Venusaurite|Chlorophyll|Protect,EnergyBall,SludgeBomb,EarthPower|Modest||F|||50|]Camerupt||Cameruptite|SolidRock|AncientPower,EarthPower,HeatWave,Protect|Quiet||F|||50|]Sylveon||LifeOrb|Pixilate|QuickAttack,HyperVoice,HyperBeam,Detect|Quiet||M|||50|]Kingambit||BlackGlasses|Defiant|SuckerPunch,SwordsDance,Protect,KowtowCleave|Adamant||F|||50|
|showteam|p2|Charizard||CharizarditeY|Blaze|HeatWave,WeatherBall,Protect,SolarBeam|Modest||M|||50|]Incineroar||PasshoBerry|Intimidate|FakeOut,ThroatChop,FlareBlitz,PartingShot|Careful||F|||50|]Garchomp||LifeOrb|RoughSkin|StompingTantrum,DragonClaw,RockSlide,Protect|Jolly||M|||50|]Farigiraf||SitrusBerry|ArmorTail|TwinBeam,TrickRoom,Thunderbolt,HelpingHand|Modest||M|||50|]Mawile||Mawilite|HyperCutter|PlayRough,IronHead,SuckerPunch,Protect|Adamant||M|||50|]Basculegion||ChoiceScarf|Adaptability|WaveCrash,LastRespects,FlipTurn,AquaJet|Jolly||M|||50|
|inactive|Battle timer is ON: inactive players will automatically lose when time's up. (requested by BountyOG)
|
|t:|1783176486
|teamsize|p1|4
|teamsize|p2|4
|start
|switch|p1a: Farigiraf|Farigiraf, L50, F|100/100
|switch|p1b: Vivillon|Vivillon-Monsoon, L50, M, shiny|100/100
|switch|p2a: Garchomp|Garchomp, L50, M|100/100
|switch|p2b: Charizard|Charizard, L50, M|100/100
|turn|1
|
|t:|1783176500
|move|p2b: Charizard|Protect|p2b: Charizard
|-singleturn|p2b: Charizard|Protect
|move|p2a: Garchomp|Rock Slide|p1a: Farigiraf|[spread] p1a,p1b
|-supereffective|p1b: Vivillon|2
|-damage|p1a: Farigiraf|78/100
|-enditem|p1b: Vivillon|Focus Sash
|-damage|p1b: Vivillon|1/100
|-damage|p2a: Garchomp|90/100|[from] item: Life Orb
|move|p1b: Vivillon|Sleep Powder|p2b: Charizard
|-activate|p2b: Charizard|move: Protect
|cant|p1a: Farigiraf|flinch
|
|upkeep
|turn|2
|inactive|BountyOG has 30 seconds left.
|
|t:|1783176528
|detailschange|p2b: Charizard|Charizard-Mega-Y, L50, M
|-mega|p2b: Charizard|Charizard|Charizardite Y
|-weather|SunnyDay|[from] ability: Drought|[of] p2b: Charizard
|move|p2a: Garchomp|Rock Slide|p1b: Vivillon|[spread] p1a,p1b
|-supereffective|p1b: Vivillon|2
|-damage|p1a: Farigiraf|58/100
|-damage|p1b: Vivillon|0 fnt
|faint|p1b: Vivillon
|-damage|p2a: Garchomp|80/100|[from] item: Life Orb
|move|p2b: Charizard|Weather Ball|p1a: Farigiraf
|-crit|p1a: Farigiraf
|-damage|p1a: Farigiraf|0 fnt
|faint|p1a: Farigiraf
|
|-weather|SunnyDay|[upkeep]
|upkeep
|
|t:|1783176546
|switch|p1b: Camerupt|Camerupt, L50, F, shiny|100/100
|switch|p1a: Kingambit|Kingambit, L50, F|100/100
|turn|3
|
|t:|1783176557
|detailschange|p1b: Camerupt|Camerupt-Mega, L50, F, shiny
|-mega|p1b: Camerupt|Camerupt|Cameruptite
|move|p2a: Garchomp|Protect|p2a: Garchomp
|-singleturn|p2a: Garchomp|Protect
|move|p2b: Charizard|Protect|p2b: Charizard
|-singleturn|p2b: Charizard|Protect
|move|p1a: Kingambit|Sucker Punch||[still]
|-fail|p1a: Kingambit
|move|p1b: Camerupt|Earth Power|p2a: Garchomp
|-activate|p2a: Garchomp|move: Protect
|
|-weather|SunnyDay|[upkeep]
|upkeep
|turn|4
|
|t:|1783176574
|switch|p2b: Farigiraf|Farigiraf, L50, M|100/100
|move|p1a: Kingambit|Sucker Punch||[still]
|cant|p2b: Farigiraf|ability: Armor Tail|Sucker Punch|[of] p1a: Kingambit
|move|p2a: Garchomp|Stomping Tantrum|p1b: Camerupt
|-supereffective|p1b: Camerupt|1
|-damage|p1b: Camerupt|9/100
|-damage|p2a: Garchomp|70/100|[from] item: Life Orb
|move|p1b: Camerupt|Earth Power|p2a: Garchomp
|-damage|p2a: Garchomp|0 fnt
|faint|p2a: Garchomp
|
|-weather|SunnyDay|[upkeep]
|upkeep
|
|t:|1783176584
|switch|p2a: Charizard|Charizard-Mega-Y, L50, M|100/100
|turn|5
|inactive|BountyOG has 30 seconds left.
|
|t:|1783176613
|move|p1b: Camerupt|Protect|p1b: Camerupt
|-singleturn|p1b: Camerupt|Protect
|move|p2a: Charizard|Weather Ball|p1a: Kingambit
|-supereffective|p1a: Kingambit|1
|-damage|p1a: Kingambit|0 fnt
|faint|p1a: Kingambit
|move|p2b: Farigiraf|Twin Beam|p1b: Camerupt
|-activate|p1b: Camerupt|move: Protect
|
|-weather|SunnyDay|[upkeep]
|upkeep
|turn|6
|-message|BountyOG forfeited.
|
|win|Rin Rin Renacuaja
|raw|BountyOG's rating: 1257 → 1238(-19 for losing)
|raw|Rin Rin Renacuaja's rating: 1339 → 1354(+15 for winning)
|l|☆BountyOG
|player|p1|
