|j|☆Larchete
|j|☆bonomia
|html|Larchetebonomia    
|uhtml|bestof|Game 3 of a best-of-3
|t:|1757633882
|gametype|doubles
|player|p1|Larchete|169|1354
|player|p2|bonomia|tourist|1552
|gen|9
|tier|[Gen 9] VGC 2025 Reg H (Bo3)
|rated|
|rule|Species Clause: Limit one of each Pokémon
|rule|Item Clause: Limit 1 of each item
|clearpoke
|poke|p1|Armarouge, L50, M|
|poke|p1|Indeedee-F, L50, F|
|poke|p1|Talonflame, L50, F|
|poke|p1|Tatsugiri, L50, F|
|poke|p1|Maushold, L50|
|poke|p1|Dondozo, L50, M|
|poke|p2|Dragonite, L50, F|
|poke|p2|Magmar, L50, F|
|poke|p2|Annihilape, L50, F|
|poke|p2|Kingambit, L50, F|
|poke|p2|Ninetales-Alola, L50, M|
|poke|p2|Dondozo, L50, M|
|teampreview|4
|showteam|p1|Armarouge||PowerHerb|FlashFire|TrickRoom,MeteorBeam,HeatWave,ExpandingForce|||M|||50|,,,,,Psychic]Indeedee-F||PsychicSeed|PsychicSurge|FollowMe,Psychic,HelpingHand,TrickRoom|||F|||50|,,,,,Grass]Talonflame||LifeOrb|GaleWings|BraveBird,FlareBlitz,Protect,Tailwind|||F|||50|,,,,,Stellar]Tatsugiri||ChoiceSpecs|Commander|MuddyWater,IcyWind,TeraBlast,DracoMeteor|||F|||50|,,,,,Dragon]Maushold||WideLens|Technician|Protect,HelpingHand,PopulationBomb,FollowMe||||||50|,,,,,Normal]Dondozo||Leftovers|Unaware|Protect,WaveCrash,Earthquake,OrderUp|||M|||50|,,,,,Grass
|showteam|p2|Dragonite||LoadedDice|Multiscale|Protect,ScaleShot,ExtremeSpeed,Haze|||F|||50|,,,,,Steel]Magmar||Eviolite|VitalSpirit|Protect,Flamethrower,FollowMe,WillOWisp|||F|||50|,,,,,Fairy]Annihilape||SafetyGoggles|Defiant|CloseCombat,RageFist,Taunt,Coaching|||F|||50|,,,,,Fire]Kingambit||AssaultVest|Defiant|KowtowCleave,IronHead,SuckerPunch,TeraBlast|||F|||50|,,,,,Flying]Ninetales-Alola||FocusSash|SnowWarning|Blizzard,AuroraVeil,Encore,FreezeDry|||M|||50|,,,,,Ghost]Dondozo||Leftovers|Unaware|Protect,Liquidation,Yawn,Fissure|||M|||50|,,,,,Grass
|inactive|Battle timer is ON: inactive players will automatically lose when time's up. (requested by bonomia)
|inactive|bonomia has 60 seconds left.
|
|t:|1757633948
|teamsize|p1|4
|teamsize|p2|4
|start
|switch|p1a: Uccello di fuoco|Talonflame, L50, F|100/100
|switch|p1b: Tore|Maushold, L50|100/100
|switch|p2a: Dragonite|Dragonite, L50, F|100/100
|switch|p2b: Magmar|Magmar, L50, F|100/100
|turn|1
|inactive|Larchete has 30 seconds left.
|
|t:|1757633974
|move|p1b: Tore|Protect|p1b: Tore
|-singleturn|p1b: Tore|Protect
|move|p2b: Magmar|Follow Me|p2b: Magmar
|-singleturn|p2b: Magmar|move: Follow Me
|move|p1a: Uccello di fuoco|Brave Bird|p2b: Magmar
|-damage|p2b: Magmar|48/100
|-damage|p1a: Uccello di fuoco|81/100|[from] Recoil
|-damage|p1a: Uccello di fuoco|71/100|[from] item: Life Orb
|move|p2a: Dragonite|Scale Shot|p1b: Tore
|-activate|p1b: Tore|move: Protect
|
|upkeep
|turn|2
|inactive|Larchete has 30 seconds left.
|
|t:|1757634002
|-terastallize|p2a: Dragonite|Steel
|move|p2b: Magmar|Follow Me|p2b: Magmar
|-singleturn|p2b: Magmar|move: Follow Me
|move|p1a: Uccello di fuoco|Tailwind|p1a: Uccello di fuoco
|-sidestart|p1: Larchete|move: Tailwind
|move|p1b: Tore|Population Bomb|p2b: Magmar
|-damage|p2b: Magmar|37/100
|-damage|p2b: Magmar|26/100
|-damage|p2b: Magmar|16/100
|-damage|p2b: Magmar|6/100
|-damage|p2b: Magmar|0 fnt
|faint|p2b: Magmar
|-hitcount|p2: Magmar|5
|move|p2a: Dragonite|Scale Shot|p1b: Tore|[miss]
|-miss|p2a: Dragonite|p1b: Tore
|
|upkeep
|inactive|bonomia has 30 seconds left.
|inactive|bonomia has 20 seconds left.
|
|t:|1757634042
|switch|p2b: Dondozo|Dondozo, L50, M|100/100
|turn|3
|inactive|bonomia has 30 seconds left.
|inactive|bonomia has 20 seconds left.
|inactive|bonomia has 15 seconds left.
|inactive|bonomia has 10 seconds left.
|
|t:|1757634087
|move|p1a: Uccello di fuoco|Protect|p1a: Uccello di fuoco
|-singleturn|p1a: Uccello di fuoco|Protect
|move|p1b: Tore|Protect|p1b: Tore
|-singleturn|p1b: Tore|Protect
|move|p2a: Dragonite|Protect|p2a: Dragonite
|-singleturn|p2a: Dragonite|Protect
|move|p2b: Dondozo|Liquidation|p1b: Tore
|-activate|p1b: Tore|move: Protect
|
|upkeep
|turn|4
|
|t:|1757634106
|switch|p2a: Annihilape|Annihilape, L50, F|100/100
|move|p1a: Uccello di fuoco|Flare Blitz|p2a: Annihilape
|-damage|p2a: Annihilape|39/100
|-damage|p1a: Uccello di fuoco|44/100|[from] Recoil
|-damage|p1a: Uccello di fuoco|34/100|[from] item: Life Orb
|move|p1b: Tore|Population Bomb|p2a: Annihilape
|-immune|p2a: Annihilape
|move|p2b: Dondozo|Liquidation|p1b: Tore
|-damage|p1b: Tore|56/100
|
|upkeep
|turn|5
|inactive|bonomia has 30 seconds left.
|inactive|bonomia has 20 seconds left.
|inactive|bonomia has 15 seconds left.
|inactive|bonomia has 10 seconds left.
|inactive|bonomia has 5 seconds left.
|
|t:|1757634158
|move|p2b: Dondozo|Protect|p2b: Dondozo
|-singleturn|p2b: Dondozo|Protect
|move|p1a: Uccello di fuoco|Flare Blitz|p2a: Annihilape
|-damage|p2a: Annihilape|0 fnt
|faint|p2a: Annihilape
|-damage|p1a: Uccello di fuoco|17/100|[from] Recoil
|-damage|p1a: Uccello di fuoco|8/100|[from] item: Life Orb
|move|p1b: Tore|Population Bomb|p2b: Dondozo
|-activate|p2b: Dondozo|move: Protect
|
|-sideend|p1: Larchete|move: Tailwind
|upkeep
|
|t:|1757634164
|switch|p2a: Dragonite|Dragonite, L50, F, tera:Steel|100/100
|turn|6
|inactive|bonomia has 30 seconds left.
|inactive|bonomia has 20 seconds left.
|inactive|bonomia has 15 seconds left.
|inactive|bonomia has 10 seconds left.
|
|t:|1757634209
|-terastallize|p1b: Tore|Normal
|move|p1a: Uccello di fuoco|Protect|p1a: Uccello di fuoco
|-singleturn|p1a: Uccello di fuoco|Protect
|move|p1b: Tore|Population Bomb|p2b: Dondozo
|-damage|p2b: Dondozo|91/100
|-damage|p2b: Dondozo|83/100
|-damage|p2b: Dondozo|73/100
|-damage|p2b: Dondozo|65/100
|-damage|p2b: Dondozo|55/100
|-damage|p2b: Dondozo|46/100
|-damage|p2b: Dondozo|37/100
|-damage|p2b: Dondozo|28/100
|-damage|p2b: Dondozo|18/100
|-damage|p2b: Dondozo|9/100
|-hitcount|p2b: Dondozo|10
|move|p2a: Dragonite|Scale Shot|p1b: Tore
|-damage|p1b: Tore|34/100
|-damage|p1b: Tore|11/100
|-damage|p1b: Tore|0 fnt
|faint|p1b: Tore
|-hitcount|p1: Tore|3
|-unboost|p2a: Dragonite|def|1
|-boost|p2a: Dragonite|spe|1
|move|p2b: Dondozo|Liquidation|p1a: Uccello di fuoco
|-activate|p1a: Uccello di fuoco|move: Protect
|
|-heal|p2b: Dondozo|15/100|[from] item: Leftovers
|upkeep
|
|t:|1757634232
|switch|p1b: Pesce grande|Dondozo, L50, M|100/100
|turn|7
|inactive|bonomia has 30 seconds left.
|inactive|bonomia has 20 seconds left.
|inactive|bonomia has 15 seconds left.
|inactive|bonomia has 10 seconds left.
|
|t:|1757634280
|switch|p1a: Pesce piccolo|Tatsugiri, L50, F|100/100
|-activate|p1a: Pesce piccolo|ability: Commander|[of] p1b: Pesce grande
|-boost|p1b: Pesce grande|atk|2
|-boost|p1b: Pesce grande|spa|2
|-boost|p1b: Pesce grande|spe|2
|-boost|p1b: Pesce grande|def|2
|-boost|p1b: Pesce grande|spd|2
|move|p2b: Dondozo|Protect|p2b: Dondozo
|-singleturn|p2b: Dondozo|Protect
|move|p2a: Dragonite|Extreme Speed|p1a: Pesce piccolo|[miss]
|-miss|p2a: Dragonite|p1a: Pesce piccolo
|move|p1b: Pesce grande|Earthquake|p2a: Dragonite|[spread] p2a
|-miss|p1b: Pesce grande|p1a: Pesce piccolo
|-activate|p2b: Dondozo|move: Protect
|-supereffective|p2a: Dragonite
|-damage|p2a: Dragonite|49/100
|
|-heal|p2b: Dondozo|22/100|[from] item: Leftovers
|upkeep
|turn|8
|
|t:|1757634301
|move|p2a: Dragonite|Haze|p2a: Dragonite
|-clearallboost
|move|p1b: Pesce grande|Earthquake|p2a: Dragonite|[spread] p2a,p2b
|-miss|p1b: Pesce grande|p1a: Pesce piccolo
|-supereffective|p2a: Dragonite
|-damage|p2a: Dragonite|0 fnt
|-damage|p2b: Dondozo|9/100
|faint|p2a: Dragonite
|move|p2b: Dondozo|Yawn|p1b: Pesce grande
|-start|p1b: Pesce grande|move: Yawn|[of] p2b: Dondozo
|
|-heal|p2b: Dondozo|15/100|[from] item: Leftovers
|upkeep
|turn|9
|c|☆Larchete|Gg
|inactive|bonomia has 30 seconds left.
|
|t:|1757634329
|move|p2b: Dondozo|Protect|p2b: Dondozo
|-singleturn|p2b: Dondozo|Protect
|move|p1b: Pesce grande|Wave Crash|p2b: Dondozo
|-activate|p2b: Dondozo|move: Protect
|
|-heal|p2b: Dondozo|22/100|[from] item: Leftovers
|-end|p1b: Pesce grande|move: Yawn|[silent]
|-status|p1b: Pesce grande|slp
|upkeep
|turn|10
|
|t:|1757634340
|cant|p1b: Pesce grande|slp
|move|p2b: Dondozo|Yawn||[still]
|-fail|p2b: Dondozo
|
|-heal|p2b: Dondozo|28/100|[from] item: Leftovers
|upkeep
|turn|11
|
|t:|1757634345
|move|p2b: Dondozo|Protect|p2b: Dondozo
|-singleturn|p2b: Dondozo|Protect
|-curestatus|p1b: Pesce grande|slp|[msg]
|move|p1b: Pesce grande|Wave Crash|p2b: Dondozo
|-activate|p2b: Dondozo|move: Protect
|
|-heal|p2b: Dondozo|34/100|[from] item: Leftovers
|upkeep
|turn|12
|
|t:|1757634351
|move|p1b: Pesce grande|Wave Crash|p2b: Dondozo
|-resisted|p2b: Dondozo
|-damage|p2b: Dondozo|19/100
|-damage|p1b: Pesce grande|95/100|[from] Recoil
|move|p2b: Dondozo|Yawn|p1b: Pesce grande
|-start|p1b: Pesce grande|move: Yawn|[of] p2b: Dondozo
|
|-heal|p1b: Pesce grande|100/100|[from] item: Leftovers
|-heal|p2b: Dondozo|25/100|[from] item: Leftovers
|upkeep
|turn|13
|
|t:|1757634354
|move|p2b: Dondozo|Protect|p2b: Dondozo
|-singleturn|p2b: Dondozo|Protect
|move|p1b: Pesce grande|Wave Crash|p2b: Dondozo
|-activate|p2b: Dondozo|move: Protect
|
|-heal|p2b: Dondozo|31/100|[from] item: Leftovers
|-end|p1b: Pesce grande|move: Yawn|[silent]
|-status|p1b: Pesce grande|slp
|upkeep
|turn|14
|
|t:|1757634357
|cant|p1b: Pesce grande|slp
|move|p2b: Dondozo|Liquidation|p1b: Pesce grande
|-resisted|p1b: Pesce grande
|-damage|p1b: Pesce grande|91/100 slp
|
|-heal|p1b: Pesce grande|97/100 slp|[from] item: Leftovers
|-heal|p2b: Dondozo|38/100|[from] item: Leftovers
|upkeep
|turn|15
|
|t:|1757634360
|-curestatus|p1b: Pesce grande|slp|[msg]
|move|p1b: Pesce grande|Wave Crash|p2b: Dondozo
|-resisted|p2b: Dondozo
|-damage|p2b: Dondozo|24/100
|-damage|p1b: Pesce grande|92/100|[from] Recoil
|move|p2b: Dondozo|Yawn|p1b: Pesce grande
|-start|p1b: Pesce grande|move: Yawn|[of] p2b: Dondozo
|
|-heal|p1b: Pesce grande|98/100|[from] item: Leftovers
|-heal|p2b: Dondozo|30/100|[from] item: Leftovers
|upkeep
|turn|16
|
|t:|1757634364
|move|p2b: Dondozo|Protect|p2b: Dondozo
|-singleturn|p2b: Dondozo|Protect
|move|p1b: Pesce grande|Wave Crash|p2b: Dondozo
|-activate|p2b: Dondozo|move: Protect
|
|-heal|p1b: Pesce grande|100/100|[from] item: Leftovers
|-heal|p2b: Dondozo|36/100|[from] item: Leftovers
|-end|p1b: Pesce grande|move: Yawn|[silent]
|-status|p1b: Pesce grande|slp
|upkeep
|turn|17
|
|t:|1757634366
|cant|p1b: Pesce grande|slp
|move|p2b: Dondozo|Liquidation|p1b: Pesce grande
|-resisted|p1b: Pesce grande
|-damage|p1b: Pesce grande|90/100 slp
|
|-heal|p1b: Pesce grande|96/100 slp|[from] item: Leftovers
|-heal|p2b: Dondozo|43/100|[from] item: Leftovers
|upkeep
|turn|18
|
|t:|1757634369
|cant|p1b: Pesce grande|slp
|move|p2b: Dondozo|Yawn||[still]
|-fail|p2b: Dondozo
|
|-heal|p1b: Pesce grande|100/100 slp|[from] item: Leftovers
|-heal|p2b: Dondozo|49/100|[from] item: Leftovers
|upkeep
|turn|19
|
|t:|1757634371
|-curestatus|p1b: Pesce grande|slp|[msg]
|move|p1b: Pesce grande|Wave Crash|p2b: Dondozo
|-resisted|p2b: Dondozo
|-damage|p2b: Dondozo|34/100
|-damage|p1b: Pesce grande|95/100|[from] Recoil
|move|p2b: Dondozo|Yawn|p1b: Pesce grande
|-start|p1b: Pesce grande|move: Yawn|[of] p2b: Dondozo
|
|-heal|p1b: Pesce grande|100/100|[from] item: Leftovers
|-heal|p2b: Dondozo|40/100|[from] item: Leftovers
|upkeep
|turn|20
|
|t:|1757634373
|move|p2b: Dondozo|Protect|p2b: Dondozo
|-singleturn|p2b: Dondozo|Protect
|move|p1b: Pesce grande|Wave Crash|p2b: Dondozo
|-activate|p2b: Dondozo|move: Protect
|
|-heal|p2b: Dondozo|46/100|[from] item: Leftovers
|-end|p1b: Pesce grande|move: Yawn|[silent]
|-status|p1b: Pesce grande|slp
|upkeep
|turn|21
|
|t:|1757634375
|cant|p1b: Pesce grande|slp
|move|p2b: Dondozo|Liquidation|p1b: Pesce grande
|-resisted|p1b: Pesce grande
|-damage|p1b: Pesce grande|90/100 slp
|
|-heal|p1b: Pesce grande|97/100 slp|[from] item: Leftovers
|-heal|p2b: Dondozo|52/100|[from] item: Leftovers
|upkeep
|turn|22
|
|t:|1757634379
|-curestatus|p1b: Pesce grande|slp|[msg]
|move|p1b: Pesce grande|Wave Crash|p2b: Dondozo
|-resisted|p2b: Dondozo
|-damage|p2b: Dondozo|36/100
|-damage|p1b: Pesce grande|90/100|[from] Recoil
|move|p2b: Dondozo|Yawn|p1b: Pesce grande
|-start|p1b: Pesce grande|move: Yawn|[of] p2b: Dondozo
|
|-heal|p1b: Pesce grande|97/100|[from] item: Leftovers
|-heal|p2b: Dondozo|43/100|[from] item: Leftovers
|upkeep
|turn|23
|
|t:|1757634382
|move|p2b: Dondozo|Protect|p2b: Dondozo
|-singleturn|p2b: Dondozo|Protect
|move|p1b: Pesce grande|Wave Crash|p2b: Dondozo
|-activate|p2b: Dondozo|move: Protect
|
|-heal|p1b: Pesce grande|100/100|[from] item: Leftovers
|-heal|p2b: Dondozo|49/100|[from] item: Leftovers
|-end|p1b: Pesce grande|move: Yawn|[silent]
|-status|p1b: Pesce grande|slp
|upkeep
|turn|24
|
|t:|1757634384
|cant|p1b: Pesce grande|slp
|move|p2b: Dondozo|Liquidation|p1b: Pesce grande
|-resisted|p1b: Pesce grande
|-damage|p1b: Pesce grande|91/100 slp
|
|-heal|p1b: Pesce grande|97/100 slp|[from] item: Leftovers
|-heal|p2b: Dondozo|55/100|[from] item: Leftovers
|upkeep
|turn|25
|
|t:|1757634387
|cant|p1b: Pesce grande|slp
|move|p2b: Dondozo|Yawn||[still]
|-fail|p2b: Dondozo
|
|-heal|p1b: Pesce grande|100/100 slp|[from] item: Leftovers
|-heal|p2b: Dondozo|61/100|[from] item: Leftovers
|upkeep
|turn|26
|
|t:|1757634389
|-curestatus|p1b: Pesce grande|slp|[msg]
|move|p1b: Pesce grande|Wave Crash|p2b: Dondozo
|-resisted|p2b: Dondozo
|-damage|p2b: Dondozo|45/100
|-damage|p1b: Pesce grande|94/100|[from] Recoil
|move|p2b: Dondozo|Yawn|p1b: Pesce grande
|-start|p1b: Pesce grande|move: Yawn|[of] p2b: Dondozo
|
|-heal|p1b: Pesce grande|100/100|[from] item: Leftovers
|-heal|p2b: Dondozo|51/100|[from] item: Leftovers
|upkeep
|turn|27
|
|t:|1757634392
|move|p2b: Dondozo|Protect|p2b: Dondozo
|-singleturn|p2b: Dondozo|Protect
|move|p1b: Pesce grande|Wave Crash|p2b: Dondozo
|-activate|p2b: Dondozo|move: Protect
|
|-heal|p2b: Dondozo|58/100|[from] item: Leftovers
|-end|p1b: Pesce grande|move: Yawn|[silent]
|-status|p1b: Pesce grande|slp
|upkeep
|turn|28
|
|t:|1757634394
|cant|p1b: Pesce grande|slp
|move|p2b: Dondozo|Liquidation|p1b: Pesce grande
|-resisted|p1b: Pesce grande
|-damage|p1b: Pesce grande|90/100 slp
|
|-heal|p1b: Pesce grande|97/100 slp|[from] item: Leftovers
|-heal|p2b: Dondozo|64/100|[from] item: Leftovers
|upkeep
|turn|29
|
|t:|1757634397
|cant|p1b: Pesce grande|slp
|move|p2b: Dondozo|Yawn||[still]
|-fail|p2b: Dondozo
|
|-heal|p1b: Pesce grande|100/100 slp|[from] item: Leftovers
|-heal|p2b: Dondozo|70/100|[from] item: Leftovers
|upkeep
|turn|30
|
|t:|1757634399
|cant|p1b: Pesce grande|slp
|move|p2b: Dondozo|Yawn||[still]
|-fail|p2b: Dondozo
|
|-heal|p2b: Dondozo|76/100|[from] item: Leftovers
|upkeep
|turn|31
|
|t:|1757634401
|-curestatus|p1b: Pesce grande|slp|[msg]
|move|p1b: Pesce grande|Wave Crash|p2b: Dondozo
|-resisted|p2b: Dondozo
|-damage|p2b: Dondozo|61/100
|-damage|p1b: Pesce grande|95/100|[from] Recoil
|move|p2b: Dondozo|Yawn|p1b: Pesce grande
|-start|p1b: Pesce grande|move: Yawn|[of] p2b: Dondozo
|
|-heal|p1b: Pesce grande|100/100|[from] item: Leftovers
|-heal|p2b: Dondozo|67/100|[from] item: Leftovers
|upkeep
|turn|32
|
|t:|1757634405
|move|p2b: Dondozo|Protect|p2b: Dondozo
|-singleturn|p2b: Dondozo|Protect
|move|p1b: Pesce grande|Wave Crash|p2b: Dondozo
|-activate|p2b: Dondozo|move: Protect
|
|-heal|p2b: Dondozo|74/100|[from] item: Leftovers
|-end|p1b: Pesce grande|move: Yawn|[silent]
|-status|p1b: Pesce grande|slp
|upkeep
|turn|33
|
|t:|1757634407
|cant|p1b: Pesce grande|slp
|move|p2b: Dondozo|Liquidation|p1b: Pesce grande
|-resisted|p1b: Pesce grande
|-damage|p1b: Pesce grande|91/100 slp
|
|-heal|p1b: Pesce grande|97/100 slp|[from] item: Leftovers
|-heal|p2b: Dondozo|80/100|[from] item: Leftovers
|upkeep
|turn|34
|
|t:|1757634412
|-curestatus|p1b: Pesce grande|slp|[msg]
|move|p1b: Pesce grande|Wave Crash|p2b: Dondozo
|-resisted|p2b: Dondozo
|-damage|p2b: Dondozo|65/100
|-damage|p1b: Pesce grande|92/100|[from] Recoil
|move|p2b: Dondozo|Yawn|p1b: Pesce grande
|-start|p1b: Pesce grande|move: Yawn|[of] p2b: Dondozo
|
|-heal|p1b: Pesce grande|98/100|[from] item: Leftovers
|-heal|p2b: Dondozo|71/100|[from] item: Leftovers
|upkeep
|turn|35
|
|t:|1757634415
|move|p2b: Dondozo|Protect|p2b: Dondozo
|-singleturn|p2b: Dondozo|Protect
|move|p1b: Pesce grande|Wave Crash|p2b: Dondozo
|-activate|p2b: Dondozo|move: Protect
|
|-heal|p1b: Pesce grande|100/100|[from] item: Leftovers
|-heal|p2b: Dondozo|77/100|[from] item: Leftovers
|-end|p1b: Pesce grande|move: Yawn|[silent]
|-status|p1b: Pesce grande|slp
|upkeep
|turn|36
|
|t:|1757634419
|cant|p1b: Pesce grande|slp
|move|p2b: Dondozo|Liquidation|p1b: Pesce grande
|-resisted|p1b: Pesce grande
|-damage|p1b: Pesce grande|90/100 slp
|
|-heal|p1b: Pesce grande|96/100 slp|[from] item: Leftovers
|-heal|p2b: Dondozo|83/100|[from] item: Leftovers
|upkeep
|turn|37
|
|t:|1757634422
|cant|p1b: Pesce grande|slp
|move|p2b: Dondozo|Yawn||[still]
|-fail|p2b: Dondozo
|
|-heal|p1b: Pesce grande|100/100 slp|[from] item: Leftovers
|-heal|p2b: Dondozo|90/100|[from] item: Leftovers
|upkeep
|turn|38
|
|t:|1757634428
|cant|p1b: Pesce grande|slp
|move|p2b: Dondozo|Fissure|p1b: Pesce grande|[miss]
|-miss|p2b: Dondozo|p1b: Pesce grande
|
|-heal|p2b: Dondozo|96/100|[from] item: Leftovers
|upkeep
|turn|39
|
|t:|1757634434
|-curestatus|p1b: Pesce grande|slp|[msg]
|move|p1b: Pesce grande|Order Up|p2b: Dondozo
|-damage|p2b: Dondozo|82/100
|-boost|p1b: Pesce grande|atk|1
|move|p2b: Dondozo|Fissure|p1b: Pesce grande
|-damage|p1b: Pesce grande|0 fnt
|faint|p1b: Pesce grande
|-ohko
|
|-heal|p2b: Dondozo|88/100|[from] item: Leftovers
|upkeep
|
|t:|1757634436
|switch|p1b: Uccello di fuoco|Talonflame, L50, F|8/100
|turn|40
|
|t:|1757634445
|move|p2b: Dondozo|Protect|p2b: Dondozo
|-singleturn|p2b: Dondozo|Protect
|move|p1b: Uccello di fuoco|Brave Bird|p2b: Dondozo
|-activate|p2b: Dondozo|move: Protect
|move|p1a: Pesce piccolo|Draco Meteor|p2b: Dondozo
|-activate|p2b: Dondozo|move: Protect
|
|-heal|p2b: Dondozo|94/100|[from] item: Leftovers
|upkeep
|turn|41
|
|t:|1757634449
|move|p1b: Uccello di fuoco|Brave Bird|p2b: Dondozo
|-damage|p2b: Dondozo|62/100
|-damage|p1b: Uccello di fuoco|0 fnt|[from] Recoil
|faint|p1b: Uccello di fuoco
|move|p1a: Pesce piccolo|Draco Meteor|p2b: Dondozo|[miss]
|-miss|p1a: Pesce piccolo|p2b: Dondozo
|move|p2b: Dondozo|Yawn|p1a: Pesce piccolo
|-start|p1a: Pesce piccolo|move: Yawn|[of] p2b: Dondozo
|
|-heal|p2b: Dondozo|68/100|[from] item: Leftovers
|upkeep
|turn|42
|
|t:|1757634459
|move|p2b: Dondozo|Protect|p2b: Dondozo
|-singleturn|p2b: Dondozo|Protect
|move|p1a: Pesce piccolo|Draco Meteor|p2b: Dondozo
|-activate|p2b: Dondozo|move: Protect
|
|-heal|p2b: Dondozo|74/100|[from] item: Leftovers
|-end|p1a: Pesce piccolo|move: Yawn|[silent]
|-status|p1a: Pesce piccolo|slp
|upkeep
|turn|43
|
|t:|1757634461
|cant|p1a: Pesce piccolo|slp
|move|p2b: Dondozo|Fissure|p1a: Pesce piccolo|[miss]
|-miss|p2b: Dondozo|p1a: Pesce piccolo
|
|-heal|p2b: Dondozo|81/100|[from] item: Leftovers
|upkeep
|turn|44
|
|t:|1757634466
|move|p2b: Dondozo|Protect|p2b: Dondozo
|-singleturn|p2b: Dondozo|Protect
|-curestatus|p1a: Pesce piccolo|slp|[msg]
|move|p1a: Pesce piccolo|Draco Meteor|p2b: Dondozo
|-activate|p2b: Dondozo|move: Protect
|
|-heal|p2b: Dondozo|87/100|[from] item: Leftovers
|upkeep
|turn|45
|
|t:|1757634469
|move|p1a: Pesce piccolo|Draco Meteor|p2b: Dondozo|[miss]
|-miss|p1a: Pesce piccolo|p2b: Dondozo
|move|p2b: Dondozo|Yawn|p1a: Pesce piccolo
|-start|p1a: Pesce piccolo|move: Yawn|[of] p2b: Dondozo
|
|-heal|p2b: Dondozo|93/100|[from] item: Leftovers
|upkeep
|turn|46
|
|t:|1757634473
|move|p2b: Dondozo|Protect|p2b: Dondozo
|-singleturn|p2b: Dondozo|Protect
|move|p1a: Pesce piccolo|Draco Meteor|p2b: Dondozo
|-activate|p2b: Dondozo|move: Protect
|
|-heal|p2b: Dondozo|99/100|[from] item: Leftovers
|-end|p1a: Pesce piccolo|move: Yawn|[silent]
|-status|p1a: Pesce piccolo|slp
|upkeep
|turn|47
|
|t:|1757634476
|cant|p1a: Pesce piccolo|slp
|move|p2b: Dondozo|Fissure|p1a: Pesce piccolo|[miss]
|-miss|p2b: Dondozo|p1a: Pesce piccolo
|
|-heal|p2b: Dondozo|100/100|[from] item: Leftovers
|upkeep
|turn|48
|
|t:|1757634481
|cant|p1a: Pesce piccolo|slp
|move|p2b: Dondozo|Fissure|p1a: Pesce piccolo
|-damage|p1a: Pesce piccolo|0 fnt
|faint|p1a: Pesce piccolo
|-ohko
|
|win|bonomia
|raw|Larchete's rating: 1354 → 1344(-10 for losing)
|raw|bonomia's rating: 1552 → 1562(+10 for winning)
|c|☆bonomia|gg
|l|☆Larchete
|player|p1|
|c|☆bonomia|:)
