|j|☆5star_swordvgc
|j|☆OwlsGoHooot
|html|5star_swordvgcOwlsGoHooot    
|uhtml|bestof|Game 1 of a best-of-3
|t:|1782983822
|gametype|doubles
|player|p1|5star_swordvgc|red|1059
|player|p2|OwlsGoHooot|170|1034
|gen|9
|tier|[Gen 9 Champions] VGC 2026 Reg M-B (Bo3)
|rated|
|rule|Species Clause: Limit one of each Pokémon
|rule|Item Clause: Limit 1 of each item
|clearpoke
|poke|p1|Aegislash, L50, M|
|poke|p1|Farigiraf, L50, M|
|poke|p1|Incineroar, L50, M|
|poke|p1|Whimsicott, L50, F|
|poke|p1|Blastoise, L50, M|
|poke|p1|Tyranitar, L50, M|
|poke|p2|Sinistcha, L50|
|poke|p2|Delphox, L50, M|
|poke|p2|Floette-Eternal, L50, F|
|poke|p2|Incineroar, L50, M|
|poke|p2|Basculegion, L50, M|
|poke|p2|Sneasler, L50, F|
|teampreview|4
|showteam|p1|Aegislash||LifeOrb|StanceChange|KingsShield,WideGuard,FlashCannon,ShadowBall|Modest||M|||50|]Farigiraf||SitrusBerry|ArmorTail|Protect,TrickRoom,Psychic,HyperVoice|Modest||M|||50|]Incineroar||ExpertBelt|Intimidate|Taunt,PartingShot,FakeOut,FlareBlitz|Adamant||M|||50|]Whimsicott||FocusSash|Prankster|Moonblast,Tailwind,Encore,Endeavor|Timid||F|||50|]Blastoise||Blastoisinite|Torrent|Protect,DarkPulse,AuraSphere,WaterSpout|Modest||M|||50|]Tyranitar||Tyranitarite|SandStream|Protect,KnockOff,RockSlide,Earthquake|Adamant||M|||50|
|showteam|p2|Sinistcha||KasibBerry|Hospitality|MatchaGotcha,RagePowder,LifeDew,TrickRoom|Bold|||||50|]Delphox||Delphoxite|Blaze|HeatWave,Psychic,NastyPlot,Protect|Modest||M|||50|]Floette-Eternal||Floettite|FlowerVeil|Moonblast,DrainingKiss,CalmMind,Protect|Modest||F|||50|]Incineroar||SitrusBerry|Intimidate|PartingShot,FakeOut,ThroatChop,FlareBlitz|Careful||M|||50|]Basculegion||FocusSash|Adaptability|Protect,Liquidation,AquaJet,LastRespects|Adamant||M|||50|]Sneasler||WhiteHerb|Unburden|FakeOut,DireClaw,CloseCombat,Protect|Adamant||F|||50|
|inactive|Battle timer is ON: inactive players will automatically lose when time's up. (requested by 5star_swordvgc)
|
|t:|1782983846
|teamsize|p1|4
|teamsize|p2|4
|start
|switch|p1a: Farigiraf|Farigiraf, L50, M|100/100
|switch|p1b: Incineroar|Incineroar, L50, M|100/100
|switch|p2a: Sneasler|Sneasler, L50, F|100/100
|switch|p2b: Floette|Floette-Eternal, L50, F|100/100
|-ability|p1b: Incineroar|Intimidate|boost
|-unboost|p2a: Sneasler|atk|1
|-unboost|p2b: Floette|atk|1
|-enditem|p2a: Sneasler|White Herb
|-clearnegativeboost|p2a: Sneasler|[silent]
|turn|1
|inactive|OwlsGoHooot has 30 seconds left.
|
|t:|1782983878
|detailschange|p2b: Floette|Floette-Mega, L50, F
|-mega|p2b: Floette|Floette|Floettite
|-ability|p2b: Floette|Fairy Aura
|move|p1b: Incineroar|Fake Out|p2b: Floette
|-damage|p2b: Floette|85/100
|move|p2a: Sneasler|Close Combat|p1a: Farigiraf
|-damage|p1a: Farigiraf|38/100
|-unboost|p2a: Sneasler|def|1
|-unboost|p2a: Sneasler|spd|1
|-enditem|p1a: Farigiraf|Sitrus Berry|[eat]
|-heal|p1a: Farigiraf|63/100|[from] item: Sitrus Berry
|cant|p2b: Floette|flinch
|move|p1a: Farigiraf|Trick Room|p1a: Farigiraf
|-fieldstart|move: Trick Room|[of] p1a: Farigiraf
|
|upkeep
|turn|2
|
|t:|1782983897
|switch|p2a: Incineroar|Incineroar, L50, M|100/100
|-ability|p2a: Incineroar|Intimidate|boost
|-unboost|p1a: Farigiraf|atk|1
|-unboost|p1b: Incineroar|atk|1
|move|p2b: Floette|Protect|p2b: Floette
|-singleturn|p2b: Floette|Protect
|move|p1a: Farigiraf|Psychic|p2a: Incineroar
|-immune|p2a: Incineroar
|move|p1b: Incineroar|Flare Blitz|p2b: Floette
|-activate|p2b: Floette|move: Protect
|
|upkeep
|turn|3
|inactive|OwlsGoHooot has 30 seconds left.
|
|t:|1782983922
|switch|p2b: Basculegion|Basculegion, L50, M|100/100
|move|p1b: Incineroar|Parting Shot|p2b: Basculegion
|-unboost|p2b: Basculegion|atk|1
|-unboost|p2b: Basculegion|spa|1
|
|t:|1782983930
|switch|p1b: Aegislash|Aegislash, L50, M|100/100|[from] Parting Shot
|move|p1a: Farigiraf|Hyper Voice|p2a: Incineroar|[spread] p2a
|-immune|p2b: Basculegion
|-damage|p2a: Incineroar|75/100
|move|p2a: Incineroar|Throat Chop|p1a: Farigiraf
|-supereffective|p1a: Farigiraf|1
|-damage|p1a: Farigiraf|1/100
|-start|p1a: Farigiraf|Throat Chop|[silent]
|
|upkeep
|turn|4
|inactive|OwlsGoHooot has 30 seconds left.
|inactive|OwlsGoHooot has 20 seconds left.
|
|t:|1782983969
|switch|p1a: Incineroar|Incineroar, L50, M|100/100
|-ability|p1a: Incineroar|Intimidate|boost
|-unboost|p2a: Incineroar|atk|1
|-unboost|p2b: Basculegion|atk|1
|move|p2b: Basculegion|Protect|p2b: Basculegion
|-singleturn|p2b: Basculegion|Protect
|-formechange|p1b: Aegislash|Aegislash-Blade|
|move|p1b: Aegislash|Shadow Ball|p2b: Basculegion
|-activate|p2b: Basculegion|move: Protect
|move|p2a: Incineroar|Throat Chop|p1a: Incineroar
|-resisted|p1a: Incineroar|1
|-damage|p1a: Incineroar|91/100
|-start|p1a: Incineroar|Throat Chop|[silent]
|
|upkeep
|turn|5
|inactive|OwlsGoHooot has 30 seconds left.
|
|t:|1782984000
|move|p1a: Incineroar|Fake Out|p2a: Incineroar
|-damage|p2a: Incineroar|64/100
|move|p1b: Aegislash|Shadow Ball|p2b: Basculegion
|-supereffective|p2b: Basculegion|1
|-enditem|p2b: Basculegion|Focus Sash
|-damage|p2b: Basculegion|1/100
|-damage|p1b: Aegislash|90/100|[from] item: Life Orb
|cant|p2a: Incineroar|flinch
|move|p2b: Basculegion|Liquidation|p1a: Incineroar
|-supereffective|p1a: Incineroar|1
|-damage|p1a: Incineroar|35/100
|
|-end|p1a: Incineroar|Throat Chop|[silent]
|-fieldend|move: Trick Room
|upkeep
|turn|6
|
|t:|1782984024
|switch|p2a: Sneasler|Sneasler, L50, F|100/100
|-formechange|p1b: Aegislash|Aegislash|
|move|p1b: Aegislash|King's Shield|p1b: Aegislash
|-singleturn|p1b: Aegislash|Protect
|move|p2b: Basculegion|Liquidation|p1a: Incineroar
|-supereffective|p1a: Incineroar|1
|-damage|p1a: Incineroar|0 fnt
|faint|p1a: Incineroar
|
|upkeep
|
|t:|1782984038
|switch|p1a: Blastoise|Blastoise, L50, M|100/100
|turn|7
|
|t:|1782984056
|detailschange|p1a: Blastoise|Blastoise-Mega, L50, M
|-mega|p1a: Blastoise|Blastoise|Blastoisinite
|move|p2a: Sneasler|Fake Out|p1a: Blastoise
|-damage|p1a: Blastoise|87/100
|move|p2b: Basculegion|Last Respects|p1b: Aegislash
|-supereffective|p1b: Aegislash|1
|-damage|p1b: Aegislash|54/100
|cant|p1a: Blastoise|flinch
|-formechange|p1b: Aegislash|Aegislash-Blade|
|move|p1b: Aegislash|Shadow Ball|p2a: Sneasler
|-crit|p2a: Sneasler
|-damage|p2a: Sneasler|0 fnt
|faint|p2a: Sneasler
|-damage|p1b: Aegislash|45/100|[from] item: Life Orb
|
|upkeep
|
|t:|1782984066
|switch|p2a: Incineroar|Incineroar, L50, M|64/100
|-ability|p2a: Incineroar|Intimidate|boost
|-unboost|p1a: Blastoise|atk|1
|-unboost|p1b: Aegislash|atk|1
|turn|8
|
|t:|1782984083
|move|p1a: Blastoise|Protect|p1a: Blastoise
|-singleturn|p1a: Blastoise|Protect
|-formechange|p1b: Aegislash|Aegislash|
|move|p1b: Aegislash|King's Shield|p1b: Aegislash
|-singleturn|p1b: Aegislash|Protect
|move|p2a: Incineroar|Fake Out|p1a: Blastoise
|-activate|p1a: Blastoise|move: Protect
|move|p2b: Basculegion|Last Respects|p1b: Aegislash
|-activate|p1b: Aegislash|move: Protect
|
|upkeep
|turn|9
|inactive|OwlsGoHooot has 30 seconds left.
|
|t:|1782984116
|switch|p1b: Farigiraf|Farigiraf, L50, M|1/100
|move|p2b: Basculegion|Aqua Jet||[still]
|cant|p1b: Farigiraf|ability: Armor Tail|Aqua Jet|[of] p2b: Basculegion
|move|p1a: Blastoise|Water Spout|p2b: Basculegion|[spread] p2a,p2b
|-supereffective|p2a: Incineroar|1
|-resisted|p2b: Basculegion|1
|-damage|p2a: Incineroar|0 fnt
|-damage|p2b: Basculegion|0 fnt
|faint|p2a: Incineroar
|faint|p2b: Basculegion
|
|upkeep
|
|t:|1782984120
|switch|p2b: Floette|Floette-Mega, L50, F|85/100
|-ability|p2b: Floette|Fairy Aura
|turn|10
|
|t:|1782984137
|move|p2b: Floette|Moonblast|p1b: Farigiraf
|-damage|p1b: Farigiraf|0 fnt
|faint|p1b: Farigiraf
|move|p1a: Blastoise|Water Spout|p2b: Floette
|-damage|p2b: Floette|18/100
|
|upkeep
|
|t:|1782984144
|switch|p1b: Aegislash|Aegislash, L50, M|45/100
|turn|11
|
|t:|1782984164
|move|p2b: Floette|Draining Kiss|p1a: Blastoise
|-damage|p1a: Blastoise|51/100
|-heal|p2b: Floette|45/100|[from] drain|[of] p1a: Blastoise
|move|p1a: Blastoise|Water Spout|p2b: Floette
|-damage|p2b: Floette|7/100
|-formechange|p1b: Aegislash|Aegislash-Blade|
|move|p1b: Aegislash|Shadow Ball|p2b: Floette
|-damage|p2b: Floette|0 fnt
|faint|p2b: Floette
|-damage|p1b: Aegislash|35/100|[from] item: Life Orb
|
|win|5star_swordvgc
||OwlsGoHooot is ready for game 2.
||5star_swordvgc is ready for game 2.
|uhtml|next|Next: Game 2 of 3
|l|☆5star_swordvgc
|player|p1|
