|j|☆Artere Happy
|j|☆jomivgc
|html|Artere Happyjomivgc    
|uhtml|bestof|Game 1 of a best-of-3
|t:|1784813490
|gametype|doubles
|player|p1|Artere Happy|medium|1228
|player|p2|jomivgc|falkner-gen2|1307
|gen|9
|tier|[Gen 9 Champions] VGC 2026 Reg M-B (Bo3)
|rated|
|rule|Species Clause: Limit one of each Pokémon
|rule|Item Clause: Limit 1 of each item
|clearpoke
|poke|p1|Charizard, L50, M|
|poke|p1|Floette-Eternal, L50, F|
|poke|p1|Whimsicott, L50, M|
|poke|p1|Kingambit, L50, M|
|poke|p1|Basculegion, L50, M|
|poke|p1|Garchomp, L50, M|
|poke|p2|Staraptor, L50, F|
|poke|p2|Vanilluxe, L50, F|
|poke|p2|Farigiraf, L50, M|
|poke|p2|Blastoise, L50, F|
|poke|p2|Kingambit, L50, M|
|poke|p2|Camerupt, L50, M|
|teampreview|4
|showteam|p1|Charizard||CharizarditeY|Blaze|HeatWave,WeatherBall,SolarBeam,Protect|Modest||M|||50|]Floette-Eternal||Floettite|FlowerVeil|DazzlingGleam,Moonblast,LightofRuin,Protect|Timid||F|||50|]Whimsicott||FocusSash|Prankster|Tailwind,Encore,Moonblast,Protect|Timid||M|||50|]Kingambit||ChopleBerry|Defiant|SuckerPunch,KowtowCleave,IronHead,Protect|Adamant||M|||50|]Basculegion||MysticWater|Adaptability|WaveCrash,AquaJet,LastRespects,Protect|Adamant||M|||50|]Garchomp||LifeOrb|RoughSkin|DragonClaw,Earthquake,RockSlide,Protect|Jolly||M|||50|
|showteam|p2|Staraptor||ChoiceScarf|Intimidate|FinalGambit,BraveBird,CloseCombat,Uturn|Jolly||F|||50|]Vanilluxe||NeverMeltIce|SnowWarning|Blizzard,FreezeDry,Protect,IceShard|Quiet||F|||50|]Farigiraf||SitrusBerry|ArmorTail|PsychicFangs,HyperVoice,HelpingHand,TrickRoom|Relaxed||M|||50|]Blastoise||Blastoisinite|RainDish|FakeOut,WaterSpout,AuraSphere,DarkPulse|Quiet||F|||50|]Kingambit||LifeOrb|Defiant|KowtowCleave,IronHead,Protect,SuckerPunch|Brave||M|||50|]Camerupt||Cameruptite|SolidRock|HeatWave,EarthPower,Protect,AncientPower|Quiet||M|||50|
|inactive|Battle timer is ON: inactive players will automatically lose when time's up. (requested by jomivgc)
|inactive|Artere Happy also wants the timer to be on.
|inactive|Artere Happy has 60 seconds left.
|inactive|jomivgc has 60 seconds left.
|inactive|jomivgc has 30 seconds left.
|inactive|jomivgc has 20 seconds left.
|inactive|jomivgc has 15 seconds left.
|inactive|jomivgc has 10 seconds left.
|
|t:|1784813572
|teamsize|p1|4
|teamsize|p2|4
|start
|switch|p1a: Charizard|Charizard, L50, M|100/100
|switch|p1b: Kingambit|Kingambit, L50, M|100/100
|switch|p2a: Staraptor|Staraptor, L50, F|100/100
|switch|p2b: Farigiraf|Farigiraf, L50, M|100/100
|-ability|p2a: Staraptor|Intimidate|boost
|-unboost|p1a: Charizard|atk|1
|-unboost|p1b: Kingambit|atk|1
|-ability|p1b: Kingambit|Defiant|boost
|-boost|p1b: Kingambit|atk|2
|turn|1
|inactive|jomivgc has 30 seconds left.
|inactive|jomivgc has 20 seconds left.
|
|t:|1784813608
|switch|p1a: Basculegion|Basculegion, L50, M|100/100
|move|p2a: Staraptor|Final Gambit|p1b: Kingambit
|-damage|p1b: Kingambit|7/100
|faint|p2a: Staraptor
|move|p2b: Farigiraf|Hyper Voice|p1a: Basculegion|[spread] p1b
|-immune|p1a: Basculegion
|-resisted|p1b: Kingambit|1
|-damage|p1b: Kingambit|0 fnt
|faint|p1b: Kingambit
|
|upkeep
|
|t:|1784813620
|switch|p2a: Vanilluxe|Vanilluxe, L50, F|100/100
|switch|p1b: Charizard|Charizard, L50, M|100/100
|-weather|Snowscape|[from] ability: Snow Warning|[of] p2a: Vanilluxe
|turn|2
|inactive|jomivgc has 30 seconds left.
|inactive|jomivgc has 20 seconds left.
|
|t:|1784813659
|detailschange|p1b: Charizard|Charizard-Mega-Y, L50, M
|-mega|p1b: Charizard|Charizard|Charizardite Y
|-weather|SunnyDay|[from] ability: Drought|[of] p1b: Charizard
|move|p1b: Charizard|Heat Wave|p2b: Farigiraf|[spread] p2a,p2b
|-supereffective|p2a: Vanilluxe|1
|-damage|p2a: Vanilluxe|0 fnt
|-damage|p2b: Farigiraf|50/100g
|-status|p2b: Farigiraf|brn
|faint|p2a: Vanilluxe
|move|p1a: Basculegion|Wave Crash|p2b: Farigiraf
|-damage|p2b: Farigiraf|12/100 brn
|-enditem|p2b: Farigiraf|Sitrus Berry|[eat]
|-heal|p2b: Farigiraf|37/100 brn|[from] item: Sitrus Berry
|-damage|p1a: Basculegion|85/100|[from] Recoil
|move|p2b: Farigiraf|Trick Room|p2b: Farigiraf
|-fieldstart|move: Trick Room|[of] p2b: Farigiraf
|
|-weather|SunnyDay|[upkeep]
|-damage|p2b: Farigiraf|30/100 brn|[from] brn
|upkeep
|
|t:|1784813675
|switch|p2a: Camerupt|Camerupt, L50, M|100/100
|turn|3
|inactive|jomivgc has 30 seconds left.
|
|t:|1784813702
|detailschange|p2a: Camerupt|Camerupt-Mega, L50, M
|-mega|p2a: Camerupt|Camerupt|Cameruptite
|move|p2a: Camerupt|Protect|p2a: Camerupt
|-singleturn|p2a: Camerupt|Protect
|move|p1b: Charizard|Protect|p1b: Charizard
|-singleturn|p1b: Charizard|Protect
|move|p2b: Farigiraf|Psychic Fangs|p1a: Basculegion
|-damage|p1a: Basculegion|71/100
|move|p1a: Basculegion|Wave Crash|p2a: Camerupt
|-activate|p2a: Camerupt|move: Protect
|
|-weather|SunnyDay|[upkeep]
|-damage|p2b: Farigiraf|24/100 brn|[from] brn
|upkeep
|turn|4
|inactive|jomivgc has 30 seconds left.
|inactive|jomivgc has 20 seconds left.
|
|t:|1784813740
|switch|p1a: Garchomp|Garchomp, L50, M|100/100
|move|p2a: Camerupt|Earth Power|p1a: Garchomp
|-damage|p1a: Garchomp|15/100
|move|p2b: Farigiraf|Hyper Voice|p1b: Charizard|[spread] p1a,p1b
|-damage|p1a: Garchomp|0 fnt
|-damage|p1b: Charizard|76/100
|faint|p1a: Garchomp
|move|p1b: Charizard|Heat Wave|p2b: Farigiraf|[spread] p2a,p2b
|-resisted|p2a: Camerupt|1
|-damage|p2a: Camerupt|71/100
|-damage|p2b: Farigiraf|0 fnt
|faint|p2b: Farigiraf
|
|-weather|SunnyDay|[upkeep]
|upkeep
|
|t:|1784813747
|switch|p1a: Basculegion|Basculegion, L50, M|71/100
|turn|5
|inactive|Artere Happy has 30 seconds left.
|
|t:|1784813777
|move|p1a: Basculegion|Aqua Jet|p2a: Camerupt
|-supereffective|p2a: Camerupt|2
|-damage|p2a: Camerupt|3/100
|move|p2a: Camerupt|Ancient Power|p1b: Charizard
|-supereffective|p1b: Charizard|2
|-damage|p1b: Charizard|0 fnt
|faint|p1b: Charizard
|
|-weather|SunnyDay|[upkeep]
|upkeep
|turn|6
|
|t:|1784813786
|move|p1a: Basculegion|Aqua Jet|p2a: Camerupt
|-supereffective|p2a: Camerupt|2
|-damage|p2a: Camerupt|0 fnt
|faint|p2a: Camerupt
|
|win|Artere Happy
