|j|☆ULYSSEMAGERANGS
|j|☆SabinoRaw
|html|ULYSSEMAGERANGSSabinoRaw    
|uhtml|bestof|Game 2 of a best-of-3
|t:|1786044779
|gametype|doubles
|player|p1|ULYSSEMAGERANGS|cynthia-gen4|1094
|player|p2|SabinoRaw|noland-gen3|1142
|gen|9
|tier|[Gen 9 Champions] VGC 2026 Reg M-B (Bo3)
|rated|
|rule|Species Clause: Limit one of each Pokémon
|rule|Item Clause: Limit 1 of each item
|clearpoke
|poke|p1|Garchomp, L50, M, shiny|
|poke|p1|Grimmsnarl, L50, M, shiny|
|poke|p1|Charizard, L50, M, shiny|
|poke|p1|Incineroar, L50, M, shiny|
|poke|p1|Metagross, L50, shiny|
|poke|p1|Sylveon, L50, F, shiny|
|poke|p2|Swampert, L50, F|
|poke|p2|Floette-Eternal, L50, F|
|poke|p2|Pelipper, L50, F|
|poke|p2|Grimmsnarl, L50, M|
|poke|p2|Sinistcha, L50|
|poke|p2|Archaludon, L50, M|
|teampreview|4
|showteam|p1|Garchomp||Garchompite|RoughSkin|DragonClaw,Earthquake,StoneEdge,StompingTantrum|Adamant||M|||50|]Grimmsnarl||LightClay|Prankster|LightScreen,Reflect,SpiritBreak,FoulPlay|Careful||M|||50|]Charizard||CharizarditeY|Blaze|Flamethrower,HeatWave,Hurricane,SolarBeam|Modest||M|||50|]Incineroar||PasshoBerry|Intimidate|FakeOut,DarkestLariat,FlareBlitz,CloseCombat|Adamant||M|||50|]Metagross||Metagrossite|ClearBody|BodyPress,IronHead,PsychicFangs,IcePunch|Jolly|||||50|]Sylveon||LifeOrb|Pixilate|HyperVoice,Moonblast,MysticalFire,Protect|Modest||F|||50|
|showteam|p2|Swampert||Swampertite|Torrent|WaveCrash,Earthquake,IcePunch,Protect|Adamant||F|||50|]Floette-Eternal||Floettite|FlowerVeil|Moonblast,DazzlingGleam,CalmMind,Protect|Modest||F|||50|]Pelipper||SitrusBerry|Drizzle|Hurricane,WeatherBall,Tailwind,WideGuard|Modest||F|||50|]Grimmsnarl||LightClay|Prankster|LightScreen,Reflect,FoulPlay,PartingShot|Calm||M|||50|]Sinistcha||CobaBerry|Hospitality|MatchaGotcha,LifeDew,TrickRoom,RagePowder|Relaxed|||||50|]Archaludon||Leftovers|Stamina|ElectroShot,DragonPulse,FlashCannon,Protect|Modest||M|||50|
|inactive|Battle timer is ON: inactive players will automatically lose when time's up. (requested by ULYSSEMAGERANGS)
|
|t:|1786044798
|teamsize|p1|4
|teamsize|p2|4
|start
|switch|p1a: Sylveon|Sylveon, L50, F, shiny|100/100
|switch|p1b: Grimmsnarl|Grimmsnarl, L50, M, shiny|100/100
|switch|p2a: Floette|Floette-Eternal, L50, F|100/100
|switch|p2b: Sinistcha|Sinistcha, L50|100/100
|turn|1
|
|t:|1786044818
|detailschange|p2a: Floette|Floette-Mega, L50, F
|-mega|p2a: Floette|Floette|Floettite
|-ability|p2a: Floette|Fairy Aura
|move|p2b: Sinistcha|Rage Powder|p2b: Sinistcha
|-singleturn|p2b: Sinistcha|move: Rage Powder
|move|p1b: Grimmsnarl|Light Screen|p1b: Grimmsnarl
|-sidestart|p1: ULYSSEMAGERANGS|move: Light Screen
|move|p2a: Floette|Calm Mind|p2a: Floette
|-boost|p2a: Floette|spa|1
|-boost|p2a: Floette|spd|1
|move|p1a: Sylveon|Hyper Voice|p2b: Sinistcha|[spread] p2a,p2b
|-damage|p2a: Floette|65/100
|-damage|p2b: Sinistcha|24/100
|-damage|p1a: Sylveon|90/100|[from] item: Life Orb
|
|upkeep
|turn|2
|
|t:|1786044837
|switch|p2b: Archaludon|Archaludon, L50, M|100/100
|move|p1b: Grimmsnarl|Reflect|p1b: Grimmsnarl
|-sidestart|p1: ULYSSEMAGERANGS|Reflect
|move|p2a: Floette|Dazzling Gleam|p1b: Grimmsnarl|[spread] p1a,p1b
|-supereffective|p1b: Grimmsnarl|1
|-damage|p1a: Sylveon|62/100
|-damage|p1b: Grimmsnarl|32/100
|move|p1a: Sylveon|Hyper Voice|p2a: Floette|[spread] p2a,p2b
|-damage|p2a: Floette|29/100
|-damage|p2b: Archaludon|26/100
|-ability|p2b: Archaludon|Stamina|boost
|-boost|p2b: Archaludon|def|1
|-damage|p1a: Sylveon|52/100|[from] item: Life Orb
|
|-heal|p2b: Archaludon|32/100|[from] item: Leftovers
|upkeep
|turn|3
|
|t:|1786044855
|move|p2a: Floette|Dazzling Gleam|p1a: Sylveon|[spread] p1a,p1b
|-supereffective|p1b: Grimmsnarl|1
|-damage|p1a: Sylveon|23/100
|-damage|p1b: Grimmsnarl|0 fnt
|faint|p1b: Grimmsnarl
|move|p2b: Archaludon|Flash Cannon|p1a: Sylveon
|-supereffective|p1a: Sylveon|1
|-damage|p1a: Sylveon|0 fnt
|faint|p1a: Sylveon
|
|-heal|p2b: Archaludon|39/100|[from] item: Leftovers
|upkeep
|
|t:|1786044861
|switch|p1a: Charizard|Charizard, L50, M, shiny|100/100
|switch|p1b: Incineroar|Incineroar, L50, M, shiny|100/100
|-ability|p1b: Incineroar|Intimidate|boost
|-unboost|p2a: Floette|atk|1
|-unboost|p2b: Archaludon|atk|1
|turn|4
|
|t:|1786044870
|switch|p2b: Pelipper|Pelipper, L50, F|100/100
|-weather|RainDance|[from] ability: Drizzle|[of] p2b: Pelipper
|detailschange|p1a: Charizard|Charizard-Mega-Y, L50, M, shiny
|-mega|p1a: Charizard|Charizard|Charizardite Y
|-weather|SunnyDay|[from] ability: Drought|[of] p1a: Charizard
|move|p1b: Incineroar|Fake Out|p2a: Floette
|-crit|p2a: Floette
|-damage|p2a: Floette|8/100
|cant|p2a: Floette|flinch
|move|p1a: Charizard|Heat Wave|p2a: Floette|[spread] p2b
|-miss|p1a: Charizard|p2a: Floette
|-resisted|p2b: Pelipper|1
|-damage|p2b: Pelipper|61/100
|
|-weather|SunnyDay|[upkeep]
|upkeep
|turn|5
|
|t:|1786044891
|switch|p2b: Sinistcha|Sinistcha, L50|24/100
|-heal|p2a: Floette|33/100|[from] ability: Hospitality|[of] p2b: Sinistcha
|move|p2a: Floette|Protect|p2a: Floette
|-singleturn|p2a: Floette|Protect
|move|p1a: Charizard|Flamethrower|p2a: Floette
|-activate|p2a: Floette|move: Protect
|move|p1b: Incineroar|Darkest Lariat|p2b: Sinistcha
|-supereffective|p2b: Sinistcha|1
|-damage|p2b: Sinistcha|0 fnt
|faint|p2b: Sinistcha
|
|-weather|SunnyDay|[upkeep]
|upkeep
|
|t:|1786044907
|switch|p2b: Pelipper|Pelipper, L50, F|61/100
|-weather|RainDance|[from] ability: Drizzle|[of] p2b: Pelipper
|turn|6
|
|t:|1786044916
|move|p2a: Floette|Dazzling Gleam|p1b: Incineroar|[spread] p1a,p1b
|-resisted|p1a: Charizard|1
|-crit|p1b: Incineroar
|-damage|p1a: Charizard|79/100
|-damage|p1b: Incineroar|13/100
|move|p1a: Charizard|Hurricane|p2a: Floette
|-damage|p2a: Floette|0 fnt
|faint|p2a: Floette
|move|p2b: Pelipper|Weather Ball|p1a: Charizard
|-supereffective|p1a: Charizard|1
|-damage|p1a: Charizard|4/100
|move|p1b: Incineroar|Darkest Lariat|p2b: Pelipper
|-damage|p2b: Pelipper|15/100
|-enditem|p2b: Pelipper|Sitrus Berry|[eat]
|-heal|p2b: Pelipper|40/100|[from] item: Sitrus Berry
|
|-weather|RainDance|[upkeep]
|upkeep
|
|t:|1786044930
|switch|p2a: Archaludon|Archaludon, L50, M|39/100
|turn|7
|-message|ULYSSEMAGERANGS forfeited.
|
|win|SabinoRaw
|l|☆ULYSSEMAGERANGS
|player|p1|
||ULYSSEMAGERANGS is ready for game 3.
||SabinoRaw is ready for game 3.
|uhtml|next|Next: Game 3 of 3
