|j|☆lettitripppp
|j|☆iwillbeausername
|html|lettitrippppiwillbeausername    
|uhtml|bestof|Game 2 of a best-of-3
|t:|1783118416
|gametype|doubles
|player|p1|lettitripppp|lucas|1190
|player|p2|iwillbeausername|101|1094
|gen|9
|tier|[Gen 9 Champions] VGC 2026 Reg M-B (Bo3)
|rated|
|rule|Species Clause: Limit one of each Pokémon
|rule|Item Clause: Limit 1 of each item
|clearpoke
|poke|p1|Charizard, L50, F|
|poke|p1|Floette-Eternal, L50, F|
|poke|p1|Basculegion, L50, M, shiny|
|poke|p1|Garchomp, L50, M|
|poke|p1|Whimsicott, L50, M, shiny|
|poke|p1|Kingambit, L50, M|
|poke|p2|Froslass, L50, F|
|poke|p2|Lopunny, L50, M|
|poke|p2|Ceruledge, L50, F|
|poke|p2|Garchomp, L50, F|
|poke|p2|Incineroar, L50, M|
|poke|p2|Kingambit, L50, M|
|teampreview|4
|showteam|p1|Charizard||CharizarditeY|Blaze|WeatherBall,SolarBeam,HeatWave,Protect|Modest||F|||50|]Floette-Eternal||Floettite|FlowerVeil|DazzlingGleam,LightofRuin,Moonblast,Protect|Timid||F|||50|]Basculegion||MysticWater|Adaptability|LastRespects,WaveCrash,AquaJet,Protect|Adamant||M|||50|]Garchomp||LifeOrb|RoughSkin|DragonClaw,Earthquake,RockSlide,Protect|Jolly||M|||50|]Whimsicott||FocusSash|Prankster|Moonblast,Tailwind,Encore,Protect|Timid||M|||50|]Kingambit||OccaBerry|Defiant|KowtowCleave,SuckerPunch,IronHead,LowKick|Adamant||M|||50|
|showteam|p2|Froslass||Froslassite|SnowCloak|Blizzard,ShadowBall,AuroraVeil,Protect|Timid||F|||50|]Lopunny||Lopunnite|CuteCharm|FakeOut,CloseCombat,Encore,TripleAxel|Jolly||M|||50|]Ceruledge||Leftovers|FlashFire|SwordsDance,BitterBlade,ShadowSneak,Taunt|Jolly||F|||50|]Garchomp||LifeOrb|RoughSkin|Earthquake,StompingTantrum,RockSlide,Protect|Adamant||F|||50|]Incineroar||PasshoBerry|Intimidate|FakeOut,PartingShot,FlareBlitz,ThroatChop|Careful||M|||50|]Kingambit||FocusSash|Defiant|SuckerPunch,KowtowCleave,LowKick,Protect|Jolly||M|||50|
|inactive|Battle timer is ON: inactive players will automatically lose when time's up. (requested by lettitripppp)
|
|t:|1783118443
|teamsize|p1|4
|teamsize|p2|4
|start
|switch|p1a: GHOSTWAVE|Basculegion, L50, M, shiny|100/100
|switch|p1b: LETS GO GO|Whimsicott, L50, M, shiny|100/100
|switch|p2a: Lopunny|Lopunny, L50, M|100/100
|switch|p2b: Garchomp|Garchomp, L50, F|100/100
|turn|1
|
|t:|1783118465
|detailschange|p2a: Lopunny|Lopunny-Mega, L50, M
|-mega|p2a: Lopunny|Lopunny|Lopunnite
|move|p1b: LETS GO GO|Protect|p1b: LETS GO GO
|-singleturn|p1b: LETS GO GO|Protect
|move|p1a: GHOSTWAVE|Protect|p1a: GHOSTWAVE
|-singleturn|p1a: GHOSTWAVE|Protect
|move|p2a: Lopunny|Fake Out|p1b: LETS GO GO
|-activate|p1b: LETS GO GO|move: Protect
|move|p2b: Garchomp|Stomping Tantrum|p1a: GHOSTWAVE
|-activate|p1a: GHOSTWAVE|move: Protect
|
|upkeep
|turn|2
|
|t:|1783118482
|switch|p2a: Incineroar|Incineroar, L50, M|100/100
|-ability|p2a: Incineroar|Intimidate|boost
|-unboost|p1a: GHOSTWAVE|atk|1
|-unboost|p1b: LETS GO GO|atk|1
|move|p1b: LETS GO GO|Tailwind|p1b: LETS GO GO
|-sidestart|p1: lettitripppp|move: Tailwind
|move|p1a: GHOSTWAVE|Wave Crash|p2a: Incineroar
|-supereffective|p2a: Incineroar|1
|-enditem|p2a: Incineroar|Passho Berry|[eat]
|-enditem|p2a: Incineroar|Passho Berry|[weaken]
|-damage|p2a: Incineroar|51/100
|-damage|p1a: GHOSTWAVE|84/100|[from] Recoil
|move|p2b: Garchomp|Stomping Tantrum|p1a: GHOSTWAVE
|-damage|p1a: GHOSTWAVE|39/100
|-damage|p2b: Garchomp|90/100|[from] item: Life Orb
|
|upkeep
|turn|3
|
|t:|1783118502
|move|p2a: Incineroar|Fake Out|p1b: LETS GO GO
|-damage|p1b: LETS GO GO|85/100
|cant|p1b: LETS GO GO|flinch
|move|p1a: GHOSTWAVE|Wave Crash|p2a: Incineroar
|-supereffective|p2a: Incineroar|1
|-damage|p2a: Incineroar|0 fnt
|faint|p2a: Incineroar
|-damage|p1a: GHOSTWAVE|23/100|[from] Recoil
|move|p2b: Garchomp|Stomping Tantrum|p1a: GHOSTWAVE
|-damage|p1a: GHOSTWAVE|0 fnt
|faint|p1a: GHOSTWAVE
|-damage|p2b: Garchomp|80/100|[from] item: Life Orb
|
|upkeep
|
|t:|1783118512
|switch|p1a: RUINOUS LIGHT|Floette-Eternal, L50, F|100/100
|switch|p2a: Ceruledge|Ceruledge, L50, F|100/100
|turn|4
|
|t:|1783118521
|detailschange|p1a: RUINOUS LIGHT|Floette-Mega, L50, F
|-mega|p1a: RUINOUS LIGHT|Floette|Floettite
|-ability|p1a: RUINOUS LIGHT|Fairy Aura
|move|p1b: LETS GO GO|Moonblast|p2a: Ceruledge
|-resisted|p2a: Ceruledge|1
|-damage|p2a: Ceruledge|81/100
|-unboost|p2a: Ceruledge|spa|1
|move|p1a: RUINOUS LIGHT|Dazzling Gleam|p2b: Garchomp|[spread] p2a,p2b
|-resisted|p2a: Ceruledge|1
|-supereffective|p2b: Garchomp|1
|-crit|p2b: Garchomp
|-damage|p2a: Ceruledge|58/100
|-damage|p2b: Garchomp|0 fnt
|faint|p2b: Garchomp
|move|p2a: Ceruledge|Bitter Blade|p1b: LETS GO GO
|-supereffective|p1b: LETS GO GO|1
|-damage|p1b: LETS GO GO|0 fnt
|-heal|p2a: Ceruledge|93/100|[from] drain|[of] p1b: LETS GO GO
|faint|p1b: LETS GO GO
|
|-heal|p2a: Ceruledge|98/100|[from] item: Leftovers
|upkeep
|
|t:|1783118532
|switch|p1b: CRUSH SHARK|Garchomp, L50, M|100/100
|switch|p2b: Lopunny|Lopunny-Mega, L50, M|100/100
|turn|5
|
|t:|1783118546
|move|p1a: RUINOUS LIGHT|Dazzling Gleam|p2b: Lopunny|[spread] p2a,p2b
|-resisted|p2a: Ceruledge|1
|-supereffective|p2b: Lopunny|1
|-damage|p2a: Ceruledge|78/100
|-damage|p2b: Lopunny|0 fnt
|faint|p2b: Lopunny
|move|p1b: CRUSH SHARK|Earthquake|p2a: Ceruledge|[spread] p1a,p2a
|-supereffective|p2a: Ceruledge|1
|-damage|p1a: RUINOUS LIGHT|28/100
|-damage|p2a: Ceruledge|0 fnt
|faint|p2a: Ceruledge
|-damage|p1b: CRUSH SHARK|90/100|[from] item: Life Orb
|
|win|lettitripppp
|raw|lettitripppp's rating: 1190 → 1208(+18 for winning)
|raw|iwillbeausername's rating: 1094 → 1076(-18 for losing)
|l|☆iwillbeausername
|player|p2|
