|j|☆Koraidonkoalition
|j|‽rapilp
|html|Koraidonkoalitionrapilp    
|uhtml|bestof|Game 2 of a best-of-3
|t:|1785082731
|gametype|doubles
|player|p1|Koraidonkoalition|colress|1169
|player|p2|rapilp|parasollady-gen4|1096
|gen|9
|tier|[Gen 9 Champions] VGC 2026 Reg M-B (Bo3)
|rated|
|rule|Species Clause: Limit one of each Pokémon
|rule|Item Clause: Limit 1 of each item
|clearpoke
|poke|p1|Tyranitar, L50, F|
|poke|p1|Excadrill, L50, F|
|poke|p1|Milotic, L50, M|
|poke|p1|Sinistcha, L50|
|poke|p1|Staraptor, L50, F|
|poke|p1|Gholdengo, L50|
|poke|p2|Altaria, L50, F, shiny|
|poke|p2|Alcremie, L50, F, shiny|
|poke|p2|Metagross, L50, shiny|
|poke|p2|Delphox, L50, M, shiny|
|poke|p2|Sinistcha, L50, shiny|
|poke|p2|Krookodile, L50, F, shiny|
|teampreview|4
|showteam|p1|Tyranitar||Tyranitarite|SandStream|KnockOff,RockSlide,LowKick,Protect|Jolly||F|||50|]Excadrill||FocusSash|SandRush|Earthquake,IronHead,RockSlide,Protect|Adamant||F|||50|]Milotic||SitrusBerry|Competitive|Scald,IcyWind,Haze,Protect|Calm||M|||50|]Sinistcha||ColburBerry|Hospitality|MatchaGotcha,ShadowBall,Protect,RagePowder|Bold|||||50|]Staraptor||Staraptite|Intimidate|CloseCombat,BraveBird,Tailwind,Protect|Jolly||F|||50|]Gholdengo||LifeOrb|GoodasGold|MakeItRain,ShadowBall,NastyPlot,Protect|Modest|||||50|
|showteam|p2|Altaria||Altarianite|NaturalCure|Tailwind,Protect,HyperVoice,Flamethrower|Modest||F|||50|]Alcremie||ChoiceScarf|SweetVeil|Decorate,Encore,BabyDollEyes,HelpingHand|Bold||F|||50|]Metagross||LifeOrb|ClearBody|IcePunch,MeteorMash,Protect,RockSlide|Adamant|||||50|]Delphox||Delphoxite|Blaze|Protect,Psychic,HeatWave,ShadowBall|Modest||M|||50|]Sinistcha||Leftovers|Hospitality|StrengthSap,LifeDew,MatchaGotcha,ShadowBall|Calm|||||50|]Krookodile||SitrusBerry|Intimidate|ScaryFace,HelpingHand,Protect,HighHorsepower|Careful||F|||50|
|
|t:|1785082751
|teamsize|p1|4
|teamsize|p2|4
|start
|switch|p1a: Milotic|Milotic, L50, M|100/100
|switch|p1b: Gholdengo|Gholdengo, L50|100/100
|switch|p2a: Sinistcha|Sinistcha, L50, shiny|100/100
|switch|p2b: Metagross|Metagross, L50, shiny|100/100
|turn|1
|
|t:|1785082762
|move|p2b: Metagross|Protect|p2b: Metagross
|-singleturn|p2b: Metagross|Protect
|move|p1a: Milotic|Protect|p1a: Milotic
|-singleturn|p1a: Milotic|Protect
|move|p1b: Gholdengo|Nasty Plot|p1b: Gholdengo
|-boost|p1b: Gholdengo|spa|2
|move|p2a: Sinistcha|Matcha Gotcha|p1a: Milotic|[spread] p1b
|-activate|p1a: Milotic|move: Protect
|-resisted|p1b: Gholdengo|1
|-damage|p1b: Gholdengo|88/100
|
|upkeep
|turn|2
|
|t:|1785082777
|move|p2b: Metagross|Rock Slide|p1b: Gholdengo|[spread] p1a,p1b
|-resisted|p1b: Gholdengo|1
|-damage|p1a: Milotic|72/100
|-damage|p1b: Gholdengo|77/100
|-damage|p2b: Metagross|90/100|[from] item: Life Orb
|move|p1a: Milotic|Scald|p2b: Metagross
|-damage|p2b: Metagross|53/100
|-status|p2b: Metagross|brn
|move|p1b: Gholdengo|Shadow Ball|p2a: Sinistcha
|-supereffective|p2a: Sinistcha|1
|-damage|p2a: Sinistcha|0 fnt
|faint|p2a: Sinistcha
|-damage|p1b: Gholdengo|67/100|[from] item: Life Orb
|
|-damage|p2b: Metagross|47/100 brn|[from] brn
|upkeep
|
|t:|1785082789
|switch|p2a: Altaria|Altaria, L50, F, shiny|100/100
|turn|3
|
|t:|1785082797
|detailschange|p2a: Altaria|Altaria-Mega, L50, F, shiny
|-mega|p2a: Altaria|Altaria|Altarianite
|move|p2b: Metagross|Protect|p2b: Metagross
|-singleturn|p2b: Metagross|Protect
|move|p1b: Gholdengo|Protect|p1b: Gholdengo
|-singleturn|p1b: Gholdengo|Protect
|move|p1a: Milotic|Icy Wind|p2a: Altaria|[spread] p2a
|-activate|p2b: Metagross|move: Protect
|-supereffective|p2a: Altaria|1
|-damage|p2a: Altaria|83/100
|-unboost|p2a: Altaria|spe|1
|move|p2a: Altaria|Tailwind|p2a: Altaria
|-sidestart|p2: rapilp|move: Tailwind
|
|-damage|p2b: Metagross|42/100 brn|[from] brn
|upkeep
|turn|4
|
|t:|1785082818
|switch|p1b: Tyranitar|Tyranitar, L50, F|100/100
|-weather|Sandstorm|[from] ability: Sand Stream|[of] p1b: Tyranitar
|move|p2b: Metagross|Rock Slide|p1a: Milotic|[spread] p1a,p1b
|-damage|p1a: Milotic|60/100
|-damage|p1b: Tyranitar|88/100
|-damage|p2b: Metagross|32/100 brn|[from] item: Life Orb
|move|p2a: Altaria|Flamethrower|p1b: Tyranitar
|-resisted|p1b: Tyranitar|1
|-damage|p1b: Tyranitar|79/100
|move|p1a: Milotic|Icy Wind|p2b: Metagross|[spread] p2a,p2b
|-supereffective|p2a: Altaria|1
|-resisted|p2b: Metagross|1
|-damage|p2a: Altaria|65/100
|-damage|p2b: Metagross|26/100 brn
|-unboost|p2a: Altaria|spe|1
|
|-weather|Sandstorm|[upkeep]
|-damage|p1a: Milotic|54/100|[from] Sandstorm
|-damage|p2a: Altaria|59/100|[from] Sandstorm
|-damage|p2b: Metagross|21/100 brn|[from] brn
|upkeep
|turn|5
|
|t:|1785082843
|move|p2b: Metagross|Protect|p2b: Metagross
|-singleturn|p2b: Metagross|Protect
|move|p1b: Tyranitar|Knock Off|p2b: Metagross
|-activate|p2b: Metagross|move: Protect
|move|p1a: Milotic|Icy Wind|p2a: Altaria|[spread] p2a
|-activate|p2b: Metagross|move: Protect
|-supereffective|p2a: Altaria|1
|-damage|p2a: Altaria|42/100
|-unboost|p2a: Altaria|spe|1
|move|p2a: Altaria|Hyper Voice|p1a: Milotic|[spread] p1a,p1b
|-supereffective|p1b: Tyranitar|1
|-damage|p1a: Milotic|30/100
|-damage|p1b: Tyranitar|31/100
|-enditem|p1a: Milotic|Sitrus Berry|[eat]
|-heal|p1a: Milotic|55/100|[from] item: Sitrus Berry
|
|-weather|Sandstorm|[upkeep]
|-damage|p1a: Milotic|49/100|[from] Sandstorm
|-damage|p2a: Altaria|36/100|[from] Sandstorm
|-damage|p2b: Metagross|15/100 brn|[from] brn
|upkeep
|turn|6
|
|t:|1785082864
|move|p2a: Altaria|Protect|p2a: Altaria
|-singleturn|p2a: Altaria|Protect
|move|p2b: Metagross|Meteor Mash|p1b: Tyranitar|[miss]
|-miss|p2b: Metagross|p1b: Tyranitar
|move|p1b: Tyranitar|Knock Off|p2b: Metagross
|-supereffective|p2b: Metagross|1
|-damage|p2b: Metagross|0 fnt
|-enditem|p2b: Metagross|Life Orb|[from] move: Knock Off|[of] p1b: Tyranitar
|faint|p2b: Metagross
|move|p1a: Milotic|Icy Wind|p2a: Altaria
|-activate|p2a: Altaria|move: Protect
|
|-weather|Sandstorm|[upkeep]
|-damage|p1a: Milotic|43/100|[from] Sandstorm
|-damage|p2a: Altaria|30/100|[from] Sandstorm
|-sideend|p2: rapilp|move: Tailwind
|upkeep
|
|t:|1785082872
|switch|p2b: Alcremie|Alcremie, L50, F, shiny|100/100
|turn|7
|
|t:|1785082881
|detailschange|p1b: Tyranitar|Tyranitar-Mega, L50, F
|-mega|p1b: Tyranitar|Tyranitar|Tyranitarite
|move|p2b: Alcremie|Decorate|p2a: Altaria
|-boost|p2a: Altaria|atk|2
|-boost|p2a: Altaria|spa|2
|move|p1b: Tyranitar|Rock Slide|p2b: Alcremie|[spread] p2a,p2b
|-damage|p2a: Altaria|1/100
|-damage|p2b: Alcremie|63/100
|move|p1a: Milotic|Icy Wind|p2b: Alcremie|[spread] p2a,p2b
|-supereffective|p2a: Altaria|1
|-damage|p2a: Altaria|0 fnt
|-damage|p2b: Alcremie|54/100
|-unboost|p2b: Alcremie|spe|1
|faint|p2a: Altaria
|
|-weather|Sandstorm|[upkeep]
|-damage|p2b: Alcremie|48/100|[from] Sandstorm
|-damage|p1a: Milotic|37/100|[from] Sandstorm
|upkeep
|turn|8
|-message|rapilp forfeited.
|
|win|Koraidonkoalition
|raw|Koraidonkoalition's rating: 1169 → 1189(+20 for winning)
|raw|rapilp's rating: 1096 → 1077(-19 for losing)
