|j|☆Baronismo
|j|☆raksbach
|html|Baronismoraksbach    
|uhtml|bestof|Game 1 of a best-of-3
|t:|1784194670
|gametype|doubles
|player|p1|Baronismo|depotagent|1333
|player|p2|raksbach|266|1308
|gen|9
|tier|[Gen 9 Champions] VGC 2026 Reg M-B (Bo3)
|rated|
|rule|Species Clause: Limit one of each Pokémon
|rule|Item Clause: Limit 1 of each item
|clearpoke
|poke|p1|Gardevoir, L50, M|
|poke|p1|Maushold, L50|
|poke|p1|Talonflame, L50, F|
|poke|p1|Kommo-o, L50, F|
|poke|p1|Basculegion, L50, M|
|poke|p1|Kingambit, L50, M|
|poke|p2|Incineroar, L50, M|
|poke|p2|Maushold, L50|
|poke|p2|Sinistcha, L50|
|poke|p2|Sneasler, L50, M|
|poke|p2|Blastoise, L50, M|
|poke|p2|Delphox, L50, M|
|teampreview|4
|showteam|p1|Gardevoir||Gardevoirite|Trace|HyperVoice,Psyshock,VacuumWave,Protect|Modest||M|||50|]Maushold||FocusSash|FriendGuard|SuperFang,FollowMe,Feint,Protect|Jolly|||||50|]Talonflame||SharpBeak|GaleWings|BraveBird,FlareBlitz,Tailwind,Protect|Jolly||F|||50|]Kommo-o||LifeOrb|Soundproof|DracoMeteor,ClangingScales,FocusBlast,Protect|Timid||F|||50|]Basculegion||ChoiceScarf|Adaptability|WaveCrash,LastRespects,AquaJet,FlipTurn|Jolly||M|||50|]Kingambit||BlackGlasses|Defiant|KowtowCleave,IronHead,SuckerPunch,Protect|Adamant||M|||50|
|showteam|p2|Incineroar||SitrusBerry|Intimidate|FakeOut,FlareBlitz,DarkestLariat,PartingShot|Impish||M|||50|]Maushold||ChopleBerry|FriendGuard|SuperFang,FollowMe,Protect,Feint|Impish|||||50|]Sinistcha||OccaBerry|Hospitality|MatchaGotcha,LifeDew,RagePowder,Protect|Bold|||||50|]Sneasler||FocusSash|PoisonTouch|FakeOut,CloseCombat,DireClaw,QuickGuard|Jolly||M|||50|]Blastoise||Blastoisinite|Torrent|WaterSpout,DarkPulse,ShellSmash,Protect|Modest||M|||50|]Delphox||Delphoxite|Blaze|HeatWave,Psychic,NastyPlot,Protect|Timid||M|||50|
|inactive|Battle timer is ON: inactive players will automatically lose when time's up. (requested by raksbach)
|inactive|Baronismo has 60 seconds left.
|inactive|raksbach has 60 seconds left.
|
|t:|1784194723
|teamsize|p1|4
|teamsize|p2|4
|start
|switch|p1a: Maushold|Maushold, L50|100/100
|switch|p1b: Gardevoir|Gardevoir, L50, M|100/100
|switch|p2a: Delphox|Delphox, L50, M|100/100
|switch|p2b: Maushold|Maushold, L50|100/100
|-ability|p1b: Gardevoir|Friend Guard|Trace|[from] ability: Trace|[of] p2b: Maushold
|turn|1
|inactive|raksbach has 30 seconds left.
|
|t:|1784194755
|detailschange|p2a: Delphox|Delphox-Mega, L50, M
|-mega|p2a: Delphox|Delphox|Delphoxite
|detailschange|p1b: Gardevoir|Gardevoir-Mega, L50, M
|-mega|p1b: Gardevoir|Gardevoir|Gardevoirite
|move|p2a: Delphox|Nasty Plot|p2a: Delphox
|-boost|p2a: Delphox|spa|2
|move|p1a: Maushold|Super Fang|p2a: Delphox
|-damage|p2a: Delphox|50/100g
|move|p1b: Gardevoir|Hyper Voice|p2b: Maushold|[spread] p2a,p2b
|-resisted|p2a: Delphox|1
|-damage|p2a: Delphox|33/100
|-damage|p2b: Maushold|34/100
|move|p2b: Maushold|Super Fang|p1a: Maushold
|-damage|p1a: Maushold|50/100g
|
|upkeep
|turn|2
|inactive|Baronismo has 30 seconds left.
|inactive|raksbach has 30 seconds left.
|
|t:|1784194790
|switch|p2b: Sinistcha|Sinistcha, L50|100/100
|-heal|p2a: Delphox|58/100|[from] ability: Hospitality|[of] p2b: Sinistcha
|move|p1a: Maushold|Protect|p1a: Maushold
|-singleturn|p1a: Maushold|Protect
|move|p2a: Delphox|Heat Wave|p1b: Gardevoir|[spread] p1b
|-activate|p1a: Maushold|move: Protect
|-damage|p1b: Gardevoir|48/100
|-status|p1b: Gardevoir|brn
|move|p1b: Gardevoir|Hyper Voice|p2b: Sinistcha|[spread] p2a,p2b
|-resisted|p2a: Delphox|1
|-damage|p2a: Delphox|32/100
|-damage|p2b: Sinistcha|51/100
|
|-damage|p1b: Gardevoir|42/100 brn|[from] brn
|upkeep
|turn|3
|
|t:|1784194815
|move|p2a: Delphox|Heat Wave|p1a: Maushold|[spread] p1a,p1b
|-damage|p1a: Maushold|0 fnt
|-damage|p1b: Gardevoir|0 fnt
|faint|p1a: Maushold
|faint|p1b: Gardevoir
|move|p2b: Sinistcha|Life Dew|p2b: Sinistcha|[spread] p2a,p2b
|-heal|p2a: Delphox|57/100
|-heal|p2b: Sinistcha|76/100
|
|upkeep
|
|t:|1784194818
|switch|p1a: Basculegion|Basculegion, L50, M|100/100
|switch|p1b: Kingambit|Kingambit, L50, M|100/100
|turn|4
|
|t:|1784194835
|move|p1b: Kingambit|Protect|p1b: Kingambit
|-singleturn|p1b: Kingambit|Protect
|move|p2b: Sinistcha|Rage Powder|p2b: Sinistcha
|-singleturn|p2b: Sinistcha|move: Rage Powder
|move|p1a: Basculegion|Last Respects|p2b: Sinistcha
|-supereffective|p2b: Sinistcha|1
|-damage|p2b: Sinistcha|0 fnt
|faint|p2b: Sinistcha
|move|p2a: Delphox|Psychic|p1a: Basculegion
|-damage|p1a: Basculegion|0 fnt
|faint|p1a: Basculegion
|
|upkeep
|
|t:|1784194848
|switch|p2b: Maushold|Maushold, L50|34/100
|turn|5
|
|t:|1784194853
|move|p2b: Maushold|Follow Me|p2b: Maushold
|-singleturn|p2b: Maushold|move: Follow Me
|move|p1b: Kingambit|Sucker Punch||[still]
|-fail|p1b: Kingambit
|move|p2a: Delphox|Heat Wave|p1b: Kingambit
|-supereffective|p1b: Kingambit|1
|-damage|p1b: Kingambit|0 fnt
|faint|p1b: Kingambit
|
|win|raksbach
