|j|☆cuduchi
|j|☆LPTesting1
|html|cuduchiLPTesting1    
|uhtml|bestof|Game 1 of a best-of-3
|t:|1756705376
|gametype|doubles
|player|p1|cuduchi|hilbert|1082
|player|p2|LPTesting1|266|1162
|gen|9
|tier|[Gen 9] VGC 2025 Reg H (Bo3)
|rated|
|rule|Species Clause: Limit one of each Pokémon
|rule|Item Clause: Limit 1 of each item
|clearpoke
|poke|p1|Ursaluna-Bloodmoon, L50, M|
|poke|p1|Farigiraf, L50, F|
|poke|p1|Tyranitar, L50, F|
|poke|p1|Scizor, L50, M|
|poke|p1|Kingambit, L50, M|
|poke|p1|Amoonguss, L50, M|
|poke|p2|Maushold, L50|
|poke|p2|Annihilape, L50, F|
|poke|p2|Sinistcha, L50|
|poke|p2|Pelipper, L50, F|
|poke|p2|Archaludon, L50, M|
|poke|p2|Incineroar, L50, F|
|teampreview|4
|showteam|p1|Ursaluna-Bloodmoon||LifeOrb|MindsEye|BloodMoon,HyperVoice,EarthPower,Protect|||M|||50|,,,,,Normal]Farigiraf||SitrusBerry|ArmorTail|HyperVoice,Psychic,TrickRoom,HelpingHand|||F|||50|,,,,,Fairy]Tyranitar||AssaultVest|SandStream|RockSlide,TeraBlast,KnockOff,LowKick|||F|||50|,,,,,Flying]Scizor||FocusSash|Technician|Protect,BulletPunch,DualWingbeat,SwordsDance|||M|||50|,,,,,Steel]Kingambit||BlackGlasses|Defiant|KowtowCleave,SuckerPunch,SwordsDance,Protect|||M|||50|,,,,,Dark]Amoonguss||RockyHelmet|Regenerator|Spore,RagePowder,ClearSmog,Protect|||M|||50|,,,,,Water
|showteam|p2|Maushold||SafetyGoggles|FriendGuard|BeatUp,Taunt,FollowMe,Protect||||||50|,,,,,Ghost]Annihilape||Leftovers|Defiant|RageFist,DrainPunch,BulkUp,Protect|||F|||50|,,,,,Grass]Sinistcha||RockyHelmet|Hospitality|MatchaGotcha,LifeDew,TrickRoom,RagePowder||||||50|,,,,,Water]Pelipper||FocusSash|Drizzle|WeatherBall,Hurricane,Tailwind,WideGuard|||F|||50|,,,,,Ghost]Archaludon||AssaultVest|Stamina|ElectroShot,DragonPulse,FlashCannon,BodyPress|||M|||50|,,,,,Grass]Incineroar||SitrusBerry|Intimidate|FlareBlitz,KnockOff,Roar,FakeOut|||F|||50|,,,,,Grass
|
|t:|1756705426
|teamsize|p1|4
|teamsize|p2|4
|start
|switch|p1a: Farigiraf|Farigiraf, L50, F, shiny|100/100
|switch|p1b: Ursaluna|Ursaluna-Bloodmoon, L50, M|100/100
|switch|p2a: Maushold|Maushold, L50|100/100
|switch|p2b: Annihilape|Annihilape, L50, F|100/100
|turn|1
|
|t:|1756705468
|-terastallize|p1b: Ursaluna|Normal
|move|p2a: Maushold|Taunt|p1a: Farigiraf
|-start|p1a: Farigiraf|move: Taunt
|move|p2b: Annihilape|Drain Punch|p1b: Ursaluna
|-supereffective|p1b: Ursaluna
|-damage|p1b: Ursaluna|48/100
|move|p1a: Farigiraf|Hyper Voice|p2a: Maushold|[spread] p2a
|-immune|p2b: Annihilape
|-damage|p2a: Maushold|62/100
|move|p1b: Ursaluna|Hyper Voice|p2a: Maushold|[spread] p2a,p2b
|-damage|p2a: Maushold|0 fnt
|-damage|p2b: Annihilape|54/100
|faint|p2a: Maushold
|-damage|p1b: Ursaluna|38/100|[from] item: Life Orb
|
|-heal|p2b: Annihilape|61/100|[from] item: Leftovers
|upkeep
|
|t:|1756705478
|switch|p2a: Sinistcha|Sinistcha, L50|100/100
|-heal|p2b: Annihilape|86/100|[from] ability: Hospitality|[of] p2a: Sinistcha
|turn|2
|
|t:|1756705501
|switch|p1a: Tyranitar|Tyranitar, L50, F, shiny|100/100
|-weather|Sandstorm|[from] ability: Sand Stream|[of] p1a: Tyranitar
|move|p1b: Ursaluna|Protect|p1b: Ursaluna
|-singleturn|p1b: Ursaluna|Protect
|move|p2b: Annihilape|Drain Punch|p1b: Ursaluna
|-activate|p1b: Ursaluna|move: Protect
|move|p2a: Sinistcha|Matcha Gotcha|p1a: Tyranitar|[spread] p1a
|-activate|p1b: Ursaluna|move: Protect
|-supereffective|p1a: Tyranitar
|-damage|p1a: Tyranitar|77/100
|
|-weather|Sandstorm|[upkeep]
|-damage|p2b: Annihilape|79/100|[from] Sandstorm
|-damage|p2a: Sinistcha|94/100|[from] Sandstorm
|-damage|p1b: Ursaluna|32/100|[from] Sandstorm
|-heal|p2b: Annihilape|86/100|[from] item: Leftovers
|upkeep
|turn|3
|
|t:|1756705548
|move|p2b: Annihilape|Drain Punch|p1a: Tyranitar
|-supereffective|p1a: Tyranitar
|-damage|p1a: Tyranitar|0 fnt
|-heal|p2b: Annihilape|100/100|[from] drain|[of] p1a: Tyranitar
|faint|p1a: Tyranitar
|move|p2a: Sinistcha|Matcha Gotcha|p1b: Ursaluna
|-damage|p1b: Ursaluna|0 fnt
|-heal|p2a: Sinistcha|100/100|[from] drain|[of] p1b: Ursaluna
|faint|p1b: Ursaluna
|
|-weather|Sandstorm|[upkeep]
|-damage|p2b: Annihilape|94/100|[from] Sandstorm
|-damage|p2a: Sinistcha|94/100|[from] Sandstorm
|-heal|p2b: Annihilape|100/100|[from] item: Leftovers
|upkeep
|
|t:|1756705565
|switch|p1a: Kingambit|Kingambit, L50, M|100/100
|switch|p1b: Farigiraf|Farigiraf, L50, F, shiny|100/100
|turn|4
|
|t:|1756705605
|move|p1b: Farigiraf|Helping Hand|p1a: Kingambit
|-singleturn|p1a: Kingambit|Helping Hand|[of] p1b: Farigiraf
|move|p2b: Annihilape|Bulk Up|p2b: Annihilape
|-boost|p2b: Annihilape|atk|1
|-boost|p2b: Annihilape|def|1
|move|p2a: Sinistcha|Matcha Gotcha|p1a: Kingambit|[spread] p1a
|-miss|p2a: Sinistcha|p1b: Farigiraf
|-resisted|p1a: Kingambit
|-damage|p1a: Kingambit|89/100
|-heal|p2a: Sinistcha|100/100|[from] drain|[of] p1a: Kingambit
|move|p1a: Kingambit|Kowtow Cleave|p2a: Sinistcha
|-supereffective|p2a: Sinistcha
|-damage|p2a: Sinistcha|0 fnt
|-damage|p1a: Kingambit|72/100|[from] item: Rocky Helmet|[of] p2a: Sinistcha
|faint|p2a: Sinistcha
|
|-weather|Sandstorm|[upkeep]
|-damage|p2b: Annihilape|94/100|[from] Sandstorm
|-damage|p1b: Farigiraf|95/100|[from] Sandstorm
|-heal|p2b: Annihilape|100/100|[from] item: Leftovers
|upkeep
|
|t:|1756705610
|switch|p2a: Pelipper|Pelipper, L50, F|100/100
|-weather|RainDance|[from] ability: Drizzle|[of] p2a: Pelipper
|turn|5
|
|t:|1756705639
|-terastallize|p2b: Annihilape|Grass
|move|p1b: Farigiraf|Helping Hand|p1a: Kingambit
|-singleturn|p1a: Kingambit|Helping Hand|[of] p1b: Farigiraf
|move|p2a: Pelipper|Wide Guard|p2a: Pelipper
|-singleturn|p2a: Pelipper|Wide Guard
|move|p1a: Kingambit|Sucker Punch|p2b: Annihilape
|-damage|p2b: Annihilape|46/100
|move|p2b: Annihilape|Drain Punch|p1a: Kingambit
|-supereffective|p1a: Kingambit
|-damage|p1a: Kingambit|0 fnt
|-heal|p2b: Annihilape|82/100|[from] drain|[of] p1a: Kingambit
|faint|p1a: Kingambit
|
|-weather|RainDance|[upkeep]
|-heal|p2b: Annihilape|88/100|[from] item: Leftovers
|upkeep
|turn|6
|-message|cuduchi forfeited.
|
|win|LPTesting1
|l|☆cuduchi
|player|p1|
