|j|☆ghhbbj
|j|☆GlitchXDGOAT
|html|ghhbbjGlitchXDGOAT    
|uhtml|bestof|Game 3 of a best-of-3
|t:|1783921906
|gametype|doubles
|player|p1|ghhbbj|roxie|1196
|player|p2|GlitchXDGOAT|2|1176
|gen|9
|tier|[Gen 9 Champions] VGC 2026 Reg M-B (Bo3)
|rated|
|rule|Species Clause: Limit one of each Pokémon
|rule|Item Clause: Limit 1 of each item
|clearpoke
|poke|p1|Kingambit, L50, M|
|poke|p1|Garchomp, L50, F|
|poke|p1|Aerodactyl, L50, M|
|poke|p1|Charizard, L50, M|
|poke|p1|Farigiraf, L50, F|
|poke|p1|Sylveon, L50, M|
|poke|p2|Lycanroc-Dusk, L50, M|
|poke|p2|Gholdengo, L50|
|poke|p2|Floette-Eternal, L50, F|
|poke|p2|Garchomp, L50, M|
|poke|p2|Whimsicott, L50, F|
|poke|p2|Charizard, L50, M|
|teampreview|4
|showteam|p1|Kingambit||BlackGlasses|Defiant|KowtowCleave,Protect,IronHead,SuckerPunch|Adamant||M|||50|]Garchomp||LifeOrb|RoughSkin|RockSlide,Earthquake,DragonClaw,Protect|Jolly||F|||50|]Aerodactyl||FocusSash|Unnerve|RockSlide,IceFang,DualWingbeat,Tailwind|Jolly||M|||50|]Charizard||CharizarditeY|Blaze|HeatWave,SolarBeam,WeatherBall,Protect|Timid||M|||50|]Farigiraf||SitrusBerry|ArmorTail|TrickRoom,Roar,Thunder,TwinBeam|Bold||F|||50|]Sylveon||FairyFeather|Pixilate|HyperVoice,HyperBeam,Yawn,Protect|Modest||M|||50|
|showteam|p2|Lycanroc-Dusk||FocusSash|ToughClaws|Accelerock,CloseCombat,RockSlide,Protect|Jolly||M|||50|]Gholdengo||ChoiceScarf|GoodasGold|MakeItRain,ShadowBall,PowerGem,Psychic|Timid|||||50|]Floette-Eternal||Floettite|FlowerVeil|Moonblast,DrainingKiss,LightofRuin,Protect|Modest||F|||50|]Garchomp||LifeOrb|RoughSkin|DragonClaw,RockSlide,StompingTantrum,Protect|Jolly||M|||50|]Whimsicott||FairyFeather|Prankster|Moonblast,Tailwind,Encore,Protect|Timid||F|||50|]Charizard||CharizarditeY|Blaze|HeatWave,WeatherBall,SolarBeam,Protect|Modest||M|||50|
|inactive|Battle timer is ON: inactive players will automatically lose when time's up. (requested by GlitchXDGOAT)
|
|t:|1783921930
|teamsize|p1|4
|teamsize|p2|4
|start
|switch|p1a: Kingambit|Kingambit, L50, M|100/100
|switch|p1b: Farigiraf|Farigiraf, L50, F|100/100
|switch|p2a: Mr. Cheese|Gholdengo, L50|100/100
|switch|p2b: Charizard|Charizard, L50, M|100/100
|turn|1
|inactive|ghhbbj has 30 seconds left.
|inactive|GlitchXDGOAT has 30 seconds left.
|
|t:|1783921960
|detailschange|p2b: Charizard|Charizard-Mega-Y, L50, M
|-mega|p2b: Charizard|Charizard|Charizardite Y
|-weather|SunnyDay|[from] ability: Drought|[of] p2b: Charizard
|move|p1a: Kingambit|Protect|p1a: Kingambit
|-singleturn|p1a: Kingambit|Protect
|move|p2a: Mr. Cheese|Make It Rain|p1a: Kingambit|[spread] p1b
|-activate|p1a: Kingambit|move: Protect
|-damage|p1b: Farigiraf|46/100
|-unboost|p2a: Mr. Cheese|spa|2
|-enditem|p1b: Farigiraf|Sitrus Berry|[eat]
|-heal|p1b: Farigiraf|71/100|[from] item: Sitrus Berry
|move|p2b: Charizard|Heat Wave|p1a: Kingambit|[spread] p1b
|-activate|p1a: Kingambit|move: Protect
|-damage|p1b: Farigiraf|0 fnt
|faint|p1b: Farigiraf
|
|-weather|SunnyDay|[upkeep]
|upkeep
|
|t:|1783921980
|switch|p1b: Aerodactyl|Aerodactyl, L50, M|100/100
|-ability|p1b: Aerodactyl|Unnerve
|turn|2
|
|t:|1783921998
|switch|p2a: Cotton-Ball|Whimsicott, L50, F|100/100
|move|p2b: Charizard|Protect|p2b: Charizard
|-singleturn|p2b: Charizard|Protect
|move|p1b: Aerodactyl|Tailwind|p1b: Aerodactyl
|-sidestart|p1: ghhbbj|move: Tailwind
|move|p1a: Kingambit|Iron Head|p2a: Cotton-Ball
|-supereffective|p2a: Cotton-Ball|1
|-damage|p2a: Cotton-Ball|0 fnt
|faint|p2a: Cotton-Ball
|
|-weather|SunnyDay|[upkeep]
|upkeep
|
|t:|1783922008
|switch|p2a: Wolf|Lycanroc-Dusk, L50, M|100/100
|turn|3
|
|t:|1783922027
|switch|p2b: Mr. Cheese|Gholdengo, L50|100/100
|move|p2a: Wolf|Accelerock|p1b: Aerodactyl
|-supereffective|p1b: Aerodactyl|1
|-damage|p1b: Aerodactyl|15/100
|move|p1b: Aerodactyl|Rock Slide|p2b: Mr. Cheese|[spread] p2a,p2b
|-resisted|p2b: Mr. Cheese|1
|-damage|p2a: Wolf|56/100
|-damage|p2b: Mr. Cheese|86/100
|move|p1a: Kingambit|Kowtow Cleave|p2b: Mr. Cheese
|-supereffective|p2b: Mr. Cheese|1
|-damage|p2b: Mr. Cheese|0 fnt
|faint|p2b: Mr. Cheese
|
|-weather|SunnyDay|[upkeep]
|upkeep
|
|t:|1783922036
|switch|p2b: Charizard|Charizard-Mega-Y, L50, M|100/100
|turn|4
|inactive|ghhbbj has 30 seconds left.
|
|t:|1783922065
|switch|p1b: Charizard|Charizard, L50, M|100/100
|move|p2a: Wolf|Protect|p2a: Wolf
|-singleturn|p2a: Wolf|Protect
|move|p1a: Kingambit|Iron Head|p2a: Wolf
|-activate|p2a: Wolf|move: Protect
|move|p2b: Charizard|Weather Ball|p1a: Kingambit
|-supereffective|p1a: Kingambit|1
|-damage|p1a: Kingambit|0 fnt
|faint|p1a: Kingambit
|
|-weather|SunnyDay|[upkeep]
|upkeep
|
|t:|1783922079
|switch|p1a: Aerodactyl|Aerodactyl, L50, M|15/100
|-ability|p1a: Aerodactyl|Unnerve
|turn|5
|
|t:|1783922088
|detailschange|p1b: Charizard|Charizard-Mega-Y, L50, M
|-mega|p1b: Charizard|Charizard|Charizardite Y
|move|p2a: Wolf|Accelerock|p1a: Aerodactyl
|-supereffective|p1a: Aerodactyl|1
|-damage|p1a: Aerodactyl|0 fnt
|faint|p1a: Aerodactyl
|move|p1b: Charizard|Solar Beam||[still]
|-prepare|p1b: Charizard|Solar Beam
|-anim|p1b: Charizard|Solar Beam|p2a: Wolf
|-supereffective|p2a: Wolf|1
|-damage|p2a: Wolf|0 fnt
|faint|p2a: Wolf
|move|p2b: Charizard|Weather Ball|p1b: Charizard
|-resisted|p1b: Charizard|1
|-damage|p1b: Charizard|59/100
|
|-weather|none
|-sideend|p1: ghhbbj|move: Tailwind
|upkeep
|turn|6
|inactive|ghhbbj has 30 seconds left.
|
|t:|1783922115
|move|p2b: Charizard|Heat Wave|p1b: Charizard|[miss]
|-miss|p2b: Charizard|p1b: Charizard
|move|p1b: Charizard|Heat Wave|p2b: Charizard|[miss]
|-miss|p1b: Charizard|p2b: Charizard
|
|upkeep
|turn|7
|
|t:|1783922123
|move|p1b: Charizard|Protect|p1b: Charizard
|-singleturn|p1b: Charizard|Protect
|move|p2b: Charizard|Heat Wave|p1b: Charizard
|-activate|p1b: Charizard|move: Protect
|
|upkeep
|turn|8
|c|☆GlitchXDGOAT|Lmao
|
|t:|1783922132
|move|p2b: Charizard|Heat Wave|p1b: Charizard
|-resisted|p1b: Charizard|1
|-damage|p1b: Charizard|34/100
|move|p1b: Charizard|Weather Ball|p2b: Charizard
|-damage|p2b: Charizard|80/100
|
|upkeep
|turn|9
|
|t:|1783922142
|move|p2b: Charizard|Protect|p2b: Charizard
|-singleturn|p2b: Charizard|Protect
|move|p1b: Charizard|Protect||[still]
|-fail|p1b: Charizard
|
|upkeep
|turn|10
|
|t:|1783922148
|move|p1b: Charizard|Protect|p1b: Charizard
|-singleturn|p1b: Charizard|Protect
|move|p2b: Charizard|Heat Wave|p1b: Charizard
|-activate|p1b: Charizard|move: Protect
|
|upkeep
|turn|11
|
|t:|1783922155
|move|p1b: Charizard|Protect||[still]
|-fail|p1b: Charizard
|move|p2b: Charizard|Heat Wave|p1b: Charizard
|-resisted|p1b: Charizard|1
|-damage|p1b: Charizard|4/100
|
|upkeep
|turn|12
|-message|ghhbbj forfeited.
|
|win|GlitchXDGOAT
|raw|ghhbbj's rating: 1196 → 1170(-26 for losing)
|raw|GlitchXDGOAT's rating: 1176 → 1202(+26 for winning)
|l|☆ghhbbj
|player|p1|
|c|☆GlitchXDGOAT|GG
