|j|☆ddx9000
|j|☆dominikc
|html|ddx9000dominikc    
|uhtml|bestof|Game 1 of a best-of-3
|t:|1756948885
|gametype|doubles
|player|p1|ddx9000|1|1160
|player|p2|dominikc|policeman-gen4|1067
|gen|9
|tier|[Gen 9] VGC 2025 Reg H (Bo3)
|rated|
|rule|Species Clause: Limit one of each Pokémon
|rule|Item Clause: Limit 1 of each item
|clearpoke
|poke|p1|Incineroar, L50, M|
|poke|p1|Porygon2, L50|
|poke|p1|Amoonguss, L50, F|
|poke|p1|Hydreigon, L50, F|
|poke|p1|Ursaluna, L50, M|
|poke|p1|Gholdengo, L50|
|poke|p2|Toxtricity-Low-Key, L50, M|
|poke|p2|Samurott-Hisui, L50, F|
|poke|p2|Mamoswine, L50, M|
|poke|p2|Ninetales-Alola, L50, M|
|poke|p2|Rillaboom, L50, F|
|poke|p2|Corviknight, L50, F|
|teampreview|4
|showteam|p1|Incineroar||AssaultVest|Intimidate|FakeOut,Uturn,FlareBlitz,KnockOff|||M|||50|,,,,,Ghost]Porygon2||Eviolite|Download|TeraBlast,IceBeam,Recover,TrickRoom||||||50|,,,,,Fighting]Amoonguss||RockyHelmet|Regenerator|Spore,ClearSmog,RagePowder,PollenPuff|||F|||50|,,,,,Water]Hydreigon||SafetyGoggles|Levitate|Tailwind,Snarl,Protect,DracoMeteor|||F|||50|,,,,,Ghost]Ursaluna||FlameOrb|Guts|Protect,HeadlongRush,Earthquake,Facade|||M|||50|,,,,,Ghost]Gholdengo||LifeOrb|GoodasGold|Protect,NastyPlot,MakeItRain,ShadowBall||||||50|,,,,,Water
|showteam|p2|Toxtricity-Low-Key||ThroatSpray|PunkRock|Overdrive,SludgeBomb,Protect,VoltSwitch|||M|||50|,,,,,Electric]Samurott-Hisui||ClearAmulet|Sharpness|CeaselessEdge,AquaCutter,Protect,SwordsDance|||F|||50|,,,,,Fighting]Mamoswine||LifeOrb|ThickFat|IcicleCrash,Earthquake,Protect,IceShard|||M|||50|,,,,,Ice]Ninetales-Alola||FocusSash|SnowWarning|AuroraVeil,FreezeDry,Moonblast,Protect|||M|||50|,,,,,Ice]Rillaboom||Leftovers|GrassySurge|FakeOut,GrassyGlide,Protect,LeechSeed|||F|||50|,,,,,Water]Corviknight||RockyHelmet|MirrorArmor|BraveBird,Roost,Protect,Tailwind|||F|||50|,,,,,Flying
|
|t:|1756948981
|teamsize|p1|4
|teamsize|p2|4
|start
|switch|p1a: Gholdengo|Gholdengo, L50|100/100
|switch|p1b: Incineroar|Incineroar, L50, M, shiny|100/100
|switch|p2a: Samurott|Samurott-Hisui, L50, F|100/100
|switch|p2b: Ninetales|Ninetales-Alola, L50, M|100/100
|-weather|Snowscape|[from] ability: Snow Warning|[of] p2b: Ninetales
|-ability|p1b: Incineroar|Intimidate|boost
|-fail|p2a: Samurott|unboost|[from] item: Clear Amulet|[of] p2a: Samurott
|-unboost|p2b: Ninetales|atk|1
|turn|1
|
|t:|1756949028
|move|p1b: Incineroar|Fake Out|p2a: Samurott
|-damage|p2a: Samurott|85/100
|move|p2b: Ninetales|Aurora Veil|p2b: Ninetales
|-sidestart|p2: dominikc|move: Aurora Veil
|cant|p2a: Samurott|flinch
|move|p1a: Gholdengo|Nasty Plot|p1a: Gholdengo
|-boost|p1a: Gholdengo|spa|2
|
|-weather|Snowscape|[upkeep]
|upkeep
|turn|2
|
|t:|1756949050
|-terastallize|p1a: Gholdengo|Water
|move|p2b: Ninetales|Moonblast|p1b: Incineroar
|-crit|p1b: Incineroar
|-damage|p1b: Incineroar|70/100
|move|p2a: Samurott|Aqua Cutter|p1b: Incineroar
|-supereffective|p1b: Incineroar
|-damage|p1b: Incineroar|0 fnt
|faint|p1b: Incineroar
|move|p1a: Gholdengo|Make It Rain|p2a: Samurott|[spread] p2a,p2b
|-resisted|p2a: Samurott
|-supereffective|p2b: Ninetales
|-damage|p2a: Samurott|28/100
|-enditem|p2b: Ninetales|Focus Sash
|-damage|p2b: Ninetales|1/100
|-unboost|p1a: Gholdengo|spa|1
|-damage|p1a: Gholdengo|91/100|[from] item: Life Orb
|
|-weather|Snowscape|[upkeep]
|upkeep
|
|t:|1756949059
|switch|p1b: Amoonguss|Amoonguss, L50, F, shiny|100/100
|turn|3
|
|t:|1756949084
|switch|p2b: Corviknight|Corviknight, L50, F|100/100
|move|p2a: Samurott|Ceaseless Edge|p1a: Gholdengo
|-crit|p1a: Gholdengo
|-damage|p1a: Gholdengo|18/100
|-sidestart|p1: ddx9000|Spikes
|move|p1a: Gholdengo|Make It Rain|p2a: Samurott|[spread] p2a,p2b
|-resisted|p2a: Samurott
|-resisted|p2b: Corviknight
|-damage|p2a: Samurott|0 fnt
|-damage|p2b: Corviknight|69/100
|-unboost|p1a: Gholdengo|spa|1
|faint|p2a: Samurott
|-damage|p1a: Gholdengo|8/100|[from] item: Life Orb
|move|p1b: Amoonguss|Spore|p2b: Corviknight
|-status|p2b: Corviknight|slp|[from] move: Spore
|
|-weather|Snowscape|[upkeep]
|upkeep
|
|t:|1756949116
|switch|p2a: Ninetales|Ninetales-Alola, L50, M|1/100
|turn|4
|
|t:|1756949124
|move|p1a: Gholdengo|Protect|p1a: Gholdengo
|-singleturn|p1a: Gholdengo|Protect
|move|p2a: Ninetales|Freeze-Dry|p1a: Gholdengo
|-activate|p1a: Gholdengo|move: Protect
|cant|p2b: Corviknight|slp
|move|p1b: Amoonguss|Spore|p2a: Ninetales
|-status|p2a: Ninetales|slp|[from] move: Spore
|
|-weather|Snowscape|[upkeep]
|upkeep
|turn|5
|
|t:|1756949144
|cant|p2a: Ninetales|slp
|move|p1a: Gholdengo|Nasty Plot|p1a: Gholdengo
|-boost|p1a: Gholdengo|spa|2
|cant|p2b: Corviknight|slp
|move|p1b: Amoonguss|Pollen Puff|p1a: Gholdengo
|-heal|p1a: Gholdengo|58/100
|
|-weather|none
|-sideend|p2: dominikc|move: Aurora Veil
|upkeep
|turn|6
|
|t:|1756949164
|move|p1b: Amoonguss|Rage Powder|p1b: Amoonguss
|-singleturn|p1b: Amoonguss|move: Rage Powder
|cant|p2a: Ninetales|slp
|move|p1a: Gholdengo|Make It Rain|p2a: Ninetales|[spread] p2a,p2b
|-supereffective|p2a: Ninetales
|-resisted|p2b: Corviknight
|-damage|p2a: Ninetales|0 fnt
|-damage|p2b: Corviknight|9/100 slp
|-unboost|p1a: Gholdengo|spa|1
|faint|p2a: Ninetales
|-damage|p1a: Gholdengo|48/100|[from] item: Life Orb
|-curestatus|p2b: Corviknight|slp|[msg]
|move|p2b: Corviknight|Roost|p2b: Corviknight
|-heal|p2b: Corviknight|59/100
|-singleturn|p2b: Corviknight|move: Roost
|
|upkeep
|
|t:|1756949185
|switch|p2a: Mamoswine|Mamoswine, L50, M|100/100
|turn|7
|
|t:|1756949210
|move|p1a: Gholdengo|Protect|p1a: Gholdengo
|-singleturn|p1a: Gholdengo|Protect
|move|p2a: Mamoswine|Icicle Crash|p1b: Amoonguss
|-supereffective|p1b: Amoonguss
|-damage|p1b: Amoonguss|5/100
|-damage|p2a: Mamoswine|91/100|[from] item: Life Orb
|move|p2b: Corviknight|Roost|p2b: Corviknight
|-heal|p2b: Corviknight|100/100
|-singleturn|p2b: Corviknight|move: Roost
|move|p1b: Amoonguss|Spore|p2a: Mamoswine
|-status|p2a: Mamoswine|slp|[from] move: Spore
|
|upkeep
|turn|8
|
|t:|1756949232
|move|p1b: Amoonguss|Rage Powder|p1b: Amoonguss
|-singleturn|p1b: Amoonguss|move: Rage Powder
|cant|p2a: Mamoswine|slp
|move|p1a: Gholdengo|Nasty Plot|p1a: Gholdengo
|-boost|p1a: Gholdengo|spa|2
|move|p2b: Corviknight|Brave Bird|p1b: Amoonguss
|-supereffective|p1b: Amoonguss
|-damage|p1b: Amoonguss|0 fnt
|-damage|p2b: Corviknight|84/100|[from] item: Rocky Helmet|[of] p1b: Amoonguss
|faint|p1b: Amoonguss
|-damage|p2b: Corviknight|82/100|[from] Recoil
|
|upkeep
|
|t:|1756949234
|switch|p1b: Hydreigon|Hydreigon, L50, F|100/100
|turn|9
|
|t:|1756949258
|-terastallize|p2b: Corviknight|Flying
|move|p1b: Hydreigon|Tailwind|p1b: Hydreigon
|-sidestart|p1: ddx9000|move: Tailwind
|move|p1a: Gholdengo|Make It Rain|p2a: Mamoswine|[spread] p2a,p2b
|-supereffective|p2a: Mamoswine
|-damage|p2a: Mamoswine|0 fnt
|-damage|p2b: Corviknight|0 fnt
|-unboost|p1a: Gholdengo|spa|1
|faint|p2a: Mamoswine
|faint|p2b: Corviknight
|-damage|p1a: Gholdengo|38/100|[from] item: Life Orb
|
|win|ddx9000
|inactive|ddx9000 has 30 seconds to confirm battle start!
|inactive|dominikc has 30 seconds to confirm battle start!
||ddx9000 is ready for game 2.
||dominikc is ready for game 2.
|uhtml|next|Next: Game 2 of 3
