|j|☆Mangaking202
|j|☆Aquarior02
|html|Mangaking202Aquarior02    
|uhtml|bestof|Game 2 of a best-of-3
|t:|1784336128
|gametype|doubles
|player|p1|Mangaking202|265|1045
|player|p2|Aquarior02|mustard-master|1048
|gen|9
|tier|[Gen 9 Champions] VGC 2026 Reg M-B (Bo3)
|rated|
|rule|Species Clause: Limit one of each Pokémon
|rule|Item Clause: Limit 1 of each item
|clearpoke
|poke|p1|Rotom-Heat, L50|
|poke|p1|Staraptor, L50, M|
|poke|p1|Garchomp, L50, F|
|poke|p1|Grimmsnarl, L50, M|
|poke|p1|Basculegion, L50, M|
|poke|p1|Gholdengo, L50|
|poke|p2|Garchomp, L50, F, shiny|
|poke|p2|Venusaur, L50, M, shiny|
|poke|p2|Incineroar, L50, M, shiny|
|poke|p2|Charizard, L50, M, shiny|
|poke|p2|Toxapex, L50, F, shiny|
|poke|p2|Annihilape, L50, M, shiny|
|teampreview|4
|showteam|p1|Rotom-Heat||SitrusBerry|Levitate|Thunderbolt,Overheat,WillOWisp,Protect|Serious|||||50|]Staraptor||Staraptite|Intimidate|BraveBird,CloseCombat,Roost,Protect|Jolly||M|||50|]Garchomp||LifeOrb|RoughSkin|Earthquake,DragonClaw,RockSlide,Protect|Jolly||F|||50|]Grimmsnarl||LightBall|Prankster|SpiritBreak,PartingShot,Reflect,LightScreen|Serious||M|||50|]Basculegion||ChoiceScarf|Adaptability|WaveCrash,FlipTurn,AquaJet,LastRespects|Jolly||M|||50|]Gholdengo||MetalCoat|GoodasGold|NastyPlot,MakeItRain,ShadowBall,Protect|Serious|||||50|
|showteam|p2|Garchomp||ChoiceScarf|RoughSkin|Earthquake,StompingTantrum,DragonClaw,RockSlide|Adamant||F|||50|]Venusaur||LifeOrb|Chlorophyll|SolarBeam,SludgeBomb,EarthPower,Protect|Modest||M|||50|]Incineroar||SitrusBerry|Intimidate|FakeOut,FlareBlitz,ThroatChop,PartingShot|Impish||M|||50|]Charizard||CharizarditeY|Blaze|HeatWave,WeatherBall,HelpingHand,Protect|Modest||M|||50|]Toxapex||Leftovers|Regenerator|Toxic,Infestation,BanefulBunker,WideGuard|Bold||F|||50|]Annihilape||FocusSash|Defiant|CloseCombat,PhantomForce,RockTomb,Protect|Jolly||M|||50|
|inactive|Battle timer is ON: inactive players will automatically lose when time's up. (requested by Aquarior02)
|inactive|Mangaking202 has 60 seconds left.
|inactive|Aquarior02 has 60 seconds left.
|
|t:|1784336168
|teamsize|p1|4
|teamsize|p2|4
|start
|switch|p1a: Grimmsnarl|Grimmsnarl, L50, M|100/100
|switch|p1b: Rotom|Rotom-Heat, L50|100/100
|switch|p2a: Garchomp|Garchomp, L50, F, shiny|100/100
|switch|p2b: Annihilape|Annihilape, L50, M, shiny|100/100
|turn|1
|
|t:|1784336184
|move|p1a: Grimmsnarl|Reflect|p1a: Grimmsnarl
|-sidestart|p1: Mangaking202|Reflect
|move|p2a: Garchomp|Rock Slide|p1b: Rotom|[spread] p1a
|-miss|p2a: Garchomp|p1b: Rotom
|-damage|p1a: Grimmsnarl|83/100
|move|p2b: Annihilape|Rock Tomb|p1b: Rotom
|-supereffective|p1b: Rotom|1
|-damage|p1b: Rotom|75/100
|-unboost|p1b: Rotom|spe|1
|move|p1b: Rotom|Will-O-Wisp|p2a: Garchomp
|-status|p2a: Garchomp|brn
|
|-damage|p2a: Garchomp|93/100 brn|[from] brn
|upkeep
|turn|2
|c|☆Aquarior02|really bad miss on my part
|inactive|Mangaking202 has 30 seconds left.
|
|t:|1784336213
|move|p2a: Garchomp|Rock Slide|p1a: Grimmsnarl|[spread] p1a,p1b
|-supereffective|p1b: Rotom|1
|-damage|p1a: Grimmsnarl|75/100
|-damage|p1b: Rotom|61/100
|move|p2b: Annihilape|Phantom Force||[still]
|-prepare|p2b: Annihilape|Phantom Force
|move|p1a: Grimmsnarl|Spirit Break|p2a: Garchomp
|-supereffective|p2a: Garchomp|1
|-damage|p2a: Garchomp|31/100 brn
|-unboost|p2a: Garchomp|spa|1
|-damage|p1a: Grimmsnarl|62/100|[from] ability: Rough Skin|[of] p2a: Garchomp
|cant|p1b: Rotom|flinch
|
|-damage|p2a: Garchomp|25/100 brn|[from] brn
|upkeep
|turn|3
|inactive|Mangaking202 has 30 seconds left.
|
|t:|1784336245
|move|p2a: Garchomp|Rock Slide|p1b: Rotom|[spread] p1b
|-miss|p2a: Garchomp|p1a: Grimmsnarl
|-supereffective|p1b: Rotom|1
|-damage|p1b: Rotom|48/100
|-enditem|p1b: Rotom|Sitrus Berry|[eat]
|-heal|p1b: Rotom|73/100|[from] item: Sitrus Berry
|move|p2b: Annihilape|Phantom Force|p1b: Rotom|[from] lockedmove
|-damage|p1b: Rotom|42/100
|move|p1a: Grimmsnarl|Spirit Break|p2a: Garchomp
|-supereffective|p2a: Garchomp|1
|-damage|p2a: Garchomp|0 fnt
|-damage|p1a: Grimmsnarl|50/100g|[from] ability: Rough Skin|[of] p2a: Garchomp
|faint|p2a: Garchomp
|move|p1b: Rotom|Thunderbolt|p2b: Annihilape
|-damage|p2b: Annihilape|67/100
|
|upkeep
|
|t:|1784336264
|switch|p2a: Charizard|Charizard, L50, M, shiny|100/100
|turn|4
|
|t:|1784336280
|detailschange|p2a: Charizard|Charizard-Mega-Y, L50, M, shiny
|-mega|p2a: Charizard|Charizard|Charizardite Y
|-weather|SunnyDay|[from] ability: Drought|[of] p2a: Charizard
|move|p1b: Rotom|Protect|p1b: Rotom
|-singleturn|p1b: Rotom|Protect
|move|p1a: Grimmsnarl|Light Screen|p1a: Grimmsnarl
|-sidestart|p1: Mangaking202|move: Light Screen
|move|p2b: Annihilape|Rock Tomb|p1b: Rotom
|-activate|p1b: Rotom|move: Protect
|move|p2a: Charizard|Weather Ball|p1b: Rotom
|-activate|p1b: Rotom|move: Protect
|
|-weather|SunnyDay|[upkeep]
|upkeep
|turn|5
|inactive|Mangaking202 has 30 seconds left.
|
|t:|1784336307
|move|p2b: Annihilape|Rock Tomb|p1b: Rotom
|-supereffective|p1b: Rotom|1
|-damage|p1b: Rotom|19/100
|-unboost|p1b: Rotom|spe|1
|move|p2a: Charizard|Weather Ball|p1b: Rotom
|-resisted|p1b: Rotom|1
|-damage|p1b: Rotom|0 fnt
|faint|p1b: Rotom
|move|p1a: Grimmsnarl|Spirit Break|p2a: Charizard
|-resisted|p2a: Charizard|1
|-damage|p2a: Charizard|86/100
|-unboost|p2a: Charizard|spa|1
|
|-weather|SunnyDay|[upkeep]
|-sideend|p1: Mangaking202|Reflect
|upkeep
|
|t:|1784336325
|switch|p1b: Basculegion|Basculegion, L50, M|100/100
|turn|6
|
|t:|1784336343
|move|p2a: Charizard|Protect|p2a: Charizard
|-singleturn|p2a: Charizard|Protect
|move|p1b: Basculegion|Last Respects|p2b: Annihilape
|-supereffective|p2b: Annihilape|1
|-damage|p2b: Annihilape|0 fnt
|faint|p2b: Annihilape
|move|p1a: Grimmsnarl|Spirit Break|p2a: Charizard
|-activate|p2a: Charizard|move: Protect
|
|-weather|SunnyDay|[upkeep]
|upkeep
|
|t:|1784336349
|switch|p2b: Venusaur|Venusaur, L50, M, shiny|100/100
|turn|7
|
|t:|1784336367
|move|p2a: Charizard|Helping Hand|p2b: Venusaur
|-singleturn|p2b: Venusaur|Helping Hand|[of] p2a: Charizard
|move|p2b: Venusaur|Solar Beam||[still]
|-prepare|p2b: Venusaur|Solar Beam
|-anim|p2b: Venusaur|Solar Beam|p1b: Basculegion
|-supereffective|p1b: Basculegion|1
|-damage|p1b: Basculegion|0 fnt
|faint|p1b: Basculegion
|-damage|p2b: Venusaur|90/100|[from] item: Life Orb
|move|p1a: Grimmsnarl|Spirit Break|p2b: Venusaur
|-resisted|p2b: Venusaur|1
|-crit|p2b: Venusaur
|-damage|p2b: Venusaur|62/100
|-unboost|p2b: Venusaur|spa|1
|
|-weather|SunnyDay|[upkeep]
|upkeep
|
|t:|1784336384
|switch|p1b: Garchomp|Garchomp, L50, F|100/100
|turn|8
|
|t:|1784336396
|move|p1b: Garchomp|Protect|p1b: Garchomp
|-singleturn|p1b: Garchomp|Protect
|move|p1a: Grimmsnarl|Parting Shot|p2a: Charizard
|-unboost|p2a: Charizard|atk|1
|-unboost|p2a: Charizard|spa|1
|move|p2b: Venusaur|Sludge Bomb|p1a: Grimmsnarl
|-supereffective|p1a: Grimmsnarl|1
|-damage|p1a: Grimmsnarl|6/100
|-damage|p2b: Venusaur|53/100|[from] item: Life Orb
|move|p2a: Charizard|Heat Wave|p1b: Garchomp|[spread] p1a
|-activate|p1b: Garchomp|move: Protect
|-damage|p1a: Grimmsnarl|0 fnt
|faint|p1a: Grimmsnarl
|
|-weather|none
|-sideend|p1: Mangaking202|move: Light Screen
|upkeep
|turn|9
|inactive|Mangaking202 has 30 seconds left.
|
|t:|1784336424
|move|p2a: Charizard|Helping Hand|p2b: Venusaur
|-singleturn|p2b: Venusaur|Helping Hand|[of] p2a: Charizard
|move|p1b: Garchomp|Dragon Claw|p2b: Venusaur
|-damage|p2b: Venusaur|0 fnt
|faint|p2b: Venusaur
|-damage|p1b: Garchomp|90/100|[from] item: Life Orb
|
|upkeep
|turn|10
|-message|Aquarior02 forfeited.
|
|win|Mangaking202
|raw|Mangaking202's rating: 1045 → 1079(+34 for winning)
|raw|Aquarior02's rating: 1048 → 1031(-17 for losing)
|l|☆Aquarior02
|player|p2|
|l|☆Mangaking202
|player|p1|
|j|☆Mangaking202
|player|p1|Mangaking202|265|
