|j|☆ThunDragon67
|j|☆Mortipherus
|html|ThunDragon67Mortipherus    
|uhtml|bestof|Game 1 of a best-of-3
|t:|1756501309
|gametype|doubles
|player|p1|ThunDragon67|li|1066
|player|p2|Mortipherus|biker-gen4|1077
|gen|9
|tier|[Gen 9] VGC 2025 Reg H (Bo3)
|rated|
|rule|Species Clause: Limit one of each Pokémon
|rule|Item Clause: Limit 1 of each item
|clearpoke
|poke|p1|Gholdengo, L50|
|poke|p1|Rillaboom, L50, F|
|poke|p1|Magmar, L50, M|
|poke|p1|Whimsicott, L50, M|
|poke|p1|Kingambit, L50, F|
|poke|p1|Ursaluna-Bloodmoon, L50, M|
|poke|p2|Hydrapple, L50, F|
|poke|p2|Arcanine-Hisui, L50, M|
|poke|p2|Gholdengo, L50|
|poke|p2|Electabuzz, L50, F|
|poke|p2|Indeedee, L50, M|
|poke|p2|Sneasler, L50, M|
|teampreview|4
|showteam|p1|Gholdengo||Leftovers|GoodasGold|MakeItRain,ShadowBall,Protect,NastyPlot||||||50|,,,,,Water]Rillaboom||AssaultVest|GrassySurge|GrassyGlide,FakeOut,WoodHammer,Uturn|||F|||50|,,,,,Fire]Magmar||Eviolite|VitalSpirit|WillOWisp,Taunt,FollowMe,HeatWave|||M|||50|,,,,,Grass]Whimsicott||FocusSash|Prankster|Tailwind,Moonblast,LightScreen,Encore|||M|||50|,,,,,Ghost]Kingambit||BlackGlasses|Defiant|SuckerPunch,KowtowCleave,Protect,SwordsDance|||F|||50|,,,,,Dark]Ursaluna-Bloodmoon||LifeOrb|MindsEye|EarthPower,BloodMoon,HyperVoice,Protect|||M|||50|,,,,,Normal
|showteam|p2|Hydrapple||AssaultVest|Regenerator|FickleBeam,EnergyBall,EarthPower,BreakingSwipe|||F|||50|,,,,,Ground]Arcanine-Hisui||ClearAmulet|Intimidate|Protect,ExtremeSpeed,FlareBlitz,RockSlide|||M|||50|,,,,,Grass]Gholdengo||LifeOrb|GoodasGold|Protect,NastyPlot,MakeItRain,ShadowBall||||||50|,,,,,Flying]Electabuzz||Eviolite|VitalSpirit|Protect,FollowMe,Taunt,Electroweb|||F|||50|,,,,,Dragon]Indeedee||FocusSash|PsychicSurge|Protect,TrickRoom,ExpandingForce,TeraBlast|||M|||50|,,,,,Ground]Sneasler||PsychicSeed|Unburden|Protect,ThroatChop,DireClaw,CloseCombat|||M|||50|,,,,,Dark
|
|t:|1756501337
|teamsize|p1|4
|teamsize|p2|4
|start
|switch|p1a: Black Whimsicott|Whimsicott, L50, M, shiny|100/100
|switch|p1b: Band for Band|Gholdengo, L50|100/100
|switch|p2a: Indeedee|Indeedee, L50, M|100/100
|switch|p2b: Hydrapple|Hydrapple, L50, F|100/100
|-fieldstart|move: Psychic Terrain|[from] ability: Psychic Surge|[of] p2a: Indeedee
|turn|1
|
|t:|1756501366
|-terastallize|p1b: Band for Band|Water
|-terastallize|p2b: Hydrapple|Ground
|move|p1a: Black Whimsicott|Light Screen|p1a: Black Whimsicott
|-sidestart|p1: ThunDragon67|move: Light Screen
|move|p1b: Band for Band|Nasty Plot|p1b: Band for Band
|-boost|p1b: Band for Band|spa|2
|move|p2b: Hydrapple|Earth Power|p1b: Band for Band
|-damage|p1b: Band for Band|66/100
|-unboost|p1b: Band for Band|spd|1
|move|p2a: Indeedee|Trick Room|p2a: Indeedee
|-fieldstart|move: Trick Room|[of] p2a: Indeedee
|
|-heal|p1b: Band for Band|72/100|[from] item: Leftovers
|upkeep
|turn|2
|
|t:|1756501396
|switch|p2a: Gholdengo|Gholdengo, L50|100/100
|move|p2b: Hydrapple|Energy Ball|p1b: Band for Band
|-supereffective|p1b: Band for Band
|-damage|p1b: Band for Band|0 fnt
|faint|p1b: Band for Band
|move|p1a: Black Whimsicott|Moonblast|p2b: Hydrapple
|-damage|p2b: Hydrapple|82/100
|-unboost|p2b: Hydrapple|spa|1
|
|upkeep
|
|t:|1756501407
|switch|p1b: PsiSpam big 25|Kingambit, L50, F, shiny|100/100
|turn|3
|
|t:|1756501422
|switch|p2b: Electabuzz|Electabuzz, L50, F|100/100
|switch|p1a: Moonlight|Ursaluna-Bloodmoon, L50, M|100/100
|move|p2a: Gholdengo|Protect|p2a: Gholdengo
|-singleturn|p2a: Gholdengo|Protect
|move|p1b: PsiSpam big 25|Swords Dance|p1b: PsiSpam big 25
|-boost|p1b: PsiSpam big 25|atk|2
|
|upkeep
|turn|4
|
|t:|1756501444
|move|p2b: Electabuzz|Follow Me|p2b: Electabuzz
|-singleturn|p2b: Electabuzz|move: Follow Me
|move|p1b: PsiSpam big 25|Sucker Punch||[still]
|-fail|p1b: PsiSpam big 25
|move|p1a: Moonlight|Hyper Voice|p2a: Gholdengo|[spread] p2a,p2b
|-resisted|p2a: Gholdengo
|-crit|p2b: Electabuzz
|-damage|p2a: Gholdengo|76/100
|-damage|p2b: Electabuzz|47/100
|-damage|p1a: Moonlight|91/100|[from] item: Life Orb
|move|p2a: Gholdengo|Nasty Plot|p2a: Gholdengo
|-boost|p2a: Gholdengo|spa|2
|
|upkeep
|turn|5
|
|t:|1756501470
|switch|p2b: Hydrapple|Hydrapple, L50, F, tera:Ground|100/100
|move|p2a: Gholdengo|Protect|p2a: Gholdengo
|-singleturn|p2a: Gholdengo|Protect
|move|p1b: PsiSpam big 25|Kowtow Cleave|p2a: Gholdengo
|-activate|p2a: Gholdengo|move: Protect
|move|p1a: Moonlight|Earth Power|p2a: Gholdengo
|-activate|p2a: Gholdengo|move: Protect
|
|-sideend|p1: ThunDragon67|move: Light Screen
|-fieldend|move: Trick Room
|-fieldend|move: Psychic Terrain
|upkeep
|turn|6
|
|t:|1756501491
|switch|p2b: Indeedee|Indeedee, L50, M|100/100
|-fieldstart|move: Psychic Terrain|[from] ability: Psychic Surge|[of] p2b: Indeedee
|move|p2a: Gholdengo|Make It Rain|p1b: PsiSpam big 25|[spread] p1a,p1b
|-resisted|p1b: PsiSpam big 25
|-damage|p1a: Moonlight|0 fnt
|-damage|p1b: PsiSpam big 25|48/100
|-unboost|p2a: Gholdengo|spa|1
|faint|p1a: Moonlight
|-damage|p2a: Gholdengo|67/100|[from] item: Life Orb
|move|p1b: PsiSpam big 25|Kowtow Cleave|p2b: Indeedee
|-supereffective|p2b: Indeedee
|-enditem|p2b: Indeedee|Focus Sash
|-damage|p2b: Indeedee|1/100
|
|upkeep
|
|t:|1756501509
|switch|p1a: Black Whimsicott|Whimsicott, L50, M, shiny|100/100
|turn|7
|
|t:|1756501519
|move|p2a: Gholdengo|Protect|p2a: Gholdengo
|-singleturn|p2a: Gholdengo|Protect
|move|p1a: Black Whimsicott|Light Screen|p1a: Black Whimsicott
|-sidestart|p1: ThunDragon67|move: Light Screen
|move|p2b: Indeedee|Expanding Force|p1b: PsiSpam big 25|[spread] p1a
|-immune|p1b: PsiSpam big 25
|-crit|p1a: Black Whimsicott
|-enditem|p1a: Black Whimsicott|Focus Sash
|-damage|p1a: Black Whimsicott|1/100
|move|p1b: PsiSpam big 25|Kowtow Cleave|p2a: Gholdengo
|-activate|p2a: Gholdengo|move: Protect
|
|upkeep
|turn|8
|
|t:|1756501539
|move|p1a: Black Whimsicott|Moonblast|p2b: Indeedee
|-damage|p2b: Indeedee|0 fnt
|faint|p2b: Indeedee
|move|p2a: Gholdengo|Make It Rain|p1b: PsiSpam big 25|[spread] p1a,p1b
|-supereffective|p1a: Black Whimsicott
|-resisted|p1b: PsiSpam big 25
|-damage|p1a: Black Whimsicott|0 fnt
|-damage|p1b: PsiSpam big 25|21/100
|-unboost|p2a: Gholdengo|spa|1
|faint|p1a: Black Whimsicott
|-damage|p2a: Gholdengo|57/100|[from] item: Life Orb
|move|p1b: PsiSpam big 25|Kowtow Cleave|p2a: Gholdengo
|-supereffective|p2a: Gholdengo
|-damage|p2a: Gholdengo|0 fnt
|faint|p2a: Gholdengo
|
|upkeep
|
|t:|1756501548
|switch|p2b: Hydrapple|Hydrapple, L50, F, tera:Ground|100/100
|switch|p2a: Electabuzz|Electabuzz, L50, F|47/100
|turn|9
|
|t:|1756501563
|move|p1b: PsiSpam big 25|Protect|p1b: PsiSpam big 25
|-singleturn|p1b: PsiSpam big 25|Protect
|move|p2a: Electabuzz|Follow Me|p2a: Electabuzz
|-singleturn|p2a: Electabuzz|move: Follow Me
|move|p2b: Hydrapple|Earth Power|p1b: PsiSpam big 25
|-activate|p1b: PsiSpam big 25|move: Protect
|
|upkeep
|turn|10
|
|t:|1756501572
|move|p1b: PsiSpam big 25|Protect|p1b: PsiSpam big 25
|-singleturn|p1b: PsiSpam big 25|Protect
|move|p2a: Electabuzz|Follow Me|p2a: Electabuzz
|-singleturn|p2a: Electabuzz|move: Follow Me
|move|p2b: Hydrapple|Earth Power|p1b: PsiSpam big 25
|-activate|p1b: PsiSpam big 25|move: Protect
|
|-fieldend|move: Psychic Terrain
|upkeep
|turn|11
|
|t:|1756501581
|move|p2a: Electabuzz|Follow Me|p2a: Electabuzz
|-singleturn|p2a: Electabuzz|move: Follow Me
|move|p1b: PsiSpam big 25|Sucker Punch||[still]
|-fail|p1b: PsiSpam big 25
|move|p2b: Hydrapple|Earth Power|p1b: PsiSpam big 25
|-supereffective|p1b: PsiSpam big 25
|-damage|p1b: PsiSpam big 25|0 fnt
|faint|p1b: PsiSpam big 25
|
|win|Mortipherus
||ThunDragon67 is ready for game 2.
|inactive|Mortipherus has 30 seconds to confirm battle start!
|inactive|Mortipherus has 20 seconds to confirm battle start!
||Mortipherus is ready for game 2.
|uhtml|next|Next: Game 2 of 3
|l|☆Mortipherus
|player|p2|
