|j|☆natsukivgc
|j|☆harlow18
|html|natsukivgcharlow18    
|uhtml|bestof|Game 2 of a best-of-3
|t:|1786026796
|gametype|doubles
|player|p1|natsukivgc|101|1164
|player|p2|harlow18|169|1040
|gen|9
|tier|[Gen 9 Champions] VGC 2026 Reg M-B (Bo3)
|rated|
|rule|Species Clause: Limit one of each Pokémon
|rule|Item Clause: Limit 1 of each item
|clearpoke
|poke|p1|Garchomp, L50, M|
|poke|p1|Venusaur, L50, F|
|poke|p1|Incineroar, L50, M|
|poke|p1|Charizard, L50, M|
|poke|p1|Toxapex, L50, M|
|poke|p1|Annihilape, L50, M|
|poke|p2|Raichu, L50, M|
|poke|p2|Chandelure, L50, M|
|poke|p2|Overqwil, L50, M|
|poke|p2|Luxray, L50, F|
|poke|p2|Hydreigon, L50, F|
|poke|p2|Primarina, L50, M|
|teampreview|4
|showteam|p1|Garchomp||ChoiceScarf|RoughSkin|Earthquake,DragonClaw,StompingTantrum,RockSlide|Adamant||M|||50|]Venusaur||LifeOrb|Chlorophyll|SolarBeam,SludgeBomb,EarthPower,Protect|Modest||F|||50|]Incineroar||SitrusBerry|Intimidate|FlareBlitz,ThroatChop,FakeOut,PartingShot|Impish||M|||50|]Charizard||CharizarditeY|Blaze|HeatWave,WeatherBall,Protect,HelpingHand|Modest||M|||50|]Toxapex||Leftovers|Regenerator|Infestation,Toxic,WideGuard,BanefulBunker|Bold||M|||50|]Annihilape||FocusSash|Defiant|CloseCombat,PhantomForce,RockTomb,Protect|Jolly||M|||50|
|showteam|p2|Raichu||RaichuniteX|Static|VoltTackle,FakeOut,BrickBreak,VoltSwitch|Jolly||M|||50|]Chandelure||Chandelurite|FlashFire|HeatWave,ShadowBall,Protect,Taunt|Timid||M|||50|]Overqwil||Leftovers|Intimidate|FellStinger,Crunch,GunkShot,Protect|Adamant||M|||50|]Luxray||QuickClaw|Intimidate|SupercellSlam,PlayRough,ThroatChop,Protect|Adamant||F|||50|]Hydreigon||DragonFang|Levitate|EarthPower,DarkPulse,DragonPulse,Tailwind|Timid||F|||50|]Primarina||SitrusBerry|Torrent|Moonblast,HydroPump,CalmMind,Protect|Modest||M|||50|
|inactive|Battle timer is ON: inactive players will automatically lose when time's up. (requested by harlow18)
|
|t:|1786026817
|teamsize|p1|4
|teamsize|p2|4
|start
|switch|p1a: Venusaur|Venusaur, L50, F|100/100
|switch|p1b: Charizard|Charizard, L50, M|100/100
|switch|p2a: Raichu|Raichu, L50, M|100/100
|switch|p2b: Primarina|Primarina, L50, M|100/100
|turn|1
|inactive|natsukivgc has 30 seconds left.
|inactive|harlow18 has 30 seconds left.
|inactive|natsukivgc has 20 seconds left.
|inactive|natsukivgc has 15 seconds left.
|
|t:|1786026860
|switch|p2b: Hydreigon|Hydreigon, L50, F|100/100
|detailschange|p2a: Raichu|Raichu-Mega-X, L50, M
|-mega|p2a: Raichu|Raichu|Raichunite X
|-fieldstart|move: Electric Terrain|[from] ability: Electric Surge|[of] p2a: Raichu
|detailschange|p1b: Charizard|Charizard-Mega-Y, L50, M
|-mega|p1b: Charizard|Charizard|Charizardite Y
|-weather|SunnyDay|[from] ability: Drought|[of] p1b: Charizard
|move|p1b: Charizard|Protect|p1b: Charizard
|-singleturn|p1b: Charizard|Protect
|move|p2a: Raichu|Fake Out|p1a: Venusaur
|-damage|p1a: Venusaur|83/100
|cant|p1a: Venusaur|flinch
|
|-weather|SunnyDay|[upkeep]
|upkeep
|turn|2
|
|t:|1786026883
|switch|p2a: Overqwil|Overqwil, L50, M|100/100
|-ability|p2a: Overqwil|Intimidate|boost
|-unboost|p1a: Venusaur|atk|1
|-unboost|p1b: Charizard|atk|1
|move|p1a: Venusaur|Earth Power|p2a: Overqwil
|-supereffective|p2a: Overqwil|1
|-damage|p2a: Overqwil|14/100
|-damage|p1a: Venusaur|73/100|[from] item: Life Orb
|move|p2b: Hydreigon|Tailwind|p2b: Hydreigon
|-sidestart|p2: harlow18|move: Tailwind
|move|p1b: Charizard|Weather Ball|p2a: Overqwil
|-damage|p2a: Overqwil|0 fnt
|faint|p2a: Overqwil
|
|-weather|SunnyDay|[upkeep]
|upkeep
|
|t:|1786026890
|switch|p2a: Raichu|Raichu-Mega-X, L50, M|100/100
|turn|3
|inactive|harlow18 has 30 seconds left.
|
|t:|1786026919
|switch|p1a: Incineroar|Incineroar, L50, M|100/100
|-ability|p1a: Incineroar|Intimidate|boost
|-unboost|p2a: Raichu|atk|1
|-unboost|p2b: Hydreigon|atk|1
|move|p1b: Charizard|Protect|p1b: Charizard
|-singleturn|p1b: Charizard|Protect
|move|p2a: Raichu|Volt Tackle|p1a: Incineroar
|-damage|p1a: Incineroar|56/100
|-damage|p2a: Raichu|78/100|[from] Recoil
|move|p2b: Hydreigon|Dragon Pulse|p1a: Incineroar
|-damage|p1a: Incineroar|11/100
|-enditem|p1a: Incineroar|Sitrus Berry|[eat]
|-heal|p1a: Incineroar|36/100|[from] item: Sitrus Berry
|
|-weather|SunnyDay|[upkeep]
|upkeep
|turn|4
|inactive|natsukivgc has 30 seconds left.
|inactive|natsukivgc has 20 seconds left.
|
|t:|1786026958
|switch|p2a: Primarina|Primarina, L50, M|100/100
|move|p1a: Incineroar|Fake Out|p2a: Primarina
|-damage|p2a: Primarina|87/100
|move|p2b: Hydreigon|Dragon Pulse|p1b: Charizard
|-damage|p1b: Charizard|56/100
|move|p1b: Charizard|Heat Wave|p2b: Hydreigon|[spread] p2a,p2b
|-resisted|p2a: Primarina|1
|-resisted|p2b: Hydreigon|1
|-damage|p2a: Primarina|60/100
|-damage|p2b: Hydreigon|62/100
|
|-weather|SunnyDay|[upkeep]
|upkeep
|turn|5
|inactive|natsukivgc has 30 seconds left.
|
|t:|1786026986
|switch|p1a: Toxapex|Toxapex, L50, M|100/100
|move|p1b: Charizard|Protect|p1b: Charizard
|-singleturn|p1b: Charizard|Protect
|move|p2b: Hydreigon|Dragon Pulse|p1a: Toxapex
|-damage|p1a: Toxapex|61/100
|move|p2a: Primarina|Moonblast|p1a: Toxapex
|-resisted|p1a: Toxapex|1
|-damage|p1a: Toxapex|42/100
|
|-weather|none
|-heal|p1a: Toxapex|48/100|[from] item: Leftovers
|-sideend|p2: harlow18|move: Tailwind
|-fieldend|move: Electric Terrain
|upkeep
|turn|6
|inactive|natsukivgc has 30 seconds left.
|inactive|harlow18 has 30 seconds left.
|inactive|natsukivgc has 20 seconds left.
|inactive|natsukivgc has 15 seconds left.
|inactive|natsukivgc has 10 seconds left.
|
|t:|1786027035
|switch|p1b: Incineroar|Incineroar, L50, M|36/100
|-ability|p1b: Incineroar|Intimidate|boost
|-unboost|p2a: Primarina|atk|1
|-unboost|p2b: Hydreigon|atk|1
|move|p2b: Hydreigon|Tailwind|p2b: Hydreigon
|-sidestart|p2: harlow18|move: Tailwind
|move|p2a: Primarina|Calm Mind|p2a: Primarina
|-boost|p2a: Primarina|spa|1
|-boost|p2a: Primarina|spd|1
|move|p1a: Toxapex|Infestation|p2a: Primarina
|-resisted|p2a: Primarina|1
|-damage|p2a: Primarina|59/100
|-activate|p2a: Primarina|move: Infestation|[of] p1a: Toxapex
|
|-heal|p1a: Toxapex|54/100|[from] item: Leftovers
|-damage|p2a: Primarina|47/100|[from] move: Infestation|[partiallytrapped]
|upkeep
|-enditem|p2a: Primarina|Sitrus Berry|[eat]
|-heal|p2a: Primarina|71/100|[from] item: Sitrus Berry
|turn|7
|
|t:|1786027055
|move|p1b: Incineroar|Fake Out|p2a: Primarina
|-damage|p2a: Primarina|58/100
|move|p2b: Hydreigon|Earth Power|p1a: Toxapex
|-supereffective|p1a: Toxapex|1
|-damage|p1a: Toxapex|8/100
|cant|p2a: Primarina|flinch
|move|p1a: Toxapex|Toxic|p2a: Primarina
|-status|p2a: Primarina|tox
|
|-heal|p1a: Toxapex|14/100|[from] item: Leftovers
|-damage|p2a: Primarina|52/100 tox|[from] psn
|-damage|p2a: Primarina|40/100 tox|[from] move: Infestation|[partiallytrapped]
|upkeep
|turn|8
|inactive|natsukivgc has 30 seconds left.
|
|t:|1786027089
|move|p1a: Toxapex|Baneful Bunker|p1a: Toxapex
|-singleturn|p1a: Toxapex|move: Protect
|move|p2b: Hydreigon|Dragon Pulse|p1a: Toxapex
|-activate|p1a: Toxapex|move: Protect
|move|p2a: Primarina|Moonblast|p1b: Incineroar
|-crit|p1b: Incineroar
|-damage|p1b: Incineroar|0 fnt
|faint|p1b: Incineroar
|
|-heal|p1a: Toxapex|19/100|[from] item: Leftovers
|-damage|p2a: Primarina|28/100 tox|[from] psn
|-damage|p2a: Primarina|16/100 tox|[from] move: Infestation|[partiallytrapped]
|upkeep
|
|t:|1786027104
|switch|p1b: Venusaur|Venusaur, L50, F|73/100
|turn|9
|inactive|natsukivgc has 30 seconds left.
|
|t:|1786027137
|-heal|p1a: Toxapex|52/100|[from] ability: Regenerator|[silent]
|switch|p1a: Charizard|Charizard-Mega-Y, L50, M|56/100
|-weather|SunnyDay|[from] ability: Drought|[of] p1a: Charizard
|move|p2b: Hydreigon|Tailwind||[still]
|-fail|p2b: Hydreigon
|move|p1b: Venusaur|Earth Power|p2a: Primarina
|-damage|p2a: Primarina|0 fnt
|faint|p2a: Primarina
|-damage|p1b: Venusaur|64/100|[from] item: Life Orb
|
|-weather|SunnyDay|[upkeep]
|-sideend|p2: harlow18|move: Tailwind
|upkeep
|
|t:|1786027143
|switch|p2a: Raichu|Raichu-Mega-X, L50, M|78/100
|-fieldstart|move: Electric Terrain|[from] ability: Electric Surge|[of] p2a: Raichu
|turn|10
|inactive|natsukivgc has 30 seconds left.
|inactive|natsukivgc has 20 seconds left.
|inactive|natsukivgc has 15 seconds left.
|
|t:|1786027188
|move|p1b: Venusaur|Protect|p1b: Venusaur
|-singleturn|p1b: Venusaur|Protect
|move|p2a: Raichu|Fake Out|p1b: Venusaur
|-activate|p1b: Venusaur|move: Protect
|move|p2b: Hydreigon|Tailwind|p2b: Hydreigon
|-sidestart|p2: harlow18|move: Tailwind
|move|p1a: Charizard|Weather Ball|p2b: Hydreigon
|-resisted|p2b: Hydreigon|1
|-crit|p2b: Hydreigon
|-damage|p2b: Hydreigon|0 fnt
|faint|p2b: Hydreigon
|
|-weather|SunnyDay|[upkeep]
|upkeep
|turn|11
|
|t:|1786027207
|move|p2a: Raichu|Volt Tackle|p1a: Charizard
|-supereffective|p1a: Charizard|1
|-damage|p1a: Charizard|0 fnt
|faint|p1a: Charizard
|-damage|p2a: Raichu|54/100|[from] Recoil
|move|p1b: Venusaur|Earth Power|p2a: Raichu
|-supereffective|p2a: Raichu|1
|-damage|p2a: Raichu|0 fnt
|faint|p2a: Raichu
|-damage|p1b: Venusaur|54/100|[from] item: Life Orb
|
|win|natsukivgc
