|j|☆james de la jungla
|j|☆lox1sm
|html|james de la junglalox1sm    
|uhtml|bestof|Game 2 of a best-of-3
|t:|1782581262
|gametype|doubles
|player|p1|james de la jungla|170|1175
|player|p2|lox1sm|veteran|1187
|gen|9
|tier|[Gen 9 Champions] VGC 2026 Reg M-B (Bo3)
|rated|
|rule|Species Clause: Limit one of each Pokémon
|rule|Item Clause: Limit 1 of each item
|clearpoke
|poke|p1|Umbreon, L50, M|
|poke|p1|Kingambit, L50, M|
|poke|p1|Raichu, L50, M|
|poke|p1|Talonflame, L50, M|
|poke|p1|Mamoswine, L50, M|
|poke|p1|Lycanroc-Dusk, L50, M|
|poke|p2|Charizard, L50, M|
|poke|p2|Metagross, L50|
|poke|p2|Aerodactyl, L50, M|
|poke|p2|Garchomp, L50, M|
|poke|p2|Kingambit, L50, F|
|poke|p2|Farigiraf, L50, M|
|teampreview|4
|showteam|p1|Umbreon||SitrusBerry|InnerFocus|Protect,HelpingHand,FoulPlay,Taunt|Bold||M|||50|]Kingambit||LifeOrb|Defiant|Protect,KowtowCleave,IronHead,SuckerPunch|Adamant||M|||50|]Raichu||RaichuniteY|LightningRod|Protect,GrassKnot,ZapCannon,FocusBlast|Timid||M|||50|]Talonflame|||GaleWings|Protect,Tailwind,Acrobatics,SunnyDay|Jolly||M|||50|]Mamoswine||NeverMeltIce|Oblivious|Protect,IcicleCrash,IceShard,StompingTantrum|Adamant||M|||50|]Lycanroc-Dusk||FocusSash|ToughClaws|RockSlide,Accelerock,CloseCombat,Protect|Adamant||M|||50|
|showteam|p2|Charizard||CharizarditeY|Blaze|HeatWave,WeatherBall,SolarBeam,Protect|Modest||M|||50|]Metagross||Metagrossite|ClearBody|IronHead,PsychicFangs,StompingTantrum,Protect|Jolly|||||50|]Aerodactyl||SitrusBerry|Unnerve|RockSlide,IceFang,Tailwind,Protect|Jolly||M|||50|]Garchomp||LifeOrb|RoughSkin|DragonClaw,Earthquake,RockSlide,Protect|Jolly||M|||50|]Kingambit||FocusSash|Defiant|KowtowCleave,SuckerPunch,IronHead,LowKick|Adamant||F|||50|]Farigiraf||ExpertBelt|ArmorTail|Psychic,DazzlingGleam,Thunderbolt,TrickRoom|Modest||M|||50|
|inactive|Battle timer is ON: inactive players will automatically lose when time's up. (requested by lox1sm)
|
|t:|1782581286
|teamsize|p1|4
|teamsize|p2|4
|start
|switch|p1a: Mamoswine|Mamoswine, L50, M|100/100
|switch|p1b: Raichu|Raichu, L50, M|100/100
|switch|p2a: Aerodactyl|Aerodactyl, L50, M|100/100
|switch|p2b: Garchomp|Garchomp, L50, M|100/100
|-ability|p2a: Aerodactyl|Unnerve
|turn|1
|inactive|lox1sm has 30 seconds left.
|inactive|lox1sm has 20 seconds left.
|
|t:|1782581330
|detailschange|p1b: Raichu|Raichu-Mega-Y, L50, M
|-mega|p1b: Raichu|Raichu|Raichunite Y
|move|p2a: Aerodactyl|Protect|p2a: Aerodactyl
|-singleturn|p2a: Aerodactyl|Protect
|move|p2b: Garchomp|Protect|p2b: Garchomp
|-singleturn|p2b: Garchomp|Protect
|move|p1a: Mamoswine|Ice Shard|p2b: Garchomp
|-activate|p2b: Garchomp|move: Protect
|move|p1b: Raichu|Zap Cannon|p2a: Aerodactyl
|-activate|p2a: Aerodactyl|move: Protect
|
|upkeep
|turn|2
|inactive|james de la jungla has 30 seconds left.
|inactive|james de la jungla has 20 seconds left.
|inactive|lox1sm has 30 seconds left.
|
|t:|1782581382
|switch|p2a: Farigiraf|Farigiraf, L50, M|100/100
|move|p1a: Mamoswine|Ice Shard||[still]
|cant|p2a: Farigiraf|ability: Armor Tail|Ice Shard|[of] p1a: Mamoswine
|move|p1b: Raichu|Zap Cannon|p2a: Farigiraf
|-damage|p2a: Farigiraf|25/100
|-status|p2a: Farigiraf|par
|move|p2b: Garchomp|Earthquake|p1b: Raichu|[spread] p2a,p1a,p1b
|-supereffective|p1b: Raichu|1
|-damage|p2a: Farigiraf|0 fnt
|-damage|p1a: Mamoswine|42/100
|-damage|p1b: Raichu|0 fnt
|faint|p2a: Farigiraf
|faint|p1b: Raichu
|-damage|p2b: Garchomp|90/100|[from] item: Life Orb
|
|upkeep
|
|t:|1782581400
|switch|p1b: Talonflame|Talonflame, L50, M|100/100
|switch|p2a: Metagross|Metagross, L50|100/100
|turn|3
|
|t:|1782581413
|switch|p1a: Kingambit|Kingambit, L50, M|100/100
|detailschange|p2a: Metagross|Metagross-Mega, L50
|-mega|p2a: Metagross|Metagross|Metagrossite
|move|p2b: Garchomp|Protect|p2b: Garchomp
|-singleturn|p2b: Garchomp|Protect
|move|p1b: Talonflame|Tailwind|p1b: Talonflame
|-sidestart|p1: james de la jungla|move: Tailwind
|move|p2a: Metagross|Iron Head|p1a: Kingambit
|-resisted|p1a: Kingambit|1
|-damage|p1a: Kingambit|74/100
|
|upkeep
|turn|4
|
|t:|1782581431
|switch|p2a: Aerodactyl|Aerodactyl, L50, M|100/100
|-ability|p2a: Aerodactyl|Unnerve
|move|p1b: Talonflame|Acrobatics|p2b: Garchomp
|-damage|p2b: Garchomp|44/100
|-damage|p1b: Talonflame|87/100|[from] ability: Rough Skin|[of] p2b: Garchomp
|move|p1a: Kingambit|Kowtow Cleave|p2b: Garchomp
|-damage|p2b: Garchomp|0 fnt
|-damage|p1a: Kingambit|62/100|[from] ability: Rough Skin|[of] p2b: Garchomp
|faint|p2b: Garchomp
|-damage|p1a: Kingambit|52/100|[from] item: Life Orb
|
|upkeep
|
|t:|1782581444
|switch|p2b: Metagross|Metagross-Mega, L50|100/100
|turn|5
|inactive|james de la jungla has 30 seconds left.
|
|t:|1782581473
|move|p2b: Metagross|Protect|p2b: Metagross
|-singleturn|p2b: Metagross|Protect
|move|p1a: Kingambit|Sucker Punch||[still]
|-fail|p1a: Kingambit
|move|p1b: Talonflame|Acrobatics|p2b: Metagross
|-activate|p2b: Metagross|move: Protect
|move|p2a: Aerodactyl|Tailwind|p2a: Aerodactyl
|-sidestart|p2: lox1sm|move: Tailwind
|
|upkeep
|turn|6
|
|t:|1782581495
|move|p2b: Metagross|Protect||[still]
|-fail|p2b: Metagross
|move|p1a: Kingambit|Sucker Punch||[still]
|-fail|p1a: Kingambit
|move|p2a: Aerodactyl|Rock Slide|p1a: Kingambit|[spread] p1a
|-miss|p2a: Aerodactyl|p1b: Talonflame
|-resisted|p1a: Kingambit|1
|-damage|p1a: Kingambit|44/100
|move|p1b: Talonflame|Acrobatics|p2b: Metagross
|-resisted|p2b: Metagross|1
|-damage|p2b: Metagross|84/100
|
|-sideend|p1: james de la jungla|move: Tailwind
|upkeep
|turn|7
|inactive|james de la jungla has 30 seconds left.
|
|t:|1782581520
|move|p2b: Metagross|Protect|p2b: Metagross
|-singleturn|p2b: Metagross|Protect
|move|p1b: Talonflame|Protect|p1b: Talonflame
|-singleturn|p1b: Talonflame|Protect
|move|p1a: Kingambit|Protect|p1a: Kingambit
|-singleturn|p1a: Kingambit|Protect
|move|p2a: Aerodactyl|Rock Slide|p1b: Talonflame|[spread] 
|-activate|p1a: Kingambit|move: Protect
|-activate|p1b: Talonflame|move: Protect
|
|upkeep
|turn|8
|
|t:|1782581541
|move|p2b: Metagross|Protect||[still]
|-fail|p2b: Metagross
|move|p1a: Kingambit|Sucker Punch||[still]
|-fail|p1a: Kingambit
|move|p2a: Aerodactyl|Rock Slide|p1b: Talonflame|[spread] p1a,p1b
|-resisted|p1a: Kingambit|1
|-supereffective|p1b: Talonflame|2
|-damage|p1a: Kingambit|37/100
|-damage|p1b: Talonflame|0 fnt
|faint|p1b: Talonflame
|
|-sideend|p2: lox1sm|move: Tailwind
|upkeep
|
|t:|1782581548
|switch|p1b: Mamoswine|Mamoswine, L50, M|42/100
|turn|9
|
|t:|1782581563
|move|p2a: Aerodactyl|Rock Slide|p1b: Mamoswine|[spread] p1a,p1b
|-resisted|p1a: Kingambit|1
|-damage|p1a: Kingambit|28/100
|-damage|p1b: Mamoswine|17/100
|move|p2b: Metagross|Stomping Tantrum|p1a: Kingambit
|-supereffective|p1a: Kingambit|1
|-damage|p1a: Kingambit|0 fnt
|faint|p1a: Kingambit
|move|p1b: Mamoswine|Stomping Tantrum|p2b: Metagross
|-supereffective|p2b: Metagross|1
|-damage|p2b: Metagross|17/100
|
|upkeep
|turn|10
|-message|james de la jungla forfeited.
|
|win|lox1sm
|l|☆james de la jungla
|player|p1|
||james de la jungla is ready for game 3.
||lox1sm is ready for game 3.
|uhtml|next|Next: Game 3 of 3
