|j|☆raccan
|j|☆Wolferus
|html|raccanWolferus    
|uhtml|bestof|Game 3 of a best-of-3
|t:|1785028589
|gametype|doubles
|player|p1|raccan|hilbert|
|player|p2|Wolferus|grimsley|
|gen|9
|tier|[Gen 9 Champions] VGC 2026 Reg M-B (Bo3)
|rule|Species Clause: Limit one of each Pokémon
|rule|Item Clause: Limit 1 of each item
|clearpoke
|poke|p1|Meganium, L50, F, shiny|
|poke|p1|Sableye, L50, M, shiny|
|poke|p1|Noivern, L50, M|
|poke|p1|Basculegion, L50, M|
|poke|p1|Golurk, L50, shiny|
|poke|p1|Goodra-Hisui, L50, F|
|poke|p2|Garchomp, L50, M|
|poke|p2|Zoroark-Hisui, L50, F, shiny|
|poke|p2|Ninetales-Alola, L50, M|
|poke|p2|Toxapex, L50, F|
|poke|p2|Armarouge, L50, F|
|poke|p2|Hydreigon, L50, M|
|teampreview|4
|showteam|p1|Meganium||Meganiumite|Overgrow|Protect,SolarBeam,WeatherBall,DazzlingGleam|Timid||F|||50|]Sableye||Sablenite|Prankster|Reflect,LightScreen,Quash,FakeOut|Sassy||M|||50|]Noivern||WhiteHerb|Frisk|DarkPulse,Protect,DracoMeteor,Uturn|Timid||M|||50|]Basculegion||ChoiceScarf|Adaptability|AquaJet,LastRespects,FlipTurn,WaveCrash|Adamant||M|||50|]Golurk||Golurkite|NoGuard|Poltergeist,DynamicPunch,Protect,KnockOff|Adamant|||||50|]Goodra-Hisui||Leftovers|ShellArmor|DragonPulse,IceBeam,FlashCannon,LifeDew|Bold||F|||50|
|showteam|p2|Garchomp||Garchompite|RoughSkin|SwordsDance,Earthquake,Protect,RockSlide|Jolly||M|||50|]Zoroark-Hisui||FocusSash|Illusion|ShadowBall,HyperVoice,WillOWisp,Protect|Timid||F|||50|]Ninetales-Alola||LightClay|SnowWarning|AuroraVeil,FreezeDry,Encore,Moonblast|Timid||M|||50|]Toxapex||Leftovers|Regenerator|BanefulBunker,Haze,WideGuard,Recover|Impish||F|||50|]Armarouge||LifeOrb|FlashFire|HeatWave,AuraSphere,Protect,Psychic|Modest||F|||50|]Hydreigon||ExpertBelt|Levitate|DarkPulse,EarthPower,DracoMeteor,FireBlast|Timid||M|||50|
|
|t:|1785028656
|teamsize|p1|4
|teamsize|p2|4
|start
|switch|p1a: Noivern|Noivern, L50, M|100/100
|switch|p1b: Sableye|Sableye, L50, M, shiny|100/100
|switch|p2a: Kurama-Snow|Ninetales-Alola, L50, M|100/100
|switch|p2b: Reginald|Garchomp, L50, M|100/100
|-item|p2a: Kurama-Snow|Light Clay|[from] ability: Frisk|[of] p1a: Noivern
|-item|p2b: Reginald|Focus Sash|[from] ability: Frisk|[of] p1a: Noivern
|-weather|Snowscape|[from] ability: Snow Warning|[of] p2a: Kurama-Snow
|turn|1
|
|t:|1785028686
|move|p2b: Reginald|Protect|p2b: Reginald
|-singleturn|p2b: Reginald|Protect
|move|p1b: Sableye|Fake Out|p2a: Kurama-Snow
|-damage|p2a: Kurama-Snow|92/100
|move|p1a: Noivern|Dark Pulse|p2a: Kurama-Snow
|-resisted|p2a: Kurama-Snow|1
|-damage|p2a: Kurama-Snow|79/100
|cant|p2a: Kurama-Snow|flinch
|
|-weather|Snowscape|[upkeep]
|upkeep
|turn|2
|
|t:|1785028718
|move|p1b: Sableye|Light Screen|p1b: Sableye
|-sidestart|p1: raccan|move: Light Screen
|move|p1a: Noivern|Draco Meteor|p2b: Reginald
|-enditem|p2b: Reginald|Focus Sash
|-damage|p2b: Reginald|1/100
|-unboost|p1a: Noivern|spa|2
|replace|p2b: Sindel|Zoroark-Hisui, L50, F, shiny
|-end|p2b: Sindel|Illusion
|-enditem|p1a: Noivern|White Herb
|-clearnegativeboost|p1a: Noivern|[silent]
|move|p2b: Sindel|Shadow Ball|p1b: Sableye
|-damage|p1b: Sableye|65/100
|move|p2a: Kurama-Snow|Aurora Veil|p2a: Kurama-Snow
|-sidestart|p2: Wolferus|move: Aurora Veil
|
|-weather|Snowscape|[upkeep]
|upkeep
|turn|3
|
|t:|1785028772
|move|p2b: Sindel|Protect|p2b: Sindel
|-singleturn|p2b: Sindel|Protect
|move|p1b: Sableye|Reflect|p1b: Sableye
|-sidestart|p1: raccan|Reflect
|move|p1a: Noivern|Dark Pulse|p2b: Sindel
|-activate|p2b: Sindel|move: Protect
|move|p2a: Kurama-Snow|Freeze-Dry|p1a: Noivern
|-supereffective|p1a: Noivern|2
|-damage|p1a: Noivern|9/100
|
|-weather|Snowscape|[upkeep]
|upkeep
|turn|4
|
|t:|1785028798
|move|p1b: Sableye|Quash|p2a: Kurama-Snow
|-activate|p2a: Kurama-Snow|move: Quash
|move|p1a: Noivern|Dark Pulse|p2b: Sindel
|-supereffective|p2b: Sindel|1
|-damage|p2b: Sindel|0 fnt
|faint|p2b: Sindel
|move|p2a: Kurama-Snow|Moonblast|p1a: Noivern
|-supereffective|p1a: Noivern|1
|-damage|p1a: Noivern|0 fnt
|faint|p1a: Noivern
|
|-weather|Snowscape|[upkeep]
|upkeep
|
|t:|1785028820
|switch|p1a: Meganium|Meganium, L50, F, shiny|100/100
|switch|p2b: Reginald|Garchomp, L50, M|100/100
|turn|5
|
|t:|1785028848
|detailschange|p1a: Meganium|Meganium-Mega, L50, F, shiny
|-mega|p1a: Meganium|Meganium|Meganiumite
|move|p2b: Reginald|Protect|p2b: Reginald
|-singleturn|p2b: Reginald|Protect
|move|p1b: Sableye|Quash|p2a: Kurama-Snow
|-activate|p2a: Kurama-Snow|move: Quash
|move|p1a: Meganium|Weather Ball|p2a: Kurama-Snow
|-supereffective|p2a: Kurama-Snow|1
|-crit|p2a: Kurama-Snow
|-damage|p2a: Kurama-Snow|0 fnt
|faint|p2a: Kurama-Snow
|
|-weather|none
|upkeep
|
|t:|1785028858
|switch|p2a: Hydranoid|Hydreigon, L50, M|100/100
|turn|6
|
|t:|1785028874
|move|p1b: Sableye|Quash|p2a: Hydranoid
|-hint|Since gen 7, Dark is immune to Prankster moves.
|-immune|p2a: Hydranoid
|move|p2b: Reginald|Earthquake|p1b: Sableye|[spread] p1a,p1b
|-immune|p2a: Hydranoid|[from] ability: Levitate
|-resisted|p1a: Meganium|1
|-damage|p1a: Meganium|85/100
|-damage|p1b: Sableye|33/100
|move|p2a: Hydranoid|Fire Blast|p1a: Meganium
|-supereffective|p1a: Meganium|1
|-damage|p1a: Meganium|29/100
|move|p1a: Meganium|Dazzling Gleam|p2a: Hydranoid|[spread] p2a,p2b
|-supereffective|p2a: Hydranoid|2
|-supereffective|p2b: Reginald|1
|-damage|p2a: Hydranoid|0 fnt
|-damage|p2b: Reginald|51/100
|faint|p2a: Hydranoid
|
|-sideend|p1: raccan|move: Light Screen
|upkeep
|turn|7
|
|t:|1785028952
|detailschange|p2b: Reginald|Garchomp-Mega, L50, M
|-mega|p2b: Reginald|Garchomp|Garchompite
|move|p1b: Sableye|Quash|p2b: Reginald
|-activate|p2b: Reginald|move: Quash
|move|p1a: Meganium|Dazzling Gleam|p2b: Reginald
|-supereffective|p2b: Reginald|1
|-damage|p2b: Reginald|0 fnt
|faint|p2b: Reginald
|
|win|raccan
|l|☆Wolferus
|player|p2|
