|j|☆sadnessvgc
|j|‽ECARRY
|html|sadnessvgcECARRY    
|uhtml|bestof|Game 2 of a best-of-3
|t:|1785246924
|gametype|doubles
|player|p1|sadnessvgc|chase|1316
|player|p2|ECARRY|265|1371
|gen|9
|tier|[Gen 9 Champions] VGC 2026 Reg M-B (Bo3)
|rated|
|rule|Species Clause: Limit one of each Pokémon
|rule|Item Clause: Limit 1 of each item
|clearpoke
|poke|p1|Whimsicott, L50, M, shiny|
|poke|p1|Ninetales-Alola, L50, F, shiny|
|poke|p1|Kingambit, L50, F, shiny|
|poke|p1|Kommo-o, L50, M, shiny|
|poke|p1|Glimmora, L50, F, shiny|
|poke|p1|Basculegion, L50, M, shiny|
|poke|p2|Gengar, L50, M|
|poke|p2|Incineroar, L50, M|
|poke|p2|Ninetales-Alola, L50, M|
|poke|p2|Kingambit, L50, F|
|poke|p2|Sneasler, L50, F|
|poke|p2|Garchomp, L50, F|
|teampreview|4
|showteam|p1|Whimsicott||FocusSash|Prankster|Tailwind,Moonblast,Encore,Protect|Timid||M|||50|]Ninetales-Alola||NeverMeltIce|SnowCloak|Blizzard,FreezeDry,Disable,Protect|Timid||F|||50|]Kingambit||ChopleBerry|Defiant|Protect,KowtowCleave,LowKick,SuckerPunch|Adamant||F|||50|]Kommo-o||LifeOrb|Soundproof|ClangingScales,AuraSphere,VacuumWave,Protect|Modest||M|||50|]Glimmora||Glimmoranite|ToxicDebris|PowerGem,SludgeBomb,EarthPower,SpikyShield|Modest||F|||50|]Basculegion||ChoiceScarf|SwiftSwim|WaveCrash,AquaJet,LastRespects,FlipTurn|Jolly||M|||50|
|showteam|p2|Gengar||Gengarite|CursedBody|ShadowBall,SludgeBomb,PerishSong,Protect|Modest||M|||50|]Incineroar||Leftovers|Intimidate|FakeOut,FlareBlitz,PartingShot,Protect|Relaxed||M|||50|]Ninetales-Alola||NeverMeltIce|SnowWarning|Blizzard,Encore,Disable,Protect|Timid||M|||50|]Kingambit||BlackGlasses|Defiant|KowtowCleave,SuckerPunch,LowKick,Protect|Adamant||F|||50|]Sneasler||FocusSash|Unburden|FakeOut,CloseCombat,GunkShot,Protect|Naughty||F|||50|]Garchomp||SitrusBerry|RoughSkin|StompingTantrum,DragonClaw,RockTomb,Protect|Adamant||F|||50|
|inactive|Battle timer is ON: inactive players will automatically lose when time's up. (requested by sadnessvgc)
|
|t:|1785246949
|teamsize|p1|4
|teamsize|p2|4
|start
|switch|p1a: Whimsicott|Whimsicott, L50, M, shiny|100/100
|switch|p1b: Glimmora|Glimmora, L50, F, shiny|100/100
|switch|p2a: Kingambit|Kingambit, L50, F|100/100
|switch|p2b: Sneasler|Sneasler, L50, F|100/100
|turn|1
|
|t:|1785246958
|detailschange|p1b: Glimmora|Glimmora-Mega, L50, F, shiny
|-mega|p1b: Glimmora|Glimmora|Glimmoranite
|move|p1a: Whimsicott|Protect|p1a: Whimsicott
|-singleturn|p1a: Whimsicott|Protect
|move|p1b: Glimmora|Spiky Shield|p1b: Glimmora
|-singleturn|p1b: Glimmora|move: Protect
|move|p2b: Sneasler|Fake Out|p1a: Whimsicott
|-activate|p1a: Whimsicott|move: Protect
|move|p2a: Kingambit|Kowtow Cleave|p1b: Glimmora
|-activate|p1b: Glimmora|move: Protect
|-damage|p2a: Kingambit|87/100|[from] Spiky Shield|[of] p1b: Glimmora
|
|upkeep
|turn|2
|
|t:|1785246978
|switch|p2b: Gengar|Gengar, L50, M|100/100
|move|p1a: Whimsicott|Encore||[still]
|-fail|p1a: Whimsicott
|move|p1b: Glimmora|Earth Power|p2a: Kingambit
|-supereffective|p2a: Kingambit|1
|-damage|p2a: Kingambit|3/100
|move|p2a: Kingambit|Kowtow Cleave|p1b: Glimmora
|-damage|p1b: Glimmora|30/100
|
|upkeep
|turn|3
|
|t:|1785246995
|switch|p1b: Kingambit|Kingambit, L50, F, shiny|100/100
|detailschange|p2b: Gengar|Gengar-Mega, L50, M
|-mega|p2b: Gengar|Gengar|Gengarite
|move|p2a: Kingambit|Protect|p2a: Kingambit
|-singleturn|p2a: Kingambit|Protect
|move|p1a: Whimsicott|Moonblast|p2a: Kingambit
|-activate|p2a: Kingambit|move: Protect
|move|p2b: Gengar|Sludge Bomb|p1a: Whimsicott
|-supereffective|p1a: Whimsicott|2
|-enditem|p1a: Whimsicott|Focus Sash
|-damage|p1a: Whimsicott|1/100
|
|upkeep
|turn|4
|inactive|ECARRY has 30 seconds left.
|
|t:|1785247026
|switch|p2a: Ninetales|Ninetales-Alola, L50, M|100/100
|-weather|Snowscape|[from] ability: Snow Warning|[of] p2a: Ninetales
|move|p2b: Gengar|Protect|p2b: Gengar
|-singleturn|p2b: Gengar|Protect
|move|p1a: Whimsicott|Tailwind|p1a: Whimsicott
|-sidestart|p1: sadnessvgc|move: Tailwind
|move|p1b: Kingambit|Kowtow Cleave|p2a: Ninetales
|-resisted|p2a: Ninetales|1
|-damage|p2a: Ninetales|81/100
|
|-weather|Snowscape|[upkeep]
|upkeep
|turn|5
|
|t:|1785247049
|switch|p2b: Sneasler|Sneasler, L50, F|100/100
|move|p1a: Whimsicott|Protect|p1a: Whimsicott
|-singleturn|p1a: Whimsicott|Protect
|move|p2a: Ninetales|Disable|p1b: Kingambit
|-start|p1b: Kingambit|Disable|Kowtow Cleave
|cant|p1b: Kingambit|Disable|Kowtow Cleave
|
|-weather|Snowscape|[upkeep]
|upkeep
|turn|6
|inactive|sadnessvgc has 30 seconds left.
|
|t:|1785247077
|switch|p1a: Basculegion|Basculegion, L50, M, shiny|100/100
|move|p2a: Ninetales|Blizzard|p1b: Kingambit|[spread] p1a,p1b
|-resisted|p1a: Basculegion|1
|-resisted|p1b: Kingambit|1
|-damage|p1a: Basculegion|81/100
|-damage|p1b: Kingambit|86/100
|-status|p1a: Basculegion|frz
|-status|p1b: Kingambit|frz
|move|p2b: Sneasler|Close Combat|p1b: Kingambit
|-supereffective|p1b: Kingambit|2
|-enditem|p1b: Kingambit|Chople Berry|[eat]
|-enditem|p1b: Kingambit|Chople Berry|[weaken]
|-damage|p1b: Kingambit|0 fnt
|-unboost|p2b: Sneasler|def|1
|-unboost|p2b: Sneasler|spd|1
|faint|p1b: Kingambit
|
|-weather|Snowscape|[upkeep]
|upkeep
|
|t:|1785247088
|switch|p1b: Glimmora|Glimmora-Mega, L50, F, shiny|30/100
|turn|7
|
|t:|1785247102
|move|p2a: Ninetales|Protect|p2a: Ninetales
|-singleturn|p2a: Ninetales|Protect
|move|p2b: Sneasler|Protect|p2b: Sneasler
|-singleturn|p2b: Sneasler|Protect
|cant|p1a: Basculegion|frz
|move|p1b: Glimmora|Sludge Bomb|p2a: Ninetales
|-activate|p2a: Ninetales|move: Protect
|
|-weather|Snowscape|[upkeep]
|-sideend|p1: sadnessvgc|move: Tailwind
|upkeep
|turn|8
|
|t:|1785247116
|cant|p1a: Basculegion|frz
|move|p2a: Ninetales|Blizzard|p1b: Glimmora|[spread] p1a,p1b
|-resisted|p1a: Basculegion|1
|-damage|p1a: Basculegion|63/100 frz
|-damage|p1b: Glimmora|0 fnt
|faint|p1b: Glimmora
|move|p2b: Sneasler|Close Combat|p1a: Basculegion
|-immune|p1a: Basculegion
|
|-weather|none
|upkeep
|
|t:|1785247121
|switch|p1b: Whimsicott|Whimsicott, L50, M, shiny|1/100
|turn|9
|
|t:|1785247130
|-curestatus|p1a: Basculegion|frz|[msg]
|move|p1a: Basculegion|Wave Crash|p2a: Ninetales
|-crit|p2a: Ninetales
|-damage|p2a: Ninetales|0 fnt
|faint|p2a: Ninetales
|-damage|p1a: Basculegion|40/100|[from] Recoil
|move|p1b: Whimsicott|Moonblast|p2b: Sneasler
|-damage|p2b: Sneasler|21/100
|move|p2b: Sneasler|Gunk Shot|p1b: Whimsicott
|-supereffective|p1b: Whimsicott|2
|-damage|p1b: Whimsicott|0 fnt
|faint|p1b: Whimsicott
|
|upkeep
|
|t:|1785247134
|switch|p2a: Kingambit|Kingambit, L50, F|3/100
|turn|10
|-message|sadnessvgc forfeited.
|
|win|ECARRY
|raw|sadnessvgc's rating: 1316 → 1299(-17 for losing)
|raw|ECARRY's rating: 1371 → 1388(+17 for winning)
