|j|☆executive pole
|j|☆fluffym1n
|html|executive polefluffym1n    
|uhtml|bestof|Game 1 of a best-of-3
|t:|1757703775
|gametype|doubles
|player|p1|executive pole|brendan-masters|
|player|p2|fluffym1n|lucas-gen4pt|
|gen|9
|tier|[Gen 9] VGC 2025 Reg H (Bo3)
|rule|Species Clause: Limit one of each Pokémon
|rule|Item Clause: Limit 1 of each item
|clearpoke
|poke|p1|Whimsicott, L50, F|
|poke|p1|Garchomp, L50, F|
|poke|p1|Gholdengo, L50|
|poke|p1|Incineroar, L50, M|
|poke|p1|Sneasler, L50, F|
|poke|p1|Dragonite, L50, F|
|poke|p2|Archaludon, L50, M|
|poke|p2|Pelipper, L50, F|
|poke|p2|Incineroar, L50, F|
|poke|p2|Basculegion, L50, M|
|poke|p2|Gholdengo, L50|
|poke|p2|Sneasler, L50, F|
|teampreview|4
|showteam|p1|Whimsicott||FocusSash|Prankster|Moonblast,Tailwind,Encore,Protect|||F|||50|,,,,,Poison]Garchomp||LifeOrb|RoughSkin|Earthquake,DragonClaw,StompingTantrum,Protect|||F|||50|,,,,,Ground]Gholdengo||ChoiceSpecs|GoodasGold|MakeItRain,ShadowBall,Trick,Protect||||||50|,,,,,Steel]Incineroar||AssaultVest|Intimidate|FlareBlitz,KnockOff,Uturn,FakeOut|||M|||50|,,,,,Grass]Sneasler||WhiteHerb|Unburden|FakeOut,DireClaw,CloseCombat,Protect|||F|||50|,,,,,Stellar]Dragonite||ChoiceBand|InnerFocus|ExtremeSpeed,Outrage,IceSpinner,StompingTantrum|||F|||50|,,,,,Normal
|showteam|p2|Archaludon||AssaultVest|Stamina|DragonPulse,FlashCannon,ElectroShot,BodyPress|||M|||50|,,,,,Grass]Pelipper||FocusSash|Drizzle|Hurricane,Tailwind,WeatherBall,Protect|||F|||50|,,,,,Ghost]Incineroar||SafetyGoggles|Intimidate|FakeOut,KnockOff,FlareBlitz,PartingShot|||F|||50|,,,,,Ghost]Basculegion||MysticWater|SwiftSwim|WaveCrash,LastRespects,AquaJet,Protect|||M|||50|,,,,,Water]Gholdengo||MetalCoat|GoodasGold|MakeItRain,ShadowBall,NastyPlot,Protect||||||50|,,,,,Water]Sneasler||WhiteHerb|Unburden|FakeOut,CloseCombat,DireClaw,Protect|||F|||50|,,,,,Stellar
|c|☆fluffym1n|glhf :)
|j| Bacon122
|l| Bacon122
|
|t:|1757703922
|teamsize|p1|4
|teamsize|p2|4
|start
|switch|p1a: Whimsicott|Whimsicott, L50, F|100/100
|switch|p1b: Dragonite|Dragonite, L50, F|100/100
|switch|p2a: Basculegion|Basculegion, L50, M|100/100
|switch|p2b: Latrine|Pelipper, L50, F|100/100
|-weather|RainDance|[from] ability: Drizzle|[of] p2b: Latrine
|turn|1
|j| totsbite4
|
|t:|1757703961
|move|p1a: Whimsicott|Tailwind|p1a: Whimsicott
|-sidestart|p1: executive pole|move: Tailwind
|move|p1b: Dragonite|Outrage|p2a: Basculegion
|-damage|p2a: Basculegion|0 fnt
|faint|p2a: Basculegion
|move|p2b: Latrine|Tailwind|p2b: Latrine
|-sidestart|p2: fluffym1n|move: Tailwind
|
|-weather|RainDance|[upkeep]
|upkeep
|
|t:|1757703969
|switch|p2a: Gholdengo|Gholdengo, L50|100/100
|turn|2
|
|t:|1757703980
|move|p2b: Latrine|Protect|p2b: Latrine
|-singleturn|p2b: Latrine|Protect
|move|p1a: Whimsicott|Encore|p2b: Latrine
|-activate|p2b: Latrine|move: Protect
|move|p2a: Gholdengo|Nasty Plot|p2a: Gholdengo
|-boost|p2a: Gholdengo|spa|2
|move|p1b: Dragonite|Outrage|p2b: Latrine|[from] lockedmove
|-activate|p2b: Latrine|move: Protect
|-start|p1b: Dragonite|confusion|[fatigue]
|
|-weather|RainDance|[upkeep]
|upkeep
|turn|3
|
|t:|1757704023
|move|p1a: Whimsicott|Protect|p1a: Whimsicott
|-singleturn|p1a: Whimsicott|Protect
|move|p2a: Gholdengo|Make It Rain|p1b: Dragonite|[spread] p1b
|-activate|p1a: Whimsicott|move: Protect
|-damage|p1b: Dragonite|0 fnt
|-unboost|p2a: Gholdengo|spa|1
|faint|p1b: Dragonite
|move|p2b: Latrine|Hurricane|p1a: Whimsicott
|-activate|p1a: Whimsicott|move: Protect
|
|-weather|RainDance|[upkeep]
|upkeep
|
|t:|1757704038
|switch|p1b: Incineroar|Incineroar, L50, M|100/100
|-ability|p1b: Incineroar|Intimidate|boost
|-unboost|p2a: Gholdengo|atk|1
|-unboost|p2b: Latrine|atk|1
|turn|4
|
|t:|1757704086
|-terastallize|p2b: Latrine|Ghost
|move|p1a: Whimsicott|Moonblast|p2a: Gholdengo
|-resisted|p2a: Gholdengo
|-damage|p2a: Gholdengo|84/100
|move|p2a: Gholdengo|Make It Rain|p1b: Incineroar|[spread] p1a,p1b
|-supereffective|p1a: Whimsicott
|-resisted|p1b: Incineroar
|-enditem|p1a: Whimsicott|Focus Sash
|-damage|p1a: Whimsicott|1/100
|-damage|p1b: Incineroar|74/100
|-unboost|p2a: Gholdengo|spa|1
|move|p2b: Latrine|Hurricane|p1a: Whimsicott
|-supereffective|p1a: Whimsicott
|-crit|p1a: Whimsicott
|-damage|p1a: Whimsicott|0 fnt
|faint|p1a: Whimsicott
|move|p1b: Incineroar|Knock Off|p2a: Gholdengo
|-supereffective|p2a: Gholdengo
|-damage|p2a: Gholdengo|0 fnt
|-enditem|p2a: Gholdengo|Metal Coat|[from] move: Knock Off|[of] p1b: Incineroar
|faint|p2a: Gholdengo
|
|-weather|RainDance|[upkeep]
|-sideend|p2: fluffym1n|move: Tailwind
|-sideend|p1: executive pole|move: Tailwind
|upkeep
|
|t:|1757704105
|switch|p1a: Gholdengo|Gholdengo, L50|100/100
|switch|p2a: STICKY|Sneasler, L50, F|100/100
|turn|5
|
|t:|1757704124
|move|p2a: STICKY|Close Combat|p1b: Incineroar
|-supereffective|p1b: Incineroar
|-damage|p1b: Incineroar|0 fnt
|-unboost|p2a: STICKY|def|1
|-unboost|p2a: STICKY|spd|1
|faint|p1b: Incineroar
|-enditem|p2a: STICKY|White Herb
|-clearnegativeboost|p2a: STICKY|[silent]
|move|p1a: Gholdengo|Shadow Ball|p2b: Latrine
|-supereffective|p2b: Latrine
|-enditem|p2b: Latrine|Focus Sash
|-damage|p2b: Latrine|1/100
|move|p2b: Latrine|Weather Ball|p1a: Gholdengo
|-damage|p1a: Gholdengo|24/100
|
|-weather|none
|upkeep
|turn|6
|
|t:|1757704146
|move|p2b: Latrine|Protect|p2b: Latrine
|-singleturn|p2b: Latrine|Protect
|move|p2a: STICKY|Close Combat|p1a: Gholdengo
|-immune|p1a: Gholdengo
|move|p1a: Gholdengo|Shadow Ball|p2b: Latrine
|-activate|p2b: Latrine|move: Protect
|
|upkeep
|turn|7
|
|t:|1757704153
|move|p2a: STICKY|Close Combat|p1a: Gholdengo
|-immune|p1a: Gholdengo
|move|p1a: Gholdengo|Shadow Ball|p2b: Latrine
|-supereffective|p2b: Latrine
|-damage|p2b: Latrine|0 fnt
|faint|p2b: Latrine
|
|upkeep
|turn|8
|
|t:|1757704162
|move|p2a: STICKY|Close Combat|p1a: Gholdengo
|-immune|p1a: Gholdengo
|move|p1a: Gholdengo|Shadow Ball|p2a: STICKY
|-damage|p2a: STICKY|0 fnt
|faint|p2a: STICKY
|
|win|executive pole
||fluffym1n is ready for game 2.
|inactive|executive pole has 30 seconds to confirm battle start!
||executive pole is ready for game 2.
|uhtml|next|Next: Game 2 of 3
|j| Voltage Gaming101
|l| Voltage Gaming101
|l|☆executive pole
|player|p1|
|j|☆executive pole
|player|p1|executive pole|brendan-masters|
|l| totsbite4
