|j|☆kyriepokemon
|j|☆palle synchro
|html|kyriepokemonpalle synchro    
|uhtml|bestof|Game 1 of a best-of-3
|t:|1783423284
|gametype|doubles
|player|p1|kyriepokemon|169|1243
|player|p2|palle synchro|volkner|1281
|gen|9
|tier|[Gen 9 Champions] VGC 2026 Reg M-B (Bo3)
|rated|
|rule|Species Clause: Limit one of each Pokémon
|rule|Item Clause: Limit 1 of each item
|clearpoke
|poke|p1|Pelipper, L50, M|
|poke|p1|Sableye, L50, M|
|poke|p1|Swampert, L50, F|
|poke|p1|Kingambit, L50, M|
|poke|p1|Archaludon, L50, F|
|poke|p1|Sinistcha, L50|
|poke|p2|Swampert, L50, F|
|poke|p2|Pelipper, L50, F|
|poke|p2|Archaludon, L50, M|
|poke|p2|Venusaur, L50, F|
|poke|p2|Maushold-Four, L50|
|poke|p2|Gholdengo, L50|
|teampreview|4
|showteam|p1|Pelipper||FocusSash|Drizzle|Hurricane,Protect,Tailwind,WeatherBall|Modest||M|||50|]Sableye||LightClay|Prankster|Encore,Disable,LightScreen,RainDance|Bold||M|||50|]Swampert||Swampertite|Torrent|WaveCrash,Protect,IcePunch,HighHorsepower|Adamant||F|||50|]Kingambit||BlackGlasses|Defiant|KowtowCleave,Protect,SuckerPunch,IronHead|Adamant||M|||50|]Archaludon||Leftovers|Stamina|ElectroShot,Protect,AuraSphere,FlashCannon|Calm||F|||50|]Sinistcha||SitrusBerry|Hospitality|MatchaGotcha,StrengthSap,TrickRoom,RagePowder|Calm|||||50|
|showteam|p2|Swampert||Swampertite|Torrent|WaveCrash,HighHorsepower,IcePunch,Protect|Adamant||F|||50|]Pelipper||SitrusBerry|Drizzle|WeatherBall,Hurricane,Tailwind,WideGuard|Modest||F|||50|]Archaludon||Leftovers|Stamina|ElectroShot,DragonPulse,FlashCannon,Protect|Calm||M|||50|]Venusaur||Venusaurite|Chlorophyll|GigaDrain,EarthPower,SludgeBomb,Protect|Modest||F|||50|]Maushold-Four||FocusSash|FriendGuard|FollowMe,SuperFang,RainDance,Protect|Timid|||||50|]Gholdengo||LifeOrb|GoodasGold|MakeItRain,ShadowBall,NastyPlot,Protect|Modest|||||50|
|inactive|Battle timer is ON: inactive players will automatically lose when time's up. (requested by palle synchro)
|
|t:|1783423316
|teamsize|p1|4
|teamsize|p2|4
|start
|switch|p1a: Archaludon|Archaludon, L50, F|100/100
|switch|p1b: Sinistcha|Sinistcha, L50|100/100
|switch|p2a: Swampert|Swampert, L50, F|100/100
|switch|p2b: Pelipper|Pelipper, L50, F|100/100
|-weather|RainDance|[from] ability: Drizzle|[of] p2b: Pelipper
|turn|1
|inactive|kyriepokemon has 30 seconds left.
|inactive|palle synchro has 30 seconds left.
|
|t:|1783423347
|switch|p2b: Archaludon|Archaludon, L50, M|100/100
|detailschange|p2a: Swampert|Swampert-Mega, L50, F
|-mega|p2a: Swampert|Swampert|Swampertite
|move|p2a: Swampert|High Horsepower|p1a: Archaludon
|-supereffective|p1a: Archaludon|1
|-damage|p1a: Archaludon|8/100
|-ability|p1a: Archaludon|Stamina|boost
|-boost|p1a: Archaludon|def|1
|move|p1a: Archaludon|Electro Shot||[still]
|-prepare|p1a: Archaludon|Electro Shot
|-boost|p1a: Archaludon|spa|1
|-anim|p1a: Archaludon|Electro Shot|p2b: Archaludon
|-resisted|p2b: Archaludon|1
|-damage|p2b: Archaludon|78/100
|-ability|p2b: Archaludon|Stamina|boost
|-boost|p2b: Archaludon|def|1
|move|p1b: Sinistcha|Matcha Gotcha|p2b: Archaludon|[spread] p2a,p2b
|-supereffective|p2a: Swampert|2
|-resisted|p2b: Archaludon|2
|-damage|p2a: Swampert|13/100
|-damage|p2b: Archaludon|73/100
|-ability|p2b: Archaludon|Stamina|boost
|-boost|p2b: Archaludon|def|1
|
|-weather|RainDance|[upkeep]
|-heal|p2b: Archaludon|80/100|[from] item: Leftovers
|-heal|p1a: Archaludon|14/100|[from] item: Leftovers
|upkeep
|turn|2
|inactive|kyriepokemon has 30 seconds left.
|
|t:|1783423382
|move|p1b: Sinistcha|Rage Powder|p1b: Sinistcha
|-singleturn|p1b: Sinistcha|move: Rage Powder
|move|p2a: Swampert|Ice Punch|p1b: Sinistcha
|-supereffective|p1b: Sinistcha|1
|-damage|p1b: Sinistcha|49/100
|-enditem|p1b: Sinistcha|Sitrus Berry|[eat]
|-heal|p1b: Sinistcha|74/100|[from] item: Sitrus Berry
|move|p2b: Archaludon|Electro Shot||[still]
|-prepare|p2b: Archaludon|Electro Shot
|-boost|p2b: Archaludon|spa|1
|-anim|p2b: Archaludon|Electro Shot|p1b: Sinistcha
|-resisted|p1b: Sinistcha|1
|-damage|p1b: Sinistcha|46/100
|move|p1a: Archaludon|Aura Sphere|p2b: Archaludon
|-supereffective|p2b: Archaludon|1
|-damage|p2b: Archaludon|20/100y
|-ability|p2b: Archaludon|Stamina|boost
|-boost|p2b: Archaludon|def|1
|
|-weather|RainDance|[upkeep]
|-heal|p2b: Archaludon|27/100|[from] item: Leftovers
|-heal|p1a: Archaludon|20/100y|[from] item: Leftovers
|upkeep
|turn|3
|inactive|kyriepokemon has 30 seconds left.
|inactive|kyriepokemon has 20 seconds left.
|
|t:|1783423419
|move|p1a: Archaludon|Protect|p1a: Archaludon
|-singleturn|p1a: Archaludon|Protect
|move|p2a: Swampert|Ice Punch|p1b: Sinistcha
|-supereffective|p1b: Sinistcha|1
|-damage|p1b: Sinistcha|0 fnt
|faint|p1b: Sinistcha
|move|p2b: Archaludon|Electro Shot||[still]
|-prepare|p2b: Archaludon|Electro Shot
|-boost|p2b: Archaludon|spa|1
|-anim|p2b: Archaludon|Electro Shot|p1a: Archaludon
|-activate|p1a: Archaludon|move: Protect
|
|-weather|RainDance|[upkeep]
|-heal|p2b: Archaludon|33/100|[from] item: Leftovers
|-heal|p1a: Archaludon|26/100|[from] item: Leftovers
|upkeep
|
|t:|1783423434
|switch|p1b: Swampert|Swampert, L50, F|100/100
|turn|4
|inactive|kyriepokemon has 30 seconds left.
|inactive|kyriepokemon has 20 seconds left.
|inactive|kyriepokemon has 15 seconds left.
|
|t:|1783423474
|detailschange|p1b: Swampert|Swampert-Mega, L50, F
|-mega|p1b: Swampert|Swampert|Swampertite
|move|p1b: Swampert|Ice Punch|p2a: Swampert
|-damage|p2a: Swampert|0 fnt
|faint|p2a: Swampert
|move|p2b: Archaludon|Electro Shot||[still]
|-prepare|p2b: Archaludon|Electro Shot
|-boost|p2b: Archaludon|spa|1
|-anim|p2b: Archaludon|Electro Shot|p1a: Archaludon
|-resisted|p1a: Archaludon|1
|-damage|p1a: Archaludon|0 fnt
|faint|p1a: Archaludon
|
|-weather|RainDance|[upkeep]
|-heal|p2b: Archaludon|39/100|[from] item: Leftovers
|upkeep
|
|t:|1783423493
|switch|p2a: Pelipper|Pelipper, L50, F|100/100
|switch|p1a: Pelipper|Pelipper, L50, M|100/100
|turn|5
|
|t:|1783423512
|move|p2b: Archaludon|Protect|p2b: Archaludon
|-singleturn|p2b: Archaludon|Protect
|move|p1b: Swampert|Ice Punch|p2a: Pelipper
|-damage|p2a: Pelipper|66/100
|-status|p2a: Pelipper|frz
|move|p1a: Pelipper|Tailwind|p1a: Pelipper
|-sidestart|p1: kyriepokemon|move: Tailwind
|-curestatus|p2a: Pelipper|frz|[msg]
|move|p2a: Pelipper|Tailwind|p2a: Pelipper
|-sidestart|p2: palle synchro|move: Tailwind
|
|-weather|none
|-heal|p2b: Archaludon|45/100|[from] item: Leftovers
|upkeep
|turn|6
|
|t:|1783423535
|move|p1b: Swampert|High Horsepower|p2b: Archaludon
|-supereffective|p2b: Archaludon|1
|-damage|p2b: Archaludon|5/100
|-ability|p2b: Archaludon|Stamina|boost
|-boost|p2b: Archaludon|def|1
|move|p1a: Pelipper|Hurricane|p2a: Pelipper|[miss]
|-miss|p1a: Pelipper|p2a: Pelipper
|move|p2b: Archaludon|Dragon Pulse|p1b: Swampert
|-damage|p1b: Swampert|13/100
|move|p2a: Pelipper|Hurricane|p1b: Swampert
|-damage|p1b: Swampert|0 fnt
|faint|p1b: Swampert
|
|-heal|p2b: Archaludon|11/100|[from] item: Leftovers
|upkeep
|turn|7
|
|t:|1783423553
|move|p2b: Archaludon|Protect|p2b: Archaludon
|-singleturn|p2b: Archaludon|Protect
|move|p1a: Pelipper|Hurricane|p2b: Archaludon
|-activate|p2b: Archaludon|move: Protect
|move|p2a: Pelipper|Weather Ball|p1a: Pelipper
|-damage|p1a: Pelipper|75/100
|
|-heal|p2b: Archaludon|17/100|[from] item: Leftovers
|upkeep
|turn|8
|
|t:|1783423565
|move|p1a: Pelipper|Hurricane|p2b: Archaludon
|-resisted|p2b: Archaludon|1
|-damage|p2b: Archaludon|0 fnt
|faint|p2b: Archaludon
|move|p2a: Pelipper|Weather Ball|p1a: Pelipper
|-damage|p1a: Pelipper|51/100
|
|-sideend|p2: palle synchro|move: Tailwind
|-sideend|p1: kyriepokemon|move: Tailwind
|upkeep
|
|t:|1783423567
|switch|p2b: Gold&go|Gholdengo, L50|100/100
|turn|9
|
|t:|1783423578
|move|p2b: Gold&go|Shadow Ball|p1a: Pelipper
|-damage|p1a: Pelipper|0 fnt
|faint|p1a: Pelipper
|-damage|p2b: Gold&go|90/100|[from] item: Life Orb
|
|win|palle synchro
