|j|☆Clementine1997
|j|☆Volanr
|html|Clementine1997Volanr    
|uhtml|bestof|Game 2 of a best-of-3
|t:|1756242028
|gametype|doubles
|player|p1|Clementine1997|clair|1228
|player|p2|Volanr|veteranf|1296
|gen|9
|tier|[Gen 9] VGC 2025 Reg H (Bo3)
|rated|
|rule|Species Clause: Limit one of each Pokémon
|rule|Item Clause: Limit 1 of each item
|clearpoke
|poke|p1|Whimsicott, L50, M|
|poke|p1|Ursaluna-Bloodmoon, L50, M|
|poke|p1|Incineroar, L50, M|
|poke|p1|Rillaboom, L50, F|
|poke|p1|Kingambit, L50, M|
|poke|p1|Primarina, L50, F|
|poke|p2|Archaludon, L50, F|
|poke|p2|Sinistcha-Masterpiece, L50|
|poke|p2|Dragonite, L50, F|
|poke|p2|Pelipper, L50, M|
|poke|p2|Ursaluna, L50, M|
|poke|p2|Gholdengo, L50|
|teampreview|4
|showteam|p1|Whimsicott||FocusSash|Prankster|Moonblast,Encore,Tailwind,Taunt|||M|||50|,,,,,Fire]Ursaluna-Bloodmoon||LifeOrb|MindsEye|BloodMoon,EarthPower,VacuumWave,Protect|||M|||50|,,,,,Dragon]Incineroar||SitrusBerry|Intimidate|KnockOff,PartingShot,FlareBlitz,FakeOut|||M|||50|,,,,,Grass]Rillaboom||AssaultVest|GrassySurge|GrassyGlide,HighHorsepower,FakeOut,Uturn|||F|||50|,,,,,Fire]Kingambit||SafetyGoggles|Defiant|SuckerPunch,IronHead,SwordsDance,Protect|||M|||50|,,,,,Water]Primarina||ThroatSpray|LiquidVoice|HyperVoice,Moonblast,Haze,Protect|||F|||50|,,,,,Grass
|showteam|p2|Archaludon||AssaultVest|Stamina|BodyPress,Snarl,ElectroShot,FlashCannon|||F|||50|,,,,,Grass]Sinistcha-Masterpiece||SitrusBerry|Hospitality|MatchaGotcha,RagePowder,TrickRoom,LifeDew||||||50|,,,,,Dark]Dragonite||LoadedDice|Multiscale|ScaleShot,Protect,Tailwind,Haze|||F|||50|,,,,,Steel]Pelipper||FocusSash|Drizzle|WeatherBall,Hurricane,Tailwind,Protect|||M|||50|,,,,,Ground]Ursaluna||FlameOrb|Guts|Facade,HeadlongRush,Earthquake,Protect|||M|||50|,,,,,Ghost]Gholdengo||ChoiceScarf|GoodasGold|MakeItRain,TeraBlast,ShadowBall,Trick||||||50|,,,,,Water
|inactive|Battle timer is ON: inactive players will automatically lose when time's up. (requested by Clementine1997)
|inactive|Volanr has 60 seconds left.
|
|t:|1756242068
|teamsize|p1|4
|teamsize|p2|4
|start
|switch|p1a: Whimsicott|Whimsicott, L50, M, shiny|100/100
|switch|p1b: Ursaluna|Ursaluna-Bloodmoon, L50, M|100/100
|switch|p2a: Pelipper|Pelipper, L50, M|100/100
|switch|p2b: Dragonite|Dragonite, L50, F|100/100
|-weather|RainDance|[from] ability: Drizzle|[of] p2a: Pelipper
|turn|1
|inactive|Volanr has 30 seconds left.
|
|t:|1756242100
|switch|p1b: Primarina|Primarina, L50, F, shiny|100/100
|move|p2b: Dragonite|Protect|p2b: Dragonite
|-singleturn|p2b: Dragonite|Protect
|move|p1a: Whimsicott|Taunt|p2a: Pelipper
|-start|p2a: Pelipper|move: Taunt
|move|p2a: Pelipper|Hurricane|p1a: Whimsicott
|-supereffective|p1a: Whimsicott
|-enditem|p1a: Whimsicott|Focus Sash
|-damage|p1a: Whimsicott|1/100
|
|-weather|RainDance|[upkeep]
|upkeep
|turn|2
|
|t:|1756242120
|switch|p2b: Sinistcha|Sinistcha-Masterpiece, L50|100/100
|move|p1a: Whimsicott|Encore||[still]
|-fail|p1a: Whimsicott
|move|p2a: Pelipper|Weather Ball|p1a: Whimsicott
|-resisted|p1a: Whimsicott
|-damage|p1a: Whimsicott|0 fnt
|faint|p1a: Whimsicott
|move|p1b: Primarina|Hyper Voice|p2a: Pelipper|[spread] p2a,p2b
|-resisted|p2a: Pelipper
|-resisted|p2b: Sinistcha
|-damage|p2a: Pelipper|55/100
|-damage|p2b: Sinistcha|77/100
|-enditem|p1b: Primarina|Throat Spray
|-boost|p1b: Primarina|spa|1|[from] item: Throat Spray
|
|-weather|RainDance|[upkeep]
|upkeep
|
|t:|1756242123
|switch|p1a: Rillaboom|Rillaboom, L50, F, shiny|100/100
|-fieldstart|move: Grassy Terrain|[from] ability: Grassy Surge|[of] p1a: Rillaboom
|turn|3
|
|t:|1756242136
|switch|p2a: Gholdengo|Gholdengo, L50|100/100
|-terastallize|p1b: Primarina|Grass
|move|p1a: Rillaboom|Fake Out|p2a: Gholdengo
|-immune|p2a: Gholdengo
|move|p1b: Primarina|Moonblast|p2b: Sinistcha
|-damage|p2b: Sinistcha|7/100
|-enditem|p2b: Sinistcha|Sitrus Berry|[eat]
|-heal|p2b: Sinistcha|32/100|[from] item: Sitrus Berry
|move|p2b: Sinistcha|Matcha Gotcha|p1b: Primarina|[spread] p1a,p1b
|-resisted|p1a: Rillaboom
|-resisted|p1b: Primarina
|-damage|p1a: Rillaboom|87/100
|-heal|p2b: Sinistcha|40/100|[from] drain|[of] p1a: Rillaboom
|-damage|p1b: Primarina|85/100
|-heal|p2b: Sinistcha|47/100|[from] drain|[of] p1b: Primarina
|
|-weather|RainDance|[upkeep]
|-heal|p1a: Rillaboom|93/100|[from] Grassy Terrain
|-heal|p1b: Primarina|91/100|[from] Grassy Terrain
|-heal|p2b: Sinistcha|53/100|[from] Grassy Terrain
|upkeep
|turn|4
|inactive|Clementine1997 has 30 seconds left.
|inactive|Volanr has 30 seconds left.
|inactive|Volanr has 20 seconds left.
|inactive|Volanr has 15 seconds left.
|
|t:|1756242180
|switch|p1a: Ursaluna|Ursaluna-Bloodmoon, L50, M|100/100
|move|p2a: Gholdengo|Make It Rain|p1a: Ursaluna|[spread] p1a,p1b
|-damage|p1a: Ursaluna|38/100
|-damage|p1b: Primarina|44/100
|-unboost|p2a: Gholdengo|spa|1
|move|p1b: Primarina|Hyper Voice|p2b: Sinistcha|[spread] p2a,p2b
|-resisted|p2b: Sinistcha
|-damage|p2a: Gholdengo|2/100
|-damage|p2b: Sinistcha|22/100
|move|p2b: Sinistcha|Matcha Gotcha|p1a: Ursaluna|[spread] p1a,p1b
|-supereffective|p1a: Ursaluna
|-resisted|p1b: Primarina
|-damage|p1a: Ursaluna|0 fnt
|-heal|p2b: Sinistcha|43/100|[from] drain|[of] p1a: Ursaluna
|-damage|p1b: Primarina|29/100
|-heal|p2b: Sinistcha|50/100|[from] drain|[of] p1b: Primarina
|-status|p1b: Primarina|brn
|faint|p1a: Ursaluna
|
|-weather|RainDance|[upkeep]
|-heal|p2a: Gholdengo|8/100|[from] Grassy Terrain
|-heal|p1b: Primarina|35/100 brn|[from] Grassy Terrain
|-heal|p2b: Sinistcha|57/100|[from] Grassy Terrain
|-damage|p1b: Primarina|29/100 brn|[from] brn
|upkeep
|
|t:|1756242186
|switch|p1a: Rillaboom|Rillaboom, L50, F, shiny|93/100
|turn|5
|
|t:|1756242204
|switch|p2a: Dragonite|Dragonite, L50, F|100/100
|move|p1a: Rillaboom|Grassy Glide|p2a: Dragonite
|-resisted|p2a: Dragonite
|-damage|p2a: Dragonite|95/100
|move|p1b: Primarina|Hyper Voice|p2a: Dragonite|[spread] p2a,p2b
|-resisted|p2a: Dragonite
|-resisted|p2b: Sinistcha
|-damage|p2a: Dragonite|54/100
|-damage|p2b: Sinistcha|24/100
|move|p2b: Sinistcha|Matcha Gotcha|p1b: Primarina|[spread] p1b
|-miss|p2b: Sinistcha|p1a: Rillaboom
|-resisted|p1b: Primarina
|-damage|p1b: Primarina|14/100 brn
|-heal|p2b: Sinistcha|31/100|[from] drain|[of] p1b: Primarina
|
|-weather|none
|-heal|p1a: Rillaboom|99/100|[from] Grassy Terrain
|-heal|p1b: Primarina|20/100 brn|[from] Grassy Terrain
|-heal|p2b: Sinistcha|38/100|[from] Grassy Terrain
|-damage|p1b: Primarina|14/100 brn|[from] brn
|upkeep
|turn|6
|
|t:|1756242224
|move|p2a: Dragonite|Scale Shot|p1b: Primarina
|-damage|p1b: Primarina|0 fnt
|faint|p1b: Primarina
|-hitcount|p1: Primarina|1
|-unboost|p2a: Dragonite|def|1
|-boost|p2a: Dragonite|spe|1
|move|p1a: Rillaboom|U-turn|p2b: Sinistcha
|-crit|p2b: Sinistcha
|-damage|p2b: Sinistcha|3/100
|move|p2b: Sinistcha|Life Dew|p2b: Sinistcha|[spread] p2a,p2b
|-heal|p2a: Dragonite|80/100
|-heal|p2b: Sinistcha|29/100
|
|-heal|p1a: Rillaboom|100/100|[from] Grassy Terrain
|-heal|p2b: Sinistcha|35/100|[from] Grassy Terrain
|upkeep
|turn|7
|-message|Clementine1997 forfeited.
|
|win|Volanr
|l|☆Clementine1997
|player|p1|
||Volanr is ready for game 3.
||Clementine1997 is ready for game 3.
|uhtml|next|Next: Game 3 of 3
|l|☆Volanr
|player|p2|
|j|☆Volanr
|player|p2|Volanr|veteranf|
