|j|☆AdaelVGC
|j|☆pokeopposition
|html|AdaelVGCpokeopposition    
|uhtml|bestof|Game 1 of a best-of-3
|t:|1782503869
|gametype|doubles
|player|p1|AdaelVGC|1|1167
|player|p2|pokeopposition|silver|1125
|gen|9
|tier|[Gen 9 Champions] VGC 2026 Reg M-B (Bo3)
|rated|
|rule|Species Clause: Limit one of each Pokémon
|rule|Item Clause: Limit 1 of each item
|clearpoke
|poke|p1|Metagross, L50, shiny|
|poke|p1|Swampert, L50, F|
|poke|p1|Pelipper, L50, F|
|poke|p1|Archaludon, L50, F|
|poke|p1|Hydreigon, L50, F|
|poke|p1|Sinistcha, L50|
|poke|p2|Incineroar, L50, F|
|poke|p2|Meowscarada, L50, F, shiny|
|poke|p2|Drampa, L50, F, shiny|
|poke|p2|Aegislash, L50, F, shiny|
|poke|p2|Sinistcha, L50, shiny|
|poke|p2|Farigiraf, L50, M, shiny|
|teampreview|4
|showteam|p1|Metagross||Metagrossite|ClearBody|IronHead,PsychicFangs,BulletPunch,Protect|Adamant|||||50|]Swampert||Swampertite|Torrent|WaveCrash,HighHorsepower,IcePunch,Protect|Adamant||F|||50|]Pelipper||FocusSash|Drizzle|WeatherBall,Hurricane,Tailwind,Protect|Modest||F|||50|]Archaludon||Leftovers|Stamina|DragonPulse,ElectroShot,AuraSphere,Protect|Modest||F|||50|]Hydreigon||ChoiceScarf|Levitate|DracoMeteor,DarkPulse,Snarl,EarthPower|Modest||F|||50|]Sinistcha||SitrusBerry|Hospitality|MatchaGotcha,TrickRoom,RagePowder,Protect|Bold|||||50|
|showteam|p2|Incineroar||PasshoBerry|Intimidate|FlareBlitz,ThroatChop,FakeOut,PartingShot|Impish||F|||50|]Meowscarada||ChoiceScarf|Protean|TripleAxel,FlowerTrick,Uturn,KnockOff|Jolly||F|||50|]Drampa||Drampanite|CloudNine|DracoMeteor,HyperVoice,EarthPower,Protect|Quiet||F|||50|]Aegislash||Leftovers|StanceChange|KingsShield,WideGuard,IronHead,Poltergeist|Careful||F|||50|]Sinistcha||OccaBerry|Hospitality|MatchaGotcha,LifeDew,RagePowder,Protect|Bold|||||50|]Farigiraf||ColburBerry|ArmorTail|Psychic,TrickRoom,HelpingHand,Protect|Quiet||M|||50|
|
|t:|1782503927
|teamsize|p1|4
|teamsize|p2|4
|start
|switch|p1a: Sinistcha|Sinistcha, L50|100/100
|switch|p1b: Hydreigon|Hydreigon, L50, F|100/100
|switch|p2a: Farigiraf|Farigiraf, L50, M, shiny|100/100
|switch|p2b: Incineroar|Incineroar, L50, F|100/100
|-ability|p2b: Incineroar|Intimidate|boost
|-unboost|p1a: Sinistcha|atk|1
|-unboost|p1b: Hydreigon|atk|1
|turn|1
|
|t:|1782503945
|move|p2a: Farigiraf|Protect|p2a: Farigiraf
|-singleturn|p2a: Farigiraf|Protect
|move|p1b: Hydreigon|Dark Pulse|p2a: Farigiraf
|-activate|p2a: Farigiraf|move: Protect
|move|p2b: Incineroar|Parting Shot|p1b: Hydreigon
|-unboost|p1b: Hydreigon|atk|1
|-unboost|p1b: Hydreigon|spa|1
|
|t:|1782503955
|switch|p2b: Drampa|Drampa, L50, F, shiny|100/100|[from] Parting Shot
|-ability|p2b: Drampa|Cloud Nine
|move|p1a: Sinistcha|Trick Room|p1a: Sinistcha
|-fieldstart|move: Trick Room|[of] p1a: Sinistcha
|
|upkeep
|turn|2
|
|t:|1782503985
|move|p2a: Farigiraf|Helping Hand|p2b: Drampa
|-singleturn|p2b: Drampa|Helping Hand|[of] p2a: Farigiraf
|move|p1a: Sinistcha|Rage Powder|p1a: Sinistcha
|-singleturn|p1a: Sinistcha|move: Rage Powder
|move|p2b: Drampa|Earth Power|p1a: Sinistcha
|-resisted|p1a: Sinistcha|1
|-damage|p1a: Sinistcha|78/100
|move|p1b: Hydreigon|Dark Pulse|p2a: Farigiraf
|-supereffective|p2a: Farigiraf|1
|-enditem|p2a: Farigiraf|Colbur Berry|[eat]
|-enditem|p2a: Farigiraf|Colbur Berry|[weaken]
|-damage|p2a: Farigiraf|74/100
|
|upkeep
|turn|3
|
|t:|1782504018
|switch|p2b: Incineroar|Incineroar, L50, F|100/100
|-ability|p2b: Incineroar|Intimidate|boost
|-unboost|p1a: Sinistcha|atk|1
|-unboost|p1b: Hydreigon|atk|1
|switch|p1b: Pelipper|Pelipper, L50, F|100/100
|-weather|RainDance|[from] ability: Drizzle|[of] p1b: Pelipper
|move|p2a: Farigiraf|Protect|p2a: Farigiraf
|-singleturn|p2a: Farigiraf|Protect
|move|p1a: Sinistcha|Protect||[still]
|-fail|p1a: Sinistcha
|
|-weather|RainDance|[upkeep]
|upkeep
|turn|4
|
|t:|1782504059
|switch|p2a: Drampa|Drampa, L50, F, shiny|100/100
|-ability|p2a: Drampa|Cloud Nine
|switch|p1b: Hydreigon|Hydreigon, L50, F|100/100
|move|p2b: Incineroar|Flare Blitz|p1a: Sinistcha
|-supereffective|p1a: Sinistcha|1
|-damage|p1a: Sinistcha|0 fnt
|faint|p1a: Sinistcha
|-damage|p2b: Incineroar|77/100|[from] Recoil
|
|-weather|RainDance|[upkeep]
|upkeep
|
|t:|1782504073
|switch|p1a: Pelipper|Pelipper, L50, F|100/100
|turn|5
|
|t:|1782504093
|switch|p1b: Metagross|Metagross, L50, shiny|100/100
|move|p1a: Pelipper|Protect|p1a: Pelipper
|-singleturn|p1a: Pelipper|Protect
|move|p2a: Drampa|Draco Meteor|p1b: Metagross
|-resisted|p1b: Metagross|1
|-damage|p1b: Metagross|62/100
|-unboost|p2a: Drampa|spa|2
|move|p2b: Incineroar|Parting Shot|p1a: Pelipper
|-activate|p1a: Pelipper|move: Protect
|
|-weather|RainDance|[upkeep]
|-fieldend|move: Trick Room
|upkeep
|turn|6
|
|t:|1782504122
|switch|p2a: Sinistcha|Sinistcha, L50, shiny|100/100
|-heal|p2b: Incineroar|100/100|[from] ability: Hospitality|[of] p2a: Sinistcha
|detailschange|p1b: Metagross|Metagross-Mega, L50, shiny
|-mega|p1b: Metagross|Metagross|Metagrossite
|move|p1b: Metagross|Iron Head|p2a: Sinistcha
|-damage|p2a: Sinistcha|49/100
|move|p1a: Pelipper|Hurricane|p2a: Sinistcha
|-supereffective|p2a: Sinistcha|1
|-damage|p2a: Sinistcha|0 fnt
|faint|p2a: Sinistcha
|move|p2b: Incineroar|Parting Shot|p1b: Metagross
|-unboost|p1b: Metagross|atk|1
|-unboost|p1b: Metagross|spa|1
|
|t:|1782504135
|switch|p2b: Farigiraf|Farigiraf, L50, M, shiny|74/100|[from] Parting Shot
|
|-weather|RainDance|[upkeep]
|upkeep
|
|t:|1782504137
|switch|p2a: Incineroar|Incineroar, L50, F|100/100
|-ability|p2a: Incineroar|Intimidate|boost
|-unboost|p1a: Pelipper|atk|1
|-unboost|p1b: Metagross|atk|1
|turn|7
|
|t:|1782504151
|switch|p1b: Hydreigon|Hydreigon, L50, F|100/100
|move|p1a: Pelipper|Protect|p1a: Pelipper
|-singleturn|p1a: Pelipper|Protect
|move|p2a: Incineroar|Parting Shot|p1a: Pelipper
|-activate|p1a: Pelipper|move: Protect
|move|p2b: Farigiraf|Trick Room|p2b: Farigiraf
|-fieldstart|move: Trick Room|[of] p2b: Farigiraf
|
|-weather|none
|upkeep
|turn|8
|
|t:|1782504184
|switch|p2b: Drampa|Drampa, L50, F, shiny|100/100
|-ability|p2b: Drampa|Cloud Nine
|switch|p1a: Metagross|Metagross-Mega, L50, shiny|62/100
|move|p2a: Incineroar|Parting Shot|p1b: Hydreigon
|-unboost|p1b: Hydreigon|atk|1
|-unboost|p1b: Hydreigon|spa|1
|
|t:|1782504191
|switch|p2a: Farigiraf|Farigiraf, L50, M, shiny|74/100|[from] Parting Shot
|move|p1b: Hydreigon|Draco Meteor|p2a: Farigiraf
|-damage|p2a: Farigiraf|31/100
|-unboost|p1b: Hydreigon|spa|2
|
|upkeep
|turn|9
|
|t:|1782504224
|switch|p2a: Incineroar|Incineroar, L50, F|100/100
|-ability|p2a: Incineroar|Intimidate|boost
|-unboost|p1a: Metagross|atk|1
|-unboost|p1b: Hydreigon|atk|1
|switch|p1b: Pelipper|Pelipper, L50, F|100/100
|-weather|RainDance|[from] ability: Drizzle|[of] p1b: Pelipper
|detailschange|p2b: Drampa|Drampa-Mega, L50, F, shiny
|-mega|p2b: Drampa|Drampa|Drampanite
|move|p2b: Drampa|Earth Power|p1a: Metagross
|-supereffective|p1a: Metagross|1
|-damage|p1a: Metagross|0 fnt
|faint|p1a: Metagross
|
|-weather|RainDance|[upkeep]
|upkeep
|
|t:|1782504236
|switch|p1a: Hydreigon|Hydreigon, L50, F|100/100
|turn|10
|
|t:|1782504254
|move|p2b: Drampa|Draco Meteor|p1a: Hydreigon
|-supereffective|p1a: Hydreigon|1
|-damage|p1a: Hydreigon|0 fnt
|-unboost|p2b: Drampa|spa|2
|faint|p1a: Hydreigon
|move|p2a: Incineroar|Parting Shot|p1b: Pelipper
|-unboost|p1b: Pelipper|atk|1
|-unboost|p1b: Pelipper|spa|1
|
|t:|1782504262
|switch|p2a: Farigiraf|Farigiraf, L50, M, shiny|31/100|[from] Parting Shot
|move|p1b: Pelipper|Weather Ball|p2a: Farigiraf
|-damage|p2a: Farigiraf|0 fnt
|faint|p2a: Farigiraf
|
|-weather|RainDance|[upkeep]
|upkeep
|-message|AdaelVGC forfeited.
|
|win|pokeopposition
|l|☆AdaelVGC
|player|p1|
||AdaelVGC is ready for game 2.
||pokeopposition is ready for game 2.
|uhtml|next|Next: Game 2 of 3
