|j|‽ridgeydidge
|j|☆Grfhgf
|html|ridgeydidgeGrfhgf    
|uhtml|bestof|Game 1 of a best-of-3
|t:|1784615982
|gametype|doubles
|player|p1|ridgeydidge|169|1124
|player|p2|Grfhgf|265|1047
|gen|9
|tier|[Gen 9 Champions] VGC 2026 Reg M-B (Bo3)
|rated|
|rule|Species Clause: Limit one of each Pokémon
|rule|Item Clause: Limit 1 of each item
|clearpoke
|poke|p1|Araquanid, L50, F|
|poke|p1|Volcarona, L50, M|
|poke|p1|Vivillon-Pokeball, L50, M, shiny|
|poke|p1|Pinsir, L50, M|
|poke|p1|Ariados, L50, M|
|poke|p1|Kleavor, L50, M|
|poke|p2|Milotic, L50, M|
|poke|p2|Sinistcha-Masterpiece, L50|
|poke|p2|Ninetales-Alola, L50, F|
|poke|p2|Aggron, L50, M|
|poke|p2|Skeledirge, L50, F|
|poke|p2|Raichu, L50, M|
|teampreview|4
|showteam|p1|Araquanid||Leftovers|WaterBubble|Liquidation,LeechLife,AquaRing,WideGuard|Impish||F|||50|]Volcarona||ChartiBerry|FlameBody|Tailwind,BugBuzz,HeatWave,QuiverDance|Modest||M|||50|]Vivillon-Pokeball||FocusSash|CompoundEyes|Hurricane,SleepPowder,RagePowder,Protect|Timid||M|||50|]Pinsir||Pinsirite|HyperCutter|Feint,BodySlam,XScissor,Protect|Jolly||M|||50|]Ariados||OccaBerry|Swarm|NightShade,RagePowder,StickyWeb,StruggleBug|Bold||M|||50|]Kleavor||ChoiceScarf|Sharpness|StoneAxe,XScissor,NightSlash,Uturn|Jolly||M|||50|
|showteam|p2|Milotic||Leftovers|Competitive|Coil,MuddyWater,Hypnosis,Recover|Calm||M|||50|]Sinistcha-Masterpiece||FocusSash|Hospitality|MatchaGotcha,Protect,RagePowder,LifeDew|Modest|||||50|]Ninetales-Alola||LightClay|SnowWarning|AuroraVeil,Blizzard,Protect,DazzlingGleam|Modest||F|||50|]Aggron||Aggronite|RockHead|Earthquake,RockSlide,HeavySlam,Protect|Careful||M|||50|]Skeledirge||ChoiceScarf|Unaware|EarthPower,TorchSong,Yawn,ShadowBall|Timid||F|||50|]Raichu||RaichuniteY|LightningRod|FakeOut,ThunderWave,Thunderbolt,GrassKnot|Timid||M|||50|
|
|t:|1784616040
|teamsize|p1|4
|teamsize|p2|4
|start
|switch|p1a: Vivillon|Vivillon-Pokeball, L50, M, shiny|100/100
|switch|p1b: Kleavor|Kleavor, L50, M|100/100
|switch|p2a: Skeledirge|Skeledirge, L50, F|100/100
|switch|p2b: Ninetales|Ninetales-Alola, L50, F|100/100
|-weather|Snowscape|[from] ability: Snow Warning|[of] p2b: Ninetales
|turn|1
|inactive|Battle timer is ON: inactive players will automatically lose when time's up. (requested by ridgeydidge)
|inactive|Grfhgf has 60 seconds left.
|
|t:|1784616075
|move|p1b: Kleavor|Stone Axe|p2b: Ninetales
|-supereffective|p2b: Ninetales|1
|-damage|p2b: Ninetales|13/100
|-sidestart|p2: Grfhgf|move: Stealth Rock
|move|p2b: Ninetales|Aurora Veil|p2b: Ninetales
|-sidestart|p2: Grfhgf|move: Aurora Veil
|move|p1a: Vivillon|Sleep Powder|p2a: Skeledirge
|-status|p2a: Skeledirge|slp|[from] move: Sleep Powder
|cant|p2a: Skeledirge|slp
|
|-weather|Snowscape|[upkeep]
|upkeep
|turn|2
|
|t:|1784616095
|switch|p2b: Sinistcha|Sinistcha-Masterpiece, L50|100/100
|-damage|p2b: Sinistcha|87/100|[from] Stealth Rock
|move|p1b: Kleavor|Stone Axe|p2a: Skeledirge
|-supereffective|p2a: Skeledirge|1
|-damage|p2a: Skeledirge|27/100 slp
|move|p1a: Vivillon|Hurricane|p2b: Sinistcha
|-supereffective|p2b: Sinistcha|1
|-damage|p2b: Sinistcha|31/100
|cant|p2a: Skeledirge|slp
|
|-weather|Snowscape|[upkeep]
|upkeep
|turn|3
|
|t:|1784616115
|move|p2b: Sinistcha|Protect|p2b: Sinistcha
|-singleturn|p2b: Sinistcha|Protect
|move|p1b: Kleavor|Stone Axe|p2a: Skeledirge|[miss]
|-miss|p1b: Kleavor|p2a: Skeledirge
|move|p1a: Vivillon|Hurricane|p2b: Sinistcha
|-activate|p2b: Sinistcha|move: Protect
|-curestatus|p2a: Skeledirge|slp|[msg]
|move|p2a: Skeledirge|Torch Song|p1a: Vivillon
|-supereffective|p1a: Vivillon|1
|-enditem|p1a: Vivillon|Focus Sash
|-damage|p1a: Vivillon|1/100
|-boost|p2a: Skeledirge|spa|1
|
|-weather|Snowscape|[upkeep]
|upkeep
|turn|4
|
|t:|1784616132
|switch|p2b: Ninetales|Ninetales-Alola, L50, F|13/100
|-damage|p2b: Ninetales|0 fnt|[from] Stealth Rock
|faint|p2b: Ninetales
|move|p1b: Kleavor|Stone Axe|p2a: Skeledirge
|-supereffective|p2a: Skeledirge|1
|-damage|p2a: Skeledirge|0 fnt
|faint|p2a: Skeledirge
|move|p1a: Vivillon|Hurricane|p2: Skeledirge|[notarget]
|-fail|p1a: Vivillon
|
|-weather|Snowscape|[upkeep]
|upkeep
|
|t:|1784616142
|switch|p2b: Sinistcha|Sinistcha-Masterpiece, L50|31/100
|switch|p2a: Aggron|Aggron, L50, M|100/100
|-damage|p2b: Sinistcha|19/100|[from] Stealth Rock
|-damage|p2a: Aggron|93/100|[from] Stealth Rock
|-heal|p2a: Aggron|100/100|[from] ability: Hospitality|[of] p2b: Sinistcha
|turn|5
|
|t:|1784616159
|detailschange|p2a: Aggron|Aggron-Mega, L50, M
|-mega|p2a: Aggron|Aggron|Aggronite
|move|p2b: Sinistcha|Protect|p2b: Sinistcha
|-singleturn|p2b: Sinistcha|Protect
|move|p1b: Kleavor|Stone Axe|p2b: Sinistcha
|-activate|p2b: Sinistcha|move: Protect
|move|p1a: Vivillon|Sleep Powder|p2a: Aggron
|-status|p2a: Aggron|slp|[from] move: Sleep Powder
|cant|p2a: Aggron|slp
|
|-weather|none
|upkeep
|turn|6
|
|t:|1784616178
|move|p1b: Kleavor|Stone Axe|p2b: Sinistcha
|-damage|p2b: Sinistcha|0 fnt
|faint|p2b: Sinistcha
|move|p1a: Vivillon|Hurricane|p2a: Aggron
|-resisted|p2a: Aggron|1
|-damage|p2a: Aggron|88/100 slp
|-start|p2a: Aggron|confusion
|-curestatus|p2a: Aggron|slp|[msg]
|-activate|p2a: Aggron|confusion
|-damage|p2a: Aggron|81/100|[from] confusion
|
|upkeep
|turn|7
|
|t:|1784616190
|switch|p1b: Volcarona|Volcarona, L50, M|100/100
|move|p1a: Vivillon|Sleep Powder|p2a: Aggron
|-status|p2a: Aggron|slp|[from] move: Sleep Powder
|cant|p2a: Aggron|slp
|
|upkeep
|turn|8
|-message|Grfhgf forfeited.
|
|win|ridgeydidge
|l|☆Grfhgf
|player|p2|
|raw|ridgeydidge's rating: 1124 → 1144(+20 for winning)
|raw|Grfhgf's rating: 1047 → 1034(-13 for losing)
