|j|☆Truevillany123
|j|☆volcanicrj
|html|Truevillany123volcanicrj    
|uhtml|bestof|Game 1 of a best-of-3
|t:|1757727104
|gametype|doubles
|player|p1|Truevillany123|266|1103
|player|p2|volcanicrj|flannery|1040
|gen|9
|tier|[Gen 9] VGC 2025 Reg H (Bo3)
|rated|
|rule|Species Clause: Limit one of each Pokémon
|rule|Item Clause: Limit 1 of each item
|clearpoke
|poke|p1|Dragonite, L50, M|
|poke|p1|Ursaluna-Bloodmoon, L50, M|
|poke|p1|Gholdengo, L50|
|poke|p1|Annihilape, L50, F|
|poke|p1|Ninetales-Alola, L50, F|
|poke|p1|Rillaboom, L50, F|
|poke|p2|Toxtricity-Low-Key, L50, F|
|poke|p2|Kommo-o, L50, F|
|poke|p2|Sinistcha, L50|
|poke|p2|Murkrow, L50, M|
|poke|p2|Samurott-Hisui, L50, F|
|poke|p2|Incineroar, L50, F|
|teampreview|4
|showteam|p1|Dragonite||LoadedDice|Multiscale|ScaleShot,Protect,Haze,Tailwind|||M|||50|,,,,,Fairy]Ursaluna-Bloodmoon||LifeOrb|MindsEye|BloodMoon,HyperVoice,EarthPower,Protect|||M|||50|,,,,,Normal]Gholdengo||ChoiceSpecs|GoodasGold|MakeItRain,ShadowBall,Protect,NastyPlot||||||50|,,,,,Water]Annihilape||SafetyGoggles|Defiant|DrainPunch,RageFist,Protect,BulkUp|||F|||50|,,,,,Fire]Ninetales-Alola||FocusSash|SnowWarning|FreezeDry,AuroraVeil,Encore,IcicleSpear|||F|||50|,,,,,Ghost]Rillaboom||AssaultVest|GrassySurge|FakeOut,WoodHammer,HighHorsepower,Uturn|||F|||50|,,,,,Fire
|showteam|p2|Toxtricity-Low-Key||ChoiceSpecs|PunkRock|Overdrive,Boomburst,SludgeBomb,VoltSwitch|||F|||50|,,,,,Normal]Kommo-o||ThroatSpray|Soundproof|ClangorousSoul,ClangingScales,Flamethrower,Protect|||F|||50|,,,,,Fire]Sinistcha||RockyHelmet|Hospitality|MatchaGotcha,RagePowder,TrickRoom,Protect||||||50|,,,,,Water]Murkrow||Eviolite|Prankster|Tailwind,Quash,Haze,BraveBird|||M|||50|,,,,,Ghost]Samurott-Hisui||AssaultVest|Sharpness|AquaCutter,CeaselessEdge,SuckerPunch,SacredSword|||F|||50|,,,,,Grass]Incineroar||SafetyGoggles|Intimidate|FlareBlitz,FakeOut,PartingShot,KnockOff|||F|||50|,,,,,Ghost
|inactive|Battle timer is ON: inactive players will automatically lose when time's up. (requested by volcanicrj)
|inactive|volcanicrj has 60 seconds left.
|
|t:|1757727139
|teamsize|p1|4
|teamsize|p2|4
|start
|switch|p1a: Ninetales|Ninetales-Alola, L50, F|100/100
|switch|p1b: Annihilape|Annihilape, L50, F|100/100
|switch|p2a: Kendrick Lamar|Incineroar, L50, F|100/100
|switch|p2b: Tyler The Creator|Murkrow, L50, M|100/100
|-weather|Snowscape|[from] ability: Snow Warning|[of] p1a: Ninetales
|-ability|p2a: Kendrick Lamar|Intimidate|boost
|-unboost|p1a: Ninetales|atk|1
|-unboost|p1b: Annihilape|atk|1
|-ability|p1b: Annihilape|Defiant|boost
|-boost|p1b: Annihilape|atk|2
|turn|1
|inactive|volcanicrj has 30 seconds left.
|inactive|Truevillany123 has 30 seconds left.
|inactive|volcanicrj has 20 seconds left.
|inactive|volcanicrj has 15 seconds left.
|inactive|volcanicrj has 10 seconds left.
|
|t:|1757727188
|-terastallize|p2a: Kendrick Lamar|Ghost
|move|p1b: Annihilape|Protect|p1b: Annihilape
|-singleturn|p1b: Annihilape|Protect
|move|p2b: Tyler The Creator|Tailwind|p2b: Tyler The Creator
|-sidestart|p2: volcanicrj|move: Tailwind
|move|p1a: Ninetales|Encore|p2b: Tyler The Creator
|-start|p2b: Tyler The Creator|Encore
|move|p2a: Kendrick Lamar|Flare Blitz|p1a: Ninetales
|-supereffective|p1a: Ninetales
|-enditem|p1a: Ninetales|Focus Sash
|-damage|p1a: Ninetales|1/100
|-damage|p2a: Kendrick Lamar|75/100|[from] Recoil
|
|-weather|Snowscape|[upkeep]
|upkeep
|turn|2
|
|t:|1757727209
|switch|p2b: Mikey Way|Samurott-Hisui, L50, F|100/100
|move|p1a: Ninetales|Icicle Spear|p1b: Annihilape
|-damage|p1b: Annihilape|96/100
|-damage|p1b: Annihilape|91/100
|-damage|p1b: Annihilape|87/100
|-hitcount|p1b: Annihilape|3
|move|p2a: Kendrick Lamar|Knock Off|p1b: Annihilape
|-damage|p1b: Annihilape|39/100
|-enditem|p1b: Annihilape|Safety Goggles|[from] move: Knock Off|[of] p2a: Kendrick Lamar
|move|p1b: Annihilape|Rage Fist|p2a: Kendrick Lamar
|-supereffective|p2a: Kendrick Lamar
|-damage|p2a: Kendrick Lamar|0 fnt
|faint|p2a: Kendrick Lamar
|
|-weather|Snowscape|[upkeep]
|upkeep
|
|t:|1757727224
|switch|p2a: Gerard Way|Toxtricity-Low-Key, L50, F|100/100
|turn|3
|
|t:|1757727233
|switch|p1a: Rillaboom|Rillaboom, L50, F|100/100
|-fieldstart|move: Grassy Terrain|[from] ability: Grassy Surge|[of] p1a: Rillaboom
|move|p1b: Annihilape|Protect|p1b: Annihilape
|-singleturn|p1b: Annihilape|Protect
|move|p2b: Mikey Way|Sucker Punch||[still]
|-fail|p2b: Mikey Way
|move|p2a: Gerard Way|Overdrive|p1b: Annihilape|[spread] p1a
|-activate|p1b: Annihilape|move: Protect
|-resisted|p1a: Rillaboom
|-damage|p1a: Rillaboom|80/100
|
|-weather|Snowscape|[upkeep]
|-heal|p1b: Annihilape|45/100|[from] Grassy Terrain
|-heal|p1a: Rillaboom|86/100|[from] Grassy Terrain
|upkeep
|turn|4
|inactive|Truevillany123 has 30 seconds left.
|
|t:|1757727267
|switch|p2b: Tyler The Creator|Murkrow, L50, M|100/100
|move|p1a: Rillaboom|Fake Out|p2a: Gerard Way
|-damage|p2a: Gerard Way|83/100
|cant|p2a: Gerard Way|flinch
|move|p1b: Annihilape|Bulk Up|p1b: Annihilape
|-boost|p1b: Annihilape|atk|1
|-boost|p1b: Annihilape|def|1
|
|-weather|Snowscape|[upkeep]
|-heal|p2a: Gerard Way|89/100|[from] Grassy Terrain
|-heal|p1b: Annihilape|51/100|[from] Grassy Terrain
|-heal|p1a: Rillaboom|92/100|[from] Grassy Terrain
|-sideend|p2: volcanicrj|move: Tailwind
|upkeep
|turn|5
|
|t:|1757727280
|move|p1b: Annihilape|Protect|p1b: Annihilape
|-singleturn|p1b: Annihilape|Protect
|move|p1a: Rillaboom|High Horsepower|p2a: Gerard Way
|-supereffective|p2a: Gerard Way
|-crit|p2a: Gerard Way
|-damage|p2a: Gerard Way|0 fnt
|faint|p2a: Gerard Way
|move|p2b: Tyler The Creator|Brave Bird|p1b: Annihilape
|-activate|p1b: Annihilape|move: Protect
|
|-weather|none
|-heal|p1b: Annihilape|58/100|[from] Grassy Terrain
|-heal|p1a: Rillaboom|98/100|[from] Grassy Terrain
|upkeep
|
|t:|1757727289
|switch|p2a: Mikey Way|Samurott-Hisui, L50, F|100/100
|turn|6
|inactive|Truevillany123 has 30 seconds left.
|inactive|Truevillany123 has 20 seconds left.
|
|t:|1757727326
|move|p2a: Mikey Way|Sucker Punch|p1b: Annihilape
|-damage|p1b: Annihilape|32/100
|move|p1b: Annihilape|Drain Punch|p2b: Tyler The Creator
|-damage|p2b: Tyler The Creator|35/100
|-heal|p1b: Annihilape|58/100|[from] drain|[of] p2b: Tyler The Creator
|move|p1a: Rillaboom|Wood Hammer|p2a: Mikey Way
|-supereffective|p2a: Mikey Way
|-damage|p2a: Mikey Way|0 fnt
|faint|p2a: Mikey Way
|-damage|p1a: Rillaboom|67/100|[from] Recoil
|move|p2b: Tyler The Creator|Brave Bird|p1a: Rillaboom
|-supereffective|p1a: Rillaboom
|-damage|p1a: Rillaboom|0 fnt
|faint|p1a: Rillaboom
|-damage|p2b: Tyler The Creator|10/100|[from] Recoil
|
|-heal|p1b: Annihilape|64/100|[from] Grassy Terrain
|upkeep
|
|t:|1757727345
|switch|p1a: Ninetales|Ninetales-Alola, L50, F|1/100
|-weather|Snowscape|[from] ability: Snow Warning|[of] p1a: Ninetales
|turn|7
|
|t:|1757727350
|move|p1a: Ninetales|Freeze-Dry|p2b: Tyler The Creator
|-supereffective|p2b: Tyler The Creator
|-damage|p2b: Tyler The Creator|0 fnt
|faint|p2b: Tyler The Creator
|
|win|Truevillany123
||volcanicrj is ready for game 2.
|inactive|Truevillany123 has 30 seconds to confirm battle start!
|inactive|Truevillany123 has 20 seconds to confirm battle start!
|inactive|Truevillany123 has 10 seconds to confirm battle start!
||Truevillany123 is ready for game 2.
|uhtml|next|Next: Game 2 of 3
|l|☆volcanicrj
|player|p2|
