|j|вҳҶApostrofoRosaVGC
|j|вҳҶar1stoteles vgc
|html|ApostrofoRosaVGCar1stoteles vgc    
|uhtml|bestof|Game 1 of a best-of-3
|t:|1756313826
|gametype|doubles
|player|p1|ApostrofoRosaVGC|101|1141
|player|p2|ar1stoteles vgc|wallace|1141
|gen|9
|tier|[Gen 9] VGC 2025 Reg H (Bo3)
|rated|
|rule|Species Clause: Limit one of each PokГ©mon
|rule|Item Clause: Limit 1 of each item
|clearpoke
|poke|p1|Charizard, L50, M|
|poke|p1|Ursaluna, L50, M|
|poke|p1|Torkoal, L50, M|
|poke|p1|Porygon2, L50|
|poke|p1|Incineroar, L50, M|
|poke|p1|Jumpluff, L50, M|
|poke|p2|Indeedee-F, L50, F|
|poke|p2|Hatterene, L50, F|
|poke|p2|Gallade, L50, M|
|poke|p2|Ursaluna, L50, M|
|poke|p2|Lilligant-Hisui, L50, F|
|poke|p2|Torkoal, L50, M|
|teampreview|4
|showteam|p1|Charizard||ChoiceSpecs|SolarPower|Overheat,AirSlash,WeatherBall,HeatWave|||M|||50|,,,,,Ghost]Ursaluna||FlameOrb|Guts|HeadlongRush,Facade,Earthquake,Protect|||M|||50|,,,,,Ghost]Torkoal||EjectPack|Drought|Overheat,Eruption,HelpingHand,Protect|||M|||50|,,,,,Fire]Porygon2||Eviolite|Download|TeraBlast,IceBeam,Recover,TrickRoom||||||50|,,,,,Fighting]Incineroar||SitrusBerry|Intimidate|FlareBlitz,KnockOff,FakeOut,PartingShot|||M|||50|,,,,,Ghost]Jumpluff||CovertCloak|Chlorophyll|SleepPowder,RagePowder,Tailwind,SunnyDay|||M|||50|,,,,,Water
|showteam|p2|Indeedee-F||PsychicSeed|PsychicSurge|TrickRoom,FollowMe,HelpingHand,DazzlingGleam|||F|||50|,,,,,Fire]Hatterene||LifeOrb|MagicBounce|ExpandingForce,TrickRoom,DazzlingGleam,Protect|||F|||50|,,,,,Psychic]Gallade||ClearAmulet|Sharpness|PsychoCut,TrickRoom,SacredSword,WideGuard|||M|||50|,,,,,Grass]Ursaluna||FlameOrb|Guts|HeadlongRush,Facade,SwordsDance,Protect|||M|||50|,,,,,Ghost]Lilligant-Hisui||FocusSash|Chlorophyll|SolarBlade,SleepPowder,CloseCombat,AfterYou|||F|||50|,,,,,Ghost]Torkoal||ChoiceSpecs|Drought|Eruption,HeatWave,WeatherBall,EarthPower|||M|||50|,,,,,Fire
|inactive|Battle timer is ON: inactive players will automatically lose when time's up. (requested by ar1stoteles vgc)
|
|t:|1756313848
|teamsize|p1|4
|teamsize|p2|4
|start
|switch|p1a: Charizard|Charizard, L50, M|100/100
|switch|p1b: Ursaluna|Ursaluna, L50, M|100/100
|switch|p2a: зҙ«з«Ҫи¶…еҸҜж„ӣ|Indeedee-F, L50, F, shiny|100/100
|switch|p2b: зҙ«з«ҪеҘҪеҸҜж„ӣ|Lilligant-Hisui, L50, F, shiny|100/100
|-fieldstart|move: Psychic Terrain|[from] ability: Psychic Surge|[of] p2a: зҙ«з«Ҫи¶…еҸҜж„ӣ
|-enditem|p2a: зҙ«з«Ҫи¶…еҸҜж„ӣ|Psychic Seed
|-boost|p2a: зҙ«з«Ҫи¶…еҸҜж„ӣ|spd|1|[from] item: Psychic Seed
|turn|1
|inactive|ar1stoteles vgc has 30 seconds left.
|
|t:|1756313879
|move|p1b: Ursaluna|Protect|p1b: Ursaluna
|-singleturn|p1b: Ursaluna|Protect
|move|p2b: зҙ«з«ҪеҘҪеҸҜж„ӣ|Sleep Powder|p1b: Ursaluna
|-activate|p1b: Ursaluna|move: Protect
|move|p1a: Charizard|Heat Wave|p2b: зҙ«з«ҪеҘҪеҸҜж„ӣ|[spread] p2a
|-miss|p1a: Charizard|p2b: зҙ«з«ҪеҘҪеҸҜж„ӣ
|-damage|p2a: зҙ«з«Ҫи¶…еҸҜж„ӣ|72/100
|move|p2a: зҙ«з«Ҫи¶…еҸҜж„ӣ|Trick Room|p2a: зҙ«з«Ҫи¶…еҸҜж„ӣ
|-fieldstart|move: Trick Room|[of] p2a: зҙ«з«Ҫи¶…еҸҜж„ӣ
|
|-status|p1b: Ursaluna|brn|[from] item: Flame Orb
|upkeep
|turn|2
|
|t:|1756313895
|move|p2a: зҙ«з«Ҫи¶…еҸҜж„ӣ|Dazzling Gleam|p1a: Charizard|[spread] p1a,p1b
|-resisted|p1a: Charizard
|-damage|p1a: Charizard|91/100
|-damage|p1b: Ursaluna|89/100 brn
|move|p1b: Ursaluna|Earthquake|p2b: зҙ«з«ҪеҘҪеҸҜж„ӣ|[spread] p2a,p2b
|-immune|p1a: Charizard
|-resisted|p2b: зҙ«з«ҪеҘҪеҸҜж„ӣ
|-damage|p2a: зҙ«з«Ҫи¶…еҸҜж„ӣ|7/100
|-damage|p2b: зҙ«з«ҪеҘҪеҸҜж„ӣ|49/100
|move|p1a: Charizard|Heat Wave|p2b: зҙ«з«ҪеҘҪеҸҜж„ӣ|[spread] p2a,p2b
|-supereffective|p2b: зҙ«з«ҪеҘҪеҸҜж„ӣ
|-damage|p2a: зҙ«з«Ҫи¶…еҸҜж„ӣ|0 fnt
|-damage|p2b: зҙ«з«ҪеҘҪеҸҜж„ӣ|0 fnt
|faint|p2a: зҙ«з«Ҫи¶…еҸҜж„ӣ
|faint|p2b: зҙ«з«ҪеҘҪеҸҜж„ӣ
|
|-damage|p1b: Ursaluna|83/100 brn|[from] brn
|upkeep
|
|t:|1756313899
|switch|p2a: зҙ«з«Ҫж•ІеҸҜж„ӣ|Hatterene, L50, F, shiny|100/100
|switch|p2b: еӨӘжЁӮе·ҙжҲҲж–Ҝ|Torkoal, L50, M, shiny|100/100
|-weather|SunnyDay|[from] ability: Drought|[of] p2b: еӨӘжЁӮе·ҙжҲҲж–Ҝ
|turn|3
|
|t:|1756313921
|-terastallize|p2a: зҙ«з«Ҫж•ІеҸҜж„ӣ|Psychic
|move|p1b: Ursaluna|Protect|p1b: Ursaluna
|-singleturn|p1b: Ursaluna|Protect
|move|p2b: еӨӘжЁӮе·ҙжҲҲж–Ҝ|Eruption|p1a: Charizard|[spread] p1a
|-activate|p1b: Ursaluna|move: Protect
|-resisted|p1a: Charizard
|-damage|p1a: Charizard|21/100
|move|p2a: зҙ«з«Ҫж•ІеҸҜж„ӣ|Expanding Force|p1a: Charizard|[spread] p1a
|-activate|p1b: Ursaluna|move: Protect
|-damage|p1a: Charizard|0 fnt
|faint|p1a: Charizard
|-damage|p2a: зҙ«з«Ҫж•ІеҸҜж„ӣ|91/100|[from] item: Life Orb
|
|-weather|SunnyDay|[upkeep]
|-damage|p1b: Ursaluna|77/100 brn|[from] brn
|upkeep
|
|t:|1756313934
|switch|p1a: Torkoal|Torkoal, L50, M|100/100
|turn|4
|
|t:|1756313947
|switch|p1b: Incineroar|Incineroar, L50, M|100/100
|-ability|p1b: Incineroar|Intimidate|boost
|-unboost|p2a: зҙ«з«Ҫж•ІеҸҜж„ӣ|atk|1
|-unboost|p2b: еӨӘжЁӮе·ҙжҲҲж–Ҝ|atk|1
|-terastallize|p1a: Torkoal|Fire
|move|p2a: зҙ«з«Ҫж•ІеҸҜж„ӣ|Protect|p2a: зҙ«з«Ҫж•ІеҸҜж„ӣ
|-singleturn|p2a: зҙ«з«Ҫж•ІеҸҜж„ӣ|Protect
|move|p2b: еӨӘжЁӮе·ҙжҲҲж–Ҝ|Eruption|p1a: Torkoal|[spread] p1a,p1b
|-resisted|p1a: Torkoal
|-resisted|p1b: Incineroar
|-damage|p1a: Torkoal|24/100
|-damage|p1b: Incineroar|51/100
|move|p1a: Torkoal|Overheat|p2a: зҙ«з«Ҫж•ІеҸҜж„ӣ
|-activate|p2a: зҙ«з«Ҫж•ІеҸҜж„ӣ|move: Protect
|
|-weather|SunnyDay|[upkeep]
|upkeep
|turn|5
|
|t:|1756313969
|move|p1a: Torkoal|Protect|p1a: Torkoal
|-singleturn|p1a: Torkoal|Protect
|move|p2b: еӨӘжЁӮе·ҙжҲҲж–Ҝ|Eruption|p1a: Torkoal|[spread] p1b
|-activate|p1a: Torkoal|move: Protect
|-resisted|p1b: Incineroar
|-crit|p1b: Incineroar
|-damage|p1b: Incineroar|0 fnt
|faint|p1b: Incineroar
|move|p2a: зҙ«з«Ҫж•ІеҸҜж„ӣ|Dazzling Gleam|p1a: Torkoal
|-activate|p1a: Torkoal|move: Protect
|
|-weather|SunnyDay|[upkeep]
|-fieldend|move: Trick Room
|-fieldend|move: Psychic Terrain
|upkeep
|
|t:|1756313979
|switch|p1b: Ursaluna|Ursaluna, L50, M|77/100 brn
|turn|6
|
|t:|1756313991
|move|p1a: Torkoal|Helping Hand|p1b: Ursaluna
|-singleturn|p1b: Ursaluna|Helping Hand|[of] p1a: Torkoal
|move|p1b: Ursaluna|Earthquake|p2b: еӨӘжЁӮе·ҙжҲҲж–Ҝ|[spread] p1a,p2a,p2b
|-supereffective|p1a: Torkoal
|-supereffective|p2b: еӨӘжЁӮе·ҙжҲҲж–Ҝ
|-damage|p1a: Torkoal|0 fnt
|-damage|p2a: зҙ«з«Ҫж•ІеҸҜж„ӣ|0 fnt
|-damage|p2b: еӨӘжЁӮе·ҙжҲҲж–Ҝ|0 fnt
|faint|p1a: Torkoal
|faint|p2a: зҙ«з«Ҫж•ІеҸҜж„ӣ
|faint|p2b: еӨӘжЁӮе·ҙжҲҲж–Ҝ
|
|win|ApostrofoRosaVGC
