|j|☆azuredreamer vg
|j|☆The median voter
|html|azuredreamer vgThe median voter    
|uhtml|bestof|Game 3 of a best-of-3
|t:|1756672329
|gametype|doubles
|player|p1|azuredreamer vg|169|1315
|player|p2|The median voter|scientist-gen4dp|1252
|gen|9
|tier|[Gen 9] VGC 2025 Reg H (Bo3)
|rated|
|rule|Species Clause: Limit one of each Pokémon
|rule|Item Clause: Limit 1 of each item
|clearpoke
|poke|p1|Annihilape, L50, F|
|poke|p1|Archaludon, L50, F|
|poke|p1|Whimsicott, L50, M|
|poke|p1|Pelipper, L50, M|
|poke|p1|Indeedee, L50, M|
|poke|p1|Sneasler, L50, F|
|poke|p2|Sneasler, L50, F|
|poke|p2|Indeedee, L50, M|
|poke|p2|Volcarona, L50, F|
|poke|p2|Annihilape, L50, M|
|poke|p2|Tyranitar, L50, M|
|poke|p2|Excadrill, L50, M|
|teampreview|4
|showteam|p1|Annihilape||ChoiceScarf|Defiant|FinalGambit,RageFist,Uturn,CloseCombat|||F|||50|,,,,,Grass]Archaludon||AssaultVest|Stamina|BodyPress,FlashCannon,ElectroShot,DracoMeteor|||F|||50|,,,,,Water]Whimsicott||CovertCloak|Prankster|Moonblast,BeatUp,Tailwind,Taunt|||M|||50|,,,,,Ghost]Pelipper||SafetyGoggles|Drizzle|WeatherBall,Hurricane,Tailwind,Protect|||M|||50|,,,,,Ground]Indeedee||FocusSash|PsychicSurge|ExpandingForce,TeraBlast,TrickRoom,Protect|||M|||50|,,,,,Fairy]Sneasler||PsychicSeed|Unburden|DireClaw,ThroatChop,CloseCombat,Protect|||F|||50|,,,,,Dark
|showteam|p2|Sneasler||PsychicSeed|Unburden|CloseCombat,DireClaw,ThroatChop,Protect|||F|||50|,,,,,Dark]Indeedee||ChoiceScarf|PsychicSurge|ExpandingForce,TeraBlast,Trick,SkillSwap|||M|||50|,,,,,Psychic]Volcarona||SitrusBerry|FlameBody|Overheat,StruggleBug,RagePowder,Tailwind|||F|||50|,,,,,Grass]Annihilape||SafetyGoggles|Defiant|CloseCombat,RageFist,Taunt,FinalGambit|||M|||50|,,,,,Fire]Tyranitar||AssaultVest|SandStream|RockSlide,KnockOff,TeraBlast,LowKick|||M|||50|,,,,,Flying]Excadrill||FocusSash|SandRush|IronHead,Protect,Earthquake,HighHorsepower|||M|||50|,,,,,Ground
|inactive|Battle timer is ON: inactive players will automatically lose when time's up. (requested by azuredreamer vg)
|
|t:|1756672356
|teamsize|p1|4
|teamsize|p2|4
|start
|switch|p1a: Annihilape|Annihilape, L50, F|100/100
|switch|p1b: Whimsicott|Whimsicott, L50, M|100/100
|switch|p2a: Volcarona|Volcarona, L50, F|100/100
|switch|p2b: Sneasler|Sneasler, L50, F|100/100
|turn|1
|inactive|azuredreamer vg has 30 seconds left.
|
|t:|1756672389
|switch|p2a: Indeedee|Indeedee, L50, M|100/100
|-fieldstart|move: Psychic Terrain|[from] ability: Psychic Surge|[of] p2a: Indeedee
|-enditem|p2b: Sneasler|Psychic Seed
|-boost|p2b: Sneasler|spd|1|[from] item: Psychic Seed
|move|p1b: Whimsicott|Tailwind|p1b: Whimsicott
|-sidestart|p1: azuredreamer vg|move: Tailwind
|move|p1a: Annihilape|Final Gambit|p2b: Sneasler
|-damage|p2b: Sneasler|0 fnt
|faint|p1a: Annihilape
|faint|p2b: Sneasler
|
|upkeep
|
|t:|1756672401
|switch|p2b: Volcarona|Volcarona, L50, F|100/100
|switch|p1a: Sneasler|Sneasler, L50, F, shiny|100/100
|-enditem|p1a: Sneasler|Psychic Seed
|-boost|p1a: Sneasler|spd|1|[from] item: Psychic Seed
|turn|2
|
|t:|1756672425
|-terastallize|p1a: Sneasler|Dark
|move|p2b: Volcarona|Rage Powder|p2b: Volcarona
|-singleturn|p2b: Volcarona|move: Rage Powder
|move|p1a: Sneasler|Dire Claw|p2b: Volcarona
|-damage|p2b: Volcarona|43/100
|-enditem|p2b: Volcarona|Sitrus Berry|[eat]
|-heal|p2b: Volcarona|68/100|[from] item: Sitrus Berry
|move|p1b: Whimsicott|Moonblast|p2a: Indeedee
|-damage|p2a: Indeedee|48/100
|-unboost|p2a: Indeedee|spa|1
|move|p2a: Indeedee|Expanding Force|p1b: Whimsicott|[spread] p1b
|-immune|p1a: Sneasler
|-crit|p1b: Whimsicott
|-damage|p1b: Whimsicott|0 fnt
|faint|p1b: Whimsicott
|
|upkeep
|
|t:|1756672440
|switch|p1b: Indeedee|Indeedee, L50, M|100/100
|turn|3
|inactive|azuredreamer vg has 30 seconds left.
|inactive|The median voter has 30 seconds left.
|
|t:|1756672476
|switch|p2a: Tyranitar|Tyranitar, L50, M|100/100
|-weather|Sandstorm|[from] ability: Sand Stream|[of] p2a: Tyranitar
|move|p1a: Sneasler|Dire Claw|p2b: Volcarona
|-damage|p2b: Volcarona|15/100
|-status|p2b: Volcarona|slp
|move|p1b: Indeedee|Expanding Force|p2b: Volcarona|[spread] p2b
|-immune|p2a: Tyranitar
|-damage|p2b: Volcarona|0 fnt
|faint|p2b: Volcarona
|
|-weather|Sandstorm|[upkeep]
|-damage|p1a: Sneasler|94/100|[from] Sandstorm
|-damage|p1b: Indeedee|95/100|[from] Sandstorm
|upkeep
|
|t:|1756672486
|switch|p2b: Indeedee|Indeedee, L50, M|48/100
|turn|4
|inactive|azuredreamer vg has 30 seconds left.
|inactive|The median voter has 30 seconds left.
|
|t:|1756672517
|-terastallize|p2a: Tyranitar|Flying
|move|p1a: Sneasler|Dire Claw|p2b: Indeedee
|-damage|p2b: Indeedee|0 fnt
|faint|p2b: Indeedee
|move|p1b: Indeedee|Expanding Force|p2a: Tyranitar
|-damage|p2a: Tyranitar|58/100
|move|p2a: Tyranitar|Rock Slide|p1b: Indeedee|[spread] p1a
|-miss|p2a: Tyranitar|p1b: Indeedee
|-damage|p1a: Sneasler|39/100
|
|-weather|Sandstorm|[upkeep]
|-damage|p1a: Sneasler|33/100|[from] Sandstorm
|-damage|p1b: Indeedee|89/100|[from] Sandstorm
|-damage|p2a: Tyranitar|52/100|[from] Sandstorm
|-sideend|p1: azuredreamer vg|move: Tailwind
|upkeep
|turn|5
|
|t:|1756672529
|move|p1a: Sneasler|Dire Claw|p2a: Tyranitar
|-damage|p2a: Tyranitar|13/100
|-status|p2a: Tyranitar|slp
|move|p1b: Indeedee|Expanding Force|p2a: Tyranitar
|-damage|p2a: Tyranitar|0 fnt
|faint|p2a: Tyranitar
|
|win|azuredreamer vg
|raw|azuredreamer vg's rating: 1315 → 1331(+16 for winning)
|raw|The median voter's rating: 1252 → 1231(-21 for losing)
|c|☆azuredreamer vg|gg
