|j|☆Axo of DOOM
|j|☆sopa de moscas
|html|Axo of DOOMsopa de moscas    
|uhtml|bestof|Game 1 of a best-of-3
|t:|1783285082
|gametype|doubles
|player|p1|Axo of DOOM|crasherwake|1309
|player|p2|sopa de moscas|miku-ghost|1310
|gen|9
|tier|[Gen 9 Champions] VGC 2026 Reg M-B (Bo3)
|rated|
|rule|Species Clause: Limit one of each Pokémon
|rule|Item Clause: Limit 1 of each item
|clearpoke
|poke|p1|Blastoise, L50, M|
|poke|p1|Sneasler, L50, F|
|poke|p1|Delphox, L50, M|
|poke|p1|Kingambit, L50, F|
|poke|p1|Sinistcha, L50|
|poke|p1|Incineroar, L50, F|
|poke|p2|Incineroar, L50, F|
|poke|p2|Farigiraf, L50, F|
|poke|p2|Torkoal, L50, F|
|poke|p2|Floette-Eternal, L50, F|
|poke|p2|Maushold-Four, L50|
|poke|p2|Golurk, L50|
|teampreview|4
|showteam|p1|Blastoise||Blastoisinite|Torrent|DarkPulse,WaterSpout,ShellSmash,Protect|Modest||M|||50|]Sneasler||FocusSash|PoisonTouch|PoisonJab,CloseCombat,FakeOut,QuickGuard|Jolly||F|||50|]Delphox||Delphoxite|Blaze|HeatWave,NastyPlot,Psyshock,Protect|Timid||M|||50|]Kingambit||BlackGlasses|Defiant|KowtowCleave,SuckerPunch,SwordsDance,Protect|Adamant||F|||50|]Sinistcha||KasibBerry|Hospitality|MatchaGotcha,RagePowder,TrickRoom,Protect|Bold|||||50|]Incineroar||SitrusBerry|Intimidate|FlareBlitz,HelpingHand,PartingShot,FakeOut|Careful||F|||50|
|showteam|p2|Incineroar||ChopleBerry|Intimidate|ThroatChop,FakeOut,FlareBlitz,PartingShot|Careful||F|||50|]Farigiraf||SitrusBerry|ArmorTail|Thunderbolt,Psychic,TrickRoom,Protect|Sassy||F|||50|]Torkoal||Charcoal|Drought|Eruption,HeatWave,WeatherBall,Protect|Quiet||F|||50|]Floette-Eternal||Floettite|FlowerVeil|Moonblast,DazzlingGleam,LightofRuin,Protect|Modest||F|||50|]Maushold-Four||WideLens|Technician|PopulationBomb,FollowMe,HelpingHand,Protect|Jolly|||||50|]Golurk||LifeOrb|NoGuard|HeadlongRush,Poltergeist,Protect,StoneEdge|Brave|||||50|
|inactive|Battle timer is ON: inactive players will automatically lose when time's up. (requested by sopa de moscas)
|
|t:|1783285110
|teamsize|p1|4
|teamsize|p2|4
|start
|switch|p1a: Sneasler|Sneasler, L50, F|100/100
|switch|p1b: Kingambit|Kingambit, L50, F|100/100
|switch|p2a: Incineroar|Incineroar, L50, F|100/100
|switch|p2b: Farigiraf|Farigiraf, L50, F|100/100
|-ability|p2a: Incineroar|Intimidate|boost
|-unboost|p1a: Sneasler|atk|1
|-unboost|p1b: Kingambit|atk|1
|-ability|p1b: Kingambit|Defiant|boost
|-boost|p1b: Kingambit|atk|2
|turn|1
|inactive|sopa de moscas has 30 seconds left.
|
|t:|1783285137
|move|p1a: Sneasler|Quick Guard|p1a: Sneasler
|-singleturn|p1a: Sneasler|Quick Guard
|move|p2a: Incineroar|Fake Out|p1b: Kingambit
|-activate|p1b: Kingambit|move: Quick Guard
|move|p1b: Kingambit|Kowtow Cleave|p2b: Farigiraf
|-supereffective|p2b: Farigiraf|1
|-damage|p2b: Farigiraf|0 fnt
|faint|p2b: Farigiraf
|
|upkeep
|
|t:|1783285151
|switch|p2b: Floette|Floette-Eternal, L50, F|100/100
|turn|2
|inactive|Axo of DOOM has 30 seconds left.
|
|t:|1783285182
|switch|p1a: Incineroar|Incineroar, L50, F|100/100
|-ability|p1a: Incineroar|Intimidate|boost
|-unboost|p2a: Incineroar|atk|1
|-unboost|p2b: Floette|atk|1
|detailschange|p2b: Floette|Floette-Mega, L50, F
|-mega|p2b: Floette|Floette|Floettite
|-ability|p2b: Floette|Fairy Aura
|move|p2b: Floette|Protect|p2b: Floette
|-singleturn|p2b: Floette|Protect
|move|p2a: Incineroar|Flare Blitz|p1b: Kingambit
|-supereffective|p1b: Kingambit|1
|-damage|p1b: Kingambit|50/100g
|-damage|p2a: Incineroar|83/100|[from] Recoil
|move|p1b: Kingambit|Kowtow Cleave|p2b: Floette
|-activate|p2b: Floette|move: Protect
|
|upkeep
|turn|3
|inactive|Axo of DOOM has 30 seconds left.
|inactive|sopa de moscas has 30 seconds left.
|
|t:|1783285215
|move|p2b: Floette|Dazzling Gleam|p1b: Kingambit|[spread] p1a,p1b
|-damage|p1a: Incineroar|58/100
|-damage|p1b: Kingambit|6/100
|move|p1a: Incineroar|Flare Blitz|p2b: Floette
|-damage|p2b: Floette|44/100
|-damage|p1a: Incineroar|42/100|[from] Recoil
|-enditem|p1a: Incineroar|Sitrus Berry|[eat]
|-heal|p1a: Incineroar|67/100|[from] item: Sitrus Berry
|move|p2a: Incineroar|Flare Blitz|p1b: Kingambit
|-supereffective|p1b: Kingambit|1
|-damage|p1b: Kingambit|0 fnt
|faint|p1b: Kingambit
|-damage|p2a: Incineroar|80/100|[from] Recoil
|
|upkeep
|
|t:|1783285229
|switch|p1b: Sneasler|Sneasler, L50, F|100/100
|turn|4
|
|t:|1783285240
|move|p2b: Floette|Protect|p2b: Floette
|-singleturn|p2b: Floette|Protect
|move|p1b: Sneasler|Close Combat|p2a: Incineroar
|-supereffective|p2a: Incineroar|1
|-enditem|p2a: Incineroar|Chople Berry|[eat]
|-enditem|p2a: Incineroar|Chople Berry|[weaken]
|-damage|p2a: Incineroar|20/100y
|-unboost|p1b: Sneasler|def|1
|-unboost|p1b: Sneasler|spd|1
|move|p1a: Incineroar|Flare Blitz|p2b: Floette
|-activate|p2b: Floette|move: Protect
|move|p2a: Incineroar|Parting Shot|p1b: Sneasler
|-unboost|p1b: Sneasler|atk|1
|-unboost|p1b: Sneasler|spa|1
|
|t:|1783285249
|switch|p2a: Golurk|Golurk, L50|100/100|[from] Parting Shot
|
|upkeep
|turn|5
|inactive|sopa de moscas has 30 seconds left.
|
|t:|1783285274
|switch|p2b: Incineroar|Incineroar, L50, F|20/100y
|-ability|p2b: Incineroar|Intimidate|boost
|-unboost|p1a: Incineroar|atk|1
|-unboost|p1b: Sneasler|atk|1
|move|p1b: Sneasler|Poison Jab|p2b: Incineroar
|-damage|p2b: Incineroar|1/100
|-status|p2b: Incineroar|psn|[from] ability: Poison Touch|[of] p1b: Sneasler
|move|p1a: Incineroar|Parting Shot|p2a: Golurk
|-unboost|p2a: Golurk|atk|1
|-unboost|p2a: Golurk|spa|1
|
|t:|1783285283
|switch|p1a: Sinistcha|Sinistcha, L50|100/100|[from] Parting Shot
|move|p2a: Golurk|Poltergeist|p1b: Sneasler
|-activate|p1b: Sneasler|move: Poltergeist|Focus Sash
|-enditem|p1b: Sneasler|Focus Sash
|-damage|p1b: Sneasler|1/100
|-damage|p2a: Golurk|90/100|[from] item: Life Orb
|
|-damage|p2b: Incineroar|0 fnt|[from] psn
|faint|p2b: Incineroar
|upkeep
|
|t:|1783285289
|switch|p2b: Floette|Floette-Mega, L50, F|44/100
|-ability|p2b: Floette|Fairy Aura
|turn|6
|
|t:|1783285308
|switch|p1b: Incineroar|Incineroar, L50, F|67/100
|-ability|p1b: Incineroar|Intimidate|boost
|-unboost|p2a: Golurk|atk|1
|-unboost|p2b: Floette|atk|1
|move|p2b: Floette|Dazzling Gleam|p1b: Incineroar|[spread] p1a,p1b
|-damage|p1a: Sinistcha|53/100
|-damage|p1b: Incineroar|23/100
|move|p1a: Sinistcha|Matcha Gotcha|p2b: Floette|[spread] p2a
|-miss|p1a: Sinistcha|p2b: Floette
|-supereffective|p2a: Golurk|1
|-damage|p2a: Golurk|35/100
|-heal|p1a: Sinistcha|84/100|[from] drain|[of] p2a: Golurk
|move|p2a: Golurk|Poltergeist|p1a: Sinistcha
|-activate|p1a: Sinistcha|move: Poltergeist|Kasib Berry
|-supereffective|p1a: Sinistcha|1
|-enditem|p1a: Sinistcha|Kasib Berry|[eat]
|-enditem|p1a: Sinistcha|Kasib Berry|[weaken]
|-damage|p1a: Sinistcha|50/100g
|-damage|p2a: Golurk|25/100|[from] item: Life Orb
|
|upkeep
|turn|7
|inactive|Axo of DOOM has 30 seconds left.
|
|t:|1783285335
|move|p2b: Floette|Protect|p2b: Floette
|-singleturn|p2b: Floette|Protect
|move|p2a: Golurk|Protect|p2a: Golurk
|-singleturn|p2a: Golurk|Protect
|move|p1b: Incineroar|Fake Out|p2b: Floette
|-activate|p2b: Floette|move: Protect
|move|p1a: Sinistcha|Matcha Gotcha|p2b: Floette|[spread] 
|-activate|p2a: Golurk|move: Protect
|-activate|p2b: Floette|move: Protect
|
|upkeep
|turn|8
|
|t:|1783285349
|move|p2b: Floette|Dazzling Gleam|p1a: Sinistcha|[spread] p1a,p1b
|-damage|p1a: Sinistcha|2/100
|-damage|p1b: Incineroar|0 fnt
|faint|p1b: Incineroar
|move|p1a: Sinistcha|Matcha Gotcha|p2a: Golurk|[spread] p2a
|-miss|p1a: Sinistcha|p2b: Floette
|-supereffective|p2a: Golurk|1
|-damage|p2a: Golurk|0 fnt
|-heal|p1a: Sinistcha|16/100|[from] drain|[of] p2a: Golurk
|faint|p2a: Golurk
|
|upkeep
|
|t:|1783285357
|switch|p1b: Sneasler|Sneasler, L50, F|1/100
|turn|9
|
|t:|1783285378
|move|p1a: Sinistcha|Rage Powder|p1a: Sinistcha
|-singleturn|p1a: Sinistcha|move: Rage Powder
|move|p1b: Sneasler|Poison Jab|p2b: Floette
|-supereffective|p2b: Floette|1
|-damage|p2b: Floette|0 fnt
|faint|p2b: Floette
|
|win|Axo of DOOM
||Axo of DOOM is ready for game 2.
|inactive|sopa de moscas has 30 seconds to confirm battle start!
|inactive|sopa de moscas has 20 seconds to confirm battle start!
|inactive|sopa de moscas has 10 seconds to confirm battle start!
||sopa de moscas is ready for game 2.
|uhtml|next|Next: Game 2 of 3
|l|☆Axo of DOOM
|player|p1|
