|j|☆beanybag
|j|☆NightshadeAI
|html|beanybagNightshadeAI    
|uhtml|bestof|Game 2 of a best-of-3
|t:|1783475861
|gametype|doubles
|player|p1|beanybag|102|1225
|player|p2|NightshadeAI|265|1076
|gen|9
|tier|[Gen 9 Champions] VGC 2026 Reg M-B (Bo3)
|rated|
|rule|Species Clause: Limit one of each Pokémon
|rule|Item Clause: Limit 1 of each item
|clearpoke
|poke|p1|Bellibolt, L50, F|
|poke|p1|Ampharos, L50, F, shiny|
|poke|p1|Araquanid, L50, M, shiny|
|poke|p1|Sinistcha, L50|
|poke|p1|Scovillain, L50, M|
|poke|p1|Grimmsnarl, L50, M, shiny|
|poke|p2|Whimsicott, L50, M|
|poke|p2|Charizard, L50, F|
|poke|p2|Basculegion, L50, M|
|poke|p2|Garchomp, L50, M|
|poke|p2|Floette-Eternal, L50, F|
|poke|p2|Kingambit, L50, M|
|teampreview|4
|showteam|p1|Bellibolt||SitrusBerry|Electromorphosis|Soak,VoltSwitch,ParabolicCharge,Protect|Calm||F|||50|]Ampharos||Ampharosite|Static|ParabolicCharge,Charge,CottonGuard,Protect|Calm||F|||50|]Araquanid||Leftovers|WaterBubble|Soak,Stockpile,Infestation,Protect|Relaxed||M|||50|]Sinistcha||WideLens|Hospitality|MatchaGotcha,LifeDew,TrickRoom,Protect|Sassy|||||50|]Scovillain||Scovillainite|Moody|GigaDrain,LeechSeed,RagePowder,Protect|Sassy||M|||50|]Grimmsnarl||LightClay|Prankster|PartingShot,SpiritBreak,Reflect,LightScreen|Impish||M|||50|
|showteam|p2|Whimsicott||FocusSash|Prankster|Moonblast,Tailwind,Encore,Protect|Timid||M|||50|]Charizard||CharizarditeY|Blaze|WeatherBall,SolarBeam,HeatWave,Protect|Modest||F|||50|]Basculegion||MysticWater|Adaptability|LastRespects,WaveCrash,AquaJet,Protect|Adamant||M|||50|]Garchomp||LifeOrb|RoughSkin|DragonClaw,Earthquake,RockSlide,Protect|Adamant||M|||50|]Floette-Eternal||Floettite|FlowerVeil|DazzlingGleam,LightofRuin,Moonblast,Protect|Modest||F|||50|]Kingambit||ChopleBerry|Defiant|KowtowCleave,SuckerPunch,IronHead,LowKick|Adamant||M|||50|
|inactive|Battle timer is ON: inactive players will automatically lose when time's up. (requested by NightshadeAI)
|
|t:|1783475877
|teamsize|p1|4
|teamsize|p2|4
|start
|switch|p1a: Metal Nthuziast|Grimmsnarl, L50, M, shiny|100/100
|switch|p1b: GREEN LAVA|Sinistcha, L50|100/100
|switch|p2a: Whimsicott|Whimsicott, L50, M|100/100
|switch|p2b: Charizard|Charizard, L50, F|100/100
|turn|1
|
|t:|1783475892
|switch|p1b: SUPA SOOKA|Araquanid, L50, M, shiny|100/100
|detailschange|p2b: Charizard|Charizard-Mega-Y, L50, F
|-mega|p2b: Charizard|Charizard|Charizardite Y
|-weather|SunnyDay|[from] ability: Drought|[of] p2b: Charizard
|move|p2a: Whimsicott|Tailwind|p2a: Whimsicott
|-sidestart|p2: NightshadeAI|move: Tailwind
|move|p1a: Metal Nthuziast|Light Screen|p1a: Metal Nthuziast
|-sidestart|p1: beanybag|move: Light Screen
|move|p2b: Charizard|Heat Wave|p1a: Metal Nthuziast|[spread] p1a
|-miss|p2b: Charizard|p1b: SUPA SOOKA
|-damage|p1a: Metal Nthuziast|46/100
|
|-weather|SunnyDay|[upkeep]
|upkeep
|turn|2
|
|t:|1783475904
|move|p1a: Metal Nthuziast|Parting Shot|p2b: Charizard
|-unboost|p2b: Charizard|atk|1
|-unboost|p2b: Charizard|spa|1
|
|t:|1783475909
|switch|p1a: NONO SPOT|Scovillain, L50, M|100/100|[from] Parting Shot
|move|p2a: Whimsicott|Moonblast|p1a: NONO SPOT
|-resisted|p1a: NONO SPOT|1
|-damage|p1a: NONO SPOT|90/100
|move|p2b: Charizard|Heat Wave|p1b: SUPA SOOKA|[spread] p1b
|-miss|p2b: Charizard|p1a: NONO SPOT
|-damage|p1b: SUPA SOOKA|87/100
|move|p1b: SUPA SOOKA|Soak|p2b: Charizard
|-start|p2b: Charizard|typechange|Water
|
|-weather|SunnyDay|[upkeep]
|-heal|p1b: SUPA SOOKA|93/100|[from] item: Leftovers
|-ability|p1a: NONO SPOT|Moody|boost
|-boost|p1a: NONO SPOT|atk|2
|-unboost|p1a: NONO SPOT|spd|1
|upkeep
|turn|3
|
|t:|1783475924
|move|p1a: NONO SPOT|Protect|p1a: NONO SPOT
|-singleturn|p1a: NONO SPOT|Protect
|move|p2a: Whimsicott|Moonblast|p1a: NONO SPOT
|-activate|p1a: NONO SPOT|move: Protect
|move|p2b: Charizard|Heat Wave|p1a: NONO SPOT|[spread] p1b
|-activate|p1a: NONO SPOT|move: Protect
|-damage|p1b: SUPA SOOKA|84/100
|move|p1b: SUPA SOOKA|Infestation|p2b: Charizard
|-damage|p2b: Charizard|95/100
|-activate|p2b: Charizard|move: Infestation|[of] p1b: SUPA SOOKA
|
|-weather|SunnyDay|[upkeep]
|-heal|p1b: SUPA SOOKA|90/100|[from] item: Leftovers
|-damage|p2b: Charizard|83/100|[from] move: Infestation|[partiallytrapped]
|-ability|p1a: NONO SPOT|Moody|boost
|-boost|p1a: NONO SPOT|spe|2
|-unboost|p1a: NONO SPOT|spd|1
|upkeep
|turn|4
|
|t:|1783475946
|detailschange|p1a: NONO SPOT|Scovillain-Mega, L50, M
|-mega|p1a: NONO SPOT|Scovillain|Scovillainite
|move|p2a: Whimsicott|Moonblast|p1a: NONO SPOT
|-resisted|p1a: NONO SPOT|1
|-damage|p1a: NONO SPOT|74/100
|-status|p2a: Whimsicott|brn|[from] ability: Spicy Spray|[of] p1a: NONO SPOT
|move|p2b: Charizard|Heat Wave|p1b: SUPA SOOKA|[spread] p1a
|-miss|p2b: Charizard|p1b: SUPA SOOKA
|-damage|p1a: NONO SPOT|42/100
|-status|p2b: Charizard|brn|[from] ability: Spicy Spray|[of] p1a: NONO SPOT
|move|p1a: NONO SPOT|Giga Drain|p2b: Charizard
|-supereffective|p2b: Charizard|1
|-damage|p2b: Charizard|21/100 brn
|-heal|p1a: NONO SPOT|72/100|[from] drain|[of] p2b: Charizard
|move|p1b: SUPA SOOKA|Stockpile|p1b: SUPA SOOKA
|-start|p1b: SUPA SOOKA|stockpile1
|-boost|p1b: SUPA SOOKA|def|1
|-boost|p1b: SUPA SOOKA|spd|1
|
|-weather|SunnyDay|[upkeep]
|-heal|p1b: SUPA SOOKA|96/100|[from] item: Leftovers
|-damage|p2a: Whimsicott|94/100 brn|[from] brn
|-damage|p2b: Charizard|15/100 brn|[from] brn
|-damage|p2b: Charizard|3/100 brn|[from] move: Infestation|[partiallytrapped]
|-sideend|p2: NightshadeAI|move: Tailwind
|upkeep
|turn|5
|
|t:|1783475966
|move|p1a: NONO SPOT|Protect|p1a: NONO SPOT
|-singleturn|p1a: NONO SPOT|Protect
|move|p2a: Whimsicott|Tailwind|p2a: Whimsicott
|-sidestart|p2: NightshadeAI|move: Tailwind
|move|p2b: Charizard|Heat Wave|p1a: NONO SPOT|[spread] p1b
|-activate|p1a: NONO SPOT|move: Protect
|-damage|p1b: SUPA SOOKA|90/100
|move|p1b: SUPA SOOKA|Soak|p2a: Whimsicott
|-start|p2a: Whimsicott|typechange|Water
|
|-weather|none
|-heal|p1b: SUPA SOOKA|96/100|[from] item: Leftovers
|-damage|p2a: Whimsicott|88/100 brn|[from] brn
|-damage|p2b: Charizard|0 fnt|[from] brn
|faint|p2b: Charizard
|upkeep
|
|t:|1783475966
|switch|p2b: Garchomp|Garchomp, L50, M|100/100
|turn|6
|
|t:|1783475983
|move|p2a: Whimsicott|Moonblast|p1a: NONO SPOT
|-resisted|p1a: NONO SPOT|1
|-damage|p1a: NONO SPOT|62/100
|move|p2b: Garchomp|Rock Slide|p1b: SUPA SOOKA|[spread] p1a,p1b
|-supereffective|p1a: NONO SPOT|1
|-supereffective|p1b: SUPA SOOKA|1
|-damage|p1a: NONO SPOT|0 fnt
|-damage|p1b: SUPA SOOKA|68/100
|-status|p2b: Garchomp|brn|[from] ability: Spicy Spray|[of] p1a: NONO SPOT
|faint|p1a: NONO SPOT
|-damage|p2b: Garchomp|90/100 brn|[from] item: Life Orb
|move|p1b: SUPA SOOKA|Soak|p2b: Garchomp
|-start|p2b: Garchomp|typechange|Water
|
|-heal|p1b: SUPA SOOKA|74/100|[from] item: Leftovers
|-damage|p2a: Whimsicott|82/100 brn|[from] brn
|-damage|p2b: Garchomp|84/100 brn|[from] brn
|upkeep
|
|t:|1783475991
|switch|p1a: GREEN LAVA|Sinistcha, L50|100/100
|-heal|p1b: SUPA SOOKA|98/100|[from] ability: Hospitality|[of] p1a: GREEN LAVA
|turn|7
|
|t:|1783475998
|move|p2a: Whimsicott|Protect|p2a: Whimsicott
|-singleturn|p2a: Whimsicott|Protect
|move|p2b: Garchomp|Earthquake|p1a: GREEN LAVA|[spread] p1a,p1b
|-activate|p2a: Whimsicott|move: Protect
|-resisted|p1a: GREEN LAVA|1
|-resisted|p1b: SUPA SOOKA|1
|-damage|p1a: GREEN LAVA|91/100
|-damage|p1b: SUPA SOOKA|93/100
|-damage|p2b: Garchomp|74/100 brn|[from] item: Life Orb
|move|p1b: SUPA SOOKA|Stockpile|p1b: SUPA SOOKA
|-start|p1b: SUPA SOOKA|stockpile2
|-boost|p1b: SUPA SOOKA|def|1
|-boost|p1b: SUPA SOOKA|spd|1
|move|p1a: GREEN LAVA|Trick Room|p1a: GREEN LAVA
|-fieldstart|move: Trick Room|[of] p1a: GREEN LAVA
|
|-heal|p1b: SUPA SOOKA|99/100|[from] item: Leftovers
|-damage|p2b: Garchomp|68/100 brn|[from] brn
|-damage|p2a: Whimsicott|76/100 brn|[from] brn
|upkeep
|turn|8
|
|t:|1783476004
|move|p1b: SUPA SOOKA|Stockpile|p1b: SUPA SOOKA
|-start|p1b: SUPA SOOKA|stockpile3
|-boost|p1b: SUPA SOOKA|def|1
|-boost|p1b: SUPA SOOKA|spd|1
|move|p1a: GREEN LAVA|Matcha Gotcha|p2a: Whimsicott|[spread] p2a,p2b
|-supereffective|p2a: Whimsicott|1
|-supereffective|p2b: Garchomp|1
|-damage|p2a: Whimsicott|14/100 brn
|-heal|p1a: GREEN LAVA|100/100|[from] drain|[of] p2a: Whimsicott
|-damage|p2b: Garchomp|19/100 brn
|move|p2b: Garchomp|Rock Slide|p1a: GREEN LAVA|[spread] p1b
|-miss|p2b: Garchomp|p1a: GREEN LAVA
|-supereffective|p1b: SUPA SOOKA|1
|-damage|p1b: SUPA SOOKA|89/100
|-damage|p2b: Garchomp|10/100 brn|[from] item: Life Orb
|move|p2a: Whimsicott|Moonblast|p1a: GREEN LAVA
|-damage|p1a: GREEN LAVA|90/100
|
|-heal|p1b: SUPA SOOKA|95/100|[from] item: Leftovers
|-damage|p2b: Garchomp|4/100 brn|[from] brn
|-damage|p2a: Whimsicott|8/100 brn|[from] brn
|-sideend|p1: beanybag|move: Light Screen
|-sideend|p2: NightshadeAI|move: Tailwind
|upkeep
|turn|9
|
|t:|1783476012
|move|p2a: Whimsicott|Tailwind|p2a: Whimsicott
|-sidestart|p2: NightshadeAI|move: Tailwind
|move|p1b: SUPA SOOKA|Infestation|p2a: Whimsicott
|-damage|p2a: Whimsicott|2/100 brn
|-activate|p2a: Whimsicott|move: Infestation|[of] p1b: SUPA SOOKA
|move|p1a: GREEN LAVA|Matcha Gotcha|p2b: Garchomp|[spread] p2a,p2b
|-supereffective|p2a: Whimsicott|1
|-supereffective|p2b: Garchomp|1
|-damage|p2a: Whimsicott|0 fnt
|-heal|p1a: GREEN LAVA|92/100|[from] drain|[of] p2a: Whimsicott
|-damage|p2b: Garchomp|0 fnt
|-heal|p1a: GREEN LAVA|94/100|[from] drain|[of] p2b: Garchomp
|faint|p2a: Whimsicott
|faint|p2b: Garchomp
|
|-heal|p1b: SUPA SOOKA|100/100|[from] item: Leftovers
|upkeep
|
|t:|1783476012
|switch|p2a: Basculegion|Basculegion, L50, M|100/100
|turn|10
|
|t:|1783476018
|move|p1b: SUPA SOOKA|Soak|p2a: Basculegion
|-start|p2a: Basculegion|typechange|Water
|move|p1a: GREEN LAVA|Matcha Gotcha|p2a: Basculegion
|-supereffective|p2a: Basculegion|1
|-crit|p2a: Basculegion
|-damage|p2a: Basculegion|2/100
|-heal|p1a: GREEN LAVA|100/100|[from] drain|[of] p2a: Basculegion
|move|p2a: Basculegion|Last Respects|p1a: GREEN LAVA
|-supereffective|p1a: GREEN LAVA|1
|-damage|p1a: GREEN LAVA|0 fnt
|faint|p1a: GREEN LAVA
|
|upkeep
|
|t:|1783476021
|switch|p1a: Metal Nthuziast|Grimmsnarl, L50, M, shiny|46/100
|turn|11
|
|t:|1783476030
|move|p1a: Metal Nthuziast|Reflect|p1a: Metal Nthuziast
|-sidestart|p1: beanybag|Reflect
|move|p1b: SUPA SOOKA|Infestation|p2a: Basculegion
|-damage|p2a: Basculegion|0 fnt
|faint|p2a: Basculegion
|
|win|beanybag
|raw|beanybag's rating: 1225 → 1240(+15 for winning)
|raw|NightshadeAI's rating: 1076 → 1063(-13 for losing)
|l|☆NightshadeAI
|player|p2|
