|badge|p2|bronze|gen9doublesou|100-6
|uhtml|medal-msg|Curious what those medals under the avatar are? PS now has Ladder Seasons! For more information, check out the thread on Smogon.
|j|☆boncuss
|j|☆jinzo layers (
|html|boncussjinzo layers (    
|uhtml|bestof|Game 2 of a best-of-3
|t:|1757739889
|gametype|doubles
|player|p1|boncuss|wattson|1282
|player|p2|jinzo layers (|#scl5gible2|1343
|gen|9
|tier|[Gen 9] VGC 2025 Reg H (Bo3)
|rated|
|rule|Species Clause: Limit one of each Pokémon
|rule|Item Clause: Limit 1 of each item
|clearpoke
|poke|p1|Garganacl, L50, F|
|poke|p1|Tyranitar, L50, F|
|poke|p1|Glimmora, L50, M|
|poke|p1|Talonflame, L50, M|
|poke|p1|Excadrill, L50, M|
|poke|p1|Gastrodon, L50, M|
|poke|p2|Ninetales-Alola, L50, M|
|poke|p2|Dragonite, L50, F|
|poke|p2|Amoonguss, L50, M|
|poke|p2|Sneasler, L50, F|
|poke|p2|Incineroar, L50, M|
|poke|p2|Gholdengo, L50|
|teampreview|4
|showteam|p1|Garganacl||Leftovers|PurifyingSalt|SaltCure,Avalanche,WideGuard,Protect|||F|||50|,,,,,Grass]Tyranitar||AssaultVest|SandStream|RockSlide,KnockOff,LashOut,IcePunch|||F|||50|,,,,,Flying]Glimmora||PowerHerb|ToxicDebris|MeteorBeam,SpikyShield,SludgeBomb,EarthPower|||M|||50|,,,,,Grass]Talonflame||CovertCloak|GaleWings|DualWingbeat,FlareBlitz,Tailwind,WillOWisp|||M|||50|,,,,,Flying]Excadrill||SitrusBerry|SandRush|IronHead,Earthquake,SwordsDance,Protect|||M|||50|,,,,,Ghost]Gastrodon||LifeOrb|StormDrain|EarthPower,MuddyWater,IceBeam,Protect|||M|||50|,,,,,Fire
|showteam|p2|Ninetales-Alola||ChoiceSpecs|SnowWarning|Blizzard,IcyWind,FreezeDry,Moonblast|||M|||50|,,,,,Ghost]Dragonite||LoadedDice|Multiscale|ScaleShot,StompingTantrum,Tailwind,Protect|||F|||50|,,,,,Fairy]Amoonguss||RockyHelmet|Regenerator|Protect,PollenPuff,Spore,RagePowder|||M|||50|,,,,,Water]Sneasler||FocusSash|Unburden|CloseCombat,DireClaw,ThroatChop,Protect|||F|||50|,,,,,Stellar]Incineroar||AssaultVest|Intimidate|FakeOut,FlareBlitz,KnockOff,Uturn|||M|||50|,,,,,Grass]Gholdengo||LifeOrb|GoodasGold|MakeItRain,ShadowBall,NastyPlot,Protect||||||50|,,,,,Water
|inactive|Battle timer is ON: inactive players will automatically lose when time's up. (requested by boncuss)
|
|t:|1757739904
|teamsize|p1|4
|teamsize|p2|4
|start
|switch|p1a: Talonflame|Talonflame, L50, M|100/100
|switch|p1b: Glimmora|Glimmora, L50, M|100/100
|switch|p2a: Dragonite|Dragonite, L50, F|100/100
|switch|p2b: Incineroar|Incineroar, L50, M|100/100
|-ability|p2b: Incineroar|Intimidate|boost
|-unboost|p1a: Talonflame|atk|1
|-unboost|p1b: Glimmora|atk|1
|turn|1
|
|t:|1757739923
|move|p2b: Incineroar|Fake Out|p1b: Glimmora
|-resisted|p1b: Glimmora
|-damage|p1b: Glimmora|94/100
|-activate|p1b: Glimmora|ability: Toxic Debris
|-sidestart|p2: jinzo layers (|move: Toxic Spikes
|move|p1a: Talonflame|Will-O-Wisp|p2a: Dragonite
|-status|p2a: Dragonite|brn
|cant|p1b: Glimmora|flinch
|move|p2a: Dragonite|Scale Shot|p1a: Talonflame
|-damage|p1a: Talonflame|90/100
|-damage|p1a: Talonflame|78/100
|-damage|p1a: Talonflame|67/100
|-damage|p1a: Talonflame|56/100
|-hitcount|p1a: Talonflame|4
|-unboost|p2a: Dragonite|def|1
|-boost|p2a: Dragonite|spe|1
|
|-damage|p2a: Dragonite|95/100 brn|[from] brn
|upkeep
|turn|2
|
|t:|1757739945
|-terastallize|p2b: Incineroar|Grass
|move|p2a: Dragonite|Tailwind|p2a: Dragonite
|-sidestart|p2: jinzo layers (|move: Tailwind
|move|p1a: Talonflame|Tailwind|p1a: Talonflame
|-sidestart|p1: boncuss|move: Tailwind
|move|p1b: Glimmora|Meteor Beam||[still]
|-prepare|p1b: Glimmora|Meteor Beam
|-boost|p1b: Glimmora|spa|1
|-enditem|p1b: Glimmora|Power Herb
|-anim|p1b: Glimmora|Meteor Beam|p2b: Incineroar
|-damage|p2b: Incineroar|39/100
|move|p2b: Incineroar|Knock Off|p1a: Talonflame
|-damage|p1a: Talonflame|0 fnt
|-enditem|p1a: Talonflame|Covert Cloak|[from] move: Knock Off|[of] p2b: Incineroar
|faint|p1a: Talonflame
|
|-damage|p2a: Dragonite|89/100 brn|[from] brn
|upkeep
|
|t:|1757739966
|switch|p1a: Excadrill|Excadrill, L50, M|100/100
|turn|3
|
|t:|1757739980
|move|p2a: Dragonite|Stomping Tantrum|p1b: Glimmora
|-supereffective|p1b: Glimmora
|-damage|p1b: Glimmora|14/100
|-activate|p1b: Glimmora|ability: Toxic Debris
|-sidestart|p2: jinzo layers (|move: Toxic Spikes
|move|p1b: Glimmora|Sludge Bomb|p2a: Dragonite
|-damage|p2a: Dragonite|8/100 brn
|move|p1a: Excadrill|Iron Head|p2b: Incineroar
|-damage|p2b: Incineroar|3/100
|move|p2b: Incineroar|U-turn|p1a: Excadrill
|-resisted|p1a: Excadrill
|-damage|p1a: Excadrill|90/100
|
|t:|1757739991
|switch|p2b: Sneasler|Sneasler, L50, F|100/100|[from] U-turn
|-sideend|p2: jinzo layers (|move: Toxic Spikes|[of] p2b: Sneasler
|
|-damage|p2a: Dragonite|2/100 brn|[from] brn
|upkeep
|turn|4
|
|t:|1757740013
|switch|p1b: Tyranitar|Tyranitar, L50, F|100/100
|-weather|Sandstorm|[from] ability: Sand Stream|[of] p1b: Tyranitar
|move|p1a: Excadrill|Protect|p1a: Excadrill
|-singleturn|p1a: Excadrill|Protect
|move|p2a: Dragonite|Stomping Tantrum|p1b: Tyranitar
|-supereffective|p1b: Tyranitar
|-damage|p1b: Tyranitar|79/100
|move|p2b: Sneasler|Close Combat|p1a: Excadrill
|-activate|p1a: Excadrill|move: Protect
|
|-weather|Sandstorm|[upkeep]
|-damage|p2a: Dragonite|0 fnt|[from] Sandstorm
|-damage|p2b: Sneasler|95/100|[from] Sandstorm
|faint|p2a: Dragonite
|upkeep
|
|t:|1757740021
|switch|p2a: Ninetales|Ninetales-Alola, L50, M|100/100
|-weather|Snowscape|[from] ability: Snow Warning|[of] p2a: Ninetales
|turn|5
|
|t:|1757740051
|switch|p1b: Glimmora|Glimmora, L50, M|14/100
|-terastallize|p1a: Excadrill|Ghost
|move|p2b: Sneasler|Throat Chop|p1a: Excadrill
|-supereffective|p1a: Excadrill
|-damage|p1a: Excadrill|27/100
|-start|p1a: Excadrill|Throat Chop|[silent]
|-enditem|p1a: Excadrill|Sitrus Berry|[eat]
|-heal|p1a: Excadrill|52/100|[from] item: Sitrus Berry
|move|p2a: Ninetales|Blizzard|p1a: Excadrill|[spread] p1a,p1b
|-damage|p1a: Excadrill|2/100
|-damage|p1b: Glimmora|0 fnt
|faint|p1b: Glimmora
|move|p1a: Excadrill|Iron Head|p2a: Ninetales
|-supereffective|p2a: Ninetales
|-damage|p2a: Ninetales|0 fnt
|faint|p2a: Ninetales
|
|-weather|Snowscape|[upkeep]
|-sideend|p2: jinzo layers (|move: Tailwind
|-sideend|p1: boncuss|move: Tailwind
|upkeep
|
|t:|1757740070
|switch|p2a: Incineroar|Incineroar, L50, M, tera:Grass|3/100
|switch|p1b: Tyranitar|Tyranitar, L50, F|79/100
|-ability|p2a: Incineroar|Intimidate|boost
|-unboost|p1a: Excadrill|atk|1
|-unboost|p1b: Tyranitar|atk|1
|-weather|Sandstorm|[from] ability: Sand Stream|[of] p1b: Tyranitar
|turn|6
|inactive|boncuss has 30 seconds left.
|inactive|jinzo layers ( has 30 seconds left.
|inactive|boncuss has 20 seconds left.
|inactive|jinzo layers ( has 20 seconds left.
|
|t:|1757740109
|move|p2b: Sneasler|Protect|p2b: Sneasler
|-singleturn|p2b: Sneasler|Protect
|move|p1a: Excadrill|Earthquake|p2b: Sneasler|[spread] p1b,p2a
|-activate|p2b: Sneasler|move: Protect
|-supereffective|p1b: Tyranitar
|-crit|p1b: Tyranitar
|-resisted|p2a: Incineroar
|-damage|p1b: Tyranitar|0 fnt
|-damage|p2a: Incineroar|0 fnt
|faint|p1b: Tyranitar
|faint|p2a: Incineroar
|
|-weather|Sandstorm|[upkeep]
|-damage|p2b: Sneasler|89/100|[from] Sandstorm
|-end|p1a: Excadrill|Throat Chop|[silent]
|upkeep
|turn|7
|
|t:|1757740118
|move|p1a: Excadrill|Earthquake|p2b: Sneasler
|-supereffective|p2b: Sneasler
|-damage|p2b: Sneasler|0 fnt
|faint|p2b: Sneasler
|
|win|boncuss
||jinzo layers ( is ready for game 3.
||boncuss is ready for game 3.
|uhtml|next|Next: Game 3 of 3
|l|☆boncuss
|player|p1|
|l|☆jinzo layers (
|player|p2|
