|j|☆pikatrod
|j|☆s!dd_1
|html|pikatrods!dd_1    
|uhtml|bestof|Game 1 of a best-of-3
|t:|1784910515
|gametype|doubles
|player|p1|pikatrod|170|1504
|player|p2|s!dd_1|flannery-gen6|1555
|gen|9
|tier|[Gen 9 Champions] VGC 2026 Reg M-B (Bo3)
|rated|
|rule|Species Clause: Limit one of each Pokémon
|rule|Item Clause: Limit 1 of each item
|clearpoke
|poke|p1|Froslass, L50, F|
|poke|p1|Dragonite, L50, M|
|poke|p1|Toxapex, L50, M|
|poke|p1|Sneasler, L50, M|
|poke|p1|Kingambit, L50, M|
|poke|p1|Blaziken, L50, F|
|poke|p2|Raichu, L50, M|
|poke|p2|Mamoswine, L50, M|
|poke|p2|Maushold, L50|
|poke|p2|Sylveon, L50, M|
|poke|p2|Arcanine-Hisui, L50, F|
|poke|p2|Meowscarada, L50, M|
|teampreview|4
|showteam|p1|Froslass||Froslassite|CursedBody|Blizzard,ShadowBall,AuroraVeil,Protect|Timid||F|||50|]Dragonite||LifeOrb|InnerFocus|DragonClaw,ExtremeSpeed,LowKick,Protect|Adamant||M|||50|]Toxapex||Leftovers|Regenerator|Infestation,Toxic,WideGuard,BanefulBunker|Bold||M|||50|]Sneasler||FocusSash|PoisonTouch|CloseCombat,PoisonJab,FakeOut,Protect|Jolly||M|||50|]Kingambit||BlackGlasses|Defiant|KowtowCleave,IronHead,SuckerPunch,Protect|Adamant||M|||50|]Blaziken||Blazikenite|SpeedBoost|CloseCombat,FlareBlitz,RockSlide,Protect|Adamant||F|||50|
|showteam|p2|Raichu||RaichuniteY|LightningRod|ZapCannon,FocusBlast,FakeOut,Protect|Timid||M|||50|]Mamoswine||LifeOrb|Oblivious|HighHorsepower,IcicleCrash,IceShard,Protect|Adamant||M|||50|]Maushold||ChopleBerry|FriendGuard|SuperFang,HelpingHand,FollowMe,Protect|Timid|||||50|]Sylveon||FairyFeather|Pixilate|HyperVoice,HyperBeam,CalmMind,Detect|Modest||M|||50|]Arcanine-Hisui||FocusSash|Intimidate|FlareBlitz,RockSlide,ExtremeSpeed,Protect|Adamant||F|||50|]Meowscarada||ChoiceScarf|Protean|FlowerTrick,KnockOff,TripleAxel,LowKick|Jolly||M|||50|
|inactive|Battle timer is ON: inactive players will automatically lose when time's up. (requested by s!dd_1)
|inactive|pikatrod has 60 seconds left.
|inactive|s!dd_1 has 60 seconds left.
|inactive|pikatrod has 30 seconds left.
|inactive|s!dd_1 has 30 seconds left.
|inactive|pikatrod has 20 seconds left.
|inactive|pikatrod has 15 seconds left.
|
|t:|1784910593
|teamsize|p1|4
|teamsize|p2|4
|start
|switch|p1a: Kingambit|Kingambit, L50, M|100/100
|switch|p1b: Sneasler|Sneasler, L50, M|100/100
|switch|p2a: Grabbitz|Raichu, L50, M|100/100
|switch|p2b: Panic!|Mamoswine, L50, M|100/100
|turn|1
|inactive|pikatrod has 30 seconds left.
|
|t:|1784910621
|detailschange|p2a: Grabbitz|Raichu-Mega-Y, L50, M
|-mega|p2a: Grabbitz|Raichu|Raichunite Y
|move|p1b: Sneasler|Protect|p1b: Sneasler
|-singleturn|p1b: Sneasler|Protect
|move|p2a: Grabbitz|Fake Out|p1b: Sneasler
|-activate|p1b: Sneasler|move: Protect
|move|p2b: Panic!|High Horsepower|p1a: Kingambit
|-supereffective|p1a: Kingambit|1
|-damage|p1a: Kingambit|0 fnt
|faint|p1a: Kingambit
|-damage|p2b: Panic!|90/100|[from] item: Life Orb
|
|upkeep
|
|t:|1784910639
|switch|p1a: Dragonite|Dragonite, L50, M|100/100
|turn|2
|inactive|pikatrod has 30 seconds left.
|
|t:|1784910673
|switch|p1a: Blaziken|Blaziken, L50, F|100/100
|move|p2b: Panic!|Ice Shard|p1b: Sneasler
|-damage|p1b: Sneasler|44/100
|-damage|p2b: Panic!|80/100|[from] item: Life Orb
|move|p2a: Grabbitz|Zap Cannon|p1b: Sneasler
|-damage|p1b: Sneasler|0 fnt
|faint|p1b: Sneasler
|
|upkeep
|
|t:|1784910678
|switch|p1b: Dragonite|Dragonite, L50, M|100/100
|turn|3
|
|t:|1784910685
|move|p1a: Blaziken|Protect|p1a: Blaziken
|-singleturn|p1a: Blaziken|Protect
|move|p1b: Dragonite|Protect|p1b: Dragonite
|-singleturn|p1b: Dragonite|Protect
|move|p2b: Panic!|Ice Shard|p1b: Dragonite
|-activate|p1b: Dragonite|move: Protect
|move|p2a: Grabbitz|Zap Cannon|p1a: Blaziken
|-activate|p1a: Blaziken|move: Protect
|
|-ability|p1a: Blaziken|Speed Boost|boost
|-boost|p1a: Blaziken|spe|1
|upkeep
|turn|4
|
|t:|1784910700
|detailschange|p1a: Blaziken|Blaziken-Mega, L50, F
|-mega|p1a: Blaziken|Blaziken|Blazikenite
|move|p2a: Grabbitz|Protect|p2a: Grabbitz
|-singleturn|p2a: Grabbitz|Protect
|move|p1b: Dragonite|Extreme Speed|p2b: Panic!
|-damage|p2b: Panic!|34/100
|-damage|p1b: Dragonite|90/100|[from] item: Life Orb
|move|p2b: Panic!|Ice Shard|p1b: Dragonite
|-supereffective|p1b: Dragonite|2
|-damage|p1b: Dragonite|0 fnt
|faint|p1b: Dragonite
|-damage|p2b: Panic!|24/100|[from] item: Life Orb
|move|p1a: Blaziken|Close Combat|p2a: Grabbitz
|-activate|p2a: Grabbitz|move: Protect
|
|-ability|p1a: Blaziken|Speed Boost|boost
|-boost|p1a: Blaziken|spe|1
|upkeep
|turn|5
|
|t:|1784910711
|move|p1a: Blaziken|Rock Slide|p2a: Grabbitz|[spread] p2a,p2b
|-crit|p2a: Grabbitz
|-damage|p2a: Grabbitz|35/100
|-damage|p2b: Panic!|0 fnt
|faint|p2b: Panic!
|cant|p2a: Grabbitz|flinch
|
|-ability|p1a: Blaziken|Speed Boost|boost
|-boost|p1a: Blaziken|spe|1
|upkeep
|
|t:|1784910715
|switch|p2b: Skillet|Arcanine-Hisui, L50, F|100/100
|-ability|p2b: Skillet|Intimidate|boost
|-unboost|p1a: Blaziken|atk|1
|turn|6
|
|t:|1784910720
|move|p2b: Skillet|Extreme Speed|p1a: Blaziken
|-damage|p1a: Blaziken|62/100
|move|p1a: Blaziken|Rock Slide|p2a: Grabbitz|[spread] p2a,p2b
|-supereffective|p2b: Skillet|1
|-damage|p2a: Grabbitz|5/100
|-damage|p2b: Skillet|58/100
|move|p2a: Grabbitz|Zap Cannon|p1a: Blaziken
|-damage|p1a: Blaziken|0 fnt
|faint|p1a: Blaziken
|
|win|s!dd_1
||pikatrod is ready for game 2.
||s!dd_1 is ready for game 2.
|uhtml|next|Next: Game 2 of 3
