|j|☆robby w
|j|☆Littlenap
|html|robby wLittlenap    
|uhtml|bestof|Game 2 of a best-of-3
|t:|1756576126
|gametype|doubles
|player|p1|robby w|pokekid|1274
|player|p2|Littlenap|dawn|1188
|gen|9
|tier|[Gen 9] VGC 2025 Reg H (Bo3)
|rated|
|rule|Species Clause: Limit one of each Pokémon
|rule|Item Clause: Limit 1 of each item
|clearpoke
|poke|p1|Dondozo, L50, F|
|poke|p1|Tatsugiri, L50, F|
|poke|p1|Sneasler, L50, F|
|poke|p1|Indeedee, L50, M|
|poke|p1|Annihilape, L50, M|
|poke|p1|Gholdengo, L50|
|poke|p2|Kommo-o, L50, F|
|poke|p2|Tyranitar, L50, M|
|poke|p2|Excadrill, L50, M|
|poke|p2|Samurott-Hisui, L50, M|
|poke|p2|Corviknight, L50, M|
|poke|p2|Indeedee, L50, M|
|teampreview|4
|showteam|p1|Dondozo||Leftovers|Unaware|Protect,WaveCrash,Earthquake,OrderUp|||F|||50|,,,,,Grass]Tatsugiri||ChoiceScarf|Commander|DragonPulse,IcyWind,DracoMeteor,MuddyWater|||F|||50|,,,,,Stellar]Sneasler||PsychicSeed|Unburden|DireClaw,CloseCombat,Protect,ThroatChop|||F|||50|,,,,,Dark]Indeedee||FocusSash|PsychicSurge|DazzlingGleam,HelpingHand,ExpandingForce,Protect|||M|||50|,,,,,Fairy]Annihilape||SafetyGoggles|Defiant|CloseCombat,RageFist,Protect,Taunt|||M|||50|,,,,,Fighting]Gholdengo||LifeOrb|GoodasGold|MakeItRain,Protect,NastyPlot,ShadowBall||||||50|,,,,,Fire
|showteam|p2|Kommo-o||ChoiceSpecs|Overcoat|ClangingScales,DracoMeteor,AuraSphere,TeraBlast|||F|||50|,,,,,Ghost]Tyranitar||ChoiceScarf|SandStream|RockSlide,KnockOff,TeraBlast,LowKick|||M|||50|,,,,,Flying]Excadrill||FocusSash|SandRush|HighHorsepower,IronHead,RockSlide,Protect|||M|||50|,,,,,Ghost]Samurott-Hisui||AssaultVest|Sharpness|NightSlash,RazorShell,SacredSword,SuckerPunch|||M|||50|,,,,,Grass]Corviknight||SitrusBerry|MirrorArmor|BulkUp,BraveBird,Taunt,Roost|||M|||50|,,,,,Dragon]Indeedee||PsychicSeed|PsychicSurge|Imprison,ExpandingForce,TrickRoom,Protect|||M|||50|,,,,,Fairy
|inactive|Battle timer is ON: inactive players will automatically lose when time's up. (requested by Littlenap)
|
|t:|1756576150
|teamsize|p1|4
|teamsize|p2|4
|start
|switch|p1a: Dondozo|Dondozo, L50, F, shiny|100/100
|switch|p1b: Sneasler|Sneasler, L50, F|100/100
|switch|p2a: Indeedee|Indeedee, L50, M|100/100
|switch|p2b: Tyranitar|Tyranitar, L50, M|100/100
|-weather|Sandstorm|[from] ability: Sand Stream|[of] p2b: Tyranitar
|-fieldstart|move: Psychic Terrain|[from] ability: Psychic Surge|[of] p2a: Indeedee
|-enditem|p1b: Sneasler|Psychic Seed
|-boost|p1b: Sneasler|spd|1|[from] item: Psychic Seed
|-enditem|p2a: Indeedee|Psychic Seed
|-boost|p2a: Indeedee|spd|1|[from] item: Psychic Seed
|turn|1
|
|t:|1756576174
|-terastallize|p1b: Sneasler|Dark
|-terastallize|p2b: Tyranitar|Flying
|move|p1a: Dondozo|Protect|p1a: Dondozo
|-singleturn|p1a: Dondozo|Protect
|move|p1b: Sneasler|Throat Chop|p2a: Indeedee
|-supereffective|p2a: Indeedee
|-damage|p2a: Indeedee|0 fnt
|faint|p2a: Indeedee
|move|p2b: Tyranitar|Tera Blast|p1b: Sneasler|[anim] Tera Blast Flying
|-damage|p1b: Sneasler|24/100
|
|-weather|Sandstorm|[upkeep]
|-damage|p1b: Sneasler|19/100|[from] Sandstorm
|-damage|p2b: Tyranitar|95/100|[from] Sandstorm
|-damage|p1a: Dondozo|94/100|[from] Sandstorm
|-heal|p1a: Dondozo|100/100|[from] item: Leftovers
|upkeep
|
|t:|1756576187
|switch|p2a: Excadrill|Excadrill, L50, M|100/100
|turn|2
|
|t:|1756576202
|switch|p2b: Kommo-o|Kommo-o, L50, F|100/100
|switch|p1a: Indeedee|Indeedee, L50, M|100/100
|move|p1b: Sneasler|Dire Claw|p2b: Kommo-o
|-damage|p2b: Kommo-o|61/100
|-status|p2b: Kommo-o|slp
|move|p2a: Excadrill|Rock Slide|p1b: Sneasler|[spread] p1a,p1b
|-damage|p1a: Indeedee|53/100
|-damage|p1b: Sneasler|0 fnt
|faint|p1b: Sneasler
|
|-weather|Sandstorm|[upkeep]
|-damage|p1a: Indeedee|47/100|[from] Sandstorm
|upkeep
|
|t:|1756576218
|switch|p1b: Dondozo|Dondozo, L50, F, shiny|100/100
|turn|3
|
|t:|1756576229
|switch|p1a: Tatsugiri|Tatsugiri, L50, F|100/100
|-activate|p1a: Tatsugiri|ability: Commander|[of] p1b: Dondozo
|-boost|p1b: Dondozo|atk|2
|-boost|p1b: Dondozo|spa|2
|-boost|p1b: Dondozo|spe|2
|-boost|p1b: Dondozo|def|2
|-boost|p1b: Dondozo|spd|2
|move|p2a: Excadrill|Protect|p2a: Excadrill
|-singleturn|p2a: Excadrill|Protect
|move|p1b: Dondozo|Earthquake|p2b: Kommo-o|[spread] p2b
|-miss|p1b: Dondozo|p1a: Tatsugiri
|-activate|p2a: Excadrill|move: Protect
|-damage|p2b: Kommo-o|24/100 slp
|cant|p2b: Kommo-o|slp
|
|-weather|Sandstorm|[upkeep]
|-damage|p1a: Tatsugiri|95/100|[from] Sandstorm
|-damage|p1b: Dondozo|94/100|[from] Sandstorm
|-heal|p1b: Dondozo|100/100|[from] item: Leftovers
|upkeep
|turn|4
|inactive|Littlenap has 30 seconds left.
|
|t:|1756576261
|move|p2a: Excadrill|High Horsepower|p1b: Dondozo
|-damage|p1b: Dondozo|82/100
|move|p1b: Dondozo|Earthquake|p2b: Kommo-o|[spread] p2a,p2b
|-miss|p1b: Dondozo|p1a: Tatsugiri
|-supereffective|p2a: Excadrill
|-enditem|p2a: Excadrill|Focus Sash
|-damage|p2a: Excadrill|1/100
|-damage|p2b: Kommo-o|0 fnt
|faint|p2b: Kommo-o
|
|-weather|Sandstorm|[upkeep]
|-damage|p1a: Tatsugiri|89/100|[from] Sandstorm
|-damage|p1b: Dondozo|76/100|[from] Sandstorm
|-heal|p1b: Dondozo|82/100|[from] item: Leftovers
|upkeep
|
|t:|1756576269
|switch|p2b: Tyranitar|Tyranitar, L50, M, tera:Flying|95/100
|turn|5
|
|t:|1756576282
|move|p2a: Excadrill|Rock Slide|p1b: Dondozo|[spread] p1b
|-miss|p2a: Excadrill|p1a: Tatsugiri
|-damage|p1b: Dondozo|74/100
|move|p2b: Tyranitar|Rock Slide|p1a: Tatsugiri|[spread] p1b
|-miss|p2b: Tyranitar|p1a: Tatsugiri
|-damage|p1b: Dondozo|64/100
|move|p1b: Dondozo|Wave Crash|p2b: Tyranitar
|-damage|p2b: Tyranitar|0 fnt
|faint|p2b: Tyranitar
|-damage|p1b: Dondozo|40/100|[from] Recoil
|
|-weather|none
|-heal|p1b: Dondozo|46/100|[from] item: Leftovers
|-fieldend|move: Psychic Terrain
|upkeep
|turn|6
|-message|Littlenap forfeited.
|
|win|robby w
|raw|robby w's rating: 1274 → 1293(+19 for winning)
|raw|Littlenap's rating: 1188 → 1169(-19 for losing)
|l|☆Littlenap
|player|p2|
