|j|☆Napo777
|j|☆dingo brad
|html|Napo777dingo brad    
|uhtml|bestof|Game 2 of a best-of-3
|t:|1785855097
|gametype|doubles
|player|p1|Napo777|nurse|
|player|p2|dingo brad|veteran|
|gen|9
|tier|[Gen 9 Champions] VGC 2026 Reg M-B (Bo3)
|rule|Species Clause: Limit one of each Pokémon
|rule|Item Clause: Limit 1 of each item
|clearpoke
|poke|p1|Raichu, L50, M|
|poke|p1|Primarina, L50, M|
|poke|p1|Gholdengo, L50|
|poke|p1|Meowscarada, L50, M|
|poke|p1|Staraptor, L50, F|
|poke|p1|Whimsicott, L50, M|
|poke|p2|Incineroar, L50, F|
|poke|p2|Kingambit, L50, M|
|poke|p2|Sinistcha, L50|
|poke|p2|Sneasler, L50, M|
|poke|p2|Blastoise, L50, F|
|poke|p2|Delphox, L50, M|
|teampreview|4
|showteam|p1|Raichu||RaichuniteY|LightningRod|FakeOut,ZapCannon,FocusBlast,Protect|Timid||M|||50|]Primarina||SitrusBerry|LiquidVoice|HyperVoice,CalmMind,DazzlingGleam,Protect|Modest||M|||50|]Gholdengo||FocusSash|GoodasGold|ShadowBall,PowerGem,MakeItRain,NastyPlot|Timid|||||50|]Meowscarada||LifeOrb|Overgrow|FlowerTrick,LowKick,SuckerPunch,Protect|Adamant||M|||50|]Staraptor||Staraptite|Intimidate|BraveBird,CloseCombat,Roost,Protect|Jolly||F|||50|]Whimsicott||OccaBerry|Prankster|Encore,Charm,Tailwind,Moonblast|Timid||M|||50|
|showteam|p2|Incineroar||SitrusBerry|Intimidate|FlareBlitz,ThroatChop,FakeOut,PartingShot|Impish||F|||50|]Kingambit||LifeOrb|Defiant|Protect,KowtowCleave,SwordsDance,SuckerPunch|Adamant||M|||50|]Sinistcha||OccaBerry|Hospitality|Protect,MatchaGotcha,RagePowder,TrickRoom|Bold|||||50|]Sneasler||FocusSash|PoisonTouch|PoisonJab,CloseCombat,FakeOut,QuickGuard|Jolly||M|||50|]Blastoise||Blastoisinite|RainDish|Protect,Waterfall,DarkPulse,ShellSmash|Modest||F|||50|]Delphox||Delphoxite|Blaze|Protect,HeatWave,Psychic,NastyPlot|Timid||M|||50|
|j| slaking-champions
|j| diguaaa
|j| a9106174
|
|t:|1785855205
|teamsize|p1|4
|teamsize|p2|4
|start
|switch|p1a: Raichu|Raichu, L50, M|100/100
|switch|p1b: Primarina|Primarina, L50, M|100/100
|switch|p2a: Sneasler|Sneasler, L50, M|100/100
|switch|p2b: Sinistcha|Sinistcha, L50|100/100
|turn|1
|
|t:|1785855258
|switch|p1b: Gholdengo|Gholdengo, L50|100/100
|move|p1a: Raichu|Fake Out|p2a: Sneasler
|-damage|p2a: Sneasler|85/100
|cant|p2a: Sneasler|flinch
|move|p2b: Sinistcha|Matcha Gotcha|p1b: Gholdengo|[spread] p1a,p1b
|-resisted|p1b: Gholdengo|1
|-damage|p1a: Raichu|67/100
|-damage|p1b: Gholdengo|86/100
|
|upkeep
|turn|2
|j| otenkoz
|
|t:|1785855301
|detailschange|p1a: Raichu|Raichu-Mega-Y, L50, M
|-mega|p1a: Raichu|Raichu|Raichunite Y
|move|p2b: Sinistcha|Rage Powder|p2b: Sinistcha
|-singleturn|p2b: Sinistcha|move: Rage Powder
|move|p1a: Raichu|Zap Cannon|p2b: Sinistcha
|-resisted|p2b: Sinistcha|1
|-damage|p2b: Sinistcha|66/100
|-status|p2b: Sinistcha|par
|move|p2a: Sneasler|Poison Jab|p1a: Raichu
|-damage|p1a: Raichu|0 fnt
|faint|p1a: Raichu
|move|p1b: Gholdengo|Shadow Ball|p2b: Sinistcha
|-supereffective|p2b: Sinistcha|1
|-damage|p2b: Sinistcha|0 fnt
|faint|p2b: Sinistcha
|
|upkeep
|
|t:|1785855314
|switch|p1a: Meowscarada|Meowscarada, L50, M|100/100
|switch|p2b: Delphox|Delphox, L50, M|100/100
|turn|3
|
|t:|1785855345
|detailschange|p2b: Delphox|Delphox-Mega, L50, M
|-mega|p2b: Delphox|Delphox|Delphoxite
|move|p1a: Meowscarada|Protect|p1a: Meowscarada
|-singleturn|p1a: Meowscarada|Protect
|move|p2b: Delphox|Nasty Plot|p2b: Delphox
|-boost|p2b: Delphox|spa|2
|move|p2a: Sneasler|Close Combat|p1a: Meowscarada
|-activate|p1a: Meowscarada|move: Protect
|move|p1b: Gholdengo|Shadow Ball|p2a: Sneasler
|-damage|p2a: Sneasler|29/100
|
|upkeep
|turn|4
|
|t:|1785855385
|move|p2a: Sneasler|Quick Guard|p2a: Sneasler
|-singleturn|p2a: Sneasler|Quick Guard
|move|p1a: Meowscarada|Sucker Punch|p2b: Delphox
|-activate|p2b: Delphox|move: Quick Guard
|move|p2b: Delphox|Heat Wave|p1b: Gholdengo|[spread] p1a,p1b
|-supereffective|p1a: Meowscarada|1
|-crit|p1a: Meowscarada
|-supereffective|p1b: Gholdengo|1
|-damage|p1a: Meowscarada|0 fnt
|-damage|p1b: Gholdengo|0 fnt
|faint|p1a: Meowscarada
|faint|p1b: Gholdengo
|
|upkeep
|
|t:|1785855392
|switch|p1b: Primarina|Primarina, L50, M|100/100
|turn|5
|
|t:|1785855397
|move|p2b: Delphox|Psychic|p1b: Primarina
|-damage|p1b: Primarina|3/100
|-enditem|p1b: Primarina|Sitrus Berry|[eat]
|-heal|p1b: Primarina|27/100|[from] item: Sitrus Berry
|move|p2a: Sneasler|Poison Jab|p1b: Primarina
|-supereffective|p1b: Primarina|1
|-crit|p1b: Primarina
|-damage|p1b: Primarina|0 fnt
|faint|p1b: Primarina
|
|win|dingo brad
||dingo brad is ready for game 3.
||Napo777 is ready for game 3.
|uhtml|next|Next: Game 3 of 3
|j| red821106
