|j|☆espectrometria
|j|☆plaidhaxx
|html|espectrometriaplaidhaxx    
|uhtml|bestof|Game 2 of a best-of-3
|t:|1785957844
|gametype|doubles
|player|p1|espectrometria|nate|
|player|p2|plaidhaxx|grimsley|
|gen|9
|tier|[Gen 9 Champions] VGC 2026 Reg M-B (Bo3)
|rule|Species Clause: Limit one of each Pokémon
|rule|Item Clause: Limit 1 of each item
|clearpoke
|poke|p1|Staraptor, L50, M|
|poke|p1|Tyranitar, L50, F|
|poke|p1|Excadrill, L50, M|
|poke|p1|Milotic, L50, F|
|poke|p1|Gholdengo, L50|
|poke|p1|Sinistcha, L50|
|poke|p2|Kommo-o, L50, F|
|poke|p2|Excadrill, L50, F|
|poke|p2|Tyranitar, L50, M|
|poke|p2|Grimmsnarl, L50, M|
|poke|p2|Scovillain, L50, M|
|poke|p2|Basculegion, L50, M|
|teampreview|4
|showteam|p1|Staraptor||Staraptite|Intimidate|Protect,CloseCombat,Tailwind,BraveBird|Jolly||M|||50|]Tyranitar||Tyranitarite|SandStream|KnockOff,RockSlide,LowKick,Protect|Jolly||F|||50|]Excadrill||FocusSash|SandRush|HighHorsepower,IronHead,RockSlide,Protect|Adamant||M|||50|]Milotic||SitrusBerry|Competitive|Scald,IceBeam,IcyWind,Protect|Bold||F|||50|]Gholdengo||LifeOrb|GoodasGold|MakeItRain,ShadowBall,NastyPlot,Protect|Modest|||||50|]Sinistcha||ColburBerry|Hospitality|MatchaGotcha,ShadowBall,RagePowder,Protect|Bold|||||50|
|showteam|p2|Kommo-o||Leftovers|Overcoat|ClangingScales,ClangorousSoul,AuraSphere,Protect|Modest||F|||50|]Excadrill||LifeOrb|SandRush|HighHorsepower,RockSlide,IronHead,Protect|Adamant||F|||50|]Tyranitar||Tyranitarite|SandStream|DragonDance,RockSlide,KnockOff,Protect|Jolly||M|||50|]Grimmsnarl||LightClay|Prankster|SpiritBreak,LightScreen,Reflect,FakeOut|Impish||M|||50|]Scovillain||Scovillainite|Moody|Protect,RagePowder,Overheat,EnergyBall|Bold||M|||50|]Basculegion||ChoiceScarf|Adaptability|WaveCrash,LastRespects,AquaJet,FlipTurn|Adamant||M|||50|
|inactive|Battle timer is ON: inactive players will automatically lose when time's up. (requested by espectrometria)
|
|t:|1785957896
|teamsize|p1|4
|teamsize|p2|4
|start
|switch|p1a: Milotic|Milotic, L50, F|100/100
|switch|p1b: Sinistcha|Sinistcha, L50|100/100
|switch|p2a: Tyranitar|Tyranitar, L50, M|100/100
|switch|p2b: Grimmsnarl|Grimmsnarl, L50, M|100/100
|-weather|Sandstorm|[from] ability: Sand Stream|[of] p2a: Tyranitar
|turn|1
|inactive|espectrometria has 30 seconds left.
|inactive|plaidhaxx has 30 seconds left.
|inactive|plaidhaxx has 20 seconds left.
|
|t:|1785957944
|switch|p1b: Tyranitar|Tyranitar, L50, F|100/100
|move|p2b: Grimmsnarl|Light Screen|p2b: Grimmsnarl
|-sidestart|p2: plaidhaxx|move: Light Screen
|move|p2a: Tyranitar|Knock Off|p1a: Milotic
|-damage|p1a: Milotic|52/100
|-enditem|p1a: Milotic|Sitrus Berry|[from] move: Knock Off|[of] p2a: Tyranitar
|move|p1a: Milotic|Icy Wind|p2a: Tyranitar|[spread] p2a,p2b
|-damage|p2a: Tyranitar|95/100
|-damage|p2b: Grimmsnarl|92/100
|-unboost|p2a: Tyranitar|spe|1
|-unboost|p2b: Grimmsnarl|spe|1
|
|-weather|Sandstorm|[upkeep]
|-damage|p1a: Milotic|46/100|[from] Sandstorm
|-damage|p2b: Grimmsnarl|86/100|[from] Sandstorm
|upkeep
|turn|2
|inactive|plaidhaxx has 30 seconds left.
|inactive|plaidhaxx has 20 seconds left.
|inactive|plaidhaxx has 15 seconds left.
|inactive|plaidhaxx has 10 seconds left.
|
|t:|1785957993
|switch|p2a: Basculegion|Basculegion, L50, M|100/100
|move|p1a: Milotic|Protect|p1a: Milotic
|-singleturn|p1a: Milotic|Protect
|move|p2b: Grimmsnarl|Reflect|p2b: Grimmsnarl
|-sidestart|p2: plaidhaxx|Reflect
|move|p1b: Tyranitar|Low Kick|p2a: Basculegion
|-immune|p2a: Basculegion
|
|-weather|Sandstorm|[upkeep]
|-damage|p2a: Basculegion|93/100|[from] Sandstorm
|-damage|p1a: Milotic|40/100|[from] Sandstorm
|-damage|p2b: Grimmsnarl|80/100|[from] Sandstorm
|upkeep
|turn|3
|inactive|espectrometria has 30 seconds left.
|inactive|plaidhaxx has 30 seconds left.
|
|t:|1785958026
|switch|p1a: Sinistcha|Sinistcha, L50|100/100
|switch|p2b: Scovillain|Scovillain, L50, M|100/100
|move|p1b: Tyranitar|Protect|p1b: Tyranitar
|-singleturn|p1b: Tyranitar|Protect
|move|p2a: Basculegion|Wave Crash|p1b: Tyranitar
|-activate|p1b: Tyranitar|move: Protect
|
|-weather|Sandstorm|[upkeep]
|-damage|p2a: Basculegion|87/100|[from] Sandstorm
|-damage|p2b: Scovillain|94/100|[from] Sandstorm
|-damage|p1a: Sinistcha|93/100|[from] Sandstorm
|-ability|p2b: Scovillain|Moody|boost
|-boost|p2b: Scovillain|spe|2
|-unboost|p2b: Scovillain|spd|1
|upkeep
|turn|4
|inactive|plaidhaxx has 30 seconds left.
|inactive|plaidhaxx has 20 seconds left.
|
|t:|1785958064
|detailschange|p2b: Scovillain|Scovillain-Mega, L50, M
|-mega|p2b: Scovillain|Scovillain|Scovillainite
|move|p2b: Scovillain|Rage Powder|p2b: Scovillain
|-singleturn|p2b: Scovillain|move: Rage Powder
|move|p1a: Sinistcha|Rage Powder|p1a: Sinistcha
|-singleturn|p1a: Sinistcha|move: Rage Powder
|move|p2a: Basculegion|Wave Crash|p1a: Sinistcha
|-resisted|p1a: Sinistcha|1
|-damage|p1a: Sinistcha|59/100
|-damage|p2a: Basculegion|77/100|[from] Recoil
|move|p1b: Tyranitar|Knock Off|p2b: Scovillain
|-damage|p2b: Scovillain|75/100
|-status|p1b: Tyranitar|brn|[from] ability: Spicy Spray|[of] p2b: Scovillain
|
|-weather|Sandstorm|[upkeep]
|-damage|p2a: Basculegion|71/100|[from] Sandstorm
|-damage|p2b: Scovillain|69/100|[from] Sandstorm
|-damage|p1a: Sinistcha|53/100|[from] Sandstorm
|-damage|p1b: Tyranitar|93/100 brn|[from] brn
|upkeep
|turn|5
|
|t:|1785958087
|move|p1b: Tyranitar|Protect|p1b: Tyranitar
|-singleturn|p1b: Tyranitar|Protect
|move|p2a: Basculegion|Wave Crash|p1b: Tyranitar
|-activate|p1b: Tyranitar|move: Protect
|move|p2b: Scovillain|Overheat|p1a: Sinistcha
|-supereffective|p1a: Sinistcha|1
|-damage|p1a: Sinistcha|0 fnt
|-unboost|p2b: Scovillain|spa|2
|faint|p1a: Sinistcha
|
|-weather|none
|-damage|p1b: Tyranitar|87/100 brn|[from] brn
|upkeep
|
|t:|1785958104
|switch|p1a: Milotic|Milotic, L50, F|40/100
|turn|6
|inactive|espectrometria has 30 seconds left.
|
|t:|1785958134
|detailschange|p1b: Tyranitar|Tyranitar-Mega, L50, F
|-mega|p1b: Tyranitar|Tyranitar|Tyranitarite
|-weather|Sandstorm|[from] ability: Sand Stream|[of] p1b: Tyranitar
|move|p2a: Basculegion|Wave Crash|p1b: Tyranitar
|-supereffective|p1b: Tyranitar|1
|-damage|p1b: Tyranitar|0 fnt
|faint|p1b: Tyranitar
|-damage|p2a: Basculegion|42/100|[from] Recoil
|move|p2b: Scovillain|Energy Ball|p1a: Milotic
|-supereffective|p1a: Milotic|1
|-damage|p1a: Milotic|7/100
|move|p1a: Milotic|Scald|p2a: Basculegion
|-resisted|p2a: Basculegion|1
|-damage|p2a: Basculegion|30/100
|-status|p2a: Basculegion|brn
|
|-weather|Sandstorm|[upkeep]
|-damage|p2a: Basculegion|24/100 brn|[from] Sandstorm
|-damage|p2b: Scovillain|63/100|[from] Sandstorm
|-damage|p1a: Milotic|1/100|[from] Sandstorm
|-damage|p2a: Basculegion|18/100 brn|[from] brn
|upkeep
|
|t:|1785958139
|switch|p1b: Staraptor|Staraptor, L50, M|100/100
|-ability|p1b: Staraptor|Intimidate|boost
|-unboost|p2a: Basculegion|atk|1
|-unboost|p2b: Scovillain|atk|1
|turn|7
|
|t:|1785958163
|move|p2b: Scovillain|Rage Powder|p2b: Scovillain
|-singleturn|p2b: Scovillain|move: Rage Powder
|move|p2a: Basculegion|Wave Crash|p1a: Milotic
|-resisted|p1a: Milotic|1
|-damage|p1a: Milotic|0 fnt
|faint|p1a: Milotic
|-damage|p2a: Basculegion|18/100 brn|[from] Recoil
|move|p1b: Staraptor|Brave Bird|p2b: Scovillain
|-supereffective|p2b: Scovillain|1
|-damage|p2b: Scovillain|0 fnt
|-status|p1b: Staraptor|brn|[from] ability: Spicy Spray|[of] p2b: Scovillain
|faint|p2b: Scovillain
|-damage|p1b: Staraptor|80/100 brn|[from] Recoil
|
|-weather|Sandstorm|[upkeep]
|-damage|p2a: Basculegion|12/100 brn|[from] Sandstorm
|-damage|p1b: Staraptor|73/100 brn|[from] Sandstorm
|-damage|p2a: Basculegion|6/100 brn|[from] brn
|-damage|p1b: Staraptor|67/100 brn|[from] brn
|upkeep
|inactive|plaidhaxx has 30 seconds left.
|
|t:|1785958190
|switch|p2b: Tyranitar|Tyranitar, L50, M|95/100
|turn|8
|inactive|espectrometria has 30 seconds left.
|inactive|espectrometria has 20 seconds left.
|inactive|espectrometria has 15 seconds left.
|inactive|espectrometria has 10 seconds left.
|inactive|espectrometria has 5 seconds left.
|
|t:|1785958245
|switch|p2a: Grimmsnarl|Grimmsnarl, L50, M|80/100
|move|p1b: Staraptor|Protect|p1b: Staraptor
|-singleturn|p1b: Staraptor|Protect
|move|p2b: Tyranitar|Protect||[still]
|-fail|p2b: Tyranitar
|
|-weather|Sandstorm|[upkeep]
|-damage|p1b: Staraptor|61/100 brn|[from] Sandstorm
|-damage|p2a: Grimmsnarl|74/100|[from] Sandstorm
|-damage|p1b: Staraptor|55/100 brn|[from] brn
|-sideend|p2: plaidhaxx|move: Light Screen
|upkeep
|turn|9
|
|t:|1785958259
|move|p2a: Grimmsnarl|Fake Out|p1b: Staraptor
|-damage|p1b: Staraptor|42/100 brn
|cant|p1b: Staraptor|flinch
|move|p2b: Tyranitar|Rock Slide|p1b: Staraptor
|-supereffective|p1b: Staraptor|1
|-damage|p1b: Staraptor|0 fnt
|faint|p1b: Staraptor
|
|win|plaidhaxx
