|j|☆Lyon Grey
|j|☆bestboi8989
|html|Lyon Greybestboi8989    
|uhtml|bestof|Game 1 of a best-of-3
|t:|1757838158
|gametype|doubles
|player|p1|Lyon Grey|shadowtriad|1058
|player|p2|bestboi8989|169|1107
|gen|9
|tier|[Gen 9] VGC 2025 Reg H (Bo3)
|rated|
|rule|Species Clause: Limit one of each Pokémon
|rule|Item Clause: Limit 1 of each item
|clearpoke
|poke|p1|Rillaboom, L50, M|
|poke|p1|Archaludon, L50, M|
|poke|p1|Incineroar, L50, M|
|poke|p1|Ursaluna-Bloodmoon, L50, M|
|poke|p1|Dondozo, L50, F|
|poke|p1|Pelipper, L50, M|
|poke|p2|Indeedee, L50, M|
|poke|p2|Sneasler, L50, F|
|poke|p2|Excadrill, L50, M|
|poke|p2|Magmar, L50, F|
|poke|p2|Corviknight, L50, F|
|poke|p2|Tyranitar, L50, M|
|teampreview|4
|showteam|p1|Rillaboom||ClearAmulet|GrassySurge|WoodHammer,GrassyGlide,HighHorsepower,FakeOut|||M|||50|,,,,,Fire]Archaludon||PowerHerb|Stamina|Protect,DracoMeteor,ElectroShot,BodyPress|||M|||50|,,,,,Flying]Incineroar||MirrorHerb|Intimidate|KnockOff,PartingShot,FlareBlitz,FakeOut|||M|||50|,,,,,Ghost]Ursaluna-Bloodmoon||AssaultVest|MindsEye|HyperVoice,BloodMoon,EarthPower,VacuumWave|||M|||50|,,,,,Ghost]Dondozo||RockyHelmet|Unaware|WaveCrash,Yawn,Protect,Soak|||F|||50|,,,,,Grass]Pelipper||FocusSash|Drizzle|Hurricane,WeatherBall,Tailwind,Soak|||M|||50|,,,,,Ghost
|showteam|p2|Indeedee||ChoiceScarf|PsychicSurge|ExpandingForce,TeraBlast,Trick,Protect|||M|||50|,,,,,Psychic]Sneasler||WhiteHerb|Unburden|FakeOut,CloseCombat,DireClaw,Coaching|||F|||50|,,,,,Flying]Excadrill||FocusSash|SandRush|Earthquake,IronHead,SwordsDance,Protect|||M|||50|,,,,,Ground]Magmar||Eviolite|VitalSpirit|HeatWave,FollowMe,HelpingHand,Protect|||F|||50|,,,,,Flying]Corviknight||PsychicSeed|MirrorArmor|BraveBird,PowerTrip,BulkUp,Roost|||F|||50|,,,,,Water]Tyranitar||AssaultVest|SandStream|RockSlide,KnockOff,LowKick,TeraBlast|||M|||50|,,,,,Flying
|inactive|Battle timer is ON: inactive players will automatically lose when time's up. (requested by Lyon Grey)
|inactive|Lyon Grey has 60 seconds left.
|inactive|bestboi8989 has 60 seconds left.
|inactive|Lyon Grey has 30 seconds left.
|inactive|Lyon Grey has 20 seconds left.
|inactive|Lyon Grey has 15 seconds left.
|
|t:|1757838235
|teamsize|p1|4
|teamsize|p2|4
|start
|switch|p1a: Pelipper|Pelipper, L50, M, shiny|100/100
|switch|p1b: Great Dozy|Dondozo, L50, F, shiny|100/100
|switch|p2a: Corviknight|Corviknight, L50, F|100/100
|switch|p2b: Sneasler|Sneasler, L50, F|100/100
|-weather|RainDance|[from] ability: Drizzle|[of] p1a: Pelipper
|turn|1
|inactive|Lyon Grey has 30 seconds left.
|inactive|bestboi8989 has 30 seconds left.
|inactive|bestboi8989 has 20 seconds left.
|inactive|bestboi8989 has 15 seconds left.
|inactive|bestboi8989 has 10 seconds left.
|
|t:|1757838283
|-terastallize|p2a: Corviknight|Water
|move|p2b: Sneasler|Fake Out|p1a: Pelipper
|-damage|p1a: Pelipper|83/100
|cant|p1a: Pelipper|flinch
|move|p2a: Corviknight|Bulk Up|p2a: Corviknight
|-boost|p2a: Corviknight|atk|1
|-boost|p2a: Corviknight|def|1
|move|p1b: Great Dozy|Yawn|p2a: Corviknight
|-start|p2a: Corviknight|move: Yawn|[of] p1b: Great Dozy
|
|-weather|RainDance|[upkeep]
|upkeep
|turn|2
|inactive|Lyon Grey has 30 seconds left.
|inactive|bestboi8989 has 30 seconds left.
|inactive|Lyon Grey has 20 seconds left.
|inactive|Lyon Grey has 15 seconds left.
|inactive|Lyon Grey has 10 seconds left.
|
|t:|1757838330
|move|p2b: Sneasler|Dire Claw|p1b: Great Dozy
|-damage|p1b: Great Dozy|74/100
|-damage|p2b: Sneasler|84/100|[from] item: Rocky Helmet|[of] p1b: Great Dozy
|move|p1a: Pelipper|Hurricane|p2b: Sneasler
|-supereffective|p2b: Sneasler
|-damage|p2b: Sneasler|0 fnt
|faint|p2b: Sneasler
|move|p2a: Corviknight|Brave Bird|p1a: Pelipper
|-damage|p1a: Pelipper|0 fnt
|faint|p1a: Pelipper
|-damage|p2a: Corviknight|82/100|[from] Recoil
|move|p1b: Great Dozy|Wave Crash|p2a: Corviknight
|-resisted|p2a: Corviknight
|-damage|p2a: Corviknight|53/100
|-damage|p1b: Great Dozy|67/100|[from] Recoil
|
|-weather|RainDance|[upkeep]
|-end|p2a: Corviknight|move: Yawn|[silent]
|-status|p2a: Corviknight|slp
|upkeep
|inactive|Lyon Grey has 30 seconds left.
|
|t:|1757838362
|switch|p2b: Indeedee|Indeedee, L50, M|100/100
|switch|p1a: Archie|Archaludon, L50, M, shiny|100/100
|-fieldstart|move: Psychic Terrain|[from] ability: Psychic Surge|[of] p2b: Indeedee
|-enditem|p2a: Corviknight|Psychic Seed
|-boost|p2a: Corviknight|spd|1|[from] item: Psychic Seed
|turn|3
|
|t:|1757838386
|move|p2b: Indeedee|Expanding Force|p1a: Archie|[spread] p1a,p1b
|-resisted|p1a: Archie
|-damage|p1a: Archie|69/100
|-damage|p1b: Great Dozy|28/100
|-ability|p1a: Archie|Stamina|boost
|-boost|p1a: Archie|def|1
|move|p1a: Archie|Electro Shot||[still]
|-prepare|p1a: Archie|Electro Shot
|-boost|p1a: Archie|spa|1
|-anim|p1a: Archie|Electro Shot|p2b: Indeedee
|-damage|p2b: Indeedee|3/100
|cant|p2a: Corviknight|slp
|move|p1b: Great Dozy|Soak|p2b: Indeedee
|-start|p2b: Indeedee|typechange|Water
|
|-weather|RainDance|[upkeep]
|upkeep
|turn|4
|inactive|bestboi8989 has 30 seconds left.
|
|t:|1757838412
|move|p2b: Indeedee|Expanding Force|p1b: Great Dozy|[spread] p1a,p1b
|-resisted|p1a: Archie
|-crit|p1b: Great Dozy
|-damage|p1a: Archie|47/100
|-damage|p1b: Great Dozy|0 fnt
|-ability|p1a: Archie|Stamina|boost
|-boost|p1a: Archie|def|1
|faint|p1b: Great Dozy
|move|p1a: Archie|Electro Shot||[still]
|-prepare|p1a: Archie|Electro Shot
|-boost|p1a: Archie|spa|1
|-anim|p1a: Archie|Electro Shot|p2a: Corviknight
|-supereffective|p2a: Corviknight
|-damage|p2a: Corviknight|0 fnt
|faint|p2a: Corviknight
|
|-weather|RainDance|[upkeep]
|upkeep
|
|t:|1757838424
|switch|p2a: Magmar|Magmar, L50, F|100/100
|switch|p1b: Bloodmoon|Ursaluna-Bloodmoon, L50, M|100/100
|turn|5
|
|t:|1757838440
|move|p2a: Magmar|Follow Me|p2a: Magmar
|-singleturn|p2a: Magmar|move: Follow Me
|move|p2b: Indeedee|Expanding Force|p1a: Archie|[spread] p1a,p1b
|-resisted|p1a: Archie
|-damage|p1a: Archie|23/100
|-damage|p1b: Bloodmoon|69/100
|-ability|p1a: Archie|Stamina|boost
|-boost|p1a: Archie|def|1
|move|p1a: Archie|Electro Shot||[still]
|-prepare|p1a: Archie|Electro Shot
|-boost|p1a: Archie|spa|1
|-anim|p1a: Archie|Electro Shot|p2a: Magmar
|-damage|p2a: Magmar|13/100
|move|p1b: Bloodmoon|Hyper Voice|p2b: Indeedee|[spread] p2a,p2b
|-damage|p2a: Magmar|0 fnt
|-damage|p2b: Indeedee|0 fnt
|faint|p2a: Magmar
|faint|p2b: Indeedee
|
|win|Lyon Grey
||Lyon Grey is ready for game 2.
|inactive|bestboi8989 has 30 seconds to confirm battle start!
||bestboi8989 is ready for game 2.
|uhtml|next|Next: Game 2 of 3
|l|☆Lyon Grey
|player|p1|
