|j|☆Curebo
|j|☆pbroderick14
|html|Curebopbroderick14    
|uhtml|bestof|Game 1 of a best-of-3
|t:|1782328526
|gametype|doubles
|player|p1|Curebo|clay|1000
|player|p2|pbroderick14|170|1118
|gen|9
|tier|[Gen 9 Champions] VGC 2026 Reg M-B (Bo3)
|rated|
|rule|Species Clause: Limit one of each Pokémon
|rule|Item Clause: Limit 1 of each item
|clearpoke
|poke|p1|Excadrill, L50, M, shiny|
|poke|p1|Tyranitar, L50, M, shiny|
|poke|p1|Corviknight, L50, F, shiny|
|poke|p1|Hydreigon, L50, F, shiny|
|poke|p1|Scovillain, L50, M, shiny|
|poke|p1|Houndstone, L50, M, shiny|
|poke|p2|Swampert, L50, F|
|poke|p2|Pelipper, L50, M|
|poke|p2|Archaludon, L50, F|
|poke|p2|Sableye, L50, F|
|poke|p2|Basculegion, L50, M|
|poke|p2|Venusaur, L50, F|
|teampreview|4
|showteam|p1|Excadrill||FocusSash|SandRush|Earthquake,IronHead,RockSlide,Protect|Adamant||M|||50|]Tyranitar||Tyranitarite|SandStream|RockSlide,KnockOff,LowKick,Protect|Adamant||M|||50|]Corviknight||Leftovers|MirrorArmor|BraveBird,BulkUp,Roost,Tailwind|Careful||F|||50|]Hydreigon||ChoiceScarf|Levitate|DracoMeteor,DarkPulse,HeatWave,Snarl|Modest||F|||50|]Scovillain||Scovillainite|Moody|Overheat,GigaDrain,RagePowder,Protect|Calm||M|||50|]Houndstone||SitrusBerry|SandRush|LastRespects,WillOWisp,BodyPress,Protect|Adamant||M|||50|
|showteam|p2|Swampert||Swampertite|Damp|Protect,WaveCrash,Earthquake,FlipTurn|Adamant||F|||50|]Pelipper||FocusSash|Drizzle|Protect,Tailwind,Hurricane,WeatherBall|Modest||M|||50|]Archaludon||Leftovers|Stamina|Protect,ElectroShot,DragonPulse,FlashCannon|Bold||F|||50|]Sableye||RoseliBerry|Prankster|RainDance,Reflect,LightScreen,WillOWisp|Careful||F|||50|]Basculegion||ChoiceScarf|Adaptability|FlipTurn,WaveCrash,AquaJet,LastRespects|Jolly||M|||50|]Venusaur||Venusaurite|Chlorophyll|Protect,SludgeBomb,EarthPower,GigaDrain|Bold||F|||50|
|inactive|Battle timer is ON: inactive players will automatically lose when time's up. (requested by Curebo)
|inactive|Curebo has 60 seconds left.
|inactive|Curebo has 30 seconds left.
|inactive|pbroderick14 has 60 seconds left.
|inactive|Curebo has 20 seconds left.
|
|t:|1782328598
|teamsize|p1|4
|teamsize|p2|4
|start
|switch|p1a: Corvo della notte|Corviknight, L50, F, shiny|100/100
|switch|p1b: Tormentilla|Tyranitar, L50, M, shiny|100/100
|switch|p2a: Sableye|Sableye, L50, F|100/100
|switch|p2b: Venusaur|Venusaur, L50, F|100/100
|-weather|Sandstorm|[from] ability: Sand Stream|[of] p1b: Tormentilla
|turn|1
|inactive|pbroderick14 has 30 seconds left.
|
|t:|1782328624
|detailschange|p2b: Venusaur|Venusaur-Mega, L50, F
|-mega|p2b: Venusaur|Venusaur|Venusaurite
|move|p1b: Tormentilla|Protect|p1b: Tormentilla
|-singleturn|p1b: Tormentilla|Protect
|move|p2a: Sableye|Reflect|p2a: Sableye
|-sidestart|p2: pbroderick14|Reflect
|move|p1a: Corvo della notte|Tailwind|p1a: Corvo della notte
|-sidestart|p1: Curebo|move: Tailwind
|move|p2b: Venusaur|Giga Drain|p1b: Tormentilla
|-activate|p1b: Tormentilla|move: Protect
|
|-weather|Sandstorm|[upkeep]
|-damage|p2b: Venusaur|94/100|[from] Sandstorm
|-damage|p2a: Sableye|94/100|[from] Sandstorm
|upkeep
|turn|2
|inactive|Curebo has 30 seconds left.
|inactive|Curebo has 20 seconds left.
|inactive|Curebo has 15 seconds left.
|inactive|Curebo has 10 seconds left.
|
|t:|1782328674
|move|p2a: Sableye|Will-O-Wisp|p1a: Corvo della notte
|-status|p1a: Corvo della notte|brn
|move|p1a: Corvo della notte|Brave Bird|p2b: Venusaur
|-supereffective|p2b: Venusaur|1
|-damage|p2b: Venusaur|77/100
|-damage|p1a: Corvo della notte|94/100 brn|[from] Recoil
|move|p1b: Tormentilla|Rock Slide|p2a: Sableye|[spread] p2a,p2b
|-damage|p2a: Sableye|63/100
|-damage|p2b: Venusaur|64/100
|move|p2b: Venusaur|Giga Drain|p1b: Tormentilla
|-supereffective|p1b: Tormentilla|1
|-damage|p1b: Tormentilla|61/100
|-heal|p2b: Venusaur|85/100|[from] drain|[of] p1b: Tormentilla
|
|-weather|Sandstorm|[upkeep]
|-damage|p2b: Venusaur|79/100|[from] Sandstorm
|-damage|p2a: Sableye|57/100|[from] Sandstorm
|-heal|p1a: Corvo della notte|100/100 brn|[from] item: Leftovers
|-damage|p1a: Corvo della notte|94/100 brn|[from] brn
|upkeep
|turn|3
|inactive|Curebo has 30 seconds left.
|inactive|Curebo has 20 seconds left.
|
|t:|1782328712
|move|p1b: Tormentilla|Protect|p1b: Tormentilla
|-singleturn|p1b: Tormentilla|Protect
|move|p2a: Sableye|Rain Dance|p2a: Sableye
|-weather|RainDance
|move|p1a: Corvo della notte|Bulk Up|p1a: Corvo della notte
|-boost|p1a: Corvo della notte|atk|1
|-boost|p1a: Corvo della notte|def|1
|move|p2b: Venusaur|Giga Drain|p1b: Tormentilla
|-activate|p1b: Tormentilla|move: Protect
|
|-weather|RainDance|[upkeep]
|-heal|p1a: Corvo della notte|100/100 brn|[from] item: Leftovers
|-damage|p1a: Corvo della notte|94/100 brn|[from] brn
|upkeep
|turn|4
|inactive|Curebo has 30 seconds left.
|inactive|Curebo has 20 seconds left.
|inactive|Curebo has 15 seconds left.
|
|t:|1782328755
|switch|p2a: Archaludon|Archaludon, L50, F|100/100
|move|p1a: Corvo della notte|Bulk Up|p1a: Corvo della notte
|-boost|p1a: Corvo della notte|atk|1
|-boost|p1a: Corvo della notte|def|1
|move|p1b: Tormentilla|Rock Slide|p2b: Venusaur|[spread] p2a,p2b
|-resisted|p2a: Archaludon|1
|-crit|p2a: Archaludon
|-damage|p2a: Archaludon|86/100
|-damage|p2b: Venusaur|65/100
|-ability|p2a: Archaludon|Stamina|boost
|-boost|p2a: Archaludon|def|1
|move|p2b: Venusaur|Giga Drain|p1b: Tormentilla
|-supereffective|p1b: Tormentilla|1
|-damage|p1b: Tormentilla|11/100
|-heal|p2b: Venusaur|93/100|[from] drain|[of] p1b: Tormentilla
|
|-weather|RainDance|[upkeep]
|-heal|p1a: Corvo della notte|100/100 brn|[from] item: Leftovers
|-heal|p2a: Archaludon|92/100|[from] item: Leftovers
|-damage|p1a: Corvo della notte|94/100 brn|[from] brn
|-sideend|p1: Curebo|move: Tailwind
|upkeep
|turn|5
|inactive|Curebo has 30 seconds left.
|
|t:|1782328788
|detailschange|p1b: Tormentilla|Tyranitar-Mega, L50, M, shiny
|-mega|p1b: Tormentilla|Tyranitar|Tyranitarite
|-weather|Sandstorm|[from] ability: Sand Stream|[of] p1b: Tormentilla
|move|p1a: Corvo della notte|Brave Bird|p2b: Venusaur
|-supereffective|p2b: Venusaur|1
|-damage|p2b: Venusaur|57/100
|-damage|p1a: Corvo della notte|83/100 brn|[from] Recoil
|move|p2a: Archaludon|Electro Shot||[still]
|-prepare|p2a: Archaludon|Electro Shot
|-boost|p2a: Archaludon|spa|1
|move|p1b: Tormentilla|Knock Off|p2a: Archaludon
|-damage|p2a: Archaludon|75/100
|-ability|p2a: Archaludon|Stamina|boost
|-boost|p2a: Archaludon|def|1
|-enditem|p2a: Archaludon|Leftovers|[from] move: Knock Off|[of] p1b: Tormentilla
|move|p2b: Venusaur|Sludge Bomb|p1b: Tormentilla
|-resisted|p1b: Tormentilla|1
|-damage|p1b: Tormentilla|1/100
|
|-weather|Sandstorm|[upkeep]
|-damage|p2b: Venusaur|51/100|[from] Sandstorm
|-heal|p1a: Corvo della notte|89/100 brn|[from] item: Leftovers
|-damage|p1a: Corvo della notte|83/100 brn|[from] brn
|-sideend|p2: pbroderick14|Reflect
|upkeep
|turn|6
|inactive|Curebo has 30 seconds left.
|inactive|pbroderick14 has 30 seconds left.
|inactive|Curebo has 20 seconds left.
|inactive|Curebo has 15 seconds left.
|inactive|Curebo has 10 seconds left.
|
|t:|1782328834
|switch|p1a: Borer|Excadrill, L50, M, shiny|100/100
|move|p1b: Tormentilla|Rock Slide|p2b: Venusaur|[spread] p2b
|-miss|p1b: Tormentilla|p2a: Archaludon
|-damage|p2b: Venusaur|29/100
|move|p2a: Archaludon|Electro Shot|p1a: Borer|[from] lockedmove
|-immune|p1a: Borer
|cant|p2b: Venusaur|flinch
|
|-weather|Sandstorm|[upkeep]
|-damage|p2b: Venusaur|23/100|[from] Sandstorm
|upkeep
|turn|7
|inactive|Curebo has 30 seconds left.
|inactive|pbroderick14 has 30 seconds left.
|
|t:|1782328868
|switch|p2b: Pelipper|Pelipper, L50, M|100/100
|-weather|RainDance|[from] ability: Drizzle|[of] p2b: Pelipper
|move|p1b: Tormentilla|Protect|p1b: Tormentilla
|-singleturn|p1b: Tormentilla|Protect
|move|p1a: Borer|Earthquake|p2b: Pelipper|[spread] p2a
|-activate|p1b: Tormentilla|move: Protect
|-immune|p2b: Pelipper
|-supereffective|p2a: Archaludon|1
|-damage|p2a: Archaludon|43/100
|-ability|p2a: Archaludon|Stamina|boost
|-boost|p2a: Archaludon|def|1
|move|p2a: Archaludon|Dragon Pulse|p1b: Tormentilla
|-activate|p1b: Tormentilla|move: Protect
|
|-weather|RainDance|[upkeep]
|upkeep
|turn|8
|inactive|pbroderick14 has 30 seconds left.
|
|t:|1782328901
|switch|p1b: Corvo della notte|Corviknight, L50, F, shiny|83/100 brn
|move|p1a: Borer|Protect|p1a: Borer
|-singleturn|p1a: Borer|Protect
|move|p2b: Pelipper|Tailwind|p2b: Pelipper
|-sidestart|p2: pbroderick14|move: Tailwind
|move|p2a: Archaludon|Dragon Pulse|p1b: Corvo della notte
|-resisted|p1b: Corvo della notte|1
|-damage|p1b: Corvo della notte|59/100 brn
|
|-weather|RainDance|[upkeep]
|-heal|p1b: Corvo della notte|65/100 brn|[from] item: Leftovers
|-damage|p1b: Corvo della notte|59/100 brn|[from] brn
|upkeep
|turn|9
|
|t:|1782328925
|switch|p2b: Sableye|Sableye, L50, F|57/100
|switch|p1b: Tormentilla|Tyranitar-Mega, L50, M, shiny|1/100
|-weather|Sandstorm|[from] ability: Sand Stream|[of] p1b: Tormentilla
|move|p2a: Archaludon|Protect|p2a: Archaludon
|-singleturn|p2a: Archaludon|Protect
|move|p1a: Borer|Rock Slide|p2b: Sableye|[spread] p2b
|-activate|p2a: Archaludon|move: Protect
|-damage|p2b: Sableye|27/100
|
|-weather|Sandstorm|[upkeep]
|-damage|p2b: Sableye|21/100|[from] Sandstorm
|upkeep
|turn|10
|inactive|Curebo has 30 seconds left.
|inactive|Curebo has 20 seconds left.
|
|t:|1782328962
|switch|p1b: Corvo della notte|Corviknight, L50, F, shiny|59/100 brn
|move|p2b: Sableye|Will-O-Wisp|p1a: Borer
|-status|p1a: Borer|brn
|move|p1a: Borer|Earthquake|p2b: Sableye|[spread] p2a,p2b
|-immune|p1b: Corvo della notte
|-supereffective|p2a: Archaludon|1
|-damage|p2a: Archaludon|31/100
|-damage|p2b: Sableye|0 fnt
|-ability|p2a: Archaludon|Stamina|boost
|-boost|p2a: Archaludon|def|1
|faint|p2b: Sableye
|move|p2a: Archaludon|Dragon Pulse|p1b: Corvo della notte
|-resisted|p1b: Corvo della notte|1
|-damage|p1b: Corvo della notte|35/100 brn
|
|-weather|Sandstorm|[upkeep]
|-heal|p1b: Corvo della notte|41/100 brn|[from] item: Leftovers
|-damage|p1a: Borer|94/100 brn|[from] brn
|-damage|p1b: Corvo della notte|35/100 brn|[from] brn
|upkeep
|
|t:|1782328975
|switch|p2b: Pelipper|Pelipper, L50, M|100/100
|-weather|RainDance|[from] ability: Drizzle|[of] p2b: Pelipper
|turn|11
|
|t:|1782328997
|move|p1a: Borer|Protect|p1a: Borer
|-singleturn|p1a: Borer|Protect
|move|p2b: Pelipper|Weather Ball|p1b: Corvo della notte
|-damage|p1b: Corvo della notte|0 fnt
|faint|p1b: Corvo della notte
|move|p2a: Archaludon|Dragon Pulse|p1a: Borer
|-activate|p1a: Borer|move: Protect
|
|-weather|RainDance|[upkeep]
|-damage|p1a: Borer|88/100 brn|[from] brn
|-sideend|p2: pbroderick14|move: Tailwind
|upkeep
|
|t:|1782329009
|switch|p1b: Tormentilla|Tyranitar-Mega, L50, M, shiny|1/100
|-weather|Sandstorm|[from] ability: Sand Stream|[of] p1b: Tormentilla
|turn|12
|inactive|Curebo has 30 seconds left.
|inactive|Curebo has 20 seconds left.
|inactive|Curebo has 15 seconds left.
|inactive|Curebo has 10 seconds left.
|inactive|Curebo has 5 seconds left.
|
|t:|1782329059
|move|p2a: Archaludon|Protect|p2a: Archaludon
|-singleturn|p2a: Archaludon|Protect
|move|p1a: Borer|Rock Slide|p2b: Pelipper|[spread] p2b
|-activate|p2a: Archaludon|move: Protect
|-supereffective|p2b: Pelipper|1
|-damage|p2b: Pelipper|71/100
|move|p2b: Pelipper|Tailwind|p2b: Pelipper
|-sidestart|p2: pbroderick14|move: Tailwind
|move|p1b: Tormentilla|Rock Slide|p2a: Archaludon|[spread] p2b
|-activate|p2a: Archaludon|move: Protect
|-supereffective|p2b: Pelipper|1
|-damage|p2b: Pelipper|0 fnt
|faint|p2b: Pelipper
|
|-weather|Sandstorm|[upkeep]
|-damage|p1a: Borer|82/100 brn|[from] brn
|upkeep
|
|t:|1782329076
|switch|p2b: Venusaur|Venusaur-Mega, L50, F|23/100
|turn|13
|inactive|Curebo has 30 seconds left this turn.
|inactive|Curebo has 20 seconds left.
|inactive|Curebo has 15 seconds left.
|inactive|Curebo has 10 seconds left.
|
|t:|1782329097
|move|p1a: Borer|Rock Slide|p2b: Venusaur|[spread] p2a,p2b
|-resisted|p2a: Archaludon|1
|-damage|p2a: Archaludon|30/100
|-damage|p2b: Venusaur|16/100
|-ability|p2a: Archaludon|Stamina|boost
|-boost|p2a: Archaludon|def|1
|move|p2a: Archaludon|Dragon Pulse|p1b: Tormentilla
|-damage|p1b: Tormentilla|0 fnt
|faint|p1b: Tormentilla
|cant|p2b: Venusaur|flinch
|
|-weather|Sandstorm|[upkeep]
|-damage|p2b: Venusaur|10/100|[from] Sandstorm
|-damage|p1a: Borer|76/100 brn|[from] brn
|upkeep
|inactive|Curebo has 10 seconds left this turn.
|
|t:|1782329099
|switch|p1b: o7|Houndstone, L50, M, shiny|100/100
|turn|14
|inactive|Curebo has 10 seconds left this turn.
|
|t:|1782329122
|move|p1a: Borer|Rock Slide|p2a: Archaludon|[spread] p2a,p2b
|-resisted|p2a: Archaludon|1
|-damage|p2a: Archaludon|29/100
|-damage|p2b: Venusaur|3/100
|-ability|p2a: Archaludon|Stamina|boost
|-boost|p2a: Archaludon|def|1
|move|p1b: o7|Last Respects|p2a: Archaludon
|-damage|p2a: Archaludon|19/100
|move|p2a: Archaludon|Dragon Pulse|p1b: o7
|-damage|p1b: o7|39/100
|-enditem|p1b: o7|Sitrus Berry|[eat]
|-heal|p1b: o7|64/100|[from] item: Sitrus Berry
|move|p2b: Venusaur|Giga Drain|p1a: Borer
|-damage|p1a: Borer|35/100 brn
|-heal|p2b: Venusaur|23/100|[from] drain|[of] p1a: Borer
|
|-weather|Sandstorm|[upkeep]
|-damage|p2b: Venusaur|17/100|[from] Sandstorm
|-damage|p1a: Borer|29/100 brn|[from] brn
|upkeep
|turn|15
|inactive|Curebo has 10 seconds left this turn.
|inactive|pbroderick14 has 30 seconds left.
|
|t:|1782329149
|move|p1a: Borer|Rock Slide|p2b: Venusaur|[spread] p2a,p2b
|-resisted|p2a: Archaludon|1
|-damage|p2a: Archaludon|18/100
|-damage|p2b: Venusaur|10/100
|move|p1b: o7|Last Respects|p2b: Venusaur
|-damage|p2b: Venusaur|0 fnt
|faint|p2b: Venusaur
|move|p2a: Archaludon|Dragon Pulse|p1b: o7
|-damage|p1b: o7|10/100
|
|-weather|Sandstorm|[upkeep]
|-damage|p1a: Borer|23/100 brn|[from] brn
|-sideend|p2: pbroderick14|move: Tailwind
|upkeep
|turn|16
|inactive|Curebo has 10 seconds left this turn.
|inactive|Curebo has 5 seconds left.
|
|t:|1782329163
|move|p2a: Archaludon|Protect|p2a: Archaludon
|-singleturn|p2a: Archaludon|Protect
|move|p1a: Borer|Rock Slide|p2a: Archaludon
|-activate|p2a: Archaludon|move: Protect
|move|p1b: o7|Last Respects|p2a: Archaludon
|-activate|p2a: Archaludon|move: Protect
|
|-weather|none
|-damage|p1a: Borer|17/100 brn|[from] brn
|upkeep
|turn|17
|inactive|Curebo has 5 seconds left this turn.
|
|t:|1782329174
|move|p1a: Borer|Rock Slide|p2a: Archaludon
|-resisted|p2a: Archaludon|1
|-damage|p2a: Archaludon|17/100
|move|p1b: o7|Last Respects|p2a: Archaludon
|-damage|p2a: Archaludon|8/100
|move|p2a: Archaludon|Dragon Pulse|p1b: o7
|-damage|p1b: o7|0 fnt
|faint|p1b: o7
|
|-damage|p1a: Borer|11/100 brn|[from] brn
|upkeep
|turn|18
|inactive|Curebo has 5 seconds left this turn.
|
|t:|1782329185
|move|p2a: Archaludon|Protect|p2a: Archaludon
|-singleturn|p2a: Archaludon|Protect
|move|p1a: Borer|Earthquake|p2a: Archaludon
|-activate|p2a: Archaludon|move: Protect
|
|-damage|p1a: Borer|5/100 brn|[from] brn
|upkeep
|turn|19
|inactive|Curebo has 5 seconds left this turn.
|
|t:|1782329198
|move|p2a: Archaludon|Protect|p2a: Archaludon
|-singleturn|p2a: Archaludon|Protect
|move|p1a: Borer|Earthquake|p2a: Archaludon
|-activate|p2a: Archaludon|move: Protect
|
|-damage|p1a: Borer|0 fnt|[from] brn
|faint|p1a: Borer
|
|win|pbroderick14
||Curebo is ready for game 2.
||pbroderick14 is ready for game 2.
|uhtml|next|Next: Game 2 of 3
|l|☆pbroderick14
|player|p2|
