|j|☆testingsss
|j|☆Re della Strada
|html|testingsssRe della Strada    
|uhtml|bestof|Game 2 of a best-of-3
|t:|1782486180
|gametype|doubles
|player|p1|testingsss|unknown|1229
|player|p2|Re della Strada|blue|1150
|gen|9
|tier|[Gen 9 Champions] VGC 2026 Reg M-B (Bo3)
|rated|
|rule|Species Clause: Limit one of each Pokémon
|rule|Item Clause: Limit 1 of each item
|clearpoke
|poke|p1|Charizard, L50, F|
|poke|p1|Garchomp, L50, M|
|poke|p1|Incineroar, L50, M|
|poke|p1|Venusaur, L50, F|
|poke|p1|Farigiraf, L50, M|
|poke|p1|Primarina, L50, M|
|poke|p2|Ceruledge, L50, F|
|poke|p2|Sinistcha, L50|
|poke|p2|Floette-Eternal, L50, F|
|poke|p2|Grimmsnarl, L50, M|
|poke|p2|Sneasler, L50, M|
|poke|p2|Basculegion, L50, M|
|teampreview|4
|showteam|p1|Charizard||CharizarditeY|Blaze|HeatWave,WeatherBall,SolarBeam,Protect|Modest||F|||50|]Garchomp||LifeOrb|RoughSkin|StompingTantrum,DragonClaw,RockSlide,Protect|Jolly||M|||50|]Incineroar||SitrusBerry|Intimidate|FakeOut,FlareBlitz,DarkestLariat,PartingShot|Adamant||M|||50|]Venusaur||FocusSash|Chlorophyll|LeafStorm,SludgeBomb,SleepPowder,Protect|Timid||F|||50|]Farigiraf||TwistedSpoon|ArmorTail|Psychic,FoulPlay,HelpingHand,TrickRoom|Modest||M|||50|]Primarina||FairyFeather|LiquidVoice|HyperVoice,Moonblast,DazzlingGleam,Protect|Modest||M|||50|
|showteam|p2|Ceruledge||ColburBerry|FlashFire|Protect,ShadowSneak,BitterBlade,BulkUp|Adamant||F|||50|]Sinistcha||Leftovers|Hospitality|Protect,MatchaGotcha,RagePowder,LifeDew|Calm|||||50|]Floette-Eternal||Floettite|FlowerVeil|Protect,DazzlingGleam,CalmMind,DrainingKiss|Modest||F|||50|]Grimmsnarl||LightClay|Prankster|PartingShot,LightScreen,Reflect,SpiritBreak|Careful||M|||50|]Sneasler||FocusSash|PoisonTouch|FakeOut,ThroatChop,DireClaw,CloseCombat|Jolly||M|||50|]Basculegion||LifeOrb|Adaptability|AquaJet,PsychicFangs,LastRespects,WaveCrash|Jolly||M|||50|
|inactive|Battle timer is ON: inactive players will automatically lose when time's up. (requested by testingsss)
|j| Edumaru
|l| Edumaru
|inactive|testingsss has 60 seconds left.
|inactive|testingsss has 30 seconds left.
|
|t:|1782486249
|teamsize|p1|4
|teamsize|p2|4
|start
|switch|p1a: Primarina|Primarina, L50, M|100/100
|switch|p1b: Farigiraf|Farigiraf, L50, M|100/100
|switch|p2a: Sneasler|Sneasler, L50, M|100/100
|switch|p2b: Floette|Floette-Eternal, L50, F|100/100
|turn|1
|
|t:|1782486266
|detailschange|p2b: Floette|Floette-Mega, L50, F
|-mega|p2b: Floette|Floette|Floettite
|-ability|p2b: Floette|Fairy Aura
|move|p1a: Primarina|Protect|p1a: Primarina
|-singleturn|p1a: Primarina|Protect
|move|p2a: Sneasler|Dire Claw|p1a: Primarina
|-activate|p1a: Primarina|move: Protect
|move|p2b: Floette|Calm Mind|p2b: Floette
|-boost|p2b: Floette|spa|1
|-boost|p2b: Floette|spd|1
|move|p1b: Farigiraf|Trick Room|p1b: Farigiraf
|-fieldstart|move: Trick Room|[of] p1b: Farigiraf
|
|upkeep
|turn|2
|
|t:|1782486290
|switch|p2a: Grimmsnarl|Grimmsnarl, L50, M|100/100
|move|p1b: Farigiraf|Psychic|p2a: Grimmsnarl
|-immune|p2a: Grimmsnarl
|move|p1a: Primarina|Hyper Voice|p2b: Floette|[spread] p2a,p2b
|-damage|p2a: Grimmsnarl|69/100
|-damage|p2b: Floette|84/100
|move|p2b: Floette|Dazzling Gleam|p1b: Farigiraf|[spread] p1a,p1b
|-damage|p1a: Primarina|51/100
|-damage|p1b: Farigiraf|34/100
|
|upkeep
|turn|3
|
|t:|1782486302
|move|p1b: Farigiraf|Helping Hand|p1a: Primarina
|-singleturn|p1a: Primarina|Helping Hand|[of] p1b: Farigiraf
|move|p2a: Grimmsnarl|Light Screen|p2a: Grimmsnarl
|-sidestart|p2: Re della Strada|move: Light Screen
|move|p1a: Primarina|Moonblast|p2b: Floette
|-damage|p2b: Floette|46/100
|move|p2b: Floette|Calm Mind|p2b: Floette
|-boost|p2b: Floette|spa|1
|-boost|p2b: Floette|spd|1
|
|upkeep
|turn|4
|inactive|testingsss has 30 seconds left.
|
|t:|1782486333
|switch|p2a: Sinistcha|Sinistcha, L50|100/100
|-heal|p2b: Floette|71/100|[from] ability: Hospitality|[of] p2a: Sinistcha
|move|p1a: Primarina|Moonblast|p2b: Floette
|-damage|p2b: Floette|50/100g
|move|p1b: Farigiraf|Psychic|p2b: Floette
|-damage|p2b: Floette|39/100
|move|p2b: Floette|Dazzling Gleam|p1a: Primarina|[spread] p1a,p1b
|-damage|p1a: Primarina|0 fnt
|-damage|p1b: Farigiraf|0 fnt
|faint|p1a: Primarina
|faint|p1b: Farigiraf
|
|upkeep
|
|t:|1782486337
|switch|p1a: Charizard|Charizard, L50, F|100/100
|switch|p1b: Venusaur|Venusaur, L50, F|100/100
|turn|5
|
|t:|1782486361
|switch|p2a: Sneasler|Sneasler, L50, M|100/100
|move|p2b: Floette|Protect|p2b: Floette
|-singleturn|p2b: Floette|Protect
|move|p1b: Venusaur|Protect|p1b: Venusaur
|-singleturn|p1b: Venusaur|Protect
|move|p1a: Charizard|Protect||[still]
|-fail|p1a: Charizard
|
|-fieldend|move: Trick Room
|upkeep
|turn|6
|inactive|Re della Strada has 30 seconds left.
|
|t:|1782486388
|detailschange|p1a: Charizard|Charizard-Mega-Y, L50, F
|-mega|p1a: Charizard|Charizard|Charizardite Y
|-weather|SunnyDay|[from] ability: Drought|[of] p1a: Charizard
|move|p2a: Sneasler|Fake Out|p1b: Venusaur
|-damage|p1b: Venusaur|81/100
|cant|p1b: Venusaur|flinch
|move|p1a: Charizard|Heat Wave|p2a: Sneasler|[spread] p2a,p2b
|-damage|p2a: Sneasler|47/100
|-damage|p2b: Floette|24/100
|-status|p2a: Sneasler|brn
|move|p2b: Floette|Draining Kiss|p1a: Charizard
|-resisted|p1a: Charizard|1
|-damage|p1a: Charizard|64/100
|-heal|p2b: Floette|49/100|[from] drain|[of] p1a: Charizard
|
|-weather|SunnyDay|[upkeep]
|-damage|p2a: Sneasler|41/100 brn|[from] brn
|upkeep
|turn|7
|
|t:|1782486411
|move|p1b: Venusaur|Sludge Bomb|p2b: Floette
|-supereffective|p2b: Floette|1
|-damage|p2b: Floette|30/100
|-status|p2b: Floette|psn
|move|p2a: Sneasler|Dire Claw|p1b: Venusaur
|-damage|p1b: Venusaur|55/100
|move|p1a: Charizard|Heat Wave|p2b: Floette|[spread] p2a,p2b
|-damage|p2a: Sneasler|0 fnt
|-damage|p2b: Floette|16/100 psn
|faint|p2a: Sneasler
|move|p2b: Floette|Dazzling Gleam|p1b: Venusaur|[spread] p1a,p1b
|-resisted|p1a: Charizard|1
|-resisted|p1b: Venusaur|1
|-damage|p1a: Charizard|26/100
|-damage|p1b: Venusaur|1/100
|
|-weather|SunnyDay|[upkeep]
|-damage|p2b: Floette|4/100 psn|[from] psn
|upkeep
|
|t:|1782486426
|switch|p2a: Sinistcha|Sinistcha, L50|100/100
|-heal|p2b: Floette|29/100 psn|[from] ability: Hospitality|[of] p2a: Sinistcha
|turn|8
|
|t:|1782486448
|move|p2a: Sinistcha|Rage Powder|p2a: Sinistcha
|-singleturn|p2a: Sinistcha|move: Rage Powder
|move|p1b: Venusaur|Sludge Bomb|p2a: Sinistcha
|-damage|p2a: Sinistcha|76/100
|move|p1a: Charizard|Heat Wave|p2b: Floette|[spread] p2a,p2b
|-supereffective|p2a: Sinistcha|1
|-damage|p2a: Sinistcha|2/100
|-damage|p2b: Floette|14/100 psn
|move|p2b: Floette|Dazzling Gleam|p1b: Venusaur|[spread] p1a,p1b
|-resisted|p1a: Charizard|1
|-resisted|p1b: Venusaur|1
|-damage|p1a: Charizard|0 fnt
|-damage|p1b: Venusaur|0 fnt
|faint|p1a: Charizard
|faint|p1b: Venusaur
|
|win|Re della Strada
|raw|testingsss's rating: 1229 → 1198(-31 for losing)
|raw|Re della Strada's rating: 1150 → 1181(+31 for winning)
