|j|☆hawaiianshaymin
|j|☆Jojo_Z.ro1015
|html|hawaiianshayminJojo_Z.ro1015    
|uhtml|bestof|Game 1 of a best-of-3
|t:|1786122267
|gametype|doubles
|player|p1|hawaiianshaymin|169|1122
|player|p2|Jojo_Z.ro1015|cynthia-gen4|1099
|gen|9
|tier|[Gen 9 Champions] VGC 2026 Reg M-B (Bo3)
|rated|
|rule|Species Clause: Limit one of each Pokémon
|rule|Item Clause: Limit 1 of each item
|clearpoke
|poke|p1|Staraptor, L50, F|
|poke|p1|Gholdengo, L50|
|poke|p1|Talonflame, L50, F|
|poke|p1|Sinistcha, L50|
|poke|p1|Grimmsnarl, L50, M|
|poke|p1|Weavile, L50, F|
|poke|p2|Sceptile, L50, M, shiny|
|poke|p2|Rotom-Heat, L50, shiny|
|poke|p2|Maushold-Four, L50|
|poke|p2|Talonflame, L50, M, shiny|
|poke|p2|Sylveon, L50, F, shiny|
|poke|p2|Garchomp, L50, F|
|teampreview|4
|showteam|p1|Staraptor||Staraptite|Intimidate|CloseCombat,BraveBird,Roost,Protect|Adamant||F|||50|]Gholdengo||LifeOrb|GoodasGold|MakeItRain,ShadowBall,NastyPlot,Protect|Modest|||||50|]Talonflame||WideLens|GaleWings|Tailwind,DualWingbeat,WillOWisp,Protect|Jolly||F|||50|]Sinistcha||KasibBerry|Hospitality|MatchaGotcha,RagePowder,Imprison,TrickRoom|Bold|||||50|]Grimmsnarl||LightClay|Prankster|ThroatChop,LightScreen,Reflect,ScaryFace|Careful||M|||50|]Weavile||FocusSash|Pickpocket|FakeOut,KnockOff,TripleAxel,LowKick|Jolly||F|||50|
|showteam|p2|Sceptile||Sceptilite|Unburden|DragonPulse,EnergyBall,Detect,EarthPower|Modest||M|||50|]Rotom-Heat||ChoiceScarf|Levitate|Discharge,Overheat,VoltSwitch,Thunderbolt|Timid|||||50|]Maushold-Four||WideLens|Technician|PopulationBomb,FollowMe,Feint,TidyUp|Jolly|||||50|]Talonflame|||GaleWings|Tailwind,Acrobatics,BlazeKick,Protect|Jolly||M|||50|]Sylveon||FairyFeather|Pixilate|HyperVoice,HyperBeam,QuickAttack,Detect|Sassy||F|||50|]Garchomp||LifeOrb|RoughSkin|DragonClaw,Earthquake,Protect,RockSlide|Jolly||F|||50|
|inactive|Battle timer is ON: inactive players will automatically lose when time's up. (requested by Jojo_Z.ro1015)
|inactive|hawaiianshaymin has 60 seconds left.
|inactive|hawaiianshaymin has 30 seconds left.
|
|t:|1786122331
|teamsize|p1|4
|teamsize|p2|4
|start
|switch|p1a: Grimmsnarl|Grimmsnarl, L50, M|100/100
|switch|p1b: Weavile|Weavile, L50, F|100/100
|switch|p2a: Talonflame|Talonflame, L50, M, shiny|100/100
|switch|p2b: Maushold|Maushold-Four, L50|100/100
|turn|1
|
|t:|1786122356
|move|p2a: Talonflame|Protect|p2a: Talonflame
|-singleturn|p2a: Talonflame|Protect
|move|p1b: Weavile|Fake Out|p2b: Maushold
|-damage|p2b: Maushold|78/100
|move|p1a: Grimmsnarl|Reflect|p1a: Grimmsnarl
|-sidestart|p1: hawaiianshaymin|Reflect
|cant|p2b: Maushold|flinch
|
|upkeep
|turn|2
|
|t:|1786122373
|move|p2a: Talonflame|Tailwind|p2a: Talonflame
|-sidestart|p2: Jojo_Z.ro1015|move: Tailwind
|move|p1a: Grimmsnarl|Scary Face|p2b: Maushold
|-unboost|p2b: Maushold|spe|2
|move|p1b: Weavile|Triple Axel|p2b: Maushold
|-damage|p2b: Maushold|63/100
|-damage|p2b: Maushold|33/100
|-crit|p2b: Maushold
|-damage|p2b: Maushold|0 fnt
|faint|p2b: Maushold
|-hitcount|p2: Maushold|3
|
|upkeep
|
|t:|1786122385
|switch|p2b: Sylveon|Sylveon, L50, F, shiny|100/100
|turn|3
|
|t:|1786122410
|move|p1a: Grimmsnarl|Light Screen|p1a: Grimmsnarl
|-sidestart|p1: hawaiianshaymin|move: Light Screen
|move|p2a: Talonflame|Blaze Kick|p1b: Weavile
|-supereffective|p1b: Weavile|1
|-crit|p1b: Weavile
|-enditem|p1b: Weavile|Focus Sash
|-damage|p1b: Weavile|1/100
|move|p1b: Weavile|Triple Axel|p2a: Talonflame
|-damage|p2a: Talonflame|83/100
|-damage|p2a: Talonflame|54/100
|-damage|p2a: Talonflame|10/100
|-hitcount|p2a: Talonflame|3
|move|p2b: Sylveon|Hyper Voice|p1b: Weavile|[spread] p1a,p1b
|-supereffective|p1a: Grimmsnarl|1
|-supereffective|p1b: Weavile|1
|-damage|p1a: Grimmsnarl|60/100
|-damage|p1b: Weavile|0 fnt
|faint|p1b: Weavile
|
|upkeep
|
|t:|1786122424
|switch|p1b: Staraptor|Staraptor, L50, F|100/100
|-ability|p1b: Staraptor|Intimidate|boost
|-unboost|p2a: Talonflame|atk|1
|-unboost|p2b: Sylveon|atk|1
|turn|4
|
|t:|1786122440
|detailschange|p1b: Staraptor|Staraptor-Mega, L50, F
|-mega|p1b: Staraptor|Staraptor|Staraptite
|move|p1b: Staraptor|Protect|p1b: Staraptor
|-singleturn|p1b: Staraptor|Protect
|move|p1a: Grimmsnarl|Scary Face|p2a: Talonflame
|-unboost|p2a: Talonflame|spe|2
|move|p2a: Talonflame|Acrobatics|p1b: Staraptor
|-activate|p1b: Staraptor|move: Protect
|move|p2b: Sylveon|Hyper Voice|p1a: Grimmsnarl|[spread] p1a
|-activate|p1b: Staraptor|move: Protect
|-supereffective|p1a: Grimmsnarl|1
|-damage|p1a: Grimmsnarl|18/100
|
|upkeep
|turn|5
|inactive|Jojo_Z.ro1015 has 30 seconds left.
|
|t:|1786122470
|move|p2a: Talonflame|Protect|p2a: Talonflame
|-singleturn|p2a: Talonflame|Protect
|move|p1a: Grimmsnarl|Scary Face|p1b: Staraptor
|-boost|p1b: Staraptor|spe|2
|move|p1b: Staraptor|Close Combat|p2b: Sylveon
|-resisted|p2b: Sylveon|1
|-damage|p2b: Sylveon|61/100
|-boost|p1b: Staraptor|def|1
|-boost|p1b: Staraptor|spd|1
|move|p2b: Sylveon|Hyper Voice|p1a: Grimmsnarl|[spread] p1a,p1b
|-supereffective|p1a: Grimmsnarl|1
|-supereffective|p1b: Staraptor|1
|-damage|p1a: Grimmsnarl|0 fnt
|-damage|p1b: Staraptor|70/100
|faint|p1a: Grimmsnarl
|
|-sideend|p2: Jojo_Z.ro1015|move: Tailwind
|upkeep
|
|t:|1786122473
|switch|p1a: Sinistcha|Sinistcha, L50|100/100
|-heal|p1b: Staraptor|94/100|[from] ability: Hospitality|[of] p1a: Sinistcha
|turn|6
|inactive|Jojo_Z.ro1015 has 30 seconds left.
|
|t:|1786122500
|move|p1b: Staraptor|Close Combat|p2a: Talonflame
|-resisted|p2a: Talonflame|1
|-damage|p2a: Talonflame|0 fnt
|-boost|p1b: Staraptor|def|1
|-boost|p1b: Staraptor|spd|1
|faint|p2a: Talonflame
|move|p1a: Sinistcha|Matcha Gotcha|p2b: Sylveon
|-damage|p2b: Sylveon|45/100
|-status|p2b: Sylveon|brn
|move|p2b: Sylveon|Hyper Beam|p1b: Staraptor|[miss]
|-miss|p2b: Sylveon|p1b: Staraptor
|
|-damage|p2b: Sylveon|39/100 brn|[from] brn
|upkeep
|
|t:|1786122512
|switch|p2a: Garchomp|Garchomp, L50, F|100/100
|turn|7
|
|t:|1786122531
|move|p1b: Staraptor|Brave Bird|p2b: Sylveon
|-damage|p2b: Sylveon|0 fnt
|faint|p2b: Sylveon
|-damage|p1b: Staraptor|80/100|[from] Recoil
|move|p2a: Garchomp|Rock Slide|p1a: Sinistcha|[spread] p1b
|-miss|p2a: Garchomp|p1a: Sinistcha
|-damage|p1b: Staraptor|71/100
|-damage|p2a: Garchomp|90/100|[from] item: Life Orb
|move|p1a: Sinistcha|Matcha Gotcha|p2a: Garchomp
|-damage|p2a: Garchomp|54/100
|
|upkeep
|turn|8
|-message|Jojo_Z.ro1015 forfeited.
|
|win|hawaiianshaymin
|l|☆Jojo_Z.ro1015
|player|p2|
||Jojo_Z.ro1015 is ready for game 2.
||hawaiianshaymin is ready for game 2.
|uhtml|next|Next: Game 2 of 3
