|j|‽LorGhez
|j|☆thegreatestnone
|html|LorGhezthegreatestnone    
|uhtml|bestof|Game 2 of a best-of-3
|t:|1784140790
|gametype|doubles
|player|p1|LorGhez|170|1125
|player|p2|thegreatestnone|265|1187
|gen|9
|tier|[Gen 9 Champions] VGC 2026 Reg M-B (Bo3)
|rated|
|rule|Species Clause: Limit one of each Pokémon
|rule|Item Clause: Limit 1 of each item
|clearpoke
|poke|p1|Venusaur, L50, F|
|poke|p1|Incineroar, L50, M|
|poke|p1|Primarina, L50, F|
|poke|p1|Aerodactyl, L50, M|
|poke|p1|Kingambit, L50, F|
|poke|p1|Farigiraf, L50, M|
|poke|p2|Grimmsnarl, L50, M|
|poke|p2|Toxapex, L50, F|
|poke|p2|Hydreigon, L50, M|
|poke|p2|Incineroar, L50, M|
|poke|p2|Garchomp, L50, F|
|poke|p2|Scovillain, L50, M|
|teampreview|4
|showteam|p1|Venusaur||Venusaurite|Chlorophyll|Protect,GigaDrain,SludgeBomb,EarthPower|Modest||F|||50|]Incineroar||Charcoal|Intimidate|FakeOut,PartingShot,DarkestLariat,FlareBlitz|Adamant||M|||50|]Primarina||LifeOrb|LiquidVoice|Protect,CalmMind,HyperVoice,Moonblast|Modest||F|||50|]Aerodactyl||Aerodactylite|Unnerve|DualWingbeat,Tailwind,RockSlide,IceFang|Adamant||M|||50|]Kingambit||BlackGlasses|Defiant|Protect,SuckerPunch,KowtowCleave,LowKick|Adamant||F|||50|]Farigiraf||ColburBerry|ArmorTail|PsychicFangs,TrickRoom,Thunderbolt,HelpingHand|Sassy||M|||50|
|showteam|p2|Grimmsnarl||LightClay|Prankster|Protect,Reflect,PartingShot,LightScreen|Sassy||M|||50|]Toxapex||Leftovers|Regenerator|BanefulBunker,Infestation,Toxic,Recover|Relaxed||F|||50|]Hydreigon||ChoiceScarf|Levitate|DarkPulse,DracoMeteor,Snarl,EarthPower|Modest||M|||50|]Incineroar||SitrusBerry|Intimidate|FakeOut,PartingShot,FlareBlitz,Protect|Impish||M|||50|]Garchomp||Garchompite|RoughSkin|StompingTantrum,RockSlide,Protect,SwordsDance|Impish||F|||50|]Scovillain||Scovillainite|Chlorophyll|LeechSeed,RagePowder,Protect,Flamethrower|Calm||M|||50|
|inactive|Battle timer is ON: inactive players will automatically lose when time's up. (requested by LorGhez)
|inactive|thegreatestnone has 60 seconds left.
|
|t:|1784140840
|teamsize|p1|4
|teamsize|p2|4
|start
|switch|p1a: Incineroar|Incineroar, L50, M|100/100
|switch|p1b: Primarina|Primarina, L50, F|100/100
|switch|p2a: Scovillain|Scovillain, L50, M|100/100
|switch|p2b: Garchomp|Garchomp, L50, F|100/100
|-ability|p1a: Incineroar|Intimidate|boost
|-unboost|p2a: Scovillain|atk|1
|-unboost|p2b: Garchomp|atk|1
|turn|1
|inactive|LorGhez has 30 seconds left.
|
|t:|1784140874
|detailschange|p2a: Scovillain|Scovillain-Mega, L50, M
|-mega|p2a: Scovillain|Scovillain|Scovillainite
|move|p2b: Garchomp|Protect|p2b: Garchomp
|-singleturn|p2b: Garchomp|Protect
|move|p1a: Incineroar|Fake Out|p2a: Scovillain
|-damage|p2a: Scovillain|86/100
|-immune|p1a: Incineroar
|cant|p2a: Scovillain|flinch
|move|p1b: Primarina|Moonblast|p2b: Garchomp
|-activate|p2b: Garchomp|move: Protect
|
|upkeep
|turn|2
|inactive|thegreatestnone has 30 seconds left.
|
|t:|1784140903
|switch|p2b: Toxapex|Toxapex, L50, F|100/100
|switch|p2a: Grimmsnarl|Grimmsnarl, L50, M|100/100
|move|p1b: Primarina|Moonblast|p2b: Toxapex
|-resisted|p2b: Toxapex|1
|-crit|p2b: Toxapex
|-damage|p2b: Toxapex|66/100
|-damage|p1b: Primarina|90/100|[from] item: Life Orb
|move|p1a: Incineroar|Flare Blitz|p2a: Grimmsnarl
|-damage|p2a: Grimmsnarl|22/100
|-damage|p1a: Incineroar|74/100|[from] Recoil
|
|-heal|p2b: Toxapex|72/100|[from] item: Leftovers
|upkeep
|turn|3
|
|t:|1784140927
|move|p2a: Grimmsnarl|Light Screen|p2a: Grimmsnarl
|-sidestart|p2: thegreatestnone|move: Light Screen
|move|p1b: Primarina|Hyper Voice|p2a: Grimmsnarl|[spread] p2a,p2b
|-resisted|p2b: Toxapex|1
|-damage|p2a: Grimmsnarl|0 fnt
|-damage|p2b: Toxapex|62/100
|faint|p2a: Grimmsnarl
|-damage|p1b: Primarina|81/100|[from] item: Life Orb
|move|p1a: Incineroar|Parting Shot|p2b: Toxapex
|-unboost|p2b: Toxapex|atk|1
|-unboost|p2b: Toxapex|spa|1
|
|t:|1784140941
|switch|p1a: Kingambit|Kingambit, L50, F|100/100|[from] Parting Shot
|move|p2b: Toxapex|Toxic|p1b: Primarina
|-status|p1b: Primarina|tox
|
|-heal|p2b: Toxapex|68/100|[from] item: Leftovers
|-damage|p1b: Primarina|74/100 tox|[from] psn
|upkeep
|
|t:|1784140949
|switch|p2a: Scovillain|Scovillain-Mega, L50, M|86/100
|turn|4
|
|t:|1784140958
|switch|p1b: Incineroar|Incineroar, L50, M|74/100
|-ability|p1b: Incineroar|Intimidate|boost
|-unboost|p2a: Scovillain|atk|1
|-unboost|p2b: Toxapex|atk|1
|switch|p1a: Venusaur|Venusaur, L50, F|100/100
|move|p2a: Scovillain|Flamethrower|p1a: Venusaur
|-supereffective|p1a: Venusaur|1
|-damage|p1a: Venusaur|18/100
|move|p2b: Toxapex|Infestation|p1b: Incineroar
|-damage|p1b: Incineroar|72/100
|-activate|p1b: Incineroar|move: Infestation|[of] p2b: Toxapex
|
|-heal|p2b: Toxapex|73/100|[from] item: Leftovers
|-damage|p1b: Incineroar|60/100|[from] move: Infestation|[partiallytrapped]
|upkeep
|turn|5
|inactive|LorGhez has 30 seconds left.
|
|t:|1784140987
|detailschange|p1a: Venusaur|Venusaur-Mega, L50, F
|-mega|p1a: Venusaur|Venusaur|Venusaurite
|move|p2a: Scovillain|Protect|p2a: Scovillain
|-singleturn|p2a: Scovillain|Protect
|move|p2b: Toxapex|Baneful Bunker|p2b: Toxapex
|-singleturn|p2b: Toxapex|move: Protect
|move|p1b: Incineroar|Fake Out|p2a: Scovillain
|-activate|p2a: Scovillain|move: Protect
|move|p1a: Venusaur|Giga Drain|p2b: Toxapex
|-activate|p2b: Toxapex|move: Protect
|
|-heal|p2b: Toxapex|79/100|[from] item: Leftovers
|-damage|p1b: Incineroar|48/100|[from] move: Infestation|[partiallytrapped]
|upkeep
|turn|6
|inactive|thegreatestnone has 30 seconds left.
|
|t:|1784141014
|move|p1a: Venusaur|Protect|p1a: Venusaur
|-singleturn|p1a: Venusaur|Protect
|move|p2a: Scovillain|Leech Seed|p1b: Incineroar|[miss]
|-miss|p2a: Scovillain|p1b: Incineroar
|move|p1b: Incineroar|Flare Blitz|p2a: Scovillain
|-crit|p2a: Scovillain
|-damage|p2a: Scovillain|0 fnt
|-immune|p1b: Incineroar
|faint|p2a: Scovillain
|-damage|p1b: Incineroar|23/100|[from] Recoil
|move|p2b: Toxapex|Infestation|p1b: Incineroar
|-damage|p1b: Incineroar|21/100
|
|-heal|p2b: Toxapex|85/100|[from] item: Leftovers
|-damage|p1b: Incineroar|9/100|[from] move: Infestation|[partiallytrapped]
|upkeep
|
|t:|1784141030
|switch|p2a: Garchomp|Garchomp, L50, F|100/100
|turn|7
|
|t:|1784141039
|move|p2b: Toxapex|Baneful Bunker|p2b: Toxapex
|-singleturn|p2b: Toxapex|move: Protect
|move|p2a: Garchomp|Stomping Tantrum|p1a: Venusaur
|-damage|p1a: Venusaur|0 fnt
|faint|p1a: Venusaur
|move|p1b: Incineroar|Parting Shot|p2a: Garchomp
|-unboost|p2a: Garchomp|atk|1
|-unboost|p2a: Garchomp|spa|1
|
|t:|1784141055
|switch|p1b: Primarina|Primarina, L50, F|74/100 tox|[from] Parting Shot
|
|-heal|p2b: Toxapex|91/100|[from] item: Leftovers
|-damage|p1b: Primarina|68/100 tox|[from] psn
|upkeep
|
|t:|1784141061
|switch|p1a: Incineroar|Incineroar, L50, M|9/100
|-ability|p1a: Incineroar|Intimidate|boost
|-unboost|p2a: Garchomp|atk|1
|-unboost|p2b: Toxapex|atk|1
|turn|8
|
|t:|1784141073
|move|p2a: Garchomp|Protect|p2a: Garchomp
|-singleturn|p2a: Garchomp|Protect
|move|p2b: Toxapex|Baneful Bunker|p2b: Toxapex
|-singleturn|p2b: Toxapex|move: Protect
|move|p1a: Incineroar|Fake Out|p2b: Toxapex
|-activate|p2b: Toxapex|move: Protect
|-status|p1a: Incineroar|psn
|move|p1b: Primarina|Moonblast|p2a: Garchomp
|-activate|p2a: Garchomp|move: Protect
|
|-heal|p2b: Toxapex|96/100|[from] item: Leftovers
|-damage|p1b: Primarina|56/100 tox|[from] psn
|-damage|p1a: Incineroar|0 fnt|[from] psn
|faint|p1a: Incineroar
|upkeep
|
|t:|1784141086
|switch|p1a: Kingambit|Kingambit, L50, F|100/100
|turn|9
|
|t:|1784141100
|move|p2a: Garchomp|Stomping Tantrum|p1a: Kingambit
|-supereffective|p1a: Kingambit|1
|-damage|p1a: Kingambit|75/100
|move|p1b: Primarina|Moonblast|p2a: Garchomp
|-supereffective|p2a: Garchomp|1
|-damage|p2a: Garchomp|22/100
|-damage|p1b: Primarina|46/100 tox|[from] item: Life Orb
|move|p1a: Kingambit|Kowtow Cleave|p2b: Toxapex
|-damage|p2b: Toxapex|59/100
|move|p2b: Toxapex|Infestation|p1b: Primarina
|-resisted|p1b: Primarina|1
|-damage|p1b: Primarina|46/100 tox
|-activate|p1b: Primarina|move: Infestation|[of] p2b: Toxapex
|
|-heal|p2b: Toxapex|65/100|[from] item: Leftovers
|-damage|p1b: Primarina|27/100 tox|[from] psn
|-damage|p1b: Primarina|15/100 tox|[from] move: Infestation|[partiallytrapped]
|upkeep
|turn|10
|
|t:|1784141124
|move|p2a: Garchomp|Protect|p2a: Garchomp
|-singleturn|p2a: Garchomp|Protect
|move|p2b: Toxapex|Baneful Bunker|p2b: Toxapex
|-singleturn|p2b: Toxapex|move: Protect
|move|p1a: Kingambit|Sucker Punch||[still]
|-fail|p1a: Kingambit
|move|p1b: Primarina|Hyper Voice|p2a: Garchomp|[spread] 
|-activate|p2a: Garchomp|move: Protect
|-activate|p2b: Toxapex|move: Protect
|
|-heal|p2b: Toxapex|71/100|[from] item: Leftovers
|-damage|p1b: Primarina|0 fnt|[from] psn
|faint|p1b: Primarina
|-sideend|p2: thegreatestnone|move: Light Screen
|upkeep
|turn|11
|
|t:|1784141147
|move|p2a: Garchomp|Stomping Tantrum|p1a: Kingambit
|-supereffective|p1a: Kingambit|1
|-damage|p1a: Kingambit|52/100
|move|p1a: Kingambit|Kowtow Cleave|p2a: Garchomp
|-damage|p2a: Garchomp|0 fnt
|-damage|p1a: Kingambit|40/100|[from] ability: Rough Skin|[of] p2a: Garchomp
|faint|p2a: Garchomp
|move|p2b: Toxapex|Infestation|p1a: Kingambit
|-damage|p1a: Kingambit|38/100
|-activate|p1a: Kingambit|move: Infestation|[of] p2b: Toxapex
|
|-heal|p2b: Toxapex|77/100|[from] item: Leftovers
|-damage|p1a: Kingambit|26/100|[from] move: Infestation|[partiallytrapped]
|upkeep
|turn|12
|
|t:|1784141161
|move|p1a: Kingambit|Protect|p1a: Kingambit
|-singleturn|p1a: Kingambit|Protect
|move|p2b: Toxapex|Baneful Bunker||[still]
|-fail|p2b: Toxapex
|
|-heal|p2b: Toxapex|82/100|[from] item: Leftovers
|-damage|p1a: Kingambit|14/100|[from] move: Infestation|[partiallytrapped]
|upkeep
|turn|13
|
|t:|1784141168
|move|p1a: Kingambit|Kowtow Cleave|p2b: Toxapex
|-damage|p2b: Toxapex|42/100
|move|p2b: Toxapex|Recover|p2b: Toxapex
|-heal|p2b: Toxapex|92/100
|
|-heal|p2b: Toxapex|98/100|[from] item: Leftovers
|-damage|p1a: Kingambit|2/100|[from] move: Infestation|[partiallytrapped]
|upkeep
|turn|14
|
|t:|1784141177
|move|p2b: Toxapex|Baneful Bunker|p2b: Toxapex
|-singleturn|p2b: Toxapex|move: Protect
|move|p1a: Kingambit|Kowtow Cleave|p2b: Toxapex
|-activate|p2b: Toxapex|move: Protect
|
|-heal|p2b: Toxapex|100/100|[from] item: Leftovers
|-damage|p1a: Kingambit|0 fnt|[from] move: Infestation|[partiallytrapped]
|faint|p1a: Kingambit
|
|win|thegreatestnone
|raw|LorGhez's rating: 1125 → 1104(-21 for losing)
|raw|thegreatestnone's rating: 1187 → 1208(+21 for winning)
|l|☆thegreatestnone
|player|p2|
