|j|☆boredatwork785
|j|☆WASHINGTONGARGACHA
|html|boredatwork785WASHINGTONGARGACHA    
|uhtml|bestof|Game 1 of a best-of-3
|t:|1756464983
|gametype|doubles
|player|p1|boredatwork785|102|1112
|player|p2|WASHINGTONGARGACHA|265|1108
|gen|9
|tier|[Gen 9] VGC 2025 Reg H (Bo3)
|rated|
|rule|Species Clause: Limit one of each Pokémon
|rule|Item Clause: Limit 1 of each item
|clearpoke
|poke|p1|Electrode-Hisui, L50|
|poke|p1|Archaludon, L50, F|
|poke|p1|Baxcalibur, L50, M|
|poke|p1|Primarina, L50, M|
|poke|p1|Incineroar, L50, F|
|poke|p1|Annihilape, L50, F|
|poke|p2|Gholdengo, L50|
|poke|p2|Ursaluna, L50, M|
|poke|p2|Archaludon, L50, F|
|poke|p2|Murkrow, L50, F|
|poke|p2|Farigiraf, L50, F|
|poke|p2|Palafin, L50, F|
|teampreview|4
|showteam|p1|Electrode-Hisui||FocusSash|Aftermath|Electroweb,ElectricTerrain,Chloroblast,Thunderbolt||||||50|,,,,,Ghost]Archaludon||PowerHerb|Sturdy|Thunderbolt,ElectroShot,DragonPulse,Protect|||F|||50|,,,,,Electric]Baxcalibur||LoadedDice|ThermalExchange|ScaleShot,IcicleSpear,IceShard,Protect|||M|||50|,,,,,Dragon]Primarina||AssaultVest|LiquidVoice|HyperVoice,Moonblast,ChillingWater,IcyWind|||M|||50|,,,,,Poison]Incineroar||SafetyGoggles|Intimidate|FakeOut,KnockOff,FlareBlitz,PartingShot|||F|||50|,,,,,Ghost]Annihilape||ChoiceScarf|Defiant|CloseCombat,RageFist,FinalGambit,Uturn|||F|||50|,,,,,Fire
|showteam|p2|Gholdengo||SitrusBerry|GoodasGold|ShadowBall,MakeItRain,NastyPlot,Protect||||||50|,,,,,Water]Ursaluna||FlameOrb|Guts|Facade,Earthquake,Protect,HeadlongRush|||M|||50|,,,,,Ghost]Archaludon||PowerHerb|Stamina|ElectroShot,FlashCannon,DracoMeteor,Protect|||F|||50|,,,,,Grass]Murkrow||Eviolite|Prankster|Tailwind,RainDance,FoulPlay,Haze|||F|||50|,,,,,Dark]Farigiraf||ThroatSpray|ArmorTail|HyperVoice,TrickRoom,Psychic,Protect|||F|||50|,,,,,Fairy]Palafin||MysticWater|ZerotoHero|FlipTurn,Protect,JetPunch,WaveCrash|||F|||50|,,,,,Water
|inactive|Battle timer is ON: inactive players will automatically lose when time's up. (requested by boredatwork785)
|
|t:|1756465011
|teamsize|p1|4
|teamsize|p2|4
|start
|switch|p1a: Annihilape|Annihilape, L50, F|100/100
|switch|p1b: Baxcalibur|Baxcalibur, L50, M|100/100
|switch|p2a: Murkrow|Murkrow, L50, F|100/100
|switch|p2b: Palafin|Palafin, L50, F|100/100
|turn|1
|
|t:|1756465039
|-terastallize|p1b: Baxcalibur|Dragon
|move|p2a: Murkrow|Tailwind|p2a: Murkrow
|-sidestart|p2: WASHINGTONGARGACHA|move: Tailwind
|move|p2b: Palafin|Flip Turn|p1a: Annihilape
|-damage|p1a: Annihilape|74/100
|
|t:|1756465045
|detailschange|p2b: Palafin|Palafin-Hero, L50, F
|switch|p2b: Archaludon|Archaludon, L50, F|100/100|[from] Flip Turn
|move|p1a: Annihilape|U-turn|p2a: Murkrow
|-damage|p2a: Murkrow|72/100
|
|t:|1756465059
|switch|p1a: Incineroar|Incineroar, L50, F|100/100|[from] U-turn
|-ability|p1a: Incineroar|Intimidate|boost
|-unboost|p2a: Murkrow|atk|1
|-unboost|p2b: Archaludon|atk|1
|move|p1b: Baxcalibur|Scale Shot|p2a: Murkrow
|-damage|p2a: Murkrow|45/100
|-damage|p2a: Murkrow|17/100
|-damage|p2a: Murkrow|0 fnt
|faint|p2a: Murkrow
|-hitcount|p2: Murkrow|3
|-unboost|p1b: Baxcalibur|def|1
|-boost|p1b: Baxcalibur|spe|1
|
|upkeep
|
|t:|1756465072
|switch|p2a: Ursaluna|Ursaluna, L50, M|100/100
|turn|2
|inactive|boredatwork785 has 30 seconds left.
|inactive|WASHINGTONGARGACHA has 30 seconds left.
|
|t:|1756465098
|switch|p1a: Annihilape|Annihilape, L50, F|74/100
|move|p2b: Archaludon|Protect|p2b: Archaludon
|-singleturn|p2b: Archaludon|Protect
|move|p2a: Ursaluna|Protect|p2a: Ursaluna
|-singleturn|p2a: Ursaluna|Protect
|move|p1b: Baxcalibur|Icicle Spear|p2a: Ursaluna
|-activate|p2a: Ursaluna|move: Protect
|
|-status|p2a: Ursaluna|brn|[from] item: Flame Orb
|upkeep
|turn|3
|inactive|boredatwork785 has 30 seconds left.
|inactive|WASHINGTONGARGACHA has 30 seconds left.
|inactive|WASHINGTONGARGACHA has 20 seconds left.
|inactive|WASHINGTONGARGACHA has 15 seconds left.
|
|t:|1756465139
|move|p1b: Baxcalibur|Protect|p1b: Baxcalibur
|-singleturn|p1b: Baxcalibur|Protect
|move|p2b: Archaludon|Electro Shot||[still]
|-prepare|p2b: Archaludon|Electro Shot
|-boost|p2b: Archaludon|spa|1
|-enditem|p2b: Archaludon|Power Herb
|-anim|p2b: Archaludon|Electro Shot|p1a: Annihilape
|-damage|p1a: Annihilape|10/100
|move|p1a: Annihilape|Final Gambit|p2b: Archaludon
|-damage|p2b: Archaludon|88/100
|-ability|p2b: Archaludon|Stamina|boost
|-boost|p2b: Archaludon|def|1
|faint|p1a: Annihilape
|move|p2a: Ursaluna|Headlong Rush|p1b: Baxcalibur
|-activate|p1b: Baxcalibur|move: Protect
|
|-damage|p2a: Ursaluna|94/100 brn|[from] brn
|upkeep
|
|t:|1756465158
|switch|p1a: Electrode|Electrode-Hisui, L50|100/100
|turn|4
|
|t:|1756465183
|move|p2b: Archaludon|Flash Cannon|p1a: Electrode
|-resisted|p1a: Electrode
|-damage|p1a: Electrode|54/100
|move|p1b: Baxcalibur|Icicle Spear|p2a: Ursaluna
|-supereffective|p2a: Ursaluna
|-damage|p2a: Ursaluna|72/100 brn
|-supereffective|p2a: Ursaluna
|-damage|p2a: Ursaluna|48/100 brn
|-supereffective|p2a: Ursaluna
|-damage|p2a: Ursaluna|27/100 brn
|-supereffective|p2a: Ursaluna
|-crit|p2a: Ursaluna
|-damage|p2a: Ursaluna|0 fnt
|faint|p2a: Ursaluna
|-hitcount|p2: Ursaluna|4
|move|p1a: Electrode|Electroweb|p2b: Archaludon
|-resisted|p2b: Archaludon
|-damage|p2b: Archaludon|71/100
|-unboost|p2b: Archaludon|spe|1
|-ability|p2b: Archaludon|Stamina|boost
|-boost|p2b: Archaludon|def|1
|
|-sideend|p2: WASHINGTONGARGACHA|move: Tailwind
|upkeep
|
|t:|1756465199
|switch|p2a: Palafin|Palafin-Hero, L50, F|100/100
|-activate|p2a: Palafin|ability: Zero to Hero
|turn|5
|
|t:|1756465219
|-terastallize|p2a: Palafin|Water
|move|p1b: Baxcalibur|Scale Shot|p2b: Archaludon
|-crit|p2b: Archaludon
|-damage|p2b: Archaludon|43/100
|-ability|p2b: Archaludon|Stamina|boost
|-boost|p2b: Archaludon|def|1
|-damage|p2b: Archaludon|36/100
|-ability|p2b: Archaludon|Stamina|boost
|-boost|p2b: Archaludon|def|1
|-damage|p2b: Archaludon|30/100
|-ability|p2b: Archaludon|Stamina|boost
|-boost|p2b: Archaludon|def|1
|-damage|p2b: Archaludon|24/100
|-ability|p2b: Archaludon|Stamina|boost
|-boost|p2b: Archaludon|def|1
|-damage|p2b: Archaludon|17/100
|-hitcount|p2b: Archaludon|5
|-unboost|p1b: Baxcalibur|def|1
|-boost|p1b: Baxcalibur|spe|1
|move|p1a: Electrode|Chloroblast|p2a: Palafin
|-supereffective|p2a: Palafin
|-damage|p2a: Palafin|0 fnt
|faint|p2a: Palafin
|-damage|p1a: Electrode|4/100|[from] Recoil
|move|p2b: Archaludon|Draco Meteor|p1b: Baxcalibur
|-supereffective|p1b: Baxcalibur
|-damage|p1b: Baxcalibur|0 fnt
|-unboost|p2b: Archaludon|spa|2
|faint|p1b: Baxcalibur
|
|upkeep
|
|t:|1756465225
|switch|p1b: Incineroar|Incineroar, L50, F|100/100
|-ability|p1b: Incineroar|Intimidate|boost
|-unboost|p2b: Archaludon|atk|1
|turn|6
|inactive|WASHINGTONGARGACHA has 30 seconds left.
|
|t:|1756465250
|move|p1b: Incineroar|Fake Out|p2b: Archaludon
|-resisted|p2b: Archaludon
|-damage|p2b: Archaludon|16/100
|move|p1a: Electrode|Thunderbolt|p2b: Archaludon
|-resisted|p2b: Archaludon
|-damage|p2b: Archaludon|0 fnt
|faint|p2b: Archaludon
|
|win|boredatwork785
