|j|☆note2610
|j|☆Luzeleah
|html|note2610Luzeleah    
|uhtml|bestof|Game 1 of a best-of-3
|t:|1756301353
|gametype|doubles
|player|p1|note2610|n|
|player|p2|Luzeleah|lacey|
|gen|9
|tier|[Gen 9] VGC 2025 Reg H (Bo3)
|rule|Species Clause: Limit one of each Pokémon
|rule|Item Clause: Limit 1 of each item
|clearpoke
|poke|p1|Indeedee-F, L50, F|
|poke|p1|Ursaluna, L50, M|
|poke|p1|Torkoal, L50, F|
|poke|p1|Lilligant-Hisui, L50, F|
|poke|p1|Hatterene, L50, F|
|poke|p1|Farigiraf, L50, M|
|poke|p2|Spewpa, L50, F|
|poke|p2|Dragonite, L50, F|
|poke|p2|Incineroar, L50, F|
|poke|p2|Ursaluna-Bloodmoon, L50, M|
|poke|p2|Amoonguss, L50, F|
|poke|p2|Gholdengo, L50|
|teampreview|4
|showteam|p1|Indeedee-F||MentalHerb|PsychicSurge|FollowMe,TrickRoom,HelpingHand,DazzlingGleam|||F|||50|,,,,,Steel]Ursaluna||FlameOrb|Guts|Facade,HeadlongRush,Earthquake,Protect|||M|||50|,,,,,Ghost]Torkoal||ChoiceSpecs|Drought|Eruption,HeatWave,EarthPower,SolarBeam|||F|||50|,,,,,Fire]Lilligant-Hisui||FocusSash|Chlorophyll|AfterYou,HelpingHand,LeafBlade,AxeKick|||F|||50|,,,,,Ghost]Hatterene||LifeOrb|MagicBounce|MysticalFire,ExpandingForce,Protect,DazzlingGleam|||F|||50|,,,,,Fire]Farigiraf||ThroatSpray|ArmorTail|TrickRoom,HyperVoice,FoulPlay,HelpingHand|||M|||50|,,,,,Fairy
|showteam|p2|Spewpa||Eviolite|FriendGuard|StruggleBug,RagePowder,StringShot,Protect|||F|||50|,,,,,Dark]Dragonite||LoadedDice|Multiscale|ScaleShot,ExtremeSpeed,Tailwind,Protect|||F|||50|,,,,,Fairy]Incineroar||SafetyGoggles|Intimidate|FakeOut,FlareBlitz,KnockOff,PartingShot|||F|||50|,,,,,Bug]Ursaluna-Bloodmoon||AssaultVest|MindsEye|HyperVoice,BloodMoon,EarthPower,VacuumWave|||M|||50|,,,,,Normal]Amoonguss||RockyHelmet|Regenerator|PollenPuff,ClearSmog,Spore,RagePowder|||F|||50|,,,,,Water]Gholdengo||LifeOrb|GoodasGold|MakeItRain,ShadowBall,NastyPlot,Protect||||||50|,,,,,Water
|c|☆Luzeleah|glhf!
|inactive|Battle timer is ON: inactive players will automatically lose when time's up. (requested by note2610)
|
|t:|1756301382
|teamsize|p1|4
|teamsize|p2|4
|start
|switch|p1a: Indeedee|Indeedee-F, L50, F|100/100
|switch|p1b: Hatterene|Hatterene, L50, F|100/100
|switch|p2a: Incineroar|Incineroar, L50, F|100/100
|switch|p2b: Gholdengo|Gholdengo, L50|100/100
|-ability|p2a: Incineroar|Intimidate|boost
|-unboost|p1a: Indeedee|atk|1
|-unboost|p1b: Hatterene|atk|1
|-fieldstart|move: Psychic Terrain|[from] ability: Psychic Surge|[of] p1a: Indeedee
|turn|1
|
|t:|1756301400
|-terastallize|p1a: Indeedee|Steel
|move|p1b: Hatterene|Protect|p1b: Hatterene
|-singleturn|p1b: Hatterene|Protect
|move|p2b: Gholdengo|Make It Rain|p1b: Hatterene|[spread] p1a
|-activate|p1b: Hatterene|move: Protect
|-resisted|p1a: Indeedee
|-damage|p1a: Indeedee|75/100
|-unboost|p2b: Gholdengo|spa|1
|-damage|p2b: Gholdengo|91/100|[from] item: Life Orb
|move|p2a: Incineroar|Knock Off|p1a: Indeedee
|-damage|p1a: Indeedee|34/100
|-enditem|p1a: Indeedee|Mental Herb|[from] move: Knock Off|[of] p2a: Incineroar
|move|p1a: Indeedee|Trick Room|p1a: Indeedee
|-fieldstart|move: Trick Room|[of] p1a: Indeedee
|
|upkeep
|turn|2
|inactive|note2610 has 30 seconds left.
|inactive|Luzeleah has 30 seconds left.
|inactive|note2610 has 20 seconds left.
|
|t:|1756301436
|move|p2b: Gholdengo|Protect|p2b: Gholdengo
|-singleturn|p2b: Gholdengo|Protect
|move|p1a: Indeedee|Follow Me|p1a: Indeedee
|-singleturn|p1a: Indeedee|move: Follow Me
|move|p1b: Hatterene|Mystical Fire|p2b: Gholdengo
|-activate|p2b: Gholdengo|move: Protect
|move|p2a: Incineroar|Knock Off|p1a: Indeedee
|-damage|p1a: Indeedee|5/100
|
|upkeep
|turn|3
|inactive|Luzeleah has 30 seconds left.
|
|t:|1756301465
|-terastallize|p2b: Gholdengo|Water
|move|p1a: Indeedee|Follow Me|p1a: Indeedee
|-singleturn|p1a: Indeedee|move: Follow Me
|move|p1b: Hatterene|Mystical Fire|p2b: Gholdengo
|-resisted|p2b: Gholdengo
|-damage|p2b: Gholdengo|68/100
|-unboost|p2b: Gholdengo|spa|1
|-damage|p1b: Hatterene|91/100|[from] item: Life Orb
|move|p2a: Incineroar|Knock Off|p1a: Indeedee
|-damage|p1a: Indeedee|0 fnt
|faint|p1a: Indeedee
|move|p2b: Gholdengo|Make It Rain|p1b: Hatterene
|-supereffective|p1b: Hatterene
|-damage|p1b: Hatterene|0 fnt
|-unboost|p2b: Gholdengo|spa|1
|faint|p1b: Hatterene
|-damage|p2b: Gholdengo|59/100|[from] item: Life Orb
|
|upkeep
|
|t:|1756301475
|switch|p1b: Lilligant|Lilligant-Hisui, L50, F|100/100
|switch|p1a: Torkoal|Torkoal, L50, F|100/100
|-weather|SunnyDay|[from] ability: Drought|[of] p1a: Torkoal
|turn|4
|
|t:|1756301497
|move|p1b: Lilligant|Helping Hand|p1a: Torkoal
|-singleturn|p1a: Torkoal|Helping Hand|[of] p1b: Lilligant
|move|p2b: Gholdengo|Protect|p2b: Gholdengo
|-singleturn|p2b: Gholdengo|Protect
|move|p1a: Torkoal|Eruption|p2a: Incineroar|[spread] p2a
|-activate|p2b: Gholdengo|move: Protect
|-resisted|p2a: Incineroar
|-damage|p2a: Incineroar|22/100
|move|p2a: Incineroar|Parting Shot|p1a: Torkoal
|-unboost|p1a: Torkoal|atk|1
|-unboost|p1a: Torkoal|spa|1
|
|t:|1756301509
|switch|p2a: Dragonite|Dragonite, L50, F|100/100|[from] Parting Shot
|
|-weather|SunnyDay|[upkeep]
|upkeep
|turn|5
|inactive|Luzeleah has 30 seconds left.
|
|t:|1756301542
|switch|p2b: Incineroar|Incineroar, L50, F|22/100
|-ability|p2b: Incineroar|Intimidate|boost
|-unboost|p1a: Torkoal|atk|1
|-unboost|p1b: Lilligant|atk|1
|move|p1b: Lilligant|Helping Hand|p1a: Torkoal
|-singleturn|p1a: Torkoal|Helping Hand|[of] p1b: Lilligant
|move|p1a: Torkoal|Eruption|p2b: Incineroar|[spread] p2a,p2b
|-resisted|p2a: Dragonite
|-resisted|p2b: Incineroar
|-damage|p2a: Dragonite|73/100
|-damage|p2b: Incineroar|0 fnt
|faint|p2b: Incineroar
|move|p2a: Dragonite|Scale Shot|p1b: Lilligant
|-damage|p1b: Lilligant|81/100
|-damage|p1b: Lilligant|62/100
|-damage|p1b: Lilligant|42/100
|-damage|p1b: Lilligant|21/100
|-hitcount|p1b: Lilligant|4
|-unboost|p2a: Dragonite|def|1
|-boost|p2a: Dragonite|spe|1
|
|-weather|SunnyDay|[upkeep]
|-fieldend|move: Trick Room
|-fieldend|move: Psychic Terrain
|upkeep
|
|t:|1756301560
|switch|p2b: Gholdengo|Gholdengo, L50, tera:Water|59/100
|turn|6
|
|t:|1756301567
|move|p2a: Dragonite|Extreme Speed|p1b: Lilligant
|-damage|p1b: Lilligant|0 fnt
|faint|p1b: Lilligant
|move|p2b: Gholdengo|Shadow Ball|p1a: Torkoal
|-damage|p1a: Torkoal|32/100
|-unboost|p1a: Torkoal|spd|1
|-damage|p2b: Gholdengo|49/100|[from] item: Life Orb
|move|p1a: Torkoal|Eruption|p2a: Dragonite|[spread] p2a,p2b
|-resisted|p2a: Dragonite
|-resisted|p2b: Gholdengo
|-damage|p2a: Dragonite|63/100
|-damage|p2b: Gholdengo|35/100
|
|-weather|SunnyDay|[upkeep]
|upkeep
|turn|7
|
|t:|1756301577
|move|p2a: Dragonite|Extreme Speed|p1a: Torkoal
|-damage|p1a: Torkoal|10/100
|move|p2b: Gholdengo|Shadow Ball|p1a: Torkoal
|-damage|p1a: Torkoal|0 fnt
|faint|p1a: Torkoal
|-damage|p2b: Gholdengo|26/100|[from] item: Life Orb
|
|win|Luzeleah
||Luzeleah is ready for game 2.
||note2610 is ready for game 2.
|uhtml|next|Next: Game 2 of 3
