|j|☆Sammias
|j|☆shanekobe23
|html|Sammiasshanekobe23    
|uhtml|bestof|Game 2 of a best-of-3
|t:|1783460190
|gametype|doubles
|player|p1|Sammias|miku-ground|1046
|player|p2|shanekobe23|1|1013
|gen|9
|tier|[Gen 9 Champions] VGC 2026 Reg M-B (Bo3)
|rated|
|rule|Species Clause: Limit one of each Pokémon
|rule|Item Clause: Limit 1 of each item
|clearpoke
|poke|p1|Floette-Eternal, L50, F|
|poke|p1|Typhlosion-Hisui, L50, M|
|poke|p1|Kingambit, L50, F|
|poke|p1|Garchomp, L50, M|
|poke|p1|Sneasler, L50, M|
|poke|p1|Whimsicott, L50, M, shiny|
|poke|p2|Charizard, L50, M|
|poke|p2|Whimsicott, L50, F|
|poke|p2|Garchomp, L50, M|
|poke|p2|Basculegion, L50, M|
|poke|p2|Sneasler, L50, F|
|poke|p2|Farigiraf, L50, M|
|teampreview|4
|showteam|p1|Floette-Eternal||Floettite|FlowerVeil|Moonblast,DazzlingGleam,LightofRuin,Protect|Modest||F|||50|]Typhlosion-Hisui||ChoiceScarf|Blaze|Eruption,ShadowBall,HeatWave,Overheat|Modest||M|||50|]Kingambit||BlackGlasses|Defiant|KowtowCleave,SuckerPunch,SwordsDance,Protect|Adamant||F|||50|]Garchomp||LifeOrb|RoughSkin|DragonClaw,RockSlide,Protect,StompingTantrum|Jolly||M|||50|]Sneasler||WhiteHerb|Unburden|FakeOut,CloseCombat,DireClaw,Taunt|Jolly||M|||50|]Whimsicott||FocusSash|Prankster|Protect,Tailwind,Encore,Moonblast|Timid||M|||50|
|showteam|p2|Charizard||CharizarditeY|Blaze|WeatherBall,HeatWave,SolarBeam,Protect|Timid||M|||50|]Whimsicott||FocusSash|Prankster|Moonblast,Tailwind,Encore,Protect|Timid||F|||50|]Garchomp||LifeOrb|RoughSkin|StompingTantrum,DragonClaw,Earthquake,Protect|Adamant||M|||50|]Basculegion||MysticWater|Adaptability|AquaJet,WaveCrash,LastRespects,Protect|Jolly||M|||50|]Sneasler||WhiteHerb|PoisonTouch|FakeOut,DireClaw,CloseCombat,Coaching|Adamant||F|||50|]Farigiraf||SitrusBerry|ArmorTail|HyperVoice,Psychic,HelpingHand,TrickRoom|Modest||M|||50|
|inactive|Battle timer is ON: inactive players will automatically lose when time's up. (requested by Sammias)
|
|t:|1783460207
|teamsize|p1|4
|teamsize|p2|4
|start
|switch|p1a: Sneasler|Sneasler, L50, M|100/100
|switch|p1b: Whimsicott|Whimsicott, L50, M, shiny|100/100
|switch|p2a: Whimsicott|Whimsicott, L50, F|100/100
|switch|p2b: Charizard|Charizard, L50, M|100/100
|turn|1
|
|t:|1783460222
|detailschange|p2b: Charizard|Charizard-Mega-Y, L50, M
|-mega|p2b: Charizard|Charizard|Charizardite Y
|-weather|SunnyDay|[from] ability: Drought|[of] p2b: Charizard
|move|p1a: Sneasler|Fake Out|p2a: Whimsicott
|-damage|p2a: Whimsicott|80/100
|cant|p2a: Whimsicott|flinch
|move|p1b: Whimsicott|Tailwind|p1b: Whimsicott
|-sidestart|p1: Sammias|move: Tailwind
|move|p2b: Charizard|Heat Wave|p1a: Sneasler|[spread] p1a,p1b
|-supereffective|p1b: Whimsicott|1
|-damage|p1a: Sneasler|21/100
|-enditem|p1b: Whimsicott|Focus Sash
|-damage|p1b: Whimsicott|1/100
|
|-weather|SunnyDay|[upkeep]
|upkeep
|turn|2
|inactive|Sammias has 30 seconds left.
|inactive|Sammias has 20 seconds left.
|
|t:|1783460261
|move|p1b: Whimsicott|Protect|p1b: Whimsicott
|-singleturn|p1b: Whimsicott|Protect
|move|p2a: Whimsicott|Protect|p2a: Whimsicott
|-singleturn|p2a: Whimsicott|Protect
|move|p1a: Sneasler|Dire Claw|p2a: Whimsicott
|-activate|p2a: Whimsicott|move: Protect
|move|p2b: Charizard|Heat Wave|p1a: Sneasler|[spread] p1a
|-activate|p1b: Whimsicott|move: Protect
|-damage|p1a: Sneasler|0 fnt
|faint|p1a: Sneasler
|
|-weather|SunnyDay|[upkeep]
|upkeep
|
|t:|1783460266
|switch|p1a: Garchomp|Garchomp, L50, M|100/100
|turn|3
|inactive|shanekobe23 has 30 seconds left.
|
|t:|1783460296
|switch|p2b: Farigiraf|Farigiraf, L50, M|100/100
|move|p1b: Whimsicott|Encore||[still]
|cant|p2b: Farigiraf|ability: Armor Tail|Encore|[of] p1b: Whimsicott
|move|p1a: Garchomp|Rock Slide|p2b: Farigiraf|[spread] p2a,p2b
|-damage|p2a: Whimsicott|39/100
|-damage|p2b: Farigiraf|78/100
|-damage|p1a: Garchomp|90/100|[from] item: Life Orb
|move|p2a: Whimsicott|Moonblast|p1b: Whimsicott
|-damage|p1b: Whimsicott|0 fnt
|faint|p1b: Whimsicott
|
|-weather|SunnyDay|[upkeep]
|upkeep
|
|t:|1783460308
|switch|p1b: Floette|Floette-Eternal, L50, F|100/100
|turn|4
|inactive|shanekobe23 has 30 seconds left.
|
|t:|1783460337
|detailschange|p1b: Floette|Floette-Mega, L50, F
|-mega|p1b: Floette|Floette|Floettite
|-ability|p1b: Floette|Fairy Aura
|move|p2a: Whimsicott|Tailwind|p2a: Whimsicott
|-sidestart|p2: shanekobe23|move: Tailwind
|move|p1a: Garchomp|Dragon Claw|p2b: Farigiraf
|-damage|p2b: Farigiraf|34/100
|-enditem|p2b: Farigiraf|Sitrus Berry|[eat]
|-heal|p2b: Farigiraf|59/100|[from] item: Sitrus Berry
|-damage|p1a: Garchomp|80/100|[from] item: Life Orb
|move|p1b: Floette|Dazzling Gleam|p2b: Farigiraf|[spread] p2a,p2b
|-damage|p2a: Whimsicott|0 fnt
|-damage|p2b: Farigiraf|4/100
|faint|p2a: Whimsicott
|move|p2b: Farigiraf|Hyper Voice|p1b: Floette|[spread] p1a,p1b
|-damage|p1a: Garchomp|49/100
|-damage|p1b: Floette|75/100
|
|-weather|SunnyDay|[upkeep]
|-sideend|p1: Sammias|move: Tailwind
|upkeep
|
|t:|1783460353
|switch|p2a: Charizard|Charizard-Mega-Y, L50, M|100/100
|turn|5
|
|t:|1783460364
|move|p2b: Farigiraf|Helping Hand|p2a: Charizard
|-singleturn|p2a: Charizard|Helping Hand|[of] p2b: Farigiraf
|move|p1a: Garchomp|Protect|p1a: Garchomp
|-singleturn|p1a: Garchomp|Protect
|move|p2a: Charizard|Heat Wave|p1a: Garchomp|[spread] p1b
|-activate|p1a: Garchomp|move: Protect
|-damage|p1b: Floette|12/100
|move|p1b: Floette|Dazzling Gleam|p2b: Farigiraf|[spread] p2a,p2b
|-resisted|p2a: Charizard|1
|-damage|p2a: Charizard|78/100
|-damage|p2b: Farigiraf|0 fnt
|faint|p2b: Farigiraf
|
|-weather|none
|upkeep
|
|t:|1783460371
|switch|p2b: Garchomp|Garchomp, L50, M|100/100
|turn|6
|
|t:|1783460377
|move|p1a: Garchomp|Protect||[still]
|-fail|p1a: Garchomp
|move|p2a: Charizard|Heat Wave|p1b: Floette|[spread] p1b
|-miss|p2a: Charizard|p1a: Garchomp
|-damage|p1b: Floette|0 fnt
|faint|p1b: Floette
|move|p2b: Garchomp|Dragon Claw|p1a: Garchomp
|-supereffective|p1a: Garchomp|1
|-damage|p1a: Garchomp|0 fnt
|-damage|p2b: Garchomp|87/100|[from] ability: Rough Skin|[of] p1a: Garchomp
|faint|p1a: Garchomp
|-damage|p2b: Garchomp|78/100|[from] item: Life Orb
|
|win|shanekobe23
||shanekobe23 is ready for game 3.
|inactive|Sammias has 30 seconds to confirm battle start!
