|j|‽Juaner95
|j|☆Polorboi
|html|Juaner95Polorboi    
|uhtml|bestof|Game 2 of a best-of-3
|t:|1785479486
|gametype|doubles
|player|p1|Juaner95|ash-hoenn|1125
|player|p2|Polorboi|boarder|1000
|gen|9
|tier|[Gen 9 Champions] VGC 2026 Reg M-B (Bo3)
|rated|
|rule|Species Clause: Limit one of each Pokémon
|rule|Item Clause: Limit 1 of each item
|clearpoke
|poke|p1|Eelektross, L50, F|
|poke|p1|Ninetales-Alola, L50, F, shiny|
|poke|p1|Talonflame, L50, F|
|poke|p1|Garchomp, L50, M|
|poke|p1|Incineroar, L50, M, shiny|
|poke|p1|Kingambit, L50, M|
|poke|p2|Whimsicott, L50, M|
|poke|p2|Starmie, L50|
|poke|p2|Heracross, L50, M|
|poke|p2|Camerupt, L50, F|
|poke|p2|Rotom-Frost, L50|
|poke|p2|Cofagrigus, L50, M|
|teampreview|4
|showteam|p1|Eelektross||Eelektrossite|Levitate|SupercellSlam,DrainPunch,Coil,Protect|Adamant||F|||50|]Ninetales-Alola||ChoiceScarf|SnowWarning|Blizzard,FreezeDry,IcyWind,Moonblast|Modest||F|||50|]Talonflame||SharpBeak|GaleWings|BraveBird,FlareBlitz,Tailwind,Protect|Jolly||F|||50|]Garchomp||LifeOrb|RoughSkin|RockSlide,Earthquake,DragonClaw,Protect|Jolly||M|||50|]Incineroar||SitrusBerry|Intimidate|FlareBlitz,ThroatChop,PartingShot,FakeOut|Careful||M|||50|]Kingambit||FocusSash|Defiant|KowtowCleave,SuckerPunch,LowKick,Protect|Adamant||M|||50|
|showteam|p2|Whimsicott||FocusSash|Prankster|DazzlingGleam,EnergyBall,Tailwind,StunSpore|Modest||M|||50|]Starmie||Starminite|Illuminate|Liquidation,ZenHeadbutt,SelfDestruct,Protect|Adamant|||||50|]Heracross||BlackBelt|Guts|BrickBreak,CloseCombat,HighHorsepower,Detect|Relaxed||M|||50|]Camerupt||SoftSand|SolidRock|Earthquake,HeatWave,BodySlam,Protect|Brave||F|||50|]Rotom-Frost||NeverMeltIce|Levitate|Blizzard,ShadowBall,WillOWisp,Protect|Modest|||||50|]Cofagrigus||Leftovers|Mummy|ShadowBall,TrickRoom,WillOWisp,Protect|Sassy||M|||50|
|inactive|Battle timer is ON: inactive players will automatically lose when time's up. (requested by Polorboi)
|inactive|Juaner95 has 60 seconds left.
|inactive|Juaner95 has 30 seconds left.
|inactive|Juaner95 has 20 seconds left.
|
|t:|1785479624
|teamsize|p1|4
|teamsize|p2|4
|start
|switch|p1a: Talonflame|Talonflame, L50, F|100/100
|switch|p1b: Ninetales|Ninetales-Alola, L50, F, shiny|100/100
|switch|p2a: Whimsicott|Whimsicott, L50, M|100/100
|switch|p2b: Starmie|Starmie, L50|100/100
|-weather|Snowscape|[from] ability: Snow Warning|[of] p1b: Ninetales
|turn|1
|
|t:|1785479649
|detailschange|p2b: Starmie|Starmie-Mega, L50
|-mega|p2b: Starmie|Starmie|Starminite
|move|p2b: Starmie|Protect|p2b: Starmie
|-singleturn|p2b: Starmie|Protect
|move|p1a: Talonflame|Tailwind|p1a: Talonflame
|-sidestart|p1: Juaner95|move: Tailwind
|move|p2a: Whimsicott|Tailwind|p2a: Whimsicott
|-sidestart|p2: Polorboi|move: Tailwind
|move|p1b: Ninetales|Blizzard|p2a: Whimsicott|[spread] p2a
|-activate|p2b: Starmie|move: Protect
|-supereffective|p2a: Whimsicott|1
|-enditem|p2a: Whimsicott|Focus Sash
|-damage|p2a: Whimsicott|1/100
|
|-weather|Snowscape|[upkeep]
|upkeep
|turn|2
|inactive|Juaner95 has 30 seconds left.
|
|t:|1785479675
|move|p1a: Talonflame|Brave Bird|p2b: Starmie
|-damage|p2b: Starmie|32/100
|-damage|p1a: Talonflame|80/100|[from] Recoil
|move|p2a: Whimsicott|Stun Spore|p1a: Talonflame|[miss]
|-miss|p2a: Whimsicott|p1a: Talonflame
|move|p1b: Ninetales|Blizzard|p2b: Starmie|[spread] p2a,p2b
|-supereffective|p2a: Whimsicott|1
|-resisted|p2b: Starmie|1
|-damage|p2a: Whimsicott|0 fnt
|-damage|p2b: Starmie|14/100
|faint|p2a: Whimsicott
|move|p2b: Starmie|Self-Destruct|p1a: Talonflame|[spread] p1a,p1b
|-damage|p1a: Talonflame|0 fnt
|-damage|p1b: Ninetales|18/100
|faint|p2b: Starmie
|faint|p1a: Talonflame
|
|-weather|Snowscape|[upkeep]
|upkeep
|
|t:|1785479697
|switch|p1a: Eelektross|Eelektross, L50, F|100/100
|switch|p2a: Camerupt|Camerupt, L50, F|100/100
|switch|p2b: Rotom|Rotom-Frost, L50|100/100
|turn|3
|
|t:|1785479713
|detailschange|p1a: Eelektross|Eelektross-Mega, L50, F
|-mega|p1a: Eelektross|Eelektross|Eelektrossite
|move|p1b: Ninetales|Blizzard|p2a: Camerupt|[spread] p2a,p2b
|-resisted|p2b: Rotom|1
|-damage|p2a: Camerupt|54/100
|-damage|p2b: Rotom|77/100
|move|p2b: Rotom|Will-O-Wisp|p1a: Eelektross
|-status|p1a: Eelektross|brn
|move|p1a: Eelektross|Coil|p1a: Eelektross
|-boost|p1a: Eelektross|atk|1
|-boost|p1a: Eelektross|def|1
|-boost|p1a: Eelektross|accuracy|1
|move|p2a: Camerupt|Heat Wave|p1b: Ninetales|[spread] p1a,p1b
|-supereffective|p1b: Ninetales|1
|-damage|p1a: Eelektross|71/100 brn
|-damage|p1b: Ninetales|0 fnt
|faint|p1b: Ninetales
|
|-weather|Snowscape|[upkeep]
|-damage|p1a: Eelektross|65/100 brn|[from] brn
|upkeep
|inactive|Juaner95 has 30 seconds left.
|inactive|Juaner95 has 20 seconds left.
|
|t:|1785479749
|switch|p1b: Garchomp|Garchomp, L50, M|100/100
|turn|4
|
|t:|1785479761
|move|p2a: Camerupt|Protect|p2a: Camerupt
|-singleturn|p2a: Camerupt|Protect
|move|p1b: Garchomp|Earthquake|p2a: Camerupt|[spread] 
|-activate|p2a: Camerupt|move: Protect
|-immune|p1a: Eelektross|[from] ability: Eelevate
|-immune|p2b: Rotom|[from] ability: Levitate
|move|p2b: Rotom|Blizzard|p1a: Eelektross|[spread] p1a,p1b
|-supereffective|p1b: Garchomp|2
|-damage|p1a: Eelektross|13/100 brn
|-damage|p1b: Garchomp|0 fnt
|faint|p1b: Garchomp
|move|p1a: Eelektross|Drain Punch|p2b: Rotom
|-supereffective|p2b: Rotom|1
|-damage|p2b: Rotom|39/100
|-heal|p1a: Eelektross|26/100 brn|[from] drain|[of] p2b: Rotom
|
|-weather|Snowscape|[upkeep]
|-damage|p1a: Eelektross|20/100y brn|[from] brn
|-sideend|p1: Juaner95|move: Tailwind
|-sideend|p2: Polorboi|move: Tailwind
|upkeep
|turn|5
|inactive|Polorboi has 30 seconds left.
|
|t:|1785479787
|move|p1a: Eelektross|Protect|p1a: Eelektross
|-singleturn|p1a: Eelektross|Protect
|move|p2b: Rotom|Blizzard|p1a: Eelektross
|-activate|p1a: Eelektross|move: Protect
|move|p2a: Camerupt|Body Slam|p1a: Eelektross
|-activate|p1a: Eelektross|move: Protect
|
|-weather|none
|-damage|p1a: Eelektross|14/100 brn|[from] brn
|upkeep
|turn|6
|
|t:|1785479803
|move|p2b: Rotom|Blizzard|p1a: Eelektross|[miss]
|-miss|p2b: Rotom|p1a: Eelektross
|move|p1a: Eelektross|Drain Punch|p2b: Rotom
|-supereffective|p2b: Rotom|1
|-damage|p2b: Rotom|0 fnt
|-heal|p1a: Eelektross|27/100 brn|[from] drain|[of] p2b: Rotom
|faint|p2b: Rotom
|-ability|p1a: Eelektross|Eelevate|boost
|-boost|p1a: Eelektross|atk|1
|move|p2a: Camerupt|Body Slam|p1a: Eelektross
|-damage|p1a: Eelektross|13/100 brn
|
|-damage|p1a: Eelektross|7/100 brn|[from] brn
|upkeep
|turn|7
|
|t:|1785479819
|move|p2a: Camerupt|Protect|p2a: Camerupt
|-singleturn|p2a: Camerupt|Protect
|move|p1a: Eelektross|Coil|p1a: Eelektross
|-boost|p1a: Eelektross|atk|1
|-boost|p1a: Eelektross|def|1
|-boost|p1a: Eelektross|accuracy|1
|
|-damage|p1a: Eelektross|1/100 brn|[from] brn
|upkeep
|turn|8
|
|t:|1785479829
|move|p2a: Camerupt|Protect||[still]
|-fail|p2a: Camerupt
|move|p1a: Eelektross|Drain Punch|p2a: Camerupt
|-damage|p2a: Camerupt|11/100
|-heal|p1a: Eelektross|18/100 brn|[from] drain|[of] p2a: Camerupt
|
|-damage|p1a: Eelektross|12/100 brn|[from] brn
|upkeep
|turn|9
|
|t:|1785479838
|move|p1a: Eelektross|Drain Punch|p2a: Camerupt
|-damage|p2a: Camerupt|0 fnt
|-heal|p1a: Eelektross|16/100 brn|[from] drain|[of] p2a: Camerupt
|faint|p2a: Camerupt
|
|win|Juaner95
|raw|Juaner95's rating: 1125 → 1141(+16 for winning)
|raw|Polorboi's rating: 1000 → 1000(+0 for losing)
|l|☆Polorboi
|player|p2|
