|j|☆durugista
|j|☆bruGno
|html|durugistabruGno    
|uhtml|bestof|Game 3 of a best-of-3
|t:|1786141103
|gametype|doubles
|player|p1|durugista|102|1261
|player|p2|bruGno|ash-kalos|1360
|gen|9
|tier|[Gen 9 Champions] VGC 2026 Reg M-B (Bo3)
|rated|
|rule|Species Clause: Limit one of each Pokémon
|rule|Item Clause: Limit 1 of each item
|clearpoke
|poke|p1|Overqwil, L50, M|
|poke|p1|Zoroark-Hisui, L50, M|
|poke|p1|Audino, L50, F|
|poke|p1|Metagross, L50|
|poke|p1|Whimsicott, L50, M|
|poke|p1|Chandelure, L50, M|
|poke|p2|Charizard, L50, M|
|poke|p2|Garchomp, L50, M|
|poke|p2|Floette-Eternal, L50, F|
|poke|p2|Kingambit, L50, M|
|poke|p2|Basculegion, L50, M|
|poke|p2|Whimsicott, L50, M|
|teampreview|4
|showteam|p1|Overqwil||Leftovers|Intimidate|ThroatChop,Minimize,Stockpile,SwordsDance|Relaxed||M|||50|]Zoroark-Hisui||FocusSash|Illusion|Memento,WillOWisp,Protect,BitterMalice|Timid||M|||50|]Audino||MentalHerb|Regenerator|TrickRoom,SimpleBeam,HealPulse,HealingWish|Sassy||F|||50|]Metagross||Metagrossite|ClearBody|PsychUp,Protect,IronHead,PsychicFangs|Adamant|||||50|]Whimsicott||FairyFeather|Prankster|WorrySeed,Taunt,Moonblast,Encore|Modest||M|||50|]Chandelure||BrightPowder|FlashFire|AcidArmor,CalmMind,Minimize,Flamethrower|Quiet||M|||50|
|showteam|p2|Charizard||CharizarditeY|Blaze|HeatWave,SolarBeam,WeatherBall,Protect|Modest||M|||50|]Garchomp||SitrusBerry|RoughSkin|DragonClaw,StompingTantrum,RockSlide,Protect|Adamant||M|||50|]Floette-Eternal||Floettite|FlowerVeil|LightofRuin,Moonblast,DazzlingGleam,Protect|Timid||F|||50|]Kingambit||ChopleBerry|Defiant|KowtowCleave,IronHead,SuckerPunch,LowKick|Adamant||M|||50|]Basculegion||LifeOrb|Adaptability|WaveCrash,LastRespects,AquaJet,Protect|Adamant||M|||50|]Whimsicott||FocusSash|Prankster|Moonblast,Tailwind,Encore,Protect|Timid||M|||50|
|inactive|Battle timer is ON: inactive players will automatically lose when time's up. (requested by durugista)
|inactive|bruGno has 60 seconds left.
|
|t:|1786141141
|teamsize|p1|4
|teamsize|p2|4
|start
|switch|p1a: Metagross|Metagross, L50|100/100
|switch|p1b: Audino|Audino, L50, F|100/100
|switch|p2a: Floette|Floette-Eternal, L50, F|100/100
|switch|p2b: Basculegion|Basculegion, L50, M|100/100
|turn|1
|inactive|durugista has 30 seconds left.
|
|t:|1786141174
|detailschange|p2a: Floette|Floette-Mega, L50, F
|-mega|p2a: Floette|Floette|Floettite
|-ability|p2a: Floette|Fairy Aura
|move|p1a: Metagross|Will-O-Wisp|p2b: Basculegion
|-status|p2b: Basculegion|brn
|move|p2a: Floette|Light of Ruin|p1b: Audino
|-damage|p1b: Audino|28/100
|-damage|p2a: Floette|50/100g|[from] Recoil
|move|p2b: Basculegion|Wave Crash|p1b: Audino
|-damage|p1b: Audino|0 fnt
|faint|p1b: Audino
|-damage|p2b: Basculegion|90/100 brn|[from] Recoil
|-damage|p2b: Basculegion|80/100 brn|[from] item: Life Orb
|
|-damage|p2b: Basculegion|74/100 brn|[from] brn
|upkeep
|
|t:|1786141193
|switch|p1b: Metagross|Metagross, L50|100/100
|turn|2
|inactive|durugista has 30 seconds left.
|
|t:|1786141223
|switch|p2a: Garchomp|Garchomp, L50, M|100/100
|detailschange|p1b: Metagross|Metagross-Mega, L50
|-mega|p1b: Metagross|Metagross|Metagrossite
|move|p2b: Basculegion|Aqua Jet|p1a: Metagross
|-damage|p1a: Metagross|59/100
|replace|p1a: Zoroark|Zoroark-Hisui, L50, M
|-end|p1a: Zoroark|Illusion
|-damage|p2b: Basculegion|65/100 brn|[from] item: Life Orb
|move|p1a: Zoroark|Will-O-Wisp|p2b: Basculegion|[miss]
|-miss|p1a: Zoroark|p2b: Basculegion
|move|p1b: Metagross|Iron Head|p2a: Garchomp
|-damage|p2a: Garchomp|50/100g
|-damage|p1b: Metagross|87/100|[from] ability: Rough Skin|[of] p2a: Garchomp
|
|-damage|p2b: Basculegion|59/100 brn|[from] brn
|upkeep
|turn|3
|inactive|bruGno has 30 seconds left.
|
|t:|1786141251
|move|p2a: Garchomp|Protect|p2a: Garchomp
|-singleturn|p2a: Garchomp|Protect
|move|p2b: Basculegion|Aqua Jet|p1a: Zoroark
|-damage|p1a: Zoroark|23/100
|-damage|p2b: Basculegion|49/100 brn|[from] item: Life Orb
|move|p1a: Zoroark|Bitter Malice|p2a: Garchomp
|-activate|p2a: Garchomp|move: Protect
|move|p1b: Metagross|Psychic Fangs|p2b: Basculegion
|-damage|p2b: Basculegion|0 fnt
|faint|p2b: Basculegion
|
|upkeep
|
|t:|1786141266
|switch|p2b: Kingambit|Kingambit, L50, M|100/100
|turn|4
|
|t:|1786141286
|move|p1b: Metagross|Protect|p1b: Metagross
|-singleturn|p1b: Metagross|Protect
|move|p1a: Zoroark|Will-O-Wisp|p2b: Kingambit
|-status|p2b: Kingambit|brn
|move|p2a: Garchomp|Stomping Tantrum|p1b: Metagross
|-activate|p1b: Metagross|move: Protect
|move|p2b: Kingambit|Kowtow Cleave|p1b: Metagross
|-activate|p1b: Metagross|move: Protect
|
|-damage|p2b: Kingambit|94/100 brn|[from] brn
|upkeep
|turn|5
|inactive|durugista has 30 seconds left.
|inactive|durugista has 20 seconds left.
|inactive|durugista has 15 seconds left.
|inactive|durugista has 10 seconds left.
|inactive|durugista has 5 seconds left.
|
|t:|1786141340
|move|p2a: Garchomp|Protect|p2a: Garchomp
|-singleturn|p2a: Garchomp|Protect
|move|p1a: Zoroark|Will-O-Wisp|p2a: Garchomp
|-activate|p2a: Garchomp|move: Protect
|move|p1b: Metagross|Psychic Fangs|p2a: Garchomp
|-activate|p2a: Garchomp|move: Protect
|move|p2b: Kingambit|Kowtow Cleave|p1a: Zoroark
|-supereffective|p1a: Zoroark|1
|-damage|p1a: Zoroark|0 fnt
|faint|p1a: Zoroark
|
|-damage|p2b: Kingambit|88/100 brn|[from] brn
|upkeep
|
|t:|1786141351
|switch|p1a: Overqwil|Overqwil, L50, M|100/100
|-ability|p1a: Overqwil|Intimidate|boost
|-unboost|p2a: Garchomp|atk|1
|-unboost|p2b: Kingambit|atk|1
|-ability|p2b: Kingambit|Defiant|boost
|-boost|p2b: Kingambit|atk|2
|turn|6
|
|t:|1786141369
|move|p2a: Garchomp|Stomping Tantrum|p1b: Metagross
|-supereffective|p1b: Metagross|1
|-damage|p1b: Metagross|49/100
|move|p1b: Metagross|Psychic Fangs|p2a: Garchomp
|-damage|p2a: Garchomp|0 fnt
|-damage|p1b: Metagross|36/100|[from] ability: Rough Skin|[of] p2a: Garchomp
|faint|p2a: Garchomp
|move|p1a: Overqwil|Stockpile|p1a: Overqwil
|-start|p1a: Overqwil|stockpile1
|-boost|p1a: Overqwil|def|1
|-boost|p1a: Overqwil|spd|1
|move|p2b: Kingambit|Kowtow Cleave|p1b: Metagross
|-supereffective|p1b: Metagross|1
|-damage|p1b: Metagross|0 fnt
|faint|p1b: Metagross
|
|-damage|p2b: Kingambit|82/100 brn|[from] brn
|upkeep
|
|t:|1786141383
|switch|p2a: Floette|Floette-Mega, L50, F|50/100g
|-ability|p2a: Floette|Fairy Aura
|turn|7
|
|t:|1786141391
|move|p2a: Floette|Moonblast|p1a: Overqwil
|-damage|p1a: Overqwil|49/100
|move|p1a: Overqwil|Minimize|p1a: Overqwil
|-boost|p1a: Overqwil|evasion|2
|move|p2b: Kingambit|Iron Head|p1a: Overqwil
|-damage|p1a: Overqwil|29/100
|
|-heal|p1a: Overqwil|35/100|[from] item: Leftovers
|-damage|p2b: Kingambit|76/100 brn|[from] brn
|upkeep
|turn|8
|
|t:|1786141408
|move|p2a: Floette|Moonblast|p1a: Overqwil|[miss]
|-miss|p2a: Floette|p1a: Overqwil
|move|p1a: Overqwil|Stockpile|p1a: Overqwil
|-start|p1a: Overqwil|stockpile2
|-boost|p1a: Overqwil|def|1
|-boost|p1a: Overqwil|spd|1
|move|p2b: Kingambit|Kowtow Cleave|p1a: Overqwil
|-resisted|p1a: Overqwil|1
|-damage|p1a: Overqwil|27/100
|
|-heal|p1a: Overqwil|33/100|[from] item: Leftovers
|-damage|p2b: Kingambit|70/100 brn|[from] brn
|upkeep
|turn|9
|
|t:|1786141423
|move|p2a: Floette|Moonblast|p1a: Overqwil
|-damage|p1a: Overqwil|0 fnt
|faint|p1a: Overqwil
|
|win|bruGno
|raw|durugista's rating: 1261 → 1243(-18 for losing)
|raw|bruGno's rating: 1360 → 1374(+14 for winning)
