|j|☆DomDaBomb886
|j|☆Starbai
|html|DomDaBomb886Starbai    
|uhtml|bestof|Game 3 of a best-of-3
|t:|1756754701
|gametype|doubles
|player|p1|DomDaBomb886|169|1278
|player|p2|Starbai|acetrainer-gen4dp|1351
|gen|9
|tier|[Gen 9] VGC 2025 Reg H (Bo3)
|rated|
|rule|Species Clause: Limit one of each Pokémon
|rule|Item Clause: Limit 1 of each item
|clearpoke
|poke|p1|Archaludon, L50, M|
|poke|p1|Pelipper, L50, F|
|poke|p1|Dragonite, L50, F|
|poke|p1|Sinistcha, L50|
|poke|p1|Ursaluna, L50, F|
|poke|p1|Incineroar, L50, F|
|poke|p2|Dragonite, L50, F|
|poke|p2|Volcarona, L50, F|
|poke|p2|Kingambit, L50, M|
|poke|p2|Sneasler, L50, F|
|poke|p2|Electabuzz, L50, M|
|poke|p2|Rillaboom, L50, M|
|teampreview|4
|showteam|p1|Archaludon||AssaultVest|Stamina|FlashCannon,ElectroShot,Snarl,BodyPress|||M|||50|,,,,,Bug]Pelipper||FocusSash|Drizzle|Protect,WeatherBall,Hurricane,Tailwind|||F|||50|,,,,,Ghost]Dragonite||LoadedDice|Multiscale|Protect,ScaleShot,ExtremeSpeed,Haze|||F|||50|,,,,,Fairy]Sinistcha||SitrusBerry|Hospitality|MatchaGotcha,RagePowder,LifeDew,TrickRoom||||||50|,,,,,Dark]Ursaluna||FlameOrb|Guts|Protect,HeadlongRush,Facade,Earthquake|||F|||50|,,,,,Ghost]Incineroar||SafetyGoggles|Intimidate|KnockOff,FakeOut,PartingShot,Taunt|||F|||50|,,,,,Ghost
|showteam|p2|Dragonite||LoadedDice|Multiscale|ScaleShot,ExtremeSpeed,Haze,Protect|||F|||50|,,,,,Normal]Volcarona||CovertCloak|FlameBody|HeatWave,TeraBlast,QuiverDance,Protect|||F|||50|,,,,,Fairy]Kingambit||BlackGlasses|Defiant|KowtowCleave,SuckerPunch,SwordsDance,Protect|||M|||50|,,,,,Dark]Sneasler||FocusSash|Unburden|CloseCombat,DireClaw,FakeOut,Coaching|||F|||50|,,,,,Stellar]Electabuzz||Eviolite|VitalSpirit|Thunderbolt,FollowMe,Taunt,Protect|||M|||50|,,,,,Ghost]Rillaboom||AssaultVest|GrassySurge|WoodHammer,GrassyGlide,FakeOut,HighHorsepower|||M|||50|,,,,,Fire
|inactive|Battle timer is ON: inactive players will automatically lose when time's up. (requested by DomDaBomb886)
|inactive|Starbai also wants the timer to be on.
|
|t:|1756754729
|teamsize|p1|4
|teamsize|p2|4
|start
|switch|p1a: Sinistcha|Sinistcha, L50|100/100
|switch|p1b: Incineroar|Incineroar, L50, F|100/100
|switch|p2a: Sneasler|Sneasler, L50, F|100/100
|switch|p2b: Volcarona|Volcarona, L50, F|100/100
|-ability|p1b: Incineroar|Intimidate|boost
|-unboost|p2a: Sneasler|atk|1
|-unboost|p2b: Volcarona|atk|1
|turn|1
|
|t:|1756754746
|move|p1b: Incineroar|Fake Out|p2a: Sneasler
|-damage|p2a: Sneasler|82/100
|cant|p2a: Sneasler|flinch
|move|p2b: Volcarona|Quiver Dance|p2b: Volcarona
|-boost|p2b: Volcarona|spa|1
|-boost|p2b: Volcarona|spd|1
|-boost|p2b: Volcarona|spe|1
|move|p1a: Sinistcha|Trick Room|p1a: Sinistcha
|-fieldstart|move: Trick Room|[of] p1a: Sinistcha
|
|upkeep
|turn|2
|inactive|DomDaBomb886 has 30 seconds left.
|
|t:|1756754774
|switch|p1a: Dragonite|Dragonite, L50, F|100/100
|move|p1b: Incineroar|Parting Shot|p2a: Sneasler
|-unboost|p2a: Sneasler|atk|1
|-unboost|p2a: Sneasler|spa|1
|
|t:|1756754784
|switch|p1b: Ursaluna|Ursaluna, L50, F|100/100|[from] Parting Shot
|move|p2a: Sneasler|Coaching|p2b: Volcarona
|-boost|p2b: Volcarona|atk|1
|-boost|p2b: Volcarona|def|1
|move|p2b: Volcarona|Heat Wave|p1b: Ursaluna|[spread] p1a,p1b
|-resisted|p1a: Dragonite
|-damage|p1a: Dragonite|87/100
|-damage|p1b: Ursaluna|54/100
|
|-status|p1b: Ursaluna|brn|[from] item: Flame Orb
|upkeep
|turn|3
|inactive|DomDaBomb886 has 30 seconds left.
|
|t:|1756754811
|-terastallize|p2b: Volcarona|Fairy
|move|p1b: Ursaluna|Earthquake|p2b: Volcarona|[spread] p2a,p2b
|-immune|p1a: Dragonite
|-supereffective|p2a: Sneasler
|-damage|p2a: Sneasler|0 fnt
|-damage|p2b: Volcarona|46/100
|faint|p2a: Sneasler
|move|p1a: Dragonite|Haze|p1a: Dragonite
|-clearallboost
|move|p2b: Volcarona|Tera Blast|p1a: Dragonite|[anim] Tera Blast Fairy
|-supereffective|p1a: Dragonite
|-damage|p1a: Dragonite|0 fnt
|faint|p1a: Dragonite
|
|-damage|p1b: Ursaluna|48/100 brn|[from] brn
|upkeep
|
|t:|1756754825
|switch|p1a: Sinistcha|Sinistcha, L50|100/100
|switch|p2a: Dragonite|Dragonite, L50, F|100/100
|-heal|p1b: Ursaluna|73/100 brn|[from] ability: Hospitality|[of] p1a: Sinistcha
|turn|4
|inactive|DomDaBomb886 has 30 seconds left.
|
|t:|1756754860
|move|p1b: Ursaluna|Facade|p2a: Dragonite
|-damage|p2a: Dragonite|33/100
|move|p1a: Sinistcha|Matcha Gotcha|p2b: Volcarona|[spread] p2b
|-miss|p1a: Sinistcha|p2a: Dragonite
|-damage|p2b: Volcarona|22/100
|move|p2a: Dragonite|Scale Shot|p1b: Ursaluna
|-damage|p1b: Ursaluna|62/100 brn
|-damage|p1b: Ursaluna|52/100 brn
|-damage|p1b: Ursaluna|40/100 brn
|-damage|p1b: Ursaluna|29/100 brn
|-damage|p1b: Ursaluna|19/100 brn
|-hitcount|p1b: Ursaluna|5
|-unboost|p2a: Dragonite|def|1
|-boost|p2a: Dragonite|spe|1
|move|p2b: Volcarona|Heat Wave|p1b: Ursaluna|[spread] p1a,p1b
|-supereffective|p1a: Sinistcha
|-damage|p1a: Sinistcha|35/100
|-damage|p1b: Ursaluna|0 fnt
|-enditem|p1a: Sinistcha|Sitrus Berry|[eat]
|-heal|p1a: Sinistcha|60/100|[from] item: Sitrus Berry
|faint|p1b: Ursaluna
|
|upkeep
|
|t:|1756754871
|switch|p1b: Incineroar|Incineroar, L50, F|100/100
|-ability|p1b: Incineroar|Intimidate|boost
|-unboost|p2a: Dragonite|atk|1
|-unboost|p2b: Volcarona|atk|1
|turn|5
|
|t:|1756754887
|switch|p2a: Electabuzz|Electabuzz, L50, M|100/100
|move|p2b: Volcarona|Protect|p2b: Volcarona
|-singleturn|p2b: Volcarona|Protect
|move|p1b: Incineroar|Knock Off|p2a: Electabuzz
|-damage|p2a: Electabuzz|63/100
|-enditem|p2a: Electabuzz|Eviolite|[from] move: Knock Off|[of] p1b: Incineroar
|move|p1a: Sinistcha|Matcha Gotcha|p2b: Volcarona|[spread] p2a
|-activate|p2b: Volcarona|move: Protect
|-damage|p2a: Electabuzz|34/100
|-heal|p1a: Sinistcha|74/100|[from] drain|[of] p2a: Electabuzz
|
|-fieldend|move: Trick Room
|upkeep
|turn|6
|inactive|DomDaBomb886 has 30 seconds left.
|inactive|DomDaBomb886 has 20 seconds left.
|
|t:|1756754923
|move|p2a: Electabuzz|Taunt|p1a: Sinistcha
|-start|p1a: Sinistcha|move: Taunt
|move|p2b: Volcarona|Heat Wave|p1b: Incineroar|[spread] p1a
|-miss|p2b: Volcarona|p1b: Incineroar
|-supereffective|p1a: Sinistcha
|-damage|p1a: Sinistcha|8/100
|move|p1b: Incineroar|Knock Off|p2a: Electabuzz
|-damage|p2a: Electabuzz|1/100
|cant|p1a: Sinistcha|move: Taunt|Trick Room
|
|upkeep
|turn|7
|
|t:|1756754946
|move|p2a: Electabuzz|Follow Me|p2a: Electabuzz
|-singleturn|p2a: Electabuzz|move: Follow Me
|move|p2b: Volcarona|Tera Blast|p1a: Sinistcha|[anim] Tera Blast Fairy
|-damage|p1a: Sinistcha|0 fnt
|faint|p1a: Sinistcha
|move|p1b: Incineroar|Knock Off|p2a: Electabuzz
|-damage|p2a: Electabuzz|0 fnt
|faint|p2a: Electabuzz
|
|upkeep
|
|t:|1756754950
|switch|p2a: Dragonite|Dragonite, L50, F|33/100
|turn|8
|
|t:|1756754957
|move|p2b: Volcarona|Tera Blast|p1b: Incineroar|[anim] Tera Blast Fairy
|-damage|p1b: Incineroar|70/100
|move|p2a: Dragonite|Scale Shot|p1b: Incineroar
|-damage|p1b: Incineroar|55/100
|-damage|p1b: Incineroar|41/100
|-damage|p1b: Incineroar|25/100
|-damage|p1b: Incineroar|11/100
|-hitcount|p1b: Incineroar|4
|-unboost|p2a: Dragonite|def|1
|-boost|p2a: Dragonite|spe|1
|move|p1b: Incineroar|Knock Off|p2a: Dragonite
|-damage|p2a: Dragonite|0 fnt
|-enditem|p2a: Dragonite|Loaded Dice|[from] move: Knock Off|[of] p1b: Incineroar
|faint|p2a: Dragonite
|
|upkeep
|turn|9
|
|t:|1756754964
|move|p2b: Volcarona|Tera Blast|p1b: Incineroar|[anim] Tera Blast Fairy
|-damage|p1b: Incineroar|0 fnt
|faint|p1b: Incineroar
|
|win|Starbai
|raw|DomDaBomb886's rating: 1278 → 1258(-20 for losing)
|raw|Starbai's rating: 1351 → 1367(+16 for winning)
|l|☆DomDaBomb886
|player|p1|
