|j|☆Aeon_Twins
|j|☆banana_guy526
|html|Aeon_Twinsbanana_guy526    
|uhtml|bestof|Game 2 of a best-of-3
|t:|1783169014
|gametype|doubles
|player|p1|Aeon_Twins|n|1213
|player|p2|banana_guy526|colress|1040
|gen|9
|tier|[Gen 9 Champions] VGC 2026 Reg M-B (Bo3)
|rated|
|rule|Species Clause: Limit one of each Pokémon
|rule|Item Clause: Limit 1 of each item
|clearpoke
|poke|p1|Swampert, L50, F|
|poke|p1|Staraptor, L50, M|
|poke|p1|Archaludon, L50, M|
|poke|p1|Pelipper, L50, M|
|poke|p1|Sinistcha, L50|
|poke|p1|Grimmsnarl, L50, M|
|poke|p2|Froslass, L50, F, shiny|
|poke|p2|Whimsicott, L50, M, shiny|
|poke|p2|Blastoise, L50, F|
|poke|p2|Farigiraf, L50, F|
|poke|p2|Arcanine-Hisui, L50, M|
|poke|p2|Hatterene, L50, F, shiny|
|teampreview|4
|showteam|p1|Swampert||Swampertite|Torrent|WaveCrash,Earthquake,IcePunch,Protect|Adamant||F|||50|]Staraptor||Staraptite|Intimidate|CloseCombat,BraveBird,Roost,Protect|Jolly||M|||50|]Archaludon||Leftovers|Stamina|DragonPulse,FlashCannon,ElectroShot,Protect|Modest||M|||50|]Pelipper||SitrusBerry|Drizzle|WeatherBall,Hurricane,Tailwind,Protect|Bold||M|||50|]Sinistcha||KasibBerry|Hospitality|MatchaGotcha,RagePowder,LifeDew,Protect|Relaxed|||||50|]Grimmsnarl||LightClay|Prankster|FoulPlay,PartingShot,LightScreen,Reflect|Calm||M|||50|
|showteam|p2|Froslass||Froslassite|SnowCloak|Blizzard,ShadowBall,AuroraVeil,Protect|Timid||F|||50|]Whimsicott||FairyFeather|Prankster|Encore,Moonblast,Tailwind,EnergyBall|Bold||M|||50|]Blastoise||Blastoisinite|Torrent|WaterSpout,DarkPulse,AuraSphere,FakeOut|Quiet||F|||50|]Farigiraf||ColburBerry|ArmorTail|PsychicNoise,HelpingHand,RainDance,TrickRoom|Relaxed||F|||50|]Arcanine-Hisui||FocusSash|RockHead|FlareBlitz,HeadSmash,ExtremeSpeed,Protect|Jolly||M|||50|]Hatterene||LifeOrb|MagicBounce|Psychic,DazzlingGleam,TrickRoom,Protect|Quiet||F|||50|
|inactive|Battle timer is ON: inactive players will automatically lose when time's up. (requested by banana_guy526)
|
|t:|1783169037
|teamsize|p1|4
|teamsize|p2|4
|start
|switch|p1a: Archaludon|Archaludon, L50, M|100/100
|switch|p1b: Grimmsnarl|Grimmsnarl, L50, M|100/100
|switch|p2a: Farigiraf|Farigiraf, L50, F|100/100
|switch|p2b: Blastoise|Blastoise, L50, F|100/100
|turn|1
|
|t:|1783169051
|detailschange|p2b: Blastoise|Blastoise-Mega, L50, F
|-mega|p2b: Blastoise|Blastoise|Blastoisinite
|move|p2b: Blastoise|Fake Out|p1a: Archaludon
|-resisted|p1a: Archaludon|1
|-damage|p1a: Archaludon|96/100
|-ability|p1a: Archaludon|Stamina|boost
|-boost|p1a: Archaludon|def|1
|move|p1b: Grimmsnarl|Light Screen|p1b: Grimmsnarl
|-sidestart|p1: Aeon_Twins|move: Light Screen
|cant|p1a: Archaludon|flinch
|move|p2a: Farigiraf|Trick Room|p2a: Farigiraf
|-fieldstart|move: Trick Room|[of] p2a: Farigiraf
|
|-heal|p1a: Archaludon|100/100|[from] item: Leftovers
|upkeep
|turn|2
|
|t:|1783169073
|switch|p1b: Pelipper|Pelipper, L50, M|100/100
|-weather|RainDance|[from] ability: Drizzle|[of] p1b: Pelipper
|switch|p2b: Arcanine|Arcanine-Hisui, L50, M|100/100
|move|p2a: Farigiraf|Psychic Noise|p1a: Archaludon
|-resisted|p1a: Archaludon|1
|-damage|p1a: Archaludon|91/100
|-start|p1a: Archaludon|move: Heal Block
|-ability|p1a: Archaludon|Stamina|boost
|-boost|p1a: Archaludon|def|1
|move|p1a: Archaludon|Electro Shot||[still]
|-prepare|p1a: Archaludon|Electro Shot
|-boost|p1a: Archaludon|spa|1
|-anim|p1a: Archaludon|Electro Shot|p2b: Arcanine
|-damage|p2b: Arcanine|26/100
|
|-weather|RainDance|[upkeep]
|upkeep
|turn|3
|
|t:|1783169097
|switch|p1b: Sinistcha|Sinistcha, L50|100/100
|move|p2a: Farigiraf|Psychic Noise|p1b: Sinistcha
|-damage|p1b: Sinistcha|79/100
|-start|p1b: Sinistcha|move: Heal Block
|move|p1a: Archaludon|Electro Shot||[still]
|-prepare|p1a: Archaludon|Electro Shot
|-boost|p1a: Archaludon|spa|1
|-anim|p1a: Archaludon|Electro Shot|p2b: Arcanine
|-damage|p2b: Arcanine|0 fnt
|faint|p2b: Arcanine
|
|-weather|RainDance|[upkeep]
|-end|p1a: Archaludon|move: Heal Block
|upkeep
|
|t:|1783169112
|switch|p2b: Blastoise|Blastoise-Mega, L50, F|100/100
|turn|4
|
|t:|1783169127
|move|p2b: Blastoise|Fake Out|p1a: Archaludon
|-resisted|p1a: Archaludon|1
|-damage|p1a: Archaludon|89/100
|-ability|p1a: Archaludon|Stamina|boost
|-boost|p1a: Archaludon|def|1
|move|p1b: Sinistcha|Rage Powder|p1b: Sinistcha
|-singleturn|p1b: Sinistcha|move: Rage Powder
|move|p2a: Farigiraf|Psychic Noise|p1b: Sinistcha
|-damage|p1b: Sinistcha|61/100
|cant|p1a: Archaludon|flinch
|
|-weather|RainDance|[upkeep]
|-heal|p1a: Archaludon|95/100|[from] item: Leftovers
|-end|p1b: Sinistcha|move: Heal Block
|upkeep
|turn|5
|
|t:|1783169147
|switch|p2b: Hatterene|Hatterene, L50, F, shiny|100/100
|move|p1b: Sinistcha|Rage Powder|p1b: Sinistcha
|-singleturn|p1b: Sinistcha|move: Rage Powder
|move|p2a: Farigiraf|Psychic Noise|p1b: Sinistcha
|-damage|p1b: Sinistcha|43/100
|-start|p1b: Sinistcha|move: Heal Block
|move|p1a: Archaludon|Electro Shot||[still]
|-prepare|p1a: Archaludon|Electro Shot
|-boost|p1a: Archaludon|spa|1
|-anim|p1a: Archaludon|Electro Shot|p2b: Hatterene
|-damage|p2b: Hatterene|0 fnt
|faint|p2b: Hatterene
|
|-weather|RainDance|[upkeep]
|-heal|p1a: Archaludon|100/100|[from] item: Leftovers
|-fieldend|move: Trick Room
|upkeep
|
|t:|1783169163
|switch|p2b: Blastoise|Blastoise-Mega, L50, F|100/100
|turn|6
|
|t:|1783169176
|move|p1b: Sinistcha|Rage Powder|p1b: Sinistcha
|-singleturn|p1b: Sinistcha|move: Rage Powder
|move|p1a: Archaludon|Electro Shot||[still]
|-prepare|p1a: Archaludon|Electro Shot
|-boost|p1a: Archaludon|spa|1
|-anim|p1a: Archaludon|Electro Shot|p2b: Blastoise
|-supereffective|p2b: Blastoise|1
|-damage|p2b: Blastoise|0 fnt
|faint|p2b: Blastoise
|move|p2a: Farigiraf|Psychic Noise|p1b: Sinistcha
|-damage|p1b: Sinistcha|25/100
|
|-weather|none
|-end|p1b: Sinistcha|move: Heal Block
|upkeep
|turn|7
|-message|banana_guy526 forfeited.
|
|win|Aeon_Twins
