|j|☆coalossal_idiot
|j|☆akabaki
|html|coalossal_idiotakabaki    
|uhtml|bestof|Game 1 of a best-of-3
|t:|1757695006
|gametype|doubles
|player|p1|coalossal_idiot|birdkeeper|1283
|player|p2|akabaki|102|1276
|gen|9
|tier|[Gen 9] VGC 2025 Reg H (Bo3)
|rated|
|rule|Species Clause: Limit one of each Pokémon
|rule|Item Clause: Limit 1 of each item
|clearpoke
|poke|p1|Samurott-Hisui, L50, F|
|poke|p1|Sneasler, L50, F|
|poke|p1|Corviknight, L50, F|
|poke|p1|Volcarona, L50, M|
|poke|p1|Electabuzz, L50, F|
|poke|p1|Whimsicott, L50, F|
|poke|p2|Garchomp, L50, F|
|poke|p2|Gholdengo, L50|
|poke|p2|Clefable, L50, M|
|poke|p2|Talonflame, L50, F|
|poke|p2|Hydreigon, L50, M|
|poke|p2|Annihilape, L50, F|
|teampreview|4
|showteam|p1|Samurott-Hisui||ClearAmulet|Sharpness|RazorShell,KnockOff,SacredSword,Protect|||F|||50|,,,,,Fighting]Sneasler||WhiteHerb|Unburden|DireClaw,CloseCombat,Coaching,Protect|||F|||50|,,,,,Ghost]Corviknight||Leftovers|MirrorArmor|BraveBird,BodyPress,BulkUp,Roost|||F|||50|,,,,,Dragon]Volcarona||CovertCloak|FlameBody|HeatWave,GigaDrain,QuiverDance,Protect|||M|||50|,,,,,Grass]Electabuzz||Eviolite|VitalSpirit|Thunderbolt,FollowMe,Taunt,Protect|||F|||50|,,,,,Ghost]Whimsicott||FocusSash|Prankster|Moonblast,MistyTerrain,Tailwind,Encore|||F|||50|,,,,,Ghost
|showteam|p2|Garchomp||LifeOrb|RoughSkin|DragonClaw,StompingTantrum,Earthquake,Protect|||F|||50|,,,,,Steel]Gholdengo||MetalCoat|GoodasGold|MakeItRain,ShadowBall,NastyPlot,Protect||||||50|,,,,,Water]Clefable||SitrusBerry|Unaware|Moonblast,FollowMe,Protect,MistyTerrain|||M|||50|,,,,,Water]Talonflame||CovertCloak|GaleWings|BraveBird,Tailwind,WillOWisp,Taunt|||F|||50|,,,,,Grass]Hydreigon||ChoiceSpecs|Levitate|DracoMeteor,DarkPulse,HeatWave,Snarl|||M|||50|,,,,,Fire]Annihilape||SafetyGoggles|Defiant|RageFist,DrainPunch,BulkUp,Protect|||F|||50|,,,,,Water
|inactive|Battle timer is ON: inactive players will automatically lose when time's up. (requested by akabaki)
|inactive|akabaki has 60 seconds left.
|inactive|akabaki has 30 seconds left.
|inactive|akabaki has 20 seconds left.
|inactive|akabaki has 15 seconds left.
|inactive|akabaki has 10 seconds left.
|inactive|akabaki has 5 seconds left.
|
|t:|1757695103
|teamsize|p1|4
|teamsize|p2|4
|start
|switch|p1a: Samurott|Samurott-Hisui, L50, F|100/100
|switch|p1b: Electabuzz|Electabuzz, L50, F|100/100
|switch|p2a: Talonflame|Talonflame, L50, F|100/100
|switch|p2b: Garchomp|Garchomp, L50, F|100/100
|turn|1
|
|t:|1757695125
|move|p1a: Samurott|Protect|p1a: Samurott
|-singleturn|p1a: Samurott|Protect
|move|p2a: Talonflame|Will-O-Wisp|p1a: Samurott
|-activate|p1a: Samurott|move: Protect
|move|p2b: Garchomp|Earthquake|p1a: Samurott|[spread] p1b
|-activate|p1a: Samurott|move: Protect
|-immune|p2a: Talonflame
|-supereffective|p1b: Electabuzz
|-damage|p1b: Electabuzz|19/100
|-damage|p2b: Garchomp|91/100|[from] item: Life Orb
|move|p1b: Electabuzz|Thunderbolt|p2a: Talonflame
|-supereffective|p2a: Talonflame
|-damage|p2a: Talonflame|0 fnt
|faint|p2a: Talonflame
|
|upkeep
|inactive|akabaki has 30 seconds left.
|
|t:|1757695153
|switch|p2a: Clefable|Clefable, L50, M|100/100
|turn|2
|inactive|akabaki has 30 seconds left.
|
|t:|1757695183
|move|p2b: Garchomp|Dragon Claw|p1b: Electabuzz
|-damage|p1b: Electabuzz|0 fnt
|faint|p1b: Electabuzz
|-damage|p2b: Garchomp|81/100|[from] item: Life Orb
|move|p1a: Samurott|Knock Off|p2b: Garchomp
|-damage|p2b: Garchomp|32/100
|-damage|p1a: Samurott|88/100|[from] ability: Rough Skin|[of] p2b: Garchomp
|-enditem|p2b: Garchomp|Life Orb|[from] move: Knock Off|[of] p1a: Samurott
|move|p2a: Clefable|Moonblast|p1a: Samurott
|-supereffective|p1a: Samurott
|-damage|p1a: Samurott|0 fnt
|faint|p1a: Samurott
|
|upkeep
|
|t:|1757695192
|switch|p1a: Whimsicott|Whimsicott, L50, F|100/100
|switch|p1b: Volcarona|Volcarona, L50, M|100/100
|turn|3
|inactive|coalossal_idiot has 30 seconds left.
|inactive|akabaki has 30 seconds left.
|inactive|akabaki has 20 seconds left.
|inactive|akabaki has 15 seconds left.
|inactive|akabaki has 10 seconds left.
|
|t:|1757695241
|move|p1a: Whimsicott|Moonblast|p2b: Garchomp
|-supereffective|p2b: Garchomp
|-damage|p2b: Garchomp|0 fnt
|faint|p2b: Garchomp
|move|p1b: Volcarona|Quiver Dance|p1b: Volcarona
|-boost|p1b: Volcarona|spa|1
|-boost|p1b: Volcarona|spd|1
|-boost|p1b: Volcarona|spe|1
|move|p2a: Clefable|Moonblast|p1a: Whimsicott
|-damage|p1a: Whimsicott|49/100
|
|upkeep
|
|t:|1757695253
|switch|p2b: Gholdengo|Gholdengo, L50|100/100
|turn|4
|inactive|akabaki has 30 seconds left.
|inactive|akabaki has 20 seconds left.
|
|t:|1757695289
|-terastallize|p2b: Gholdengo|Water
|move|p1a: Whimsicott|Encore|p2a: Clefable
|-start|p2a: Clefable|Encore
|move|p1b: Volcarona|Quiver Dance|p1b: Volcarona
|-boost|p1b: Volcarona|spa|1
|-boost|p1b: Volcarona|spd|1
|-boost|p1b: Volcarona|spe|1
|move|p2b: Gholdengo|Make It Rain|p1a: Whimsicott|[spread] p1a,p1b
|-supereffective|p1a: Whimsicott
|-resisted|p1b: Volcarona
|-damage|p1a: Whimsicott|0 fnt
|-damage|p1b: Volcarona|89/100
|-unboost|p2b: Gholdengo|spa|1
|faint|p1a: Whimsicott
|move|p2a: Clefable|Moonblast|p1b: Volcarona
|-resisted|p1b: Volcarona
|-damage|p1b: Volcarona|74/100
|
|upkeep
|turn|5
|inactive|akabaki has 30 seconds left.
|
|t:|1757695318
|move|p1b: Volcarona|Giga Drain|p2b: Gholdengo
|-supereffective|p2b: Gholdengo
|-damage|p2b: Gholdengo|0 fnt
|-heal|p1b: Volcarona|100/100|[from] drain|[of] p2b: Gholdengo
|faint|p2b: Gholdengo
|move|p2a: Clefable|Moonblast|p1b: Volcarona
|-resisted|p1b: Volcarona
|-damage|p1b: Volcarona|85/100
|
|upkeep
|turn|6
|
|t:|1757695328
|move|p1b: Volcarona|Heat Wave|p2a: Clefable
|-damage|p2a: Clefable|62/100
|move|p2a: Clefable|Moonblast|p1b: Volcarona
|-resisted|p1b: Volcarona
|-damage|p1b: Volcarona|70/100
|
|-end|p2a: Clefable|Encore
|upkeep
|turn|7
|
|t:|1757695337
|move|p1b: Volcarona|Giga Drain|p2a: Clefable
|-damage|p2a: Clefable|40/100
|-heal|p1b: Volcarona|81/100|[from] drain|[of] p2a: Clefable
|-enditem|p2a: Clefable|Sitrus Berry|[eat]
|-heal|p2a: Clefable|65/100|[from] item: Sitrus Berry
|move|p2a: Clefable|Moonblast|p1b: Volcarona
|-resisted|p1b: Volcarona
|-damage|p1b: Volcarona|68/100
|
|upkeep
|turn|8
|
|t:|1757695349
|move|p1b: Volcarona|Giga Drain|p2a: Clefable
|-damage|p2a: Clefable|46/100
|-heal|p1b: Volcarona|79/100|[from] drain|[of] p2a: Clefable
|move|p2a: Clefable|Moonblast|p1b: Volcarona
|-resisted|p1b: Volcarona
|-damage|p1b: Volcarona|65/100
|
|upkeep
|turn|9
|
|t:|1757695357
|move|p1b: Volcarona|Giga Drain|p2a: Clefable
|-damage|p2a: Clefable|23/100
|-heal|p1b: Volcarona|77/100|[from] drain|[of] p2a: Clefable
|move|p2a: Clefable|Moonblast|p1b: Volcarona
|-resisted|p1b: Volcarona
|-damage|p1b: Volcarona|64/100
|
|upkeep
|turn|10
|
|t:|1757695366
|-terastallize|p1b: Volcarona|Grass
|move|p1b: Volcarona|Giga Drain|p2a: Clefable
|-damage|p2a: Clefable|0 fnt
|-heal|p1b: Volcarona|75/100|[from] drain|[of] p2a: Clefable
|faint|p2a: Clefable
|
|win|coalossal_idiot
||coalossal_idiot is ready for game 2.
||akabaki is ready for game 2.
|uhtml|next|Next: Game 2 of 3
