|j|☆MikeShinobu
|j|☆buggy es el rey
|html|MikeShinobubuggy es el rey    
|uhtml|bestof|Game 2 of a best-of-3
|t:|1783087590
|gametype|doubles
|player|p1|MikeShinobu|ethan|1099
|player|p2|buggy es el rey|gambler|1049
|gen|9
|tier|[Gen 9 Champions] VGC 2026 Reg M-B (Bo3)
|rated|
|rule|Species Clause: Limit one of each Pokémon
|rule|Item Clause: Limit 1 of each item
|clearpoke
|poke|p1|Whimsicott, L50, M|
|poke|p1|Garchomp, L50, M|
|poke|p1|Staraptor, L50, M|
|poke|p1|Blaziken, L50, F|
|poke|p1|Ninetales-Alola, L50, M|
|poke|p1|Excadrill, L50, M|
|poke|p2|Swampert, L50, M|
|poke|p2|Pelipper, L50, F|
|poke|p2|Gengar, L50, M|
|poke|p2|Sableye, L50, M|
|poke|p2|Grimmsnarl, L50, M|
|poke|p2|Archaludon, L50, M|
|teampreview|4
|showteam|p1|Whimsicott||FocusSash|Prankster|Protect,Tailwind,Moonblast,Charm|Timid||M|||50|]Garchomp||LifeOrb|RoughSkin|DragonClaw,Earthquake,Protect,RockSlide|Jolly||M|||50|]Staraptor||Staraptite|Intimidate|CloseCombat,BraveBird,Roost,Protect|Jolly||M|||50|]Blaziken||Blazikenite|SpeedBoost|Coaching,Protect,CloseCombat,FlareBlitz|Adamant||F|||50|]Ninetales-Alola||LightClay|SnowWarning|Blizzard,Moonblast,AuroraVeil,Protect|Modest||M|||50|]Excadrill||Excadrite|MoldBreaker|Earthquake,HighHorsepower,IronHead,Protect|Jolly||M|||50|
|showteam|p2|Swampert||Swampertite|Damp|Earthquake,IcePunch,WaveCrash,Protect|Adamant||M|||50|]Pelipper||FocusSash|Drizzle|Tailwind,WeatherBall,WideGuard,Uturn|Modest||F|||50|]Gengar||Gengarite|CursedBody|PerishSong,Protect,Disable,ShadowBall|Timid||M|||50|]Sableye||MentalHerb|Prankster|Encore,RainDance,FakeOut,Disable|Relaxed||M|||50|]Grimmsnarl||LightClay|Prankster|FakeOut,LightScreen,Reflect,PartingShot|Relaxed||M|||50|]Archaludon||Leftovers|Stamina|ElectroShot,FlashCannon,Protect,DragonPulse|Calm||M|||50|
|inactive|Battle timer is ON: inactive players will automatically lose when time's up. (requested by MikeShinobu)
|inactive|MikeShinobu has 60 seconds left.
|
|t:|1783087624
|teamsize|p1|4
|teamsize|p2|4
|start
|switch|p1a: Garchomp|Garchomp, L50, M|100/100
|switch|p1b: Excadrill|Excadrill, L50, M|100/100
|switch|p2a: Gengar|Gengar, L50, M|100/100
|switch|p2b: Grimmsnarl|Grimmsnarl, L50, M|100/100
|-ability|p1b: Excadrill|Mold Breaker
|turn|1
|
|t:|1783087646
|detailschange|p2a: Gengar|Gengar-Mega, L50, M
|-mega|p2a: Gengar|Gengar|Gengarite
|detailschange|p1b: Excadrill|Excadrill-Mega, L50, M
|-mega|p1b: Excadrill|Excadrill|Excadrite
|move|p2a: Gengar|Protect|p2a: Gengar
|-singleturn|p2a: Gengar|Protect
|move|p2b: Grimmsnarl|Fake Out|p1b: Excadrill
|-resisted|p1b: Excadrill|1
|-damage|p1b: Excadrill|94/100
|cant|p1b: Excadrill|flinch
|move|p1a: Garchomp|Dragon Claw|p2a: Gengar
|-activate|p2a: Gengar|move: Protect
|
|upkeep
|turn|2
|inactive|buggy es el rey has 30 seconds left.
|
|t:|1783087674
|switch|p2a: Sableye|Sableye, L50, M|100/100
|move|p2b: Grimmsnarl|Parting Shot|p1b: Excadrill
|-unboost|p1b: Excadrill|atk|1
|-unboost|p1b: Excadrill|spa|1
|
|t:|1783087679
|switch|p2b: Pelipper|Pelipper, L50, F|100/100|[from] Parting Shot
|-weather|RainDance|[from] ability: Drizzle|[of] p2b: Pelipper
|move|p1b: Excadrill|High Horsepower|p2a: Sableye
|-damage|p2a: Sableye|55/100
|move|p1a: Garchomp|Dragon Claw|p2a: Sableye
|-damage|p2a: Sableye|0 fnt
|faint|p2a: Sableye
|-damage|p1a: Garchomp|90/100|[from] item: Life Orb
|
|-weather|RainDance|[upkeep]
|upkeep
|
|t:|1783087692
|switch|p2a: Grimmsnarl|Grimmsnarl, L50, M|100/100
|turn|3
|
|t:|1783087710
|switch|p1b: Ninetales|Ninetales-Alola, L50, M|100/100
|-weather|Snowscape|[from] ability: Snow Warning|[of] p1b: Ninetales
|switch|p1a: Blaziken|Blaziken, L50, F|100/100
|move|p2a: Grimmsnarl|Fake Out|p1a: Blaziken
|-damage|p1a: Blaziken|81/100
|move|p2b: Pelipper|Weather Ball|p1b: Ninetales
|-resisted|p1b: Ninetales|1
|-damage|p1b: Ninetales|81/100
|
|-weather|Snowscape|[upkeep]
|upkeep
|turn|4
|
|t:|1783087730
|move|p2a: Grimmsnarl|Reflect|p2a: Grimmsnarl
|-sidestart|p2: buggy es el rey|Reflect
|move|p1b: Ninetales|Moonblast|p2a: Grimmsnarl
|-supereffective|p2a: Grimmsnarl|1
|-damage|p2a: Grimmsnarl|12/100
|move|p1a: Blaziken|Flare Blitz|p2a: Grimmsnarl
|-damage|p2a: Grimmsnarl|0 fnt
|faint|p2a: Grimmsnarl
|-damage|p1a: Blaziken|76/100|[from] Recoil
|move|p2b: Pelipper|U-turn|p1b: Ninetales
|-resisted|p1b: Ninetales|1
|-damage|p1b: Ninetales|76/100
|
|t:|1783087741
|switch|p2b: Gengar|Gengar-Mega, L50, M|100/100|[from] U-turn
|
|-weather|Snowscape|[upkeep]
|-ability|p1a: Blaziken|Speed Boost|boost
|-boost|p1a: Blaziken|spe|1
|upkeep
|
|t:|1783087746
|switch|p2a: Pelipper|Pelipper, L50, F|100/100
|-weather|RainDance|[from] ability: Drizzle|[of] p2a: Pelipper
|turn|5
|
|t:|1783087760
|move|p2b: Gengar|Perish Song|p2b: Gengar
|-start|p1a: Blaziken|perish3|[silent]
|-start|p1b: Ninetales|perish3|[silent]
|-start|p2a: Pelipper|perish3|[silent]
|-start|p2b: Gengar|perish3|[silent]
|-fieldactivate|move: Perish Song
|move|p1a: Blaziken|Flare Blitz|p2b: Gengar
|-damage|p2b: Gengar|68/100
|-damage|p1a: Blaziken|66/100|[from] Recoil
|move|p1b: Ninetales|Blizzard|p2a: Pelipper|[spread] p2a,p2b
|-damage|p2a: Pelipper|38/100
|-damage|p2b: Gengar|24/100
|move|p2a: Pelipper|Weather Ball|p1a: Blaziken
|-supereffective|p1a: Blaziken|1
|-damage|p1a: Blaziken|0 fnt
|faint|p1a: Blaziken
|
|-weather|RainDance|[upkeep]
|-start|p2b: Gengar|perish3
|-start|p1b: Ninetales|perish3
|-start|p2a: Pelipper|perish3
|upkeep
|
|t:|1783087774
|switch|p1a: Excadrill|Excadrill-Mega, L50, M|94/100
|turn|6
|
|t:|1783087785
|move|p2b: Gengar|Shadow Ball|p1a: Excadrill
|-damage|p1a: Excadrill|29/100
|-unboost|p1a: Excadrill|spd|1
|move|p1a: Excadrill|High Horsepower|p2b: Gengar
|-supereffective|p2b: Gengar|1
|-damage|p2b: Gengar|0 fnt
|faint|p2b: Gengar
|move|p1b: Ninetales|Moonblast|p2a: Pelipper
|-damage|p2a: Pelipper|0 fnt
|faint|p2a: Pelipper
|
|win|MikeShinobu
