|j|☆Magicalarcher57
|j|☆JXD500
|html|Magicalarcher57JXD500    
|uhtml|bestof|Game 1 of a best-of-3
|t:|1782487962
|gametype|doubles
|player|p1|Magicalarcher57|diantha|1118
|player|p2|JXD500|170|1108
|gen|9
|tier|[Gen 9 Champions] VGC 2026 Reg M-B (Bo3)
|rated|
|rule|Species Clause: Limit one of each Pokémon
|rule|Item Clause: Limit 1 of each item
|clearpoke
|poke|p1|Raichu, L50, M, shiny|
|poke|p1|Garchomp, L50, M, shiny|
|poke|p1|Whimsicott, L50, M, shiny|
|poke|p1|Kingambit, L50, F, shiny|
|poke|p1|Basculegion, L50, M, shiny|
|poke|p1|Charizard, L50, M, shiny|
|poke|p2|Swampert, L50, M|
|poke|p2|Pelipper, L50, M|
|poke|p2|Archaludon, L50, F|
|poke|p2|Rotom-Heat, L50|
|poke|p2|Dragonite, L50, M|
|poke|p2|Incineroar, L50, M|
|teampreview|4
|showteam|p1|Raichu||RaichuniteY|LightningRod|FakeOut,FocusBlast,ZapCannon,Protect|Timid||M|||50|]Garchomp||LifeOrb|RoughSkin|DragonClaw,Earthquake,StompingTantrum,Protect|Jolly||M|||50|]Whimsicott||FocusSash|Prankster|Moonblast,Tailwind,SunnyDay,Encore|Timid||M|||50|]Kingambit||BlackGlasses|Defiant|SuckerPunch,KowtowCleave,IronHead,Protect|Adamant||F|||50|]Basculegion||MysticWater|Adaptability|LastRespects,WaveCrash,Protect,AquaJet|Jolly||M|||50|]Charizard||CharizarditeY|Blaze|WeatherBall,SolarBeam,HeatWave,Protect|Modest||M|||50|
|showteam|p2|Swampert||Swampertite|Torrent|Earthquake,IcePunch,Liquidation,Protect|Adamant||M|||50|]Pelipper||FocusSash|Drizzle|Tailwind,Protect,Hurricane,WeatherBall|Modest||M|||50|]Archaludon||Leftovers|Stamina|ElectroShot,DragonPulse,FlashCannon,Protect|Modest||F|||50|]Rotom-Heat||ChoiceScarf|Levitate|Overheat,Thunder,Trick,WillOWisp|Modest|||||50|]Dragonite||Dragoninite|Multiscale|Hurricane,Tailwind,DragonPulse,Protect|Modest||M|||50|]Incineroar||SitrusBerry|Intimidate|FakeOut,PartingShot,FlareBlitz,ThroatChop|Careful||M|||50|
|inactive|Battle timer is ON: inactive players will automatically lose when time's up. (requested by Magicalarcher57)
|inactive|Magicalarcher57 has 60 seconds left.
|inactive|JXD500 has 60 seconds left.
|inactive|Magicalarcher57 has 30 seconds left.
|
|t:|1782488027
|teamsize|p1|4
|teamsize|p2|4
|start
|switch|p1a: Circe|Whimsicott, L50, M, shiny|100/100
|switch|p1b: Charizard|Charizard, L50, M, shiny|100/100
|switch|p2a: Rotom|Rotom-Heat, L50|100/100
|switch|p2b: Swampert|Swampert, L50, M|100/100
|turn|1
|
|t:|1782488047
|move|p1b: Charizard|Protect|p1b: Charizard
|-singleturn|p1b: Charizard|Protect
|move|p2b: Swampert|Protect|p2b: Swampert
|-singleturn|p2b: Swampert|Protect
|move|p1a: Circe|Tailwind|p1a: Circe
|-sidestart|p1: Magicalarcher57|move: Tailwind
|move|p2a: Rotom|Overheat|p1a: Circe
|-supereffective|p1a: Circe|1
|-enditem|p1a: Circe|Focus Sash
|-damage|p1a: Circe|1/100
|-unboost|p2a: Rotom|spa|2
|
|upkeep
|turn|2
|
|t:|1782488069
|detailschange|p1b: Charizard|Charizard-Mega-Y, L50, M, shiny
|-mega|p1b: Charizard|Charizard|Charizardite Y
|-weather|SunnyDay|[from] ability: Drought|[of] p1b: Charizard
|detailschange|p2b: Swampert|Swampert-Mega, L50, M
|-mega|p2b: Swampert|Swampert|Swampertite
|move|p1a: Circe|Sunny Day||[still]
|-fail|p1a: Circe
|move|p1b: Charizard|Solar Beam||[still]
|-prepare|p1b: Charizard|Solar Beam
|-anim|p1b: Charizard|Solar Beam|p2b: Swampert
|-supereffective|p2b: Swampert|2
|-damage|p2b: Swampert|0 fnt
|faint|p2b: Swampert
|move|p2a: Rotom|Overheat|p1a: Circe|[miss]
|-miss|p2a: Rotom|p1a: Circe
|
|-weather|SunnyDay|[upkeep]
|upkeep
|
|t:|1782488082
|switch|p2b: Pelipper|Pelipper, L50, M|100/100
|-weather|RainDance|[from] ability: Drizzle|[of] p2b: Pelipper
|turn|3
|
|t:|1782488100
|switch|p2b: Archaludon|Archaludon, L50, F|100/100
|move|p1a: Circe|Moonblast|p2b: Archaludon
|-crit|p2b: Archaludon
|-damage|p2b: Archaludon|43/100
|-unboost|p2b: Archaludon|spa|1
|-ability|p2b: Archaludon|Stamina|boost
|-boost|p2b: Archaludon|def|1
|move|p1b: Charizard|Weather Ball|p2b: Archaludon
|-resisted|p2b: Archaludon|1
|-damage|p2b: Archaludon|10/100
|-ability|p2b: Archaludon|Stamina|boost
|-boost|p2b: Archaludon|def|1
|move|p2a: Rotom|Overheat|p1a: Circe
|-supereffective|p1a: Circe|1
|-damage|p1a: Circe|0 fnt
|-unboost|p2a: Rotom|spa|2
|faint|p1a: Circe
|
|-weather|RainDance|[upkeep]
|-heal|p2b: Archaludon|16/100|[from] item: Leftovers
|upkeep
|
|t:|1782488108
|switch|p1a: Basculegion|Basculegion, L50, M, shiny|100/100
|turn|4
|
|t:|1782488126
|switch|p2a: Pelipper|Pelipper, L50, M|100/100
|move|p2b: Archaludon|Protect|p2b: Archaludon
|-singleturn|p2b: Archaludon|Protect
|move|p1b: Charizard|Weather Ball|p2b: Archaludon
|-activate|p2b: Archaludon|move: Protect
|move|p1a: Basculegion|Wave Crash|p2a: Pelipper
|-resisted|p2a: Pelipper|1
|-damage|p2a: Pelipper|10/100
|-damage|p1a: Basculegion|79/100|[from] Recoil
|
|-weather|RainDance|[upkeep]
|-heal|p2b: Archaludon|22/100|[from] item: Leftovers
|-sideend|p1: Magicalarcher57|move: Tailwind
|upkeep
|turn|5
|inactive|Magicalarcher57 has 30 seconds left.
|inactive|JXD500 has 30 seconds left.
|
|t:|1782488161
|move|p2a: Pelipper|Protect|p2a: Pelipper
|-singleturn|p2a: Pelipper|Protect
|move|p1b: Charizard|Weather Ball|p2b: Archaludon
|-resisted|p2b: Archaludon|1
|-damage|p2b: Archaludon|0 fnt
|faint|p2b: Archaludon
|move|p1a: Basculegion|Last Respects|p2a: Pelipper
|-activate|p2a: Pelipper|move: Protect
|
|-weather|RainDance|[upkeep]
|upkeep
|
|t:|1782488167
|switch|p2b: Rotom|Rotom-Heat, L50|100/100
|turn|6
|inactive|Magicalarcher57 has 30 seconds left.
|inactive|Magicalarcher57 has 20 seconds left.
|inactive|Magicalarcher57 has 15 seconds left.
|
|t:|1782488213
|move|p1a: Basculegion|Aqua Jet|p2b: Rotom
|-supereffective|p2b: Rotom|1
|-damage|p2b: Rotom|8/100
|move|p2b: Rotom|Thunder|p1a: Basculegion
|-supereffective|p1a: Basculegion|1
|-damage|p1a: Basculegion|0 fnt
|faint|p1a: Basculegion
|move|p1b: Charizard|Weather Ball|p2a: Pelipper
|-resisted|p2a: Pelipper|1
|-damage|p2a: Pelipper|0 fnt
|faint|p2a: Pelipper
|
|-weather|RainDance|[upkeep]
|upkeep
|
|t:|1782488220
|switch|p1a: Athena|Garchomp, L50, M, shiny|100/100
|turn|7
|-message|JXD500 forfeited.
|
|win|Magicalarcher57
