|j|☆nocturnallynoct
|j|☆PokeMooney
|html|nocturnallynoctPokeMooney    
|uhtml|bestof|Game 3 of a best-of-3
|t:|1756157169
|gametype|doubles
|player|p1|nocturnallynoct|266|1146
|player|p2|PokeMooney|giovanni|1110
|gen|9
|tier|[Gen 9] VGC 2025 Reg H (Bo3)
|rated|
|rule|Species Clause: Limit one of each Pokémon
|rule|Item Clause: Limit 1 of each item
|clearpoke
|poke|p1|Sneasler, L50, M|
|poke|p1|Indeedee, L50, M|
|poke|p1|Tyranitar, L50, F|
|poke|p1|Ursaluna-Bloodmoon, L50, M|
|poke|p1|Electabuzz, L50, M|
|poke|p1|Talonflame, L50, F|
|poke|p2|Tyranitar, L50, M|
|poke|p2|Excadrill, L50, F|
|poke|p2|Kilowattrel, L50, F|
|poke|p2|Kommo-o, L50, F|
|poke|p2|Amoonguss, L50, F|
|poke|p2|Incineroar, L50, F|
|teampreview|4
|showteam|p1|Sneasler||PsychicSeed|Unburden|DireClaw,CloseCombat,ThroatChop,Protect|||M|||50|,,,,,Dark]Indeedee||FocusSash|PsychicSurge|ExpandingForce,TeraBlast,Protect,TrickRoom|||M|||50|,,,,,Fighting]Tyranitar||AssaultVest|SandStream|RockSlide,KnockOff,LowKick,TeraBlast|||F|||50|,,,,,Flying]Ursaluna-Bloodmoon||LifeOrb|MindsEye|BloodMoon,HyperVoice,EarthPower,Protect|||M|||50|,,,,,Normal]Electabuzz||Eviolite|VitalSpirit|Electroweb,FollowMe,Taunt,Protect|||M|||50|,,,,,Dragon]Talonflame||CovertCloak|GaleWings|DualWingbeat,FlareBlitz,Tailwind,WillOWisp|||F|||50|,,,,,Fairy
|showteam|p2|Tyranitar||AssaultVest|SandStream|RockSlide,KnockOff,TeraBlast,LowKick|||M|||50|,,,,,Flying]Excadrill||ClearAmulet|SandRush|Earthquake,RockSlide,IronHead,Protect|||F|||50|,,,,,Ground]Kilowattrel||FocusSash|Competitive|AirSlash,Thunderbolt,Tailwind,Protect|||F|||50|,,,,,Ghost]Kommo-o||ThroatSpray|Overcoat|ClangingScales,Flamethrower,ClangorousSoul,Protect|||F|||50|,,,,,Steel]Amoonguss||SitrusBerry|Regenerator|Spore,RagePowder,PollenPuff,Protect|||F|||50|,,,,,Water]Incineroar||SafetyGoggles|Intimidate|FakeOut,FlareBlitz,KnockOff,PartingShot|||F|||50|,,,,,Dragon
|inactive|Battle timer is ON: inactive players will automatically lose when time's up. (requested by nocturnallynoct)
|
|t:|1756157187
|teamsize|p1|4
|teamsize|p2|4
|start
|switch|p1a: Talonflame|Talonflame, L50, F|100/100
|switch|p1b: Ursaluna|Ursaluna-Bloodmoon, L50, M|100/100
|switch|p2a: Tyranitar|Tyranitar, L50, M|100/100
|switch|p2b: Excadrill|Excadrill, L50, F|100/100
|-weather|Sandstorm|[from] ability: Sand Stream|[of] p2a: Tyranitar
|turn|1
|inactive|nocturnallynoct has 30 seconds left.
|inactive|PokeMooney has 30 seconds left.
|inactive|nocturnallynoct has 20 seconds left.
|
|t:|1756157224
|move|p1a: Talonflame|Tailwind|p1a: Talonflame
|-sidestart|p1: nocturnallynoct|move: Tailwind
|move|p2b: Excadrill|Iron Head|p1a: Talonflame
|-resisted|p1a: Talonflame
|-damage|p1a: Talonflame|70/100
|move|p1b: Ursaluna|Earth Power|p2b: Excadrill
|-supereffective|p2b: Excadrill
|-damage|p2b: Excadrill|0 fnt
|faint|p2b: Excadrill
|-damage|p1b: Ursaluna|90/100|[from] item: Life Orb
|move|p2a: Tyranitar|Knock Off|p1b: Ursaluna
|-damage|p1b: Ursaluna|49/100
|-enditem|p1b: Ursaluna|Life Orb|[from] move: Knock Off|[of] p2a: Tyranitar
|
|-weather|Sandstorm|[upkeep]
|-damage|p1a: Talonflame|64/100|[from] Sandstorm
|upkeep
|
|t:|1756157241
|switch|p2b: Incineroar|Incineroar, L50, F|100/100
|-ability|p2b: Incineroar|Intimidate|boost
|-unboost|p1a: Talonflame|atk|1
|-unboost|p1b: Ursaluna|atk|1
|turn|2
|
|t:|1756157263
|switch|p1b: Sneasler|Sneasler, L50, M|100/100
|move|p2b: Incineroar|Fake Out|p1b: Sneasler
|-damage|p1b: Sneasler|81/100
|move|p1a: Talonflame|Will-O-Wisp|p2a: Tyranitar
|-status|p2a: Tyranitar|brn
|move|p2a: Tyranitar|Rock Slide|p1b: Sneasler|[spread] p1a,p1b
|-supereffective|p1a: Talonflame
|-resisted|p1b: Sneasler
|-damage|p1a: Talonflame|0 fnt
|-damage|p1b: Sneasler|69/100
|faint|p1a: Talonflame
|
|-weather|Sandstorm|[upkeep]
|-damage|p1b: Sneasler|63/100|[from] Sandstorm
|-damage|p2a: Tyranitar|95/100 brn|[from] brn
|upkeep
|
|t:|1756157287
|switch|p1a: Ursaluna|Ursaluna-Bloodmoon, L50, M|49/100
|turn|3
|
|t:|1756157311
|switch|p2b: Amoonguss|Amoonguss, L50, F|100/100
|-terastallize|p2a: Tyranitar|Flying
|move|p1b: Sneasler|Close Combat|p2b: Amoonguss
|-resisted|p2b: Amoonguss
|-damage|p2b: Amoonguss|71/100
|-unboost|p1b: Sneasler|def|1
|-unboost|p1b: Sneasler|spd|1
|move|p1a: Ursaluna|Hyper Voice|p2b: Amoonguss|[spread] p2a,p2b
|-damage|p2a: Tyranitar|70/100 brn
|-damage|p2b: Amoonguss|39/100
|-enditem|p2b: Amoonguss|Sitrus Berry|[eat]
|-heal|p2b: Amoonguss|64/100|[from] item: Sitrus Berry
|move|p2a: Tyranitar|Tera Blast|p1b: Sneasler|[anim] Tera Blast Flying
|-supereffective|p1b: Sneasler
|-damage|p1b: Sneasler|0 fnt
|faint|p1b: Sneasler
|
|-weather|Sandstorm|[upkeep]
|-damage|p2a: Tyranitar|64/100 brn|[from] Sandstorm
|-damage|p2b: Amoonguss|58/100|[from] Sandstorm
|-damage|p2a: Tyranitar|58/100 brn|[from] brn
|upkeep
|
|t:|1756157331
|switch|p1b: Indeedee|Indeedee, L50, M|100/100
|-fieldstart|move: Psychic Terrain|[from] ability: Psychic Surge|[of] p1b: Indeedee
|turn|4
|inactive|nocturnallynoct has 30 seconds left.
|
|t:|1756157360
|move|p2b: Amoonguss|Protect|p2b: Amoonguss
|-singleturn|p2b: Amoonguss|Protect
|move|p1b: Indeedee|Expanding Force|p2b: Amoonguss|[spread] p2a
|-activate|p2b: Amoonguss|move: Protect
|-damage|p2a: Tyranitar|28/100 brn
|move|p1a: Ursaluna|Hyper Voice|p2a: Tyranitar|[spread] p2a
|-activate|p2b: Amoonguss|move: Protect
|-damage|p2a: Tyranitar|6/100 brn
|move|p2a: Tyranitar|Knock Off|p1b: Indeedee
|-supereffective|p1b: Indeedee
|-enditem|p1b: Indeedee|Focus Sash
|-damage|p1b: Indeedee|1/100
|
|-weather|Sandstorm|[upkeep]
|-damage|p1b: Indeedee|0 fnt|[from] Sandstorm
|-damage|p2a: Tyranitar|0 fnt|[from] Sandstorm
|-damage|p2b: Amoonguss|52/100|[from] Sandstorm
|faint|p1b: Indeedee
|faint|p2a: Tyranitar
|-sideend|p1: nocturnallynoct|move: Tailwind
|upkeep
|
|t:|1756157380
|switch|p2a: Incineroar|Incineroar, L50, F|100/100
|-ability|p2a: Incineroar|Intimidate|boost
|-unboost|p1a: Ursaluna|atk|1
|turn|5
|inactive|PokeMooney has 30 seconds left.
|inactive|PokeMooney has 20 seconds left.
|
|t:|1756157417
|-terastallize|p1a: Ursaluna|Normal
|move|p2b: Amoonguss|Rage Powder|p2b: Amoonguss
|-singleturn|p2b: Amoonguss|move: Rage Powder
|move|p1a: Ursaluna|Blood Moon|p2b: Amoonguss
|-damage|p2b: Amoonguss|0 fnt
|faint|p2b: Amoonguss
|move|p2a: Incineroar|Parting Shot|p1a: Ursaluna
|-unboost|p1a: Ursaluna|atk|1
|-unboost|p1a: Ursaluna|spa|1
|
|-weather|none
|upkeep
|turn|6
|
|t:|1756157433
|move|p1a: Ursaluna|Earth Power|p2a: Incineroar
|-supereffective|p2a: Incineroar
|-damage|p2a: Incineroar|41/100
|move|p2a: Incineroar|Flare Blitz|p1a: Ursaluna
|-damage|p1a: Ursaluna|8/100
|-damage|p2a: Incineroar|28/100|[from] Recoil
|
|upkeep
|turn|7
|c|☆PokeMooney|Gg
|
|t:|1756157451
|move|p1a: Ursaluna|Earth Power|p2a: Incineroar
|-supereffective|p2a: Incineroar
|-damage|p2a: Incineroar|0 fnt
|faint|p2a: Incineroar
|
|win|nocturnallynoct
|raw|nocturnallynoct's rating: 1146 → 1168(+22 for winning)
|raw|PokeMooney's rating: 1110 → 1088(-22 for losing)
|c|☆nocturnallynoct|ggwp
|l|☆PokeMooney
|player|p2|
