|j|☆Maffles
|j|☆satandagiii2005
|html|Mafflessatandagiii2005    
|uhtml|bestof|Game 1 of a best-of-3
|t:|1784130396
|gametype|doubles
|player|p1|Maffles|2|1308
|player|p2|satandagiii2005|byron|1238
|gen|9
|tier|[Gen 9 Champions] VGC 2026 Reg M-B (Bo3)
|rated|
|rule|Species Clause: Limit one of each Pokémon
|rule|Item Clause: Limit 1 of each item
|clearpoke
|poke|p1|Gengar, L50, M|
|poke|p1|Kingambit, L50, F|
|poke|p1|Ninetales-Alola, L50, M|
|poke|p1|Toxapex, L50, M|
|poke|p1|Basculegion, L50, M|
|poke|p1|Lopunny, L50, F|
|poke|p2|Grimmsnarl, L50, M|
|poke|p2|Venusaur, L50, M|
|poke|p2|Pelipper, L50, F|
|poke|p2|Aerodactyl, L50, F|
|poke|p2|Basculegion, L50, M|
|poke|p2|Archaludon, L50, M|
|teampreview|4
|showteam|p1|Gengar||Gengarite|CursedBody|SludgeBomb,Disable,PerishSong,Protect|Timid||M|||50|]Kingambit||ChopleBerry|Defiant|KowtowCleave,SuckerPunch,SwordsDance,Protect|Brave||F|||50|]Ninetales-Alola||FocusSash|SnowWarning|Blizzard,Moonblast,Encore,Protect|Timid||M|||50|]Toxapex||Leftovers|Regenerator|Infestation,Toxic,WideGuard,BanefulBunker|Bold||M|||50|]Basculegion||SitrusBerry|Adaptability|LastRespects,FlipTurn,Soak,Protect|Sassy||M|||50|]Lopunny||Lopunnite|CuteCharm|CloseCombat,FakeOut,Encore,Protect|Jolly||F|||50|
|showteam|p2|Grimmsnarl||LightClay|Prankster|BrickBreak,Reflect,LightScreen,PartingShot|Sassy||M|||50|]Venusaur||Venusaurite|Chlorophyll|SludgeBomb,GigaDrain,EarthPower,Protect|Modest||M|||50|]Pelipper||SitrusBerry|Drizzle|Hurricane,WideGuard,Soak,RainDance|Calm||F|||50|]Aerodactyl||FocusSash|Unnerve|RockSlide,DualWingbeat,Tailwind,Protect|Jolly||F|||50|]Basculegion||ChoiceScarf|Adaptability|LastRespects,WaveCrash,FlipTurn,AquaJet|Jolly||M|||50|]Archaludon||Leftovers|Stamina|DragonPulse,ElectroShot,AuraSphere,Protect|Modest||M|||50|
|inactive|Battle timer is ON: inactive players will automatically lose when time's up. (requested by Maffles)
|inactive|satandagiii2005 has 60 seconds left.
|inactive|satandagiii2005 has 30 seconds left.
|inactive|satandagiii2005 has 20 seconds left.
|inactive|satandagiii2005 has 15 seconds left.
|inactive|satandagiii2005 has 10 seconds left.
|inactive|satandagiii2005 has 5 seconds left.
|
|t:|1784130511
|teamsize|p1|4
|teamsize|p2|4
|start
|switch|p1a: Gengar|Gengar, L50, M|100/100
|switch|p1b: Lopunny|Lopunny, L50, F|100/100
|switch|p2a: Venusaur|Venusaur, L50, M|100/100
|switch|p2b: Basculegion|Basculegion, L50, M|100/100
|turn|1
|inactive|Maffles has 30 seconds left.
|
|t:|1784130540
|detailschange|p1a: Gengar|Gengar-Mega, L50, M
|-mega|p1a: Gengar|Gengar|Gengarite
|detailschange|p2a: Venusaur|Venusaur-Mega, L50, M
|-mega|p2a: Venusaur|Venusaur|Venusaurite
|move|p1b: Lopunny|Fake Out|p2a: Venusaur
|-damage|p2a: Venusaur|86/100
|move|p2b: Basculegion|Flip Turn|p1a: Gengar
|-damage|p1a: Gengar|52/100
|
|t:|1784130550
|switch|p2b: Grimmsnarl|Grimmsnarl, L50, M|100/100|[from] Flip Turn
|move|p1a: Gengar|Perish Song|p1a: Gengar
|-start|p1a: Gengar|perish3|[silent]
|-start|p1b: Lopunny|perish3|[silent]
|-start|p2a: Venusaur|perish3|[silent]
|-start|p2b: Grimmsnarl|perish3|[silent]
|-fieldactivate|move: Perish Song
|cant|p2a: Venusaur|flinch
|
|-start|p1a: Gengar|perish3
|-start|p1b: Lopunny|perish3
|-start|p2a: Venusaur|perish3
|-start|p2b: Grimmsnarl|perish3
|upkeep
|turn|2
|
|t:|1784130572
|switch|p1b: Kingambit|Kingambit, L50, F|100/100
|move|p1a: Gengar|Protect|p1a: Gengar
|-singleturn|p1a: Gengar|Protect
|move|p2b: Grimmsnarl|Light Screen|p2b: Grimmsnarl
|-sidestart|p2: satandagiii2005|move: Light Screen
|move|p2a: Venusaur|Earth Power|p1b: Kingambit
|-supereffective|p1b: Kingambit|1
|-damage|p1b: Kingambit|37/100
|
|-start|p1a: Gengar|perish2
|-start|p2a: Venusaur|perish2
|-start|p2b: Grimmsnarl|perish2
|upkeep
|turn|3
|
|t:|1784130587
|switch|p1a: Lopunny|Lopunny, L50, F|100/100
|move|p2a: Venusaur|Earth Power|p1a: Lopunny
|-damage|p1a: Lopunny|57/100
|move|p2b: Grimmsnarl|Brick Break|p1b: Kingambit
|-supereffective|p1b: Kingambit|2
|-enditem|p1b: Kingambit|Chople Berry|[eat]
|-enditem|p1b: Kingambit|Chople Berry|[weaken]
|-damage|p1b: Kingambit|12/100
|move|p1b: Kingambit|Swords Dance|p1b: Kingambit
|-boost|p1b: Kingambit|atk|2
|
|-start|p2a: Venusaur|perish1
|-start|p2b: Grimmsnarl|perish1
|upkeep
|turn|4
|inactive|satandagiii2005 has 30 seconds left.
|
|t:|1784130613
|switch|p1a: Gengar|Gengar-Mega, L50, M|52/100
|switch|p2a: Archaludon|Archaludon, L50, M|100/100
|move|p2b: Grimmsnarl|Reflect|p2b: Grimmsnarl
|-sidestart|p2: satandagiii2005|Reflect
|move|p1b: Kingambit|Kowtow Cleave|p2a: Archaludon
|-damage|p2a: Archaludon|54/100
|-ability|p2a: Archaludon|Stamina|boost
|-boost|p2a: Archaludon|def|1
|
|-heal|p2a: Archaludon|61/100|[from] item: Leftovers
|-start|p2b: Grimmsnarl|perish0
|faint|p2b: Grimmsnarl
|upkeep
|
|t:|1784130625
|switch|p2b: Venusaur|Venusaur-Mega, L50, M|86/100
|turn|5
|
|t:|1784130633
|switch|p1b: Lopunny|Lopunny, L50, F|57/100
|move|p1a: Gengar|Protect|p1a: Gengar
|-singleturn|p1a: Gengar|Protect
|move|p2a: Archaludon|Aura Sphere|p1b: Lopunny
|-supereffective|p1b: Lopunny|1
|-damage|p1b: Lopunny|0 fnt
|faint|p1b: Lopunny
|move|p2b: Venusaur|Earth Power|p1a: Gengar
|-activate|p1a: Gengar|move: Protect
|
|-heal|p2a: Archaludon|67/100|[from] item: Leftovers
|upkeep
|
|t:|1784130636
|switch|p1b: Kingambit|Kingambit, L50, F|12/100
|turn|6
|
|t:|1784130650
|move|p1a: Gengar|Disable|p2b: Venusaur
|-start|p2b: Venusaur|Disable|Earth Power
|move|p2a: Archaludon|Aura Sphere|p1b: Kingambit
|-supereffective|p1b: Kingambit|2
|-damage|p1b: Kingambit|0 fnt
|faint|p1b: Kingambit
|cant|p2b: Venusaur|Disable|Earth Power
|
|-heal|p2a: Archaludon|73/100|[from] item: Leftovers
|upkeep
|
|t:|1784130655
|switch|p1b: Basculegion|Basculegion, L50, M|100/100
|turn|7
|
|t:|1784130663
|move|p1a: Gengar|Sludge Bomb|p2b: Venusaur
|-damage|p2b: Venusaur|58/100
|move|p2a: Archaludon|Dragon Pulse|p1a: Gengar
|-damage|p1a: Gengar|3/100
|move|p2b: Venusaur|Giga Drain|p1b: Basculegion
|-supereffective|p1b: Basculegion|1
|-damage|p1b: Basculegion|31/100
|-heal|p2b: Venusaur|97/100|[from] drain|[of] p1b: Basculegion
|-enditem|p1b: Basculegion|Sitrus Berry|[eat]
|-heal|p1b: Basculegion|56/100|[from] item: Sitrus Berry
|move|p1b: Basculegion|Soak|p2a: Archaludon
|-start|p2a: Archaludon|typechange|Water
|
|-heal|p2a: Archaludon|79/100|[from] item: Leftovers
|upkeep
|turn|8
|-message|Maffles forfeited.
|
|win|satandagiii2005
|l|☆Maffles
|player|p1|
||Maffles is ready for game 2.
||satandagiii2005 is ready for game 2.
|uhtml|next|Next: Game 2 of 3
