|j|☆phenomsteelers08
|j|☆Cristante terabug
|html|phenomsteelers08Cristante terabug    
|uhtml|bestof|Game 3 of a best-of-3
|t:|1755618133
|gametype|doubles
|player|p1|phenomsteelers08|101|1358
|player|p2|Cristante terabug|kieran-champion|1330
|gen|9
|tier|[Gen 9] VGC 2025 Reg H (Bo3)
|rated|
|rule|Species Clause: Limit one of each Pokémon
|rule|Item Clause: Limit 1 of each item
|clearpoke
|poke|p1|Indeedee-F, L50, F|
|poke|p1|Whimsicott, L50, M|
|poke|p1|Annihilape, L50, F|
|poke|p1|Armarouge, L50, F|
|poke|p1|Gholdengo, L50|
|poke|p1|Ursaluna-Bloodmoon, L50, M|
|poke|p2|Kommo-o, L50, M|
|poke|p2|Sneasler, L50, M|
|poke|p2|Dragonite, L50, M|
|poke|p2|Rillaboom, L50, M|
|poke|p2|Gholdengo, L50|
|poke|p2|Sinistcha, L50|
|teampreview|4
|showteam|p1|Indeedee-F||RockyHelmet|PsychicSurge|Psychic,FollowMe,TrickRoom,HelpingHand|||F|||50|,,,,,Fairy]Whimsicott||FocusSash|Prankster|Moonblast,Tailwind,BeatUp,SunnyDay|||M|||50|,,,,,Ghost]Annihilape||Leftovers|Defiant|DrainPunch,RageFist,BulkUp,Protect|||F|||50|,,,,,Fairy]Armarouge||TwistedSpoon|FlashFire|ExpandingForce,HeatWave,TrickRoom,Protect|||F|||50|,,,,,Psychic]Gholdengo||MetalCoat|GoodasGold|MakeItRain,ShadowBall,NastyPlot,Protect||||||50|,,,,,Water]Ursaluna-Bloodmoon||LifeOrb|MindsEye|BloodMoon,HyperVoice,EarthPower,Protect|||M|||50|,,,,,Ghost
|showteam|p2|Kommo-o||Leftovers|Overcoat|ClangorousSoul,ClangingScales,Flamethrower,Protect|||M|||50|,,,,,Fire]Sneasler||FocusSash|PoisonTouch|CloseCombat,DireClaw,FakeOut,Protect|||M|||50|,,,,,Ghost]Dragonite||LoadedDice|Multiscale|ScaleShot,Haze,Protect,Tailwind|||M|||50|,,,,,Steel]Rillaboom||AssaultVest|GrassySurge|DrumBeating,HighHorsepower,FakeOut,GrassyGlide|||M|||50|,,,,,Fire]Gholdengo||LifeOrb|GoodasGold|MakeItRain,NastyPlot,Protect,ShadowBall||||||50|,,,,,Dragon]Sinistcha||SitrusBerry|Hospitality|MatchaGotcha,RagePowder,LifeDew,TrickRoom||||||50|,,,,,Dark
|inactive|Battle timer is ON: inactive players will automatically lose when time's up. (requested by phenomsteelers08)
|inactive|phenomsteelers08 has 60 seconds left.
|inactive|Cristante terabug has 60 seconds left.
|
|t:|1755618175
|teamsize|p1|4
|teamsize|p2|4
|start
|switch|p1a: Indeedee|Indeedee-F, L50, F|100/100
|switch|p1b: Armarouge|Armarouge, L50, F|100/100
|switch|p2a: Rillaboom|Rillaboom, L50, M|100/100
|switch|p2b: Gholdengo|Gholdengo, L50|100/100
|-fieldstart|move: Grassy Terrain|[from] ability: Grassy Surge|[of] p2a: Rillaboom
|-fieldstart|move: Psychic Terrain|[from] ability: Psychic Surge|[of] p1a: Indeedee
|turn|1
|inactive|phenomsteelers08 has 30 seconds left.
|inactive|phenomsteelers08 has 20 seconds left.
|inactive|phenomsteelers08 has 15 seconds left.
|inactive|phenomsteelers08 has 10 seconds left.
|
|t:|1755618225
|-terastallize|p2b: Gholdengo|Dragon
|move|p2a: Rillaboom|High Horsepower|p1b: Armarouge
|-supereffective|p1b: Armarouge
|-damage|p1b: Armarouge|42/100
|move|p2b: Gholdengo|Make It Rain|p1b: Armarouge|[spread] p1a,p1b
|-resisted|p1b: Armarouge
|-damage|p1a: Indeedee|45/100
|-damage|p1b: Armarouge|9/100
|-unboost|p2b: Gholdengo|spa|1
|-damage|p2b: Gholdengo|91/100|[from] item: Life Orb
|move|p1b: Armarouge|Heat Wave|p2b: Gholdengo|[spread] p2a
|-miss|p1b: Armarouge|p2b: Gholdengo
|-supereffective|p2a: Rillaboom
|-damage|p2a: Rillaboom|35/100
|move|p1a: Indeedee|Trick Room|p1a: Indeedee
|-fieldstart|move: Trick Room|[of] p1a: Indeedee
|
|upkeep
|turn|2
|inactive|phenomsteelers08 has 30 seconds left.
|inactive|Cristante terabug has 30 seconds left.
|
|t:|1755618260
|switch|p1a: Gholdengo|Gholdengo, L50|100/100
|switch|p2a: Dragonite|Dragonite, L50, M|100/100
|-terastallize|p1b: Armarouge|Psychic
|move|p1b: Armarouge|Expanding Force|p2a: Dragonite|[spread] p2a,p2b
|-damage|p2a: Dragonite|48/100
|-damage|p2b: Gholdengo|0 fnt
|faint|p2b: Gholdengo
|
|upkeep
|
|t:|1755618272
|switch|p2b: Sinistcha|Sinistcha, L50, shiny|100/100
|-heal|p2a: Dragonite|73/100|[from] ability: Hospitality|[of] p2b: Sinistcha
|turn|3
|inactive|phenomsteelers08 has 30 seconds left.
|
|t:|1755618299
|move|p1b: Armarouge|Protect|p1b: Armarouge
|-singleturn|p1b: Armarouge|Protect
|move|p2b: Sinistcha|Matcha Gotcha|p1b: Armarouge|[spread] p1a
|-activate|p1b: Armarouge|move: Protect
|-resisted|p1a: Gholdengo
|-damage|p1a: Gholdengo|87/100
|move|p1a: Gholdengo|Shadow Ball|p2b: Sinistcha
|-supereffective|p2b: Sinistcha
|-damage|p2b: Sinistcha|12/100
|-enditem|p2b: Sinistcha|Sitrus Berry|[eat]
|-heal|p2b: Sinistcha|36/100|[from] item: Sitrus Berry
|move|p2a: Dragonite|Scale Shot|p1a: Gholdengo
|-resisted|p1a: Gholdengo
|-damage|p1a: Gholdengo|79/100
|-resisted|p1a: Gholdengo
|-damage|p1a: Gholdengo|70/100
|-resisted|p1a: Gholdengo
|-crit|p1a: Gholdengo
|-damage|p1a: Gholdengo|58/100
|-resisted|p1a: Gholdengo
|-damage|p1a: Gholdengo|50/100
|-resisted|p1a: Gholdengo
|-damage|p1a: Gholdengo|41/100
|-hitcount|p1a: Gholdengo|5
|-unboost|p2a: Dragonite|def|1
|-boost|p2a: Dragonite|spe|1
|
|upkeep
|turn|4
|inactive|phenomsteelers08 has 30 seconds left.
|inactive|phenomsteelers08 has 20 seconds left.
|
|t:|1755618338
|switch|p1b: Ursaluna|Ursaluna-Bloodmoon, L50, M|100/100
|move|p2b: Sinistcha|Matcha Gotcha|p1b: Ursaluna|[spread] p1a,p1b
|-resisted|p1a: Gholdengo
|-supereffective|p1b: Ursaluna
|-damage|p1a: Gholdengo|29/100
|-heal|p2b: Sinistcha|43/100|[from] drain|[of] p1a: Gholdengo
|-damage|p1b: Ursaluna|45/100
|-heal|p2b: Sinistcha|72/100|[from] drain|[of] p1b: Ursaluna
|move|p1a: Gholdengo|Make It Rain|p2b: Sinistcha|[spread] p2a,p2b
|-damage|p2a: Dragonite|9/100
|-damage|p2b: Sinistcha|14/100
|-unboost|p1a: Gholdengo|spa|1
|move|p2a: Dragonite|Scale Shot|p1a: Gholdengo|[miss]
|-miss|p2a: Dragonite|p1a: Gholdengo
|
|upkeep
|turn|5
|inactive|phenomsteelers08 has 30 seconds left.
|inactive|phenomsteelers08 has 20 seconds left.
|inactive|phenomsteelers08 has 15 seconds left.
|inactive|phenomsteelers08 has 10 seconds left.
|inactive|phenomsteelers08 has 5 seconds left.
|
|t:|1755618391
|move|p2a: Dragonite|Protect|p2a: Dragonite
|-singleturn|p2a: Dragonite|Protect
|move|p1b: Ursaluna|Hyper Voice|p2a: Dragonite|[spread] p2b
|-activate|p2a: Dragonite|move: Protect
|-damage|p2b: Sinistcha|0 fnt
|faint|p2b: Sinistcha
|-damage|p1b: Ursaluna|36/100|[from] item: Life Orb
|move|p1a: Gholdengo|Make It Rain|p2a: Dragonite
|-activate|p2a: Dragonite|move: Protect
|
|-fieldend|move: Trick Room
|-fieldend|move: Psychic Terrain
|upkeep
|
|t:|1755618398
|switch|p2b: Rillaboom|Rillaboom, L50, M|35/100
|-fieldstart|move: Grassy Terrain|[from] ability: Grassy Surge|[of] p2b: Rillaboom
|turn|6
|inactive|phenomsteelers08 has 30 seconds left.
|inactive|phenomsteelers08 has 20 seconds left.
|
|t:|1755618433
|move|p1a: Gholdengo|Protect|p1a: Gholdengo
|-singleturn|p1a: Gholdengo|Protect
|move|p2a: Dragonite|Scale Shot|p1a: Gholdengo
|-activate|p1a: Gholdengo|move: Protect
|move|p2b: Rillaboom|Drum Beating|p1b: Ursaluna
|-supereffective|p1b: Ursaluna
|-damage|p1b: Ursaluna|0 fnt
|faint|p1b: Ursaluna
|
|-heal|p2b: Rillaboom|41/100|[from] Grassy Terrain
|-heal|p1a: Gholdengo|35/100|[from] Grassy Terrain
|upkeep
|
|t:|1755618445
|switch|p1b: Indeedee|Indeedee-F, L50, F|45/100
|-fieldstart|move: Psychic Terrain|[from] ability: Psychic Surge|[of] p1b: Indeedee
|turn|7
|
|t:|1755618459
|move|p1b: Indeedee|Follow Me|p1b: Indeedee
|-singleturn|p1b: Indeedee|move: Follow Me
|move|p2a: Dragonite|Scale Shot|p1b: Indeedee
|-damage|p1b: Indeedee|31/100
|-damage|p1b: Indeedee|17/100
|-damage|p1b: Indeedee|4/100
|-damage|p1b: Indeedee|0 fnt
|faint|p1b: Indeedee
|-hitcount|p1: Indeedee|4
|-unboost|p2a: Dragonite|def|1
|-boost|p2a: Dragonite|spe|1
|move|p2b: Rillaboom|High Horsepower|p1a: Gholdengo
|-supereffective|p1a: Gholdengo
|-damage|p1a: Gholdengo|0 fnt
|faint|p1a: Gholdengo
|
|upkeep
|-message|phenomsteelers08 forfeited.
|
|win|Cristante terabug
|raw|phenomsteelers08's rating: 1358 → 1336(-22 for losing)
|raw|Cristante terabug's rating: 1330 → 1352(+22 for winning)
|l|☆phenomsteelers08
|player|p1|
