|j|☆wait for swarley
|j|☆damage77
|html|wait for swarleydamage77    
|uhtml|bestof|Game 3 of a best-of-3
|t:|1757639452
|gametype|doubles
|player|p1|wait for swarley|volo|1361
|player|p2|damage77|ash|1389
|gen|9
|tier|[Gen 9] VGC 2025 Reg H (Bo3)
|rated|
|rule|Species Clause: Limit one of each Pokémon
|rule|Item Clause: Limit 1 of each item
|clearpoke
|poke|p1|Dachsbun, L50, F|
|poke|p1|Torkoal, L50, M|
|poke|p1|Typhlosion-Hisui, L50, M|
|poke|p1|Kingambit, L50, F|
|poke|p1|Rillaboom, L50, F|
|poke|p1|Zoroark-Hisui, L50, F|
|poke|p2|Gholdengo, L50|
|poke|p2|Dragonite, L50, F|
|poke|p2|Annihilape, L50, M|
|poke|p2|Ursaluna-Bloodmoon, L50, M|
|poke|p2|Rillaboom, L50, F|
|poke|p2|Incineroar, L50, M|
|teampreview|4
|showteam|p1|Dachsbun||Leftovers|WellBakedBody|BodyPress,Snarl,Rest,Yawn|||F|||50|,,,,,Steel]Torkoal||SitrusBerry|Drought|WeatherBall,Eruption,LavaPlume,Protect|||M|||50|,,,,,Fire]Typhlosion-Hisui||ChoiceScarf|Blaze|Eruption,ShadowBall,LavaPlume,Overheat|||M|||50|,,,,,Dark]Kingambit||BlackGlasses|Defiant|SuckerPunch,Assurance,Protect,SwordsDance|||F|||50|,,,,,Dark]Rillaboom||AssaultVest|GrassySurge|FakeOut,GrassyGlide,WoodHammer,Uturn|||F|||50|,,,,,Grass]Zoroark-Hisui||ChoiceSpecs|Illusion|IcyWind,BitterMalice,HyperVoice,HyperBeam|||F|||50|,,,,,Normal
|showteam|p2|Gholdengo||ChoiceScarf|GoodasGold|MakeItRain,ShadowBall,Trick,PowerGem||||||50|,,,,,Dragon]Dragonite||LoadedDice|Multiscale|ScaleShot,ExtremeSpeed,Tailwind,Protect|||F|||50|,,,,,Normal]Annihilape||SafetyGoggles|Defiant|CloseCombat,RageFist,FinalGambit,Taunt|||M|||50|,,,,,Water]Ursaluna-Bloodmoon||AssaultVest|MindsEye|BloodMoon,HyperVoice,EarthPower,VacuumWave|||M|||50|,,,,,Water]Rillaboom||LifeOrb|GrassySurge|WoodHammer,GrassyGlide,HighHorsepower,FakeOut|||F|||50|,,,,,Ghost]Incineroar||SitrusBerry|Intimidate|KnockOff,FlareBlitz,PartingShot,FakeOut|||M|||50|,,,,,Ghost
|inactive|Battle timer is ON: inactive players will automatically lose when time's up. (requested by wait for swarley)
|inactive|damage77 has 60 seconds left.
|
|t:|1757639499
|teamsize|p1|4
|teamsize|p2|4
|start
|switch|p1a: Typhlosion|Typhlosion-Hisui, L50, M|100/100
|switch|p1b: Rillaboom|Rillaboom, L50, F, shiny|100/100
|switch|p2a: Incineroar|Incineroar, L50, M|100/100
|switch|p2b: Annihilape|Annihilape, L50, M|100/100
|-fieldstart|move: Grassy Terrain|[from] ability: Grassy Surge|[of] p1b: Rillaboom
|-ability|p2a: Incineroar|Intimidate|boost
|-unboost|p1a: Typhlosion|atk|1
|-unboost|p1b: Rillaboom|atk|1
|turn|1
|inactive|wait for swarley has 30 seconds left.
|inactive|damage77 has 30 seconds left.
|inactive|damage77 has 20 seconds left.
|
|t:|1757639536
|move|p1b: Rillaboom|Fake Out|p2a: Incineroar
|-damage|p2a: Incineroar|91/100
|cant|p2a: Incineroar|flinch
|move|p1a: Typhlosion|Shadow Ball|p2b: Annihilape
|-supereffective|p2b: Annihilape
|-damage|p2b: Annihilape|20/100
|move|p2b: Annihilape|Rage Fist|p1a: Typhlosion
|-supereffective|p1a: Typhlosion
|-damage|p1a: Typhlosion|0 fnt
|faint|p1a: Typhlosion
|
|-heal|p2b: Annihilape|26/100|[from] Grassy Terrain
|-heal|p2a: Incineroar|97/100|[from] Grassy Terrain
|upkeep
|
|t:|1757639549
|switch|p1a: Kingambit|Kingambit, L50, F, shiny|100/100
|turn|2
|inactive|damage77 has 30 seconds left.
|
|t:|1757639574
|switch|p2b: Dragonite|Dragonite, L50, F|100/100
|move|p1a: Kingambit|Hyper Beam|p2a: Incineroar
|-damage|p2a: Incineroar|22/100
|-mustrecharge|p1a: Kingambit
|-enditem|p2a: Incineroar|Sitrus Berry|[eat]
|-heal|p2a: Incineroar|47/100|[from] item: Sitrus Berry
|move|p1b: Rillaboom|U-turn|p2a: Incineroar
|-damage|p2a: Incineroar|28/100
|
|t:|1757639583
|switch|p1b: Kingambit|Kingambit, L50, F, shiny|100/100|[from] U-turn
|move|p2a: Incineroar|Flare Blitz|p1b: Kingambit
|-supereffective|p1b: Kingambit
|-damage|p1b: Kingambit|31/100
|-damage|p2a: Incineroar|4/100|[from] Recoil
|
|-heal|p2a: Incineroar|10/100|[from] Grassy Terrain
|-heal|p1b: Kingambit|37/100|[from] Grassy Terrain
|upkeep
|turn|3
|
|t:|1757639606
|move|p1b: Kingambit|Sucker Punch|p2a: Incineroar
|-resisted|p2a: Incineroar
|-damage|p2a: Incineroar|0 fnt
|faint|p2a: Incineroar
|cant|p1a: Kingambit|recharge
|move|p2b: Dragonite|Scale Shot|p1a: Kingambit
|-damage|p1a: Kingambit|70/100
|replace|p1a: Zoroark|Zoroark-Hisui, L50, F, shiny
|-end|p1a: Zoroark|Illusion
|-damage|p1a: Zoroark|37/100
|-damage|p1a: Zoroark|8/100
|-damage|p1a: Zoroark|0 fnt
|faint|p1a: Zoroark
|-hitcount|p1: Zoroark|4
|-unboost|p2b: Dragonite|def|1
|-boost|p2b: Dragonite|spe|1
|
|-heal|p1b: Kingambit|43/100|[from] Grassy Terrain
|upkeep
|inactive|damage77 has 30 seconds left.
|inactive|damage77 has 20 seconds left.
|
|t:|1757639643
|switch|p1a: Rillaboom|Rillaboom, L50, F, shiny|100/100
|switch|p2a: Annihilape|Annihilape, L50, M|26/100
|turn|4
|inactive|damage77 has 30 seconds left.
|inactive|damage77 has 20 seconds left.
|
|t:|1757639682
|-terastallize|p1a: Rillaboom|Grass
|move|p1a: Rillaboom|Grassy Glide|p2a: Annihilape
|-damage|p2a: Annihilape|0 fnt
|faint|p2a: Annihilape
|move|p2b: Dragonite|Tailwind|p2b: Dragonite
|-sidestart|p2: damage77|move: Tailwind
|move|p1b: Kingambit|Swords Dance|p1b: Kingambit
|-boost|p1b: Kingambit|atk|2
|
|-heal|p1b: Kingambit|48/100|[from] Grassy Terrain
|upkeep
|
|t:|1757639690
|switch|p2a: Ursaluna|Ursaluna-Bloodmoon, L50, M|100/100
|turn|5
|inactive|damage77 has 30 seconds left.
|inactive|damage77 has 20 seconds left.
|inactive|damage77 has 15 seconds left.
|
|t:|1757639733
|move|p2a: Ursaluna|Vacuum Wave|p1b: Kingambit
|-supereffective|p1b: Kingambit
|-damage|p1b: Kingambit|0 fnt
|faint|p1b: Kingambit
|move|p1a: Rillaboom|Grassy Glide|p2a: Ursaluna
|-supereffective|p2a: Ursaluna
|-damage|p2a: Ursaluna|21/100
|move|p2b: Dragonite|Scale Shot|p1a: Rillaboom
|-damage|p1a: Rillaboom|87/100
|-damage|p1a: Rillaboom|71/100
|-damage|p1a: Rillaboom|55/100
|-damage|p1a: Rillaboom|40/100
|-hitcount|p1a: Rillaboom|4
|-unboost|p2b: Dragonite|def|1
|-boost|p2b: Dragonite|spe|1
|
|-heal|p2a: Ursaluna|27/100|[from] Grassy Terrain
|-heal|p1a: Rillaboom|46/100|[from] Grassy Terrain
|-fieldend|move: Grassy Terrain
|upkeep
|turn|6
|
|t:|1757639754
|-terastallize|p2b: Dragonite|Normal
|move|p2b: Dragonite|Extreme Speed|p1a: Rillaboom
|-damage|p1a: Rillaboom|0 fnt
|faint|p1a: Rillaboom
|
|win|damage77
|raw|wait for swarley's rating: 1361 → 1343(-18 for losing)
|raw|damage77's rating: 1389 → 1407(+18 for winning)
|l|☆wait for swarley
|player|p1|
