|j|☆Joriot
|j|☆Einszweidreigon
|html|JoriotEinszweidreigon    
|uhtml|bestof|Game 3 of a best-of-3
|t:|1785754671
|gametype|doubles
|player|p1|Joriot|falkner|1207
|player|p2|Einszweidreigon|rood|1241
|gen|9
|tier|[Gen 9 Champions] VGC 2026 Reg M-B (Bo3)
|rated|
|rule|Species Clause: Limit one of each Pokémon
|rule|Item Clause: Limit 1 of each item
|clearpoke
|poke|p1|Staraptor, L50, F|
|poke|p1|Arcanine-Hisui, L50, M|
|poke|p1|Kingambit, L50, F|
|poke|p1|Raichu, L50, F|
|poke|p1|Farigiraf, L50, M|
|poke|p1|Sylveon, L50, M|
|poke|p2|Hydreigon, L50, M|
|poke|p2|Mawile, L50, F|
|poke|p2|Whimsicott, L50, M|
|poke|p2|Farigiraf, L50, M|
|poke|p2|Sneasler, L50, F|
|poke|p2|Chandelure, L50, F|
|teampreview|4
|showteam|p1|Staraptor||Staraptite|Intimidate|DualWingbeat,CloseCombat,Tailwind,Protect|Jolly||F|||50|]Arcanine-Hisui||FocusSash|RockHead|FlareBlitz,HeadSmash,ExtremeSpeed,Protect|Jolly||M|||50|]Kingambit||LifeOrb|Defiant|KowtowCleave,SuckerPunch,SwordsDance,Protect|Adamant||F|||50|]Raichu||RaichuniteY|LightningRod|ZapCannon,FocusBlast,FakeOut,Protect|Timid||F|||50|]Farigiraf||SitrusBerry|ArmorTail|Psychic,HelpingHand,TrickRoom,Protect|Calm||M|||50|]Sylveon||FairyFeather|Pixilate|HyperVoice,HyperBeam,QuickAttack,Detect|Modest||M|||50|
|showteam|p2|Hydreigon||LifeOrb|Levitate|DracoMeteor,EarthPower,DarkPulse,Protect|Modest||M|||50|]Mawile||Mawilite|Intimidate|PlayRough,IronHead,SuckerPunch,Protect|Brave||F|||50|]Whimsicott||FocusSash|Prankster|Moonblast,Tailwind,Encore,HelpingHand|Timid||M|||50|]Farigiraf||SitrusBerry|ArmorTail|Psychic,TrickRoom,HelpingHand,Protect|Bold||M|||50|]Sneasler||WhiteHerb|Unburden|CloseCombat,DireClaw,FakeOut,Protect|Jolly||F|||50|]Chandelure||Chandelurite|FlashFire|HeatWave,ShadowBall,Substitute,Protect|Modest||F|||50|
|j| mayankhardrock
|
|t:|1785754726
|teamsize|p1|4
|teamsize|p2|4
|start
|switch|p1a: Raichu|Raichu, L50, F|100/100
|switch|p1b: Farigiraf|Farigiraf, L50, M|100/100
|switch|p2a: Farigiraf|Farigiraf, L50, M|100/100
|switch|p2b: Whimsicott|Whimsicott, L50, M|100/100
|turn|1
|
|t:|1785754749
|switch|p1b: Arcanine|Arcanine-Hisui, L50, M|100/100
|detailschange|p1a: Raichu|Raichu-Mega-Y, L50, F
|-mega|p1a: Raichu|Raichu|Raichunite Y
|move|p1a: Raichu|Zap Cannon|p2b: Whimsicott
|-resisted|p2b: Whimsicott|1
|-damage|p2b: Whimsicott|37/100
|-status|p2b: Whimsicott|par
|move|p2b: Whimsicott|Moonblast|p1a: Raichu
|-damage|p1a: Raichu|42/100
|move|p2a: Farigiraf|Psychic|p1a: Raichu
|-damage|p1a: Raichu|0 fnt
|faint|p1a: Raichu
|
|upkeep
|
|t:|1785754765
|switch|p1a: Sylveon|Sylveon, L50, M|100/100
|turn|2
|
|t:|1785754797
|switch|p2b: Mawile|Mawile, L50, F|100/100
|-ability|p2b: Mawile|Intimidate|boost
|-unboost|p1a: Sylveon|atk|1
|-unboost|p1b: Arcanine|atk|1
|move|p1b: Arcanine|Head Smash|p2a: Farigiraf|[miss]
|-miss|p1b: Arcanine|p2a: Farigiraf
|move|p1a: Sylveon|Hyper Voice|p2b: Mawile|[spread] p2a,p2b
|-resisted|p2b: Mawile|1
|-damage|p2a: Farigiraf|62/100
|-damage|p2b: Mawile|57/100
|move|p2a: Farigiraf|Trick Room|p2a: Farigiraf
|-fieldstart|move: Trick Room|[of] p2a: Farigiraf
|
|upkeep
|turn|3
|
|t:|1785754817
|switch|p1b: Farigiraf|Farigiraf, L50, M|100/100
|detailschange|p2b: Mawile|Mawile-Mega, L50, F
|-mega|p2b: Mawile|Mawile|Mawilite
|move|p1a: Sylveon|Detect|p1a: Sylveon
|-singleturn|p1a: Sylveon|Protect
|move|p2b: Mawile|Iron Head|p1b: Farigiraf
|-damage|p1b: Farigiraf|25/100
|-enditem|p1b: Farigiraf|Sitrus Berry|[eat]
|-heal|p1b: Farigiraf|50/100g|[from] item: Sitrus Berry
|move|p2a: Farigiraf|Psychic|p1b: Farigiraf
|-resisted|p1b: Farigiraf|1
|-damage|p1b: Farigiraf|35/100
|
|upkeep
|turn|4
|
|t:|1785754866
|move|p1b: Farigiraf|Protect|p1b: Farigiraf
|-singleturn|p1b: Farigiraf|Protect
|move|p2b: Mawile|Iron Head|p1a: Sylveon
|-supereffective|p1a: Sylveon|1
|-damage|p1a: Sylveon|0 fnt
|faint|p1a: Sylveon
|move|p2a: Farigiraf|Psychic|p1b: Farigiraf
|-activate|p1b: Farigiraf|move: Protect
|
|upkeep
|
|t:|1785754872
|switch|p1a: Arcanine|Arcanine-Hisui, L50, M|100/100
|turn|5
|
|t:|1785754878
|move|p2b: Mawile|Iron Head|p1b: Farigiraf
|-damage|p1b: Farigiraf|0 fnt
|faint|p1b: Farigiraf
|move|p2a: Farigiraf|Psychic|p1a: Arcanine
|-damage|p1a: Arcanine|58/100
|move|p1a: Arcanine|Flare Blitz|p2b: Mawile
|-supereffective|p2b: Mawile|1
|-damage|p2b: Mawile|0 fnt
|faint|p2b: Mawile
|
|upkeep
|
|t:|1785754882
|switch|p2b: Sneasler|Sneasler, L50, F|100/100
|turn|6
|
|t:|1785754886
|move|p1a: Arcanine|Protect|p1a: Arcanine
|-singleturn|p1a: Arcanine|Protect
|move|p2b: Sneasler|Fake Out|p1a: Arcanine
|-activate|p1a: Arcanine|move: Protect
|move|p2a: Farigiraf|Psychic|p1a: Arcanine
|-activate|p1a: Arcanine|move: Protect
|
|-fieldend|move: Trick Room
|upkeep
|turn|7
|
|t:|1785754896
|move|p2a: Farigiraf|Helping Hand|p2b: Sneasler
|-singleturn|p2b: Sneasler|Helping Hand|[of] p2a: Farigiraf
|move|p2b: Sneasler|Close Combat|p1a: Arcanine
|-supereffective|p1a: Arcanine|1
|-damage|p1a: Arcanine|0 fnt
|-unboost|p2b: Sneasler|def|1
|-unboost|p2b: Sneasler|spd|1
|faint|p1a: Arcanine
|
|win|Einszweidreigon
|raw|Joriot's rating: 1207 → 1184(-23 for losing)
|raw|Einszweidreigon's rating: 1241 → 1264(+23 for winning)
|c|☆Einszweidreigon|Gs
|c|☆Einszweidreigon|*ggs
|c|☆Joriot|gg
