|j|☆sandy ghost 5
|j|☆IceApfel
|html|sandy ghost 5IceApfel    
|uhtml|bestof|Game 3 of a best-of-3
|t:|1757079603
|gametype|doubles
|player|p1|sandy ghost 5|baker|1318
|player|p2|IceApfel|waiter-gen4|1305
|gen|9
|tier|[Gen 9] VGC 2025 Reg H (Bo3)
|rated|
|rule|Species Clause: Limit one of each Pokémon
|rule|Item Clause: Limit 1 of each item
|clearpoke
|poke|p1|Tyranitar, L50, F|
|poke|p1|Excadrill, L50, M|
|poke|p1|Sinistcha-Masterpiece, L50|
|poke|p1|Salamence, L50, M|
|poke|p1|Blaziken, L50, M|
|poke|p1|Bruxish, L50, M|
|poke|p2|Archaludon, L50, F|
|poke|p2|Pelipper, L50, M|
|poke|p2|Dragonite, L50, F|
|poke|p2|Ursaluna, L50, M|
|poke|p2|Sinistcha, L50|
|poke|p2|Gholdengo, L50|
|teampreview|4
|showteam|p1|Tyranitar||ClearAmulet|SandStream|RockSlide,KnockOff,DragonDance,Protect|||F|||50|,,,,,Grass]Excadrill||AssaultVest|SandRush|Earthquake,IronHead,HighHorsepower,RockSlide|||M|||50|,,,,,Ghost]Sinistcha-Masterpiece||SitrusBerry|Hospitality|ShadowBall,MatchaGotcha,RagePowder,Protect||||||50|,,,,,Dark]Salamence||LifeOrb|Intimidate|DracoMeteor,AirSlash,Protect,Tailwind|||M|||50|,,,,,Ghost]Blaziken||CovertCloak|SpeedBoost|AuraSphere,HeatWave,Coaching,WillOWisp|||M|||50|,,,,,Dragon]Bruxish||ChoiceScarf|Dazzling|PsychicFangs,FlipTurn,WaveCrash,SuperFang|||M|||50|,,,,,Water
|showteam|p2|Archaludon||AssaultVest|Stamina|FlashCannon,BodyPress,ElectroShot,Snarl|||F|||50|,,,,,Fighting]Pelipper||SafetyGoggles|Drizzle|MuddyWater,Hurricane,Tailwind,Protect|||M|||50|,,,,,Steel]Dragonite||LoadedDice|Multiscale|ScaleShot,Tailwind,Haze,Protect|||F|||50|,,,,,Fairy]Ursaluna||FlameOrb|Guts|Facade,HeadlongRush,Earthquake,Protect|||M|||50|,,,,,Ghost]Sinistcha||SitrusBerry|Hospitality|MatchaGotcha,LifeDew,RagePowder,TrickRoom||||||50|,,,,,Dark]Gholdengo||ChoiceScarf|GoodasGold|MakeItRain,ShadowBall,Trick,Protect||||||50|,,,,,Flying
|inactive|Battle timer is ON: inactive players will automatically lose when time's up. (requested by IceApfel)
|inactive|IceApfel has 60 seconds left.
|
|t:|1757079642
|teamsize|p1|4
|teamsize|p2|4
|start
|switch|p1a: Salamence|Salamence, L50, M|100/100
|switch|p1b: Blaziken|Blaziken, L50, M|100/100
|switch|p2a: Dragonite|Dragonite, L50, F, shiny|100/100
|switch|p2b: Gholdengo|Gholdengo, L50|100/100
|-ability|p1a: Salamence|Intimidate|boost
|-unboost|p2a: Dragonite|atk|1
|-unboost|p2b: Gholdengo|atk|1
|turn|1
|inactive|sandy ghost 5 has 30 seconds left.
|inactive|IceApfel has 30 seconds left.
|inactive|sandy ghost 5 has 20 seconds left.
|inactive|IceApfel has 20 seconds left.
|inactive|sandy ghost 5 has 15 seconds left.
|inactive|sandy ghost 5 has 10 seconds left.
|inactive|sandy ghost 5 has 5 seconds left.
|
|t:|1757079697
|move|p2a: Dragonite|Protect|p2a: Dragonite
|-singleturn|p2a: Dragonite|Protect
|move|p2b: Gholdengo|Shadow Ball|p1b: Blaziken
|-damage|p1b: Blaziken|34/100
|move|p1a: Salamence|Draco Meteor|p2a: Dragonite
|-activate|p2a: Dragonite|move: Protect
|move|p1b: Blaziken|Aura Sphere|p2a: Dragonite
|-activate|p2a: Dragonite|move: Protect
|
|-ability|p1b: Blaziken|Speed Boost|boost
|-boost|p1b: Blaziken|spe|1
|upkeep
|turn|2
|inactive|IceApfel has 30 seconds left.
|
|t:|1757079725
|move|p2b: Gholdengo|Shadow Ball|p1b: Blaziken
|-damage|p1b: Blaziken|0 fnt
|faint|p1b: Blaziken
|move|p1a: Salamence|Tailwind|p1a: Salamence
|-sidestart|p1: sandy ghost 5|move: Tailwind
|move|p2a: Dragonite|Scale Shot|p1a: Salamence
|-supereffective|p1a: Salamence
|-damage|p1a: Salamence|75/100
|-supereffective|p1a: Salamence
|-damage|p1a: Salamence|53/100
|-supereffective|p1a: Salamence
|-damage|p1a: Salamence|28/100
|-supereffective|p1a: Salamence
|-damage|p1a: Salamence|3/100
|-hitcount|p1a: Salamence|4
|-unboost|p2a: Dragonite|def|1
|-boost|p2a: Dragonite|spe|1
|
|upkeep
|
|t:|1757079734
|switch|p1b: Excadrill|Excadrill, L50, M|100/100
|turn|3
|inactive|IceApfel has 30 seconds left.
|
|t:|1757079764
|move|p1a: Salamence|Air Slash|p2a: Dragonite
|-damage|p2a: Dragonite|78/100
|-damage|p1a: Salamence|0 fnt|[from] item: Life Orb
|faint|p1a: Salamence
|move|p1b: Excadrill|High Horsepower|p2b: Gholdengo
|-supereffective|p2b: Gholdengo
|-damage|p2b: Gholdengo|0 fnt
|faint|p2b: Gholdengo
|move|p2a: Dragonite|Scale Shot|p1b: Excadrill|[miss]
|-miss|p2a: Dragonite|p1b: Excadrill
|
|upkeep
|
|t:|1757079786
|switch|p1a: Puppet|Sinistcha-Masterpiece, L50|100/100
|switch|p2b: Archaludon|Archaludon, L50, F, shiny|100/100
|turn|4
|
|t:|1757079801
|switch|p2b: Pelipper|Pelipper, L50, M, shiny|100/100
|-weather|RainDance|[from] ability: Drizzle|[of] p2b: Pelipper
|-terastallize|p1b: Excadrill|Ghost
|move|p2a: Dragonite|Protect|p2a: Dragonite
|-singleturn|p2a: Dragonite|Protect
|move|p1b: Excadrill|Iron Head|p2a: Dragonite
|-activate|p2a: Dragonite|move: Protect
|move|p1a: Puppet|Shadow Ball|p2b: Pelipper
|-damage|p2b: Pelipper|34/100
|
|-weather|RainDance|[upkeep]
|upkeep
|turn|5
|
|t:|1757079823
|move|p1b: Excadrill|Rock Slide|p2a: Dragonite|[spread] p2a,p2b
|-supereffective|p2a: Dragonite
|-supereffective|p2b: Pelipper
|-damage|p2a: Dragonite|1/100
|-damage|p2b: Pelipper|0 fnt
|faint|p2b: Pelipper
|move|p2a: Dragonite|Tailwind|p2a: Dragonite
|-sidestart|p2: IceApfel|move: Tailwind
|move|p1a: Puppet|Shadow Ball|p2a: Dragonite
|-damage|p2a: Dragonite|0 fnt
|faint|p2a: Dragonite
|
|-weather|RainDance|[upkeep]
|-sideend|p1: sandy ghost 5|move: Tailwind
|upkeep
|
|t:|1757079829
|switch|p2b: Archaludon|Archaludon, L50, F, shiny|100/100
|turn|6
|
|t:|1757079842
|-terastallize|p2b: Archaludon|Fighting
|move|p2b: Archaludon|Snarl|p1a: Puppet|[spread] p1b
|-miss|p2b: Archaludon|p1a: Puppet
|-supereffective|p1b: Excadrill
|-damage|p1b: Excadrill|79/100
|-unboost|p1b: Excadrill|spa|1
|move|p1b: Excadrill|High Horsepower|p2b: Archaludon|[miss]
|-miss|p1b: Excadrill|p2b: Archaludon
|move|p1a: Puppet|Matcha Gotcha|p2b: Archaludon|[miss]
|-miss|p1a: Puppet|p2b: Archaludon
|
|-weather|RainDance|[upkeep]
|upkeep
|turn|7
|
|t:|1757079859
|move|p2b: Archaludon|Snarl|p1b: Excadrill|[spread] p1a,p1b
|-supereffective|p1a: Puppet
|-supereffective|p1b: Excadrill
|-damage|p1a: Puppet|72/100
|-damage|p1b: Excadrill|56/100
|-unboost|p1a: Puppet|spa|1
|-unboost|p1b: Excadrill|spa|1
|move|p1b: Excadrill|High Horsepower|p2b: Archaludon|[miss]
|-miss|p1b: Excadrill|p2b: Archaludon
|move|p1a: Puppet|Matcha Gotcha|p2b: Archaludon
|-damage|p2b: Archaludon|83/100
|-heal|p1a: Puppet|82/100|[from] drain|[of] p2b: Archaludon
|-status|p2b: Archaludon|brn
|-ability|p2b: Archaludon|Stamina|boost
|-boost|p2b: Archaludon|def|1
|
|-weather|RainDance|[upkeep]
|-damage|p2b: Archaludon|77/100 brn|[from] brn
|upkeep
|turn|8
|inactive|sandy ghost 5 has 30 seconds left.
|
|t:|1757079885
|move|p1a: Puppet|Rage Powder|p1a: Puppet
|-singleturn|p1a: Puppet|move: Rage Powder
|move|p2b: Archaludon|Snarl|p1a: Puppet|[spread] p1a,p1b
|-supereffective|p1a: Puppet
|-supereffective|p1b: Excadrill
|-damage|p1a: Puppet|54/100
|-damage|p1b: Excadrill|33/100
|-unboost|p1a: Puppet|spa|1
|-unboost|p1b: Excadrill|spa|1
|move|p1b: Excadrill|High Horsepower|p2b: Archaludon
|-damage|p2b: Archaludon|49/100 brn
|-ability|p2b: Archaludon|Stamina|boost
|-boost|p2b: Archaludon|def|1
|
|-weather|none
|-damage|p2b: Archaludon|43/100 brn|[from] brn
|-sideend|p2: IceApfel|move: Tailwind
|upkeep
|turn|9
|
|t:|1757079899
|move|p1b: Excadrill|Iron Head|p2b: Archaludon
|-damage|p2b: Archaludon|25/100 brn
|-ability|p2b: Archaludon|Stamina|boost
|-boost|p2b: Archaludon|def|1
|move|p2b: Archaludon|Snarl|p1b: Excadrill|[spread] p1a,p1b
|-supereffective|p1a: Puppet
|-crit|p1a: Puppet
|-supereffective|p1b: Excadrill
|-damage|p1a: Puppet|17/100
|-damage|p1b: Excadrill|13/100
|-unboost|p1a: Puppet|spa|1
|-unboost|p1b: Excadrill|spa|1
|-enditem|p1a: Puppet|Sitrus Berry|[eat]
|-heal|p1a: Puppet|42/100|[from] item: Sitrus Berry
|move|p1a: Puppet|Matcha Gotcha|p2b: Archaludon
|-damage|p2b: Archaludon|14/100 brn
|-heal|p1a: Puppet|48/100|[from] drain|[of] p2b: Archaludon
|-ability|p2b: Archaludon|Stamina|boost
|-boost|p2b: Archaludon|def|1
|
|-damage|p2b: Archaludon|8/100 brn|[from] brn
|upkeep
|turn|10
|
|t:|1757079918
|move|p1b: Excadrill|Iron Head|p2b: Archaludon
|-damage|p2b: Archaludon|0 fnt
|faint|p2b: Archaludon
|
|win|sandy ghost 5
|raw|sandy ghost 5's rating: 1318 → 1337(+19 for winning)
|raw|IceApfel's rating: 1305 → 1286(-19 for losing)
|c|☆sandy ghost 5|gg
|l|☆IceApfel
|player|p2|
