|j|☆JNEST
|j|☆DISSSSS
|html|JNESTDISSSSS    
|uhtml|bestof|Game 3 of a best-of-3
|t:|1756165193
|gametype|doubles
|player|p1|JNEST|veteran-gen4|1187
|player|p2|DISSSSS|flannery|1152
|gen|9
|tier|[Gen 9] VGC 2025 Reg H (Bo3)
|rated|
|rule|Species Clause: Limit one of each Pokémon
|rule|Item Clause: Limit 1 of each item
|clearpoke
|poke|p1|Weezing, L50, M|
|poke|p1|Incineroar, L50, M|
|poke|p1|Annihilape, L50, M|
|poke|p1|Tyranitar, L50, M|
|poke|p2|Ursaluna, L50, F|
|poke|p2|Reuniclus, L50, M|
|poke|p2|Indeedee-F, L50, F|
|poke|p2|Sneasler, L50, F|
|poke|p2|Torkoal, L50, F|
|poke|p2|Lilligant-Hisui, L50, F|
|teampreview|4
|showteam|p1|Weezing||SitrusBerry|NeutralizingGas|Protect,Taunt,WillOWisp,SludgeBomb|||M|||50|,,,,,Ghost]Incineroar||AbilityShield|Intimidate|KnockOff,FlareBlitz,FakeOut,PartingShot|||M|||50|,,,,,Ghost]Annihilape||SafetyGoggles|Defiant|Taunt,RageFist,CloseCombat,FinalGambit|||M|||50|,,,,,Fairy]Tyranitar||AssaultVest|SandStream|RockSlide,KnockOff,TeraBlast,LowKick|||M|||50|,,,,,Flying
|showteam|p2|Ursaluna||FlameOrb|Guts|Facade,HeadlongRush,Earthquake,Protect|||F|||50|,,,,,Normal]Reuniclus||LifeOrb|MagicGuard|ExpandingForce,TrickRoom,Protect,TeraBlast|||M|||50|,,,,,Fighting]Indeedee-F||SafetyGoggles|PsychicSurge|TrickRoom,Psychic,FollowMe,HelpingHand|||F|||50|,,,,,Water]Sneasler||PsychicSeed|Unburden|DireClaw,CloseCombat,ThroatChop,Protect|||F|||50|,,,,,Dark]Torkoal||Charcoal|Drought|Eruption,EarthPower,Protect,HeatWave|||F|||50|,,,,,Fire]Lilligant-Hisui||FocusSash|Chlorophyll|AfterYou,SleepPowder,CloseCombat,Protect|||F|||50|,,,,,Ghost
|inactive|Battle timer is ON: inactive players will automatically lose when time's up. (requested by DISSSSS)
|inactive|JNEST also wants the timer to be on.
|inactive|DISSSSS has 60 seconds left.
|
|t:|1756165225
|teamsize|p1|4
|teamsize|p2|4
|start
|switch|p1a: Annihilape|Annihilape, L50, M|100/100
|switch|p1b: Incineroar|Incineroar, L50, M|100/100
|switch|p2a: Reuniclus|Reuniclus, L50, M|100/100
|switch|p2b: Indeedee|Indeedee-F, L50, F|100/100
|-fieldstart|move: Psychic Terrain|[from] ability: Psychic Surge|[of] p2b: Indeedee
|-ability|p1b: Incineroar|Intimidate|boost
|-unboost|p2a: Reuniclus|atk|1
|-unboost|p2b: Indeedee|atk|1
|turn|1
|
|t:|1756165238
|move|p2b: Indeedee|Follow Me|p2b: Indeedee
|-singleturn|p2b: Indeedee|move: Follow Me
|move|p1a: Annihilape|Final Gambit|p2b: Indeedee
|-damage|p2b: Indeedee|0 fnt
|faint|p1a: Annihilape
|faint|p2b: Indeedee
|move|p1b: Incineroar|Knock Off|p2a: Reuniclus
|-supereffective|p2a: Reuniclus
|-damage|p2a: Reuniclus|15/100
|-enditem|p2a: Reuniclus|Life Orb|[from] move: Knock Off|[of] p1b: Incineroar
|move|p2a: Reuniclus|Trick Room|p2a: Reuniclus
|-fieldstart|move: Trick Room|[of] p2a: Reuniclus
|
|upkeep
|
|t:|1756165246
|switch|p2b: Torkoal|Torkoal, L50, F|100/100
|switch|p1a: Weezing|Weezing, L50, M|100/100
|-ability|p1a: Weezing|Neutralizing Gas
|-block|p1b: Incineroar|item: Ability Shield
|turn|2
|
|t:|1756165260
|-end|p1a: Weezing|ability: Neutralizing Gas
|-weather|SunnyDay|[from] ability: Drought|[of] p2b: Torkoal
|switch|p1a: Tyranitar|Tyranitar, L50, M|100/100
|-weather|Sandstorm|[from] ability: Sand Stream|[of] p1a: Tyranitar
|-terastallize|p2a: Reuniclus|Fighting
|move|p2b: Torkoal|Earth Power|p1b: Incineroar
|-supereffective|p1b: Incineroar
|-damage|p1b: Incineroar|53/100
|move|p2a: Reuniclus|Tera Blast|p1b: Incineroar|[anim] Tera Blast Fighting
|-supereffective|p1b: Incineroar
|-damage|p1b: Incineroar|0 fnt
|faint|p1b: Incineroar
|
|-weather|Sandstorm|[upkeep]
|-damage|p2b: Torkoal|94/100|[from] Sandstorm
|upkeep
|
|t:|1756165272
|switch|p1b: Weezing|Weezing, L50, M|100/100
|-ability|p1b: Weezing|Neutralizing Gas
|turn|3
|
|t:|1756165295
|-terastallize|p1a: Tyranitar|Flying
|move|p1b: Weezing|Protect|p1b: Weezing
|-singleturn|p1b: Weezing|Protect
|move|p2b: Torkoal|Eruption|p1b: Weezing|[spread] p1a
|-activate|p1b: Weezing|move: Protect
|-damage|p1a: Tyranitar|67/100
|move|p2a: Reuniclus|Tera Blast|p1a: Tyranitar|[anim] Tera Blast Fighting
|-resisted|p1a: Tyranitar
|-damage|p1a: Tyranitar|53/100
|move|p1a: Tyranitar|Rock Slide|p2a: Reuniclus|[spread] p2a,p2b
|-resisted|p2a: Reuniclus
|-supereffective|p2b: Torkoal
|-damage|p2a: Reuniclus|0 fnt
|-damage|p2b: Torkoal|47/100
|faint|p2a: Reuniclus
|
|-weather|Sandstorm|[upkeep]
|-damage|p2b: Torkoal|41/100|[from] Sandstorm
|-damage|p1b: Weezing|95/100|[from] Sandstorm
|-damage|p1a: Tyranitar|47/100|[from] Sandstorm
|upkeep
|
|t:|1756165298
|switch|p2a: Ursaluna|Ursaluna, L50, F|100/100
|turn|4
|
|t:|1756165317
|move|p2b: Torkoal|Heat Wave|p1b: Weezing|[spread] p1a,p1b
|-crit|p1b: Weezing
|-damage|p1a: Tyranitar|23/100
|-damage|p1b: Weezing|44/100
|-enditem|p1b: Weezing|Sitrus Berry|[eat]
|-heal|p1b: Weezing|69/100|[from] item: Sitrus Berry
|move|p2a: Ursaluna|Facade|p1a: Tyranitar
|-damage|p1a: Tyranitar|0 fnt
|faint|p1a: Tyranitar
|move|p1b: Weezing|Sludge Bomb|p2b: Torkoal
|-damage|p2b: Torkoal|7/100
|
|-weather|Sandstorm|[upkeep]
|-damage|p2b: Torkoal|0 fnt|[from] Sandstorm
|-damage|p1b: Weezing|63/100|[from] Sandstorm
|faint|p2b: Torkoal
|-status|p2a: Ursaluna|brn|[from] item: Flame Orb
|upkeep
|turn|5
|
|t:|1756165331
|move|p1b: Weezing|Protect|p1b: Weezing
|-singleturn|p1b: Weezing|Protect
|move|p2a: Ursaluna|Facade|p1b: Weezing
|-activate|p1b: Weezing|move: Protect
|
|-weather|Sandstorm|[upkeep]
|-damage|p1b: Weezing|57/100|[from] Sandstorm
|-damage|p2a: Ursaluna|95/100 brn|[from] brn
|-fieldend|move: Trick Room
|-fieldend|move: Psychic Terrain
|upkeep
|turn|6
|
|t:|1756165336
|move|p1b: Weezing|Sludge Bomb|p2a: Ursaluna
|-resisted|p2a: Ursaluna
|-damage|p2a: Ursaluna|82/100 brn
|move|p2a: Ursaluna|Facade|p1b: Weezing
|-damage|p1b: Weezing|0 fnt
|faint|p1b: Weezing
|-end|p1b: Weezing|ability: Neutralizing Gas
|
|win|DISSSSS
|raw|JNEST's rating: 1187 → 1159(-28 for losing)
|raw|DISSSSS's rating: 1152 → 1180(+28 for winning)
