|j|☆Zurneus
|j|☆Im hitman
|html|ZurneusIm hitman    
|uhtml|bestof|Game 3 of a best-of-3
|t:|1756181708
|gametype|doubles
|player|p1|Zurneus|silver|1139
|player|p2|Im hitman|101|1141
|gen|9
|tier|[Gen 9] VGC 2025 Reg H (Bo3)
|rated|
|rule|Species Clause: Limit one of each Pokémon
|rule|Item Clause: Limit 1 of each item
|clearpoke
|poke|p1|Gyarados, L50, F|
|poke|p1|Indeedee, L50, M|
|poke|p1|Volcarona, L50, M|
|poke|p1|Excadrill, L50, F|
|poke|p1|Amoonguss, L50, F|
|poke|p1|Tyranitar, L50, M|
|poke|p2|Breloom, L50, M|
|poke|p2|Volcarona, L50, M|
|poke|p2|Sneasler, L50, M|
|poke|p2|Gyarados, L50, M|
|poke|p2|Gengar, L50, F|
|poke|p2|Archaludon, L50, M|
|teampreview|4
|showteam|p1|Gyarados||SafetyGoggles|Intimidate|Taunt,ThunderWave,Waterfall,Protect|||F|||50|,,,,,Steel]Indeedee||ChoiceScarf|PsychicSurge|DazzlingGleam,TeraBlast,Trick,ExpandingForce|||M|||50|,,,,,Psychic]Volcarona||LifeOrb|FlameBody|HeatWave,Tailwind,TeraBlast,Protect|||M|||50|,,,,,Fairy]Excadrill||ClearAmulet|SandRush|Protect,Earthquake,HighHorsepower,IronHead|||F|||50|,,,,,Ghost]Amoonguss||SitrusBerry|Regenerator|Protect,ClearSmog,RagePowder,Spore|||F|||50|,,,,,Water]Tyranitar||AssaultVest|SandStream|LowKick,TeraBlast,KnockOff,RockSlide|||M|||50|,,,,,Flying
|showteam|p2|Breloom||LoadedDice|Technician|Protect,BulletSeed,MachPunch,Spore|||M|||50|,,,,,Grass]Volcarona||SitrusBerry|FlameBody|RagePowder,Tailwind,QuiverDance,FieryDance|||M|||50|,,,,,Fairy]Sneasler||FocusSash|Unburden|DireClaw,Protect,ThroatChop,CloseCombat|||M|||50|,,,,,Stellar]Gyarados||ChoiceBand|Intimidate|TeraBlast,Waterfall,IronHead,Earthquake|||M|||50|,,,,,Flying]Gengar||LifeOrb|CursedBody|Protect,ShadowBall,Encore,SludgeBomb|||F|||50|,,,,,Ghost]Archaludon||PowerHerb|Sturdy|ElectroShot,Protect,DragonPulse,FlashCannon|||M|||50|,,,,,Electric
|inactive|Battle timer is ON: inactive players will automatically lose when time's up. (requested by Im hitman)
|
|t:|1756181736
|teamsize|p1|4
|teamsize|p2|4
|start
|switch|p1a: Indeedee|Indeedee, L50, M|100/100
|switch|p1b: Volcarona|Volcarona, L50, M|100/100
|switch|p2a: Archaludon|Archaludon, L50, M|100/100
|switch|p2b: Sneasler|Sneasler, L50, M|100/100
|-fieldstart|move: Psychic Terrain|[from] ability: Psychic Surge|[of] p1a: Indeedee
|turn|1
|inactive|Zurneus has 30 seconds left.
|inactive|Zurneus has 20 seconds left.
|inactive|Zurneus has 15 seconds left.
|inactive|Zurneus has 10 seconds left.
|inactive|Zurneus has 5 seconds left.
|
|t:|1756181787
|move|p2a: Archaludon|Protect|p2a: Archaludon
|-singleturn|p2a: Archaludon|Protect
|move|p1a: Indeedee|Expanding Force|p2b: Sneasler|[spread] p2b
|-activate|p2a: Archaludon|move: Protect
|-supereffective|p2b: Sneasler
|-enditem|p2b: Sneasler|Focus Sash
|-damage|p2b: Sneasler|1/100
|move|p2b: Sneasler|Throat Chop|p1a: Indeedee
|-supereffective|p1a: Indeedee
|-damage|p1a: Indeedee|0 fnt
|faint|p1a: Indeedee
|move|p1b: Volcarona|Heat Wave|p2b: Sneasler|[spread] p2b
|-activate|p2a: Archaludon|move: Protect
|-damage|p2b: Sneasler|0 fnt
|faint|p2b: Sneasler
|-damage|p1b: Volcarona|91/100|[from] item: Life Orb
|
|upkeep
|
|t:|1756181806
|switch|p2b: Gyarados|Gyarados, L50, M, shiny|100/100
|switch|p1a: Tyranitar|Tyranitar, L50, M|100/100
|-ability|p2b: Gyarados|Intimidate|boost
|-unboost|p1a: Tyranitar|atk|1
|-unboost|p1b: Volcarona|atk|1
|-weather|Sandstorm|[from] ability: Sand Stream|[of] p1a: Tyranitar
|turn|2
|
|t:|1756181823
|-terastallize|p2a: Archaludon|Electric
|-terastallize|p1a: Tyranitar|Flying
|move|p2a: Archaludon|Electro Shot||[still]
|-prepare|p2a: Archaludon|Electro Shot
|-boost|p2a: Archaludon|spa|1
|-enditem|p2a: Archaludon|Power Herb
|-anim|p2a: Archaludon|Electro Shot|p1b: Volcarona
|-damage|p1b: Volcarona|0 fnt
|faint|p1b: Volcarona
|move|p2b: Gyarados|Waterfall|p1a: Tyranitar
|-damage|p1a: Tyranitar|54/100
|move|p1a: Tyranitar|Rock Slide|p2a: Archaludon|[spread] p2a,p2b
|-supereffective|p2b: Gyarados
|-damage|p2a: Archaludon|82/100
|-damage|p2b: Gyarados|41/100
|
|-weather|Sandstorm|[upkeep]
|-damage|p2a: Archaludon|76/100|[from] Sandstorm
|-damage|p2b: Gyarados|35/100|[from] Sandstorm
|-damage|p1a: Tyranitar|48/100|[from] Sandstorm
|upkeep
|
|t:|1756181839
|switch|p1b: Excadrill|Excadrill, L50, F|100/100
|turn|3
|inactive|Zurneus has 30 seconds left.
|
|t:|1756181871
|move|p1b: Excadrill|Iron Head|p2b: Gyarados
|-resisted|p2b: Gyarados
|-crit|p2b: Gyarados
|-damage|p2b: Gyarados|0 fnt
|faint|p2b: Gyarados
|move|p2a: Archaludon|Dragon Pulse|p1a: Tyranitar
|-damage|p1a: Tyranitar|13/100
|move|p1a: Tyranitar|Rock Slide|p2a: Archaludon
|-damage|p2a: Archaludon|49/100
|
|-weather|Sandstorm|[upkeep]
|-damage|p2a: Archaludon|43/100|[from] Sandstorm
|-damage|p1a: Tyranitar|7/100|[from] Sandstorm
|upkeep
|
|t:|1756181886
|switch|p2b: Gengar|Gengar, L50, F|100/100
|turn|4
|
|t:|1756181892
|move|p2b: Gengar|Protect|p2b: Gengar
|-singleturn|p2b: Gengar|Protect
|move|p2a: Archaludon|Protect|p2a: Archaludon
|-singleturn|p2a: Archaludon|Protect
|move|p1b: Excadrill|Earthquake|p2b: Gengar|[spread] 
|-activate|p2a: Archaludon|move: Protect
|-activate|p2b: Gengar|move: Protect
|-immune|p1a: Tyranitar
|move|p1a: Tyranitar|Knock Off|p2b: Gengar
|-activate|p2b: Gengar|move: Protect
|
|-weather|Sandstorm|[upkeep]
|-damage|p2b: Gengar|95/100|[from] Sandstorm
|-damage|p2a: Archaludon|37/100|[from] Sandstorm
|-damage|p1a: Tyranitar|1/100|[from] Sandstorm
|upkeep
|turn|5
|
|t:|1756181909
|move|p1b: Excadrill|Earthquake|p2b: Gengar|[spread] p2a,p2b
|-immune|p1a: Tyranitar
|-supereffective|p2a: Archaludon
|-supereffective|p2b: Gengar
|-damage|p2a: Archaludon|0 fnt
|-damage|p2b: Gengar|0 fnt
|faint|p2a: Archaludon
|faint|p2b: Gengar
|
|win|Zurneus
|raw|Zurneus's rating: 1139 → 1164(+25 for winning)
|raw|Im hitman's rating: 1141 → 1116(-25 for losing)
|l|☆Im hitman
|player|p2|
