|j|☆milkandcereals
|j|☆BranchingBee
|html|milkandcerealsBranchingBee    
|uhtml|bestof|Game 2 of a best-of-3
|t:|1756501302
|gametype|doubles
|player|p1|milkandcereals|blue|1065
|player|p2|BranchingBee|skyla|1055
|gen|9
|tier|[Gen 9] VGC 2025 Reg H (Bo3)
|rated|
|rule|Species Clause: Limit one of each Pokémon
|rule|Item Clause: Limit 1 of each item
|clearpoke
|poke|p1|Porygon2, L50|
|poke|p1|Rillaboom, L50, F|
|poke|p1|Ursaluna, L50, F|
|poke|p1|Jumpluff, L50, M|
|poke|p1|Charizard, L50, M|
|poke|p1|Torkoal, L50, M|
|poke|p2|Annihilape, L50, M|
|poke|p2|Whimsicott, L50, M|
|poke|p2|Garchomp, L50, F|
|poke|p2|Clefairy, L50, F|
|poke|p2|Hydreigon, L50, M|
|poke|p2|Gholdengo, L50|
|teampreview|4
|showteam|p1|Porygon2||Eviolite|Download|TeraBlast,IceBeam,TrickRoom,Recover||||||50|,,,,,Fighting]Rillaboom||AssaultVest|GrassySurge|FakeOut,GrassyGlide,WoodHammer,HighHorsepower|||F|||50|,,,,,Water]Ursaluna||FlameOrb|Guts|Protect,Facade,Earthquake,HeadlongRush|||F|||50|,,,,,Ghost]Jumpluff||CovertCloak|Chlorophyll|SleepPowder,SunnyDay,Tailwind,RagePowder|||M|||50|,,,,,Fire]Charizard||ChoiceSpecs|SolarPower|HeatWave,Overheat,WeatherBall,DragonPulse|||M|||50|,,,,,Ghost]Torkoal||EjectPack|Drought|Overheat,Eruption,HelpingHand,Protect|||M|||50|,,,,,Fire
|showteam|p2|Annihilape||SafetyGoggles|Defiant|Protect,RageFist,DrainPunch,FinalGambit|||M|||50|,,,,,Water]Whimsicott||FocusSash|Prankster|Tailwind,Encore,Moonblast,Protect|||M|||50|,,,,,Ghost]Garchomp||LifeOrb|RoughSkin|Protect,StompingTantrum,DragonClaw,Earthquake|||F|||50|,,,,,Steel]Clefairy||Eviolite|FriendGuard|Protect,FollowMe,HealPulse,HelpingHand|||F|||50|,,,,,Water]Hydreigon||ChoiceSpecs|Levitate|Snarl,DarkPulse,DragonPulse,Flamethrower|||M|||50|,,,,,Fire]Gholdengo||MetalCoat|GoodasGold|Protect,NastyPlot,MakeItRain,ShadowBall||||||50|,,,,,Steel
|inactive|Battle timer is ON: inactive players will automatically lose when time's up. (requested by milkandcereals)
|inactive|milkandcereals has 60 seconds left.
|
|t:|1756501357
|teamsize|p1|4
|teamsize|p2|4
|start
|switch|p1a: Porygon2|Porygon2, L50|100/100
|switch|p1b: Jumpluff|Jumpluff, L50, M|100/100
|switch|p2a: Annihilape|Annihilape, L50, M|100/100
|switch|p2b: Whimsicott|Whimsicott, L50, M|100/100
|-ability|p1a: Porygon2|Download|boost
|-boost|p1a: Porygon2|spa|1
|turn|1
|inactive|milkandcereals has 30 seconds left.
|inactive|milkandcereals has 20 seconds left.
|inactive|milkandcereals has 15 seconds left.
|
|t:|1756501399
|move|p1b: Jumpluff|Rage Powder|p1b: Jumpluff
|-singleturn|p1b: Jumpluff|move: Rage Powder
|move|p2b: Whimsicott|Moonblast|p1a: Porygon2
|-damage|p1a: Porygon2|80/100
|-unboost|p1a: Porygon2|spa|1
|move|p2a: Annihilape|Drain Punch|p1a: Porygon2
|-supereffective|p1a: Porygon2
|-damage|p1a: Porygon2|41/100
|move|p1a: Porygon2|Trick Room|p1a: Porygon2
|-fieldstart|move: Trick Room|[of] p1a: Porygon2
|
|upkeep
|turn|2
|inactive|BranchingBee has 30 seconds left.
|inactive|milkandcereals has 30 seconds left.
|
|t:|1756501430
|switch|p1b: Ursaluna|Ursaluna, L50, F|100/100
|move|p2b: Whimsicott|Protect|p2b: Whimsicott
|-singleturn|p2b: Whimsicott|Protect
|move|p1a: Porygon2|Recover|p1a: Porygon2
|-heal|p1a: Porygon2|91/100
|move|p2a: Annihilape|Drain Punch|p1a: Porygon2
|-supereffective|p1a: Porygon2
|-damage|p1a: Porygon2|56/100
|
|-status|p1b: Ursaluna|brn|[from] item: Flame Orb
|upkeep
|turn|3
|inactive|milkandcereals has 30 seconds left.
|
|t:|1756501459
|move|p2a: Annihilape|Protect|p2a: Annihilape
|-singleturn|p2a: Annihilape|Protect
|move|p2b: Whimsicott|Encore|p1a: Porygon2
|-start|p1a: Porygon2|Encore
|move|p1a: Porygon2|Recover|p1a: Porygon2
|-heal|p1a: Porygon2|100/100
|move|p1b: Ursaluna|Headlong Rush|p2a: Annihilape
|-activate|p2a: Annihilape|move: Protect
|
|-damage|p1b: Ursaluna|94/100 brn|[from] brn
|upkeep
|turn|4
|
|t:|1756501482
|switch|p1a: Jumpluff|Jumpluff, L50, M|100/100
|switch|p2b: Clefairy|Clefairy, L50, F|100/100
|move|p1b: Ursaluna|Headlong Rush|p2a: Annihilape
|-damage|p2a: Annihilape|28/100
|-unboost|p1b: Ursaluna|def|1
|-unboost|p1b: Ursaluna|spd|1
|move|p2a: Annihilape|Drain Punch|p1b: Ursaluna
|-supereffective|p1b: Ursaluna
|-damage|p1b: Ursaluna|26/100 brn
|-heal|p2a: Annihilape|61/100|[from] drain|[of] p1b: Ursaluna
|
|-damage|p1b: Ursaluna|20/100 brn|[from] brn
|upkeep
|turn|5
|inactive|milkandcereals has 30 seconds left.
|inactive|BranchingBee has 30 seconds left.
|
|t:|1756501514
|move|p2a: Annihilape|Protect|p2a: Annihilape
|-singleturn|p2a: Annihilape|Protect
|move|p2b: Clefairy|Heal Pulse|p2a: Annihilape
|-activate|p2a: Annihilape|move: Protect
|move|p1b: Ursaluna|Facade|p2b: Clefairy
|-damage|p2b: Clefairy|3/100
|move|p1a: Jumpluff|Sunny Day|p1a: Jumpluff
|-weather|SunnyDay
|
|-weather|SunnyDay|[upkeep]
|-damage|p1b: Ursaluna|14/100 brn|[from] brn
|-fieldend|move: Trick Room
|upkeep
|turn|6
|
|t:|1756501534
|move|p1a: Jumpluff|Tailwind|p1a: Jumpluff
|-sidestart|p1: milkandcereals|move: Tailwind
|move|p1b: Ursaluna|Earthquake|p2a: Annihilape|[spread] p2a,p2b
|-immune|p1a: Jumpluff
|-damage|p2a: Annihilape|12/100
|-damage|p2b: Clefairy|0 fnt
|faint|p2b: Clefairy
|move|p2a: Annihilape|Drain Punch|p1b: Ursaluna
|-supereffective|p1b: Ursaluna
|-damage|p1b: Ursaluna|0 fnt
|-heal|p2a: Annihilape|19/100|[from] drain|[of] p1b: Ursaluna
|faint|p1b: Ursaluna
|
|-weather|SunnyDay|[upkeep]
|upkeep
|
|t:|1756501547
|switch|p1b: Charizard|Charizard, L50, M|100/100
|switch|p2b: Whimsicott|Whimsicott, L50, M|100/100
|turn|7
|
|t:|1756501563
|move|p1a: Jumpluff|Rage Powder|p1a: Jumpluff
|-singleturn|p1a: Jumpluff|move: Rage Powder
|move|p2b: Whimsicott|Tailwind|p2b: Whimsicott
|-sidestart|p2: BranchingBee|move: Tailwind
|move|p1b: Charizard|Heat Wave|p2b: Whimsicott|[spread] p2a,p2b
|-supereffective|p2b: Whimsicott
|-damage|p2a: Annihilape|0 fnt
|-enditem|p2b: Whimsicott|Focus Sash
|-damage|p2b: Whimsicott|1/100
|faint|p2a: Annihilape
|
|-weather|SunnyDay|[upkeep]
|-damage|p1b: Charizard|88/100|[from] ability: Solar Power|[of] p1b: Charizard
|upkeep
|
|t:|1756501575
|switch|p2a: Hydreigon|Hydreigon, L50, M|100/100
|turn|8
|
|t:|1756501590
|-terastallize|p2a: Hydreigon|Fire
|move|p1a: Jumpluff|Sleep Powder|p2a: Hydreigon|[miss]
|-miss|p1a: Jumpluff|p2a: Hydreigon
|move|p2b: Whimsicott|Moonblast|p1b: Charizard
|-resisted|p1b: Charizard
|-damage|p1b: Charizard|65/100
|-unboost|p1b: Charizard|spa|1
|move|p1b: Charizard|Heat Wave|p2b: Whimsicott|[spread] p2a,p2b
|-resisted|p2a: Hydreigon
|-supereffective|p2b: Whimsicott
|-damage|p2a: Hydreigon|59/100
|-damage|p2b: Whimsicott|0 fnt
|faint|p2b: Whimsicott
|move|p2a: Hydreigon|Flamethrower|p1b: Charizard
|-resisted|p1b: Charizard
|-damage|p1b: Charizard|0 fnt
|faint|p1b: Charizard
|
|-weather|SunnyDay|[upkeep]
|upkeep
|
|t:|1756501604
|switch|p1b: Porygon2|Porygon2, L50|100/100
|-ability|p1b: Porygon2|Download|boost
|-boost|p1b: Porygon2|spa|1
|turn|9
|
|t:|1756501611
|move|p1a: Jumpluff|Sleep Powder|p2a: Hydreigon|[miss]
|-miss|p1a: Jumpluff|p2a: Hydreigon
|move|p2a: Hydreigon|Flamethrower|p1a: Jumpluff
|-supereffective|p1a: Jumpluff
|-damage|p1a: Jumpluff|0 fnt
|faint|p1a: Jumpluff
|move|p1b: Porygon2|Tera Blast|p2a: Hydreigon
|-damage|p2a: Hydreigon|0 fnt
|faint|p2a: Hydreigon
|
|win|milkandcereals
|raw|milkandcereals's rating: 1065 → 1094(+29 for winning)
|raw|BranchingBee's rating: 1055 → 1037(-18 for losing)
