|j|☆Astonished25
|j|☆chknadobovgc
|html|Astonished25chknadobovgc    
|uhtml|bestof|Game 1 of a best-of-3
|t:|1757819346
|gametype|doubles
|player|p1|Astonished25|2|1176
|player|p2|chknadobovgc|cheren-gen5bw2|1253
|gen|9
|tier|[Gen 9] VGC 2025 Reg H (Bo3)
|rated|
|rule|Species Clause: Limit one of each Pokémon
|rule|Item Clause: Limit 1 of each item
|clearpoke
|poke|p1|Gholdengo, L50|
|poke|p1|Magmar, L50, F|
|poke|p1|Dragonite, L50, M|
|poke|p1|Rillaboom, L50, F|
|poke|p1|Annihilape, L50, M|
|poke|p1|Sneasler, L50, M|
|poke|p2|Dragonite, L50, F|
|poke|p2|Gholdengo, L50|
|poke|p2|Ursaluna-Bloodmoon, L50, M|
|poke|p2|Annihilape, L50, M|
|poke|p2|Maushold-Four, L50|
|poke|p2|Rillaboom, L50, M|
|teampreview|4
|showteam|p1|Gholdengo||LifeOrb|GoodasGold|Protect,NastyPlot,MakeItRain,ShadowBall||||||50|,,,,,Water]Magmar||Eviolite|VitalSpirit|Taunt,WillOWisp,FollowMe,BurningJealousy|||F|||50|,,,,,Ghost]Dragonite||LoadedDice|Multiscale|Protect,Haze,Tailwind,ScaleShot|||M|||50|,,,,,Fairy]Rillaboom||AssaultVest|GrassySurge|FakeOut,GrassyGlide,WoodHammer,HighHorsepower|||F|||50|,,,,,Fire]Annihilape||SafetyGoggles|Defiant|Protect,DrainPunch,RageFist,BulkUp|||M|||50|,,,,,Steel]Sneasler||GrassySeed|Unburden|CloseCombat,Coaching,DireClaw,Protect|||M|||50|,,,,,Stellar
|showteam|p2|Dragonite||LoadedDice|Multiscale|ScaleShot,Tailwind,Haze,Protect|||F|||50|,,,,,Fairy]Gholdengo||LifeOrb|GoodasGold|MakeItRain,ShadowBall,NastyPlot,Protect||||||50|,,,,,Water]Ursaluna-Bloodmoon||AssaultVest|MindsEye|BloodMoon,EarthPower,HyperVoice,VacuumWave|||M|||50|,,,,,Water]Annihilape||SitrusBerry|Defiant|DrainPunch,RageFist,BulkUp,Protect|||M|||50|,,,,,Fire]Maushold-Four||FocusSash|FriendGuard|SuperFang,BeatUp,FollowMe,Protect||||||50|,,,,,Ghost]Rillaboom||MiracleSeed|GrassySurge|WoodHammer,GrassyGlide,HighHorsepower,FakeOut|||M|||50|,,,,,Fire
|inactive|Battle timer is ON: inactive players will automatically lose when time's up. (requested by Astonished25)
|
|t:|1757819377
|teamsize|p1|4
|teamsize|p2|4
|start
|switch|p1a: Magmar|Magmar, L50, F|100/100
|switch|p1b: Gholdengo|Gholdengo, L50|100/100
|switch|p2a: Annihilape|Annihilape, L50, M, shiny|100/100
|switch|p2b: Maushold|Maushold-Four, L50|100/100
|turn|1
|
|t:|1757819387
|-terastallize|p2a: Annihilape|Fire
|move|p1a: Magmar|Follow Me|p1a: Magmar
|-singleturn|p1a: Magmar|move: Follow Me
|move|p2b: Maushold|Super Fang|p1a: Magmar
|-damage|p1a: Magmar|50/100
|move|p2a: Annihilape|Bulk Up|p2a: Annihilape
|-boost|p2a: Annihilape|atk|1
|-boost|p2a: Annihilape|def|1
|move|p1b: Gholdengo|Nasty Plot|p1b: Gholdengo
|-boost|p1b: Gholdengo|spa|2
|
|upkeep
|turn|2
|inactive|chknadobovgc has 30 seconds left.
|inactive|chknadobovgc has 20 seconds left.
|inactive|chknadobovgc has 15 seconds left.
|
|t:|1757819430
|move|p2b: Maushold|Protect|p2b: Maushold
|-singleturn|p2b: Maushold|Protect
|move|p1a: Magmar|Follow Me|p1a: Magmar
|-singleturn|p1a: Magmar|move: Follow Me
|move|p2a: Annihilape|Bulk Up|p2a: Annihilape
|-boost|p2a: Annihilape|atk|1
|-boost|p2a: Annihilape|def|1
|move|p1b: Gholdengo|Shadow Ball|p2a: Annihilape
|-damage|p2a: Annihilape|20/100
|-enditem|p2a: Annihilape|Sitrus Berry|[eat]
|-heal|p2a: Annihilape|45/100|[from] item: Sitrus Berry
|-damage|p1b: Gholdengo|91/100|[from] item: Life Orb
|
|upkeep
|turn|3
|
|t:|1757819454
|move|p2b: Maushold|Follow Me|p2b: Maushold
|-singleturn|p2b: Maushold|move: Follow Me
|move|p1a: Magmar|Follow Me|p1a: Magmar
|-singleturn|p1a: Magmar|move: Follow Me
|move|p2a: Annihilape|Drain Punch|p1a: Magmar
|-damage|p1a: Magmar|0 fnt
|-heal|p2a: Annihilape|66/100|[from] drain|[of] p1a: Magmar
|faint|p1a: Magmar
|move|p1b: Gholdengo|Make It Rain|p2a: Annihilape|[spread] p2a,p2b
|-resisted|p2a: Annihilape
|-damage|p2a: Annihilape|26/100
|-enditem|p2b: Maushold|Focus Sash
|-damage|p2b: Maushold|1/100
|-unboost|p1b: Gholdengo|spa|1
|-damage|p1b: Gholdengo|82/100|[from] item: Life Orb
|
|upkeep
|
|t:|1757819466
|switch|p1a: Dragonite|Dragonite, L50, M|100/100
|turn|4
|inactive|chknadobovgc has 30 seconds left.
|inactive|chknadobovgc has 20 seconds left.
|inactive|chknadobovgc has 15 seconds left.
|inactive|chknadobovgc has 10 seconds left.
|
|t:|1757819514
|move|p2b: Maushold|Super Fang|p1a: Dragonite
|-damage|p1a: Dragonite|50/100
|move|p2a: Annihilape|Rage Fist|p1a: Dragonite
|-damage|p1a: Dragonite|0 fnt
|faint|p1a: Dragonite
|move|p1b: Gholdengo|Make It Rain|p2a: Annihilape|[spread] p2a,p2b
|-resisted|p2a: Annihilape
|-crit|p2a: Annihilape
|-damage|p2a: Annihilape|0 fnt
|-damage|p2b: Maushold|0 fnt
|-unboost|p1b: Gholdengo|spa|1
|faint|p2a: Annihilape
|faint|p2b: Maushold
|-damage|p1b: Gholdengo|72/100|[from] item: Life Orb
|
|upkeep
|
|t:|1757819525
|switch|p2b: Rillaboom|Rillaboom, L50, M|100/100
|switch|p2a: Gholdengo|Gholdengo, L50|100/100
|switch|p1a: Annihilape|Annihilape, L50, M|100/100
|-fieldstart|move: Grassy Terrain|[from] ability: Grassy Surge|[of] p2b: Rillaboom
|turn|5
|
|t:|1757819535
|-terastallize|p1a: Annihilape|Steel
|move|p1a: Annihilape|Bulk Up|p1a: Annihilape
|-boost|p1a: Annihilape|atk|1
|-boost|p1a: Annihilape|def|1
|move|p2a: Gholdengo|Nasty Plot|p2a: Gholdengo
|-boost|p2a: Gholdengo|spa|2
|move|p1b: Gholdengo|Shadow Ball|p2a: Gholdengo
|-supereffective|p2a: Gholdengo
|-damage|p2a: Gholdengo|0 fnt
|faint|p2a: Gholdengo
|-damage|p1b: Gholdengo|63/100|[from] item: Life Orb
|move|p2b: Rillaboom|High Horsepower|p1b: Gholdengo
|-supereffective|p1b: Gholdengo
|-damage|p1b: Gholdengo|0 fnt
|faint|p1b: Gholdengo
|
|upkeep
|turn|6
|
|t:|1757819558
|move|p1a: Annihilape|Bulk Up|p1a: Annihilape
|-boost|p1a: Annihilape|atk|1
|-boost|p1a: Annihilape|def|1
|move|p2b: Rillaboom|High Horsepower|p1a: Annihilape
|-supereffective|p1a: Annihilape
|-damage|p1a: Annihilape|64/100
|
|-heal|p1a: Annihilape|70/100|[from] Grassy Terrain
|upkeep
|turn|7
|
|t:|1757819568
|move|p1a: Annihilape|Rage Fist|p2b: Rillaboom
|-damage|p2b: Rillaboom|24/100
|move|p2b: Rillaboom|High Horsepower|p1a: Annihilape
|-supereffective|p1a: Annihilape
|-damage|p1a: Annihilape|34/100
|
|-heal|p1a: Annihilape|40/100|[from] Grassy Terrain
|-heal|p2b: Rillaboom|30/100|[from] Grassy Terrain
|upkeep
|turn|8
|-message|chknadobovgc forfeited.
|
|win|Astonished25
||Astonished25 is ready for game 2.
||chknadobovgc is ready for game 2.
|uhtml|next|Next: Game 2 of 3
|l|☆Astonished25
|player|p1|
