|j|☆Dedenneforever
|j|☆Odacchi
|html|DedenneforeverOdacchi    
|uhtml|bestof|Game 1 of a best-of-3
|t:|1782676662
|gametype|doubles
|player|p1|Dedenneforever|waiter-gen4dp|
|player|p2|Odacchi|hooligans|
|gen|9
|tier|[Gen 9 Champions] VGC 2026 Reg M-B (Bo3)
|rule|Species Clause: Limit one of each Pokémon
|rule|Item Clause: Limit 1 of each item
|clearpoke
|poke|p1|Hawlucha, L50, F|
|poke|p1|Excadrill, L50, F|
|poke|p1|Farigiraf, L50, F|
|poke|p1|Meowstic, L50, M|
|poke|p1|Charizard, L50, M|
|poke|p1|Glalie, L50, F|
|poke|p2|Torterra, L50, F|
|poke|p2|Garchomp, L50, M, shiny|
|poke|p2|Dragapult, L50, F, shiny|
|poke|p2|Glimmora, L50, M|
|poke|p2|Maushold-Four, L50|
|poke|p2|Alakazam, L50, M|
|teampreview|4
|showteam|p1|Hawlucha||Hawluchanite|Limber|Entrainment,BraveBird,CloseCombat,BrickBreak|Jolly||F|||50|]Excadrill||ChoiceScarf|MoldBreaker|HornDrill,DrillRun,Earthquake,FocusBlast|Bold||F|||50|]Farigiraf||FocusSash|ArmorTail|TrickRoom,ExpandingForce,CalmMind,HyperVoice|Calm||F|||50|]Meowstic||SitrusBerry|Prankster|FakeOut,Charm,FakeTears,Safeguard|Careful||M|||50|]Charizard||CharizarditeY|Blaze|HeatWave,Overheat,DragonDance,AirSlash|Modest||M|||50|]Glalie||IcyRock|Moody|SheerCold,ChillingWater,Blizzard,Snowscape|Hasty||F|||50|
|showteam|p2|Torterra||SitrusBerry|ShellArmor|WoodHammer,HighHorsepower,LeechSeed,Protect|Impish||F|||50|]Garchomp||Garchompite|RoughSkin|DragonClaw,StompingTantrum,Protect,SwordsDance|Adamant||M|||50|]Dragapult||DragonFang|ClearBody|Protect,SunnyDay,PsychicFangs,DragonDarts|Adamant||F|||50|]Glimmora||Glimmoranite|ToxicDebris|PowerGem,SludgeBomb,EarthPower,SpikyShield|Timid||M|||50|]Maushold-Four||ChopleBerry|FriendGuard|Protect,FollowMe,SuperFang,Feint|Careful|||||50|]Alakazam||ColburBerry|InnerFocus|LightScreen,Reflect,SpeedSwap,Psychic|Timid||M|||50|
|j| Simons5324
|j| terry ferry
|
|t:|1782676673
|teamsize|p1|4
|teamsize|p2|4
|start
|switch|p1a: Nurse-Practitioner|Hawlucha, L50, F|100/100
|switch|p1b: Vlad the Surgeon|Excadrill, L50, F|100/100
|switch|p2a: Big Green Dude|Torterra, L50, F|100/100
|switch|p2b: The Family|Maushold-Four, L50|100/100
|-ability|p1b: Vlad the Surgeon|Mold Breaker
|turn|1
|
|t:|1782676689
|detailschange|p1a: Nurse-Practitioner|Hawlucha-Mega, L50, F
|-mega|p1a: Nurse-Practitioner|Hawlucha|Hawluchanite
|move|p2b: The Family|Protect|p2b: The Family
|-singleturn|p2b: The Family|Protect
|move|p1a: Nurse-Practitioner|Entrainment|p1b: Vlad the Surgeon
|-ability|p1b: Vlad the Surgeon|No Guard|Mold Breaker|[from] move: Entrainment|[of] p1a: Nurse-Practitioner
|move|p1b: Vlad the Surgeon|Horn Drill|p2a: Big Green Dude
|-damage|p2a: Big Green Dude|0 fnt
|faint|p2a: Big Green Dude
|-ohko
|
|upkeep
|
|t:|1782676700
|switch|p2a: SPOON!!!|Alakazam, L50, M|100/100
|turn|2
|
|t:|1782676712
|move|p2b: The Family|Follow Me|p2b: The Family
|-singleturn|p2b: The Family|move: Follow Me
|move|p2a: SPOON!!!|Psychic|p1a: Nurse-Practitioner
|-supereffective|p1a: Nurse-Practitioner|1
|-damage|p1a: Nurse-Practitioner|0 fnt
|faint|p1a: Nurse-Practitioner
|move|p1b: Vlad the Surgeon|Horn Drill|p2b: The Family
|-damage|p2b: The Family|0 fnt
|faint|p2b: The Family
|-ohko
|
|upkeep
|
|t:|1782676724
|switch|p1a: Desk hand|Farigiraf, L50, F|100/100
|switch|p2b: Sly Dog|Dragapult, L50, F, shiny|100/100
|turn|3
|
|t:|1782676750
|move|p2b: Sly Dog|Dragon Darts|p1a: Desk hand
|-damage|p1a: Desk hand|62/100
|-anim|p2b: Sly Dog|Dragon Darts|p1b: Vlad the Surgeon
|-resisted|p1b: Vlad the Surgeon|1
|-damage|p1b: Vlad the Surgeon|86/100
|move|p2a: SPOON!!!|Reflect|p2a: SPOON!!!
|-sidestart|p2: Odacchi|Reflect
|move|p1b: Vlad the Surgeon|Horn Drill|p2a: SPOON!!!
|-damage|p2a: SPOON!!!|0 fnt
|faint|p2a: SPOON!!!
|-ohko
|move|p1a: Desk hand|Trick Room|p1a: Desk hand
|-fieldstart|move: Trick Room|[of] p1a: Desk hand
|
|upkeep
|turn|4
|
|t:|1782676767
|switch|p1b: THE MORGUE|Glalie, L50, F|100/100
|move|p1a: Desk hand|Expanding Force|p2b: Sly Dog
|-damage|p2b: Sly Dog|46/100
|move|p2b: Sly Dog|Sunny Day|p2b: Sly Dog
|-weather|SunnyDay
|
|-weather|SunnyDay|[upkeep]
|-ability|p1b: THE MORGUE|Moody|boost
|-boost|p1b: THE MORGUE|atk|2
|-unboost|p1b: THE MORGUE|spa|1
|upkeep
|turn|5
|
|t:|1782676783
|move|p1a: Desk hand|Expanding Force|p2b: Sly Dog
|-damage|p2b: Sly Dog|0 fnt
|faint|p2b: Sly Dog
|
|win|Dedenneforever
||Dedenneforever is ready for game 2.
||Odacchi is ready for game 2.
|uhtml|next|Next: Game 2 of 3
|l|☆Odacchi
|player|p2|
