|j|☆Richiskz
|j|☆KChiefs7
|html|RichiskzKChiefs7    
|uhtml|bestof|Game 2 of a best-of-3
|t:|1757690919
|gametype|doubles
|player|p1|Richiskz|266|1111
|player|p2|KChiefs7|swimmer-gen4|1119
|gen|9
|tier|[Gen 9] VGC 2025 Reg H (Bo3)
|rated|
|rule|Species Clause: Limit one of each Pokémon
|rule|Item Clause: Limit 1 of each item
|clearpoke
|poke|p1|Rillaboom, L50, F|
|poke|p1|Electabuzz, L50, F|
|poke|p1|Dragonite, L50, M|
|poke|p1|Volcarona, L50, F|
|poke|p1|Kingambit, L50, F|
|poke|p1|Sneasler, L50, M|
|poke|p2|Ursaluna, L50, F|
|poke|p2|Gholdengo, L50|
|poke|p2|Amoonguss, L50, F|
|poke|p2|Porygon2, L50|
|poke|p2|Incineroar, L50, F|
|poke|p2|Flamigo, L50, M|
|teampreview|4
|showteam|p1|Rillaboom||AssaultVest|GrassySurge|WoodHammer,GrassyGlide,HighHorsepower,FakeOut|||F|||50|,,,,,Fire]Electabuzz||Eviolite|VitalSpirit|Thunderbolt,FollowMe,Taunt,Protect|||F|||50|,,,,,Ghost]Dragonite||LoadedDice|Multiscale|ScaleShot,ExtremeSpeed,Haze,Protect|||M|||50|,,,,,Fairy]Volcarona||Leftovers|FlameBody|HeatWave,TeraBlast,QuiverDance,Protect|||F|||50|,,,,,Fairy]Kingambit||BlackGlasses|Defiant|KowtowCleave,SuckerPunch,SwordsDance,Protect|||F|||50|,,,,,Dark]Sneasler||FocusSash|PoisonTouch|CloseCombat,DireClaw,Coaching,FakeOut|||M|||50|,,,,,Ghost
|showteam|p2|Ursaluna||FlameOrb|Guts|Facade,Earthquake,Substitute,Protect|||F|||50|,,,,,Ghost]Gholdengo||LifeOrb|GoodasGold|MakeItRain,ShadowBall,NastyPlot,Protect||||||50|,,,,,Water]Amoonguss||SitrusBerry|Regenerator|RagePowder,Spore,PollenPuff,Protect|||F|||50|,,,,,Fairy]Porygon2||Eviolite|Download|Thunderbolt,IceBeam,Recover,TrickRoom||||||50|,,,,,Flying]Incineroar||AssaultVest|Intimidate|FlareBlitz,KnockOff,FakeOut,Uturn|||F|||50|,,,,,Grass]Flamigo||FocusSash|Scrappy|CloseCombat,BraveBird,WideGuard,Detect|||M|||50|,,,,,Stellar
|inactive|Battle timer is ON: inactive players will automatically lose when time's up. (requested by KChiefs7)
|inactive|KChiefs7 has 60 seconds left.
|
|t:|1757690951
|teamsize|p1|4
|teamsize|p2|4
|start
|switch|p1a: Sneasler|Sneasler, L50, M, shiny|100/100
|switch|p1b: Dragonite|Dragonite, L50, M, shiny|100/100
|switch|p2a: Ursaluna|Ursaluna, L50, F|100/100
|switch|p2b: Amoonguss|Amoonguss, L50, F, shiny|100/100
|turn|1
|inactive|Richiskz has 30 seconds left.
|
|t:|1757690977
|switch|p2b: Incineroar|Incineroar, L50, F, shiny|100/100
|-ability|p2b: Incineroar|Intimidate|boost
|-unboost|p1a: Sneasler|atk|1
|-unboost|p1b: Dragonite|atk|1
|move|p2a: Ursaluna|Protect|p2a: Ursaluna
|-singleturn|p2a: Ursaluna|Protect
|move|p1a: Sneasler|Fake Out|p2b: Incineroar
|-damage|p2b: Incineroar|91/100
|move|p1b: Dragonite|Scale Shot|p2a: Ursaluna
|-activate|p2a: Ursaluna|move: Protect
|
|-status|p2a: Ursaluna|brn|[from] item: Flame Orb
|upkeep
|turn|2
|inactive|KChiefs7 has 30 seconds left.
|inactive|KChiefs7 has 20 seconds left.
|inactive|KChiefs7 has 15 seconds left.
|inactive|KChiefs7 has 10 seconds left.
|
|t:|1757691024
|-terastallize|p2a: Ursaluna|Ghost
|move|p2b: Incineroar|Fake Out|p1b: Dragonite
|-damage|p1b: Dragonite|94/100
|move|p1a: Sneasler|Coaching|p1b: Dragonite
|-boost|p1b: Dragonite|atk|1
|-boost|p1b: Dragonite|def|1
|cant|p1b: Dragonite|flinch
|move|p2a: Ursaluna|Facade|p1b: Dragonite
|-damage|p1b: Dragonite|0 fnt
|faint|p1b: Dragonite
|
|-damage|p2a: Ursaluna|95/100 brn|[from] brn
|upkeep
|
|t:|1757691038
|switch|p1b: Rillaboom|Rillaboom, L50, F, shiny|100/100
|-fieldstart|move: Grassy Terrain|[from] ability: Grassy Surge|[of] p1b: Rillaboom
|turn|3
|inactive|Richiskz has 30 seconds left.
|inactive|KChiefs7 has 30 seconds left.
|inactive|Richiskz has 20 seconds left.
|
|t:|1757691073
|switch|p2b: Amoonguss|Amoonguss, L50, F, shiny|100/100
|move|p1a: Sneasler|Dire Claw|p2a: Ursaluna
|-resisted|p2a: Ursaluna
|-damage|p2a: Ursaluna|84/100 brn
|move|p1b: Rillaboom|Wood Hammer|p2a: Ursaluna
|-damage|p2a: Ursaluna|22/100 brn
|-damage|p1b: Rillaboom|78/100|[from] Recoil
|move|p2a: Ursaluna|Facade|p1b: Rillaboom
|-damage|p1b: Rillaboom|0 fnt
|faint|p1b: Rillaboom
|
|-heal|p2a: Ursaluna|27/100 brn|[from] Grassy Terrain
|-damage|p2a: Ursaluna|22/100 brn|[from] brn
|upkeep
|
|t:|1757691088
|switch|p1b: Volcarona|Volcarona, L50, F, shiny|100/100
|turn|4
|inactive|KChiefs7 has 30 seconds left.
|
|t:|1757691121
|move|p2a: Ursaluna|Protect|p2a: Ursaluna
|-singleturn|p2a: Ursaluna|Protect
|move|p1a: Sneasler|Dire Claw|p2b: Amoonguss
|-damage|p2b: Amoonguss|75/100
|move|p1b: Volcarona|Heat Wave|p2a: Ursaluna|[spread] p2b
|-activate|p2a: Ursaluna|move: Protect
|-supereffective|p2b: Amoonguss
|-damage|p2b: Amoonguss|20/100
|-status|p2b: Amoonguss|brn
|-enditem|p2b: Amoonguss|Sitrus Berry|[eat]
|-heal|p2b: Amoonguss|44/100 brn|[from] item: Sitrus Berry
|move|p2b: Amoonguss|Spore|p1b: Volcarona
|-status|p1b: Volcarona|slp|[from] move: Spore
|
|-heal|p2b: Amoonguss|50/100 brn|[from] Grassy Terrain
|-heal|p2a: Ursaluna|27/100 brn|[from] Grassy Terrain
|-damage|p2b: Amoonguss|44/100 brn|[from] brn
|-damage|p2a: Ursaluna|22/100 brn|[from] brn
|upkeep
|turn|5
|inactive|Richiskz has 30 seconds left.
|
|t:|1757691151
|move|p2b: Amoonguss|Rage Powder|p2b: Amoonguss
|-singleturn|p2b: Amoonguss|move: Rage Powder
|move|p1a: Sneasler|Coaching|p1b: Volcarona
|-boost|p1b: Volcarona|atk|1
|-boost|p1b: Volcarona|def|1
|cant|p1b: Volcarona|slp
|move|p2a: Ursaluna|Earthquake|p1a: Sneasler|[spread] p2b,p1a,p1b
|-supereffective|p1a: Sneasler
|-crit|p1a: Sneasler
|-crit|p1b: Volcarona
|-damage|p2b: Amoonguss|16/100 brn
|-enditem|p1a: Sneasler|Focus Sash
|-damage|p1a: Sneasler|1/100
|-damage|p1b: Volcarona|33/100 slp
|
|-heal|p1a: Sneasler|7/100|[from] Grassy Terrain
|-heal|p1b: Volcarona|40/100 slp|[from] Grassy Terrain
|-heal|p1b: Volcarona|46/100 slp|[from] item: Leftovers
|-heal|p2b: Amoonguss|22/100 brn|[from] Grassy Terrain
|-heal|p2a: Ursaluna|27/100 brn|[from] Grassy Terrain
|-damage|p2b: Amoonguss|16/100 brn|[from] brn
|-damage|p2a: Ursaluna|22/100 brn|[from] brn
|upkeep
|turn|6
|inactive|Richiskz has 30 seconds left.
|inactive|KChiefs7 has 30 seconds left.
|
|t:|1757691178
|switch|p2b: Incineroar|Incineroar, L50, F, shiny|91/100
|-ability|p2b: Incineroar|Intimidate|boost
|-unboost|p1a: Sneasler|atk|1
|-unboost|p1b: Volcarona|atk|1
|move|p2a: Ursaluna|Protect|p2a: Ursaluna
|-singleturn|p2a: Ursaluna|Protect
|move|p1a: Sneasler|Dire Claw|p2a: Ursaluna
|-activate|p2a: Ursaluna|move: Protect
|cant|p1b: Volcarona|slp
|
|-heal|p1a: Sneasler|13/100|[from] Grassy Terrain
|-heal|p1b: Volcarona|52/100 slp|[from] Grassy Terrain
|-heal|p1b: Volcarona|58/100 slp|[from] item: Leftovers
|-heal|p2b: Incineroar|97/100|[from] Grassy Terrain
|-heal|p2a: Ursaluna|27/100 brn|[from] Grassy Terrain
|-damage|p2a: Ursaluna|22/100 brn|[from] brn
|upkeep
|turn|7
|inactive|KChiefs7 has 30 seconds left.
|inactive|Richiskz has 30 seconds left.
|inactive|KChiefs7 has 20 seconds left.
|inactive|Richiskz has 20 seconds left.
|inactive|KChiefs7 has 15 seconds left.
|
|t:|1757691221
|-terastallize|p1b: Volcarona|Fairy
|move|p1a: Sneasler|Coaching|p1b: Volcarona
|-boost|p1b: Volcarona|atk|1
|-boost|p1b: Volcarona|def|1
|cant|p1b: Volcarona|slp
|move|p2b: Incineroar|Knock Off|p1b: Volcarona
|-resisted|p1b: Volcarona
|-damage|p1b: Volcarona|42/100 slp
|-enditem|p1b: Volcarona|Leftovers|[from] move: Knock Off|[of] p2b: Incineroar
|move|p2a: Ursaluna|Facade|p1a: Sneasler
|-damage|p1a: Sneasler|0 fnt
|faint|p1a: Sneasler
|
|-heal|p1b: Volcarona|48/100 slp|[from] Grassy Terrain
|-heal|p2b: Incineroar|100/100|[from] Grassy Terrain
|-heal|p2a: Ursaluna|27/100 brn|[from] Grassy Terrain
|-damage|p2a: Ursaluna|22/100 brn|[from] brn
|-fieldend|move: Grassy Terrain
|upkeep
|turn|8
|inactive|KChiefs7 has 30 seconds left.
|
|t:|1757691252
|switch|p2a: Amoonguss|Amoonguss, L50, F, shiny|49/100 brn
|-curestatus|p1b: Volcarona|slp|[msg]
|move|p1b: Volcarona|Quiver Dance|p1b: Volcarona
|-boost|p1b: Volcarona|spa|1
|-boost|p1b: Volcarona|spd|1
|-boost|p1b: Volcarona|spe|1
|move|p2b: Incineroar|Flare Blitz|p1b: Volcarona
|-damage|p1b: Volcarona|8/100
|-damage|p2b: Incineroar|88/100|[from] Recoil
|
|-damage|p2a: Amoonguss|43/100 brn|[from] brn
|upkeep
|turn|9
|
|t:|1757691269
|switch|p2a: Flamigo|Flamigo, L50, M|100/100
|move|p1b: Volcarona|Heat Wave|p2a: Flamigo|[spread] p2a
|-miss|p1b: Volcarona|p2b: Incineroar
|-damage|p2a: Flamigo|17/100
|move|p2b: Incineroar|Flare Blitz|p1b: Volcarona
|-damage|p1b: Volcarona|0 fnt
|faint|p1b: Volcarona
|-damage|p2b: Incineroar|86/100|[from] Recoil
|
|win|KChiefs7
|raw|Richiskz's rating: 1111 → 1087(-24 for losing)
|raw|KChiefs7's rating: 1119 → 1143(+24 for winning)
|l|☆Richiskz
|player|p1|
