|j|☆guyq
|j|☆JvinsVGC
|html|guyqJvinsVGC    
|uhtml|bestof|Game 2 of a best-of-3
|t:|1782398083
|gametype|doubles
|player|p1|guyq|briar|1204
|player|p2|JvinsVGC|102|1260
|gen|9
|tier|[Gen 9 Champions] VGC 2026 Reg M-B (Bo3)
|rated|
|rule|Species Clause: Limit one of each Pokémon
|rule|Item Clause: Limit 1 of each item
|clearpoke
|poke|p1|Metagross, L50|
|poke|p1|Staraptor, L50, F|
|poke|p1|Garchomp, L50, M|
|poke|p1|Whimsicott, L50, F|
|poke|p1|Rotom-Wash, L50|
|poke|p1|Incineroar, L50, F|
|poke|p2|Staraptor, L50, M|
|poke|p2|Grimmsnarl, L50, M|
|poke|p2|Arcanine-Hisui, L50, M|
|poke|p2|Garchomp, L50, F|
|poke|p2|Gholdengo, L50|
|poke|p2|Maushold-Four, L50|
|teampreview|4
|showteam|p1|Metagross||Metagrossite|ClearBody|PsychicFangs,IronHead,StompingTantrum,Protect|Jolly|||||50|]Staraptor||Staraptite|Intimidate|BraveBird,CloseCombat,QuickAttack,Protect|Jolly||F|||50|]Garchomp||LifeOrb|RoughSkin|DragonClaw,Earthquake,RockSlide,Protect|Jolly||M|||50|]Whimsicott||FocusSash|Prankster|Moonblast,Tailwind,Charm,Protect|Timid||F|||50|]Rotom-Wash||Leftovers|Levitate|Thunderbolt,HydroPump,WillOWisp,Protect|Modest|||||50|]Incineroar||SitrusBerry|Intimidate|FlareBlitz,ThroatChop,PartingShot,FakeOut|Adamant||F|||50|
|showteam|p2|Staraptor||Staraptite|Intimidate|CloseCombat,BraveBird,Tailwind,Roost|Adamant||M|||50|]Grimmsnarl||LightClay|Prankster|LightScreen,Reflect,SpiritBreak,PartingShot|Careful||M|||50|]Arcanine-Hisui||HardStone|RockHead|FlareBlitz,RockSlide,HeadSmash,Protect|Adamant||M|||50|]Garchomp||LifeOrb|RoughSkin|Earthquake,DragonClaw,SwordsDance,Protect|Adamant||F|||50|]Gholdengo||SitrusBerry|GoodasGold|MakeItRain,ShadowBall,NastyPlot,Protect|Modest|||||50|]Maushold-Four||FocusSash|FriendGuard|FollowMe,SuperFang,Charm,Protect|Timid|||||50|
|j| probboffet yt
|
|t:|1782398099
|teamsize|p1|4
|teamsize|p2|4
|start
|switch|p1a: Staraptor|Staraptor, L50, F|100/100
|switch|p1b: Whimsicott|Whimsicott, L50, F|100/100
|switch|p2a: Gholdengo|Gholdengo, L50|100/100
|switch|p2b: Maushold|Maushold-Four, L50|100/100
|-ability|p1a: Staraptor|Intimidate|boost
|-unboost|p2a: Gholdengo|atk|1
|-unboost|p2b: Maushold|atk|1
|turn|1
|
|t:|1782398113
|detailschange|p1a: Staraptor|Staraptor-Mega, L50, F
|-mega|p1a: Staraptor|Staraptor|Staraptite
|move|p2b: Maushold|Protect|p2b: Maushold
|-singleturn|p2b: Maushold|Protect
|move|p1b: Whimsicott|Moonblast|p2b: Maushold
|-activate|p2b: Maushold|move: Protect
|move|p1a: Staraptor|Close Combat|p2b: Maushold
|-activate|p2b: Maushold|move: Protect
|move|p2a: Gholdengo|Nasty Plot|p2a: Gholdengo
|-boost|p2a: Gholdengo|spa|2
|
|upkeep
|turn|2
|
|t:|1782398127
|move|p1a: Staraptor|Protect|p1a: Staraptor
|-singleturn|p1a: Staraptor|Protect
|move|p1b: Whimsicott|Moonblast|p2b: Maushold
|-damage|p2b: Maushold|58/100
|move|p2b: Maushold|Super Fang|p1a: Staraptor
|-activate|p1a: Staraptor|move: Protect
|move|p2a: Gholdengo|Shadow Ball|p1a: Staraptor
|-activate|p1a: Staraptor|move: Protect
|
|upkeep
|turn|3
|
|t:|1782398147
|switch|p1a: Incineroar|Incineroar, L50, F|100/100
|-ability|p1a: Incineroar|Intimidate|boost
|-unboost|p2a: Gholdengo|atk|1
|-unboost|p2b: Maushold|atk|1
|move|p2b: Maushold|Protect|p2b: Maushold
|-singleturn|p2b: Maushold|Protect
|move|p1b: Whimsicott|Tailwind|p1b: Whimsicott
|-sidestart|p1: guyq|move: Tailwind
|move|p2a: Gholdengo|Nasty Plot|p2a: Gholdengo
|-boost|p2a: Gholdengo|spa|2
|
|upkeep
|turn|4
|
|t:|1782398163
|switch|p2b: Staraptor|Staraptor, L50, M|100/100
|-ability|p2b: Staraptor|Intimidate|boost
|-unboost|p1a: Incineroar|atk|1
|-unboost|p1b: Whimsicott|atk|1
|move|p1b: Whimsicott|Protect|p1b: Whimsicott
|-singleturn|p1b: Whimsicott|Protect
|move|p2a: Gholdengo|Protect|p2a: Gholdengo
|-singleturn|p2a: Gholdengo|Protect
|move|p1a: Incineroar|Flare Blitz|p2a: Gholdengo
|-activate|p2a: Gholdengo|move: Protect
|
|upkeep
|turn|5
|
|t:|1782398183
|switch|p2b: Maushold|Maushold-Four, L50|58/100
|move|p1b: Whimsicott|Moonblast|p2b: Maushold
|-damage|p2b: Maushold|11/100
|move|p1a: Incineroar|Flare Blitz|p2a: Gholdengo
|-supereffective|p2a: Gholdengo|1
|-damage|p2a: Gholdengo|50/100y
|-enditem|p2a: Gholdengo|Sitrus Berry|[eat]
|-heal|p2a: Gholdengo|74/100|[from] item: Sitrus Berry
|-damage|p1a: Incineroar|85/100|[from] Recoil
|move|p2a: Gholdengo|Shadow Ball|p1b: Whimsicott
|-enditem|p1b: Whimsicott|Focus Sash
|-damage|p1b: Whimsicott|1/100
|
|upkeep
|turn|6
|
|t:|1782398218
|move|p1b: Whimsicott|Protect|p1b: Whimsicott
|-singleturn|p1b: Whimsicott|Protect
|move|p2a: Gholdengo|Protect|p2a: Gholdengo
|-singleturn|p2a: Gholdengo|Protect
|move|p2b: Maushold|Charm|p1a: Incineroar
|-unboost|p1a: Incineroar|atk|2
|move|p1a: Incineroar|Throat Chop|p2b: Maushold
|-crit|p2b: Maushold
|-damage|p2b: Maushold|0 fnt
|faint|p2b: Maushold
|
|-sideend|p1: guyq|move: Tailwind
|upkeep
|
|t:|1782398232
|switch|p2b: Staraptor|Staraptor, L50, M|100/100
|-ability|p2b: Staraptor|Intimidate|boost
|-unboost|p1a: Incineroar|atk|1
|-unboost|p1b: Whimsicott|atk|1
|turn|7
|
|t:|1782398245
|detailschange|p2b: Staraptor|Staraptor-Mega, L50, M
|-mega|p2b: Staraptor|Staraptor|Staraptite
|move|p1b: Whimsicott|Tailwind|p1b: Whimsicott
|-sidestart|p1: guyq|move: Tailwind
|move|p1a: Incineroar|Flare Blitz|p2a: Gholdengo
|-supereffective|p2a: Gholdengo|1
|-damage|p2a: Gholdengo|41/100
|-damage|p1a: Incineroar|75/100|[from] Recoil
|move|p2b: Staraptor|Tailwind|p2b: Staraptor
|-sidestart|p2: JvinsVGC|move: Tailwind
|move|p2a: Gholdengo|Shadow Ball|p1b: Whimsicott
|-damage|p1b: Whimsicott|0 fnt
|faint|p1b: Whimsicott
|
|upkeep
|
|t:|1782398259
|switch|p1b: Staraptor|Staraptor-Mega, L50, F|100/100
|turn|8
|
|t:|1782398280
|move|p1b: Staraptor|Brave Bird|p2b: Staraptor
|-supereffective|p2b: Staraptor|1
|-damage|p2b: Staraptor|0 fnt
|faint|p2b: Staraptor
|-damage|p1b: Staraptor|64/100|[from] Recoil
|move|p2a: Gholdengo|Shadow Ball|p1b: Staraptor
|-damage|p1b: Staraptor|0 fnt
|faint|p1b: Staraptor
|move|p1a: Incineroar|Parting Shot|p1: Staraptor|[notarget]
|-fail|p1a: Incineroar
|
|upkeep
|
|t:|1782398292
|switch|p1b: Garchomp|Garchomp, L50, M|100/100
|switch|p2b: Grimmsnarl|Grimmsnarl, L50, M|100/100
|turn|9
|
|t:|1782398306
|move|p1b: Garchomp|Protect|p1b: Garchomp
|-singleturn|p1b: Garchomp|Protect
|move|p2a: Gholdengo|Protect|p2a: Gholdengo
|-singleturn|p2a: Gholdengo|Protect
|move|p2b: Grimmsnarl|Reflect|p2b: Grimmsnarl
|-sidestart|p2: JvinsVGC|Reflect
|move|p1a: Incineroar|Parting Shot|p2b: Grimmsnarl
|-unboost|p2b: Grimmsnarl|atk|1
|-unboost|p2b: Grimmsnarl|spa|1
|
|upkeep
|turn|10
|
|t:|1782398321
|move|p2b: Grimmsnarl|Parting Shot|p1b: Garchomp
|-unboost|p1b: Garchomp|atk|1
|-unboost|p1b: Garchomp|spa|1
|move|p1b: Garchomp|Earthquake|p2a: Gholdengo|[spread] p1a,p2a,p2b
|-supereffective|p1a: Incineroar|1
|-supereffective|p2a: Gholdengo|1
|-damage|p1a: Incineroar|19/100
|-damage|p2a: Gholdengo|0 fnt
|-damage|p2b: Grimmsnarl|75/100
|-enditem|p1a: Incineroar|Sitrus Berry|[eat]
|-heal|p1a: Incineroar|44/100|[from] item: Sitrus Berry
|faint|p2a: Gholdengo
|-damage|p1b: Garchomp|90/100|[from] item: Life Orb
|move|p1a: Incineroar|Flare Blitz|p2b: Grimmsnarl
|-damage|p2b: Grimmsnarl|61/100
|-damage|p1a: Incineroar|39/100|[from] Recoil
|
|-sideend|p2: JvinsVGC|move: Tailwind
|-sideend|p1: guyq|move: Tailwind
|upkeep
|turn|11
|-message|JvinsVGC forfeited.
|
|win|guyq
|l|☆JvinsVGC
|player|p2|
||guyq is ready for game 3.
||JvinsVGC is ready for game 3.
|uhtml|next|Next: Game 3 of 3
|l| probboffet yt
