|j|☆MegaJouleVGC
|j|☆Sylviana GL
|html|MegaJouleVGCSylviana GL    
|uhtml|bestof|Game 1 of a best-of-3
|t:|1784792126
|gametype|doubles
|player|p1|MegaJouleVGC|artist|1271
|player|p2|Sylviana GL|caitlin|1172
|gen|9
|tier|[Gen 9 Champions] VGC 2026 Reg M-B (Bo3)
|rated|
|rule|Species Clause: Limit one of each Pokémon
|rule|Item Clause: Limit 1 of each item
|clearpoke
|poke|p1|Staraptor, L50, M|
|poke|p1|Whimsicott, L50, M|
|poke|p1|Kingambit, L50, M|
|poke|p1|Toxapex, L50, F|
|poke|p1|Sinistcha, L50|
|poke|p1|Camerupt, L50, F|
|poke|p2|Aerodactyl, L50, M, shiny|
|poke|p2|Charizard, L50, M|
|poke|p2|Sylveon, L50, F|
|poke|p2|Garchomp, L50, F|
|poke|p2|Kingambit, L50, M|
|poke|p2|Incineroar, L50, M|
|teampreview|4
|showteam|p1|Staraptor||Staraptite|Intimidate|CloseCombat,BraveBird,Roost,Protect|Jolly||M|||50|]Whimsicott||FairyFeather|Prankster|Tailwind,Encore,Moonblast,Charm|Timid||M|||50|]Kingambit||FocusSash|Defiant|SuckerPunch,IronHead,SwordsDance,Protect|Adamant||M|||50|]Toxapex||Leftovers|Regenerator|WideGuard,Toxic,Infestation,BanefulBunker|Sassy||F|||50|]Sinistcha||CobaBerry|Hospitality|TrickRoom,RagePowder,MatchaGotcha,Protect|Relaxed|||||50|]Camerupt||Cameruptite|SolidRock|EarthPower,AncientPower,Eruption,Protect|Quiet||F|||50|
|showteam|p2|Aerodactyl||Aerodactylite|Unnerve|RockSlide,IceFang,Tailwind,WideGuard|Jolly||M|||50|]Charizard||CharizarditeY|Blaze|HeatWave,WeatherBall,SolarBeam,Protect|Modest||M|||50|]Sylveon||FairyFeather|Pixilate|HyperVoice,HyperBeam,QuickAttack,Detect|Modest||F|||50|]Garchomp||LifeOrb|RoughSkin|DragonClaw,Earthquake,StompingTantrum,Protect|Jolly||F|||50|]Kingambit||FocusSash|Defiant|SuckerPunch,KowtowCleave,IronHead,Protect|Adamant||M|||50|]Incineroar||SitrusBerry|Intimidate|FlareBlitz,ThroatChop,FakeOut,PartingShot|Impish||M|||50|
|inactive|Battle timer is ON: inactive players will automatically lose when time's up. (requested by MegaJouleVGC)
|inactive|MegaJouleVGC has 60 seconds left.
|inactive|MegaJouleVGC has 30 seconds left.
|inactive|MegaJouleVGC has 20 seconds left.
|inactive|MegaJouleVGC has 15 seconds left.
|
|t:|1784792203
|teamsize|p1|4
|teamsize|p2|4
|start
|switch|p1a: Kingambit|Kingambit, L50, M|100/100
|switch|p1b: Sinistcha|Sinistcha, L50|100/100
|switch|p2a: Aerodactyl|Aerodactyl, L50, M, shiny|100/100
|switch|p2b: Sylveon|Sylveon, L50, F|100/100
|-ability|p2a: Aerodactyl|Unnerve
|turn|1
|inactive|MegaJouleVGC has 30 seconds left.
|inactive|Sylviana GL has 30 seconds left.
|
|t:|1784792237
|switch|p2a: Charizard|Charizard, L50, M|100/100
|move|p2b: Sylveon|Detect|p2b: Sylveon
|-singleturn|p2b: Sylveon|Protect
|move|p1a: Kingambit|Iron Head|p2b: Sylveon
|-activate|p2b: Sylveon|move: Protect
|move|p1b: Sinistcha|Trick Room|p1b: Sinistcha
|-fieldstart|move: Trick Room|[of] p1b: Sinistcha
|
|upkeep
|turn|2
|inactive|MegaJouleVGC has 30 seconds left.
|
|t:|1784792267
|detailschange|p2a: Charizard|Charizard-Mega-Y, L50, M
|-mega|p2a: Charizard|Charizard|Charizardite Y
|-weather|SunnyDay|[from] ability: Drought|[of] p2a: Charizard
|move|p2b: Sylveon|Quick Attack|p1a: Kingambit
|-damage|p1a: Kingambit|89/100
|move|p1b: Sinistcha|Matcha Gotcha|p2b: Sylveon|[spread] p2a,p2b
|-resisted|p2a: Charizard|2
|-damage|p2a: Charizard|94/100
|-damage|p2b: Sylveon|81/100
|move|p1a: Kingambit|Iron Head|p2b: Sylveon
|-supereffective|p2b: Sylveon|1
|-damage|p2b: Sylveon|0 fnt
|faint|p2b: Sylveon
|move|p2a: Charizard|Heat Wave|p1b: Sinistcha|[spread] p1a,p1b
|-supereffective|p1a: Kingambit|1
|-supereffective|p1b: Sinistcha|1
|-damage|p1a: Kingambit|0 fnt
|-damage|p1b: Sinistcha|0 fnt
|faint|p1a: Kingambit
|faint|p1b: Sinistcha
|
|-weather|SunnyDay|[upkeep]
|upkeep
|
|t:|1784792282
|switch|p1b: Toxapex|Toxapex, L50, F|100/100
|switch|p2b: Garchomp|Garchomp, L50, F|100/100
|switch|p1a: Camerupt|Camerupt, L50, F|100/100
|turn|3
|inactive|MegaJouleVGC has 30 seconds left.
|inactive|Sylviana GL has 30 seconds left.
|
|t:|1784792315
|switch|p2a: Aerodactyl|Aerodactyl, L50, M, shiny|100/100
|-ability|p2a: Aerodactyl|Unnerve
|detailschange|p1a: Camerupt|Camerupt-Mega, L50, F
|-mega|p1a: Camerupt|Camerupt|Cameruptite
|move|p1b: Toxapex|Wide Guard|p1b: Toxapex
|-singleturn|p1b: Toxapex|Wide Guard
|move|p1a: Camerupt|Eruption|p2a: Aerodactyl|[spread] p2a,p2b
|-resisted|p2a: Aerodactyl|1
|-resisted|p2b: Garchomp|1
|-damage|p2a: Aerodactyl|40/100
|-damage|p2b: Garchomp|45/100
|move|p2b: Garchomp|Stomping Tantrum|p1a: Camerupt
|-supereffective|p1a: Camerupt|1
|-damage|p1a: Camerupt|0 fnt
|faint|p1a: Camerupt
|-damage|p2b: Garchomp|36/100|[from] item: Life Orb
|
|-weather|SunnyDay|[upkeep]
|upkeep
|turn|4
|inactive|Sylviana GL has 30 seconds left.
|
|t:|1784792343
|move|p2b: Garchomp|Protect|p2b: Garchomp
|-singleturn|p2b: Garchomp|Protect
|move|p1b: Toxapex|Toxic|p2b: Garchomp
|-activate|p2b: Garchomp|move: Protect
|move|p2a: Aerodactyl|Ice Fang|p1b: Toxapex
|-resisted|p1b: Toxapex|1
|-damage|p1b: Toxapex|92/100
|
|-weather|SunnyDay|[upkeep]
|-heal|p1b: Toxapex|98/100|[from] item: Leftovers
|upkeep
|turn|5
|
|t:|1784792358
|switch|p2b: Charizard|Charizard-Mega-Y, L50, M|94/100
|move|p1b: Toxapex|Toxic|p2b: Charizard
|-status|p2b: Charizard|tox
|move|p2a: Aerodactyl|Rock Slide|p1b: Toxapex
|-damage|p1b: Toxapex|75/100
|
|-weather|SunnyDay|[upkeep]
|-heal|p1b: Toxapex|81/100|[from] item: Leftovers
|-damage|p2b: Charizard|88/100 tox|[from] psn
|-fieldend|move: Trick Room
|upkeep
|turn|6
|inactive|Sylviana GL has 30 seconds left.
|
|t:|1784792391
|move|p1b: Toxapex|Baneful Bunker|p1b: Toxapex
|-singleturn|p1b: Toxapex|move: Protect
|move|p2a: Aerodactyl|Rock Slide|p1b: Toxapex
|-activate|p1b: Toxapex|move: Protect
|move|p2b: Charizard|Solar Beam||[still]
|-prepare|p2b: Charizard|Solar Beam
|-anim|p2b: Charizard|Solar Beam|p1b: Toxapex
|-activate|p1b: Toxapex|move: Protect
|
|-weather|none
|-heal|p1b: Toxapex|87/100|[from] item: Leftovers
|-damage|p2b: Charizard|76/100 tox|[from] psn
|upkeep
|turn|7
|
|t:|1784792404
|switch|p2b: Garchomp|Garchomp, L50, F|36/100
|move|p2a: Aerodactyl|Rock Slide|p1b: Toxapex
|-damage|p1b: Toxapex|65/100
|move|p1b: Toxapex|Infestation|p2a: Aerodactyl
|-resisted|p2a: Aerodactyl|1
|-damage|p2a: Aerodactyl|38/100
|-activate|p2a: Aerodactyl|move: Infestation|[of] p1b: Toxapex
|
|-heal|p1b: Toxapex|71/100|[from] item: Leftovers
|-damage|p2a: Aerodactyl|26/100|[from] move: Infestation|[partiallytrapped]
|upkeep
|turn|8
|
|t:|1784792414
|move|p1b: Toxapex|Baneful Bunker|p1b: Toxapex
|-singleturn|p1b: Toxapex|move: Protect
|move|p2a: Aerodactyl|Rock Slide|p1b: Toxapex
|-activate|p1b: Toxapex|move: Protect
|move|p2b: Garchomp|Stomping Tantrum|p1b: Toxapex
|-activate|p1b: Toxapex|move: Protect
|-status|p2b: Garchomp|psn
|
|-heal|p1b: Toxapex|77/100|[from] item: Leftovers
|-damage|p2b: Garchomp|24/100 psn|[from] psn
|-damage|p2a: Aerodactyl|14/100|[from] move: Infestation|[partiallytrapped]
|upkeep
|turn|9
|
|t:|1784792431
|move|p2a: Aerodactyl|Rock Slide|p1b: Toxapex
|-damage|p1b: Toxapex|53/100
|move|p2b: Garchomp|Stomping Tantrum|p1b: Toxapex
|-supereffective|p1b: Toxapex|1
|-damage|p1b: Toxapex|0 fnt
|faint|p1b: Toxapex
|-damage|p2b: Garchomp|14/100 psn|[from] item: Life Orb
|
|win|Sylviana GL
||MegaJouleVGC is ready for game 2.
||Sylviana GL is ready for game 2.
|uhtml|next|Next: Game 2 of 3
|l|☆MegaJouleVGC
|player|p1|
