|j|☆KrsCrossAppleSauce
|j|☆Sincubii
|html|KrsCrossAppleSauceSincubii    
|uhtml|bestof|Game 1 of a best-of-3
|t:|1756293947
|gametype|doubles
|player|p1|KrsCrossAppleSauce|green|1191
|player|p2|Sincubii|palmer|1175
|gen|9
|tier|[Gen 9] VGC 2025 Reg H (Bo3)
|rated|
|rule|Species Clause: Limit one of each Pokémon
|rule|Item Clause: Limit 1 of each item
|clearpoke
|poke|p1|Sneasler, L50, M|
|poke|p1|Gholdengo, L50|
|poke|p1|Dondozo, L50, F|
|poke|p1|Rillaboom, L50, M|
|poke|p1|Volcarona, L50, M|
|poke|p1|Electabuzz, L50, M|
|poke|p2|Weavile, L50, F|
|poke|p2|Rillaboom, L50, M|
|poke|p2|Magnezone, L50|
|poke|p2|Dragonite, L50, F|
|poke|p2|Ursaluna-Bloodmoon, L50, M|
|poke|p2|Infernape, L50, F|
|teampreview|4
|showteam|p1|Sneasler||FocusSash|PoisonTouch|FakeOut,DireClaw,CloseCombat,Protect|||M|||50|,,,,,Dark]Gholdengo||LifeOrb|GoodasGold|MakeItRain,ShadowBall,NastyPlot,Protect||||||50|,,,,,Water]Dondozo||Leftovers|Unaware|WaveCrash,Yawn,Fissure,Protect|||F|||50|,,,,,Steel]Rillaboom||AssaultVest|GrassySurge|FakeOut,WoodHammer,GrassyGlide,HighHorsepower|||M|||50|,,,,,Fire]Volcarona||CovertCloak|FlameBody|HeatWave,QuiverDance,TeraBlast,Protect|||M|||50|,,,,,Fairy]Electabuzz||Eviolite|VitalSpirit|Thunderbolt,FollowMe,Taunt,Protect|||M|||50|,,,,,Ghost
|showteam|p2|Weavile||LifeOrb|Pressure|IceSpinner,FakeOut,KnockOff,IceShard|||F|||50|,,,,,Ghost]Rillaboom||MiracleSeed|GrassySurge|FakeOut,GrassyGlide,WoodHammer,Protect|||M|||50|,,,,,Grass]Magnezone||ChoiceSpecs|Analytic|VoltSwitch,Electroweb,Thunderbolt,FlashCannon||||||50|,,,,,Grass]Dragonite||LoadedDice|Multiscale|Protect,ScaleShot,Tailwind,Haze|||F|||50|,,,,,Fairy]Ursaluna-Bloodmoon||AssaultVest|MindsEye|BloodMoon,HyperVoice,EarthPower,VacuumWave|||M|||50|,,,,,Normal]Infernape||FocusSash|Blaze|MachPunch,Overheat,CloseCombat,FakeOut|||F|||50|,,,,,Fire
|
|t:|1756294023
|teamsize|p1|4
|teamsize|p2|4
|start
|switch|p1a: Volcarona|Volcarona, L50, M|100/100
|switch|p1b: Rillaboom|Rillaboom, L50, M|100/100
|switch|p2a: Weavile|Weavile, L50, F|100/100
|switch|p2b: Dragonite|Dragonite, L50, F|100/100
|-ability|p2a: Weavile|Pressure
|-fieldstart|move: Grassy Terrain|[from] ability: Grassy Surge|[of] p1b: Rillaboom
|turn|1
|
|t:|1756294041
|-terastallize|p1a: Volcarona|Fairy
|move|p2a: Weavile|Fake Out|p1b: Rillaboom
|-damage|p1b: Rillaboom|81/100
|-damage|p2a: Weavile|91/100|[from] item: Life Orb
|cant|p1b: Rillaboom|flinch
|move|p1a: Volcarona|Quiver Dance|p1a: Volcarona
|-boost|p1a: Volcarona|spa|1
|-boost|p1a: Volcarona|spd|1
|-boost|p1a: Volcarona|spe|1
|move|p2b: Dragonite|Scale Shot|p1a: Volcarona
|-immune|p1a: Volcarona
|
|-heal|p2a: Weavile|97/100|[from] Grassy Terrain
|-heal|p1b: Rillaboom|87/100|[from] Grassy Terrain
|upkeep
|turn|2
|inactive|Battle timer is ON: inactive players will automatically lose when time's up. (requested by Sincubii)
|
|t:|1756294079
|move|p2a: Weavile|Ice Shard|p1b: Rillaboom
|-supereffective|p1b: Rillaboom
|-damage|p1b: Rillaboom|35/100
|-damage|p2a: Weavile|87/100|[from] item: Life Orb
|move|p1b: Rillaboom|Grassy Glide|p2b: Dragonite
|-resisted|p2b: Dragonite
|-damage|p2b: Dragonite|96/100
|move|p1a: Volcarona|Heat Wave|p2a: Weavile|[spread] p2b
|-miss|p1a: Volcarona|p2a: Weavile
|-resisted|p2b: Dragonite
|-damage|p2b: Dragonite|72/100
|move|p2b: Dragonite|Haze|p2b: Dragonite
|-clearallboost
|
|-heal|p2a: Weavile|94/100|[from] Grassy Terrain
|-heal|p1b: Rillaboom|41/100|[from] Grassy Terrain
|upkeep
|turn|3
|
|t:|1756294094
|switch|p1b: Dondozo|Dondozo, L50, F|100/100
|move|p2a: Weavile|Ice Spinner|p1b: Dondozo
|-resisted|p1b: Dondozo
|-damage|p1b: Dondozo|86/100
|-fieldend|move: Grassy Terrain
|-damage|p2a: Weavile|84/100|[from] item: Life Orb
|move|p1a: Volcarona|Heat Wave|p2a: Weavile|[spread] p2b
|-miss|p1a: Volcarona|p2a: Weavile
|-resisted|p2b: Dragonite
|-damage|p2b: Dragonite|57/100
|move|p2b: Dragonite|Scale Shot|p1a: Volcarona
|-immune|p1a: Volcarona
|
|-heal|p1b: Dondozo|93/100|[from] item: Leftovers
|upkeep
|turn|4
|
|t:|1756294114
|move|p2a: Weavile|Knock Off|p1b: Dondozo
|-damage|p1b: Dondozo|62/100
|-enditem|p1b: Dondozo|Leftovers|[from] move: Knock Off|[of] p2a: Weavile
|-damage|p2a: Weavile|74/100|[from] item: Life Orb
|move|p1a: Volcarona|Heat Wave|p2b: Dragonite|[spread] p2a,p2b
|-supereffective|p2a: Weavile
|-resisted|p2b: Dragonite
|-damage|p2a: Weavile|0 fnt
|-damage|p2b: Dragonite|39/100
|faint|p2a: Weavile
|move|p2b: Dragonite|Tailwind|p2b: Dragonite
|-sidestart|p2: Sincubii|move: Tailwind
|move|p1b: Dondozo|Yawn|p2b: Dragonite
|-start|p2b: Dragonite|move: Yawn|[of] p1b: Dondozo
|
|upkeep
|
|t:|1756294120
|switch|p2a: Magnezone|Magnezone, L50|100/100
|turn|5
|
|t:|1756294130
|switch|p2b: Ursaluna|Ursaluna-Bloodmoon, L50, M|100/100
|move|p1a: Volcarona|Protect|p1a: Volcarona
|-singleturn|p1a: Volcarona|Protect
|move|p2a: Magnezone|Flash Cannon|p1a: Volcarona
|-activate|p1a: Volcarona|move: Protect
|move|p1b: Dondozo|Yawn|p2a: Magnezone
|-start|p2a: Magnezone|move: Yawn|[of] p1b: Dondozo
|
|upkeep
|turn|6
|
|t:|1756294140
|switch|p2a: Dragonite|Dragonite, L50, F|39/100
|switch|p1a: Rillaboom|Rillaboom, L50, M|41/100
|-fieldstart|move: Grassy Terrain|[from] ability: Grassy Surge|[of] p1a: Rillaboom
|move|p2b: Ursaluna|Blood Moon|p1b: Dondozo
|-damage|p1b: Dondozo|0 fnt
|faint|p1b: Dondozo
|
|-heal|p1a: Rillaboom|47/100|[from] Grassy Terrain
|upkeep
|
|t:|1756294146
|switch|p1b: Sneasler|Sneasler, L50, M|100/100
|turn|7
|
|t:|1756294163
|move|p1b: Sneasler|Fake Out|p2a: Dragonite
|-damage|p2a: Dragonite|26/100
|cant|p2a: Dragonite|flinch
|move|p2b: Ursaluna|Hyper Voice|p1b: Sneasler|[spread] p1a,p1b
|-damage|p1a: Rillaboom|17/100
|-damage|p1b: Sneasler|44/100
|move|p1a: Rillaboom|Wood Hammer|p2b: Ursaluna
|-supereffective|p2b: Ursaluna
|-damage|p2b: Ursaluna|0 fnt
|faint|p2b: Ursaluna
|-damage|p1a: Rillaboom|0 fnt|[from] Recoil
|faint|p1a: Rillaboom
|
|-heal|p1b: Sneasler|50/100|[from] Grassy Terrain
|-sideend|p2: Sincubii|move: Tailwind
|upkeep
|
|t:|1756294178
|switch|p1a: Volcarona|Volcarona, L50, M, tera:Fairy|100/100
|switch|p2b: Magnezone|Magnezone, L50|100/100
|turn|8
|
|t:|1756294195
|-terastallize|p2b: Magnezone|Grass
|move|p1b: Sneasler|Dire Claw|p2a: Dragonite
|-damage|p2a: Dragonite|0 fnt
|faint|p2a: Dragonite
|move|p1a: Volcarona|Heat Wave|p2b: Magnezone
|-supereffective|p2b: Magnezone
|-damage|p2b: Magnezone|0 fnt
|faint|p2b: Magnezone
|
|win|KrsCrossAppleSauce
