|j|☆lettitripppp
|j|☆Gastrosophilipp
|html|lettitrippppGastrosophilipp    
|uhtml|bestof|Game 1 of a best-of-3
|t:|1783110548
|gametype|doubles
|player|p1|lettitripppp|lucas|1197
|player|p2|Gastrosophilipp|juan|1175
|gen|9
|tier|[Gen 9 Champions] VGC 2026 Reg M-B (Bo3)
|rated|
|rule|Species Clause: Limit one of each Pokémon
|rule|Item Clause: Limit 1 of each item
|clearpoke
|poke|p1|Charizard, L50, M|
|poke|p1|Floette-Eternal, L50, F|
|poke|p1|Basculegion, L50, M, shiny|
|poke|p1|Garchomp, L50, M|
|poke|p1|Whimsicott, L50, F, shiny|
|poke|p1|Kingambit, L50, M|
|poke|p2|Tyranitar, L50, M|
|poke|p2|Excadrill, L50, M|
|poke|p2|Corviknight, L50, F|
|poke|p2|Hydreigon, L50, M|
|poke|p2|Venusaur, L50, F|
|poke|p2|Sneasler, L50, M|
|teampreview|4
|showteam|p1|Charizard||CharizarditeY|Blaze|WeatherBall,SolarBeam,HeatWave,Protect|Modest||M|||50|]Floette-Eternal||Floettite|FlowerVeil|DazzlingGleam,LightofRuin,Moonblast,Protect|Timid||F|||50|]Basculegion||MysticWater|Adaptability|LastRespects,WaveCrash,AquaJet,Protect|Adamant||M|||50|]Garchomp||LifeOrb|RoughSkin|DragonClaw,Earthquake,RockSlide,Protect|Jolly||M|||50|]Whimsicott||FocusSash|Prankster|Moonblast,Tailwind,Encore,Protect|Timid||F|||50|]Kingambit||OccaBerry|Defiant|KowtowCleave,SuckerPunch,IronHead,LowKick|Adamant||M|||50|
|showteam|p2|Tyranitar||Tyranitarite|SandStream|RockSlide,KnockOff,Protect,LowKick|Adamant||M|||50|]Excadrill||FocusSash|SandRush|IronHead,RockSlide,HighHorsepower,Protect|Adamant||M|||50|]Corviknight||Leftovers|Unnerve|Tailwind,BodyPress,Roost,BraveBird|Adamant||F|||50|]Hydreigon||ChoiceScarf|Levitate|DracoMeteor,DarkPulse,Flamethrower,EarthPower|Modest||M|||50|]Venusaur||Venusaurite|Chlorophyll|SludgeBomb,EarthPower,GigaDrain,Protect|Timid||F|||50|]Sneasler||WhiteHerb|Unburden|CloseCombat,DireClaw,FakeOut,ThroatChop|Jolly||M|||50|
|inactive|Battle timer is ON: inactive players will automatically lose when time's up. (requested by Gastrosophilipp)
|inactive|lettitripppp also wants the timer to be on.
|inactive|Gastrosophilipp has 60 seconds left.
|inactive|Gastrosophilipp has 30 seconds left.
|inactive|Gastrosophilipp has 20 seconds left.
|inactive|Gastrosophilipp has 15 seconds left.
|inactive|Gastrosophilipp has 10 seconds left.
|inactive|Gastrosophilipp has 5 seconds left.
|
|t:|1783110637
|teamsize|p1|4
|teamsize|p2|4
|start
|switch|p1a: CRUSH SHARK|Garchomp, L50, M|100/100
|switch|p1b: LETS GO GO|Whimsicott, L50, F, shiny|100/100
|switch|p2a: Sneasler|Sneasler, L50, M|100/100
|switch|p2b: Tyranitar|Tyranitar, L50, M|100/100
|-weather|Sandstorm|[from] ability: Sand Stream|[of] p2b: Tyranitar
|turn|1
|inactive|Gastrosophilipp has 30 seconds left.
|inactive|Gastrosophilipp has 20 seconds left.
|inactive|Gastrosophilipp has 15 seconds left.
|inactive|Gastrosophilipp has 10 seconds left.
|inactive|Gastrosophilipp has 5 seconds left.
|
|t:|1783110691
|switch|p2b: Corviknight|Corviknight, L50, F|100/100
|-ability|p2b: Corviknight|Unnerve
|move|p1b: LETS GO GO|Protect|p1b: LETS GO GO
|-singleturn|p1b: LETS GO GO|Protect
|move|p1a: CRUSH SHARK|Protect|p1a: CRUSH SHARK
|-singleturn|p1a: CRUSH SHARK|Protect
|move|p2a: Sneasler|Fake Out|p1b: LETS GO GO
|-activate|p1b: LETS GO GO|move: Protect
|
|-weather|Sandstorm|[upkeep]
|-damage|p2a: Sneasler|94/100|[from] Sandstorm
|-damage|p1b: LETS GO GO|94/100|[from] Sandstorm
|upkeep
|turn|2
|inactive|Gastrosophilipp has 30 seconds left.
|inactive|Gastrosophilipp has 20 seconds left.
|inactive|Gastrosophilipp has 15 seconds left.
|inactive|Gastrosophilipp has 10 seconds left.
|
|t:|1783110737
|move|p1b: LETS GO GO|Tailwind|p1b: LETS GO GO
|-sidestart|p1: lettitripppp|move: Tailwind
|move|p1a: CRUSH SHARK|Earthquake|p2a: Sneasler|[spread] p1b,p2a
|-immune|p2b: Corviknight
|-resisted|p1b: LETS GO GO|1
|-supereffective|p2a: Sneasler|1
|-damage|p1b: LETS GO GO|60/100
|-damage|p2a: Sneasler|0 fnt
|faint|p2a: Sneasler
|-damage|p1a: CRUSH SHARK|90/100|[from] item: Life Orb
|move|p2b: Corviknight|Tailwind|p2b: Corviknight
|-sidestart|p2: Gastrosophilipp|move: Tailwind
|
|-weather|Sandstorm|[upkeep]
|-damage|p1b: LETS GO GO|55/100|[from] Sandstorm
|upkeep
|inactive|Gastrosophilipp has 30 seconds left.
|
|t:|1783110765
|switch|p2a: Excadrill|Excadrill, L50, M|100/100
|turn|3
|inactive|Gastrosophilipp has 30 seconds left.
|inactive|Gastrosophilipp has 20 seconds left.
|
|t:|1783110803
|move|p1b: LETS GO GO|Encore|p2b: Corviknight
|-start|p2b: Corviknight|Encore
|move|p2a: Excadrill|High Horsepower|p1a: CRUSH SHARK
|-damage|p1a: CRUSH SHARK|39/100
|-damage|p2a: Excadrill|87/100|[from] ability: Rough Skin|[of] p1a: CRUSH SHARK
|move|p1a: CRUSH SHARK|Earthquake|p2b: Corviknight|[spread] p1b,p2a
|-immune|p2b: Corviknight
|-resisted|p1b: LETS GO GO|1
|-supereffective|p2a: Excadrill|1
|-damage|p1b: LETS GO GO|18/100
|-damage|p2a: Excadrill|0 fnt
|faint|p2a: Excadrill
|-damage|p1a: CRUSH SHARK|29/100|[from] item: Life Orb
|move|p2b: Corviknight|Tailwind||[still]
|-fail|p2b: Corviknight
|
|-weather|Sandstorm|[upkeep]
|-damage|p1b: LETS GO GO|12/100|[from] Sandstorm
|upkeep
|
|t:|1783110819
|switch|p2a: Tyranitar|Tyranitar, L50, M|100/100
|turn|4
|
|t:|1783110844
|detailschange|p2a: Tyranitar|Tyranitar-Mega, L50, M
|-mega|p2a: Tyranitar|Tyranitar|Tyranitarite
|move|p1b: LETS GO GO|Moonblast|p2a: Tyranitar
|-supereffective|p2a: Tyranitar|1
|-damage|p2a: Tyranitar|72/100
|move|p1a: CRUSH SHARK|Earthquake|p2a: Tyranitar|[spread] p1b,p2a
|-immune|p2b: Corviknight
|-resisted|p1b: LETS GO GO|1
|-crit|p1b: LETS GO GO
|-supereffective|p2a: Tyranitar|1
|-damage|p1b: LETS GO GO|0 fnt
|-damage|p2a: Tyranitar|5/100
|faint|p1b: LETS GO GO
|-damage|p1a: CRUSH SHARK|19/100|[from] item: Life Orb
|move|p2a: Tyranitar|Knock Off|p1a: CRUSH SHARK
|-damage|p1a: CRUSH SHARK|0 fnt
|-damage|p2a: Tyranitar|0 fnt|[from] ability: Rough Skin|[of] p1a: CRUSH SHARK
|-enditem|p1a: CRUSH SHARK|Life Orb|[from] move: Knock Off|[of] p2a: Tyranitar
|faint|p1a: CRUSH SHARK
|faint|p2a: Tyranitar
|move|p2b: Corviknight|Tailwind||[still]
|-fail|p2b: Corviknight
|
|-weather|Sandstorm|[upkeep]
|upkeep
|
|t:|1783110858
|switch|p1b: AGNI|Charizard, L50, M|100/100
|switch|p1a: GHOSTWAVE|Basculegion, L50, M, shiny|100/100
|turn|5
|-message|Gastrosophilipp forfeited.
|
|win|lettitripppp
||Gastrosophilipp is ready for game 2.
