|j|‽SomeKidJon
|j|☆Mashuno
|html|SomeKidJonMashuno    
|uhtml|bestof|Game 3 of a best-of-3
|t:|1784419051
|gametype|doubles
|player|p1|SomeKidJon|scientistf|1277
|player|p2|Mashuno|harlequin|1181
|gen|9
|tier|[Gen 9 Champions] VGC 2026 Reg M-B (Bo3)
|rated|
|rule|Species Clause: Limit one of each Pokémon
|rule|Item Clause: Limit 1 of each item
|clearpoke
|poke|p1|Tyranitar, L50, F|
|poke|p1|Excadrill, L50, M|
|poke|p1|Corviknight, L50, M|
|poke|p1|Basculegion, L50, M|
|poke|p1|Tsareena, L50, F|
|poke|p1|Lopunny, L50, M|
|poke|p2|Blastoise, L50, F|
|poke|p2|Tsareena, L50, F|
|poke|p2|Maushold, L50|
|poke|p2|Garchomp, L50, F|
|poke|p2|Kingambit, L50, M|
|poke|p2|Talonflame, L50, F|
|teampreview|4
|showteam|p1|Tyranitar||Tyranitarite|SandStream|Protect,DragonDance,KnockOff,RockSlide|Adamant||F|||50|]Excadrill||FocusSash|SandRush|IronHead,Protect,HighHorsepower,RockSlide|Adamant||M|||50|]Corviknight||Leftovers|MirrorArmor|BulkUp,Roost,BraveBird,BodyPress|Careful||M|||50|]Basculegion||ChoiceScarf|Adaptability|AquaJet,LastRespects,WaveCrash,FlipTurn|Adamant||M|||50|]Tsareena||WideLens|QueenlyMajesty|Protect,TripleAxel,PowerWhip,LowKick|Adamant||F|||50|]Lopunny||Lopunnite|Limber|CloseCombat,FakeOut,AfterYou,TripleAxel|Jolly||M|||50|
|showteam|p2|Blastoise||Blastoisinite|Torrent|Protect,ShellSmash,WaterSpout,DarkPulse|Modest||F|||50|]Tsareena||WideLens|QueenlyMajesty|Protect,PowerWhip,TripleAxel,KnockOff|Jolly||F|||50|]Maushold||SitrusBerry|FriendGuard|Protect,FollowMe,SuperFang,ThunderWave|Jolly|||||50|]Garchomp||LifeOrb|RoughSkin|Protect,DragonClaw,Earthquake,RockSlide|Jolly||F|||50|]Kingambit||ChopleBerry|Defiant|Protect,KowtowCleave,SuckerPunch,IronHead|Adamant||M|||50|]Talonflame||FocusSash|GaleWings|Protect,DualWingbeat,Tailwind,RainDance|Jolly||F|||50|
|
|t:|1784419080
|teamsize|p1|4
|teamsize|p2|4
|start
|switch|p1a: Corviknight|Corviknight, L50, M|100/100
|switch|p1b: Lopunny|Lopunny, L50, M|100/100
|switch|p2a: Blastoise|Blastoise, L50, F|100/100
|switch|p2b: Talonflame|Talonflame, L50, F|100/100
|turn|1
|
|t:|1784419097
|detailschange|p1b: Lopunny|Lopunny-Mega, L50, M
|-mega|p1b: Lopunny|Lopunny|Lopunnite
|detailschange|p2a: Blastoise|Blastoise-Mega, L50, F
|-mega|p2a: Blastoise|Blastoise|Blastoisinite
|move|p1b: Lopunny|Fake Out|p2a: Blastoise
|-damage|p2a: Blastoise|79/100
|move|p2b: Talonflame|Tailwind|p2b: Talonflame
|-sidestart|p2: Mashuno|move: Tailwind
|cant|p2a: Blastoise|flinch
|move|p1a: Corviknight|Bulk Up|p1a: Corviknight
|-boost|p1a: Corviknight|atk|1
|-boost|p1a: Corviknight|def|1
|
|upkeep
|turn|2
|
|t:|1784419111
|switch|p1b: Basculegion|Basculegion, L50, M|100/100
|move|p2b: Talonflame|Rain Dance|p2b: Talonflame
|-weather|RainDance
|move|p2a: Blastoise|Water Spout|p1a: Corviknight|[spread] p1a,p1b
|-resisted|p1b: Basculegion|1
|-crit|p1b: Basculegion
|-damage|p1a: Corviknight|37/100
|-damage|p1b: Basculegion|37/100
|move|p1a: Corviknight|Brave Bird|p2a: Blastoise
|-damage|p2a: Blastoise|31/100
|-damage|p1a: Corviknight|23/100|[from] Recoil
|
|-weather|RainDance|[upkeep]
|-heal|p1a: Corviknight|29/100|[from] item: Leftovers
|upkeep
|turn|3
|
|t:|1784419129
|move|p2b: Talonflame|Dual Wingbeat|p1b: Basculegion
|-damage|p1b: Basculegion|21/100
|-damage|p1b: Basculegion|6/100
|-hitcount|p1b: Basculegion|2
|move|p1b: Basculegion|Aqua Jet|p2b: Talonflame
|-supereffective|p2b: Talonflame|1
|-damage|p2b: Talonflame|1/100
|move|p2a: Blastoise|Dark Pulse|p1a: Corviknight
|-damage|p1a: Corviknight|0 fnt
|faint|p1a: Corviknight
|
|-weather|RainDance|[upkeep]
|upkeep
|
|t:|1784419135
|switch|p1a: Tyranitar|Tyranitar, L50, F|100/100
|-weather|Sandstorm|[from] ability: Sand Stream|[of] p1a: Tyranitar
|turn|4
|
|t:|1784419176
|switch|p2b: Tsareena|Tsareena, L50, F|100/100
|switch|p1b: Lopunny|Lopunny-Mega, L50, M|100/100
|move|p1a: Tyranitar|Protect|p1a: Tyranitar
|-singleturn|p1a: Tyranitar|Protect
|move|p2a: Blastoise|Dark Pulse|p1b: Lopunny
|-resisted|p1b: Lopunny|1
|-crit|p1b: Lopunny
|-damage|p1b: Lopunny|57/100
|
|-weather|Sandstorm|[upkeep]
|-damage|p2b: Tsareena|94/100|[from] Sandstorm
|-damage|p2a: Blastoise|25/100|[from] Sandstorm
|-damage|p1b: Lopunny|51/100|[from] Sandstorm
|-sideend|p2: Mashuno|move: Tailwind
|upkeep
|turn|5
|
|t:|1784419201
|move|p1b: Lopunny|Triple Axel|p2b: Tsareena
|-supereffective|p2b: Tsareena|1
|-damage|p2b: Tsareena|74/100
|-supereffective|p2b: Tsareena|1
|-damage|p2b: Tsareena|41/100
|-supereffective|p2b: Tsareena|1
|-damage|p2b: Tsareena|0 fnt
|faint|p2b: Tsareena
|-hitcount|p2: Tsareena|3
|move|p1a: Tyranitar|Dragon Dance|p1a: Tyranitar
|-boost|p1a: Tyranitar|atk|1
|-boost|p1a: Tyranitar|spe|1
|move|p2a: Blastoise|Shell Smash|p2a: Blastoise
|-unboost|p2a: Blastoise|def|1
|-unboost|p2a: Blastoise|spd|1
|-boost|p2a: Blastoise|atk|2
|-boost|p2a: Blastoise|spa|2
|-boost|p2a: Blastoise|spe|2
|
|-weather|Sandstorm|[upkeep]
|-damage|p2a: Blastoise|19/100|[from] Sandstorm
|-damage|p1b: Lopunny|45/100|[from] Sandstorm
|upkeep
|
|t:|1784419247
|switch|p2b: Garchomp|Garchomp, L50, F|100/100
|turn|6
|
|t:|1784419260
|switch|p1b: Basculegion|Basculegion, L50, M|6/100
|move|p2a: Blastoise|Protect|p2a: Blastoise
|-singleturn|p2a: Blastoise|Protect
|move|p1a: Tyranitar|Protect|p1a: Tyranitar
|-singleturn|p1a: Tyranitar|Protect
|move|p2b: Garchomp|Earthquake|p1a: Tyranitar|[spread] p1b
|-activate|p2a: Blastoise|move: Protect
|-activate|p1a: Tyranitar|move: Protect
|-damage|p1b: Basculegion|0 fnt
|faint|p1b: Basculegion
|-damage|p2b: Garchomp|90/100|[from] item: Life Orb
|
|-weather|Sandstorm|[upkeep]
|-damage|p2a: Blastoise|13/100|[from] Sandstorm
|upkeep
|
|t:|1784419263
|switch|p1b: Lopunny|Lopunny-Mega, L50, M|45/100
|turn|7
|
|t:|1784419292
|move|p1b: Lopunny|Fake Out|p2b: Garchomp
|-damage|p2b: Garchomp|68/100
|-damage|p1b: Lopunny|33/100|[from] ability: Rough Skin|[of] p2b: Garchomp
|move|p2a: Blastoise|Dark Pulse|p1b: Lopunny
|-resisted|p1b: Lopunny|1
|-damage|p1b: Lopunny|0 fnt
|faint|p1b: Lopunny
|move|p1a: Tyranitar|Dragon Dance|p1a: Tyranitar
|-boost|p1a: Tyranitar|atk|1
|-boost|p1a: Tyranitar|spe|1
|cant|p2b: Garchomp|flinch
|
|-weather|Sandstorm|[upkeep]
|-damage|p2a: Blastoise|6/100|[from] Sandstorm
|upkeep
|turn|8
|
|t:|1784419333
|move|p2b: Garchomp|Protect|p2b: Garchomp
|-singleturn|p2b: Garchomp|Protect
|move|p1a: Tyranitar|Knock Off|p2b: Garchomp
|-activate|p2b: Garchomp|move: Protect
|move|p2a: Blastoise|Dark Pulse|p1a: Tyranitar
|-resisted|p1a: Tyranitar|1
|-damage|p1a: Tyranitar|70/100
|
|-weather|none
|upkeep
|turn|9
|
|t:|1784419346
|switch|p2b: Talonflame|Talonflame, L50, F|1/100
|move|p1a: Tyranitar|Knock Off|p2b: Talonflame
|-damage|p2b: Talonflame|0 fnt
|-enditem|p2b: Talonflame|Focus Sash|[from] move: Knock Off|[of] p1a: Tyranitar
|faint|p2b: Talonflame
|move|p2a: Blastoise|Water Spout|p1a: Tyranitar
|-supereffective|p1a: Tyranitar|1
|-damage|p1a: Tyranitar|41/100
|
|upkeep
|
|t:|1784419356
|switch|p2b: Garchomp|Garchomp, L50, F|68/100
|turn|10
|
|t:|1784419371
|move|p1a: Tyranitar|Knock Off|p2a: Blastoise
|-damage|p2a: Blastoise|0 fnt
|faint|p2a: Blastoise
|move|p2b: Garchomp|Dragon Claw|p1a: Tyranitar
|-damage|p1a: Tyranitar|0 fnt
|faint|p1a: Tyranitar
|-damage|p2b: Garchomp|58/100|[from] item: Life Orb
|
|win|Mashuno
|raw|SomeKidJon's rating: 1277 → 1245(-32 for losing)
|raw|Mashuno's rating: 1181 → 1213(+32 for winning)
|c|☆Mashuno|ggs
|l|‽SomeKidJon
|player|p1|
