|j|☆negativeholo
|j|☆finalbossbackwiper
|html|negativeholofinalbossbackwiper    
|uhtml|bestof|Game 1 of a best-of-3
|t:|1782236519
|gametype|doubles
|player|p1|negativeholo|steven|1040
|player|p2|finalbossbackwiper|1|1000
|gen|9
|tier|[Gen 9 Champions] VGC 2026 Reg M-B (Bo3)
|rated|
|rule|Species Clause: Limit one of each Pokémon
|rule|Item Clause: Limit 1 of each item
|clearpoke
|poke|p1|Charizard, L50, F|
|poke|p1|Whimsicott, L50, M|
|poke|p1|Kingambit, L50, M|
|poke|p1|Garchomp, L50, F|
|poke|p1|Venusaur, L50, M|
|poke|p1|Floette-Eternal, L50, F|
|poke|p2|Charizard, L50, F|
|poke|p2|Torkoal, L50, F|
|poke|p2|Sinistcha, L50|
|poke|p2|Milotic, L50, M|
|poke|p2|Sneasler, L50, M|
|poke|p2|Manectric, L50, M|
|teampreview|4
|showteam|p1|Charizard||CharizarditeY|Blaze|HeatWave,SolarBeam,Hurricane,Protect|Timid||F|||50|]Whimsicott||FocusSash|Prankster|Tailwind,Encore,Protect,Moonblast|Bold||M|||50|]Kingambit||BlackGlasses|Defiant|SuckerPunch,KowtowCleave,IronHead,Protect|Adamant||M|||50|]Garchomp||ExpertBelt|RoughSkin|Earthquake,RockSlide,IronHead,Protect|Jolly||F|||50|]Venusaur||LifeOrb|Chlorophyll|SolarBeam,SludgeBomb,WeatherBall,Protect|Modest||M|||50|]Floette-Eternal||Floettite|FlowerVeil|LightofRuin,Moonblast,DazzlingGleam,Protect|Timid||F|||50|
|showteam|p2|Charizard||CharizarditeX|Blaze|FlameCharge,BreakingSwipe,SwordsDance,Protect|Adamant||F|||50|]Torkoal||Charcoal|Drought|Eruption,WeatherBall,HelpingHand,Protect|Quiet||F|||50|]Sinistcha||KasibBerry|Hospitality|EnergyBall,RagePowder,TrickRoom,Protect|Calm|||||50|]Milotic||Leftovers|Competitive|Scald,IceBeam,Recover,Protect|Modest||M|||50|]Sneasler||FocusSash|PoisonTouch|PoisonJab,CloseCombat,FakeOut,Protect|Adamant||M|||50|]Manectric||Manectite|LightningRod|Thunderbolt,VoltSwitch,EerieImpulse,Protect|Timid||M|||50|
|inactive|Battle timer is ON: inactive players will automatically lose when time's up. (requested by finalbossbackwiper)
|j| Omegaxus1
|inactive|negativeholo has 60 seconds left.
|inactive|negativeholo has 30 seconds left.
|inactive|negativeholo has 20 seconds left.
|inactive|negativeholo has 15 seconds left.
|inactive|negativeholo has 10 seconds left.
|
|t:|1782236606
|teamsize|p1|4
|teamsize|p2|4
|start
|switch|p1a: Charizard|Charizard, L50, F|100/100
|switch|p1b: Whimsicott|Whimsicott, L50, M|100/100
|switch|p2a: Sinistcha|Sinistcha, L50|100/100
|switch|p2b: Sneasler|Sneasler, L50, M|100/100
|turn|1
|
|t:|1782236632
|move|p1a: Charizard|Protect|p1a: Charizard
|-singleturn|p1a: Charizard|Protect
|move|p2b: Sneasler|Fake Out|p1a: Charizard
|-activate|p1a: Charizard|move: Protect
|move|p1b: Whimsicott|Tailwind|p1b: Whimsicott
|-sidestart|p1: negativeholo|move: Tailwind
|move|p2a: Sinistcha|Trick Room|p2a: Sinistcha
|-fieldstart|move: Trick Room|[of] p2a: Sinistcha
|
|upkeep
|turn|2
|
|t:|1782236649
|switch|p2a: Torkoal|Torkoal, L50, F|100/100
|-weather|SunnyDay|[from] ability: Drought|[of] p2a: Torkoal
|switch|p2b: Milotic|Milotic, L50, M|100/100
|move|p1b: Whimsicott|Encore||[still]
|-fail|p1b: Whimsicott
|move|p1a: Charizard|Heat Wave|p2b: Milotic|[spread] p2a
|-miss|p1a: Charizard|p2b: Milotic
|-resisted|p2a: Torkoal|1
|-damage|p2a: Torkoal|68/100
|
|-weather|SunnyDay|[upkeep]
|upkeep
|turn|3
|inactive|negativeholo has 30 seconds left.
|
|t:|1782236679
|move|p1b: Whimsicott|Protect|p1b: Whimsicott
|-singleturn|p1b: Whimsicott|Protect
|move|p1a: Charizard|Protect|p1a: Charizard
|-singleturn|p1a: Charizard|Protect
|move|p2a: Torkoal|Eruption|p1b: Whimsicott|[spread] 
|-activate|p1a: Charizard|move: Protect
|-activate|p1b: Whimsicott|move: Protect
|move|p2b: Milotic|Scald|p1a: Charizard
|-activate|p1a: Charizard|move: Protect
|
|-weather|SunnyDay|[upkeep]
|upkeep
|turn|4
|
|t:|1782236699
|move|p2a: Torkoal|Eruption|p1b: Whimsicott|[spread] p1a,p1b
|-resisted|p1a: Charizard|1
|-supereffective|p1b: Whimsicott|1
|-damage|p1a: Charizard|64/100
|-enditem|p1b: Whimsicott|Focus Sash
|-damage|p1b: Whimsicott|1/100
|move|p2b: Milotic|Scald|p1b: Whimsicott
|-resisted|p1b: Whimsicott|1
|-damage|p1b: Whimsicott|0 fnt
|faint|p1b: Whimsicott
|move|p1a: Charizard|Heat Wave|p2a: Torkoal|[spread] p2b
|-miss|p1a: Charizard|p2a: Torkoal
|-resisted|p2b: Milotic|1
|-damage|p2b: Milotic|79/100
|
|-weather|SunnyDay|[upkeep]
|-heal|p2b: Milotic|85/100|[from] item: Leftovers
|-sideend|p1: negativeholo|move: Tailwind
|upkeep
|
|t:|1782236718
|switch|p1b: Kingambit|Kingambit, L50, M|100/100
|turn|5
|
|t:|1782236725
|move|p1b: Kingambit|Protect|p1b: Kingambit
|-singleturn|p1b: Kingambit|Protect
|move|p1a: Charizard|Protect|p1a: Charizard
|-singleturn|p1a: Charizard|Protect
|move|p2a: Torkoal|Weather Ball|p1b: Kingambit
|-activate|p1b: Kingambit|move: Protect
|move|p2b: Milotic|Scald|p1a: Charizard
|-activate|p1a: Charizard|move: Protect
|
|-weather|SunnyDay|[upkeep]
|-heal|p2b: Milotic|91/100|[from] item: Leftovers
|-fieldend|move: Trick Room
|upkeep
|turn|6
|
|t:|1782236747
|detailschange|p1a: Charizard|Charizard-Mega-Y, L50, F
|-mega|p1a: Charizard|Charizard|Charizardite Y
|move|p1b: Kingambit|Sucker Punch|p2a: Torkoal
|-damage|p2a: Torkoal|32/100
|move|p1a: Charizard|Heat Wave|p2b: Milotic|[spread] p2a,p2b
|-resisted|p2a: Torkoal|1
|-resisted|p2b: Milotic|1
|-damage|p2a: Torkoal|0 fnt
|-damage|p2b: Milotic|65/100
|faint|p2a: Torkoal
|move|p2b: Milotic|Scald|p1a: Charizard
|-supereffective|p1a: Charizard|1
|-damage|p1a: Charizard|29/100
|
|-weather|none
|-heal|p2b: Milotic|71/100|[from] item: Leftovers
|upkeep
|
|t:|1782236753
|switch|p2a: Sneasler|Sneasler, L50, M|100/100
|turn|7
|
|t:|1782236771
|switch|p1a: Venusaur|Venusaur, L50, M|100/100
|move|p1b: Kingambit|Protect|p1b: Kingambit
|-singleturn|p1b: Kingambit|Protect
|move|p2a: Sneasler|Poison Jab|p1a: Venusaur
|-damage|p1a: Venusaur|36/100
|move|p2b: Milotic|Recover|p2b: Milotic
|-heal|p2b: Milotic|100/100
|
|upkeep
|turn|8
|
|t:|1782236785
|switch|p1b: Charizard|Charizard-Mega-Y, L50, F|29/100
|-weather|SunnyDay|[from] ability: Drought|[of] p1b: Charizard
|move|p1a: Venusaur|Weather Ball|p2a: Sneasler
|-damage|p2a: Sneasler|10/100
|-damage|p1a: Venusaur|26/100|[from] item: Life Orb
|move|p2a: Sneasler|Close Combat|p1b: Charizard
|-resisted|p1b: Charizard|1
|-damage|p1b: Charizard|0 fnt
|-unboost|p2a: Sneasler|def|1
|-unboost|p2a: Sneasler|spd|1
|faint|p1b: Charizard
|move|p2b: Milotic|Ice Beam|p1a: Venusaur
|-supereffective|p1a: Venusaur|1
|-damage|p1a: Venusaur|0 fnt
|faint|p1a: Venusaur
|
|-weather|SunnyDay|[upkeep]
|upkeep
|
|t:|1782236804
|switch|p1b: Kingambit|Kingambit, L50, M|100/100
|turn|9
|
|t:|1782236817
|move|p2a: Sneasler|Protect|p2a: Sneasler
|-singleturn|p2a: Sneasler|Protect
|move|p1b: Kingambit|Sucker Punch||[still]
|-fail|p1b: Kingambit
|move|p2b: Milotic|Scald|p1b: Kingambit
|-damage|p1b: Kingambit|83/100
|
|-weather|SunnyDay|[upkeep]
|upkeep
|turn|10
|
|t:|1782236831
|switch|p2a: Sinistcha|Sinistcha, L50|100/100
|move|p2b: Milotic|Scald|p1b: Kingambit
|-damage|p1b: Kingambit|66/100
|move|p1b: Kingambit|Iron Head|p2b: Milotic
|-resisted|p2b: Milotic|1
|-damage|p2b: Milotic|78/100
|
|-weather|SunnyDay|[upkeep]
|-heal|p2b: Milotic|84/100|[from] item: Leftovers
|upkeep
|turn|11
|
|t:|1782236843
|move|p2a: Sinistcha|Protect|p2a: Sinistcha
|-singleturn|p2a: Sinistcha|Protect
|move|p2b: Milotic|Scald|p1b: Kingambit
|-damage|p1b: Kingambit|48/100
|move|p1b: Kingambit|Kowtow Cleave|p2a: Sinistcha
|-activate|p2a: Sinistcha|move: Protect
|
|-weather|SunnyDay|[upkeep]
|-heal|p2b: Milotic|91/100|[from] item: Leftovers
|upkeep
|turn|12
|
|t:|1782236865
|move|p2a: Sinistcha|Rage Powder|p2a: Sinistcha
|-singleturn|p2a: Sinistcha|move: Rage Powder
|move|p1b: Kingambit|Sucker Punch||[still]
|-fail|p1b: Kingambit
|move|p2b: Milotic|Scald|p1b: Kingambit
|-damage|p1b: Kingambit|32/100
|
|-weather|none
|-heal|p2b: Milotic|97/100|[from] item: Leftovers
|upkeep
|turn|13
|
|t:|1782236889
|move|p2b: Milotic|Ice Beam|p1b: Kingambit
|-resisted|p1b: Kingambit|1
|-damage|p1b: Kingambit|19/100
|move|p2a: Sinistcha|Energy Ball|p1b: Kingambit
|-resisted|p1b: Kingambit|1
|-damage|p1b: Kingambit|2/100
|move|p1b: Kingambit|Kowtow Cleave|p2a: Sinistcha
|-supereffective|p2a: Sinistcha|1
|-damage|p2a: Sinistcha|0 fnt
|faint|p2a: Sinistcha
|
|-heal|p2b: Milotic|100/100|[from] item: Leftovers
|upkeep
|
|t:|1782236897
|switch|p2a: Sneasler|Sneasler, L50, M|10/100
|turn|14
|
|t:|1782236903
|move|p1b: Kingambit|Protect|p1b: Kingambit
|-singleturn|p1b: Kingambit|Protect
|move|p2a: Sneasler|Fake Out|p1b: Kingambit
|-activate|p1b: Kingambit|move: Protect
|move|p2b: Milotic|Scald|p1b: Kingambit
|-activate|p1b: Kingambit|move: Protect
|
|upkeep
|turn|15
|
|t:|1782236912
|move|p1b: Kingambit|Sucker Punch|p2a: Sneasler
|-resisted|p2a: Sneasler|1
|-damage|p2a: Sneasler|0 fnt
|faint|p2a: Sneasler
|move|p2b: Milotic|Scald|p1b: Kingambit
|-damage|p1b: Kingambit|0 fnt
|faint|p1b: Kingambit
|
|win|finalbossbackwiper
