|j|☆Sticky55
|j|☆lux raymundi
|html|Sticky55lux raymundi    
|uhtml|bestof|Game 2 of a best-of-3
|t:|1784836925
|gametype|doubles
|player|p1|Sticky55|265|1286
|player|p2|lux raymundi|266|1300
|gen|9
|tier|[Gen 9 Champions] VGC 2026 Reg M-B (Bo3)
|rated|
|rule|Species Clause: Limit one of each Pokémon
|rule|Item Clause: Limit 1 of each item
|clearpoke
|poke|p1|Blaziken, L50, M|
|poke|p1|Sneasler, L50, M|
|poke|p1|Aerodactyl, L50, M|
|poke|p1|Sinistcha, L50|
|poke|p1|Kingambit, L50, M|
|poke|p1|Floette-Eternal, L50, F|
|poke|p2|Sneasler, L50, M|
|poke|p2|Blastoise, L50, M|
|poke|p2|Kingambit, L50, M|
|poke|p2|Incineroar, L50, M|
|poke|p2|Delphox, L50, F|
|poke|p2|Sinistcha, L50|
|teampreview|4
|showteam|p1|Blaziken||LifeOrb|SpeedBoost|FlareBlitz,CloseCombat,Protect,RockSlide|Adamant||M|||50|]Sneasler||WhiteHerb|Unburden|DireClaw,CloseCombat,Protect,FakeOut|Jolly||M|||50|]Aerodactyl||Aerodactylite|Unnerve|IceFang,Tailwind,DualWingbeat,RockSlide|Jolly||M|||50|]Sinistcha||SitrusBerry|Hospitality|MatchaGotcha,Protect,TrickRoom,RagePowder|Bold|||||50|]Kingambit||BlackGlasses|Defiant|Protect,SuckerPunch,KowtowCleave,SwordsDance|Adamant||M|||50|]Floette-Eternal||Floettite|FlowerVeil|DazzlingGleam,Moonblast,Protect,CalmMind|Modest||F|||50|
|showteam|p2|Sneasler||FocusSash|PoisonTouch|PoisonJab,CloseCombat,FakeOut,QuickGuard|Jolly||M|||50|]Blastoise||Blastoisinite|RainDish|DarkPulse,WaterSpout,ShellSmash,Protect|Modest||M|||50|]Kingambit||BlackGlasses|Defiant|KowtowCleave,SuckerPunch,SwordsDance,Protect|Adamant||M|||50|]Incineroar||SitrusBerry|Intimidate|FlareBlitz,ThroatChop,PartingShot,FakeOut|Careful||M|||50|]Delphox||Delphoxite|Blaze|HeatWave,NastyPlot,Psychic,Protect|Timid||F|||50|]Sinistcha||KasibBerry|Hospitality|MatchaGotcha,RagePowder,TrickRoom,Protect|Bold|||||50|
|inactive|Battle timer is ON: inactive players will automatically lose when time's up. (requested by Sticky55)
|
|t:|1784836942
|teamsize|p1|4
|teamsize|p2|4
|start
|switch|p1a: Sneasler|Sneasler, L50, M|100/100
|switch|p1b: Aerodactyl|Aerodactyl, L50, M|100/100
|switch|p2a: Sneasler|Sneasler, L50, M|100/100
|switch|p2b: Delphox|Delphox, L50, F|100/100
|-ability|p1b: Aerodactyl|Unnerve
|turn|1
|
|t:|1784836962
|switch|p2b: Incineroar|Incineroar, L50, M|100/100
|-ability|p2b: Incineroar|Intimidate|boost
|-unboost|p1a: Sneasler|atk|1
|-unboost|p1b: Aerodactyl|atk|1
|-enditem|p1a: Sneasler|White Herb
|-clearnegativeboost|p1a: Sneasler|[silent]
|detailschange|p1b: Aerodactyl|Aerodactyl-Mega, L50, M
|-mega|p1b: Aerodactyl|Aerodactyl|Aerodactylite
|move|p1a: Sneasler|Fake Out|p2a: Sneasler
|-damage|p2a: Sneasler|73/100
|cant|p2a: Sneasler|flinch
|move|p1b: Aerodactyl|Tailwind|p1b: Aerodactyl
|-sidestart|p1: Sticky55|move: Tailwind
|
|upkeep
|turn|2
|inactive|Sticky55 has 30 seconds left.
|inactive|lux raymundi has 30 seconds left.
|inactive|Sticky55 has 20 seconds left.
|
|t:|1784836999
|switch|p2b: Sinistcha|Sinistcha, L50|100/100
|-heal|p2a: Sneasler|98/100|[from] ability: Hospitality|[of] p2b: Sinistcha
|move|p1a: Sneasler|Close Combat|p2b: Sinistcha
|-immune|p2b: Sinistcha
|move|p1b: Aerodactyl|Dual Wingbeat|p2a: Sneasler
|-supereffective|p2a: Sneasler|1
|-damage|p2a: Sneasler|31/100
|-supereffective|p2a: Sneasler|1
|-damage|p2a: Sneasler|0 fnt
|faint|p2a: Sneasler
|-hitcount|p2: Sneasler|2
|
|upkeep
|
|t:|1784837012
|switch|p2a: Delphox|Delphox, L50, F|100/100
|turn|3
|
|t:|1784837022
|switch|p2b: Incineroar|Incineroar, L50, M|100/100
|-ability|p2b: Incineroar|Intimidate|boost
|-unboost|p1a: Sneasler|atk|1
|-unboost|p1b: Aerodactyl|atk|1
|detailschange|p2a: Delphox|Delphox-Mega, L50, F
|-mega|p2a: Delphox|Delphox|Delphoxite
|move|p1a: Sneasler|Dire Claw|p2a: Delphox
|-damage|p2a: Delphox|54/100
|move|p1b: Aerodactyl|Rock Slide|p2b: Incineroar|[spread] p2a,p2b
|-supereffective|p2a: Delphox|1
|-supereffective|p2b: Incineroar|1
|-damage|p2a: Delphox|3/100
|-damage|p2b: Incineroar|72/100
|move|p2a: Delphox|Nasty Plot|p2a: Delphox
|-boost|p2a: Delphox|spa|2
|
|upkeep
|turn|4
|inactive|Sticky55 has 30 seconds left.
|
|t:|1784837051
|switch|p1b: Blaziken|Blaziken, L50, M|100/100
|switch|p2b: Sinistcha|Sinistcha, L50|100/100
|-heal|p2a: Delphox|28/100|[from] ability: Hospitality|[of] p2b: Sinistcha
|move|p2a: Delphox|Protect|p2a: Delphox
|-singleturn|p2a: Delphox|Protect
|move|p1a: Sneasler|Dire Claw|p2a: Delphox
|-activate|p2a: Delphox|move: Protect
|
|-sideend|p1: Sticky55|move: Tailwind
|upkeep
|turn|5
|inactive|Sticky55 has 30 seconds left.
|inactive|Sticky55 has 20 seconds left.
|
|t:|1784837087
|switch|p1b: Kingambit|Kingambit, L50, M|100/100
|move|p2b: Sinistcha|Rage Powder|p2b: Sinistcha
|-singleturn|p2b: Sinistcha|move: Rage Powder
|move|p1a: Sneasler|Dire Claw|p2b: Sinistcha
|-damage|p2b: Sinistcha|76/100
|move|p2a: Delphox|Psychic|p1a: Sneasler
|-supereffective|p1a: Sneasler|2
|-damage|p1a: Sneasler|0 fnt
|faint|p1a: Sneasler
|
|upkeep
|
|t:|1784837106
|switch|p1a: Aerodactyl|Aerodactyl-Mega, L50, M|100/100
|turn|6
|
|t:|1784837115
|switch|p2b: Incineroar|Incineroar, L50, M|72/100
|-ability|p2b: Incineroar|Intimidate|boost
|-unboost|p1a: Aerodactyl|atk|1
|-unboost|p1b: Kingambit|atk|1
|-ability|p1b: Kingambit|Defiant|boost
|-boost|p1b: Kingambit|atk|2
|move|p2a: Delphox|Protect|p2a: Delphox
|-singleturn|p2a: Delphox|Protect
|move|p1a: Aerodactyl|Rock Slide|p2a: Delphox|[spread] p2b
|-activate|p2a: Delphox|move: Protect
|-supereffective|p2b: Incineroar|1
|-damage|p2b: Incineroar|36/100
|-enditem|p2b: Incineroar|Sitrus Berry|[eat]
|-heal|p2b: Incineroar|61/100|[from] item: Sitrus Berry
|move|p1b: Kingambit|Swords Dance|p1b: Kingambit
|-boost|p1b: Kingambit|atk|2
|
|upkeep
|turn|7
|inactive|Sticky55 has 30 seconds left.
|inactive|lux raymundi has 30 seconds left.
|
|t:|1784837144
|move|p1b: Kingambit|Protect|p1b: Kingambit
|-singleturn|p1b: Kingambit|Protect
|move|p2b: Incineroar|Fake Out|p1a: Aerodactyl
|-resisted|p1a: Aerodactyl|1
|-damage|p1a: Aerodactyl|93/100
|cant|p1a: Aerodactyl|flinch
|move|p2a: Delphox|Psychic|p1a: Aerodactyl
|-damage|p1a: Aerodactyl|0 fnt
|faint|p1a: Aerodactyl
|
|upkeep
|
|t:|1784837156
|switch|p1a: Blaziken|Blaziken, L50, M|100/100
|turn|8
|
|t:|1784837173
|switch|p2b: Sinistcha|Sinistcha, L50|76/100
|-heal|p2a: Delphox|53/100|[from] ability: Hospitality|[of] p2b: Sinistcha
|move|p2a: Delphox|Protect|p2a: Delphox
|-singleturn|p2a: Delphox|Protect
|move|p1b: Kingambit|Sucker Punch||[still]
|-fail|p1b: Kingambit
|move|p1a: Blaziken|Flare Blitz|p2b: Sinistcha
|-supereffective|p2b: Sinistcha|1
|-damage|p2b: Sinistcha|0 fnt
|faint|p2b: Sinistcha
|-damage|p1a: Blaziken|71/100|[from] Recoil
|-damage|p1a: Blaziken|62/100|[from] item: Life Orb
|
|-ability|p1a: Blaziken|Speed Boost|boost
|-boost|p1a: Blaziken|spe|1
|upkeep
|
|t:|1784837187
|switch|p2b: Incineroar|Incineroar, L50, M|61/100
|-ability|p2b: Incineroar|Intimidate|boost
|-unboost|p1a: Blaziken|atk|1
|-unboost|p1b: Kingambit|atk|1
|-ability|p1b: Kingambit|Defiant|boost
|-boost|p1b: Kingambit|atk|2
|turn|9
|
|t:|1784837197
|move|p1a: Blaziken|Protect|p1a: Blaziken
|-singleturn|p1a: Blaziken|Protect
|move|p1b: Kingambit|Protect|p1b: Kingambit
|-singleturn|p1b: Kingambit|Protect
|move|p2b: Incineroar|Fake Out|p1a: Blaziken
|-activate|p1a: Blaziken|move: Protect
|move|p2a: Delphox|Heat Wave|p1b: Kingambit|[spread] 
|-activate|p1a: Blaziken|move: Protect
|-activate|p1b: Kingambit|move: Protect
|
|-ability|p1a: Blaziken|Speed Boost|boost
|-boost|p1a: Blaziken|spe|1
|upkeep
|turn|10
|
|t:|1784837215
|move|p1b: Kingambit|Sucker Punch|p2a: Delphox
|-supereffective|p2a: Delphox|1
|-damage|p2a: Delphox|0 fnt
|faint|p2a: Delphox
|move|p1a: Blaziken|Close Combat|p2b: Incineroar
|-supereffective|p2b: Incineroar|1
|-damage|p2b: Incineroar|0 fnt
|-unboost|p1a: Blaziken|def|1
|-unboost|p1a: Blaziken|spd|1
|faint|p2b: Incineroar
|-damage|p1a: Blaziken|52/100|[from] item: Life Orb
|
|win|Sticky55
|raw|Sticky55's rating: 1286 → 1312(+26 for winning)
|raw|lux raymundi's rating: 1300 → 1274(-26 for losing)
