|j|☆yungleandoer96
|j|☆seawolfmikestoes
|html|yungleandoer96seawolfmikestoes    
|uhtml|bestof|Game 2 of a best-of-3
|t:|1756239148
|gametype|doubles
|player|p1|yungleandoer96|265|1130
|player|p2|seawolfmikestoes|twins-gen4|1083
|gen|9
|tier|[Gen 9] VGC 2025 Reg H (Bo3)
|rated|
|rule|Species Clause: Limit one of each Pokémon
|rule|Item Clause: Limit 1 of each item
|clearpoke
|poke|p1|Incineroar, L50, F|
|poke|p1|Amoonguss, L50, F|
|poke|p1|Ursaluna-Bloodmoon, L50, M|
|poke|p1|Sneasler, L50, F|
|poke|p1|Gholdengo, L50|
|poke|p1|Dragonite, L50, M|
|poke|p2|Incineroar, L50, M|
|poke|p2|Dragonite, L50, F|
|poke|p2|Archaludon, L50, F|
|poke|p2|Annihilape, L50, F|
|poke|p2|Gholdengo, L50|
|poke|p2|Whimsicott, L50, M|
|teampreview|4
|showteam|p1|Incineroar||SafetyGoggles|Intimidate|FlareBlitz,KnockOff,PartingShot,FakeOut|||F|||50|,,,,,Ghost]Amoonguss||SitrusBerry|Regenerator|Spore,RagePowder,PollenPuff,Protect|||F|||50|,,,,,Psychic]Ursaluna-Bloodmoon||AssaultVest|MindsEye|HyperVoice,BloodMoon,EarthPower,VacuumWave|||M|||50|,,,,,Water]Sneasler||FocusSash|Unburden|CloseCombat,DireClaw,ThroatChop,Protect|||F|||50|,,,,,Stellar]Gholdengo||LifeOrb|GoodasGold|MakeItRain,ShadowBall,NastyPlot,Protect||||||50|,,,,,Water]Dragonite||LoadedDice|Multiscale|ScaleShot,Tailwind,Haze,Protect|||M|||50|,,,,,Fairy
|showteam|p2|Incineroar||AssaultVest|Intimidate|FlareBlitz,FakeOut,KnockOff,Uturn|||M|||50|,,,,,Grass]Dragonite||LoadedDice|Multiscale|ScaleShot,ExtremeSpeed,Haze,Protect|||F|||50|,,,,,Fairy]Archaludon||PowerHerb|Sturdy|DracoMeteor,ElectroShot,Thunderbolt,Protect|||F|||50|,,,,,Electric]Annihilape||SafetyGoggles|Defiant|CloseCombat,RageFist,Protect,Taunt|||F|||50|,,,,,Fairy]Gholdengo||ChoiceSpecs|GoodasGold|MakeItRain,ShadowBall,PowerGem,Trick||||||50|,,,,,Steel]Whimsicott||CovertCloak|Prankster|Moonblast,Tailwind,BeatUp,FakeTears|||M|||50|,,,,,Water
|
|t:|1756239215
|teamsize|p1|4
|teamsize|p2|4
|start
|switch|p1a: Sneasler|Sneasler, L50, F|100/100
|switch|p1b: Dragonite|Dragonite, L50, M|100/100
|switch|p2a: Dragonite|Dragonite, L50, F|100/100
|switch|p2b: Gholdengo|Gholdengo, L50|100/100
|turn|1
|
|t:|1756239240
|switch|p1a: Gholdengo|Gholdengo, L50|100/100
|-terastallize|p1b: Dragonite|Fairy
|-terastallize|p2a: Dragonite|Fairy
|move|p2b: Gholdengo|Make It Rain|p1a: Gholdengo|[spread] p1a,p1b
|-resisted|p1a: Gholdengo
|-supereffective|p1b: Dragonite
|-damage|p1a: Gholdengo|62/100
|-damage|p1b: Dragonite|20/100
|-unboost|p2b: Gholdengo|spa|1
|move|p2a: Dragonite|Scale Shot|p1a: Gholdengo
|-resisted|p1a: Gholdengo
|-damage|p1a: Gholdengo|54/100
|-resisted|p1a: Gholdengo
|-damage|p1a: Gholdengo|46/100
|-resisted|p1a: Gholdengo
|-damage|p1a: Gholdengo|39/100
|-resisted|p1a: Gholdengo
|-damage|p1a: Gholdengo|30/100
|-resisted|p1a: Gholdengo
|-damage|p1a: Gholdengo|23/100
|-hitcount|p1a: Gholdengo|5
|-unboost|p2a: Dragonite|def|1
|-boost|p2a: Dragonite|spe|1
|move|p1b: Dragonite|Tailwind|p1b: Dragonite
|-sidestart|p1: yungleandoer96|move: Tailwind
|
|upkeep
|turn|2
|
|t:|1756239268
|switch|p2b: Incineroar|Incineroar, L50, M|100/100
|-ability|p2b: Incineroar|Intimidate|boost
|-unboost|p1a: Gholdengo|atk|1
|-unboost|p1b: Dragonite|atk|1
|move|p1b: Dragonite|Protect|p1b: Dragonite
|-singleturn|p1b: Dragonite|Protect
|move|p2a: Dragonite|Protect|p2a: Dragonite
|-singleturn|p2a: Dragonite|Protect
|move|p1a: Gholdengo|Make It Rain|p2a: Dragonite|[spread] p2b
|-activate|p2a: Dragonite|move: Protect
|-resisted|p2b: Incineroar
|-damage|p2b: Incineroar|83/100
|-unboost|p1a: Gholdengo|spa|1
|-damage|p1a: Gholdengo|13/100|[from] item: Life Orb
|
|upkeep
|turn|3
|
|t:|1756239287
|switch|p1b: Sneasler|Sneasler, L50, F|100/100
|move|p2a: Dragonite|Extreme Speed|p1b: Sneasler
|-damage|p1b: Sneasler|48/100
|move|p1a: Gholdengo|Make It Rain|p2b: Incineroar|[spread] p2a,p2b
|-supereffective|p2a: Dragonite
|-resisted|p2b: Incineroar
|-damage|p2a: Dragonite|54/100
|-damage|p2b: Incineroar|72/100
|-unboost|p1a: Gholdengo|spa|1
|-damage|p1a: Gholdengo|4/100|[from] item: Life Orb
|move|p2b: Incineroar|Knock Off|p1a: Gholdengo
|-supereffective|p1a: Gholdengo
|-damage|p1a: Gholdengo|0 fnt
|-enditem|p1a: Gholdengo|Life Orb|[from] move: Knock Off|[of] p2b: Incineroar
|faint|p1a: Gholdengo
|
|upkeep
|
|t:|1756239295
|switch|p1a: Ursaluna|Ursaluna-Bloodmoon, L50, M|100/100
|turn|4
|
|t:|1756239306
|move|p2a: Dragonite|Protect|p2a: Dragonite
|-singleturn|p2a: Dragonite|Protect
|move|p1b: Sneasler|Close Combat|p2b: Incineroar
|-supereffective|p2b: Incineroar
|-damage|p2b: Incineroar|0 fnt
|-unboost|p1b: Sneasler|def|1
|-unboost|p1b: Sneasler|spd|1
|faint|p2b: Incineroar
|move|p1a: Ursaluna|Blood Moon|p2a: Dragonite
|-activate|p2a: Dragonite|move: Protect
|
|-sideend|p1: yungleandoer96|move: Tailwind
|upkeep
|
|t:|1756239312
|switch|p2b: Annihilape|Annihilape, L50, F|100/100
|turn|5
|
|t:|1756239327
|move|p1b: Sneasler|Protect|p1b: Sneasler
|-singleturn|p1b: Sneasler|Protect
|move|p2a: Dragonite|Extreme Speed|p1b: Sneasler
|-activate|p1b: Sneasler|move: Protect
|move|p2b: Annihilape|Close Combat|p1a: Ursaluna
|-supereffective|p1a: Ursaluna
|-damage|p1a: Ursaluna|21/100
|-unboost|p2b: Annihilape|def|1
|-unboost|p2b: Annihilape|spd|1
|move|p1a: Ursaluna|Hyper Voice|p2a: Dragonite|[spread] p2a,p2b
|-damage|p2a: Dragonite|13/100
|-damage|p2b: Annihilape|54/100
|
|upkeep
|turn|6
|
|t:|1756239344
|switch|p1b: Dragonite|Dragonite, L50, M, tera:Fairy|20/100
|move|p2a: Dragonite|Extreme Speed|p1b: Dragonite
|-damage|p1b: Dragonite|0 fnt
|faint|p1b: Dragonite
|move|p1a: Ursaluna|Vacuum Wave|p2a: Dragonite
|-resisted|p2a: Dragonite
|-damage|p2a: Dragonite|5/100
|move|p2b: Annihilape|Close Combat|p1a: Ursaluna
|-supereffective|p1a: Ursaluna
|-damage|p1a: Ursaluna|0 fnt
|-unboost|p2b: Annihilape|def|1
|-unboost|p2b: Annihilape|spd|1
|faint|p1a: Ursaluna
|
|upkeep
|
|t:|1756239349
|switch|p1b: Sneasler|Sneasler, L50, F|48/100
|turn|7
|
|t:|1756239354
|move|p2a: Dragonite|Extreme Speed|p1b: Sneasler
|-damage|p1b: Sneasler|0 fnt
|faint|p1b: Sneasler
|
|win|seawolfmikestoes
||yungleandoer96 is ready for game 3.
||seawolfmikestoes is ready for game 3.
|uhtml|next|Next: Game 3 of 3
|l|☆seawolfmikestoes
|player|p2|
