|j|‽MPM1998
|j|☆lettitripppp
|html|MPM1998lettitripppp    
|uhtml|bestof|Game 2 of a best-of-3
|t:|1783275622
|gametype|doubles
|player|p1|MPM1998|170|1300
|player|p2|lettitripppp|lucas|1242
|gen|9
|tier|[Gen 9 Champions] VGC 2026 Reg M-B (Bo3)
|rated|
|rule|Species Clause: Limit one of each Pokémon
|rule|Item Clause: Limit 1 of each item
|clearpoke
|poke|p1|Pelipper, L50, F|
|poke|p1|Sneasler, L50, M|
|poke|p1|Gholdengo, L50|
|poke|p1|Archaludon, L50, F|
|poke|p1|Swampert, L50, F|
|poke|p1|Basculegion, L50, M|
|poke|p2|Charizard, L50, F|
|poke|p2|Floette-Eternal, L50, F|
|poke|p2|Basculegion, L50, M|
|poke|p2|Whimsicott, L50, F, shiny|
|poke|p2|Garchomp, L50, M, shiny|
|poke|p2|Kingambit, L50, M, shiny|
|teampreview|4
|showteam|p1|Pelipper||FocusSash|Drizzle|Tailwind,Hurricane,WeatherBall,Protect|Timid||F|||50|]Sneasler||WhiteHerb|Unburden|FakeOut,CloseCombat,DireClaw,Protect|Adamant||M|||50|]Gholdengo||LifeOrb|GoodasGold|MakeItRain,ShadowBall,NastyPlot,Protect|Timid|||||50|]Archaludon||SitrusBerry|Stamina|FlashCannon,DragonPulse,ElectroShot,Protect|Modest||F|||50|]Swampert||Swampertite|Torrent|WaveCrash,HighHorsepower,IcePunch,Protect|Adamant||F|||50|]Basculegion||ChoiceScarf|Adaptability|WaveCrash,FlipTurn,LastRespects,AquaJet|Jolly||M|||50|
|showteam|p2|Charizard||CharizarditeY|Blaze|WeatherBall,SolarBeam,HeatWave,Protect|Modest||F|||50|]Floette-Eternal||Floettite|FlowerVeil|DazzlingGleam,LightofRuin,Moonblast,Protect|Timid||F|||50|]Basculegion||MysticWater|Adaptability|LastRespects,WaveCrash,AquaJet,Protect|Adamant||M|||50|]Whimsicott||FocusSash|Prankster|Moonblast,Tailwind,Encore,Protect|Timid||F|||50|]Garchomp||LifeOrb|RoughSkin|DragonClaw,Earthquake,RockSlide,Protect|Jolly||M|||50|]Kingambit||OccaBerry|Defiant|KowtowCleave,SuckerPunch,IronHead,Protect|Adamant||M|||50|
|inactive|Battle timer is ON: inactive players will automatically lose when time's up. (requested by lettitripppp)
|
|t:|1783275649
|teamsize|p1|4
|teamsize|p2|4
|start
|switch|p1a: Sneasler|Sneasler, L50, M|100/100
|switch|p1b: Gholdengo|Gholdengo, L50|100/100
|switch|p2a: CRUSH SHARK|Garchomp, L50, M, shiny|100/100
|switch|p2b: LETS GO GO|Whimsicott, L50, F, shiny|100/100
|turn|1
|
|t:|1783275664
|switch|p1a: Pelipper|Pelipper, L50, F|100/100
|-weather|RainDance|[from] ability: Drizzle|[of] p1a: Pelipper
|switch|p1b: Swampert|Swampert, L50, F|100/100
|move|p2b: LETS GO GO|Protect|p2b: LETS GO GO
|-singleturn|p2b: LETS GO GO|Protect
|move|p2a: CRUSH SHARK|Protect||[still]
|-fail|p2a: CRUSH SHARK
|
|-weather|RainDance|[upkeep]
|upkeep
|turn|2
|
|t:|1783275683
|switch|p2a: GHOSTWAVE|Basculegion, L50, M|100/100
|detailschange|p1b: Swampert|Swampert-Mega, L50, F
|-mega|p1b: Swampert|Swampert|Swampertite
|move|p2b: LETS GO GO|Tailwind|p2b: LETS GO GO
|-sidestart|p2: lettitripppp|move: Tailwind
|move|p1b: Swampert|Ice Punch|p2a: GHOSTWAVE
|-resisted|p2a: GHOSTWAVE|1
|-damage|p2a: GHOSTWAVE|84/100
|move|p1a: Pelipper|Tailwind|p1a: Pelipper
|-sidestart|p1: MPM1998|move: Tailwind
|
|-weather|RainDance|[upkeep]
|upkeep
|turn|3
|
|t:|1783275702
|move|p2b: LETS GO GO|Encore|p1a: Pelipper
|-start|p1a: Pelipper|Encore
|move|p1b: Swampert|High Horsepower|p2a: GHOSTWAVE
|-damage|p2a: GHOSTWAVE|29/100
|move|p1a: Pelipper|Tailwind||[still]
|-fail|p1a: Pelipper
|move|p2a: GHOSTWAVE|Wave Crash|p1b: Swampert
|-crit|p1b: Swampert
|-damage|p1b: Swampert|0 fnt
|faint|p1b: Swampert
|-damage|p2a: GHOSTWAVE|1/100|[from] Recoil
|
|-weather|RainDance|[upkeep]
|upkeep
|
|t:|1783275712
|switch|p1b: Gholdengo|Gholdengo, L50|100/100
|turn|4
|
|t:|1783275718
|switch|p1a: Sneasler|Sneasler, L50, M|100/100
|move|p2a: GHOSTWAVE|Aqua Jet|p1b: Gholdengo
|-damage|p1b: Gholdengo|55/100
|move|p2b: LETS GO GO|Moonblast|p1b: Gholdengo
|-resisted|p1b: Gholdengo|1
|-damage|p1b: Gholdengo|36/100
|-unboost|p1b: Gholdengo|spa|1
|move|p1b: Gholdengo|Nasty Plot|p1b: Gholdengo
|-boost|p1b: Gholdengo|spa|2
|
|-weather|RainDance|[upkeep]
|upkeep
|turn|5
|
|t:|1783275736
|move|p2b: LETS GO GO|Protect|p2b: LETS GO GO
|-singleturn|p2b: LETS GO GO|Protect
|move|p1b: Gholdengo|Protect|p1b: Gholdengo
|-singleturn|p1b: Gholdengo|Protect
|move|p2a: GHOSTWAVE|Aqua Jet|p1b: Gholdengo
|-activate|p1b: Gholdengo|move: Protect
|move|p1a: Sneasler|Dire Claw|p2a: GHOSTWAVE
|-resisted|p2a: GHOSTWAVE|1
|-damage|p2a: GHOSTWAVE|0 fnt
|faint|p2a: GHOSTWAVE
|
|-weather|none
|-sideend|p1: MPM1998|move: Tailwind
|-sideend|p2: lettitripppp|move: Tailwind
|upkeep
|
|t:|1783275740
|switch|p2a: CRUSH SHARK|Garchomp, L50, M, shiny|100/100
|turn|6
|
|t:|1783275746
|switch|p1a: Pelipper|Pelipper, L50, F|100/100
|-weather|RainDance|[from] ability: Drizzle|[of] p1a: Pelipper
|move|p1b: Gholdengo|Protect|p1b: Gholdengo
|-singleturn|p1b: Gholdengo|Protect
|move|p2b: LETS GO GO|Tailwind|p2b: LETS GO GO
|-sidestart|p2: lettitripppp|move: Tailwind
|move|p2a: CRUSH SHARK|Earthquake|p1a: Pelipper|[spread] p2b
|-activate|p1b: Gholdengo|move: Protect
|-immune|p1a: Pelipper
|-resisted|p2b: LETS GO GO|1
|-damage|p2b: LETS GO GO|67/100
|-damage|p2a: CRUSH SHARK|90/100|[from] item: Life Orb
|
|-weather|RainDance|[upkeep]
|upkeep
|turn|7
|
|t:|1783275760
|move|p2b: LETS GO GO|Moonblast|p1a: Pelipper
|-damage|p1a: Pelipper|45/100
|move|p2a: CRUSH SHARK|Earthquake|p1a: Pelipper|[spread] p2b,p1b
|-immune|p1a: Pelipper
|-resisted|p2b: LETS GO GO|1
|-supereffective|p1b: Gholdengo|1
|-damage|p2b: LETS GO GO|35/100
|-damage|p1b: Gholdengo|0 fnt
|faint|p1b: Gholdengo
|-damage|p2a: CRUSH SHARK|80/100|[from] item: Life Orb
|move|p1a: Pelipper|Tailwind|p1a: Pelipper
|-sidestart|p1: MPM1998|move: Tailwind
|
|-weather|RainDance|[upkeep]
|upkeep
|
|t:|1783275763
|switch|p1b: Sneasler|Sneasler, L50, M|100/100
|turn|8
|
|t:|1783275771
|move|p2b: LETS GO GO|Protect|p2b: LETS GO GO
|-singleturn|p2b: LETS GO GO|Protect
|move|p2a: CRUSH SHARK|Protect|p2a: CRUSH SHARK
|-singleturn|p2a: CRUSH SHARK|Protect
|move|p1a: Pelipper|Protect|p1a: Pelipper
|-singleturn|p1a: Pelipper|Protect
|move|p1b: Sneasler|Dire Claw|p2b: LETS GO GO
|-activate|p2b: LETS GO GO|move: Protect
|
|-weather|RainDance|[upkeep]
|upkeep
|turn|9
|
|t:|1783275778
|move|p1a: Pelipper|Protect||[still]
|-fail|p1a: Pelipper
|move|p2b: LETS GO GO|Encore|p1a: Pelipper
|-start|p1a: Pelipper|Encore
|move|p1b: Sneasler|Dire Claw|p2a: CRUSH SHARK
|-resisted|p2a: CRUSH SHARK|1
|-damage|p2a: CRUSH SHARK|58/100
|-status|p2a: CRUSH SHARK|psn
|-damage|p1b: Sneasler|87/100|[from] ability: Rough Skin|[of] p2a: CRUSH SHARK
|move|p2a: CRUSH SHARK|Earthquake|p1b: Sneasler|[spread] p2b,p1b
|-immune|p1a: Pelipper
|-resisted|p2b: LETS GO GO|1
|-supereffective|p1b: Sneasler|1
|-damage|p2b: LETS GO GO|0 fnt
|-damage|p1b: Sneasler|0 fnt
|faint|p2b: LETS GO GO
|faint|p1b: Sneasler
|-damage|p2a: CRUSH SHARK|48/100 psn|[from] item: Life Orb
|
|-weather|RainDance|[upkeep]
|-damage|p2a: CRUSH SHARK|35/100 psn|[from] psn
|-sideend|p2: lettitripppp|move: Tailwind
|upkeep
|-message|MPM1998 forfeited.
|
|win|lettitripppp
|raw|MPM1998's rating: 1300 → 1271(-29 for losing)
|raw|lettitripppp's rating: 1242 → 1271(+29 for winning)
|l|‽MPM1998
|player|p1|
