|j|☆EXESSVGC
|j|☆Prepucio Santos
|html|EXESSVGCPrepucio Santos    
|uhtml|bestof|Game 3 of a best-of-3
|t:|1784390551
|gametype|doubles
|player|p1|EXESSVGC|266|1308
|player|p2|Prepucio Santos|striker|1259
|gen|9
|tier|[Gen 9 Champions] VGC 2026 Reg M-B (Bo3)
|rated|
|rule|Species Clause: Limit one of each Pokémon
|rule|Item Clause: Limit 1 of each item
|clearpoke
|poke|p1|Farigiraf, L50, M|
|poke|p1|Aerodactyl, L50, F|
|poke|p1|Sylveon, L50, M|
|poke|p1|Kingambit, L50, F|
|poke|p1|Garchomp, L50, M|
|poke|p1|Charizard, L50, F|
|poke|p2|Charizard, L50, M|
|poke|p2|Venusaur, L50, F|
|poke|p2|Pelipper, L50, M|
|poke|p2|Grimmsnarl, L50, M|
|poke|p2|Basculegion, L50, M|
|poke|p2|Archaludon, L50, M|
|teampreview|4
|showteam|p1|Farigiraf||SitrusBerry|ArmorTail|TrickRoom,TwinBeam,HelpingHand,Thunderbolt|Bold||M|||50|]Aerodactyl||Aerodactylite|Unnerve|RockSlide,Protect,Tailwind,Taunt|Jolly||F|||50|]Sylveon||FairyFeather|Pixilate|HyperVoice,HyperBeam,Protect,QuickAttack|Modest||M|||50|]Kingambit||FocusSash|Defiant|IronHead,SuckerPunch,LowKick,Protect|Adamant||F|||50|]Garchomp||LifeOrb|RoughSkin|DragonClaw,Earthquake,StompingTantrum,Protect|Adamant||M|||50|]Charizard||CharizarditeY|Blaze|WeatherBall,HeatWave,SolarBeam,Protect|Modest||F|||50|
|showteam|p2|Charizard||CharizarditeY|Blaze|HeatWave,WeatherBall,SolarBeam,Protect|Modest||M|||50|]Venusaur||FocusSash|Chlorophyll|SludgeBomb,EarthPower,SleepPowder,Protect|Modest||F|||50|]Pelipper||SitrusBerry|Drizzle|Hurricane,WeatherBall,WideGuard,Tailwind|Modest||M|||50|]Grimmsnarl||LightClay|Prankster|SpiritBreak,Reflect,LightScreen,PartingShot|Sassy||M|||50|]Basculegion||ChoiceScarf|Adaptability|WaveCrash,LastRespects,FlipTurn,AquaJet|Jolly||M|||50|]Archaludon||Leftovers|Stamina|DragonPulse,FlashCannon,ElectroShot,Protect|Calm||M|||50|
|inactive|Battle timer is ON: inactive players will automatically lose when time's up. (requested by Prepucio Santos)
|
|t:|1784390602
|teamsize|p1|4
|teamsize|p2|4
|start
|switch|p1a: DINOSAUVO|Aerodactyl, L50, F|100/100
|switch|p1b: LA GIRAFFA|Farigiraf, L50, M|100/100
|switch|p2a: Charizard|Charizard, L50, M|100/100
|switch|p2b: Venusaur|Venusaur, L50, F|100/100
|-ability|p1a: DINOSAUVO|Unnerve
|turn|1
|inactive|EXESSVGC has 30 seconds left.
|
|t:|1784390632
|move|p2b: Venusaur|Protect|p2b: Venusaur
|-singleturn|p2b: Venusaur|Protect
|move|p2a: Charizard|Protect|p2a: Charizard
|-singleturn|p2a: Charizard|Protect
|move|p1a: DINOSAUVO|Tailwind|p1a: DINOSAUVO
|-sidestart|p1: EXESSVGC|move: Tailwind
|move|p1b: LA GIRAFFA|Twin Beam|p2b: Venusaur
|-activate|p2b: Venusaur|move: Protect
|
|upkeep
|turn|2
|
|t:|1784390656
|switch|p2a: Archaludon|Archaludon, L50, M|100/100
|move|p1a: DINOSAUVO|Taunt|p2b: Venusaur
|-start|p2b: Venusaur|move: Taunt
|move|p1b: LA GIRAFFA|Thunderbolt|p2a: Archaludon
|-resisted|p2a: Archaludon|1
|-damage|p2a: Archaludon|89/100
|-ability|p2a: Archaludon|Stamina|boost
|-boost|p2a: Archaludon|def|1
|cant|p2b: Venusaur|move: Taunt|Sleep Powder
|
|-heal|p2a: Archaludon|95/100|[from] item: Leftovers
|upkeep
|turn|3
|inactive|EXESSVGC has 30 seconds left.
|
|t:|1784390684
|switch|p1a: Charizard|Charizard, L50, F|100/100
|switch|p2b: Pelipper|Pelipper, L50, M|100/100
|-weather|RainDance|[from] ability: Drizzle|[of] p2b: Pelipper
|move|p1b: LA GIRAFFA|Twin Beam|p2b: Pelipper
|-damage|p2b: Pelipper|82/100
|-damage|p2b: Pelipper|64/100
|-hitcount|p2b: Pelipper|2
|move|p2a: Archaludon|Electro Shot||[still]
|-prepare|p2a: Archaludon|Electro Shot
|-boost|p2a: Archaludon|spa|1
|-anim|p2a: Archaludon|Electro Shot|p1b: LA GIRAFFA
|-damage|p1b: LA GIRAFFA|55/100
|
|-weather|RainDance|[upkeep]
|-heal|p2a: Archaludon|100/100|[from] item: Leftovers
|upkeep
|turn|4
|
|t:|1784390706
|switch|p2b: Venusaur|Venusaur, L50, F|100/100
|detailschange|p1a: Charizard|Charizard-Mega-Y, L50, F
|-mega|p1a: Charizard|Charizard|Charizardite Y
|-weather|SunnyDay|[from] ability: Drought|[of] p1a: Charizard
|move|p2a: Archaludon|Protect|p2a: Archaludon
|-singleturn|p2a: Archaludon|Protect
|move|p1a: Charizard|Heat Wave|p2a: Archaludon|[spread] p2b
|-activate|p2a: Archaludon|move: Protect
|-supereffective|p2b: Venusaur|1
|-enditem|p2b: Venusaur|Focus Sash
|-damage|p2b: Venusaur|1/100
|move|p1b: LA GIRAFFA|Thunderbolt|p2b: Venusaur
|-resisted|p2b: Venusaur|1
|-damage|p2b: Venusaur|0 fnt
|faint|p2b: Venusaur
|
|-weather|SunnyDay|[upkeep]
|-sideend|p1: EXESSVGC|move: Tailwind
|upkeep
|
|t:|1784390716
|switch|p2b: Pelipper|Pelipper, L50, M|64/100
|-weather|RainDance|[from] ability: Drizzle|[of] p2b: Pelipper
|turn|5
|inactive|EXESSVGC has 30 seconds left.
|inactive|EXESSVGC has 20 seconds left.
|inactive|EXESSVGC has 15 seconds left.
|inactive|EXESSVGC has 10 seconds left.
|
|t:|1784390763
|switch|p1a: Marianela|Sylveon, L50, M|100/100
|move|p2a: Archaludon|Electro Shot||[still]
|-prepare|p2a: Archaludon|Electro Shot
|-boost|p2a: Archaludon|spa|1
|-anim|p2a: Archaludon|Electro Shot|p1b: LA GIRAFFA
|-damage|p1b: LA GIRAFFA|0 fnt
|faint|p1b: LA GIRAFFA
|move|p2b: Pelipper|Tailwind|p2b: Pelipper
|-sidestart|p2: Prepucio Santos|move: Tailwind
|
|-weather|RainDance|[upkeep]
|upkeep
|
|t:|1784390773
|switch|p1b: Charizard|Charizard-Mega-Y, L50, F|100/100
|-weather|SunnyDay|[from] ability: Drought|[of] p1b: Charizard
|turn|6
|inactive|EXESSVGC has 30 seconds left.
|
|t:|1784390801
|switch|p2b: Charizard|Charizard, L50, M|100/100
|move|p2a: Archaludon|Protect|p2a: Archaludon
|-singleturn|p2a: Archaludon|Protect
|move|p1b: Charizard|Weather Ball|p2a: Archaludon
|-activate|p2a: Archaludon|move: Protect
|move|p1a: Marianela|Hyper Voice|p2b: Charizard|[spread] p2b
|-activate|p2a: Archaludon|move: Protect
|-resisted|p2b: Charizard|1
|-damage|p2b: Charizard|73/100
|
|-weather|SunnyDay|[upkeep]
|upkeep
|turn|7
|inactive|EXESSVGC has 30 seconds left.
|inactive|EXESSVGC has 20 seconds left.
|inactive|EXESSVGC has 15 seconds left.
|inactive|EXESSVGC has 10 seconds left.
|
|t:|1784390851
|switch|p1b: DINOSAUVO|Aerodactyl, L50, F|100/100
|-ability|p1b: DINOSAUVO|Unnerve
|detailschange|p2b: Charizard|Charizard-Mega-Y, L50, M
|-mega|p2b: Charizard|Charizard|Charizardite Y
|move|p2b: Charizard|Weather Ball|p1b: DINOSAUVO
|-resisted|p1b: DINOSAUVO|1
|-damage|p1b: DINOSAUVO|38/100
|move|p2a: Archaludon|Dragon Pulse|p1b: DINOSAUVO
|-damage|p1b: DINOSAUVO|0 fnt
|faint|p1b: DINOSAUVO
|move|p1a: Marianela|Hyper Beam|p2a: Archaludon
|-crit|p2a: Archaludon
|-damage|p2a: Archaludon|0 fnt
|-mustrecharge|p1a: Marianela
|faint|p2a: Archaludon
|
|-weather|SunnyDay|[upkeep]
|upkeep
|
|t:|1784390864
|switch|p1b: Charizard|Charizard-Mega-Y, L50, F|100/100
|switch|p2a: Pelipper|Pelipper, L50, M|64/100
|-weather|RainDance|[from] ability: Drizzle|[of] p2a: Pelipper
|-weather|SunnyDay|[from] ability: Drought|[of] p1b: Charizard
|turn|8
|
|t:|1784390879
|move|p2b: Charizard|Heat Wave|p1b: Charizard|[spread] p1a,p1b
|-resisted|p1b: Charizard|1
|-damage|p1a: Marianela|53/100
|-damage|p1b: Charizard|71/100
|move|p2a: Pelipper|Weather Ball|p1a: Marianela
|-damage|p1a: Marianela|25/100
|move|p1b: Charizard|Solar Beam||[still]
|-prepare|p1b: Charizard|Solar Beam
|-anim|p1b: Charizard|Solar Beam|p2a: Pelipper
|-damage|p2a: Pelipper|6/100
|-enditem|p2a: Pelipper|Sitrus Berry|[eat]
|-heal|p2a: Pelipper|31/100|[from] item: Sitrus Berry
|cant|p1a: Marianela|recharge
|
|-weather|SunnyDay|[upkeep]
|-sideend|p2: Prepucio Santos|move: Tailwind
|upkeep
|turn|9
|
|t:|1784390901
|move|p1a: Marianela|Protect|p1a: Marianela
|-singleturn|p1a: Marianela|Protect
|move|p1b: Charizard|Solar Beam||[still]
|-prepare|p1b: Charizard|Solar Beam
|-anim|p1b: Charizard|Solar Beam|p2a: Pelipper
|-damage|p2a: Pelipper|0 fnt
|faint|p2a: Pelipper
|move|p2b: Charizard|Heat Wave|p1b: Charizard|[spread] p1b
|-activate|p1a: Marianela|move: Protect
|-resisted|p1b: Charizard|1
|-damage|p1b: Charizard|43/100
|
|-weather|SunnyDay|[upkeep]
|upkeep
|turn|10
|inactive|EXESSVGC has 30 seconds left.
|
|t:|1784390930
|move|p1a: Marianela|Quick Attack|p2b: Charizard
|-resisted|p2b: Charizard|1
|-damage|p2b: Charizard|67/100
|move|p1b: Charizard|Weather Ball|p2b: Charizard
|-resisted|p2b: Charizard|1
|-damage|p2b: Charizard|31/100
|move|p2b: Charizard|Heat Wave|p1b: Charizard|[spread] p1a,p1b
|-resisted|p1b: Charizard|1
|-damage|p1a: Marianela|0 fnt
|-damage|p1b: Charizard|16/100
|faint|p1a: Marianela
|
|-weather|SunnyDay|[upkeep]
|upkeep
|turn|11
|
|t:|1784390939
|move|p1b: Charizard|Weather Ball|p2b: Charizard
|-resisted|p2b: Charizard|1
|-damage|p2b: Charizard|0 fnt
|faint|p2b: Charizard
|
|win|EXESSVGC
|raw|EXESSVGC's rating: 1308 → 1325(+17 for winning)
|raw|Prepucio Santos's rating: 1259 → 1238(-21 for losing)
|c|☆Prepucio Santos|tu madre en bragas
|l|☆Prepucio Santos
|player|p2|
