|j|вҳҶASH2ASHES
|j|вҳҶbrowe
|html|ASH2ASHESbrowe    
|uhtml|bestof|Game 2 of a best-of-3
|t:|1757812194
|gametype|doubles
|player|p1|ASH2ASHES|steven|1045
|player|p2|browe|shadowtriad|1077
|gen|9
|tier|[Gen 9] VGC 2025 Reg H (Bo3)
|rated|
|rule|Species Clause: Limit one of each PokГ©mon
|rule|Item Clause: Limit 1 of each item
|clearpoke
|poke|p1|Baxcalibur, L50, M|
|poke|p1|Sneasler, L50, F|
|poke|p1|Arcanine-Hisui, L50, M|
|poke|p1|Gholdengo, L50|
|poke|p1|Rillaboom, L50, F|
|poke|p1|Salamence, L50, F|
|poke|p2|Indeedee-F, L50, F|
|poke|p2|Hatterene, L50, F|
|poke|p2|Gallade, L50, M|
|poke|p2|Ursaluna, L50, M|
|poke|p2|Lilligant-Hisui, L50, F|
|poke|p2|Torkoal, L50, M|
|teampreview|4
|showteam|p1|Baxcalibur||LoadedDice|ThermalExchange|IcicleSpear,ScaleShot,IceShard,Protect|||M|||50|,,,,,Water]Sneasler||FocusSash|Unburden|CloseCombat,DireClaw,Coaching,Protect|||F|||50|,,,,,Stellar]Arcanine-Hisui||SafetyGoggles|Intimidate|RockSlide,FlareBlitz,WillOWisp,Protect|||M|||50|,,,,,Flying]Gholdengo||LifeOrb|GoodasGold|MakeItRain,ShadowBall,NastyPlot,Protect||||||50|,,,,,Water]Rillaboom||AssaultVest|GrassySurge|WoodHammer,GrassyGlide,FakeOut,Uturn|||F|||50|,,,,,Fire]Salamence||CovertCloak|Intimidate|DragonPulse,AirSlash,Tailwind,Protect|||F|||50|,,,,,Fairy
|showteam|p2|Indeedee-F||PsychicSeed|PsychicSurge|TrickRoom,FollowMe,HelpingHand,DazzlingGleam|||F|||50|,,,,,Fire]Hatterene||LifeOrb|MagicBounce|ExpandingForce,TrickRoom,DazzlingGleam,Protect|||F|||50|,,,,,Psychic]Gallade||ClearAmulet|Sharpness|PsychoCut,TrickRoom,SacredSword,WideGuard|||M|||50|,,,,,Grass]Ursaluna||FlameOrb|Guts|HeadlongRush,Facade,SwordsDance,Protect|||M|||50|,,,,,Ghost]Lilligant-Hisui||FocusSash|Chlorophyll|SolarBlade,SleepPowder,CloseCombat,AfterYou|||F|||50|,,,,,Ghost]Torkoal||ChoiceSpecs|Drought|Eruption,HeatWave,WeatherBall,EarthPower|||M|||50|,,,,,Fire
|inactive|Battle timer is ON: inactive players will automatically lose when time's up. (requested by ASH2ASHES)
|inactive|ASH2ASHES has 60 seconds left.
|inactive|ASH2ASHES has 30 seconds left.
|inactive|ASH2ASHES has 20 seconds left.
|inactive|ASH2ASHES has 15 seconds left.
|inactive|ASH2ASHES has 10 seconds left.
|inactive|ASH2ASHES has 5 seconds left.
|
|t:|1757812295
|teamsize|p1|4
|teamsize|p2|4
|start
|switch|p1a: Baxcalibur|Baxcalibur, L50, M, shiny|100/100
|switch|p1b: Sneasler|Sneasler, L50, F|100/100
|switch|p2a: зҙ«з«Ҫи¶…еҸҜж„ӣ|Indeedee-F, L50, F, shiny|100/100
|switch|p2b: зҙ«з«ҪиҰӘиЎӣйҡҠ|Gallade, L50, M, shiny|100/100
|-fieldstart|move: Psychic Terrain|[from] ability: Psychic Surge|[of] p2a: зҙ«з«Ҫи¶…еҸҜж„ӣ
|-enditem|p2a: зҙ«з«Ҫи¶…еҸҜж„ӣ|Psychic Seed
|-boost|p2a: зҙ«з«Ҫи¶…еҸҜж„ӣ|spd|1|[from] item: Psychic Seed
|turn|1
|inactive|ASH2ASHES has 30 seconds left.
|inactive|ASH2ASHES has 20 seconds left.
|
|t:|1757812332
|move|p1b: Sneasler|Coaching|p1a: Baxcalibur
|-boost|p1a: Baxcalibur|atk|1
|-boost|p1a: Baxcalibur|def|1
|move|p1a: Baxcalibur|Icicle Spear|p2b: зҙ«з«ҪиҰӘиЎӣйҡҠ
|-damage|p2b: зҙ«з«ҪиҰӘиЎӣйҡҠ|72/100
|-damage|p2b: зҙ«з«ҪиҰӘиЎӣйҡҠ|45/100
|-damage|p2b: зҙ«з«ҪиҰӘиЎӣйҡҠ|13/100
|-damage|p2b: зҙ«з«ҪиҰӘиЎӣйҡҠ|0 fnt
|faint|p2b: зҙ«з«ҪиҰӘиЎӣйҡҠ
|-hitcount|p2: зҙ«з«ҪиҰӘиЎӣйҡҠ|4
|move|p2a: зҙ«з«Ҫи¶…еҸҜж„ӣ|Dazzling Gleam|p1b: Sneasler|[spread] p1a,p1b
|-supereffective|p1a: Baxcalibur
|-damage|p1a: Baxcalibur|75/100
|-damage|p1b: Sneasler|83/100
|
|upkeep
|
|t:|1757812345
|switch|p2b: зҙ«з«Ҫж•ІеҸҜж„ӣ|Hatterene, L50, F, shiny|100/100
|turn|2
|
|t:|1757812361
|move|p2a: зҙ«з«Ҫи¶…еҸҜж„ӣ|Follow Me|p2a: зҙ«з«Ҫи¶…еҸҜж„ӣ
|-singleturn|p2a: зҙ«з«Ҫи¶…еҸҜж„ӣ|move: Follow Me
|move|p1b: Sneasler|Dire Claw|p2a: зҙ«з«Ҫи¶…еҸҜж„ӣ
|-damage|p2a: зҙ«з«Ҫи¶…еҸҜж„ӣ|58/100
|move|p1a: Baxcalibur|Icicle Spear|p2a: зҙ«з«Ҫи¶…еҸҜж„ӣ
|-damage|p2a: зҙ«з«Ҫи¶…еҸҜж„ӣ|40/100
|-damage|p2a: зҙ«з«Ҫи¶…еҸҜж„ӣ|21/100
|-damage|p2a: зҙ«з«Ҫи¶…еҸҜж„ӣ|0 fnt
|faint|p2a: зҙ«з«Ҫи¶…еҸҜж„ӣ
|-hitcount|p2: зҙ«з«Ҫи¶…еҸҜж„ӣ|3
|move|p2b: зҙ«з«Ҫж•ІеҸҜж„ӣ|Trick Room|p2b: зҙ«з«Ҫж•ІеҸҜж„ӣ
|-fieldstart|move: Trick Room|[of] p2b: зҙ«з«Ҫж•ІеҸҜж„ӣ
|
|upkeep
|
|t:|1757812372
|switch|p2a: еӨӘжЁӮе·ҙжҲҲж–Ҝ|Torkoal, L50, M, shiny|100/100
|-weather|SunnyDay|[from] ability: Drought|[of] p2a: еӨӘжЁӮе·ҙжҲҲж–Ҝ
|turn|3
|inactive|ASH2ASHES has 30 seconds left.
|inactive|browe has 30 seconds left.
|
|t:|1757812406
|-terastallize|p2a: еӨӘжЁӮе·ҙжҲҲж–Ҝ|Fire
|-terastallize|p1a: Baxcalibur|Water
|move|p1b: Sneasler|Protect|p1b: Sneasler
|-singleturn|p1b: Sneasler|Protect
|move|p2a: еӨӘжЁӮе·ҙжҲҲж–Ҝ|Eruption|p1a: Baxcalibur|[spread] p1a
|-activate|p1b: Sneasler|move: Protect
|-resisted|p1a: Baxcalibur
|-damage|p1a: Baxcalibur|12/100
|-ability|p1a: Baxcalibur|Thermal Exchange|boost
|-boost|p1a: Baxcalibur|atk|1
|move|p2b: зҙ«з«Ҫж•ІеҸҜж„ӣ|Expanding Force|p1a: Baxcalibur|[spread] p1a
|-activate|p1b: Sneasler|move: Protect
|-damage|p1a: Baxcalibur|0 fnt
|faint|p1a: Baxcalibur
|-damage|p2b: зҙ«з«Ҫж•ІеҸҜж„ӣ|91/100|[from] item: Life Orb
|
|-weather|SunnyDay|[upkeep]
|upkeep
|
|t:|1757812417
|switch|p1a: Arcanine|Arcanine-Hisui, L50, M, shiny|100/100
|-ability|p1a: Arcanine|Intimidate|boost
|-unboost|p2a: еӨӘжЁӮе·ҙжҲҲж–Ҝ|atk|1
|-unboost|p2b: зҙ«з«Ҫж•ІеҸҜж„ӣ|atk|1
|turn|4
|
|t:|1757812421
|move|p1b: Sneasler|Protect||[still]
|-fail|p1b: Sneasler
|move|p2a: еӨӘжЁӮе·ҙжҲҲж–Ҝ|Eruption|p1b: Sneasler|[spread] p1a,p1b
|-resisted|p1a: Arcanine
|-damage|p1a: Arcanine|63/100
|-damage|p1b: Sneasler|0 fnt
|faint|p1b: Sneasler
|move|p2b: зҙ«з«Ҫж•ІеҸҜж„ӣ|Expanding Force|p1a: Arcanine
|-damage|p1a: Arcanine|0 fnt
|faint|p1a: Arcanine
|-damage|p2b: зҙ«з«Ҫж•ІеҸҜж„ӣ|82/100|[from] item: Life Orb
|
|-weather|SunnyDay|[upkeep]
|upkeep
|
|t:|1757812423
|switch|p1b: Gholdengo|Gholdengo, L50|100/100
|turn|5
|-message|ASH2ASHES forfeited.
|
|win|browe
|raw|ASH2ASHES's rating: 1045 → 1030(-15 for losing)
|raw|browe's rating: 1077 → 1103(+26 for winning)
|l|вҳҶASH2ASHES
|player|p1|
