|j|☆fanman64
|j|☆Tulpeon
|html|fanman64Tulpeon    
|uhtml|bestof|Game 2 of a best-of-3
|t:|1756471196
|gametype|doubles
|player|p1|fanman64|volkner|1093
|player|p2|Tulpeon|170|1006
|gen|9
|tier|[Gen 9] VGC 2025 Reg H (Bo3)
|rated|
|rule|Species Clause: Limit one of each Pokémon
|rule|Item Clause: Limit 1 of each item
|clearpoke
|poke|p1|Tauros-Paldea-Blaze, L50, M|
|poke|p1|Rillaboom, L50, M|
|poke|p1|Tyranitar, L50, F|
|poke|p1|Kommo-o, L50, M|
|poke|p1|Basculegion, L50, M|
|poke|p1|Magmar, L50, F|
|poke|p2|Archaludon, L50, F|
|poke|p2|Pelipper, L50, F|
|poke|p2|Grimmsnarl, L50, M|
|poke|p2|Amoonguss, L50, M|
|poke|p2|Basculegion, L50, M|
|poke|p2|Incineroar, L50, M|
|teampreview|4
|showteam|p1|Tauros-Paldea-Blaze||ClearAmulet|Intimidate|RagingBull,CloseCombat,Protect,WillOWisp|||M|||50|,,,,,Grass]Rillaboom||MiracleSeed|GrassySurge|WoodHammer,GrassyGlide,Uturn,FakeOut|||M|||50|,,,,,Grass]Tyranitar||AssaultVest|SandStream|KnockOff,RockSlide,LowKick,TeraBlast|||F|||50|,,,,,Flying]Kommo-o||ThroatSpray|Soundproof|ClangingScales,Flamethrower,Protect,ClangorousSoul|||M|||50|,,,,,Fire]Basculegion||ChoiceScarf|Adaptability|WaveCrash,LastRespects,FlipTurn,AquaJet|||M|||50|,,,,,Water]Magmar||Eviolite|VitalSpirit|Overheat,ClearSmog,FollowMe,Protect|||F|||50|,,,,,Fairy
|showteam|p2|Archaludon||AssaultVest|Stamina|ElectroShot,BodyPress,FlashCannon,DracoMeteor|||F|||50|,,,,,Flying]Pelipper||FocusSash|Drizzle|Tailwind,Hurricane,WeatherBall,Protect|||F|||50|,,,,,Ghost]Grimmsnarl||LightClay|Prankster|PartingShot,SpiritBreak,LightScreen,Reflect|||M|||50|,,,,,Steel]Amoonguss||RockyHelmet|Regenerator|PollenPuff,RagePowder,Spore,Protect|||M|||50|,,,,,Dark]Basculegion||ChoiceBand|Adaptability|WaveCrash,LastRespects,FlipTurn,TeraBlast|||M|||50|,,,,,Stellar]Incineroar||SafetyGoggles|Intimidate|FakeOut,PartingShot,KnockOff,FlareBlitz|||M|||50|,,,,,Ghost
|
|t:|1756471205
|teamsize|p1|4
|teamsize|p2|4
|start
|switch|p1a: Kommo-o|Kommo-o, L50, M|100/100
|switch|p1b: Basculegion|Basculegion, L50, M|100/100
|switch|p2a: la poste|Pelipper, L50, F|100/100
|switch|p2b: Amoonguss|Amoonguss, L50, M, shiny|100/100
|-weather|RainDance|[from] ability: Drizzle|[of] p2a: la poste
|turn|1
|
|t:|1756471245
|move|p1b: Basculegion|Flip Turn|p2a: la poste
|-resisted|p2a: la poste
|-damage|p2a: la poste|64/100
|
|t:|1756471247
|switch|p1b: Magmar|Magmar, L50, F|100/100|[from] Flip Turn
|move|p2a: la poste|Tailwind|p2a: la poste
|-sidestart|p2: Tulpeon|move: Tailwind
|move|p1a: Kommo-o|Clanging Scales|p2b: Amoonguss|[spread] p2a,p2b
|-damage|p2a: la poste|2/100
|-damage|p2b: Amoonguss|70/100
|-unboost|p1a: Kommo-o|def|1
|-enditem|p1a: Kommo-o|Throat Spray
|-boost|p1a: Kommo-o|spa|1|[from] item: Throat Spray
|move|p2b: Amoonguss|Spore|p1a: Kommo-o
|-status|p1a: Kommo-o|slp|[from] move: Spore
|
|-weather|RainDance|[upkeep]
|upkeep
|turn|2
|
|t:|1756471273
|switch|p1b: Tyranitar|Tyranitar, L50, F|100/100
|-weather|Sandstorm|[from] ability: Sand Stream|[of] p1b: Tyranitar
|move|p2a: la poste|Protect|p2a: la poste
|-singleturn|p2a: la poste|Protect
|cant|p1a: Kommo-o|slp
|move|p2b: Amoonguss|Spore|p1b: Tyranitar
|-status|p1b: Tyranitar|slp|[from] move: Spore
|
|-weather|Sandstorm|[upkeep]
|-damage|p2a: la poste|0 fnt|[from] Sandstorm
|-damage|p1a: Kommo-o|94/100 slp|[from] Sandstorm
|-damage|p2b: Amoonguss|64/100|[from] Sandstorm
|faint|p2a: la poste
|upkeep
|
|t:|1756471291
|switch|p2a: arch btw|Archaludon, L50, F, shiny|100/100
|turn|3
|
|t:|1756471311
|switch|p1b: Basculegion|Basculegion, L50, M|100/100
|move|p2a: arch btw|Draco Meteor|p1a: Kommo-o
|-supereffective|p1a: Kommo-o
|-crit|p1a: Kommo-o
|-damage|p1a: Kommo-o|0 fnt
|-unboost|p2a: arch btw|spa|2
|faint|p1a: Kommo-o
|move|p2b: Amoonguss|Pollen Puff|p2a: arch btw
|
|-weather|Sandstorm|[upkeep]
|-damage|p1b: Basculegion|94/100|[from] Sandstorm
|-damage|p2b: Amoonguss|58/100|[from] Sandstorm
|upkeep
|
|t:|1756471327
|switch|p1a: Magmar|Magmar, L50, F|100/100
|turn|4
|
|t:|1756471346
|move|p1a: Magmar|Follow Me|p1a: Magmar
|-singleturn|p1a: Magmar|move: Follow Me
|move|p1b: Basculegion|Last Respects|p2b: Amoonguss
|-damage|p2b: Amoonguss|5/100
|move|p2a: arch btw|Electro Shot||[still]
|-prepare|p2a: arch btw|Electro Shot
|-boost|p2a: arch btw|spa|1
|move|p2b: Amoonguss|Spore|p1a: Magmar
|-immune|p1a: Magmar|[from] ability: Vital Spirit
|
|-weather|Sandstorm|[upkeep]
|-damage|p1b: Basculegion|88/100|[from] Sandstorm
|-damage|p1a: Magmar|95/100|[from] Sandstorm
|-damage|p2b: Amoonguss|0 fnt|[from] Sandstorm
|faint|p2b: Amoonguss
|-sideend|p2: Tulpeon|move: Tailwind
|upkeep
|
|t:|1756471361
|switch|p2b: Basculegion|Basculegion, L50, M, shiny|100/100
|turn|5
|
|t:|1756471387
|-terastallize|p2b: Basculegion|Stellar
|-terastallize|p1a: Magmar|Fairy
|move|p1a: Magmar|Follow Me|p1a: Magmar
|-singleturn|p1a: Magmar|move: Follow Me
|move|p1b: Basculegion|Last Respects|p2b: Basculegion
|-supereffective|p2b: Basculegion
|-damage|p2b: Basculegion|0 fnt
|faint|p2b: Basculegion
|move|p2a: arch btw|Electro Shot|p1a: Magmar|[from] lockedmove
|-damage|p1a: Magmar|72/100
|
|-weather|Sandstorm|[upkeep]
|-damage|p1b: Basculegion|82/100|[from] Sandstorm
|-damage|p1a: Magmar|66/100|[from] Sandstorm
|upkeep
|turn|6
|
|t:|1756471409
|move|p1a: Magmar|Follow Me|p1a: Magmar
|-singleturn|p1a: Magmar|move: Follow Me
|move|p1b: Basculegion|Last Respects|p2a: arch btw
|-damage|p2a: arch btw|54/100
|-ability|p2a: arch btw|Stamina|boost
|-boost|p2a: arch btw|def|1
|move|p2a: arch btw|Flash Cannon|p1a: Magmar
|-supereffective|p1a: Magmar
|-damage|p1a: Magmar|23/100
|-unboost|p1a: Magmar|spd|1
|
|-weather|none
|upkeep
|turn|7
|
|t:|1756471426
|move|p1a: Magmar|Follow Me|p1a: Magmar
|-singleturn|p1a: Magmar|move: Follow Me
|move|p1b: Basculegion|Last Respects|p2a: arch btw
|-damage|p2a: arch btw|24/100
|-ability|p2a: arch btw|Stamina|boost
|-boost|p2a: arch btw|def|1
|move|p2a: arch btw|Flash Cannon|p1a: Magmar
|-supereffective|p1a: Magmar
|-damage|p1a: Magmar|0 fnt
|faint|p1a: Magmar
|
|upkeep
|
|t:|1756471433
|switch|p1a: Tyranitar|Tyranitar, L50, F|100/100 slp
|-weather|Sandstorm|[from] ability: Sand Stream|[of] p1a: Tyranitar
|turn|8
|
|t:|1756471445
|move|p1b: Basculegion|Last Respects|p2a: arch btw
|-damage|p2a: arch btw|0 fnt
|faint|p2a: arch btw
|
|win|fanman64
|raw|fanman64's rating: 1093 → 1113(+20 for winning)
|raw|Tulpeon's rating: 1006 → 1000(-6 for losing)
|c|☆Tulpeon|Ggs
|c|☆fanman64|Gg
|l|☆fanman64
|player|p1|
|l|☆Tulpeon
|player|p2|
|j|☆Tulpeon
|player|p2|Tulpeon|170|
