|j|☆koraidon goat
|j|☆Imaginary Iris
|html|koraidon goatImaginary Iris    
|uhtml|bestof|Game 1 of a best-of-3
|t:|1757816643
|gametype|doubles
|player|p1|koraidon goat|drayden|1169
|player|p2|Imaginary Iris|lady|1187
|gen|9
|tier|[Gen 9] VGC 2025 Reg H (Bo3)
|rated|
|rule|Species Clause: Limit one of each Pokémon
|rule|Item Clause: Limit 1 of each item
|clearpoke
|poke|p1|Volcarona, L50, F|
|poke|p1|Sneasler, L50, F|
|poke|p1|Rillaboom, L50, M|
|poke|p1|Baxcalibur, L50, M|
|poke|p1|Dondozo, L50, F|
|poke|p1|Kingambit, L50, F|
|poke|p2|Ninetales-Alola, L50, F|
|poke|p2|Ursaluna-Bloodmoon, L50, M|
|poke|p2|Talonflame, L50, F|
|poke|p2|Gholdengo, L50|
|poke|p2|Rillaboom, L50, F|
|poke|p2|Annihilape, L50, F|
|teampreview|4
|showteam|p1|Volcarona||CovertCloak|FlameBody|HeatWave,QuiverDance,TeraBlast,RagePowder|||F|||50|,,,,,Fairy]Sneasler||FocusSash|Unburden|Protect,DireClaw,CloseCombat,Coaching|||F|||50|,,,,,Stellar]Rillaboom||AssaultVest|GrassySurge|WoodHammer,HighHorsepower,GrassyGlide,FakeOut|||M|||50|,,,,,Water]Baxcalibur||LoadedDice|ThermalExchange|ScaleShot,IcicleSpear,IceShard,Protect|||M|||50|,,,,,Ghost]Dondozo||Leftovers|Unaware|Liquidation,Fissure,Yawn,Protect|||F|||50|,,,,,Poison]Kingambit||BlackGlasses|Defiant|KowtowCleave,SuckerPunch,SwordsDance,Protect|||F|||50|,,,,,Ghost
|showteam|p2|Ninetales-Alola||FocusSash|SnowWarning|Blizzard,AuroraVeil,FreezeDry,IcicleSpear|||F|||50|,,,,,Ghost]Ursaluna-Bloodmoon||SilkScarf|MindsEye|Protect,BloodMoon,EarthPower,HyperVoice|||M|||50|,,,,,Normal]Talonflame||CovertCloak|GaleWings|BraveBird,Tailwind,Taunt,WillOWisp|||F|||50|,,,,,Ghost]Gholdengo||LifeOrb|GoodasGold|Protect,MakeItRain,NastyPlot,ShadowBall||||||50|,,,,,Water]Rillaboom||LoadedDice|GrassySurge|BulletSeed,FakeOut,GrassyGlide,HighHorsepower|||F|||50|,,,,,Stellar]Annihilape||Leftovers|Defiant|Protect,BulkUp,DrainPunch,RageFist|||F|||50|,,,,,Fire
|inactive|Battle timer is ON: inactive players will automatically lose when time's up. (requested by koraidon goat)
|inactive|koraidon goat has 60 seconds left.
|inactive|Imaginary Iris has 60 seconds left.
|
|t:|1757816690
|teamsize|p1|4
|teamsize|p2|4
|start
|switch|p1a: Sneasler|Sneasler, L50, F|100/100
|switch|p1b: Rillaboom|Rillaboom, L50, M|100/100
|switch|p2a: Talonflame|Talonflame, L50, F|100/100
|switch|p2b: Gholdengo|Gholdengo, L50|100/100
|-fieldstart|move: Grassy Terrain|[from] ability: Grassy Surge|[of] p1b: Rillaboom
|turn|1
|inactive|Imaginary Iris has 30 seconds left.
|inactive|Imaginary Iris has 20 seconds left.
|inactive|Imaginary Iris has 15 seconds left.
|
|t:|1757816731
|move|p2a: Talonflame|Will-O-Wisp|p1b: Rillaboom
|-status|p1b: Rillaboom|brn
|move|p1a: Sneasler|Dire Claw|p2a: Talonflame
|-damage|p2a: Talonflame|30/100
|move|p2b: Gholdengo|Nasty Plot|p2b: Gholdengo
|-boost|p2b: Gholdengo|spa|2
|move|p1b: Rillaboom|High Horsepower|p2b: Gholdengo
|-supereffective|p2b: Gholdengo
|-damage|p2b: Gholdengo|63/100
|
|-heal|p2b: Gholdengo|69/100|[from] Grassy Terrain
|-damage|p1b: Rillaboom|95/100 brn|[from] brn
|upkeep
|turn|2
|inactive|koraidon goat has 30 seconds left.
|inactive|Imaginary Iris has 30 seconds left.
|inactive|Imaginary Iris has 20 seconds left.
|inactive|Imaginary Iris has 15 seconds left.
|inactive|Imaginary Iris has 10 seconds left.
|
|t:|1757816778
|switch|p1b: Volcarona|Volcarona, L50, F|100/100
|move|p1a: Sneasler|Protect|p1a: Sneasler
|-singleturn|p1a: Sneasler|Protect
|move|p2a: Talonflame|Brave Bird|p1a: Sneasler
|-activate|p1a: Sneasler|move: Protect
|move|p2b: Gholdengo|Make It Rain|p1b: Volcarona|[spread] p1b
|-activate|p1a: Sneasler|move: Protect
|-resisted|p1b: Volcarona
|-damage|p1b: Volcarona|46/100
|-unboost|p2b: Gholdengo|spa|1
|-damage|p2b: Gholdengo|60/100|[from] item: Life Orb
|
|-heal|p1b: Volcarona|52/100|[from] Grassy Terrain
|-heal|p2b: Gholdengo|66/100|[from] Grassy Terrain
|upkeep
|turn|3
|
|t:|1757816802
|move|p2b: Gholdengo|Protect|p2b: Gholdengo
|-singleturn|p2b: Gholdengo|Protect
|move|p1b: Volcarona|Rage Powder|p1b: Volcarona
|-singleturn|p1b: Volcarona|move: Rage Powder
|move|p2a: Talonflame|Tailwind|p2a: Talonflame
|-sidestart|p2: Imaginary Iris|move: Tailwind
|move|p1a: Sneasler|Dire Claw|p2a: Talonflame
|-damage|p2a: Talonflame|0 fnt
|faint|p2a: Talonflame
|
|-heal|p2b: Gholdengo|72/100|[from] Grassy Terrain
|-heal|p1b: Volcarona|59/100|[from] Grassy Terrain
|upkeep
|
|t:|1757816812
|switch|p2a: Ninetales|Ninetales-Alola, L50, F, shiny|100/100
|-weather|Snowscape|[from] ability: Snow Warning|[of] p2a: Ninetales
|turn|4
|
|t:|1757816825
|-terastallize|p2b: Gholdengo|Water
|move|p2a: Ninetales|Blizzard|p1b: Volcarona|[spread] p1a,p1b
|-resisted|p1b: Volcarona
|-damage|p1a: Sneasler|57/100
|-damage|p1b: Volcarona|43/100
|move|p2b: Gholdengo|Make It Rain|p1a: Sneasler|[spread] p1a,p1b
|-resisted|p1b: Volcarona
|-damage|p1a: Sneasler|0 fnt
|-damage|p1b: Volcarona|0 fnt
|-unboost|p2b: Gholdengo|spa|1
|faint|p1a: Sneasler
|faint|p1b: Volcarona
|-damage|p2b: Gholdengo|62/100|[from] item: Life Orb
|
|-weather|Snowscape|[upkeep]
|-heal|p2b: Gholdengo|68/100|[from] Grassy Terrain
|upkeep
|
|t:|1757816843
|switch|p1a: Dondozo|Dondozo, L50, F|100/100
|switch|p1b: Rillaboom|Rillaboom, L50, M|95/100 brn
|turn|5
|
|t:|1757816851
|move|p2b: Gholdengo|Protect|p2b: Gholdengo
|-singleturn|p2b: Gholdengo|Protect
|move|p1b: Rillaboom|Fake Out|p2b: Gholdengo
|-activate|p2b: Gholdengo|move: Protect
|move|p2a: Ninetales|Aurora Veil|p2a: Ninetales
|-sidestart|p2: Imaginary Iris|move: Aurora Veil
|move|p1a: Dondozo|Yawn|p2a: Ninetales
|-start|p2a: Ninetales|move: Yawn|[of] p1a: Dondozo
|
|-weather|Snowscape|[upkeep]
|-heal|p2b: Gholdengo|74/100|[from] Grassy Terrain
|-heal|p1b: Rillaboom|100/100 brn|[from] Grassy Terrain
|-damage|p1b: Rillaboom|95/100 brn|[from] brn
|-fieldend|move: Grassy Terrain
|upkeep
|turn|6
|inactive|koraidon goat has 30 seconds left.
|
|t:|1757816884
|move|p2a: Ninetales|Freeze-Dry|p1b: Rillaboom
|-supereffective|p1b: Rillaboom
|-damage|p1b: Rillaboom|55/100 brn
|move|p2b: Gholdengo|Make It Rain|p1a: Dondozo|[spread] p1a,p1b
|-resisted|p1a: Dondozo
|-damage|p1a: Dondozo|78/100
|-damage|p1b: Rillaboom|9/100 brn
|-unboost|p2b: Gholdengo|spa|1
|-damage|p2b: Gholdengo|64/100|[from] item: Life Orb
|move|p1b: Rillaboom|Wood Hammer|p2b: Gholdengo
|-supereffective|p2b: Gholdengo
|-damage|p2b: Gholdengo|20/100
|-damage|p1b: Rillaboom|0 fnt|[from] Recoil
|faint|p1b: Rillaboom
|move|p1a: Dondozo|Fissure|p2a: Ninetales|[miss]
|-miss|p1a: Dondozo|p2a: Ninetales
|
|-weather|Snowscape|[upkeep]
|-heal|p1a: Dondozo|84/100|[from] item: Leftovers
|-end|p2a: Ninetales|move: Yawn|[silent]
|-status|p2a: Ninetales|slp
|-sideend|p2: Imaginary Iris|move: Tailwind
|upkeep
|turn|7
|
|t:|1757816908
|cant|p2a: Ninetales|slp
|move|p2b: Gholdengo|Make It Rain|p1a: Dondozo
|-resisted|p1a: Dondozo
|-damage|p1a: Dondozo|54/100
|-unboost|p2b: Gholdengo|spa|1
|-damage|p2b: Gholdengo|11/100|[from] item: Life Orb
|move|p1a: Dondozo|Liquidation|p2b: Gholdengo
|-resisted|p2b: Gholdengo
|-crit|p2b: Gholdengo
|-damage|p2b: Gholdengo|0 fnt
|faint|p2b: Gholdengo
|
|-weather|Snowscape|[upkeep]
|-heal|p1a: Dondozo|60/100|[from] item: Leftovers
|upkeep
|
|t:|1757816917
|switch|p2b: Annihilape|Annihilape, L50, F, shiny|100/100
|turn|8
|
|t:|1757816930
|move|p2b: Annihilape|Protect|p2b: Annihilape
|-singleturn|p2b: Annihilape|Protect
|cant|p2a: Ninetales|slp
|move|p1a: Dondozo|Fissure|p2b: Annihilape
|-activate|p2b: Annihilape|move: Protect
|
|-weather|none
|-heal|p1a: Dondozo|66/100|[from] item: Leftovers
|upkeep
|turn|9
|
|t:|1757816943
|-curestatus|p2a: Ninetales|slp|[msg]
|move|p2a: Ninetales|Freeze-Dry|p1a: Dondozo
|-supereffective|p1a: Dondozo
|-damage|p1a: Dondozo|27/100
|move|p2b: Annihilape|Drain Punch|p1a: Dondozo
|-damage|p1a: Dondozo|10/100
|move|p1a: Dondozo|Fissure|p2b: Annihilape|[miss]
|-miss|p1a: Dondozo|p2b: Annihilape
|
|-heal|p1a: Dondozo|16/100|[from] item: Leftovers
|-sideend|p2: Imaginary Iris|move: Aurora Veil
|upkeep
|turn|10
|-message|koraidon goat forfeited.
|
|win|Imaginary Iris
|l|☆koraidon goat
|player|p1|
||Imaginary Iris is ready for game 2.
||koraidon goat is ready for game 2.
|uhtml|next|Next: Game 2 of 3
