|j|☆herlum
|j|☆CretaceousDraconid
|html|herlumCretaceousDraconid    
|uhtml|bestof|Game 1 of a best-of-3
|t:|1757845760
|gametype|doubles
|player|p1|herlum|2|1243
|player|p2|CretaceousDraconid|zinnia-masters|1060
|gen|9
|tier|[Gen 9] VGC 2025 Reg H (Bo3)
|rated|
|rule|Species Clause: Limit one of each Pokémon
|rule|Item Clause: Limit 1 of each item
|clearpoke
|poke|p1|Ursaluna-Bloodmoon, L50, M|
|poke|p1|Sneasler, L50, M|
|poke|p1|Rillaboom, L50, M|
|poke|p1|Ninetales-Alola, L50, F|
|poke|p1|Kingambit, L50, M|
|poke|p1|Electabuzz, L50, F|
|poke|p2|Rillaboom, L50, M|
|poke|p2|Arcanine-Hisui, L50, M|
|poke|p2|Salamence, L50, M|
|poke|p2|Garchomp, L50, M|
|poke|p2|Sneasler, L50, F|
|poke|p2|Chesnaught, L50, M|
|teampreview|4
|showteam|p1|Ursaluna-Bloodmoon||LifeOrb|MindsEye|BloodMoon,HyperVoice,EarthPower,Protect|||M|||50|,,,,,Normal]Sneasler||GrassySeed|Unburden|DireClaw,CloseCombat,Acrobatics,Protect|||M|||50|,,,,,Flying]Rillaboom||AssaultVest|GrassySurge|WoodHammer,Uturn,GrassyGlide,FakeOut|||M|||50|,,,,,Fire]Ninetales-Alola||LightClay|SnowWarning|AuroraVeil,Blizzard,Protect,IcyWind|||F|||50|,,,,,Ghost]Kingambit||BlackGlasses|Defiant|KowtowCleave,SuckerPunch,SwordsDance,Protect|||M|||50|,,,,,Dark]Electabuzz||Eviolite|VitalSpirit|FollowMe,Taunt,HelpingHand,Thunderbolt|||F|||50|,,,,,Dragon
|showteam|p2|Rillaboom||AssaultVest|GrassySurge|FakeOut,HighHorsepower,GrassyGlide,WoodHammer|||M|||50|,,,,,Fire]Arcanine-Hisui||ClearAmulet|Intimidate|ExtremeSpeed,RockSlide,FlareBlitz,Protect|||M|||50|,,,,,Normal]Salamence||ChoiceSpecs|Intimidate|Hurricane,HeatWave,DracoMeteor,HydroPump|||M|||50|,,,,,Fire]Garchomp||LoadedDice|RoughSkin|StompingTantrum,Earthquake,ScaleShot,Protect|||M|||50|,,,,,Fairy]Sneasler||FocusSash|PoisonTouch|DireClaw,CloseCombat,Coaching,Protect|||F|||50|,,,,,Fairy]Chesnaught||Leftovers|Bulletproof|WideGuard,BodyPress,Taunt,KnockOff|||M|||50|,,,,,Dark
|inactive|Battle timer is ON: inactive players will automatically lose when time's up. (requested by herlum)
|inactive|herlum has 60 seconds left.
|inactive|CretaceousDraconid has 60 seconds left.
|
|t:|1757845827
|teamsize|p1|4
|teamsize|p2|4
|start
|switch|p1a: Ninetales|Ninetales-Alola, L50, F|100/100
|switch|p1b: Kingambit|Kingambit, L50, M, shiny|100/100
|switch|p2a: TheFuckYouGuy|Sneasler, L50, F|100/100
|switch|p2b: Arcanine|Arcanine-Hisui, L50, M|100/100
|-weather|Snowscape|[from] ability: Snow Warning|[of] p1a: Ninetales
|-ability|p2b: Arcanine|Intimidate|boost
|-unboost|p1a: Ninetales|atk|1
|-unboost|p1b: Kingambit|atk|1
|-ability|p1b: Kingambit|Defiant|boost
|-boost|p1b: Kingambit|atk|2
|turn|1
|
|t:|1757845846
|move|p1b: Kingambit|Protect|p1b: Kingambit
|-singleturn|p1b: Kingambit|Protect
|move|p2a: TheFuckYouGuy|Dire Claw|p1a: Ninetales
|-supereffective|p1a: Ninetales
|-damage|p1a: Ninetales|30/100
|-status|p1a: Ninetales|psn
|move|p1a: Ninetales|Aurora Veil|p1a: Ninetales
|-sidestart|p1: herlum|move: Aurora Veil
|move|p2b: Arcanine|Flare Blitz|p1a: Ninetales
|-supereffective|p1a: Ninetales
|-damage|p1a: Ninetales|0 fnt
|faint|p1a: Ninetales
|-damage|p2b: Arcanine|92/100|[from] Recoil
|
|-weather|Snowscape|[upkeep]
|upkeep
|
|t:|1757845864
|switch|p1a: Rillaboom|Rillaboom, L50, M|100/100
|-fieldstart|move: Grassy Terrain|[from] ability: Grassy Surge|[of] p1a: Rillaboom
|turn|2
|
|t:|1757845875
|-terastallize|p1b: Kingambit|Dark
|move|p2a: TheFuckYouGuy|Protect|p2a: TheFuckYouGuy
|-singleturn|p2a: TheFuckYouGuy|Protect
|move|p1a: Rillaboom|Fake Out|p2a: TheFuckYouGuy
|-activate|p2a: TheFuckYouGuy|move: Protect
|move|p2b: Arcanine|Flare Blitz|p1a: Rillaboom
|-supereffective|p1a: Rillaboom
|-damage|p1a: Rillaboom|31/100
|-damage|p2b: Arcanine|70/100|[from] Recoil
|move|p1b: Kingambit|Kowtow Cleave|p2b: Arcanine
|-damage|p2b: Arcanine|0 fnt
|faint|p2b: Arcanine
|
|-weather|Snowscape|[upkeep]
|-heal|p1a: Rillaboom|38/100|[from] Grassy Terrain
|upkeep
|
|t:|1757845889
|switch|p2b: Rillaboom|Rillaboom, L50, M|100/100
|turn|3
|
|t:|1757845909
|move|p1b: Kingambit|Protect|p1b: Kingambit
|-singleturn|p1b: Kingambit|Protect
|move|p2b: Rillaboom|Fake Out|p1b: Kingambit
|-activate|p1b: Kingambit|move: Protect
|move|p2a: TheFuckYouGuy|Dire Claw|p1a: Rillaboom
|-supereffective|p1a: Rillaboom
|-damage|p1a: Rillaboom|0 fnt
|faint|p1a: Rillaboom
|
|-weather|Snowscape|[upkeep]
|upkeep
|
|t:|1757845922
|switch|p1a: Sneasler|Sneasler, L50, M|100/100
|-enditem|p1a: Sneasler|Grassy Seed
|-boost|p1a: Sneasler|def|1|[from] item: Grassy Seed
|turn|4
|inactive|CretaceousDraconid has 30 seconds left.
|
|t:|1757845949
|move|p2a: TheFuckYouGuy|Protect|p2a: TheFuckYouGuy
|-singleturn|p2a: TheFuckYouGuy|Protect
|move|p1a: Sneasler|Acrobatics|p2a: TheFuckYouGuy
|-activate|p2a: TheFuckYouGuy|move: Protect
|move|p2b: Rillaboom|Wood Hammer|p1a: Sneasler
|-resisted|p1a: Sneasler
|-damage|p1a: Sneasler|68/100
|-damage|p2b: Rillaboom|92/100|[from] Recoil
|move|p1b: Kingambit|Kowtow Cleave|p2b: Rillaboom
|-crit|p2b: Rillaboom
|-damage|p2b: Rillaboom|0 fnt
|faint|p2b: Rillaboom
|
|-weather|Snowscape|[upkeep]
|-heal|p1a: Sneasler|74/100|[from] Grassy Terrain
|upkeep
|
|t:|1757845961
|switch|p2b: Salamence|Salamence, L50, M|100/100
|-ability|p2b: Salamence|Intimidate|boost
|-unboost|p1a: Sneasler|atk|1
|-unboost|p1b: Kingambit|atk|1
|-ability|p1b: Kingambit|Defiant|boost
|-boost|p1b: Kingambit|atk|2
|turn|5
|
|t:|1757845976
|-terastallize|p2b: Salamence|Fire
|move|p1b: Kingambit|Sucker Punch|p2b: Salamence
|-damage|p2b: Salamence|0 fnt
|faint|p2b: Salamence
|move|p1a: Sneasler|Acrobatics|p2a: TheFuckYouGuy
|-supereffective|p2a: TheFuckYouGuy
|-damage|p2a: TheFuckYouGuy|19/100
|move|p2a: TheFuckYouGuy|Close Combat|p1b: Kingambit
|-supereffective|p1b: Kingambit
|-damage|p1b: Kingambit|38/100
|-unboost|p2a: TheFuckYouGuy|def|1
|-unboost|p2a: TheFuckYouGuy|spd|1
|
|-weather|none
|-heal|p1a: Sneasler|80/100|[from] Grassy Terrain
|-heal|p2a: TheFuckYouGuy|25/100|[from] Grassy Terrain
|-heal|p1b: Kingambit|44/100|[from] Grassy Terrain
|upkeep
|turn|6
|-message|CretaceousDraconid forfeited.
|
|win|herlum
