|j|☆okaytokayyt
|j|☆spingle23
|html|okaytokayytspingle23    
|uhtml|bestof|Game 2 of a best-of-3
|t:|1784032488
|gametype|doubles
|player|p1|okaytokayyt|265|
|player|p2|spingle23|169|
|gen|9
|tier|[Gen 9 Champions] VGC 2026 Reg M-B (Bo3)
|rule|Species Clause: Limit one of each Pokémon
|rule|Item Clause: Limit 1 of each item
|clearpoke
|poke|p1|Scovillain, L50, F|
|poke|p1|Aerodactyl, L50, F|
|poke|p1|Kommo-o, L50, F|
|poke|p1|Sneasler, L50, M|
|poke|p1|Basculegion, L50, M|
|poke|p1|Pelipper, L50, F|
|poke|p2|Sceptile, L50, F|
|poke|p2|Maushold-Four, L50|
|poke|p2|Incineroar, L50, M|
|poke|p2|Floette-Eternal, L50, F|
|poke|p2|Basculegion, L50, M|
|poke|p2|Jolteon, L50, F|
|teampreview|4
|showteam|p1|Scovillain||Scovillainite|Chlorophyll|Overheat,LeechSeed,RagePowder,Protect|Calm||F|||50|]Aerodactyl||Aerodactylite|Unnerve|DualWingbeat,RockSlide,Tailwind,Protect|Jolly||F|||50|]Kommo-o||Leftovers|Soundproof|ClangingScales,AuraSphere,ClangorousSoul,Protect|Modest||F|||50|]Sneasler||WhiteHerb|Unburden|DireClaw,CloseCombat,FakeOut,Protect|Adamant||M|||50|]Basculegion||ChoiceScarf|Adaptability|WaveCrash,LastRespects,AquaJet,FlipTurn|Adamant||M|||50|]Pelipper||SitrusBerry|Drizzle|Hurricane,WeatherBall,WideGuard,Protect|Bold||F|||50|
|showteam|p2|Sceptile||Sceptilite|Overgrow|Detect,EarthPower,DragonPulse,LeafStorm|Modest||F|||50|]Maushold-Four||WideLens|Technician|PopulationBomb,Protect,FollowMe,BulletSeed|Jolly|||||50|]Incineroar||SitrusBerry|Intimidate|FakeOut,PartingShot,ThroatChop,FlareBlitz|Adamant||M|||50|]Floette-Eternal||Floettite|FlowerVeil|Protect,CalmMind,DrainingKiss,DazzlingGleam|Timid||F|||50|]Basculegion||ChoiceScarf|Adaptability|WaveCrash,FlipTurn,HeadSmash,LastRespects|Jolly||M|||50|]Jolteon||FocusSash|VoltAbsorb|Detect,Yawn,Electroweb,Discharge|Timid||F|||50|
|
|t:|1784032542
|teamsize|p1|4
|teamsize|p2|4
|start
|switch|p1a: Scovillain|Scovillain, L50, F|100/100
|switch|p1b: Basculegion|Basculegion, L50, M|100/100
|switch|p2a: Sceptile|Sceptile, L50, F|100/100
|switch|p2b: Jolteon|Jolteon, L50, F|100/100
|turn|1
|j| Draxolotl
|l| Draxolotl
|
|t:|1784032599
|detailschange|p2a: Sceptile|Sceptile-Mega, L50, F
|-mega|p2a: Sceptile|Sceptile|Sceptilite
|detailschange|p1a: Scovillain|Scovillain-Mega, L50, F
|-mega|p1a: Scovillain|Scovillain|Scovillainite
|move|p2b: Jolteon|Discharge|p1a: Scovillain|[spread] p1a,p1b
|-ability|p2a: Sceptile|Lightning Rod|boost
|-boost|p2a: Sceptile|spa|1
|-resisted|p1a: Scovillain|1
|-supereffective|p1b: Basculegion|1
|-damage|p1a: Scovillain|87/100
|-damage|p1b: Basculegion|35/100
|-status|p2b: Jolteon|brn|[from] ability: Spicy Spray|[of] p1a: Scovillain
|move|p1b: Basculegion|Flip Turn|p2b: Jolteon
|-damage|p2b: Jolteon|14/100 brn
|j| Draxolotl
|
|t:|1784032621
|switch|p1b: Sneasler|Sneasler, L50, M|100/100|[from] Flip Turn
|move|p2a: Sceptile|Earth Power|p1b: Sneasler
|-supereffective|p1b: Sneasler|1
|-damage|p1b: Sneasler|0 fnt
|faint|p1b: Sneasler
|move|p1a: Scovillain|Overheat|p2a: Sceptile
|-damage|p2a: Sceptile|25/100
|-unboost|p1a: Scovillain|spa|2
|
|-damage|p2b: Jolteon|8/100 brn|[from] brn
|upkeep
|l| Draxolotl
|
|t:|1784032647
|switch|p1b: Pelipper|Pelipper, L50, F|100/100
|-weather|RainDance|[from] ability: Drizzle|[of] p1b: Pelipper
|turn|2
|
|t:|1784032667
|move|p1b: Pelipper|Wide Guard|p1b: Pelipper
|-singleturn|p1b: Pelipper|Wide Guard
|move|p2b: Jolteon|Yawn|p1b: Pelipper
|-start|p1b: Pelipper|move: Yawn|[of] p2b: Jolteon
|move|p2a: Sceptile|Dragon Pulse|p1a: Scovillain
|-damage|p1a: Scovillain|10/100
|-status|p2a: Sceptile|brn|[from] ability: Spicy Spray|[of] p1a: Scovillain
|move|p1a: Scovillain|Overheat|p2a: Sceptile
|-damage|p2a: Sceptile|8/100 brn
|-unboost|p1a: Scovillain|spa|2
|
|-weather|RainDance|[upkeep]
|-damage|p2b: Jolteon|2/100 brn|[from] brn
|-damage|p2a: Sceptile|2/100 brn|[from] brn
|upkeep
|turn|3
|
|t:|1784032687
|move|p1a: Scovillain|Protect|p1a: Scovillain
|-singleturn|p1a: Scovillain|Protect
|move|p1b: Pelipper|Protect||[still]
|-fail|p1b: Pelipper
|move|p2b: Jolteon|Discharge|p1a: Scovillain|[spread] p1b
|-activate|p1a: Scovillain|move: Protect
|-ability|p2a: Sceptile|Lightning Rod|boost
|-boost|p2a: Sceptile|spa|1
|-supereffective|p1b: Pelipper|2
|-damage|p1b: Pelipper|0 fnt
|faint|p1b: Pelipper
|move|p2a: Sceptile|Dragon Pulse|p1a: Scovillain
|-activate|p1a: Scovillain|move: Protect
|
|-weather|RainDance|[upkeep]
|-damage|p2b: Jolteon|0 fnt|[from] brn
|faint|p2b: Jolteon
|-damage|p2a: Sceptile|0 fnt|[from] brn
|faint|p2a: Sceptile
|upkeep
|
|t:|1784032703
|switch|p2b: Maushold|Maushold-Four, L50|100/100
|switch|p2a: Basculegion|Basculegion, L50, M|100/100
|switch|p1b: Basculegion|Basculegion, L50, M|35/100
|turn|4
|
|t:|1784032725
|move|p2b: Maushold|Follow Me|p2b: Maushold
|-singleturn|p2b: Maushold|move: Follow Me
|move|p1a: Scovillain|Rage Powder|p1a: Scovillain
|-singleturn|p1a: Scovillain|move: Rage Powder
|move|p2a: Basculegion|Last Respects|p1a: Scovillain
|-damage|p1a: Scovillain|0 fnt
|-status|p2a: Basculegion|brn|[from] ability: Spicy Spray|[of] p1a: Scovillain
|faint|p1a: Scovillain
|move|p1b: Basculegion|Wave Crash|p2b: Maushold
|-damage|p2b: Maushold|0 fnt
|faint|p2b: Maushold
|-damage|p1b: Basculegion|9/100|[from] Recoil
|
|-weather|RainDance|[upkeep]
|-damage|p2a: Basculegion|93/100 brn|[from] brn
|upkeep
|turn|5
|
|t:|1784032740
|move|p2a: Basculegion|Last Respects|p1b: Basculegion
|-supereffective|p1b: Basculegion|1
|-damage|p1b: Basculegion|0 fnt
|faint|p1b: Basculegion
|
|win|spingle23
||okaytokayyt is ready for game 3.
||spingle23 is ready for game 3.
|uhtml|next|Next: Game 3 of 3
|j| Draxolotl
|l| Draxolotl
|l|☆okaytokayyt
|player|p1|
|j| asmrticuno
|l| asmrticuno
