|j|☆Daniw9
|j|‽fogster
|html|Daniw9fogster    
|uhtml|bestof|Game 2 of a best-of-3
|t:|1756397847
|gametype|doubles
|player|p1|Daniw9|101|1112
|player|p2|fogster|medium|1179
|gen|9
|tier|[Gen 9] VGC 2025 Reg H (Bo3)
|rated|
|rule|Species Clause: Limit one of each Pokémon
|rule|Item Clause: Limit 1 of each item
|clearpoke
|poke|p1|Garchomp, L50, F|
|poke|p1|Tyranitar, L50, F|
|poke|p1|Delphox, L50, F|
|poke|p1|Indeedee-F, L50, F|
|poke|p1|Gallade, L50, M|
|poke|p1|Whimsicott, L50, F|
|poke|p2|Dragapult, L50, M|
|poke|p2|Weezing-Galar, L50, M|
|poke|p2|Incineroar, L50, F|
|poke|p2|Gallade, L50, M|
|poke|p2|Greninja-*, L50, M|
|poke|p2|Toedscruel, L50, F|
|teampreview|4
|showteam|p1|Garchomp||LifeOrb|SandVeil|Earthquake,StompingTantrum,Protect,DragonClaw|||F|||50|,,,,,Steel]Tyranitar||AssaultVest|SandStream|RockSlide,TeraBlast,KnockOff,LowKick|||F|||50|,,,,,Flying]Delphox||PsychicSeed|Magician|ExpandingForce,HeatWave,TeraBlast,Protect|||F|||50|,,,,,Fairy]Indeedee-F||SafetyGoggles|PsychicSurge|DazzlingGleam,TrickRoom,FollowMe,HelpingHand|||F|||50|,,,,,Water]Gallade||ClearAmulet|Sharpness|SacredSword,PsychoCut,TrickRoom,Protect|||M|||50|,,,,,Grass]Whimsicott||CovertCloak|Prankster|Moonblast,Tailwind,Encore,Protect|||F|||50|,,,,,Ghost
|showteam|p2|Dragapult||LifeOrb|ClearBody|DragonDarts,PhantomForce,DragonDance,Protect|||M|||50|,,,,,Dragon]Weezing-Galar||SitrusBerry|NeutralizingGas|Protect,StrangeSteam,Flamethrower,SludgeBomb|||M|||50|,,,,,Water]Incineroar||AbilityShield|Intimidate|FakeOut,FlareBlitz,KnockOff,PartingShot|||F|||50|,,,,,Grass]Gallade||AssaultVest|Sharpness|SacredSword,PsychoCut,NightSlash,RockSlide|||M|||50|,,,,,Fire]Greninja||FocusSash|Torrent|WaterPledge,DarkPulse,Taunt,Protect|||M|||50|,,,,,Stellar]Toedscruel||CovertCloak|MyceliumMight|EarthPower,Spore,AcidSpray,Taunt|||F|||50|,,,,,Water
|inactive|Battle timer is ON: inactive players will automatically lose when time's up. (requested by fogster)
|
|t:|1756397896
|teamsize|p1|4
|teamsize|p2|4
|start
|switch|p1a: Indeedee|Indeedee-F, L50, F|100/100
|switch|p1b: Gallade|Gallade, L50, M|100/100
|switch|p2a: Toedscruel|Toedscruel, L50, F|100/100
|switch|p2b: Weezing|Weezing-Galar, L50, M|100/100
|-ability|p2b: Weezing|Neutralizing Gas
|turn|1
|
|t:|1756397911
|move|p2b: Weezing|Protect|p2b: Weezing
|-singleturn|p2b: Weezing|Protect
|move|p1a: Indeedee|Follow Me|p1a: Indeedee
|-singleturn|p1a: Indeedee|move: Follow Me
|move|p2a: Toedscruel|Taunt|p1a: Indeedee
|-start|p1a: Indeedee|move: Taunt
|move|p1b: Gallade|Trick Room|p1b: Gallade
|-fieldstart|move: Trick Room|[of] p1b: Gallade
|
|upkeep
|turn|2
|
|t:|1756397935
|switch|p1a: Tyranitar|Tyranitar, L50, F|100/100
|-terastallize|p1b: Gallade|Grass
|-terastallize|p2b: Weezing|Water
|move|p1b: Gallade|Psycho Cut|p2b: Weezing
|-damage|p2b: Weezing|64/100
|move|p2b: Weezing|Sludge Bomb|p1a: Tyranitar
|-resisted|p1a: Tyranitar
|-damage|p1a: Tyranitar|90/100
|-status|p1a: Tyranitar|psn
|move|p2a: Toedscruel|Spore|p1b: Gallade
|-immune|p1b: Gallade
|
|-damage|p1a: Tyranitar|78/100 psn|[from] psn
|upkeep
|turn|3
|inactive|Daniw9 has 30 seconds left.
|inactive|fogster has 30 seconds left.
|inactive|fogster has 20 seconds left.
|inactive|fogster has 15 seconds left.
|inactive|Daniw9 has 20 seconds left.
|
|t:|1756397981
|move|p1b: Gallade|Sacred Sword|p2b: Weezing
|-damage|p2b: Weezing|13/100
|-enditem|p2b: Weezing|Sitrus Berry|[eat]
|-heal|p2b: Weezing|38/100|[from] item: Sitrus Berry
|move|p1a: Tyranitar|Knock Off|p2b: Weezing
|-damage|p2b: Weezing|5/100
|move|p2b: Weezing|Flamethrower|p1b: Gallade
|-supereffective|p1b: Gallade
|-damage|p1b: Gallade|58/100
|move|p2a: Toedscruel|Earth Power|p1a: Tyranitar
|-supereffective|p1a: Tyranitar
|-damage|p1a: Tyranitar|46/100 psn
|
|-damage|p1a: Tyranitar|34/100 psn|[from] psn
|upkeep
|turn|4
|
|t:|1756398004
|move|p1b: Gallade|Sacred Sword|p2a: Toedscruel
|-damage|p2a: Toedscruel|32/100
|move|p1a: Tyranitar|Rock Slide|p2b: Weezing|[spread] p2a,p2b
|-resisted|p2a: Toedscruel
|-damage|p2a: Toedscruel|12/100
|-damage|p2b: Weezing|0 fnt
|faint|p2b: Weezing
|-end|p2b: Weezing|ability: Neutralizing Gas
|-weather|Sandstorm|[from] ability: Sand Stream|[of] p1a: Tyranitar
|move|p2a: Toedscruel|Earth Power|p1a: Tyranitar
|-supereffective|p1a: Tyranitar
|-damage|p1a: Tyranitar|12/100 psn
|
|-weather|Sandstorm|[upkeep]
|-damage|p1b: Gallade|52/100|[from] Sandstorm
|-damage|p1a: Tyranitar|0 fnt|[from] psn
|faint|p1a: Tyranitar
|upkeep
|
|t:|1756398020
|switch|p1a: Indeedee|Indeedee-F, L50, F|100/100
|switch|p2b: Gallade|Gallade, L50, M|100/100
|-fieldstart|move: Psychic Terrain|[from] ability: Psychic Surge|[of] p1a: Indeedee
|turn|5
|
|t:|1756398044
|move|p1a: Indeedee|Helping Hand|p1b: Gallade
|-singleturn|p1b: Gallade|Helping Hand|[of] p1a: Indeedee
|move|p1b: Gallade|Psycho Cut|p2b: Gallade
|-damage|p2b: Gallade|0 fnt
|faint|p2b: Gallade
|move|p2a: Toedscruel|Taunt|p1a: Indeedee
|-start|p1a: Indeedee|move: Taunt
|
|-weather|Sandstorm|[upkeep]
|-damage|p1b: Gallade|46/100|[from] Sandstorm
|-fieldend|move: Trick Room
|upkeep
|
|t:|1756398054
|switch|p2b: Incineroar|Incineroar, L50, F|100/100
|-ability|p2b: Incineroar|Intimidate|boost
|-unboost|p1a: Indeedee|atk|1
|-fail|p1b: Gallade|unboost|[from] item: Clear Amulet|[of] p1b: Gallade
|turn|6
|
|t:|1756398066
|move|p1b: Gallade|Protect|p1b: Gallade
|-singleturn|p1b: Gallade|Protect
|move|p2a: Toedscruel|Acid Spray|p1a: Indeedee
|-damage|p1a: Indeedee|93/100
|-unboost|p1a: Indeedee|spd|2
|move|p2b: Incineroar|Flare Blitz|p1b: Gallade
|-activate|p1b: Gallade|move: Protect
|move|p1a: Indeedee|Dazzling Gleam|p2b: Incineroar|[spread] p2a,p2b
|-damage|p2a: Toedscruel|1/100
|-damage|p2b: Incineroar|88/100
|
|-weather|Sandstorm|[upkeep]
|-damage|p2b: Incineroar|82/100|[from] Sandstorm
|-damage|p1b: Gallade|41/100|[from] Sandstorm
|upkeep
|turn|7
|inactive|fogster has 30 seconds left.
|
|t:|1756398096
|switch|p1b: Garchomp|Garchomp, L50, F|100/100
|move|p2a: Toedscruel|Acid Spray|p1a: Indeedee
|-damage|p1a: Indeedee|79/100
|-unboost|p1a: Indeedee|spd|2
|move|p2b: Incineroar|Knock Off|p1b: Garchomp
|-damage|p1b: Garchomp|63/100
|-enditem|p1b: Garchomp|Life Orb|[from] move: Knock Off|[of] p2b: Incineroar
|move|p1a: Indeedee|Dazzling Gleam|p2b: Incineroar|[spread] p2a,p2b
|-damage|p2a: Toedscruel|0 fnt
|-damage|p2b: Incineroar|69/100
|faint|p2a: Toedscruel
|
|-weather|Sandstorm|[upkeep]
|-damage|p2b: Incineroar|63/100|[from] Sandstorm
|upkeep
|turn|8
|inactive|fogster has 30 seconds left.
|inactive|fogster has 20 seconds left.
|inactive|fogster has 15 seconds left.
|inactive|fogster has 10 seconds left.
|inactive|fogster has 5 seconds left.
|
|t:|1756398151
|move|p2b: Incineroar|Fake Out||[still]
|-hint|Fake Out only works on your first turn out.
|-fail|p2b: Incineroar
|move|p1b: Garchomp|Stomping Tantrum|p2b: Incineroar
|-supereffective|p2b: Incineroar
|-damage|p2b: Incineroar|0 fnt
|faint|p2b: Incineroar
|
|win|Daniw9
|raw|Daniw9's rating: 1112 → 1142(+30 for winning)
|raw|fogster's rating: 1179 → 1149(-30 for losing)
