|j|☆PatuDucc
|j|☆DibraldinhoVGC
|html|PatuDuccDibraldinhoVGC    
|uhtml|bestof|Game 1 of a best-of-3
|t:|1784683254
|gametype|doubles
|player|p1|PatuDucc|170|
|player|p2|DibraldinhoVGC|1|
|gen|9
|tier|[Gen 9 Champions] VGC 2026 Reg M-B (Bo3)
|rule|Species Clause: Limit one of each Pokémon
|rule|Item Clause: Limit 1 of each item
|clearpoke
|poke|p1|Delphox, L50, M, shiny|
|poke|p1|Sneasler, L50, M|
|poke|p1|Blastoise, L50, M|
|poke|p1|Incineroar, L50, F, shiny|
|poke|p1|Sinistcha, L50|
|poke|p1|Kingambit, L50, F, shiny|
|poke|p2|Grimmsnarl, L50, M, shiny|
|poke|p2|Pelipper, L50, M|
|poke|p2|Archaludon, L50, M|
|poke|p2|Venusaur, L50, F|
|poke|p2|Charizard, L50, M, shiny|
|poke|p2|Basculegion, L50, M|
|teampreview|4
|showteam|p1|Delphox||Delphoxite|Blaze|HeatWave,Psyshock,NastyPlot,Protect|Timid||M|||50|]Sneasler||FocusSash|Unburden|FakeOut,DireClaw,CloseCombat,QuickGuard|Jolly||M|||50|]Blastoise||Blastoisinite|Torrent|WaterSpout,DarkPulse,ShellSmash,Protect|Modest||M|||50|]Incineroar||SitrusBerry|Intimidate|FakeOut,FlareBlitz,ThroatChop,PartingShot|Relaxed||F|||50|]Sinistcha||KasibBerry|Hospitality|RagePowder,MatchaGotcha,TrickRoom,Imprison|Bold|||||50|]Kingambit||BlackGlasses|Defiant|IronHead,KowtowCleave,SuckerPunch,Protect|Adamant||F|||50|
|showteam|p2|Grimmsnarl||LightClay|Prankster|SpiritBreak,PartingShot,Reflect,LightScreen|Sassy||M|||50|]Pelipper||SitrusBerry|Drizzle|Hurricane,WeatherBall,Tailwind,WideGuard|Modest||M|||50|]Archaludon||Leftovers|Stamina|ElectroShot,DragonPulse,FlashCannon,Protect|Modest||M|||50|]Venusaur||FocusSash|Chlorophyll|SludgeBomb,EarthPower,SleepPowder,Protect|Modest||F|||50|]Charizard||CharizarditeY|Blaze|HeatWave,WeatherBall,SolarBeam,Protect|Modest||M|||50|]Basculegion||ChoiceScarf|Adaptability|WaveCrash,LastRespects,FlipTurn,AquaJet|Jolly||M|||50|
|
|t:|1784683336
|teamsize|p1|4
|teamsize|p2|4
|start
|switch|p1a: Estêvão|Sneasler, L50, M|100/100
|switch|p1b: Endrick|Blastoise, L50, M|100/100
|switch|p2a: Charizard|Charizard, L50, M, shiny|100/100
|switch|p2b: Venusaur|Venusaur, L50, F|100/100
|turn|1
|
|t:|1784683399
|detailschange|p2a: Charizard|Charizard-Mega-Y, L50, M, shiny
|-mega|p2a: Charizard|Charizard|Charizardite Y
|-weather|SunnyDay|[from] ability: Drought|[of] p2a: Charizard
|detailschange|p1b: Endrick|Blastoise-Mega, L50, M
|-mega|p1b: Endrick|Blastoise|Blastoisinite
|move|p1a: Estêvão|Fake Out|p2b: Venusaur
|-damage|p2b: Venusaur|80/100
|cant|p2b: Venusaur|flinch
|move|p2a: Charizard|Weather Ball|p1a: Estêvão
|-enditem|p1a: Estêvão|Focus Sash
|-damage|p1a: Estêvão|1/100
|move|p1b: Endrick|Shell Smash|p1b: Endrick
|-unboost|p1b: Endrick|def|1
|-unboost|p1b: Endrick|spd|1
|-boost|p1b: Endrick|atk|2
|-boost|p1b: Endrick|spa|2
|-boost|p1b: Endrick|spe|2
|
|-weather|SunnyDay|[upkeep]
|upkeep
|turn|2
|
|t:|1784683433
|switch|p1a: GustavoGómez|Incineroar, L50, F, shiny|100/100
|-ability|p1a: GustavoGómez|Intimidate|boost
|-unboost|p2a: Charizard|atk|1
|-unboost|p2b: Venusaur|atk|1
|move|p1b: Endrick|Protect|p1b: Endrick
|-singleturn|p1b: Endrick|Protect
|move|p2b: Venusaur|Sleep Powder|p1b: Endrick
|-activate|p1b: Endrick|move: Protect
|move|p2a: Charizard|Weather Ball|p1a: GustavoGómez
|-resisted|p1a: GustavoGómez|1
|-damage|p1a: GustavoGómez|62/100
|
|-weather|SunnyDay|[upkeep]
|upkeep
|turn|3
|
|t:|1784683466
|move|p2b: Venusaur|Protect|p2b: Venusaur
|-singleturn|p2b: Venusaur|Protect
|move|p2a: Charizard|Protect|p2a: Charizard
|-singleturn|p2a: Charizard|Protect
|move|p1a: GustavoGómez|Fake Out|p2b: Venusaur
|-activate|p2b: Venusaur|move: Protect
|move|p1b: Endrick|Water Spout|p2b: Venusaur|[spread] 
|-activate|p2a: Charizard|move: Protect
|-activate|p2b: Venusaur|move: Protect
|
|-weather|SunnyDay|[upkeep]
|upkeep
|turn|4
|
|t:|1784683509
|move|p1b: Endrick|Protect|p1b: Endrick
|-singleturn|p1b: Endrick|Protect
|move|p2b: Venusaur|Earth Power|p1a: GustavoGómez
|-supereffective|p1a: GustavoGómez|1
|-damage|p1a: GustavoGómez|17/100
|-enditem|p1a: GustavoGómez|Sitrus Berry|[eat]
|-heal|p1a: GustavoGómez|42/100|[from] item: Sitrus Berry
|move|p2a: Charizard|Weather Ball|p1a: GustavoGómez
|-resisted|p1a: GustavoGómez|1
|-damage|p1a: GustavoGómez|3/100
|move|p1a: GustavoGómez|Parting Shot|p2a: Charizard
|-unboost|p2a: Charizard|atk|1
|-unboost|p2a: Charizard|spa|1
|
|t:|1784683549
|switch|p1a: Estêvão|Sneasler, L50, M|1/100|[from] Parting Shot
|
|-weather|SunnyDay|[upkeep]
|upkeep
|turn|5
|
|t:|1784683567
|switch|p2a: Pelipper|Pelipper, L50, M|100/100
|-weather|RainDance|[from] ability: Drizzle|[of] p2a: Pelipper
|move|p2b: Venusaur|Protect|p2b: Venusaur
|-singleturn|p2b: Venusaur|Protect
|move|p1a: Estêvão|Fake Out|p2b: Venusaur
|-activate|p2b: Venusaur|move: Protect
|move|p1b: Endrick|Water Spout|p2b: Venusaur|[spread] p2a
|-activate|p2b: Venusaur|move: Protect
|-resisted|p2a: Pelipper|1
|-damage|p2a: Pelipper|0 fnt
|faint|p2a: Pelipper
|
|-weather|RainDance|[upkeep]
|upkeep
|
|t:|1784683581
|switch|p2a: Charizard|Charizard-Mega-Y, L50, M, shiny|100/100
|-weather|SunnyDay|[from] ability: Drought|[of] p2a: Charizard
|turn|6
|
|t:|1784683617
|move|p1b: Endrick|Protect|p1b: Endrick
|-singleturn|p1b: Endrick|Protect
|move|p2b: Venusaur|Sleep Powder|p1b: Endrick
|-activate|p1b: Endrick|move: Protect
|move|p1a: Estêvão|Dire Claw|p2b: Venusaur
|-damage|p2b: Venusaur|24/100
|move|p2a: Charizard|Weather Ball|p1a: Estêvão
|-damage|p1a: Estêvão|0 fnt
|faint|p1a: Estêvão
|
|-weather|SunnyDay|[upkeep]
|upkeep
|
|t:|1784683629
|switch|p1a: GustavoGómez|Incineroar, L50, F, shiny|3/100
|-ability|p1a: GustavoGómez|Intimidate|boost
|-unboost|p2a: Charizard|atk|1
|-unboost|p2b: Venusaur|atk|1
|turn|7
|
|t:|1784683639
|move|p2b: Venusaur|Protect|p2b: Venusaur
|-singleturn|p2b: Venusaur|Protect
|move|p2a: Charizard|Protect|p2a: Charizard
|-singleturn|p2a: Charizard|Protect
|move|p1a: GustavoGómez|Fake Out|p2b: Venusaur
|-activate|p2b: Venusaur|move: Protect
|move|p1b: Endrick|Water Spout|p2b: Venusaur|[spread] 
|-activate|p2a: Charizard|move: Protect
|-activate|p2b: Venusaur|move: Protect
|
|-weather|SunnyDay|[upkeep]
|upkeep
|turn|8
|
|t:|1784683687
|move|p1b: Endrick|Protect|p1b: Endrick
|-singleturn|p1b: Endrick|Protect
|move|p2b: Venusaur|Sleep Powder|p1b: Endrick
|-activate|p1b: Endrick|move: Protect
|move|p2a: Charizard|Weather Ball|p1a: GustavoGómez
|-resisted|p1a: GustavoGómez|1
|-damage|p1a: GustavoGómez|0 fnt
|faint|p1a: GustavoGómez
|
|-weather|SunnyDay|[upkeep]
|upkeep
|
|t:|1784683698
|switch|p1a: Palmeiras|Sinistcha, L50|100/100
|turn|9
|
|t:|1784683720
|move|p1a: Palmeiras|Rage Powder|p1a: Palmeiras
|-singleturn|p1a: Palmeiras|move: Rage Powder
|move|p2b: Venusaur|Sleep Powder|p1b: Endrick|[miss]
|-miss|p2b: Venusaur|p1b: Endrick
|move|p1b: Endrick|Water Spout|p2a: Charizard|[spread] p2a,p2b
|-supereffective|p2a: Charizard|1
|-resisted|p2b: Venusaur|1
|-crit|p2b: Venusaur
|-damage|p2a: Charizard|0 fnt
|-damage|p2b: Venusaur|0 fnt
|faint|p2a: Charizard
|faint|p2b: Venusaur
|
|-weather|SunnyDay|[upkeep]
|upkeep
|
|t:|1784683731
|switch|p2b: Basculegion|Basculegion, L50, M|100/100
|turn|10
|
|t:|1784683740
|move|p1a: Palmeiras|Rage Powder|p1a: Palmeiras
|-singleturn|p1a: Palmeiras|move: Rage Powder
|move|p1b: Endrick|Dark Pulse|p2b: Basculegion
|-supereffective|p2b: Basculegion|1
|-damage|p2b: Basculegion|0 fnt
|faint|p2b: Basculegion
|
|win|PatuDucc
