|j|☆pagoose chase
|j|☆defaulttesting
|html|pagoose chasedefaulttesting    
|uhtml|bestof|Game 1 of a best-of-3
|t:|1757631511
|gametype|doubles
|player|p1|pagoose chase|roxanne-gen6|1050
|player|p2|defaulttesting|plasmagrunt-gen5bw|1047
|gen|9
|tier|[Gen 9] VGC 2025 Reg H (Bo3)
|rated|
|rule|Species Clause: Limit one of each Pokémon
|rule|Item Clause: Limit 1 of each item
|clearpoke
|poke|p1|Gliscor, L50, F|
|poke|p1|Tyranitar, L50, F|
|poke|p1|Rillaboom, L50, F|
|poke|p1|Gholdengo, L50|
|poke|p1|Electabuzz, L50, F|
|poke|p1|Sneasler, L50, M|
|poke|p2|Ursaluna-Bloodmoon, L50, M|
|poke|p2|Incineroar, L50, F|
|poke|p2|Electabuzz, L50, M|
|poke|p2|Palafin, L50, F|
|poke|p2|Mimikyu, L50, F|
|poke|p2|Amoonguss, L50, M|
|teampreview|4
|showteam|p1|Gliscor||ToxicOrb|PoisonHeal|DualWingbeat,HighHorsepower,Tailwind,Protect|||F|||50|,,,,,Water]Tyranitar||AssaultVest|SandStream|RockSlide,KnockOff,LowKick,TeraBlast|||F|||50|,,,,,Flying]Rillaboom||MiracleSeed|GrassySurge|FakeOut,GrassyGlide,WoodHammer,Uturn|||F|||50|,,,,,Fire]Gholdengo||LifeOrb|GoodasGold|MakeItRain,ShadowBall,NastyPlot,Protect||||||50|,,,,,Water]Electabuzz||Eviolite|VitalSpirit|FollowMe,Electroweb,Taunt,Protect|||F|||50|,,,,,Ghost]Sneasler||CovertCloak|PoisonTouch|FakeOut,CloseCombat,DireClaw,Coaching|||M|||50|,,,,,Dark
|showteam|p2|Ursaluna-Bloodmoon||LifeOrb|MindsEye|HyperVoice,EarthPower,BloodMoon,Protect|||M|||50|,,,,,Ghost]Incineroar||SafetyGoggles|Intimidate|PartingShot,FlareBlitz,KnockOff,FakeOut|||F|||50|,,,,,Ghost]Electabuzz||Eviolite|VitalSpirit|VoltSwitch,Electroweb,FollowMe,Taunt|||M|||50|,,,,,Grass]Palafin||MysticWater|ZerotoHero|CloseCombat,WaveCrash,JetPunch,Protect|||F|||50|,,,,,Stellar]Mimikyu||MentalHerb|Disguise|DazzlingGleam,DestinyBond,TrickRoom,Protect|||F|||50|,,,,,Grass]Amoonguss||RockyHelmet|Regenerator|RagePowder,PollenPuff,Spore,Protect|||M|||50|,,,,,Fire
|inactive|Battle timer is ON: inactive players will automatically lose when time's up. (requested by defaulttesting)
|inactive|pagoose chase has 60 seconds left.
|
|t:|1757631546
|teamsize|p1|4
|teamsize|p2|4
|start
|switch|p1a: Tyranitar|Tyranitar, L50, F|100/100
|switch|p1b: Sneasler|Sneasler, L50, M|100/100
|switch|p2a: Palafin|Palafin, L50, F|100/100
|switch|p2b: Mimikyu|Mimikyu, L50, F|100/100
|-weather|Sandstorm|[from] ability: Sand Stream|[of] p1a: Tyranitar
|turn|1
|
|t:|1757631571
|detailschange|p2a: Palafin|Palafin-Hero, L50, F
|switch|p2a: Incineroar|Incineroar, L50, F|100/100
|-ability|p2a: Incineroar|Intimidate|boost
|-unboost|p1a: Tyranitar|atk|1
|-unboost|p1b: Sneasler|atk|1
|-terastallize|p1a: Tyranitar|Flying
|move|p1b: Sneasler|Coaching|p1a: Tyranitar
|-boost|p1a: Tyranitar|atk|1
|-boost|p1a: Tyranitar|def|1
|move|p1a: Tyranitar|Rock Slide|p2a: Incineroar|[spread] p2a,p2b
|-supereffective|p2a: Incineroar
|-damage|p2a: Incineroar|48/100
|-activate|p2b: Mimikyu|ability: Disguise
|-damage|p2b: Mimikyu|100/100
|detailschange|p2b: Mimikyu|Mimikyu-Busted, L50, F
|-damage|p2b: Mimikyu|88/100|[from] pokemon: Mimikyu-Busted
|move|p2b: Mimikyu|Trick Room|p2b: Mimikyu
|-fieldstart|move: Trick Room|[of] p2b: Mimikyu
|
|-weather|Sandstorm|[upkeep]
|-damage|p1a: Tyranitar|94/100|[from] Sandstorm
|-damage|p2b: Mimikyu|82/100|[from] Sandstorm
|-damage|p1b: Sneasler|95/100|[from] Sandstorm
|upkeep
|turn|2
|inactive|defaulttesting has 30 seconds left.
|
|t:|1757631599
|switch|p1b: Rillaboom|Rillaboom, L50, F|100/100
|-fieldstart|move: Grassy Terrain|[from] ability: Grassy Surge|[of] p1b: Rillaboom
|move|p2a: Incineroar|Parting Shot|p1a: Tyranitar
|-unboost|p1a: Tyranitar|atk|1
|-unboost|p1a: Tyranitar|spa|1
|
|t:|1757631613
|switch|p2a: Ursaluna|Ursaluna-Bloodmoon, L50, M|100/100|[from] Parting Shot
|move|p1a: Tyranitar|Rock Slide|p2a: Ursaluna|[spread] p2a,p2b
|-resisted|p2a: Ursaluna
|-damage|p2a: Ursaluna|94/100
|-damage|p2b: Mimikyu|60/100
|cant|p2b: Mimikyu|flinch
|
|-weather|Sandstorm|[upkeep]
|-damage|p1a: Tyranitar|88/100|[from] Sandstorm
|-damage|p1b: Rillaboom|95/100|[from] Sandstorm
|-damage|p2b: Mimikyu|53/100|[from] Sandstorm
|-heal|p2a: Ursaluna|99/100|[from] Grassy Terrain
|-heal|p1b: Rillaboom|100/100|[from] Grassy Terrain
|-heal|p2b: Mimikyu|60/100|[from] Grassy Terrain
|upkeep
|turn|3
|
|t:|1757631630
|switch|p1a: Gliscor|Gliscor, L50, F|100/100
|-terastallize|p2a: Ursaluna|Ghost
|move|p1b: Rillaboom|Fake Out|p2a: Ursaluna
|-immune|p2a: Ursaluna
|move|p2a: Ursaluna|Blood Moon|p1a: Gliscor
|-damage|p1a: Gliscor|0 fnt
|faint|p1a: Gliscor
|-damage|p2a: Ursaluna|90/100|[from] item: Life Orb
|move|p2b: Mimikyu|Destiny Bond|p2b: Mimikyu
|-singlemove|p2b: Mimikyu|Destiny Bond
|
|-weather|Sandstorm|[upkeep]
|-damage|p2a: Ursaluna|84/100|[from] Sandstorm
|-damage|p1b: Rillaboom|95/100|[from] Sandstorm
|-damage|p2b: Mimikyu|53/100|[from] Sandstorm
|-heal|p2a: Ursaluna|90/100|[from] Grassy Terrain
|-heal|p1b: Rillaboom|100/100|[from] Grassy Terrain
|-heal|p2b: Mimikyu|60/100|[from] Grassy Terrain
|upkeep
|
|t:|1757631639
|switch|p1a: Tyranitar|Tyranitar, L50, F, tera:Flying|88/100
|turn|4
|inactive|defaulttesting has 30 seconds left.
|inactive|defaulttesting has 20 seconds left.
|
|t:|1757631674
|move|p2a: Ursaluna|Protect|p2a: Ursaluna
|-singleturn|p2a: Ursaluna|Protect
|move|p1b: Rillaboom|Grassy Glide|p2a: Ursaluna
|-activate|p2a: Ursaluna|move: Protect
|move|p1a: Tyranitar|Knock Off|p2a: Ursaluna
|-activate|p2a: Ursaluna|move: Protect
|move|p2b: Mimikyu|Dazzling Gleam|p1b: Rillaboom|[spread] p1a,p1b
|-damage|p1a: Tyranitar|79/100
|-damage|p1b: Rillaboom|81/100
|
|-weather|Sandstorm|[upkeep]
|-damage|p2a: Ursaluna|84/100|[from] Sandstorm
|-damage|p1a: Tyranitar|73/100|[from] Sandstorm
|-damage|p1b: Rillaboom|75/100|[from] Sandstorm
|-damage|p2b: Mimikyu|53/100|[from] Sandstorm
|-heal|p2a: Ursaluna|90/100|[from] Grassy Terrain
|-heal|p1b: Rillaboom|81/100|[from] Grassy Terrain
|-heal|p2b: Mimikyu|60/100|[from] Grassy Terrain
|upkeep
|turn|5
|
|t:|1757631687
|switch|p2a: Incineroar|Incineroar, L50, F|48/100
|-ability|p2a: Incineroar|Intimidate|boost
|-unboost|p1a: Tyranitar|atk|1
|-unboost|p1b: Rillaboom|atk|1
|move|p1b: Rillaboom|Grassy Glide|p2a: Incineroar
|-resisted|p2a: Incineroar
|-damage|p2a: Incineroar|33/100
|move|p1a: Tyranitar|Knock Off|p2a: Incineroar
|-resisted|p2a: Incineroar
|-damage|p2a: Incineroar|16/100
|-enditem|p2a: Incineroar|Safety Goggles|[from] move: Knock Off|[of] p1a: Tyranitar
|move|p2b: Mimikyu|Destiny Bond|p2b: Mimikyu
|-singlemove|p2b: Mimikyu|Destiny Bond
|
|-weather|none
|-heal|p2a: Incineroar|23/100|[from] Grassy Terrain
|-heal|p1b: Rillaboom|87/100|[from] Grassy Terrain
|-heal|p2b: Mimikyu|66/100|[from] Grassy Terrain
|-fieldend|move: Trick Room
|upkeep
|turn|6
|inactive|defaulttesting has 30 seconds left.
|
|t:|1757631720
|switch|p1a: Sneasler|Sneasler, L50, M|95/100
|move|p1b: Rillaboom|Wood Hammer|p2a: Incineroar
|-resisted|p2a: Incineroar
|-damage|p2a: Incineroar|0 fnt
|faint|p2a: Incineroar
|-damage|p1b: Rillaboom|80/100|[from] Recoil
|move|p2b: Mimikyu|Trick Room|p2b: Mimikyu
|-fieldstart|move: Trick Room|[of] p2b: Mimikyu
|
|-heal|p1b: Rillaboom|86/100|[from] Grassy Terrain
|-heal|p2b: Mimikyu|72/100|[from] Grassy Terrain
|-heal|p1a: Sneasler|100/100|[from] Grassy Terrain
|-fieldend|move: Grassy Terrain
|upkeep
|
|t:|1757631727
|switch|p2a: Ursaluna|Ursaluna-Bloodmoon, L50, M, tera:Ghost|90/100
|turn|7
|
|t:|1757631748
|move|p2a: Ursaluna|Blood Moon|p1b: Rillaboom
|-damage|p1b: Rillaboom|0 fnt
|faint|p1b: Rillaboom
|-damage|p2a: Ursaluna|80/100|[from] item: Life Orb
|move|p2b: Mimikyu|Destiny Bond|p2b: Mimikyu
|-singlemove|p2b: Mimikyu|Destiny Bond
|move|p1a: Sneasler|Coaching|p1: Rillaboom|[notarget]
|-fail|p1a: Sneasler
|
|upkeep
|
|t:|1757631751
|switch|p1b: Tyranitar|Tyranitar, L50, F, tera:Flying|73/100
|-weather|Sandstorm|[from] ability: Sand Stream|[of] p1b: Tyranitar
|turn|8
|
|t:|1757631770
|move|p2a: Ursaluna|Protect|p2a: Ursaluna
|-singleturn|p2a: Ursaluna|Protect
|move|p1b: Tyranitar|Knock Off|p2a: Ursaluna
|-activate|p2a: Ursaluna|move: Protect
|move|p2b: Mimikyu|Dazzling Gleam|p1b: Tyranitar|[spread] p1a,p1b
|-damage|p1a: Sneasler|79/100
|-damage|p1b: Tyranitar|63/100
|move|p1a: Sneasler|Coaching|p1b: Tyranitar
|-boost|p1b: Tyranitar|atk|1
|-boost|p1b: Tyranitar|def|1
|
|-weather|Sandstorm|[upkeep]
|-damage|p2a: Ursaluna|74/100|[from] Sandstorm
|-damage|p1b: Tyranitar|57/100|[from] Sandstorm
|-damage|p2b: Mimikyu|66/100|[from] Sandstorm
|-damage|p1a: Sneasler|73/100|[from] Sandstorm
|upkeep
|turn|9
|
|t:|1757631794
|move|p2a: Ursaluna|Blood Moon|p1b: Tyranitar
|-crit|p1b: Tyranitar
|-damage|p1b: Tyranitar|0 fnt
|faint|p1b: Tyranitar
|-damage|p2a: Ursaluna|64/100|[from] item: Life Orb
|move|p2b: Mimikyu|Destiny Bond|p2b: Mimikyu
|-singlemove|p2b: Mimikyu|Destiny Bond
|move|p1a: Sneasler|Coaching|p1: Tyranitar|[notarget]
|-fail|p1a: Sneasler
|
|-weather|Sandstorm|[upkeep]
|-damage|p2a: Ursaluna|58/100|[from] Sandstorm
|-damage|p2b: Mimikyu|60/100|[from] Sandstorm
|-damage|p1a: Sneasler|67/100|[from] Sandstorm
|upkeep
|turn|10
|-message|pagoose chase forfeited.
|
|win|defaulttesting
||pagoose chase is ready for game 2.
||defaulttesting is ready for game 2.
|uhtml|next|Next: Game 2 of 3
