|j|☆gundot
|j|☆Gab98
|html|gundotGab98    
|uhtml|bestof|Game 3 of a best-of-3
|t:|1782215034
|gametype|doubles
|player|p1|gundot|ethan|1144
|player|p2|Gab98|hilbert|1135
|gen|9
|tier|[Gen 9 Champions] VGC 2026 Reg M-B (Bo3)
|rated|
|rule|Species Clause: Limit one of each Pokémon
|rule|Item Clause: Limit 1 of each item
|clearpoke
|poke|p1|Froslass, L50, F|
|poke|p1|Scovillain, L50, M, shiny|
|poke|p1|Basculegion, L50, M|
|poke|p1|Kingambit, L50, M|
|poke|p1|Sneasler, L50, F|
|poke|p1|Lycanroc-Dusk, L50, F|
|poke|p2|Charizard, L50, M, shiny|
|poke|p2|Scrafty, L50, M, shiny|
|poke|p2|Sylveon, L50, F|
|poke|p2|Garchomp, L50, M|
|poke|p2|Grimmsnarl, L50, M|
|poke|p2|Sinistcha, L50|
|teampreview|4
|showteam|p1|Froslass||Froslassite|CursedBody|Blizzard,ShadowBall,AuroraVeil,Protect|Modest||F|||50|]Scovillain||Scovillainite|Moody|GigaDrain,Overheat,RagePowder,Protect|Bold||M|||50|]Basculegion||SitrusBerry|Adaptability|WaveCrash,LastRespects,AquaJet,Protect|Adamant||M|||50|]Kingambit||BlackGlasses|Defiant|KowtowCleave,SuckerPunch,SwordsDance,Protect|Adamant||M|||50|]Sneasler||WhiteHerb|Unburden|CloseCombat,GunkShot,Protect,FakeOut|Adamant||F|||50|]Lycanroc-Dusk||FocusSash|ToughClaws|CloseCombat,Accelerock,RockSlide,Protect|Adamant||F|||50|
|showteam|p2|Charizard||CharizarditeY|Blaze|HeatWave,WeatherBall,SolarBeam,Protect|Modest||M|||50|]Scrafty||Scraftinite|Intimidate|DrainPunch,KnockOff,FakeOut,DragonDance|Adamant||M|||50|]Sylveon||FairyFeather|Pixilate|HyperVoice,HyperBeam,QuickAttack,Detect|Modest||F|||50|]Garchomp||LifeOrb|RoughSkin|DragonClaw,Earthquake,RockTomb,Protect|Jolly||M|||50|]Grimmsnarl||LightClay|Prankster|FoulPlay,PartingShot,Reflect,LightScreen|Bold||M|||50|]Sinistcha||SitrusBerry|Hospitality|MatchaGotcha,RagePowder,LifeDew,TrickRoom|Bold|||||50|
|inactive|Battle timer is ON: inactive players will automatically lose when time's up. (requested by gundot)
|inactive|gundot has 60 seconds left.
|
|t:|1782215081
|teamsize|p1|4
|teamsize|p2|4
|start
|switch|p1a: Froslass|Froslass, L50, F|100/100
|switch|p1b: Lycanroc|Lycanroc-Dusk, L50, F|100/100
|switch|p2a: Garchomp|Garchomp, L50, M|100/100
|switch|p2b: Grimmsnarl|Grimmsnarl, L50, M|100/100
|turn|1
|
|t:|1782215098
|detailschange|p1a: Froslass|Froslass-Mega, L50, F
|-mega|p1a: Froslass|Froslass|Froslassite
|-weather|Snowscape|[from] ability: Snow Warning|[of] p1a: Froslass
|move|p2a: Garchomp|Protect|p2a: Garchomp
|-singleturn|p2a: Garchomp|Protect
|move|p2b: Grimmsnarl|Light Screen|p2b: Grimmsnarl
|-sidestart|p2: Gab98|move: Light Screen
|move|p1a: Froslass|Blizzard|p2a: Garchomp|[spread] p2b
|-activate|p2a: Garchomp|move: Protect
|-damage|p2b: Grimmsnarl|74/100
|move|p1b: Lycanroc|Close Combat|p2b: Grimmsnarl
|-damage|p2b: Grimmsnarl|22/100
|-unboost|p1b: Lycanroc|def|1
|-unboost|p1b: Lycanroc|spd|1
|
|-weather|Snowscape|[upkeep]
|upkeep
|turn|2
|
|t:|1782215114
|move|p1b: Lycanroc|Accelerock|p2b: Grimmsnarl
|-damage|p2b: Grimmsnarl|0 fnt
|faint|p2b: Grimmsnarl
|move|p1a: Froslass|Blizzard|p2a: Garchomp
|-supereffective|p2a: Garchomp|2
|-damage|p2a: Garchomp|0 fnt
|faint|p2a: Garchomp
|
|-weather|Snowscape|[upkeep]
|upkeep
|
|t:|1782215117
|switch|p2a: Charizard|Charizard, L50, M, shiny|100/100
|switch|p2b: Sinistcha|Sinistcha, L50|100/100
|turn|3
|
|t:|1782215137
|detailschange|p2a: Charizard|Charizard-Mega-Y, L50, M, shiny
|-mega|p2a: Charizard|Charizard|Charizardite Y
|-weather|SunnyDay|[from] ability: Drought|[of] p2a: Charizard
|move|p1a: Froslass|Shadow Ball|p2b: Sinistcha
|-supereffective|p2b: Sinistcha|1
|-damage|p2b: Sinistcha|47/100
|-enditem|p2b: Sinistcha|Sitrus Berry|[eat]
|-heal|p2b: Sinistcha|72/100|[from] item: Sitrus Berry
|move|p1b: Lycanroc|Rock Slide|p2a: Charizard|[spread] p2a,p2b
|-supereffective|p2a: Charizard|2
|-damage|p2a: Charizard|0 fnt
|-damage|p2b: Sinistcha|48/100
|faint|p2a: Charizard
|move|p2b: Sinistcha|Matcha Gotcha|p1b: Lycanroc|[spread] p1a,p1b
|-supereffective|p1b: Lycanroc|1
|-damage|p1a: Froslass|73/100
|-heal|p2b: Sinistcha|61/100|[from] drain|[of] p1a: Froslass
|-enditem|p1b: Lycanroc|Focus Sash
|-damage|p1b: Lycanroc|1/100
|-heal|p2b: Sinistcha|100/100|[from] drain|[of] p1b: Lycanroc
|
|-weather|SunnyDay|[upkeep]
|upkeep
|turn|4
|
|t:|1782215159
|move|p1a: Froslass|Shadow Ball|p2b: Sinistcha
|-supereffective|p2b: Sinistcha|1
|-damage|p2b: Sinistcha|43/100
|move|p1b: Lycanroc|Rock Slide|p2b: Sinistcha
|-damage|p2b: Sinistcha|12/100
|move|p2b: Sinistcha|Matcha Gotcha|p1b: Lycanroc|[spread] p1a,p1b
|-supereffective|p1b: Lycanroc|1
|-damage|p1a: Froslass|49/100
|-heal|p2b: Sinistcha|24/100|[from] drain|[of] p1a: Froslass
|-damage|p1b: Lycanroc|0 fnt
|-heal|p2b: Sinistcha|24/100|[from] drain|[of] p1b: Lycanroc
|faint|p1b: Lycanroc
|
|-weather|SunnyDay|[upkeep]
|upkeep
|
|t:|1782215166
|switch|p1b: Basculegion|Basculegion, L50, M|100/100
|turn|5
|-message|Gab98 forfeited.
|
|win|gundot
|raw|gundot's rating: 1144 → 1168(+24 for winning)
|raw|Gab98's rating: 1135 → 1111(-24 for losing)
|l|☆Gab98
|player|p2|
