|j|☆Allat78
|j|☆worldenddominat0r
|html|Allat78worldenddominat0r    
|uhtml|bestof|Game 1 of a best-of-3
|t:|1782582667
|gametype|doubles
|player|p1|Allat78|hilbert-wonderlauncher|1067
|player|p2|worldenddominat0r|maid-gen6|1166
|gen|9
|tier|[Gen 9 Champions] VGC 2026 Reg M-B (Bo3)
|rated|
|rule|Species Clause: Limit one of each Pokémon
|rule|Item Clause: Limit 1 of each item
|clearpoke
|poke|p1|Incineroar, L50, M|
|poke|p1|Audino, L50, F|
|poke|p1|Sinistcha, L50|
|poke|p1|Aggron, L50, M|
|poke|p1|Dragalge, L50, F|
|poke|p1|Slowking, L50, M|
|poke|p2|Staraptor, L50, F|
|poke|p2|Maushold-Four, L50|
|poke|p2|Ninetales-Alola, L50, M|
|poke|p2|Delphox, L50, M|
|poke|p2|Basculegion, L50, M|
|poke|p2|Kingambit, L50, M|
|teampreview|4
|showteam|p1|Incineroar||ChopleBerry|Intimidate|FlareBlitz,ThroatChop,FakeOut,PartingShot|Adamant||M|||50|]Audino||Leftovers|Regenerator|HyperVoice,Protect,LifeDew,BabyDollEyes|Bold||F|||50|]Sinistcha||BigRoot|Hospitality|MatchaGotcha,RagePowder,Protect,LifeDew|Calm|||||50|]Aggron||Aggronite|Sturdy|BodyPress,HeavySlam,IronDefense,Protect|Careful||M|||50|]Dragalge||Dragalgite|PoisonPoint|SludgeBomb,DracoMeteor,Protect,FocusBlast|Calm||F|||50|]Slowking||SitrusBerry|Regenerator|Scald,Psyshock,ChillyReception,LightScreen|Modest||M|||50|
|showteam|p2|Staraptor||Staraptite|Intimidate|CloseCombat,BraveBird,Protect,Tailwind|Adamant||F|||50|]Maushold-Four||FocusSash|FriendGuard|SuperFang,Protect,FollowMe,Encore|Jolly|||||50|]Ninetales-Alola||NeverMeltIce|SnowWarning|Blizzard,FreezeDry,IcyWind,Protect|Timid||M|||50|]Delphox||Delphoxite|Blaze|HeatWave,Psyshock,Protect,Substitute|Timid||M|||50|]Basculegion||ChoiceScarf|Adaptability|WaveCrash,LastRespects,FlipTurn,AquaJet|Jolly||M|||50|]Kingambit||BlackGlasses|Defiant|KowtowCleave,SuckerPunch,IronHead,Protect|Adamant||M|||50|
|inactive|Battle timer is ON: inactive players will automatically lose when time's up. (requested by worldenddominat0r)
|inactive|Allat78 has 60 seconds left.
|inactive|worldenddominat0r has 60 seconds left.
|
|t:|1782582727
|teamsize|p1|4
|teamsize|p2|4
|start
|switch|p1a: Dragalge|Dragalge, L50, F|100/100
|switch|p1b: Lingote|Incineroar, L50, M|100/100
|switch|p2a: Maushold|Maushold-Four, L50|100/100
|switch|p2b: Kingambit|Kingambit, L50, M|100/100
|-ability|p1b: Lingote|Intimidate|boost
|-unboost|p2a: Maushold|atk|1
|-unboost|p2b: Kingambit|atk|1
|-ability|p2b: Kingambit|Defiant|boost
|-boost|p2b: Kingambit|atk|2
|turn|1
|
|t:|1782582746
|detailschange|p1a: Dragalge|Dragalge-Mega, L50, F
|-mega|p1a: Dragalge|Dragalge|Dragalgite
|move|p2b: Kingambit|Protect|p2b: Kingambit
|-singleturn|p2b: Kingambit|Protect
|move|p1b: Lingote|Fake Out|p2a: Maushold
|-damage|p2a: Maushold|80/100
|cant|p2a: Maushold|flinch
|move|p1a: Dragalge|Focus Blast|p2b: Kingambit
|-activate|p2b: Kingambit|move: Protect
|
|upkeep
|turn|2
|
|t:|1782582761
|switch|p1b: Slowking|Slowking, L50, M|100/100
|move|p2a: Maushold|Super Fang|p1a: Dragalge|[miss]
|-miss|p2a: Maushold|p1a: Dragalge
|move|p2b: Kingambit|Kowtow Cleave|p1a: Dragalge
|-damage|p1a: Dragalge|10/100
|move|p1a: Dragalge|Focus Blast|p2b: Kingambit
|-supereffective|p2b: Kingambit|2
|-damage|p2b: Kingambit|0 fnt
|faint|p2b: Kingambit
|
|upkeep
|
|t:|1782582772
|switch|p2b: Basculegion|Basculegion, L50, M|100/100
|turn|3
|
|t:|1782582789
|-heal|p1a: Dragalge|43/100|[from] ability: Regenerator|[silent]
|switch|p1a: Lingote|Incineroar, L50, M|100/100
|-ability|p1a: Lingote|Intimidate|boost
|-unboost|p2a: Maushold|atk|1
|-unboost|p2b: Basculegion|atk|1
|move|p2b: Basculegion|Last Respects|p1b: Slowking
|-supereffective|p1b: Slowking|1
|-damage|p1b: Slowking|12/100
|-enditem|p1b: Slowking|Sitrus Berry|[eat]
|-heal|p1b: Slowking|37/100|[from] item: Sitrus Berry
|move|p2a: Maushold|Super Fang|p1b: Slowking
|-damage|p1b: Slowking|18/100
|move|p1b: Slowking|Psyshock|p2a: Maushold
|-damage|p2a: Maushold|32/100
|
|upkeep
|turn|4
|inactive|Allat78 has 30 seconds left.
|
|t:|1782582815
|move|p2a: Maushold|Follow Me|p2a: Maushold
|-singleturn|p2a: Maushold|move: Follow Me
|move|p2b: Basculegion|Last Respects|p1b: Slowking
|-supereffective|p1b: Slowking|1
|-damage|p1b: Slowking|0 fnt
|faint|p1b: Slowking
|move|p1a: Lingote|Throat Chop|p2a: Maushold
|-damage|p2a: Maushold|0 fnt
|faint|p2a: Maushold
|
|upkeep
|
|t:|1782582820
|switch|p2a: Staraptor|Staraptor, L50, F|100/100
|switch|p1b: Dragalge|Dragalge-Mega, L50, F|43/100
|-ability|p2a: Staraptor|Intimidate|boost
|-unboost|p1a: Lingote|atk|1
|-unboost|p1b: Dragalge|atk|1
|turn|5
|
|t:|1782582846
|detailschange|p2a: Staraptor|Staraptor-Mega, L50, F
|-mega|p2a: Staraptor|Staraptor|Staraptite
|move|p1b: Dragalge|Protect|p1b: Dragalge
|-singleturn|p1b: Dragalge|Protect
|move|p2b: Basculegion|Last Respects|p1b: Dragalge
|-activate|p1b: Dragalge|move: Protect
|move|p2a: Staraptor|Close Combat|p1a: Lingote
|-supereffective|p1a: Lingote|1
|-enditem|p1a: Lingote|Chople Berry|[eat]
|-enditem|p1a: Lingote|Chople Berry|[weaken]
|-damage|p1a: Lingote|36/100
|-boost|p2a: Staraptor|def|1
|-boost|p2a: Staraptor|spd|1
|move|p1a: Lingote|Throat Chop|p2b: Basculegion
|-supereffective|p2b: Basculegion|1
|-damage|p2b: Basculegion|26/100
|-start|p2b: Basculegion|Throat Chop|[silent]
|
|upkeep
|turn|6
|
|t:|1782582872
|switch|p1a: Sinistcha|Sinistcha, L50|100/100
|-heal|p1b: Dragalge|68/100|[from] ability: Hospitality|[of] p1a: Sinistcha
|move|p2b: Basculegion|Last Respects|p1a: Sinistcha
|-supereffective|p1a: Sinistcha|1
|-damage|p1a: Sinistcha|0 fnt
|faint|p1a: Sinistcha
|move|p2a: Staraptor|Close Combat|p1b: Dragalge
|-resisted|p1b: Dragalge|1
|-damage|p1b: Dragalge|33/100
|-boost|p2a: Staraptor|def|1
|-boost|p2a: Staraptor|spd|1
|move|p1b: Dragalge|Sludge Bomb|p2b: Basculegion
|-resisted|p2b: Basculegion|1
|-damage|p2b: Basculegion|4/100
|
|-end|p2b: Basculegion|Throat Chop|[silent]
|upkeep
|
|t:|1782582881
|switch|p1a: Lingote|Incineroar, L50, M|36/100
|-ability|p1a: Lingote|Intimidate|boost
|-boost|p2a: Staraptor|atk|1
|-unboost|p2b: Basculegion|atk|1
|turn|7
|
|t:|1782582887
|move|p1a: Lingote|Fake Out|p2a: Staraptor
|-damage|p2a: Staraptor|92/100
|move|p2b: Basculegion|Last Respects|p1b: Dragalge
|-damage|p1b: Dragalge|0 fnt
|faint|p1b: Dragalge
|cant|p2a: Staraptor|flinch
|
|upkeep
|turn|8
|
|t:|1782582893
|move|p2b: Basculegion|Last Respects|p1a: Lingote
|-resisted|p1a: Lingote|1
|-damage|p1a: Lingote|13/100
|move|p2a: Staraptor|Close Combat|p1a: Lingote
|-supereffective|p1a: Lingote|1
|-damage|p1a: Lingote|0 fnt
|-boost|p2a: Staraptor|def|1
|-boost|p2a: Staraptor|spd|1
|faint|p1a: Lingote
|
|win|worldenddominat0r
||Allat78 is ready for game 2.
