|j|☆Herdier1590
|j|☆Huasometa
|html|Herdier1590Huasometa    
|uhtml|bestof|Game 2 of a best-of-3
|t:|1784930624
|gametype|doubles
|player|p1|Herdier1590|ethan|1329
|player|p2|Huasometa|elesa|1348
|gen|9
|tier|[Gen 9 Champions] VGC 2026 Reg M-B (Bo3)
|rated|
|rule|Species Clause: Limit one of each Pokémon
|rule|Item Clause: Limit 1 of each item
|clearpoke
|poke|p1|Tyranitar, L50, F|
|poke|p1|Staraptor, L50, F|
|poke|p1|Excadrill, L50, F|
|poke|p1|Milotic, L50, M|
|poke|p1|Gholdengo, L50|
|poke|p1|Sinistcha, L50|
|poke|p2|Chandelure, L50, F|
|poke|p2|Kangaskhan, L50, F|
|poke|p2|Sylveon, L50, F|
|poke|p2|Archaludon, L50, F|
|poke|p2|Rotom-Wash, L50|
|poke|p2|Meowscarada, L50, F|
|teampreview|4
|showteam|p1|Tyranitar||Tyranitarite|SandStream|RockSlide,DragonDance,KnockOff,Protect|Adamant||F|||50|]Staraptor||Staraptite|Intimidate|CloseCombat,BraveBird,Tailwind,Protect|Jolly||F|||50|]Excadrill||FocusSash|SandRush|Earthquake,HighHorsepower,IronHead,Protect|Jolly||F|||50|]Milotic||SitrusBerry|Competitive|Scald,Haze,IcyWind,Protect|Calm||M|||50|]Gholdengo||LifeOrb|GoodasGold|MakeItRain,ShadowBall,NastyPlot,Protect|Modest|||||50|]Sinistcha||KasibBerry|Hospitality|MatchaGotcha,RagePowder,ShadowBall,Protect|Bold|||||50|
|showteam|p2|Chandelure||FocusSash|FlashFire|HeatWave,ShadowBall,TrickRoom,Taunt|Quiet||F|||50|]Kangaskhan||Kangaskhanite|InnerFocus|FakeOut,DoubleEdge,SuckerPunch,HammerArm|Brave||F|||50|]Sylveon||FairyFeather|Pixilate|HyperVoice,Protect,HyperBeam,HelpingHand|Quiet||F|||50|]Archaludon||Leftovers|Stamina|AuraSphere,DracoMeteor,FlashCannon,Protect|Quiet||F|||50|]Rotom-Wash||SitrusBerry|Levitate|ThunderWave,VoltSwitch,HydroPump,Protect|Calm|||||50|]Meowscarada||LifeOrb|Overgrow|KnockOff,FlowerTrick,TripleAxel,Protect|Jolly||F|||50|
|
|t:|1784930658
|teamsize|p1|4
|teamsize|p2|4
|start
|switch|p1a: Gholdengo|Gholdengo, L50|100/100
|switch|p1b: Excadrill|Excadrill, L50, F|100/100
|switch|p2a: Meowscarada|Meowscarada, L50, F|100/100
|switch|p2b: Sylveon|Sylveon, L50, F|100/100
|turn|1
|
|t:|1784930674
|move|p2a: Meowscarada|Protect|p2a: Meowscarada
|-singleturn|p2a: Meowscarada|Protect
|move|p1a: Gholdengo|Protect|p1a: Gholdengo
|-singleturn|p1a: Gholdengo|Protect
|move|p2b: Sylveon|Protect|p2b: Sylveon
|-singleturn|p2b: Sylveon|Protect
|move|p1b: Excadrill|Earthquake|p2a: Meowscarada|[spread] 
|-activate|p1a: Gholdengo|move: Protect
|-activate|p2a: Meowscarada|move: Protect
|-activate|p2b: Sylveon|move: Protect
|
|upkeep
|turn|2
|
|t:|1784930702
|switch|p1a: Staraptor|Staraptor, L50, F|100/100
|-ability|p1a: Staraptor|Intimidate|boost
|-unboost|p2a: Meowscarada|atk|1
|-unboost|p2b: Sylveon|atk|1
|move|p2b: Sylveon|Helping Hand|p2a: Meowscarada
|-singleturn|p2a: Meowscarada|Helping Hand|[of] p2b: Sylveon
|move|p2a: Meowscarada|Triple Axel|p1b: Excadrill
|-damage|p1b: Excadrill|88/100
|-damage|p1b: Excadrill|65/100
|-hitcount|p1b: Excadrill|2
|-damage|p2a: Meowscarada|90/100|[from] item: Life Orb
|move|p1b: Excadrill|Iron Head|p2b: Sylveon
|-supereffective|p2b: Sylveon|1
|-damage|p2b: Sylveon|1/100
|
|upkeep
|turn|3
|
|t:|1784930731
|detailschange|p1a: Staraptor|Staraptor-Mega, L50, F
|-mega|p1a: Staraptor|Staraptor|Staraptite
|move|p2b: Sylveon|Helping Hand|p2a: Meowscarada
|-singleturn|p2a: Meowscarada|Helping Hand|[of] p2b: Sylveon
|move|p2a: Meowscarada|Triple Axel|p1a: Staraptor
|-supereffective|p1a: Staraptor|1
|-damage|p1a: Staraptor|82/100
|-supereffective|p1a: Staraptor|1
|-damage|p1a: Staraptor|48/100
|-supereffective|p1a: Staraptor|1
|-damage|p1a: Staraptor|0 fnt
|faint|p1a: Staraptor
|-hitcount|p1: Staraptor|3
|-damage|p2a: Meowscarada|80/100|[from] item: Life Orb
|move|p1b: Excadrill|Earthquake|p2b: Sylveon|[spread] p2a,p2b
|-resisted|p2a: Meowscarada|1
|-damage|p2a: Meowscarada|49/100
|-damage|p2b: Sylveon|0 fnt
|faint|p2b: Sylveon
|
|upkeep
|
|t:|1784930747
|switch|p1a: Gholdengo|Gholdengo, L50|100/100
|switch|p2b: Kangaskhan|Kangaskhan, L50, F|100/100
|turn|4
|
|t:|1784930765
|detailschange|p2b: Kangaskhan|Kangaskhan-Mega, L50, F
|-mega|p2b: Kangaskhan|Kangaskhan|Kangaskhanite
|move|p2b: Kangaskhan|Sucker Punch|p1a: Gholdengo
|-supereffective|p1a: Gholdengo|1
|-damage|p1a: Gholdengo|54/100
|-supereffective|p1a: Gholdengo|1
|-damage|p1a: Gholdengo|42/100
|-hitcount|p1a: Gholdengo|2
|move|p2a: Meowscarada|Flower Trick|p1b: Excadrill
|-crit|p1b: Excadrill
|-damage|p1b: Excadrill|0 fnt
|faint|p1b: Excadrill
|-damage|p2a: Meowscarada|39/100|[from] item: Life Orb
|move|p1a: Gholdengo|Make It Rain|p2b: Kangaskhan|[spread] p2a,p2b
|-damage|p2a: Meowscarada|0 fnt
|-damage|p2b: Kangaskhan|49/100
|-unboost|p1a: Gholdengo|spa|2
|faint|p2a: Meowscarada
|-damage|p1a: Gholdengo|33/100|[from] item: Life Orb
|
|upkeep
|
|t:|1784930779
|switch|p2a: Chandelure|Chandelure, L50, F|100/100
|switch|p1b: Tyranitar|Tyranitar, L50, F|100/100
|-weather|Sandstorm|[from] ability: Sand Stream|[of] p1b: Tyranitar
|turn|5
|
|t:|1784930797
|move|p1a: Gholdengo|Make It Rain|p2b: Kangaskhan|[spread] p2a,p2b
|-resisted|p2a: Chandelure|1
|-crit|p2b: Kangaskhan
|-damage|p2a: Chandelure|83/100
|-damage|p2b: Kangaskhan|0 fnt
|-unboost|p1a: Gholdengo|spa|2
|faint|p2b: Kangaskhan
|-damage|p1a: Gholdengo|23/100|[from] item: Life Orb
|move|p1b: Tyranitar|Rock Slide|p2a: Chandelure
|-supereffective|p2a: Chandelure|1
|-damage|p2a: Chandelure|0 fnt
|faint|p2a: Chandelure
|
|win|Herdier1590
|raw|Herdier1590's rating: 1329 → 1350(+21 for winning)
|raw|Huasometa's rating: 1348 → 1327(-21 for losing)
|c|☆Herdier1590|gg
|l|☆Herdier1590
|player|p1|
