|j|☆sogreenitslime
|j|☆DINOLONK
|html|sogreenitslimeDINOLONK    
|uhtml|bestof|Game 1 of a best-of-3
|t:|1782578086
|gametype|doubles
|player|p1|sogreenitslime|pokemaniac|1112
|player|p2|DINOLONK|parasollady-gen4|1199
|gen|9
|tier|[Gen 9 Champions] VGC 2026 Reg M-B (Bo3)
|rated|
|rule|Species Clause: Limit one of each Pokémon
|rule|Item Clause: Limit 1 of each item
|clearpoke
|poke|p1|Aerodactyl, L50, F|
|poke|p1|Rotom-Wash, L50|
|poke|p1|Sceptile, L50, F|
|poke|p1|Kingambit, L50, M|
|poke|p1|Sneasler, L50, M|
|poke|p1|Incineroar, L50, M|
|poke|p2|Garchomp, L50, M|
|poke|p2|Charizard, L50, F|
|poke|p2|Toxapex, L50, F|
|poke|p2|Sylveon, L50, M|
|poke|p2|Aerodactyl, L50, M|
|poke|p2|Kingambit, L50, M|
|teampreview|4
|showteam|p1|Aerodactyl||Aerodactylite|Unnerve|Tailwind,RockSlide,DualWingbeat,Protect|Jolly||F|||50|]Rotom-Wash||ChoiceScarf|Levitate|VoltSwitch,Discharge,Electroweb,HydroPump|Timid|||||50|]Sceptile||Sceptilite|Overgrow|EnergyBall,EarthPower,DragonPulse,Protect|Timid||F|||50|]Kingambit||ChopleBerry|Defiant|KowtowCleave,SuckerPunch,IronHead,Protect|Adamant||M|||50|]Sneasler||WhiteHerb|Unburden|DireClaw,CloseCombat,FakeOut,Protect|Jolly||M|||50|]Incineroar||SitrusBerry|Intimidate|WillOWisp,FlareBlitz,PartingShot,FakeOut|Careful||M|||50|
|showteam|p2|Garchomp||SitrusBerry|RoughSkin|Earthquake,RockSlide,DragonClaw,Protect|Adamant||M|||50|]Charizard||CharizarditeY|Blaze|Protect,HeatWave,SolarBeam,WeatherBall|Timid||F|||50|]Toxapex||Leftovers|Regenerator|Infestation,Toxic,BanefulBunker,WideGuard|Bold||F|||50|]Sylveon||FairyFeather|Pixilate|HyperVoice,HyperBeam,QuickAttack,Detect|Modest||M|||50|]Aerodactyl||Aerodactylite|Unnerve|RockSlide,IceFang,DualWingbeat,Tailwind|Jolly||M|||50|]Kingambit||FocusSash|Defiant|SuckerPunch,KowtowCleave,LowKick,IronHead|Adamant||M|||50|
|inactive|Battle timer is ON: inactive players will automatically lose when time's up. (requested by DINOLONK)
|inactive|sogreenitslime has 60 seconds left.
|
|t:|1782578129
|teamsize|p1|4
|teamsize|p2|4
|start
|switch|p1a: Sceptile|Sceptile, L50, F|100/100
|switch|p1b: Rotom|Rotom-Wash, L50|100/100
|switch|p2a: Toxapex|Toxapex, L50, F|100/100
|switch|p2b: Aerodactyl|Aerodactyl, L50, M|100/100
|-ability|p2b: Aerodactyl|Unnerve
|turn|1
|
|t:|1782578155
|detailschange|p2b: Aerodactyl|Aerodactyl-Mega, L50, M
|-mega|p2b: Aerodactyl|Aerodactyl|Aerodactylite
|detailschange|p1a: Sceptile|Sceptile-Mega, L50, F
|-mega|p1a: Sceptile|Sceptile|Sceptilite
|move|p2a: Toxapex|Wide Guard|p2a: Toxapex
|-singleturn|p2a: Toxapex|Wide Guard
|move|p1b: Rotom|Discharge|p2b: Aerodactyl|[spread] 
|-activate|p2a: Toxapex|move: Wide Guard
|-activate|p2b: Aerodactyl|move: Wide Guard
|-ability|p1a: Sceptile|Lightning Rod|boost
|-boost|p1a: Sceptile|spa|1
|move|p2b: Aerodactyl|Ice Fang|p1a: Sceptile
|-supereffective|p1a: Sceptile|2
|-damage|p1a: Sceptile|0 fnt
|faint|p1a: Sceptile
|
|upkeep
|
|t:|1782578171
|switch|p1a: Incineroar|Incineroar, L50, M|100/100
|-ability|p1a: Incineroar|Intimidate|boost
|-unboost|p2a: Toxapex|atk|1
|-unboost|p2b: Aerodactyl|atk|1
|turn|2
|
|t:|1782578182
|switch|p1b: Sneasler|Sneasler, L50, M|100/100
|switch|p2b: Garchomp|Garchomp, L50, M|100/100
|move|p1a: Incineroar|Will-O-Wisp|p2b: Garchomp
|-status|p2b: Garchomp|brn
|move|p2a: Toxapex|Toxic|p1a: Incineroar
|-status|p1a: Incineroar|tox
|
|-damage|p1a: Incineroar|94/100 tox|[from] psn
|-damage|p2b: Garchomp|93/100 brn|[from] brn
|upkeep
|turn|3
|inactive|sogreenitslime has 30 seconds left.
|
|t:|1782578210
|move|p2b: Garchomp|Protect|p2b: Garchomp
|-singleturn|p2b: Garchomp|Protect
|move|p1b: Sneasler|Fake Out|p2b: Garchomp
|-activate|p2b: Garchomp|move: Protect
|move|p1a: Incineroar|Flare Blitz|p2a: Toxapex
|-resisted|p2a: Toxapex|1
|-damage|p2a: Toxapex|84/100
|-damage|p1a: Incineroar|90/100 tox|[from] Recoil
|move|p2a: Toxapex|Infestation|p1a: Incineroar
|-damage|p1a: Incineroar|87/100 tox
|-activate|p1a: Incineroar|move: Infestation|[of] p2a: Toxapex
|
|-heal|p2a: Toxapex|90/100|[from] item: Leftovers
|-damage|p1a: Incineroar|75/100 tox|[from] psn
|-damage|p2b: Garchomp|87/100 brn|[from] brn
|-damage|p1a: Incineroar|63/100 tox|[from] move: Infestation|[partiallytrapped]
|upkeep
|turn|4
|inactive|sogreenitslime has 30 seconds left.
|
|t:|1782578236
|switch|p2b: Kingambit|Kingambit, L50, M|100/100
|move|p1b: Sneasler|Close Combat|p2b: Kingambit
|-supereffective|p2b: Kingambit|2
|-enditem|p2b: Kingambit|Focus Sash
|-damage|p2b: Kingambit|1/100
|-unboost|p1b: Sneasler|def|1
|-unboost|p1b: Sneasler|spd|1
|-enditem|p1b: Sneasler|White Herb
|-clearnegativeboost|p1b: Sneasler|[silent]
|move|p1a: Incineroar|Parting Shot|p2b: Kingambit
|-unboost|p2b: Kingambit|atk|1
|-ability|p2b: Kingambit|Defiant|boost
|-boost|p2b: Kingambit|atk|2
|-unboost|p2b: Kingambit|spa|1
|-ability|p2b: Kingambit|Defiant|boost
|-boost|p2b: Kingambit|atk|2
|
|t:|1782578251
|switch|p1a: Rotom|Rotom-Wash, L50|100/100|[from] Parting Shot
|move|p2a: Toxapex|Infestation|p1b: Sneasler
|-resisted|p1b: Sneasler|2
|-damage|p1b: Sneasler|99/100
|-activate|p1b: Sneasler|move: Infestation|[of] p2a: Toxapex
|
|-heal|p2a: Toxapex|96/100|[from] item: Leftovers
|-damage|p1b: Sneasler|87/100|[from] move: Infestation|[partiallytrapped]
|upkeep
|turn|5
|
|t:|1782578263
|move|p1b: Sneasler|Protect|p1b: Sneasler
|-singleturn|p1b: Sneasler|Protect
|move|p2b: Kingambit|Sucker Punch||[still]
|-fail|p2b: Kingambit
|move|p1a: Rotom|Hydro Pump|p2b: Kingambit
|-damage|p2b: Kingambit|0 fnt
|faint|p2b: Kingambit
|move|p2a: Toxapex|Toxic|p1a: Rotom
|-status|p1a: Rotom|tox
|
|-heal|p2a: Toxapex|100/100|[from] item: Leftovers
|-damage|p1a: Rotom|94/100 tox|[from] psn
|-damage|p1b: Sneasler|75/100|[from] move: Infestation|[partiallytrapped]
|upkeep
|
|t:|1782578267
|switch|p2b: Garchomp|Garchomp, L50, M|87/100 brn
|turn|6
|
|t:|1782578282
|move|p1b: Sneasler|Close Combat|p2b: Garchomp
|-damage|p2b: Garchomp|34/100 brn
|-unboost|p1b: Sneasler|def|1
|-unboost|p1b: Sneasler|spd|1
|-damage|p1b: Sneasler|63/100|[from] ability: Rough Skin|[of] p2b: Garchomp
|-enditem|p2b: Garchomp|Sitrus Berry|[eat]
|-heal|p2b: Garchomp|59/100 brn|[from] item: Sitrus Berry
|move|p1a: Rotom|Hydro Pump|p2b: Garchomp
|-damage|p2b: Garchomp|13/100 brn
|move|p2b: Garchomp|Rock Slide|p1a: Rotom|[spread] p1a,p1b
|-resisted|p1b: Sneasler|1
|-damage|p1a: Rotom|81/100 tox
|-damage|p1b: Sneasler|50/100g
|move|p2a: Toxapex|Infestation|p1a: Rotom
|-damage|p1a: Rotom|76/100 tox
|-activate|p1a: Rotom|move: Infestation|[of] p2a: Toxapex
|
|-damage|p1a: Rotom|65/100 tox|[from] psn
|-damage|p2b: Garchomp|7/100 brn|[from] brn
|-damage|p1b: Sneasler|38/100|[from] move: Infestation|[partiallytrapped]
|-damage|p1a: Rotom|53/100 tox|[from] move: Infestation|[partiallytrapped]
|upkeep
|turn|7
|
|t:|1782578305
|move|p2b: Garchomp|Protect|p2b: Garchomp
|-singleturn|p2b: Garchomp|Protect
|move|p1b: Sneasler|Close Combat|p2a: Toxapex
|-resisted|p2a: Toxapex|1
|-damage|p2a: Toxapex|78/100
|-unboost|p1b: Sneasler|def|1
|-unboost|p1b: Sneasler|spd|1
|move|p1a: Rotom|Hydro Pump|p2b: Garchomp
|-activate|p2b: Garchomp|move: Protect
|move|p2a: Toxapex|Infestation|p1b: Sneasler
|-resisted|p1b: Sneasler|2
|-damage|p1b: Sneasler|36/100
|
|-heal|p2a: Toxapex|84/100|[from] item: Leftovers
|-damage|p1a: Rotom|37/100 tox|[from] psn
|-damage|p2b: Garchomp|1/100 brn|[from] brn
|-damage|p1b: Sneasler|24/100|[from] move: Infestation|[partiallytrapped]
|-damage|p1a: Rotom|25/100 tox|[from] move: Infestation|[partiallytrapped]
|upkeep
|turn|8
|
|t:|1782578328
|move|p1b: Sneasler|Close Combat|p2a: Toxapex
|-resisted|p2a: Toxapex|1
|-damage|p2a: Toxapex|64/100
|-unboost|p1b: Sneasler|def|1
|-unboost|p1b: Sneasler|spd|1
|move|p1a: Rotom|Hydro Pump|p2b: Garchomp
|-damage|p2b: Garchomp|0 fnt
|faint|p2b: Garchomp
|move|p2a: Toxapex|Infestation|p1b: Sneasler
|-resisted|p1b: Sneasler|2
|-damage|p1b: Sneasler|22/100
|
|-heal|p2a: Toxapex|70/100|[from] item: Leftovers
|-damage|p1a: Rotom|3/100 tox|[from] psn
|-damage|p1b: Sneasler|10/100|[from] move: Infestation|[partiallytrapped]
|-damage|p1a: Rotom|0 fnt|[from] move: Infestation|[partiallytrapped]
|faint|p1a: Rotom
|upkeep
|
|t:|1782578344
|switch|p1a: Incineroar|Incineroar, L50, M|63/100 tox
|switch|p2b: Aerodactyl|Aerodactyl-Mega, L50, M|100/100
|-ability|p1a: Incineroar|Intimidate|boost
|-unboost|p2a: Toxapex|atk|1
|-unboost|p2b: Aerodactyl|atk|1
|turn|9
|
|t:|1782578355
|move|p1a: Incineroar|Fake Out|p2b: Aerodactyl
|-resisted|p2b: Aerodactyl|1
|-damage|p2b: Aerodactyl|94/100
|move|p1b: Sneasler|Dire Claw|p2b: Aerodactyl
|-resisted|p2b: Aerodactyl|1
|-crit|p2b: Aerodactyl
|-damage|p2b: Aerodactyl|57/100
|-status|p2b: Aerodactyl|psn
|cant|p2b: Aerodactyl|flinch
|move|p2a: Toxapex|Infestation|p1a: Incineroar
|-damage|p1a: Incineroar|60/100 tox
|-activate|p1a: Incineroar|move: Infestation|[of] p2a: Toxapex
|
|-heal|p2a: Toxapex|76/100|[from] item: Leftovers
|-damage|p2b: Aerodactyl|45/100 psn|[from] psn
|-damage|p1a: Incineroar|54/100 tox|[from] psn
|-end|p1b: Sneasler|Infestation|[partiallytrapped]
|-damage|p1a: Incineroar|42/100 tox|[from] move: Infestation|[partiallytrapped]
|upkeep
|-enditem|p1a: Incineroar|Sitrus Berry|[eat]
|-heal|p1a: Incineroar|66/100 tox|[from] item: Sitrus Berry
|turn|10
|inactive|sogreenitslime has 30 seconds left.
|
|t:|1782578381
|move|p1b: Sneasler|Close Combat|p2b: Aerodactyl
|-damage|p2b: Aerodactyl|0 fnt
|-unboost|p1b: Sneasler|def|1
|-unboost|p1b: Sneasler|spd|1
|faint|p2b: Aerodactyl
|move|p1a: Incineroar|Will-O-Wisp|p2a: Toxapex
|-status|p2a: Toxapex|brn
|move|p2a: Toxapex|Infestation|p1b: Sneasler
|-resisted|p1b: Sneasler|2
|-damage|p1b: Sneasler|7/100
|-activate|p1b: Sneasler|move: Infestation|[of] p2a: Toxapex
|
|-heal|p2a: Toxapex|82/100 brn|[from] item: Leftovers
|-damage|p1a: Incineroar|54/100 tox|[from] psn
|-damage|p2a: Toxapex|76/100 brn|[from] brn
|-damage|p1b: Sneasler|0 fnt|[from] move: Infestation|[partiallytrapped]
|faint|p1b: Sneasler
|-damage|p1a: Incineroar|42/100 tox|[from] move: Infestation|[partiallytrapped]
|upkeep
|turn|11
|
|t:|1782578398
|move|p2a: Toxapex|Baneful Bunker|p2a: Toxapex
|-singleturn|p2a: Toxapex|move: Protect
|move|p1a: Incineroar|Flare Blitz|p2a: Toxapex
|-activate|p2a: Toxapex|move: Protect
|
|-heal|p2a: Toxapex|82/100 brn|[from] item: Leftovers
|-damage|p1a: Incineroar|24/100 tox|[from] psn
|-damage|p2a: Toxapex|76/100 brn|[from] brn
|-damage|p1a: Incineroar|12/100 tox|[from] move: Infestation|[partiallytrapped]
|upkeep
|turn|12
|
|t:|1782578408
|move|p1a: Incineroar|Flare Blitz|p2a: Toxapex
|-resisted|p2a: Toxapex|1
|-damage|p2a: Toxapex|60/100 brn
|-damage|p1a: Incineroar|8/100 tox|[from] Recoil
|move|p2a: Toxapex|Infestation|p1a: Incineroar
|-crit|p1a: Incineroar
|-damage|p1a: Incineroar|4/100 tox
|
|-heal|p2a: Toxapex|66/100 brn|[from] item: Leftovers
|-damage|p1a: Incineroar|0 fnt|[from] psn
|faint|p1a: Incineroar
|
|win|DINOLONK
