|j|☆StuvStuv VGC
|j|☆maxibeasm
|html|StuvStuv VGCmaxibeasm    
|uhtml|bestof|Game 1 of a best-of-3
|t:|1783536367
|gametype|doubles
|player|p1|StuvStuv VGC|caitlin|1074
|player|p2|maxibeasm|265|1000
|gen|9
|tier|[Gen 9 Champions] VGC 2026 Reg M-B (Bo3)
|rated|
|rule|Species Clause: Limit one of each Pokémon
|rule|Item Clause: Limit 1 of each item
|clearpoke
|poke|p1|Gengar, L50, M|
|poke|p1|Politoed, L50, F|
|poke|p1|Farigiraf, L50, M|
|poke|p1|Incineroar, L50, M|
|poke|p1|Swampert, L50, M|
|poke|p1|Garchomp, L50, F|
|poke|p2|Delphox, L50, M|
|poke|p2|Floette-Eternal, L50, F|
|poke|p2|Garchomp, L50, M|
|poke|p2|Incineroar, L50, F|
|poke|p2|Sinistcha, L50|
|poke|p2|Sneasler, L50, F|
|teampreview|4
|showteam|p1|Gengar||Gengarite|CursedBody|SludgeBomb,ShadowBall,PerishSong,Protect|Timid||M|||50|]Politoed||Leftovers|Drizzle|WeatherBall,IceBeam,PerishSong,Protect|Sassy||F|||50|]Farigiraf||LumBerry|ArmorTail|TwinBeam,Thunderbolt,HelpingHand,TrickRoom|Sassy||M|||50|]Incineroar||SitrusBerry|Intimidate|FakeOut,ThroatChop,PartingShot,Protect|Adamant||M|||50|]Swampert||Swampertite|Torrent|WaveCrash,Earthquake,FlipTurn,Protect|Adamant||M|||50|]Garchomp||LifeOrb|RoughSkin|DragonClaw,StompingTantrum,RockSlide,Protect|Jolly||F|||50|
|showteam|p2|Delphox||Delphoxite|Blaze|Protect,HeatWave,Psyshock,NastyPlot|Timid||M|||50|]Floette-Eternal||Floettite|FlowerVeil|Protect,Moonblast,DazzlingGleam,CalmMind|Modest||F|||50|]Garchomp||ChoiceScarf|RoughSkin|RockSlide,Earthquake,StompingTantrum,DragonClaw|Serious||M|||50|]Incineroar||PasshoBerry|Intimidate|FakeOut,PartingShot,FlareBlitz,ThroatChop|Impish||F|||50|]Sinistcha||SitrusBerry|Hospitality|Protect,RagePowder,MatchaGotcha,TrickRoom|Bold|||||50|]Sneasler||FocusSash|PoisonTouch|FakeOut,CloseCombat,DireClaw,QuickGuard|Jolly||F|||50|
|inactive|Battle timer is ON: inactive players will automatically lose when time's up. (requested by maxibeasm)
|inactive|StuvStuv VGC has 60 seconds left.
|inactive|maxibeasm has 60 seconds left.
|
|t:|1783536409
|teamsize|p1|4
|teamsize|p2|4
|start
|switch|p1a: Incineroar|Incineroar, L50, M|100/100
|switch|p1b: Politoed|Politoed, L50, F|100/100
|switch|p2a: Incineroar|Incineroar, L50, F|100/100
|switch|p2b: Floette|Floette-Eternal, L50, F|100/100
|-ability|p2a: Incineroar|Intimidate|boost
|-unboost|p1a: Incineroar|atk|1
|-unboost|p1b: Politoed|atk|1
|-weather|RainDance|[from] ability: Drizzle|[of] p1b: Politoed
|-ability|p1a: Incineroar|Intimidate|boost
|-unboost|p2a: Incineroar|atk|1
|-unboost|p2b: Floette|atk|1
|turn|1
|
|t:|1783536426
|switch|p1a: Gengar|Gengar, L50, M|100/100
|move|p2a: Incineroar|Fake Out|p1a: Gengar
|-immune|p1a: Gengar
|move|p2b: Floette|Calm Mind|p2b: Floette
|-boost|p2b: Floette|spa|1
|-boost|p2b: Floette|spd|1
|move|p1b: Politoed|Perish Song|p1b: Politoed
|-start|p1a: Gengar|perish3|[silent]
|-start|p1b: Politoed|perish3|[silent]
|-start|p2a: Incineroar|perish3|[silent]
|-start|p2b: Floette|perish3|[silent]
|-fieldactivate|move: Perish Song
|
|-weather|RainDance|[upkeep]
|-start|p1a: Gengar|perish3
|-start|p2b: Floette|perish3
|-start|p2a: Incineroar|perish3
|-start|p1b: Politoed|perish3
|upkeep
|turn|2
|
|t:|1783536444
|switch|p1b: Incineroar|Incineroar, L50, M|100/100
|-ability|p1b: Incineroar|Intimidate|boost
|-unboost|p2a: Incineroar|atk|1
|-unboost|p2b: Floette|atk|1
|detailschange|p1a: Gengar|Gengar-Mega, L50, M
|-mega|p1a: Gengar|Gengar|Gengarite
|detailschange|p2b: Floette|Floette-Mega, L50, F
|-mega|p2b: Floette|Floette|Floettite
|-ability|p2b: Floette|Fairy Aura
|move|p1a: Gengar|Protect|p1a: Gengar
|-singleturn|p1a: Gengar|Protect
|move|p2b: Floette|Moonblast|p1b: Incineroar
|-damage|p1b: Incineroar|8/100
|-enditem|p1b: Incineroar|Sitrus Berry|[eat]
|-heal|p1b: Incineroar|33/100|[from] item: Sitrus Berry
|move|p2a: Incineroar|Parting Shot|p2b: Floette
|-unboost|p2b: Floette|atk|1
|-unboost|p2b: Floette|spa|1
|
|t:|1783536458
|switch|p2a: Garchomp|Garchomp, L50, M|100/100|[from] Parting Shot
|
|-weather|RainDance|[upkeep]
|-start|p1a: Gengar|perish2
|-start|p2b: Floette|perish2
|upkeep
|turn|3
|
|t:|1783536479
|move|p1b: Incineroar|Fake Out|p2a: Garchomp
|-damage|p2a: Garchomp|86/100
|-damage|p1b: Incineroar|20/100y|[from] ability: Rough Skin|[of] p2a: Garchomp
|cant|p2a: Garchomp|flinch
|move|p1a: Gengar|Shadow Ball|p2a: Garchomp
|-damage|p2a: Garchomp|39/100
|move|p2b: Floette|Dazzling Gleam|p1b: Incineroar|[spread] p1a,p1b
|-resisted|p1a: Gengar|1
|-damage|p1a: Gengar|75/100
|-damage|p1b: Incineroar|0 fnt
|faint|p1b: Incineroar
|
|-weather|RainDance|[upkeep]
|-start|p1a: Gengar|perish1
|-start|p2b: Floette|perish1
|upkeep
|
|t:|1783536500
|switch|p1b: Politoed|Politoed, L50, F|100/100
|turn|4
|
|t:|1783536518
|switch|p1a: Farigiraf|Farigiraf, L50, M|100/100
|move|p2a: Garchomp|Stomping Tantrum|p1a: Farigiraf
|-damage|p1a: Farigiraf|37/100
|move|p2b: Floette|Dazzling Gleam|p1b: Politoed|[spread] p1a,p1b
|-crit|p1b: Politoed
|-damage|p1a: Farigiraf|0 fnt
|-damage|p1b: Politoed|49/100
|faint|p1a: Farigiraf
|move|p1b: Politoed|Ice Beam|p2a: Garchomp
|-supereffective|p2a: Garchomp|2
|-damage|p2a: Garchomp|0 fnt
|faint|p2a: Garchomp
|
|-weather|RainDance|[upkeep]
|-heal|p1b: Politoed|55/100|[from] item: Leftovers
|-start|p2b: Floette|perish0
|upkeep
|faint|p2b: Floette
|
|t:|1783536529
|switch|p2a: Incineroar|Incineroar, L50, F|100/100
|switch|p2b: Sinistcha|Sinistcha, L50|100/100
|switch|p1a: Gengar|Gengar-Mega, L50, M|75/100
|-ability|p2a: Incineroar|Intimidate|boost
|-unboost|p1a: Gengar|atk|1
|-unboost|p1b: Politoed|atk|1
|turn|5
|inactive|maxibeasm has 30 seconds left.
|
|t:|1783536561
|move|p1a: Gengar|Protect|p1a: Gengar
|-singleturn|p1a: Gengar|Protect
|move|p2b: Sinistcha|Protect|p2b: Sinistcha
|-singleturn|p2b: Sinistcha|Protect
|move|p2a: Incineroar|Throat Chop|p1a: Gengar
|-activate|p1a: Gengar|move: Protect
|move|p1b: Politoed|Ice Beam|p2b: Sinistcha
|-activate|p2b: Sinistcha|move: Protect
|
|-weather|none
|-heal|p1b: Politoed|61/100|[from] item: Leftovers
|upkeep
|turn|6
|
|t:|1783536580
|move|p1a: Gengar|Sludge Bomb|p2a: Incineroar
|-crit|p2a: Incineroar
|-damage|p2a: Incineroar|22/100
|-status|p2a: Incineroar|psn
|move|p2a: Incineroar|Throat Chop|p1a: Gengar
|-supereffective|p1a: Gengar|1
|-damage|p1a: Gengar|3/100
|-start|p1a: Gengar|Throat Chop|[silent]
|move|p2b: Sinistcha|Matcha Gotcha|p1b: Politoed|[spread] p1a,p1b
|-resisted|p1a: Gengar|1
|-supereffective|p1b: Politoed|1
|-damage|p1a: Gengar|0 fnt
|-damage|p1b: Politoed|27/100
|-status|p1b: Politoed|brn
|faint|p1a: Gengar
|move|p1b: Politoed|Perish Song|p1b: Politoed
|-start|p1b: Politoed|perish3|[silent]
|-start|p2a: Incineroar|perish3|[silent]
|-start|p2b: Sinistcha|perish3|[silent]
|-fieldactivate|move: Perish Song
|
|-heal|p1b: Politoed|34/100 brn|[from] item: Leftovers
|-damage|p2a: Incineroar|9/100 psn|[from] psn
|-damage|p1b: Politoed|27/100 brn|[from] brn
|-start|p2a: Incineroar|perish3
|-start|p2b: Sinistcha|perish3
|-start|p1b: Politoed|perish3
|upkeep
|turn|7
|inactive|maxibeasm has 30 seconds left.
|inactive|maxibeasm has 20 seconds left.
|
|t:|1783536620
|move|p1b: Politoed|Protect|p1b: Politoed
|-singleturn|p1b: Politoed|Protect
|move|p2a: Incineroar|Throat Chop|p1b: Politoed
|-activate|p1b: Politoed|move: Protect
|move|p2b: Sinistcha|Matcha Gotcha|p1b: Politoed
|-activate|p1b: Politoed|move: Protect
|
|-heal|p1b: Politoed|34/100 brn|[from] item: Leftovers
|-damage|p2a: Incineroar|0 fnt|[from] psn
|faint|p2a: Incineroar
|-damage|p1b: Politoed|27/100 brn|[from] brn
|-start|p2b: Sinistcha|perish2
|-start|p1b: Politoed|perish2
|upkeep
|turn|8
|
|t:|1783536625
|move|p1b: Politoed|Protect||[still]
|-fail|p1b: Politoed
|move|p2b: Sinistcha|Trick Room|p2b: Sinistcha
|-fieldstart|move: Trick Room|[of] p2b: Sinistcha
|
|-heal|p1b: Politoed|34/100 brn|[from] item: Leftovers
|-damage|p1b: Politoed|27/100 brn|[from] brn
|-start|p1b: Politoed|perish1
|-start|p2b: Sinistcha|perish1
|upkeep
|turn|9
|
|t:|1783536633
|move|p1b: Politoed|Protect|p1b: Politoed
|-singleturn|p1b: Politoed|Protect
|move|p2b: Sinistcha|Protect||[still]
|-fail|p2b: Sinistcha
|
|-heal|p1b: Politoed|34/100 brn|[from] item: Leftovers
|-damage|p1b: Politoed|27/100 brn|[from] brn
|-start|p1b: Politoed|perish0
|-start|p2b: Sinistcha|perish0
|faint|p1b: Politoed
|faint|p2b: Sinistcha
|
|win|maxibeasm
