|j|☆WestyLiam
|j|☆darthmorton
|html|WestyLiamdarthmorton    
|uhtml|bestof|Game 3 of a best-of-3
|t:|1754263054
|gametype|doubles
|player|p1|WestyLiam|266|1218
|player|p2|darthmorton|ingo|1295
|gen|9
|tier|[Gen 9] VGC 2025 Reg H (Bo3)
|rated|
|rule|Species Clause: Limit one of each Pokémon
|rule|Item Clause: Limit 1 of each item
|clearpoke
|poke|p1|Garchomp, L50, F|
|poke|p1|Jumpluff, L50, F|
|poke|p1|Torkoal, L50, F|
|poke|p1|Dragonite, L50, F|
|poke|p1|Kingambit, L50, M|
|poke|p1|Typhlosion-Hisui, L50, M|
|poke|p2|Kommo-o, L50, F|
|poke|p2|Rillaboom, L50, M|
|poke|p2|Clefairy, L50, F|
|poke|p2|Kingambit, L50, M|
|poke|p2|Sneasler, L50, F|
|poke|p2|Gyarados, L50, F|
|teampreview|4
|showteam|p1|Garchomp||LifeOrb|RoughSkin|DragonClaw,StompingTantrum,Earthquake,Protect|||F|||50|,,,,,Fairy]Jumpluff||CovertCloak|Chlorophyll|LeafStorm,SleepPowder,Encore,Tailwind|||F|||50|,,,,,Poison]Torkoal||EjectPack|Drought|Overheat,BurningJealousy,HelpingHand,Protect|||F|||50|,,,,,Flying]Dragonite||LoadedDice|Multiscale|ScaleShot,ExtremeSpeed,IceSpinner,Protect|||F|||50|,,,,,Fairy]Kingambit||AssaultVest|Defiant|IronHead,SuckerPunch,Assurance,LowKick|||M|||50|,,,,,Flying]Typhlosion-Hisui||ChoiceSpecs|Blaze|Eruption,ShadowBall,HeatWave,Overheat|||M|||50|,,,,,Fire
|showteam|p2|Kommo-o||ThroatSpray|Overcoat|ClangingScales,Flamethrower,ClangorousSoul,Protect|||F|||50|,,,,,Fire]Rillaboom||AssaultVest|GrassySurge|FakeOut,WoodHammer,GrassyGlide,Uturn|||M|||50|,,,,,Fire]Clefairy||Eviolite|FriendGuard|FollowMe,HelpingHand,Protect,LifeDew|||F|||50|,,,,,Grass]Kingambit||BlackGlasses|Defiant|KowtowCleave,SuckerPunch,IronHead,Protect|||M|||50|,,,,,Ghost]Sneasler||GrassySeed|Unburden|FakeOut,CloseCombat,DireClaw,Coaching|||F|||50|,,,,,Ghost]Gyarados||CovertCloak|Intimidate|Waterfall,Taunt,IronHead,ThunderWave|||F|||50|,,,,,Fairy
|inactive|Battle timer is ON: inactive players will automatically lose when time's up. (requested by darthmorton)
|
|t:|1754263081
|teamsize|p1|4
|teamsize|p2|4
|start
|switch|p1a: Jumpluff|Jumpluff, L50, F|100/100
|switch|p1b: Torkoal|Torkoal, L50, F|100/100
|switch|p2a: Blake|Kommo-o, L50, F, shiny|100/100
|switch|p2b: AJ|Rillaboom, L50, M, shiny|100/100
|-fieldstart|move: Grassy Terrain|[from] ability: Grassy Surge|[of] p2b: AJ
|-weather|SunnyDay|[from] ability: Drought|[of] p1b: Torkoal
|turn|1
|
|t:|1754263094
|switch|p1b: Typhlosion|Typhlosion-Hisui, L50, M|100/100
|move|p2b: AJ|Fake Out|p1b: Typhlosion
|-immune|p1b: Typhlosion
|move|p1a: Jumpluff|Encore|p2b: AJ
|-start|p2b: AJ|Encore
|move|p2a: Blake|Clanging Scales|p1b: Typhlosion|[spread] p1a,p1b
|-damage|p1a: Jumpluff|60/100
|-damage|p1b: Typhlosion|49/100
|-unboost|p2a: Blake|def|1
|-enditem|p2a: Blake|Throat Spray
|-boost|p2a: Blake|spa|1|[from] item: Throat Spray
|
|-weather|SunnyDay|[upkeep]
|-heal|p1b: Typhlosion|56/100|[from] Grassy Terrain
|upkeep
|turn|2
|inactive|darthmorton has 30 seconds left.
|
|t:|1754263127
|-terastallize|p1b: Typhlosion|Fire
|move|p2b: AJ|Fake Out||[still]
|-hint|Fake Out only works on your first turn out.
|-fail|p2b: AJ
|move|p1a: Jumpluff|Sleep Powder|p2b: AJ
|-immune|p2b: AJ
|move|p1b: Typhlosion|Overheat|p2a: Blake
|-resisted|p2a: Blake
|-damage|p2a: Blake|0 fnt
|-unboost|p1b: Typhlosion|spa|2
|faint|p2a: Blake
|
|-weather|SunnyDay|[upkeep]
|-heal|p1b: Typhlosion|62/100|[from] Grassy Terrain
|upkeep
|
|t:|1754263138
|switch|p2a: Craig|Sneasler, L50, F, shiny|100/100
|-enditem|p2a: Craig|Grassy Seed
|-boost|p2a: Craig|def|1|[from] item: Grassy Seed
|turn|3
|
|t:|1754263158
|switch|p2b: Jackson|Kingambit, L50, M, shiny|100/100
|move|p1a: Jumpluff|Sleep Powder|p2a: Craig
|-status|p2a: Craig|slp|[from] move: Sleep Powder
|cant|p2a: Craig|slp
|move|p1b: Typhlosion|Overheat|p2a: Craig
|-damage|p2a: Craig|0 fnt
|-unboost|p1b: Typhlosion|spa|2
|faint|p2a: Craig
|
|-weather|SunnyDay|[upkeep]
|-heal|p1b: Typhlosion|68/100|[from] Grassy Terrain
|upkeep
|
|t:|1754263161
|switch|p2a: AJ|Rillaboom, L50, M, shiny|100/100
|turn|4
|
|t:|1754263183
|switch|p1b: Torkoal|Torkoal, L50, F|100/100
|-terastallize|p2a: AJ|Fire
|move|p2b: Jackson|Protect|p2b: Jackson
|-singleturn|p2b: Jackson|Protect
|move|p1a: Jumpluff|Sleep Powder|p2b: Jackson
|-activate|p2b: Jackson|move: Protect
|move|p2a: AJ|U-turn|p1a: Jumpluff
|-damage|p1a: Jumpluff|32/100
|
|-weather|SunnyDay|[upkeep]
|upkeep
|turn|5
|
|t:|1754263208
|move|p2b: Jackson|Sucker Punch|p1b: Torkoal
|-damage|p1b: Torkoal|59/100
|move|p1a: Jumpluff|Encore|p2b: Jackson
|-start|p2b: Jackson|Encore
|move|p2a: AJ|Wood Hammer|p1b: Torkoal
|-resisted|p1b: Torkoal
|-damage|p1b: Torkoal|27/100
|-damage|p2a: AJ|92/100|[from] Recoil
|move|p1b: Torkoal|Overheat|p2b: Jackson
|-supereffective|p2b: Jackson
|-damage|p2b: Jackson|0 fnt
|-unboost|p1b: Torkoal|spa|2
|faint|p2b: Jackson
|-enditem|p1b: Torkoal|Eject Pack
|
|t:|1754263213
|switch|p1b: Dragonite|Dragonite, L50, F|100/100
|
|-weather|none
|-heal|p2a: AJ|98/100|[from] Grassy Terrain
|-fieldend|move: Grassy Terrain
|upkeep
|turn|6
|-message|darthmorton forfeited.
|
|win|WestyLiam
|raw|WestyLiam's rating: 1218 → 1248(+30 for winning)
|raw|darthmorton's rating: 1295 → 1265(-30 for losing)
