|j|☆Sinho77
|j|☆cesc19
|html|Sinho77cesc19    
|uhtml|bestof|Game 2 of a best-of-3
|t:|1782206783
|gametype|doubles
|player|p1|Sinho77|tate|1065
|player|p2|cesc19|102|1138
|gen|9
|tier|[Gen 9 Champions] VGC 2026 Reg M-B (Bo3)
|rated|
|rule|Species Clause: Limit one of each Pokémon
|rule|Item Clause: Limit 1 of each item
|clearpoke
|poke|p1|Swampert, L50, F|
|poke|p1|Pelipper, L50, F|
|poke|p1|Rotom-Heat, L50|
|poke|p1|Kingambit, L50, F|
|poke|p1|Venusaur, L50, M|
|poke|p1|Dragonite, L50, M|
|poke|p2|Pyroar, L50, F|
|poke|p2|Venusaur, L50, F|
|poke|p2|Torkoal, L50, M|
|poke|p2|Mimikyu, L50, F|
|poke|p2|Garchomp, L50, M|
|poke|p2|Scrafty, L50, F|
|teampreview|4
|showteam|p1|Swampert||Swampertite|Torrent|Earthquake,WaveCrash,Protect,RockSlide|Adamant||F|||50|]Pelipper||SitrusBerry|Drizzle|Hurricane,WeatherBall,Tailwind,Protect|Bold||F|||50|]Rotom-Heat||Leftovers|Levitate|Overheat,VoltSwitch,WillOWisp,Protect|Bold|||||50|]Kingambit||BlackGlasses|Defiant|KowtowCleave,SuckerPunch,IronHead,Protect|Adamant||F|||50|]Venusaur||FocusSash|Chlorophyll|EnergyBall,SludgeBomb,SleepPowder,Protect|Modest||M|||50|]Dragonite||Dragoninite|Multiscale|DragonPulse,Hurricane,Thunderbolt,Protect|Modest||M|||50|
|showteam|p2|Pyroar||Pyroarite|Unnerve|HeatWave,SolarBeam,Overheat,Protect|Timid||F|||50|]Venusaur||FocusSash|Chlorophyll|EnergyBall,SludgeBomb,AcidSpray,Protect|Modest||F|||50|]Torkoal||Charcoal|Drought|Eruption,WeatherBall,HelpingHand,Protect|Quiet||M|||50|]Mimikyu||SitrusBerry|Disguise|PlayRough,ShadowSneak,WillOWisp,TrickRoom|Brave||F|||50|]Garchomp||LifeOrb|RoughSkin|Earthquake,DragonClaw,RockSlide,Protect|Jolly||M|||50|]Scrafty||BlackBelt|Intimidate|CloseCombat,KnockOff,IcePunch,FakeOut|Adamant||F|||50|
|inactive|Battle timer is ON: inactive players will automatically lose when time's up. (requested by cesc19)
|inactive|cesc19 has 60 seconds left.
|
|t:|1782206823
|teamsize|p1|4
|teamsize|p2|4
|start
|switch|p1a: Swampert|Swampert, L50, F|100/100
|switch|p1b: Rotom|Rotom-Heat, L50|100/100
|switch|p2a: Mimikyu|Mimikyu, L50, F|100/100
|switch|p2b: Pyroar|Pyroar, L50, F|100/100
|-ability|p2b: Pyroar|Unnerve
|turn|1
|inactive|cesc19 has 30 seconds left.
|inactive|Sinho77 has 30 seconds left.
|inactive|cesc19 has 20 seconds left.
|inactive|cesc19 has 15 seconds left.
|inactive|cesc19 has 10 seconds left.
|inactive|cesc19 has 5 seconds left.
|
|t:|1782206874
|detailschange|p2b: Pyroar|Pyroar-Mega, L50, F
|-mega|p2b: Pyroar|Pyroar|Pyroarite
|detailschange|p1a: Swampert|Swampert-Mega, L50, F
|-mega|p1a: Swampert|Swampert|Swampertite
|move|p1a: Swampert|Protect|p1a: Swampert
|-singleturn|p1a: Swampert|Protect
|move|p2b: Pyroar|Heat Wave|p1b: Rotom|[spread] p1b
|-activate|p1a: Swampert|move: Protect
|-resisted|p1b: Rotom|1
|-crit|p1b: Rotom
|-damage|p1b: Rotom|56/100
|move|p1b: Rotom|Volt Switch|p2b: Pyroar
|-crit|p2b: Pyroar
|-damage|p2b: Pyroar|55/100
|
|t:|1782206888
|switch|p1b: Pelipper|Pelipper, L50, F|100/100|[from] Volt Switch
|-weather|RainDance|[from] ability: Drizzle|[of] p1b: Pelipper
|move|p2a: Mimikyu|Will-O-Wisp|p1a: Swampert
|-activate|p1a: Swampert|move: Protect
|
|-weather|RainDance|[upkeep]
|upkeep
|turn|2
|inactive|Sinho77 has 30 seconds left.
|inactive|cesc19 has 30 seconds left.
|inactive|cesc19 has 20 seconds left.
|inactive|Sinho77 has 20 seconds left.
|inactive|cesc19 has 15 seconds left.
|inactive|Sinho77 has 15 seconds left.
|inactive|Sinho77 has 10 seconds left.
|
|t:|1782206940
|switch|p1a: Venusaur|Venusaur, L50, M|100/100
|move|p1b: Pelipper|Protect|p1b: Pelipper
|-singleturn|p1b: Pelipper|Protect
|move|p2b: Pyroar|Heat Wave|p1a: Venusaur|[spread] p1a
|-activate|p1b: Pelipper|move: Protect
|-supereffective|p1a: Venusaur|1
|-damage|p1a: Venusaur|48/100
|move|p2a: Mimikyu|Trick Room|p2a: Mimikyu
|-fieldstart|move: Trick Room|[of] p2a: Mimikyu
|
|-weather|RainDance|[upkeep]
|upkeep
|turn|3
|
|t:|1782206963
|move|p1b: Pelipper|Weather Ball|p2b: Pyroar
|-supereffective|p2b: Pyroar|1
|-damage|p2b: Pyroar|0 fnt
|faint|p2b: Pyroar
|move|p2a: Mimikyu|Play Rough|p1b: Pelipper
|-damage|p1b: Pelipper|61/100
|move|p1a: Venusaur|Sleep Powder|p2a: Mimikyu|[miss]
|-miss|p1a: Venusaur|p2a: Mimikyu
|
|-weather|RainDance|[upkeep]
|upkeep
|
|t:|1782206973
|switch|p2b: Torkoal|Torkoal, L50, M|100/100
|-weather|SunnyDay|[from] ability: Drought|[of] p2b: Torkoal
|turn|4
|
|t:|1782206992
|switch|p1b: Rotom|Rotom-Heat, L50|56/100
|move|p2b: Torkoal|Eruption|p1a: Venusaur|[spread] p1a,p1b
|-supereffective|p1a: Venusaur|1
|-resisted|p1b: Rotom|1
|-damage|p1a: Venusaur|0 fnt
|-damage|p1b: Rotom|5/100
|faint|p1a: Venusaur
|move|p2a: Mimikyu|Play Rough|p1b: Rotom|[miss]
|-miss|p2a: Mimikyu|p1b: Rotom
|
|-weather|SunnyDay|[upkeep]
|-heal|p1b: Rotom|11/100|[from] item: Leftovers
|upkeep
|
|t:|1782207002
|switch|p1a: Pelipper|Pelipper, L50, F|61/100
|-weather|RainDance|[from] ability: Drizzle|[of] p1a: Pelipper
|turn|5
|
|t:|1782207013
|move|p2b: Torkoal|Eruption|p1a: Pelipper|[spread] p1a,p1b
|-resisted|p1a: Pelipper|1
|-resisted|p1b: Rotom|1
|-damage|p1a: Pelipper|41/100
|-damage|p1b: Rotom|0 fnt
|-enditem|p1a: Pelipper|Sitrus Berry|[eat]
|-heal|p1a: Pelipper|66/100|[from] item: Sitrus Berry
|faint|p1b: Rotom
|move|p1a: Pelipper|Weather Ball|p2b: Torkoal
|-supereffective|p2b: Torkoal|1
|-damage|p2b: Torkoal|0 fnt
|faint|p2b: Torkoal
|move|p2a: Mimikyu|Play Rough|p1a: Pelipper
|-damage|p1a: Pelipper|25/100
|
|-weather|RainDance|[upkeep]
|upkeep
|
|t:|1782207026
|switch|p2b: Garchomp|Garchomp, L50, M|100/100
|switch|p1b: Swampert|Swampert-Mega, L50, F|100/100
|turn|6
|
|t:|1782207042
|move|p1a: Pelipper|Protect|p1a: Pelipper
|-singleturn|p1a: Pelipper|Protect
|move|p1b: Swampert|Protect|p1b: Swampert
|-singleturn|p1b: Swampert|Protect
|move|p2a: Mimikyu|Play Rough|p1b: Swampert
|-activate|p1b: Swampert|move: Protect
|move|p2b: Garchomp|Rock Slide|p1b: Swampert|[spread] 
|-activate|p1a: Pelipper|move: Protect
|-activate|p1b: Swampert|move: Protect
|
|-weather|RainDance|[upkeep]
|-fieldend|move: Trick Room
|upkeep
|turn|7
|inactive|cesc19 has 30 seconds left.
|
|t:|1782207073
|move|p1b: Swampert|Wave Crash|p2b: Garchomp
|-damage|p2b: Garchomp|0 fnt
|-damage|p1b: Swampert|87/100|[from] ability: Rough Skin|[of] p2b: Garchomp
|faint|p2b: Garchomp
|-damage|p1b: Swampert|55/100|[from] Recoil
|move|p2a: Mimikyu|Will-O-Wisp|p1b: Swampert
|-status|p1b: Swampert|brn
|move|p1a: Pelipper|Weather Ball|p2a: Mimikyu
|-activate|p2a: Mimikyu|ability: Disguise
|-damage|p2a: Mimikyu|100/100
|detailschange|p2a: Mimikyu|Mimikyu-Busted, L50, F
|-damage|p2a: Mimikyu|87/100|[from] pokemon: Mimikyu-Busted
|
|-weather|RainDance|[upkeep]
|-damage|p1b: Swampert|49/100 brn|[from] brn
|upkeep
|turn|8
|
|t:|1782207090
|move|p1b: Swampert|Wave Crash|p2a: Mimikyu
|-damage|p2a: Mimikyu|17/100
|-enditem|p2a: Mimikyu|Sitrus Berry|[eat]
|-heal|p2a: Mimikyu|42/100|[from] item: Sitrus Berry
|-damage|p1b: Swampert|29/100 brn|[from] Recoil
|move|p2a: Mimikyu|Play Rough|p1a: Pelipper
|-damage|p1a: Pelipper|0 fnt
|faint|p1a: Pelipper
|
|-weather|RainDance|[upkeep]
|-damage|p1b: Swampert|23/100 brn|[from] brn
|upkeep
|turn|9
|
|t:|1782207104
|move|p2a: Mimikyu|Shadow Sneak|p1b: Swampert
|-damage|p1b: Swampert|7/100 brn
|move|p1b: Swampert|Wave Crash|p2a: Mimikyu
|-damage|p2a: Mimikyu|0 fnt
|faint|p2a: Mimikyu
|-damage|p1b: Swampert|0 fnt|[from] Recoil
|faint|p1b: Swampert
|
|win|Sinho77
|raw|Sinho77's rating: 1065 → 1102(+37 for winning)
|raw|cesc19's rating: 1138 → 1108(-30 for losing)
|l|☆cesc19
|player|p2|
