|j|☆Ossi1590
|j|☆b1kope
|html|Ossi1590b1kope    
|uhtml|bestof|Game 2 of a best-of-3
|t:|1783433198
|gametype|doubles
|player|p1|Ossi1590|colress|1308
|player|p2|b1kope|102|1226
|gen|9
|tier|[Gen 9 Champions] VGC 2026 Reg M-B (Bo3)
|rated|
|rule|Species Clause: Limit one of each Pokémon
|rule|Item Clause: Limit 1 of each item
|clearpoke
|poke|p1|Raichu, L50, F|
|poke|p1|Mawile, L50, M|
|poke|p1|Sinistcha, L50|
|poke|p1|Ceruledge, L50, M|
|poke|p1|Milotic, L50, F|
|poke|p1|Incineroar, L50, M|
|poke|p2|Sylveon, L50, F|
|poke|p2|Incineroar, L50, F|
|poke|p2|Froslass, L50, F|
|poke|p2|Sneasler, L50, M|
|poke|p2|Tyranitar, L50, F|
|poke|p2|Rotom-Wash, L50|
|teampreview|4
|showteam|p1|Raichu||RaichuniteY|LightningRod|ZapCannon,FocusBlast,FakeOut,Protect|Timid||F|||50|]Mawile||Mawilite|HyperCutter|PlayRough,SuckerPunch,SwordsDance,Protect|Adamant||M|||50|]Sinistcha||KasibBerry|Hospitality|MatchaGotcha,LifeDew,RagePowder,Protect|Relaxed|||||50|]Ceruledge||ColburBerry|FlashFire|BitterBlade,ShadowSneak,BulkUp,Protect|Adamant||M|||50|]Milotic||Leftovers|Competitive|MuddyWater,Coil,Hypnosis,Protect|Calm||F|||50|]Incineroar||SitrusBerry|Intimidate|FlareBlitz,ThroatChop,FakeOut,PartingShot|Impish||M|||50|
|showteam|p2|Sylveon||FairyFeather|Pixilate|HyperVoice,HyperBeam,QuickAttack,Protect|Modest||F|||50|]Incineroar||SitrusBerry|Intimidate|FlareBlitz,FakeOut,PartingShot,DarkestLariat|Careful||F|||50|]Froslass||Froslassite|CursedBody|Blizzard,AuroraVeil,ShadowBall,Protect|Modest||F|||50|]Sneasler||WhiteHerb|Unburden|CloseCombat,DireClaw,FakeOut,Protect|Adamant||M|||50|]Tyranitar||Tyranitarite|SandStream|RockSlide,Crunch,DragonDance,Protect|Jolly||F|||50|]Rotom-Wash||ChoiceScarf|Levitate|VoltSwitch,HydroPump,Electroweb,Thunderbolt|Timid|||||50|
|inactive|Battle timer is ON: inactive players will automatically lose when time's up. (requested by b1kope)
|inactive|Ossi1590 has 60 seconds left.
|
|t:|1783433262
|teamsize|p1|4
|teamsize|p2|4
|start
|switch|p1a: Raichu|Raichu, L50, F|100/100
|switch|p1b: Milotic|Milotic, L50, F|100/100
|switch|p2a: Froslass|Froslass, L50, F|100/100
|switch|p2b: Sylveon|Sylveon, L50, F|100/100
|turn|1
|inactive|b1kope has 30 seconds left.
|
|t:|1783433292
|detailschange|p1a: Raichu|Raichu-Mega-Y, L50, F
|-mega|p1a: Raichu|Raichu|Raichunite Y
|detailschange|p2a: Froslass|Froslass-Mega, L50, F
|-mega|p2a: Froslass|Froslass|Froslassite
|-weather|Snowscape|[from] ability: Snow Warning|[of] p2a: Froslass
|move|p1a: Raichu|Zap Cannon|p2a: Froslass
|-damage|p2a: Froslass|27/100
|-status|p2a: Froslass|par
|move|p1b: Milotic|Muddy Water|p2b: Sylveon|[spread] p2a,p2b
|-damage|p2a: Froslass|0 fnt
|-damage|p2b: Sylveon|83/100
|faint|p2a: Froslass
|move|p2b: Sylveon|Hyper Voice|p1b: Milotic|[spread] p1a,p1b
|-damage|p1a: Raichu|30/100
|-damage|p1b: Milotic|68/100
|
|-weather|Snowscape|[upkeep]
|-heal|p1b: Milotic|74/100|[from] item: Leftovers
|upkeep
|
|t:|1783433305
|switch|p2a: Rotom|Rotom-Wash, L50|100/100
|turn|2
|
|t:|1783433309
|switch|p1a: Sinistcha|Sinistcha, L50|100/100
|-heal|p1b: Milotic|99/100|[from] ability: Hospitality|[of] p1a: Sinistcha
|move|p1b: Milotic|Protect|p1b: Milotic
|-singleturn|p1b: Milotic|Protect
|move|p2a: Rotom|Thunderbolt|p1b: Milotic
|-activate|p1b: Milotic|move: Protect
|move|p2b: Sylveon|Hyper Voice|p1a: Sinistcha|[spread] p1a
|-activate|p1b: Milotic|move: Protect
|-damage|p1a: Sinistcha|53/100
|
|-weather|Snowscape|[upkeep]
|-heal|p1b: Milotic|100/100|[from] item: Leftovers
|upkeep
|turn|3
|
|t:|1783433316
|move|p1a: Sinistcha|Rage Powder|p1a: Sinistcha
|-singleturn|p1a: Sinistcha|move: Rage Powder
|move|p2a: Rotom|Thunderbolt|p1a: Sinistcha
|-resisted|p1a: Sinistcha|1
|-damage|p1a: Sinistcha|35/100
|move|p1b: Milotic|Coil|p1b: Milotic
|-boost|p1b: Milotic|atk|1
|-boost|p1b: Milotic|def|1
|-boost|p1b: Milotic|accuracy|1
|move|p2b: Sylveon|Hyper Voice|p1b: Milotic|[spread] p1a,p1b
|-damage|p1a: Sinistcha|0 fnt
|-damage|p1b: Milotic|68/100
|faint|p1a: Sinistcha
|
|-weather|Snowscape|[upkeep]
|-heal|p1b: Milotic|74/100|[from] item: Leftovers
|upkeep
|
|t:|1783433329
|switch|p1a: Incineroar|Incineroar, L50, M|100/100
|-ability|p1a: Incineroar|Intimidate|boost
|-unboost|p2a: Rotom|atk|1
|-unboost|p2b: Sylveon|atk|1
|turn|4
|
|t:|1783433336
|move|p1a: Incineroar|Fake Out|p2a: Rotom
|-damage|p2a: Rotom|88/100
|cant|p2a: Rotom|flinch
|move|p1b: Milotic|Hypnosis|p2a: Rotom
|-status|p2a: Rotom|slp|[from] move: Hypnosis
|move|p2b: Sylveon|Hyper Beam|p1b: Milotic
|-damage|p1b: Milotic|5/100
|-mustrecharge|p2b: Sylveon
|
|-weather|Snowscape|[upkeep]
|-heal|p1b: Milotic|11/100|[from] item: Leftovers
|upkeep
|turn|5
|
|t:|1783433344
|cant|p2a: Rotom|slp
|move|p1b: Milotic|Muddy Water|p2a: Rotom|[spread] p2a,p2b
|-resisted|p2a: Rotom|1
|-crit|p2b: Sylveon
|-damage|p2a: Rotom|74/100 slp
|-damage|p2b: Sylveon|58/100
|move|p1a: Incineroar|Parting Shot|p2a: Rotom
|-unboost|p2a: Rotom|atk|1
|-unboost|p2a: Rotom|spa|1
|
|t:|1783433353
|switch|p1a: Raichu|Raichu-Mega-Y, L50, F|30/100|[from] Parting Shot
|cant|p2b: Sylveon|recharge
|
|-weather|none
|-heal|p1b: Milotic|17/100|[from] item: Leftovers
|upkeep
|turn|6
|
|t:|1783433364
|-curestatus|p2a: Rotom|slp|[msg]
|move|p2a: Rotom|Thunderbolt|p1b: Milotic
|-supereffective|p1b: Milotic|1
|-damage|p1b: Milotic|0 fnt
|faint|p1b: Milotic
|move|p1a: Raichu|Zap Cannon|p2a: Rotom
|-damage|p2a: Rotom|0 fnt
|faint|p2a: Rotom
|move|p2b: Sylveon|Hyper Voice|p1a: Raichu
|-damage|p1a: Raichu|0 fnt
|faint|p1a: Raichu
|
|upkeep
|
|t:|1783433372
|switch|p2a: Sneasler|Sneasler, L50, M|100/100
|switch|p1b: Incineroar|Incineroar, L50, M|100/100
|-ability|p1b: Incineroar|Intimidate|boost
|-unboost|p2a: Sneasler|atk|1
|-unboost|p2b: Sylveon|atk|1
|-enditem|p2a: Sneasler|White Herb
|-clearnegativeboost|p2a: Sneasler|[silent]
|turn|7
|-message|Ossi1590 forfeited.
|
|win|b1kope
||b1kope is ready for game 3.
