|j|☆PaiBrazdoswing
|j|☆marcosdeltasena31
|html|PaiBrazdoswingmarcosdeltasena31    
|uhtml|bestof|Game 3 of a best-of-3
|t:|1755387774
|gametype|doubles
|player|p1|PaiBrazdoswing|bugcatcher-gen4dp|1226
|player|p2|marcosdeltasena31|hilbert|1299
|gen|9
|tier|[Gen 9] VGC 2025 Reg H (Bo3)
|rated|
|rule|Species Clause: Limit one of each Pokémon
|rule|Item Clause: Limit 1 of each item
|clearpoke
|poke|p1|Sneasler, L50, F|
|poke|p1|Baxcalibur, L50, F|
|poke|p1|Magmar, L50, F|
|poke|p1|Rillaboom, L50, M|
|poke|p1|Kingambit, L50, F|
|poke|p1|Dondozo, L50, F|
|poke|p2|Dragonite, L50, F|
|poke|p2|Sneasler, L50, F|
|poke|p2|Volcarona, L50, F|
|poke|p2|Rillaboom, L50, M|
|poke|p2|Kingambit, L50, F|
|poke|p2|Electabuzz, L50, F|
|teampreview|4
|showteam|p1|Sneasler||FocusSash|PoisonTouch|Protect,CloseCombat,DireClaw,Coaching|||F|||50|,,,,,Stellar]Baxcalibur||LoadedDice|ThermalExchange|Protect,IceShard,ScaleShot,IcicleSpear|||F|||50|,,,,,Ghost]Magmar||Eviolite|VitalSpirit|BurningJealousy,ClearSmog,FollowMe,Protect|||F|||50|,,,,,Fairy]Rillaboom||AssaultVest|GrassySurge|GrassyGlide,FakeOut,HighHorsepower,WoodHammer|||M|||50|,,,,,Fire]Kingambit||SafetyGoggles|Defiant|Protect,SwordsDance,SuckerPunch,KowtowCleave|||F|||50|,,,,,Flying]Dondozo||Leftovers|Unaware|WaveCrash,Fissure,Yawn,Protect|||F|||50|,,,,,Grass
|showteam|p2|Dragonite||LoadedDice|Multiscale|ScaleShot,ExtremeSpeed,Haze,Protect|||F|||50|,,,,,Fairy]Sneasler||FocusSash|PoisonTouch|DireClaw,CloseCombat,FakeOut,Coaching|||F|||50|,,,,,Ghost]Volcarona||CovertCloak|FlameBody|HeatWave,TeraBlast,QuiverDance,Protect|||F|||50|,,,,,Fairy]Rillaboom||AssaultVest|GrassySurge|WoodHammer,FakeOut,GrassyGlide,HighHorsepower|||M|||50|,,,,,Fire]Kingambit||BlackGlasses|Defiant|KowtowCleave,SwordsDance,SuckerPunch,Protect|||F|||50|,,,,,Dark]Electabuzz||Eviolite|VitalSpirit|Electroweb,FollowMe,Taunt,Protect|||F|||50|,,,,,Ghost
|
|t:|1755387816
|teamsize|p1|4
|teamsize|p2|4
|start
|switch|p1a: Baxcalibur|Baxcalibur, L50, F|100/100
|switch|p1b: Magmar|Magmar, L50, F|100/100
|switch|p2a: Volcarona|Volcarona, L50, F|100/100
|switch|p2b: Electabuzz|Electabuzz, L50, F|100/100
|turn|1
|
|t:|1755387840
|move|p2a: Volcarona|Protect|p2a: Volcarona
|-singleturn|p2a: Volcarona|Protect
|move|p1a: Baxcalibur|Icicle Spear|p2b: Electabuzz
|-damage|p2b: Electabuzz|90/100
|-damage|p2b: Electabuzz|78/100
|-damage|p2b: Electabuzz|67/100
|-damage|p2b: Electabuzz|55/100
|-hitcount|p2b: Electabuzz|4
|move|p2b: Electabuzz|Electroweb|p1a: Baxcalibur|[spread] p1a,p1b
|-resisted|p1a: Baxcalibur
|-damage|p1a: Baxcalibur|94/100
|-damage|p1b: Magmar|90/100
|-unboost|p1a: Baxcalibur|spe|1
|-unboost|p1b: Magmar|spe|1
|move|p1b: Magmar|Burning Jealousy|p2a: Volcarona|[spread] p2b
|-activate|p2a: Volcarona|move: Protect
|-damage|p2b: Electabuzz|41/100
|
|upkeep
|turn|2
|
|t:|1755387885
|-terastallize|p2a: Volcarona|Fairy
|move|p2b: Electabuzz|Protect|p2b: Electabuzz
|-singleturn|p2b: Electabuzz|Protect
|move|p2a: Volcarona|Tera Blast|p1a: Baxcalibur|[anim] Tera Blast Fairy
|-supereffective|p1a: Baxcalibur
|-damage|p1a: Baxcalibur|17/100
|move|p1a: Baxcalibur|Icicle Spear|p2b: Electabuzz
|-activate|p2b: Electabuzz|move: Protect
|move|p1b: Magmar|Clear Smog|p2a: Volcarona
|-supereffective|p2a: Volcarona
|-damage|p2a: Volcarona|77/100
|-clearboost|p2a: Volcarona
|
|upkeep
|turn|3
|
|t:|1755387901
|switch|p1a: Dondozo|Dondozo, L50, F|100/100
|move|p2a: Volcarona|Heat Wave|p1a: Dondozo|[spread] p1a,p1b
|-resisted|p1a: Dondozo
|-resisted|p1b: Magmar
|-damage|p1a: Dondozo|89/100
|-damage|p1b: Magmar|76/100
|move|p2b: Electabuzz|Electroweb|p1a: Dondozo|[spread] p1a,p1b
|-supereffective|p1a: Dondozo
|-damage|p1a: Dondozo|70/100
|-damage|p1b: Magmar|66/100
|-unboost|p1a: Dondozo|spe|1
|-unboost|p1b: Magmar|spe|1
|move|p1b: Magmar|Burning Jealousy|p2b: Electabuzz|[spread] p2a,p2b
|-crit|p2b: Electabuzz
|-damage|p2a: Volcarona|60/100
|-damage|p2b: Electabuzz|19/100
|
|-heal|p1a: Dondozo|76/100|[from] item: Leftovers
|upkeep
|turn|4
|
|t:|1755387922
|move|p1a: Dondozo|Protect|p1a: Dondozo
|-singleturn|p1a: Dondozo|Protect
|move|p2a: Volcarona|Tera Blast|p1a: Dondozo|[anim] Tera Blast Fairy
|-activate|p1a: Dondozo|move: Protect
|move|p2b: Electabuzz|Electroweb|p1b: Magmar|[spread] p1b
|-activate|p1a: Dondozo|move: Protect
|-damage|p1b: Magmar|57/100
|-unboost|p1b: Magmar|spe|1
|move|p1b: Magmar|Burning Jealousy|p2a: Volcarona|[spread] p2a,p2b
|-damage|p2a: Volcarona|44/100
|-damage|p2b: Electabuzz|5/100
|
|-heal|p1a: Dondozo|83/100|[from] item: Leftovers
|upkeep
|turn|5
|
|t:|1755387945
|move|p2a: Volcarona|Tera Blast|p1a: Dondozo|[anim] Tera Blast Fairy
|-damage|p1a: Dondozo|53/100
|move|p2b: Electabuzz|Electroweb|p1b: Magmar|[spread] p1a,p1b
|-supereffective|p1a: Dondozo
|-damage|p1a: Dondozo|34/100
|-damage|p1b: Magmar|47/100
|-unboost|p1a: Dondozo|spe|1
|-unboost|p1b: Magmar|spe|1
|move|p1b: Magmar|Burning Jealousy|p2a: Volcarona|[spread] p2a,p2b
|-damage|p2a: Volcarona|27/100
|-damage|p2b: Electabuzz|0 fnt
|faint|p2b: Electabuzz
|move|p1a: Dondozo|Wave Crash|p2a: Volcarona
|-damage|p2a: Volcarona|0 fnt
|faint|p2a: Volcarona
|-damage|p1a: Dondozo|27/100|[from] Recoil
|
|-heal|p1a: Dondozo|34/100|[from] item: Leftovers
|upkeep
|
|t:|1755387958
|switch|p2a: Sneasler|Sneasler, L50, F|100/100
|switch|p2b: Dragonite|Dragonite, L50, F|100/100
|turn|6
|
|t:|1755387967
|move|p1b: Magmar|Protect|p1b: Magmar
|-singleturn|p1b: Magmar|Protect
|move|p1a: Dondozo|Protect|p1a: Dondozo
|-singleturn|p1a: Dondozo|Protect
|move|p2a: Sneasler|Fake Out|p1b: Magmar
|-activate|p1b: Magmar|move: Protect
|move|p2b: Dragonite|Scale Shot|p1a: Dondozo
|-activate|p1a: Dondozo|move: Protect
|
|-heal|p1a: Dondozo|40/100|[from] item: Leftovers
|upkeep
|turn|7
|
|t:|1755387984
|move|p1b: Magmar|Follow Me|p1b: Magmar
|-singleturn|p1b: Magmar|move: Follow Me
|move|p2a: Sneasler|Dire Claw|p1b: Magmar
|-damage|p1b: Magmar|17/100
|move|p2b: Dragonite|Scale Shot|p1b: Magmar
|-damage|p1b: Magmar|6/100
|-damage|p1b: Magmar|0 fnt
|faint|p1b: Magmar
|-hitcount|p1: Magmar|2
|-unboost|p2b: Dragonite|def|1
|-boost|p2b: Dragonite|spe|1
|move|p1a: Dondozo|Yawn|p2a: Sneasler
|-start|p2a: Sneasler|move: Yawn|[of] p1a: Dondozo
|
|-heal|p1a: Dondozo|46/100|[from] item: Leftovers
|upkeep
|
|t:|1755388001
|switch|p1b: Baxcalibur|Baxcalibur, L50, F|17/100
|turn|8
|
|t:|1755388015
|move|p1b: Baxcalibur|Protect|p1b: Baxcalibur
|-singleturn|p1b: Baxcalibur|Protect
|move|p1a: Dondozo|Protect|p1a: Dondozo
|-singleturn|p1a: Dondozo|Protect
|move|p2b: Dragonite|Extreme Speed|p1b: Baxcalibur
|-activate|p1b: Baxcalibur|move: Protect
|move|p2a: Sneasler|Close Combat|p1a: Dondozo
|-activate|p1a: Dondozo|move: Protect
|
|-heal|p1a: Dondozo|52/100|[from] item: Leftovers
|-end|p2a: Sneasler|move: Yawn|[silent]
|-status|p2a: Sneasler|slp
|upkeep
|turn|9
|
|t:|1755388049
|move|p1b: Baxcalibur|Ice Shard|p2b: Dragonite
|-supereffective|p2b: Dragonite
|-damage|p2b: Dragonite|18/100
|move|p2b: Dragonite|Scale Shot|p1b: Baxcalibur
|-supereffective|p1b: Baxcalibur
|-crit|p1b: Baxcalibur
|-damage|p1b: Baxcalibur|0 fnt
|faint|p1b: Baxcalibur
|-hitcount|p1: Baxcalibur|1
|-unboost|p2b: Dragonite|def|1
|-boost|p2b: Dragonite|spe|1
|cant|p2a: Sneasler|slp
|move|p1a: Dondozo|Wave Crash|p2a: Sneasler
|-damage|p2a: Sneasler|25/100 slp
|-damage|p1a: Dondozo|37/100|[from] Recoil
|
|-heal|p1a: Dondozo|43/100|[from] item: Leftovers
|upkeep
|
|t:|1755388063
|switch|p1b: Sneasler|Sneasler, L50, F|100/100
|turn|10
|
|t:|1755388082
|move|p1b: Sneasler|Protect|p1b: Sneasler
|-singleturn|p1b: Sneasler|Protect
|move|p2b: Dragonite|Scale Shot|p1b: Sneasler
|-activate|p1b: Sneasler|move: Protect
|cant|p2a: Sneasler|slp
|move|p1a: Dondozo|Wave Crash|p2a: Sneasler
|-damage|p2a: Sneasler|0 fnt
|faint|p2a: Sneasler
|-damage|p1a: Dondozo|38/100|[from] Recoil
|
|-heal|p1a: Dondozo|45/100|[from] item: Leftovers
|upkeep
|turn|11
|
|t:|1755388101
|-terastallize|p1b: Sneasler|Stellar
|move|p2b: Dragonite|Scale Shot|p1b: Sneasler
|-damage|p1b: Sneasler|77/100
|-damage|p1b: Sneasler|50/100
|-damage|p1b: Sneasler|25/100
|-damage|p1b: Sneasler|0 fnt
|faint|p1b: Sneasler
|-hitcount|p1: Sneasler|4
|-unboost|p2b: Dragonite|def|1
|-boost|p2b: Dragonite|spe|1
|move|p1a: Dondozo|Wave Crash|p2b: Dragonite
|-resisted|p2b: Dragonite
|-damage|p2b: Dragonite|0 fnt
|faint|p2b: Dragonite
|-damage|p1a: Dondozo|41/100|[from] Recoil
|
|win|PaiBrazdoswing
|raw|PaiBrazdoswing's rating: 1226 → 1256(+30 for winning)
|raw|marcosdeltasena31's rating: 1299 → 1269(-30 for losing)
|c|☆PaiBrazdoswing|Gg marquinhos
|c|☆marcosdeltasena31|errei o lado
