|j|☆Can I pet the dog?
|j|‽Adroqk
|html|Can I pet the dog?Adroqk    
|uhtml|bestof|Game 1 of a best-of-3
|t:|1783195199
|gametype|doubles
|player|p1|Can I pet the dog?|yancy|1347
|player|p2|Adroqk|1|1231
|gen|9
|tier|[Gen 9 Champions] VGC 2026 Reg M-B (Bo3)
|rated|
|rule|Species Clause: Limit one of each Pokémon
|rule|Item Clause: Limit 1 of each item
|clearpoke
|poke|p1|Sinistcha, L50|
|poke|p1|Incineroar, L50, F|
|poke|p1|Milotic, L50, M|
|poke|p1|Raichu, L50, F|
|poke|p1|Floette-Eternal, L50, F|
|poke|p1|Ceruledge, L50, M|
|poke|p2|Altaria, L50, F|
|poke|p2|Staraptor, L50, F|
|poke|p2|Incineroar, L50, M|
|poke|p2|Gholdengo, L50|
|poke|p2|Palafin, L50, F|
|poke|p2|Maushold, L50|
|teampreview|4
|showteam|p1|Sinistcha||KasibBerry|Hospitality|MatchaGotcha,LifeDew,RagePowder,Protect|Relaxed|||||50|]Incineroar||SitrusBerry|Intimidate|FlareBlitz,ThroatChop,FakeOut,PartingShot|Impish||F|||50|]Milotic||Leftovers|Competitive|MuddyWater,Coil,Hypnosis,Protect|Calm||M|||50|]Raichu||RaichuniteY|LightningRod|ZapCannon,FocusBlast,FakeOut,Protect|Timid||F|||50|]Floette-Eternal||Floettite|FlowerVeil|DazzlingGleam,DrainingKiss,CalmMind,Protect|Timid||F|||50|]Ceruledge||ColburBerry|FlashFire|BitterBlade,ShadowSneak,BulkUp,Protect|Adamant||M|||50|
|showteam|p2|Altaria||Altarianite|CloudNine|Tailwind,HyperVoice,DracoMeteor,Protect|Modest||F|||50|]Staraptor||Staraptite|Intimidate|CloseCombat,BraveBird,Tailwind,Protect|Jolly||F|||50|]Incineroar||SitrusBerry|Intimidate|FakeOut,PartingShot,FlareBlitz,HelpingHand|Careful||M|||50|]Gholdengo||WideLens|GoodasGold|NastyPlot,MakeItRain,ShadowBall,Protect|Modest|||||50|]Palafin||MysticWater|ZerotoHero|WaveCrash,JetPunch,FlipTurn,Protect|Jolly||F|||50|]Maushold||FocusSash|FriendGuard|Taunt,FollowMe,SuperFang,Protect|Timid|||||50|
|inactive|Battle timer is ON: inactive players will automatically lose when time's up. (requested by Can I pet the dog?)
|inactive|Can I pet the dog? has 60 seconds left.
|inactive|Adroqk has 60 seconds left.
|
|t:|1783195253
|teamsize|p1|4
|teamsize|p2|4
|start
|switch|p1a: Floette|Floette-Eternal, L50, F|100/100
|switch|p1b: Milotic|Milotic, L50, M|100/100
|switch|p2a: Maushold|Maushold, L50|100/100
|switch|p2b: Gholdengo|Gholdengo, L50|100/100
|turn|1
|inactive|Adroqk has 30 seconds left.
|inactive|Adroqk has 20 seconds left.
|inactive|Adroqk has 15 seconds left.
|inactive|Adroqk has 10 seconds left.
|inactive|Adroqk has 5 seconds left.
|
|t:|1783195308
|switch|p1a: Incineroar|Incineroar, L50, F|100/100
|-ability|p1a: Incineroar|Intimidate|boost
|-unboost|p2a: Maushold|atk|1
|-unboost|p2b: Gholdengo|atk|1
|move|p2a: Maushold|Taunt|p1a: Incineroar
|-start|p1a: Incineroar|move: Taunt
|move|p2b: Gholdengo|Nasty Plot|p2b: Gholdengo
|-boost|p2b: Gholdengo|spa|2
|move|p1b: Milotic|Coil|p1b: Milotic
|-boost|p1b: Milotic|atk|1
|-boost|p1b: Milotic|def|1
|-boost|p1b: Milotic|accuracy|1
|
|upkeep
|turn|2
|inactive|Can I pet the dog? has 30 seconds left.
|inactive|Adroqk has 30 seconds left.
|inactive|Adroqk has 20 seconds left.
|
|t:|1783195344
|move|p2b: Gholdengo|Protect|p2b: Gholdengo
|-singleturn|p2b: Gholdengo|Protect
|move|p2a: Maushold|Super Fang|p1b: Milotic
|-damage|p1b: Milotic|50/100y
|move|p1b: Milotic|Muddy Water|p2b: Gholdengo|[spread] p2a
|-activate|p2b: Gholdengo|move: Protect
|-damage|p2a: Maushold|72/100
|move|p1a: Incineroar|Flare Blitz|p2b: Gholdengo
|-activate|p2b: Gholdengo|move: Protect
|
|-heal|p1b: Milotic|55/100|[from] item: Leftovers
|upkeep
|turn|3
|
|t:|1783195358
|switch|p1a: Sinistcha|Sinistcha, L50|100/100
|-heal|p1b: Milotic|80/100|[from] ability: Hospitality|[of] p1a: Sinistcha
|move|p1b: Milotic|Protect|p1b: Milotic
|-singleturn|p1b: Milotic|Protect
|move|p2a: Maushold|Super Fang|p1a: Sinistcha
|-immune|p1a: Sinistcha
|move|p2b: Gholdengo|Shadow Ball|p1b: Milotic
|-activate|p1b: Milotic|move: Protect
|
|-heal|p1b: Milotic|86/100|[from] item: Leftovers
|upkeep
|turn|4
|
|t:|1783195374
|move|p1a: Sinistcha|Rage Powder|p1a: Sinistcha
|-singleturn|p1a: Sinistcha|move: Rage Powder
|move|p2a: Maushold|Super Fang|p1a: Sinistcha
|-immune|p1a: Sinistcha
|move|p2b: Gholdengo|Shadow Ball|p1a: Sinistcha
|-supereffective|p1a: Sinistcha|1
|-enditem|p1a: Sinistcha|Kasib Berry|[eat]
|-enditem|p1a: Sinistcha|Kasib Berry|[weaken]
|-damage|p1a: Sinistcha|18/100
|move|p1b: Milotic|Muddy Water|p2b: Gholdengo|[spread] p2a,p2b
|-damage|p2a: Maushold|43/100
|-damage|p2b: Gholdengo|82/100
|
|-heal|p1b: Milotic|92/100|[from] item: Leftovers
|upkeep
|turn|5
|inactive|Adroqk has 30 seconds left.
|inactive|Adroqk has 20 seconds left.
|inactive|Adroqk has 15 seconds left.
|inactive|Adroqk has 10 seconds left.
|
|t:|1783195423
|move|p2a: Maushold|Protect|p2a: Maushold
|-singleturn|p2a: Maushold|Protect
|move|p1a: Sinistcha|Rage Powder|p1a: Sinistcha
|-singleturn|p1a: Sinistcha|move: Rage Powder
|move|p2b: Gholdengo|Shadow Ball|p1a: Sinistcha
|-supereffective|p1a: Sinistcha|1
|-damage|p1a: Sinistcha|0 fnt
|faint|p1a: Sinistcha
|move|p1b: Milotic|Muddy Water|p2b: Gholdengo|[spread] p2b
|-activate|p2a: Maushold|move: Protect
|-damage|p2b: Gholdengo|62/100
|-unboost|p2b: Gholdengo|accuracy|1
|
|-heal|p1b: Milotic|98/100|[from] item: Leftovers
|upkeep
|
|t:|1783195435
|switch|p1a: Floette|Floette-Eternal, L50, F|100/100
|turn|6
|
|t:|1783195450
|switch|p1a: Incineroar|Incineroar, L50, F|100/100
|-ability|p1a: Incineroar|Intimidate|boost
|-unboost|p2a: Maushold|atk|1
|-unboost|p2b: Gholdengo|atk|1
|move|p2a: Maushold|Super Fang|p1b: Milotic
|-damage|p1b: Milotic|49/100
|move|p2b: Gholdengo|Make It Rain|p1b: Milotic|[spread] p1a
|-miss|p2b: Gholdengo|p1b: Milotic
|-resisted|p1a: Incineroar|1
|-damage|p1a: Incineroar|59/100
|-unboost|p2b: Gholdengo|spa|2
|move|p1b: Milotic|Muddy Water|p2b: Gholdengo|[spread] p2a,p2b
|-damage|p2a: Maushold|13/100
|-damage|p2b: Gholdengo|42/100
|-unboost|p2b: Gholdengo|accuracy|1
|
|-heal|p1b: Milotic|55/100|[from] item: Leftovers
|upkeep
|turn|7
|
|t:|1783195469
|switch|p2b: Altaria|Altaria, L50, F|100/100
|-ability|p2b: Altaria|Cloud Nine
|move|p2a: Maushold|Protect|p2a: Maushold
|-singleturn|p2a: Maushold|Protect
|move|p1a: Incineroar|Fake Out|p2a: Maushold
|-activate|p2a: Maushold|move: Protect
|move|p1b: Milotic|Muddy Water|p2b: Altaria|[spread] p2b
|-activate|p2a: Maushold|move: Protect
|-resisted|p2b: Altaria|1
|-damage|p2b: Altaria|91/100
|
|-heal|p1b: Milotic|61/100|[from] item: Leftovers
|upkeep
|turn|8
|
|t:|1783195487
|detailschange|p2b: Altaria|Altaria-Mega, L50, F
|-mega|p2b: Altaria|Altaria|Altarianite
|move|p1b: Milotic|Protect|p1b: Milotic
|-singleturn|p1b: Milotic|Protect
|move|p2a: Maushold|Super Fang|p1b: Milotic
|-activate|p1b: Milotic|move: Protect
|move|p2b: Altaria|Hyper Voice|p1b: Milotic|[spread] p1a
|-activate|p1b: Milotic|move: Protect
|-damage|p1a: Incineroar|20/100y
|-enditem|p1a: Incineroar|Sitrus Berry|[eat]
|-heal|p1a: Incineroar|45/100|[from] item: Sitrus Berry
|move|p1a: Incineroar|Throat Chop|p2a: Maushold
|-damage|p2a: Maushold|0 fnt
|faint|p2a: Maushold
|
|-heal|p1b: Milotic|67/100|[from] item: Leftovers
|upkeep
|
|t:|1783195492
|switch|p2a: Gholdengo|Gholdengo, L50|42/100
|turn|9
|
|t:|1783195504
|move|p2a: Gholdengo|Shadow Ball|p1b: Milotic
|-damage|p1b: Milotic|40/100
|move|p1b: Milotic|Muddy Water|p2b: Altaria|[spread] p2a,p2b
|-resisted|p2b: Altaria|1
|-damage|p2a: Gholdengo|17/100
|-damage|p2b: Altaria|80/100
|move|p2b: Altaria|Hyper Voice|p1b: Milotic|[spread] p1a,p1b
|-damage|p1a: Incineroar|7/100
|-damage|p1b: Milotic|10/100
|move|p1a: Incineroar|Flare Blitz|p2a: Gholdengo
|-supereffective|p2a: Gholdengo|1
|-damage|p2a: Gholdengo|0 fnt
|faint|p2a: Gholdengo
|-damage|p1a: Incineroar|2/100|[from] Recoil
|
|-heal|p1b: Milotic|16/100|[from] item: Leftovers
|upkeep
|
|t:|1783195514
|switch|p2a: Incineroar|Incineroar, L50, M|100/100
|-ability|p2a: Incineroar|Intimidate|boost
|-unboost|p1a: Incineroar|atk|1
|-unboost|p1b: Milotic|atk|1
|-ability|p1b: Milotic|Competitive|boost
|-boost|p1b: Milotic|spa|2
|turn|10
|
|t:|1783195529
|move|p1b: Milotic|Protect|p1b: Milotic
|-singleturn|p1b: Milotic|Protect
|move|p2b: Altaria|Hyper Voice|p1b: Milotic|[spread] p1a
|-activate|p1b: Milotic|move: Protect
|-damage|p1a: Incineroar|0 fnt
|faint|p1a: Incineroar
|move|p2a: Incineroar|Parting Shot|p1b: Milotic
|-activate|p1b: Milotic|move: Protect
|
|-heal|p1b: Milotic|22/100|[from] item: Leftovers
|upkeep
|
|t:|1783195533
|switch|p1a: Floette|Floette-Eternal, L50, F|100/100
|turn|11
|
|t:|1783195548
|detailschange|p1a: Floette|Floette-Mega, L50, F
|-mega|p1a: Floette|Floette|Floettite
|-ability|p1a: Floette|Fairy Aura
|move|p1a: Floette|Dazzling Gleam|p2b: Altaria|[spread] p2a,p2b
|-supereffective|p2b: Altaria|1
|-damage|p2a: Incineroar|73/100
|-damage|p2b: Altaria|4/100
|move|p1b: Milotic|Muddy Water|p2b: Altaria|[spread] p2a,p2b
|-supereffective|p2a: Incineroar|1
|-resisted|p2b: Altaria|1
|-damage|p2a: Incineroar|4/100
|-damage|p2b: Altaria|0 fnt
|-enditem|p2a: Incineroar|Sitrus Berry|[eat]
|-heal|p2a: Incineroar|29/100|[from] item: Sitrus Berry
|faint|p2b: Altaria
|move|p2a: Incineroar|Flare Blitz|p1a: Floette
|-damage|p1a: Floette|51/100
|-damage|p2a: Incineroar|17/100|[from] Recoil
|
|-heal|p1b: Milotic|28/100|[from] item: Leftovers
|upkeep
|turn|12
|-message|Adroqk forfeited.
|
|win|Can I pet the dog?
||Can I pet the dog? is ready for game 2.
||Adroqk is ready for game 2.
|uhtml|next|Next: Game 2 of 3
