|j|☆Aeon_Twins
|j|☆Okkito autobusero
|html|Aeon_TwinsOkkito autobusero    
|uhtml|bestof|Game 2 of a best-of-3
|t:|1782510164
|gametype|doubles
|player|p1|Aeon_Twins|n|1246
|player|p2|Okkito autobusero|will|1305
|gen|9
|tier|[Gen 9 Champions] VGC 2026 Reg M-B (Bo3)
|rated|
|rule|Species Clause: Limit one of each Pokémon
|rule|Item Clause: Limit 1 of each item
|clearpoke
|poke|p1|Staraptor, L50, F|
|poke|p1|Sinistcha, L50|
|poke|p1|Mawile, L50, M|
|poke|p1|Torkoal, L50, F|
|poke|p1|Farigiraf, L50, F|
|poke|p1|Pyroar, L50, F|
|poke|p2|Floette-Eternal, L50, F|
|poke|p2|Incineroar, L50, M|
|poke|p2|Sinistcha, L50|
|poke|p2|Ditto, L50|
|poke|p2|Garchomp, L50, M|
|poke|p2|Corviknight, L50, F|
|teampreview|4
|showteam|p1|Staraptor||ChoiceScarf|Intimidate|FinalGambit,CloseCombat,BraveBird,Uturn|Jolly||F|||50|]Sinistcha||SitrusBerry|Hospitality|MatchaGotcha,ShadowBall,RagePowder,TrickRoom|Modest|||||50|]Mawile||Mawilite|Intimidate|IronHead,PlayRough,SuckerPunch,Protect|Brave||M|||50|]Torkoal||Charcoal|Drought|Eruption,HeatWave,EarthPower,Protect|Quiet||F|||50|]Farigiraf||ColburBerry|ArmorTail|Psychic,Thunderbolt,TrickRoom,HelpingHand|Sassy||F|||50|]Pyroar||Pyroarite|Rivalry|Overheat,HyperVoice,HeatWave,Protect|Timid||F|||50|
|showteam|p2|Floette-Eternal||Floettite|FlowerVeil|Protect,DazzlingGleam,CalmMind,DrainingKiss|Modest||F|||50|]Incineroar||Charcoal|Intimidate|FakeOut,FlareBlitz,PartingShot,ThroatChop|Adamant||M|||50|]Sinistcha||KasibBerry|Hospitality|StrengthSap,MatchaGotcha,RagePowder,TrickRoom|Calm|||||50|]Ditto||FocusSash|Imposter|Transform|Timid|||||50|]Garchomp||LifeOrb|RoughSkin|Protect,RockSlide,Earthquake,DragonClaw|Jolly||M|||50|]Corviknight||OccaBerry|MirrorArmor|Tailwind,Roost,BulkUp,BraveBird|Impish||F|||50|
|inactive|Battle timer is ON: inactive players will automatically lose when time's up. (requested by Okkito autobusero)
|inactive|Aeon_Twins has 60 seconds left.
|inactive|Okkito autobusero has 60 seconds left.
|
|t:|1782510213
|teamsize|p1|4
|teamsize|p2|4
|start
|switch|p1a: Torkoal|Torkoal, L50, F|100/100
|switch|p1b: Pyroar|Pyroar, L50, F|100/100
|switch|p2a: Incineroar|Incineroar, L50, M|100/100
|switch|p2b: Floette|Floette-Eternal, L50, F|100/100
|-ability|p2a: Incineroar|Intimidate|boost
|-unboost|p1a: Torkoal|atk|1
|-unboost|p1b: Pyroar|atk|1
|-weather|SunnyDay|[from] ability: Drought|[of] p1a: Torkoal
|turn|1
|
|t:|1782510233
|switch|p1a: Farigiraf|Farigiraf, L50, F|100/100
|detailschange|p1b: Pyroar|Pyroar-Mega, L50, F
|-mega|p1b: Pyroar|Pyroar|Pyroarite
|move|p2b: Floette|Protect|p2b: Floette
|-singleturn|p2b: Floette|Protect
|move|p1b: Pyroar|Overheat|p2a: Incineroar
|-resisted|p2a: Incineroar|1
|-damage|p2a: Incineroar|16/100
|-unboost|p1b: Pyroar|spa|2
|move|p2a: Incineroar|Parting Shot|p1b: Pyroar
|-unboost|p1b: Pyroar|atk|1
|-unboost|p1b: Pyroar|spa|1
|
|t:|1782510252
|switch|p2a: Garchomp|Garchomp, L50, M|100/100|[from] Parting Shot
|
|-weather|SunnyDay|[upkeep]
|upkeep
|turn|2
|
|t:|1782510265
|switch|p1b: Staraptor|Staraptor, L50, F|100/100
|-ability|p1b: Staraptor|Intimidate|boost
|-unboost|p2a: Garchomp|atk|1
|-unboost|p2b: Floette|atk|1
|detailschange|p2b: Floette|Floette-Mega, L50, F
|-mega|p2b: Floette|Floette|Floettite
|-ability|p2b: Floette|Fairy Aura
|move|p2a: Garchomp|Rock Slide|p1b: Staraptor|[spread] p1a,p1b
|-supereffective|p1b: Staraptor|1
|-damage|p1a: Farigiraf|83/100
|-damage|p1b: Staraptor|57/100
|-damage|p2a: Garchomp|90/100|[from] item: Life Orb
|move|p2b: Floette|Calm Mind|p2b: Floette
|-boost|p2b: Floette|spa|1
|-boost|p2b: Floette|spd|1
|cant|p1a: Farigiraf|flinch
|
|-weather|SunnyDay|[upkeep]
|upkeep
|turn|3
|inactive|Aeon_Twins has 30 seconds left.
|inactive|Okkito autobusero has 30 seconds left.
|inactive|Aeon_Twins has 20 seconds left.
|inactive|Okkito autobusero has 20 seconds left.
|inactive|Aeon_Twins has 15 seconds left.
|inactive|Okkito autobusero has 15 seconds left.
|
|t:|1782510307
|switch|p2a: Incineroar|Incineroar, L50, M|16/100
|-ability|p2a: Incineroar|Intimidate|boost
|-unboost|p1a: Farigiraf|atk|1
|-unboost|p1b: Staraptor|atk|1
|move|p1b: Staraptor|Final Gambit|p2b: Floette
|-damage|p2b: Floette|38/100
|faint|p1b: Staraptor
|move|p2b: Floette|Calm Mind|p2b: Floette
|-boost|p2b: Floette|spa|1
|-boost|p2b: Floette|spd|1
|move|p1a: Farigiraf|Psychic|p2a: Incineroar
|-immune|p2a: Incineroar
|
|-weather|SunnyDay|[upkeep]
|upkeep
|
|t:|1782510315
|switch|p1b: Pyroar|Pyroar-Mega, L50, F|100/100
|turn|4
|
|t:|1782510321
|switch|p2a: Sinistcha|Sinistcha, L50|100/100
|-heal|p2b: Floette|63/100|[from] ability: Hospitality|[of] p2a: Sinistcha
|move|p1a: Farigiraf|Helping Hand|p1b: Pyroar
|-singleturn|p1b: Pyroar|Helping Hand|[of] p1a: Farigiraf
|move|p2b: Floette|Protect|p2b: Floette
|-singleturn|p2b: Floette|Protect
|move|p1b: Pyroar|Heat Wave|p2a: Sinistcha|[spread] p2a
|-activate|p2b: Floette|move: Protect
|-supereffective|p2a: Sinistcha|1
|-damage|p2a: Sinistcha|0 fnt
|faint|p2a: Sinistcha
|
|-weather|SunnyDay|[upkeep]
|upkeep
|
|t:|1782510330
|switch|p2a: Garchomp|Garchomp, L50, M|90/100
|turn|5
|
|t:|1782510344
|move|p1b: Pyroar|Overheat|p2b: Floette|[miss]
|-miss|p1b: Pyroar|p2b: Floette
|move|p2a: Garchomp|Rock Slide|p1b: Pyroar|[spread] p1b
|-miss|p2a: Garchomp|p1a: Farigiraf
|-supereffective|p1b: Pyroar|1
|-damage|p1b: Pyroar|39/100
|-damage|p2a: Garchomp|80/100|[from] item: Life Orb
|move|p2b: Floette|Draining Kiss|p1a: Farigiraf
|-damage|p1a: Farigiraf|23/100
|-heal|p2b: Floette|100/100|[from] drain|[of] p1a: Farigiraf
|move|p1a: Farigiraf|Trick Room|p1a: Farigiraf
|-fieldstart|move: Trick Room|[of] p1a: Farigiraf
|
|-weather|none
|upkeep
|turn|6
|inactive|Okkito autobusero has 30 seconds left.
|
|t:|1782510370
|switch|p2a: Incineroar|Incineroar, L50, M|16/100
|-ability|p2a: Incineroar|Intimidate|boost
|-unboost|p1a: Farigiraf|atk|1
|-unboost|p1b: Pyroar|atk|1
|move|p1a: Farigiraf|Psychic|p2a: Incineroar
|-immune|p2a: Incineroar
|move|p2b: Floette|Dazzling Gleam|p1a: Farigiraf|[spread] p1a,p1b
|-resisted|p1b: Pyroar|1
|-damage|p1a: Farigiraf|0 fnt
|-damage|p1b: Pyroar|0 fnt
|faint|p1a: Farigiraf
|faint|p1b: Pyroar
|
|upkeep
|
|t:|1782510375
|switch|p1a: Torkoal|Torkoal, L50, F|100/100
|-weather|SunnyDay|[from] ability: Drought|[of] p1a: Torkoal
|turn|7
|-message|Aeon_Twins forfeited.
|
|win|Okkito autobusero
