|j|☆MrGreen3432
|j|‽lilypitot
|html|MrGreen3432lilypitot    
|uhtml|bestof|Game 1 of a best-of-3
|t:|1757836742
|gametype|doubles
|player|p1|MrGreen3432|101|1117
|player|p2|lilypitot|caitlin|1059
|gen|9
|tier|[Gen 9] VGC 2025 Reg H (Bo3)
|rated|
|rule|Species Clause: Limit one of each Pokémon
|rule|Item Clause: Limit 1 of each item
|clearpoke
|poke|p1|Garchomp, L50, M|
|poke|p1|Inteleon, L50, F|
|poke|p1|Misdreavus, L50, M|
|poke|p1|Gothitelle, L50, M|
|poke|p1|Amoonguss, L50, F|
|poke|p1|Incineroar, L50, F|
|poke|p2|Archaludon, L50, F|
|poke|p2|Pelipper, L50, F|
|poke|p2|Basculegion, L50, M|
|poke|p2|Gothitelle, L50, F|
|poke|p2|Politoed, L50, F|
|poke|p2|Amoonguss, L50, F|
|teampreview|4
|showteam|p1|Garchomp||LifeOrb|RoughSkin|Protect,Earthquake,StompingTantrum,DragonClaw|||M|||50|,,,,,Stellar]Inteleon||FocusSash|Sniper|Protect,SnipeShot,MuddyWater,AirSlash|||F|||50|,,,,,Water]Misdreavus||Eviolite|Levitate|Protect,PerishSong,WillOWisp,ShadowBall|||M|||50|,,,,,Steel]Gothitelle||SitrusBerry|ShadowTag|Protect,FakeOut,TrickRoom,Psychic|||M|||50|,,,,,Dark]Amoonguss||EjectButton|Regenerator|Protect,RagePowder,Spore,PollenPuff|||F|||50|,,,,,Fairy]Incineroar||SafetyGoggles|Intimidate|Protect,FakeOut,PartingShot,KnockOff|||F|||50|,,,,,Ghost
|showteam|p2|Archaludon||AssaultVest|Stamina|ElectroShot,FlashCannon,BodyPress,Thunder|||F|||50|,,,,,Water]Pelipper||FocusSash|Drizzle|Hurricane,Tailwind,WideGuard,Uturn|||F|||50|,,,,,Grass]Basculegion||ChoiceBand|SwiftSwim|FlipTurn,AquaJet,LastRespects,IceFang|||M|||50|,,,,,Grass]Gothitelle||SitrusBerry|ShadowTag|Protect,FakeOut,TrickRoom,ExpandingForce|||F|||50|,,,,,Bug]Politoed||Leftovers|Drizzle|Protect,WeatherBall,PerishSong,IceBeam|||F|||50|,,,,,Grass]Amoonguss||RockyHelmet|Regenerator|Spore,PollenPuff,RagePowder,BulletSeed|||F|||50|,,,,,Water
|inactive|Battle timer is ON: inactive players will automatically lose when time's up. (requested by lilypitot)
|inactive|MrGreen3432 also wants the timer to be on.
|inactive|MrGreen3432 has 60 seconds left.
|inactive|lilypitot has 60 seconds left.
|inactive|MrGreen3432 has 30 seconds left.
|inactive|MrGreen3432 has 20 seconds left.
|inactive|MrGreen3432 has 15 seconds left.
|
|t:|1757836824
|teamsize|p1|4
|teamsize|p2|4
|start
|switch|p1a: Gothitelle|Gothitelle, L50, M|100/100
|switch|p1b: Misdreavus|Misdreavus, L50, M|100/100
|switch|p2a: Basculegion|Basculegion, L50, M, shiny|100/100
|switch|p2b: Pelipper|Pelipper, L50, F, shiny|100/100
|-weather|RainDance|[from] ability: Drizzle|[of] p2b: Pelipper
|turn|1
|
|t:|1757836848
|move|p1a: Gothitelle|Fake Out|p2b: Pelipper
|-damage|p2b: Pelipper|91/100
|move|p2a: Basculegion|Flip Turn|p1a: Gothitelle
|-crit|p1a: Gothitelle
|-damage|p1a: Gothitelle|6/100
|-enditem|p1a: Gothitelle|Sitrus Berry|[eat]
|-heal|p1a: Gothitelle|30/100|[from] item: Sitrus Berry
|
|t:|1757836864
|switch|p2a: Amoonguss|Amoonguss, L50, F, shiny|100/100|[from] Flip Turn
|cant|p2b: Pelipper|flinch
|move|p1b: Misdreavus|Will-O-Wisp|p2a: Amoonguss
|-status|p2a: Amoonguss|brn
|
|-weather|RainDance|[upkeep]
|-damage|p2a: Amoonguss|95/100 brn|[from] brn
|upkeep
|turn|2
|
|t:|1757836883
|move|p1a: Gothitelle|Protect|p1a: Gothitelle
|-singleturn|p1a: Gothitelle|Protect
|move|p2a: Amoonguss|Rage Powder|p2a: Amoonguss
|-singleturn|p2a: Amoonguss|move: Rage Powder
|move|p2b: Pelipper|Hurricane|p1a: Gothitelle
|-activate|p1a: Gothitelle|move: Protect
|move|p1b: Misdreavus|Perish Song|p1b: Misdreavus
|-start|p1a: Gothitelle|perish3|[silent]
|-start|p1b: Misdreavus|perish3|[silent]
|-start|p2a: Amoonguss|perish3|[silent]
|-start|p2b: Pelipper|perish3|[silent]
|-fieldactivate|move: Perish Song
|
|-weather|RainDance|[upkeep]
|-damage|p2a: Amoonguss|89/100 brn|[from] brn
|-start|p2b: Pelipper|perish3
|-start|p1b: Misdreavus|perish3
|-start|p1a: Gothitelle|perish3
|-start|p2a: Amoonguss|perish3
|upkeep
|turn|3
|
|t:|1757836907
|switch|p1a: Amoonguss|Amoonguss, L50, F|100/100
|move|p2a: Amoonguss|Rage Powder|p2a: Amoonguss
|-singleturn|p2a: Amoonguss|move: Rage Powder
|move|p2b: Pelipper|Hurricane|p1a: Amoonguss
|-supereffective|p1a: Amoonguss
|-damage|p1a: Amoonguss|12/100
|-start|p1a: Amoonguss|confusion
|-enditem|p1a: Amoonguss|Eject Button
|
|t:|1757836914
|switch|p1a: Gothitelle|Gothitelle, L50, M|30/100
|move|p1b: Misdreavus|Will-O-Wisp|p2a: Amoonguss
|-fail|p2a: Amoonguss|brn
|
|-weather|RainDance|[upkeep]
|-damage|p2a: Amoonguss|83/100 brn|[from] brn
|-start|p2b: Pelipper|perish2
|-start|p1b: Misdreavus|perish2
|-start|p2a: Amoonguss|perish2
|upkeep
|turn|4
|inactive|lilypitot has 30 seconds left.
|inactive|lilypitot has 20 seconds left.
|inactive|lilypitot has 15 seconds left.
|inactive|lilypitot has 10 seconds left.
|
|t:|1757836961
|switch|p1b: Incineroar|Incineroar, L50, F|100/100
|-ability|p1b: Incineroar|Intimidate|boost
|-unboost|p2a: Amoonguss|atk|1
|-unboost|p2b: Pelipper|atk|1
|move|p1a: Gothitelle|Protect|p1a: Gothitelle
|-singleturn|p1a: Gothitelle|Protect
|move|p2b: Pelipper|Hurricane|p1a: Gothitelle
|-activate|p1a: Gothitelle|move: Protect
|move|p2a: Amoonguss|Spore|p1b: Incineroar
|-activate|p1b: Incineroar|item: Safety Goggles|Spore
|
|-weather|RainDance|[upkeep]
|-damage|p2a: Amoonguss|77/100 brn|[from] brn
|-start|p2b: Pelipper|perish1
|-start|p2a: Amoonguss|perish1
|upkeep
|turn|5
|inactive|lilypitot has 30 seconds left.
|inactive|lilypitot has 20 seconds left.
|
|t:|1757836996
|switch|p1a: Amoonguss|Amoonguss, L50, F|45/100
|move|p1b: Incineroar|Fake Out|p2b: Pelipper
|-damage|p2b: Pelipper|76/100
|move|p2a: Amoonguss|Rage Powder|p2a: Amoonguss
|-singleturn|p2a: Amoonguss|move: Rage Powder
|cant|p2b: Pelipper|flinch
|
|-weather|none
|-damage|p2a: Amoonguss|71/100 brn|[from] brn
|-start|p2b: Pelipper|perish0
|-start|p2a: Amoonguss|perish0
|upkeep
|faint|p2b: Pelipper
|faint|p2a: Amoonguss
|inactive|lilypitot has 30 seconds left.
|
|t:|1757837022
|switch|p2b: Basculegion|Basculegion, L50, M, shiny|100/100
|switch|p2a: Archaludon|Archaludon, L50, F, shiny|100/100
|turn|6
|inactive|lilypitot has 30 seconds left.
|
|t:|1757837050
|-terastallize|p2b: Basculegion|Grass
|move|p2b: Basculegion|Last Respects|p1a: Amoonguss
|-damage|p1a: Amoonguss|0 fnt
|faint|p1a: Amoonguss
|move|p2a: Archaludon|Body Press|p1b: Incineroar
|-supereffective|p1b: Incineroar
|-damage|p1b: Incineroar|48/100
|move|p1b: Incineroar|Parting Shot|p2b: Basculegion
|-unboost|p2b: Basculegion|atk|1
|-unboost|p2b: Basculegion|spa|1
|
|t:|1757837061
|switch|p1b: Misdreavus|Misdreavus, L50, M|100/100|[from] Parting Shot
|
|upkeep
|
|t:|1757837063
|switch|p1a: Gothitelle|Gothitelle, L50, M|30/100
|turn|7
|
|t:|1757837071
|move|p1a: Gothitelle|Fake Out|p2b: Basculegion
|-damage|p2b: Basculegion|93/100
|cant|p2b: Basculegion|flinch
|move|p1b: Misdreavus|Perish Song|p1b: Misdreavus
|-start|p1a: Gothitelle|perish3|[silent]
|-start|p1b: Misdreavus|perish3|[silent]
|-start|p2a: Archaludon|perish3|[silent]
|-start|p2b: Basculegion|perish3|[silent]
|-fieldactivate|move: Perish Song
|move|p2a: Archaludon|Body Press|p1a: Gothitelle
|-resisted|p1a: Gothitelle
|-damage|p1a: Gothitelle|20/100
|
|-start|p2b: Basculegion|perish3
|-start|p1b: Misdreavus|perish3
|-start|p2a: Archaludon|perish3
|-start|p1a: Gothitelle|perish3
|upkeep
|turn|8
|
|t:|1757837086
|move|p1b: Misdreavus|Protect|p1b: Misdreavus
|-singleturn|p1b: Misdreavus|Protect
|move|p1a: Gothitelle|Protect|p1a: Gothitelle
|-singleturn|p1a: Gothitelle|Protect
|move|p2b: Basculegion|Last Respects|p1b: Misdreavus
|-activate|p1b: Misdreavus|move: Protect
|move|p2a: Archaludon|Flash Cannon|p1a: Gothitelle
|-activate|p1a: Gothitelle|move: Protect
|
|-start|p2b: Basculegion|perish2
|-start|p1b: Misdreavus|perish2
|-start|p2a: Archaludon|perish2
|-start|p1a: Gothitelle|perish2
|upkeep
|turn|9
|
|t:|1757837103
|move|p2b: Basculegion|Last Respects|p1b: Misdreavus
|-supereffective|p1b: Misdreavus
|-damage|p1b: Misdreavus|0 fnt
|faint|p1b: Misdreavus
|move|p2a: Archaludon|Flash Cannon|p1a: Gothitelle
|-damage|p1a: Gothitelle|0 fnt
|faint|p1a: Gothitelle
|
|-start|p2b: Basculegion|perish1
|-start|p2a: Archaludon|perish1
|upkeep
|
|t:|1757837108
|switch|p1b: Incineroar|Incineroar, L50, F|48/100
|-ability|p1b: Incineroar|Intimidate|boost
|-unboost|p2a: Archaludon|atk|1
|-unboost|p2b: Basculegion|atk|1
|turn|10
|
|t:|1757837123
|move|p1b: Incineroar|Protect|p1b: Incineroar
|-singleturn|p1b: Incineroar|Protect
|move|p2b: Basculegion|Last Respects|p1b: Incineroar
|-activate|p1b: Incineroar|move: Protect
|move|p2a: Archaludon|Body Press|p1b: Incineroar
|-activate|p1b: Incineroar|move: Protect
|
|-start|p2b: Basculegion|perish0
|-start|p2a: Archaludon|perish0
|faint|p2b: Basculegion
|faint|p2a: Archaludon
|
|win|MrGreen3432
|l|☆MrGreen3432
|player|p1|
||lilypitot is ready for game 2.
||MrGreen3432 is ready for game 2.
|uhtml|next|Next: Game 2 of 3
