|j|☆SandroSSB
|j|☆Brutalandathebozz
|html|SandroSSBBrutalandathebozz    
|uhtml|bestof|Game 1 of a best-of-3
|t:|1756322648
|gametype|doubles
|player|p1|SandroSSB|brycen|
|player|p2|Brutalandathebozz|101|
|gen|9
|tier|[Gen 9] VGC 2025 Reg H (Bo3)
|rule|Species Clause: Limit one of each Pokémon
|rule|Item Clause: Limit 1 of each item
|clearpoke
|poke|p1|Dragapult, L50, F|
|poke|p1|Typhlosion-Hisui, L50, M|
|poke|p1|Whimsicott, L50, F|
|poke|p1|Electabuzz, L50, F|
|poke|p1|Flamigo, L50, M|
|poke|p1|Incineroar, L50, M|
|poke|p2|Sneasler, L50, F|
|poke|p2|Electabuzz, L50, F|
|poke|p2|Rillaboom, L50, M|
|poke|p2|Primarina, L50, F|
|poke|p2|Kingambit, L50, M|
|poke|p2|Volcarona, L50, F|
|teampreview|4
|showteam|p1|Dragapult||ChoiceBand|ClearBody|DragonDarts,Outrage,PhantomForce,Uturn|||F|||50|,,,,,Dragon]Typhlosion-Hisui||ChoiceSpecs|Blaze|Eruption,HeatWave,Overheat,ShadowBall|||M|||50|,,,,,Fire]Whimsicott||CovertCloak|Prankster|Moonblast,Tailwind,SunnyDay,Encore|||F|||50|,,,,,Water]Electabuzz||Eviolite|VitalSpirit|FollowMe,Thunderbolt,Taunt,Protect|||F|||50|,,,,,Ghost]Flamigo||FocusSash|Scrappy|CloseCombat,BraveBird,Feint,Protect|||M|||50|,,,,,Ghost]Incineroar||AssaultVest|Intimidate|FakeOut,KnockOff,FlareBlitz,Uturn|||M|||50|,,,,,Grass
|showteam|p2|Sneasler||FocusSash|PoisonTouch|FakeOut,CloseCombat,DireClaw,Protect|||F|||50|,,,,,Ghost]Electabuzz||Eviolite|VitalSpirit|Protect,Taunt,FollowMe,Electroweb|||F|||50|,,,,,Ghost]Rillaboom||AssaultVest|GrassySurge|WoodHammer,GrassyGlide,FakeOut,HighHorsepower|||M|||50|,,,,,Fire]Primarina||SitrusBerry|LiquidVoice|HyperVoice,Moonblast,Protect,Haze|||F|||50|,,,,,Poison]Kingambit||BlackGlasses|Defiant|KowtowCleave,SuckerPunch,Protect,SwordsDance|||M|||50|,,,,,Dark]Volcarona||Leftovers|FlameBody|HeatWave,TeraBlast,QuiverDance,Protect|||F|||50|,,,,,Fairy
|c|☆Brutalandathebozz|glh!
|c|☆SandroSSB|glhf
|c|☆Brutalandathebozz|glhf!*
|inactive|Battle timer is ON: inactive players will automatically lose when time's up. (requested by SandroSSB)
|inactive|SandroSSB has 60 seconds left.
|
|t:|1756322715
|teamsize|p1|4
|teamsize|p2|4
|start
|switch|p1a: Dragapult|Dragapult, L50, F|100/100
|switch|p1b: Flamigo|Flamigo, L50, M|100/100
|switch|p2a: Primarina|Primarina, L50, F|100/100
|switch|p2b: Kingambit|Kingambit, L50, M|100/100
|turn|1
|inactive|SandroSSB has 30 seconds left.
|
|t:|1756322746
|switch|p1a: Electabuzz|Electabuzz, L50, F|100/100
|move|p1b: Flamigo|Protect|p1b: Flamigo
|-singleturn|p1b: Flamigo|Protect
|move|p2b: Kingambit|Protect|p2b: Kingambit
|-singleturn|p2b: Kingambit|Protect
|move|p2a: Primarina|Hyper Voice|p1b: Flamigo|[spread] p1a
|-activate|p1b: Flamigo|move: Protect
|-damage|p1a: Electabuzz|78/100
|
|upkeep
|turn|2
|
|t:|1756322767
|switch|p2b: Electabuzz|Electabuzz, L50, F|100/100
|move|p2a: Primarina|Protect|p2a: Primarina
|-singleturn|p2a: Primarina|Protect
|move|p1a: Electabuzz|Follow Me|p1a: Electabuzz
|-singleturn|p1a: Electabuzz|move: Follow Me
|move|p1b: Flamigo|Close Combat|p2b: Electabuzz
|-damage|p2b: Electabuzz|47/100
|-unboost|p1b: Flamigo|def|1
|-unboost|p1b: Flamigo|spd|1
|
|upkeep
|turn|3
|
|t:|1756322786
|-terastallize|p2a: Primarina|Poison
|move|p2b: Electabuzz|Electroweb|p1a: Electabuzz|[spread] p1a,p1b
|-resisted|p1a: Electabuzz
|-supereffective|p1b: Flamigo
|-damage|p1a: Electabuzz|72/100
|-damage|p1b: Flamigo|31/100
|-unboost|p1a: Electabuzz|spe|1
|-unboost|p1b: Flamigo|spe|1
|move|p1b: Flamigo|Close Combat|p2b: Electabuzz
|-damage|p2b: Electabuzz|0 fnt
|-unboost|p1b: Flamigo|def|1
|-unboost|p1b: Flamigo|spd|1
|faint|p2b: Electabuzz
|move|p2a: Primarina|Hyper Voice|p1a: Electabuzz|[spread] p1a,p1b
|-damage|p1a: Electabuzz|47/100
|-damage|p1b: Flamigo|0 fnt
|faint|p1b: Flamigo
|move|p1a: Electabuzz|Thunderbolt|p2a: Primarina
|-damage|p2a: Primarina|75/100
|
|upkeep
|inactive|SandroSSB has 30 seconds left.
|
|t:|1756322812
|switch|p2b: Kingambit|Kingambit, L50, M|100/100
|switch|p1b: Typhlosion|Typhlosion-Hisui, L50, M|100/100
|turn|4
|
|t:|1756322831
|-terastallize|p1b: Typhlosion|Fire
|move|p2a: Primarina|Protect|p2a: Primarina
|-singleturn|p2a: Primarina|Protect
|move|p2b: Kingambit|Protect|p2b: Kingambit
|-singleturn|p2b: Kingambit|Protect
|move|p1a: Electabuzz|Follow Me|p1a: Electabuzz
|-singleturn|p1a: Electabuzz|move: Follow Me
|move|p1b: Typhlosion|Eruption|p2a: Primarina|[spread] 
|-activate|p2a: Primarina|move: Protect
|-activate|p2b: Kingambit|move: Protect
|
|upkeep
|turn|5
|
|t:|1756322844
|switch|p2a: Sneasler|Sneasler, L50, F|100/100
|move|p1a: Electabuzz|Follow Me|p1a: Electabuzz
|-singleturn|p1a: Electabuzz|move: Follow Me
|move|p2b: Kingambit|Sucker Punch||[still]
|-fail|p2b: Kingambit
|move|p1b: Typhlosion|Eruption|p2a: Sneasler|[spread] p2a,p2b
|-supereffective|p2b: Kingambit
|-enditem|p2a: Sneasler|Focus Sash
|-damage|p2a: Sneasler|1/100
|-damage|p2b: Kingambit|0 fnt
|faint|p2b: Kingambit
|
|upkeep
|
|t:|1756322847
|switch|p2b: Primarina|Primarina, L50, F, tera:Poison|75/100
|turn|6
|inactive|SandroSSB has 30 seconds left.
|inactive|Brutalandathebozz has 30 seconds left.
|
|t:|1756322875
|move|p1a: Electabuzz|Protect|p1a: Electabuzz
|-singleturn|p1a: Electabuzz|Protect
|move|p2a: Sneasler|Dire Claw|p1b: Typhlosion
|-damage|p1b: Typhlosion|40/100
|-status|p1b: Typhlosion|slp
|cant|p1b: Typhlosion|slp
|move|p2b: Primarina|Hyper Voice|p1a: Electabuzz|[spread] p1b
|-activate|p1a: Electabuzz|move: Protect
|-supereffective|p1b: Typhlosion
|-damage|p1b: Typhlosion|0 fnt
|faint|p1b: Typhlosion
|
|upkeep
|
|t:|1756322886
|switch|p1b: Dragapult|Dragapult, L50, F|100/100
|turn|7
|
|t:|1756322907
|move|p2a: Sneasler|Protect|p2a: Sneasler
|-singleturn|p2a: Sneasler|Protect
|move|p1a: Electabuzz|Follow Me|p1a: Electabuzz
|-singleturn|p1a: Electabuzz|move: Follow Me
|move|p1b: Dragapult|Dragon Darts|p2b: Primarina
|-damage|p2b: Primarina|32/100
|-enditem|p2b: Primarina|Sitrus Berry|[eat]
|-heal|p2b: Primarina|56/100|[from] item: Sitrus Berry
|-anim|p1b: Dragapult|Dragon Darts|p2b: Primarina
|-damage|p2b: Primarina|12/100
|move|p2b: Primarina|Moonblast|p1a: Electabuzz
|-damage|p1a: Electabuzz|13/100
|
|upkeep
|turn|8
|-message|Brutalandathebozz forfeited.
|
|win|SandroSSB
||Brutalandathebozz is ready for game 2.
||SandroSSB is ready for game 2.
|uhtml|next|Next: Game 2 of 3
