|j|☆Notaplaceofhonor
|j|☆Hollowtide
|html|NotaplaceofhonorHollowtide    
|uhtml|bestof|Game 1 of a best-of-3
|t:|1756518621
|gametype|doubles
|player|p1|Notaplaceofhonor|juan-gen3|1142
|player|p2|Hollowtide|170|1043
|gen|9
|tier|[Gen 9] VGC 2025 Reg H (Bo3)
|rated|
|rule|Species Clause: Limit one of each Pokémon
|rule|Item Clause: Limit 1 of each item
|clearpoke
|poke|p1|Ursaluna, L50, F|
|poke|p1|Incineroar, L50, M|
|poke|p1|Archaludon, L50, F|
|poke|p1|Pelipper, L50, M|
|poke|p1|Basculegion, L50, M|
|poke|p1|Sinistcha, L50|
|poke|p2|Amoonguss, L50, F|
|poke|p2|Hydreigon, L50, F|
|poke|p2|Palafin, L50, M|
|poke|p2|Gholdengo, L50|
|poke|p2|Pelipper, L50, M|
|poke|p2|Incineroar, L50, F|
|teampreview|4
|showteam|p1|Ursaluna||FlameOrb|Guts|Protect,Facade,Earthquake,HeadlongRush|||F|||50|,,,,,Ghost]Incineroar||SafetyGoggles|Intimidate|Taunt,FakeOut,KnockOff,PartingShot|||M|||50|,,,,,Ghost]Archaludon||AssaultVest|Stamina|ElectroShot,Snarl,DracoMeteor,BodyPress|||F|||50|,,,,,Grass]Pelipper||FocusSash|Drizzle|Hurricane,WeatherBall,Tailwind,Protect|||M|||50|,,,,,Ghost]Basculegion||ChoiceScarf|Adaptability|WaveCrash,LastRespects,FlipTurn,IcyWind|||M|||50|,,,,,Water]Sinistcha||SitrusBerry|Hospitality|MatchaGotcha,LifeDew,RagePowder,TrickRoom||||||50|,,,,,Water
|showteam|p2|Amoonguss||SitrusBerry|Regenerator|Protect,RagePowder,PollenPuff,Spore|||F|||50|,,,,,Fairy]Hydreigon||ChoiceSpecs|Levitate|EarthPower,DracoMeteor,Snarl,DarkPulse|||F|||50|,,,,,Ghost]Palafin||MysticWater|ZerotoHero|WaveCrash,JetPunch,Haze,Protect|||M|||50|,,,,,Water]Gholdengo||LifeOrb|GoodasGold|ShadowBall,Protect,MakeItRain,NastyPlot||||||50|,,,,,Water]Pelipper||FocusSash|Drizzle|Protect,WeatherBall,Tailwind,Hurricane|||M|||50|,,,,,Grass]Incineroar||AssaultVest|Intimidate|FlareBlitz,KnockOff,FakeOut,Uturn|||F|||50|,,,,,Grass
|
|t:|1756518729
|teamsize|p1|4
|teamsize|p2|4
|start
|switch|p1a: Incineroar|Incineroar, L50, M|100/100
|switch|p1b: Archaludon|Archaludon, L50, F|100/100
|switch|p2a: Palafin|Palafin, L50, M|100/100
|switch|p2b: Amoonguss|Amoonguss, L50, F|100/100
|-ability|p1a: Incineroar|Intimidate|boost
|-unboost|p2a: Palafin|atk|1
|-unboost|p2b: Amoonguss|atk|1
|turn|1
|
|t:|1756518756
|detailschange|p2a: Palafin|Palafin-Hero, L50, M
|switch|p2a: Incineroar|Incineroar, L50, F|100/100
|-ability|p2a: Incineroar|Intimidate|boost
|-unboost|p1a: Incineroar|atk|1
|-unboost|p1b: Archaludon|atk|1
|move|p2b: Amoonguss|Protect|p2b: Amoonguss
|-singleturn|p2b: Amoonguss|Protect
|move|p1a: Incineroar|Fake Out|p2b: Amoonguss
|-activate|p2b: Amoonguss|move: Protect
|move|p1b: Archaludon|Draco Meteor|p2a: Incineroar
|-damage|p2a: Incineroar|57/100
|-unboost|p1b: Archaludon|spa|2
|
|upkeep
|turn|2
|
|t:|1756518792
|move|p1b: Archaludon|Body Press|p2a: Incineroar
|-supereffective|p2a: Incineroar
|-damage|p2a: Incineroar|12/100
|move|p1a: Incineroar|Taunt|p2b: Amoonguss
|-start|p2b: Amoonguss|move: Taunt
|move|p2a: Incineroar|U-turn|p1b: Archaludon
|-resisted|p1b: Archaludon
|-damage|p1b: Archaludon|91/100
|-ability|p1b: Archaludon|Stamina|boost
|-boost|p1b: Archaludon|def|1
|
|t:|1756518799
|switch|p2a: Palafin|Palafin-Hero, L50, M|100/100|[from] U-turn
|-activate|p2a: Palafin|ability: Zero to Hero
|cant|p2b: Amoonguss|move: Taunt|Spore
|
|upkeep
|turn|3
|
|t:|1756518819
|switch|p2a: Incineroar|Incineroar, L50, F|12/100
|-ability|p2a: Incineroar|Intimidate|boost
|-unboost|p1a: Incineroar|atk|1
|-unboost|p1b: Archaludon|atk|1
|switch|p1a: Pelipper|Pelipper, L50, M|100/100
|-weather|RainDance|[from] ability: Drizzle|[of] p1a: Pelipper
|move|p1b: Archaludon|Electro Shot||[still]
|-prepare|p1b: Archaludon|Electro Shot
|-boost|p1b: Archaludon|spa|1
|-anim|p1b: Archaludon|Electro Shot|p2a: Incineroar
|-damage|p2a: Incineroar|0 fnt
|faint|p2a: Incineroar
|move|p2b: Amoonguss|Pollen Puff|p1b: Archaludon
|-resisted|p1b: Archaludon
|-damage|p1b: Archaludon|84/100
|-ability|p1b: Archaludon|Stamina|boost
|-boost|p1b: Archaludon|def|1
|
|-weather|RainDance|[upkeep]
|upkeep
|
|t:|1756518831
|switch|p2a: Hydreigon|Hydreigon, L50, F|100/100
|turn|4
|
|t:|1756518895
|-terastallize|p2a: Hydreigon|Ghost
|move|p2a: Hydreigon|Snarl|p1b: Archaludon|[spread] p1a,p1b
|-damage|p1a: Pelipper|47/100
|-damage|p1b: Archaludon|59/100
|-unboost|p1a: Pelipper|spa|1
|-unboost|p1b: Archaludon|spa|1
|-ability|p1b: Archaludon|Stamina|boost
|-boost|p1b: Archaludon|def|1
|move|p1a: Pelipper|Tailwind|p1a: Pelipper
|-sidestart|p1: Notaplaceofhonor|move: Tailwind
|move|p1b: Archaludon|Draco Meteor|p2a: Hydreigon
|-damage|p2a: Hydreigon|64/100
|-unboost|p1b: Archaludon|spa|2
|move|p2b: Amoonguss|Pollen Puff|p2a: Hydreigon
|-heal|p2a: Hydreigon|100/100
|
|-weather|RainDance|[upkeep]
|-end|p2b: Amoonguss|move: Taunt
|upkeep
|turn|5
|
|t:|1756518922
|switch|p1b: Incineroar|Incineroar, L50, M|100/100
|-ability|p1b: Incineroar|Intimidate|boost
|-unboost|p2a: Hydreigon|atk|1
|-unboost|p2b: Amoonguss|atk|1
|move|p1a: Pelipper|Protect|p1a: Pelipper
|-singleturn|p1a: Pelipper|Protect
|move|p2a: Hydreigon|Snarl|p1a: Pelipper|[spread] p1b
|-activate|p1a: Pelipper|move: Protect
|-resisted|p1b: Incineroar
|-damage|p1b: Incineroar|86/100
|-unboost|p1b: Incineroar|spa|1
|move|p2b: Amoonguss|Spore|p1a: Pelipper
|-activate|p1a: Pelipper|move: Protect
|
|-weather|RainDance|[upkeep]
|upkeep
|turn|6
|
|t:|1756518939
|switch|p2a: Palafin|Palafin-Hero, L50, M|100/100
|move|p1a: Pelipper|Hurricane|p2a: Palafin
|-damage|p2a: Palafin|64/100
|move|p1b: Incineroar|Knock Off|p2a: Palafin
|-damage|p2a: Palafin|26/100
|-enditem|p2a: Palafin|Mystic Water|[from] move: Knock Off|[of] p1b: Incineroar
|move|p2b: Amoonguss|Spore|p1a: Pelipper
|-status|p1a: Pelipper|slp|[from] move: Spore
|
|-weather|RainDance|[upkeep]
|upkeep
|turn|7
|
|t:|1756518996
|move|p2b: Amoonguss|Rage Powder|p2b: Amoonguss
|-singleturn|p2b: Amoonguss|move: Rage Powder
|cant|p1a: Pelipper|slp
|move|p2a: Palafin|Wave Crash|p1b: Incineroar
|-supereffective|p1b: Incineroar
|-damage|p1b: Incineroar|0 fnt
|faint|p1b: Incineroar
|-damage|p2a: Palafin|0 fnt|[from] Recoil
|faint|p2a: Palafin
|
|-weather|none
|-sideend|p1: Notaplaceofhonor|move: Tailwind
|upkeep
|
|t:|1756519030
|switch|p2a: Hydreigon|Hydreigon, L50, F, tera:Ghost|100/100
|switch|p1b: Archaludon|Archaludon, L50, F|59/100
|turn|8
|
|t:|1756519055
|-terastallize|p1b: Archaludon|Grass
|move|p2a: Hydreigon|Snarl|p1a: Pelipper|[spread] p1a,p1b
|-damage|p1a: Pelipper|0 fnt
|-damage|p1b: Archaludon|35/100
|-unboost|p1b: Archaludon|spa|1
|-ability|p1b: Archaludon|Stamina|boost
|-boost|p1b: Archaludon|def|1
|faint|p1a: Pelipper
|move|p1b: Archaludon|Snarl|p2b: Amoonguss|[spread] p2a,p2b
|-supereffective|p2a: Hydreigon
|-damage|p2a: Hydreigon|77/100
|-damage|p2b: Amoonguss|95/100
|-unboost|p2a: Hydreigon|spa|1
|-unboost|p2b: Amoonguss|spa|1
|move|p2b: Amoonguss|Spore|p1b: Archaludon
|-immune|p1b: Archaludon
|
|upkeep
|
|t:|1756519069
|switch|p1a: Basculegion|Basculegion, L50, M|100/100
|turn|9
|
|t:|1756519087
|move|p2b: Amoonguss|Rage Powder|p2b: Amoonguss
|-singleturn|p2b: Amoonguss|move: Rage Powder
|move|p1a: Basculegion|Last Respects|p2b: Amoonguss
|-damage|p2b: Amoonguss|0 fnt
|faint|p2b: Amoonguss
|move|p2a: Hydreigon|Snarl|p1a: Basculegion|[spread] p1a,p1b
|-supereffective|p1a: Basculegion
|-damage|p1a: Basculegion|53/100
|-damage|p1b: Archaludon|17/100
|-unboost|p1a: Basculegion|spa|1
|-unboost|p1b: Archaludon|spa|1
|-ability|p1b: Archaludon|Stamina|boost
|-boost|p1b: Archaludon|def|1
|move|p1b: Archaludon|Snarl|p2a: Hydreigon
|-supereffective|p2a: Hydreigon
|-damage|p2a: Hydreigon|55/100
|-unboost|p2a: Hydreigon|spa|1
|
|upkeep
|turn|10
|
|t:|1756519100
|move|p1a: Basculegion|Last Respects|p2a: Hydreigon
|-supereffective|p2a: Hydreigon
|-damage|p2a: Hydreigon|0 fnt
|faint|p2a: Hydreigon
|
|win|Notaplaceofhonor
