|j|☆Jared66
|j|☆Tyho45
|html|Jared66Tyho45    
|uhtml|bestof|Game 2 of a best-of-3
|t:|1783286815
|gametype|doubles
|player|p1|Jared66|hilbert|1064
|player|p2|Tyho45|n|1102
|gen|9
|tier|[Gen 9 Champions] VGC 2026 Reg M-B (Bo3)
|rated|
|rule|Species Clause: Limit one of each Pokémon
|rule|Item Clause: Limit 1 of each item
|clearpoke
|poke|p1|Raichu, L50, F|
|poke|p1|Talonflame, L50, F|
|poke|p1|Basculegion, L50, M|
|poke|p1|Sinistcha-Masterpiece, L50|
|poke|p1|Garchomp, L50, M|
|poke|p1|Sneasler, L50, F|
|poke|p2|Kangaskhan, L50, F|
|poke|p2|Ceruledge, L50, F|
|poke|p2|Sinistcha-Masterpiece, L50|
|poke|p2|Milotic, L50, M|
|poke|p2|Kommo-o, L50, F|
|poke|p2|Floette-Eternal, L50, F|
|teampreview|4
|showteam|p1|Raichu||RaichuniteY|LightningRod|ZapCannon,Encore,FocusBlast,Protect|Timid||F|||50|]Talonflame||ExpertBelt|GaleWings|Tailwind,Protect,FlareBlitz,BraveBird|Adamant||F|||50|]Basculegion||ChoiceScarf|Adaptability|AquaJet,LastRespects,WaveCrash,FlipTurn|Jolly||M|||50|]Sinistcha-Masterpiece||ColburBerry|Hospitality|MatchaGotcha,LifeDew,Protect,RagePowder|Modest|||||50|]Garchomp||LifeOrb|RoughSkin|Earthquake,DragonClaw,RockSlide,Protect|Adamant||M|||50|]Sneasler||FocusSash|Unburden|DireClaw,CloseCombat,FakeOut,Protect|Jolly||F|||50|
|showteam|p2|Kangaskhan||Kangaskhanite|Scrappy|FakeOut,LastResort|Adamant||F|||50|]Ceruledge||ColburBerry|FlashFire|SwordsDance,Protect,ShadowSneak,BitterBlade|Adamant||F|||50|]Sinistcha-Masterpiece||SitrusBerry|Hospitality|LifeDew,RagePowder,TrickRoom,MatchaGotcha|Bold|||||50|]Milotic||Leftovers|Competitive|Coil,Scald,Recover,Hypnosis|Modest||M|||50|]Kommo-o||DragonFang|Soundproof|ClangingScales,ClangorousSoul,Protect,AuraSphere|Timid||F|||50|]Floette-Eternal||Floettite|FlowerVeil|Moonblast,Protect,DazzlingGleam,DrainingKiss|Modest||F|||50|
|inactive|Battle timer is ON: inactive players will automatically lose when time's up. (requested by Jared66)
|
|t:|1783286839
|teamsize|p1|4
|teamsize|p2|4
|start
|switch|p1a: Basculegion|Basculegion, L50, M|100/100
|switch|p1b: Sneasler|Sneasler, L50, F|100/100
|switch|p2a: Kommo-o|Kommo-o, L50, F|100/100
|switch|p2b: Sinistcha|Sinistcha-Masterpiece, L50|100/100
|turn|1
|
|t:|1783286864
|move|p2a: Kommo-o|Protect|p2a: Kommo-o
|-singleturn|p2a: Kommo-o|Protect
|move|p1b: Sneasler|Fake Out|p2a: Kommo-o
|-activate|p2a: Kommo-o|move: Protect
|move|p1a: Basculegion|Flip Turn|p2b: Sinistcha
|-resisted|p2b: Sinistcha|1
|-damage|p2b: Sinistcha|87/100
|
|t:|1783286867
|switch|p1a: Raichu|Raichu, L50, F|100/100|[from] Flip Turn
|move|p2b: Sinistcha|Trick Room|p2b: Sinistcha
|-fieldstart|move: Trick Room|[of] p2b: Sinistcha
|
|upkeep
|turn|2
|
|t:|1783286890
|detailschange|p1a: Raichu|Raichu-Mega-Y, L50, F
|-mega|p1a: Raichu|Raichu|Raichunite Y
|move|p2b: Sinistcha|Rage Powder|p2b: Sinistcha
|-singleturn|p2b: Sinistcha|move: Rage Powder
|move|p2a: Kommo-o|Clangorous Soul|p2a: Kommo-o
|-boost|p2a: Kommo-o|atk|1
|-boost|p2a: Kommo-o|def|1
|-boost|p2a: Kommo-o|spa|1
|-boost|p2a: Kommo-o|spd|1
|-boost|p2a: Kommo-o|spe|1
|-damage|p2a: Kommo-o|67/100
|move|p1b: Sneasler|Dire Claw|p2b: Sinistcha
|-damage|p2b: Sinistcha|56/100
|-status|p2b: Sinistcha|par
|move|p1a: Raichu|Encore|p2b: Sinistcha
|-start|p2b: Sinistcha|Encore
|
|upkeep
|turn|3
|
|t:|1783286904
|move|p1b: Sneasler|Protect|p1b: Sneasler
|-singleturn|p1b: Sneasler|Protect
|move|p1a: Raichu|Protect|p1a: Raichu
|-singleturn|p1a: Raichu|Protect
|move|p2b: Sinistcha|Rage Powder|p2b: Sinistcha
|-singleturn|p2b: Sinistcha|move: Rage Powder
|move|p2a: Kommo-o|Clanging Scales|p1a: Raichu|[spread] 
|-activate|p1a: Raichu|move: Protect
|-activate|p1b: Sneasler|move: Protect
|
|upkeep
|turn|4
|
|t:|1783286925
|switch|p1a: Basculegion|Basculegion, L50, M|100/100
|move|p2b: Sinistcha|Rage Powder|p2b: Sinistcha
|-singleturn|p2b: Sinistcha|move: Rage Powder
|move|p1b: Sneasler|Close Combat|p2b: Sinistcha
|-immune|p2b: Sinistcha
|move|p2a: Kommo-o|Clanging Scales|p1a: Basculegion|[spread] p1a,p1b
|-damage|p1a: Basculegion|31/100
|-damage|p1b: Sneasler|19/100
|-unboost|p2a: Kommo-o|def|1
|
|upkeep
|turn|5
|
|t:|1783286941
|move|p1b: Sneasler|Protect|p1b: Sneasler
|-singleturn|p1b: Sneasler|Protect
|move|p2b: Sinistcha|Rage Powder|p2b: Sinistcha
|-singleturn|p2b: Sinistcha|move: Rage Powder
|move|p1a: Basculegion|Aqua Jet|p2b: Sinistcha
|-resisted|p2b: Sinistcha|1
|-damage|p2b: Sinistcha|48/100 par
|-enditem|p2b: Sinistcha|Sitrus Berry|[eat]
|-heal|p2b: Sinistcha|73/100 par|[from] item: Sitrus Berry
|move|p2a: Kommo-o|Clanging Scales|p1a: Basculegion|[spread] p1a
|-activate|p1b: Sneasler|move: Protect
|-damage|p1a: Basculegion|0 fnt
|faint|p1a: Basculegion
|-unboost|p2a: Kommo-o|def|1
|
|-end|p2b: Sinistcha|Encore
|-fieldend|move: Trick Room
|upkeep
|
|t:|1783286962
|switch|p1a: Garchomp|Garchomp, L50, M|100/100
|turn|6
|
|t:|1783286978
|move|p2a: Kommo-o|Clanging Scales|p1b: Sneasler|[spread] p1a,p1b
|-supereffective|p1a: Garchomp|1
|-damage|p1a: Garchomp|0 fnt
|-damage|p1b: Sneasler|0 fnt
|faint|p1a: Garchomp
|faint|p1b: Sneasler
|-unboost|p2a: Kommo-o|def|1
|move|p2b: Sinistcha|Life Dew|p2b: Sinistcha|[spread] p2a,p2b
|-heal|p2a: Kommo-o|92/100
|-heal|p2b: Sinistcha|98/100 par
|
|upkeep
|
|t:|1783286988
|switch|p1b: Raichu|Raichu-Mega-Y, L50, F|100/100
|turn|7
|
|t:|1783286995
|move|p2a: Kommo-o|Protect|p2a: Kommo-o
|-singleturn|p2a: Kommo-o|Protect
|move|p1b: Raichu|Zap Cannon|p2a: Kommo-o
|-activate|p2a: Kommo-o|move: Protect
|move|p2b: Sinistcha|Matcha Gotcha|p1b: Raichu
|-damage|p1b: Raichu|43/100
|-heal|p2b: Sinistcha|100/100 par|[from] drain|[of] p1b: Raichu
|
|upkeep
|turn|8
|-message|Jared66 forfeited.
|raw|Jared66's rating: 1064 → 1047(-17 for losing)
|raw|Tyho45's rating: 1102 → 1124(+22 for winning)
|
|win|Tyho45
|l|☆Jared66
|player|p1|
