|j|☆thedelybird
|j|☆Trejox
|html|thedelybirdTrejox    
|uhtml|bestof|Game 1 of a best-of-3
|t:|1756496558
|gametype|doubles
|player|p1|thedelybird|blue-masters|1310
|player|p2|Trejox|102|1195
|gen|9
|tier|[Gen 9] VGC 2025 Reg H (Bo3)
|rated|
|rule|Species Clause: Limit one of each Pokémon
|rule|Item Clause: Limit 1 of each item
|clearpoke
|poke|p1|Basculegion, L50, M|
|poke|p1|Pelipper, L50, M|
|poke|p1|Archaludon, L50, F|
|poke|p1|Gholdengo, L50|
|poke|p1|Whimsicott, L50, M|
|poke|p1|Incineroar, L50, M|
|poke|p2|Lilligant-Hisui, L50, F|
|poke|p2|Torkoal, L50, M|
|poke|p2|Oranguru, L50, M|
|poke|p2|Ursaluna, L50, F|
|poke|p2|Vikavolt, L50, M|
|poke|p2|Indeedee-F, L50, F|
|teampreview|4
|showteam|p1|Basculegion||MysticWater|SwiftSwim|LastRespects,WaveCrash,AquaJet,Protect|||M|||50|,,,,,Water]Pelipper||FocusSash|Drizzle|Hurricane,WeatherBall,WideGuard,Tailwind|||M|||50|,,,,,Ghost]Archaludon||AssaultVest|Stamina|ElectroShot,BodyPress,DracoMeteor,FlashCannon|||F|||50|,,,,,Fairy]Gholdengo||MetalCoat|GoodasGold|MakeItRain,ShadowBall,NastyPlot,Protect||||||50|,,,,,Water]Whimsicott||CovertCloak|Prankster|Moonblast,Taunt,BeatUp,Tailwind|||M|||50|,,,,,Steel]Incineroar||SafetyGoggles|Intimidate|FakeOut,FlareBlitz,KnockOff,PartingShot|||M|||50|,,,,,Ghost
|showteam|p2|Lilligant-Hisui||FocusSash|Chlorophyll|SolarBlade,CloseCombat,SleepPowder,AfterYou|||F|||50|,,,,,Ghost]Torkoal||Charcoal|Drought|Eruption,EarthPower,WeatherBall,Protect|||M|||50|,,,,,Fire]Oranguru||MentalHerb|InnerFocus|Psychic,Instruct,TrickRoom,Protect|||M|||50|,,,,,Fairy]Ursaluna||FlameOrb|Guts|Facade,Earthquake,Roar,Protect|||F|||50|,,,,,Normal]Vikavolt||ChoiceSpecs|Levitate|Discharge,BugBuzz,AirSlash,VoltSwitch|||M|||50|,,,,,Electric]Indeedee-F||RockyHelmet|PsychicSurge|AlluringVoice,FollowMe,HelpingHand,TrickRoom|||F|||50|,,,,,Grass
|inactive|Battle timer is ON: inactive players will automatically lose when time's up. (requested by Trejox)
|inactive|thedelybird has 60 seconds left.
|inactive|Trejox has 60 seconds left.
|
|t:|1756496611
|teamsize|p1|4
|teamsize|p2|4
|start
|switch|p1a: Gholdengo|Gholdengo, L50|100/100
|switch|p1b: Incineroar|Incineroar, L50, M|100/100
|switch|p2a: Lilligant|Lilligant-Hisui, L50, F, shiny|100/100
|switch|p2b: Torkoal|Torkoal, L50, M|100/100
|-ability|p1b: Incineroar|Intimidate|boost
|-unboost|p2a: Lilligant|atk|1
|-unboost|p2b: Torkoal|atk|1
|-weather|SunnyDay|[from] ability: Drought|[of] p2b: Torkoal
|turn|1
|inactive|thedelybird has 30 seconds left.
|
|t:|1756496637
|-terastallize|p2a: Lilligant|Ghost
|move|p2b: Torkoal|Protect|p2b: Torkoal
|-singleturn|p2b: Torkoal|Protect
|move|p2a: Lilligant|Close Combat|p1b: Incineroar
|-supereffective|p1b: Incineroar
|-damage|p1b: Incineroar|31/100
|-unboost|p2a: Lilligant|def|1
|-unboost|p2a: Lilligant|spd|1
|move|p1a: Gholdengo|Shadow Ball|p2b: Torkoal
|-activate|p2b: Torkoal|move: Protect
|move|p1b: Incineroar|Knock Off|p2b: Torkoal
|-activate|p2b: Torkoal|move: Protect
|
|-weather|SunnyDay|[upkeep]
|upkeep
|turn|2
|
|t:|1756496653
|-terastallize|p1b: Incineroar|Ghost
|move|p2a: Lilligant|After You|p2b: Torkoal
|-activate|p2b: Torkoal|move: After You
|move|p2b: Torkoal|Eruption|p1a: Gholdengo|[spread] p1a,p1b
|-supereffective|p1a: Gholdengo
|-damage|p1a: Gholdengo|0 fnt
|-damage|p1b: Incineroar|0 fnt
|faint|p1a: Gholdengo
|faint|p1b: Incineroar
|
|-weather|SunnyDay|[upkeep]
|upkeep
|
|t:|1756496660
|switch|p1a: Pelipper|Pelipper, L50, M|100/100
|switch|p1b: Archaludon|Archaludon, L50, F|100/100
|-weather|RainDance|[from] ability: Drizzle|[of] p1a: Pelipper
|turn|3
|
|t:|1756496669
|switch|p2b: Oranguru|Oranguru, L50, M|100/100
|move|p2a: Lilligant|Sleep Powder|p1b: Archaludon
|-status|p1b: Archaludon|slp|[from] move: Sleep Powder
|cant|p1b: Archaludon|slp
|move|p1a: Pelipper|Hurricane|p2a: Lilligant
|-enditem|p2a: Lilligant|Focus Sash
|-damage|p2a: Lilligant|1/100
|
|-weather|RainDance|[upkeep]
|upkeep
|turn|4
|
|t:|1756496684
|move|p2a: Lilligant|After You|p2b: Oranguru
|-activate|p2b: Oranguru|move: After You
|move|p2b: Oranguru|Trick Room|p2b: Oranguru
|-fieldstart|move: Trick Room|[of] p2b: Oranguru
|move|p1a: Pelipper|Weather Ball|p2a: Lilligant
|-damage|p2a: Lilligant|0 fnt
|faint|p2a: Lilligant
|-curestatus|p1b: Archaludon|slp|[msg]
|move|p1b: Archaludon|Electro Shot||[still]
|-prepare|p1b: Archaludon|Electro Shot
|-boost|p1b: Archaludon|spa|1
|-anim|p1b: Archaludon|Electro Shot|p2b: Oranguru
|-damage|p2b: Oranguru|49/100
|
|-weather|RainDance|[upkeep]
|upkeep
|
|t:|1756496689
|switch|p2a: Torkoal|Torkoal, L50, M|100/100
|-weather|SunnyDay|[from] ability: Drought|[of] p2a: Torkoal
|turn|5
|
|t:|1756496699
|move|p1a: Pelipper|Wide Guard|p1a: Pelipper
|-singleturn|p1a: Pelipper|Wide Guard
|move|p2a: Torkoal|Weather Ball|p1b: Archaludon
|-damage|p1b: Archaludon|38/100
|-ability|p1b: Archaludon|Stamina|boost
|-boost|p1b: Archaludon|def|1
|move|p2b: Oranguru|Instruct|p2a: Torkoal
|-singleturn|p2a: Torkoal|move: Instruct|[of] p2b: Oranguru
|move|p2a: Torkoal|Weather Ball|p1b: Archaludon
|-damage|p1b: Archaludon|0 fnt
|faint|p1b: Archaludon
|
|-weather|SunnyDay|[upkeep]
|upkeep
|turn|6
|
|t:|1756496714
|move|p2a: Torkoal|Eruption|p1a: Pelipper
|-resisted|p1a: Pelipper
|-enditem|p1a: Pelipper|Focus Sash
|-damage|p1a: Pelipper|1/100
|move|p2b: Oranguru|Psychic|p1a: Pelipper
|-damage|p1a: Pelipper|0 fnt
|faint|p1a: Pelipper
|
|win|Trejox
