|j|☆pastapastayumyum
|j|☆Kdbc73
|html|pastapastayumyumKdbc73    
|uhtml|bestof|Game 1 of a best-of-3
|t:|1756177622
|gametype|doubles
|player|p1|pastapastayumyum|101|1060
|player|p2|Kdbc73|preschoolerf|1116
|gen|9
|tier|[Gen 9] VGC 2025 Reg H (Bo3)
|rated|
|rule|Species Clause: Limit one of each Pokémon
|rule|Item Clause: Limit 1 of each item
|clearpoke
|poke|p1|Dragonite, L50, F|
|poke|p1|Electabuzz, L50, M|
|poke|p1|Incineroar, L50, F|
|poke|p1|Gholdengo, L50|
|poke|p1|Rillaboom, L50, F|
|poke|p1|Sneasler, L50, M|
|poke|p2|Sneasler, L50, M|
|poke|p2|Indeedee, L50, M|
|poke|p2|Ursaluna-Bloodmoon, L50, M|
|poke|p2|Electabuzz, L50, F|
|poke|p2|Incineroar, L50, F|
|poke|p2|Talonflame, L50, M|
|teampreview|4
|showteam|p1|Dragonite||LoadedDice|Multiscale|Protect,ScaleShot,Tailwind,Haze|||F|||50|,,,,,Fairy]Electabuzz||Eviolite|VitalSpirit|Protect,Electroweb,VoltSwitch,FollowMe|||M|||50|,,,,,Dragon]Incineroar||SitrusBerry|Intimidate|KnockOff,FlareBlitz,FakeOut,PartingShot|||F|||50|,,,,,Ghost]Gholdengo||LifeOrb|GoodasGold|Protect,NastyPlot,MakeItRain,ShadowBall||||||50|,,,,,Water]Rillaboom||AssaultVest|GrassySurge|GrassyGlide,WoodHammer,FakeOut,Uturn|||F|||50|,,,,,Fire]Sneasler||FocusSash|PoisonTouch|DireClaw,CloseCombat,Protect,ThroatChop|||M|||50|,,,,,Stellar
|showteam|p2|Sneasler||PsychicSeed|Unburden|CloseCombat,DireClaw,ThroatChop,Protect|||M|||50|,,,,,Dark]Indeedee||FocusSash|PsychicSurge|ExpandingForce,TrickRoom,HelpingHand,Protect|||M|||50|,,,,,Psychic]Ursaluna-Bloodmoon||LifeOrb|MindsEye|BloodMoon,HyperVoice,EarthPower,Protect|||M|||50|,,,,,Normal]Electabuzz||Eviolite|VitalSpirit|Electroweb,FollowMe,Taunt,Protect|||F|||50|,,,,,Dragon]Incineroar||SafetyGoggles|Intimidate|FlareBlitz,KnockOff,PartingShot,FakeOut|||F|||50|,,,,,Ghost]Talonflame||CovertCloak|GaleWings|FlareBlitz,DualWingbeat,WillOWisp,Tailwind|||M|||50|,,,,,Fairy
|
|t:|1756177674
|teamsize|p1|4
|teamsize|p2|4
|start
|switch|p1a: Dragonite|Dragonite, L50, F|100/100
|switch|p1b: Incineroar|Incineroar, L50, F|100/100
|switch|p2a: Talonflame|Talonflame, L50, M|100/100
|switch|p2b: Incineroar|Incineroar, L50, F|100/100
|-ability|p2b: Incineroar|Intimidate|boost
|-unboost|p1a: Dragonite|atk|1
|-unboost|p1b: Incineroar|atk|1
|-ability|p1b: Incineroar|Intimidate|boost
|-unboost|p2a: Talonflame|atk|1
|-unboost|p2b: Incineroar|atk|1
|turn|1
|
|t:|1756177698
|move|p2b: Incineroar|Fake Out|p1a: Dragonite
|-damage|p1a: Dragonite|96/100
|move|p1b: Incineroar|Fake Out|p2a: Talonflame
|-damage|p2a: Talonflame|90/100
|move|p2a: Talonflame|Tailwind|p2a: Talonflame
|-sidestart|p2: Kdbc73|move: Tailwind
|cant|p1a: Dragonite|flinch
|
|upkeep
|turn|2
|
|t:|1756177728
|move|p2a: Talonflame|Will-O-Wisp|p1a: Dragonite
|-status|p1a: Dragonite|brn
|move|p2b: Incineroar|Knock Off|p1a: Dragonite
|-damage|p1a: Dragonite|67/100 brn
|-enditem|p1a: Dragonite|Loaded Dice|[from] move: Knock Off|[of] p2b: Incineroar
|move|p1a: Dragonite|Haze|p1a: Dragonite
|-clearallboost
|move|p1b: Incineroar|Knock Off|p2a: Talonflame
|-damage|p2a: Talonflame|33/100
|-enditem|p2a: Talonflame|Covert Cloak|[from] move: Knock Off|[of] p1b: Incineroar
|
|-damage|p1a: Dragonite|61/100 brn|[from] brn
|upkeep
|turn|3
|
|t:|1756177757
|move|p2a: Talonflame|Dual Wingbeat|p1b: Incineroar
|-damage|p1b: Incineroar|87/100
|-damage|p1b: Incineroar|73/100
|-hitcount|p1b: Incineroar|2
|move|p2b: Incineroar|Knock Off|p1b: Incineroar
|-resisted|p1b: Incineroar
|-damage|p1b: Incineroar|54/100
|-enditem|p1b: Incineroar|Sitrus Berry|[from] move: Knock Off|[of] p2b: Incineroar
|move|p1a: Dragonite|Scale Shot|p2a: Talonflame
|-damage|p2a: Talonflame|21/100
|-damage|p2a: Talonflame|9/100
|-hitcount|p2a: Talonflame|2
|-unboost|p1a: Dragonite|def|1
|-boost|p1a: Dragonite|spe|1
|move|p1b: Incineroar|Parting Shot|p2b: Incineroar
|-unboost|p2b: Incineroar|atk|1
|-unboost|p2b: Incineroar|spa|1
|
|t:|1756177774
|switch|p1b: Rillaboom|Rillaboom, L50, F|100/100|[from] Parting Shot
|-fieldstart|move: Grassy Terrain|[from] ability: Grassy Surge|[of] p1b: Rillaboom
|
|-damage|p1a: Dragonite|55/100 brn|[from] brn
|upkeep
|turn|4
|
|t:|1756177792
|move|p1a: Dragonite|Protect|p1a: Dragonite
|-singleturn|p1a: Dragonite|Protect
|move|p1b: Rillaboom|Grassy Glide|p2a: Talonflame
|-resisted|p2a: Talonflame
|-damage|p2a: Talonflame|0 fnt
|faint|p2a: Talonflame
|move|p2b: Incineroar|Parting Shot|p1b: Rillaboom
|-unboost|p1b: Rillaboom|atk|1
|-unboost|p1b: Rillaboom|spa|1
|
|t:|1756177805
|switch|p2b: Indeedee|Indeedee, L50, M|100/100|[from] Parting Shot
|-fieldstart|move: Psychic Terrain|[from] ability: Psychic Surge|[of] p2b: Indeedee
|
|-damage|p1a: Dragonite|49/100 brn|[from] brn
|-sideend|p2: Kdbc73|move: Tailwind
|upkeep
|
|t:|1756177807
|switch|p2a: Sneasler|Sneasler, L50, M|100/100
|-enditem|p2a: Sneasler|Psychic Seed
|-boost|p2a: Sneasler|spd|1|[from] item: Psychic Seed
|turn|5
|
|t:|1756177836
|move|p2a: Sneasler|Dire Claw|p1b: Rillaboom
|-supereffective|p1b: Rillaboom
|-damage|p1b: Rillaboom|16/100
|move|p1a: Dragonite|Haze|p1a: Dragonite
|-clearallboost
|move|p2b: Indeedee|Expanding Force|p1a: Dragonite|[spread] p1a,p1b
|-damage|p1a: Dragonite|0 fnt
|-damage|p1b: Rillaboom|0 fnt
|faint|p1a: Dragonite
|faint|p1b: Rillaboom
|
|upkeep
|
|t:|1756177845
|switch|p1a: Incineroar|Incineroar, L50, F|54/100
|switch|p1b: Gholdengo|Gholdengo, L50|100/100
|-ability|p1a: Incineroar|Intimidate|boost
|-unboost|p2a: Sneasler|atk|1
|-unboost|p2b: Indeedee|atk|1
|turn|6
|
|t:|1756177879
|-terastallize|p2a: Sneasler|Dark
|-terastallize|p1b: Gholdengo|Water
|move|p2b: Indeedee|Protect|p2b: Indeedee
|-singleturn|p2b: Indeedee|Protect
|move|p1b: Gholdengo|Protect|p1b: Gholdengo
|-singleturn|p1b: Gholdengo|Protect
|move|p2a: Sneasler|Throat Chop|p1b: Gholdengo
|-activate|p1b: Gholdengo|move: Protect
|move|p1a: Incineroar|Knock Off|p2b: Indeedee
|-activate|p2b: Indeedee|move: Protect
|
|upkeep
|turn|7
|
|t:|1756177899
|move|p2a: Sneasler|Dire Claw|p1b: Gholdengo
|-damage|p1b: Gholdengo|68/100
|move|p2b: Indeedee|Expanding Force|p1b: Gholdengo|[spread] p1b
|-immune|p1a: Incineroar
|-damage|p1b: Gholdengo|18/100
|move|p1b: Gholdengo|Make It Rain|p2a: Sneasler|[spread] p2a,p2b
|-damage|p2a: Sneasler|19/100
|-damage|p2b: Indeedee|28/100
|-unboost|p1b: Gholdengo|spa|1
|-damage|p1b: Gholdengo|9/100|[from] item: Life Orb
|move|p1a: Incineroar|Knock Off|p2b: Indeedee
|-supereffective|p2b: Indeedee
|-damage|p2b: Indeedee|0 fnt
|-enditem|p2b: Indeedee|Focus Sash|[from] move: Knock Off|[of] p1a: Incineroar
|faint|p2b: Indeedee
|
|upkeep
|
|t:|1756177927
|switch|p2b: Incineroar|Incineroar, L50, F|100/100
|-ability|p2b: Incineroar|Intimidate|boost
|-unboost|p1a: Incineroar|atk|1
|-unboost|p1b: Gholdengo|atk|1
|turn|8
|
|t:|1756177949
|move|p2a: Sneasler|Protect|p2a: Sneasler
|-singleturn|p2a: Sneasler|Protect
|move|p1b: Gholdengo|Protect|p1b: Gholdengo
|-singleturn|p1b: Gholdengo|Protect
|move|p2b: Incineroar|Flare Blitz|p1a: Incineroar
|-resisted|p1a: Incineroar
|-damage|p1a: Incineroar|30/100
|-damage|p2b: Incineroar|92/100|[from] Recoil
|move|p1a: Incineroar|Knock Off|p2a: Sneasler
|-activate|p2a: Sneasler|move: Protect
|
|-fieldend|move: Psychic Terrain
|upkeep
|turn|9
|
|t:|1756177968
|move|p2a: Sneasler|Close Combat|p1a: Incineroar
|-supereffective|p1a: Incineroar
|-damage|p1a: Incineroar|0 fnt
|-unboost|p2a: Sneasler|def|1
|-unboost|p2a: Sneasler|spd|1
|faint|p1a: Incineroar
|move|p1b: Gholdengo|Shadow Ball|p2b: Incineroar
|-resisted|p2b: Incineroar
|-damage|p2b: Incineroar|74/100
|-damage|p1b: Gholdengo|0 fnt|[from] item: Life Orb
|faint|p1b: Gholdengo
|
|win|Kdbc73
||pastapastayumyum is ready for game 2.
|inactive|Kdbc73 has 30 seconds to confirm battle start!
|inactive|Kdbc73 has 20 seconds to confirm battle start!
|inactive|Kdbc73 has 10 seconds to confirm battle start!
||Kdbc73 is ready for game 2.
|uhtml|next|Next: Game 2 of 3
|l|☆pastapastayumyum
|player|p1|
