|j|☆mygreat
|j|☆carrotvg
|html|mygreatcarrotvg    
|uhtml|bestof|Game 1 of a best-of-3
|t:|1785330378
|gametype|doubles
|player|p1|mygreat|101|
|player|p2|carrotvg|lucas|
|gen|9
|tier|[Gen 9 Champions] VGC 2026 Reg M-B (Bo3)
|rule|Species Clause: Limit one of each Pokémon
|rule|Item Clause: Limit 1 of each item
|clearpoke
|poke|p1|Charizard, L50, F|
|poke|p1|Hydreigon, L50, F|
|poke|p1|Mamoswine, L50, F|
|poke|p1|Toxapex, L50, F|
|poke|p1|Incineroar, L50, F|
|poke|p1|Gholdengo, L50|
|poke|p2|Scovillain, L50, F|
|poke|p2|Sneasler, L50, M|
|poke|p2|Basculegion, L50, M|
|poke|p2|Froslass, L50, F|
|poke|p2|Kingambit, L50, M|
|poke|p2|Lycanroc-Dusk, L50, M|
|teampreview|4
|showteam|p1|Charizard||CharizarditeY|Blaze|SolarBeam,WeatherBall,HeatWave,Protect|Modest||F|||50|]Hydreigon||ChoiceScarf|Levitate|Snarl,DarkPulse,EarthPower,DracoMeteor|Modest||F|||50|]Mamoswine||FocusSash|Oblivious|HighHorsepower,IcicleCrash,IceShard,Protect|Adamant||F|||50|]Toxapex||Leftovers|Regenerator|WideGuard,Infestation,BanefulBunker,Toxic|Bold||F|||50|]Incineroar||SitrusBerry|Intimidate|FlareBlitz,DarkestLariat,PartingShot,FakeOut|Careful||F|||50|]Gholdengo||LifeOrb|GoodasGold|MakeItRain,ShadowBall,PowerGem,Protect|Modest|||||50|
|showteam|p2|Scovillain||Scovillainite|Moody|Overheat,LeechSeed,RagePowder,Protect|Bold||F|||50|]Sneasler||WhiteHerb|Unburden|CloseCombat,DireClaw,FakeOut,Protect|Adamant||M|||50|]Basculegion||MysticWater|Adaptability|WaveCrash,LastRespects,AquaJet,Protect|Adamant||M|||50|]Froslass||Froslassite|CursedBody|Blizzard,ShadowBall,AuroraVeil,Protect|Timid||F|||50|]Kingambit||ChopleBerry|Defiant|KowtowCleave,SuckerPunch,LowKick,Protect|Adamant||M|||50|]Lycanroc-Dusk||FocusSash|ToughClaws|RockSlide,Accelerock,CloseCombat,Protect|Adamant||M|||50|
|
|t:|1785330433
|teamsize|p1|4
|teamsize|p2|4
|start
|switch|p1a: Hydreigon|Hydreigon, L50, F|100/100
|switch|p1b: Mamoswine|Mamoswine, L50, F|100/100
|switch|p2a: Froslass|Froslass, L50, F|100/100
|switch|p2b: Sneasler|Sneasler, L50, M|100/100
|turn|1
|
|t:|1785330480
|detailschange|p2a: Froslass|Froslass-Mega, L50, F
|-mega|p2a: Froslass|Froslass|Froslassite
|-weather|Snowscape|[from] ability: Snow Warning|[of] p2a: Froslass
|move|p2b: Sneasler|Fake Out|p1a: Hydreigon
|-damage|p1a: Hydreigon|82/100
|cant|p1a: Hydreigon|flinch
|move|p2a: Froslass|Blizzard|p1b: Mamoswine|[spread] p1a,p1b
|-supereffective|p1a: Hydreigon|1
|-damage|p1a: Hydreigon|0 fnt
|-damage|p1b: Mamoswine|49/100
|faint|p1a: Hydreigon
|move|p1b: Mamoswine|High Horsepower|p2b: Sneasler
|-supereffective|p2b: Sneasler|1
|-damage|p2b: Sneasler|0 fnt
|faint|p2b: Sneasler
|
|-weather|Snowscape|[upkeep]
|upkeep
|
|t:|1785330501
|switch|p2b: Lycanroc|Lycanroc-Dusk, L50, M|100/100
|switch|p1a: Charizard|Charizard, L50, F|100/100
|turn|2
|
|t:|1785330511
|detailschange|p1a: Charizard|Charizard-Mega-Y, L50, F
|-mega|p1a: Charizard|Charizard|Charizardite Y
|-weather|SunnyDay|[from] ability: Drought|[of] p1a: Charizard
|move|p1a: Charizard|Protect|p1a: Charizard
|-singleturn|p1a: Charizard|Protect
|move|p2a: Froslass|Shadow Ball|p1b: Mamoswine
|-crit|p1b: Mamoswine
|-damage|p1b: Mamoswine|0 fnt
|faint|p1b: Mamoswine
|move|p2b: Lycanroc|Rock Slide|p1a: Charizard
|-activate|p1a: Charizard|move: Protect
|
|-weather|SunnyDay|[upkeep]
|upkeep
|
|t:|1785330514
|switch|p1b: Gholdengo|Gholdengo, L50|100/100
|turn|3
|
|t:|1785330527
|switch|p2a: Kingambit|Kingambit, L50, M|100/100
|move|p2b: Lycanroc|Accelerock|p1a: Charizard
|-supereffective|p1a: Charizard|2
|-damage|p1a: Charizard|1/100
|move|p1b: Gholdengo|Make It Rain|p2b: Lycanroc|[spread] p2a,p2b
|-resisted|p2a: Kingambit|1
|-supereffective|p2b: Lycanroc|1
|-damage|p2a: Kingambit|67/100
|-enditem|p2b: Lycanroc|Focus Sash
|-damage|p2b: Lycanroc|1/100
|-unboost|p1b: Gholdengo|spa|2
|-damage|p1b: Gholdengo|90/100|[from] item: Life Orb
|move|p1a: Charizard|Heat Wave|p2a: Kingambit|[spread] p2a
|-miss|p1a: Charizard|p2b: Lycanroc
|-supereffective|p2a: Kingambit|1
|-damage|p2a: Kingambit|0 fnt
|faint|p2a: Kingambit
|
|-weather|SunnyDay|[upkeep]
|upkeep
|
|t:|1785330535
|switch|p2a: Froslass|Froslass-Mega, L50, F|100/100
|-weather|Snowscape|[from] ability: Snow Warning|[of] p2a: Froslass
|turn|4
|
|t:|1785330558
|move|p2a: Froslass|Blizzard|p1b: Gholdengo|[spread] p1a,p1b
|-resisted|p1b: Gholdengo|1
|-damage|p1a: Charizard|0 fnt
|-damage|p1b: Gholdengo|67/100
|faint|p1a: Charizard
|move|p2b: Lycanroc|Rock Slide|p1b: Gholdengo
|-resisted|p1b: Gholdengo|1
|-damage|p1b: Gholdengo|46/100
|move|p1b: Gholdengo|Make It Rain|p2b: Lycanroc|[spread] p2b
|-miss|p1b: Gholdengo|p2a: Froslass
|-supereffective|p2b: Lycanroc|1
|-damage|p2b: Lycanroc|0 fnt
|-unboost|p1b: Gholdengo|spa|2
|faint|p2b: Lycanroc
|-damage|p1b: Gholdengo|37/100|[from] item: Life Orb
|
|-weather|Snowscape|[upkeep]
|upkeep
|turn|5
|-message|mygreat forfeited.
|
|win|carrotvg
|l|☆mygreat
|player|p1|
||mygreat is ready for game 2.
||carrotvg is ready for game 2.
|uhtml|next|Next: Game 2 of 3
|l|☆carrotvg
|player|p2|
|j|☆carrotvg
|player|p2|carrotvg|lucas|
