|j|☆Mclovingods
|j|☆harpdog
|html|Mclovingodsharpdog    
|uhtml|bestof|Game 1 of a best-of-3
|t:|1782254965
|gametype|doubles
|player|p1|Mclovingods|102|1128
|player|p2|harpdog|2|1232
|gen|9
|tier|[Gen 9 Champions] VGC 2026 Reg M-B (Bo3)
|rated|
|rule|Species Clause: Limit one of each Pokémon
|rule|Item Clause: Limit 1 of each item
|clearpoke
|poke|p1|Delphox, L50, F|
|poke|p1|Basculegion, L50, M|
|poke|p1|Sinistcha, L50|
|poke|p1|Incineroar, L50, F|
|poke|p1|Garchomp, L50, F|
|poke|p1|Staraptor, L50, F|
|poke|p2|Raichu, L50, M|
|poke|p2|Pelipper, L50, F|
|poke|p2|Swampert, L50, F|
|poke|p2|Overqwil, L50, F|
|poke|p2|Corviknight, L50, F|
|poke|p2|Kangaskhan, L50, F|
|teampreview|4
|showteam|p1|Delphox||Delphoxite|Blaze|NastyPlot,HeatWave,Psychic,Protect|Timid||F|||50|]Basculegion||MysticWater|Adaptability|WaveCrash,AquaJet,LastRespects,Protect|Jolly||M|||50|]Sinistcha||KasibBerry|Hospitality|MatchaGotcha,RagePowder,Protect,TrickRoom|Calm|||||50|]Incineroar||SitrusBerry|Intimidate|FakeOut,PartingShot,FlareBlitz,DarkestLariat|Careful||F|||50|]Garchomp||LifeOrb|RoughSkin|Earthquake,DragonClaw,RockSlide,Protect|Jolly||F|||50|]Staraptor||Staraptite|Intimidate|CloseCombat,BraveBird,Protect,Uturn|Jolly||F|||50|
|showteam|p2|Raichu||RaichuniteY|LightningRod|FakeOut,FocusBlast,ZapCannon,Protect|Timid||M|||50|]Pelipper||FocusSash|Drizzle|WeatherBall,Hurricane,WideGuard,Protect|Timid||F|||50|]Swampert||Swampertite|Torrent|WaveCrash,Earthquake,HighHorsepower,Protect|Adamant||F|||50|]Overqwil||ShucaBerry|Intimidate|BarbBarrage,ThroatChop,ToxicSpikes,AquaJet|Careful||F|||50|]Corviknight||Leftovers|MirrorArmor|BodyPress,IronDefense,Tailwind,Protect|Careful||F|||50|]Kangaskhan||SilkScarf|Scrappy|FakeOut,LastResort|Adamant||F|||50|
|
|t:|1782254995
|teamsize|p1|4
|teamsize|p2|4
|start
|switch|p1a: Incineroar|Incineroar, L50, F|100/100
|switch|p1b: Staraptor|Staraptor, L50, F|100/100
|switch|p2a: Raichu|Raichu, L50, M|100/100
|switch|p2b: Corviknight|Corviknight, L50, F|100/100
|-ability|p1b: Staraptor|Intimidate|boost
|-unboost|p2a: Raichu|atk|1
|-ability|p2b: Corviknight|Mirror Armor
|-unboost|p1b: Staraptor|atk|1
|-ability|p1a: Incineroar|Intimidate|boost
|-unboost|p2a: Raichu|atk|1
|-ability|p2b: Corviknight|Mirror Armor
|-unboost|p1a: Incineroar|atk|1
|turn|1
|
|t:|1782255023
|detailschange|p1b: Staraptor|Staraptor-Mega, L50, F
|-mega|p1b: Staraptor|Staraptor|Staraptite
|move|p2a: Raichu|Fake Out|p1b: Staraptor
|-damage|p1b: Staraptor|95/100
|move|p1a: Incineroar|Fake Out|p2a: Raichu
|-damage|p2a: Raichu|84/100
|cant|p1b: Staraptor|flinch
|move|p2b: Corviknight|Iron Defense|p2b: Corviknight
|-boost|p2b: Corviknight|def|2
|
|upkeep
|turn|2
|
|t:|1782255045
|switch|p1b: Basculegion|Basculegion, L50, M|100/100
|detailschange|p2a: Raichu|Raichu-Mega-Y, L50, M
|-mega|p2a: Raichu|Raichu|Raichunite Y
|move|p2a: Raichu|Zap Cannon|p1b: Basculegion
|-supereffective|p1b: Basculegion|1
|-damage|p1b: Basculegion|0 fnt
|faint|p1b: Basculegion
|move|p2b: Corviknight|Body Press|p1a: Incineroar
|-supereffective|p1a: Incineroar|1
|-damage|p1a: Incineroar|27/100
|-enditem|p1a: Incineroar|Sitrus Berry|[eat]
|-heal|p1a: Incineroar|52/100|[from] item: Sitrus Berry
|move|p1a: Incineroar|Flare Blitz|p2b: Corviknight
|-supereffective|p2b: Corviknight|1
|-damage|p2b: Corviknight|76/100
|-damage|p1a: Incineroar|44/100|[from] Recoil
|
|-heal|p2b: Corviknight|82/100|[from] item: Leftovers
|upkeep
|
|t:|1782255053
|switch|p1b: Sinistcha|Sinistcha, L50|100/100
|-heal|p1a: Incineroar|69/100|[from] ability: Hospitality|[of] p1b: Sinistcha
|turn|3
|
|t:|1782255063
|move|p1b: Sinistcha|Rage Powder|p1b: Sinistcha
|-singleturn|p1b: Sinistcha|move: Rage Powder
|move|p2a: Raichu|Zap Cannon|p1b: Sinistcha
|-resisted|p1b: Sinistcha|1
|-damage|p1b: Sinistcha|69/100
|-status|p1b: Sinistcha|par
|move|p2b: Corviknight|Body Press|p1b: Sinistcha
|-immune|p1b: Sinistcha
|move|p1a: Incineroar|Darkest Lariat|p2b: Corviknight
|-crit|p2b: Corviknight
|-damage|p2b: Corviknight|45/100
|
|-heal|p2b: Corviknight|51/100|[from] item: Leftovers
|upkeep
|turn|4
|
|t:|1782255079
|move|p1b: Sinistcha|Rage Powder|p1b: Sinistcha
|-singleturn|p1b: Sinistcha|move: Rage Powder
|move|p2a: Raichu|Zap Cannon|p1b: Sinistcha
|-resisted|p1b: Sinistcha|1
|-damage|p1b: Sinistcha|38/100 par
|move|p2b: Corviknight|Iron Defense|p2b: Corviknight
|-boost|p2b: Corviknight|def|2
|move|p1a: Incineroar|Flare Blitz|p2a: Raichu
|-damage|p2a: Raichu|16/100
|-damage|p1a: Incineroar|53/100|[from] Recoil
|
|-heal|p2b: Corviknight|57/100|[from] item: Leftovers
|upkeep
|turn|5
|
|t:|1782255113
|switch|p2a: Overqwil|Overqwil, L50, F|100/100
|-ability|p2a: Overqwil|Intimidate|boost
|-unboost|p1a: Incineroar|atk|1
|-unboost|p1b: Sinistcha|atk|1
|switch|p1a: Staraptor|Staraptor-Mega, L50, F|95/100
|move|p2b: Corviknight|Iron Defense|p2b: Corviknight
|-boost|p2b: Corviknight|def|2
|move|p1b: Sinistcha|Matcha Gotcha|p2b: Corviknight|[spread] p2a
|-miss|p1b: Sinistcha|p2b: Corviknight
|-resisted|p2a: Overqwil|1
|-damage|p2a: Overqwil|87/100
|-heal|p1b: Sinistcha|45/100 par|[from] drain|[of] p2a: Overqwil
|
|-heal|p2b: Corviknight|63/100|[from] item: Leftovers
|upkeep
|turn|6
|
|t:|1782255149
|switch|p1b: Incineroar|Incineroar, L50, F|53/100
|-ability|p1b: Incineroar|Intimidate|boost
|-unboost|p2a: Overqwil|atk|1
|-ability|p2b: Corviknight|Mirror Armor
|-unboost|p1b: Incineroar|atk|1
|move|p1a: Staraptor|U-turn|p2a: Overqwil
|-damage|p2a: Overqwil|60/100
|
|t:|1782255157
|switch|p1a: Sinistcha|Sinistcha, L50|45/100 par|[from] U-turn
|-heal|p1b: Incineroar|78/100|[from] ability: Hospitality|[of] p1a: Sinistcha
|move|p2a: Overqwil|Throat Chop|p1b: Incineroar
|-resisted|p1b: Incineroar|1
|-damage|p1b: Incineroar|69/100
|-start|p1b: Incineroar|Throat Chop|[silent]
|move|p2b: Corviknight|Body Press|p1a: Sinistcha
|-immune|p1a: Sinistcha
|
|-heal|p2b: Corviknight|69/100|[from] item: Leftovers
|upkeep
|turn|7
|
|t:|1782255169
|move|p1b: Incineroar|Fake Out|p2b: Corviknight
|-resisted|p2b: Corviknight|1
|-damage|p2b: Corviknight|68/100
|move|p2a: Overqwil|Barb Barrage|p1a: Sinistcha
|-damage|p1a: Sinistcha|29/100 par
|cant|p2b: Corviknight|flinch
|move|p1a: Sinistcha|Matcha Gotcha|p2b: Corviknight|[spread] p2a,p2b
|-resisted|p2a: Overqwil|1
|-resisted|p2b: Corviknight|2
|-damage|p2a: Overqwil|47/100
|-heal|p1a: Sinistcha|36/100 par|[from] drain|[of] p2a: Overqwil
|-damage|p2b: Corviknight|63/100
|-heal|p1a: Sinistcha|39/100 par|[from] drain|[of] p2b: Corviknight
|
|-heal|p2b: Corviknight|69/100|[from] item: Leftovers
|-end|p1b: Incineroar|Throat Chop|[silent]
|upkeep
|turn|8
|
|t:|1782255196
|switch|p2a: Kangaskhan|Kangaskhan, L50, F|100/100
|switch|p1a: Staraptor|Staraptor-Mega, L50, F|95/100
|move|p2b: Corviknight|Body Press|p1b: Incineroar
|-supereffective|p1b: Incineroar|1
|-damage|p1b: Incineroar|0 fnt
|faint|p1b: Incineroar
|
|-heal|p2b: Corviknight|75/100|[from] item: Leftovers
|upkeep
|
|t:|1782255202
|switch|p1b: Sinistcha|Sinistcha, L50|39/100 par
|-heal|p1a: Staraptor|100/100|[from] ability: Hospitality|[of] p1b: Sinistcha
|turn|9
|
|t:|1782255215
|move|p1a: Staraptor|Protect|p1a: Staraptor
|-singleturn|p1a: Staraptor|Protect
|move|p1b: Sinistcha|Protect|p1b: Sinistcha
|-singleturn|p1b: Sinistcha|Protect
|move|p2a: Kangaskhan|Fake Out|p1b: Sinistcha
|-activate|p1b: Sinistcha|move: Protect
|move|p2b: Corviknight|Body Press|p1a: Staraptor
|-activate|p1a: Staraptor|move: Protect
|
|-heal|p2b: Corviknight|81/100|[from] item: Leftovers
|upkeep
|turn|10
|
|t:|1782255232
|switch|p2a: Overqwil|Overqwil, L50, F|47/100
|-ability|p2a: Overqwil|Intimidate|boost
|-boost|p1a: Staraptor|atk|1
|-unboost|p1b: Sinistcha|atk|1
|move|p1b: Sinistcha|Rage Powder|p1b: Sinistcha
|-singleturn|p1b: Sinistcha|move: Rage Powder
|move|p1a: Staraptor|Close Combat|p2a: Overqwil
|-damage|p2a: Overqwil|0 fnt
|-boost|p1a: Staraptor|def|1
|-boost|p1a: Staraptor|spd|1
|faint|p2a: Overqwil
|move|p2b: Corviknight|Body Press|p1b: Sinistcha
|-immune|p1b: Sinistcha
|
|-heal|p2b: Corviknight|87/100|[from] item: Leftovers
|upkeep
|
|t:|1782255244
|switch|p2a: Raichu|Raichu-Mega-Y, L50, M|16/100
|turn|11
|
|t:|1782255252
|move|p2a: Raichu|Protect|p2a: Raichu
|-singleturn|p2a: Raichu|Protect
|move|p1b: Sinistcha|Rage Powder|p1b: Sinistcha
|-singleturn|p1b: Sinistcha|move: Rage Powder
|move|p1a: Staraptor|Close Combat|p2a: Raichu
|-activate|p2a: Raichu|move: Protect
|move|p2b: Corviknight|Body Press|p1b: Sinistcha
|-immune|p1b: Sinistcha
|
|-heal|p2b: Corviknight|93/100|[from] item: Leftovers
|upkeep
|turn|12
|
|t:|1782255266
|move|p1b: Sinistcha|Rage Powder|p1b: Sinistcha
|-singleturn|p1b: Sinistcha|move: Rage Powder
|move|p2a: Raichu|Zap Cannon|p1b: Sinistcha
|-resisted|p1b: Sinistcha|1
|-damage|p1b: Sinistcha|5/100 par
|move|p1a: Staraptor|Close Combat|p2a: Raichu
|-crit|p2a: Raichu
|-damage|p2a: Raichu|0 fnt
|-boost|p1a: Staraptor|def|1
|-boost|p1a: Staraptor|spd|1
|faint|p2a: Raichu
|move|p2b: Corviknight|Body Press|p1b: Sinistcha
|-immune|p1b: Sinistcha
|
|-heal|p2b: Corviknight|99/100|[from] item: Leftovers
|upkeep
|
|t:|1782255271
|switch|p2a: Kangaskhan|Kangaskhan, L50, F|100/100
|turn|13
|
|t:|1782255280
|move|p1a: Staraptor|Protect|p1a: Staraptor
|-singleturn|p1a: Staraptor|Protect
|move|p1b: Sinistcha|Protect|p1b: Sinistcha
|-singleturn|p1b: Sinistcha|Protect
|move|p2a: Kangaskhan|Fake Out|p1b: Sinistcha
|-activate|p1b: Sinistcha|move: Protect
|move|p2b: Corviknight|Tailwind|p2b: Corviknight
|-sidestart|p2: harpdog|move: Tailwind
|
|-heal|p2b: Corviknight|100/100|[from] item: Leftovers
|upkeep
|turn|14
|
|t:|1782255293
|cant|p1b: Sinistcha|par
|move|p2a: Kangaskhan|Last Resort|p1b: Sinistcha
|-damage|p1b: Sinistcha|0 fnt
|faint|p1b: Sinistcha
|move|p1a: Staraptor|Close Combat|p2a: Kangaskhan
|-supereffective|p2a: Kangaskhan|1
|-damage|p2a: Kangaskhan|0 fnt
|-boost|p1a: Staraptor|def|1
|-boost|p1a: Staraptor|spd|1
|faint|p2a: Kangaskhan
|move|p2b: Corviknight|Body Press|p1a: Staraptor
|-resisted|p1a: Staraptor|1
|-damage|p1a: Staraptor|80/100
|
|upkeep
|turn|15
|
|t:|1782255304
|move|p1a: Staraptor|Close Combat|p2b: Corviknight
|-damage|p2b: Corviknight|81/100
|-boost|p1a: Staraptor|def|1
|-boost|p1a: Staraptor|spd|1
|move|p2b: Corviknight|Iron Defense|p2b: Corviknight
|-boost|p2b: Corviknight|def|0
|
|-heal|p2b: Corviknight|87/100|[from] item: Leftovers
|upkeep
|turn|16
|
|t:|1782255309
|move|p1a: Staraptor|Close Combat|p2b: Corviknight
|-damage|p2b: Corviknight|68/100
|-boost|p1a: Staraptor|def|1
|-boost|p1a: Staraptor|spd|1
|move|p2b: Corviknight|Body Press|p1a: Staraptor
|-resisted|p1a: Staraptor|1
|-crit|p1a: Staraptor
|-damage|p1a: Staraptor|8/100
|
|-heal|p2b: Corviknight|74/100|[from] item: Leftovers
|-sideend|p2: harpdog|move: Tailwind
|upkeep
|turn|17
|
|t:|1782255317
|move|p1a: Staraptor|Close Combat|p2b: Corviknight
|-damage|p2b: Corviknight|53/100
|-boost|p1a: Staraptor|def|1
|-boost|p1a: Staraptor|spd|1
|move|p2b: Corviknight|Body Press|p1a: Staraptor
|-resisted|p1a: Staraptor|1
|-damage|p1a: Staraptor|0 fnt
|faint|p1a: Staraptor
|
|win|harpdog
||harpdog is ready for game 2.
||Mclovingods is ready for game 2.
|uhtml|next|Next: Game 2 of 3
|l|☆harpdog
|player|p2|
