|j|☆redrog1
|j|☆Diegoelsocorrista
|html|redrog1Diegoelsocorrista    
|uhtml|bestof|Game 2 of a best-of-3
|t:|1756495856
|gametype|doubles
|player|p1|redrog1|169|1053
|player|p2|Diegoelsocorrista|blaine-lgpe|1134
|gen|9
|tier|[Gen 9] VGC 2025 Reg H (Bo3)
|rated|
|rule|Species Clause: Limit one of each Pokémon
|rule|Item Clause: Limit 1 of each item
|clearpoke
|poke|p1|Electabuzz, L50, F|
|poke|p1|Kingambit, L50, F|
|poke|p1|Volcarona, L50, F|
|poke|p1|Sneasler, L50, F|
|poke|p1|Primarina, L50, M|
|poke|p1|Amoonguss, L50, M|
|poke|p2|Archaludon, L50, F|
|poke|p2|Rillaboom, L50, F|
|poke|p2|Basculegion, L50, M|
|poke|p2|Kingambit, L50, M|
|poke|p2|Pelipper, L50, M|
|poke|p2|Electabuzz, L50, M|
|teampreview|4
|showteam|p1|Electabuzz||Eviolite|VitalSpirit|Taunt,Electroweb,FollowMe,Protect|||F|||50|,,,,,Ghost]Kingambit||BlackGlasses|Defiant|KowtowCleave,Protect,IronHead,SuckerPunch|||F|||50|,,,,,Dark]Volcarona||CovertCloak|FlameBody|HeatWave,Protect,TeraBlast,QuiverDance|||F|||50|,,,,,Water]Sneasler||FocusSash|Unburden|DireClaw,CloseCombat,Protect,FakeOut|||F|||50|,,,,,Stellar]Primarina||ThroatSpray|LiquidVoice|HyperVoice,Moonblast,LifeDew,Protect|||M|||50|,,,,,Steel]Amoonguss||SitrusBerry|Regenerator|Spore,RagePowder,PollenPuff,Protect|||M|||50|,,,,,Water
|showteam|p2|Archaludon||AssaultVest|Stamina|ElectroShot,DracoMeteor,FlashCannon,BodyPress|||F|||50|,,,,,Fairy]Rillaboom||LoadedDice|GrassySurge|BulletSeed,GrassyGlide,FakeOut,HighHorsepower|||F|||50|,,,,,Fire]Basculegion||ChoiceBand|SwiftSwim|WaveCrash,LastRespects,FlipTurn,AquaJet|||M|||50|,,,,,Grass]Kingambit||BlackGlasses|Defiant|KowtowCleave,SuckerPunch,SwordsDance,Protect|||M|||50|,,,,,Dark]Pelipper||FocusSash|Drizzle|WeatherBall,Hurricane,Tailwind,Protect|||M|||50|,,,,,Ghost]Electabuzz||Eviolite|VitalSpirit|Electroweb,Taunt,FollowMe,Protect|||M|||50|,,,,,Ghost
|inactive|Battle timer is ON: inactive players will automatically lose when time's up. (requested by redrog1)
|
|t:|1756495893
|teamsize|p1|4
|teamsize|p2|4
|start
|switch|p1a: Electabuzz|Electabuzz, L50, F|100/100
|switch|p1b: Volcarona|Volcarona, L50, F|100/100
|switch|p2a: Basculegion|Basculegion, L50, M|100/100
|switch|p2b: Rillaboom|Rillaboom, L50, F|100/100
|-fieldstart|move: Grassy Terrain|[from] ability: Grassy Surge|[of] p2b: Rillaboom
|turn|1
|inactive|redrog1 has 30 seconds left.
|
|t:|1756495919
|-terastallize|p1b: Volcarona|Water
|move|p2b: Rillaboom|Fake Out|p1a: Electabuzz
|-crit|p1a: Electabuzz
|-damage|p1a: Electabuzz|78/100
|cant|p1a: Electabuzz|flinch
|move|p1b: Volcarona|Quiver Dance|p1b: Volcarona
|-boost|p1b: Volcarona|spa|1
|-boost|p1b: Volcarona|spd|1
|-boost|p1b: Volcarona|spe|1
|move|p2a: Basculegion|Wave Crash|p1b: Volcarona
|-resisted|p1b: Volcarona
|-damage|p1b: Volcarona|30/100
|-damage|p2a: Basculegion|81/100|[from] Recoil
|
|-heal|p1b: Volcarona|36/100|[from] Grassy Terrain
|-heal|p1a: Electabuzz|84/100|[from] Grassy Terrain
|-heal|p2a: Basculegion|87/100|[from] Grassy Terrain
|upkeep
|turn|2
|
|t:|1756495938
|switch|p2b: Pelipper|Pelipper, L50, M|100/100
|-weather|RainDance|[from] ability: Drizzle|[of] p2b: Pelipper
|move|p1a: Electabuzz|Follow Me|p1a: Electabuzz
|-singleturn|p1a: Electabuzz|move: Follow Me
|move|p2a: Basculegion|Wave Crash|p1a: Electabuzz
|-damage|p1a: Electabuzz|0 fnt
|faint|p1a: Electabuzz
|-damage|p2a: Basculegion|63/100|[from] Recoil
|move|p1b: Volcarona|Heat Wave|p2a: Basculegion|[spread] p2a,p2b
|-resisted|p2a: Basculegion
|-resisted|p2b: Pelipper
|-damage|p2a: Basculegion|46/100
|-damage|p2b: Pelipper|71/100
|
|-weather|RainDance|[upkeep]
|-heal|p2a: Basculegion|52/100|[from] Grassy Terrain
|-heal|p1b: Volcarona|42/100|[from] Grassy Terrain
|upkeep
|
|t:|1756495943
|switch|p1a: Sneasler|Sneasler, L50, F|100/100
|turn|3
|
|t:|1756495958
|move|p1b: Volcarona|Protect|p1b: Volcarona
|-singleturn|p1b: Volcarona|Protect
|move|p2a: Basculegion|Wave Crash|p1b: Volcarona
|-activate|p1b: Volcarona|move: Protect
|move|p1a: Sneasler|Dire Claw|p2a: Basculegion
|-resisted|p2a: Basculegion
|-damage|p2a: Basculegion|25/100
|-status|p2a: Basculegion|psn
|move|p2b: Pelipper|Tailwind|p2b: Pelipper
|-sidestart|p2: Diegoelsocorrista|move: Tailwind
|
|-weather|RainDance|[upkeep]
|-heal|p2a: Basculegion|31/100 psn|[from] Grassy Terrain
|-heal|p1b: Volcarona|48/100|[from] Grassy Terrain
|-damage|p2a: Basculegion|18/100 psn|[from] psn
|upkeep
|turn|4
|
|t:|1756495972
|switch|p1b: Primarina|Primarina, L50, M|100/100
|move|p2a: Basculegion|Wave Crash|p1b: Primarina
|-resisted|p1b: Primarina
|-crit|p1b: Primarina
|-damage|p1b: Primarina|0 fnt
|faint|p1b: Primarina
|-damage|p2a: Basculegion|0 fnt|[from] Recoil
|faint|p2a: Basculegion
|move|p2b: Pelipper|Hurricane|p1a: Sneasler
|-supereffective|p1a: Sneasler
|-enditem|p1a: Sneasler|Focus Sash
|-damage|p1a: Sneasler|1/100
|move|p1a: Sneasler|Dire Claw|p2b: Pelipper
|-damage|p2b: Pelipper|7/100
|-status|p2b: Pelipper|slp
|
|-weather|RainDance|[upkeep]
|-heal|p1a: Sneasler|7/100|[from] Grassy Terrain
|upkeep
|
|t:|1756495988
|switch|p2a: Rillaboom|Rillaboom, L50, F|100/100
|switch|p1b: Volcarona|Volcarona, L50, F, tera:Water|48/100
|turn|5
|
|t:|1756495996
|switch|p2b: Archaludon|Archaludon, L50, F, shiny|100/100
|move|p2a: Rillaboom|Fake Out|p1a: Sneasler
|-damage|p1a: Sneasler|0 fnt
|faint|p1a: Sneasler
|move|p1b: Volcarona|Heat Wave|p2b: Archaludon|[spread] p2a,p2b
|-supereffective|p2a: Rillaboom
|-damage|p2a: Rillaboom|59/100
|-damage|p2b: Archaludon|84/100
|-ability|p2b: Archaludon|Stamina|boost
|-boost|p2b: Archaludon|def|1
|
|-weather|RainDance|[upkeep]
|-heal|p2a: Rillaboom|65/100|[from] Grassy Terrain
|-heal|p2b: Archaludon|91/100|[from] Grassy Terrain
|-heal|p1b: Volcarona|55/100|[from] Grassy Terrain
|-fieldend|move: Grassy Terrain
|upkeep
|turn|6
|-message|redrog1 forfeited.
|
|win|Diegoelsocorrista
|raw|redrog1's rating: 1053 → 1039(-14 for losing)
|raw|Diegoelsocorrista's rating: 1134 → 1153(+19 for winning)
|l|☆redrog1
|player|p1|
