|j|☆wild snorlax irl
|j|☆Sammy Chung
|html|wild snorlax irlSammy Chung    
|uhtml|bestof|Game 3 of a best-of-3
|t:|1754514496
|gametype|doubles
|player|p1|wild snorlax irl|rosa|1196
|player|p2|Sammy Chung|preschooler|1293
|gen|9
|tier|[Gen 9] VGC 2025 Reg H (Bo3)
|rated|
|rule|Species Clause: Limit one of each Pokémon
|rule|Item Clause: Limit 1 of each item
|clearpoke
|poke|p1|Gothitelle, L50, F|
|poke|p1|Primarina, L50, F|
|poke|p1|Ursaluna-Bloodmoon, L50, M|
|poke|p1|Gholdengo, L50|
|poke|p1|Talonflame, L50, F|
|poke|p1|Rillaboom, L50, F|
|poke|p2|Whimsicott, L50, M|
|poke|p2|Garchomp, L50, F|
|poke|p2|Gholdengo, L50|
|poke|p2|Incineroar, L50, M|
|poke|p2|Sneasler, L50, F|
|poke|p2|Dragonite, L50, M|
|teampreview|4
|showteam|p1|Gothitelle||SitrusBerry|ShadowTag|PsychicNoise,Protect,TrickRoom,FakeOut|||F|||50|,,,,,Water]Primarina||ThroatSpray|LiquidVoice|HyperVoice,Moonblast,Protect,PerishSong|||F|||50|,,,,,Dragon]Ursaluna-Bloodmoon||LifeOrb|MindsEye|HyperVoice,EarthPower,BloodMoon,Protect|||M|||50|,,,,,Normal]Gholdengo||ChoiceSpecs|GoodasGold|MakeItRain,ShadowBall,Thunderbolt,PowerGem||||||50|,,,,,Steel]Talonflame||CovertCloak|GaleWings|DualWingbeat,FlareBlitz,Tailwind,Taunt|||F|||50|,,,,,Stellar]Rillaboom||AssaultVest|GrassySurge|GrassyGlide,WoodHammer,FakeOut,HighHorsepower|||F|||50|,,,,,Fire
|showteam|p2|Whimsicott||FocusSash|Prankster|Moonblast,Tailwind,Encore,Protect|||M|||50|,,,,,Ghost]Garchomp||LifeOrb|RoughSkin|Earthquake,DragonClaw,StompingTantrum,Protect|||F|||50|,,,,,Ground]Gholdengo||ChoiceSpecs|GoodasGold|MakeItRain,ShadowBall,Trick,Protect||||||50|,,,,,Steel]Incineroar||AssaultVest|Intimidate|FakeOut,FlareBlitz,KnockOff,Uturn|||M|||50|,,,,,Grass]Sneasler||WhiteHerb|Unburden|FakeOut,DireClaw,CloseCombat,Protect|||F|||50|,,,,,Stellar]Dragonite||ChoiceBand|InnerFocus|ExtremeSpeed,Outrage,IceSpinner,StompingTantrum|||M|||50|,,,,,Normal
|inactive|Battle timer is ON: inactive players will automatically lose when time's up. (requested by wild snorlax irl)
|inactive|wild snorlax irl has 60 seconds left.
|
|t:|1754514552
|teamsize|p1|4
|teamsize|p2|4
|start
|switch|p1a: Primarina|Primarina, L50, F|100/100
|switch|p1b: Talonflame|Talonflame, L50, F|100/100
|switch|p2a: Garchomp|Garchomp, L50, F|100/100
|switch|p2b: Incineroar|Incineroar, L50, M|100/100
|-ability|p2b: Incineroar|Intimidate|boost
|-unboost|p1a: Primarina|atk|1
|-unboost|p1b: Talonflame|atk|1
|turn|1
|
|t:|1754514566
|move|p1a: Primarina|Protect|p1a: Primarina
|-singleturn|p1a: Primarina|Protect
|move|p2b: Incineroar|Fake Out|p1a: Primarina
|-activate|p1a: Primarina|move: Protect
|move|p1b: Talonflame|Tailwind|p1b: Talonflame
|-sidestart|p1: wild snorlax irl|move: Tailwind
|move|p2a: Garchomp|Dragon Claw|p1b: Talonflame
|-damage|p1b: Talonflame|13/100
|-damage|p2a: Garchomp|91/100|[from] item: Life Orb
|
|upkeep
|turn|2
|inactive|Sammy Chung has 30 seconds left.
|
|t:|1754514593
|switch|p1b: Rillaboom|Rillaboom, L50, F|100/100
|-fieldstart|move: Grassy Terrain|[from] ability: Grassy Surge|[of] p1b: Rillaboom
|move|p1a: Primarina|Moonblast|p2a: Garchomp
|-supereffective|p2a: Garchomp
|-damage|p2a: Garchomp|0 fnt
|faint|p2a: Garchomp
|move|p2b: Incineroar|U-turn|p1b: Rillaboom
|-supereffective|p1b: Rillaboom
|-crit|p1b: Rillaboom
|-damage|p1b: Rillaboom|42/100
|
|t:|1754514605
|switch|p2b: Whimsicott|Whimsicott, L50, M|100/100|[from] U-turn
|
|-heal|p1b: Rillaboom|48/100|[from] Grassy Terrain
|upkeep
|
|t:|1754514609
|switch|p2a: Gholdengo|Gholdengo, L50|100/100
|turn|3
|
|t:|1754514617
|move|p1b: Rillaboom|Fake Out|p2b: Whimsicott
|-damage|p2b: Whimsicott|79/100
|cant|p2b: Whimsicott|flinch
|move|p1a: Primarina|Moonblast|p2b: Whimsicott
|-damage|p2b: Whimsicott|0 fnt
|faint|p2b: Whimsicott
|move|p2a: Gholdengo|Make It Rain|p1b: Rillaboom|[spread] p1a,p1b
|-damage|p1a: Primarina|38/100
|-damage|p1b: Rillaboom|0 fnt
|-unboost|p2a: Gholdengo|spa|1
|faint|p1b: Rillaboom
|
|-heal|p1a: Primarina|44/100|[from] Grassy Terrain
|upkeep
|
|t:|1754514633
|switch|p2b: Incineroar|Incineroar, L50, M|100/100
|switch|p1b: Talonflame|Talonflame, L50, F|13/100
|-ability|p2b: Incineroar|Intimidate|boost
|-unboost|p1a: Primarina|atk|1
|-unboost|p1b: Talonflame|atk|1
|turn|4
|
|t:|1754514640
|move|p2b: Incineroar|Fake Out|p1b: Talonflame
|-damage|p1b: Talonflame|0 fnt
|faint|p1b: Talonflame
|move|p1a: Primarina|Hyper Voice|p2b: Incineroar|[spread] p2a,p2b
|-supereffective|p2b: Incineroar
|-damage|p2a: Gholdengo|55/100
|-damage|p2b: Incineroar|55/100
|-enditem|p1a: Primarina|Throat Spray
|-boost|p1a: Primarina|spa|1|[from] item: Throat Spray
|move|p2a: Gholdengo|Make It Rain|p1a: Primarina
|-damage|p1a: Primarina|0 fnt
|-unboost|p2a: Gholdengo|spa|1
|faint|p1a: Primarina
|
|-heal|p2a: Gholdengo|62/100|[from] Grassy Terrain
|-heal|p2b: Incineroar|61/100|[from] Grassy Terrain
|-sideend|p1: wild snorlax irl|move: Tailwind
|upkeep
|
|t:|1754514652
|switch|p1b: Gholdengo|Gholdengo, L50|100/100
|turn|5
|inactive|Sammy Chung has 30 seconds left.
|
|t:|1754514679
|-terastallize|p2a: Gholdengo|Steel
|move|p2a: Gholdengo|Make It Rain|p1b: Gholdengo
|-resisted|p1b: Gholdengo
|-damage|p1b: Gholdengo|61/100
|-unboost|p2a: Gholdengo|spa|1
|move|p1b: Gholdengo|Make It Rain|p2b: Incineroar|[spread] p2a,p2b
|-resisted|p2a: Gholdengo
|-resisted|p2b: Incineroar
|-damage|p2a: Gholdengo|13/100
|-damage|p2b: Incineroar|36/100
|-unboost|p1b: Gholdengo|spa|1
|move|p2b: Incineroar|Flare Blitz|p1b: Gholdengo
|-supereffective|p1b: Gholdengo
|-damage|p1b: Gholdengo|0 fnt
|faint|p1b: Gholdengo
|-damage|p2b: Incineroar|19/100|[from] Recoil
|
|win|Sammy Chung
|raw|wild snorlax irl's rating: 1196 → 1178(-18 for losing)
|raw|Sammy Chung's rating: 1293 → 1311(+18 for winning)
|l|☆wild snorlax irl
|player|p1|
