|j|☆Acris
|j|☆grapejuiceplaysyt
|html|Acrisgrapejuiceplaysyt    
|uhtml|bestof|Game 2 of a best-of-3
|t:|1756710186
|gametype|doubles
|player|p1|Acris|169|1197
|player|p2|grapejuiceplaysyt|roughneck-gen4|1091
|gen|9
|tier|[Gen 9] VGC 2025 Reg H (Bo3)
|rated|
|rule|Species Clause: Limit one of each Pokémon
|rule|Item Clause: Limit 1 of each item
|clearpoke
|poke|p1|Maushold, L50|
|poke|p1|Annihilape, L50, F|
|poke|p1|Grimmsnarl, L50, M|
|poke|p1|Gholdengo, L50|
|poke|p1|Dragonite, L50, F|
|poke|p1|Garchomp, L50, M|
|poke|p2|Charizard, L50, M|
|poke|p2|Torkoal, L50, F|
|poke|p2|Porygon2, L50|
|poke|p2|Incineroar, L50, F|
|poke|p2|Jumpluff, L50, F|
|poke|p2|Ursaluna, L50, F|
|teampreview|4
|showteam|p1|Maushold||WideLens|FriendGuard|PopulationBomb,BeatUp,Protect,FollowMe||||||50|,,,,,Ghost]Annihilape||SafetyGoggles|Defiant|RageFist,DrainPunch,Protect,BulkUp|||F|||50|,,,,,Fire]Grimmsnarl||LightClay|Prankster|ThunderWave,LightScreen,SpiritBreak,Reflect|||M|||50|,,,,,Ghost]Gholdengo||Leftovers|GoodasGold|MakeItRain,ShadowBall,Protect,NastyPlot||||||50|,,,,,Water]Dragonite||LoadedDice|Multiscale|ScaleShot,Tailwind,Protect,Haze|||F|||50|,,,,,Fairy]Garchomp||LifeOrb|RoughSkin|StompingTantrum,Earthquake,Protect,DragonClaw|||M|||50|,,,,,Ground
|showteam|p2|Charizard||ChoiceSpecs|SolarPower|HeatWave,Overheat,WeatherBall,AirSlash|||M|||50|,,,,,Ghost]Torkoal||EjectPack|Drought|Eruption,Overheat,HelpingHand,Protect|||F|||50|,,,,,Fire]Porygon2||Eviolite|Download|TeraBlast,IceBeam,Recover,TrickRoom||||||50|,,,,,Fighting]Incineroar||SitrusBerry|Intimidate|FlareBlitz,KnockOff,FakeOut,PartingShot|||F|||50|,,,,,Ghost]Jumpluff||CovertCloak|Chlorophyll|SleepPowder,SunnyDay,RagePowder,Tailwind|||F|||50|,,,,,Water]Ursaluna||FlameOrb|Guts|HeadlongRush,Facade,Earthquake,Protect|||F|||50|,,,,,Ghost
|
|t:|1756710210
|teamsize|p1|4
|teamsize|p2|4
|start
|switch|p1a: Annihilape|Annihilape, L50, F|100/100
|switch|p1b: Grimmsnarl|Grimmsnarl, L50, M|100/100
|switch|p2a: Porygon2|Porygon2, L50|100/100
|switch|p2b: Ursaluna|Ursaluna, L50, F|100/100
|-ability|p2a: Porygon2|Download|boost
|-boost|p2a: Porygon2|atk|1
|turn|1
|
|t:|1756710226
|move|p2b: Ursaluna|Protect|p2b: Ursaluna
|-singleturn|p2b: Ursaluna|Protect
|move|p1a: Annihilape|Bulk Up|p1a: Annihilape
|-boost|p1a: Annihilape|atk|1
|-boost|p1a: Annihilape|def|1
|move|p1b: Grimmsnarl|Spirit Break|p2a: Porygon2
|-damage|p2a: Porygon2|81/100
|-unboost|p2a: Porygon2|spa|1
|move|p2a: Porygon2|Trick Room|p2a: Porygon2
|-fieldstart|move: Trick Room|[of] p2a: Porygon2
|
|-status|p2b: Ursaluna|brn|[from] item: Flame Orb
|upkeep
|turn|2
|inactive|Battle timer is ON: inactive players will automatically lose when time's up. (requested by Acris)
|
|t:|1756710256
|-terastallize|p2b: Ursaluna|Ghost
|move|p1b: Grimmsnarl|Light Screen|p1b: Grimmsnarl
|-sidestart|p1: Acris|move: Light Screen
|move|p2a: Porygon2|Ice Beam|p1a: Annihilape
|-damage|p1a: Annihilape|89/100
|move|p2b: Ursaluna|Headlong Rush|p1a: Annihilape
|-damage|p1a: Annihilape|14/100
|-unboost|p2b: Ursaluna|def|1
|-unboost|p2b: Ursaluna|spd|1
|move|p1a: Annihilape|Bulk Up|p1a: Annihilape
|-boost|p1a: Annihilape|atk|1
|-boost|p1a: Annihilape|def|1
|
|-damage|p2b: Ursaluna|95/100 brn|[from] brn
|upkeep
|turn|3
|
|t:|1756710268
|switch|p1b: Maushold|Maushold, L50|100/100
|move|p1a: Annihilape|Protect|p1a: Annihilape
|-singleturn|p1a: Annihilape|Protect
|move|p2a: Porygon2|Ice Beam|p1a: Annihilape
|-activate|p1a: Annihilape|move: Protect
|move|p2b: Ursaluna|Facade|p1b: Maushold
|-damage|p1b: Maushold|0 fnt
|faint|p1b: Maushold
|
|-damage|p2b: Ursaluna|89/100 brn|[from] brn
|upkeep
|
|t:|1756710278
|switch|p1b: Grimmsnarl|Grimmsnarl, L50, M|100/100
|turn|4
|
|t:|1756710290
|move|p1b: Grimmsnarl|Reflect|p1b: Grimmsnarl
|-sidestart|p1: Acris|Reflect
|move|p2a: Porygon2|Ice Beam|p1a: Annihilape
|-damage|p1a: Annihilape|2/100
|move|p2b: Ursaluna|Facade|p1b: Grimmsnarl
|-damage|p1b: Grimmsnarl|7/100
|move|p1a: Annihilape|Drain Punch|p2a: Porygon2
|-supereffective|p2a: Porygon2
|-damage|p2a: Porygon2|9/100
|-heal|p1a: Annihilape|34/100|[from] drain|[of] p2a: Porygon2
|
|-damage|p2b: Ursaluna|83/100 brn|[from] brn
|upkeep
|turn|5
|
|t:|1756710305
|move|p1b: Grimmsnarl|Spirit Break|p2a: Porygon2
|-damage|p2a: Porygon2|0 fnt
|faint|p2a: Porygon2
|move|p2b: Ursaluna|Headlong Rush|p1a: Annihilape
|-damage|p1a: Annihilape|0 fnt
|-unboost|p2b: Ursaluna|def|1
|-unboost|p2b: Ursaluna|spd|1
|faint|p1a: Annihilape
|
|-damage|p2b: Ursaluna|77/100 brn|[from] brn
|-fieldend|move: Trick Room
|upkeep
|
|t:|1756710313
|switch|p1a: Dragonite|Dragonite, L50, F|100/100
|switch|p2a: Incineroar|Incineroar, L50, F|100/100
|-ability|p2a: Incineroar|Intimidate|boost
|-unboost|p1a: Dragonite|atk|1
|-unboost|p1b: Grimmsnarl|atk|1
|turn|6
|
|t:|1756710335
|-terastallize|p1b: Grimmsnarl|Ghost
|move|p1a: Dragonite|Protect|p1a: Dragonite
|-singleturn|p1a: Dragonite|Protect
|move|p2a: Incineroar|Fake Out|p1b: Grimmsnarl
|-immune|p1b: Grimmsnarl
|move|p2b: Ursaluna|Facade|p1a: Dragonite
|-activate|p1a: Dragonite|move: Protect
|move|p1b: Grimmsnarl|Spirit Break|p2b: Ursaluna
|-damage|p2b: Ursaluna|44/100 brn
|-unboost|p2b: Ursaluna|spa|1
|
|-damage|p2b: Ursaluna|39/100 brn|[from] brn
|upkeep
|turn|7
|inactive|Acris has 30 seconds left.
|
|t:|1756710367
|move|p2b: Ursaluna|Protect|p2b: Ursaluna
|-singleturn|p2b: Ursaluna|Protect
|move|p1a: Dragonite|Haze|p1a: Dragonite
|-clearallboost
|move|p2a: Incineroar|Knock Off|p1a: Dragonite
|-damage|p1a: Dragonite|85/100
|-enditem|p1a: Dragonite|Loaded Dice|[from] move: Knock Off|[of] p2a: Incineroar
|move|p1b: Grimmsnarl|Spirit Break|p2b: Ursaluna
|-activate|p2b: Ursaluna|move: Protect
|
|-damage|p2b: Ursaluna|33/100 brn|[from] brn
|upkeep
|turn|8
|
|t:|1756710381
|move|p1a: Dragonite|Scale Shot|p2a: Incineroar
|-damage|p2a: Incineroar|86/100
|-damage|p2a: Incineroar|71/100
|-damage|p2a: Incineroar|57/100
|-hitcount|p2a: Incineroar|3
|-unboost|p1a: Dragonite|def|1
|-boost|p1a: Dragonite|spe|1
|move|p2a: Incineroar|Knock Off|p1b: Grimmsnarl
|-supereffective|p1b: Grimmsnarl
|-damage|p1b: Grimmsnarl|0 fnt
|-enditem|p1b: Grimmsnarl|Light Clay|[from] move: Knock Off|[of] p2a: Incineroar
|faint|p1b: Grimmsnarl
|move|p2b: Ursaluna|Facade|p1a: Dragonite
|-damage|p1a: Dragonite|0 fnt
|faint|p1a: Dragonite
|
|win|grapejuiceplaysyt
||grapejuiceplaysyt is ready for game 3.
||Acris is ready for game 3.
|uhtml|next|Next: Game 3 of 3
|l|☆Acris
|player|p1|
