|j|☆okdnwsvoajfdbioj
|j|☆Mad07maxi
|html|okdnwsvoajfdbiojMad07maxi    
|uhtml|bestof|Game 2 of a best-of-3
|t:|1757915007
|gametype|doubles
|player|p1|okdnwsvoajfdbioj|102|1040
|player|p2|Mad07maxi|archer|1093
|gen|9
|tier|[Gen 9] VGC 2025 Reg H (Bo3)
|rated|
|rule|Species Clause: Limit one of each Pokémon
|rule|Item Clause: Limit 1 of each item
|clearpoke
|poke|p1|Meowstic, L50, M|
|poke|p1|Meowscarada, L50, M|
|poke|p1|Ninetales-Alola, L50, F|
|poke|p1|Baxcalibur, L50, F|
|poke|p1|Incineroar, L50, F|
|poke|p1|Braviary-Hisui, L50, M|
|poke|p2|Amoonguss, L50, F|
|poke|p2|Incineroar, L50, F|
|poke|p2|Gholdengo, L50|
|poke|p2|Archaludon, L50, F|
|poke|p2|Pelipper, L50, M|
|poke|p2|Basculegion, L50, M|
|teampreview|4
|showteam|p1|Meowstic||MentalHerb|Prankster|Gravity,FakeOut,SkillSwap,Psychic|||M|||50|,,,,,Ghost]Meowscarada||FocusSash|Protean|TripleAxel,FlowerTrick,KnockOff,Protect|||M|||50|,,,,,Dark]Ninetales-Alola||CovertCloak|SnowWarning|AuroraVeil,Hypnosis,IcyWind,Protect|||F|||50|,,,,,Water]Baxcalibur||ClearAmulet|ThermalExchange|GlaiveRush,Protect,HighHorsepower,SwordsDance|||F|||50|,,,,,Ground]Incineroar||AssaultVest|Intimidate|FlareBlitz,KnockOff,Uturn,FakeOut|||F|||50|,,,,,Dragon]Braviary-Hisui||LifeOrb|SheerForce|Hurricane,Psychic,Protect,HeatWave|||M|||50|,,,,,Fire
|showteam|p2|Amoonguss||SitrusBerry|Regenerator|PollenPuff,Spore,Protect,RagePowder|||F|||50|,,,,,Fairy]Incineroar||SafetyGoggles|Intimidate|FakeOut,FlareBlitz,PartingShot,KnockOff|||F|||50|,,,,,Ghost]Gholdengo||ChoiceScarf|GoodasGold|MakeItRain,Protect,Trick,ShadowBall||||||50|,,,,,Water]Archaludon||AssaultVest|Stamina|DracoMeteor,ElectroShot,FlashCannon,BodyPress|||F|||50|,,,,,Fairy]Pelipper||FocusSash|Drizzle|Hurricane,Tailwind,Protect,MuddyWater|||M|||50|,,,,,Ground]Basculegion||ChoiceBand|SwiftSwim|Liquidation,AquaJet,FlipTurn,LastRespects|||M|||50|,,,,,Grass
|
|t:|1757915048
|teamsize|p1|4
|teamsize|p2|4
|start
|switch|p1a: Baxcalibur|Baxcalibur, L50, F|100/100
|switch|p1b: Incineroar|Incineroar, L50, F|100/100
|switch|p2a: Incineroar|Incineroar, L50, F, shiny|100/100
|switch|p2b: Pelipper|Pelipper, L50, M, shiny|100/100
|-weather|RainDance|[from] ability: Drizzle|[of] p2b: Pelipper
|-ability|p2a: Incineroar|Intimidate|boost
|-fail|p1a: Baxcalibur|unboost|[from] item: Clear Amulet|[of] p1a: Baxcalibur
|-unboost|p1b: Incineroar|atk|1
|-ability|p1b: Incineroar|Intimidate|boost
|-unboost|p2a: Incineroar|atk|1
|-unboost|p2b: Pelipper|atk|1
|turn|1
|
|t:|1757915077
|move|p2b: Pelipper|Protect|p2b: Pelipper
|-singleturn|p2b: Pelipper|Protect
|move|p1b: Incineroar|Fake Out|p2b: Pelipper
|-activate|p2b: Pelipper|move: Protect
|move|p1a: Baxcalibur|High Horsepower|p2a: Incineroar
|-supereffective|p2a: Incineroar
|-damage|p2a: Incineroar|25/100
|move|p2a: Incineroar|Knock Off|p1a: Baxcalibur
|-damage|p1a: Baxcalibur|69/100
|-enditem|p1a: Baxcalibur|Clear Amulet|[from] move: Knock Off|[of] p2a: Incineroar
|
|-weather|RainDance|[upkeep]
|upkeep
|turn|2
|
|t:|1757915100
|switch|p2a: Amoonguss|Amoonguss, L50, F, shiny|100/100
|switch|p1b: Ninetales|Ninetales-Alola, L50, F|100/100
|-weather|Snowscape|[from] ability: Snow Warning|[of] p1b: Ninetales
|move|p1a: Baxcalibur|Glaive Rush|p2b: Pelipper
|-damage|p2b: Pelipper|9/100
|-singlemove|p1a: Baxcalibur|Glaive Rush|[silent]
|move|p2b: Pelipper|Tailwind|p2b: Pelipper
|-sidestart|p2: Mad07maxi|move: Tailwind
|
|-weather|Snowscape|[upkeep]
|upkeep
|turn|3
|
|t:|1757915128
|switch|p2b: Archaludon|Archaludon, L50, F, shiny|100/100
|move|p1a: Baxcalibur|Protect|p1a: Baxcalibur
|-singleturn|p1a: Baxcalibur|Protect
|move|p1b: Ninetales|Icy Wind|p2b: Archaludon|[spread] p2a,p2b
|-supereffective|p2a: Amoonguss
|-crit|p2b: Archaludon
|-damage|p2a: Amoonguss|78/100
|-damage|p2b: Archaludon|85/100
|-unboost|p2a: Amoonguss|spe|1
|-unboost|p2b: Archaludon|spe|1
|-ability|p2b: Archaludon|Stamina|boost
|-boost|p2b: Archaludon|def|1
|move|p2a: Amoonguss|Spore|p1a: Baxcalibur
|-activate|p1a: Baxcalibur|move: Protect
|
|-weather|Snowscape|[upkeep]
|upkeep
|turn|4
|
|t:|1757915164
|switch|p1b: Incineroar|Incineroar, L50, F|100/100
|-ability|p1b: Incineroar|Intimidate|boost
|-unboost|p2a: Amoonguss|atk|1
|-unboost|p2b: Archaludon|atk|1
|switch|p2b: Pelipper|Pelipper, L50, M, shiny|9/100
|-weather|RainDance|[from] ability: Drizzle|[of] p2b: Pelipper
|-terastallize|p1a: Baxcalibur|Ground
|move|p1a: Baxcalibur|High Horsepower|p2b: Pelipper
|-immune|p2b: Pelipper
|move|p2a: Amoonguss|Spore|p1a: Baxcalibur
|-status|p1a: Baxcalibur|slp|[from] move: Spore
|
|-weather|RainDance|[upkeep]
|upkeep
|turn|5
|
|t:|1757915197
|switch|p1a: Ninetales|Ninetales-Alola, L50, F|100/100
|-weather|Snowscape|[from] ability: Snow Warning|[of] p1a: Ninetales
|move|p2b: Pelipper|Muddy Water|p1a: Ninetales|[spread] p1a,p1b
|-supereffective|p1b: Incineroar
|-damage|p1a: Ninetales|72/100
|-damage|p1b: Incineroar|65/100
|move|p1b: Incineroar|Flare Blitz|p2a: Amoonguss
|-supereffective|p2a: Amoonguss
|-damage|p2a: Amoonguss|0 fnt
|faint|p2a: Amoonguss
|-damage|p1b: Incineroar|40/100|[from] Recoil
|
|-weather|Snowscape|[upkeep]
|-sideend|p2: Mad07maxi|move: Tailwind
|upkeep
|
|t:|1757915210
|switch|p2a: Incineroar|Incineroar, L50, F, shiny|25/100
|-ability|p2a: Incineroar|Intimidate|boost
|-unboost|p1a: Ninetales|atk|1
|-unboost|p1b: Incineroar|atk|1
|turn|6
|
|t:|1757915233
|switch|p2b: Archaludon|Archaludon, L50, F, shiny|85/100
|move|p2a: Incineroar|Fake Out|p1a: Ninetales
|-damage|p1a: Ninetales|61/100
|move|p1a: Ninetales|Aurora Veil|p1a: Ninetales
|-sidestart|p1: okdnwsvoajfdbioj|move: Aurora Veil
|move|p1b: Incineroar|U-turn|p2b: Archaludon
|-resisted|p2b: Archaludon
|-damage|p2b: Archaludon|79/100
|-ability|p2b: Archaludon|Stamina|boost
|-boost|p2b: Archaludon|def|1
|
|t:|1757915249
|switch|p1b: Baxcalibur|Baxcalibur, L50, F, tera:Ground|69/100 slp|[from] U-turn
|
|-weather|Snowscape|[upkeep]
|upkeep
|turn|7
|
|t:|1757915277
|switch|p2a: Pelipper|Pelipper, L50, M, shiny|9/100
|-weather|RainDance|[from] ability: Drizzle|[of] p2a: Pelipper
|move|p1a: Ninetales|Hypnosis|p2b: Archaludon
|-status|p2b: Archaludon|slp|[from] move: Hypnosis
|cant|p1b: Baxcalibur|slp
|cant|p2b: Archaludon|slp
|
|-weather|RainDance|[upkeep]
|upkeep
|turn|8
|
|t:|1757915302
|move|p1a: Ninetales|Icy Wind|p2a: Pelipper|[spread] p2a,p2b
|-damage|p2a: Pelipper|0 fnt
|-damage|p2b: Archaludon|70/100 slp
|-unboost|p2b: Archaludon|spe|1
|-ability|p2b: Archaludon|Stamina|boost
|-boost|p2b: Archaludon|def|1
|faint|p2a: Pelipper
|cant|p1b: Baxcalibur|slp
|cant|p2b: Archaludon|slp
|
|-weather|RainDance|[upkeep]
|upkeep
|
|t:|1757915308
|switch|p2a: Incineroar|Incineroar, L50, F, shiny|25/100
|-ability|p2a: Incineroar|Intimidate|boost
|-unboost|p1a: Ninetales|atk|1
|-unboost|p1b: Baxcalibur|atk|1
|turn|9
|
|t:|1757915338
|switch|p1a: Incineroar|Incineroar, L50, F|40/100
|-ability|p1a: Incineroar|Intimidate|boost
|-unboost|p2a: Incineroar|atk|1
|-unboost|p2b: Archaludon|atk|1
|move|p2a: Incineroar|Fake Out|p1b: Baxcalibur
|-damage|p1b: Baxcalibur|63/100 slp
|cant|p1b: Baxcalibur|slp
|cant|p2b: Archaludon|slp
|
|-weather|RainDance|[upkeep]
|upkeep
|turn|10
|
|t:|1757915375
|-curestatus|p1b: Baxcalibur|slp|[msg]
|move|p1b: Baxcalibur|Swords Dance|p1b: Baxcalibur
|-boost|p1b: Baxcalibur|atk|2
|move|p2a: Incineroar|Knock Off|p1b: Baxcalibur
|-damage|p1b: Baxcalibur|49/100
|move|p1a: Incineroar|U-turn|p2a: Incineroar
|-damage|p2a: Incineroar|4/100
|
|t:|1757915384
|switch|p1a: Ninetales|Ninetales-Alola, L50, F|61/100|[from] U-turn
|-weather|Snowscape|[from] ability: Snow Warning|[of] p1a: Ninetales
|-curestatus|p2b: Archaludon|slp|[msg]
|move|p2b: Archaludon|Electro Shot||[still]
|-prepare|p2b: Archaludon|Electro Shot
|-boost|p2b: Archaludon|spa|1
|
|-weather|Snowscape|[upkeep]
|-sideend|p1: okdnwsvoajfdbioj|move: Aurora Veil
|upkeep
|turn|11
|
|t:|1757915415
|move|p1a: Ninetales|Protect|p1a: Ninetales
|-singleturn|p1a: Ninetales|Protect
|move|p1b: Baxcalibur|Protect|p1b: Baxcalibur
|-singleturn|p1b: Baxcalibur|Protect
|move|p2a: Incineroar|Parting Shot|p1b: Baxcalibur
|-activate|p1b: Baxcalibur|move: Protect
|move|p2b: Archaludon|Electro Shot|p1a: Ninetales|[from] lockedmove
|-activate|p1a: Ninetales|move: Protect
|
|-weather|Snowscape|[upkeep]
|upkeep
|turn|12
|
|t:|1757915432
|move|p1a: Ninetales|Aurora Veil|p1a: Ninetales
|-sidestart|p1: okdnwsvoajfdbioj|move: Aurora Veil
|move|p1b: Baxcalibur|High Horsepower|p2a: Incineroar
|-supereffective|p2a: Incineroar
|-damage|p2a: Incineroar|0 fnt
|faint|p2a: Incineroar
|move|p2b: Archaludon|Flash Cannon|p1a: Ninetales
|-supereffective|p1a: Ninetales
|-damage|p1a: Ninetales|0 fnt
|faint|p1a: Ninetales
|
|-weather|Snowscape|[upkeep]
|upkeep
|
|t:|1757915448
|switch|p1a: Incineroar|Incineroar, L50, F|40/100
|-ability|p1a: Incineroar|Intimidate|boost
|-unboost|p2b: Archaludon|atk|1
|turn|13
|
|t:|1757915465
|-terastallize|p2b: Archaludon|Fairy
|move|p1a: Incineroar|Fake Out|p2b: Archaludon
|-damage|p2b: Archaludon|64/100
|-ability|p2b: Archaludon|Stamina|boost
|-boost|p2b: Archaludon|def|1
|move|p1b: Baxcalibur|Swords Dance|p1b: Baxcalibur
|-boost|p1b: Baxcalibur|atk|2
|cant|p2b: Archaludon|flinch
|
|-weather|Snowscape|[upkeep]
|upkeep
|turn|14
|
|t:|1757915481
|move|p1b: Baxcalibur|High Horsepower|p2b: Archaludon
|-damage|p2b: Archaludon|26/100
|-ability|p2b: Archaludon|Stamina|boost
|-boost|p2b: Archaludon|def|1
|move|p1a: Incineroar|Flare Blitz|p2b: Archaludon
|-damage|p2b: Archaludon|12/100
|-ability|p2b: Archaludon|Stamina|boost
|-boost|p2b: Archaludon|def|1
|-damage|p1a: Incineroar|35/100|[from] Recoil
|move|p2b: Archaludon|Flash Cannon|p1b: Baxcalibur
|-damage|p1b: Baxcalibur|2/100
|
|-weather|none
|upkeep
|turn|15
|
|t:|1757915497
|move|p1b: Baxcalibur|High Horsepower|p2b: Archaludon
|-damage|p2b: Archaludon|0 fnt
|faint|p2b: Archaludon
|
|win|okdnwsvoajfdbioj
|l|☆Mad07maxi
|player|p2|
||okdnwsvoajfdbioj is ready for game 3.
|inactive|Mad07maxi has 30 seconds to confirm battle start!
|inactive|Mad07maxi has 20 seconds to confirm battle start!
|inactive|Mad07maxi has 10 seconds to confirm battle start!
|uhtml|next|Next: Game 3 of 3
