|j|☆Noyomi
|j|☆EddyG_7889
|html|NoyomiEddyG_7889    
|uhtml|bestof|Game 1 of a best-of-3
|t:|1785015373
|gametype|doubles
|player|p1|Noyomi|266|
|player|p2|EddyG_7889|artist-gen4|
|gen|9
|tier|[Gen 9 Champions] VGC 2026 Reg M-B (Bo3)
|rule|Species Clause: Limit one of each Pokémon
|rule|Item Clause: Limit 1 of each item
|clearpoke
|poke|p1|Charizard, L50, M|
|poke|p1|Garchomp, L50, F|
|poke|p1|Sneasler, L50, F|
|poke|p1|Venusaur, L50, F|
|poke|p1|Milotic, L50, M|
|poke|p1|Ampharos, L50, F|
|poke|p2|Annihilape, L50, M, shiny|
|poke|p2|Maushold, L50|
|poke|p2|Archaludon, L50, M|
|poke|p2|Sinistcha, L50|
|poke|p2|Pelipper, L50, F|
|poke|p2|Swampert, L50, M|
|teampreview|4
|showteam|p1|Charizard||CharizarditeY|Blaze|HeatWave,SolarBeam,Protect,ScorchingSands|Timid||M|||50|]Garchomp||SitrusBerry|RoughSkin|Earthquake,DragonClaw,Protect,RockSlide|Adamant||F|||50|]Sneasler||WhiteHerb|Unburden|CloseCombat,DireClaw,FakeOut,Protect|Adamant||F|||50|]Venusaur||FocusSash|Chlorophyll|SleepPowder,SludgeBomb,Protect,GigaDrain|Timid||F|||50|]Milotic||Leftovers|Competitive|Scald,IcyWind,Protect,LifeDew|Calm||M|||50|]Ampharos||Ampharosite|Static|DragonPulse,ParabolicCharge,Protect,HelpingHand|Modest||F|||50|
|showteam|p2|Annihilape||SitrusBerry|Defiant|RageFist,DrainPunch,BulkUp,Protect|Adamant||M|||50|]Maushold||ChopleBerry|FriendGuard|BeatUp,FollowMe,RainDance,Protect|Jolly|||||50|]Archaludon||Leftovers|Stamina|ElectroShot,FlashCannon,DragonPulse,Protect|Modest||M|||50|]Sinistcha||CobaBerry|Hospitality|MatchaGotcha,RagePowder,LifeDew,TrickRoom|Relaxed|||||50|]Pelipper||FocusSash|Drizzle|Hurricane,WeatherBall,Tailwind,Protect|Modest||F|||50|]Swampert||Swampertite|Damp|WaveCrash,Earthquake,RockSlide,Protect|Adamant||M|||50|
|
|t:|1785015435
|teamsize|p1|4
|teamsize|p2|4
|start
|switch|p1a: Calcifer|Charizard, L50, M|100/100
|switch|p1b: Soy Vegano|Venusaur, L50, F|100/100
|switch|p2a: Annihilape|Annihilape, L50, M, shiny|100/100
|switch|p2b: Maushold|Maushold, L50|100/100
|turn|1
|
|t:|1785015483
|detailschange|p1a: Calcifer|Charizard-Mega-Y, L50, M
|-mega|p1a: Calcifer|Charizard|Charizardite Y
|-weather|SunnyDay|[from] ability: Drought|[of] p1a: Calcifer
|move|p2a: Annihilape|Protect|p2a: Annihilape
|-singleturn|p2a: Annihilape|Protect
|move|p1b: Soy Vegano|Sleep Powder|p2a: Annihilape
|-activate|p2a: Annihilape|move: Protect
|move|p2b: Maushold|Rain Dance|p2b: Maushold
|-weather|RainDance
|move|p1a: Calcifer|Heat Wave|p2a: Annihilape|[spread] p2b
|-activate|p2a: Annihilape|move: Protect
|-damage|p2b: Maushold|75/100
|
|-weather|RainDance|[upkeep]
|upkeep
|turn|2
|
|t:|1785015553
|switch|p1a: Sssssss|Milotic, L50, M|100/100
|move|p2b: Maushold|Follow Me|p2b: Maushold
|-singleturn|p2b: Maushold|move: Follow Me
|move|p1b: Soy Vegano|Giga Drain|p2b: Maushold
|-damage|p2b: Maushold|34/100
|move|p2a: Annihilape|Bulk Up|p2a: Annihilape
|-boost|p2a: Annihilape|atk|1
|-boost|p2a: Annihilape|def|1
|
|-weather|RainDance|[upkeep]
|upkeep
|turn|3
|
|t:|1785015583
|move|p2b: Maushold|Beat Up|p2a: Annihilape
|-damage|p2a: Annihilape|98/100
|-damage|p2a: Annihilape|97/100
|-damage|p2a: Annihilape|96/100
|-damage|p2a: Annihilape|95/100
|-hitcount|p2a: Annihilape|4
|move|p1b: Soy Vegano|Giga Drain|p2a: Annihilape
|-damage|p2a: Annihilape|72/100
|move|p2a: Annihilape|Rage Fist|p1b: Soy Vegano
|-enditem|p1b: Soy Vegano|Focus Sash
|-damage|p1b: Soy Vegano|1/100
|move|p1a: Sssssss|Scald|p2a: Annihilape
|-damage|p2a: Annihilape|43/100
|-enditem|p2a: Annihilape|Sitrus Berry|[eat]
|-heal|p2a: Annihilape|68/100|[from] item: Sitrus Berry
|
|-weather|RainDance|[upkeep]
|upkeep
|turn|4
|
|t:|1785015609
|move|p1b: Soy Vegano|Protect|p1b: Soy Vegano
|-singleturn|p1b: Soy Vegano|Protect
|move|p2b: Maushold|Beat Up|p1b: Soy Vegano
|-activate|p1b: Soy Vegano|move: Protect
|move|p2a: Annihilape|Rage Fist|p1a: Sssssss
|-damage|p1a: Sssssss|0 fnt
|faint|p1a: Sssssss
|
|-weather|RainDance|[upkeep]
|upkeep
|
|t:|1785015624
|switch|p1a: Uy temblaste|Garchomp, L50, F|100/100
|turn|5
|
|t:|1785015657
|move|p2b: Maushold|Beat Up|p1b: Soy Vegano
|-damage|p1b: Soy Vegano|0 fnt
|faint|p1b: Soy Vegano
|-hitcount|p1: Soy Vegano|1
|move|p1a: Uy temblaste|Earthquake|p2b: Maushold|[spread] p2a,p2b
|-damage|p2a: Annihilape|46/100
|-damage|p2b: Maushold|0 fnt
|faint|p2b: Maushold
|move|p2a: Annihilape|Rage Fist|p1a: Uy temblaste
|-damage|p1a: Uy temblaste|0 fnt
|-damage|p2a: Annihilape|34/100|[from] ability: Rough Skin|[of] p1a: Uy temblaste
|faint|p1a: Uy temblaste
|
|-weather|none
|upkeep
|
|t:|1785015675
|switch|p2b: Pelipper|Pelipper, L50, F|100/100
|switch|p1a: Calcifer|Charizard-Mega-Y, L50, M|100/100
|-weather|SunnyDay|[from] ability: Drought|[of] p1a: Calcifer
|-weather|RainDance|[from] ability: Drizzle|[of] p2b: Pelipper
|turn|6
|
|t:|1785015692
|move|p2a: Annihilape|Protect|p2a: Annihilape
|-singleturn|p2a: Annihilape|Protect
|move|p1a: Calcifer|Scorching Sands|p2a: Annihilape
|-activate|p2a: Annihilape|move: Protect
|move|p2b: Pelipper|Weather Ball|p1a: Calcifer
|-supereffective|p1a: Calcifer|1
|-damage|p1a: Calcifer|0 fnt
|faint|p1a: Calcifer
|
|win|EddyG_7889
||EddyG_7889 is ready for game 2.
|inactive|Noyomi has 30 seconds to confirm battle start!
||Noyomi is ready for game 2.
|uhtml|next|Next: Game 2 of 3
