|j|☆lazarett
|j|☆robby w
|html|lazarettrobby w    
|uhtml|bestof|Game 3 of a best-of-3
|t:|1756653276
|gametype|doubles
|player|p1|lazarett|riley|1244
|player|p2|robby w|pokefan-gen4|1312
|gen|9
|tier|[Gen 9] VGC 2025 Reg H (Bo3)
|rated|
|rule|Species Clause: Limit one of each Pokémon
|rule|Item Clause: Limit 1 of each item
|clearpoke
|poke|p1|Ninetales-Alola, L50, F|
|poke|p1|Arcanine-Hisui, L50, M|
|poke|p1|Dragonite, L50, F|
|poke|p1|Ursaluna-Bloodmoon, L50, M|
|poke|p1|Gholdengo, L50|
|poke|p1|Kingambit, L50, F|
|poke|p2|Dondozo, L50, F|
|poke|p2|Tatsugiri, L50, F|
|poke|p2|Sneasler, L50, M|
|poke|p2|Indeedee, L50, M|
|poke|p2|Whimsicott, L50, F|
|poke|p2|Hydreigon, L50, F|
|teampreview|4
|showteam|p1|Ninetales-Alola||FocusSash|SnowWarning|Blizzard,IcyWind,AuroraVeil,Protect|||F|||50|,,,,,Ghost]Arcanine-Hisui||ClearAmulet|Intimidate|ExtremeSpeed,FlareBlitz,RockSlide,Protect|||M|||50|,,,,,Water]Dragonite||LoadedDice|Multiscale|ScaleShot,IceSpinner,Tailwind,Protect|||F|||50|,,,,,Steel]Ursaluna-Bloodmoon||AssaultVest|MindsEye|VacuumWave,BloodMoon,HyperVoice,EarthPower|||M|||50|,,,,,Water]Gholdengo||MetalCoat|GoodasGold|MakeItRain,ShadowBall,NastyPlot,Protect||||||50|,,,,,Dragon]Kingambit||BlackGlasses|Defiant|SuckerPunch,KowtowCleave,SwordsDance,Protect|||F|||50|,,,,,Dark
|showteam|p2|Dondozo||Leftovers|Unaware|Protect,WaveCrash,Earthquake,OrderUp|||F|||50|,,,,,Grass]Tatsugiri||ChoiceScarf|Commander|DragonPulse,IcyWind,DracoMeteor,MuddyWater|||F|||50|,,,,,Stellar]Sneasler||PsychicSeed|Unburden|DireClaw,CloseCombat,Protect,ThroatChop|||M|||50|,,,,,Dark]Indeedee||FocusSash|PsychicSurge|DazzlingGleam,HelpingHand,ExpandingForce,Protect|||M|||50|,,,,,Fairy]Whimsicott||CovertCloak|Prankster|Tailwind,Moonblast,Encore,SunnyDay|||F|||50|,,,,,Dark]Hydreigon||ChoiceSpecs|Levitate|HeatWave,Snarl,DarkPulse,DracoMeteor|||F|||50|,,,,,Steel
|
|t:|1756653296
|teamsize|p1|4
|teamsize|p2|4
|start
|switch|p1a: Dragonite|Dragonite, L50, F|100/100
|switch|p1b: Arcanine|Arcanine-Hisui, L50, M|100/100
|switch|p2a: Sneasler|Sneasler, L50, M|100/100
|switch|p2b: Indeedee|Indeedee, L50, M|100/100
|-fieldstart|move: Psychic Terrain|[from] ability: Psychic Surge|[of] p2b: Indeedee
|-enditem|p2a: Sneasler|Psychic Seed
|-boost|p2a: Sneasler|spd|1|[from] item: Psychic Seed
|-ability|p1b: Arcanine|Intimidate|boost
|-unboost|p2a: Sneasler|atk|1
|-unboost|p2b: Indeedee|atk|1
|turn|1
|
|t:|1756653329
|switch|p1b: Gholdengo|Gholdengo, L50|100/100
|-terastallize|p2b: Indeedee|Fairy
|move|p1a: Dragonite|Protect|p1a: Dragonite
|-singleturn|p1a: Dragonite|Protect
|move|p2a: Sneasler|Dire Claw|p1a: Dragonite
|-activate|p1a: Dragonite|move: Protect
|move|p2b: Indeedee|Expanding Force|p1b: Gholdengo|[spread] p1b
|-activate|p1a: Dragonite|move: Protect
|-resisted|p1b: Gholdengo
|-damage|p1b: Gholdengo|73/100
|
|upkeep
|turn|2
|
|t:|1756653359
|switch|p1a: Arcanine|Arcanine-Hisui, L50, M|100/100
|-ability|p1a: Arcanine|Intimidate|boost
|-unboost|p2a: Sneasler|atk|1
|-unboost|p2b: Indeedee|atk|1
|move|p2a: Sneasler|Throat Chop|p1b: Gholdengo
|-supereffective|p1b: Gholdengo
|-damage|p1b: Gholdengo|40/100
|-start|p1b: Gholdengo|Throat Chop|[silent]
|move|p2b: Indeedee|Dazzling Gleam|p1a: Arcanine|[spread] p1a,p1b
|-resisted|p1a: Arcanine
|-resisted|p1b: Gholdengo
|-damage|p1a: Arcanine|84/100
|-damage|p1b: Gholdengo|27/100
|move|p1b: Gholdengo|Make It Rain|p2a: Sneasler|[spread] p2a,p2b
|-supereffective|p2b: Indeedee
|-damage|p2a: Sneasler|55/100
|-enditem|p2b: Indeedee|Focus Sash
|-damage|p2b: Indeedee|1/100
|-unboost|p1b: Gholdengo|spa|1
|
|upkeep
|turn|3
|
|t:|1756653395
|switch|p2a: Dondozo|Dondozo, L50, F, shiny|100/100
|switch|p2b: Tatsugiri|Tatsugiri, L50, F|100/100
|-activate|p2b: Tatsugiri|ability: Commander|[of] p2a: Dondozo
|-boost|p2a: Dondozo|atk|2
|-boost|p2a: Dondozo|spa|2
|-boost|p2a: Dondozo|spe|2
|-boost|p2a: Dondozo|def|2
|-boost|p2a: Dondozo|spd|2
|move|p1b: Gholdengo|Protect|p1b: Gholdengo
|-singleturn|p1b: Gholdengo|Protect
|move|p1a: Arcanine|Protect||[still]
|-fail|p1a: Arcanine
|
|-end|p1b: Gholdengo|Throat Chop|[silent]
|upkeep
|turn|4
|
|t:|1756653422
|switch|p1b: Dragonite|Dragonite, L50, F|100/100
|move|p2a: Dondozo|Earthquake|p1a: Arcanine|[spread] p1a
|-miss|p2a: Dondozo|p2b: Tatsugiri
|-immune|p1b: Dragonite
|-supereffective|p1a: Arcanine
|-damage|p1a: Arcanine|0 fnt
|faint|p1a: Arcanine
|
|upkeep
|
|t:|1756653429
|switch|p1a: Il Brasiliano|Ursaluna-Bloodmoon, L50, M|100/100
|turn|5
|
|t:|1756653440
|-terastallize|p1a: Il Brasiliano|Water
|move|p2a: Dondozo|Order Up|p1b: Dragonite
|-supereffective|p1b: Dragonite
|-damage|p1b: Dragonite|45/100
|-boost|p2a: Dondozo|atk|1
|move|p1b: Dragonite|Scale Shot|p2a: Dondozo
|-damage|p2a: Dondozo|95/100
|-damage|p2a: Dondozo|89/100
|-damage|p2a: Dondozo|84/100
|-damage|p2a: Dondozo|78/100
|-damage|p2a: Dondozo|73/100
|-hitcount|p2a: Dondozo|5
|-unboost|p1b: Dragonite|def|1
|-boost|p1b: Dragonite|spe|1
|move|p1a: Il Brasiliano|Blood Moon|p2a: Dondozo
|-damage|p2a: Dondozo|33/100
|
|-heal|p2a: Dondozo|39/100|[from] item: Leftovers
|-fieldend|move: Psychic Terrain
|upkeep
|turn|6
|
|t:|1756653472
|move|p1b: Dragonite|Protect|p1b: Dragonite
|-singleturn|p1b: Dragonite|Protect
|move|p2a: Dondozo|Order Up|p1a: Il Brasiliano
|-damage|p1a: Il Brasiliano|48/100
|-boost|p2a: Dondozo|atk|1
|move|p1a: Il Brasiliano|Hyper Voice|p2a: Dondozo|[spread] p2a
|-miss|p1a: Il Brasiliano|p2b: Tatsugiri
|-damage|p2a: Dondozo|20/100
|
|-heal|p2a: Dondozo|27/100|[from] item: Leftovers
|upkeep
|turn|7
|
|t:|1756653497
|move|p1b: Dragonite|Scale Shot|p2a: Dondozo
|-damage|p2a: Dondozo|21/100
|-damage|p2a: Dondozo|16/100
|-damage|p2a: Dondozo|10/100
|-damage|p2a: Dondozo|4/100
|-damage|p2a: Dondozo|0 fnt
|faint|p2a: Dondozo
|-hitcount|p2: Dondozo|5
|-unboost|p1b: Dragonite|def|1
|-boost|p1b: Dragonite|spe|1
|move|p1a: Il Brasiliano|Blood Moon|p2b: Tatsugiri
|-damage|p2b: Tatsugiri|0 fnt
|faint|p2b: Tatsugiri
|
|upkeep
|
|t:|1756653515
|switch|p2b: Sneasler|Sneasler, L50, M|55/100
|switch|p2a: Indeedee|Indeedee, L50, M, tera:Fairy|1/100
|-fieldstart|move: Psychic Terrain|[from] ability: Psychic Surge|[of] p2a: Indeedee
|turn|8
|
|t:|1756653548
|move|p1b: Dragonite|Ice Spinner|p2a: Indeedee
|-damage|p2a: Indeedee|0 fnt
|-fieldend|move: Psychic Terrain
|faint|p2a: Indeedee
|move|p2b: Sneasler|Throat Chop|p1a: Il Brasiliano
|-damage|p1a: Il Brasiliano|23/100
|-start|p1a: Il Brasiliano|Throat Chop|[silent]
|cant|p1a: Il Brasiliano|move: Throat Chop
|
|upkeep
|turn|9
|c|☆robby w|gg wp
|-message|robby w forfeited.
|
|win|lazarett
|raw|lazarett's rating: 1244 → 1274(+30 for winning)
|raw|robby w's rating: 1312 → 1288(-24 for losing)
|c|☆lazarett|Gg
|l|☆lazarett
|player|p1|
