|j|☆HeroLinik
|j|☆puffinbee
|html|HeroLinikpuffinbee    
|uhtml|bestof|Game 2 of a best-of-3
|t:|1783362420
|gametype|doubles
|player|p1|HeroLinik|gambler|
|player|p2|puffinbee|169|
|gen|9
|tier|[Gen 9 Champions] VGC 2026 Reg M-B (Bo3)
|rule|Species Clause: Limit one of each Pokémon
|rule|Item Clause: Limit 1 of each item
|clearpoke
|poke|p1|Pyroar, L50, M|
|poke|p1|Farigiraf, L50, F|
|poke|p1|Venusaur, L50, M|
|poke|p1|Primarina, L50, M|
|poke|p1|Torkoal, L50, F|
|poke|p1|Gholdengo, L50|
|poke|p2|Mawile, L50, M|
|poke|p2|Incineroar, L50, F|
|poke|p2|Staraptor, L50, F|
|poke|p2|Farigiraf, L50, F|
|poke|p2|Ampharos, L50, M|
|poke|p2|Basculegion, L50, M|
|teampreview|4
|showteam|p1|Pyroar||Pyroarite|Unnerve|Overheat,HeatWave,SolarBeam,Protect|Timid||M|||50|]Farigiraf||ColburBerry|ArmorTail|Protect,SunnyDay,TrickRoom,Psychic|Bold||F|||50|]Venusaur||FocusSash|Chlorophyll|SleepPowder,SludgeBomb,EarthPower,Protect|Timid||M|||50|]Primarina||LifeOrb|LiquidVoice|HyperVoice,Moonblast,DazzlingGleam,Protect|Quiet||M|||50|]Torkoal||Charcoal|Drought|Eruption,WeatherBall,HelpingHand,Yawn|Quiet||F|||50|]Gholdengo||ChoiceScarf|GoodasGold|MakeItRain,ShadowBall,FocusBlast,Thunderbolt|Timid|||||50|
|showteam|p2|Mawile||Mawilite|HyperCutter|IronHead,PlayRough,SuckerPunch,Protect|Brave||M|||50|]Incineroar||Charcoal|Intimidate|FlareBlitz,PartingShot,FakeOut,DarkestLariat|Adamant||F|||50|]Staraptor||ChoiceScarf|Intimidate|BraveBird,CloseCombat,Uturn,FinalGambit|Bashful||F|||50|]Farigiraf||SitrusBerry|ArmorTail|Psychic,GrassKnot,TrickRoom,HelpingHand|Quiet||F|||50|]Ampharos||Ampharosite|Static|Thunderbolt,DragonPulse,FocusBlast,Protect|Quiet||M|||50|]Basculegion||FocusSash|Adaptability|Liquidation,LastRespects,AquaJet,Protect|Adamant||M|||50|
|c|☆puffinbee|uhhh
|inactive|Battle timer is ON: inactive players will automatically lose when time's up. (requested by HeroLinik)
|
|t:|1783362457
|teamsize|p1|4
|teamsize|p2|4
|start
|switch|p1a: Pyroar|Pyroar, L50, M|100/100
|switch|p1b: Gholdengo|Gholdengo, L50|100/100
|switch|p2a: Staraptor|Staraptor, L50, F|100/100
|switch|p2b: Farigiraf|Farigiraf, L50, F|100/100
|-ability|p1a: Pyroar|Unnerve
|-ability|p2a: Staraptor|Intimidate|boost
|-unboost|p1a: Pyroar|atk|1
|-unboost|p1b: Gholdengo|atk|1
|turn|1
|
|t:|1783362474
|detailschange|p1a: Pyroar|Pyroar-Mega, L50, M
|-mega|p1a: Pyroar|Pyroar|Pyroarite
|move|p1a: Pyroar|Protect|p1a: Pyroar
|-singleturn|p1a: Pyroar|Protect
|move|p2a: Staraptor|Close Combat|p1a: Pyroar
|-activate|p1a: Pyroar|move: Protect
|move|p1b: Gholdengo|Thunderbolt|p2a: Staraptor
|-supereffective|p2a: Staraptor|1
|-damage|p2a: Staraptor|17/100
|move|p2b: Farigiraf|Trick Room|p2b: Farigiraf
|-fieldstart|move: Trick Room|[of] p2b: Farigiraf
|
|upkeep
|turn|2
|
|t:|1783362491
|move|p2b: Farigiraf|Helping Hand|p2a: Staraptor
|-singleturn|p2a: Staraptor|Helping Hand|[of] p2b: Farigiraf
|move|p1a: Pyroar|Heat Wave|p2a: Staraptor|[spread] p2b
|-miss|p1a: Pyroar|p2a: Staraptor
|-damage|p2b: Farigiraf|44/100
|-enditem|p2b: Farigiraf|Sitrus Berry|[eat]
|-heal|p2b: Farigiraf|69/100|[from] item: Sitrus Berry
|move|p1b: Gholdengo|Thunderbolt|p2b: Farigiraf
|-damage|p2b: Farigiraf|39/100
|move|p2a: Staraptor|Close Combat|p1a: Pyroar
|-supereffective|p1a: Pyroar|1
|-damage|p1a: Pyroar|0 fnt
|-unboost|p2a: Staraptor|def|1
|-unboost|p2a: Staraptor|spd|1
|faint|p1a: Pyroar
|
|upkeep
|
|t:|1783362502
|switch|p1a: Torkoal|Torkoal, L50, F|100/100
|-weather|SunnyDay|[from] ability: Drought|[of] p1a: Torkoal
|turn|3
|
|t:|1783362516
|switch|p2b: Incineroar|Incineroar, L50, F|100/100
|-ability|p2b: Incineroar|Intimidate|boost
|-unboost|p1a: Torkoal|atk|1
|-unboost|p1b: Gholdengo|atk|1
|move|p1a: Torkoal|Eruption|p2b: Incineroar|[spread] p2a,p2b
|-resisted|p2b: Incineroar|1
|-damage|p2a: Staraptor|0 fnt
|-damage|p2b: Incineroar|62/100
|faint|p2a: Staraptor
|move|p1b: Gholdengo|Thunderbolt|p2b: Incineroar
|-damage|p2b: Incineroar|35/100
|
|-weather|SunnyDay|[upkeep]
|upkeep
|
|t:|1783362531
|switch|p2a: Ampharos|Ampharos, L50, M|100/100
|turn|4
|inactive|puffinbee has 30 seconds left.
|
|t:|1783362559
|move|p1a: Torkoal|Eruption|p2b: Incineroar|[spread] p2a,p2b
|-resisted|p2b: Incineroar|1
|-damage|p2a: Ampharos|18/100
|-damage|p2b: Incineroar|0 fnt
|faint|p2b: Incineroar
|move|p2a: Ampharos|Thunderbolt|p1a: Torkoal
|-damage|p1a: Torkoal|35/100
|move|p1b: Gholdengo|Thunderbolt|p2a: Ampharos
|-resisted|p2a: Ampharos|1
|-damage|p2a: Ampharos|1/100
|
|-weather|SunnyDay|[upkeep]
|upkeep
|
|t:|1783362569
|switch|p2b: Farigiraf|Farigiraf, L50, F|39/100
|turn|5
|
|t:|1783362587
|detailschange|p2a: Ampharos|Ampharos-Mega, L50, M
|-mega|p2a: Ampharos|Ampharos|Ampharosite
|-ability|p2a: Ampharos|Mold Breaker
|move|p2b: Farigiraf|Helping Hand|p2a: Ampharos
|-singleturn|p2a: Ampharos|Helping Hand|[of] p2b: Farigiraf
|move|p1a: Torkoal|Weather Ball|p2b: Farigiraf
|-damage|p2b: Farigiraf|0 fnt
|faint|p2b: Farigiraf
|move|p2a: Ampharos|Thunderbolt|p1b: Gholdengo
|-crit|p1b: Gholdengo
|-damage|p1b: Gholdengo|0 fnt
|faint|p1b: Gholdengo
|
|-weather|SunnyDay|[upkeep]
|-fieldend|move: Trick Room
|upkeep
|
|t:|1783362598
|switch|p1b: Venusaur|Venusaur, L50, M|100/100
|turn|6
|c|☆puffinbee|is it just gonna be next round takes
|c|☆HeroLinik|yeah
|
|t:|1783362611
|move|p1b: Venusaur|Earth Power|p2a: Ampharos
|-supereffective|p2a: Ampharos|1
|-damage|p2a: Ampharos|0 fnt
|faint|p2a: Ampharos
|
|win|HeroLinik
|c|☆puffinbee|gg
||puffinbee is ready for game 3.
||HeroLinik is ready for game 3.
|uhtml|next|Next: Game 3 of 3
