|j|☆zpoogi
|j|☆yassineVGC
|html|zpoogiyassineVGC    
|uhtml|bestof|Game 1 of a best-of-3
|t:|1757707864
|gametype|doubles
|player|p1|zpoogi|az|1125
|player|p2|yassineVGC|hilbert|1133
|gen|9
|tier|[Gen 9] VGC 2025 Reg H (Bo3)
|rated|
|rule|Species Clause: Limit one of each Pokémon
|rule|Item Clause: Limit 1 of each item
|clearpoke
|poke|p1|Chesnaught, L50, M|
|poke|p1|Indeedee, L50, M|
|poke|p1|Sneasler, L50, M|
|poke|p1|Charizard, L50, M|
|poke|p1|Whimsicott, L50, F|
|poke|p1|Torkoal, L50, M|
|poke|p2|Yanmega, L50, F|
|poke|p2|Samurott-Hisui, L50, F|
|poke|p2|Dragonite, L50, M|
|poke|p2|Ninetales-Alola, L50, F|
|poke|p2|Sneasler, L50, M|
|poke|p2|Magmar, L50, M|
|teampreview|4
|showteam|p1|Chesnaught||PsychicSeed|Bulletproof|BulkUp,KnockOff,BodyPress,Synthesis|||M|||50|,,,,,Fire]Indeedee||ChoiceScarf|PsychicSurge|ExpandingForce,TeraBlast,Trick,Protect|||M|||50|,,,,,Psychic]Sneasler||FocusSash|Unburden|CloseCombat,DireClaw,Protect,Coaching|||M|||50|,,,,,Stellar]Charizard||ChoiceSpecs|SolarPower|WeatherBall,HeatWave,DragonPulse,AirSlash|||M|||50|,,,,,Ghost]Whimsicott||CovertCloak|Prankster|Tailwind,Moonblast,HelpingHand,SunnyDay|||F|||50|,,,,,Dark]Torkoal||EjectPack|Drought|Overheat,WeatherBall,HeatWave,Protect|||M|||50|,,,,,Fire
|showteam|p2|Yanmega||FocusSash|SpeedBoost|Detect,Tailwind,AirSlash,BugBuzz|||F|||50|,,,,,Ghost]Samurott-Hisui||AssaultVest|Sharpness|SuckerPunch,AquaCutter,KnockOff,SacredSword|||F|||50|,,,,,Bug]Dragonite||ChoiceBand|InnerFocus|ExtremeSpeed,Outrage,LowKick,StompingTantrum|||M|||50|,,,,,Normal]Ninetales-Alola||CovertCloak|SnowWarning|Blizzard,FreezeDry,IcyWind,AuroraVeil|||F|||50|,,,,,Fire]Sneasler||WhiteHerb|Unburden|DireClaw,CloseCombat,Protect,Coaching|||M|||50|,,,,,Stellar]Magmar||Eviolite|VitalSpirit|Protect,Taunt,HeatWave,FollowMe|||M|||50|,,,,,Ghost
|inactive|Battle timer is ON: inactive players will automatically lose when time's up. (requested by yassineVGC)
|inactive|yassineVGC has 60 seconds left.
|inactive|yassineVGC has 30 seconds left.
|inactive|yassineVGC has 20 seconds left.
|inactive|yassineVGC has 15 seconds left.
|inactive|yassineVGC has 10 seconds left.
|
|t:|1757707947
|teamsize|p1|4
|teamsize|p2|4
|start
|switch|p1a: Charizard|Charizard, L50, M|100/100
|switch|p1b: Whimsicott|Whimsicott, L50, F|100/100
|switch|p2a: Yanmega|Yanmega, L50, F|100/100
|switch|p2b: Dragonite|Dragonite, L50, M|100/100
|turn|1
|inactive|yassineVGC has 30 seconds left.
|
|t:|1757707978
|-terastallize|p1a: Charizard|Ghost
|-terastallize|p2b: Dragonite|Normal
|move|p2b: Dragonite|Extreme Speed|p1a: Charizard
|-immune|p1a: Charizard
|move|p1b: Whimsicott|Sunny Day|p1b: Whimsicott
|-weather|SunnyDay
|move|p1a: Charizard|Heat Wave|p2b: Dragonite|[spread] p2a,p2b
|-supereffective|p2a: Yanmega
|-enditem|p2a: Yanmega|Focus Sash
|-damage|p2a: Yanmega|1/100
|-damage|p2b: Dragonite|0 fnt
|faint|p2b: Dragonite
|move|p2a: Yanmega|Tailwind|p2a: Yanmega
|-sidestart|p2: yassineVGC|move: Tailwind
|
|-weather|SunnyDay|[upkeep]
|-damage|p1a: Charizard|88/100|[from] ability: Solar Power|[of] p1a: Charizard
|-ability|p2a: Yanmega|Speed Boost|boost
|-boost|p2a: Yanmega|spe|1
|upkeep
|
|t:|1757707994
|switch|p2b: Samurott|Samurott-Hisui, L50, F, shiny|100/100
|turn|2
|
|t:|1757708018
|switch|p1a: Chesnaught|Chesnaught, L50, M|100/100
|move|p2b: Samurott|Sucker Punch||[still]
|-fail|p2b: Samurott
|move|p1b: Whimsicott|Tailwind|p1b: Whimsicott
|-sidestart|p1: zpoogi|move: Tailwind
|move|p2a: Yanmega|Air Slash|p1b: Whimsicott
|-supereffective|p1b: Whimsicott
|-damage|p1b: Whimsicott|0 fnt
|faint|p1b: Whimsicott
|
|-weather|SunnyDay|[upkeep]
|-ability|p2a: Yanmega|Speed Boost|boost
|-boost|p2a: Yanmega|spe|1
|upkeep
|
|t:|1757708029
|switch|p1b: Indeedee|Indeedee, L50, M|100/100
|-fieldstart|move: Psychic Terrain|[from] ability: Psychic Surge|[of] p1b: Indeedee
|-enditem|p1a: Chesnaught|Psychic Seed
|-boost|p1a: Chesnaught|spd|1|[from] item: Psychic Seed
|turn|3
|inactive|yassineVGC has 30 seconds left.
|
|t:|1757708063
|move|p2a: Yanmega|Detect|p2a: Yanmega
|-singleturn|p2a: Yanmega|Protect
|move|p1b: Indeedee|Expanding Force|p2b: Samurott|[spread] 
|-activate|p2a: Yanmega|move: Protect
|-immune|p2b: Samurott
|move|p2b: Samurott|Knock Off|p1b: Indeedee
|-supereffective|p1b: Indeedee
|-damage|p1b: Indeedee|0 fnt
|-enditem|p1b: Indeedee|Choice Scarf|[from] move: Knock Off|[of] p2b: Samurott
|faint|p1b: Indeedee
|move|p1a: Chesnaught|Bulk Up|p1a: Chesnaught
|-boost|p1a: Chesnaught|atk|1
|-boost|p1a: Chesnaught|def|1
|
|-weather|SunnyDay|[upkeep]
|-ability|p2a: Yanmega|Speed Boost|boost
|-boost|p2a: Yanmega|spe|1
|upkeep
|
|t:|1757708067
|switch|p1b: Charizard|Charizard, L50, M, tera:Ghost|88/100
|turn|4
|inactive|yassineVGC has 30 seconds left.
|
|t:|1757708094
|move|p2a: Yanmega|Air Slash|p1a: Chesnaught
|-supereffective|p1a: Chesnaught
|-damage|p1a: Chesnaught|6/100
|move|p1b: Charizard|Heat Wave|p2a: Yanmega|[spread] p2a,p2b
|-supereffective|p2a: Yanmega
|-resisted|p2b: Samurott
|-damage|p2a: Yanmega|0 fnt
|-damage|p2b: Samurott|59/100
|faint|p2a: Yanmega
|move|p2b: Samurott|Knock Off|p1b: Charizard
|-supereffective|p1b: Charizard
|-damage|p1b: Charizard|0 fnt
|-enditem|p1b: Charizard|Choice Specs|[from] move: Knock Off|[of] p2b: Samurott
|faint|p1b: Charizard
|move|p1a: Chesnaught|Body Press|p2b: Samurott
|-supereffective|p2b: Samurott
|-damage|p2b: Samurott|0 fnt
|faint|p2b: Samurott
|
|-weather|SunnyDay|[upkeep]
|-sideend|p2: yassineVGC|move: Tailwind
|upkeep
|
|t:|1757708111
|switch|p2b: Ninetales|Ninetales-Alola, L50, F|100/100
|-weather|Snowscape|[from] ability: Snow Warning|[of] p2b: Ninetales
|turn|5
|
|t:|1757708125
|move|p2b: Ninetales|Blizzard|p1a: Chesnaught
|-supereffective|p1a: Chesnaught
|-crit|p1a: Chesnaught
|-damage|p1a: Chesnaught|0 fnt
|faint|p1a: Chesnaught
|
|win|yassineVGC
||zpoogi is ready for game 2.
||yassineVGC is ready for game 2.
|uhtml|next|Next: Game 2 of 3
