|j|☆zio_gelato
|j|☆Israelkuro
|html|zio_gelatoIsraelkuro    
|uhtml|bestof|Game 2 of a best-of-3
|t:|1757855571
|gametype|doubles
|player|p1|zio_gelato|cynthia-gen4|1154
|player|p2|Israelkuro|1|1215
|gen|9
|tier|[Gen 9] VGC 2025 Reg H (Bo3)
|rated|
|rule|Species Clause: Limit one of each Pokémon
|rule|Item Clause: Limit 1 of each item
|clearpoke
|poke|p1|Archaludon, L50, M|
|poke|p1|Rillaboom, L50, F|
|poke|p1|Basculegion, L50, M|
|poke|p1|Kingambit, L50, F|
|poke|p1|Pelipper, L50, F|
|poke|p1|Electabuzz, L50, M|
|poke|p2|Ceruledge, L50, M|
|poke|p2|Gastrodon, L50, M|
|poke|p2|Rillaboom, L50, M|
|poke|p2|Dragonite, L50, M|
|poke|p2|Ninetales-Alola, L50, M|
|poke|p2|Annihilape, L50, F|
|teampreview|4
|showteam|p1|Archaludon||AssaultVest|Stamina|ElectroShot,DracoMeteor,FlashCannon,BodyPress|||M|||50|,,,,,Fairy]Rillaboom||GrassySeed|GrassySurge|WoodHammer,GrassyGlide,FakeOut,HighHorsepower|||F|||50|,,,,,Fire]Basculegion||ChoiceBand|SwiftSwim|WaveCrash,LastRespects,FlipTurn,AquaJet|||M|||50|,,,,,Grass]Kingambit||BlackGlasses|Defiant|KowtowCleave,SuckerPunch,SwordsDance,Protect|||F|||50|,,,,,Dark]Pelipper||FocusSash|Drizzle|WeatherBall,Hurricane,Tailwind,Protect|||F|||50|,,,,,Ghost]Electabuzz||Eviolite|VitalSpirit|Electroweb,Taunt,FollowMe,Protect|||M|||50|,,,,,Ghost
|showteam|p2|Ceruledge||Leftovers|FlashFire|BitterBlade,ShadowSneak,BulkUp,Protect|||M|||50|,,,,,Grass]Gastrodon||SitrusBerry|StormDrain|EarthPower,IceBeam,ClearSmog,Protect|||M|||50|,,,,,Poison]Rillaboom||AssaultVest|GrassySurge|WoodHammer,HighHorsepower,GrassyGlide,FakeOut|||M|||50|,,,,,Fire]Dragonite||LumBerry|Multiscale|TeraBlast,LowKick,ExtremeSpeed,Protect|||M|||50|,,,,,Flying]Ninetales-Alola||FocusSash|SnowWarning|AuroraVeil,FreezeDry,Moonblast,Encore|||M|||50|,,,,,Ghost]Annihilape||SafetyGoggles|Defiant|CloseCombat,Taunt,RageFist,Protect|||F|||50|,,,,,Fire
|inactive|Battle timer is ON: inactive players will automatically lose when time's up. (requested by Israelkuro)
|
|t:|1757855623
|teamsize|p1|4
|teamsize|p2|4
|start
|switch|p1a: Basculegion|Basculegion, L50, M|100/100
|switch|p1b: Electabuzz|Electabuzz, L50, M|100/100
|switch|p2a: Annihilape|Annihilape, L50, F|100/100
|switch|p2b: Ceruledge|Ceruledge, L50, M|100/100
|turn|1
|inactive|zio_gelato has 30 seconds left.
|inactive|Israelkuro has 30 seconds left.
|
|t:|1757855658
|switch|p2b: Gastrodon|Gastrodon, L50, M|100/100
|move|p2a: Annihilape|Taunt|p1b: Electabuzz
|-start|p1b: Electabuzz|move: Taunt
|move|p1b: Electabuzz|Electroweb|p2a: Annihilape|[spread] p2a
|-immune|p2b: Gastrodon
|-damage|p2a: Annihilape|88/100
|-unboost|p2a: Annihilape|spe|1
|-ability|p2a: Annihilape|Defiant|boost
|-boost|p2a: Annihilape|atk|2
|move|p1a: Basculegion|Last Respects|p2b: Gastrodon
|-damage|p2b: Gastrodon|65/100
|
|upkeep
|turn|2
|inactive|zio_gelato has 30 seconds left.
|inactive|Israelkuro has 30 seconds left.
|
|t:|1757855686
|move|p2b: Gastrodon|Protect|p2b: Gastrodon
|-singleturn|p2b: Gastrodon|Protect
|move|p1b: Electabuzz|Electroweb|p2a: Annihilape|[spread] p2a
|-activate|p2b: Gastrodon|move: Protect
|-damage|p2a: Annihilape|74/100
|-unboost|p2a: Annihilape|spe|1
|-ability|p2a: Annihilape|Defiant|boost
|-boost|p2a: Annihilape|atk|2
|move|p1a: Basculegion|Last Respects|p2a: Annihilape
|-supereffective|p2a: Annihilape
|-damage|p2a: Annihilape|0 fnt
|faint|p2a: Annihilape
|
|upkeep
|
|t:|1757855699
|switch|p2a: Ninetales|Ninetales-Alola, L50, M|100/100
|-weather|Snowscape|[from] ability: Snow Warning|[of] p2a: Ninetales
|turn|3
|
|t:|1757855717
|switch|p1a: Pelipper|Pelipper, L50, F|100/100
|-weather|RainDance|[from] ability: Drizzle|[of] p1a: Pelipper
|move|p2a: Ninetales|Freeze-Dry|p1a: Pelipper
|-supereffective|p1a: Pelipper
|-enditem|p1a: Pelipper|Focus Sash
|-damage|p1a: Pelipper|1/100
|move|p1b: Electabuzz|Electroweb|p2a: Ninetales|[spread] p2a
|-immune|p2b: Gastrodon
|-damage|p2a: Ninetales|85/100
|-unboost|p2a: Ninetales|spe|1
|move|p2b: Gastrodon|Earth Power|p1b: Electabuzz
|-supereffective|p1b: Electabuzz
|-damage|p1b: Electabuzz|57/100
|
|-weather|RainDance|[upkeep]
|-end|p1b: Electabuzz|move: Taunt
|upkeep
|turn|4
|inactive|zio_gelato has 30 seconds left.
|inactive|Israelkuro has 30 seconds left.
|
|t:|1757855749
|move|p1a: Pelipper|Protect|p1a: Pelipper
|-singleturn|p1a: Pelipper|Protect
|move|p1b: Electabuzz|Electroweb|p2a: Ninetales|[spread] p2a
|-immune|p2b: Gastrodon
|-damage|p2a: Ninetales|68/100
|-unboost|p2a: Ninetales|spe|1
|move|p2a: Ninetales|Freeze-Dry|p1a: Pelipper
|-activate|p1a: Pelipper|move: Protect
|move|p2b: Gastrodon|Earth Power|p1b: Electabuzz
|-supereffective|p1b: Electabuzz
|-damage|p1b: Electabuzz|6/100
|
|-weather|RainDance|[upkeep]
|upkeep
|turn|5
|
|t:|1757855774
|switch|p2a: Ceruledge|Ceruledge, L50, M|100/100
|move|p1b: Electabuzz|Taunt|p2a: Ceruledge
|-start|p2a: Ceruledge|move: Taunt
|move|p1a: Pelipper|Hurricane|p2b: Gastrodon
|-damage|p2b: Gastrodon|21/100
|-start|p2b: Gastrodon|confusion
|-enditem|p2b: Gastrodon|Sitrus Berry|[eat]
|-heal|p2b: Gastrodon|46/100|[from] item: Sitrus Berry
|-activate|p2b: Gastrodon|confusion
|move|p2b: Gastrodon|Ice Beam|p1a: Pelipper
|-damage|p1a: Pelipper|0 fnt
|faint|p1a: Pelipper
|
|-weather|RainDance|[upkeep]
|upkeep
|
|t:|1757855793
|switch|p1a: Basculegion|Basculegion, L50, M|100/100
|turn|6
|
|t:|1757855810
|switch|p2b: Ninetales|Ninetales-Alola, L50, M|68/100
|-weather|Snowscape|[from] ability: Snow Warning|[of] p2b: Ninetales
|-terastallize|p1a: Basculegion|Grass
|-terastallize|p2a: Ceruledge|Grass
|move|p2a: Ceruledge|Shadow Sneak|p1a: Basculegion
|-damage|p1a: Basculegion|77/100
|move|p1b: Electabuzz|Electroweb|p2b: Ninetales|[spread] p2a,p2b
|-resisted|p2a: Ceruledge
|-damage|p2a: Ceruledge|94/100
|-damage|p2b: Ninetales|52/100
|-unboost|p2a: Ceruledge|spe|1
|-unboost|p2b: Ninetales|spe|1
|move|p1a: Basculegion|Last Respects|p2b: Ninetales
|-damage|p2b: Ninetales|0 fnt
|faint|p2b: Ninetales
|
|-weather|Snowscape|[upkeep]
|-heal|p2a: Ceruledge|100/100|[from] item: Leftovers
|upkeep
|
|t:|1757855827
|switch|p2b: Gastrodon|Gastrodon, L50, M|46/100
|turn|7
|
|t:|1757855844
|move|p1b: Electabuzz|Electroweb|p2a: Ceruledge|[spread] p2a
|-immune|p2b: Gastrodon
|-resisted|p2a: Ceruledge
|-damage|p2a: Ceruledge|94/100
|-unboost|p2a: Ceruledge|spe|1
|move|p1a: Basculegion|Last Respects|p2a: Ceruledge
|-damage|p2a: Ceruledge|12/100
|move|p2b: Gastrodon|Ice Beam|p1a: Basculegion
|-supereffective|p1a: Basculegion
|-damage|p1a: Basculegion|27/100
|move|p2a: Ceruledge|Bitter Blade|p1a: Basculegion
|-supereffective|p1a: Basculegion
|-damage|p1a: Basculegion|0 fnt
|-heal|p2a: Ceruledge|27/100|[from] drain|[of] p1a: Basculegion
|faint|p1a: Basculegion
|
|-weather|Snowscape|[upkeep]
|-heal|p2a: Ceruledge|33/100|[from] item: Leftovers
|-end|p2a: Ceruledge|move: Taunt
|upkeep
|
|t:|1757855862
|switch|p1a: Archaludon|Archaludon, L50, M|100/100
|turn|8
|
|t:|1757855880
|move|p1b: Electabuzz|Protect|p1b: Electabuzz
|-singleturn|p1b: Electabuzz|Protect
|move|p2a: Ceruledge|Shadow Sneak|p1b: Electabuzz
|-activate|p1b: Electabuzz|move: Protect
|move|p1a: Archaludon|Draco Meteor|p2b: Gastrodon
|-damage|p2b: Gastrodon|0 fnt
|-unboost|p1a: Archaludon|spa|2
|faint|p2b: Gastrodon
|
|-weather|Snowscape|[upkeep]
|-heal|p2a: Ceruledge|40/100|[from] item: Leftovers
|upkeep
|turn|9
|
|t:|1757855902
|move|p1b: Electabuzz|Follow Me|p1b: Electabuzz
|-singleturn|p1b: Electabuzz|move: Follow Me
|move|p2a: Ceruledge|Shadow Sneak|p1b: Electabuzz
|-damage|p1b: Electabuzz|0 fnt
|faint|p1b: Electabuzz
|move|p1a: Archaludon|Body Press|p2a: Ceruledge
|-damage|p2a: Ceruledge|10/100
|
|-weather|Snowscape|[upkeep]
|-heal|p2a: Ceruledge|16/100|[from] item: Leftovers
|upkeep
|turn|10
|
|t:|1757855912
|move|p1a: Archaludon|Body Press|p2a: Ceruledge
|-damage|p2a: Ceruledge|0 fnt
|faint|p2a: Ceruledge
|
|win|zio_gelato
||Israelkuro is ready for game 3.
||zio_gelato is ready for game 3.
|uhtml|next|Next: Game 3 of 3
|l|☆Israelkuro
|player|p2|
