|j|☆sandy ghost 5
|j|☆Saw725
|html|sandy ghost 5Saw725    
|uhtml|bestof|Game 3 of a best-of-3
|t:|1756926781
|gametype|doubles
|player|p1|sandy ghost 5|baker|1320
|player|p2|Saw725|gentleman-gen4|1278
|gen|9
|tier|[Gen 9] VGC 2025 Reg H (Bo3)
|rated|
|rule|Species Clause: Limit one of each Pokémon
|rule|Item Clause: Limit 1 of each item
|clearpoke
|poke|p1|Tyranitar, L50, M|
|poke|p1|Excadrill, L50, M|
|poke|p1|Sinistcha-Masterpiece, L50|
|poke|p1|Salamence, L50, F|
|poke|p1|Blaziken, L50, M|
|poke|p1|Bruxish, L50, M|
|poke|p2|Dragonite, L50, F|
|poke|p2|Gholdengo, L50|
|poke|p2|Ursaluna, L50, M|
|poke|p2|Porygon2, L50|
|poke|p2|Incineroar, L50, F|
|poke|p2|Amoonguss, L50, F|
|teampreview|4
|showteam|p1|Tyranitar||ClearAmulet|SandStream|RockSlide,KnockOff,DragonDance,Protect|||M|||50|,,,,,Grass]Excadrill||AssaultVest|SandRush|Earthquake,IronHead,HighHorsepower,RockSlide|||M|||50|,,,,,Ghost]Sinistcha-Masterpiece||SitrusBerry|Hospitality|ShadowBall,MatchaGotcha,RagePowder,Protect||||||50|,,,,,Dark]Salamence||LifeOrb|Intimidate|DracoMeteor,AirSlash,Protect,Tailwind|||F|||50|,,,,,Ghost]Blaziken||CovertCloak|SpeedBoost|AuraSphere,HeatWave,Coaching,WillOWisp|||M|||50|,,,,,Dragon]Bruxish||ChoiceScarf|Dazzling|PsychicFangs,FlipTurn,WaveCrash,SuperFang|||M|||50|,,,,,Water
|showteam|p2|Dragonite||LoadedDice|Multiscale|ScaleShot,Haze,Tailwind,Protect|||F|||50|,,,,,Fairy]Gholdengo||LifeOrb|GoodasGold|MakeItRain,ShadowBall,NastyPlot,Protect||||||50|,,,,,Water]Ursaluna||FlameOrb|Guts|Facade,HeadlongRush,Earthquake,Protect|||M|||50|,,,,,Fairy]Porygon2||Eviolite|Download|TeraBlast,IceBeam,TrickRoom,Recover||||||50|,,,,,Fighting]Incineroar||SafetyGoggles|Intimidate|FlareBlitz,KnockOff,PartingShot,FakeOut|||F|||50|,,,,,Ghost]Amoonguss||SitrusBerry|Regenerator|SludgeBomb,Spore,RagePowder,Protect|||F|||50|,,,,,Water
|
|t:|1756926814
|teamsize|p1|4
|teamsize|p2|4
|start
|switch|p1a: Blaziken|Blaziken, L50, M|100/100
|switch|p1b: Excadrill|Excadrill, L50, M|100/100
|switch|p2a: Porygon2|Porygon2, L50|100/100
|switch|p2b: Amoonguss|Amoonguss, L50, F|100/100
|-ability|p2a: Porygon2|Download|boost
|-boost|p2a: Porygon2|atk|1
|turn|1
|
|t:|1756926851
|move|p1a: Blaziken|Aura Sphere|p2a: Porygon2
|-supereffective|p2a: Porygon2
|-damage|p2a: Porygon2|56/100
|move|p1b: Excadrill|Rock Slide|p2b: Amoonguss|[spread] p2a,p2b
|-damage|p2a: Porygon2|44/100
|-damage|p2b: Amoonguss|81/100
|move|p2b: Amoonguss|Spore|p1a: Blaziken
|-status|p1a: Blaziken|slp|[from] move: Spore
|cant|p2a: Porygon2|flinch
|
|-ability|p1a: Blaziken|Speed Boost|boost
|-boost|p1a: Blaziken|spe|1
|upkeep
|turn|2
|
|t:|1756926878
|cant|p1a: Blaziken|slp
|move|p1b: Excadrill|High Horsepower|p2a: Porygon2
|-damage|p2a: Porygon2|16/100
|move|p2b: Amoonguss|Spore|p1b: Excadrill
|-status|p1b: Excadrill|slp|[from] move: Spore
|move|p2a: Porygon2|Trick Room|p2a: Porygon2
|-fieldstart|move: Trick Room|[of] p2a: Porygon2
|
|-ability|p1a: Blaziken|Speed Boost|boost
|-boost|p1a: Blaziken|spe|1
|upkeep
|turn|3
|
|t:|1756926895
|switch|p2b: Ursaluna|Ursaluna, L50, M|100/100
|switch|p1a: Puppet|Sinistcha-Masterpiece, L50|100/100
|move|p2a: Porygon2|Recover|p2a: Porygon2
|-heal|p2a: Porygon2|66/100
|cant|p1b: Excadrill|slp
|
|-status|p2b: Ursaluna|brn|[from] item: Flame Orb
|upkeep
|turn|4
|
|t:|1756926915
|move|p2b: Ursaluna|Headlong Rush|p1b: Excadrill
|-supereffective|p1b: Excadrill
|-damage|p1b: Excadrill|0 fnt
|-unboost|p2b: Ursaluna|def|1
|-unboost|p2b: Ursaluna|spd|1
|faint|p1b: Excadrill
|move|p2a: Porygon2|Ice Beam|p1a: Puppet
|-supereffective|p1a: Puppet
|-damage|p1a: Puppet|52/100
|move|p1a: Puppet|Matcha Gotcha|p2b: Ursaluna|[spread] p2a,p2b
|-supereffective|p2b: Ursaluna
|-damage|p2a: Porygon2|49/100
|-heal|p1a: Puppet|61/100|[from] drain|[of] p2a: Porygon2
|-damage|p2b: Ursaluna|24/100 brn
|-heal|p1a: Puppet|100/100|[from] drain|[of] p2b: Ursaluna
|
|-damage|p2b: Ursaluna|18/100 brn|[from] brn
|upkeep
|
|t:|1756926946
|switch|p1b: Blaziken|Blaziken, L50, M|100/100 slp
|turn|5
|
|t:|1756926969
|move|p2b: Ursaluna|Headlong Rush|p1a: Puppet
|-resisted|p1a: Puppet
|-damage|p1a: Puppet|44/100
|-unboost|p2b: Ursaluna|def|1
|-unboost|p2b: Ursaluna|spd|1
|-enditem|p1a: Puppet|Sitrus Berry|[eat]
|-heal|p1a: Puppet|69/100|[from] item: Sitrus Berry
|move|p2a: Porygon2|Ice Beam|p1a: Puppet
|-supereffective|p1a: Puppet
|-damage|p1a: Puppet|19/100
|move|p1a: Puppet|Matcha Gotcha|p2a: Porygon2|[spread] p2a,p2b
|-supereffective|p2b: Ursaluna
|-damage|p2a: Porygon2|32/100
|-heal|p1a: Puppet|29/100|[from] drain|[of] p2a: Porygon2
|-damage|p2b: Ursaluna|0 fnt
|-heal|p1a: Puppet|40/100|[from] drain|[of] p2b: Ursaluna
|faint|p2b: Ursaluna
|cant|p1b: Blaziken|slp
|
|-ability|p1b: Blaziken|Speed Boost|boost
|-boost|p1b: Blaziken|spe|1
|upkeep
|
|t:|1756926988
|switch|p2b: Incineroar|Incineroar, L50, F|100/100
|-ability|p2b: Incineroar|Intimidate|boost
|-unboost|p1a: Puppet|atk|1
|-unboost|p1b: Blaziken|atk|1
|turn|6
|
|t:|1756927015
|move|p2a: Porygon2|Recover|p2a: Porygon2
|-heal|p2a: Porygon2|82/100
|move|p1a: Puppet|Matcha Gotcha|p2a: Porygon2|[spread] p2a,p2b
|-resisted|p2b: Incineroar
|-damage|p2a: Porygon2|65/100
|-heal|p1a: Puppet|49/100|[from] drain|[of] p2a: Porygon2
|-damage|p2b: Incineroar|87/100
|-heal|p1a: Puppet|57/100|[from] drain|[of] p2b: Incineroar
|move|p2b: Incineroar|Flare Blitz|p1a: Puppet
|-supereffective|p1a: Puppet
|-damage|p1a: Puppet|0 fnt
|faint|p1a: Puppet
|-damage|p2b: Incineroar|70/100|[from] Recoil
|cant|p1b: Blaziken|slp
|
|-fieldend|move: Trick Room
|-ability|p1b: Blaziken|Speed Boost|boost
|-boost|p1b: Blaziken|spe|1
|upkeep
|
|t:|1756927031
|switch|p1a: Salamence|Salamence, L50, F|100/100
|-ability|p1a: Salamence|Intimidate|boost
|-unboost|p2a: Porygon2|atk|1
|-unboost|p2b: Incineroar|atk|1
|turn|7
|
|t:|1756927071
|switch|p2a: Amoonguss|Amoonguss, L50, F|100/100
|-curestatus|p1b: Blaziken|slp|[msg]
|move|p1b: Blaziken|Aura Sphere|p2a: Amoonguss
|-resisted|p2a: Amoonguss
|-damage|p2a: Amoonguss|85/100
|move|p1a: Salamence|Air Slash|p2a: Amoonguss
|-supereffective|p2a: Amoonguss
|-damage|p2a: Amoonguss|6/100
|-enditem|p2a: Amoonguss|Sitrus Berry|[eat]
|-heal|p2a: Amoonguss|31/100|[from] item: Sitrus Berry
|-damage|p1a: Salamence|91/100|[from] item: Life Orb
|move|p2b: Incineroar|Knock Off|p1b: Blaziken
|-resisted|p1b: Blaziken
|-damage|p1b: Blaziken|82/100
|-enditem|p1b: Blaziken|Covert Cloak|[from] move: Knock Off|[of] p2b: Incineroar
|
|-ability|p1b: Blaziken|Speed Boost|boost
|-boost|p1b: Blaziken|spe|1
|upkeep
|turn|8
|
|t:|1756927115
|-terastallize|p2b: Incineroar|Ghost
|move|p2a: Amoonguss|Protect|p2a: Amoonguss
|-singleturn|p2a: Amoonguss|Protect
|move|p1b: Blaziken|Aura Sphere|p2b: Incineroar
|-immune|p2b: Incineroar
|move|p1a: Salamence|Air Slash|p2a: Amoonguss
|-activate|p2a: Amoonguss|move: Protect
|move|p2b: Incineroar|Parting Shot|p1a: Salamence
|-unboost|p1a: Salamence|atk|1
|-unboost|p1a: Salamence|spa|1
|
|t:|1756927125
|switch|p2b: Porygon2|Porygon2, L50|65/100|[from] Parting Shot
|-ability|p2b: Porygon2|Download|boost
|-boost|p2b: Porygon2|spa|1
|
|-ability|p1b: Blaziken|Speed Boost|boost
|-boost|p1b: Blaziken|spe|1
|upkeep
|turn|9
|
|t:|1756927152
|switch|p2a: Incineroar|Incineroar, L50, F, tera:Ghost|70/100
|-ability|p2a: Incineroar|Intimidate|boost
|-unboost|p1a: Salamence|atk|1
|-unboost|p1b: Blaziken|atk|1
|move|p1b: Blaziken|Heat Wave|p2a: Incineroar|[spread] p2b
|-miss|p1b: Blaziken|p2a: Incineroar
|-damage|p2b: Porygon2|45/100
|move|p1a: Salamence|Air Slash|p2b: Porygon2
|-damage|p2b: Porygon2|27/100
|-damage|p1a: Salamence|81/100|[from] item: Life Orb
|move|p2b: Porygon2|Trick Room|p2b: Porygon2
|-fieldstart|move: Trick Room|[of] p2b: Porygon2
|
|-ability|p1b: Blaziken|Speed Boost|boost
|-boost|p1b: Blaziken|spe|1
|upkeep
|turn|10
|c|☆sandy ghost 5|gg
|
|t:|1756927199
|move|p2a: Incineroar|Fake Out|p1b: Blaziken
|-crit|p1b: Blaziken
|-damage|p1b: Blaziken|58/100
|move|p2b: Porygon2|Recover|p2b: Porygon2
|-heal|p2b: Porygon2|77/100
|move|p1a: Salamence|Air Slash|p2b: Porygon2
|-damage|p2b: Porygon2|58/100
|-damage|p1a: Salamence|71/100|[from] item: Life Orb
|cant|p1b: Blaziken|flinch
|
|-ability|p1b: Blaziken|Speed Boost|boost
|-boost|p1b: Blaziken|spe|1
|upkeep
|turn|11
|
|t:|1756927215
|move|p2b: Porygon2|Ice Beam|p1a: Salamence
|-supereffective|p1a: Salamence
|-damage|p1a: Salamence|0 fnt
|faint|p1a: Salamence
|move|p2a: Incineroar|Flare Blitz|p1b: Blaziken
|-resisted|p1b: Blaziken
|-damage|p1b: Blaziken|19/100
|-damage|p2a: Incineroar|59/100|[from] Recoil
|move|p1b: Blaziken|Aura Sphere|p2b: Porygon2
|-supereffective|p2b: Porygon2
|-damage|p2b: Porygon2|11/100
|
|upkeep
|turn|12
|
|t:|1756927226
|move|p2b: Porygon2|Tera Blast|p1b: Blaziken
|-damage|p1b: Blaziken|0 fnt
|faint|p1b: Blaziken
|
|win|Saw725
|raw|sandy ghost 5's rating: 1320 → 1298(-22 for losing)
|raw|Saw725's rating: 1278 → 1306(+28 for winning)
