|j|☆yagomg
|j|☆BeckVGC
|html|yagomgBeckVGC    
|uhtml|bestof|Game 1 of a best-of-3
|t:|1782190422
|gametype|doubles
|player|p1|yagomg|169|1091
|player|p2|BeckVGC|roughneck-gen4|1020
|gen|9
|tier|[Gen 9 Champions] VGC 2026 Reg M-B (Bo3)
|rated|
|rule|Species Clause: Limit one of each Pokémon
|rule|Item Clause: Limit 1 of each item
|clearpoke
|poke|p1|Skeledirge, L50, M|
|poke|p1|Farigiraf, L50, F|
|poke|p1|Basculegion, L50, M|
|poke|p1|Gallade, L50, M|
|poke|p1|Mawile, L50, F|
|poke|p1|Sinistcha-Masterpiece, L50|
|poke|p2|Dragalge, L50, M|
|poke|p2|Grimmsnarl, L50, M|
|poke|p2|Incineroar, L50, F|
|poke|p2|Sinistcha, L50|
|poke|p2|Palafin, L50, F|
|poke|p2|Kingambit, L50, M|
|teampreview|4
|showteam|p1|Skeledirge||Metronome|Unaware|TorchSong,WillOWisp,Hex,SlackOff|Quiet||M|||50|]Farigiraf||ColburBerry|ArmorTail|Psychic,HelpingHand,TrickRoom,Protect|Bold||F|||50|]Basculegion||LifeOrb|Adaptability|AquaJet,WaveCrash,LastRespects,Protect|Serious||M|||50|]Gallade||ScopeLens|Sharpness|SacredSword,PsychoCut,LeafBlade,TrickRoom|Brave||M|||50|]Mawile||Mawilite|HyperCutter|PlayRough,IronHead,SuckerPunch,Protect|Brave||F|||50|]Sinistcha-Masterpiece||SitrusBerry|Hospitality|RagePowder,TrickRoom,ShadowBall,MatchaGotcha|Quiet|||||50|
|showteam|p2|Dragalge||Dragalgite|Adaptability|DragonPulse,SludgeBomb,Thunderbolt,Protect|Modest||M|||50|]Grimmsnarl||LightClay|Prankster|SpiritBreak,PartingShot,LightScreen,Reflect|Careful||M|||50|]Incineroar||SitrusBerry|Intimidate|FlareBlitz,ThroatChop,PartingShot,FakeOut|Careful||F|||50|]Sinistcha||CobaBerry|Hospitality|MatchaGotcha,LifeDew,RagePowder,TrickRoom|Sassy|||||50|]Palafin||MysticWater|ZerotoHero|JetPunch,WaveCrash,FlipTurn,Protect|Adamant||F|||50|]Kingambit||BlackGlasses|Defiant|SwordsDance,KowtowCleave,SuckerPunch,Protect|Adamant||M|||50|
|inactive|Battle timer is ON: inactive players will automatically lose when time's up. (requested by BeckVGC)
|inactive|yagomg has 60 seconds left.
|
|t:|1782190452
|teamsize|p1|4
|teamsize|p2|4
|start
|switch|p1a: Farigiraf|Farigiraf, L50, F|100/100
|switch|p1b: Skeledirge|Skeledirge, L50, M|100/100
|switch|p2a: Grimmsnarl|Grimmsnarl, L50, M|100/100
|switch|p2b: Incineroar|Incineroar, L50, F|100/100
|-ability|p2b: Incineroar|Intimidate|boost
|-unboost|p1a: Farigiraf|atk|1
|-unboost|p1b: Skeledirge|atk|1
|turn|1
|
|t:|1782190465
|move|p2a: Grimmsnarl|Light Screen|p2a: Grimmsnarl
|-sidestart|p2: BeckVGC|move: Light Screen
|move|p2b: Incineroar|Throat Chop|p1b: Skeledirge
|-supereffective|p1b: Skeledirge|1
|-damage|p1b: Skeledirge|51/100
|-start|p1b: Skeledirge|Throat Chop|[silent]
|cant|p1b: Skeledirge|move: Throat Chop
|move|p1a: Farigiraf|Trick Room|p1a: Farigiraf
|-fieldstart|move: Trick Room|[of] p1a: Farigiraf
|
|upkeep
|turn|2
|
|t:|1782190484
|switch|p1a: Gallade|Gallade, L50, M|100/100
|move|p1b: Skeledirge|Slack Off|p1b: Skeledirge
|-heal|p1b: Skeledirge|100/100
|move|p2a: Grimmsnarl|Spirit Break|p1a: Gallade
|-supereffective|p1a: Gallade|1
|-damage|p1a: Gallade|20/100y
|-unboost|p1a: Gallade|spa|1
|move|p2b: Incineroar|Throat Chop|p1b: Skeledirge
|-supereffective|p1b: Skeledirge|1
|-damage|p1b: Skeledirge|47/100
|
|-end|p1b: Skeledirge|Throat Chop|[silent]
|upkeep
|turn|3
|
|t:|1782190505
|switch|p1b: Farigiraf|Farigiraf, L50, F|100/100
|move|p2a: Grimmsnarl|Spirit Break|p1a: Gallade
|-supereffective|p1a: Gallade|1
|-damage|p1a: Gallade|0 fnt
|faint|p1a: Gallade
|move|p2b: Incineroar|Throat Chop|p1b: Farigiraf
|-supereffective|p1b: Farigiraf|1
|-enditem|p1b: Farigiraf|Colbur Berry|[eat]
|-enditem|p1b: Farigiraf|Colbur Berry|[weaken]
|-damage|p1b: Farigiraf|74/100
|-start|p1b: Farigiraf|Throat Chop|[silent]
|
|upkeep
|
|t:|1782190518
|switch|p1a: Skeledirge|Skeledirge, L50, M|47/100
|turn|4
|
|t:|1782190533
|switch|p1b: Mawile|Mawile, L50, F|100/100
|move|p1a: Skeledirge|Torch Song|p2a: Grimmsnarl
|-damage|p2a: Grimmsnarl|81/100
|-boost|p1a: Skeledirge|spa|1
|move|p2a: Grimmsnarl|Spirit Break|p1a: Skeledirge
|-resisted|p1a: Skeledirge|1
|-damage|p1a: Skeledirge|35/100
|-unboost|p1a: Skeledirge|spa|1
|move|p2b: Incineroar|Throat Chop|p1a: Skeledirge
|-supereffective|p1a: Skeledirge|1
|-damage|p1a: Skeledirge|0 fnt
|faint|p1a: Skeledirge
|
|upkeep
|
|t:|1782190546
|switch|p1a: Farigiraf|Farigiraf, L50, F|74/100
|turn|5
|
|t:|1782190556
|detailschange|p1b: Mawile|Mawile-Mega, L50, F
|-mega|p1b: Mawile|Mawile|Mawilite
|move|p1a: Farigiraf|Helping Hand|p1b: Mawile
|-singleturn|p1b: Mawile|Helping Hand|[of] p1a: Farigiraf
|move|p2a: Grimmsnarl|Reflect|p2a: Grimmsnarl
|-sidestart|p2: BeckVGC|Reflect
|move|p1b: Mawile|Play Rough|p2b: Incineroar
|-damage|p2b: Incineroar|18/100
|-enditem|p2b: Incineroar|Sitrus Berry|[eat]
|-heal|p2b: Incineroar|43/100|[from] item: Sitrus Berry
|move|p2b: Incineroar|Parting Shot|p1b: Mawile
|-unboost|p1b: Mawile|atk|1
|-unboost|p1b: Mawile|spa|1
|
|t:|1782190569
|switch|p2b: Sinistcha|Sinistcha, L50|100/100|[from] Parting Shot
|-heal|p2a: Grimmsnarl|100/100|[from] ability: Hospitality|[of] p2b: Sinistcha
|
|-fieldend|move: Trick Room
|upkeep
|turn|6
|
|t:|1782190577
|switch|p2b: Incineroar|Incineroar, L50, F|43/100
|-ability|p2b: Incineroar|Intimidate|boost
|-unboost|p1a: Farigiraf|atk|1
|-unboost|p1b: Mawile|atk|1
|move|p2a: Grimmsnarl|Spirit Break|p1a: Farigiraf
|-damage|p1a: Farigiraf|49/100
|-unboost|p1a: Farigiraf|spa|1
|move|p1a: Farigiraf|Psychic|p2b: Incineroar
|-immune|p2b: Incineroar
|move|p1b: Mawile|Iron Head|p2a: Grimmsnarl
|-supereffective|p2a: Grimmsnarl|1
|-crit|p2a: Grimmsnarl
|-damage|p2a: Grimmsnarl|0 fnt
|faint|p2a: Grimmsnarl
|
|upkeep
|
|t:|1782190591
|switch|p2a: Sinistcha|Sinistcha, L50|100/100
|-heal|p2b: Incineroar|67/100|[from] ability: Hospitality|[of] p2a: Sinistcha
|turn|7
|
|t:|1782190599
|move|p1b: Mawile|Sucker Punch|p2a: Sinistcha
|-supereffective|p2a: Sinistcha|1
|-damage|p2a: Sinistcha|71/100
|move|p2b: Incineroar|Parting Shot|p1b: Mawile
|-unboost|p1b: Mawile|atk|1
|-unboost|p1b: Mawile|spa|1
|
|t:|1782190604
|switch|p2b: Dragalge|Dragalge, L50, M|100/100|[from] Parting Shot
|move|p2a: Sinistcha|Matcha Gotcha|p1b: Mawile|[spread] p1a,p1b
|-resisted|p1b: Mawile|1
|-damage|p1a: Farigiraf|27/100
|-heal|p2a: Sinistcha|85/100|[from] drain|[of] p1a: Farigiraf
|-damage|p1b: Mawile|85/100
|-heal|p2a: Sinistcha|92/100|[from] drain|[of] p1b: Mawile
|move|p1a: Farigiraf|Trick Room|p1a: Farigiraf
|-fieldstart|move: Trick Room|[of] p1a: Farigiraf
|
|upkeep
|turn|8
|
|t:|1782190613
|switch|p2b: Incineroar|Incineroar, L50, F|67/100
|-ability|p2b: Incineroar|Intimidate|boost
|-unboost|p1a: Farigiraf|atk|1
|-unboost|p1b: Mawile|atk|1
|move|p1b: Mawile|Play Rough|p2a: Sinistcha
|-damage|p2a: Sinistcha|73/100
|move|p1a: Farigiraf|Psychic|p2b: Incineroar
|-immune|p2b: Incineroar
|move|p2a: Sinistcha|Matcha Gotcha|p1a: Farigiraf|[spread] p1a,p1b
|-resisted|p1b: Mawile|1
|-damage|p1a: Farigiraf|4/100
|-heal|p2a: Sinistcha|87/100|[from] drain|[of] p1a: Farigiraf
|-damage|p1b: Mawile|71/100
|-heal|p2a: Sinistcha|93/100|[from] drain|[of] p1b: Mawile
|
|-sideend|p2: BeckVGC|move: Light Screen
|upkeep
|turn|9
|
|t:|1782190635
|move|p1b: Mawile|Play Rough|p2b: Incineroar
|-damage|p2b: Incineroar|50/100y
|move|p1a: Farigiraf|Psychic|p2a: Sinistcha
|-damage|p2a: Sinistcha|75/100
|move|p2a: Sinistcha|Matcha Gotcha|p1b: Mawile|[spread] p1a,p1b
|-resisted|p1b: Mawile|1
|-damage|p1a: Farigiraf|0 fnt
|-heal|p2a: Sinistcha|78/100|[from] drain|[of] p1a: Farigiraf
|-damage|p1b: Mawile|56/100
|-heal|p2a: Sinistcha|85/100|[from] drain|[of] p1b: Mawile
|faint|p1a: Farigiraf
|move|p2b: Incineroar|Flare Blitz|p1b: Mawile
|-supereffective|p1b: Mawile|1
|-damage|p1b: Mawile|0 fnt
|faint|p1b: Mawile
|-damage|p2b: Incineroar|35/100|[from] Recoil
|
|win|BeckVGC
|inactive|yagomg has 30 seconds to confirm battle start!
|inactive|BeckVGC has 30 seconds to confirm battle start!
||yagomg is ready for game 2.
||BeckVGC is ready for game 2.
|uhtml|next|Next: Game 2 of 3
|l|☆BeckVGC
|player|p2|
