|j|☆huezinhu
|j|☆chefbenboyrd
|html|huezinhuchefbenboyrd    
|uhtml|bestof|Game 1 of a best-of-3
|t:|1756849510
|gametype|doubles
|player|p1|huezinhu|169|1086
|player|p2|chefbenboyrd|brawly|1075
|gen|9
|tier|[Gen 9] VGC 2025 Reg H (Bo3)
|rated|
|rule|Species Clause: Limit one of each Pokémon
|rule|Item Clause: Limit 1 of each item
|clearpoke
|poke|p1|Whimsicott, L50, M|
|poke|p1|Primarina, L50, M|
|poke|p1|Indeedee-F, L50, F|
|poke|p1|Ursaluna-Bloodmoon, L50, M|
|poke|p1|Dragapult, L50, F|
|poke|p1|Sneasler, L50, M|
|poke|p2|Whimsicott, L50, F|
|poke|p2|Hydreigon, L50, F|
|poke|p2|Grimmsnarl, L50, M|
|poke|p2|Incineroar, L50, M|
|poke|p2|Gholdengo, L50|
|poke|p2|Annihilape, L50, F|
|teampreview|4
|showteam|p1|Whimsicott||CovertCloak|Prankster|EnergyBall,Tailwind,Encore,Taunt|||M|||50|,,,,,Dark]Primarina||SitrusBerry|LiquidVoice|Moonblast,HyperVoice,Protect,Haze|||M|||50|,,,,,Poison]Indeedee-F||SafetyGoggles|PsychicSurge|Psychic,FollowMe,HelpingHand,TrickRoom|||F|||50|,,,,,Fairy]Ursaluna-Bloodmoon||AssaultVest|MindsEye|BloodMoon,EarthPower,HyperVoice,Uproar|||M|||50|,,,,,Normal]Dragapult||ChoiceBand|ClearBody|DragonDarts,PhantomForce,Uturn,PsychicFangs|||F|||50|,,,,,Dragon]Sneasler||PsychicSeed|Unburden|DireClaw,CloseCombat,Protect,Acrobatics|||M|||50|,,,,,Stellar
|showteam|p2|Whimsicott||FocusSash|Prankster|SunnyDay,Encore,Tailwind,Moonblast|||F|||50|,,,,,Ghost]Hydreigon||ChoiceSpecs|Levitate|HeatWave,DracoMeteor,Snarl,DarkPulse|||F|||50|,,,,,Fire]Grimmsnarl||LightClay|Prankster|SpiritBreak,Reflect,LightScreen,ThunderWave|||M|||50|,,,,,Steel]Incineroar||SafetyGoggles|Intimidate|KnockOff,FakeOut,PartingShot,FlareBlitz|||M|||50|,,,,,Ghost]Gholdengo||LifeOrb|GoodasGold|Protect,MakeItRain,ShadowBall,NastyPlot||||||50|,,,,,Water]Annihilape||SitrusBerry|Defiant|Protect,Taunt,RageFist,DrainPunch|||F|||50|,,,,,Fairy
|j| jables412
|j| subhamcheee
|l| subhamcheee
|inactive|Battle timer is ON: inactive players will automatically lose when time's up. (requested by chefbenboyrd)
|
|t:|1756849552
|teamsize|p1|4
|teamsize|p2|4
|start
|switch|p1a: Dragapult|Dragapult, L50, F, shiny|100/100
|switch|p1b: Whimsicott|Whimsicott, L50, M, shiny|100/100
|switch|p2a: Hydreigon|Hydreigon, L50, F|100/100
|switch|p2b: Gholdengo|Gholdengo, L50|100/100
|turn|1
|
|t:|1756849574
|-terastallize|p1a: Dragapult|Dragon
|-terastallize|p2a: Hydreigon|Fire
|move|p1b: Whimsicott|Tailwind|p1b: Whimsicott
|-sidestart|p1: huezinhu|move: Tailwind
|move|p1a: Dragapult|Dragon Darts|p2a: Hydreigon
|-damage|p2a: Hydreigon|34/100
|-anim|p1a: Dragapult|Dragon Darts|p2b: Gholdengo
|-resisted|p2b: Gholdengo
|-damage|p2b: Gholdengo|74/100
|move|p2a: Hydreigon|Heat Wave|p1b: Whimsicott|[spread] p1a,p1b
|-resisted|p1a: Dragapult
|-supereffective|p1b: Whimsicott
|-damage|p1a: Dragapult|58/100
|-damage|p1b: Whimsicott|0 fnt
|faint|p1b: Whimsicott
|move|p2b: Gholdengo|Make It Rain|p1a: Dragapult
|-damage|p1a: Dragapult|0 fnt
|-unboost|p2b: Gholdengo|spa|1
|faint|p1a: Dragapult
|-damage|p2b: Gholdengo|65/100|[from] item: Life Orb
|
|upkeep
|
|t:|1756849593
|switch|p1a: Primarina|Primarina, L50, M, shiny|100/100
|switch|p1b: Sneasler|Sneasler, L50, M, shiny|100/100
|turn|2
|inactive|huezinhu has 30 seconds left.
|
|t:|1756849626
|switch|p2a: Incineroar|Incineroar, L50, M|100/100
|-ability|p2a: Incineroar|Intimidate|boost
|-unboost|p1a: Primarina|atk|1
|-unboost|p1b: Sneasler|atk|1
|move|p1b: Sneasler|Acrobatics|p2b: Gholdengo
|-resisted|p2b: Gholdengo
|-crit|p2b: Gholdengo
|-damage|p2b: Gholdengo|49/100
|move|p1a: Primarina|Hyper Voice|p2a: Incineroar|[spread] p2a,p2b
|-supereffective|p2a: Incineroar
|-damage|p2a: Incineroar|34/100
|-damage|p2b: Gholdengo|12/100
|move|p2b: Gholdengo|Nasty Plot|p2b: Gholdengo
|-boost|p2b: Gholdengo|spa|2
|
|upkeep
|turn|3
|inactive|chefbenboyrd has 30 seconds left.
|
|t:|1756849652
|move|p2a: Incineroar|Fake Out|p1a: Primarina
|-damage|p1a: Primarina|86/100
|move|p1b: Sneasler|Acrobatics|p2b: Gholdengo
|-resisted|p2b: Gholdengo
|-damage|p2b: Gholdengo|4/100
|cant|p1a: Primarina|flinch
|move|p2b: Gholdengo|Make It Rain|p1b: Sneasler|[spread] p1a,p1b
|-damage|p1a: Primarina|12/100
|-damage|p1b: Sneasler|0 fnt
|-unboost|p2b: Gholdengo|spa|1
|-enditem|p1a: Primarina|Sitrus Berry|[eat]
|-heal|p1a: Primarina|37/100|[from] item: Sitrus Berry
|faint|p1b: Sneasler
|-damage|p2b: Gholdengo|0 fnt|[from] item: Life Orb
|faint|p2b: Gholdengo
|
|upkeep
|
|t:|1756849669
|switch|p2b: Whimsicott|Whimsicott, L50, F|100/100
|turn|4
|
|t:|1756849677
|move|p1a: Primarina|Hyper Voice|p2a: Incineroar|[spread] p2a,p2b
|-supereffective|p2a: Incineroar
|-resisted|p2b: Whimsicott
|-damage|p2a: Incineroar|0 fnt
|-damage|p2b: Whimsicott|70/100
|faint|p2a: Incineroar
|move|p2b: Whimsicott|Moonblast|p1a: Primarina
|-damage|p1a: Primarina|7/100
|
|-sideend|p1: huezinhu|move: Tailwind
|upkeep
|
|t:|1756849684
|switch|p2a: Hydreigon|Hydreigon, L50, F, tera:Fire|34/100
|turn|5
|
|t:|1756849689
|move|p2b: Whimsicott|Moonblast|p1a: Primarina
|-damage|p1a: Primarina|0 fnt
|faint|p1a: Primarina
|
|win|chefbenboyrd
