|j|☆asiermii
|j|☆mrsuaaaaj
|html|asiermiimrsuaaaaj    
|uhtml|bestof|Game 1 of a best-of-3
|t:|1782552235
|gametype|doubles
|player|p1|asiermii|169|1108
|player|p2|mrsuaaaaj|1|1090
|gen|9
|tier|[Gen 9 Champions] VGC 2026 Reg M-B (Bo3)
|rated|
|rule|Species Clause: Limit one of each Pokémon
|rule|Item Clause: Limit 1 of each item
|clearpoke
|poke|p1|Sylveon, L50, F, shiny|
|poke|p1|Aerodactyl, L50, F|
|poke|p1|Metagross, L50, shiny|
|poke|p1|Sinistcha, L50|
|poke|p1|Incineroar, L50, M, shiny|
|poke|p1|Rotom-Wash, L50|
|poke|p2|Charizard, L50, F|
|poke|p2|Incineroar, L50, F|
|poke|p2|Farigiraf, L50, M|
|poke|p2|Sylveon, L50, F|
|poke|p2|Aerodactyl, L50, M|
|poke|p2|Venusaur, L50, M|
|teampreview|4
|showteam|p1|Sylveon||FairyFeather|Pixilate|HyperVoice,HyperBeam,QuickAttack,Detect|Modest||F|||50|]Aerodactyl||Aerodactylite|Unnerve|RockSlide,IceFang,Tailwind,WideGuard|Jolly||F|||50|]Metagross||Metagrossite|ClearBody|PsychicFangs,IronHead,BulletPunch,Protect|Adamant|||||50|]Sinistcha||KasibBerry|Hospitality|MatchaGotcha,RagePowder,StrengthSap,Protect|Bold|||||50|]Incineroar||SitrusBerry|Intimidate|FakeOut,FlareBlitz,PartingShot,ThroatChop|Careful||M|||50|]Rotom-Wash||Leftovers|Levitate|HydroPump,Thunderbolt,WillOWisp,Protect|Bold|||||50|
|showteam|p2|Charizard||CharizarditeY|Blaze|Protect,HeatWave,SolarBeam,WeatherBall|Timid||F|||50|]Incineroar||PasshoBerry|Intimidate|FakeOut,FlareBlitz,DarkestLariat,PartingShot|Careful||F|||50|]Farigiraf||SitrusBerry|ArmorTail|Psychic,Thunderbolt,Roar,TrickRoom|Bold||M|||50|]Sylveon||FairyFeather|Pixilate|Detect,HyperVoice,HyperBeam,QuickAttack|Modest||F|||50|]Aerodactyl||FocusSash|Unnerve|Protect,RockSlide,IceFang,Tailwind|Jolly||M|||50|]Venusaur||LifeOrb|Chlorophyll|Protect,GigaDrain,SludgeBomb,EarthPower|Modest||M|||50|
|inactive|Battle timer is ON: inactive players will automatically lose when time's up. (requested by asiermii)
|
|t:|1782552315
|teamsize|p1|4
|teamsize|p2|4
|start
|switch|p1a: Aerodactyl|Aerodactyl, L50, F|100/100
|switch|p1b: Incineroar|Incineroar, L50, M, shiny|100/100
|switch|p2a: Charizard|Charizard, L50, F|100/100
|switch|p2b: Venusaur|Venusaur, L50, M|100/100
|-ability|p1a: Aerodactyl|Unnerve
|-ability|p1b: Incineroar|Intimidate|boost
|-unboost|p2a: Charizard|atk|1
|-unboost|p2b: Venusaur|atk|1
|turn|1
|inactive|mrsuaaaaj has 30 seconds left.
|
|t:|1782552349
|switch|p2a: Farigiraf|Farigiraf, L50, M|100/100
|switch|p2b: Incineroar|Incineroar, L50, F|100/100
|-ability|p2b: Incineroar|Intimidate|boost
|-unboost|p1a: Aerodactyl|atk|1
|-unboost|p1b: Incineroar|atk|1
|detailschange|p1a: Aerodactyl|Aerodactyl-Mega, L50, F
|-mega|p1a: Aerodactyl|Aerodactyl|Aerodactylite
|move|p1b: Incineroar|Fake Out||[still]
|cant|p2a: Farigiraf|ability: Armor Tail|Fake Out|[of] p1b: Incineroar
|move|p1a: Aerodactyl|Tailwind|p1a: Aerodactyl
|-sidestart|p1: asiermii|move: Tailwind
|
|upkeep
|turn|2
|inactive|asiermii has 30 seconds left.
|inactive|asiermii has 20 seconds left.
|inactive|asiermii has 15 seconds left.
|inactive|asiermii has 10 seconds left.
|inactive|asiermii has 5 seconds left.
|
|t:|1782552403
|switch|p1a: Rotom|Rotom-Wash, L50|100/100
|move|p2b: Incineroar|Fake Out|p1a: Rotom
|-damage|p1a: Rotom|91/100
|move|p1b: Incineroar|Throat Chop|p2a: Farigiraf
|-supereffective|p2a: Farigiraf|1
|-damage|p2a: Farigiraf|68/100
|-start|p2a: Farigiraf|Throat Chop|[silent]
|move|p2a: Farigiraf|Trick Room|p2a: Farigiraf
|-fieldstart|move: Trick Room|[of] p2a: Farigiraf
|
|-heal|p1a: Rotom|97/100|[from] item: Leftovers
|upkeep
|turn|3
|inactive|asiermii has 30 seconds left.
|inactive|mrsuaaaaj has 30 seconds left.
|
|t:|1782552438
|move|p1a: Rotom|Protect|p1a: Rotom
|-singleturn|p1a: Rotom|Protect
|move|p2a: Farigiraf|Psychic|p1a: Rotom
|-activate|p1a: Rotom|move: Protect
|move|p2b: Incineroar|Parting Shot|p1a: Rotom
|-activate|p1a: Rotom|move: Protect
|move|p1b: Incineroar|Throat Chop|p2a: Farigiraf
|-supereffective|p2a: Farigiraf|1
|-damage|p2a: Farigiraf|36/100
|-enditem|p2a: Farigiraf|Sitrus Berry|[eat]
|-heal|p2a: Farigiraf|61/100|[from] item: Sitrus Berry
|
|-heal|p1a: Rotom|100/100|[from] item: Leftovers
|-end|p2a: Farigiraf|Throat Chop|[silent]
|upkeep
|turn|4
|inactive|asiermii has 30 seconds left.
|
|t:|1782552464
|switch|p1a: Sinistcha|Sinistcha, L50|100/100
|move|p2a: Farigiraf|Psychic|p1a: Sinistcha
|-damage|p1a: Sinistcha|60/100
|move|p2b: Incineroar|Parting Shot|p1a: Sinistcha
|-unboost|p1a: Sinistcha|atk|1
|-unboost|p1a: Sinistcha|spa|1
|
|t:|1782552471
|switch|p2b: Charizard|Charizard, L50, F|100/100|[from] Parting Shot
|move|p1b: Incineroar|Throat Chop|p2a: Farigiraf
|-supereffective|p2a: Farigiraf|1
|-damage|p2a: Farigiraf|29/100
|-start|p2a: Farigiraf|Throat Chop|[silent]
|
|-sideend|p1: asiermii|move: Tailwind
|upkeep
|turn|5
|inactive|mrsuaaaaj has 30 seconds left.
|inactive|mrsuaaaaj has 20 seconds left.
|
|t:|1782552509
|switch|p2a: Venusaur|Venusaur, L50, M|100/100
|detailschange|p2b: Charizard|Charizard-Mega-Y, L50, F
|-mega|p2b: Charizard|Charizard|Charizardite Y
|-weather|SunnyDay|[from] ability: Drought|[of] p2b: Charizard
|move|p1a: Sinistcha|Protect|p1a: Sinistcha
|-singleturn|p1a: Sinistcha|Protect
|move|p1b: Incineroar|Parting Shot|p2b: Charizard
|-unboost|p2b: Charizard|atk|1
|-unboost|p2b: Charizard|spa|1
|
|t:|1782552527
|switch|p1b: Rotom|Rotom-Wash, L50|100/100|[from] Parting Shot
|move|p2b: Charizard|Heat Wave|p1b: Rotom|[spread] p1b
|-activate|p1a: Sinistcha|move: Protect
|-resisted|p1b: Rotom|1
|-damage|p1b: Rotom|77/100
|
|-weather|SunnyDay|[upkeep]
|-heal|p1b: Rotom|82/100|[from] item: Leftovers
|upkeep
|turn|6
|inactive|asiermii has 30 seconds left.
|inactive|mrsuaaaaj has 30 seconds left.
|
|t:|1782552557
|switch|p1a: Incineroar|Incineroar, L50, M, shiny|100/100
|-ability|p1a: Incineroar|Intimidate|boost
|-unboost|p2a: Venusaur|atk|1
|-unboost|p2b: Charizard|atk|1
|move|p1b: Rotom|Protect|p1b: Rotom
|-singleturn|p1b: Rotom|Protect
|move|p2b: Charizard|Heat Wave|p1a: Incineroar|[spread] p1a
|-activate|p1b: Rotom|move: Protect
|-resisted|p1a: Incineroar|1
|-damage|p1a: Incineroar|84/100
|move|p2a: Venusaur|Giga Drain|p1b: Rotom
|-activate|p1b: Rotom|move: Protect
|
|-weather|SunnyDay|[upkeep]
|-heal|p1b: Rotom|88/100|[from] item: Leftovers
|-fieldend|move: Trick Room
|upkeep
|turn|7
|inactive|mrsuaaaaj has 30 seconds left.
|
|t:|1782552583
|move|p1a: Incineroar|Fake Out|p2a: Venusaur
|-crit|p2a: Venusaur
|-damage|p2a: Venusaur|82/100
|cant|p2a: Venusaur|flinch
|move|p2b: Charizard|Solar Beam||[still]
|-prepare|p2b: Charizard|Solar Beam
|-anim|p2b: Charizard|Solar Beam|p1b: Rotom
|-supereffective|p1b: Rotom|1
|-damage|p1b: Rotom|19/100
|move|p1b: Rotom|Thunderbolt|p2b: Charizard
|-supereffective|p2b: Charizard|1
|-damage|p2b: Charizard|44/100
|-status|p2b: Charizard|par
|
|-weather|SunnyDay|[upkeep]
|-heal|p1b: Rotom|25/100|[from] item: Leftovers
|upkeep
|turn|8
|inactive|mrsuaaaaj has 30 seconds left.
|
|t:|1782552609
|move|p1b: Rotom|Protect|p1b: Rotom
|-singleturn|p1b: Rotom|Protect
|move|p2a: Venusaur|Earth Power|p1a: Incineroar
|-supereffective|p1a: Incineroar|1
|-damage|p1a: Incineroar|27/100
|-enditem|p1a: Incineroar|Sitrus Berry|[eat]
|-heal|p1a: Incineroar|52/100|[from] item: Sitrus Berry
|-damage|p2a: Venusaur|73/100|[from] item: Life Orb
|move|p1a: Incineroar|Flare Blitz|p2a: Venusaur
|-supereffective|p2a: Venusaur|1
|-damage|p2a: Venusaur|0 fnt
|faint|p2a: Venusaur
|-damage|p1a: Incineroar|30/100|[from] Recoil
|move|p2b: Charizard|Solar Beam||[still]
|-prepare|p2b: Charizard|Solar Beam
|-anim|p2b: Charizard|Solar Beam|p1b: Rotom
|-activate|p1b: Rotom|move: Protect
|
|-weather|SunnyDay|[upkeep]
|-heal|p1b: Rotom|31/100|[from] item: Leftovers
|upkeep
|
|t:|1782552629
|switch|p2a: Incineroar|Incineroar, L50, F|100/100
|-ability|p2a: Incineroar|Intimidate|boost
|-unboost|p1a: Incineroar|atk|1
|-unboost|p1b: Rotom|atk|1
|turn|9
|
|t:|1782552653
|switch|p1b: Sinistcha|Sinistcha, L50|60/100
|-heal|p1a: Incineroar|54/100|[from] ability: Hospitality|[of] p1b: Sinistcha
|cant|p2b: Charizard|par
|move|p2a: Incineroar|Flare Blitz|p1b: Sinistcha
|-supereffective|p1b: Sinistcha|1
|-damage|p1b: Sinistcha|0 fnt
|faint|p1b: Sinistcha
|-damage|p2a: Incineroar|82/100|[from] Recoil
|move|p1a: Incineroar|Parting Shot|p2b: Charizard
|-unboost|p2b: Charizard|atk|1
|-unboost|p2b: Charizard|spa|1
|
|t:|1782552667
|switch|p1a: Aerodactyl|Aerodactyl-Mega, L50, F|100/100|[from] Parting Shot
|
|-weather|none
|upkeep
|
|t:|1782552672
|switch|p1b: Incineroar|Incineroar, L50, M, shiny|54/100
|-ability|p1b: Incineroar|Intimidate|boost
|-unboost|p2a: Incineroar|atk|1
|-unboost|p2b: Charizard|atk|1
|turn|10
|inactive|mrsuaaaaj has 30 seconds left.
|
|t:|1782552706
|switch|p2b: Farigiraf|Farigiraf, L50, M|29/100
|move|p1a: Aerodactyl|Rock Slide|p2b: Farigiraf|[spread] p2a,p2b
|-supereffective|p2a: Incineroar|1
|-damage|p2a: Incineroar|28/100
|-damage|p2b: Farigiraf|6/100
|move|p2a: Incineroar|Parting Shot|p1a: Aerodactyl
|-unboost|p1a: Aerodactyl|atk|1
|-unboost|p1a: Aerodactyl|spa|1
|
|t:|1782552716
|switch|p2a: Charizard|Charizard-Mega-Y, L50, F|44/100 par|[from] Parting Shot
|-weather|SunnyDay|[from] ability: Drought|[of] p2a: Charizard
|move|p1b: Incineroar|Throat Chop|p2a: Charizard
|-damage|p2a: Charizard|6/100 par
|-start|p2a: Charizard|Throat Chop|[silent]
|
|-weather|SunnyDay|[upkeep]
|upkeep
|turn|11
|c|☆mrsuaaaaj|gg
|-message|mrsuaaaaj forfeited.
|
|win|asiermii
||asiermii is ready for game 2.
|inactive|mrsuaaaaj has 30 seconds to confirm battle start!
||mrsuaaaaj is ready for game 2.
|uhtml|next|Next: Game 2 of 3
