|j|☆Avocadobabyyy
|j|☆liamvgc1
|html|Avocadobabyyyliamvgc1    
|uhtml|bestof|Game 1 of a best-of-3
|t:|1757854310
|gametype|doubles
|player|p1|Avocadobabyyy|dawn|1278
|player|p2|liamvgc1|unknown|1467
|gen|9
|tier|[Gen 9] VGC 2025 Reg H (Bo3)
|rated|
|rule|Species Clause: Limit one of each Pokémon
|rule|Item Clause: Limit 1 of each item
|clearpoke
|poke|p1|Archaludon, L50, M|
|poke|p1|Kingdra, L50, F|
|poke|p1|Politoed, L50, F|
|poke|p1|Incineroar, L50, F|
|poke|p1|Gothitelle, L50, F|
|poke|p1|Amoonguss, L50, M|
|poke|p2|Incineroar, L50, F|
|poke|p2|Gholdengo, L50|
|poke|p2|Whimsicott, L50, F|
|poke|p2|Dragonite, L50, F|
|poke|p2|Garchomp, L50, F|
|poke|p2|Sneasler, L50, F|
|teampreview|4
|showteam|p1|Archaludon||PowerHerb|Sturdy|Protect,ElectroShot,FlashCannon,DragonPulse|||M|||50|,,,,,Electric]Kingdra||LifeOrb|SwiftSwim|Protect,DracoMeteor,WeatherBall,MuddyWater|||F|||50|,,,,,Stellar]Politoed||Leftovers|Drizzle|Protect,WeatherBall,PerishSong,Encore|||F|||50|,,,,,Grass]Incineroar||SafetyGoggles|Intimidate|FakeOut,KnockOff,PartingShot,Protect|||F|||50|,,,,,Ghost]Gothitelle||SitrusBerry|ShadowTag|Protect,Psychic,FakeOut,TrickRoom|||F|||50|,,,,,Dark]Amoonguss||EjectButton|Regenerator|Protect,RagePowder,Spore,PollenPuff|||M|||50|,,,,,Fairy
|showteam|p2|Incineroar||AssaultVest|Intimidate|FakeOut,KnockOff,FlareBlitz,Uturn|||F|||50|,,,,,Ghost]Gholdengo||ChoiceSpecs|GoodasGold|MakeItRain,ShadowBall,PowerGem,Trick||||||50|,,,,,Steel]Whimsicott||FocusSash|Prankster|Tailwind,Encore,Protect,Moonblast|||F|||50|,,,,,Ghost]Dragonite||ChoiceBand|InnerFocus|Outrage,StompingTantrum,ExtremeSpeed,IceSpinner|||F|||50|,,,,,Normal]Garchomp||LifeOrb|RoughSkin|Earthquake,StompingTantrum,DragonClaw,Protect|||F|||50|,,,,,Ground]Sneasler||WhiteHerb|Unburden|FakeOut,DireClaw,CloseCombat,Protect|||F|||50|,,,,,Stellar
|inactive|Battle timer is ON: inactive players will automatically lose when time's up. (requested by liamvgc1)
|inactive|liamvgc1 has 60 seconds left.
|inactive|liamvgc1 has 30 seconds left.
|inactive|liamvgc1 has 20 seconds left.
|inactive|liamvgc1 has 15 seconds left.
|inactive|liamvgc1 has 10 seconds left.
|inactive|liamvgc1 has 5 seconds left.
|
|t:|1757854396
|teamsize|p1|4
|teamsize|p2|4
|start
|switch|p1a: Archaludon|Archaludon, L50, M|100/100
|switch|p1b: Gothitelle|Gothitelle, L50, F|100/100
|switch|p2a: Gholdengo|Gholdengo, L50|100/100
|switch|p2b: Whimsicott|Whimsicott, L50, F|100/100
|turn|1
|
|t:|1757854418
|switch|p2a: Garchomp|Garchomp, L50, F|100/100
|-terastallize|p2b: Whimsicott|Ghost
|-terastallize|p1a: Archaludon|Electric
|move|p1b: Gothitelle|Fake Out|p2b: Whimsicott
|-immune|p2b: Whimsicott
|move|p2b: Whimsicott|Moonblast|p1a: Archaludon
|-damage|p1a: Archaludon|46/100
|-unboost|p1a: Archaludon|spa|1
|move|p1a: Archaludon|Electro Shot||[still]
|-prepare|p1a: Archaludon|Electro Shot
|-boost|p1a: Archaludon|spa|1
|-enditem|p1a: Archaludon|Power Herb
|-anim|p1a: Archaludon|Electro Shot|p2a: Garchomp
|-immune|p2a: Garchomp
|
|upkeep
|turn|2
|inactive|Avocadobabyyy has 30 seconds left.
|
|t:|1757854448
|switch|p1a: Incineroar|Incineroar, L50, F|100/100
|-ability|p1a: Incineroar|Intimidate|boost
|-unboost|p2a: Garchomp|atk|1
|-unboost|p2b: Whimsicott|atk|1
|move|p2b: Whimsicott|Protect|p2b: Whimsicott
|-singleturn|p2b: Whimsicott|Protect
|move|p1b: Gothitelle|Protect|p1b: Gothitelle
|-singleturn|p1b: Gothitelle|Protect
|move|p2a: Garchomp|Earthquake|p1a: Incineroar|[spread] p1a
|-activate|p2b: Whimsicott|move: Protect
|-activate|p1b: Gothitelle|move: Protect
|-supereffective|p1a: Incineroar
|-damage|p1a: Incineroar|35/100
|-damage|p2a: Garchomp|91/100|[from] item: Life Orb
|
|upkeep
|turn|3
|
|t:|1757854467
|move|p1a: Incineroar|Fake Out|p2a: Garchomp
|-damage|p2a: Garchomp|80/100
|-damage|p1a: Incineroar|22/100|[from] ability: Rough Skin|[of] p2a: Garchomp
|move|p2b: Whimsicott|Moonblast|p1b: Gothitelle
|-damage|p1b: Gothitelle|72/100
|cant|p2a: Garchomp|flinch
|move|p1b: Gothitelle|Trick Room|p1b: Gothitelle
|-fieldstart|move: Trick Room|[of] p1b: Gothitelle
|
|upkeep
|turn|4
|
|t:|1757854492
|move|p2b: Whimsicott|Encore|p1b: Gothitelle
|-start|p1b: Gothitelle|Encore
|move|p1a: Incineroar|Parting Shot|p2a: Garchomp
|-unboost|p2a: Garchomp|atk|1
|-unboost|p2a: Garchomp|spa|1
|
|t:|1757854498
|switch|p1a: Politoed|Politoed, L50, F|100/100|[from] Parting Shot
|-weather|RainDance|[from] ability: Drizzle|[of] p1a: Politoed
|move|p1b: Gothitelle|Trick Room|p1b: Gothitelle
|-fieldend|move: Trick Room
|move|p2a: Garchomp|Stomping Tantrum|p1a: Politoed
|-damage|p1a: Politoed|43/100
|-damage|p2a: Garchomp|71/100|[from] item: Life Orb
|
|-weather|RainDance|[upkeep]
|-heal|p1a: Politoed|49/100|[from] item: Leftovers
|upkeep
|turn|5
|inactive|Avocadobabyyy has 30 seconds left.
|
|t:|1757854529
|move|p2b: Whimsicott|Moonblast|p1a: Politoed
|-damage|p1a: Politoed|22/100
|move|p2a: Garchomp|Stomping Tantrum|p1a: Politoed
|-damage|p1a: Politoed|0 fnt
|faint|p1a: Politoed
|-damage|p2a: Garchomp|61/100|[from] item: Life Orb
|move|p1b: Gothitelle|Trick Room|p1b: Gothitelle
|-fieldstart|move: Trick Room|[of] p1b: Gothitelle
|
|-weather|RainDance|[upkeep]
|upkeep
|-message|Avocadobabyyy forfeited.
|
|win|liamvgc1
|l|☆Avocadobabyyy
|player|p1|
||Avocadobabyyy is ready for game 2.
||liamvgc1 is ready for game 2.
|uhtml|next|Next: Game 2 of 3
