|j|☆chefbenboyrd
|j|☆filibbb
|html|chefbenboyrdfilibbb    
|uhtml|bestof|Game 2 of a best-of-3
|t:|1757023877
|gametype|doubles
|player|p1|chefbenboyrd|brawly|1111
|player|p2|filibbb|169|1051
|gen|9
|tier|[Gen 9] VGC 2025 Reg H (Bo3)
|rated|
|rule|Species Clause: Limit one of each Pokémon
|rule|Item Clause: Limit 1 of each item
|clearpoke
|poke|p1|Whimsicott, L50, F|
|poke|p1|Hydreigon, L50, F|
|poke|p1|Incineroar, L50, F|
|poke|p1|Gholdengo, L50|
|poke|p1|Annihilape, L50, F|
|poke|p1|Basculegion, L50, M|
|poke|p2|Porygon2, L50|
|poke|p2|Incineroar, L50, M|
|poke|p2|Amoonguss, L50, M|
|poke|p2|Ursaluna, L50, M|
|poke|p2|Pelipper, L50, M|
|poke|p2|Archaludon, L50, F|
|teampreview|4
|showteam|p1|Whimsicott||FocusSash|Prankster|SunnyDay,Encore,Tailwind,Moonblast|||F|||50|,,,,,Ghost]Hydreigon||ChoiceSpecs|Levitate|HeatWave,DracoMeteor,Snarl,DarkPulse|||F|||50|,,,,,Fire]Incineroar||SafetyGoggles|Intimidate|KnockOff,FakeOut,PartingShot,FlareBlitz|||F|||50|,,,,,Ghost]Gholdengo||LifeOrb|GoodasGold|Protect,MakeItRain,ShadowBall,NastyPlot||||||50|,,,,,Water]Annihilape||SitrusBerry|Defiant|Protect,Taunt,RageFist,DrainPunch|||F|||50|,,,,,Fire]Basculegion||ChoiceScarf|Adaptability|LastRespects,WaveCrash,AquaJet,FlipTurn|||M|||50|,,,,,Water
|showteam|p2|Porygon2||Eviolite|Download|TeraBlast,IceBeam,Recover,TrickRoom||||||50|,,,,,Fairy]Incineroar||SafetyGoggles|Intimidate|FakeOut,PartingShot,KnockOff,FlareBlitz|||M|||50|,,,,,Ghost]Amoonguss||SitrusBerry|Regenerator|PollenPuff,Spore,RagePowder,ClearSmog|||M|||50|,,,,,Dark]Ursaluna||FlameOrb|Guts|Facade,HeadlongRush,Substitute,Protect|||M|||50|,,,,,Dragon]Pelipper||LifeOrb|Drizzle|WeatherBall,Hurricane,WideGuard,Protect|||M|||50|,,,,,Ghost]Archaludon||AssaultVest|Stamina|ElectroShot,DracoMeteor,FlashCannon,BodyPress|||F|||50|,,,,,Grass
|inactive|Battle timer is ON: inactive players will automatically lose when time's up. (requested by chefbenboyrd)
|
|t:|1757023912
|teamsize|p1|4
|teamsize|p2|4
|start
|switch|p1a: Whimsicott|Whimsicott, L50, F|100/100
|switch|p1b: Hydreigon|Hydreigon, L50, F|100/100
|switch|p2a: Porygon2|Porygon2, L50|100/100
|switch|p2b: Incineroar|Incineroar, L50, M|100/100
|-ability|p2b: Incineroar|Intimidate|boost
|-unboost|p1a: Whimsicott|atk|1
|-unboost|p1b: Hydreigon|atk|1
|-ability|p2a: Porygon2|Download|boost
|-boost|p2a: Porygon2|spa|1
|turn|1
|inactive|chefbenboyrd has 30 seconds left.
|inactive|filibbb has 30 seconds left.
|
|t:|1757023946
|switch|p1a: Annihilape|Annihilape, L50, F|100/100
|switch|p1b: Gholdengo|Gholdengo, L50|100/100
|-terastallize|p2a: Porygon2|Fairy
|move|p2b: Incineroar|Fake Out|p1b: Gholdengo
|-immune|p1b: Gholdengo
|move|p2a: Porygon2|Tera Blast|p1b: Gholdengo|[anim] Tera Blast Fairy
|-resisted|p1b: Gholdengo
|-damage|p1b: Gholdengo|72/100
|
|upkeep
|turn|2
|
|t:|1757023965
|move|p1a: Annihilape|Drain Punch|p2b: Incineroar
|-supereffective|p2b: Incineroar
|-damage|p2b: Incineroar|43/100
|move|p1b: Gholdengo|Make It Rain|p2a: Porygon2|[spread] p2a,p2b
|-supereffective|p2a: Porygon2
|-resisted|p2b: Incineroar
|-damage|p2a: Porygon2|35/100
|-damage|p2b: Incineroar|21/100
|-unboost|p1b: Gholdengo|spa|1
|-damage|p1b: Gholdengo|63/100|[from] item: Life Orb
|move|p2b: Incineroar|Parting Shot|p1b: Gholdengo
|-immune|p1b: Gholdengo|[from] ability: Good as Gold
|move|p2a: Porygon2|Trick Room|p2a: Porygon2
|-fieldstart|move: Trick Room|[of] p2a: Porygon2
|
|upkeep
|turn|3
|
|t:|1757023986
|move|p1b: Gholdengo|Protect|p1b: Gholdengo
|-singleturn|p1b: Gholdengo|Protect
|move|p1a: Annihilape|Protect|p1a: Annihilape
|-singleturn|p1a: Annihilape|Protect
|move|p2a: Porygon2|Recover|p2a: Porygon2
|-heal|p2a: Porygon2|85/100
|move|p2b: Incineroar|Flare Blitz|p1b: Gholdengo
|-activate|p1b: Gholdengo|move: Protect
|
|upkeep
|turn|4
|
|t:|1757024007
|switch|p2a: Amoonguss|Amoonguss, L50, M|100/100
|switch|p2b: Ursaluna|Ursaluna, L50, M, shiny|100/100
|-terastallize|p1b: Gholdengo|Water
|move|p1b: Gholdengo|Nasty Plot|p1b: Gholdengo
|-boost|p1b: Gholdengo|spa|2
|move|p1a: Annihilape|Drain Punch|p2b: Ursaluna
|-supereffective|p2b: Ursaluna
|-damage|p2b: Ursaluna|52/100
|
|-status|p2b: Ursaluna|brn|[from] item: Flame Orb
|upkeep
|turn|5
|inactive|chefbenboyrd has 30 seconds left.
|
|t:|1757024037
|switch|p1b: Whimsicott|Whimsicott, L50, F|100/100
|move|p1a: Annihilape|Protect|p1a: Annihilape
|-singleturn|p1a: Annihilape|Protect
|move|p2a: Amoonguss|Spore|p1a: Annihilape
|-activate|p1a: Annihilape|move: Protect
|move|p2b: Ursaluna|Facade|p1b: Whimsicott
|-enditem|p1b: Whimsicott|Focus Sash
|-damage|p1b: Whimsicott|1/100
|
|-damage|p2b: Ursaluna|46/100 brn|[from] brn
|upkeep
|turn|6
|
|t:|1757024061
|switch|p1a: Gholdengo|Gholdengo, L50, tera:Water|63/100
|move|p2a: Amoonguss|Rage Powder|p2a: Amoonguss
|-singleturn|p2a: Amoonguss|move: Rage Powder
|move|p1b: Whimsicott|Encore|p2b: Ursaluna
|-start|p2b: Ursaluna|Encore
|move|p2b: Ursaluna|Facade|p1a: Gholdengo
|-damage|p1a: Gholdengo|0 fnt
|faint|p1a: Gholdengo
|
|-damage|p2b: Ursaluna|40/100 brn|[from] brn
|-fieldend|move: Trick Room
|upkeep
|
|t:|1757024071
|switch|p1a: Annihilape|Annihilape, L50, F|100/100
|turn|7
|
|t:|1757024080
|move|p1b: Whimsicott|Encore|p2a: Amoonguss
|-start|p2a: Amoonguss|Encore
|move|p1a: Annihilape|Drain Punch|p2b: Ursaluna
|-supereffective|p2b: Ursaluna
|-damage|p2b: Ursaluna|0 fnt
|faint|p2b: Ursaluna
|move|p2a: Amoonguss|Rage Powder|p2a: Amoonguss
|-singleturn|p2a: Amoonguss|move: Rage Powder
|
|upkeep
|
|t:|1757024091
|switch|p2b: Incineroar|Incineroar, L50, M|21/100
|-ability|p2b: Incineroar|Intimidate|boost
|-unboost|p1a: Annihilape|atk|1
|-ability|p1a: Annihilape|Defiant|boost
|-boost|p1a: Annihilape|atk|2
|-unboost|p1b: Whimsicott|atk|1
|turn|8
|
|t:|1757024112
|switch|p1b: Hydreigon|Hydreigon, L50, F|100/100
|switch|p2a: Porygon2|Porygon2, L50, tera:Fairy|85/100
|-ability|p2a: Porygon2|Download|boost
|-boost|p2a: Porygon2|atk|1
|move|p2b: Incineroar|Fake Out|p1b: Hydreigon
|-damage|p1b: Hydreigon|88/100
|move|p1a: Annihilape|Taunt|p2a: Porygon2
|-start|p2a: Porygon2|move: Taunt
|
|upkeep
|turn|9
|
|t:|1757024137
|switch|p2b: Amoonguss|Amoonguss, L50, M|100/100
|move|p1a: Annihilape|Protect|p1a: Annihilape
|-singleturn|p1a: Annihilape|Protect
|move|p1b: Hydreigon|Heat Wave|p2a: Porygon2|[spread] p2a
|-miss|p1b: Hydreigon|p2b: Amoonguss
|-damage|p2a: Porygon2|60/100
|move|p2a: Porygon2|Tera Blast|p1b: Hydreigon|[anim] Tera Blast Fairy
|-supereffective|p1b: Hydreigon
|-damage|p1b: Hydreigon|0 fnt
|faint|p1b: Hydreigon
|
|upkeep
|
|t:|1757024147
|switch|p1b: Whimsicott|Whimsicott, L50, F|1/100
|turn|10
|
|t:|1757024165
|move|p1b: Whimsicott|Moonblast|p2a: Porygon2
|-damage|p2a: Porygon2|38/100
|move|p1a: Annihilape|Taunt|p2b: Amoonguss
|-start|p2b: Amoonguss|move: Taunt
|move|p2a: Porygon2|Tera Blast|p1a: Annihilape|[anim] Tera Blast Fairy
|-supereffective|p1a: Annihilape
|-damage|p1a: Annihilape|34/100
|-enditem|p1a: Annihilape|Sitrus Berry|[eat]
|-heal|p1a: Annihilape|59/100|[from] item: Sitrus Berry
|cant|p2b: Amoonguss|move: Taunt|Spore
|
|-end|p2a: Porygon2|move: Taunt
|upkeep
|turn|11
|inactive|chefbenboyrd has 30 seconds left.
|inactive|chefbenboyrd has 20 seconds left.
|
|t:|1757024202
|move|p1b: Whimsicott|Moonblast|p2a: Porygon2
|-damage|p2a: Porygon2|16/100
|move|p1a: Annihilape|Rage Fist|p2a: Porygon2
|-damage|p2a: Porygon2|0 fnt
|faint|p2a: Porygon2
|move|p2b: Amoonguss|Clear Smog|p1b: Whimsicott
|-supereffective|p1b: Whimsicott
|-damage|p1b: Whimsicott|0 fnt
|-clearboost|p1b: Whimsicott
|faint|p1b: Whimsicott
|
|upkeep
|
|t:|1757024216
|switch|p2a: Incineroar|Incineroar, L50, M|21/100
|-ability|p2a: Incineroar|Intimidate|boost
|-unboost|p1a: Annihilape|atk|1
|-ability|p1a: Annihilape|Defiant|boost
|-boost|p1a: Annihilape|atk|2
|turn|12
|
|t:|1757024231
|move|p1a: Annihilape|Rage Fist|p2b: Amoonguss
|-damage|p2b: Amoonguss|38/100
|-enditem|p2b: Amoonguss|Sitrus Berry|[eat]
|-heal|p2b: Amoonguss|62/100|[from] item: Sitrus Berry
|move|p2a: Incineroar|Flare Blitz|p1a: Annihilape
|-damage|p1a: Annihilape|16/100
|-damage|p2a: Incineroar|6/100|[from] Recoil
|move|p2b: Amoonguss|Clear Smog|p1a: Annihilape
|-resisted|p1a: Annihilape
|-damage|p1a: Annihilape|9/100
|-clearboost|p1a: Annihilape
|
|-end|p2b: Amoonguss|move: Taunt
|upkeep
|turn|13
|
|t:|1757024253
|move|p1a: Annihilape|Drain Punch|p2a: Incineroar
|-supereffective|p2a: Incineroar
|-damage|p2a: Incineroar|0 fnt
|-heal|p1a: Annihilape|12/100|[from] drain|[of] p2a: Incineroar
|faint|p2a: Incineroar
|move|p2b: Amoonguss|Spore|p1a: Annihilape
|-status|p1a: Annihilape|slp|[from] move: Spore
|
|upkeep
|turn|14
|
|t:|1757024264
|cant|p1a: Annihilape|slp
|move|p2b: Amoonguss|Clear Smog|p1a: Annihilape
|-resisted|p1a: Annihilape
|-damage|p1a: Annihilape|5/100 slp
|-clearboost|p1a: Annihilape
|
|upkeep
|turn|15
|
|t:|1757024272
|-curestatus|p1a: Annihilape|slp|[msg]
|move|p1a: Annihilape|Drain Punch|p2b: Amoonguss
|-resisted|p2b: Amoonguss
|-damage|p2b: Amoonguss|52/100
|-heal|p1a: Annihilape|10/100|[from] drain|[of] p2b: Amoonguss
|move|p2b: Amoonguss|Clear Smog|p1a: Annihilape
|-resisted|p1a: Annihilape
|-damage|p1a: Annihilape|3/100
|-clearboost|p1a: Annihilape
|
|upkeep
|turn|16
|
|t:|1757024285
|move|p1a: Annihilape|Taunt|p2b: Amoonguss
|-start|p2b: Amoonguss|move: Taunt
|move|p2b: Amoonguss|Clear Smog|p1a: Annihilape
|-resisted|p1a: Annihilape
|-damage|p1a: Annihilape|0 fnt
|-clearboost|p1a: Annihilape
|faint|p1a: Annihilape
|
|win|filibbb
