|j|☆SunshineTufo
|j|☆teyvgc
|html|SunshineTufoteyvgc    
|uhtml|bestof|Game 1 of a best-of-3
|t:|1785263998
|gametype|doubles
|player|p1|SunshineTufo|li|1175
|player|p2|teyvgc|rood|1263
|gen|9
|tier|[Gen 9 Champions] VGC 2026 Reg M-B (Bo3)
|rated|
|rule|Species Clause: Limit one of each Pokémon
|rule|Item Clause: Limit 1 of each item
|clearpoke
|poke|p1|Espathra, L50, M, shiny|
|poke|p1|Charizard, L50, M, shiny|
|poke|p1|Garchomp, L50, M, shiny|
|poke|p1|Aerodactyl, L50, M, shiny|
|poke|p1|Tsareena, L50, F|
|poke|p1|Milotic, L50, F|
|poke|p2|Kingambit, L50, F|
|poke|p2|Garchomp, L50, F|
|poke|p2|Farigiraf, L50, F|
|poke|p2|Charizard, L50, M|
|poke|p2|Sylveon, L50, F|
|poke|p2|Aerodactyl, L50, M|
|teampreview|4
|showteam|p1|Espathra||FocusSash|SpeedBoost|LuminaCrash,SkillSwap,Protect|Modest||M|||50|]Charizard||CharizarditeY|SolarPower|HeatWave,WeatherBall,SolarBeam,Protect|Modest||M|||50|]Garchomp||LifeOrb|RoughSkin|Protect,RockSlide,DragonClaw,Earthquake|Adamant||M|||50|]Aerodactyl||Aerodactylite|Unnerve|WideGuard,RockSlide,DualWingbeat,Tailwind|Jolly||M|||50|]Tsareena||WideLens|QueenlyMajesty|TripleAxel,TropKick,Taunt,Protect|Adamant||F|||50|]Milotic||Leftovers|Competitive|Scald,IceBeam,Recover,Protect|Calm||F|||50|
|showteam|p2|Kingambit||BlackGlasses|Defiant|Protect,IronHead,SuckerPunch,KowtowCleave|Brave||F|||50|]Garchomp||LifeOrb|RoughSkin|DragonClaw,Earthquake,RockSlide,Protect|Jolly||F|||50|]Farigiraf||SitrusBerry|ArmorTail|TwinBeam,Thunderbolt,TrickRoom,HelpingHand|Bold||F|||50|]Charizard||CharizarditeY|Blaze|Protect,HeatWave,SolarBeam,WeatherBall|Modest||M|||50|]Sylveon||FairyFeather|Pixilate|Detect,HyperBeam,HyperVoice,QuickAttack|Modest||F|||50|]Aerodactyl||Aerodactylite|Unnerve|WideGuard,RockSlide,DualWingbeat,Tailwind|Jolly||M|||50|
|inactive|Battle timer is ON: inactive players will automatically lose when time's up. (requested by SunshineTufo)
|inactive|SunshineTufo has 60 seconds left.
|inactive|teyvgc has 60 seconds left.
|
|t:|1785264057
|teamsize|p1|4
|teamsize|p2|4
|start
|switch|p1a: Aerodactyl|Aerodactyl, L50, M, shiny|100/100
|switch|p1b: Tsareena|Tsareena, L50, F|100/100
|switch|p2a: Sarah|Farigiraf, L50, F|100/100
|switch|p2b: One Wish Willow|Sylveon, L50, F|100/100
|-ability|p1a: Aerodactyl|Unnerve
|turn|1
|
|t:|1785264071
|move|p1a: Aerodactyl|Rock Slide|p2a: Sarah|[spread] p2a,p2b
|-damage|p2a: Sarah|85/100
|-damage|p2b: One Wish Willow|75/100
|move|p1b: Tsareena|Taunt|p2a: Sarah
|-start|p2a: Sarah|move: Taunt
|move|p2b: One Wish Willow|Hyper Voice|p1a: Aerodactyl|[spread] p1a,p1b
|-damage|p1a: Aerodactyl|42/100
|-damage|p1b: Tsareena|42/100
|cant|p2a: Sarah|move: Taunt|Trick Room
|
|upkeep
|turn|2
|
|t:|1785264089
|switch|p2a: Bear|Kingambit, L50, F|100/100
|move|p1a: Aerodactyl|Tailwind|p1a: Aerodactyl
|-sidestart|p1: SunshineTufo|move: Tailwind
|move|p1b: Tsareena|Trop Kick|p2b: One Wish Willow
|-damage|p2b: One Wish Willow|25/100
|-unboost|p2b: One Wish Willow|atk|1
|move|p2b: One Wish Willow|Hyper Voice|p1b: Tsareena|[spread] p1a,p1b
|-damage|p1a: Aerodactyl|0 fnt
|-damage|p1b: Tsareena|0 fnt
|faint|p1a: Aerodactyl
|faint|p1b: Tsareena
|
|upkeep
|
|t:|1785264091
|switch|p1a: Charizard|Charizard, L50, M, shiny|100/100
|switch|p1b: Garchomp|Garchomp, L50, M, shiny|100/100
|turn|3
|inactive|teyvgc has 30 seconds left.
|inactive|teyvgc has 20 seconds left.
|inactive|teyvgc has 15 seconds left.
|inactive|teyvgc has 10 seconds left.
|inactive|teyvgc has 5 seconds left.
|
|t:|1785264144
|detailschange|p1a: Charizard|Charizard-Mega-Y, L50, M, shiny
|-mega|p1a: Charizard|Charizard|Charizardite Y
|-weather|SunnyDay|[from] ability: Drought|[of] p1a: Charizard
|move|p1b: Garchomp|Protect|p1b: Garchomp
|-singleturn|p1b: Garchomp|Protect
|move|p2b: One Wish Willow|Detect|p2b: One Wish Willow
|-singleturn|p2b: One Wish Willow|Protect
|move|p2a: Bear|Sucker Punch|p1a: Charizard
|-crit|p1a: Charizard
|-damage|p1a: Charizard|23/100
|move|p1a: Charizard|Heat Wave|p2b: One Wish Willow|[spread] p2a
|-activate|p2b: One Wish Willow|move: Protect
|-supereffective|p2a: Bear|1
|-damage|p2a: Bear|0 fnt
|faint|p2a: Bear
|
|-weather|SunnyDay|[upkeep]
|upkeep
|
|t:|1785264159
|switch|p2a: Sarah|Farigiraf, L50, F|85/100
|turn|4
|
|t:|1785264182
|switch|p2b: Nikki|Charizard, L50, M|100/100
|move|p1b: Garchomp|Earthquake|p2b: Nikki|[spread] p2a
|-immune|p1a: Charizard
|-immune|p2b: Nikki
|-damage|p2a: Sarah|45/100
|-enditem|p2a: Sarah|Sitrus Berry|[eat]
|-heal|p2a: Sarah|70/100|[from] item: Sitrus Berry
|-damage|p1b: Garchomp|90/100|[from] item: Life Orb
|move|p1a: Charizard|Weather Ball|p2a: Sarah
|-damage|p2a: Sarah|0 fnt
|faint|p2a: Sarah
|
|-weather|SunnyDay|[upkeep]
|upkeep
|
|t:|1785264195
|switch|p2a: One Wish Willow|Sylveon, L50, F|25/100
|turn|5
|
|t:|1785264213
|move|p2b: Nikki|Protect|p2b: Nikki
|-singleturn|p2b: Nikki|Protect
|move|p2a: One Wish Willow|Detect|p2a: One Wish Willow
|-singleturn|p2a: One Wish Willow|Protect
|move|p1b: Garchomp|Rock Slide|p2a: One Wish Willow|[spread] 
|-activate|p2a: One Wish Willow|move: Protect
|-activate|p2b: Nikki|move: Protect
|move|p1a: Charizard|Heat Wave|p2a: One Wish Willow|[spread] 
|-activate|p2a: One Wish Willow|move: Protect
|-activate|p2b: Nikki|move: Protect
|
|-weather|SunnyDay|[upkeep]
|-sideend|p1: SunshineTufo|move: Tailwind
|upkeep
|turn|6
|
|t:|1785264219
|detailschange|p2b: Nikki|Charizard-Mega-Y, L50, M
|-mega|p2b: Nikki|Charizard|Charizardite Y
|move|p2a: One Wish Willow|Quick Attack|p1b: Garchomp
|-supereffective|p1b: Garchomp|1
|-damage|p1b: Garchomp|66/100
|-damage|p2a: One Wish Willow|13/100|[from] ability: Rough Skin|[of] p1b: Garchomp
|move|p1b: Garchomp|Rock Slide|p2a: One Wish Willow|[spread] p2a,p2b
|-supereffective|p2b: Nikki|2
|-damage|p2a: One Wish Willow|0 fnt
|-damage|p2b: Nikki|2/100
|faint|p2a: One Wish Willow
|-damage|p1b: Garchomp|56/100|[from] item: Life Orb
|move|p1a: Charizard|Weather Ball|p2b: Nikki
|-resisted|p2b: Nikki|1
|-damage|p2b: Nikki|0 fnt
|faint|p2b: Nikki
|
|win|SunshineTufo
