|j|☆mike6972
|j|☆15Hugs
|html|mike697215Hugs    
|uhtml|bestof|Game 3 of a best-of-3
|t:|1784828719
|gametype|doubles
|player|p1|mike6972|265|1139
|player|p2|15Hugs|ingo|1040
|gen|9
|tier|[Gen 9 Champions] VGC 2026 Reg M-B (Bo3)
|rated|
|rule|Species Clause: Limit one of each Pokémon
|rule|Item Clause: Limit 1 of each item
|clearpoke
|poke|p1|Delphox, L50, F|
|poke|p1|Whimsicott, L50, M|
|poke|p1|Incineroar, L50, M|
|poke|p1|Sylveon, L50, M|
|poke|p1|Basculegion, L50, M|
|poke|p1|Garchomp, L50, F|
|poke|p2|Mawile, L50, F|
|poke|p2|Sneasler, L50, M|
|poke|p2|Raichu, L50, F|
|poke|p2|Hydreigon, L50, F|
|poke|p2|Farigiraf, L50, F, shiny|
|poke|p2|Ceruledge, L50, M|
|teampreview|4
|showteam|p1|Delphox||Delphoxite|Blaze|HeatWave,Psychic,NastyPlot,Protect|Timid||F|||50|]Whimsicott||FocusSash|Prankster|Tailwind,Protect,Encore,Moonblast|Bold||M|||50|]Incineroar||ShucaBerry|Intimidate|HelpingHand,FlareBlitz,FakeOut,PartingShot|Impish||M|||50|]Sylveon||FairyFeather|Pixilate|Protect,HyperVoice,Yawn,HyperBeam|Modest||M|||50|]Basculegion||ChoiceScarf|Adaptability|AquaJet,WaveCrash,FlipTurn,LastRespects|Adamant||M|||50|]Garchomp||LifeOrb|RoughSkin|Protect,Earthquake,DragonClaw,RockSlide|Adamant||F|||50|
|showteam|p2|Mawile||Mawilite|Intimidate|Protect,PlayRough,IronHead,RockSlide|Brave||F|||50|]Sneasler||WhiteHerb|Unburden|FakeOut,Coaching,CloseCombat,DireClaw|Jolly||M|||50|]Raichu||RaichuniteY|LightningRod|Protect,FakeOut,ZapCannon,FocusBlast|Timid||F|||50|]Hydreigon||ChoiceScarf|Levitate|DracoMeteor,Snarl,DarkPulse,EarthPower|Timid||F|||50|]Farigiraf||SitrusBerry|ArmorTail|TrickRoom,HelpingHand,FoulPlay,Psychic|Relaxed||F|||50|]Ceruledge||LifeOrb|FlashFire|Protect,ShadowSneak,Poltergeist,BitterBlade|Brave||M|||50|
|inactive|Battle timer is ON: inactive players will automatically lose when time's up. (requested by 15Hugs)
|inactive|mike6972 has 60 seconds left.
|inactive|15Hugs has 60 seconds left.
|
|t:|1784828756
|teamsize|p1|4
|teamsize|p2|4
|start
|switch|p1a: Sylveon|Sylveon, L50, M|100/100
|switch|p1b: Incineroar|Incineroar, L50, M|100/100
|switch|p2a: Hydreigon|Hydreigon, L50, F|100/100
|switch|p2b: Sneasler|Sneasler, L50, M|100/100
|-ability|p1b: Incineroar|Intimidate|boost
|-unboost|p2a: Hydreigon|atk|1
|-unboost|p2b: Sneasler|atk|1
|-enditem|p2b: Sneasler|White Herb
|-clearnegativeboost|p2b: Sneasler|[silent]
|turn|1
|
|t:|1784828777
|switch|p2a: Mawile|Mawile, L50, F|100/100
|-ability|p2a: Mawile|Intimidate|boost
|-unboost|p1a: Sylveon|atk|1
|-unboost|p1b: Incineroar|atk|1
|switch|p1b: Basculegion|Basculegion, L50, M|100/100
|move|p2b: Sneasler|Coaching|p2a: Mawile
|-boost|p2a: Mawile|atk|1
|-boost|p2a: Mawile|def|1
|move|p1a: Sylveon|Hyper Voice|p2a: Mawile|[spread] p2a,p2b
|-resisted|p2a: Mawile|1
|-crit|p2b: Sneasler
|-damage|p2a: Mawile|52/100
|-damage|p2b: Sneasler|1/100
|
|upkeep
|turn|2
|inactive|mike6972 has 30 seconds left.
|inactive|15Hugs has 30 seconds left.
|inactive|mike6972 has 20 seconds left.
|inactive|mike6972 has 15 seconds left.
|inactive|mike6972 has 10 seconds left.
|inactive|mike6972 has 5 seconds left.
|
|t:|1784828830
|switch|p1a: Incineroar|Incineroar, L50, M|100/100
|-ability|p1a: Incineroar|Intimidate|boost
|-unboost|p2a: Mawile|atk|1
|-unboost|p2b: Sneasler|atk|1
|move|p2a: Mawile|Protect|p2a: Mawile
|-singleturn|p2a: Mawile|Protect
|move|p2b: Sneasler|Dire Claw|p1a: Incineroar
|-damage|p1a: Incineroar|75/100
|move|p1b: Basculegion|Flip Turn|p2b: Sneasler
|-damage|p2b: Sneasler|0 fnt
|faint|p2b: Sneasler
|
|t:|1784828842
|switch|p1b: Sylveon|Sylveon, L50, M|100/100|[from] Flip Turn
|
|upkeep
|
|t:|1784828857
|switch|p2b: Farigiraf|Farigiraf, L50, F, shiny|100/100
|turn|3
|
|t:|1784828874
|detailschange|p2a: Mawile|Mawile-Mega, L50, F
|-mega|p2a: Mawile|Mawile|Mawilite
|move|p1a: Incineroar|Helping Hand|p1b: Sylveon
|-singleturn|p1b: Sylveon|Helping Hand|[of] p1a: Incineroar
|move|p1b: Sylveon|Hyper Voice|p2a: Mawile|[spread] p2a,p2b
|-resisted|p2a: Mawile|1
|-damage|p2a: Mawile|9/100
|-damage|p2b: Farigiraf|30/100
|-enditem|p2b: Farigiraf|Sitrus Berry|[eat]
|-heal|p2b: Farigiraf|55/100|[from] item: Sitrus Berry
|move|p2a: Mawile|Rock Slide|p1a: Incineroar|[spread] p1a,p1b
|-supereffective|p1a: Incineroar|1
|-damage|p1a: Incineroar|15/100
|-damage|p1b: Sylveon|56/100
|move|p2b: Farigiraf|Trick Room|p2b: Farigiraf
|-fieldstart|move: Trick Room|[of] p2b: Farigiraf
|
|upkeep
|turn|4
|inactive|15Hugs has 30 seconds left.
|
|t:|1784828901
|move|p1b: Sylveon|Protect|p1b: Sylveon
|-singleturn|p1b: Sylveon|Protect
|move|p2a: Mawile|Rock Slide|p1b: Sylveon|[spread] p1a
|-activate|p1b: Sylveon|move: Protect
|-supereffective|p1a: Incineroar|1
|-crit|p1a: Incineroar
|-damage|p1a: Incineroar|0 fnt
|faint|p1a: Incineroar
|move|p2b: Farigiraf|Psychic|p1b: Sylveon
|-activate|p1b: Sylveon|move: Protect
|
|upkeep
|
|t:|1784828913
|switch|p1a: Delphox|Delphox, L50, F|100/100
|turn|5
|
|t:|1784828920
|move|p2b: Farigiraf|Helping Hand|p2a: Mawile
|-singleturn|p2a: Mawile|Helping Hand|[of] p2b: Farigiraf
|move|p1a: Delphox|Protect|p1a: Delphox
|-singleturn|p1a: Delphox|Protect
|move|p2a: Mawile|Rock Slide|p1b: Sylveon|[spread] p1b
|-activate|p1a: Delphox|move: Protect
|-damage|p1b: Sylveon|0 fnt
|faint|p1b: Sylveon
|
|upkeep
|
|t:|1784828927
|switch|p1b: Basculegion|Basculegion, L50, M|100/100
|turn|6
|
|t:|1784828936
|detailschange|p1a: Delphox|Delphox-Mega, L50, F
|-mega|p1a: Delphox|Delphox|Delphoxite
|move|p2b: Farigiraf|Helping Hand|p2a: Mawile
|-singleturn|p2a: Mawile|Helping Hand|[of] p2b: Farigiraf
|move|p2a: Mawile|Rock Slide|p1b: Basculegion|[spread] p1a,p1b
|-supereffective|p1a: Delphox|1
|-damage|p1a: Delphox|0 fnt
|-damage|p1b: Basculegion|28/100
|faint|p1a: Delphox
|move|p1b: Basculegion|Wave Crash|p2b: Farigiraf
|-damage|p2b: Farigiraf|0 fnt
|faint|p2b: Farigiraf
|-damage|p1b: Basculegion|7/100|[from] Recoil
|
|upkeep
|
|t:|1784828945
|switch|p2b: Hydreigon|Hydreigon, L50, F|100/100
|turn|7
|-message|mike6972 forfeited.
|
|win|15Hugs
|raw|mike6972's rating: 1139 → 1107(-32 for losing)
|raw|15Hugs's rating: 1040 → 1083(+43 for winning)
|l|☆mike6972
|player|p1|
