|j|☆HEDPEHDEH
|j|☆alexshyness
|html|HEDPEHDEHalexshyness    
|uhtml|bestof|Game 1 of a best-of-3
|t:|1785716931
|gametype|doubles
|player|p1|HEDPEHDEH|1|1135
|player|p2|alexshyness|lass-gen4dp|1273
|gen|9
|tier|[Gen 9 Champions] VGC 2026 Reg M-B (Bo3)
|rated|
|rule|Species Clause: Limit one of each Pokémon
|rule|Item Clause: Limit 1 of each item
|clearpoke
|poke|p1|Delphox, L50, F|
|poke|p1|Garchomp, L50, M|
|poke|p1|Incineroar, L50, F|
|poke|p1|Tsareena, L50, F|
|poke|p1|Whimsicott, L50, M|
|poke|p1|Basculegion, L50, M|
|poke|p2|Kommo-o, L50, M|
|poke|p2|Gengar, L50, M, shiny|
|poke|p2|Maushold-Four, L50|
|poke|p2|Charizard, L50, M, shiny|
|poke|p2|Venusaur, L50, M|
|poke|p2|Incineroar, L50, M|
|teampreview|4
|showteam|p1|Delphox||Delphoxite|Blaze|Protect,NastyPlot,HeatWave,Psychic|Modest||F|||50|]Garchomp||LifeOrb|RoughSkin|Protect,RockSlide,StompingTantrum,DragonClaw|Jolly||M|||50|]Incineroar||ChopleBerry|Intimidate|FakeOut,FlareBlitz,CloseCombat,DarkestLariat|Adamant||F|||50|]Tsareena||WideLens|QueenlyMajesty|TropKick,TripleAxel,Protect,LowKick|Adamant||F|||50|]Whimsicott||FocusSash|Prankster|Protect,GrassKnot,Tailwind,SunnyDay|Modest||M|||50|]Basculegion||MysticWater|Adaptability|WaveCrash,Protect,AquaJet,LastRespects|Adamant||M|||50|
|showteam|p2|Kommo-o||Leftovers|Soundproof|Protect,ClangingScales,AuraSphere,ClangorousSoul|Timid||M|||50|]Gengar||Gengarite|CursedBody|Protect,ShadowBall,SludgeBomb,PerishSong|Timid||M|||50|]Maushold-Four||ChopleBerry|FriendGuard|Protect,HelpingHand,FollowMe,Encore|Jolly|||||50|]Charizard||CharizarditeY|Blaze|Protect,HeatWave,WeatherBall,SolarBeam|Modest||M|||50|]Venusaur||FocusSash|Chlorophyll|Protect,LeafStorm,EarthPower,SleepPowder|Modest||M|||50|]Incineroar||SitrusBerry|Intimidate|Protect,ThroatChop,PartingShot,FakeOut|Careful||M|||50|
|inactive|Battle timer is ON: inactive players will automatically lose when time's up. (requested by alexshyness)
|
|t:|1785717016
|teamsize|p1|4
|teamsize|p2|4
|start
|switch|p1a: Garchomp|Garchomp, L50, M|100/100
|switch|p1b: Delphox|Delphox, L50, F|100/100
|switch|p2a: Charizard|Charizard, L50, M, shiny|100/100
|switch|p2b: Venusaur|Venusaur, L50, M|100/100
|turn|1
|inactive|HEDPEHDEH has 30 seconds left.
|inactive|HEDPEHDEH has 20 seconds left.
|inactive|HEDPEHDEH has 15 seconds left.
|
|t:|1785717056
|detailschange|p2a: Charizard|Charizard-Mega-Y, L50, M, shiny
|-mega|p2a: Charizard|Charizard|Charizardite Y
|-weather|SunnyDay|[from] ability: Drought|[of] p2a: Charizard
|detailschange|p1b: Delphox|Delphox-Mega, L50, F
|-mega|p1b: Delphox|Delphox|Delphoxite
|move|p2b: Venusaur|Sleep Powder|p1a: Garchomp
|-status|p1a: Garchomp|slp|[from] move: Sleep Powder
|move|p1b: Delphox|Psychic|p2b: Venusaur
|-supereffective|p2b: Venusaur|1
|-enditem|p2b: Venusaur|Focus Sash
|-damage|p2b: Venusaur|1/100
|cant|p1a: Garchomp|slp
|move|p2a: Charizard|Heat Wave|p1b: Delphox|[spread] p1a,p1b
|-resisted|p1a: Garchomp|1
|-crit|p1a: Garchomp
|-resisted|p1b: Delphox|1
|-damage|p1a: Garchomp|46/100 slp
|-damage|p1b: Delphox|71/100
|
|-weather|SunnyDay|[upkeep]
|upkeep
|turn|2
|
|t:|1785717088
|move|p2b: Venusaur|Leaf Storm|p1a: Garchomp
|-damage|p1a: Garchomp|0 fnt
|-unboost|p2b: Venusaur|spa|2
|faint|p1a: Garchomp
|move|p1b: Delphox|Heat Wave|p2b: Venusaur|[spread] p2a,p2b
|-resisted|p2a: Charizard|1
|-supereffective|p2b: Venusaur|1
|-damage|p2a: Charizard|63/100
|-damage|p2b: Venusaur|0 fnt
|faint|p2b: Venusaur
|move|p2a: Charizard|Weather Ball|p1b: Delphox
|-resisted|p1b: Delphox|1
|-damage|p1b: Delphox|34/100
|
|-weather|SunnyDay|[upkeep]
|upkeep
|
|t:|1785717099
|switch|p1a: Basculegion|Basculegion, L50, M|100/100
|switch|p2b: Incineroar|Incineroar, L50, M|100/100
|-ability|p2b: Incineroar|Intimidate|boost
|-unboost|p1a: Basculegion|atk|1
|-unboost|p1b: Delphox|atk|1
|turn|3
|inactive|HEDPEHDEH has 30 seconds left.
|inactive|HEDPEHDEH has 20 seconds left.
|inactive|HEDPEHDEH has 15 seconds left.
|inactive|HEDPEHDEH has 10 seconds left.
|
|t:|1785717145
|move|p1b: Delphox|Protect|p1b: Delphox
|-singleturn|p1b: Delphox|Protect
|move|p2a: Charizard|Solar Beam||[still]
|-prepare|p2a: Charizard|Solar Beam
|-anim|p2a: Charizard|Solar Beam|p1a: Basculegion
|-supereffective|p1a: Basculegion|1
|-damage|p1a: Basculegion|10/100
|move|p1a: Basculegion|Last Respects|p2a: Charizard
|-damage|p2a: Charizard|12/100
|move|p2b: Incineroar|Throat Chop|p1b: Delphox
|-activate|p1b: Delphox|move: Protect
|
|-weather|SunnyDay|[upkeep]
|upkeep
|turn|4
|
|t:|1785717157
|switch|p1a: Incineroar|Incineroar, L50, F|100/100
|-ability|p1a: Incineroar|Intimidate|boost
|-unboost|p2a: Charizard|atk|1
|-unboost|p2b: Incineroar|atk|1
|move|p2a: Charizard|Protect|p2a: Charizard
|-singleturn|p2a: Charizard|Protect
|move|p1b: Delphox|Heat Wave|p2a: Charizard|[spread] p2b
|-activate|p2a: Charizard|move: Protect
|-resisted|p2b: Incineroar|1
|-damage|p2b: Incineroar|70/100
|move|p2b: Incineroar|Throat Chop|p1b: Delphox
|-supereffective|p1b: Delphox|1
|-damage|p1b: Delphox|0 fnt
|faint|p1b: Delphox
|
|-weather|SunnyDay|[upkeep]
|upkeep
|
|t:|1785717163
|switch|p1b: Basculegion|Basculegion, L50, M|10/100
|turn|5
|
|t:|1785717172
|move|p1b: Basculegion|Aqua Jet|p2a: Charizard
|-supereffective|p2a: Charizard|1
|-damage|p2a: Charizard|0 fnt
|faint|p2a: Charizard
|move|p2b: Incineroar|Throat Chop|p1b: Basculegion
|-supereffective|p1b: Basculegion|1
|-damage|p1b: Basculegion|0 fnt
|faint|p1b: Basculegion
|move|p1a: Incineroar|Close Combat|p2b: Incineroar
|-supereffective|p2b: Incineroar|1
|-damage|p2b: Incineroar|6/100
|-unboost|p1a: Incineroar|def|1
|-unboost|p1a: Incineroar|spd|1
|-enditem|p2b: Incineroar|Sitrus Berry|[eat]
|-heal|p2b: Incineroar|31/100|[from] item: Sitrus Berry
|
|-weather|none
|upkeep
|
|t:|1785717175
|switch|p2a: Kommo-o|Kommo-o, L50, M|100/100
|turn|6
|
|t:|1785717179
|move|p2a: Kommo-o|Aura Sphere|p1a: Incineroar
|-supereffective|p1a: Incineroar|1
|-enditem|p1a: Incineroar|Chople Berry|[eat]
|-enditem|p1a: Incineroar|Chople Berry|[weaken]
|-damage|p1a: Incineroar|53/100
|move|p2b: Incineroar|Throat Chop|p1a: Incineroar
|-resisted|p1a: Incineroar|1
|-damage|p1a: Incineroar|38/100
|-start|p1a: Incineroar|Throat Chop|[silent]
|move|p1a: Incineroar|Darkest Lariat|p2a: Kommo-o
|-resisted|p2a: Kommo-o|1
|-damage|p2a: Kommo-o|76/100
|
|-heal|p2a: Kommo-o|82/100|[from] item: Leftovers
|upkeep
|turn|7
|
|t:|1785717192
|move|p2a: Kommo-o|Aura Sphere|p1a: Incineroar
|-supereffective|p1a: Incineroar|1
|-damage|p1a: Incineroar|0 fnt
|faint|p1a: Incineroar
|
|win|alexshyness
||alexshyness is ready for game 2.
||HEDPEHDEH is ready for game 2.
|uhtml|next|Next: Game 2 of 3
