|j|☆InsanityWar22
|j|☆15Hugs
|html|InsanityWar2215Hugs    
|uhtml|bestof|Game 1 of a best-of-3
|t:|1786039708
|gametype|doubles
|player|p1|InsanityWar22|misty|1162
|player|p2|15Hugs|ingo|1206
|gen|9
|tier|[Gen 9 Champions] VGC 2026 Reg M-B (Bo3)
|rated|
|rule|Species Clause: Limit one of each Pokémon
|rule|Item Clause: Limit 1 of each item
|clearpoke
|poke|p1|Swampert, L50, F|
|poke|p1|Pelipper, L50, F|
|poke|p1|Archaludon, L50, M|
|poke|p1|Sinistcha, L50|
|poke|p1|Incineroar, L50, F|
|poke|p1|Raichu, L50, M|
|poke|p2|Mawile, L50, M|
|poke|p2|Sneasler, L50, M|
|poke|p2|Raichu, L50, M|
|poke|p2|Hydreigon, L50, M|
|poke|p2|Farigiraf, L50, F, shiny|
|poke|p2|Sinistcha, L50|
|teampreview|4
|showteam|p1|Swampert||Swampertite|Torrent|Protect,WaveCrash,IcePunch,Earthquake|Adamant||F|||50|]Pelipper||FocusSash|Drizzle|Tailwind,WeatherBall,Hurricane,WideGuard|Modest||F|||50|]Archaludon||ChopleBerry|Stamina|Protect,DragonPulse,ElectroShot,FlashCannon|Calm||M|||50|]Sinistcha||Leftovers|Hospitality|LifeDew,TrickRoom,MatchaGotcha,RagePowder|Calm|||||50|]Incineroar||SitrusBerry|Intimidate|FakeOut,FlareBlitz,DarkestLariat,Taunt|Relaxed||F|||50|]Raichu||RaichuniteY|LightningRod|Protect,FocusBlast,ZapCannon,FakeOut|Modest||M|||50|
|showteam|p2|Mawile||Mawilite|Intimidate|Protect,PlayRough,IronHead,SuckerPunch|Brave||M|||50|]Sneasler||WhiteHerb|Unburden|FakeOut,RockTomb,CloseCombat,DireClaw|Jolly||M|||50|]Raichu||RaichuniteY|LightningRod|Protect,FakeOut,ZapCannon,FocusBlast|Timid||M|||50|]Hydreigon||ChoiceScarf|Levitate|DracoMeteor,Snarl,DarkPulse,EarthPower|Timid||M|||50|]Farigiraf||SitrusBerry|ArmorTail|TrickRoom,HelpingHand,FoulPlay,Psychic|Quiet||F|||50|]Sinistcha||KasibBerry|Hospitality|TrickRoom,Hex,MatchaGotcha,RagePowder|Modest|||||50|
|inactive|Battle timer is ON: inactive players will automatically lose when time's up. (requested by InsanityWar22)
|inactive|InsanityWar22 has 60 seconds left.
|inactive|15Hugs has 60 seconds left.
|
|t:|1786039760
|teamsize|p1|4
|teamsize|p2|4
|start
|switch|p1a: Incineroar|Incineroar, L50, F|100/100
|switch|p1b: Swampert|Swampert, L50, F|100/100
|switch|p2a: Sneasler|Sneasler, L50, M|100/100
|switch|p2b: Hydreigon|Hydreigon, L50, M|100/100
|-ability|p1a: Incineroar|Intimidate|boost
|-unboost|p2a: Sneasler|atk|1
|-unboost|p2b: Hydreigon|atk|1
|-enditem|p2a: Sneasler|White Herb
|-clearnegativeboost|p2a: Sneasler|[silent]
|turn|1
|
|t:|1786039782
|switch|p1a: Pelipper|Pelipper, L50, F|100/100
|-weather|RainDance|[from] ability: Drizzle|[of] p1a: Pelipper
|detailschange|p1b: Swampert|Swampert-Mega, L50, F
|-mega|p1b: Swampert|Swampert|Swampertite
|move|p2a: Sneasler|Close Combat|p1a: Pelipper
|-resisted|p1a: Pelipper|1
|-damage|p1a: Pelipper|58/100
|-unboost|p2a: Sneasler|def|1
|-unboost|p2a: Sneasler|spd|1
|move|p2b: Hydreigon|Draco Meteor|p1b: Swampert
|-crit|p1b: Swampert
|-damage|p1b: Swampert|5/100
|-unboost|p2b: Hydreigon|spa|2
|move|p1b: Swampert|Ice Punch|p2b: Hydreigon
|-supereffective|p2b: Hydreigon|1
|-damage|p2b: Hydreigon|30/100
|-status|p2b: Hydreigon|frz
|
|-weather|RainDance|[upkeep]
|upkeep
|turn|2
|
|t:|1786039803
|switch|p2b: Sinistcha|Sinistcha, L50|100/100
|move|p1b: Swampert|Protect|p1b: Swampert
|-singleturn|p1b: Swampert|Protect
|move|p2a: Sneasler|Rock Tomb|p1a: Pelipper
|-supereffective|p1a: Pelipper|1
|-damage|p1a: Pelipper|2/100
|-unboost|p1a: Pelipper|spe|1
|move|p1a: Pelipper|Tailwind|p1a: Pelipper
|-sidestart|p1: InsanityWar22|move: Tailwind
|
|-weather|RainDance|[upkeep]
|upkeep
|turn|3
|inactive|15Hugs has 30 seconds left.
|inactive|15Hugs has 20 seconds left.
|inactive|15Hugs has 15 seconds left.
|
|t:|1786039843
|switch|p1b: Incineroar|Incineroar, L50, F|100/100
|-ability|p1b: Incineroar|Intimidate|boost
|-unboost|p2a: Sneasler|atk|1
|-unboost|p2b: Sinistcha|atk|1
|switch|p2b: Mawile|Mawile, L50, M|100/100
|-ability|p2b: Mawile|Intimidate|boost
|-unboost|p1a: Pelipper|atk|1
|-unboost|p1b: Incineroar|atk|1
|move|p2a: Sneasler|Dire Claw|p1b: Incineroar
|-damage|p1b: Incineroar|77/100
|move|p1a: Pelipper|Hurricane|p2b: Mawile
|-resisted|p2b: Mawile|1
|-damage|p2b: Mawile|52/100
|
|-weather|RainDance|[upkeep]
|upkeep
|turn|4
|
|t:|1786039868
|move|p2b: Mawile|Protect|p2b: Mawile
|-singleturn|p2b: Mawile|Protect
|move|p1b: Incineroar|Fake Out|p2a: Sneasler
|-damage|p2a: Sneasler|77/100
|cant|p2a: Sneasler|flinch
|move|p1a: Pelipper|Hurricane|p2a: Sneasler
|-supereffective|p2a: Sneasler|1
|-damage|p2a: Sneasler|0 fnt
|faint|p2a: Sneasler
|
|-weather|RainDance|[upkeep]
|upkeep
|
|t:|1786039878
|switch|p2a: Hydreigon|Hydreigon, L50, M|30/100 frz
|turn|5
|
|t:|1786039892
|detailschange|p2b: Mawile|Mawile-Mega, L50, M
|-mega|p2b: Mawile|Mawile|Mawilite
|cant|p2a: Hydreigon|frz
|move|p1a: Pelipper|Hurricane|p2a: Hydreigon
|-damage|p2a: Hydreigon|0 fnt
|faint|p2a: Hydreigon
|move|p1b: Incineroar|Darkest Lariat|p2b: Mawile
|-resisted|p2b: Mawile|1
|-damage|p2b: Mawile|41/100
|move|p2b: Mawile|Play Rough|p1a: Pelipper
|-damage|p1a: Pelipper|0 fnt
|faint|p1a: Pelipper
|
|-weather|none
|-sideend|p1: InsanityWar22|move: Tailwind
|upkeep
|
|t:|1786039907
|switch|p2a: Sinistcha|Sinistcha, L50|100/100
|switch|p1a: Archaludon|Archaludon, L50, M|100/100
|-heal|p2b: Mawile|66/100|[from] ability: Hospitality|[of] p2a: Sinistcha
|turn|6
|
|t:|1786039927
|move|p2b: Mawile|Protect|p2b: Mawile
|-singleturn|p2b: Mawile|Protect
|move|p1a: Archaludon|Dragon Pulse|p2a: Sinistcha
|-crit|p2a: Sinistcha
|-damage|p2a: Sinistcha|25/100
|move|p1b: Incineroar|Flare Blitz|p2a: Sinistcha
|-supereffective|p2a: Sinistcha|1
|-damage|p2a: Sinistcha|0 fnt
|faint|p2a: Sinistcha
|-damage|p1b: Incineroar|68/100|[from] Recoil
|
|upkeep
|turn|7
|c|☆15Hugs|bruh
|
|t:|1786039944
|move|p1a: Archaludon|Flash Cannon|p2b: Mawile
|-damage|p2b: Mawile|17/100
|move|p1b: Incineroar|Flare Blitz|p2b: Mawile
|-supereffective|p2b: Mawile|1
|-damage|p2b: Mawile|0 fnt
|faint|p2b: Mawile
|-damage|p1b: Incineroar|63/100|[from] Recoil
|
|win|InsanityWar22
