|j|☆zanquettao
|j|☆kyo_is_de4d
|html|zanquettaokyo_is_de4d    
|uhtml|bestof|Game 1 of a best-of-3
|t:|1784248085
|gametype|doubles
|player|p1|zanquettao|1|1047
|player|p2|kyo_is_de4d|266|1050
|gen|9
|tier|[Gen 9 Champions] VGC 2026 Reg M-B (Bo3)
|rated|
|rule|Species Clause: Limit one of each Pokémon
|rule|Item Clause: Limit 1 of each item
|clearpoke
|poke|p1|Farigiraf, L50, F|
|poke|p1|Grimmsnarl, L50, M|
|poke|p1|Pelipper, L50, M|
|poke|p1|Mawile, L50, F|
|poke|p1|Raichu, L50, F|
|poke|p1|Sinistcha, L50|
|poke|p2|Floette-Eternal, L50, F|
|poke|p2|Charizard, L50, M, shiny|
|poke|p2|Kingambit, L50, M, shiny|
|poke|p2|Whimsicott, L50, M, shiny|
|poke|p2|Basculegion, L50, M, shiny|
|poke|p2|Garchomp, L50, M, shiny|
|teampreview|4
|showteam|p1|Farigiraf||ColburBerry|ArmorTail|TrickRoom,HelpingHand,Wish,Protect|Bold||F|||50|]Grimmsnarl||LightClay|Prankster|FakeOut,Reflect,LightScreen,SpiritBreak|Adamant||M|||50|]Pelipper||FocusSash|Drizzle|Tailwind,IceBeam,MuddyWater,WideGuard|Modest||M|||50|]Mawile||Mawilite|Intimidate|PlayRough,IronHead,SuckerPunch,Protect|Adamant||F|||50|]Raichu||RaichuniteY|LightningRod|FocusBlast,ZapCannon,FakeOut,Protect|Modest||F|||50|]Sinistcha||OccaBerry|Hospitality|MatchaGotcha,ShadowBall,RagePowder,Protect|Quiet|||||50|
|showteam|p2|Floette-Eternal||Floettite|FlowerVeil|Protect,LightofRuin,Moonblast,DazzlingGleam|Modest||F|||50|]Charizard||CharizarditeY|Blaze|SolarBeam,HeatWave,WeatherBall,Protect|Modest||M|||50|]Kingambit||ChopleBerry|Defiant|IronHead,LowKick,KowtowCleave,SuckerPunch|Adamant||M|||50|]Whimsicott||FocusSash|Prankster|Moonblast,Tailwind,Encore,Protect|Timid||M|||50|]Basculegion||MysticWater|Adaptability|WaveCrash,Protect,LastRespects,AquaJet|Adamant||M|||50|]Garchomp||LifeOrb|RoughSkin|Earthquake,RockSlide,Protect,DragonClaw|Jolly||M|||50|
|inactive|Battle timer is ON: inactive players will automatically lose when time's up. (requested by zanquettao)
|inactive|zanquettao has 60 seconds left.
|inactive|kyo_is_de4d has 60 seconds left.
|inactive|kyo_is_de4d has 30 seconds left.
|inactive|kyo_is_de4d has 20 seconds left.
|
|t:|1784248159
|teamsize|p1|4
|teamsize|p2|4
|start
|switch|p1a: Farigiraf|Farigiraf, L50, F|100/100
|switch|p1b: Grimmsnarl|Grimmsnarl, L50, M|100/100
|switch|p2a: Kingambit|Kingambit, L50, M, shiny|100/100
|switch|p2b: Floette|Floette-Eternal, L50, F|100/100
|turn|1
|inactive|kyo_is_de4d has 30 seconds left.
|inactive|kyo_is_de4d has 20 seconds left.
|
|t:|1784248197
|move|p2b: Floette|Protect|p2b: Floette
|-singleturn|p2b: Floette|Protect
|move|p1b: Grimmsnarl|Fake Out|p2a: Kingambit
|-resisted|p2a: Kingambit|1
|-damage|p2a: Kingambit|94/100
|cant|p2a: Kingambit|flinch
|move|p1a: Farigiraf|Trick Room|p1a: Farigiraf
|-fieldstart|move: Trick Room|[of] p1a: Farigiraf
|
|upkeep
|turn|2
|inactive|zanquettao has 30 seconds left.
|
|t:|1784248222
|switch|p1a: Mawile|Mawile, L50, F|100/100
|-ability|p1a: Mawile|Intimidate|boost
|-unboost|p2a: Kingambit|atk|1
|-ability|p2a: Kingambit|Defiant|boost
|-boost|p2a: Kingambit|atk|2
|-unboost|p2b: Floette|atk|1
|detailschange|p2b: Floette|Floette-Mega, L50, F
|-mega|p2b: Floette|Floette|Floettite
|-ability|p2b: Floette|Fairy Aura
|move|p1b: Grimmsnarl|Light Screen|p1b: Grimmsnarl
|-sidestart|p1: zanquettao|move: Light Screen
|move|p2a: Kingambit|Kowtow Cleave|p1a: Mawile
|-resisted|p1a: Mawile|1
|-damage|p1a: Mawile|56/100
|move|p2b: Floette|Dazzling Gleam|p1b: Grimmsnarl|[spread] p1a,p1b
|-resisted|p1a: Mawile|1
|-supereffective|p1b: Grimmsnarl|1
|-damage|p1a: Mawile|24/100
|-damage|p1b: Grimmsnarl|28/100
|
|upkeep
|turn|3
|inactive|kyo_is_de4d has 30 seconds left.
|inactive|zanquettao has 30 seconds left.
|
|t:|1784248253
|move|p1a: Mawile|Protect|p1a: Mawile
|-singleturn|p1a: Mawile|Protect
|move|p2b: Floette|Protect|p2b: Floette
|-singleturn|p2b: Floette|Protect
|move|p2a: Kingambit|Sucker Punch||[still]
|-fail|p2a: Kingambit
|move|p1b: Grimmsnarl|Reflect|p1b: Grimmsnarl
|-sidestart|p1: zanquettao|Reflect
|
|upkeep
|turn|4
|
|t:|1784248275
|switch|p1b: Farigiraf|Farigiraf, L50, F|100/100
|switch|p2b: Whimsicott|Whimsicott, L50, M, shiny|100/100
|detailschange|p1a: Mawile|Mawile-Mega, L50, F
|-mega|p1a: Mawile|Mawile|Mawilite
|move|p2a: Kingambit|Sucker Punch||[still]
|cant|p1b: Farigiraf|ability: Armor Tail|Sucker Punch|[of] p2a: Kingambit
|move|p1a: Mawile|Iron Head|p2b: Whimsicott
|-supereffective|p2b: Whimsicott|1
|-enditem|p2b: Whimsicott|Focus Sash
|-damage|p2b: Whimsicott|1/100
|
|upkeep
|turn|5
|inactive|zanquettao has 30 seconds left.
|inactive|zanquettao has 20 seconds left.
|
|t:|1784248315
|move|p2b: Whimsicott|Protect|p2b: Whimsicott
|-singleturn|p2b: Whimsicott|Protect
|move|p1a: Mawile|Play Rough|p2b: Whimsicott
|-activate|p2b: Whimsicott|move: Protect
|move|p2a: Kingambit|Iron Head|p1a: Mawile
|-damage|p1a: Mawile|0 fnt
|faint|p1a: Mawile
|move|p1b: Farigiraf|Wish|p1b: Farigiraf
|
|-fieldend|move: Trick Room
|upkeep
|
|t:|1784248326
|switch|p1a: Grimmsnarl|Grimmsnarl, L50, M|28/100
|turn|6
|
|t:|1784248345
|switch|p2a: Basculegion|Basculegion, L50, M, shiny|100/100
|move|p1a: Grimmsnarl|Fake Out|p2b: Whimsicott
|-damage|p2b: Whimsicott|0 fnt
|faint|p2b: Whimsicott
|move|p1b: Farigiraf|Trick Room|p1b: Farigiraf
|-fieldstart|move: Trick Room|[of] p1b: Farigiraf
|
|upkeep
|
|t:|1784248353
|switch|p2b: Kingambit|Kingambit, L50, M, shiny|94/100
|turn|7
|
|t:|1784248371
|switch|p1a: Pelipper|Pelipper, L50, M|100/100
|-weather|RainDance|[from] ability: Drizzle|[of] p1a: Pelipper
|move|p1b: Farigiraf|Protect|p1b: Farigiraf
|-singleturn|p1b: Farigiraf|Protect
|move|p2b: Kingambit|Kowtow Cleave|p1b: Farigiraf
|-activate|p1b: Farigiraf|move: Protect
|move|p2a: Basculegion|Wave Crash|p1a: Pelipper
|-resisted|p1a: Pelipper|1
|-damage|p1a: Pelipper|43/100
|-damage|p2a: Basculegion|84/100|[from] Recoil
|
|-weather|RainDance|[upkeep]
|upkeep
|turn|8
|inactive|kyo_is_de4d has 30 seconds left.
|inactive|kyo_is_de4d has 20 seconds left.
|inactive|kyo_is_de4d has 15 seconds left.
|
|t:|1784248411
|move|p1b: Farigiraf|Helping Hand|p1a: Pelipper
|-singleturn|p1a: Pelipper|Helping Hand|[of] p1b: Farigiraf
|move|p2b: Kingambit|Kowtow Cleave|p1b: Farigiraf
|-supereffective|p1b: Farigiraf|1
|-enditem|p1b: Farigiraf|Colbur Berry|[eat]
|-enditem|p1b: Farigiraf|Colbur Berry|[weaken]
|-damage|p1b: Farigiraf|72/100
|move|p1a: Pelipper|Muddy Water|p2a: Basculegion|[spread] p2a,p2b
|-resisted|p2a: Basculegion|1
|-damage|p2a: Basculegion|43/100
|-damage|p2b: Kingambit|19/100
|-unboost|p2a: Basculegion|accuracy|1
|move|p2a: Basculegion|Last Respects|p1a: Pelipper|[miss]
|-miss|p2a: Basculegion|p1a: Pelipper
|
|-weather|RainDance|[upkeep]
|upkeep
|turn|9
|inactive|zanquettao has 30 seconds left.
|inactive|zanquettao has 20 seconds left.
|inactive|zanquettao has 15 seconds left.
|inactive|zanquettao has 10 seconds left.
|inactive|zanquettao has 5 seconds left.
|
|t:|1784248462
|move|p2b: Kingambit|Kowtow Cleave|p1a: Pelipper
|-damage|p1a: Pelipper|7/100
|move|p1b: Farigiraf|Wish|p1b: Farigiraf
|move|p1a: Pelipper|Muddy Water|p2b: Kingambit|[spread] p2a,p2b
|-resisted|p2a: Basculegion|1
|-damage|p2a: Basculegion|17/100
|-damage|p2b: Kingambit|0 fnt
|-unboost|p2a: Basculegion|accuracy|1
|faint|p2b: Kingambit
|move|p2a: Basculegion|Wave Crash|p1b: Farigiraf|[miss]
|-miss|p2a: Basculegion|p1b: Farigiraf
|
|-weather|RainDance|[upkeep]
|-sideend|p1: zanquettao|move: Light Screen
|upkeep
|
|t:|1784248474
|switch|p2b: Floette|Floette-Mega, L50, F|100/100
|-ability|p2b: Floette|Fairy Aura
|turn|10
|
|t:|1784248485
|switch|p1b: Grimmsnarl|Grimmsnarl, L50, M|28/100
|move|p2a: Basculegion|Protect|p2a: Basculegion
|-singleturn|p2a: Basculegion|Protect
|move|p2b: Floette|Protect|p2b: Floette
|-singleturn|p2b: Floette|Protect
|move|p1a: Pelipper|Muddy Water|p2a: Basculegion|[spread] 
|-activate|p2a: Basculegion|move: Protect
|-activate|p2b: Floette|move: Protect
|
|-weather|RainDance|[upkeep]
|-heal|p1b: Grimmsnarl|77/100|[from] move: Wish|[wisher] Farigiraf
|-sideend|p1: zanquettao|Reflect
|-fieldend|move: Trick Room
|upkeep
|turn|11
|inactive|kyo_is_de4d has 30 seconds left.
|
|t:|1784248511
|move|p1b: Grimmsnarl|Fake Out|p2b: Floette
|-crit|p2b: Floette
|-damage|p2b: Floette|70/100
|move|p2a: Basculegion|Aqua Jet|p1a: Pelipper|[miss]
|-miss|p2a: Basculegion|p1a: Pelipper
|cant|p2b: Floette|flinch
|move|p1a: Pelipper|Tailwind|p1a: Pelipper
|-sidestart|p1: zanquettao|move: Tailwind
|
|-weather|none
|upkeep
|turn|12
|
|t:|1784248524
|move|p2a: Basculegion|Aqua Jet|p1a: Pelipper
|-resisted|p1a: Pelipper|1
|-damage|p1a: Pelipper|0 fnt
|faint|p1a: Pelipper
|move|p1b: Grimmsnarl|Spirit Break|p2b: Floette
|-damage|p2b: Floette|0 fnt
|faint|p2b: Floette
|
|upkeep
|
|t:|1784248533
|switch|p1a: Farigiraf|Farigiraf, L50, F|72/100
|turn|13
|-message|kyo_is_de4d forfeited.
|
|win|zanquettao
