|j|☆BranchingBee
|j|☆Canned Furs
|html|BranchingBeeCanned Furs    
|uhtml|bestof|Game 1 of a best-of-3
|t:|1756951677
|gametype|doubles
|player|p1|BranchingBee|102|1128
|player|p2|Canned Furs|102|1003
|gen|9
|tier|[Gen 9] VGC 2025 Reg H (Bo3)
|rated|
|rule|Species Clause: Limit one of each Pokémon
|rule|Item Clause: Limit 1 of each item
|clearpoke
|poke|p1|Sneasler, L50, M|
|poke|p1|Indeedee, L50, M|
|poke|p1|Ursaluna-Bloodmoon, L50, M|
|poke|p1|Electabuzz, L50, F|
|poke|p1|Incineroar, L50, F|
|poke|p1|Talonflame, L50, F|
|poke|p2|Indeedee-F, L50, F|
|poke|p2|Slowking, L50, F|
|poke|p2|Archaludon, L50, F|
|poke|p2|Pelipper, L50, M|
|poke|p2|Azumarill, L50, F|
|poke|p2|Basculegion, L50, M|
|teampreview|4
|showteam|p1|Sneasler||PsychicSeed|Unburden|CloseCombat,DireClaw,ThroatChop,Protect|||M|||50|,,,,,Dark]Indeedee||FocusSash|PsychicSurge|ExpandingForce,HelpingHand,Protect,TrickRoom|||M|||50|,,,,,Psychic]Ursaluna-Bloodmoon||LifeOrb|MindsEye|BloodMoon,HyperVoice,EarthPower,Protect|||M|||50|,,,,,Normal]Electabuzz||Eviolite|VitalSpirit|Electroweb,FollowMe,Taunt,Protect|||F|||50|,,,,,Dragon]Incineroar||SafetyGoggles|Intimidate|FlareBlitz,KnockOff,PartingShot,FakeOut|||F|||50|,,,,,Ghost]Talonflame||CovertCloak|GaleWings|FlareBlitz,BraveBird,WillOWisp,Tailwind|||F|||50|,,,,,Fairy
|showteam|p2|Indeedee-F||PsychicSeed|PsychicSurge|FollowMe,HelpingHand,Protect,TrickRoom|||F|||50|,,,,,Grass]Slowking||LifeOrb|Regenerator|TrickRoom,Protect,ExpandingForce,Scald|||F|||50|,,,,,Psychic]Archaludon||AssaultVest|Stamina|ElectroShot,FlashCannon,BodyPress,DragonPulse|||F|||50|,,,,,Fairy]Pelipper||FocusSash|Drizzle|Hurricane,WideGuard,Protect,Tailwind|||M|||50|,,,,,Ghost]Azumarill||SitrusBerry|HugePower|BellyDrum,Liquidation,PlayRough,AquaJet|||F|||50|,,,,,Water]Basculegion||ClearAmulet|Adaptability|Protect,WaveCrash,AquaJet,LastRespects|||M|||50|,,,,,Water
|j| teamthief420
|l| teamthief420
|
|t:|1756951704
|teamsize|p1|4
|teamsize|p2|4
|start
|switch|p1a: Sneasler|Sneasler, L50, M|100/100
|switch|p1b: Electabuzz|Electabuzz, L50, F|100/100
|switch|p2a: Indeedee|Indeedee-F, L50, F|100/100
|switch|p2b: Slowking|Slowking, L50, F|100/100
|-fieldstart|move: Psychic Terrain|[from] ability: Psychic Surge|[of] p2a: Indeedee
|-enditem|p1a: Sneasler|Psychic Seed
|-boost|p1a: Sneasler|spd|1|[from] item: Psychic Seed
|-enditem|p2a: Indeedee|Psychic Seed
|-boost|p2a: Indeedee|spd|1|[from] item: Psychic Seed
|turn|1
|
|t:|1756951757
|move|p1a: Sneasler|Close Combat|p2a: Indeedee
|-damage|p2a: Indeedee|36/100
|-unboost|p1a: Sneasler|def|1
|-unboost|p1a: Sneasler|spd|1
|move|p1b: Electabuzz|Taunt|p2b: Slowking
|-start|p2b: Slowking|move: Taunt
|move|p2b: Slowking|Expanding Force|p1a: Sneasler|[spread] p1a,p1b
|-supereffective|p1a: Sneasler
|-damage|p1a: Sneasler|0 fnt
|-damage|p1b: Electabuzz|33/100
|faint|p1a: Sneasler
|-damage|p2b: Slowking|91/100|[from] item: Life Orb
|move|p2a: Indeedee|Trick Room|p2a: Indeedee
|-fieldstart|move: Trick Room|[of] p2a: Indeedee
|
|upkeep
|
|t:|1756951777
|switch|p1a: Indeedee|Indeedee, L50, M|100/100
|turn|2
|
|t:|1756951784
|-terastallize|p2b: Slowking|Psychic
|move|p2a: Indeedee|Helping Hand|p2b: Slowking
|-singleturn|p2b: Slowking|Helping Hand|[of] p2a: Indeedee
|move|p1a: Indeedee|Protect|p1a: Indeedee
|-singleturn|p1a: Indeedee|Protect
|move|p1b: Electabuzz|Protect|p1b: Electabuzz
|-singleturn|p1b: Electabuzz|Protect
|move|p2b: Slowking|Expanding Force|p1a: Indeedee|[spread] 
|-activate|p1a: Indeedee|move: Protect
|-activate|p1b: Electabuzz|move: Protect
|
|upkeep
|turn|3
|
|t:|1756951803
|move|p2a: Indeedee|Helping Hand|p2b: Slowking
|-singleturn|p2b: Slowking|Helping Hand|[of] p2a: Indeedee
|move|p2b: Slowking|Expanding Force|p1a: Indeedee|[spread] p1a,p1b
|-resisted|p1a: Indeedee
|-damage|p1a: Indeedee|4/100
|-damage|p1b: Electabuzz|0 fnt
|faint|p1b: Electabuzz
|-damage|p2b: Slowking|81/100|[from] item: Life Orb
|move|p1a: Indeedee|Expanding Force|p2a: Indeedee|[spread] p2a,p2b
|-resisted|p2a: Indeedee
|-resisted|p2b: Slowking
|-damage|p2a: Indeedee|20/100
|-damage|p2b: Slowking|61/100
|
|-end|p2b: Slowking|move: Taunt
|upkeep
|
|t:|1756951816
|switch|p1b: Ursaluna|Ursaluna-Bloodmoon, L50, M|100/100
|turn|4
|
|t:|1756951825
|move|p2a: Indeedee|Helping Hand|p2b: Slowking
|-singleturn|p2b: Slowking|Helping Hand|[of] p2a: Indeedee
|move|p1b: Ursaluna|Protect|p1b: Ursaluna
|-singleturn|p1b: Ursaluna|Protect
|move|p1a: Indeedee|Protect|p1a: Indeedee
|-singleturn|p1a: Indeedee|Protect
|move|p2b: Slowking|Expanding Force|p1b: Ursaluna|[spread] 
|-activate|p1a: Indeedee|move: Protect
|-activate|p1b: Ursaluna|move: Protect
|
|upkeep
|turn|5
|
|t:|1756951854
|move|p2a: Indeedee|Helping Hand|p2b: Slowking
|-singleturn|p2b: Slowking|Helping Hand|[of] p2a: Indeedee
|move|p1b: Ursaluna|Protect||[still]
|-fail|p1b: Ursaluna
|move|p1a: Indeedee|Protect||[still]
|-fail|p1a: Indeedee
|move|p2b: Slowking|Expanding Force|p1a: Indeedee|[spread] p1a,p1b
|-resisted|p1a: Indeedee
|-damage|p1a: Indeedee|0 fnt
|-damage|p1b: Ursaluna|0 fnt
|faint|p1a: Indeedee
|faint|p1b: Ursaluna
|-damage|p2b: Slowking|51/100|[from] item: Life Orb
|
|win|Canned Furs
||BranchingBee is ready for game 2.
