|j|☆manspread
|j|☆Pikapoololol
|html|manspreadPikapoololol    
|uhtml|bestof|Game 1 of a best-of-3
|t:|1757814587
|gametype|doubles
|player|p1|manspread|266|1160
|player|p2|Pikapoololol|ninjaboy|1266
|gen|9
|tier|[Gen 9] VGC 2025 Reg H (Bo3)
|rated|
|rule|Species Clause: Limit one of each Pokémon
|rule|Item Clause: Limit 1 of each item
|clearpoke
|poke|p1|Pelipper, L50, M|
|poke|p1|Dragonite, L50, F|
|poke|p1|Incineroar, L50, M|
|poke|p1|Archaludon, L50, F|
|poke|p1|Amoonguss, L50, M|
|poke|p1|Gholdengo, L50|
|poke|p2|Pelipper, L50, F|
|poke|p2|Archaludon, L50, F|
|poke|p2|Incineroar, L50, F|
|poke|p2|Kingdra, L50, F|
|poke|p2|Amoonguss, L50, M|
|poke|p2|Rillaboom, L50, M|
|teampreview|4
|showteam|p1|Pelipper||FocusSash|Drizzle|WeatherBall,Hurricane,WideGuard,Protect|||M|||50|,,,,,Ghost]Dragonite||LoadedDice|Multiscale|ScaleShot,Tailwind,Haze,Protect|||F|||50|,,,,,Fairy]Incineroar||SafetyGoggles|Intimidate|KnockOff,FakeOut,PartingShot,FlareBlitz|||M|||50|,,,,,Ghost]Archaludon||AssaultVest|Stamina|ElectroShot,BodyPress,DragonPulse,FlashCannon|||F|||50|,,,,,Bug]Amoonguss||SitrusBerry|Regenerator|RagePowder,Spore,Protect,PollenPuff|||M|||50|,,,,,Water]Gholdengo||LifeOrb|GoodasGold|ShadowBall,MakeItRain,NastyPlot,Protect||||||50|,,,,,Flying
|showteam|p2|Pelipper||FocusSash|Drizzle|Hurricane,WeatherBall,Tailwind,Protect|||F|||50|,,,,,Ground]Archaludon||AssaultVest|Stamina|ElectroShot,DragonPulse,FlashCannon,BodyPress|||F|||50|,,,,,Bug]Incineroar||SafetyGoggles|Intimidate|FlareBlitz,KnockOff,PartingShot,FakeOut|||F|||50|,,,,,Ghost]Kingdra||LifeOrb|SwiftSwim|DracoMeteor,WeatherBall,Protect,MuddyWater|||F|||50|,,,,,Stellar]Amoonguss||SitrusBerry|Regenerator|PollenPuff,Protect,RagePowder,Spore|||M|||50|,,,,,Psychic]Rillaboom||LoadedDice|GrassySurge|BulletSeed,GrassyGlide,HighHorsepower,FakeOut|||M|||50|,,,,,Fire
|
|t:|1757814639
|teamsize|p1|4
|teamsize|p2|4
|start
|switch|p1a: Archaludon|Archaludon, L50, F, shiny|100/100
|switch|p1b: Dragonite|Dragonite, L50, F, shiny|100/100
|switch|p2a: Kingdra|Kingdra, L50, F|100/100
|switch|p2b: Rillaboom|Rillaboom, L50, M|100/100
|-fieldstart|move: Grassy Terrain|[from] ability: Grassy Surge|[of] p2b: Rillaboom
|turn|1
|
|t:|1757814675
|move|p2a: Kingdra|Protect|p2a: Kingdra
|-singleturn|p2a: Kingdra|Protect
|move|p1b: Dragonite|Protect|p1b: Dragonite
|-singleturn|p1b: Dragonite|Protect
|move|p2b: Rillaboom|Fake Out|p1b: Dragonite
|-activate|p1b: Dragonite|move: Protect
|move|p1a: Archaludon|Dragon Pulse|p2a: Kingdra
|-activate|p2a: Kingdra|move: Protect
|
|upkeep
|turn|2
|
|t:|1757814705
|-terastallize|p2a: Kingdra|Stellar
|-terastallize|p1b: Dragonite|Fairy
|move|p2a: Kingdra|Draco Meteor|p1b: Dragonite
|-immune|p1b: Dragonite
|move|p1b: Dragonite|Scale Shot|p1a: Archaludon
|-damage|p1a: Archaludon|90/100
|-ability|p1a: Archaludon|Stamina|boost
|-boost|p1a: Archaludon|def|1
|-damage|p1a: Archaludon|83/100
|-ability|p1a: Archaludon|Stamina|boost
|-boost|p1a: Archaludon|def|1
|-damage|p1a: Archaludon|78/100
|-ability|p1a: Archaludon|Stamina|boost
|-boost|p1a: Archaludon|def|1
|-damage|p1a: Archaludon|74/100
|-ability|p1a: Archaludon|Stamina|boost
|-boost|p1a: Archaludon|def|1
|-damage|p1a: Archaludon|70/100
|-ability|p1a: Archaludon|Stamina|boost
|-boost|p1a: Archaludon|def|1
|-hitcount|p1a: Archaludon|5
|-unboost|p1b: Dragonite|def|1
|-boost|p1b: Dragonite|spe|1
|move|p1a: Archaludon|Body Press|p2b: Rillaboom
|-damage|p2b: Rillaboom|19/100
|move|p2b: Rillaboom|Bullet Seed|p1b: Dragonite
|-damage|p1b: Dragonite|86/100
|-damage|p1b: Dragonite|58/100
|-damage|p1b: Dragonite|27/100
|-damage|p1b: Dragonite|0 fnt
|faint|p1b: Dragonite
|-hitcount|p1: Dragonite|4
|
|-heal|p2b: Rillaboom|25/100|[from] Grassy Terrain
|-heal|p1a: Archaludon|77/100|[from] Grassy Terrain
|upkeep
|
|t:|1757814756
|switch|p1b: Amoonguss|Amoonguss, L50, M, shiny|100/100
|turn|3
|
|t:|1757814780
|switch|p2a: Archaludon|Archaludon, L50, F|100/100
|move|p1a: Archaludon|Dragon Pulse|p2a: Archaludon
|-damage|p2a: Archaludon|71/100
|-ability|p2a: Archaludon|Stamina|boost
|-boost|p2a: Archaludon|def|1
|move|p2b: Rillaboom|Bullet Seed|p2a: Archaludon
|-resisted|p2a: Archaludon
|-damage|p2a: Archaludon|69/100
|-ability|p2a: Archaludon|Stamina|boost
|-boost|p2a: Archaludon|def|1
|-resisted|p2a: Archaludon
|-damage|p2a: Archaludon|67/100
|-ability|p2a: Archaludon|Stamina|boost
|-boost|p2a: Archaludon|def|1
|-resisted|p2a: Archaludon
|-damage|p2a: Archaludon|66/100
|-ability|p2a: Archaludon|Stamina|boost
|-boost|p2a: Archaludon|def|1
|-resisted|p2a: Archaludon
|-damage|p2a: Archaludon|65/100
|-ability|p2a: Archaludon|Stamina|boost
|-boost|p2a: Archaludon|def|1
|-hitcount|p2a: Archaludon|4
|move|p1b: Amoonguss|Pollen Puff|p1a: Archaludon
|-heal|p1a: Archaludon|100/100
|
|-heal|p2b: Rillaboom|31/100|[from] Grassy Terrain
|-heal|p2a: Archaludon|71/100|[from] Grassy Terrain
|upkeep
|turn|4
|
|t:|1757814805
|move|p1a: Archaludon|Body Press|p2b: Rillaboom
|-damage|p2b: Rillaboom|0 fnt
|faint|p2b: Rillaboom
|move|p2a: Archaludon|Body Press|p1a: Archaludon
|-supereffective|p1a: Archaludon
|-damage|p1a: Archaludon|64/100
|-ability|p1a: Archaludon|Stamina|boost
|-boost|p1a: Archaludon|def|1
|move|p1b: Amoonguss|Spore|p2a: Archaludon
|-status|p2a: Archaludon|slp|[from] move: Spore
|
|-heal|p1a: Archaludon|70/100|[from] Grassy Terrain
|-heal|p2a: Archaludon|78/100 slp|[from] Grassy Terrain
|upkeep
|
|t:|1757814818
|switch|p2b: Kingdra|Kingdra, L50, F, tera:Stellar|100/100
|turn|5
|
|t:|1757814856
|move|p2b: Kingdra|Protect|p2b: Kingdra
|-singleturn|p2b: Kingdra|Protect
|move|p1a: Archaludon|Body Press|p2b: Kingdra
|-activate|p2b: Kingdra|move: Protect
|cant|p2a: Archaludon|slp
|move|p1b: Amoonguss|Pollen Puff|p1a: Archaludon
|-heal|p1a: Archaludon|100/100
|
|-heal|p2a: Archaludon|84/100 slp|[from] Grassy Terrain
|-fieldend|move: Grassy Terrain
|upkeep
|turn|6
|inactive|Battle timer is ON: inactive players will automatically lose when time's up. (requested by Pikapoololol)
|
|t:|1757814885
|move|p2b: Kingdra|Draco Meteor|p1a: Archaludon
|-damage|p1a: Archaludon|26/100
|-unboost|p2b: Kingdra|spa|2
|-damage|p2b: Kingdra|91/100|[from] item: Life Orb
|move|p1a: Archaludon|Body Press|p2b: Kingdra
|-damage|p2b: Kingdra|0 fnt
|faint|p2b: Kingdra
|cant|p2a: Archaludon|slp
|move|p1b: Amoonguss|Spore|p2a: Archaludon
|-fail|p2a: Archaludon|slp
|
|upkeep
|
|t:|1757814894
|switch|p2b: Pelipper|Pelipper, L50, F|100/100
|-weather|RainDance|[from] ability: Drizzle|[of] p2b: Pelipper
|turn|7
|
|t:|1757814913
|move|p1b: Amoonguss|Protect|p1b: Amoonguss
|-singleturn|p1b: Amoonguss|Protect
|move|p1a: Archaludon|Electro Shot||[still]
|-prepare|p1a: Archaludon|Electro Shot
|-boost|p1a: Archaludon|spa|1
|-anim|p1a: Archaludon|Electro Shot|p2b: Pelipper
|-supereffective|p2b: Pelipper
|-enditem|p2b: Pelipper|Focus Sash
|-damage|p2b: Pelipper|1/100
|cant|p2a: Archaludon|slp
|move|p2b: Pelipper|Hurricane|p1a: Archaludon
|-resisted|p1a: Archaludon
|-damage|p1a: Archaludon|8/100
|
|-weather|RainDance|[upkeep]
|upkeep
|turn|8
|inactive|manspread has 30 seconds left.
|
|t:|1757814940
|move|p1b: Amoonguss|Rage Powder|p1b: Amoonguss
|-singleturn|p1b: Amoonguss|move: Rage Powder
|move|p1a: Archaludon|Electro Shot||[still]
|-prepare|p1a: Archaludon|Electro Shot
|-boost|p1a: Archaludon|spa|1
|-anim|p1a: Archaludon|Electro Shot|p2b: Pelipper
|-supereffective|p2b: Pelipper
|-damage|p2b: Pelipper|0 fnt
|faint|p2b: Pelipper
|-curestatus|p2a: Archaludon|slp|[msg]
|move|p2a: Archaludon|Body Press|p1b: Amoonguss
|-resisted|p1b: Amoonguss
|-damage|p1b: Amoonguss|70/100
|
|-weather|RainDance|[upkeep]
|upkeep
|turn|9
|-message|Pikapoololol forfeited.
|
|win|manspread
|l|☆Pikapoololol
|player|p2|
||Pikapoololol is ready for game 2.
||manspread is ready for game 2.
|uhtml|next|Next: Game 2 of 3
|j|☆Pikapoololol
|player|p2|Pikapoololol|ninjaboy|
