|j|☆Giocostorto
|j|☆Patata Navidenya
|html|GiocostortoPatata Navidenya    
|uhtml|bestof|Game 2 of a best-of-3
|t:|1756933127
|gametype|doubles
|player|p1|Giocostorto|palmer|1229
|player|p2|Patata Navidenya|cilan|1277
|gen|9
|tier|[Gen 9] VGC 2025 Reg H (Bo3)
|rated|
|rule|Species Clause: Limit one of each Pokémon
|rule|Item Clause: Limit 1 of each item
|clearpoke
|poke|p1|Misdreavus, L50, F|
|poke|p1|Gothitelle, L50, F|
|poke|p1|Amoonguss, L50, M|
|poke|p1|Incineroar, L50, M|
|poke|p1|Primarina, L50, F|
|poke|p1|Ursaluna, L50, M|
|poke|p2|Pelipper, L50, F|
|poke|p2|Archaludon, L50, M|
|poke|p2|Sinistcha, L50|
|poke|p2|Incineroar, L50, F|
|poke|p2|Ursaluna, L50, F|
|poke|p2|Dragonite, L50, F|
|teampreview|4
|showteam|p1|Misdreavus||Eviolite|Levitate|Protect,PerishSong,TrickRoom,ShadowBall|||F|||50|,,,,,Fire]Gothitelle||SafetyGoggles|ShadowTag|Protect,Psychic,TrickRoom,FakeOut|||F|||50|,,,,,Water]Amoonguss||MentalHerb|Regenerator|Protect,Spore,RagePowder,PollenPuff|||M|||50|,,,,,Dark]Incineroar||MirrorHerb|Intimidate|Protect,FlareBlitz,FakeOut,PartingShot|||M|||50|,,,,,Grass]Primarina||SitrusBerry|LiquidVoice|Protect,Moonblast,PerishSong,HyperVoice|||F|||50|,,,,,Steel]Ursaluna||FlameOrb|Guts|Protect,HeadlongRush,Earthquake,Facade|||M|||50|,,,,,Ghost
|showteam|p2|Pelipper||FocusSash|Drizzle|MuddyWater,Hurricane,Tailwind,Protect|||F|||50|,,,,,Ghost]Archaludon||AssaultVest|Stamina|FlashCannon,ElectroShot,BodyPress,Snarl|||M|||50|,,,,,Bug]Sinistcha||SitrusBerry|Hospitality|MatchaGotcha,LifeDew,RagePowder,TrickRoom||||||50|,,,,,Fire]Incineroar||SafetyGoggles|Intimidate|KnockOff,Taunt,PartingShot,FakeOut|||F|||50|,,,,,Ghost]Ursaluna||FlameOrb|Guts|HeadlongRush,Earthquake,Facade,Protect|||F|||50|,,,,,Ghost]Dragonite||LoadedDice|Multiscale|ScaleShot,Tailwind,Haze,Protect|||F|||50|,,,,,Steel
|inactive|Battle timer is ON: inactive players will automatically lose when time's up. (requested by Giocostorto)
|inactive|Patata Navidenya also wants the timer to be on.
|inactive|Patata Navidenya has 60 seconds left.
|
|t:|1756933163
|teamsize|p1|4
|teamsize|p2|4
|start
|switch|p1a: Gothitelle|Gothitelle, L50, F|100/100
|switch|p1b: Primarina|Primarina, L50, F|100/100
|switch|p2a: Sinistcha|Sinistcha, L50|100/100
|switch|p2b: Incineroar|Incineroar, L50, F|100/100
|-ability|p2b: Incineroar|Intimidate|boost
|-unboost|p1a: Gothitelle|atk|1
|-unboost|p1b: Primarina|atk|1
|turn|1
|inactive|Patata Navidenya has 30 seconds left.
|
|t:|1756933189
|-terastallize|p2b: Incineroar|Ghost
|move|p1a: Gothitelle|Protect|p1a: Gothitelle
|-singleturn|p1a: Gothitelle|Protect
|move|p1b: Primarina|Protect|p1b: Primarina
|-singleturn|p1b: Primarina|Protect
|move|p2b: Incineroar|Fake Out|p1b: Primarina
|-activate|p1b: Primarina|move: Protect
|move|p2a: Sinistcha|Trick Room|p2a: Sinistcha
|-fieldstart|move: Trick Room|[of] p2a: Sinistcha
|
|upkeep
|turn|2
|inactive|Giocostorto has 30 seconds left.
|
|t:|1756933214
|switch|p1a: Ursaluna|Ursaluna, L50, M|100/100
|move|p2b: Incineroar|Knock Off|p1a: Ursaluna
|-damage|p1a: Ursaluna|75/100
|-enditem|p1a: Ursaluna|Flame Orb|[from] move: Knock Off|[of] p2b: Incineroar
|move|p1b: Primarina|Moonblast|p2a: Sinistcha
|-crit|p2a: Sinistcha
|-damage|p2a: Sinistcha|26/100
|-enditem|p2a: Sinistcha|Sitrus Berry|[eat]
|-heal|p2a: Sinistcha|51/100|[from] item: Sitrus Berry
|move|p2a: Sinistcha|Matcha Gotcha|p1b: Primarina|[spread] p1b
|-miss|p2a: Sinistcha|p1a: Ursaluna
|-supereffective|p1b: Primarina
|-damage|p1b: Primarina|54/100
|-heal|p2a: Sinistcha|75/100|[from] drain|[of] p1b: Primarina
|-status|p1b: Primarina|brn
|
|-damage|p1b: Primarina|48/100 brn|[from] brn
|upkeep
|-enditem|p1b: Primarina|Sitrus Berry|[eat]
|-heal|p1b: Primarina|73/100 brn|[from] item: Sitrus Berry
|turn|3
|inactive|Giocostorto has 30 seconds left.
|inactive|Patata Navidenya has 30 seconds left.
|inactive|Giocostorto has 20 seconds left.
|inactive|Giocostorto has 15 seconds left.
|inactive|Patata Navidenya has 20 seconds left.
|inactive|Giocostorto has 10 seconds left.
|
|t:|1756933264
|switch|p2b: Pelipper|Pelipper, L50, F|100/100
|-weather|RainDance|[from] ability: Drizzle|[of] p2b: Pelipper
|move|p1a: Ursaluna|Headlong Rush|p2b: Pelipper
|-immune|p2b: Pelipper
|move|p1b: Primarina|Moonblast|p2b: Pelipper
|-damage|p2b: Pelipper|14/100
|move|p2a: Sinistcha|Matcha Gotcha|p1b: Primarina|[spread] p1b
|-miss|p2a: Sinistcha|p1a: Ursaluna
|-supereffective|p1b: Primarina
|-damage|p1b: Primarina|24/100 brn
|-heal|p2a: Sinistcha|100/100|[from] drain|[of] p1b: Primarina
|
|-weather|RainDance|[upkeep]
|-damage|p1b: Primarina|18/100 brn|[from] brn
|upkeep
|turn|4
|inactive|Giocostorto has 30 seconds left.
|inactive|Giocostorto has 20 seconds left.
|inactive|Giocostorto has 15 seconds left.
|
|t:|1756933309
|switch|p1b: Amoonguss|Amoonguss, L50, M|100/100
|switch|p2b: Incineroar|Incineroar, L50, F, tera:Ghost|100/100
|-ability|p2b: Incineroar|Intimidate|boost
|-unboost|p1a: Ursaluna|atk|1
|-unboost|p1b: Amoonguss|atk|1
|-terastallize|p1a: Ursaluna|Ghost
|move|p1a: Ursaluna|Facade|p2b: Incineroar
|-immune|p2b: Incineroar
|move|p2a: Sinistcha|Matcha Gotcha|p1a: Ursaluna|[spread] p1a,p1b
|-resisted|p1b: Amoonguss
|-damage|p1a: Ursaluna|51/100
|-damage|p1b: Amoonguss|94/100
|-status|p1b: Amoonguss|brn
|
|-weather|RainDance|[upkeep]
|-damage|p1b: Amoonguss|88/100 brn|[from] brn
|upkeep
|turn|5
|inactive|Giocostorto has 30 seconds left.
|inactive|Patata Navidenya has 30 seconds left.
|inactive|Giocostorto has 20 seconds left.
|inactive|Giocostorto has 15 seconds left.
|
|t:|1756933352
|switch|p1a: Primarina|Primarina, L50, F|18/100 brn
|move|p2b: Incineroar|Fake Out|p1b: Amoonguss
|-damage|p1b: Amoonguss|80/100 brn
|cant|p1b: Amoonguss|flinch
|move|p2a: Sinistcha|Matcha Gotcha|p1b: Amoonguss|[spread] p1b
|-miss|p2a: Sinistcha|p1a: Primarina
|-resisted|p1b: Amoonguss
|-damage|p1b: Amoonguss|75/100 brn
|
|-weather|RainDance|[upkeep]
|-damage|p1b: Amoonguss|69/100 brn|[from] brn
|-damage|p1a: Primarina|12/100 brn|[from] brn
|-fieldend|move: Trick Room
|upkeep
|turn|6
|inactive|Giocostorto has 30 seconds left.
|
|t:|1756933380
|move|p2a: Sinistcha|Matcha Gotcha|p1b: Amoonguss|[spread] p1a,p1b
|-supereffective|p1a: Primarina
|-resisted|p1b: Amoonguss
|-damage|p1a: Primarina|0 fnt
|-damage|p1b: Amoonguss|63/100 brn
|faint|p1a: Primarina
|move|p2b: Incineroar|Taunt|p1b: Amoonguss
|-start|p1b: Amoonguss|move: Taunt
|-enditem|p1b: Amoonguss|Mental Herb
|-end|p1b: Amoonguss|move: Taunt
|move|p1b: Amoonguss|Pollen Puff|p1: Primarina|[notarget]
|-fail|p1b: Amoonguss
|
|-weather|RainDance|[upkeep]
|-damage|p1b: Amoonguss|57/100 brn|[from] brn
|upkeep
|-message|Giocostorto forfeited.
|
|win|Patata Navidenya
||Patata Navidenya is ready for game 3.
||Giocostorto is ready for game 3.
|uhtml|next|Next: Game 3 of 3
|l|☆Patata Navidenya
|player|p2|
|l|☆Giocostorto
|player|p1|
|j|☆Patata Navidenya
|player|p2|Patata Navidenya|cilan|
