|j|☆n4t3dp
|j|☆Tegboy
|html|n4t3dpTegboy    
|uhtml|bestof|Game 2 of a best-of-3
|t:|1784603523
|gametype|doubles
|player|p1|n4t3dp|archie-gen3|
|player|p2|Tegboy|101|
|gen|9
|tier|[Gen 9 Champions] VGC 2026 Reg M-B (Bo3)
|rule|Species Clause: Limit one of each Pokémon
|rule|Item Clause: Limit 1 of each item
|clearpoke
|poke|p1|Incineroar, L50, F|
|poke|p1|Oranguru, L50, F, shiny|
|poke|p1|Espeon, L50, F|
|poke|p1|Kangaskhan, L50, F|
|poke|p1|Blastoise, L50, M, shiny|
|poke|p1|Ceruledge, L50, M|
|poke|p2|Sinistcha, L50|
|poke|p2|Torkoal, L50, M|
|poke|p2|Malamar, L50, M|
|poke|p2|Kangaskhan, L50, F|
|poke|p2|Mawile, L50, F|
|poke|p2|Vaporeon, L50, F|
|teampreview|4
|showteam|p1|Incineroar||SitrusBerry|Intimidate|FakeOut,WillOWisp,PartingShot,FlareBlitz|Brave||F|||50|]Oranguru||LumBerry|InnerFocus|Instruct,Psychic,RainDance,TrickRoom|Calm||F|||50|]Espeon||FocusSash|MagicBounce|PowerGem,Psychic,Roar,Detect|Modest||F|||50|]Kangaskhan||Kangaskhanite|Scrappy|FakeOut,DoubleEdge,SuckerPunch,ThunderPunch|Adamant||F|||50|]Blastoise||Blastoisinite|RainDish|WaterSpout,WaterPulse,DarkPulse,Protect|Quiet||M|||50|]Ceruledge||ColburBerry|FlashFire|BitterBlade,ShadowSneak,XScissor,AllySwitch|Adamant||M|||50|
|showteam|p2|Sinistcha||ColburBerry|Hospitality|MatchaGotcha,RagePowder,TrickRoom,StrengthSap|Sassy|||||50|]Torkoal||Charcoal|Drought|SolarBeam,WeatherBall,Protect,EarthPower|Quiet||M|||50|]Malamar||Malamarite|Contrary|Superpower,KnockOff,Protect,TrickRoom|Brave||M|||50|]Kangaskhan||LifeOrb|Scrappy|FakeOut,HammerArm,DoubleEdge,Disable|Brave||F|||50|]Mawile||Mawilite|HyperCutter|PlayRough,RockSlide,SuckerPunch,Protect|Adamant||F|||50|]Vaporeon||Leftovers|WaterAbsorb|IceBeam,Scald,CalmMind,Protect|Bold||F|||50|
|c|☆n4t3dp|for what its worth the player you replaced is the one who hard countered me last season with wide guard
|c|☆n4t3dp|thought i learned from my mistakes
|c|☆Tegboy|always something new
|c|☆Tegboy|i might fumble too
|
|t:|1784603578
|teamsize|p1|4
|teamsize|p2|4
|start
|switch|p1a: Kangaskhan|Kangaskhan, L50, F|100/100
|switch|p1b: Ceruledge|Ceruledge, L50, M|100/100
|switch|p2a: Vaporeon|Vaporeon, L50, F|100/100
|switch|p2b: Kangaskhan|Kangaskhan, L50, F|100/100
|turn|1
|
|t:|1784603604
|detailschange|p1a: Kangaskhan|Kangaskhan-Mega, L50, F
|-mega|p1a: Kangaskhan|Kangaskhan|Kangaskhanite
|move|p2a: Vaporeon|Protect|p2a: Vaporeon
|-singleturn|p2a: Vaporeon|Protect
|move|p1a: Kangaskhan|Fake Out|p2b: Kangaskhan
|-damage|p2b: Kangaskhan|76/100
|-damage|p2b: Kangaskhan|71/100
|-hitcount|p2b: Kangaskhan|2
|cant|p2b: Kangaskhan|flinch
|move|p1b: Ceruledge|X-Scissor|p2a: Vaporeon
|-activate|p2a: Vaporeon|move: Protect
|
|upkeep
|turn|2
|
|t:|1784603625
|switch|p1b: Incineroar|Incineroar, L50, F|100/100
|-ability|p1b: Incineroar|Intimidate|boost
|-unboost|p2a: Vaporeon|atk|1
|-fail|p2b: Kangaskhan|unboost|Attack|[from] ability: Scrappy|[of] p2b: Kangaskhan
|move|p1a: Kangaskhan|Thunder Punch|p2a: Vaporeon
|-supereffective|p2a: Vaporeon|1
|-damage|p2a: Vaporeon|57/100
|-supereffective|p2a: Vaporeon|1
|-damage|p2a: Vaporeon|48/100
|-hitcount|p2a: Vaporeon|2
|move|p2b: Kangaskhan|Hammer Arm|p1a: Kangaskhan
|-supereffective|p1a: Kangaskhan|1
|-damage|p1a: Kangaskhan|18/100
|-unboost|p2b: Kangaskhan|spe|1
|-damage|p2b: Kangaskhan|61/100|[from] item: Life Orb
|move|p2a: Vaporeon|Calm Mind|p2a: Vaporeon
|-boost|p2a: Vaporeon|spa|1
|-boost|p2a: Vaporeon|spd|1
|
|-heal|p2a: Vaporeon|54/100|[from] item: Leftovers
|upkeep
|turn|3
|
|t:|1784603684
|switch|p2b: Sinistcha|Sinistcha, L50|100/100
|-heal|p2a: Vaporeon|79/100|[from] ability: Hospitality|[of] p2b: Sinistcha
|move|p1a: Kangaskhan|Double-Edge|p2b: Sinistcha
|-immune|p2b: Sinistcha
|move|p2a: Vaporeon|Scald|p1a: Kangaskhan
|-damage|p1a: Kangaskhan|0 fnt
|faint|p1a: Kangaskhan
|move|p1b: Incineroar|Parting Shot|p2a: Vaporeon
|-unboost|p2a: Vaporeon|atk|1
|-unboost|p2a: Vaporeon|spa|1
|
|t:|1784603694
|switch|p1b: Ceruledge|Ceruledge, L50, M|100/100|[from] Parting Shot
|
|-heal|p2a: Vaporeon|85/100|[from] item: Leftovers
|upkeep
|
|t:|1784603698
|switch|p1a: Incineroar|Incineroar, L50, F|100/100
|-ability|p1a: Incineroar|Intimidate|boost
|-unboost|p2a: Vaporeon|atk|1
|-unboost|p2b: Sinistcha|atk|1
|turn|4
|
|t:|1784603717
|move|p1b: Ceruledge|Bitter Blade|p2b: Sinistcha
|-supereffective|p2b: Sinistcha|1
|-damage|p2b: Sinistcha|5/100
|move|p2a: Vaporeon|Calm Mind|p2a: Vaporeon
|-boost|p2a: Vaporeon|spa|1
|-boost|p2a: Vaporeon|spd|1
|move|p1a: Incineroar|Will-O-Wisp|p1b: Ceruledge
|-start|p1b: Ceruledge|ability: Flash Fire
|move|p2b: Sinistcha|Trick Room|p2b: Sinistcha
|-fieldstart|move: Trick Room|[of] p2b: Sinistcha
|
|-heal|p2a: Vaporeon|91/100|[from] item: Leftovers
|upkeep
|turn|5
|c|☆n4t3dp|im so cooked smh
|
|t:|1784603739
|move|p1b: Ceruledge|Ally Switch|p1b: Ceruledge
|swap|p1b: Ceruledge|0|[from] move: Ally Switch
|move|p1b: Incineroar|Parting Shot|p2a: Vaporeon
|-unboost|p2a: Vaporeon|atk|1
|-unboost|p2a: Vaporeon|spa|1
|
|t:|1784603743
|switch|p1b: Maurice|Oranguru, L50, F, shiny|100/100|[from] Parting Shot
|move|p2b: Sinistcha|Strength Sap|p1b: Maurice
|-unboost|p1b: Maurice|atk|1
|-heal|p2b: Sinistcha|45/100
|move|p2a: Vaporeon|Scald|p1b: Maurice
|-crit|p1b: Maurice
|-damage|p1b: Maurice|68/100
|
|-heal|p2a: Vaporeon|97/100|[from] item: Leftovers
|upkeep
|turn|6
|
|t:|1784603774
|-end|p1a: Ceruledge|ability: Flash Fire|[silent]
|switch|p1a: Incineroar|Incineroar, L50, F|100/100
|-ability|p1a: Incineroar|Intimidate|boost
|-unboost|p2a: Vaporeon|atk|1
|-unboost|p2b: Sinistcha|atk|1
|move|p2b: Sinistcha|Strength Sap|p1a: Incineroar
|-unboost|p1a: Incineroar|atk|1
|-heal|p2b: Sinistcha|100/100
|move|p2a: Vaporeon|Calm Mind|p2a: Vaporeon
|-boost|p2a: Vaporeon|spa|1
|-boost|p2a: Vaporeon|spd|1
|move|p1b: Maurice|Trick Room|p1b: Maurice
|-fieldend|move: Trick Room
|
|-heal|p2a: Vaporeon|100/100|[from] item: Leftovers
|upkeep
|turn|7
|c|☆n4t3dp|i really got nothing
|
|t:|1784603811
|move|p2b: Sinistcha|Rage Powder|p2b: Sinistcha
|-singleturn|p2b: Sinistcha|move: Rage Powder
|move|p2a: Vaporeon|Scald|p1a: Incineroar
|-supereffective|p1a: Incineroar|1
|-damage|p1a: Incineroar|15/100
|-enditem|p1a: Incineroar|Sitrus Berry|[eat]
|-heal|p1a: Incineroar|40/100|[from] item: Sitrus Berry
|move|p1a: Incineroar|Flare Blitz|p2b: Sinistcha
|-supereffective|p2b: Sinistcha|1
|-damage|p2b: Sinistcha|22/100
|-status|p2b: Sinistcha|brn
|-damage|p1a: Incineroar|17/100|[from] Recoil
|move|p1b: Maurice|Trick Room|p1b: Maurice
|-fieldstart|move: Trick Room|[of] p1b: Maurice
|
|-damage|p2b: Sinistcha|15/100 brn|[from] brn
|upkeep
|turn|8
|
|t:|1784603835
|move|p1a: Incineroar|Flare Blitz|p2b: Sinistcha
|-supereffective|p2b: Sinistcha|1
|-damage|p2b: Sinistcha|0 fnt
|faint|p2b: Sinistcha
|-damage|p1a: Incineroar|13/100|[from] Recoil
|move|p2a: Vaporeon|Scald|p1a: Incineroar
|-supereffective|p1a: Incineroar|1
|-damage|p1a: Incineroar|0 fnt
|faint|p1a: Incineroar
|move|p1b: Maurice|Instruct|p1: Incineroar|[notarget]
|-fail|p1b: Maurice
|
|upkeep
|
|t:|1784603847
|switch|p1a: Ceruledge|Ceruledge, L50, M|100/100
|switch|p2b: Malamar|Malamar, L50, M|100/100
|turn|9
|c|☆n4t3dp|at least i got a ko
|
|t:|1784603873
|detailschange|p2b: Malamar|Malamar-Mega, L50, M
|-mega|p2b: Malamar|Malamar|Malamarite
|move|p2a: Vaporeon|Scald|p1a: Ceruledge
|-supereffective|p1a: Ceruledge|1
|-damage|p1a: Ceruledge|10/100
|move|p2b: Malamar|Knock Off|p1a: Ceruledge
|-supereffective|p1a: Ceruledge|1
|-crit|p1a: Ceruledge
|-enditem|p1a: Ceruledge|Colbur Berry|[eat]
|-enditem|p1a: Ceruledge|Colbur Berry|[weaken]
|-damage|p1a: Ceruledge|0 fnt
|faint|p1a: Ceruledge
|move|p1b: Maurice|Trick Room|p1b: Maurice
|-fieldend|move: Trick Room
|
|upkeep
|turn|10
|c|☆n4t3dp|ggs
|c|☆Tegboy|ggs
|
|t:|1784603891
|move|p2b: Malamar|Knock Off|p1b: Maurice
|-supereffective|p1b: Maurice|1
|-damage|p1b: Maurice|0 fnt
|-enditem|p1b: Maurice|Lum Berry|[from] move: Knock Off|[of] p2b: Malamar
|faint|p1b: Maurice
|
|win|Tegboy
|c|☆Tegboy|my prep came in clutch
