|j|☆psyducktile
|j|☆KingBhad
|html|psyducktileKingBhad    
|uhtml|bestof|Game 2 of a best-of-3
|t:|1757914545
|gametype|doubles
|player|p1|psyducktile|emmet|1069
|player|p2|KingBhad|pokemaniac|1025
|gen|9
|tier|[Gen 9] VGC 2025 Reg H (Bo3)
|rated|
|rule|Species Clause: Limit one of each Pokémon
|rule|Item Clause: Limit 1 of each item
|clearpoke
|poke|p1|Rillaboom, L50, M|
|poke|p1|Volcarona, L50, M|
|poke|p1|Basculegion, L50, M|
|poke|p1|Incineroar, L50, M|
|poke|p1|Ninetales-Alola, L50, F|
|poke|p1|Ursaluna-Bloodmoon, L50, M|
|poke|p2|Tyranitar, L50, F|
|poke|p2|Excadrill, L50, F|
|poke|p2|Rotom-Heat, L50|
|poke|p2|Corviknight, L50, F|
|poke|p2|Amoonguss, L50, M|
|poke|p2|Gastrodon, L50, M|
|teampreview|4
|showteam|p1|Rillaboom||AssaultVest|GrassySurge|WoodHammer,GrassyGlide,FakeOut,HighHorsepower|||M|||50|,,,,,Fire]Volcarona||GrassySeed|FlameBody|HeatWave,TeraBlast,QuiverDance,Protect|||M|||50|,,,,,Fairy]Basculegion||ChoiceScarf|Adaptability|WaveCrash,LastRespects,FlipTurn,AquaJet|||M|||50|,,,,,Water]Incineroar||SafetyGoggles|Intimidate|FlareBlitz,KnockOff,FakeOut,PartingShot|||M|||50|,,,,,Ghost]Ninetales-Alola||FocusSash|SnowWarning|Blizzard,FreezeDry,AuroraVeil,Protect|||F|||50|,,,,,Ice]Ursaluna-Bloodmoon||Leftovers|MindsEye|BloodMoon,EarthPower,Yawn,Protect|||M|||50|,,,,,Water
|showteam|p2|Tyranitar||AssaultVest|SandStream|RockSlide,KnockOff,BrickBreak,TeraBlast|||F|||50|,,,,,Flying]Excadrill||FocusSash|SandRush|Earthquake,IronHead,SwordsDance,Protect|||F|||50|,,,,,Ground]Rotom-Heat||ChoiceSpecs|Levitate|Overheat,VoltSwitch,Discharge,Trick||||||50|,,,,,Electric]Corviknight||Leftovers|MirrorArmor|BraveBird,Tailwind,BulkUp,Roost|||F|||50|,,,,,Dragon]Amoonguss||RockyHelmet|Regenerator|Spore,RagePowder,SludgeBomb,Protect|||M|||50|,,,,,Water]Gastrodon||SitrusBerry|StormDrain|IcyWind,ClearSmog,Yawn,Recover|||M|||50|,,,,,Fire
|inactive|Battle timer is ON: inactive players will automatically lose when time's up. (requested by KingBhad)
|inactive|psyducktile has 60 seconds left.
|inactive|KingBhad has 60 seconds left.
|
|t:|1757914587
|teamsize|p1|4
|teamsize|p2|4
|start
|switch|p1a: Volcarona|Volcarona, L50, M|100/100
|switch|p1b: Basculegion|Basculegion, L50, M|100/100
|switch|p2a: Excadrill|Excadrill, L50, F|100/100
|switch|p2b: Tyranitar|Tyranitar, L50, F|100/100
|-weather|Sandstorm|[from] ability: Sand Stream|[of] p2b: Tyranitar
|turn|1
|inactive|KingBhad has 30 seconds left.
|inactive|KingBhad has 20 seconds left.
|inactive|KingBhad has 15 seconds left.
|inactive|KingBhad has 10 seconds left.
|
|t:|1757914634
|switch|p2b: Corviknight|Corviknight, L50, F|100/100
|-terastallize|p2a: Excadrill|Ground
|move|p1a: Volcarona|Protect|p1a: Volcarona
|-singleturn|p1a: Volcarona|Protect
|move|p2a: Excadrill|Earthquake|p1a: Volcarona|[spread] p1b
|-activate|p1a: Volcarona|move: Protect
|-immune|p2b: Corviknight
|-damage|p1b: Basculegion|34/100
|move|p1b: Basculegion|Flip Turn|p2a: Excadrill
|-supereffective|p2a: Excadrill
|-enditem|p2a: Excadrill|Focus Sash
|-damage|p2a: Excadrill|1/100
|
|t:|1757914644
|switch|p1b: Ninetales|Ninetales-Alola, L50, F|100/100|[from] Flip Turn
|-weather|Snowscape|[from] ability: Snow Warning|[of] p1b: Ninetales
|
|-weather|Snowscape|[upkeep]
|upkeep
|turn|2
|inactive|KingBhad has 30 seconds left.
|inactive|KingBhad has 20 seconds left.
|inactive|KingBhad has 15 seconds left.
|inactive|KingBhad has 10 seconds left.
|
|t:|1757914689
|-terastallize|p1a: Volcarona|Fairy
|move|p2a: Excadrill|Protect|p2a: Excadrill
|-singleturn|p2a: Excadrill|Protect
|move|p1b: Ninetales|Freeze-Dry|p2a: Excadrill
|-activate|p2a: Excadrill|move: Protect
|move|p1a: Volcarona|Quiver Dance|p1a: Volcarona
|-boost|p1a: Volcarona|spa|1
|-boost|p1a: Volcarona|spd|1
|-boost|p1a: Volcarona|spe|1
|move|p2b: Corviknight|Tailwind|p2b: Corviknight
|-sidestart|p2: KingBhad|move: Tailwind
|
|-weather|Snowscape|[upkeep]
|upkeep
|turn|3
|inactive|psyducktile has 30 seconds left.
|
|t:|1757914722
|switch|p2b: Tyranitar|Tyranitar, L50, F|100/100
|-weather|Sandstorm|[from] ability: Sand Stream|[of] p2b: Tyranitar
|move|p2a: Excadrill|Iron Head|p1a: Volcarona
|-supereffective|p1a: Volcarona
|-damage|p1a: Volcarona|0 fnt
|faint|p1a: Volcarona
|move|p1b: Ninetales|Freeze-Dry|p2a: Excadrill
|-supereffective|p2a: Excadrill
|-damage|p2a: Excadrill|0 fnt
|faint|p2a: Excadrill
|
|-weather|Sandstorm|[upkeep]
|-damage|p1b: Ninetales|94/100|[from] Sandstorm
|upkeep
|c|☆psyducktile|i did not think i died to that
|inactive|KingBhad has 30 seconds left.
|
|t:|1757914750
|switch|p2a: Rotom|Rotom-Heat, L50|100/100
|switch|p1a: Rillaboom|Rillaboom, L50, M|100/100
|-fieldstart|move: Grassy Terrain|[from] ability: Grassy Surge|[of] p1a: Rillaboom
|turn|4
|c|☆psyducktile|tho ig its obvious looking back
|inactive|KingBhad has 30 seconds left.
|inactive|KingBhad has 20 seconds left.
|inactive|KingBhad has 15 seconds left.
|
|t:|1757914793
|move|p1b: Ninetales|Protect|p1b: Ninetales
|-singleturn|p1b: Ninetales|Protect
|move|p1a: Rillaboom|Fake Out|p2a: Rotom
|-damage|p2a: Rotom|80/100
|cant|p2a: Rotom|flinch
|move|p2b: Tyranitar|Rock Slide|p1a: Rillaboom|[spread] p1a
|-activate|p1b: Ninetales|move: Protect
|-damage|p1a: Rillaboom|70/100
|
|-weather|Sandstorm|[upkeep]
|-damage|p2a: Rotom|75/100|[from] Sandstorm
|-damage|p1b: Ninetales|88/100|[from] Sandstorm
|-damage|p1a: Rillaboom|64/100|[from] Sandstorm
|-heal|p1b: Ninetales|94/100|[from] Grassy Terrain
|-heal|p1a: Rillaboom|70/100|[from] Grassy Terrain
|upkeep
|turn|5
|inactive|KingBhad has 30 seconds left.
|
|t:|1757914821
|move|p1a: Rillaboom|Grassy Glide|p2b: Tyranitar
|-supereffective|p2b: Tyranitar
|-damage|p2b: Tyranitar|34/100
|move|p2a: Rotom|Overheat|p1a: Rillaboom
|-supereffective|p1a: Rillaboom
|-damage|p1a: Rillaboom|0 fnt
|-unboost|p2a: Rotom|spa|2
|faint|p1a: Rillaboom
|move|p1b: Ninetales|Blizzard|p2b: Tyranitar|[spread] p2a,p2b
|-resisted|p2a: Rotom
|-damage|p2a: Rotom|52/100
|-damage|p2b: Tyranitar|21/100
|move|p2b: Tyranitar|Rock Slide|p1b: Ninetales
|-supereffective|p1b: Ninetales
|-damage|p1b: Ninetales|0 fnt
|faint|p1b: Ninetales
|
|-weather|Sandstorm|[upkeep]
|-damage|p2a: Rotom|47/100|[from] Sandstorm
|-heal|p2b: Tyranitar|27/100|[from] Grassy Terrain
|-sideend|p2: KingBhad|move: Tailwind
|upkeep
|
|t:|1757914830
|switch|p1b: Basculegion|Basculegion, L50, M|34/100
|turn|6
|
|t:|1757914854
|switch|p2a: Corviknight|Corviknight, L50, F|100/100
|move|p1b: Basculegion|Last Respects|p2b: Tyranitar
|-resisted|p2b: Tyranitar
|-damage|p2b: Tyranitar|0 fnt
|faint|p2b: Tyranitar
|
|-weather|Sandstorm|[upkeep]
|-damage|p1b: Basculegion|28/100|[from] Sandstorm
|-heal|p1b: Basculegion|34/100|[from] Grassy Terrain
|upkeep
|
|t:|1757914863
|switch|p2b: Rotom|Rotom-Heat, L50|47/100
|turn|7
|
|t:|1757914871
|move|p1b: Basculegion|Last Respects|p2b: Rotom
|-damage|p2b: Rotom|0 fnt
|faint|p2b: Rotom
|move|p2a: Corviknight|Brave Bird|p1b: Basculegion
|-damage|p1b: Basculegion|0 fnt
|faint|p1b: Basculegion
|-damage|p2a: Corviknight|90/100|[from] Recoil
|
|win|KingBhad
||psyducktile is ready for game 3.
||KingBhad is ready for game 3.
|uhtml|next|Next: Game 3 of 3
|l|☆KingBhad
|player|p2|
|l|☆psyducktile
|player|p1|
