|j|☆PJG4487
|j|☆applejuice1738
|html|PJG4487applejuice1738    
|uhtml|bestof|Game 3 of a best-of-3
|t:|1783555320
|gametype|doubles
|player|p1|PJG4487|169|
|player|p2|applejuice1738|101|
|gen|9
|tier|[Gen 9 Champions] VGC 2026 Reg M-B (Bo3)
|rule|Species Clause: Limit one of each Pokémon
|rule|Item Clause: Limit 1 of each item
|clearpoke
|poke|p1|Floette-Eternal, L50, F|
|poke|p1|Arcanine-Hisui, L50, M|
|poke|p1|Blastoise, L50, F|
|poke|p1|Sableye, L50, F|
|poke|p1|Umbreon, L50, M|
|poke|p1|Tauros-Paldea-Aqua, L50, M|
|poke|p2|Torterra, L50, M|
|poke|p2|Runerigus, L50, M, shiny|
|poke|p2|Mawile, L50, F|
|poke|p2|Crabominable, L50, M, shiny|
|poke|p2|Gardevoir, L50, F, shiny|
|poke|p2|Spiritomb, L50, M|
|teampreview|4
|showteam|p1|Floette-Eternal||Floettite|FlowerVeil|LightofRuin,DazzlingGleam,Protect,PollenPuff|Modest||F|||50|]Arcanine-Hisui||LifeOrb|RockHead|HeadSmash,FlareBlitz,Snarl,Protect|Adamant||M|||50|]Blastoise||Blastoisinite|Torrent|ShellSmash,DarkPulse,AuraSphere,FakeOut|Modest||F|||50|]Sableye||LightClay|Prankster|WillOWisp,Reflect,KnockOff,FakeOut|Careful||F|||50|]Umbreon||Leftovers|InnerFocus|Toxic,FoulPlay,Protect,Yawn|Impish||M|||50|]Tauros-Paldea-Aqua||FocusSash|Intimidate|WaveCrash,Protect,CloseCombat,HighHorsepower|Adamant||M|||50|
|showteam|p2|Torterra||Leftovers|Overgrow|WoodHammer,HighHorsepower,HeavySlam,Crunch|Brave||M|||50|]Runerigus||BrightPowder|WanderingSpirit|TrickRoom,Psychic,WillOWisp,Taunt|Sassy||M|||50|]Mawile||Mawilite|HyperCutter|SuckerPunch,IcePunch,PlayRough,Protect|Adamant||F|||50|]Crabominable||KingsRock|IronFist|IceBeam,DrainPunch,ThunderPunch,BulkUp|Brave||M|||50|]Gardevoir||Gardevoirite|Trace|TrickRoom,HyperVoice,FocusBlast,Protect|Sassy||F|||50|]Spiritomb||MentalHerb|Infiltrator|TrickRoom,HelpingHand,ShadowBall,IcyWind|Relaxed||M|||50|
|j| NewTrainaOnDaBlock
|
|t:|1783555422
|teamsize|p1|4
|teamsize|p2|4
|start
|switch|p1a: Arcanine|Arcanine-Hisui, L50, M|100/100
|switch|p1b: Umbreon|Umbreon, L50, M|100/100
|switch|p2a: GOAT|Torterra, L50, M|100/100
|switch|p2b: Funky Fella|Runerigus, L50, M, shiny|100/100
|turn|1
|
|t:|1783555455
|switch|p2a: BADDIE ALERT|Gardevoir, L50, F, shiny|100/100
|-ability|p2a: BADDIE ALERT|Inner Focus|Trace|[from] ability: Trace|[of] p1b: Umbreon
|move|p1a: Arcanine|Flare Blitz|p2a: BADDIE ALERT
|-damage|p2a: BADDIE ALERT|0 fnt
|faint|p2a: BADDIE ALERT
|-damage|p1a: Arcanine|90/100|[from] item: Life Orb
|move|p1b: Umbreon|Toxic|p2b: Funky Fella
|-status|p2b: Funky Fella|tox
|move|p2b: Funky Fella|Trick Room|p2b: Funky Fella
|-fieldstart|move: Trick Room|[of] p2b: Funky Fella
|
|-damage|p2b: Funky Fella|93/100 tox|[from] psn
|upkeep
|c|☆applejuice1738|I'm kissing a shotgun tonight
|
|t:|1783555498
|switch|p2a: GOAT|Torterra, L50, M|100/100
|turn|2
|c|☆PJG4487|Suck starting one
|
|t:|1783555529
|move|p2b: Funky Fella|Will-O-Wisp|p1b: Umbreon
|-status|p1b: Umbreon|brn
|move|p2a: GOAT|High Horsepower|p1a: Arcanine
|-supereffective|p1a: Arcanine|2
|-damage|p1a: Arcanine|0 fnt
|faint|p1a: Arcanine
|move|p1b: Umbreon|Foul Play|p2b: Funky Fella
|-supereffective|p2b: Funky Fella|1
|-damage|p2b: Funky Fella|69/100 tox
|-activate|p1b: Umbreon|Skill Swap|Wandering Spirit|Inner Focus|[of] p2b: Funky Fella
|
|-damage|p2b: Funky Fella|57/100 tox|[from] psn
|-damage|p1b: Umbreon|94/100 brn|[from] brn
|upkeep
|
|t:|1783555549
|switch|p1a: Sableye|Sableye, L50, F|100/100
|turn|3
|
|t:|1783555578
|move|p1a: Sableye|Fake Out|p2a: GOAT
|-damage|p2a: GOAT|92/100
|move|p2b: Funky Fella|Taunt|p1b: Umbreon
|-start|p1b: Umbreon|move: Taunt
|cant|p2a: GOAT|flinch
|cant|p1b: Umbreon|move: Taunt|Yawn
|
|-heal|p2a: GOAT|98/100|[from] item: Leftovers
|-heal|p1b: Umbreon|100/100 brn|[from] item: Leftovers
|-damage|p2b: Funky Fella|39/100 tox|[from] psn
|-damage|p1b: Umbreon|94/100 brn|[from] brn
|upkeep
|turn|4
|
|t:|1783555608
|move|p1a: Sableye|Reflect|p1a: Sableye
|-sidestart|p1: PJG4487|Reflect
|move|p2b: Funky Fella|Will-O-Wisp|p1a: Sableye
|-status|p1a: Sableye|brn
|move|p2a: GOAT|High Horsepower|p1a: Sableye
|-damage|p1a: Sableye|64/100 brn
|move|p1b: Umbreon|Foul Play|p2b: Funky Fella
|-supereffective|p2b: Funky Fella|1
|-damage|p2b: Funky Fella|15/100 tox
|
|-heal|p2a: GOAT|100/100|[from] item: Leftovers
|-heal|p1b: Umbreon|100/100 brn|[from] item: Leftovers
|-damage|p2b: Funky Fella|0 fnt|[from] psn
|faint|p2b: Funky Fella
|-damage|p1a: Sableye|59/100 brn|[from] brn
|-damage|p1b: Umbreon|94/100 brn|[from] brn
|upkeep
|
|t:|1783555623
|switch|p2b: Crab-Daddy Feast|Crabominable, L50, M, shiny|100/100
|turn|5
|
|t:|1783555656
|move|p1a: Sableye|Will-O-Wisp|p2b: Crab-Daddy Feast
|-status|p2b: Crab-Daddy Feast|brn
|move|p2b: Crab-Daddy Feast|Drain Punch|p1b: Umbreon
|-supereffective|p1b: Umbreon|1
|-damage|p1b: Umbreon|73/100 brn
|-activate|p2b: Crab-Daddy Feast|Skill Swap|Wandering Spirit|Iron Fist|[of] p1b: Umbreon
|move|p2a: GOAT|High Horsepower|p1b: Umbreon
|-damage|p1b: Umbreon|52/100 brn
|cant|p1b: Umbreon|flinch
|
|-heal|p1b: Umbreon|58/100 brn|[from] item: Leftovers
|-damage|p2b: Crab-Daddy Feast|94/100 brn|[from] brn
|-damage|p1a: Sableye|53/100 brn|[from] brn
|-damage|p1b: Umbreon|52/100 brn|[from] brn
|-end|p1b: Umbreon|move: Taunt
|-fieldend|move: Trick Room
|upkeep
|turn|6
|
|t:|1783555695
|move|p1a: Sableye|Will-O-Wisp|p2a: GOAT
|-status|p2a: GOAT|brn
|move|p1b: Umbreon|Foul Play|p2a: GOAT
|-damage|p2a: GOAT|79/100 brn
|move|p2a: GOAT|Heavy Slam|p1b: Umbreon
|-damage|p1b: Umbreon|45/100 brn
|move|p2b: Crab-Daddy Feast|Drain Punch|p1b: Umbreon
|-supereffective|p1b: Umbreon|1
|-damage|p1b: Umbreon|28/100 brn
|-heal|p2b: Crab-Daddy Feast|100/100 brn|[from] drain|[of] p1b: Umbreon
|
|-heal|p1b: Umbreon|34/100 brn|[from] item: Leftovers
|-heal|p2a: GOAT|85/100 brn|[from] item: Leftovers
|-damage|p1b: Umbreon|28/100 brn|[from] brn
|-damage|p1a: Sableye|47/100 brn|[from] brn
|-damage|p2a: GOAT|79/100 brn|[from] brn
|-damage|p2b: Crab-Daddy Feast|94/100 brn|[from] brn
|upkeep
|turn|7
|
|t:|1783555724
|switch|p1b: Floette|Floette-Eternal, L50, F|100/100
|move|p1a: Sableye|Knock Off|p2b: Crab-Daddy Feast
|-resisted|p2b: Crab-Daddy Feast|1
|-damage|p2b: Crab-Daddy Feast|87/100 brn
|-activate|p1a: Sableye|Skill Swap|Wandering Spirit|Prankster|[of] p2b: Crab-Daddy Feast
|-enditem|p2b: Crab-Daddy Feast|King's Rock|[from] move: Knock Off|[of] p1a: Sableye
|move|p2a: GOAT|Wood Hammer|p1b: Floette
|-damage|p1b: Floette|69/100
|-damage|p2a: GOAT|71/100 brn|[from] Recoil
|move|p2b: Crab-Daddy Feast|Drain Punch|p1b: Floette
|-resisted|p1b: Floette|1
|-damage|p1b: Floette|58/100
|-heal|p2b: Crab-Daddy Feast|91/100 brn|[from] drain|[of] p1b: Floette
|
|-heal|p2a: GOAT|77/100 brn|[from] item: Leftovers
|-damage|p1a: Sableye|42/100 brn|[from] brn
|-damage|p2a: GOAT|71/100 brn|[from] brn
|-damage|p2b: Crab-Daddy Feast|85/100 brn|[from] brn
|upkeep
|turn|8
|
|t:|1783555767
|detailschange|p1b: Floette|Floette-Mega, L50, F
|-mega|p1b: Floette|Floette|Floettite
|-ability|p1b: Floette|Fairy Aura
|move|p2b: Crab-Daddy Feast|Bulk Up|p2b: Crab-Daddy Feast
|-boost|p2b: Crab-Daddy Feast|atk|1
|-boost|p2b: Crab-Daddy Feast|def|1
|move|p1b: Floette|Dazzling Gleam|p2a: GOAT|[spread] p2a,p2b
|-supereffective|p2b: Crab-Daddy Feast|1
|-damage|p2a: GOAT|18/100 brn
|-damage|p2b: Crab-Daddy Feast|0 fnt
|faint|p2b: Crab-Daddy Feast
|move|p1a: Sableye|Knock Off|p2a: GOAT
|-damage|p2a: GOAT|6/100 brn
|-enditem|p2a: GOAT|Leftovers|[from] move: Knock Off|[of] p1a: Sableye
|move|p2a: GOAT|Heavy Slam|p1b: Floette
|-supereffective|p1b: Floette|1
|-damage|p1b: Floette|32/100
|
|-damage|p1a: Sableye|36/100 brn|[from] brn
|-damage|p2a: GOAT|1/100 brn|[from] brn
|upkeep
|turn|9
|
|t:|1783555789
|move|p1b: Floette|Protect|p1b: Floette
|-singleturn|p1b: Floette|Protect
|move|p1a: Sableye|Knock Off|p2a: GOAT
|-damage|p2a: GOAT|0 fnt
|faint|p2a: GOAT
|
|win|PJG4487
|c|☆applejuice1738|gg never playing again
|c|☆applejuice1738|REMOVING BULK UP FOREVER
|c|☆applejuice1738|IF IT DOESN'T DO DAMAGE, IT'S OUT
