|j|☆MommaGart
|j|☆Dominick Misterio
|html|MommaGartDominick Misterio    
|uhtml|bestof|Game 3 of a best-of-3
|t:|1783553223
|gametype|doubles
|player|p1|MommaGart|hilda|1204
|player|p2|Dominick Misterio|colress|1168
|gen|9
|tier|[Gen 9 Champions] VGC 2026 Reg M-B (Bo3)
|rated|
|rule|Species Clause: Limit one of each Pokémon
|rule|Item Clause: Limit 1 of each item
|clearpoke
|poke|p1|Sneasler, L50, F|
|poke|p1|Blastoise, L50, F|
|poke|p1|Kingambit, L50, F|
|poke|p1|Incineroar, L50, F|
|poke|p1|Delphox, L50, F, shiny|
|poke|p1|Sinistcha, L50|
|poke|p2|Staraptor, L50, F|
|poke|p2|Grimmsnarl, L50, M|
|poke|p2|Garchomp, L50, M|
|poke|p2|Charizard, L50, F|
|poke|p2|Sylveon, L50, M|
|poke|p2|Gholdengo, L50|
|teampreview|4
|showteam|p1|Sneasler||FocusSash|PoisonTouch|PoisonJab,CloseCombat,FakeOut,QuickGuard|Jolly||F|||50|]Blastoise||Blastoisinite|RainDish|DarkPulse,WaterSpout,ShellSmash,Protect|Modest||F|||50|]Kingambit||BlackGlasses|Defiant|KowtowCleave,SuckerPunch,SwordsDance,Protect|Adamant||F|||50|]Incineroar||SitrusBerry|Intimidate|FlareBlitz,HelpingHand,PartingShot,FakeOut|Careful||F|||50|]Delphox||Delphoxite|Blaze|HeatWave,NastyPlot,Psyshock,Protect|Modest||F|||50|]Sinistcha||KasibBerry|Hospitality|MatchaGotcha,RagePowder,TrickRoom,Protect|Bold|||||50|
|showteam|p2|Staraptor||Staraptite|Intimidate|Roost,Protect,CloseCombat,BraveBird|Adamant||F|||50|]Grimmsnarl||LightClay|Prankster|PartingShot,SpiritBreak,LightScreen,Reflect|Impish||M|||50|]Garchomp||LifeOrb|RoughSkin|Protect,Earthquake,DragonClaw,RockSlide|Jolly||M|||50|]Charizard||CharizarditeY|Blaze|Protect,HeatWave,WeatherBall,SolarBeam|Modest||F|||50|]Sylveon||FairyFeather|Pixilate|Detect,HyperBeam,HyperVoice,QuickAttack|Modest||M|||50|]Gholdengo||ChoiceScarf|GoodasGold|MakeItRain,Thunderbolt,Trick,ShadowBall|Modest|||||50|
|
|t:|1783553236
|teamsize|p1|4
|teamsize|p2|4
|start
|switch|p1a: Malibu|Blastoise, L50, F|100/100
|switch|p1b: Hype|Incineroar, L50, F|100/100
|switch|p2a: Gholdengo|Gholdengo, L50|100/100
|switch|p2b: Charizard|Charizard, L50, F|100/100
|-ability|p1b: Hype|Intimidate|boost
|-unboost|p2a: Gholdengo|atk|1
|-unboost|p2b: Charizard|atk|1
|turn|1
|
|t:|1783553254
|detailschange|p2b: Charizard|Charizard-Mega-Y, L50, F
|-mega|p2b: Charizard|Charizard|Charizardite Y
|-weather|SunnyDay|[from] ability: Drought|[of] p2b: Charizard
|detailschange|p1a: Malibu|Blastoise-Mega, L50, F
|-mega|p1a: Malibu|Blastoise|Blastoisinite
|move|p1b: Hype|Fake Out|p2b: Charizard
|-damage|p2b: Charizard|90/100
|move|p2a: Gholdengo|Thunderbolt|p1a: Malibu
|-supereffective|p1a: Malibu|1
|-damage|p1a: Malibu|31/100
|cant|p2b: Charizard|flinch
|move|p1a: Malibu|Shell Smash|p1a: Malibu
|-unboost|p1a: Malibu|def|1
|-unboost|p1a: Malibu|spd|1
|-boost|p1a: Malibu|atk|2
|-boost|p1a: Malibu|spa|2
|-boost|p1a: Malibu|spe|2
|
|-weather|SunnyDay|[upkeep]
|upkeep
|turn|2
|
|t:|1783553291
|move|p1a: Malibu|Protect|p1a: Malibu
|-singleturn|p1a: Malibu|Protect
|move|p2a: Gholdengo|Thunderbolt|p1a: Malibu
|-activate|p1a: Malibu|move: Protect
|move|p2b: Charizard|Heat Wave|p1a: Malibu|[spread] p1b
|-activate|p1a: Malibu|move: Protect
|-resisted|p1b: Hype|1
|-crit|p1b: Hype
|-damage|p1b: Hype|61/100
|move|p1b: Hype|Parting Shot|p2b: Charizard
|-unboost|p2b: Charizard|atk|1
|-unboost|p2b: Charizard|spa|1
|
|t:|1783553302
|switch|p1b: Caffeine|Sinistcha, L50|100/100|[from] Parting Shot
|-heal|p1a: Malibu|56/100|[from] ability: Hospitality|[of] p1b: Caffeine
|
|-weather|SunnyDay|[upkeep]
|upkeep
|turn|3
|
|t:|1783553317
|move|p1b: Caffeine|Rage Powder|p1b: Caffeine
|-singleturn|p1b: Caffeine|move: Rage Powder
|move|p1a: Malibu|Water Spout|p2b: Charizard|[spread] p2a,p2b
|-crit|p2a: Gholdengo
|-supereffective|p2b: Charizard|1
|-damage|p2a: Gholdengo|35/100
|-damage|p2b: Charizard|20/100y
|move|p2a: Gholdengo|Thunderbolt|p1b: Caffeine
|-resisted|p1b: Caffeine|1
|-damage|p1b: Caffeine|84/100
|move|p2b: Charizard|Heat Wave|p1b: Caffeine|[spread] p1a,p1b
|-resisted|p1a: Malibu|1
|-supereffective|p1b: Caffeine|1
|-damage|p1a: Malibu|25/100
|-damage|p1b: Caffeine|3/100
|
|-weather|SunnyDay|[upkeep]
|upkeep
|turn|4
|
|t:|1783553349
|switch|p1b: Hype|Incineroar, L50, F|61/100
|-ability|p1b: Hype|Intimidate|boost
|-unboost|p2a: Gholdengo|atk|1
|-unboost|p2b: Charizard|atk|1
|move|p1a: Malibu|Water Spout|p2b: Charizard|[spread] p2a,p2b
|-supereffective|p2b: Charizard|1
|-damage|p2a: Gholdengo|16/100
|-damage|p2b: Charizard|0 fnt
|faint|p2b: Charizard
|move|p2a: Gholdengo|Thunderbolt|p1a: Malibu
|-supereffective|p1a: Malibu|1
|-crit|p1a: Malibu
|-damage|p1a: Malibu|0 fnt
|faint|p1a: Malibu
|
|-weather|SunnyDay|[upkeep]
|upkeep
|
|t:|1783553363
|switch|p2b: Garchomp|Garchomp, L50, M|100/100
|switch|p1a: Her Highness|Kingambit, L50, F|100/100
|turn|5
|
|t:|1783553376
|move|p2a: Gholdengo|Thunderbolt|p1a: Her Highness
|-damage|p1a: Her Highness|73/100
|move|p2b: Garchomp|Earthquake|p1a: Her Highness|[spread] p2a,p1a,p1b
|-supereffective|p2a: Gholdengo|1
|-supereffective|p1a: Her Highness|1
|-supereffective|p1b: Hype|1
|-crit|p1b: Hype
|-damage|p2a: Gholdengo|0 fnt
|-damage|p1a: Her Highness|0 fnt
|-damage|p1b: Hype|0 fnt
|faint|p2a: Gholdengo
|faint|p1a: Her Highness
|faint|p1b: Hype
|-damage|p2b: Garchomp|90/100|[from] item: Life Orb
|
|-weather|none
|upkeep
|
|t:|1783553387
|switch|p2a: Staraptor|Staraptor, L50, F|100/100
|switch|p1a: Caffeine|Sinistcha, L50|3/100
|-ability|p2a: Staraptor|Intimidate|boost
|-unboost|p1a: Caffeine|atk|1
|turn|6
|-message|MommaGart forfeited.
|
|win|Dominick Misterio
|raw|MommaGart's rating: 1204 → 1176(-28 for losing)
|raw|Dominick Misterio's rating: 1168 → 1196(+28 for winning)
|c|☆Dominick Misterio|gg
|l|☆Dominick Misterio
|player|p2|
