|j|☆edumg95
|j|☆vglabmty
|html|edumg95vglabmty    
|uhtml|bestof|Game 1 of a best-of-3
|t:|1785278315
|gametype|doubles
|player|p1|edumg95|steven|
|player|p2|vglabmty|102|
|gen|9
|tier|[Gen 9 Champions] VGC 2026 Reg M-B (Bo3)
|rule|Species Clause: Limit one of each Pokémon
|rule|Item Clause: Limit 1 of each item
|clearpoke
|poke|p1|Gengar, L50, M, shiny|
|poke|p1|Archaludon, L50, M, shiny|
|poke|p1|Politoed, L50, F, shiny|
|poke|p1|Swampert, L50, M, shiny|
|poke|p1|Vivillon-Pokeball, L50, M, shiny|
|poke|p1|Incineroar, L50, F, shiny|
|poke|p2|Glimmora, L50, F|
|poke|p2|Dragonite, L50, F|
|poke|p2|Tyranitar, L50, F|
|poke|p2|Froslass, L50, F|
|poke|p2|Sneasler, L50, M|
|poke|p2|Kingambit, L50, M|
|teampreview|4
|showteam|p1|Gengar||Gengarite|CursedBody|ShadowBall,SludgeBomb,PerishSong,Protect|Modest||M|||50|]Archaludon||Leftovers|Stamina|ElectroShot,DragonPulse,FlashCannon,Protect|Bold||M|||50|]Politoed||SitrusBerry|Drizzle|WeatherBall,Hypnosis,PerishSong,Protect|Calm||F|||50|]Swampert||Swampertite|Torrent|WaveCrash,Earthquake,IcePunch,Protect|Adamant||M|||50|]Vivillon-Pokeball||FocusSash|CompoundEyes|Hurricane,SleepPowder,RagePowder,Protect|Timid||M|||50|]Incineroar||PasshoBerry|Intimidate|ThroatChop,FakeOut,PartingShot,Protect|Impish||F|||50|
|showteam|p2|Glimmora||FocusSash|ToxicDebris|SpikyShield,PowerGem,EarthPower,SludgeBomb|Modest||F|||50|]Dragonite||LifeOrb|InnerFocus|Tailwind,DragonClaw,ThunderPunch,ExtremeSpeed|Jolly||F|||50|]Tyranitar||Tyranitarite|SandStream|BodyPress,KnockOff,RockSlide,Protect|Adamant||F|||50|]Froslass||Froslassite|CursedBody|Thunderbolt,Protect,Blizzard,ShadowBall|Timid||F|||50|]Sneasler||WhiteHerb|Unburden|FakeOut,DireClaw,CloseCombat,NightSlash|Adamant||M|||50|]Kingambit||BlackGlasses|Defiant|Protect,IronHead,SuckerPunch,KowtowCleave|Adamant||M|||50|
|inactive|Battle timer is ON: inactive players will automatically lose when time's up. (requested by edumg95)
|inactive|vglabmty has 60 seconds left.
|
|t:|1785278382
|teamsize|p1|4
|teamsize|p2|4
|start
|switch|p1a: Vivillon|Vivillon-Pokeball, L50, M, shiny|100/100
|switch|p1b: Swampert|Swampert, L50, M, shiny|100/100
|switch|p2a: Sneasler|Sneasler, L50, M|100/100
|switch|p2b: Dragonite|Dragonite, L50, F|100/100
|turn|1
|
|t:|1785278395
|switch|p1b: Archaludon|Archaludon, L50, M, shiny|100/100
|move|p2a: Sneasler|Fake Out|p1a: Vivillon
|-damage|p1a: Vivillon|69/100
|cant|p1a: Vivillon|flinch
|move|p2b: Dragonite|Tailwind|p2b: Dragonite
|-sidestart|p2: vglabmty|move: Tailwind
|
|upkeep
|turn|2
|inactive|edumg95 has 30 seconds left.
|
|t:|1785278423
|move|p1a: Vivillon|Protect|p1a: Vivillon
|-singleturn|p1a: Vivillon|Protect
|move|p1b: Archaludon|Protect|p1b: Archaludon
|-singleturn|p1b: Archaludon|Protect
|move|p2a: Sneasler|Close Combat|p1b: Archaludon
|-activate|p1b: Archaludon|move: Protect
|move|p2b: Dragonite|Dragon Claw|p1a: Vivillon
|-activate|p1a: Vivillon|move: Protect
|
|upkeep
|turn|3
|inactive|edumg95 has 30 seconds left.
|inactive|vglabmty has 30 seconds left.
|
|t:|1785278455
|switch|p1b: Politoed|Politoed, L50, F, shiny|100/100
|-weather|RainDance|[from] ability: Drizzle|[of] p1b: Politoed
|move|p2a: Sneasler|Dire Claw|p1a: Vivillon
|-damage|p1a: Vivillon|0 fnt
|faint|p1a: Vivillon
|move|p2b: Dragonite|Thunder Punch|p1b: Politoed
|-supereffective|p1b: Politoed|1
|-damage|p1b: Politoed|33/100
|-enditem|p1b: Politoed|Sitrus Berry|[eat]
|-heal|p1b: Politoed|58/100|[from] item: Sitrus Berry
|-damage|p2b: Dragonite|90/100|[from] item: Life Orb
|
|-weather|RainDance|[upkeep]
|upkeep
|
|t:|1785278470
|switch|p1a: Swampert|Swampert, L50, M, shiny|100/100
|turn|4
|
|t:|1785278486
|switch|p1b: Archaludon|Archaludon, L50, M, shiny|100/100
|detailschange|p1a: Swampert|Swampert-Mega, L50, M, shiny
|-mega|p1a: Swampert|Swampert|Swampertite
|move|p2a: Sneasler|Close Combat|p1a: Swampert
|-damage|p1a: Swampert|32/100
|-unboost|p2a: Sneasler|def|1
|-unboost|p2a: Sneasler|spd|1
|-enditem|p2a: Sneasler|White Herb
|-clearnegativeboost|p2a: Sneasler|[silent]
|move|p2b: Dragonite|Thunder Punch|p1b: Archaludon
|-resisted|p1b: Archaludon|1
|-damage|p1b: Archaludon|88/100
|-ability|p1b: Archaludon|Stamina|boost
|-boost|p1b: Archaludon|def|1
|-damage|p2b: Dragonite|80/100|[from] item: Life Orb
|move|p1a: Swampert|Wave Crash|p2a: Sneasler
|-damage|p2a: Sneasler|0 fnt
|faint|p2a: Sneasler
|-damage|p1a: Swampert|2/100|[from] Recoil
|
|-weather|RainDance|[upkeep]
|-heal|p1b: Archaludon|94/100|[from] item: Leftovers
|-sideend|p2: vglabmty|move: Tailwind
|upkeep
|
|t:|1785278508
|switch|p2a: Froslass|Froslass, L50, F|100/100
|turn|5
|inactive|edumg95 has 30 seconds left.
|
|t:|1785278538
|move|p1a: Swampert|Protect|p1a: Swampert
|-singleturn|p1a: Swampert|Protect
|move|p2b: Dragonite|Extreme Speed|p1a: Swampert
|-activate|p1a: Swampert|move: Protect
|move|p2a: Froslass|Shadow Ball|p1b: Archaludon
|-damage|p1b: Archaludon|65/100
|-unboost|p1b: Archaludon|spd|1
|-ability|p1b: Archaludon|Stamina|boost
|-boost|p1b: Archaludon|def|1
|move|p1b: Archaludon|Flash Cannon|p2a: Froslass
|-supereffective|p2a: Froslass|1
|-damage|p2a: Froslass|0 fnt
|faint|p2a: Froslass
|
|-weather|RainDance|[upkeep]
|-heal|p1b: Archaludon|72/100|[from] item: Leftovers
|upkeep
|inactive|vglabmty has 30 seconds left.
|
|t:|1785278566
|switch|p2a: Glimmora|Glimmora, L50, F|100/100
|turn|6
|
|t:|1785278576
|move|p1b: Archaludon|Protect|p1b: Archaludon
|-singleturn|p1b: Archaludon|Protect
|move|p2b: Dragonite|Extreme Speed|p1a: Swampert
|-damage|p1a: Swampert|0 fnt
|faint|p1a: Swampert
|-damage|p2b: Dragonite|71/100|[from] item: Life Orb
|move|p2a: Glimmora|Earth Power|p1b: Archaludon
|-activate|p1b: Archaludon|move: Protect
|
|-weather|RainDance|[upkeep]
|-heal|p1b: Archaludon|78/100|[from] item: Leftovers
|upkeep
|
|t:|1785278584
|switch|p1a: Politoed|Politoed, L50, F, shiny|58/100
|turn|7
|
|t:|1785278601
|move|p1b: Archaludon|Protect||[still]
|-fail|p1b: Archaludon
|move|p2b: Dragonite|Thunder Punch|p1a: Politoed
|-supereffective|p1a: Politoed|1
|-damage|p1a: Politoed|0 fnt
|faint|p1a: Politoed
|-damage|p2b: Dragonite|61/100|[from] item: Life Orb
|move|p2a: Glimmora|Earth Power|p1b: Archaludon
|-supereffective|p1b: Archaludon|1
|-damage|p1b: Archaludon|0 fnt
|faint|p1b: Archaludon
|
|win|vglabmty
||edumg95 is ready for game 2.
||vglabmty is ready for game 2.
|uhtml|next|Next: Game 2 of 3
|l|☆edumg95
|player|p1|
