|j|☆Ethan's Bleakmiss
|j|☆KodeBeast0526
|html|Ethan's BleakmissKodeBeast0526    
|uhtml|bestof|Game 3 of a best-of-3
|t:|1784732287
|gametype|doubles
|player|p1|Ethan's Bleakmiss|unknown|1114
|player|p2|KodeBeast0526|hiker|1214
|gen|9
|tier|[Gen 9 Champions] VGC 2026 Reg M-B (Bo3)
|rated|
|rule|Species Clause: Limit one of each Pokémon
|rule|Item Clause: Limit 1 of each item
|clearpoke
|poke|p1|Blaziken, L50, F|
|poke|p1|Ninetales-Alola, L50, M|
|poke|p1|Kingambit, L50, M|
|poke|p1|Lycanroc-Dusk, L50, M, shiny|
|poke|p1|Venusaur, L50, F, shiny|
|poke|p1|Clefable, L50, M, shiny|
|poke|p2|Aerodactyl, L50, M|
|poke|p2|Kingambit, L50, M|
|poke|p2|Sylveon, L50, M|
|poke|p2|Garchomp, L50, M|
|poke|p2|Charizard, L50, M|
|poke|p2|Farigiraf, L50, M, shiny|
|teampreview|4
|showteam|p1|Blaziken||Blazikenite|SpeedBoost|CloseCombat,FlareBlitz,StoneEdge,Detect|Adamant||F|||50|]Ninetales-Alola||NeverMeltIce|SnowWarning|Blizzard,FreezeDry,Encore,Protect|Timid||M|||50|]Kingambit||LifeOrb|Defiant|SuckerPunch,KowtowCleave,IronHead,Protect|Adamant||M|||50|]Lycanroc-Dusk||FocusSash|ToughClaws|Accelerock,SwordsDance,Protect,RockSlide|Jolly||M|||50|]Venusaur||Venusaurite|Chlorophyll|SleepPowder,EnergyBall,SludgeBomb,Protect|Modest||F|||50|]Clefable||SitrusBerry|MagicGuard|Protect,FollowMe,HelpingHand,Moonblast|Bold||M|||50|
|showteam|p2|Aerodactyl||Aerodactylite|Unnerve|RockSlide,IceFang,Tailwind,WideGuard|Jolly||M|||50|]Kingambit||FocusSash|Defiant|KowtowCleave,SuckerPunch,IronHead,LowKick|Adamant||M|||50|]Sylveon||FairyFeather|Pixilate|Detect,HyperVoice,HyperBeam,QuickAttack|Modest||M|||50|]Garchomp||LifeOrb|RoughSkin|Earthquake,DragonClaw,StompingTantrum,Protect|Jolly||M|||50|]Charizard||CharizarditeY|Blaze|Protect,HeatWave,SolarBeam,WeatherBall|Modest||M|||50|]Farigiraf||SitrusBerry|ArmorTail|Thunderbolt,PsychicNoise,TrickRoom,HelpingHand|Bold||M|||50|
|inactive|Battle timer is ON: inactive players will automatically lose when time's up. (requested by Ethan's Bleakmiss)
|inactive|Ethan's Bleakmiss has 60 seconds left.
|inactive|KodeBeast0526 has 60 seconds left.
|inactive|KodeBeast0526 has 30 seconds left.
|
|t:|1784732349
|teamsize|p1|4
|teamsize|p2|4
|start
|switch|p1a: Venusaur|Venusaur, L50, F, shiny|100/100
|switch|p1b: Lycanroc|Lycanroc-Dusk, L50, M, shiny|100/100
|switch|p2a: Farigiraf|Farigiraf, L50, M, shiny|100/100
|switch|p2b: Sylveon|Sylveon, L50, M|100/100
|turn|1
|
|t:|1784732361
|move|p2b: Sylveon|Quick Attack|p1a: Venusaur
|-resisted|p1a: Venusaur|1
|-damage|p1a: Venusaur|92/100
|move|p1b: Lycanroc|Swords Dance|p1b: Lycanroc
|-boost|p1b: Lycanroc|atk|2
|move|p1a: Venusaur|Sleep Powder|p2a: Farigiraf
|-status|p2a: Farigiraf|slp|[from] move: Sleep Powder
|cant|p2a: Farigiraf|slp
|
|upkeep
|turn|2
|c|☆KodeBeast0526|Is all you know how to do is k
|inactive|KodeBeast0526 has 30 seconds left.
|inactive|KodeBeast0526 has 20 seconds left.
|c|☆KodeBeast0526|Click sleep powder?
|inactive|KodeBeast0526 has 15 seconds left.
|inactive|KodeBeast0526 has 10 seconds left.
|c|☆Ethan's Bleakmiss|its my tr answer tho
|
|t:|1784732407
|move|p1b: Lycanroc|Rock Slide|p2b: Sylveon|[spread] p2a,p2b
|-damage|p2a: Farigiraf|54/100 slp
|-damage|p2b: Sylveon|32/100
|move|p1a: Venusaur|Sludge Bomb|p2b: Sylveon
|-supereffective|p2b: Sylveon|1
|-damage|p2b: Sylveon|0 fnt
|faint|p2b: Sylveon
|cant|p2a: Farigiraf|slp
|
|upkeep
|
|t:|1784732414
|switch|p2b: Garchomp|Garchomp, L50, M|100/100
|turn|3
|
|t:|1784732437
|move|p1b: Lycanroc|Rock Slide|p2b: Garchomp|[spread] p2a,p2b
|-resisted|p2b: Garchomp|1
|-damage|p2a: Farigiraf|14/100 slp
|-damage|p2b: Garchomp|71/100
|-enditem|p2a: Farigiraf|Sitrus Berry|[eat]
|-heal|p2a: Farigiraf|39/100 slp|[from] item: Sitrus Berry
|move|p2b: Garchomp|Earthquake|p1b: Lycanroc|[spread] p2a,p1a,p1b
|-supereffective|p1b: Lycanroc|1
|-damage|p2a: Farigiraf|1/100 slp
|-damage|p1a: Venusaur|32/100
|-enditem|p1b: Lycanroc|Focus Sash
|-damage|p1b: Lycanroc|1/100
|-damage|p2b: Garchomp|61/100|[from] item: Life Orb
|move|p1a: Venusaur|Energy Ball|p2a: Farigiraf
|-damage|p2a: Farigiraf|0 fnt
|faint|p2a: Farigiraf
|
|upkeep
|
|t:|1784732447
|switch|p2a: Charizard|Charizard, L50, M|100/100
|turn|4
|
|t:|1784732458
|move|p2a: Charizard|Protect|p2a: Charizard
|-singleturn|p2a: Charizard|Protect
|move|p1b: Lycanroc|Accelerock|p2a: Charizard
|-activate|p2a: Charizard|move: Protect
|move|p2b: Garchomp|Earthquake|p1a: Venusaur|[spread] p1a,p1b
|-activate|p2a: Charizard|move: Protect
|-supereffective|p1b: Lycanroc|1
|-damage|p1a: Venusaur|0 fnt
|-damage|p1b: Lycanroc|0 fnt
|faint|p1a: Venusaur
|faint|p1b: Lycanroc
|-damage|p2b: Garchomp|51/100|[from] item: Life Orb
|
|upkeep
|
|t:|1784732470
|switch|p1b: Blaziken|Blaziken, L50, F|100/100
|switch|p1a: Ninetales|Ninetales-Alola, L50, M|100/100
|-weather|Snowscape|[from] ability: Snow Warning|[of] p1a: Ninetales
|turn|5
|
|t:|1784732478
|detailschange|p2a: Charizard|Charizard-Mega-Y, L50, M
|-mega|p2a: Charizard|Charizard|Charizardite Y
|-weather|SunnyDay|[from] ability: Drought|[of] p2a: Charizard
|detailschange|p1b: Blaziken|Blaziken-Mega, L50, F
|-mega|p1b: Blaziken|Blaziken|Blazikenite
|move|p2b: Garchomp|Protect|p2b: Garchomp
|-singleturn|p2b: Garchomp|Protect
|move|p1a: Ninetales|Freeze-Dry|p2b: Garchomp
|-activate|p2b: Garchomp|move: Protect
|move|p1b: Blaziken|Stone Edge|p2a: Charizard
|-supereffective|p2a: Charizard|2
|-damage|p2a: Charizard|0 fnt
|faint|p2a: Charizard
|
|-weather|SunnyDay|[upkeep]
|-ability|p1b: Blaziken|Speed Boost|boost
|-boost|p1b: Blaziken|spe|1
|upkeep
|turn|6
|
|t:|1784732494
|move|p1b: Blaziken|Close Combat|p2b: Garchomp
|-damage|p2b: Garchomp|0 fnt
|-unboost|p1b: Blaziken|def|1
|-unboost|p1b: Blaziken|spd|1
|-damage|p1b: Blaziken|87/100|[from] ability: Rough Skin|[of] p2b: Garchomp
|faint|p2b: Garchomp
|
|win|Ethan's Bleakmiss
|raw|Ethan's Bleakmiss's rating: 1114 → 1146(+32 for winning)
|raw|KodeBeast0526's rating: 1214 → 1182(-32 for losing)
