|j|☆Mortipherus
|j|☆Er Yayo
|html|MortipherusEr Yayo    
|uhtml|bestof|Game 1 of a best-of-3
|t:|1756563630
|gametype|doubles
|player|p1|Mortipherus|biker-gen4|1137
|player|p2|Er Yayo|1|1101
|gen|9
|tier|[Gen 9] VGC 2025 Reg H (Bo3)
|rated|
|rule|Species Clause: Limit one of each Pokémon
|rule|Item Clause: Limit 1 of each item
|clearpoke
|poke|p1|Hydrapple, L50, M|
|poke|p1|Arcanine-Hisui, L50, F|
|poke|p1|Gholdengo, L50|
|poke|p1|Electabuzz, L50, F|
|poke|p1|Indeedee, L50, M|
|poke|p1|Sneasler, L50, M|
|poke|p2|Porygon2, L50|
|poke|p2|Charizard, L50, F|
|poke|p2|Jumpluff, L50, M|
|poke|p2|Torkoal, L50, F|
|poke|p2|Ursaluna, L50, M|
|poke|p2|Incineroar, L50, M|
|teampreview|4
|showteam|p1|Hydrapple||AssaultVest|Regenerator|FickleBeam,EnergyBall,EarthPower,BreakingSwipe|||M|||50|,,,,,Ground]Arcanine-Hisui||ClearAmulet|Intimidate|Protect,ExtremeSpeed,FlareBlitz,RockSlide|||F|||50|,,,,,Grass]Gholdengo||LifeOrb|GoodasGold|Protect,NastyPlot,MakeItRain,ShadowBall||||||50|,,,,,Flying]Electabuzz||Eviolite|VitalSpirit|Protect,FollowMe,Taunt,Electroweb|||F|||50|,,,,,Dragon]Indeedee||FocusSash|PsychicSurge|Protect,TrickRoom,ExpandingForce,TeraBlast|||M|||50|,,,,,Ground]Sneasler||PsychicSeed|Unburden|Protect,ThroatChop,DireClaw,CloseCombat|||M|||50|,,,,,Dark
|showteam|p2|Porygon2||Eviolite|Download|TeraBlast,IceBeam,TrickRoom,Recover||||||50|,,,,,Fighting]Charizard||ChoiceSpecs|SolarPower|HeatWave,Overheat,WeatherBall,AirSlash|||F|||50|,,,,,Ghost]Jumpluff||CovertCloak|Chlorophyll|Tailwind,SleepPowder,SunnyDay,RagePowder|||M|||50|,,,,,Water]Torkoal||EjectPack|Drought|Eruption,Overheat,HelpingHand,Protect|||F|||50|,,,,,Fire]Ursaluna||FlameOrb|Guts|Facade,HeadlongRush,Earthquake,Protect|||M|||50|,,,,,Ghost]Incineroar||SitrusBerry|Intimidate|FlareBlitz,KnockOff,PartingShot,FakeOut|||M|||50|,,,,,Ghost
|inactive|Battle timer is ON: inactive players will automatically lose when time's up. (requested by Mortipherus)
|
|t:|1756563676
|teamsize|p1|4
|teamsize|p2|4
|start
|switch|p1a: Indeedee|Indeedee, L50, M|100/100
|switch|p1b: Arcanine|Arcanine-Hisui, L50, F|100/100
|switch|p2a: Jumpluff|Jumpluff, L50, M|100/100
|switch|p2b: Torkoal|Torkoal, L50, F|100/100
|-fieldstart|move: Psychic Terrain|[from] ability: Psychic Surge|[of] p1a: Indeedee
|-ability|p1b: Arcanine|Intimidate|boost
|-unboost|p2a: Jumpluff|atk|1
|-unboost|p2b: Torkoal|atk|1
|-weather|SunnyDay|[from] ability: Drought|[of] p2b: Torkoal
|-enditem|p2b: Torkoal|Eject Pack
|
|t:|1756563688
|switch|p2b: Incineroar|Incineroar, L50, M|100/100
|-ability|p2b: Incineroar|Intimidate|boost
|-unboost|p1a: Indeedee|atk|1
|-fail|p1b: Arcanine|unboost|[from] item: Clear Amulet|[of] p1b: Arcanine
|turn|1
|
|t:|1756563706
|-terastallize|p1b: Arcanine|Grass
|move|p1a: Indeedee|Protect|p1a: Indeedee
|-singleturn|p1a: Indeedee|Protect
|move|p2a: Jumpluff|Tailwind|p2a: Jumpluff
|-sidestart|p2: Er Yayo|move: Tailwind
|move|p2b: Incineroar|Knock Off|p1a: Indeedee
|-activate|p1a: Indeedee|move: Protect
|move|p1b: Arcanine|Flare Blitz|p2a: Jumpluff
|-supereffective|p2a: Jumpluff
|-damage|p2a: Jumpluff|0 fnt
|faint|p2a: Jumpluff
|-damage|p1b: Arcanine|70/100|[from] Recoil
|
|-weather|SunnyDay|[upkeep]
|upkeep
|
|t:|1756563718
|switch|p2a: Ursaluna|Ursaluna, L50, M|100/100
|turn|2
|
|t:|1756563728
|move|p2a: Ursaluna|Protect|p2a: Ursaluna
|-singleturn|p2a: Ursaluna|Protect
|move|p2b: Incineroar|Flare Blitz|p1b: Arcanine
|-supereffective|p1b: Arcanine
|-damage|p1b: Arcanine|0 fnt
|faint|p1b: Arcanine
|-damage|p2b: Incineroar|79/100|[from] Recoil
|move|p1a: Indeedee|Trick Room|p1a: Indeedee
|-fieldstart|move: Trick Room|[of] p1a: Indeedee
|
|-weather|SunnyDay|[upkeep]
|-status|p2a: Ursaluna|brn|[from] item: Flame Orb
|upkeep
|
|t:|1756563738
|switch|p1b: Hydrapple|Hydrapple, L50, M|100/100
|turn|3
|
|t:|1756563753
|move|p1b: Hydrapple|Earth Power|p2b: Incineroar
|-supereffective|p2b: Incineroar
|-damage|p2b: Incineroar|29/100
|-enditem|p2b: Incineroar|Sitrus Berry|[eat]
|-heal|p2b: Incineroar|54/100|[from] item: Sitrus Berry
|move|p1a: Indeedee|Expanding Force|p2b: Incineroar|[spread] p2a
|-immune|p2b: Incineroar
|-crit|p2a: Ursaluna
|-damage|p2a: Ursaluna|24/100 brn
|move|p2b: Incineroar|Parting Shot|p1a: Indeedee
|-unboost|p1a: Indeedee|atk|1
|-unboost|p1a: Indeedee|spa|1
|
|t:|1756563764
|switch|p2b: Torkoal|Torkoal, L50, F|100/100|[from] Parting Shot
|move|p2a: Ursaluna|Facade|p1b: Hydrapple
|-damage|p1b: Hydrapple|6/100
|
|-weather|SunnyDay|[upkeep]
|-damage|p2a: Ursaluna|18/100 brn|[from] brn
|upkeep
|turn|4
|inactive|Er Yayo has 30 seconds left.
|inactive|Er Yayo has 20 seconds left.
|
|t:|1756563802
|move|p2b: Torkoal|Protect|p2b: Torkoal
|-singleturn|p2b: Torkoal|Protect
|move|p2a: Ursaluna|Protect|p2a: Ursaluna
|-singleturn|p2a: Ursaluna|Protect
|move|p1b: Hydrapple|Earth Power|p2b: Torkoal
|-activate|p2b: Torkoal|move: Protect
|move|p1a: Indeedee|Expanding Force|p2b: Torkoal|[spread] 
|-activate|p2a: Ursaluna|move: Protect
|-activate|p2b: Torkoal|move: Protect
|
|-weather|SunnyDay|[upkeep]
|-damage|p2a: Ursaluna|12/100 brn|[from] brn
|-sideend|p2: Er Yayo|move: Tailwind
|upkeep
|turn|5
|
|t:|1756563819
|-terastallize|p2b: Torkoal|Fire
|move|p2b: Torkoal|Eruption|p1a: Indeedee|[spread] p1a,p1b
|-enditem|p1a: Indeedee|Focus Sash
|-damage|p1a: Indeedee|1/100
|-damage|p1b: Hydrapple|0 fnt
|faint|p1b: Hydrapple
|move|p2a: Ursaluna|Facade|p1a: Indeedee
|-damage|p1a: Indeedee|0 fnt
|faint|p1a: Indeedee
|
|-weather|none
|-damage|p2a: Ursaluna|6/100 brn|[from] brn
|-fieldend|move: Psychic Terrain
|upkeep
|
|t:|1756563826
|switch|p1a: Sneasler|Sneasler, L50, M|100/100
|turn|6
|
|t:|1756563838
|move|p1a: Sneasler|Protect|p1a: Sneasler
|-singleturn|p1a: Sneasler|Protect
|move|p2b: Torkoal|Eruption|p1a: Sneasler
|-activate|p1a: Sneasler|move: Protect
|move|p2a: Ursaluna|Facade|p1a: Sneasler
|-activate|p1a: Sneasler|move: Protect
|
|-damage|p2a: Ursaluna|0 fnt|[from] brn
|faint|p2a: Ursaluna
|-fieldend|move: Trick Room
|upkeep
|
|t:|1756563848
|switch|p2a: Incineroar|Incineroar, L50, M|54/100
|-ability|p2a: Incineroar|Intimidate|boost
|-unboost|p1a: Sneasler|atk|1
|turn|7
|
|t:|1756563858
|move|p1a: Sneasler|Protect||[still]
|-fail|p1a: Sneasler
|move|p2a: Incineroar|Fake Out|p1a: Sneasler
|-crit|p1a: Sneasler
|-damage|p1a: Sneasler|73/100
|move|p2b: Torkoal|Eruption|p1a: Sneasler
|-damage|p1a: Sneasler|0 fnt
|faint|p1a: Sneasler
|
|win|Er Yayo
||Mortipherus is ready for game 2.
||Er Yayo is ready for game 2.
|uhtml|next|Next: Game 2 of 3
