|j|☆dugvgc
|j|☆lysha
|html|dugvgclysha    
|uhtml|bestof|Game 2 of a best-of-3
|t:|1783534172
|gametype|doubles
|player|p1|dugvgc|koga|
|player|p2|lysha|parasollady|
|gen|9
|tier|[Gen 9 Champions] VGC 2026 Reg M-B (Bo3)
|rule|Species Clause: Limit one of each Pokémon
|rule|Item Clause: Limit 1 of each item
|clearpoke
|poke|p1|Charizard, L50, F|
|poke|p1|Aerodactyl, L50, M|
|poke|p1|Sylveon, L50, F|
|poke|p1|Farigiraf, L50, M|
|poke|p1|Garchomp, L50, F|
|poke|p1|Kingambit, L50, M|
|poke|p2|Incineroar, L50, M|
|poke|p2|Kingambit, L50, M|
|poke|p2|Sinistcha, L50|
|poke|p2|Sneasler, L50, M|
|poke|p2|Floette-Eternal, L50, F|
|poke|p2|Delphox, L50, F|
|teampreview|4
|showteam|p1|Charizard||CharizarditeY|Blaze|HeatWave,WeatherBall,SolarBeam,Protect|Modest||F|||50|]Aerodactyl||Aerodactylite|Unnerve|RockSlide,DualWingbeat,IceFang,Tailwind|Jolly||M|||50|]Sylveon||FairyFeather|Pixilate|HyperVoice,HyperBeam,QuickAttack,Detect|Modest||F|||50|]Farigiraf||SitrusBerry|ArmorTail|TwinBeam,Thunderbolt,TrickRoom,Protect|Relaxed||M|||50|]Garchomp||LifeOrb|RoughSkin|Earthquake,StompingTantrum,DragonClaw,Protect|Jolly||F|||50|]Kingambit||FocusSash|Defiant|IronHead,KowtowCleave,SuckerPunch,LowKick|Adamant||M|||50|
|showteam|p2|Incineroar||SitrusBerry|Intimidate|FlareBlitz,FakeOut,PartingShot,HelpingHand|Careful||M|||50|]Kingambit||BlackGlasses|Defiant|KowtowCleave,SuckerPunch,SwordsDance,Protect|Adamant||M|||50|]Sinistcha||KasibBerry|Hospitality|MatchaGotcha,RagePowder,TrickRoom,Protect|Bold|||||50|]Sneasler||FocusSash|PoisonTouch|FakeOut,CloseCombat,PoisonJab,QuickGuard|Jolly||M|||50|]Floette-Eternal||Floettite|FlowerVeil|Moonblast,DazzlingGleam,CalmMind,Protect|Modest||F|||50|]Delphox||Delphoxite|Blaze|HeatWave,Psyshock,NastyPlot,Protect|Timid||F|||50|
|inactive|Battle timer is ON: inactive players will automatically lose when time's up. (requested by lysha)
|inactive|lysha has 60 seconds left.
|
|t:|1783534209
|teamsize|p1|4
|teamsize|p2|4
|start
|switch|p1a: Aerodactyl|Aerodactyl, L50, M|100/100
|switch|p1b: Kingambit|Kingambit, L50, M|100/100
|switch|p2a: Delphox|Delphox, L50, F|100/100
|switch|p2b: Sneasler|Sneasler, L50, M|100/100
|-ability|p1a: Aerodactyl|Unnerve
|turn|1
|inactive|lysha has 30 seconds left.
|
|t:|1783534236
|detailschange|p1a: Aerodactyl|Aerodactyl-Mega, L50, M
|-mega|p1a: Aerodactyl|Aerodactyl|Aerodactylite
|detailschange|p2a: Delphox|Delphox-Mega, L50, F
|-mega|p2a: Delphox|Delphox|Delphoxite
|move|p2b: Sneasler|Fake Out|p1b: Kingambit
|-resisted|p1b: Kingambit|1
|-damage|p1b: Kingambit|94/100
|move|p1a: Aerodactyl|Tailwind|p1a: Aerodactyl
|-sidestart|p1: dugvgc|move: Tailwind
|cant|p1b: Kingambit|flinch
|move|p2a: Delphox|Nasty Plot|p2a: Delphox
|-boost|p2a: Delphox|spa|2
|
|upkeep
|turn|2
|inactive|dugvgc has 30 seconds left.
|
|t:|1783534263
|switch|p2b: Incineroar|Incineroar, L50, M|100/100
|-ability|p2b: Incineroar|Intimidate|boost
|-unboost|p1a: Aerodactyl|atk|1
|-unboost|p1b: Kingambit|atk|1
|-ability|p1b: Kingambit|Defiant|boost
|-boost|p1b: Kingambit|atk|2
|move|p2a: Delphox|Protect|p2a: Delphox
|-singleturn|p2a: Delphox|Protect
|move|p1a: Aerodactyl|Dual Wingbeat|p2b: Incineroar
|-damage|p2b: Incineroar|85/100
|-damage|p2b: Incineroar|69/100
|-hitcount|p2b: Incineroar|2
|move|p1b: Kingambit|Kowtow Cleave|p2a: Delphox
|-activate|p2a: Delphox|move: Protect
|
|upkeep
|turn|3
|
|t:|1783534285
|switch|p1a: Farigiraf|Farigiraf, L50, M|100/100
|switch|p2a: Sneasler|Sneasler, L50, M|100/100
|move|p1b: Kingambit|Kowtow Cleave|p2a: Sneasler
|-resisted|p2a: Sneasler|1
|-damage|p2a: Sneasler|35/100
|move|p2b: Incineroar|Flare Blitz|p1b: Kingambit
|-supereffective|p1b: Kingambit|1
|-damage|p1b: Kingambit|15/100
|-damage|p2b: Incineroar|47/100|[from] Recoil
|-enditem|p2b: Incineroar|Sitrus Berry|[eat]
|-heal|p2b: Incineroar|71/100|[from] item: Sitrus Berry
|
|upkeep
|turn|4
|inactive|dugvgc has 30 seconds left.
|inactive|lysha has 30 seconds left.
|inactive|dugvgc has 20 seconds left.
|
|t:|1783534322
|switch|p1a: Aerodactyl|Aerodactyl-Mega, L50, M|100/100
|switch|p2b: Sinistcha|Sinistcha, L50|100/100
|-heal|p2a: Sneasler|60/100|[from] ability: Hospitality|[of] p2b: Sinistcha
|move|p1b: Kingambit|Kowtow Cleave|p2b: Sinistcha
|-supereffective|p2b: Sinistcha|1
|-damage|p2b: Sinistcha|0 fnt
|faint|p2b: Sinistcha
|move|p2a: Sneasler|Close Combat|p1b: Kingambit
|-supereffective|p1b: Kingambit|2
|-damage|p1b: Kingambit|0 fnt
|-unboost|p2a: Sneasler|def|1
|-unboost|p2a: Sneasler|spd|1
|faint|p1b: Kingambit
|
|-sideend|p1: dugvgc|move: Tailwind
|upkeep
|
|t:|1783534340
|switch|p1b: Sylveon|Sylveon, L50, F|100/100
|switch|p2b: Delphox|Delphox-Mega, L50, F|100/100
|turn|5
|
|t:|1783534351
|switch|p2a: Incineroar|Incineroar, L50, M|71/100
|-ability|p2a: Incineroar|Intimidate|boost
|-unboost|p1a: Aerodactyl|atk|1
|-unboost|p1b: Sylveon|atk|1
|move|p1a: Aerodactyl|Tailwind|p1a: Aerodactyl
|-sidestart|p1: dugvgc|move: Tailwind
|move|p2b: Delphox|Heat Wave|p1a: Aerodactyl|[spread] p1a,p1b
|-resisted|p1a: Aerodactyl|1
|-damage|p1a: Aerodactyl|79/100
|-damage|p1b: Sylveon|72/100
|move|p1b: Sylveon|Hyper Voice|p2a: Incineroar|[spread] p2a,p2b
|-resisted|p2b: Delphox|1
|-damage|p2a: Incineroar|35/100
|-damage|p2b: Delphox|76/100
|
|upkeep
|turn|6
|
|t:|1783534372
|switch|p1b: Farigiraf|Farigiraf, L50, M|100/100
|move|p2b: Delphox|Protect|p2b: Delphox
|-singleturn|p2b: Delphox|Protect
|move|p1a: Aerodactyl|Rock Slide|p2a: Incineroar|[spread] p2a
|-activate|p2b: Delphox|move: Protect
|-supereffective|p2a: Incineroar|1
|-damage|p2a: Incineroar|2/100
|move|p2a: Incineroar|Parting Shot|p1a: Aerodactyl
|-unboost|p1a: Aerodactyl|atk|1
|-unboost|p1a: Aerodactyl|spa|1
|
|t:|1783534384
|switch|p2a: Sneasler|Sneasler, L50, M|60/100|[from] Parting Shot
|
|upkeep
|turn|7
|
|t:|1783534389
|switch|p1a: Sylveon|Sylveon, L50, F|72/100
|move|p2b: Delphox|Heat Wave|p1b: Farigiraf|[spread] p1a
|-miss|p2b: Delphox|p1b: Farigiraf
|-damage|p1a: Sylveon|41/100
|move|p2a: Sneasler|Close Combat|p1a: Sylveon
|-resisted|p1a: Sylveon|1
|-crit|p1a: Sylveon
|-damage|p1a: Sylveon|0 fnt
|-unboost|p2a: Sneasler|def|1
|-unboost|p2a: Sneasler|spd|1
|faint|p1a: Sylveon
|move|p1b: Farigiraf|Twin Beam|p2a: Sneasler
|-supereffective|p2a: Sneasler|2
|-damage|p2a: Sneasler|0 fnt
|faint|p2a: Sneasler
|-hitcount|p2: Sneasler|1
|
|upkeep
|
|t:|1783534398
|switch|p2a: Incineroar|Incineroar, L50, M|2/100
|switch|p1a: Aerodactyl|Aerodactyl-Mega, L50, M|79/100
|-ability|p2a: Incineroar|Intimidate|boost
|-unboost|p1a: Aerodactyl|atk|1
|-unboost|p1b: Farigiraf|atk|1
|turn|8
|
|t:|1783534408
|move|p1a: Aerodactyl|Rock Slide|p2a: Incineroar|[spread] p2a,p2b
|-supereffective|p2a: Incineroar|1
|-supereffective|p2b: Delphox|1
|-damage|p2a: Incineroar|0 fnt
|-damage|p2b: Delphox|36/100
|faint|p2a: Incineroar
|move|p2b: Delphox|Heat Wave|p1b: Farigiraf|[spread] p1a,p1b
|-resisted|p1a: Aerodactyl|1
|-damage|p1a: Aerodactyl|61/100
|-damage|p1b: Farigiraf|69/100
|move|p1b: Farigiraf|Thunderbolt|p2b: Delphox
|-damage|p2b: Delphox|16/100
|
|-sideend|p1: dugvgc|move: Tailwind
|upkeep
|turn|9
|
|t:|1783534414
|move|p1a: Aerodactyl|Rock Slide|p2b: Delphox
|-supereffective|p2b: Delphox|1
|-damage|p2b: Delphox|0 fnt
|faint|p2b: Delphox
|
|win|dugvgc
|c|☆dugvgc|ggs
|c|☆lysha|ggs
