|j|☆Siperpaco
|j|☆viatles
|html|Siperpacoviatles    
|uhtml|bestof|Game 3 of a best-of-3
|t:|1756750857
|gametype|doubles
|player|p1|Siperpaco|266|1050
|player|p2|viatles|hiker|1098
|gen|9
|tier|[Gen 9] VGC 2025 Reg H (Bo3)
|rated|
|rule|Species Clause: Limit one of each Pokémon
|rule|Item Clause: Limit 1 of each item
|clearpoke
|poke|p1|Annihilape, L50, M|
|poke|p1|Grimmsnarl, L50, M|
|poke|p1|Arcanine, L50, M|
|poke|p1|Amoonguss, L50, M|
|poke|p1|Garchomp, L50, M|
|poke|p1|Malamar, L50, M|
|poke|p2|Oricorio-Sensu, L50, F|
|poke|p2|Volcarona, L50, M|
|poke|p2|Garchomp, L50, F|
|poke|p2|Scizor, L50, F|
|poke|p2|Mienshao, L50, M|
|poke|p2|Milotic, L50, M|
|teampreview|4
|showteam|p1|Annihilape||Leftovers|Defiant|RageFist,BulkUp,DrainPunch,Protect|||M|||50|,,,,,Water]Grimmsnarl||LightClay|Prankster|Reflect,LightScreen,SpiritBreak,Taunt|||M|||50|,,,,,Steel]Arcanine||SafetyGoggles|Intimidate|FlareBlitz,WillOWisp,Snarl,Protect|||M|||50|,,,,,Grass]Amoonguss||RockyHelmet|Regenerator|Spore,RagePowder,Protect,PollenPuff|||M|||50|,,,,,Water]Garchomp||ClearAmulet|RoughSkin|Earthquake,RockSlide,SwordsDance,Protect|||M|||50|,,,,,Ground]Malamar||SitrusBerry|Contrary|BatonPass,CalmMind,Lunge,Superpower|||M|||50|,,,,,Fighting
|showteam|p2|Oricorio-Sensu||FocusSash|Dancer|QuiverDance,BatonPass,RevelationDance,Protect|||F|||50|,,,,,Fighting]Volcarona||SitrusBerry|FlameBody|QuiverDance,GigaDrain,FieryDance,Protect|||M|||50|,,,,,Grass]Garchomp||ClearAmulet|RoughSkin|IronHead,DracoMeteor,RockSlide,Earthquake|||F|||50|,,,,,Steel]Scizor||AssaultVest|Technician|BulletPunch,BugBite,DualWingbeat,Thief|||F|||50|,,,,,Bug]Mienshao||SafetyGoggles|InnerFocus|FakeOut,CloseCombat,TripleAxel,WideGuard|||M|||50|,,,,,Fire]Milotic||Leftovers|Competitive|Scald,Protect,IcyWind,LifeDew|||M|||50|,,,,,Grass
|
|t:|1756750907
|teamsize|p1|4
|teamsize|p2|4
|start
|switch|p1a: Annihilape|Annihilape, L50, M|100/100
|switch|p1b: Malamar|Malamar, L50, M|100/100
|switch|p2a: Garchomp|Garchomp, L50, F|100/100
|switch|p2b: Mienshao|Mienshao, L50, M|100/100
|turn|1
|
|t:|1756750942
|move|p2b: Mienshao|Close Combat|p1b: Malamar
|-damage|p1b: Malamar|25/100
|-unboost|p2b: Mienshao|def|1
|-unboost|p2b: Mienshao|spd|1
|-enditem|p1b: Malamar|Sitrus Berry|[eat]
|-heal|p1b: Malamar|50/100|[from] item: Sitrus Berry
|move|p2a: Garchomp|Rock Slide|p1b: Malamar|[spread] p1b
|-miss|p2a: Garchomp|p1a: Annihilape
|-damage|p1b: Malamar|22/100
|cant|p1b: Malamar|flinch
|move|p1a: Annihilape|Bulk Up|p1a: Annihilape
|-boost|p1a: Annihilape|atk|1
|-boost|p1a: Annihilape|def|1
|
|upkeep
|turn|2
|
|t:|1756750978
|switch|p2b: Oricorio|Oricorio-Sensu, L50, F|100/100
|move|p2a: Garchomp|Rock Slide|p1a: Annihilape|[spread] p1b
|-miss|p2a: Garchomp|p1a: Annihilape
|-damage|p1b: Malamar|0 fnt
|faint|p1b: Malamar
|move|p1a: Annihilape|Drain Punch|p2b: Oricorio
|-immune|p2b: Oricorio
|
|upkeep
|
|t:|1756750986
|switch|p1b: Garchomp|Garchomp, L50, M|100/100
|turn|3
|
|t:|1756751016
|move|p2b: Oricorio|Protect|p2b: Oricorio
|-singleturn|p2b: Oricorio|Protect
|move|p1b: Garchomp|Rock Slide|p2a: Garchomp|[spread] p2a
|-activate|p2b: Oricorio|move: Protect
|-resisted|p2a: Garchomp
|-damage|p2a: Garchomp|90/100
|move|p2a: Garchomp|Iron Head|p1a: Annihilape
|-damage|p1a: Annihilape|81/100
|cant|p1a: Annihilape|flinch
|
|-heal|p1a: Annihilape|87/100|[from] item: Leftovers
|upkeep
|turn|4
|
|t:|1756751039
|move|p1b: Garchomp|Rock Slide|p2a: Garchomp|[spread] p2a,p2b
|-resisted|p2a: Garchomp
|-supereffective|p2b: Oricorio
|-damage|p2a: Garchomp|80/100
|-damage|p2b: Oricorio|44/100
|move|p2b: Oricorio|Quiver Dance|p2b: Oricorio
|-boost|p2b: Oricorio|spa|1
|-boost|p2b: Oricorio|spd|1
|-boost|p2b: Oricorio|spe|1
|move|p2a: Garchomp|Rock Slide|p1b: Garchomp|[spread] p1b
|-miss|p2a: Garchomp|p1a: Annihilape
|-resisted|p1b: Garchomp
|-damage|p1b: Garchomp|90/100
|move|p1a: Annihilape|Rage Fist|p2b: Oricorio
|-supereffective|p2b: Oricorio
|-damage|p2b: Oricorio|0 fnt
|faint|p2b: Oricorio
|
|-heal|p1a: Annihilape|93/100|[from] item: Leftovers
|upkeep
|
|t:|1756751057
|switch|p2b: Mienshao|Mienshao, L50, M|100/100
|turn|5
|
|t:|1756751073
|move|p1a: Annihilape|Protect|p1a: Annihilape
|-singleturn|p1a: Annihilape|Protect
|move|p2b: Mienshao|Fake Out|p1b: Garchomp
|-damage|p1b: Garchomp|76/100
|-damage|p2b: Mienshao|88/100|[from] ability: Rough Skin|[of] p1b: Garchomp
|cant|p1b: Garchomp|flinch
|move|p2a: Garchomp|Iron Head|p1a: Annihilape
|-activate|p1a: Annihilape|move: Protect
|
|-heal|p1a: Annihilape|99/100|[from] item: Leftovers
|upkeep
|turn|6
|
|t:|1756751098
|move|p1b: Garchomp|Protect|p1b: Garchomp
|-singleturn|p1b: Garchomp|Protect
|move|p2b: Mienshao|Triple Axel|p1b: Garchomp
|-activate|p1b: Garchomp|move: Protect
|move|p2a: Garchomp|Iron Head|p1a: Annihilape
|-damage|p1a: Annihilape|80/100
|move|p1a: Annihilape|Drain Punch|p2b: Mienshao
|-damage|p2b: Mienshao|10/100
|-heal|p1a: Annihilape|100/100|[from] drain|[of] p2b: Mienshao
|
|upkeep
|turn|7
|
|t:|1756751126
|-terastallize|p1b: Garchomp|Ground
|move|p1a: Annihilape|Protect|p1a: Annihilape
|-singleturn|p1a: Annihilape|Protect
|move|p2b: Mienshao|Wide Guard|p2b: Mienshao
|-singleturn|p2b: Mienshao|Wide Guard
|move|p1b: Garchomp|Earthquake|p2b: Mienshao|[spread] 
|-activate|p2a: Garchomp|move: Wide Guard
|-activate|p2b: Mienshao|move: Wide Guard
|-activate|p1a: Annihilape|move: Protect
|move|p2a: Garchomp|Iron Head|p1a: Annihilape
|-activate|p1a: Annihilape|move: Protect
|
|upkeep
|turn|8
|
|t:|1756751149
|move|p2b: Mienshao|Wide Guard|p2b: Mienshao
|-singleturn|p2b: Mienshao|Wide Guard
|move|p1b: Garchomp|Rock Slide|p2b: Mienshao|[spread] 
|-activate|p2a: Garchomp|move: Wide Guard
|-activate|p2b: Mienshao|move: Wide Guard
|move|p2a: Garchomp|Iron Head|p1a: Annihilape
|-damage|p1a: Annihilape|79/100
|move|p1a: Annihilape|Drain Punch|p2b: Mienshao
|-crit|p2b: Mienshao
|-damage|p2b: Mienshao|0 fnt
|-heal|p1a: Annihilape|83/100|[from] drain|[of] p2b: Mienshao
|faint|p2b: Mienshao
|
|-heal|p1a: Annihilape|89/100|[from] item: Leftovers
|upkeep
|
|t:|1756751163
|switch|p2b: Volcarona|Volcarona, L50, M|100/100
|turn|9
|
|t:|1756751180
|-terastallize|p2b: Volcarona|Grass
|move|p1b: Garchomp|Rock Slide|p2b: Volcarona|[spread] p2b
|-miss|p1b: Garchomp|p2a: Garchomp
|-crit|p2b: Volcarona
|-damage|p2b: Volcarona|67/100
|move|p2a: Garchomp|Rock Slide|p1b: Garchomp|[spread] p1a,p1b
|-resisted|p1a: Annihilape
|-resisted|p1b: Garchomp
|-damage|p1a: Annihilape|82/100
|-damage|p1b: Garchomp|65/100
|move|p2b: Volcarona|Quiver Dance|p2b: Volcarona
|-boost|p2b: Volcarona|spa|1
|-boost|p2b: Volcarona|spd|1
|-boost|p2b: Volcarona|spe|1
|move|p1a: Annihilape|Rage Fist|p2b: Volcarona
|-damage|p2b: Volcarona|0 fnt
|faint|p2b: Volcarona
|
|-heal|p1a: Annihilape|88/100|[from] item: Leftovers
|upkeep
|turn|10
|c|☆viatles|ggs wp
|
|t:|1756751209
|move|p1b: Garchomp|Protect|p1b: Garchomp
|-singleturn|p1b: Garchomp|Protect
|move|p2a: Garchomp|Earthquake|p1b: Garchomp|[spread] p1a
|-activate|p1b: Garchomp|move: Protect
|-damage|p1a: Annihilape|58/100
|move|p1a: Annihilape|Bulk Up|p1a: Annihilape
|-boost|p1a: Annihilape|atk|1
|-boost|p1a: Annihilape|def|1
|
|-heal|p1a: Annihilape|64/100|[from] item: Leftovers
|upkeep
|turn|11
|
|t:|1756751224
|move|p1b: Garchomp|Rock Slide|p2a: Garchomp
|-resisted|p2a: Garchomp
|-crit|p2a: Garchomp
|-damage|p2a: Garchomp|59/100
|move|p2a: Garchomp|Rock Slide|p1b: Garchomp|[spread] p1a,p1b
|-resisted|p1a: Annihilape
|-resisted|p1b: Garchomp
|-damage|p1a: Annihilape|59/100
|-damage|p1b: Garchomp|54/100
|move|p1a: Annihilape|Drain Punch|p2a: Garchomp
|-damage|p2a: Garchomp|3/100
|-heal|p1a: Annihilape|83/100|[from] drain|[of] p2a: Garchomp
|-damage|p1a: Annihilape|71/100|[from] ability: Rough Skin|[of] p2a: Garchomp
|
|-heal|p1a: Annihilape|77/100|[from] item: Leftovers
|upkeep
|turn|12
|
|t:|1756751242
|move|p1b: Garchomp|Rock Slide|p2a: Garchomp
|-resisted|p2a: Garchomp
|-damage|p2a: Garchomp|0 fnt
|faint|p2a: Garchomp
|
|win|Siperpaco
|raw|Siperpaco's rating: 1050 → 1087(+37 for winning)
|raw|viatles's rating: 1098 → 1070(-28 for losing)
