|j|☆moicito
|j|☆danicruz.music
|html|moicitodanicruz.music    
|uhtml|bestof|Game 1 of a best-of-3
|t:|1756351058
|gametype|doubles
|player|p1|moicito|caitlin|1116
|player|p2|danicruz.music|whitney|1024
|gen|9
|tier|[Gen 9] VGC 2025 Reg H (Bo3)
|rated|
|rule|Species Clause: Limit one of each Pokémon
|rule|Item Clause: Limit 1 of each item
|clearpoke
|poke|p1|Kingambit, L50, F|
|poke|p1|Rillaboom, L50, F|
|poke|p1|Magmar, L50, M|
|poke|p1|Primarina, L50, M|
|poke|p1|Sneasler, L50, M|
|poke|p1|Dragapult, L50, M|
|poke|p2|Dondozo, L50, M|
|poke|p2|Tatsugiri, L50, M|
|poke|p2|Pelipper, L50, F|
|poke|p2|Archaludon, L50, F|
|poke|p2|Sylveon, L50, F|
|poke|p2|Corviknight, L50, F|
|teampreview|4
|showteam|p1|Kingambit||BlackGlasses|Defiant|Protect,KowtowCleave,SuckerPunch,SwordsDance|||F|||50|,,,,,Ghost]Rillaboom||AssaultVest|GrassySurge|WoodHammer,GrassyGlide,HighHorsepower,FakeOut|||F|||50|,,,,,Fire]Magmar||Eviolite|VitalSpirit|Overheat,WillOWisp,FollowMe,Protect|||M|||50|,,,,,Ghost]Primarina||SitrusBerry|LiquidVoice|HyperVoice,Moonblast,Haze,Protect|||M|||50|,,,,,Water]Sneasler||FocusSash|PoisonTouch|CloseCombat,DireClaw,Coaching,FakeOut|||M|||50|,,,,,Stellar]Dragapult||ChoiceBand|ClearBody|DragonDarts,TeraBlast,PhantomForce,Uturn|||M|||50|,,,,,Ghost
|showteam|p2|Dondozo||Leftovers|Unaware|WaveCrash,Earthquake,OrderUp,Protect|||M|||50|,,,,,Ground]Tatsugiri||ChoiceSpecs|Commander|DragonPulse,DracoMeteor,MuddyWater,IcyWind|||M|||50|,,,,,Fairy]Pelipper||CovertCloak|Drizzle|Hurricane,WeatherBall,WideGuard,Tailwind|||F|||50|,,,,,Water]Archaludon||PowerHerb|Stalwart|ElectroShot,MeteorBeam,DracoMeteor,Protect|||F|||50|,,,,,Electric]Sylveon||ThroatSpray|Pixilate|HyperVoice,HelpingHand,Detect,Roar|||F|||50|,,,,,Fairy]Corviknight||SitrusBerry|Unnerve|BraveBird,Tailwind,Roost,Protect|||F|||50|,,,,,Flying
|inactive|Battle timer is ON: inactive players will automatically lose when time's up. (requested by danicruz.music)
|inactive|moicito has 60 seconds left.
|inactive|moicito has 30 seconds left.
|
|t:|1756351119
|teamsize|p1|4
|teamsize|p2|4
|start
|switch|p1a: Dragapult|Dragapult, L50, M|100/100
|switch|p1b: Snisli|Sneasler, L50, M|100/100
|switch|p2a: Sylveon|Sylveon, L50, F|100/100
|switch|p2b: Corviknight|Corviknight, L50, F|100/100
|-ability|p2b: Corviknight|Unnerve
|turn|1
|inactive|moicito has 30 seconds left.
|inactive|moicito has 20 seconds left.
|inactive|moicito has 15 seconds left.
|
|t:|1756351159
|-terastallize|p1a: Dragapult|Ghost
|move|p1a: Dragapult|Dragon Darts|p2b: Corviknight
|-resisted|p2b: Corviknight
|-damage|p2b: Corviknight|88/100
|-anim|p1a: Dragapult|Dragon Darts|p2b: Corviknight
|-resisted|p2b: Corviknight
|-damage|p2b: Corviknight|75/100
|move|p1b: Snisli|Dire Claw|p2a: Sylveon
|-supereffective|p2a: Sylveon
|-damage|p2a: Sylveon|0 fnt
|faint|p2a: Sylveon
|move|p2b: Corviknight|Brave Bird|p1b: Snisli
|-supereffective|p1b: Snisli
|-enditem|p1b: Snisli|Focus Sash
|-damage|p1b: Snisli|1/100
|-damage|p2b: Corviknight|50/100|[from] Recoil
|-enditem|p2b: Corviknight|Sitrus Berry|[eat]
|-heal|p2b: Corviknight|75/100|[from] item: Sitrus Berry
|
|upkeep
|
|t:|1756351174
|switch|p2a: Dondozo|Dondozo, L50, M|100/100
|turn|2
|
|t:|1756351192
|switch|p1a: Primarina|Primarina, L50, M|100/100
|switch|p2b: Tatsugiri|Tatsugiri, L50, M|100/100
|-activate|p2b: Tatsugiri|ability: Commander|[of] p2a: Dondozo
|-boost|p2a: Dondozo|atk|2
|-boost|p2a: Dondozo|spa|2
|-boost|p2a: Dondozo|spe|2
|-boost|p2a: Dondozo|def|2
|-boost|p2a: Dondozo|spd|2
|-terastallize|p2a: Dondozo|Ground
|move|p1b: Snisli|Dire Claw|p2a: Dondozo
|-resisted|p2a: Dondozo
|-damage|p2a: Dondozo|93/100
|-status|p2a: Dondozo|psn
|move|p2a: Dondozo|Earthquake|p1b: Snisli|[spread] p1a,p1b
|-miss|p2a: Dondozo|p2b: Tatsugiri
|-supereffective|p1b: Snisli
|-damage|p1a: Primarina|28/100
|-damage|p1b: Snisli|0 fnt
|-enditem|p1a: Primarina|Sitrus Berry|[eat]
|-heal|p1a: Primarina|53/100|[from] item: Sitrus Berry
|faint|p1b: Snisli
|
|-heal|p2a: Dondozo|99/100 psn|[from] item: Leftovers
|-damage|p2a: Dondozo|87/100 psn|[from] psn
|upkeep
|
|t:|1756351214
|switch|p1b: Rilli|Rillaboom, L50, F, shiny|100/100
|-fieldstart|move: Grassy Terrain|[from] ability: Grassy Surge|[of] p1b: Rilli
|turn|3
|
|t:|1756351221
|move|p1b: Rilli|Fake Out|p2a: Dondozo
|-crit|p2a: Dondozo
|-damage|p2a: Dondozo|76/100 psn
|move|p1a: Primarina|Haze|p1a: Primarina
|-clearallboost
|cant|p2a: Dondozo|flinch
|
|-heal|p1a: Primarina|60/100|[from] Grassy Terrain
|-heal|p2a: Dondozo|82/100 psn|[from] Grassy Terrain
|-heal|p2a: Dondozo|88/100 psn|[from] item: Leftovers
|-damage|p2a: Dondozo|76/100 psn|[from] psn
|upkeep
|turn|4
|
|t:|1756351244
|move|p1b: Rilli|Grassy Glide|p2a: Dondozo
|-supereffective|p2a: Dondozo
|-damage|p2a: Dondozo|34/100 psn
|move|p1a: Primarina|Hyper Voice|p2a: Dondozo|[spread] p2a
|-miss|p1a: Primarina|p2b: Tatsugiri
|-supereffective|p2a: Dondozo
|-damage|p2a: Dondozo|0 fnt
|faint|p2a: Dondozo
|
|-heal|p1a: Primarina|66/100|[from] Grassy Terrain
|upkeep
|
|t:|1756351248
|switch|p2a: Corviknight|Corviknight, L50, F|75/100
|-ability|p2a: Corviknight|Unnerve
|turn|5
|
|t:|1756351272
|move|p1a: Primarina|Protect|p1a: Primarina
|-singleturn|p1a: Primarina|Protect
|move|p2b: Tatsugiri|Icy Wind|p1b: Rilli|[spread] p1b
|-activate|p1a: Primarina|move: Protect
|-supereffective|p1b: Rilli
|-crit|p1b: Rilli
|-damage|p1b: Rilli|54/100
|-unboost|p1b: Rilli|spe|1
|move|p2a: Corviknight|Brave Bird|p1b: Rilli
|-supereffective|p1b: Rilli
|-damage|p1b: Rilli|0 fnt
|faint|p1b: Rilli
|-damage|p2a: Corviknight|57/100|[from] Recoil
|
|-heal|p1a: Primarina|72/100|[from] Grassy Terrain
|upkeep
|
|t:|1756351285
|switch|p1b: Dragapult|Dragapult, L50, M, tera:Ghost|100/100
|turn|6
|
|t:|1756351306
|move|p1b: Dragapult|Tera Blast|p2b: Tatsugiri|[anim] Tera Blast Ghost
|-damage|p2b: Tatsugiri|0 fnt
|faint|p2b: Tatsugiri
|move|p1a: Primarina|Moonblast|p2a: Corviknight
|-resisted|p2a: Corviknight
|-damage|p2a: Corviknight|32/100
|move|p2a: Corviknight|Brave Bird|p1b: Dragapult
|-damage|p1b: Dragapult|49/100
|-damage|p2a: Corviknight|18/100|[from] Recoil
|
|-heal|p1b: Dragapult|55/100|[from] Grassy Terrain
|-heal|p1a: Primarina|78/100|[from] Grassy Terrain
|upkeep
|turn|7
|-message|danicruz.music forfeited.
|
|win|moicito
|l|☆danicruz.music
|player|p2|
|raw|moicito's rating: 1116 → 1135(+19 for winning)
|raw|danicruz.music's rating: 1024 → 1014(-10 for losing)
