|j|☆gene takavic
|j|☆mr.pickup
|html|gene takavicmr.pickup    
|uhtml|bestof|Game 3 of a best-of-3
|t:|1756532733
|gametype|doubles
|player|p1|gene takavic|pryce|1215
|player|p2|mr.pickup|pokemaniac|1245
|gen|9
|tier|[Gen 9] VGC 2025 Reg H (Bo3)
|rated|
|rule|Species Clause: Limit one of each Pokémon
|rule|Item Clause: Limit 1 of each item
|clearpoke
|poke|p1|Charizard, L50, M|
|poke|p1|Torkoal, L50, F|
|poke|p1|Porygon2, L50|
|poke|p1|Incineroar, L50, M|
|poke|p1|Jumpluff, L50, M|
|poke|p1|Ursaluna, L50, M|
|poke|p2|Dondozo, L50, M|
|poke|p2|Tatsugiri, L50, F|
|poke|p2|Glimmora, L50, M|
|poke|p2|Rillaboom, L50, M|
|poke|p2|Dragapult, L50, F|
|poke|p2|Volcarona, L50, M|
|teampreview|4
|showteam|p1|Charizard||ChoiceSpecs|SolarPower|HeatWave,Overheat,WeatherBall,AirSlash|||M|||50|,,,,,Ghost]Torkoal||EjectPack|Drought|Eruption,Overheat,HelpingHand,Protect|||F|||50|,,,,,Fire]Porygon2||Eviolite|Download|TeraBlast,IceBeam,Recover,TrickRoom||||||50|,,,,,Fighting]Incineroar||SitrusBerry|Intimidate|FlareBlitz,KnockOff,FakeOut,PartingShot|||M|||50|,,,,,Ghost]Jumpluff||CovertCloak|Chlorophyll|SleepPowder,SunnyDay,RagePowder,Tailwind|||M|||50|,,,,,Water]Ursaluna||FlameOrb|Guts|HeadlongRush,Facade,Earthquake,Protect|||M|||50|,,,,,Ghost
|showteam|p2|Dondozo||Leftovers|Oblivious|OrderUp,WaveCrash,Earthquake,Protect|||M|||50|,,,,,Steel]Tatsugiri||ChoiceScarf|Commander|Surf,MuddyWater,TeraBlast,DracoMeteor|||F|||50|,,,,,Ghost]Glimmora||FocusSash|ToxicDebris|PowerGem,EnergyBall,DazzlingGleam,SpikyShield|||M|||50|,,,,,Grass]Rillaboom||MiracleSeed|GrassySurge|GrassyGlide,WoodHammer,FakeOut,KnockOff|||M|||50|,,,,,Grass]Dragapult||ChoiceBand|ClearBody|DragonDarts,Outrage,PhantomForce,Uturn|||F|||50|,,,,,Dragon]Volcarona||SafetyGoggles|FlameBody|QuiverDance,HeatWave,TeraBlast,Protect|||M|||50|,,,,,Fairy
|inactive|Battle timer is ON: inactive players will automatically lose when time's up. (requested by gene takavic)
|inactive|mr.pickup also wants the timer to be on.
|
|t:|1756532750
|teamsize|p1|4
|teamsize|p2|4
|start
|switch|p1a: Jumpluff|Jumpluff, L50, M|100/100
|switch|p1b: Incineroar|Incineroar, L50, M|100/100
|switch|p2a: Dragapult|Dragapult, L50, F|100/100
|switch|p2b: Volcarona|Volcarona, L50, M|100/100
|-ability|p1b: Incineroar|Intimidate|boost
|-fail|p2a: Dragapult|unboost|[from] ability: Clear Body|[of] p2a: Dragapult
|-unboost|p2b: Volcarona|atk|1
|turn|1
|
|t:|1756532766
|move|p1b: Incineroar|Fake Out|p2b: Volcarona
|-damage|p2b: Volcarona|81/100
|move|p2a: Dragapult|Dragon Darts|p1a: Jumpluff
|-damage|p1a: Jumpluff|57/100
|-anim|p2a: Dragapult|Dragon Darts|p1b: Incineroar
|-damage|p1b: Incineroar|67/100
|move|p1a: Jumpluff|Tailwind|p1a: Jumpluff
|-sidestart|p1: gene takavic|move: Tailwind
|cant|p2b: Volcarona|flinch
|
|upkeep
|turn|2
|
|t:|1756532778
|move|p1a: Jumpluff|Sunny Day|p1a: Jumpluff
|-weather|SunnyDay
|move|p1b: Incineroar|Flare Blitz|p2b: Volcarona
|-damage|p2b: Volcarona|0 fnt
|faint|p2b: Volcarona
|-damage|p1b: Incineroar|45/100|[from] Recoil
|-enditem|p1b: Incineroar|Sitrus Berry|[eat]
|-heal|p1b: Incineroar|70/100|[from] item: Sitrus Berry
|move|p2a: Dragapult|Dragon Darts|p1a: Jumpluff
|-damage|p1a: Jumpluff|7/100
|-anim|p2a: Dragapult|Dragon Darts|p1b: Incineroar
|-damage|p1b: Incineroar|31/100
|
|-weather|SunnyDay|[upkeep]
|upkeep
|
|t:|1756532789
|switch|p2b: Rillaboom|Rillaboom, L50, M|100/100
|-fieldstart|move: Grassy Terrain|[from] ability: Grassy Surge|[of] p2b: Rillaboom
|turn|3
|
|t:|1756532804
|switch|p1a: Porygon2|Porygon2, L50|100/100
|-ability|p1a: Porygon2|Download|boost
|-boost|p1a: Porygon2|spa|1
|-terastallize|p2a: Dragapult|Dragon
|move|p2b: Rillaboom|Grassy Glide|p1a: Porygon2
|-damage|p1a: Porygon2|69/100
|move|p1b: Incineroar|Flare Blitz|p2b: Rillaboom
|-supereffective|p2b: Rillaboom
|-damage|p2b: Rillaboom|0 fnt
|faint|p2b: Rillaboom
|-damage|p1b: Incineroar|0 fnt|[from] Recoil
|faint|p1b: Incineroar
|move|p2a: Dragapult|Dragon Darts|p1a: Porygon2
|-damage|p1a: Porygon2|36/100
|-anim|p2a: Dragapult|Dragon Darts|p1a: Porygon2
|-damage|p1a: Porygon2|4/100
|
|-weather|SunnyDay|[upkeep]
|-heal|p1a: Porygon2|10/100|[from] Grassy Terrain
|upkeep
|
|t:|1756532821
|switch|p2b: Glimmora|Glimmora, L50, M|100/100
|switch|p1b: Ursaluna|Ursaluna, L50, M|100/100
|turn|4
|inactive|gene takavic has 30 seconds left.
|inactive|gene takavic has 20 seconds left.
|inactive|gene takavic has 15 seconds left.
|inactive|gene takavic has 10 seconds left.
|
|t:|1756532868
|move|p2a: Dragapult|Dragon Darts|p1a: Porygon2
|-damage|p1a: Porygon2|0 fnt
|-anim|p2a: Dragapult|Dragon Darts|p1b: Ursaluna
|-damage|p1b: Ursaluna|66/100
|faint|p1a: Porygon2
|move|p1b: Ursaluna|Headlong Rush|p2a: Dragapult
|-crit|p2a: Dragapult
|-damage|p2a: Dragapult|0 fnt
|-unboost|p1b: Ursaluna|def|1
|-unboost|p1b: Ursaluna|spd|1
|faint|p2a: Dragapult
|move|p2b: Glimmora|Energy Ball|p1b: Ursaluna
|-supereffective|p1b: Ursaluna
|-damage|p1b: Ursaluna|0 fnt
|faint|p1b: Ursaluna
|
|-weather|SunnyDay|[upkeep]
|-sideend|p1: gene takavic|move: Tailwind
|upkeep
|
|t:|1756532875
|switch|p1a: Jumpluff|Jumpluff, L50, M|7/100
|turn|5
|-message|gene takavic forfeited.
|
|win|mr.pickup
|raw|gene takavic's rating: 1215 → 1192(-23 for losing)
|raw|mr.pickup's rating: 1245 → 1268(+23 for winning)
