|j|☆keeplearning
|j|☆Jasondddd
|html|keeplearningJasondddd    
|uhtml|bestof|Game 1 of a best-of-3
|t:|1756962290
|gametype|doubles
|player|p1|keeplearning|266|1253
|player|p2|Jasondddd|1|1284
|gen|9
|tier|[Gen 9] VGC 2025 Reg H (Bo3)
|rated|
|rule|Species Clause: Limit one of each Pokémon
|rule|Item Clause: Limit 1 of each item
|clearpoke
|poke|p1|Dragonite, L50, F|
|poke|p1|Annihilape, L50, M|
|poke|p1|Rillaboom, L50, F|
|poke|p1|Gholdengo, L50|
|poke|p1|Dondozo, L50, F|
|poke|p1|Incineroar, L50, F|
|poke|p2|Volcarona, L50, M|
|poke|p2|Electabuzz, L50, M|
|poke|p2|Kingambit, L50, M|
|poke|p2|Rillaboom, L50, F|
|poke|p2|Quaquaval, L50, F|
|poke|p2|Murkrow, L50, F|
|teampreview|4
|showteam|p1|Dragonite||LoadedDice|Multiscale|Protect,ScaleShot,Tailwind,Haze|||F|||50|,,,,,Fairy]Annihilape||FocusSash|Defiant|FinalGambit,Coaching,RageFist,CloseCombat|||M|||50|,,,,,Stellar]Rillaboom||AssaultVest|GrassySurge|FakeOut,GrassyGlide,HighHorsepower,WoodHammer|||F|||50|,,,,,Fire]Gholdengo||LifeOrb|GoodasGold|Protect,NastyPlot,MakeItRain,ShadowBall||||||50|,,,,,Water]Dondozo||Leftovers|Unaware|Protect,WaveCrash,Yawn,Fissure|||F|||50|,,,,,Grass]Incineroar||SafetyGoggles|Intimidate|FakeOut,KnockOff,FlareBlitz,PartingShot|||F|||50|,,,,,Ghost
|showteam|p2|Volcarona||CovertCloak|FlameBody|Protect,QuiverDance,HeatWave,TeraBlast|||M|||50|,,,,,Dragon]Electabuzz||Eviolite|VitalSpirit|Protect,Thunderbolt,Taunt,FollowMe|||M|||50|,,,,,Fairy]Kingambit||SafetyGoggles|Defiant|Protect,SwordsDance,SuckerPunch,KowtowCleave|||M|||50|,,,,,Dark]Rillaboom||AssaultVest|GrassySurge|FakeOut,GrassyGlide,WoodHammer,Uturn|||F|||50|,,,,,Fire]Quaquaval||ChoiceScarf|Moxie|CloseCombat,AquaJet,WaveCrash,FlipTurn|||F|||50|,,,,,Water]Murkrow||FocusSash|Prankster|Protect,FoulPlay,Tailwind,Haze|||F|||50|,,,,,Ghost
|
|t:|1756962349
|teamsize|p1|4
|teamsize|p2|4
|start
|switch|p1a: Dragonite|Dragonite, L50, F|100/100
|switch|p1b: Annihilape|Annihilape, L50, M|100/100
|switch|p2a: Rillaboom|Rillaboom, L50, F|100/100
|switch|p2b: Volcarona|Volcarona, L50, M|100/100
|-fieldstart|move: Grassy Terrain|[from] ability: Grassy Surge|[of] p2a: Rillaboom
|turn|1
|
|t:|1756962388
|move|p1a: Dragonite|Protect|p1a: Dragonite
|-singleturn|p1a: Dragonite|Protect
|move|p1b: Annihilape|Coaching|p1a: Dragonite
|-boost|p1a: Dragonite|atk|1
|-boost|p1a: Dragonite|def|1
|move|p2b: Volcarona|Quiver Dance|p2b: Volcarona
|-boost|p2b: Volcarona|spa|1
|-boost|p2b: Volcarona|spd|1
|-boost|p2b: Volcarona|spe|1
|move|p2a: Rillaboom|Wood Hammer|p1b: Annihilape
|-damage|p1b: Annihilape|11/100
|-damage|p2a: Rillaboom|74/100|[from] Recoil
|
|-heal|p1b: Annihilape|17/100|[from] Grassy Terrain
|-heal|p2a: Rillaboom|80/100|[from] Grassy Terrain
|upkeep
|turn|2
|
|t:|1756962415
|move|p2b: Volcarona|Protect|p2b: Volcarona
|-singleturn|p2b: Volcarona|Protect
|move|p1b: Annihilape|Rage Fist|p2b: Volcarona
|-activate|p2b: Volcarona|move: Protect
|move|p1a: Dragonite|Scale Shot|p2a: Rillaboom
|-damage|p2a: Rillaboom|59/100
|-damage|p2a: Rillaboom|36/100
|-damage|p2a: Rillaboom|16/100
|-damage|p2a: Rillaboom|0 fnt
|faint|p2a: Rillaboom
|-hitcount|p2: Rillaboom|4
|-unboost|p1a: Dragonite|def|1
|-boost|p1a: Dragonite|spe|1
|
|-heal|p1b: Annihilape|23/100|[from] Grassy Terrain
|upkeep
|
|t:|1756962433
|switch|p2a: Electabuzz|Electabuzz, L50, M|100/100
|turn|3
|
|t:|1756962445
|switch|p1b: Dondozo|Dondozo, L50, F|100/100
|-terastallize|p2a: Electabuzz|Fairy
|move|p2a: Electabuzz|Follow Me|p2a: Electabuzz
|-singleturn|p2a: Electabuzz|move: Follow Me
|move|p1a: Dragonite|Scale Shot|p2a: Electabuzz
|-immune|p2a: Electabuzz
|move|p2b: Volcarona|Heat Wave|p1a: Dragonite|[spread] p1a,p1b
|-resisted|p1a: Dragonite
|-resisted|p1b: Dondozo
|-damage|p1a: Dragonite|86/100
|-damage|p1b: Dondozo|86/100
|
|-heal|p1b: Dondozo|92/100|[from] Grassy Terrain
|-heal|p1b: Dondozo|99/100|[from] item: Leftovers
|upkeep
|turn|4
|
|t:|1756962466
|move|p2b: Volcarona|Protect|p2b: Volcarona
|-singleturn|p2b: Volcarona|Protect
|move|p1a: Dragonite|Scale Shot|p2b: Volcarona
|-activate|p2b: Volcarona|move: Protect
|move|p2a: Electabuzz|Thunderbolt|p1a: Dragonite
|-damage|p1a: Dragonite|51/100
|move|p1b: Dondozo|Yawn|p2b: Volcarona
|-activate|p2b: Volcarona|move: Protect
|
|-heal|p1b: Dondozo|100/100|[from] Grassy Terrain
|upkeep
|turn|5
|
|t:|1756962490
|move|p1a: Dragonite|Protect|p1a: Dragonite
|-singleturn|p1a: Dragonite|Protect
|move|p2a: Electabuzz|Follow Me|p2a: Electabuzz
|-singleturn|p2a: Electabuzz|move: Follow Me
|move|p2b: Volcarona|Tera Blast|p1a: Dragonite
|-activate|p1a: Dragonite|move: Protect
|move|p1b: Dondozo|Yawn|p2a: Electabuzz
|-immune|p2a: Electabuzz|[from] ability: Vital Spirit
|
|-fieldend|move: Grassy Terrain
|upkeep
|turn|6
|
|t:|1756962519
|move|p2b: Volcarona|Protect|p2b: Volcarona
|-singleturn|p2b: Volcarona|Protect
|move|p1a: Dragonite|Tailwind|p1a: Dragonite
|-sidestart|p1: keeplearning|move: Tailwind
|move|p2a: Electabuzz|Thunderbolt|p1b: Dondozo
|-supereffective|p1b: Dondozo
|-crit|p1b: Dondozo
|-damage|p1b: Dondozo|25/100
|move|p1b: Dondozo|Wave Crash|p2b: Volcarona
|-activate|p2b: Volcarona|move: Protect
|
|-heal|p1b: Dondozo|32/100|[from] item: Leftovers
|upkeep
|turn|7
|
|t:|1756962539
|move|p1a: Dragonite|Protect|p1a: Dragonite
|-singleturn|p1a: Dragonite|Protect
|move|p2a: Electabuzz|Follow Me|p2a: Electabuzz
|-singleturn|p2a: Electabuzz|move: Follow Me
|move|p2b: Volcarona|Heat Wave|p1a: Dragonite|[spread] p1b
|-activate|p1a: Dragonite|move: Protect
|-resisted|p1b: Dondozo
|-damage|p1b: Dondozo|17/100
|move|p1b: Dondozo|Wave Crash|p2a: Electabuzz
|-damage|p2a: Electabuzz|59/100
|-damage|p1b: Dondozo|8/100|[from] Recoil
|
|-heal|p1b: Dondozo|15/100|[from] item: Leftovers
|upkeep
|turn|8
|
|t:|1756962563
|move|p2b: Volcarona|Protect|p2b: Volcarona
|-singleturn|p2b: Volcarona|Protect
|move|p1a: Dragonite|Scale Shot|p2b: Volcarona
|-activate|p2b: Volcarona|move: Protect
|move|p2a: Electabuzz|Thunderbolt|p1b: Dondozo
|-supereffective|p1b: Dondozo
|-damage|p1b: Dondozo|0 fnt
|faint|p1b: Dondozo
|
|upkeep
|
|t:|1756962571
|switch|p1b: Gholdengo|Gholdengo, L50|100/100
|turn|9
|
|t:|1756962597
|-terastallize|p1b: Gholdengo|Water
|move|p1a: Dragonite|Protect|p1a: Dragonite
|-singleturn|p1a: Dragonite|Protect
|move|p2a: Electabuzz|Follow Me|p2a: Electabuzz
|-singleturn|p2a: Electabuzz|move: Follow Me
|move|p1b: Gholdengo|Make It Rain|p2b: Volcarona|[spread] p2a,p2b
|-supereffective|p2a: Electabuzz
|-resisted|p2b: Volcarona
|-damage|p2a: Electabuzz|0 fnt
|-damage|p2b: Volcarona|84/100
|-unboost|p1b: Gholdengo|spa|1
|faint|p2a: Electabuzz
|-damage|p1b: Gholdengo|91/100|[from] item: Life Orb
|move|p2b: Volcarona|Tera Blast|p1a: Dragonite
|-activate|p1a: Dragonite|move: Protect
|
|-sideend|p1: keeplearning|move: Tailwind
|upkeep
|
|t:|1756962616
|switch|p2a: Quaquaval|Quaquaval, L50, F|100/100
|turn|10
|
|t:|1756962625
|move|p2a: Quaquaval|Wave Crash|p1a: Dragonite
|-resisted|p1a: Dragonite
|-damage|p1a: Dragonite|12/100
|-damage|p2a: Quaquaval|88/100|[from] Recoil
|move|p1a: Dragonite|Scale Shot|p2b: Volcarona|[miss]
|-miss|p1a: Dragonite|p2b: Volcarona
|move|p2b: Volcarona|Tera Blast|p1a: Dragonite
|-damage|p1a: Dragonite|0 fnt
|faint|p1a: Dragonite
|move|p1b: Gholdengo|Nasty Plot|p1b: Gholdengo
|-boost|p1b: Gholdengo|spa|2
|
|upkeep
|
|t:|1756962638
|switch|p1a: Annihilape|Annihilape, L50, M|23/100
|turn|11
|
|t:|1756962648
|move|p2a: Quaquaval|Wave Crash|p1b: Gholdengo
|-resisted|p1b: Gholdengo
|-damage|p1b: Gholdengo|58/100
|-damage|p2a: Quaquaval|76/100|[from] Recoil
|move|p2b: Volcarona|Heat Wave|p1a: Annihilape|[spread] p1a,p1b
|-resisted|p1b: Gholdengo
|-damage|p1a: Annihilape|0 fnt
|-damage|p1b: Gholdengo|28/100
|faint|p1a: Annihilape
|move|p1b: Gholdengo|Shadow Ball|p2a: Quaquaval
|-damage|p2a: Quaquaval|0 fnt
|faint|p2a: Quaquaval
|-damage|p1b: Gholdengo|19/100|[from] item: Life Orb
|
|upkeep
|turn|12
|
|t:|1756962663
|move|p2b: Volcarona|Tera Blast|p1b: Gholdengo
|-damage|p1b: Gholdengo|0 fnt
|faint|p1b: Gholdengo
|
|win|Jasondddd
||keeplearning is ready for game 2.
