|j|☆pistoiese1312
|j|☆GabboVGC
|html|pistoiese1312GabboVGC    
|uhtml|bestof|Game 1 of a best-of-3
|t:|1757665590
|gametype|doubles
|player|p1|pistoiese1312|101|1184
|player|p2|GabboVGC|marnie-league|1259
|gen|9
|tier|[Gen 9] VGC 2025 Reg H (Bo3)
|rated|
|rule|Species Clause: Limit one of each Pokémon
|rule|Item Clause: Limit 1 of each item
|clearpoke
|poke|p1|Corviknight, L50, F|
|poke|p1|Indeedee, L50, M|
|poke|p1|Tyranitar, L50, F|
|poke|p1|Excadrill, L50, F|
|poke|p1|Magmar, L50, F|
|poke|p1|Sneasler, L50, M|
|poke|p2|Ninetales-Alola, L50, F|
|poke|p2|Annihilape, L50, M|
|poke|p2|Rillaboom, L50, F|
|poke|p2|Ursaluna-Bloodmoon, L50, M|
|poke|p2|Dragonite, L50, F|
|poke|p2|Gholdengo, L50|
|teampreview|4
|showteam|p1|Corviknight||PsychicSeed|MirrorArmor|BraveBird,BodyPress,BulkUp,Roost|||F|||50|,,,,,Dragon]Indeedee||ChoiceScarf|PsychicSurge|ExpandingForce,TeraBlast,Trick,Protect|||M|||50|,,,,,Psychic]Tyranitar||AssaultVest|SandStream|TeraBlast,KnockOff,RockSlide,LowKick|||F|||50|,,,,,Flying]Excadrill||FocusSash|SandRush|Earthquake,IronHead,SwordsDance,Protect|||F|||50|,,,,,Ground]Magmar||Eviolite|FlameBody|WillOWisp,HeatWave,Taunt,FollowMe|||F|||50|,,,,,Fire]Sneasler||WhiteHerb|Unburden|CloseCombat,DireClaw,Coaching,Protect|||M|||50|,,,,,Flying
|showteam|p2|Ninetales-Alola||LightClay|SnowWarning|AuroraVeil,Blizzard,IcyWind,Protect|||F|||50|,,,,,Ghost]Annihilape||SafetyGoggles|Defiant|Protect,BulkUp,DrainPunch,RageFist|||M|||50|,,,,,Fire]Rillaboom||MiracleSeed|GrassySurge|FakeOut,GrassyGlide,WoodHammer,HighHorsepower|||F|||50|,,,,,Fire]Ursaluna-Bloodmoon||AssaultVest|MindsEye|BloodMoon,HyperVoice,EarthPower,VacuumWave|||M|||50|,,,,,Water]Dragonite||LoadedDice|Multiscale|Tailwind,Haze,Protect,ScaleShot|||F|||50|,,,,,Fairy]Gholdengo||LifeOrb|GoodasGold|MakeItRain,ShadowBall,NastyPlot,Protect||||||50|,,,,,Water
|
|t:|1757665659
|teamsize|p1|4
|teamsize|p2|4
|start
|switch|p1a: Magmar|Magmar, L50, F|100/100
|switch|p1b: Sneasler|Sneasler, L50, M|100/100
|switch|p2a: Dragonite|Dragonite, L50, F|100/100
|switch|p2b: Rillaboom|Rillaboom, L50, F|100/100
|-fieldstart|move: Grassy Terrain|[from] ability: Grassy Surge|[of] p2b: Rillaboom
|turn|1
|
|t:|1757665682
|switch|p1b: Indeedee|Indeedee, L50, M|100/100
|-fieldstart|move: Psychic Terrain|[from] ability: Psychic Surge|[of] p1b: Indeedee
|switch|p2b: Annihilape|Annihilape, L50, M|100/100
|move|p2a: Dragonite|Tailwind|p2a: Dragonite
|-sidestart|p2: GabboVGC|move: Tailwind
|move|p1a: Magmar|Will-O-Wisp|p2a: Dragonite
|-status|p2a: Dragonite|brn
|
|-damage|p2a: Dragonite|94/100 brn|[from] brn
|upkeep
|turn|2
|
|t:|1757665702
|-terastallize|p2b: Annihilape|Fire
|move|p2b: Annihilape|Bulk Up|p2b: Annihilape
|-boost|p2b: Annihilape|atk|1
|-boost|p2b: Annihilape|def|1
|move|p2a: Dragonite|Scale Shot|p1b: Indeedee|[miss]
|-miss|p2a: Dragonite|p1b: Indeedee
|move|p1b: Indeedee|Expanding Force|p2b: Annihilape|[spread] p2a,p2b
|-damage|p2a: Dragonite|36/100 brn
|-damage|p2b: Annihilape|49/100
|move|p1a: Magmar|Will-O-Wisp|p2b: Annihilape
|-immune|p2b: Annihilape
|
|-damage|p2a: Dragonite|29/100 brn|[from] brn
|upkeep
|turn|3
|
|t:|1757665724
|switch|p2a: Rillaboom|Rillaboom, L50, F|100/100
|-fieldstart|move: Grassy Terrain|[from] ability: Grassy Surge|[of] p2a: Rillaboom
|move|p1a: Magmar|Follow Me|p1a: Magmar
|-singleturn|p1a: Magmar|move: Follow Me
|move|p2b: Annihilape|Drain Punch|p1a: Magmar
|-damage|p1a: Magmar|59/100
|-heal|p2b: Annihilape|66/100|[from] drain|[of] p1a: Magmar
|move|p1b: Indeedee|Expanding Force|p2b: Annihilape
|-damage|p2b: Annihilape|30/100
|
|-heal|p2b: Annihilape|36/100|[from] Grassy Terrain
|-heal|p1a: Magmar|64/100|[from] Grassy Terrain
|upkeep
|turn|4
|
|t:|1757665748
|switch|p1b: Sneasler|Sneasler, L50, M|100/100
|move|p2b: Annihilape|Drain Punch|p1b: Sneasler
|-resisted|p1b: Sneasler
|-damage|p1b: Sneasler|63/100
|-heal|p2b: Annihilape|50/100|[from] drain|[of] p1b: Sneasler
|move|p2a: Rillaboom|High Horsepower|p1b: Sneasler
|-supereffective|p1b: Sneasler
|-damage|p1b: Sneasler|0 fnt
|faint|p1b: Sneasler
|move|p1a: Magmar|Will-O-Wisp|p2a: Rillaboom
|-status|p2a: Rillaboom|brn
|
|-heal|p2b: Annihilape|57/100|[from] Grassy Terrain
|-heal|p1a: Magmar|70/100|[from] Grassy Terrain
|-damage|p2a: Rillaboom|94/100 brn|[from] brn
|-sideend|p2: GabboVGC|move: Tailwind
|upkeep
|
|t:|1757665763
|switch|p1b: Indeedee|Indeedee, L50, M|100/100
|-fieldstart|move: Psychic Terrain|[from] ability: Psychic Surge|[of] p1b: Indeedee
|turn|5
|
|t:|1757665778
|switch|p2a: Dragonite|Dragonite, L50, F|29/100 brn
|-terastallize|p1b: Indeedee|Psychic
|move|p2b: Annihilape|Protect|p2b: Annihilape
|-singleturn|p2b: Annihilape|Protect
|move|p1b: Indeedee|Expanding Force|p2a: Dragonite|[spread] p2a
|-activate|p2b: Annihilape|move: Protect
|-damage|p2a: Dragonite|0 fnt
|faint|p2a: Dragonite
|move|p1a: Magmar|Heat Wave|p2b: Annihilape
|-activate|p2b: Annihilape|move: Protect
|
|upkeep
|
|t:|1757665780
|switch|p2a: Rillaboom|Rillaboom, L50, F|94/100 brn
|-fieldstart|move: Grassy Terrain|[from] ability: Grassy Surge|[of] p2a: Rillaboom
|turn|6
|
|t:|1757665797
|switch|p1b: Tyranitar|Tyranitar, L50, F|100/100
|-weather|Sandstorm|[from] ability: Sand Stream|[of] p1b: Tyranitar
|move|p2a: Rillaboom|Fake Out|p1a: Magmar
|-damage|p1a: Magmar|65/100
|move|p2b: Annihilape|Rage Fist|p1b: Tyranitar
|-resisted|p1b: Tyranitar
|-damage|p1b: Tyranitar|63/100
|cant|p1a: Magmar|flinch
|
|-weather|Sandstorm|[upkeep]
|-damage|p1a: Magmar|59/100|[from] Sandstorm
|-damage|p2a: Rillaboom|88/100 brn|[from] Sandstorm
|-heal|p2b: Annihilape|63/100|[from] Grassy Terrain
|-heal|p1a: Magmar|65/100|[from] Grassy Terrain
|-heal|p2a: Rillaboom|94/100 brn|[from] Grassy Terrain
|-heal|p1b: Tyranitar|68/100|[from] Grassy Terrain
|-damage|p2a: Rillaboom|88/100 brn|[from] brn
|upkeep
|turn|7
|
|t:|1757665819
|switch|p2a: Ninetales|Ninetales-Alola, L50, F|100/100
|-weather|Snowscape|[from] ability: Snow Warning|[of] p2a: Ninetales
|move|p1a: Magmar|Follow Me|p1a: Magmar
|-singleturn|p1a: Magmar|move: Follow Me
|move|p2b: Annihilape|Drain Punch|p1a: Magmar
|-damage|p1a: Magmar|24/100
|-heal|p2b: Annihilape|80/100|[from] drain|[of] p1a: Magmar
|move|p1b: Tyranitar|Rock Slide|p2b: Annihilape|[spread] p2a,p2b
|-supereffective|p2a: Ninetales
|-supereffective|p2b: Annihilape
|-damage|p2a: Ninetales|48/100
|-damage|p2b: Annihilape|36/100
|
|-weather|Snowscape|[upkeep]
|-heal|p2a: Ninetales|54/100|[from] Grassy Terrain
|-heal|p2b: Annihilape|42/100|[from] Grassy Terrain
|-heal|p1a: Magmar|30/100|[from] Grassy Terrain
|-heal|p1b: Tyranitar|74/100|[from] Grassy Terrain
|upkeep
|turn|8
|
|t:|1757665840
|move|p2b: Annihilape|Protect|p2b: Annihilape
|-singleturn|p2b: Annihilape|Protect
|move|p1a: Magmar|Follow Me|p1a: Magmar
|-singleturn|p1a: Magmar|move: Follow Me
|move|p2a: Ninetales|Aurora Veil|p2a: Ninetales
|-sidestart|p2: GabboVGC|move: Aurora Veil
|move|p1b: Tyranitar|Rock Slide|p2b: Annihilape|[spread] p2a
|-activate|p2b: Annihilape|move: Protect
|-supereffective|p2a: Ninetales
|-damage|p2a: Ninetales|19/100
|
|-weather|Snowscape|[upkeep]
|-heal|p2a: Ninetales|25/100|[from] Grassy Terrain
|-heal|p2b: Annihilape|48/100|[from] Grassy Terrain
|-heal|p1a: Magmar|36/100|[from] Grassy Terrain
|-heal|p1b: Tyranitar|80/100|[from] Grassy Terrain
|upkeep
|turn|9
|
|t:|1757665867
|move|p1a: Magmar|Follow Me|p1a: Magmar
|-singleturn|p1a: Magmar|move: Follow Me
|move|p2a: Ninetales|Blizzard|p1a: Magmar|[spread] p1a,p1b
|-resisted|p1a: Magmar
|-damage|p1a: Magmar|25/100
|-damage|p1b: Tyranitar|66/100
|move|p2b: Annihilape|Drain Punch|p1a: Magmar
|-damage|p1a: Magmar|0 fnt
|-heal|p2b: Annihilape|59/100|[from] drain|[of] p1a: Magmar
|faint|p1a: Magmar
|move|p1b: Tyranitar|Rock Slide|p2a: Ninetales|[spread] p2a,p2b
|-supereffective|p2a: Ninetales
|-supereffective|p2b: Annihilape
|-damage|p2a: Ninetales|0 fnt
|-damage|p2b: Annihilape|28/100
|faint|p2a: Ninetales
|
|-weather|Snowscape|[upkeep]
|-heal|p2b: Annihilape|34/100|[from] Grassy Terrain
|-heal|p1b: Tyranitar|71/100|[from] Grassy Terrain
|upkeep
|
|t:|1757665883
|switch|p2a: Rillaboom|Rillaboom, L50, F|88/100 brn
|switch|p1a: Indeedee|Indeedee, L50, M, tera:Psychic|100/100
|-fieldstart|move: Psychic Terrain|[from] ability: Psychic Surge|[of] p1a: Indeedee
|-fieldstart|move: Grassy Terrain|[from] ability: Grassy Surge|[of] p2a: Rillaboom
|turn|10
|
|t:|1757665905
|move|p2a: Rillaboom|Fake Out|p1a: Indeedee
|-damage|p1a: Indeedee|84/100
|cant|p1a: Indeedee|flinch
|move|p2b: Annihilape|Drain Punch|p1b: Tyranitar
|-supereffective|p1b: Tyranitar
|-damage|p1b: Tyranitar|0 fnt
|-heal|p2b: Annihilape|69/100|[from] drain|[of] p1b: Tyranitar
|faint|p1b: Tyranitar
|
|-weather|Snowscape|[upkeep]
|-heal|p1a: Indeedee|90/100|[from] Grassy Terrain
|-heal|p2b: Annihilape|75/100|[from] Grassy Terrain
|-heal|p2a: Rillaboom|94/100 brn|[from] Grassy Terrain
|-damage|p2a: Rillaboom|88/100 brn|[from] brn
|upkeep
|turn|11
|-message|pistoiese1312 forfeited.
|
|win|GabboVGC
|l|☆pistoiese1312
|player|p1|
||pistoiese1312 is ready for game 2.
||GabboVGC is ready for game 2.
|uhtml|next|Next: Game 2 of 3
