|j|☆MudkipBestp0kem0n
|j|☆SuprEpcGuy
|html|MudkipBestp0kem0nSuprEpcGuy    
|uhtml|bestof|Game 1 of a best-of-3
|t:|1784086563
|gametype|doubles
|player|p1|MudkipBestp0kem0n|170|1081
|player|p2|SuprEpcGuy|shauntal|1143
|gen|9
|tier|[Gen 9 Champions] VGC 2026 Reg M-B (Bo3)
|rated|
|rule|Species Clause: Limit one of each Pokémon
|rule|Item Clause: Limit 1 of each item
|clearpoke
|poke|p1|Dragonite, L50, F, shiny|
|poke|p1|Pelipper, L50, F, shiny|
|poke|p1|Tyranitar, L50, F|
|poke|p1|Sinistcha-Masterpiece, L50|
|poke|p1|Archaludon, L50, F, shiny|
|poke|p1|Espathra, L50, M, shiny|
|poke|p2|Zoroark-Hisui, L50, F|
|poke|p2|Aerodactyl, L50, M|
|poke|p2|Kingambit, L50, F, shiny|
|poke|p2|Basculegion, L50, M|
|poke|p2|Incineroar, L50, M|
|poke|p2|Goodra-Hisui, L50, F|
|teampreview|4
|showteam|p1|Dragonite||Dragoninite|Multiscale|IceBeam,Protect,WeatherBall,Hurricane|Modest||F|||50|]Pelipper||FocusSash|Drizzle|Hurricane,WeatherBall,Protect,Tailwind|Modest||F|||50|]Tyranitar||ChopleBerry|SandStream|RockSlide,KnockOff,Protect,StompingTantrum|Adamant||F|||50|]Sinistcha-Masterpiece||SitrusBerry|Hospitality|StrengthSap,Protect,MatchaGotcha,RagePowder|Bold|||||50|]Archaludon||Leftovers|Stamina|ElectroShot,Protect,DracoMeteor,FlashCannon|Serious||F|||50|]Espathra||ColburBerry|SpeedBoost|BatonPass,CalmMind,Protect,LuminaCrash|Bold||M|||50|
|showteam|p2|Zoroark-Hisui||FocusSash|Illusion|ShadowBall,WillOWisp,Taunt,Protect|Timid||F|||50|]Aerodactyl||Aerodactylite|RockHead|RockSlide,DualWingbeat,Tailwind,Protect|Jolly||M|||50|]Kingambit||ChopleBerry|Defiant|SuckerPunch,KowtowCleave,LowKick,Protect|Adamant||F|||50|]Basculegion||MysticWater|Adaptability|AquaJet,Liquidation,LastRespects,Protect|Adamant||M|||50|]Incineroar||SitrusBerry|Intimidate|FlareBlitz,ThroatChop,PartingShot,FakeOut|Careful||M|||50|]Goodra-Hisui||Leftovers|ShellArmor|DracoMeteor,BodyPress,Shelter,Protect|Bold||F|||50|
|inactive|Battle timer is ON: inactive players will automatically lose when time's up. (requested by SuprEpcGuy)
|inactive|SuprEpcGuy has 60 seconds left.
|inactive|SuprEpcGuy has 30 seconds left.
|inactive|SuprEpcGuy has 20 seconds left.
|
|t:|1784086638
|teamsize|p1|4
|teamsize|p2|4
|start
|switch|p1a: Espathra|Espathra, L50, M, shiny|100/100
|switch|p1b: Pelipper|Pelipper, L50, F, shiny|100/100
|switch|p2a: Freight|Aerodactyl, L50, M|100/100
|switch|p2b: Paraselene|Kingambit, L50, F, shiny|100/100
|-weather|RainDance|[from] ability: Drizzle|[of] p1b: Pelipper
|turn|1
|inactive|SuprEpcGuy has 30 seconds left.
|
|t:|1784086667
|detailschange|p2a: Freight|Aerodactyl-Mega, L50, M
|-mega|p2a: Freight|Aerodactyl|Aerodactylite
|move|p1a: Espathra|Protect|p1a: Espathra
|-singleturn|p1a: Espathra|Protect
|move|p2a: Freight|Tailwind|p2a: Freight
|-sidestart|p2: SuprEpcGuy|move: Tailwind
|move|p2b: Paraselene|Kowtow Cleave|p1b: Pelipper
|-damage|p1b: Pelipper|39/100
|move|p1b: Pelipper|Weather Ball|p2a: Freight
|-supereffective|p2a: Freight|1
|-damage|p2a: Freight|0 fnt
|faint|p2a: Freight
|
|-weather|RainDance|[upkeep]
|-ability|p1a: Espathra|Speed Boost|boost
|-boost|p1a: Espathra|spe|1
|upkeep
|
|t:|1784086681
|switch|p2a: Goodra|Goodra-Hisui, L50, F|100/100
|turn|2
|
|t:|1784086696
|move|p2b: Paraselene|Sucker Punch||[still]
|-fail|p2b: Paraselene
|move|p1a: Espathra|Baton Pass|p1a: Espathra
|
|t:|1784086700
|switch|p1a: Archaludon|Archaludon, L50, F, shiny|100/100|[from] Baton Pass
|move|p2a: Goodra|Shelter|p2a: Goodra
|-boost|p2a: Goodra|def|2
|move|p1b: Pelipper|Weather Ball|p2b: Paraselene
|-damage|p2b: Paraselene|37/100
|
|-weather|RainDance|[upkeep]
|upkeep
|turn|3
|
|t:|1784086715
|move|p2b: Paraselene|Sucker Punch||[still]
|-fail|p2b: Paraselene
|move|p2a: Goodra|Body Press|p1a: Archaludon
|-supereffective|p1a: Archaludon|1
|-damage|p1a: Archaludon|25/100
|-ability|p1a: Archaludon|Stamina|boost
|-boost|p1a: Archaludon|def|1
|move|p1a: Archaludon|Electro Shot||[still]
|-prepare|p1a: Archaludon|Electro Shot
|-boost|p1a: Archaludon|spa|1
|-anim|p1a: Archaludon|Electro Shot|p2b: Paraselene
|-damage|p2b: Paraselene|0 fnt
|faint|p2b: Paraselene
|move|p1b: Pelipper|Tailwind|p1b: Pelipper
|-sidestart|p1: MudkipBestp0kem0n|move: Tailwind
|
|-weather|RainDance|[upkeep]
|-heal|p1a: Archaludon|31/100|[from] item: Leftovers
|upkeep
|
|t:|1784086724
|switch|p2b: Big Purr|Incineroar, L50, M|100/100
|-ability|p2b: Big Purr|Intimidate|boost
|-unboost|p1a: Archaludon|atk|1
|-unboost|p1b: Pelipper|atk|1
|turn|4
|inactive|SuprEpcGuy has 30 seconds left.
|
|t:|1784086753
|move|p1a: Archaludon|Protect|p1a: Archaludon
|-singleturn|p1a: Archaludon|Protect
|move|p2b: Big Purr|Fake Out|p1b: Pelipper
|-damage|p1b: Pelipper|23/100
|cant|p1b: Pelipper|flinch
|move|p2a: Goodra|Body Press|p1a: Archaludon
|-activate|p1a: Archaludon|move: Protect
|
|-weather|RainDance|[upkeep]
|-heal|p1a: Archaludon|38/100|[from] item: Leftovers
|-sideend|p2: SuprEpcGuy|move: Tailwind
|upkeep
|turn|5
|inactive|MudkipBestp0kem0n has 30 seconds left.
|
|t:|1784086778
|move|p1a: Archaludon|Draco Meteor|p2a: Goodra
|-damage|p2a: Goodra|35/100
|-unboost|p1a: Archaludon|spa|2
|move|p1b: Pelipper|Weather Ball|p2b: Big Purr
|-supereffective|p2b: Big Purr|1
|-damage|p2b: Big Purr|0 fnt
|faint|p2b: Big Purr
|move|p2a: Goodra|Draco Meteor|p1a: Archaludon
|-damage|p1a: Archaludon|0 fnt
|-unboost|p2a: Goodra|spa|2
|faint|p1a: Archaludon
|
|-weather|none
|-heal|p2a: Goodra|41/100|[from] item: Leftovers
|upkeep
|
|t:|1784086782
|switch|p1a: Dragonite|Dragonite, L50, F, shiny|100/100
|turn|6
|inactive|SuprEpcGuy has 30 seconds left.
|-message|SuprEpcGuy forfeited.
|
|win|MudkipBestp0kem0n
