|j|☆Xchu User
|j|☆Sammias
|html|Xchu UserSammias    
|uhtml|bestof|Game 1 of a best-of-3
|t:|1783729197
|gametype|doubles
|player|p1|Xchu User|266|1034
|player|p2|Sammias|miku-ground|1126
|gen|9
|tier|[Gen 9 Champions] VGC 2026 Reg M-B (Bo3)
|rated|
|rule|Species Clause: Limit one of each Pokémon
|rule|Item Clause: Limit 1 of each item
|clearpoke
|poke|p1|Raichu, L50, M|
|poke|p1|Charizard, L50, M|
|poke|p1|Garchomp, L50, F|
|poke|p1|Basculegion, L50, M|
|poke|p1|Incineroar, L50, M|
|poke|p1|Kingambit, L50, M|
|poke|p2|Floette-Eternal, L50, F|
|poke|p2|Typhlosion-Hisui, L50, M|
|poke|p2|Kingambit, L50, F|
|poke|p2|Garchomp, L50, F|
|poke|p2|Sneasler, L50, F|
|poke|p2|Whimsicott, L50, M, shiny|
|teampreview|4
|showteam|p1|Raichu||RaichuniteX|LightningRod|FakeOut,DrainPunch,Protect,Nuzzle|Jolly||M|||50|]Charizard||CharizarditeY|SolarPower|WeatherBall,HeatWave,Protect,SolarBeam|Bold||M|||50|]Garchomp||LifeOrb|SandVeil|RockSlide,Earthquake,Protect,DragonClaw|Jolly||F|||50|]Basculegion||MysticWater|Adaptability|LastRespects,WaveCrash,Protect,AquaJet|Lonely||M|||50|]Incineroar||SitrusBerry|Intimidate|FakeOut,FlareBlitz,Protect,PartingShot|Impish||M|||50|]Kingambit||BlackGlasses|Defiant|KowtowCleave,SuckerPunch,Protect,IronHead|Adamant||M|||50|
|showteam|p2|Floette-Eternal||Floettite|FlowerVeil|Moonblast,DazzlingGleam,LightofRuin,Protect|Modest||F|||50|]Typhlosion-Hisui||ChoiceScarf|Blaze|Eruption,ShadowBall,HeatWave,Overheat|Modest||M|||50|]Kingambit||BlackGlasses|Defiant|KowtowCleave,SuckerPunch,SwordsDance,Protect|Adamant||F|||50|]Garchomp||LifeOrb|RoughSkin|DragonClaw,RockSlide,Protect,StompingTantrum|Jolly||F|||50|]Sneasler||WhiteHerb|Unburden|FakeOut,CloseCombat,DireClaw,Taunt|Jolly||F|||50|]Whimsicott||FocusSash|Prankster|Protect,Tailwind,Encore,Moonblast|Timid||M|||50|
|inactive|Battle timer is ON: inactive players will automatically lose when time's up. (requested by Sammias)
|inactive|Sammias has 60 seconds left.
|
|t:|1783729253
|teamsize|p1|4
|teamsize|p2|4
|start
|switch|p1a: Raichu|Raichu, L50, M|100/100
|switch|p1b: Kingambit|Kingambit, L50, M|100/100
|switch|p2a: Typhlosion|Typhlosion-Hisui, L50, M|100/100
|switch|p2b: Sneasler|Sneasler, L50, F|100/100
|turn|1
|
|t:|1783729276
|detailschange|p1a: Raichu|Raichu-Mega-X, L50, M
|-mega|p1a: Raichu|Raichu|Raichunite X
|-fieldstart|move: Electric Terrain|[from] ability: Electric Surge|[of] p1a: Raichu
|move|p1a: Raichu|Protect|p1a: Raichu
|-singleturn|p1a: Raichu|Protect
|move|p1b: Kingambit|Protect|p1b: Kingambit
|-singleturn|p1b: Kingambit|Protect
|move|p2b: Sneasler|Fake Out|p1b: Kingambit
|-activate|p1b: Kingambit|move: Protect
|move|p2a: Typhlosion|Eruption|p1a: Raichu|[spread] 
|-activate|p1a: Raichu|move: Protect
|-activate|p1b: Kingambit|move: Protect
|
|upkeep
|turn|2
|
|t:|1783729301
|switch|p2a: Floette|Floette-Eternal, L50, F|100/100
|move|p1b: Kingambit|Sucker Punch||[still]
|-fail|p1b: Kingambit
|move|p2b: Sneasler|Close Combat|p1b: Kingambit
|-supereffective|p1b: Kingambit|2
|-crit|p1b: Kingambit
|-damage|p1b: Kingambit|0 fnt
|-unboost|p2b: Sneasler|def|1
|-unboost|p2b: Sneasler|spd|1
|faint|p1b: Kingambit
|-enditem|p2b: Sneasler|White Herb
|-clearnegativeboost|p2b: Sneasler|[silent]
|move|p1a: Raichu|Nuzzle|p2b: Sneasler
|-damage|p2b: Sneasler|78/100
|-status|p2b: Sneasler|par
|
|upkeep
|
|t:|1783729308
|switch|p1b: Basculegion|Basculegion, L50, M|100/100
|turn|3
|inactive|Sammias has 30 seconds left.
|
|t:|1783729336
|detailschange|p2a: Floette|Floette-Mega, L50, F
|-mega|p2a: Floette|Floette|Floettite
|-ability|p2a: Floette|Fairy Aura
|move|p2b: Sneasler|Dire Claw|p1a: Raichu
|-damage|p1a: Raichu|46/100
|-status|p1a: Raichu|psn
|move|p1a: Raichu|Nuzzle|p2a: Floette
|-damage|p2a: Floette|87/100
|-status|p2a: Floette|par
|move|p1b: Basculegion|Last Respects|p2b: Sneasler
|-damage|p2b: Sneasler|0 fnt
|faint|p2b: Sneasler
|move|p2a: Floette|Dazzling Gleam|p1b: Basculegion|[spread] p1a,p1b
|-damage|p1a: Raichu|0 fnt
|-damage|p1b: Basculegion|61/100
|faint|p1a: Raichu
|
|upkeep
|
|t:|1783729356
|switch|p2b: Typhlosion|Typhlosion-Hisui, L50, M|100/100
|switch|p1a: Garchomp|Garchomp, L50, F|100/100
|turn|4
|
|t:|1783729363
|move|p1a: Garchomp|Protect|p1a: Garchomp
|-singleturn|p1a: Garchomp|Protect
|move|p1b: Basculegion|Aqua Jet|p2b: Typhlosion
|-supereffective|p2b: Typhlosion|1
|-damage|p2b: Typhlosion|14/100
|move|p2b: Typhlosion|Shadow Ball|p1b: Basculegion
|-supereffective|p1b: Basculegion|1
|-damage|p1b: Basculegion|0 fnt
|faint|p1b: Basculegion
|move|p2a: Floette|Dazzling Gleam|p1a: Garchomp
|-activate|p1a: Garchomp|move: Protect
|
|upkeep
|turn|5
|
|t:|1783729374
|move|p2b: Typhlosion|Shadow Ball|p1a: Garchomp
|-damage|p1a: Garchomp|51/100
|-unboost|p1a: Garchomp|spd|1
|move|p1a: Garchomp|Earthquake|p2b: Typhlosion|[spread] p2a,p2b
|-supereffective|p2b: Typhlosion|1
|-crit|p2b: Typhlosion
|-damage|p2a: Floette|29/100 par
|-damage|p2b: Typhlosion|0 fnt
|faint|p2b: Typhlosion
|-damage|p1a: Garchomp|42/100|[from] item: Life Orb
|move|p2a: Floette|Moonblast|p1a: Garchomp
|-supereffective|p1a: Garchomp|1
|-damage|p1a: Garchomp|0 fnt
|faint|p1a: Garchomp
|
|win|Sammias
||Xchu User is ready for game 2.
|inactive|Sammias has 30 seconds to confirm battle start!
