|j|☆fuhbreaze
|j|☆passion project
|html|fuhbreazepassion project    
|uhtml|bestof|Game 2 of a best-of-3
|t:|1785379253
|gametype|doubles
|player|p1|fuhbreaze|169|1080
|player|p2|passion project|266|1000
|gen|9
|tier|[Gen 9 Champions] VGC 2026 Reg M-B (Bo3)
|rated|
|rule|Species Clause: Limit one of each Pokémon
|rule|Item Clause: Limit 1 of each item
|clearpoke
|poke|p1|Staraptor, L50, M|
|poke|p1|Sinistcha, L50|
|poke|p1|Garchomp, L50, M|
|poke|p1|Grimmsnarl, L50, M|
|poke|p1|Basculegion, L50, M|
|poke|p1|Metagross, L50|
|poke|p2|Victreebel, L50, M|
|poke|p2|Incineroar, L50, M|
|poke|p2|Milotic, L50, F|
|poke|p2|Staraptor, L50, F|
|poke|p2|Whimsicott, L50, F|
|poke|p2|Farigiraf, L50, M|
|teampreview|4
|showteam|p1|Staraptor||Staraptite|Intimidate|Protect,CloseCombat,Roost,BraveBird|Jolly||M|||50|]Sinistcha||SitrusBerry|Hospitality|MatchaGotcha,StrengthSap,RagePowder,TrickRoom|Relaxed|||||50|]Garchomp||LifeOrb|RoughSkin|DragonClaw,StompingTantrum,RockSlide,Protect|Jolly||M|||50|]Grimmsnarl||RoseliBerry|Prankster|FakeOut,PartingShot,SpiritBreak,ScaryFace|Careful||M|||50|]Basculegion||FocusSash|Adaptability|LastRespects,WaveCrash,Protect,AquaJet|Adamant||M|||50|]Metagross||Metagrossite|ClearBody|Protect,PsychicFangs,BulletPunch,IronHead|Jolly|||||50|
|showteam|p2|Victreebel||Victreebelite|Chlorophyll|SludgeBomb,LeafStorm,SuckerPunch,Protect|Mild||M|||50|]Incineroar||SitrusBerry|Intimidate|FakeOut,FlareBlitz,Snarl,PartingShot|Relaxed||M|||50|]Milotic||Leftovers|MarvelScale|Coil,Hypnosis,Scald,IcyWind|Relaxed||F|||50|]Staraptor||Staraptite|Intimidate|CloseCombat,BraveBird,Roost,Protect|Adamant||F|||50|]Whimsicott||FocusSash|Prankster|Tailwind,Moonblast,Charm,Protect|Timid||F|||50|]Farigiraf||MentalHerb|ArmorTail|HyperVoice,PsychicNoise,TrickRoom,Protect|Quiet||M|||50|
|inactive|Battle timer is ON: inactive players will automatically lose when time's up. (requested by passion project)
|
|t:|1785379277
|teamsize|p1|4
|teamsize|p2|4
|start
|switch|p1a: Metagross|Metagross, L50|100/100
|switch|p1b: Grimmsnarl|Grimmsnarl, L50, M|100/100
|switch|p2a: Victreebel|Victreebel, L50, M|100/100
|switch|p2b: Whimsicott|Whimsicott, L50, F|100/100
|turn|1
|
|t:|1785379301
|detailschange|p1a: Metagross|Metagross-Mega, L50
|-mega|p1a: Metagross|Metagross|Metagrossite
|move|p2b: Whimsicott|Protect|p2b: Whimsicott
|-singleturn|p2b: Whimsicott|Protect
|move|p2a: Victreebel|Protect|p2a: Victreebel
|-singleturn|p2a: Victreebel|Protect
|move|p1b: Grimmsnarl|Fake Out|p2a: Victreebel
|-activate|p2a: Victreebel|move: Protect
|move|p1a: Metagross|Iron Head|p2b: Whimsicott
|-activate|p2b: Whimsicott|move: Protect
|
|upkeep
|turn|2
|inactive|fuhbreaze has 30 seconds left.
|inactive|fuhbreaze has 20 seconds left.
|inactive|fuhbreaze has 15 seconds left.
|inactive|fuhbreaze has 10 seconds left.
|
|t:|1785379348
|detailschange|p2a: Victreebel|Victreebel-Mega, L50, M
|-mega|p2a: Victreebel|Victreebel|Victreebelite
|move|p2b: Whimsicott|Tailwind|p2b: Whimsicott
|-sidestart|p2: passion project|move: Tailwind
|move|p2a: Victreebel|Sludge Bomb|p1b: Grimmsnarl
|-supereffective|p1b: Grimmsnarl|1
|-damage|p1b: Grimmsnarl|3/100
|move|p1a: Metagross|Psychic Fangs|p2a: Victreebel
|-supereffective|p2a: Victreebel|1
|-damage|p2a: Victreebel|0 fnt
|-damage|p1a: Metagross|1/100|[from] ability: Innards Out|[of] p2a: Victreebel
|faint|p2a: Victreebel
|move|p1b: Grimmsnarl|Spirit Break|p2b: Whimsicott
|-damage|p2b: Whimsicott|55/100
|-unboost|p2b: Whimsicott|spa|1
|
|upkeep
|
|t:|1785379360
|switch|p2a: Farigiraf|Farigiraf, L50, M|100/100
|turn|3
|c|☆fuhbreaze|holy shit wat was that
|c|☆passion project|innards out deals the pokemons remaining hp to the attacker when it is knocked out
|
|t:|1785379389
|move|p2b: Whimsicott|Moonblast|p1a: Metagross
|-resisted|p1a: Metagross|1
|-damage|p1a: Metagross|0 fnt
|faint|p1a: Metagross
|move|p2a: Farigiraf|Hyper Voice|p1b: Grimmsnarl
|-damage|p1b: Grimmsnarl|0 fnt
|faint|p1b: Grimmsnarl
|
|upkeep
|c|☆fuhbreaze|thats wild lol
|
|t:|1785379413
|switch|p1a: Sinistcha|Sinistcha, L50|100/100
|switch|p1b: Basculegion|Basculegion, L50, M|100/100
|turn|4
|c|☆passion project|yea
|inactive|passion project has 30 seconds left.
|
|t:|1785379440
|move|p2b: Whimsicott|Charm|p1b: Basculegion
|-unboost|p1b: Basculegion|atk|2
|move|p2a: Farigiraf|Psychic Noise|p1a: Sinistcha
|-damage|p1a: Sinistcha|66/100
|-start|p1a: Sinistcha|move: Heal Block
|move|p1b: Basculegion|Wave Crash|p2a: Farigiraf
|-damage|p2a: Farigiraf|55/100
|-damage|p1b: Basculegion|83/100|[from] Recoil
|move|p1a: Sinistcha|Trick Room|p1a: Sinistcha
|-fieldstart|move: Trick Room|[of] p1a: Sinistcha
|
|upkeep
|turn|5
|inactive|fuhbreaze has 30 seconds left.
|
|t:|1785379466
|move|p2b: Whimsicott|Protect|p2b: Whimsicott
|-singleturn|p2b: Whimsicott|Protect
|move|p2a: Farigiraf|Protect|p2a: Farigiraf
|-singleturn|p2a: Farigiraf|Protect
|move|p1a: Sinistcha|Rage Powder|p1a: Sinistcha
|-singleturn|p1a: Sinistcha|move: Rage Powder
|move|p1b: Basculegion|Wave Crash|p2a: Farigiraf
|-activate|p2a: Farigiraf|move: Protect
|
|-end|p1a: Sinistcha|move: Heal Block
|-sideend|p2: passion project|move: Tailwind
|upkeep
|turn|6
|
|t:|1785379478
|move|p2b: Whimsicott|Charm|p1b: Basculegion
|-unboost|p1b: Basculegion|atk|2
|move|p2a: Farigiraf|Psychic Noise|p1a: Sinistcha
|-damage|p1a: Sinistcha|27/100
|-start|p1a: Sinistcha|move: Heal Block
|cant|p1a: Sinistcha|move: Heal Block|Matcha Gotcha
|move|p1b: Basculegion|Last Respects|p2b: Whimsicott
|-damage|p2b: Whimsicott|7/100
|
|upkeep
|turn|7
|
|t:|1785379494
|move|p1a: Sinistcha|Rage Powder|p1a: Sinistcha
|-singleturn|p1a: Sinistcha|move: Rage Powder
|move|p2b: Whimsicott|Charm|p1b: Basculegion
|-unboost|p1b: Basculegion|atk|2
|move|p2a: Farigiraf|Psychic Noise|p1a: Sinistcha
|-damage|p1a: Sinistcha|0 fnt
|faint|p1a: Sinistcha
|move|p1b: Basculegion|Wave Crash|p2b: Whimsicott
|-resisted|p2b: Whimsicott|1
|-damage|p2b: Whimsicott|0 fnt
|faint|p2b: Whimsicott
|-damage|p1b: Basculegion|81/100|[from] Recoil
|
|upkeep
|
|t:|1785379498
|switch|p2b: Milotic|Milotic, L50, F|100/100
|turn|8
|
|t:|1785379513
|move|p1b: Basculegion|Protect|p1b: Basculegion
|-singleturn|p1b: Basculegion|Protect
|move|p2a: Farigiraf|Psychic Noise|p1b: Basculegion
|-activate|p1b: Basculegion|move: Protect
|move|p2b: Milotic|Coil|p2b: Milotic
|-boost|p2b: Milotic|atk|1
|-boost|p2b: Milotic|def|1
|-boost|p2b: Milotic|accuracy|1
|
|-fieldend|move: Trick Room
|upkeep
|turn|9
|
|t:|1785379519
|move|p1b: Basculegion|Last Respects|p2b: Milotic
|-crit|p2b: Milotic
|-damage|p2b: Milotic|0 fnt
|faint|p2b: Milotic
|move|p2a: Farigiraf|Psychic Noise|p1b: Basculegion
|-damage|p1b: Basculegion|43/100
|-start|p1b: Basculegion|move: Heal Block
|
|upkeep
|turn|10
|
|t:|1785379529
|move|p1b: Basculegion|Wave Crash|p2a: Farigiraf
|-crit|p2a: Farigiraf
|-damage|p2a: Farigiraf|0 fnt
|faint|p2a: Farigiraf
|-damage|p1b: Basculegion|21/100|[from] Recoil
|
|win|fuhbreaze
|c|☆passion project|dam
|c|☆fuhbreaze|oh my
||fuhbreaze is ready for game 3.
||passion project is ready for game 3.
|uhtml|next|Next: Game 3 of 3
