|j|☆Clementine1997
|j|☆Volanr
|html|Clementine1997Volanr    
|uhtml|bestof|Game 1 of a best-of-3
|t:|1756241733
|gametype|doubles
|player|p1|Clementine1997|clair|1228
|player|p2|Volanr|veteranf|1296
|gen|9
|tier|[Gen 9] VGC 2025 Reg H (Bo3)
|rated|
|rule|Species Clause: Limit one of each Pokémon
|rule|Item Clause: Limit 1 of each item
|clearpoke
|poke|p1|Whimsicott, L50, M|
|poke|p1|Ursaluna-Bloodmoon, L50, M|
|poke|p1|Incineroar, L50, M|
|poke|p1|Rillaboom, L50, F|
|poke|p1|Kingambit, L50, M|
|poke|p1|Primarina, L50, F|
|poke|p2|Archaludon, L50, F|
|poke|p2|Sinistcha-Masterpiece, L50|
|poke|p2|Dragonite, L50, F|
|poke|p2|Pelipper, L50, M|
|poke|p2|Ursaluna, L50, M|
|poke|p2|Gholdengo, L50|
|teampreview|4
|showteam|p1|Whimsicott||FocusSash|Prankster|Moonblast,Encore,Tailwind,Taunt|||M|||50|,,,,,Fire]Ursaluna-Bloodmoon||LifeOrb|MindsEye|BloodMoon,EarthPower,VacuumWave,Protect|||M|||50|,,,,,Dragon]Incineroar||SitrusBerry|Intimidate|KnockOff,PartingShot,FlareBlitz,FakeOut|||M|||50|,,,,,Grass]Rillaboom||AssaultVest|GrassySurge|GrassyGlide,HighHorsepower,FakeOut,Uturn|||F|||50|,,,,,Fire]Kingambit||SafetyGoggles|Defiant|SuckerPunch,IronHead,SwordsDance,Protect|||M|||50|,,,,,Water]Primarina||ThroatSpray|LiquidVoice|HyperVoice,Moonblast,Haze,Protect|||F|||50|,,,,,Grass
|showteam|p2|Archaludon||AssaultVest|Stamina|BodyPress,Snarl,ElectroShot,FlashCannon|||F|||50|,,,,,Grass]Sinistcha-Masterpiece||SitrusBerry|Hospitality|MatchaGotcha,RagePowder,TrickRoom,LifeDew||||||50|,,,,,Dark]Dragonite||LoadedDice|Multiscale|ScaleShot,Protect,Tailwind,Haze|||F|||50|,,,,,Steel]Pelipper||FocusSash|Drizzle|WeatherBall,Hurricane,Tailwind,Protect|||M|||50|,,,,,Ground]Ursaluna||FlameOrb|Guts|Facade,HeadlongRush,Earthquake,Protect|||M|||50|,,,,,Ghost]Gholdengo||ChoiceScarf|GoodasGold|MakeItRain,TeraBlast,ShadowBall,Trick||||||50|,,,,,Water
|inactive|Battle timer is ON: inactive players will automatically lose when time's up. (requested by Clementine1997)
|
|t:|1756241774
|teamsize|p1|4
|teamsize|p2|4
|start
|switch|p1a: Whimsicott|Whimsicott, L50, M, shiny|100/100
|switch|p1b: Ursaluna|Ursaluna-Bloodmoon, L50, M|100/100
|switch|p2a: Dragonite|Dragonite, L50, F|100/100
|switch|p2b: Archaludon|Archaludon, L50, F|100/100
|turn|1
|
|t:|1756241788
|move|p1b: Ursaluna|Protect|p1b: Ursaluna
|-singleturn|p1b: Ursaluna|Protect
|move|p1a: Whimsicott|Taunt|p2a: Dragonite
|-start|p2a: Dragonite|move: Taunt
|move|p2a: Dragonite|Scale Shot|p2b: Archaludon
|-damage|p2b: Archaludon|91/100
|-ability|p2b: Archaludon|Stamina|boost
|-boost|p2b: Archaludon|def|1
|-damage|p2b: Archaludon|85/100
|-ability|p2b: Archaludon|Stamina|boost
|-boost|p2b: Archaludon|def|1
|-damage|p2b: Archaludon|80/100
|-ability|p2b: Archaludon|Stamina|boost
|-boost|p2b: Archaludon|def|1
|-crit|p2b: Archaludon
|-damage|p2b: Archaludon|66/100
|-ability|p2b: Archaludon|Stamina|boost
|-boost|p2b: Archaludon|def|1
|-damage|p2b: Archaludon|63/100
|-ability|p2b: Archaludon|Stamina|boost
|-boost|p2b: Archaludon|def|1
|-hitcount|p2b: Archaludon|5
|-unboost|p2a: Dragonite|def|1
|-boost|p2a: Dragonite|spe|1
|move|p2b: Archaludon|Body Press|p1b: Ursaluna
|-activate|p1b: Ursaluna|move: Protect
|
|upkeep
|turn|2
|inactive|Clementine1997 has 30 seconds left.
|
|t:|1756241817
|switch|p2a: Sinistcha|Sinistcha-Masterpiece, L50|100/100
|-heal|p2b: Archaludon|88/100|[from] ability: Hospitality|[of] p2a: Sinistcha
|-terastallize|p2b: Archaludon|Grass
|move|p1a: Whimsicott|Tailwind|p1a: Whimsicott
|-sidestart|p1: Clementine1997|move: Tailwind
|move|p1b: Ursaluna|Blood Moon|p2b: Archaludon
|-damage|p2b: Archaludon|16/100
|-ability|p2b: Archaludon|Stamina|boost
|-boost|p2b: Archaludon|def|1
|-damage|p1b: Ursaluna|91/100|[from] item: Life Orb
|move|p2b: Archaludon|Body Press|p1b: Ursaluna
|-supereffective|p1b: Ursaluna
|-damage|p1b: Ursaluna|0 fnt
|faint|p1b: Ursaluna
|
|upkeep
|
|t:|1756241828
|switch|p1b: Primarina|Primarina, L50, F, shiny|100/100
|turn|3
|
|t:|1756241844
|-terastallize|p1b: Primarina|Grass
|move|p1a: Whimsicott|Moonblast|p2b: Archaludon
|-damage|p2b: Archaludon|0 fnt
|faint|p2b: Archaludon
|move|p1b: Primarina|Hyper Voice|p2a: Sinistcha
|-resisted|p2a: Sinistcha
|-damage|p2a: Sinistcha|79/100
|-enditem|p1b: Primarina|Throat Spray
|-boost|p1b: Primarina|spa|1|[from] item: Throat Spray
|move|p2a: Sinistcha|Matcha Gotcha|p1a: Whimsicott|[spread] p1a
|-miss|p2a: Sinistcha|p1b: Primarina
|-resisted|p1a: Whimsicott
|-damage|p1a: Whimsicott|86/100
|-heal|p2a: Sinistcha|86/100|[from] drain|[of] p1a: Whimsicott
|
|upkeep
|c|☆Clementine1997|pretty clever strat
|
|t:|1756241865
|switch|p2b: Dragonite|Dragonite, L50, F|100/100
|turn|4
|
|t:|1756241880
|move|p2b: Dragonite|Protect|p2b: Dragonite
|-singleturn|p2b: Dragonite|Protect
|move|p1a: Whimsicott|Taunt|p2a: Sinistcha
|-start|p2a: Sinistcha|move: Taunt
|move|p1b: Primarina|Moonblast|p2b: Dragonite
|-activate|p2b: Dragonite|move: Protect
|move|p2a: Sinistcha|Matcha Gotcha|p1b: Primarina|[spread] p1a,p1b
|-resisted|p1a: Whimsicott
|-resisted|p1b: Primarina
|-damage|p1a: Whimsicott|68/100
|-heal|p2a: Sinistcha|94/100|[from] drain|[of] p1a: Whimsicott
|-damage|p1b: Primarina|90/100
|-heal|p2a: Sinistcha|99/100|[from] drain|[of] p1b: Primarina
|
|upkeep
|turn|5
|
|t:|1756241901
|move|p1a: Whimsicott|Encore|p2b: Dragonite
|-start|p2b: Dragonite|Encore
|move|p1b: Primarina|Moonblast|p2a: Sinistcha
|-damage|p2a: Sinistcha|40/100
|-enditem|p2a: Sinistcha|Sitrus Berry|[eat]
|-heal|p2a: Sinistcha|65/100|[from] item: Sitrus Berry
|move|p2b: Dragonite|Protect|p2b: Dragonite
|-singleturn|p2b: Dragonite|Protect
|move|p2a: Sinistcha|Matcha Gotcha|p1b: Primarina|[spread] p1a,p1b
|-resisted|p1a: Whimsicott
|-resisted|p1b: Primarina
|-damage|p1a: Whimsicott|51/100
|-heal|p2a: Sinistcha|73/100|[from] drain|[of] p1a: Whimsicott
|-damage|p1b: Primarina|79/100
|-heal|p2a: Sinistcha|78/100|[from] drain|[of] p1b: Primarina
|
|-sideend|p1: Clementine1997|move: Tailwind
|upkeep
|turn|6
|
|t:|1756241912
|switch|p2b: Pelipper|Pelipper, L50, M|100/100
|-weather|RainDance|[from] ability: Drizzle|[of] p2b: Pelipper
|move|p1a: Whimsicott|Moonblast|p2a: Sinistcha
|-damage|p2a: Sinistcha|53/100
|move|p1b: Primarina|Moonblast|p2a: Sinistcha
|-damage|p2a: Sinistcha|0 fnt
|faint|p2a: Sinistcha
|
|-weather|RainDance|[upkeep]
|upkeep
|
|t:|1756241915
|switch|p2a: Dragonite|Dragonite, L50, F|100/100
|turn|7
|inactive|Clementine1997 has 30 seconds left.
|
|t:|1756241946
|switch|p1a: Rillaboom|Rillaboom, L50, F, shiny|100/100
|-fieldstart|move: Grassy Terrain|[from] ability: Grassy Surge|[of] p1a: Rillaboom
|move|p2a: Dragonite|Scale Shot|p1b: Primarina
|-damage|p1b: Primarina|62/100
|-damage|p1b: Primarina|44/100
|-damage|p1b: Primarina|27/100
|-damage|p1b: Primarina|10/100
|-hitcount|p1b: Primarina|4
|-unboost|p2a: Dragonite|def|1
|-boost|p2a: Dragonite|spe|1
|move|p2b: Pelipper|Hurricane|p1a: Rillaboom
|-supereffective|p1a: Rillaboom
|-damage|p1a: Rillaboom|27/100
|-start|p1a: Rillaboom|confusion
|move|p1b: Primarina|Moonblast|p2a: Dragonite
|-supereffective|p2a: Dragonite
|-damage|p2a: Dragonite|27/100
|-unboost|p2a: Dragonite|spa|1
|
|-weather|RainDance|[upkeep]
|-heal|p1a: Rillaboom|33/100|[from] Grassy Terrain
|-heal|p1b: Primarina|16/100|[from] Grassy Terrain
|upkeep
|turn|8
|inactive|Clementine1997 has 30 seconds left.
|inactive|Volanr has 30 seconds left.
|
|t:|1756241977
|switch|p1a: Whimsicott|Whimsicott, L50, M, shiny|51/100
|move|p1b: Primarina|Protect|p1b: Primarina
|-singleturn|p1b: Primarina|Protect
|move|p2a: Dragonite|Scale Shot|p1a: Whimsicott
|-immune|p1a: Whimsicott
|move|p2b: Pelipper|Hurricane|p1b: Primarina
|-activate|p1b: Primarina|move: Protect
|
|-weather|RainDance|[upkeep]
|-heal|p1a: Whimsicott|57/100|[from] Grassy Terrain
|-heal|p1b: Primarina|21/100|[from] Grassy Terrain
|upkeep
|turn|9
|
|t:|1756241997
|move|p1a: Whimsicott|Tailwind|p1a: Whimsicott
|-sidestart|p1: Clementine1997|move: Tailwind
|move|p2a: Dragonite|Tailwind|p2a: Dragonite
|-sidestart|p2: Volanr|move: Tailwind
|move|p2b: Pelipper|Hurricane|p1a: Whimsicott
|-supereffective|p1a: Whimsicott
|-damage|p1a: Whimsicott|0 fnt
|faint|p1a: Whimsicott
|move|p1b: Primarina|Moonblast|p2a: Dragonite
|-supereffective|p2a: Dragonite
|-damage|p2a: Dragonite|0 fnt
|faint|p2a: Dragonite
|
|-weather|RainDance|[upkeep]
|-heal|p1b: Primarina|27/100|[from] Grassy Terrain
|upkeep
|
|t:|1756242001
|switch|p1a: Rillaboom|Rillaboom, L50, F, shiny|33/100
|turn|10
|
|t:|1756242011
|move|p2b: Pelipper|Protect|p2b: Pelipper
|-singleturn|p2b: Pelipper|Protect
|move|p1a: Rillaboom|Fake Out|p2b: Pelipper
|-activate|p2b: Pelipper|move: Protect
|move|p1b: Primarina|Moonblast|p2b: Pelipper
|-activate|p2b: Pelipper|move: Protect
|
|-weather|none
|-heal|p1a: Rillaboom|39/100|[from] Grassy Terrain
|-heal|p1b: Primarina|33/100|[from] Grassy Terrain
|upkeep
|turn|11
|
|t:|1756242022
|move|p1a: Rillaboom|Grassy Glide|p2b: Pelipper
|-damage|p2b: Pelipper|43/100
|move|p2b: Pelipper|Hurricane|p1a: Rillaboom
|-supereffective|p1a: Rillaboom
|-damage|p1a: Rillaboom|0 fnt
|faint|p1a: Rillaboom
|move|p1b: Primarina|Moonblast|p2b: Pelipper
|-damage|p2b: Pelipper|0 fnt
|faint|p2b: Pelipper
|
|win|Clementine1997
||Clementine1997 is ready for game 2.
||Volanr is ready for game 2.
|uhtml|next|Next: Game 2 of 3
|l|☆Volanr
|player|p2|
|l|☆Clementine1997
|player|p1|
|j|☆Volanr
|player|p2|Volanr|veteranf|
