|j|☆Qicide
|j|☆RaikuDraco
|html|QicideRaikuDraco    
|uhtml|bestof|Game 2 of a best-of-3
|t:|1757729556
|gametype|doubles
|player|p1|Qicide|red|1334
|player|p2|RaikuDraco|drake-gen3|1301
|gen|9
|tier|[Gen 9] VGC 2025 Reg H (Bo3)
|rated|
|rule|Species Clause: Limit one of each Pokémon
|rule|Item Clause: Limit 1 of each item
|clearpoke
|poke|p1|Porygon2, L50|
|poke|p1|Incineroar, L50, M|
|poke|p1|Ursaluna, L50, F|
|poke|p1|Jumpluff, L50, M|
|poke|p1|Charizard, L50, F|
|poke|p1|Torkoal, L50, M|
|poke|p2|Archaludon, L50, M|
|poke|p2|Sinistcha-Masterpiece, L50|
|poke|p2|Dragonite, L50, F|
|poke|p2|Pelipper, L50, M|
|poke|p2|Ursaluna, L50, F|
|poke|p2|Gholdengo, L50|
|teampreview|4
|showteam|p1|Porygon2||Eviolite|Download|TeraBlast,IceBeam,TrickRoom,Recover||||||50|,,,,,Fighting]Incineroar||SitrusBerry|Intimidate|FakeOut,KnockOff,FlareBlitz,PartingShot|||M|||50|,,,,,Ghost]Ursaluna||FlameOrb|Guts|HeadlongRush,Facade,Earthquake,Protect|||F|||50|,,,,,Ghost]Jumpluff||CovertCloak|Chlorophyll|RagePowder,SunnyDay,Tailwind,SleepPowder|||M|||50|,,,,,Water]Charizard||ChoiceSpecs|SolarPower|HeatWave,Overheat,WeatherBall,SolarBeam|||F|||50|,,,,,Ghost]Torkoal||EjectPack|Drought|Overheat,Eruption,HelpingHand,Protect|||M|||50|,,,,,Fire
|showteam|p2|Archaludon||AssaultVest|Stamina|BodyPress,Snarl,ElectroShot,FlashCannon|||M|||50|,,,,,Fighting]Sinistcha-Masterpiece||SitrusBerry|Hospitality|MatchaGotcha,RagePowder,TrickRoom,LifeDew||||||50|,,,,,Dark]Dragonite||LoadedDice|Multiscale|ScaleShot,Protect,Tailwind,Haze|||F|||50|,,,,,Steel]Pelipper||FocusSash|Drizzle|WeatherBall,Hurricane,Tailwind,Protect|||M|||50|,,,,,Ground]Ursaluna||FlameOrb|Guts|Facade,HeadlongRush,Earthquake,Protect|||F|||50|,,,,,Ghost]Gholdengo||ChoiceScarf|GoodasGold|MakeItRain,TeraBlast,ShadowBall,Trick||||||50|,,,,,Water
|inactive|Battle timer is ON: inactive players will automatically lose when time's up. (requested by Qicide)
|j| Viceidkvice
|l| Viceidkvice
|inactive|RaikuDraco has 60 seconds left.
|inactive|RaikuDraco has 30 seconds left.
|
|t:|1757729622
|teamsize|p1|4
|teamsize|p2|4
|start
|switch|p1a: Jumpluff|Jumpluff, L50, M|100/100
|switch|p1b: Charizard|Charizard, L50, F, shiny|100/100
|switch|p2a: Sinistcha|Sinistcha-Masterpiece, L50|100/100
|switch|p2b: Ursaluna|Ursaluna, L50, F|100/100
|turn|1
|inactive|Qicide has 30 seconds left.
|
|t:|1757729654
|-terastallize|p2a: Sinistcha|Dark
|move|p2b: Ursaluna|Protect|p2b: Ursaluna
|-singleturn|p2b: Ursaluna|Protect
|move|p1a: Jumpluff|Sunny Day|p1a: Jumpluff
|-weather|SunnyDay
|move|p1b: Charizard|Heat Wave|p2a: Sinistcha|[spread] p2a
|-activate|p2b: Ursaluna|move: Protect
|-damage|p2a: Sinistcha|0 fnt
|faint|p2a: Sinistcha
|
|-weather|SunnyDay|[upkeep]
|-damage|p1b: Charizard|88/100|[from] ability: Solar Power|[of] p1b: Charizard
|-status|p2b: Ursaluna|brn|[from] item: Flame Orb
|upkeep
|inactive|RaikuDraco has 30 seconds left.
|
|t:|1757729680
|switch|p2a: Pelipper|Pelipper, L50, M|100/100
|-weather|RainDance|[from] ability: Drizzle|[of] p2a: Pelipper
|turn|2
|
|t:|1757729698
|switch|p2b: Dragonite|Dragonite, L50, F|100/100
|-terastallize|p1a: Jumpluff|Water
|move|p1a: Jumpluff|Sunny Day|p1a: Jumpluff
|-weather|SunnyDay
|move|p1b: Charizard|Heat Wave|p2a: Pelipper|[spread] p2a,p2b
|-resisted|p2a: Pelipper
|-resisted|p2b: Dragonite
|-damage|p2a: Pelipper|10/100
|-damage|p2b: Dragonite|72/100
|move|p2a: Pelipper|Tailwind|p2a: Pelipper
|-sidestart|p2: RaikuDraco|move: Tailwind
|
|-weather|SunnyDay|[upkeep]
|-damage|p1b: Charizard|76/100|[from] ability: Solar Power|[of] p1b: Charizard
|upkeep
|turn|3
|inactive|RaikuDraco has 30 seconds left.
|inactive|RaikuDraco has 20 seconds left.
|inactive|RaikuDraco has 15 seconds left.
|inactive|RaikuDraco has 10 seconds left.
|inactive|RaikuDraco has 5 seconds left.
|
|t:|1757729749
|move|p1a: Jumpluff|Tailwind|p1a: Jumpluff
|-sidestart|p1: Qicide|move: Tailwind
|move|p1b: Charizard|Heat Wave|p2b: Dragonite|[spread] p2a,p2b
|-resisted|p2a: Pelipper
|-resisted|p2b: Dragonite
|-damage|p2a: Pelipper|0 fnt
|-damage|p2b: Dragonite|17/100
|faint|p2a: Pelipper
|move|p2b: Dragonite|Scale Shot|p1b: Charizard
|-damage|p1b: Charizard|54/100
|-damage|p1b: Charizard|32/100
|-damage|p1b: Charizard|10/100
|-damage|p1b: Charizard|0 fnt
|faint|p1b: Charizard
|-hitcount|p1: Charizard|4
|-unboost|p2b: Dragonite|def|1
|-boost|p2b: Dragonite|spe|1
|
|-weather|SunnyDay|[upkeep]
|upkeep
|
|t:|1757729764
|switch|p1b: Ursaluna|Ursaluna, L50, F|100/100
|switch|p2a: Ursaluna|Ursaluna, L50, F|100/100 brn
|turn|4
|inactive|Qicide has 30 seconds left.
|inactive|RaikuDraco has 30 seconds left.
|
|t:|1757729798
|move|p1a: Jumpluff|Sleep Powder|p2b: Dragonite
|-status|p2b: Dragonite|slp|[from] move: Sleep Powder
|cant|p2b: Dragonite|slp
|move|p2a: Ursaluna|Earthquake|p1b: Ursaluna|[spread] p1a,p1b
|-immune|p2b: Dragonite
|-damage|p1a: Jumpluff|13/100
|-damage|p1b: Ursaluna|50/100
|move|p1b: Ursaluna|Facade|p2a: Ursaluna
|-damage|p2a: Ursaluna|66/100 brn
|
|-weather|SunnyDay|[upkeep]
|-damage|p2a: Ursaluna|60/100 brn|[from] brn
|-status|p1b: Ursaluna|brn|[from] item: Flame Orb
|upkeep
|turn|5
|inactive|RaikuDraco has 30 seconds left.
|
|t:|1757729828
|switch|p1a: Torkoal|Torkoal, L50, M|100/100
|move|p1b: Ursaluna|Protect|p1b: Ursaluna
|-singleturn|p1b: Ursaluna|Protect
|-curestatus|p2b: Dragonite|slp|[msg]
|move|p2b: Dragonite|Scale Shot|p1a: Torkoal
|-damage|p1a: Torkoal|90/100
|-damage|p1a: Torkoal|79/100
|-damage|p1a: Torkoal|67/100
|-damage|p1a: Torkoal|54/100
|-hitcount|p1a: Torkoal|4
|-unboost|p2b: Dragonite|def|1
|-boost|p2b: Dragonite|spe|1
|move|p2a: Ursaluna|Earthquake|p1a: Torkoal|[spread] p1a
|-activate|p1b: Ursaluna|move: Protect
|-immune|p2b: Dragonite
|-supereffective|p1a: Torkoal
|-damage|p1a: Torkoal|0 fnt
|faint|p1a: Torkoal
|
|-weather|SunnyDay|[upkeep]
|-damage|p2a: Ursaluna|55/100 brn|[from] brn
|-damage|p1b: Ursaluna|44/100 brn|[from] brn
|-sideend|p2: RaikuDraco|move: Tailwind
|upkeep
|
|t:|1757729836
|switch|p1a: Jumpluff|Jumpluff, L50, M, tera:Water|13/100
|turn|6
|inactive|RaikuDraco has 30 seconds left.
|
|t:|1757729868
|move|p2b: Dragonite|Protect|p2b: Dragonite
|-singleturn|p2b: Dragonite|Protect
|move|p2a: Ursaluna|Protect|p2a: Ursaluna
|-singleturn|p2a: Ursaluna|Protect
|move|p1a: Jumpluff|Sleep Powder|p2b: Dragonite
|-activate|p2b: Dragonite|move: Protect
|move|p1b: Ursaluna|Headlong Rush|p2a: Ursaluna
|-activate|p2a: Ursaluna|move: Protect
|
|-weather|none
|-damage|p1b: Ursaluna|39/100 brn|[from] brn
|-damage|p2a: Ursaluna|49/100 brn|[from] brn
|-sideend|p1: Qicide|move: Tailwind
|upkeep
|turn|7
|inactive|RaikuDraco has 30 seconds left.
|
|t:|1757729895
|move|p1a: Jumpluff|Rage Powder|p1a: Jumpluff
|-singleturn|p1a: Jumpluff|move: Rage Powder
|move|p2b: Dragonite|Tailwind|p2b: Dragonite
|-sidestart|p2: RaikuDraco|move: Tailwind
|move|p2a: Ursaluna|Earthquake|p1b: Ursaluna|[spread] p1a,p1b
|-immune|p2b: Dragonite
|-crit|p1a: Jumpluff
|-damage|p1a: Jumpluff|0 fnt
|-damage|p1b: Ursaluna|0 fnt
|faint|p1a: Jumpluff
|faint|p1b: Ursaluna
|
|win|RaikuDraco
|inactive|Qicide has 30 seconds to confirm battle start!
|inactive|RaikuDraco has 30 seconds to confirm battle start!
||RaikuDraco is ready for game 3.
||Qicide is ready for game 3.
|uhtml|next|Next: Game 3 of 3
|l|☆Qicide
|player|p1|
