|j|☆willscharnagl
|j|☆YouSickBastard!!
|html|willscharnaglYouSickBastard!!    
|uhtml|bestof|Game 1 of a best-of-3
|t:|1757707475
|gametype|doubles
|player|p1|willscharnagl|266|1110
|player|p2|YouSickBastard!!|birdkeeper-gen4dp|1140
|gen|9
|tier|[Gen 9] VGC 2025 Reg H (Bo3)
|rated|
|rule|Species Clause: Limit one of each Pokémon
|rule|Item Clause: Limit 1 of each item
|clearpoke
|poke|p1|Dondozo, L50, M|
|poke|p1|Tatsugiri, L50, M|
|poke|p1|Whimsicott, L50, F|
|poke|p1|Gholdengo, L50|
|poke|p1|Typhlosion, L50, M|
|poke|p1|Archaludon, L50, M|
|poke|p2|Gholdengo, L50|
|poke|p2|Sneasler, L50, M|
|poke|p2|Rillaboom, L50, F|
|poke|p2|Dragonite, L50, M|
|poke|p2|Ninetales-Alola, L50, M|
|poke|p2|Arcanine-Hisui, L50, F|
|teampreview|4
|showteam|p1|Dondozo||AssaultVest|Unaware|HeavySlam,Earthquake,OrderUp,WaveCrash|||M|||50|,,,,,Steel]Tatsugiri||FocusSash|Commander|TeraBlast,DragonPulse,DracoMeteor,Protect|||M|||50|,,,,,Fairy]Whimsicott||CovertCloak|Prankster|Moonblast,Taunt,Tailwind,FakeTears|||F|||50|,,,,,Water]Gholdengo||LifeOrb|GoodasGold|MakeItRain,ShadowBall,LightScreen,Reflect||||||50|,,,,,Steel]Typhlosion||ChoiceSpecs|FlashFire|Eruption,Flamethrower,ShadowBall,HeatWave|||M|||50|,,,,,Ghost]Archaludon||PowerHerb|Sturdy|ElectroShot,Thunderbolt,Protect,DragonPulse|||M|||50|,,,,,Electric
|showteam|p2|Gholdengo||GrassySeed|GoodasGold|NastyPlot,MakeItRain,ShadowBall,Protect||||||50|,,,,,Water]Sneasler||WhiteHerb|Unburden|CloseCombat,DireClaw,Coaching,Protect|||M|||50|,,,,,Ghost]Rillaboom||AssaultVest|GrassySurge|FakeOut,GrassyGlide,DrumBeating,HighHorsepower|||F|||50|,,,,,Fire]Dragonite||LoadedDice|Multiscale|ScaleShot,StompingTantrum,Tailwind,Protect|||M|||50|,,,,,Ground]Ninetales-Alola||FocusSash|SnowWarning|Blizzard,IcyWind,Encore,AuroraVeil|||M|||50|,,,,,Ghost]Arcanine-Hisui||ClearAmulet|Intimidate|RockSlide,FlareBlitz,ExtremeSpeed,Protect|||F|||50|,,,,,Water
|inactive|Battle timer is ON: inactive players will automatically lose when time's up. (requested by willscharnagl)
|
|t:|1757707503
|teamsize|p1|4
|teamsize|p2|4
|start
|switch|p1a: Gholdengo|Gholdengo, L50|100/100
|switch|p1b: Whimsicott|Whimsicott, L50, F|100/100
|switch|p2a: Niners|Ninetales-Alola, L50, M|100/100
|switch|p2b: Arcanine|Arcanine-Hisui, L50, F|100/100
|-weather|Snowscape|[from] ability: Snow Warning|[of] p2a: Niners
|-ability|p2b: Arcanine|Intimidate|boost
|-unboost|p1a: Gholdengo|atk|1
|-unboost|p1b: Whimsicott|atk|1
|turn|1
|
|t:|1757707514
|move|p2b: Arcanine|Protect|p2b: Arcanine
|-singleturn|p2b: Arcanine|Protect
|move|p1b: Whimsicott|Tailwind|p1b: Whimsicott
|-sidestart|p1: willscharnagl|move: Tailwind
|move|p1a: Gholdengo|Make It Rain|p2b: Arcanine|[spread] p2a
|-activate|p2b: Arcanine|move: Protect
|-supereffective|p2a: Niners
|-enditem|p2a: Niners|Focus Sash
|-damage|p2a: Niners|1/100
|-unboost|p1a: Gholdengo|spa|1
|-damage|p1a: Gholdengo|91/100|[from] item: Life Orb
|move|p2a: Niners|Icy Wind|p1b: Whimsicott|[spread] p1a,p1b
|-resisted|p1a: Gholdengo
|-supereffective|p1b: Whimsicott
|-damage|p1a: Gholdengo|83/100
|-damage|p1b: Whimsicott|61/100
|-unboost|p1a: Gholdengo|spe|1
|
|-weather|Snowscape|[upkeep]
|upkeep
|turn|2
|inactive|willscharnagl has 30 seconds left.
|inactive|YouSickBastard!! has 30 seconds left.
|
|t:|1757707541
|-terastallize|p1b: Whimsicott|Water
|move|p1b: Whimsicott|Fake Tears|p2b: Arcanine
|-fail|p2b: Arcanine|unboost|[from] item: Clear Amulet|[of] p2b: Arcanine
|move|p1a: Gholdengo|Make It Rain|p2a: Niners|[spread] p2a,p2b
|-supereffective|p2a: Niners
|-damage|p2a: Niners|0 fnt
|-damage|p2b: Arcanine|50/100
|-unboost|p1a: Gholdengo|spa|1
|faint|p2a: Niners
|-damage|p1a: Gholdengo|74/100|[from] item: Life Orb
|move|p2b: Arcanine|Flare Blitz|p1a: Gholdengo
|-supereffective|p1a: Gholdengo
|-damage|p1a: Gholdengo|0 fnt
|faint|p1a: Gholdengo
|-damage|p2b: Arcanine|23/100|[from] Recoil
|
|-weather|Snowscape|[upkeep]
|upkeep
|
|t:|1757707555
|switch|p2a: Dragonite|Dragonite, L50, M|100/100
|switch|p1a: Archaludon|Archaludon, L50, M|100/100
|turn|3
|
|t:|1757707579
|-terastallize|p2a: Dragonite|Ground
|move|p2b: Arcanine|Protect|p2b: Arcanine
|-singleturn|p2b: Arcanine|Protect
|move|p1b: Whimsicott|Moonblast|p2a: Dragonite
|-damage|p2a: Dragonite|87/100
|move|p1a: Archaludon|Electro Shot||[still]
|-prepare|p1a: Archaludon|Electro Shot
|-boost|p1a: Archaludon|spa|1
|-enditem|p1a: Archaludon|Power Herb
|-anim|p1a: Archaludon|Electro Shot|p2b: Arcanine
|-activate|p2b: Arcanine|move: Protect
|move|p2a: Dragonite|Scale Shot|p1b: Whimsicott
|-damage|p1b: Whimsicott|43/100
|-damage|p1b: Whimsicott|25/100
|-damage|p1b: Whimsicott|7/100
|-damage|p1b: Whimsicott|0 fnt
|faint|p1b: Whimsicott
|-hitcount|p1: Whimsicott|4
|-unboost|p2a: Dragonite|def|1
|-boost|p2a: Dragonite|spe|1
|
|-weather|Snowscape|[upkeep]
|upkeep
|
|t:|1757707586
|switch|p1b: Typhlosion|Typhlosion, L50, M|100/100
|turn|4
|
|t:|1757707607
|move|p2a: Dragonite|Protect|p2a: Dragonite
|-singleturn|p2a: Dragonite|Protect
|move|p2b: Arcanine|Extreme Speed|p1a: Archaludon
|-resisted|p1a: Archaludon
|-damage|p1a: Archaludon|90/100
|move|p1b: Typhlosion|Heat Wave|p2b: Arcanine|[spread] p2b
|-activate|p2a: Dragonite|move: Protect
|-resisted|p2b: Arcanine
|-damage|p2b: Arcanine|7/100
|move|p1a: Archaludon|Dragon Pulse|p2b: Arcanine
|-damage|p2b: Arcanine|0 fnt
|faint|p2b: Arcanine
|
|-weather|Snowscape|[upkeep]
|-sideend|p1: willscharnagl|move: Tailwind
|upkeep
|
|t:|1757707617
|switch|p2b: Sneasler|Sneasler, L50, M|100/100
|turn|5
|
|t:|1757707639
|move|p2a: Dragonite|Stomping Tantrum|p1b: Typhlosion
|-supereffective|p1b: Typhlosion
|-damage|p1b: Typhlosion|0 fnt
|faint|p1b: Typhlosion
|move|p2b: Sneasler|Close Combat|p1a: Archaludon
|-supereffective|p1a: Archaludon
|-damage|p1a: Archaludon|0 fnt
|-unboost|p2b: Sneasler|def|1
|-unboost|p2b: Sneasler|spd|1
|faint|p1a: Archaludon
|-enditem|p2b: Sneasler|White Herb
|-clearnegativeboost|p2b: Sneasler|[silent]
|
|win|YouSickBastard!!
||YouSickBastard!! is ready for game 2.
||willscharnagl is ready for game 2.
|uhtml|next|Next: Game 2 of 3
