|j|☆ben harpic
|j|☆dialghite
|html|ben harpicdialghite    
|uhtml|bestof|Game 3 of a best-of-3
|t:|1755959644
|gametype|doubles
|player|p1|ben harpic|265|1310
|player|p2|dialghite|volkner|1391
|gen|9
|tier|[Gen 9] VGC 2025 Reg H (Bo3)
|rated|
|rule|Species Clause: Limit one of each Pokémon
|rule|Item Clause: Limit 1 of each item
|clearpoke
|poke|p1|Archaludon, L50, F|
|poke|p1|Dragapult, L50, M|
|poke|p1|Rillaboom, L50, M|
|poke|p1|Annihilape, L50, F|
|poke|p1|Maushold-Four, L50|
|poke|p1|Weezing, L50, F|
|poke|p2|Whimsicott, L50, F|
|poke|p2|Garchomp, L50, F|
|poke|p2|Indeedee, L50, M|
|poke|p2|Sneasler, L50, M|
|poke|p2|Ursaluna-Bloodmoon, L50, M|
|poke|p2|Archaludon, L50, F|
|teampreview|4
|showteam|p1|Archaludon||PowerHerb|Stalwart|Thunderbolt,Protect,DarkPulse,ElectroShot|||F|||50|,,,,,Electric]Dragapult||LightClay|ClearBody|DragonDarts,Reflect,LightScreen,ThunderWave|||M|||50|,,,,,Dragon]Rillaboom||MiracleSeed|GrassySurge|WoodHammer,FakeOut,WorrySeed,GrassyGlide|||M|||50|,,,,,Grass]Annihilape||Leftovers|Defiant|RageFist,Protect,BulkUp,DrainPunch|||F|||50|,,,,,Normal]Maushold-Four||WideLens|FriendGuard|PopulationBomb,Protect,Taunt,ThunderWave||||||50|,,,,,Ghost]Weezing||WikiBerry|NeutralizingGas|SludgeBomb,Protect,Taunt,WillOWisp|||F|||50|,,,,,Ghost
|showteam|p2|Whimsicott||CovertCloak|Prankster|Moonblast,Taunt,Tailwind,FakeTears|||F|||50|,,,,,Water]Garchomp||LoadedDice|RoughSkin|ScaleShot,StompingTantrum,SwordsDance,Protect|||F|||50|,,,,,Steel]Indeedee||FocusSash|PsychicSurge|ExpandingForce,TeraBlast,Imprison,TrickRoom|||M|||50|,,,,,Psychic]Sneasler||PsychicSeed|Unburden|CloseCombat,DireClaw,ThroatChop,Protect|||M|||50|,,,,,Dark]Ursaluna-Bloodmoon||LifeOrb|MindsEye|HyperVoice,BloodMoon,EarthPower,Protect|||M|||50|,,,,,Normal]Archaludon||PowerHerb|Stalwart|ElectroShot,DragonPulse,Thunderbolt,Protect|||F|||50|,,,,,Electric
|inactive|Battle timer is ON: inactive players will automatically lose when time's up. (requested by dialghite)
|
|t:|1755959657
|teamsize|p1|4
|teamsize|p2|4
|start
|switch|p1a: Dragapult|Dragapult, L50, M|100/100
|switch|p1b: Weezing|Weezing, L50, F|100/100
|switch|p2a: Whimsicott|Whimsicott, L50, F|100/100
|switch|p2b: Archaludon|Archaludon, L50, F|100/100
|-ability|p1b: Weezing|Neutralizing Gas
|turn|1
|
|t:|1755959679
|-terastallize|p2a: Whimsicott|Water
|move|p1a: Dragapult|Thunder Wave|p2b: Archaludon
|-status|p2b: Archaludon|par
|move|p2a: Whimsicott|Tailwind|p2a: Whimsicott
|-sidestart|p2: dialghite|move: Tailwind
|move|p2b: Archaludon|Dragon Pulse|p1a: Dragapult
|-supereffective|p1a: Dragapult
|-damage|p1a: Dragapult|0 fnt
|faint|p1a: Dragapult
|move|p1b: Weezing|Sludge Bomb|p2a: Whimsicott
|-damage|p2a: Whimsicott|61/100
|
|upkeep
|
|t:|1755959690
|switch|p1a: Annihilape|Annihilape, L50, F|100/100
|turn|2
|
|t:|1755959701
|-end|p1b: Weezing|ability: Neutralizing Gas
|switch|p1b: Rillaboom|Rillaboom, L50, M|100/100
|-fieldstart|move: Grassy Terrain|[from] ability: Grassy Surge|[of] p1b: Rillaboom
|move|p2a: Whimsicott|Fake Tears|p1b: Rillaboom
|-unboost|p1b: Rillaboom|spd|2
|cant|p2b: Archaludon|par
|move|p1a: Annihilape|Bulk Up|p1a: Annihilape
|-boost|p1a: Annihilape|atk|1
|-boost|p1a: Annihilape|def|1
|
|-heal|p2a: Whimsicott|67/100|[from] Grassy Terrain
|upkeep
|turn|3
|inactive|ben harpic has 30 seconds left.
|inactive|dialghite has 30 seconds left.
|
|t:|1755959730
|switch|p1b: Weezing|Weezing, L50, F|100/100
|-ability|p1b: Weezing|Neutralizing Gas
|move|p2a: Whimsicott|Fake Tears|p1b: Weezing
|-unboost|p1b: Weezing|spd|2
|move|p2b: Archaludon|Dragon Pulse|p1b: Weezing
|-damage|p1b: Weezing|0 fnt
|faint|p1b: Weezing
|-end|p1b: Weezing|ability: Neutralizing Gas
|move|p1a: Annihilape|Drain Punch|p2a: Whimsicott
|-damage|p2a: Whimsicott|12/100
|
|-heal|p2a: Whimsicott|18/100|[from] Grassy Terrain
|upkeep
|
|t:|1755959739
|switch|p1b: Rillaboom|Rillaboom, L50, M|100/100
|turn|4
|
|t:|1755959749
|switch|p2a: Indeedee|Indeedee, L50, M|100/100
|-fieldstart|move: Psychic Terrain|[from] ability: Psychic Surge|[of] p2a: Indeedee
|cant|p2b: Archaludon|par
|move|p1b: Rillaboom|Grassy Glide|p2a: Indeedee
|-damage|p2a: Indeedee|30/100
|move|p1a: Annihilape|Drain Punch|p2a: Indeedee
|-damage|p2a: Indeedee|0 fnt
|faint|p2a: Indeedee
|
|-sideend|p2: dialghite|move: Tailwind
|upkeep
|
|t:|1755959759
|switch|p2a: Whimsicott|Whimsicott, L50, F, tera:Water|18/100
|turn|5
|
|t:|1755959768
|move|p2a: Whimsicott|Tailwind|p2a: Whimsicott
|-sidestart|p2: dialghite|move: Tailwind
|move|p2b: Archaludon|Electro Shot||[still]
|-prepare|p2b: Archaludon|Electro Shot
|-boost|p2b: Archaludon|spa|1
|-enditem|p2b: Archaludon|Power Herb
|-anim|p2b: Archaludon|Electro Shot|p1a: Annihilape
|-damage|p1a: Annihilape|49/100
|move|p1b: Rillaboom|Grassy Glide|p2a: Whimsicott
|-supereffective|p2a: Whimsicott
|-damage|p2a: Whimsicott|0 fnt
|faint|p2a: Whimsicott
|move|p1a: Annihilape|Drain Punch|p2b: Archaludon
|-supereffective|p2b: Archaludon
|-damage|p2b: Archaludon|21/100 par
|-heal|p1a: Annihilape|81/100|[from] drain|[of] p2b: Archaludon
|
|-heal|p1a: Annihilape|87/100|[from] item: Leftovers
|upkeep
|
|t:|1755959777
|switch|p2a: Ursaluna|Ursaluna-Bloodmoon, L50, M|100/100
|turn|6
|
|t:|1755959791
|-terastallize|p1b: Rillaboom|Grass
|move|p1a: Annihilape|Protect|p1a: Annihilape
|-singleturn|p1a: Annihilape|Protect
|move|p2a: Ursaluna|Blood Moon|p1b: Rillaboom
|-damage|p1b: Rillaboom|13/100
|-damage|p2a: Ursaluna|91/100|[from] item: Life Orb
|move|p2b: Archaludon|Dragon Pulse|p1a: Annihilape
|-activate|p1a: Annihilape|move: Protect
|move|p1b: Rillaboom|Wood Hammer|p2a: Ursaluna
|-supereffective|p2a: Ursaluna
|-damage|p2a: Ursaluna|0 fnt
|faint|p2a: Ursaluna
|-damage|p1b: Rillaboom|0 fnt|[from] Recoil
|faint|p1b: Rillaboom
|
|-heal|p1a: Annihilape|93/100|[from] item: Leftovers
|upkeep
|turn|7
|
|t:|1755959808
|move|p2b: Archaludon|Thunderbolt|p1a: Annihilape
|-damage|p1a: Annihilape|58/100
|-status|p1a: Annihilape|par
|cant|p1a: Annihilape|par
|
|-heal|p1a: Annihilape|64/100 par|[from] item: Leftovers
|upkeep
|turn|8
|
|t:|1755959825
|move|p2b: Archaludon|Dragon Pulse|p1a: Annihilape
|-damage|p1a: Annihilape|16/100 par
|move|p1a: Annihilape|Drain Punch|p2b: Archaludon
|-supereffective|p2b: Archaludon
|-damage|p2b: Archaludon|0 fnt
|-heal|p1a: Annihilape|25/100 par|[from] drain|[of] p2b: Archaludon
|faint|p2b: Archaludon
|
|win|ben harpic
|raw|ben harpic's rating: 1310 → 1335(+25 for winning)
|raw|dialghite's rating: 1391 → 1366(-25 for losing)
