|j|☆TorbellinoChamba
|j|☆ToastedArt
|html|TorbellinoChambaToastedArt    
|uhtml|bestof|Game 2 of a best-of-3
|t:|1785637513
|gametype|doubles
|player|p1|TorbellinoChamba|roxie|1089
|player|p2|ToastedArt|iris|1115
|gen|9
|tier|[Gen 9 Champions] VGC 2026 Reg M-B (Bo3)
|rated|
|rule|Species Clause: Limit one of each Pokémon
|rule|Item Clause: Limit 1 of each item
|clearpoke
|poke|p1|Swampert, L50, M|
|poke|p1|Pelipper, L50, M, shiny|
|poke|p1|Archaludon, L50, M, shiny|
|poke|p1|Sableye, L50, M, shiny|
|poke|p1|Zoroark-Hisui, L50, M, shiny|
|poke|p1|Raichu, L50, M|
|poke|p2|Staraptor, L50, F|
|poke|p2|Gholdengo, L50|
|poke|p2|Incineroar, L50, F|
|poke|p2|Sinistcha, L50|
|poke|p2|Arcanine-Hisui, L50, F|
|poke|p2|Ninetales-Alola, L50, M|
|teampreview|4
|showteam|p1|Swampert||Swampertite|Damp|Earthquake,Protect,IcePunch,WaveCrash|Adamant||M|||50|]Pelipper||FocusSash|Drizzle|WeatherBall,Hurricane,Tailwind,WideGuard|Timid||M|||50|]Archaludon||Leftovers|Stamina|ElectroShot,AuraSphere,FlashCannon,Protect|Modest||M|||50|]Sableye||LightClay|Prankster|RainDance,Reflect,LightScreen,Quash|Bold||M|||50|]Zoroark-Hisui||ChoiceScarf|Illusion|BitterMalice,HyperVoice,IcyWind,Trick|Timid||M|||50|]Raichu||RaichuniteY|LightningRod|ZapCannon,GrassKnot,Protect,FakeOut|Timid||M|||50|
|showteam|p2|Staraptor||Staraptite|Intimidate|CloseCombat,DualWingbeat,Tailwind,Protect|Jolly||F|||50|]Gholdengo||LifeOrb|GoodasGold|MakeItRain,ShadowBall,NastyPlot,Protect|Modest|||||50|]Incineroar||SitrusBerry|Intimidate|PartingShot,FlareBlitz,ThroatChop,FakeOut|Careful||F|||50|]Sinistcha||ColburBerry|Hospitality|MatchaGotcha,RagePowder,TrickRoom,Protect|Relaxed|||||50|]Arcanine-Hisui||FocusSash|RockHead|FlareBlitz,HeadSmash,ExtremeSpeed,Protect|Jolly||F|||50|]Ninetales-Alola||NeverMeltIce|SnowWarning|Blizzard,FreezeDry,Encore,Protect|Timid||M|||50|
|inactive|Battle timer is ON: inactive players will automatically lose when time's up. (requested by ToastedArt)
|inactive|TorbellinoChamba also wants the timer to be on.
|
|t:|1785637533
|teamsize|p1|4
|teamsize|p2|4
|start
|switch|p1a: Swampert|Swampert, L50, M|100/100
|switch|p1b: Sableye|Sableye, L50, M, shiny|100/100
|switch|p2a: Staraptor|Staraptor, L50, F|100/100
|switch|p2b: Incineroar|Incineroar, L50, F|100/100
|-ability|p2a: Staraptor|Intimidate|boost
|-unboost|p1a: Swampert|atk|1
|-unboost|p1b: Sableye|atk|1
|-ability|p2b: Incineroar|Intimidate|boost
|-unboost|p1a: Swampert|atk|1
|-unboost|p1b: Sableye|atk|1
|turn|1
|
|t:|1785637547
|switch|p1a: Sableye|Sableye, L50, M, shiny|100/100
|detailschange|p2a: Staraptor|Staraptor-Mega, L50, F
|-mega|p2a: Staraptor|Staraptor|Staraptite
|move|p2b: Incineroar|Fake Out|p1a: Sableye
|-immune|p1a: Sableye
|move|p1b: Sableye|Trick|p2b: Incineroar
|-activate|p1b: Sableye|move: Trick|[of] p2b: Incineroar
|-item|p2b: Incineroar|Choice Scarf|[from] move: Trick
|-item|p1b: Sableye|Sitrus Berry|[from] move: Trick
|move|p2a: Staraptor|Close Combat|p1a: Sableye
|-immune|p1a: Sableye
|
|upkeep
|turn|2
|
|t:|1785637572
|switch|p2b: Sinistcha|Sinistcha, L50|100/100
|move|p1a: Sableye|Rain Dance|p1a: Sableye
|-weather|RainDance
|move|p2a: Staraptor|Dual Wingbeat|p1a: Sableye
|-damage|p1a: Sableye|78/100
|-damage|p1a: Sableye|57/100
|-hitcount|p1a: Sableye|2
|move|p1b: Sableye|Hyper Voice|p2a: Staraptor|[spread] p2a
|-immune|p2b: Sinistcha
|-damage|p2a: Staraptor|63/100
|
|-weather|RainDance|[upkeep]
|upkeep
|turn|3
|
|t:|1785637585
|switch|p1b: Archaludon|Archaludon, L50, M, shiny|100/100
|switch|p2b: Incineroar|Incineroar, L50, F|100/100
|-ability|p2b: Incineroar|Intimidate|boost
|-unboost|p1a: Sableye|atk|1
|-unboost|p1b: Archaludon|atk|1
|move|p1a: Sableye|Reflect|p1a: Sableye
|-sidestart|p1: TorbellinoChamba|Reflect
|move|p2a: Staraptor|Dual Wingbeat|p1a: Sableye
|-damage|p1a: Sableye|42/100
|-damage|p1a: Sableye|28/100
|-hitcount|p1a: Sableye|2
|
|-weather|RainDance|[upkeep]
|upkeep
|turn|4
|
|t:|1785637606
|switch|p2b: Sinistcha|Sinistcha, L50|100/100
|-heal|p2a: Staraptor|88/100|[from] ability: Hospitality|[of] p2b: Sinistcha
|move|p2a: Staraptor|Protect|p2a: Staraptor
|-singleturn|p2a: Staraptor|Protect
|move|p1a: Sableye|Quash|p2a: Staraptor
|-activate|p2a: Staraptor|move: Protect
|move|p1b: Archaludon|Electro Shot||[still]
|-prepare|p1b: Archaludon|Electro Shot
|-boost|p1b: Archaludon|spa|1
|-anim|p1b: Archaludon|Electro Shot|p2a: Staraptor
|-activate|p2a: Staraptor|move: Protect
|
|-weather|RainDance|[upkeep]
|upkeep
|turn|5
|
|t:|1785637614
|move|p2b: Sinistcha|Rage Powder|p2b: Sinistcha
|-singleturn|p2b: Sinistcha|move: Rage Powder
|move|p1a: Sableye|Quash||[still]
|-fail|p1a: Sableye
|move|p2a: Staraptor|Close Combat|p1b: Archaludon
|-supereffective|p1b: Archaludon|1
|-crit|p1b: Archaludon
|-damage|p1b: Archaludon|0 fnt
|-boost|p2a: Staraptor|def|1
|-boost|p2a: Staraptor|spd|1
|faint|p1b: Archaludon
|
|-weather|RainDance|[upkeep]
|upkeep
|
|t:|1785637617
|switch|p1b: Swampert|Swampert, L50, M|100/100
|turn|6
|
|t:|1785637628
|detailschange|p1b: Swampert|Swampert-Mega, L50, M
|-mega|p1b: Swampert|Swampert|Swampertite
|move|p2b: Sinistcha|Rage Powder|p2b: Sinistcha
|-singleturn|p2b: Sinistcha|move: Rage Powder
|move|p1a: Sableye|Quash||[still]
|-fail|p1a: Sableye
|move|p1b: Swampert|Ice Punch|p2b: Sinistcha
|-supereffective|p2b: Sinistcha|1
|-damage|p2b: Sinistcha|47/100
|move|p2a: Staraptor|Close Combat|p1b: Swampert
|-damage|p1b: Swampert|63/100
|-boost|p2a: Staraptor|def|1
|-boost|p2a: Staraptor|spd|1
|
|-weather|none
|upkeep
|turn|7
|
|t:|1785637644
|switch|p2b: Incineroar|Incineroar, L50, F|100/100
|-ability|p2b: Incineroar|Intimidate|boost
|-unboost|p1a: Sableye|atk|1
|-unboost|p1b: Swampert|atk|1
|move|p1a: Sableye|Rain Dance|p1a: Sableye
|-weather|RainDance
|move|p1b: Swampert|Ice Punch|p2b: Incineroar
|-resisted|p2b: Incineroar|1
|-damage|p2b: Incineroar|90/100
|move|p2a: Staraptor|Close Combat|p1b: Swampert
|-damage|p1b: Swampert|28/100
|-boost|p2a: Staraptor|def|1
|-boost|p2a: Staraptor|spd|1
|
|-weather|RainDance|[upkeep]
|upkeep
|turn|8
|-message|TorbellinoChamba forfeited.
|
|win|ToastedArt
