|j|☆roman_legend
|j|☆luijingames
|html|roman_legendluijingames    
|uhtml|bestof|Game 1 of a best-of-3
|t:|1756915532
|gametype|doubles
|player|p1|roman_legend|nate-masters|1124
|player|p2|luijingames|bugcatcher-gen4dp|1000
|gen|9
|tier|[Gen 9] VGC 2025 Reg H (Bo3)
|rated|
|rule|Species Clause: Limit one of each Pokémon
|rule|Item Clause: Limit 1 of each item
|clearpoke
|poke|p1|Gholdengo, L50|
|poke|p1|Sneasler, L50, M|
|poke|p1|Rillaboom, L50, F|
|poke|p1|Dragonite, L50, M|
|poke|p1|Ninetales-Alola, L50, F|
|poke|p1|Arcanine-Hisui, L50, M|
|poke|p2|Ursaluna-Bloodmoon, L50, M|
|poke|p2|Porygon2, L50|
|poke|p2|Amoonguss, L50, M|
|poke|p2|Incineroar, L50, M|
|poke|p2|Dragapult, L50, M|
|poke|p2|Sneasler, L50, M|
|teampreview|4
|showteam|p1|Gholdengo||GrassySeed|GoodasGold|NastyPlot,MakeItRain,ShadowBall,Protect||||||50|,,,,,Water]Sneasler||WhiteHerb|Unburden|CloseCombat,DireClaw,Coaching,Protect|||M|||50|,,,,,Ghost]Rillaboom||AssaultVest|GrassySurge|FakeOut,GrassyGlide,DrumBeating,HighHorsepower|||F|||50|,,,,,Fire]Dragonite||LoadedDice|Multiscale|ScaleShot,StompingTantrum,Tailwind,Protect|||M|||50|,,,,,Ground]Ninetales-Alola||FocusSash|SnowWarning|Blizzard,IcyWind,Encore,AuroraVeil|||F|||50|,,,,,Ghost]Arcanine-Hisui||ClearAmulet|Intimidate|RockSlide,FlareBlitz,ExtremeSpeed,Protect|||M|||50|,,,,,Water
|showteam|p2|Ursaluna-Bloodmoon||AssaultVest|MindsEye|BloodMoon,HyperVoice,EarthPower,VacuumWave|||M|||50|,,,,,Normal]Porygon2||Eviolite|Trace|IceBeam,Thunderbolt,Recover,TrickRoom||||||50|,,,,,Ghost]Amoonguss||CovertCloak|Regenerator|Spore,RagePowder,PollenPuff,SludgeBomb|||M|||50|,,,,,Water]Incineroar||SafetyGoggles|Intimidate|KnockOff,FakeOut,PartingShot,FlareBlitz|||M|||50|,,,,,Ghost]Dragapult||ChoiceBand|ClearBody|DragonDarts,Outrage,PhantomForce,Uturn|||M|||50|,,,,,Dragon]Sneasler||FocusSash|PoisonTouch|CloseCombat,DireClaw,ThroatChop,FakeOut|||M|||50|,,,,,Dark
|inactive|Battle timer is ON: inactive players will automatically lose when time's up. (requested by luijingames)
|
|t:|1756915570
|teamsize|p1|4
|teamsize|p2|4
|start
|switch|p1a: Gholdengo|Gholdengo, L50, shiny|100/100
|switch|p1b: Ninetales|Ninetales-Alola, L50, F|100/100
|switch|p2a: Porygon2|Porygon2, L50|100/100
|switch|p2b: Incineroar|Incineroar, L50, M|100/100
|-weather|Snowscape|[from] ability: Snow Warning|[of] p1b: Ninetales
|-ability|p2a: Porygon2|Snow Warning|Trace|[from] ability: Trace|[of] p1b: Ninetales
|-ability|p2b: Incineroar|Intimidate|boost
|-unboost|p1a: Gholdengo|atk|1
|-unboost|p1b: Ninetales|atk|1
|turn|1
|inactive|roman_legend has 30 seconds left.
|inactive|luijingames has 30 seconds left.
|inactive|luijingames has 20 seconds left.
|inactive|luijingames has 15 seconds left.
|inactive|luijingames has 10 seconds left.
|
|t:|1756915616
|-terastallize|p1a: Gholdengo|Water
|move|p1b: Ninetales|Aurora Veil|p1b: Ninetales
|-sidestart|p1: roman_legend|move: Aurora Veil
|move|p1a: Gholdengo|Nasty Plot|p1a: Gholdengo
|-boost|p1a: Gholdengo|spa|2
|move|p2b: Incineroar|Knock Off|p1a: Gholdengo
|-damage|p1a: Gholdengo|68/100
|-enditem|p1a: Gholdengo|Grassy Seed|[from] move: Knock Off|[of] p2b: Incineroar
|move|p2a: Porygon2|Trick Room|p2a: Porygon2
|-fieldstart|move: Trick Room|[of] p2a: Porygon2
|
|-weather|Snowscape|[upkeep]
|upkeep
|turn|2
|inactive|roman_legend has 30 seconds left.
|inactive|luijingames has 30 seconds left.
|inactive|roman_legend has 20 seconds left.
|
|t:|1756915654
|switch|p2a: Ursaluna|Ursaluna-Bloodmoon, L50, M|100/100
|switch|p1b: Rillaboom|Rillaboom, L50, F|100/100
|-fieldstart|move: Grassy Terrain|[from] ability: Grassy Surge|[of] p1b: Rillaboom
|move|p2b: Incineroar|Flare Blitz|p1b: Rillaboom
|-supereffective|p1b: Rillaboom
|-damage|p1b: Rillaboom|22/100
|-damage|p2b: Incineroar|76/100|[from] Recoil
|move|p1a: Gholdengo|Shadow Ball|p2b: Incineroar
|-resisted|p2b: Incineroar
|-damage|p2b: Incineroar|42/100
|
|-weather|Snowscape|[upkeep]
|-heal|p2b: Incineroar|48/100|[from] Grassy Terrain
|-heal|p1a: Gholdengo|74/100|[from] Grassy Terrain
|-heal|p1b: Rillaboom|28/100|[from] Grassy Terrain
|upkeep
|turn|3
|inactive|roman_legend has 30 seconds left.
|inactive|luijingames has 30 seconds left.
|inactive|luijingames has 20 seconds left.
|
|t:|1756915691
|move|p1b: Rillaboom|Grassy Glide|p2a: Ursaluna
|-supereffective|p2a: Ursaluna
|-crit|p2a: Ursaluna
|-damage|p2a: Ursaluna|27/100
|move|p2b: Incineroar|Flare Blitz|p1b: Rillaboom
|-supereffective|p1b: Rillaboom
|-damage|p1b: Rillaboom|0 fnt
|faint|p1b: Rillaboom
|-damage|p2b: Incineroar|40/100|[from] Recoil
|move|p2a: Ursaluna|Hyper Voice|p1a: Gholdengo
|-damage|p1a: Gholdengo|36/100
|move|p1a: Gholdengo|Make It Rain|p2b: Incineroar|[spread] p2a,p2b
|-resisted|p2b: Incineroar
|-crit|p2b: Incineroar
|-damage|p2a: Ursaluna|0 fnt
|-damage|p2b: Incineroar|0 fnt
|-unboost|p1a: Gholdengo|spa|1
|faint|p2a: Ursaluna
|faint|p2b: Incineroar
|
|-weather|Snowscape|[upkeep]
|-heal|p1a: Gholdengo|42/100|[from] Grassy Terrain
|upkeep
|
|t:|1756915715
|switch|p2b: Amoonguss|Amoonguss, L50, M|100/100
|switch|p2a: Porygon2|Porygon2, L50|100/100
|switch|p1b: Ninetales|Ninetales-Alola, L50, F|100/100
|-ability|p2a: Porygon2|Good as Gold|Trace|[from] ability: Trace|[of] p1a: Gholdengo
|turn|4
|
|t:|1756915736
|move|p2b: Amoonguss|Spore|p1a: Gholdengo
|-immune|p1a: Gholdengo|[from] ability: Good as Gold
|move|p2a: Porygon2|Thunderbolt|p1b: Ninetales
|-damage|p1b: Ninetales|83/100
|move|p1a: Gholdengo|Make It Rain|p2a: Porygon2|[spread] p2a,p2b
|-damage|p2a: Porygon2|59/100
|-damage|p2b: Amoonguss|45/100
|-unboost|p1a: Gholdengo|spa|1
|move|p1b: Ninetales|Blizzard|p2b: Amoonguss|[spread] p2a,p2b
|-supereffective|p2b: Amoonguss
|-damage|p2a: Porygon2|42/100
|-damage|p2b: Amoonguss|0 fnt
|faint|p2b: Amoonguss
|
|-weather|Snowscape|[upkeep]
|-heal|p2a: Porygon2|48/100|[from] Grassy Terrain
|-heal|p1a: Gholdengo|48/100|[from] Grassy Terrain
|-heal|p1b: Ninetales|89/100|[from] Grassy Terrain
|upkeep
|turn|5
|
|t:|1756915755
|move|p1a: Gholdengo|Protect|p1a: Gholdengo
|-singleturn|p1a: Gholdengo|Protect
|move|p2a: Porygon2|Thunderbolt|p1a: Gholdengo
|-activate|p1a: Gholdengo|move: Protect
|move|p1b: Ninetales|Blizzard|p2a: Porygon2
|-damage|p2a: Porygon2|22/100
|
|-weather|none
|-heal|p2a: Porygon2|29/100|[from] Grassy Terrain
|-heal|p1a: Gholdengo|55/100|[from] Grassy Terrain
|-heal|p1b: Ninetales|95/100|[from] Grassy Terrain
|-sideend|p1: roman_legend|move: Aurora Veil
|-fieldend|move: Trick Room
|upkeep
|turn|6
|
|t:|1756915760
|move|p1b: Ninetales|Blizzard|p2a: Porygon2|[miss]
|-miss|p1b: Ninetales|p2a: Porygon2
|move|p1a: Gholdengo|Make It Rain|p2a: Porygon2
|-damage|p2a: Porygon2|0 fnt
|-unboost|p1a: Gholdengo|spa|1
|faint|p2a: Porygon2
|
|win|roman_legend
||roman_legend is ready for game 2.
|inactive|luijingames has 30 seconds to confirm battle start!
||luijingames is ready for game 2.
|uhtml|next|Next: Game 2 of 3
