|j|☆hallowbastion
|j|☆jonen
|html|hallowbastionjonen    
|uhtml|bestof|Game 1 of a best-of-3
|t:|1756541741
|gametype|doubles
|player|p1|hallowbastion|169|1042
|player|p2|jonen|ruinmaniac-gen3|1197
|gen|9
|tier|[Gen 9] VGC 2025 Reg H (Bo3)
|rated|
|rule|Species Clause: Limit one of each Pokémon
|rule|Item Clause: Limit 1 of each item
|clearpoke
|poke|p1|Charizard, L50, M|
|poke|p1|Torkoal, L50, F|
|poke|p1|Porygon2, L50|
|poke|p1|Incineroar, L50, F|
|poke|p1|Jumpluff, L50, M|
|poke|p1|Ursaluna, L50, F|
|poke|p2|Garchomp, L50, F|
|poke|p2|Weezing-Galar, L50, F|
|poke|p2|Archaludon, L50, F|
|poke|p2|Talonflame, L50, F|
|poke|p2|Annihilape, L50, F|
|poke|p2|Typhlosion-Hisui, L50, M|
|teampreview|4
|showteam|p1|Charizard||ChoiceSpecs|SolarPower|HeatWave,Overheat,WeatherBall,AirSlash|||M|||50|,,,,,Ghost]Torkoal||EjectPack|Drought|Eruption,Overheat,HelpingHand,Protect|||F|||50|,,,,,Fire]Porygon2||Eviolite|Download|IceBeam,TeraBlast,TrickRoom,Recover||||||50|,,,,,Fighting]Incineroar||SitrusBerry|Intimidate|FlareBlitz,KnockOff,FakeOut,PartingShot|||F|||50|,,,,,Ghost]Jumpluff||CovertCloak|Chlorophyll|SleepPowder,SunnyDay,RagePowder,Tailwind|||M|||50|,,,,,Water]Ursaluna||FlameOrb|Guts|HeadlongRush,Facade,Earthquake,Protect|||F|||50|,,,,,Ghost
|showteam|p2|Garchomp||LifeOrb|RoughSkin|DragonClaw,Earthquake,StompingTantrum,Protect|||F|||50|,,,,,Ground]Weezing-Galar||FocusSash|NeutralizingGas|Protect,SludgeBomb,Taunt,StrangeSteam|||F|||50|,,,,,Flying]Archaludon||PowerHerb|Sturdy|ElectroShot,Thunderbolt,DracoMeteor,Protect|||F|||50|,,,,,Electric]Talonflame||CovertCloak|GaleWings|Tailwind,DualWingbeat,WillOWisp,FlareBlitz|||F|||50|,,,,,Fairy]Annihilape||AssaultVest|Defiant|CloseCombat,RageFist,FinalGambit,IcePunch|||F|||50|,,,,,Grass]Typhlosion-Hisui||ChoiceScarf|Blaze|Eruption,SleepTalk,HeatWave,ShadowBall|||M|||50|,,,,,Fire
|inactive|Battle timer is ON: inactive players will automatically lose when time's up. (requested by hallowbastion)
|
|t:|1756541786
|teamsize|p1|4
|teamsize|p2|4
|start
|switch|p1a: Jumpluff|Jumpluff, L50, M|100/100
|switch|p1b: Torkoal|Torkoal, L50, F|100/100
|switch|p2a: Weezing|Weezing-Galar, L50, F|100/100
|switch|p2b: Annihilape|Annihilape, L50, F|100/100
|-ability|p2a: Weezing|Neutralizing Gas
|turn|1
|
|t:|1756541800
|-terastallize|p2b: Annihilape|Grass
|move|p1a: Jumpluff|Tailwind|p1a: Jumpluff
|-sidestart|p1: hallowbastion|move: Tailwind
|move|p2b: Annihilape|Final Gambit|p1b: Torkoal
|-damage|p1b: Torkoal|0 fnt
|faint|p2b: Annihilape
|faint|p1b: Torkoal
|move|p2a: Weezing|Sludge Bomb|p1a: Jumpluff
|-supereffective|p1a: Jumpluff
|-damage|p1a: Jumpluff|19/100
|
|upkeep
|
|t:|1756541809
|switch|p2b: Garchomp|Garchomp, L50, F|100/100
|switch|p1b: Charizard|Charizard, L50, M|100/100
|turn|2
|
|t:|1756541831
|-terastallize|p1b: Charizard|Ghost
|move|p2b: Garchomp|Protect|p2b: Garchomp
|-singleturn|p2b: Garchomp|Protect
|move|p1a: Jumpluff|Sunny Day|p1a: Jumpluff
|-weather|SunnyDay
|move|p1b: Charizard|Heat Wave|p2b: Garchomp|[spread] p2a
|-activate|p2b: Garchomp|move: Protect
|-enditem|p2a: Weezing|Focus Sash
|-damage|p2a: Weezing|1/100
|move|p2a: Weezing|Sludge Bomb|p1a: Jumpluff
|-supereffective|p1a: Jumpluff
|-damage|p1a: Jumpluff|0 fnt
|faint|p1a: Jumpluff
|
|-weather|SunnyDay|[upkeep]
|upkeep
|
|t:|1756541845
|switch|p1a: Porygon2|Porygon2, L50|100/100
|turn|3
|inactive|jonen has 30 seconds left.
|
|t:|1756541876
|move|p2a: Weezing|Protect|p2a: Weezing
|-singleturn|p2a: Weezing|Protect
|move|p1b: Charizard|Heat Wave|p2a: Weezing|[spread] p2b
|-activate|p2a: Weezing|move: Protect
|-resisted|p2b: Garchomp
|-damage|p2b: Garchomp|61/100
|move|p2b: Garchomp|Earthquake|p1a: Porygon2|[spread] p1a,p1b
|-activate|p2a: Weezing|move: Protect
|-damage|p1a: Porygon2|68/100
|-damage|p1b: Charizard|29/100
|-damage|p2b: Garchomp|51/100|[from] item: Life Orb
|move|p1a: Porygon2|Ice Beam|p2b: Garchomp
|-supereffective|p2b: Garchomp
|-damage|p2b: Garchomp|0 fnt
|faint|p2b: Garchomp
|
|-weather|SunnyDay|[upkeep]
|upkeep
|
|t:|1756541890
|switch|p2b: Typhlosion|Typhlosion-Hisui, L50, M|100/100
|turn|4
|
|t:|1756541913
|move|p1b: Charizard|Heat Wave|p2b: Typhlosion|[spread] p2a,p2b
|-resisted|p2b: Typhlosion
|-damage|p2a: Weezing|0 fnt
|-damage|p2b: Typhlosion|49/100
|faint|p2a: Weezing
|-end|p2a: Weezing|ability: Neutralizing Gas
|-ability|p1a: Porygon2|Download|boost
|-boost|p1a: Porygon2|atk|1
|move|p2b: Typhlosion|Heat Wave|p1a: Porygon2|[spread] p1b
|-miss|p2b: Typhlosion|p1a: Porygon2
|-crit|p1b: Charizard
|-damage|p1b: Charizard|0 fnt
|faint|p1b: Charizard
|move|p1a: Porygon2|Ice Beam|p2b: Typhlosion
|-resisted|p2b: Typhlosion
|-damage|p2b: Typhlosion|29/100
|
|-weather|SunnyDay|[upkeep]
|-sideend|p1: hallowbastion|move: Tailwind
|upkeep
|turn|5
|
|t:|1756541934
|move|p2b: Typhlosion|Heat Wave|p1a: Porygon2
|-damage|p1a: Porygon2|0 fnt
|faint|p1a: Porygon2
|
|win|jonen
