|j|☆boober_magmar
|j|☆SlowH-amurott
|html|boober_magmarSlowH-amurott    
|uhtml|bestof|Game 1 of a best-of-3
|t:|1756243876
|gametype|doubles
|player|p1|boober_magmar|gambler|1143
|player|p2|SlowH-amurott|ninjaboy-gen3|1223
|gen|9
|tier|[Gen 9] VGC 2025 Reg H (Bo3)
|rated|
|rule|Species Clause: Limit one of each Pokémon
|rule|Item Clause: Limit 1 of each item
|clearpoke
|poke|p1|Dragonite, L50, F|
|poke|p1|Sneasler, L50, F|
|poke|p1|Incineroar, L50, F|
|poke|p1|Gholdengo, L50|
|poke|p1|Ursaluna-Bloodmoon, L50, M|
|poke|p1|Amoonguss, L50, M|
|poke|p2|Volcarona, L50, F|
|poke|p2|Samurott-Hisui, L50, M|
|poke|p2|Gholdengo, L50|
|poke|p2|Sneasler, L50, F|
|poke|p2|Ursaluna-Bloodmoon, L50, M|
|poke|p2|Indeedee, L50, M|
|teampreview|4
|showteam|p1|Dragonite||LoadedDice|Multiscale|ScaleShot,Tailwind,Haze,Protect|||F|||50|,,,,,Fairy]Sneasler||FocusSash|Unburden|DireClaw,CloseCombat,Coaching,Protect|||F|||50|,,,,,Stellar]Incineroar||SafetyGoggles|Intimidate|FakeOut,FlareBlitz,KnockOff,PartingShot|||F|||50|,,,,,Ghost]Gholdengo||LifeOrb|GoodasGold|MakeItRain,ShadowBall,NastyPlot,Protect||||||50|,,,,,Water]Ursaluna-Bloodmoon||AssaultVest|MindsEye|HyperVoice,EarthPower,BloodMoon,VacuumWave|||M|||50|,,,,,Poison]Amoonguss||SitrusBerry|Regenerator|PollenPuff,Spore,RagePowder,Protect|||M|||50|,,,,,Dark
|showteam|p2|Volcarona||SitrusBerry|FlameBody|FieryDance,StruggleBug,Tailwind,RagePowder|||F|||50|,,,,,Dragon]Samurott-Hisui||AssaultVest|Sharpness|AquaCutter,SacredSword,SuckerPunch,FlipTurn|||M|||50|,,,,,Ghost]Gholdengo||MetalCoat|GoodasGold|MakeItRain,ShadowBall,NastyPlot,Protect||||||50|,,,,,Water]Sneasler||PsychicSeed|Unburden|DireClaw,CloseCombat,ThroatChop,Protect|||F|||50|,,,,,Dark]Ursaluna-Bloodmoon||LifeOrb|MindsEye|BloodMoon,HyperVoice,EarthPower,Protect|||M|||50|,,,,,Normal]Indeedee||FocusSash|PsychicSurge|ExpandingForce,Encore,Imprison,TrickRoom|||M|||50|,,,,,Psychic
|inactive|Battle timer is ON: inactive players will automatically lose when time's up. (requested by SlowH-amurott)
|inactive|boober_magmar has 60 seconds left.
|
|t:|1756243907
|teamsize|p1|4
|teamsize|p2|4
|start
|switch|p1a: Dragonite|Dragonite, L50, F|100/100
|switch|p1b: Incineroar|Incineroar, L50, F|100/100
|switch|p2a: Shamonerona|Volcarona, L50, F, shiny|100/100
|switch|p2b: Steely Dan|Gholdengo, L50, shiny|100/100
|-ability|p1b: Incineroar|Intimidate|boost
|-unboost|p2a: Shamonerona|atk|1
|-unboost|p2b: Steely Dan|atk|1
|turn|1
|
|t:|1756243923
|switch|p2b: MDD|Indeedee, L50, M, shiny|100/100
|-fieldstart|move: Psychic Terrain|[from] ability: Psychic Surge|[of] p2b: MDD
|move|p2a: Shamonerona|Tailwind|p2a: Shamonerona
|-sidestart|p2: SlowH-amurott|move: Tailwind
|move|p1a: Dragonite|Scale Shot|p2a: Shamonerona
|-damage|p2a: Shamonerona|86/100
|-damage|p2a: Shamonerona|71/100
|-damage|p2a: Shamonerona|55/100
|-damage|p2a: Shamonerona|39/100
|-enditem|p2a: Shamonerona|Sitrus Berry|[eat]
|-heal|p2a: Shamonerona|64/100|[from] item: Sitrus Berry
|-hitcount|p2a: Shamonerona|4
|-unboost|p1a: Dragonite|def|1
|-boost|p1a: Dragonite|spe|1
|move|p1b: Incineroar|Knock Off|p2b: MDD
|-supereffective|p2b: MDD
|-enditem|p2b: MDD|Focus Sash
|-damage|p2b: MDD|1/100
|
|upkeep
|turn|2
|inactive|boober_magmar has 30 seconds left.
|inactive|SlowH-amurott has 30 seconds left.
|
|t:|1756243958
|move|p2b: MDD|Expanding Force|p1a: Dragonite|[spread] p1a
|-immune|p1b: Incineroar
|-damage|p1a: Dragonite|74/100
|move|p2a: Shamonerona|Fiery Dance|p1b: Incineroar
|-resisted|p1b: Incineroar
|-damage|p1b: Incineroar|84/100
|-boost|p2a: Shamonerona|spa|1
|move|p1a: Dragonite|Tailwind|p1a: Dragonite
|-sidestart|p1: boober_magmar|move: Tailwind
|move|p1b: Incineroar|Flare Blitz|p2a: Shamonerona
|-damage|p2a: Shamonerona|15/100
|-damage|p1b: Incineroar|69/100|[from] Recoil
|
|upkeep
|turn|3
|
|t:|1756243979
|move|p2a: Shamonerona|Rage Powder|p2a: Shamonerona
|-singleturn|p2a: Shamonerona|move: Rage Powder
|move|p1a: Dragonite|Scale Shot|p2a: Shamonerona
|-damage|p2a: Shamonerona|1/100
|-damage|p2a: Shamonerona|0 fnt
|faint|p2a: Shamonerona
|-hitcount|p2: Shamonerona|2
|-unboost|p1a: Dragonite|def|1
|-boost|p1a: Dragonite|spe|1
|move|p2b: MDD|Expanding Force|p1a: Dragonite|[spread] p1a
|-immune|p1b: Incineroar
|-damage|p1a: Dragonite|16/100
|move|p1b: Incineroar|Knock Off|p2b: MDD
|-supereffective|p2b: MDD
|-damage|p2b: MDD|0 fnt
|faint|p2b: MDD
|
|upkeep
|
|t:|1756243984
|switch|p2b: Luna Sangre|Ursaluna-Bloodmoon, L50, M|100/100
|switch|p2a: Steely Dan|Gholdengo, L50, shiny|100/100
|turn|4
|inactive|boober_magmar has 30 seconds left.
|
|t:|1756244014
|-terastallize|p2b: Luna Sangre|Normal
|move|p1a: Dragonite|Scale Shot|p2b: Luna Sangre
|-damage|p2b: Luna Sangre|89/100
|-damage|p2b: Luna Sangre|77/100
|-damage|p2b: Luna Sangre|67/100
|-damage|p2b: Luna Sangre|56/100
|-damage|p2b: Luna Sangre|45/100
|-hitcount|p2b: Luna Sangre|5
|-unboost|p1a: Dragonite|def|1
|-boost|p1a: Dragonite|spe|1
|move|p2a: Steely Dan|Nasty Plot|p2a: Steely Dan
|-boost|p2a: Steely Dan|spa|2
|move|p1b: Incineroar|Knock Off|p2a: Steely Dan
|-supereffective|p2a: Steely Dan
|-damage|p2a: Steely Dan|11/100
|-enditem|p2a: Steely Dan|Metal Coat|[from] move: Knock Off|[of] p1b: Incineroar
|move|p2b: Luna Sangre|Hyper Voice|p1b: Incineroar|[spread] p1a,p1b
|-damage|p1a: Dragonite|0 fnt
|-damage|p1b: Incineroar|3/100
|faint|p1a: Dragonite
|-damage|p2b: Luna Sangre|36/100|[from] item: Life Orb
|
|-sideend|p2: SlowH-amurott|move: Tailwind
|upkeep
|
|t:|1756244032
|switch|p1a: Gholdengo|Gholdengo, L50|100/100
|turn|5
|
|t:|1756244042
|switch|p1b: Sneasler|Sneasler, L50, F|100/100
|move|p2a: Steely Dan|Protect|p2a: Steely Dan
|-singleturn|p2a: Steely Dan|Protect
|move|p2b: Luna Sangre|Protect|p2b: Luna Sangre
|-singleturn|p2b: Luna Sangre|Protect
|move|p1a: Gholdengo|Make It Rain|p2b: Luna Sangre|[spread] 
|-activate|p2a: Steely Dan|move: Protect
|-activate|p2b: Luna Sangre|move: Protect
|
|-sideend|p1: boober_magmar|move: Tailwind
|-fieldend|move: Psychic Terrain
|upkeep
|turn|6
|
|t:|1756244053
|-terastallize|p1a: Gholdengo|Water
|move|p1b: Sneasler|Close Combat|p2b: Luna Sangre
|-supereffective|p2b: Luna Sangre
|-damage|p2b: Luna Sangre|0 fnt
|-unboost|p1b: Sneasler|def|1
|-unboost|p1b: Sneasler|spd|1
|faint|p2b: Luna Sangre
|move|p1a: Gholdengo|Shadow Ball|p2a: Steely Dan
|-supereffective|p2a: Steely Dan
|-damage|p2a: Steely Dan|0 fnt
|faint|p2a: Steely Dan
|-damage|p1a: Gholdengo|91/100|[from] item: Life Orb
|
|win|boober_magmar
||boober_magmar is ready for game 2.
