|j|☆ko1d_lol
|j|☆sadnessvgc
|html|ko1d_lolsadnessvgc    
|uhtml|bestof|Game 2 of a best-of-3
|t:|1783842513
|gametype|doubles
|player|p1|ko1d_lol|102|1265
|player|p2|sadnessvgc|agatha-gen1rb|1350
|gen|9
|tier|[Gen 9 Champions] VGC 2026 Reg M-B (Bo3)
|rated|
|rule|Species Clause: Limit one of each Pokémon
|rule|Item Clause: Limit 1 of each item
|clearpoke
|poke|p1|Charizard, L50, M|
|poke|p1|Whimsicott, L50, M|
|poke|p1|Kingambit, L50, M|
|poke|p1|Basculegion, L50, M|
|poke|p1|Garchomp, L50, F|
|poke|p1|Glimmora, L50, F|
|poke|p2|Swampert, L50, F, shiny|
|poke|p2|Incineroar, L50, F, shiny|
|poke|p2|Gengar, L50, F, shiny|
|poke|p2|Archaludon, L50, F, shiny|
|poke|p2|Politoed, L50, F, shiny|
|poke|p2|Vivillon, L50, F, shiny|
|teampreview|4
|showteam|p1|Charizard||CharizarditeY|Blaze|HeatWave,SolarBeam,WeatherBall,Protect|Modest||M|||50|]Whimsicott||FairyFeather|Prankster|Moonblast,Tailwind,Encore,Protect|Timid||M|||50|]Kingambit||ChopleBerry|Defiant|KowtowCleave,LowKick,SuckerPunch,Protect|Adamant||M|||50|]Basculegion||MysticWater|Adaptability|WaveCrash,LastRespects,AquaJet,Protect|Adamant||M|||50|]Garchomp||SitrusBerry|RoughSkin|DragonClaw,Earthquake,RockSlide,PoisonJab|Jolly||F|||50|]Glimmora||FocusSash|ToxicDebris|PowerGem,SludgeBomb,EarthPower,SpikyShield|Modest||F|||50|
|showteam|p2|Swampert||Swampertite|Torrent|WaveCrash,Earthquake,IcePunch,Protect|Adamant||F|||50|]Incineroar||PasshoBerry|Intimidate|FakeOut,ThroatChop,PartingShot,Protect|Sassy||F|||50|]Gengar||Gengarite|CursedBody|ShadowBall,PerishSong,SludgeBomb,Protect|Timid||F|||50|]Archaludon||Leftovers|Stamina|DragonPulse,FlashCannon,ElectroShot,Protect|Bold||F|||50|]Politoed||SitrusBerry|Drizzle|WeatherBall,PerishSong,Encore,Protect|Calm||F|||50|]Vivillon||FocusSash|CompoundEyes|SleepPowder,RagePowder,Hurricane,Protect|Timid||F|||50|
|j| senseii trey
|inactive|Battle timer is ON: inactive players will automatically lose when time's up. (requested by sadnessvgc)
|
|t:|1783842527
|teamsize|p1|4
|teamsize|p2|4
|start
|switch|p1a: Charizard|Charizard, L50, M|100/100
|switch|p1b: Whimsicott|Whimsicott, L50, M|100/100
|switch|p2a: Gengar|Gengar, L50, F, shiny|100/100
|switch|p2b: Incineroar|Incineroar, L50, F, shiny|100/100
|-ability|p2b: Incineroar|Intimidate|boost
|-unboost|p1a: Charizard|atk|1
|-unboost|p1b: Whimsicott|atk|1
|turn|1
|
|t:|1783842537
|detailschange|p2a: Gengar|Gengar-Mega, L50, F, shiny
|-mega|p2a: Gengar|Gengar|Gengarite
|move|p1b: Whimsicott|Protect|p1b: Whimsicott
|-singleturn|p1b: Whimsicott|Protect
|move|p1a: Charizard|Protect|p1a: Charizard
|-singleturn|p1a: Charizard|Protect
|move|p2b: Incineroar|Fake Out|p1a: Charizard
|-activate|p1a: Charizard|move: Protect
|move|p2a: Gengar|Sludge Bomb|p1b: Whimsicott
|-activate|p1b: Whimsicott|move: Protect
|
|upkeep
|turn|2
|
|t:|1783842552
|switch|p2b: Politoed|Politoed, L50, F, shiny|100/100
|-weather|RainDance|[from] ability: Drizzle|[of] p2b: Politoed
|detailschange|p1a: Charizard|Charizard-Mega-Y, L50, M
|-mega|p1a: Charizard|Charizard|Charizardite Y
|-weather|SunnyDay|[from] ability: Drought|[of] p1a: Charizard
|move|p1b: Whimsicott|Tailwind|p1b: Whimsicott
|-sidestart|p1: ko1d_lol|move: Tailwind
|move|p1a: Charizard|Weather Ball|p2a: Gengar
|-damage|p2a: Gengar|1/100
|move|p2a: Gengar|Perish Song|p2a: Gengar
|-start|p1a: Charizard|perish3|[silent]
|-start|p1b: Whimsicott|perish3|[silent]
|-start|p2a: Gengar|perish3|[silent]
|-start|p2b: Politoed|perish3|[silent]
|-fieldactivate|move: Perish Song
|
|-weather|SunnyDay|[upkeep]
|-start|p1b: Whimsicott|perish3
|-start|p1a: Charizard|perish3
|-start|p2a: Gengar|perish3
|-start|p2b: Politoed|perish3
|upkeep
|turn|3
|inactive|ko1d_lol has 30 seconds left.
|inactive|sadnessvgc has 30 seconds left.
|inactive|sadnessvgc has 20 seconds left.
|inactive|ko1d_lol has 20 seconds left.
|inactive|sadnessvgc has 15 seconds left.
|
|t:|1783842596
|switch|p2b: Incineroar|Incineroar, L50, F, shiny|100/100
|-ability|p2b: Incineroar|Intimidate|boost
|-unboost|p1a: Charizard|atk|1
|-unboost|p1b: Whimsicott|atk|1
|move|p2a: Gengar|Protect|p2a: Gengar
|-singleturn|p2a: Gengar|Protect
|move|p1b: Whimsicott|Moonblast|p2a: Gengar
|-activate|p2a: Gengar|move: Protect
|move|p1a: Charizard|Weather Ball|p2b: Incineroar
|-resisted|p2b: Incineroar|1
|-damage|p2b: Incineroar|64/100
|
|-weather|SunnyDay|[upkeep]
|-start|p1b: Whimsicott|perish2
|-start|p1a: Charizard|perish2
|-start|p2a: Gengar|perish2
|upkeep
|turn|4
|
|t:|1783842619
|switch|p2a: Vivillon|Vivillon, L50, F, shiny|100/100
|move|p1b: Whimsicott|Moonblast|p2a: Vivillon
|-damage|p2a: Vivillon|12/100
|move|p1a: Charizard|Weather Ball|p2a: Vivillon
|-supereffective|p2a: Vivillon|1
|-damage|p2a: Vivillon|0 fnt
|faint|p2a: Vivillon
|move|p2b: Incineroar|Parting Shot|p2: Vivillon|[notarget]
|-fail|p2b: Incineroar
|
|-weather|SunnyDay|[upkeep]
|-start|p1b: Whimsicott|perish1
|-start|p1a: Charizard|perish1
|upkeep
|
|t:|1783842633
|switch|p2a: Gengar|Gengar-Mega, L50, F, shiny|1/100
|turn|5
|
|t:|1783842653
|switch|p2b: Politoed|Politoed, L50, F, shiny|100/100
|-weather|RainDance|[from] ability: Drizzle|[of] p2b: Politoed
|move|p2a: Gengar|Protect|p2a: Gengar
|-singleturn|p2a: Gengar|Protect
|move|p1b: Whimsicott|Encore||[still]
|-fail|p1b: Whimsicott
|move|p1a: Charizard|Heat Wave|p2b: Politoed|[spread] p2b
|-activate|p2a: Gengar|move: Protect
|-resisted|p2b: Politoed|1
|-crit|p2b: Politoed
|-damage|p2b: Politoed|87/100
|
|-weather|RainDance|[upkeep]
|-start|p1b: Whimsicott|perish0
|-start|p1a: Charizard|perish0
|-sideend|p1: ko1d_lol|move: Tailwind
|faint|p1b: Whimsicott
|faint|p1a: Charizard
|upkeep
|
|t:|1783842667
|switch|p1b: Garchomp|Garchomp, L50, F|100/100
|switch|p1a: Basculegion|Basculegion, L50, M|100/100
|turn|6
|inactive|sadnessvgc has 30 seconds left.
|
|t:|1783842694
|move|p1a: Basculegion|Aqua Jet|p2a: Gengar
|-damage|p2a: Gengar|0 fnt
|faint|p2a: Gengar
|move|p1b: Garchomp|Dragon Claw|p2b: Politoed
|-damage|p2b: Politoed|46/100
|-enditem|p2b: Politoed|Sitrus Berry|[eat]
|-heal|p2b: Politoed|71/100|[from] item: Sitrus Berry
|move|p2b: Politoed|Perish Song|p2b: Politoed
|-start|p1a: Basculegion|perish3|[silent]
|-start|p1b: Garchomp|perish3|[silent]
|-start|p2b: Politoed|perish3|[silent]
|-fieldactivate|move: Perish Song
|
|-weather|RainDance|[upkeep]
|-start|p1b: Garchomp|perish3
|-start|p1a: Basculegion|perish3
|-start|p2b: Politoed|perish3
|upkeep
|
|t:|1783842708
|switch|p2a: Incineroar|Incineroar, L50, F, shiny|64/100
|-ability|p2a: Incineroar|Intimidate|boost
|-unboost|p1a: Basculegion|atk|1
|-unboost|p1b: Garchomp|atk|1
|turn|7
|inactive|sadnessvgc has 30 seconds left.
|inactive|sadnessvgc has 20 seconds left.
|inactive|ko1d_lol has 30 seconds left.
|
|t:|1783842762
|move|p2a: Incineroar|Fake Out|p1b: Garchomp
|-damage|p1b: Garchomp|90/100
|-damage|p2a: Incineroar|51/100|[from] ability: Rough Skin|[of] p1b: Garchomp
|cant|p1b: Garchomp|flinch
|move|p1a: Basculegion|Last Respects|p2b: Politoed
|-damage|p2b: Politoed|6/100
|move|p2b: Politoed|Encore|p1a: Basculegion
|-start|p1a: Basculegion|Encore
|
|-weather|RainDance|[upkeep]
|-start|p1b: Garchomp|perish2
|-start|p1a: Basculegion|perish2
|-start|p2b: Politoed|perish2
|upkeep
|turn|8
|
|t:|1783842784
|move|p2b: Politoed|Protect|p2b: Politoed
|-singleturn|p2b: Politoed|Protect
|move|p2a: Incineroar|Protect|p2a: Incineroar
|-singleturn|p2a: Incineroar|Protect
|move|p1b: Garchomp|Earthquake|p2b: Politoed|[spread] p1a
|-activate|p2a: Incineroar|move: Protect
|-activate|p2b: Politoed|move: Protect
|-damage|p1a: Basculegion|73/100
|move|p1a: Basculegion|Last Respects|p2b: Politoed
|-activate|p2b: Politoed|move: Protect
|
|-weather|RainDance|[upkeep]
|-start|p1b: Garchomp|perish1
|-start|p1a: Basculegion|perish1
|-start|p2b: Politoed|perish1
|upkeep
|turn|9
|
|t:|1783842795
|move|p2b: Politoed|Protect||[still]
|-fail|p2b: Politoed
|move|p2a: Incineroar|Protect|p2a: Incineroar
|-singleturn|p2a: Incineroar|Protect
|move|p1b: Garchomp|Earthquake|p2a: Incineroar|[spread] p1a,p2b
|-activate|p2a: Incineroar|move: Protect
|-damage|p1a: Basculegion|45/100
|-damage|p2b: Politoed|0 fnt
|faint|p2b: Politoed
|move|p1a: Basculegion|Last Respects|p2a: Incineroar
|-activate|p2a: Incineroar|move: Protect
|
|-weather|none
|-start|p1b: Garchomp|perish0
|-start|p1a: Basculegion|perish0
|faint|p1b: Garchomp
|faint|p1a: Basculegion
|
|win|sadnessvgc
||sadnessvgc is ready for game 3.
|inactive|ko1d_lol has 30 seconds to confirm battle start!
||ko1d_lol is ready for game 3.
|uhtml|next|Next: Game 3 of 3
|l|☆ko1d_lol
|player|p1|
