|j|☆DDO15
|j|☆PaquitoElBollito
|html|DDO15PaquitoElBollito    
|uhtml|bestof|Game 1 of a best-of-3
|t:|1782397366
|gametype|doubles
|player|p1|DDO15|2|1094
|player|p2|PaquitoElBollito|veteran|1054
|gen|9
|tier|[Gen 9 Champions] VGC 2026 Reg M-B (Bo3)
|rated|
|rule|Species Clause: Limit one of each Pokémon
|rule|Item Clause: Limit 1 of each item
|clearpoke
|poke|p1|Froslass, L50, F|
|poke|p1|Whimsicott, L50, M|
|poke|p1|Glimmora, L50, F|
|poke|p1|Sneasler, L50, F|
|poke|p1|Kangaskhan, L50, F|
|poke|p1|Sinistcha, L50|
|poke|p2|Blaziken, L50, M|
|poke|p2|Metagross, L50|
|poke|p2|Whimsicott, L50, F|
|poke|p2|Basculegion, L50, M|
|poke|p2|Farigiraf, L50, F|
|poke|p2|Hydreigon, L50, M|
|teampreview|4
|showteam|p1|Froslass||Froslassite|CursedBody|Blizzard,Protect,ShadowBall,WillOWisp|Timid||F|||50|]Whimsicott||FocusSash|Prankster|Protect,Encore,Tailwind,Moonblast|Timid||M|||50|]Glimmora||Glimmoranite|ToxicDebris|SpikyShield,EarthPower,PowerGem,SludgeBomb|Modest||F|||50|]Sneasler||WhiteHerb|Unburden|CloseCombat,DireClaw,FakeOut,Protect|Adamant||F|||50|]Kangaskhan||ChoiceScarf|Scrappy|DoubleEdge,DrainPunch,IcePunch,RockSlide|Jolly||F|||50|]Sinistcha||SitrusBerry|Hospitality|LifeDew,RagePowder,MatchaGotcha,ShadowBall|Calm|||||50|
|showteam|p2|Blaziken||Blazikenite|SpeedBoost|Detect,CloseCombat,FlareBlitz,RockSlide|Adamant||M|||50|]Metagross||Metagrossite|ClearBody|PsychicFangs,Protect,IronHead,StompingTantrum|Jolly|||||50|]Whimsicott||FocusSash|Prankster|Protect,Moonblast,EnergyBall,Tailwind|Timid||F|||50|]Basculegion||LifeOrb|Adaptability|WaveCrash,Protect,LastRespects,AquaJet|Adamant||M|||50|]Farigiraf||SitrusBerry|ArmorTail|Psychic,Thunderbolt,Roar,TrickRoom|Bold||F|||50|]Hydreigon||ChoiceScarf|Levitate|DracoMeteor,Snarl,EarthPower,DarkPulse|Modest||M|||50|
|inactive|Battle timer is ON: inactive players will automatically lose when time's up. (requested by PaquitoElBollito)
|inactive|DDO15 has 60 seconds left.
|inactive|PaquitoElBollito has 60 seconds left.
|inactive|DDO15 has 30 seconds left.
|
|t:|1782397434
|teamsize|p1|4
|teamsize|p2|4
|start
|switch|p1a: Sneasler|Sneasler, L50, F|100/100
|switch|p1b: Sinistcha|Sinistcha, L50|100/100
|switch|p2a: Metagross|Metagross, L50|100/100
|switch|p2b: Blaziken|Blaziken, L50, M|100/100
|turn|1
|inactive|DDO15 has 30 seconds left.
|inactive|PaquitoElBollito has 30 seconds left.
|inactive|DDO15 has 20 seconds left.
|inactive|PaquitoElBollito has 20 seconds left.
|inactive|DDO15 has 15 seconds left.
|inactive|PaquitoElBollito has 15 seconds left.
|
|t:|1782397477
|detailschange|p2a: Metagross|Metagross-Mega, L50
|-mega|p2a: Metagross|Metagross|Metagrossite
|move|p1a: Sneasler|Fake Out|p2b: Blaziken
|-damage|p2b: Blaziken|75/100
|move|p2a: Metagross|Iron Head|p1b: Sinistcha
|-damage|p1b: Sinistcha|51/100
|cant|p2b: Blaziken|flinch
|move|p1b: Sinistcha|Shadow Ball|p2a: Metagross
|-supereffective|p2a: Metagross|1
|-damage|p2a: Metagross|34/100
|
|-ability|p2b: Blaziken|Speed Boost|boost
|-boost|p2b: Blaziken|spe|1
|upkeep
|turn|2
|inactive|DDO15 has 30 seconds left.
|inactive|PaquitoElBollito has 30 seconds left.
|inactive|DDO15 has 20 seconds left.
|inactive|PaquitoElBollito has 20 seconds left.
|inactive|PaquitoElBollito has 15 seconds left.
|
|t:|1782397518
|move|p1b: Sinistcha|Rage Powder|p1b: Sinistcha
|-singleturn|p1b: Sinistcha|move: Rage Powder
|move|p2b: Blaziken|Flare Blitz|p1b: Sinistcha
|-supereffective|p1b: Sinistcha|1
|-damage|p1b: Sinistcha|0 fnt
|faint|p1b: Sinistcha
|-damage|p2b: Blaziken|57/100|[from] Recoil
|move|p2a: Metagross|Stomping Tantrum|p1a: Sneasler
|-supereffective|p1a: Sneasler|1
|-damage|p1a: Sneasler|0 fnt
|faint|p1a: Sneasler
|
|-ability|p2b: Blaziken|Speed Boost|boost
|-boost|p2b: Blaziken|spe|1
|upkeep
|
|t:|1782397530
|switch|p1a: Froslass|Froslass, L50, F|100/100
|switch|p1b: Whimsicott|Whimsicott, L50, M|100/100
|turn|3
|inactive|DDO15 has 30 seconds left.
|
|t:|1782397557
|detailschange|p1a: Froslass|Froslass-Mega, L50, F
|-mega|p1a: Froslass|Froslass|Froslassite
|-weather|Snowscape|[from] ability: Snow Warning|[of] p1a: Froslass
|move|p1a: Froslass|Protect|p1a: Froslass
|-singleturn|p1a: Froslass|Protect
|move|p2b: Blaziken|Flare Blitz|p1b: Whimsicott
|-supereffective|p1b: Whimsicott|1
|-enditem|p1b: Whimsicott|Focus Sash
|-damage|p1b: Whimsicott|1/100
|-damage|p2b: Blaziken|29/100|[from] Recoil
|move|p1b: Whimsicott|Moonblast|p2b: Blaziken
|-damage|p2b: Blaziken|0 fnt
|faint|p2b: Blaziken
|move|p2a: Metagross|Iron Head|p1a: Froslass
|-activate|p1a: Froslass|move: Protect
|
|-weather|Snowscape|[upkeep]
|upkeep
|
|t:|1782397572
|switch|p2b: Basculegion|Basculegion, L50, M|100/100
|turn|4
|inactive|PaquitoElBollito has 30 seconds left.
|inactive|PaquitoElBollito has 20 seconds left.
|inactive|PaquitoElBollito has 15 seconds left.
|
|t:|1782397613
|move|p1b: Whimsicott|Protect|p1b: Whimsicott
|-singleturn|p1b: Whimsicott|Protect
|move|p2b: Basculegion|Aqua Jet|p1b: Whimsicott
|-activate|p1b: Whimsicott|move: Protect
|move|p1a: Froslass|Shadow Ball|p2a: Metagross
|-supereffective|p2a: Metagross|1
|-damage|p2a: Metagross|0 fnt
|faint|p2a: Metagross
|
|-weather|Snowscape|[upkeep]
|upkeep
|
|t:|1782397615
|switch|p2a: Hydreigon|Hydreigon, L50, M|100/100
|turn|5
|inactive|PaquitoElBollito has 30 seconds left.
|
|t:|1782397646
|move|p1b: Whimsicott|Tailwind|p1b: Whimsicott
|-sidestart|p1: DDO15|move: Tailwind
|move|p1a: Froslass|Blizzard|p2a: Hydreigon|[spread] p2a,p2b
|-supereffective|p2a: Hydreigon|1
|-resisted|p2b: Basculegion|1
|-damage|p2a: Hydreigon|5/100
|-damage|p2b: Basculegion|77/100
|move|p2a: Hydreigon|Snarl|p1a: Froslass|[spread] p1a,p1b
|-supereffective|p1a: Froslass|1
|-resisted|p1b: Whimsicott|1
|-crit|p1b: Whimsicott
|-damage|p1a: Froslass|48/100
|-damage|p1b: Whimsicott|0 fnt
|-unboost|p1a: Froslass|spa|1
|faint|p1b: Whimsicott
|move|p2b: Basculegion|Last Respects|p1a: Froslass
|-supereffective|p1a: Froslass|1
|-damage|p1a: Froslass|0 fnt
|faint|p1a: Froslass
|-damage|p2b: Basculegion|67/100|[from] item: Life Orb
|
|win|PaquitoElBollito
