|j|☆beni_9
|j|☆lux raymundi
|html|beni_9lux raymundi    
|uhtml|bestof|Game 2 of a best-of-3
|t:|1783611755
|gametype|doubles
|player|p1|beni_9|alder|1255
|player|p2|lux raymundi|266|1282
|gen|9
|tier|[Gen 9 Champions] VGC 2026 Reg M-B (Bo3)
|rated|
|rule|Species Clause: Limit one of each Pokémon
|rule|Item Clause: Limit 1 of each item
|clearpoke
|poke|p1|Charizard, L50, M|
|poke|p1|Venusaur, L50, M|
|poke|p1|Mamoswine, L50, F|
|poke|p1|Garchomp, L50, M|
|poke|p1|Incineroar, L50, M|
|poke|p1|Toxapex, L50, M|
|poke|p2|Charizard, L50, F|
|poke|p2|Incineroar, L50, F|
|poke|p2|Sylveon, L50, M|
|poke|p2|Farigiraf, L50, F|
|poke|p2|Garchomp, L50, F|
|poke|p2|Aerodactyl, L50, F|
|teampreview|4
|showteam|p1|Charizard||CharizarditeY|Blaze|HeatWave,WeatherBall,HelpingHand,Protect|Modest||M|||50|]Venusaur||LifeOrb|Chlorophyll|LeafStorm,SludgeBomb,EarthPower,Protect|Modest||M|||50|]Mamoswine||FocusSash|Oblivious|HighHorsepower,RockTomb,IceShard,Protect|Jolly||F|||50|]Garchomp||ChoiceScarf|RoughSkin|DragonClaw,Earthquake,RockSlide,StompingTantrum|Adamant||M|||50|]Incineroar||SitrusBerry|Intimidate|FlareBlitz,ThroatChop,PartingShot,FakeOut|Impish||M|||50|]Toxapex||Leftovers|Regenerator|Toxic,Infestation,WideGuard,BanefulBunker|Bold||M|||50|
|showteam|p2|Charizard||CharizarditeY|Blaze|HeatWave,WeatherBall,SolarBeam,Protect|Modest||F|||50|]Incineroar||Charcoal|Intimidate|FlareBlitz,DarkestLariat,FakeOut,PartingShot|Brave||F|||50|]Sylveon||FairyFeather|Pixilate|HyperVoice,HyperBeam,QuickAttack,Protect|Modest||M|||50|]Farigiraf||SitrusBerry|ArmorTail|Psyshock,HelpingHand,TrickRoom,Protect|Calm||F|||50|]Garchomp||LifeOrb|RoughSkin|Earthquake,Protect,DragonClaw,StompingTantrum|Jolly||F|||50|]Aerodactyl||FocusSash|Unnerve|RockSlide,Tailwind,WideGuard,Protect|Jolly||F|||50|
|inactive|Battle timer is ON: inactive players will automatically lose when time's up. (requested by lux raymundi)
|
|t:|1783611842
|teamsize|p1|4
|teamsize|p2|4
|start
|switch|p1a: Garchomp|Garchomp, L50, M|100/100
|switch|p1b: Charizard|Charizard, L50, M|100/100
|switch|p2a: Aerodactyl|Aerodactyl, L50, F|100/100
|switch|p2b: Charizard|Charizard, L50, F|100/100
|-ability|p2a: Aerodactyl|Unnerve
|turn|1
|
|t:|1783611864
|detailschange|p1b: Charizard|Charizard-Mega-Y, L50, M
|-mega|p1b: Charizard|Charizard|Charizardite Y
|-weather|SunnyDay|[from] ability: Drought|[of] p1b: Charizard
|move|p2b: Charizard|Protect|p2b: Charizard
|-singleturn|p2b: Charizard|Protect
|move|p1b: Charizard|Protect|p1b: Charizard
|-singleturn|p1b: Charizard|Protect
|move|p1a: Garchomp|Rock Slide|p2b: Charizard|[spread] p2a
|-activate|p2b: Charizard|move: Protect
|-supereffective|p2a: Aerodactyl|1
|-damage|p2a: Aerodactyl|30/100
|cant|p2a: Aerodactyl|flinch
|
|-weather|SunnyDay|[upkeep]
|upkeep
|turn|2
|
|t:|1783611886
|detailschange|p2b: Charizard|Charizard-Mega-Y, L50, F
|-mega|p2b: Charizard|Charizard|Charizardite Y
|move|p2a: Aerodactyl|Wide Guard|p2a: Aerodactyl
|-singleturn|p2a: Aerodactyl|Wide Guard
|move|p1a: Garchomp|Rock Slide|p2a: Aerodactyl|[spread] 
|-activate|p2a: Aerodactyl|move: Wide Guard
|-activate|p2b: Charizard|move: Wide Guard
|move|p2b: Charizard|Solar Beam||[still]
|-prepare|p2b: Charizard|Solar Beam
|-anim|p2b: Charizard|Solar Beam|p1a: Garchomp
|-damage|p1a: Garchomp|52/100
|move|p1b: Charizard|Weather Ball|p2b: Charizard
|-resisted|p2b: Charizard|1
|-damage|p2b: Charizard|63/100
|
|-weather|SunnyDay|[upkeep]
|upkeep
|turn|3
|
|t:|1783611907
|switch|p1a: Incineroar|Incineroar, L50, M|100/100
|-ability|p1a: Incineroar|Intimidate|boost
|-unboost|p2a: Aerodactyl|atk|1
|-unboost|p2b: Charizard|atk|1
|move|p1b: Charizard|Protect|p1b: Charizard
|-singleturn|p1b: Charizard|Protect
|move|p2a: Aerodactyl|Rock Slide|p1a: Incineroar|[spread] p1a
|-activate|p1b: Charizard|move: Protect
|-supereffective|p1a: Incineroar|1
|-damage|p1a: Incineroar|70/100
|move|p2b: Charizard|Solar Beam||[still]
|-prepare|p2b: Charizard|Solar Beam
|-anim|p2b: Charizard|Solar Beam|p1a: Incineroar
|-resisted|p1a: Incineroar|1
|-damage|p1a: Incineroar|51/100
|
|-weather|SunnyDay|[upkeep]
|upkeep
|turn|4
|inactive|beni_9 has 30 seconds left.
|
|t:|1783611934
|switch|p2a: Garchomp|Garchomp, L50, F|100/100
|switch|p1b: Garchomp|Garchomp, L50, M|52/100
|move|p2b: Charizard|Protect|p2b: Charizard
|-singleturn|p2b: Charizard|Protect
|move|p1a: Incineroar|Parting Shot|p2b: Charizard
|-activate|p2b: Charizard|move: Protect
|
|-weather|SunnyDay|[upkeep]
|upkeep
|turn|5
|inactive|beni_9 has 30 seconds left.
|inactive|lux raymundi has 30 seconds left.
|inactive|lux raymundi has 20 seconds left.
|inactive|lux raymundi has 15 seconds left.
|
|t:|1783611976
|switch|p2b: Sylveon|Sylveon, L50, M|100/100
|move|p2a: Garchomp|Protect|p2a: Garchomp
|-singleturn|p2a: Garchomp|Protect
|move|p1b: Garchomp|Dragon Claw|p2a: Garchomp
|-activate|p2a: Garchomp|move: Protect
|move|p1a: Incineroar|Parting Shot|p2b: Sylveon
|-unboost|p2b: Sylveon|atk|1
|-unboost|p2b: Sylveon|spa|1
|
|t:|1783611986
|switch|p1a: Toxapex|Toxapex, L50, M|100/100|[from] Parting Shot
|
|-weather|none
|upkeep
|turn|6
|inactive|beni_9 has 30 seconds left.
|inactive|lux raymundi has 30 seconds left.
|inactive|beni_9 has 20 seconds left.
|inactive|beni_9 has 15 seconds left.
|
|t:|1783612027
|move|p1a: Toxapex|Wide Guard|p1a: Toxapex
|-singleturn|p1a: Toxapex|Wide Guard
|move|p1b: Garchomp|Dragon Claw|p2a: Garchomp
|-supereffective|p2a: Garchomp|1
|-damage|p2a: Garchomp|1/100
|-damage|p1b: Garchomp|40/100|[from] ability: Rough Skin|[of] p2a: Garchomp
|move|p2a: Garchomp|Stomping Tantrum|p1a: Toxapex
|-supereffective|p1a: Toxapex|1
|-damage|p1a: Toxapex|30/100
|-damage|p2a: Garchomp|0 fnt|[from] item: Life Orb
|faint|p2a: Garchomp
|move|p2b: Sylveon|Hyper Voice|p1b: Garchomp|[spread] 
|-activate|p1a: Toxapex|move: Wide Guard
|-activate|p1b: Garchomp|move: Wide Guard
|
|-heal|p1a: Toxapex|36/100|[from] item: Leftovers
|upkeep
|
|t:|1783612038
|switch|p2a: Aerodactyl|Aerodactyl, L50, F|30/100
|-ability|p2a: Aerodactyl|Unnerve
|turn|7
|
|t:|1783612066
|-heal|p1a: Toxapex|69/100|[from] ability: Regenerator|[silent]
|switch|p1a: Incineroar|Incineroar, L50, M|51/100
|-ability|p1a: Incineroar|Intimidate|boost
|-unboost|p2a: Aerodactyl|atk|1
|-unboost|p2b: Sylveon|atk|1
|move|p1b: Garchomp|Dragon Claw|p2a: Aerodactyl
|-damage|p2a: Aerodactyl|0 fnt
|faint|p2a: Aerodactyl
|move|p2b: Sylveon|Hyper Voice|p1a: Incineroar|[spread] p1a,p1b
|-supereffective|p1b: Garchomp|1
|-damage|p1a: Incineroar|24/100
|-damage|p1b: Garchomp|0 fnt
|-enditem|p1a: Incineroar|Sitrus Berry|[eat]
|-heal|p1a: Incineroar|49/100|[from] item: Sitrus Berry
|faint|p1b: Garchomp
|
|upkeep
|
|t:|1783612084
|switch|p2a: Charizard|Charizard-Mega-Y, L50, F|63/100
|switch|p1b: Charizard|Charizard-Mega-Y, L50, M|100/100
|-weather|SunnyDay|[from] ability: Drought|[of] p2a: Charizard
|turn|8
|
|t:|1783612100
|switch|p1a: Toxapex|Toxapex, L50, M|69/100
|move|p2a: Charizard|Heat Wave|p1b: Charizard|[spread] p1a,p1b
|-resisted|p1a: Toxapex|1
|-resisted|p1b: Charizard|1
|-damage|p1a: Toxapex|45/100
|-damage|p1b: Charizard|71/100
|move|p1b: Charizard|Heat Wave|p2b: Sylveon|[spread] p2a,p2b
|-resisted|p2a: Charizard|1
|-damage|p2a: Charizard|36/100
|-damage|p2b: Sylveon|47/100
|-status|p2b: Sylveon|brn
|move|p2b: Sylveon|Hyper Voice|p1a: Toxapex|[spread] p1a,p1b
|-resisted|p1a: Toxapex|1
|-resisted|p1b: Charizard|1
|-damage|p1a: Toxapex|33/100
|-damage|p1b: Charizard|58/100
|
|-weather|SunnyDay|[upkeep]
|-heal|p1a: Toxapex|39/100|[from] item: Leftovers
|-damage|p2b: Sylveon|41/100 brn|[from] brn
|upkeep
|turn|9
|
|t:|1783612120
|-heal|p1a: Toxapex|72/100|[from] ability: Regenerator|[silent]
|switch|p1a: Incineroar|Incineroar, L50, M|49/100
|-ability|p1a: Incineroar|Intimidate|boost
|-unboost|p2a: Charizard|atk|1
|-unboost|p2b: Sylveon|atk|1
|move|p1b: Charizard|Protect|p1b: Charizard
|-singleturn|p1b: Charizard|Protect
|move|p2b: Sylveon|Protect|p2b: Sylveon
|-singleturn|p2b: Sylveon|Protect
|move|p2a: Charizard|Weather Ball|p1b: Charizard
|-activate|p1b: Charizard|move: Protect
|
|-weather|SunnyDay|[upkeep]
|-damage|p2b: Sylveon|35/100 brn|[from] brn
|upkeep
|turn|10
|
|t:|1783612137
|move|p1a: Incineroar|Fake Out|p2b: Sylveon
|-damage|p2b: Sylveon|24/100 brn
|move|p2a: Charizard|Heat Wave|p1b: Charizard|[spread] p1a,p1b
|-resisted|p1a: Incineroar|1
|-resisted|p1b: Charizard|1
|-damage|p1a: Incineroar|23/100
|-damage|p1b: Charizard|30/100
|move|p1b: Charizard|Heat Wave|p2a: Charizard|[spread] 
|-miss|p1b: Charizard|p2a: Charizard
|-miss|p1b: Charizard|p2b: Sylveon
|cant|p2b: Sylveon|flinch
|
|-weather|SunnyDay|[upkeep]
|-damage|p2b: Sylveon|18/100 brn|[from] brn
|upkeep
|turn|11
|inactive|beni_9 has 30 seconds left.
|
|t:|1783612171
|move|p1b: Charizard|Protect|p1b: Charizard
|-singleturn|p1b: Charizard|Protect
|move|p2b: Sylveon|Quick Attack|p1b: Charizard
|-activate|p1b: Charizard|move: Protect
|move|p2a: Charizard|Heat Wave|p1b: Charizard|[spread] p1a
|-activate|p1b: Charizard|move: Protect
|-resisted|p1a: Incineroar|1
|-crit|p1a: Incineroar
|-damage|p1a: Incineroar|0 fnt
|faint|p1a: Incineroar
|
|-weather|SunnyDay|[upkeep]
|-damage|p2b: Sylveon|12/100 brn|[from] brn
|upkeep
|
|t:|1783612182
|switch|p1a: Toxapex|Toxapex, L50, M|72/100
|turn|12
|
|t:|1783612198
|move|p2a: Charizard|Weather Ball|p1b: Charizard
|-resisted|p1b: Charizard|1
|-damage|p1b: Charizard|0 fnt
|faint|p1b: Charizard
|move|p2b: Sylveon|Hyper Beam|p1a: Toxapex|[miss]
|-miss|p2b: Sylveon|p1a: Toxapex
|move|p1a: Toxapex|Toxic|p2a: Charizard
|-status|p2a: Charizard|tox
|
|-weather|none
|-heal|p1a: Toxapex|78/100|[from] item: Leftovers
|-damage|p2a: Charizard|30/100 tox|[from] psn
|-damage|p2b: Sylveon|6/100 brn|[from] brn
|upkeep
|turn|13
|
|t:|1783612217
|move|p1a: Toxapex|Baneful Bunker|p1a: Toxapex
|-singleturn|p1a: Toxapex|move: Protect
|move|p2a: Charizard|Solar Beam||[still]
|-prepare|p2a: Charizard|Solar Beam
|move|p2b: Sylveon|Hyper Beam|p1a: Toxapex
|-activate|p1a: Toxapex|move: Protect
|
|-heal|p1a: Toxapex|84/100|[from] item: Leftovers
|-damage|p2a: Charizard|18/100 tox|[from] psn
|-damage|p2b: Sylveon|1/100 brn|[from] brn
|upkeep
|turn|14
|
|t:|1783612234
|move|p1a: Toxapex|Baneful Bunker||[still]
|-fail|p1a: Toxapex
|move|p2a: Charizard|Solar Beam|p1a: Toxapex|[from] lockedmove
|-damage|p1a: Toxapex|49/100
|move|p2b: Sylveon|Hyper Beam|p1a: Toxapex
|-resisted|p1a: Toxapex|1
|-damage|p1a: Toxapex|21/100
|-mustrecharge|p2b: Sylveon
|
|-heal|p1a: Toxapex|26/100|[from] item: Leftovers
|-damage|p2a: Charizard|1/100 tox|[from] psn
|-damage|p2b: Sylveon|0 fnt|[from] brn
|faint|p2b: Sylveon
|upkeep
|turn|15
|
|t:|1783612246
|move|p1a: Toxapex|Baneful Bunker|p1a: Toxapex
|-singleturn|p1a: Toxapex|move: Protect
|move|p2a: Charizard|Heat Wave|p1a: Toxapex
|-activate|p1a: Toxapex|move: Protect
|
|-heal|p1a: Toxapex|32/100|[from] item: Leftovers
|-damage|p2a: Charizard|0 fnt|[from] psn
|faint|p2a: Charizard
|
|win|beni_9
