|j|☆MrMrvz
|j|☆carmelotb
|html|MrMrvzcarmelotb    
|uhtml|bestof|Game 2 of a best-of-3
|t:|1785772202
|gametype|doubles
|player|p1|MrMrvz|ethan|1188
|player|p2|carmelotb|pilot|1145
|gen|9
|tier|[Gen 9 Champions] VGC 2026 Reg M-B (Bo3)
|rated|
|rule|Species Clause: Limit one of each Pokémon
|rule|Item Clause: Limit 1 of each item
|clearpoke
|poke|p1|Feraligatr, L50, M, shiny|
|poke|p1|Staraptor, L50, F|
|poke|p1|Whimsicott, L50, F|
|poke|p1|Glimmora, L50, M|
|poke|p1|Delphox, L50, F|
|poke|p1|Kingambit, L50, M, shiny|
|poke|p2|Staraptor, L50, F|
|poke|p2|Tyranitar, L50, M|
|poke|p2|Venusaur, L50, F|
|poke|p2|Milotic, L50, M|
|poke|p2|Excadrill, L50, M|
|poke|p2|Sinistcha-Masterpiece, L50|
|teampreview|4
|showteam|p1|Feraligatr||LifeOrb|SheerForce|Liquidation,RockSlide,IcePunch,AquaJet|Adamant||M|||50|]Staraptor||Staraptite|Intimidate|BraveBird,CloseCombat,Roost,Protect|Jolly||F|||50|]Whimsicott||OccaBerry|Prankster|Tailwind,Moonblast,Charm,LightScreen|Timid||F|||50|]Glimmora||FocusSash|ToxicDebris|PowerGem,SludgeBomb,EarthPower,SpikyShield|Modest||M|||50|]Delphox||Delphoxite|Blaze|HeatWave,Psychic,Encore,Protect|Timid||F|||50|]Kingambit||ChopleBerry|Defiant|KowtowCleave,IronHead,LowKick,SuckerPunch|Adamant||M|||50|
|showteam|p2|Staraptor||Staraptite|Intimidate|Tailwind,CloseCombat,BraveBird,Protect|Jolly||F|||50|]Tyranitar||ChoiceScarf|SandStream|RockSlide,HighHorsepower,KnockOff,IcePunch|Jolly||M|||50|]Venusaur||Venusaurite|Chlorophyll|EarthPower,GigaDrain,SludgeBomb,Protect|Modest||F|||50|]Milotic||Leftovers|Competitive|Scald,IcyWind,Protect,Recover|Calm||M|||50|]Excadrill||FocusSash|SandRush|Earthquake,RockSlide,IronHead,Protect|Adamant||M|||50|]Sinistcha-Masterpiece||SitrusBerry|Hospitality|MatchaGotcha,RagePowder,LifeDew,TrickRoom|Bold|||||50|
|inactive|Battle timer is ON: inactive players will automatically lose when time's up. (requested by carmelotb)
|
|t:|1785772247
|teamsize|p1|4
|teamsize|p2|4
|start
|switch|p1a: Whimsicott|Whimsicott, L50, F|100/100
|switch|p1b: Feraligatr|Feraligatr, L50, M, shiny|100/100
|switch|p2a: Staraptor|Staraptor, L50, F|100/100
|switch|p2b: Milotic|Milotic, L50, M|100/100
|-ability|p2a: Staraptor|Intimidate|boost
|-unboost|p1a: Whimsicott|atk|1
|-unboost|p1b: Feraligatr|atk|1
|turn|1
|inactive|MrMrvz has 30 seconds left.
|inactive|carmelotb has 30 seconds left.
|inactive|carmelotb has 20 seconds left.
|inactive|carmelotb has 15 seconds left.
|inactive|carmelotb has 10 seconds left.
|inactive|carmelotb has 5 seconds left.
|
|t:|1785772302
|move|p1a: Whimsicott|Tailwind|p1a: Whimsicott
|-sidestart|p1: MrMrvz|move: Tailwind
|move|p1b: Feraligatr|Rock Slide|p2a: Staraptor|[spread] p2a,p2b
|-supereffective|p2a: Staraptor|1
|-damage|p2a: Staraptor|56/100
|-damage|p2b: Milotic|78/100
|move|p2a: Staraptor|Tailwind|p2a: Staraptor
|-sidestart|p2: carmelotb|move: Tailwind
|move|p2b: Milotic|Scald|p1b: Feraligatr
|-resisted|p1b: Feraligatr|1
|-damage|p1b: Feraligatr|87/100
|-status|p1b: Feraligatr|brn
|
|-heal|p2b: Milotic|84/100|[from] item: Leftovers
|-damage|p1b: Feraligatr|81/100 brn|[from] brn
|upkeep
|turn|2
|inactive|MrMrvz has 30 seconds left.
|
|t:|1785772330
|move|p2a: Staraptor|Protect|p2a: Staraptor
|-singleturn|p2a: Staraptor|Protect
|move|p1a: Whimsicott|Light Screen|p1a: Whimsicott
|-sidestart|p1: MrMrvz|move: Light Screen
|move|p2b: Milotic|Icy Wind|p1b: Feraligatr|[spread] p1a
|-miss|p2b: Milotic|p1b: Feraligatr
|-supereffective|p1a: Whimsicott|1
|-damage|p1a: Whimsicott|80/100
|-unboost|p1a: Whimsicott|spe|1
|move|p1b: Feraligatr|Rock Slide|p2a: Staraptor|[spread] p2b
|-activate|p2a: Staraptor|move: Protect
|-damage|p2b: Milotic|75/100
|
|-heal|p2b: Milotic|81/100|[from] item: Leftovers
|-damage|p1b: Feraligatr|75/100 brn|[from] brn
|upkeep
|turn|3
|inactive|MrMrvz has 30 seconds left.
|inactive|carmelotb has 30 seconds left.
|inactive|MrMrvz has 20 seconds left.
|inactive|carmelotb has 20 seconds left.
|inactive|carmelotb has 15 seconds left.
|inactive|carmelotb has 10 seconds left.
|inactive|MrMrvz has 15 seconds left.
|inactive|carmelotb has 5 seconds left.
|inactive|MrMrvz has 10 seconds left.
|inactive|MrMrvz has 5 seconds left.
|
|t:|1785772391
|switch|p2a: Venusaur|Venusaur, L50, F|100/100
|switch|p1b: Staraptor|Staraptor, L50, F|100/100
|-ability|p1b: Staraptor|Intimidate|boost
|-unboost|p2a: Venusaur|atk|1
|-unboost|p2b: Milotic|atk|1
|-ability|p2b: Milotic|Competitive|boost
|-boost|p2b: Milotic|spa|2
|move|p1a: Whimsicott|Moonblast|p2b: Milotic
|-damage|p2b: Milotic|66/100
|move|p2b: Milotic|Icy Wind|p1b: Staraptor|[spread] p1a,p1b
|-supereffective|p1a: Whimsicott|1
|-supereffective|p1b: Staraptor|1
|-damage|p1a: Whimsicott|43/100
|-damage|p1b: Staraptor|63/100
|-unboost|p1a: Whimsicott|spe|1
|-unboost|p1b: Staraptor|spe|1
|
|-heal|p2b: Milotic|72/100|[from] item: Leftovers
|upkeep
|turn|4
|inactive|MrMrvz has 30 seconds left.
|
|t:|1785772420
|detailschange|p1b: Staraptor|Staraptor-Mega, L50, F
|-mega|p1b: Staraptor|Staraptor|Staraptite
|detailschange|p2a: Venusaur|Venusaur-Mega, L50, F
|-mega|p2a: Venusaur|Venusaur|Venusaurite
|move|p2a: Venusaur|Protect|p2a: Venusaur
|-singleturn|p2a: Venusaur|Protect
|move|p1a: Whimsicott|Charm|p1b: Staraptor
|-boost|p1b: Staraptor|atk|2
|move|p1b: Staraptor|Close Combat|p2b: Milotic
|-damage|p2b: Milotic|0 fnt
|-boost|p1b: Staraptor|def|1
|-boost|p1b: Staraptor|spd|1
|faint|p2b: Milotic
|
|-sideend|p1: MrMrvz|move: Tailwind
|-sideend|p2: carmelotb|move: Tailwind
|upkeep
|
|t:|1785772438
|switch|p2b: Sinistcha|Sinistcha-Masterpiece, L50|100/100
|turn|5
|inactive|MrMrvz has 30 seconds left.
|
|t:|1785772471
|move|p2b: Sinistcha|Rage Powder|p2b: Sinistcha
|-singleturn|p2b: Sinistcha|move: Rage Powder
|move|p1a: Whimsicott|Charm|p1b: Staraptor
|-boost|p1b: Staraptor|atk|2
|move|p1b: Staraptor|Brave Bird|p2b: Sinistcha
|-supereffective|p2b: Sinistcha|1
|-damage|p2b: Sinistcha|0 fnt
|faint|p2b: Sinistcha
|-damage|p1b: Staraptor|31/100|[from] Recoil
|move|p2a: Venusaur|Sludge Bomb|p1b: Staraptor
|-damage|p1b: Staraptor|9/100
|
|upkeep
|
|t:|1785772485
|switch|p2b: Staraptor|Staraptor, L50, F|56/100
|-ability|p2b: Staraptor|Intimidate|boost
|-unboost|p1a: Whimsicott|atk|1
|-boost|p1b: Staraptor|atk|1
|turn|6
|l|☆carmelotb
|inactive|carmelotb disconnected and has a minute to reconnect!
|player|p2|
|
|t:|1785772508
|move|p1b: Staraptor|Protect|p1b: Staraptor
|-singleturn|p1b: Staraptor|Protect
|move|p1a: Whimsicott|Tailwind|p1a: Whimsicott
|-sidestart|p1: MrMrvz|move: Tailwind
|move|p2b: Staraptor|Tailwind|p2b: Staraptor
|-sidestart|p2: carmelotb|move: Tailwind
|move|p2a: Venusaur|Sludge Bomb|p1b: Staraptor
|-activate|p1b: Staraptor|move: Protect
|
|-sideend|p1: MrMrvz|move: Light Screen
|upkeep
|turn|7
|inactive|MrMrvz has 30 seconds left.
|inactive|carmelotb has 30 seconds left.
|inactive|carmelotb has 20 seconds left.
|inactive|MrMrvz has 20 seconds left.
|inactive|carmelotb has 15 seconds left.
|inactive|MrMrvz has 15 seconds left.
|inactive|carmelotb has 10 seconds left.
|inactive|MrMrvz has 10 seconds left.
|inactive|carmelotb has 5 seconds left.
|inactive|MrMrvz has 5 seconds left.
|-message|carmelotb lost due to inactivity.
|
|win|MrMrvz
||MrMrvz is ready for game 3.
|raw|MrMrvz's rating: 1188 → 1210(+22 for winning)
|raw|carmelotb's rating: 1145 → 1123(-22 for losing)
