|j|☆shaboogles
|j|☆Mega Chime Time
|html|shabooglesMega Chime Time    
|uhtml|bestof|Game 1 of a best-of-3
|t:|1783530068
|gametype|doubles
|player|p1|shaboogles|furisodegirl-white|
|player|p2|Mega Chime Time|miku-flying|
|gen|9
|tier|[Gen 9 Champions] VGC 2026 Reg M-B (Bo3)
|rule|Species Clause: Limit one of each Pokémon
|rule|Item Clause: Limit 1 of each item
|clearpoke
|poke|p1|Chandelure, L50, M|
|poke|p1|Garganacl, L50, F|
|poke|p1|Greninja, L50, M|
|poke|p1|Rotom-Mow, L50|
|poke|p1|Krookodile, L50, F|
|poke|p1|Ariados, L50, M|
|poke|p2|Altaria, L50, F|
|poke|p2|Salazzle, L50, F|
|poke|p2|Blastoise, L50, F|
|poke|p2|Rotom-Mow, L50, shiny|
|poke|p2|Skarmory, L50, M|
|poke|p2|Mudsdale, L50, M|
|teampreview|4
|showteam|p1|Chandelure||Chandelurite|Infiltrator|HeatWave,ShadowBall,TrickRoom,Protect|Modest||M|||50|]Garganacl||Leftovers|PurifyingSalt|WideGuard,SaltCure,Recover,Protect|Sassy||F|||50|]Greninja||Greninjite|Torrent|IcyWind,Protect,HydroPump,DarkPulse|Timid||M|||50|]Rotom-Mow||ChoiceScarf|Levitate|Thunderbolt,LeafStorm,Electroweb,Trick|Timid|||||50|]Krookodile||PasshoBerry|Intimidate|Crunch,Taunt,Protect,HighHorsepower|Adamant||F|||50|]Ariados||ScopeLens|Sniper|CrossPoison,Protect,RagePowder,KnockOff|Impish||M|||50|
|showteam|p2|Altaria||Altarianite|NaturalCure|HyperVoice,Roost,WillOWisp,Protect|Modest||F|||50|]Salazzle||FocusSash|Corrosion|FakeOut,HeatWave,Encore,Protect|Hasty||F|||50|]Blastoise||SitrusBerry|RainDish|FakeOut,WaveCrash,Yawn,LifeDew|Adamant||F|||50|]Rotom-Mow||ChoiceScarf|Levitate|Electroweb,Trick,LeafStorm,Thunderbolt|Timid|||||50|]Skarmory||Skarmorite|Sturdy|Tailwind,IronHead,BraveBird,Protect|Jolly||M|||50|]Mudsdale||Leftovers|Stamina|BodyPress,HighHorsepower,HeavySlam,Protect|Adamant||M|||50|
|inactive|Battle timer is ON: inactive players will automatically lose when time's up. (requested by Mega Chime Time)
|inactive|shaboogles has 60 seconds left.
|inactive|Mega Chime Time has 60 seconds left.
|
|t:|1783530121
|teamsize|p1|4
|teamsize|p2|4
|start
|switch|p1a: Garganacl|Garganacl, L50, F|100/100
|switch|p1b: Rotom|Rotom-Mow, L50|100/100
|switch|p2a: Altaria|Altaria, L50, F|100/100
|switch|p2b: Blastoise|Blastoise, L50, F|100/100
|turn|1
|inactive|Mega Chime Time has 30 seconds left.
|
|t:|1783530150
|detailschange|p2a: Altaria|Altaria-Mega, L50, F
|-mega|p2a: Altaria|Altaria|Altarianite
|move|p1b: Rotom|Leaf Storm|p2b: Blastoise
|-supereffective|p2b: Blastoise|1
|-damage|p2b: Blastoise|0 fnt
|-unboost|p1b: Rotom|spa|2
|faint|p2b: Blastoise
|move|p2a: Altaria|Hyper Voice|p1b: Rotom|[spread] p1a,p1b
|-damage|p1a: Garganacl|69/100
|-damage|p1b: Rotom|47/100
|move|p1a: Garganacl|Salt Cure|p2a: Altaria
|-damage|p2a: Altaria|85/100
|-start|p2a: Altaria|Salt Cure
|
|-heal|p1a: Garganacl|74/100|[from] item: Leftovers
|-damage|p2a: Altaria|79/100|[from] Salt Cure
|upkeep
|
|t:|1783530160
|switch|p2b: Rotom|Rotom-Mow, L50, shiny|100/100
|turn|2
|
|t:|1783530184
|switch|p1b: Chandelure|Chandelure, L50, M|100/100
|switch|p2a: Mudsdale|Mudsdale, L50, M|100/100
|move|p1a: Garganacl|Protect|p1a: Garganacl
|-singleturn|p1a: Garganacl|Protect
|move|p2b: Rotom|Leaf Storm|p1a: Garganacl
|-activate|p1a: Garganacl|move: Protect
|
|-heal|p1a: Garganacl|80/100|[from] item: Leftovers
|upkeep
|turn|3
|inactive|shaboogles has 30 seconds left.
|inactive|shaboogles has 20 seconds left.
|
|t:|1783530221
|switch|p2b: Altaria|Altaria-Mega, L50, F|79/100
|switch|p1b: Rotom|Rotom-Mow, L50|47/100
|move|p2a: Mudsdale|High Horsepower|p1b: Rotom
|-immune|p1b: Rotom|[from] ability: Levitate
|move|p1a: Garganacl|Salt Cure|p2b: Altaria
|-damage|p2b: Altaria|65/100
|-start|p2b: Altaria|Salt Cure
|
|-heal|p1a: Garganacl|86/100|[from] item: Leftovers
|-damage|p2b: Altaria|59/100|[from] Salt Cure
|upkeep
|turn|4
|
|t:|1783530241
|switch|p2a: Rotom|Rotom-Mow, L50, shiny|100/100
|move|p1a: Garganacl|Wide Guard|p1a: Garganacl
|-singleturn|p1a: Garganacl|Wide Guard
|move|p1b: Rotom|Leaf Storm|p2a: Rotom
|-resisted|p2a: Rotom|1
|-damage|p2a: Rotom|61/100
|-unboost|p1b: Rotom|spa|2
|move|p2b: Altaria|Hyper Voice|p1b: Rotom|[spread] 
|-activate|p1a: Garganacl|move: Wide Guard
|-activate|p1b: Rotom|move: Wide Guard
|
|-heal|p1a: Garganacl|92/100|[from] item: Leftovers
|-damage|p2b: Altaria|53/100|[from] Salt Cure
|upkeep
|turn|5
|
|t:|1783530257
|switch|p1b: Chandelure|Chandelure, L50, M|100/100
|move|p1a: Garganacl|Protect||[still]
|-fail|p1a: Garganacl
|move|p2a: Rotom|Trick|p1a: Garganacl
|-activate|p2a: Rotom|move: Trick|[of] p1a: Garganacl
|-item|p1a: Garganacl|Choice Scarf|[from] move: Trick
|-item|p2a: Rotom|Leftovers|[from] move: Trick
|move|p2b: Altaria|Roost|p2b: Altaria
|-heal|p2b: Altaria|100/100
|-singleturn|p2b: Altaria|move: Roost
|
|-heal|p2a: Rotom|67/100|[from] item: Leftovers
|-damage|p2b: Altaria|93/100|[from] Salt Cure
|upkeep
|turn|6
|inactive|shaboogles has 30 seconds left.
|inactive|Mega Chime Time has 30 seconds left.
|
|t:|1783530286
|switch|p2a: Mudsdale|Mudsdale, L50, M|100/100
|detailschange|p1b: Chandelure|Chandelure-Mega, L50, M
|-mega|p1b: Chandelure|Chandelure|Chandelurite
|move|p1b: Chandelure|Shadow Ball|p2a: Mudsdale
|-damage|p2a: Mudsdale|46/100
|-unboost|p2a: Mudsdale|spd|1
|-ability|p2a: Mudsdale|Stamina|boost
|-boost|p2a: Mudsdale|def|1
|move|p2b: Altaria|Hyper Voice|p1b: Chandelure|[spread] p1a,p1b
|-resisted|p1b: Chandelure|1
|-damage|p1a: Garganacl|63/100
|-damage|p1b: Chandelure|80/100
|move|p1a: Garganacl|Salt Cure|p2b: Altaria
|-damage|p2b: Altaria|81/100
|
|-heal|p2a: Mudsdale|52/100|[from] item: Leftovers
|-damage|p2b: Altaria|75/100|[from] Salt Cure
|upkeep
|turn|7
|
|t:|1783530310
|switch|p2a: Rotom|Rotom-Mow, L50, shiny|67/100
|move|p1b: Chandelure|Shadow Ball|p2a: Rotom
|-damage|p2a: Rotom|0 fnt
|faint|p2a: Rotom
|move|p2b: Altaria|Hyper Voice|p1b: Chandelure|[spread] p1a,p1b
|-resisted|p1b: Chandelure|1
|-damage|p1a: Garganacl|32/100
|-damage|p1b: Chandelure|60/100
|move|p1a: Garganacl|Salt Cure|p2b: Altaria
|-damage|p2b: Altaria|62/100
|
|-damage|p2b: Altaria|56/100|[from] Salt Cure
|upkeep
|
|t:|1783530312
|switch|p2a: Mudsdale|Mudsdale, L50, M|52/100
|turn|8
|
|t:|1783530322
|move|p2a: Mudsdale|Protect|p2a: Mudsdale
|-singleturn|p2a: Mudsdale|Protect
|move|p1b: Chandelure|Shadow Ball|p2a: Mudsdale
|-activate|p2a: Mudsdale|move: Protect
|move|p2b: Altaria|Roost|p2b: Altaria
|-heal|p2b: Altaria|100/100
|-singleturn|p2b: Altaria|move: Roost
|move|p1a: Garganacl|Salt Cure|p2b: Altaria
|-damage|p2b: Altaria|87/100
|
|-heal|p2a: Mudsdale|57/100|[from] item: Leftovers
|-damage|p2b: Altaria|81/100|[from] Salt Cure
|upkeep
|turn|9
|
|t:|1783530339
|move|p1b: Chandelure|Shadow Ball|p2a: Mudsdale
|-damage|p2a: Mudsdale|6/100
|-ability|p2a: Mudsdale|Stamina|boost
|-boost|p2a: Mudsdale|def|1
|move|p2b: Altaria|Hyper Voice|p1a: Garganacl|[spread] p1a,p1b
|-resisted|p1b: Chandelure|1
|-damage|p1a: Garganacl|4/100
|-damage|p1b: Chandelure|37/100
|move|p1a: Garganacl|Salt Cure|p2a: Mudsdale
|-resisted|p2a: Mudsdale|1
|-damage|p2a: Mudsdale|2/100
|-start|p2a: Mudsdale|Salt Cure
|-ability|p2a: Mudsdale|Stamina|boost
|-boost|p2a: Mudsdale|def|1
|move|p2a: Mudsdale|High Horsepower|p1b: Chandelure
|-supereffective|p1b: Chandelure|1
|-damage|p1b: Chandelure|0 fnt
|faint|p1b: Chandelure
|
|-heal|p2a: Mudsdale|8/100|[from] item: Leftovers
|-damage|p2b: Altaria|75/100|[from] Salt Cure
|-damage|p2a: Mudsdale|2/100|[from] Salt Cure
|upkeep
|
|t:|1783530346
|switch|p1b: Greninja|Greninja, L50, M|100/100
|turn|10
|
|t:|1783530369
|switch|p1a: Rotom|Rotom-Mow, L50|47/100
|move|p1b: Greninja|Protect|p1b: Greninja
|-singleturn|p1b: Greninja|Protect
|move|p2b: Altaria|Protect|p2b: Altaria
|-singleturn|p2b: Altaria|Protect
|move|p2a: Mudsdale|Protect||[still]
|-fail|p2a: Mudsdale
|
|-heal|p2a: Mudsdale|8/100|[from] item: Leftovers
|-damage|p2b: Altaria|69/100|[from] Salt Cure
|-damage|p2a: Mudsdale|2/100|[from] Salt Cure
|upkeep
|turn|11
|
|t:|1783530393
|move|p1a: Rotom|Thunderbolt|p2b: Altaria
|-resisted|p2b: Altaria|1
|-damage|p2b: Altaria|49/100
|-status|p2b: Altaria|par
|move|p1b: Greninja|Icy Wind|p2a: Mudsdale|[spread] p2a,p2b
|-supereffective|p2a: Mudsdale|1
|-supereffective|p2b: Altaria|1
|-damage|p2a: Mudsdale|0 fnt
|-damage|p2b: Altaria|24/100 par
|-unboost|p2b: Altaria|spe|1
|faint|p2a: Mudsdale
|move|p2b: Altaria|Hyper Voice|p1b: Greninja|[spread] p1a,p1b
|-supereffective|p1b: Greninja|1
|-damage|p1a: Rotom|0 fnt
|-damage|p1b: Greninja|0 fnt
|faint|p1a: Rotom
|faint|p1b: Greninja
|
|-damage|p2b: Altaria|18/100 par|[from] Salt Cure
|upkeep
|
|t:|1783530395
|switch|p1b: Garganacl|Garganacl, L50, F|4/100
|turn|12
|
|t:|1783530405
|move|p1b: Garganacl|Salt Cure|p2b: Altaria
|-damage|p2b: Altaria|4/100 par
|move|p2b: Altaria|Roost|p2b: Altaria
|-heal|p2b: Altaria|54/100 par
|-singleturn|p2b: Altaria|move: Roost
|
|-damage|p2b: Altaria|48/100 par|[from] Salt Cure
|upkeep
|turn|13
|
|t:|1783530410
|move|p1b: Garganacl|Salt Cure|p2b: Altaria
|-crit|p2b: Altaria
|-damage|p2b: Altaria|26/100 par
|move|p2b: Altaria|Hyper Voice|p1b: Garganacl
|-damage|p1b: Garganacl|0 fnt
|faint|p1b: Garganacl
|
|win|Mega Chime Time
||Mega Chime Time is ready for game 2.
||shaboogles is ready for game 2.
|uhtml|next|Next: Game 2 of 3
|l|☆Mega Chime Time
|player|p2|
|n|☆shaboogles|shaboogles
