|j|☆zileu
|j|☆ferchoxx
|html|zileuferchoxx    
|uhtml|bestof|Game 3 of a best-of-3
|t:|1786036050
|gametype|doubles
|player|p1|zileu|cyclist-gen4|1199
|player|p2|ferchoxx|ghetsis|1378
|gen|9
|tier|[Gen 9 Champions] VGC 2026 Reg M-B (Bo3)
|rated|
|rule|Species Clause: Limit one of each Pokémon
|rule|Item Clause: Limit 1 of each item
|clearpoke
|poke|p1|Raichu, L50, M|
|poke|p1|Staraptor, L50, F|
|poke|p1|Farigiraf, L50, M|
|poke|p1|Kingambit, L50, M|
|poke|p1|Sylveon, L50, M|
|poke|p1|Incineroar, L50, F|
|poke|p2|Tyranitar, L50, F|
|poke|p2|Staraptor, L50, M|
|poke|p2|Excadrill, L50, F|
|poke|p2|Gholdengo, L50|
|poke|p2|Milotic, L50, M|
|poke|p2|Sinistcha, L50|
|teampreview|4
|showteam|p1|Raichu||RaichuniteY|LightningRod|Protect,ZapCannon,FocusBlast,FakeOut|Timid||M|||50|]Staraptor||Staraptite|Intimidate|CloseCombat,Roost,BraveBird,Protect|Jolly||F|||50|]Farigiraf||ColburBerry|ArmorTail|TrickRoom,HelpingHand,Psychic,Protect|Quiet||M|||50|]Kingambit||BlackGlasses|Defiant|SwordsDance,SuckerPunch,KowtowCleave,Protect|Brave||M|||50|]Sylveon||FairyFeather|Pixilate|HyperBeam,HyperVoice,Protect,QuickAttack|Quiet||M|||50|]Incineroar||SitrusBerry|Intimidate|FakeOut,PartingShot,ThroatChop,FlareBlitz|Brave||F|||50|
|showteam|p2|Tyranitar||Tyranitarite|SandStream|RockSlide,KnockOff,HighHorsepower,Protect|Adamant||F|||50|]Staraptor||Staraptite|Intimidate|BraveBird,CloseCombat,Tailwind,Protect|Jolly||M|||50|]Excadrill||FocusSash|SandRush|HighHorsepower,IronHead,RockSlide,Protect|Jolly||F|||50|]Gholdengo||LifeOrb|GoodasGold|MakeItRain,ShadowBall,NastyPlot,Protect|Timid|||||50|]Milotic||SitrusBerry|Competitive|Protect,IceBeam,Scald,IcyWind|Bold||M|||50|]Sinistcha||ColburBerry|Hospitality|MatchaGotcha,RagePowder,TrickRoom,Protect|Bold|||||50|
|inactive|Battle timer is ON: inactive players will automatically lose when time's up. (requested by ferchoxx)
|
|t:|1786036077
|teamsize|p1|4
|teamsize|p2|4
|start
|switch|p1a: Kingambit|Kingambit, L50, M|100/100
|switch|p1b: Staraptor|Staraptor, L50, F|100/100
|switch|p2a: Staraptor|Staraptor, L50, M|100/100
|switch|p2b: Excadrill|Excadrill, L50, F|100/100
|-ability|p2a: Staraptor|Intimidate|boost
|-unboost|p1a: Kingambit|atk|1
|-ability|p1a: Kingambit|Defiant|boost
|-boost|p1a: Kingambit|atk|2
|-unboost|p1b: Staraptor|atk|1
|-ability|p1b: Staraptor|Intimidate|boost
|-unboost|p2a: Staraptor|atk|1
|-unboost|p2b: Excadrill|atk|1
|turn|1
|inactive|zileu has 30 seconds left.
|inactive|ferchoxx has 30 seconds left.
|inactive|ferchoxx has 20 seconds left.
|inactive|ferchoxx has 15 seconds left.
|inactive|ferchoxx has 10 seconds left.
|
|t:|1786036124
|switch|p2b: Tyranitar|Tyranitar, L50, F|100/100
|-weather|Sandstorm|[from] ability: Sand Stream|[of] p2b: Tyranitar
|switch|p1a: Incineroar|Incineroar, L50, F|100/100
|-ability|p1a: Incineroar|Intimidate|boost
|-unboost|p2a: Staraptor|atk|1
|-unboost|p2b: Tyranitar|atk|1
|detailschange|p1b: Staraptor|Staraptor-Mega, L50, F
|-mega|p1b: Staraptor|Staraptor|Staraptite
|detailschange|p2a: Staraptor|Staraptor-Mega, L50, M
|-mega|p2a: Staraptor|Staraptor|Staraptite
|move|p2a: Staraptor|Close Combat|p1b: Staraptor
|-resisted|p1b: Staraptor|1
|-damage|p1b: Staraptor|85/100
|-boost|p2a: Staraptor|def|1
|-boost|p2a: Staraptor|spd|1
|move|p1b: Staraptor|Close Combat|p2b: Tyranitar
|-supereffective|p2b: Tyranitar|2
|-damage|p2b: Tyranitar|0 fnt
|-boost|p1b: Staraptor|def|1
|-boost|p1b: Staraptor|spd|1
|faint|p2b: Tyranitar
|
|-weather|Sandstorm|[upkeep]
|-damage|p2a: Staraptor|94/100|[from] Sandstorm
|-damage|p1b: Staraptor|79/100|[from] Sandstorm
|-damage|p1a: Incineroar|94/100|[from] Sandstorm
|upkeep
|inactive|ferchoxx has 30 seconds left.
|
|t:|1786036149
|switch|p2b: Gholdengo|Gholdengo, L50|100/100
|turn|2
|
|t:|1786036159
|move|p2a: Staraptor|Close Combat|p1a: Incineroar
|-supereffective|p1a: Incineroar|1
|-crit|p1a: Incineroar
|-damage|p1a: Incineroar|0 fnt
|-boost|p2a: Staraptor|def|1
|-boost|p2a: Staraptor|spd|1
|faint|p1a: Incineroar
|move|p1b: Staraptor|Brave Bird|p2a: Staraptor
|-supereffective|p2a: Staraptor|1
|-damage|p2a: Staraptor|51/100
|-damage|p1b: Staraptor|67/100|[from] Recoil
|move|p2b: Gholdengo|Make It Rain|p1b: Staraptor
|-damage|p1b: Staraptor|12/100
|-unboost|p2b: Gholdengo|spa|2
|-damage|p2b: Gholdengo|90/100|[from] item: Life Orb
|
|-weather|Sandstorm|[upkeep]
|-damage|p1b: Staraptor|6/100|[from] Sandstorm
|-damage|p2a: Staraptor|45/100|[from] Sandstorm
|upkeep
|
|t:|1786036165
|switch|p1a: Kingambit|Kingambit, L50, M|100/100
|turn|3
|
|t:|1786036193
|switch|p2b: Excadrill|Excadrill, L50, F|100/100
|move|p1b: Staraptor|Brave Bird|p2a: Staraptor
|-supereffective|p2a: Staraptor|1
|-damage|p2a: Staraptor|6/100
|-damage|p1b: Staraptor|0 fnt|[from] Recoil
|faint|p1b: Staraptor
|move|p2a: Staraptor|Close Combat|p1a: Kingambit
|-supereffective|p1a: Kingambit|2
|-damage|p1a: Kingambit|7/100
|-boost|p2a: Staraptor|def|1
|-boost|p2a: Staraptor|spd|1
|move|p1a: Kingambit|Swords Dance|p1a: Kingambit
|-boost|p1a: Kingambit|atk|2
|
|-weather|Sandstorm|[upkeep]
|-damage|p2a: Staraptor|1/100|[from] Sandstorm
|upkeep
|
|t:|1786036200
|switch|p1b: Farigiraf|Farigiraf, L50, M|100/100
|turn|4
|inactive|ferchoxx has 30 seconds left.
|
|t:|1786036233
|switch|p2a: Gholdengo|Gholdengo, L50|90/100
|move|p1a: Kingambit|Protect|p1a: Kingambit
|-singleturn|p1a: Kingambit|Protect
|move|p2b: Excadrill|Iron Head|p1b: Farigiraf
|-damage|p1b: Farigiraf|59/100
|cant|p1b: Farigiraf|flinch
|
|-weather|Sandstorm|[upkeep]
|-damage|p1b: Farigiraf|53/100|[from] Sandstorm
|upkeep
|turn|5
|inactive|ferchoxx has 30 seconds left.
|
|t:|1786036262
|switch|p2a: Staraptor|Staraptor-Mega, L50, M|1/100
|move|p1a: Kingambit|Sucker Punch|p2b: Excadrill
|-enditem|p2b: Excadrill|Focus Sash
|-damage|p2b: Excadrill|1/100
|move|p2b: Excadrill|High Horsepower|p1b: Farigiraf
|-damage|p1b: Farigiraf|5/100
|move|p1b: Farigiraf|Psychic|p2b: Excadrill
|-resisted|p2b: Excadrill|1
|-damage|p2b: Excadrill|0 fnt
|faint|p2b: Excadrill
|
|-weather|none
|upkeep
|
|t:|1786036276
|switch|p2b: Gholdengo|Gholdengo, L50|90/100
|turn|6
|inactive|ferchoxx has 30 seconds left.
|inactive|ferchoxx has 20 seconds left.
|inactive|zileu has 30 seconds left.
|inactive|ferchoxx has 15 seconds left.
|inactive|ferchoxx has 10 seconds left.
|
|t:|1786036326
|move|p1a: Kingambit|Sucker Punch|p2b: Gholdengo
|-supereffective|p2b: Gholdengo|1
|-damage|p2b: Gholdengo|0 fnt
|faint|p2b: Gholdengo
|move|p2a: Staraptor|Close Combat|p1a: Kingambit
|-supereffective|p1a: Kingambit|2
|-damage|p1a: Kingambit|0 fnt
|-boost|p2a: Staraptor|def|1
|-boost|p2a: Staraptor|spd|1
|faint|p1a: Kingambit
|move|p1b: Farigiraf|Trick Room|p1b: Farigiraf
|-fieldstart|move: Trick Room|[of] p1b: Farigiraf
|
|upkeep
|turn|7
|c|☆ferchoxx|gg
|c|☆zileu|gg
|
|t:|1786036339
|move|p2a: Staraptor|Protect|p2a: Staraptor
|-singleturn|p2a: Staraptor|Protect
|move|p1b: Farigiraf|Psychic|p2a: Staraptor
|-activate|p2a: Staraptor|move: Protect
|
|upkeep
|turn|8
|
|t:|1786036345
|move|p1b: Farigiraf|Psychic|p2a: Staraptor
|-supereffective|p2a: Staraptor|1
|-damage|p2a: Staraptor|0 fnt
|faint|p2a: Staraptor
|
|win|zileu
|raw|zileu's rating: 1199 → 1236(+37 for winning)
|raw|ferchoxx's rating: 1378 → 1349(-29 for losing)
