|j|☆SuperiorPangoro
|j|☆Alphonse_gg
|html|SuperiorPangoroAlphonse_gg    
|uhtml|bestof|Game 1 of a best-of-3
|t:|1785110167
|gametype|doubles
|player|p1|SuperiorPangoro|youngster-gen4dp|
|player|p2|Alphonse_gg|102|
|gen|9
|tier|[Gen 9 Champions] VGC 2026 Reg M-B (Bo3)
|rule|Species Clause: Limit one of each Pokémon
|rule|Item Clause: Limit 1 of each item
|clearpoke
|poke|p1|Charizard, L50, F|
|poke|p1|Farigiraf, L50, M|
|poke|p1|Mawile, L50, M|
|poke|p1|Incineroar, L50, M|
|poke|p1|Garchomp, L50, M|
|poke|p1|Aerodactyl, L50, M|
|poke|p2|Blaziken, L50, F|
|poke|p2|Farigiraf, L50, M|
|poke|p2|Venusaur, L50, M|
|poke|p2|Torkoal, L50, F|
|poke|p2|Kingambit, L50, M|
|poke|p2|Grimmsnarl, L50, M|
|teampreview|4
|showteam|p1|Charizard||CharizarditeY|Blaze|HeatWave,WeatherBall,SolarBeam,Protect|Modest||F|||50|]Farigiraf||SitrusBerry|ArmorTail|PsychicNoise,TrickRoom,GrassKnot,SunnyDay|Quiet||M|||50|]Mawile||Mawilite|HyperCutter|PlayRough,SwordsDance,SuckerPunch,Protect|Adamant||M|||50|]Incineroar||Leftovers|Intimidate|FakeOut,FlareBlitz,PartingShot,ThroatChop|Careful||M|||50|]Garchomp||LifeOrb|RoughSkin|Earthquake,DragonClaw,RockSlide,Protect|Jolly||M|||50|]Aerodactyl||FocusSash|Unnerve|RockSlide,Tailwind,SunnyDay,WideGuard|Jolly||M|||50|
|showteam|p2|Blaziken||Blazikenite|SpeedBoost|FlareBlitz,CloseCombat,RockSlide,Detect|Adamant||F|||50|]Farigiraf||SitrusBerry|ArmorTail|Psychic,Thunderbolt,HelpingHand,TrickRoom|Relaxed||M|||50|]Venusaur||LifeOrb|Chlorophyll|EnergyBall,SludgeBomb,EarthPower,Protect|Modest||M|||50|]Torkoal||Leftovers|Drought|WeatherBall,Yawn,HelpingHand,Protect|Relaxed||F|||50|]Kingambit||FocusSash|Defiant|KowtowCleave,SuckerPunch,IronHead,Protect|Adamant||M|||50|]Grimmsnarl||LightClay|Prankster|SpiritBreak,Reflect,LightScreen,FakeOut|Careful||M|||50|
|c|☆Alphonse_gg|son 3 batallas, en caso de que alguno gane 2 seguidas mandamos otra
|inactive|Battle timer is ON: inactive players will automatically lose when time's up. (requested by SuperiorPangoro)
|
|t:|1785110219
|teamsize|p1|4
|teamsize|p2|4
|start
|switch|p1a: Garchomp|Garchomp, L50, M|100/100
|switch|p1b: Aerodactyl|Aerodactyl, L50, M|100/100
|switch|p2a: Farigiraf|Farigiraf, L50, M|100/100
|switch|p2b: Grimmsnarl|Grimmsnarl, L50, M|100/100
|-ability|p1b: Aerodactyl|Unnerve
|turn|1
|
|t:|1785110243
|move|p2b: Grimmsnarl|Reflect|p2b: Grimmsnarl
|-sidestart|p2: Alphonse_gg|Reflect
|move|p1b: Aerodactyl|Tailwind|p1b: Aerodactyl
|-sidestart|p1: SuperiorPangoro|move: Tailwind
|move|p1a: Garchomp|Dragon Claw|p2a: Farigiraf
|-damage|p2a: Farigiraf|72/100
|-damage|p1a: Garchomp|90/100|[from] item: Life Orb
|move|p2a: Farigiraf|Trick Room|p2a: Farigiraf
|-fieldstart|move: Trick Room|[of] p2a: Farigiraf
|
|upkeep
|turn|2
|
|t:|1785110258
|switch|p1b: Incineroar|Incineroar, L50, M|100/100
|-ability|p1b: Incineroar|Intimidate|boost
|-unboost|p2a: Farigiraf|atk|1
|-unboost|p2b: Grimmsnarl|atk|1
|move|p1a: Garchomp|Protect|p1a: Garchomp
|-singleturn|p1a: Garchomp|Protect
|move|p2a: Farigiraf|Thunderbolt|p1b: Incineroar
|-damage|p1b: Incineroar|80/100
|move|p2b: Grimmsnarl|Spirit Break|p1a: Garchomp
|-activate|p1a: Garchomp|move: Protect
|
|-heal|p1b: Incineroar|86/100|[from] item: Leftovers
|upkeep
|turn|3
|inactive|SuperiorPangoro has 30 seconds left.
|inactive|Alphonse_gg has 30 seconds left.
|
|t:|1785110290
|switch|p1a: Charizard|Charizard, L50, F|100/100
|move|p2a: Farigiraf|Psychic|p1a: Charizard
|-damage|p1a: Charizard|59/100
|-unboost|p1a: Charizard|spd|1
|move|p2b: Grimmsnarl|Spirit Break|p1a: Charizard
|-resisted|p1a: Charizard|1
|-damage|p1a: Charizard|50/100g
|-unboost|p1a: Charizard|spa|1
|move|p1b: Incineroar|Throat Chop|p2a: Farigiraf
|-supereffective|p2a: Farigiraf|1
|-damage|p2a: Farigiraf|41/100
|-start|p2a: Farigiraf|Throat Chop|[silent]
|-enditem|p2a: Farigiraf|Sitrus Berry|[eat]
|-heal|p2a: Farigiraf|66/100|[from] item: Sitrus Berry
|
|-heal|p1b: Incineroar|92/100|[from] item: Leftovers
|upkeep
|turn|4
|inactive|Alphonse_gg has 30 seconds left.
|inactive|Alphonse_gg has 20 seconds left.
|inactive|Alphonse_gg has 15 seconds left.
|inactive|Alphonse_gg has 10 seconds left.
|
|t:|1785110336
|switch|p2b: Venusaur|Venusaur, L50, M|100/100
|move|p1a: Charizard|Protect|p1a: Charizard
|-singleturn|p1a: Charizard|Protect
|move|p2a: Farigiraf|Thunderbolt|p1a: Charizard
|-activate|p1a: Charizard|move: Protect
|move|p1b: Incineroar|Parting Shot|p2a: Farigiraf
|-unboost|p2a: Farigiraf|atk|1
|-unboost|p2a: Farigiraf|spa|1
|
|t:|1785110346
|switch|p1b: Garchomp|Garchomp, L50, M|90/100|[from] Parting Shot
|
|-end|p2a: Farigiraf|Throat Chop|[silent]
|-sideend|p1: SuperiorPangoro|move: Tailwind
|upkeep
|turn|5
|
|t:|1785110370
|switch|p1a: Incineroar|Incineroar, L50, M|92/100
|-ability|p1a: Incineroar|Intimidate|boost
|-unboost|p2a: Farigiraf|atk|1
|-unboost|p2b: Venusaur|atk|1
|move|p2a: Farigiraf|Thunderbolt|p1a: Incineroar
|-damage|p1a: Incineroar|79/100
|move|p2b: Venusaur|Energy Ball|p1b: Garchomp
|-damage|p1b: Garchomp|27/100
|-damage|p2b: Venusaur|90/100|[from] item: Life Orb
|move|p1b: Garchomp|Dragon Claw|p2a: Farigiraf
|-damage|p2a: Farigiraf|40/100
|-damage|p1b: Garchomp|18/100|[from] item: Life Orb
|
|-heal|p1a: Incineroar|85/100|[from] item: Leftovers
|-fieldend|move: Trick Room
|upkeep
|turn|6
|inactive|Alphonse_gg has 30 seconds left.
|inactive|Alphonse_gg has 20 seconds left.
|inactive|Alphonse_gg has 15 seconds left.
|
|t:|1785110410
|switch|p2a: Torkoal|Torkoal, L50, F|100/100
|-weather|SunnyDay|[from] ability: Drought|[of] p2a: Torkoal
|move|p1b: Garchomp|Protect|p1b: Garchomp
|-singleturn|p1b: Garchomp|Protect
|move|p2b: Venusaur|Energy Ball|p1b: Garchomp
|-activate|p1b: Garchomp|move: Protect
|move|p1a: Incineroar|Flare Blitz|p2b: Venusaur
|-supereffective|p2b: Venusaur|1
|-damage|p2b: Venusaur|0 fnt
|faint|p2b: Venusaur
|-damage|p1a: Incineroar|61/100|[from] Recoil
|
|-weather|SunnyDay|[upkeep]
|-heal|p1a: Incineroar|67/100|[from] item: Leftovers
|upkeep
|
|t:|1785110433
|switch|p2b: Grimmsnarl|Grimmsnarl, L50, M|100/100
|turn|7
|inactive|Alphonse_gg has 30 seconds left.
|
|t:|1785110461
|switch|p1a: Aerodactyl|Aerodactyl, L50, M|100/100
|-ability|p1a: Aerodactyl|Unnerve
|move|p2b: Grimmsnarl|Fake Out|p1b: Garchomp
|-damage|p1b: Garchomp|6/100
|-damage|p2b: Grimmsnarl|87/100|[from] ability: Rough Skin|[of] p1b: Garchomp
|cant|p1b: Garchomp|flinch
|move|p2a: Torkoal|Weather Ball|p1b: Garchomp
|-resisted|p1b: Garchomp|1
|-damage|p1b: Garchomp|0 fnt
|faint|p1b: Garchomp
|
|-weather|SunnyDay|[upkeep]
|upkeep
|
|t:|1785110474
|switch|p1b: Incineroar|Incineroar, L50, M|67/100
|-ability|p1b: Incineroar|Intimidate|boost
|-unboost|p2a: Torkoal|atk|1
|-unboost|p2b: Grimmsnarl|atk|1
|turn|8
|
|t:|1785110488
|switch|p2a: Farigiraf|Farigiraf, L50, M|40/100
|move|p1b: Incineroar|Fake Out||[still]
|cant|p2a: Farigiraf|ability: Armor Tail|Fake Out|[of] p1b: Incineroar
|move|p2b: Grimmsnarl|Light Screen|p2b: Grimmsnarl
|-sidestart|p2: Alphonse_gg|move: Light Screen
|move|p1a: Aerodactyl|Rock Slide|p2b: Grimmsnarl|[spread] p2a,p2b
|-damage|p2a: Farigiraf|26/100
|-damage|p2b: Grimmsnarl|72/100
|
|-weather|SunnyDay|[upkeep]
|-heal|p1b: Incineroar|73/100|[from] item: Leftovers
|-sideend|p2: Alphonse_gg|Reflect
|upkeep
|turn|9
|inactive|Alphonse_gg has 30 seconds left.
|
|t:|1785110520
|switch|p2a: Torkoal|Torkoal, L50, F|100/100
|move|p2b: Grimmsnarl|Reflect|p2b: Grimmsnarl
|-sidestart|p2: Alphonse_gg|Reflect
|move|p1a: Aerodactyl|Tailwind|p1a: Aerodactyl
|-sidestart|p1: SuperiorPangoro|move: Tailwind
|move|p1b: Incineroar|Throat Chop|p2a: Torkoal
|-damage|p2a: Torkoal|86/100
|-start|p2a: Torkoal|Throat Chop|[silent]
|
|-weather|SunnyDay|[upkeep]
|-heal|p1b: Incineroar|79/100|[from] item: Leftovers
|-heal|p2a: Torkoal|92/100|[from] item: Leftovers
|upkeep
|turn|10
|
|t:|1785110544
|move|p1a: Aerodactyl|Rock Slide|p2b: Grimmsnarl|[spread] p2a,p2b
|-supereffective|p2a: Torkoal|1
|-damage|p2a: Torkoal|67/100
|-damage|p2b: Grimmsnarl|55/100
|move|p1b: Incineroar|Throat Chop|p2a: Torkoal
|-damage|p2a: Torkoal|53/100
|move|p2b: Grimmsnarl|Spirit Break|p1b: Incineroar
|-damage|p1b: Incineroar|62/100
|-unboost|p1b: Incineroar|spa|1
|move|p2a: Torkoal|Yawn|p1a: Aerodactyl
|-start|p1a: Aerodactyl|move: Yawn|[of] p2a: Torkoal
|
|-weather|none
|-heal|p1b: Incineroar|68/100|[from] item: Leftovers
|-heal|p2a: Torkoal|59/100|[from] item: Leftovers
|-end|p2a: Torkoal|Throat Chop|[silent]
|upkeep
|turn|11
|inactive|Alphonse_gg has 30 seconds left.
|inactive|Alphonse_gg has 20 seconds left.
|
|t:|1785110581
|switch|p1a: Charizard|Charizard, L50, F|50/100g
|switch|p2b: Farigiraf|Farigiraf, L50, M|26/100
|move|p1b: Incineroar|Parting Shot|p2a: Torkoal
|-unboost|p2a: Torkoal|atk|1
|-unboost|p2a: Torkoal|spa|1
|
|t:|1785110588
|switch|p1b: Aerodactyl|Aerodactyl, L50, M|100/100|[from] Parting Shot
|-ability|p1b: Aerodactyl|Unnerve
|move|p2a: Torkoal|Weather Ball|p1a: Charizard
|-damage|p1a: Charizard|41/100
|
|-heal|p2a: Torkoal|65/100|[from] item: Leftovers
|upkeep
|turn|12
|
|t:|1785110605
|detailschange|p1a: Charizard|Charizard-Mega-Y, L50, F
|-mega|p1a: Charizard|Charizard|Charizardite Y
|-weather|SunnyDay|[from] ability: Drought|[of] p1a: Charizard
|move|p1b: Aerodactyl|Rock Slide|p2a: Torkoal|[spread] p2a,p2b
|-supereffective|p2a: Torkoal|1
|-damage|p2a: Torkoal|44/100
|-damage|p2b: Farigiraf|13/100
|move|p1a: Charizard|Heat Wave|p2a: Torkoal|[spread] p2a,p2b
|-resisted|p2a: Torkoal|1
|-damage|p2a: Torkoal|21/100
|-damage|p2b: Farigiraf|0 fnt
|faint|p2b: Farigiraf
|cant|p2a: Torkoal|flinch
|
|-weather|SunnyDay|[upkeep]
|-heal|p2a: Torkoal|27/100|[from] item: Leftovers
|-sideend|p1: SuperiorPangoro|move: Tailwind
|upkeep
|
|t:|1785110618
|switch|p2b: Grimmsnarl|Grimmsnarl, L50, M|55/100
|turn|13
|
|t:|1785110635
|move|p1b: Aerodactyl|Rock Slide|p2b: Grimmsnarl|[spread] p2a,p2b
|-supereffective|p2a: Torkoal|1
|-crit|p2a: Torkoal
|-damage|p2a: Torkoal|0 fnt
|-damage|p2b: Grimmsnarl|41/100
|faint|p2a: Torkoal
|move|p1a: Charizard|Weather Ball|p2b: Grimmsnarl
|-damage|p2b: Grimmsnarl|0 fnt
|faint|p2b: Grimmsnarl
|
|win|SuperiorPangoro
||Alphonse_gg is ready for game 2.
|inactive|SuperiorPangoro has 30 seconds to confirm battle start!
||SuperiorPangoro is ready for game 2.
|uhtml|next|Next: Game 2 of 3
|l|☆SuperiorPangoro
|player|p1|
|j|☆SuperiorPangoro
|player|p1|SuperiorPangoro|youngster-gen4dp|
|l|☆SuperiorPangoro
|player|p1|
|j|☆SuperiorPangoro
|player|p1|SuperiorPangoro|youngster-gen4dp|
