|j|☆SlimSanity
|j|☆FortuneMC
|html|SlimSanityFortuneMC    
|uhtml|bestof|Game 1 of a best-of-3
|t:|1783572004
|gametype|doubles
|player|p1|SlimSanity|101|1058
|player|p2|FortuneMC|266|1173
|gen|9
|tier|[Gen 9 Champions] VGC 2026 Reg M-B (Bo3)
|rated|
|rule|Species Clause: Limit one of each Pokémon
|rule|Item Clause: Limit 1 of each item
|clearpoke
|poke|p1|Primarina, L50, M|
|poke|p1|Chesnaught, L50, M|
|poke|p1|Reuniclus, L50, F, shiny|
|poke|p1|Incineroar, L50, F|
|poke|p1|Sinistcha-Masterpiece, L50|
|poke|p1|Scizor, L50, M|
|poke|p2|Staraptor, L50, M|
|poke|p2|Whimsicott, L50, M|
|poke|p2|Incineroar, L50, F|
|poke|p2|Basculegion, L50, M|
|poke|p2|Maushold-Four, L50|
|poke|p2|Primarina, L50, F|
|teampreview|4
|showteam|p1|Primarina||LifeOrb|LiquidVoice|HyperVoice,DrainingKiss,IceBeam,Protect|Quiet||M|||50|]Chesnaught||Chesnaughtite|Bulletproof|BellyDrum,DrainPunch,SeedBomb,KnockOff|Brave||M|||50|]Reuniclus||Leftovers|Regenerator|TrickRoom,Psychic,EnergyBall,Protect|Quiet||F|||50|]Incineroar||MuscleBand|Intimidate|DarkestLariat,FlareBlitz,FakeOut,PartingShot|Brave||F|||50|]Sinistcha-Masterpiece||FocusSash|Hospitality|MatchaGotcha,TrickRoom,RagePowder,Protect|Relaxed|||||50|]Scizor||Scizorite|Technician|BulletPunch,DualWingbeat,BrutalSwing,Protect|Brave||M|||50|
|showteam|p2|Staraptor||Staraptite|Intimidate|CloseCombat,BraveBird,Roost,Protect|Adamant||M|||50|]Whimsicott||FocusSash|Prankster|FakeTears,Charm,Moonblast,Tailwind|Timid||M|||50|]Incineroar||SitrusBerry|Intimidate|FakeOut,FlareBlitz,DarkestLariat,PartingShot|Adamant||F|||50|]Basculegion||LifeOrb|Adaptability|WaveCrash,Protect,AquaJet,LastRespects|Adamant||M|||50|]Maushold-Four||WideLens|Technician|FollowMe,PopulationBomb,Protect,Taunt|Jolly|||||50|]Primarina||MysticWater|LiquidVoice|Moonblast,HyperVoice,Substitute,Protect|Quiet||F|||50|
|
|t:|1783572040
|teamsize|p1|4
|teamsize|p2|4
|start
|switch|p1a: Chesnaught|Chesnaught, L50, M|100/100
|switch|p1b: Reuniclus|Reuniclus, L50, F, shiny|100/100
|switch|p2a: Staraptor|Staraptor, L50, M|100/100
|switch|p2b: Whimsicott|Whimsicott, L50, M|100/100
|-ability|p2a: Staraptor|Intimidate|boost
|-unboost|p1a: Chesnaught|atk|1
|-unboost|p1b: Reuniclus|atk|1
|turn|1
|
|t:|1783572083
|switch|p1a: Incineroar|Incineroar, L50, F|100/100
|-ability|p1a: Incineroar|Intimidate|boost
|-unboost|p2a: Staraptor|atk|1
|-unboost|p2b: Whimsicott|atk|1
|detailschange|p2a: Staraptor|Staraptor-Mega, L50, M
|-mega|p2a: Staraptor|Staraptor|Staraptite
|move|p2b: Whimsicott|Fake Tears|p2a: Staraptor
|-boost|p2a: Staraptor|spd|2
|move|p2a: Staraptor|Brave Bird|p1a: Incineroar
|-damage|p1a: Incineroar|52/100
|-damage|p2a: Staraptor|83/100|[from] Recoil
|move|p1b: Reuniclus|Trick Room|p1b: Reuniclus
|-fieldstart|move: Trick Room|[of] p1b: Reuniclus
|
|upkeep
|turn|2
|
|t:|1783572126
|move|p1a: Incineroar|Fake Out|p2a: Staraptor
|-damage|p2a: Staraptor|69/100
|move|p2b: Whimsicott|Fake Tears|p2a: Staraptor
|-boost|p2a: Staraptor|spd|2
|move|p1b: Reuniclus|Psychic|p2b: Whimsicott
|-damage|p2b: Whimsicott|22/100
|cant|p2a: Staraptor|flinch
|
|upkeep
|turn|3
|
|t:|1783572146
|switch|p2b: Primarina|Primarina, L50, F|100/100
|move|p1b: Reuniclus|Psychic|p2b: Primarina
|-damage|p2b: Primarina|64/100
|move|p1a: Incineroar|Flare Blitz|p2a: Staraptor
|-damage|p2a: Staraptor|17/100
|-damage|p1a: Incineroar|36/100|[from] Recoil
|move|p2a: Staraptor|Close Combat|p1a: Incineroar
|-supereffective|p1a: Incineroar|1
|-damage|p1a: Incineroar|0 fnt
|-boost|p2a: Staraptor|def|1
|-boost|p2a: Staraptor|spd|1
|faint|p1a: Incineroar
|
|upkeep
|
|t:|1783572157
|switch|p1a: Chesnaught|Chesnaught, L50, M|100/100
|turn|4
|
|t:|1783572191
|detailschange|p1a: Chesnaught|Chesnaught-Mega, L50, M
|-mega|p1a: Chesnaught|Chesnaught|Chesnaughtite
|move|p2a: Staraptor|Protect|p2a: Staraptor
|-singleturn|p2a: Staraptor|Protect
|move|p1b: Reuniclus|Psychic|p2a: Staraptor
|-activate|p2a: Staraptor|move: Protect
|move|p1a: Chesnaught|Seed Bomb|p2b: Primarina
|-supereffective|p2b: Primarina|1
|-damage|p2b: Primarina|0 fnt
|faint|p2b: Primarina
|
|upkeep
|
|t:|1783572208
|switch|p2b: Whimsicott|Whimsicott, L50, M|22/100
|turn|5
|
|t:|1783572241
|switch|p2a: Basculegion|Basculegion, L50, M|100/100
|move|p2b: Whimsicott|Charm|p1a: Chesnaught
|-unboost|p1a: Chesnaught|atk|2
|move|p1b: Reuniclus|Psychic|p2a: Basculegion
|-damage|p2a: Basculegion|50/100g
|move|p1a: Chesnaught|Seed Bomb|p2a: Basculegion
|-supereffective|p2a: Basculegion|1
|-damage|p2a: Basculegion|0 fnt
|faint|p2a: Basculegion
|
|-fieldend|move: Trick Room
|upkeep
|
|t:|1783572243
|switch|p2a: Staraptor|Staraptor-Mega, L50, M|17/100
|turn|6
|
|t:|1783572271
|switch|p1a: Sinistcha|Sinistcha-Masterpiece, L50|100/100
|move|p2b: Whimsicott|Fake Tears|p2a: Staraptor
|-boost|p2a: Staraptor|spd|2
|move|p2a: Staraptor|Roost|p2a: Staraptor
|-heal|p2a: Staraptor|67/100
|-singleturn|p2a: Staraptor|move: Roost
|move|p1b: Reuniclus|Trick Room|p1b: Reuniclus
|-fieldstart|move: Trick Room|[of] p1b: Reuniclus
|
|upkeep
|turn|7
|
|t:|1783572292
|move|p1a: Sinistcha|Protect|p1a: Sinistcha
|-singleturn|p1a: Sinistcha|Protect
|move|p2b: Whimsicott|Fake Tears|p2a: Staraptor
|-boost|p2a: Staraptor|spd|2
|move|p1b: Reuniclus|Psychic|p2a: Staraptor
|-supereffective|p2a: Staraptor|1
|-damage|p2a: Staraptor|38/100
|move|p2a: Staraptor|Roost|p2a: Staraptor
|-heal|p2a: Staraptor|88/100
|-singleturn|p2a: Staraptor|move: Roost
|
|upkeep
|turn|8
|
|t:|1783572312
|move|p2a: Staraptor|Protect|p2a: Staraptor
|-singleturn|p2a: Staraptor|Protect
|move|p1a: Sinistcha|Rage Powder|p1a: Sinistcha
|-singleturn|p1a: Sinistcha|move: Rage Powder
|move|p1b: Reuniclus|Psychic|p2b: Whimsicott
|-damage|p2b: Whimsicott|0 fnt
|faint|p2b: Whimsicott
|
|upkeep
|turn|9
|
|t:|1783572324
|move|p1a: Sinistcha|Protect|p1a: Sinistcha
|-singleturn|p1a: Sinistcha|Protect
|move|p1b: Reuniclus|Psychic|p2a: Staraptor
|-supereffective|p2a: Staraptor|1
|-damage|p2a: Staraptor|56/100
|move|p2a: Staraptor|Close Combat|p1b: Reuniclus
|-resisted|p1b: Reuniclus|1
|-damage|p1b: Reuniclus|61/100
|-boost|p2a: Staraptor|def|1
|-boost|p2a: Staraptor|spd|1
|
|-heal|p1b: Reuniclus|67/100|[from] item: Leftovers
|upkeep
|turn|10
|
|t:|1783572337
|move|p1a: Sinistcha|Rage Powder|p1a: Sinistcha
|-singleturn|p1a: Sinistcha|move: Rage Powder
|move|p1b: Reuniclus|Psychic|p2a: Staraptor
|-supereffective|p2a: Staraptor|1
|-damage|p2a: Staraptor|30/100
|move|p2a: Staraptor|Brave Bird|p1a: Sinistcha
|-supereffective|p1a: Sinistcha|1
|-enditem|p1a: Sinistcha|Focus Sash
|-damage|p1a: Sinistcha|1/100
|-damage|p2a: Staraptor|1/100|[from] Recoil
|
|-heal|p1b: Reuniclus|73/100|[from] item: Leftovers
|-fieldend|move: Trick Room
|upkeep
|turn|11
|
|t:|1783572350
|move|p1a: Sinistcha|Rage Powder|p1a: Sinistcha
|-singleturn|p1a: Sinistcha|move: Rage Powder
|move|p2a: Staraptor|Roost|p2a: Staraptor
|-heal|p2a: Staraptor|50/100g
|-singleturn|p2a: Staraptor|move: Roost
|move|p1b: Reuniclus|Psychic|p2a: Staraptor
|-supereffective|p2a: Staraptor|1
|-damage|p2a: Staraptor|22/100
|
|-heal|p1b: Reuniclus|79/100|[from] item: Leftovers
|upkeep
|turn|12
|
|t:|1783572361
|move|p2a: Staraptor|Roost|p2a: Staraptor
|-heal|p2a: Staraptor|72/100
|-singleturn|p2a: Staraptor|move: Roost
|move|p1b: Reuniclus|Psychic|p2a: Staraptor
|-supereffective|p2a: Staraptor|1
|-damage|p2a: Staraptor|47/100
|move|p1a: Sinistcha|Trick Room|p1a: Sinistcha
|-fieldstart|move: Trick Room|[of] p1a: Sinistcha
|
|-heal|p1b: Reuniclus|85/100|[from] item: Leftovers
|upkeep
|turn|13
|
|t:|1783572382
|move|p1a: Sinistcha|Protect|p1a: Sinistcha
|-singleturn|p1a: Sinistcha|Protect
|move|p1b: Reuniclus|Psychic|p2a: Staraptor
|-supereffective|p2a: Staraptor|1
|-damage|p2a: Staraptor|19/100
|move|p2a: Staraptor|Roost|p2a: Staraptor
|-heal|p2a: Staraptor|69/100
|-singleturn|p2a: Staraptor|move: Roost
|
|-heal|p1b: Reuniclus|91/100|[from] item: Leftovers
|upkeep
|turn|14
|
|t:|1783572390
|move|p1b: Reuniclus|Psychic|p2a: Staraptor
|-supereffective|p2a: Staraptor|1
|-damage|p2a: Staraptor|41/100
|-boost|p2a: Staraptor|spd|1
|move|p1a: Sinistcha|Matcha Gotcha|p2a: Staraptor|[miss]
|-miss|p1a: Sinistcha|p2a: Staraptor
|move|p2a: Staraptor|Close Combat|p1b: Reuniclus
|-resisted|p1b: Reuniclus|1
|-damage|p1b: Reuniclus|55/100
|-boost|p2a: Staraptor|def|1
|
|-heal|p1b: Reuniclus|61/100|[from] item: Leftovers
|upkeep
|turn|15
|
|t:|1783572405
|move|p1b: Reuniclus|Energy Ball|p2a: Staraptor
|-resisted|p2a: Staraptor|1
|-damage|p2a: Staraptor|37/100
|move|p1a: Sinistcha|Matcha Gotcha|p2a: Staraptor
|-resisted|p2a: Staraptor|1
|-damage|p2a: Staraptor|32/100
|-heal|p1a: Sinistcha|3/100|[from] drain|[of] p2a: Staraptor
|move|p2a: Staraptor|Roost|p2a: Staraptor
|-heal|p2a: Staraptor|82/100
|-singleturn|p2a: Staraptor|move: Roost
|
|-heal|p1b: Reuniclus|67/100|[from] item: Leftovers
|upkeep
|turn|16
|
|t:|1783572419
|-heal|p1b: Reuniclus|100/100|[from] ability: Regenerator|[silent]
|switch|p1b: Chesnaught|Chesnaught-Mega, L50, M|100/100
|move|p1a: Sinistcha|Rage Powder|p1a: Sinistcha
|-singleturn|p1a: Sinistcha|move: Rage Powder
|move|p2a: Staraptor|Brave Bird|p1a: Sinistcha
|-supereffective|p1a: Sinistcha|1
|-damage|p1a: Sinistcha|0 fnt
|faint|p1a: Sinistcha
|-damage|p2a: Staraptor|81/100|[from] Recoil
|
|-fieldend|move: Trick Room
|upkeep
|
|t:|1783572429
|switch|p1a: Reuniclus|Reuniclus, L50, F, shiny|100/100
|turn|17
|
|t:|1783572452
|move|p2a: Staraptor|Brave Bird|p1b: Chesnaught
|-supereffective|p1b: Chesnaught|2
|-damage|p1b: Chesnaught|0 fnt
|faint|p1b: Chesnaught
|-damage|p2a: Staraptor|48/100|[from] Recoil
|move|p1a: Reuniclus|Trick Room|p1a: Reuniclus
|-fieldstart|move: Trick Room|[of] p1a: Reuniclus
|
|upkeep
|turn|18
|
|t:|1783572471
|move|p1a: Reuniclus|Energy Ball|p2a: Staraptor
|-resisted|p2a: Staraptor|1
|-damage|p2a: Staraptor|44/100
|move|p2a: Staraptor|Roost|p2a: Staraptor
|-heal|p2a: Staraptor|94/100
|-singleturn|p2a: Staraptor|move: Roost
|
|upkeep
|turn|19
|
|t:|1783572477
|move|p1a: Reuniclus|Protect|p1a: Reuniclus
|-singleturn|p1a: Reuniclus|Protect
|move|p2a: Staraptor|Close Combat|p1a: Reuniclus
|-activate|p1a: Reuniclus|move: Protect
|
|upkeep
|turn|20
|c|☆FortuneMC|gg
|
|t:|1783572482
|move|p1a: Reuniclus|Energy Ball|p2a: Staraptor
|-resisted|p2a: Staraptor|1
|-damage|p2a: Staraptor|91/100
|move|p2a: Staraptor|Close Combat|p1a: Reuniclus
|-resisted|p1a: Reuniclus|1
|-damage|p1a: Reuniclus|62/100
|-boost|p2a: Staraptor|def|1
|
|-heal|p1a: Reuniclus|68/100|[from] item: Leftovers
|upkeep
|turn|21
|
|t:|1783572488
|move|p1a: Reuniclus|Protect|p1a: Reuniclus
|-singleturn|p1a: Reuniclus|Protect
|move|p2a: Staraptor|Close Combat|p1a: Reuniclus
|-activate|p1a: Reuniclus|move: Protect
|
|-heal|p1a: Reuniclus|74/100|[from] item: Leftovers
|-fieldend|move: Trick Room
|upkeep
|turn|22
|
|t:|1783572492
|move|p2a: Staraptor|Close Combat|p1a: Reuniclus
|-resisted|p1a: Reuniclus|1
|-damage|p1a: Reuniclus|34/100
|-boost|p2a: Staraptor|def|1
|move|p1a: Reuniclus|Energy Ball|p2a: Staraptor
|-resisted|p2a: Staraptor|1
|-damage|p2a: Staraptor|87/100
|
|-heal|p1a: Reuniclus|40/100|[from] item: Leftovers
|upkeep
|turn|23
|
|t:|1783572498
|move|p1a: Reuniclus|Protect|p1a: Reuniclus
|-singleturn|p1a: Reuniclus|Protect
|move|p2a: Staraptor|Brave Bird|p1a: Reuniclus
|-activate|p1a: Reuniclus|move: Protect
|
|-heal|p1a: Reuniclus|46/100|[from] item: Leftovers
|upkeep
|turn|24
|
|t:|1783572503
|move|p2a: Staraptor|Brave Bird|p1a: Reuniclus
|-damage|p1a: Reuniclus|0 fnt
|faint|p1a: Reuniclus
|-damage|p2a: Staraptor|70/100|[from] Recoil
|
|win|FortuneMC
