|j|☆jrizzo7576
|j|☆beckybug
|html|jrizzo7576beckybug    
|uhtml|bestof|Game 2 of a best-of-3
|t:|1784835066
|gametype|doubles
|player|p1|jrizzo7576|harlequin|1347
|player|p2|beckybug|briar|1365
|gen|9
|tier|[Gen 9 Champions] VGC 2026 Reg M-B (Bo3)
|rated|
|rule|Species Clause: Limit one of each Pokémon
|rule|Item Clause: Limit 1 of each item
|clearpoke
|poke|p1|Blastoise, L50, F, shiny|
|poke|p1|Incineroar, L50, F|
|poke|p1|Kingambit, L50, F|
|poke|p1|Sinistcha, L50|
|poke|p1|Sneasler, L50, F|
|poke|p1|Aerodactyl, L50, F|
|poke|p2|Charizard, L50, F|
|poke|p2|Venusaur, L50, M|
|poke|p2|Pelipper, L50, F|
|poke|p2|Archaludon, L50, M|
|poke|p2|Grimmsnarl, L50, M|
|poke|p2|Basculegion, L50, M|
|teampreview|4
|showteam|p1|Blastoise||Blastoisinite|RainDish|WaterSpout,DarkPulse,ShellSmash,Protect|Modest||F|||50|]Incineroar||SitrusBerry|Intimidate|FlareBlitz,HelpingHand,PartingShot,FakeOut|Careful||F|||50|]Kingambit||LifeOrb|Defiant|SuckerPunch,KowtowCleave,LowKick,Protect|Adamant||F|||50|]Sinistcha||OccaBerry|Hospitality|MatchaGotcha,RagePowder,TrickRoom,Protect|Bold|||||50|]Sneasler||FocusSash|PoisonTouch|PoisonJab,CloseCombat,FakeOut,QuickGuard|Jolly||F|||50|]Aerodactyl||Aerodactylite|RockHead|IceFang,DualWingbeat,RockSlide,Protect|Adamant||F|||50|
|showteam|p2|Charizard||CharizarditeY|Blaze|WeatherBall,HeatWave,SolarBeam,Protect|Modest||F|||50|]Venusaur||FocusSash|Chlorophyll|SludgeBomb,EarthPower,SleepPowder,Protect|Modest||M|||50|]Pelipper||SitrusBerry|Drizzle|WeatherBall,Hurricane,Tailwind,Protect|Modest||F|||50|]Archaludon||Leftovers|Stamina|FlashCannon,DragonPulse,ElectroShot,Protect|Calm||M|||50|]Grimmsnarl||LightClay|Prankster|SpiritBreak,PartingShot,Reflect,LightScreen|Sassy||M|||50|]Basculegion||ChoiceScarf|Adaptability|WaveCrash,LastRespects,AquaJet,FlipTurn|Jolly||M|||50|
|inactive|Battle timer is ON: inactive players will automatically lose when time's up. (requested by jrizzo7576)
|inactive|jrizzo7576 has 60 seconds left.
|
|t:|1784835118
|teamsize|p1|4
|teamsize|p2|4
|start
|switch|p1a: Sneasler|Sneasler, L50, F|100/100
|switch|p1b: Aerodactyl|Aerodactyl, L50, F|100/100
|switch|p2a: Charizard|Charizard, L50, F|100/100
|switch|p2b: Venusaur|Venusaur, L50, M|100/100
|turn|1
|inactive|beckybug has 30 seconds left.
|
|t:|1784835147
|detailschange|p1b: Aerodactyl|Aerodactyl-Mega, L50, F
|-mega|p1b: Aerodactyl|Aerodactyl|Aerodactylite
|move|p2a: Charizard|Protect|p2a: Charizard
|-singleturn|p2a: Charizard|Protect
|move|p2b: Venusaur|Protect|p2b: Venusaur
|-singleturn|p2b: Venusaur|Protect
|move|p1a: Sneasler|Fake Out|p2a: Charizard
|-activate|p2a: Charizard|move: Protect
|move|p1b: Aerodactyl|Dual Wingbeat|p2b: Venusaur
|-activate|p2b: Venusaur|move: Protect
|
|upkeep
|turn|2
|inactive|jrizzo7576 has 30 seconds left.
|inactive|jrizzo7576 has 20 seconds left.
|inactive|jrizzo7576 has 15 seconds left.
|inactive|jrizzo7576 has 10 seconds left.
|
|t:|1784835195
|detailschange|p2a: Charizard|Charizard-Mega-Y, L50, F
|-mega|p2a: Charizard|Charizard|Charizardite Y
|-weather|SunnyDay|[from] ability: Drought|[of] p2a: Charizard
|move|p2b: Venusaur|Sleep Powder|p1b: Aerodactyl
|-status|p1b: Aerodactyl|slp|[from] move: Sleep Powder
|cant|p1b: Aerodactyl|slp
|move|p1a: Sneasler|Poison Jab|p2a: Charizard
|-damage|p2a: Charizard|58/100
|-status|p2a: Charizard|psn
|move|p2a: Charizard|Heat Wave|p1b: Aerodactyl|[spread] p1a,p1b
|-resisted|p1b: Aerodactyl|1
|-damage|p1a: Sneasler|15/100
|-damage|p1b: Aerodactyl|61/100 slp
|
|-weather|SunnyDay|[upkeep]
|-damage|p2a: Charizard|46/100 psn|[from] psn
|upkeep
|turn|3
|
|t:|1784835220
|switch|p1a: Sinistcha|Sinistcha, L50|100/100
|-heal|p1b: Aerodactyl|86/100 slp|[from] ability: Hospitality|[of] p1a: Sinistcha
|switch|p2a: Archaludon|Archaludon, L50, M|100/100
|move|p2b: Venusaur|Sludge Bomb|p1a: Sinistcha
|-damage|p1a: Sinistcha|60/100
|cant|p1b: Aerodactyl|slp
|
|-weather|SunnyDay|[upkeep]
|upkeep
|turn|4
|inactive|jrizzo7576 has 30 seconds left.
|
|t:|1784835249
|move|p2b: Venusaur|Protect|p2b: Venusaur
|-singleturn|p2b: Venusaur|Protect
|move|p1a: Sinistcha|Protect|p1a: Sinistcha
|-singleturn|p1a: Sinistcha|Protect
|-curestatus|p1b: Aerodactyl|slp|[msg]
|move|p1b: Aerodactyl|Dual Wingbeat|p2b: Venusaur
|-activate|p2b: Venusaur|move: Protect
|move|p2a: Archaludon|Electro Shot||[still]
|-prepare|p2a: Archaludon|Electro Shot
|-boost|p2a: Archaludon|spa|1
|
|-weather|SunnyDay|[upkeep]
|upkeep
|turn|5
|
|t:|1784835270
|switch|p2b: Pelipper|Pelipper, L50, F|100/100
|-weather|RainDance|[from] ability: Drizzle|[of] p2b: Pelipper
|move|p1a: Sinistcha|Rage Powder|p1a: Sinistcha
|-singleturn|p1a: Sinistcha|move: Rage Powder
|move|p1b: Aerodactyl|Dual Wingbeat|p2b: Pelipper
|-damage|p2b: Pelipper|67/100
|-damage|p2b: Pelipper|33/100
|-enditem|p2b: Pelipper|Sitrus Berry|[eat]
|-heal|p2b: Pelipper|58/100|[from] item: Sitrus Berry
|-hitcount|p2b: Pelipper|2
|move|p2a: Archaludon|Electro Shot|p1a: Sinistcha|[from] lockedmove
|-resisted|p1a: Sinistcha|1
|-damage|p1a: Sinistcha|36/100
|
|-weather|RainDance|[upkeep]
|upkeep
|turn|6
|
|t:|1784835295
|move|p2b: Pelipper|Protect|p2b: Pelipper
|-singleturn|p2b: Pelipper|Protect
|move|p1a: Sinistcha|Rage Powder|p1a: Sinistcha
|-singleturn|p1a: Sinistcha|move: Rage Powder
|move|p1b: Aerodactyl|Rock Slide|p2b: Pelipper|[spread] p2a
|-activate|p2b: Pelipper|move: Protect
|-resisted|p2a: Archaludon|1
|-damage|p2a: Archaludon|88/100
|-ability|p2a: Archaludon|Stamina|boost
|-boost|p2a: Archaludon|def|1
|cant|p2a: Archaludon|flinch
|
|-weather|RainDance|[upkeep]
|-heal|p2a: Archaludon|94/100|[from] item: Leftovers
|upkeep
|turn|7
|
|t:|1784835313
|move|p1a: Sinistcha|Rage Powder|p1a: Sinistcha
|-singleturn|p1a: Sinistcha|move: Rage Powder
|move|p1b: Aerodactyl|Dual Wingbeat|p2b: Pelipper
|-damage|p2b: Pelipper|27/100
|-damage|p2b: Pelipper|0 fnt
|faint|p2b: Pelipper
|-hitcount|p2: Pelipper|2
|move|p2a: Archaludon|Electro Shot||[still]
|-prepare|p2a: Archaludon|Electro Shot
|-boost|p2a: Archaludon|spa|1
|-anim|p2a: Archaludon|Electro Shot|p1a: Sinistcha
|-resisted|p1a: Sinistcha|1
|-damage|p1a: Sinistcha|1/100
|
|-weather|RainDance|[upkeep]
|-heal|p2a: Archaludon|100/100|[from] item: Leftovers
|upkeep
|
|t:|1784835326
|switch|p2b: Venusaur|Venusaur, L50, M|100/100
|turn|8
|
|t:|1784835338
|move|p2b: Venusaur|Protect|p2b: Venusaur
|-singleturn|p2b: Venusaur|Protect
|move|p1a: Sinistcha|Rage Powder|p1a: Sinistcha
|-singleturn|p1a: Sinistcha|move: Rage Powder
|move|p1b: Aerodactyl|Dual Wingbeat|p2a: Archaludon
|-resisted|p2a: Archaludon|1
|-damage|p2a: Archaludon|92/100
|-ability|p2a: Archaludon|Stamina|boost
|-boost|p2a: Archaludon|def|1
|-resisted|p2a: Archaludon|1
|-damage|p2a: Archaludon|86/100
|-ability|p2a: Archaludon|Stamina|boost
|-boost|p2a: Archaludon|def|1
|-hitcount|p2a: Archaludon|2
|move|p2a: Archaludon|Electro Shot||[still]
|-prepare|p2a: Archaludon|Electro Shot
|-boost|p2a: Archaludon|spa|1
|-anim|p2a: Archaludon|Electro Shot|p1a: Sinistcha
|-resisted|p1a: Sinistcha|1
|-damage|p1a: Sinistcha|0 fnt
|faint|p1a: Sinistcha
|
|-weather|RainDance|[upkeep]
|-heal|p2a: Archaludon|92/100|[from] item: Leftovers
|upkeep
|
|t:|1784835358
|switch|p1a: Sneasler|Sneasler, L50, F|15/100
|turn|9
|
|t:|1784835371
|switch|p2b: Charizard|Charizard-Mega-Y, L50, F|46/100 psn
|-weather|SunnyDay|[from] ability: Drought|[of] p2b: Charizard
|move|p1b: Aerodactyl|Dual Wingbeat|p2b: Charizard
|-damage|p2b: Charizard|11/100 psn
|-damage|p2b: Charizard|0 fnt
|faint|p2b: Charizard
|-hitcount|p2: Charizard|2
|move|p1a: Sneasler|Close Combat|p2a: Archaludon
|-supereffective|p2a: Archaludon|1
|-damage|p2a: Archaludon|55/100
|-unboost|p1a: Sneasler|def|1
|-unboost|p1a: Sneasler|spd|1
|-ability|p2a: Archaludon|Stamina|boost
|-boost|p2a: Archaludon|def|1
|move|p2a: Archaludon|Flash Cannon|p1b: Aerodactyl
|-supereffective|p1b: Aerodactyl|1
|-damage|p1b: Aerodactyl|0 fnt
|faint|p1b: Aerodactyl
|
|-weather|SunnyDay|[upkeep]
|-heal|p2a: Archaludon|61/100|[from] item: Leftovers
|upkeep
|
|t:|1784835390
|switch|p1b: Kingambit|Kingambit, L50, F|100/100
|switch|p2b: Venusaur|Venusaur, L50, M|100/100
|turn|10
|
|t:|1784835413
|move|p2b: Venusaur|Earth Power|p1a: Sneasler
|-supereffective|p1a: Sneasler|1
|-damage|p1a: Sneasler|0 fnt
|faint|p1a: Sneasler
|move|p2a: Archaludon|Dragon Pulse|p1b: Kingambit
|-resisted|p1b: Kingambit|1
|-damage|p1b: Kingambit|64/100
|move|p1b: Kingambit|Low Kick|p2a: Archaludon
|-supereffective|p2a: Archaludon|1
|-damage|p2a: Archaludon|44/100
|-ability|p2a: Archaludon|Stamina|boost
|-boost|p2a: Archaludon|def|1
|-damage|p1b: Kingambit|54/100|[from] item: Life Orb
|
|-weather|SunnyDay|[upkeep]
|-heal|p2a: Archaludon|50/100g|[from] item: Leftovers
|upkeep
|turn|11
|
|t:|1784835424
|move|p2b: Venusaur|Sleep Powder|p1b: Kingambit|[miss]
|-miss|p2b: Venusaur|p1b: Kingambit
|move|p2a: Archaludon|Electro Shot||[still]
|-prepare|p2a: Archaludon|Electro Shot
|-boost|p2a: Archaludon|spa|1
|move|p1b: Kingambit|Low Kick|p2a: Archaludon
|-supereffective|p2a: Archaludon|1
|-damage|p2a: Archaludon|34/100
|-ability|p2a: Archaludon|Stamina|boost
|-boost|p2a: Archaludon|def|1
|-damage|p1b: Kingambit|44/100|[from] item: Life Orb
|
|-weather|SunnyDay|[upkeep]
|-heal|p2a: Archaludon|40/100|[from] item: Leftovers
|upkeep
|turn|12
|
|t:|1784835433
|move|p2b: Venusaur|Sleep Powder|p1b: Kingambit
|-status|p1b: Kingambit|slp|[from] move: Sleep Powder
|move|p2a: Archaludon|Electro Shot|p1b: Kingambit|[from] lockedmove
|-damage|p1b: Kingambit|0 fnt
|faint|p1b: Kingambit
|
|win|beckybug
||jrizzo7576 is ready for game 3.
||beckybug is ready for game 3.
|uhtml|next|Next: Game 3 of 3
|l|☆beckybug
|player|p2|
|j|☆beckybug
|player|p2|beckybug|briar|
