|j|☆gianisking
|j|☆patata navidenya
|html|gianiskingpatata navidenya    
|uhtml|bestof|Game 1 of a best-of-3
|t:|1756377047
|gametype|doubles
|player|p1|gianisking|bugcatcher-gen4dp|1310
|player|p2|patata navidenya|cilan|1216
|gen|9
|tier|[Gen 9] VGC 2025 Reg H (Bo3)
|rated|
|rule|Species Clause: Limit one of each Pokémon
|rule|Item Clause: Limit 1 of each item
|clearpoke
|poke|p1|Kilowattrel, L50, F|
|poke|p1|Amoonguss, L50, F|
|poke|p1|Ursaluna, L50, M|
|poke|p1|Incineroar, L50, M|
|poke|p1|Porygon2, L50|
|poke|p1|Gholdengo, L50|
|poke|p2|Pelipper, L50, M|
|poke|p2|Archaludon, L50, F|
|poke|p2|Sinistcha, L50|
|poke|p2|Incineroar, L50, F|
|poke|p2|Dragonite, L50, M|
|poke|p2|Basculegion, L50, M|
|teampreview|4
|showteam|p1|Kilowattrel||FocusSash|Competitive|Thunderbolt,AirSlash,Protect,Tailwind|||F|||50|,,,,,Ghost]Amoonguss||SitrusBerry|Regenerator|Spore,RagePowder,PollenPuff,Protect|||F|||50|,,,,,Fairy]Ursaluna||FlameOrb|Guts|Facade,HeadlongRush,Earthquake,Protect|||M|||50|,,,,,Ghost]Incineroar||SafetyGoggles|Intimidate|KnockOff,PartingShot,FakeOut,FlareBlitz|||M|||50|,,,,,Ghost]Porygon2||Eviolite|Download|TeraBlast,IceBeam,TrickRoom,Protect||||||50|,,,,,Fighting]Gholdengo||MetalCoat|GoodasGold|MakeItRain,ShadowBall,Protect,NastyPlot||||||50|,,,,,Water
|showteam|p2|Pelipper||FocusSash|Drizzle|MuddyWater,Hurricane,WideGuard,Protect|||M|||50|,,,,,Ghost]Archaludon||AssaultVest|Stamina|FlashCannon,ElectroShot,BodyPress,Snarl|||F|||50|,,,,,Bug]Sinistcha||SitrusBerry|Hospitality|MatchaGotcha,RagePowder,LifeDew,TrickRoom||||||50|,,,,,Fire]Incineroar||SafetyGoggles|Intimidate|KnockOff,Taunt,PartingShot,FakeOut|||F|||50|,,,,,Ghost]Dragonite||LoadedDice|Multiscale|ScaleShot,Tailwind,Haze,Protect|||M|||50|,,,,,Fairy]Basculegion||LifeOrb|SwiftSwim|WaveCrash,AquaJet,LastRespects,Protect|||M|||50|,,,,,Water
|inactive|Battle timer is ON: inactive players will automatically lose when time's up. (requested by patata navidenya)
|
|t:|1756377073
|teamsize|p1|4
|teamsize|p2|4
|start
|switch|p1a: Amoonguss|Amoonguss, L50, F|100/100
|switch|p1b: Gholdengo|Gholdengo, L50|100/100
|switch|p2a: Incineroar|Incineroar, L50, F|100/100
|switch|p2b: Pelipper|Pelipper, L50, M|100/100
|-weather|RainDance|[from] ability: Drizzle|[of] p2b: Pelipper
|-ability|p2a: Incineroar|Intimidate|boost
|-unboost|p1a: Amoonguss|atk|1
|-unboost|p1b: Gholdengo|atk|1
|turn|1
|
|t:|1756377098
|-terastallize|p1b: Gholdengo|Water
|move|p1b: Gholdengo|Nasty Plot|p1b: Gholdengo
|-boost|p1b: Gholdengo|spa|2
|move|p2b: Pelipper|Hurricane|p1a: Amoonguss
|-supereffective|p1a: Amoonguss
|-damage|p1a: Amoonguss|26/100
|-enditem|p1a: Amoonguss|Sitrus Berry|[eat]
|-heal|p1a: Amoonguss|51/100|[from] item: Sitrus Berry
|move|p2a: Incineroar|Knock Off|p1b: Gholdengo
|-damage|p1b: Gholdengo|66/100
|-enditem|p1b: Gholdengo|Metal Coat|[from] move: Knock Off|[of] p2a: Incineroar
|move|p1a: Amoonguss|Spore|p2b: Pelipper
|-status|p2b: Pelipper|slp|[from] move: Spore
|
|-weather|RainDance|[upkeep]
|upkeep
|turn|2
|inactive|patata navidenya has 30 seconds left.
|
|t:|1756377127
|switch|p2b: Archaludon|Archaludon, L50, F|100/100
|move|p1b: Gholdengo|Shadow Ball|p2b: Archaludon
|-damage|p2b: Archaludon|43/100
|-ability|p2b: Archaludon|Stamina|boost
|-boost|p2b: Archaludon|def|1
|move|p2a: Incineroar|Taunt|p1a: Amoonguss
|-start|p1a: Amoonguss|move: Taunt
|move|p1a: Amoonguss|Pollen Puff|p1b: Gholdengo
|-heal|p1b: Gholdengo|100/100
|
|-weather|RainDance|[upkeep]
|upkeep
|turn|3
|
|t:|1756377150
|switch|p1b: Ursaluna|Ursaluna, L50, M|100/100
|switch|p2a: Sinistcha|Sinistcha, L50|100/100
|-heal|p2b: Archaludon|68/100|[from] ability: Hospitality|[of] p2a: Sinistcha
|switch|p1a: Porygon2|Porygon2, L50|100/100
|-ability|p1a: Porygon2|Download|boost
|-boost|p1a: Porygon2|spa|1
|move|p2b: Archaludon|Electro Shot||[still]
|-prepare|p2b: Archaludon|Electro Shot
|-boost|p2b: Archaludon|spa|1
|-anim|p2b: Archaludon|Electro Shot|p1b: Ursaluna
|-immune|p1b: Ursaluna
|
|-weather|RainDance|[upkeep]
|-status|p1b: Ursaluna|brn|[from] item: Flame Orb
|upkeep
|turn|4
|inactive|patata navidenya has 30 seconds left.
|
|t:|1756377180
|move|p2b: Archaludon|Electro Shot||[still]
|-prepare|p2b: Archaludon|Electro Shot
|-boost|p2b: Archaludon|spa|1
|-anim|p2b: Archaludon|Electro Shot|p1a: Porygon2
|-damage|p1a: Porygon2|55/100
|move|p2a: Sinistcha|Matcha Gotcha|p1a: Porygon2|[spread] p1a,p1b
|-supereffective|p1b: Ursaluna
|-damage|p1a: Porygon2|39/100
|-damage|p1b: Ursaluna|45/100 brn
|move|p1b: Ursaluna|Earthquake|p2b: Archaludon|[spread] p1a,p2a,p2b
|-resisted|p2a: Sinistcha
|-supereffective|p2b: Archaludon
|-damage|p1a: Porygon2|1/100
|-damage|p2a: Sinistcha|67/100
|-damage|p2b: Archaludon|10/100
|-ability|p2b: Archaludon|Stamina|boost
|-boost|p2b: Archaludon|def|1
|move|p1a: Porygon2|Trick Room|p1a: Porygon2
|-fieldstart|move: Trick Room|[of] p1a: Porygon2
|
|-weather|RainDance|[upkeep]
|-damage|p1b: Ursaluna|39/100 brn|[from] brn
|upkeep
|turn|5
|inactive|patata navidenya has 30 seconds left.
|
|t:|1756377215
|switch|p2b: Incineroar|Incineroar, L50, F|100/100
|-ability|p2b: Incineroar|Intimidate|boost
|-unboost|p1a: Porygon2|atk|1
|-unboost|p1b: Ursaluna|atk|1
|move|p1a: Porygon2|Ice Beam|p2a: Sinistcha
|-supereffective|p2a: Sinistcha
|-damage|p2a: Sinistcha|3/100
|-enditem|p2a: Sinistcha|Sitrus Berry|[eat]
|-heal|p2a: Sinistcha|27/100|[from] item: Sitrus Berry
|move|p1b: Ursaluna|Facade|p2b: Incineroar
|-damage|p2b: Incineroar|35/100
|move|p2a: Sinistcha|Matcha Gotcha|p1b: Ursaluna|[spread] p1a
|-miss|p2a: Sinistcha|p1b: Ursaluna
|-damage|p1a: Porygon2|0 fnt
|-heal|p2a: Sinistcha|28/100|[from] drain|[of] p1a: Porygon2
|faint|p1a: Porygon2
|
|-weather|none
|-damage|p1b: Ursaluna|34/100 brn|[from] brn
|upkeep
|
|t:|1756377223
|switch|p1a: Gholdengo|Gholdengo, L50, tera:Water|100/100
|turn|6
|
|t:|1756377246
|switch|p1b: Amoonguss|Amoonguss, L50, F|84/100
|move|p1a: Gholdengo|Protect|p1a: Gholdengo
|-singleturn|p1a: Gholdengo|Protect
|move|p2b: Incineroar|Fake Out|p1b: Amoonguss
|-damage|p1b: Amoonguss|74/100
|move|p2a: Sinistcha|Matcha Gotcha|p1a: Gholdengo|[spread] p1b
|-activate|p1a: Gholdengo|move: Protect
|-resisted|p1b: Amoonguss
|-damage|p1b: Amoonguss|70/100
|-heal|p2a: Sinistcha|31/100|[from] drain|[of] p1b: Amoonguss
|
|upkeep
|turn|7
|
|t:|1756377270
|switch|p1b: Ursaluna|Ursaluna, L50, M|34/100 brn
|switch|p2b: Pelipper|Pelipper, L50, M|100/100 slp
|-weather|RainDance|[from] ability: Drizzle|[of] p2b: Pelipper
|move|p2a: Sinistcha|Matcha Gotcha|p1b: Ursaluna|[spread] p1a,p1b
|-supereffective|p1a: Gholdengo
|-supereffective|p1b: Ursaluna
|-damage|p1a: Gholdengo|43/100
|-heal|p2a: Sinistcha|60/100|[from] drain|[of] p1a: Gholdengo
|-damage|p1b: Ursaluna|0 fnt
|-heal|p2a: Sinistcha|81/100|[from] drain|[of] p1b: Ursaluna
|faint|p1b: Ursaluna
|move|p1a: Gholdengo|Shadow Ball|p2a: Sinistcha
|-supereffective|p2a: Sinistcha
|-damage|p2a: Sinistcha|3/100
|-unboost|p2a: Sinistcha|spd|1
|
|-weather|RainDance|[upkeep]
|upkeep
|
|t:|1756377279
|switch|p1b: Amoonguss|Amoonguss, L50, F|100/100
|turn|8
|inactive|patata navidenya has 30 seconds left.
|
|t:|1756377308
|move|p1b: Amoonguss|Pollen Puff|p2a: Sinistcha
|-damage|p2a: Sinistcha|0 fnt
|faint|p2a: Sinistcha
|cant|p2b: Pelipper|slp
|move|p1a: Gholdengo|Nasty Plot|p1a: Gholdengo
|-boost|p1a: Gholdengo|spa|2
|
|-weather|RainDance|[upkeep]
|-fieldend|move: Trick Room
|upkeep
|
|t:|1756377320
|switch|p2a: Archaludon|Archaludon, L50, F|10/100
|turn|9
|
|t:|1756377328
|move|p1b: Amoonguss|Rage Powder|p1b: Amoonguss
|-singleturn|p1b: Amoonguss|move: Rage Powder
|move|p1a: Gholdengo|Make It Rain|p2b: Pelipper|[spread] p2a,p2b
|-resisted|p2a: Archaludon
|-resisted|p2b: Pelipper
|-damage|p2a: Archaludon|0 fnt
|-damage|p2b: Pelipper|19/100 slp
|-unboost|p1a: Gholdengo|spa|1
|faint|p2a: Archaludon
|cant|p2b: Pelipper|slp
|
|-weather|RainDance|[upkeep]
|upkeep
|
|t:|1756377332
|switch|p2a: Incineroar|Incineroar, L50, F|35/100
|-ability|p2a: Incineroar|Intimidate|boost
|-unboost|p1a: Gholdengo|atk|1
|-unboost|p1b: Amoonguss|atk|1
|turn|10
|
|t:|1756377339
|move|p1a: Gholdengo|Protect|p1a: Gholdengo
|-singleturn|p1a: Gholdengo|Protect
|move|p1b: Amoonguss|Protect|p1b: Amoonguss
|-singleturn|p1b: Amoonguss|Protect
|move|p2a: Incineroar|Fake Out|p1b: Amoonguss
|-activate|p1b: Amoonguss|move: Protect
|-curestatus|p2b: Pelipper|slp|[msg]
|move|p2b: Pelipper|Hurricane|p1a: Gholdengo
|-activate|p1a: Gholdengo|move: Protect
|
|-weather|RainDance|[upkeep]
|upkeep
|turn|11
|-message|patata navidenya forfeited.
|
|win|gianisking
||patata navidenya is ready for game 2.
||gianisking is ready for game 2.
|uhtml|next|Next: Game 2 of 3
|l|☆patata navidenya
|player|p2|
|j|☆patata navidenya
|player|p2|patata navidenya|cilan|
