|j|☆Mumu 1406
|j|☆sicizi
|html|Mumu 1406sicizi    
|uhtml|bestof|Game 1 of a best-of-3
|t:|1756937460
|gametype|doubles
|player|p1|Mumu 1406|2|1040
|player|p2|sicizi|1|1040
|gen|9
|tier|[Gen 9] VGC 2025 Reg H (Bo3)
|rated|
|rule|Species Clause: Limit one of each Pokémon
|rule|Item Clause: Limit 1 of each item
|clearpoke
|poke|p1|Dragonite, L50, M|
|poke|p1|Gholdengo, L50|
|poke|p1|Ursaluna-Bloodmoon, L50, M|
|poke|p1|Annihilape, L50, M|
|poke|p1|Magmar, L50, M|
|poke|p1|Ninetales-Alola, L50, M|
|poke|p2|Charizard, L50, M|
|poke|p2|Torkoal, L50, M|
|poke|p2|Porygon2, L50|
|poke|p2|Incineroar, L50, F|
|poke|p2|Jumpluff, L50, F|
|poke|p2|Ursaluna, L50, M|
|teampreview|4
|showteam|p1|Dragonite||LoadedDice|Multiscale|ScaleShot,IceSpinner,Haze,Protect|||M|||50|,,,,,Fairy]Gholdengo||MetalCoat|GoodasGold|MakeItRain,ShadowBall,NastyPlot,Protect||||||50|,,,,,Water]Ursaluna-Bloodmoon||AssaultVest|MindsEye|BloodMoon,HyperVoice,VacuumWave,EarthPower|||M|||50|,,,,,Poison]Annihilape||Leftovers|Defiant|DrainPunch,RageFist,BulkUp,Protect|||M|||50|,,,,,Water]Magmar||Eviolite|VitalSpirit|BurningJealousy,Taunt,FollowMe,Protect|||M|||50|,,,,,Ghost]Ninetales-Alola||LightClay|SnowWarning|Blizzard,FreezeDry,AuroraVeil,Protect|||M|||50|,,,,,Ghost
|showteam|p2|Charizard||ChoiceSpecs|SolarPower|HeatWave,Overheat,WeatherBall,AirSlash|||M|||50|,,,,,Ghost]Torkoal||EjectPack|Drought|Eruption,Overheat,HelpingHand,Protect|||M|||50|,,,,,Fire]Porygon2||Eviolite|Download|IceBeam,TeraBlast,TrickRoom,Recover||||||50|,,,,,Fighting]Incineroar||SitrusBerry|Intimidate|FlareBlitz,KnockOff,FakeOut,PartingShot|||F|||50|,,,,,Ghost]Jumpluff||CovertCloak|Chlorophyll|SleepPowder,SunnyDay,RagePowder,Tailwind|||F|||50|,,,,,Water]Ursaluna||FlameOrb|Guts|HeadlongRush,Facade,Earthquake,Protect|||M|||50|,,,,,Ghost
|inactive|Battle timer is ON: inactive players will automatically lose when time's up. (requested by Mumu 1406)
|inactive|Mumu 1406 has 60 seconds left.
|inactive|sicizi has 60 seconds left.
|
|t:|1756937503
|teamsize|p1|4
|teamsize|p2|4
|start
|switch|p1a: Magmar|Magmar, L50, M|100/100
|switch|p1b: Dragonite|Dragonite, L50, M|100/100
|switch|p2a: Jumpluff|Jumpluff, L50, F|100/100
|switch|p2b: Incineroar|Incineroar, L50, F|100/100
|-ability|p2b: Incineroar|Intimidate|boost
|-unboost|p1a: Magmar|atk|1
|-unboost|p1b: Dragonite|atk|1
|turn|1
|inactive|Mumu 1406 has 30 seconds left.
|inactive|sicizi has 30 seconds left.
|
|t:|1756937535
|move|p1b: Dragonite|Protect|p1b: Dragonite
|-singleturn|p1b: Dragonite|Protect
|move|p2b: Incineroar|Fake Out|p1b: Dragonite
|-activate|p1b: Dragonite|move: Protect
|move|p2a: Jumpluff|Tailwind|p2a: Jumpluff
|-sidestart|p2: sicizi|move: Tailwind
|move|p1a: Magmar|Taunt|p2a: Jumpluff
|-start|p2a: Jumpluff|move: Taunt
|
|upkeep
|turn|2
|inactive|Mumu 1406 has 30 seconds left.
|inactive|sicizi has 30 seconds left.
|
|t:|1756937566
|switch|p2a: Charizard|Charizard, L50, M|100/100
|switch|p1b: Annihilape|Annihilape, L50, M|100/100
|move|p2b: Incineroar|Knock Off|p1b: Annihilape
|-damage|p1b: Annihilape|56/100
|-enditem|p1b: Annihilape|Leftovers|[from] move: Knock Off|[of] p2b: Incineroar
|move|p1a: Magmar|Burning Jealousy|p2a: Charizard|[spread] p2a,p2b
|-resisted|p2a: Charizard
|-resisted|p2b: Incineroar
|-damage|p2a: Charizard|87/100
|-damage|p2b: Incineroar|91/100
|
|upkeep
|turn|3
|inactive|Mumu 1406 has 30 seconds left.
|inactive|sicizi has 30 seconds left.
|
|t:|1756937594
|move|p1a: Magmar|Follow Me|p1a: Magmar
|-singleturn|p1a: Magmar|move: Follow Me
|move|p2a: Charizard|Heat Wave|p1a: Magmar|[spread] p1a
|-miss|p2a: Charizard|p1b: Annihilape
|-resisted|p1a: Magmar
|-crit|p1a: Magmar
|-damage|p1a: Magmar|71/100
|move|p2b: Incineroar|Knock Off|p1a: Magmar
|-damage|p1a: Magmar|34/100
|-enditem|p1a: Magmar|Eviolite|[from] move: Knock Off|[of] p2b: Incineroar
|move|p1b: Annihilape|Drain Punch|p2b: Incineroar
|-supereffective|p2b: Incineroar
|-crit|p2b: Incineroar
|-damage|p2b: Incineroar|1/100
|-heal|p1b: Annihilape|99/100|[from] drain|[of] p2b: Incineroar
|-enditem|p2b: Incineroar|Sitrus Berry|[eat]
|-heal|p2b: Incineroar|26/100|[from] item: Sitrus Berry
|
|upkeep
|turn|4
|inactive|Mumu 1406 has 30 seconds left.
|inactive|Mumu 1406 has 20 seconds left.
|
|t:|1756937633
|switch|p2b: Jumpluff|Jumpluff, L50, F|100/100
|-terastallize|p1b: Annihilape|Water
|move|p2a: Charizard|Heat Wave|p1b: Annihilape|[spread] p1b
|-miss|p2a: Charizard|p1a: Magmar
|-resisted|p1b: Annihilape
|-damage|p1b: Annihilape|76/100
|move|p1b: Annihilape|Rage Fist|p2a: Charizard
|-damage|p2a: Charizard|0 fnt
|faint|p2a: Charizard
|move|p1a: Magmar|Burning Jealousy|p2b: Jumpluff
|-supereffective|p2b: Jumpluff
|-damage|p2b: Jumpluff|47/100
|
|-sideend|p2: sicizi|move: Tailwind
|upkeep
|
|t:|1756937646
|switch|p2a: Porygon2|Porygon2, L50|100/100
|-ability|p2a: Porygon2|Download|boost
|-boost|p2a: Porygon2|atk|1
|turn|5
|
|t:|1756937667
|move|p1b: Annihilape|Protect|p1b: Annihilape
|-singleturn|p1b: Annihilape|Protect
|move|p2b: Jumpluff|Sleep Powder|p1b: Annihilape
|-activate|p1b: Annihilape|move: Protect
|move|p1a: Magmar|Taunt|p2a: Porygon2
|-start|p2a: Porygon2|move: Taunt
|move|p2a: Porygon2|Tera Blast|p1a: Magmar
|-damage|p1a: Magmar|0 fnt
|faint|p1a: Magmar
|
|upkeep
|
|t:|1756937680
|switch|p1a: Dragonite|Dragonite, L50, M|100/100
|turn|6
|
|t:|1756937698
|move|p2b: Jumpluff|Tailwind|p2b: Jumpluff
|-sidestart|p2: sicizi|move: Tailwind
|move|p2a: Porygon2|Tera Blast|p1b: Annihilape
|-damage|p1b: Annihilape|41/100
|move|p1b: Annihilape|Drain Punch|p2a: Porygon2
|-supereffective|p2a: Porygon2
|-damage|p2a: Porygon2|60/100
|-heal|p1b: Annihilape|60/100|[from] drain|[of] p2a: Porygon2
|move|p1a: Dragonite|Scale Shot|p2b: Jumpluff
|-crit|p2b: Jumpluff
|-damage|p2b: Jumpluff|18/100
|-damage|p2b: Jumpluff|0 fnt
|faint|p2b: Jumpluff
|-hitcount|p2: Jumpluff|2
|-unboost|p1a: Dragonite|def|1
|-boost|p1a: Dragonite|spe|1
|
|upkeep
|
|t:|1756937709
|switch|p2b: Incineroar|Incineroar, L50, F|26/100
|-ability|p2b: Incineroar|Intimidate|boost
|-unboost|p1a: Dragonite|atk|1
|-unboost|p1b: Annihilape|atk|1
|-ability|p1b: Annihilape|Defiant|boost
|-boost|p1b: Annihilape|atk|2
|turn|7
|
|t:|1756937732
|move|p1a: Dragonite|Protect|p1a: Dragonite
|-singleturn|p1a: Dragonite|Protect
|move|p2b: Incineroar|Fake Out|p1b: Annihilape
|-damage|p1b: Annihilape|48/100
|move|p2a: Porygon2|Ice Beam|p1a: Dragonite
|-activate|p1a: Dragonite|move: Protect
|cant|p1b: Annihilape|flinch
|
|-end|p2a: Porygon2|move: Taunt
|upkeep
|turn|8
|inactive|Mumu 1406 has 30 seconds left.
|
|t:|1756937767
|move|p2b: Incineroar|Knock Off|p1b: Annihilape
|-damage|p1b: Annihilape|20/100
|move|p1a: Dragonite|Scale Shot|p2b: Incineroar
|-damage|p2b: Incineroar|17/100
|-crit|p2b: Incineroar
|-damage|p2b: Incineroar|0 fnt
|faint|p2b: Incineroar
|-hitcount|p2: Incineroar|2
|-unboost|p1a: Dragonite|def|1
|-boost|p1a: Dragonite|spe|1
|move|p2a: Porygon2|Ice Beam|p1a: Dragonite
|-supereffective|p1a: Dragonite
|-damage|p1a: Dragonite|36/100
|move|p1b: Annihilape|Drain Punch|p2a: Porygon2
|-supereffective|p2a: Porygon2
|-damage|p2a: Porygon2|3/100
|-heal|p1b: Annihilape|47/100|[from] drain|[of] p2a: Porygon2
|
|upkeep
|turn|9
|
|t:|1756937788
|move|p1a: Dragonite|Ice Spinner|p2a: Porygon2
|-damage|p2a: Porygon2|0 fnt
|faint|p2a: Porygon2
|
|win|Mumu 1406
||Mumu 1406 is ready for game 2.
||sicizi is ready for game 2.
|uhtml|next|Next: Game 2 of 3
|l|☆sicizi
|player|p2|
