|j|☆sebasbd04
|j|☆tang de maracuja
|html|sebasbd04tang de maracuja    
|uhtml|bestof|Game 1 of a best-of-3
|t:|1785031948
|gametype|doubles
|player|p1|sebasbd04|giovanni|1267
|player|p2|tang de maracuja|morty|1374
|gen|9
|tier|[Gen 9 Champions] VGC 2026 Reg M-B (Bo3)
|rated|
|rule|Species Clause: Limit one of each Pokémon
|rule|Item Clause: Limit 1 of each item
|clearpoke
|poke|p1|Garchomp, L50, F|
|poke|p1|Venusaur, L50, F|
|poke|p1|Incineroar, L50, M|
|poke|p1|Charizard, L50, F|
|poke|p1|Toxapex, L50, F|
|poke|p1|Annihilape, L50, F|
|poke|p2|Whimsicott, L50, F|
|poke|p2|Glimmora, L50, F|
|poke|p2|Staraptor, L50, F|
|poke|p2|Garchomp, L50, M|
|poke|p2|Kingambit, L50, F|
|poke|p2|Delphox, L50, F|
|teampreview|4
|showteam|p1|Garchomp||ChoiceScarf|RoughSkin|Earthquake,RockSlide,DragonClaw,StompingTantrum|Adamant||F|||50|]Venusaur||LifeOrb|Chlorophyll|SludgeBomb,SolarBeam,EarthPower,Protect|Modest||F|||50|]Incineroar||SitrusBerry|Intimidate|FakeOut,FlareBlitz,ThroatChop,PartingShot|Impish||M|||50|]Charizard||CharizarditeY|Blaze|HeatWave,WeatherBall,Protect,HelpingHand|Modest||F|||50|]Toxapex||Leftovers|Regenerator|Infestation,Toxic,WideGuard,BanefulBunker|Impish||F|||50|]Annihilape||FocusSash|Defiant|CloseCombat,PhantomForce,RockTomb,Protect|Jolly||F|||50|
|showteam|p2|Whimsicott||OccaBerry|Prankster|Moonblast,Tailwind,Charm,LightScreen|Timid||F|||50|]Glimmora||FocusSash|ToxicDebris|PowerGem,SludgeBomb,EarthPower,Protect|Modest||F|||50|]Staraptor||Staraptite|Intimidate|CloseCombat,DualWingbeat,Roost,Protect|Jolly||F|||50|]Garchomp||LifeOrb|RoughSkin|DragonClaw,Earthquake,RockSlide,Protect|Jolly||M|||50|]Kingambit||ChopleBerry|Defiant|KowtowCleave,SuckerPunch,LowKick,IronHead|Adamant||F|||50|]Delphox||Delphoxite|Blaze|HeatWave,Psychic,Substitute,Protect|Timid||F|||50|
|inactive|Battle timer is ON: inactive players will automatically lose when time's up. (requested by tang de maracuja)
|inactive|sebasbd04 has 60 seconds left.
|inactive|tang de maracuja has 60 seconds left.
|inactive|sebasbd04 has 30 seconds left.
|
|t:|1785032012
|teamsize|p1|4
|teamsize|p2|4
|start
|switch|p1a: Charizard|Charizard, L50, F|100/100
|switch|p1b: Incineroar|Incineroar, L50, M|100/100
|switch|p2a: Staraptor|Staraptor, L50, F|100/100
|switch|p2b: Glimmora|Glimmora, L50, F|100/100
|-ability|p2a: Staraptor|Intimidate|boost
|-unboost|p1a: Charizard|atk|1
|-unboost|p1b: Incineroar|atk|1
|-ability|p1b: Incineroar|Intimidate|boost
|-unboost|p2a: Staraptor|atk|1
|-unboost|p2b: Glimmora|atk|1
|turn|1
|inactive|sebasbd04 has 30 seconds left.
|
|t:|1785032043
|detailschange|p2a: Staraptor|Staraptor-Mega, L50, F
|-mega|p2a: Staraptor|Staraptor|Staraptite
|detailschange|p1a: Charizard|Charizard-Mega-Y, L50, F
|-mega|p1a: Charizard|Charizard|Charizardite Y
|-weather|SunnyDay|[from] ability: Drought|[of] p1a: Charizard
|move|p1b: Incineroar|Fake Out|p2b: Glimmora
|-resisted|p2b: Glimmora|1
|-damage|p2b: Glimmora|95/100
|-activate|p2b: Glimmora|ability: Toxic Debris
|-sidestart|p1: sebasbd04|move: Toxic Spikes
|move|p2a: Staraptor|Close Combat|p1b: Incineroar
|-supereffective|p1b: Incineroar|1
|-damage|p1b: Incineroar|43/100
|-boost|p2a: Staraptor|def|1
|-boost|p2a: Staraptor|spd|1
|-enditem|p1b: Incineroar|Sitrus Berry|[eat]
|-heal|p1b: Incineroar|68/100|[from] item: Sitrus Berry
|cant|p2b: Glimmora|flinch
|move|p1a: Charizard|Heat Wave|p2a: Staraptor|[spread] p2a,p2b
|-resisted|p2b: Glimmora|1
|-damage|p2a: Staraptor|57/100
|-damage|p2b: Glimmora|55/100
|
|-weather|SunnyDay|[upkeep]
|upkeep
|turn|2
|inactive|sebasbd04 has 30 seconds left.
|inactive|tang de maracuja has 30 seconds left.
|
|t:|1785032076
|switch|p1b: Venusaur|Venusaur, L50, F|100/100
|-sideend|p1: sebasbd04|move: Toxic Spikes|[of] p1b: Venusaur
|move|p1a: Charizard|Protect|p1a: Charizard
|-singleturn|p1a: Charizard|Protect
|move|p2a: Staraptor|Roost|p2a: Staraptor
|-heal|p2a: Staraptor|100/100
|-singleturn|p2a: Staraptor|move: Roost
|move|p2b: Glimmora|Power Gem|p1b: Venusaur
|-damage|p1b: Venusaur|43/100
|
|-weather|SunnyDay|[upkeep]
|upkeep
|turn|3
|inactive|tang de maracuja has 30 seconds left.
|
|t:|1785032102
|move|p1b: Venusaur|Protect|p1b: Venusaur
|-singleturn|p1b: Venusaur|Protect
|move|p2b: Glimmora|Protect|p2b: Glimmora
|-singleturn|p2b: Glimmora|Protect
|move|p2a: Staraptor|Dual Wingbeat|p1b: Venusaur
|-activate|p1b: Venusaur|move: Protect
|move|p1a: Charizard|Heat Wave|p2b: Glimmora|[spread] p2a
|-activate|p2b: Glimmora|move: Protect
|-damage|p2a: Staraptor|60/100
|
|-weather|SunnyDay|[upkeep]
|upkeep
|turn|4
|
|t:|1785032122
|switch|p2b: Garchomp|Garchomp, L50, M|100/100
|move|p1b: Venusaur|Earth Power|p2b: Garchomp
|-damage|p2b: Garchomp|59/100
|-damage|p1b: Venusaur|33/100|[from] item: Life Orb
|move|p2a: Staraptor|Close Combat|p1a: Charizard
|-resisted|p1a: Charizard|1
|-damage|p1a: Charizard|80/100
|-boost|p2a: Staraptor|def|1
|-boost|p2a: Staraptor|spd|1
|move|p1a: Charizard|Heat Wave|p2a: Staraptor|[spread] p2a,p2b
|-resisted|p2b: Garchomp|1
|-damage|p2a: Staraptor|26/100
|-damage|p2b: Garchomp|28/100
|
|-weather|SunnyDay|[upkeep]
|upkeep
|turn|5
|inactive|sebasbd04 has 30 seconds left.
|
|t:|1785032148
|move|p2a: Staraptor|Protect|p2a: Staraptor
|-singleturn|p2a: Staraptor|Protect
|move|p1a: Charizard|Protect|p1a: Charizard
|-singleturn|p1a: Charizard|Protect
|move|p1b: Venusaur|Solar Beam||[still]
|-prepare|p1b: Venusaur|Solar Beam
|-anim|p1b: Venusaur|Solar Beam|p2b: Garchomp
|-damage|p2b: Garchomp|0 fnt
|faint|p2b: Garchomp
|-damage|p1b: Venusaur|24/100|[from] item: Life Orb
|
|-weather|none
|upkeep
|
|t:|1785032165
|switch|p2b: Glimmora|Glimmora, L50, F|55/100
|turn|6
|
|t:|1785032176
|switch|p1a: Toxapex|Toxapex, L50, F|100/100
|move|p1b: Venusaur|Protect|p1b: Venusaur
|-singleturn|p1b: Venusaur|Protect
|move|p2a: Staraptor|Roost|p2a: Staraptor
|-heal|p2a: Staraptor|76/100
|-singleturn|p2a: Staraptor|move: Roost
|move|p2b: Glimmora|Power Gem|p1b: Venusaur
|-activate|p1b: Venusaur|move: Protect
|
|upkeep
|turn|7
|inactive|sebasbd04 has 30 seconds left.
|
|t:|1785032205
|switch|p2b: Whimsicott|Whimsicott, L50, F|100/100
|move|p2a: Staraptor|Dual Wingbeat|p1b: Venusaur
|-supereffective|p1b: Venusaur|1
|-damage|p1b: Venusaur|0 fnt
|faint|p1b: Venusaur
|-hitcount|p1: Venusaur|1
|move|p1a: Toxapex|Toxic|p2a: Staraptor
|-status|p2a: Staraptor|tox
|
|-damage|p2a: Staraptor|70/100 tox|[from] psn
|upkeep
|
|t:|1785032224
|switch|p1b: Charizard|Charizard-Mega-Y, L50, F|80/100
|-weather|SunnyDay|[from] ability: Drought|[of] p1b: Charizard
|turn|8
|inactive|tang de maracuja has 30 seconds left.
|
|t:|1785032250
|move|p2b: Whimsicott|Charm|p2a: Staraptor
|-boost|p2a: Staraptor|atk|2
|move|p2a: Staraptor|Close Combat|p1b: Charizard
|-resisted|p1b: Charizard|1
|-damage|p1b: Charizard|35/100
|-boost|p2a: Staraptor|def|1
|-boost|p2a: Staraptor|spd|1
|move|p1b: Charizard|Heat Wave|p2b: Whimsicott|[spread] p2a,p2b
|-supereffective|p2b: Whimsicott|1
|-enditem|p2b: Whimsicott|Occa Berry|[eat]
|-enditem|p2b: Whimsicott|Occa Berry|[weaken]
|-damage|p2a: Staraptor|45/100 tox
|-damage|p2b: Whimsicott|13/100
|move|p1a: Toxapex|Infestation|p2a: Staraptor
|-resisted|p2a: Staraptor|2
|-damage|p2a: Staraptor|44/100 tox
|-activate|p2a: Staraptor|move: Infestation|[of] p1a: Toxapex
|
|-weather|SunnyDay|[upkeep]
|-damage|p2a: Staraptor|32/100 tox|[from] psn
|-damage|p2a: Staraptor|20/100y tox|[from] move: Infestation|[partiallytrapped]
|upkeep
|turn|9
|
|t:|1785032268
|move|p1b: Charizard|Protect|p1b: Charizard
|-singleturn|p1b: Charizard|Protect
|move|p1a: Toxapex|Baneful Bunker|p1a: Toxapex
|-singleturn|p1a: Toxapex|move: Protect
|move|p2b: Whimsicott|Light Screen|p2b: Whimsicott
|-sidestart|p2: tang de maracuja|move: Light Screen
|move|p2a: Staraptor|Dual Wingbeat|p1a: Toxapex
|-activate|p1a: Toxapex|move: Protect
|
|-weather|SunnyDay|[upkeep]
|-damage|p2a: Staraptor|2/100 tox|[from] psn
|-damage|p2a: Staraptor|0 fnt|[from] move: Infestation|[partiallytrapped]
|faint|p2a: Staraptor
|upkeep
|
|t:|1785032271
|switch|p2a: Glimmora|Glimmora, L50, F|55/100
|turn|10
|
|t:|1785032296
|move|p1b: Charizard|Protect||[still]
|-fail|p1b: Charizard
|move|p2b: Whimsicott|Moonblast|p1a: Toxapex
|-resisted|p1a: Toxapex|1
|-damage|p1a: Toxapex|88/100
|move|p2a: Glimmora|Power Gem|p1b: Charizard
|-supereffective|p1b: Charizard|2
|-damage|p1b: Charizard|0 fnt
|faint|p1b: Charizard
|move|p1a: Toxapex|Infestation|p2a: Glimmora
|-resisted|p2a: Glimmora|1
|-crit|p2a: Glimmora
|-damage|p2a: Glimmora|53/100
|-activate|p2a: Glimmora|move: Infestation|[of] p1a: Toxapex
|
|-weather|SunnyDay|[upkeep]
|-heal|p1a: Toxapex|94/100|[from] item: Leftovers
|-damage|p2a: Glimmora|40/100|[from] move: Infestation|[partiallytrapped]
|upkeep
|
|t:|1785032307
|switch|p1b: Incineroar|Incineroar, L50, M|68/100
|-ability|p1b: Incineroar|Intimidate|boost
|-unboost|p2a: Glimmora|atk|1
|-unboost|p2b: Whimsicott|atk|1
|turn|11
|inactive|tang de maracuja has 30 seconds left.
|
|t:|1785032340
|move|p2a: Glimmora|Protect|p2a: Glimmora
|-singleturn|p2a: Glimmora|Protect
|move|p1b: Incineroar|Fake Out|p2a: Glimmora
|-activate|p2a: Glimmora|move: Protect
|move|p2b: Whimsicott|Charm|p1b: Incineroar
|-hint|Since gen 7, Dark is immune to Prankster moves.
|-immune|p1b: Incineroar
|move|p1a: Toxapex|Toxic|p2b: Whimsicott
|-status|p2b: Whimsicott|tox
|
|-weather|SunnyDay|[upkeep]
|-heal|p1a: Toxapex|100/100|[from] item: Leftovers
|-damage|p2b: Whimsicott|7/100 tox|[from] psn
|-damage|p2a: Glimmora|28/100|[from] move: Infestation|[partiallytrapped]
|upkeep
|turn|12
|inactive|sebasbd04 has 30 seconds left.
|
|t:|1785032366
|move|p2b: Whimsicott|Moonblast|p1b: Incineroar
|-damage|p1b: Incineroar|41/100
|move|p2a: Glimmora|Power Gem|p1b: Incineroar
|-supereffective|p1b: Incineroar|1
|-damage|p1b: Incineroar|0 fnt
|faint|p1b: Incineroar
|move|p1a: Toxapex|Infestation|p2b: Whimsicott
|-damage|p2b: Whimsicott|4/100 tox
|-activate|p2b: Whimsicott|move: Infestation|[of] p1a: Toxapex
|
|-weather|none
|-damage|p2b: Whimsicott|0 fnt|[from] psn
|faint|p2b: Whimsicott
|-damage|p2a: Glimmora|15/100|[from] move: Infestation|[partiallytrapped]
|upkeep
|turn|13
|
|t:|1785032380
|move|p1a: Toxapex|Baneful Bunker|p1a: Toxapex
|-singleturn|p1a: Toxapex|move: Protect
|move|p2a: Glimmora|Earth Power|p1a: Toxapex
|-activate|p1a: Toxapex|move: Protect
|
|-damage|p2a: Glimmora|3/100|[from] move: Infestation|[partiallytrapped]
|-sideend|p2: tang de maracuja|move: Light Screen
|upkeep
|turn|14
|
|t:|1785032388
|move|p1a: Toxapex|Baneful Bunker||[still]
|-fail|p1a: Toxapex
|move|p2a: Glimmora|Earth Power|p1a: Toxapex
|-supereffective|p1a: Toxapex|1
|-damage|p1a: Toxapex|46/100
|
|-heal|p1a: Toxapex|52/100|[from] item: Leftovers
|-end|p2a: Glimmora|Infestation|[partiallytrapped]
|upkeep
|turn|15
|
|t:|1785032400
|move|p2a: Glimmora|Earth Power|p1a: Toxapex
|-supereffective|p1a: Toxapex|1
|-crit|p1a: Toxapex
|-damage|p1a: Toxapex|0 fnt
|faint|p1a: Toxapex
|
|win|tang de maracuja
||tang de maracuja is ready for game 2.
||sebasbd04 is ready for game 2.
|uhtml|next|Next: Game 2 of 3
