|j|☆eutherians
|j|☆Sakky09
|html|eutheriansSakky09    
|uhtml|bestof|Game 1 of a best-of-3
|t:|1757154353
|gametype|doubles
|player|p1|eutherians|169|1272
|player|p2|Sakky09|sailor|1314
|gen|9
|tier|[Gen 9] VGC 2025 Reg H (Bo3)
|rated|
|rule|Species Clause: Limit one of each Pokémon
|rule|Item Clause: Limit 1 of each item
|clearpoke
|poke|p1|Dragonite, L50, M|
|poke|p1|Sneasler, L50, M|
|poke|p1|Indeedee-F, L50, F|
|poke|p1|Basculegion, L50, M|
|poke|p1|Annihilape, L50, M|
|poke|p1|Volcarona, L50, M|
|poke|p2|Pelipper, L50, M|
|poke|p2|Archaludon, L50, F|
|poke|p2|Dragonite, L50, M|
|poke|p2|Gholdengo, L50|
|poke|p2|Ursaluna, L50, F|
|poke|p2|Sinistcha, L50|
|teampreview|4
|showteam|p1|Dragonite||LoadedDice|Multiscale|ScaleShot,IronHead,Haze,Protect|||M|||50|,,,,,Steel]Sneasler||PsychicSeed|Unburden|DireClaw,CloseCombat,ThroatChop,Protect|||M|||50|,,,,,Dark]Indeedee-F||LumBerry|PsychicSurge|Psychic,HelpingHand,FollowMe,Protect|||F|||50|,,,,,Fairy]Basculegion||ChoiceScarf|Adaptability|WaveCrash,LastRespects,TeraBlast,FlipTurn|||M|||50|,,,,,Fighting]Annihilape||SafetyGoggles|Defiant|RageFist,CloseCombat,FinalGambit,Taunt|||M|||50|,,,,,Fire]Volcarona||LifeOrb|FlameBody|TeraBlast,HeatWave,QuiverDance,Protect|||M|||50|,,,,,Fairy
|showteam|p2|Pelipper||FocusSash|Drizzle|MuddyWater,Hurricane,Tailwind,Protect|||M|||50|,,,,,Steel]Archaludon||AssaultVest|Stamina|FlashCannon,BodyPress,ElectroShot,Snarl|||F|||50|,,,,,Fighting]Dragonite||LoadedDice|Multiscale|ScaleShot,Tailwind,Haze,Protect|||M|||50|,,,,,Fairy]Gholdengo||ChoiceScarf|GoodasGold|MakeItRain,ShadowBall,Trick,Protect||||||50|,,,,,Flying]Ursaluna||FlameOrb|Guts|Facade,HeadlongRush,Earthquake,Protect|||F|||50|,,,,,Ghost]Sinistcha||SitrusBerry|Hospitality|MatchaGotcha,LifeDew,RagePowder,TrickRoom||||||50|,,,,,Dark
|inactive|Battle timer is ON: inactive players will automatically lose when time's up. (requested by Sakky09)
|inactive|Sakky09 has 60 seconds left.
|
|t:|1757154403
|teamsize|p1|4
|teamsize|p2|4
|start
|switch|p1a: Annihilape|Annihilape, L50, M|100/100
|switch|p1b: Dragonite|Dragonite, L50, M|100/100
|switch|p2a: Gholdengo|Gholdengo, L50|100/100
|switch|p2b: Dragonite|Dragonite, L50, M|100/100
|turn|1
|inactive|eutherians has 30 seconds left.
|inactive|Sakky09 has 30 seconds left.
|inactive|eutherians has 20 seconds left.
|inactive|eutherians has 15 seconds left.
|
|t:|1757154444
|switch|p2b: Archaludon|Archaludon, L50, F|100/100
|-terastallize|p1b: Dragonite|Steel
|move|p2a: Gholdengo|Trick|p1a: Annihilape
|-activate|p2a: Gholdengo|move: Trick|[of] p1a: Annihilape
|-item|p1a: Annihilape|Choice Scarf|[from] move: Trick
|-item|p2a: Gholdengo|Safety Goggles|[from] move: Trick
|move|p1a: Annihilape|Rage Fist|p2a: Gholdengo
|-supereffective|p2a: Gholdengo
|-damage|p2a: Gholdengo|55/100
|move|p1b: Dragonite|Scale Shot|p2a: Gholdengo
|-resisted|p2a: Gholdengo
|-damage|p2a: Gholdengo|47/100
|-resisted|p2a: Gholdengo
|-damage|p2a: Gholdengo|39/100
|-resisted|p2a: Gholdengo
|-damage|p2a: Gholdengo|29/100
|-resisted|p2a: Gholdengo
|-crit|p2a: Gholdengo
|-damage|p2a: Gholdengo|16/100
|-resisted|p2a: Gholdengo
|-damage|p2a: Gholdengo|7/100
|-hitcount|p2a: Gholdengo|5
|-unboost|p1b: Dragonite|def|1
|-boost|p1b: Dragonite|spe|1
|
|upkeep
|turn|2
|inactive|eutherians has 30 seconds left.
|inactive|Sakky09 has 30 seconds left.
|inactive|eutherians has 20 seconds left.
|inactive|Sakky09 has 20 seconds left.
|inactive|Sakky09 has 15 seconds left.
|inactive|Sakky09 has 10 seconds left.
|
|t:|1757154490
|switch|p1a: Sneasler|Sneasler, L50, M|100/100
|move|p2a: Gholdengo|Protect|p2a: Gholdengo
|-singleturn|p2a: Gholdengo|Protect
|move|p1b: Dragonite|Scale Shot|p2a: Gholdengo
|-activate|p2a: Gholdengo|move: Protect
|move|p2b: Archaludon|Body Press|p1b: Dragonite
|-supereffective|p1b: Dragonite
|-damage|p1b: Dragonite|59/100
|
|upkeep
|turn|3
|inactive|Sakky09 has 30 seconds left.
|inactive|eutherians has 30 seconds left.
|
|t:|1757154524
|switch|p2a: Pelipper|Pelipper, L50, M|100/100
|-weather|RainDance|[from] ability: Drizzle|[of] p2a: Pelipper
|-terastallize|p2b: Archaludon|Fighting
|move|p1b: Dragonite|Protect|p1b: Dragonite
|-singleturn|p1b: Dragonite|Protect
|move|p1a: Sneasler|Throat Chop|p2a: Pelipper
|-damage|p2a: Pelipper|61/100
|-start|p2a: Pelipper|Throat Chop|[silent]
|move|p2b: Archaludon|Electro Shot||[still]
|-prepare|p2b: Archaludon|Electro Shot
|-boost|p2b: Archaludon|spa|1
|-anim|p2b: Archaludon|Electro Shot|p1a: Sneasler
|-damage|p1a: Sneasler|19/100
|
|-weather|RainDance|[upkeep]
|upkeep
|turn|4
|inactive|eutherians has 30 seconds left.
|inactive|Sakky09 has 30 seconds left.
|inactive|Sakky09 has 20 seconds left.
|inactive|Sakky09 has 15 seconds left.
|
|t:|1757154565
|move|p1b: Dragonite|Scale Shot|p2a: Pelipper
|-damage|p2a: Pelipper|41/100
|-damage|p2a: Pelipper|21/100
|-damage|p2a: Pelipper|1/100
|-crit|p2a: Pelipper
|-damage|p2a: Pelipper|0 fnt
|faint|p2a: Pelipper
|-hitcount|p2: Pelipper|4
|-unboost|p1b: Dragonite|def|1
|-boost|p1b: Dragonite|spe|1
|move|p1a: Sneasler|Dire Claw|p2b: Archaludon
|-damage|p2b: Archaludon|70/100
|-status|p2b: Archaludon|slp
|-ability|p2b: Archaludon|Stamina|boost
|-boost|p2b: Archaludon|def|1
|cant|p2b: Archaludon|slp
|
|-weather|RainDance|[upkeep]
|upkeep
|
|t:|1757154589
|switch|p2a: Dragonite|Dragonite, L50, M|100/100
|turn|5
|
|t:|1757154606
|move|p2a: Dragonite|Protect|p2a: Dragonite
|-singleturn|p2a: Dragonite|Protect
|move|p1b: Dragonite|Scale Shot|p2a: Dragonite
|-activate|p2a: Dragonite|move: Protect
|move|p1a: Sneasler|Dire Claw|p2a: Dragonite
|-activate|p2a: Dragonite|move: Protect
|cant|p2b: Archaludon|slp
|
|-weather|RainDance|[upkeep]
|upkeep
|turn|6
|inactive|Sakky09 has 30 seconds left.
|
|t:|1757154634
|switch|p2a: Gholdengo|Gholdengo, L50|7/100
|move|p1b: Dragonite|Scale Shot|p2a: Gholdengo
|-resisted|p2a: Gholdengo
|-damage|p2a: Gholdengo|0 fnt
|faint|p2a: Gholdengo
|-hitcount|p2: Gholdengo|1
|-unboost|p1b: Dragonite|def|1
|-boost|p1b: Dragonite|spe|1
|move|p1a: Sneasler|Dire Claw|p2b: Archaludon
|-damage|p2b: Archaludon|50/100 slp
|-ability|p2b: Archaludon|Stamina|boost
|-boost|p2b: Archaludon|def|1
|-curestatus|p2b: Archaludon|slp|[msg]
|move|p2b: Archaludon|Electro Shot||[still]
|-prepare|p2b: Archaludon|Electro Shot
|-boost|p2b: Archaludon|spa|1
|-anim|p2b: Archaludon|Electro Shot|p1b: Dragonite
|-damage|p1b: Dragonite|0 fnt
|faint|p1b: Dragonite
|
|-weather|RainDance|[upkeep]
|upkeep
|
|t:|1757154655
|switch|p2a: Dragonite|Dragonite, L50, M|100/100
|switch|p1b: Annihilape|Annihilape, L50, M|100/100
|turn|7
|inactive|Sakky09 has 30 seconds left.
|
|t:|1757154683
|move|p1a: Sneasler|Protect|p1a: Sneasler
|-singleturn|p1a: Sneasler|Protect
|move|p2a: Dragonite|Protect|p2a: Dragonite
|-singleturn|p2a: Dragonite|Protect
|move|p1b: Annihilape|Final Gambit|p2b: Archaludon
|-damage|p2b: Archaludon|0 fnt
|faint|p1b: Annihilape
|faint|p2b: Archaludon
|
|-weather|none
|upkeep
|
|t:|1757154695
|switch|p1b: Basculegion|Basculegion, L50, M|100/100
|turn|8
|
|t:|1757154707
|move|p1b: Basculegion|Last Respects|p2a: Dragonite
|-damage|p2a: Dragonite|41/100
|move|p1a: Sneasler|Dire Claw|p2a: Dragonite
|-damage|p2a: Dragonite|0 fnt
|faint|p2a: Dragonite
|
|win|eutherians
|l|☆Sakky09
|player|p2|
||eutherians is ready for game 2.
|inactive|Sakky09 has 30 seconds to confirm battle start!
||Sakky09 is ready for game 2.
|uhtml|next|Next: Game 2 of 3
