|j|☆Spiffybones
|j|☆sum1dum
|html|Spiffybonessum1dum    
|uhtml|bestof|Game 1 of a best-of-3
|t:|1783112580
|gametype|doubles
|player|p1|Spiffybones|2|1137
|player|p2|sum1dum|rosa|1194
|gen|9
|tier|[Gen 9 Champions] VGC 2026 Reg M-B (Bo3)
|rated|
|rule|Species Clause: Limit one of each Pokémon
|rule|Item Clause: Limit 1 of each item
|clearpoke
|poke|p1|Talonflame, L50, F|
|poke|p1|Sinistcha, L50|
|poke|p1|Staraptor, L50, F|
|poke|p1|Toxapex, L50, F|
|poke|p1|Altaria, L50, M|
|poke|p1|Gholdengo, L50|
|poke|p2|Gliscor, L50, F|
|poke|p2|Primarina, L50, M|
|poke|p2|Metagross, L50|
|poke|p2|Ninetales-Alola, L50, F|
|poke|p2|Incineroar, L50, M|
|poke|p2|Sinistcha, L50|
|teampreview|4
|showteam|p1|Talonflame||MentalHerb|GaleWings|Tailwind,BraveBird,FeatherDance,Uturn|Jolly||F|||50|]Sinistcha||Leftovers|Hospitality|MatchaGotcha,RagePowder,Protect,LifeDew|Modest|||||50|]Staraptor||Staraptite|Intimidate|DualWingbeat,CloseCombat,Protect,Roost|Adamant||F|||50|]Toxapex||LumBerry|Regenerator|BanefulBunker,Toxic,ChillingWater,Infestation|Calm||F|||50|]Altaria||WideLens|CloudNine|AlluringVoice,Protect,WillOWisp,FireBlast|Calm||M|||50|]Gholdengo||ChoiceScarf|GoodasGold|Memento,MakeItRain,ShadowBall,Trick|Modest|||||50|
|showteam|p2|Gliscor||LifeOrb|HyperCutter|DualWingbeat,HighHorsepower,Protect,RockSlide|Jolly||F|||50|]Primarina||Leftovers|LiquidVoice|CalmMind,HyperVoice,Moonblast,Protect|Modest||M|||50|]Metagross||Metagrossite|ClearBody|BulletPunch,IronHead,Protect,PsychicFangs|Jolly|||||50|]Ninetales-Alola||LightClay|SnowWarning|AuroraVeil,FreezeDry,Moonblast,Protect|Timid||F|||50|]Incineroar||ChopleBerry|Intimidate|FakeOut,FlareBlitz,DarkestLariat,PartingShot|Impish||M|||50|]Sinistcha||SitrusBerry|Hospitality|MatchaGotcha,Protect,LifeDew,RagePowder|Bold|||||50|
|inactive|Battle timer is ON: inactive players will automatically lose when time's up. (requested by sum1dum)
|inactive|Spiffybones has 60 seconds left.
|inactive|sum1dum has 60 seconds left.
|c|☆Spiffybones|glhf
|
|t:|1783112620
|teamsize|p1|4
|teamsize|p2|4
|start
|switch|p1a: reawdy2die|Talonflame, L50, F|100/100
|switch|p1b: bigguy|Staraptor, L50, F|100/100
|switch|p2a: Justice|Incineroar, L50, M|100/100
|switch|p2b: Patience|Primarina, L50, M|100/100
|-ability|p1b: bigguy|Intimidate|boost
|-unboost|p2a: Justice|atk|1
|-unboost|p2b: Patience|atk|1
|-ability|p2a: Justice|Intimidate|boost
|-unboost|p1a: reawdy2die|atk|1
|-unboost|p1b: bigguy|atk|1
|turn|1
|inactive|Spiffybones has 30 seconds left.
|c|☆sum1dum|you too!
|inactive|Spiffybones has 20 seconds left.
|
|t:|1783112659
|detailschange|p1b: bigguy|Staraptor-Mega, L50, F
|-mega|p1b: bigguy|Staraptor|Staraptite
|move|p2a: Justice|Fake Out|p1a: reawdy2die
|-damage|p1a: reawdy2die|89/100
|cant|p1a: reawdy2die|flinch
|move|p1b: bigguy|Close Combat|p2a: Justice
|-supereffective|p2a: Justice|1
|-enditem|p2a: Justice|Chople Berry|[eat]
|-enditem|p2a: Justice|Chople Berry|[weaken]
|-damage|p2a: Justice|61/100
|-boost|p1b: bigguy|def|1
|-boost|p1b: bigguy|spd|1
|move|p2b: Patience|Hyper Voice|p1b: bigguy|[spread] p1a,p1b
|-supereffective|p1a: reawdy2die|1
|-damage|p1a: reawdy2die|0 fnt
|-damage|p1b: bigguy|79/100
|faint|p1a: reawdy2die
|
|upkeep
|
|t:|1783112674
|switch|p1a: srry|Toxapex, L50, F|100/100
|turn|2
|
|t:|1783112694
|switch|p2a: Perserverance|Metagross, L50|100/100
|move|p2b: Patience|Protect|p2b: Patience
|-singleturn|p2b: Patience|Protect
|move|p1b: bigguy|Close Combat|p2a: Perserverance
|-damage|p2a: Perserverance|54/100
|-boost|p1b: bigguy|def|1
|-boost|p1b: bigguy|spd|1
|move|p1a: srry|Chilling Water|p1b: bigguy
|-damage|p1b: bigguy|74/100
|-boost|p1b: bigguy|atk|1
|
|upkeep
|turn|3
|
|t:|1783112717
|switch|p1a: sinistchaa|Sinistcha, L50|100/100
|-heal|p1b: bigguy|98/100|[from] ability: Hospitality|[of] p1a: sinistchaa
|detailschange|p2a: Perserverance|Metagross-Mega, L50
|-mega|p2a: Perserverance|Metagross|Metagrossite
|move|p2a: Perserverance|Psychic Fangs|p1b: bigguy
|-supereffective|p1b: bigguy|1
|-damage|p1b: bigguy|39/100
|move|p1b: bigguy|Close Combat|p2b: Patience
|-resisted|p2b: Patience|1
|-damage|p2b: Patience|66/100
|-boost|p1b: bigguy|def|1
|-boost|p1b: bigguy|spd|1
|move|p2b: Patience|Moonblast|p1b: bigguy
|-supereffective|p1b: bigguy|1
|-damage|p1b: bigguy|5/100
|
|-heal|p2b: Patience|72/100|[from] item: Leftovers
|upkeep
|turn|4
|
|t:|1783112741
|move|p1a: sinistchaa|Rage Powder|p1a: sinistchaa
|-singleturn|p1a: sinistchaa|move: Rage Powder
|move|p2a: Perserverance|Bullet Punch|p1a: sinistchaa
|-damage|p1a: sinistchaa|73/100
|move|p1b: bigguy|Roost|p1b: bigguy
|-heal|p1b: bigguy|55/100
|-singleturn|p1b: bigguy|move: Roost
|move|p2b: Patience|Calm Mind|p2b: Patience
|-boost|p2b: Patience|spa|1
|-boost|p2b: Patience|spd|1
|
|-heal|p1a: sinistchaa|79/100|[from] item: Leftovers
|-heal|p2b: Patience|78/100|[from] item: Leftovers
|upkeep
|turn|5
|
|t:|1783112763
|move|p2a: Perserverance|Psychic Fangs|p1b: bigguy
|-supereffective|p1b: bigguy|1
|-damage|p1b: bigguy|0 fnt
|faint|p1b: bigguy
|move|p1a: sinistchaa|Matcha Gotcha|p2a: Perserverance|[spread] p2a,p2b
|-resisted|p2a: Perserverance|1
|-supereffective|p2b: Patience|1
|-damage|p2a: Perserverance|39/100
|-heal|p1a: sinistchaa|85/100|[from] drain|[of] p2a: Perserverance
|-damage|p2b: Patience|45/100
|-heal|p1a: sinistchaa|100/100|[from] drain|[of] p2b: Patience
|move|p2b: Patience|Moonblast|p1a: sinistchaa
|-damage|p1a: sinistchaa|32/100
|
|-heal|p1a: sinistchaa|38/100|[from] item: Leftovers
|-heal|p2b: Patience|51/100|[from] item: Leftovers
|upkeep
|
|t:|1783112766
|switch|p1b: srry|Toxapex, L50, F|100/100
|turn|6
|-message|Spiffybones forfeited.
|
|win|sum1dum
