|j|☆teamfollower
|j|☆Fell Blue
|html|teamfollowerFell Blue    
|uhtml|bestof|Game 2 of a best-of-3
|t:|1784175072
|gametype|doubles
|player|p1|teamfollower|cheren|1357
|player|p2|Fell Blue|fantina|1314
|gen|9
|tier|[Gen 9 Champions] VGC 2026 Reg M-B (Bo3)
|rated|
|rule|Species Clause: Limit one of each Pokémon
|rule|Item Clause: Limit 1 of each item
|clearpoke
|poke|p1|Froslass, L50, F|
|poke|p1|Dragonite, L50, F|
|poke|p1|Toxapex, L50, F|
|poke|p1|Sneasler, L50, M|
|poke|p1|Kingambit, L50, F|
|poke|p1|Blaziken, L50, M|
|poke|p2|Mawile, L50, F|
|poke|p2|Farigiraf, L50, F|
|poke|p2|Drampa, L50, M|
|poke|p2|Kleavor, L50, M|
|poke|p2|Araquanid, L50, M|
|poke|p2|Incineroar, L50, F|
|teampreview|4
|showteam|p1|Froslass||Froslassite|CursedBody|Blizzard,ShadowBall,AuroraVeil,Protect|Timid||F|||50|]Dragonite||LifeOrb|InnerFocus|DragonClaw,ExtremeSpeed,LowKick,Protect|Adamant||F|||50|]Toxapex||Leftovers|Regenerator|Infestation,Toxic,WideGuard,BanefulBunker|Bold||F|||50|]Sneasler||FocusSash|PoisonTouch|PoisonJab,CloseCombat,FakeOut,Protect|Jolly||M|||50|]Kingambit||BlackGlasses|Defiant|KowtowCleave,IronHead,SuckerPunch,Protect|Adamant||F|||50|]Blaziken||Blazikenite|SpeedBoost|FlareBlitz,CloseCombat,RockTomb,Protect|Adamant||M|||50|
|showteam|p2|Mawile||Mawilite|HyperCutter|RockSlide,PlayRough,SuckerPunch,BrickBreak|Brave||F|||50|]Farigiraf||SitrusBerry|ArmorTail|Thunderbolt,HelpingHand,Psychic,TrickRoom|Modest||F|||50|]Drampa||Drampanite|CloudNine|EarthPower,EnergyBall,Thunderbolt,Protect|Quiet||M|||50|]Kleavor||FocusSash|Sharpness|StoneAxe,CloseCombat,XScissor,NightSlash|Adamant||M|||50|]Araquanid||MysticWater|WaterBubble|Surf,HydroPump,MirrorCoat,Endeavor|Quiet||M|||50|]Incineroar||LifeOrb|Intimidate|CloseCombat,FlareBlitz,FakeOut,ThroatChop|Brave||F|||50|
|inactive|Battle timer is ON: inactive players will automatically lose when time's up. (requested by teamfollower)
|
|t:|1784175099
|teamsize|p1|4
|teamsize|p2|4
|start
|switch|p1a: Blaziken|Blaziken, L50, M|100/100
|switch|p1b: Kingambit|Kingambit, L50, F|100/100
|switch|p2a: Farigiraf|Farigiraf, L50, F|100/100
|switch|p2b: Kleavor|Kleavor, L50, M|100/100
|turn|1
|
|t:|1784175123
|switch|p1b: Toxapex|Toxapex, L50, F|100/100
|move|p1a: Blaziken|Flare Blitz|p2b: Kleavor
|-damage|p2b: Kleavor|41/100
|-damage|p1a: Blaziken|79/100|[from] Recoil
|move|p2b: Kleavor|Stone Axe|p1a: Blaziken|[miss]
|-miss|p2b: Kleavor|p1a: Blaziken
|move|p2a: Farigiraf|Trick Room|p2a: Farigiraf
|-fieldstart|move: Trick Room|[of] p2a: Farigiraf
|
|-ability|p1a: Blaziken|Speed Boost|boost
|-boost|p1a: Blaziken|spe|1
|upkeep
|turn|2
|inactive|Fell Blue has 30 seconds left.
|
|t:|1784175149
|move|p1b: Toxapex|Toxic|p2b: Kleavor
|-status|p2b: Kleavor|tox
|move|p2a: Farigiraf|Psychic|p1a: Blaziken
|-supereffective|p1a: Blaziken|1
|-damage|p1a: Blaziken|0 fnt
|faint|p1a: Blaziken
|move|p2b: Kleavor|Stone Axe|p1b: Toxapex
|-damage|p1b: Toxapex|64/100
|-sidestart|p1: teamfollower|move: Stealth Rock
|
|-heal|p1b: Toxapex|70/100|[from] item: Leftovers
|-damage|p2b: Kleavor|35/100 tox|[from] psn
|upkeep
|
|t:|1784175159
|switch|p1a: Kingambit|Kingambit, L50, F|100/100
|-damage|p1a: Kingambit|94/100|[from] Stealth Rock
|turn|3
|
|t:|1784175167
|switch|p2a: Drampa|Drampa, L50, M|100/100
|-ability|p2a: Drampa|Cloud Nine
|move|p1b: Toxapex|Infestation|p2a: Drampa
|-damage|p2a: Drampa|97/100
|-activate|p2a: Drampa|move: Infestation|[of] p1b: Toxapex
|move|p1a: Kingambit|Kowtow Cleave|p2b: Kleavor
|-damage|p2b: Kleavor|0 fnt
|faint|p2b: Kleavor
|
|-heal|p1b: Toxapex|76/100|[from] item: Leftovers
|-damage|p2a: Drampa|84/100|[from] move: Infestation|[partiallytrapped]
|upkeep
|
|t:|1784175170
|switch|p2b: Mawile|Mawile, L50, F|100/100
|turn|4
|inactive|teamfollower has 30 seconds left.
|inactive|Fell Blue has 30 seconds left.
|
|t:|1784175201
|switch|p1a: Sneasler|Sneasler, L50, M|100/100
|-damage|p1a: Sneasler|94/100|[from] Stealth Rock
|detailschange|p2b: Mawile|Mawile-Mega, L50, F
|-mega|p2b: Mawile|Mawile|Mawilite
|move|p2a: Drampa|Earth Power|p1b: Toxapex
|-supereffective|p1b: Toxapex|1
|-damage|p1b: Toxapex|30/100
|move|p1b: Toxapex|Infestation|p2b: Mawile
|-resisted|p2b: Mawile|2
|-damage|p2b: Mawile|99/100
|-activate|p2b: Mawile|move: Infestation|[of] p1b: Toxapex
|move|p2b: Mawile|Rock Slide|p1b: Toxapex|[spread] p1a,p1b
|-resisted|p1a: Sneasler|1
|-crit|p1a: Sneasler
|-damage|p1a: Sneasler|50/100g
|-damage|p1b: Toxapex|4/100
|
|-heal|p1b: Toxapex|10/100|[from] item: Leftovers
|-damage|p2a: Drampa|72/100|[from] move: Infestation|[partiallytrapped]
|-damage|p2b: Mawile|87/100|[from] move: Infestation|[partiallytrapped]
|upkeep
|turn|5
|inactive|teamfollower has 30 seconds left.
|
|t:|1784175227
|move|p1b: Toxapex|Baneful Bunker|p1b: Toxapex
|-singleturn|p1b: Toxapex|move: Protect
|move|p1a: Sneasler|Protect|p1a: Sneasler
|-singleturn|p1a: Sneasler|Protect
|move|p2a: Drampa|Earth Power|p1a: Sneasler
|-activate|p1a: Sneasler|move: Protect
|move|p2b: Mawile|Play Rough|p1a: Sneasler
|-activate|p1a: Sneasler|move: Protect
|
|-heal|p1b: Toxapex|15/100|[from] item: Leftovers
|-damage|p2a: Drampa|60/100|[from] move: Infestation|[partiallytrapped]
|-damage|p2b: Mawile|75/100|[from] move: Infestation|[partiallytrapped]
|-fieldend|move: Trick Room
|upkeep
|turn|6
|
|t:|1784175243
|-heal|p1b: Toxapex|49/100|[from] ability: Regenerator|[silent]
|switch|p1b: Kingambit|Kingambit, L50, F|94/100
|-damage|p1b: Kingambit|88/100|[from] Stealth Rock
|move|p2b: Mawile|Sucker Punch|p1a: Sneasler
|-resisted|p1a: Sneasler|1
|-damage|p1a: Sneasler|13/100
|move|p1a: Sneasler|Close Combat|p2a: Drampa
|-supereffective|p2a: Drampa|1
|-damage|p2a: Drampa|0 fnt
|-unboost|p1a: Sneasler|def|1
|-unboost|p1a: Sneasler|spd|1
|faint|p2a: Drampa
|
|-end|p2b: Mawile|Infestation|[partiallytrapped]|[silent]
|upkeep
|
|t:|1784175250
|switch|p2a: Farigiraf|Farigiraf, L50, F|100/100
|turn|7
|
|t:|1784175258
|switch|p1a: Toxapex|Toxapex, L50, F|49/100
|-damage|p1a: Toxapex|36/100|[from] Stealth Rock
|move|p1b: Kingambit|Protect|p1b: Kingambit
|-singleturn|p1b: Kingambit|Protect
|move|p2b: Mawile|Brick Break|p1b: Kingambit
|-activate|p1b: Kingambit|move: Protect
|move|p2a: Farigiraf|Trick Room|p2a: Farigiraf
|-fieldstart|move: Trick Room|[of] p2a: Farigiraf
|
|-heal|p1a: Toxapex|42/100|[from] item: Leftovers
|upkeep
|turn|8
|inactive|teamfollower has 30 seconds left.
|inactive|teamfollower has 20 seconds left.
|inactive|teamfollower has 15 seconds left.
|inactive|teamfollower has 10 seconds left.
|inactive|teamfollower has 5 seconds left.
|
|t:|1784175308
|move|p1b: Kingambit|Protect||[still]
|-fail|p1b: Kingambit
|move|p1a: Toxapex|Infestation|p2b: Mawile
|-resisted|p2b: Mawile|2
|-damage|p2b: Mawile|74/100
|-activate|p2b: Mawile|move: Infestation|[of] p1a: Toxapex
|move|p2b: Mawile|Brick Break|p1b: Kingambit
|-supereffective|p1b: Kingambit|2
|-damage|p1b: Kingambit|0 fnt
|faint|p1b: Kingambit
|move|p2a: Farigiraf|Psychic|p1a: Toxapex
|-supereffective|p1a: Toxapex|1
|-damage|p1a: Toxapex|0 fnt
|faint|p1a: Toxapex
|
|-end|p2b: Mawile|Infestation|[partiallytrapped]|[silent]
|upkeep
|-message|teamfollower forfeited.
|
|win|Fell Blue
||teamfollower is ready for game 3.
