|j|☆whatshaniniiiii
|j|☆kariuus
|html|whatshaniniiiiikariuus    
|uhtml|bestof|Game 1 of a best-of-3
|t:|1756501236
|gametype|doubles
|player|p1|whatshaniniiiii|101|1000
|player|p2|kariuus|102|1098
|gen|9
|tier|[Gen 9] VGC 2025 Reg H (Bo3)
|rated|
|rule|Species Clause: Limit one of each Pokémon
|rule|Item Clause: Limit 1 of each item
|clearpoke
|poke|p1|Tyranitar, L50, F|
|poke|p1|Sneasler, L50, F|
|poke|p1|Talonflame, L50, M|
|poke|p1|Indeedee, L50, M|
|poke|p1|Amoonguss, L50, F|
|poke|p1|Garchomp, L50, F|
|poke|p2|Annihilape, L50, F|
|poke|p2|Sinistcha, L50|
|poke|p2|Ursaluna, L50, M|
|poke|p2|Pelipper, L50, F|
|poke|p2|Maushold, L50|
|poke|p2|Archaludon, L50, F|
|teampreview|4
|showteam|p1|Tyranitar||ChoiceScarf|SandStream|RockSlide,KnockOff,LowKick,HighHorsepower|||F|||50|,,,,,Flying]Sneasler||PsychicSeed|Unburden|CloseCombat,DireClaw,ThroatChop,Protect|||F|||50|,,,,,Dark]Talonflame||SafetyGoggles|GaleWings|BraveBird,Taunt,WillOWisp,Tailwind|||M|||50|,,,,,Flying]Indeedee||FocusSash|PsychicSurge|TrickRoom,ExpandingForce,Imprison,TeraBlast|||M|||50|,,,,,Fighting]Amoonguss||RockyHelmet|Regenerator|Spore,RagePowder,ClearSmog,Protect|||F|||50|,,,,,Water]Garchomp||LifeOrb|SandVeil|Earthquake,RockSlide,DragonClaw,Protect|||F|||50|,,,,,Dragon
|showteam|p2|Annihilape||Leftovers|Defiant|DrainPunch,RageFist,BulkUp,Protect|||F|||50|,,,,,Water]Sinistcha||SitrusBerry|Hospitality|MatchaGotcha,RagePowder,LifeDew,Protect||||||50|,,,,,Water]Ursaluna||FlameOrb|Guts|Facade,HeadlongRush,Earthquake,Protect|||M|||50|,,,,,Ghost]Pelipper||FocusSash|Drizzle|WeatherBall,Protect,Tailwind,Hurricane|||F|||50|,,,,,Ghost]Maushold||SafetyGoggles|FriendGuard|Taunt,BeatUp,FollowMe,Protect||||||50|,,,,,Ghost]Archaludon||AssaultVest|Stamina|DracoMeteor,ElectroShot,Snarl,BodyPress|||F|||50|,,,,,Bug
|inactive|Battle timer is ON: inactive players will automatically lose when time's up. (requested by kariuus)
|
|t:|1756501299
|teamsize|p1|4
|teamsize|p2|4
|start
|switch|p1a: Talonflame|Talonflame, L50, M|100/100
|switch|p1b: Garchomp|Garchomp, L50, F|100/100
|switch|p2a: Maushold|Maushold, L50|100/100
|switch|p2b: Archaludon|Archaludon, L50, F|100/100
|turn|1
|inactive|whatshaniniiiii has 30 seconds left.
|inactive|kariuus has 30 seconds left.
|
|t:|1756501332
|move|p1b: Garchomp|Protect|p1b: Garchomp
|-singleturn|p1b: Garchomp|Protect
|move|p1a: Talonflame|Taunt|p2a: Maushold
|-start|p2a: Maushold|move: Taunt
|move|p2a: Maushold|Beat Up|p2b: Archaludon
|-damage|p2b: Archaludon|99/100
|-ability|p2b: Archaludon|Stamina|boost
|-boost|p2b: Archaludon|def|1
|-damage|p2b: Archaludon|98/100
|-ability|p2b: Archaludon|Stamina|boost
|-boost|p2b: Archaludon|def|1
|-damage|p2b: Archaludon|97/100
|-ability|p2b: Archaludon|Stamina|boost
|-boost|p2b: Archaludon|def|1
|-damage|p2b: Archaludon|97/100
|-ability|p2b: Archaludon|Stamina|boost
|-boost|p2b: Archaludon|def|1
|-hitcount|p2b: Archaludon|4
|move|p2b: Archaludon|Draco Meteor|p1b: Garchomp
|-activate|p1b: Garchomp|move: Protect
|
|upkeep
|turn|2
|
|t:|1756501357
|switch|p1b: Amoonguss|Amoonguss, L50, F|100/100
|move|p1a: Talonflame|Will-O-Wisp|p2b: Archaludon
|-status|p2b: Archaludon|brn
|move|p2a: Maushold|Beat Up|p2b: Archaludon
|-damage|p2b: Archaludon|96/100 brn
|-ability|p2b: Archaludon|Stamina|boost
|-boost|p2b: Archaludon|def|1
|-damage|p2b: Archaludon|96/100 brn
|-ability|p2b: Archaludon|Stamina|boost
|-boost|p2b: Archaludon|def|1
|-damage|p2b: Archaludon|95/100 brn
|-hitcount|p2b: Archaludon|3
|move|p2b: Archaludon|Body Press|p1b: Amoonguss
|-resisted|p1b: Amoonguss
|-damage|p1b: Amoonguss|83/100
|-damage|p2b: Archaludon|79/100 brn|[from] item: Rocky Helmet|[of] p1b: Amoonguss
|
|-damage|p2b: Archaludon|73/100 brn|[from] brn
|upkeep
|turn|3
|inactive|kariuus has 30 seconds left.
|inactive|kariuus has 20 seconds left.
|
|t:|1756501396
|switch|p2a: Pelipper|Pelipper, L50, F|100/100
|-weather|RainDance|[from] ability: Drizzle|[of] p2a: Pelipper
|move|p1b: Amoonguss|Rage Powder|p1b: Amoonguss
|-singleturn|p1b: Amoonguss|move: Rage Powder
|move|p1a: Talonflame|Brave Bird|p2a: Pelipper
|-damage|p2a: Pelipper|60/100
|-damage|p1a: Talonflame|86/100|[from] Recoil
|move|p2b: Archaludon|Electro Shot||[still]
|-prepare|p2b: Archaludon|Electro Shot
|-boost|p2b: Archaludon|spa|1
|-anim|p2b: Archaludon|Electro Shot|p1b: Amoonguss
|-resisted|p1b: Amoonguss
|-damage|p1b: Amoonguss|54/100
|
|-weather|RainDance|[upkeep]
|-damage|p2b: Archaludon|67/100 brn|[from] brn
|upkeep
|turn|4
|inactive|whatshaniniiiii has 30 seconds left.
|
|t:|1756501422
|switch|p1b: Tyranitar|Tyranitar, L50, F|100/100
|-weather|Sandstorm|[from] ability: Sand Stream|[of] p1b: Tyranitar
|move|p1a: Talonflame|Tailwind|p1a: Talonflame
|-sidestart|p1: whatshaniniiiii|move: Tailwind
|move|p2b: Archaludon|Electro Shot||[still]
|-prepare|p2b: Archaludon|Electro Shot
|-boost|p2b: Archaludon|spa|1
|move|p2a: Pelipper|Hurricane|p1b: Tyranitar
|-resisted|p1b: Tyranitar
|-damage|p1b: Tyranitar|87/100
|
|-weather|Sandstorm|[upkeep]
|-damage|p2a: Pelipper|54/100|[from] Sandstorm
|-damage|p2b: Archaludon|61/100 brn|[from] brn
|upkeep
|turn|5
|inactive|whatshaniniiiii has 30 seconds left.
|inactive|whatshaniniiiii has 20 seconds left.
|
|t:|1756501461
|switch|p1a: Garchomp|Garchomp, L50, F|100/100
|switch|p1b: Amoonguss|Amoonguss, L50, F|87/100
|switch|p2a: Sinistcha|Sinistcha, L50|100/100
|-heal|p2b: Archaludon|86/100 brn|[from] ability: Hospitality|[of] p2a: Sinistcha
|move|p2b: Archaludon|Electro Shot|p1a: Garchomp|[from] lockedmove
|-immune|p1a: Garchomp
|
|-weather|Sandstorm|[upkeep]
|-damage|p2a: Sinistcha|94/100|[from] Sandstorm
|-damage|p1b: Amoonguss|81/100|[from] Sandstorm
|-damage|p2b: Archaludon|80/100 brn|[from] brn
|upkeep
|turn|6
|inactive|whatshaniniiiii has 30 seconds left.
|inactive|kariuus has 30 seconds left.
|
|t:|1756501493
|move|p1b: Amoonguss|Rage Powder|p1b: Amoonguss
|-singleturn|p1b: Amoonguss|move: Rage Powder
|move|p1a: Garchomp|Dragon Claw|p2a: Sinistcha
|-damage|p2a: Sinistcha|57/100
|-damage|p1a: Garchomp|91/100|[from] item: Life Orb
|move|p2b: Archaludon|Body Press|p1b: Amoonguss
|-resisted|p1b: Amoonguss
|-damage|p1b: Amoonguss|63/100
|-damage|p2b: Archaludon|63/100 brn|[from] item: Rocky Helmet|[of] p1b: Amoonguss
|move|p2a: Sinistcha|Matcha Gotcha|p1a: Garchomp|[spread] p1a,p1b
|-resisted|p1b: Amoonguss
|-damage|p1a: Garchomp|64/100
|-heal|p2a: Sinistcha|71/100|[from] drain|[of] p1a: Garchomp
|-damage|p1b: Amoonguss|58/100
|-heal|p2a: Sinistcha|74/100|[from] drain|[of] p1b: Amoonguss
|
|-weather|Sandstorm|[upkeep]
|-damage|p2a: Sinistcha|68/100|[from] Sandstorm
|-damage|p1b: Amoonguss|52/100|[from] Sandstorm
|-damage|p2b: Archaludon|57/100 brn|[from] brn
|upkeep
|turn|7
|inactive|whatshaniniiiii has 30 seconds left.
|inactive|kariuus has 30 seconds left.
|inactive|whatshaniniiiii has 20 seconds left.
|inactive|whatshaniniiiii has 15 seconds left.
|
|t:|1756501537
|move|p1b: Amoonguss|Rage Powder|p1b: Amoonguss
|-singleturn|p1b: Amoonguss|move: Rage Powder
|move|p1a: Garchomp|Earthquake|p2a: Sinistcha|[spread] p1b,p2a,p2b
|-resisted|p2a: Sinistcha
|-supereffective|p2b: Archaludon
|-damage|p1b: Amoonguss|11/100
|-damage|p2a: Sinistcha|50/100
|-damage|p2b: Archaludon|40/100 brn
|-enditem|p2a: Sinistcha|Sitrus Berry|[eat]
|-heal|p2a: Sinistcha|75/100|[from] item: Sitrus Berry
|-damage|p1a: Garchomp|54/100|[from] item: Life Orb
|move|p2b: Archaludon|Body Press|p1b: Amoonguss
|-resisted|p1b: Amoonguss
|-damage|p1b: Amoonguss|0 fnt
|-damage|p2b: Archaludon|23/100 brn|[from] item: Rocky Helmet|[of] p1b: Amoonguss
|faint|p1b: Amoonguss
|move|p2a: Sinistcha|Life Dew|p2a: Sinistcha|[spread] p2a,p2b
|-heal|p2a: Sinistcha|100/100
|-heal|p2b: Archaludon|48/100 brn
|
|-weather|Sandstorm|[upkeep]
|-damage|p2a: Sinistcha|94/100|[from] Sandstorm
|-damage|p2b: Archaludon|42/100 brn|[from] brn
|-sideend|p1: whatshaniniiiii|move: Tailwind
|upkeep
|
|t:|1756501562
|switch|p1b: Talonflame|Talonflame, L50, M|86/100
|turn|8
|
|t:|1756501580
|move|p2a: Sinistcha|Rage Powder|p2a: Sinistcha
|-singleturn|p2a: Sinistcha|move: Rage Powder
|move|p1b: Talonflame|Taunt|p2a: Sinistcha
|-start|p2a: Sinistcha|move: Taunt
|move|p1a: Garchomp|Earthquake|p2a: Sinistcha|[spread] p2a,p2b
|-immune|p1b: Talonflame
|-resisted|p2a: Sinistcha
|-supereffective|p2b: Archaludon
|-crit|p2b: Archaludon
|-damage|p2a: Sinistcha|77/100
|-damage|p2b: Archaludon|0 fnt
|faint|p2b: Archaludon
|-damage|p1a: Garchomp|44/100|[from] item: Life Orb
|
|-weather|none
|upkeep
|
|t:|1756501597
|switch|p2b: Pelipper|Pelipper, L50, F|54/100
|-weather|RainDance|[from] ability: Drizzle|[of] p2b: Pelipper
|turn|9
|
|t:|1756501622
|switch|p1a: Tyranitar|Tyranitar, L50, F|87/100
|-weather|Sandstorm|[from] ability: Sand Stream|[of] p1a: Tyranitar
|switch|p2b: Maushold|Maushold, L50|100/100
|move|p1b: Talonflame|Brave Bird|p2a: Sinistcha
|-supereffective|p2a: Sinistcha
|-damage|p2a: Sinistcha|25/100
|-damage|p1b: Talonflame|67/100|[from] Recoil
|move|p2a: Sinistcha|Matcha Gotcha|p1b: Talonflame|[spread] p1a,p1b
|-supereffective|p1a: Tyranitar
|-resisted|p1b: Talonflame
|-crit|p1b: Talonflame
|-damage|p1a: Tyranitar|51/100
|-heal|p2a: Sinistcha|43/100|[from] drain|[of] p1a: Tyranitar
|-damage|p1b: Talonflame|52/100
|-heal|p2a: Sinistcha|49/100|[from] drain|[of] p1b: Talonflame
|
|-weather|Sandstorm|[upkeep]
|-damage|p2a: Sinistcha|43/100|[from] Sandstorm
|upkeep
|turn|10
|inactive|whatshaniniiiii has 30 seconds left.
|inactive|kariuus has 30 seconds left.
|inactive|kariuus has 20 seconds left.
|
|t:|1756501659
|move|p2b: Maushold|Follow Me|p2b: Maushold
|-singleturn|p2b: Maushold|move: Follow Me
|move|p1b: Talonflame|Brave Bird|p2b: Maushold
|-damage|p2b: Maushold|46/100
|-damage|p1b: Talonflame|32/100|[from] Recoil
|move|p1a: Tyranitar|Knock Off|p2b: Maushold
|-damage|p2b: Maushold|0 fnt
|-enditem|p2b: Maushold|Safety Goggles|[from] move: Knock Off|[of] p1a: Tyranitar
|faint|p2b: Maushold
|move|p2a: Sinistcha|Matcha Gotcha|p1a: Tyranitar|[spread] p1a,p1b
|-supereffective|p1a: Tyranitar
|-resisted|p1b: Talonflame
|-damage|p1a: Tyranitar|16/100
|-heal|p2a: Sinistcha|61/100|[from] drain|[of] p1a: Tyranitar
|-damage|p1b: Talonflame|22/100
|-heal|p2a: Sinistcha|65/100|[from] drain|[of] p1b: Talonflame
|
|-weather|Sandstorm|[upkeep]
|-damage|p2a: Sinistcha|59/100|[from] Sandstorm
|upkeep
|
|t:|1756501680
|switch|p2b: Pelipper|Pelipper, L50, F|54/100
|-weather|RainDance|[from] ability: Drizzle|[of] p2b: Pelipper
|turn|11
|
|t:|1756501701
|move|p1b: Talonflame|Brave Bird|p2a: Sinistcha
|-supereffective|p2a: Sinistcha
|-damage|p2a: Sinistcha|0 fnt
|faint|p2a: Sinistcha
|-damage|p1b: Talonflame|0 fnt|[from] Recoil
|faint|p1b: Talonflame
|move|p1a: Tyranitar|Knock Off|p2b: Pelipper
|-damage|p2b: Pelipper|8/100
|-enditem|p2b: Pelipper|Focus Sash|[from] move: Knock Off|[of] p1a: Tyranitar
|move|p2b: Pelipper|Weather Ball|p1a: Tyranitar
|-supereffective|p1a: Tyranitar
|-damage|p1a: Tyranitar|0 fnt
|faint|p1a: Tyranitar
|
|-weather|RainDance|[upkeep]
|upkeep
|
|t:|1756501713
|switch|p1b: Garchomp|Garchomp, L50, F|44/100
|turn|12
|
|t:|1756501730
|-terastallize|p1b: Garchomp|Dragon
|move|p1b: Garchomp|Dragon Claw|p2b: Pelipper
|-damage|p2b: Pelipper|0 fnt
|faint|p2b: Pelipper
|-damage|p1b: Garchomp|34/100|[from] item: Life Orb
|
|win|whatshaniniiiii
