|j|☆gunkqing
|j|☆pugburro
|html|gunkqingpugburro    
|uhtml|bestof|Game 2 of a best-of-3
|t:|1756318029
|gametype|doubles
|player|p1|gunkqing|striker|
|player|p2|pugburro|red|
|gen|9
|tier|[Gen 9] VGC 2025 Reg H (Bo3)
|rule|Species Clause: Limit one of each Pokémon
|rule|Item Clause: Limit 1 of each item
|clearpoke
|poke|p1|Charizard, L50, F|
|poke|p1|Jumpluff, L50, M|
|poke|p1|Torkoal, L50, F|
|poke|p1|Ursaluna, L50, M|
|poke|p1|Incineroar, L50, M|
|poke|p1|Duskull, L50, F|
|poke|p2|Sneasler, L50, F|
|poke|p2|Rillaboom, L50, F|
|poke|p2|Electabuzz, L50, F|
|poke|p2|Dragonite, L50, M|
|poke|p2|Kingambit, L50, F|
|poke|p2|Primarina, L50, F|
|teampreview|4
|showteam|p1|Charizard||ChoiceSpecs|SolarPower|HeatWave,Overheat,WeatherBall,DragonPulse|||F|||50|,,,,,Ghost]Jumpluff||CovertCloak|Chlorophyll|SleepPowder,Tailwind,RagePowder,SunnyDay|||M|||50|,,,,,Water]Torkoal||EjectPack|Drought|Overheat,Eruption,ClearSmog,Protect|||F|||50|,,,,,Fire]Ursaluna||FlameOrb|Guts|Facade,HeadlongRush,Earthquake,Protect|||M|||50|,,,,,Ghost]Incineroar||AssaultVest|Intimidate|FakeOut,FlareBlitz,KnockOff,Uturn|||M|||50|,,,,,Ghost]Duskull||Eviolite|Levitate|NightShade,TrickRoom,Taunt,PainSplit|||F|||50|,,,,,Steel
|showteam|p2|Sneasler||FocusSash|Unburden|CloseCombat,DireClaw,ThroatChop,Protect|||F|||50|,,,,,Stellar]Rillaboom||AssaultVest|GrassySurge|WoodHammer,GrassyGlide,HighHorsepower,FakeOut|||F|||50|,,,,,Fire]Electabuzz||Eviolite|VitalSpirit|Thunderbolt,FollowMe,Taunt,Protect|||F|||50|,,,,,Ghost]Dragonite||LoadedDice|Multiscale|ScaleShot,ExtremeSpeed,Tailwind,Protect|||M|||50|,,,,,Fairy]Kingambit||BlackGlasses|Defiant|KowtowCleave,SuckerPunch,SwordsDance,Protect|||F|||50|,,,,,Dark]Primarina||LifeOrb|LiquidVoice|HyperVoice,Protect,Moonblast,Haze|||F|||50|,,,,,Steel
|inactive|Battle timer is ON: inactive players will automatically lose when time's up. (requested by gunkqing)
|inactive|gunkqing has 60 seconds left.
|
|t:|1756318065
|teamsize|p1|4
|teamsize|p2|4
|start
|switch|p1a: Torkoal|Torkoal, L50, F|100/100
|switch|p1b: Jumpluff|Jumpluff, L50, M|100/100
|switch|p2a: Sneasler|Sneasler, L50, F, shiny|100/100
|switch|p2b: Primarina|Primarina, L50, F|100/100
|-weather|SunnyDay|[from] ability: Drought|[of] p1a: Torkoal
|turn|1
|inactive|pugburro has 30 seconds left.
|
|t:|1756318096
|move|p1b: Jumpluff|Sleep Powder|p2a: Sneasler
|-status|p2a: Sneasler|slp|[from] move: Sleep Powder
|cant|p2a: Sneasler|slp
|move|p2b: Primarina|Hyper Voice|p1b: Jumpluff|[spread] p1a,p1b
|-supereffective|p1a: Torkoal
|-resisted|p1b: Jumpluff
|-damage|p1a: Torkoal|42/100
|-damage|p1b: Jumpluff|89/100
|-damage|p2b: Primarina|91/100|[from] item: Life Orb
|move|p1a: Torkoal|Overheat|p2a: Sneasler
|-enditem|p2a: Sneasler|Focus Sash
|-damage|p2a: Sneasler|1/100 slp
|-unboost|p1a: Torkoal|spa|2
|-enditem|p1a: Torkoal|Eject Pack
|
|t:|1756318103
|switch|p1a: Ursaluna|Ursaluna, L50, M|100/100
|
|-weather|SunnyDay|[upkeep]
|-status|p1a: Ursaluna|brn|[from] item: Flame Orb
|upkeep
|turn|2
|inactive|gunkqing has 30 seconds left.
|
|t:|1756318129
|move|p2b: Primarina|Protect|p2b: Primarina
|-singleturn|p2b: Primarina|Protect
|cant|p2a: Sneasler|slp
|move|p1b: Jumpluff|Tailwind|p1b: Jumpluff
|-sidestart|p1: gunkqing|move: Tailwind
|move|p1a: Ursaluna|Earthquake|p2b: Primarina|[spread] p2a
|-activate|p2b: Primarina|move: Protect
|-immune|p1b: Jumpluff
|-supereffective|p2a: Sneasler
|-damage|p2a: Sneasler|0 fnt
|faint|p2a: Sneasler
|
|-weather|SunnyDay|[upkeep]
|-damage|p1a: Ursaluna|94/100 brn|[from] brn
|upkeep
|
|t:|1756318137
|switch|p2a: Dragonite|Dragonite, L50, M, shiny|100/100
|turn|3
|
|t:|1756318148
|switch|p2b: Electabuzz|Electabuzz, L50, F, shiny|100/100
|move|p2a: Dragonite|Protect|p2a: Dragonite
|-singleturn|p2a: Dragonite|Protect
|move|p1b: Jumpluff|Sleep Powder|p2a: Dragonite
|-activate|p2a: Dragonite|move: Protect
|move|p1a: Ursaluna|Facade|p2b: Electabuzz
|-damage|p2b: Electabuzz|2/100
|
|-weather|SunnyDay|[upkeep]
|-damage|p1a: Ursaluna|88/100 brn|[from] brn
|upkeep
|turn|4
|inactive|gunkqing has 30 seconds left.
|
|t:|1756318176
|move|p1b: Jumpluff|Sleep Powder|p2a: Dragonite
|-status|p2a: Dragonite|slp|[from] move: Sleep Powder
|move|p1a: Ursaluna|Earthquake|p2b: Electabuzz|[spread] p2b
|-immune|p1b: Jumpluff
|-immune|p2a: Dragonite
|-supereffective|p2b: Electabuzz
|-damage|p2b: Electabuzz|0 fnt
|faint|p2b: Electabuzz
|cant|p2a: Dragonite|slp
|
|-weather|SunnyDay|[upkeep]
|-damage|p1a: Ursaluna|82/100 brn|[from] brn
|upkeep
|
|t:|1756318183
|switch|p2b: Primarina|Primarina, L50, F|91/100
|turn|5
|
|t:|1756318189
|cant|p2a: Dragonite|slp
|move|p2b: Primarina|Protect|p2b: Primarina
|-singleturn|p2b: Primarina|Protect
|move|p1b: Jumpluff|Sleep Powder|p2b: Primarina
|-activate|p2b: Primarina|move: Protect
|move|p1a: Ursaluna|Facade|p2a: Dragonite
|-damage|p2a: Dragonite|36/100 slp
|
|-weather|none
|-damage|p1a: Ursaluna|75/100 brn|[from] brn
|-sideend|p1: gunkqing|move: Tailwind
|upkeep
|turn|6
|
|t:|1756318204
|move|p1b: Jumpluff|Tailwind|p1b: Jumpluff
|-sidestart|p1: gunkqing|move: Tailwind
|move|p1a: Ursaluna|Facade|p2b: Primarina
|-damage|p2b: Primarina|0 fnt
|faint|p2b: Primarina
|cant|p2a: Dragonite|slp
|
|-damage|p1a: Ursaluna|69/100 brn|[from] brn
|upkeep
|turn|7
|c|☆pugburro|ggs
|-message|pugburro forfeited.
|
|win|gunkqing
|l|☆pugburro
|player|p2|
|c|☆gunkqing|ggs
