|j|☆sadnessvgc
|j|☆MegaJouleVGC
|html|sadnessvgcMegaJouleVGC    
|uhtml|bestof|Game 1 of a best-of-3
|t:|1784021928
|gametype|doubles
|player|p1|sadnessvgc|agatha-gen1rb|1388
|player|p2|MegaJouleVGC|artist|1446
|gen|9
|tier|[Gen 9 Champions] VGC 2026 Reg M-B (Bo3)
|rated|
|rule|Species Clause: Limit one of each Pokémon
|rule|Item Clause: Limit 1 of each item
|clearpoke
|poke|p1|Garchomp, L50, M, shiny|
|poke|p1|Venusaur, L50, M, shiny|
|poke|p1|Incineroar, L50, F, shiny|
|poke|p1|Charizard, L50, F, shiny|
|poke|p1|Toxapex, L50, M, shiny|
|poke|p1|Annihilape, L50, M, shiny|
|poke|p2|Charizard, L50, M|
|poke|p2|Garchomp, L50, F|
|poke|p2|Toxapex, L50, M|
|poke|p2|Sinistcha, L50|
|poke|p2|Dragapult, L50, F|
|poke|p2|Incineroar, L50, F|
|teampreview|4
|showteam|p1|Garchomp||ChoiceScarf|RoughSkin|Earthquake,RockSlide,DragonClaw,StompingTantrum|Adamant||M|||50|]Venusaur||LifeOrb|Chlorophyll|SludgeBomb,SolarBeam,EarthPower,Protect|Modest||M|||50|]Incineroar||SitrusBerry|Intimidate|FakeOut,FlareBlitz,ThroatChop,PartingShot|Impish||F|||50|]Charizard||CharizarditeY|Blaze|HeatWave,WeatherBall,Protect,HelpingHand|Modest||F|||50|]Toxapex||Leftovers|Regenerator|Infestation,Toxic,WideGuard,BanefulBunker|Impish||M|||50|]Annihilape||FocusSash|Defiant|CloseCombat,PhantomForce,RockTomb,Protect|Jolly||M|||50|
|showteam|p2|Charizard||CharizarditeY|Blaze|HeatWave,WeatherBall,SolarBeam,Protect|Timid||M|||50|]Garchomp||LifeOrb|RoughSkin|Earthquake,RockSlide,DragonClaw,Protect|Adamant||F|||50|]Toxapex||Leftovers|Regenerator|WideGuard,Toxic,Infestation,BanefulBunker|Sassy||M|||50|]Sinistcha||CobaBerry|Hospitality|TrickRoom,RagePowder,MatchaGotcha,Protect|Relaxed|||||50|]Dragapult||FocusSash|ClearBody|DragonDance,DragonDarts,SteelWing,Protect|Jolly||F|||50|]Incineroar||SitrusBerry|Intimidate|FakeOut,FlareBlitz,ThroatChop,PartingShot|Adamant||F|||50|
|inactive|Battle timer is ON: inactive players will automatically lose when time's up. (requested by MegaJouleVGC)
|inactive|sadnessvgc has 60 seconds left.
|inactive|MegaJouleVGC has 60 seconds left.
|inactive|MegaJouleVGC has 30 seconds left.
|
|t:|1784021995
|teamsize|p1|4
|teamsize|p2|4
|start
|switch|p1a: Venusaur|Venusaur, L50, M, shiny|100/100
|switch|p1b: Charizard|Charizard, L50, F, shiny|100/100
|switch|p2a: Charizard|Charizard, L50, M|100/100
|switch|p2b: Toxapex|Toxapex, L50, M|100/100
|turn|1
|inactive|MegaJouleVGC has 30 seconds left.
|
|t:|1784022021
|detailschange|p2a: Charizard|Charizard-Mega-Y, L50, M
|-mega|p2a: Charizard|Charizard|Charizardite Y
|-weather|SunnyDay|[from] ability: Drought|[of] p2a: Charizard
|move|p1a: Venusaur|Protect|p1a: Venusaur
|-singleturn|p1a: Venusaur|Protect
|move|p1b: Charizard|Protect|p1b: Charizard
|-singleturn|p1b: Charizard|Protect
|move|p2a: Charizard|Weather Ball|p1a: Venusaur
|-activate|p1a: Venusaur|move: Protect
|move|p2b: Toxapex|Toxic|p1b: Charizard
|-activate|p1b: Charizard|move: Protect
|
|-weather|SunnyDay|[upkeep]
|upkeep
|turn|2
|
|t:|1784022046
|detailschange|p1b: Charizard|Charizard-Mega-Y, L50, F, shiny
|-mega|p1b: Charizard|Charizard|Charizardite Y
|move|p1b: Charizard|Helping Hand|p1a: Venusaur
|-singleturn|p1a: Venusaur|Helping Hand|[of] p1b: Charizard
|move|p1a: Venusaur|Solar Beam||[still]
|-prepare|p1a: Venusaur|Solar Beam
|-anim|p1a: Venusaur|Solar Beam|p2b: Toxapex
|-damage|p2b: Toxapex|30/100
|-damage|p1a: Venusaur|90/100|[from] item: Life Orb
|move|p2a: Charizard|Weather Ball|p1a: Venusaur
|-supereffective|p1a: Venusaur|1
|-damage|p1a: Venusaur|0 fnt
|faint|p1a: Venusaur
|move|p2b: Toxapex|Toxic|p1b: Charizard
|-status|p1b: Charizard|tox
|
|-weather|SunnyDay|[upkeep]
|-heal|p2b: Toxapex|36/100|[from] item: Leftovers
|-damage|p1b: Charizard|93/100 tox|[from] psn
|upkeep
|
|t:|1784022062
|switch|p1a: Garchomp|Garchomp, L50, M, shiny|100/100
|turn|3
|
|t:|1784022076
|switch|p1b: Toxapex|Toxapex, L50, M, shiny|100/100
|move|p2a: Charizard|Protect|p2a: Charizard
|-singleturn|p2a: Charizard|Protect
|move|p2b: Toxapex|Baneful Bunker|p2b: Toxapex
|-singleturn|p2b: Toxapex|move: Protect
|move|p1a: Garchomp|Stomping Tantrum|p2b: Toxapex
|-activate|p2b: Toxapex|move: Protect
|-status|p1a: Garchomp|psn
|
|-weather|SunnyDay|[upkeep]
|-heal|p2b: Toxapex|42/100|[from] item: Leftovers
|-damage|p1a: Garchomp|87/100 psn|[from] psn
|upkeep
|turn|4
|
|t:|1784022096
|-heal|p2b: Toxapex|75/100|[from] ability: Regenerator|[silent]
|switch|p2b: Incineroar|Incineroar, L50, F|100/100
|-ability|p2b: Incineroar|Intimidate|boost
|-unboost|p1a: Garchomp|atk|1
|-unboost|p1b: Toxapex|atk|1
|move|p1a: Garchomp|Stomping Tantrum|p2b: Incineroar
|-supereffective|p2b: Incineroar|1
|-damage|p2b: Incineroar|47/100
|-enditem|p2b: Incineroar|Sitrus Berry|[eat]
|-heal|p2b: Incineroar|72/100|[from] item: Sitrus Berry
|move|p2a: Charizard|Weather Ball|p1a: Garchomp
|-resisted|p1a: Garchomp|1
|-damage|p1a: Garchomp|38/100 psn
|move|p1b: Toxapex|Toxic|p2a: Charizard
|-status|p2a: Charizard|tox
|
|-weather|SunnyDay|[upkeep]
|-damage|p1a: Garchomp|26/100 psn|[from] psn
|-damage|p2a: Charizard|93/100 tox|[from] psn
|upkeep
|turn|5
|inactive|MegaJouleVGC has 30 seconds left.
|
|t:|1784022130
|switch|p1a: Charizard|Charizard-Mega-Y, L50, F, shiny|93/100 tox
|move|p2a: Charizard|Weather Ball|p1a: Charizard
|-resisted|p1a: Charizard|1
|-damage|p1a: Charizard|50/100g tox
|move|p2b: Incineroar|Throat Chop|p1a: Charizard
|-damage|p1a: Charizard|10/100 tox
|-start|p1a: Charizard|Throat Chop|[silent]
|move|p1b: Toxapex|Toxic|p2b: Incineroar
|-status|p2b: Incineroar|tox
|
|-weather|none
|-damage|p2a: Charizard|81/100 tox|[from] psn
|-damage|p1a: Charizard|4/100 tox|[from] psn
|-damage|p2b: Incineroar|66/100 tox|[from] psn
|upkeep
|turn|6
|
|t:|1784022153
|switch|p2a: Toxapex|Toxapex, L50, M|75/100
|move|p1a: Charizard|Heat Wave|p2b: Incineroar|[spread] p2a
|-miss|p1a: Charizard|p2b: Incineroar
|-resisted|p2a: Toxapex|1
|-damage|p2a: Toxapex|61/100
|move|p2b: Incineroar|Parting Shot|p1a: Charizard
|-unboost|p1a: Charizard|atk|1
|-unboost|p1a: Charizard|spa|1
|
|t:|1784022163
|switch|p2b: Charizard|Charizard-Mega-Y, L50, M|81/100 tox|[from] Parting Shot
|-weather|SunnyDay|[from] ability: Drought|[of] p2b: Charizard
|move|p1b: Toxapex|Infestation|p2b: Charizard
|-resisted|p2b: Charizard|2
|-damage|p2b: Charizard|81/100 tox
|-activate|p2b: Charizard|move: Infestation|[of] p1b: Toxapex
|
|-weather|SunnyDay|[upkeep]
|-heal|p2a: Toxapex|67/100|[from] item: Leftovers
|-damage|p2b: Charizard|75/100 tox|[from] psn
|-damage|p1a: Charizard|0 fnt|[from] psn
|faint|p1a: Charizard
|-damage|p2b: Charizard|63/100 tox|[from] move: Infestation|[partiallytrapped]
|upkeep
|
|t:|1784022175
|switch|p1a: Garchomp|Garchomp, L50, M, shiny|26/100 psn
|turn|7
|
|t:|1784022198
|move|p2a: Toxapex|Wide Guard|p2a: Toxapex
|-singleturn|p2a: Toxapex|Wide Guard
|move|p1a: Garchomp|Stomping Tantrum|p2a: Toxapex
|-supereffective|p2a: Toxapex|1
|-damage|p2a: Toxapex|2/100
|move|p2b: Charizard|Weather Ball|p1a: Garchomp
|-resisted|p1a: Garchomp|1
|-damage|p1a: Garchomp|0 fnt
|faint|p1a: Garchomp
|move|p1b: Toxapex|Infestation|p2b: Charizard
|-resisted|p2b: Charizard|2
|-damage|p2b: Charizard|62/100 tox
|
|-weather|SunnyDay|[upkeep]
|-heal|p2a: Toxapex|8/100|[from] item: Leftovers
|-damage|p2b: Charizard|50/100g tox|[from] psn
|-damage|p2b: Charizard|38/100 tox|[from] move: Infestation|[partiallytrapped]
|upkeep
|turn|8
|
|t:|1784022216
|-heal|p2a: Toxapex|41/100|[from] ability: Regenerator|[silent]
|switch|p2a: Incineroar|Incineroar, L50, F|66/100 tox
|-ability|p2a: Incineroar|Intimidate|boost
|-unboost|p1b: Toxapex|atk|1
|move|p2b: Charizard|Solar Beam||[still]
|-prepare|p2b: Charizard|Solar Beam
|-anim|p2b: Charizard|Solar Beam|p1b: Toxapex
|-damage|p1b: Toxapex|64/100
|move|p1b: Toxapex|Infestation|p2a: Incineroar
|-damage|p2a: Incineroar|63/100 tox
|-activate|p2a: Incineroar|move: Infestation|[of] p1b: Toxapex
|
|-weather|SunnyDay|[upkeep]
|-heal|p1b: Toxapex|70/100|[from] item: Leftovers
|-damage|p2b: Charizard|20/100r tox|[from] psn
|-damage|p2a: Incineroar|57/100 tox|[from] psn
|-damage|p2b: Charizard|7/100 tox|[from] move: Infestation|[partiallytrapped]
|-damage|p2a: Incineroar|45/100 tox|[from] move: Infestation|[partiallytrapped]
|upkeep
|turn|9
|inactive|MegaJouleVGC has 30 seconds left.
|
|t:|1784022241
|move|p1b: Toxapex|Baneful Bunker|p1b: Toxapex
|-singleturn|p1b: Toxapex|move: Protect
|move|p2b: Charizard|Solar Beam||[still]
|-prepare|p2b: Charizard|Solar Beam
|-anim|p2b: Charizard|Solar Beam|p1b: Toxapex
|-activate|p1b: Toxapex|move: Protect
|move|p2a: Incineroar|Parting Shot|p2b: Charizard
|-unboost|p2b: Charizard|atk|1
|-unboost|p2b: Charizard|spa|1
|
|t:|1784022249
|switch|p2a: Toxapex|Toxapex, L50, M|41/100|[from] Parting Shot
|
|-weather|SunnyDay|[upkeep]
|-heal|p1b: Toxapex|76/100|[from] item: Leftovers
|-heal|p2a: Toxapex|47/100|[from] item: Leftovers
|-damage|p2b: Charizard|0 fnt|[from] psn
|faint|p2b: Charizard
|upkeep
|
|t:|1784022256
|switch|p2b: Incineroar|Incineroar, L50, F|45/100 tox
|-ability|p2b: Incineroar|Intimidate|boost
|-unboost|p1b: Toxapex|atk|1
|turn|10
|
|t:|1784022261
|-heal|p2a: Toxapex|80/100|[from] ability: Regenerator|[silent]
|switch|p2a: Garchomp|Garchomp, L50, F|100/100
|move|p2b: Incineroar|Fake Out|p1b: Toxapex
|-damage|p1b: Toxapex|67/100
|cant|p1b: Toxapex|flinch
|
|-weather|none
|-heal|p1b: Toxapex|73/100|[from] item: Leftovers
|-damage|p2b: Incineroar|39/100 tox|[from] psn
|upkeep
|turn|11
|
|t:|1784022271
|switch|p2b: Toxapex|Toxapex, L50, M|80/100
|move|p1b: Toxapex|Baneful Bunker|p1b: Toxapex
|-singleturn|p1b: Toxapex|move: Protect
|move|p2a: Garchomp|Dragon Claw|p1b: Toxapex
|-activate|p1b: Toxapex|move: Protect
|-status|p2a: Garchomp|psn
|
|-heal|p1b: Toxapex|78/100|[from] item: Leftovers
|-heal|p2b: Toxapex|85/100|[from] item: Leftovers
|-damage|p2a: Garchomp|87/100 psn|[from] psn
|upkeep
|turn|12
|
|t:|1784022279
|move|p2a: Garchomp|Dragon Claw|p1b: Toxapex
|-damage|p1b: Toxapex|42/100
|-damage|p2a: Garchomp|78/100 psn|[from] item: Life Orb
|move|p1b: Toxapex|Infestation|p2a: Garchomp
|-damage|p2a: Garchomp|75/100 psn
|-activate|p2a: Garchomp|move: Infestation|[of] p1b: Toxapex
|-damage|p1b: Toxapex|29/100|[from] ability: Rough Skin|[of] p2a: Garchomp
|move|p2b: Toxapex|Infestation|p1b: Toxapex
|-resisted|p1b: Toxapex|1
|-damage|p1b: Toxapex|28/100
|-activate|p1b: Toxapex|move: Infestation|[of] p2b: Toxapex
|
|-heal|p1b: Toxapex|34/100|[from] item: Leftovers
|-heal|p2b: Toxapex|91/100|[from] item: Leftovers
|-damage|p2a: Garchomp|62/100 psn|[from] psn
|-damage|p2a: Garchomp|50/100g psn|[from] move: Infestation|[partiallytrapped]
|-damage|p1b: Toxapex|22/100|[from] move: Infestation|[partiallytrapped]
|upkeep
|turn|13
|
|t:|1784022291
|move|p1b: Toxapex|Baneful Bunker|p1b: Toxapex
|-singleturn|p1b: Toxapex|move: Protect
|move|p2a: Garchomp|Dragon Claw|p1b: Toxapex
|-activate|p1b: Toxapex|move: Protect
|move|p2b: Toxapex|Infestation|p1b: Toxapex
|-activate|p1b: Toxapex|move: Protect
|
|-heal|p1b: Toxapex|28/100|[from] item: Leftovers
|-heal|p2b: Toxapex|97/100|[from] item: Leftovers
|-damage|p2a: Garchomp|38/100 psn|[from] psn
|-damage|p2a: Garchomp|26/100 psn|[from] move: Infestation|[partiallytrapped]
|-damage|p1b: Toxapex|15/100|[from] move: Infestation|[partiallytrapped]
|upkeep
|turn|14
|
|t:|1784022298
|move|p1b: Toxapex|Baneful Bunker||[still]
|-fail|p1b: Toxapex
|move|p2a: Garchomp|Dragon Claw|p1b: Toxapex
|-damage|p1b: Toxapex|0 fnt
|faint|p1b: Toxapex
|-damage|p2a: Garchomp|16/100 psn|[from] item: Life Orb
|
|win|MegaJouleVGC
||MegaJouleVGC is ready for game 2.
||sadnessvgc is ready for game 2.
|uhtml|next|Next: Game 2 of 3
|l|☆MegaJouleVGC
|player|p2|
|l|☆sadnessvgc
|player|p1|
|j|☆MegaJouleVGC
|player|p2|MegaJouleVGC|artist|
