|j|☆NewTrainaOnDaBlock
|j|☆SlobCat47
|html|NewTrainaOnDaBlockSlobCat47    
|uhtml|bestof|Game 1 of a best-of-3
|t:|1783637887
|gametype|doubles
|player|p1|NewTrainaOnDaBlock|102|
|player|p2|SlobCat47|101|
|gen|9
|tier|[Gen 9 Champions] VGC 2026 Reg M-B (Bo3)
|rule|Species Clause: Limit one of each Pokémon
|rule|Item Clause: Limit 1 of each item
|clearpoke
|poke|p1|Swampert, L50, M, shiny|
|poke|p1|Pelipper, L50, F|
|poke|p1|Heracross, L50, M, shiny|
|poke|p1|Sneasler, L50, F|
|poke|p1|Meowstic, L50, M|
|poke|p1|Kingambit, L50, F, shiny|
|poke|p2|Lucario, L50, M|
|poke|p2|Garchomp, L50, F|
|poke|p2|Talonflame, L50, M|
|poke|p2|Serperior, L50, F|
|poke|p2|Manectric, L50, M|
|poke|p2|Ninetales-Alola, L50, F|
|teampreview|4
|showteam|p1|Swampert||Swampertite|Torrent|IcePunch,WaveCrash,Earthquake,Protect|Jolly||M|||50|]Pelipper||SitrusBerry|Drizzle|Hurricane,Protect,Tailwind,WeatherBall|Bold||F|||50|]Heracross||Heracronite|Moxie|Detect,RockBlast,PinMissile,BrickBreak|Adamant||M|||50|]Sneasler||WhiteHerb|Unburden|DireClaw,CloseCombat,Protect,FakeOut|Adamant||F|||50|]Meowstic||LightClay|Prankster|Reflect,LightScreen,Thunderbolt,Psychic|Timid||M|||50|]Kingambit||Leftovers|SupremeOverlord|SuckerPunch,Protect,KowtowCleave,IronHead|Adamant||F|||50|
|showteam|p2|Lucario||Lucarionite|InnerFocus|Detect,AuraSphere,FlashCannon,VacuumWave|Timid||M|||50|]Garchomp||LifeOrb|RoughSkin|DragonClaw,Crunch,Earthquake,Protect|Jolly||F|||50|]Talonflame|||GaleWings|Acrobatics,FlareBlitz,Tailwind,Protect|Jolly||M|||50|]Serperior||BrightPowder|Contrary|LeafStorm,GigaDrain,Protect,HelpingHand|Timid||F|||50|]Manectric||Manectite|Static|Thunder,VoltSwitch,Protect,Flamethrower|Timid||M|||50|]Ninetales-Alola||Leftovers|SnowWarning|AuroraVeil,FreezeDry,Extrasensory,Psyshock|Timid||F|||50|
|j| PJG4487
|
|t:|1783637982
|teamsize|p1|4
|teamsize|p2|4
|start
|switch|p1a: Ouch|Heracross, L50, M, shiny|100/100
|switch|p1b: Winston|Meowstic, L50, M|100/100
|switch|p2a: Talonflame|Talonflame, L50, M|100/100
|switch|p2b: Serperior|Serperior, L50, F|100/100
|turn|1
|
|t:|1783638029
|move|p2b: Serperior|Helping Hand|p2a: Talonflame
|-singleturn|p2a: Talonflame|Helping Hand|[of] p2b: Serperior
|move|p1a: Ouch|Detect|p1a: Ouch
|-singleturn|p1a: Ouch|Protect
|move|p2a: Talonflame|Acrobatics|p1a: Ouch
|-activate|p1a: Ouch|move: Protect
|move|p1b: Winston|Reflect|p1b: Winston
|-sidestart|p1: NewTrainaOnDaBlock|Reflect
|
|upkeep
|turn|2
|
|t:|1783638063
|detailschange|p1a: Ouch|Heracross-Mega, L50, M, shiny
|-mega|p1a: Ouch|Heracross|Heracronite
|move|p2a: Talonflame|Tailwind|p2a: Talonflame
|-sidestart|p2: SlobCat47|move: Tailwind
|move|p1b: Winston|Light Screen|p1b: Winston
|-sidestart|p1: NewTrainaOnDaBlock|move: Light Screen
|move|p2b: Serperior|Leaf Storm|p1b: Winston|[miss]
|-miss|p2b: Serperior|p1b: Winston
|move|p1a: Ouch|Rock Blast|p2a: Talonflame
|-supereffective|p2a: Talonflame|2
|-damage|p2a: Talonflame|17/100
|-supereffective|p2a: Talonflame|2
|-damage|p2a: Talonflame|0 fnt
|faint|p2a: Talonflame
|-hitcount|p2: Talonflame|2
|
|upkeep
|
|t:|1783638079
|switch|p2a: Manectric|Manectric, L50, M|100/100
|turn|3
|
|t:|1783638102
|detailschange|p2a: Manectric|Manectric-Mega, L50, M
|-mega|p2a: Manectric|Manectric|Manectite
|-ability|p2a: Manectric|Intimidate|boost
|-unboost|p1a: Ouch|atk|1
|-unboost|p1b: Winston|atk|1
|move|p2a: Manectric|Flamethrower|p1a: Ouch
|-supereffective|p1a: Ouch|1
|-damage|p1a: Ouch|60/100
|move|p2b: Serperior|Leaf Storm|p1b: Winston
|-damage|p1b: Winston|57/100
|-boost|p2b: Serperior|spa|2
|move|p1b: Winston|Psychic|p2b: Serperior
|-damage|p2b: Serperior|57/100
|move|p1a: Ouch|Pin Missile|p2b: Serperior
|-supereffective|p2b: Serperior|1
|-damage|p2b: Serperior|24/100
|-supereffective|p2b: Serperior|1
|-damage|p2b: Serperior|0 fnt
|faint|p2b: Serperior
|-hitcount|p2: Serperior|2
|
|upkeep
|
|t:|1783638119
|switch|p2b: Ninetales|Ninetales-Alola, L50, F|100/100
|-weather|Snowscape|[from] ability: Snow Warning|[of] p2b: Ninetales
|turn|4
|
|t:|1783638157
|move|p2a: Manectric|Flamethrower|p1a: Ouch
|-supereffective|p1a: Ouch|1
|-damage|p1a: Ouch|24/100
|move|p2b: Ninetales|Aurora Veil|p2b: Ninetales
|-sidestart|p2: SlobCat47|move: Aurora Veil
|move|p1b: Winston|Psychic|p2a: Manectric
|-damage|p2a: Manectric|65/100
|move|p1a: Ouch|Rock Blast|p2b: Ninetales
|-supereffective|p2b: Ninetales|1
|-damage|p2b: Ninetales|88/100
|-supereffective|p2b: Ninetales|1
|-damage|p2b: Ninetales|75/100
|-supereffective|p2b: Ninetales|1
|-damage|p2b: Ninetales|63/100
|-supereffective|p2b: Ninetales|1
|-damage|p2b: Ninetales|50/100g
|-supereffective|p2b: Ninetales|1
|-damage|p2b: Ninetales|37/100
|-hitcount|p2b: Ninetales|5
|
|-weather|Snowscape|[upkeep]
|-heal|p2b: Ninetales|43/100|[from] item: Leftovers
|upkeep
|turn|5
|
|t:|1783638211
|switch|p1a: Kim Possible|Sneasler, L50, F|100/100
|move|p2a: Manectric|Flamethrower|p1a: Kim Possible
|-damage|p1a: Kim Possible|71/100
|move|p2b: Ninetales|Psyshock|p1a: Kim Possible
|-supereffective|p1a: Kim Possible|2
|-damage|p1a: Kim Possible|0 fnt
|faint|p1a: Kim Possible
|move|p1b: Winston|Psychic|p2b: Ninetales
|-damage|p2b: Ninetales|17/100
|
|-weather|Snowscape|[upkeep]
|-heal|p2b: Ninetales|23/100|[from] item: Leftovers
|-sideend|p2: SlobCat47|move: Tailwind
|upkeep
|
|t:|1783638226
|switch|p1a: Alejandro|Kingambit, L50, F, shiny|100/100
|-activate|p1a: Alejandro|ability: Supreme Overlord
|-start|p1a: Alejandro|fallen1|[silent]
|turn|6
|
|t:|1783638254
|move|p2a: Manectric|Protect|p2a: Manectric
|-singleturn|p2a: Manectric|Protect
|move|p1a: Alejandro|Protect|p1a: Alejandro
|-singleturn|p1a: Alejandro|Protect
|move|p2b: Ninetales|Freeze-Dry|p1b: Winston
|-damage|p1b: Winston|31/100
|move|p1b: Winston|Psychic|p2b: Ninetales
|-damage|p2b: Ninetales|0 fnt
|faint|p2b: Ninetales
|
|-weather|Snowscape|[upkeep]
|upkeep
|turn|7
|
|t:|1783638282
|move|p2a: Manectric|Flamethrower|p1a: Alejandro
|-supereffective|p1a: Alejandro|1
|-damage|p1a: Alejandro|57/100
|move|p1b: Winston|Psychic|p2a: Manectric
|-damage|p2a: Manectric|27/100
|move|p1a: Alejandro|Kowtow Cleave|p2a: Manectric
|-damage|p2a: Manectric|0 fnt
|faint|p2a: Manectric
|
|win|NewTrainaOnDaBlock
|inactive|NewTrainaOnDaBlock has 30 seconds to confirm battle start!
|inactive|SlobCat47 has 30 seconds to confirm battle start!
