|j|☆mesochob0
|j|☆saboyita
|html|mesochob0saboyita    
|uhtml|bestof|Game 3 of a best-of-3
|t:|1756766266
|gametype|doubles
|player|p1|mesochob0|1|1124
|player|p2|saboyita|grimsley|1124
|gen|9
|tier|[Gen 9] VGC 2025 Reg H (Bo3)
|rated|
|rule|Species Clause: Limit one of each Pokémon
|rule|Item Clause: Limit 1 of each item
|clearpoke
|poke|p1|Torkoal, L50, M|
|poke|p1|Indeedee-F, L50, F|
|poke|p1|Hatterene, L50, F|
|poke|p1|Sneasler, L50, M|
|poke|p1|Exeggutor, L50, M|
|poke|p1|Typhlosion, L50, F|
|poke|p2|Amoonguss, L50, M|
|poke|p2|Hydreigon, L50, M|
|poke|p2|Whimsicott, L50, M|
|poke|p2|Maushold-Four, L50|
|poke|p2|Annihilape, L50, M|
|poke|p2|Ursaluna-Bloodmoon, L50, M|
|teampreview|4
|showteam|p1|Torkoal||ChoiceSpecs|Drought|Eruption,HeatWave,EarthPower,SolarBeam|||M|||50|,,,,,Fire]Indeedee-F||EjectButton|PsychicSurge|FollowMe,TrickRoom,Psychic,HelpingHand|||F|||50|,,,,,Steel]Hatterene||LifeOrb|MagicBounce|ExpandingForce,DazzlingGleam,Protect,TrickRoom|||F|||50|,,,,,Water]Sneasler||PsychicSeed|Unburden|CloseCombat,DireClaw,Protect,ThroatChop|||M|||50|,,,,,Dark]Exeggutor||FocusSash|Chlorophyll|ExpandingForce,EnergyBall,Protect,TeraBlast|||M|||50|,,,,,Rock]Typhlosion||ChoiceScarf|FlashFire|Eruption,HeatWave,ShadowBall,Overheat|||F|||50|,,,,,Fire
|showteam|p2|Amoonguss||MentalHerb|Regenerator|ClearSmog,Spore,RagePowder,Protect|||M|||50|,,,,,Water]Hydreigon||ChoiceSpecs|Levitate|Snarl,HeatWave,DarkPulse,DracoMeteor|||M|||50|,,,,,Ghost]Whimsicott||CovertCloak|Prankster|BeatUp,Encore,HelpingHand,Tailwind|||M|||50|,,,,,Dark]Maushold-Four||WideLens|Technician|PopulationBomb,Taunt,FollowMe,Protect||||||50|,,,,,Ghost]Annihilape||Leftovers|Defiant|RageFist,CloseCombat,FinalGambit,Protect|||M|||50|,,,,,Fire]Ursaluna-Bloodmoon||LifeOrb|MindsEye|HyperVoice,EarthPower,BloodMoon,Protect|||M|||50|,,,,,Water
|inactive|Battle timer is ON: inactive players will automatically lose when time's up. (requested by saboyita)
|inactive|saboyita has 60 seconds left.
|
|t:|1756766302
|teamsize|p1|4
|teamsize|p2|4
|start
|switch|p1a: Sneasler|Sneasler, L50, M|100/100
|switch|p1b: Hatterene|Hatterene, L50, F|100/100
|switch|p2a: Amoonguss|Amoonguss, L50, M|100/100
|switch|p2b: Maushold|Maushold-Four, L50|100/100
|turn|1
|inactive|mesochob0 has 30 seconds left.
|inactive|saboyita has 30 seconds left.
|inactive|mesochob0 has 20 seconds left.
|
|t:|1756766337
|move|p2a: Amoonguss|Rage Powder|p2a: Amoonguss
|-singleturn|p2a: Amoonguss|move: Rage Powder
|move|p2b: Maushold|Population Bomb|p1b: Hatterene
|-damage|p1b: Hatterene|89/100
|-damage|p1b: Hatterene|76/100
|-damage|p1b: Hatterene|63/100
|-damage|p1b: Hatterene|50/100
|-damage|p1b: Hatterene|39/100
|-damage|p1b: Hatterene|25/100
|-hitcount|p1b: Hatterene|6
|move|p1a: Sneasler|Close Combat|p2a: Amoonguss
|-resisted|p2a: Amoonguss
|-damage|p2a: Amoonguss|72/100
|-unboost|p1a: Sneasler|def|1
|-unboost|p1a: Sneasler|spd|1
|move|p1b: Hatterene|Trick Room|p1b: Hatterene
|-fieldstart|move: Trick Room|[of] p1b: Hatterene
|
|upkeep
|turn|2
|inactive|mesochob0 has 30 seconds left.
|inactive|saboyita has 30 seconds left.
|
|t:|1756766365
|switch|p1a: Indeedee|Indeedee-F, L50, F|100/100
|-fieldstart|move: Psychic Terrain|[from] ability: Psychic Surge|[of] p1a: Indeedee
|switch|p2b: Hydreigon|Hydreigon, L50, M|100/100
|-terastallize|p2a: Amoonguss|Water
|move|p1b: Hatterene|Expanding Force|p2b: Hydreigon|[spread] p2a
|-immune|p2b: Hydreigon
|-damage|p2a: Amoonguss|0 fnt
|faint|p2a: Amoonguss
|-damage|p1b: Hatterene|16/100|[from] item: Life Orb
|
|upkeep
|
|t:|1756766385
|switch|p2a: Ursaluna|Ursaluna-Bloodmoon, L50, M|100/100
|turn|3
|
|t:|1756766405
|move|p1a: Indeedee|Helping Hand|p1b: Hatterene
|-singleturn|p1b: Hatterene|Helping Hand|[of] p1a: Indeedee
|move|p1b: Hatterene|Dazzling Gleam|p2a: Ursaluna|[spread] p2a,p2b
|-supereffective|p2b: Hydreigon
|-damage|p2a: Ursaluna|20/100
|-damage|p2b: Hydreigon|0 fnt
|faint|p2b: Hydreigon
|-damage|p1b: Hatterene|6/100|[from] item: Life Orb
|move|p2a: Ursaluna|Hyper Voice|p1a: Indeedee|[spread] p1a,p1b
|-damage|p1a: Indeedee|54/100
|-damage|p1b: Hatterene|0 fnt
|faint|p1b: Hatterene
|-enditem|p1a: Indeedee|Eject Button
|-damage|p2a: Ursaluna|10/100|[from] item: Life Orb
|
|t:|1756766420
|switch|p1a: Torkoal|Torkoal, L50, M|100/100
|-weather|SunnyDay|[from] ability: Drought|[of] p1a: Torkoal
|
|-weather|SunnyDay|[upkeep]
|upkeep
|
|t:|1756766428
|switch|p1b: Indeedee|Indeedee-F, L50, F|54/100
|switch|p2b: Maushold|Maushold-Four, L50|100/100
|turn|4
|
|t:|1756766439
|move|p1b: Indeedee|Helping Hand|p1a: Torkoal
|-singleturn|p1a: Torkoal|Helping Hand|[of] p1b: Indeedee
|move|p2a: Ursaluna|Protect|p2a: Ursaluna
|-singleturn|p2a: Ursaluna|Protect
|move|p2b: Maushold|Protect|p2b: Maushold
|-singleturn|p2b: Maushold|Protect
|move|p1a: Torkoal|Eruption|p2b: Maushold|[spread] 
|-activate|p2a: Ursaluna|move: Protect
|-activate|p2b: Maushold|move: Protect
|
|-weather|SunnyDay|[upkeep]
|upkeep
|turn|5
|-message|saboyita forfeited.
|raw|mesochob0's rating: 1124 → 1149(+25 for winning)
|raw|saboyita's rating: 1124 → 1099(-25 for losing)
|
|win|mesochob0
