|j|☆xXBMillsXx7
|j|☆GregulationH
|html|xXBMillsXx7GregulationH    
|uhtml|bestof|Game 2 of a best-of-3
|t:|1757823535
|gametype|doubles
|player|p1|xXBMillsXx7|gambler|1166
|player|p2|GregulationH|lucas|1160
|gen|9
|tier|[Gen 9] VGC 2025 Reg H (Bo3)
|rated|
|rule|Species Clause: Limit one of each Pokémon
|rule|Item Clause: Limit 1 of each item
|clearpoke
|poke|p1|Gothitelle, L50, F|
|poke|p1|Primarina, L50, M|
|poke|p1|Ursaluna-Bloodmoon, L50, M|
|poke|p1|Gholdengo, L50|
|poke|p1|Talonflame, L50, M|
|poke|p1|Rillaboom, L50, F|
|poke|p2|Dragonite, L50, M|
|poke|p2|Indeedee, L50, M|
|poke|p2|Sneasler, L50, F|
|poke|p2|Typhlosion-Hisui, L50, M|
|poke|p2|Ursaluna-Bloodmoon, L50, M|
|poke|p2|Whimsicott, L50, F|
|teampreview|4
|showteam|p1|Gothitelle||SitrusBerry|ShadowTag|PsychicNoise,Protect,TrickRoom,FakeOut|||F|||50|,,,,,Water]Primarina||ThroatSpray|LiquidVoice|HyperVoice,Moonblast,Protect,PerishSong|||M|||50|,,,,,Dragon]Ursaluna-Bloodmoon||LifeOrb|MindsEye|HyperVoice,EarthPower,BloodMoon,Protect|||M|||50|,,,,,Normal]Gholdengo||ChoiceSpecs|GoodasGold|MakeItRain,ShadowBall,Thunderbolt,PowerGem||||||50|,,,,,Steel]Talonflame||CovertCloak|GaleWings|DualWingbeat,FlareBlitz,Tailwind,Taunt|||M|||50|,,,,,Stellar]Rillaboom||AssaultVest|GrassySurge|GrassyGlide,WoodHammer,FakeOut,HighHorsepower|||F|||50|,,,,,Fire
|showteam|p2|Dragonite||LoadedDice|Multiscale|ScaleShot,StompingTantrum,Haze,Protect|||M|||50|,,,,,Steel]Indeedee||FocusSash|PsychicSurge|ExpandingForce,TeraBlast,Imprison,TrickRoom|||M|||50|,,,,,Fighting]Sneasler||PsychicSeed|Unburden|DireClaw,CloseCombat,ThroatChop,Protect|||F|||50|,,,,,Dark]Typhlosion-Hisui||ChoiceSpecs|Blaze|HeatWave,Eruption,ShadowBall,Flamethrower|||M|||50|,,,,,Fire]Ursaluna-Bloodmoon||AssaultVest|MindsEye|BloodMoon,HyperVoice,EarthPower,VacuumWave|||M|||50|,,,,,Ghost]Whimsicott||CovertCloak|Prankster|Moonblast,Tailwind,Encore,SunnyDay|||F|||50|,,,,,Water
|inactive|Battle timer is ON: inactive players will automatically lose when time's up. (requested by xXBMillsXx7)
|
|t:|1757823557
|teamsize|p1|4
|teamsize|p2|4
|start
|switch|p1a: Talonflame|Talonflame, L50, M|100/100
|switch|p1b: Gothitelle|Gothitelle, L50, F|100/100
|switch|p2a: Whimsicott|Whimsicott, L50, F|100/100
|switch|p2b: Ursaluna|Ursaluna-Bloodmoon, L50, M|100/100
|turn|1
|
|t:|1757823578
|-terastallize|p2b: Ursaluna|Ghost
|move|p1b: Gothitelle|Fake Out|p2b: Ursaluna
|-immune|p2b: Ursaluna
|move|p1a: Talonflame|Dual Wingbeat|p2a: Whimsicott
|-supereffective|p2a: Whimsicott
|-damage|p2a: Whimsicott|62/100
|-supereffective|p2a: Whimsicott
|-damage|p2a: Whimsicott|23/100
|-hitcount|p2a: Whimsicott|2
|move|p2a: Whimsicott|Moonblast|p1b: Gothitelle
|-damage|p1b: Gothitelle|81/100
|move|p2b: Ursaluna|Blood Moon|p1b: Gothitelle
|-damage|p1b: Gothitelle|18/100
|-enditem|p1b: Gothitelle|Sitrus Berry|[eat]
|-heal|p1b: Gothitelle|43/100|[from] item: Sitrus Berry
|
|upkeep
|turn|2
|inactive|xXBMillsXx7 has 30 seconds left.
|inactive|GregulationH has 30 seconds left.
|inactive|xXBMillsXx7 has 20 seconds left.
|inactive|xXBMillsXx7 has 15 seconds left.
|inactive|GregulationH has 20 seconds left.
|
|t:|1757823626
|move|p1b: Gothitelle|Protect|p1b: Gothitelle
|-singleturn|p1b: Gothitelle|Protect
|move|p1a: Talonflame|Tailwind|p1a: Talonflame
|-sidestart|p1: xXBMillsXx7|move: Tailwind
|move|p2a: Whimsicott|Encore|p1b: Gothitelle
|-activate|p1b: Gothitelle|move: Protect
|move|p2b: Ursaluna|Hyper Voice|p1b: Gothitelle|[spread] p1a
|-activate|p1b: Gothitelle|move: Protect
|-damage|p1a: Talonflame|36/100
|
|upkeep
|turn|3
|
|t:|1757823648
|move|p2a: Whimsicott|Tailwind|p2a: Whimsicott
|-sidestart|p2: GregulationH|move: Tailwind
|move|p1a: Talonflame|Flare Blitz|p2b: Ursaluna
|-damage|p2b: Ursaluna|64/100
|-damage|p1a: Talonflame|21/100|[from] Recoil
|move|p2b: Ursaluna|Hyper Voice|p1a: Talonflame|[spread] p1a,p1b
|-damage|p1a: Talonflame|0 fnt
|-damage|p1b: Gothitelle|14/100
|faint|p1a: Talonflame
|move|p1b: Gothitelle|Psychic Noise|p2b: Ursaluna
|-damage|p2b: Ursaluna|43/100
|-start|p2b: Ursaluna|move: Heal Block
|
|upkeep
|
|t:|1757823666
|switch|p1a: Ursaluna|Ursaluna-Bloodmoon, L50, M|100/100
|turn|4
|
|t:|1757823683
|switch|p1b: Primarina|Primarina, L50, M|100/100
|move|p2a: Whimsicott|Moonblast|p1a: Ursaluna
|-damage|p1a: Ursaluna|74/100
|move|p2b: Ursaluna|Hyper Voice|p1b: Primarina|[spread] p1a,p1b
|-damage|p1a: Ursaluna|34/100
|-damage|p1b: Primarina|65/100
|move|p1a: Ursaluna|Hyper Voice|p2b: Ursaluna|[spread] p2a,p2b
|-damage|p2a: Whimsicott|0 fnt
|-damage|p2b: Ursaluna|0 fnt
|faint|p2a: Whimsicott
|faint|p2b: Ursaluna
|-damage|p1a: Ursaluna|24/100|[from] item: Life Orb
|
|upkeep
|
|t:|1757823696
|switch|p2a: Indeedee|Indeedee, L50, M|100/100
|switch|p2b: Sneasler|Sneasler, L50, F|100/100
|-fieldstart|move: Psychic Terrain|[from] ability: Psychic Surge|[of] p2a: Indeedee
|-enditem|p2b: Sneasler|Psychic Seed
|-boost|p2b: Sneasler|spd|1|[from] item: Psychic Seed
|turn|5
|
|t:|1757823704
|move|p1a: Ursaluna|Protect|p1a: Ursaluna
|-singleturn|p1a: Ursaluna|Protect
|move|p2b: Sneasler|Dire Claw|p1b: Primarina
|-supereffective|p1b: Primarina
|-damage|p1b: Primarina|0 fnt
|faint|p1b: Primarina
|move|p2a: Indeedee|Expanding Force|p1a: Ursaluna
|-activate|p1a: Ursaluna|move: Protect
|
|-sideend|p1: xXBMillsXx7|move: Tailwind
|upkeep
|
|t:|1757823713
|switch|p1b: Gothitelle|Gothitelle, L50, F|14/100
|turn|6
|
|t:|1757823726
|-terastallize|p1b: Gothitelle|Water
|move|p2b: Sneasler|Dire Claw|p1b: Gothitelle
|-damage|p1b: Gothitelle|0 fnt
|faint|p1b: Gothitelle
|move|p2a: Indeedee|Expanding Force|p1a: Ursaluna
|-damage|p1a: Ursaluna|0 fnt
|faint|p1a: Ursaluna
|
|win|GregulationH
|raw|xXBMillsXx7's rating: 1166 → 1141(-25 for losing)
|raw|GregulationH's rating: 1160 → 1185(+25 for winning)
|l|☆xXBMillsXx7
|player|p1|
|l|☆GregulationH
|player|p2|
