|j|☆luxio27
|j|☆ChimpDoppio
|html|luxio27ChimpDoppio    
|uhtml|bestof|Game 2 of a best-of-3
|t:|1756909173
|gametype|doubles
|player|p1|luxio27|169|1088
|player|p2|ChimpDoppio|ingo|1102
|gen|9
|tier|[Gen 9] VGC 2025 Reg H (Bo3)
|rated|
|rule|Species Clause: Limit one of each Pokémon
|rule|Item Clause: Limit 1 of each item
|clearpoke
|poke|p1|Primarina, L50, M|
|poke|p1|Grimmsnarl, L50, M|
|poke|p1|Incineroar, L50, F|
|poke|p1|Gholdengo, L50|
|poke|p1|Volcarona, L50, F|
|poke|p1|Gliscor, L50, M|
|poke|p2|Porygon2, L50|
|poke|p2|Ursaluna, L50, F|
|poke|p2|Volcarona, L50, F|
|poke|p2|Grimmsnarl, L50, M|
|poke|p2|Annihilape, L50, M|
|poke|p2|Hydreigon, L50, F|
|teampreview|4
|showteam|p1|Primarina||ThroatSpray|LiquidVoice|Protect,Haze,Moonblast,HyperVoice|||M|||50|,,,,,Dark]Grimmsnarl||LightClay|Prankster|SpiritBreak,LightScreen,Reflect,FakeOut|||M|||50|,,,,,Ghost]Incineroar||SafetyGoggles|Intimidate|KnockOff,PartingShot,FakeOut,WillOWisp|||F|||50|,,,,,Bug]Gholdengo||MetalCoat|GoodasGold|NastyPlot,ShadowBall,Protect,MakeItRain||||||50|,,,,,Dragon]Volcarona||Leftovers|FlameBody|StruggleBug,Flamethrower,Protect,QuiverDance|||F|||50|,,,,,Water]Gliscor||ToxicOrb|PoisonHeal|Tailwind,Acrobatics,Protect,HighHorsepower|||M|||50|,,,,,Ghost
|showteam|p2|Porygon2||Eviolite|Download|IceBeam,TeraBlast,Recover,TrickRoom||||||50|,,,,,Flying]Ursaluna||FlameOrb|Guts|Facade,Earthquake,HeadlongRush,Protect|||F|||50|,,,,,Ghost]Volcarona||SitrusBerry|FlameBody|GigaDrain,HeatWave,QuiverDance,RagePowder|||F|||50|,,,,,Dragon]Grimmsnarl||LightClay|Prankster|SpiritBreak,Reflect,LightScreen,PartingShot|||M|||50|,,,,,Ghost]Annihilape||SafetyGoggles|Defiant|Protect,BulkUp,DrainPunch,RageFist|||M|||50|,,,,,Water]Hydreigon||AssaultVest|Levitate|DracoMeteor,DarkPulse,EarthPower,FlashCannon|||F|||50|,,,,,Steel
|inactive|Battle timer is ON: inactive players will automatically lose when time's up. (requested by ChimpDoppio)
|inactive|ChimpDoppio has 60 seconds left.
|inactive|ChimpDoppio has 30 seconds left.
|
|t:|1756909236
|teamsize|p1|4
|teamsize|p2|4
|start
|switch|p1a: Grimmsnarl|Grimmsnarl, L50, M|100/100
|switch|p1b: Volcarona|Volcarona, L50, F|100/100
|switch|p2a: Porygon2|Porygon2, L50, shiny|100/100
|switch|p2b: Ursaluna|Ursaluna, L50, F|100/100
|-ability|p2a: Porygon2|Download|boost
|-boost|p2a: Porygon2|atk|1
|turn|1
|inactive|luxio27 has 30 seconds left.
|inactive|ChimpDoppio has 30 seconds left.
|inactive|luxio27 has 20 seconds left.
|inactive|luxio27 has 15 seconds left.
|inactive|luxio27 has 10 seconds left.
|inactive|luxio27 has 5 seconds left.
|
|t:|1756909287
|move|p1a: Grimmsnarl|Reflect|p1a: Grimmsnarl
|-sidestart|p1: luxio27|Reflect
|move|p1b: Volcarona|Struggle Bug|p2b: Ursaluna|[spread] p2a,p2b
|-damage|p2a: Porygon2|90/100
|-damage|p2b: Ursaluna|84/100
|-unboost|p2a: Porygon2|spa|1
|-unboost|p2b: Ursaluna|spa|1
|move|p2b: Ursaluna|Facade|p1b: Volcarona
|-damage|p1b: Volcarona|74/100
|-status|p2b: Ursaluna|brn|[from] ability: Flame Body|[of] p1b: Volcarona
|move|p2a: Porygon2|Trick Room|p2a: Porygon2
|-fieldstart|move: Trick Room|[of] p2a: Porygon2
|
|-heal|p1b: Volcarona|80/100|[from] item: Leftovers
|-damage|p2b: Ursaluna|78/100 brn|[from] brn
|upkeep
|turn|2
|inactive|luxio27 has 30 seconds left.
|inactive|ChimpDoppio has 30 seconds left.
|inactive|luxio27 has 20 seconds left.
|inactive|luxio27 has 15 seconds left.
|inactive|luxio27 has 10 seconds left.
|inactive|luxio27 has 5 seconds left.
|
|t:|1756909341
|-terastallize|p2a: Porygon2|Flying
|move|p2b: Ursaluna|Facade|p1a: Grimmsnarl
|-damage|p1a: Grimmsnarl|11/100
|move|p2a: Porygon2|Tera Blast|p1b: Volcarona|[anim] Tera Blast Flying
|-supereffective|p1b: Volcarona
|-damage|p1b: Volcarona|38/100
|move|p1a: Grimmsnarl|Spirit Break|p2b: Ursaluna
|-crit|p2b: Ursaluna
|-damage|p2b: Ursaluna|44/100 brn
|-unboost|p2b: Ursaluna|spa|1
|move|p1b: Volcarona|Flamethrower|p2a: Porygon2
|-damage|p2a: Porygon2|66/100
|-status|p2a: Porygon2|brn
|
|-heal|p1b: Volcarona|44/100|[from] item: Leftovers
|-damage|p2b: Ursaluna|38/100 brn|[from] brn
|-damage|p2a: Porygon2|59/100 brn|[from] brn
|upkeep
|turn|3
|inactive|luxio27 has 30 seconds left.
|inactive|ChimpDoppio has 30 seconds left.
|inactive|luxio27 has 20 seconds left.
|
|t:|1756909385
|switch|p1a: Primarina|Primarina, L50, M|100/100
|move|p1b: Volcarona|Protect|p1b: Volcarona
|-singleturn|p1b: Volcarona|Protect
|move|p2b: Ursaluna|Facade|p1b: Volcarona
|-activate|p1b: Volcarona|move: Protect
|move|p2a: Porygon2|Ice Beam|p1a: Primarina
|-resisted|p1a: Primarina
|-damage|p1a: Primarina|93/100
|
|-heal|p1b: Volcarona|50/100|[from] item: Leftovers
|-damage|p2b: Ursaluna|32/100 brn|[from] brn
|-damage|p2a: Porygon2|53/100 brn|[from] brn
|upkeep
|turn|4
|inactive|luxio27 has 30 seconds left.
|inactive|luxio27 has 20 seconds left.
|
|t:|1756909421
|-terastallize|p1b: Volcarona|Water
|move|p1a: Primarina|Protect|p1a: Primarina
|-singleturn|p1a: Primarina|Protect
|move|p2b: Ursaluna|Facade|p1b: Volcarona
|-damage|p1b: Volcarona|0 fnt
|faint|p1b: Volcarona
|move|p2a: Porygon2|Recover|p2a: Porygon2
|-heal|p2a: Porygon2|100/100 brn
|
|-damage|p2b: Ursaluna|27/100 brn|[from] brn
|-damage|p2a: Porygon2|94/100 brn|[from] brn
|upkeep
|
|t:|1756909435
|switch|p1b: Grimmsnarl|Grimmsnarl, L50, M|11/100
|turn|5
|inactive|ChimpDoppio has 30 seconds left.
|
|t:|1756909460
|switch|p2a: Hydreigon|Hydreigon, L50, F|100/100
|move|p1b: Grimmsnarl|Fake Out|p2b: Ursaluna
|-damage|p2b: Ursaluna|18/100 brn
|cant|p2b: Ursaluna|flinch
|move|p1a: Primarina|Hyper Voice|p2b: Ursaluna|[spread] p2a,p2b
|-resisted|p2a: Hydreigon
|-supereffective|p2b: Ursaluna
|-damage|p2a: Hydreigon|90/100
|-damage|p2b: Ursaluna|0 fnt
|faint|p2b: Ursaluna
|-enditem|p1a: Primarina|Throat Spray
|-boost|p1a: Primarina|spa|1|[from] item: Throat Spray
|
|-fieldend|move: Trick Room
|upkeep
|
|t:|1756909476
|switch|p2b: Porygon2|Porygon2, L50, shiny, tera:Flying|94/100 brn
|-ability|p2b: Porygon2|Download|boost
|-boost|p2b: Porygon2|atk|1
|turn|6
|
|t:|1756909496
|move|p2a: Hydreigon|Flash Cannon|p1a: Primarina
|-damage|p1a: Primarina|71/100
|move|p1a: Primarina|Moonblast|p2a: Hydreigon
|-supereffective|p2a: Hydreigon
|-damage|p2a: Hydreigon|0 fnt
|faint|p2a: Hydreigon
|move|p1b: Grimmsnarl|Spirit Break|p2b: Porygon2
|-damage|p2b: Porygon2|72/100 brn
|-unboost|p2b: Porygon2|spa|1
|move|p2b: Porygon2|Tera Blast|p1a: Primarina|[anim] Tera Blast Flying
|-damage|p1a: Primarina|59/100
|
|-damage|p2b: Porygon2|66/100 brn|[from] brn
|upkeep
|
|t:|1756909507
|switch|p2a: Annihilape|Annihilape, L50, M, shiny|100/100
|turn|7
|inactive|luxio27 has 30 seconds left.
|
|t:|1756909534
|move|p2a: Annihilape|Drain Punch|p1b: Grimmsnarl
|-damage|p1b: Grimmsnarl|0 fnt
|faint|p1b: Grimmsnarl
|move|p1a: Primarina|Moonblast|p2a: Annihilape
|-supereffective|p2a: Annihilape
|-damage|p2a: Annihilape|2/100
|-unboost|p2a: Annihilape|spa|1
|-ability|p2a: Annihilape|Defiant|boost
|-boost|p2a: Annihilape|atk|2
|move|p2b: Porygon2|Ice Beam|p1a: Primarina
|-resisted|p1a: Primarina
|-damage|p1a: Primarina|53/100
|
|-damage|p2b: Porygon2|59/100 brn|[from] brn
|upkeep
|
|t:|1756909547
|switch|p1b: Gholdengo|Gholdengo, L50|100/100
|turn|8
|inactive|ChimpDoppio has 30 seconds left.
|
|t:|1756909572
|move|p2a: Annihilape|Protect|p2a: Annihilape
|-singleturn|p2a: Annihilape|Protect
|move|p1b: Gholdengo|Make It Rain|p2a: Annihilape|[spread] p2b
|-activate|p2a: Annihilape|move: Protect
|-damage|p2b: Porygon2|31/100 brn
|-unboost|p1b: Gholdengo|spa|1
|move|p1a: Primarina|Hyper Voice|p2a: Annihilape|[spread] p2b
|-activate|p2a: Annihilape|move: Protect
|-crit|p2b: Porygon2
|-damage|p2b: Porygon2|0 fnt
|faint|p2b: Porygon2
|
|-sideend|p1: luxio27|Reflect
|upkeep
|turn|9
|-message|ChimpDoppio forfeited.
|
|win|luxio27
|raw|luxio27's rating: 1088 → 1116(+28 for winning)
|raw|ChimpDoppio's rating: 1102 → 1076(-26 for losing)
|l|☆luxio27
|player|p1|
