|j|☆Archanile
|j|☆csxdialga
|html|Archanilecsxdialga    
|uhtml|bestof|Game 3 of a best-of-3
|t:|1757927292
|gametype|doubles
|player|p1|Archanile|hilbert|1089
|player|p2|csxdialga|dahlia|1118
|gen|9
|tier|[Gen 9] VGC 2025 Reg H (Bo3)
|rated|
|rule|Species Clause: Limit one of each Pokémon
|rule|Item Clause: Limit 1 of each item
|clearpoke
|poke|p1|Dragonite, L50, F|
|poke|p1|Ursaluna-Bloodmoon, L50, M|
|poke|p1|Gholdengo, L50|
|poke|p1|Maushold-Four, L50|
|poke|p1|Annihilape, L50, F|
|poke|p1|Rillaboom, L50, F|
|poke|p2|Charizard, L50, F|
|poke|p2|Torkoal, L50, M|
|poke|p2|Porygon2, L50|
|poke|p2|Incineroar, L50, F|
|poke|p2|Jumpluff, L50, M|
|poke|p2|Ursaluna, L50, F|
|teampreview|4
|showteam|p1|Dragonite||LoadedDice|Multiscale|ScaleShot,Tailwind,Haze,Protect|||F|||50|,,,,,Fairy]Ursaluna-Bloodmoon||AssaultVest|MindsEye|BloodMoon,EarthPower,HyperVoice,VacuumWave|||M|||50|,,,,,Water]Gholdengo||LifeOrb|GoodasGold|MakeItRain,ShadowBall,NastyPlot,Protect||||||50|,,,,,Dragon]Maushold-Four||FocusSash|FriendGuard|Taunt,FollowMe,BeatUp,Protect||||||50|,,,,,Ghost]Annihilape||SitrusBerry|Defiant|RageFist,DrainPunch,BulkUp,Protect|||F|||50|,,,,,Fire]Rillaboom||MiracleSeed|GrassySurge|WoodHammer,GrassyGlide,HighHorsepower,FakeOut|||F|||50|,,,,,Fire
|showteam|p2|Charizard||ChoiceSpecs|SolarPower|HeatWave,Overheat,WeatherBall,AirSlash|||F|||50|,,,,,Ghost]Torkoal||EjectPack|Drought|Eruption,Overheat,HelpingHand,Protect|||M|||50|,,,,,Fire]Porygon2||Eviolite|Download|TeraBlast,IceBeam,Recover,TrickRoom||||||50|,,,,,Fighting]Incineroar||SitrusBerry|Intimidate|FlareBlitz,KnockOff,FakeOut,PartingShot|||F|||50|,,,,,Ghost]Jumpluff||CovertCloak|Chlorophyll|SleepPowder,SunnyDay,RagePowder,Tailwind|||M|||50|,,,,,Water]Ursaluna||FlameOrb|Guts|HeadlongRush,Facade,Earthquake,Protect|||F|||50|,,,,,Ghost
|inactive|Battle timer is ON: inactive players will automatically lose when time's up. (requested by csxdialga)
|inactive|Archanile has 60 seconds left.
|j| GiselleSaintClaire
|l| GiselleSaintClaire
|
|t:|1757927351
|teamsize|p1|4
|teamsize|p2|4
|start
|switch|p1a: Maushold|Maushold-Four, L50|100/100
|switch|p1b: Annihilape|Annihilape, L50, F|100/100
|switch|p2a: Charizard|Charizard, L50, F|100/100
|switch|p2b: Jumpluff|Jumpluff, L50, M|100/100
|turn|1
|inactive|Archanile has 30 seconds left.
|
|t:|1757927384
|switch|p2b: Torkoal|Torkoal, L50, M|100/100
|-weather|SunnyDay|[from] ability: Drought|[of] p2b: Torkoal
|-terastallize|p1b: Annihilape|Fire
|move|p1a: Maushold|Taunt|p2b: Torkoal
|-start|p2b: Torkoal|move: Taunt
|move|p2a: Charizard|Heat Wave|p1a: Maushold|[spread] p1a
|-miss|p2a: Charizard|p1b: Annihilape
|-enditem|p1a: Maushold|Focus Sash
|-damage|p1a: Maushold|1/100
|move|p1b: Annihilape|Bulk Up|p1b: Annihilape
|-boost|p1b: Annihilape|atk|1
|-boost|p1b: Annihilape|def|1
|
|-weather|SunnyDay|[upkeep]
|-damage|p2a: Charizard|88/100|[from] ability: Solar Power|[of] p2a: Charizard
|upkeep
|turn|2
|inactive|Archanile has 30 seconds left.
|inactive|csxdialga has 30 seconds left.
|inactive|csxdialga has 20 seconds left.
|
|t:|1757927423
|switch|p2b: Jumpluff|Jumpluff, L50, M|100/100
|move|p1a: Maushold|Beat Up|p1b: Annihilape
|-damage|p1b: Annihilape|99/100
|-damage|p1b: Annihilape|98/100
|-damage|p1b: Annihilape|96/100
|-damage|p1b: Annihilape|95/100
|-hitcount|p1b: Annihilape|4
|move|p2a: Charizard|Heat Wave|p1b: Annihilape|[spread] p1a,p1b
|-resisted|p1b: Annihilape
|-damage|p1a: Maushold|0 fnt
|-damage|p1b: Annihilape|60/100
|faint|p1a: Maushold
|move|p1b: Annihilape|Rage Fist|p2b: Jumpluff
|-damage|p2b: Jumpluff|0 fnt
|faint|p2b: Jumpluff
|
|-weather|SunnyDay|[upkeep]
|-damage|p2a: Charizard|76/100|[from] ability: Solar Power|[of] p2a: Charizard
|upkeep
|inactive|Archanile has 30 seconds left.
|
|t:|1757927453
|switch|p1a: Rillaboom|Rillaboom, L50, F|100/100
|switch|p2b: Porygon2|Porygon2, L50|100/100
|-fieldstart|move: Grassy Terrain|[from] ability: Grassy Surge|[of] p1a: Rillaboom
|-ability|p2b: Porygon2|Download|boost
|-boost|p2b: Porygon2|spa|1
|turn|3
|inactive|csxdialga has 30 seconds left.
|inactive|csxdialga has 20 seconds left.
|inactive|csxdialga has 15 seconds left.
|inactive|csxdialga has 10 seconds left.
|inactive|csxdialga has 5 seconds left.
|
|t:|1757927508
|move|p1a: Rillaboom|Fake Out|p2b: Porygon2
|-damage|p2b: Porygon2|92/100
|move|p2a: Charizard|Heat Wave|p1a: Rillaboom|[spread] p1b
|-miss|p2a: Charizard|p1a: Rillaboom
|-resisted|p1b: Annihilape
|-damage|p1b: Annihilape|7/100
|-enditem|p1b: Annihilape|Sitrus Berry|[eat]
|-heal|p1b: Annihilape|32/100|[from] item: Sitrus Berry
|move|p1b: Annihilape|Rage Fist|p2a: Charizard
|-damage|p2a: Charizard|0 fnt
|faint|p2a: Charizard
|cant|p2b: Porygon2|flinch
|
|-weather|SunnyDay|[upkeep]
|-heal|p1b: Annihilape|38/100|[from] Grassy Terrain
|-heal|p2b: Porygon2|98/100|[from] Grassy Terrain
|upkeep
|
|t:|1757927523
|switch|p2a: Torkoal|Torkoal, L50, M|100/100
|turn|4
|
|t:|1757927545
|move|p2a: Torkoal|Protect|p2a: Torkoal
|-singleturn|p2a: Torkoal|Protect
|move|p1b: Annihilape|Drain Punch|p2b: Porygon2
|-supereffective|p2b: Porygon2
|-damage|p2b: Porygon2|37/100
|-heal|p1b: Annihilape|66/100|[from] drain|[of] p2b: Porygon2
|move|p1a: Rillaboom|High Horsepower|p2a: Torkoal
|-activate|p2a: Torkoal|move: Protect
|move|p2b: Porygon2|Trick Room|p2b: Porygon2
|-fieldstart|move: Trick Room|[of] p2b: Porygon2
|
|-weather|SunnyDay|[upkeep]
|-heal|p2b: Porygon2|44/100|[from] Grassy Terrain
|-heal|p1b: Annihilape|72/100|[from] Grassy Terrain
|upkeep
|turn|5
|inactive|Archanile has 30 seconds left.
|inactive|Archanile has 20 seconds left.
|inactive|Archanile has 15 seconds left.
|inactive|csxdialga has 30 seconds left.
|inactive|Archanile has 10 seconds left.
|inactive|Archanile has 5 seconds left.
|
|t:|1757927596
|switch|p1a: Gholdengo|Gholdengo, L50|100/100
|-terastallize|p2a: Torkoal|Fire
|move|p1b: Annihilape|Protect|p1b: Annihilape
|-singleturn|p1b: Annihilape|Protect
|move|p2a: Torkoal|Eruption|p1b: Annihilape|[spread] p1a
|-activate|p1b: Annihilape|move: Protect
|-supereffective|p1a: Gholdengo
|-damage|p1a: Gholdengo|0 fnt
|faint|p1a: Gholdengo
|move|p2b: Porygon2|Recover|p2b: Porygon2
|-heal|p2b: Porygon2|94/100
|
|-weather|none
|-heal|p2b: Porygon2|99/100|[from] Grassy Terrain
|-heal|p1b: Annihilape|78/100|[from] Grassy Terrain
|upkeep
|
|t:|1757927609
|switch|p1a: Rillaboom|Rillaboom, L50, F|100/100
|turn|6
|inactive|Archanile has 30 seconds left.
|inactive|csxdialga has 30 seconds left.
|inactive|Archanile has 20 seconds left.
|inactive|Archanile has 15 seconds left.
|inactive|csxdialga has 20 seconds left.
|
|t:|1757927651
|move|p2a: Torkoal|Protect|p2a: Torkoal
|-singleturn|p2a: Torkoal|Protect
|move|p1a: Rillaboom|Fake Out|p2b: Porygon2
|-damage|p2b: Porygon2|91/100
|cant|p2b: Porygon2|flinch
|move|p1b: Annihilape|Rage Fist|p2a: Torkoal
|-activate|p2a: Torkoal|move: Protect
|
|-heal|p2b: Porygon2|97/100|[from] Grassy Terrain
|-heal|p1b: Annihilape|85/100|[from] Grassy Terrain
|upkeep
|turn|7
|inactive|Archanile has 30 seconds left.
|
|t:|1757927678
|move|p1a: Rillaboom|Grassy Glide|p2a: Torkoal
|-resisted|p2a: Torkoal
|-damage|p2a: Torkoal|84/100
|move|p2a: Torkoal|Eruption|p1a: Rillaboom|[spread] p1a,p1b
|-supereffective|p1a: Rillaboom
|-resisted|p1b: Annihilape
|-damage|p1a: Rillaboom|0 fnt
|-damage|p1b: Annihilape|61/100
|faint|p1a: Rillaboom
|move|p2b: Porygon2|Tera Blast|p1b: Annihilape
|-damage|p1b: Annihilape|8/100
|move|p1b: Annihilape|Rage Fist|p2a: Torkoal
|-damage|p2a: Torkoal|0 fnt
|faint|p2a: Torkoal
|
|-heal|p2b: Porygon2|100/100|[from] Grassy Terrain
|-heal|p1b: Annihilape|14/100|[from] Grassy Terrain
|-fieldend|move: Grassy Terrain
|upkeep
|turn|8
|
|t:|1757927697
|move|p1b: Annihilape|Protect|p1b: Annihilape
|-singleturn|p1b: Annihilape|Protect
|move|p2b: Porygon2|Tera Blast|p1b: Annihilape
|-activate|p1b: Annihilape|move: Protect
|
|-fieldend|move: Trick Room
|upkeep
|turn|9
|
|t:|1757927702
|move|p1b: Annihilape|Drain Punch|p2b: Porygon2
|-supereffective|p2b: Porygon2
|-damage|p2b: Porygon2|44/100
|-heal|p1b: Annihilape|40/100|[from] drain|[of] p2b: Porygon2
|move|p2b: Porygon2|Tera Blast|p1b: Annihilape
|-damage|p1b: Annihilape|0 fnt
|faint|p1b: Annihilape
|
|win|csxdialga
|raw|Archanile's rating: 1089 → 1068(-21 for losing)
|raw|csxdialga's rating: 1118 → 1141(+23 for winning)
