|j|☆glen2
|j|☆vanessaur
|html|glen2vanessaur    
|uhtml|bestof|Game 2 of a best-of-3
|t:|1785744230
|gametype|doubles
|player|p1|glen2|1|
|player|p2|vanessaur|265|
|gen|9
|tier|[Gen 9 Champions] VGC 2026 Reg M-B (Bo3)
|rule|Species Clause: Limit one of each Pokémon
|rule|Item Clause: Limit 1 of each item
|clearpoke
|poke|p1|Charizard, L50, F, shiny|
|poke|p1|Sneasler, L50, M|
|poke|p1|Garchomp, L50, M|
|poke|p1|Toxapex, L50, F, shiny|
|poke|p1|Klefki, L50, M, shiny|
|poke|p1|Aerodactyl, L50, M|
|poke|p2|Floette-Eternal, L50, F|
|poke|p2|Incineroar, L50, M, shiny|
|poke|p2|Kingambit, L50, F, shiny|
|poke|p2|Gholdengo, L50, shiny|
|poke|p2|Wyrdeer, L50, F, shiny|
|poke|p2|Pikachu, L50, M|
|teampreview|4
|showteam|p1|Charizard||CharizarditeY|Blaze|WeatherBall,ScorchingSands,HeatWave,Protect|Modest||F|||50|]Sneasler||LifeOrb|PoisonTouch|DireClaw,CloseCombat,FakeOut,Protect|Adamant||M|||50|]Garchomp||SoftSand|RoughSkin|Protect,RockSlide,Earthquake,StompingTantrum|Jolly||M|||50|]Toxapex||Leftovers|Regenerator|Infestation,WideGuard,BanefulBunker,ChillingWater|Bold||F|||50|]Klefki||LightClay|Prankster|LightScreen,SunnyDay,Reflect,DazzlingGleam|Bold||M|||50|]Aerodactyl||Aerodactylite|Unnerve|Tailwind,RockSlide,DualWingbeat,WideGuard|Jolly||M|||50|
|showteam|p2|Floette-Eternal||Floettite|FlowerVeil|LightofRuin,DazzlingGleam,Moonblast,Protect|Modest||F|||50|]Incineroar||SitrusBerry|Intimidate|FakeOut,PartingShot,FlareBlitz,HelpingHand|Adamant||M|||50|]Kingambit||ChopleBerry|Defiant|KowtowCleave,IronHead,Protect,SuckerPunch|Adamant||F|||50|]Gholdengo||MetalCoat|GoodasGold|MakeItRain,ShadowBall,NastyPlot,Protect|Modest|||||50|]Wyrdeer||Leftovers|Intimidate|PsyshieldBash,TrickRoom,Earthquake,Protect|Sassy||F|||50|]Pikachu||FocusSash|Static|FakeOut,Nuzzle,Wish,Encore|Jolly||M|||50|
|
|t:|1785744252
|teamsize|p1|4
|teamsize|p2|4
|start
|switch|p1a: Sneasler|Sneasler, L50, M|100/100
|switch|p1b: Garchomp|Garchomp, L50, M|100/100
|switch|p2a: Floette|Floette-Eternal, L50, F|100/100
|switch|p2b: Incineroar|Incineroar, L50, M, shiny|100/100
|-ability|p2b: Incineroar|Intimidate|boost
|-unboost|p1a: Sneasler|atk|1
|-unboost|p1b: Garchomp|atk|1
|turn|1
|
|t:|1785744281
|move|p2b: Incineroar|Helping Hand|p2a: Floette
|-singleturn|p2a: Floette|Helping Hand|[of] p2b: Incineroar
|move|p2a: Floette|Protect|p2a: Floette
|-singleturn|p2a: Floette|Protect
|move|p1a: Sneasler|Dire Claw|p2a: Floette
|-activate|p2a: Floette|move: Protect
|move|p1b: Garchomp|Stomping Tantrum|p2b: Incineroar
|-supereffective|p2b: Incineroar|1
|-damage|p2b: Incineroar|36/100
|-enditem|p2b: Incineroar|Sitrus Berry|[eat]
|-heal|p2b: Incineroar|61/100|[from] item: Sitrus Berry
|
|upkeep
|turn|2
|
|t:|1785744327
|move|p1a: Sneasler|Dire Claw|p2a: Floette
|-supereffective|p2a: Floette|1
|-damage|p2a: Floette|0 fnt
|faint|p2a: Floette
|-damage|p1a: Sneasler|90/100|[from] item: Life Orb
|move|p1b: Garchomp|Stomping Tantrum|p2b: Incineroar
|-supereffective|p2b: Incineroar|1
|-damage|p2b: Incineroar|1/100
|move|p2b: Incineroar|Parting Shot|p1b: Garchomp
|-unboost|p1b: Garchomp|atk|1
|-unboost|p1b: Garchomp|spa|1
|
|t:|1785744341
|switch|p2b: Gholdengo|Gholdengo, L50, shiny|100/100|[from] Parting Shot
|
|upkeep
|
|t:|1785744348
|switch|p2a: Kingambit|Kingambit, L50, F, shiny|100/100
|turn|3
|
|t:|1785744355
|move|p2a: Kingambit|Protect|p2a: Kingambit
|-singleturn|p2a: Kingambit|Protect
|move|p1a: Sneasler|Close Combat|p2a: Kingambit
|-activate|p2a: Kingambit|move: Protect
|move|p1b: Garchomp|Stomping Tantrum|p2b: Gholdengo
|-supereffective|p2b: Gholdengo|1
|-damage|p2b: Gholdengo|49/100
|move|p2b: Gholdengo|Nasty Plot|p2b: Gholdengo
|-boost|p2b: Gholdengo|spa|2
|
|upkeep
|turn|4
|
|t:|1785744393
|move|p1a: Sneasler|Close Combat|p2a: Kingambit
|-supereffective|p2a: Kingambit|2
|-enditem|p2a: Kingambit|Chople Berry|[eat]
|-enditem|p2a: Kingambit|Chople Berry|[weaken]
|-damage|p2a: Kingambit|15/100
|-unboost|p1a: Sneasler|def|1
|-unboost|p1a: Sneasler|spd|1
|-damage|p1a: Sneasler|81/100|[from] item: Life Orb
|move|p1b: Garchomp|Stomping Tantrum|p2b: Gholdengo
|-supereffective|p2b: Gholdengo|1
|-damage|p2b: Gholdengo|6/100
|move|p2b: Gholdengo|Make It Rain|p1a: Sneasler|[spread] p1a,p1b
|-damage|p1a: Sneasler|0 fnt
|-damage|p1b: Garchomp|0 fnt
|-unboost|p2b: Gholdengo|spa|2
|faint|p1a: Sneasler
|faint|p1b: Garchomp
|move|p2a: Kingambit|Iron Head|p1: Sneasler|[notarget]
|-fail|p2a: Kingambit
|
|upkeep
|
|t:|1785744404
|switch|p1a: Charizard|Charizard, L50, F, shiny|100/100
|switch|p1b: Toxapex|Toxapex, L50, F, shiny|100/100
|turn|5
|
|t:|1785744434
|detailschange|p1a: Charizard|Charizard-Mega-Y, L50, F, shiny
|-mega|p1a: Charizard|Charizard|Charizardite Y
|-weather|SunnyDay|[from] ability: Drought|[of] p1a: Charizard
|move|p1b: Toxapex|Wide Guard|p1b: Toxapex
|-singleturn|p1b: Toxapex|Wide Guard
|move|p2a: Kingambit|Sucker Punch|p1a: Charizard
|-damage|p1a: Charizard|65/100
|move|p1a: Charizard|Heat Wave|p2b: Gholdengo|[spread] p2a,p2b
|-supereffective|p2a: Kingambit|1
|-supereffective|p2b: Gholdengo|1
|-damage|p2a: Kingambit|0 fnt
|-damage|p2b: Gholdengo|0 fnt
|faint|p2a: Kingambit
|faint|p2b: Gholdengo
|
|-weather|SunnyDay|[upkeep]
|upkeep
|
|t:|1785744451
|switch|p2b: Incineroar|Incineroar, L50, M, shiny|1/100
|-ability|p2b: Incineroar|Intimidate|boost
|-unboost|p1a: Charizard|atk|1
|-unboost|p1b: Toxapex|atk|1
|turn|6
|
|t:|1785744461
|move|p1a: Charizard|Protect|p1a: Charizard
|-singleturn|p1a: Charizard|Protect
|move|p2b: Incineroar|Parting Shot|p1a: Charizard
|-activate|p1a: Charizard|move: Protect
|move|p1b: Toxapex|Chilling Water|p2b: Incineroar
|-supereffective|p2b: Incineroar|1
|-damage|p2b: Incineroar|0 fnt
|faint|p2b: Incineroar
|
|win|glen2
