|j|☆Onyxburst
|j|☆gundnub
|html|Onyxburstgundnub    
|uhtml|bestof|Game 2 of a best-of-3
|t:|1783289535
|gametype|doubles
|player|p1|Onyxburst|266|
|player|p2|gundnub|pokemonranger-gen4|
|gen|9
|tier|[Gen 9 Champions] VGC 2026 Reg M-B (Bo3)
|rule|Species Clause: Limit one of each Pokémon
|rule|Item Clause: Limit 1 of each item
|clearpoke
|poke|p1|Pinsir, L50, M, shiny|
|poke|p1|Rotom-Mow, L50|
|poke|p1|Liepard, L50, F|
|poke|p1|Klefki, L50, F, shiny|
|poke|p1|Starmie, L50, shiny|
|poke|p1|Arcanine, L50, F|
|poke|p2|Arcanine, L50, F|
|poke|p2|Serperior, L50, M|
|poke|p2|Altaria, L50, F|
|poke|p2|Toxicroak, L50, M|
|poke|p2|Krookodile, L50, M|
|poke|p2|Pidgeot, L50, M|
|teampreview|4
|showteam|p1|Pinsir||Pinsirite|HyperCutter|BugBite,BodySlam,QuickAttack,Guillotine|Jolly||M|||50|]Rotom-Mow||ChoiceScarf|Levitate|Thunder,LeafStorm,Electroweb,Trick|Timid|||||50|]Liepard||FocusSash|Prankster|FakeOut,Encore,ThunderWave,RainDance|Careful||F|||50|]Klefki||LightClay|Prankster|LightScreen,Reflect,Torment,RainDance|Bold||F|||50|]Starmie||Starminite|NaturalCure|AquaJet,Liquidation,ZenHeadbutt,Recover|Jolly|||||50|]Arcanine||SitrusBerry|Intimidate|WillOWisp,Snarl,HelpingHand,Protect|Calm||F|||50|
|showteam|p2|Arcanine||SitrusBerry|Intimidate|FlareBlitz,ExtremeSpeed,Snarl,HelpingHand|Careful||F|||50|]Serperior||LightClay|Contrary|LeafStorm,Reflect,LightScreen,Glare|Timid||M|||50|]Altaria||Altarianite|CloudNine|Protect,HyperVoice,DragonPulse,Roost|Modest||F|||50|]Toxicroak||WhiteHerb|DrySkin|Protect,PoisonJab,CloseCombat,FakeOut|Adamant||M|||50|]Krookodile||ChoiceScarf|Intimidate|Earthquake,HighHorsepower,LashOut,RockSlide|Jolly||M|||50|]Pidgeot||Pidgeotite|KeenEye|Protect,Hurricane,HeatWave,Tailwind|Timid||M|||50|
|inactive|Battle timer is ON: inactive players will automatically lose when time's up. (requested by gundnub)
|inactive|Onyxburst has 60 seconds left.
|inactive|gundnub has 60 seconds left.
|
|t:|1783289590
|teamsize|p1|4
|teamsize|p2|4
|start
|switch|p1a: Klefki|Klefki, L50, F, shiny|100/100
|switch|p1b: Pinsir|Pinsir, L50, M, shiny|100/100
|switch|p2a: Altaria|Altaria, L50, F|100/100
|switch|p2b: Serperior|Serperior, L50, M|100/100
|-ability|p2a: Altaria|Cloud Nine
|turn|1
|
|t:|1783289608
|detailschange|p1b: Pinsir|Pinsir-Mega, L50, M, shiny
|-mega|p1b: Pinsir|Pinsir|Pinsirite
|detailschange|p2a: Altaria|Altaria-Mega, L50, F
|-mega|p2a: Altaria|Altaria|Altarianite
|move|p1b: Pinsir|Quick Attack|p2b: Serperior
|-supereffective|p2b: Serperior|1
|-damage|p2b: Serperior|39/100
|move|p1a: Klefki|Light Screen|p1a: Klefki
|-sidestart|p1: Onyxburst|move: Light Screen
|move|p2b: Serperior|Reflect|p2b: Serperior
|-sidestart|p2: gundnub|Reflect
|move|p2a: Altaria|Hyper Voice|p1a: Klefki|[spread] p1a,p1b
|-resisted|p1a: Klefki|1
|-damage|p1a: Klefki|83/100
|-damage|p1b: Pinsir|65/100
|
|upkeep
|turn|2
|
|t:|1783289630
|switch|p2b: Arcanine|Arcanine, L50, F|100/100
|-ability|p2b: Arcanine|Intimidate|boost
|-unboost|p1a: Klefki|atk|1
|-unboost|p1b: Pinsir|atk|1
|move|p1a: Klefki|Rain Dance|p1a: Klefki
|-weather|RainDance
|move|p1b: Pinsir|Body Slam|p2a: Altaria
|-damage|p2a: Altaria|71/100
|-status|p2a: Altaria|par
|move|p2a: Altaria|Hyper Voice|p1a: Klefki|[spread] p1a,p1b
|-resisted|p1a: Klefki|1
|-damage|p1a: Klefki|68/100
|-damage|p1b: Pinsir|25/100
|
|-weather|RainDance|[upkeep]
|upkeep
|turn|3
|inactive|gundnub has 30 seconds left.
|
|t:|1783289662
|switch|p1b: Arcanine|Arcanine, L50, F|100/100
|-ability|p1b: Arcanine|Intimidate|boost
|-unboost|p2a: Altaria|atk|1
|-unboost|p2b: Arcanine|atk|1
|move|p1a: Klefki|Torment|p2a: Altaria
|-start|p2a: Altaria|Torment
|move|p2b: Arcanine|Flare Blitz|p1a: Klefki
|-supereffective|p1a: Klefki|1
|-damage|p1a: Klefki|42/100
|-damage|p2b: Arcanine|92/100|[from] Recoil
|move|p2a: Altaria|Dragon Pulse|p1b: Arcanine
|-damage|p1b: Arcanine|76/100
|
|-weather|RainDance|[upkeep]
|upkeep
|turn|4
|inactive|gundnub has 30 seconds left.
|
|t:|1783289690
|switch|p2b: Serperior|Serperior, L50, M|39/100
|switch|p2a: Krookodile|Krookodile, L50, M|100/100
|-ability|p2a: Krookodile|Intimidate|boost
|-unboost|p1a: Klefki|atk|1
|-unboost|p1b: Arcanine|atk|1
|move|p1a: Klefki|Reflect|p1a: Klefki
|-sidestart|p1: Onyxburst|Reflect
|move|p1b: Arcanine|Snarl|p2b: Serperior|[spread] p2a,p2b
|-resisted|p2a: Krookodile|1
|-damage|p2a: Krookodile|94/100
|-damage|p2b: Serperior|29/100
|-unboost|p2a: Krookodile|spa|1
|-boost|p2b: Serperior|spa|1
|
|-weather|RainDance|[upkeep]
|upkeep
|turn|5
|inactive|gundnub has 30 seconds left.
|inactive|gundnub has 20 seconds left.
|inactive|gundnub has 15 seconds left.
|
|t:|1783289735
|switch|p1a: Rotom|Rotom-Mow, L50|100/100
|move|p2a: Krookodile|High Horsepower|p1a: Rotom
|-immune|p1a: Rotom|[from] ability: Levitate
|move|p2b: Serperior|Leaf Storm|p1b: Arcanine
|-resisted|p1b: Arcanine|1
|-damage|p1b: Arcanine|63/100
|-boost|p2b: Serperior|spa|2
|move|p1b: Arcanine|Will-O-Wisp|p2a: Krookodile
|-status|p2a: Krookodile|brn
|
|-weather|RainDance|[upkeep]
|-damage|p2a: Krookodile|88/100 brn|[from] brn
|upkeep
|turn|6
|inactive|gundnub has 30 seconds left.
|
|t:|1783289767
|switch|p2a: Arcanine|Arcanine, L50, F|92/100
|-ability|p2a: Arcanine|Intimidate|boost
|-unboost|p1a: Rotom|atk|1
|-unboost|p1b: Arcanine|atk|1
|move|p1b: Arcanine|Helping Hand|p1a: Rotom
|-singleturn|p1a: Rotom|Helping Hand|[of] p1b: Arcanine
|move|p1a: Rotom|Thunder|p2b: Serperior
|-resisted|p2b: Serperior|1
|-damage|p2b: Serperior|0 fnt
|faint|p2b: Serperior
|
|-weather|none
|upkeep
|
|t:|1783289778
|switch|p2b: Krookodile|Krookodile, L50, M|88/100 brn
|-ability|p2b: Krookodile|Intimidate|boost
|-unboost|p1a: Rotom|atk|1
|-unboost|p1b: Arcanine|atk|1
|turn|7
|
|t:|1783289794
|switch|p1a: Klefki|Klefki, L50, F, shiny|42/100
|move|p2b: Krookodile|High Horsepower|p1b: Arcanine
|-supereffective|p1b: Arcanine|1
|-damage|p1b: Arcanine|29/100
|-enditem|p1b: Arcanine|Sitrus Berry|[eat]
|-heal|p1b: Arcanine|54/100|[from] item: Sitrus Berry
|move|p2a: Arcanine|Flare Blitz|p1b: Arcanine
|-resisted|p1b: Arcanine|1
|-damage|p1b: Arcanine|39/100
|-damage|p2a: Arcanine|87/100|[from] Recoil
|move|p1b: Arcanine|Snarl|p2b: Krookodile|[spread] p2a,p2b
|-resisted|p2b: Krookodile|1
|-damage|p2a: Arcanine|79/100
|-damage|p2b: Krookodile|82/100 brn
|-unboost|p2a: Arcanine|spa|1
|-unboost|p2b: Krookodile|spa|1
|
|-damage|p2b: Krookodile|76/100 brn|[from] brn
|upkeep
|turn|8
|
|t:|1783289819
|switch|p1b: Rotom|Rotom-Mow, L50|100/100
|move|p1a: Klefki|Rain Dance|p1a: Klefki
|-weather|RainDance
|move|p2b: Krookodile|High Horsepower|p1b: Rotom
|-immune|p1b: Rotom|[from] ability: Levitate
|move|p2a: Arcanine|Flare Blitz|p1a: Klefki
|-supereffective|p1a: Klefki|1
|-damage|p1a: Klefki|18/100
|-damage|p2a: Arcanine|73/100|[from] Recoil
|
|-weather|RainDance|[upkeep]
|-damage|p2b: Krookodile|70/100 brn|[from] brn
|-sideend|p2: gundnub|Reflect
|-sideend|p1: Onyxburst|move: Light Screen
|upkeep
|turn|9
|
|t:|1783289832
|switch|p2a: Altaria|Altaria-Mega, L50, F|71/100 par
|move|p1a: Klefki|Torment|p2a: Altaria
|-start|p2a: Altaria|Torment
|move|p2b: Krookodile|High Horsepower|p1a: Klefki
|-supereffective|p1a: Klefki|1
|-damage|p1a: Klefki|0 fnt
|faint|p1a: Klefki
|move|p1b: Rotom|Thunder|p2a: Altaria
|-resisted|p2a: Altaria|1
|-damage|p2a: Altaria|47/100 par
|
|-weather|RainDance|[upkeep]
|-damage|p2b: Krookodile|64/100 brn|[from] brn
|upkeep
|
|t:|1783289845
|switch|p1a: Pinsir|Pinsir-Mega, L50, M, shiny|25/100
|turn|10
|
|t:|1783289867
|switch|p2b: Arcanine|Arcanine, L50, F|73/100
|-ability|p2b: Arcanine|Intimidate|boost
|-unboost|p1a: Pinsir|atk|1
|-unboost|p1b: Rotom|atk|1
|move|p1b: Rotom|Thunder|p2b: Arcanine
|-damage|p2b: Arcanine|33/100
|-enditem|p2b: Arcanine|Sitrus Berry|[eat]
|-heal|p2b: Arcanine|58/100|[from] item: Sitrus Berry
|move|p1a: Pinsir|Body Slam|p2a: Altaria
|-damage|p2a: Altaria|10/100 par
|move|p2a: Altaria|Hyper Voice|p1b: Rotom|[spread] p1a,p1b
|-damage|p1a: Pinsir|0 fnt
|-damage|p1b: Rotom|40/100
|faint|p1a: Pinsir
|
|-weather|RainDance|[upkeep]
|upkeep
|
|t:|1783289882
|switch|p1a: Arcanine|Arcanine, L50, F|39/100
|-ability|p1a: Arcanine|Intimidate|boost
|-unboost|p2a: Altaria|atk|1
|-unboost|p2b: Arcanine|atk|1
|turn|11
|inactive|gundnub has 30 seconds left.
|
|t:|1783289908
|switch|p2b: Krookodile|Krookodile, L50, M|64/100 brn
|-ability|p2b: Krookodile|Intimidate|boost
|-unboost|p1a: Arcanine|atk|1
|-unboost|p1b: Rotom|atk|1
|move|p1b: Rotom|Thunder|p2b: Krookodile
|-immune|p2b: Krookodile
|move|p1a: Arcanine|Snarl|p2a: Altaria|[spread] p2a,p2b
|-resisted|p2a: Altaria|1
|-resisted|p2b: Krookodile|1
|-damage|p2a: Altaria|5/100 par
|-damage|p2b: Krookodile|57/100 brn
|-unboost|p2a: Altaria|spa|1
|-unboost|p2b: Krookodile|spa|1
|move|p2a: Altaria|Dragon Pulse|p1a: Arcanine
|-damage|p1a: Arcanine|18/100
|
|-weather|RainDance|[upkeep]
|-damage|p2b: Krookodile|51/100 brn|[from] brn
|-sideend|p1: Onyxburst|Reflect
|upkeep
|turn|12
|inactive|gundnub has 30 seconds left.
|inactive|gundnub has 20 seconds left.
|
|t:|1783289945
|move|p1a: Arcanine|Protect|p1a: Arcanine
|-singleturn|p1a: Arcanine|Protect
|move|p2a: Altaria|Protect|p2a: Altaria
|-singleturn|p2a: Altaria|Protect
|move|p2b: Krookodile|Lash Out|p1a: Arcanine
|-activate|p1a: Arcanine|move: Protect
|move|p1b: Rotom|Thunder|p2a: Altaria
|-activate|p2a: Altaria|move: Protect
|
|-weather|none
|-damage|p2b: Krookodile|45/100 brn|[from] brn
|upkeep
|turn|13
|
|t:|1783289964
|move|p1a: Arcanine|Protect||[still]
|-fail|p1a: Arcanine
|move|p2b: Krookodile|Lash Out|p1a: Arcanine
|-damage|p1a: Arcanine|0 fnt
|faint|p1a: Arcanine
|move|p1b: Rotom|Thunder|p2a: Altaria
|-resisted|p2a: Altaria|1
|-damage|p2a: Altaria|0 fnt
|faint|p2a: Altaria
|
|-damage|p2b: Krookodile|40/100 brn|[from] brn
|upkeep
|
|t:|1783289972
|switch|p2a: Arcanine|Arcanine, L50, F|58/100
|-ability|p2a: Arcanine|Intimidate|boost
|-unboost|p1b: Rotom|atk|1
|turn|14
|
|t:|1783289977
|move|p2a: Arcanine|Helping Hand|p2b: Krookodile
|-singleturn|p2b: Krookodile|Helping Hand|[of] p2a: Arcanine
|move|p2b: Krookodile|Lash Out|p1b: Rotom
|-crit|p1b: Rotom
|-damage|p1b: Rotom|0 fnt
|faint|p1b: Rotom
|
|win|gundnub
