|j|☆lukashz
|j|☆giallone55
|html|lukashzgiallone55    
|uhtml|bestof|Game 1 of a best-of-3
|t:|1782433208
|gametype|doubles
|player|p1|lukashz|elesa|1206
|player|p2|giallone55|170|1162
|gen|9
|tier|[Gen 9 Champions] VGC 2026 Reg M-B (Bo3)
|rated|
|rule|Species Clause: Limit one of each Pokémon
|rule|Item Clause: Limit 1 of each item
|clearpoke
|poke|p1|Incineroar, L50, F|
|poke|p1|Floette-Eternal, L50, F|
|poke|p1|Kingambit, L50, F|
|poke|p1|Sinistcha, L50|
|poke|p1|Basculegion, L50, M|
|poke|p1|Sneasler, L50, F|
|poke|p2|Whimsicott, L50, F|
|poke|p2|Sylveon, L50, F|
|poke|p2|Staraptor, L50, F|
|poke|p2|Maushold-Four, L50|
|poke|p2|Gholdengo, L50|
|poke|p2|Garchomp, L50, M|
|teampreview|4
|showteam|p1|Incineroar||SitrusBerry|Intimidate|FakeOut,PartingShot,FlareBlitz,HelpingHand|Careful||F|||50|]Floette-Eternal||Floettite|FlowerVeil|Protect,DazzlingGleam,CalmMind,DrainingKiss|Timid||F|||50|]Kingambit||BlackGlasses|Defiant|Protect,SuckerPunch,KowtowCleave,SwordsDance|Adamant||F|||50|]Sinistcha||FocusSash|Hospitality|Protect,RagePowder,TrickRoom,MatchaGotcha|Modest|||||50|]Basculegion||ChoiceScarf|Adaptability|FlipTurn,WaveCrash,AquaJet,LastRespects|Jolly||M|||50|]Sneasler||WhiteHerb|Unburden|Protect,FakeOut,DireClaw,CloseCombat|Adamant||F|||50|
|showteam|p2|Whimsicott||FocusSash|Prankster|Moonblast,Tailwind,SunnyDay,Encore|Calm||F|||50|]Sylveon||Leftovers|Pixilate|HyperVoice,CalmMind,MysticalFire,Detect|Modest||F|||50|]Staraptor||Staraptite|Intimidate|CloseCombat,BraveBird,Roost,BlazeKick|Adamant||F|||50|]Maushold-Four||WideLens|Technician|PopulationBomb,FollowMe,Taunt,Charm|Jolly|||||50|]Gholdengo||LifeOrb|GoodasGold|NastyPlot,ShadowBall,Thunderbolt,MakeItRain|Timid|||||50|]Garchomp||SitrusBerry|RoughSkin|SwordsDance,StealthRock,DragonClaw,PoisonJab|Impish||M|||50|
|inactive|Battle timer is ON: inactive players will automatically lose when time's up. (requested by giallone55)
|
|t:|1782433230
|teamsize|p1|4
|teamsize|p2|4
|start
|switch|p1a: Incineroar|Incineroar, L50, F|100/100
|switch|p1b: Floette|Floette-Eternal, L50, F|100/100
|switch|p2a: Gholdengo|Gholdengo, L50|100/100
|switch|p2b: Garchomp|Garchomp, L50, M|100/100
|-ability|p1a: Incineroar|Intimidate|boost
|-unboost|p2a: Gholdengo|atk|1
|-unboost|p2b: Garchomp|atk|1
|turn|1
|
|t:|1782433248
|switch|p2a: Maushold|Maushold-Four, L50|100/100
|detailschange|p1b: Floette|Floette-Mega, L50, F
|-mega|p1b: Floette|Floette|Floettite
|-ability|p1b: Floette|Fairy Aura
|move|p1a: Incineroar|Fake Out|p2b: Garchomp
|-damage|p2b: Garchomp|90/100
|-damage|p1a: Incineroar|87/100|[from] ability: Rough Skin|[of] p2b: Garchomp
|move|p1b: Floette|Calm Mind|p1b: Floette
|-boost|p1b: Floette|spa|1
|-boost|p1b: Floette|spd|1
|cant|p2b: Garchomp|flinch
|
|upkeep
|turn|2
|
|t:|1782433266
|switch|p1a: Sinistcha|Sinistcha, L50|100/100
|move|p1b: Floette|Protect|p1b: Floette
|-singleturn|p1b: Floette|Protect
|move|p2a: Maushold|Population Bomb|p1b: Floette
|-activate|p1b: Floette|move: Protect
|move|p2b: Garchomp|Stealth Rock|p1b: Floette
|-sidestart|p1: lukashz|move: Stealth Rock
|
|upkeep
|turn|3
|
|t:|1782433280
|move|p1a: Sinistcha|Rage Powder|p1a: Sinistcha
|-singleturn|p1a: Sinistcha|move: Rage Powder
|move|p2a: Maushold|Taunt|p1a: Sinistcha
|-start|p1a: Sinistcha|move: Taunt
|move|p1b: Floette|Dazzling Gleam|p2a: Maushold|[spread] p2a,p2b
|-supereffective|p2b: Garchomp|1
|-damage|p2a: Maushold|0 fnt
|-damage|p2b: Garchomp|0 fnt
|faint|p2a: Maushold
|faint|p2b: Garchomp
|
|upkeep
|
|t:|1782433289
|switch|p2a: Gholdengo|Gholdengo, L50|100/100
|switch|p2b: Staraptor|Staraptor, L50, F|100/100
|-ability|p2b: Staraptor|Intimidate|boost
|-unboost|p1a: Sinistcha|atk|1
|-unboost|p1b: Floette|atk|1
|turn|4
|
|t:|1782433298
|detailschange|p2b: Staraptor|Staraptor-Mega, L50, F
|-mega|p2b: Staraptor|Staraptor|Staraptite
|move|p1b: Floette|Dazzling Gleam|p2b: Staraptor|[spread] p2a,p2b
|-resisted|p2a: Gholdengo|1
|-supereffective|p2b: Staraptor|1
|-damage|p2a: Gholdengo|58/100
|-damage|p2b: Staraptor|0 fnt
|faint|p2b: Staraptor
|move|p2a: Gholdengo|Make It Rain|p1b: Floette|[spread] p1a,p1b
|-supereffective|p1b: Floette|1
|-damage|p1a: Sinistcha|43/100
|-damage|p1b: Floette|32/100
|-unboost|p2a: Gholdengo|spa|2
|-damage|p2a: Gholdengo|48/100|[from] item: Life Orb
|move|p1a: Sinistcha|Matcha Gotcha|p2a: Gholdengo
|-resisted|p2a: Gholdengo|1
|-damage|p2a: Gholdengo|24/100
|-heal|p1a: Sinistcha|54/100|[from] drain|[of] p2a: Gholdengo
|
|upkeep
|turn|5
|
|t:|1782433317
|move|p1b: Floette|Dazzling Gleam|p2a: Gholdengo
|-resisted|p2a: Gholdengo|1
|-damage|p2a: Gholdengo|0 fnt
|faint|p2a: Gholdengo
|
|win|lukashz
||giallone55 is ready for game 2.
||lukashz is ready for game 2.
|uhtml|next|Next: Game 2 of 3
|l|☆giallone55
|player|p2|
