|j|☆Chknadobovgc
|j|☆Hellyn
|html|ChknadobovgcHellyn    
|uhtml|bestof|Game 2 of a best-of-3
|t:|1756540867
|gametype|doubles
|player|p1|Chknadobovgc|2|1113
|player|p2|Hellyn|lyra|1093
|gen|9
|tier|[Gen 9] VGC 2025 Reg H (Bo3)
|rated|
|rule|Species Clause: Limit one of each Pokémon
|rule|Item Clause: Limit 1 of each item
|clearpoke
|poke|p1|Torkoal, L50, F|
|poke|p1|Ursaluna, L50, M|
|poke|p1|Sinistcha, L50|
|poke|p1|Dragonite, L50, F|
|poke|p1|Gholdengo, L50|
|poke|p1|Charizard, L50, M|
|poke|p2|Pelipper, L50, F|
|poke|p2|Basculegion, L50, M|
|poke|p2|Gholdengo, L50|
|poke|p2|Archaludon, L50, M|
|poke|p2|Incineroar, L50, M|
|poke|p2|Amoonguss, L50, M|
|teampreview|4
|showteam|p1|Torkoal||EjectPack|Drought|Overheat,BodyPress,Eruption,Protect|||F|||50|,,,,,Fighting]Ursaluna||FlameOrb|Guts|Protect,Facade,HeadlongRush,Earthquake|||M|||50|,,,,,Fairy]Sinistcha||SitrusBerry|Hospitality|EnergyBall,RagePowder,TrickRoom,Protect||||||50|,,,,,Dark]Dragonite||LoadedDice|Multiscale|ScaleShot,Tailwind,Haze,ExtremeSpeed|||F|||50|,,,,,Fairy]Gholdengo||ChoiceScarf|GoodasGold|MakeItRain,ShadowBall,Trick,Protect||||||50|,,,,,Steel]Charizard||LifeOrb|SolarPower|HeatWave,AirSlash,Overheat,Protect|||M|||50|,,,,,Fire
|showteam|p2|Pelipper||FocusSash|Drizzle|WeatherBall,Hurricane,Tailwind,Protect|||F|||50|,,,,,Ghost]Basculegion||ChoiceBand|SwiftSwim|FlipTurn,WaveCrash,AquaJet,LastRespects|||M|||50|,,,,,Grass]Gholdengo||LifeOrb|GoodasGold|MakeItRain,ShadowBall,NastyPlot,Protect||||||50|,,,,,Dragon]Archaludon||AssaultVest|Stamina|ElectroShot,BodyPress,FlashCannon,DracoMeteor|||M|||50|,,,,,Bug]Incineroar||SafetyGoggles|Intimidate|KnockOff,Taunt,PartingShot,FakeOut|||M|||50|,,,,,Ghost]Amoonguss||SitrusBerry|Regenerator|PollenPuff,Spore,RagePowder,Protect|||M|||50|,,,,,Fairy
|inactive|Battle timer is ON: inactive players will automatically lose when time's up. (requested by Chknadobovgc)
|
|t:|1756540884
|teamsize|p1|4
|teamsize|p2|4
|start
|switch|p1a: Torkoal|Torkoal, L50, F|100/100
|switch|p1b: Sinistcha|Sinistcha, L50|100/100
|switch|p2a: Basculegion|Basculegion, L50, M|100/100
|switch|p2b: Incineroar|Incineroar, L50, M|100/100
|-ability|p2b: Incineroar|Intimidate|boost
|-unboost|p1a: Torkoal|atk|1
|-unboost|p1b: Sinistcha|atk|1
|-weather|SunnyDay|[from] ability: Drought|[of] p1a: Torkoal
|-enditem|p1a: Torkoal|Eject Pack
|
|t:|1756540902
|switch|p1a: Charizard|Charizard, L50, M, shiny|100/100
|turn|1
|inactive|Hellyn has 30 seconds left.
|inactive|Hellyn has 20 seconds left.
|inactive|Hellyn has 15 seconds left.
|inactive|Hellyn has 10 seconds left.
|
|t:|1756540950
|switch|p2b: Pelipper|Pelipper, L50, F, shiny|100/100
|-weather|RainDance|[from] ability: Drizzle|[of] p2b: Pelipper
|-terastallize|p2a: Basculegion|Grass
|move|p1a: Charizard|Protect|p1a: Charizard
|-singleturn|p1a: Charizard|Protect
|move|p2a: Basculegion|Flip Turn|p1a: Charizard
|-activate|p1a: Charizard|move: Protect
|move|p1b: Sinistcha|Energy Ball|p2a: Basculegion
|-resisted|p2a: Basculegion
|-damage|p2a: Basculegion|74/100
|-unboost|p2a: Basculegion|spd|1
|
|-weather|RainDance|[upkeep]
|upkeep
|turn|2
|inactive|Hellyn has 30 seconds left.
|inactive|Hellyn has 20 seconds left.
|inactive|Hellyn has 15 seconds left.
|inactive|Hellyn has 10 seconds left.
|inactive|Hellyn has 5 seconds left.
|
|t:|1756541001
|switch|p2a: Incineroar|Incineroar, L50, M|100/100
|-ability|p2a: Incineroar|Intimidate|boost
|-unboost|p1a: Charizard|atk|1
|-unboost|p1b: Sinistcha|atk|1
|switch|p1b: Torkoal|Torkoal, L50, F|100/100
|-weather|SunnyDay|[from] ability: Drought|[of] p1b: Torkoal
|move|p1a: Charizard|Heat Wave|p2b: Pelipper|[spread] p2a,p2b
|-resisted|p2a: Incineroar
|-resisted|p2b: Pelipper
|-damage|p2a: Incineroar|62/100
|-damage|p2b: Pelipper|25/100
|-damage|p1a: Charizard|91/100|[from] item: Life Orb
|move|p2b: Pelipper|Tailwind|p2b: Pelipper
|-sidestart|p2: Hellyn|move: Tailwind
|
|-weather|SunnyDay|[upkeep]
|-damage|p1a: Charizard|78/100|[from] ability: Solar Power|[of] p1a: Charizard
|upkeep
|turn|3
|inactive|Hellyn has 30 seconds left.
|inactive|Hellyn has 20 seconds left.
|inactive|Hellyn has 15 seconds left.
|
|t:|1756541044
|switch|p2b: Basculegion|Basculegion, L50, M, tera:Grass|74/100
|switch|p1a: Sinistcha|Sinistcha, L50|100/100
|move|p2a: Incineroar|Parting Shot|p1b: Torkoal
|-unboost|p1b: Torkoal|atk|1
|-unboost|p1b: Torkoal|spa|1
|
|t:|1756541051
|switch|p2a: Pelipper|Pelipper, L50, F, shiny|25/100|[from] Parting Shot
|-weather|RainDance|[from] ability: Drizzle|[of] p2a: Pelipper
|move|p1b: Torkoal|Body Press|p2a: Pelipper
|-resisted|p2a: Pelipper
|-damage|p2a: Pelipper|3/100
|
|-weather|RainDance|[upkeep]
|upkeep
|turn|4
|
|t:|1756541073
|move|p1b: Torkoal|Protect|p1b: Torkoal
|-singleturn|p1b: Torkoal|Protect
|move|p2b: Basculegion|Flip Turn|p1b: Torkoal
|-activate|p1b: Torkoal|move: Protect
|move|p2a: Pelipper|Hurricane|p1a: Sinistcha
|-supereffective|p1a: Sinistcha
|-damage|p1a: Sinistcha|12/100
|-start|p1a: Sinistcha|confusion
|-enditem|p1a: Sinistcha|Sitrus Berry|[eat]
|-heal|p1a: Sinistcha|36/100|[from] item: Sitrus Berry
|-activate|p1a: Sinistcha|confusion
|move|p1a: Sinistcha|Trick Room|p1a: Sinistcha
|-fieldstart|move: Trick Room|[of] p1a: Sinistcha
|
|-weather|RainDance|[upkeep]
|upkeep
|turn|5
|inactive|Chknadobovgc has 30 seconds left.
|
|t:|1756541100
|switch|p1b: Ursaluna|Ursaluna, L50, M, shiny|100/100
|switch|p2b: Incineroar|Incineroar, L50, M|62/100
|-ability|p2b: Incineroar|Intimidate|boost
|-unboost|p1a: Sinistcha|atk|1
|-unboost|p1b: Ursaluna|atk|1
|-activate|p1a: Sinistcha|confusion
|-damage|p1a: Sinistcha|33/100|[from] confusion
|move|p2a: Pelipper|Weather Ball|p1b: Ursaluna
|-supereffective|p1b: Ursaluna
|-damage|p1b: Ursaluna|0 fnt
|faint|p1b: Ursaluna
|
|-weather|RainDance|[upkeep]
|-sideend|p2: Hellyn|move: Tailwind
|upkeep
|
|t:|1756541103
|switch|p1b: Torkoal|Torkoal, L50, F|100/100
|-weather|SunnyDay|[from] ability: Drought|[of] p1b: Torkoal
|turn|6
|inactive|Hellyn has 30 seconds left.
|inactive|Hellyn has 20 seconds left.
|inactive|Hellyn has 15 seconds left.
|
|t:|1756541143
|switch|p2a: Archaludon|Archaludon, L50, M|100/100
|move|p1b: Torkoal|Body Press|p2b: Incineroar
|-supereffective|p2b: Incineroar
|-damage|p2b: Incineroar|11/100
|move|p2b: Incineroar|Parting Shot|p1b: Torkoal
|-unboost|p1b: Torkoal|atk|1
|-unboost|p1b: Torkoal|spa|1
|
|t:|1756541151
|switch|p2b: Pelipper|Pelipper, L50, F, shiny|3/100|[from] Parting Shot
|-weather|RainDance|[from] ability: Drizzle|[of] p2b: Pelipper
|-activate|p1a: Sinistcha|confusion
|move|p1a: Sinistcha|Energy Ball|p2a: Archaludon
|-resisted|p2a: Archaludon
|-damage|p2a: Archaludon|93/100
|-ability|p2a: Archaludon|Stamina|boost
|-boost|p2a: Archaludon|def|1
|
|-weather|RainDance|[upkeep]
|upkeep
|turn|7
|
|t:|1756541170
|switch|p1b: Charizard|Charizard, L50, M, shiny|78/100
|-activate|p1a: Sinistcha|confusion
|move|p1a: Sinistcha|Energy Ball|p2b: Pelipper
|-damage|p2b: Pelipper|0 fnt
|faint|p2b: Pelipper
|move|p2a: Archaludon|Electro Shot||[still]
|-prepare|p2a: Archaludon|Electro Shot
|-boost|p2a: Archaludon|spa|1
|-anim|p2a: Archaludon|Electro Shot|p1a: Sinistcha
|-resisted|p1a: Sinistcha
|-damage|p1a: Sinistcha|3/100
|
|-weather|RainDance|[upkeep]
|upkeep
|inactive|Hellyn has 30 seconds left.
|
|t:|1756541199
|switch|p2b: Basculegion|Basculegion, L50, M, tera:Grass|74/100
|turn|8
|
|t:|1756541209
|switch|p1a: Torkoal|Torkoal, L50, F|100/100
|-weather|SunnyDay|[from] ability: Drought|[of] p1a: Torkoal
|move|p1b: Charizard|Protect|p1b: Charizard
|-singleturn|p1b: Charizard|Protect
|move|p2b: Basculegion|Aqua Jet|p1b: Charizard
|-activate|p1b: Charizard|move: Protect
|move|p2a: Archaludon|Electro Shot||[still]
|-prepare|p2a: Archaludon|Electro Shot
|-boost|p2a: Archaludon|spa|1
|
|-weather|SunnyDay|[upkeep]
|-damage|p1b: Charizard|66/100|[from] ability: Solar Power|[of] p1b: Charizard
|-fieldend|move: Trick Room
|upkeep
|turn|9
|
|t:|1756541227
|-terastallize|p1b: Charizard|Fire
|move|p2b: Basculegion|Aqua Jet|p1b: Charizard
|-supereffective|p1b: Charizard
|-damage|p1b: Charizard|19/100
|move|p1b: Charizard|Heat Wave|p2b: Basculegion|[spread] p2a,p2b
|-supereffective|p2b: Basculegion
|-damage|p2a: Archaludon|14/100
|-damage|p2b: Basculegion|0 fnt
|-ability|p2a: Archaludon|Stamina|boost
|-boost|p2a: Archaludon|def|1
|faint|p2b: Basculegion
|-damage|p1b: Charizard|10/100|[from] item: Life Orb
|move|p2a: Archaludon|Electro Shot|p1b: Charizard|[from] lockedmove
|-damage|p1b: Charizard|0 fnt
|faint|p1b: Charizard
|move|p1a: Torkoal|Eruption|p2a: Archaludon
|-damage|p2a: Archaludon|0 fnt
|faint|p2a: Archaludon
|
|-weather|SunnyDay|[upkeep]
|upkeep
|
|t:|1756541240
|switch|p1b: Sinistcha|Sinistcha, L50|3/100
|switch|p2b: Incineroar|Incineroar, L50, M|11/100
|-ability|p2b: Incineroar|Intimidate|boost
|-unboost|p1a: Torkoal|atk|1
|-unboost|p1b: Sinistcha|atk|1
|turn|10
|-message|Hellyn forfeited.
|
|win|Chknadobovgc
|l|☆Hellyn
|player|p2|
||Hellyn is ready for game 3.
||Chknadobovgc is ready for game 3.
|uhtml|next|Next: Game 3 of 3
