|j|☆asefito
|j|☆Greensworth
|html|asefitoGreensworth    
|uhtml|bestof|Game 1 of a best-of-3
|t:|1783457320
|gametype|doubles
|player|p1|asefito|winona|1189
|player|p2|Greensworth|clair|1119
|gen|9
|tier|[Gen 9 Champions] VGC 2026 Reg M-B (Bo3)
|rated|
|rule|Species Clause: Limit one of each Pokémon
|rule|Item Clause: Limit 1 of each item
|clearpoke
|poke|p1|Incineroar, L50, F|
|poke|p1|Basculegion, L50, M|
|poke|p1|Tinkaton, L50, F|
|poke|p1|Floette-Eternal, L50, F|
|poke|p1|Kingambit, L50, M|
|poke|p1|Sneasler, L50, F|
|poke|p2|Delphox, L50, F|
|poke|p2|Whimsicott, L50, F|
|poke|p2|Garchomp, L50, F|
|poke|p2|Sinistcha, L50|
|poke|p2|Staraptor, L50, F|
|poke|p2|Maushold, L50|
|teampreview|4
|showteam|p1|Incineroar||SitrusBerry|Intimidate|FlareBlitz,DarkestLariat,PartingShot,FakeOut|Careful||F|||50|]Basculegion||ChoiceScarf|Adaptability|WaveCrash,LastRespects,FlipTurn,AquaJet|Jolly||M|||50|]Tinkaton||Leftovers|MoldBreaker|GigatonHammer,PlayRough,BrickBreak,FakeOut|Adamant||F|||50|]Floette-Eternal||Floettite|FlowerVeil|Moonblast,DazzlingGleam,CalmMind,Protect|Modest||F|||50|]Kingambit||LifeOrb|Defiant|KowtowCleave,SuckerPunch,SwordsDance,Protect|Adamant||M|||50|]Sneasler||FocusSash|PoisonTouch|CloseCombat,DireClaw,Feint,FakeOut|Jolly||F|||50|
|showteam|p2|Delphox||Delphoxite|Blaze|HeatWave,Psychic,Substitute,Protect|Timid||F|||50|]Whimsicott||FocusSash|Prankster|Moonblast,Tailwind,FakeTears,SunnyDay|Bold||F|||50|]Garchomp||LifeOrb|RoughSkin|DragonClaw,Earthquake,RockSlide,Protect|Jolly||F|||50|]Sinistcha||KasibBerry|Hospitality|MatchaGotcha,RagePowder,StrengthSap,TrickRoom|Bold|||||50|]Staraptor||Staraptite|Intimidate|CloseCombat,BraveBird,Roost,Protect|Jolly||F|||50|]Maushold||ChopleBerry|FriendGuard|SuperFang,Charm,FollowMe,Protect|Timid|||||50|
|inactive|Battle timer is ON: inactive players will automatically lose when time's up. (requested by asefito)
|inactive|asefito has 60 seconds left.
|inactive|Greensworth has 60 seconds left.
|inactive|Greensworth has 30 seconds left.
|inactive|Greensworth has 20 seconds left.
|inactive|Greensworth has 15 seconds left.
|inactive|Greensworth has 10 seconds left.
|inactive|Greensworth has 5 seconds left.
|
|t:|1783457410
|teamsize|p1|4
|teamsize|p2|4
|start
|switch|p1a: Incineroar|Incineroar, L50, F|100/100
|switch|p1b: Floette|Floette-Eternal, L50, F|100/100
|switch|p2a: Staraptor|Staraptor, L50, F|100/100
|switch|p2b: Maushold|Maushold, L50|100/100
|-ability|p2a: Staraptor|Intimidate|boost
|-unboost|p1a: Incineroar|atk|1
|-unboost|p1b: Floette|atk|1
|-ability|p1a: Incineroar|Intimidate|boost
|-unboost|p2a: Staraptor|atk|1
|-unboost|p2b: Maushold|atk|1
|turn|1
|inactive|Greensworth has 30 seconds left.
|inactive|Greensworth has 20 seconds left.
|inactive|Greensworth has 15 seconds left.
|
|t:|1783457453
|switch|p2a: Sinistcha|Sinistcha, L50|100/100
|detailschange|p1b: Floette|Floette-Mega, L50, F
|-mega|p1b: Floette|Floette|Floettite
|-ability|p1b: Floette|Fairy Aura
|move|p2b: Maushold|Protect|p2b: Maushold
|-singleturn|p2b: Maushold|Protect
|move|p1a: Incineroar|Fake Out|p2a: Sinistcha
|-immune|p2a: Sinistcha
|move|p1b: Floette|Calm Mind|p1b: Floette
|-boost|p1b: Floette|spa|1
|-boost|p1b: Floette|spd|1
|
|upkeep
|turn|2
|inactive|asefito has 30 seconds left.
|inactive|Greensworth has 30 seconds left.
|inactive|Greensworth has 20 seconds left.
|inactive|Greensworth has 15 seconds left.
|inactive|Greensworth has 10 seconds left.
|inactive|Greensworth has 5 seconds left.
|
|t:|1783457506
|switch|p1a: Tinkaton|Tinkaton, L50, F|100/100
|-ability|p1a: Tinkaton|Mold Breaker
|move|p1b: Floette|Protect|p1b: Floette
|-singleturn|p1b: Floette|Protect
|move|p2a: Sinistcha|Rage Powder|p2a: Sinistcha
|-singleturn|p2a: Sinistcha|move: Rage Powder
|move|p2b: Maushold|Super Fang|p1b: Floette
|-activate|p1b: Floette|move: Protect
|
|upkeep
|turn|3
|
|t:|1783457527
|move|p2b: Maushold|Protect|p2b: Maushold
|-singleturn|p2b: Maushold|Protect
|move|p1a: Tinkaton|Fake Out|p2b: Maushold
|-activate|p2b: Maushold|move: Protect
|move|p1b: Floette|Moonblast|p2a: Sinistcha
|-damage|p2a: Sinistcha|7/100
|move|p2a: Sinistcha|Matcha Gotcha|p1b: Floette|[spread] p1a,p1b
|-resisted|p1a: Tinkaton|1
|-damage|p1a: Tinkaton|89/100
|-heal|p2a: Sinistcha|12/100|[from] drain|[of] p1a: Tinkaton
|-damage|p1b: Floette|87/100
|-heal|p2a: Sinistcha|19/100|[from] drain|[of] p1b: Floette
|
|-heal|p1a: Tinkaton|95/100|[from] item: Leftovers
|upkeep
|turn|4
|inactive|Greensworth has 30 seconds left.
|
|t:|1783457557
|switch|p1a: Incineroar|Incineroar, L50, F|100/100
|-ability|p1a: Incineroar|Intimidate|boost
|-unboost|p2a: Sinistcha|atk|1
|-unboost|p2b: Maushold|atk|1
|move|p1b: Floette|Protect|p1b: Floette
|-singleturn|p1b: Floette|Protect
|move|p2a: Sinistcha|Rage Powder|p2a: Sinistcha
|-singleturn|p2a: Sinistcha|move: Rage Powder
|move|p2b: Maushold|Super Fang|p1a: Incineroar
|-damage|p1a: Incineroar|50/100y
|-enditem|p1a: Incineroar|Sitrus Berry|[eat]
|-heal|p1a: Incineroar|74/100|[from] item: Sitrus Berry
|
|upkeep
|turn|5
|
|t:|1783457573
|move|p2b: Maushold|Protect|p2b: Maushold
|-singleturn|p2b: Maushold|Protect
|move|p2a: Sinistcha|Rage Powder|p2a: Sinistcha
|-singleturn|p2a: Sinistcha|move: Rage Powder
|move|p1b: Floette|Dazzling Gleam|p2a: Sinistcha|[spread] p2a
|-activate|p2b: Maushold|move: Protect
|-damage|p2a: Sinistcha|0 fnt
|faint|p2a: Sinistcha
|move|p1a: Incineroar|Flare Blitz|p2b: Maushold
|-activate|p2b: Maushold|move: Protect
|
|upkeep
|
|t:|1783457584
|switch|p2a: Staraptor|Staraptor, L50, F|100/100
|-ability|p2a: Staraptor|Intimidate|boost
|-unboost|p1a: Incineroar|atk|1
|-unboost|p1b: Floette|atk|1
|turn|6
|inactive|Greensworth has 30 seconds left.
|inactive|Greensworth has 20 seconds left.
|
|t:|1783457619
|switch|p1a: Tinkaton|Tinkaton, L50, F|95/100
|-ability|p1a: Tinkaton|Mold Breaker
|detailschange|p2a: Staraptor|Staraptor-Mega, L50, F
|-mega|p2a: Staraptor|Staraptor|Staraptite
|move|p1b: Floette|Protect|p1b: Floette
|-singleturn|p1b: Floette|Protect
|move|p2b: Maushold|Charm|p2a: Staraptor
|-boost|p2a: Staraptor|atk|2
|move|p2a: Staraptor|Brave Bird|p1b: Floette
|-activate|p1b: Floette|move: Protect
|
|-heal|p1a: Tinkaton|100/100|[from] item: Leftovers
|upkeep
|turn|7
|inactive|Greensworth has 30 seconds left.
|
|t:|1783457652
|move|p2b: Maushold|Protect|p2b: Maushold
|-singleturn|p2b: Maushold|Protect
|move|p2a: Staraptor|Protect|p2a: Staraptor
|-singleturn|p2a: Staraptor|Protect
|move|p1a: Tinkaton|Fake Out|p2b: Maushold
|-activate|p2b: Maushold|move: Protect
|move|p1b: Floette|Moonblast|p2a: Staraptor
|-activate|p2a: Staraptor|move: Protect
|
|upkeep
|turn|8
|inactive|Greensworth has 30 seconds left.
|
|t:|1783457684
|move|p2b: Maushold|Follow Me|p2b: Maushold
|-singleturn|p2b: Maushold|move: Follow Me
|move|p2a: Staraptor|Brave Bird|p1b: Floette
|-damage|p1b: Floette|0 fnt
|faint|p1b: Floette
|-damage|p2a: Staraptor|69/100|[from] Recoil
|move|p1a: Tinkaton|Play Rough|p2b: Maushold
|-damage|p2b: Maushold|53/100
|
|upkeep
|
|t:|1783457696
|switch|p1b: Basculegion|Basculegion, L50, M|100/100
|turn|9
|inactive|Greensworth has 30 seconds left.
|
|t:|1783457727
|switch|p1a: Incineroar|Incineroar, L50, F|74/100
|-ability|p1a: Incineroar|Intimidate|boost
|-boost|p2a: Staraptor|atk|1
|-unboost|p2b: Maushold|atk|1
|move|p2b: Maushold|Follow Me|p2b: Maushold
|-singleturn|p2b: Maushold|move: Follow Me
|move|p1b: Basculegion|Flip Turn|p2b: Maushold
|-damage|p2b: Maushold|2/100
|
|t:|1783457735
|switch|p1b: Tinkaton|Tinkaton, L50, F|100/100|[from] Flip Turn
|-ability|p1b: Tinkaton|Mold Breaker
|move|p2a: Staraptor|Close Combat|p1a: Incineroar
|-supereffective|p1a: Incineroar|1
|-damage|p1a: Incineroar|0 fnt
|-boost|p2a: Staraptor|def|1
|-boost|p2a: Staraptor|spd|1
|faint|p1a: Incineroar
|
|upkeep
|
|t:|1783457737
|switch|p1a: Basculegion|Basculegion, L50, M|100/100
|turn|10
|
|t:|1783457756
|move|p2b: Maushold|Protect|p2b: Maushold
|-singleturn|p2b: Maushold|Protect
|move|p2a: Staraptor|Protect|p2a: Staraptor
|-singleturn|p2a: Staraptor|Protect
|move|p1b: Tinkaton|Fake Out|p2b: Maushold
|-activate|p2b: Maushold|move: Protect
|move|p1a: Basculegion|Wave Crash|p2a: Staraptor
|-activate|p2a: Staraptor|move: Protect
|
|upkeep
|turn|11
|inactive|Greensworth has 30 seconds left.
|
|t:|1783457785
|move|p2b: Maushold|Follow Me|p2b: Maushold
|-singleturn|p2b: Maushold|move: Follow Me
|move|p1a: Basculegion|Wave Crash|p2b: Maushold
|-damage|p2b: Maushold|0 fnt
|faint|p2b: Maushold
|-damage|p1a: Basculegion|99/100|[from] Recoil
|move|p2a: Staraptor|Close Combat|p1b: Tinkaton
|-damage|p1b: Tinkaton|0 fnt
|-boost|p2a: Staraptor|def|1
|-boost|p2a: Staraptor|spd|1
|faint|p1b: Tinkaton
|
|upkeep
|
|t:|1783457795
|switch|p2b: Garchomp|Garchomp, L50, F|100/100
|turn|12
|inactive|Greensworth has 30 seconds left.
|inactive|Greensworth has 20 seconds left.
|inactive|Greensworth has 15 seconds left.
|inactive|Greensworth has 10 seconds left.
|inactive|Greensworth has 5 seconds left.
|
|t:|1783457848
|move|p1a: Basculegion|Wave Crash|p2a: Staraptor
|-damage|p2a: Staraptor|24/100
|-damage|p1a: Basculegion|87/100|[from] Recoil
|move|p2a: Staraptor|Roost|p2a: Staraptor
|-heal|p2a: Staraptor|74/100
|-singleturn|p2a: Staraptor|move: Roost
|move|p2b: Garchomp|Earthquake|p1a: Basculegion|[spread] p2a,p1a
|-damage|p2a: Staraptor|45/100
|-damage|p1a: Basculegion|25/100
|-damage|p2b: Garchomp|90/100|[from] item: Life Orb
|
|upkeep
|turn|13
|inactive|Greensworth has 30 seconds left.
|inactive|Greensworth has 20 seconds left.
|
|t:|1783457873
|move|p1a: Basculegion|Wave Crash|p2a: Staraptor
|-crit|p2a: Staraptor
|-damage|p2a: Staraptor|0 fnt
|faint|p2a: Staraptor
|-damage|p1a: Basculegion|13/100|[from] Recoil
|move|p2b: Garchomp|Dragon Claw|p1a: Basculegion
|-damage|p1a: Basculegion|0 fnt
|faint|p1a: Basculegion
|-damage|p2b: Garchomp|80/100|[from] item: Life Orb
|
|win|Greensworth
