|j|☆x-demon18
|j|☆KrimsunFizz
|html|x-demon18KrimsunFizz    
|uhtml|bestof|Game 1 of a best-of-3
|t:|1783997068
|gametype|doubles
|player|p1|x-demon18|lucas|1261
|player|p2|KrimsunFizz|170|1139
|gen|9
|tier|[Gen 9 Champions] VGC 2026 Reg M-B (Bo3)
|rated|
|rule|Species Clause: Limit one of each Pokémon
|rule|Item Clause: Limit 1 of each item
|clearpoke
|poke|p1|Incineroar, L50, M|
|poke|p1|Rotom-Wash, L50|
|poke|p1|Venusaur, L50, F|
|poke|p1|Garchomp, L50, M|
|poke|p1|Sylveon, L50, F|
|poke|p1|Corviknight, L50, F|
|poke|p2|Sceptile, L50, M, shiny|
|poke|p2|Gardevoir, L50, F, shiny|
|poke|p2|Mudsdale, L50, M, shiny|
|poke|p2|Vivillon-Pokeball, L50, F, shiny|
|poke|p2|Torkoal, L50, M, shiny|
|poke|p2|Farigiraf, L50, F, shiny|
|teampreview|4
|showteam|p1|Incineroar||ExpertBelt|Intimidate|FakeOut,TemperFlare,ThroatChop,PartingShot|Adamant||M|||50|]Rotom-Wash||SitrusBerry|Levitate|HydroPump,Electroweb,WillOWisp,VoltSwitch|Modest|||||50|]Venusaur||Venusaurite|Chlorophyll|GigaDrain,SludgeBomb,EarthPower,Protect|Modest||F|||50|]Garchomp||LifeOrb|RoughSkin|RockSlide,DragonClaw,StompingTantrum,Protect|Jolly||M|||50|]Sylveon||FairyFeather|Pixilate|HyperVoice,QuickAttack,Yawn,Detect|Modest||F|||50|]Corviknight||OccaBerry|MirrorArmor|Tailwind,BraveBird,IronHead,BodyPress|Careful||F|||50|
|showteam|p2|Sceptile||Sceptilite|Overgrow|LeafStorm,DragonPulse,Protect,EarthPower|Timid||M|||50|]Gardevoir||Gardevoirite|Trace|Psychic,HyperVoice,TrickRoom,Protect|Quiet||F|||50|]Mudsdale||LifeOrb|InnerFocus|RockSlide,HeavySlam,Earthquake,HighHorsepower|Brave||M|||50|]Vivillon-Pokeball||FocusSash|CompoundEyes|Hurricane,Protect,RagePowder,SleepPowder|Timid||F|||50|]Torkoal||Charcoal|Drought|Eruption,Flamethrower,EarthPower,Protect|Quiet||M|||50|]Farigiraf||ColburBerry|ArmorTail|Protect,TrickRoom,Thunderbolt,HelpingHand|Relaxed||F|||50|
|
|t:|1783997098
|teamsize|p1|4
|teamsize|p2|4
|start
|switch|p1a: Wolverine|Incineroar, L50, M|100/100
|switch|p1b: Berserk|Garchomp, L50, M|100/100
|switch|p2a: Sceptile|Sceptile, L50, M, shiny|100/100
|switch|p2b: Farigiraf|Farigiraf, L50, F, shiny|100/100
|-ability|p1a: Wolverine|Intimidate|boost
|-unboost|p2a: Sceptile|atk|1
|-unboost|p2b: Farigiraf|atk|1
|turn|1
|inactive|Battle timer is ON: inactive players will automatically lose when time's up. (requested by KrimsunFizz)
|
|t:|1783997113
|detailschange|p2a: Sceptile|Sceptile-Mega, L50, M, shiny
|-mega|p2a: Sceptile|Sceptile|Sceptilite
|move|p2b: Farigiraf|Helping Hand|p2a: Sceptile
|-singleturn|p2a: Sceptile|Helping Hand|[of] p2b: Farigiraf
|move|p2a: Sceptile|Dragon Pulse|p1b: Berserk
|-supereffective|p1b: Berserk|1
|-damage|p1b: Berserk|0 fnt
|faint|p1b: Berserk
|move|p1a: Wolverine|Throat Chop|p2b: Farigiraf
|-supereffective|p2b: Farigiraf|1
|-enditem|p2b: Farigiraf|Colbur Berry|[eat]
|-enditem|p2b: Farigiraf|Colbur Berry|[weaken]
|-damage|p2b: Farigiraf|62/100
|-start|p2b: Farigiraf|Throat Chop|[silent]
|
|upkeep
|
|t:|1783997128
|switch|p1b: Yggdrasil|Venusaur, L50, F|100/100
|turn|2
|
|t:|1783997136
|detailschange|p1b: Yggdrasil|Venusaur-Mega, L50, F
|-mega|p1b: Yggdrasil|Venusaur|Venusaurite
|move|p2b: Farigiraf|Helping Hand|p2a: Sceptile
|-singleturn|p2a: Sceptile|Helping Hand|[of] p2b: Farigiraf
|move|p2a: Sceptile|Earth Power|p1a: Wolverine
|-supereffective|p1a: Wolverine|1
|-damage|p1a: Wolverine|11/100
|move|p1b: Yggdrasil|Sludge Bomb|p2a: Sceptile
|-supereffective|p2a: Sceptile|1
|-damage|p2a: Sceptile|0 fnt
|faint|p2a: Sceptile
|move|p1a: Wolverine|Throat Chop|p2b: Farigiraf
|-supereffective|p2b: Farigiraf|1
|-damage|p2b: Farigiraf|0 fnt
|faint|p2b: Farigiraf
|
|upkeep
|
|t:|1783997151
|switch|p2a: Mudsdale|Mudsdale, L50, M, shiny|100/100
|switch|p2b: Torkoal|Torkoal, L50, M, shiny|100/100
|-weather|SunnyDay|[from] ability: Drought|[of] p2b: Torkoal
|turn|3
|
|t:|1783997171
|switch|p1a: Griffith|Corviknight, L50, F|100/100
|move|p1b: Yggdrasil|Earth Power|p2b: Torkoal
|-supereffective|p2b: Torkoal|1
|-damage|p2b: Torkoal|20/100r
|move|p2a: Mudsdale|Rock Slide|p1b: Yggdrasil|[spread] p1a,p1b
|-damage|p1a: Griffith|79/100
|-damage|p1b: Yggdrasil|79/100
|-damage|p2a: Mudsdale|90/100|[from] item: Life Orb
|move|p2b: Torkoal|Flamethrower|p1b: Yggdrasil
|-supereffective|p1b: Yggdrasil|1
|-damage|p1b: Yggdrasil|24/100
|-status|p1b: Yggdrasil|brn
|
|-weather|SunnyDay|[upkeep]
|-damage|p1b: Yggdrasil|18/100 brn|[from] brn
|upkeep
|turn|4
|
|t:|1783997192
|move|p1b: Yggdrasil|Giga Drain|p2a: Mudsdale
|-supereffective|p2a: Mudsdale|1
|-damage|p2a: Mudsdale|18/100
|-heal|p1b: Yggdrasil|52/100 brn|[from] drain|[of] p2a: Mudsdale
|move|p1a: Griffith|Brave Bird|p2b: Torkoal
|-damage|p2b: Torkoal|0 fnt
|faint|p2b: Torkoal
|-damage|p1a: Griffith|73/100|[from] Recoil
|move|p2a: Mudsdale|Rock Slide|p1b: Yggdrasil|[spread] p1b
|-miss|p2a: Mudsdale|p1a: Griffith
|-damage|p1b: Yggdrasil|31/100 brn
|-damage|p2a: Mudsdale|8/100|[from] item: Life Orb
|
|-weather|SunnyDay|[upkeep]
|-damage|p1b: Yggdrasil|25/100 brn|[from] brn
|upkeep
|turn|5
|-message|KrimsunFizz forfeited.
|
|win|x-demon18
|l|☆KrimsunFizz
|player|p2|
|raw|x-demon18's rating: 1261 → 1278(+17 for winning)
|raw|KrimsunFizz's rating: 1139 → 1122(-17 for losing)
