|j|☆jgvs2710
|j|☆master 792
|html|jgvs2710master 792    
|uhtml|bestof|Game 1 of a best-of-3
|t:|1783741188
|gametype|doubles
|player|p1|jgvs2710|lucas|1062
|player|p2|master 792|red|1000
|gen|9
|tier|[Gen 9 Champions] VGC 2026 Reg M-B (Bo3)
|rated|
|rule|Species Clause: Limit one of each Pokémon
|rule|Item Clause: Limit 1 of each item
|clearpoke
|poke|p1|Basculegion, L50, M|
|poke|p1|Garchomp, L50, F|
|poke|p1|Pyroar, L50, F|
|poke|p1|Torkoal, L50, M|
|poke|p1|Venusaur, L50, M|
|poke|p1|Aerodactyl, L50, M|
|poke|p2|Blastoise, L50, F|
|poke|p2|Incineroar, L50, M|
|poke|p2|Kingambit, L50, M|
|poke|p2|Sneasler, L50, F|
|poke|p2|Sinistcha, L50|
|poke|p2|Delphox, L50, M|
|teampreview|4
|showteam|p1|Basculegion||MuscleBand|Adaptability|AquaJet,LastRespects,WaveCrash,Protect|Adamant||M|||50|]Garchomp||LifeOrb|RoughSkin|DragonClaw,StompingTantrum,RockSlide,Protect|Jolly||F|||50|]Pyroar||Pyroarite|Unnerve|HeatWave,Overheat,Protect,SolarBeam|Timid||F|||50|]Torkoal||HeatRock|Drought|HeatWave,Yawn,Protect,HelpingHand|Relaxed||M|||50|]Venusaur||FocusSash|Chlorophyll|Protect,LeafStorm,SludgeBomb,SleepPowder|Modest||M|||50|]Aerodactyl||Aerodactylite|Unnerve|Tailwind,IceFang,RockSlide,DualWingbeat|Jolly||M|||50|
|showteam|p2|Blastoise||Blastoisinite|RainDish|ShellSmash,WaterSpout,DarkPulse,Protect|Modest||F|||50|]Incineroar||SitrusBerry|Intimidate|FlareBlitz,FakeOut,PartingShot,HelpingHand|Impish||M|||50|]Kingambit||BlackGlasses|Defiant|KowtowCleave,Protect,SwordsDance,SuckerPunch|Adamant||M|||50|]Sneasler||FocusSash|PoisonTouch|DireClaw,CloseCombat,FakeOut,QuickGuard|Jolly||F|||50|]Sinistcha||OccaBerry|Hospitality|MatchaGotcha,Protect,TrickRoom,RagePowder|Bold|||||50|]Delphox||Delphoxite|Blaze|HeatWave,Psyshock,NastyPlot,Protect|Timid||M|||50|
|
|t:|1783741221
|teamsize|p1|4
|teamsize|p2|4
|start
|switch|p1a: Torkoal|Torkoal, L50, M|100/100
|switch|p1b: Venusaur|Venusaur, L50, M|100/100
|switch|p2a: Incineroar|Incineroar, L50, M|100/100
|switch|p2b: Delphox|Delphox, L50, M|100/100
|-ability|p2a: Incineroar|Intimidate|boost
|-unboost|p1a: Torkoal|atk|1
|-unboost|p1b: Venusaur|atk|1
|-weather|SunnyDay|[from] ability: Drought|[of] p1a: Torkoal
|turn|1
|inactive|Battle timer is ON: inactive players will automatically lose when time's up. (requested by master 792)
|
|t:|1783741239
|detailschange|p2b: Delphox|Delphox-Mega, L50, M
|-mega|p2b: Delphox|Delphox|Delphoxite
|move|p1b: Venusaur|Protect|p1b: Venusaur
|-singleturn|p1b: Venusaur|Protect
|move|p2a: Incineroar|Fake Out|p1b: Venusaur
|-activate|p1b: Venusaur|move: Protect
|move|p2b: Delphox|Heat Wave|p1a: Torkoal|[spread] p1a
|-activate|p1b: Venusaur|move: Protect
|-resisted|p1a: Torkoal|1
|-damage|p1a: Torkoal|67/100
|move|p1a: Torkoal|Yawn|p2b: Delphox
|-start|p2b: Delphox|move: Yawn|[of] p1a: Torkoal
|
|-weather|SunnyDay|[upkeep]
|upkeep
|turn|2
|
|t:|1783741254
|switch|p1b: Basculegion|Basculegion, L50, M|100/100
|switch|p2b: Sneasler|Sneasler, L50, F|100/100
|move|p2a: Incineroar|Flare Blitz|p2b: Sneasler
|-enditem|p2b: Sneasler|Focus Sash
|-damage|p2b: Sneasler|1/100
|-damage|p2a: Incineroar|74/100|[from] Recoil
|move|p1a: Torkoal|Heat Wave|p2b: Sneasler|[spread] p2a,p2b
|-resisted|p2a: Incineroar|1
|-damage|p2a: Incineroar|60/100
|-damage|p2b: Sneasler|0 fnt
|faint|p2b: Sneasler
|
|-weather|SunnyDay|[upkeep]
|upkeep
|
|t:|1783741264
|switch|p2b: Delphox|Delphox-Mega, L50, M|100/100
|turn|3
|
|t:|1783741279
|move|p1a: Torkoal|Protect|p1a: Torkoal
|-singleturn|p1a: Torkoal|Protect
|move|p2b: Delphox|Psyshock|p1b: Basculegion
|-damage|p1b: Basculegion|42/100
|move|p1b: Basculegion|Last Respects|p2b: Delphox
|-supereffective|p2b: Delphox|1
|-damage|p2b: Delphox|0 fnt
|faint|p2b: Delphox
|move|p2a: Incineroar|Parting Shot|p1b: Basculegion
|-unboost|p1b: Basculegion|atk|1
|-unboost|p1b: Basculegion|spa|1
|c|☆master 792|miss click
|
|t:|1783741286
|switch|p2a: Sinistcha|Sinistcha, L50|100/100|[from] Parting Shot
|
|-weather|SunnyDay|[upkeep]
|upkeep
|
|t:|1783741291
|switch|p2b: Incineroar|Incineroar, L50, M|60/100
|-ability|p2b: Incineroar|Intimidate|boost
|-unboost|p1a: Torkoal|atk|1
|-unboost|p1b: Basculegion|atk|1
|turn|4
|
|t:|1783741301
|switch|p1b: Venusaur|Venusaur, L50, M|100/100
|move|p2b: Incineroar|Flare Blitz|p1a: Torkoal
|-resisted|p1a: Torkoal|1
|-damage|p1a: Torkoal|42/100
|-damage|p2b: Incineroar|52/100|[from] Recoil
|move|p2a: Sinistcha|Matcha Gotcha|p1b: Venusaur|[spread] p1a,p1b
|-resisted|p1a: Torkoal|1
|-resisted|p1b: Venusaur|2
|-damage|p1a: Torkoal|30/100
|-damage|p1b: Venusaur|92/100
|-status|p1b: Venusaur|brn
|move|p1a: Torkoal|Heat Wave|p2a: Sinistcha|[spread] p2a,p2b
|-supereffective|p2a: Sinistcha|1
|-enditem|p2a: Sinistcha|Occa Berry|[eat]
|-enditem|p2a: Sinistcha|Occa Berry|[weaken]
|-resisted|p2b: Incineroar|1
|-damage|p2a: Sinistcha|67/100
|-damage|p2b: Incineroar|36/100
|-enditem|p2b: Incineroar|Sitrus Berry|[eat]
|-heal|p2b: Incineroar|61/100|[from] item: Sitrus Berry
|
|-weather|SunnyDay|[upkeep]
|-damage|p1b: Venusaur|87/100 brn|[from] brn
|upkeep
|turn|5
|
|t:|1783741326
|move|p1b: Venusaur|Sleep Powder|p2b: Incineroar
|-status|p2b: Incineroar|slp|[from] move: Sleep Powder
|cant|p2b: Incineroar|slp
|move|p2a: Sinistcha|Matcha Gotcha|p1a: Torkoal|[spread] p1a
|-miss|p2a: Sinistcha|p1b: Venusaur
|-resisted|p1a: Torkoal|1
|-damage|p1a: Torkoal|18/100
|-heal|p2a: Sinistcha|73/100|[from] drain|[of] p1a: Torkoal
|move|p1a: Torkoal|Heat Wave|p2a: Sinistcha|[spread] p2a,p2b
|-supereffective|p2a: Sinistcha|1
|-resisted|p2b: Incineroar|1
|-damage|p2a: Sinistcha|12/100
|-damage|p2b: Incineroar|46/100 slp
|
|-weather|SunnyDay|[upkeep]
|-damage|p1b: Venusaur|81/100 brn|[from] brn
|upkeep
|turn|6
|
|t:|1783741343
|switch|p1a: Pyroar|Pyroar, L50, F|100/100
|-ability|p1a: Pyroar|Unnerve
|move|p1b: Venusaur|Sludge Bomb|p2a: Sinistcha
|-damage|p2a: Sinistcha|0 fnt
|faint|p2a: Sinistcha
|cant|p2b: Incineroar|slp
|
|-weather|SunnyDay|[upkeep]
|-damage|p1b: Venusaur|75/100 brn|[from] brn
|upkeep
|turn|7
|
|t:|1783741354
|detailschange|p1a: Pyroar|Pyroar-Mega, L50, F
|-mega|p1a: Pyroar|Pyroar|Pyroarite
|move|p1b: Venusaur|Sludge Bomb|p2b: Incineroar
|-damage|p2b: Incineroar|4/100 slp
|move|p1a: Pyroar|Overheat|p2b: Incineroar
|-resisted|p2b: Incineroar|1
|-damage|p2b: Incineroar|0 fnt
|-unboost|p1a: Pyroar|spa|2
|faint|p2b: Incineroar
|
|win|jgvs2710
||jgvs2710 is ready for game 2.
|inactive|master 792 has 30 seconds to confirm battle start!
||master 792 is ready for game 2.
|uhtml|next|Next: Game 2 of 3
|l|☆jgvs2710
|player|p1|
