|j|☆arkjsmith
|j|☆Quill86
|html|arkjsmithQuill86    
|uhtml|bestof|Game 3 of a best-of-3
|t:|1757636515
|gametype|doubles
|player|p1|arkjsmith|roxie|1340
|player|p2|Quill86|lucas|1250
|gen|9
|tier|[Gen 9] VGC 2025 Reg H (Bo3)
|rated|
|rule|Species Clause: Limit one of each Pokémon
|rule|Item Clause: Limit 1 of each item
|clearpoke
|poke|p1|Gholdengo, L50|
|poke|p1|Ursaluna-Bloodmoon, L50, M|
|poke|p1|Annihilape, L50, M|
|poke|p1|Dragonite, L50, F|
|poke|p1|Rillaboom, L50, M|
|poke|p1|Maushold-Four, L50|
|poke|p2|Indeedee-F, L50, F|
|poke|p2|Gallade, L50, M|
|poke|p2|Torkoal, L50, F|
|poke|p2|Ursaluna, L50, M|
|poke|p2|Hatterene, L50, F|
|poke|p2|Hydreigon, L50, M|
|teampreview|4
|showteam|p1|Gholdengo||LifeOrb|GoodasGold|MakeItRain,ShadowBall,NastyPlot,Protect||||||50|,,,,,Water]Ursaluna-Bloodmoon||AssaultVest|MindsEye|BloodMoon,HyperVoice,EarthPower,VacuumWave|||M|||50|,,,,,Ghost]Annihilape||SafetyGoggles|Defiant|RageFist,DrainPunch,BulkUp,Protect|||M|||50|,,,,,Fire]Dragonite||LoadedDice|Multiscale|ScaleShot,ExtremeSpeed,Haze,Protect|||F|||50|,,,,,Fairy]Rillaboom||MiracleSeed|GrassySurge|WoodHammer,GrassyGlide,FakeOut,Protect|||M|||50|,,,,,Grass]Maushold-Four||FocusSash|FriendGuard|SuperFang,BeatUp,FollowMe,Protect||||||50|,,,,,Ghost
|showteam|p2|Indeedee-F||PsychicSeed|PsychicSurge|FollowMe,TrickRoom,HelpingHand,DazzlingGleam|||F|||50|,,,,,Fairy]Gallade||ClearAmulet|Sharpness|SacredSword,WideGuard,TrickRoom,PsychoCut|||M|||50|,,,,,Grass]Torkoal||ChoiceSpecs|Drought|Eruption,WeatherBall,EarthPower,HeatWave|||F|||50|,,,,,Fire]Ursaluna||FlameOrb|Guts|Protect,HeadlongRush,Facade,Earthquake|||M|||50|,,,,,Ghost]Hatterene||LifeOrb|MagicBounce|DazzlingGleam,ExpandingForce,MysticalFire,TrickRoom|||F|||50|,,,,,Fire]Hydreigon||CovertCloak|Levitate|DracoMeteor,Snarl,Taunt,Protect|||M|||50|,,,,,Fire
|inactive|Battle timer is ON: inactive players will automatically lose when time's up. (requested by arkjsmith)
|
|t:|1757636538
|teamsize|p1|4
|teamsize|p2|4
|start
|switch|p1a: Lavish|Gholdengo, L50|100/100
|switch|p1b: Haus of Gold|Maushold-Four, L50|100/100
|switch|p2a: Indeedee|Indeedee-F, L50, F|100/100
|switch|p2b: Gallade|Gallade, L50, M|100/100
|-fieldstart|move: Psychic Terrain|[from] ability: Psychic Surge|[of] p2a: Indeedee
|-enditem|p2a: Indeedee|Psychic Seed
|-boost|p2a: Indeedee|spd|1|[from] item: Psychic Seed
|turn|1
|
|t:|1757636558
|move|p1b: Haus of Gold|Super Fang|p2b: Gallade
|-damage|p2b: Gallade|51/100
|move|p1a: Lavish|Shadow Ball|p2b: Gallade
|-supereffective|p2b: Gallade
|-damage|p2b: Gallade|0 fnt
|faint|p2b: Gallade
|-damage|p1a: Lavish|91/100|[from] item: Life Orb
|move|p2a: Indeedee|Trick Room|p2a: Indeedee
|-fieldstart|move: Trick Room|[of] p2a: Indeedee
|
|upkeep
|
|t:|1757636565
|switch|p2b: Torkoal|Torkoal, L50, F|100/100
|-weather|SunnyDay|[from] ability: Drought|[of] p2b: Torkoal
|turn|2
|
|t:|1757636586
|move|p1a: Lavish|Protect|p1a: Lavish
|-singleturn|p1a: Lavish|Protect
|move|p1b: Haus of Gold|Protect|p1b: Haus of Gold
|-singleturn|p1b: Haus of Gold|Protect
|move|p2b: Torkoal|Heat Wave|p1a: Lavish|[spread] 
|-activate|p1a: Lavish|move: Protect
|-activate|p1b: Haus of Gold|move: Protect
|move|p2a: Indeedee|Dazzling Gleam|p1a: Lavish|[spread] 
|-activate|p1a: Lavish|move: Protect
|-activate|p1b: Haus of Gold|move: Protect
|
|-weather|SunnyDay|[upkeep]
|upkeep
|turn|3
|inactive|arkjsmith has 30 seconds left.
|
|t:|1757636617
|-terastallize|p1a: Lavish|Water
|move|p2b: Torkoal|Heat Wave|p1a: Lavish|[spread] p1b
|-miss|p2b: Torkoal|p1a: Lavish
|-damage|p1b: Haus of Gold|11/100
|move|p2a: Indeedee|Dazzling Gleam|p1a: Lavish|[spread] p1a,p1b
|-damage|p1a: Lavish|79/100
|-damage|p1b: Haus of Gold|0 fnt
|faint|p1b: Haus of Gold
|move|p1a: Lavish|Nasty Plot|p1a: Lavish
|-boost|p1a: Lavish|spa|2
|
|-weather|SunnyDay|[upkeep]
|upkeep
|
|t:|1757636626
|switch|p1b: Drum Show|Rillaboom, L50, M, shiny|100/100
|-fieldstart|move: Grassy Terrain|[from] ability: Grassy Surge|[of] p1b: Drum Show
|turn|4
|
|t:|1757636640
|switch|p2a: Hatterene|Hatterene, L50, F|100/100
|move|p1b: Drum Show|Fake Out|p2b: Torkoal
|-damage|p2b: Torkoal|89/100
|cant|p2b: Torkoal|flinch
|move|p1a: Lavish|Nasty Plot|p1a: Lavish
|-boost|p1a: Lavish|spa|2
|
|-weather|SunnyDay|[upkeep]
|-heal|p2b: Torkoal|95/100|[from] Grassy Terrain
|-heal|p1a: Lavish|85/100|[from] Grassy Terrain
|upkeep
|turn|5
|
|t:|1757636654
|switch|p2b: Indeedee|Indeedee-F, L50, F|100/100
|-fieldstart|move: Psychic Terrain|[from] ability: Psychic Surge|[of] p2b: Indeedee
|move|p1b: Drum Show|Protect|p1b: Drum Show
|-singleturn|p1b: Drum Show|Protect
|move|p1a: Lavish|Protect|p1a: Lavish
|-singleturn|p1a: Lavish|Protect
|move|p2a: Hatterene|Expanding Force|p1a: Lavish|[spread] 
|-activate|p1a: Lavish|move: Protect
|-activate|p1b: Drum Show|move: Protect
|
|-weather|SunnyDay|[upkeep]
|-fieldend|move: Trick Room
|upkeep
|turn|6
|
|t:|1757636665
|-terastallize|p2a: Hatterene|Fire
|move|p2b: Indeedee|Follow Me|p2b: Indeedee
|-singleturn|p2b: Indeedee|move: Follow Me
|move|p1a: Lavish|Make It Rain|p2a: Hatterene|[spread] p2a,p2b
|-resisted|p2a: Hatterene
|-damage|p2a: Hatterene|2/100
|-damage|p2b: Indeedee|0 fnt
|-unboost|p1a: Lavish|spa|1
|faint|p2b: Indeedee
|-damage|p1a: Lavish|75/100|[from] item: Life Orb
|move|p1b: Drum Show|Wood Hammer|p2a: Hatterene
|-resisted|p2a: Hatterene
|-damage|p2a: Hatterene|0 fnt
|faint|p2a: Hatterene
|-damage|p1b: Drum Show|99/100|[from] Recoil
|
|-weather|none
|upkeep
|
|t:|1757636674
|switch|p2b: Torkoal|Torkoal, L50, F|95/100
|-weather|SunnyDay|[from] ability: Drought|[of] p2b: Torkoal
|turn|7
|
|t:|1757636678
|move|p1a: Lavish|Shadow Ball|p2b: Torkoal
|-damage|p2b: Torkoal|0 fnt
|faint|p2b: Torkoal
|-damage|p1a: Lavish|66/100|[from] item: Life Orb
|
|win|arkjsmith
|raw|arkjsmith's rating: 1340 → 1355(+15 for winning)
|raw|Quill86's rating: 1250 → 1231(-19 for losing)
|l|☆Quill86
|player|p2|
