|j|☆martharia
|j|☆sum1dum
|html|marthariasum1dum    
|uhtml|bestof|Game 3 of a best-of-3
|t:|1783708087
|gametype|doubles
|player|p1|martharia|flannery|1052
|player|p2|sum1dum|rosa|1135
|gen|9
|tier|[Gen 9 Champions] VGC 2026 Reg M-B (Bo3)
|rated|
|rule|Species Clause: Limit one of each Pokémon
|rule|Item Clause: Limit 1 of each item
|clearpoke
|poke|p1|Delphox, L50, F, shiny|
|poke|p1|Meowscarada, L50, M|
|poke|p1|Talonflame, L50, F|
|poke|p1|Sneasler, L50, M|
|poke|p1|Zoroark-Hisui, L50, M|
|poke|p1|Mawile, L50, M|
|poke|p2|Gliscor, L50, F|
|poke|p2|Primarina, L50, F|
|poke|p2|Metagross, L50|
|poke|p2|Ninetales-Alola, L50, F|
|poke|p2|Incineroar, L50, M|
|poke|p2|Sinistcha, L50|
|teampreview|4
|showteam|p1|Delphox||Delphoxite|Blaze|HeatWave,Psychic,NastyPlot,Protect|Timid||F|||50|]Meowscarada||LifeOrb|Protean|FlowerTrick,KnockOff,ThunderPunch,Protect|Jolly||M|||50|]Talonflame||SharpBeak|GaleWings|DualWingbeat,Tailwind,Taunt,QuickGuard|Jolly||F|||50|]Sneasler||WhiteHerb|Unburden|CloseCombat,DireClaw,FakeOut,Protect|Jolly||M|||50|]Zoroark-Hisui||FocusSash|Illusion|ShadowBall,WillOWisp,Taunt,Protect|Timid||M|||50|]Mawile||Mawilite|HyperCutter|RockTomb,PlayRough,SuckerPunch,Protect|Adamant||M|||50|
|showteam|p2|Gliscor||LifeOrb|HyperCutter|DualWingbeat,HighHorsepower,Protect,RockSlide|Jolly||F|||50|]Primarina||Leftovers|LiquidVoice|CalmMind,HyperVoice,Moonblast,Protect|Modest||F|||50|]Metagross||Metagrossite|ClearBody|BulletPunch,IronHead,Protect,PsychicFangs|Jolly|||||50|]Ninetales-Alola||LightClay|SnowWarning|AuroraVeil,FreezeDry,Moonblast,Protect|Timid||F|||50|]Incineroar||ChopleBerry|Intimidate|FakeOut,FlareBlitz,DarkestLariat,PartingShot|Impish||M|||50|]Sinistcha||SitrusBerry|Hospitality|MatchaGotcha,Protect,LifeDew,RagePowder|Bold|||||50|
|inactive|Battle timer is ON: inactive players will automatically lose when time's up. (requested by sum1dum)
|inactive|sum1dum has 60 seconds left.
|
|t:|1783708130
|teamsize|p1|4
|teamsize|p2|4
|start
|switch|p1a: Meowscarada|Meowscarada, L50, M|100/100
|switch|p1b: Sneasler|Sneasler, L50, M|100/100
|switch|p2a: Integrity|Ninetales-Alola, L50, F|100/100
|switch|p2b: Bravery|Gliscor, L50, F|100/100
|-weather|Snowscape|[from] ability: Snow Warning|[of] p2a: Integrity
|turn|1
|inactive|martharia has 30 seconds left.
|
|t:|1783708156
|move|p1b: Sneasler|Fake Out|p2b: Bravery
|-damage|p2b: Bravery|85/100
|move|p1a: Meowscarada|Flower Trick|p2b: Bravery
|-start|p1a: Meowscarada|typechange|Grass|[from] ability: Protean
|-crit|p2b: Bravery
|-damage|p2b: Bravery|32/100
|-damage|p1a: Meowscarada|90/100|[from] item: Life Orb
|move|p2a: Integrity|Aurora Veil|p2a: Integrity
|-sidestart|p2: sum1dum|move: Aurora Veil
|cant|p2b: Bravery|flinch
|
|-weather|Snowscape|[upkeep]
|upkeep
|turn|2
|
|t:|1783708170
|switch|p2b: Justice|Incineroar, L50, M|100/100
|-ability|p2b: Justice|Intimidate|boost
|-unboost|p1a: Meowscarada|atk|1
|-unboost|p1b: Sneasler|atk|1
|-enditem|p1b: Sneasler|White Herb
|-clearnegativeboost|p1b: Sneasler|[silent]
|move|p1b: Sneasler|Dire Claw|p2a: Integrity
|-supereffective|p2a: Integrity|1
|-damage|p2a: Integrity|44/100
|move|p1a: Meowscarada|Flower Trick|p2b: Justice
|-resisted|p2b: Justice|1
|-crit|p2b: Justice
|-damage|p2b: Justice|75/100
|-damage|p1a: Meowscarada|80/100|[from] item: Life Orb
|move|p2a: Integrity|Moonblast|p1b: Sneasler
|-damage|p1b: Sneasler|46/100
|
|-weather|Snowscape|[upkeep]
|upkeep
|turn|3
|
|t:|1783708197
|move|p1b: Sneasler|Protect|p1b: Sneasler
|-singleturn|p1b: Sneasler|Protect
|move|p2b: Justice|Fake Out|p1b: Sneasler
|-activate|p1b: Sneasler|move: Protect
|move|p1a: Meowscarada|Flower Trick|p2a: Integrity
|-crit|p2a: Integrity
|-damage|p2a: Integrity|0 fnt
|faint|p2a: Integrity
|-damage|p1a: Meowscarada|71/100|[from] item: Life Orb
|
|-weather|Snowscape|[upkeep]
|upkeep
|
|t:|1783708204
|switch|p2a: Patience|Primarina, L50, F|100/100
|turn|4
|
|t:|1783708220
|switch|p2b: Bravery|Gliscor, L50, F|32/100
|move|p1a: Meowscarada|Protect|p1a: Meowscarada
|-singleturn|p1a: Meowscarada|Protect
|move|p1b: Sneasler|Close Combat|p2b: Bravery
|-resisted|p2b: Bravery|1
|-damage|p2b: Bravery|12/100
|-unboost|p1b: Sneasler|def|1
|-unboost|p1b: Sneasler|spd|1
|move|p2a: Patience|Moonblast|p1b: Sneasler
|-damage|p1b: Sneasler|0 fnt
|faint|p1b: Sneasler
|
|-weather|Snowscape|[upkeep]
|upkeep
|
|t:|1783708227
|switch|p1b: Delphox|Delphox, L50, F, shiny|100/100
|turn|5
|
|t:|1783708251
|switch|p2b: Justice|Incineroar, L50, M|75/100
|-ability|p2b: Justice|Intimidate|boost
|-unboost|p1a: Meowscarada|atk|1
|-unboost|p1b: Delphox|atk|1
|detailschange|p1b: Delphox|Delphox-Mega, L50, F, shiny
|-mega|p1b: Delphox|Delphox|Delphoxite
|move|p1a: Meowscarada|Protect||[still]
|-fail|p1a: Meowscarada
|move|p1b: Delphox|Nasty Plot|p1b: Delphox
|-boost|p1b: Delphox|spa|2
|move|p2a: Patience|Hyper Voice|p1a: Meowscarada|[spread] p1a,p1b
|-resisted|p1a: Meowscarada|1
|-supereffective|p1b: Delphox|1
|-damage|p1a: Meowscarada|47/100
|-damage|p1b: Delphox|28/100
|
|-weather|none
|upkeep
|turn|6
|inactive|sum1dum has 30 seconds left.
|
|t:|1783708278
|switch|p2b: Bravery|Gliscor, L50, F|12/100
|move|p1b: Delphox|Protect|p1b: Delphox
|-singleturn|p1b: Delphox|Protect
|move|p1a: Meowscarada|Protect|p1a: Meowscarada
|-singleturn|p1a: Meowscarada|Protect
|move|p2a: Patience|Hyper Voice|p1a: Meowscarada|[spread] 
|-activate|p1a: Meowscarada|move: Protect
|-activate|p1b: Delphox|move: Protect
|
|upkeep
|turn|7
|
|t:|1783708294
|switch|p2a: Justice|Incineroar, L50, M|75/100
|-ability|p2a: Justice|Intimidate|boost
|-unboost|p1a: Meowscarada|atk|1
|-unboost|p1b: Delphox|atk|1
|move|p1b: Delphox|Heat Wave|p2b: Bravery|[spread] p2a,p2b
|-resisted|p2a: Justice|1
|-damage|p2a: Justice|50/100g
|-damage|p2b: Bravery|0 fnt
|faint|p2b: Bravery
|move|p1a: Meowscarada|Flower Trick|p2a: Justice
|-resisted|p2a: Justice|1
|-crit|p2a: Justice
|-damage|p2a: Justice|29/100
|-damage|p1a: Meowscarada|37/100|[from] item: Life Orb
|
|upkeep
|
|t:|1783708297
|switch|p2b: Patience|Primarina, L50, F|100/100
|turn|8
|
|t:|1783708313
|move|p1b: Delphox|Protect|p1b: Delphox
|-singleturn|p1b: Delphox|Protect
|move|p1a: Meowscarada|Protect|p1a: Meowscarada
|-singleturn|p1a: Meowscarada|Protect
|move|p2a: Justice|Fake Out|p1a: Meowscarada
|-activate|p1a: Meowscarada|move: Protect
|move|p2b: Patience|Hyper Voice|p1a: Meowscarada|[spread] 
|-activate|p1a: Meowscarada|move: Protect
|-activate|p1b: Delphox|move: Protect
|
|-sideend|p2: sum1dum|move: Aurora Veil
|upkeep
|turn|9
|
|t:|1783708328
|move|p1b: Delphox|Heat Wave|p2b: Patience|[spread] p2a,p2b
|-resisted|p2a: Justice|1
|-resisted|p2b: Patience|1
|-damage|p2a: Justice|0 fnt
|-damage|p2b: Patience|61/100
|faint|p2a: Justice
|move|p1a: Meowscarada|Flower Trick|p2b: Patience
|-supereffective|p2b: Patience|1
|-crit|p2b: Patience
|-damage|p2b: Patience|0 fnt
|faint|p2b: Patience
|-damage|p1a: Meowscarada|28/100|[from] item: Life Orb
|
|win|martharia
|raw|martharia's rating: 1052 → 1092(+40 for winning)
|raw|sum1dum's rating: 1135 → 1104(-31 for losing)
