|j|☆S.electrowebs
|j|☆rdyjyukujkhk
|html|S.electrowebsrdyjyukujkhk    
|uhtml|bestof|Game 2 of a best-of-3
|t:|1756664600
|gametype|doubles
|player|p1|S.electrowebs|2|
|player|p2|rdyjyukujkhk|hilda|
|gen|9
|tier|[Gen 9] VGC 2025 Reg H (Bo3)
|rule|Species Clause: Limit one of each Pokémon
|rule|Item Clause: Limit 1 of each item
|clearpoke
|poke|p1|Rillaboom, L50, M|
|poke|p1|Electabuzz, L50, M|
|poke|p1|Archaludon, L50, F|
|poke|p1|Kingambit, L50, M|
|poke|p1|Pelipper, L50, M|
|poke|p1|Basculegion, L50, M|
|poke|p2|Whimsicott, L50, F|
|poke|p2|Indeedee, L50, M|
|poke|p2|Sneasler, L50, M|
|poke|p2|Delphox, L50, F|
|poke|p2|Maushold, L50|
|poke|p2|Basculegion, L50, M|
|teampreview|4
|showteam|p1|Rillaboom||LoadedDice|GrassySurge|HighHorsepower,BulletSeed,GrassyGlide,FakeOut|||M|||50|,,,,,Fire]Electabuzz||Eviolite|VitalSpirit|Electroweb,Taunt,Protect,FollowMe|||M|||50|,,,,,Ghost]Archaludon||AssaultVest|Stamina|ElectroShot,BodyPress,FlashCannon,DracoMeteor|||F|||50|,,,,,Water]Kingambit||BlackGlasses|Defiant|Protect,KowtowCleave,SwordsDance,SuckerPunch|||M|||50|,,,,,Dark]Pelipper||FocusSash|Drizzle|WeatherBall,Hurricane,Tailwind,Protect|||M|||50|,,,,,Dark]Basculegion||ChoiceBand|SwiftSwim|WaveCrash,AquaJet,FlipTurn,LastRespects|||M|||50|,,,,,Grass
|showteam|p2|Whimsicott||CovertCloak|Prankster|Tailwind,Moonblast,HelpingHand,SunnyDay|||F|||50|,,,,,Water]Indeedee||FocusSash|PsychicSurge|ExpandingForce,TeraBlast,Imprison,TrickRoom|||M|||50|,,,,,Fighting]Sneasler||PsychicSeed|Unburden|DireClaw,CloseCombat,ThroatChop,Protect|||M|||50|,,,,,Dark]Delphox||LifeOrb|Blaze|ExpandingForce,HeatWave,Protect,Flamethrower|||F|||50|,,,,,Fire]Maushold||WideLens|Technician|PopulationBomb,FollowMe,Taunt,Protect||||||50|,,,,,Ghost]Basculegion||ChoiceScarf|Adaptability|WaveCrash,FlipTurn,LastRespects,TeraBlast|||M|||50|,,,,,Grass
|
|t:|1756664662
|teamsize|p1|4
|teamsize|p2|4
|start
|switch|p1a: King Arthur|Kingambit, L50, M|100/100
|switch|p1b: Ezekiel|Electabuzz, L50, M|100/100
|switch|p2a: Maushold|Maushold, L50|100/100
|switch|p2b: Sneasler|Sneasler, L50, M|100/100
|turn|1
|
|t:|1756664706
|-terastallize|p1b: Ezekiel|Ghost
|move|p1b: Ezekiel|Follow Me|p1b: Ezekiel
|-singleturn|p1b: Ezekiel|move: Follow Me
|move|p2a: Maushold|Taunt|p1b: Ezekiel
|-start|p1b: Ezekiel|move: Taunt
|move|p2b: Sneasler|Dire Claw|p1b: Ezekiel
|-resisted|p1b: Ezekiel
|-damage|p1b: Ezekiel|85/100
|move|p1a: King Arthur|Kowtow Cleave|p2a: Maushold
|-damage|p2a: Maushold|6/100
|
|upkeep
|turn|2
|
|t:|1756664743
|switch|p2a: Indeedee|Indeedee, L50, M|100/100
|-fieldstart|move: Psychic Terrain|[from] ability: Psychic Surge|[of] p2a: Indeedee
|-enditem|p2b: Sneasler|Psychic Seed
|-boost|p2b: Sneasler|spd|1|[from] item: Psychic Seed
|move|p1a: King Arthur|Protect|p1a: King Arthur
|-singleturn|p1a: King Arthur|Protect
|move|p2b: Sneasler|Close Combat|p1a: King Arthur
|-activate|p1a: King Arthur|move: Protect
|move|p1b: Ezekiel|Electroweb|p2b: Sneasler|[spread] p2a,p2b
|-damage|p2a: Indeedee|83/100
|-damage|p2b: Sneasler|88/100
|-unboost|p2a: Indeedee|spe|1
|-unboost|p2b: Sneasler|spe|1
|
|upkeep
|turn|3
|
|t:|1756664761
|switch|p1a: The Beast|Rillaboom, L50, M|100/100
|-fieldstart|move: Grassy Terrain|[from] ability: Grassy Surge|[of] p1a: The Beast
|move|p2b: Sneasler|Close Combat|p1a: The Beast
|-damage|p1a: The Beast|38/100
|-unboost|p2b: Sneasler|def|1
|-unboost|p2b: Sneasler|spd|1
|move|p1b: Ezekiel|Electroweb|p2b: Sneasler|[spread] p2a,p2b
|-damage|p2a: Indeedee|62/100
|-damage|p2b: Sneasler|68/100
|-unboost|p2a: Indeedee|spe|1
|-unboost|p2b: Sneasler|spe|1
|move|p2a: Indeedee|Expanding Force|p1b: Ezekiel
|-damage|p1b: Ezekiel|55/100
|
|-heal|p2b: Sneasler|74/100|[from] Grassy Terrain
|-heal|p1b: Ezekiel|61/100|[from] Grassy Terrain
|-heal|p1a: The Beast|43/100|[from] Grassy Terrain
|-heal|p2a: Indeedee|68/100|[from] Grassy Terrain
|upkeep
|turn|4
|
|t:|1756664842
|switch|p2a: Maushold|Maushold, L50|6/100
|move|p1a: The Beast|Fake Out|p2b: Sneasler
|-damage|p2b: Sneasler|42/100
|cant|p2b: Sneasler|flinch
|move|p1b: Ezekiel|Electroweb|p2b: Sneasler|[spread] p2a,p2b
|-damage|p2a: Maushold|0 fnt
|-damage|p2b: Sneasler|23/100
|-unboost|p2b: Sneasler|spe|1
|faint|p2a: Maushold
|
|-heal|p2b: Sneasler|29/100|[from] Grassy Terrain
|-heal|p1b: Ezekiel|67/100|[from] Grassy Terrain
|-heal|p1a: The Beast|49/100|[from] Grassy Terrain
|-end|p1b: Ezekiel|move: Taunt
|upkeep
|
|t:|1756664864
|switch|p2a: Basculegion|Basculegion, L50, M|100/100
|turn|5
|j| KrsCrossAppleSauce
|
|t:|1756664899
|switch|p1b: King Arthur|Kingambit, L50, M|100/100
|-terastallize|p2a: Basculegion|Grass
|move|p2a: Basculegion|Last Respects|p1b: King Arthur
|-resisted|p1b: King Arthur
|-damage|p1b: King Arthur|84/100
|move|p2b: Sneasler|Dire Claw|p1a: The Beast
|-supereffective|p1a: The Beast
|-damage|p1a: The Beast|0 fnt
|faint|p1a: The Beast
|
|-heal|p2b: Sneasler|34/100|[from] Grassy Terrain
|-heal|p1b: King Arthur|90/100|[from] Grassy Terrain
|upkeep
|
|t:|1756664920
|switch|p1a: Mooses|Archaludon, L50, F|100/100
|turn|6
|
|t:|1756664966
|switch|p2a: Indeedee|Indeedee, L50, M|68/100
|-fieldstart|move: Psychic Terrain|[from] ability: Psychic Surge|[of] p2a: Indeedee
|move|p1b: King Arthur|Protect|p1b: King Arthur
|-singleturn|p1b: King Arthur|Protect
|move|p2b: Sneasler|Close Combat|p1a: Mooses
|-supereffective|p1a: Mooses
|-damage|p1a: Mooses|14/100
|-unboost|p2b: Sneasler|def|1
|-unboost|p2b: Sneasler|spd|1
|-ability|p1a: Mooses|Stamina|boost
|-boost|p1a: Mooses|def|1
|move|p1a: Mooses|Body Press|p2b: Sneasler
|-resisted|p2b: Sneasler
|-damage|p2b: Sneasler|0 fnt
|faint|p2b: Sneasler
|
|upkeep
|
|t:|1756664981
|switch|p2b: Basculegion|Basculegion, L50, M, tera:Grass|100/100
|turn|7
|
|t:|1756665057
|move|p2b: Basculegion|Wave Crash|p1b: King Arthur
|-damage|p1b: King Arthur|51/100
|-damage|p2b: Basculegion|87/100|[from] Recoil
|move|p2a: Indeedee|Expanding Force|p1b: King Arthur|[spread] p1a
|-immune|p1b: King Arthur
|-resisted|p1a: Mooses
|-damage|p1a: Mooses|0 fnt
|faint|p1a: Mooses
|move|p1b: King Arthur|Kowtow Cleave|p2a: Indeedee
|-supereffective|p2a: Indeedee
|-damage|p2a: Indeedee|0 fnt
|faint|p2a: Indeedee
|
|upkeep
|
|t:|1756665065
|switch|p1a: Ezekiel|Electabuzz, L50, M, tera:Ghost|67/100
|turn|8
|
|t:|1756665075
|move|p1a: Ezekiel|Protect|p1a: Ezekiel
|-singleturn|p1a: Ezekiel|Protect
|move|p1b: King Arthur|Protect|p1b: King Arthur
|-singleturn|p1b: King Arthur|Protect
|move|p2b: Basculegion|Wave Crash|p1b: King Arthur
|-activate|p1b: King Arthur|move: Protect
|
|upkeep
|turn|9
|
|t:|1756665084
|move|p1a: Ezekiel|Follow Me|p1a: Ezekiel
|-singleturn|p1a: Ezekiel|move: Follow Me
|move|p2b: Basculegion|Wave Crash|p1a: Ezekiel
|-damage|p1a: Ezekiel|20/100
|-damage|p2b: Basculegion|73/100|[from] Recoil
|move|p1b: King Arthur|Kowtow Cleave|p2b: Basculegion
|-damage|p2b: Basculegion|0 fnt
|faint|p2b: Basculegion
|
|win|S.electrowebs
|inactive|S.electrowebs has 30 seconds to confirm battle start!
|inactive|rdyjyukujkhk has 30 seconds to confirm battle start!
||S.electrowebs is ready for game 3.
|inactive|rdyjyukujkhk has 20 seconds to confirm battle start!
||rdyjyukujkhk is ready for game 3.
|uhtml|next|Next: Game 3 of 3
|l| KrsCrossAppleSauce
|l|☆S.electrowebs
|player|p1|
