|j|☆lastdanceqq
|j|☆ChurronetaVGC
|html|lastdanceqqChurronetaVGC    
|uhtml|bestof|Game 1 of a best-of-3
|t:|1756481811
|gametype|doubles
|player|p1|lastdanceqq|pokemaniac|
|player|p2|ChurronetaVGC|2|
|gen|9
|tier|[Gen 9] VGC 2025 Reg H (Bo3)
|rule|Species Clause: Limit one of each Pokémon
|rule|Item Clause: Limit 1 of each item
|clearpoke
|poke|p1|Sneasler, L50, M|
|poke|p1|Indeedee, L50, M|
|poke|p1|Ursaluna-Bloodmoon, L50, M|
|poke|p1|Electabuzz, L50, F|
|poke|p1|Incineroar, L50, F|
|poke|p1|Talonflame, L50, M|
|poke|p2|Annihilape, L50, F|
|poke|p2|Sneasler, L50, F|
|poke|p2|Dragonite, L50, M|
|poke|p2|Maushold, L50|
|poke|p2|Archaludon, L50, F|
|poke|p2|Pelipper, L50, M|
|teampreview|4
|showteam|p1|Sneasler||PsychicSeed|Unburden|CloseCombat,DireClaw,ThroatChop,Protect|||M|||50|,,,,,Dark]Indeedee||FocusSash|PsychicSurge|ExpandingForce,TrickRoom,HelpingHand,Protect|||M|||50|,,,,,Psychic]Ursaluna-Bloodmoon||LifeOrb|MindsEye|BloodMoon,HyperVoice,EarthPower,Protect|||M|||50|,,,,,Normal]Electabuzz||Eviolite|VitalSpirit|Electroweb,FollowMe,Taunt,Protect|||F|||50|,,,,,Dragon]Incineroar||SafetyGoggles|Intimidate|FlareBlitz,KnockOff,PartingShot,FakeOut|||F|||50|,,,,,Ghost]Talonflame||CovertCloak|GaleWings|FlareBlitz,DualWingbeat,WillOWisp,Tailwind|||M|||50|,,,,,Fairy
|showteam|p2|Annihilape||SitrusBerry|Defiant|DrainPunch,RageFist,BulkUp,Protect|||F|||50|,,,,,Water]Sneasler||FocusSash|Unburden|CloseCombat,DireClaw,Coaching,FakeOut|||F|||50|,,,,,Stellar]Dragonite||LoadedDice|Multiscale|ScaleShot,Tailwind,Haze,Protect|||M|||50|,,,,,Fairy]Maushold||SafetyGoggles|FriendGuard|BeatUp,FollowMe,Taunt,Protect||||||50|,,,,,Ghost]Archaludon||AssaultVest|Stamina|ElectroShot,Snarl,BodyPress,DracoMeteor|||F|||50|,,,,,Grass]Pelipper||ChoiceScarf|Drizzle|Hurricane,WeatherBall,IcyWind,WideGuard|||M|||50|,,,,,Ghost
|inactive|Battle timer is ON: inactive players will automatically lose when time's up. (requested by ChurronetaVGC)
|inactive|lastdanceqq has 60 seconds left.
|inactive|ChurronetaVGC has 60 seconds left.
|inactive|lastdanceqq has 30 seconds left.
|inactive|lastdanceqq has 20 seconds left.
|
|t:|1756481884
|teamsize|p1|4
|teamsize|p2|4
|start
|switch|p1a: Sneasler|Sneasler, L50, M|100/100
|switch|p1b: Indeedee|Indeedee, L50, M|100/100
|switch|p2a: Archaludon|Archaludon, L50, F|100/100
|switch|p2b: Pelipper|Pelipper, L50, M|100/100
|-weather|RainDance|[from] ability: Drizzle|[of] p2b: Pelipper
|-fieldstart|move: Psychic Terrain|[from] ability: Psychic Surge|[of] p1b: Indeedee
|-enditem|p1a: Sneasler|Psychic Seed
|-boost|p1a: Sneasler|spd|1|[from] item: Psychic Seed
|turn|1
|inactive|lastdanceqq has 30 seconds left.
|inactive|ChurronetaVGC has 30 seconds left.
|inactive|lastdanceqq has 20 seconds left.
|inactive|ChurronetaVGC has 20 seconds left.
|inactive|lastdanceqq has 15 seconds left.
|inactive|ChurronetaVGC has 15 seconds left.
|inactive|ChurronetaVGC has 10 seconds left.
|inactive|ChurronetaVGC has 5 seconds left.
|
|t:|1756481937
|-terastallize|p1a: Sneasler|Dark
|-terastallize|p2a: Archaludon|Grass
|move|p1b: Indeedee|Helping Hand|p1a: Sneasler
|-singleturn|p1a: Sneasler|Helping Hand|[of] p1b: Indeedee
|move|p1a: Sneasler|Throat Chop|p2b: Pelipper
|-damage|p2b: Pelipper|16/100
|-start|p2b: Pelipper|Throat Chop|[silent]
|move|p2b: Pelipper|Icy Wind|p1b: Indeedee|[spread] p1a,p1b
|-damage|p1a: Sneasler|91/100
|-damage|p1b: Indeedee|87/100
|-unboost|p1a: Sneasler|spe|1
|-unboost|p1b: Indeedee|spe|1
|move|p2a: Archaludon|Draco Meteor|p1a: Sneasler
|-damage|p1a: Sneasler|44/100
|-unboost|p2a: Archaludon|spa|2
|
|-weather|RainDance|[upkeep]
|upkeep
|turn|2
|inactive|ChurronetaVGC has 30 seconds left.
|
|t:|1756481965
|move|p1a: Sneasler|Protect|p1a: Sneasler
|-singleturn|p1a: Sneasler|Protect
|move|p2b: Pelipper|Icy Wind|p1b: Indeedee|[spread] p1b
|-activate|p1a: Sneasler|move: Protect
|-damage|p1b: Indeedee|72/100
|-unboost|p1b: Indeedee|spe|1
|move|p2a: Archaludon|Body Press|p1a: Sneasler
|-activate|p1a: Sneasler|move: Protect
|move|p1b: Indeedee|Expanding Force|p2b: Pelipper|[spread] p2a,p2b
|-damage|p2a: Archaludon|63/100
|-damage|p2b: Pelipper|0 fnt
|-ability|p2a: Archaludon|Stamina|boost
|-boost|p2a: Archaludon|def|1
|faint|p2b: Pelipper
|
|-weather|RainDance|[upkeep]
|upkeep
|
|t:|1756481978
|switch|p2b: Annihilape|Annihilape, L50, F|100/100
|turn|3
|inactive|lastdanceqq has 30 seconds left.
|inactive|lastdanceqq has 20 seconds left.
|
|t:|1756482015
|move|p1a: Sneasler|Dire Claw|p2a: Archaludon
|-supereffective|p2a: Archaludon
|-damage|p2a: Archaludon|23/100
|-ability|p2a: Archaludon|Stamina|boost
|-boost|p2a: Archaludon|def|1
|move|p2b: Annihilape|Drain Punch|p1a: Sneasler
|-supereffective|p1a: Sneasler
|-damage|p1a: Sneasler|0 fnt
|faint|p1a: Sneasler
|move|p2a: Archaludon|Snarl|p1b: Indeedee
|-supereffective|p1b: Indeedee
|-damage|p1b: Indeedee|48/100
|-unboost|p1b: Indeedee|spa|1
|move|p1b: Indeedee|Expanding Force|p2b: Annihilape|[spread] p2a,p2b
|-supereffective|p2b: Annihilape
|-damage|p2a: Archaludon|0 fnt
|-damage|p2b: Annihilape|41/100
|-enditem|p2b: Annihilape|Sitrus Berry|[eat]
|-heal|p2b: Annihilape|66/100|[from] item: Sitrus Berry
|faint|p2a: Archaludon
|
|-weather|RainDance|[upkeep]
|upkeep
|
|t:|1756482032
|switch|p1a: Ursaluna|Ursaluna-Bloodmoon, L50, M|100/100
|switch|p2a: Maushold|Maushold, L50|100/100
|turn|4
|inactive|ChurronetaVGC has 30 seconds left.
|
|t:|1756482063
|switch|p1b: Electabuzz|Electabuzz, L50, F|100/100
|move|p2a: Maushold|Protect|p2a: Maushold
|-singleturn|p2a: Maushold|Protect
|move|p1a: Ursaluna|Protect|p1a: Ursaluna
|-singleturn|p1a: Ursaluna|Protect
|move|p2b: Annihilape|Bulk Up|p2b: Annihilape
|-boost|p2b: Annihilape|atk|1
|-boost|p2b: Annihilape|def|1
|
|-weather|RainDance|[upkeep]
|upkeep
|turn|5
|j| rosmarino1
|inactive|lastdanceqq has 30 seconds left.
|
|t:|1756482090
|move|p1b: Electabuzz|Follow Me|p1b: Electabuzz
|-singleturn|p1b: Electabuzz|move: Follow Me
|move|p2a: Maushold|Taunt|p1b: Electabuzz
|-start|p1b: Electabuzz|move: Taunt
|move|p2b: Annihilape|Drain Punch|p1b: Electabuzz
|-damage|p1b: Electabuzz|55/100
|-heal|p2b: Annihilape|83/100|[from] drain|[of] p1b: Electabuzz
|move|p1a: Ursaluna|Blood Moon|p2b: Annihilape
|-damage|p2b: Annihilape|7/100
|-damage|p1a: Ursaluna|91/100|[from] item: Life Orb
|
|-weather|none
|-fieldend|move: Psychic Terrain
|upkeep
|turn|6
|inactive|ChurronetaVGC has 30 seconds left.
|
|t:|1756482125
|move|p2a: Maushold|Protect|p2a: Maushold
|-singleturn|p2a: Maushold|Protect
|move|p1a: Ursaluna|Protect|p1a: Ursaluna
|-singleturn|p1a: Ursaluna|Protect
|move|p1b: Electabuzz|Electroweb|p2a: Maushold|[spread] p2b
|-activate|p2a: Maushold|move: Protect
|-damage|p2b: Annihilape|0 fnt
|faint|p2b: Annihilape
|
|upkeep
|turn|7
|-message|ChurronetaVGC forfeited.
|
|win|lastdanceqq
||lastdanceqq is ready for game 2.
||ChurronetaVGC is ready for game 2.
|uhtml|next|Next: Game 2 of 3
|l|☆ChurronetaVGC
|player|p2|
|j| Chuppa_FoxIV
|j| KerriganExanime
|l| Chuppa_FoxIV
|j| Chuppa_FoxIV
