|j|☆pabilisco
|j|☆anthonynn
|html|pabiliscoanthonynn    
|uhtml|bestof|Game 1 of a best-of-3
|t:|1783140469
|gametype|doubles
|player|p1|pabilisco|rosa-masters3|1076
|player|p2|anthonynn|169|1100
|gen|9
|tier|[Gen 9 Champions] VGC 2026 Reg M-B (Bo3)
|rated|
|rule|Species Clause: Limit one of each Pokémon
|rule|Item Clause: Limit 1 of each item
|clearpoke
|poke|p1|Serperior, L50, F|
|poke|p1|Scovillain, L50, M|
|poke|p1|Whimsicott, L50, M|
|poke|p1|Simisage, L50, M|
|poke|p1|Meganium, L50, M|
|poke|p1|Meowscarada, L50, F|
|poke|p2|Pelipper, L50, M|
|poke|p2|Sableye, L50, M|
|poke|p2|Swampert, L50, F|
|poke|p2|Archaludon, L50, M|
|poke|p2|Sinistcha-Masterpiece, L50|
|poke|p2|Overqwil, L50, F|
|teampreview|4
|showteam|p1|Serperior||WideLens|Contrary|LeafStorm,DragonPulse,Protect,Glare|Timid||F|||50|]Scovillain||Scovillainite|Moody|FireBlast,GigaDrain,Protect,RagePowder|Modest||M|||50|]Whimsicott||FocusSash|Prankster|Tailwind,FakeTears,LightScreen,Moonblast|Timid||M|||50|]Simisage||ExpertBelt|Overgrow|FakeOut,RockSlide,BulletSeed,Superpower|Jolly||M|||50|]Meganium||Meganiumite|Overgrow|SolarBeam,WeatherBall,Protect,DazzlingGleam|Modest||M|||50|]Meowscarada||ChoiceScarf|Protean|Uturn,FlowerTrick,TripleAxel,KnockOff|Adamant||F|||50|
|showteam|p2|Pelipper||SitrusBerry|Drizzle|Tailwind,WideGuard,Hurricane,WeatherBall|Bold||M|||50|]Sableye||MentalHerb|Prankster|RainDance,LightScreen,WillOWisp,Encore|Calm||M|||50|]Swampert||Swampertite|Torrent|WaveCrash,Earthquake,IcePunch,Protect|Adamant||F|||50|]Archaludon||Leftovers|Stamina|ElectroShot,FlashCannon,DragonPulse,Protect|Modest||M|||50|]Sinistcha-Masterpiece||CobaBerry|Hospitality|TrickRoom,MatchaGotcha,RagePowder,Protect|Calm|||||50|]Overqwil||LifeOrb|SwiftSwim|BarbBarrage,PoisonJab,ThroatChop,Protect|Adamant||F|||50|
|inactive|Battle timer is ON: inactive players will automatically lose when time's up. (requested by pabilisco)
|c|☆anthonynn|well this is awkward...
|c|☆pabilisco|Hello
|c|☆pabilisco|Bro
|c|☆pabilisco|Remember
|c|☆anthonynn|lets be cool and not use any grass moves lol
|c|☆pabilisco|Clear Mundo
|inactive|pabilisco has 60 seconds left.
|inactive|anthonynn has 60 seconds left.
|c|☆pabilisco|Clear Mind
|c|☆anthonynn|appreciate it!
|inactive|pabilisco has 30 seconds left.
|
|t:|1783140543
|teamsize|p1|4
|teamsize|p2|4
|start
|switch|p1a: Serperior|Serperior, L50, F|100/100
|switch|p1b: Simisage|Simisage, L50, M|100/100
|switch|p2a: Sableye|Sableye, L50, M|100/100
|switch|p2b: Archaludon|Archaludon, L50, M|100/100
|turn|1
|inactive|anthonynn has 30 seconds left.
|
|t:|1783140570
|move|p2a: Sableye|Will-O-Wisp|p1b: Simisage|[miss]
|-miss|p2a: Sableye|p1b: Simisage
|move|p1a: Serperior|Leaf Storm|p2a: Sableye
|-damage|p2a: Sableye|48/100
|-boost|p1a: Serperior|spa|2
|move|p1b: Simisage|Superpower|p2b: Archaludon
|-supereffective|p2b: Archaludon|1
|-damage|p2b: Archaludon|48/100
|-unboost|p1b: Simisage|atk|1
|-unboost|p1b: Simisage|def|1
|-ability|p2b: Archaludon|Stamina|boost
|-boost|p2b: Archaludon|def|1
|move|p2b: Archaludon|Dragon Pulse|p1a: Serperior
|-damage|p1a: Serperior|49/100
|
|-heal|p2b: Archaludon|54/100|[from] item: Leftovers
|upkeep
|turn|2
|inactive|pabilisco has 30 seconds left.
|inactive|anthonynn has 30 seconds left.
|inactive|pabilisco has 20 seconds left.
|
|t:|1783140605
|switch|p1b: Meganium|Meganium, L50, M|100/100
|move|p2b: Archaludon|Protect|p2b: Archaludon
|-singleturn|p2b: Archaludon|Protect
|move|p2a: Sableye|Light Screen|p2a: Sableye
|-sidestart|p2: anthonynn|move: Light Screen
|move|p1a: Serperior|Dragon Pulse|p2b: Archaludon
|-activate|p2b: Archaludon|move: Protect
|
|-heal|p2b: Archaludon|60/100|[from] item: Leftovers
|upkeep
|turn|3
|
|t:|1783140621
|detailschange|p1b: Meganium|Meganium-Mega, L50, M
|-mega|p1b: Meganium|Meganium|Meganiumite
|move|p2a: Sableye|Rain Dance|p2a: Sableye
|-weather|RainDance
|move|p1a: Serperior|Leaf Storm|p2b: Archaludon
|-resisted|p2b: Archaludon|2
|-damage|p2b: Archaludon|45/100
|-boost|p1a: Serperior|spa|2
|-ability|p2b: Archaludon|Stamina|boost
|-boost|p2b: Archaludon|def|1
|move|p1b: Meganium|Dazzling Gleam|p2a: Sableye|[spread] p2a,p2b
|-supereffective|p2a: Sableye|1
|-damage|p2a: Sableye|0 fnt
|-damage|p2b: Archaludon|15/100
|-ability|p2b: Archaludon|Stamina|boost
|-boost|p2b: Archaludon|def|1
|faint|p2a: Sableye
|move|p2b: Archaludon|Electro Shot||[still]
|-prepare|p2b: Archaludon|Electro Shot
|-boost|p2b: Archaludon|spa|1
|-anim|p2b: Archaludon|Electro Shot|p1a: Serperior
|-resisted|p1a: Serperior|1
|-damage|p1a: Serperior|13/100
|
|-weather|RainDance|[upkeep]
|-heal|p2b: Archaludon|21/100|[from] item: Leftovers
|upkeep
|
|t:|1783140638
|switch|p2a: Overqwil|Overqwil, L50, F|100/100
|turn|4
|
|t:|1783140651
|switch|p1b: Simisage|Simisage, L50, M|100/100
|move|p2b: Archaludon|Protect|p2b: Archaludon
|-singleturn|p2b: Archaludon|Protect
|move|p2a: Overqwil|Barb Barrage|p1a: Serperior
|-supereffective|p1a: Serperior|1
|-damage|p1a: Serperior|0 fnt
|faint|p1a: Serperior
|-damage|p2a: Overqwil|90/100|[from] item: Life Orb
|
|-weather|RainDance|[upkeep]
|-heal|p2b: Archaludon|27/100|[from] item: Leftovers
|upkeep
|
|t:|1783140659
|switch|p1a: Whimsicott|Whimsicott, L50, M|100/100
|turn|5
|
|t:|1783140674
|move|p1b: Simisage|Fake Out|p2a: Overqwil
|-damage|p2a: Overqwil|77/100
|cant|p2a: Overqwil|flinch
|move|p1a: Whimsicott|Moonblast|p2b: Archaludon
|-damage|p2b: Archaludon|0 fnt
|faint|p2b: Archaludon
|
|-weather|RainDance|[upkeep]
|upkeep
|
|t:|1783140683
|switch|p2b: Pelipper|Pelipper, L50, M|100/100
|turn|6
|
|t:|1783140691
|move|p1a: Whimsicott|Tailwind|p1a: Whimsicott
|-sidestart|p1: pabilisco|move: Tailwind
|move|p1b: Simisage|Bullet Seed|p2b: Pelipper
|-damage|p2b: Pelipper|92/100
|-damage|p2b: Pelipper|85/100
|-hitcount|p2b: Pelipper|2
|move|p2a: Overqwil|Barb Barrage|p1b: Simisage
|-supereffective|p1b: Simisage|1
|-damage|p1b: Simisage|0 fnt
|faint|p1b: Simisage
|-damage|p2a: Overqwil|67/100|[from] item: Life Orb
|move|p2b: Pelipper|Tailwind|p2b: Pelipper
|-sidestart|p2: anthonynn|move: Tailwind
|
|-weather|RainDance|[upkeep]
|-sideend|p2: anthonynn|move: Light Screen
|upkeep
|
|t:|1783140701
|switch|p1b: Meganium|Meganium-Mega, L50, M|100/100
|turn|7
|
|t:|1783140722
|move|p2a: Overqwil|Poison Jab|p1b: Meganium
|-supereffective|p1b: Meganium|2
|-damage|p1b: Meganium|0 fnt
|faint|p1b: Meganium
|-damage|p2a: Overqwil|57/100|[from] item: Life Orb
|move|p1a: Whimsicott|Moonblast|p2a: Overqwil
|-damage|p2a: Overqwil|1/100
|move|p2b: Pelipper|Hurricane|p1a: Whimsicott
|-supereffective|p1a: Whimsicott|1
|-enditem|p1a: Whimsicott|Focus Sash
|-damage|p1a: Whimsicott|1/100
|-start|p1a: Whimsicott|confusion
|
|-weather|none
|upkeep
|turn|8
|
|t:|1783140736
|-activate|p1a: Whimsicott|confusion
|move|p1a: Whimsicott|Moonblast|p2b: Pelipper
|-damage|p2b: Pelipper|41/100
|-enditem|p2b: Pelipper|Sitrus Berry|[eat]
|-heal|p2b: Pelipper|66/100|[from] item: Sitrus Berry
|move|p2a: Overqwil|Poison Jab|p1a: Whimsicott
|-supereffective|p1a: Whimsicott|2
|-damage|p1a: Whimsicott|0 fnt
|faint|p1a: Whimsicott
|-damage|p2a: Overqwil|0 fnt|[from] item: Life Orb
|faint|p2a: Overqwil
|
|win|anthonynn
||anthonynn is ready for game 2.
|c|☆pabilisco|Gg
||pabilisco is ready for game 2.
|uhtml|next|Next: Game 2 of 3
|l|☆pabilisco
|player|p1|
