|j|â˜†meknomancer
|j|â˜†DarkWizardMyk
|html|meknomancerDarkWizardMyk    
|uhtml|bestof|Game 2 of a best-of-3
|t:|1784749761
|gametype|doubles
|player|p1|meknomancer|allister|
|player|p2|DarkWizardMyk|steven|
|gen|9
|tier|[Gen 9 Champions] VGC 2026 Reg M-B (Bo3)
|rule|Species Clause: Limit one of each PokÃ©mon
|rule|Item Clause: Limit 1 of each item
|clearpoke
|poke|p1|Kingambit, L50, M|
|poke|p1|Aerodactyl, L50, M|
|poke|p1|Sableye, L50, M|
|poke|p1|Krookodile, L50, M|
|poke|p1|Clefable, L50, F|
|poke|p1|Manectric, L50, F|
|poke|p2|Archaludon, L50, F|
|poke|p2|Dedenne, L50, M|
|poke|p2|Pelipper, L50, M|
|poke|p2|Feraligatr, L50, M|
|poke|p2|Slowking-Galar, L50, M|
|poke|p2|Camerupt, L50, F|
|teampreview|4
|showteam|p1|Kingambit||LifeOrb|SupremeOverlord|IronHead,LowKick,SuckerPunch,Protect|Adamant||M|||50|]Aerodactyl||Aerodactylite|Pressure|RockSlide,DualWingbeat,Tailwind,WideGuard|Adamant||M|||50|]Sableye||Leftovers|Prankster|FakeOut,KnockOff,Encore,ThunderWave|Impish||M|||50|]Krookodile||SoftSand|Intimidate|Earthquake,Crunch,HighHorsepower,Protect|Jolly||M|||50|]Clefable||SitrusBerry|Unaware|Moonblast,FollowMe,IceBeam,Protect|Modest||F|||50|]Manectric||Manectite|LightningRod|VoltSwitch,Discharge,Thunder,Protect|Modest||F|||50|
|showteam|p2|Archaludon||ChopleBerry|Stamina|FlashCannon,ElectroShot,DracoMeteor,Protect|Modest||F|||50|]Dedenne||SitrusBerry|CheekPouch|Nuzzle,DazzlingGleam,SuperFang,VoltSwitch|Timid||M|||50|]Pelipper||FocusSash|Drizzle|WeatherBall,RainDance,Tailwind,WideGuard|Timid||M|||50|]Feraligatr||Feraligite|Torrent|Liquidation,AquaJet,IceFang,SwordsDance|Adamant||M|||50|]Slowking-Galar||ColburBerry|Regenerator|TrickRoom,ChillyReception,SludgeBomb,Psychic|Quiet||M|||50|]Camerupt||ExpertBelt|SolidRock|HeatWave,EarthPower,Protect,RockSlide|Modest||F|||50|
|c|â˜†meknomancer|I would like to thank Tailwind Merchant for his sacrifice
|j| Terrycat
|
|t:|1784749808
|teamsize|p1|4
|teamsize|p2|4
|start
|switch|p1a: WANNA BE CRAZY|Kingambit, L50, M|100/100
|switch|p1b: GEM ALARM!!!|Sableye, L50, M|100/100
|switch|p2a: Camerupt|Camerupt, L50, F|100/100
|switch|p2b: Feraligatr|Feraligatr, L50, M|100/100
|turn|1
|c|â˜†DarkWizardMyk|Idk if it's me but this software has made my team look ASS
|
|t:|1784749832
|move|p1a: WANNA BE CRAZY|Protect|p1a: WANNA BE CRAZY
|-singleturn|p1a: WANNA BE CRAZY|Protect
|move|p1b: GEM ALARM!!!|Fake Out|p2b: Feraligatr
|-damage|p2b: Feraligatr|92/100
|cant|p2b: Feraligatr|flinch
|move|p2a: Camerupt|Heat Wave|p1a: WANNA BE CRAZY|[spread] 
|-activate|p1a: WANNA BE CRAZY|move: Protect
|-miss|p2a: Camerupt|p1b: GEM ALARM!!!
|
|upkeep
|turn|2
|c| Terrycat|Bruh
|c|â˜†meknomancer|whole turn of nothing
|
|t:|1784749875
|-end|p1a: WANNA BE CRAZY|fallenundefined|[silent]
|switch|p1a: Big Clef|Clefable, L50, F|100/100
|detailschange|p2b: Feraligatr|Feraligatr-Mega, L50, M
|-mega|p2b: Feraligatr|Feraligatr|Feraligite
|move|p2b: Feraligatr|Aqua Jet|p1a: Big Clef
|-damage|p1a: Big Clef|71/100
|move|p1b: GEM ALARM!!!|Thunder Wave|p2b: Feraligatr
|-status|p2b: Feraligatr|par
|move|p2a: Camerupt|Heat Wave|p1b: GEM ALARM!!!|[spread] p1a,p1b
|-damage|p1a: Big Clef|37/100
|-damage|p1b: GEM ALARM!!!|45/100
|-enditem|p1a: Big Clef|Sitrus Berry|[eat]
|-heal|p1a: Big Clef|62/100|[from] item: Sitrus Berry
|
|-heal|p1b: GEM ALARM!!!|51/100|[from] item: Leftovers
|upkeep
|turn|3
|c| Terrycat|How fast is this gremlin lol
|c|â˜†DarkWizardMyk|Saw this coming
|
|t:|1784749901
|move|p1a: Big Clef|Moonblast|p2b: Feraligatr
|-supereffective|p2b: Feraligatr|1
|-damage|p2b: Feraligatr|1/100 par
|move|p1b: GEM ALARM!!!|Knock Off|p2a: Camerupt
|-damage|p2a: Camerupt|65/100
|-enditem|p2a: Camerupt|Expert Belt|[from] move: Knock Off|[of] p1b: GEM ALARM!!!
|move|p2a: Camerupt|Rock Slide|p1b: GEM ALARM!!!|[spread] p1a,p1b
|-damage|p1a: Big Clef|48/100
|-damage|p1b: GEM ALARM!!!|40/100
|move|p2b: Feraligatr|Ice Fang|p1a: Big Clef
|-damage|p1a: Big Clef|14/100
|
|-heal|p1b: GEM ALARM!!!|46/100|[from] item: Leftovers
|upkeep
|turn|4
|c|â˜†meknomancer|ONE PERCENT
|
|t:|1784749925
|move|p2b: Feraligatr|Aqua Jet|p1a: Big Clef
|-damage|p1a: Big Clef|0 fnt
|faint|p1a: Big Clef
|move|p1b: GEM ALARM!!!|Knock Off|p2b: Feraligatr
|-damage|p2b: Feraligatr|0 fnt
|faint|p2b: Feraligatr
|move|p2a: Camerupt|Heat Wave|p1b: GEM ALARM!!!
|-damage|p1b: GEM ALARM!!!|0 fnt
|faint|p1b: GEM ALARM!!!
|
|upkeep
|c|â˜†DarkWizardMyk|YES
|
|t:|1784749942
|switch|p2b: DA BRIDGE|Archaludon, L50, F|100/100
|switch|p1a: Sparky|Manectric, L50, F|100/100
|switch|p1b: WANNA BE CRAZY|Kingambit, L50, M|100/100
|-activate|p1b: WANNA BE CRAZY|ability: Supreme Overlord
|-start|p1b: WANNA BE CRAZY|fallen2|[silent]
|turn|5
|c|â˜†meknomancer|wow this is really bad
|c| Terrycat|Insane
|
|t:|1784749961
|detailschange|p1a: Sparky|Manectric-Mega, L50, F
|-mega|p1a: Sparky|Manectric|Manectite
|-ability|p1a: Sparky|Intimidate|boost
|-unboost|p2a: Camerupt|atk|1
|-unboost|p2b: DA BRIDGE|atk|1
|move|p1b: WANNA BE CRAZY|Sucker Punch|p2a: Camerupt
|-damage|p2a: Camerupt|0 fnt
|faint|p2a: Camerupt
|-damage|p1b: WANNA BE CRAZY|90/100|[from] item: Life Orb
|move|p1a: Sparky|Thunder|p2b: DA BRIDGE
|-resisted|p2b: DA BRIDGE|1
|-damage|p2b: DA BRIDGE|60/100
|-ability|p2b: DA BRIDGE|Stamina|boost
|-boost|p2b: DA BRIDGE|def|1
|move|p2b: DA BRIDGE|Draco Meteor|p1a: Sparky
|-damage|p1a: Sparky|0 fnt
|-unboost|p2b: DA BRIDGE|spa|2
|faint|p1a: Sparky
|
|upkeep
|
|t:|1784749977
|switch|p2a: Captain Gullet|Pelipper, L50, M|100/100
|-weather|RainDance|[from] ability: Drizzle|[of] p2a: Captain Gullet
|turn|6
|
|t:|1784749988
|move|p2a: Captain Gullet|Weather Ball|p1b: WANNA BE CRAZY
|-damage|p1b: WANNA BE CRAZY|29/100
|move|p2b: DA BRIDGE|Electro Shot||[still]
|-prepare|p2b: DA BRIDGE|Electro Shot
|-boost|p2b: DA BRIDGE|spa|1
|-anim|p2b: DA BRIDGE|Electro Shot|p1b: WANNA BE CRAZY
|-damage|p1b: WANNA BE CRAZY|0 fnt
|faint|p1b: WANNA BE CRAZY
|-end|p1b: WANNA BE CRAZY|fallen2|[silent]
|
|win|DarkWizardMyk
||DarkWizardMyk is ready for game 3.
|inactive|meknomancer has 30 seconds to confirm battle start!
|c|â˜†meknomancer|ok damn
||meknomancer is ready for game 3.
|uhtml|next|Next: Game 3 of 3
|l|â˜†DarkWizardMyk
|player|p2|
