|j|☆Thenestball
|j|☆fleamarketninja
|html|Thenestballfleamarketninja    
|uhtml|bestof|Game 3 of a best-of-3
|t:|1756823007
|gametype|doubles
|player|p1|Thenestball|hiker-gen4|1026
|player|p2|fleamarketninja|baker|1051
|gen|9
|tier|[Gen 9] VGC 2025 Reg H (Bo3)
|rated|
|rule|Species Clause: Limit one of each Pokémon
|rule|Item Clause: Limit 1 of each item
|clearpoke
|poke|p1|Weezing, L50, F|
|poke|p1|Amoonguss, L50, F|
|poke|p1|Garchomp, L50, M|
|poke|p1|Yanma, L50, M|
|poke|p1|Incineroar, L50, F|
|poke|p1|Primarina, L50, F|
|poke|p2|Incineroar, L50, M|
|poke|p2|Amoonguss, L50, M|
|poke|p2|Ursaluna-Bloodmoon, L50, M|
|poke|p2|Sneasler, L50, M|
|poke|p2|Gholdengo, L50|
|poke|p2|Dragonite, L50, M|
|teampreview|4
|showteam|p1|Weezing||SitrusBerry|NeutralizingGas|SludgeBomb,WillOWisp,Haze,Protect|||F|||50|,,,,,Grass]Amoonguss||RockyHelmet|Regenerator|PollenPuff,Spore,RagePowder,Protect|||F|||50|,,,,,Water]Garchomp||LifeOrb|RoughSkin|Earthquake,RockSlide,StompingTantrum,Protect|||M|||50|,,,,,Ground]Yanma||FocusSash|CompoundEyes|Screech,Tailwind,Protect,Hypnosis|||M|||50|,,,,,Ghost]Incineroar||AbilityShield|Intimidate|FlareBlitz,FakeOut,PartingShot,KnockOff|||F|||50|,,,,,Grass]Primarina||MysticWater|LiquidVoice|HyperVoice,Moonblast,Protect,CalmMind|||F|||50|,,,,,Grass
|showteam|p2|Incineroar||SafetyGoggles|Intimidate|FlareBlitz,KnockOff,PartingShot,FakeOut|||M|||50|,,,,,Ghost]Amoonguss||SitrusBerry|Regenerator|Spore,RagePowder,PollenPuff,Protect|||M|||50|,,,,,Psychic]Ursaluna-Bloodmoon||AssaultVest|MindsEye|HyperVoice,BloodMoon,EarthPower,VacuumWave|||M|||50|,,,,,Water]Sneasler||FocusSash|Unburden|CloseCombat,DireClaw,ThroatChop,Protect|||M|||50|,,,,,Stellar]Gholdengo||LifeOrb|GoodasGold|MakeItRain,ShadowBall,NastyPlot,Protect||||||50|,,,,,Water]Dragonite||LoadedDice|Multiscale|ScaleShot,Tailwind,Haze,Protect|||M|||50|,,,,,Fairy
|inactive|Battle timer is ON: inactive players will automatically lose when time's up. (requested by Thenestball)
|inactive|fleamarketninja has 60 seconds left.
|
|t:|1756823059
|teamsize|p1|4
|teamsize|p2|4
|start
|switch|p1a: Yanma|Yanma, L50, M, shiny|100/100
|switch|p1b: Garchomp|Garchomp, L50, M, shiny|100/100
|switch|p2a: Amoonguss|Amoonguss, L50, M|100/100
|switch|p2b: Incineroar|Incineroar, L50, M|100/100
|-ability|p2b: Incineroar|Intimidate|boost
|-unboost|p1a: Yanma|atk|1
|-unboost|p1b: Garchomp|atk|1
|turn|1
|inactive|fleamarketninja has 30 seconds left.
|
|t:|1756823093
|-terastallize|p1a: Yanma|Ghost
|move|p2b: Incineroar|Fake Out|p1a: Yanma
|-immune|p1a: Yanma
|move|p1a: Yanma|Hypnosis|p2a: Amoonguss|[miss]
|-miss|p1a: Yanma|p2a: Amoonguss
|move|p1b: Garchomp|Earthquake|p2b: Incineroar|[spread] p1a,p2a,p2b
|-supereffective|p2b: Incineroar
|-damage|p1a: Yanma|34/100
|-damage|p2a: Amoonguss|68/100
|-damage|p2b: Incineroar|30/100
|-damage|p1b: Garchomp|91/100|[from] item: Life Orb
|move|p2a: Amoonguss|Spore|p1b: Garchomp
|-status|p1b: Garchomp|slp|[from] move: Spore
|
|upkeep
|turn|2
|inactive|fleamarketninja has 30 seconds left.
|
|t:|1756823125
|move|p2a: Amoonguss|Rage Powder|p2a: Amoonguss
|-singleturn|p2a: Amoonguss|move: Rage Powder
|move|p1a: Yanma|Hypnosis|p2a: Amoonguss
|-status|p2a: Amoonguss|slp|[from] move: Hypnosis
|cant|p1b: Garchomp|slp
|move|p2b: Incineroar|Knock Off|p1a: Yanma
|-supereffective|p1a: Yanma
|-damage|p1a: Yanma|0 fnt
|-enditem|p1a: Yanma|Focus Sash|[from] move: Knock Off|[of] p2b: Incineroar
|faint|p1a: Yanma
|
|upkeep
|
|t:|1756823136
|switch|p1a: Incineroar|Incineroar, L50, F, shiny|100/100
|-ability|p1a: Incineroar|Intimidate|boost
|-unboost|p2a: Amoonguss|atk|1
|-unboost|p2b: Incineroar|atk|1
|turn|3
|
|t:|1756823147
|cant|p1b: Garchomp|slp
|move|p2b: Incineroar|Parting Shot|p1b: Garchomp
|-unboost|p1b: Garchomp|atk|1
|-unboost|p1b: Garchomp|spa|1
|
|t:|1756823153
|switch|p2b: Sneasler|Sneasler, L50, M|100/100|[from] Parting Shot
|move|p1a: Incineroar|Flare Blitz|p2a: Amoonguss
|-supereffective|p2a: Amoonguss
|-damage|p2a: Amoonguss|0 fnt
|faint|p2a: Amoonguss
|-damage|p1a: Incineroar|75/100|[from] Recoil
|
|upkeep
|
|t:|1756823160
|switch|p2a: Gholdengo|Gholdengo, L50|100/100
|turn|4
|
|t:|1756823169
|-curestatus|p1b: Garchomp|slp|[msg]
|move|p1b: Garchomp|Protect|p1b: Garchomp
|-singleturn|p1b: Garchomp|Protect
|move|p2a: Gholdengo|Protect|p2a: Gholdengo
|-singleturn|p2a: Gholdengo|Protect
|move|p2b: Sneasler|Close Combat|p1a: Incineroar
|-supereffective|p1a: Incineroar
|-damage|p1a: Incineroar|0 fnt
|-unboost|p2b: Sneasler|def|1
|-unboost|p2b: Sneasler|spd|1
|faint|p1a: Incineroar
|
|upkeep
|
|t:|1756823180
|switch|p1a: Primarina|Primarina, L50, F, shiny|100/100
|turn|5
|inactive|fleamarketninja has 30 seconds left.
|inactive|fleamarketninja has 20 seconds left.
|
|t:|1756823216
|switch|p2b: Incineroar|Incineroar, L50, M|30/100
|-ability|p2b: Incineroar|Intimidate|boost
|-unboost|p1a: Primarina|atk|1
|-unboost|p1b: Garchomp|atk|1
|move|p1a: Primarina|Protect|p1a: Primarina
|-singleturn|p1a: Primarina|Protect
|move|p1b: Garchomp|Earthquake|p2a: Gholdengo|[spread] p2a,p2b
|-activate|p1a: Primarina|move: Protect
|-supereffective|p2a: Gholdengo
|-crit|p2a: Gholdengo
|-supereffective|p2b: Incineroar
|-damage|p2a: Gholdengo|0 fnt
|-damage|p2b: Incineroar|0 fnt
|faint|p2a: Gholdengo
|faint|p2b: Incineroar
|-damage|p1b: Garchomp|81/100|[from] item: Life Orb
|
|upkeep
|
|t:|1756823226
|switch|p2a: Sneasler|Sneasler, L50, M|100/100
|turn|6
|
|t:|1756823236
|-terastallize|p2a: Sneasler|Stellar
|move|p2a: Sneasler|Throat Chop|p1a: Primarina
|-resisted|p1a: Primarina
|-damage|p1a: Primarina|83/100
|-start|p1a: Primarina|Throat Chop|[silent]
|move|p1b: Garchomp|Stomping Tantrum|p2a: Sneasler
|-supereffective|p2a: Sneasler
|-damage|p2a: Sneasler|20/100
|-damage|p1b: Garchomp|71/100|[from] item: Life Orb
|cant|p1a: Primarina|move: Throat Chop
|
|upkeep
|turn|7
|
|t:|1756823252
|move|p2a: Sneasler|Dire Claw|p1b: Garchomp
|-resisted|p1b: Garchomp
|-damage|p1b: Garchomp|44/100
|-status|p1b: Garchomp|par
|-damage|p2a: Sneasler|8/100|[from] ability: Rough Skin|[of] p1b: Garchomp
|move|p1a: Primarina|Moonblast|p2a: Sneasler
|-damage|p2a: Sneasler|0 fnt
|faint|p2a: Sneasler
|
|win|Thenestball
|raw|Thenestball's rating: 1026 → 1065(+39 for winning)
|raw|fleamarketninja's rating: 1051 → 1032(-19 for losing)
|l|☆fleamarketninja
|player|p2|
