|j|☆saboyita
|j|☆hundohunter24
|html|saboyitahundohunter24    
|uhtml|bestof|Game 3 of a best-of-3
|t:|1756163876
|gametype|doubles
|player|p1|saboyita|grimsley|1119
|player|p2|hundohunter24|cynthia|1029
|gen|9
|tier|[Gen 9] VGC 2025 Reg H (Bo3)
|rated|
|rule|Species Clause: Limit one of each Pokémon
|rule|Item Clause: Limit 1 of each item
|clearpoke
|poke|p1|Amoonguss, L50, F|
|poke|p1|Hydreigon, L50, M|
|poke|p1|Whimsicott, L50, F|
|poke|p1|Maushold-Four, L50|
|poke|p1|Annihilape, L50, F|
|poke|p1|Ursaluna-Bloodmoon, L50, M|
|poke|p2|Porygon-Z, L50|
|poke|p2|Whimsicott, L50, M|
|poke|p2|Ursaluna, L50, M|
|poke|p2|Greninja-*, L50, M|
|poke|p2|Typhlosion-Hisui, L50, M|
|poke|p2|Sneasler, L50, M|
|teampreview|4
|showteam|p1|Amoonguss||RockyHelmet|Regenerator|PollenPuff,Spore,RagePowder,Protect|||F|||50|,,,,,Fairy]Hydreigon||ChoiceSpecs|Levitate|HeatWave,DarkPulse,DragonPulse,DracoMeteor|||M|||50|,,,,,Fire]Whimsicott||CovertCloak|Prankster|Moonblast,HelpingHand,Tailwind,Encore|||F|||50|,,,,,Dark]Maushold-Four||WideLens|Technician|PopulationBomb,Taunt,FollowMe,Protect||||||50|,,,,,Ghost]Annihilape||Leftovers|Defiant|RageFist,DrainPunch,BulkUp,Protect|||F|||50|,,,,,Fire]Ursaluna-Bloodmoon||LifeOrb|MindsEye|HyperVoice,EarthPower,BloodMoon,Protect|||M|||50|,,,,,Water
|showteam|p2|Porygon-Z||ChoiceSpecs|Adaptability|TriAttack,DarkPulse,IceBeam,Psyshock||||||50|,,,,,Normal]Whimsicott||CovertCloak|Prankster|Tailwind,Encore,LightScreen,DazzlingGleam|||M|||50|,,,,,Dark]Ursaluna||FlameOrb|Guts|Facade,HeadlongRush,Protect,Crunch|||M|||50|,,,,,Normal]Greninja||FocusSash|Protean|WaterPledge,Protect,Haze,IceBeam|||M|||50|,,,,,Ghost]Typhlosion-Hisui||Charcoal|Blaze|Protect,Eruption,FirePledge,ShadowBall|||M|||50|,,,,,Fire]Sneasler||LifeOrb|PoisonTouch|ThroatChop,DireClaw,CloseCombat,Protect|||M|||50|,,,,,Dark
|inactive|Battle timer is ON: inactive players will automatically lose when time's up. (requested by hundohunter24)
|inactive|saboyita also wants the timer to be on.
|inactive|saboyita has 60 seconds left.
|
|t:|1756163916
|teamsize|p1|4
|teamsize|p2|4
|start
|switch|p1a: Hydreigon|Hydreigon, L50, M|100/100
|switch|p1b: Whimsicott|Whimsicott, L50, F|100/100
|switch|p2a: Porygon-Z|Porygon-Z, L50, shiny|100/100
|switch|p2b: Whimsicott|Whimsicott, L50, M, shiny|100/100
|turn|1
|
|t:|1756163938
|switch|p2a: Ursaluna|Ursaluna, L50, M, shiny|100/100
|move|p1b: Whimsicott|Tailwind|p1b: Whimsicott
|-sidestart|p1: saboyita|move: Tailwind
|move|p2b: Whimsicott|Light Screen|p2b: Whimsicott
|-sidestart|p2: hundohunter24|move: Light Screen
|move|p1a: Hydreigon|Draco Meteor|p2a: Ursaluna
|-damage|p2a: Ursaluna|41/100
|-unboost|p1a: Hydreigon|spa|2
|
|-status|p2a: Ursaluna|brn|[from] item: Flame Orb
|upkeep
|turn|2
|inactive|saboyita has 30 seconds left.
|
|t:|1756163964
|switch|p1a: Annihilape|Annihilape, L50, F|100/100
|-terastallize|p2b: Whimsicott|Dark
|move|p1b: Whimsicott|Encore|p2b: Whimsicott
|-hint|Since gen 7, Dark is immune to Prankster moves.
|-immune|p2b: Whimsicott
|move|p2b: Whimsicott|Tailwind|p2b: Whimsicott
|-sidestart|p2: hundohunter24|move: Tailwind
|move|p2a: Ursaluna|Facade|p1a: Annihilape
|-immune|p1a: Annihilape
|
|-damage|p2a: Ursaluna|35/100 brn|[from] brn
|upkeep
|turn|3
|inactive|saboyita has 30 seconds left.
|
|t:|1756163992
|move|p1b: Whimsicott|Moonblast|p2b: Whimsicott
|-supereffective|p2b: Whimsicott
|-damage|p2b: Whimsicott|38/100
|move|p2b: Whimsicott|Dazzling Gleam|p1b: Whimsicott|[spread] p1a,p1b
|-supereffective|p1a: Annihilape
|-damage|p1a: Annihilape|71/100
|-damage|p1b: Whimsicott|74/100
|move|p1a: Annihilape|Drain Punch|p2b: Whimsicott
|-supereffective|p2b: Whimsicott
|-damage|p2b: Whimsicott|0 fnt
|-heal|p1a: Annihilape|86/100|[from] drain|[of] p2b: Whimsicott
|faint|p2b: Whimsicott
|move|p2a: Ursaluna|Headlong Rush|p1a: Annihilape
|-damage|p1a: Annihilape|0 fnt
|-unboost|p2a: Ursaluna|def|1
|-unboost|p2a: Ursaluna|spd|1
|faint|p1a: Annihilape
|
|-damage|p2a: Ursaluna|29/100 brn|[from] brn
|upkeep
|
|t:|1756164009
|switch|p2b: Sneasler|Sneasler, L50, M, shiny|100/100
|switch|p1a: Maushold|Maushold-Four, L50|100/100
|turn|4
|
|t:|1756164027
|move|p1a: Maushold|Protect|p1a: Maushold
|-singleturn|p1a: Maushold|Protect
|move|p1b: Whimsicott|Encore|p2a: Ursaluna
|-start|p2a: Ursaluna|Encore
|move|p2b: Sneasler|Dire Claw|p1b: Whimsicott
|-supereffective|p1b: Whimsicott
|-damage|p1b: Whimsicott|0 fnt
|faint|p1b: Whimsicott
|-damage|p2b: Sneasler|91/100|[from] item: Life Orb
|move|p2a: Ursaluna|Headlong Rush|p1a: Maushold
|-activate|p1a: Maushold|move: Protect
|
|-damage|p2a: Ursaluna|23/100 brn|[from] brn
|-sideend|p1: saboyita|move: Tailwind
|upkeep
|
|t:|1756164034
|switch|p1b: Hydreigon|Hydreigon, L50, M|100/100
|turn|5
|
|t:|1756164059
|-terastallize|p1a: Maushold|Ghost
|move|p1a: Maushold|Follow Me|p1a: Maushold
|-singleturn|p1a: Maushold|move: Follow Me
|move|p2b: Sneasler|Close Combat|p1a: Maushold
|-immune|p1a: Maushold
|move|p1b: Hydreigon|Heat Wave|p2a: Ursaluna|[spread] p2b
|-miss|p1b: Hydreigon|p2a: Ursaluna
|-damage|p2b: Sneasler|53/100
|move|p2a: Ursaluna|Headlong Rush|p1a: Maushold
|-damage|p1a: Maushold|0 fnt
|-unboost|p2a: Ursaluna|def|1
|-unboost|p2a: Ursaluna|spd|1
|faint|p1a: Maushold
|
|-damage|p2a: Ursaluna|17/100 brn|[from] brn
|-sideend|p2: hundohunter24|move: Light Screen
|-sideend|p2: hundohunter24|move: Tailwind
|upkeep
|turn|6
|
|t:|1756164071
|switch|p2a: Porygon-Z|Porygon-Z, L50, shiny|100/100
|move|p2b: Sneasler|Protect|p2b: Sneasler
|-singleturn|p2b: Sneasler|Protect
|move|p1b: Hydreigon|Heat Wave|p2b: Sneasler|[spread] 
|-activate|p2b: Sneasler|move: Protect
|-miss|p1b: Hydreigon|p2a: Porygon-Z
|
|upkeep
|turn|7
|
|t:|1756164077
|move|p2b: Sneasler|Close Combat|p1b: Hydreigon
|-supereffective|p1b: Hydreigon
|-damage|p1b: Hydreigon|0 fnt
|-unboost|p2b: Sneasler|def|1
|-unboost|p2b: Sneasler|spd|1
|faint|p1b: Hydreigon
|-damage|p2b: Sneasler|43/100|[from] item: Life Orb
|
|win|hundohunter24
|raw|saboyita's rating: 1119 → 1088(-31 for losing)
|raw|hundohunter24's rating: 1029 → 1074(+45 for winning)
|l|☆hundohunter24
|player|p2|
