|j|☆new mental
|j|☆cazabichos cr7
|html|new mentalcazabichos cr7    
|uhtml|bestof|Game 1 of a best-of-3
|t:|1783868430
|gametype|doubles
|player|p1|new mental|volkner|1348
|player|p2|cazabichos cr7|bugcatcher-gen4dp|1317
|gen|9
|tier|[Gen 9 Champions] VGC 2026 Reg M-B (Bo3)
|rated|
|rule|Species Clause: Limit one of each Pokémon
|rule|Item Clause: Limit 1 of each item
|clearpoke
|poke|p1|Charizard, L50, F|
|poke|p1|Kingambit, L50, F|
|poke|p1|Sylveon, L50, M|
|poke|p1|Garchomp, L50, F|
|poke|p1|Aerodactyl, L50, M|
|poke|p1|Farigiraf, L50, F|
|poke|p2|Sylveon, L50, F|
|poke|p2|Incineroar, L50, M|
|poke|p2|Garchomp, L50, F|
|poke|p2|Metagross, L50, shiny|
|poke|p2|Aerodactyl, L50, F|
|poke|p2|Charizard, L50, F, shiny|
|teampreview|4
|showteam|p1|Charizard||CharizarditeY|SolarPower|Protect,HeatWave,SolarBeam,WeatherBall|Modest||F|||50|]Kingambit||FocusSash|Defiant|IronHead,SuckerPunch,KowtowCleave,LowKick|Adamant||F|||50|]Sylveon||FairyFeather|Pixilate|Detect,HyperVoice,HyperBeam,QuickAttack|Modest||M|||50|]Garchomp||LifeOrb|RoughSkin|Protect,DragonClaw,Earthquake,RockSlide|Jolly||F|||50|]Aerodactyl||Aerodactylite|Unnerve|IceFang,RockSlide,Tailwind,DualWingbeat|Jolly||M|||50|]Farigiraf||SitrusBerry|ArmorTail|TrickRoom,Psychic,Thunderbolt,Roar|Bold||F|||50|
|showteam|p2|Sylveon||FairyFeather|Pixilate|Protect,QuickAttack,HyperBeam,HyperVoice|Modest||F|||50|]Incineroar||SitrusBerry|Intimidate|FakeOut,FlareBlitz,DarkestLariat,PartingShot|Careful||M|||50|]Garchomp||LifeOrb|RoughSkin|Earthquake,DragonClaw,RockSlide,Protect|Jolly||F|||50|]Metagross||Metagrossite|ClearBody|Protect,PsychicFangs,BulletPunch,BodyPress|Adamant|||||50|]Aerodactyl||FocusSash|Unnerve|Tailwind,RockSlide,DualWingbeat,Protect|Jolly||F|||50|]Charizard||CharizarditeY|Blaze|HeatWave,SolarBeam,WeatherBall,Protect|Modest||F|||50|
|inactive|Battle timer is ON: inactive players will automatically lose when time's up. (requested by cazabichos cr7)
|
|t:|1783868487
|teamsize|p1|4
|teamsize|p2|4
|start
|switch|p1a: Aerodactyl|Aerodactyl, L50, M|100/100
|switch|p1b: Sylveon|Sylveon, L50, M|100/100
|switch|p2a: Aerodactyl|Aerodactyl, L50, F|100/100
|switch|p2b: Sylveon|Sylveon, L50, F|100/100
|-ability|p2a: Aerodactyl|Unnerve
|-ability|p1a: Aerodactyl|Unnerve
|turn|1
|
|t:|1783868505
|move|p2b: Sylveon|Protect|p2b: Sylveon
|-singleturn|p2b: Sylveon|Protect
|move|p2a: Aerodactyl|Tailwind|p2a: Aerodactyl
|-sidestart|p2: cazabichos cr7|move: Tailwind
|move|p1a: Aerodactyl|Tailwind|p1a: Aerodactyl
|-sidestart|p1: new mental|move: Tailwind
|move|p1b: Sylveon|Hyper Voice|p2a: Aerodactyl|[spread] p2a
|-activate|p2b: Sylveon|move: Protect
|-damage|p2a: Aerodactyl|32/100
|
|upkeep
|turn|2
|inactive|new mental has 30 seconds left.
|
|t:|1783868533
|move|p2a: Aerodactyl|Rock Slide|p1a: Aerodactyl|[spread] p1a,p1b
|-supereffective|p1a: Aerodactyl|1
|-damage|p1a: Aerodactyl|40/100
|-damage|p1b: Sylveon|72/100
|move|p1a: Aerodactyl|Rock Slide|p2b: Sylveon|[spread] p2b
|-miss|p1a: Aerodactyl|p2a: Aerodactyl
|-damage|p2b: Sylveon|74/100
|cant|p1b: Sylveon|flinch
|cant|p2b: Sylveon|flinch
|
|upkeep
|turn|3
|
|t:|1783868547
|move|p2a: Aerodactyl|Rock Slide|p1a: Aerodactyl|[spread] p1a
|-miss|p2a: Aerodactyl|p1b: Sylveon
|-supereffective|p1a: Aerodactyl|1
|-damage|p1a: Aerodactyl|0 fnt
|faint|p1a: Aerodactyl
|move|p1b: Sylveon|Hyper Voice|p2a: Aerodactyl|[spread] p2a,p2b
|-damage|p2a: Aerodactyl|0 fnt
|-damage|p2b: Sylveon|37/100
|faint|p2a: Aerodactyl
|move|p2b: Sylveon|Hyper Voice|p1b: Sylveon
|-damage|p1b: Sylveon|21/100
|
|upkeep
|
|t:|1783868563
|switch|p2a: Metagross|Metagross, L50, shiny|100/100
|switch|p1a: Farigiraf|Farigiraf, L50, F|100/100
|turn|4
|
|t:|1783868578
|detailschange|p2a: Metagross|Metagross-Mega, L50, shiny
|-mega|p2a: Metagross|Metagross|Metagrossite
|move|p2a: Metagross|Body Press|p1a: Farigiraf
|-damage|p1a: Farigiraf|72/100
|move|p1b: Sylveon|Hyper Voice|p2b: Sylveon|[spread] p2a,p2b
|-resisted|p2a: Metagross|1
|-damage|p2a: Metagross|75/100
|-damage|p2b: Sylveon|1/100
|move|p2b: Sylveon|Hyper Beam|p1a: Farigiraf
|-damage|p1a: Farigiraf|0 fnt
|-mustrecharge|p2b: Sylveon
|faint|p1a: Farigiraf
|
|-sideend|p2: cazabichos cr7|move: Tailwind
|-sideend|p1: new mental|move: Tailwind
|upkeep
|
|t:|1783868586
|switch|p1a: Charizard|Charizard, L50, F|100/100
|turn|5
|
|t:|1783868596
|detailschange|p1a: Charizard|Charizard-Mega-Y, L50, F
|-mega|p1a: Charizard|Charizard|Charizardite Y
|-weather|SunnyDay|[from] ability: Drought|[of] p1a: Charizard
|move|p2a: Metagross|Protect|p2a: Metagross
|-singleturn|p2a: Metagross|Protect
|move|p1b: Sylveon|Detect|p1b: Sylveon
|-singleturn|p1b: Sylveon|Protect
|move|p1a: Charizard|Heat Wave|p2a: Metagross|[spread] p2b
|-activate|p2a: Metagross|move: Protect
|-damage|p2b: Sylveon|0 fnt
|faint|p2b: Sylveon
|
|-weather|SunnyDay|[upkeep]
|upkeep
|
|t:|1783868611
|switch|p2b: Garchomp|Garchomp, L50, F|100/100
|turn|6
|
|t:|1783868629
|move|p1b: Sylveon|Detect||[still]
|-fail|p1b: Sylveon
|move|p2a: Metagross|Bullet Punch|p1b: Sylveon
|-supereffective|p1b: Sylveon|1
|-damage|p1b: Sylveon|0 fnt
|faint|p1b: Sylveon
|move|p2b: Garchomp|Rock Slide|p1a: Charizard
|-supereffective|p1a: Charizard|2
|-damage|p1a: Charizard|0 fnt
|faint|p1a: Charizard
|-damage|p2b: Garchomp|90/100|[from] item: Life Orb
|
|win|cazabichos cr7
||cazabichos cr7 is ready for game 2.
|inactive|new mental has 30 seconds to confirm battle start!
||new mental is ready for game 2.
|uhtml|next|Next: Game 2 of 3
|l|☆cazabichos cr7
|player|p2|
