|j|☆NathanaelW19
|j|‽wolfey = goated
|html|NathanaelW19wolfey = goated    
|uhtml|bestof|Game 2 of a best-of-3
|t:|1783863418
|gametype|doubles
|player|p1|NathanaelW19|169|1127
|player|p2|wolfey = goated|101|1032
|gen|9
|tier|[Gen 9 Champions] VGC 2026 Reg M-B (Bo3)
|rated|
|rule|Species Clause: Limit one of each Pokémon
|rule|Item Clause: Limit 1 of each item
|clearpoke
|poke|p1|Gengar, L50, M, shiny|
|poke|p1|Kangaskhan, L50, F|
|poke|p1|Gholdengo, L50|
|poke|p1|Incineroar, L50, F, shiny|
|poke|p1|Politoed, L50, F, shiny|
|poke|p1|Aerodactyl, L50, M|
|poke|p2|Swampert, L50, F|
|poke|p2|Metagross, L50|
|poke|p2|Sinistcha, L50|
|poke|p2|Archaludon, L50, M|
|poke|p2|Pelipper, L50, M|
|poke|p2|Grimmsnarl, L50, M|
|teampreview|4
|showteam|p1|Gengar||Gengarite|CursedBody|SludgeBomb,ShadowBall,PerishSong,Protect|Modest||M|||50|]Kangaskhan||Kangaskhanite|Scrappy|FakeOut,DoubleEdge,BrickBreak,Protect|Jolly||F|||50|]Gholdengo||LifeOrb|GoodasGold|MakeItRain,PowerGem,ShadowBall,Protect|Modest|||||50|]Incineroar||SitrusBerry|Intimidate|FakeOut,DarkestLariat,PartingShot,Protect|Relaxed||F|||50|]Politoed||Leftovers|Drizzle|WeatherBall,Encore,PerishSong,Protect|Calm||F|||50|]Aerodactyl||FocusSash|Unnerve|Tailwind,RockSlide,DualWingbeat,Protect|Jolly||M|||50|
|showteam|p2|Swampert||Swampertite|Torrent|WaveCrash,Earthquake,Protect,IcePunch|Adamant||F|||50|]Metagross||Metagrossite|ClearBody|IronHead,BodyPress,PsychicFangs,Protect|Jolly|||||50|]Sinistcha||CobaBerry|Hospitality|MatchaGotcha,RagePowder,TrickRoom,Protect|Bold|||||50|]Archaludon||Leftovers|Stamina|ElectroShot,DragonPulse,FlashCannon,Protect|Modest||M|||50|]Pelipper||SitrusBerry|Drizzle|Hurricane,WeatherBall,WideGuard,Tailwind|Serious||M|||50|]Grimmsnarl||LightClay|Prankster|LightScreen,Reflect,FoulPlay,PartingShot|Serious||M|||50|
|inactive|Battle timer is ON: inactive players will automatically lose when time's up. (requested by NathanaelW19)
|inactive|wolfey = goated also wants the timer to be on.
|
|t:|1783863445
|teamsize|p1|4
|teamsize|p2|4
|start
|switch|p1a: Kangaskhan|Kangaskhan, L50, F|100/100
|switch|p1b: Aerodactyl|Aerodactyl, L50, M|100/100
|switch|p2a: Swampert|Swampert, L50, F|100/100
|switch|p2b: Pelipper|Pelipper, L50, M|100/100
|-ability|p1b: Aerodactyl|Unnerve
|-weather|RainDance|[from] ability: Drizzle|[of] p2b: Pelipper
|turn|1
|
|t:|1783863469
|detailschange|p1a: Kangaskhan|Kangaskhan-Mega, L50, F
|-mega|p1a: Kangaskhan|Kangaskhan|Kangaskhanite
|detailschange|p2a: Swampert|Swampert-Mega, L50, F
|-mega|p2a: Swampert|Swampert|Swampertite
|move|p1a: Kangaskhan|Fake Out|p2b: Pelipper
|-damage|p2b: Pelipper|77/100
|-damage|p2b: Pelipper|72/100
|-hitcount|p2b: Pelipper|2
|move|p2a: Swampert|Wave Crash|p1a: Kangaskhan
|-damage|p1a: Kangaskhan|0 fnt
|faint|p1a: Kangaskhan
|-damage|p2a: Swampert|67/100|[from] Recoil
|move|p1b: Aerodactyl|Rock Slide|p2a: Swampert|[spread] p2a,p2b
|-resisted|p2a: Swampert|1
|-supereffective|p2b: Pelipper|1
|-crit|p2b: Pelipper
|-damage|p2a: Swampert|56/100
|-damage|p2b: Pelipper|0 fnt
|faint|p2b: Pelipper
|
|-weather|RainDance|[upkeep]
|upkeep
|inactive|NathanaelW19 has 30 seconds left.
|
|t:|1783863498
|switch|p1a: Politoed|Politoed, L50, F, shiny|100/100
|switch|p2b: Sinistcha|Sinistcha, L50|100/100
|-heal|p2a: Swampert|81/100|[from] ability: Hospitality|[of] p2b: Sinistcha
|turn|2
|
|t:|1783863516
|move|p2b: Sinistcha|Protect|p2b: Sinistcha
|-singleturn|p2b: Sinistcha|Protect
|move|p2a: Swampert|Ice Punch|p1b: Aerodactyl
|-supereffective|p1b: Aerodactyl|1
|-enditem|p1b: Aerodactyl|Focus Sash
|-damage|p1b: Aerodactyl|1/100
|move|p1b: Aerodactyl|Rock Slide|p2b: Sinistcha|[spread] p2a
|-activate|p2b: Sinistcha|move: Protect
|-resisted|p2a: Swampert|1
|-damage|p2a: Swampert|72/100
|move|p1a: Politoed|Weather Ball|p2a: Swampert
|-damage|p2a: Swampert|31/100
|
|-weather|RainDance|[upkeep]
|upkeep
|turn|3
|inactive|wolfey = goated has 30 seconds left.
|inactive|wolfey = goated has 20 seconds left.
|inactive|wolfey = goated has 15 seconds left.
|
|t:|1783863558
|switch|p2a: Archaludon|Archaludon, L50, M|100/100
|move|p1b: Aerodactyl|Tailwind|p1b: Aerodactyl
|-sidestart|p1: NathanaelW19|move: Tailwind
|move|p1a: Politoed|Encore|p2b: Sinistcha
|-start|p2b: Sinistcha|Encore
|move|p2b: Sinistcha|Protect||[still]
|-fail|p2b: Sinistcha
|
|-weather|RainDance|[upkeep]
|upkeep
|turn|4
|
|t:|1783863582
|switch|p2b: Swampert|Swampert-Mega, L50, F|31/100
|move|p1b: Aerodactyl|Dual Wingbeat|p2b: Swampert
|-crit|p2b: Swampert
|-damage|p2b: Swampert|7/100
|-damage|p2b: Swampert|0 fnt
|faint|p2b: Swampert
|-hitcount|p2: Swampert|2
|move|p1a: Politoed|Perish Song|p1a: Politoed
|-start|p1a: Politoed|perish3|[silent]
|-start|p1b: Aerodactyl|perish3|[silent]
|-start|p2a: Archaludon|perish3|[silent]
|-fieldactivate|move: Perish Song
|move|p2a: Archaludon|Electro Shot||[still]
|-prepare|p2a: Archaludon|Electro Shot
|-boost|p2a: Archaludon|spa|1
|-anim|p2a: Archaludon|Electro Shot|p1a: Politoed
|-supereffective|p1a: Politoed|1
|-damage|p1a: Politoed|8/100
|
|-weather|RainDance|[upkeep]
|-heal|p1a: Politoed|14/100|[from] item: Leftovers
|-start|p1b: Aerodactyl|perish3
|-start|p1a: Politoed|perish3
|-start|p2a: Archaludon|perish3
|upkeep
|
|t:|1783863601
|switch|p2b: Sinistcha|Sinistcha, L50|100/100
|turn|5
|
|t:|1783863610
|move|p1b: Aerodactyl|Rock Slide|p2a: Archaludon|[spread] p2a,p2b
|-resisted|p2a: Archaludon|1
|-damage|p2a: Archaludon|90/100
|-damage|p2b: Sinistcha|81/100
|-ability|p2a: Archaludon|Stamina|boost
|-boost|p2a: Archaludon|def|1
|move|p1a: Politoed|Perish Song|p1a: Politoed
|-start|p2b: Sinistcha|perish3|[silent]
|-fieldactivate|move: Perish Song
|cant|p2a: Archaludon|flinch
|cant|p2b: Sinistcha|flinch
|
|-weather|none
|-heal|p1a: Politoed|20/100y|[from] item: Leftovers
|-heal|p2a: Archaludon|96/100|[from] item: Leftovers
|-start|p1b: Aerodactyl|perish2
|-start|p1a: Politoed|perish2
|-start|p2a: Archaludon|perish2
|-start|p2b: Sinistcha|perish3
|upkeep
|turn|6
|-message|wolfey = goated forfeited.
|
|win|NathanaelW19
|l|‽wolfey = goated
|player|p2|
||wolfey = goated is ready for game 3.
