|j|☆aro2001
|j|☆Hitorux90
|html|aro2001Hitorux90    
|uhtml|bestof|Game 2 of a best-of-3
|t:|1756238078
|gametype|doubles
|player|p1|aro2001|170|
|player|p2|Hitorux90|volkner|
|gen|9
|tier|[Gen 9] VGC 2025 Reg H (Bo3)
|rule|Species Clause: Limit one of each Pokémon
|rule|Item Clause: Limit 1 of each item
|clearpoke
|poke|p1|Whimsicott, L50, M|
|poke|p1|Annihilape, L50, M|
|poke|p1|Indeedee, L50, M|
|poke|p1|Arcanine-Hisui, L50, F|
|poke|p1|Typhlosion-Hisui, L50, M|
|poke|p1|Jolteon, L50, F|
|poke|p2|Primarina, L50, M|
|poke|p2|Rillaboom, L50, F|
|poke|p2|Slaking, L50, F|
|poke|p2|Hydreigon, L50, F|
|poke|p2|Corviknight, L50, F|
|poke|p2|Weezing-Galar, L50, M|
|teampreview|4
|showteam|p1|Whimsicott||FocusSash|Prankster|Tailwind,Moonblast,HelpingHand,BeatUp|||M|||50|,,,,,Ghost]Annihilape||WeaknessPolicy|Defiant|DrainPunch,RageFist,BulkUp,Protect|||M|||50|,,,,,Ghost]Indeedee||TwistedSpoon|PsychicSurge|ExpandingForce,DazzlingGleam,TrickRoom,Protect|||M|||50|,,,,,Psychic]Arcanine-Hisui||ChoiceBand|Intimidate|FlareBlitz,ExtremeSpeed,CloseCombat,RockSlide|||F|||50|,,,,,Fairy]Typhlosion-Hisui||Charcoal|Blaze|Eruption,ShadowBall,Flamethrower,Protect|||M|||50|,,,,,Fire]Jolteon||LifeOrb|VoltAbsorb|Thunderbolt,AlluringVoice,Detect,FakeTears|||F|||50|,,,,,Electric
|showteam|p2|Primarina||ThroatSpray|LiquidVoice|HyperVoice,Haze,Moonblast,Protect|||M|||50|,,,,,Poison]Rillaboom||AssaultVest|GrassySurge|GrassyGlide,FakeOut,Uturn,WoodHammer|||F|||50|,,,,,Fire]Slaking||LifeOrb|Truant|HighHorsepower,KnockOff,DoubleEdge,Protect|||F|||50|,,,,,Ghost]Hydreigon||ChoiceScarf|Levitate|DracoMeteor,DarkPulse,FlashCannon,EarthPower|||F|||50|,,,,,Fire]Corviknight||RockyHelmet|MirrorArmor|BraveBird,Roost,Tailwind,BodyPress|||F|||50|,,,,,Fighting]Weezing-Galar||SitrusBerry|NeutralizingGas|SludgeBomb,WillOWisp,Protect,Toxic|||M|||50|,,,,,Water
|c|☆aro2001|suertee
|
|t:|1756238151
|teamsize|p1|4
|teamsize|p2|4
|start
|switch|p1a: UwU|Whimsicott, L50, M|100/100
|switch|p1b: Annihilape|Annihilape, L50, M|100/100
|switch|p2a: tio manolo|Slaking, L50, F|100/100
|switch|p2b: Indio|Weezing-Galar, L50, M|100/100
|-ability|p2b: Indio|Neutralizing Gas
|turn|1
|c|☆Hitorux90|suerte
|
|t:|1756238216
|switch|p1b: Arcanine|Arcanine-Hisui, L50, F|100/100
|move|p1a: UwU|Tailwind|p1a: UwU
|-sidestart|p1: aro2001|move: Tailwind
|move|p2a: tio manolo|Knock Off|p1a: UwU
|-resisted|p1a: UwU
|-damage|p1a: UwU|60/100
|-enditem|p1a: UwU|Focus Sash|[from] move: Knock Off|[of] p2a: tio manolo
|-damage|p2a: tio manolo|91/100|[from] item: Life Orb
|move|p2b: Indio|Sludge Bomb|p1a: UwU
|-supereffective|p1a: UwU
|-damage|p1a: UwU|0 fnt
|faint|p1a: UwU
|
|upkeep
|
|t:|1756238229
|switch|p1a: Annihilape|Annihilape, L50, M|100/100
|turn|2
|j| Codito
|
|t:|1756238257
|-terastallize|p1b: Arcanine|Fairy
|-terastallize|p2a: tio manolo|Ghost
|move|p1b: Arcanine|Rock Slide|p2b: Indio|[spread] p2a,p2b
|-damage|p2a: tio manolo|56/100
|-damage|p2b: Indio|62/100
|move|p1a: Annihilape|Bulk Up|p1a: Annihilape
|-boost|p1a: Annihilape|atk|1
|-boost|p1a: Annihilape|def|1
|move|p2a: tio manolo|High Horsepower|p1b: Arcanine|[miss]
|-miss|p2a: tio manolo|p1b: Arcanine
|cant|p2b: Indio|flinch
|
|upkeep
|turn|3
|c|☆Hitorux90|bro
|
|t:|1756238298
|move|p1b: Arcanine|Rock Slide|p2a: tio manolo|[spread] p2a,p2b
|-damage|p2a: tio manolo|21/100
|-damage|p2b: Indio|24/100
|-enditem|p2b: Indio|Sitrus Berry|[eat]
|-heal|p2b: Indio|49/100|[from] item: Sitrus Berry
|move|p1a: Annihilape|Rage Fist|p2a: tio manolo
|-supereffective|p2a: tio manolo
|-damage|p2a: tio manolo|0 fnt
|faint|p2a: tio manolo
|cant|p2b: Indio|flinch
|
|upkeep
|
|t:|1756238312
|switch|p2a: huevo derecho|Hydreigon, L50, F|100/100
|turn|4
|c|☆aro2001|bruh
|
|t:|1756238320
|move|p2b: Indio|Protect|p2b: Indio
|-singleturn|p2b: Indio|Protect
|move|p1b: Arcanine|Rock Slide|p2a: huevo derecho|[spread] p2a
|-activate|p2b: Indio|move: Protect
|-damage|p2a: huevo derecho|52/100
|move|p1a: Annihilape|Drain Punch|p2a: huevo derecho
|-supereffective|p2a: huevo derecho
|-damage|p2a: huevo derecho|0 fnt
|faint|p2a: huevo derecho
|
|-sideend|p1: aro2001|move: Tailwind
|upkeep
|
|t:|1756238330
|switch|p2a: Ukelele|Rillaboom, L50, F|100/100
|turn|5
|
|t:|1756238345
|move|p1b: Arcanine|Rock Slide|p2b: Indio|[spread] p2a,p2b
|-damage|p2a: Ukelele|59/100
|-damage|p2b: Indio|16/100
|move|p1a: Annihilape|Drain Punch|p2a: Ukelele
|-damage|p2a: Ukelele|5/100
|move|p2a: Ukelele|Grassy Glide|p1a: Annihilape
|-damage|p1a: Annihilape|84/100
|move|p2b: Indio|Sludge Bomb|p1b: Arcanine
|-supereffective|p1b: Arcanine
|-damage|p1b: Arcanine|34/100
|
|upkeep
|turn|6
|c|☆Hitorux90|gg
|c| Codito|gg
|
|t:|1756238362
|move|p1b: Arcanine|Rock Slide|p2a: Ukelele|[spread] p2a,p2b
|-damage|p2a: Ukelele|0 fnt
|-damage|p2b: Indio|0 fnt
|faint|p2a: Ukelele
|faint|p2b: Indio
|-end|p2b: Indio|ability: Neutralizing Gas
|
|win|aro2001
