|j|☆spaceworld2000
|j|☆elegyinternational
|html|spaceworld2000elegyinternational    
|uhtml|bestof|Game 1 of a best-of-3
|t:|1756876498
|gametype|doubles
|player|p1|spaceworld2000|n|1014
|player|p2|elegyinternational|pokemonbreederf|1066
|gen|9
|tier|[Gen 9] VGC 2025 Reg H (Bo3)
|rated|
|rule|Species Clause: Limit one of each Pokémon
|rule|Item Clause: Limit 1 of each item
|clearpoke
|poke|p1|Dragonite, L50, F|
|poke|p1|Volcarona, L50, M|
|poke|p1|Sylveon, L50, M|
|poke|p1|Rillaboom, L50, F|
|poke|p1|Sneasler, L50, M|
|poke|p1|Kingambit, L50, M|
|poke|p2|Ursaluna-Bloodmoon, L50, M|
|poke|p2|Gholdengo, L50|
|poke|p2|Incineroar, L50, F|
|poke|p2|Dragonite, L50, M|
|poke|p2|Sneasler, L50, F|
|poke|p2|Amoonguss, L50, F|
|teampreview|4
|showteam|p1|Dragonite||WeaknessPolicy|Multiscale|ExtremeSpeed,Tailwind,DragonClaw,StompingTantrum|||F|||50|,,,,,Normal]Volcarona||CovertCloak|FlameBody|StruggleBug,FieryDance,RagePowder,WillOWisp|||M|||50|,,,,,Grass]Sylveon||ThroatSpray|Pixilate|HyperVoice,HelpingHand,TeraBlast,QuickAttack|||M|||50|,,,,,Fire]Rillaboom||AssaultVest|GrassySurge|FakeOut,Uturn,GrassyGlide,WoodHammer|||F|||50|,,,,,Grass]Sneasler||GrassySeed|Unburden|CloseCombat,Coaching,DireClaw,FakeOut|||M|||50|,,,,,Flying]Kingambit||BlackGlasses|Defiant|KowtowCleave,SwordsDance,SuckerPunch,Protect|||M|||50|,,,,,Dark
|showteam|p2|Ursaluna-Bloodmoon||LifeOrb|MindsEye|HyperVoice,BloodMoon,EarthPower,Protect|||M|||50|,,,,,Dragon]Gholdengo||MetalCoat|GoodasGold|MakeItRain,ShadowBall,NastyPlot,Protect||||||50|,,,,,Water]Incineroar||AssaultVest|Intimidate|FakeOut,FlareBlitz,KnockOff,Uturn|||F|||50|,,,,,Grass]Dragonite||LoadedDice|Multiscale|ScaleShot,Tailwind,Haze,Protect|||M|||50|,,,,,Fairy]Sneasler||FocusSash|PoisonTouch|DireClaw,CloseCombat,FakeOut,Protect|||F|||50|,,,,,Stellar]Amoonguss||SitrusBerry|Regenerator|Spore,RagePowder,PollenPuff,Protect|||F|||50|,,,,,Water
|inactive|Battle timer is ON: inactive players will automatically lose when time's up. (requested by spaceworld2000)
|inactive|spaceworld2000 has 60 seconds left.
|inactive|elegyinternational has 60 seconds left.
|
|t:|1756876546
|teamsize|p1|4
|teamsize|p2|4
|start
|switch|p1a: Volcarona|Volcarona, L50, M|100/100
|switch|p1b: Kingambit|Kingambit, L50, M, shiny|100/100
|switch|p2a: Lancelot|Incineroar, L50, F, shiny|100/100
|switch|p2b: Joshua|Dragonite, L50, M|100/100
|-ability|p2a: Lancelot|Intimidate|boost
|-unboost|p1a: Volcarona|atk|1
|-unboost|p1b: Kingambit|atk|1
|-ability|p1b: Kingambit|Defiant|boost
|-boost|p1b: Kingambit|atk|2
|turn|1
|
|t:|1756876568
|move|p1b: Kingambit|Protect|p1b: Kingambit
|-singleturn|p1b: Kingambit|Protect
|move|p2a: Lancelot|Fake Out|p1b: Kingambit
|-activate|p1b: Kingambit|move: Protect
|move|p1a: Volcarona|Will-O-Wisp|p2b: Joshua
|-status|p2b: Joshua|brn
|move|p2b: Joshua|Scale Shot|p1a: Volcarona
|-damage|p1a: Volcarona|89/100
|-damage|p1a: Volcarona|79/100
|-damage|p1a: Volcarona|69/100
|-crit|p1a: Volcarona
|-damage|p1a: Volcarona|52/100
|-hitcount|p1a: Volcarona|4
|-unboost|p2b: Joshua|def|1
|-boost|p2b: Joshua|spe|1
|
|-damage|p2b: Joshua|95/100 brn|[from] brn
|upkeep
|turn|2
|
|t:|1756876590
|move|p1a: Volcarona|Rage Powder|p1a: Volcarona
|-singleturn|p1a: Volcarona|move: Rage Powder
|move|p2b: Joshua|Haze|p2b: Joshua
|-clearallboost
|move|p2a: Lancelot|Flare Blitz|p1a: Volcarona
|-damage|p1a: Volcarona|0 fnt
|faint|p1a: Volcarona
|-damage|p2a: Lancelot|85/100|[from] Recoil
|move|p1b: Kingambit|Swords Dance|p1b: Kingambit
|-boost|p1b: Kingambit|atk|2
|
|-damage|p2b: Joshua|89/100 brn|[from] brn
|upkeep
|
|t:|1756876610
|switch|p1a: Sylveon|Sylveon, L50, M, shiny|100/100
|turn|3
|
|t:|1756876629
|move|p1b: Kingambit|Sucker Punch|p2a: Lancelot
|-resisted|p2a: Lancelot
|-damage|p2a: Lancelot|42/100
|move|p2b: Joshua|Haze|p2b: Joshua
|-clearallboost
|move|p2a: Lancelot|Knock Off|p1a: Sylveon
|-resisted|p1a: Sylveon
|-damage|p1a: Sylveon|72/100
|-enditem|p1a: Sylveon|Throat Spray|[from] move: Knock Off|[of] p2a: Lancelot
|move|p1a: Sylveon|Hyper Voice|p2a: Lancelot|[spread] p2a,p2b
|-supereffective|p2b: Joshua
|-damage|p2a: Lancelot|17/100
|-damage|p2b: Joshua|1/100 brn
|
|-damage|p2b: Joshua|0 fnt|[from] brn
|faint|p2b: Joshua
|upkeep
|
|t:|1756876638
|switch|p2b: Hehe|Sneasler, L50, F|100/100
|turn|4
|
|t:|1756876652
|switch|p1a: Sneasler|Sneasler, L50, M|100/100
|-terastallize|p2b: Hehe|Stellar
|move|p1b: Kingambit|Protect|p1b: Kingambit
|-singleturn|p1b: Kingambit|Protect
|move|p2b: Hehe|Dire Claw|p1a: Sneasler
|-resisted|p1a: Sneasler
|-damage|p1a: Sneasler|50/100
|move|p2a: Lancelot|U-turn|p1a: Sneasler
|-resisted|p1a: Sneasler
|-damage|p1a: Sneasler|42/100
|
|t:|1756876661
|switch|p2a: Ursaluna|Ursaluna-Bloodmoon, L50, M|100/100|[from] U-turn
|
|upkeep
|turn|5
|inactive|spaceworld2000 has 30 seconds left.
|
|t:|1756876691
|-terastallize|p1b: Kingambit|Dark
|move|p2b: Hehe|Close Combat|p1b: Kingambit
|-supereffective|p1b: Kingambit
|-damage|p1b: Kingambit|0 fnt
|-unboost|p2b: Hehe|def|1
|-unboost|p2b: Hehe|spd|1
|faint|p1b: Kingambit
|move|p1a: Sneasler|Dire Claw|p2b: Hehe
|-resisted|p2b: Hehe
|-damage|p2b: Hehe|54/100
|move|p2a: Ursaluna|Hyper Voice|p1a: Sneasler
|-damage|p1a: Sneasler|0 fnt
|faint|p1a: Sneasler
|-damage|p2a: Ursaluna|91/100|[from] item: Life Orb
|
|upkeep
|
|t:|1756876703
|switch|p1b: Sylveon|Sylveon, L50, M, shiny|72/100
|turn|6
|
|t:|1756876712
|move|p2a: Ursaluna|Protect|p2a: Ursaluna
|-singleturn|p2a: Ursaluna|Protect
|move|p2b: Hehe|Dire Claw|p1b: Sylveon
|-supereffective|p1b: Sylveon
|-damage|p1b: Sylveon|0 fnt
|faint|p1b: Sylveon
|
|win|elegyinternational
||elegyinternational is ready for game 2.
||spaceworld2000 is ready for game 2.
|uhtml|next|Next: Game 2 of 3
|l|☆spaceworld2000
|player|p1|
