|j|ÔÿåSirFishWasTaken
|j|ÔÿåHariyamamomma
|html|SirFishWasTakenHariyamamomma    
|uhtml|bestof|Game 2 of a best-of-3
|t:|1784404019
|gametype|doubles
|player|p1|SirFishWasTaken|psychic|
|player|p2|Hariyamamomma|burgh|
|gen|9
|tier|[Gen 9 Champions] VGC 2026 Reg M-B (Bo3)
|rule|Species Clause: Limit one of each Pok├®mon
|rule|Item Clause: Limit 1 of each item
|clearpoke
|poke|p1|Houndstone, L50, M|
|poke|p1|Corviknight, L50, F|
|poke|p1|Dragonite, L50, F|
|poke|p1|Tyranitar, L50, M|
|poke|p1|Excadrill, L50, M|
|poke|p1|Meowstic, L50, M|
|poke|p2|Gholdengo, L50|
|poke|p2|Whimsicott, L50, F, shiny|
|poke|p2|Kingambit, L50, M|
|poke|p2|Blaziken, L50, M|
|poke|p2|Blastoise, L50, M, shiny|
|poke|p2|Kangaskhan, L50, F|
|teampreview|4
|showteam|p1|Houndstone||SitrusBerry|SandRush|LastRespects,BodyPress,Protect,PsychicFangs|Adamant||M|||50|]Corviknight||Leftovers|MirrorArmor|BraveBird,Roost,Tailwind,BulkUp|Impish||F|||50|]Dragonite||Dragoninite|Multiscale|DragonPulse,Flamethrower,Protect,Thunderbolt|Modest||F|||50|]Tyranitar||Tyranitarite|SandStream|KnockOff,Protect,RockSlide,DragonDance|Adamant||M|||50|]Excadrill||FocusSash|SandRush|IronHead,Protect,XScissor,HighHorsepower|Adamant||M|||50|]Meowstic||LightClay|Prankster|LightScreen,Protect,Imprison,Reflect|Calm||M|||50|
|showteam|p2|Gholdengo||LifeOrb|GoodasGold|MakeItRain,ShadowBall,NastyPlot,Protect|Timid|||||50|]Whimsicott||FocusSash|Prankster|Moonblast,Tailwind,Encore,Protect|Timid||F|||50|]Kingambit||BlackGlasses|Defiant|SuckerPunch,KowtowCleave,SwordsDance,Protect|Adamant||M|||50|]Blaziken||Blazikenite|SpeedBoost|CloseCombat,FlareBlitz,RockSlide,Protect|Adamant||M|||50|]Blastoise||Blastoisinite|Torrent|FakeOut,WaterSpout,AuraSphere,DarkPulse|Modest||M|||50|]Kangaskhan||SitrusBerry|Scrappy|FakeOut,HelpingHand,LowKick,ThunderPunch|Impish||F|||50|
|j| frostwandered
|
|t:|1784404069
|teamsize|p1|4
|teamsize|p2|4
|start
|switch|p1a: The Queen|Dragonite, L50, F|100/100
|switch|p1b: The Knight|Corviknight, L50, F|100/100
|switch|p2a: Byron Scott|Whimsicott, L50, F, shiny|100/100
|switch|p2b: Toi Jerome|Blastoise, L50, M, shiny|100/100
|turn|1
|j| pokseanz
|j| MilkshookÔÖí
|c| MilkshookÔÖí|the queen
|
|t:|1784404111
|move|p2b: Toi Jerome|Fake Out|p1a: The Queen
|-damage|p1a: The Queen|96/100
|move|p2a: Byron Scott|Tailwind|p2a: Byron Scott
|-sidestart|p2: Hariyamamomma|move: Tailwind
|cant|p1a: The Queen|flinch
|move|p1b: The Knight|Brave Bird|p2a: Byron Scott
|-supereffective|p2a: Byron Scott|1
|-enditem|p2a: Byron Scott|Focus Sash
|-damage|p2a: Byron Scott|1/100
|-damage|p1b: The Knight|78/100|[from] Recoil
|
|-heal|p1b: The Knight|83/100|[from] item: Leftovers
|upkeep
|turn|2
|
|t:|1784404130
|switch|p1b: YouKilledMyFriends|Houndstone, L50, M|100/100
|detailschange|p2b: Toi Jerome|Blastoise-Mega, L50, M, shiny
|-mega|p2b: Toi Jerome|Blastoise|Blastoisinite
|move|p2a: Byron Scott|Moonblast|p1a: The Queen
|-supereffective|p1a: The Queen|1
|-damage|p1a: The Queen|31/100
|move|p2b: Toi Jerome|Water Spout|p1a: The Queen|[spread] p1a,p1b
|-resisted|p1a: The Queen|1
|-damage|p1a: The Queen|1/100
|-damage|p1b: YouKilledMyFriends|28/100
|-enditem|p1b: YouKilledMyFriends|Sitrus Berry|[eat]
|-heal|p1b: YouKilledMyFriends|53/100|[from] item: Sitrus Berry
|move|p1a: The Queen|Flamethrower|p2a: Byron Scott
|-supereffective|p2a: Byron Scott|1
|-damage|p2a: Byron Scott|0 fnt
|faint|p2a: Byron Scott
|
|upkeep
|
|t:|1784404147
|switch|p2a: Kenny Smith|Blaziken, L50, M|100/100
|turn|3
|c| MilkshookÔÖí|thats the queen
|
|t:|1784404164
|move|p2a: Kenny Smith|Protect|p2a: Kenny Smith
|-singleturn|p2a: Kenny Smith|Protect
|move|p1a: The Queen|Protect|p1a: The Queen
|-singleturn|p1a: The Queen|Protect
|move|p2b: Toi Jerome|Water Spout|p1a: The Queen|[spread] p1b
|-activate|p1a: The Queen|move: Protect
|-damage|p1b: YouKilledMyFriends|0 fnt
|faint|p1b: YouKilledMyFriends
|
|-ability|p2a: Kenny Smith|Speed Boost|boost
|-boost|p2a: Kenny Smith|spe|1
|upkeep
|
|t:|1784404184
|switch|p1b: The King|Tyranitar, L50, M|100/100
|-weather|Sandstorm|[from] ability: Sand Stream|[of] p1b: The King
|turn|4
|c| MilkshookÔÖí|i hate the 72 into 53 roll
|c| pokseanz|ranges man...
|
|t:|1784404229
|move|p1b: The King|Protect|p1b: The King
|-singleturn|p1b: The King|Protect
|move|p1a: The Queen|Protect||[still]
|-fail|p1a: The Queen
|move|p2a: Kenny Smith|Close Combat|p1a: The Queen
|-resisted|p1a: The Queen|1
|-damage|p1a: The Queen|0 fnt
|-unboost|p2a: Kenny Smith|def|1
|-unboost|p2a: Kenny Smith|spd|1
|faint|p1a: The Queen
|move|p2b: Toi Jerome|Aura Sphere|p1b: The King
|-activate|p1b: The King|move: Protect
|
|-weather|Sandstorm|[upkeep]
|-damage|p2a: Kenny Smith|94/100|[from] Sandstorm
|-damage|p2b: Toi Jerome|93/100|[from] Sandstorm
|-sideend|p2: Hariyamamomma|move: Tailwind
|-ability|p2a: Kenny Smith|Speed Boost|boost
|-boost|p2a: Kenny Smith|spe|1
|upkeep
|
|t:|1784404238
|switch|p1a: The Knight|Corviknight, L50, F|83/100
|turn|5
|
|t:|1784404258
|detailschange|p1b: The King|Tyranitar-Mega, L50, M
|-mega|p1b: The King|Tyranitar|Tyranitarite
|move|p2a: Kenny Smith|Close Combat|p1b: The King
|-supereffective|p1b: The King|2
|-damage|p1b: The King|0 fnt
|-unboost|p2a: Kenny Smith|def|1
|-unboost|p2a: Kenny Smith|spd|1
|faint|p1b: The King
|move|p2b: Toi Jerome|Water Spout|p1a: The Knight
|-damage|p1a: The Knight|0 fnt
|faint|p1a: The Knight
|
|win|Hariyamamomma
|c|ÔÿåHariyamamomma|gg!
|c|ÔÿåSirFishWasTaken|gg
|l|ÔÿåSirFishWasTaken
|player|p1|
