|j|☆floettefan670
|j|☆Snorlax26
|html|floettefan670Snorlax26    
|uhtml|bestof|Game 2 of a best-of-3
|t:|1783869886
|gametype|doubles
|player|p1|floettefan670|miku-psychic|1109
|player|p2|Snorlax26|guzma|1118
|gen|9
|tier|[Gen 9 Champions] VGC 2026 Reg M-B (Bo3)
|rated|
|rule|Species Clause: Limit one of each Pokémon
|rule|Item Clause: Limit 1 of each item
|clearpoke
|poke|p1|Floette-Eternal, L50, F|
|poke|p1|Delphox, L50, F|
|poke|p1|Garchomp, L50, F|
|poke|p1|Sneasler, L50, F|
|poke|p1|Sinistcha, L50|
|poke|p1|Incineroar, L50, M|
|poke|p2|Scrafty, L50, F, shiny|
|poke|p2|Sylveon, L50, M|
|poke|p2|Corviknight, L50, M|
|poke|p2|Dragalge, L50, F|
|poke|p2|Sinistcha-Masterpiece, L50|
|poke|p2|Runerigus, L50, M|
|teampreview|4
|showteam|p1|Floette-Eternal||Floettite|FlowerVeil|Protect,CalmMind,DazzlingGleam,DrainingKiss|Modest||F|||50|]Delphox||Delphoxite|Blaze|HeatWave,Psychic,NastyPlot,Protect|Timid||F|||50|]Garchomp||ChoiceScarf|RoughSkin|RockTomb,Earthquake,StompingTantrum,DragonClaw|Adamant||F|||50|]Sneasler||FocusSash|PoisonTouch|FakeOut,PoisonJab,CloseCombat,QuickGuard|Jolly||F|||50|]Sinistcha||KasibBerry|Hospitality|MatchaGotcha,RagePowder,Protect,TrickRoom|Calm|||||50|]Incineroar||SitrusBerry|Intimidate|FakeOut,FlareBlitz,ThroatChop,PartingShot|Impish||M|||50|
|showteam|p2|Scrafty||Scraftinite|Intimidate|FakeOut,DrainPunch,KnockOff,RockSlide|Brave||F|||50|]Sylveon||FairyFeather|Pixilate|Detect,QuickAttack,HyperBeam,HyperVoice|Modest||M|||50|]Corviknight||Leftovers|MirrorArmor|BulkUp,BraveBird,BodyPress,IronHead|Brave||M|||50|]Dragalge||Dragalgite|Adaptability|DracoMeteor,Protect,SludgeBomb,DragonPulse|Modest||F|||50|]Sinistcha-Masterpiece||SitrusBerry|Hospitality|Protect,RagePowder,TrickRoom,MatchaGotcha|Calm|||||50|]Runerigus||KasibBerry|WanderingSpirit|TrickRoom,WillOWisp,Earthquake,Poltergeist|Sassy||M|||50|
|inactive|Battle timer is ON: inactive players will automatically lose when time's up. (requested by Snorlax26)
|
|t:|1783869927
|teamsize|p1|4
|teamsize|p2|4
|start
|switch|p1a: Sinistcha|Sinistcha, L50|100/100
|switch|p1b: Delphox|Delphox, L50, F|100/100
|switch|p2a: Curse of Ra|Runerigus, L50, M|100/100
|switch|p2b: Kessoku Band|Scrafty, L50, F, shiny|100/100
|-ability|p2b: Kessoku Band|Intimidate|boost
|-unboost|p1a: Sinistcha|atk|1
|-unboost|p1b: Delphox|atk|1
|turn|1
|
|t:|1783869943
|detailschange|p1b: Delphox|Delphox-Mega, L50, F
|-mega|p1b: Delphox|Delphox|Delphoxite
|move|p1b: Delphox|Protect|p1b: Delphox
|-singleturn|p1b: Delphox|Protect
|move|p2b: Kessoku Band|Fake Out|p1b: Delphox
|-activate|p1b: Delphox|move: Protect
|move|p1a: Sinistcha|Matcha Gotcha|p2b: Kessoku Band|[spread] p2a,p2b
|-supereffective|p2a: Curse of Ra|1
|-damage|p2a: Curse of Ra|58/100
|-damage|p2b: Kessoku Band|78/100
|-status|p2b: Kessoku Band|brn
|move|p2a: Curse of Ra|Poltergeist|p1b: Delphox
|-activate|p1b: Delphox|move: Protect
|
|-damage|p2b: Kessoku Band|72/100 brn|[from] brn
|upkeep
|turn|2
|inactive|Snorlax26 has 30 seconds left.
|
|t:|1783869970
|switch|p2b: SkachaCHA|Sinistcha-Masterpiece, L50|100/100
|-heal|p2a: Curse of Ra|83/100|[from] ability: Hospitality|[of] p2b: SkachaCHA
|move|p1a: Sinistcha|Rage Powder|p1a: Sinistcha
|-singleturn|p1a: Sinistcha|move: Rage Powder
|move|p1b: Delphox|Nasty Plot|p1b: Delphox
|-boost|p1b: Delphox|spa|2
|move|p2a: Curse of Ra|Trick Room|p2a: Curse of Ra
|-fieldstart|move: Trick Room|[of] p2a: Curse of Ra
|
|upkeep
|turn|3
|
|t:|1783869986
|switch|p2b: Kessoku Band|Scrafty, L50, F, shiny|72/100 brn
|-ability|p2b: Kessoku Band|Intimidate|boost
|-unboost|p1a: Sinistcha|atk|1
|-unboost|p1b: Delphox|atk|1
|move|p1a: Sinistcha|Rage Powder|p1a: Sinistcha
|-singleturn|p1a: Sinistcha|move: Rage Powder
|move|p2a: Curse of Ra|Poltergeist|p1a: Sinistcha
|-activate|p1a: Sinistcha|move: Poltergeist|Kasib Berry
|-supereffective|p1a: Sinistcha|1
|-enditem|p1a: Sinistcha|Kasib Berry|[eat]
|-enditem|p1a: Sinistcha|Kasib Berry|[weaken]
|-damage|p1a: Sinistcha|61/100
|move|p1b: Delphox|Heat Wave|p2a: Curse of Ra|[spread] p2a,p2b
|-damage|p2a: Curse of Ra|15/100
|-damage|p2b: Kessoku Band|5/100 brn
|
|-damage|p2b: Kessoku Band|0 fnt|[from] brn
|faint|p2b: Kessoku Band
|upkeep
|
|t:|1783870005
|switch|p2b: Armstrong|Dragalge, L50, F|100/100
|turn|4
|inactive|Snorlax26 has 30 seconds left.
|
|t:|1783870033
|detailschange|p2b: Armstrong|Dragalge-Mega, L50, F
|-mega|p2b: Armstrong|Dragalge|Dragalgite
|move|p1a: Sinistcha|Rage Powder|p1a: Sinistcha
|-singleturn|p1a: Sinistcha|move: Rage Powder
|move|p2a: Curse of Ra|Will-O-Wisp|p1a: Sinistcha
|-status|p1a: Sinistcha|brn
|move|p2b: Armstrong|Sludge Bomb|p1a: Sinistcha
|-damage|p1a: Sinistcha|13/100 brn
|move|p1b: Delphox|Psychic|p2b: Armstrong
|-supereffective|p2b: Armstrong|1
|-damage|p2b: Armstrong|0 fnt
|faint|p2b: Armstrong
|
|-damage|p1a: Sinistcha|7/100 brn|[from] brn
|upkeep
|
|t:|1783870049
|switch|p2b: SkachaCHA|Sinistcha-Masterpiece, L50|100/100
|-heal|p2a: Curse of Ra|40/100|[from] ability: Hospitality|[of] p2b: SkachaCHA
|turn|5
|
|t:|1783870062
|move|p2b: SkachaCHA|Protect|p2b: SkachaCHA
|-singleturn|p2b: SkachaCHA|Protect
|move|p1a: Sinistcha|Rage Powder|p1a: Sinistcha
|-singleturn|p1a: Sinistcha|move: Rage Powder
|move|p2a: Curse of Ra|Earthquake|p1b: Delphox|[spread] p1a
|-activate|p2b: SkachaCHA|move: Protect
|-immune|p1b: Delphox|[from] ability: Levitate
|-resisted|p1a: Sinistcha|1
|-damage|p1a: Sinistcha|0 fnt
|faint|p1a: Sinistcha
|move|p1b: Delphox|Heat Wave|p2a: Curse of Ra|[spread] p2a
|-activate|p2b: SkachaCHA|move: Protect
|-damage|p2a: Curse of Ra|0 fnt
|faint|p2a: Curse of Ra
|
|upkeep
|
|t:|1783870065
|switch|p1a: Incineroar|Incineroar, L50, M|100/100
|-ability|p1a: Incineroar|Intimidate|boost
|-unboost|p2b: SkachaCHA|atk|1
|turn|6
|
|t:|1783870081
|move|p1a: Incineroar|Flare Blitz|p2b: SkachaCHA
|-supereffective|p2b: SkachaCHA|1
|-damage|p2b: SkachaCHA|17/100
|-enditem|p2b: SkachaCHA|Sitrus Berry|[eat]
|-heal|p2b: SkachaCHA|42/100|[from] item: Sitrus Berry
|-damage|p1a: Incineroar|76/100|[from] Recoil
|move|p2b: SkachaCHA|Matcha Gotcha|p1a: Incineroar|[spread] p1a,p1b
|-resisted|p1a: Incineroar|1
|-resisted|p1b: Delphox|1
|-damage|p1a: Incineroar|64/100
|-heal|p2b: SkachaCHA|48/100|[from] drain|[of] p1a: Incineroar
|-damage|p1b: Delphox|89/100
|-heal|p2b: SkachaCHA|53/100|[from] drain|[of] p1b: Delphox
|move|p1b: Delphox|Psychic|p2b: SkachaCHA
|-damage|p2b: SkachaCHA|0 fnt
|faint|p2b: SkachaCHA
|
|win|floettefan670
|raw|floettefan670's rating: 1109 → 1135(+26 for winning)
|raw|Snorlax26's rating: 1118 → 1092(-26 for losing)
