|j|☆balancedungeon
|j|☆Praige
|html|balancedungeonPraige    
|uhtml|bestof|Game 1 of a best-of-3
|t:|1783368137
|gametype|doubles
|player|p1|balancedungeon|265|1076
|player|p2|Praige|ingo|1090
|gen|9
|tier|[Gen 9 Champions] VGC 2026 Reg M-B (Bo3)
|rated|
|rule|Species Clause: Limit one of each Pokémon
|rule|Item Clause: Limit 1 of each item
|clearpoke
|poke|p1|Floette-Eternal, L50, F|
|poke|p1|Blastoise, L50, M|
|poke|p1|Kingambit, L50, F|
|poke|p1|Sneasler, L50, F|
|poke|p1|Sinistcha, L50|
|poke|p1|Incineroar, L50, M|
|poke|p2|Swampert, L50, F|
|poke|p2|Incineroar, L50, F|
|poke|p2|Whimsicott, L50, F|
|poke|p2|Pelipper, L50, M|
|poke|p2|Archaludon, L50, F|
|poke|p2|Primarina, L50, F|
|teampreview|4
|showteam|p1|Floette-Eternal||Floettite|FlowerVeil|Protect,CalmMind,DazzlingGleam,DrainingKiss|Modest||F|||50|]Blastoise||Blastoisinite|Torrent|ShellSmash,WaterSpout,AuraSphere,Protect|Modest||M|||50|]Kingambit||BlackGlasses|Defiant|SuckerPunch,KowtowCleave,SwordsDance,Protect|Adamant||F|||50|]Sneasler||FocusSash|PoisonTouch|FakeOut,PoisonJab,CloseCombat,QuickGuard|Jolly||F|||50|]Sinistcha||CobaBerry|Hospitality|MatchaGotcha,RagePowder,LifeDew,TrickRoom|Calm|||||50|]Incineroar||SitrusBerry|Intimidate|FakeOut,FlareBlitz,ThroatChop,PartingShot|Bold||M|||50|
|showteam|p2|Swampert||Swampertite|Torrent|Earthquake,WaveCrash,FlipTurn,Protect|Adamant||F|||50|]Incineroar||WhiteHerb|Intimidate|FakeOut,DarkestLariat,CloseCombat,PartingShot|Careful||F|||50|]Whimsicott||FocusSash|Prankster|Tailwind,HelpingHand,Encore,Moonblast|Timid||F|||50|]Pelipper||SitrusBerry|Drizzle|Hurricane,WeatherBall,WideGuard,Protect|Timid||M|||50|]Archaludon||Leftovers|Stamina|ElectroShot,FlashCannon,DragonPulse,Protect|Modest||F|||50|]Primarina||IronBall|LiquidVoice|HyperVoice,Moonblast,WeatherBall,Protect|Quiet||F|||50|
|inactive|Battle timer is ON: inactive players will automatically lose when time's up. (requested by Praige)
|inactive|Praige has 60 seconds left.
|
|t:|1783368172
|teamsize|p1|4
|teamsize|p2|4
|start
|switch|p1a: Floette|Floette-Eternal, L50, F|100/100
|switch|p1b: Sneasler|Sneasler, L50, F|100/100
|switch|p2a: BIG SWAMPY|Swampert, L50, F|100/100
|switch|p2b: Toilet Bowl|Pelipper, L50, M|100/100
|-weather|RainDance|[from] ability: Drizzle|[of] p2b: Toilet Bowl
|turn|1
|inactive|balancedungeon has 30 seconds left.
|inactive|Praige has 30 seconds left.
|
|t:|1783368206
|detailschange|p2a: BIG SWAMPY|Swampert-Mega, L50, F
|-mega|p2a: BIG SWAMPY|Swampert|Swampertite
|move|p2a: BIG SWAMPY|Protect|p2a: BIG SWAMPY
|-singleturn|p2a: BIG SWAMPY|Protect
|move|p2b: Toilet Bowl|Protect|p2b: Toilet Bowl
|-singleturn|p2b: Toilet Bowl|Protect
|move|p1b: Sneasler|Fake Out|p2a: BIG SWAMPY
|-activate|p2a: BIG SWAMPY|move: Protect
|move|p1a: Floette|Calm Mind|p1a: Floette
|-boost|p1a: Floette|spa|1
|-boost|p1a: Floette|spd|1
|
|-weather|RainDance|[upkeep]
|upkeep
|turn|2
|inactive|balancedungeon has 30 seconds left.
|
|t:|1783368233
|move|p1a: Floette|Protect|p1a: Floette
|-singleturn|p1a: Floette|Protect
|move|p2a: BIG SWAMPY|Wave Crash|p1a: Floette
|-activate|p1a: Floette|move: Protect
|move|p1b: Sneasler|Close Combat|p2a: BIG SWAMPY
|-damage|p2a: BIG SWAMPY|40/100
|-unboost|p1b: Sneasler|def|1
|-unboost|p1b: Sneasler|spd|1
|move|p2b: Toilet Bowl|Hurricane|p1b: Sneasler
|-supereffective|p1b: Sneasler|1
|-enditem|p1b: Sneasler|Focus Sash
|-damage|p1b: Sneasler|1/100
|
|-weather|RainDance|[upkeep]
|upkeep
|turn|3
|inactive|balancedungeon has 30 seconds left.
|
|t:|1783368266
|switch|p1b: Sinistcha|Sinistcha, L50|100/100
|detailschange|p1a: Floette|Floette-Mega, L50, F
|-mega|p1a: Floette|Floette|Floettite
|-ability|p1a: Floette|Fairy Aura
|move|p2a: BIG SWAMPY|Flip Turn|p1a: Floette
|-damage|p1a: Floette|33/100
|
|t:|1783368277
|switch|p2a: I am speed|Whimsicott, L50, F|100/100|[from] Flip Turn
|move|p1a: Floette|Draining Kiss|p2b: Toilet Bowl
|-damage|p2b: Toilet Bowl|13/100
|-heal|p1a: Floette|93/100|[from] drain|[of] p2b: Toilet Bowl
|-enditem|p2b: Toilet Bowl|Sitrus Berry|[eat]
|-heal|p2b: Toilet Bowl|38/100|[from] item: Sitrus Berry
|move|p2b: Toilet Bowl|Weather Ball|p1a: Floette
|-damage|p1a: Floette|62/100
|
|-weather|RainDance|[upkeep]
|upkeep
|turn|4
|
|t:|1783368295
|move|p2a: I am speed|Tailwind|p2a: I am speed
|-sidestart|p2: Praige|move: Tailwind
|move|p2b: Toilet Bowl|Hurricane|p1b: Sinistcha
|-supereffective|p1b: Sinistcha|1
|-enditem|p1b: Sinistcha|Coba Berry|[eat]
|-enditem|p1b: Sinistcha|Coba Berry|[weaken]
|-damage|p1b: Sinistcha|57/100
|move|p1a: Floette|Draining Kiss|p2b: Toilet Bowl
|-damage|p2b: Toilet Bowl|0 fnt
|-heal|p1a: Floette|89/100|[from] drain|[of] p2b: Toilet Bowl
|faint|p2b: Toilet Bowl
|move|p1b: Sinistcha|Trick Room|p1b: Sinistcha
|-fieldstart|move: Trick Room|[of] p1b: Sinistcha
|
|-weather|RainDance|[upkeep]
|upkeep
|
|t:|1783368307
|switch|p2b: Boss Battle|Archaludon, L50, F|100/100
|turn|5
|
|t:|1783368320
|move|p2b: Boss Battle|Protect|p2b: Boss Battle
|-singleturn|p2b: Boss Battle|Protect
|move|p2a: I am speed|Encore|p1b: Sinistcha
|-start|p1b: Sinistcha|Encore
|move|p1a: Floette|Dazzling Gleam|p2a: I am speed|[spread] p2a
|-activate|p2b: Boss Battle|move: Protect
|-enditem|p2a: I am speed|Focus Sash
|-damage|p2a: I am speed|1/100
|move|p1b: Sinistcha|Trick Room|p1b: Sinistcha
|-fieldend|move: Trick Room
|
|-weather|none
|upkeep
|turn|6
|
|t:|1783368336
|move|p2a: I am speed|Helping Hand|p2b: Boss Battle
|-singleturn|p2b: Boss Battle|Helping Hand|[of] p2a: I am speed
|move|p2b: Boss Battle|Flash Cannon|p1a: Floette
|-supereffective|p1a: Floette|1
|-damage|p1a: Floette|25/100
|move|p1a: Floette|Dazzling Gleam|p2a: I am speed|[spread] p2a,p2b
|-damage|p2a: I am speed|0 fnt
|-damage|p2b: Boss Battle|16/100
|-ability|p2b: Boss Battle|Stamina|boost
|-boost|p2b: Boss Battle|def|1
|faint|p2a: I am speed
|move|p1b: Sinistcha|Trick Room|p1b: Sinistcha
|-fieldstart|move: Trick Room|[of] p1b: Sinistcha
|
|-heal|p2b: Boss Battle|23/100|[from] item: Leftovers
|upkeep
|
|t:|1783368349
|switch|p2a: BIG SWAMPY|Swampert-Mega, L50, F|40/100
|turn|7
|
|t:|1783368354
|switch|p1b: Sneasler|Sneasler, L50, F|1/100
|move|p2b: Boss Battle|Protect|p2b: Boss Battle
|-singleturn|p2b: Boss Battle|Protect
|move|p2a: BIG SWAMPY|Protect|p2a: BIG SWAMPY
|-singleturn|p2a: BIG SWAMPY|Protect
|move|p1a: Floette|Dazzling Gleam|p2b: Boss Battle|[spread] 
|-activate|p2a: BIG SWAMPY|move: Protect
|-activate|p2b: Boss Battle|move: Protect
|
|-heal|p2b: Boss Battle|29/100|[from] item: Leftovers
|-sideend|p2: Praige|move: Tailwind
|upkeep
|turn|8
|
|t:|1783368371
|move|p1b: Sneasler|Fake Out|p2b: Boss Battle
|-resisted|p2b: Boss Battle|1
|-damage|p2b: Boss Battle|25/100
|-ability|p2b: Boss Battle|Stamina|boost
|-boost|p2b: Boss Battle|def|1
|cant|p2b: Boss Battle|flinch
|move|p2a: BIG SWAMPY|Flip Turn|p1a: Floette
|-damage|p1a: Floette|0 fnt
|faint|p1a: Floette
|
|-heal|p2b: Boss Battle|32/100|[from] item: Leftovers
|upkeep
|
|t:|1783368382
|switch|p1a: Sinistcha|Sinistcha, L50|57/100
|-heal|p1b: Sneasler|25/100|[from] ability: Hospitality|[of] p1a: Sinistcha
|turn|9
|
|t:|1783368391
|move|p1a: Sinistcha|Matcha Gotcha|p2b: Boss Battle|[spread] p2a,p2b
|-supereffective|p2a: BIG SWAMPY|2
|-resisted|p2b: Boss Battle|2
|-damage|p2a: BIG SWAMPY|0 fnt
|-heal|p1a: Sinistcha|78/100|[from] drain|[of] p2a: BIG SWAMPY
|-damage|p2b: Boss Battle|24/100
|-heal|p1a: Sinistcha|82/100|[from] drain|[of] p2b: Boss Battle
|-ability|p2b: Boss Battle|Stamina|boost
|-boost|p2b: Boss Battle|def|1
|faint|p2a: BIG SWAMPY
|move|p2b: Boss Battle|Dragon Pulse|p1b: Sneasler
|-damage|p1b: Sneasler|0 fnt
|faint|p1b: Sneasler
|
|-heal|p2b: Boss Battle|31/100|[from] item: Leftovers
|upkeep
|
|t:|1783368405
|switch|p1b: Kingambit|Kingambit, L50, F|100/100
|turn|10
|
|t:|1783368411
|move|p2b: Boss Battle|Protect|p2b: Boss Battle
|-singleturn|p2b: Boss Battle|Protect
|move|p1b: Kingambit|Swords Dance|p1b: Kingambit
|-boost|p1b: Kingambit|atk|2
|move|p1a: Sinistcha|Matcha Gotcha|p2b: Boss Battle
|-activate|p2b: Boss Battle|move: Protect
|
|-heal|p2b: Boss Battle|37/100|[from] item: Leftovers
|-fieldend|move: Trick Room
|upkeep
|turn|11
|
|t:|1783368431
|move|p2b: Boss Battle|Dragon Pulse|p1b: Kingambit
|-resisted|p1b: Kingambit|1
|-damage|p1b: Kingambit|79/100
|move|p1a: Sinistcha|Matcha Gotcha|p2b: Boss Battle|[miss]
|-miss|p1a: Sinistcha|p2b: Boss Battle
|move|p1b: Kingambit|Kowtow Cleave|p2b: Boss Battle
|-damage|p2b: Boss Battle|0 fnt
|faint|p2b: Boss Battle
|
|win|balancedungeon
