|j|☆cooledoregon
|j|☆Huasometa
|html|cooledoregonHuasometa    
|uhtml|bestof|Game 3 of a best-of-3
|t:|1783713270
|gametype|doubles
|player|p1|cooledoregon|2|1310
|player|p2|Huasometa|elesa|1309
|gen|9
|tier|[Gen 9 Champions] VGC 2026 Reg M-B (Bo3)
|rated|
|rule|Species Clause: Limit one of each Pokémon
|rule|Item Clause: Limit 1 of each item
|clearpoke
|poke|p1|Venusaur, L50, M|
|poke|p1|Pelipper, L50, F|
|poke|p1|Swampert, L50, F|
|poke|p1|Archaludon, L50, M|
|poke|p1|Grimmsnarl, L50, M|
|poke|p1|Incineroar, L50, F|
|poke|p2|Chandelure, L50, F|
|poke|p2|Kangaskhan, L50, F|
|poke|p2|Sylveon, L50, M|
|poke|p2|Kingambit, L50, M|
|poke|p2|Rotom-Wash, L50|
|poke|p2|Venusaur, L50, M|
|teampreview|4
|showteam|p1|Venusaur||Venusaurite|Chlorophyll|SludgeBomb,GigaDrain,EarthPower,Protect|Modest||M|||50|]Pelipper||SitrusBerry|Drizzle|WeatherBall,Hurricane,Tailwind,WideGuard|Modest||F|||50|]Swampert||Swampertite|Torrent|WaveCrash,Earthquake,IcePunch,Protect|Adamant||F|||50|]Archaludon||Leftovers|Stamina|ElectroShot,DragonPulse,Protect,FlashCannon|Calm||M|||50|]Grimmsnarl||LightClay|Prankster|PartingShot,LightScreen,Reflect,SuckerPunch|Careful||M|||50|]Incineroar||ShucaBerry|Intimidate|PartingShot,FakeOut,Snarl,ThroatChop|Careful||F|||50|
|showteam|p2|Chandelure||FocusSash|FlashFire|HeatWave,ShadowBall,TrickRoom,Taunt|Quiet||F|||50|]Kangaskhan||Kangaskhanite|InnerFocus|FakeOut,DoubleEdge,SuckerPunch,HammerArm|Brave||F|||50|]Sylveon||FairyFeather|Pixilate|HyperVoice,Protect,HyperBeam,QuickAttack|Quiet||M|||50|]Kingambit||BlackGlasses|Defiant|KowtowCleave,SuckerPunch,IronHead,Protect|Brave||M|||50|]Rotom-Wash||SitrusBerry|Levitate|ThunderWave,VoltSwitch,HydroPump,Protect|Calm|||||50|]Venusaur||Venusaurite|Chlorophyll|EarthPower,SleepPowder,GigaDrain,Protect|Modest||M|||50|
|inactive|Battle timer is ON: inactive players will automatically lose when time's up. (requested by cooledoregon)
|
|t:|1783713295
|teamsize|p1|4
|teamsize|p2|4
|start
|switch|p1a: Incineroar|Incineroar, L50, F|100/100
|switch|p1b: Grimmsnarl|Grimmsnarl, L50, M|100/100
|switch|p2a: Sylveon|Sylveon, L50, M|100/100
|switch|p2b: Rotom|Rotom-Wash, L50|100/100
|-ability|p1a: Incineroar|Intimidate|boost
|-unboost|p2a: Sylveon|atk|1
|-unboost|p2b: Rotom|atk|1
|turn|1
|inactive|Huasometa has 30 seconds left.
|
|t:|1783713323
|move|p1a: Incineroar|Fake Out|p2b: Rotom
|-damage|p2b: Rotom|88/100
|move|p1b: Grimmsnarl|Light Screen|p1b: Grimmsnarl
|-sidestart|p1: cooledoregon|move: Light Screen
|cant|p2b: Rotom|flinch
|move|p2a: Sylveon|Hyper Voice|p1b: Grimmsnarl|[spread] p1a,p1b
|-supereffective|p1b: Grimmsnarl|1
|-crit|p1b: Grimmsnarl
|-damage|p1a: Incineroar|77/100
|-damage|p1b: Grimmsnarl|0 fnt
|faint|p1b: Grimmsnarl
|
|upkeep
|
|t:|1783713337
|switch|p1b: Venusaur|Venusaur, L50, M|100/100
|turn|2
|
|t:|1783713356
|detailschange|p1b: Venusaur|Venusaur-Mega, L50, M
|-mega|p1b: Venusaur|Venusaur|Venusaurite
|move|p1b: Venusaur|Protect|p1b: Venusaur
|-singleturn|p1b: Venusaur|Protect
|move|p2a: Sylveon|Protect|p2a: Sylveon
|-singleturn|p2a: Sylveon|Protect
|move|p2b: Rotom|Thunder Wave|p1b: Venusaur
|-activate|p1b: Venusaur|move: Protect
|move|p1a: Incineroar|Throat Chop|p2b: Rotom
|-damage|p2b: Rotom|54/100
|-start|p2b: Rotom|Throat Chop|[silent]
|
|upkeep
|turn|3
|inactive|Huasometa has 30 seconds left.
|
|t:|1783713383
|switch|p2b: Kingambit|Kingambit, L50, M|100/100
|move|p1b: Venusaur|Giga Drain|p2b: Kingambit
|-resisted|p2b: Kingambit|1
|-damage|p2b: Kingambit|81/100
|move|p1a: Incineroar|Throat Chop|p2a: Sylveon
|-resisted|p2a: Sylveon|1
|-damage|p2a: Sylveon|84/100
|-start|p2a: Sylveon|Throat Chop|[silent]
|cant|p2a: Sylveon|move: Throat Chop
|
|upkeep
|turn|4
|
|t:|1783713399
|move|p2b: Kingambit|Protect|p2b: Kingambit
|-singleturn|p2b: Kingambit|Protect
|move|p1b: Venusaur|Earth Power|p2b: Kingambit
|-activate|p2b: Kingambit|move: Protect
|move|p1a: Incineroar|Parting Shot|p2a: Sylveon
|-unboost|p2a: Sylveon|atk|1
|-unboost|p2a: Sylveon|spa|1
|
|t:|1783713402
|switch|p1a: Archaludon|Archaludon, L50, M|100/100|[from] Parting Shot
|move|p2a: Sylveon|Hyper Beam|p1a: Archaludon
|-damage|p1a: Archaludon|62/100
|-mustrecharge|p2a: Sylveon
|-ability|p1a: Archaludon|Stamina|boost
|-boost|p1a: Archaludon|def|1
|
|-heal|p1a: Archaludon|68/100|[from] item: Leftovers
|-end|p2a: Sylveon|Throat Chop|[silent]
|upkeep
|turn|5
|
|t:|1783713420
|move|p1a: Archaludon|Electro Shot||[still]
|-prepare|p1a: Archaludon|Electro Shot
|-boost|p1a: Archaludon|spa|1
|move|p1b: Venusaur|Sludge Bomb|p2a: Sylveon
|-supereffective|p2a: Sylveon|1
|-damage|p2a: Sylveon|17/100
|-status|p2a: Sylveon|psn
|cant|p2a: Sylveon|recharge
|move|p2b: Kingambit|Kowtow Cleave|p1a: Archaludon
|-damage|p1a: Archaludon|39/100
|-ability|p1a: Archaludon|Stamina|boost
|-boost|p1a: Archaludon|def|1
|
|-heal|p1a: Archaludon|45/100|[from] item: Leftovers
|-damage|p2a: Sylveon|5/100 psn|[from] psn
|upkeep
|turn|6
|inactive|Huasometa has 30 seconds left.
|inactive|Huasometa has 20 seconds left.
|inactive|Huasometa has 15 seconds left.
|
|t:|1783713461
|move|p2b: Kingambit|Protect|p2b: Kingambit
|-singleturn|p2b: Kingambit|Protect
|move|p1a: Archaludon|Electro Shot|p2b: Kingambit|[from] lockedmove
|-activate|p2b: Kingambit|move: Protect
|move|p1b: Venusaur|Sludge Bomb|p2a: Sylveon
|-supereffective|p2a: Sylveon|1
|-damage|p2a: Sylveon|0 fnt
|faint|p2a: Sylveon
|
|-heal|p1a: Archaludon|51/100|[from] item: Leftovers
|upkeep
|
|t:|1783713468
|switch|p2a: Venusaur|Venusaur, L50, M|100/100
|turn|7
|
|t:|1783713477
|switch|p2b: Rotom|Rotom-Wash, L50|54/100
|detailschange|p2a: Venusaur|Venusaur-Mega, L50, M
|-mega|p2a: Venusaur|Venusaur|Venusaurite
|move|p1a: Archaludon|Protect|p1a: Archaludon
|-singleturn|p1a: Archaludon|Protect
|move|p2a: Venusaur|Sleep Powder|p1a: Archaludon
|-activate|p1a: Archaludon|move: Protect
|move|p1b: Venusaur|Sludge Bomb|p2a: Venusaur
|-damage|p2a: Venusaur|65/100
|
|-heal|p1a: Archaludon|57/100|[from] item: Leftovers
|upkeep
|turn|8
|inactive|Huasometa has 30 seconds left.
|
|t:|1783713503
|move|p2a: Venusaur|Sleep Powder|p1a: Archaludon
|-status|p1a: Archaludon|slp|[from] move: Sleep Powder
|cant|p1a: Archaludon|slp
|move|p1b: Venusaur|Sludge Bomb|p2a: Venusaur
|-damage|p2a: Venusaur|25/100
|move|p2b: Rotom|Thunder Wave|p1b: Venusaur
|-status|p1b: Venusaur|par
|
|-heal|p1a: Archaludon|63/100 slp|[from] item: Leftovers
|-sideend|p1: cooledoregon|move: Light Screen
|upkeep
|turn|9
|
|t:|1783713525
|move|p2a: Venusaur|Earth Power|p1a: Archaludon
|-supereffective|p1a: Archaludon|1
|-damage|p1a: Archaludon|11/100 slp
|-ability|p1a: Archaludon|Stamina|boost
|-boost|p1a: Archaludon|def|1
|cant|p1a: Archaludon|slp
|move|p2b: Rotom|Volt Switch|p1a: Archaludon
|-resisted|p1a: Archaludon|1
|-damage|p1a: Archaludon|1/100 slp
|-ability|p1a: Archaludon|Stamina|boost
|-boost|p1a: Archaludon|def|1
|
|t:|1783713531
|switch|p2b: Kingambit|Kingambit, L50, M|81/100|[from] Volt Switch
|move|p1b: Venusaur|Earth Power|p2a: Venusaur
|-damage|p2a: Venusaur|2/100
|
|-heal|p1a: Archaludon|6/100 slp|[from] item: Leftovers
|upkeep
|turn|10
|
|t:|1783713542
|-curestatus|p1a: Archaludon|slp|[msg]
|move|p1a: Archaludon|Protect|p1a: Archaludon
|-singleturn|p1a: Archaludon|Protect
|move|p2a: Venusaur|Earth Power|p1a: Archaludon
|-activate|p1a: Archaludon|move: Protect
|move|p2b: Kingambit|Iron Head|p1b: Venusaur
|-damage|p1b: Venusaur|64/100 par
|cant|p1b: Venusaur|flinch
|
|-heal|p1a: Archaludon|12/100|[from] item: Leftovers
|upkeep
|turn|11
|
|t:|1783713561
|move|p1a: Archaludon|Dragon Pulse|p2a: Venusaur
|-damage|p2a: Venusaur|0 fnt
|faint|p2a: Venusaur
|move|p2b: Kingambit|Iron Head|p1b: Venusaur
|-damage|p1b: Venusaur|30/100 par
|cant|p1b: Venusaur|par
|
|-heal|p1a: Archaludon|18/100|[from] item: Leftovers
|upkeep
|
|t:|1783713567
|switch|p2a: Rotom|Rotom-Wash, L50|54/100
|turn|12
|inactive|cooledoregon has 30 seconds left.
|inactive|cooledoregon has 20 seconds left.
|
|t:|1783713604
|move|p1a: Archaludon|Protect|p1a: Archaludon
|-singleturn|p1a: Archaludon|Protect
|move|p2a: Rotom|Thunder Wave|p1a: Archaludon
|-activate|p1a: Archaludon|move: Protect
|move|p2b: Kingambit|Kowtow Cleave|p1b: Venusaur
|-damage|p1b: Venusaur|0 fnt
|faint|p1b: Venusaur
|
|-heal|p1a: Archaludon|25/100|[from] item: Leftovers
|upkeep
|
|t:|1783713607
|switch|p1b: Incineroar|Incineroar, L50, F|77/100
|-ability|p1b: Incineroar|Intimidate|boost
|-unboost|p2a: Rotom|atk|1
|-unboost|p2b: Kingambit|atk|1
|-ability|p2b: Kingambit|Defiant|boost
|-boost|p2b: Kingambit|atk|2
|turn|13
|
|t:|1783713621
|move|p2a: Rotom|Protect|p2a: Rotom
|-singleturn|p2a: Rotom|Protect
|move|p2b: Kingambit|Protect|p2b: Kingambit
|-singleturn|p2b: Kingambit|Protect
|move|p1b: Incineroar|Fake Out|p2a: Rotom
|-activate|p2a: Rotom|move: Protect
|move|p1a: Archaludon|Dragon Pulse|p2a: Rotom
|-activate|p2a: Rotom|move: Protect
|
|-heal|p1a: Archaludon|31/100|[from] item: Leftovers
|upkeep
|turn|14
|
|t:|1783713645
|move|p2b: Kingambit|Sucker Punch|p1b: Incineroar
|-resisted|p1b: Incineroar|1
|-damage|p1b: Incineroar|43/100
|move|p1a: Archaludon|Dragon Pulse|p2a: Rotom
|-damage|p2a: Rotom|8/100
|-enditem|p2a: Rotom|Sitrus Berry|[eat]
|-heal|p2a: Rotom|33/100|[from] item: Sitrus Berry
|move|p2a: Rotom|Hydro Pump|p1b: Incineroar
|-supereffective|p1b: Incineroar|1
|-damage|p1b: Incineroar|0 fnt
|faint|p1b: Incineroar
|
|-heal|p1a: Archaludon|37/100|[from] item: Leftovers
|upkeep
|turn|15
|
|t:|1783713661
|move|p1a: Archaludon|Protect|p1a: Archaludon
|-singleturn|p1a: Archaludon|Protect
|move|p2a: Rotom|Protect|p2a: Rotom
|-singleturn|p2a: Rotom|Protect
|move|p2b: Kingambit|Kowtow Cleave|p1a: Archaludon
|-activate|p1a: Archaludon|move: Protect
|
|-heal|p1a: Archaludon|43/100|[from] item: Leftovers
|upkeep
|turn|16
|
|t:|1783713669
|move|p1a: Archaludon|Dragon Pulse|p2a: Rotom
|-damage|p2a: Rotom|0 fnt
|faint|p2a: Rotom
|move|p2b: Kingambit|Kowtow Cleave|p1a: Archaludon
|-damage|p1a: Archaludon|21/100
|-ability|p1a: Archaludon|Stamina|boost
|-boost|p1a: Archaludon|def|1
|
|-heal|p1a: Archaludon|27/100|[from] item: Leftovers
|upkeep
|turn|17
|
|t:|1783713673
|move|p1a: Archaludon|Protect|p1a: Archaludon
|-singleturn|p1a: Archaludon|Protect
|move|p2b: Kingambit|Kowtow Cleave|p1a: Archaludon
|-activate|p1a: Archaludon|move: Protect
|
|-heal|p1a: Archaludon|33/100|[from] item: Leftovers
|upkeep
|turn|18
|
|t:|1783713686
|move|p1a: Archaludon|Dragon Pulse|p2b: Kingambit
|-resisted|p2b: Kingambit|1
|-damage|p2b: Kingambit|57/100
|move|p2b: Kingambit|Kowtow Cleave|p1a: Archaludon
|-damage|p1a: Archaludon|15/100
|-ability|p1a: Archaludon|Stamina|boost
|-boost|p1a: Archaludon|def|1
|
|-heal|p1a: Archaludon|21/100|[from] item: Leftovers
|upkeep
|turn|19
|
|t:|1783713690
|move|p1a: Archaludon|Protect|p1a: Archaludon
|-singleturn|p1a: Archaludon|Protect
|move|p2b: Kingambit|Kowtow Cleave|p1a: Archaludon
|-activate|p1a: Archaludon|move: Protect
|
|-heal|p1a: Archaludon|27/100|[from] item: Leftovers
|upkeep
|turn|20
|
|t:|1783713712
|move|p1a: Archaludon|Electro Shot||[still]
|-prepare|p1a: Archaludon|Electro Shot
|-boost|p1a: Archaludon|spa|1
|move|p2b: Kingambit|Kowtow Cleave|p1a: Archaludon
|-damage|p1a: Archaludon|10/100
|
|-heal|p1a: Archaludon|16/100|[from] item: Leftovers
|upkeep
|turn|21
|
|t:|1783713732
|move|p2b: Kingambit|Protect|p2b: Kingambit
|-singleturn|p2b: Kingambit|Protect
|move|p1a: Archaludon|Electro Shot|p2b: Kingambit|[from] lockedmove
|-activate|p2b: Kingambit|move: Protect
|
|-heal|p1a: Archaludon|22/100|[from] item: Leftovers
|upkeep
|turn|22
|
|t:|1783713741
|move|p1a: Archaludon|Protect|p1a: Archaludon
|-singleturn|p1a: Archaludon|Protect
|move|p2b: Kingambit|Sucker Punch||[still]
|-fail|p2b: Kingambit
|
|-heal|p1a: Archaludon|29/100|[from] item: Leftovers
|upkeep
|turn|23
|
|t:|1783713752
|move|p1a: Archaludon|Dragon Pulse|p2b: Kingambit
|-resisted|p2b: Kingambit|1
|-damage|p2b: Kingambit|21/100
|move|p2b: Kingambit|Kowtow Cleave|p1a: Archaludon
|-damage|p1a: Archaludon|13/100
|
|-heal|p1a: Archaludon|19/100|[from] item: Leftovers
|upkeep
|turn|24
|
|t:|1783713759
|move|p1a: Archaludon|Protect|p1a: Archaludon
|-singleturn|p1a: Archaludon|Protect
|move|p2b: Kingambit|Sucker Punch||[still]
|-fail|p2b: Kingambit
|
|-heal|p1a: Archaludon|25/100|[from] item: Leftovers
|upkeep
|turn|25
|
|t:|1783713762
|move|p2b: Kingambit|Sucker Punch|p1a: Archaludon
|-damage|p1a: Archaludon|11/100
|move|p1a: Archaludon|Dragon Pulse|p2b: Kingambit
|-resisted|p2b: Kingambit|1
|-damage|p2b: Kingambit|0 fnt
|faint|p2b: Kingambit
|
|win|cooledoregon
|raw|cooledoregon's rating: 1310 → 1330(+20 for winning)
|raw|Huasometa's rating: 1309 → 1289(-20 for losing)
|l|☆cooledoregon
|player|p1|
