|j|☆natsukivgc
|j|☆coo1kid
|html|natsukivgccoo1kid    
|uhtml|bestof|Game 2 of a best-of-3
|t:|1785732651
|gametype|doubles
|player|p1|natsukivgc|2|1269
|player|p2|coo1kid|hilbert-wonderlauncher|1290
|gen|9
|tier|[Gen 9 Champions] VGC 2026 Reg M-B (Bo3)
|rated|
|rule|Species Clause: Limit one of each Pokémon
|rule|Item Clause: Limit 1 of each item
|clearpoke
|poke|p1|Garchomp, L50, F|
|poke|p1|Charizard, L50, M|
|poke|p1|Kingambit, L50, M|
|poke|p1|Basculegion, L50, M|
|poke|p1|Whimsicott, L50, F|
|poke|p1|Floette-Eternal, L50, F|
|poke|p2|Araquanid, L50, M|
|poke|p2|Charizard, L50, M|
|poke|p2|Kingambit, L50, M|
|poke|p2|Venusaur, L50, M|
|poke|p2|Basculegion, L50, M|
|poke|p2|Garchomp, L50, M|
|teampreview|4
|showteam|p1|Garchomp||SitrusBerry|RoughSkin|RockSlide,DragonTail,StompingTantrum,PoisonJab|Adamant||F|||50|]Charizard||CharizarditeY|Blaze|HeatWave,SolarBeam,WeatherBall,Protect|Modest||M|||50|]Kingambit||LifeOrb|Defiant|KowtowCleave,IronHead,SuckerPunch,LowKick|Adamant||M|||50|]Basculegion||ChoiceScarf|Adaptability|LastRespects,WaveCrash,FlipTurn,AquaJet|Jolly||M|||50|]Whimsicott||FocusSash|Prankster|Tailwind,Moonblast,Encore,Protect|Timid||F|||50|]Floette-Eternal||Floettite|FlowerVeil|DazzlingGleam,Moonblast,LightofRuin,Protect|Modest||F|||50|
|showteam|p2|Araquanid||Leftovers|WaterBubble|Liquidation,LeechLife,StickyWeb,WideGuard|Adamant||M|||50|]Charizard||CharizarditeY|SolarPower|HeatWave,SolarBeam,AncientPower,Protect|Timid||M|||50|]Kingambit||ChopleBerry|Defiant|KowtowCleave,SuckerPunch,LowKick,Protect|Jolly||M|||50|]Venusaur||FocusSash|Chlorophyll|EnergyBall,SludgeBomb,EarthPower,Protect|Modest||M|||50|]Basculegion||ChoiceScarf|Adaptability|WaveCrash,FlipTurn,LastRespects,AquaJet|Jolly||M|||50|]Garchomp||LifeOrb|RoughSkin|Earthquake,DragonClaw,RockSlide,Protect|Jolly||M|||50|
|inactive|Battle timer is ON: inactive players will automatically lose when time's up. (requested by coo1kid)
|
|t:|1785732668
|teamsize|p1|4
|teamsize|p2|4
|start
|switch|p1a: Whimsicott|Whimsicott, L50, F|100/100
|switch|p1b: Charizard|Charizard, L50, M|100/100
|switch|p2a: Araquanid|Araquanid, L50, M|100/100
|switch|p2b: Charizard|Charizard, L50, M|100/100
|turn|1
|inactive|natsukivgc has 30 seconds left.
|inactive|natsukivgc has 20 seconds left.
|inactive|natsukivgc has 15 seconds left.
|
|t:|1785732712
|detailschange|p2b: Charizard|Charizard-Mega-Y, L50, M
|-mega|p2b: Charizard|Charizard|Charizardite Y
|-weather|SunnyDay|[from] ability: Drought|[of] p2b: Charizard
|detailschange|p1b: Charizard|Charizard-Mega-Y, L50, M
|-mega|p1b: Charizard|Charizard|Charizardite Y
|move|p1b: Charizard|Protect|p1b: Charizard
|-singleturn|p1b: Charizard|Protect
|move|p1a: Whimsicott|Tailwind|p1a: Whimsicott
|-sidestart|p1: natsukivgc|move: Tailwind
|move|p2b: Charizard|Ancient Power|p1b: Charizard
|-activate|p1b: Charizard|move: Protect
|move|p2a: Araquanid|Leech Life|p1a: Whimsicott
|-damage|p1a: Whimsicott|57/100
|
|-weather|SunnyDay|[upkeep]
|upkeep
|turn|2
|inactive|natsukivgc has 30 seconds left.
|
|t:|1785732742
|move|p1a: Whimsicott|Encore|p2a: Araquanid
|-start|p2a: Araquanid|Encore
|move|p1b: Charizard|Heat Wave|p2b: Charizard|[spread] p2a,p2b
|-resisted|p2b: Charizard|1
|-damage|p2a: Araquanid|73/100
|-damage|p2b: Charizard|69/100
|move|p2b: Charizard|Heat Wave|p1a: Whimsicott|[spread] p1a,p1b
|-supereffective|p1a: Whimsicott|1
|-resisted|p1b: Charizard|1
|-damage|p1a: Whimsicott|0 fnt
|-damage|p1b: Charizard|69/100
|faint|p1a: Whimsicott
|move|p2a: Araquanid|Leech Life|p1b: Charizard
|-resisted|p1b: Charizard|2
|-damage|p1b: Charizard|62/100
|-heal|p2a: Araquanid|77/100|[from] drain|[of] p1b: Charizard
|
|-weather|SunnyDay|[upkeep]
|-heal|p2a: Araquanid|83/100|[from] item: Leftovers
|upkeep
|
|t:|1785732763
|switch|p1a: Basculegion|Basculegion, L50, M|100/100
|turn|3
|inactive|natsukivgc has 30 seconds left.
|
|t:|1785732796
|move|p2b: Charizard|Protect|p2b: Charizard
|-singleturn|p2b: Charizard|Protect
|move|p1a: Basculegion|Last Respects|p2a: Araquanid
|-damage|p2a: Araquanid|14/100
|move|p1b: Charizard|Heat Wave|p2a: Araquanid|[spread] p2a
|-activate|p2b: Charizard|move: Protect
|-damage|p2a: Araquanid|0 fnt
|faint|p2a: Araquanid
|
|-weather|SunnyDay|[upkeep]
|upkeep
|
|t:|1785732804
|switch|p2a: Kingambit|Kingambit, L50, M|100/100
|turn|4
|
|t:|1785732826
|move|p2a: Kingambit|Sucker Punch|p1a: Basculegion
|-supereffective|p1a: Basculegion|1
|-crit|p1a: Basculegion
|-damage|p1a: Basculegion|0 fnt
|faint|p1a: Basculegion
|move|p1b: Charizard|Weather Ball|p2a: Kingambit
|-supereffective|p2a: Kingambit|1
|-damage|p2a: Kingambit|0 fnt
|faint|p2a: Kingambit
|move|p2b: Charizard|Ancient Power|p1b: Charizard
|-supereffective|p1b: Charizard|2
|-damage|p1b: Charizard|0 fnt
|faint|p1b: Charizard
|
|-weather|SunnyDay|[upkeep]
|-sideend|p1: natsukivgc|move: Tailwind
|upkeep
|inactive|natsukivgc has 30 seconds left.
|
|t:|1785732855
|switch|p1a: Kingambit|Kingambit, L50, M|100/100
|switch|p2a: Venusaur|Venusaur, L50, M|100/100
|turn|5
|inactive|natsukivgc has 30 seconds left.
|
|t:|1785732882
|move|p1a: Kingambit|Sucker Punch|p2b: Charizard
|-damage|p2b: Charizard|0 fnt
|faint|p2b: Charizard
|-damage|p1a: Kingambit|90/100|[from] item: Life Orb
|move|p2a: Venusaur|Earth Power|p1a: Kingambit
|-supereffective|p1a: Kingambit|1
|-damage|p1a: Kingambit|29/100
|
|-weather|none
|upkeep
|turn|6
|
|t:|1785732896
|move|p1a: Kingambit|Sucker Punch|p2a: Venusaur
|-damage|p2a: Venusaur|25/100
|-damage|p1a: Kingambit|19/100|[from] item: Life Orb
|move|p2a: Venusaur|Earth Power|p1a: Kingambit
|-supereffective|p1a: Kingambit|1
|-damage|p1a: Kingambit|0 fnt
|faint|p1a: Kingambit
|
|win|coo1kid
|raw|natsukivgc's rating: 1269 → 1246(-23 for losing)
|raw|coo1kid's rating: 1290 → 1313(+23 for winning)
