|j|☆FRANTIST
|j|☆abadanriyi92
|html|FRANTISTabadanriyi92    
|uhtml|bestof|Game 2 of a best-of-3
|t:|1784597544
|gametype|doubles
|player|p1|FRANTIST|roxie|1324
|player|p2|abadanriyi92|colress|1258
|gen|9
|tier|[Gen 9 Champions] VGC 2026 Reg M-B (Bo3)
|rated|
|rule|Species Clause: Limit one of each Pokémon
|rule|Item Clause: Limit 1 of each item
|clearpoke
|poke|p1|Incineroar, L50, M|
|poke|p1|Maushold, L50|
|poke|p1|Sinistcha, L50|
|poke|p1|Sneasler, L50, F|
|poke|p1|Blastoise, L50, M|
|poke|p1|Delphox, L50, F|
|poke|p2|Venusaur, L50, M|
|poke|p2|Grimmsnarl, L50, M|
|poke|p2|Politoed, L50, F|
|poke|p2|Archaludon, L50, M|
|poke|p2|Kingambit, L50, M|
|poke|p2|Aerodactyl, L50, F|
|teampreview|4
|showteam|p1|Incineroar||SitrusBerry|Intimidate|FakeOut,FlareBlitz,ThroatChop,PartingShot|Impish||M|||50|]Maushold||ChopleBerry|FriendGuard|SuperFang,Feint,FollowMe,Protect|Impish|||||50|]Sinistcha||OccaBerry|Hospitality|MatchaGotcha,LifeDew,RagePowder,Protect|Bold|||||50|]Sneasler||FocusSash|PoisonTouch|FakeOut,CloseCombat,PoisonJab,QuickGuard|Jolly||F|||50|]Blastoise||Blastoisinite|RainDish|WaterSpout,DarkPulse,ShellSmash,Protect|Modest||M|||50|]Delphox||Delphoxite|Blaze|HeatWave,Psychic,NastyPlot,Protect|Timid||F|||50|
|showteam|p2|Venusaur||Venusaurite|Chlorophyll|GigaDrain,SludgeBomb,EarthPower,Protect|Modest||M|||50|]Grimmsnarl||LightClay|Prankster|PartingShot,Reflect,LightScreen,FoulPlay|Relaxed||M|||50|]Politoed||SitrusBerry|Drizzle|WeatherBall,PerishSong,Encore,Protect|Sassy||F|||50|]Archaludon||Leftovers|Stamina|ElectroShot,FlashCannon,DracoMeteor,Protect|Modest||M|||50|]Kingambit||BlackGlasses|Defiant|KowtowCleave,SuckerPunch,SwordsDance,Protect|Brave||M|||50|]Aerodactyl||Aerodactylite|Unnerve|RockSlide,DualWingbeat,Tailwind,Protect|Jolly||F|||50|
|inactive|Battle timer is ON: inactive players will automatically lose when time's up. (requested by abadanriyi92)
|
|t:|1784597585
|teamsize|p1|4
|teamsize|p2|4
|start
|switch|p1a: Blastoise|Blastoise, L50, M|100/100
|switch|p1b: Maushold|Maushold, L50|100/100
|switch|p2a: Grimmsnarl|Grimmsnarl, L50, M|100/100
|switch|p2b: Archaludon|Archaludon, L50, M|100/100
|turn|1
|inactive|abadanriyi92 has 30 seconds left.
|inactive|abadanriyi92 has 20 seconds left.
|inactive|abadanriyi92 has 15 seconds left.
|inactive|abadanriyi92 has 10 seconds left.
|
|t:|1784597633
|detailschange|p1a: Blastoise|Blastoise-Mega, L50, M
|-mega|p1a: Blastoise|Blastoise|Blastoisinite
|move|p1b: Maushold|Follow Me|p1b: Maushold
|-singleturn|p1b: Maushold|move: Follow Me
|move|p2a: Grimmsnarl|Light Screen|p2a: Grimmsnarl
|-sidestart|p2: abadanriyi92|move: Light Screen
|move|p1a: Blastoise|Shell Smash|p1a: Blastoise
|-unboost|p1a: Blastoise|def|1
|-unboost|p1a: Blastoise|spd|1
|-boost|p1a: Blastoise|atk|2
|-boost|p1a: Blastoise|spa|2
|-boost|p1a: Blastoise|spe|2
|move|p2b: Archaludon|Draco Meteor|p1b: Maushold
|-damage|p1b: Maushold|35/100
|-unboost|p2b: Archaludon|spa|2
|
|upkeep
|turn|2
|inactive|abadanriyi92 has 30 seconds left.
|inactive|abadanriyi92 has 20 seconds left.
|
|t:|1784597672
|move|p1a: Blastoise|Protect|p1a: Blastoise
|-singleturn|p1a: Blastoise|Protect
|move|p2b: Archaludon|Protect|p2b: Archaludon
|-singleturn|p2b: Archaludon|Protect
|move|p1b: Maushold|Super Fang|p2b: Archaludon
|-activate|p2b: Archaludon|move: Protect
|move|p2a: Grimmsnarl|Foul Play|p1b: Maushold
|-damage|p1b: Maushold|10/100
|
|upkeep
|turn|3
|inactive|FRANTIST has 30 seconds left.
|inactive|abadanriyi92 has 30 seconds left.
|
|t:|1784597698
|switch|p2b: Venusaur|Venusaur, L50, M|100/100
|move|p1b: Maushold|Follow Me|p1b: Maushold
|-singleturn|p1b: Maushold|move: Follow Me
|move|p1a: Blastoise|Water Spout|p2a: Grimmsnarl|[spread] p2a,p2b
|-crit|p2a: Grimmsnarl
|-resisted|p2b: Venusaur|1
|-damage|p2a: Grimmsnarl|0 fnt
|-damage|p2b: Venusaur|57/100
|faint|p2a: Grimmsnarl
|
|upkeep
|
|t:|1784597710
|switch|p2a: Archaludon|Archaludon, L50, M|100/100
|turn|4
|
|t:|1784597721
|detailschange|p2b: Venusaur|Venusaur-Mega, L50, M
|-mega|p2b: Venusaur|Venusaur|Venusaurite
|move|p1a: Blastoise|Protect|p1a: Blastoise
|-singleturn|p1a: Blastoise|Protect
|move|p1b: Maushold|Super Fang|p2a: Archaludon
|-damage|p2a: Archaludon|50/100g
|-ability|p2a: Archaludon|Stamina|boost
|-boost|p2a: Archaludon|def|1
|move|p2a: Archaludon|Flash Cannon|p1b: Maushold
|-damage|p1b: Maushold|0 fnt
|faint|p1b: Maushold
|move|p2b: Venusaur|Giga Drain|p1a: Blastoise
|-activate|p1a: Blastoise|move: Protect
|
|-heal|p2a: Archaludon|56/100|[from] item: Leftovers
|upkeep
|
|t:|1784597740
|switch|p1b: Sneasler|Sneasler, L50, F|100/100
|turn|5
|
|t:|1784597754
|move|p2a: Archaludon|Protect|p2a: Archaludon
|-singleturn|p2a: Archaludon|Protect
|move|p2b: Venusaur|Protect|p2b: Venusaur
|-singleturn|p2b: Venusaur|Protect
|move|p1a: Blastoise|Water Spout|p2a: Archaludon|[spread] 
|-activate|p2a: Archaludon|move: Protect
|-activate|p2b: Venusaur|move: Protect
|move|p1b: Sneasler|Poison Jab|p2b: Venusaur
|-activate|p2b: Venusaur|move: Protect
|
|-heal|p2a: Archaludon|62/100|[from] item: Leftovers
|upkeep
|turn|6
|inactive|FRANTIST has 30 seconds left.
|inactive|abadanriyi92 has 30 seconds left.
|inactive|abadanriyi92 has 20 seconds left.
|inactive|abadanriyi92 has 15 seconds left.
|inactive|FRANTIST has 20 seconds left.
|inactive|FRANTIST has 15 seconds left.
|inactive|FRANTIST has 10 seconds left.
|
|t:|1784597814
|move|p1a: Blastoise|Water Spout|p2a: Archaludon|[spread] p2a,p2b
|-resisted|p2a: Archaludon|1
|-resisted|p2b: Venusaur|1
|-damage|p2a: Archaludon|20/100y
|-damage|p2b: Venusaur|24/100
|-ability|p2a: Archaludon|Stamina|boost
|-boost|p2a: Archaludon|def|1
|move|p1b: Sneasler|Close Combat|p2b: Venusaur
|-resisted|p2b: Venusaur|1
|-damage|p2b: Venusaur|0 fnt
|-unboost|p1b: Sneasler|def|1
|-unboost|p1b: Sneasler|spd|1
|faint|p2b: Venusaur
|move|p2a: Archaludon|Draco Meteor|p1b: Sneasler|[miss]
|-miss|p2a: Archaludon|p1b: Sneasler
|
|-heal|p2a: Archaludon|26/100|[from] item: Leftovers
|upkeep
|-message|abadanriyi92 forfeited.
|
|win|FRANTIST
|raw|FRANTIST's rating: 1324 → 1340(+16 for winning)
|raw|abadanriyi92's rating: 1258 → 1238(-20 for losing)
