|j|☆tu_bb_1
|j|☆killdyl
|html|tu_bb_1killdyl    
|uhtml|bestof|Game 2 of a best-of-3
|t:|1785332128
|gametype|doubles
|player|p1|tu_bb_1|169|1000
|player|p2|killdyl|falkner-gen2|1000
|gen|9
|tier|[Gen 9 Champions] VGC 2026 Reg M-B (Bo3)
|rated|
|rule|Species Clause: Limit one of each Pokémon
|rule|Item Clause: Limit 1 of each item
|clearpoke
|poke|p1|Raichu, L50, M|
|poke|p1|Clefable, L50, F|
|poke|p1|Metagross, L50, shiny|
|poke|p1|Grimmsnarl, L50, M|
|poke|p1|Milotic, L50, F|
|poke|p1|Volcarona, L50, M|
|poke|p2|Venusaur, L50, M|
|poke|p2|Houndoom, L50, M|
|poke|p2|Annihilape, L50, M|
|poke|p2|Torkoal, L50, F|
|poke|p2|Kangaskhan, L50, F|
|poke|p2|Farigiraf, L50, F|
|teampreview|4
|showteam|p1|Raichu||RaichuniteY|LightningRod|FakeOut,Protect,Thunder,FocusBlast|Bold||M|||50|]Clefable||Clefablite|Unaware|HelpingHand,Moonblast,FollowMe,LifeDew|Bold||F|||50|]Metagross||Metagrossite|ClearBody|BodyPress,MeteorMash,RockSlide,PsychUp|Careful|||||50|]Grimmsnarl||LightClay|Prankster|LightScreen,Reflect,SpiritBreak,PartingShot|Impish||M|||50|]Milotic||LifeOrb|Competitive|Coil,HydroPump,Hypnosis,LifeDew|Modest||F|||50|]Volcarona||Leftovers|FlameBody|Tailwind,RagePowder,GigaDrain,FieryDance|Bold||M|||50|
|showteam|p2|Venusaur||LifeOrb|Chlorophyll|SludgeBomb,SolarBeam,EarthPower,Protect|Modest||M|||50|]Houndoom||Houndoominite|FlashFire|HeatWave,DarkPulse,Overheat,Protect|Timid||M|||50|]Annihilape||ChoiceScarf|Defiant|CloseCombat,IcePunch,RockSlide,Uturn|Adamant||M|||50|]Torkoal||Charcoal|Drought|Eruption,WeatherBall,HelpingHand,Protect|Quiet||F|||50|]Kangaskhan||Kangaskhanite|Scrappy|DoubleEdge,IcePunch,HammerArm,FakeOut|Adamant||F|||50|]Farigiraf||SitrusBerry|ArmorTail|Psychic,Thunderbolt,TrickRoom,HelpingHand|Bold||F|||50|
|inactive|Battle timer is ON: inactive players will automatically lose when time's up. (requested by killdyl)
|inactive|tu_bb_1 has 60 seconds left.
|inactive|killdyl has 60 seconds left.
|inactive|killdyl has 30 seconds left.
|
|t:|1785332194
|teamsize|p1|4
|teamsize|p2|4
|start
|switch|p1a: Metagross|Metagross, L50, shiny|100/100
|switch|p1b: Grimmsnarl|Grimmsnarl, L50, M|100/100
|switch|p2a: Kangaskhan|Kangaskhan, L50, F|100/100
|switch|p2b: Annihilape|Annihilape, L50, M|100/100
|turn|1
|inactive|tu_bb_1 has 30 seconds left.
|inactive|killdyl has 30 seconds left.
|inactive|killdyl has 20 seconds left.
|
|t:|1785332231
|detailschange|p1a: Metagross|Metagross-Mega, L50, shiny
|-mega|p1a: Metagross|Metagross|Metagrossite
|move|p2a: Kangaskhan|Fake Out|p1b: Grimmsnarl
|-damage|p1b: Grimmsnarl|80/100
|cant|p1b: Grimmsnarl|flinch
|move|p2b: Annihilape|U-turn|p1a: Metagross
|-damage|p1a: Metagross|83/100
|
|t:|1785332247
|switch|p2b: Houndoom|Houndoom, L50, M|100/100|[from] U-turn
|move|p1a: Metagross|Body Press|p2a: Kangaskhan
|-supereffective|p2a: Kangaskhan|1
|-damage|p2a: Kangaskhan|33/100
|
|upkeep
|turn|2
|
|t:|1785332265
|switch|p1a: Milotic|Milotic, L50, F|100/100
|detailschange|p2b: Houndoom|Houndoom-Mega, L50, M
|-mega|p2b: Houndoom|Houndoom|Houndoominite
|move|p1b: Grimmsnarl|Light Screen|p1b: Grimmsnarl
|-sidestart|p1: tu_bb_1|move: Light Screen
|move|p2b: Houndoom|Heat Wave|p1a: Milotic|[spread] p1a,p1b
|-resisted|p1a: Milotic|1
|-damage|p1a: Milotic|92/100
|-damage|p1b: Grimmsnarl|54/100
|move|p2a: Kangaskhan|Hammer Arm|p1a: Milotic
|-damage|p1a: Milotic|59/100
|-unboost|p2a: Kangaskhan|spe|1
|
|upkeep
|turn|3
|
|t:|1785332287
|switch|p2a: Annihilape|Annihilape, L50, M|100/100
|move|p2b: Houndoom|Protect|p2b: Houndoom
|-singleturn|p2b: Houndoom|Protect
|move|p1a: Milotic|Life Dew|p1a: Milotic|[spread] p1a,p1b
|-heal|p1a: Milotic|84/100
|-heal|p1b: Grimmsnarl|79/100
|move|p1b: Grimmsnarl|Spirit Break|p2b: Houndoom
|-activate|p2b: Houndoom|move: Protect
|
|upkeep
|turn|4
|
|t:|1785332310
|switch|p2b: Kangaskhan|Kangaskhan, L50, F|33/100
|move|p1b: Grimmsnarl|Reflect|p1b: Grimmsnarl
|-sidestart|p1: tu_bb_1|Reflect
|move|p2a: Annihilape|Close Combat|p1a: Milotic
|-damage|p1a: Milotic|41/100
|-unboost|p2a: Annihilape|def|1
|-unboost|p2a: Annihilape|spd|1
|move|p1a: Milotic|Coil|p1a: Milotic
|-boost|p1a: Milotic|atk|1
|-boost|p1a: Milotic|def|1
|-boost|p1a: Milotic|accuracy|1
|
|upkeep
|turn|5
|
|t:|1785332335
|move|p2b: Kangaskhan|Fake Out|p1a: Milotic
|-damage|p1a: Milotic|31/100
|move|p2a: Annihilape|Close Combat|p1a: Milotic
|-damage|p1a: Milotic|1/100
|-unboost|p2a: Annihilape|def|1
|-unboost|p2a: Annihilape|spd|1
|cant|p1a: Milotic|flinch
|move|p1b: Grimmsnarl|Spirit Break|p2a: Annihilape
|-supereffective|p2a: Annihilape|1
|-damage|p2a: Annihilape|0 fnt
|faint|p2a: Annihilape
|
|upkeep
|
|t:|1785332348
|switch|p2a: Houndoom|Houndoom-Mega, L50, M|100/100
|turn|6
|inactive|tu_bb_1 has 30 seconds left.
|inactive|tu_bb_1 has 20 seconds left.
|inactive|tu_bb_1 has 15 seconds left.
|
|t:|1785332389
|move|p2a: Houndoom|Heat Wave|p1b: Grimmsnarl|[spread] p1a,p1b
|-resisted|p1a: Milotic|1
|-damage|p1a: Milotic|0 fnt
|-damage|p1b: Grimmsnarl|51/100
|faint|p1a: Milotic
|move|p2b: Kangaskhan|Double-Edge|p1b: Grimmsnarl
|-damage|p1b: Grimmsnarl|15/100
|-damage|p2b: Kangaskhan|23/100|[from] Recoil
|move|p1b: Grimmsnarl|Spirit Break|p2a: Houndoom
|-damage|p2a: Houndoom|58/100
|-unboost|p2a: Houndoom|spa|1
|
|upkeep
|
|t:|1785332404
|switch|p1a: Raichu|Raichu, L50, M|100/100
|turn|7
|
|t:|1785332414
|switch|p2b: Venusaur|Venusaur, L50, M|100/100
|move|p2a: Houndoom|Protect|p2a: Houndoom
|-singleturn|p2a: Houndoom|Protect
|move|p1a: Raichu|Fake Out|p2b: Venusaur
|-damage|p2b: Venusaur|89/100
|move|p1b: Grimmsnarl|Spirit Break|p2b: Venusaur
|-resisted|p2b: Venusaur|1
|-damage|p2b: Venusaur|70/100
|-unboost|p2b: Venusaur|spa|1
|
|upkeep
|turn|8
|
|t:|1785332435
|move|p1a: Raichu|Protect|p1a: Raichu
|-singleturn|p1a: Raichu|Protect
|move|p2a: Houndoom|Heat Wave|p1b: Grimmsnarl|[spread] p1b
|-activate|p1a: Raichu|move: Protect
|-damage|p1b: Grimmsnarl|0 fnt
|faint|p1b: Grimmsnarl
|move|p2b: Venusaur|Earth Power|p1a: Raichu
|-activate|p1a: Raichu|move: Protect
|
|upkeep
|
|t:|1785332444
|switch|p1b: Metagross|Metagross-Mega, L50, shiny|83/100
|turn|9
|
|t:|1785332461
|switch|p2a: Kangaskhan|Kangaskhan, L50, F|23/100
|move|p2b: Venusaur|Protect|p2b: Venusaur
|-singleturn|p2b: Venusaur|Protect
|move|p1a: Raichu|Focus Blast|p2a: Kangaskhan
|-supereffective|p2a: Kangaskhan|1
|-damage|p2a: Kangaskhan|0 fnt
|faint|p2a: Kangaskhan
|move|p1b: Metagross|Rock Slide|p2b: Venusaur
|-activate|p2b: Venusaur|move: Protect
|
|-sideend|p1: tu_bb_1|move: Light Screen
|upkeep
|
|t:|1785332470
|switch|p2a: Houndoom|Houndoom-Mega, L50, M|58/100
|turn|10
|inactive|killdyl has 30 seconds left.
|
|t:|1785332498
|move|p2a: Houndoom|Dark Pulse|p1b: Metagross
|-supereffective|p1b: Metagross|1
|-damage|p1b: Metagross|21/100
|move|p2b: Venusaur|Earth Power|p1a: Raichu
|-supereffective|p1a: Raichu|1
|-damage|p1a: Raichu|35/100
|-damage|p2b: Venusaur|61/100|[from] item: Life Orb
|move|p1a: Raichu|Focus Blast|p2a: Houndoom|[miss]
|-miss|p1a: Raichu|p2a: Houndoom
|move|p1b: Metagross|Body Press|p2a: Houndoom
|-supereffective|p2a: Houndoom|1
|-damage|p2a: Houndoom|0 fnt
|faint|p2a: Houndoom
|
|upkeep
|turn|11
|
|t:|1785332519
|move|p2b: Venusaur|Earth Power|p1b: Metagross
|-supereffective|p1b: Metagross|1
|-damage|p1b: Metagross|0 fnt
|faint|p1b: Metagross
|-damage|p2b: Venusaur|51/100|[from] item: Life Orb
|move|p1a: Raichu|Thunder|p2b: Venusaur
|-resisted|p2b: Venusaur|1
|-damage|p2b: Venusaur|30/100
|
|-sideend|p1: tu_bb_1|Reflect
|upkeep
|turn|12
|
|t:|1785332533
|move|p2b: Venusaur|Earth Power|p1a: Raichu
|-supereffective|p1a: Raichu|1
|-damage|p1a: Raichu|0 fnt
|faint|p1a: Raichu
|-damage|p2b: Venusaur|21/100|[from] item: Life Orb
|
|win|killdyl
|raw|tu_bb_1's rating: 1000 → 1000(+0 for losing)
|raw|killdyl's rating: 1000 → 1040(+40 for winning)
