|j|☆Digao19
|j|☆clarocojones
|html|Digao19clarocojones    
|uhtml|bestof|Game 2 of a best-of-3
|t:|1786122713
|gametype|doubles
|player|p1|Digao19|266|1284
|player|p2|clarocojones|striker|1364
|gen|9
|tier|[Gen 9 Champions] VGC 2026 Reg M-B (Bo3)
|rated|
|rule|Species Clause: Limit one of each Pokémon
|rule|Item Clause: Limit 1 of each item
|clearpoke
|poke|p1|Charizard, L50, M, shiny|
|poke|p1|Venusaur, L50, F|
|poke|p1|Grimmsnarl, L50, M|
|poke|p1|Archaludon, L50, F|
|poke|p1|Pelipper, L50, F|
|poke|p1|Swampert, L50, M|
|poke|p2|Floette-Eternal, L50, F|
|poke|p2|Incineroar, L50, F, shiny|
|poke|p2|Sinistcha-Masterpiece, L50, shiny|
|poke|p2|Milotic, L50, F|
|poke|p2|Raichu, L50, F|
|poke|p2|Ceruledge, L50, F|
|teampreview|4
|showteam|p1|Charizard||CharizarditeY|Blaze|HeatWave,Hurricane,WeatherBall,Protect|Modest||M|||50|]Venusaur||FocusSash|Chlorophyll|LeafStorm,SludgeBomb,SleepPowder,Protect|Timid||F|||50|]Grimmsnarl||LightClay|Prankster|SpiritBreak,PartingShot,LightScreen,Reflect|Careful||M|||50|]Archaludon||Leftovers|Stamina|ElectroShot,DragonPulse,FlashCannon,Protect|Bold||F|||50|]Pelipper||SitrusBerry|Drizzle|WeatherBall,Hurricane,Tailwind,WideGuard|Modest||F|||50|]Swampert||Swampertite|Damp|WaveCrash,Earthquake,IcePunch,Protect|Adamant||M|||50|
|showteam|p2|Floette-Eternal||Floettite|FlowerVeil|Moonblast,DazzlingGleam,CalmMind,Protect|Modest||F|||50|]Incineroar||SitrusBerry|Intimidate|FakeOut,PartingShot,ThroatChop,FlareBlitz|Careful||F|||50|]Sinistcha-Masterpiece||KasibBerry|Hospitality|MatchaGotcha,LifeDew,RagePowder,TrickRoom|Bold|||||50|]Milotic||Leftovers|Competitive|MuddyWater,Coil,Hypnosis,Recover|Calm||F|||50|]Raichu||RaichuniteY|Static|FakeOut,ZapCannon,FocusBlast,Protect|Timid||F|||50|]Ceruledge||ColburBerry|FlashFire|BitterBlade,ShadowSneak,BulkUp,Protect|Adamant||F|||50|
|inactive|Battle timer is ON: inactive players will automatically lose when time's up. (requested by Digao19)
|inactive|clarocojones has 60 seconds left.
|
|t:|1786122780
|teamsize|p1|4
|teamsize|p2|4
|start
|switch|p1a: Grimmsnarl|Grimmsnarl, L50, M|100/100
|switch|p1b: Archaludon|Archaludon, L50, F|100/100
|switch|p2a: Friends Take|Incineroar, L50, F, shiny|100/100
|switch|p2b: Felicidad|Floette-Eternal, L50, F|100/100
|-ability|p2a: Friends Take|Intimidate|boost
|-unboost|p1a: Grimmsnarl|atk|1
|-unboost|p1b: Archaludon|atk|1
|turn|1
|
|t:|1786122793
|move|p2a: Friends Take|Fake Out|p1b: Archaludon
|-resisted|p1b: Archaludon|1
|-damage|p1b: Archaludon|96/100
|-ability|p1b: Archaludon|Stamina|boost
|-boost|p1b: Archaludon|def|1
|move|p1a: Grimmsnarl|Light Screen|p1a: Grimmsnarl
|-sidestart|p1: Digao19|move: Light Screen
|move|p2b: Felicidad|Calm Mind|p2b: Felicidad
|-boost|p2b: Felicidad|spa|1
|-boost|p2b: Felicidad|spd|1
|cant|p1b: Archaludon|flinch
|
|-heal|p1b: Archaludon|100/100|[from] item: Leftovers
|upkeep
|turn|2
|inactive|Digao19 has 30 seconds left.
|
|t:|1786122820
|move|p1a: Grimmsnarl|Parting Shot|p2b: Felicidad
|-unboost|p2b: Felicidad|atk|1
|-unboost|p2b: Felicidad|spa|1
|
|t:|1786122823
|switch|p1a: Pelipper|Pelipper, L50, F|100/100|[from] Parting Shot
|-weather|RainDance|[from] ability: Drizzle|[of] p1a: Pelipper
|move|p2b: Felicidad|Calm Mind|p2b: Felicidad
|-boost|p2b: Felicidad|spa|1
|-boost|p2b: Felicidad|spd|1
|move|p1b: Archaludon|Electro Shot||[still]
|-prepare|p1b: Archaludon|Electro Shot
|-boost|p1b: Archaludon|spa|1
|-anim|p1b: Archaludon|Electro Shot|p2b: Felicidad
|-damage|p2b: Felicidad|78/100
|move|p2a: Friends Take|Parting Shot|p1b: Archaludon
|-unboost|p1b: Archaludon|atk|1
|-unboost|p1b: Archaludon|spa|1
|
|t:|1786122837
|switch|p2a: DON JULIO|Sinistcha-Masterpiece, L50, shiny|100/100|[from] Parting Shot
|-heal|p2b: Felicidad|100/100|[from] ability: Hospitality|[of] p2a: DON JULIO
|
|-weather|RainDance|[upkeep]
|upkeep
|turn|3
|
|t:|1786122846
|move|p1b: Archaludon|Protect|p1b: Archaludon
|-singleturn|p1b: Archaludon|Protect
|move|p2b: Felicidad|Calm Mind|p2b: Felicidad
|-boost|p2b: Felicidad|spa|1
|-boost|p2b: Felicidad|spd|1
|move|p1a: Pelipper|Hurricane|p2a: DON JULIO
|-supereffective|p2a: DON JULIO|1
|-damage|p2a: DON JULIO|21/100
|move|p2a: DON JULIO|Trick Room|p2a: DON JULIO
|-fieldstart|move: Trick Room|[of] p2a: DON JULIO
|
|-weather|RainDance|[upkeep]
|upkeep
|turn|4
|
|t:|1786122869
|switch|p2a: Friends Take|Incineroar, L50, F, shiny|100/100
|-ability|p2a: Friends Take|Intimidate|boost
|-unboost|p1a: Pelipper|atk|1
|-unboost|p1b: Archaludon|atk|1
|detailschange|p2b: Felicidad|Floette-Mega, L50, F
|-mega|p2b: Felicidad|Floette|Floettite
|-ability|p2b: Felicidad|Fairy Aura
|move|p1a: Pelipper|Hurricane|p2a: Friends Take
|-damage|p2a: Friends Take|66/100
|move|p1b: Archaludon|Flash Cannon|p2b: Felicidad
|-supereffective|p2b: Felicidad|1
|-damage|p2b: Felicidad|80/100
|move|p2b: Felicidad|Moonblast|p1b: Archaludon
|-damage|p1b: Archaludon|0 fnt
|faint|p1b: Archaludon
|
|-weather|RainDance|[upkeep]
|upkeep
|
|t:|1786122887
|switch|p1b: Grimmsnarl|Grimmsnarl, L50, M|100/100
|turn|5
|
|t:|1786122893
|switch|p1a: Swampert|Swampert, L50, M|100/100
|move|p2a: Friends Take|Fake Out|p1a: Swampert
|-crit|p1a: Swampert
|-damage|p1a: Swampert|85/100
|move|p1b: Grimmsnarl|Parting Shot|p2b: Felicidad
|-unboost|p2b: Felicidad|atk|1
|-unboost|p2b: Felicidad|spa|1
|
|t:|1786122901
|switch|p1b: Pelipper|Pelipper, L50, F|100/100|[from] Parting Shot
|move|p2b: Felicidad|Dazzling Gleam|p1a: Swampert|[spread] p1a,p1b
|-damage|p1a: Swampert|36/100
|-damage|p1b: Pelipper|39/100
|-enditem|p1b: Pelipper|Sitrus Berry|[eat]
|-heal|p1b: Pelipper|63/100|[from] item: Sitrus Berry
|
|-weather|RainDance|[upkeep]
|upkeep
|turn|6
|inactive|Digao19 has 30 seconds left.
|
|t:|1786122926
|move|p1a: Swampert|Protect|p1a: Swampert
|-singleturn|p1a: Swampert|Protect
|move|p1b: Pelipper|Weather Ball|p2a: Friends Take
|-supereffective|p2a: Friends Take|1
|-damage|p2a: Friends Take|0 fnt
|faint|p2a: Friends Take
|move|p2b: Felicidad|Moonblast|p1b: Pelipper
|-damage|p1b: Pelipper|0 fnt
|faint|p1b: Pelipper
|
|-weather|none
|upkeep
|
|t:|1786122936
|switch|p1b: Grimmsnarl|Grimmsnarl, L50, M|100/100
|switch|p2a: DON JULIO|Sinistcha-Masterpiece, L50, shiny|21/100
|-heal|p2b: Felicidad|100/100|[from] ability: Hospitality|[of] p2a: DON JULIO
|turn|7
|
|t:|1786122953
|detailschange|p1a: Swampert|Swampert-Mega, L50, M
|-mega|p1a: Swampert|Swampert|Swampertite
|move|p2a: DON JULIO|Rage Powder|p2a: DON JULIO
|-singleturn|p2a: DON JULIO|move: Rage Powder
|move|p1b: Grimmsnarl|Spirit Break|p2a: DON JULIO
|-damage|p2a: DON JULIO|0 fnt
|faint|p2a: DON JULIO
|move|p1a: Swampert|Wave Crash|p2b: Felicidad
|-damage|p2b: Felicidad|21/100
|-damage|p1a: Swampert|11/100|[from] Recoil
|move|p2b: Felicidad|Dazzling Gleam|p1b: Grimmsnarl|[spread] p1a,p1b
|-supereffective|p1b: Grimmsnarl|1
|-damage|p1a: Swampert|0 fnt
|-damage|p1b: Grimmsnarl|11/100
|faint|p1a: Swampert
|
|-fieldend|move: Trick Room
|upkeep
|
|t:|1786122962
|switch|p2a: Ceruledge|Ceruledge, L50, F|100/100
|turn|8
|-message|Digao19 forfeited.
|
|win|clarocojones
