|j|☆angusgrind13
|j|☆puli95
|html|angusgrind13puli95    
|uhtml|bestof|Game 1 of a best-of-3
|t:|1784815374
|gametype|doubles
|player|p1|angusgrind13|steven|1116
|player|p2|puli95|170|1062
|gen|9
|tier|[Gen 9 Champions] VGC 2026 Reg M-B (Bo3)
|rated|
|rule|Species Clause: Limit one of each Pokémon
|rule|Item Clause: Limit 1 of each item
|clearpoke
|poke|p1|Primarina, L50, F|
|poke|p1|Kingambit, L50, M|
|poke|p1|Froslass, L50, F|
|poke|p1|Sneasler, L50, F|
|poke|p1|Lycanroc-Dusk, L50, F|
|poke|p1|Dragonite, L50, M|
|poke|p2|Talonflame, L50, M|
|poke|p2|Hydreigon, L50, M|
|poke|p2|Milotic, L50, M|
|poke|p2|Farigiraf, L50, M|
|poke|p2|Froslass, L50, F|
|poke|p2|Sneasler, L50, M|
|teampreview|4
|showteam|p1|Primarina||LifeOrb|LiquidVoice|HyperVoice,Moonblast,Haze,Protect|Modest||F|||50|]Kingambit||BlackGlasses|Defiant|KowtowCleave,SuckerPunch,SwordsDance,Protect|Adamant||M|||50|]Froslass||Froslassite|CursedBody|Blizzard,ShadowBall,AuroraVeil,Protect|Timid||F|||50|]Sneasler||WhiteHerb|Unburden|GunkShot,CloseCombat,FakeOut,Protect|Adamant||F|||50|]Lycanroc-Dusk||FocusSash|ToughClaws|RockSlide,Accelerock,CloseCombat,Protect|Adamant||F|||50|]Dragonite||Dragoninite|Multiscale|DragonPulse,Flamethrower,Tailwind,Protect|Modest||M|||50|
|showteam|p2|Talonflame||Charcoal|GaleWings|Overheat,BraveBird,Tailwind,Protect|Naive||M|||50|]Hydreigon||LifeOrb|Levitate|DarkPulse,DracoMeteor,EarthPower,Protect|Modest||M|||50|]Milotic||Leftovers|Competitive|Scald,IceBeam,HelpingHand,Protect|Bold||M|||50|]Farigiraf||ColburBerry|ArmorTail|TwinBeam,Thunderbolt,TrickRoom,HelpingHand|Relaxed||M|||50|]Froslass||Froslassite|SnowCloak|Blizzard,ShadowBall,WeatherBall,Protect|Timid||F|||50|]Sneasler||FocusSash|Unburden|CloseCombat,DireClaw,FakeOut,RainDance|Jolly||M|||50|
|
|t:|1784815425
|teamsize|p1|4
|teamsize|p2|4
|start
|switch|p1a: Sneasler|Sneasler, L50, F|100/100
|switch|p1b: Lycanroc|Lycanroc-Dusk, L50, F|100/100
|switch|p2a: Talonflame|Talonflame, L50, M|100/100
|switch|p2b: Sneasler|Sneasler, L50, M|100/100
|turn|1
|
|t:|1784815442
|move|p2b: Sneasler|Fake Out|p1b: Lycanroc
|-resisted|p1b: Lycanroc|1
|-damage|p1b: Lycanroc|88/100
|move|p1a: Sneasler|Fake Out|p2a: Talonflame
|-damage|p2a: Talonflame|80/100
|cant|p2a: Talonflame|flinch
|cant|p1b: Lycanroc|flinch
|
|upkeep
|turn|2
|
|t:|1784815473
|switch|p1a: Primarina|Primarina, L50, F|100/100
|move|p1b: Lycanroc|Accelerock|p2a: Talonflame
|-supereffective|p2a: Talonflame|2
|-damage|p2a: Talonflame|0 fnt
|faint|p2a: Talonflame
|move|p2b: Sneasler|Close Combat|p1b: Lycanroc
|-supereffective|p1b: Lycanroc|1
|-damage|p1b: Lycanroc|0 fnt
|-unboost|p2b: Sneasler|def|1
|-unboost|p2b: Sneasler|spd|1
|faint|p1b: Lycanroc
|
|upkeep
|
|t:|1784815505
|switch|p2a: Froslass|Froslass, L50, F|100/100
|switch|p1b: Dragonite|Dragonite, L50, M|100/100
|turn|3
|
|t:|1784815517
|detailschange|p2a: Froslass|Froslass-Mega, L50, F
|-mega|p2a: Froslass|Froslass|Froslassite
|-weather|Snowscape|[from] ability: Snow Warning|[of] p2a: Froslass
|detailschange|p1b: Dragonite|Dragonite-Mega, L50, M
|-mega|p1b: Dragonite|Dragonite|Dragoninite
|move|p2b: Sneasler|Dire Claw|p1a: Primarina
|-supereffective|p1a: Primarina|1
|-damage|p1a: Primarina|0 fnt
|faint|p1a: Primarina
|move|p2a: Froslass|Blizzard|p1b: Dragonite
|-supereffective|p1b: Dragonite|2
|-damage|p1b: Dragonite|1/100
|move|p1b: Dragonite|Tailwind|p1b: Dragonite
|-sidestart|p1: angusgrind13|move: Tailwind
|
|-weather|Snowscape|[upkeep]
|upkeep
|
|t:|1784815524
|switch|p1a: Sneasler|Sneasler, L50, F|100/100
|turn|4
|inactive|Battle timer is ON: inactive players will automatically lose when time's up. (requested by angusgrind13)
|
|t:|1784815657
|switch|p2b: Hydreigon|Hydreigon, L50, M|100/100
|move|p1a: Sneasler|Fake Out|p2b: Hydreigon
|-damage|p2b: Hydreigon|84/100
|move|p1b: Dragonite|Flamethrower|p2a: Froslass
|-supereffective|p2a: Froslass|1
|-damage|p2a: Froslass|19/100
|move|p2a: Froslass|Blizzard|p1b: Dragonite|[spread] p1a,p1b
|-supereffective|p1b: Dragonite|2
|-damage|p1a: Sneasler|53/100
|-damage|p1b: Dragonite|0 fnt
|faint|p1b: Dragonite
|
|-weather|Snowscape|[upkeep]
|upkeep
|turn|5
|inactive|puli95 has 30 seconds left.
|
|t:|1784815689
|move|p1a: Sneasler|Close Combat|p2b: Hydreigon
|-supereffective|p2b: Hydreigon|1
|-crit|p2b: Hydreigon
|-damage|p2b: Hydreigon|0 fnt
|-unboost|p1a: Sneasler|def|1
|-unboost|p1a: Sneasler|spd|1
|faint|p2b: Hydreigon
|-enditem|p1a: Sneasler|White Herb
|-clearnegativeboost|p1a: Sneasler|[silent]
|move|p2a: Froslass|Weather Ball|p1a: Sneasler
|-damage|p1a: Sneasler|2/100
|
|-weather|Snowscape|[upkeep]
|upkeep
|-message|angusgrind13 forfeited.
|
|win|puli95
||angusgrind13 is ready for game 2.
