|j|☆thedelybird
|j|☆fanman64
|html|thedelybirdfanman64    
|uhtml|bestof|Game 2 of a best-of-3
|t:|1755117346
|gametype|doubles
|player|p1|thedelybird|blue-masters|1201
|player|p2|fanman64|volkner|1204
|gen|9
|tier|[Gen 9] VGC 2025 Reg H (Bo3)
|rated|
|rule|Species Clause: Limit one of each Pokémon
|rule|Item Clause: Limit 1 of each item
|clearpoke
|poke|p1|Archaludon, L50, M|
|poke|p1|Pelipper, L50, M|
|poke|p1|Sinistcha, L50|
|poke|p1|Gholdengo, L50|
|poke|p1|Ursaluna, L50, M|
|poke|p1|Dragonite, L50, M|
|poke|p2|Tyranitar, L50, F|
|poke|p2|Magmar, L50, M|
|poke|p2|Whimsicott, L50, M|
|poke|p2|Basculegion, L50, M|
|poke|p2|Rillaboom, L50, F|
|poke|p2|Kommo-o, L50, M|
|teampreview|4
|showteam|p1|Archaludon||AssaultVest|Stamina|BodyPress,ElectroShot,FlashCannon,Snarl|||M|||50|,,,,,Fighting]Pelipper||FocusSash|Drizzle|Hurricane,WeatherBall,Protect,Tailwind|||M|||50|,,,,,Ghost]Sinistcha||SitrusBerry|Hospitality|MatchaGotcha,RagePowder,LifeDew,TrickRoom||||||50|,,,,,Dark]Gholdengo||ChoiceScarf|GoodasGold|MakeItRain,ShadowBall,Trick,TeraBlast||||||50|,,,,,Water]Ursaluna||FlameOrb|Guts|Facade,HeadlongRush,Earthquake,Protect|||M|||50|,,,,,Ghost]Dragonite||LoadedDice|Multiscale|ScaleShot,ExtremeSpeed,Haze,Tailwind|||M|||50|,,,,,Fairy
|showteam|p2|Tyranitar||AssaultVest|SandStream|RockSlide,KnockOff,LowKick,TeraBlast|||F|||50|,,,,,Flying]Magmar||Eviolite|VitalSpirit|Overheat,FollowMe,Protect,ClearSmog|||M|||50|,,,,,Fire]Whimsicott||CovertCloak|Prankster|Moonblast,Tailwind,Protect,MistyTerrain|||M|||50|,,,,,Ghost]Basculegion||ChoiceScarf|Adaptability|WaveCrash,FlipTurn,LastRespects,AquaJet|||M|||50|,,,,,Water]Rillaboom||MiracleSeed|GrassySurge|WoodHammer,GrassyGlide,FakeOut,Uturn|||F|||50|,,,,,Grass]Kommo-o||ThroatSpray|Soundproof|ClangingScales,Flamethrower,Protect,ClangorousSoul|||M|||50|,,,,,Fire
|
|t:|1755117388
|teamsize|p1|4
|teamsize|p2|4
|start
|switch|p1a: Ursaluna|Ursaluna, L50, M|100/100
|switch|p1b: Dragonite|Dragonite, L50, M|100/100
|switch|p2a: Rillaboom|Rillaboom, L50, F|100/100
|switch|p2b: Kommo-o|Kommo-o, L50, M|100/100
|-fieldstart|move: Grassy Terrain|[from] ability: Grassy Surge|[of] p2a: Rillaboom
|turn|1
|
|t:|1755117420
|move|p2a: Rillaboom|Fake Out|p1b: Dragonite
|-damage|p1b: Dragonite|93/100
|cant|p1b: Dragonite|flinch
|move|p2b: Kommo-o|Clangorous Soul|p2b: Kommo-o
|-boost|p2b: Kommo-o|atk|1
|-boost|p2b: Kommo-o|def|1
|-boost|p2b: Kommo-o|spa|1
|-boost|p2b: Kommo-o|spd|1
|-boost|p2b: Kommo-o|spe|1
|-damage|p2b: Kommo-o|68/100
|-enditem|p2b: Kommo-o|Throat Spray
|-boost|p2b: Kommo-o|spa|1|[from] item: Throat Spray
|move|p1a: Ursaluna|Facade|p2b: Kommo-o
|-damage|p2b: Kommo-o|43/100
|
|-heal|p2b: Kommo-o|50/100|[from] Grassy Terrain
|-status|p1a: Ursaluna|brn|[from] item: Flame Orb
|upkeep
|turn|2
|
|t:|1755117463
|switch|p1a: Sinistcha|Sinistcha, L50|100/100
|-heal|p1b: Dragonite|100/100|[from] ability: Hospitality|[of] p1a: Sinistcha
|-terastallize|p2b: Kommo-o|Fire
|-terastallize|p1b: Dragonite|Fairy
|move|p2b: Kommo-o|Flamethrower|p1b: Dragonite
|-damage|p1b: Dragonite|60/100
|move|p1b: Dragonite|Scale Shot|p2b: Kommo-o
|-damage|p2b: Kommo-o|40/100
|-crit|p2b: Kommo-o
|-damage|p2b: Kommo-o|19/100
|-damage|p2b: Kommo-o|10/100
|-damage|p2b: Kommo-o|0 fnt
|faint|p2b: Kommo-o
|-hitcount|p2: Kommo-o|4
|-unboost|p1b: Dragonite|def|1
|-boost|p1b: Dragonite|spe|1
|move|p2a: Rillaboom|Wood Hammer|p1a: Sinistcha
|-resisted|p1a: Sinistcha
|-damage|p1a: Sinistcha|60/100
|-damage|p2a: Rillaboom|89/100|[from] Recoil
|
|-heal|p1b: Dragonite|66/100|[from] Grassy Terrain
|-heal|p2a: Rillaboom|95/100|[from] Grassy Terrain
|-heal|p1a: Sinistcha|66/100|[from] Grassy Terrain
|upkeep
|
|t:|1755117479
|switch|p2b: Tyranitar|Tyranitar, L50, F|100/100
|-weather|Sandstorm|[from] ability: Sand Stream|[of] p2b: Tyranitar
|turn|3
|
|t:|1755117498
|switch|p1a: Pelipper|Pelipper, L50, M, shiny|100/100
|-weather|RainDance|[from] ability: Drizzle|[of] p1a: Pelipper
|move|p2a: Rillaboom|Grassy Glide|p1b: Dragonite
|-damage|p1b: Dragonite|0 fnt
|faint|p1b: Dragonite
|move|p2b: Tyranitar|Knock Off|p1a: Pelipper
|-damage|p1a: Pelipper|34/100
|-enditem|p1a: Pelipper|Focus Sash|[from] move: Knock Off|[of] p2b: Tyranitar
|
|-weather|RainDance|[upkeep]
|-heal|p2a: Rillaboom|100/100|[from] Grassy Terrain
|upkeep
|
|t:|1755117510
|switch|p1b: Sinistcha|Sinistcha, L50|66/100
|-heal|p1a: Pelipper|59/100|[from] ability: Hospitality|[of] p1b: Sinistcha
|turn|4
|
|t:|1755117519
|switch|p2b: Magmar|Magmar, L50, M|100/100
|move|p2a: Rillaboom|Grassy Glide|p1a: Pelipper
|-damage|p1a: Pelipper|0 fnt
|faint|p1a: Pelipper
|move|p1b: Sinistcha|Trick Room|p1b: Sinistcha
|-fieldstart|move: Trick Room|[of] p1b: Sinistcha
|
|-weather|RainDance|[upkeep]
|-heal|p1b: Sinistcha|72/100|[from] Grassy Terrain
|upkeep
|
|t:|1755117525
|switch|p1a: Ursaluna|Ursaluna, L50, M|100/100 brn
|turn|5
|
|t:|1755117542
|move|p2b: Magmar|Follow Me|p2b: Magmar
|-singleturn|p2b: Magmar|move: Follow Me
|move|p2a: Rillaboom|Grassy Glide|p1a: Ursaluna
|-supereffective|p1a: Ursaluna
|-damage|p1a: Ursaluna|33/100 brn
|move|p1b: Sinistcha|Life Dew|p1b: Sinistcha|[spread] p1a,p1b
|-heal|p1a: Ursaluna|58/100 brn
|-heal|p1b: Sinistcha|97/100
|move|p1a: Ursaluna|Facade|p2b: Magmar
|-damage|p2b: Magmar|0 fnt
|faint|p2b: Magmar
|
|-weather|RainDance|[upkeep]
|-heal|p1b: Sinistcha|100/100|[from] Grassy Terrain
|-heal|p1a: Ursaluna|64/100 brn|[from] Grassy Terrain
|-damage|p1a: Ursaluna|58/100 brn|[from] brn
|-fieldend|move: Grassy Terrain
|upkeep
|
|t:|1755117554
|switch|p2b: Tyranitar|Tyranitar, L50, F|100/100
|-weather|Sandstorm|[from] ability: Sand Stream|[of] p2b: Tyranitar
|turn|6
|
|t:|1755117574
|move|p2b: Tyranitar|Low Kick|p1a: Ursaluna
|-supereffective|p1a: Ursaluna
|-damage|p1a: Ursaluna|0 fnt
|faint|p1a: Ursaluna
|move|p1b: Sinistcha|Life Dew||[still]
|-fail|p1b: Sinistcha|heal
|move|p2a: Rillaboom|Grassy Glide|p1b: Sinistcha
|-resisted|p1b: Sinistcha
|-damage|p1b: Sinistcha|86/100
|
|-weather|Sandstorm|[upkeep]
|-damage|p1b: Sinistcha|80/100|[from] Sandstorm
|-damage|p2a: Rillaboom|95/100|[from] Sandstorm
|upkeep
|turn|7
|
|t:|1755117585
|move|p2b: Tyranitar|Knock Off|p1b: Sinistcha
|-supereffective|p1b: Sinistcha
|-damage|p1b: Sinistcha|0 fnt
|-enditem|p1b: Sinistcha|Sitrus Berry|[from] move: Knock Off|[of] p2b: Tyranitar
|faint|p1b: Sinistcha
|
|win|fanman64
|raw|thedelybird's rating: 1201 → 1176(-25 for losing)
|raw|fanman64's rating: 1204 → 1229(+25 for winning)
