|j|☆BonnieSSR
|j|☆Iamsliverfish
|html|BonnieSSRIamsliverfish    
|uhtml|bestof|Game 2 of a best-of-3
|t:|1756478263
|gametype|doubles
|player|p1|BonnieSSR|miku-ground|1242
|player|p2|Iamsliverfish|silver-masters|1420
|gen|9
|tier|[Gen 9] VGC 2025 Reg H (Bo3)
|rated|
|rule|Species Clause: Limit one of each Pokémon
|rule|Item Clause: Limit 1 of each item
|clearpoke
|poke|p1|Tyranitar, L50, M|
|poke|p1|Amoonguss, L50, F|
|poke|p1|Kilowattrel, L50, F|
|poke|p1|Excadrill, L50, F|
|poke|p1|Kommo-o, L50, F|
|poke|p1|Incineroar, L50, M|
|poke|p2|Dragonite, L50, M|
|poke|p2|Gholdengo, L50|
|poke|p2|Sneasler, L50, F|
|poke|p2|Garchomp, L50, F|
|poke|p2|Ninetales-Alola, L50, M|
|poke|p2|Electabuzz, L50, F|
|teampreview|4
|showteam|p1|Tyranitar||AssaultVest|SandStream|LowKick,RockSlide,KnockOff,TeraBlast|||M|||50|,,,,,Flying]Amoonguss||SitrusBerry|Regenerator|Spore,RagePowder,SludgeBomb,Protect|||F|||50|,,,,,Water]Kilowattrel||ChoiceSpecs|Competitive|Thunderbolt,Discharge,VoltSwitch,AirSlash|||F|||50|,,,,,Ghost]Excadrill||FocusSash|SandRush|IronHead,Earthquake,HighHorsepower,Protect|||F|||50|,,,,,Ground]Kommo-o||Leftovers|Overcoat|IronDefense,BodyPress,ThroatChop,Protect|||F|||50|,,,,,Steel]Incineroar||SafetyGoggles|Intimidate|FlareBlitz,KnockOff,PartingShot,FakeOut|||M|||50|,,,,,Ghost
|showteam|p2|Dragonite||LoadedDice|Multiscale|ScaleShot,Tailwind,Haze,Protect|||M|||50|,,,,,Fairy]Gholdengo||LifeOrb|GoodasGold|MakeItRain,ShadowBall,NastyPlot,Protect||||||50|,,,,,Water]Sneasler||FocusSash|Unburden|CloseCombat,DireClaw,FakeOut,Coaching|||F|||50|,,,,,Stellar]Garchomp||ClearAmulet|RoughSkin|Earthquake,StompingTantrum,DragonClaw,Protect|||F|||50|,,,,,Steel]Ninetales-Alola||ChoiceSpecs|SnowWarning|Blizzard,IcyWind,Moonblast,FreezeDry|||M|||50|,,,,,Ghost]Electabuzz||Eviolite|VitalSpirit|Electroweb,Taunt,FollowMe,Protect|||F|||50|,,,,,Dragon
|
|t:|1756478289
|teamsize|p1|4
|teamsize|p2|4
|start
|switch|p1a: Transassa|Amoonguss, L50, F, shiny|100/100
|switch|p1b: Wolfey|Incineroar, L50, M, shiny|100/100
|switch|p2a: faketile|Sneasler, L50, F|100/100
|switch|p2b: Gholdeggo|Gholdengo, L50|100/100
|-ability|p1b: Wolfey|Intimidate|boost
|-unboost|p2a: faketile|atk|1
|-unboost|p2b: Gholdeggo|atk|1
|turn|1
|
|t:|1756478330
|switch|p1a: Ouroboros|Tyranitar, L50, M, shiny|100/100
|-weather|Sandstorm|[from] ability: Sand Stream|[of] p1a: Ouroboros
|-terastallize|p1b: Wolfey|Ghost
|move|p2a: faketile|Close Combat|p1b: Wolfey
|-immune|p1b: Wolfey
|move|p2b: Gholdeggo|Make It Rain|p1a: Ouroboros|[spread] p1a,p1b
|-supereffective|p1a: Ouroboros
|-damage|p1a: Ouroboros|59/100
|-damage|p1b: Wolfey|50/100
|-unboost|p2b: Gholdeggo|spa|1
|-damage|p2b: Gholdeggo|91/100|[from] item: Life Orb
|move|p1b: Wolfey|Parting Shot|p2a: faketile
|-unboost|p2a: faketile|atk|1
|-unboost|p2a: faketile|spa|1
|
|t:|1756478340
|switch|p1b: Lacey|Excadrill, L50, F, shiny|100/100|[from] Parting Shot
|
|-weather|Sandstorm|[upkeep]
|-damage|p2a: faketile|95/100|[from] Sandstorm
|upkeep
|turn|2
|
|t:|1756478378
|switch|p1a: Transassa|Amoonguss, L50, F, shiny|100/100
|move|p1b: Lacey|Iron Head|p2a: faketile
|-damage|p2a: faketile|23/100
|move|p2a: faketile|Close Combat|p1b: Lacey
|-supereffective|p1b: Lacey
|-damage|p1b: Lacey|10/100
|-unboost|p2a: faketile|def|1
|-unboost|p2a: faketile|spd|1
|move|p2b: Gholdeggo|Make It Rain|p1b: Lacey|[spread] p1a,p1b
|-resisted|p1b: Lacey
|-damage|p1a: Transassa|70/100
|-damage|p1b: Lacey|0 fnt
|-unboost|p2b: Gholdeggo|spa|1
|faint|p1b: Lacey
|-damage|p2b: Gholdeggo|81/100|[from] item: Life Orb
|
|-weather|Sandstorm|[upkeep]
|-damage|p2a: faketile|17/100|[from] Sandstorm
|-damage|p1a: Transassa|64/100|[from] Sandstorm
|upkeep
|
|t:|1756478385
|switch|p1b: Wolfey|Incineroar, L50, M, shiny, tera:Ghost|50/100
|-ability|p1b: Wolfey|Intimidate|boost
|-unboost|p2a: faketile|atk|1
|-unboost|p2b: Gholdeggo|atk|1
|turn|3
|
|t:|1756478394
|move|p2a: faketile|Dire Claw|p1a: Transassa
|-damage|p1a: Transassa|50/100
|-enditem|p1a: Transassa|Sitrus Berry|[eat]
|-heal|p1a: Transassa|75/100|[from] item: Sitrus Berry
|move|p2b: Gholdeggo|Shadow Ball|p1b: Wolfey
|-supereffective|p1b: Wolfey
|-damage|p1b: Wolfey|4/100
|-damage|p2b: Gholdeggo|72/100|[from] item: Life Orb
|move|p1b: Wolfey|Knock Off|p2b: Gholdeggo
|-supereffective|p2b: Gholdeggo
|-damage|p2b: Gholdeggo|0 fnt
|-enditem|p2b: Gholdeggo|Life Orb|[from] move: Knock Off|[of] p1b: Wolfey
|faint|p2b: Gholdeggo
|move|p1a: Transassa|Sludge Bomb|p2a: faketile
|-resisted|p2a: faketile
|-damage|p2a: faketile|0 fnt
|faint|p2a: faketile
|
|-weather|Sandstorm|[upkeep]
|-damage|p1a: Transassa|69/100|[from] Sandstorm
|upkeep
|
|t:|1756478398
|switch|p2a: sharktile|Garchomp, L50, F|100/100
|switch|p2b: scale shot misses|Dragonite, L50, M|100/100
|turn|4
|
|t:|1756478413
|move|p2a: sharktile|Earthquake|p1b: Wolfey|[spread] p1a,p1b
|-immune|p2b: scale shot misses
|-crit|p1b: Wolfey
|-damage|p1a: Transassa|35/100
|-damage|p1b: Wolfey|0 fnt
|faint|p1b: Wolfey
|move|p2b: scale shot misses|Scale Shot|p1a: Transassa
|-damage|p1a: Transassa|22/100
|-damage|p1a: Transassa|10/100
|-damage|p1a: Transassa|0 fnt
|faint|p1a: Transassa
|-hitcount|p1: Transassa|3
|-unboost|p2b: scale shot misses|def|1
|-boost|p2b: scale shot misses|spe|1
|
|-weather|Sandstorm|[upkeep]
|-damage|p2b: scale shot misses|95/100|[from] Sandstorm
|upkeep
|
|t:|1756478418
|switch|p1b: Ouroboros|Tyranitar, L50, M, shiny|59/100
|turn|5
|
|t:|1756478422
|-terastallize|p2b: scale shot misses|Fairy
|move|p2b: scale shot misses|Scale Shot|p1b: Ouroboros
|-damage|p1b: Ouroboros|46/100
|-damage|p1b: Ouroboros|32/100
|-damage|p1b: Ouroboros|20/100
|-damage|p1b: Ouroboros|8/100
|-hitcount|p1b: Ouroboros|4
|-unboost|p2b: scale shot misses|def|1
|-boost|p2b: scale shot misses|spe|1
|move|p2a: sharktile|Earthquake|p1b: Ouroboros|[spread] p2b,p1b
|-supereffective|p1b: Ouroboros
|-damage|p2b: scale shot misses|5/100
|-damage|p1b: Ouroboros|0 fnt
|faint|p1b: Ouroboros
|
|win|Iamsliverfish
|raw|BonnieSSR's rating: 1242 → 1230(-12 for losing)
|raw|Iamsliverfish's rating: 1447 → 1456(+9 for winning)
|l|☆Iamsliverfish
|player|p2|
