|j|☆Realfrytki
|j|☆failandimprove3
|html|Realfrytkifailandimprove3    
|uhtml|bestof|Game 3 of a best-of-3
|t:|1783538098
|gametype|doubles
|player|p1|Realfrytki|veteranf|
|player|p2|failandimprove3|266|
|gen|9
|tier|[Gen 9 Champions] VGC 2026 Reg M-B (Bo3)
|rule|Species Clause: Limit one of each Pokémon
|rule|Item Clause: Limit 1 of each item
|clearpoke
|poke|p1|Archaludon, L50, M|
|poke|p1|Pelipper, L50, F|
|poke|p1|Grimmsnarl, L50, M|
|poke|p1|Swampert, L50, M|
|poke|p1|Charizard, L50, F|
|poke|p1|Venusaur, L50, F|
|poke|p2|Charizard, L50, F|
|poke|p2|Floette-Eternal, L50, F|
|poke|p2|Whimsicott, L50, M|
|poke|p2|Basculegion, L50, M|
|poke|p2|Kingambit, L50, M|
|poke|p2|Garchomp, L50, M|
|teampreview|4
|showteam|p1|Archaludon||Leftovers|Stamina|DragonPulse,FlashCannon,ElectroShot,Protect|Modest||M|||50|]Pelipper||LifeOrb|Drizzle|Hurricane,WeatherBall,Protect,Tailwind|Modest||F|||50|]Grimmsnarl||LightClay|Prankster|SpiritBreak,PartingShot,LightScreen,Reflect|Sassy||M|||50|]Swampert||Swampertite|Torrent|WaveCrash,Earthquake,IcePunch,Protect|Adamant||M|||50|]Charizard||CharizarditeY|Blaze|HeatWave,SolarBeam,WeatherBall,Protect|Modest||F|||50|]Venusaur||FocusSash|Chlorophyll|EnergyBall,SludgeBomb,SleepPowder,Protect|Timid||F|||50|
|showteam|p2|Charizard||CharizarditeY|Blaze|HeatWave,WeatherBall,SolarBeam,Protect|Modest||F|||50|]Floette-Eternal||Floettite|FlowerVeil|Moonblast,DazzlingGleam,LightofRuin,Protect|Timid||F|||50|]Whimsicott||FocusSash|Prankster|Moonblast,Tailwind,Encore,Protect|Timid||M|||50|]Basculegion||MysticWater|Adaptability|WaveCrash,LastRespects,AquaJet,Protect|Adamant||M|||50|]Kingambit||ChopleBerry|Defiant|KowtowCleave,SuckerPunch,IronHead,LowKick|Adamant||M|||50|]Garchomp||LifeOrb|RoughSkin|Earthquake,RockSlide,DragonClaw,Protect|Jolly||M|||50|
|j| BrabreiVGC
|
|t:|1783538185
|teamsize|p1|4
|teamsize|p2|4
|start
|switch|p1a: Charizard|Charizard, L50, F|100/100
|switch|p1b: Venusaur|Venusaur, L50, F|100/100
|switch|p2a: Floette|Floette-Eternal, L50, F|100/100
|switch|p2b: Whimsicott|Whimsicott, L50, M|100/100
|turn|1
|
|t:|1783538216
|switch|p2a: Garchomp|Garchomp, L50, M|100/100
|detailschange|p1a: Charizard|Charizard-Mega-Y, L50, F
|-mega|p1a: Charizard|Charizard|Charizardite Y
|-weather|SunnyDay|[from] ability: Drought|[of] p1a: Charizard
|move|p2b: Whimsicott|Tailwind|p2b: Whimsicott
|-sidestart|p2: failandimprove3|move: Tailwind
|move|p1b: Venusaur|Sludge Bomb|p2a: Garchomp
|-resisted|p2a: Garchomp|1
|-damage|p2a: Garchomp|77/100
|-status|p2a: Garchomp|psn
|move|p1a: Charizard|Heat Wave|p2a: Garchomp|[spread] p2a,p2b
|-resisted|p2a: Garchomp|1
|-crit|p2a: Garchomp
|-supereffective|p2b: Whimsicott|1
|-damage|p2a: Garchomp|29/100 psn
|-enditem|p2b: Whimsicott|Focus Sash
|-damage|p2b: Whimsicott|1/100
|
|-weather|SunnyDay|[upkeep]
|-damage|p2a: Garchomp|16/100 psn|[from] psn
|upkeep
|turn|2
|
|t:|1783538246
|switch|p2b: Floette|Floette-Eternal, L50, F|100/100
|switch|p1a: Archaludon|Archaludon, L50, M|100/100
|move|p1b: Venusaur|Protect|p1b: Venusaur
|-singleturn|p1b: Venusaur|Protect
|move|p2a: Garchomp|Rock Slide|p1a: Archaludon|[spread] p1a
|-activate|p1b: Venusaur|move: Protect
|-resisted|p1a: Archaludon|1
|-damage|p1a: Archaludon|91/100
|-ability|p1a: Archaludon|Stamina|boost
|-boost|p1a: Archaludon|def|1
|-damage|p2a: Garchomp|7/100 psn|[from] item: Life Orb
|
|-weather|SunnyDay|[upkeep]
|-heal|p1a: Archaludon|97/100|[from] item: Leftovers
|-damage|p2a: Garchomp|0 fnt|[from] psn
|faint|p2a: Garchomp
|upkeep
|
|t:|1783538258
|switch|p2a: Basculegion|Basculegion, L50, M|100/100
|turn|3
|
|t:|1783538276
|detailschange|p2b: Floette|Floette-Mega, L50, F
|-mega|p2b: Floette|Floette|Floettite
|-ability|p2b: Floette|Fairy Aura
|move|p2b: Floette|Light of Ruin|p1a: Archaludon
|-damage|p1a: Archaludon|0 fnt
|faint|p1a: Archaludon
|-damage|p2b: Floette|36/100|[from] Recoil
|move|p1b: Venusaur|Sleep Powder|p2a: Basculegion|[miss]
|-miss|p1b: Venusaur|p2a: Basculegion
|move|p2a: Basculegion|Last Respects|p1b: Venusaur
|-damage|p1b: Venusaur|15/100
|
|-weather|SunnyDay|[upkeep]
|upkeep
|
|t:|1783538289
|switch|p1a: Charizard|Charizard-Mega-Y, L50, F|100/100
|turn|4
|
|t:|1783538314
|move|p1b: Venusaur|Protect|p1b: Venusaur
|-singleturn|p1b: Venusaur|Protect
|move|p2b: Floette|Dazzling Gleam|p1a: Charizard|[spread] p1a
|-activate|p1b: Venusaur|move: Protect
|-resisted|p1a: Charizard|1
|-damage|p1a: Charizard|79/100
|move|p2a: Basculegion|Last Respects|p1a: Charizard
|-damage|p1a: Charizard|16/100
|move|p1a: Charizard|Heat Wave|p2a: Basculegion|[spread] p2a,p2b
|-resisted|p2a: Basculegion|1
|-damage|p2a: Basculegion|63/100
|-damage|p2b: Floette|0 fnt
|faint|p2b: Floette
|
|-weather|SunnyDay|[upkeep]
|-sideend|p2: failandimprove3|move: Tailwind
|upkeep
|
|t:|1783538318
|switch|p2b: Whimsicott|Whimsicott, L50, M|1/100
|turn|5
|
|t:|1783538354
|move|p2b: Whimsicott|Encore|p1b: Venusaur
|-start|p1b: Venusaur|Encore
|move|p1b: Venusaur|Protect||[still]
|-fail|p1b: Venusaur
|move|p2a: Basculegion|Aqua Jet|p1a: Charizard
|-supereffective|p1a: Charizard|1
|-damage|p1a: Charizard|0 fnt
|faint|p1a: Charizard
|
|-weather|none
|upkeep
|
|t:|1783538362
|switch|p1a: Pelipper|Pelipper, L50, F|100/100
|-weather|RainDance|[from] ability: Drizzle|[of] p1a: Pelipper
|turn|6
|
|t:|1783538386
|move|p1b: Venusaur|Protect|p1b: Venusaur
|-singleturn|p1b: Venusaur|Protect
|move|p2b: Whimsicott|Tailwind|p2b: Whimsicott
|-sidestart|p2: failandimprove3|move: Tailwind
|move|p2a: Basculegion|Last Respects|p1a: Pelipper
|-damage|p1a: Pelipper|0 fnt
|faint|p1a: Pelipper
|
|-weather|RainDance|[upkeep]
|upkeep
|turn|7
|c|☆Realfrytki|gg
|-message|Realfrytki forfeited.
|
|win|failandimprove3
