|j|☆Gottkomplexe
|j|☆Paco Amores
|html|GottkomplexePaco Amores    
|uhtml|bestof|Game 1 of a best-of-3
|t:|1782750419
|gametype|doubles
|player|p1|Gottkomplexe|ilima|1225
|player|p2|Paco Amores|102|1085
|gen|9
|tier|[Gen 9 Champions] VGC 2026 Reg M-B (Bo3)
|rated|
|rule|Species Clause: Limit one of each Pokémon
|rule|Item Clause: Limit 1 of each item
|clearpoke
|poke|p1|Charizard, L50, M|
|poke|p1|Incineroar, L50, F|
|poke|p1|Sneasler, L50, M|
|poke|p1|Sinistcha, L50|
|poke|p1|Milotic, L50, M|
|poke|p1|Floette-Eternal, L50, F|
|poke|p2|Metagross, L50|
|poke|p2|Hydreigon, L50, F|
|poke|p2|Sinistcha, L50|
|poke|p2|Incineroar, L50, F|
|poke|p2|Aerodactyl, L50, F|
|poke|p2|Sylveon, L50, M|
|teampreview|4
|showteam|p1|Charizard||CharizarditeX|Blaze|FlareBlitz,DragonClaw,DragonDance,Protect|Adamant||M|||50|]Incineroar||Leftovers|Intimidate|FlareBlitz,FakeOut,PartingShot,HelpingHand|Sassy||F|||50|]Sneasler||FocusSash|PoisonTouch|CloseCombat,PoisonJab,FakeOut,Protect|Jolly||M|||50|]Sinistcha||SitrusBerry|Hospitality|MatchaGotcha,RagePowder,TrickRoom,Protect|Bold|||||50|]Milotic||MysticWater|Competitive|MuddyWater,Hypnosis,Coil,Recover|Calm||M|||50|]Floette-Eternal||Floettite|FlowerVeil|DazzlingGleam,DrainingKiss,CalmMind,Protect|Modest||F|||50|
|showteam|p2|Metagross||Metagrossite|ClearBody|PsychicFangs,IronHead,RockSlide,Protect|Jolly|||||50|]Hydreigon||ChoiceScarf|Levitate|DracoMeteor,DarkPulse,Snarl,EarthPower|Modest||F|||50|]Sinistcha||SitrusBerry|Hospitality|MatchaGotcha,RagePowder,TrickRoom,Protect|Bold|||||50|]Incineroar||PasshoBerry|Intimidate|FlareBlitz,ThroatChop,PartingShot,FakeOut|Careful||F|||50|]Aerodactyl||Aerodactylite|Unnerve|RockSlide,DualWingbeat,Tailwind,Protect|Jolly||F|||50|]Sylveon||FairyFeather|Pixilate|HyperBeam,HyperVoice,QuickAttack,Detect|Modest||M|||50|
|inactive|Battle timer is ON: inactive players will automatically lose when time's up. (requested by Gottkomplexe)
|inactive|Paco Amores has 60 seconds left.
|inactive|Paco Amores has 30 seconds left.
|inactive|Paco Amores has 20 seconds left.
|inactive|Paco Amores has 15 seconds left.
|inactive|Paco Amores has 10 seconds left.
|inactive|Paco Amores has 5 seconds left.
|
|t:|1782750508
|teamsize|p1|4
|teamsize|p2|4
|start
|switch|p1a: Milotic|Milotic, L50, M|100/100
|switch|p1b: Charizard|Charizard, L50, M|100/100
|switch|p2a: Metagross|Metagross, L50|100/100
|switch|p2b: Aerodactyl|Aerodactyl, L50, F|100/100
|-ability|p2b: Aerodactyl|Unnerve
|turn|1
|
|t:|1782750528
|switch|p1a: Sneasler|Sneasler, L50, M|100/100
|detailschange|p2a: Metagross|Metagross-Mega, L50
|-mega|p2a: Metagross|Metagross|Metagrossite
|move|p1b: Charizard|Protect|p1b: Charizard
|-singleturn|p1b: Charizard|Protect
|move|p2b: Aerodactyl|Tailwind|p2b: Aerodactyl
|-sidestart|p2: Paco Amores|move: Tailwind
|move|p2a: Metagross|Rock Slide|p1a: Sneasler|[spread] 
|-activate|p1b: Charizard|move: Protect
|-miss|p2a: Metagross|p1a: Sneasler
|
|upkeep
|turn|2
|
|t:|1782750552
|detailschange|p1b: Charizard|Charizard-Mega-X, L50, M
|-mega|p1b: Charizard|Charizard|Charizardite X
|move|p1a: Sneasler|Fake Out|p2b: Aerodactyl
|-resisted|p2b: Aerodactyl|1
|-damage|p2b: Aerodactyl|89/100
|-status|p2b: Aerodactyl|psn|[from] ability: Poison Touch|[of] p1a: Sneasler
|cant|p2b: Aerodactyl|flinch
|move|p2a: Metagross|Rock Slide|p1a: Sneasler|[spread] p1a,p1b
|-resisted|p1a: Sneasler|1
|-supereffective|p1b: Charizard|1
|-damage|p1a: Sneasler|82/100
|-damage|p1b: Charizard|55/100
|move|p1b: Charizard|Dragon Dance|p1b: Charizard
|-boost|p1b: Charizard|atk|1
|-boost|p1b: Charizard|spe|1
|
|-damage|p2b: Aerodactyl|77/100 psn|[from] psn
|upkeep
|turn|3
|inactive|Paco Amores has 30 seconds left.
|
|t:|1782750578
|switch|p1a: Incineroar|Incineroar, L50, F|100/100
|-ability|p1a: Incineroar|Intimidate|boost
|-unboost|p2a: Metagross|atk|1
|-unboost|p2b: Aerodactyl|atk|1
|move|p1b: Charizard|Protect|p1b: Charizard
|-singleturn|p1b: Charizard|Protect
|move|p2b: Aerodactyl|Rock Slide|p1a: Incineroar|[spread] p1a
|-activate|p1b: Charizard|move: Protect
|-supereffective|p1a: Incineroar|1
|-damage|p1a: Incineroar|69/100
|move|p2a: Metagross|Rock Slide|p1a: Incineroar|[spread] p1a
|-activate|p1b: Charizard|move: Protect
|-supereffective|p1a: Incineroar|1
|-damage|p1a: Incineroar|42/100
|
|-heal|p1a: Incineroar|48/100|[from] item: Leftovers
|-damage|p2b: Aerodactyl|64/100 psn|[from] psn
|upkeep
|turn|4
|inactive|Paco Amores has 30 seconds left.
|
|t:|1782750603
|move|p1a: Incineroar|Fake Out|p2a: Metagross
|-resisted|p2a: Metagross|1
|-crit|p2a: Metagross
|-damage|p2a: Metagross|93/100
|move|p2b: Aerodactyl|Rock Slide|p1b: Charizard|[spread] p1a,p1b
|-supereffective|p1a: Incineroar|1
|-supereffective|p1b: Charizard|1
|-damage|p1a: Incineroar|18/100
|-damage|p1b: Charizard|22/100
|cant|p2a: Metagross|flinch
|move|p1b: Charizard|Dragon Dance|p1b: Charizard
|-boost|p1b: Charizard|atk|1
|-boost|p1b: Charizard|spe|1
|
|-heal|p1a: Incineroar|24/100|[from] item: Leftovers
|-damage|p2b: Aerodactyl|52/100 psn|[from] psn
|-sideend|p2: Paco Amores|move: Tailwind
|upkeep
|turn|5
|inactive|Gottkomplexe has 30 seconds left.
|inactive|Gottkomplexe has 20 seconds left.
|inactive|Gottkomplexe has 15 seconds left.
|
|t:|1782750647
|move|p1b: Charizard|Dragon Claw|p2b: Aerodactyl
|-damage|p2b: Aerodactyl|0 fnt
|faint|p2b: Aerodactyl
|move|p2a: Metagross|Rock Slide|p1a: Incineroar|[spread] p1a,p1b
|-supereffective|p1a: Incineroar|1
|-supereffective|p1b: Charizard|1
|-damage|p1a: Incineroar|0 fnt
|-damage|p1b: Charizard|0 fnt
|faint|p1a: Incineroar
|faint|p1b: Charizard
|
|upkeep
|
|t:|1782750667
|switch|p2b: Hydreigon|Hydreigon, L50, F|100/100
|switch|p1b: Sneasler|Sneasler, L50, M|82/100
|switch|p1a: Milotic|Milotic, L50, M|100/100
|turn|6
|
|t:|1782750688
|move|p1b: Sneasler|Fake Out|p2a: Metagross
|-resisted|p2a: Metagross|1
|-damage|p2a: Metagross|88/100
|move|p2b: Hydreigon|Dark Pulse|p1a: Milotic
|-damage|p1a: Milotic|69/100
|cant|p2a: Metagross|flinch
|move|p1a: Milotic|Coil|p1a: Milotic
|-boost|p1a: Milotic|atk|1
|-boost|p1a: Milotic|def|1
|-boost|p1a: Milotic|accuracy|1
|
|upkeep
|turn|7
|
|t:|1782750704
|move|p1b: Sneasler|Protect|p1b: Sneasler
|-singleturn|p1b: Sneasler|Protect
|move|p2b: Hydreigon|Dark Pulse|p1a: Milotic
|-damage|p1a: Milotic|38/100
|move|p2a: Metagross|Psychic Fangs|p1b: Sneasler
|-activate|p1b: Sneasler|move: Protect
|move|p1a: Milotic|Hypnosis|p2a: Metagross
|-status|p2a: Metagross|slp|[from] move: Hypnosis
|
|upkeep
|turn|8
|
|t:|1782750727
|move|p2b: Hydreigon|Dark Pulse|p1a: Milotic
|-damage|p1a: Milotic|11/100
|move|p1b: Sneasler|Close Combat|p2b: Hydreigon
|-supereffective|p2b: Hydreigon|1
|-damage|p2b: Hydreigon|0 fnt
|-unboost|p1b: Sneasler|def|1
|-unboost|p1b: Sneasler|spd|1
|faint|p2b: Hydreigon
|cant|p2a: Metagross|slp
|move|p1a: Milotic|Recover|p1a: Milotic
|-heal|p1a: Milotic|61/100
|
|upkeep
|
|t:|1782750732
|switch|p2b: Sinistcha|Sinistcha, L50|100/100
|-heal|p2a: Metagross|100/100 slp|[from] ability: Hospitality|[of] p2b: Sinistcha
|turn|9
|
|t:|1782750750
|move|p2b: Sinistcha|Protect|p2b: Sinistcha
|-singleturn|p2b: Sinistcha|Protect
|move|p1b: Sneasler|Poison Jab|p2b: Sinistcha
|-activate|p2b: Sinistcha|move: Protect
|cant|p2a: Metagross|slp
|move|p1a: Milotic|Muddy Water|p2a: Metagross|[spread] p2a
|-activate|p2b: Sinistcha|move: Protect
|-damage|p2a: Metagross|74/100 slp
|-unboost|p2a: Metagross|accuracy|1
|
|upkeep
|turn|10
|
|t:|1782750764
|move|p1b: Sneasler|Protect|p1b: Sneasler
|-singleturn|p1b: Sneasler|Protect
|-curestatus|p2a: Metagross|slp|[msg]
|move|p2a: Metagross|Psychic Fangs|p1b: Sneasler
|-activate|p1b: Sneasler|move: Protect
|move|p1a: Milotic|Muddy Water|p2b: Sinistcha|[spread] p2a,p2b
|-resisted|p2b: Sinistcha|1
|-damage|p2a: Metagross|46/100
|-damage|p2b: Sinistcha|86/100
|move|p2b: Sinistcha|Matcha Gotcha|p1b: Sneasler|[spread] p1a
|-activate|p1b: Sneasler|move: Protect
|-supereffective|p1a: Milotic|1
|-damage|p1a: Milotic|30/100
|-heal|p2b: Sinistcha|100/100|[from] drain|[of] p1a: Milotic
|
|upkeep
|turn|11
|
|t:|1782750780
|move|p1b: Sneasler|Poison Jab|p2b: Sinistcha
|-damage|p2b: Sinistcha|67/100
|move|p2a: Metagross|Psychic Fangs|p1b: Sneasler
|-supereffective|p1b: Sneasler|2
|-damage|p1b: Sneasler|0 fnt
|faint|p1b: Sneasler
|move|p1a: Milotic|Muddy Water|p2b: Sinistcha|[spread] p2a,p2b
|-resisted|p2b: Sinistcha|1
|-crit|p2b: Sinistcha
|-damage|p2a: Metagross|20/100y
|-damage|p2b: Sinistcha|47/100
|-enditem|p2b: Sinistcha|Sitrus Berry|[eat]
|-heal|p2b: Sinistcha|71/100|[from] item: Sitrus Berry
|move|p2b: Sinistcha|Matcha Gotcha|p1a: Milotic
|-supereffective|p1a: Milotic|1
|-damage|p1a: Milotic|0 fnt
|-heal|p2b: Sinistcha|88/100|[from] drain|[of] p1a: Milotic
|faint|p1a: Milotic
|
|win|Paco Amores
||Gottkomplexe is ready for game 2.
|inactive|Paco Amores has 30 seconds to confirm battle start!
