|j|☆SHyperdestroyerVGC
|j|☆vgceplt Karurosu
|html|SHyperdestroyerVGCvgceplt Karurosu    
|uhtml|bestof|Game 1 of a best-of-3
|t:|1783605367
|gametype|doubles
|player|p1|SHyperdestroyerVGC|lady|1224
|player|p2|vgceplt Karurosu|cynthia|1162
|gen|9
|tier|[Gen 9 Champions] VGC 2026 Reg M-B (Bo3)
|rated|
|rule|Species Clause: Limit one of each Pokémon
|rule|Item Clause: Limit 1 of each item
|clearpoke
|poke|p1|Froslass, L50, F|
|poke|p1|Kingambit, L50, F|
|poke|p1|Sneasler, L50, F|
|poke|p1|Rotom-Heat, L50|
|poke|p1|Whimsicott, L50, M|
|poke|p1|Basculegion, L50, M|
|poke|p2|Kingambit, L50, M|
|poke|p2|Charizard, L50, F|
|poke|p2|Aerodactyl, L50, M|
|poke|p2|Farigiraf, L50, F|
|poke|p2|Garchomp, L50, M|
|poke|p2|Sylveon, L50, F|
|teampreview|4
|showteam|p1|Froslass||Froslassite|SnowCloak|Blizzard,AuroraVeil,ShadowBall,Protect|Timid||F|||50|]Kingambit||BlackGlasses|Defiant|KowtowCleave,SuckerPunch,LowKick,Protect|Adamant||F|||50|]Sneasler||WhiteHerb|Unburden|FakeOut,DireClaw,CloseCombat,Protect|Adamant||F|||50|]Rotom-Heat||SitrusBerry|Levitate|Overheat,Thunderbolt,VoltSwitch,Protect|Timid|||||50|]Whimsicott||FocusSash|Prankster|Tailwind,Encore,EnergyBall,Protect|Timid||M|||50|]Basculegion||MysticWater|Adaptability|WaveCrash,LastRespects,AquaJet,Protect|Adamant||M|||50|
|showteam|p2|Kingambit||FocusSash|Defiant|KowtowCleave,IronHead,SuckerPunch,LowKick|Adamant||M|||50|]Charizard||CharizarditeY|Blaze|HeatWave,SolarBeam,WeatherBall,Protect|Modest||F|||50|]Aerodactyl||Aerodactylite|Unnerve|RockSlide,DualWingbeat,IceFang,Tailwind|Jolly||M|||50|]Farigiraf||SitrusBerry|ArmorTail|Psychic,Thunderbolt,TrickRoom,Protect|Bold||F|||50|]Garchomp||LifeOrb|RoughSkin|Earthquake,DragonClaw,StompingTantrum,Protect|Jolly||M|||50|]Sylveon||FairyFeather|Pixilate|HyperVoice,HyperBeam,QuickAttack,Protect|Modest||F|||50|
|
|t:|1783605428
|teamsize|p1|4
|teamsize|p2|4
|start
|switch|p1a: Rotom|Rotom-Heat, L50|100/100
|switch|p1b: Basculegion|Basculegion, L50, M|100/100
|switch|p2a: Farigiraf|Farigiraf, L50, F|100/100
|switch|p2b: Charizard|Charizard, L50, F|100/100
|turn|1
|
|t:|1783605479
|switch|p1b: Sneasler|Sneasler, L50, F|100/100
|detailschange|p2b: Charizard|Charizard-Mega-Y, L50, F
|-mega|p2b: Charizard|Charizard|Charizardite Y
|-weather|SunnyDay|[from] ability: Drought|[of] p2b: Charizard
|move|p2a: Farigiraf|Protect|p2a: Farigiraf
|-singleturn|p2a: Farigiraf|Protect
|move|p1a: Rotom|Volt Switch|p2b: Charizard
|-supereffective|p2b: Charizard|1
|-damage|p2b: Charizard|47/100
|
|t:|1783605504
|switch|p1a: Basculegion|Basculegion, L50, M|100/100|[from] Volt Switch
|move|p2b: Charizard|Solar Beam||[still]
|-prepare|p2b: Charizard|Solar Beam
|-anim|p2b: Charizard|Solar Beam|p1b: Sneasler
|-resisted|p1b: Sneasler|1
|-damage|p1b: Sneasler|67/100
|
|-weather|SunnyDay|[upkeep]
|upkeep
|turn|2
|
|t:|1783605521
|switch|p2b: Kingambit|Kingambit, L50, M|100/100
|move|p1b: Sneasler|Close Combat|p2a: Farigiraf
|-damage|p2a: Farigiraf|41/100
|-unboost|p1b: Sneasler|def|1
|-unboost|p1b: Sneasler|spd|1
|-enditem|p2a: Farigiraf|Sitrus Berry|[eat]
|-heal|p2a: Farigiraf|66/100|[from] item: Sitrus Berry
|-enditem|p1b: Sneasler|White Herb
|-clearnegativeboost|p1b: Sneasler|[silent]
|move|p1a: Basculegion|Wave Crash|p2a: Farigiraf
|-damage|p2a: Farigiraf|30/100
|-damage|p1a: Basculegion|88/100|[from] Recoil
|move|p2a: Farigiraf|Trick Room|p2a: Farigiraf
|-fieldstart|move: Trick Room|[of] p2a: Farigiraf
|
|-weather|SunnyDay|[upkeep]
|upkeep
|turn|3
|
|t:|1783605541
|switch|p1a: Whimsicott|Whimsicott, L50, M|100/100
|switch|p1b: Rotom|Rotom-Heat, L50|100/100
|move|p2a: Farigiraf|Psychic|p1b: Rotom
|-damage|p1b: Rotom|58/100
|move|p2b: Kingambit|Kowtow Cleave|p1a: Whimsicott
|-resisted|p1a: Whimsicott|1
|-crit|p1a: Whimsicott
|-damage|p1a: Whimsicott|53/100
|
|-weather|SunnyDay|[upkeep]
|upkeep
|turn|4
|
|t:|1783605561
|move|p2a: Farigiraf|Psychic|p1a: Whimsicott
|-damage|p1a: Whimsicott|6/100
|move|p2b: Kingambit|Kowtow Cleave|p1b: Rotom
|-damage|p1b: Rotom|0 fnt
|faint|p1b: Rotom
|move|p1a: Whimsicott|Energy Ball|p2a: Farigiraf
|-damage|p2a: Farigiraf|9/100
|
|-weather|SunnyDay|[upkeep]
|upkeep
|
|t:|1783605568
|switch|p1b: Basculegion|Basculegion, L50, M|88/100
|turn|5
|-message|SHyperdestroyerVGC forfeited.
|
|win|vgceplt Karurosu
||SHyperdestroyerVGC is ready for game 2.
||vgceplt Karurosu is ready for game 2.
|uhtml|next|Next: Game 2 of 3
