|j|☆itsvalkyrie
|j|☆noclickmoongeist
|html|itsvalkyrienoclickmoongeist    
|uhtml|bestof|Game 3 of a best-of-3
|t:|1756688647
|gametype|doubles
|player|p1|itsvalkyrie|blackbelt-gen4dp|1000
|player|p2|noclickmoongeist|102|1068
|gen|9
|tier|[Gen 9] VGC 2025 Reg H (Bo3)
|rated|
|rule|Species Clause: Limit one of each Pokémon
|rule|Item Clause: Limit 1 of each item
|clearpoke
|poke|p1|Ursaluna, L50, F|
|poke|p1|Gholdengo, L50|
|poke|p1|Porygon2, L50|
|poke|p1|Amoonguss, L50, F|
|poke|p1|Incineroar, L50, M|
|poke|p1|Hydreigon, L50, M|
|poke|p2|Torkoal, L50, F|
|poke|p2|Hatterene, L50, F|
|poke|p2|Indeedee-F, L50, F|
|poke|p2|Gallade, L50, M|
|poke|p2|Maushold, L50|
|poke|p2|Annihilape, L50, M|
|teampreview|4
|showteam|p1|Ursaluna||FlameOrb|Guts|Facade,Earthquake,HeadlongRush,Protect|||F|||50|,,,,,Ghost]Gholdengo||LifeOrb|GoodasGold|MakeItRain,ShadowBall,NastyPlot,Protect||||||50|,,,,,Water]Porygon2||Eviolite|Download|TeraBlast,IceBeam,Recover,TrickRoom||||||50|,,,,,Fighting]Amoonguss||CovertCloak|Regenerator|PollenPuff,ClearSmog,RagePowder,Spore|||F|||50|,,,,,Water]Incineroar||SitrusBerry|Intimidate|FakeOut,FlareBlitz,KnockOff,PartingShot|||M|||50|,,,,,Ghost]Hydreigon||SafetyGoggles|Levitate|DracoMeteor,Snarl,Tailwind,Protect|||M|||50|,,,,,Ghost
|showteam|p2|Torkoal||ChoiceSpecs|Drought|Eruption,HeatWave,WeatherBall,EarthPower|||F|||50|,,,,,Fire]Hatterene||CovertCloak|MagicBounce|ExpandingForce,DazzlingGleam,TeraBlast,TrickRoom|||F|||50|,,,,,Fire]Indeedee-F||PsychicSeed|PsychicSurge|FollowMe,HelpingHand,Psychic,TrickRoom|||F|||50|,,,,,Water]Gallade||ClearAmulet|Sharpness|PsychoCut,SacredSword,WideGuard,TrickRoom|||M|||50|,,,,,Grass]Maushold||WideLens|Technician|FollowMe,PopulationBomb,Taunt,Protect||||||50|,,,,,Ghost]Annihilape||ChoiceScarf|Defiant|FinalGambit,CloseCombat,Uturn,RageFist|||M|||50|,,,,,Fire
|inactive|Battle timer is ON: inactive players will automatically lose when time's up. (requested by itsvalkyrie)
|inactive|itsvalkyrie has 60 seconds left.
|inactive|noclickmoongeist has 60 seconds left.
|
|t:|1756688686
|teamsize|p1|4
|teamsize|p2|4
|start
|switch|p1a: Hydreigon|Hydreigon, L50, M|100/100
|switch|p1b: Incineroar|Incineroar, L50, M|100/100
|switch|p2a: Indeedee|Indeedee-F, L50, F|100/100
|switch|p2b: Gallade|Gallade, L50, M|100/100
|-ability|p1b: Incineroar|Intimidate|boost
|-unboost|p2a: Indeedee|atk|1
|-fail|p2b: Gallade|unboost|[from] item: Clear Amulet|[of] p2b: Gallade
|-fieldstart|move: Psychic Terrain|[from] ability: Psychic Surge|[of] p2a: Indeedee
|-enditem|p2a: Indeedee|Psychic Seed
|-boost|p2a: Indeedee|spd|1|[from] item: Psychic Seed
|turn|1
|inactive|noclickmoongeist has 30 seconds left.
|
|t:|1756688712
|move|p2a: Indeedee|Follow Me|p2a: Indeedee
|-singleturn|p2a: Indeedee|move: Follow Me
|move|p1a: Hydreigon|Snarl|p2b: Gallade|[spread] p2a,p2b
|-supereffective|p2a: Indeedee
|-damage|p2a: Indeedee|79/100
|-damage|p2b: Gallade|81/100
|-unboost|p2a: Indeedee|spa|1
|move|p1b: Incineroar|Knock Off|p2a: Indeedee
|-supereffective|p2a: Indeedee
|-damage|p2a: Indeedee|17/100
|move|p2b: Gallade|Trick Room|p2b: Gallade
|-fieldstart|move: Trick Room|[of] p2b: Gallade
|
|upkeep
|turn|2
|inactive|noclickmoongeist has 30 seconds left.
|
|t:|1756688743
|move|p2a: Indeedee|Helping Hand|p2b: Gallade
|-singleturn|p2b: Gallade|Helping Hand|[of] p2a: Indeedee
|move|p2b: Gallade|Sacred Sword|p1b: Incineroar
|-supereffective|p1b: Incineroar
|-damage|p1b: Incineroar|0 fnt
|faint|p1b: Incineroar
|move|p1a: Hydreigon|Draco Meteor|p2b: Gallade
|-damage|p2b: Gallade|21/100
|-unboost|p1a: Hydreigon|spa|2
|
|upkeep
|
|t:|1756688755
|switch|p1b: Ursaluna|Ursaluna, L50, F|100/100
|turn|3
|
|t:|1756688771
|move|p2a: Indeedee|Follow Me|p2a: Indeedee
|-singleturn|p2a: Indeedee|move: Follow Me
|move|p2b: Gallade|Sacred Sword|p1b: Ursaluna
|-supereffective|p1b: Ursaluna
|-damage|p1b: Ursaluna|0 fnt
|faint|p1b: Ursaluna
|move|p1a: Hydreigon|Snarl|p2a: Indeedee|[spread] p2a,p2b
|-supereffective|p2a: Indeedee
|-damage|p2a: Indeedee|3/100
|-damage|p2b: Gallade|12/100
|-unboost|p2a: Indeedee|spa|1
|
|upkeep
|
|t:|1756688781
|switch|p1b: Gholdengo|Gholdengo, L50|100/100
|turn|4
|inactive|noclickmoongeist has 30 seconds left.
|
|t:|1756688809
|move|p1b: Gholdengo|Protect|p1b: Gholdengo
|-singleturn|p1b: Gholdengo|Protect
|move|p2b: Gallade|Wide Guard|p2b: Gallade
|-singleturn|p2b: Gallade|Wide Guard
|move|p2a: Indeedee|Follow Me|p2a: Indeedee
|-singleturn|p2a: Indeedee|move: Follow Me
|move|p1a: Hydreigon|Snarl|p2b: Gallade|[spread] 
|-activate|p2a: Indeedee|move: Wide Guard
|-activate|p2b: Gallade|move: Wide Guard
|
|upkeep
|turn|5
|inactive|noclickmoongeist has 30 seconds left.
|inactive|noclickmoongeist has 20 seconds left.
|inactive|noclickmoongeist has 15 seconds left.
|
|t:|1756688850
|switch|p2a: Torkoal|Torkoal, L50, F|100/100
|-weather|SunnyDay|[from] ability: Drought|[of] p2a: Torkoal
|move|p2b: Gallade|Wide Guard|p2b: Gallade
|-singleturn|p2b: Gallade|Wide Guard
|move|p1b: Gholdengo|Nasty Plot|p1b: Gholdengo
|-boost|p1b: Gholdengo|spa|2
|move|p1a: Hydreigon|Draco Meteor|p2b: Gallade
|-damage|p2b: Gallade|0 fnt
|-unboost|p1a: Hydreigon|spa|2
|faint|p2b: Gallade
|
|-weather|SunnyDay|[upkeep]
|-fieldend|move: Trick Room
|-fieldend|move: Psychic Terrain
|upkeep
|
|t:|1756688874
|switch|p2b: Indeedee|Indeedee-F, L50, F|3/100
|-fieldstart|move: Psychic Terrain|[from] ability: Psychic Surge|[of] p2b: Indeedee
|turn|6
|
|t:|1756688888
|-terastallize|p1b: Gholdengo|Water
|move|p2b: Indeedee|Helping Hand|p2a: Torkoal
|-singleturn|p2a: Torkoal|Helping Hand|[of] p2b: Indeedee
|move|p1a: Hydreigon|Snarl|p2a: Torkoal|[spread] p2a,p2b
|-supereffective|p2b: Indeedee
|-damage|p2a: Torkoal|92/100
|-damage|p2b: Indeedee|0 fnt
|-unboost|p2a: Torkoal|spa|1
|faint|p2b: Indeedee
|move|p1b: Gholdengo|Make It Rain|p2a: Torkoal
|-resisted|p2a: Torkoal
|-damage|p2a: Torkoal|0 fnt
|-unboost|p1b: Gholdengo|spa|1
|faint|p2a: Torkoal
|-damage|p1b: Gholdengo|91/100|[from] item: Life Orb
|
|-weather|SunnyDay|[upkeep]
|upkeep
|
|t:|1756688904
|switch|p2b: Annihilape|Annihilape, L50, M|100/100
|turn|7
|
|t:|1756688919
|-terastallize|p2b: Annihilape|Fire
|move|p2b: Annihilape|Close Combat|p1a: Hydreigon
|-supereffective|p1a: Hydreigon
|-damage|p1a: Hydreigon|5/100
|-unboost|p2b: Annihilape|def|1
|-unboost|p2b: Annihilape|spd|1
|move|p1a: Hydreigon|Draco Meteor|p2b: Annihilape
|-damage|p2b: Annihilape|70/100
|-unboost|p1a: Hydreigon|spa|2
|move|p1b: Gholdengo|Make It Rain|p2b: Annihilape
|-resisted|p2b: Annihilape
|-damage|p2b: Annihilape|0 fnt
|-unboost|p1b: Gholdengo|spa|1
|faint|p2b: Annihilape
|-damage|p1b: Gholdengo|82/100|[from] item: Life Orb
|
|win|itsvalkyrie
|raw|itsvalkyrie's rating: 1000 → 1048(+48 for winning)
|raw|noclickmoongeist's rating: 1068 → 1044(-24 for losing)
|c|☆itsvalkyrie|gg
|l|☆itsvalkyrie
|player|p1|
