|j|☆MoxieMomma
|j|☆grandsabersharkrai
|html|MoxieMommagrandsabersharkrai    
|uhtml|bestof|Game 1 of a best-of-3
|t:|1783362328
|gametype|doubles
|player|p1|MoxieMomma|1|1000
|player|p2|grandsabersharkrai|101|1049
|gen|9
|tier|[Gen 9 Champions] VGC 2026 Reg M-B (Bo3)
|rated|
|rule|Species Clause: Limit one of each Pokémon
|rule|Item Clause: Limit 1 of each item
|clearpoke
|poke|p1|Mamoswine, L50, F|
|poke|p1|Toxapex, L50, M|
|poke|p1|Sneasler, L50, M|
|poke|p1|Hydreigon, L50, M|
|poke|p1|Charizard, L50, M|
|poke|p1|Incineroar, L50, F|
|poke|p2|Floette-Eternal, L50, F|
|poke|p2|Charizard, L50, M, shiny|
|poke|p2|Basculegion, L50, M|
|poke|p2|Kingambit, L50, F, shiny|
|poke|p2|Whimsicott, L50, M, shiny|
|poke|p2|Garchomp, L50, F|
|teampreview|4
|showteam|p1|Mamoswine||FocusSash|Oblivious|Protect,IcicleCrash,Earthquake,IceShard|Adamant||F|||50|]Toxapex||Leftovers|Regenerator|BanefulBunker,Infestation,Toxic,WideGuard|Bold||M|||50|]Sneasler||WhiteHerb|Unburden|Protect,CloseCombat,FakeOut,DireClaw|Jolly||M|||50|]Hydreigon||ChoiceScarf|Levitate|DarkPulse,EarthPower,Snarl,DracoMeteor|Modest||M|||50|]Charizard||CharizarditeY|Blaze|Protect,HeatWave,SolarBeam,WeatherBall|Timid||M|||50|]Incineroar||SitrusBerry|Intimidate|FakeOut,PartingShot,FlareBlitz,ThroatChop|Impish||F|||50|
|showteam|p2|Floette-Eternal||Floettite|FlowerVeil|Protect,DazzlingGleam,Moonblast,LightofRuin|Modest||F|||50|]Charizard||CharizarditeY|Blaze|Protect,HeatWave,WeatherBall,SolarBeam|Modest||M|||50|]Basculegion||ChoiceScarf|Adaptability|FlipTurn,WaveCrash,LastRespects,AquaJet|Jolly||M|||50|]Kingambit||OccaBerry|Defiant|Protect,KowtowCleave,IronHead,SuckerPunch|Adamant||F|||50|]Whimsicott||FocusSash|Prankster|Protect,Moonblast,Encore,Tailwind|Timid||M|||50|]Garchomp||HabanBerry|RoughSkin|Protect,Earthquake,DragonClaw,RockSlide|Jolly||F|||50|
|
|t:|1783362407
|teamsize|p1|4
|teamsize|p2|4
|start
|switch|p1a: Sneasler|Sneasler, L50, M|100/100
|switch|p1b: Charizard|Charizard, L50, M|100/100
|switch|p2a: Floette|Floette-Eternal, L50, F|100/100
|switch|p2b: Basculegion|Basculegion, L50, M|100/100
|turn|1
|
|t:|1783362430
|detailschange|p1b: Charizard|Charizard-Mega-Y, L50, M
|-mega|p1b: Charizard|Charizard|Charizardite Y
|-weather|SunnyDay|[from] ability: Drought|[of] p1b: Charizard
|move|p2a: Floette|Protect|p2a: Floette
|-singleturn|p2a: Floette|Protect
|move|p1a: Sneasler|Fake Out|p2a: Floette
|-activate|p2a: Floette|move: Protect
|move|p2b: Basculegion|Flip Turn|p1b: Charizard
|-supereffective|p1b: Charizard|1
|-damage|p1b: Charizard|50/100g
|
|t:|1783362440
|switch|p2b: Garchomp|Garchomp, L50, F|100/100|[from] Flip Turn
|move|p1b: Charizard|Solar Beam||[still]
|-prepare|p1b: Charizard|Solar Beam
|-anim|p1b: Charizard|Solar Beam|p2b: Garchomp
|-damage|p2b: Garchomp|51/100
|
|-weather|SunnyDay|[upkeep]
|upkeep
|turn|2
|
|t:|1783362483
|detailschange|p2a: Floette|Floette-Mega, L50, F
|-mega|p2a: Floette|Floette|Floettite
|-ability|p2a: Floette|Fairy Aura
|move|p2b: Garchomp|Rock Slide|p1a: Sneasler|[spread] p1a,p1b
|-resisted|p1a: Sneasler|1
|-supereffective|p1b: Charizard|2
|-damage|p1a: Sneasler|84/100
|-damage|p1b: Charizard|0 fnt
|faint|p1b: Charizard
|move|p2a: Floette|Moonblast|p1a: Sneasler
|-damage|p1a: Sneasler|0 fnt
|faint|p1a: Sneasler
|
|-weather|SunnyDay|[upkeep]
|upkeep
|
|t:|1783362495
|switch|p1a: Incineroar|Incineroar, L50, F|100/100
|switch|p1b: Toxapex|Toxapex, L50, M|100/100
|-ability|p1a: Incineroar|Intimidate|boost
|-unboost|p2a: Floette|atk|1
|-unboost|p2b: Garchomp|atk|1
|turn|3
|
|t:|1783362510
|move|p2b: Garchomp|Protect|p2b: Garchomp
|-singleturn|p2b: Garchomp|Protect
|move|p2a: Floette|Protect|p2a: Floette
|-singleturn|p2a: Floette|Protect
|move|p1a: Incineroar|Throat Chop|p2b: Garchomp
|-activate|p2b: Garchomp|move: Protect
|move|p1b: Toxapex|Toxic|p2b: Garchomp
|-activate|p2b: Garchomp|move: Protect
|
|-weather|SunnyDay|[upkeep]
|upkeep
|turn|4
|
|t:|1783362527
|move|p2b: Garchomp|Dragon Claw|p1a: Incineroar
|-damage|p1a: Incineroar|70/100
|move|p2a: Floette|Light of Ruin|p1a: Incineroar
|-damage|p1a: Incineroar|0 fnt
|faint|p1a: Incineroar
|-damage|p2a: Floette|61/100|[from] Recoil
|move|p1b: Toxapex|Infestation|p2b: Garchomp
|-damage|p2b: Garchomp|48/100
|-activate|p2b: Garchomp|move: Infestation|[of] p1b: Toxapex
|-damage|p1b: Toxapex|88/100|[from] ability: Rough Skin|[of] p2b: Garchomp
|
|-weather|SunnyDay|[upkeep]
|-heal|p1b: Toxapex|93/100|[from] item: Leftovers
|-damage|p2b: Garchomp|36/100|[from] move: Infestation|[partiallytrapped]
|upkeep
|turn|5
|-message|MoxieMomma forfeited.
|raw|MoxieMomma's rating: 1000 → 1000(+0 for losing)
|raw|grandsabersharkrai's rating: 1049 → 1077(+28 for winning)
|
|win|grandsabersharkrai
|l|☆MoxieMomma
|player|p1|
