|j|☆Dust and fidget
|j|☆Daniw9
|html|Dust and fidgetDaniw9    
|uhtml|bestof|Game 1 of a best-of-3
|t:|1756583878
|gametype|doubles
|player|p1|Dust and fidget|akari|1403
|player|p2|Daniw9|266|1304
|gen|9
|tier|[Gen 9] VGC 2025 Reg H (Bo3)
|rated|
|rule|Species Clause: Limit one of each Pokémon
|rule|Item Clause: Limit 1 of each item
|clearpoke
|poke|p1|Rillaboom, L50, M|
|poke|p1|Annihilape, L50, M|
|poke|p1|Basculegion, L50, M|
|poke|p1|Ninetales-Alola, L50, F|
|poke|p1|Magmar, L50, M|
|poke|p1|Archaludon, L50, F|
|poke|p2|Garchomp, L50, F|
|poke|p2|Tyranitar, L50, F|
|poke|p2|Delphox, L50, F|
|poke|p2|Indeedee-F, L50, F|
|poke|p2|Gallade, L50, M|
|poke|p2|Whimsicott, L50, M|
|teampreview|4
|showteam|p1|Rillaboom||AssaultVest|GrassySurge|WoodHammer,GrassyGlide,FakeOut,HighHorsepower|||M|||50|,,,,,Fire]Annihilape||FocusSash|Defiant|CloseCombat,RageFist,Taunt,Protect|||M|||50|,,,,,Stellar]Basculegion||ChoiceScarf|Adaptability|WaveCrash,LastRespects,AquaJet,FlipTurn|||M|||50|,,,,,Grass]Ninetales-Alola||IciclePlate|SnowWarning|Blizzard,FreezeDry,IcyWind,Protect|||F|||50|,,,,,Ice]Magmar||Eviolite|VitalSpirit|Flamethrower,Taunt,FollowMe,Protect|||M|||50|,,,,,Grass]Archaludon||PowerHerb|Sturdy|ElectroShot,DragonPulse,Thunderbolt,Protect|||F|||50|,,,,,Electric
|showteam|p2|Garchomp||LifeOrb|SandVeil|Earthquake,StompingTantrum,Protect,DragonClaw|||F|||50|,,,,,Steel]Tyranitar||AssaultVest|SandStream|RockSlide,TeraBlast,KnockOff,LowKick|||F|||50|,,,,,Flying]Delphox||PsychicSeed|Magician|ExpandingForce,HeatWave,NastyPlot,Protect|||F|||50|,,,,,Fairy]Indeedee-F||SafetyGoggles|PsychicSurge|DazzlingGleam,TrickRoom,FollowMe,HelpingHand|||F|||50|,,,,,Water]Gallade||ClearAmulet|Sharpness|SacredSword,PsychoCut,TrickRoom,Protect|||M|||50|,,,,,Grass]Whimsicott||CovertCloak|Prankster|Moonblast,Tailwind,Encore,Protect|||M|||50|,,,,,Ghost
|inactive|Battle timer is ON: inactive players will automatically lose when time's up. (requested by Dust and fidget)
|inactive|Dust and fidget has 60 seconds left.
|inactive|Daniw9 has 60 seconds left.
|
|t:|1756583929
|teamsize|p1|4
|teamsize|p2|4
|start
|switch|p1a: Gooseberry|Basculegion, L50, M, shiny|100/100
|switch|p1b: Magmar|Magmar, L50, M, shiny|100/100
|switch|p2a: Indeedee|Indeedee-F, L50, F|100/100
|switch|p2b: Gallade|Gallade, L50, M|100/100
|-fieldstart|move: Psychic Terrain|[from] ability: Psychic Surge|[of] p2a: Indeedee
|turn|1
|
|t:|1756583951
|-terastallize|p2a: Indeedee|Water
|move|p2a: Indeedee|Follow Me|p2a: Indeedee
|-singleturn|p2a: Indeedee|move: Follow Me
|move|p1a: Gooseberry|Wave Crash|p2a: Indeedee
|-resisted|p2a: Indeedee
|-damage|p2a: Indeedee|61/100
|-damage|p1a: Gooseberry|89/100|[from] Recoil
|move|p1b: Magmar|Flamethrower|p2a: Indeedee
|-resisted|p2a: Indeedee
|-damage|p2a: Indeedee|44/100
|move|p2b: Gallade|Trick Room|p2b: Gallade
|-fieldstart|move: Trick Room|[of] p2b: Gallade
|
|upkeep
|turn|2
|inactive|Dust and fidget has 30 seconds left.
|
|t:|1756583981
|move|p2a: Indeedee|Follow Me|p2a: Indeedee
|-singleturn|p2a: Indeedee|move: Follow Me
|move|p1b: Magmar|Follow Me|p1b: Magmar
|-singleturn|p1b: Magmar|move: Follow Me
|move|p2b: Gallade|Psycho Cut|p1b: Magmar
|-damage|p1b: Magmar|34/100
|move|p1a: Gooseberry|Wave Crash|p2a: Indeedee
|-resisted|p2a: Indeedee
|-damage|p2a: Indeedee|6/100
|-damage|p1a: Gooseberry|78/100|[from] Recoil
|
|upkeep
|turn|3
|
|t:|1756584002
|switch|p1a: Ninetales|Ninetales-Alola, L50, F, shiny|100/100
|-weather|Snowscape|[from] ability: Snow Warning|[of] p1a: Ninetales
|move|p1b: Magmar|Protect|p1b: Magmar
|-singleturn|p1b: Magmar|Protect
|move|p2a: Indeedee|Follow Me|p2a: Indeedee
|-singleturn|p2a: Indeedee|move: Follow Me
|move|p2b: Gallade|Psycho Cut|p1a: Ninetales
|-damage|p1a: Ninetales|32/100
|
|-weather|Snowscape|[upkeep]
|upkeep
|turn|4
|
|t:|1756584008
|switch|p2a: Tyranitar|Tyranitar, L50, F|100/100
|-weather|Sandstorm|[from] ability: Sand Stream|[of] p2a: Tyranitar
|move|p1b: Magmar|Follow Me|p1b: Magmar
|-singleturn|p1b: Magmar|move: Follow Me
|move|p2b: Gallade|Psycho Cut|p1b: Magmar
|-damage|p1b: Magmar|0 fnt
|faint|p1b: Magmar
|move|p1a: Ninetales|Blizzard|p2a: Tyranitar|[spread] 
|-miss|p1a: Ninetales|p2a: Tyranitar
|-miss|p1a: Ninetales|p2b: Gallade
|
|-weather|Sandstorm|[upkeep]
|-damage|p2b: Gallade|95/100|[from] Sandstorm
|-damage|p1a: Ninetales|26/100|[from] Sandstorm
|upkeep
|
|t:|1756584013
|switch|p1b: Annihilape|Annihilape, L50, M|100/100
|turn|5
|
|t:|1756584025
|move|p1b: Annihilape|Protect|p1b: Annihilape
|-singleturn|p1b: Annihilape|Protect
|move|p2b: Gallade|Psycho Cut|p1b: Annihilape
|-activate|p1b: Annihilape|move: Protect
|move|p2a: Tyranitar|Rock Slide|p1a: Ninetales|[spread] p1a
|-activate|p1b: Annihilape|move: Protect
|-supereffective|p1a: Ninetales
|-damage|p1a: Ninetales|0 fnt
|faint|p1a: Ninetales
|
|-weather|Sandstorm|[upkeep]
|-damage|p2b: Gallade|89/100|[from] Sandstorm
|-damage|p1b: Annihilape|95/100|[from] Sandstorm
|-fieldend|move: Trick Room
|-fieldend|move: Psychic Terrain
|upkeep
|
|t:|1756584029
|switch|p1a: Gooseberry|Basculegion, L50, M, shiny|78/100
|turn|6
|
|t:|1756584047
|switch|p2a: Indeedee|Indeedee-F, L50, F, tera:Water|6/100
|-fieldstart|move: Psychic Terrain|[from] ability: Psychic Surge|[of] p2a: Indeedee
|-terastallize|p1b: Annihilape|Stellar
|move|p1a: Gooseberry|Last Respects|p2a: Indeedee
|-damage|p2a: Indeedee|0 fnt
|faint|p2a: Indeedee
|move|p1b: Annihilape|Rage Fist|p2b: Gallade
|-supereffective|p2b: Gallade
|-damage|p2b: Gallade|0 fnt
|faint|p2b: Gallade
|
|-weather|Sandstorm|[upkeep]
|-damage|p1a: Gooseberry|72/100|[from] Sandstorm
|-damage|p1b: Annihilape|89/100|[from] Sandstorm
|upkeep
|
|t:|1756584059
|switch|p2a: Delphox|Delphox, L50, F|100/100
|switch|p2b: Tyranitar|Tyranitar, L50, F|100/100
|-enditem|p2a: Delphox|Psychic Seed
|-boost|p2a: Delphox|spd|1|[from] item: Psychic Seed
|turn|7
|
|t:|1756584064
|move|p2a: Delphox|Protect|p2a: Delphox
|-singleturn|p2a: Delphox|Protect
|move|p1a: Gooseberry|Last Respects|p2a: Delphox
|-activate|p2a: Delphox|move: Protect
|move|p1b: Annihilape|Close Combat|p2b: Tyranitar
|-supereffective|p2b: Tyranitar
|-damage|p2b: Tyranitar|0 fnt
|-unboost|p1b: Annihilape|def|1
|-unboost|p1b: Annihilape|spd|1
|faint|p2b: Tyranitar
|
|-weather|Sandstorm|[upkeep]
|-damage|p1a: Gooseberry|66/100|[from] Sandstorm
|-damage|p2a: Delphox|95/100|[from] Sandstorm
|-damage|p1b: Annihilape|83/100|[from] Sandstorm
|upkeep
|turn|8
|
|t:|1756584073
|move|p1a: Gooseberry|Last Respects|p2a: Delphox
|-supereffective|p2a: Delphox
|-damage|p2a: Delphox|0 fnt
|faint|p2a: Delphox
|
|win|Dust and fidget
||Daniw9 is ready for game 2.
||Dust and fidget is ready for game 2.
|uhtml|next|Next: Game 2 of 3
|l|☆Dust and fidget
|player|p1|
