|j|☆lolgz
|j|☆pokeplaygg
|html|lolgzpokeplaygg    
|uhtml|bestof|Game 3 of a best-of-3
|t:|1782439517
|gametype|doubles
|player|p1|lolgz|dawn|1227
|player|p2|pokeplaygg|169|1418
|gen|9
|tier|[Gen 9 Champions] VGC 2026 Reg M-B (Bo3)
|rated|
|rule|Species Clause: Limit one of each Pokémon
|rule|Item Clause: Limit 1 of each item
|clearpoke
|poke|p1|Mawile, L50, M|
|poke|p1|Sneasler, L50, F|
|poke|p1|Farigiraf, L50, M|
|poke|p1|Ampharos, L50, M|
|poke|p1|Vileplume, L50, M|
|poke|p1|Torkoal, L50, M|
|poke|p2|Pelipper, L50, M|
|poke|p2|Archaludon, L50, M|
|poke|p2|Swampert, L50, F|
|poke|p2|Sinistcha, L50|
|poke|p2|Venusaur, L50, M|
|poke|p2|Aerodactyl, L50, F|
|teampreview|4
|showteam|p1|Mawile||Mawilite|HyperCutter|PlayRough,SuckerPunch,SwordsDance,Protect|Serious||M|||50|]Sneasler||IronBall|PoisonTouch|FakeOut,DireClaw,CloseCombat,RockTomb|Brave||F|||50|]Farigiraf||SitrusBerry|ArmorTail|TrickRoom,Thunderbolt,Psychic,HelpingHand|Relaxed||M|||50|]Ampharos||Ampharosite|Static|Thunderbolt,DragonPulse,Protect,FocusBlast|Brave||M|||50|]Vileplume||FocusSash|Chlorophyll|SleepPowder,SludgeBomb,EnergyBall,AfterYou|Timid||M|||50|]Torkoal||Charcoal|Drought|Eruption,WeatherBall,EarthPower,Protect|Quiet||M|||50|
|showteam|p2|Pelipper||LifeOrb|Drizzle|Protect,Hurricane,MuddyWater,Tailwind|Modest||M|||50|]Archaludon||Leftovers|Stamina|Protect,ElectroShot,DracoMeteor,FlashCannon|Modest||M|||50|]Swampert||Swampertite|Torrent|Protect,WaveCrash,Earthquake,IcePunch|Adamant||F|||50|]Sinistcha||BrightPowder|Hospitality|TrickRoom,LifeDew,MatchaGotcha,RagePowder|Bold|||||50|]Venusaur||Venusaurite|Chlorophyll|Protect,SleepPowder,SludgeBomb,EarthPower|Modest||M|||50|]Aerodactyl||FocusSash|Unnerve|Protect,Tailwind,RockSlide,DualWingbeat|Jolly||F|||50|
|inactive|Battle timer is ON: inactive players will automatically lose when time's up. (requested by lolgz)
|
|t:|1782439541
|teamsize|p1|4
|teamsize|p2|4
|start
|switch|p1a: Farigiraf|Farigiraf, L50, M|100/100
|switch|p1b: Sneasler|Sneasler, L50, F|100/100
|switch|p2a: Venusaur|Venusaur, L50, M|100/100
|switch|p2b: Sinistcha|Sinistcha, L50|100/100
|turn|1
|
|t:|1782439554
|move|p1b: Sneasler|Fake Out|p2a: Venusaur
|-damage|p2a: Venusaur|81/100
|cant|p2a: Venusaur|flinch
|move|p2b: Sinistcha|Matcha Gotcha|p1b: Sneasler|[spread] p1a,p1b
|-resisted|p1b: Sneasler|1
|-damage|p1a: Farigiraf|76/100
|-damage|p1b: Sneasler|85/100
|move|p1a: Farigiraf|Trick Room|p1a: Farigiraf
|-fieldstart|move: Trick Room|[of] p1a: Farigiraf
|
|upkeep
|turn|2
|inactive|pokeplaygg has 30 seconds left.
|
|t:|1782439587
|move|p2a: Venusaur|Protect|p2a: Venusaur
|-singleturn|p2a: Venusaur|Protect
|move|p1b: Sneasler|Dire Claw|p2b: Sinistcha
|-damage|p2b: Sinistcha|67/100
|-status|p2b: Sinistcha|par
|move|p1a: Farigiraf|Psychic|p2b: Sinistcha
|-damage|p2b: Sinistcha|26/100 par
|cant|p2b: Sinistcha|par
|
|upkeep
|turn|3
|inactive|pokeplaygg has 30 seconds left.
|inactive|pokeplaygg has 20 seconds left.
|inactive|pokeplaygg has 15 seconds left.
|inactive|pokeplaygg has 10 seconds left.
|
|t:|1782439637
|switch|p2a: Swampert|Swampert, L50, F|100/100
|move|p2b: Sinistcha|Matcha Gotcha|p1b: Sneasler|[spread] p1a,p1b
|-resisted|p1b: Sneasler|1
|-damage|p1a: Farigiraf|52/100
|-heal|p2b: Sinistcha|41/100 par|[from] drain|[of] p1a: Farigiraf
|-damage|p1b: Sneasler|72/100
|-heal|p2b: Sinistcha|48/100 par|[from] drain|[of] p1b: Sneasler
|move|p1b: Sneasler|Dire Claw|p2b: Sinistcha
|-damage|p2b: Sinistcha|16/100 par
|move|p1a: Farigiraf|Psychic|p2a: Swampert
|-damage|p2a: Swampert|63/100
|
|upkeep
|turn|4
|inactive|pokeplaygg has 30 seconds left.
|inactive|pokeplaygg has 20 seconds left.
|inactive|pokeplaygg has 15 seconds left.
|inactive|pokeplaygg has 10 seconds left.
|inactive|pokeplaygg has 5 seconds left.
|
|t:|1782439688
|move|p2a: Swampert|Protect|p2a: Swampert
|-singleturn|p2a: Swampert|Protect
|move|p2b: Sinistcha|Life Dew|p2b: Sinistcha|[spread] p2a,p2b
|-heal|p2a: Swampert|88/100
|-heal|p2b: Sinistcha|42/100 par
|move|p1b: Sneasler|Close Combat|p2a: Swampert
|-activate|p2a: Swampert|move: Protect
|move|p1a: Farigiraf|Psychic|p2b: Sinistcha
|-damage|p2b: Sinistcha|1/100 par
|
|upkeep
|turn|5
|
|t:|1782439712
|detailschange|p2a: Swampert|Swampert-Mega, L50, F
|-mega|p2a: Swampert|Swampert|Swampertite
|move|p2b: Sinistcha|Rage Powder|p2b: Sinistcha
|-singleturn|p2b: Sinistcha|move: Rage Powder
|move|p1b: Sneasler|Dire Claw|p2b: Sinistcha
|-damage|p2b: Sinistcha|0 fnt
|faint|p2b: Sinistcha
|move|p1a: Farigiraf|Psychic|p2a: Swampert
|-damage|p2a: Swampert|58/100
|move|p2a: Swampert|Earthquake|p1a: Farigiraf|[spread] p1a,p1b
|-supereffective|p1b: Sneasler|1
|-damage|p1a: Farigiraf|18/100
|-damage|p1b: Sneasler|0 fnt
|-enditem|p1a: Farigiraf|Sitrus Berry|[eat]
|-heal|p1a: Farigiraf|42/100|[from] item: Sitrus Berry
|faint|p1b: Sneasler
|
|-fieldend|move: Trick Room
|upkeep
|
|t:|1782439721
|switch|p1b: Ampharos|Ampharos, L50, M|100/100
|switch|p2b: Venusaur|Venusaur, L50, M|81/100
|turn|6
|inactive|pokeplaygg has 30 seconds left.
|
|t:|1782439753
|detailschange|p1b: Ampharos|Ampharos-Mega, L50, M
|-mega|p1b: Ampharos|Ampharos|Ampharosite
|-ability|p1b: Ampharos|Mold Breaker
|move|p2a: Swampert|Wave Crash|p1a: Farigiraf
|-damage|p1a: Farigiraf|0 fnt
|faint|p1a: Farigiraf
|-damage|p2a: Swampert|40/100|[from] Recoil
|move|p2b: Venusaur|Sleep Powder|p1b: Ampharos
|-status|p1b: Ampharos|slp|[from] move: Sleep Powder
|cant|p1b: Ampharos|slp
|
|upkeep
|
|t:|1782439758
|switch|p1a: Torkoal|Torkoal, L50, M|100/100
|-weather|SunnyDay|[from] ability: Drought|[of] p1a: Torkoal
|turn|7
|-message|lolgz forfeited.
|
|win|pokeplaygg
|raw|lolgz's rating: 1227 → 1215(-12 for losing)
|raw|pokeplaygg's rating: 1418 → 1428(+10 for winning)
