|j|☆Mythicallegand
|j|☆x-3 demon
|html|Mythicallegandx-3 demon    
|uhtml|bestof|Game 3 of a best-of-3
|t:|1756772429
|gametype|doubles
|player|p1|Mythicallegand|iris|1145
|player|p2|x-3 demon|boarder-gen2|1170
|gen|9
|tier|[Gen 9] VGC 2025 Reg H (Bo3)
|rated|
|rule|Species Clause: Limit one of each Pokémon
|rule|Item Clause: Limit 1 of each item
|clearpoke
|poke|p1|Typhlosion-Hisui, L50, M|
|poke|p1|Garchomp, L50, M|
|poke|p1|Whimsicott, L50, F|
|poke|p1|Farigiraf, L50, F|
|poke|p1|Archaludon, L50, F|
|poke|p1|Talonflame, L50, M|
|poke|p2|Dragonite, L50, F|
|poke|p2|Sinistcha, L50|
|poke|p2|Ursaluna, L50, F|
|poke|p2|Gholdengo, L50|
|poke|p2|Incineroar, L50, M|
|poke|p2|Ninetales-Alola, L50, F|
|teampreview|4
|showteam|p1|Typhlosion-Hisui||ChoiceSpecs|Blaze|Eruption,ShadowBall,Overheat,HeatWave|||M|||50|,,,,,Grass]Garchomp||ClearAmulet|RoughSkin|StompingTantrum,Earthquake,Protect,DragonClaw|||M|||50|,,,,,Ground]Whimsicott||FocusSash|Prankster|Tailwind,Moonblast,Encore,FakeTears|||F|||50|,,,,,Ghost]Farigiraf||ThroatSpray|ArmorTail|Psychic,HyperVoice,TrickRoom,Imprison|||F|||50|,,,,,Fairy]Archaludon||PowerHerb|Sturdy|ElectroShot,Protect,FlashCannon,DragonPulse|||F|||50|,,,,,Fairy]Talonflame||ChoiceBand|GaleWings|DualWingbeat,BraveBird,Uturn,TemperFlare|||M|||50|,,,,,Ghost
|showteam|p2|Dragonite||LoadedDice|Multiscale|ScaleShot,Haze,Tailwind,Protect|||F|||50|,,,,,Fairy]Sinistcha||SitrusBerry|Hospitality|MatchaGotcha,LifeDew,RagePowder,TrickRoom||||||50|,,,,,Water]Ursaluna||FlameOrb|Guts|HeadlongRush,Earthquake,Facade,Protect|||F|||50|,,,,,Ghost]Gholdengo||LifeOrb|GoodasGold|MakeItRain,ShadowBall,NastyPlot,Protect||||||50|,,,,,Water]Incineroar||AssaultVest|Intimidate|FlareBlitz,KnockOff,FakeOut,Uturn|||M|||50|,,,,,Grass]Ninetales-Alola||FocusSash|SnowWarning|IcyWind,FreezeDry,Encore,AuroraVeil|||F|||50|,,,,,Ghost
|
|t:|1756772459
|teamsize|p1|4
|teamsize|p2|4
|start
|switch|p1a: Whimsicott|Whimsicott, L50, F|100/100
|switch|p1b: Typhlosion|Typhlosion-Hisui, L50, M|100/100
|switch|p2a: Dragonite|Dragonite, L50, F|100/100
|switch|p2b: Incineroar|Incineroar, L50, M|100/100
|-ability|p2b: Incineroar|Intimidate|boost
|-unboost|p1a: Whimsicott|atk|1
|-unboost|p1b: Typhlosion|atk|1
|turn|1
|
|t:|1756772516
|-terastallize|p1b: Typhlosion|Grass
|move|p2b: Incineroar|Fake Out|p1a: Whimsicott
|-damage|p1a: Whimsicott|82/100
|cant|p1a: Whimsicott|flinch
|move|p1b: Typhlosion|Shadow Ball|p2a: Dragonite
|-damage|p2a: Dragonite|69/100
|move|p2a: Dragonite|Scale Shot|p1b: Typhlosion
|-damage|p1b: Typhlosion|76/100
|-damage|p1b: Typhlosion|56/100
|-damage|p1b: Typhlosion|33/100
|-damage|p1b: Typhlosion|13/100
|-hitcount|p1b: Typhlosion|4
|-unboost|p2a: Dragonite|def|1
|-boost|p2a: Dragonite|spe|1
|
|upkeep
|turn|2
|
|t:|1756772537
|move|p2a: Dragonite|Protect|p2a: Dragonite
|-singleturn|p2a: Dragonite|Protect
|move|p1a: Whimsicott|Tailwind|p1a: Whimsicott
|-sidestart|p1: Mythicallegand|move: Tailwind
|move|p1b: Typhlosion|Shadow Ball|p2a: Dragonite
|-activate|p2a: Dragonite|move: Protect
|move|p2b: Incineroar|Flare Blitz|p1a: Whimsicott
|-supereffective|p1a: Whimsicott
|-damage|p1a: Whimsicott|0 fnt
|faint|p1a: Whimsicott
|-damage|p2b: Incineroar|81/100|[from] Recoil
|
|upkeep
|
|t:|1756772545
|switch|p1a: Garchomp|Garchomp, L50, M|100/100
|turn|3
|inactive|Battle timer is ON: inactive players will automatically lose when time's up. (requested by Mythicallegand)
|
|t:|1756772567
|switch|p2a: Ursaluna|Ursaluna, L50, F, shiny|100/100
|move|p1a: Garchomp|Protect|p1a: Garchomp
|-singleturn|p1a: Garchomp|Protect
|move|p1b: Typhlosion|Shadow Ball|p2a: Ursaluna
|-immune|p2a: Ursaluna
|move|p2b: Incineroar|U-turn|p1b: Typhlosion
|-supereffective|p1b: Typhlosion
|-crit|p1b: Typhlosion
|-damage|p1b: Typhlosion|0 fnt
|faint|p1b: Typhlosion
|
|t:|1756772580
|switch|p2b: Dragonite|Dragonite, L50, F|69/100|[from] U-turn
|
|-status|p2a: Ursaluna|brn|[from] item: Flame Orb
|upkeep
|
|t:|1756772586
|switch|p1b: Archaludon|Archaludon, L50, F|100/100
|turn|4
|inactive|x-3 demon has 30 seconds left.
|inactive|x-3 demon has 20 seconds left.
|inactive|x-3 demon has 15 seconds left.
|
|t:|1756772628
|switch|p2b: Incineroar|Incineroar, L50, M|81/100
|-ability|p2b: Incineroar|Intimidate|boost
|-fail|p1a: Garchomp|unboost|[from] item: Clear Amulet|[of] p1a: Garchomp
|-unboost|p1b: Archaludon|atk|1
|move|p1a: Garchomp|Dragon Claw|p2a: Ursaluna
|-damage|p2a: Ursaluna|69/100 brn
|move|p1b: Archaludon|Electro Shot||[still]
|-prepare|p1b: Archaludon|Electro Shot
|-boost|p1b: Archaludon|spa|1
|-enditem|p1b: Archaludon|Power Herb
|-anim|p1b: Archaludon|Electro Shot|p2b: Incineroar
|-damage|p2b: Incineroar|38/100
|move|p2a: Ursaluna|Facade|p1a: Garchomp
|-damage|p1a: Garchomp|0 fnt
|-damage|p2a: Ursaluna|57/100 brn|[from] ability: Rough Skin|[of] p1a: Garchomp
|faint|p1a: Garchomp
|
|-damage|p2a: Ursaluna|51/100 brn|[from] brn
|upkeep
|turn|5
|-message|Mythicallegand forfeited.
|raw|Mythicallegand's rating: 1145 → 1122(-23 for losing)
|raw|x-3 demon's rating: 1170 → 1193(+23 for winning)
|
|win|x-3 demon
|l|☆Mythicallegand
|player|p1|
|c|☆x-3 demon|ggwp
