|j|☆lordtentacle69
|j|☆Paywall vgc
|html|lordtentacle69Paywall vgc    
|uhtml|bestof|Game 3 of a best-of-3
|t:|1786051082
|gametype|doubles
|player|p1|lordtentacle69|corbeau|1449
|player|p2|Paywall vgc|lucas|1518
|gen|9
|tier|[Gen 9 Champions] VGC 2026 Reg M-B (Bo3)
|rated|
|rule|Species Clause: Limit one of each Pokémon
|rule|Item Clause: Limit 1 of each item
|clearpoke
|poke|p1|Staraptor, L50, M|
|poke|p1|Garchomp, L50, M|
|poke|p1|Whimsicott, L50, F|
|poke|p1|Delphox, L50, M|
|poke|p1|Glimmora, L50, M|
|poke|p1|Kingambit, L50, M|
|poke|p2|Grimmsnarl, L50, M|
|poke|p2|Charizard, L50, M, shiny|
|poke|p2|Venusaur, L50, F, shiny|
|poke|p2|Garchomp, L50, M|
|poke|p2|Incineroar, L50, M, shiny|
|poke|p2|Gholdengo, L50|
|teampreview|4
|showteam|p1|Staraptor||Staraptite|Intimidate|CloseCombat,BraveBird,Roost,Protect|Jolly||M|||50|]Garchomp||LifeOrb|RoughSkin|Protect,RockSlide,Earthquake,DragonClaw|Jolly||M|||50|]Whimsicott||OccaBerry|Prankster|Tailwind,Moonblast,Charm,LightScreen|Timid||F|||50|]Delphox||Delphoxite|Blaze|HeatWave,Psychic,Encore,Protect|Timid||M|||50|]Glimmora||FocusSash|ToxicDebris|SpikyShield,SludgeBomb,EarthPower,PowerGem|Timid||M|||50|]Kingambit||ChopleBerry|Defiant|SuckerPunch,LowKick,IronHead,KowtowCleave|Adamant||M|||50|
|showteam|p2|Grimmsnarl||LightClay|Prankster|SpiritBreak,PartingShot,Reflect,LightScreen|Careful||M|||50|]Charizard||CharizarditeY|Blaze|WeatherBall,HeatWave,SolarBeam,Protect|Modest||M|||50|]Venusaur||FocusSash|Chlorophyll|SludgeBomb,LeafStorm,SleepPowder,Protect|Modest||F|||50|]Garchomp||ChoiceScarf|RoughSkin|Earthquake,RockSlide,DragonClaw,StompingTantrum|Adamant||M|||50|]Incineroar||SitrusBerry|Intimidate|FakeOut,PartingShot,FlareBlitz,WillOWisp|Impish||M|||50|]Gholdengo||LifeOrb|GoodasGold|MakeItRain,ShadowBall,NastyPlot,Protect|Timid|||||50|
|inactive|Battle timer is ON: inactive players will automatically lose when time's up. (requested by Paywall vgc)
|inactive|lordtentacle69 has 60 seconds left.
|
|t:|1786051116
|teamsize|p1|4
|teamsize|p2|4
|start
|switch|p1a: Delphox|Delphox, L50, M|100/100
|switch|p1b: Whimsicott|Whimsicott, L50, F|100/100
|switch|p2a: Garchomp|Garchomp, L50, M|100/100
|switch|p2b: Venusaur|Venusaur, L50, F, shiny|100/100
|turn|1
|inactive|lordtentacle69 has 30 seconds left.
|
|t:|1786051146
|switch|p2b: Incineroar|Incineroar, L50, M, shiny|100/100
|-ability|p2b: Incineroar|Intimidate|boost
|-unboost|p1a: Delphox|atk|1
|-unboost|p1b: Whimsicott|atk|1
|detailschange|p1a: Delphox|Delphox-Mega, L50, M
|-mega|p1a: Delphox|Delphox|Delphoxite
|move|p1b: Whimsicott|Tailwind|p1b: Whimsicott
|-sidestart|p1: lordtentacle69|move: Tailwind
|move|p1a: Delphox|Psychic|p2b: Incineroar
|-immune|p2b: Incineroar
|move|p2a: Garchomp|Rock Slide|p1a: Delphox|[spread] p1a,p1b
|-supereffective|p1a: Delphox|1
|-damage|p1a: Delphox|41/100
|-damage|p1b: Whimsicott|81/100
|
|upkeep
|turn|2
|
|t:|1786051160
|switch|p1a: Glimmora|Glimmora, L50, M|100/100
|move|p2b: Incineroar|Fake Out|p1b: Whimsicott
|-damage|p1b: Whimsicott|71/100
|cant|p1b: Whimsicott|flinch
|move|p2a: Garchomp|Rock Slide|p1a: Glimmora|[spread] p1a,p1b
|-damage|p1a: Glimmora|74/100
|-damage|p1b: Whimsicott|52/100
|-activate|p1a: Glimmora|ability: Toxic Debris
|-sidestart|p2: Paywall vgc|move: Toxic Spikes
|
|upkeep
|turn|3
|
|t:|1786051177
|switch|p2a: Venusaur|Venusaur, L50, F, shiny|100/100
|-sideend|p2: Paywall vgc|move: Toxic Spikes|[of] p2a: Venusaur
|move|p1b: Whimsicott|Moonblast|p2b: Incineroar
|-damage|p2b: Incineroar|75/100
|move|p1a: Glimmora|Power Gem|p2b: Incineroar
|-supereffective|p2b: Incineroar|1
|-damage|p2b: Incineroar|7/100
|-enditem|p2b: Incineroar|Sitrus Berry|[eat]
|-heal|p2b: Incineroar|32/100|[from] item: Sitrus Berry
|move|p2b: Incineroar|Parting Shot|p1a: Glimmora
|-unboost|p1a: Glimmora|atk|1
|-unboost|p1a: Glimmora|spa|1
|
|t:|1786051184
|switch|p2b: Charizard|Charizard, L50, M, shiny|100/100|[from] Parting Shot
|
|upkeep
|turn|4
|
|t:|1786051205
|detailschange|p2b: Charizard|Charizard-Mega-Y, L50, M, shiny
|-mega|p2b: Charizard|Charizard|Charizardite Y
|-weather|SunnyDay|[from] ability: Drought|[of] p2b: Charizard
|move|p1a: Glimmora|Spiky Shield|p1a: Glimmora
|-singleturn|p1a: Glimmora|move: Protect
|move|p2b: Charizard|Protect|p2b: Charizard
|-singleturn|p2b: Charizard|Protect
|move|p1b: Whimsicott|Light Screen|p1b: Whimsicott
|-sidestart|p1: lordtentacle69|move: Light Screen
|move|p2a: Venusaur|Sludge Bomb|p1b: Whimsicott
|-supereffective|p1b: Whimsicott|2
|-damage|p1b: Whimsicott|0 fnt
|faint|p1b: Whimsicott
|
|-weather|SunnyDay|[upkeep]
|-sideend|p1: lordtentacle69|move: Tailwind
|upkeep
|
|t:|1786051215
|switch|p1b: Delphox|Delphox-Mega, L50, M|41/100
|turn|5
|
|t:|1786051228
|move|p2a: Venusaur|Sleep Powder|p1a: Glimmora
|-status|p1a: Glimmora|slp|[from] move: Sleep Powder
|move|p1b: Delphox|Heat Wave|p2b: Charizard|[spread] p2a,p2b
|-supereffective|p2a: Venusaur|1
|-resisted|p2b: Charizard|1
|-enditem|p2a: Venusaur|Focus Sash
|-damage|p2a: Venusaur|1/100
|-damage|p2b: Charizard|71/100
|cant|p1a: Glimmora|slp
|move|p2b: Charizard|Weather Ball|p1b: Delphox
|-resisted|p1b: Delphox|1
|-damage|p1b: Delphox|11/100
|
|-weather|SunnyDay|[upkeep]
|upkeep
|turn|6
|
|t:|1786051249
|move|p1b: Delphox|Protect|p1b: Delphox
|-singleturn|p1b: Delphox|Protect
|move|p2a: Venusaur|Sludge Bomb|p1b: Delphox
|-activate|p1b: Delphox|move: Protect
|cant|p1a: Glimmora|slp
|move|p2b: Charizard|Solar Beam||[still]
|-prepare|p2b: Charizard|Solar Beam
|-anim|p2b: Charizard|Solar Beam|p1a: Glimmora
|-damage|p1a: Glimmora|31/100 slp
|
|-weather|SunnyDay|[upkeep]
|upkeep
|turn|7
|
|t:|1786051264
|switch|p1b: Kingambit|Kingambit, L50, M|100/100
|move|p2a: Venusaur|Leaf Storm|p1a: Glimmora
|-damage|p1a: Glimmora|0 fnt
|-unboost|p2a: Venusaur|spa|2
|faint|p1a: Glimmora
|move|p2b: Charizard|Weather Ball|p1b: Kingambit
|-supereffective|p1b: Kingambit|1
|-damage|p1b: Kingambit|0 fnt
|faint|p1b: Kingambit
|
|-weather|SunnyDay|[upkeep]
|upkeep
|
|t:|1786051272
|switch|p1b: Delphox|Delphox-Mega, L50, M|11/100
|turn|8
|
|t:|1786051274
|switch|p2b: Garchomp|Garchomp, L50, M|100/100
|move|p2a: Venusaur|Sludge Bomb|p1b: Delphox
|-damage|p1b: Delphox|0 fnt
|faint|p1b: Delphox
|
|win|Paywall vgc
|raw|lordtentacle69's rating: 1449 → 1433(-16 for losing)
|raw|Paywall vgc's rating: 1518 → 1534(+16 for winning)
