|j|☆adotismael
|j|☆panijc
|html|adotismaelpanijc    
|uhtml|bestof|Game 2 of a best-of-3
|t:|1785896707
|gametype|doubles
|player|p1|adotismael|hoopster|1113
|player|p2|panijc|101|1192
|gen|9
|tier|[Gen 9 Champions] VGC 2026 Reg M-B (Bo3)
|rated|
|rule|Species Clause: Limit one of each Pokémon
|rule|Item Clause: Limit 1 of each item
|clearpoke
|poke|p1|Blaziken, L50, M|
|poke|p1|Meowscarada, L50, M|
|poke|p1|Gholdengo, L50|
|poke|p1|Dragonite, L50, M|
|poke|p1|Sylveon, L50, M|
|poke|p1|Mudsdale, L50, M|
|poke|p2|Raichu, L50, F|
|poke|p2|Mamoswine, L50, F|
|poke|p2|Sylveon, L50, M|
|poke|p2|Incineroar, L50, F|
|poke|p2|Basculegion, L50, M|
|poke|p2|Whimsicott, L50, M|
|teampreview|4
|showteam|p1|Blaziken||Blazikenite|Blaze|CloseCombat,FlareBlitz,RockSlide,Protect|Jolly||M|||50|]Meowscarada||LifeOrb|Overgrow|FlowerTrick,TripleAxel,SuckerPunch,Protect|Jolly||M|||50|]Gholdengo||ChoiceScarf|GoodasGold|MakeItRain,ShadowBall,PowerGem,FocusBlast|Modest|||||50|]Dragonite||WhiteHerb|Multiscale|ScaleShot,Superpower,ExtremeSpeed,Protect|Adamant||M|||50|]Sylveon||FocusSash|Pixilate|HyperVoice,QuickAttack,Yawn,Detect|Timid||M|||50|]Mudsdale||SitrusBerry|InnerFocus|Earthquake,HeavySlam,Protect,Curse|Brave||M|||50|
|showteam|p2|Raichu||RaichuniteY|LightningRod|ZapCannon,FocusBlast,FakeOut,Protect|Timid||F|||50|]Mamoswine||LifeOrb|Oblivious|IcicleCrash,HighHorsepower,IceShard,Protect|Adamant||F|||50|]Sylveon||FairyFeather|Pixilate|HyperVoice,HyperBeam,Detect,Yawn|Modest||M|||50|]Incineroar||SitrusBerry|Intimidate|ThroatChop,FlareBlitz,FakeOut,PartingShot|Impish||F|||50|]Basculegion||MysticWater|Adaptability|WaveCrash,LastRespects,AquaJet,Protect|Adamant||M|||50|]Whimsicott||FocusSash|Prankster|Moonblast,Tailwind,Protect,Encore|Timid||M|||50|
|
|t:|1785896743
|teamsize|p1|4
|teamsize|p2|4
|start
|switch|p1a: Mudsdale|Mudsdale, L50, M|100/100
|switch|p1b: Gholdengo|Gholdengo, L50|100/100
|switch|p2a: Whimsicott|Whimsicott, L50, M|100/100
|switch|p2b: Incineroar|Incineroar, L50, F|100/100
|-ability|p2b: Incineroar|Intimidate|boost
|-fail|p1a: Mudsdale|unboost|Attack|[from] ability: Inner Focus|[of] p1a: Mudsdale
|-unboost|p1b: Gholdengo|atk|1
|turn|1
|
|t:|1785896760
|switch|p1b: Dragonite|Dragonite, L50, M|100/100
|move|p2a: Whimsicott|Tailwind|p2a: Whimsicott
|-sidestart|p2: panijc|move: Tailwind
|move|p2b: Incineroar|Flare Blitz|p1b: Dragonite
|-resisted|p1b: Dragonite|1
|-damage|p1b: Dragonite|87/100
|-damage|p2b: Incineroar|96/100|[from] Recoil
|move|p1a: Mudsdale|Earthquake|p2b: Incineroar|[spread] p2a,p2b
|-immune|p1b: Dragonite
|-resisted|p2a: Whimsicott|1
|-supereffective|p2b: Incineroar|1
|-damage|p2a: Whimsicott|71/100
|-damage|p2b: Incineroar|29/100
|-enditem|p2b: Incineroar|Sitrus Berry|[eat]
|-heal|p2b: Incineroar|53/100|[from] item: Sitrus Berry
|
|upkeep
|turn|2
|
|t:|1785896782
|move|p1b: Dragonite|Protect|p1b: Dragonite
|-singleturn|p1b: Dragonite|Protect
|move|p2a: Whimsicott|Moonblast|p1b: Dragonite
|-activate|p1b: Dragonite|move: Protect
|move|p2b: Incineroar|Parting Shot|p1a: Mudsdale
|-unboost|p1a: Mudsdale|atk|1
|-unboost|p1a: Mudsdale|spa|1
|
|t:|1785896790
|switch|p2b: Basculegion|Basculegion, L50, M|100/100|[from] Parting Shot
|move|p1a: Mudsdale|Earthquake|p2b: Basculegion|[spread] p2a,p2b
|-activate|p1b: Dragonite|move: Protect
|-resisted|p2a: Whimsicott|1
|-damage|p2a: Whimsicott|51/100
|-damage|p2b: Basculegion|71/100
|
|upkeep
|turn|3
|
|t:|1785896819
|switch|p1b: Gholdengo|Gholdengo, L50|100/100
|move|p1a: Mudsdale|Protect|p1a: Mudsdale
|-singleturn|p1a: Mudsdale|Protect
|move|p2a: Whimsicott|Encore|p1b: Gholdengo
|-immune|p1b: Gholdengo|[from] ability: Good as Gold
|move|p2b: Basculegion|Wave Crash|p1a: Mudsdale
|-activate|p1a: Mudsdale|move: Protect
|
|upkeep
|turn|4
|
|t:|1785896848
|switch|p2b: Incineroar|Incineroar, L50, F|53/100
|-ability|p2b: Incineroar|Intimidate|boost
|-fail|p1a: Mudsdale|unboost|Attack|[from] ability: Inner Focus|[of] p1a: Mudsdale
|-unboost|p1b: Gholdengo|atk|1
|move|p2a: Whimsicott|Protect|p2a: Whimsicott
|-singleturn|p2a: Whimsicott|Protect
|move|p1b: Gholdengo|Shadow Ball|p2b: Incineroar
|-resisted|p2b: Incineroar|1
|-damage|p2b: Incineroar|32/100
|-unboost|p2b: Incineroar|spd|1
|move|p1a: Mudsdale|Heavy Slam|p2a: Whimsicott
|-activate|p2a: Whimsicott|move: Protect
|
|-sideend|p2: panijc|move: Tailwind
|upkeep
|turn|5
|inactive|Battle timer is ON: inactive players will automatically lose when time's up. (requested by adotismael)
|
|t:|1785896891
|switch|p1b: Dragonite|Dragonite, L50, M|87/100
|move|p2a: Whimsicott|Encore|p1a: Mudsdale
|-start|p1a: Mudsdale|Encore
|move|p2b: Incineroar|Parting Shot|p1b: Dragonite
|-unboost|p1b: Dragonite|atk|1
|-unboost|p1b: Dragonite|spa|1
|
|t:|1785896900
|switch|p2b: Raichu|Raichu, L50, F|100/100|[from] Parting Shot
|-enditem|p1b: Dragonite|White Herb
|-clearnegativeboost|p1b: Dragonite|[silent]
|move|p1a: Mudsdale|Heavy Slam|p2a: Whimsicott
|-supereffective|p2a: Whimsicott|1
|-damage|p2a: Whimsicott|0 fnt
|faint|p2a: Whimsicott
|
|upkeep
|
|t:|1785896909
|switch|p2a: Basculegion|Basculegion, L50, M|71/100
|turn|6
|
|t:|1785896922
|switch|p1a: Sylveon|Sylveon, L50, M|100/100
|detailschange|p2b: Raichu|Raichu-Mega-Y, L50, F
|-mega|p2b: Raichu|Raichu|Raichunite Y
|move|p1b: Dragonite|Protect|p1b: Dragonite
|-singleturn|p1b: Dragonite|Protect
|move|p2b: Raichu|Zap Cannon|p1b: Dragonite
|-activate|p1b: Dragonite|move: Protect
|move|p2a: Basculegion|Wave Crash|p1a: Sylveon
|-enditem|p1a: Sylveon|Focus Sash
|-damage|p1a: Sylveon|1/100
|-damage|p2a: Basculegion|42/100|[from] Recoil
|
|upkeep
|turn|7
|inactive|adotismael has 30 seconds left.
|inactive|adotismael has 20 seconds left.
|inactive|adotismael has 15 seconds left.
|inactive|adotismael has 10 seconds left.
|inactive|adotismael has 5 seconds left.
|
|t:|1785896972
|switch|p1b: Gholdengo|Gholdengo, L50|100/100
|move|p2b: Raichu|Zap Cannon|p1b: Gholdengo
|-damage|p1b: Gholdengo|13/100
|-status|p1b: Gholdengo|par
|move|p1a: Sylveon|Yawn|p2b: Raichu
|-start|p2b: Raichu|move: Yawn|[of] p1a: Sylveon
|move|p2a: Basculegion|Last Respects|p1a: Sylveon
|-damage|p1a: Sylveon|0 fnt
|faint|p1a: Sylveon
|
|upkeep
|
|t:|1785896995
|switch|p1a: Mudsdale|Mudsdale, L50, M|100/100
|turn|8
|
|t:|1785897011
|switch|p2b: Incineroar|Incineroar, L50, F|32/100
|-ability|p2b: Incineroar|Intimidate|boost
|-fail|p1a: Mudsdale|unboost|Attack|[from] ability: Inner Focus|[of] p1a: Mudsdale
|-unboost|p1b: Gholdengo|atk|1
|move|p2a: Basculegion|Protect|p2a: Basculegion
|-singleturn|p2a: Basculegion|Protect
|move|p1b: Gholdengo|Shadow Ball|p2b: Incineroar
|-resisted|p2b: Incineroar|1
|-damage|p2b: Incineroar|11/100
|-unboost|p2b: Incineroar|spd|1
|move|p1a: Mudsdale|Earthquake|p2a: Basculegion|[spread] p1b,p2b
|-activate|p2a: Basculegion|move: Protect
|-supereffective|p1b: Gholdengo|1
|-supereffective|p2b: Incineroar|1
|-damage|p1b: Gholdengo|0 fnt
|-damage|p2b: Incineroar|0 fnt
|faint|p1b: Gholdengo
|faint|p2b: Incineroar
|
|upkeep
|
|t:|1785897028
|switch|p1b: Dragonite|Dragonite, L50, M|87/100
|switch|p2b: Raichu|Raichu-Mega-Y, L50, F|100/100
|turn|9
|
|t:|1785897038
|move|p1b: Dragonite|Protect|p1b: Dragonite
|-singleturn|p1b: Dragonite|Protect
|move|p1a: Mudsdale|Protect|p1a: Mudsdale
|-singleturn|p1a: Mudsdale|Protect
|move|p2b: Raichu|Fake Out|p1b: Dragonite
|-activate|p1b: Dragonite|move: Protect
|move|p2a: Basculegion|Wave Crash|p1a: Mudsdale
|-activate|p1a: Mudsdale|move: Protect
|
|upkeep
|turn|10
|
|t:|1785897052
|move|p2b: Raichu|Zap Cannon|p1b: Dragonite
|-damage|p1b: Dragonite|23/100
|-status|p1b: Dragonite|par
|move|p2a: Basculegion|Wave Crash|p1a: Mudsdale
|-supereffective|p1a: Mudsdale|1
|-damage|p1a: Mudsdale|0 fnt
|faint|p1a: Mudsdale
|-damage|p2a: Basculegion|9/100|[from] Recoil
|move|p1b: Dragonite|Scale Shot|p2a: Basculegion
|-damage|p2a: Basculegion|0 fnt
|faint|p2a: Basculegion
|-hitcount|p2: Basculegion|1
|-unboost|p1b: Dragonite|def|1
|-boost|p1b: Dragonite|spe|1
|
|upkeep
|turn|11
|
|t:|1785897068
|move|p1b: Dragonite|Extreme Speed|p2b: Raichu
|-crit|p2b: Raichu
|-damage|p2b: Raichu|21/100
|move|p2b: Raichu|Zap Cannon|p1b: Dragonite
|-damage|p1b: Dragonite|0 fnt
|faint|p1b: Dragonite
|
|win|panijc
|raw|adotismael's rating: 1113 → 1094(-19 for losing)
|raw|panijc's rating: 1192 → 1211(+19 for winning)
|l|☆adotismael
|player|p1|
