|j|☆RickCtrl
|j|☆the winking dol
|html|RickCtrlthe winking dol    
|uhtml|bestof|Game 2 of a best-of-3
|t:|1755350488
|gametype|doubles
|player|p1|RickCtrl|1|1142
|player|p2|the winking dol|dawn|1196
|gen|9
|tier|[Gen 9] VGC 2025 Reg H (Bo3)
|rated|
|rule|Species Clause: Limit one of each Pokémon
|rule|Item Clause: Limit 1 of each item
|clearpoke
|poke|p1|Kingambit, L50, M|
|poke|p1|Incineroar, L50, M|
|poke|p1|Porygon2, L50|
|poke|p1|Ursaluna, L50, F|
|poke|p1|Sneasler, L50, M|
|poke|p1|Sinistcha, L50|
|poke|p2|Rillaboom, L50, M|
|poke|p2|Typhlosion-Hisui, L50, F|
|poke|p2|Glimmora, L50, F|
|poke|p2|Volcarona, L50, M|
|poke|p2|Murkrow, L50, M|
|poke|p2|Kingambit, L50, M|
|teampreview|4
|showteam|p1|Kingambit||SafetyGoggles|Defiant|KowtowCleave,Protect,SwordsDance,SuckerPunch|||M|||50|,,,,,Fire]Incineroar||SitrusBerry|Intimidate|WillOWisp,KnockOff,FakeOut,PartingShot|||M|||50|,,,,,Fairy]Porygon2||Eviolite|Download|IceBeam,Thunderbolt,TrickRoom,Recover||||||50|,,,,,Water]Ursaluna||FlameOrb|Guts|Facade,HeadlongRush,Protect,Earthquake|||F|||50|,,,,,Ghost]Sneasler||FocusSash|PoisonTouch|CloseCombat,Coaching,DireClaw,Protect|||M|||50|,,,,,Flying]Sinistcha||RockyHelmet|Hospitality|MatchaGotcha,LifeDew,TrickRoom,RagePowder||||||50|,,,,,Dark
|showteam|p2|Rillaboom||AssaultVest|GrassySurge|WoodHammer,GrassyGlide,FakeOut,Uturn|||M|||50|,,,,,Fire]Typhlosion-Hisui||ChoiceSpecs|Blaze|Eruption,HeatWave,ShadowBall,FocusBlast|||F|||50|,,,,,Ghost]Glimmora||LifeOrb|ToxicDebris|PowerGem,SludgeWave,EarthPower,SpikyShield|||F|||50|,,,,,Ghost]Volcarona||SitrusBerry|FlameBody|HeatWave,BugBuzz,GigaDrain,RagePowder|||M|||50|,,,,,Water]Murkrow||Eviolite|Prankster|FoulPlay,Tailwind,Haze,SunnyDay|||M|||50|,,,,,Ground]Kingambit||Leftovers|Defiant|KowtowCleave,SuckerPunch,LowKick,SwordsDance|||M|||50|,,,,,Dark
|
|t:|1755350544
|teamsize|p1|4
|teamsize|p2|4
|start
|switch|p1a: Kingambit|Kingambit, L50, M, shiny|100/100
|switch|p1b: Sneasler|Sneasler, L50, M|100/100
|switch|p2a: Volcarona|Volcarona, L50, M|100/100
|switch|p2b: Kingambit|Kingambit, L50, M|100/100
|turn|1
|
|t:|1755350567
|-terastallize|p1a: Kingambit|Fire
|move|p2a: Volcarona|Rage Powder|p2a: Volcarona
|-singleturn|p2a: Volcarona|move: Rage Powder
|move|p1b: Sneasler|Coaching|p1a: Kingambit
|-boost|p1a: Kingambit|atk|1
|-boost|p1a: Kingambit|def|1
|move|p2b: Kingambit|Low Kick|p1a: Kingambit
|-damage|p1a: Kingambit|82/100
|move|p1a: Kingambit|Swords Dance|p1a: Kingambit
|-boost|p1a: Kingambit|atk|2
|
|upkeep
|turn|2
|
|t:|1755350586
|move|p2a: Volcarona|Rage Powder|p2a: Volcarona
|-singleturn|p2a: Volcarona|move: Rage Powder
|move|p1b: Sneasler|Close Combat|p2a: Volcarona
|-resisted|p2a: Volcarona
|-damage|p2a: Volcarona|73/100
|-unboost|p1b: Sneasler|def|1
|-unboost|p1b: Sneasler|spd|1
|-status|p1b: Sneasler|brn|[from] ability: Flame Body|[of] p2a: Volcarona
|move|p2b: Kingambit|Swords Dance|p2b: Kingambit
|-boost|p2b: Kingambit|atk|2
|move|p1a: Kingambit|Kowtow Cleave|p2a: Volcarona
|-damage|p2a: Volcarona|0 fnt
|faint|p2a: Volcarona
|
|-damage|p1b: Sneasler|95/100 brn|[from] brn
|upkeep
|inactive|Battle timer is ON: inactive players will automatically lose when time's up. (requested by RickCtrl)
|inactive|the winking dol has 60 seconds left.
|
|t:|1755350668
|switch|p2a: Glimmora|Glimmora, L50, F|100/100
|turn|3
|
|t:|1755350684
|-terastallize|p2b: Kingambit|Dark
|move|p2b: Kingambit|Sucker Punch|p1a: Kingambit
|-damage|p1a: Kingambit|25/100
|move|p1a: Kingambit|Sucker Punch|p2a: Glimmora
|-damage|p2a: Glimmora|0 fnt
|-activate|p2a: Glimmora|ability: Toxic Debris
|-sidestart|p1: RickCtrl|move: Toxic Spikes
|faint|p2a: Glimmora
|move|p1b: Sneasler|Close Combat|p2b: Kingambit
|-supereffective|p2b: Kingambit
|-damage|p2b: Kingambit|47/100
|-unboost|p1b: Sneasler|def|1
|-unboost|p1b: Sneasler|spd|1
|
|-heal|p2b: Kingambit|53/100|[from] item: Leftovers
|-damage|p1b: Sneasler|89/100 brn|[from] brn
|upkeep
|
|t:|1755350703
|switch|p2a: Rillaboom|Rillaboom, L50, M|100/100
|-fieldstart|move: Grassy Terrain|[from] ability: Grassy Surge|[of] p2a: Rillaboom
|turn|4
|
|t:|1755350724
|move|p1b: Sneasler|Protect|p1b: Sneasler
|-singleturn|p1b: Sneasler|Protect
|move|p1a: Kingambit|Protect|p1a: Kingambit
|-singleturn|p1a: Kingambit|Protect
|move|p2a: Rillaboom|Fake Out|p1b: Sneasler
|-activate|p1b: Sneasler|move: Protect
|move|p2b: Kingambit|Sucker Punch||[still]
|-fail|p2b: Kingambit
|
|-heal|p1b: Sneasler|95/100 brn|[from] Grassy Terrain
|-heal|p2b: Kingambit|59/100|[from] Grassy Terrain
|-heal|p2b: Kingambit|65/100|[from] item: Leftovers
|-heal|p1a: Kingambit|31/100|[from] Grassy Terrain
|-damage|p1b: Sneasler|89/100 brn|[from] brn
|upkeep
|turn|5
|inactive|the winking dol has 30 seconds left.
|
|t:|1755350751
|move|p2b: Kingambit|Sucker Punch|p1b: Sneasler
|-resisted|p1b: Sneasler
|-damage|p1b: Sneasler|0 fnt
|faint|p1b: Sneasler
|move|p1a: Kingambit|Sucker Punch|p2a: Rillaboom
|-damage|p2a: Rillaboom|13/100
|move|p2a: Rillaboom|Wood Hammer|p1a: Kingambit
|-resisted|p1a: Kingambit
|-crit|p1a: Kingambit
|-damage|p1a: Kingambit|0 fnt
|faint|p1a: Kingambit
|-damage|p2a: Rillaboom|3/100|[from] Recoil
|
|-heal|p2a: Rillaboom|9/100|[from] Grassy Terrain
|-heal|p2b: Kingambit|72/100|[from] Grassy Terrain
|-heal|p2b: Kingambit|78/100|[from] item: Leftovers
|upkeep
|
|t:|1755350768
|switch|p1b: Ursaluna|Ursaluna, L50, F, shiny|100/100
|switch|p1a: Porygon2|Porygon2, L50, shiny|100/100
|-status|p1a: Porygon2|psn
|-ability|p1a: Porygon2|Download|boost
|-boost|p1a: Porygon2|spa|1
|-status|p1b: Ursaluna|psn
|turn|6
|inactive|the winking dol has 30 seconds left.
|inactive|the winking dol has 20 seconds left.
|inactive|the winking dol has 15 seconds left.
|inactive|the winking dol has 10 seconds left.
|inactive|the winking dol has 5 seconds left.
|
|t:|1755350822
|move|p1b: Ursaluna|Protect|p1b: Ursaluna
|-singleturn|p1b: Ursaluna|Protect
|move|p2b: Kingambit|Sucker Punch||[still]
|-fail|p2b: Kingambit
|move|p2a: Rillaboom|Wood Hammer|p1a: Porygon2
|-damage|p1a: Porygon2|62/100 psn
|-damage|p2a: Rillaboom|0 fnt|[from] Recoil
|faint|p2a: Rillaboom
|move|p1a: Porygon2|Ice Beam|p2b: Kingambit
|-damage|p2b: Kingambit|38/100
|
|-heal|p2b: Kingambit|44/100|[from] Grassy Terrain
|-heal|p2b: Kingambit|50/100|[from] item: Leftovers
|-heal|p1a: Porygon2|68/100 psn|[from] Grassy Terrain
|-damage|p1a: Porygon2|55/100 psn|[from] psn
|-damage|p1b: Ursaluna|88/100 psn|[from] psn
|upkeep
|turn|7
|
|t:|1755350845
|move|p2b: Kingambit|Sucker Punch|p1b: Ursaluna
|-damage|p1b: Ursaluna|4/100 psn
|move|p1a: Porygon2|Thunderbolt|p2b: Kingambit
|-damage|p2b: Kingambit|11/100
|move|p1b: Ursaluna|Facade|p2b: Kingambit
|-damage|p2b: Kingambit|0 fnt
|faint|p2b: Kingambit
|
|win|RickCtrl
|raw|RickCtrl's rating: 1142 → 1171(+29 for winning)
|raw|the winking dol's rating: 1196 → 1167(-29 for losing)
|c|☆the winking dol|gg
