|j|☆queenghidorah12
|j|☆K4ren
|html|queenghidorah12K4ren    
|uhtml|bestof|Game 2 of a best-of-3
|t:|1782407205
|gametype|doubles
|player|p1|queenghidorah12|265|1165
|player|p2|K4ren|karen|1033
|gen|9
|tier|[Gen 9 Champions] VGC 2026 Reg M-B (Bo3)
|rated|
|rule|Species Clause: Limit one of each Pokémon
|rule|Item Clause: Limit 1 of each item
|clearpoke
|poke|p1|Eelektross, L50, F|
|poke|p1|Talonflame, L50, F|
|poke|p1|Garchomp, L50, F|
|poke|p1|Grimmsnarl, L50, M|
|poke|p1|Floette-Eternal, L50, F|
|poke|p1|Gholdengo, L50|
|poke|p2|Sceptile, L50, M|
|poke|p2|Rotom-Heat, L50|
|poke|p2|Basculegion, L50, M|
|poke|p2|Aerodactyl, L50, M|
|poke|p2|Garchomp, L50, M|
|poke|p2|Gardevoir, L50, M|
|teampreview|4
|showteam|p1|Eelektross||Eelektrossite|Levitate|SupercellSlam,DrainPunch,Coil,Protect|Adamant||F|||50|]Talonflame||FocusSash|GaleWings|DualWingbeat,FlareBlitz,Tailwind,Protect|Jolly||F|||50|]Garchomp||ChoiceScarf|RoughSkin|Earthquake,DragonClaw,RockSlide,StompingTantrum|Adamant||F|||50|]Grimmsnarl||LightClay|Prankster|FakeOut,Reflect,LightScreen,PartingShot|Impish||M|||50|]Floette-Eternal||Floettite|FlowerVeil|Moonblast,DazzlingGleam,CalmMind,Protect|Timid||F|||50|]Gholdengo||LifeOrb|GoodasGold|MakeItRain,ShadowBall,NastyPlot,Protect|Modest|||||50|
|showteam|p2|Sceptile||Sceptilite|Overgrow|GrassKnot,DragonPulse,EarthPower,Detect|Timid||M|||50|]Rotom-Heat||ChoiceScarf|Levitate|Thunderbolt,Overheat,VoltSwitch,Discharge|Timid|||||50|]Basculegion||SitrusBerry|Adaptability|WaveCrash,LastRespects,AquaJet,Protect|Adamant||M|||50|]Aerodactyl||FocusSash|Unnerve|RockSlide,DualWingbeat,Tailwind,WideGuard|Jolly||M|||50|]Garchomp||LifeOrb|RoughSkin|DragonClaw,Earthquake,RockSlide,Protect|Jolly||M|||50|]Gardevoir||Gardevoirite|Telepathy|Psychic,HyperVoice,Protect,Moonblast|Modest||M|||50|
|
|t:|1782407270
|teamsize|p1|4
|teamsize|p2|4
|start
|switch|p1a: Eelektross|Eelektross, L50, F|100/100
|switch|p1b: Grimmsnarl|Grimmsnarl, L50, M|100/100
|switch|p2a: Sceptile|Sceptile, L50, M|100/100
|switch|p2b: Rotom|Rotom-Heat, L50|100/100
|turn|1
|
|t:|1782407351
|detailschange|p2a: Sceptile|Sceptile-Mega, L50, M
|-mega|p2a: Sceptile|Sceptile|Sceptilite
|detailschange|p1a: Eelektross|Eelektross-Mega, L50, F
|-mega|p1a: Eelektross|Eelektross|Eelektrossite
|move|p1b: Grimmsnarl|Fake Out|p2b: Rotom
|-damage|p2b: Rotom|85/100
|cant|p2b: Rotom|flinch
|move|p2a: Sceptile|Dragon Pulse|p1a: Eelektross
|-damage|p1a: Eelektross|47/100
|move|p1a: Eelektross|Coil|p1a: Eelektross
|-boost|p1a: Eelektross|atk|1
|-boost|p1a: Eelektross|def|1
|-boost|p1a: Eelektross|accuracy|1
|
|upkeep
|turn|2
|
|t:|1782407385
|move|p1b: Grimmsnarl|Parting Shot|p2a: Sceptile
|-unboost|p2a: Sceptile|atk|1
|-unboost|p2a: Sceptile|spa|1
|
|t:|1782407391
|switch|p1b: Garchomp|Garchomp, L50, F|100/100|[from] Parting Shot
|move|p2b: Rotom|Discharge|p1b: Garchomp|[spread] p1a
|-ability|p2a: Sceptile|Lightning Rod|boost
|-boost|p2a: Sceptile|spa|1
|-immune|p1b: Garchomp
|-resisted|p1a: Eelektross|1
|-damage|p1a: Eelektross|35/100
|move|p2a: Sceptile|Dragon Pulse|p1a: Eelektross
|-damage|p1a: Eelektross|0 fnt
|faint|p1a: Eelektross
|
|upkeep
|
|t:|1782407418
|switch|p1a: Grimmsnarl|Grimmsnarl, L50, M|100/100
|turn|3
|
|t:|1782407450
|switch|p2b: Aerodactyl|Aerodactyl, L50, M|100/100
|-ability|p2b: Aerodactyl|Unnerve
|move|p2a: Sceptile|Detect|p2a: Sceptile
|-singleturn|p2a: Sceptile|Protect
|move|p1a: Grimmsnarl|Fake Out|p2a: Sceptile
|-activate|p2a: Sceptile|move: Protect
|move|p1b: Garchomp|Dragon Claw|p2a: Sceptile
|-activate|p2a: Sceptile|move: Protect
|
|upkeep
|turn|4
|
|t:|1782407478
|switch|p2a: Rotom|Rotom-Heat, L50|85/100
|move|p1a: Grimmsnarl|Reflect|p1a: Grimmsnarl
|-sidestart|p1: queenghidorah12|Reflect
|move|p1b: Garchomp|Dragon Claw|p2a: Rotom
|-damage|p2a: Rotom|26/100
|move|p2b: Aerodactyl|Tailwind|p2b: Aerodactyl
|-sidestart|p2: K4ren|move: Tailwind
|
|upkeep
|turn|5
|
|t:|1782407532
|move|p1a: Grimmsnarl|Light Screen|p1a: Grimmsnarl
|-sidestart|p1: queenghidorah12|move: Light Screen
|move|p2a: Rotom|Volt Switch|p1a: Grimmsnarl
|-damage|p1a: Grimmsnarl|76/100
|
|t:|1782407536
|switch|p2a: Basculegion|Basculegion, L50, M|100/100|[from] Volt Switch
|move|p2b: Aerodactyl|Rock Slide|p1b: Garchomp|[spread] p1a
|-miss|p2b: Aerodactyl|p1b: Garchomp
|-damage|p1a: Grimmsnarl|59/100
|move|p1b: Garchomp|Dragon Claw|p2a: Basculegion
|-damage|p2a: Basculegion|58/100
|
|upkeep
|turn|6
|
|t:|1782407568
|move|p1a: Grimmsnarl|Parting Shot|p2a: Basculegion
|-unboost|p2a: Basculegion|atk|1
|-unboost|p2a: Basculegion|spa|1
|
|t:|1782407578
|switch|p1a: Gholdengo|Gholdengo, L50|100/100|[from] Parting Shot
|move|p2b: Aerodactyl|Rock Slide|p1b: Garchomp|[spread] p1a
|-miss|p2b: Aerodactyl|p1b: Garchomp
|-resisted|p1a: Gholdengo|1
|-damage|p1a: Gholdengo|91/100
|move|p1b: Garchomp|Dragon Claw|p2b: Aerodactyl
|-damage|p2b: Aerodactyl|29/100
|move|p2a: Basculegion|Wave Crash|p1a: Gholdengo
|-damage|p1a: Gholdengo|60/100
|-damage|p2a: Basculegion|49/100|[from] Recoil
|-enditem|p2a: Basculegion|Sitrus Berry|[eat]
|-heal|p2a: Basculegion|74/100|[from] item: Sitrus Berry
|
|upkeep
|turn|7
|
|t:|1782407613
|switch|p2b: Rotom|Rotom-Heat, L50|26/100
|move|p1a: Gholdengo|Protect|p1a: Gholdengo
|-singleturn|p1a: Gholdengo|Protect
|move|p1b: Garchomp|Dragon Claw|p2a: Basculegion
|-damage|p2a: Basculegion|34/100
|move|p2a: Basculegion|Last Respects|p1a: Gholdengo
|-activate|p1a: Gholdengo|move: Protect
|
|-sideend|p2: K4ren|move: Tailwind
|upkeep
|turn|8
|
|t:|1782407636
|switch|p1a: Grimmsnarl|Grimmsnarl, L50, M|59/100
|move|p2a: Basculegion|Protect|p2a: Basculegion
|-singleturn|p2a: Basculegion|Protect
|move|p1b: Garchomp|Dragon Claw|p2b: Rotom
|-damage|p2b: Rotom|0 fnt
|faint|p2b: Rotom
|
|upkeep
|
|t:|1782407649
|switch|p2b: Sceptile|Sceptile-Mega, L50, M|100/100
|turn|9
|
|t:|1782407671
|move|p2b: Sceptile|Detect|p2b: Sceptile
|-singleturn|p2b: Sceptile|Protect
|move|p1a: Grimmsnarl|Fake Out|p2b: Sceptile
|-activate|p2b: Sceptile|move: Protect
|move|p1b: Garchomp|Dragon Claw|p2a: Basculegion
|-damage|p2a: Basculegion|0 fnt
|faint|p2a: Basculegion
|
|upkeep
|
|t:|1782407681
|switch|p2a: Aerodactyl|Aerodactyl, L50, M|29/100
|-ability|p2a: Aerodactyl|Unnerve
|turn|10
|
|t:|1782407689
|move|p1a: Grimmsnarl|Parting Shot|p2b: Sceptile
|-unboost|p2b: Sceptile|atk|1
|-unboost|p2b: Sceptile|spa|1
|
|t:|1782407692
|switch|p1a: Gholdengo|Gholdengo, L50|60/100|[from] Parting Shot
|move|p1b: Garchomp|Dragon Claw|p2b: Sceptile
|-supereffective|p2b: Sceptile|1
|-damage|p2b: Sceptile|0 fnt
|faint|p2b: Sceptile
|move|p2a: Aerodactyl|Tailwind|p2a: Aerodactyl
|-sidestart|p2: K4ren|move: Tailwind
|
|upkeep
|turn|11
|-message|K4ren forfeited.
|
|win|queenghidorah12
|l|☆K4ren
|player|p2|
||K4ren is ready for game 3.
