|j|☆LetherOCE
|j|☆TheMaoriGamer
|html|LetherOCETheMaoriGamer    
|uhtml|bestof|Game 2 of a best-of-3
|t:|1756621759
|gametype|doubles
|player|p1|LetherOCE|steven|
|player|p2|TheMaoriGamer|2|
|gen|9
|tier|[Gen 9] VGC 2025 Reg H (Bo3)
|rule|Species Clause: Limit one of each Pokémon
|rule|Item Clause: Limit 1 of each item
|clearpoke
|poke|p1|Sneasler, L50, M|
|poke|p1|Garchomp, L50, F|
|poke|p1|Corviknight, L50, F|
|poke|p1|Volcarona, L50, F|
|poke|p1|Primarina, L50, F|
|poke|p1|Rillaboom, L50, F|
|poke|p2|Gholdengo, L50|
|poke|p2|Incineroar, L50, M|
|poke|p2|Amoonguss, L50, F|
|poke|p2|Archaludon, L50, M|
|poke|p2|Pelipper, L50, M|
|poke|p2|Basculegion, L50, M|
|teampreview|4
|showteam|p1|Sneasler||FocusSash|PoisonTouch|FakeOut,DireClaw,CloseCombat,Coaching|||M|||50|,,,,,Ghost]Garchomp||LoadedDice|RoughSkin|Protect,SwordsDance,StompingTantrum,ScaleShot|||F|||50|,,,,,Fairy]Corviknight||Leftovers|MirrorArmor|BraveBird,BodyPress,BulkUp,Roost|||F|||50|,,,,,Dragon]Volcarona||RockyHelmet|FlameBody|FieryDance,Tailwind,RagePowder,StruggleBug|||F|||50|,,,,,Steel]Primarina||SitrusBerry|LiquidVoice|Protect,HyperVoice,Moonblast,Haze|||F|||50|,,,,,Poison]Rillaboom||AssaultVest|GrassySurge|FakeOut,GrassyGlide,HighHorsepower,WoodHammer|||F|||50|,,,,,Fire
|showteam|p2|Gholdengo||LifeOrb|GoodasGold|MakeItRain,ShadowBall,NastyPlot,Protect||||||50|,,,,,Water]Incineroar||MirrorHerb|Intimidate|Taunt,KnockOff,PartingShot,FakeOut|||M|||50|,,,,,Ghost]Amoonguss||RockyHelmet|Regenerator|PollenPuff,Spore,RagePowder,Protect|||F|||50|,,,,,Water]Archaludon||AssaultVest|Stamina|DragonPulse,FlashCannon,ElectroShot,BodyPress|||M|||50|,,,,,Bug]Pelipper||FocusSash|Drizzle|WeatherBall,Hurricane,Tailwind,Protect|||M|||50|,,,,,Ground]Basculegion||ChoiceBand|SwiftSwim|WaveCrash,LastRespects,FlipTurn,AquaJet|||M|||50|,,,,,Water
|inactive|Battle timer is ON: inactive players will automatically lose when time's up. (requested by TheMaoriGamer)
|j| arrascaxeira
|l| arrascaxeira
|j| arrascaxeira
|inactive|LetherOCE has 60 seconds left.
|inactive|TheMaoriGamer has 60 seconds left.
|inactive|TheMaoriGamer has 30 seconds left.
|
|t:|1756621829
|teamsize|p1|4
|teamsize|p2|4
|start
|switch|p1a: Sneasler|Sneasler, L50, M|100/100
|switch|p1b: Primarina|Primarina, L50, F|100/100
|switch|p2a: Gholdengo|Gholdengo, L50|100/100
|switch|p2b: Incineroar|Incineroar, L50, M|100/100
|-ability|p2b: Incineroar|Intimidate|boost
|-unboost|p1a: Sneasler|atk|1
|-unboost|p1b: Primarina|atk|1
|turn|1
|inactive|TheMaoriGamer has 30 seconds left.
|inactive|TheMaoriGamer has 20 seconds left.
|inactive|TheMaoriGamer has 15 seconds left.
|
|t:|1756621871
|switch|p1a: Volcarona|Volcarona, L50, F|100/100
|switch|p2b: Archaludon|Archaludon, L50, M|100/100
|move|p2a: Gholdengo|Protect|p2a: Gholdengo
|-singleturn|p2a: Gholdengo|Protect
|move|p1b: Primarina|Hyper Voice|p2b: Archaludon|[spread] p2b
|-activate|p2a: Gholdengo|move: Protect
|-resisted|p2b: Archaludon
|-damage|p2b: Archaludon|89/100
|-ability|p2b: Archaludon|Stamina|boost
|-boost|p2b: Archaludon|def|1
|
|upkeep
|turn|2
|inactive|LetherOCE has 30 seconds left.
|inactive|LetherOCE has 20 seconds left.
|
|t:|1756621908
|switch|p2a: Pelipper|Pelipper, L50, M|100/100
|-weather|RainDance|[from] ability: Drizzle|[of] p2a: Pelipper
|move|p1b: Primarina|Protect|p1b: Primarina
|-singleturn|p1b: Primarina|Protect
|move|p1a: Volcarona|Tailwind|p1a: Volcarona
|-sidestart|p1: LetherOCE|move: Tailwind
|move|p2b: Archaludon|Electro Shot||[still]
|-prepare|p2b: Archaludon|Electro Shot
|-boost|p2b: Archaludon|spa|1
|-anim|p2b: Archaludon|Electro Shot|p1a: Volcarona
|-damage|p1a: Volcarona|48/100
|
|-weather|RainDance|[upkeep]
|upkeep
|turn|3
|inactive|TheMaoriGamer has 30 seconds left.
|inactive|TheMaoriGamer has 20 seconds left.
|
|t:|1756621944
|-terastallize|p1b: Primarina|Poison
|move|p2a: Pelipper|Protect|p2a: Pelipper
|-singleturn|p2a: Pelipper|Protect
|move|p1a: Volcarona|Struggle Bug|p2b: Archaludon|[spread] p2b
|-activate|p2a: Pelipper|move: Protect
|-resisted|p2b: Archaludon
|-damage|p2b: Archaludon|83/100
|-unboost|p2b: Archaludon|spa|1
|-ability|p2b: Archaludon|Stamina|boost
|-boost|p2b: Archaludon|def|1
|move|p1b: Primarina|Moonblast|p2a: Pelipper
|-activate|p2a: Pelipper|move: Protect
|move|p2b: Archaludon|Electro Shot||[still]
|-prepare|p2b: Archaludon|Electro Shot
|-boost|p2b: Archaludon|spa|1
|-anim|p2b: Archaludon|Electro Shot|p1a: Volcarona
|-damage|p1a: Volcarona|0 fnt
|faint|p1a: Volcarona
|
|-weather|RainDance|[upkeep]
|upkeep
|
|t:|1756621967
|switch|p1a: Rillaboom|Rillaboom, L50, F|100/100
|-fieldstart|move: Grassy Terrain|[from] ability: Grassy Surge|[of] p1a: Rillaboom
|turn|4
|inactive|TheMaoriGamer has 30 seconds left.
|
|t:|1756621997
|switch|p2a: Gholdengo|Gholdengo, L50|100/100
|move|p1a: Rillaboom|Fake Out|p2b: Archaludon
|-resisted|p2b: Archaludon
|-damage|p2b: Archaludon|80/100
|-ability|p2b: Archaludon|Stamina|boost
|-boost|p2b: Archaludon|def|1
|move|p1b: Primarina|Hyper Voice|p2b: Archaludon|[spread] p2a,p2b
|-resisted|p2b: Archaludon
|-damage|p2a: Gholdengo|41/100
|-damage|p2b: Archaludon|63/100
|-ability|p2b: Archaludon|Stamina|boost
|-boost|p2b: Archaludon|def|1
|cant|p2b: Archaludon|flinch
|
|-weather|RainDance|[upkeep]
|-heal|p2a: Gholdengo|47/100|[from] Grassy Terrain
|-heal|p2b: Archaludon|69/100|[from] Grassy Terrain
|upkeep
|turn|5
|inactive|TheMaoriGamer has 30 seconds left.
|
|t:|1756622025
|move|p2a: Gholdengo|Protect|p2a: Gholdengo
|-singleturn|p2a: Gholdengo|Protect
|move|p1a: Rillaboom|High Horsepower|p2a: Gholdengo
|-activate|p2a: Gholdengo|move: Protect
|move|p1b: Primarina|Haze|p1b: Primarina
|-clearallboost
|move|p2b: Archaludon|Electro Shot||[still]
|-prepare|p2b: Archaludon|Electro Shot
|-boost|p2b: Archaludon|spa|1
|-anim|p2b: Archaludon|Electro Shot|p1a: Rillaboom
|-resisted|p1a: Rillaboom
|-damage|p1a: Rillaboom|79/100
|
|-weather|RainDance|[upkeep]
|-heal|p1a: Rillaboom|85/100|[from] Grassy Terrain
|-heal|p2a: Gholdengo|53/100|[from] Grassy Terrain
|-heal|p2b: Archaludon|75/100|[from] Grassy Terrain
|-sideend|p1: LetherOCE|move: Tailwind
|upkeep
|turn|6
|inactive|TheMaoriGamer has 30 seconds left.
|
|t:|1756622059
|switch|p2a: Pelipper|Pelipper, L50, M|100/100
|move|p1a: Rillaboom|High Horsepower|p2b: Archaludon
|-supereffective|p2b: Archaludon
|-damage|p2b: Archaludon|26/100
|-ability|p2b: Archaludon|Stamina|boost
|-boost|p2b: Archaludon|def|1
|move|p2b: Archaludon|Electro Shot||[still]
|-prepare|p2b: Archaludon|Electro Shot
|-boost|p2b: Archaludon|spa|1
|-anim|p2b: Archaludon|Electro Shot|p1b: Primarina
|-damage|p1b: Primarina|35/100
|-enditem|p1b: Primarina|Sitrus Berry|[eat]
|-heal|p1b: Primarina|59/100|[from] item: Sitrus Berry
|move|p1b: Primarina|Moonblast|p2b: Archaludon
|-damage|p2b: Archaludon|0 fnt
|faint|p2b: Archaludon
|
|-weather|none
|-heal|p1a: Rillaboom|91/100|[from] Grassy Terrain
|-heal|p1b: Primarina|65/100|[from] Grassy Terrain
|upkeep
|
|t:|1756622077
|switch|p2b: Incineroar|Incineroar, L50, M|100/100
|-ability|p2b: Incineroar|Intimidate|boost
|-unboost|p1a: Rillaboom|atk|1
|-unboost|p1b: Primarina|atk|1
|turn|7
|
|t:|1756622100
|switch|p2a: Gholdengo|Gholdengo, L50|53/100
|-terastallize|p2b: Incineroar|Ghost
|move|p1a: Rillaboom|High Horsepower|p2b: Incineroar
|-damage|p2b: Incineroar|79/100
|move|p2b: Incineroar|Knock Off|p1a: Rillaboom
|-damage|p1a: Rillaboom|44/100
|-enditem|p1a: Rillaboom|Assault Vest|[from] move: Knock Off|[of] p2b: Incineroar
|move|p1b: Primarina|Hyper Voice|p2a: Gholdengo|[spread] p2a,p2b
|-damage|p2a: Gholdengo|15/100
|-damage|p2b: Incineroar|47/100
|
|-heal|p2a: Gholdengo|21/100|[from] Grassy Terrain
|-heal|p1a: Rillaboom|50/100|[from] Grassy Terrain
|-heal|p2b: Incineroar|53/100|[from] Grassy Terrain
|-heal|p1b: Primarina|71/100|[from] Grassy Terrain
|upkeep
|turn|8
|inactive|LetherOCE has 30 seconds left.
|inactive|TheMaoriGamer has 30 seconds left.
|inactive|LetherOCE has 20 seconds left.
|inactive|LetherOCE has 15 seconds left.
|inactive|LetherOCE has 10 seconds left.
|
|t:|1756622146
|switch|p1a: Sneasler|Sneasler, L50, M|100/100
|move|p2a: Gholdengo|Protect|p2a: Gholdengo
|-singleturn|p2a: Gholdengo|Protect
|move|p2b: Incineroar|Parting Shot|p1a: Sneasler
|-unboost|p1a: Sneasler|atk|1
|-unboost|p1a: Sneasler|spa|1
|
|t:|1756622153
|switch|p2b: Pelipper|Pelipper, L50, M|100/100|[from] Parting Shot
|-weather|RainDance|[from] ability: Drizzle|[of] p2b: Pelipper
|move|p1b: Primarina|Hyper Voice|p2b: Pelipper|[spread] p2b
|-activate|p2a: Gholdengo|move: Protect
|-resisted|p2b: Pelipper
|-damage|p2b: Pelipper|55/100
|
|-weather|RainDance|[upkeep]
|-heal|p2a: Gholdengo|27/100|[from] Grassy Terrain
|-heal|p1b: Primarina|77/100|[from] Grassy Terrain
|-fieldend|move: Grassy Terrain
|upkeep
|turn|9
|
|t:|1756622169
|switch|p2a: Incineroar|Incineroar, L50, M, tera:Ghost|53/100
|-ability|p2a: Incineroar|Intimidate|boost
|-unboost|p1a: Sneasler|atk|1
|-unboost|p1b: Primarina|atk|1
|move|p2b: Pelipper|Protect|p2b: Pelipper
|-singleturn|p2b: Pelipper|Protect
|move|p1a: Sneasler|Dire Claw|p2b: Pelipper
|-activate|p2b: Pelipper|move: Protect
|move|p1b: Primarina|Hyper Voice|p2a: Incineroar|[spread] p2a
|-activate|p2b: Pelipper|move: Protect
|-damage|p2a: Incineroar|0 fnt
|faint|p2a: Incineroar
|
|-weather|RainDance|[upkeep]
|upkeep
|
|t:|1756622182
|switch|p2a: Gholdengo|Gholdengo, L50|27/100
|turn|10
|
|t:|1756622206
|move|p1a: Sneasler|Dire Claw|p2b: Pelipper
|-crit|p2b: Pelipper
|-damage|p2b: Pelipper|0 fnt
|faint|p2b: Pelipper
|move|p2a: Gholdengo|Make It Rain|p1b: Primarina|[spread] p1a,p1b
|-damage|p1a: Sneasler|18/100
|-damage|p1b: Primarina|27/100
|-unboost|p2a: Gholdengo|spa|1
|-damage|p2a: Gholdengo|18/100|[from] item: Life Orb
|move|p1b: Primarina|Hyper Voice|p2a: Gholdengo
|-damage|p2a: Gholdengo|0 fnt
|faint|p2a: Gholdengo
|
|win|LetherOCE
|c|☆TheMaoriGamer|gg
|c|☆LetherOCE|ggs mate
|l| arrascaxeira
|l|☆LetherOCE
|player|p1|
