|j|☆WoahThereAdo
|j|☆platanopower420
|html|WoahThereAdoplatanopower420    
|uhtml|bestof|Game 2 of a best-of-3
|t:|1783786724
|gametype|doubles
|player|p1|WoahThereAdo|caitlin|
|player|p2|platanopower420|2|
|gen|9
|tier|[Gen 9 Champions] VGC 2026 Reg M-B (Bo3)
|rule|Species Clause: Limit one of each Pokémon
|rule|Item Clause: Limit 1 of each item
|clearpoke
|poke|p1|Oranguru, L50, F, shiny|
|poke|p1|Torkoal, L50, F|
|poke|p1|Metagross, L50, shiny|
|poke|p1|Vivillon-Icy Snow, L50, F|
|poke|p1|Rhyperior, L50, M|
|poke|p1|Annihilape, L50, M|
|poke|p2|Meowstic, L50, M|
|poke|p2|Kingambit, L50, F|
|poke|p2|Garchomp, L50, M|
|poke|p2|Talonflame, L50, M|
|poke|p2|Froslass, L50, F|
|poke|p2|Toxapex, L50, M|
|teampreview|4
|showteam|p1|Oranguru||SitrusBerry|Telepathy|Psychic,TrickRoom,Taunt,Instruct|Relaxed||F|||50|]Torkoal||Charcoal|Drought|Eruption,HeatWave,EarthPower,Protect|Quiet||F|||50|]Metagross||Metagrossite|ClearBody|IronHead,BrickBreak,IcePunch,Protect|Brave|||||50|]Vivillon-Icy Snow||FocusSash|FriendGuard|PollenPuff,RagePowder,Tailwind,Protect|Timid||F|||50|]Rhyperior||LifeOrb|SolidRock|Earthquake,RockSlide,Crunch,Protect|Brave||M|||50|]Annihilape||Leftovers|Defiant|RageFist,DrainPunch,Curse,Protect|Brave||M|||50|
|showteam|p2|Meowstic||Meowsticite|Prankster|FakeOut,DarkPulse,RainDance,Protect|Hasty||M|||50|]Kingambit||ChopleBerry|Defiant|KowtowCleave,BrickBreak,SuckerPunch,MetalBurst|Brave||F|||50|]Garchomp||SitrusBerry|RoughSkin|Earthquake,StompingTantrum,RockSlide,Protect|Adamant||M|||50|]Talonflame||SharpBeak|GaleWings|DualWingbeat,WillOWisp,Taunt,Feint|Adamant||M|||50|]Froslass||Froslassite|CursedBody|WillOWisp,AuroraVeil,ShadowBall,Protect|Bold||F|||50|]Toxapex||Leftovers|Regenerator|MuddyWater,Infestation,WideGuard,Recover|Relaxed||M|||50|
|
|t:|1783786791
|teamsize|p1|4
|teamsize|p2|4
|start
|switch|p1a: Oranguru|Oranguru, L50, F, shiny|100/100
|switch|p1b: Rhyperior|Rhyperior, L50, M|100/100
|switch|p2a: Talonflame|Talonflame, L50, M|100/100
|switch|p2b: Meowstic|Meowstic, L50, M|100/100
|turn|1
|
|t:|1783786808
|move|p2b: Meowstic|Fake Out|p1a: Oranguru
|-damage|p1a: Oranguru|94/100
|move|p2a: Talonflame|Will-O-Wisp|p1b: Rhyperior
|-status|p1b: Rhyperior|brn
|move|p1b: Rhyperior|Rock Slide|p2b: Meowstic|[spread] p2a,p2b
|-supereffective|p2a: Talonflame|2
|-damage|p2a: Talonflame|0 fnt
|-damage|p2b: Meowstic|67/100
|faint|p2a: Talonflame
|-damage|p1b: Rhyperior|90/100 brn|[from] item: Life Orb
|cant|p1a: Oranguru|flinch
|
|-damage|p1b: Rhyperior|83/100 brn|[from] brn
|upkeep
|
|t:|1783786817
|switch|p2a: Garchomp|Garchomp, L50, M|100/100
|turn|2
|
|t:|1783786864
|move|p2b: Meowstic|Dark Pulse|p1b: Rhyperior
|-damage|p1b: Rhyperior|68/100 brn
|move|p2a: Garchomp|Earthquake|p1b: Rhyperior|[spread] p2b,p1a,p1b
|-supereffective|p1b: Rhyperior|1
|-damage|p2b: Meowstic|4/100
|-damage|p1a: Oranguru|57/100
|-damage|p1b: Rhyperior|22/100 brn
|move|p1b: Rhyperior|Earthquake|p2b: Meowstic|[spread] p2a,p2b
|-activate|p1a: Oranguru|ability: Telepathy
|-damage|p2a: Garchomp|73/100
|-damage|p2b: Meowstic|0 fnt
|faint|p2b: Meowstic
|-damage|p1b: Rhyperior|13/100 brn|[from] item: Life Orb
|move|p1a: Oranguru|Trick Room|p1a: Oranguru
|-fieldstart|move: Trick Room|[of] p1a: Oranguru
|
|-damage|p1b: Rhyperior|6/100 brn|[from] brn
|upkeep
|
|t:|1783786872
|switch|p2b: Froslass|Froslass, L50, F|100/100
|turn|3
|
|t:|1783786883
|detailschange|p2b: Froslass|Froslass-Mega, L50, F
|-mega|p2b: Froslass|Froslass|Froslassite
|-weather|Snowscape|[from] ability: Snow Warning|[of] p2b: Froslass
|move|p2a: Garchomp|Protect|p2a: Garchomp
|-singleturn|p2a: Garchomp|Protect
|move|p1b: Rhyperior|Crunch|p2b: Froslass
|-supereffective|p2b: Froslass|1
|-damage|p2b: Froslass|71/100
|-damage|p1b: Rhyperior|0 fnt|[from] item: Life Orb
|faint|p1b: Rhyperior
|move|p1a: Oranguru|Psychic|p2b: Froslass
|-damage|p2b: Froslass|38/100
|move|p2b: Froslass|Aurora Veil|p2b: Froslass
|-sidestart|p2: platanopower420|move: Aurora Veil
|
|-weather|Snowscape|[upkeep]
|upkeep
|
|t:|1783786902
|switch|p1b: Annihilape|Annihilape, L50, M|100/100
|turn|4
|
|t:|1783786919
|move|p1a: Oranguru|Instruct||[still]
|-fail|p1a: Oranguru
|move|p1b: Annihilape|Rage Fist|p2b: Froslass
|-supereffective|p2b: Froslass|1
|-damage|p2b: Froslass|14/100
|move|p2a: Garchomp|Earthquake|p1a: Oranguru|[spread] p2b,p1a,p1b
|-damage|p2b: Froslass|0 fnt
|-damage|p1a: Oranguru|24/100
|-damage|p1b: Annihilape|59/100
|-enditem|p1a: Oranguru|Sitrus Berry|[eat]
|-heal|p1a: Oranguru|49/100|[from] item: Sitrus Berry
|faint|p2b: Froslass
|
|-weather|Snowscape|[upkeep]
|-heal|p1b: Annihilape|65/100|[from] item: Leftovers
|upkeep
|turn|5
|
|t:|1783786941
|move|p1a: Oranguru|Psychic|p2a: Garchomp
|-damage|p2a: Garchomp|53/100
|move|p1b: Annihilape|Rage Fist|p2a: Garchomp
|-damage|p2a: Garchomp|20/100y
|-damage|p1b: Annihilape|53/100|[from] ability: Rough Skin|[of] p2a: Garchomp
|-enditem|p2a: Garchomp|Sitrus Berry|[eat]
|-heal|p2a: Garchomp|45/100|[from] item: Sitrus Berry
|move|p2a: Garchomp|Earthquake|p1b: Annihilape|[spread] p1a,p1b
|-damage|p1a: Oranguru|15/100
|-damage|p1b: Annihilape|13/100
|
|-weather|Snowscape|[upkeep]
|-heal|p1b: Annihilape|19/100|[from] item: Leftovers
|upkeep
|turn|6
|
|t:|1783786953
|move|p2a: Garchomp|Protect|p2a: Garchomp
|-singleturn|p2a: Garchomp|Protect
|move|p1a: Oranguru|Psychic|p2a: Garchomp
|-activate|p2a: Garchomp|move: Protect
|move|p1b: Annihilape|Rage Fist|p2a: Garchomp
|-activate|p2a: Garchomp|move: Protect
|
|-weather|Snowscape|[upkeep]
|-heal|p1b: Annihilape|25/100|[from] item: Leftovers
|-fieldend|move: Trick Room
|upkeep
|turn|7
|
|t:|1783786969
|move|p1b: Annihilape|Protect|p1b: Annihilape
|-singleturn|p1b: Annihilape|Protect
|move|p2a: Garchomp|Earthquake|p1a: Oranguru|[spread] p1a
|-activate|p1b: Annihilape|move: Protect
|-damage|p1a: Oranguru|0 fnt
|faint|p1a: Oranguru
|
|-weather|none
|-heal|p1b: Annihilape|31/100|[from] item: Leftovers
|-sideend|p2: platanopower420|move: Aurora Veil
|upkeep
|
|t:|1783786971
|switch|p1a: Metagross|Metagross, L50, shiny|100/100
|turn|8
|
|t:|1783786977
|detailschange|p1a: Metagross|Metagross-Mega, L50, shiny
|-mega|p1a: Metagross|Metagross|Metagrossite
|move|p2a: Garchomp|Earthquake|p1a: Metagross|[spread] p1a,p1b
|-supereffective|p1a: Metagross|1
|-damage|p1a: Metagross|45/100
|-damage|p1b: Annihilape|0 fnt
|faint|p1b: Annihilape
|move|p1a: Metagross|Ice Punch|p2a: Garchomp
|-supereffective|p2a: Garchomp|2
|-damage|p2a: Garchomp|0 fnt
|-damage|p1a: Metagross|33/100|[from] ability: Rough Skin|[of] p2a: Garchomp
|faint|p2a: Garchomp
|
|win|WoahThereAdo
|c|☆WoahThereAdo|ggs
|c|☆platanopower420|ggs wp!
|c|☆WoahThereAdo|imma delete the post I made lol
|c|☆WoahThereAdo|sorry for the confusion
|c|☆platanopower420|thanks lol, gl the rest of the tour!
|l|☆platanopower420
|player|p2|
|c|☆WoahThereAdo|same to you!
