|j|☆Freudianbreath
|j|☆Bujero A subir
|html|FreudianbreathBujero A subir    
|uhtml|bestof|Game 1 of a best-of-3
|t:|1756490086
|gametype|doubles
|player|p1|Freudianbreath|1|1057
|player|p2|Bujero A subir|acetrainercouple|1040
|gen|9
|tier|[Gen 9] VGC 2025 Reg H (Bo3)
|rated|
|rule|Species Clause: Limit one of each Pokémon
|rule|Item Clause: Limit 1 of each item
|clearpoke
|poke|p1|Rillaboom, L50, M|
|poke|p1|Gholdengo, L50|
|poke|p1|Amoonguss, L50, M|
|poke|p1|Incineroar, L50, M|
|poke|p1|Pelipper, L50, F|
|poke|p1|Palafin, L50, F|
|poke|p2|Rillaboom, L50, M|
|poke|p2|Kingambit, L50, M|
|poke|p2|Sneasler, L50, M|
|poke|p2|Electabuzz, L50, M|
|poke|p2|Dragonite, L50, M|
|poke|p2|Volcarona, L50, M|
|teampreview|4
|showteam|p1|Rillaboom||AssaultVest|GrassySurge|WoodHammer,GrassyGlide,FakeOut,HighHorsepower|||M|||50|,,,,,Fire]Gholdengo||ChoiceSpecs|GoodasGold|MakeItRain,ShadowBall,PowerGem,Thunder||||||50|,,,,,Steel]Amoonguss||RockyHelmet|Regenerator|PollenPuff,Spore,RagePowder,ClearSmog|||M|||50|,,,,,Fairy]Incineroar||SafetyGoggles|Intimidate|FakeOut,KnockOff,WillOWisp,PartingShot|||M|||50|,,,,,Ghost]Pelipper||FocusSash|Drizzle|Hurricane,WeatherBall,Tailwind,Protect|||F|||50|,,,,,Stellar]Palafin||ChoiceBand|ZerotoHero|JetPunch,WaveCrash,FlipTurn,CloseCombat|||F|||50|,,,,,Water
|showteam|p2|Rillaboom||AssaultVest|GrassySurge|FakeOut,WoodHammer,HighHorsepower,GrassyGlide|||M|||50|,,,,,Fire]Kingambit||BlackGlasses|Defiant|KowtowCleave,SuckerPunch,SwordsDance,Protect|||M|||50|,,,,,Dark]Sneasler||GrassySeed|Unburden|CloseCombat,DireClaw,Protect,Coaching|||M|||50|,,,,,Stellar]Electabuzz||Eviolite|VitalSpirit|Electroweb,Taunt,FollowMe,Protect|||M|||50|,,,,,Dragon]Dragonite||LoadedDice|Multiscale|ScaleShot,Tailwind,Protect,Haze|||M|||50|,,,,,Fairy]Volcarona||CovertCloak|FlameBody|QuiverDance,TeraBlast,HeatWave,Protect|||M|||50|,,,,,Fairy
|inactive|Battle timer is ON: inactive players will automatically lose when time's up. (requested by Bujero A subir)
|inactive|Freudianbreath has 60 seconds left.
|inactive|Bujero A subir has 60 seconds left.
|inactive|Freudianbreath has 30 seconds left.
|inactive|Freudianbreath has 20 seconds left.
|inactive|Freudianbreath has 15 seconds left.
|inactive|Freudianbreath has 10 seconds left.
|inactive|Freudianbreath has 5 seconds left.
|
|t:|1756490177
|teamsize|p1|4
|teamsize|p2|4
|start
|switch|p1a: Pelipper|Pelipper, L50, F|100/100
|switch|p1b: Gholdengo|Gholdengo, L50|100/100
|switch|p2a: Kingambit|Kingambit, L50, M, shiny|100/100
|switch|p2b: Electabuzz|Electabuzz, L50, M, shiny|100/100
|-weather|RainDance|[from] ability: Drizzle|[of] p1a: Pelipper
|turn|1
|inactive|Freudianbreath has 30 seconds left.
|inactive|Freudianbreath has 20 seconds left.
|inactive|Freudianbreath has 15 seconds left.
|inactive|Bujero A subir has 30 seconds left.
|inactive|Freudianbreath has 10 seconds left.
|inactive|Freudianbreath has 5 seconds left.
|
|t:|1756490229
|-terastallize|p1b: Gholdengo|Steel
|move|p2a: Kingambit|Sucker Punch|p1b: Gholdengo
|-damage|p1b: Gholdengo|47/100
|move|p2b: Electabuzz|Electroweb|p1b: Gholdengo|[spread] p1a,p1b
|-supereffective|p1a: Pelipper
|-damage|p1a: Pelipper|12/100
|-damage|p1b: Gholdengo|29/100
|-unboost|p1a: Pelipper|spe|1
|-unboost|p1b: Gholdengo|spe|1
|move|p1b: Gholdengo|Thunder|p2a: Kingambit
|-damage|p2a: Kingambit|40/100
|move|p1a: Pelipper|Weather Ball|p2b: Electabuzz
|-damage|p2b: Electabuzz|50/100
|
|-weather|RainDance|[upkeep]
|upkeep
|turn|2
|inactive|Freudianbreath has 30 seconds left.
|inactive|Bujero A subir has 30 seconds left.
|inactive|Freudianbreath has 20 seconds left.
|inactive|Bujero A subir has 20 seconds left.
|inactive|Freudianbreath has 15 seconds left.
|inactive|Freudianbreath has 10 seconds left.
|
|t:|1756490279
|switch|p1b: Amoonguss|Amoonguss, L50, M|100/100
|move|p2a: Kingambit|Sucker Punch||[still]
|-fail|p2a: Kingambit
|move|p2b: Electabuzz|Electroweb|p1b: Amoonguss|[spread] p1a,p1b
|-supereffective|p1a: Pelipper
|-resisted|p1b: Amoonguss
|-damage|p1a: Pelipper|0 fnt
|-damage|p1b: Amoonguss|95/100
|-unboost|p1b: Amoonguss|spe|1
|faint|p1a: Pelipper
|
|-weather|RainDance|[upkeep]
|upkeep
|
|t:|1756490298
|switch|p1a: Gholdengo|Gholdengo, L50, tera:Steel|29/100
|turn|3
|inactive|Freudianbreath has 30 seconds left.
|
|t:|1756490329
|move|p2a: Kingambit|Protect|p2a: Kingambit
|-singleturn|p2a: Kingambit|Protect
|move|p1b: Amoonguss|Rage Powder|p1b: Amoonguss
|-singleturn|p1b: Amoonguss|move: Rage Powder
|move|p2b: Electabuzz|Taunt|p1b: Amoonguss
|-start|p1b: Amoonguss|move: Taunt
|move|p1a: Gholdengo|Thunder|p2a: Kingambit
|-activate|p2a: Kingambit|move: Protect
|
|-weather|RainDance|[upkeep]
|upkeep
|turn|4
|inactive|Freudianbreath has 30 seconds left.
|inactive|Bujero A subir has 30 seconds left.
|
|t:|1756490360
|switch|p1a: Rillaboom|Rillaboom, L50, M|100/100
|-fieldstart|move: Grassy Terrain|[from] ability: Grassy Surge|[of] p1a: Rillaboom
|move|p2b: Electabuzz|Follow Me|p2b: Electabuzz
|-singleturn|p2b: Electabuzz|move: Follow Me
|move|p2a: Kingambit|Swords Dance|p2a: Kingambit
|-boost|p2a: Kingambit|atk|2
|move|p1b: Amoonguss|Pollen Puff|p2b: Electabuzz
|-damage|p2b: Electabuzz|34/100
|
|-weather|RainDance|[upkeep]
|-heal|p2b: Electabuzz|40/100|[from] Grassy Terrain
|-heal|p2a: Kingambit|46/100|[from] Grassy Terrain
|-heal|p1b: Amoonguss|100/100|[from] Grassy Terrain
|upkeep
|turn|5
|inactive|Freudianbreath has 30 seconds left.
|
|t:|1756490394
|switch|p2b: Sneasler|Sneasler, L50, M, shiny|100/100
|-enditem|p2b: Sneasler|Grassy Seed
|-boost|p2b: Sneasler|def|1|[from] item: Grassy Seed
|move|p2a: Kingambit|Protect|p2a: Kingambit
|-singleturn|p2a: Kingambit|Protect
|move|p1a: Rillaboom|High Horsepower|p2b: Sneasler
|-supereffective|p2b: Sneasler
|-damage|p2b: Sneasler|23/100
|move|p1b: Amoonguss|Pollen Puff|p2a: Kingambit
|-activate|p2a: Kingambit|move: Protect
|
|-weather|none
|-heal|p2b: Sneasler|29/100|[from] Grassy Terrain
|-heal|p2a: Kingambit|53/100|[from] Grassy Terrain
|upkeep
|turn|6
|inactive|Freudianbreath has 30 seconds left.
|inactive|Bujero A subir has 30 seconds left.
|inactive|Freudianbreath has 20 seconds left.
|inactive|Freudianbreath has 15 seconds left.
|inactive|Freudianbreath has 10 seconds left.
|
|t:|1756490440
|-terastallize|p2a: Kingambit|Dark
|move|p1a: Rillaboom|Grassy Glide|p2b: Sneasler
|-resisted|p2b: Sneasler
|-damage|p2b: Sneasler|9/100
|move|p2b: Sneasler|Dire Claw|p1a: Rillaboom
|-supereffective|p1a: Rillaboom
|-damage|p1a: Rillaboom|11/100
|move|p2a: Kingambit|Kowtow Cleave|p1b: Amoonguss
|-damage|p1b: Amoonguss|0 fnt
|-damage|p2a: Kingambit|36/100|[from] item: Rocky Helmet|[of] p1b: Amoonguss
|faint|p1b: Amoonguss
|
|-heal|p2b: Sneasler|15/100|[from] Grassy Terrain
|-heal|p1a: Rillaboom|16/100|[from] Grassy Terrain
|-heal|p2a: Kingambit|42/100|[from] Grassy Terrain
|upkeep
|
|t:|1756490451
|switch|p1b: Gholdengo|Gholdengo, L50, tera:Steel|29/100
|turn|7
|
|t:|1756490463
|move|p1a: Rillaboom|Grassy Glide|p2a: Kingambit
|-damage|p2a: Kingambit|12/100
|move|p2a: Kingambit|Sucker Punch|p1b: Gholdengo
|-damage|p1b: Gholdengo|0 fnt
|faint|p1b: Gholdengo
|move|p2b: Sneasler|Dire Claw|p1a: Rillaboom
|-supereffective|p1a: Rillaboom
|-damage|p1a: Rillaboom|0 fnt
|faint|p1a: Rillaboom
|
|win|Bujero A subir
||Bujero A subir is ready for game 2.
||Freudianbreath is ready for game 2.
|uhtml|next|Next: Game 2 of 3
