|j|☆Lorido
|j|☆nefifi
|html|Loridonefifi    
|uhtml|bestof|Game 3 of a best-of-3
|t:|1784654252
|gametype|doubles
|player|p1|Lorido|101|1213
|player|p2|nefifi|burglar|1188
|gen|9
|tier|[Gen 9 Champions] VGC 2026 Reg M-B (Bo3)
|rated|
|rule|Species Clause: Limit one of each Pokémon
|rule|Item Clause: Limit 1 of each item
|clearpoke
|poke|p1|Aerodactyl, L50, M|
|poke|p1|Kingambit, L50, F|
|poke|p1|Sylveon, L50, M|
|poke|p1|Charizard, L50, F|
|poke|p1|Garchomp, L50, F|
|poke|p1|Farigiraf, L50, F|
|poke|p2|Primarina, L50, F|
|poke|p2|Froslass, L50, F, shiny|
|poke|p2|Meowstic, L50, M|
|poke|p2|Blaziken, L50, M|
|poke|p2|Lycanroc-Dusk, L50, M|
|poke|p2|Garchomp, L50, F|
|teampreview|4
|showteam|p1|Aerodactyl||Aerodactylite|Unnerve|RockSlide,DualWingbeat,IceFang,Tailwind|Jolly||M|||50|]Kingambit||BlackGlasses|Defiant|KowtowCleave,IronHead,SuckerPunch,LowKick|Jolly||F|||50|]Sylveon||FairyFeather|Pixilate|HyperVoice,QuickAttack,HyperBeam,Detect|Modest||M|||50|]Charizard||CharizarditeY|Blaze|HeatWave,WeatherBall,SolarBeam,Protect|Modest||F|||50|]Garchomp||LifeOrb|RoughSkin|DragonClaw,Earthquake,RockSlide,Protect|Jolly||F|||50|]Farigiraf||SitrusBerry|ArmorTail|TwinBeam,Thunderbolt,TrickRoom,HelpingHand|Relaxed||F|||50|
|showteam|p2|Primarina||ExpertBelt|LiquidVoice|Moonblast,Protect,EnergyBall,HyperVoice|Calm||F|||50|]Froslass||Froslassite|CursedBody|Blizzard,AuroraVeil,Protect,Hex|Modest||F|||50|]Meowstic||FocusSash|Prankster|FakeOut,Psychic,ThunderWave,Protect|Timid||M|||50|]Blaziken||Blazikenite|SpeedBoost|PoisonJab,BrickBreak,BlazeKick,Protect|Adamant||M|||50|]Lycanroc-Dusk||KingsRock|ToughClaws|CloseCombat,Accelerock,RockSlide,Protect|Adamant||M|||50|]Garchomp||MuscleBand|RoughSkin|Earthquake,Outrage,IronHead,Protect|Jolly||F|||50|
|inactive|Battle timer is ON: inactive players will automatically lose when time's up. (requested by Lorido)
|inactive|nefifi has 60 seconds left.
|
|t:|1784654300
|teamsize|p1|4
|teamsize|p2|4
|start
|switch|p1a: Sylveon|Sylveon, L50, M|100/100
|switch|p1b: Kingambit|Kingambit, L50, F|100/100
|switch|p2a: Blaziken|Blaziken, L50, M|100/100
|switch|p2b: Primarina|Primarina, L50, F|100/100
|turn|1
|inactive|Lorido has 30 seconds left.
|
|t:|1784654330
|move|p2a: Blaziken|Protect|p2a: Blaziken
|-singleturn|p2a: Blaziken|Protect
|move|p2b: Primarina|Protect|p2b: Primarina
|-singleturn|p2b: Primarina|Protect
|move|p1b: Kingambit|Iron Head|p2b: Primarina
|-activate|p2b: Primarina|move: Protect
|move|p1a: Sylveon|Hyper Voice|p2a: Blaziken|[spread] 
|-activate|p2a: Blaziken|move: Protect
|-activate|p2b: Primarina|move: Protect
|
|-ability|p2a: Blaziken|Speed Boost|boost
|-boost|p2a: Blaziken|spe|1
|upkeep
|turn|2
|
|t:|1784654346
|switch|p1a: Farigiraf|Farigiraf, L50, F|100/100
|move|p2a: Blaziken|Brick Break|p1b: Kingambit
|-supereffective|p1b: Kingambit|2
|-damage|p1b: Kingambit|0 fnt
|faint|p1b: Kingambit
|move|p2b: Primarina|Hyper Voice|p1a: Farigiraf
|-damage|p1a: Farigiraf|58/100
|
|-ability|p2a: Blaziken|Speed Boost|boost
|-boost|p2a: Blaziken|spe|1
|upkeep
|
|t:|1784654358
|switch|p1b: Charizard|Charizard, L50, F|100/100
|turn|3
|
|t:|1784654367
|switch|p1a: Sylveon|Sylveon, L50, M|100/100
|detailschange|p1b: Charizard|Charizard-Mega-Y, L50, F
|-mega|p1b: Charizard|Charizard|Charizardite Y
|-weather|SunnyDay|[from] ability: Drought|[of] p1b: Charizard
|move|p2a: Blaziken|Brick Break|p1a: Sylveon
|-resisted|p1a: Sylveon|1
|-damage|p1a: Sylveon|79/100
|move|p1b: Charizard|Solar Beam||[still]
|-prepare|p1b: Charizard|Solar Beam
|-anim|p1b: Charizard|Solar Beam|p2b: Primarina
|-supereffective|p2b: Primarina|1
|-damage|p2b: Primarina|34/100
|move|p2b: Primarina|Hyper Voice|p1b: Charizard|[spread] p1a,p1b
|-supereffective|p1b: Charizard|1
|-damage|p1a: Sylveon|67/100
|-damage|p1b: Charizard|61/100
|
|-weather|SunnyDay|[upkeep]
|-ability|p2a: Blaziken|Speed Boost|boost
|-boost|p2a: Blaziken|spe|1
|upkeep
|turn|4
|
|t:|1784654390
|move|p2a: Blaziken|Poison Jab|p1a: Sylveon
|-supereffective|p1a: Sylveon|1
|-damage|p1a: Sylveon|11/100
|-status|p1a: Sylveon|psn
|move|p1b: Charizard|Weather Ball|p2a: Blaziken
|-resisted|p2a: Blaziken|1
|-damage|p2a: Blaziken|30/100
|move|p1a: Sylveon|Hyper Voice|p2b: Primarina|[spread] p2a,p2b
|-damage|p2a: Blaziken|0 fnt
|-damage|p2b: Primarina|0 fnt
|faint|p2a: Blaziken
|faint|p2b: Primarina
|
|-weather|SunnyDay|[upkeep]
|-damage|p1a: Sylveon|0 fnt|[from] psn
|faint|p1a: Sylveon
|upkeep
|
|t:|1784654407
|switch|p2a: Lycanroc|Lycanroc-Dusk, L50, M|100/100
|switch|p1a: Farigiraf|Farigiraf, L50, F|58/100
|switch|p2b: Froslass|Froslass, L50, F, shiny|100/100
|turn|5
|
|t:|1784654428
|detailschange|p2b: Froslass|Froslass-Mega, L50, F, shiny
|-mega|p2b: Froslass|Froslass|Froslassite
|-weather|Snowscape|[from] ability: Snow Warning|[of] p2b: Froslass
|move|p2b: Froslass|Blizzard|p1b: Charizard|[spread] p1a,p1b
|-damage|p1a: Farigiraf|13/100
|-damage|p1b: Charizard|15/100
|-enditem|p1a: Farigiraf|Sitrus Berry|[eat]
|-heal|p1a: Farigiraf|38/100|[from] item: Sitrus Berry
|move|p2a: Lycanroc|Rock Slide|p1a: Farigiraf|[spread] p1a,p1b
|-supereffective|p1b: Charizard|2
|-damage|p1a: Farigiraf|16/100
|-damage|p1b: Charizard|0 fnt
|faint|p1b: Charizard
|move|p1a: Farigiraf|Twin Beam|p2a: Lycanroc
|-damage|p2a: Lycanroc|73/100
|-damage|p2a: Lycanroc|45/100
|-hitcount|p2a: Lycanroc|2
|
|-weather|Snowscape|[upkeep]
|upkeep
|turn|6
|
|t:|1784654449
|move|p2b: Froslass|Blizzard|p1a: Farigiraf
|-damage|p1a: Farigiraf|0 fnt
|faint|p1a: Farigiraf
|
|win|nefifi
|raw|Lorido's rating: 1213 → 1186(-27 for losing)
|raw|nefifi's rating: 1188 → 1215(+27 for winning)
