|j|☆jamirolol
|j|☆sbhaga34
|html|jamirololsbhaga34    
|uhtml|bestof|Game 2 of a best-of-3
|t:|1757921504
|gametype|doubles
|player|p1|jamirolol|102|1314
|player|p2|sbhaga34|hugh|1405
|gen|9
|tier|[Gen 9] VGC 2025 Reg H (Bo3)
|rated|
|rule|Species Clause: Limit one of each Pokémon
|rule|Item Clause: Limit 1 of each item
|clearpoke
|poke|p1|Volcarona, L50, M|
|poke|p1|Rillaboom, L50, F|
|poke|p1|Sneasler, L50, F|
|poke|p1|Dragapult, L50, F|
|poke|p1|Oricorio-Sensu, L50, F|
|poke|p1|Tyranitar, L50, M|
|poke|p2|Indeedee-F, L50, F|
|poke|p2|Talonflame, L50, M|
|poke|p2|Tyranitar, L50, F|
|poke|p2|Excadrill, L50, M|
|poke|p2|Gardevoir, L50, F|
|poke|p2|Ursaluna-Bloodmoon, L50, M|
|teampreview|4
|showteam|p1|Volcarona||Leftovers|FlameBody|FieryDance,GigaDrain,QuiverDance,Protect|||M|||50|,,,,,Steel]Rillaboom||AssaultVest|GrassySurge|HighHorsepower,FakeOut,GrassyGlide,WoodHammer|||F|||50|,,,,,Fire]Sneasler||GrassySeed|Unburden|DireClaw,FakeOut,CloseCombat,Protect|||F|||50|,,,,,Dark]Dragapult||ChoiceBand|ClearBody|Uturn,DragonDarts,PhantomForce,PsychicFangs|||F|||50|,,,,,Dragon]Oricorio-Sensu||FocusSash|Dancer|RevelationDance,AlluringVoice,Taunt,Protect|||F|||50|,,,,,Ground]Tyranitar||ClearAmulet|SandStream|Protect,DragonDance,RockSlide,KnockOff|||M|||50|,,,,,Fire
|showteam|p2|Indeedee-F||SafetyGoggles|PsychicSurge|FollowMe,TrickRoom,HelpingHand,Psychic|||F|||50|,,,,,Fairy]Talonflame||CovertCloak|GaleWings|Tailwind,Taunt,FlareBlitz,WillOWisp|||M|||50|,,,,,Grass]Tyranitar||WeaknessPolicy|SandStream|RockSlide,KnockOff,LowKick,Protect|||F|||50|,,,,,Flying]Excadrill||FocusSash|SandRush|Earthquake,IronHead,SwordsDance,Protect|||M|||50|,,,,,Ground]Gardevoir||ChoiceScarf|Telepathy|ExpandingForce,Moonblast,IcyWind,PsychicTerrain|||F|||50|,,,,,Psychic]Ursaluna-Bloodmoon||SilkScarf|MindsEye|BloodMoon,HyperVoice,EarthPower,Protect|||M|||50|,,,,,Normal
|inactive|Battle timer is ON: inactive players will automatically lose when time's up. (requested by jamirolol)
|
|t:|1757921525
|teamsize|p1|4
|teamsize|p2|4
|start
|switch|p1a: Volcarona|Volcarona, L50, M|100/100
|switch|p1b: Oricorio|Oricorio-Sensu, L50, F|100/100
|switch|p2a: Indeedee|Indeedee-F, L50, F|100/100
|switch|p2b: Excadrill|Excadrill, L50, M, shiny|100/100
|-fieldstart|move: Psychic Terrain|[from] ability: Psychic Surge|[of] p2a: Indeedee
|turn|1
|inactive|jamirolol has 30 seconds left.
|
|t:|1757921555
|switch|p2a: Talonflame|Talonflame, L50, M|100/100
|move|p1a: Volcarona|Fiery Dance|p2b: Excadrill
|-supereffective|p2b: Excadrill
|-damage|p2b: Excadrill|4/100
|-activate|p1b: Oricorio|ability: Dancer
|move|p1b: Oricorio|Fiery Dance|p2b: Excadrill|[from] ability: Dancer
|-supereffective|p2b: Excadrill
|-crit|p2b: Excadrill
|-damage|p2b: Excadrill|0 fnt
|faint|p2b: Excadrill
|move|p1b: Oricorio|Revelation Dance|p2a: Talonflame
|-damage|p2a: Talonflame|36/100
|
|upkeep
|c|☆sbhaga34|wait what haha.
|inactive|sbhaga34 has 30 seconds left.
|c|☆sbhaga34|i didnt even know how tf that worked
|inactive|sbhaga34 has 20 seconds left.
|
|t:|1757921592
|switch|p2b: Gardevoir|Gardevoir, L50, F, shiny|100/100
|turn|2
|
|t:|1757921616
|switch|p1b: Rillaboom|Rillaboom, L50, F|100/100
|-fieldstart|move: Grassy Terrain|[from] ability: Grassy Surge|[of] p1b: Rillaboom
|-terastallize|p2b: Gardevoir|Psychic
|move|p2b: Gardevoir|Expanding Force|p1a: Volcarona
|-damage|p1a: Volcarona|51/100
|move|p2a: Talonflame|Flare Blitz|p1b: Rillaboom
|-supereffective|p1b: Rillaboom
|-damage|p1b: Rillaboom|6/100
|-damage|p2a: Talonflame|0 fnt|[from] Recoil
|faint|p2a: Talonflame
|move|p1a: Volcarona|Fiery Dance|p2b: Gardevoir
|-damage|p2b: Gardevoir|61/100
|-boost|p1a: Volcarona|spa|1
|
|-heal|p2b: Gardevoir|67/100|[from] Grassy Terrain
|-heal|p1a: Volcarona|57/100|[from] Grassy Terrain
|-heal|p1a: Volcarona|62/100|[from] item: Leftovers
|-heal|p1b: Rillaboom|12/100|[from] Grassy Terrain
|upkeep
|
|t:|1757921631
|switch|p2a: Indeedee|Indeedee-F, L50, F|100/100
|-fieldstart|move: Psychic Terrain|[from] ability: Psychic Surge|[of] p2a: Indeedee
|turn|3
|inactive|jamirolol has 30 seconds left.
|
|t:|1757921657
|move|p2a: Indeedee|Helping Hand|p2b: Gardevoir
|-singleturn|p2b: Gardevoir|Helping Hand|[of] p2a: Indeedee
|move|p2b: Gardevoir|Expanding Force|p1b: Rillaboom|[spread] p1a,p1b
|-damage|p1a: Volcarona|0 fnt
|-damage|p1b: Rillaboom|0 fnt
|faint|p1a: Volcarona
|faint|p1b: Rillaboom
|
|upkeep
|
|t:|1757921659
|switch|p1a: Sneasler|Sneasler, L50, F, shiny|100/100
|switch|p1b: Oricorio|Oricorio-Sensu, L50, F|100/100
|turn|4
|
|t:|1757921667
|-terastallize|p1a: Sneasler|Dark
|move|p2a: Indeedee|Follow Me|p2a: Indeedee
|-singleturn|p2a: Indeedee|move: Follow Me
|move|p2b: Gardevoir|Expanding Force|p1b: Oricorio|[spread] p1b
|-immune|p1a: Sneasler
|-enditem|p1b: Oricorio|Focus Sash
|-damage|p1b: Oricorio|1/100
|move|p1b: Oricorio|Taunt|p2a: Indeedee
|-start|p2a: Indeedee|move: Taunt
|move|p1a: Sneasler|Dire Claw|p2a: Indeedee
|-damage|p2a: Indeedee|55/100
|
|upkeep
|turn|5
|-message|sbhaga34 forfeited.
|
|win|jamirolol
|l|☆sbhaga34
|player|p2|
||sbhaga34 is ready for game 3.
||jamirolol is ready for game 3.
|uhtml|next|Next: Game 3 of 3
|l|☆jamirolol
|player|p1|
