|j|☆AlboPalestratoVGC
|j|☆beppe_brescia
|html|AlboPalestratoVGCbeppe_brescia    
|uhtml|bestof|Game 3 of a best-of-3
|t:|1756287640
|gametype|doubles
|player|p1|AlboPalestratoVGC|ethan|1093
|player|p2|beppe_brescia|rocketgrunt|1048
|gen|9
|tier|[Gen 9] VGC 2025 Reg H (Bo3)
|rated|
|rule|Species Clause: Limit one of each Pokémon
|rule|Item Clause: Limit 1 of each item
|clearpoke
|poke|p1|Garchomp, L50, M|
|poke|p1|Incineroar, L50, M|
|poke|p1|Gholdengo, L50|
|poke|p1|Tyranitar, L50, F|
|poke|p1|Kilowattrel, L50, M|
|poke|p1|Amoonguss, L50, M|
|poke|p2|Glimmora, L50, M|
|poke|p2|Gholdengo, L50|
|poke|p2|Murkrow, L50, M|
|poke|p2|Rillaboom, L50, F|
|poke|p2|Tatsugiri, L50, M|
|poke|p2|Dondozo, L50, M|
|teampreview|4
|showteam|p1|Garchomp||LifeOrb|RoughSkin|Earthquake,DragonClaw,StompingTantrum,Protect|||M|||50|,,,,,Fire]Incineroar||SafetyGoggles|Intimidate|Taunt,KnockOff,PartingShot,FakeOut|||M|||50|,,,,,Ghost]Gholdengo||IronPlate|GoodasGold|ShadowBall,MakeItRain,NastyPlot,Protect||||||50|,,,,,Flying]Tyranitar||AssaultVest|SandStream|RockSlide,KnockOff,LowKick,TeraBlast|||F|||50|,,,,,Flying]Kilowattrel||FocusSash|Competitive|Tailwind,Thunderbolt,AirSlash,Protect|||M|||50|,,,,,Ghost]Amoonguss||SitrusBerry|Regenerator|Spore,RagePowder,PollenPuff,Protect|||M|||50|,,,,,Water
|showteam|p2|Glimmora||FocusSash|ToxicDebris|SludgeBomb,MortalSpin,PowerGem,SpikyShield|||M|||50|,,,,,Grass]Gholdengo||ChoiceSpecs|GoodasGold|MakeItRain,ShadowBall,Psyshock,Trick||||||50|,,,,,Steel]Murkrow||Eviolite|Prankster|FoulPlay,Tailwind,Taunt,Haze|||M|||50|,,,,,Ghost]Rillaboom||AssaultVest|GrassySurge|WoodHammer,GrassyGlide,Uturn,FakeOut|||F|||50|,,,,,Fire]Tatsugiri||ToxicOrb|Commander|Protect,DracoMeteor,Endure,MuddyWater|||M|||50|,,,,,Dragon]Dondozo||Leftovers|Unaware|RockSlide,Protect,OrderUp,Liquidation|||M|||50|,,,,,Grass
|
|t:|1756287652
|teamsize|p1|4
|teamsize|p2|4
|start
|switch|p1a: Incineroar|Incineroar, L50, M|100/100
|switch|p1b: Gholdengo|Gholdengo, L50|100/100
|switch|p2a: Glimmora|Glimmora, L50, M|100/100
|switch|p2b: Rillaboom|Rillaboom, L50, F|100/100
|-fieldstart|move: Grassy Terrain|[from] ability: Grassy Surge|[of] p2b: Rillaboom
|-ability|p1a: Incineroar|Intimidate|boost
|-unboost|p2a: Glimmora|atk|1
|-unboost|p2b: Rillaboom|atk|1
|turn|1
|
|t:|1756287677
|switch|p2a: Tatsugiri|Tatsugiri, L50, M|100/100
|move|p2b: Rillaboom|Fake Out|p1a: Incineroar
|-damage|p1a: Incineroar|91/100
|move|p1b: Gholdengo|Nasty Plot|p1b: Gholdengo
|-boost|p1b: Gholdengo|spa|2
|cant|p1a: Incineroar|flinch
|
|-heal|p1a: Incineroar|97/100|[from] Grassy Terrain
|-status|p2a: Tatsugiri|tox|[from] item: Toxic Orb
|upkeep
|turn|2
|j| Albrtix
|
|t:|1756287698
|move|p2a: Tatsugiri|Muddy Water|p1a: Incineroar|[spread] p1a,p1b
|-supereffective|p1a: Incineroar
|-damage|p1a: Incineroar|42/100
|-damage|p1b: Gholdengo|68/100
|move|p1b: Gholdengo|Shadow Ball|p2b: Rillaboom
|-damage|p2b: Rillaboom|41/100
|move|p2b: Rillaboom|Wood Hammer|p1b: Gholdengo
|-resisted|p1b: Gholdengo
|-damage|p1b: Gholdengo|39/100
|-damage|p2b: Rillaboom|32/100|[from] Recoil
|move|p1a: Incineroar|Parting Shot|p2b: Rillaboom
|-unboost|p2b: Rillaboom|atk|1
|-unboost|p2b: Rillaboom|spa|1
|
|t:|1756287713
|switch|p1a: Amoonguss|Amoonguss, L50, M|100/100|[from] Parting Shot
|
|-heal|p1b: Gholdengo|45/100|[from] Grassy Terrain
|-heal|p2b: Rillaboom|38/100|[from] Grassy Terrain
|-damage|p2a: Tatsugiri|95/100 tox|[from] psn
|upkeep
|turn|3
|
|t:|1756287728
|move|p2b: Rillaboom|Grassy Glide|p1b: Gholdengo
|-resisted|p1b: Gholdengo
|-damage|p1b: Gholdengo|35/100
|move|p2a: Tatsugiri|Muddy Water|p1a: Amoonguss|[spread] p1a,p1b
|-resisted|p1a: Amoonguss
|-crit|p1a: Amoonguss
|-crit|p1b: Gholdengo
|-damage|p1a: Amoonguss|79/100
|-damage|p1b: Gholdengo|0 fnt
|-unboost|p1a: Amoonguss|accuracy|1
|faint|p1b: Gholdengo
|move|p1a: Amoonguss|Pollen Puff|p1: Gholdengo|[notarget]
|-fail|p1a: Amoonguss
|
|-heal|p2a: Tatsugiri|100/100 tox|[from] Grassy Terrain
|-heal|p2b: Rillaboom|44/100|[from] Grassy Terrain
|-heal|p1a: Amoonguss|85/100|[from] Grassy Terrain
|-damage|p2a: Tatsugiri|89/100 tox|[from] psn
|upkeep
|c|☆AlboPalestratoVGC|double crit is wild
|
|t:|1756287744
|switch|p1b: Incineroar|Incineroar, L50, M|42/100
|-ability|p1b: Incineroar|Intimidate|boost
|-unboost|p2a: Tatsugiri|atk|1
|-unboost|p2b: Rillaboom|atk|1
|turn|4
|
|t:|1756287755
|move|p1b: Incineroar|Fake Out|p2a: Tatsugiri
|-damage|p2a: Tatsugiri|68/100 tox
|cant|p2a: Tatsugiri|flinch
|move|p2b: Rillaboom|Wood Hammer|p1a: Amoonguss
|-resisted|p1a: Amoonguss
|-damage|p1a: Amoonguss|79/100
|-damage|p2b: Rillaboom|42/100|[from] Recoil
|move|p1a: Amoonguss|Spore|p2b: Rillaboom
|-immune|p2b: Rillaboom
|
|-heal|p2a: Tatsugiri|74/100 tox|[from] Grassy Terrain
|-heal|p2b: Rillaboom|48/100|[from] Grassy Terrain
|-heal|p1b: Incineroar|48/100|[from] Grassy Terrain
|-heal|p1a: Amoonguss|85/100|[from] Grassy Terrain
|-damage|p2a: Tatsugiri|57/100 tox|[from] psn
|upkeep
|turn|5
|
|t:|1756287785
|-terastallize|p1b: Incineroar|Ghost
|move|p2a: Tatsugiri|Protect|p2a: Tatsugiri
|-singleturn|p2a: Tatsugiri|Protect
|move|p2b: Rillaboom|U-turn|p1b: Incineroar
|-resisted|p1b: Incineroar
|-damage|p1b: Incineroar|43/100
|
|t:|1756287795
|switch|p2b: Dondozo|Dondozo, L50, M|100/100|[from] U-turn
|-activate|p2a: Tatsugiri|ability: Commander|[of] p2b: Dondozo
|-boost|p2b: Dondozo|atk|2
|-boost|p2b: Dondozo|spa|2
|-boost|p2b: Dondozo|spe|2
|-boost|p2b: Dondozo|def|2
|-boost|p2b: Dondozo|spd|2
|move|p1b: Incineroar|Knock Off|p2a: Tatsugiri|[miss]
|-miss|p1b: Incineroar|p2a: Tatsugiri
|move|p1a: Amoonguss|Pollen Puff|p1b: Incineroar
|-heal|p1b: Incineroar|93/100
|
|-heal|p2a: Tatsugiri|63/100 tox|[from] Grassy Terrain
|-heal|p1b: Incineroar|99/100|[from] Grassy Terrain
|-heal|p1a: Amoonguss|91/100|[from] Grassy Terrain
|-damage|p2a: Tatsugiri|40/100 tox|[from] psn
|-fieldend|move: Grassy Terrain
|upkeep
|turn|6
|
|t:|1756287821
|-terastallize|p2b: Dondozo|Grass
|move|p1a: Amoonguss|Protect|p1a: Amoonguss
|-singleturn|p1a: Amoonguss|Protect
|move|p2b: Dondozo|Order Up|p1a: Amoonguss
|-activate|p1a: Amoonguss|move: Protect
|move|p1b: Incineroar|Parting Shot|p2b: Dondozo
|-unboost|p2b: Dondozo|atk|1
|-unboost|p2b: Dondozo|spa|1
|
|t:|1756287829
|switch|p1b: Kilowattrel|Kilowattrel, L50, M|100/100|[from] Parting Shot
|
|-damage|p2a: Tatsugiri|12/100 tox|[from] psn
|upkeep
|turn|7
|
|t:|1756287837
|switch|p1a: Incineroar|Incineroar, L50, M, tera:Ghost|99/100
|-ability|p1a: Incineroar|Intimidate|boost
|-unboost|p2a: Tatsugiri|atk|1
|-unboost|p2b: Dondozo|atk|1
|move|p1b: Kilowattrel|Air Slash|p2b: Dondozo
|-supereffective|p2b: Dondozo
|-damage|p2b: Dondozo|65/100
|move|p2b: Dondozo|Rock Slide|p1a: Incineroar|[spread] p1a
|-miss|p2b: Dondozo|p1b: Kilowattrel
|-damage|p1a: Incineroar|81/100
|
|-heal|p2b: Dondozo|71/100|[from] item: Leftovers
|-damage|p2a: Tatsugiri|0 fnt|[from] psn
|faint|p2a: Tatsugiri
|upkeep
|
|t:|1756287854
|switch|p2a: Glimmora|Glimmora, L50, M|100/100
|turn|8
|
|t:|1756287864
|move|p2b: Dondozo|Protect|p2b: Dondozo
|-singleturn|p2b: Dondozo|Protect
|move|p1a: Incineroar|Fake Out|p2a: Glimmora
|-resisted|p2a: Glimmora
|-damage|p2a: Glimmora|94/100
|-activate|p2a: Glimmora|ability: Toxic Debris
|-sidestart|p1: AlboPalestratoVGC|move: Toxic Spikes
|move|p1b: Kilowattrel|Air Slash|p2b: Dondozo
|-activate|p2b: Dondozo|move: Protect
|cant|p2a: Glimmora|flinch
|
|-heal|p2b: Dondozo|77/100|[from] item: Leftovers
|upkeep
|turn|9
|
|t:|1756287893
|switch|p1a: Amoonguss|Amoonguss, L50, M|100/100
|-sideend|p1: AlboPalestratoVGC|move: Toxic Spikes|[of] p1a: Amoonguss
|move|p1b: Kilowattrel|Protect|p1b: Kilowattrel
|-singleturn|p1b: Kilowattrel|Protect
|move|p2a: Glimmora|Mortal Spin|p1b: Kilowattrel|[spread] p1a
|-activate|p1b: Kilowattrel|move: Protect
|-damage|p1a: Amoonguss|97/100
|move|p2b: Dondozo|Rock Slide|p1b: Kilowattrel|[spread] p1a
|-activate|p1b: Kilowattrel|move: Protect
|-crit|p1a: Amoonguss
|-damage|p1a: Amoonguss|77/100
|
|-heal|p2b: Dondozo|83/100|[from] item: Leftovers
|upkeep
|turn|10
|
|t:|1756287914
|switch|p1a: Incineroar|Incineroar, L50, M, tera:Ghost|81/100
|-ability|p1a: Incineroar|Intimidate|boost
|-unboost|p2a: Glimmora|atk|1
|-unboost|p2b: Dondozo|atk|1
|move|p1b: Kilowattrel|Thunderbolt|p2a: Glimmora
|-damage|p2a: Glimmora|39/100
|move|p2a: Glimmora|Sludge Bomb|p1b: Kilowattrel
|-damage|p1b: Kilowattrel|18/100
|move|p2b: Dondozo|Rock Slide|p1a: Incineroar|[spread] p1a
|-miss|p2b: Dondozo|p1b: Kilowattrel
|-damage|p1a: Incineroar|69/100
|
|-heal|p2b: Dondozo|90/100|[from] item: Leftovers
|upkeep
|turn|11
|
|t:|1756287937
|move|p1a: Incineroar|Fake Out|p2a: Glimmora
|-resisted|p2a: Glimmora
|-damage|p2a: Glimmora|32/100
|-activate|p2a: Glimmora|ability: Toxic Debris
|-sidestart|p1: AlboPalestratoVGC|move: Toxic Spikes
|move|p1b: Kilowattrel|Air Slash|p2b: Dondozo|[miss]
|-miss|p1b: Kilowattrel|p2b: Dondozo
|cant|p2a: Glimmora|flinch
|move|p2b: Dondozo|Order Up|p1a: Incineroar
|-damage|p1a: Incineroar|53/100
|-boost|p2b: Dondozo|atk|1
|
|-heal|p2b: Dondozo|96/100|[from] item: Leftovers
|upkeep
|turn|12
|
|t:|1756287956
|switch|p1a: Amoonguss|Amoonguss, L50, M|100/100
|-sideend|p1: AlboPalestratoVGC|move: Toxic Spikes|[of] p1a: Amoonguss
|move|p1b: Kilowattrel|Protect|p1b: Kilowattrel
|-singleturn|p1b: Kilowattrel|Protect
|move|p2a: Glimmora|Mortal Spin|p1b: Kilowattrel|[spread] p1a
|-activate|p1b: Kilowattrel|move: Protect
|-damage|p1a: Amoonguss|99/100
|move|p2b: Dondozo|Order Up|p1a: Amoonguss
|-damage|p1a: Amoonguss|80/100
|-boost|p2b: Dondozo|atk|1
|
|-heal|p2b: Dondozo|100/100|[from] item: Leftovers
|upkeep
|turn|13
|
|t:|1756287986
|switch|p1b: Incineroar|Incineroar, L50, M, tera:Ghost|53/100
|-ability|p1b: Incineroar|Intimidate|boost
|-unboost|p2a: Glimmora|atk|1
|-unboost|p2b: Dondozo|atk|1
|move|p2a: Glimmora|Mortal Spin|p1a: Amoonguss|[spread] p1a,p1b
|-resisted|p1b: Incineroar
|-damage|p1a: Amoonguss|79/100
|-damage|p1b: Incineroar|52/100
|-status|p1b: Incineroar|psn
|move|p2b: Dondozo|Order Up|p1a: Amoonguss
|-damage|p1a: Amoonguss|58/100
|-boost|p2b: Dondozo|atk|1
|move|p1a: Amoonguss|Spore|p2a: Glimmora
|-status|p2a: Glimmora|slp|[from] move: Spore
|
|-damage|p1b: Incineroar|39/100 psn|[from] psn
|upkeep
|turn|14
|
|t:|1756288007
|switch|p2a: Rillaboom|Rillaboom, L50, F|48/100
|-fieldstart|move: Grassy Terrain|[from] ability: Grassy Surge|[of] p2a: Rillaboom
|switch|p1b: Kilowattrel|Kilowattrel, L50, M|18/100
|move|p2b: Dondozo|Order Up|p1a: Amoonguss
|-damage|p1a: Amoonguss|28/100
|-enditem|p1a: Amoonguss|Sitrus Berry|[eat]
|-heal|p1a: Amoonguss|53/100|[from] item: Sitrus Berry
|-boost|p2b: Dondozo|atk|1
|move|p1a: Amoonguss|Pollen Puff|p1b: Kilowattrel
|-heal|p1b: Kilowattrel|68/100
|
|-heal|p2a: Rillaboom|55/100|[from] Grassy Terrain
|-heal|p1a: Amoonguss|58/100|[from] Grassy Terrain
|upkeep
|turn|15
|
|t:|1756288030
|switch|p1a: Incineroar|Incineroar, L50, M, tera:Ghost|39/100 psn
|-ability|p1a: Incineroar|Intimidate|boost
|-unboost|p2a: Rillaboom|atk|1
|-unboost|p2b: Dondozo|atk|1
|move|p1b: Kilowattrel|Protect|p1b: Kilowattrel
|-singleturn|p1b: Kilowattrel|Protect
|move|p2a: Rillaboom|Fake Out|p1b: Kilowattrel
|-activate|p1b: Kilowattrel|move: Protect
|move|p2b: Dondozo|Rock Slide|p1a: Incineroar|[spread] p1a
|-activate|p1b: Kilowattrel|move: Protect
|-damage|p1a: Incineroar|13/100 psn
|
|-heal|p2a: Rillaboom|61/100|[from] Grassy Terrain
|-heal|p1a: Incineroar|19/100 psn|[from] Grassy Terrain
|-damage|p1a: Incineroar|6/100 psn|[from] psn
|upkeep
|turn|16
|
|t:|1756288051
|switch|p1a: Amoonguss|Amoonguss, L50, M|92/100
|move|p2a: Rillaboom|Grassy Glide|p1a: Amoonguss
|-resisted|p1a: Amoonguss
|-damage|p1a: Amoonguss|87/100
|move|p1b: Kilowattrel|Air Slash|p2b: Dondozo
|-supereffective|p2b: Dondozo
|-damage|p2b: Dondozo|69/100
|move|p2b: Dondozo|Order Up|p1b: Kilowattrel
|-damage|p1b: Kilowattrel|0 fnt
|faint|p1b: Kilowattrel
|-boost|p2b: Dondozo|atk|1
|
|-heal|p2a: Rillaboom|67/100|[from] Grassy Terrain
|-heal|p2b: Dondozo|76/100|[from] Grassy Terrain
|-heal|p2b: Dondozo|82/100|[from] item: Leftovers
|-heal|p1a: Amoonguss|93/100|[from] Grassy Terrain
|upkeep
|
|t:|1756288062
|switch|p1b: Incineroar|Incineroar, L50, M, tera:Ghost|6/100 psn
|-ability|p1b: Incineroar|Intimidate|boost
|-unboost|p2a: Rillaboom|atk|1
|-unboost|p2b: Dondozo|atk|1
|turn|17
|
|t:|1756288073
|switch|p2a: Glimmora|Glimmora, L50, M|32/100 slp
|move|p2b: Dondozo|Order Up|p1a: Amoonguss
|-damage|p1a: Amoonguss|65/100
|-boost|p2b: Dondozo|atk|1
|move|p1b: Incineroar|Knock Off|p2a: Glimmora
|-damage|p2a: Glimmora|0 fnt
|-activate|p2a: Glimmora|ability: Toxic Debris
|-sidestart|p1: AlboPalestratoVGC|move: Toxic Spikes
|-enditem|p2a: Glimmora|Focus Sash|[from] move: Knock Off|[of] p1b: Incineroar
|faint|p2a: Glimmora
|move|p1a: Amoonguss|Pollen Puff|p1b: Incineroar
|-heal|p1b: Incineroar|56/100 psn
|
|-heal|p2b: Dondozo|88/100|[from] Grassy Terrain
|-heal|p2b: Dondozo|94/100|[from] item: Leftovers
|-heal|p1b: Incineroar|62/100 psn|[from] Grassy Terrain
|-heal|p1a: Amoonguss|71/100|[from] Grassy Terrain
|-damage|p1b: Incineroar|50/100 psn|[from] psn
|upkeep
|
|t:|1756288092
|switch|p2a: Rillaboom|Rillaboom, L50, F|67/100
|turn|18
|
|t:|1756288101
|move|p2a: Rillaboom|Wood Hammer|p1b: Incineroar
|-damage|p1b: Incineroar|0 fnt
|faint|p1b: Incineroar
|-damage|p2a: Rillaboom|50/100|[from] Recoil
|move|p2b: Dondozo|Rock Slide|p1a: Amoonguss
|-damage|p1a: Amoonguss|38/100
|move|p1a: Amoonguss|Pollen Puff|p2a: Rillaboom
|-supereffective|p2a: Rillaboom
|-damage|p2a: Rillaboom|23/100
|
|-heal|p2a: Rillaboom|29/100|[from] Grassy Terrain
|-heal|p2b: Dondozo|100/100|[from] Grassy Terrain
|-heal|p1a: Amoonguss|44/100|[from] Grassy Terrain
|-fieldend|move: Grassy Terrain
|upkeep
|turn|19
|-message|AlboPalestratoVGC forfeited.
|
|win|beppe_brescia
|raw|AlboPalestratoVGC's rating: 1093 → 1066(-27 for losing)
|raw|beppe_brescia's rating: 1048 → 1085(+37 for winning)
|l|☆AlboPalestratoVGC
|player|p1|
|l|☆beppe_brescia
|player|p2|
