|j|☆papsi_jr
|j|☆breloomb01
|html|papsi_jrbreloomb01    
|uhtml|bestof|Game 1 of a best-of-3
|t:|1785451830
|gametype|doubles
|player|p1|papsi_jr|harlequin|1050
|player|p2|breloomb01|roughneck|1229
|gen|9
|tier|[Gen 9 Champions] VGC 2026 Reg M-B (Bo3)
|rated|
|rule|Species Clause: Limit one of each Pokémon
|rule|Item Clause: Limit 1 of each item
|clearpoke
|poke|p1|Araquanid, L50, F, shiny|
|poke|p1|Froslass, L50, F|
|poke|p1|Kingambit, L50, M|
|poke|p1|Sneasler, L50, M, shiny|
|poke|p1|Talonflame, L50, M|
|poke|p1|Tsareena, L50, F|
|poke|p2|Floette-Eternal, L50, F|
|poke|p2|Incineroar, L50, M|
|poke|p2|Sinistcha, L50|
|poke|p2|Garchomp, L50, M|
|poke|p2|Sneasler, L50, F|
|poke|p2|Rotom-Wash, L50|
|teampreview|4
|showteam|p1|Araquanid||SitrusBerry|WaterBubble|Liquidation,Infestation,IcyWind,WideGuard|Adamant||F|||50|]Froslass||Froslassite|SnowCloak|Blizzard,ShadowBall,AuroraVeil,Protect|Timid||F|||50|]Kingambit||BlackGlasses|Defiant|KowtowCleave,IronHead,SuckerPunch,Protect|Adamant||M|||50|]Sneasler||WhiteHerb|Unburden|CloseCombat,FakeOut,Feint,Protect|Jolly||M|||50|]Talonflame||SharpBeak|GaleWings|DualWingbeat,Tailwind,Taunt,QuickGuard|Jolly||M|||50|]Tsareena||ChoiceScarf|QueenlyMajesty|TropKick,TripleAxel,LowKick,Uturn|Jolly||F|||50|
|showteam|p2|Floette-Eternal||Floettite|FlowerVeil|DrainingKiss,DazzlingGleam,CalmMind,Protect|Modest||F|||50|]Incineroar||SitrusBerry|Intimidate|FakeOut,FlareBlitz,ThroatChop,PartingShot|Careful||M|||50|]Sinistcha||KasibBerry|Hospitality|Protect,RagePowder,MatchaGotcha,TrickRoom|Calm|||||50|]Garchomp||LifeOrb|RoughSkin|Earthquake,DragonClaw,RockSlide,Protect|Jolly||M|||50|]Sneasler||FocusSash|PoisonTouch|FakeOut,DireClaw,CloseCombat,Protect|Jolly||F|||50|]Rotom-Wash||Leftovers|Levitate|HydroPump,Protect,WillOWisp,Electroweb|Bold|||||50|
|inactive|Battle timer is ON: inactive players will automatically lose when time's up. (requested by papsi_jr)
|inactive|papsi_jr has 60 seconds left.
|
|t:|1785451885
|teamsize|p1|4
|teamsize|p2|4
|start
|switch|p1a: Sneasler|Sneasler, L50, M, shiny|100/100
|switch|p1b: Tsareena|Tsareena, L50, F|100/100
|switch|p2a: Sneasler|Sneasler, L50, F|100/100
|switch|p2b: Floette|Floette-Eternal, L50, F|100/100
|turn|1
|inactive|papsi_jr has 30 seconds left.
|
|t:|1785451912
|switch|p2b: Incineroar|Incineroar, L50, M|100/100
|-ability|p2b: Incineroar|Intimidate|boost
|-unboost|p1a: Sneasler|atk|1
|-unboost|p1b: Tsareena|atk|1
|-enditem|p1a: Sneasler|White Herb
|-clearnegativeboost|p1a: Sneasler|[silent]
|move|p1a: Sneasler|Close Combat|p2a: Sneasler
|-resisted|p2a: Sneasler|1
|-damage|p2a: Sneasler|47/100
|-unboost|p1a: Sneasler|def|1
|-unboost|p1a: Sneasler|spd|1
|move|p1b: Tsareena|U-turn|p2a: Sneasler
|-resisted|p2a: Sneasler|2
|-damage|p2a: Sneasler|40/100
|
|t:|1785451936
|switch|p1b: Kingambit|Kingambit, L50, M|100/100|[from] U-turn
|move|p2a: Sneasler|Dire Claw|p1b: Kingambit
|-immune|p1b: Kingambit
|
|upkeep
|turn|2
|
|t:|1785451947
|switch|p2b: Sinistcha|Sinistcha, L50|100/100
|-heal|p2a: Sneasler|65/100|[from] ability: Hospitality|[of] p2b: Sinistcha
|move|p1a: Sneasler|Protect|p1a: Sneasler
|-singleturn|p1a: Sneasler|Protect
|move|p1b: Kingambit|Protect|p1b: Kingambit
|-singleturn|p1b: Kingambit|Protect
|move|p2a: Sneasler|Close Combat|p1b: Kingambit
|-activate|p1b: Kingambit|move: Protect
|
|upkeep
|turn|3
|inactive|breloomb01 has 30 seconds left.
|inactive|breloomb01 has 20 seconds left.
|inactive|breloomb01 has 15 seconds left.
|inactive|breloomb01 has 10 seconds left.
|inactive|breloomb01 has 5 seconds left.
|
|t:|1785452000
|switch|p1a: Tsareena|Tsareena, L50, F|100/100
|switch|p2b: Incineroar|Incineroar, L50, M|100/100
|-ability|p2b: Incineroar|Intimidate|boost
|-unboost|p1a: Tsareena|atk|1
|-unboost|p1b: Kingambit|atk|1
|-ability|p1b: Kingambit|Defiant|boost
|-boost|p1b: Kingambit|atk|2
|switch|p1b: Froslass|Froslass, L50, F|100/100
|move|p2a: Sneasler|Close Combat|p1b: Froslass
|-immune|p1b: Froslass
|
|upkeep
|turn|4
|
|t:|1785452017
|move|p1b: Froslass|Protect|p1b: Froslass
|-singleturn|p1b: Froslass|Protect
|move|p1a: Tsareena|U-turn|p2b: Incineroar
|-damage|p2b: Incineroar|86/100
|
|t:|1785452022
|switch|p1a: Sneasler|Sneasler, L50, M, shiny|100/100|[from] U-turn
|move|p2a: Sneasler|Dire Claw|p1a: Sneasler
|-resisted|p1a: Sneasler|1
|-damage|p1a: Sneasler|62/100
|move|p2b: Incineroar|Parting Shot|p1b: Froslass
|-activate|p1b: Froslass|move: Protect
|
|upkeep
|turn|5
|
|t:|1785452042
|switch|p2b: Sinistcha|Sinistcha, L50|100/100
|-heal|p2a: Sneasler|90/100|[from] ability: Hospitality|[of] p2b: Sinistcha
|detailschange|p1b: Froslass|Froslass-Mega, L50, F
|-mega|p1b: Froslass|Froslass|Froslassite
|-weather|Snowscape|[from] ability: Snow Warning|[of] p1b: Froslass
|move|p1a: Sneasler|Fake Out|p2b: Sinistcha
|-immune|p2b: Sinistcha
|move|p1b: Froslass|Blizzard|p2a: Sneasler|[spread] p2a,p2b
|-supereffective|p2b: Sinistcha|1
|-damage|p2a: Sneasler|27/100
|-damage|p2b: Sinistcha|8/100
|move|p2a: Sneasler|Dire Claw|p1b: Froslass
|-resisted|p1b: Froslass|1
|-damage|p1b: Froslass|77/100
|
|-weather|Snowscape|[upkeep]
|upkeep
|turn|6
|inactive|papsi_jr has 30 seconds left.
|inactive|breloomb01 has 30 seconds left.
|
|t:|1785452073
|switch|p2a: Incineroar|Incineroar, L50, M|86/100
|-ability|p2a: Incineroar|Intimidate|boost
|-unboost|p1a: Sneasler|atk|1
|-unboost|p1b: Froslass|atk|1
|move|p2b: Sinistcha|Protect|p2b: Sinistcha
|-singleturn|p2b: Sinistcha|Protect
|move|p1b: Froslass|Blizzard|p2a: Incineroar|[spread] p2a
|-activate|p2b: Sinistcha|move: Protect
|-resisted|p2a: Incineroar|1
|-damage|p2a: Incineroar|70/100
|move|p1a: Sneasler|Close Combat|p2b: Sinistcha
|-activate|p2b: Sinistcha|move: Protect
|
|-weather|Snowscape|[upkeep]
|upkeep
|turn|7
|
|t:|1785452092
|switch|p1a: Tsareena|Tsareena, L50, F|100/100
|switch|p2b: Floette|Floette-Eternal, L50, F|100/100
|move|p1b: Froslass|Protect|p1b: Froslass
|-singleturn|p1b: Froslass|Protect
|move|p2a: Incineroar|Parting Shot|p1b: Froslass
|-activate|p1b: Froslass|move: Protect
|
|-weather|Snowscape|[upkeep]
|upkeep
|turn|8
|
|t:|1785452113
|detailschange|p2b: Floette|Floette-Mega, L50, F
|-mega|p2b: Floette|Floette|Floettite
|-ability|p2b: Floette|Fairy Aura
|move|p1a: Tsareena|Trop Kick|p2b: Floette
|-damage|p2b: Floette|55/100
|-unboost|p2b: Floette|atk|1
|move|p1b: Froslass|Blizzard|p2b: Floette|[spread] p2a,p2b
|-resisted|p2a: Incineroar|1
|-damage|p2a: Incineroar|52/100
|-damage|p2b: Floette|23/100
|move|p2b: Floette|Calm Mind|p2b: Floette
|-boost|p2b: Floette|spa|1
|-boost|p2b: Floette|spd|1
|move|p2a: Incineroar|Parting Shot|p1b: Froslass
|-unboost|p1b: Froslass|atk|1
|-unboost|p1b: Froslass|spa|1
|
|t:|1785452117
|switch|p2a: Sinistcha|Sinistcha, L50|8/100|[from] Parting Shot
|-heal|p2b: Floette|48/100|[from] ability: Hospitality|[of] p2a: Sinistcha
|
|-weather|Snowscape|[upkeep]
|upkeep
|turn|9
|
|t:|1785452133
|switch|p2a: Incineroar|Incineroar, L50, M|52/100
|-ability|p2a: Incineroar|Intimidate|boost
|-unboost|p1a: Tsareena|atk|1
|-unboost|p1b: Froslass|atk|1
|move|p1a: Tsareena|Trop Kick|p2b: Floette
|-damage|p2b: Floette|18/100
|-unboost|p2b: Floette|atk|1
|move|p1b: Froslass|Blizzard|p2a: Incineroar|[spread] p2a,p2b
|-resisted|p2a: Incineroar|1
|-damage|p2a: Incineroar|41/100
|-damage|p2b: Floette|4/100
|-enditem|p2a: Incineroar|Sitrus Berry|[eat]
|-heal|p2a: Incineroar|65/100|[from] item: Sitrus Berry
|move|p2b: Floette|Draining Kiss|p1a: Tsareena
|-damage|p1a: Tsareena|16/100
|-heal|p2b: Floette|55/100|[from] drain|[of] p1a: Tsareena
|
|-weather|none
|upkeep
|turn|10
|inactive|papsi_jr has 30 seconds left.
|
|t:|1785452160
|switch|p1a: Sneasler|Sneasler, L50, M, shiny|62/100
|switch|p2a: Sinistcha|Sinistcha, L50|8/100
|-heal|p2b: Floette|80/100|[from] ability: Hospitality|[of] p2a: Sinistcha
|move|p1b: Froslass|Protect|p1b: Froslass
|-singleturn|p1b: Froslass|Protect
|move|p2b: Floette|Dazzling Gleam|p1b: Froslass|[spread] p1a
|-activate|p1b: Froslass|move: Protect
|-damage|p1a: Sneasler|0 fnt
|faint|p1a: Sneasler
|
|upkeep
|
|t:|1785452172
|switch|p1a: Tsareena|Tsareena, L50, F|16/100
|turn|11
|
|t:|1785452177
|switch|p1b: Kingambit|Kingambit, L50, M|100/100
|switch|p2a: Incineroar|Incineroar, L50, M|65/100
|-ability|p2a: Incineroar|Intimidate|boost
|-unboost|p1a: Tsareena|atk|1
|-unboost|p1b: Kingambit|atk|1
|-ability|p1b: Kingambit|Defiant|boost
|-boost|p1b: Kingambit|atk|2
|move|p1a: Tsareena|Low Kick|p2a: Incineroar
|-supereffective|p2a: Incineroar|1
|-damage|p2a: Incineroar|35/100
|move|p2b: Floette|Dazzling Gleam|p1a: Tsareena|[spread] p1a,p1b
|-damage|p1a: Tsareena|0 fnt
|-damage|p1b: Kingambit|27/100
|faint|p1a: Tsareena
|
|upkeep
|
|t:|1785452191
|switch|p1a: Froslass|Froslass-Mega, L50, F|77/100
|-weather|Snowscape|[from] ability: Snow Warning|[of] p1a: Froslass
|turn|12
|
|t:|1785452206
|move|p1a: Froslass|Protect|p1a: Froslass
|-singleturn|p1a: Froslass|Protect
|move|p2b: Floette|Dazzling Gleam|p1a: Froslass|[spread] p1b
|-activate|p1a: Froslass|move: Protect
|-damage|p1b: Kingambit|0 fnt
|faint|p1b: Kingambit
|move|p2a: Incineroar|Parting Shot|p1a: Froslass
|-activate|p1a: Froslass|move: Protect
|
|-weather|Snowscape|[upkeep]
|upkeep
|turn|13
|-message|papsi_jr forfeited.
|
|win|breloomb01
|l|☆papsi_jr
|player|p1|
||papsi_jr is ready for game 2.
