|j|☆Jasondddd
|j|☆dcerza127
|html|Jasondddddcerza127    
|uhtml|bestof|Game 2 of a best-of-3
|t:|1754687993
|gametype|doubles
|player|p1|Jasondddd|2|1292
|player|p2|dcerza127|266|1292
|gen|9
|tier|[Gen 9] VGC 2025 Reg H (Bo3)
|rated|
|rule|Species Clause: Limit one of each Pokémon
|rule|Item Clause: Limit 1 of each item
|clearpoke
|poke|p1|Volcarona, L50, M|
|poke|p1|Electabuzz, L50, M|
|poke|p1|Kingambit, L50, M|
|poke|p1|Sneasler, L50, M|
|poke|p1|Rillaboom, L50, F|
|poke|p1|Basculegion, L50, M|
|poke|p2|Sableye, L50, F|
|poke|p2|Volcarona, L50, M|
|poke|p2|Malamar, L50, F|
|poke|p2|Comfey, L50, F|
|poke|p2|Rillaboom, L50, F|
|poke|p2|Maushold-Four, L50|
|teampreview|4
|showteam|p1|Volcarona||CovertCloak|FlameBody|Protect,QuiverDance,HeatWave,TeraBlast|||M|||50|,,,,,Fairy]Electabuzz||Eviolite|VitalSpirit|Protect,Thunderbolt,Taunt,FollowMe|||M|||50|,,,,,Dragon]Kingambit||SafetyGoggles|Defiant|Protect,SwordsDance,SuckerPunch,KowtowCleave|||M|||50|,,,,,Dark]Sneasler||FocusSash|Unburden|FakeOut,DireClaw,Protect,CloseCombat|||M|||50|,,,,,Ghost]Rillaboom||AssaultVest|GrassySurge|FakeOut,GrassyGlide,WoodHammer,Uturn|||F|||50|,,,,,Fire]Basculegion||ChoiceScarf|Adaptability|FlipTurn,AquaJet,LastRespects,WaveCrash|||M|||50|,,,,,Fairy
|showteam|p2|Sableye||LightClay|Prankster|LightScreen,Reflect,WillOWisp,Taunt|||F|||50|,,,,,Poison]Volcarona||CovertCloak|FlameBody|QuiverDance,HeatWave,GigaDrain,Protect|||M|||50|,,,,,Grass]Malamar||Leftovers|Contrary|Superpower,KnockOff,PsychoCut,Protect|||F|||50|,,,,,Fire]Comfey||GrassySeed|Triage|CalmMind,DrainingKiss,FloralHealing,Protect|||F|||50|,,,,,Water]Rillaboom||AssaultVest|GrassySurge|FakeOut,WoodHammer,GrassyGlide,Uturn|||F|||50|,,,,,Fire]Maushold-Four||SafetyGoggles|FriendGuard|SuperFang,FollowMe,Taunt,Protect||||||50|,,,,,Ghost
|inactive|Battle timer is ON: inactive players will automatically lose when time's up. (requested by dcerza127)
|inactive|Jasondddd has 60 seconds left.
|inactive|dcerza127 has 60 seconds left.
|inactive|Jasondddd has 30 seconds left.
|inactive|dcerza127 has 30 seconds left.
|
|t:|1754688057
|teamsize|p1|4
|teamsize|p2|4
|start
|switch|p1a: Electabuzz|Electabuzz, L50, M|100/100
|switch|p1b: Volcarona|Volcarona, L50, M|100/100
|switch|p2a: Sableye|Sableye, L50, F|100/100
|switch|p2b: Malamar|Malamar, L50, F|100/100
|turn|1
|inactive|Jasondddd has 30 seconds left.
|inactive|Jasondddd has 20 seconds left.
|inactive|Jasondddd has 15 seconds left.
|
|t:|1754688097
|-terastallize|p2b: Malamar|Fire
|move|p2a: Sableye|Taunt|p1a: Electabuzz
|-start|p1a: Electabuzz|move: Taunt
|cant|p1a: Electabuzz|move: Taunt|Taunt
|move|p1b: Volcarona|Heat Wave|p2b: Malamar|[spread] p2a,p2b
|-resisted|p2b: Malamar
|-damage|p2a: Sableye|56/100
|-damage|p2b: Malamar|82/100
|move|p2b: Malamar|Superpower|p1a: Electabuzz
|-damage|p1a: Electabuzz|75/100
|-boost|p2b: Malamar|atk|1
|-boost|p2b: Malamar|def|1
|
|-heal|p2b: Malamar|88/100|[from] item: Leftovers
|upkeep
|turn|2
|inactive|dcerza127 has 30 seconds left.
|
|t:|1754688125
|move|p2a: Sableye|Taunt|p1b: Volcarona
|-start|p1b: Volcarona|move: Taunt
|move|p1a: Electabuzz|Thunderbolt|p2a: Sableye
|-damage|p2a: Sableye|18/100
|-status|p2a: Sableye|par
|move|p1b: Volcarona|Heat Wave|p2b: Malamar|[spread] p2a,p2b
|-resisted|p2b: Malamar
|-damage|p2a: Sableye|0 fnt
|-damage|p2b: Malamar|70/100
|faint|p2a: Sableye
|move|p2b: Malamar|Knock Off|p1a: Electabuzz
|-damage|p1a: Electabuzz|32/100
|-enditem|p1a: Electabuzz|Eviolite|[from] move: Knock Off|[of] p2b: Malamar
|
|-heal|p2b: Malamar|76/100|[from] item: Leftovers
|upkeep
|
|t:|1754688140
|switch|p2a: Volcarona|Volcarona, L50, M|100/100
|turn|3
|
|t:|1754688163
|move|p1a: Electabuzz|Thunderbolt|p2b: Malamar
|-damage|p2b: Malamar|48/100
|move|p1b: Volcarona|Heat Wave|p2a: Volcarona|[spread] p2b
|-miss|p1b: Volcarona|p2a: Volcarona
|-resisted|p2b: Malamar
|-damage|p2b: Malamar|29/100
|move|p2a: Volcarona|Quiver Dance|p2a: Volcarona
|-boost|p2a: Volcarona|spa|1
|-boost|p2a: Volcarona|spd|1
|-boost|p2a: Volcarona|spe|1
|move|p2b: Malamar|Superpower|p1b: Volcarona
|-resisted|p1b: Volcarona
|-damage|p1b: Volcarona|75/100
|-boost|p2b: Malamar|atk|1
|-boost|p2b: Malamar|def|1
|
|-heal|p2b: Malamar|35/100|[from] item: Leftovers
|-end|p1a: Electabuzz|move: Taunt
|upkeep
|turn|4
|inactive|Jasondddd has 30 seconds left.
|inactive|dcerza127 has 30 seconds left.
|
|t:|1754688192
|move|p2a: Volcarona|Heat Wave|p1a: Electabuzz|[spread] p1a,p1b
|-damage|p1a: Electabuzz|0 fnt
|-damage|p1b: Volcarona|27/100
|faint|p1a: Electabuzz
|move|p1b: Volcarona|Tera Blast|p2b: Malamar
|-damage|p2b: Malamar|5/100
|move|p2b: Malamar|Knock Off|p1b: Volcarona
|-damage|p1b: Volcarona|0 fnt
|-enditem|p1b: Volcarona|Covert Cloak|[from] move: Knock Off|[of] p2b: Malamar
|faint|p1b: Volcarona
|
|-heal|p2b: Malamar|11/100|[from] item: Leftovers
|upkeep
|
|t:|1754688207
|switch|p1a: Kingambit|Kingambit, L50, M|100/100
|switch|p1b: Basculegion|Basculegion, L50, M|100/100
|turn|5
|
|t:|1754688226
|-terastallize|p1a: Kingambit|Dark
|move|p2b: Malamar|Protect|p2b: Malamar
|-singleturn|p2b: Malamar|Protect
|move|p1a: Kingambit|Sucker Punch||[still]
|-fail|p1a: Kingambit
|move|p1b: Basculegion|Wave Crash|p2a: Volcarona
|-supereffective|p2a: Volcarona
|-damage|p2a: Volcarona|0 fnt
|-status|p1b: Basculegion|brn|[from] ability: Flame Body|[of] p2a: Volcarona
|faint|p2a: Volcarona
|-damage|p1b: Basculegion|69/100 brn|[from] Recoil
|
|-heal|p2b: Malamar|17/100|[from] item: Leftovers
|-damage|p1b: Basculegion|63/100 brn|[from] brn
|upkeep
|
|t:|1754688240
|switch|p2a: Comfey|Comfey, L50, F|100/100
|turn|6
|
|t:|1754688255
|move|p1a: Kingambit|Sucker Punch|p2b: Malamar
|-damage|p2b: Malamar|0 fnt
|faint|p2b: Malamar
|move|p1b: Basculegion|Wave Crash|p2a: Comfey
|-damage|p2a: Comfey|50/100
|-damage|p1b: Basculegion|49/100 brn|[from] Recoil
|move|p2a: Comfey|Calm Mind|p2a: Comfey
|-boost|p2a: Comfey|spa|1
|-boost|p2a: Comfey|spd|1
|
|-damage|p1b: Basculegion|43/100 brn|[from] brn
|upkeep
|turn|7
|
|t:|1754688269
|move|p1a: Kingambit|Protect|p1a: Kingambit
|-singleturn|p1a: Kingambit|Protect
|move|p2a: Comfey|Draining Kiss|p1b: Basculegion
|-damage|p1b: Basculegion|9/100 brn
|-heal|p2a: Comfey|82/100|[from] drain|[of] p1b: Basculegion
|move|p1b: Basculegion|Wave Crash|p2a: Comfey
|-damage|p2a: Comfey|29/100
|-damage|p1b: Basculegion|0 fnt|[from] Recoil
|faint|p1b: Basculegion
|
|upkeep
|turn|8
|
|t:|1754688282
|move|p2a: Comfey|Draining Kiss|p1a: Kingambit
|-supereffective|p1a: Kingambit
|-damage|p1a: Kingambit|47/100
|-heal|p2a: Comfey|84/100|[from] drain|[of] p1a: Kingambit
|move|p1a: Kingambit|Kowtow Cleave|p2a: Comfey
|-resisted|p2a: Comfey
|-damage|p2a: Comfey|43/100
|
|upkeep
|turn|9
|
|t:|1754688291
|move|p2a: Comfey|Draining Kiss|p1a: Kingambit
|-supereffective|p1a: Kingambit
|-damage|p1a: Kingambit|0 fnt
|-heal|p2a: Comfey|91/100|[from] drain|[of] p1a: Kingambit
|faint|p1a: Kingambit
|
|win|dcerza127
|raw|Jasondddd's rating: 1292 → 1267(-25 for losing)
|raw|dcerza127's rating: 1292 → 1317(+25 for winning)
