|j|☆DominicVGC07
|j|☆partigiano jonny
|html|DominicVGC07partigiano jonny    
|uhtml|bestof|Game 1 of a best-of-3
|t:|1756823652
|gametype|doubles
|player|p1|DominicVGC07|ghetsis|1468
|player|p2|partigiano jonny|volkner|1541
|gen|9
|tier|[Gen 9] VGC 2025 Reg H (Bo3)
|rated|
|rule|Species Clause: Limit one of each Pokémon
|rule|Item Clause: Limit 1 of each item
|clearpoke
|poke|p1|Kingambit, L50, M|
|poke|p1|Sneasler, L50, F|
|poke|p1|Rillaboom, L50, M|
|poke|p1|Dragonite, L50, M|
|poke|p1|Volcarona, L50, F|
|poke|p1|Electabuzz, L50, F|
|poke|p2|Whimsicott, L50, M|
|poke|p2|Corviknight, L50, F|
|poke|p2|Indeedee, L50, M|
|poke|p2|Sneasler, L50, F|
|poke|p2|Ursaluna-Bloodmoon, L50, M|
|poke|p2|Archaludon, L50, F|
|teampreview|4
|showteam|p1|Kingambit||BlackGlasses|Defiant|KowtowCleave,SuckerPunch,SwordsDance,Protect|||M|||50|,,,,,Dark]Sneasler||FocusSash|Unburden|FakeOut,CloseCombat,DireClaw,Coaching|||F|||50|,,,,,Stellar]Rillaboom||AssaultVest|GrassySurge|FakeOut,WoodHammer,GrassyGlide,HighHorsepower|||M|||50|,,,,,Fire]Dragonite||LoadedDice|Multiscale|ScaleShot,ExtremeSpeed,Haze,Protect|||M|||50|,,,,,Steel]Volcarona||Leftovers|FlameBody|HeatWave,TeraBlast,QuiverDance,Protect|||F|||50|,,,,,Fairy]Electabuzz||Eviolite|VitalSpirit|Electroweb,FollowMe,Taunt,Protect|||F|||50|,,,,,Dragon
|showteam|p2|Whimsicott||CovertCloak|Prankster|Moonblast,Taunt,Tailwind,FakeTears|||M|||50|,,,,,Water]Corviknight||Leftovers|MirrorArmor|BraveBird,BulkUp,Tailwind,Roost|||F|||50|,,,,,Dragon]Indeedee||FocusSash|PsychicSurge|ExpandingForce,TeraBlast,Imprison,TrickRoom|||M|||50|,,,,,Psychic]Sneasler||PsychicSeed|Unburden|CloseCombat,DireClaw,ThroatChop,Protect|||F|||50|,,,,,Dark]Ursaluna-Bloodmoon||LifeOrb|MindsEye|HyperVoice,BloodMoon,EarthPower,Protect|||M|||50|,,,,,Normal]Archaludon||PowerHerb|Stalwart|ElectroShot,DragonPulse,Thunderbolt,Protect|||F|||50|,,,,,Electric
|inactive|Battle timer is ON: inactive players will automatically lose when time's up. (requested by partigiano jonny)
|
|t:|1756823686
|teamsize|p1|4
|teamsize|p2|4
|start
|switch|p1a: Skydragon|Dragonite, L50, M|100/100
|switch|p1b: 1000volt|Electabuzz, L50, F|100/100
|switch|p2a: Whimsicott|Whimsicott, L50, M|100/100
|switch|p2b: Ursaluna|Ursaluna-Bloodmoon, L50, M|100/100
|turn|1
|
|t:|1756823705
|move|p1b: 1000volt|Protect|p1b: 1000volt
|-singleturn|p1b: 1000volt|Protect
|move|p2b: Ursaluna|Protect|p2b: Ursaluna
|-singleturn|p2b: Ursaluna|Protect
|move|p2a: Whimsicott|Taunt|p1b: 1000volt
|-activate|p1b: 1000volt|move: Protect
|move|p1a: Skydragon|Scale Shot|p2b: Ursaluna
|-activate|p2b: Ursaluna|move: Protect
|
|upkeep
|turn|2
|
|t:|1756823725
|-terastallize|p2b: Ursaluna|Normal
|move|p1b: 1000volt|Follow Me|p1b: 1000volt
|-singleturn|p1b: 1000volt|move: Follow Me
|move|p2a: Whimsicott|Tailwind|p2a: Whimsicott
|-sidestart|p2: partigiano jonny|move: Tailwind
|move|p2b: Ursaluna|Hyper Voice|p1a: Skydragon|[spread] p1a,p1b
|-damage|p1a: Skydragon|69/100
|-damage|p1b: 1000volt|55/100
|-damage|p2b: Ursaluna|91/100|[from] item: Life Orb
|move|p1a: Skydragon|Scale Shot|p2b: Ursaluna
|-damage|p2b: Ursaluna|78/100
|-damage|p2b: Ursaluna|66/100
|-damage|p2b: Ursaluna|53/100
|-damage|p2b: Ursaluna|40/100
|-hitcount|p2b: Ursaluna|4
|-unboost|p1a: Skydragon|def|1
|-boost|p1a: Skydragon|spe|1
|
|upkeep
|turn|3
|
|t:|1756823745
|move|p1a: Skydragon|Protect|p1a: Skydragon
|-singleturn|p1a: Skydragon|Protect
|move|p2a: Whimsicott|Moonblast|p1a: Skydragon
|-activate|p1a: Skydragon|move: Protect
|move|p2b: Ursaluna|Hyper Voice|p1a: Skydragon|[spread] p1b
|-activate|p1a: Skydragon|move: Protect
|-damage|p1b: 1000volt|3/100
|-damage|p2b: Ursaluna|31/100|[from] item: Life Orb
|move|p1b: 1000volt|Electroweb|p2a: Whimsicott|[spread] p2a,p2b
|-resisted|p2a: Whimsicott
|-damage|p2a: Whimsicott|92/100
|-damage|p2b: Ursaluna|13/100
|-unboost|p2b: Ursaluna|spe|1
|
|upkeep
|turn|4
|
|t:|1756823763
|switch|p2b: Corviknight|Corviknight, L50, F|100/100
|move|p1b: 1000volt|Follow Me|p1b: 1000volt
|-singleturn|p1b: 1000volt|move: Follow Me
|move|p2a: Whimsicott|Moonblast|p1b: 1000volt
|-damage|p1b: 1000volt|0 fnt
|faint|p1b: 1000volt
|move|p1a: Skydragon|Scale Shot|p2b: Corviknight
|-resisted|p2b: Corviknight
|-damage|p2b: Corviknight|96/100
|-resisted|p2b: Corviknight
|-damage|p2b: Corviknight|91/100
|-resisted|p2b: Corviknight
|-damage|p2b: Corviknight|85/100
|-resisted|p2b: Corviknight
|-damage|p2b: Corviknight|80/100
|-hitcount|p2b: Corviknight|4
|-unboost|p1a: Skydragon|def|1
|-boost|p1a: Skydragon|spe|1
|
|-heal|p2b: Corviknight|86/100|[from] item: Leftovers
|upkeep
|
|t:|1756823766
|switch|p1b: Nightmare|Sneasler, L50, F|100/100
|turn|5
|inactive|DominicVGC07 has 30 seconds left.
|inactive|DominicVGC07 has 20 seconds left.
|inactive|DominicVGC07 has 15 seconds left.
|inactive|DominicVGC07 has 10 seconds left.
|
|t:|1756823812
|move|p1b: Nightmare|Fake Out|p2b: Corviknight
|-resisted|p2b: Corviknight
|-damage|p2b: Corviknight|81/100
|move|p1a: Skydragon|Extreme Speed|p2a: Whimsicott
|-damage|p2a: Whimsicott|50/100
|move|p2a: Whimsicott|Moonblast|p1b: Nightmare
|-damage|p1b: Nightmare|65/100
|cant|p2b: Corviknight|flinch
|
|-heal|p2b: Corviknight|87/100|[from] item: Leftovers
|-sideend|p2: partigiano jonny|move: Tailwind
|upkeep
|turn|6
|inactive|DominicVGC07 has 30 seconds left.
|inactive|DominicVGC07 has 20 seconds left.
|
|t:|1756823847
|-terastallize|p1b: Nightmare|Stellar
|move|p1a: Skydragon|Extreme Speed|p2a: Whimsicott
|-damage|p2a: Whimsicott|12/100
|move|p2a: Whimsicott|Tailwind|p2a: Whimsicott
|-sidestart|p2: partigiano jonny|move: Tailwind
|move|p2b: Corviknight|Brave Bird|p1a: Skydragon
|-damage|p1a: Skydragon|0 fnt
|faint|p1a: Skydragon
|-damage|p2b: Corviknight|68/100|[from] Recoil
|move|p1b: Nightmare|Close Combat|p2b: Corviknight
|-crit|p2b: Corviknight
|-damage|p2b: Corviknight|0 fnt
|-unboost|p1b: Nightmare|def|1
|-unboost|p1b: Nightmare|spd|1
|faint|p2b: Corviknight
|
|upkeep
|
|t:|1756823863
|switch|p1a: Kong|Rillaboom, L50, M|100/100
|switch|p2b: Ursaluna|Ursaluna-Bloodmoon, L50, M, tera:Normal|13/100
|-fieldstart|move: Grassy Terrain|[from] ability: Grassy Surge|[of] p1a: Kong
|turn|7
|
|t:|1756823878
|move|p2b: Ursaluna|Protect|p2b: Ursaluna
|-singleturn|p2b: Ursaluna|Protect
|move|p1a: Kong|Grassy Glide|p2b: Ursaluna
|-activate|p2b: Ursaluna|move: Protect
|move|p2a: Whimsicott|Moonblast|p1a: Kong
|-damage|p1a: Kong|81/100
|move|p1b: Nightmare|Close Combat|p2a: Whimsicott
|-resisted|p2a: Whimsicott
|-damage|p2a: Whimsicott|0 fnt
|-unboost|p1b: Nightmare|def|1
|-unboost|p1b: Nightmare|spd|1
|faint|p2a: Whimsicott
|
|-heal|p2b: Ursaluna|18/100|[from] Grassy Terrain
|-heal|p1b: Nightmare|71/100|[from] Grassy Terrain
|-heal|p1a: Kong|87/100|[from] Grassy Terrain
|upkeep
|
|t:|1756823882
|switch|p2a: Sneasler|Sneasler, L50, F|100/100
|turn|8
|
|t:|1756823901
|move|p1a: Kong|Grassy Glide|p2b: Ursaluna
|-damage|p2b: Ursaluna|0 fnt
|faint|p2b: Ursaluna
|move|p2a: Sneasler|Close Combat|p1b: Nightmare
|-resisted|p1b: Nightmare
|-damage|p1b: Nightmare|0 fnt
|-unboost|p2a: Sneasler|def|1
|-unboost|p2a: Sneasler|spd|1
|faint|p1b: Nightmare
|
|-heal|p1a: Kong|93/100|[from] Grassy Terrain
|upkeep
|turn|9
|
|t:|1756823910
|move|p2a: Sneasler|Dire Claw|p1a: Kong
|-supereffective|p1a: Kong
|-damage|p1a: Kong|12/100
|-status|p1a: Kong|psn
|move|p1a: Kong|High Horsepower|p2a: Sneasler
|-supereffective|p2a: Sneasler
|-damage|p2a: Sneasler|0 fnt
|faint|p2a: Sneasler
|
|win|DominicVGC07
