|j|☆KoopaPlays
|j|☆scizormetimbers07
|html|KoopaPlaysscizormetimbers07    
|uhtml|bestof|Game 1 of a best-of-3
|t:|1785722385
|gametype|doubles
|player|p1|KoopaPlays|hiker|
|player|p2|scizormetimbers07|gambler|
|gen|9
|tier|[Gen 9 Champions] VGC 2026 Reg M-B (Bo3)
|rule|Species Clause: Limit one of each Pokémon
|rule|Item Clause: Limit 1 of each item
|clearpoke
|poke|p1|Glimmora, L50, M, shiny|
|poke|p1|Corviknight, L50, F, shiny|
|poke|p1|Meowscarada, L50, F|
|poke|p1|Liepard, L50, F|
|poke|p1|Milotic, L50, F, shiny|
|poke|p1|Krookodile, L50, M|
|poke|p2|Blastoise, L50, M, shiny|
|poke|p2|Whimsicott, L50, M|
|poke|p2|Kangaskhan, L50, F|
|poke|p2|Conkeldurr, L50, M, shiny|
|poke|p2|Infernape, L50, M, shiny|
|poke|p2|Orthworm, L50, F|
|teampreview|4
|showteam|p1|Glimmora||Glimmoranite|Corrosion|SludgeBomb,SludgeWave,PowerGem,SpikyShield|Timid||M|||50|]Corviknight||SitrusBerry|Unnerve|BraveBird,BodyPress,Tailwind,Protect|Adamant||F|||50|]Meowscarada||FocusSash|Overgrow|FlowerTrick,KnockOff,BrickBreak,Protect|Jolly||F|||50|]Liepard||MentalHerb|Prankster|FakeOut,Encore,Taunt,Copycat|Jolly||F|||50|]Milotic||Leftovers|Competitive|IcyWind,ChillingWater,Scald,Protect|Modest||F|||50|]Krookodile||ChoiceScarf|Intimidate|KnockOff,HighHorsepower,CloseCombat,RockSlide|Adamant||M|||50|
|showteam|p2|Blastoise||Blastoisinite|RainDish|AuraSphere,FakeOut,WaterSpout,IceBeam|Quiet||M|||50|]Whimsicott||FocusSash|Prankster|Tailwind,Encore,DazzlingGleam,FakeTears|Modest||M|||50|]Kangaskhan||Kangaskhanite|Scrappy|DrainPunch,FakeOut,ThunderPunch,BodySlam|Adamant||F|||50|]Conkeldurr||LifeOrb|SheerForce|CloseCombat,FirePunch,IcePunch,Earthquake|Adamant||M|||50|]Infernape||ShellBell|IronFist|DrainPunch,FakeOut,FirePunch,ThunderPunch|Jolly||M|||50|]Orthworm||SitrusBerry|EarthEater|BodyPress,HeavySlam,ShedTail,Spikes|Impish||F|||50|
|
|t:|1785722530
|teamsize|p1|4
|teamsize|p2|4
|start
|switch|p1a: Corviknight|Corviknight, L50, F, shiny|100/100
|switch|p1b: Liepard|Liepard, L50, F|100/100
|switch|p2a: Whimsicott|Whimsicott, L50, M|100/100
|switch|p2b: Infernape|Infernape, L50, M, shiny|100/100
|-ability|p1a: Corviknight|Unnerve
|turn|1
|
|t:|1785722614
|move|p2b: Infernape|Fake Out|p1b: Liepard
|-damage|p1b: Liepard|80/100
|cant|p1b: Liepard|flinch
|move|p2a: Whimsicott|Dazzling Gleam|p1b: Liepard|[spread] p1a,p1b
|-resisted|p1a: Corviknight|1
|-supereffective|p1b: Liepard|1
|-damage|p1a: Corviknight|89/100
|-damage|p1b: Liepard|2/100
|move|p1a: Corviknight|Brave Bird|p2a: Whimsicott
|-supereffective|p2a: Whimsicott|1
|-enditem|p2a: Whimsicott|Focus Sash
|-damage|p2a: Whimsicott|1/100
|-damage|p1a: Corviknight|60/100|[from] Recoil
|
|upkeep
|turn|2
|
|t:|1785722702
|switch|p2a: Blastoise|Blastoise, L50, M, shiny|100/100
|move|p1a: Corviknight|Protect|p1a: Corviknight
|-singleturn|p1a: Corviknight|Protect
|move|p1b: Liepard|Copycat||[still]
|-fail|p1b: Liepard
|move|p2b: Infernape|Fire Punch|p1a: Corviknight
|-activate|p1a: Corviknight|move: Protect
|
|upkeep
|turn|3
|
|t:|1785722787
|switch|p1a: Krookodile|Krookodile, L50, M|100/100
|-ability|p1a: Krookodile|Intimidate|boost
|-unboost|p2a: Blastoise|atk|1
|-unboost|p2b: Infernape|atk|1
|move|p2a: Blastoise|Fake Out|p1b: Liepard
|-damage|p1b: Liepard|0 fnt
|faint|p1b: Liepard
|move|p2b: Infernape|Fire Punch|p1a: Krookodile
|-damage|p1a: Krookodile|63/100
|
|upkeep
|
|t:|1785722797
|switch|p1b: Meowscarada|Meowscarada, L50, F|100/100
|turn|4
|
|t:|1785722887
|switch|p2a: Conkeldurr|Conkeldurr, L50, M, shiny|100/100
|move|p1a: Krookodile|High Horsepower|p2b: Infernape
|-supereffective|p2b: Infernape|1
|-damage|p2b: Infernape|0 fnt
|faint|p2b: Infernape
|move|p1b: Meowscarada|Flower Trick|p2a: Conkeldurr
|-crit|p2a: Conkeldurr
|-damage|p2a: Conkeldurr|59/100
|
|upkeep
|
|t:|1785722898
|switch|p2b: Whimsicott|Whimsicott, L50, M|1/100
|turn|5
|
|t:|1785722957
|switch|p1a: Corviknight|Corviknight, L50, F, shiny|60/100
|-ability|p1a: Corviknight|Unnerve
|move|p2b: Whimsicott|Tailwind|p2b: Whimsicott
|-sidestart|p2: scizormetimbers07|move: Tailwind
|move|p1b: Meowscarada|Knock Off|p2b: Whimsicott
|-resisted|p2b: Whimsicott|1
|-damage|p2b: Whimsicott|0 fnt
|faint|p2b: Whimsicott
|move|p2a: Conkeldurr|Ice Punch|p1b: Meowscarada
|-supereffective|p1b: Meowscarada|1
|-enditem|p1b: Meowscarada|Focus Sash
|-damage|p1b: Meowscarada|1/100
|
|upkeep
|
|t:|1785722971
|switch|p2b: Blastoise|Blastoise, L50, M, shiny|100/100
|turn|6
|
|t:|1785723031
|switch|p1b: Krookodile|Krookodile, L50, M|63/100
|-ability|p1b: Krookodile|Intimidate|boost
|-unboost|p2a: Conkeldurr|atk|1
|-unboost|p2b: Blastoise|atk|1
|detailschange|p2b: Blastoise|Blastoise-Mega, L50, M, shiny
|-mega|p2b: Blastoise|Blastoise|Blastoisinite
|move|p2b: Blastoise|Fake Out|p1b: Krookodile
|-damage|p1b: Krookodile|54/100
|move|p2a: Conkeldurr|Fire Punch|p1a: Corviknight
|-supereffective|p1a: Corviknight|1
|-damage|p1a: Corviknight|8/100
|-enditem|p1a: Corviknight|Sitrus Berry|[eat]
|-heal|p1a: Corviknight|33/100|[from] item: Sitrus Berry
|move|p1a: Corviknight|Brave Bird|p2a: Conkeldurr
|-supereffective|p2a: Conkeldurr|1
|-damage|p2a: Conkeldurr|0 fnt
|faint|p2a: Conkeldurr
|-damage|p1a: Corviknight|11/100|[from] Recoil
|
|upkeep
|turn|7
|
|t:|1785723084
|move|p1a: Corviknight|Protect|p1a: Corviknight
|-singleturn|p1a: Corviknight|Protect
|move|p1b: Krookodile|Knock Off|p2b: Blastoise
|-damage|p2b: Blastoise|72/100
|move|p2b: Blastoise|Water Spout|p1b: Krookodile|[spread] p1b
|-activate|p1a: Corviknight|move: Protect
|-supereffective|p1b: Krookodile|1
|-damage|p1b: Krookodile|0 fnt
|faint|p1b: Krookodile
|
|upkeep
|
|t:|1785723086
|switch|p1b: Meowscarada|Meowscarada, L50, F|1/100
|turn|8
|
|t:|1785723123
|move|p1b: Meowscarada|Protect|p1b: Meowscarada
|-singleturn|p1b: Meowscarada|Protect
|move|p2b: Blastoise|Water Spout|p1a: Corviknight|[spread] p1a
|-activate|p1b: Meowscarada|move: Protect
|-damage|p1a: Corviknight|0 fnt
|faint|p1a: Corviknight
|
|-sideend|p2: scizormetimbers07|move: Tailwind
|upkeep
|turn|9
|
|t:|1785723134
|move|p1b: Meowscarada|Flower Trick|p2b: Blastoise
|-supereffective|p2b: Blastoise|1
|-crit|p2b: Blastoise
|-damage|p2b: Blastoise|0 fnt
|faint|p2b: Blastoise
|
|win|KoopaPlays
|inactive|KoopaPlays has 30 seconds to confirm battle start!
|inactive|scizormetimbers07 has 30 seconds to confirm battle start!
||KoopaPlays is ready for game 2.
|inactive|scizormetimbers07 has 20 seconds to confirm battle start!
|inactive|scizormetimbers07 has 10 seconds to confirm battle start!
||scizormetimbers07 is ready for game 2.
|uhtml|next|Next: Game 2 of 3
|l|☆scizormetimbers07
|player|p2|
