|j|☆Olympicsvgc
|j|☆coglio6789
|html|Olympicsvgccoglio6789    
|uhtml|bestof|Game 2 of a best-of-3
|t:|1785838441
|gametype|doubles
|player|p1|Olympicsvgc|dawn|1301
|player|p2|coglio6789|102|1172
|gen|9
|tier|[Gen 9 Champions] VGC 2026 Reg M-B (Bo3)
|rated|
|rule|Species Clause: Limit one of each Pokémon
|rule|Item Clause: Limit 1 of each item
|clearpoke
|poke|p1|Delphox, L50, F|
|poke|p1|Archaludon, L50, M|
|poke|p1|Pelipper, L50, F|
|poke|p1|Sableye, L50, F|
|poke|p1|Sinistcha, L50|
|poke|p1|Swampert, L50, M|
|poke|p2|Rotom-Wash, L50|
|poke|p2|Kingambit, L50, F|
|poke|p2|Garchomp, L50, F|
|poke|p2|Charizard, L50, F|
|poke|p2|Aerodactyl, L50, M|
|poke|p2|Sneasler, L50, M|
|teampreview|4
|showteam|p1|Delphox||Delphoxite|Blaze|Protect,NastyPlot,HeatWave,Psyshock|Timid||F|||50|]Archaludon||Leftovers|Stamina|ElectroShot,Protect,DragonPulse,FlashCannon|Calm||M|||50|]Pelipper||SitrusBerry|Drizzle|Protect,Tailwind,WeatherBall,Hurricane|Modest||F|||50|]Sableye||LightClay|Prankster|FoulPlay,LightScreen,RainDance,Reflect|Calm||F|||50|]Sinistcha||FocusSash|Hospitality|TrickRoom,MatchaGotcha,RagePowder,LifeDew|Bold|||||50|]Swampert||Swampertite|Damp|Protect,WaveCrash,IcePunch,Earthquake|Adamant||M|||50|
|showteam|p2|Rotom-Wash||SitrusBerry|Levitate|HydroPump,Thunderbolt,WillOWisp,Protect|Modest|||||50|]Kingambit||FocusSash|Defiant|KowtowCleave,SuckerPunch,IronHead,Protect|Adamant||F|||50|]Garchomp||LifeOrb|RoughSkin|Earthquake,DragonClaw,Protect,RockSlide|Jolly||F|||50|]Charizard||CharizarditeY|Blaze|HeatWave,WeatherBall,SolarBeam,Protect|Modest||F|||50|]Aerodactyl||Aerodactylite|Unnerve|RockSlide,DualWingbeat,Tailwind,Protect|Jolly||M|||50|]Sneasler||WhiteHerb|Unburden|CloseCombat,DireClaw,FakeOut,Protect|Adamant||M|||50|
|inactive|Battle timer is ON: inactive players will automatically lose when time's up. (requested by coglio6789)
|
|t:|1785838475
|teamsize|p1|4
|teamsize|p2|4
|start
|switch|p1a: Sableye|Sableye, L50, F|100/100
|switch|p1b: Archaludon|Archaludon, L50, M|100/100
|switch|p2a: Kingambit|Kingambit, L50, F|100/100
|switch|p2b: Rotom|Rotom-Wash, L50|100/100
|turn|1
|inactive|coglio6789 has 30 seconds left.
|
|t:|1785838501
|move|p1a: Sableye|Reflect|p1a: Sableye
|-sidestart|p1: Olympicsvgc|Reflect
|move|p2b: Rotom|Will-O-Wisp|p1b: Archaludon
|-status|p1b: Archaludon|brn
|move|p1b: Archaludon|Dragon Pulse|p2a: Kingambit
|-resisted|p2a: Kingambit|1
|-damage|p2a: Kingambit|78/100
|move|p2a: Kingambit|Kowtow Cleave|p1a: Sableye
|-damage|p1a: Sableye|49/100
|
|-damage|p1b: Archaludon|93/100 brn|[from] brn
|upkeep
|turn|2
|
|t:|1785838520
|move|p2a: Kingambit|Sucker Punch|p1b: Archaludon
|-damage|p1b: Archaludon|75/100 brn
|-ability|p1b: Archaludon|Stamina|boost
|-boost|p1b: Archaludon|def|1
|move|p1a: Sableye|Light Screen|p1a: Sableye
|-sidestart|p1: Olympicsvgc|move: Light Screen
|move|p2b: Rotom|Hydro Pump|p1a: Sableye
|-damage|p1a: Sableye|17/100
|move|p1b: Archaludon|Dragon Pulse|p2b: Rotom
|-damage|p2b: Rotom|61/100
|
|-heal|p1b: Archaludon|81/100 brn|[from] item: Leftovers
|-damage|p1b: Archaludon|75/100 brn|[from] brn
|upkeep
|turn|3
|
|t:|1785838536
|move|p2a: Kingambit|Sucker Punch|p1b: Archaludon
|-damage|p1b: Archaludon|61/100 brn
|-ability|p1b: Archaludon|Stamina|boost
|-boost|p1b: Archaludon|def|1
|move|p1a: Sableye|Rain Dance|p1a: Sableye
|-weather|RainDance
|move|p2b: Rotom|Thunderbolt|p1a: Sableye
|-damage|p1a: Sableye|0 fnt
|faint|p1a: Sableye
|move|p1b: Archaludon|Electro Shot||[still]
|-prepare|p1b: Archaludon|Electro Shot
|-boost|p1b: Archaludon|spa|1
|-anim|p1b: Archaludon|Electro Shot|p2a: Kingambit
|-damage|p2a: Kingambit|18/100
|
|-weather|RainDance|[upkeep]
|-heal|p1b: Archaludon|67/100 brn|[from] item: Leftovers
|-damage|p1b: Archaludon|61/100 brn|[from] brn
|upkeep
|
|t:|1785838548
|switch|p1a: Delphox|Delphox, L50, F|100/100
|turn|4
|
|t:|1785838570
|detailschange|p1a: Delphox|Delphox-Mega, L50, F
|-mega|p1a: Delphox|Delphox|Delphoxite
|move|p1a: Delphox|Protect|p1a: Delphox
|-singleturn|p1a: Delphox|Protect
|move|p2b: Rotom|Protect|p2b: Rotom
|-singleturn|p2b: Rotom|Protect
|move|p2a: Kingambit|Sucker Punch||[still]
|-fail|p2a: Kingambit
|move|p1b: Archaludon|Electro Shot||[still]
|-prepare|p1b: Archaludon|Electro Shot
|-boost|p1b: Archaludon|spa|1
|-anim|p1b: Archaludon|Electro Shot|p2b: Rotom
|-activate|p2b: Rotom|move: Protect
|
|-weather|RainDance|[upkeep]
|-heal|p1b: Archaludon|67/100 brn|[from] item: Leftovers
|-damage|p1b: Archaludon|61/100 brn|[from] brn
|upkeep
|turn|5
|
|t:|1785838586
|switch|p1a: Pelipper|Pelipper, L50, F|100/100
|move|p2a: Kingambit|Sucker Punch||[still]
|-fail|p2a: Kingambit
|move|p2b: Rotom|Hydro Pump|p1a: Pelipper
|-resisted|p1a: Pelipper|1
|-damage|p1a: Pelipper|65/100
|move|p1b: Archaludon|Electro Shot||[still]
|-prepare|p1b: Archaludon|Electro Shot
|-boost|p1b: Archaludon|spa|1
|-anim|p1b: Archaludon|Electro Shot|p2b: Rotom
|-damage|p2b: Rotom|0 fnt
|faint|p2b: Rotom
|
|-weather|RainDance|[upkeep]
|-heal|p1b: Archaludon|67/100 brn|[from] item: Leftovers
|-damage|p1b: Archaludon|61/100 brn|[from] brn
|upkeep
|
|t:|1785838604
|switch|p2b: Charizard|Charizard, L50, F|100/100
|turn|6
|
|t:|1785838625
|detailschange|p2b: Charizard|Charizard-Mega-Y, L50, F
|-mega|p2b: Charizard|Charizard|Charizardite Y
|-weather|SunnyDay|[from] ability: Drought|[of] p2b: Charizard
|move|p1b: Archaludon|Protect|p1b: Archaludon
|-singleturn|p1b: Archaludon|Protect
|move|p2a: Kingambit|Sucker Punch||[still]
|-fail|p2a: Kingambit
|move|p2b: Charizard|Weather Ball|p1b: Archaludon
|-activate|p1b: Archaludon|move: Protect
|move|p1a: Pelipper|Tailwind|p1a: Pelipper
|-sidestart|p1: Olympicsvgc|move: Tailwind
|
|-weather|SunnyDay|[upkeep]
|-heal|p1b: Archaludon|67/100 brn|[from] item: Leftovers
|-damage|p1b: Archaludon|61/100 brn|[from] brn
|upkeep
|turn|7
|c|☆coglio6789|omg this 50/50
|c|☆coglio6789|i hate this fucking game
|inactive|coglio6789 has 30 seconds left.
|
|t:|1785838653
|switch|p1a: Delphox|Delphox-Mega, L50, F|100/100
|move|p2b: Charizard|Protect|p2b: Charizard
|-singleturn|p2b: Charizard|Protect
|move|p1b: Archaludon|Dragon Pulse|p2a: Kingambit
|-resisted|p2a: Kingambit|1
|-damage|p2a: Kingambit|0 fnt
|faint|p2a: Kingambit
|
|-weather|SunnyDay|[upkeep]
|-heal|p1b: Archaludon|67/100 brn|[from] item: Leftovers
|-damage|p1b: Archaludon|61/100 brn|[from] brn
|upkeep
|c|☆coglio6789|why why
|c|☆coglio6789|sucker + weather ball
|c|☆coglio6789|and archaludon is dead
|c|☆coglio6789|omg
|
|t:|1785838676
|switch|p2a: Sneasler|Sneasler, L50, M|100/100
|turn|8
|c|☆coglio6789|you so fucking bumb
|
|t:|1785838694
|move|p2a: Sneasler|Fake Out|p1a: Delphox
|-damage|p1a: Delphox|89/100
|cant|p1a: Delphox|flinch
|move|p1b: Archaludon|Dragon Pulse|p2a: Sneasler
|-damage|p2a: Sneasler|0 fnt
|faint|p2a: Sneasler
|move|p2b: Charizard|Weather Ball|p1b: Archaludon
|-damage|p1b: Archaludon|11/100 brn
|-ability|p1b: Archaludon|Stamina|boost
|-boost|p1b: Archaludon|def|1
|
|-weather|SunnyDay|[upkeep]
|-heal|p1b: Archaludon|17/100 brn|[from] item: Leftovers
|-damage|p1b: Archaludon|11/100 brn|[from] brn
|-sideend|p1: Olympicsvgc|Reflect
|upkeep
|turn|9
|-message|coglio6789 forfeited.
|
|win|Olympicsvgc
|raw|Olympicsvgc's rating: 1301 → 1314(+13 for winning)
|raw|coglio6789's rating: 1172 → 1156(-16 for losing)
|c|☆coglio6789|idiot
|l|☆coglio6789
|player|p2|
|c|☆Olympicsvgc|Bruh chill
