|j|☆ThatGualaKid
|j|☆gerginator
|html|ThatGualaKidgerginator    
|uhtml|bestof|Game 2 of a best-of-3
|t:|1785761369
|gametype|doubles
|player|p1|ThatGualaKid|266|
|player|p2|gerginator|170|
|gen|9
|tier|[Gen 9 Champions] VGC 2026 Reg M-B (Bo3)
|rule|Species Clause: Limit one of each Pokémon
|rule|Item Clause: Limit 1 of each item
|clearpoke
|poke|p1|Charizard, L50, M, shiny|
|poke|p1|Venusaur, L50, F|
|poke|p1|Basculegion, L50, M|
|poke|p1|Jolteon, L50, F|
|poke|p1|Kingambit, L50, F|
|poke|p1|Sableye, L50, M|
|poke|p2|Sinistcha, L50|
|poke|p2|Liepard, L50, M|
|poke|p2|Aerodactyl, L50, M|
|poke|p2|Rotom-Heat, L50|
|poke|p2|Krookodile, L50, F|
|poke|p2|Vaporeon, L50, F|
|teampreview|4
|showteam|p1|Charizard||CharizarditeY|Blaze|HeatWave,SolarBeam,WeatherBall,Protect|Modest||M|||50|]Venusaur||LifeOrb|Chlorophyll|EnergyBall,SludgeBomb,WeatherBall,Protect|Modest||F|||50|]Basculegion||MysticWater|Adaptability|AquaJet,WaveCrash,LastRespects,Protect|Adamant||M|||50|]Jolteon||FocusSash|VoltAbsorb|Thunderbolt,AlluringVoice,WeatherBall,Detect|Timid||F|||50|]Kingambit||BlackGlasses|Defiant|KowtowCleave,SuckerPunch,IronHead,Protect|Adamant||F|||50|]Sableye||Sablenite|Prankster|FoulPlay,Quash,Encore,RainDance|Impish||M|||50|
|showteam|p2|Sinistcha||OccaBerry|Hospitality|RagePowder,MatchaGotcha,NightShade,StrengthSap|Brave|||||50|]Liepard||FocusSash|Prankster|FakeOut,Taunt,Encore,SuckerPunch|Jolly||M|||50|]Aerodactyl||Aerodactylite|Unnerve|RockSlide,DualWingbeat,Tailwind,Protect|Jolly||M|||50|]Rotom-Heat||Magnet|Levitate|Thunderbolt,Overheat,WillOWisp,Protect|Modest|||||50|]Krookodile||PasshoBerry|Moxie|HighHorsepower,StoneEdge,KnockOff,Taunt|Jolly||F|||50|]Vaporeon||RindoBerry|WaterAbsorb|Yawn,Scald,HelpingHand,Detect|Bold||F|||50|
|
|t:|1785761438
|teamsize|p1|4
|teamsize|p2|4
|start
|switch|p1a: Sableye|Sableye, L50, M|100/100
|switch|p1b: Jolteon|Jolteon, L50, F|100/100
|switch|p2a: Aerodactyl|Aerodactyl, L50, M|100/100
|switch|p2b: Liepard|Liepard, L50, M|100/100
|-ability|p2a: Aerodactyl|Unnerve
|turn|1
|
|t:|1785761460
|move|p1b: Jolteon|Detect|p1b: Jolteon
|-singleturn|p1b: Jolteon|Protect
|move|p2b: Liepard|Fake Out|p1b: Jolteon
|-activate|p1b: Jolteon|move: Protect
|move|p2a: Aerodactyl|Tailwind|p2a: Aerodactyl
|-sidestart|p2: gerginator|move: Tailwind
|move|p1a: Sableye|Foul Play|p2a: Aerodactyl
|-damage|p2a: Aerodactyl|34/100
|
|upkeep
|turn|2
|
|t:|1785761485
|switch|p2a: Vaporeon|Vaporeon, L50, F|100/100
|move|p2b: Liepard|Encore|p1b: Jolteon
|-start|p1b: Jolteon|Encore
|move|p1b: Jolteon|Detect||[still]
|-fail|p1b: Jolteon
|move|p1a: Sableye|Quash||[still]
|-fail|p1a: Sableye
|
|upkeep
|turn|3
|
|t:|1785761515
|switch|p1b: Venusaur|Venusaur, L50, F|100/100
|move|p2b: Liepard|Taunt|p1b: Venusaur
|-start|p1b: Venusaur|move: Taunt
|move|p2a: Vaporeon|Yawn|p1b: Venusaur
|-start|p1b: Venusaur|move: Yawn|[of] p2a: Vaporeon
|move|p1a: Sableye|Foul Play|p2b: Liepard
|-resisted|p2b: Liepard|1
|-damage|p2b: Liepard|67/100
|
|upkeep
|turn|4
|
|t:|1785761551
|switch|p1b: Jolteon|Jolteon, L50, F|100/100
|move|p2b: Liepard|Sucker Punch|p1a: Sableye
|-damage|p1a: Sableye|69/100
|move|p2a: Vaporeon|Yawn|p1a: Sableye
|-start|p1a: Sableye|move: Yawn|[of] p2a: Vaporeon
|move|p1a: Sableye|Foul Play|p2b: Liepard
|-resisted|p2b: Liepard|1
|-damage|p2b: Liepard|39/100
|
|-sideend|p2: gerginator|move: Tailwind
|upkeep
|turn|5
|
|t:|1785761575
|switch|p2a: Rotom|Rotom-Heat, L50|100/100
|switch|p1a: Venusaur|Venusaur, L50, F|100/100
|move|p2b: Liepard|Sucker Punch|p1b: Jolteon
|-damage|p1b: Jolteon|50/100g
|move|p1b: Jolteon|Thunderbolt|p2b: Liepard
|-damage|p2b: Liepard|0 fnt
|faint|p2b: Liepard
|
|upkeep
|
|t:|1785761587
|switch|p2b: Aerodactyl|Aerodactyl, L50, M|34/100
|-ability|p2b: Aerodactyl|Unnerve
|turn|6
|
|t:|1785761607
|switch|p1a: Sableye|Sableye, L50, M|69/100
|detailschange|p2b: Aerodactyl|Aerodactyl-Mega, L50, M
|-mega|p2b: Aerodactyl|Aerodactyl|Aerodactylite
|move|p2b: Aerodactyl|Rock Slide|p1b: Jolteon|[spread] p1a,p1b
|-damage|p1a: Sableye|35/100
|-damage|p1b: Jolteon|0 fnt
|faint|p1b: Jolteon
|move|p2a: Rotom|Overheat|p1a: Sableye
|-damage|p1a: Sableye|0 fnt
|-unboost|p2a: Rotom|spa|2
|faint|p1a: Sableye
|
|upkeep
|
|t:|1785761614
|switch|p1b: Charizard|Charizard, L50, M, shiny|100/100
|switch|p1a: Venusaur|Venusaur, L50, F|100/100
|turn|7
|
|t:|1785761671
|switch|p2b: Vaporeon|Vaporeon, L50, F|100/100
|detailschange|p1b: Charizard|Charizard-Mega-Y, L50, M, shiny
|-mega|p1b: Charizard|Charizard|Charizardite Y
|-weather|SunnyDay|[from] ability: Drought|[of] p1b: Charizard
|move|p1a: Venusaur|Energy Ball|p2b: Vaporeon
|-supereffective|p2b: Vaporeon|1
|-enditem|p2b: Vaporeon|Rindo Berry|[eat]
|-enditem|p2b: Vaporeon|Rindo Berry|[weaken]
|-damage|p2b: Vaporeon|58/100
|-damage|p1a: Venusaur|90/100|[from] item: Life Orb
|move|p1b: Charizard|Solar Beam||[still]
|-prepare|p1b: Charizard|Solar Beam
|-anim|p1b: Charizard|Solar Beam|p2a: Rotom
|-resisted|p2a: Rotom|1
|-damage|p2a: Rotom|71/100
|move|p2a: Rotom|Overheat|p1a: Venusaur
|-supereffective|p1a: Venusaur|1
|-damage|p1a: Venusaur|0 fnt
|-unboost|p2a: Rotom|spa|2
|faint|p1a: Venusaur
|
|-weather|SunnyDay|[upkeep]
|upkeep
|turn|8
|
|t:|1785761694
|move|p1b: Charizard|Weather Ball|p2a: Rotom
|-resisted|p2a: Rotom|1
|-damage|p2a: Rotom|17/100
|move|p2a: Rotom|Thunderbolt|p1b: Charizard
|-supereffective|p1b: Charizard|1
|-damage|p1b: Charizard|69/100
|move|p2b: Vaporeon|Yawn|p1b: Charizard
|-start|p1b: Charizard|move: Yawn|[of] p2b: Vaporeon
|
|-weather|SunnyDay|[upkeep]
|upkeep
|turn|9
|
|t:|1785761707
|move|p1b: Charizard|Weather Ball|p2a: Rotom
|-resisted|p2a: Rotom|1
|-damage|p2a: Rotom|0 fnt
|faint|p2a: Rotom
|move|p2b: Vaporeon|Scald|p1b: Charizard
|-supereffective|p1b: Charizard|1
|-damage|p1b: Charizard|45/100
|
|-weather|SunnyDay|[upkeep]
|-end|p1b: Charizard|move: Yawn|[silent]
|-status|p1b: Charizard|slp
|upkeep
|
|t:|1785761716
|switch|p2a: Aerodactyl|Aerodactyl-Mega, L50, M|34/100
|turn|10
|
|t:|1785761723
|cant|p1b: Charizard|slp
|move|p2a: Aerodactyl|Rock Slide|p1b: Charizard
|-supereffective|p1b: Charizard|2
|-damage|p1b: Charizard|0 fnt
|faint|p1b: Charizard
|
|win|gerginator
||ThatGualaKid is ready for game 3.
||gerginator is ready for game 3.
|uhtml|next|Next: Game 3 of 3
|l|☆gerginator
|player|p2|
