|j|☆PizzaSanwitch
|j|☆mitchosh
|html|PizzaSanwitchmitchosh    
|uhtml|bestof|Game 1 of a best-of-3
|t:|1784842482
|gametype|doubles
|player|p1|PizzaSanwitch|1|1189
|player|p2|mitchosh|gentleman|1050
|gen|9
|tier|[Gen 9 Champions] VGC 2026 Reg M-B (Bo3)
|rated|
|rule|Species Clause: Limit one of each Pokémon
|rule|Item Clause: Limit 1 of each item
|clearpoke
|poke|p1|Pelipper, L50, F|
|poke|p1|Archaludon, L50, F|
|poke|p1|Venusaur, L50, F|
|poke|p1|Basculegion, L50, M|
|poke|p1|Grimmsnarl, L50, M|
|poke|p1|Charizard, L50, M|
|poke|p2|Politoed, L50, M|
|poke|p2|Swampert, L50, M|
|poke|p2|Pelipper, L50, M|
|poke|p2|Emolga, L50, M|
|poke|p2|Dragapult, L50, M|
|poke|p2|Musharna, L50, M|
|teampreview|4
|showteam|p1|Pelipper||SitrusBerry|Drizzle|WeatherBall,Hurricane,Tailwind,Protect|Modest||F|||50|]Archaludon||Leftovers|Stamina|ElectroShot,FlashCannon,DragonPulse,Protect|Modest||F|||50|]Venusaur||Venusaurite|Chlorophyll|GigaDrain,SludgeBomb,EarthPower,Protect|Modest||F|||50|]Basculegion||ChoiceScarf|Adaptability|WaveCrash,LastRespects,AquaJet,FlipTurn|Jolly||M|||50|]Grimmsnarl||LightClay|Prankster|SpiritBreak,Reflect,LightScreen,PartingShot|Sassy||M|||50|]Charizard||CharizarditeY|SolarPower|HeatWave,WeatherBall,Hurricane,Protect|Modest||M|||50|
|showteam|p2|Politoed||MysticWater|Drizzle|WeatherBall,PerishSong,Encore,Protect|Modest||M|||50|]Swampert||Swampertite|Torrent|WaveCrash,FlipTurn,Earthquake,Protect|Jolly||M|||50|]Pelipper||SharpBeak|Drizzle|Hurricane,Tailwind,HelpingHand,Protect|Timid||M|||50|]Emolga||Magnet|MotorDrive|Thunder,VoltSwitch,Encore,Protect|Timid||M|||50|]Dragapult||SpellTag|Infiltrator|DragonDarts,DragonClaw,PhantomForce,Protect|Jolly||M|||50|]Musharna||TwistedSpoon|Telepathy|Psychic,TrickRoom,HelpingHand,Protect|Quiet||M|||50|
|inactive|Battle timer is ON: inactive players will automatically lose when time's up. (requested by mitchosh)
|inactive|PizzaSanwitch has 60 seconds left.
|inactive|PizzaSanwitch has 30 seconds left.
|inactive|PizzaSanwitch has 20 seconds left.
|inactive|PizzaSanwitch has 15 seconds left.
|inactive|PizzaSanwitch has 10 seconds left.
|
|t:|1784842567
|teamsize|p1|4
|teamsize|p2|4
|start
|switch|p1a: Grimmsnarl|Grimmsnarl, L50, M|100/100
|switch|p1b: Basculegion|Basculegion, L50, M|100/100
|switch|p2a: Pelipper|Pelipper, L50, M|100/100
|switch|p2b: Swampert|Swampert, L50, M|100/100
|-weather|RainDance|[from] ability: Drizzle|[of] p2a: Pelipper
|turn|1
|inactive|PizzaSanwitch has 30 seconds left.
|
|t:|1784842598
|detailschange|p2b: Swampert|Swampert-Mega, L50, M
|-mega|p2b: Swampert|Swampert|Swampertite
|move|p1a: Grimmsnarl|Reflect|p1a: Grimmsnarl
|-sidestart|p1: PizzaSanwitch|Reflect
|move|p2b: Swampert|Earthquake|p1a: Grimmsnarl|[spread] p1a,p1b
|-immune|p2a: Pelipper
|-damage|p1a: Grimmsnarl|65/100
|-damage|p1b: Basculegion|68/100
|move|p1b: Basculegion|Wave Crash|p2b: Swampert
|-damage|p2b: Swampert|0 fnt
|faint|p2b: Swampert
|-damage|p1b: Basculegion|38/100|[from] Recoil
|move|p2a: Pelipper|Tailwind|p2a: Pelipper
|-sidestart|p2: mitchosh|move: Tailwind
|
|-weather|RainDance|[upkeep]
|upkeep
|
|t:|1784842612
|switch|p2b: Emolga|Emolga, L50, M|100/100
|turn|2
|
|t:|1784842620
|switch|p1b: Archaludon|Archaludon, L50, F|100/100
|move|p1a: Grimmsnarl|Light Screen|p1a: Grimmsnarl
|-sidestart|p1: PizzaSanwitch|move: Light Screen
|move|p2b: Emolga|Thunder|p1b: Archaludon
|-resisted|p1b: Archaludon|1
|-damage|p1b: Archaludon|84/100
|-ability|p1b: Archaludon|Stamina|boost
|-boost|p1b: Archaludon|def|1
|move|p2a: Pelipper|Hurricane|p1a: Grimmsnarl
|-damage|p1a: Grimmsnarl|36/100
|-start|p1a: Grimmsnarl|confusion
|
|-weather|RainDance|[upkeep]
|-heal|p1b: Archaludon|90/100|[from] item: Leftovers
|upkeep
|turn|3
|inactive|PizzaSanwitch has 30 seconds left.
|
|t:|1784842649
|move|p2b: Emolga|Volt Switch|p1a: Grimmsnarl
|-damage|p1a: Grimmsnarl|19/100
|
|t:|1784842656
|switch|p2b: Dragapult|Dragapult, L50, M|100/100|[from] Volt Switch
|move|p2a: Pelipper|Hurricane|p1a: Grimmsnarl
|-damage|p1a: Grimmsnarl|0 fnt
|faint|p1a: Grimmsnarl
|move|p1b: Archaludon|Electro Shot||[still]
|-prepare|p1b: Archaludon|Electro Shot
|-boost|p1b: Archaludon|spa|1
|-anim|p1b: Archaludon|Electro Shot|p2a: Pelipper
|-supereffective|p2a: Pelipper|2
|-damage|p2a: Pelipper|0 fnt
|faint|p2a: Pelipper
|
|-weather|RainDance|[upkeep]
|-heal|p1b: Archaludon|96/100|[from] item: Leftovers
|upkeep
|
|t:|1784842670
|switch|p2a: Emolga|Emolga, L50, M|100/100
|switch|p1a: Venusaur|Venusaur, L50, F|100/100
|turn|4
|inactive|PizzaSanwitch has 30 seconds left.
|inactive|PizzaSanwitch has 20 seconds left.
|
|t:|1784842710
|detailschange|p1a: Venusaur|Venusaur-Mega, L50, F
|-mega|p1a: Venusaur|Venusaur|Venusaurite
|move|p2b: Dragapult|Phantom Force||[still]
|-prepare|p2b: Dragapult|Phantom Force
|move|p2a: Emolga|Encore|p1b: Archaludon
|-start|p1b: Archaludon|Encore
|move|p1a: Venusaur|Earth Power|p2b: Dragapult|[miss]
|-miss|p1a: Venusaur|p2b: Dragapult
|move|p1b: Archaludon|Electro Shot||[still]
|-prepare|p1b: Archaludon|Electro Shot
|-boost|p1b: Archaludon|spa|1
|-anim|p1b: Archaludon|Electro Shot|p2b: Dragapult|[miss]
|-miss|p1b: Archaludon|p2b: Dragapult
|
|-weather|RainDance|[upkeep]
|-heal|p1b: Archaludon|100/100|[from] item: Leftovers
|-sideend|p2: mitchosh|move: Tailwind
|upkeep
|turn|5
|inactive|PizzaSanwitch has 30 seconds left.
|
|t:|1784842742
|move|p2a: Emolga|Protect|p2a: Emolga
|-singleturn|p2a: Emolga|Protect
|move|p2b: Dragapult|Phantom Force|p1a: Venusaur|[from] lockedmove
|-damage|p1a: Venusaur|55/100
|move|p1a: Venusaur|Earth Power|p2b: Dragapult
|-damage|p2b: Dragapult|57/100
|move|p1b: Archaludon|Electro Shot||[still]
|-prepare|p1b: Archaludon|Electro Shot
|-boost|p1b: Archaludon|spa|1
|-anim|p1b: Archaludon|Electro Shot|p2b: Dragapult
|-resisted|p2b: Dragapult|1
|-damage|p2b: Dragapult|0 fnt
|faint|p2b: Dragapult
|
|-weather|none
|upkeep
|turn|6
|
|t:|1784842761
|move|p2a: Emolga|Thunder|p1b: Archaludon
|-resisted|p1b: Archaludon|1
|-damage|p1b: Archaludon|83/100
|-status|p1b: Archaludon|par
|-ability|p1b: Archaludon|Stamina|boost
|-boost|p1b: Archaludon|def|1
|move|p1a: Venusaur|Sludge Bomb|p2a: Emolga
|-damage|p2a: Emolga|1/100
|move|p1b: Archaludon|Electro Shot||[still]
|-prepare|p1b: Archaludon|Electro Shot
|-boost|p1b: Archaludon|spa|1
|
|-heal|p1b: Archaludon|89/100 par|[from] item: Leftovers
|-end|p1b: Archaludon|Encore
|upkeep
|turn|7
|
|t:|1784842779
|move|p2a: Emolga|Thunder|p1a: Venusaur
|-resisted|p1a: Venusaur|1
|-damage|p1a: Venusaur|41/100
|move|p1a: Venusaur|Sludge Bomb|p2a: Emolga
|-damage|p2a: Emolga|0 fnt
|faint|p2a: Emolga
|
|win|PizzaSanwitch
||PizzaSanwitch is ready for game 2.
|l|☆mitchosh
|player|p2|
|inactive|mitchosh has 30 seconds to confirm battle start!
||mitchosh is ready for game 2.
|uhtml|next|Next: Game 2 of 3
