|j|☆gorgisfun
|j|☆Ssidebraves8
|html|gorgisfunSsidebraves8    
|uhtml|bestof|Game 1 of a best-of-3
|t:|1757846878
|gametype|doubles
|player|p1|gorgisfun|170|1031
|player|p2|Ssidebraves8|265|1180
|gen|9
|tier|[Gen 9] VGC 2025 Reg H (Bo3)
|rated|
|rule|Species Clause: Limit one of each Pokémon
|rule|Item Clause: Limit 1 of each item
|clearpoke
|poke|p1|Incineroar, L50, F|
|poke|p1|Farigiraf, L50, M|
|poke|p1|Sinistcha-Masterpiece, L50|
|poke|p1|Slowking, L50, M|
|poke|p1|Kingambit, L50, M|
|poke|p1|Electabuzz, L50, F|
|poke|p2|Incineroar, L50, M|
|poke|p2|Kommo-o, L50, M|
|poke|p2|Electabuzz, L50, F|
|poke|p2|Rillaboom, L50, F|
|poke|p2|Ninetales-Alola, L50, F|
|poke|p2|Sinistcha, L50|
|teampreview|4
|showteam|p1|Incineroar||SafetyGoggles|Intimidate|FakeOut,FlareBlitz,PartingShot,KnockOff|||F|||50|,,,,,Ghost]Farigiraf||ThroatSpray|ArmorTail|Psychic,TrickRoom,Protect,HyperVoice|||M|||50|,,,,,Psychic]Sinistcha-Masterpiece||SitrusBerry|Hospitality|MatchaGotcha,RagePowder,FoulPlay,ShadowBall||||||50|,,,,,Normal]Slowking||Leftovers|Regenerator|TrickRoom,Disable,Flamethrower,Scald|||M|||50|,,,,,Dark]Kingambit||LifeOrb|SupremeOverlord|KowtowCleave,SuckerPunch,Protect,IronHead|||M|||50|,,,,,Dark]Electabuzz||Eviolite|Static|FollowMe,HelpingHand,Taunt,Thunderbolt|||F|||50|,,,,,Electric
|showteam|p2|Incineroar||AssaultVest|Intimidate|KnockOff,FakeOut,FlareBlitz,Uturn|||M|||50|,,,,,Ghost]Kommo-o||ThroatSpray|Soundproof|ClangingScales,Flamethrower,ClangorousSoul,Protect|||M|||50|,,,,,Fire]Electabuzz||Eviolite|VitalSpirit|Electroweb,Taunt,FollowMe,Protect|||F|||50|,,,,,Fairy]Rillaboom||MiracleSeed|GrassySurge|WoodHammer,GrassyGlide,FakeOut,Uturn|||F|||50|,,,,,Fire]Ninetales-Alola||LightClay|SnowWarning|Blizzard,AuroraVeil,Encore,Disable|||F|||50|,,,,,Ghost]Sinistcha||SitrusBerry|Hospitality|MatchaGotcha,StrengthSap,RagePowder,Curse||||||50|,,,,,Water
|
|t:|1757846920
|teamsize|p1|4
|teamsize|p2|4
|start
|switch|p1a: Electabuzz|Electabuzz, L50, F|100/100
|switch|p1b: Slowking|Slowking, L50, M|100/100
|switch|p2a: Rillaboom|Rillaboom, L50, F, shiny|100/100
|switch|p2b: Kommo-o|Kommo-o, L50, M, shiny|100/100
|-fieldstart|move: Grassy Terrain|[from] ability: Grassy Surge|[of] p2a: Rillaboom
|turn|1
|inactive|Battle timer is ON: inactive players will automatically lose when time's up. (requested by Ssidebraves8)
|inactive|gorgisfun has 60 seconds left.
|
|t:|1757846957
|-terastallize|p1b: Slowking|Dark
|move|p2a: Rillaboom|Fake Out|p1a: Electabuzz
|-damage|p1a: Electabuzz|83/100
|-status|p2a: Rillaboom|par|[from] ability: Static|[of] p1a: Electabuzz
|cant|p1a: Electabuzz|flinch
|move|p2b: Kommo-o|Clangorous Soul|p2b: Kommo-o
|-boost|p2b: Kommo-o|atk|1
|-boost|p2b: Kommo-o|def|1
|-boost|p2b: Kommo-o|spa|1
|-boost|p2b: Kommo-o|spd|1
|-boost|p2b: Kommo-o|spe|1
|-damage|p2b: Kommo-o|68/100
|-enditem|p2b: Kommo-o|Throat Spray
|-boost|p2b: Kommo-o|spa|1|[from] item: Throat Spray
|move|p1b: Slowking|Flamethrower|p2a: Rillaboom
|-supereffective|p2a: Rillaboom
|-damage|p2a: Rillaboom|27/100 par
|
|-heal|p2b: Kommo-o|74/100|[from] Grassy Terrain
|-heal|p1a: Electabuzz|89/100|[from] Grassy Terrain
|-heal|p2a: Rillaboom|33/100 par|[from] Grassy Terrain
|upkeep
|turn|2
|inactive|gorgisfun has 30 seconds left.
|inactive|Ssidebraves8 has 30 seconds left.
|
|t:|1757846992
|switch|p2a: Incineroar|Incineroar, L50, M, shiny|100/100
|-ability|p2a: Incineroar|Intimidate|boost
|-unboost|p1a: Electabuzz|atk|1
|-unboost|p1b: Slowking|atk|1
|move|p1a: Electabuzz|Follow Me|p1a: Electabuzz
|-singleturn|p1a: Electabuzz|move: Follow Me
|move|p2b: Kommo-o|Clanging Scales|p1a: Electabuzz|[spread] p1a,p1b
|-damage|p1a: Electabuzz|36/100
|-damage|p1b: Slowking|40/100
|-unboost|p2b: Kommo-o|def|1
|move|p1b: Slowking|Flamethrower|p2a: Incineroar
|-resisted|p2a: Incineroar
|-damage|p2a: Incineroar|92/100
|
|-heal|p2b: Kommo-o|80/100|[from] Grassy Terrain
|-heal|p1a: Electabuzz|42/100|[from] Grassy Terrain
|-heal|p2a: Incineroar|98/100|[from] Grassy Terrain
|-heal|p1b: Slowking|46/100|[from] Grassy Terrain
|-heal|p1b: Slowking|51/100|[from] item: Leftovers
|upkeep
|turn|3
|inactive|gorgisfun has 30 seconds left.
|inactive|Ssidebraves8 has 30 seconds left.
|inactive|gorgisfun has 20 seconds left.
|inactive|gorgisfun has 15 seconds left.
|inactive|gorgisfun has 10 seconds left.
|
|t:|1757847042
|switch|p1b: Sinistcha|Sinistcha-Masterpiece, L50|100/100
|-heal|p1a: Electabuzz|67/100|[from] ability: Hospitality|[of] p1b: Sinistcha
|move|p2a: Incineroar|Fake Out|p1b: Sinistcha
|-immune|p1b: Sinistcha
|move|p2b: Kommo-o|Clangorous Soul|p2b: Kommo-o
|-boost|p2b: Kommo-o|atk|1
|-boost|p2b: Kommo-o|def|1
|-boost|p2b: Kommo-o|spa|1
|-boost|p2b: Kommo-o|spd|1
|-boost|p2b: Kommo-o|spe|1
|-damage|p2b: Kommo-o|47/100
|move|p1a: Electabuzz|Taunt|p2a: Incineroar
|-start|p2a: Incineroar|move: Taunt
|
|-heal|p2b: Kommo-o|53/100|[from] Grassy Terrain
|-heal|p1a: Electabuzz|73/100|[from] Grassy Terrain
|-heal|p2a: Incineroar|100/100|[from] Grassy Terrain
|upkeep
|turn|4
|inactive|gorgisfun has 30 seconds left.
|inactive|Ssidebraves8 has 30 seconds left.
|inactive|Ssidebraves8 has 20 seconds left.
|inactive|Ssidebraves8 has 15 seconds left.
|inactive|Ssidebraves8 has 10 seconds left.
|
|t:|1757847089
|-terastallize|p2b: Kommo-o|Fire
|move|p1a: Electabuzz|Follow Me|p1a: Electabuzz
|-singleturn|p1a: Electabuzz|move: Follow Me
|move|p2b: Kommo-o|Flamethrower|p1a: Electabuzz
|-crit|p1a: Electabuzz
|-damage|p1a: Electabuzz|0 fnt
|faint|p1a: Electabuzz
|move|p1b: Sinistcha|Foul Play|p2b: Kommo-o
|-damage|p2b: Kommo-o|32/100
|move|p2a: Incineroar|U-turn|p1b: Sinistcha
|-damage|p1b: Sinistcha|76/100
|
|t:|1757847100
|switch|p2a: Sinistcha|Sinistcha, L50, shiny|100/100|[from] U-turn
|-heal|p2b: Kommo-o|57/100|[from] ability: Hospitality|[of] p2a: Sinistcha
|
|-heal|p2b: Kommo-o|63/100|[from] Grassy Terrain
|-heal|p1b: Sinistcha|82/100|[from] Grassy Terrain
|upkeep
|
|t:|1757847122
|switch|p1a: Slowking|Slowking, L50, M, tera:Dark|85/100
|turn|5
|
|t:|1757847145
|move|p2b: Kommo-o|Flamethrower|p1b: Sinistcha
|-supereffective|p1b: Sinistcha
|-damage|p1b: Sinistcha|0 fnt
|faint|p1b: Sinistcha
|move|p2a: Sinistcha|Matcha Gotcha|p1a: Slowking
|-damage|p1a: Slowking|50/100
|move|p1a: Slowking|Trick Room|p1a: Slowking
|-fieldstart|move: Trick Room|[of] p1a: Slowking
|
|-heal|p1a: Slowking|56/100|[from] Grassy Terrain
|-heal|p1a: Slowking|62/100|[from] item: Leftovers
|-heal|p2b: Kommo-o|69/100|[from] Grassy Terrain
|-fieldend|move: Grassy Terrain
|upkeep
|
|t:|1757847159
|switch|p1b: Kingambit|Kingambit, L50, M|100/100
|-activate|p1b: Kingambit|ability: Supreme Overlord
|-start|p1b: Kingambit|fallen2|[silent]
|turn|6
|
|t:|1757847179
|switch|p2a: Rillaboom|Rillaboom, L50, F, shiny|33/100 par
|-fieldstart|move: Grassy Terrain|[from] ability: Grassy Surge|[of] p2a: Rillaboom
|move|p2b: Kommo-o|Protect|p2b: Kommo-o
|-singleturn|p2b: Kommo-o|Protect
|move|p1b: Kingambit|Sucker Punch||[still]
|-fail|p1b: Kingambit
|move|p1a: Slowking|Scald|p2b: Kommo-o
|-activate|p2b: Kommo-o|move: Protect
|
|-heal|p1a: Slowking|68/100|[from] Grassy Terrain
|-heal|p1a: Slowking|74/100|[from] item: Leftovers
|-heal|p2a: Rillaboom|39/100 par|[from] Grassy Terrain
|-heal|p2b: Kommo-o|75/100|[from] Grassy Terrain
|upkeep
|turn|7
|
|t:|1757847204
|switch|p2a: Sinistcha|Sinistcha, L50, shiny|100/100
|-heal|p2b: Kommo-o|99/100|[from] ability: Hospitality|[of] p2a: Sinistcha
|move|p1b: Kingambit|Protect|p1b: Kingambit
|-singleturn|p1b: Kingambit|Protect
|move|p1a: Slowking|Scald|p2b: Kommo-o
|-supereffective|p2b: Kommo-o
|-damage|p2b: Kommo-o|57/100
|move|p2b: Kommo-o|Flamethrower|p1b: Kingambit
|-activate|p1b: Kingambit|move: Protect
|
|-heal|p1a: Slowking|80/100|[from] Grassy Terrain
|-heal|p1a: Slowking|86/100|[from] item: Leftovers
|-heal|p2b: Kommo-o|63/100|[from] Grassy Terrain
|upkeep
|turn|8
|inactive|gorgisfun has 30 seconds left.
|
|t:|1757847233
|move|p2a: Sinistcha|Rage Powder|p2a: Sinistcha
|-singleturn|p2a: Sinistcha|move: Rage Powder
|move|p1a: Slowking|Scald|p2a: Sinistcha
|-resisted|p2a: Sinistcha
|-damage|p2a: Sinistcha|78/100
|move|p1b: Kingambit|Kowtow Cleave|p2a: Sinistcha
|-supereffective|p2a: Sinistcha
|-crit|p2a: Sinistcha
|-damage|p2a: Sinistcha|0 fnt
|faint|p2a: Sinistcha
|-damage|p1b: Kingambit|91/100|[from] item: Life Orb
|move|p2b: Kommo-o|Flamethrower|p1b: Kingambit
|-supereffective|p1b: Kingambit
|-damage|p1b: Kingambit|0 fnt
|faint|p1b: Kingambit
|-end|p1b: Kingambit|fallen2|[silent]
|
|-heal|p1a: Slowking|92/100|[from] Grassy Terrain
|-heal|p1a: Slowking|98/100|[from] item: Leftovers
|-heal|p2b: Kommo-o|69/100|[from] Grassy Terrain
|upkeep
|inactive|Ssidebraves8 has 30 seconds left.
|
|t:|1757847263
|switch|p2a: Incineroar|Incineroar, L50, M, shiny|100/100
|-ability|p2a: Incineroar|Intimidate|boost
|-unboost|p1a: Slowking|atk|1
|turn|9
|-message|gorgisfun forfeited.
|
|win|Ssidebraves8
|l|☆gorgisfun
|player|p1|
||Ssidebraves8 is ready for game 2.
||gorgisfun is ready for game 2.
|uhtml|next|Next: Game 2 of 3
