|j|☆Glimme
|j|☆wan tun
|html|Glimmewan tun    
|uhtml|bestof|Game 1 of a best-of-3
|t:|1782988999
|gametype|doubles
|player|p1|Glimme|li|1344
|player|p2|wan tun|266|1428
|gen|9
|tier|[Gen 9 Champions] VGC 2026 Reg M-B (Bo3)
|rated|
|rule|Species Clause: Limit one of each Pokémon
|rule|Item Clause: Limit 1 of each item
|clearpoke
|poke|p1|Charizard, L50, M, shiny|
|poke|p1|Farigiraf, L50, M, shiny|
|poke|p1|Kingambit, L50, M, shiny|
|poke|p1|Sylveon, L50, M, shiny|
|poke|p1|Aerodactyl, L50, M, shiny|
|poke|p1|Garchomp, L50, M, shiny|
|poke|p2|Charizard, L50, F|
|poke|p2|Aerodactyl, L50, M|
|poke|p2|Kingambit, L50, M|
|poke|p2|Farigiraf, L50, F|
|poke|p2|Sylveon, L50, F|
|poke|p2|Garchomp, L50, M|
|teampreview|4
|showteam|p1|Charizard||CharizarditeY|SolarPower|Protect,WeatherBall,HeatWave,SolarBeam|Modest||M|||50|]Farigiraf||ExpertBelt|ArmorTail|HelpingHand,TwinBeam,Thunderbolt,TrickRoom|Bold||M|||50|]Kingambit||FocusSash|Defiant|KowtowCleave,SuckerPunch,IronHead,LowKick|Adamant||M|||50|]Sylveon||FairyFeather|Pixilate|Detect,HyperVoice,HyperBeam,QuickAttack|Modest||M|||50|]Aerodactyl||Aerodactylite|Unnerve|IceFang,RockSlide,DualWingbeat,Tailwind|Jolly||M|||50|]Garchomp||LifeOrb|RoughSkin|Protect,RockSlide,DragonClaw,Earthquake|Adamant||M|||50|
|showteam|p2|Charizard||CharizarditeY|SolarPower|HeatWave,SolarBeam,WeatherBall,Protect|Modest||F|||50|]Aerodactyl||Aerodactylite|Unnerve|RockSlide,IceFang,DualWingbeat,Tailwind|Jolly||M|||50|]Kingambit||FocusSash|Defiant|KowtowCleave,IronHead,SuckerPunch,LowKick|Adamant||M|||50|]Farigiraf||SitrusBerry|ArmorTail|Psychic,Thunderbolt,TrickRoom,Roar|Relaxed||F|||50|]Sylveon||FairyFeather|Pixilate|HyperVoice,QuickAttack,HyperBeam,Protect|Modest||F|||50|]Garchomp||LifeOrb|RoughSkin|Earthquake,DragonClaw,StompingTantrum,Protect|Jolly||M|||50|
|inactive|Battle timer is ON: inactive players will automatically lose when time's up. (requested by Glimme)
|c|☆Glimme|bro always bro, i played 5 teams differents but if i use this bullshit of meta team, mirror
|inactive|Glimme has 60 seconds left.
|
|t:|1782989045
|teamsize|p1|4
|teamsize|p2|4
|start
|switch|p1a: Aerodactyl|Aerodactyl, L50, M, shiny|100/100
|switch|p1b: Kingambit|Kingambit, L50, M, shiny|100/100
|switch|p2a: Aerodactyl|Aerodactyl, L50, M|100/100
|switch|p2b: Kingambit|Kingambit, L50, M|100/100
|-ability|p2a: Aerodactyl|Unnerve
|-ability|p1a: Aerodactyl|Unnerve
|turn|1
|
|t:|1782989051
|detailschange|p2a: Aerodactyl|Aerodactyl-Mega, L50, M
|-mega|p2a: Aerodactyl|Aerodactyl|Aerodactylite
|detailschange|p1a: Aerodactyl|Aerodactyl-Mega, L50, M, shiny
|-mega|p1a: Aerodactyl|Aerodactyl|Aerodactylite
|move|p1a: Aerodactyl|Rock Slide|p2a: Aerodactyl|[spread] p2a,p2b
|-supereffective|p2a: Aerodactyl|1
|-resisted|p2b: Kingambit|1
|-damage|p2a: Aerodactyl|42/100
|-damage|p2b: Kingambit|89/100
|move|p2a: Aerodactyl|Tailwind|p2a: Aerodactyl
|-sidestart|p2: wan tun|move: Tailwind
|move|p2b: Kingambit|Iron Head|p1a: Aerodactyl
|-supereffective|p1a: Aerodactyl|1
|-damage|p1a: Aerodactyl|0 fnt
|faint|p1a: Aerodactyl
|move|p1b: Kingambit|Low Kick|p2b: Kingambit
|-supereffective|p2b: Kingambit|2
|-damage|p2b: Kingambit|0 fnt
|faint|p2b: Kingambit
|
|upkeep
|c|☆Glimme|speed ties
|inactive|wan tun has 30 seconds left.
|inactive|wan tun has 20 seconds left.
|inactive|wan tun has 15 seconds left.
|inactive|wan tun has 10 seconds left.
|c|☆Glimme|and is funny
|inactive|wan tun has 5 seconds left.
|
|t:|1782989103
|switch|p1a: Sylveon|Sylveon, L50, M, shiny|100/100
|switch|p2b: Sylveon|Sylveon, L50, F|100/100
|turn|2
|c|☆Glimme|the people say: this reg is different... jajajajajaja where?!
|
|t:|1782989127
|move|p1b: Kingambit|Sucker Punch|p2a: Aerodactyl
|-damage|p2a: Aerodactyl|0 fnt
|faint|p2a: Aerodactyl
|move|p2b: Sylveon|Hyper Voice|p1a: Sylveon|[spread] p1a,p1b
|-damage|p1a: Sylveon|64/100
|-damage|p1b: Kingambit|52/100
|move|p1a: Sylveon|Hyper Voice|p2b: Sylveon
|-damage|p2b: Sylveon|43/100
|
|upkeep
|
|t:|1782989130
|switch|p2a: Garchomp|Garchomp, L50, M|100/100
|turn|3
|l|☆wan tun
|inactive|wan tun disconnected and has a minute to reconnect!
|player|p2|
|inactive|Glimme has 30 seconds left.
|inactive|wan tun has 30 seconds left.
|inactive|wan tun has 20 seconds left.
|inactive|wan tun has 15 seconds left.
|inactive|wan tun has 10 seconds left.
|j|☆wan tun
|inactive|wan tun reconnected and has 10 seconds left.
|player|p2|wan tun|266|
|
|t:|1782989178
|move|p2b: Sylveon|Protect|p2b: Sylveon
|-singleturn|p2b: Sylveon|Protect
|move|p1b: Kingambit|Sucker Punch|p2a: Garchomp
|-damage|p2a: Garchomp|60/100
|-damage|p1b: Kingambit|40/100|[from] ability: Rough Skin|[of] p2a: Garchomp
|move|p1a: Sylveon|Quick Attack|p2a: Garchomp
|-supereffective|p2a: Garchomp|1
|-damage|p2a: Garchomp|39/100
|-damage|p1a: Sylveon|52/100|[from] ability: Rough Skin|[of] p2a: Garchomp
|move|p2a: Garchomp|Earthquake|p1a: Sylveon|[spread] p1a,p1b
|-activate|p2b: Sylveon|move: Protect
|-supereffective|p1b: Kingambit|1
|-damage|p1a: Sylveon|0 fnt
|-damage|p1b: Kingambit|0 fnt
|faint|p1a: Sylveon
|faint|p1b: Kingambit
|-damage|p2a: Garchomp|29/100|[from] item: Life Orb
|
|upkeep
|inactiveoff|Battle timer is now OFF.
|
|t:|1782989183
|switch|p1a: Garchomp|Garchomp, L50, M, shiny|100/100
|turn|4
|
|t:|1782989186
|move|p1a: Garchomp|Protect|p1a: Garchomp
|-singleturn|p1a: Garchomp|Protect
|move|p2a: Garchomp|Dragon Claw|p1a: Garchomp
|-activate|p1a: Garchomp|move: Protect
|move|p2b: Sylveon|Hyper Voice|p1a: Garchomp
|-activate|p1a: Garchomp|move: Protect
|
|-sideend|p2: wan tun|move: Tailwind
|upkeep
|turn|5
|
|t:|1782989199
|move|p2a: Garchomp|Dragon Claw|p1a: Garchomp
|-supereffective|p1a: Garchomp|1
|-damage|p1a: Garchomp|16/100
|-damage|p2a: Garchomp|17/100|[from] ability: Rough Skin|[of] p1a: Garchomp
|-damage|p2a: Garchomp|7/100|[from] item: Life Orb
|move|p1a: Garchomp|Earthquake|p2a: Garchomp|[spread] p2a,p2b
|-damage|p2a: Garchomp|0 fnt
|-damage|p2b: Sylveon|0 fnt
|faint|p2a: Garchomp
|faint|p2b: Sylveon
|-damage|p1a: Garchomp|7/100|[from] item: Life Orb
|
|win|Glimme
