|j|‽RocksDT
|j|☆Felixavi
|html|RocksDTFelixavi    
|uhtml|bestof|Game 2 of a best-of-3
|t:|1784292151
|gametype|doubles
|player|p1|RocksDT|1|1103
|player|p2|Felixavi|giovanni|1041
|gen|9
|tier|[Gen 9 Champions] VGC 2026 Reg M-B (Bo3)
|rated|
|rule|Species Clause: Limit one of each Pokémon
|rule|Item Clause: Limit 1 of each item
|clearpoke
|poke|p1|Pelipper, L50, M|
|poke|p1|Swampert, L50, M|
|poke|p1|Archaludon, L50, M|
|poke|p1|Hydreigon, L50, M|
|poke|p1|Grimmsnarl, L50, M|
|poke|p1|Venusaur, L50, F|
|poke|p2|Garchomp, L50, F|
|poke|p2|Delphox, L50, F|
|poke|p2|Sinistcha, L50|
|poke|p2|Whimsicott, L50, F|
|poke|p2|Toxapex, L50, F|
|poke|p2|Grimmsnarl, L50, M|
|teampreview|4
|showteam|p1|Pelipper||WacanBerry|Drizzle|Hurricane,Tailwind,WeatherBall,WideGuard|Timid||M|||50|]Swampert||Swampertite|Damp|Liquidation,Earthquake,Protect,IcePunch|Adamant||M|||50|]Archaludon||Leftovers|Stamina|Protect,ElectroShot,SteelBeam,DragonPulse|Modest||M|||50|]Hydreigon||ChoiceScarf|Levitate|Uturn,DarkPulse,Snarl,DracoMeteor|Timid||M|||50|]Grimmsnarl||LightClay|Prankster|LightScreen,Reflect,SpiritBreak,PartingShot|Adamant||M|||50|]Venusaur||Venusaurite|Chlorophyll|Protect,GigaDrain,SludgeBomb,EarthPower|Modest||F|||50|
|showteam|p2|Garchomp||LifeOrb|RoughSkin|Earthquake,RockSlide,DragonClaw,Protect|Adamant||F|||50|]Delphox||Delphoxite|Blaze|Protect,HeatWave,Psyshock,NastyPlot|Bold||F|||50|]Sinistcha||SitrusBerry|Hospitality|TrickRoom,MatchaGotcha,RagePowder,Protect|Bold|||||50|]Whimsicott||FocusSash|Prankster|Tailwind,SunnyDay,Moonblast,Protect|Modest||F|||50|]Toxapex||Leftovers|Regenerator|Toxic,Infestation,BanefulBunker,PainSplit|Bold||F|||50|]Grimmsnarl||LightClay|Prankster|PartingShot,LightScreen,Reflect,FakeOut|Careful||M|||50|
|j| Lidorkork
|
|t:|1784292236
|teamsize|p1|4
|teamsize|p2|4
|start
|switch|p1a: Grimmsnarl|Grimmsnarl, L50, M|100/100
|switch|p1b: Hydreigon|Hydreigon, L50, M|100/100
|switch|p2a: Delphox|Delphox, L50, F|100/100
|switch|p2b: Whimsicott|Whimsicott, L50, F|100/100
|turn|1
|
|t:|1784292279
|move|p2a: Delphox|Protect|p2a: Delphox
|-singleturn|p2a: Delphox|Protect
|move|p1a: Grimmsnarl|Light Screen|p1a: Grimmsnarl
|-sidestart|p1: RocksDT|move: Light Screen
|move|p1b: Hydreigon|U-turn|p2b: Whimsicott
|-damage|p2b: Whimsicott|80/100
|
|t:|1784292299
|switch|p1b: Venusaur|Venusaur, L50, F|100/100|[from] U-turn
|move|p2b: Whimsicott|Moonblast|p1b: Venusaur
|-resisted|p1b: Venusaur|1
|-damage|p1b: Venusaur|85/100
|
|upkeep
|turn|2
|
|t:|1784292334
|switch|p2b: Garchomp|Garchomp, L50, F|100/100
|detailschange|p1b: Venusaur|Venusaur-Mega, L50, F
|-mega|p1b: Venusaur|Venusaur|Venusaurite
|detailschange|p2a: Delphox|Delphox-Mega, L50, F
|-mega|p2a: Delphox|Delphox|Delphoxite
|move|p1a: Grimmsnarl|Parting Shot|p2a: Delphox
|-unboost|p2a: Delphox|atk|1
|-unboost|p2a: Delphox|spa|1
|
|t:|1784292363
|switch|p1a: Hydreigon|Hydreigon, L50, M|100/100|[from] Parting Shot
|move|p2a: Delphox|Nasty Plot|p2a: Delphox
|-boost|p2a: Delphox|spa|2
|move|p1b: Venusaur|Sludge Bomb|p2b: Garchomp
|-resisted|p2b: Garchomp|1
|-crit|p2b: Garchomp
|-damage|p2b: Garchomp|57/100
|
|upkeep
|turn|3
|
|t:|1784292404
|switch|p2b: Whimsicott|Whimsicott, L50, F|80/100
|switch|p1b: Pelipper|Pelipper, L50, M|100/100
|-weather|RainDance|[from] ability: Drizzle|[of] p1b: Pelipper
|move|p1a: Hydreigon|Draco Meteor|p2b: Whimsicott
|-immune|p2b: Whimsicott
|move|p2a: Delphox|Psyshock|p1b: Pelipper
|-damage|p1b: Pelipper|59/100
|
|-weather|RainDance|[upkeep]
|upkeep
|turn|4
|
|t:|1784292457
|switch|p1a: Venusaur|Venusaur-Mega, L50, F|85/100
|move|p2a: Delphox|Psyshock|p1a: Venusaur
|-supereffective|p1a: Venusaur|1
|-damage|p1a: Venusaur|3/100
|move|p2b: Whimsicott|Moonblast|p1b: Pelipper
|-damage|p1b: Pelipper|23/100
|-unboost|p1b: Pelipper|spa|1
|move|p1b: Pelipper|Weather Ball|p2a: Delphox
|-supereffective|p2a: Delphox|1
|-damage|p2a: Delphox|43/100
|
|-weather|RainDance|[upkeep]
|upkeep
|turn|5
|inactive|Battle timer is ON: inactive players will automatically lose when time's up. (requested by RocksDT)
|
|t:|1784292481
|move|p1a: Venusaur|Protect|p1a: Venusaur
|-singleturn|p1a: Venusaur|Protect
|move|p2a: Delphox|Nasty Plot|p2a: Delphox
|-boost|p2a: Delphox|spa|2
|move|p2b: Whimsicott|Moonblast|p1b: Pelipper
|-damage|p1b: Pelipper|0 fnt
|faint|p1b: Pelipper
|
|-weather|RainDance|[upkeep]
|upkeep
|
|t:|1784292494
|switch|p1b: Hydreigon|Hydreigon, L50, M|100/100
|turn|6
|inactive|RocksDT has 30 seconds left.
|
|t:|1784292526
|switch|p2b: Sinistcha|Sinistcha, L50|100/100
|-heal|p2a: Delphox|68/100|[from] ability: Hospitality|[of] p2b: Sinistcha
|move|p1b: Hydreigon|U-turn|p2b: Sinistcha
|-damage|p2b: Sinistcha|85/100
|
|t:|1784292531
|switch|p1b: Grimmsnarl|Grimmsnarl, L50, M|100/100|[from] U-turn
|move|p2a: Delphox|Heat Wave|p1a: Venusaur|[spread] p1a,p1b
|-supereffective|p1a: Venusaur|1
|-damage|p1a: Venusaur|0 fnt
|-damage|p1b: Grimmsnarl|65/100
|faint|p1a: Venusaur
|
|-weather|RainDance|[upkeep]
|upkeep
|
|t:|1784292539
|switch|p1a: Hydreigon|Hydreigon, L50, M|100/100
|turn|7
|
|t:|1784292556
|move|p2a: Delphox|Protect|p2a: Delphox
|-singleturn|p2a: Delphox|Protect
|move|p2b: Sinistcha|Protect|p2b: Sinistcha
|-singleturn|p2b: Sinistcha|Protect
|move|p1a: Hydreigon|Dark Pulse|p2a: Delphox
|-activate|p2a: Delphox|move: Protect
|move|p1b: Grimmsnarl|Spirit Break|p2b: Sinistcha
|-activate|p2b: Sinistcha|move: Protect
|
|-weather|none
|upkeep
|turn|8
|
|t:|1784292578
|move|p2b: Sinistcha|Rage Powder|p2b: Sinistcha
|-singleturn|p2b: Sinistcha|move: Rage Powder
|move|p1b: Grimmsnarl|Parting Shot|p2b: Sinistcha
|-unboost|p2b: Sinistcha|atk|1
|-unboost|p2b: Sinistcha|spa|1
|move|p1a: Hydreigon|Dark Pulse|p2b: Sinistcha
|-supereffective|p2b: Sinistcha|1
|-damage|p2b: Sinistcha|11/100
|-enditem|p2b: Sinistcha|Sitrus Berry|[eat]
|-heal|p2b: Sinistcha|36/100|[from] item: Sitrus Berry
|move|p2a: Delphox|Heat Wave|p1b: Grimmsnarl|[spread] p1a,p1b
|-resisted|p1a: Hydreigon|1
|-damage|p1a: Hydreigon|63/100
|-damage|p1b: Grimmsnarl|0 fnt
|-status|p1a: Hydreigon|brn
|faint|p1b: Grimmsnarl
|
|-damage|p1a: Hydreigon|57/100 brn|[from] brn
|-sideend|p1: RocksDT|move: Light Screen
|upkeep
|turn|9
|inactive|RocksDT has 30 seconds left.
|
|t:|1784292612
|move|p2b: Sinistcha|Rage Powder|p2b: Sinistcha
|-singleturn|p2b: Sinistcha|move: Rage Powder
|move|p1a: Hydreigon|Dark Pulse|p2b: Sinistcha
|-supereffective|p2b: Sinistcha|1
|-damage|p2b: Sinistcha|0 fnt
|faint|p2b: Sinistcha
|move|p2a: Delphox|Heat Wave|p1a: Hydreigon
|-resisted|p1a: Hydreigon|1
|-damage|p1a: Hydreigon|0 fnt
|faint|p1a: Hydreigon
|
|win|Felixavi
|raw|RocksDT's rating: 1103 → 1074(-29 for losing)
|raw|Felixavi's rating: 1041 → 1081(+40 for winning)
