|j|☆itsclaudio22
|j|☆new mental
|html|itsclaudio22new mental    
|uhtml|bestof|Game 3 of a best-of-3
|t:|1783853917
|gametype|doubles
|player|p1|itsclaudio22|266|1179
|player|p2|new mental|volkner|1221
|gen|9
|tier|[Gen 9 Champions] VGC 2026 Reg M-B (Bo3)
|rated|
|rule|Species Clause: Limit one of each Pokémon
|rule|Item Clause: Limit 1 of each item
|clearpoke
|poke|p1|Garchomp, L50, F|
|poke|p1|Whimsicott, L50, M|
|poke|p1|Metagross, L50|
|poke|p1|Staraptor, L50, F|
|poke|p1|Ceruledge, L50, M|
|poke|p1|Farigiraf, L50, M|
|poke|p2|Charizard, L50, F|
|poke|p2|Kingambit, L50, F|
|poke|p2|Sylveon, L50, M|
|poke|p2|Garchomp, L50, M|
|poke|p2|Aerodactyl, L50, F|
|poke|p2|Farigiraf, L50, M|
|teampreview|4
|showteam|p1|Garchomp||LifeOrb|RoughSkin|DragonClaw,StompingTantrum,RockSlide,Protect|Jolly||F|||50|]Whimsicott||FocusSash|Prankster|Tailwind,Moonblast,Charm,Encore|Timid||M|||50|]Metagross||Metagrossite|ClearBody|IronDefense,PsychicFangs,StompingTantrum,Protect|Adamant|||||50|]Staraptor||Staraptite|Intimidate|CloseCombat,BraveBird,Roost,Protect|Jolly||F|||50|]Ceruledge||ColburBerry|FlashFire|BitterBlade,ShadowSneak,BulkUp,Protect|Adamant||M|||50|]Farigiraf||SitrusBerry|ArmorTail|Psychic,Thunderbolt,TrickRoom,HelpingHand|Calm||M|||50|
|showteam|p2|Charizard||CharizarditeY|SolarPower|Protect,HeatWave,SolarBeam,WeatherBall|Modest||F|||50|]Kingambit||FocusSash|Defiant|IronHead,SuckerPunch,KowtowCleave,LowKick|Adamant||F|||50|]Sylveon||FairyFeather|Pixilate|Detect,HyperVoice,HyperBeam,QuickAttack|Modest||M|||50|]Garchomp||LifeOrb|RoughSkin|Protect,DragonClaw,Earthquake,RockSlide|Jolly||M|||50|]Aerodactyl||Aerodactylite|Unnerve|IceFang,RockSlide,Tailwind,DualWingbeat|Jolly||F|||50|]Farigiraf||SitrusBerry|ArmorTail|TrickRoom,Psychic,Thunderbolt,Roar|Bold||M|||50|
|inactive|Battle timer is ON: inactive players will automatically lose when time's up. (requested by itsclaudio22)
|inactive|itsclaudio22 has 60 seconds left.
|inactive|itsclaudio22 has 30 seconds left.
|
|t:|1783853984
|teamsize|p1|4
|teamsize|p2|4
|start
|switch|p1a: Whimsicott|Whimsicott, L50, M|100/100
|switch|p1b: Garchomp|Garchomp, L50, F|100/100
|switch|p2a: Aerodactyl|Aerodactyl, L50, F|100/100
|switch|p2b: Sylveon|Sylveon, L50, M|100/100
|-ability|p2a: Aerodactyl|Unnerve
|turn|1
|inactive|new mental has 30 seconds left.
|
|t:|1783854017
|switch|p1b: Ceruledge|Ceruledge, L50, M|100/100
|detailschange|p2a: Aerodactyl|Aerodactyl-Mega, L50, F
|-mega|p2a: Aerodactyl|Aerodactyl|Aerodactylite
|move|p1a: Whimsicott|Charm|p2a: Aerodactyl
|-unboost|p2a: Aerodactyl|atk|2
|move|p2a: Aerodactyl|Dual Wingbeat|p1a: Whimsicott
|-supereffective|p1a: Whimsicott|1
|-damage|p1a: Whimsicott|60/100
|-supereffective|p1a: Whimsicott|1
|-damage|p1a: Whimsicott|25/100
|-hitcount|p1a: Whimsicott|2
|move|p2b: Sylveon|Hyper Voice|p1b: Ceruledge|[spread] p1a,p1b
|-resisted|p1b: Ceruledge|1
|-damage|p1a: Whimsicott|0 fnt
|-damage|p1b: Ceruledge|78/100
|faint|p1a: Whimsicott
|
|upkeep
|
|t:|1783854033
|switch|p1a: Staraptor|Staraptor, L50, F|100/100
|-ability|p1a: Staraptor|Intimidate|boost
|-unboost|p2a: Aerodactyl|atk|1
|-unboost|p2b: Sylveon|atk|1
|turn|2
|
|t:|1783854044
|detailschange|p1a: Staraptor|Staraptor-Mega, L50, F
|-mega|p1a: Staraptor|Staraptor|Staraptite
|move|p1a: Staraptor|Protect|p1a: Staraptor
|-singleturn|p1a: Staraptor|Protect
|move|p2a: Aerodactyl|Tailwind|p2a: Aerodactyl
|-sidestart|p2: new mental|move: Tailwind
|move|p2b: Sylveon|Hyper Voice|p1b: Ceruledge|[spread] p1b
|-activate|p1a: Staraptor|move: Protect
|-resisted|p1b: Ceruledge|1
|-damage|p1b: Ceruledge|57/100
|move|p1b: Ceruledge|Bulk Up|p1b: Ceruledge
|-boost|p1b: Ceruledge|atk|1
|-boost|p1b: Ceruledge|def|1
|
|upkeep
|turn|3
|
|t:|1783854061
|switch|p2a: Garchomp|Garchomp, L50, M|100/100
|move|p2b: Sylveon|Detect|p2b: Sylveon
|-singleturn|p2b: Sylveon|Protect
|move|p1a: Staraptor|Close Combat|p2a: Garchomp
|-damage|p2a: Garchomp|42/100
|-boost|p1a: Staraptor|def|1
|-boost|p1a: Staraptor|spd|1
|-damage|p1a: Staraptor|87/100|[from] ability: Rough Skin|[of] p2a: Garchomp
|move|p1b: Ceruledge|Bitter Blade|p2b: Sylveon
|-activate|p2b: Sylveon|move: Protect
|
|upkeep
|turn|4
|inactive|itsclaudio22 has 30 seconds left.
|inactive|new mental has 30 seconds left.
|
|t:|1783854089
|move|p1b: Ceruledge|Protect|p1b: Ceruledge
|-singleturn|p1b: Ceruledge|Protect
|move|p2a: Garchomp|Dragon Claw|p1b: Ceruledge
|-activate|p1b: Ceruledge|move: Protect
|move|p2b: Sylveon|Hyper Beam|p1a: Staraptor
|-supereffective|p1a: Staraptor|1
|-damage|p1a: Staraptor|0 fnt
|-mustrecharge|p2b: Sylveon
|faint|p1a: Staraptor
|
|upkeep
|
|t:|1783854098
|switch|p1a: Garchomp|Garchomp, L50, F|100/100
|turn|5
|
|t:|1783854103
|move|p1a: Garchomp|Protect|p1a: Garchomp
|-singleturn|p1a: Garchomp|Protect
|move|p2a: Garchomp|Earthquake|p1b: Ceruledge|[spread] p2b,p1b
|-activate|p1a: Garchomp|move: Protect
|-supereffective|p1b: Ceruledge|1
|-damage|p2b: Sylveon|45/100
|-damage|p1b: Ceruledge|0 fnt
|faint|p1b: Ceruledge
|-damage|p2a: Garchomp|32/100|[from] item: Life Orb
|cant|p2b: Sylveon|recharge
|
|-sideend|p2: new mental|move: Tailwind
|upkeep
|turn|6
|c|☆itsclaudio22|ggs
|
|t:|1783854117
|move|p2b: Sylveon|Detect|p2b: Sylveon
|-singleturn|p2b: Sylveon|Protect
|move|p1a: Garchomp|Dragon Claw|p2a: Garchomp
|-supereffective|p2a: Garchomp|1
|-damage|p2a: Garchomp|0 fnt
|-damage|p1a: Garchomp|87/100|[from] ability: Rough Skin|[of] p2a: Garchomp
|faint|p2a: Garchomp
|-damage|p1a: Garchomp|77/100|[from] item: Life Orb
|
|upkeep
|
|t:|1783854121
|switch|p2a: Aerodactyl|Aerodactyl-Mega, L50, F|100/100
|turn|7
|c|☆new mental|gg
|
|t:|1783854128
|move|p2a: Aerodactyl|Tailwind|p2a: Aerodactyl
|-sidestart|p2: new mental|move: Tailwind
|move|p2b: Sylveon|Hyper Voice|p1a: Garchomp
|-supereffective|p1a: Garchomp|1
|-damage|p1a: Garchomp|0 fnt
|faint|p1a: Garchomp
|
|win|new mental
|raw|itsclaudio22's rating: 1179 → 1157(-22 for losing)
|raw|new mental's rating: 1221 → 1243(+22 for winning)
|l|☆itsclaudio22
|player|p1|
