|j|☆LetThatSizzleSpeak
|j|☆void25o
|html|LetThatSizzleSpeakvoid25o    
|uhtml|bestof|Game 2 of a best-of-3
|t:|1757817111
|gametype|doubles
|player|p1|LetThatSizzleSpeak|hiker-gen4|1221
|player|p2|void25o|miku-ghost|1353
|gen|9
|tier|[Gen 9] VGC 2025 Reg H (Bo3)
|rated|
|rule|Species Clause: Limit one of each Pokémon
|rule|Item Clause: Limit 1 of each item
|clearpoke
|poke|p1|Lilligant-Hisui, L50, F|
|poke|p1|Sylveon, L50, M|
|poke|p1|Indeedee-F, L50, F|
|poke|p1|Torkoal, L50, M|
|poke|p1|Tatsugiri-Droopy, L50, M|
|poke|p1|Dondozo, L50, F|
|poke|p2|Volcarona, L50, M|
|poke|p2|Indeedee, L50, M|
|poke|p2|Sneasler, L50, M|
|poke|p2|Amoonguss, L50, M|
|poke|p2|Tyranitar, L50, M|
|poke|p2|Dragonite, L50, F|
|teampreview|4
|showteam|p1|Lilligant-Hisui||FocusSash|Chlorophyll|AfterYou,SolarBlade,CloseCombat,SleepPowder|||F|||50|,,,,,Ghost]Sylveon||ChoiceSpecs|Pixilate|HyperVoice,HyperBeam,TeraBlast,ShadowBall|||M|||50|,,,,,Fire]Indeedee-F||SafetyGoggles|PsychicSurge|Psychic,FollowMe,TrickRoom,Protect|||F|||50|,,,,,Normal]Torkoal||Charcoal|Drought|Eruption,WeatherBall,EarthPower,Protect|||M|||50|,,,,,Fire]Tatsugiri-Droopy||ChoiceScarf|Commander|IcyWind,MuddyWater,DracoMeteor,TeraBlast|||M|||50|,,,,,Fire]Dondozo||Leftovers|Unaware|OrderUp,Earthquake,BodyPress,Protect|||F|||50|,,,,,Grass
|showteam|p2|Volcarona||SafetyGoggles|FlameBody|HeatWave,TeraBlast,QuiverDance,Protect|||M|||50|,,,,,Fairy]Indeedee||FocusSash|PsychicSurge|ExpandingForce,TeraBlast,Imprison,TrickRoom|||M|||50|,,,,,Psychic]Sneasler||PsychicSeed|Unburden|CloseCombat,DireClaw,ThroatChop,Protect|||M|||50|,,,,,Dark]Amoonguss||RockyHelmet|Regenerator|PollenPuff,Spore,RagePowder,Protect|||M|||50|,,,,,Fairy]Tyranitar||AssaultVest|SandStream|KnockOff,RockSlide,TeraBlast,LowKick|||M|||50|,,,,,Flying]Dragonite||LoadedDice|InnerFocus|ScaleShot,Haze,Tailwind,Protect|||F|||50|,,,,,Fairy
|inactive|Battle timer is ON: inactive players will automatically lose when time's up. (requested by void25o)
|j| jeanryupr
|
|t:|1757817137
|teamsize|p1|4
|teamsize|p2|4
|start
|switch|p1a: Sylveon|Sylveon, L50, M|100/100
|switch|p1b: Lilligant|Lilligant-Hisui, L50, F|100/100
|switch|p2a: Dragonite|Dragonite, L50, F|100/100
|switch|p2b: Magellan|Sneasler, L50, M|100/100
|turn|1
|inactive|LetThatSizzleSpeak has 30 seconds left.
|inactive|void25o has 30 seconds left.
|inactive|LetThatSizzleSpeak has 20 seconds left.
|
|t:|1757817174
|-terastallize|p1a: Sylveon|Fire
|move|p2b: Magellan|Protect|p2b: Magellan
|-singleturn|p2b: Magellan|Protect
|move|p2a: Dragonite|Protect|p2a: Dragonite
|-singleturn|p2a: Dragonite|Protect
|move|p1b: Lilligant|Sleep Powder|p2a: Dragonite
|-activate|p2a: Dragonite|move: Protect
|move|p1a: Sylveon|Hyper Voice|p2a: Dragonite|[spread] 
|-activate|p2a: Dragonite|move: Protect
|-activate|p2b: Magellan|move: Protect
|
|upkeep
|turn|2
|inactive|void25o has 30 seconds left.
|
|t:|1757817200
|-terastallize|p2a: Dragonite|Fairy
|move|p2b: Magellan|Dire Claw|p1b: Lilligant
|-supereffective|p1b: Lilligant
|-enditem|p1b: Lilligant|Focus Sash
|-damage|p1b: Lilligant|1/100
|-status|p1b: Lilligant|slp
|cant|p1b: Lilligant|slp
|move|p2a: Dragonite|Scale Shot|p1a: Sylveon
|-damage|p1a: Sylveon|85/100
|-damage|p1a: Sylveon|68/100
|-damage|p1a: Sylveon|53/100
|-damage|p1a: Sylveon|37/100
|-hitcount|p1a: Sylveon|4
|-unboost|p2a: Dragonite|def|1
|-boost|p2a: Dragonite|spe|1
|move|p1a: Sylveon|Hyper Voice|p2a: Dragonite|[spread] p2a,p2b
|-damage|p2a: Dragonite|41/100
|-damage|p2b: Magellan|25/100
|
|upkeep
|turn|3
|inactive|LetThatSizzleSpeak has 30 seconds left.
|
|t:|1757817226
|move|p2a: Dragonite|Scale Shot|p1a: Sylveon
|-damage|p1a: Sylveon|22/100
|-damage|p1a: Sylveon|7/100
|-damage|p1a: Sylveon|0 fnt
|faint|p1a: Sylveon
|-hitcount|p1: Sylveon|3
|-unboost|p2a: Dragonite|def|1
|-boost|p2a: Dragonite|spe|1
|move|p2b: Magellan|Dire Claw|p1b: Lilligant
|-supereffective|p1b: Lilligant
|-damage|p1b: Lilligant|0 fnt
|faint|p1b: Lilligant
|
|upkeep
|
|t:|1757817240
|switch|p1b: Dondozo|Dondozo, L50, F|100/100
|switch|p1a: Tatsugiri|Tatsugiri-Droopy, L50, M|100/100
|-activate|p1a: Tatsugiri|ability: Commander|[of] p1b: Dondozo
|-boost|p1b: Dondozo|atk|2
|-boost|p1b: Dondozo|spa|2
|-boost|p1b: Dondozo|spe|2
|-boost|p1b: Dondozo|def|2
|-boost|p1b: Dondozo|spd|2
|turn|4
|
|t:|1757817251
|move|p2a: Dragonite|Haze|p2a: Dragonite
|-clearallboost
|move|p2b: Magellan|Dire Claw|p1b: Dondozo
|-damage|p1b: Dondozo|77/100
|move|p1b: Dondozo|Order Up|p2b: Magellan
|-damage|p2b: Magellan|0 fnt
|faint|p2b: Magellan
|-boost|p1b: Dondozo|def|1
|
|-heal|p1b: Dondozo|83/100|[from] item: Leftovers
|upkeep
|l| jeanryupr
|
|t:|1757817257
|switch|p2b: Shyarly|Indeedee, L50, M|100/100
|-fieldstart|move: Psychic Terrain|[from] ability: Psychic Surge|[of] p2b: Shyarly
|turn|5
|
|t:|1757817265
|move|p1b: Dondozo|Protect|p1b: Dondozo
|-singleturn|p1b: Dondozo|Protect
|move|p2b: Shyarly|Expanding Force|p1a: Tatsugiri|[spread] 
|-miss|p2b: Shyarly|p1a: Tatsugiri
|-activate|p1b: Dondozo|move: Protect
|move|p2a: Dragonite|Scale Shot|p1b: Dondozo
|-activate|p1b: Dondozo|move: Protect
|
|-heal|p1b: Dondozo|89/100|[from] item: Leftovers
|upkeep
|turn|6
|
|t:|1757817280
|move|p2b: Shyarly|Expanding Force|p1b: Dondozo|[spread] p1b
|-miss|p2b: Shyarly|p1a: Tatsugiri
|-damage|p1b: Dondozo|53/100
|move|p2a: Dragonite|Scale Shot|p1b: Dondozo
|-damage|p1b: Dondozo|47/100
|-damage|p1b: Dondozo|41/100
|-damage|p1b: Dondozo|36/100
|-damage|p1b: Dondozo|29/100
|-damage|p1b: Dondozo|23/100
|-hitcount|p1b: Dondozo|5
|-unboost|p2a: Dragonite|def|1
|-boost|p2a: Dragonite|spe|1
|move|p1b: Dondozo|Order Up|p2b: Shyarly
|-damage|p2b: Shyarly|64/100
|-boost|p1b: Dondozo|def|1
|
|-heal|p1b: Dondozo|29/100|[from] item: Leftovers
|upkeep
|turn|7
|
|t:|1757817299
|move|p1b: Dondozo|Protect|p1b: Dondozo
|-singleturn|p1b: Dondozo|Protect
|move|p2a: Dragonite|Scale Shot|p1b: Dondozo
|-activate|p1b: Dondozo|move: Protect
|move|p2b: Shyarly|Expanding Force|p1a: Tatsugiri|[spread] 
|-miss|p2b: Shyarly|p1a: Tatsugiri
|-activate|p1b: Dondozo|move: Protect
|
|-heal|p1b: Dondozo|36/100|[from] item: Leftovers
|upkeep
|turn|8
|
|t:|1757817309
|move|p1b: Dondozo|Protect||[still]
|-fail|p1b: Dondozo
|move|p2a: Dragonite|Scale Shot|p1b: Dondozo
|-damage|p1b: Dondozo|31/100
|-damage|p1b: Dondozo|26/100
|-damage|p1b: Dondozo|20/100
|-damage|p1b: Dondozo|16/100
|-damage|p1b: Dondozo|12/100
|-hitcount|p1b: Dondozo|5
|-unboost|p2a: Dragonite|def|1
|-boost|p2a: Dragonite|spe|1
|move|p2b: Shyarly|Expanding Force|p1a: Tatsugiri|[spread] p1b
|-miss|p2b: Shyarly|p1a: Tatsugiri
|-damage|p1b: Dondozo|0 fnt
|faint|p1b: Dondozo
|
|upkeep
|turn|9
|
|t:|1757817333
|move|p2a: Dragonite|Scale Shot|p1a: Tatsugiri
|-supereffective|p1a: Tatsugiri
|-damage|p1a: Tatsugiri|49/100
|-supereffective|p1a: Tatsugiri
|-damage|p1a: Tatsugiri|0 fnt
|faint|p1a: Tatsugiri
|-hitcount|p1: Tatsugiri|2
|
|win|void25o
||LetThatSizzleSpeak is ready for game 3.
|inactive|void25o has 30 seconds to confirm battle start!
|inactive|void25o has 20 seconds to confirm battle start!
||void25o is ready for game 3.
|uhtml|next|Next: Game 3 of 3
|j| jeanryupr
|l|☆LetThatSizzleSpeak
|player|p1|
|l| jeanryupr
