|j|☆Rockslap
|j|☆RayGarraty47
|html|RockslapRayGarraty47    
|uhtml|bestof|Game 3 of a best-of-3
|t:|1756421693
|gametype|doubles
|player|p1|Rockslap|170|1218
|player|p2|RayGarraty47|169|1216
|gen|9
|tier|[Gen 9] VGC 2025 Reg H (Bo3)
|rated|
|rule|Species Clause: Limit one of each Pokémon
|rule|Item Clause: Limit 1 of each item
|clearpoke
|poke|p1|Kommo-o, L50, M|
|poke|p1|Golduck, L50, F|
|poke|p1|Incineroar, L50, F|
|poke|p1|Rillaboom, L50, F|
|poke|p1|Volcarona, L50, F|
|poke|p1|Amoonguss, L50, M|
|poke|p2|Ursaluna, L50, M|
|poke|p2|Gholdengo, L50|
|poke|p2|Incineroar, L50, F|
|poke|p2|Amoonguss, L50, F|
|poke|p2|Porygon2, L50|
|poke|p2|Hydreigon, L50, F|
|teampreview|4
|showteam|p1|Kommo-o||ThroatSpray|Soundproof|ClangingScales,FlashCannon,ClangorousSoul,Protect|||M|||50|,,,,,Steel]Golduck||CovertCloak|CloudNine|Encore,IcyWind,Taunt,SimpleBeam|||F|||50|,,,,,Ghost]Incineroar||SafetyGoggles|Intimidate|FakeOut,KnockOff,PartingShot,FlareBlitz|||F|||50|,,,,,Bug]Rillaboom||AssaultVest|GrassySurge|FakeOut,WoodHammer,GrassyGlide,HighHorsepower|||F|||50|,,,,,Water]Volcarona||SitrusBerry|FlameBody|QuiverDance,HeatWave,GigaDrain,Protect|||F|||50|,,,,,Grass]Amoonguss||RockyHelmet|Regenerator|PollenPuff,RagePowder,ClearSmog,Spore|||M|||50|,,,,,Water
|showteam|p2|Ursaluna||FlameOrb|Guts|Facade,HeadlongRush,Earthquake,Protect|||M|||50|,,,,,Ghost]Gholdengo||IronPlate|GoodasGold|MakeItRain,ShadowBall,NastyPlot,Protect||||||50|,,,,,Water]Incineroar||SitrusBerry|Intimidate|FlareBlitz,KnockOff,FakeOut,PartingShot|||F|||50|,,,,,Ghost]Amoonguss||CovertCloak|Regenerator|Spore,RagePowder,PollenPuff,Protect|||F|||50|,,,,,Psychic]Porygon2||Eviolite|Download|TeraBlast,IceBeam,Recover,TrickRoom||||||50|,,,,,Fighting]Hydreigon||SafetyGoggles|Levitate|DracoMeteor,Snarl,Tailwind,Protect|||F|||50|,,,,,Ghost
|inactive|Battle timer is ON: inactive players will automatically lose when time's up. (requested by RayGarraty47)
|
|t:|1756421720
|teamsize|p1|4
|teamsize|p2|4
|start
|switch|p1a: Incineroar|Incineroar, L50, F|100/100
|switch|p1b: Volcarona|Volcarona, L50, F|100/100
|switch|p2a: Incineroar|Incineroar, L50, F|100/100
|switch|p2b: Porygon2|Porygon2, L50|100/100
|-ability|p2a: Incineroar|Intimidate|boost
|-unboost|p1a: Incineroar|atk|1
|-unboost|p1b: Volcarona|atk|1
|-ability|p2b: Porygon2|Download|boost
|-boost|p2b: Porygon2|atk|1
|-ability|p1a: Incineroar|Intimidate|boost
|-unboost|p2a: Incineroar|atk|1
|-unboost|p2b: Porygon2|atk|1
|turn|1
|inactive|Rockslap has 30 seconds left.
|inactive|Rockslap has 20 seconds left.
|
|t:|1756421758
|move|p2a: Incineroar|Fake Out|p1a: Incineroar
|-damage|p1a: Incineroar|93/100
|move|p1b: Volcarona|Quiver Dance|p1b: Volcarona
|-boost|p1b: Volcarona|spa|1
|-boost|p1b: Volcarona|spd|1
|-boost|p1b: Volcarona|spe|1
|cant|p1a: Incineroar|flinch
|move|p2b: Porygon2|Trick Room|p2b: Porygon2
|-fieldstart|move: Trick Room|[of] p2b: Porygon2
|
|upkeep
|turn|2
|
|t:|1756421772
|move|p2b: Porygon2|Tera Blast|p1b: Volcarona
|-damage|p1b: Volcarona|80/100
|move|p1a: Incineroar|Parting Shot|p2a: Incineroar
|-unboost|p2a: Incineroar|atk|1
|-unboost|p2a: Incineroar|spa|1
|
|t:|1756421778
|switch|p1a: Golduck|Golduck, L50, F|100/100|[from] Parting Shot
|-ability|p1a: Golduck|Cloud Nine
|move|p2a: Incineroar|Flare Blitz|p1b: Volcarona
|-damage|p1b: Volcarona|48/100
|-enditem|p1b: Volcarona|Sitrus Berry|[eat]
|-heal|p1b: Volcarona|73/100|[from] item: Sitrus Berry
|-damage|p2a: Incineroar|91/100|[from] Recoil
|move|p1b: Volcarona|Heat Wave|p2b: Porygon2|[spread] p2a,p2b
|-resisted|p2a: Incineroar
|-damage|p2a: Incineroar|63/100
|-damage|p2b: Porygon2|66/100
|
|upkeep
|turn|3
|l|☆RayGarraty47
|inactive|RayGarraty47 disconnected and has a minute to reconnect!
|player|p2|
|j|☆RayGarraty47
|inactive|RayGarraty47 reconnected and has 40 seconds left.
|player|p2|RayGarraty47|169|
|inactive|RayGarraty47 has 30 seconds left.
|
|t:|1756421812
|switch|p1a: Incineroar|Incineroar, L50, F|93/100
|-ability|p1a: Incineroar|Intimidate|boost
|-unboost|p2a: Incineroar|atk|1
|-unboost|p2b: Porygon2|atk|1
|move|p1b: Volcarona|Protect|p1b: Volcarona
|-singleturn|p1b: Volcarona|Protect
|move|p2b: Porygon2|Recover|p2b: Porygon2
|-heal|p2b: Porygon2|100/100
|move|p2a: Incineroar|Parting Shot|p1b: Volcarona
|-activate|p1b: Volcarona|move: Protect
|
|upkeep
|turn|4
|
|t:|1756421831
|switch|p2b: Ursaluna|Ursaluna, L50, M|100/100
|-terastallize|p2a: Incineroar|Ghost
|move|p1a: Incineroar|Fake Out|p2a: Incineroar
|-immune|p2a: Incineroar
|move|p2a: Incineroar|Parting Shot|p1b: Volcarona
|-unboost|p1b: Volcarona|atk|1
|-unboost|p1b: Volcarona|spa|1
|
|t:|1756421841
|switch|p2a: Porygon2|Porygon2, L50|100/100|[from] Parting Shot
|-ability|p2a: Porygon2|Download|boost
|-boost|p2a: Porygon2|atk|1
|move|p1b: Volcarona|Quiver Dance|p1b: Volcarona
|-boost|p1b: Volcarona|spa|1
|-boost|p1b: Volcarona|spd|1
|-boost|p1b: Volcarona|spe|1
|
|-status|p2b: Ursaluna|brn|[from] item: Flame Orb
|upkeep
|turn|5
|
|t:|1756421859
|move|p1b: Volcarona|Protect|p1b: Volcarona
|-singleturn|p1b: Volcarona|Protect
|move|p2a: Porygon2|Tera Blast|p1a: Incineroar
|-damage|p1a: Incineroar|63/100
|move|p1a: Incineroar|Parting Shot|p2b: Ursaluna
|-unboost|p2b: Ursaluna|atk|1
|-unboost|p2b: Ursaluna|spa|1
|
|t:|1756421870
|switch|p1a: Golduck|Golduck, L50, F|100/100|[from] Parting Shot
|-ability|p1a: Golduck|Cloud Nine
|move|p2b: Ursaluna|Facade|p1a: Golduck
|-damage|p1a: Golduck|21/100
|
|-damage|p2b: Ursaluna|95/100 brn|[from] brn
|-fieldend|move: Trick Room
|upkeep
|turn|6
|
|t:|1756421887
|switch|p2b: Incineroar|Incineroar, L50, F, tera:Ghost|63/100
|-ability|p2b: Incineroar|Intimidate|boost
|-unboost|p1a: Golduck|atk|1
|-unboost|p1b: Volcarona|atk|1
|-terastallize|p1b: Volcarona|Grass
|move|p1b: Volcarona|Giga Drain|p2b: Incineroar
|-damage|p2b: Incineroar|6/100
|-heal|p1b: Volcarona|100/100|[from] drain|[of] p2b: Incineroar
|-enditem|p2b: Incineroar|Sitrus Berry|[eat]
|-heal|p2b: Incineroar|31/100|[from] item: Sitrus Berry
|move|p1a: Golduck|Taunt|p2a: Porygon2
|-start|p2a: Porygon2|move: Taunt
|cant|p2a: Porygon2|move: Taunt|Trick Room
|
|upkeep
|turn|7
|inactive|Rockslap has 30 seconds left.
|inactive|RayGarraty47 has 30 seconds left.
|
|t:|1756421914
|move|p2b: Incineroar|Fake Out|p1b: Volcarona
|-damage|p1b: Volcarona|86/100
|cant|p1b: Volcarona|flinch
|move|p1a: Golduck|Taunt|p2b: Incineroar
|-start|p2b: Incineroar|move: Taunt
|move|p2a: Porygon2|Tera Blast|p1a: Golduck
|-damage|p1a: Golduck|0 fnt
|faint|p1a: Golduck
|
|upkeep
|
|t:|1756421920
|switch|p1a: Incineroar|Incineroar, L50, F|63/100
|-ability|p1a: Incineroar|Intimidate|boost
|-unboost|p2a: Porygon2|atk|1
|-unboost|p2b: Incineroar|atk|1
|turn|8
|inactive|RayGarraty47 has 30 seconds left.
|
|t:|1756421946
|switch|p2b: Gholdengo|Gholdengo, L50|100/100
|move|p1a: Incineroar|Fake Out|p2a: Porygon2
|-damage|p2a: Porygon2|92/100
|move|p1b: Volcarona|Giga Drain|p2b: Gholdengo
|-resisted|p2b: Gholdengo
|-damage|p2b: Gholdengo|71/100
|-heal|p1b: Volcarona|99/100|[from] drain|[of] p2b: Gholdengo
|cant|p2a: Porygon2|flinch
|
|-end|p2a: Porygon2|move: Taunt
|upkeep
|turn|9
|
|t:|1756421967
|move|p2b: Gholdengo|Protect|p2b: Gholdengo
|-singleturn|p2b: Gholdengo|Protect
|move|p1b: Volcarona|Heat Wave|p2b: Gholdengo|[spread] p2a
|-activate|p2b: Gholdengo|move: Protect
|-damage|p2a: Porygon2|58/100
|move|p1a: Incineroar|Flare Blitz|p2a: Porygon2
|-damage|p2a: Porygon2|20/100
|-damage|p1a: Incineroar|51/100|[from] Recoil
|move|p2a: Porygon2|Trick Room|p2a: Porygon2
|-fieldstart|move: Trick Room|[of] p2a: Porygon2
|
|upkeep
|turn|10
|inactive|RayGarraty47 has 30 seconds left.
|inactive|RayGarraty47 has 20 seconds left.
|inactive|RayGarraty47 has 15 seconds left.
|inactive|RayGarraty47 has 10 seconds left.
|
|t:|1756422013
|switch|p2b: Incineroar|Incineroar, L50, F, tera:Ghost|31/100
|-ability|p2b: Incineroar|Intimidate|boost
|-unboost|p1a: Incineroar|atk|1
|-unboost|p1b: Volcarona|atk|1
|move|p1a: Incineroar|Knock Off|p2b: Incineroar
|-supereffective|p2b: Incineroar
|-damage|p2b: Incineroar|0 fnt
|faint|p2b: Incineroar
|move|p2a: Porygon2|Ice Beam|p1b: Volcarona
|-supereffective|p1b: Volcarona
|-damage|p1b: Volcarona|73/100
|move|p1b: Volcarona|Heat Wave|p2a: Porygon2
|-damage|p2a: Porygon2|0 fnt
|faint|p2a: Porygon2
|
|upkeep
|
|t:|1756422019
|switch|p2a: Gholdengo|Gholdengo, L50|71/100
|switch|p2b: Ursaluna|Ursaluna, L50, M|95/100 brn
|turn|11
|
|t:|1756422036
|move|p2a: Gholdengo|Protect|p2a: Gholdengo
|-singleturn|p2a: Gholdengo|Protect
|move|p1b: Volcarona|Protect|p1b: Volcarona
|-singleturn|p1b: Volcarona|Protect
|move|p1a: Incineroar|Parting Shot|p2b: Ursaluna
|-unboost|p2b: Ursaluna|atk|1
|-unboost|p2b: Ursaluna|spa|1
|
|t:|1756422042
|switch|p1a: Kommo-o|Kommo-o, L50, M, shiny|100/100|[from] Parting Shot
|move|p2b: Ursaluna|Facade|p1b: Volcarona
|-activate|p1b: Volcarona|move: Protect
|
|-damage|p2b: Ursaluna|89/100 brn|[from] brn
|upkeep
|turn|12
|inactive|Rockslap has 30 seconds left.
|inactive|RayGarraty47 has 30 seconds left.
|inactive|RayGarraty47 has 20 seconds left.
|
|t:|1756422079
|switch|p1a: Incineroar|Incineroar, L50, F|51/100
|-ability|p1a: Incineroar|Intimidate|boost
|-unboost|p2a: Gholdengo|atk|1
|-unboost|p2b: Ursaluna|atk|1
|move|p2b: Ursaluna|Facade|p1a: Incineroar
|-damage|p1a: Incineroar|0 fnt
|faint|p1a: Incineroar
|move|p2a: Gholdengo|Make It Rain|p1b: Volcarona
|-damage|p1b: Volcarona|40/100
|-unboost|p2a: Gholdengo|spa|1
|move|p1b: Volcarona|Giga Drain|p2b: Ursaluna
|-supereffective|p2b: Ursaluna
|-damage|p2b: Ursaluna|0 fnt
|-heal|p1b: Volcarona|90/100|[from] drain|[of] p2b: Ursaluna
|faint|p2b: Ursaluna
|
|upkeep
|-message|RayGarraty47 forfeited.
|
|win|Rockslap
|raw|Rockslap's rating: 1218 → 1243(+25 for winning)
|raw|RayGarraty47's rating: 1216 → 1191(-25 for losing)
|l|☆RayGarraty47
|player|p2|
