|j|☆GlitchXDGOAT
|j|☆PatheTick
|html|GlitchXDGOATPatheTick    
|uhtml|bestof|Game 2 of a best-of-3
|t:|1784199683
|gametype|doubles
|player|p1|GlitchXDGOAT|1|1128
|player|p2|PatheTick|flannery|1000
|gen|9
|tier|[Gen 9 Champions] VGC 2026 Reg M-B (Bo3)
|rated|
|rule|Species Clause: Limit one of each Pokémon
|rule|Item Clause: Limit 1 of each item
|clearpoke
|poke|p1|Froslass, L50, F|
|poke|p1|Lycanroc-Dusk, L50, M|
|poke|p1|Scovillain, L50, M|
|poke|p1|Sneasler, L50, F|
|poke|p1|Kingambit, L50, M|
|poke|p1|Basculegion, L50, M|
|poke|p2|Meowstic, L50, M, shiny|
|poke|p2|Lucario, L50, F, shiny|
|poke|p2|Wyrdeer, L50, M, shiny|
|poke|p2|Sinistcha, L50|
|poke|p2|Grimmsnarl, L50, M, shiny|
|poke|p2|Venusaur, L50, F, shiny|
|teampreview|4
|showteam|p1|Froslass||Froslassite|CursedBody|Blizzard,ShadowBall,AuroraVeil,Protect|Timid||F|||50|]Lycanroc-Dusk||FocusSash|ToughClaws|Accelerock,CloseCombat,RockSlide,Protect|Jolly||M|||50|]Scovillain||Scovillainite|Chlorophyll|Overheat,LeechSeed,RagePowder,Protect|Bold||M|||50|]Sneasler||WhiteHerb|Unburden|FakeOut,DireClaw,CloseCombat,Protect|Adamant||F|||50|]Kingambit||BlackGlasses|Defiant|KowtowCleave,SuckerPunch,IronHead,Protect|Adamant||M|||50|]Basculegion||ChoiceScarf|Adaptability|WaveCrash,LastRespects,FlipTurn,AquaJet|Jolly||M|||50|
|showteam|p2|Meowstic||Meowsticite|Prankster|PsychicTerrain,ExpandingForce,AlluringVoice,Yawn|Modest||M|||50|]Lucario||Lucarionite|Justified|SwordsDance,MeteorMash,CloseCombat,BulletPunch|Jolly||F|||50|]Wyrdeer||Leftovers|Intimidate|PsyshieldBash,BodySlam,Disable,HelpingHand|Impish||M|||50|]Sinistcha||SitrusBerry|Hospitality|MatchaGotcha,ShadowBall,RagePowder,TrickRoom|Quiet|||||50|]Grimmsnarl||LightClay|Prankster|Reflect,LightScreen,SpiritBreak,PartingShot|Careful||M|||50|]Venusaur||LifeOrb|Chlorophyll|GigaDrain,SludgeBomb,SleepPowder,Protect|Modest||F|||50|
|inactive|Battle timer is ON: inactive players will automatically lose when time's up. (requested by GlitchXDGOAT)
|
|t:|1784199712
|teamsize|p1|4
|teamsize|p2|4
|start
|switch|p1a: Scovillain|Scovillain, L50, M|100/100
|switch|p1b: Kingambit|Kingambit, L50, M|100/100
|switch|p2a: Gandalf|Grimmsnarl, L50, M, shiny|100/100
|switch|p2b: Hildryn|Lucario, L50, F, shiny|100/100
|turn|1
|
|t:|1784199728
|detailschange|p2b: Hildryn|Lucario-Mega, L50, F, shiny
|-mega|p2b: Hildryn|Lucario|Lucarionite
|detailschange|p1a: Scovillain|Scovillain-Mega, L50, M
|-mega|p1a: Scovillain|Scovillain|Scovillainite
|move|p1b: Kingambit|Protect|p1b: Kingambit
|-singleturn|p1b: Kingambit|Protect
|move|p2a: Gandalf|Light Screen|p2a: Gandalf
|-sidestart|p2: PatheTick|move: Light Screen
|move|p2b: Hildryn|Close Combat|p1b: Kingambit
|-activate|p1b: Kingambit|move: Protect
|move|p1a: Scovillain|Overheat|p2b: Hildryn|[miss]
|-miss|p1a: Scovillain|p2b: Hildryn
|
|upkeep
|turn|2
|
|t:|1784199744
|move|p1a: Scovillain|Rage Powder|p1a: Scovillain
|-singleturn|p1a: Scovillain|move: Rage Powder
|move|p2a: Gandalf|Parting Shot|p1a: Scovillain
|-unboost|p1a: Scovillain|atk|1
|-unboost|p1a: Scovillain|spa|1
|
|t:|1784199751
|switch|p2a: Beelzebufo|Venusaur, L50, F, shiny|100/100|[from] Parting Shot
|move|p2b: Hildryn|Close Combat|p1a: Scovillain
|-damage|p1a: Scovillain|17/100
|-unboost|p2b: Hildryn|def|1
|-unboost|p2b: Hildryn|spd|1
|-status|p2b: Hildryn|brn|[from] ability: Spicy Spray|[of] p1a: Scovillain
|move|p1b: Kingambit|Iron Head|p2a: Beelzebufo
|-damage|p2a: Beelzebufo|45/100
|
|-damage|p2b: Hildryn|93/100 brn|[from] brn
|upkeep
|turn|3
|
|t:|1784199775
|move|p2b: Hildryn|Bullet Punch|p1a: Scovillain
|-resisted|p1a: Scovillain|1
|-damage|p1a: Scovillain|11/100
|move|p1b: Kingambit|Sucker Punch||[still]
|-fail|p1b: Kingambit
|move|p2a: Beelzebufo|Sleep Powder|p1b: Kingambit
|-status|p1b: Kingambit|slp|[from] move: Sleep Powder
|move|p1a: Scovillain|Overheat|p2b: Hildryn
|-supereffective|p2b: Hildryn|1
|-damage|p2b: Hildryn|0 fnt
|-unboost|p1a: Scovillain|spa|2
|faint|p2b: Hildryn
|
|upkeep
|
|t:|1784199778
|switch|p2b: Gandalf|Grimmsnarl, L50, M, shiny|100/100
|turn|4
|
|t:|1784199800
|move|p2a: Beelzebufo|Protect|p2a: Beelzebufo
|-singleturn|p2a: Beelzebufo|Protect
|move|p1a: Scovillain|Overheat|p2a: Beelzebufo
|-activate|p2a: Beelzebufo|move: Protect
|move|p2b: Gandalf|Spirit Break|p1a: Scovillain
|-resisted|p1a: Scovillain|1
|-damage|p1a: Scovillain|0 fnt
|-status|p2b: Gandalf|brn|[from] ability: Spicy Spray|[of] p1a: Scovillain
|faint|p1a: Scovillain
|cant|p1b: Kingambit|slp
|
|-damage|p2b: Gandalf|94/100 brn|[from] brn
|upkeep
|
|t:|1784199805
|switch|p1a: Sneasler|Sneasler, L50, F|100/100
|turn|5
|
|t:|1784199815
|move|p1a: Sneasler|Fake Out|p2a: Beelzebufo
|-damage|p2a: Beelzebufo|27/100
|move|p2b: Gandalf|Parting Shot|p1a: Sneasler
|-unboost|p1a: Sneasler|atk|1
|-unboost|p1a: Sneasler|spa|1
|
|t:|1784199817
|switch|p2b: Rage Bait|Sinistcha, L50|100/100|[from] Parting Shot
|-enditem|p1a: Sneasler|White Herb
|-clearnegativeboost|p1a: Sneasler|[silent]
|-heal|p2a: Beelzebufo|52/100|[from] ability: Hospitality|[of] p2b: Rage Bait
|cant|p2a: Beelzebufo|flinch
|cant|p1b: Kingambit|slp
|
|upkeep
|turn|6
|
|t:|1784199834
|move|p2b: Rage Bait|Rage Powder|p2b: Rage Bait
|-singleturn|p2b: Rage Bait|move: Rage Powder
|move|p1a: Sneasler|Dire Claw|p2b: Rage Bait
|-damage|p2b: Rage Bait|60/100
|-status|p2b: Rage Bait|slp
|move|p2a: Beelzebufo|Giga Drain|p1b: Kingambit
|-resisted|p1b: Kingambit|1
|-damage|p1b: Kingambit|76/100 slp
|-heal|p2a: Beelzebufo|65/100|[from] drain|[of] p1b: Kingambit
|-damage|p2a: Beelzebufo|56/100|[from] item: Life Orb
|-curestatus|p1b: Kingambit|slp|[msg]
|move|p1b: Kingambit|Kowtow Cleave|p2b: Rage Bait
|-supereffective|p2b: Rage Bait|1
|-damage|p2b: Rage Bait|0 fnt
|faint|p2b: Rage Bait
|
|upkeep
|
|t:|1784199837
|switch|p2b: Gandalf|Grimmsnarl, L50, M, shiny|94/100 brn
|turn|7
|
|t:|1784199847
|move|p1b: Kingambit|Sucker Punch|p2a: Beelzebufo
|-damage|p2a: Beelzebufo|0 fnt
|faint|p2a: Beelzebufo
|move|p1a: Sneasler|Dire Claw|p2b: Gandalf
|-supereffective|p2b: Gandalf|1
|-damage|p2b: Gandalf|0 fnt
|faint|p2b: Gandalf
|
|win|GlitchXDGOAT
|raw|GlitchXDGOAT's rating: 1128 → 1144(+16 for winning)
|raw|PatheTick's rating: 1000 → 1000(+0 for losing)
|l|☆PatheTick
|player|p2|
|c|☆GlitchXDGOAT|GG
|l|☆GlitchXDGOAT
|player|p1|
|j|☆GlitchXDGOAT
|player|p1|GlitchXDGOAT|1|
