|j|☆ga sneasler
|j|☆stainlesssgym
|html|ga sneaslerstainlesssgym    
|uhtml|bestof|Game 1 of a best-of-3
|t:|1756237633
|gametype|doubles
|player|p1|ga sneasler|2|1087
|player|p2|stainlesssgym|colress|1094
|gen|9
|tier|[Gen 9] VGC 2025 Reg H (Bo3)
|rated|
|rule|Species Clause: Limit one of each Pokémon
|rule|Item Clause: Limit 1 of each item
|clearpoke
|poke|p1|Hydreigon, L50, M|
|poke|p1|Ursaluna, L50, M|
|poke|p1|Incineroar, L50, M|
|poke|p1|Amoonguss, L50, M|
|poke|p1|Gholdengo, L50|
|poke|p1|Porygon2, L50|
|poke|p2|Annihilape, L50, M|
|poke|p2|Dragonite, L50, M|
|poke|p2|Gholdengo, L50|
|poke|p2|Electabuzz, L50, M|
|poke|p2|Rillaboom, L50, F|
|poke|p2|Incineroar, L50, F|
|teampreview|4
|showteam|p1|Hydreigon||SafetyGoggles|Levitate|DracoMeteor,Snarl,Tailwind,Protect|||M|||50|,,,,,Ghost]Ursaluna||FlameOrb|Guts|HeadlongRush,Earthquake,Facade,Protect|||M|||50|,,,,,Ghost]Incineroar||SitrusBerry|Intimidate|FlareBlitz,KnockOff,FakeOut,PartingShot|||M|||50|,,,,,Ghost]Amoonguss||CovertCloak|Regenerator|PollenPuff,Spore,RagePowder,Protect|||M|||50|,,,,,Fire]Gholdengo||MetalCoat|GoodasGold|MakeItRain,ShadowBall,NastyPlot,Protect||||||50|,,,,,Water]Porygon2||Eviolite|Download|TeraBlast,IceBeam,Recover,TrickRoom||||||50|,,,,,Fighting
|showteam|p2|Annihilape||FocusSash|Defiant|Taunt,CloseCombat,RageFist,Coaching|||M|||50|,,,,,Stellar]Dragonite||LoadedDice|Multiscale|Protect,ScaleShot,Haze,ExtremeSpeed|||M|||50|,,,,,Fairy]Gholdengo||SitrusBerry|GoodasGold|MakeItRain,ShadowBall,NastyPlot,Protect||||||50|,,,,,Water]Electabuzz||Eviolite|VitalSpirit|Protect,Electroweb,Taunt,FollowMe|||M|||50|,,,,,Dragon]Rillaboom||AssaultVest|GrassySurge|FakeOut,WoodHammer,HighHorsepower,GrassyGlide|||F|||50|,,,,,Fire]Incineroar||MirrorHerb|Intimidate|FakeOut,PartingShot,FlareBlitz,KnockOff|||F|||50|,,,,,Ghost
|inactive|Battle timer is ON: inactive players will automatically lose when time's up. (requested by ga sneasler)
|inactive|ga sneasler has 60 seconds left.
|inactive|stainlesssgym has 60 seconds left.
|
|t:|1756237683
|teamsize|p1|4
|teamsize|p2|4
|start
|switch|p1a: Gholdengo|Gholdengo, L50|100/100
|switch|p1b: Amoonguss|Amoonguss, L50, M|100/100
|switch|p2a: Annihilape|Annihilape, L50, M, shiny|100/100
|switch|p2b: Dragonite|Dragonite, L50, M|100/100
|turn|1
|inactive|stainlesssgym has 30 seconds left.
|
|t:|1756237711
|switch|p2b: Incineroar|Incineroar, L50, F|100/100
|-ability|p2b: Incineroar|Intimidate|boost
|-unboost|p1a: Gholdengo|atk|1
|-unboost|p1b: Amoonguss|atk|1
|move|p1b: Amoonguss|Protect|p1b: Amoonguss
|-singleturn|p1b: Amoonguss|Protect
|move|p2a: Annihilape|Taunt|p1b: Amoonguss
|-activate|p1b: Amoonguss|move: Protect
|move|p1a: Gholdengo|Nasty Plot|p1a: Gholdengo
|-boost|p1a: Gholdengo|spa|2
|-enditem|p2b: Incineroar|Mirror Herb
|-boost|p2b: Incineroar|spa|2|[from] item: Mirror Herb
|
|upkeep
|turn|2
|inactive|stainlesssgym has 30 seconds left.
|inactive|stainlesssgym has 20 seconds left.
|inactive|stainlesssgym has 15 seconds left.
|
|t:|1756237752
|switch|p1b: Ursaluna|Ursaluna, L50, M|100/100
|move|p1a: Gholdengo|Protect|p1a: Gholdengo
|-singleturn|p1a: Gholdengo|Protect
|move|p2b: Incineroar|Fake Out|p1b: Ursaluna
|-damage|p1b: Ursaluna|92/100
|move|p2a: Annihilape|Rage Fist|p1a: Gholdengo
|-activate|p1a: Gholdengo|move: Protect
|
|-status|p1b: Ursaluna|brn|[from] item: Flame Orb
|upkeep
|turn|3
|inactive|stainlesssgym has 30 seconds left.
|
|t:|1756237787
|-terastallize|p1a: Gholdengo|Water
|move|p2a: Annihilape|Coaching|p2b: Incineroar
|-boost|p2b: Incineroar|atk|1
|-boost|p2b: Incineroar|def|1
|move|p1a: Gholdengo|Make It Rain|p2b: Incineroar|[spread] p2a,p2b
|-resisted|p2b: Incineroar
|-enditem|p2a: Annihilape|Focus Sash
|-damage|p2a: Annihilape|1/100
|-damage|p2b: Incineroar|57/100
|-unboost|p1a: Gholdengo|spa|1
|move|p1b: Ursaluna|Earthquake|p2a: Annihilape|[spread] p1a,p2a,p2b
|-supereffective|p2b: Incineroar
|-damage|p1a: Gholdengo|46/100
|-damage|p2a: Annihilape|0 fnt
|-damage|p2b: Incineroar|0 fnt
|faint|p2a: Annihilape
|faint|p2b: Incineroar
|
|-damage|p1b: Ursaluna|86/100 brn|[from] brn
|upkeep
|
|t:|1756237801
|switch|p2a: Rillaboom|Rillaboom, L50, F|100/100
|switch|p2b: Dragonite|Dragonite, L50, M|100/100
|-fieldstart|move: Grassy Terrain|[from] ability: Grassy Surge|[of] p2a: Rillaboom
|turn|4
|inactive|stainlesssgym has 30 seconds left.
|
|t:|1756237830
|switch|p1b: Amoonguss|Amoonguss, L50, M|100/100
|move|p2b: Dragonite|Scale Shot|p1a: Gholdengo
|-damage|p1a: Gholdengo|32/100
|-damage|p1a: Gholdengo|16/100
|-damage|p1a: Gholdengo|2/100
|-damage|p1a: Gholdengo|0 fnt
|faint|p1a: Gholdengo
|-hitcount|p1: Gholdengo|4
|-unboost|p2b: Dragonite|def|1
|-boost|p2b: Dragonite|spe|1
|move|p2a: Rillaboom|Wood Hammer|p1b: Amoonguss
|-resisted|p1b: Amoonguss
|-damage|p1b: Amoonguss|86/100
|-damage|p2a: Rillaboom|96/100|[from] Recoil
|
|-heal|p2a: Rillaboom|100/100|[from] Grassy Terrain
|-heal|p1b: Amoonguss|92/100|[from] Grassy Terrain
|upkeep
|
|t:|1756237835
|switch|p1a: Porygon2|Porygon2, L50|100/100
|-ability|p1a: Porygon2|Download|boost
|-boost|p1a: Porygon2|atk|1
|turn|5
|
|t:|1756237854
|move|p2b: Dragonite|Scale Shot|p1b: Amoonguss
|-crit|p1b: Amoonguss
|-damage|p1b: Amoonguss|72/100
|-damage|p1b: Amoonguss|59/100
|-damage|p1b: Amoonguss|47/100
|-damage|p1b: Amoonguss|34/100
|-damage|p1b: Amoonguss|22/100
|-hitcount|p1b: Amoonguss|5
|-unboost|p2b: Dragonite|def|1
|-boost|p2b: Dragonite|spe|1
|move|p2a: Rillaboom|High Horsepower|p1b: Amoonguss
|-damage|p1b: Amoonguss|0 fnt
|faint|p1b: Amoonguss
|move|p1a: Porygon2|Trick Room|p1a: Porygon2
|-fieldstart|move: Trick Room|[of] p1a: Porygon2
|
|upkeep
|
|t:|1756237860
|switch|p1b: Ursaluna|Ursaluna, L50, M|86/100 brn
|turn|6
|inactive|stainlesssgym has 30 seconds left.
|inactive|stainlesssgym has 20 seconds left.
|inactive|stainlesssgym has 15 seconds left.
|
|t:|1756237902
|move|p1a: Porygon2|Tera Blast|p2a: Rillaboom
|-damage|p2a: Rillaboom|81/100
|move|p1b: Ursaluna|Facade|p2a: Rillaboom
|-crit|p2a: Rillaboom
|-damage|p2a: Rillaboom|0 fnt
|faint|p2a: Rillaboom
|move|p2b: Dragonite|Scale Shot|p1b: Ursaluna
|-damage|p1b: Ursaluna|74/100 brn
|-damage|p1b: Ursaluna|63/100 brn
|-damage|p1b: Ursaluna|51/100 brn
|-damage|p1b: Ursaluna|40/100 brn
|-hitcount|p1b: Ursaluna|4
|-unboost|p2b: Dragonite|def|1
|-boost|p2b: Dragonite|spe|1
|
|-heal|p1b: Ursaluna|46/100 brn|[from] Grassy Terrain
|-damage|p1b: Ursaluna|40/100 brn|[from] brn
|upkeep
|turn|7
|
|t:|1756237917
|move|p2b: Dragonite|Protect|p2b: Dragonite
|-singleturn|p2b: Dragonite|Protect
|move|p1a: Porygon2|Ice Beam|p2b: Dragonite
|-activate|p2b: Dragonite|move: Protect
|move|p1b: Ursaluna|Facade|p2b: Dragonite
|-activate|p2b: Dragonite|move: Protect
|
|-heal|p1b: Ursaluna|46/100 brn|[from] Grassy Terrain
|-damage|p1b: Ursaluna|40/100 brn|[from] brn
|upkeep
|turn|8
|inactive|stainlesssgym has 30 seconds left.
|
|t:|1756237943
|move|p2b: Dragonite|Extreme Speed|p1b: Ursaluna
|-damage|p1b: Ursaluna|18/100 brn
|move|p1a: Porygon2|Ice Beam|p2b: Dragonite
|-supereffective|p2b: Dragonite
|-damage|p2b: Dragonite|57/100
|-status|p2b: Dragonite|frz
|move|p1b: Ursaluna|Facade|p2b: Dragonite
|-damage|p2b: Dragonite|0 fnt
|faint|p2b: Dragonite
|
|win|ga sneasler
||ga sneasler is ready for game 2.
||stainlesssgym is ready for game 2.
|uhtml|next|Next: Game 2 of 3
