|j|☆maybeajit
|j|☆3k Ligue Croissant
|html|maybeajit3k Ligue Croissant    
|uhtml|bestof|Game 1 of a best-of-3
|t:|1757625980
|gametype|doubles
|player|p1|maybeajit|hilbert|1026
|player|p2|3k Ligue Croissant|102|1148
|gen|9
|tier|[Gen 9] VGC 2025 Reg H (Bo3)
|rated|
|rule|Species Clause: Limit one of each Pokémon
|rule|Item Clause: Limit 1 of each item
|clearpoke
|poke|p1|Volcarona, L50, F|
|poke|p1|Rillaboom, L50, F|
|poke|p1|Dragonite, L50, M|
|poke|p1|Ursaluna, L50, M|
|poke|p1|Gholdengo, L50|
|poke|p1|Incineroar, L50, M|
|poke|p2|Weavile, L50, F|
|poke|p2|Annihilape, L50, M|
|poke|p2|Coalossal, L50, M|
|poke|p2|Sinistcha, L50|
|poke|p2|Farigiraf, L50, F|
|poke|p2|Ninetales-Alola, L50, M|
|teampreview|4
|showteam|p1|Volcarona||RockyHelmet|FlameBody|FieryDance,GigaDrain,QuiverDance,Protect|||F|||50|,,,,,Water]Rillaboom||AssaultVest|GrassySurge|WoodHammer,GrassyGlide,KnockOff,FakeOut|||F|||50|,,,,,Water]Dragonite||LoadedDice|Multiscale|ScaleShot,ExtremeSpeed,Haze,Protect|||M|||50|,,,,,Fairy]Ursaluna||FlameOrb|Guts|Facade,Earthquake,HeadlongRush,Protect|||M|||50|,,,,,Ground]Gholdengo||LifeOrb|GoodasGold|MakeItRain,ShadowBall,NastyPlot,Protect||||||50|,,,,,Stellar]Incineroar||SafetyGoggles|Intimidate|KnockOff,FlareBlitz,PartingShot,FakeOut|||M|||50|,,,,,Fire
|showteam|p2|Weavile||FocusSash|Pressure|Surf,BeatUp,KnockOff,TripleAxel|||F|||50|,,,,,Ghost]Annihilape||SafetyGoggles|Defiant|RageFist,DrainPunch,BulkUp,Protect|||M|||50|,,,,,Fire]Coalossal||WeaknessPolicy|SteamEngine|HeatWave,PowerGem,EarthPower,Protect|||M|||50|,,,,,Rock]Sinistcha||SitrusBerry|Hospitality|StrengthSap,LifeDew,RagePowder,MatchaGotcha||||||50|,,,,,Water]Farigiraf||ThroatSpray|ArmorTail|HyperVoice,DazzlingGleam,TrickRoom,SkillSwap|||F|||50|,,,,,Fairy]Ninetales-Alola||LightClay|SnowCloak|Blizzard,IcicleSpear,FreezeDry,AuroraVeil|||M|||50|,,,,,Water
|inactive|Battle timer is ON: inactive players will automatically lose when time's up. (requested by maybeajit)
|
|t:|1757626044
|teamsize|p1|4
|teamsize|p2|4
|start
|switch|p1a: Amotherasu|Volcarona, L50, F, shiny|100/100
|switch|p1b: Cannabeast|Rillaboom, L50, F, shiny|100/100
|switch|p2a: Ninetales|Ninetales-Alola, L50, M|100/100
|switch|p2b: Annihilape|Annihilape, L50, M|100/100
|-fieldstart|move: Grassy Terrain|[from] ability: Grassy Surge|[of] p1b: Cannabeast
|turn|1
|inactive|3k Ligue Croissant has 30 seconds left.
|inactive|3k Ligue Croissant has 20 seconds left.
|inactive|3k Ligue Croissant has 15 seconds left.
|inactive|3k Ligue Croissant has 10 seconds left.
|
|t:|1757626094
|-terastallize|p1a: Amotherasu|Water
|move|p1b: Cannabeast|Fake Out|p2a: Ninetales
|-damage|p2a: Ninetales|79/100
|cant|p2a: Ninetales|flinch
|move|p2b: Annihilape|Bulk Up|p2b: Annihilape
|-boost|p2b: Annihilape|atk|1
|-boost|p2b: Annihilape|def|1
|move|p1a: Amotherasu|Quiver Dance|p1a: Amotherasu
|-boost|p1a: Amotherasu|spa|1
|-boost|p1a: Amotherasu|spd|1
|-boost|p1a: Amotherasu|spe|1
|
|-heal|p2a: Ninetales|85/100|[from] Grassy Terrain
|upkeep
|turn|2
|
|t:|1757626116
|-terastallize|p2b: Annihilape|Fire
|move|p1a: Amotherasu|Fiery Dance|p2a: Ninetales
|-supereffective|p2a: Ninetales
|-damage|p2a: Ninetales|0 fnt
|-boost|p1a: Amotherasu|spa|1
|faint|p2a: Ninetales
|move|p2b: Annihilape|Bulk Up|p2b: Annihilape
|-boost|p2b: Annihilape|atk|1
|-boost|p2b: Annihilape|def|1
|move|p1b: Cannabeast|Knock Off|p2b: Annihilape
|-damage|p2b: Annihilape|83/100
|-enditem|p2b: Annihilape|Safety Goggles|[from] move: Knock Off|[of] p1b: Cannabeast
|
|-heal|p2b: Annihilape|89/100|[from] Grassy Terrain
|upkeep
|
|t:|1757626135
|switch|p2a: Weavile|Weavile, L50, F|100/100
|-ability|p2a: Weavile|Pressure
|turn|3
|
|t:|1757626145
|move|p1b: Cannabeast|Grassy Glide|p2a: Weavile
|-damage|p2a: Weavile|40/100
|move|p1a: Amotherasu|Fiery Dance|p2a: Weavile
|-supereffective|p2a: Weavile
|-damage|p2a: Weavile|0 fnt
|-boost|p1a: Amotherasu|spa|1
|faint|p2a: Weavile
|move|p2b: Annihilape|Bulk Up|p2b: Annihilape
|-boost|p2b: Annihilape|atk|1
|-boost|p2b: Annihilape|def|1
|
|-heal|p2b: Annihilape|95/100|[from] Grassy Terrain
|upkeep
|
|t:|1757626151
|switch|p2a: Coalossal|Coalossal, L50, M|100/100
|turn|4
|
|t:|1757626166
|move|p2a: Coalossal|Protect|p2a: Coalossal
|-singleturn|p2a: Coalossal|Protect
|move|p1a: Amotherasu|Giga Drain|p2b: Annihilape
|-resisted|p2b: Annihilape
|-damage|p2b: Annihilape|49/100
|move|p2b: Annihilape|Rage Fist|p1a: Amotherasu
|-damage|p1a: Amotherasu|0 fnt
|-damage|p2b: Annihilape|33/100|[from] item: Rocky Helmet|[of] p1a: Amotherasu
|faint|p1a: Amotherasu
|move|p1b: Cannabeast|Wood Hammer|p2a: Coalossal
|-activate|p2a: Coalossal|move: Protect
|
|-heal|p2b: Annihilape|39/100|[from] Grassy Terrain
|upkeep
|
|t:|1757626178
|switch|p1a: Paddington|Ursaluna, L50, M, shiny|100/100
|turn|5
|
|t:|1757626190
|move|p1a: Paddington|Protect|p1a: Paddington
|-singleturn|p1a: Paddington|Protect
|move|p1b: Cannabeast|Grassy Glide|p2a: Coalossal
|-damage|p2a: Coalossal|72/100
|move|p2b: Annihilape|Drain Punch|p1b: Cannabeast
|-damage|p1b: Cannabeast|16/100
|-heal|p2b: Annihilape|74/100|[from] drain|[of] p1b: Cannabeast
|move|p2a: Coalossal|Heat Wave|p1b: Cannabeast|[spread] p1b
|-activate|p1a: Paddington|move: Protect
|-supereffective|p1b: Cannabeast
|-damage|p1b: Cannabeast|0 fnt
|faint|p1b: Cannabeast
|
|-heal|p2b: Annihilape|80/100|[from] Grassy Terrain
|-heal|p2a: Coalossal|78/100|[from] Grassy Terrain
|-fieldend|move: Grassy Terrain
|-status|p1a: Paddington|brn|[from] item: Flame Orb
|upkeep
|
|t:|1757626213
|switch|p1b: Kirbeefy|Incineroar, L50, M, shiny|100/100
|-ability|p1b: Kirbeefy|Intimidate|boost
|-unboost|p2a: Coalossal|atk|1
|-unboost|p2b: Annihilape|atk|1
|-ability|p2b: Annihilape|Defiant|boost
|-boost|p2b: Annihilape|atk|2
|turn|6
|
|t:|1757626224
|move|p2b: Annihilape|Protect|p2b: Annihilape
|-singleturn|p2b: Annihilape|Protect
|move|p2a: Coalossal|Protect|p2a: Coalossal
|-singleturn|p2a: Coalossal|Protect
|move|p1b: Kirbeefy|Fake Out|p2b: Annihilape
|-activate|p2b: Annihilape|move: Protect
|move|p1a: Paddington|Facade|p2b: Annihilape
|-activate|p2b: Annihilape|move: Protect
|
|-damage|p1a: Paddington|95/100 brn|[from] brn
|upkeep
|turn|7
|
|t:|1757626242
|move|p1a: Paddington|Protect|p1a: Paddington
|-singleturn|p1a: Paddington|Protect
|move|p2b: Annihilape|Drain Punch|p1a: Paddington
|-activate|p1a: Paddington|move: Protect
|move|p1b: Kirbeefy|Parting Shot|p2b: Annihilape
|-unboost|p2b: Annihilape|atk|1
|-ability|p2b: Annihilape|Defiant|boost
|-boost|p2b: Annihilape|atk|2
|-unboost|p2b: Annihilape|spa|1
|-ability|p2b: Annihilape|Defiant|boost
|-boost|p2b: Annihilape|atk|1
|move|p2a: Coalossal|Power Gem|p1b: Kirbeefy
|-supereffective|p1b: Kirbeefy
|-damage|p1b: Kirbeefy|52/100
|
|-damage|p1a: Paddington|89/100 brn|[from] brn
|upkeep
|turn|8
|-message|maybeajit forfeited.
|
|win|3k Ligue Croissant
|l|☆maybeajit
|player|p1|
||maybeajit is ready for game 2.
||3k Ligue Croissant is ready for game 2.
|uhtml|next|Next: Game 2 of 3
|l|☆3k Ligue Croissant
|player|p2|
