|j|☆marcosdeltasena31
|j|☆LordTentacle69
|html|marcosdeltasena31LordTentacle69    
|uhtml|bestof|Game 3 of a best-of-3
|t:|1757208525
|gametype|doubles
|player|p1|marcosdeltasena31|hilbert|1312
|player|p2|LordTentacle69|plasmagruntf|1344
|gen|9
|tier|[Gen 9] VGC 2025 Reg H (Bo3)
|rated|
|rule|Species Clause: Limit one of each Pokémon
|rule|Item Clause: Limit 1 of each item
|clearpoke
|poke|p1|Dragonite, L50, F|
|poke|p1|Sneasler, L50, F|
|poke|p1|Volcarona, L50, F|
|poke|p1|Rillaboom, L50, M|
|poke|p1|Kingambit, L50, F|
|poke|p1|Electabuzz, L50, F|
|poke|p2|Dragapult, L50, M|
|poke|p2|Tauros-Paldea-Aqua, L50, M|
|poke|p2|Rillaboom, L50, M|
|poke|p2|Talonflame, L50, F|
|poke|p2|Ursaluna-Bloodmoon, L50, M|
|poke|p2|Gholdengo, L50|
|teampreview|4
|showteam|p1|Dragonite||LoadedDice|Multiscale|ScaleShot,ExtremeSpeed,Haze,Protect|||F|||50|,,,,,Fairy]Sneasler||FocusSash|PoisonTouch|DireClaw,CloseCombat,FakeOut,Coaching|||F|||50|,,,,,Ghost]Volcarona||CovertCloak|FlameBody|HeatWave,TeraBlast,QuiverDance,Protect|||F|||50|,,,,,Fairy]Rillaboom||AssaultVest|GrassySurge|WoodHammer,FakeOut,GrassyGlide,HighHorsepower|||M|||50|,,,,,Fire]Kingambit||BlackGlasses|Defiant|KowtowCleave,SwordsDance,SuckerPunch,Protect|||F|||50|,,,,,Dark]Electabuzz||Eviolite|VitalSpirit|Thunderbolt,FollowMe,Taunt,Protect|||F|||50|,,,,,Ghost
|showteam|p2|Dragapult||ChoiceBand|ClearBody|Outrage,DragonDarts,PhantomForce,Uturn|||M|||50|,,,,,Dragon]Tauros-Paldea-Aqua||MirrorHerb|Intimidate|RagingBull,CloseCombat,AquaJet,Protect|||M|||50|,,,,,Grass]Rillaboom||AssaultVest|GrassySurge|WoodHammer,GrassyGlide,FakeOut,HighHorsepower|||M|||50|,,,,,Fire]Talonflame||CovertCloak|GaleWings|Tailwind,BraveBird,FlareBlitz,Taunt|||F|||50|,,,,,Grass]Ursaluna-Bloodmoon||LifeOrb|MindsEye|BloodMoon,HyperVoice,EarthPower,Protect|||M|||50|,,,,,Normal]Gholdengo||ChoiceSpecs|GoodasGold|MakeItRain,ShadowBall,Thunderbolt,DazzlingGleam||||||50|,,,,,Steel
|
|t:|1757208561
|teamsize|p1|4
|teamsize|p2|4
|start
|switch|p1a: Dragonite|Dragonite, L50, F|100/100
|switch|p1b: Sneasler|Sneasler, L50, F|100/100
|switch|p2a: Talonflame|Talonflame, L50, F|100/100
|switch|p2b: Ursaluna|Ursaluna-Bloodmoon, L50, M|100/100
|turn|1
|
|t:|1757208576
|switch|p2b: Tauros|Tauros-Paldea-Aqua, L50, M|100/100
|-ability|p2b: Tauros|Intimidate|boost
|-unboost|p1a: Dragonite|atk|1
|-unboost|p1b: Sneasler|atk|1
|move|p2a: Talonflame|Tailwind|p2a: Talonflame
|-sidestart|p2: LordTentacle69|move: Tailwind
|move|p1b: Sneasler|Close Combat|p2b: Tauros
|-damage|p2b: Tauros|55/100
|-unboost|p1b: Sneasler|def|1
|-unboost|p1b: Sneasler|spd|1
|-status|p2b: Tauros|psn|[from] ability: Poison Touch|[of] p1b: Sneasler
|move|p1a: Dragonite|Scale Shot|p2a: Talonflame|[miss]
|-miss|p1a: Dragonite|p2a: Talonflame
|
|-damage|p2b: Tauros|43/100 psn|[from] psn
|upkeep
|turn|2
|
|t:|1757208604
|move|p2a: Talonflame|Brave Bird|p1b: Sneasler
|-supereffective|p1b: Sneasler
|-enditem|p1b: Sneasler|Focus Sash
|-damage|p1b: Sneasler|1/100
|-damage|p2a: Talonflame|67/100|[from] Recoil
|move|p2b: Tauros|Aqua Jet|p1b: Sneasler
|-damage|p1b: Sneasler|0 fnt
|faint|p1b: Sneasler
|move|p1a: Dragonite|Scale Shot|p2a: Talonflame
|-damage|p2a: Talonflame|51/100
|-damage|p2a: Talonflame|36/100
|-damage|p2a: Talonflame|19/100
|-damage|p2a: Talonflame|4/100
|-damage|p2a: Talonflame|0 fnt
|faint|p2a: Talonflame
|-hitcount|p2: Talonflame|5
|-unboost|p1a: Dragonite|def|1
|-boost|p1a: Dragonite|spe|1
|-enditem|p2b: Tauros|Mirror Herb
|-boost|p2b: Tauros|spe|1|[from] item: Mirror Herb
|
|-damage|p2b: Tauros|31/100 psn|[from] psn
|upkeep
|
|t:|1757208624
|switch|p2a: Ursaluna|Ursaluna-Bloodmoon, L50, M|100/100
|switch|p1b: Rillaboom|Rillaboom, L50, M|100/100
|-fieldstart|move: Grassy Terrain|[from] ability: Grassy Surge|[of] p1b: Rillaboom
|turn|3
|
|t:|1757208648
|move|p2b: Tauros|Protect|p2b: Tauros
|-singleturn|p2b: Tauros|Protect
|move|p2a: Ursaluna|Protect|p2a: Ursaluna
|-singleturn|p2a: Ursaluna|Protect
|move|p1b: Rillaboom|Fake Out|p2a: Ursaluna
|-activate|p2a: Ursaluna|move: Protect
|move|p1a: Dragonite|Haze|p1a: Dragonite
|-clearallboost
|
|-heal|p2b: Tauros|37/100 psn|[from] Grassy Terrain
|-damage|p2b: Tauros|25/100 psn|[from] psn
|upkeep
|turn|4
|
|t:|1757208688
|switch|p2b: Rillaboom|Rillaboom, L50, M|100/100
|-terastallize|p2a: Ursaluna|Normal
|move|p1a: Dragonite|Protect|p1a: Dragonite
|-singleturn|p1a: Dragonite|Protect
|move|p1b: Rillaboom|Grassy Glide|p2a: Ursaluna
|-damage|p2a: Ursaluna|70/100
|move|p2a: Ursaluna|Hyper Voice|p1b: Rillaboom|[spread] p1b
|-activate|p1a: Dragonite|move: Protect
|-damage|p1b: Rillaboom|49/100
|-damage|p2a: Ursaluna|60/100|[from] item: Life Orb
|
|-heal|p2a: Ursaluna|66/100|[from] Grassy Terrain
|-heal|p1b: Rillaboom|55/100|[from] Grassy Terrain
|-sideend|p2: LordTentacle69|move: Tailwind
|upkeep
|turn|5
|
|t:|1757208734
|move|p2b: Rillaboom|Fake Out|p1b: Rillaboom
|-damage|p1b: Rillaboom|42/100
|move|p1a: Dragonite|Scale Shot|p2a: Ursaluna
|-damage|p2a: Ursaluna|53/100
|-damage|p2a: Ursaluna|42/100
|-damage|p2a: Ursaluna|29/100
|-damage|p2a: Ursaluna|16/100
|-hitcount|p2a: Ursaluna|4
|-unboost|p1a: Dragonite|def|1
|-boost|p1a: Dragonite|spe|1
|cant|p1b: Rillaboom|flinch
|move|p2a: Ursaluna|Blood Moon|p1a: Dragonite
|-damage|p1a: Dragonite|23/100
|-damage|p2a: Ursaluna|6/100|[from] item: Life Orb
|
|-heal|p1b: Rillaboom|48/100|[from] Grassy Terrain
|-heal|p2a: Ursaluna|12/100|[from] Grassy Terrain
|upkeep
|turn|6
|
|t:|1757208762
|switch|p2b: Tauros|Tauros-Paldea-Aqua, L50, M|25/100 psn
|-ability|p2b: Tauros|Intimidate|boost
|-unboost|p1a: Dragonite|atk|1
|-unboost|p1b: Rillaboom|atk|1
|move|p2a: Ursaluna|Protect|p2a: Ursaluna
|-singleturn|p2a: Ursaluna|Protect
|move|p1a: Dragonite|Scale Shot|p2b: Tauros
|-damage|p2b: Tauros|14/100 psn
|-damage|p2b: Tauros|4/100 psn
|-crit|p2b: Tauros
|-damage|p2b: Tauros|0 fnt
|faint|p2b: Tauros
|-hitcount|p2: Tauros|3
|-unboost|p1a: Dragonite|def|1
|-boost|p1a: Dragonite|spe|1
|move|p1b: Rillaboom|Wood Hammer|p2a: Ursaluna
|-activate|p2a: Ursaluna|move: Protect
|
|-heal|p1b: Rillaboom|54/100|[from] Grassy Terrain
|-heal|p2a: Ursaluna|18/100|[from] Grassy Terrain
|upkeep
|
|t:|1757208780
|switch|p2b: Rillaboom|Rillaboom, L50, M|100/100
|turn|7
|
|t:|1757208796
|move|p2b: Rillaboom|Fake Out|p1b: Rillaboom
|-damage|p1b: Rillaboom|41/100
|move|p1a: Dragonite|Scale Shot|p2a: Ursaluna|[miss]
|-miss|p1a: Dragonite|p2a: Ursaluna
|cant|p1b: Rillaboom|flinch
|move|p2a: Ursaluna|Hyper Voice|p1b: Rillaboom|[spread] p1a,p1b
|-crit|p1b: Rillaboom
|-damage|p1a: Dragonite|0 fnt
|-damage|p1b: Rillaboom|0 fnt
|faint|p1a: Dragonite
|faint|p1b: Rillaboom
|-damage|p2a: Ursaluna|8/100|[from] item: Life Orb
|
|-heal|p2a: Ursaluna|14/100|[from] Grassy Terrain
|-fieldend|move: Grassy Terrain
|upkeep
|
|t:|1757208807
|switch|p1b: Volcarona|Volcarona, L50, F|100/100
|turn|8
|
|t:|1757208825
|move|p1b: Volcarona|Heat Wave|p2b: Rillaboom|[spread] p2a,p2b
|-supereffective|p2b: Rillaboom
|-damage|p2a: Ursaluna|0 fnt
|-damage|p2b: Rillaboom|48/100
|faint|p2a: Ursaluna
|move|p2b: Rillaboom|High Horsepower|p1b: Volcarona|[miss]
|-miss|p2b: Rillaboom|p1b: Volcarona
|
|upkeep
|turn|9
|-message|LordTentacle69 forfeited.
|
|win|marcosdeltasena31
|raw|marcosdeltasena31's rating: 1312 → 1334(+22 for winning)
|raw|LordTentacle69's rating: 1344 → 1322(-22 for losing)
|l|☆LordTentacle69
|player|p2|
