|j|☆randomguy1114s
|j|☆broccoliraab
|html|randomguy1114sbroccoliraab    
|uhtml|bestof|Game 1 of a best-of-3
|t:|1756869468
|gametype|doubles
|player|p1|randomguy1114s|lillie-masters|1164
|player|p2|broccoliraab|101|1119
|gen|9
|tier|[Gen 9] VGC 2025 Reg H (Bo3)
|rated|
|rule|Species Clause: Limit one of each Pokémon
|rule|Item Clause: Limit 1 of each item
|clearpoke
|poke|p1|Garchomp, L50, F|
|poke|p1|Tyranitar, L50, M|
|poke|p1|Ursaluna-Bloodmoon, L50, M|
|poke|p1|Talonflame, L50, F|
|poke|p1|Glimmora, L50, M|
|poke|p1|Archaludon, L50, M|
|poke|p2|Whimsicott, L50, M|
|poke|p2|Palafin, L50, F|
|poke|p2|Volcarona, L50, F|
|poke|p2|Grimmsnarl, L50, M|
|poke|p2|Politoed, L50, M|
|poke|p2|Annihilape, L50, M|
|teampreview|4
|showteam|p1|Garchomp||ClearAmulet|SandVeil|Earthquake,DragonClaw,StompingTantrum,Protect|||F|||50|,,,,,Steel]Tyranitar||AssaultVest|SandStream|RockSlide,KnockOff,TeraBlast,LowKick|||M|||50|,,,,,Flying]Ursaluna-Bloodmoon||LifeOrb|MindsEye|BloodMoon,HyperVoice,EarthPower,Protect|||M|||50|,,,,,Normal]Talonflame||SafetyGoggles|GaleWings|Tailwind,FlareBlitz,BraveBird,WillOWisp|||F|||50|,,,,,Ghost]Glimmora||FocusSash|ToxicDebris|SludgeWave,PowerGem,EarthPower,SpikyShield|||M|||50|,,,,,Stellar]Archaludon||PowerHerb|Sturdy|ElectroShot,FlashCannon,DragonPulse,Protect|||M|||50|,,,,,Electric
|showteam|p2|Whimsicott||FocusSash|Prankster|Tailwind,Moonblast,Encore,Endeavor|||M|||50|,,,,,Water]Palafin||LifeOrb|ZerotoHero|FlipTurn,CloseCombat,Liquidation,Protect|||F|||50|,,,,,Water]Volcarona||SitrusBerry|FlameBody|FieryDance,QuiverDance,Protect,BugBuzz|||F|||50|,,,,,Bug]Grimmsnarl||LightClay|Prankster|LightScreen,Reflect,ThunderWave,SpiritBreak|||M|||50|,,,,,Dark]Politoed||Leftovers|Drizzle|WeatherBall,Protect,PerishSong,Substitute|||M|||50|,,,,,Water]Annihilape||ChoiceScarf|Defiant|FinalGambit,RageFist,CloseCombat,ThroatChop|||M|||50|,,,,,Fighting
|inactive|Battle timer is ON: inactive players will automatically lose when time's up. (requested by broccoliraab)
|inactive|randomguy1114s has 60 seconds left.
|
|t:|1756869533
|teamsize|p1|4
|teamsize|p2|4
|start
|switch|p1a: Talonflame|Talonflame, L50, F, shiny|100/100
|switch|p1b: the tank|Tyranitar, L50, M, shiny|100/100
|switch|p2a: Annihilape|Annihilape, L50, M|100/100
|switch|p2b: Palafin|Palafin, L50, F|100/100
|-weather|Sandstorm|[from] ability: Sand Stream|[of] p1b: the tank
|turn|1
|inactive|randomguy1114s has 30 seconds left.
|inactive|broccoliraab has 30 seconds left.
|
|t:|1756869572
|-terastallize|p1b: the tank|Flying
|move|p1a: Talonflame|Brave Bird|p2a: Annihilape
|-supereffective|p2a: Annihilape
|-damage|p2a: Annihilape|15/100
|-damage|p1a: Talonflame|61/100|[from] Recoil
|move|p2a: Annihilape|Final Gambit|p1b: the tank
|-damage|p1b: the tank|84/100
|faint|p2a: Annihilape
|move|p2b: Palafin|Flip Turn|p1a: Talonflame
|-supereffective|p1a: Talonflame
|-damage|p1a: Talonflame|0 fnt
|faint|p1a: Talonflame
|-damage|p2b: Palafin|91/100|[from] item: Life Orb
|
|t:|1756869583
|detailschange|p2b: Palafin|Palafin-Hero, L50, F
|switch|p2b: Politoed|Politoed, L50, M|100/100|[from] Flip Turn
|-weather|RainDance|[from] ability: Drizzle|[of] p2b: Politoed
|move|p1b: the tank|Tera Blast|p2b: Politoed|[anim] Tera Blast Flying
|-crit|p2b: Politoed
|-damage|p2b: Politoed|43/100
|
|-weather|RainDance|[upkeep]
|-heal|p2b: Politoed|49/100|[from] item: Leftovers
|upkeep
|
|t:|1756869594
|switch|p1a: Archaludon|Archaludon, L50, M, shiny|100/100
|switch|p2a: Palafin|Palafin-Hero, L50, F|91/100
|-activate|p2a: Palafin|ability: Zero to Hero
|turn|2
|
|t:|1756869615
|switch|p1b: Garchomp|Garchomp, L50, F, shiny|100/100
|move|p2a: Palafin|Close Combat|p1a: Archaludon
|-supereffective|p1a: Archaludon
|-ability|p1a: Archaludon|Sturdy
|-damage|p1a: Archaludon|1/100
|-unboost|p2a: Palafin|def|1
|-unboost|p2a: Palafin|spd|1
|-damage|p2a: Palafin|81/100|[from] item: Life Orb
|move|p1a: Archaludon|Electro Shot||[still]
|-prepare|p1a: Archaludon|Electro Shot
|-boost|p1a: Archaludon|spa|1
|-anim|p1a: Archaludon|Electro Shot|p2a: Palafin
|-supereffective|p2a: Palafin
|-damage|p2a: Palafin|0 fnt
|faint|p2a: Palafin
|move|p2b: Politoed|Weather Ball|p1b: Garchomp
|-damage|p1b: Garchomp|51/100
|
|-weather|RainDance|[upkeep]
|-heal|p2b: Politoed|55/100|[from] item: Leftovers
|upkeep
|
|t:|1756869622
|switch|p2a: Whimsicott|Whimsicott, L50, M|100/100
|turn|3
|inactive|randomguy1114s has 30 seconds left.
|
|t:|1756869650
|switch|p1a: the tank|Tyranitar, L50, M, shiny, tera:Flying|84/100
|-weather|Sandstorm|[from] ability: Sand Stream|[of] p1a: the tank
|move|p2b: Politoed|Protect|p2b: Politoed
|-singleturn|p2b: Politoed|Protect
|move|p2a: Whimsicott|Moonblast|p1a: the tank
|-damage|p1a: the tank|62/100
|move|p1b: Garchomp|Earthquake|p2a: Whimsicott|[spread] p2a
|-activate|p2b: Politoed|move: Protect
|-immune|p1a: the tank
|-resisted|p2a: Whimsicott
|-damage|p2a: Whimsicott|71/100
|
|-weather|Sandstorm|[upkeep]
|-damage|p2a: Whimsicott|65/100|[from] Sandstorm
|-damage|p1a: the tank|56/100|[from] Sandstorm
|-damage|p2b: Politoed|49/100|[from] Sandstorm
|-heal|p2b: Politoed|55/100|[from] item: Leftovers
|upkeep
|turn|4
|
|t:|1756869669
|move|p2a: Whimsicott|Moonblast|p1b: Garchomp
|-supereffective|p1b: Garchomp
|-damage|p1b: Garchomp|0 fnt
|faint|p1b: Garchomp
|move|p1a: the tank|Rock Slide|p2a: Whimsicott|[spread] p2a,p2b
|-damage|p2a: Whimsicott|16/100
|-damage|p2b: Politoed|29/100
|move|p2b: Politoed|Weather Ball|p1a: the tank
|-supereffective|p1a: the tank
|-damage|p1a: the tank|28/100
|
|-weather|Sandstorm|[upkeep]
|-damage|p2a: Whimsicott|10/100|[from] Sandstorm
|-damage|p1a: the tank|22/100|[from] Sandstorm
|-damage|p2b: Politoed|23/100|[from] Sandstorm
|-heal|p2b: Politoed|29/100|[from] item: Leftovers
|upkeep
|
|t:|1756869675
|switch|p1b: Archaludon|Archaludon, L50, M, shiny|1/100
|turn|5
|inactive|broccoliraab has 30 seconds left.
|
|t:|1756869707
|move|p2a: Whimsicott|Tailwind|p2a: Whimsicott
|-sidestart|p2: broccoliraab|move: Tailwind
|move|p2b: Politoed|Weather Ball|p1a: the tank
|-supereffective|p1a: the tank
|-damage|p1a: the tank|0 fnt
|faint|p1a: the tank
|move|p1b: Archaludon|Dragon Pulse|p2b: Politoed
|-damage|p2b: Politoed|0 fnt
|faint|p2b: Politoed
|
|-weather|Sandstorm|[upkeep]
|-damage|p2a: Whimsicott|4/100|[from] Sandstorm
|upkeep
|turn|6
|
|t:|1756869727
|move|p1b: Archaludon|Protect|p1b: Archaludon
|-singleturn|p1b: Archaludon|Protect
|move|p2a: Whimsicott|Moonblast|p1b: Archaludon
|-activate|p1b: Archaludon|move: Protect
|
|-weather|Sandstorm|[upkeep]
|-damage|p2a: Whimsicott|0 fnt|[from] Sandstorm
|faint|p2a: Whimsicott
|
|win|randomguy1114s
||broccoliraab is ready for game 2.
