|j|☆Kleiton.nono
|j|☆tooon
|html|Kleiton.nonotooon    
|uhtml|bestof|Game 1 of a best-of-3
|t:|1756682580
|gametype|doubles
|player|p1|Kleiton.nono|170|
|player|p2|tooon|gambler|
|gen|9
|tier|[Gen 9] VGC 2025 Reg H (Bo3)
|rule|Species Clause: Limit one of each Pokémon
|rule|Item Clause: Limit 1 of each item
|clearpoke
|poke|p1|Kingambit, L50, M|
|poke|p1|Primarina, L50, F|
|poke|p1|Sneasler, L50, F|
|poke|p1|Magmar, L50, F|
|poke|p1|Rillaboom, L50, M|
|poke|p1|Dragapult, L50, M|
|poke|p2|Gholdengo, L50|
|poke|p2|Sneasler, L50, M|
|poke|p2|Rillaboom, L50, F|
|poke|p2|Ninetales-Alola, L50, F|
|poke|p2|Arcanine-Hisui, L50, M|
|poke|p2|Dragonite, L50, M|
|teampreview|4
|showteam|p1|Kingambit||BlackGlasses|Defiant|KowtowCleave,SuckerPunch,SwordsDance,Protect|||M|||50|,,,,,Dark]Primarina||SitrusBerry|LiquidVoice|HyperVoice,Moonblast,Haze,Protect|||F|||50|,,,,,Poison]Sneasler||FocusSash|PoisonTouch|CloseCombat,DireClaw,FakeOut,Protect|||F|||50|,,,,,Ghost]Magmar||Eviolite|VitalSpirit|Overheat,WillOWisp,FollowMe,Protect|||F|||50|,,,,,Ghost]Rillaboom||AssaultVest|GrassySurge|WoodHammer,GrassyGlide,HighHorsepower,FakeOut|||M|||50|,,,,,Fire]Dragapult||ChoiceBand|ClearBody|DragonDarts,PhantomForce,Outrage,Uturn|||M|||50|,,,,,Dragon
|showteam|p2|Gholdengo||GrassySeed|GoodasGold|NastyPlot,MakeItRain,ShadowBall,Protect||||||50|,,,,,Water]Sneasler||WhiteHerb|Unburden|CloseCombat,DireClaw,Coaching,Protect|||M|||50|,,,,,Ghost]Rillaboom||AssaultVest|GrassySurge|FakeOut,GrassyGlide,DrumBeating,HighHorsepower|||F|||50|,,,,,Fire]Ninetales-Alola||FocusSash|SnowWarning|Blizzard,IcyWind,Encore,AuroraVeil|||F|||50|,,,,,Ghost]Arcanine-Hisui||ClearAmulet|Intimidate|RockSlide,FlareBlitz,ExtremeSpeed,Protect|||M|||50|,,,,,Water]Dragonite||LoadedDice|Multiscale|ScaleShot,StompingTantrum,Tailwind,Protect|||M|||50|,,,,,Ground
|
|t:|1756682621
|teamsize|p1|4
|teamsize|p2|4
|start
|switch|p1a: Sneasler|Sneasler, L50, F|100/100
|switch|p1b: Magmar|Magmar, L50, F|100/100
|switch|p2a: Ninetales|Ninetales-Alola, L50, F|100/100
|switch|p2b: Dragonite|Dragonite, L50, M|100/100
|-weather|Snowscape|[from] ability: Snow Warning|[of] p2a: Ninetales
|turn|1
|
|t:|1756682645
|-terastallize|p1a: Sneasler|Ghost
|-terastallize|p2a: Ninetales|Ghost
|move|p1a: Sneasler|Dire Claw|p2a: Ninetales
|-resisted|p2a: Ninetales
|-damage|p2a: Ninetales|70/100
|move|p2a: Ninetales|Aurora Veil|p2a: Ninetales
|-sidestart|p2: tooon|move: Aurora Veil
|move|p2b: Dragonite|Scale Shot|p1a: Sneasler
|-damage|p1a: Sneasler|75/100
|-damage|p1a: Sneasler|51/100
|-damage|p1a: Sneasler|26/100
|-damage|p1a: Sneasler|0 fnt
|faint|p1a: Sneasler
|-hitcount|p1: Sneasler|4
|-unboost|p2b: Dragonite|def|1
|-boost|p2b: Dragonite|spe|1
|move|p1b: Magmar|Will-O-Wisp|p2b: Dragonite
|-status|p2b: Dragonite|brn
|
|-weather|Snowscape|[upkeep]
|-damage|p2b: Dragonite|95/100 brn|[from] brn
|upkeep
|
|t:|1756682675
|switch|p1a: Rillaboom|Rillaboom, L50, M|100/100
|-fieldstart|move: Grassy Terrain|[from] ability: Grassy Surge|[of] p1a: Rillaboom
|turn|2
|
|t:|1756682697
|move|p1a: Rillaboom|Fake Out|p2b: Dragonite
|-damage|p2b: Dragonite|78/100 brn
|move|p1b: Magmar|Follow Me|p1b: Magmar
|-singleturn|p1b: Magmar|move: Follow Me
|cant|p2b: Dragonite|flinch
|move|p2a: Ninetales|Blizzard|p1a: Rillaboom|[spread] p1a,p1b
|-supereffective|p1a: Rillaboom
|-resisted|p1b: Magmar
|-damage|p1a: Rillaboom|51/100
|-damage|p1b: Magmar|89/100
|
|-weather|Snowscape|[upkeep]
|-heal|p2a: Ninetales|76/100|[from] Grassy Terrain
|-heal|p1b: Magmar|95/100|[from] Grassy Terrain
|-heal|p1a: Rillaboom|57/100|[from] Grassy Terrain
|-damage|p2b: Dragonite|72/100 brn|[from] brn
|upkeep
|turn|3
|
|t:|1756682720
|move|p1b: Magmar|Follow Me|p1b: Magmar
|-singleturn|p1b: Magmar|move: Follow Me
|move|p1a: Rillaboom|Grassy Glide|p2a: Ninetales
|-damage|p2a: Ninetales|38/100
|move|p2b: Dragonite|Stomping Tantrum|p1b: Magmar
|-supereffective|p1b: Magmar
|-crit|p1b: Magmar
|-damage|p1b: Magmar|25/100
|move|p2a: Ninetales|Blizzard|p1a: Rillaboom|[spread] p1a,p1b
|-supereffective|p1a: Rillaboom
|-resisted|p1b: Magmar
|-damage|p1a: Rillaboom|6/100
|-damage|p1b: Magmar|13/100
|
|-weather|Snowscape|[upkeep]
|-heal|p2a: Ninetales|44/100|[from] Grassy Terrain
|-heal|p1b: Magmar|19/100|[from] Grassy Terrain
|-heal|p1a: Rillaboom|12/100|[from] Grassy Terrain
|-damage|p2b: Dragonite|66/100 brn|[from] brn
|upkeep
|turn|4
|
|t:|1756682752
|move|p1b: Magmar|Follow Me|p1b: Magmar
|-singleturn|p1b: Magmar|move: Follow Me
|move|p1a: Rillaboom|Grassy Glide|p2a: Ninetales
|-damage|p2a: Ninetales|1/100
|move|p2b: Dragonite|Tailwind|p2b: Dragonite
|-sidestart|p2: tooon|move: Tailwind
|move|p2a: Ninetales|Blizzard|p1b: Magmar|[spread] p1a,p1b
|-supereffective|p1a: Rillaboom
|-resisted|p1b: Magmar
|-damage|p1a: Rillaboom|0 fnt
|-damage|p1b: Magmar|6/100
|faint|p1a: Rillaboom
|
|-weather|Snowscape|[upkeep]
|-heal|p2a: Ninetales|7/100|[from] Grassy Terrain
|-heal|p1b: Magmar|12/100|[from] Grassy Terrain
|-damage|p2b: Dragonite|60/100 brn|[from] brn
|upkeep
|
|t:|1756682769
|switch|p1a: Dragapult|Dragapult, L50, M|100/100
|turn|5
|
|t:|1756682777
|move|p1b: Magmar|Follow Me|p1b: Magmar
|-singleturn|p1b: Magmar|move: Follow Me
|move|p2b: Dragonite|Scale Shot|p1b: Magmar
|-damage|p1b: Magmar|6/100
|-damage|p1b: Magmar|0 fnt
|faint|p1b: Magmar
|-hitcount|p1: Magmar|2
|-unboost|p2b: Dragonite|def|1
|-boost|p2b: Dragonite|spe|1
|move|p2a: Ninetales|Blizzard|p1a: Dragapult
|-supereffective|p1a: Dragapult
|-damage|p1a: Dragapult|0 fnt
|faint|p1a: Dragapult
|
|win|tooon
|inactive|Kleiton.nono has 30 seconds to confirm battle start!
|inactive|tooon has 30 seconds to confirm battle start!
||tooon is ready for game 2.
|inactive|Kleiton.nono has 20 seconds to confirm battle start!
|l|☆Kleiton.nono
|player|p1|
|inactive|Kleiton.nono has 10 seconds to confirm battle start!
|j|☆Kleiton.nono
|player|p1|Kleiton.nono|170|
|uhtml|next|Next: Game 2 of 3
|l|☆Kleiton.nono
|player|p1|
|l|☆tooon
|player|p2|
|j|☆tooon
|player|p2|tooon|gambler|
