|j|☆waLooG
|j|☆Alysonz
|html|waLooGAlysonz    
|uhtml|bestof|Game 2 of a best-of-3
|t:|1784587553
|gametype|doubles
|player|p1|waLooG|brycenman|1121
|player|p2|Alysonz|steven|1080
|gen|9
|tier|[Gen 9 Champions] VGC 2026 Reg M-B (Bo3)
|rated|
|rule|Species Clause: Limit one of each Pokémon
|rule|Item Clause: Limit 1 of each item
|clearpoke
|poke|p1|Hydrapple, L50, F|
|poke|p1|Farigiraf, L50, F|
|poke|p1|Incineroar, L50, F|
|poke|p1|Araquanid, L50, M|
|poke|p1|Mawile, L50, M|
|poke|p1|Sableye, L50, M|
|poke|p2|Pelipper, L50, F|
|poke|p2|Basculegion, L50, M|
|poke|p2|Gardevoir, L50, F|
|poke|p2|Garchomp, L50, M|
|poke|p2|Incineroar, L50, M|
|poke|p2|Scizor, L50, M|
|teampreview|4
|showteam|p1|Hydrapple||LifeOrb|Regenerator|Protect,EnergyBall,EarthPower,FickleBeam|Quiet||F|||50|]Farigiraf||SitrusBerry|ArmorTail|Protect,TwinBeam,Thunderbolt,TrickRoom|Bold||F|||50|]Incineroar||ChopleBerry|Intimidate|FakeOut,FlareBlitz,PartingShot,HelpingHand|Careful||F|||50|]Araquanid||MysticWater|WaterBubble|Protect,Liquidation,Lunge,WideGuard|Brave||M|||50|]Mawile||Mawilite|HyperCutter|Protect,IronHead,PlayRough,SuckerPunch|Brave||M|||50|]Sableye||RoseliBerry|Prankster|WillOWisp,Encore,RainDance,Reflect|Careful||M|||50|
|showteam|p2|Pelipper||FocusSash|Drizzle|Protect,Hurricane,IceBeam,Tailwind|Modest||F|||50|]Basculegion||MysticWater|SwiftSwim|AquaJet,LastRespects,WaveCrash,Protect|Adamant||M|||50|]Gardevoir||Gardevoirite|Telepathy|HyperVoice,Psychic,EnergyBall,Protect|Modest||F|||50|]Garchomp||LifeOrb|RoughSkin|DragonClaw,Earthquake,RockSlide,Protect|Adamant||M|||50|]Incineroar||SitrusBerry|Intimidate|DarkestLariat,FakeOut,Taunt,PartingShot|Careful||M|||50|]Scizor||Leftovers|Technician|BulletPunch,CloseCombat,BugBite,Protect|Adamant||M|||50|
|inactive|Battle timer is ON: inactive players will automatically lose when time's up. (requested by Alysonz)
|
|t:|1784587575
|teamsize|p1|4
|teamsize|p2|4
|start
|switch|p1a: Sableye|Sableye, L50, M|100/100
|switch|p1b: Araquanid|Araquanid, L50, M|100/100
|switch|p2a: Incineroar|Incineroar, L50, M|100/100
|switch|p2b: Gardevoir|Gardevoir, L50, F|100/100
|-ability|p2a: Incineroar|Intimidate|boost
|-unboost|p1a: Sableye|atk|1
|-unboost|p1b: Araquanid|atk|1
|turn|1
|
|t:|1784587591
|detailschange|p2b: Gardevoir|Gardevoir-Mega, L50, F
|-mega|p2b: Gardevoir|Gardevoir|Gardevoirite
|move|p2a: Incineroar|Fake Out|p1b: Araquanid
|-damage|p1b: Araquanid|88/100
|move|p1a: Sableye|Rain Dance|p1a: Sableye
|-weather|RainDance
|move|p2b: Gardevoir|Hyper Voice|p1b: Araquanid|[spread] p1a,p1b
|-supereffective|p1a: Sableye|1
|-enditem|p1a: Sableye|Roseli Berry|[eat]
|-enditem|p1a: Sableye|Roseli Berry|[weaken]
|-damage|p1a: Sableye|35/100
|-damage|p1b: Araquanid|45/100
|cant|p1b: Araquanid|flinch
|
|-weather|RainDance|[upkeep]
|upkeep
|turn|2
|
|t:|1784587611
|move|p2b: Gardevoir|Protect|p2b: Gardevoir
|-singleturn|p2b: Gardevoir|Protect
|move|p1b: Araquanid|Wide Guard|p1b: Araquanid
|-singleturn|p1b: Araquanid|Wide Guard
|move|p1a: Sableye|Reflect|p1a: Sableye
|-sidestart|p1: waLooG|Reflect
|move|p2a: Incineroar|Parting Shot|p1b: Araquanid
|-unboost|p1b: Araquanid|atk|1
|-unboost|p1b: Araquanid|spa|1
|
|t:|1784587621
|switch|p2a: Scizor|Scizor, L50, M|100/100|[from] Parting Shot
|
|-weather|RainDance|[upkeep]
|upkeep
|turn|3
|
|t:|1784587630
|switch|p1b: Farigiraf|Farigiraf, L50, F|100/100
|move|p1a: Sableye|Encore|p2b: Gardevoir
|-start|p2b: Gardevoir|Encore
|move|p2b: Gardevoir|Protect||[still]
|-fail|p2b: Gardevoir
|move|p2a: Scizor|Bug Bite|p1b: Farigiraf
|-supereffective|p1b: Farigiraf|1
|-damage|p1b: Farigiraf|46/100
|-enditem|p1b: Farigiraf|Sitrus Berry|[from] stealeat|[move] Bug Bite|[of] p2a: Scizor
|
|-weather|RainDance|[upkeep]
|upkeep
|turn|4
|
|t:|1784587647
|switch|p2b: Incineroar|Incineroar, L50, M|100/100
|-ability|p2b: Incineroar|Intimidate|boost
|-unboost|p1a: Sableye|atk|1
|-unboost|p1b: Farigiraf|atk|1
|move|p1a: Sableye|Will-O-Wisp|p2a: Scizor|[miss]
|-miss|p1a: Sableye|p2a: Scizor
|move|p2a: Scizor|Bug Bite|p1b: Farigiraf
|-supereffective|p1b: Farigiraf|1
|-damage|p1b: Farigiraf|0 fnt
|faint|p1b: Farigiraf
|
|-weather|RainDance|[upkeep]
|upkeep
|
|t:|1784587655
|switch|p1b: Araquanid|Araquanid, L50, M|45/100
|turn|5
|
|t:|1784587680
|move|p1b: Araquanid|Protect|p1b: Araquanid
|-singleturn|p1b: Araquanid|Protect
|move|p2b: Incineroar|Fake Out|p1b: Araquanid
|-activate|p1b: Araquanid|move: Protect
|move|p2a: Scizor|Bullet Punch|p1b: Araquanid
|-activate|p1b: Araquanid|move: Protect
|move|p1a: Sableye|Will-O-Wisp|p2a: Scizor
|-status|p2a: Scizor|brn
|
|-weather|none
|-damage|p2a: Scizor|93/100 brn|[from] brn
|upkeep
|turn|6
|
|t:|1784587702
|move|p1a: Sableye|Rain Dance|p1a: Sableye
|-weather|RainDance
|move|p2a: Scizor|Bug Bite|p1b: Araquanid
|-damage|p1b: Araquanid|25/100
|move|p2b: Incineroar|Taunt|p1a: Sableye
|-start|p1a: Sableye|move: Taunt
|move|p1b: Araquanid|Liquidation|p2b: Incineroar
|-supereffective|p2b: Incineroar|1
|-damage|p2b: Incineroar|0 fnt
|faint|p2b: Incineroar
|
|-weather|RainDance|[upkeep]
|-heal|p2a: Scizor|100/100 brn|[from] item: Leftovers
|-damage|p2a: Scizor|93/100 brn|[from] brn
|-sideend|p1: waLooG|Reflect
|upkeep
|
|t:|1784587715
|switch|p2b: Garchomp|Garchomp, L50, M|100/100
|turn|7
|
|t:|1784587721
|switch|p1a: Mawile|Mawile, L50, M|100/100
|move|p2a: Scizor|Protect|p2a: Scizor
|-singleturn|p2a: Scizor|Protect
|move|p1b: Araquanid|Protect|p1b: Araquanid
|-singleturn|p1b: Araquanid|Protect
|move|p2b: Garchomp|Earthquake|p1b: Araquanid|[spread] p1a
|-activate|p2a: Scizor|move: Protect
|-activate|p1b: Araquanid|move: Protect
|-supereffective|p1a: Mawile|1
|-damage|p1a: Mawile|0 fnt
|faint|p1a: Mawile
|-damage|p2b: Garchomp|90/100|[from] item: Life Orb
|
|-weather|RainDance|[upkeep]
|-heal|p2a: Scizor|100/100 brn|[from] item: Leftovers
|-damage|p2a: Scizor|93/100 brn|[from] brn
|upkeep
|
|t:|1784587723
|switch|p1a: Sableye|Sableye, L50, M|35/100
|turn|8
|
|t:|1784587741
|move|p1b: Araquanid|Wide Guard|p1b: Araquanid
|-singleturn|p1b: Araquanid|Wide Guard
|move|p2a: Scizor|Bullet Punch|p1a: Sableye
|-damage|p1a: Sableye|12/100
|move|p1a: Sableye|Will-O-Wisp|p2b: Garchomp|[miss]
|-miss|p1a: Sableye|p2b: Garchomp
|move|p2b: Garchomp|Earthquake|p1b: Araquanid|[spread] p2a
|-activate|p1a: Sableye|move: Wide Guard
|-activate|p1b: Araquanid|move: Wide Guard
|-damage|p2a: Scizor|21/100 brn
|-damage|p2b: Garchomp|80/100|[from] item: Life Orb
|
|-weather|RainDance|[upkeep]
|-heal|p2a: Scizor|27/100 brn|[from] item: Leftovers
|-damage|p2a: Scizor|21/100 brn|[from] brn
|upkeep
|turn|9
|
|t:|1784587760
|move|p2a: Scizor|Bullet Punch|p1a: Sableye
|-damage|p1a: Sableye|0 fnt
|faint|p1a: Sableye
|move|p2b: Garchomp|Earthquake|p1b: Araquanid|[spread] p2a,p1b
|-resisted|p1b: Araquanid|1
|-damage|p2a: Scizor|0 fnt
|-damage|p1b: Araquanid|0 fnt
|faint|p2a: Scizor
|faint|p1b: Araquanid
|-damage|p2b: Garchomp|70/100|[from] item: Life Orb
|
|win|Alysonz
||waLooG is ready for game 3.
||Alysonz is ready for game 3.
|uhtml|next|Next: Game 3 of 3
