|j|☆Its Sushiii
|j|☆alexander1111
|html|Its Sushiiialexander1111    
|uhtml|bestof|Game 2 of a best-of-3
|t:|1784669705
|gametype|doubles
|player|p1|Its Sushiii|102|1425
|player|p2|alexander1111|preschooler|1376
|gen|9
|tier|[Gen 9 Champions] VGC 2026 Reg M-B (Bo3)
|rated|
|rule|Species Clause: Limit one of each Pokémon
|rule|Item Clause: Limit 1 of each item
|clearpoke
|poke|p1|Excadrill, L50, M, shiny|
|poke|p1|Tyranitar, L50, M|
|poke|p1|Farigiraf, L50, M|
|poke|p1|Sylveon, L50, M|
|poke|p1|Charizard, L50, F|
|poke|p1|Hydreigon, L50, M|
|poke|p2|Milotic, L50, F|
|poke|p2|Maushold-Four, L50|
|poke|p2|Charizard, L50, F, shiny|
|poke|p2|Whimsicott, L50, M, shiny|
|poke|p2|Kingambit, L50, M|
|poke|p2|Garchomp, L50, M|
|teampreview|4
|showteam|p1|Excadrill||FocusSash|SandRush|IronHead,HighHorsepower,RockSlide,Protect|Adamant||M|||50|]Tyranitar||Tyranitarite|SandStream|RockSlide,KnockOff,LowKick,Protect|Adamant||M|||50|]Farigiraf||SitrusBerry|ArmorTail|Psychic,Thunderbolt,TrickRoom,Protect|Relaxed||M|||50|]Sylveon||LifeOrb|Pixilate|HyperVoice,HyperBeam,QuickAttack,Detect|Modest||M|||50|]Charizard||CharizarditeY|Blaze|HeatWave,SolarBeam,WeatherBall,Protect|Modest||F|||50|]Hydreigon||ChoiceScarf|Levitate|DarkPulse,DracoMeteor,EarthPower,Snarl|Modest||M|||50|
|showteam|p2|Milotic||SitrusBerry|Competitive|Scald,IceBeam,HelpingHand,Protect|Modest||F|||50|]Maushold-Four||WideLens|Technician|PopulationBomb,FollowMe,Protect,SunnyDay|Jolly|||||50|]Charizard||CharizarditeY|Blaze|SolarBeam,HeatWave,WeatherBall,Protect|Timid||F|||50|]Whimsicott||FocusSash|Prankster|Tailwind,Moonblast,Protect,Encore|Timid||M|||50|]Kingambit||ChopleBerry|Defiant|KowtowCleave,SuckerPunch,IronHead,LowKick|Adamant||M|||50|]Garchomp||LifeOrb|RoughSkin|RockSlide,Earthquake,DragonClaw,Protect|Jolly||M|||50|
|inactive|Battle timer is ON: inactive players will automatically lose when time's up. (requested by Its Sushiii)
|inactive|alexander1111 has 60 seconds left.
|
|t:|1784669770
|teamsize|p1|4
|teamsize|p2|4
|start
|switch|p1a: Farigiraf|Farigiraf, L50, M|100/100
|switch|p1b: Charizard|Charizard, L50, F|100/100
|switch|p2a: Whimsicott|Whimsicott, L50, M, shiny|100/100
|switch|p2b: Kingambit|Kingambit, L50, M|100/100
|turn|1
|inactive|Its Sushiii has 30 seconds left.
|
|t:|1784669798
|switch|p2b: Garchomp|Garchomp, L50, M|100/100
|detailschange|p1b: Charizard|Charizard-Mega-Y, L50, F
|-mega|p1b: Charizard|Charizard|Charizardite Y
|-weather|SunnyDay|[from] ability: Drought|[of] p1b: Charizard
|move|p2a: Whimsicott|Protect|p2a: Whimsicott
|-singleturn|p2a: Whimsicott|Protect
|move|p1b: Charizard|Heat Wave|p2b: Garchomp|[spread] p2b
|-activate|p2a: Whimsicott|move: Protect
|-resisted|p2b: Garchomp|1
|-damage|p2b: Garchomp|68/100
|-status|p2b: Garchomp|brn
|move|p1a: Farigiraf|Psychic|p2a: Whimsicott
|-activate|p2a: Whimsicott|move: Protect
|
|-weather|SunnyDay|[upkeep]
|-damage|p2b: Garchomp|62/100 brn|[from] brn
|upkeep
|turn|2
|inactive|Its Sushiii has 30 seconds left.
|inactive|Its Sushiii has 20 seconds left.
|
|t:|1784669836
|switch|p2a: Milotic|Milotic, L50, F|100/100
|move|p2b: Garchomp|Rock Slide|p1b: Charizard|[spread] p1a,p1b
|-supereffective|p1b: Charizard|2
|-damage|p1a: Farigiraf|90/100
|-damage|p1b: Charizard|57/100
|-damage|p2b: Garchomp|52/100 brn|[from] item: Life Orb
|cant|p1b: Charizard|flinch
|cant|p1a: Farigiraf|flinch
|
|-weather|SunnyDay|[upkeep]
|-damage|p2b: Garchomp|47/100 brn|[from] brn
|upkeep
|turn|3
|inactive|Its Sushiii has 30 seconds left.
|
|t:|1784669864
|move|p2a: Milotic|Helping Hand|p2b: Garchomp
|-singleturn|p2b: Garchomp|Helping Hand|[of] p2a: Milotic
|move|p2b: Garchomp|Rock Slide|p1b: Charizard|[spread] p1a,p1b
|-supereffective|p1b: Charizard|2
|-damage|p1a: Farigiraf|75/100
|-damage|p1b: Charizard|0 fnt
|faint|p1b: Charizard
|-damage|p2b: Garchomp|37/100 brn|[from] item: Life Orb
|move|p1a: Farigiraf|Psychic|p2b: Garchomp
|-damage|p2b: Garchomp|5/100 brn
|
|-weather|SunnyDay|[upkeep]
|-damage|p2b: Garchomp|0 fnt|[from] brn
|faint|p2b: Garchomp
|upkeep
|inactive|alexander1111 has 30 seconds left.
|
|t:|1784669891
|switch|p2b: Whimsicott|Whimsicott, L50, M, shiny|100/100
|switch|p1b: Sylveon|Sylveon, L50, M|100/100
|turn|4
|inactive|alexander1111 has 30 seconds left.
|
|t:|1784669923
|move|p2a: Milotic|Protect|p2a: Milotic
|-singleturn|p2a: Milotic|Protect
|move|p2b: Whimsicott|Moonblast|p1b: Sylveon
|-crit|p1b: Sylveon
|-damage|p1b: Sylveon|59/100
|move|p1b: Sylveon|Hyper Voice|p2a: Milotic|[spread] p2b
|-activate|p2a: Milotic|move: Protect
|-damage|p2b: Whimsicott|2/100
|-damage|p1b: Sylveon|49/100|[from] item: Life Orb
|move|p1a: Farigiraf|Thunderbolt|p2a: Milotic
|-activate|p2a: Milotic|move: Protect
|
|-weather|SunnyDay|[upkeep]
|upkeep
|turn|5
|
|t:|1784669948
|move|p1b: Sylveon|Quick Attack|p2b: Whimsicott
|-damage|p2b: Whimsicott|0 fnt
|faint|p2b: Whimsicott
|-damage|p1b: Sylveon|39/100|[from] item: Life Orb
|move|p2a: Milotic|Ice Beam|p1b: Sylveon
|-damage|p1b: Sylveon|17/100
|move|p1a: Farigiraf|Thunderbolt|p2a: Milotic
|-supereffective|p2a: Milotic|1
|-damage|p2a: Milotic|63/100
|
|-weather|none
|upkeep
|
|t:|1784669955
|switch|p2b: Kingambit|Kingambit, L50, M|100/100
|turn|6
|inactive|Its Sushiii has 30 seconds left.
|
|t:|1784669982
|switch|p1a: Hydreigon|Hydreigon, L50, M|100/100
|move|p1b: Sylveon|Detect|p1b: Sylveon
|-singleturn|p1b: Sylveon|Protect
|move|p2a: Milotic|Scald|p1b: Sylveon
|-activate|p1b: Sylveon|move: Protect
|move|p2b: Kingambit|Low Kick|p1a: Hydreigon
|-supereffective|p1a: Hydreigon|1
|-damage|p1a: Hydreigon|13/100
|
|upkeep
|turn|7
|inactive|alexander1111 has 30 seconds left.
|inactive|alexander1111 has 20 seconds left.
|inactive|alexander1111 has 15 seconds left.
|
|t:|1784670023
|switch|p1b: Farigiraf|Farigiraf, L50, M|75/100
|move|p1a: Hydreigon|Draco Meteor|p2a: Milotic
|-damage|p2a: Milotic|6/100
|-unboost|p1a: Hydreigon|spa|2
|-enditem|p2a: Milotic|Sitrus Berry|[eat]
|-heal|p2a: Milotic|31/100|[from] item: Sitrus Berry
|move|p2a: Milotic|Scald|p1b: Farigiraf
|-damage|p1b: Farigiraf|42/100
|-enditem|p1b: Farigiraf|Sitrus Berry|[eat]
|-heal|p1b: Farigiraf|67/100|[from] item: Sitrus Berry
|move|p2b: Kingambit|Kowtow Cleave|p1a: Hydreigon
|-resisted|p1a: Hydreigon|1
|-damage|p1a: Hydreigon|0 fnt
|faint|p1a: Hydreigon
|
|upkeep
|
|t:|1784670039
|switch|p1a: Sylveon|Sylveon, L50, M|17/100
|turn|8
|
|t:|1784670045
|move|p1a: Sylveon|Detect|p1a: Sylveon
|-singleturn|p1a: Sylveon|Protect
|move|p2a: Milotic|Scald|p1a: Sylveon
|-activate|p1a: Sylveon|move: Protect
|move|p1b: Farigiraf|Thunderbolt|p2a: Milotic
|-supereffective|p2a: Milotic|1
|-damage|p2a: Milotic|0 fnt
|faint|p2a: Milotic
|move|p2b: Kingambit|Kowtow Cleave|p1b: Farigiraf
|-supereffective|p1b: Farigiraf|1
|-damage|p1b: Farigiraf|0 fnt
|faint|p1b: Farigiraf
|
|upkeep
|turn|9
|inactive|alexander1111 has 30 seconds left.
|
|t:|1784670077
|move|p2b: Kingambit|Sucker Punch|p1a: Sylveon
|-resisted|p1a: Sylveon|1
|-damage|p1a: Sylveon|0 fnt
|faint|p1a: Sylveon
|
|win|alexander1111
|raw|Its Sushiii's rating: 1425 → 1402(-23 for losing)
|raw|alexander1111's rating: 1376 → 1399(+23 for winning)
