|j|☆kris778
|j|☆mudkipc4
|html|kris778mudkipc4    
|uhtml|bestof|Game 3 of a best-of-3
|t:|1756180438
|gametype|doubles
|player|p1|kris778|nate|1088
|player|p2|mudkipc4|norman|1221
|gen|9
|tier|[Gen 9] VGC 2025 Reg H (Bo3)
|rated|
|rule|Species Clause: Limit one of each Pokémon
|rule|Item Clause: Limit 1 of each item
|clearpoke
|poke|p1|Maushold, L50|
|poke|p1|Annihilape, L50, M|
|poke|p1|Incineroar, L50, F|
|poke|p1|Pelipper, L50, F|
|poke|p1|Archaludon, L50, F|
|poke|p1|Basculegion, L50, M|
|poke|p2|Incineroar, L50, M|
|poke|p2|Garchomp, L50, M|
|poke|p2|Talonflame, L50, F|
|poke|p2|Tyranitar, L50, F|
|poke|p2|Gothitelle, L50, F|
|poke|p2|Gholdengo, L50|
|teampreview|4
|showteam|p1|Maushold||SafetyGoggles|FriendGuard|FollowMe,Taunt,BeatUp,Protect||||||50|,,,,,Ghost]Annihilape||Leftovers|Defiant|RageFist,DrainPunch,BulkUp,Protect|||M|||50|,,,,,Water]Incineroar||SitrusBerry|Intimidate|KnockOff,WillOWisp,PartingShot,FakeOut|||F|||50|,,,,,Grass]Pelipper||FocusSash|Drizzle|WeatherBall,Hurricane,WideGuard,Protect|||F|||50|,,,,,Stellar]Archaludon||AssaultVest|Stamina|ElectroShot,DracoMeteor,BodyPress,FlashCannon|||F|||50|,,,,,Grass]Basculegion||ChoiceBand|SwiftSwim|LastRespects,WaveCrash,AquaJet,FlipTurn|||M|||50|,,,,,Water
|showteam|p2|Incineroar||RockyHelmet|Intimidate|FakeOut,KnockOff,FlareBlitz,PartingShot|||M|||50|,,,,,Grass]Garchomp||ClearAmulet|SandVeil|SwordsDance,Protect,Earthquake,DragonClaw|||M|||50|,,,,,Ground]Talonflame||SafetyGoggles|GaleWings|Tailwind,BraveBird,WillOWisp,QuickGuard|||F|||50|,,,,,Ghost]Tyranitar||AssaultVest|SandStream|RockSlide,KnockOff,LowKick,TeraBlast|||F|||50|,,,,,Flying]Gothitelle||SitrusBerry|ShadowTag|FakeOut,Psychic,Taunt,Protect|||F|||50|,,,,,Grass]Gholdengo||Leftovers|GoodasGold|NastyPlot,MakeItRain,ShadowBall,Protect||||||50|,,,,,Steel
|inactive|Battle timer is ON: inactive players will automatically lose when time's up. (requested by mudkipc4)
|
|t:|1756180468
|teamsize|p1|4
|teamsize|p2|4
|start
|switch|p1a: Maushold|Maushold, L50|100/100
|switch|p1b: Annihilape|Annihilape, L50, M|100/100
|switch|p2a: Garchomp|Garchomp, L50, M|100/100
|switch|p2b: Talonflame|Talonflame, L50, F|100/100
|turn|1
|j| teamthief420
|
|t:|1756180480
|-terastallize|p2a: Garchomp|Ground
|move|p1b: Annihilape|Protect|p1b: Annihilape
|-singleturn|p1b: Annihilape|Protect
|move|p2b: Talonflame|Tailwind|p2b: Talonflame
|-sidestart|p2: mudkipc4|move: Tailwind
|move|p2a: Garchomp|Earthquake|p1a: Maushold|[spread] p1a
|-activate|p1b: Annihilape|move: Protect
|-immune|p2b: Talonflame
|-damage|p1a: Maushold|29/100
|move|p1a: Maushold|Taunt|p2b: Talonflame
|-start|p2b: Talonflame|move: Taunt
|
|upkeep
|turn|2
|inactive|kris778 has 30 seconds left.
|
|t:|1756180510
|-terastallize|p1b: Annihilape|Water
|move|p1a: Maushold|Protect|p1a: Maushold
|-singleturn|p1a: Maushold|Protect
|move|p2b: Talonflame|Brave Bird|p1b: Annihilape
|-damage|p1b: Annihilape|74/100
|-damage|p2b: Talonflame|91/100|[from] Recoil
|move|p2a: Garchomp|Dragon Claw|p1b: Annihilape
|-damage|p1b: Annihilape|41/100
|move|p1b: Annihilape|Bulk Up|p1b: Annihilape
|-boost|p1b: Annihilape|atk|1
|-boost|p1b: Annihilape|def|1
|
|-heal|p1b: Annihilape|48/100|[from] item: Leftovers
|upkeep
|turn|3
|inactive|kris778 has 30 seconds left.
|inactive|kris778 has 20 seconds left.
|inactive|kris778 has 15 seconds left.
|inactive|kris778 has 10 seconds left.
|inactive|kris778 has 5 seconds left.
|
|t:|1756180561
|switch|p1a: Pelipper|Pelipper, L50, F|100/100
|-weather|RainDance|[from] ability: Drizzle|[of] p1a: Pelipper
|move|p1b: Annihilape|Protect|p1b: Annihilape
|-singleturn|p1b: Annihilape|Protect
|move|p2b: Talonflame|Brave Bird|p1b: Annihilape
|-activate|p1b: Annihilape|move: Protect
|move|p2a: Garchomp|Earthquake|p1a: Pelipper|[spread] 
|-activate|p1b: Annihilape|move: Protect
|-immune|p2b: Talonflame
|-immune|p1a: Pelipper
|
|-weather|RainDance|[upkeep]
|-heal|p1b: Annihilape|54/100|[from] item: Leftovers
|upkeep
|turn|4
|inactive|kris778 has 30 seconds left.
|
|t:|1756180593
|switch|p2b: Tyranitar|Tyranitar, L50, F, shiny|100/100
|-weather|Sandstorm|[from] ability: Sand Stream|[of] p2b: Tyranitar
|switch|p1a: Incineroar|Incineroar, L50, F|100/100
|-ability|p1a: Incineroar|Intimidate|boost
|-fail|p2a: Garchomp|unboost|[from] item: Clear Amulet|[of] p2a: Garchomp
|-unboost|p2b: Tyranitar|atk|1
|move|p2a: Garchomp|Dragon Claw|p1b: Annihilape
|-crit|p1b: Annihilape
|-damage|p1b: Annihilape|0 fnt
|faint|p1b: Annihilape
|
|-weather|Sandstorm|[upkeep]
|-damage|p1a: Incineroar|95/100|[from] Sandstorm
|-sideend|p2: mudkipc4|move: Tailwind
|upkeep
|
|t:|1756180609
|switch|p1b: Pelipper|Pelipper, L50, F|100/100
|-weather|RainDance|[from] ability: Drizzle|[of] p1b: Pelipper
|turn|5
|
|t:|1756180632
|switch|p2b: Talonflame|Talonflame, L50, F|91/100
|move|p2a: Garchomp|Protect|p2a: Garchomp
|-singleturn|p2a: Garchomp|Protect
|move|p1a: Incineroar|Fake Out|p2b: Talonflame
|-damage|p2b: Talonflame|76/100
|move|p1b: Pelipper|Weather Ball|p2b: Talonflame
|-supereffective|p2b: Talonflame
|-damage|p2b: Talonflame|0 fnt
|faint|p2b: Talonflame
|
|-weather|RainDance|[upkeep]
|upkeep
|
|t:|1756180634
|switch|p2b: Tyranitar|Tyranitar, L50, F, shiny|100/100
|-weather|Sandstorm|[from] ability: Sand Stream|[of] p2b: Tyranitar
|turn|6
|inactive|kris778 has 30 seconds left.
|
|t:|1756180661
|switch|p1a: Maushold|Maushold, L50|29/100
|move|p1b: Pelipper|Wide Guard|p1b: Pelipper
|-singleturn|p1b: Pelipper|Wide Guard
|move|p2a: Garchomp|Swords Dance|p2a: Garchomp
|-boost|p2a: Garchomp|atk|2
|move|p2b: Tyranitar|Knock Off|p1b: Pelipper
|-damage|p1b: Pelipper|39/100
|-enditem|p1b: Pelipper|Focus Sash|[from] move: Knock Off|[of] p2b: Tyranitar
|
|-weather|Sandstorm|[upkeep]
|-damage|p1b: Pelipper|34/100|[from] Sandstorm
|upkeep
|turn|7
|l| teamthief420
|
|t:|1756180681
|move|p1a: Maushold|Follow Me|p1a: Maushold
|-singleturn|p1a: Maushold|move: Follow Me
|move|p2a: Garchomp|Dragon Claw|p1a: Maushold
|-damage|p1a: Maushold|0 fnt
|faint|p1a: Maushold
|move|p1b: Pelipper|Weather Ball|p2a: Garchomp
|-resisted|p2a: Garchomp
|-damage|p2a: Garchomp|85/100
|move|p2b: Tyranitar|Rock Slide|p1b: Pelipper
|-supereffective|p1b: Pelipper
|-damage|p1b: Pelipper|0 fnt
|faint|p1b: Pelipper
|
|-weather|Sandstorm|[upkeep]
|upkeep
|-message|kris778 forfeited.
|
|win|mudkipc4
|raw|kris778's rating: 1088 → 1073(-15 for losing)
|raw|mudkipc4's rating: 1221 → 1237(+16 for winning)
|l|☆kris778
|player|p1|
