|j|☆freyartchan
|j|☆ahamedsan34
|html|freyartchanahamedsan34    
|uhtml|bestof|Game 3 of a best-of-3
|t:|1757701534
|gametype|doubles
|player|p1|freyartchan|kieran-champion|1109
|player|p2|ahamedsan34|dawn|1009
|gen|9
|tier|[Gen 9] VGC 2025 Reg H (Bo3)
|rated|
|rule|Species Clause: Limit one of each Pokémon
|rule|Item Clause: Limit 1 of each item
|clearpoke
|poke|p1|Annihilape, L50, M|
|poke|p1|Maushold-Four, L50|
|poke|p1|Klefki, L50, F|
|poke|p1|Ninetales-Alola, L50, F|
|poke|p1|Sinistcha, L50|
|poke|p1|Ursaluna-Bloodmoon, L50, M|
|poke|p2|Ursaluna, L50, F|
|poke|p2|Whimsicott, L50, M|
|poke|p2|Skeledirge, L50, F|
|poke|p2|Torkoal, L50, F|
|poke|p2|Incineroar, L50, M|
|poke|p2|Porygon2, L50|
|teampreview|4
|showteam|p1|Annihilape||Leftovers|Defiant|RageFist,DrainPunch,BulkUp,Protect|||M|||50|,,,,,Fire]Maushold-Four||SafetyGoggles|FriendGuard|FollowMe,BeatUp,Taunt,Protect||||||50|,,,,,Ghost]Klefki||LightClay|Prankster|DazzlingGleam,Reflect,LightScreen,MistyTerrain|||F|||50|,,,,,Ghost]Ninetales-Alola||FocusSash|SnowWarning|Blizzard,FreezeDry,Encore,Protect|||F|||50|,,,,,Ghost]Sinistcha||SitrusBerry|Hospitality|MatchaGotcha,LifeDew,RagePowder,TrickRoom||||||50|,,,,,Dark]Ursaluna-Bloodmoon||AssaultVest|MindsEye|BloodMoon,EarthPower,HyperVoice,VacuumWave|||M|||50|,,,,,Water
|showteam|p2|Ursaluna||FlameOrb|Guts|Protect,Earthquake,HeadlongRush,Facade|||F|||50|,,,,,Ghost]Whimsicott||FocusSash|Prankster|Tailwind,Moonblast,StunSpore,SunnyDay|||M|||50|,,,,,Grass]Skeledirge||LifeOrb|Unaware|HeatWave,TorchSong,Snarl,Protect|||F|||50|,,,,,Fire]Torkoal||EjectPack|Drought|Overheat,Eruption,Yawn,HelpingHand|||F|||50|,,,,,Fire]Incineroar||SitrusBerry|Intimidate|KnockOff,FlareBlitz,PartingShot,FakeOut|||M|||50|,,,,,Fire]Porygon2||Eviolite|Download|TrickRoom,IceBeam,Recover,Thunderbolt||||||50|,,,,,Fighting
|inactive|Battle timer is ON: inactive players will automatically lose when time's up. (requested by ahamedsan34)
|
|t:|1757701583
|teamsize|p1|4
|teamsize|p2|4
|start
|switch|p1a: Annihilape|Annihilape, L50, M|100/100
|switch|p1b: Maushold|Maushold-Four, L50|100/100
|switch|p2a: Porygon2|Porygon2, L50|100/100
|switch|p2b: Torkoal|Torkoal, L50, F|100/100
|-ability|p2a: Porygon2|Download|boost
|-boost|p2a: Porygon2|atk|1
|-weather|SunnyDay|[from] ability: Drought|[of] p2b: Torkoal
|turn|1
|inactive|freyartchan has 30 seconds left.
|
|t:|1757701608
|-terastallize|p1a: Annihilape|Fire
|-terastallize|p2b: Torkoal|Fire
|move|p1b: Maushold|Taunt|p2a: Porygon2
|-start|p2a: Porygon2|move: Taunt
|move|p1a: Annihilape|Bulk Up|p1a: Annihilape
|-boost|p1a: Annihilape|atk|1
|-boost|p1a: Annihilape|def|1
|move|p2b: Torkoal|Eruption|p1b: Maushold|[spread] p1a,p1b
|-resisted|p1a: Annihilape
|-damage|p1a: Annihilape|77/100
|-damage|p1b: Maushold|22/100
|cant|p2a: Porygon2|move: Taunt|Trick Room
|
|-weather|SunnyDay|[upkeep]
|-heal|p1a: Annihilape|83/100|[from] item: Leftovers
|upkeep
|turn|2
|
|t:|1757701632
|move|p1b: Maushold|Beat Up|p1a: Annihilape
|-damage|p1a: Annihilape|81/100
|-damage|p1a: Annihilape|79/100
|-damage|p1a: Annihilape|78/100
|-damage|p1a: Annihilape|76/100
|-hitcount|p1a: Annihilape|4
|move|p1a: Annihilape|Rage Fist|p2b: Torkoal
|-damage|p2b: Torkoal|0 fnt
|faint|p2b: Torkoal
|move|p2a: Porygon2|Thunderbolt|p1a: Annihilape
|-damage|p1a: Annihilape|62/100
|
|-weather|SunnyDay|[upkeep]
|-heal|p1a: Annihilape|68/100|[from] item: Leftovers
|upkeep
|
|t:|1757701649
|switch|p2b: Ursaluna|Ursaluna, L50, F|100/100
|turn|3
|inactive|freyartchan has 30 seconds left.
|inactive|freyartchan has 20 seconds left.
|
|t:|1757701686
|move|p1b: Maushold|Follow Me|p1b: Maushold
|-singleturn|p1b: Maushold|move: Follow Me
|move|p1a: Annihilape|Drain Punch|p2a: Porygon2
|-supereffective|p2a: Porygon2
|-damage|p2a: Porygon2|37/100
|-heal|p1a: Annihilape|98/100|[from] drain|[of] p2a: Porygon2
|move|p2a: Porygon2|Thunderbolt|p1b: Maushold
|-damage|p1b: Maushold|0 fnt
|faint|p1b: Maushold
|move|p2b: Ursaluna|Earthquake|p1a: Annihilape|[spread] p2a,p1a
|-supereffective|p1a: Annihilape
|-damage|p2a: Porygon2|10/100
|-damage|p1a: Annihilape|46/100
|
|-weather|SunnyDay|[upkeep]
|-heal|p1a: Annihilape|52/100|[from] item: Leftovers
|-end|p2a: Porygon2|move: Taunt
|-status|p2b: Ursaluna|brn|[from] item: Flame Orb
|upkeep
|
|t:|1757701706
|switch|p1b: Ursaluna|Ursaluna-Bloodmoon, L50, M|100/100
|turn|4
|inactive|freyartchan has 30 seconds left.
|
|t:|1757701732
|move|p1a: Annihilape|Protect|p1a: Annihilape
|-singleturn|p1a: Annihilape|Protect
|move|p2a: Porygon2|Recover|p2a: Porygon2
|-heal|p2a: Porygon2|60/100
|move|p1b: Ursaluna|Hyper Voice|p2a: Porygon2|[spread] p2a,p2b
|-damage|p2a: Porygon2|44/100
|-damage|p2b: Ursaluna|63/100 brn
|move|p2b: Ursaluna|Headlong Rush|p1a: Annihilape
|-activate|p1a: Annihilape|move: Protect
|
|-weather|SunnyDay|[upkeep]
|-heal|p1a: Annihilape|58/100|[from] item: Leftovers
|-damage|p2b: Ursaluna|57/100 brn|[from] brn
|upkeep
|turn|5
|
|t:|1757701752
|move|p1a: Annihilape|Drain Punch|p2a: Porygon2
|-supereffective|p2a: Porygon2
|-damage|p2a: Porygon2|0 fnt
|-heal|p1a: Annihilape|78/100|[from] drain|[of] p2a: Porygon2
|faint|p2a: Porygon2
|move|p1b: Ursaluna|Blood Moon|p2b: Ursaluna
|-damage|p2b: Ursaluna|0 fnt
|faint|p2b: Ursaluna
|
|-weather|none
|-heal|p1a: Annihilape|85/100|[from] item: Leftovers
|upkeep
|
|t:|1757701761
|switch|p2b: Skeledirge|Skeledirge, L50, F|100/100
|turn|6
|
|t:|1757701771
|move|p1a: Annihilape|Rage Fist|p2b: Skeledirge
|-supereffective|p2b: Skeledirge
|-damage|p2b: Skeledirge|0 fnt
|faint|p2b: Skeledirge
|
|win|freyartchan
|raw|freyartchan's rating: 1109 → 1127(+18 for winning)
|raw|ahamedsan34's rating: 1009 → 1001(-8 for losing)
|l|☆ahamedsan34
|player|p2|
