|j|☆Malumancer
|j|☆TheMaoriGamer
|html|MalumancerTheMaoriGamer    
|uhtml|bestof|Game 1 of a best-of-3
|t:|1756623763
|gametype|doubles
|player|p1|Malumancer|pryce|
|player|p2|TheMaoriGamer|2|
|gen|9
|tier|[Gen 9] VGC 2025 Reg H (Bo3)
|rule|Species Clause: Limit one of each Pokémon
|rule|Item Clause: Limit 1 of each item
|clearpoke
|poke|p1|Gholdengo, L50|
|poke|p1|Incineroar, L50, F|
|poke|p1|Porygon2, L50|
|poke|p1|Amoonguss, L50, F|
|poke|p1|Ursaluna-Bloodmoon, L50, M|
|poke|p1|Dragonite, L50, F|
|poke|p2|Gholdengo, L50|
|poke|p2|Incineroar, L50, F|
|poke|p2|Amoonguss, L50, F|
|poke|p2|Archaludon, L50, M|
|poke|p2|Pelipper, L50, F|
|poke|p2|Basculegion, L50, M|
|teampreview|4
|showteam|p1|Gholdengo||LifeOrb|GoodasGold|MakeItRain,ShadowBall,NastyPlot,Protect||||||50|,,,,,Water]Incineroar||SafetyGoggles|Intimidate|KnockOff,FakeOut,PartingShot,FlareBlitz|||F|||50|,,,,,Water]Porygon2||Eviolite|Download|TeraBlast,IceBeam,TrickRoom,Recover||||||50|,,,,,Ghost]Amoonguss||CovertCloak|Regenerator|Spore,PollenPuff,RagePowder,Protect|||F|||50|,,,,,Psychic]Ursaluna-Bloodmoon||AssaultVest|MindsEye|BloodMoon,EarthPower,HyperVoice,VacuumWave|||M|||50|,,,,,Water]Dragonite||LoadedDice|Multiscale|ScaleShot,Haze,Tailwind,Protect|||F|||50|,,,,,Fairy
|showteam|p2|Gholdengo||LifeOrb|GoodasGold|MakeItRain,ShadowBall,NastyPlot,Protect||||||50|,,,,,Water]Incineroar||MirrorHerb|Intimidate|Taunt,KnockOff,PartingShot,FakeOut|||F|||50|,,,,,Ghost]Amoonguss||RockyHelmet|Regenerator|PollenPuff,Spore,RagePowder,Protect|||F|||50|,,,,,Water]Archaludon||AssaultVest|Stamina|DragonPulse,FlashCannon,ElectroShot,BodyPress|||M|||50|,,,,,Bug]Pelipper||FocusSash|Drizzle|WeatherBall,Hurricane,Tailwind,Protect|||F|||50|,,,,,Ground]Basculegion||ChoiceBand|SwiftSwim|WaveCrash,LastRespects,FlipTurn,AquaJet|||M|||50|,,,,,Water
|inactive|Battle timer is ON: inactive players will automatically lose when time's up. (requested by Malumancer)
|inactive|TheMaoriGamer also wants the timer to be on.
|c|☆TheMaoriGamer|glhf
|c|☆Malumancer|same
|inactive|Malumancer has 60 seconds left.
|inactive|TheMaoriGamer has 60 seconds left.
|inactive|Malumancer has 30 seconds left.
|inactive|Malumancer has 20 seconds left.
|inactive|Malumancer has 15 seconds left.
|inactive|Malumancer has 10 seconds left.
|inactive|Malumancer has 5 seconds left.
|
|t:|1756623850
|teamsize|p1|4
|teamsize|p2|4
|start
|switch|p1a: Porygon2|Porygon2, L50|100/100
|switch|p1b: Incineroar|Incineroar, L50, F|100/100
|switch|p2a: Pelipper|Pelipper, L50, F|100/100
|switch|p2b: Basculegion|Basculegion, L50, M|100/100
|-weather|RainDance|[from] ability: Drizzle|[of] p2a: Pelipper
|-ability|p1b: Incineroar|Intimidate|boost
|-unboost|p2a: Pelipper|atk|1
|-unboost|p2b: Basculegion|atk|1
|-ability|p1a: Porygon2|Download|boost
|-boost|p1a: Porygon2|spa|1
|turn|1
|inactive|Malumancer has 30 seconds left.
|inactive|TheMaoriGamer has 30 seconds left.
|inactive|Malumancer has 20 seconds left.
|inactive|Malumancer has 15 seconds left.
|
|t:|1756623895
|switch|p2a: Archaludon|Archaludon, L50, M|100/100
|-terastallize|p1b: Incineroar|Water
|move|p2b: Basculegion|Flip Turn|p1b: Incineroar
|-resisted|p1b: Incineroar
|-crit|p1b: Incineroar
|-damage|p1b: Incineroar|46/100
|
|t:|1756623902
|switch|p2b: Incineroar|Incineroar, L50, F|100/100|[from] Flip Turn
|-ability|p2b: Incineroar|Intimidate|boost
|-unboost|p1a: Porygon2|atk|1
|-unboost|p1b: Incineroar|atk|1
|move|p1b: Incineroar|Parting Shot|p2b: Incineroar
|-unboost|p2b: Incineroar|atk|1
|-unboost|p2b: Incineroar|spa|1
|
|t:|1756623913
|switch|p1b: Ursaluna|Ursaluna-Bloodmoon, L50, M|100/100|[from] Parting Shot
|move|p1a: Porygon2|Trick Room|p1a: Porygon2
|-fieldstart|move: Trick Room|[of] p1a: Porygon2
|
|-weather|RainDance|[upkeep]
|upkeep
|turn|2
|inactive|Malumancer has 30 seconds left.
|inactive|TheMaoriGamer has 30 seconds left.
|inactive|Malumancer has 20 seconds left.
|inactive|Malumancer has 15 seconds left.
|inactive|TheMaoriGamer has 20 seconds left.
|
|t:|1756623960
|move|p2b: Incineroar|Fake Out|p1b: Ursaluna
|-damage|p1b: Ursaluna|94/100
|move|p1a: Porygon2|Tera Blast|p2b: Incineroar
|-damage|p2b: Incineroar|51/100
|cant|p1b: Ursaluna|flinch
|move|p2a: Archaludon|Electro Shot||[still]
|-prepare|p2a: Archaludon|Electro Shot
|-boost|p2a: Archaludon|spa|1
|-anim|p2a: Archaludon|Electro Shot|p1a: Porygon2
|-damage|p1a: Porygon2|63/100
|
|-weather|RainDance|[upkeep]
|upkeep
|turn|3
|inactive|Malumancer has 30 seconds left.
|inactive|TheMaoriGamer has 30 seconds left.
|inactive|TheMaoriGamer has 20 seconds left.
|inactive|TheMaoriGamer has 15 seconds left.
|
|t:|1756624003
|switch|p2b: Pelipper|Pelipper, L50, F|100/100
|-terastallize|p2a: Archaludon|Bug
|move|p1a: Porygon2|Recover|p1a: Porygon2
|-heal|p1a: Porygon2|100/100
|move|p1b: Ursaluna|Blood Moon|p2b: Pelipper
|-enditem|p2b: Pelipper|Focus Sash
|-damage|p2b: Pelipper|1/100
|move|p2a: Archaludon|Electro Shot||[still]
|-prepare|p2a: Archaludon|Electro Shot
|-boost|p2a: Archaludon|spa|1
|-anim|p2a: Archaludon|Electro Shot|p1a: Porygon2
|-damage|p1a: Porygon2|54/100
|
|-weather|RainDance|[upkeep]
|upkeep
|turn|4
|inactive|Malumancer has 30 seconds left.
|inactive|Malumancer has 20 seconds left.
|inactive|TheMaoriGamer has 30 seconds left.
|inactive|Malumancer has 15 seconds left.
|inactive|Malumancer has 10 seconds left.
|inactive|Malumancer has 5 seconds left.
|
|t:|1756624057
|switch|p2b: Incineroar|Incineroar, L50, F|51/100
|-ability|p2b: Incineroar|Intimidate|boost
|-unboost|p1a: Porygon2|atk|1
|-unboost|p1b: Ursaluna|atk|1
|move|p1a: Porygon2|Tera Blast|p2b: Incineroar
|-damage|p2b: Incineroar|8/100
|move|p1b: Ursaluna|Hyper Voice|p2b: Incineroar|[spread] p2a,p2b
|-damage|p2a: Archaludon|76/100
|-damage|p2b: Incineroar|0 fnt
|-ability|p2a: Archaludon|Stamina|boost
|-boost|p2a: Archaludon|def|1
|faint|p2b: Incineroar
|move|p2a: Archaludon|Electro Shot||[still]
|-prepare|p2a: Archaludon|Electro Shot
|-boost|p2a: Archaludon|spa|1
|-anim|p2a: Archaludon|Electro Shot|p1a: Porygon2
|-damage|p1a: Porygon2|0 fnt
|faint|p1a: Porygon2
|
|-weather|RainDance|[upkeep]
|upkeep
|
|t:|1756624076
|switch|p1a: Gholdengo|Gholdengo, L50|100/100
|switch|p2b: Basculegion|Basculegion, L50, M|100/100
|turn|5
|inactive|TheMaoriGamer has 30 seconds left.
|
|t:|1756624102
|move|p2b: Basculegion|Aqua Jet|p1b: Ursaluna
|-supereffective|p1b: Ursaluna
|-damage|p1b: Ursaluna|17/100
|move|p1b: Ursaluna|Hyper Voice|p2a: Archaludon|[spread] p2a,p2b
|-damage|p2a: Archaludon|49/100
|-damage|p2b: Basculegion|59/100
|-ability|p2a: Archaludon|Stamina|boost
|-boost|p2a: Archaludon|def|1
|move|p1a: Gholdengo|Shadow Ball|p2b: Basculegion
|-supereffective|p2b: Basculegion
|-damage|p2b: Basculegion|0 fnt
|faint|p2b: Basculegion
|-damage|p1a: Gholdengo|91/100|[from] item: Life Orb
|move|p2a: Archaludon|Body Press|p1b: Ursaluna
|-supereffective|p1b: Ursaluna
|-damage|p1b: Ursaluna|0 fnt
|faint|p1b: Ursaluna
|
|-weather|none
|-fieldend|move: Trick Room
|upkeep
|
|t:|1756624118
|switch|p2b: Pelipper|Pelipper, L50, F|1/100
|switch|p1b: Incineroar|Incineroar, L50, F, tera:Water|46/100
|-weather|RainDance|[from] ability: Drizzle|[of] p2b: Pelipper
|-ability|p1b: Incineroar|Intimidate|boost
|-unboost|p2a: Archaludon|atk|1
|-unboost|p2b: Pelipper|atk|1
|turn|6
|inactive|Malumancer has 30 seconds left.
|
|t:|1756624149
|move|p1b: Incineroar|Fake Out|p2a: Archaludon
|-damage|p2a: Archaludon|45/100
|-ability|p2a: Archaludon|Stamina|boost
|-boost|p2a: Archaludon|def|1
|cant|p2a: Archaludon|flinch
|move|p2b: Pelipper|Tailwind|p2b: Pelipper
|-sidestart|p2: TheMaoriGamer|move: Tailwind
|move|p1a: Gholdengo|Shadow Ball|p2a: Archaludon
|-damage|p2a: Archaludon|7/100
|-ability|p2a: Archaludon|Stamina|boost
|-boost|p2a: Archaludon|def|1
|-damage|p1a: Gholdengo|81/100|[from] item: Life Orb
|
|-weather|RainDance|[upkeep]
|upkeep
|turn|7
|
|t:|1756624171
|move|p2a: Archaludon|Electro Shot||[still]
|-prepare|p2a: Archaludon|Electro Shot
|-boost|p2a: Archaludon|spa|1
|-anim|p2a: Archaludon|Electro Shot|p1b: Incineroar
|-supereffective|p1b: Incineroar
|-damage|p1b: Incineroar|0 fnt
|faint|p1b: Incineroar
|move|p2b: Pelipper|Hurricane|p1a: Gholdengo
|-resisted|p1a: Gholdengo
|-damage|p1a: Gholdengo|56/100
|-start|p1a: Gholdengo|confusion
|-activate|p1a: Gholdengo|confusion
|move|p1a: Gholdengo|Make It Rain|p2a: Archaludon|[spread] p2a,p2b
|-resisted|p2b: Pelipper
|-damage|p2a: Archaludon|0 fnt
|-damage|p2b: Pelipper|0 fnt
|-unboost|p1a: Gholdengo|spa|1
|faint|p2a: Archaludon
|faint|p2b: Pelipper
|-damage|p1a: Gholdengo|46/100|[from] item: Life Orb
|
|win|Malumancer
||Malumancer is ready for game 2.
|inactive|TheMaoriGamer has 30 seconds to confirm battle start!
|c|☆TheMaoriGamer|gg
|inactive|TheMaoriGamer has 20 seconds to confirm battle start!
|j| arrascaxeira
||TheMaoriGamer is ready for game 2.
|uhtml|next|Next: Game 2 of 3
|j| ScottyNZ
|j| CretaceousDraconid
|l| CretaceousDraconid
|l| ScottyNZ
|l| arrascaxeira
