|j|☆SnowyPex
|j|☆lettitripppp
|html|SnowyPexlettitripppp    
|uhtml|bestof|Game 3 of a best-of-3
|t:|1783367201
|gametype|doubles
|player|p1|SnowyPex|volkner|1258
|player|p2|lettitripppp|lucas|1318
|gen|9
|tier|[Gen 9 Champions] VGC 2026 Reg M-B (Bo3)
|rated|
|rule|Species Clause: Limit one of each Pokémon
|rule|Item Clause: Limit 1 of each item
|clearpoke
|poke|p1|Froslass, L50, F|
|poke|p1|Toxapex, L50, F|
|poke|p1|Kingambit, L50, F|
|poke|p1|Sneasler, L50, F|
|poke|p1|Garchomp, L50, M|
|poke|p1|Talonflame, L50, F|
|poke|p2|Charizard, L50, F|
|poke|p2|Basculegion, L50, M|
|poke|p2|Whimsicott, L50, F, shiny|
|poke|p2|Garchomp, L50, F, shiny|
|poke|p2|Floette-Eternal, L50, F|
|poke|p2|Kingambit, L50, M, shiny|
|teampreview|4
|showteam|p1|Froslass||Froslassite|SnowCloak|Blizzard,ShadowBall,AuroraVeil,Protect|Modest||F|||50|]Toxapex||Leftovers|Regenerator|Toxic,Infestation,WideGuard,BanefulBunker|Calm||F|||50|]Kingambit||ChopleBerry|Defiant|KowtowCleave,SuckerPunch,LowKick,Protect|Adamant||F|||50|]Sneasler||WhiteHerb|Unburden|DireClaw,CloseCombat,FakeOut,Protect|Jolly||F|||50|]Garchomp||SitrusBerry|RoughSkin|StompingTantrum,DragonClaw,RockSlide,Protect|Adamant||M|||50|]Talonflame||FocusSash|GaleWings|Protect,Tailwind,DualWingbeat,WillOWisp|Jolly||F|||50|
|showteam|p2|Charizard||CharizarditeY|Blaze|WeatherBall,SolarBeam,HeatWave,Protect|Modest||F|||50|]Basculegion||MysticWater|Adaptability|LastRespects,WaveCrash,AquaJet,Protect|Adamant||M|||50|]Whimsicott||FocusSash|Prankster|Moonblast,Tailwind,Encore,Protect|Timid||F|||50|]Garchomp||LifeOrb|RoughSkin|DragonClaw,Earthquake,RockSlide,Protect|Jolly||F|||50|]Floette-Eternal||Floettite|FlowerVeil|DazzlingGleam,LightofRuin,Moonblast,Protect|Modest||F|||50|]Kingambit||ChopleBerry|Defiant|KowtowCleave,SuckerPunch,IronHead,LowKick|Adamant||M|||50|
|inactive|Battle timer is ON: inactive players will automatically lose when time's up. (requested by lettitripppp)
|inactive|SnowyPex also wants the timer to be on.
|
|t:|1783367224
|teamsize|p1|4
|teamsize|p2|4
|start
|switch|p1a: Kingambit|Kingambit, L50, F|100/100
|switch|p1b: Toxapex|Toxapex, L50, F|100/100
|switch|p2a: GHOSTWAVE|Basculegion, L50, M|100/100
|switch|p2b: LETS GO GO|Whimsicott, L50, F, shiny|100/100
|turn|1
|
|t:|1783367233
|switch|p2a: GENERAL BLADUS|Kingambit, L50, M, shiny|100/100
|move|p2b: LETS GO GO|Protect|p2b: LETS GO GO
|-singleturn|p2b: LETS GO GO|Protect
|move|p1a: Kingambit|Protect|p1a: Kingambit
|-singleturn|p1a: Kingambit|Protect
|move|p1b: Toxapex|Infestation|p2b: LETS GO GO
|-activate|p2b: LETS GO GO|move: Protect
|
|upkeep
|turn|2
|
|t:|1783367242
|move|p2b: LETS GO GO|Tailwind|p2b: LETS GO GO
|-sidestart|p2: lettitripppp|move: Tailwind
|move|p2a: GENERAL BLADUS|Low Kick|p1a: Kingambit
|-supereffective|p1a: Kingambit|2
|-enditem|p1a: Kingambit|Chople Berry|[eat]
|-enditem|p1a: Kingambit|Chople Berry|[weaken]
|-damage|p1a: Kingambit|47/100
|move|p1a: Kingambit|Low Kick|p2a: GENERAL BLADUS
|-supereffective|p2a: GENERAL BLADUS|2
|-enditem|p2a: GENERAL BLADUS|Chople Berry|[eat]
|-enditem|p2a: GENERAL BLADUS|Chople Berry|[weaken]
|-damage|p2a: GENERAL BLADUS|51/100
|move|p1b: Toxapex|Infestation|p2a: GENERAL BLADUS
|-damage|p2a: GENERAL BLADUS|48/100
|-activate|p2a: GENERAL BLADUS|move: Infestation|[of] p1b: Toxapex
|
|-damage|p2a: GENERAL BLADUS|36/100|[from] move: Infestation|[partiallytrapped]
|upkeep
|turn|3
|
|t:|1783367256
|move|p1a: Kingambit|Protect|p1a: Kingambit
|-singleturn|p1a: Kingambit|Protect
|move|p2b: LETS GO GO|Encore|p1b: Toxapex
|-start|p1b: Toxapex|Encore
|move|p2a: GENERAL BLADUS|Low Kick|p1a: Kingambit
|-activate|p1a: Kingambit|move: Protect
|move|p1b: Toxapex|Infestation|p2b: LETS GO GO
|-damage|p2b: LETS GO GO|96/100
|-activate|p2b: LETS GO GO|move: Infestation|[of] p1b: Toxapex
|
|-damage|p2b: LETS GO GO|84/100|[from] move: Infestation|[partiallytrapped]
|-damage|p2a: GENERAL BLADUS|24/100|[from] move: Infestation|[partiallytrapped]
|upkeep
|turn|4
|
|t:|1783367274
|move|p1a: Kingambit|Sucker Punch|p2a: GENERAL BLADUS
|-resisted|p2a: GENERAL BLADUS|1
|-damage|p2a: GENERAL BLADUS|13/100
|move|p2b: LETS GO GO|Moonblast|p1a: Kingambit
|-damage|p1a: Kingambit|21/100
|move|p2a: GENERAL BLADUS|Kowtow Cleave|p1a: Kingambit
|-resisted|p1a: Kingambit|1
|-damage|p1a: Kingambit|4/100
|move|p1b: Toxapex|Infestation|p2b: LETS GO GO
|-damage|p2b: LETS GO GO|80/100
|
|-damage|p2b: LETS GO GO|67/100|[from] move: Infestation|[partiallytrapped]
|-damage|p2a: GENERAL BLADUS|1/100|[from] move: Infestation|[partiallytrapped]
|upkeep
|turn|5
|
|t:|1783367295
|move|p1a: Kingambit|Protect|p1a: Kingambit
|-singleturn|p1a: Kingambit|Protect
|move|p2a: GENERAL BLADUS|Sucker Punch|p1b: Toxapex
|-damage|p1b: Toxapex|73/100
|move|p2b: LETS GO GO|Moonblast|p1a: Kingambit
|-activate|p1a: Kingambit|move: Protect
|move|p1b: Toxapex|Infestation|p2b: LETS GO GO
|-damage|p2b: LETS GO GO|63/100
|
|-heal|p1b: Toxapex|78/100|[from] item: Leftovers
|-damage|p2b: LETS GO GO|51/100|[from] move: Infestation|[partiallytrapped]
|-damage|p2a: GENERAL BLADUS|0 fnt|[from] move: Infestation|[partiallytrapped]
|faint|p2a: GENERAL BLADUS
|-end|p1b: Toxapex|Encore
|-sideend|p2: lettitripppp|move: Tailwind
|upkeep
|
|t:|1783367302
|switch|p2a: CRUSH SHARK|Garchomp, L50, F, shiny|100/100
|turn|6
|
|t:|1783367317
|-heal|p1b: Toxapex|100/100|[from] ability: Regenerator|[silent]
|switch|p1b: Talonflame|Talonflame, L50, F|100/100
|move|p2a: CRUSH SHARK|Protect|p2a: CRUSH SHARK
|-singleturn|p2a: CRUSH SHARK|Protect
|move|p1a: Kingambit|Sucker Punch||[still]
|-fail|p1a: Kingambit
|move|p2b: LETS GO GO|Moonblast|p1a: Kingambit
|-damage|p1a: Kingambit|0 fnt
|faint|p1a: Kingambit
|
|-end|p2b: LETS GO GO|Infestation|[partiallytrapped]|[silent]
|upkeep
|
|t:|1783367327
|switch|p1a: Garchomp|Garchomp, L50, M|100/100
|turn|7
|
|t:|1783367335
|move|p1b: Talonflame|Dual Wingbeat|p2b: LETS GO GO
|-supereffective|p2b: LETS GO GO|1
|-damage|p2b: LETS GO GO|11/100
|-supereffective|p2b: LETS GO GO|1
|-damage|p2b: LETS GO GO|0 fnt
|faint|p2b: LETS GO GO
|-hitcount|p2: LETS GO GO|2
|move|p2a: CRUSH SHARK|Dragon Claw|p1a: Garchomp
|-supereffective|p1a: Garchomp|1
|-damage|p1a: Garchomp|0 fnt
|-damage|p2a: CRUSH SHARK|87/100|[from] ability: Rough Skin|[of] p1a: Garchomp
|faint|p1a: Garchomp
|-damage|p2a: CRUSH SHARK|77/100|[from] item: Life Orb
|
|upkeep
|
|t:|1783367344
|switch|p2b: GHOSTWAVE|Basculegion, L50, M|100/100
|switch|p1a: Toxapex|Toxapex, L50, F|100/100
|turn|8
|
|t:|1783367355
|move|p2b: GHOSTWAVE|Aqua Jet|p1b: Talonflame
|-supereffective|p1b: Talonflame|1
|-damage|p1b: Talonflame|17/100
|move|p1b: Talonflame|Will-O-Wisp|p2a: CRUSH SHARK
|-status|p2a: CRUSH SHARK|brn
|move|p2a: CRUSH SHARK|Dragon Claw|p1b: Talonflame
|-damage|p1b: Talonflame|0 fnt
|faint|p1b: Talonflame
|-damage|p2a: CRUSH SHARK|68/100 brn|[from] item: Life Orb
|move|p1a: Toxapex|Toxic|p2b: GHOSTWAVE
|-status|p2b: GHOSTWAVE|tox
|
|-damage|p2b: GHOSTWAVE|93/100 tox|[from] psn
|-damage|p2a: CRUSH SHARK|62/100 brn|[from] brn
|upkeep
|turn|9
|
|t:|1783367363
|move|p1a: Toxapex|Baneful Bunker|p1a: Toxapex
|-singleturn|p1a: Toxapex|move: Protect
|move|p2a: CRUSH SHARK|Dragon Claw|p1a: Toxapex
|-activate|p1a: Toxapex|move: Protect
|move|p2b: GHOSTWAVE|Last Respects|p1a: Toxapex
|-activate|p1a: Toxapex|move: Protect
|
|-damage|p2b: GHOSTWAVE|81/100 tox|[from] psn
|-damage|p2a: CRUSH SHARK|56/100 brn|[from] brn
|upkeep
|turn|10
|
|t:|1783367373
|move|p2a: CRUSH SHARK|Dragon Claw|p1a: Toxapex
|-damage|p1a: Toxapex|79/100
|-damage|p2a: CRUSH SHARK|46/100 brn|[from] item: Life Orb
|move|p2b: GHOSTWAVE|Last Respects|p1a: Toxapex
|-damage|p1a: Toxapex|12/100
|move|p1a: Toxapex|Infestation|p2b: GHOSTWAVE
|-resisted|p2b: GHOSTWAVE|1
|-damage|p2b: GHOSTWAVE|80/100 tox
|-activate|p2b: GHOSTWAVE|move: Infestation|[of] p1a: Toxapex
|
|-heal|p1a: Toxapex|17/100|[from] item: Leftovers
|-damage|p2b: GHOSTWAVE|61/100 tox|[from] psn
|-damage|p2a: CRUSH SHARK|40/100 brn|[from] brn
|-damage|p2b: GHOSTWAVE|49/100 tox|[from] move: Infestation|[partiallytrapped]
|upkeep
|turn|11
|
|t:|1783367386
|move|p1a: Toxapex|Baneful Bunker|p1a: Toxapex
|-singleturn|p1a: Toxapex|move: Protect
|move|p2a: CRUSH SHARK|Dragon Claw|p1a: Toxapex
|-activate|p1a: Toxapex|move: Protect
|move|p2b: GHOSTWAVE|Last Respects|p1a: Toxapex
|-activate|p1a: Toxapex|move: Protect
|
|-heal|p1a: Toxapex|23/100|[from] item: Leftovers
|-damage|p2b: GHOSTWAVE|24/100 tox|[from] psn
|-damage|p2a: CRUSH SHARK|34/100 brn|[from] brn
|-damage|p2b: GHOSTWAVE|11/100 tox|[from] move: Infestation|[partiallytrapped]
|upkeep
|turn|12
|
|t:|1783367400
|move|p1a: Toxapex|Baneful Bunker|p1a: Toxapex
|-singleturn|p1a: Toxapex|move: Protect
|move|p2a: CRUSH SHARK|Dragon Claw|p1a: Toxapex
|-activate|p1a: Toxapex|move: Protect
|move|p2b: GHOSTWAVE|Last Respects|p1a: Toxapex
|-activate|p1a: Toxapex|move: Protect
|
|-heal|p1a: Toxapex|29/100|[from] item: Leftovers
|-damage|p2b: GHOSTWAVE|0 fnt|[from] psn
|faint|p2b: GHOSTWAVE
|-damage|p2a: CRUSH SHARK|28/100 brn|[from] brn
|upkeep
|turn|13
|
|t:|1783367421
|move|p1a: Toxapex|Wide Guard|p1a: Toxapex
|-singleturn|p1a: Toxapex|Wide Guard
|move|p2a: CRUSH SHARK|Earthquake|p1a: Toxapex
|-activate|p1a: Toxapex|move: Wide Guard
|
|-heal|p1a: Toxapex|35/100|[from] item: Leftovers
|-damage|p2a: CRUSH SHARK|22/100 brn|[from] brn
|upkeep
|turn|14
|
|t:|1783367429
|move|p2a: CRUSH SHARK|Dragon Claw|p1a: Toxapex
|-damage|p1a: Toxapex|16/100
|-damage|p2a: CRUSH SHARK|12/100 brn|[from] item: Life Orb
|move|p1a: Toxapex|Infestation|p2a: CRUSH SHARK
|-damage|p2a: CRUSH SHARK|8/100 brn
|-activate|p2a: CRUSH SHARK|move: Infestation|[of] p1a: Toxapex
|-damage|p1a: Toxapex|4/100|[from] ability: Rough Skin|[of] p2a: CRUSH SHARK
|
|-heal|p1a: Toxapex|10/100|[from] item: Leftovers
|-damage|p2a: CRUSH SHARK|2/100 brn|[from] brn
|-damage|p2a: CRUSH SHARK|0 fnt|[from] move: Infestation|[partiallytrapped]
|faint|p2a: CRUSH SHARK
|
|win|SnowyPex
|raw|SnowyPex's rating: 1258 → 1287(+29 for winning)
|raw|lettitripppp's rating: 1318 → 1295(-23 for losing)
