|j|☆jomivgc
|j|☆HopsVGC
|html|jomivgcHopsVGC    
|uhtml|bestof|Game 3 of a best-of-3
|t:|1785154786
|gametype|doubles
|player|p1|jomivgc|falkner-gen2|1301
|player|p2|HopsVGC|265|1292
|gen|9
|tier|[Gen 9 Champions] VGC 2026 Reg M-B (Bo3)
|rated|
|rule|Species Clause: Limit one of each Pokémon
|rule|Item Clause: Limit 1 of each item
|clearpoke
|poke|p1|Staraptor, L50, M|
|poke|p1|Vanilluxe, L50, M|
|poke|p1|Farigiraf, L50, M|
|poke|p1|Blastoise, L50, F|
|poke|p1|Kingambit, L50, F|
|poke|p1|Camerupt, L50, M|
|poke|p2|Kommo-o, L50, M|
|poke|p2|Sinistcha, L50|
|poke|p2|Scrafty, L50, M|
|poke|p2|Aegislash, L50, M, shiny|
|poke|p2|Tyranitar, L50, F|
|poke|p2|Aerodactyl, L50, M, shiny|
|teampreview|4
|showteam|p1|Staraptor||ChoiceScarf|Intimidate|FinalGambit,BraveBird,CloseCombat,Uturn|Jolly||M|||50|]Vanilluxe||NeverMeltIce|SnowWarning|Blizzard,FreezeDry,Protect,IceShard|Quiet||M|||50|]Farigiraf||SitrusBerry|ArmorTail|PsychicFangs,HyperVoice,HelpingHand,TrickRoom|Relaxed||M|||50|]Blastoise||Blastoisinite|RainDish|FakeOut,WaterSpout,AuraSphere,DarkPulse|Quiet||F|||50|]Kingambit||LifeOrb|Defiant|KowtowCleave,IronHead,Protect,SuckerPunch|Brave||F|||50|]Camerupt||Cameruptite|SolidRock|HeatWave,EarthPower,Protect,AncientPower|Quiet||M|||50|
|showteam|p2|Kommo-o||Leftovers|Soundproof|ClangingScales,FlashCannon,ClangorousSoul,Protect|Modest||M|||50|]Sinistcha||SitrusBerry|Hospitality|ShadowBall,RagePowder,LifeDew,TrickRoom|Relaxed|||||50|]Scrafty||Scraftinite|Intimidate|DrainPunch,KnockOff,FakeOut,Protect|Adamant||M|||50|]Aegislash||LifeOrb|StanceChange|IronHead,Poltergeist,WideGuard,KingsShield|Serious||M|||50|]Tyranitar||Tyranitarite|SandStream|RockSlide,KnockOff,LowKick,Protect|Adamant||F|||50|]Aerodactyl||FocusSash|Unnerve|RockSlide,DualWingbeat,Tailwind,Protect|Jolly||M|||50|
|inactive|Battle timer is ON: inactive players will automatically lose when time's up. (requested by jomivgc)
|inactive|jomivgc has 60 seconds left.
|
|t:|1785154824
|teamsize|p1|4
|teamsize|p2|4
|start
|switch|p1a: Staraptor|Staraptor, L50, M|100/100
|switch|p1b: Farigiraf|Farigiraf, L50, M|100/100
|switch|p2a: Aegislash|Aegislash, L50, M, shiny|100/100
|switch|p2b: Tyranitar|Tyranitar, L50, F|100/100
|-ability|p1a: Staraptor|Intimidate|boost
|-unboost|p2a: Aegislash|atk|1
|-unboost|p2b: Tyranitar|atk|1
|-weather|Sandstorm|[from] ability: Sand Stream|[of] p2b: Tyranitar
|turn|1
|inactive|jomivgc has 30 seconds left.
|
|t:|1785154856
|switch|p1b: Kingambit|Kingambit, L50, F|100/100
|move|p2b: Tyranitar|Protect|p2b: Tyranitar
|-singleturn|p2b: Tyranitar|Protect
|move|p1a: Staraptor|Final Gambit|p2b: Tyranitar
|-activate|p2b: Tyranitar|move: Protect
|-formechange|p2a: Aegislash|Aegislash-Blade|
|move|p2a: Aegislash|Iron Head|p1b: Kingambit
|-resisted|p1b: Kingambit|1
|-damage|p1b: Kingambit|86/100
|-damage|p2a: Aegislash|90/100|[from] item: Life Orb
|
|-weather|Sandstorm|[upkeep]
|-damage|p1a: Staraptor|93/100|[from] Sandstorm
|upkeep
|turn|2
|
|t:|1785154880
|switch|p1a: Farigiraf|Farigiraf, L50, M|100/100
|switch|p2b: Sinistcha|Sinistcha, L50|100/100
|-heal|p2a: Aegislash|100/100|[from] ability: Hospitality|[of] p2b: Sinistcha
|-formechange|p2a: Aegislash|Aegislash|
|move|p2a: Aegislash|King's Shield|p2a: Aegislash
|-singleturn|p2a: Aegislash|Protect
|move|p1b: Kingambit|Kowtow Cleave|p2b: Sinistcha
|-supereffective|p2b: Sinistcha|1
|-damage|p2b: Sinistcha|0 fnt
|faint|p2b: Sinistcha
|-damage|p1b: Kingambit|77/100|[from] item: Life Orb
|
|-weather|Sandstorm|[upkeep]
|-damage|p1a: Farigiraf|93/100|[from] Sandstorm
|upkeep
|
|t:|1785154891
|switch|p2b: Tyranitar|Tyranitar, L50, F|100/100
|turn|3
|
|t:|1785154914
|detailschange|p2b: Tyranitar|Tyranitar-Mega, L50, F
|-mega|p2b: Tyranitar|Tyranitar|Tyranitarite
|move|p1a: Farigiraf|Helping Hand|p1b: Kingambit
|-singleturn|p1b: Kingambit|Helping Hand|[of] p1a: Farigiraf
|move|p1b: Kingambit|Sucker Punch|p2a: Aegislash
|-supereffective|p2a: Aegislash|1
|-damage|p2a: Aegislash|0 fnt
|faint|p2a: Aegislash
|-damage|p1b: Kingambit|67/100|[from] item: Life Orb
|move|p2b: Tyranitar|Knock Off|p1a: Farigiraf
|-supereffective|p1a: Farigiraf|1
|-damage|p1a: Farigiraf|0 fnt
|-enditem|p1a: Farigiraf|Sitrus Berry|[from] move: Knock Off|[of] p2b: Tyranitar
|faint|p1a: Farigiraf
|
|-weather|Sandstorm|[upkeep]
|upkeep
|
|t:|1785154929
|switch|p2a: Scrafty|Scrafty, L50, M|100/100
|switch|p1a: Vanilluxe|Vanilluxe, L50, M|100/100
|-weather|Snowscape|[from] ability: Snow Warning|[of] p1a: Vanilluxe
|-ability|p2a: Scrafty|Intimidate|boost
|-unboost|p1a: Vanilluxe|atk|1
|-unboost|p1b: Kingambit|atk|1
|-ability|p1b: Kingambit|Defiant|boost
|-boost|p1b: Kingambit|atk|2
|turn|4
|
|t:|1785154952
|move|p1a: Vanilluxe|Protect|p1a: Vanilluxe
|-singleturn|p1a: Vanilluxe|Protect
|move|p1b: Kingambit|Protect|p1b: Kingambit
|-singleturn|p1b: Kingambit|Protect
|move|p2b: Tyranitar|Rock Slide|p1b: Kingambit|[spread] 
|-activate|p1a: Vanilluxe|move: Protect
|-activate|p1b: Kingambit|move: Protect
|move|p2a: Scrafty|Drain Punch|p1b: Kingambit
|-activate|p1b: Kingambit|move: Protect
|
|-weather|Snowscape|[upkeep]
|upkeep
|turn|5
|
|t:|1785154975
|move|p2b: Tyranitar|Rock Slide|p1a: Vanilluxe|[spread] p1a,p1b
|-supereffective|p1a: Vanilluxe|1
|-resisted|p1b: Kingambit|1
|-damage|p1a: Vanilluxe|44/100
|-damage|p1b: Kingambit|54/100
|move|p1a: Vanilluxe|Blizzard|p2a: Scrafty|[spread] p2a,p2b
|-damage|p2a: Scrafty|54/100
|-damage|p2b: Tyranitar|63/100
|move|p2a: Scrafty|Drain Punch|p1b: Kingambit
|-supereffective|p1b: Kingambit|2
|-damage|p1b: Kingambit|0 fnt
|-heal|p2a: Scrafty|87/100|[from] drain|[of] p1b: Kingambit
|faint|p1b: Kingambit
|
|-weather|Snowscape|[upkeep]
|upkeep
|
|t:|1785154985
|switch|p1b: Staraptor|Staraptor, L50, M|93/100
|-ability|p1b: Staraptor|Intimidate|boost
|-unboost|p2a: Scrafty|atk|1
|-unboost|p2b: Tyranitar|atk|1
|turn|6
|
|t:|1785155010
|move|p2b: Tyranitar|Protect|p2b: Tyranitar
|-singleturn|p2b: Tyranitar|Protect
|move|p2a: Scrafty|Protect|p2a: Scrafty
|-singleturn|p2a: Scrafty|Protect
|move|p1b: Staraptor|Close Combat|p2b: Tyranitar
|-activate|p2b: Tyranitar|move: Protect
|move|p1a: Vanilluxe|Blizzard|p2a: Scrafty|[spread] 
|-activate|p2a: Scrafty|move: Protect
|-activate|p2b: Tyranitar|move: Protect
|
|-weather|Snowscape|[upkeep]
|upkeep
|turn|7
|
|t:|1785155028
|move|p1b: Staraptor|Close Combat|p2a: Scrafty
|-supereffective|p2a: Scrafty|1
|-damage|p2a: Scrafty|19/100
|-unboost|p1b: Staraptor|def|1
|-unboost|p1b: Staraptor|spd|1
|move|p2b: Tyranitar|Rock Slide|p1b: Staraptor|[spread] p1a,p1b
|-supereffective|p1a: Vanilluxe|1
|-supereffective|p1b: Staraptor|1
|-damage|p1a: Vanilluxe|11/100
|-damage|p1b: Staraptor|6/100
|move|p1a: Vanilluxe|Blizzard|p2b: Tyranitar|[spread] p2a,p2b
|-damage|p2a: Scrafty|0 fnt
|-damage|p2b: Tyranitar|29/100
|faint|p2a: Scrafty
|
|-weather|Snowscape|[upkeep]
|upkeep
|turn|8
|
|t:|1785155045
|move|p1b: Staraptor|Close Combat|p2b: Tyranitar
|-supereffective|p2b: Tyranitar|2
|-crit|p2b: Tyranitar
|-damage|p2b: Tyranitar|0 fnt
|-unboost|p1b: Staraptor|def|1
|-unboost|p1b: Staraptor|spd|1
|faint|p2b: Tyranitar
|
|win|jomivgc
|raw|jomivgc's rating: 1301 → 1320(+19 for winning)
|raw|HopsVGC's rating: 1292 → 1268(-24 for losing)
