|j|☆s4m1_jaw3d
|j|☆dagrzekrom
|html|s4m1_jaw3ddagrzekrom    
|uhtml|bestof|Game 1 of a best-of-3
|t:|1783181041
|gametype|doubles
|player|p1|s4m1_jaw3d|volkner|
|player|p2|dagrzekrom|battlegirl-gen4|
|gen|9
|tier|[Gen 9 Champions] VGC 2026 Reg M-B (Bo3)
|rule|Species Clause: Limit one of each Pokémon
|rule|Item Clause: Limit 1 of each item
|clearpoke
|poke|p1|Sableye, L50, F|
|poke|p1|Lopunny, L50, F|
|poke|p1|Tinkaton, L50, F|
|poke|p1|Gliscor, L50, F|
|poke|p1|Arcanine-Hisui, L50, M|
|poke|p1|Medicham, L50, M|
|poke|p2|Kangaskhan, L50, F|
|poke|p2|Gardevoir, L50, F|
|poke|p2|Toxapex, L50, M|
|poke|p2|Steelix, L50, M|
|poke|p2|Samurott-Hisui, L50, M|
|poke|p2|Scovillain, L50, M|
|teampreview|4
|showteam|p1|Sableye||RoseliBerry|Prankster|ThunderWave,FakeOut,FoulPlay,Encore|Careful||F|||50|]Lopunny||Lopunnite|CuteCharm|FakeOut,TripleAxel,CloseCombat,Protect|Jolly||F|||50|]Tinkaton||SitrusBerry|MoldBreaker|FakeOut,GigatonHammer,PlayRough,Protect|Adamant||F|||50|]Gliscor||YacheBerry|HyperCutter|Protect,DualWingbeat,HighHorsepower,Tailwind|Adamant||F|||50|]Arcanine-Hisui||LifeOrb|Intimidate|ExtremeSpeed,RockSlide,FlareBlitz,Protect|Jolly||M|||50|]Medicham||ExpertBelt|PurePower|FakeOut,Acupressure,ZenHeadbutt,CloseCombat|Jolly||M|||50|
|showteam|p2|Kangaskhan||SilkScarf|Scrappy|DrainPunch,FakeOut,DoubleEdge,SuckerPunch|Adamant||F|||50|]Gardevoir||Gardevoirite|Synchronize|Protect,HyperVoice,Psychic,TrickRoom|Timid||F|||50|]Toxapex||Leftovers|Merciless|WideGuard,Recover,BanefulBunker,Infestation|Bold||M|||50|]Steelix||SitrusBerry|SheerForce|Protect,BodyPress,Earthquake,IronDefense|Careful||M|||50|]Samurott-Hisui||ChoiceScarf|Sharpness|SacredSword,FlipTurn,RazorShell,CeaselessEdge|Adamant||M|||50|]Scovillain||FocusSash|Moody|Protect,LeechSeed,LeafStorm,RagePowder|Bold||M|||50|
|c|☆s4m1_jaw3d|Glhf
|c|☆dagrzekrom|glhf
|
|t:|1783181122
|teamsize|p1|4
|teamsize|p2|4
|start
|switch|p1a: Sableye|Sableye, L50, F|100/100
|switch|p1b: Medicham|Medicham, L50, M|100/100
|switch|p2a: Scovillain|Scovillain, L50, M|100/100
|switch|p2b: Gardevoir|Gardevoir, L50, F|100/100
|turn|1
|
|t:|1783181139
|move|p2b: Gardevoir|Protect|p2b: Gardevoir
|-singleturn|p2b: Gardevoir|Protect
|move|p2a: Scovillain|Protect|p2a: Scovillain
|-singleturn|p2a: Scovillain|Protect
|move|p1a: Sableye|Fake Out|p2b: Gardevoir
|-activate|p2b: Gardevoir|move: Protect
|move|p1b: Medicham|Acupressure|p1b: Medicham
|-boost|p1b: Medicham|def|2
|
|-ability|p2a: Scovillain|Moody|boost
|-boost|p2a: Scovillain|def|2
|-unboost|p2a: Scovillain|spe|1
|upkeep
|turn|2
|
|t:|1783181158
|detailschange|p2b: Gardevoir|Gardevoir-Mega, L50, F
|-mega|p2b: Gardevoir|Gardevoir|Gardevoirite
|move|p2a: Scovillain|Rage Powder|p2a: Scovillain
|-singleturn|p2a: Scovillain|move: Rage Powder
|move|p1a: Sableye|Encore|p2a: Scovillain
|-start|p2a: Scovillain|Encore
|move|p2b: Gardevoir|Hyper Voice|p1b: Medicham|[spread] p1a,p1b
|-supereffective|p1a: Sableye|1
|-enditem|p1a: Sableye|Roseli Berry|[eat]
|-enditem|p1a: Sableye|Roseli Berry|[weaken]
|-supereffective|p1b: Medicham|1
|-damage|p1a: Sableye|42/100
|-damage|p1b: Medicham|0 fnt
|faint|p1b: Medicham
|
|-ability|p2a: Scovillain|Moody|boost
|-boost|p2a: Scovillain|spd|2
|-unboost|p2a: Scovillain|spe|1
|upkeep
|
|t:|1783181171
|switch|p1b: Arcanine|Arcanine-Hisui, L50, M|100/100
|-ability|p1b: Arcanine|Intimidate|boost
|-unboost|p2a: Scovillain|atk|1
|-unboost|p2b: Gardevoir|atk|1
|turn|3
|
|t:|1783181187
|move|p2a: Scovillain|Rage Powder|p2a: Scovillain
|-singleturn|p2a: Scovillain|move: Rage Powder
|move|p1a: Sableye|Thunder Wave|p2a: Scovillain
|-status|p2a: Scovillain|par
|move|p2b: Gardevoir|Hyper Voice|p1b: Arcanine|[spread] p1a,p1b
|-supereffective|p1a: Sableye|1
|-resisted|p1b: Arcanine|1
|-damage|p1a: Sableye|0 fnt
|-damage|p1b: Arcanine|69/100
|faint|p1a: Sableye
|move|p1b: Arcanine|Rock Slide|p2b: Gardevoir|[spread] p2a,p2b
|-supereffective|p2a: Scovillain|1
|-damage|p2a: Scovillain|54/100 par
|-damage|p2b: Gardevoir|35/100
|-damage|p1b: Arcanine|59/100|[from] item: Life Orb
|
|-ability|p2a: Scovillain|Moody|boost
|-boost|p2a: Scovillain|spd|2
|-unboost|p2a: Scovillain|def|1
|upkeep
|
|t:|1783181194
|switch|p1a: Lopunny|Lopunny, L50, F|100/100
|turn|4
|
|t:|1783181206
|detailschange|p1a: Lopunny|Lopunny-Mega, L50, F
|-mega|p1a: Lopunny|Lopunny|Lopunnite
|move|p1a: Lopunny|Protect|p1a: Lopunny
|-singleturn|p1a: Lopunny|Protect
|move|p2b: Gardevoir|Protect|p2b: Gardevoir
|-singleturn|p2b: Gardevoir|Protect
|move|p2a: Scovillain|Rage Powder|p2a: Scovillain
|-singleturn|p2a: Scovillain|move: Rage Powder
|move|p1b: Arcanine|Rock Slide|p2b: Gardevoir|[spread] p2a
|-activate|p2b: Gardevoir|move: Protect
|-supereffective|p2a: Scovillain|1
|-damage|p2a: Scovillain|0 fnt
|faint|p2a: Scovillain
|-damage|p1b: Arcanine|49/100|[from] item: Life Orb
|
|upkeep
|
|t:|1783181222
|switch|p2a: Samurott|Samurott-Hisui, L50, M|100/100
|turn|5
|
|t:|1783181243
|move|p1b: Arcanine|Extreme Speed|p2b: Gardevoir
|-damage|p2b: Gardevoir|0 fnt
|faint|p2b: Gardevoir
|-damage|p1b: Arcanine|39/100|[from] item: Life Orb
|move|p1a: Lopunny|Close Combat|p2a: Samurott
|-supereffective|p2a: Samurott|1
|-damage|p2a: Samurott|0 fnt
|-unboost|p1a: Lopunny|def|1
|-unboost|p1a: Lopunny|spd|1
|faint|p2a: Samurott
|
|upkeep
|
|t:|1783181252
|switch|p2b: Steelix|Steelix, L50, M|100/100
|turn|6
|
|t:|1783181267
|move|p1a: Lopunny|Close Combat|p2b: Steelix
|-supereffective|p2b: Steelix|1
|-damage|p2b: Steelix|26/100
|-unboost|p1a: Lopunny|def|1
|-unboost|p1a: Lopunny|spd|1
|-enditem|p2b: Steelix|Sitrus Berry|[eat]
|-heal|p2b: Steelix|51/100|[from] item: Sitrus Berry
|move|p1b: Arcanine|Flare Blitz|p2b: Steelix
|-supereffective|p2b: Steelix|1
|-damage|p2b: Steelix|0 fnt
|faint|p2b: Steelix
|-damage|p1b: Arcanine|21/100|[from] Recoil
|-damage|p1b: Arcanine|11/100|[from] item: Life Orb
|
|win|s4m1_jaw3d
||s4m1_jaw3d is ready for game 2.
|inactive|dagrzekrom has 30 seconds to confirm battle start!
||dagrzekrom is ready for game 2.
|uhtml|next|Next: Game 2 of 3
|l|☆s4m1_jaw3d
|player|p1|
