|j|☆marcosdeltasena31
|j|☆louisvillecupchamp
|html|marcosdeltasena31louisvillecupchamp    
|uhtml|bestof|Game 2 of a best-of-3
|t:|1754700433
|gametype|doubles
|player|p1|marcosdeltasena31|hilbert|1291
|player|p2|louisvillecupchamp|fisherman-gen4|1414
|gen|9
|tier|[Gen 9] VGC 2025 Reg H (Bo3)
|rated|
|rule|Species Clause: Limit one of each Pokémon
|rule|Item Clause: Limit 1 of each item
|clearpoke
|poke|p1|Dragonite, L50, F|
|poke|p1|Sneasler, L50, F|
|poke|p1|Volcarona, L50, F|
|poke|p1|Rillaboom, L50, M|
|poke|p1|Kingambit, L50, F|
|poke|p1|Electabuzz, L50, F|
|poke|p2|Charizard, L50, F|
|poke|p2|Torkoal, L50, F|
|poke|p2|Porygon2, L50|
|poke|p2|Incineroar, L50, F|
|poke|p2|Jumpluff, L50, F|
|poke|p2|Ursaluna, L50, M|
|teampreview|4
|showteam|p1|Dragonite||LoadedDice|Multiscale|ScaleShot,ExtremeSpeed,Haze,Protect|||F|||50|,,,,,Fairy]Sneasler||FocusSash|PoisonTouch|DireClaw,CloseCombat,FakeOut,Coaching|||F|||50|,,,,,Ghost]Volcarona||CovertCloak|FlameBody|HeatWave,TeraBlast,QuiverDance,Protect|||F|||50|,,,,,Fairy]Rillaboom||AssaultVest|GrassySurge|WoodHammer,FakeOut,GrassyGlide,HighHorsepower|||M|||50|,,,,,Fire]Kingambit||BlackGlasses|Defiant|KowtowCleave,SwordsDance,SuckerPunch,Protect|||F|||50|,,,,,Dark]Electabuzz||Eviolite|VitalSpirit|Electroweb,FollowMe,Taunt,Protect|||F|||50|,,,,,Ghost
|showteam|p2|Charizard||ChoiceSpecs|SolarPower|HeatWave,Overheat,WeatherBall,AirSlash|||F|||50|,,,,,Ghost]Torkoal||EjectPack|Drought|Eruption,Overheat,HelpingHand,Protect|||F|||50|,,,,,Fire]Porygon2||Eviolite|Download|IceBeam,TeraBlast,TrickRoom,Recover||||||50|,,,,,Fighting]Incineroar||SafetyGoggles|Intimidate|FlareBlitz,KnockOff,FakeOut,PartingShot|||F|||50|,,,,,Ghost]Jumpluff||CovertCloak|Chlorophyll|SleepPowder,SunnyDay,RagePowder,Tailwind|||F|||50|,,,,,Water]Ursaluna||FlameOrb|Guts|HeadlongRush,Facade,Earthquake,Protect|||M|||50|,,,,,Ghost
|
|t:|1754700442
|teamsize|p1|4
|teamsize|p2|4
|start
|switch|p1a: Dragonite|Dragonite, L50, F|100/100
|switch|p1b: Electabuzz|Electabuzz, L50, F|100/100
|switch|p2a: Jumpluff|Jumpluff, L50, F|100/100
|switch|p2b: Porygon2|Porygon2, L50|100/100
|-ability|p2b: Porygon2|Download|boost
|-boost|p2b: Porygon2|atk|1
|turn|1
|
|t:|1754700455
|move|p1a: Dragonite|Protect|p1a: Dragonite
|-singleturn|p1a: Dragonite|Protect
|move|p2a: Jumpluff|Rage Powder|p2a: Jumpluff
|-singleturn|p2a: Jumpluff|move: Rage Powder
|move|p1b: Electabuzz|Taunt|p2a: Jumpluff
|-start|p2a: Jumpluff|move: Taunt
|move|p2b: Porygon2|Trick Room|p2b: Porygon2
|-fieldstart|move: Trick Room|[of] p2b: Porygon2
|
|upkeep
|turn|2
|
|t:|1754700468
|switch|p2a: Ursaluna|Ursaluna, L50, M|100/100
|move|p1b: Electabuzz|Follow Me|p1b: Electabuzz
|-singleturn|p1b: Electabuzz|move: Follow Me
|move|p2b: Porygon2|Tera Blast|p1b: Electabuzz
|-damage|p1b: Electabuzz|71/100
|move|p1a: Dragonite|Scale Shot|p2a: Ursaluna|[miss]
|-miss|p1a: Dragonite|p2a: Ursaluna
|
|-status|p2a: Ursaluna|brn|[from] item: Flame Orb
|upkeep
|turn|3
|
|t:|1754700481
|move|p1b: Electabuzz|Protect|p1b: Electabuzz
|-singleturn|p1b: Electabuzz|Protect
|move|p1a: Dragonite|Protect|p1a: Dragonite
|-singleturn|p1a: Dragonite|Protect
|move|p2b: Porygon2|Ice Beam|p1a: Dragonite
|-activate|p1a: Dragonite|move: Protect
|move|p2a: Ursaluna|Headlong Rush|p1b: Electabuzz
|-activate|p1b: Electabuzz|move: Protect
|
|-damage|p2a: Ursaluna|95/100 brn|[from] brn
|upkeep
|turn|4
|
|t:|1754700499
|-terastallize|p1a: Dragonite|Fairy
|move|p1b: Electabuzz|Follow Me|p1b: Electabuzz
|-singleturn|p1b: Electabuzz|move: Follow Me
|move|p2b: Porygon2|Ice Beam|p1b: Electabuzz
|-damage|p1b: Electabuzz|48/100
|move|p2a: Ursaluna|Headlong Rush|p1b: Electabuzz
|-supereffective|p1b: Electabuzz
|-damage|p1b: Electabuzz|0 fnt
|-unboost|p2a: Ursaluna|def|1
|-unboost|p2a: Ursaluna|spd|1
|faint|p1b: Electabuzz
|move|p1a: Dragonite|Scale Shot|p2a: Ursaluna
|-damage|p2a: Ursaluna|77/100 brn
|-damage|p2a: Ursaluna|61/100 brn
|-damage|p2a: Ursaluna|45/100 brn
|-damage|p2a: Ursaluna|29/100 brn
|-hitcount|p2a: Ursaluna|4
|-unboost|p1a: Dragonite|def|1
|-boost|p1a: Dragonite|spe|1
|
|-damage|p2a: Ursaluna|23/100 brn|[from] brn
|upkeep
|
|t:|1754700523
|switch|p1b: Volcarona|Volcarona, L50, F|100/100
|turn|5
|
|t:|1754700531
|switch|p2a: Jumpluff|Jumpluff, L50, F|100/100
|move|p1b: Volcarona|Protect|p1b: Volcarona
|-singleturn|p1b: Volcarona|Protect
|move|p1a: Dragonite|Protect|p1a: Dragonite
|-singleturn|p1a: Dragonite|Protect
|move|p2b: Porygon2|Tera Blast|p1a: Dragonite
|-activate|p1a: Dragonite|move: Protect
|
|-fieldend|move: Trick Room
|upkeep
|turn|6
|
|t:|1754700542
|switch|p2b: Torkoal|Torkoal, L50, F|100/100
|-weather|SunnyDay|[from] ability: Drought|[of] p2b: Torkoal
|move|p2a: Jumpluff|Sleep Powder|p1b: Volcarona|[miss]
|-miss|p2a: Jumpluff|p1b: Volcarona
|move|p1a: Dragonite|Scale Shot|p2a: Jumpluff
|-damage|p2a: Jumpluff|81/100
|-damage|p2a: Jumpluff|63/100
|-damage|p2a: Jumpluff|45/100
|-damage|p2a: Jumpluff|29/100
|-damage|p2a: Jumpluff|10/100
|-hitcount|p2a: Jumpluff|5
|-unboost|p1a: Dragonite|def|1
|-boost|p1a: Dragonite|spe|1
|move|p1b: Volcarona|Heat Wave|p2b: Torkoal|[spread] p2a,p2b
|-supereffective|p2a: Jumpluff
|-resisted|p2b: Torkoal
|-crit|p2b: Torkoal
|-damage|p2a: Jumpluff|0 fnt
|-damage|p2b: Torkoal|51/100
|faint|p2a: Jumpluff
|
|-weather|SunnyDay|[upkeep]
|upkeep
|
|t:|1754700552
|switch|p2a: Porygon2|Porygon2, L50|100/100
|-ability|p2a: Porygon2|Download|boost
|-boost|p2a: Porygon2|atk|1
|turn|7
|
|t:|1754700560
|move|p2b: Torkoal|Protect|p2b: Torkoal
|-singleturn|p2b: Torkoal|Protect
|move|p1a: Dragonite|Scale Shot|p2a: Porygon2
|-damage|p2a: Porygon2|91/100
|-damage|p2a: Porygon2|81/100
|-damage|p2a: Porygon2|70/100
|-damage|p2a: Porygon2|58/100
|-hitcount|p2a: Porygon2|4
|-unboost|p1a: Dragonite|def|1
|-boost|p1a: Dragonite|spe|1
|move|p1b: Volcarona|Quiver Dance|p1b: Volcarona
|-boost|p1b: Volcarona|spa|1
|-boost|p1b: Volcarona|spd|1
|-boost|p1b: Volcarona|spe|1
|move|p2a: Porygon2|Trick Room|p2a: Porygon2
|-fieldstart|move: Trick Room|[of] p2a: Porygon2
|
|-weather|SunnyDay|[upkeep]
|upkeep
|turn|8
|
|t:|1754700572
|move|p2b: Torkoal|Overheat|p1a: Dragonite
|-damage|p1a: Dragonite|57/100
|-unboost|p2b: Torkoal|spa|2
|-enditem|p2b: Torkoal|Eject Pack
|
|t:|1754700577
|switch|p2b: Ursaluna|Ursaluna, L50, M|23/100 brn
|move|p2a: Porygon2|Tera Blast|p1a: Dragonite
|-damage|p1a: Dragonite|19/100
|move|p1b: Volcarona|Heat Wave|p2b: Ursaluna|[spread] p2a,p2b
|-damage|p2a: Porygon2|6/100
|-damage|p2b: Ursaluna|0 fnt
|faint|p2b: Ursaluna
|move|p1a: Dragonite|Scale Shot|p2a: Porygon2
|-damage|p2a: Porygon2|0 fnt
|faint|p2a: Porygon2
|-hitcount|p2: Porygon2|1
|-unboost|p1a: Dragonite|def|1
|-boost|p1a: Dragonite|spe|1
|
|-weather|SunnyDay|[upkeep]
|upkeep
|-message|louisvillecupchamp forfeited.
|
|win|marcosdeltasena31
|raw|marcosdeltasena31's rating: 1291 → 1324(+33 for winning)
|raw|louisvillecupchamp's rating: 1414 → 1387(-27 for losing)
|l|☆louisvillecupchamp
|player|p2|
