|j|☆mikewwm8
|j|☆ecarry
|html|mikewwm8ecarry    
|uhtml|bestof|Game 1 of a best-of-3
|t:|1784403196
|gametype|doubles
|player|p1|mikewwm8|170|
|player|p2|ecarry|170|
|gen|9
|tier|[Gen 9 Champions] VGC 2026 Reg M-B (Bo3)
|rule|Species Clause: Limit one of each Pokémon
|rule|Item Clause: Limit 1 of each item
|clearpoke
|poke|p1|Tyranitar, L50, F|
|poke|p1|Excadrill, L50, F|
|poke|p1|Milotic, L50, F|
|poke|p1|Sinistcha, L50|
|poke|p1|Staraptor, L50, F|
|poke|p1|Gholdengo, L50|
|poke|p2|Floette-Eternal, L50, F|
|poke|p2|Charizard, L50, M|
|poke|p2|Whimsicott, L50, F|
|poke|p2|Garchomp, L50, M|
|poke|p2|Basculegion, L50, M|
|poke|p2|Kingambit, L50, F|
|teampreview|4
|showteam|p1|Tyranitar||Tyranitarite|SandStream|KnockOff,RockSlide,LowKick,Protect|Jolly||F|||50|]Excadrill||FocusSash|SandRush|Earthquake,IronHead,RockSlide,Protect|Adamant||F|||50|]Milotic||SitrusBerry|Competitive|Scald,IcyWind,Recover,Protect|Calm||F|||50|]Sinistcha||ColburBerry|Hospitality|MatchaGotcha,ShadowBall,Protect,RagePowder|Bold|||||50|]Staraptor||Staraptite|Intimidate|CloseCombat,BraveBird,Tailwind,Protect|Jolly||F|||50|]Gholdengo||LifeOrb|GoodasGold|MakeItRain,ShadowBall,NastyPlot,Protect|Modest|||||50|
|showteam|p2|Floette-Eternal||Floettite|FlowerVeil|Moonblast,DazzlingGleam,LightofRuin,Protect|Modest||F|||50|]Charizard||CharizarditeY|Blaze|HeatWave,WeatherBall,SolarBeam,Protect|Modest||M|||50|]Whimsicott||FocusSash|Prankster|Moonblast,Encore,Tailwind,Protect|Timid||F|||50|]Garchomp||LifeOrb|RoughSkin|DragonClaw,Earthquake,Protect,RockSlide|Jolly||M|||50|]Basculegion||MysticWater|Adaptability|WaveCrash,LastRespects,AquaJet,Protect|Adamant||M|||50|]Kingambit||BlackGlasses|Defiant|KowtowCleave,IronHead,SuckerPunch,Protect|Adamant||F|||50|
|c|☆mikewwm8|glhf
|c|☆ecarry|gl
|inactive|Battle timer is ON: inactive players will automatically lose when time's up. (requested by mikewwm8)
|
|t:|1784403260
|teamsize|p1|4
|teamsize|p2|4
|start
|switch|p1a: Staraptor|Staraptor, L50, F|100/100
|switch|p1b: Gholdengo|Gholdengo, L50|100/100
|switch|p2a: Whimsicott|Whimsicott, L50, F|100/100
|switch|p2b: Basculegion|Basculegion, L50, M|100/100
|-ability|p1a: Staraptor|Intimidate|boost
|-unboost|p2a: Whimsicott|atk|1
|-unboost|p2b: Basculegion|atk|1
|turn|1
|
|t:|1784403278
|move|p2a: Whimsicott|Tailwind|p2a: Whimsicott
|-sidestart|p2: ecarry|move: Tailwind
|move|p2b: Basculegion|Wave Crash|p1b: Gholdengo
|-damage|p1b: Gholdengo|42/100
|-damage|p2b: Basculegion|81/100|[from] Recoil
|move|p1a: Staraptor|Brave Bird|p2a: Whimsicott
|-supereffective|p2a: Whimsicott|1
|-enditem|p2a: Whimsicott|Focus Sash
|-damage|p2a: Whimsicott|1/100
|-damage|p1a: Staraptor|76/100|[from] Recoil
|move|p1b: Gholdengo|Shadow Ball|p2b: Basculegion
|-supereffective|p2b: Basculegion|1
|-damage|p2b: Basculegion|0 fnt
|faint|p2b: Basculegion
|-damage|p1b: Gholdengo|33/100|[from] item: Life Orb
|
|upkeep
|
|t:|1784403298
|switch|p2b: Floette|Floette-Eternal, L50, F|100/100
|turn|2
|inactive|ecarry has 30 seconds left.
|inactive|mikewwm8 has 30 seconds left.
|inactive|ecarry has 20 seconds left.
|inactive|ecarry has 15 seconds left.
|
|t:|1784403343
|switch|p1b: Tyranitar|Tyranitar, L50, F|100/100
|-weather|Sandstorm|[from] ability: Sand Stream|[of] p1b: Tyranitar
|detailschange|p2b: Floette|Floette-Mega, L50, F
|-mega|p2b: Floette|Floette|Floettite
|-ability|p2b: Floette|Fairy Aura
|move|p1a: Staraptor|Protect|p1a: Staraptor
|-singleturn|p1a: Staraptor|Protect
|move|p2a: Whimsicott|Moonblast|p1b: Tyranitar
|-supereffective|p1b: Tyranitar|1
|-damage|p1b: Tyranitar|39/100
|move|p2b: Floette|Dazzling Gleam|p1b: Tyranitar|[spread] p1b
|-activate|p1a: Staraptor|move: Protect
|-supereffective|p1b: Tyranitar|1
|-crit|p1b: Tyranitar
|-damage|p1b: Tyranitar|0 fnt
|faint|p1b: Tyranitar
|
|-weather|Sandstorm|[upkeep]
|-damage|p2a: Whimsicott|0 fnt|[from] Sandstorm
|-damage|p2b: Floette|94/100|[from] Sandstorm
|-damage|p1a: Staraptor|70/100|[from] Sandstorm
|faint|p2a: Whimsicott
|upkeep
|
|t:|1784403361
|switch|p2a: Garchomp|Garchomp, L50, M|100/100
|switch|p1b: Gholdengo|Gholdengo, L50|33/100
|turn|3
|
|t:|1784403386
|switch|p1a: Milotic|Milotic, L50, F|100/100
|move|p1b: Gholdengo|Protect|p1b: Gholdengo
|-singleturn|p1b: Gholdengo|Protect
|move|p2a: Garchomp|Rock Slide|p1b: Gholdengo|[spread] p1a
|-activate|p1b: Gholdengo|move: Protect
|-crit|p1a: Milotic
|-damage|p1a: Milotic|63/100
|-damage|p2a: Garchomp|90/100|[from] item: Life Orb
|move|p2b: Floette|Dazzling Gleam|p1b: Gholdengo|[spread] p1a
|-activate|p1b: Gholdengo|move: Protect
|-damage|p1a: Milotic|32/100
|-enditem|p1a: Milotic|Sitrus Berry|[eat]
|-heal|p1a: Milotic|56/100|[from] item: Sitrus Berry
|
|-weather|Sandstorm|[upkeep]
|-damage|p2b: Floette|88/100|[from] Sandstorm
|-damage|p1a: Milotic|51/100|[from] Sandstorm
|upkeep
|turn|4
|inactive|ecarry has 30 seconds left.
|inactive|ecarry has 20 seconds left.
|
|t:|1784403422
|switch|p1b: Staraptor|Staraptor, L50, F|70/100
|-ability|p1b: Staraptor|Intimidate|boost
|-unboost|p2a: Garchomp|atk|1
|-unboost|p2b: Floette|atk|1
|move|p2b: Floette|Protect|p2b: Floette
|-singleturn|p2b: Floette|Protect
|move|p2a: Garchomp|Earthquake|p1a: Milotic|[spread] p1a
|-activate|p2b: Floette|move: Protect
|-immune|p1b: Staraptor
|-damage|p1a: Milotic|23/100
|-damage|p2a: Garchomp|80/100|[from] item: Life Orb
|move|p1a: Milotic|Icy Wind|p2a: Garchomp|[spread] p2a
|-activate|p2b: Floette|move: Protect
|-supereffective|p2a: Garchomp|2
|-damage|p2a: Garchomp|39/100
|-unboost|p2a: Garchomp|spe|1
|
|-weather|Sandstorm|[upkeep]
|-damage|p2b: Floette|82/100|[from] Sandstorm
|-damage|p1b: Staraptor|64/100|[from] Sandstorm
|-damage|p1a: Milotic|17/100|[from] Sandstorm
|-sideend|p2: ecarry|move: Tailwind
|upkeep
|turn|5
|inactive|mikewwm8 has 30 seconds left.
|inactive|mikewwm8 has 20 seconds left.
|inactive|mikewwm8 has 15 seconds left.
|inactive|mikewwm8 has 10 seconds left.
|
|t:|1784403470
|detailschange|p1b: Staraptor|Staraptor-Mega, L50, F
|-mega|p1b: Staraptor|Staraptor|Staraptite
|move|p1b: Staraptor|Brave Bird|p2b: Floette
|-damage|p2b: Floette|7/100
|-damage|p1b: Staraptor|43/100|[from] Recoil
|move|p2b: Floette|Dazzling Gleam|p1a: Milotic|[spread] p1a,p1b
|-supereffective|p1b: Staraptor|1
|-damage|p1a: Milotic|0 fnt
|-damage|p1b: Staraptor|0 fnt
|faint|p1a: Milotic
|faint|p1b: Staraptor
|move|p2a: Garchomp|Dragon Claw|p1: Milotic|[notarget]
|-fail|p2a: Garchomp
|
|-weather|Sandstorm|[upkeep]
|-damage|p2b: Floette|1/100|[from] Sandstorm
|upkeep
|
|t:|1784403478
|switch|p1b: Gholdengo|Gholdengo, L50|33/100
|turn|6
|inactive|ecarry has 30 seconds left.
|inactive|ecarry has 20 seconds left.
|inactive|ecarry has 15 seconds left.
|
|t:|1784403519
|move|p2b: Floette|Moonblast|p1b: Gholdengo
|-resisted|p1b: Gholdengo|1
|-damage|p1b: Gholdengo|0 fnt
|faint|p1b: Gholdengo
|
|win|ecarry
||mikewwm8 is ready for game 2.
||ecarry is ready for game 2.
|uhtml|next|Next: Game 2 of 3
