|j|☆tang de maracuja
|j|☆DomDaBomb886!
|html|tang de maracujaDomDaBomb886!    
|uhtml|bestof|Game 2 of a best-of-3
|t:|1784687053
|gametype|doubles
|player|p1|tang de maracuja|morty|1251
|player|p2|DomDaBomb886!|101|1285
|gen|9
|tier|[Gen 9 Champions] VGC 2026 Reg M-B (Bo3)
|rated|
|rule|Species Clause: Limit one of each Pokémon
|rule|Item Clause: Limit 1 of each item
|clearpoke
|poke|p1|Sinistcha, L50|
|poke|p1|Gholdengo, L50|
|poke|p1|Incineroar, L50, F|
|poke|p1|Staraptor, L50, M|
|poke|p1|Arcanine-Hisui, L50, F|
|poke|p1|Ninetales-Alola, L50, F|
|poke|p2|Gengar, L50, M|
|poke|p2|Swampert, L50, F|
|poke|p2|Incineroar, L50, F|
|poke|p2|Vivillon, L50, F|
|poke|p2|Archaludon, L50, M|
|poke|p2|Politoed, L50, M|
|teampreview|4
|showteam|p1|Sinistcha||ColburBerry|Hospitality|MatchaGotcha,RagePowder,TrickRoom,StrengthSap|Calm|||||50|]Gholdengo||LifeOrb|GoodasGold|Protect,MakeItRain,ShadowBall,NastyPlot|Modest|||||50|]Incineroar||SitrusBerry|Intimidate|PartingShot,FlareBlitz,DarkestLariat,FakeOut|Careful||F|||50|]Staraptor||Staraptite|Intimidate|Protect,CloseCombat,BraveBird,Roost|Jolly||M|||50|]Arcanine-Hisui||FocusSash|RockHead|Protect,HeadSmash,FlareBlitz,ExtremeSpeed|Jolly||F|||50|]Ninetales-Alola||NeverMeltIce|SnowWarning|Protect,Blizzard,FreezeDry,AuroraVeil|Timid||F|||50|
|showteam|p2|Gengar||Gengarite|CursedBody|Protect,ShadowBall,SludgeBomb,PerishSong|Timid||M|||50|]Swampert||Swampertite|Torrent|Protect,WaveCrash,Earthquake,IcePunch|Adamant||F|||50|]Incineroar||PasshoBerry|Intimidate|Protect,ThroatChop,FakeOut,PartingShot|Careful||F|||50|]Vivillon||FocusSash|CompoundEyes|Protect,Hurricane,SleepPowder,RagePowder|Timid||F|||50|]Archaludon||Leftovers|Stamina|Protect,DragonPulse,FlashCannon,ElectroShot|Calm||M|||50|]Politoed||SitrusBerry|Drizzle|Protect,WeatherBall,Encore,PerishSong|Bold||M|||50|
|inactive|Battle timer is ON: inactive players will automatically lose when time's up. (requested by tang de maracuja)
|
|t:|1784687075
|teamsize|p1|4
|teamsize|p2|4
|start
|switch|p1a: Staraptor|Staraptor, L50, M|100/100
|switch|p1b: Gholdengo|Gholdengo, L50|100/100
|switch|p2a: Incineroar|Incineroar, L50, F|100/100
|switch|p2b: Swampert|Swampert, L50, F|100/100
|-ability|p1a: Staraptor|Intimidate|boost
|-unboost|p2a: Incineroar|atk|1
|-unboost|p2b: Swampert|atk|1
|-ability|p2a: Incineroar|Intimidate|boost
|-unboost|p1a: Staraptor|atk|1
|-unboost|p1b: Gholdengo|atk|1
|turn|1
|inactive|DomDaBomb886! has 30 seconds left.
|inactive|DomDaBomb886! has 20 seconds left.
|inactive|DomDaBomb886! has 15 seconds left.
|inactive|DomDaBomb886! has 10 seconds left.
|inactive|DomDaBomb886! has 5 seconds left.
|
|t:|1784687126
|switch|p1a: Incineroar|Incineroar, L50, F|100/100
|-ability|p1a: Incineroar|Intimidate|boost
|-unboost|p2a: Incineroar|atk|1
|-unboost|p2b: Swampert|atk|1
|detailschange|p2b: Swampert|Swampert-Mega, L50, F
|-mega|p2b: Swampert|Swampert|Swampertite
|move|p1b: Gholdengo|Nasty Plot|p1b: Gholdengo
|-boost|p1b: Gholdengo|spa|2
|move|p2b: Swampert|Wave Crash|p1b: Gholdengo
|-damage|p1b: Gholdengo|59/100
|-damage|p2b: Swampert|85/100|[from] Recoil
|move|p2a: Incineroar|Throat Chop|p1b: Gholdengo
|-supereffective|p1b: Gholdengo|1
|-damage|p1b: Gholdengo|26/100
|-start|p1b: Gholdengo|Throat Chop|[silent]
|
|upkeep
|turn|2
|inactive|tang de maracuja has 30 seconds left.
|inactive|DomDaBomb886! has 30 seconds left.
|
|t:|1784687157
|switch|p2a: Politoed|Politoed, L50, M|100/100
|-weather|RainDance|[from] ability: Drizzle|[of] p2a: Politoed
|switch|p1a: Sinistcha|Sinistcha, L50|100/100
|-heal|p1b: Gholdengo|51/100|[from] ability: Hospitality|[of] p1a: Sinistcha
|move|p2b: Swampert|Protect|p2b: Swampert
|-singleturn|p2b: Swampert|Protect
|move|p1b: Gholdengo|Protect||[still]
|-fail|p1b: Gholdengo
|
|-weather|RainDance|[upkeep]
|-end|p1b: Gholdengo|Throat Chop|[silent]
|upkeep
|turn|3
|
|t:|1784687180
|switch|p2b: Incineroar|Incineroar, L50, F|100/100
|-ability|p2b: Incineroar|Intimidate|boost
|-unboost|p1a: Sinistcha|atk|1
|-unboost|p1b: Gholdengo|atk|1
|move|p1a: Sinistcha|Rage Powder|p1a: Sinistcha
|-singleturn|p1a: Sinistcha|move: Rage Powder
|move|p1b: Gholdengo|Shadow Ball|p2a: Politoed
|-damage|p2a: Politoed|7/100
|-enditem|p2a: Politoed|Sitrus Berry|[eat]
|-heal|p2a: Politoed|32/100|[from] item: Sitrus Berry
|-damage|p1b: Gholdengo|42/100|[from] item: Life Orb
|move|p2a: Politoed|Weather Ball|p1a: Sinistcha
|-resisted|p1a: Sinistcha|1
|-damage|p1a: Sinistcha|79/100
|
|-weather|RainDance|[upkeep]
|upkeep
|turn|4
|inactive|DomDaBomb886! has 30 seconds left.
|
|t:|1784687205
|switch|p1a: Incineroar|Incineroar, L50, F|100/100
|-ability|p1a: Incineroar|Intimidate|boost
|-unboost|p2a: Politoed|atk|1
|-unboost|p2b: Incineroar|atk|1
|move|p1b: Gholdengo|Protect|p1b: Gholdengo
|-singleturn|p1b: Gholdengo|Protect
|move|p2a: Politoed|Weather Ball|p1b: Gholdengo
|-activate|p1b: Gholdengo|move: Protect
|move|p2b: Incineroar|Throat Chop|p1a: Incineroar
|-resisted|p1a: Incineroar|1
|-damage|p1a: Incineroar|91/100
|-start|p1a: Incineroar|Throat Chop|[silent]
|
|-weather|RainDance|[upkeep]
|upkeep
|turn|5
|inactive|tang de maracuja has 30 seconds left.
|inactive|tang de maracuja has 20 seconds left.
|
|t:|1784687242
|switch|p2a: Archaludon|Archaludon, L50, M|100/100
|switch|p2b: Swampert|Swampert-Mega, L50, F|85/100
|move|p1a: Incineroar|Fake Out|p2b: Swampert
|-damage|p2b: Swampert|75/100
|move|p1b: Gholdengo|Make It Rain|p2a: Archaludon|[spread] p2a,p2b
|-resisted|p2a: Archaludon|1
|-resisted|p2b: Swampert|1
|-damage|p2a: Archaludon|47/100
|-damage|p2b: Swampert|22/100
|-unboost|p1b: Gholdengo|spa|2
|-ability|p2a: Archaludon|Stamina|boost
|-boost|p2a: Archaludon|def|1
|-damage|p1b: Gholdengo|32/100|[from] item: Life Orb
|
|-weather|RainDance|[upkeep]
|-heal|p2a: Archaludon|53/100|[from] item: Leftovers
|-end|p1a: Incineroar|Throat Chop|[silent]
|upkeep
|turn|6
|inactive|DomDaBomb886! has 30 seconds left.
|inactive|DomDaBomb886! has 20 seconds left.
|
|t:|1784687277
|switch|p1a: Sinistcha|Sinistcha, L50|79/100
|-heal|p1b: Gholdengo|57/100|[from] ability: Hospitality|[of] p1a: Sinistcha
|move|p2b: Swampert|Ice Punch|p1a: Sinistcha
|-supereffective|p1a: Sinistcha|1
|-damage|p1a: Sinistcha|14/100
|move|p1b: Gholdengo|Shadow Ball|p2a: Archaludon
|-damage|p2a: Archaludon|10/100
|-ability|p2a: Archaludon|Stamina|boost
|-boost|p2a: Archaludon|def|1
|-damage|p1b: Gholdengo|48/100|[from] item: Life Orb
|move|p2a: Archaludon|Electro Shot||[still]
|-prepare|p2a: Archaludon|Electro Shot
|-boost|p2a: Archaludon|spa|1
|-anim|p2a: Archaludon|Electro Shot|p1b: Gholdengo
|-damage|p1b: Gholdengo|0 fnt
|faint|p1b: Gholdengo
|
|-weather|none
|-heal|p2a: Archaludon|17/100|[from] item: Leftovers
|upkeep
|
|t:|1784687291
|switch|p1b: Staraptor|Staraptor, L50, M|100/100
|-ability|p1b: Staraptor|Intimidate|boost
|-unboost|p2a: Archaludon|atk|1
|-unboost|p2b: Swampert|atk|1
|turn|7
|inactive|DomDaBomb886! has 30 seconds left.
|
|t:|1784687316
|switch|p2b: Incineroar|Incineroar, L50, F|100/100
|-ability|p2b: Incineroar|Intimidate|boost
|-unboost|p1a: Sinistcha|atk|1
|-unboost|p1b: Staraptor|atk|1
|switch|p1a: Incineroar|Incineroar, L50, F|91/100
|-ability|p1a: Incineroar|Intimidate|boost
|-unboost|p2a: Archaludon|atk|1
|-unboost|p2b: Incineroar|atk|1
|detailschange|p1b: Staraptor|Staraptor-Mega, L50, M
|-mega|p1b: Staraptor|Staraptor|Staraptite
|move|p1b: Staraptor|Close Combat|p2a: Archaludon
|-supereffective|p2a: Archaludon|1
|-damage|p2a: Archaludon|0 fnt
|-boost|p1b: Staraptor|def|1
|-boost|p1b: Staraptor|spd|1
|faint|p2a: Archaludon
|
|upkeep
|inactive|DomDaBomb886! has 30 seconds left.
|
|t:|1784687342
|switch|p2a: Swampert|Swampert-Mega, L50, F|22/100
|turn|8
|
|t:|1784687367
|move|p2a: Swampert|Protect|p2a: Swampert
|-singleturn|p2a: Swampert|Protect
|move|p1a: Incineroar|Fake Out|p2a: Swampert
|-activate|p2a: Swampert|move: Protect
|move|p1b: Staraptor|Close Combat|p2b: Incineroar
|-supereffective|p2b: Incineroar|1
|-damage|p2b: Incineroar|33/100
|-boost|p1b: Staraptor|def|1
|-boost|p1b: Staraptor|spd|1
|move|p2b: Incineroar|Parting Shot|p1a: Incineroar
|-unboost|p1a: Incineroar|atk|1
|-unboost|p1a: Incineroar|spa|1
|
|t:|1784687374
|switch|p2b: Politoed|Politoed, L50, M|32/100|[from] Parting Shot
|-weather|RainDance|[from] ability: Drizzle|[of] p2b: Politoed
|
|-weather|RainDance|[upkeep]
|upkeep
|turn|9
|
|t:|1784687396
|move|p2b: Politoed|Protect|p2b: Politoed
|-singleturn|p2b: Politoed|Protect
|move|p2a: Swampert|Wave Crash|p1a: Incineroar
|-supereffective|p1a: Incineroar|1
|-damage|p1a: Incineroar|0 fnt
|faint|p1a: Incineroar
|-damage|p2a: Swampert|0 fnt|[from] Recoil
|faint|p2a: Swampert
|move|p1b: Staraptor|Close Combat|p2b: Politoed
|-activate|p2b: Politoed|move: Protect
|
|-weather|RainDance|[upkeep]
|upkeep
|
|t:|1784687404
|switch|p2a: Incineroar|Incineroar, L50, F|33/100
|switch|p1a: Sinistcha|Sinistcha, L50|14/100
|-ability|p2a: Incineroar|Intimidate|boost
|-unboost|p1a: Sinistcha|atk|1
|-boost|p1b: Staraptor|atk|1
|turn|10
|
|t:|1784687419
|move|p2a: Incineroar|Fake Out|p1b: Staraptor
|-damage|p1b: Staraptor|95/100
|cant|p1b: Staraptor|flinch
|move|p1a: Sinistcha|Matcha Gotcha|p2a: Incineroar|[spread] p2a,p2b
|-resisted|p2a: Incineroar|1
|-supereffective|p2b: Politoed|1
|-damage|p2a: Incineroar|25/100
|-heal|p1a: Sinistcha|19/100|[from] drain|[of] p2a: Incineroar
|-damage|p2b: Politoed|0 fnt
|-heal|p1a: Sinistcha|37/100|[from] drain|[of] p2b: Politoed
|faint|p2b: Politoed
|
|-weather|RainDance|[upkeep]
|upkeep
|turn|11
|-message|DomDaBomb886! forfeited.
|
|win|tang de maracuja
|l|☆DomDaBomb886!
|player|p2|
||DomDaBomb886! is ready for game 3.
||tang de maracuja is ready for game 3.
|uhtml|next|Next: Game 3 of 3
