|j|â˜†eratakate
|j|â˜†GoodVibesOnlyMiau
|html|eratakateGoodVibesOnlyMiau    
|uhtml|bestof|Game 3 of a best-of-3
|t:|1756378137
|gametype|doubles
|player|p1|eratakate|1|1287
|player|p2|GoodVibesOnlyMiau|rosa|1315
|gen|9
|tier|[Gen 9] VGC 2025 Reg H (Bo3)
|rated|
|rule|Species Clause: Limit one of each PokÃ©mon
|rule|Item Clause: Limit 1 of each item
|clearpoke
|poke|p1|Incineroar, L50, F|
|poke|p1|Amoonguss, L50, F|
|poke|p1|Ursaluna-Bloodmoon, L50, M|
|poke|p1|Sneasler, L50, F|
|poke|p1|Gholdengo, L50|
|poke|p1|Dragonite, L50, F|
|poke|p2|Pelipper, L50, M|
|poke|p2|Archaludon, L50, M|
|poke|p2|Basculegion, L50, M|
|poke|p2|Incineroar, L50, F|
|poke|p2|Amoonguss, L50, F|
|poke|p2|Gholdengo, L50|
|teampreview|4
|showteam|p1|Incineroar||SafetyGoggles|Intimidate|FlareBlitz,KnockOff,PartingShot,FakeOut|||F|||50|,,,,,Ghost]Amoonguss||SitrusBerry|Regenerator|Spore,RagePowder,PollenPuff,Protect|||F|||50|,,,,,Psychic]Ursaluna-Bloodmoon||AssaultVest|MindsEye|HyperVoice,BloodMoon,EarthPower,VacuumWave|||M|||50|,,,,,Water]Sneasler||FocusSash|Unburden|CloseCombat,DireClaw,ThroatChop,Protect|||F|||50|,,,,,Stellar]Gholdengo||LifeOrb|GoodasGold|MakeItRain,ShadowBall,NastyPlot,Protect||||||50|,,,,,Water]Dragonite||LoadedDice|Multiscale|ScaleShot,Tailwind,Haze,Protect|||F|||50|,,,,,Fairy
|showteam|p2|Pelipper||FocusSash|Drizzle|Tailwind,Hurricane,WeatherBall,Protect|||M|||50|,,,,,Stellar]Archaludon||AssaultVest|Stamina|ElectroShot,BodyPress,FlashCannon,DragonPulse|||M|||50|,,,,,Fairy]Basculegion||ChoiceBand|SwiftSwim|LastRespects,WaveCrash,AquaJet,FlipTurn|||M|||50|,,,,,Water]Incineroar||SafetyGoggles|Intimidate|FakeOut,KnockOff,FlareBlitz,PartingShot|||F|||50|,,,,,Ghost]Amoonguss||SitrusBerry|Regenerator|Spore,RagePowder,PollenPuff,ClearSmog|||F|||50|,,,,,Fire]Gholdengo||LifeOrb|GoodasGold|NastyPlot,MakeItRain,ShadowBall,Protect||||||50|,,,,,Water
|
|t:|1756378201
|teamsize|p1|4
|teamsize|p2|4
|start
|switch|p1a: Dragonite|Dragonite, L50, F|100/100
|switch|p1b: Incineroar|Incineroar, L50, F|100/100
|switch|p2a: Basculegion|Basculegion, L50, M|100/100
|switch|p2b: Incineroar|Incineroar, L50, F|100/100
|-ability|p2b: Incineroar|Intimidate|boost
|-unboost|p1a: Dragonite|atk|1
|-unboost|p1b: Incineroar|atk|1
|-ability|p1b: Incineroar|Intimidate|boost
|-unboost|p2a: Basculegion|atk|1
|-unboost|p2b: Incineroar|atk|1
|turn|1
|inactive|Battle timer is ON: inactive players will automatically lose when time's up. (requested by GoodVibesOnlyMiau)
|
|t:|1756378221
|move|p1a: Dragonite|Protect|p1a: Dragonite
|-singleturn|p1a: Dragonite|Protect
|move|p2b: Incineroar|Fake Out|p1a: Dragonite
|-activate|p1a: Dragonite|move: Protect
|move|p2a: Basculegion|Flip Turn|p1b: Incineroar
|-supereffective|p1b: Incineroar
|-damage|p1b: Incineroar|41/100
|
|t:|1756378241
|switch|p2a: Archaludon|Archaludon, L50, M, shiny|100/100|[from] Flip Turn
|move|p1b: Incineroar|Knock Off|p2a: Archaludon
|-damage|p2a: Archaludon|82/100
|-ability|p2a: Archaludon|Stamina|boost
|-boost|p2a: Archaludon|def|1
|-enditem|p2a: Archaludon|Assault Vest|[from] move: Knock Off|[of] p1b: Incineroar
|
|upkeep
|turn|2
|inactive|eratakate has 30 seconds left.
|
|t:|1756378268
|move|p1a: Dragonite|Scale Shot|p2b: Incineroar
|-damage|p2b: Incineroar|90/100
|-damage|p2b: Incineroar|80/100
|-damage|p2b: Incineroar|70/100
|-damage|p2b: Incineroar|60/100
|-hitcount|p2b: Incineroar|4
|-unboost|p1a: Dragonite|def|1
|-boost|p1a: Dragonite|spe|1
|move|p2b: Incineroar|Parting Shot|p1a: Dragonite
|-unboost|p1a: Dragonite|atk|1
|-unboost|p1a: Dragonite|spa|1
|
|t:|1756378272
|switch|p2b: Pelipper|Pelipper, L50, M|100/100|[from] Parting Shot
|-weather|RainDance|[from] ability: Drizzle|[of] p2b: Pelipper
|move|p2a: Archaludon|Electro Shot||[still]
|-prepare|p2a: Archaludon|Electro Shot
|-boost|p2a: Archaludon|spa|1
|-anim|p2a: Archaludon|Electro Shot|p1b: Incineroar
|-damage|p1b: Incineroar|0 fnt
|faint|p1b: Incineroar
|
|-weather|RainDance|[upkeep]
|upkeep
|inactive|eratakate has 30 seconds left.
|inactive|eratakate has 20 seconds left.
|inactive|eratakate has 15 seconds left.
|
|t:|1756378312
|switch|p1b: Sneasler|Sneasler, L50, F|100/100
|turn|3
|
|t:|1756378328
|-terastallize|p1b: Sneasler|Stellar
|move|p1a: Dragonite|Scale Shot|p2b: Pelipper
|-damage|p2b: Pelipper|89/100
|-damage|p2b: Pelipper|80/100
|-damage|p2b: Pelipper|69/100
|-damage|p2b: Pelipper|58/100
|-damage|p2b: Pelipper|47/100
|-hitcount|p2b: Pelipper|5
|-unboost|p1a: Dragonite|def|1
|-boost|p1a: Dragonite|spe|1
|move|p1b: Sneasler|Dire Claw|p2b: Pelipper
|-damage|p2b: Pelipper|0 fnt
|faint|p2b: Pelipper
|move|p2a: Archaludon|Body Press|p1b: Sneasler
|-resisted|p1b: Sneasler
|-damage|p1b: Sneasler|69/100
|
|-weather|RainDance|[upkeep]
|upkeep
|
|t:|1756378350
|switch|p2b: Basculegion|Basculegion, L50, M|100/100
|turn|4
|inactive|eratakate has 30 seconds left.
|
|t:|1756378376
|-terastallize|p2b: Basculegion|Water
|move|p2b: Basculegion|Aqua Jet|p1b: Sneasler
|-crit|p1b: Sneasler
|-damage|p1b: Sneasler|0 fnt
|faint|p1b: Sneasler
|move|p1a: Dragonite|Tailwind|p1a: Dragonite
|-sidestart|p1: eratakate|move: Tailwind
|move|p2a: Archaludon|Electro Shot||[still]
|-prepare|p2a: Archaludon|Electro Shot
|-boost|p2a: Archaludon|spa|1
|-anim|p2a: Archaludon|Electro Shot|p1a: Dragonite
|-damage|p1a: Dragonite|55/100
|
|-weather|RainDance|[upkeep]
|upkeep
|
|t:|1756378385
|switch|p1b: Gholdengo|Gholdengo, L50|100/100
|turn|5
|inactive|GoodVibesOnlyMiau has 30 seconds left.
|
|t:|1756378417
|move|p2b: Basculegion|Aqua Jet|p1b: Gholdengo
|-damage|p1b: Gholdengo|38/100
|move|p1a: Dragonite|Haze|p1a: Dragonite
|-clearallboost
|move|p1b: Gholdengo|Shadow Ball|p2a: Archaludon
|-damage|p2a: Archaludon|16/100
|-ability|p2a: Archaludon|Stamina|boost
|-boost|p2a: Archaludon|def|1
|-damage|p1b: Gholdengo|29/100|[from] item: Life Orb
|move|p2a: Archaludon|Electro Shot||[still]
|-prepare|p2a: Archaludon|Electro Shot
|-boost|p2a: Archaludon|spa|1
|-anim|p2a: Archaludon|Electro Shot|p1a: Dragonite
|-damage|p1a: Dragonite|0 fnt
|faint|p1a: Dragonite
|
|-weather|RainDance|[upkeep]
|upkeep
|turn|6
|-message|eratakate forfeited.
|
|win|GoodVibesOnlyMiau
|raw|eratakate's rating: 1287 → 1264(-23 for losing)
|raw|GoodVibesOnlyMiau's rating: 1315 → 1333(+18 for winning)
|l|â˜†eratakate
|player|p1|
|l|â˜†GoodVibesOnlyMiau
|player|p2|
|j|â˜†eratakate
|player|p1|eratakate|1|
