|j|☆alexandromolgaard
|j|☆testdigi
|html|alexandromolgaardtestdigi    
|uhtml|bestof|Game 2 of a best-of-3
|t:|1782475739
|gametype|doubles
|player|p1|alexandromolgaard|backpacker|1097
|player|p2|testdigi|1|1052
|gen|9
|tier|[Gen 9 Champions] VGC 2026 Reg M-B (Bo3)
|rated|
|rule|Species Clause: Limit one of each Pokémon
|rule|Item Clause: Limit 1 of each item
|clearpoke
|poke|p1|Meowstic, L50, M|
|poke|p1|Musharna, L50, M|
|poke|p1|Drampa, L50, F|
|poke|p1|Klefki, L50, M|
|poke|p1|Clawitzer, L50, M|
|poke|p1|Aggron, L50, F|
|poke|p2|Hydreigon, L50, M|
|poke|p2|Garchomp, L50, F|
|poke|p2|Metagross, L50, shiny|
|poke|p2|Grimmsnarl, L50, M, shiny|
|poke|p2|Charizard, L50, F, shiny|
|poke|p2|Toxapex, L50, M, shiny|
|teampreview|4
|showteam|p1|Meowstic||MentalHerb|Prankster|FakeOut,HelpingHand,RainDance,PsychicTerrain|Calm||M|||50|]Musharna||Leftovers|Telepathy|ExpandingForce,Moonblast,EnergyBall,TrickRoom|Modest||M|||50|]Drampa||Drampanite|CloudNine|HyperVoice,Thunder,Surf,Protect|Quiet||F|||50|]Klefki||OccaBerry|Prankster|FoulPlay,MagnetRise,MistyTerrain,TrickRoom|Relaxed||M|||50|]Clawitzer||MysticWater|MegaLauncher|WaterPulse,TerrainPulse,AuraSphere,HealPulse|Quiet||M|||50|]Aggron||Aggronite|Sturdy|IronHead,Earthquake,BodyPress,Protect|Brave||F|||50|
|showteam|p2|Hydreigon||ChoiceScarf|Levitate|HeatWave,DarkPulse,DracoMeteor,Snarl|Modest||M|||50|]Garchomp||SitrusBerry|RoughSkin|Protect,RockSlide,DragonClaw,Earthquake|Adamant||F|||50|]Metagross||Metagrossite|ClearBody|Protect,HammerArm,BulletPunch,IronHead|Serious|||||50|]Grimmsnarl||RoseliBerry|Prankster|FakeOut,LightScreen,Reflect,PartingShot|Sassy||M|||50|]Charizard||CharizarditeY|Blaze|Protect,HeatWave,SolarBeam,WeatherBall|Timid||F|||50|]Toxapex||Leftovers|Regenerator|Infestation,Toxic,BanefulBunker,WideGuard|Bold||M|||50|
|
|t:|1782475770
|teamsize|p1|4
|teamsize|p2|4
|start
|switch|p1a: Meowstic|Meowstic, L50, M|100/100
|switch|p1b: Clawitzer|Clawitzer, L50, M|100/100
|switch|p2a: Hydreigon|Hydreigon, L50, M|100/100
|switch|p2b: Grimmsnarl|Grimmsnarl, L50, M, shiny|100/100
|turn|1
|
|t:|1782475789
|move|p1a: Meowstic|Fake Out|p2b: Grimmsnarl
|-damage|p2b: Grimmsnarl|95/100
|cant|p2b: Grimmsnarl|flinch
|move|p2a: Hydreigon|Snarl|p1a: Meowstic|[spread] p1a,p1b
|-supereffective|p1a: Meowstic|1
|-damage|p1a: Meowstic|56/100
|-damage|p1b: Clawitzer|75/100
|-unboost|p1a: Meowstic|spa|1
|-unboost|p1b: Clawitzer|spa|1
|move|p1b: Clawitzer|Aura Sphere|p2a: Hydreigon
|-supereffective|p2a: Hydreigon|1
|-damage|p2a: Hydreigon|34/100
|
|upkeep
|turn|2
|
|t:|1782475816
|move|p1a: Meowstic|Helping Hand|p1b: Clawitzer
|-singleturn|p1b: Clawitzer|Helping Hand|[of] p1a: Meowstic
|move|p2b: Grimmsnarl|Parting Shot|p1b: Clawitzer
|-unboost|p1b: Clawitzer|atk|1
|-unboost|p1b: Clawitzer|spa|1
|
|t:|1782475819
|switch|p2b: Toxapex|Toxapex, L50, M, shiny|100/100|[from] Parting Shot
|move|p2a: Hydreigon|Snarl|p1b: Clawitzer|[spread] p1a,p1b
|-supereffective|p1a: Meowstic|1
|-damage|p1a: Meowstic|16/100
|-damage|p1b: Clawitzer|53/100
|-unboost|p1a: Meowstic|spa|1
|-unboost|p1b: Clawitzer|spa|1
|move|p1b: Clawitzer|Aura Sphere|p2a: Hydreigon
|-supereffective|p2a: Hydreigon|1
|-damage|p2a: Hydreigon|0 fnt
|faint|p2a: Hydreigon
|
|upkeep
|
|t:|1782475828
|switch|p2a: Grimmsnarl|Grimmsnarl, L50, M, shiny|95/100
|turn|3
|
|t:|1782475856
|move|p2a: Grimmsnarl|Fake Out|p1a: Meowstic
|-damage|p1a: Meowstic|3/100
|cant|p1a: Meowstic|flinch
|move|p1b: Clawitzer|Terrain Pulse|p2b: Toxapex
|-damage|p2b: Toxapex|91/100
|move|p2b: Toxapex|Infestation|p1b: Clawitzer
|-damage|p1b: Clawitzer|50/100y
|-activate|p1b: Clawitzer|move: Infestation|[of] p2b: Toxapex
|
|-heal|p2b: Toxapex|96/100|[from] item: Leftovers
|-damage|p1b: Clawitzer|37/100|[from] move: Infestation|[partiallytrapped]
|upkeep
|turn|4
|
|t:|1782475901
|move|p1a: Meowstic|Psychic Terrain|p1a: Meowstic
|-fieldstart|move: Psychic Terrain
|move|p2a: Grimmsnarl|Parting Shot|p1b: Clawitzer
|-activate|p1b: Clawitzer|move: Psychic Terrain
|move|p1b: Clawitzer|Terrain Pulse|p2b: Toxapex
|-supereffective|p2b: Toxapex|1
|-damage|p2b: Toxapex|49/100
|move|p2b: Toxapex|Infestation|p1a: Meowstic
|-supereffective|p1a: Meowstic|1
|-damage|p1a: Meowstic|0 fnt
|faint|p1a: Meowstic
|
|-heal|p2b: Toxapex|55/100|[from] item: Leftovers
|-damage|p1b: Clawitzer|25/100|[from] move: Infestation|[partiallytrapped]
|upkeep
|
|t:|1782475916
|switch|p1a: Musharna|Musharna, L50, M|100/100
|turn|5
|
|t:|1782475948
|-heal|p2b: Toxapex|88/100|[from] ability: Regenerator|[silent]
|switch|p2b: Charizard|Charizard, L50, F, shiny|100/100
|move|p2a: Grimmsnarl|Light Screen|p2a: Grimmsnarl
|-sidestart|p2: testdigi|move: Light Screen
|move|p1b: Clawitzer|Terrain Pulse|p2b: Charizard
|-damage|p2b: Charizard|78/100
|move|p1a: Musharna|Moonblast|p2a: Grimmsnarl
|-supereffective|p2a: Grimmsnarl|1
|-enditem|p2a: Grimmsnarl|Roseli Berry|[eat]
|-enditem|p2a: Grimmsnarl|Roseli Berry|[weaken]
|-damage|p2a: Grimmsnarl|75/100
|
|-end|p1b: Clawitzer|Infestation|[partiallytrapped]|[silent]
|upkeep
|turn|6
|
|t:|1782475974
|switch|p1b: Drampa|Drampa, L50, F|100/100
|-ability|p1b: Drampa|Cloud Nine
|detailschange|p2b: Charizard|Charizard-Mega-Y, L50, F, shiny
|-mega|p2b: Charizard|Charizard|Charizardite Y
|-weather|SunnyDay|[from] ability: Drought|[of] p2b: Charizard
|move|p2a: Grimmsnarl|Reflect|p2a: Grimmsnarl
|-sidestart|p2: testdigi|Reflect
|move|p2b: Charizard|Weather Ball|p1a: Musharna
|-damage|p1a: Musharna|84/100
|move|p1a: Musharna|Trick Room|p1a: Musharna
|-fieldstart|move: Trick Room|[of] p1a: Musharna
|
|-weather|SunnyDay|[upkeep]
|-heal|p1a: Musharna|90/100|[from] item: Leftovers
|upkeep
|turn|7
|
|t:|1782476006
|switch|p2a: Toxapex|Toxapex, L50, M, shiny|88/100
|detailschange|p1b: Drampa|Drampa-Mega, L50, F
|-mega|p1b: Drampa|Drampa|Drampanite
|move|p2b: Charizard|Protect|p2b: Charizard
|-singleturn|p2b: Charizard|Protect
|move|p1a: Musharna|Expanding Force|p2b: Charizard|[spread] p2a
|-activate|p2b: Charizard|move: Protect
|-supereffective|p2a: Toxapex|1
|-damage|p2a: Toxapex|29/100
|move|p1b: Drampa|Hyper Voice|p2a: Toxapex|[spread] p2a
|-activate|p2b: Charizard|move: Protect
|-damage|p2a: Toxapex|6/100
|
|-weather|SunnyDay|[upkeep]
|-heal|p1a: Musharna|95/100|[from] item: Leftovers
|-heal|p2a: Toxapex|12/100|[from] item: Leftovers
|upkeep
|turn|8
|
|t:|1782476027
|switch|p2b: Grimmsnarl|Grimmsnarl, L50, M, shiny|75/100
|move|p2a: Toxapex|Baneful Bunker|p2a: Toxapex
|-singleturn|p2a: Toxapex|move: Protect
|move|p1a: Musharna|Expanding Force|p2a: Toxapex|[spread] 
|-activate|p2a: Toxapex|move: Protect
|-immune|p2b: Grimmsnarl
|move|p1b: Drampa|Hyper Voice|p2a: Toxapex|[spread] p2b
|-activate|p2a: Toxapex|move: Protect
|-crit|p2b: Grimmsnarl
|-damage|p2b: Grimmsnarl|13/100
|
|-weather|SunnyDay|[upkeep]
|-heal|p1a: Musharna|100/100|[from] item: Leftovers
|-heal|p2a: Toxapex|17/100|[from] item: Leftovers
|-fieldend|move: Psychic Terrain
|upkeep
|turn|9
|
|t:|1782476054
|move|p2a: Toxapex|Wide Guard|p2a: Toxapex
|-singleturn|p2a: Toxapex|Wide Guard
|move|p2b: Grimmsnarl|Fake Out|p1a: Musharna
|-damage|p1a: Musharna|91/100
|cant|p1a: Musharna|flinch
|move|p1b: Drampa|Hyper Voice|p2a: Toxapex|[spread] 
|-activate|p2a: Toxapex|move: Wide Guard
|-activate|p2b: Grimmsnarl|move: Wide Guard
|
|-weather|SunnyDay|[upkeep]
|-heal|p1a: Musharna|97/100|[from] item: Leftovers
|-heal|p2a: Toxapex|23/100|[from] item: Leftovers
|-sideend|p2: testdigi|move: Light Screen
|upkeep
|turn|10
|
|t:|1782476078
|switch|p1b: Clawitzer|Clawitzer, L50, M|25/100
|-heal|p2a: Toxapex|56/100|[from] ability: Regenerator|[silent]
|switch|p2a: Charizard|Charizard-Mega-Y, L50, F, shiny|78/100
|move|p2b: Grimmsnarl|Parting Shot|p1b: Clawitzer
|-unboost|p1b: Clawitzer|atk|1
|-unboost|p1b: Clawitzer|spa|1
|
|t:|1782476082
|switch|p2b: Toxapex|Toxapex, L50, M, shiny|56/100|[from] Parting Shot
|move|p1a: Musharna|Moonblast|p2b: Toxapex
|-resisted|p2b: Toxapex|1
|-crit|p2b: Toxapex
|-damage|p2b: Toxapex|39/100
|
|-weather|none
|-heal|p1a: Musharna|100/100|[from] item: Leftovers
|-heal|p2b: Toxapex|45/100|[from] item: Leftovers
|-sideend|p2: testdigi|Reflect
|-fieldend|move: Trick Room
|upkeep
|turn|11
|
|t:|1782476123
|-heal|p2b: Toxapex|78/100|[from] ability: Regenerator|[silent]
|switch|p2b: Grimmsnarl|Grimmsnarl, L50, M, shiny|13/100
|move|p2a: Charizard|Heat Wave|p1a: Musharna|[spread] p1a,p1b
|-resisted|p1b: Clawitzer|1
|-damage|p1a: Musharna|65/100
|-damage|p1b: Clawitzer|5/100
|move|p1b: Clawitzer|Water Pulse|p2a: Charizard
|-supereffective|p2a: Charizard|1
|-crit|p2a: Charizard
|-damage|p2a: Charizard|0 fnt
|faint|p2a: Charizard
|move|p1a: Musharna|Trick Room|p1a: Musharna
|-fieldstart|move: Trick Room|[of] p1a: Musharna
|
|-heal|p1a: Musharna|71/100|[from] item: Leftovers
|upkeep
|inactive|Battle timer is ON: inactive players will automatically lose when time's up. (requested by testdigi)
|
|t:|1782476129
|switch|p2a: Toxapex|Toxapex, L50, M, shiny|78/100
|turn|12
|inactive|alexandromolgaard has 30 seconds left.
|
|t:|1782476160
|move|p2b: Grimmsnarl|Fake Out|p1a: Musharna
|-damage|p1a: Musharna|63/100
|cant|p1a: Musharna|flinch
|move|p2a: Toxapex|Infestation|p1a: Musharna
|-supereffective|p1a: Musharna|1
|-damage|p1a: Musharna|57/100
|-activate|p1a: Musharna|move: Infestation|[of] p2a: Toxapex
|move|p1b: Clawitzer|Water Pulse|p2b: Grimmsnarl
|-damage|p2b: Grimmsnarl|0 fnt
|faint|p2b: Grimmsnarl
|
|-heal|p1a: Musharna|63/100|[from] item: Leftovers
|-heal|p2a: Toxapex|84/100|[from] item: Leftovers
|-damage|p1a: Musharna|51/100|[from] move: Infestation|[partiallytrapped]
|upkeep
|turn|13
|inactive|alexandromolgaard has 30 seconds left.
|inactive|alexandromolgaard has 20 seconds left.
|inactive|alexandromolgaard has 15 seconds left.
|inactive|alexandromolgaard has 10 seconds left.
|
|t:|1782476208
|move|p2a: Toxapex|Baneful Bunker|p2a: Toxapex
|-singleturn|p2a: Toxapex|move: Protect
|move|p1b: Clawitzer|Heal Pulse|p1a: Musharna
|-heal|p1a: Musharna|100/100
|move|p1a: Musharna|Trick Room|p1a: Musharna
|-fieldend|move: Trick Room
|
|-heal|p2a: Toxapex|89/100|[from] item: Leftovers
|-damage|p1a: Musharna|87/100|[from] move: Infestation|[partiallytrapped]
|upkeep
|turn|14
|
|t:|1782476226
|move|p1b: Clawitzer|Water Pulse|p2a: Toxapex
|-resisted|p2a: Toxapex|1
|-damage|p2a: Toxapex|74/100
|move|p2a: Toxapex|Toxic|p1a: Musharna
|-status|p1a: Musharna|tox
|move|p1a: Musharna|Expanding Force|p2a: Toxapex
|-supereffective|p2a: Toxapex|1
|-damage|p2a: Toxapex|17/100
|
|-heal|p2a: Toxapex|22/100|[from] item: Leftovers
|-heal|p1a: Musharna|93/100 tox|[from] item: Leftovers
|-damage|p1a: Musharna|87/100 tox|[from] psn
|-damage|p1a: Musharna|75/100 tox|[from] move: Infestation|[partiallytrapped]
|upkeep
|turn|15
|-message|testdigi forfeited.
|
|win|alexandromolgaard
