|j|☆Werma985
|j|☆pengu
|html|Werma985pengu    
|uhtml|bestof|Game 2 of a best-of-3
|t:|1784978012
|gametype|doubles
|player|p1|Werma985|volkner|
|player|p2|pengu|rosa-masters2|
|gen|9
|tier|[Gen 9 Champions] VGC 2026 Reg M-B (Bo3)
|rule|Species Clause: Limit one of each Pokémon
|rule|Item Clause: Limit 1 of each item
|clearpoke
|poke|p1|Malamar, L50, M|
|poke|p1|Basculegion-F, L50, F|
|poke|p1|Excadrill, L50, M|
|poke|p1|Tyranitar, L50, F|
|poke|p1|Rotom-Heat, L50|
|poke|p1|Serperior, L50, F, shiny|
|poke|p2|Tyranitar, L50, M|
|poke|p2|Gengar, L50, F|
|poke|p2|Kommo-o, L50, F|
|poke|p2|Rotom-Wash, L50|
|poke|p2|Tinkaton, L50, F|
|poke|p2|Arcanine, L50, M|
|teampreview|4
|showteam|p1|Malamar||Malamarite|Contrary|Superpower,KnockOff,PoisonJab,Protect|Careful||M|||50|]Basculegion-F||LifeOrb|Adaptability|MuddyWater,ShadowBall,IcyWind,Protect|Modest||F|||50|]Excadrill||FocusSash|SandRush|Earthquake,IronHead,HighHorsepower,Protect|Adamant||M|||50|]Tyranitar||Tyranitarite|SandStream|RockSlide,KnockOff,DragonDance,Protect|Jolly||F|||50|]Rotom-Heat||ChoiceScarf|Levitate|Thunderbolt,VoltSwitch,Electroweb,Overheat|Modest|||||50|]Serperior||LightClay|Contrary|LeafStorm,Glare,Reflect,LightScreen|Timid||F|||50|
|showteam|p2|Tyranitar||Tyranitarite|SandStream|RockSlide,KnockOff,LowKick,Protect|Adamant||M|||50|]Gengar||Gengarite|CursedBody|SludgeBomb,ShadowBall,Substitute,Protect|Timid||F|||50|]Kommo-o||Leftovers|Soundproof|ClangingScales,ClangorousSoul,AuraSphere,Protect|Modest||F|||50|]Rotom-Wash||ChoiceScarf|Levitate|HydroPump,Thunderbolt,VoltSwitch,Electroweb|Modest|||||50|]Tinkaton||MetalCoat|OwnTempo|FakeOut,GigatonHammer,PlayRough,Protect|Jolly||F|||50|]Arcanine||SitrusBerry|Intimidate|FlareBlitz,ExtremeSpeed,Howl,Protect|Adamant||M|||50|
|inactive|Battle timer is ON: inactive players will automatically lose when time's up. (requested by pengu)
|c|☆pengu|hf
|c|☆Werma985|u2
|inactive|Werma985 has 60 seconds left.
|
|t:|1784978046
|teamsize|p1|4
|teamsize|p2|4
|start
|switch|p1a: Rotom|Rotom-Heat, L50|100/100
|switch|p1b: Serperior|Serperior, L50, F, shiny|100/100
|switch|p2a: Kiss Of Death|Kommo-o, L50, F|100/100
|switch|p2b: Rewind|Tinkaton, L50, F|100/100
|turn|1
|
|t:|1784978066
|switch|p2a: Hard Candy|Rotom-Wash, L50|100/100
|move|p2b: Rewind|Fake Out|p1a: Rotom
|-damage|p1a: Rotom|88/100
|cant|p1a: Rotom|flinch
|move|p1b: Serperior|Light Screen|p1b: Serperior
|-sidestart|p1: Werma985|move: Light Screen
|
|upkeep
|turn|2
|
|t:|1784978082
|switch|p2b: Kiss Of Death|Kommo-o, L50, F|100/100
|move|p2a: Hard Candy|Volt Switch|p1b: Serperior
|-resisted|p1b: Serperior|1
|-damage|p1b: Serperior|89/100
|
|t:|1784978087
|switch|p2a: Rewind|Tinkaton, L50, F|100/100|[from] Volt Switch
|move|p1a: Rotom|Volt Switch|p2a: Rewind
|-damage|p2a: Rewind|66/100
|
|t:|1784978095
|switch|p1a: Malamar|Malamar, L50, M|100/100|[from] Volt Switch
|move|p1b: Serperior|Glare|p2b: Kiss Of Death
|-status|p2b: Kiss Of Death|par
|
|upkeep
|turn|3
|
|t:|1784978108
|detailschange|p1a: Malamar|Malamar-Mega, L50, M
|-mega|p1a: Malamar|Malamar|Malamarite
|move|p2a: Rewind|Fake Out|p1a: Malamar
|-damage|p1a: Malamar|92/100
|move|p1b: Serperior|Glare|p2a: Rewind
|-status|p2a: Rewind|par
|cant|p1a: Malamar|flinch
|move|p2b: Kiss Of Death|Clangorous Soul|p2b: Kiss Of Death
|-boost|p2b: Kiss Of Death|atk|1
|-boost|p2b: Kiss Of Death|def|1
|-boost|p2b: Kiss Of Death|spa|1
|-boost|p2b: Kiss Of Death|spd|1
|-boost|p2b: Kiss Of Death|spe|1
|-damage|p2b: Kiss Of Death|67/100 par
|
|-heal|p2b: Kiss Of Death|73/100 par|[from] item: Leftovers
|upkeep
|turn|4
|
|t:|1784978120
|move|p2b: Kiss Of Death|Protect|p2b: Kiss Of Death
|-singleturn|p2b: Kiss Of Death|Protect
|move|p2a: Rewind|Protect|p2a: Rewind
|-singleturn|p2a: Rewind|Protect
|move|p1b: Serperior|Light Screen||[still]
|-fail|p1b: Serperior
|move|p1a: Malamar|Superpower|p2a: Rewind
|-activate|p2a: Rewind|move: Protect
|
|-heal|p2b: Kiss Of Death|80/100 par|[from] item: Leftovers
|upkeep
|turn|5
|
|t:|1784978142
|switch|p2a: Creed.|Gengar, L50, F|100/100
|move|p1b: Serperior|Reflect|p1b: Serperior
|-sidestart|p1: Werma985|Reflect
|move|p1a: Malamar|Superpower|p2a: Creed.
|-immune|p2a: Creed.
|move|p2b: Kiss Of Death|Clangorous Soul|p2b: Kiss Of Death
|-boost|p2b: Kiss Of Death|atk|1
|-boost|p2b: Kiss Of Death|def|1
|-boost|p2b: Kiss Of Death|spa|1
|-boost|p2b: Kiss Of Death|spd|1
|-boost|p2b: Kiss Of Death|spe|1
|-damage|p2b: Kiss Of Death|47/100 par
|
|-heal|p2b: Kiss Of Death|53/100 par|[from] item: Leftovers
|upkeep
|turn|6
|inactive|pengu has 30 seconds left.
|
|t:|1784978174
|detailschange|p2a: Creed.|Gengar-Mega, L50, F
|-mega|p2a: Creed.|Gengar|Gengarite
|move|p2a: Creed.|Protect|p2a: Creed.
|-singleturn|p2a: Creed.|Protect
|cant|p2b: Kiss Of Death|par
|move|p1b: Serperior|Glare|p2a: Creed.
|-activate|p2a: Creed.|move: Protect
|move|p1a: Malamar|Knock Off|p2b: Kiss Of Death
|-resisted|p2b: Kiss Of Death|1
|-damage|p2b: Kiss Of Death|46/100 par
|-enditem|p2b: Kiss Of Death|Leftovers|[from] move: Knock Off|[of] p1a: Malamar
|
|upkeep
|turn|7
|inactive|Werma985 has 30 seconds left.
|inactive|Werma985 has 20 seconds left.
|
|t:|1784978210
|move|p2a: Creed.|Substitute|p2a: Creed.
|-start|p2a: Creed.|Substitute
|-damage|p2a: Creed.|75/100
|move|p1b: Serperior|Leaf Storm|p2a: Creed.
|-resisted|p2a: Creed.|1
|-end|p2a: Creed.|Substitute
|-boost|p1b: Serperior|spa|2
|move|p2b: Kiss Of Death|Clanging Scales|p1b: Serperior|[spread] p1a,p1b
|-damage|p1a: Malamar|54/100
|-damage|p1b: Serperior|43/100
|-unboost|p2b: Kiss Of Death|def|1
|move|p1a: Malamar|Superpower|p2b: Kiss Of Death
|-damage|p2b: Kiss Of Death|29/100 par
|-boost|p1a: Malamar|atk|1
|-boost|p1a: Malamar|def|1
|
|upkeep
|turn|8
|inactive|Werma985 has 30 seconds left.
|inactive|pengu has 30 seconds left.
|
|t:|1784978237
|move|p2a: Creed.|Sludge Bomb|p1b: Serperior
|-supereffective|p1b: Serperior|1
|-damage|p1b: Serperior|0 fnt
|faint|p1b: Serperior
|move|p2b: Kiss Of Death|Clanging Scales|p1a: Malamar
|-damage|p1a: Malamar|9/100
|-unboost|p2b: Kiss Of Death|def|1
|move|p1a: Malamar|Knock Off|p2a: Creed.
|-supereffective|p2a: Creed.|1
|-damage|p2a: Creed.|0 fnt
|faint|p2a: Creed.
|
|-sideend|p1: Werma985|move: Light Screen
|upkeep
|
|t:|1784978253
|switch|p2a: Hard Candy|Rotom-Wash, L50|100/100
|switch|p1b: Basculegion|Basculegion-F, L50, F|100/100
|turn|9
|
|t:|1784978275
|move|p1b: Basculegion|Protect|p1b: Basculegion
|-singleturn|p1b: Basculegion|Protect
|move|p2a: Hard Candy|Volt Switch|p1b: Basculegion
|-activate|p1b: Basculegion|move: Protect
|move|p2b: Kiss Of Death|Clanging Scales|p1a: Malamar|[spread] p1a
|-activate|p1b: Basculegion|move: Protect
|-damage|p1a: Malamar|0 fnt
|faint|p1a: Malamar
|-unboost|p2b: Kiss Of Death|def|1
|
|upkeep
|
|t:|1784978280
|switch|p1a: Rotom|Rotom-Heat, L50|88/100
|turn|10
|inactive|Werma985 has 30 seconds left.
|
|t:|1784978314
|move|p2a: Hard Candy|Volt Switch|p1b: Basculegion
|-supereffective|p1b: Basculegion|1
|-damage|p1b: Basculegion|22/100
|
|t:|1784978327
|switch|p2a: Rewind|Tinkaton, L50, F|66/100 par|[from] Volt Switch
|move|p1a: Rotom|Thunderbolt|p2a: Rewind
|-damage|p2a: Rewind|23/100 par
|cant|p2b: Kiss Of Death|par
|move|p1b: Basculegion|Shadow Ball|p2b: Kiss Of Death
|-damage|p2b: Kiss Of Death|0 fnt
|faint|p2b: Kiss Of Death
|-damage|p1b: Basculegion|13/100|[from] item: Life Orb
|
|upkeep
|
|t:|1784978334
|switch|p2b: Hard Candy|Rotom-Wash, L50|100/100
|turn|11
|inactive|Werma985 has 30 seconds left.
|inactive|Werma985 has 20 seconds left.
|inactive|Werma985 has 15 seconds left.
|inactive|Werma985 has 10 seconds left.
|
|t:|1784978380
|move|p2a: Rewind|Fake Out|p1a: Rotom
|-damage|p1a: Rotom|79/100
|cant|p1a: Rotom|flinch
|move|p2b: Hard Candy|Hydro Pump|p1a: Rotom
|-supereffective|p1a: Rotom|1
|-damage|p1a: Rotom|0 fnt
|faint|p1a: Rotom
|move|p1b: Basculegion|Muddy Water|p2a: Rewind|[spread] p2a,p2b
|-resisted|p2b: Hard Candy|1
|-damage|p2a: Rewind|0 fnt
|-damage|p2b: Hard Candy|61/100
|faint|p2a: Rewind
|-damage|p1b: Basculegion|3/100|[from] item: Life Orb
|
|upkeep
|turn|12
|
|t:|1784978395
|move|p2b: Hard Candy|Hydro Pump|p1b: Basculegion|[miss]
|-miss|p2b: Hard Candy|p1b: Basculegion
|move|p1b: Basculegion|Shadow Ball|p2b: Hard Candy
|-damage|p2b: Hard Candy|0 fnt
|faint|p2b: Hard Candy
|-damage|p1b: Basculegion|0 fnt|[from] item: Life Orb
|faint|p1b: Basculegion
|
|win|Werma985
|c|☆pengu|okay
|c|☆Werma985|gg
||Werma985 is ready for game 3.
|inactive|pengu has 30 seconds to confirm battle start!
||pengu is ready for game 3.
|uhtml|next|Next: Game 3 of 3
|l|☆Werma985
|player|p1|
