|j|☆rafa0145
|j|☆InstrumentalCrap
|html|rafa0145InstrumentalCrap    
|uhtml|bestof|Game 1 of a best-of-3
|t:|1783887279
|gametype|doubles
|player|p1|rafa0145|170|1188
|player|p2|InstrumentalCrap|hiker-gen4|1306
|gen|9
|tier|[Gen 9 Champions] VGC 2026 Reg M-B (Bo3)
|rated|
|rule|Species Clause: Limit one of each Pokémon
|rule|Item Clause: Limit 1 of each item
|clearpoke
|poke|p1|Charizard, L50, F|
|poke|p1|Kingambit, L50, F|
|poke|p1|Sylveon, L50, M|
|poke|p1|Garchomp, L50, F|
|poke|p1|Aerodactyl, L50, M|
|poke|p1|Farigiraf, L50, M|
|poke|p2|Garchomp, L50, M, shiny|
|poke|p2|Venusaur, L50, F|
|poke|p2|Incineroar, L50, M|
|poke|p2|Charizard, L50, M, shiny|
|poke|p2|Toxapex, L50, M, shiny|
|poke|p2|Annihilape, L50, M|
|teampreview|4
|showteam|p1|Charizard||CharizarditeY|SolarPower|Protect,HeatWave,SolarBeam,WeatherBall|Modest||F|||50|]Kingambit||FocusSash|Defiant|IronHead,SuckerPunch,KowtowCleave,LowKick|Adamant||F|||50|]Sylveon||FairyFeather|Pixilate|Detect,HyperVoice,HyperBeam,QuickAttack|Modest||M|||50|]Garchomp||LifeOrb|RoughSkin|Protect,DragonClaw,Earthquake,RockSlide|Jolly||F|||50|]Aerodactyl||Aerodactylite|Unnerve|IceFang,RockSlide,Tailwind,DualWingbeat|Jolly||M|||50|]Farigiraf||SitrusBerry|ArmorTail|TrickRoom,Psychic,Thunderbolt,Roar|Bold||M|||50|
|showteam|p2|Garchomp||ChoiceScarf|RoughSkin|Earthquake,RockSlide,DragonClaw,StompingTantrum|Adamant||M|||50|]Venusaur||LifeOrb|Chlorophyll|SludgeBomb,SolarBeam,EarthPower,Protect|Modest||F|||50|]Incineroar||SitrusBerry|Intimidate|FakeOut,FlareBlitz,ThroatChop,PartingShot|Impish||M|||50|]Charizard||CharizarditeY|Blaze|HeatWave,WeatherBall,Protect,HelpingHand|Modest||M|||50|]Toxapex||Leftovers|Regenerator|Infestation,Toxic,WideGuard,BanefulBunker|Impish||M|||50|]Annihilape||FocusSash|Defiant|CloseCombat,PhantomForce,RockTomb,Protect|Jolly||M|||50|
|
|t:|1783887322
|teamsize|p1|4
|teamsize|p2|4
|start
|switch|p1a: Aerodactyl|Aerodactyl, L50, M|100/100
|switch|p1b: Sylveon|Sylveon, L50, M|100/100
|switch|p2a: Charizard|Charizard, L50, M, shiny|100/100
|switch|p2b: Venusaur|Venusaur, L50, F|100/100
|-ability|p1a: Aerodactyl|Unnerve
|turn|1
|
|t:|1783887341
|switch|p2b: Toxapex|Toxapex, L50, M, shiny|100/100
|move|p2a: Charizard|Protect|p2a: Charizard
|-singleturn|p2a: Charizard|Protect
|move|p1b: Sylveon|Detect|p1b: Sylveon
|-singleturn|p1b: Sylveon|Protect
|move|p1a: Aerodactyl|Rock Slide|p2b: Toxapex|[spread] 
|-activate|p2a: Charizard|move: Protect
|-miss|p1a: Aerodactyl|p2b: Toxapex
|
|upkeep
|turn|2
|
|t:|1783887374
|switch|p1b: Garchomp|Garchomp, L50, F|100/100
|detailschange|p2a: Charizard|Charizard-Mega-Y, L50, M, shiny
|-mega|p2a: Charizard|Charizard|Charizardite Y
|-weather|SunnyDay|[from] ability: Drought|[of] p2a: Charizard
|move|p2b: Toxapex|Wide Guard|p2b: Toxapex
|-singleturn|p2b: Toxapex|Wide Guard
|move|p1a: Aerodactyl|Rock Slide|p2a: Charizard|[spread] 
|-activate|p2a: Charizard|move: Wide Guard
|-activate|p2b: Toxapex|move: Wide Guard
|move|p2a: Charizard|Heat Wave|p1b: Garchomp|[spread] p1a,p1b
|-resisted|p1a: Aerodactyl|1
|-resisted|p1b: Garchomp|1
|-damage|p1a: Aerodactyl|57/100
|-damage|p1b: Garchomp|67/100
|
|-weather|SunnyDay|[upkeep]
|upkeep
|turn|3
|
|t:|1783887396
|switch|p1a: Charizard|Charizard, L50, F|100/100
|move|p1b: Garchomp|Earthquake|p2b: Toxapex|[spread] p2b
|-immune|p1a: Charizard
|-immune|p2a: Charizard
|-supereffective|p2b: Toxapex|1
|-damage|p2b: Toxapex|28/100
|-damage|p1b: Garchomp|57/100|[from] item: Life Orb
|move|p2a: Charizard|Heat Wave|p1a: Charizard|[spread] p1a,p1b
|-resisted|p1a: Charizard|1
|-resisted|p1b: Garchomp|1
|-damage|p1a: Charizard|67/100
|-damage|p1b: Garchomp|22/100
|-status|p1b: Garchomp|brn
|move|p2b: Toxapex|Toxic||[still]
|-fail|p2b: Toxapex
|
|-weather|SunnyDay|[upkeep]
|-damage|p1a: Charizard|55/100|[from] ability: Solar Power|[of] p1a: Charizard
|-heal|p2b: Toxapex|34/100|[from] item: Leftovers
|-damage|p1b: Garchomp|16/100 brn|[from] brn
|upkeep
|turn|4
|
|t:|1783887430
|-heal|p2b: Toxapex|67/100|[from] ability: Regenerator|[silent]
|switch|p2b: Garchomp|Garchomp, L50, M, shiny|100/100
|detailschange|p1a: Charizard|Charizard-Mega-Y, L50, F
|-mega|p1a: Charizard|Charizard|Charizardite Y
|move|p1b: Garchomp|Rock Slide|p2b: Garchomp|[spread] p2a,p2b
|-supereffective|p2a: Charizard|2
|-resisted|p2b: Garchomp|1
|-damage|p2a: Charizard|54/100
|-damage|p2b: Garchomp|94/100
|-damage|p1b: Garchomp|7/100 brn|[from] item: Life Orb
|move|p2a: Charizard|Weather Ball|p1a: Charizard
|-resisted|p1a: Charizard|1
|-damage|p1a: Charizard|16/100
|move|p1a: Charizard|Weather Ball|p2b: Garchomp
|-resisted|p2b: Garchomp|1
|-damage|p2b: Garchomp|48/100
|
|-weather|SunnyDay|[upkeep]
|-damage|p1b: Garchomp|1/100 brn|[from] brn
|upkeep
|turn|5
|
|t:|1783887458
|switch|p2a: Toxapex|Toxapex, L50, M, shiny|67/100
|move|p1a: Charizard|Protect|p1a: Charizard
|-singleturn|p1a: Charizard|Protect
|move|p2b: Garchomp|Rock Slide|p1a: Charizard|[spread] p1b
|-activate|p1a: Charizard|move: Protect
|-resisted|p1b: Garchomp|1
|-damage|p1b: Garchomp|0 fnt
|faint|p1b: Garchomp
|
|-weather|SunnyDay|[upkeep]
|-heal|p2a: Toxapex|73/100|[from] item: Leftovers
|upkeep
|
|t:|1783887471
|switch|p1b: Aerodactyl|Aerodactyl, L50, M|57/100
|-ability|p1b: Aerodactyl|Unnerve
|turn|6
|
|t:|1783887480
|move|p2b: Garchomp|Rock Slide|p1a: Charizard|[spread] p1a,p1b
|-supereffective|p1a: Charizard|2
|-supereffective|p1b: Aerodactyl|1
|-damage|p1a: Charizard|0 fnt
|-damage|p1b: Aerodactyl|11/100
|faint|p1a: Charizard
|move|p1b: Aerodactyl|Ice Fang|p2b: Garchomp
|-supereffective|p2b: Garchomp|2
|-damage|p2b: Garchomp|0 fnt
|-damage|p1b: Aerodactyl|0 fnt|[from] ability: Rough Skin|[of] p2b: Garchomp
|faint|p2b: Garchomp
|faint|p1b: Aerodactyl
|move|p2a: Toxapex|Toxic|p1: Charizard|[notarget]
|-fail|p2a: Toxapex
|
|-weather|none
|-heal|p2a: Toxapex|78/100|[from] item: Leftovers
|upkeep
|
|t:|1783887490
|switch|p2b: Charizard|Charizard-Mega-Y, L50, M, shiny|54/100
|switch|p1a: Sylveon|Sylveon, L50, M|100/100
|-weather|SunnyDay|[from] ability: Drought|[of] p2b: Charizard
|turn|7
|
|t:|1783887495
|move|p2b: Charizard|Weather Ball|p1a: Sylveon
|-damage|p1a: Sylveon|29/100
|move|p1a: Sylveon|Hyper Voice|p2b: Charizard|[spread] p2a,p2b
|-resisted|p2a: Toxapex|1
|-resisted|p2b: Charizard|1
|-damage|p2a: Toxapex|59/100
|-damage|p2b: Charizard|33/100
|move|p2a: Toxapex|Toxic|p1a: Sylveon
|-status|p1a: Sylveon|tox
|
|-weather|SunnyDay|[upkeep]
|-heal|p2a: Toxapex|65/100|[from] item: Leftovers
|-damage|p1a: Sylveon|23/100 tox|[from] psn
|upkeep
|turn|8
|
|t:|1783887505
|move|p2b: Charizard|Weather Ball|p1a: Sylveon
|-damage|p1a: Sylveon|0 fnt
|faint|p1a: Sylveon
|
|win|InstrumentalCrap
