|j|☆robinmuister
|j|☆andiom123
|html|robinmuisterandiom123    
|uhtml|bestof|Game 1 of a best-of-3
|t:|1786039874
|gametype|doubles
|player|p1|robinmuister|blackbelt|1316
|player|p2|andiom123|red|1191
|gen|9
|tier|[Gen 9 Champions] VGC 2026 Reg M-B (Bo3)
|rated|
|rule|Species Clause: Limit one of each Pokémon
|rule|Item Clause: Limit 1 of each item
|clearpoke
|poke|p1|Blaziken, L50, F|
|poke|p1|Kingambit, L50, F|
|poke|p1|Basculegion, L50, M|
|poke|p1|Ninetales-Alola, L50, F|
|poke|p1|Sneasler, L50, F|
|poke|p1|Sinistcha, L50|
|poke|p2|Incineroar, L50, F|
|poke|p2|Farigiraf, L50, M|
|poke|p2|Sylveon, L50, M|
|poke|p2|Torkoal, L50, M|
|poke|p2|Kangaskhan, L50, F|
|poke|p2|Mudsdale, L50, F|
|teampreview|4
|showteam|p1|Blaziken||Blazikenite|SpeedBoost|FlareBlitz,CloseCombat,ThunderPunch,Detect|Adamant||F|||50|]Kingambit||BlackGlasses|Defiant|KowtowCleave,SuckerPunch,IronHead,Protect|Adamant||F|||50|]Basculegion||LifeOrb|Adaptability|WaveCrash,LastRespects,AquaJet,Protect|Adamant||M|||50|]Ninetales-Alola||NeverMeltIce|SnowWarning|Blizzard,FreezeDry,Encore,Protect|Timid||F|||50|]Sneasler||FocusSash|Unburden|FakeOut,CloseCombat,DireClaw,Coaching|Naive||F|||50|]Sinistcha||KasibBerry|Hospitality|MatchaGotcha,RagePowder,TrickRoom,Imprison|Bold|||||50|
|showteam|p2|Incineroar||MuscleBand|Intimidate|ThroatChop,FlareBlitz,FakeOut,PartingShot|Brave||F|||50|]Farigiraf||SitrusBerry|ArmorTail|FoulPlay,PsychicNoise,TrickRoom,HelpingHand|Relaxed||M|||50|]Sylveon||FairyFeather|Pixilate|HyperVoice,HyperBeam,Yawn,Detect|Modest||M|||50|]Torkoal||Charcoal|Drought|Eruption,EarthPower,Flamethrower,Protect|Quiet||M|||50|]Kangaskhan||Kangaskhanite|Scrappy|DoubleEdge,FakeOut,IcePunch,HammerArm|Brave||F|||50|]Mudsdale||LifeOrb|InnerFocus|HighHorsepower,Earthquake,RockSlide,HeavySlam|Brave||F|||50|
|
|t:|1786039920
|teamsize|p1|4
|teamsize|p2|4
|start
|switch|p1a: THE ROOOOOK|Kingambit, L50, F|100/100
|switch|p1b: Mountain Dew|Sinistcha, L50|100/100
|switch|p2a: Farigiraf|Farigiraf, L50, M|100/100
|switch|p2b: Kangaskhan|Kangaskhan, L50, F|100/100
|turn|1
|
|t:|1786039954
|move|p2b: Kangaskhan|Fake Out|p1b: Mountain Dew
|-damage|p1b: Mountain Dew|84/100
|cant|p1b: Mountain Dew|flinch
|move|p1a: THE ROOOOOK|Kowtow Cleave|p2b: Kangaskhan
|-damage|p2b: Kangaskhan|48/100
|move|p2a: Farigiraf|Trick Room|p2a: Farigiraf
|-fieldstart|move: Trick Room|[of] p2a: Farigiraf
|
|upkeep
|turn|2
|
|t:|1786039992
|move|p1a: THE ROOOOOK|Kowtow Cleave|p2b: Kangaskhan
|-damage|p2b: Kangaskhan|0 fnt
|faint|p2b: Kangaskhan
|move|p2a: Farigiraf|Psychic Noise|p1b: Mountain Dew
|-damage|p1b: Mountain Dew|54/100
|-start|p1b: Mountain Dew|move: Heal Block
|move|p1b: Mountain Dew|Trick Room|p1b: Mountain Dew
|-fieldend|move: Trick Room
|
|upkeep
|
|t:|1786040002
|switch|p2b: Torkoal|Torkoal, L50, M|100/100
|-weather|SunnyDay|[from] ability: Drought|[of] p2b: Torkoal
|turn|3
|
|t:|1786040020
|move|p1b: Mountain Dew|Imprison|p1b: Mountain Dew
|-start|p1b: Mountain Dew|move: Imprison
|move|p1a: THE ROOOOOK|Kowtow Cleave|p2b: Torkoal
|-damage|p2b: Torkoal|60/100
|move|p2b: Torkoal|Flamethrower|p1a: THE ROOOOOK
|-supereffective|p1a: THE ROOOOOK|1
|-damage|p1a: THE ROOOOOK|0 fnt
|faint|p1a: THE ROOOOOK
|cant|p2a: Farigiraf|move: Imprison|Trick Room
|
|-weather|SunnyDay|[upkeep]
|-end|p1b: Mountain Dew|move: Heal Block
|upkeep
|
|t:|1786040033
|switch|p1a: GO BIRD|Blaziken, L50, F|100/100
|turn|4
|
|t:|1786040046
|detailschange|p1a: GO BIRD|Blaziken-Mega, L50, F
|-mega|p1a: GO BIRD|Blaziken|Blazikenite
|move|p1b: Mountain Dew|Rage Powder|p1b: Mountain Dew
|-singleturn|p1b: Mountain Dew|move: Rage Powder
|move|p1a: GO BIRD|Close Combat|p2b: Torkoal
|-damage|p2b: Torkoal|2/100
|-unboost|p1a: GO BIRD|def|1
|-unboost|p1a: GO BIRD|spd|1
|move|p2a: Farigiraf|Psychic Noise|p1b: Mountain Dew
|-damage|p1b: Mountain Dew|26/100
|-start|p1b: Mountain Dew|move: Heal Block
|move|p2b: Torkoal|Flamethrower|p1b: Mountain Dew
|-supereffective|p1b: Mountain Dew|1
|-damage|p1b: Mountain Dew|0 fnt
|faint|p1b: Mountain Dew
|
|-weather|SunnyDay|[upkeep]
|-ability|p1a: GO BIRD|Speed Boost|boost
|-boost|p1a: GO BIRD|spe|1
|upkeep
|
|t:|1786040053
|switch|p1b: SwimShady|Basculegion, L50, M|100/100
|turn|5
|
|t:|1786040096
|move|p1a: GO BIRD|Flare Blitz|p2a: Farigiraf
|-damage|p2a: Farigiraf|13/100
|-enditem|p2a: Farigiraf|Sitrus Berry|[eat]
|-heal|p2a: Farigiraf|38/100|[from] item: Sitrus Berry
|-damage|p1a: GO BIRD|59/100|[from] Recoil
|move|p1b: SwimShady|Wave Crash|p2a: Farigiraf
|-damage|p2a: Farigiraf|0 fnt
|faint|p2a: Farigiraf
|-damage|p1b: SwimShady|85/100|[from] Recoil
|-damage|p1b: SwimShady|75/100|[from] item: Life Orb
|move|p2b: Torkoal|Earth Power|p1a: GO BIRD
|-supereffective|p1a: GO BIRD|1
|-crit|p1a: GO BIRD
|-damage|p1a: GO BIRD|0 fnt
|faint|p1a: GO BIRD
|
|-weather|SunnyDay|[upkeep]
|upkeep
|
|t:|1786040112
|switch|p2a: Sylveon|Sylveon, L50, M|100/100
|turn|6
|
|t:|1786040143
|move|p2a: Sylveon|Detect|p2a: Sylveon
|-singleturn|p2a: Sylveon|Protect
|move|p1b: SwimShady|Last Respects|p2a: Sylveon
|-activate|p2a: Sylveon|move: Protect
|move|p2b: Torkoal|Flamethrower|p1b: SwimShady
|-resisted|p1b: SwimShady|1
|-damage|p1b: SwimShady|36/100
|
|-weather|SunnyDay|[upkeep]
|upkeep
|turn|7
|
|t:|1786040162
|move|p1b: SwimShady|Protect|p1b: SwimShady
|-singleturn|p1b: SwimShady|Protect
|move|p2a: Sylveon|Hyper Voice|p1b: SwimShady
|-activate|p1b: SwimShady|move: Protect
|move|p2b: Torkoal|Flamethrower|p1b: SwimShady
|-activate|p1b: SwimShady|move: Protect
|
|-weather|none
|upkeep
|turn|8
|
|t:|1786040182
|move|p1b: SwimShady|Last Respects|p2a: Sylveon
|-damage|p2a: Sylveon|0 fnt
|faint|p2a: Sylveon
|-damage|p1b: SwimShady|26/100|[from] item: Life Orb
|move|p2b: Torkoal|Earth Power|p1b: SwimShady
|-damage|p1b: SwimShady|0 fnt
|faint|p1b: SwimShady
|
|win|andiom123
||robinmuister is ready for game 2.
||andiom123 is ready for game 2.
|uhtml|next|Next: Game 2 of 3
|l|☆robinmuister
|player|p1|
