|j|☆myshirtisdirty
|j|☆Julio Potencia
|html|myshirtisdirtyJulio Potencia    
|uhtml|bestof|Game 1 of a best-of-3
|t:|1756523794
|gametype|doubles
|player|p1|myshirtisdirty|2|1111
|player|p2|Julio Potencia|biker-gen4|1053
|gen|9
|tier|[Gen 9] VGC 2025 Reg H (Bo3)
|rated|
|rule|Species Clause: Limit one of each Pokémon
|rule|Item Clause: Limit 1 of each item
|clearpoke
|poke|p1|Tyranitar, L50, F|
|poke|p1|Excadrill, L50, F|
|poke|p1|Sinistcha, L50|
|poke|p1|Dragonite, L50, M|
|poke|p1|Primarina, L50, F|
|poke|p1|Volcarona, L50, M|
|poke|p2|Torkoal, L50, M|
|poke|p2|Jumpluff, L50, F|
|poke|p2|Charizard, L50, F|
|poke|p2|Porygon2, L50|
|poke|p2|Ursaluna, L50, M|
|poke|p2|Incineroar, L50, F|
|teampreview|4
|showteam|p1|Tyranitar||AssaultVest|SandStream|RockSlide,KnockOff,TeraBlast,LowKick|||F|||50|,,,,,Flying]Excadrill||ClearAmulet|SandRush|Earthquake,IronHead,HighHorsepower,Protect|||F|||50|,,,,,Ghost]Sinistcha||RockyHelmet|Hospitality|MatchaGotcha,LifeDew,TrickRoom,RagePowder||||||50|,,,,,Dark]Dragonite||ChoiceBand|InnerFocus|Outrage,ExtremeSpeed,IceSpinner,AerialAce|||M|||50|,,,,,Normal]Primarina||ThroatSpray|LiquidVoice|Moonblast,HyperVoice,Haze,Protect|||F|||50|,,,,,Grass]Volcarona||Leftovers|FlameBody|FieryDance,GigaDrain,QuiverDance,Protect|||M|||50|,,,,,Dragon
|showteam|p2|Torkoal||EjectPack|Drought|Overheat,Eruption,HelpingHand,Protect|||M|||50|,,,,,Fire]Jumpluff||CovertCloak|Chlorophyll|RagePowder,SunnyDay,Tailwind,SleepPowder|||F|||50|,,,,,Fire]Charizard||ChoiceSpecs|SolarPower|HeatWave,Overheat,WeatherBall,DragonPulse|||F|||50|,,,,,Ghost]Porygon2||Eviolite|Download|TeraBlast,IceBeam,TrickRoom,Recover||||||50|,,,,,Fighting]Ursaluna||FlameOrb|Guts|HeadlongRush,Facade,Earthquake,Protect|||M|||50|,,,,,Ghost]Incineroar||SitrusBerry|Intimidate|FakeOut,KnockOff,FlareBlitz,PartingShot|||F|||50|,,,,,Ghost
|inactive|Battle timer is ON: inactive players will automatically lose when time's up. (requested by Julio Potencia)
|
|t:|1756523861
|teamsize|p1|4
|teamsize|p2|4
|start
|switch|p1a: Sinistcha|Sinistcha, L50|100/100
|switch|p1b: Dragonite|Dragonite, L50, M|100/100
|switch|p2a: Jumpluff|Jumpluff, L50, F|100/100
|switch|p2b: Torkoal|Torkoal, L50, M|100/100
|-weather|SunnyDay|[from] ability: Drought|[of] p2b: Torkoal
|turn|1
|inactive|myshirtisdirty has 30 seconds left.
|inactive|myshirtisdirty has 20 seconds left.
|
|t:|1756523900
|switch|p1a: Tyranitar|Tyranitar, L50, F|100/100
|-weather|Sandstorm|[from] ability: Sand Stream|[of] p1a: Tyranitar
|-terastallize|p1b: Dragonite|Normal
|move|p1b: Dragonite|Extreme Speed|p2a: Jumpluff
|-damage|p2a: Jumpluff|22/100
|move|p2a: Jumpluff|Sleep Powder|p1b: Dragonite
|-status|p1b: Dragonite|slp|[from] move: Sleep Powder
|move|p2b: Torkoal|Overheat|p1a: Tyranitar|[miss]
|-miss|p2b: Torkoal|p1a: Tyranitar
|
|-weather|Sandstorm|[upkeep]
|-damage|p2a: Jumpluff|16/100|[from] Sandstorm
|-damage|p1b: Dragonite|95/100 slp|[from] Sandstorm
|-damage|p2b: Torkoal|94/100|[from] Sandstorm
|upkeep
|turn|2
|inactive|Julio Potencia has 30 seconds left.
|
|t:|1756523926
|switch|p1a: Sinistcha|Sinistcha, L50|100/100
|-heal|p1b: Dragonite|100/100 slp|[from] ability: Hospitality|[of] p1a: Sinistcha
|switch|p2b: Ursaluna|Ursaluna, L50, M|100/100
|cant|p1b: Dragonite|slp
|move|p2a: Jumpluff|Sunny Day|p2a: Jumpluff
|-weather|SunnyDay
|
|-weather|SunnyDay|[upkeep]
|-status|p2b: Ursaluna|brn|[from] item: Flame Orb
|upkeep
|turn|3
|inactive|Julio Potencia has 30 seconds left.
|
|t:|1756523953
|move|p2a: Jumpluff|Rage Powder|p2a: Jumpluff
|-singleturn|p2a: Jumpluff|move: Rage Powder
|cant|p1b: Dragonite|slp
|move|p2b: Ursaluna|Earthquake|p1a: Sinistcha|[spread] p1a,p1b
|-immune|p2a: Jumpluff
|-resisted|p1a: Sinistcha
|-damage|p1a: Sinistcha|67/100
|-damage|p1b: Dragonite|28/100 slp
|move|p1a: Sinistcha|Matcha Gotcha|p2a: Jumpluff|[spread] p2a,p2b
|-resisted|p2a: Jumpluff
|-supereffective|p2b: Ursaluna
|-damage|p2a: Jumpluff|10/100
|-heal|p1a: Sinistcha|70/100|[from] drain|[of] p2a: Jumpluff
|-damage|p2b: Ursaluna|51/100 brn
|-heal|p1a: Sinistcha|100/100|[from] drain|[of] p2b: Ursaluna
|
|-weather|SunnyDay|[upkeep]
|-damage|p2b: Ursaluna|45/100 brn|[from] brn
|upkeep
|turn|4
|
|t:|1756523978
|-terastallize|p2b: Ursaluna|Ghost
|move|p2a: Jumpluff|Rage Powder|p2a: Jumpluff
|-singleturn|p2a: Jumpluff|move: Rage Powder
|cant|p1b: Dragonite|slp
|move|p2b: Ursaluna|Earthquake|p1b: Dragonite|[spread] p1a,p1b
|-immune|p2a: Jumpluff
|-resisted|p1a: Sinistcha
|-damage|p1a: Sinistcha|72/100
|-damage|p1b: Dragonite|0 fnt
|faint|p1b: Dragonite
|move|p1a: Sinistcha|Life Dew|p1a: Sinistcha
|-heal|p1a: Sinistcha|97/100
|
|-weather|SunnyDay|[upkeep]
|-damage|p2b: Ursaluna|40/100 brn|[from] brn
|upkeep
|
|t:|1756523989
|switch|p1b: Tyranitar|Tyranitar, L50, F|100/100
|-weather|Sandstorm|[from] ability: Sand Stream|[of] p1b: Tyranitar
|turn|5
|
|t:|1756524007
|move|p2a: Jumpluff|Sunny Day|p2a: Jumpluff
|-weather|SunnyDay
|move|p1b: Tyranitar|Rock Slide|p2b: Ursaluna|[spread] p2a,p2b
|-supereffective|p2a: Jumpluff
|-damage|p2a: Jumpluff|0 fnt
|-damage|p2b: Ursaluna|14/100 brn
|faint|p2a: Jumpluff
|move|p2b: Ursaluna|Earthquake|p1a: Sinistcha|[spread] p1a,p1b
|-resisted|p1a: Sinistcha
|-supereffective|p1b: Tyranitar
|-damage|p1a: Sinistcha|64/100
|-damage|p1b: Tyranitar|0 fnt
|faint|p1b: Tyranitar
|move|p1a: Sinistcha|Matcha Gotcha|p2b: Ursaluna
|-damage|p2b: Ursaluna|0 fnt
|-heal|p1a: Sinistcha|72/100|[from] drain|[of] p2b: Ursaluna
|faint|p2b: Ursaluna
|
|-weather|SunnyDay|[upkeep]
|upkeep
|
|t:|1756524025
|switch|p2a: Torkoal|Torkoal, L50, M|94/100
|switch|p1b: Primarina|Primarina, L50, F|100/100
|switch|p2b: Charizard|Charizard, L50, F|100/100
|turn|6
|
|t:|1756524045
|move|p2a: Torkoal|Helping Hand|p2b: Charizard
|-singleturn|p2b: Charizard|Helping Hand|[of] p2a: Torkoal
|move|p2b: Charizard|Heat Wave|p1a: Sinistcha|[spread] p1a,p1b
|-supereffective|p1a: Sinistcha
|-resisted|p1b: Primarina
|-damage|p1a: Sinistcha|0 fnt
|-damage|p1b: Primarina|27/100
|faint|p1a: Sinistcha
|move|p1b: Primarina|Hyper Voice|p2a: Torkoal|[spread] p2a,p2b
|-supereffective|p2a: Torkoal
|-supereffective|p2b: Charizard
|-damage|p2a: Torkoal|54/100
|-damage|p2b: Charizard|58/100
|-enditem|p1b: Primarina|Throat Spray
|-boost|p1b: Primarina|spa|1|[from] item: Throat Spray
|
|-weather|SunnyDay|[upkeep]
|-damage|p2b: Charizard|45/100|[from] ability: Solar Power|[of] p2b: Charizard
|upkeep
|turn|7
|
|t:|1756524063
|move|p2b: Charizard|Heat Wave|p1b: Primarina|[miss]
|-miss|p2b: Charizard|p1b: Primarina
|move|p1b: Primarina|Hyper Voice|p2b: Charizard|[spread] p2a,p2b
|-supereffective|p2a: Torkoal
|-supereffective|p2b: Charizard
|-damage|p2a: Torkoal|0 fnt
|-damage|p2b: Charizard|0 fnt
|faint|p2a: Torkoal
|faint|p2b: Charizard
|
|win|myshirtisdirty
||myshirtisdirty is ready for game 2.
|inactive|Julio Potencia has 30 seconds to confirm battle start!
||Julio Potencia is ready for game 2.
|uhtml|next|Next: Game 2 of 3
