|j|☆realslim19
|j|☆FrancoilCieco777
|html|realslim19FrancoilCieco777    
|uhtml|bestof|Game 3 of a best-of-3
|t:|1757019206
|gametype|doubles
|player|p1|realslim19|richboy-gen4|1336
|player|p2|FrancoilCieco777|baker|1246
|gen|9
|tier|[Gen 9] VGC 2025 Reg H (Bo3)
|rated|
|rule|Species Clause: Limit one of each Pokémon
|rule|Item Clause: Limit 1 of each item
|clearpoke
|poke|p1|Charizard, L50, F|
|poke|p1|Torkoal, L50, M|
|poke|p1|Porygon2, L50|
|poke|p1|Incineroar, L50, M|
|poke|p1|Jumpluff, L50, M|
|poke|p1|Ursaluna, L50, F|
|poke|p2|Volcarona, L50, M|
|poke|p2|Electabuzz, L50, F|
|poke|p2|Sneasler, L50, M|
|poke|p2|Kingambit, L50, M|
|poke|p2|Dragonite, L50, F|
|poke|p2|Rillaboom, L50, F|
|teampreview|4
|showteam|p1|Charizard||ChoiceSpecs|SolarPower|HeatWave,Overheat,WeatherBall,AirSlash|||F|||50|,,,,,Ghost]Torkoal||EjectPack|Drought|Eruption,Overheat,HelpingHand,Protect|||M|||50|,,,,,Fire]Porygon2||Eviolite|Download|TeraBlast,IceBeam,Recover,TrickRoom||||||50|,,,,,Fighting]Incineroar||SitrusBerry|Intimidate|FlareBlitz,KnockOff,FakeOut,PartingShot|||M|||50|,,,,,Ghost]Jumpluff||CovertCloak|Chlorophyll|SleepPowder,SunnyDay,RagePowder,Tailwind|||M|||50|,,,,,Water]Ursaluna||FlameOrb|Guts|HeadlongRush,Facade,Earthquake,Protect|||F|||50|,,,,,Ghost
|showteam|p2|Volcarona||CovertCloak|FlameBody|HeatWave,TeraBlast,QuiverDance,Protect|||M|||50|,,,,,Fairy]Electabuzz||Eviolite|VitalSpirit|Thunderbolt,FollowMe,Taunt,Protect|||F|||50|,,,,,Ghost]Sneasler||FocusSash|Unburden|FakeOut,CloseCombat,DireClaw,Coaching|||M|||50|,,,,,Stellar]Kingambit||BlackGlasses|Defiant|KowtowCleave,SuckerPunch,SwordsDance,Protect|||M|||50|,,,,,Dark]Dragonite||LoadedDice|Multiscale|ScaleShot,ExtremeSpeed,Haze,Protect|||F|||50|,,,,,Normal]Rillaboom||AssaultVest|GrassySurge|WoodHammer,GrassyGlide,HighHorsepower,FakeOut|||F|||50|,,,,,Fire
|inactive|Battle timer is ON: inactive players will automatically lose when time's up. (requested by realslim19)
|inactive|FrancoilCieco777 also wants the timer to be on.
|
|t:|1757019228
|teamsize|p1|4
|teamsize|p2|4
|start
|switch|p1a: Jumpluff|Jumpluff, L50, M|100/100
|switch|p1b: Torkoal|Torkoal, L50, M|100/100
|switch|p2a: Sneasler|Sneasler, L50, M|100/100
|switch|p2b: Kingambit|Kingambit, L50, M|100/100
|-weather|SunnyDay|[from] ability: Drought|[of] p1b: Torkoal
|turn|1
|
|t:|1757019240
|-terastallize|p2b: Kingambit|Dark
|move|p1a: Jumpluff|Sleep Powder|p2a: Sneasler
|-status|p2a: Sneasler|slp|[from] move: Sleep Powder
|cant|p2a: Sneasler|slp
|move|p2b: Kingambit|Kowtow Cleave|p1a: Jumpluff
|-damage|p1a: Jumpluff|4/100
|move|p1b: Torkoal|Overheat|p2b: Kingambit
|-damage|p2b: Kingambit|15/100
|-unboost|p1b: Torkoal|spa|2
|-enditem|p1b: Torkoal|Eject Pack
|
|t:|1757019253
|switch|p1b: Ursaluna|Ursaluna, L50, F|100/100
|
|-weather|SunnyDay|[upkeep]
|-status|p1b: Ursaluna|brn|[from] item: Flame Orb
|upkeep
|turn|2
|
|t:|1757019263
|switch|p2b: Dragonite|Dragonite, L50, F, shiny|100/100
|move|p1a: Jumpluff|Tailwind|p1a: Jumpluff
|-sidestart|p1: realslim19|move: Tailwind
|-curestatus|p2a: Sneasler|slp|[msg]
|move|p2a: Sneasler|Close Combat|p1b: Ursaluna
|-supereffective|p1b: Ursaluna
|-damage|p1b: Ursaluna|9/100 brn
|-unboost|p2a: Sneasler|def|1
|-unboost|p2a: Sneasler|spd|1
|move|p1b: Ursaluna|Earthquake|p2a: Sneasler|[spread] p2a
|-immune|p1a: Jumpluff
|-immune|p2b: Dragonite
|-supereffective|p2a: Sneasler
|-enditem|p2a: Sneasler|Focus Sash
|-damage|p2a: Sneasler|1/100
|
|-weather|SunnyDay|[upkeep]
|-damage|p1b: Ursaluna|3/100 brn|[from] brn
|upkeep
|turn|3
|inactive|FrancoilCieco777 has 30 seconds left.
|inactive|FrancoilCieco777 has 20 seconds left.
|inactive|FrancoilCieco777 has 15 seconds left.
|
|t:|1757019305
|switch|p2a: Electabuzz|Electabuzz, L50, F|100/100
|move|p2b: Dragonite|Extreme Speed|p1a: Jumpluff
|-damage|p1a: Jumpluff|0 fnt
|faint|p1a: Jumpluff
|move|p1b: Ursaluna|Facade|p2b: Dragonite
|-crit|p2b: Dragonite
|-damage|p2b: Dragonite|0 fnt
|faint|p2b: Dragonite
|
|-weather|SunnyDay|[upkeep]
|-damage|p1b: Ursaluna|0 fnt|[from] brn
|faint|p1b: Ursaluna
|upkeep
|
|t:|1757019316
|switch|p1a: Porygon2|Porygon2, L50|100/100
|switch|p2b: Sneasler|Sneasler, L50, M|1/100
|switch|p1b: Torkoal|Torkoal, L50, M|100/100
|-ability|p1a: Porygon2|Download|boost
|-boost|p1a: Porygon2|atk|1
|turn|4
|
|t:|1757019335
|-terastallize|p1a: Porygon2|Fighting
|move|p2b: Sneasler|Close Combat|p1b: Torkoal
|-damage|p1b: Torkoal|56/100
|-unboost|p2b: Sneasler|def|1
|-unboost|p2b: Sneasler|spd|1
|move|p2a: Electabuzz|Thunderbolt|p1b: Torkoal
|-damage|p1b: Torkoal|12/100
|move|p1b: Torkoal|Eruption|p2a: Electabuzz|[spread] p2a,p2b
|-damage|p2a: Electabuzz|95/100
|-damage|p2b: Sneasler|0 fnt
|faint|p2b: Sneasler
|move|p1a: Porygon2|Trick Room|p1a: Porygon2
|-fieldstart|move: Trick Room|[of] p1a: Porygon2
|
|-weather|SunnyDay|[upkeep]
|upkeep
|
|t:|1757019345
|switch|p2b: Kingambit|Kingambit, L50, M, tera:Dark|15/100
|turn|5
|
|t:|1757019353
|move|p1b: Torkoal|Protect|p1b: Torkoal
|-singleturn|p1b: Torkoal|Protect
|move|p2b: Kingambit|Sucker Punch||[still]
|-fail|p2b: Kingambit
|move|p2a: Electabuzz|Thunderbolt|p1a: Porygon2
|-damage|p1a: Porygon2|82/100
|move|p1a: Porygon2|Tera Blast|p2b: Kingambit|[anim] Tera Blast Fighting
|-supereffective|p2b: Kingambit
|-damage|p2b: Kingambit|0 fnt
|faint|p2b: Kingambit
|
|-weather|none
|-sideend|p1: realslim19|move: Tailwind
|upkeep
|turn|6
|
|t:|1757019370
|move|p1b: Torkoal|Overheat|p2a: Electabuzz
|-damage|p2a: Electabuzz|52/100
|-unboost|p1b: Torkoal|spa|2
|move|p1a: Porygon2|Tera Blast|p2a: Electabuzz|[anim] Tera Blast Fighting
|-damage|p2a: Electabuzz|20/100
|move|p2a: Electabuzz|Thunderbolt|p1a: Porygon2
|-crit|p1a: Porygon2
|-damage|p1a: Porygon2|54/100
|
|upkeep
|turn|7
|
|t:|1757019384
|move|p2a: Electabuzz|Protect|p2a: Electabuzz
|-singleturn|p2a: Electabuzz|Protect
|move|p1b: Torkoal|Overheat|p2a: Electabuzz
|-activate|p2a: Electabuzz|move: Protect
|move|p1a: Porygon2|Tera Blast|p2a: Electabuzz|[anim] Tera Blast Fighting
|-activate|p2a: Electabuzz|move: Protect
|
|upkeep
|turn|8
|
|t:|1757019398
|move|p1b: Torkoal|Helping Hand|p1a: Porygon2
|-singleturn|p1a: Porygon2|Helping Hand|[of] p1b: Torkoal
|move|p2a: Electabuzz|Protect||[still]
|-fail|p2a: Electabuzz
|move|p1a: Porygon2|Tera Blast|p2a: Electabuzz|[anim] Tera Blast Fighting
|-damage|p2a: Electabuzz|0 fnt
|faint|p2a: Electabuzz
|
|win|realslim19
|raw|realslim19's rating: 1336 → 1351(+15 for winning)
|raw|FrancoilCieco777's rating: 1246 → 1227(-19 for losing)
