|j|☆the doctor rock
|j|☆SunshineTufo
|html|the doctor rockSunshineTufo    
|uhtml|bestof|Game 1 of a best-of-3
|t:|1784238399
|gametype|doubles
|player|p1|the doctor rock|marlon|1076
|player|p2|SunshineTufo|li|1169
|gen|9
|tier|[Gen 9 Champions] VGC 2026 Reg M-B (Bo3)
|rated|
|rule|Species Clause: Limit one of each Pokémon
|rule|Item Clause: Limit 1 of each item
|clearpoke
|poke|p1|Malamar, L50, F|
|poke|p1|Sylveon, L50, F|
|poke|p1|Sneasler, L50, F|
|poke|p1|Grimmsnarl, L50, M|
|poke|p1|Ceruledge, L50, F|
|poke|p1|Sinistcha, L50|
|poke|p2|Staraptor, L50, F|
|poke|p2|Tyranitar, L50, F|
|poke|p2|Excadrill, L50, M|
|poke|p2|Rotom-Wash, L50|
|poke|p2|Sceptile, L50, F|
|poke|p2|Sinistcha, L50|
|teampreview|4
|showteam|p1|Malamar||Malamarite|Contrary|KnockOff,PsychoCut,Superpower,Protect|Adamant||F|||50|]Sylveon||FairyFeather|Pixilate|HyperVoice,QuickAttack,Yawn,Detect|Modest||F|||50|]Sneasler||WhiteHerb|Unburden|DireClaw,CloseCombat,FakeOut,Protect|Jolly||F|||50|]Grimmsnarl||RoseliBerry|Prankster|SpiritBreak,FakeTears,ScaryFace,PartingShot|Bold||M|||50|]Ceruledge||ColburBerry|FlashFire|BitterBlade,ShadowSneak,BulkUp,Protect|Adamant||F|||50|]Sinistcha||SitrusBerry|Hospitality|MatchaGotcha,LifeDew,RagePowder,TrickRoom|Bold|||||50|
|showteam|p2|Staraptor||Staraptite|Intimidate|BraveBird,CloseCombat,Tailwind,Protect|Jolly||F|||50|]Tyranitar||ExpertBelt|SandStream|RockSlide,KnockOff,IcePunch,Protect|Adamant||F|||50|]Excadrill||FocusSash|SandRush|HighHorsepower,Earthquake,IronHead,Protect|Jolly||M|||50|]Rotom-Wash||ChoiceScarf|Levitate|Discharge,HydroPump,Electroweb,VoltSwitch|Timid|||||50|]Sceptile||Sceptilite|Overgrow|LeafStorm,DragonPulse,ShedTail,Protect|Timid||F|||50|]Sinistcha||KasibBerry|Hospitality|MatchaGotcha,RagePowder,TrickRoom,Protect|Calm|||||50|
|inactive|Battle timer is ON: inactive players will automatically lose when time's up. (requested by SunshineTufo)
|inactive|the doctor rock also wants the timer to be on.
|inactive|SunshineTufo has 60 seconds left.
|
|t:|1784238436
|teamsize|p1|4
|teamsize|p2|4
|start
|switch|p1a: Malamar|Malamar, L50, F|100/100
|switch|p1b: Grimmsnarl|Grimmsnarl, L50, M|100/100
|switch|p2a: Staraptor|Staraptor, L50, F|100/100
|switch|p2b: Sceptile|Sceptile, L50, F|100/100
|-ability|p2a: Staraptor|Intimidate|boost
|-boost|p1a: Malamar|atk|1
|-unboost|p1b: Grimmsnarl|atk|1
|turn|1
|inactive|the doctor rock has 30 seconds left.
|
|t:|1784238470
|detailschange|p2a: Staraptor|Staraptor-Mega, L50, F
|-mega|p2a: Staraptor|Staraptor|Staraptite
|detailschange|p1a: Malamar|Malamar-Mega, L50, F
|-mega|p1a: Malamar|Malamar|Malamarite
|move|p1b: Grimmsnarl|Parting Shot|p1a: Malamar
|-boost|p1a: Malamar|atk|1
|-boost|p1a: Malamar|spa|1
|
|t:|1784238475
|switch|p1b: Ceruledge|Ceruledge, L50, F|100/100|[from] Parting Shot
|move|p2b: Sceptile|Shed Tail|p2b: Sceptile
|-start|p2b: Sceptile|Substitute|[from] move: Shed Tail
|-damage|p2b: Sceptile|50/100y
|
|t:|1784238478
|switch|p2b: Tyranitar|Tyranitar, L50, F|100/100|[from] Shed Tail
|-weather|Sandstorm|[from] ability: Sand Stream|[of] p2b: Tyranitar
|move|p2a: Staraptor|Close Combat|p1a: Malamar
|-damage|p1a: Malamar|38/100
|-boost|p2a: Staraptor|def|1
|-boost|p2a: Staraptor|spd|1
|move|p1a: Malamar|Psycho Cut|p2a: Staraptor
|-supereffective|p2a: Staraptor|1
|-damage|p2a: Staraptor|8/100
|
|-weather|Sandstorm|[upkeep]
|-damage|p2a: Staraptor|2/100|[from] Sandstorm
|-damage|p1b: Ceruledge|93/100|[from] Sandstorm
|-damage|p1a: Malamar|32/100|[from] Sandstorm
|upkeep
|turn|2
|
|t:|1784238497
|switch|p2a: Sceptile|Sceptile, L50, F|50/100y
|move|p1b: Ceruledge|Protect|p1b: Ceruledge
|-singleturn|p1b: Ceruledge|Protect
|move|p1a: Malamar|Protect|p1a: Malamar
|-singleturn|p1a: Malamar|Protect
|move|p2b: Tyranitar|Rock Slide|p1a: Malamar|[spread] 
|-activate|p1a: Malamar|move: Protect
|-activate|p1b: Ceruledge|move: Protect
|
|-weather|Sandstorm|[upkeep]
|-damage|p2a: Sceptile|43/100|[from] Sandstorm
|-damage|p1b: Ceruledge|87/100|[from] Sandstorm
|-damage|p1a: Malamar|26/100|[from] Sandstorm
|upkeep
|turn|3
|
|t:|1784238521
|switch|p1a: Sinistcha|Sinistcha, L50|100/100
|-heal|p1b: Ceruledge|100/100|[from] ability: Hospitality|[of] p1a: Sinistcha
|move|p2a: Sceptile|Dragon Pulse|p1a: Sinistcha
|-damage|p1a: Sinistcha|75/100
|move|p1b: Ceruledge|Bitter Blade|p2a: Sceptile
|-supereffective|p2a: Sceptile|1
|-damage|p2a: Sceptile|0 fnt
|faint|p2a: Sceptile
|move|p2b: Tyranitar|Knock Off|p1b: Ceruledge
|-supereffective|p1b: Ceruledge|1
|-enditem|p1b: Ceruledge|Colbur Berry|[eat]
|-enditem|p1b: Ceruledge|Colbur Berry|[weaken]
|-damage|p1b: Ceruledge|21/100
|
|-weather|Sandstorm|[upkeep]
|-damage|p1b: Ceruledge|15/100|[from] Sandstorm
|-damage|p1a: Sinistcha|69/100|[from] Sandstorm
|upkeep
|
|t:|1784238526
|switch|p2a: Excadrill|Excadrill, L50, M|100/100
|turn|4
|
|t:|1784238537
|move|p1b: Ceruledge|Protect|p1b: Ceruledge
|-singleturn|p1b: Ceruledge|Protect
|move|p2b: Tyranitar|Protect|p2b: Tyranitar
|-singleturn|p2b: Tyranitar|Protect
|move|p2a: Excadrill|Earthquake|p1a: Sinistcha|[spread] p1a
|-activate|p2b: Tyranitar|move: Protect
|-activate|p1b: Ceruledge|move: Protect
|-resisted|p1a: Sinistcha|1
|-damage|p1a: Sinistcha|53/100
|move|p1a: Sinistcha|Trick Room|p1a: Sinistcha
|-fieldstart|move: Trick Room|[of] p1a: Sinistcha
|
|-weather|Sandstorm|[upkeep]
|-damage|p1a: Sinistcha|47/100|[from] Sandstorm
|-damage|p1b: Ceruledge|9/100|[from] Sandstorm
|-enditem|p1a: Sinistcha|Sitrus Berry|[eat]
|-heal|p1a: Sinistcha|71/100|[from] item: Sitrus Berry
|upkeep
|turn|5
|
|t:|1784238552
|switch|p1b: Malamar|Malamar-Mega, L50, F|26/100
|move|p2a: Excadrill|Protect|p2a: Excadrill
|-singleturn|p2a: Excadrill|Protect
|move|p2b: Tyranitar|Rock Slide|p1a: Sinistcha|[spread] p1a,p1b
|-damage|p1a: Sinistcha|49/100
|-damage|p1b: Malamar|0 fnt
|faint|p1b: Malamar
|move|p1a: Sinistcha|Matcha Gotcha|p2a: Excadrill|[spread] p2b
|-activate|p2a: Excadrill|move: Protect
|-supereffective|p2b: Tyranitar|1
|-end|p2b: Tyranitar|Substitute
|-heal|p1a: Sinistcha|59/100|[from] drain|[of] p2b: Tyranitar
|
|-weather|none
|upkeep
|
|t:|1784238564
|switch|p1b: Ceruledge|Ceruledge, L50, F|9/100
|turn|6
|
|t:|1784238570
|move|p2b: Tyranitar|Knock Off|p1a: Sinistcha
|-supereffective|p1a: Sinistcha|1
|-damage|p1a: Sinistcha|0 fnt
|faint|p1a: Sinistcha
|move|p1b: Ceruledge|Bitter Blade|p2a: Excadrill
|-supereffective|p2a: Excadrill|1
|-enditem|p2a: Excadrill|Focus Sash
|-damage|p2a: Excadrill|1/100
|-heal|p1b: Ceruledge|67/100|[from] drain|[of] p2a: Excadrill
|move|p2a: Excadrill|High Horsepower|p1b: Ceruledge
|-supereffective|p1b: Ceruledge|1
|-damage|p1b: Ceruledge|0 fnt
|faint|p1b: Ceruledge
|
|upkeep
|-message|the doctor rock forfeited.
|
|win|SunshineTufo
