|j|☆saboyita
|j|☆ttvno
|html|saboyitattvno    
|uhtml|bestof|Game 2 of a best-of-3
|t:|1756230794
|gametype|doubles
|player|p1|saboyita|grimsley|1118
|player|p2|ttvno|1|1023
|gen|9
|tier|[Gen 9] VGC 2025 Reg H (Bo3)
|rated|
|rule|Species Clause: Limit one of each Pokémon
|rule|Item Clause: Limit 1 of each item
|clearpoke
|poke|p1|Amoonguss, L50, F|
|poke|p1|Hydreigon, L50, M|
|poke|p1|Whimsicott, L50, M|
|poke|p1|Maushold-Four, L50|
|poke|p1|Annihilape, L50, M|
|poke|p1|Ursaluna-Bloodmoon, L50, M|
|poke|p2|Kingambit, L50, F|
|poke|p2|Sneasler, L50, F|
|poke|p2|Rillaboom, L50, M|
|poke|p2|Incineroar, L50, M|
|poke|p2|Dragapult, L50, F|
|poke|p2|Clefable, L50, M|
|teampreview|4
|showteam|p1|Amoonguss||RockyHelmet|Regenerator|PollenPuff,Spore,RagePowder,Protect|||F|||50|,,,,,Water]Hydreigon||ChoiceSpecs|Levitate|HeatWave,DarkPulse,DragonPulse,DracoMeteor|||M|||50|,,,,,Fire]Whimsicott||CovertCloak|Prankster|Moonblast,HelpingHand,Tailwind,Encore|||M|||50|,,,,,Dark]Maushold-Four||WideLens|Technician|PopulationBomb,Taunt,FollowMe,Protect||||||50|,,,,,Ghost]Annihilape||Leftovers|Defiant|RageFist,DrainPunch,BulkUp,Protect|||M|||50|,,,,,Fire]Ursaluna-Bloodmoon||LifeOrb|MindsEye|HyperVoice,EarthPower,BloodMoon,Protect|||M|||50|,,,,,Water
|showteam|p2|Kingambit||SafetyGoggles|Defiant|KowtowCleave,SuckerPunch,SwordsDance,Protect|||F|||50|,,,,,Dark]Sneasler||GrassySeed|Unburden|CloseCombat,Acrobatics,DireClaw,Coaching|||F|||50|,,,,,Flying]Rillaboom||MeadowPlate|GrassySurge|FakeOut,WoodHammer,GrassyGlide,HighHorsepower|||M|||50|,,,,,Poison]Incineroar||CovertCloak|Intimidate|FakeOut,Taunt,KnockOff,PartingShot|||M|||50|,,,,,Ghost]Dragapult||LifeOrb|ClearBody|DragonDarts,TeraBlast,SuckerPunch,Protect|||F|||50|,,,,,Ghost]Clefable||SitrusBerry|Unaware|FollowMe,HealPulse,Moonblast,Protect|||M|||50|,,,,,Poison
|inactive|Battle timer is ON: inactive players will automatically lose when time's up. (requested by saboyita)
|inactive|saboyita has 60 seconds left.
|
|t:|1756230827
|teamsize|p1|4
|teamsize|p2|4
|start
|switch|p1a: Amoonguss|Amoonguss, L50, F|100/100
|switch|p1b: Ursaluna|Ursaluna-Bloodmoon, L50, M|100/100
|switch|p2a: Catalina|Incineroar, L50, M|100/100
|switch|p2b: Katapuldra|Dragapult, L50, F|100/100
|-ability|p2a: Catalina|Intimidate|boost
|-unboost|p1a: Amoonguss|atk|1
|-unboost|p1b: Ursaluna|atk|1
|turn|1
|inactive|saboyita has 30 seconds left.
|inactive|ttvno has 30 seconds left.
|inactive|saboyita has 20 seconds left.
|inactive|ttvno has 20 seconds left.
|inactive|ttvno has 15 seconds left.
|inactive|ttvno has 10 seconds left.
|
|t:|1756230874
|move|p1a: Amoonguss|Protect|p1a: Amoonguss
|-singleturn|p1a: Amoonguss|Protect
|move|p2a: Catalina|Fake Out|p1a: Amoonguss
|-activate|p1a: Amoonguss|move: Protect
|move|p2b: Katapuldra|Dragon Darts|p1b: Ursaluna
|-damage|p1b: Ursaluna|75/100
|-anim|p2b: Katapuldra|Dragon Darts|p1b: Ursaluna
|-damage|p1b: Ursaluna|52/100
|-damage|p2b: Katapuldra|91/100|[from] item: Life Orb
|move|p1b: Ursaluna|Blood Moon|p2b: Katapuldra
|-damage|p2b: Katapuldra|0 fnt
|faint|p2b: Katapuldra
|-damage|p1b: Ursaluna|42/100|[from] item: Life Orb
|
|upkeep
|
|t:|1756230895
|switch|p2b: DK|Rillaboom, L50, M|100/100
|-fieldstart|move: Grassy Terrain|[from] ability: Grassy Surge|[of] p2b: DK
|turn|2
|
|t:|1756230913
|switch|p1b: Hydreigon|Hydreigon, L50, M|100/100
|move|p2b: DK|Grassy Glide|p1b: Hydreigon
|-resisted|p1b: Hydreigon
|-damage|p1b: Hydreigon|74/100
|move|p2a: Catalina|Taunt|p1a: Amoonguss
|-start|p1a: Amoonguss|move: Taunt
|cant|p1a: Amoonguss|move: Taunt|Spore
|
|upkeep
|turn|3
|inactive|saboyita has 30 seconds left.
|inactive|saboyita has 20 seconds left.
|inactive|saboyita has 15 seconds left.
|
|t:|1756230954
|switch|p1a: Annihilape|Annihilape, L50, M|100/100
|-terastallize|p2b: DK|Poison
|move|p1b: Hydreigon|Draco Meteor|p2a: Catalina
|-damage|p2a: Catalina|13/100
|-unboost|p1b: Hydreigon|spa|2
|move|p2b: DK|Wood Hammer|p1b: Hydreigon
|-resisted|p1b: Hydreigon
|-crit|p1b: Hydreigon
|-damage|p1b: Hydreigon|0 fnt
|faint|p1b: Hydreigon
|-damage|p2b: DK|81/100|[from] Recoil
|move|p2a: Catalina|Knock Off|p1a: Annihilape
|-damage|p1a: Annihilape|59/100
|-enditem|p1a: Annihilape|Leftovers|[from] move: Knock Off|[of] p2a: Catalina
|
|-heal|p1a: Annihilape|65/100|[from] Grassy Terrain
|-heal|p2b: DK|86/100|[from] Grassy Terrain
|-heal|p2a: Catalina|19/100|[from] Grassy Terrain
|upkeep
|
|t:|1756230975
|switch|p1b: Amoonguss|Amoonguss, L50, F|100/100
|turn|4
|inactive|saboyita has 30 seconds left.
|
|t:|1756231013
|move|p1b: Amoonguss|Protect|p1b: Amoonguss
|-singleturn|p1b: Amoonguss|Protect
|move|p1a: Annihilape|Rage Fist|p2b: DK
|-damage|p2b: DK|38/100
|move|p2b: DK|Wood Hammer|p1a: Annihilape
|-damage|p1a: Annihilape|0 fnt
|faint|p1a: Annihilape
|-damage|p2b: DK|17/100|[from] Recoil
|move|p2a: Catalina|Taunt|p1b: Amoonguss
|-activate|p1b: Amoonguss|move: Protect
|
|-heal|p2b: DK|23/100|[from] Grassy Terrain
|-heal|p2a: Catalina|25/100|[from] Grassy Terrain
|upkeep
|
|t:|1756231028
|switch|p1a: Ursaluna|Ursaluna-Bloodmoon, L50, M|42/100
|turn|5
|
|t:|1756231038
|move|p2b: DK|Grassy Glide|p1a: Ursaluna
|-supereffective|p1a: Ursaluna
|-damage|p1a: Ursaluna|0 fnt
|faint|p1a: Ursaluna
|move|p2a: Catalina|Taunt|p1b: Amoonguss
|-start|p1b: Amoonguss|move: Taunt
|move|p1b: Amoonguss|Pollen Puff|p1: Ursaluna|[notarget]
|-fail|p1b: Amoonguss
|
|-heal|p2b: DK|29/100|[from] Grassy Terrain
|-heal|p2a: Catalina|31/100|[from] Grassy Terrain
|upkeep
|turn|6
|
|t:|1756231049
|switch|p2b: Weasler|Sneasler, L50, F|100/100
|-enditem|p2b: Weasler|Grassy Seed
|-boost|p2b: Weasler|def|1|[from] item: Grassy Seed
|move|p2a: Catalina|Knock Off|p1b: Amoonguss
|-damage|p1b: Amoonguss|67/100
|-damage|p2a: Catalina|14/100|[from] item: Rocky Helmet|[of] p1b: Amoonguss
|-enditem|p1b: Amoonguss|Rocky Helmet|[from] move: Knock Off|[of] p2a: Catalina
|move|p1b: Amoonguss|Pollen Puff|p2b: Weasler
|-resisted|p2b: Weasler
|-damage|p2b: Weasler|94/100
|
|-heal|p2b: Weasler|99/100|[from] Grassy Terrain
|-heal|p2a: Catalina|20/100|[from] Grassy Terrain
|-heal|p1b: Amoonguss|72/100|[from] Grassy Terrain
|-fieldend|move: Grassy Terrain
|upkeep
|turn|7
|
|t:|1756231064
|move|p2b: Weasler|Acrobatics|p1b: Amoonguss
|-supereffective|p1b: Amoonguss
|-damage|p1b: Amoonguss|0 fnt
|faint|p1b: Amoonguss
|
|win|ttvno
|raw|saboyita's rating: 1118 → 1086(-32 for losing)
|raw|ttvno's rating: 1023 → 1069(+46 for winning)
