|j|☆KChiefs7
|j|☆PlayzNSlayz
|html|KChiefs7PlayzNSlayz    
|uhtml|bestof|Game 2 of a best-of-3
|t:|1756824237
|gametype|doubles
|player|p1|KChiefs7|swimmer-gen4|1041
|player|p2|PlayzNSlayz|parasollady|1000
|gen|9
|tier|[Gen 9] VGC 2025 Reg H (Bo3)
|rated|
|rule|Species Clause: Limit one of each Pokémon
|rule|Item Clause: Limit 1 of each item
|clearpoke
|poke|p1|Ursaluna, L50, F|
|poke|p1|Gholdengo, L50|
|poke|p1|Flamigo, L50, F|
|poke|p1|Amoonguss, L50, F|
|poke|p1|Porygon2, L50|
|poke|p1|Incineroar, L50, F|
|poke|p2|Lilligant-Hisui, L50, F|
|poke|p2|Ursaluna, L50, F|
|poke|p2|Hatterene, L50, F|
|poke|p2|Indeedee-F, L50, F|
|poke|p2|Gallade, L50, M|
|poke|p2|Torkoal, L50, F|
|teampreview|4
|showteam|p1|Ursaluna||FlameOrb|Guts|Facade,HeadlongRush,Earthquake,Protect|||F|||50|,,,,,Ghost]Gholdengo||LifeOrb|GoodasGold|MakeItRain,ShadowBall,NastyPlot,Protect||||||50|,,,,,Water]Flamigo||FocusSash|Scrappy|Detect,CloseCombat,WideGuard,DualWingbeat|||F|||50|,,,,,Ghost]Amoonguss||CovertCloak|Regenerator|RagePowder,Spore,PollenPuff,ClearSmog|||F|||50|,,,,,Fairy]Porygon2||Eviolite|Download|TeraBlast,IceBeam,Recover,TrickRoom||||||50|,,,,,Fighting]Incineroar||SafetyGoggles|Intimidate|FlareBlitz,KnockOff,FakeOut,PartingShot|||F|||50|,,,,,Ghost
|showteam|p2|Lilligant-Hisui||FocusSash|Chlorophyll|SolarBlade,CloseCombat,SleepPowder,AfterYou|||F|||50|,,,,,Ghost]Ursaluna||FlameOrb|Guts|Facade,HeadlongRush,Earthquake,Protect|||F|||50|,,,,,Ghost]Hatterene||LifeOrb|MagicBounce|ExpandingForce,DazzlingGleam,TeraBlast,TrickRoom|||F|||50|,,,,,Fire]Indeedee-F||PsychicSeed|PsychicSurge|FollowMe,HelpingHand,TrickRoom,Psyshock|||F|||50|,,,,,Water]Gallade||ClearAmulet|Sharpness|SacredSword,PsychoCut,WideGuard,TrickRoom|||M|||50|,,,,,Grass]Torkoal||ChoiceSpecs|Drought|Eruption,HeatWave,WeatherBall,EarthPower|||F|||50|,,,,,Fire
|inactive|Battle timer is ON: inactive players will automatically lose when time's up. (requested by KChiefs7)
|inactive|KChiefs7 has 60 seconds left.
|inactive|PlayzNSlayz has 60 seconds left.
|
|t:|1756824286
|teamsize|p1|4
|teamsize|p2|4
|start
|switch|p1a: Incineroar|Incineroar, L50, F|100/100
|switch|p1b: Gholdengo|Gholdengo, L50|100/100
|switch|p2a: Indeedee|Indeedee-F, L50, F|100/100
|switch|p2b: Torkoal|Torkoal, L50, F|100/100
|-ability|p1a: Incineroar|Intimidate|boost
|-unboost|p2a: Indeedee|atk|1
|-unboost|p2b: Torkoal|atk|1
|-fieldstart|move: Psychic Terrain|[from] ability: Psychic Surge|[of] p2a: Indeedee
|-enditem|p2a: Indeedee|Psychic Seed
|-boost|p2a: Indeedee|spd|1|[from] item: Psychic Seed
|-weather|SunnyDay|[from] ability: Drought|[of] p2b: Torkoal
|turn|1
|inactive|KChiefs7 has 30 seconds left.
|
|t:|1756824321
|move|p2a: Indeedee|Follow Me|p2a: Indeedee
|-singleturn|p2a: Indeedee|move: Follow Me
|move|p1b: Gholdengo|Shadow Ball|p2a: Indeedee
|-immune|p2a: Indeedee
|move|p1a: Incineroar|Knock Off|p2a: Indeedee
|-supereffective|p2a: Indeedee
|-damage|p2a: Indeedee|45/100
|move|p2b: Torkoal|Eruption|p1a: Incineroar|[spread] p1a,p1b
|-resisted|p1a: Incineroar
|-supereffective|p1b: Gholdengo
|-damage|p1a: Incineroar|49/100
|-damage|p1b: Gholdengo|0 fnt
|faint|p1b: Gholdengo
|
|-weather|SunnyDay|[upkeep]
|upkeep
|
|t:|1756824332
|switch|p1b: Flamigo|Flamigo, L50, F|100/100
|turn|2
|inactive|PlayzNSlayz has 30 seconds left.
|
|t:|1756824363
|move|p1b: Flamigo|Wide Guard|p1b: Flamigo
|-singleturn|p1b: Flamigo|Wide Guard
|move|p1a: Incineroar|Flare Blitz|p2a: Indeedee
|-damage|p2a: Indeedee|0 fnt
|faint|p2a: Indeedee
|-damage|p1a: Incineroar|36/100|[from] Recoil
|move|p2b: Torkoal|Eruption|p1a: Incineroar|[spread] 
|-activate|p1a: Incineroar|move: Wide Guard
|-activate|p1b: Flamigo|move: Wide Guard
|
|-weather|SunnyDay|[upkeep]
|upkeep
|
|t:|1756824386
|switch|p2a: Ursaluna|Ursaluna, L50, F|100/100
|turn|3
|inactive|KChiefs7 has 30 seconds left.
|inactive|KChiefs7 has 20 seconds left.
|
|t:|1756824425
|move|p2a: Ursaluna|Protect|p2a: Ursaluna
|-singleturn|p2a: Ursaluna|Protect
|move|p1b: Flamigo|Close Combat|p2b: Torkoal
|-damage|p2b: Torkoal|54/100
|-unboost|p1b: Flamigo|def|1
|-unboost|p1b: Flamigo|spd|1
|move|p1a: Incineroar|Knock Off|p2a: Ursaluna
|-activate|p2a: Ursaluna|move: Protect
|move|p2b: Torkoal|Eruption|p1a: Incineroar|[spread] p1a,p1b
|-resisted|p1a: Incineroar
|-damage|p1a: Incineroar|9/100
|-enditem|p1b: Flamigo|Focus Sash
|-damage|p1b: Flamigo|1/100
|
|-weather|SunnyDay|[upkeep]
|-status|p2a: Ursaluna|brn|[from] item: Flame Orb
|upkeep
|turn|4
|inactive|KChiefs7 has 30 seconds left.
|inactive|PlayzNSlayz has 30 seconds left.
|inactive|KChiefs7 has 20 seconds left.
|inactive|PlayzNSlayz has 20 seconds left.
|
|t:|1756824470
|-terastallize|p2a: Ursaluna|Ghost
|move|p1b: Flamigo|Detect|p1b: Flamigo
|-singleturn|p1b: Flamigo|Protect
|move|p1a: Incineroar|Flare Blitz|p2a: Ursaluna
|-damage|p2a: Ursaluna|44/100 brn
|-damage|p1a: Incineroar|0 fnt|[from] Recoil
|faint|p1a: Incineroar
|move|p2a: Ursaluna|Earthquake|p1b: Flamigo|[spread] p2b
|-activate|p1b: Flamigo|move: Protect
|-supereffective|p2b: Torkoal
|-damage|p2b: Torkoal|0 fnt
|faint|p2b: Torkoal
|
|-weather|SunnyDay|[upkeep]
|-damage|p2a: Ursaluna|38/100 brn|[from] brn
|upkeep
|
|t:|1756824485
|switch|p1a: Ursaluna|Ursaluna, L50, F|100/100
|switch|p2b: Lilligant|Lilligant-Hisui, L50, F|100/100
|turn|5
|
|t:|1756824507
|-terastallize|p1a: Ursaluna|Ghost
|move|p1b: Flamigo|Wide Guard|p1b: Flamigo
|-singleturn|p1b: Flamigo|Wide Guard
|move|p2b: Lilligant|Solar Blade||[still]
|-prepare|p2b: Lilligant|Solar Blade
|-anim|p2b: Lilligant|Solar Blade|p1a: Ursaluna
|-damage|p1a: Ursaluna|51/100
|move|p1a: Ursaluna|Earthquake|p2a: Ursaluna|[spread] p2a,p2b
|-activate|p1b: Flamigo|move: Wide Guard
|-resisted|p2b: Lilligant
|-damage|p2a: Ursaluna|4/100 brn
|-damage|p2b: Lilligant|63/100
|move|p2a: Ursaluna|Facade|p1b: Flamigo
|-damage|p1b: Flamigo|0 fnt
|faint|p1b: Flamigo
|
|-weather|none
|-damage|p2a: Ursaluna|0 fnt|[from] brn
|faint|p2a: Ursaluna
|-fieldend|move: Psychic Terrain
|-status|p1a: Ursaluna|brn|[from] item: Flame Orb
|upkeep
|turn|6
|inactive|KChiefs7 has 30 seconds left.
|inactive|PlayzNSlayz has 30 seconds left.
|
|t:|1756824541
|move|p2b: Lilligant|Solar Blade||[still]
|-prepare|p2b: Lilligant|Solar Blade
|move|p1a: Ursaluna|Facade|p2b: Lilligant
|-damage|p2b: Lilligant|0 fnt
|faint|p2b: Lilligant
|
|win|KChiefs7
|raw|KChiefs7's rating: 1041 → 1071(+30 for winning)
|raw|PlayzNSlayz's rating: 1000 → 1000(+0 for losing)
|l|☆KChiefs7
|player|p1|
|l|☆PlayzNSlayz
|player|p2|
|j|☆KChiefs7
|player|p1|KChiefs7|swimmer-gen4|
