|j|☆testdigi
|j|☆breloomb01
|html|testdigibreloomb01    
|uhtml|bestof|Game 1 of a best-of-3
|t:|1784916193
|gametype|doubles
|player|p1|testdigi|101|1130
|player|p2|breloomb01|roughneck|1233
|gen|9
|tier|[Gen 9 Champions] VGC 2026 Reg M-B (Bo3)
|rated|
|rule|Species Clause: Limit one of each Pokémon
|rule|Item Clause: Limit 1 of each item
|clearpoke
|poke|p1|Raichu, L50, M|
|poke|p1|Sinistcha, L50|
|poke|p1|Corviknight, L50, F|
|poke|p1|Sylveon, L50, F|
|poke|p1|Garchomp, L50, M|
|poke|p1|Tyranitar, L50, F|
|poke|p2|Froslass, L50, F|
|poke|p2|Sneasler, L50, F|
|poke|p2|Kingambit, L50, F|
|poke|p2|Basculegion, L50, M|
|poke|p2|Lycanroc-Dusk, L50, F|
|poke|p2|Scovillain, L50, F|
|teampreview|4
|showteam|p1|Raichu||RaichuniteY|LightningRod|ZapCannon,FocusBlast,FakeOut,Protect|Timid||M|||50|]Sinistcha||KasibBerry|Hospitality|MatchaGotcha,LifeDew,RagePowder,Protect|Modest|||||50|]Corviknight||OccaBerry|MirrorArmor|IronHead,BraveBird,Tailwind,Protect|Adamant||F|||50|]Sylveon||FairyFeather|Pixilate|HyperVoice,QuickAttack,Yawn,Detect|Modest||F|||50|]Garchomp||LifeOrb|RoughSkin|DragonClaw,StompingTantrum,RockSlide,Protect|Adamant||M|||50|]Tyranitar||FocusSash|SandStream|RockSlide,KnockOff,Superpower,Protect|Adamant||F|||50|
|showteam|p2|Froslass||Froslassite|SnowCloak|Blizzard,Protect,ShadowBall,AuroraVeil|Timid||F|||50|]Sneasler||WhiteHerb|Unburden|CloseCombat,FakeOut,DireClaw,Protect|Jolly||F|||50|]Kingambit||BlackGlasses|Defiant|SuckerPunch,KowtowCleave,Protect,IronHead|Adamant||F|||50|]Basculegion||ChoiceScarf|Adaptability|LastRespects,AquaJet,WaveCrash,Protect|Jolly||M|||50|]Lycanroc-Dusk||FocusSash|ToughClaws|Accelerock,Protect,RockSlide,CloseCombat|Adamant||F|||50|]Scovillain||Scovillainite|Chlorophyll|RagePowder,Protect,Overheat,LeechSeed|Calm||F|||50|
|
|t:|1784916264
|teamsize|p1|4
|teamsize|p2|4
|start
|switch|p1a: Corviknight|Corviknight, L50, F|100/100
|switch|p1b: Raichu|Raichu, L50, M|100/100
|switch|p2a: Sneasler|Sneasler, L50, F|100/100
|switch|p2b: Kingambit|Kingambit, L50, F|100/100
|turn|1
|inactive|Battle timer is ON: inactive players will automatically lose when time's up. (requested by testdigi)
|
|t:|1784916284
|detailschange|p1b: Raichu|Raichu-Mega-Y, L50, M
|-mega|p1b: Raichu|Raichu|Raichunite Y
|move|p1b: Raichu|Protect|p1b: Raichu
|-singleturn|p1b: Raichu|Protect
|move|p2a: Sneasler|Fake Out|p1b: Raichu
|-activate|p1b: Raichu|move: Protect
|move|p1a: Corviknight|Tailwind|p1a: Corviknight
|-sidestart|p1: testdigi|move: Tailwind
|move|p2b: Kingambit|Kowtow Cleave|p1a: Corviknight
|-damage|p1a: Corviknight|49/100
|
|upkeep
|turn|2
|
|t:|1784916300
|switch|p2b: Basculegion|Basculegion, L50, M|100/100
|move|p1b: Raichu|Focus Blast|p2b: Basculegion
|-immune|p2b: Basculegion
|move|p1a: Corviknight|Brave Bird|p2a: Sneasler
|-supereffective|p2a: Sneasler|1
|-damage|p2a: Sneasler|0 fnt
|faint|p2a: Sneasler
|-damage|p1a: Corviknight|22/100|[from] Recoil
|
|upkeep
|
|t:|1784916314
|switch|p2a: Froslass|Froslass, L50, F|100/100
|turn|3
|
|t:|1784916331
|move|p1b: Raichu|Protect|p1b: Raichu
|-singleturn|p1b: Raichu|Protect
|move|p2b: Basculegion|Aqua Jet|p1a: Corviknight
|-damage|p1a: Corviknight|0 fnt
|faint|p1a: Corviknight
|move|p2a: Froslass|Blizzard|p1b: Raichu
|-activate|p1b: Raichu|move: Protect
|
|upkeep
|
|t:|1784916337
|switch|p1a: Sylveon|Sylveon, L50, F|100/100
|turn|4
|
|t:|1784916351
|detailschange|p2a: Froslass|Froslass-Mega, L50, F
|-mega|p2a: Froslass|Froslass|Froslassite
|-weather|Snowscape|[from] ability: Snow Warning|[of] p2a: Froslass
|move|p2b: Basculegion|Aqua Jet|p1b: Raichu
|-damage|p1b: Raichu|60/100
|move|p1b: Raichu|Zap Cannon|p2b: Basculegion
|-supereffective|p2b: Basculegion|1
|-damage|p2b: Basculegion|0 fnt
|faint|p2b: Basculegion
|move|p1a: Sylveon|Yawn|p2a: Froslass
|-start|p2a: Froslass|move: Yawn|[of] p1a: Sylveon
|move|p2a: Froslass|Blizzard|p1a: Sylveon|[spread] p1a,p1b
|-damage|p1a: Sylveon|62/100
|-damage|p1b: Raichu|2/100
|
|-weather|Snowscape|[upkeep]
|-sideend|p1: testdigi|move: Tailwind
|upkeep
|
|t:|1784916356
|switch|p2b: Kingambit|Kingambit, L50, F|100/100
|turn|5
|
|t:|1784916363
|move|p1b: Raichu|Protect|p1b: Raichu
|-singleturn|p1b: Raichu|Protect
|move|p1a: Sylveon|Detect|p1a: Sylveon
|-singleturn|p1a: Sylveon|Protect
|move|p2a: Froslass|Blizzard|p1a: Sylveon|[spread] 
|-activate|p1a: Sylveon|move: Protect
|-activate|p1b: Raichu|move: Protect
|move|p2b: Kingambit|Iron Head|p1a: Sylveon
|-activate|p1a: Sylveon|move: Protect
|
|-weather|Snowscape|[upkeep]
|-end|p2a: Froslass|move: Yawn|[silent]
|-status|p2a: Froslass|slp
|upkeep
|turn|6
|inactive|testdigi has 30 seconds left.
|
|t:|1784916395
|move|p2b: Kingambit|Sucker Punch|p1b: Raichu
|-damage|p1b: Raichu|0 fnt
|faint|p1b: Raichu
|cant|p2a: Froslass|slp
|move|p1a: Sylveon|Yawn|p2b: Kingambit
|-start|p2b: Kingambit|move: Yawn|[of] p1a: Sylveon
|
|-weather|Snowscape|[upkeep]
|upkeep
|
|t:|1784916398
|switch|p1b: Tyranitar|Tyranitar, L50, F|100/100
|-weather|Sandstorm|[from] ability: Sand Stream|[of] p1b: Tyranitar
|turn|7
|
|t:|1784916415
|move|p1b: Tyranitar|Protect|p1b: Tyranitar
|-singleturn|p1b: Tyranitar|Protect
|move|p1a: Sylveon|Detect|p1a: Sylveon
|-singleturn|p1a: Sylveon|Protect
|-curestatus|p2a: Froslass|slp|[msg]
|move|p2a: Froslass|Blizzard|p1b: Tyranitar|[spread] 
|-activate|p1a: Sylveon|move: Protect
|-activate|p1b: Tyranitar|move: Protect
|move|p2b: Kingambit|Iron Head|p1b: Tyranitar
|-activate|p1b: Tyranitar|move: Protect
|
|-weather|Sandstorm|[upkeep]
|-damage|p2a: Froslass|93/100|[from] Sandstorm
|-damage|p1a: Sylveon|57/100|[from] Sandstorm
|-end|p2b: Kingambit|move: Yawn|[silent]
|-status|p2b: Kingambit|slp
|upkeep
|turn|8
|
|t:|1784916426
|move|p2a: Froslass|Blizzard|p1b: Tyranitar|[spread] p1a
|-miss|p2a: Froslass|p1b: Tyranitar
|-damage|p1a: Sylveon|24/100
|move|p1b: Tyranitar|Rock Slide|p2b: Kingambit|[spread] p2a,p2b
|-supereffective|p2a: Froslass|1
|-resisted|p2b: Kingambit|1
|-damage|p2a: Froslass|0 fnt
|-damage|p2b: Kingambit|88/100 slp
|faint|p2a: Froslass
|move|p1a: Sylveon|Hyper Voice|p2b: Kingambit
|-damage|p2b: Kingambit|35/100 slp
|cant|p2b: Kingambit|slp
|
|-weather|Sandstorm|[upkeep]
|-damage|p1a: Sylveon|19/100|[from] Sandstorm
|upkeep
|turn|9
|
|t:|1784916432
|move|p1b: Tyranitar|Superpower|p2b: Kingambit
|-supereffective|p2b: Kingambit|2
|-damage|p2b: Kingambit|0 fnt
|-unboost|p1b: Tyranitar|atk|1
|-unboost|p1b: Tyranitar|def|1
|faint|p2b: Kingambit
|
|win|testdigi
||testdigi is ready for game 2.
||breloomb01 is ready for game 2.
|uhtml|next|Next: Game 2 of 3
