|j|‽sluggopeej
|j|☆lettitripppp
|html|sluggopeejlettitripppp    
|uhtml|bestof|Game 1 of a best-of-3
|t:|1785190049
|gametype|doubles
|player|p1|sluggopeej|2|1162
|player|p2|lettitripppp|lucas|1262
|gen|9
|tier|[Gen 9 Champions] VGC 2026 Reg M-B (Bo3)
|rated|
|rule|Species Clause: Limit one of each Pokémon
|rule|Item Clause: Limit 1 of each item
|clearpoke
|poke|p1|Staraptor, L50, F|
|poke|p1|Metagross, L50|
|poke|p1|Farigiraf, L50, M|
|poke|p1|Whimsicott, L50, M|
|poke|p1|Garchomp, L50, F|
|poke|p1|Ceruledge, L50, F|
|poke|p2|Delphox, L50, M|
|poke|p2|Staraptor, L50, F|
|poke|p2|Garchomp, L50, M|
|poke|p2|Glimmora, L50, F|
|poke|p2|Kingambit, L50, F, shiny|
|poke|p2|Whimsicott, L50, F, shiny|
|teampreview|4
|showteam|p1|Staraptor||Staraptite|Intimidate|Protect,CloseCombat,BraveBird,Roost|Jolly||F|||50|]Metagross||Metagrossite|ClearBody|Protect,IronHead,PsychicFangs,StompingTantrum|Adamant|||||50|]Farigiraf||SitrusBerry|ArmorTail|HelpingHand,Psychic,Thunderbolt,TrickRoom|Calm||M|||50|]Whimsicott||FocusSash|Prankster|Moonblast,Tailwind,Charm,Encore|Timid||M|||50|]Garchomp||LifeOrb|RoughSkin|Protect,StompingTantrum,RockSlide,DragonClaw|Jolly||F|||50|]Ceruledge||ColburBerry|FlashFire|Protect,ShadowSneak,BulkUp,BitterBlade|Adamant||F|||50|
|showteam|p2|Delphox||Delphoxite|Blaze|HeatWave,Substitute,Psyshock,Protect|Timid||M|||50|]Staraptor||Staraptite|Intimidate|CloseCombat,BraveBird,Roost,Protect|Jolly||F|||50|]Garchomp||LifeOrb|RoughSkin|DragonClaw,Earthquake,RockSlide,Protect|Jolly||M|||50|]Glimmora||FocusSash|ToxicDebris|SludgeBomb,EarthPower,PowerGem,SpikyShield|Timid||F|||50|]Kingambit||ChopleBerry|Defiant|KowtowCleave,SuckerPunch,IronHead,LowKick|Adamant||F|||50|]Whimsicott||OccaBerry|Prankster|LightScreen,Moonblast,Tailwind,Charm|Timid||F|||50|
|inactive|Battle timer is ON: inactive players will automatically lose when time's up. (requested by lettitripppp)
|inactive|sluggopeej also wants the timer to be on.
|
|t:|1785190084
|teamsize|p1|4
|teamsize|p2|4
|start
|switch|p1a: Whimsicott|Whimsicott, L50, M|100/100
|switch|p1b: Garchomp|Garchomp, L50, F|100/100
|switch|p2a: NO GO AWAY|Glimmora, L50, F|100/100
|switch|p2b: LET IT GO|Whimsicott, L50, F, shiny|100/100
|turn|1
|
|t:|1785190108
|switch|p1b: Metagross|Metagross, L50|100/100
|move|p1a: Whimsicott|Tailwind|p1a: Whimsicott
|-sidestart|p1: sluggopeej|move: Tailwind
|move|p2b: LET IT GO|Tailwind|p2b: LET IT GO
|-sidestart|p2: lettitripppp|move: Tailwind
|move|p2a: NO GO AWAY|Sludge Bomb|p1a: Whimsicott
|-supereffective|p1a: Whimsicott|2
|-enditem|p1a: Whimsicott|Focus Sash
|-damage|p1a: Whimsicott|1/100
|
|upkeep
|turn|2
|
|t:|1785190127
|switch|p2b: MYSTIC SHOCK|Delphox, L50, M|100/100
|detailschange|p1b: Metagross|Metagross-Mega, L50
|-mega|p1b: Metagross|Metagross|Metagrossite
|move|p1a: Whimsicott|Encore||[still]
|-fail|p1a: Whimsicott
|move|p1b: Metagross|Iron Head|p2b: MYSTIC SHOCK
|-resisted|p2b: MYSTIC SHOCK|1
|-damage|p2b: MYSTIC SHOCK|50/100y
|move|p2a: NO GO AWAY|Earth Power|p1b: Metagross
|-supereffective|p1b: Metagross|1
|-damage|p1b: Metagross|29/100
|
|upkeep
|turn|3
|inactive|sluggopeej has 30 seconds left.
|
|t:|1785190158
|switch|p1a: Garchomp|Garchomp, L50, F|100/100
|switch|p2a: LET IT GO|Whimsicott, L50, F, shiny|100/100
|detailschange|p2b: MYSTIC SHOCK|Delphox-Mega, L50, M
|-mega|p2b: MYSTIC SHOCK|Delphox|Delphoxite
|move|p2b: MYSTIC SHOCK|Heat Wave|p1b: Metagross|[spread] p1b
|-miss|p2b: MYSTIC SHOCK|p1a: Garchomp
|-supereffective|p1b: Metagross|1
|-damage|p1b: Metagross|0 fnt
|faint|p1b: Metagross
|
|upkeep
|
|t:|1785190166
|switch|p1b: Whimsicott|Whimsicott, L50, M|1/100
|turn|4
|
|t:|1785190175
|switch|p1b: Ceruledge|Ceruledge, L50, F|100/100
|move|p2b: MYSTIC SHOCK|Heat Wave|p1a: Garchomp|[spread] p1a
|-start|p1b: Ceruledge|ability: Flash Fire
|-resisted|p1a: Garchomp|1
|-damage|p1a: Garchomp|77/100
|move|p2a: LET IT GO|Moonblast|p1a: Garchomp
|-supereffective|p1a: Garchomp|1
|-damage|p1a: Garchomp|16/100
|-unboost|p1a: Garchomp|spa|1
|move|p1a: Garchomp|Rock Slide|p2a: LET IT GO|[spread] p2b
|-miss|p1a: Garchomp|p2a: LET IT GO
|-supereffective|p2b: MYSTIC SHOCK|1
|-damage|p2b: MYSTIC SHOCK|0 fnt
|faint|p2b: MYSTIC SHOCK
|-damage|p1a: Garchomp|6/100|[from] item: Life Orb
|
|-sideend|p1: sluggopeej|move: Tailwind
|-sideend|p2: lettitripppp|move: Tailwind
|upkeep
|
|t:|1785190184
|switch|p2b: CRUSH SHARK|Garchomp, L50, M|100/100
|turn|5
|
|t:|1785190207
|move|p2a: LET IT GO|Tailwind|p2a: LET IT GO
|-sidestart|p2: lettitripppp|move: Tailwind
|move|p2b: CRUSH SHARK|Earthquake|p1b: Ceruledge|[spread] p2a,p1a,p1b
|-resisted|p2a: LET IT GO|1
|-supereffective|p1b: Ceruledge|1
|-damage|p2a: LET IT GO|71/100
|-damage|p1a: Garchomp|0 fnt
|-damage|p1b: Ceruledge|0 fnt
|faint|p1a: Garchomp
|faint|p1b: Ceruledge
|-damage|p2b: CRUSH SHARK|90/100|[from] item: Life Orb
|
|upkeep
|-message|sluggopeej forfeited.
|
|win|lettitripppp
|l|‽sluggopeej
|player|p1|
||sluggopeej is ready for game 2.
