|j|☆wade connects
|j|☆bassoonski
|html|wade connectsbassoonski    
|uhtml|bestof|Game 1 of a best-of-3
|t:|1785643528
|gametype|doubles
|player|p1|wade connects|101|1235
|player|p2|bassoonski|biker|1127
|gen|9
|tier|[Gen 9 Champions] VGC 2026 Reg M-B (Bo3)
|rated|
|rule|Species Clause: Limit one of each Pokémon
|rule|Item Clause: Limit 1 of each item
|clearpoke
|poke|p1|Gholdengo, L50|
|poke|p1|Clefable, L50, F|
|poke|p1|Blaziken, L50, F, shiny|
|poke|p1|Sceptile, L50, F|
|poke|p1|Gyarados, L50, M, shiny|
|poke|p1|Aerodactyl, L50, F|
|poke|p2|Staraptor, L50, F|
|poke|p2|Whimsicott, L50, F|
|poke|p2|Garchomp, L50, M|
|poke|p2|Basculegion, L50, M|
|poke|p2|Incineroar, L50, F|
|poke|p2|Kingambit, L50, F|
|teampreview|4
|showteam|p1|Gholdengo||MetalCoat|GoodasGold|Protect,NastyPlot,ShadowBall,MakeItRain|Modest|||||50|]Clefable||Leftovers|Unaware|Protect,FollowMe,LifeDew,Moonblast|Bold||F|||50|]Blaziken||LifeOrb|SpeedBoost|Detect,CloseCombat,FlareBlitz,RockSlide|Adamant||F|||50|]Sceptile||Sceptilite|Overgrow|Detect,EnergyBall,DragonPulse,EarthPower|Timid||F|||50|]Gyarados||Gyaradosite|Intimidate|Protect,DragonDance,Waterfall,Crunch|Adamant||M|||50|]Aerodactyl||FocusSash|Unnerve|Protect,Tailwind,DualWingbeat,RockSlide|Jolly||F|||50|
|showteam|p2|Staraptor||Staraptite|Intimidate|CloseCombat,BraveBird,BlazeKick,Protect|Jolly||F|||50|]Whimsicott||FocusSash|Prankster|Moonblast,Tailwind,Charm,Encore|Modest||F|||50|]Garchomp||LifeOrb|RoughSkin|DragonClaw,StompingTantrum,RockSlide,Protect|Jolly||M|||50|]Basculegion||ChoiceScarf|Adaptability|WaveCrash,LastRespects,FlipTurn,IcyWind|Jolly||M|||50|]Incineroar||SitrusBerry|Intimidate|FlareBlitz,FakeOut,Taunt,PartingShot|Careful||F|||50|]Kingambit||ChopleBerry|Defiant|KowtowCleave,IronHead,SuckerPunch,Protect|Adamant||F|||50|
|inactive|Battle timer is ON: inactive players will automatically lose when time's up. (requested by wade connects)
|
|t:|1785643588
|teamsize|p1|4
|teamsize|p2|4
|start
|switch|p1a: Aerodactyl|Aerodactyl, L50, F|100/100
|switch|p1b: Clefable|Clefable, L50, F|100/100
|switch|p2a: Kingambit|Kingambit, L50, F|100/100
|switch|p2b: Basculegion|Basculegion, L50, M|100/100
|-ability|p1a: Aerodactyl|Unnerve
|turn|1
|
|t:|1785643603
|move|p1b: Clefable|Protect|p1b: Clefable
|-singleturn|p1b: Clefable|Protect
|move|p2b: Basculegion|Wave Crash|p1a: Aerodactyl
|-supereffective|p1a: Aerodactyl|1
|-enditem|p1a: Aerodactyl|Focus Sash
|-damage|p1a: Aerodactyl|1/100
|-damage|p2b: Basculegion|73/100|[from] Recoil
|move|p1a: Aerodactyl|Tailwind|p1a: Aerodactyl
|-sidestart|p1: wade connects|move: Tailwind
|move|p2a: Kingambit|Iron Head|p1b: Clefable
|-activate|p1b: Clefable|move: Protect
|
|upkeep
|turn|2
|
|t:|1785643626
|move|p1a: Aerodactyl|Dual Wingbeat|p2b: Basculegion
|-damage|p2b: Basculegion|51/100
|-damage|p2b: Basculegion|29/100
|-hitcount|p2b: Basculegion|2
|move|p2b: Basculegion|Wave Crash|p1a: Aerodactyl
|-supereffective|p1a: Aerodactyl|1
|-damage|p1a: Aerodactyl|0 fnt
|faint|p1a: Aerodactyl
|-damage|p2b: Basculegion|29/100|[from] Recoil
|move|p1b: Clefable|Moonblast|p2b: Basculegion
|-damage|p2b: Basculegion|0 fnt
|faint|p2b: Basculegion
|move|p2a: Kingambit|Iron Head|p1b: Clefable
|-supereffective|p1b: Clefable|1
|-damage|p1b: Clefable|24/100
|
|-heal|p1b: Clefable|30/100|[from] item: Leftovers
|upkeep
|
|t:|1785643651
|switch|p1a: Blaziken|Blaziken, L50, F, shiny|100/100
|switch|p2b: Staraptor|Staraptor, L50, F|100/100
|-ability|p2b: Staraptor|Intimidate|boost
|-unboost|p1a: Blaziken|atk|1
|-unboost|p1b: Clefable|atk|1
|turn|3
|
|t:|1785643669
|detailschange|p2b: Staraptor|Staraptor-Mega, L50, F
|-mega|p2b: Staraptor|Staraptor|Staraptite
|move|p2a: Kingambit|Protect|p2a: Kingambit
|-singleturn|p2a: Kingambit|Protect
|move|p1a: Blaziken|Close Combat|p2a: Kingambit
|-activate|p2a: Kingambit|move: Protect
|move|p2b: Staraptor|Brave Bird|p1a: Blaziken
|-supereffective|p1a: Blaziken|1
|-damage|p1a: Blaziken|0 fnt
|faint|p1a: Blaziken
|-damage|p2b: Staraptor|67/100|[from] Recoil
|move|p1b: Clefable|Moonblast|p2b: Staraptor
|-supereffective|p2b: Staraptor|1
|-damage|p2b: Staraptor|0 fnt
|faint|p2b: Staraptor
|
|-heal|p1b: Clefable|36/100|[from] item: Leftovers
|upkeep
|
|t:|1785643689
|switch|p2b: Garchomp|Garchomp, L50, M|100/100
|switch|p1a: Sceptile|Sceptile, L50, F|100/100
|turn|4
|
|t:|1785643712
|detailschange|p1a: Sceptile|Sceptile-Mega, L50, F
|-mega|p1a: Sceptile|Sceptile|Sceptilite
|move|p2b: Garchomp|Protect|p2b: Garchomp
|-singleturn|p2b: Garchomp|Protect
|move|p1b: Clefable|Protect|p1b: Clefable
|-singleturn|p1b: Clefable|Protect
|move|p1a: Sceptile|Dragon Pulse|p2b: Garchomp
|-activate|p2b: Garchomp|move: Protect
|move|p2a: Kingambit|Iron Head|p1b: Clefable
|-activate|p1b: Clefable|move: Protect
|
|-heal|p1b: Clefable|42/100|[from] item: Leftovers
|-sideend|p1: wade connects|move: Tailwind
|upkeep
|turn|5
|
|t:|1785643730
|move|p1a: Sceptile|Dragon Pulse|p2b: Garchomp
|-supereffective|p2b: Garchomp|1
|-damage|p2b: Garchomp|0 fnt
|faint|p2b: Garchomp
|move|p1b: Clefable|Moonblast|p2a: Kingambit
|-damage|p2a: Kingambit|69/100
|move|p2a: Kingambit|Iron Head|p1b: Clefable
|-supereffective|p1b: Clefable|1
|-damage|p1b: Clefable|0 fnt
|faint|p1b: Clefable
|
|upkeep
|turn|6
|
|t:|1785643747
|move|p1a: Sceptile|Earth Power|p2a: Kingambit
|-supereffective|p2a: Kingambit|1
|-damage|p2a: Kingambit|7/100
|-unboost|p2a: Kingambit|spd|1
|-ability|p2a: Kingambit|Defiant|boost
|-boost|p2a: Kingambit|atk|2
|move|p2a: Kingambit|Kowtow Cleave|p1a: Sceptile
|-damage|p1a: Sceptile|0 fnt
|faint|p1a: Sceptile
|
|win|bassoonski
||bassoonski is ready for game 2.
|inactive|wade connects has 30 seconds to confirm battle start!
||wade connects is ready for game 2.
|uhtml|next|Next: Game 2 of 3
|l|☆bassoonski
|player|p2|
