|j|‽Juaner95
|j|☆venusaur amore mio
|html|Juaner95venusaur amore mio    
|uhtml|bestof|Game 1 of a best-of-3
|t:|1783352806
|gametype|doubles
|player|p1|Juaner95|may-masters4|1099
|player|p2|venusaur amore mio|pilot|1069
|gen|9
|tier|[Gen 9 Champions] VGC 2026 Reg M-B (Bo3)
|rated|
|rule|Species Clause: Limit one of each Pokémon
|rule|Item Clause: Limit 1 of each item
|clearpoke
|poke|p1|Scovillain, L50, M|
|poke|p1|Basculegion, L50, M, shiny|
|poke|p1|Sylveon, L50, F, shiny|
|poke|p1|Garchomp, L50, M|
|poke|p1|Aerodactyl, L50, M|
|poke|p1|Kingambit, L50, M|
|poke|p2|Pyroar, L50, F|
|poke|p2|Ninetales, L50, F|
|poke|p2|Leafeon, L50, F|
|poke|p2|Sableye, L50, F|
|poke|p2|Aerodactyl, L50, M|
|poke|p2|Milotic, L50, M|
|teampreview|4
|showteam|p1|Scovillain||Scovillainite|Moody|Overheat,LeechSeed,RagePowder,Protect|Calm||M|||50|]Basculegion||ChoiceScarf|Adaptability|WaveCrash,LastRespects,FlipTurn,AquaJet|Jolly||M|||50|]Sylveon||FairyFeather|Pixilate|HyperVoice,HyperBeam,QuickAttack,Detect|Modest||F|||50|]Garchomp||SitrusBerry|RoughSkin|Earthquake,DragonClaw,PoisonJab,Protect|Adamant||M|||50|]Aerodactyl||Aerodactylite|Unnerve|RockSlide,DualWingbeat,Tailwind,Protect|Jolly||M|||50|]Kingambit||FocusSash|Defiant|KowtowCleave,IronHead,LowKick,SuckerPunch|Adamant||M|||50|
|showteam|p2|Pyroar||Pyroarite|Unnerve|HeatWave,Protect,HyperVoice,Flamethrower|Modest||F|||50|]Ninetales||MentalHerb|Drought|MysticalFire,Protect,HelpingHand,WillOWisp|Serious||F|||50|]Leafeon||LifeOrb|Chlorophyll|SolarBlade,Protect,KnockOff,LeafBlade|Adamant||F|||50|]Sableye||RoseliBerry|Prankster|LightScreen,Reflect,Swagger,SunnyDay|Calm||F|||50|]Aerodactyl||FocusSash|Unnerve|Tailwind,DualWingbeat,RockSlide,Protect|Adamant||M|||50|]Milotic||Leftovers|Competitive|Scald,Protect,LifeDew,IcyWind|Serious||M|||50|
|inactive|Battle timer is ON: inactive players will automatically lose when time's up. (requested by venusaur amore mio)
|inactive|Juaner95 has 60 seconds left.
|inactive|Juaner95 has 30 seconds left.
|inactive|Juaner95 has 20 seconds left.
|inactive|Juaner95 has 15 seconds left.
|inactive|Juaner95 has 10 seconds left.
|inactive|Juaner95 has 5 seconds left.
|
|t:|1783353005
|teamsize|p1|4
|teamsize|p2|4
|start
|switch|p1a: Scovillain|Scovillain, L50, M|100/100
|switch|p1b: Basculegion|Basculegion, L50, M, shiny|100/100
|switch|p2a: Leafeon|Leafeon, L50, F|100/100
|switch|p2b: Milotic|Milotic, L50, M|100/100
|turn|1
|inactive|Juaner95 has 30 seconds left.
|
|t:|1783353038
|move|p1a: Scovillain|Protect|p1a: Scovillain
|-singleturn|p1a: Scovillain|Protect
|move|p1b: Basculegion|Flip Turn|p2a: Leafeon
|-resisted|p2a: Leafeon|1
|-damage|p2a: Leafeon|83/100
|
|t:|1783353052
|switch|p1b: Sylveon|Sylveon, L50, F, shiny|100/100|[from] Flip Turn
|move|p2a: Leafeon|Leaf Blade|p1b: Sylveon
|-damage|p1b: Sylveon|38/100
|-damage|p2a: Leafeon|73/100|[from] item: Life Orb
|move|p2b: Milotic|Scald|p1a: Scovillain
|-activate|p1a: Scovillain|move: Protect
|
|-ability|p1a: Scovillain|Moody|boost
|-boost|p1a: Scovillain|spe|2
|-unboost|p1a: Scovillain|def|1
|upkeep
|turn|2
|
|t:|1783353071
|detailschange|p1a: Scovillain|Scovillain-Mega, L50, M
|-mega|p1a: Scovillain|Scovillain|Scovillainite
|move|p1a: Scovillain|Rage Powder|p1a: Scovillain
|-singleturn|p1a: Scovillain|move: Rage Powder
|move|p2a: Leafeon|Leaf Blade|p1b: Sylveon
|-damage|p1b: Sylveon|0 fnt
|faint|p1b: Sylveon
|-damage|p2a: Leafeon|63/100|[from] item: Life Orb
|move|p2b: Milotic|Scald|p1a: Scovillain
|-damage|p1a: Scovillain|68/100
|-status|p2b: Milotic|brn|[from] ability: Spicy Spray|[of] p1a: Scovillain
|
|-damage|p2b: Milotic|94/100 brn|[from] brn
|upkeep
|
|t:|1783353078
|switch|p1b: Basculegion|Basculegion, L50, M, shiny|100/100
|turn|3
|
|t:|1783353088
|switch|p2b: Pyroar|Pyroar, L50, F|100/100
|-ability|p2b: Pyroar|Unnerve
|move|p1b: Basculegion|Flip Turn|p2b: Pyroar
|-supereffective|p2b: Pyroar|1
|-damage|p2b: Pyroar|0 fnt
|faint|p2b: Pyroar
|
|t:|1783353096
|switch|p1b: Garchomp|Garchomp, L50, M|100/100|[from] Flip Turn
|move|p1a: Scovillain|Overheat|p2a: Leafeon
|-supereffective|p2a: Leafeon|1
|-damage|p2a: Leafeon|0 fnt
|-unboost|p1a: Scovillain|spa|2
|faint|p2a: Leafeon
|
|upkeep
|
|t:|1783353105
|switch|p2b: Sableye|Sableye, L50, F|100/100
|switch|p2a: Milotic|Milotic, L50, M|94/100 brn
|turn|4
|
|t:|1783353120
|move|p1a: Scovillain|Protect|p1a: Scovillain
|-singleturn|p1a: Scovillain|Protect
|move|p1b: Garchomp|Protect|p1b: Garchomp
|-singleturn|p1b: Garchomp|Protect
|move|p2b: Sableye|Reflect|p2b: Sableye
|-sidestart|p2: venusaur amore mio|Reflect
|move|p2a: Milotic|Icy Wind|p1b: Garchomp|[spread] 
|-activate|p1a: Scovillain|move: Protect
|-activate|p1b: Garchomp|move: Protect
|
|-heal|p2a: Milotic|100/100 brn|[from] item: Leftovers
|-damage|p2a: Milotic|94/100 brn|[from] brn
|upkeep
|turn|5
|inactive|Juaner95 has 30 seconds left.
|
|t:|1783353151
|move|p1a: Scovillain|Rage Powder|p1a: Scovillain
|-singleturn|p1a: Scovillain|move: Rage Powder
|move|p2b: Sableye|Light Screen|p2b: Sableye
|-sidestart|p2: venusaur amore mio|move: Light Screen
|move|p1b: Garchomp|Dragon Claw|p2b: Sableye
|-damage|p2b: Sableye|63/100
|move|p2a: Milotic|Icy Wind|p1a: Scovillain|[spread] p1a,p1b
|-supereffective|p1b: Garchomp|2
|-damage|p1a: Scovillain|56/100
|-damage|p1b: Garchomp|55/100
|-unboost|p1a: Scovillain|spe|1
|-unboost|p1b: Garchomp|spe|1
|
|-heal|p2a: Milotic|100/100 brn|[from] item: Leftovers
|-damage|p2a: Milotic|94/100 brn|[from] brn
|upkeep
|turn|6
|
|t:|1783353172
|move|p1b: Garchomp|Protect|p1b: Garchomp
|-singleturn|p1b: Garchomp|Protect
|move|p2b: Sableye|Swagger|p1a: Scovillain
|-boost|p1a: Scovillain|atk|2
|-start|p1a: Scovillain|confusion
|-activate|p1a: Scovillain|confusion
|move|p1a: Scovillain|Leech Seed|p2a: Milotic
|-start|p2a: Milotic|move: Leech Seed
|move|p2a: Milotic|Icy Wind|p1a: Scovillain|[spread] p1a
|-activate|p1b: Garchomp|move: Protect
|-damage|p1a: Scovillain|44/100
|-unboost|p1a: Scovillain|spe|1
|
|-heal|p2a: Milotic|100/100 brn|[from] item: Leftovers
|-damage|p2a: Milotic|87/100 brn|[from] Leech Seed|[of] p1a: Scovillain
|-heal|p1a: Scovillain|56/100|[silent]
|-damage|p2a: Milotic|81/100 brn|[from] brn
|upkeep
|turn|7
|
|t:|1783353194
|-activate|p1a: Scovillain|confusion
|-damage|p1a: Scovillain|24/100|[from] confusion
|move|p2b: Sableye|Swagger|p1a: Scovillain
|-boost|p1a: Scovillain|atk|2
|move|p2a: Milotic|Scald|p1a: Scovillain
|-damage|p1a: Scovillain|0 fnt
|faint|p1a: Scovillain
|move|p1b: Garchomp|Earthquake|p2a: Milotic|[spread] p2a,p2b
|-damage|p2a: Milotic|53/100 brn
|-damage|p2b: Sableye|28/100
|
|-heal|p2a: Milotic|59/100 brn|[from] item: Leftovers
|-damage|p2a: Milotic|53/100 brn|[from] brn
|upkeep
|
|t:|1783353206
|switch|p1a: Basculegion|Basculegion, L50, M, shiny|100/100
|turn|8
|
|t:|1783353218
|move|p1b: Garchomp|Protect|p1b: Garchomp
|-singleturn|p1b: Garchomp|Protect
|move|p2b: Sableye|Reflect||[still]
|-fail|p2b: Sableye
|move|p1a: Basculegion|Last Respects|p2b: Sableye
|-damage|p2b: Sableye|0 fnt
|faint|p2b: Sableye
|move|p2a: Milotic|Icy Wind|p1b: Garchomp|[spread] 
|-activate|p1b: Garchomp|move: Protect
|-miss|p2a: Milotic|p1a: Basculegion
|
|-heal|p2a: Milotic|59/100 brn|[from] item: Leftovers
|-damage|p2a: Milotic|47/100 brn|[from] Leech Seed|[of] p1a: Basculegion
|-damage|p2a: Milotic|41/100 brn|[from] brn
|-sideend|p2: venusaur amore mio|Reflect
|upkeep
|turn|9
|-message|venusaur amore mio forfeited.
|
|win|Juaner95
|l|☆venusaur amore mio
|player|p2|
||venusaur amore mio is ready for game 2.
