|j|☆AndrewsWho
|j|☆SongokuVG Fr
|html|AndrewsWhoSongokuVG Fr    
|uhtml|bestof|Game 2 of a best-of-3
|t:|1755773821
|gametype|doubles
|player|p1|AndrewsWho|infielder|1215
|player|p2|SongokuVG Fr|lucian|1166
|gen|9
|tier|[Gen 9] VGC 2025 Reg H (Bo3)
|rated|
|rule|Species Clause: Limit one of each Pokémon
|rule|Item Clause: Limit 1 of each item
|clearpoke
|poke|p1|Sneasler, L50, M|
|poke|p1|Indeedee, L50, M|
|poke|p1|Talonflame, L50, M|
|poke|p1|Ursaluna-Bloodmoon, L50, M|
|poke|p1|Electabuzz, L50, M|
|poke|p1|Baxcalibur, L50, M|
|poke|p2|Ursaluna, L50, F|
|poke|p2|Tauros-Paldea-Aqua, L50, M|
|poke|p2|Vivillon, L50, F|
|poke|p2|Gholdengo, L50|
|poke|p2|Incineroar, L50, F|
|poke|p2|Porygon2, L50|
|teampreview|4
|showteam|p1|Sneasler||PsychicSeed|Unburden|DireClaw,CloseCombat,Protect,ThroatChop|||M|||50|,,,,,Dark]Indeedee||FocusSash|PsychicSurge|HelpingHand,Protect,ExpandingForce,TrickRoom|||M|||50|,,,,,Psychic]Talonflame||CovertCloak|GaleWings|FlareBlitz,Tailwind,DualWingbeat,WillOWisp|||M|||50|,,,,,Stellar]Ursaluna-Bloodmoon||LifeOrb|MindsEye|BloodMoon,HyperVoice,EarthPower,Protect|||M|||50|,,,,,Normal]Electabuzz||Eviolite|VitalSpirit|Electroweb,Taunt,FollowMe,Protect|||M|||50|,,,,,Ghost]Baxcalibur||LoadedDice|ThermalExchange|ScaleShot,IcicleSpear,IceShard,Protect|||M|||50|,,,,,Poison
|showteam|p2|Ursaluna||FlameOrb|Guts|Earthquake,Facade,HeadlongRush,Protect|||F|||50|,,,,,Ghost]Tauros-Paldea-Aqua||MirrorHerb|Intimidate|CloseCombat,WaveCrash,Protect,AquaJet|||M|||50|,,,,,Water]Vivillon||FocusSash|CompoundEyes|Tailwind,Hurricane,Protect,SleepPowder|||F|||50|,,,,,Ghost]Gholdengo||MetalCoat|GoodasGold|MakeItRain,ShadowBall,NastyPlot,Protect||||||50|,,,,,Dragon]Incineroar||SafetyGoggles|Intimidate|FakeOut,FlareBlitz,KnockOff,PartingShot|||F|||50|,,,,,Ghost]Porygon2||Eviolite|Download|TeraBlast,TrickRoom,Recover,IceBeam||||||50|,,,,,Flying
|inactive|Battle timer is ON: inactive players will automatically lose when time's up. (requested by SongokuVG Fr)
|inactive|AndrewsWho has 60 seconds left.
|
|t:|1755773865
|teamsize|p1|4
|teamsize|p2|4
|start
|switch|p1a: Electabuzz|Electabuzz, L50, M|100/100
|switch|p1b: Talonflame|Talonflame, L50, M|100/100
|switch|p2a: Vivillon|Vivillon, L50, F|100/100
|switch|p2b: Porygon2|Porygon2, L50|100/100
|-ability|p2b: Porygon2|Download|boost
|-boost|p2b: Porygon2|spa|1
|turn|1
|
|t:|1755773889
|move|p1b: Talonflame|Dual Wingbeat|p2a: Vivillon
|-supereffective|p2a: Vivillon
|-damage|p2a: Vivillon|41/100
|-supereffective|p2a: Vivillon
|-damage|p2a: Vivillon|0 fnt
|faint|p2a: Vivillon
|-hitcount|p2: Vivillon|2
|move|p1a: Electabuzz|Electroweb|p2b: Porygon2
|-damage|p2b: Porygon2|90/100
|-unboost|p2b: Porygon2|spe|1
|move|p2b: Porygon2|Trick Room|p2b: Porygon2
|-fieldstart|move: Trick Room|[of] p2b: Porygon2
|
|upkeep
|
|t:|1755773894
|switch|p2a: Ursaluna|Ursaluna, L50, F|100/100
|turn|2
|
|t:|1755773910
|move|p2b: Porygon2|Ice Beam|p1b: Talonflame
|-damage|p1b: Talonflame|50/100
|move|p2a: Ursaluna|Facade|p1b: Talonflame
|-damage|p1b: Talonflame|0 fnt
|faint|p1b: Talonflame
|move|p1a: Electabuzz|Taunt|p2b: Porygon2
|-start|p2b: Porygon2|move: Taunt
|
|-status|p2a: Ursaluna|brn|[from] item: Flame Orb
|upkeep
|
|t:|1755773917
|switch|p1b: Indeedee|Indeedee, L50, M|100/100
|-fieldstart|move: Psychic Terrain|[from] ability: Psychic Surge|[of] p1b: Indeedee
|turn|3
|
|t:|1755773924
|-terastallize|p2b: Porygon2|Flying
|-terastallize|p1a: Electabuzz|Ghost
|move|p1a: Electabuzz|Follow Me|p1a: Electabuzz
|-singleturn|p1a: Electabuzz|move: Follow Me
|move|p2b: Porygon2|Tera Blast|p1a: Electabuzz|[anim] Tera Blast Flying
|-damage|p1a: Electabuzz|69/100
|move|p2a: Ursaluna|Earthquake|p1b: Indeedee|[spread] p1a,p1b
|-immune|p2b: Porygon2
|-damage|p1a: Electabuzz|16/100
|-enditem|p1b: Indeedee|Focus Sash
|-damage|p1b: Indeedee|1/100
|move|p1b: Indeedee|Expanding Force|p2a: Ursaluna|[spread] p2a,p2b
|-damage|p2a: Ursaluna|49/100 brn
|-damage|p2b: Porygon2|57/100
|
|-damage|p2a: Ursaluna|43/100 brn|[from] brn
|upkeep
|turn|4
|
|t:|1755773942
|move|p1a: Electabuzz|Protect|p1a: Electabuzz
|-singleturn|p1a: Electabuzz|Protect
|move|p2b: Porygon2|Tera Blast|p1b: Indeedee|[anim] Tera Blast Flying
|-damage|p1b: Indeedee|0 fnt
|faint|p1b: Indeedee
|move|p2a: Ursaluna|Earthquake|p1a: Electabuzz|[spread] 
|-activate|p1a: Electabuzz|move: Protect
|-immune|p2b: Porygon2
|
|-damage|p2a: Ursaluna|37/100 brn|[from] brn
|upkeep
|
|t:|1755773944
|switch|p1b: Ursaluna|Ursaluna-Bloodmoon, L50, M|100/100
|turn|5
|
|t:|1755773953
|move|p1b: Ursaluna|Protect|p1b: Ursaluna
|-singleturn|p1b: Ursaluna|Protect
|move|p1a: Electabuzz|Protect||[still]
|-fail|p1a: Electabuzz
|move|p2b: Porygon2|Ice Beam|p1b: Ursaluna
|-activate|p1b: Ursaluna|move: Protect
|move|p2a: Ursaluna|Earthquake|p1a: Electabuzz|[spread] p1a
|-activate|p1b: Ursaluna|move: Protect
|-immune|p2b: Porygon2
|-damage|p1a: Electabuzz|0 fnt
|faint|p1a: Electabuzz
|
|-damage|p2a: Ursaluna|31/100 brn|[from] brn
|-end|p2b: Porygon2|move: Taunt
|-fieldend|move: Trick Room
|upkeep
|turn|6
|
|t:|1755773960
|move|p1b: Ursaluna|Hyper Voice|p2a: Ursaluna|[spread] p2a,p2b
|-damage|p2a: Ursaluna|0 fnt
|-damage|p2b: Porygon2|30/100
|faint|p2a: Ursaluna
|-damage|p1b: Ursaluna|91/100|[from] item: Life Orb
|move|p2b: Porygon2|Recover|p2b: Porygon2
|-heal|p2b: Porygon2|80/100
|
|upkeep
|
|t:|1755773967
|switch|p2a: Incineroar|Incineroar, L50, F|100/100
|-ability|p2a: Incineroar|Intimidate|boost
|-unboost|p1b: Ursaluna|atk|1
|turn|7
|
|t:|1755773971
|move|p1b: Ursaluna|Earth Power|p2a: Incineroar
|-supereffective|p2a: Incineroar
|-damage|p2a: Incineroar|0 fnt
|faint|p2a: Incineroar
|-damage|p1b: Ursaluna|81/100|[from] item: Life Orb
|move|p2b: Porygon2|Ice Beam|p1b: Ursaluna
|-supereffective|p1b: Ursaluna
|-crit|p1b: Ursaluna
|-damage|p1b: Ursaluna|0 fnt
|faint|p1b: Ursaluna
|
|win|SongokuVG Fr
|raw|AndrewsWho's rating: 1215 → 1186(-29 for losing)
|raw|SongokuVG Fr's rating: 1166 → 1195(+29 for winning)
