|j|☆Gentlefish
|j|☆shalewell
|html|Gentlefishshalewell    
|uhtml|bestof|Game 2 of a best-of-3
|t:|1756673227
|gametype|doubles
|player|p1|Gentlefish|burglar-gen1rb|1110
|player|p2|shalewell|102|1040
|gen|9
|tier|[Gen 9] VGC 2025 Reg H (Bo3)
|rated|
|rule|Species Clause: Limit one of each Pokémon
|rule|Item Clause: Limit 1 of each item
|clearpoke
|poke|p1|Garchomp, L50, F|
|poke|p1|Weezing-Galar, L50, F|
|poke|p1|Archaludon, L50, F|
|poke|p1|Gholdengo, L50|
|poke|p1|Talonflame, L50, M|
|poke|p1|Annihilape, L50, M|
|poke|p2|Ursaluna, L50, M|
|poke|p2|Talonflame, L50, F|
|poke|p2|Rillaboom, L50, M|
|poke|p2|Farigiraf, L50, F|
|teampreview|4
|showteam|p1|Garchomp||LifeOrb|RoughSkin|DragonClaw,Earthquake,StompingTantrum,Protect|||F|||50|,,,,,Ground]Weezing-Galar||FocusSash|NeutralizingGas|Protect,SludgeBomb,Taunt,StrangeSteam|||F|||50|,,,,,Flying]Archaludon||PowerHerb|Sturdy|ElectroShot,Thunderbolt,DracoMeteor,Protect|||F|||50|,,,,,Electric]Gholdengo||ChoiceSpecs|GoodasGold|ShadowBall,DazzlingGleam,PowerGem,MakeItRain||||||50|,,,,,Fairy]Talonflame||CovertCloak|GaleWings|Tailwind,DualWingbeat,Taunt,FlareBlitz|||M|||50|,,,,,Stellar]Annihilape||AssaultVest|Defiant|CloseCombat,RageFist,FinalGambit,IcePunch|||M|||50|,,,,,Grass
|showteam|p2|Ursaluna||FlameOrb|Guts|Facade,HeadlongRush,Protect,DrainPunch|||M|||50|,,,,,Grass]Talonflame||SitrusBerry|GaleWings|Acrobatics,WillOWisp,Protect,Tailwind|||F|||50|,,,,,Ghost]Rillaboom||AssaultVest|GrassySurge|WoodHammer,HighHorsepower,GrassyGlide,FakeOut|||M|||50|,,,,,Fire]Farigiraf||GrassySeed|ArmorTail|FoulPlay,AllySwitch,Protect,TrickRoom|||F|||50|,,,,,Dark
|inactive|Battle timer is ON: inactive players will automatically lose when time's up. (requested by shalewell)
|inactive|Gentlefish has 60 seconds left.
|
|t:|1756673264
|teamsize|p1|4
|teamsize|p2|4
|start
|switch|p1a: Talonflame|Talonflame, L50, M|100/100
|switch|p1b: Garchomp|Garchomp, L50, F|100/100
|switch|p2a: Talonflame|Talonflame, L50, F, shiny|100/100
|switch|p2b: Farigiraf|Farigiraf, L50, F, shiny|100/100
|turn|1
|inactive|Gentlefish has 30 seconds left.
|inactive|shalewell has 30 seconds left.
|inactive|shalewell has 20 seconds left.
|inactive|shalewell has 15 seconds left.
|inactive|shalewell has 10 seconds left.
|
|t:|1756673313
|move|p1b: Garchomp|Protect|p1b: Garchomp
|-singleturn|p1b: Garchomp|Protect
|move|p2a: Talonflame|Will-O-Wisp|p1b: Garchomp
|-activate|p1b: Garchomp|move: Protect
|move|p1a: Talonflame|Taunt|p2a: Talonflame
|-start|p2a: Talonflame|move: Taunt
|move|p2b: Farigiraf|Foul Play|p1a: Talonflame
|-damage|p1a: Talonflame|65/100
|
|upkeep
|turn|2
|
|t:|1756673337
|switch|p2a: Rillaboom|Rillaboom, L50, M|100/100
|-fieldstart|move: Grassy Terrain|[from] ability: Grassy Surge|[of] p2a: Rillaboom
|-enditem|p2b: Farigiraf|Grassy Seed
|-boost|p2b: Farigiraf|def|1|[from] item: Grassy Seed
|-terastallize|p1b: Garchomp|Ground
|move|p1a: Talonflame|Tailwind|p1a: Talonflame
|-sidestart|p1: Gentlefish|move: Tailwind
|move|p1b: Garchomp|Earthquake|p2b: Farigiraf|[spread] p2a,p2b
|-immune|p1a: Talonflame
|-resisted|p2a: Rillaboom
|-damage|p2a: Rillaboom|83/100
|-damage|p2b: Farigiraf|74/100
|-damage|p1b: Garchomp|91/100|[from] item: Life Orb
|move|p2b: Farigiraf|Trick Room|p2b: Farigiraf
|-fieldstart|move: Trick Room|[of] p2b: Farigiraf
|
|-heal|p2b: Farigiraf|80/100|[from] Grassy Terrain
|-heal|p2a: Rillaboom|89/100|[from] Grassy Terrain
|-heal|p1b: Garchomp|97/100|[from] Grassy Terrain
|upkeep
|turn|3
|inactive|shalewell has 30 seconds left.
|inactive|shalewell has 20 seconds left.
|
|t:|1756673373
|switch|p1b: Gholdengo|Gholdengo, L50|100/100
|move|p2b: Farigiraf|Foul Play|p1b: Gholdengo
|-supereffective|p1b: Gholdengo
|-damage|p1b: Gholdengo|76/100
|move|p2a: Rillaboom|Wood Hammer|p1a: Talonflame
|-resisted|p1a: Talonflame
|-damage|p1a: Talonflame|38/100
|-damage|p2a: Rillaboom|82/100|[from] Recoil
|move|p1a: Talonflame|Flare Blitz|p2a: Rillaboom
|-supereffective|p2a: Rillaboom
|-damage|p2a: Rillaboom|0 fnt
|faint|p2a: Rillaboom
|-damage|p1a: Talonflame|1/100|[from] Recoil
|
|-heal|p2b: Farigiraf|86/100|[from] Grassy Terrain
|-heal|p1b: Gholdengo|82/100|[from] Grassy Terrain
|upkeep
|
|t:|1756673390
|switch|p2a: Ursaluna|Ursaluna, L50, M|100/100
|turn|4
|
|t:|1756673412
|switch|p1a: Annihilape|Annihilape, L50, M|100/100
|move|p2a: Ursaluna|Headlong Rush|p1b: Gholdengo
|-supereffective|p1b: Gholdengo
|-crit|p1b: Gholdengo
|-damage|p1b: Gholdengo|0 fnt
|-unboost|p2a: Ursaluna|def|1
|-unboost|p2a: Ursaluna|spd|1
|faint|p1b: Gholdengo
|move|p2b: Farigiraf|Foul Play|p1a: Annihilape
|-damage|p1a: Annihilape|69/100
|
|-heal|p2b: Farigiraf|92/100|[from] Grassy Terrain
|-heal|p1a: Annihilape|75/100|[from] Grassy Terrain
|-status|p2a: Ursaluna|brn|[from] item: Flame Orb
|upkeep
|
|t:|1756673421
|switch|p1b: Garchomp|Garchomp, L50, F, tera:Ground|97/100
|turn|5
|inactive|shalewell has 30 seconds left.
|
|t:|1756673447
|move|p2b: Farigiraf|Ally Switch|p2b: Farigiraf
|swap|p2b: Farigiraf|0|[from] move: Ally Switch
|move|p2b: Ursaluna|Headlong Rush|p1a: Annihilape
|-damage|p1a: Annihilape|0 fnt
|-unboost|p2b: Ursaluna|def|1
|-unboost|p2b: Ursaluna|spd|1
|faint|p1a: Annihilape
|move|p1b: Garchomp|Stomping Tantrum|p2b: Ursaluna
|-damage|p2b: Ursaluna|0 fnt
|faint|p2b: Ursaluna
|-damage|p1b: Garchomp|87/100|[from] item: Life Orb
|
|-heal|p2a: Farigiraf|99/100|[from] Grassy Terrain
|-heal|p1b: Garchomp|93/100|[from] Grassy Terrain
|-sideend|p1: Gentlefish|move: Tailwind
|upkeep
|
|t:|1756673459
|switch|p2b: Talonflame|Talonflame, L50, F, shiny|100/100
|switch|p1a: Talonflame|Talonflame, L50, M|1/100
|turn|6
|inactive|Gentlefish has 30 seconds left.
|
|t:|1756673490
|move|p2a: Farigiraf|Foul Play|p1a: Talonflame
|-damage|p1a: Talonflame|0 fnt
|faint|p1a: Talonflame
|move|p1b: Garchomp|Dragon Claw|p2b: Talonflame
|-damage|p2b: Talonflame|24/100
|-enditem|p2b: Talonflame|Sitrus Berry|[eat]
|-heal|p2b: Talonflame|49/100|[from] item: Sitrus Berry
|-damage|p1b: Garchomp|83/100|[from] item: Life Orb
|move|p2b: Talonflame|Will-O-Wisp|p1b: Garchomp
|-status|p1b: Garchomp|brn
|
|-heal|p2a: Farigiraf|100/100|[from] Grassy Terrain
|-heal|p1b: Garchomp|89/100 brn|[from] Grassy Terrain
|-damage|p1b: Garchomp|83/100 brn|[from] brn
|-fieldend|move: Trick Room
|-fieldend|move: Grassy Terrain
|upkeep
|turn|7
|inactive|Gentlefish has 30 seconds left.
|
|t:|1756673519
|move|p2b: Talonflame|Acrobatics|p1b: Garchomp
|-damage|p1b: Garchomp|39/100 brn
|-damage|p2b: Talonflame|36/100|[from] ability: Rough Skin|[of] p1b: Garchomp
|move|p1b: Garchomp|Dragon Claw|p2b: Talonflame
|-damage|p2b: Talonflame|0 fnt
|faint|p2b: Talonflame
|-damage|p1b: Garchomp|29/100 brn|[from] item: Life Orb
|move|p2a: Farigiraf|Foul Play|p1b: Garchomp
|-damage|p1b: Garchomp|0 fnt
|-damage|p2a: Farigiraf|88/100|[from] ability: Rough Skin|[of] p1b: Garchomp
|faint|p1b: Garchomp
|
|win|shalewell
||Gentlefish is ready for game 3.
|inactive|shalewell has 30 seconds to confirm battle start!
||shalewell is ready for game 3.
|uhtml|next|Next: Game 3 of 3
