|j|☆aqawa
|j|☆Thinking Charizard
|html|aqawaThinking Charizard    
|uhtml|bestof|Game 1 of a best-of-3
|t:|1784318237
|gametype|doubles
|player|p1|aqawa|101|1183
|player|p2|Thinking Charizard|colress|1133
|gen|9
|tier|[Gen 9 Champions] VGC 2026 Reg M-B (Bo3)
|rated|
|rule|Species Clause: Limit one of each Pokémon
|rule|Item Clause: Limit 1 of each item
|clearpoke
|poke|p1|Talonflame, L50, F|
|poke|p1|Maushold-Four, L50|
|poke|p1|Kommo-o, L50, F|
|poke|p1|Annihilape, L50, F|
|poke|p1|Raichu, L50, M|
|poke|p1|Milotic, L50, F|
|poke|p2|Mawile, L50, F|
|poke|p2|Pelipper, L50, M|
|poke|p2|Farigiraf, L50, F|
|poke|p2|Sinistcha, L50|
|poke|p2|Basculegion, L50, M|
|poke|p2|Hydreigon, L50, M|
|teampreview|4
|showteam|p1|Talonflame||SharpBeak|GaleWings|DualWingbeat,Tailwind,FlareBlitz,Protect|Jolly||F|||50|]Maushold-Four||ChopleBerry|FriendGuard|SuperFang,FollowMe,Protect,Feint|Jolly|||||50|]Kommo-o||LifeOrb|Soundproof|Protect,DracoMeteor,ClangingScales,AuraSphere|Modest||F|||50|]Annihilape||FocusSash|Defiant|Protect,CloseCombat,PhantomForce,Taunt|Jolly||F|||50|]Raichu||RaichuniteY|LightningRod|ZapCannon,FocusBlast,Protect,FakeOut|Timid||M|||50|]Milotic||Leftovers|Competitive|MuddyWater,Coil,Protect,Hypnosis|Calm||F|||50|
|showteam|p2|Mawile||Mawilite|Intimidate|PlayRough,RockSlide,SuckerPunch,Protect|Adamant||F|||50|]Pelipper||FocusSash|Drizzle|Tailwind,WideGuard,WeatherBall,Hurricane|Modest||M|||50|]Farigiraf||SitrusBerry|ArmorTail|TrickRoom,Thunderbolt,TwinBeam,Protect|Calm||F|||50|]Sinistcha||KasibBerry|Hospitality|RagePowder,MatchaGotcha,TrickRoom,LifeDew|Calm|||||50|]Basculegion||LifeOrb|Adaptability|LastRespects,AquaJet,Liquidation,Protect|Adamant||M|||50|]Hydreigon||ChoiceScarf|Levitate|DracoMeteor,DarkPulse,EarthPower,Snarl|Modest||M|||50|
|inactive|Battle timer is ON: inactive players will automatically lose when time's up. (requested by aqawa)
|inactive|Thinking Charizard has 60 seconds left.
|
|t:|1784318296
|teamsize|p1|4
|teamsize|p2|4
|start
|switch|p1a: Kommo-o|Kommo-o, L50, F|100/100
|switch|p1b: Milotic|Milotic, L50, F|100/100
|switch|p2a: Farigiraf|Farigiraf, L50, F|100/100
|switch|p2b: Mawile|Mawile, L50, F|100/100
|-ability|p2b: Mawile|Intimidate|boost
|-unboost|p1a: Kommo-o|atk|1
|-unboost|p1b: Milotic|atk|1
|-ability|p1b: Milotic|Competitive|boost
|-boost|p1b: Milotic|spa|2
|turn|1
|
|t:|1784318312
|detailschange|p2b: Mawile|Mawile-Mega, L50, F
|-mega|p2b: Mawile|Mawile|Mawilite
|move|p1a: Kommo-o|Draco Meteor|p2a: Farigiraf
|-damage|p2a: Farigiraf|34/100
|-unboost|p1a: Kommo-o|spa|2
|-enditem|p2a: Farigiraf|Sitrus Berry|[eat]
|-heal|p2a: Farigiraf|59/100|[from] item: Sitrus Berry
|-damage|p1a: Kommo-o|90/100|[from] item: Life Orb
|move|p1b: Milotic|Coil|p1b: Milotic
|-boost|p1b: Milotic|atk|1
|-boost|p1b: Milotic|def|1
|-boost|p1b: Milotic|accuracy|1
|move|p2b: Mawile|Play Rough|p1a: Kommo-o
|-supereffective|p1a: Kommo-o|2
|-damage|p1a: Kommo-o|0 fnt
|faint|p1a: Kommo-o
|move|p2a: Farigiraf|Trick Room|p2a: Farigiraf
|-fieldstart|move: Trick Room|[of] p2a: Farigiraf
|
|upkeep
|
|t:|1784318328
|switch|p1a: Annihilape|Annihilape, L50, F|100/100
|turn|2
|
|t:|1784318344
|move|p2b: Mawile|Play Rough|p1b: Milotic
|-damage|p1b: Milotic|46/100
|move|p2a: Farigiraf|Thunderbolt|p1b: Milotic
|-supereffective|p1b: Milotic|1
|-damage|p1b: Milotic|18/100
|move|p1b: Milotic|Muddy Water|p2b: Mawile|[spread] p2a,p2b
|-damage|p2a: Farigiraf|21/100
|-damage|p2b: Mawile|46/100
|move|p1a: Annihilape|Phantom Force||[still]
|-prepare|p1a: Annihilape|Phantom Force
|
|-heal|p1b: Milotic|24/100|[from] item: Leftovers
|upkeep
|turn|3
|inactive|Thinking Charizard has 30 seconds left.
|
|t:|1784318376
|switch|p2a: Sinistcha|Sinistcha, L50|100/100
|-heal|p2b: Mawile|71/100|[from] ability: Hospitality|[of] p2a: Sinistcha
|move|p1b: Milotic|Protect|p1b: Milotic
|-singleturn|p1b: Milotic|Protect
|move|p2b: Mawile|Play Rough|p1b: Milotic
|-activate|p1b: Milotic|move: Protect
|move|p1a: Annihilape|Phantom Force|p2b: Mawile|[from] lockedmove
|-damage|p2b: Mawile|32/100
|
|-heal|p1b: Milotic|30/100|[from] item: Leftovers
|upkeep
|turn|4
|
|t:|1784318400
|switch|p1a: Raichu|Raichu, L50, M|100/100
|move|p2b: Mawile|Play Rough|p1a: Raichu
|-crit|p1a: Raichu
|-damage|p1a: Raichu|0 fnt
|faint|p1a: Raichu
|move|p2a: Sinistcha|Matcha Gotcha|p1b: Milotic
|-supereffective|p1b: Milotic|1
|-damage|p1b: Milotic|0 fnt
|faint|p1b: Milotic
|
|upkeep
|
|t:|1784318411
|switch|p1a: Annihilape|Annihilape, L50, F|100/100
|turn|5
|
|t:|1784318416
|move|p2b: Mawile|Play Rough|p1a: Annihilape
|-supereffective|p1a: Annihilape|1
|-enditem|p1a: Annihilape|Focus Sash
|-damage|p1a: Annihilape|1/100
|move|p2a: Sinistcha|Life Dew||[still]|[spread] p2a,p2b
|-fail|p2a: Sinistcha|heal
|-heal|p2b: Mawile|57/100
|move|p1a: Annihilape|Phantom Force||[still]
|-prepare|p1a: Annihilape|Phantom Force
|
|-fieldend|move: Trick Room
|upkeep
|turn|6
|
|t:|1784318431
|move|p2a: Sinistcha|Rage Powder|p2a: Sinistcha
|-singleturn|p2a: Sinistcha|move: Rage Powder
|move|p1a: Annihilape|Phantom Force|p2a: Sinistcha|[from] lockedmove
|-supereffective|p2a: Sinistcha|1
|-crit|p2a: Sinistcha
|-enditem|p2a: Sinistcha|Kasib Berry|[eat]
|-enditem|p2a: Sinistcha|Kasib Berry|[weaken]
|-damage|p2a: Sinistcha|43/100
|move|p2b: Mawile|Play Rough|p1a: Annihilape
|-supereffective|p1a: Annihilape|1
|-damage|p1a: Annihilape|0 fnt
|faint|p1a: Annihilape
|
|win|Thinking Charizard
|c|☆Thinking Charizard|gg
||aqawa is ready for game 2.
|inactive|Thinking Charizard has 30 seconds to confirm battle start!
||Thinking Charizard is ready for game 2.
|uhtml|next|Next: Game 2 of 3
