|j|☆atahualpamaia
|j|☆zweeta
|html|atahualpamaiazweeta    
|uhtml|bestof|Game 1 of a best-of-3
|t:|1756657897
|gametype|doubles
|player|p1|atahualpamaia|lucas|1085
|player|p2|zweeta|pokekid|1173
|gen|9
|tier|[Gen 9] VGC 2025 Reg H (Bo3)
|rated|
|rule|Species Clause: Limit one of each Pokémon
|rule|Item Clause: Limit 1 of each item
|clearpoke
|poke|p1|Dragonite, L50, M|
|poke|p1|Sneasler, L50, M|
|poke|p1|Ursaluna-Bloodmoon, L50, M|
|poke|p1|Braviary, L50, M|
|poke|p1|Whimsicott, L50, M|
|poke|p1|Farigiraf, L50, F|
|poke|p2|Gholdengo, L50|
|poke|p2|Ursaluna, L50, F|
|poke|p2|Sinistcha, L50|
|poke|p2|Sneasler, L50, F|
|poke|p2|Dragonite, L50, M|
|poke|p2|Incineroar, L50, F|
|teampreview|4
|showteam|p1|Dragonite||LoadedDice|Multiscale|ScaleShot,ExtremeSpeed,StompingTantrum,Protect|||M|||50|,,,,,Steel]Sneasler||WhiteHerb|Unburden|CloseCombat,DireClaw,ThroatChop,Protect|||M|||50|,,,,,Ghost]Ursaluna-Bloodmoon||SitrusBerry|MindsEye|BloodMoon,EarthPower,HyperVoice,Protect|||M|||50|,,,,,Ghost]Braviary||LifeOrb|Defiant|BraveBird,CloseCombat,Tailwind,Protect|||M|||50|,,,,,Flying]Whimsicott||FocusSash|Prankster|DazzlingGleam,Endeavor,Tailwind,Protect|||M|||50|,,,,,Ghost]Farigiraf||ThroatSpray|ArmorTail|HyperVoice,HelpingHand,TrickRoom,Protect|||F|||50|,,,,,Water
|showteam|p2|Gholdengo||LifeOrb|GoodasGold|MakeItRain,ShadowBall,NastyPlot,Protect||||||50|,,,,,Water]Ursaluna||FlameOrb|Guts|Facade,HeadlongRush,Earthquake,Protect|||F|||50|,,,,,Ghost]Sinistcha||SitrusBerry|Hospitality|MatchaGotcha,LifeDew,RagePowder,TrickRoom||||||50|,,,,,Dark]Sneasler||FocusSash|PoisonTouch|DireClaw,CloseCombat,Coaching,Protect|||F|||50|,,,,,Flying]Dragonite||LoadedDice|Multiscale|ScaleShot,Haze,Tailwind,Protect|||M|||50|,,,,,Fairy]Incineroar||SafetyGoggles|Intimidate|FakeOut,FlareBlitz,KnockOff,PartingShot|||F|||50|,,,,,Ghost
|inactive|Battle timer is ON: inactive players will automatically lose when time's up. (requested by zweeta)
|inactive|atahualpamaia also wants the timer to be on.
|inactive|atahualpamaia has 60 seconds left.
|inactive|zweeta has 60 seconds left.
|inactive|zweeta has 30 seconds left.
|
|t:|1756657960
|teamsize|p1|4
|teamsize|p2|4
|start
|switch|p1a: Ursaluna|Ursaluna-Bloodmoon, L50, M|100/100
|switch|p1b: Farigiraf|Farigiraf, L50, F|100/100
|switch|p2a: Dragonite|Dragonite, L50, M, shiny|100/100
|switch|p2b: Sneasler|Sneasler, L50, F, shiny|100/100
|turn|1
|inactive|atahualpamaia has 30 seconds left.
|
|t:|1756657992
|-terastallize|p1a: Ursaluna|Ghost
|move|p2b: Sneasler|Close Combat|p1b: Farigiraf
|-damage|p1b: Farigiraf|42/100
|-unboost|p2b: Sneasler|def|1
|-unboost|p2b: Sneasler|spd|1
|move|p2a: Dragonite|Scale Shot|p1b: Farigiraf
|-damage|p1b: Farigiraf|29/100
|-damage|p1b: Farigiraf|15/100
|-damage|p1b: Farigiraf|2/100
|-damage|p1b: Farigiraf|0 fnt
|faint|p1b: Farigiraf
|-hitcount|p1: Farigiraf|4
|-unboost|p2a: Dragonite|def|1
|-boost|p2a: Dragonite|spe|1
|move|p1a: Ursaluna|Hyper Voice|p2b: Sneasler|[spread] p2a,p2b
|-damage|p2a: Dragonite|79/100
|-damage|p2b: Sneasler|12/100
|
|upkeep
|inactive|atahualpamaia has 30 seconds left.
|
|t:|1756658017
|switch|p1b: Sneasler|Sneasler, L50, M|100/100
|turn|2
|
|t:|1756658036
|move|p2a: Dragonite|Protect|p2a: Dragonite
|-singleturn|p2a: Dragonite|Protect
|move|p2b: Sneasler|Protect|p2b: Sneasler
|-singleturn|p2b: Sneasler|Protect
|move|p1b: Sneasler|Dire Claw|p2a: Dragonite
|-activate|p2a: Dragonite|move: Protect
|move|p1a: Ursaluna|Hyper Voice|p2a: Dragonite|[spread] 
|-activate|p2a: Dragonite|move: Protect
|-activate|p2b: Sneasler|move: Protect
|
|upkeep
|turn|3
|
|t:|1756658060
|move|p1a: Ursaluna|Protect|p1a: Ursaluna
|-singleturn|p1a: Ursaluna|Protect
|move|p2a: Dragonite|Tailwind|p2a: Dragonite
|-sidestart|p2: zweeta|move: Tailwind
|move|p2b: Sneasler|Dire Claw|p1a: Ursaluna
|-activate|p1a: Ursaluna|move: Protect
|move|p1b: Sneasler|Dire Claw|p2a: Dragonite
|-damage|p2a: Dragonite|5/100
|
|upkeep
|turn|4
|inactive|atahualpamaia has 30 seconds left.
|
|t:|1756658093
|move|p1b: Sneasler|Protect|p1b: Sneasler
|-singleturn|p1b: Sneasler|Protect
|move|p2a: Dragonite|Scale Shot|p1a: Ursaluna
|-damage|p1a: Ursaluna|87/100
|-damage|p1a: Ursaluna|76/100
|-damage|p1a: Ursaluna|64/100
|-damage|p1a: Ursaluna|52/100
|-hitcount|p1a: Ursaluna|4
|-unboost|p2a: Dragonite|def|1
|-boost|p2a: Dragonite|spe|1
|move|p2b: Sneasler|Coaching|p2a: Dragonite
|-boost|p2a: Dragonite|atk|1
|-boost|p2a: Dragonite|def|1
|move|p1a: Ursaluna|Hyper Voice|p2a: Dragonite|[spread] p2a,p2b
|-damage|p2a: Dragonite|0 fnt
|-damage|p2b: Sneasler|0 fnt
|faint|p2a: Dragonite
|faint|p2b: Sneasler
|
|upkeep
|
|t:|1756658101
|switch|p2b: Ursaluna|Ursaluna, L50, F, shiny|100/100
|switch|p2a: Gholdengo|Gholdengo, L50, shiny|100/100
|turn|5
|inactive|atahualpamaia has 30 seconds left.
|inactive|atahualpamaia has 20 seconds left.
|
|t:|1756658139
|switch|p1b: Dragonite|Dragonite, L50, M|100/100
|move|p2a: Gholdengo|Make It Rain|p1b: Dragonite|[spread] p1a,p1b
|-damage|p1a: Ursaluna|0 fnt
|-damage|p1b: Dragonite|71/100
|-unboost|p2a: Gholdengo|spa|1
|faint|p1a: Ursaluna
|-damage|p2a: Gholdengo|91/100|[from] item: Life Orb
|move|p2b: Ursaluna|Facade|p1b: Dragonite
|-damage|p1b: Dragonite|20/100
|
|-status|p2b: Ursaluna|brn|[from] item: Flame Orb
|upkeep
|
|t:|1756658152
|switch|p1a: Sneasler|Sneasler, L50, M|100/100
|turn|6
|
|t:|1756658162
|move|p1a: Sneasler|Protect|p1a: Sneasler
|-singleturn|p1a: Sneasler|Protect
|move|p1b: Dragonite|Protect|p1b: Dragonite
|-singleturn|p1b: Dragonite|Protect
|move|p2a: Gholdengo|Make It Rain|p1b: Dragonite|[spread] 
|-activate|p1a: Sneasler|move: Protect
|-activate|p1b: Dragonite|move: Protect
|move|p2b: Ursaluna|Facade|p1a: Sneasler
|-activate|p1a: Sneasler|move: Protect
|
|-damage|p2b: Ursaluna|94/100 brn|[from] brn
|-sideend|p2: zweeta|move: Tailwind
|upkeep
|turn|7
|
|t:|1756658184
|-terastallize|p2b: Ursaluna|Ghost
|move|p1a: Sneasler|Close Combat|p2b: Ursaluna
|-immune|p2b: Ursaluna
|move|p2a: Gholdengo|Make It Rain|p1a: Sneasler|[spread] p1a,p1b
|-damage|p1a: Sneasler|47/100
|-damage|p1b: Dragonite|0 fnt
|-unboost|p2a: Gholdengo|spa|1
|faint|p1b: Dragonite
|-damage|p2a: Gholdengo|82/100|[from] item: Life Orb
|move|p2b: Ursaluna|Facade|p1a: Sneasler
|-damage|p1a: Sneasler|0 fnt
|faint|p1a: Sneasler
|
|win|zweeta
|inactive|atahualpamaia has 30 seconds to confirm battle start!
|inactive|zweeta has 30 seconds to confirm battle start!
||zweeta is ready for game 2.
||atahualpamaia is ready for game 2.
|uhtml|next|Next: Game 2 of 3
|l|☆atahualpamaia
|player|p1|
