|j|☆spoolingus
|j|☆Jon Mateo
|html|spoolingusJon Mateo    
|uhtml|bestof|Game 1 of a best-of-3
|t:|1782236564
|gametype|doubles
|player|p1|spoolingus|102|1175
|player|p2|Jon Mateo|102|1232
|gen|9
|tier|[Gen 9 Champions] VGC 2026 Reg M-B (Bo3)
|rated|
|rule|Species Clause: Limit one of each Pokémon
|rule|Item Clause: Limit 1 of each item
|clearpoke
|poke|p1|Swampert, L50, F|
|poke|p1|Sinistcha, L50|
|poke|p1|Pelipper, L50, F|
|poke|p1|Archaludon, L50, M|
|poke|p1|Grimmsnarl, L50, M|
|poke|p1|Metagross, L50|
|poke|p2|Ninetales-Alola, L50, F|
|poke|p2|Milotic, L50, M|
|poke|p2|Snorlax, L50, F|
|poke|p2|Blaziken, L50, M|
|poke|p2|Aerodactyl, L50, F|
|poke|p2|Aegislash, L50, M|
|teampreview|4
|showteam|p1|Swampert||Swampertite|Torrent|WaveCrash,HighHorsepower,KnockOff,Protect|Adamant||F|||50|]Sinistcha||KasibBerry|Hospitality|MatchaGotcha,RagePowder,TrickRoom,LifeDew|Bold|||||50|]Pelipper||FocusSash|Drizzle|WeatherBall,Hurricane,Tailwind,Protect|Modest||F|||50|]Archaludon||Leftovers|Stamina|ElectroShot,DragonPulse,FlashCannon,Protect|Calm||M|||50|]Grimmsnarl||LightClay|Prankster|FoulPlay,Reflect,LightScreen,PartingShot|Calm||M|||50|]Metagross||Metagrossite|ClearBody|PsychicFangs,IronHead,BodyPress,Protect|Jolly|||||50|
|showteam|p2|Ninetales-Alola||ChoiceScarf|SnowWarning|Blizzard,FreezeDry,Psyshock,Moonblast|Modest||F|||50|]Milotic||Leftovers|Competitive|Scald,Blizzard,Protect,Recover|Bold||M|||50|]Snorlax||SitrusBerry|ThickFat|Curse,BodySlam,Yawn,HighHorsepower|Impish||F|||50|]Blaziken||FocusSash|SpeedBoost|Protect,CloseCombat,BlazeKick,Coaching|Adamant||M|||50|]Aerodactyl||Aerodactylite|Unnerve|DualWingbeat,RockSlide,Protect,Tailwind|Jolly||F|||50|]Aegislash||SpellTag|StanceChange|ShadowSneak,Poltergeist,IronHead,KingsShield|Adamant||M|||50|
|inactive|Battle timer is ON: inactive players will automatically lose when time's up. (requested by spoolingus)
|
|t:|1782236637
|teamsize|p1|4
|teamsize|p2|4
|start
|switch|p1a: Metagross|Metagross, L50|100/100
|switch|p1b: Grimmsnarl|Grimmsnarl, L50, M|100/100
|switch|p2a: Aegislash|Aegislash, L50, M|100/100
|switch|p2b: Ninetales|Ninetales-Alola, L50, F|100/100
|-weather|Snowscape|[from] ability: Snow Warning|[of] p2b: Ninetales
|turn|1
|inactive|spoolingus has 30 seconds left.
|
|t:|1782236670
|switch|p2b: Milotic|Milotic, L50, M|100/100
|detailschange|p1a: Metagross|Metagross-Mega, L50
|-mega|p1a: Metagross|Metagross|Metagrossite
|move|p1a: Metagross|Protect|p1a: Metagross
|-singleturn|p1a: Metagross|Protect
|move|p1b: Grimmsnarl|Reflect|p1b: Grimmsnarl
|-sidestart|p1: spoolingus|Reflect
|-formechange|p2a: Aegislash|Aegislash-Blade|
|move|p2a: Aegislash|Poltergeist|p1a: Metagross
|-activate|p1a: Metagross|move: Protect
|
|-weather|Snowscape|[upkeep]
|upkeep
|turn|2
|
|t:|1782236683
|switch|p1a: Archaludon|Archaludon, L50, M|100/100
|switch|p2a: Blaziken|Blaziken, L50, M|100/100
|move|p2b: Milotic|Scald|p1a: Archaludon
|-resisted|p1a: Archaludon|1
|-damage|p1a: Archaludon|83/100
|-ability|p1a: Archaludon|Stamina|boost
|-boost|p1a: Archaludon|def|1
|move|p1b: Grimmsnarl|Foul Play|p2a: Blaziken
|-resisted|p2a: Blaziken|1
|-damage|p2a: Blaziken|58/100
|
|-weather|Snowscape|[upkeep]
|-heal|p1a: Archaludon|89/100|[from] item: Leftovers
|upkeep
|turn|3
|
|t:|1782236703
|move|p1b: Grimmsnarl|Parting Shot|p2a: Blaziken
|-unboost|p2a: Blaziken|atk|1
|-unboost|p2a: Blaziken|spa|1
|
|t:|1782236705
|switch|p1b: Pelipper|Pelipper, L50, F|100/100|[from] Parting Shot
|-weather|RainDance|[from] ability: Drizzle|[of] p1b: Pelipper
|move|p2a: Blaziken|Close Combat|p1a: Archaludon
|-supereffective|p1a: Archaludon|1
|-damage|p1a: Archaludon|58/100
|-unboost|p2a: Blaziken|def|1
|-unboost|p2a: Blaziken|spd|1
|-ability|p1a: Archaludon|Stamina|boost
|-boost|p1a: Archaludon|def|1
|move|p1a: Archaludon|Electro Shot||[still]
|-prepare|p1a: Archaludon|Electro Shot
|-boost|p1a: Archaludon|spa|1
|-anim|p1a: Archaludon|Electro Shot|p2b: Milotic
|-supereffective|p2b: Milotic|1
|-damage|p2b: Milotic|18/100
|move|p2b: Milotic|Blizzard|p1b: Pelipper|[spread] p1a,p1b
|-damage|p1a: Archaludon|36/100
|-damage|p1b: Pelipper|55/100
|-ability|p1a: Archaludon|Stamina|boost
|-boost|p1a: Archaludon|def|1
|
|-weather|RainDance|[upkeep]
|-heal|p1a: Archaludon|42/100|[from] item: Leftovers
|-heal|p2b: Milotic|24/100|[from] item: Leftovers
|-ability|p2a: Blaziken|Speed Boost|boost
|-boost|p2a: Blaziken|spe|1
|upkeep
|turn|4
|
|t:|1782236730
|move|p2a: Blaziken|Close Combat|p1a: Archaludon
|-supereffective|p1a: Archaludon|1
|-damage|p1a: Archaludon|26/100
|-unboost|p2a: Blaziken|def|1
|-unboost|p2a: Blaziken|spd|1
|-ability|p1a: Archaludon|Stamina|boost
|-boost|p1a: Archaludon|def|1
|move|p1a: Archaludon|Electro Shot||[still]
|-prepare|p1a: Archaludon|Electro Shot
|-boost|p1a: Archaludon|spa|1
|-anim|p1a: Archaludon|Electro Shot|p2a: Blaziken
|-damage|p2a: Blaziken|0 fnt
|faint|p2a: Blaziken
|move|p1b: Pelipper|Tailwind|p1b: Pelipper
|-sidestart|p1: spoolingus|move: Tailwind
|move|p2b: Milotic|Scald|p1a: Archaludon
|-resisted|p1a: Archaludon|1
|-damage|p1a: Archaludon|1/100
|-status|p1a: Archaludon|brn
|-ability|p1a: Archaludon|Stamina|boost
|-boost|p1a: Archaludon|def|1
|
|-weather|RainDance|[upkeep]
|-heal|p1a: Archaludon|6/100 brn|[from] item: Leftovers
|-heal|p2b: Milotic|30/100|[from] item: Leftovers
|-damage|p1a: Archaludon|1/100 brn|[from] brn
|upkeep
|
|t:|1782236737
|switch|p2a: Aegislash|Aegislash, L50, M|100/100
|turn|5
|
|t:|1782236750
|-formechange|p2a: Aegislash|Aegislash-Blade|
|move|p2a: Aegislash|Shadow Sneak|p1a: Archaludon
|-damage|p1a: Archaludon|0 fnt
|faint|p1a: Archaludon
|move|p1b: Pelipper|Weather Ball|p2a: Aegislash
|-damage|p2a: Aegislash|0 fnt
|faint|p2a: Aegislash
|move|p2b: Milotic|Recover|p2b: Milotic
|-heal|p2b: Milotic|80/100
|
|-weather|RainDance|[upkeep]
|-heal|p2b: Milotic|86/100|[from] item: Leftovers
|upkeep
|
|t:|1782236763
|switch|p1a: Metagross|Metagross-Mega, L50|100/100
|switch|p2a: Ninetales|Ninetales-Alola, L50, F|100/100
|-weather|Snowscape|[from] ability: Snow Warning|[of] p2a: Ninetales
|turn|6
|
|t:|1782236786
|switch|p1b: Grimmsnarl|Grimmsnarl, L50, M|100/100
|move|p1a: Metagross|Iron Head|p2a: Ninetales
|-supereffective|p2a: Ninetales|2
|-damage|p2a: Ninetales|0 fnt
|faint|p2a: Ninetales
|move|p2b: Milotic|Scald|p1a: Metagross
|-damage|p1a: Metagross|62/100
|
|-weather|Snowscape|[upkeep]
|-heal|p2b: Milotic|93/100|[from] item: Leftovers
|upkeep
|turn|7
|inactive|Jon Mateo has 30 seconds left.
|inactive|Jon Mateo has 20 seconds left.
|inactive|Jon Mateo has 15 seconds left.
|inactive|Jon Mateo has 10 seconds left.
|
|t:|1782236834
|move|p1b: Grimmsnarl|Light Screen|p1b: Grimmsnarl
|-sidestart|p1: spoolingus|move: Light Screen
|move|p1a: Metagross|Psychic Fangs|p2b: Milotic
|-damage|p2b: Milotic|38/100
|move|p2b: Milotic|Scald|p1a: Metagross
|-damage|p1a: Metagross|39/100
|
|-weather|Snowscape|[upkeep]
|-heal|p2b: Milotic|44/100|[from] item: Leftovers
|-sideend|p1: spoolingus|move: Tailwind
|upkeep
|turn|8
|
|t:|1782236848
|move|p2b: Milotic|Protect|p2b: Milotic
|-singleturn|p2b: Milotic|Protect
|move|p1a: Metagross|Psychic Fangs|p2b: Milotic
|-activate|p2b: Milotic|move: Protect
|move|p1b: Grimmsnarl|Foul Play|p2b: Milotic
|-activate|p2b: Milotic|move: Protect
|
|-weather|Snowscape|[upkeep]
|-heal|p2b: Milotic|50/100g|[from] item: Leftovers
|-sideend|p1: spoolingus|Reflect
|upkeep
|turn|9
|
|t:|1782236860
|move|p1a: Metagross|Psychic Fangs|p2b: Milotic
|-damage|p2b: Milotic|0 fnt
|faint|p2b: Milotic
|
|win|spoolingus
||spoolingus is ready for game 2.
||Jon Mateo is ready for game 2.
|uhtml|next|Next: Game 2 of 3
