|j|☆jwithers93
|j|☆HenriqueZVGC
|html|jwithers93HenriqueZVGC    
|uhtml|bestof|Game 1 of a best-of-3
|t:|1784743327
|gametype|doubles
|player|p1|jwithers93|marshal|1269
|player|p2|HenriqueZVGC|steven|1169
|gen|9
|tier|[Gen 9 Champions] VGC 2026 Reg M-B (Bo3)
|rated|
|rule|Species Clause: Limit one of each Pokémon
|rule|Item Clause: Limit 1 of each item
|clearpoke
|poke|p1|Scovillain, L50, M|
|poke|p1|Rotom-Wash, L50|
|poke|p1|Whimsicott, L50, F|
|poke|p1|Floette-Eternal, L50, F|
|poke|p1|Garchomp, L50, M|
|poke|p1|Kingambit, L50, M|
|poke|p2|Tyranitar, L50, F|
|poke|p2|Excadrill, L50, M|
|poke|p2|Milotic, L50, M|
|poke|p2|Sinistcha, L50|
|poke|p2|Staraptor, L50, M|
|poke|p2|Gholdengo, L50|
|teampreview|4
|showteam|p1|Scovillain||Scovillainite|Chlorophyll|Overheat,LeechSeed,RagePowder,Protect|Bold||M|||50|]Rotom-Wash||ChoiceScarf|Levitate|Electroweb,VoltSwitch,Thunderbolt,HydroPump|Timid|||||50|]Whimsicott||FocusSash|Prankster|Tailwind,Encore,Protect,EnergyBall|Timid||F|||50|]Floette-Eternal||Floettite|FlowerVeil|DazzlingGleam,Moonblast,LightofRuin,Protect|Modest||F|||50|]Garchomp||LifeOrb|RoughSkin|Earthquake,RockSlide,DragonClaw,Protect|Jolly||M|||50|]Kingambit||ChopleBerry|Defiant|SuckerPunch,KowtowCleave,IronHead,Protect|Adamant||M|||50|
|showteam|p2|Tyranitar||Tyranitarite|SandStream|KnockOff,RockSlide,HighHorsepower,Protect|Jolly||F|||50|]Excadrill||FocusSash|SandRush|HighHorsepower,IronHead,RockSlide,Protect|Adamant||M|||50|]Milotic||SitrusBerry|Competitive|Scald,IcyWind,Haze,Protect|Calm||M|||50|]Sinistcha||ColburBerry|Hospitality|MatchaGotcha,ShadowBall,Protect,RagePowder|Bold|||||50|]Staraptor||Staraptite|Intimidate|CloseCombat,BraveBird,Tailwind,Protect|Jolly||M|||50|]Gholdengo||LifeOrb|GoodasGold|MakeItRain,ShadowBall,NastyPlot,Protect|Modest|||||50|
|inactive|Battle timer is ON: inactive players will automatically lose when time's up. (requested by HenriqueZVGC)
|inactive|jwithers93 has 60 seconds left.
|inactive|HenriqueZVGC has 60 seconds left.
|
|t:|1784743380
|teamsize|p1|4
|teamsize|p2|4
|start
|switch|p1a: Whimsicott|Whimsicott, L50, F|100/100
|switch|p1b: Rotom|Rotom-Wash, L50|100/100
|switch|p2a: Tyranitar|Tyranitar, L50, F|100/100
|switch|p2b: Excadrill|Excadrill, L50, M|100/100
|-weather|Sandstorm|[from] ability: Sand Stream|[of] p2a: Tyranitar
|turn|1
|
|t:|1784743403
|switch|p2a: Gholdengo|Gholdengo, L50|100/100
|move|p1a: Whimsicott|Tailwind|p1a: Whimsicott
|-sidestart|p1: jwithers93|move: Tailwind
|move|p1b: Rotom|Hydro Pump|p2b: Excadrill
|-supereffective|p2b: Excadrill|1
|-enditem|p2b: Excadrill|Focus Sash
|-damage|p2b: Excadrill|1/100
|move|p2b: Excadrill|Rock Slide|p1b: Rotom|[spread] p1a,p1b
|-damage|p1a: Whimsicott|69/100
|-damage|p1b: Rotom|70/100
|
|-weather|Sandstorm|[upkeep]
|-damage|p1b: Rotom|64/100|[from] Sandstorm
|-damage|p1a: Whimsicott|63/100|[from] Sandstorm
|upkeep
|turn|2
|inactive|jwithers93 has 30 seconds left.
|inactive|HenriqueZVGC has 30 seconds left.
|inactive|HenriqueZVGC has 20 seconds left.
|
|t:|1784743441
|move|p2b: Excadrill|Protect|p2b: Excadrill
|-singleturn|p2b: Excadrill|Protect
|move|p1b: Rotom|Hydro Pump|p2a: Gholdengo
|-damage|p2a: Gholdengo|59/100
|move|p1a: Whimsicott|Energy Ball|p2b: Excadrill
|-activate|p2b: Excadrill|move: Protect
|move|p2a: Gholdengo|Shadow Ball|p1b: Rotom
|-damage|p1b: Rotom|0 fnt
|faint|p1b: Rotom
|-damage|p2a: Gholdengo|50/100g|[from] item: Life Orb
|
|-weather|Sandstorm|[upkeep]
|-damage|p1a: Whimsicott|57/100|[from] Sandstorm
|upkeep
|
|t:|1784743462
|switch|p1b: Garchomp|Garchomp, L50, M|100/100
|turn|3
|
|t:|1784743478
|switch|p2b: Milotic|Milotic, L50, M|100/100
|move|p1a: Whimsicott|Protect|p1a: Whimsicott
|-singleturn|p1a: Whimsicott|Protect
|move|p2a: Gholdengo|Protect|p2a: Gholdengo
|-singleturn|p2a: Gholdengo|Protect
|move|p1b: Garchomp|Earthquake|p2a: Gholdengo|[spread] p2b
|-activate|p1a: Whimsicott|move: Protect
|-activate|p2a: Gholdengo|move: Protect
|-damage|p2b: Milotic|52/100
|-damage|p1b: Garchomp|90/100|[from] item: Life Orb
|
|-weather|Sandstorm|[upkeep]
|-damage|p1a: Whimsicott|51/100|[from] Sandstorm
|-damage|p2b: Milotic|46/100|[from] Sandstorm
|-enditem|p2b: Milotic|Sitrus Berry|[eat]
|-heal|p2b: Milotic|71/100|[from] item: Sitrus Berry
|upkeep
|turn|4
|
|t:|1784743502
|move|p1a: Whimsicott|Energy Ball|p2b: Milotic
|-supereffective|p2b: Milotic|1
|-damage|p2b: Milotic|24/100
|move|p1b: Garchomp|Earthquake|p2b: Milotic|[spread] p1a,p2a,p2b
|-resisted|p1a: Whimsicott|1
|-supereffective|p2a: Gholdengo|1
|-damage|p1a: Whimsicott|16/100
|-damage|p2a: Gholdengo|0 fnt
|-damage|p2b: Milotic|0 fnt
|faint|p2a: Gholdengo
|faint|p2b: Milotic
|-damage|p1b: Garchomp|80/100|[from] item: Life Orb
|
|-weather|Sandstorm|[upkeep]
|-damage|p1a: Whimsicott|10/100|[from] Sandstorm
|-sideend|p1: jwithers93|move: Tailwind
|upkeep
|
|t:|1784743509
|switch|p2b: Excadrill|Excadrill, L50, M|1/100
|switch|p2a: Tyranitar|Tyranitar, L50, F|100/100
|turn|5
|
|t:|1784743523
|detailschange|p2a: Tyranitar|Tyranitar-Mega, L50, F
|-mega|p2a: Tyranitar|Tyranitar|Tyranitarite
|move|p1a: Whimsicott|Tailwind|p1a: Whimsicott
|-sidestart|p1: jwithers93|move: Tailwind
|move|p1b: Garchomp|Earthquake|p2b: Excadrill|[spread] p1a,p2a,p2b
|-resisted|p1a: Whimsicott|1
|-supereffective|p2a: Tyranitar|1
|-supereffective|p2b: Excadrill|1
|-damage|p1a: Whimsicott|0 fnt
|-damage|p2a: Tyranitar|30/100
|-damage|p2b: Excadrill|0 fnt
|faint|p1a: Whimsicott
|faint|p2b: Excadrill
|-damage|p1b: Garchomp|70/100|[from] item: Life Orb
|move|p2a: Tyranitar|Rock Slide|p1b: Garchomp
|-resisted|p1b: Garchomp|1
|-damage|p1b: Garchomp|49/100
|
|-weather|none
|upkeep
|
|t:|1784743540
|switch|p1a: Floette|Floette-Eternal, L50, F|100/100
|turn|6
|
|t:|1784743551
|detailschange|p1a: Floette|Floette-Mega, L50, F
|-mega|p1a: Floette|Floette|Floettite
|-ability|p1a: Floette|Fairy Aura
|move|p1b: Garchomp|Dragon Claw|p2a: Tyranitar
|-damage|p2a: Tyranitar|0 fnt
|faint|p2a: Tyranitar
|-damage|p1b: Garchomp|39/100|[from] item: Life Orb
|
|win|jwithers93
||HenriqueZVGC is ready for game 2.
