|j|☆prath1
|j|☆iannaVi
|html|prath1iannaVi    
|uhtml|bestof|Game 1 of a best-of-3
|t:|1783287718
|gametype|doubles
|player|p1|prath1|266|1147
|player|p2|iannaVi|cheren-gen5bw2|1147
|gen|9
|tier|[Gen 9 Champions] VGC 2026 Reg M-B (Bo3)
|rated|
|rule|Species Clause: Limit one of each Pokémon
|rule|Item Clause: Limit 1 of each item
|clearpoke
|poke|p1|Swampert, L50, M|
|poke|p1|Pelipper, L50, F|
|poke|p1|Sneasler, L50, F|
|poke|p1|Archaludon, L50, F|
|poke|p1|Eelektross, L50, F|
|poke|p1|Whimsicott, L50, F|
|poke|p2|Scovillain, L50, F|
|poke|p2|Kingambit, L50, F|
|poke|p2|Lycanroc-Dusk, L50, M|
|poke|p2|Basculegion, L50, M|
|poke|p2|Metagross, L50|
|poke|p2|Sylveon, L50, M|
|teampreview|4
|showteam|p1|Swampert||Swampertite|Torrent|EarthPower,WaveCrash,Protect,IcePunch|Adamant||M|||50|]Pelipper||DampRock|Drizzle|Hurricane,MuddyWater,DualWingbeat,Protect|Relaxed||F|||50|]Sneasler||LifeOrb|PoisonTouch|DireClaw,CloseCombat,FakeOut,NightSlash|Jolly||F|||50|]Archaludon||Leftovers|Stamina|DracoMeteor,ElectroShot,IronDefense,HeavySlam|Timid||F|||50|]Eelektross||Eelektrossite|Levitate|ThunderPunch,Thunder,KnockOff,IronTail|Hasty||F|||50|]Whimsicott||FocusSash|Prankster|EnergyBall,Tailwind,LeechSeed,Moonblast|Timid||F|||50|
|showteam|p2|Scovillain||Scovillainite|Moody|GigaDrain,Overheat,RagePowder,Protect|Bold||F|||50|]Kingambit||BlackGlasses|Defiant|KowtowCleave,SuckerPunch,SwordsDance,Protect|Adamant||F|||50|]Lycanroc-Dusk||FocusSash|ToughClaws|CloseCombat,Accelerock,RockSlide,Protect|Jolly||M|||50|]Basculegion||SitrusBerry|Adaptability|WaveCrash,LastRespects,AquaJet,Protect|Adamant||M|||50|]Metagross||Metagrossite|ClearBody|IronHead,PsychicFangs,IcePunch,Protect|Adamant|||||50|]Sylveon||FairyFeather|Pixilate|HyperVoice,HyperBeam,QuickAttack,Detect|Modest||M|||50|
|inactive|Battle timer is ON: inactive players will automatically lose when time's up. (requested by prath1)
|
|t:|1783287772
|teamsize|p1|4
|teamsize|p2|4
|start
|switch|p1a: Sneasler|Sneasler, L50, F|100/100
|switch|p1b: Eelektross|Eelektross, L50, F|100/100
|switch|p2a: Scovillain|Scovillain, L50, F|100/100
|switch|p2b: Sylveon|Sylveon, L50, M|100/100
|turn|1
|inactive|iannaVi has 30 seconds left.
|
|t:|1783287804
|detailschange|p1b: Eelektross|Eelektross-Mega, L50, F
|-mega|p1b: Eelektross|Eelektross|Eelektrossite
|move|p2a: Scovillain|Protect|p2a: Scovillain
|-singleturn|p2a: Scovillain|Protect
|move|p1a: Sneasler|Fake Out|p2a: Scovillain
|-activate|p2a: Scovillain|move: Protect
|move|p1b: Eelektross|Iron Tail|p2b: Sylveon
|-supereffective|p2b: Sylveon|1
|-damage|p2b: Sylveon|8/100
|move|p2b: Sylveon|Hyper Voice|p1a: Sneasler|[spread] p1a,p1b
|-damage|p1a: Sneasler|35/100
|-damage|p1b: Eelektross|41/100
|
|-ability|p2a: Scovillain|Moody|boost
|-boost|p2a: Scovillain|spa|2
|-unboost|p2a: Scovillain|atk|1
|upkeep
|turn|2
|inactive|prath1 has 30 seconds left.
|
|t:|1783287830
|detailschange|p2a: Scovillain|Scovillain-Mega, L50, F
|-mega|p2a: Scovillain|Scovillain|Scovillainite
|move|p2a: Scovillain|Rage Powder|p2a: Scovillain
|-singleturn|p2a: Scovillain|move: Rage Powder
|move|p1a: Sneasler|Dire Claw|p2a: Scovillain
|-supereffective|p2a: Scovillain|1
|-damage|p2a: Scovillain|0 fnt
|-status|p1a: Sneasler|brn|[from] ability: Spicy Spray|[of] p2a: Scovillain
|faint|p2a: Scovillain
|-damage|p1a: Sneasler|25/100 brn|[from] item: Life Orb
|move|p1b: Eelektross|Knock Off|p2b: Sylveon
|-resisted|p2b: Sylveon|1
|-damage|p2b: Sylveon|0 fnt
|-enditem|p2b: Sylveon|Fairy Feather|[from] move: Knock Off|[of] p1b: Eelektross
|faint|p2b: Sylveon
|-ability|p1b: Eelektross|Eelevate|boost
|-boost|p1b: Eelektross|atk|1
|
|-damage|p1a: Sneasler|19/100 brn|[from] brn
|upkeep
|
|t:|1783287846
|switch|p2a: Kingambit|Kingambit, L50, F|100/100
|switch|p2b: Lycanroc|Lycanroc-Dusk, L50, M|100/100
|turn|3
|inactive|iannaVi has 30 seconds left.
|
|t:|1783287873
|move|p2b: Lycanroc|Accelerock|p1a: Sneasler
|-resisted|p1a: Sneasler|1
|-damage|p1a: Sneasler|0 fnt
|faint|p1a: Sneasler
|move|p2a: Kingambit|Sucker Punch|p1b: Eelektross
|-damage|p1b: Eelektross|0 fnt
|faint|p1b: Eelektross
|
|upkeep
|
|t:|1783287880
|switch|p1a: Archaludon|Archaludon, L50, F|100/100
|switch|p1b: Whimsicott|Whimsicott, L50, F|100/100
|turn|4
|
|t:|1783287892
|move|p1b: Whimsicott|Tailwind|p1b: Whimsicott
|-sidestart|p1: prath1|move: Tailwind
|move|p2a: Kingambit|Sucker Punch|p1a: Archaludon
|-damage|p1a: Archaludon|59/100
|-ability|p1a: Archaludon|Stamina|boost
|-boost|p1a: Archaludon|def|1
|move|p1a: Archaludon|Heavy Slam|p2b: Lycanroc
|-supereffective|p2b: Lycanroc|1
|-damage|p2b: Lycanroc|40/100
|move|p2b: Lycanroc|Rock Slide|p1a: Archaludon|[spread] p1a,p1b
|-resisted|p1a: Archaludon|1
|-damage|p1a: Archaludon|52/100
|-damage|p1b: Whimsicott|60/100
|-ability|p1a: Archaludon|Stamina|boost
|-boost|p1a: Archaludon|def|1
|
|-heal|p1a: Archaludon|58/100|[from] item: Leftovers
|upkeep
|turn|5
|
|t:|1783287912
|move|p2b: Lycanroc|Protect|p2b: Lycanroc
|-singleturn|p2b: Lycanroc|Protect
|move|p2a: Kingambit|Sucker Punch||[still]
|-fail|p2a: Kingambit
|move|p1b: Whimsicott|Energy Ball|p2b: Lycanroc
|-activate|p2b: Lycanroc|move: Protect
|move|p1a: Archaludon|Iron Defense|p1a: Archaludon
|-boost|p1a: Archaludon|def|2
|
|-heal|p1a: Archaludon|64/100|[from] item: Leftovers
|upkeep
|turn|6
|
|t:|1783287928
|move|p1b: Whimsicott|Leech Seed|p2a: Kingambit
|-hint|Since gen 7, Dark is immune to Prankster moves.
|-immune|p2a: Kingambit
|move|p2a: Kingambit|Sucker Punch||[still]
|-fail|p2a: Kingambit
|move|p1a: Archaludon|Iron Defense|p1a: Archaludon
|-boost|p1a: Archaludon|def|2
|move|p2b: Lycanroc|Close Combat|p1a: Archaludon
|-supereffective|p1a: Archaludon|1
|-damage|p1a: Archaludon|40/100
|-unboost|p2b: Lycanroc|def|1
|-unboost|p2b: Lycanroc|spd|1
|
|-heal|p1a: Archaludon|46/100|[from] item: Leftovers
|upkeep
|turn|7
|inactive|prath1 has 30 seconds left.
|
|t:|1783287955
|move|p1b: Whimsicott|Moonblast|p2a: Kingambit
|-damage|p2a: Kingambit|67/100
|move|p1a: Archaludon|Heavy Slam|p2a: Kingambit
|-resisted|p2a: Kingambit|1
|-damage|p2a: Kingambit|62/100
|move|p2b: Lycanroc|Close Combat|p1a: Archaludon
|-supereffective|p1a: Archaludon|1
|-damage|p1a: Archaludon|25/100
|-unboost|p2b: Lycanroc|def|1
|-unboost|p2b: Lycanroc|spd|1
|move|p2a: Kingambit|Kowtow Cleave|p1a: Archaludon
|-damage|p1a: Archaludon|12/100
|
|-heal|p1a: Archaludon|18/100|[from] item: Leftovers
|-sideend|p1: prath1|move: Tailwind
|upkeep
|turn|8
|
|t:|1783287977
|move|p1b: Whimsicott|Tailwind|p1b: Whimsicott
|-sidestart|p1: prath1|move: Tailwind
|move|p2a: Kingambit|Sucker Punch|p1a: Archaludon
|-damage|p1a: Archaludon|7/100
|move|p1a: Archaludon|Heavy Slam|p2b: Lycanroc
|-supereffective|p2b: Lycanroc|1
|-damage|p2b: Lycanroc|0 fnt
|faint|p2b: Lycanroc
|
|-heal|p1a: Archaludon|13/100|[from] item: Leftovers
|upkeep
|turn|9
|
|t:|1783287993
|move|p2a: Kingambit|Sucker Punch||[still]
|-fail|p2a: Kingambit
|move|p1b: Whimsicott|Moonblast|p2a: Kingambit
|-damage|p2a: Kingambit|30/100
|move|p1a: Archaludon|Iron Defense|p1a: Archaludon
|-boost|p1a: Archaludon|def|0
|
|-heal|p1a: Archaludon|19/100|[from] item: Leftovers
|upkeep
|turn|10
|
|t:|1783288006
|move|p1b: Whimsicott|Moonblast|p2a: Kingambit
|-damage|p2a: Kingambit|0 fnt
|faint|p2a: Kingambit
|
|win|prath1
||prath1 is ready for game 2.
|inactive|iannaVi has 30 seconds to confirm battle start!
||iannaVi is ready for game 2.
|uhtml|next|Next: Game 2 of 3
|l|☆prath1
|player|p1|
