|j|☆dominikc
|j|☆AgentPotato69
|html|dominikcAgentPotato69    
|uhtml|bestof|Game 3 of a best-of-3
|t:|1757635773
|gametype|doubles
|player|p1|dominikc|policeman-gen4|1031
|player|p2|AgentPotato69|170|1046
|gen|9
|tier|[Gen 9] VGC 2025 Reg H (Bo3)
|rated|
|rule|Species Clause: Limit one of each Pokémon
|rule|Item Clause: Limit 1 of each item
|clearpoke
|poke|p1|Toxtricity-Low-Key, L50, F|
|poke|p1|Quaquaval, L50, F|
|poke|p1|Baxcalibur, L50, F|
|poke|p1|Ninetales-Alola, L50, F|
|poke|p1|Rillaboom, L50, M|
|poke|p1|Corviknight, L50, F|
|poke|p2|Gothitelle, L50, M|
|poke|p2|Politoed, L50, M|
|poke|p2|Kingdra, L50, F|
|poke|p2|Archaludon, L50, M|
|poke|p2|Amoonguss, L50, M|
|poke|p2|Incineroar, L50, M|
|teampreview|4
|showteam|p1|Toxtricity-Low-Key||ThroatSpray|PunkRock|Overdrive,SludgeBomb,Protect,Snarl|||F|||50|,,,,,Electric]Quaquaval||ClearAmulet|Moxie|AquaStep,CloseCombat,Protect,AquaJet|||F|||50|,,,,,Water]Baxcalibur||LifeOrb|ThermalExchange|IcicleCrash,GlaiveRush,Protect,TeraBlast|||F|||50|,,,,,Ground]Ninetales-Alola||FocusSash|SnowWarning|AuroraVeil,FreezeDry,Moonblast,Protect|||F|||50|,,,,,Ice]Rillaboom||Leftovers|GrassySurge|FakeOut,GrassyGlide,Protect,LeechSeed|||M|||50|,,,,,Water]Corviknight||RockyHelmet|MirrorArmor|BraveBird,Roost,Protect,Tailwind|||F|||50|,,,,,Flying
|showteam|p2|Gothitelle||Leftovers|ShadowTag|Psychic,Protect,FakeOut,Taunt|||M|||50|,,,,,Dark]Politoed||SitrusBerry|Drizzle|PerishSong,Protect,WeatherBall,Encore|||M|||50|,,,,,Grass]Kingdra||LifeOrb|SwiftSwim|DracoMeteor,WeatherBall,Protect,MuddyWater|||F|||50|,,,,,Water]Archaludon||PowerHerb|Sturdy|ElectroShot,Protect,DragonPulse,FlashCannon|||M|||50|,,,,,Grass]Amoonguss||EjectButton|Regenerator|Protect,Spore,RagePowder,PollenPuff|||M|||50|,,,,,Water]Incineroar||SafetyGoggles|Intimidate|Protect,FakeOut,PartingShot,KnockOff|||M|||50|,,,,,Ghost
|inactive|Battle timer is ON: inactive players will automatically lose when time's up. (requested by AgentPotato69)
|inactive|dominikc has 60 seconds left.
|
|t:|1757635808
|teamsize|p1|4
|teamsize|p2|4
|start
|switch|p1a: Toxtricity|Toxtricity-Low-Key, L50, F|100/100
|switch|p1b: Rillaboom|Rillaboom, L50, M|100/100
|switch|p2a: Politoed|Politoed, L50, M|100/100
|switch|p2b: Kingdra|Kingdra, L50, F|100/100
|-fieldstart|move: Grassy Terrain|[from] ability: Grassy Surge|[of] p1b: Rillaboom
|-weather|RainDance|[from] ability: Drizzle|[of] p2a: Politoed
|turn|1
|inactive|AgentPotato69 has 30 seconds left.
|inactive|AgentPotato69 has 20 seconds left.
|inactive|AgentPotato69 has 15 seconds left.
|
|t:|1757635849
|move|p2b: Kingdra|Protect|p2b: Kingdra
|-singleturn|p2b: Kingdra|Protect
|move|p2a: Politoed|Protect|p2a: Politoed
|-singleturn|p2a: Politoed|Protect
|move|p1b: Rillaboom|Fake Out|p2b: Kingdra
|-activate|p2b: Kingdra|move: Protect
|move|p1a: Toxtricity|Overdrive|p2b: Kingdra|[spread] 
|-activate|p2a: Politoed|move: Protect
|-activate|p2b: Kingdra|move: Protect
|
|-weather|RainDance|[upkeep]
|upkeep
|turn|2
|inactive|AgentPotato69 has 30 seconds left.
|
|t:|1757635883
|switch|p2b: Gothitelle|Gothitelle, L50, M|100/100
|switch|p1b: Ninetales|Ninetales-Alola, L50, F|100/100
|-weather|Snowscape|[from] ability: Snow Warning|[of] p1b: Ninetales
|move|p2a: Politoed|Perish Song|p2a: Politoed
|-start|p1a: Toxtricity|perish3|[silent]
|-start|p1b: Ninetales|perish3|[silent]
|-start|p2a: Politoed|perish3|[silent]
|-start|p2b: Gothitelle|perish3|[silent]
|-fieldactivate|move: Perish Song
|move|p1a: Toxtricity|Overdrive|p2a: Politoed|[spread] p2a,p2b
|-supereffective|p2a: Politoed
|-damage|p2a: Politoed|37/100
|-damage|p2b: Gothitelle|71/100
|-enditem|p2a: Politoed|Sitrus Berry|[eat]
|-heal|p2a: Politoed|61/100|[from] item: Sitrus Berry
|-enditem|p1a: Toxtricity|Throat Spray
|-boost|p1a: Toxtricity|spa|1|[from] item: Throat Spray
|
|-weather|Snowscape|[upkeep]
|-heal|p2a: Politoed|68/100|[from] Grassy Terrain
|-heal|p2b: Gothitelle|77/100|[from] Grassy Terrain
|-heal|p2b: Gothitelle|84/100|[from] item: Leftovers
|-start|p1b: Ninetales|perish3
|-start|p2a: Politoed|perish3
|-start|p1a: Toxtricity|perish3
|-start|p2b: Gothitelle|perish3
|upkeep
|turn|3
|inactive|dominikc has 30 seconds left.
|
|t:|1757635917
|move|p2b: Gothitelle|Fake Out|p1a: Toxtricity
|-damage|p1a: Toxtricity|92/100
|move|p1b: Ninetales|Freeze-Dry|p2a: Politoed
|-supereffective|p2a: Politoed
|-crit|p2a: Politoed
|-damage|p2a: Politoed|3/100
|move|p2a: Politoed|Weather Ball|p1a: Toxtricity
|-damage|p1a: Toxtricity|66/100
|cant|p1a: Toxtricity|flinch
|
|-weather|Snowscape|[upkeep]
|-heal|p2a: Politoed|9/100|[from] Grassy Terrain
|-heal|p1a: Toxtricity|72/100|[from] Grassy Terrain
|-heal|p2b: Gothitelle|90/100|[from] Grassy Terrain
|-heal|p2b: Gothitelle|96/100|[from] item: Leftovers
|-start|p1b: Ninetales|perish2
|-start|p2a: Politoed|perish2
|-start|p1a: Toxtricity|perish2
|-start|p2b: Gothitelle|perish2
|upkeep
|turn|4
|inactive|dominikc has 30 seconds left.
|
|t:|1757635942
|move|p2a: Politoed|Protect|p2a: Politoed
|-singleturn|p2a: Politoed|Protect
|move|p2b: Gothitelle|Protect|p2b: Gothitelle
|-singleturn|p2b: Gothitelle|Protect
|move|p1b: Ninetales|Aurora Veil|p1b: Ninetales
|-sidestart|p1: dominikc|move: Aurora Veil
|move|p1a: Toxtricity|Snarl|p2a: Politoed|[spread] 
|-activate|p2a: Politoed|move: Protect
|-activate|p2b: Gothitelle|move: Protect
|
|-weather|Snowscape|[upkeep]
|-heal|p2a: Politoed|15/100|[from] Grassy Terrain
|-heal|p1a: Toxtricity|78/100|[from] Grassy Terrain
|-heal|p2b: Gothitelle|100/100|[from] Grassy Terrain
|-start|p1b: Ninetales|perish1
|-start|p2a: Politoed|perish1
|-start|p1a: Toxtricity|perish1
|-start|p2b: Gothitelle|perish1
|upkeep
|turn|5
|inactive|dominikc has 30 seconds left.
|inactive|AgentPotato69 has 30 seconds left.
|
|t:|1757635974
|switch|p2a: Archaludon|Archaludon, L50, M|100/100
|move|p1b: Ninetales|Moonblast|p2b: Gothitelle
|-damage|p2b: Gothitelle|72/100
|-unboost|p2b: Gothitelle|spa|1
|move|p1a: Toxtricity|Snarl|p2b: Gothitelle|[spread] p2a,p2b
|-supereffective|p2b: Gothitelle
|-damage|p2a: Archaludon|61/100
|-damage|p2b: Gothitelle|29/100
|-unboost|p2a: Archaludon|spa|1
|-unboost|p2b: Gothitelle|spa|1
|move|p2b: Gothitelle|Psychic|p1a: Toxtricity
|-supereffective|p1a: Toxtricity
|-damage|p1a: Toxtricity|53/100
|-unboost|p1a: Toxtricity|spd|1
|
|-weather|Snowscape|[upkeep]
|-heal|p2a: Archaludon|67/100|[from] Grassy Terrain
|-heal|p1a: Toxtricity|59/100|[from] Grassy Terrain
|-heal|p2b: Gothitelle|35/100|[from] Grassy Terrain
|-heal|p2b: Gothitelle|41/100|[from] item: Leftovers
|-start|p1b: Ninetales|perish0
|-start|p1a: Toxtricity|perish0
|-start|p2b: Gothitelle|perish0
|faint|p1b: Ninetales
|faint|p1a: Toxtricity
|faint|p2b: Gothitelle
|-fieldend|move: Grassy Terrain
|upkeep
|inactive|dominikc has 30 seconds left.
|
|t:|1757636002
|switch|p1b: Rillaboom|Rillaboom, L50, M|100/100
|switch|p1a: Quaquaval|Quaquaval, L50, F|100/100
|switch|p2b: Politoed|Politoed, L50, M|15/100
|-fieldstart|move: Grassy Terrain|[from] ability: Grassy Surge|[of] p1b: Rillaboom
|-weather|RainDance|[from] ability: Drizzle|[of] p2b: Politoed
|turn|6
|
|t:|1757636014
|move|p2a: Archaludon|Protect|p2a: Archaludon
|-singleturn|p2a: Archaludon|Protect
|move|p2b: Politoed|Protect|p2b: Politoed
|-singleturn|p2b: Politoed|Protect
|move|p1b: Rillaboom|Fake Out|p2a: Archaludon
|-activate|p2a: Archaludon|move: Protect
|move|p1a: Quaquaval|Aqua Step|p2b: Politoed
|-activate|p2b: Politoed|move: Protect
|
|-weather|RainDance|[upkeep]
|-heal|p2a: Archaludon|73/100|[from] Grassy Terrain
|-heal|p2b: Politoed|21/100|[from] Grassy Terrain
|upkeep
|turn|7
|
|t:|1757636033
|-terastallize|p2a: Archaludon|Grass
|move|p1a: Quaquaval|Protect|p1a: Quaquaval
|-singleturn|p1a: Quaquaval|Protect
|move|p2a: Archaludon|Electro Shot||[still]
|-prepare|p2a: Archaludon|Electro Shot
|-boost|p2a: Archaludon|spa|1
|-anim|p2a: Archaludon|Electro Shot|p1a: Quaquaval
|-activate|p1a: Quaquaval|move: Protect
|move|p2b: Politoed|Weather Ball|p1a: Quaquaval
|-activate|p1a: Quaquaval|move: Protect
|move|p1b: Rillaboom|Leech Seed|p2a: Archaludon
|-immune|p2a: Archaludon
|
|-weather|RainDance|[upkeep]
|-heal|p2a: Archaludon|79/100|[from] Grassy Terrain
|-heal|p2b: Politoed|27/100|[from] Grassy Terrain
|upkeep
|turn|8
|inactive|dominikc has 30 seconds left.
|
|t:|1757636059
|switch|p2b: Kingdra|Kingdra, L50, F|100/100
|move|p1b: Rillaboom|Grassy Glide|p2b: Kingdra
|-damage|p2b: Kingdra|63/100
|move|p2a: Archaludon|Electro Shot||[still]
|-prepare|p2a: Archaludon|Electro Shot
|-boost|p2a: Archaludon|spa|1
|-anim|p2a: Archaludon|Electro Shot|p1a: Quaquaval
|-supereffective|p1a: Quaquaval
|-damage|p1a: Quaquaval|0 fnt
|faint|p1a: Quaquaval
|
|-weather|RainDance|[upkeep]
|-heal|p2b: Kingdra|69/100|[from] Grassy Terrain
|-heal|p2a: Archaludon|85/100|[from] Grassy Terrain
|-sideend|p1: dominikc|move: Aurora Veil
|upkeep
|turn|9
|c|☆AgentPotato69|gg
|-message|dominikc forfeited.
|
|win|AgentPotato69
|raw|dominikc's rating: 1031 → 1017(-14 for losing)
|raw|AgentPotato69's rating: 1046 → 1078(+32 for winning)
|l|☆dominikc
|player|p1|
|l|☆AgentPotato69
|player|p2|
