|j|☆IronStandsEternal
|j|☆RaikuDraco
|html|IronStandsEternalRaikuDraco    
|uhtml|bestof|Game 3 of a best-of-3
|t:|1757116614
|gametype|doubles
|player|p1|IronStandsEternal|flint|1260
|player|p2|RaikuDraco|drake-gen3|1217
|gen|9
|tier|[Gen 9] VGC 2025 Reg H (Bo3)
|rated|
|rule|Species Clause: Limit one of each Pokémon
|rule|Item Clause: Limit 1 of each item
|clearpoke
|poke|p1|Rillaboom, L50, M|
|poke|p1|Dragonite, L50, M|
|poke|p1|Sneasler, L50, M|
|poke|p1|Ninetales-Alola, L50, F|
|poke|p1|Kingambit, L50, M|
|poke|p1|Volcarona, L50, F|
|poke|p2|Archaludon, L50, F|
|poke|p2|Sinistcha-Masterpiece, L50|
|poke|p2|Dragonite, L50, M|
|poke|p2|Pelipper, L50, M|
|poke|p2|Ursaluna, L50, M|
|poke|p2|Gholdengo, L50|
|teampreview|4
|showteam|p1|Rillaboom||AssaultVest|GrassySurge|WoodHammer,GrassyGlide,HighHorsepower,FakeOut|||M|||50|,,,,,Fire]Dragonite||LoadedDice|Multiscale|Protect,ScaleShot,LowKick,Haze|||M|||50|,,,,,Fairy]Sneasler||WhiteHerb|Unburden|Protect,DireClaw,CloseCombat,Coaching|||M|||50|,,,,,Ghost]Ninetales-Alola||ChoiceSpecs|SnowWarning|Blizzard,IcyWind,Moonblast,FreezeDry|||F|||50|,,,,,Ghost]Kingambit||SafetyGoggles|Defiant|Protect,KowtowCleave,SuckerPunch,SwordsDance|||M|||50|,,,,,Dark]Volcarona||CovertCloak|FlameBody|StruggleBug,RagePowder,Overheat,WillOWisp|||F|||50|,,,,,Fairy
|showteam|p2|Archaludon||AssaultVest|Stamina|BodyPress,Snarl,ElectroShot,FlashCannon|||F|||50|,,,,,Fighting]Sinistcha-Masterpiece||SitrusBerry|Hospitality|MatchaGotcha,RagePowder,TrickRoom,LifeDew||||||50|,,,,,Dark]Dragonite||LoadedDice|Multiscale|ScaleShot,Protect,Tailwind,Haze|||M|||50|,,,,,Steel]Pelipper||FocusSash|Drizzle|WeatherBall,Hurricane,Tailwind,Protect|||M|||50|,,,,,Ground]Ursaluna||FlameOrb|Guts|Facade,HeadlongRush,Earthquake,Protect|||M|||50|,,,,,Ghost]Gholdengo||ChoiceScarf|GoodasGold|MakeItRain,TeraBlast,ShadowBall,Trick||||||50|,,,,,Water
|inactive|Battle timer is ON: inactive players will automatically lose when time's up. (requested by RaikuDraco)
|inactive|RaikuDraco has 60 seconds left.
|inactive|IronStandsEternal has 60 seconds left.
|
|t:|1757116667
|teamsize|p1|4
|teamsize|p2|4
|start
|switch|p1a: Dragonite|Dragonite, L50, M|100/100
|switch|p1b: Volcarona|Volcarona, L50, F|100/100
|switch|p2a: Pelipper|Pelipper, L50, M|100/100
|switch|p2b: Gholdengo|Gholdengo, L50|100/100
|-weather|RainDance|[from] ability: Drizzle|[of] p2a: Pelipper
|turn|1
|inactive|IronStandsEternal has 30 seconds left.
|inactive|RaikuDraco has 30 seconds left.
|
|t:|1757116702
|switch|p2a: Archaludon|Archaludon, L50, F|100/100
|move|p2b: Gholdengo|Trick|p1a: Dragonite
|-activate|p2b: Gholdengo|move: Trick|[of] p1a: Dragonite
|-item|p1a: Dragonite|Choice Scarf|[from] move: Trick
|-item|p2b: Gholdengo|Loaded Dice|[from] move: Trick
|move|p1a: Dragonite|Scale Shot|p2a: Archaludon
|-damage|p2a: Archaludon|91/100
|-ability|p2a: Archaludon|Stamina|boost
|-boost|p2a: Archaludon|def|1
|-damage|p2a: Archaludon|85/100
|-ability|p2a: Archaludon|Stamina|boost
|-boost|p2a: Archaludon|def|1
|-damage|p2a: Archaludon|80/100
|-ability|p2a: Archaludon|Stamina|boost
|-boost|p2a: Archaludon|def|1
|-hitcount|p2a: Archaludon|3
|-unboost|p1a: Dragonite|def|1
|-boost|p1a: Dragonite|spe|1
|move|p1b: Volcarona|Struggle Bug|p2b: Gholdengo|[spread] p2a,p2b
|-resisted|p2a: Archaludon
|-resisted|p2b: Gholdengo
|-damage|p2a: Archaludon|73/100
|-damage|p2b: Gholdengo|96/100
|-unboost|p2a: Archaludon|spa|1
|-unboost|p2b: Gholdengo|spa|1
|-ability|p2a: Archaludon|Stamina|boost
|-boost|p2a: Archaludon|def|1
|
|-weather|RainDance|[upkeep]
|upkeep
|turn|2
|inactive|IronStandsEternal has 30 seconds left.
|inactive|RaikuDraco has 30 seconds left.
|inactive|IronStandsEternal has 20 seconds left.
|inactive|RaikuDraco has 20 seconds left.
|inactive|RaikuDraco has 15 seconds left.
|inactive|IronStandsEternal has 15 seconds left.
|inactive|RaikuDraco has 10 seconds left.
|
|t:|1757116750
|switch|p1a: Ninetales|Ninetales-Alola, L50, F|100/100
|-weather|Snowscape|[from] ability: Snow Warning|[of] p1a: Ninetales
|move|p1b: Volcarona|Overheat|p2b: Gholdengo
|-supereffective|p2b: Gholdengo
|-damage|p2b: Gholdengo|0 fnt
|-unboost|p1b: Volcarona|spa|2
|faint|p2b: Gholdengo
|move|p2a: Archaludon|Electro Shot||[still]
|-prepare|p2a: Archaludon|Electro Shot
|-boost|p2a: Archaludon|spa|1
|
|-weather|Snowscape|[upkeep]
|upkeep
|
|t:|1757116770
|switch|p2b: Pelipper|Pelipper, L50, M|100/100
|-weather|RainDance|[from] ability: Drizzle|[of] p2b: Pelipper
|turn|3
|inactive|IronStandsEternal has 30 seconds left.
|inactive|IronStandsEternal has 20 seconds left.
|
|t:|1757116806
|move|p1b: Volcarona|Rage Powder|p1b: Volcarona
|-singleturn|p1b: Volcarona|move: Rage Powder
|move|p1a: Ninetales|Moonblast|p2a: Archaludon
|-damage|p2a: Archaludon|37/100
|-unboost|p2a: Archaludon|spa|1
|-ability|p2a: Archaludon|Stamina|boost
|-boost|p2a: Archaludon|def|1
|move|p2b: Pelipper|Tailwind|p2b: Pelipper
|-sidestart|p2: RaikuDraco|move: Tailwind
|move|p2a: Archaludon|Electro Shot|p1b: Volcarona|[from] lockedmove
|-damage|p1b: Volcarona|80/100
|
|-weather|RainDance|[upkeep]
|upkeep
|turn|4
|inactive|IronStandsEternal has 30 seconds left.
|inactive|RaikuDraco has 30 seconds left.
|
|t:|1757116840
|switch|p2b: Sinistcha|Sinistcha-Masterpiece, L50|100/100
|-heal|p2a: Archaludon|62/100|[from] ability: Hospitality|[of] p2b: Sinistcha
|move|p1b: Volcarona|Rage Powder|p1b: Volcarona
|-singleturn|p1b: Volcarona|move: Rage Powder
|move|p2a: Archaludon|Flash Cannon|p1b: Volcarona
|-resisted|p1b: Volcarona
|-damage|p1b: Volcarona|71/100
|move|p1a: Ninetales|Moonblast|p2a: Archaludon
|-damage|p2a: Archaludon|27/100
|-ability|p2a: Archaludon|Stamina|boost
|-boost|p2a: Archaludon|def|1
|
|-weather|RainDance|[upkeep]
|upkeep
|turn|5
|inactive|IronStandsEternal has 30 seconds left.
|inactive|RaikuDraco has 30 seconds left.
|inactive|IronStandsEternal has 20 seconds left.
|inactive|RaikuDraco has 20 seconds left.
|inactive|RaikuDraco has 15 seconds left.
|
|t:|1757116884
|switch|p2a: Pelipper|Pelipper, L50, M|100/100
|move|p1b: Volcarona|Rage Powder|p1b: Volcarona
|-singleturn|p1b: Volcarona|move: Rage Powder
|move|p2b: Sinistcha|Life Dew||[still]|[still]|[spread] 
|-fail|p2a: Pelipper|heal
|-fail|p2b: Sinistcha|heal
|move|p1a: Ninetales|Moonblast|p2a: Pelipper
|-damage|p2a: Pelipper|10/100
|
|-weather|RainDance|[upkeep]
|upkeep
|turn|6
|inactive|IronStandsEternal has 30 seconds left.
|inactive|RaikuDraco has 30 seconds left.
|inactive|IronStandsEternal has 20 seconds left.
|inactive|RaikuDraco has 20 seconds left.
|inactive|IronStandsEternal has 15 seconds left.
|inactive|RaikuDraco has 15 seconds left.
|
|t:|1757116926
|-terastallize|p1b: Volcarona|Fairy
|move|p2a: Pelipper|Weather Ball|p1b: Volcarona
|-damage|p1b: Volcarona|13/100
|move|p1a: Ninetales|Moonblast|p2b: Sinistcha
|-damage|p2b: Sinistcha|46/100
|-unboost|p2b: Sinistcha|spa|1
|-enditem|p2b: Sinistcha|Sitrus Berry|[eat]
|-heal|p2b: Sinistcha|71/100|[from] item: Sitrus Berry
|move|p1b: Volcarona|Overheat|p2a: Pelipper|[miss]
|-miss|p1b: Volcarona|p2a: Pelipper
|move|p2b: Sinistcha|Trick Room|p2b: Sinistcha
|-fieldstart|move: Trick Room|[of] p2b: Sinistcha
|
|-weather|RainDance|[upkeep]
|-sideend|p2: RaikuDraco|move: Tailwind
|upkeep
|turn|7
|inactive|IronStandsEternal has 30 seconds left.
|inactive|RaikuDraco has 30 seconds left.
|inactive|IronStandsEternal has 20 seconds left.
|inactive|RaikuDraco has 20 seconds left.
|inactive|IronStandsEternal has 15 seconds left.
|inactive|IronStandsEternal has 10 seconds left.
|
|t:|1757116973
|move|p1b: Volcarona|Rage Powder|p1b: Volcarona
|-singleturn|p1b: Volcarona|move: Rage Powder
|move|p2b: Sinistcha|Matcha Gotcha|p1b: Volcarona|[spread] p1a,p1b
|-damage|p1a: Ninetales|81/100
|-heal|p2b: Sinistcha|79/100|[from] drain|[of] p1a: Ninetales
|-damage|p1b: Volcarona|0 fnt
|-heal|p2b: Sinistcha|86/100|[from] drain|[of] p1b: Volcarona
|faint|p1b: Volcarona
|move|p2a: Pelipper|Weather Ball|p1a: Ninetales
|-damage|p1a: Ninetales|9/100
|move|p1a: Ninetales|Moonblast|p2a: Pelipper
|-damage|p2a: Pelipper|0 fnt
|faint|p2a: Pelipper
|
|-weather|none
|upkeep
|inactive|IronStandsEternal has 30 seconds left.
|
|t:|1757116999
|switch|p2a: Archaludon|Archaludon, L50, F|27/100
|switch|p1b: Dragonite|Dragonite, L50, M|100/100
|turn|8
|inactive|IronStandsEternal has 30 seconds left.
|inactive|IronStandsEternal has 20 seconds left.
|inactive|RaikuDraco has 30 seconds left.
|
|t:|1757117038
|switch|p1a: Sneasler|Sneasler, L50, M|100/100
|-terastallize|p2a: Archaludon|Fighting
|move|p2b: Sinistcha|Life Dew|p2b: Sinistcha|[spread] p2a,p2b
|-heal|p2a: Archaludon|52/100
|-heal|p2b: Sinistcha|100/100
|move|p2a: Archaludon|Flash Cannon|p1a: Sneasler
|-damage|p1a: Sneasler|60/100
|move|p1b: Dragonite|Low Kick|p2a: Archaludon
|-damage|p2a: Archaludon|32/100
|-ability|p2a: Archaludon|Stamina|boost
|-boost|p2a: Archaludon|def|1
|
|upkeep
|turn|9
|inactive|IronStandsEternal has 30 seconds left.
|inactive|RaikuDraco has 30 seconds left.
|inactive|IronStandsEternal has 20 seconds left.
|inactive|IronStandsEternal has 15 seconds left.
|
|t:|1757117078
|move|p2b: Sinistcha|Life Dew||[still]|[spread] p2a,p2b
|-heal|p2a: Archaludon|57/100
|-fail|p2b: Sinistcha|heal
|move|p2a: Archaludon|Flash Cannon|p1a: Sneasler
|-damage|p1a: Sneasler|19/100
|move|p1a: Sneasler|Dire Claw|p2b: Sinistcha
|-damage|p2b: Sinistcha|65/100
|move|p1b: Dragonite|Low Kick|p2a: Archaludon
|-damage|p2a: Archaludon|43/100
|-ability|p2a: Archaludon|Stamina|boost
|-boost|p2a: Archaludon|def|1
|
|upkeep
|turn|10
|inactive|RaikuDraco has 30 seconds left.
|
|t:|1757117105
|move|p1a: Sneasler|Protect|p1a: Sneasler
|-singleturn|p1a: Sneasler|Protect
|move|p2b: Sinistcha|Life Dew|p2b: Sinistcha|[spread] p2a,p2b
|-heal|p2a: Archaludon|68/100
|-heal|p2b: Sinistcha|90/100
|move|p2a: Archaludon|Flash Cannon|p1a: Sneasler
|-activate|p1a: Sneasler|move: Protect
|move|p1b: Dragonite|Low Kick|p2a: Archaludon
|-damage|p2a: Archaludon|58/100
|-ability|p2a: Archaludon|Stamina|boost
|-boost|p2a: Archaludon|def|1
|
|-fieldend|move: Trick Room
|upkeep
|turn|11
|inactive|IronStandsEternal has 30 seconds left.
|
|t:|1757117129
|switch|p1b: Ninetales|Ninetales-Alola, L50, F|9/100
|-weather|Snowscape|[from] ability: Snow Warning|[of] p1b: Ninetales
|move|p1a: Sneasler|Dire Claw|p2b: Sinistcha
|-damage|p2b: Sinistcha|56/100
|move|p2a: Archaludon|Flash Cannon|p1a: Sneasler
|-damage|p1a: Sneasler|0 fnt
|faint|p1a: Sneasler
|move|p2b: Sinistcha|Trick Room|p2b: Sinistcha
|-fieldstart|move: Trick Room|[of] p2b: Sinistcha
|
|-weather|Snowscape|[upkeep]
|upkeep
|inactive|IronStandsEternal has 25 seconds left this turn.
|
|t:|1757117133
|switch|p1a: Dragonite|Dragonite, L50, M|100/100
|turn|12
|inactive|IronStandsEternal has 25 seconds left this turn.
|inactive|IronStandsEternal has 20 seconds left.
|inactive|IronStandsEternal has 15 seconds left.
|inactive|IronStandsEternal has 10 seconds left.
|
|t:|1757117150
|move|p2b: Sinistcha|Life Dew|p2b: Sinistcha|[spread] p2a,p2b
|-heal|p2a: Archaludon|83/100
|-heal|p2b: Sinistcha|81/100
|move|p2a: Archaludon|Flash Cannon|p1b: Ninetales
|-supereffective|p1b: Ninetales
|-damage|p1b: Ninetales|0 fnt
|faint|p1b: Ninetales
|move|p1a: Dragonite|Haze|p1a: Dragonite
|-clearallboost
|
|-weather|Snowscape|[upkeep]
|upkeep
|turn|13
|inactive|IronStandsEternal has 10 seconds left this turn.
|inactive|IronStandsEternal has 5 seconds left.
|inactive|RaikuDraco has 30 seconds left.
|-message|IronStandsEternal forfeited.
|
|win|RaikuDraco
|raw|IronStandsEternal's rating: 1260 → 1232(-28 for losing)
|raw|RaikuDraco's rating: 1217 → 1245(+28 for winning)
|l|☆IronStandsEternal
|player|p1|
