|j|☆kigokigo
|j|☆K0deBeast
|html|kigokigoK0deBeast    
|uhtml|bestof|Game 1 of a best-of-3
|t:|1783029149
|gametype|doubles
|player|p1|kigokigo|169|1104
|player|p2|K0deBeast|sailor|1117
|gen|9
|tier|[Gen 9 Champions] VGC 2026 Reg M-B (Bo3)
|rated|
|rule|Species Clause: Limit one of each Pokémon
|rule|Item Clause: Limit 1 of each item
|clearpoke
|poke|p1|Malamar, L50, M|
|poke|p1|Clefable, L50, F|
|poke|p1|Grimmsnarl, L50, M|
|poke|p1|Incineroar, L50, F|
|poke|p1|Serperior, L50, F|
|poke|p1|Staraptor, L50, F|
|poke|p2|Grimmsnarl, L50, M, shiny|
|poke|p2|Zoroark-Hisui, L50, F|
|poke|p2|Charizard, L50, M, shiny|
|poke|p2|Venusaur, L50, M, shiny|
|poke|p2|Staraptor, L50, M, shiny|
|poke|p2|Milotic, L50, M, shiny|
|teampreview|4
|showteam|p1|Malamar||Malamarite|Contrary|Superpower,ThroatChop,Protect,PsychoCut|Jolly||M|||50|]Clefable||BabiriBerry|Unaware|FollowMe,Charm,KnockOff,Protect|Careful||F|||50|]Grimmsnarl||LightClay|Prankster|LightScreen,Reflect,PartingShot,FakeOut|Calm||M|||50|]Incineroar||ChopleBerry|Intimidate|FakeOut,PartingShot,FlareBlitz,DarkestLariat|Adamant||F|||50|]Serperior||SitrusBerry|Contrary|LeafStorm,Protect,DragonPulse,Synthesis|Calm||F|||50|]Staraptor||Staraptite|Intimidate|CloseCombat,BraveBird,Roost,Protect|Adamant||F|||50|
|showteam|p2|Grimmsnarl||LightClay|Prankster|LightScreen,Reflect,PartingShot,FoulPlay|Careful||M|||50|]Zoroark-Hisui||ChoiceScarf|Illusion|GrassKnot,ShadowBall,IcyWind,HyperVoice|Timid||F|||50|]Charizard||CharizarditeY|Blaze|HeatWave,WeatherBall,SolarBeam,Protect|Modest||M|||50|]Venusaur||FocusSash|Chlorophyll|EarthPower,SludgeBomb,GigaDrain,Protect|Timid||M|||50|]Staraptor||Staraptite|Intimidate|BraveBird,CloseCombat,Tailwind,Protect|Jolly||M|||50|]Milotic||Leftovers|Competitive|IcyWind,LifeDew,Scald,Protect|Bold||M|||50|
|inactive|Battle timer is ON: inactive players will automatically lose when time's up. (requested by kigokigo)
|
|t:|1783029184
|teamsize|p1|4
|teamsize|p2|4
|start
|switch|p1a: Grimmsnarl|Grimmsnarl, L50, M|100/100
|switch|p1b: Staraptor|Staraptor, L50, F|100/100
|switch|p2a: Venusaur|Venusaur, L50, M, shiny|100/100
|switch|p2b: Charizard|Charizard, L50, M, shiny|100/100
|-ability|p1b: Staraptor|Intimidate|boost
|-unboost|p2a: Venusaur|atk|1
|-unboost|p2b: Charizard|atk|1
|turn|1
|
|t:|1783029200
|detailschange|p2b: Charizard|Charizard-Mega-Y, L50, M, shiny
|-mega|p2b: Charizard|Charizard|Charizardite Y
|-weather|SunnyDay|[from] ability: Drought|[of] p2b: Charizard
|move|p1b: Staraptor|Protect|p1b: Staraptor
|-singleturn|p1b: Staraptor|Protect
|move|p1a: Grimmsnarl|Light Screen|p1a: Grimmsnarl
|-sidestart|p1: kigokigo|move: Light Screen
|move|p2a: Venusaur|Hyper Voice|p1b: Staraptor|[spread] p1a
|-activate|p1b: Staraptor|move: Protect
|-damage|p1a: Grimmsnarl|83/100
|move|p2b: Charizard|Heat Wave|p1a: Grimmsnarl|[spread] p1a
|-activate|p1b: Staraptor|move: Protect
|-damage|p1a: Grimmsnarl|52/100
|
|-weather|SunnyDay|[upkeep]
|upkeep
|turn|2
|
|t:|1783029223
|detailschange|p1b: Staraptor|Staraptor-Mega, L50, F
|-mega|p1b: Staraptor|Staraptor|Staraptite
|move|p1a: Grimmsnarl|Parting Shot|p2b: Charizard
|-unboost|p2b: Charizard|atk|1
|-unboost|p2b: Charizard|spa|1
|
|t:|1783029230
|switch|p1a: Incineroar|Incineroar, L50, F|100/100|[from] Parting Shot
|-ability|p1a: Incineroar|Intimidate|boost
|-unboost|p2a: Venusaur|atk|1
|-unboost|p2b: Charizard|atk|1
|move|p2a: Venusaur|Hyper Voice|p1a: Incineroar|[spread] p1a,p1b
|-damage|p1a: Incineroar|76/100
|-damage|p1b: Staraptor|78/100
|move|p2b: Charizard|Heat Wave|p1b: Staraptor|[spread] p1a,p1b
|-resisted|p1a: Incineroar|1
|-damage|p1a: Incineroar|62/100
|-damage|p1b: Staraptor|47/100
|move|p1b: Staraptor|Close Combat|p2b: Charizard
|-resisted|p2b: Charizard|1
|-damage|p2b: Charizard|60/100
|-boost|p1b: Staraptor|def|1
|-boost|p1b: Staraptor|spd|1
|
|-weather|SunnyDay|[upkeep]
|upkeep
|turn|3
|
|t:|1783029248
|switch|p2b: Grimmsnarl|Grimmsnarl, L50, M, shiny|100/100
|move|p1a: Incineroar|Fake Out|p2b: Grimmsnarl
|-damage|p2b: Grimmsnarl|85/100
|move|p2a: Venusaur|Hyper Voice|p1b: Staraptor|[spread] p1a,p1b
|-damage|p1a: Incineroar|40/100
|-damage|p1b: Staraptor|32/100
|move|p1b: Staraptor|Roost|p1b: Staraptor
|-heal|p1b: Staraptor|83/100
|-singleturn|p1b: Staraptor|move: Roost
|
|-weather|SunnyDay|[upkeep]
|upkeep
|turn|4
|
|t:|1783029269
|move|p2b: Grimmsnarl|Reflect|p2b: Grimmsnarl
|-sidestart|p2: K0deBeast|Reflect
|move|p2a: Venusaur|Hyper Voice|p1a: Incineroar|[spread] p1a,p1b
|-crit|p1a: Incineroar
|-damage|p1a: Incineroar|0 fnt
|-damage|p1b: Staraptor|68/100
|faint|p1a: Incineroar
|move|p1b: Staraptor|Close Combat|p2b: Grimmsnarl
|-damage|p2b: Grimmsnarl|35/100
|-boost|p1b: Staraptor|def|1
|-boost|p1b: Staraptor|spd|1
|
|-weather|SunnyDay|[upkeep]
|upkeep
|
|t:|1783029279
|switch|p1a: Grimmsnarl|Grimmsnarl, L50, M|52/100
|turn|5
|
|t:|1783029291
|move|p1a: Grimmsnarl|Parting Shot|p1b: Staraptor
|-boost|p1b: Staraptor|atk|1
|-boost|p1b: Staraptor|spa|1
|
|t:|1783029295
|switch|p1a: Serperior|Serperior, L50, F|100/100|[from] Parting Shot
|move|p2a: Venusaur|Hyper Voice|p1a: Serperior|[spread] p1a,p1b
|-damage|p1a: Serperior|80/100
|-damage|p1b: Staraptor|56/100
|move|p1b: Staraptor|Close Combat|p2b: Grimmsnarl
|-damage|p2b: Grimmsnarl|0 fnt
|-boost|p1b: Staraptor|def|1
|-boost|p1b: Staraptor|spd|1
|faint|p2b: Grimmsnarl
|
|-weather|none
|upkeep
|
|t:|1783029303
|switch|p2b: Charizard|Charizard-Mega-Y, L50, M, shiny|60/100
|-weather|SunnyDay|[from] ability: Drought|[of] p2b: Charizard
|turn|6
|
|t:|1783029316
|move|p1a: Serperior|Protect|p1a: Serperior
|-singleturn|p1a: Serperior|Protect
|move|p2a: Venusaur|Hyper Voice|p1a: Serperior|[spread] p1b
|-activate|p1a: Serperior|move: Protect
|-damage|p1b: Staraptor|46/100
|move|p2b: Charizard|Heat Wave|p1b: Staraptor|[spread] p1b
|-activate|p1a: Serperior|move: Protect
|-damage|p1b: Staraptor|29/100
|move|p1b: Staraptor|Roost|p1b: Staraptor
|-heal|p1b: Staraptor|79/100
|-singleturn|p1b: Staraptor|move: Roost
|
|-weather|SunnyDay|[upkeep]
|upkeep
|turn|7
|
|t:|1783029336
|move|p2a: Venusaur|Hyper Voice|p1b: Staraptor|[spread] p1a,p1b
|-damage|p1a: Serperior|59/100
|-damage|p1b: Staraptor|70/100
|move|p2b: Charizard|Heat Wave|p1b: Staraptor|[spread] p1a
|-miss|p2b: Charizard|p1b: Staraptor
|-supereffective|p1a: Serperior|1
|-damage|p1a: Serperior|0 fnt
|faint|p1a: Serperior
|move|p1b: Staraptor|Brave Bird|p2b: Charizard
|-damage|p2b: Charizard|0 fnt
|faint|p2b: Charizard
|-damage|p1b: Staraptor|52/100|[from] Recoil
|
|-weather|SunnyDay|[upkeep]
|upkeep
|
|t:|1783029343
|switch|p2b: Venusaur|Venusaur, L50, M, shiny|100/100
|switch|p1a: Grimmsnarl|Grimmsnarl, L50, M|52/100
|turn|8
|
|t:|1783029367
|move|p1a: Grimmsnarl|Fake Out|p2b: Venusaur
|-damage|p2b: Venusaur|91/100
|cant|p2b: Venusaur|flinch
|move|p2a: Venusaur|Hyper Voice|p1a: Grimmsnarl|[spread] p1a,p1b
|-damage|p1a: Grimmsnarl|35/100
|-damage|p1b: Staraptor|42/100
|move|p1b: Staraptor|Roost|p1b: Staraptor
|-heal|p1b: Staraptor|93/100
|-singleturn|p1b: Staraptor|move: Roost
|
|-weather|SunnyDay|[upkeep]
|-sideend|p1: kigokigo|move: Light Screen
|upkeep
|turn|9
|
|t:|1783029380
|move|p1b: Staraptor|Protect|p1b: Staraptor
|-singleturn|p1b: Staraptor|Protect
|move|p1a: Grimmsnarl|Light Screen|p1a: Grimmsnarl
|-sidestart|p1: kigokigo|move: Light Screen
|move|p2b: Venusaur|Giga Drain|p1a: Grimmsnarl
|-damage|p1a: Grimmsnarl|18/100
|-heal|p2b: Venusaur|100/100|[from] drain|[of] p1a: Grimmsnarl
|move|p2a: Venusaur|Hyper Voice|p1b: Staraptor|[spread] p1a
|-activate|p1b: Staraptor|move: Protect
|-damage|p1a: Grimmsnarl|0 fnt
|faint|p1a: Grimmsnarl
|
|-weather|SunnyDay|[upkeep]
|upkeep
|turn|10
|
|t:|1783029398
|move|p2b: Venusaur|Sludge Bomb|p1b: Staraptor
|-damage|p1b: Staraptor|81/100
|move|p2a: Venusaur|Hyper Voice|p1b: Staraptor
|-damage|p1b: Staraptor|68/100
|move|p1b: Staraptor|Close Combat|p2b: Venusaur
|-resisted|p2b: Venusaur|1
|-damage|p2b: Venusaur|49/100
|-boost|p1b: Staraptor|def|1
|-boost|p1b: Staraptor|spd|1
|
|-weather|none
|upkeep
|turn|11
|
|t:|1783029416
|move|p2a: Venusaur|Hyper Voice|p1b: Staraptor
|-crit|p1b: Staraptor
|-damage|p1b: Staraptor|0 fnt
|faint|p1b: Staraptor
|
|win|K0deBeast
||K0deBeast is ready for game 2.
||kigokigo is ready for game 2.
|uhtml|next|Next: Game 2 of 3
|l|☆kigokigo
|player|p1|
