|j|☆YungDungBeetle
|j|☆hundo_hunter24
|html|YungDungBeetlehundo_hunter24    
|uhtml|bestof|Game 2 of a best-of-3
|t:|1757860613
|gametype|doubles
|player|p1|YungDungBeetle|n|1185
|player|p2|hundo_hunter24|1|1013
|gen|9
|tier|[Gen 9] VGC 2025 Reg H (Bo3)
|rated|
|rule|Species Clause: Limit one of each Pokémon
|rule|Item Clause: Limit 1 of each item
|clearpoke
|poke|p1|Annihilape, L50, F|
|poke|p1|Baxcalibur, L50, F|
|poke|p1|Rillaboom, L50, M|
|poke|p1|Volcarona, L50, F|
|poke|p1|Kingambit, L50, F|
|poke|p1|Dondozo, L50, M|
|poke|p2|Ursaluna-Bloodmoon, L50, M|
|poke|p2|Ninetales-Alola, L50, M|
|poke|p2|Sinistcha, L50|
|poke|p2|Dragapult, L50, M|
|poke|p2|Electabuzz, L50, M|
|poke|p2|Conkeldurr, L50, M|
|teampreview|4
|showteam|p1|Annihilape||FocusSash|Defiant|CloseCombat,RageFist,Coaching,FinalGambit|||F|||50|,,,,,Grass]Baxcalibur||LoadedDice|ThermalExchange|Protect,IceShard,ScaleShot,IcicleSpear|||F|||50|,,,,,Ghost]Rillaboom||AssaultVest|GrassySurge|WoodHammer,GrassyGlide,HighHorsepower,FakeOut|||M|||50|,,,,,Water]Volcarona||CovertCloak|FlameBody|QuiverDance,HeatWave,GigaDrain,RagePowder|||F|||50|,,,,,Grass]Kingambit||SafetyGoggles|Defiant|SuckerPunch,KowtowCleave,SwordsDance,Protect|||F|||50|,,,,,Ghost]Dondozo||Leftovers|Unaware|Protect,Yawn,WaveCrash,Fissure|||M|||50|,,,,,Bug
|showteam|p2|Ursaluna-Bloodmoon||LifeOrb|MindsEye|HyperVoice,BloodMoon,EarthPower,Protect|||M|||50|,,,,,Normal]Ninetales-Alola||LightClay|SnowWarning|AuroraVeil,Blizzard,Protect,Encore|||M|||50|,,,,,Water]Sinistcha||SitrusBerry|Hospitality|TrickRoom,FoulPlay,RagePowder,LifeDew||||||50|,,,,,Water]Dragapult||ChoiceBand|ClearBody|Uturn,DragonDarts,TeraBlast,PhantomForce|||M|||50|,,,,,Ghost]Electabuzz||Eviolite|VitalSpirit|FollowMe,Taunt,Protect,KnockOff|||M|||50|,,,,,Dragon]Conkeldurr||FlameOrb|Guts|KnockOff,CloseCombat,MachPunch,Protect|||M|||50|,,,,,Dark
|
|t:|1757860622
|teamsize|p1|4
|teamsize|p2|4
|start
|switch|p1a: Annihilape|Annihilape, L50, F|100/100
|switch|p1b: Baxcalibur|Baxcalibur, L50, F|100/100
|switch|p2a: Sinistcha|Sinistcha, L50|100/100
|switch|p2b: Dragapult|Dragapult, L50, M, shiny|100/100
|turn|1
|
|t:|1757860637
|-terastallize|p1b: Baxcalibur|Ghost
|-terastallize|p2a: Sinistcha|Water
|move|p2b: Dragapult|U-turn|p1a: Annihilape
|-resisted|p1a: Annihilape
|-damage|p1a: Annihilape|92/100
|
|t:|1757860643
|switch|p2b: Conkeldurr|Conkeldurr, L50, M, shiny|100/100|[from] U-turn
|move|p1a: Annihilape|Coaching|p1b: Baxcalibur
|-boost|p1b: Baxcalibur|atk|1
|-boost|p1b: Baxcalibur|def|1
|move|p1b: Baxcalibur|Icicle Spear|p2a: Sinistcha
|-resisted|p2a: Sinistcha
|-damage|p2a: Sinistcha|90/100
|-resisted|p2a: Sinistcha
|-damage|p2a: Sinistcha|79/100
|-resisted|p2a: Sinistcha
|-damage|p2a: Sinistcha|67/100
|-resisted|p2a: Sinistcha
|-damage|p2a: Sinistcha|56/100
|-resisted|p2a: Sinistcha
|-damage|p2a: Sinistcha|46/100
|-enditem|p2a: Sinistcha|Sitrus Berry|[eat]
|-heal|p2a: Sinistcha|70/100|[from] item: Sitrus Berry
|-hitcount|p2a: Sinistcha|5
|move|p2a: Sinistcha|Trick Room|p2a: Sinistcha
|-fieldstart|move: Trick Room|[of] p2a: Sinistcha
|
|-status|p2b: Conkeldurr|brn|[from] item: Flame Orb
|upkeep
|turn|2
|
|t:|1757860663
|move|p1b: Baxcalibur|Protect|p1b: Baxcalibur
|-singleturn|p1b: Baxcalibur|Protect
|move|p2a: Sinistcha|Rage Powder|p2a: Sinistcha
|-singleturn|p2a: Sinistcha|move: Rage Powder
|move|p2b: Conkeldurr|Knock Off|p1b: Baxcalibur
|-activate|p1b: Baxcalibur|move: Protect
|move|p1a: Annihilape|Rage Fist|p2a: Sinistcha
|-damage|p2a: Sinistcha|34/100
|
|-damage|p2b: Conkeldurr|94/100 brn|[from] brn
|upkeep
|turn|3
|
|t:|1757860699
|switch|p1b: Kingambit|Kingambit, L50, F|100/100
|move|p2b: Conkeldurr|Knock Off|p1b: Kingambit
|-resisted|p1b: Kingambit
|-damage|p1b: Kingambit|79/100
|-enditem|p1b: Kingambit|Safety Goggles|[from] move: Knock Off|[of] p2b: Conkeldurr
|move|p2a: Sinistcha|Foul Play|p1b: Kingambit
|-resisted|p1b: Kingambit
|-damage|p1b: Kingambit|66/100
|move|p1a: Annihilape|Rage Fist|p2b: Conkeldurr
|-damage|p2b: Conkeldurr|59/100 brn
|
|-damage|p2b: Conkeldurr|53/100 brn|[from] brn
|upkeep
|turn|4
|
|t:|1757860720
|switch|p1b: Volcarona|Volcarona, L50, F|100/100
|move|p2b: Conkeldurr|Protect|p2b: Conkeldurr
|-singleturn|p2b: Conkeldurr|Protect
|move|p2a: Sinistcha|Life Dew|p2a: Sinistcha|[spread] p2a,p2b
|-heal|p2a: Sinistcha|59/100
|-heal|p2b: Conkeldurr|78/100 brn
|move|p1a: Annihilape|Rage Fist|p2a: Sinistcha
|-crit|p2a: Sinistcha
|-damage|p2a: Sinistcha|8/100
|
|-damage|p2b: Conkeldurr|72/100 brn|[from] brn
|upkeep
|turn|5
|
|t:|1757860740
|move|p2a: Sinistcha|Rage Powder|p2a: Sinistcha
|-singleturn|p2a: Sinistcha|move: Rage Powder
|move|p2b: Conkeldurr|Close Combat|p1b: Volcarona
|-resisted|p1b: Volcarona
|-damage|p1b: Volcarona|32/100
|-unboost|p2b: Conkeldurr|def|1
|-unboost|p2b: Conkeldurr|spd|1
|move|p1a: Annihilape|Rage Fist|p2a: Sinistcha
|-damage|p2a: Sinistcha|0 fnt
|faint|p2a: Sinistcha
|move|p1b: Volcarona|Giga Drain|p2b: Conkeldurr
|-damage|p2b: Conkeldurr|29/100 brn
|-heal|p1b: Volcarona|53/100|[from] drain|[of] p2b: Conkeldurr
|
|-damage|p2b: Conkeldurr|23/100 brn|[from] brn
|-fieldend|move: Trick Room
|upkeep
|
|t:|1757860749
|switch|p2a: Dragapult|Dragapult, L50, M, shiny|100/100
|turn|6
|
|t:|1757860769
|switch|p2b: Electabuzz|Electabuzz, L50, M, shiny|100/100
|move|p2a: Dragapult|Phantom Force||[still]
|-prepare|p2a: Dragapult|Phantom Force
|move|p1b: Volcarona|Heat Wave|p2b: Electabuzz|[spread] p2b
|-miss|p1b: Volcarona|p2a: Dragapult
|-damage|p2b: Electabuzz|74/100
|move|p1a: Annihilape|Rage Fist|p2a: Dragapult|[miss]
|-miss|p1a: Annihilape|p2a: Dragapult
|
|upkeep
|turn|7
|
|t:|1757860782
|switch|p1a: Kingambit|Kingambit, L50, F|66/100
|move|p2a: Dragapult|Phantom Force|p1a: Kingambit|[from] lockedmove
|-resisted|p1a: Kingambit
|-damage|p1a: Kingambit|40/100
|move|p1b: Volcarona|Quiver Dance|p1b: Volcarona
|-boost|p1b: Volcarona|spa|1
|-boost|p1b: Volcarona|spd|1
|-boost|p1b: Volcarona|spe|1
|move|p2b: Electabuzz|Knock Off|p1a: Kingambit
|-resisted|p1a: Kingambit
|-damage|p1a: Kingambit|36/100
|
|upkeep
|turn|8
|
|t:|1757860800
|move|p1b: Volcarona|Heat Wave|p2b: Electabuzz|[spread] p2a,p2b
|-resisted|p2a: Dragapult
|-damage|p2a: Dragapult|69/100
|-damage|p2b: Electabuzz|34/100
|move|p2a: Dragapult|Phantom Force||[still]
|-prepare|p2a: Dragapult|Phantom Force
|move|p2b: Electabuzz|Taunt|p1a: Kingambit
|-start|p1a: Kingambit|move: Taunt
|move|p1a: Kingambit|Kowtow Cleave|p2b: Electabuzz
|-damage|p2b: Electabuzz|0 fnt
|faint|p2b: Electabuzz
|
|upkeep
|
|t:|1757860808
|switch|p2b: Conkeldurr|Conkeldurr, L50, M, shiny|23/100 brn
|turn|9
|
|t:|1757860819
|move|p1a: Kingambit|Sucker Punch|p2b: Conkeldurr
|-resisted|p2b: Conkeldurr
|-damage|p2b: Conkeldurr|5/100 brn
|move|p2b: Conkeldurr|Mach Punch|p1a: Kingambit
|-supereffective|p1a: Kingambit
|-damage|p1a: Kingambit|0 fnt
|faint|p1a: Kingambit
|move|p1b: Volcarona|Quiver Dance|p1b: Volcarona
|-boost|p1b: Volcarona|spa|1
|-boost|p1b: Volcarona|spd|1
|-boost|p1b: Volcarona|spe|1
|move|p2a: Dragapult|Phantom Force|p1b: Volcarona|[from] lockedmove
|-damage|p1b: Volcarona|0 fnt
|faint|p1b: Volcarona
|
|-damage|p2b: Conkeldurr|0 fnt|[from] brn
|faint|p2b: Conkeldurr
|upkeep
|
|t:|1757860824
|switch|p1b: Baxcalibur|Baxcalibur, L50, F, tera:Ghost|100/100
|switch|p1a: Annihilape|Annihilape, L50, F|92/100
|turn|10
|
|t:|1757860832
|move|p1b: Baxcalibur|Ice Shard|p2a: Dragapult
|-supereffective|p2a: Dragapult
|-damage|p2a: Dragapult|4/100
|move|p2a: Dragapult|Phantom Force||[still]
|-prepare|p2a: Dragapult|Phantom Force
|move|p1a: Annihilape|Coaching|p1b: Baxcalibur
|-boost|p1b: Baxcalibur|atk|1
|-boost|p1b: Baxcalibur|def|1
|
|upkeep
|turn|11
|
|t:|1757860843
|move|p2a: Dragapult|Phantom Force|p1a: Annihilape|[from] lockedmove
|-supereffective|p1a: Annihilape
|-damage|p1a: Annihilape|0 fnt
|faint|p1a: Annihilape
|move|p1b: Baxcalibur|Icicle Spear|p2a: Dragapult
|-supereffective|p2a: Dragapult
|-damage|p2a: Dragapult|0 fnt
|faint|p2a: Dragapult
|-hitcount|p2: Dragapult|1
|
|win|YungDungBeetle
|raw|YungDungBeetle's rating: 1185 → 1199(+14 for winning)
|raw|hundo_hunter24's rating: 1013 → 1007(-6 for losing)
|c|☆hundo_hunter24|gg
