|j|☆AGreatRobot
|j|☆Ev_Evan
|html|AGreatRobotEv_Evan    
|uhtml|bestof|Game 2 of a best-of-3
|t:|1757104448
|gametype|doubles
|player|p1|AGreatRobot|wattson|
|player|p2|Ev_Evan|volkner|
|gen|9
|tier|[Gen 9] VGC 2025 Reg H (Bo3)
|rule|Species Clause: Limit one of each Pokémon
|rule|Item Clause: Limit 1 of each item
|clearpoke
|poke|p1|Bisharp, L50, M|
|poke|p1|Clodsire, L50, F|
|poke|p1|Tatsugiri-Stretchy, L50, F|
|poke|p1|Murkrow, L50, M|
|poke|p1|Oranguru, L50, F|
|poke|p1|Weavile, L50, M|
|poke|p2|Gallade, L50, M|
|poke|p2|Yanmega, L50, F|
|poke|p2|Oranguru, L50, F|
|poke|p2|Excadrill, L50, F|
|poke|p2|Scrafty, L50, M|
|poke|p2|Hydreigon, L50, F|
|teampreview|4
|showteam|p1|Bisharp||Eviolite|Defiant|IronHead,ThroatChop,SuckerPunch,Protect|||M|||50|,,,,,Water]Clodsire||SitrusBerry|WaterAbsorb|BodyPress,AfterYou,Stockpile,Yawn|||F|||50|,,,,,Grass]Tatsugiri-Stretchy||ChoiceSpecs|StormDrain|Surf,DracoMeteor,HydroPump,MuddyWater|||F|||50|,,,,,Water]Murkrow||FocusSash|Prankster|Tailwind,RainDance,Taunt,FoulPlay|||M|||50|,,,,,Ghost]Oranguru||SafetyGoggles|Telepathy|Instruct,TrickRoom,Protect,KnockOff|||F|||50|,,,,,Dark]Weavile||LifeOrb|Pressure|TripleAxel,KnockOff,FakeOut,Protect|||M|||50|,,,,,Ice
|showteam|p2|Gallade||SitrusBerry|Sharpness|TrickRoom,PsychoCut,SacredSword,WideGuard|||M|||50|,,,,,Fire]Yanmega||FocusSash|SpeedBoost|Tailwind,AirSlash,BugBuzz,Protect|||F|||50|,,,,,Ghost]Oranguru||MentalHerb|Telepathy|TrickRoom,Instruct,PsychicNoise,Protect|||F|||50|,,,,,Dark]Excadrill||ClearAmulet|SandRush|Earthquake,IronHead,RockSlide,Protect|||F|||50|,,,,,Ground]Scrafty||SafetyGoggles|Intimidate|FakeOut,KnockOff,CloseCombat,Taunt|||M|||50|,,,,,Grass]Hydreigon||LifeOrb|Levitate|HeatWave,DracoMeteor,DarkPulse,Protect|||F|||50|,,,,,Ghost
|inactive|Battle timer is ON: inactive players will automatically lose when time's up. (requested by Ev_Evan)
|
|t:|1757104461
|teamsize|p1|4
|teamsize|p2|4
|start
|switch|p1a: Half a Murder|Murkrow, L50, M, shiny|100/100
|switch|p1b: Ice Ice Baby|Weavile, L50, M|100/100
|switch|p2a: Oranguru|Oranguru, L50, F|100/100
|switch|p2b: Scrafty|Scrafty, L50, M|100/100
|-ability|p1b: Ice Ice Baby|Pressure
|-ability|p2b: Scrafty|Intimidate|boost
|-unboost|p1a: Half a Murder|atk|1
|-unboost|p1b: Ice Ice Baby|atk|1
|turn|1
|
|t:|1757104478
|switch|p1b: Just Keep Swimming|Tatsugiri-Stretchy, L50, F|100/100
|-terastallize|p1a: Half a Murder|Ghost
|-terastallize|p2a: Oranguru|Dark
|move|p2b: Scrafty|Fake Out|p1b: Just Keep Swimming
|-damage|p1b: Just Keep Swimming|82/100
|move|p1a: Half a Murder|Taunt|p2a: Oranguru
|-hint|Since gen 7, Dark is immune to Prankster moves.
|-immune|p2a: Oranguru
|move|p2a: Oranguru|Trick Room|p2a: Oranguru
|-fieldstart|move: Trick Room|[of] p2a: Oranguru
|
|upkeep
|turn|2
|
|t:|1757104490
|move|p1a: Half a Murder|Rain Dance|p1a: Half a Murder
|-weather|RainDance
|move|p2a: Oranguru|Psychic Noise|p1b: Just Keep Swimming
|-damage|p1b: Just Keep Swimming|58/100
|-start|p1b: Just Keep Swimming|move: Heal Block
|move|p2b: Scrafty|Knock Off|p1b: Just Keep Swimming
|-damage|p1b: Just Keep Swimming|0 fnt
|-enditem|p1b: Just Keep Swimming|Choice Specs|[from] move: Knock Off|[of] p2b: Scrafty
|faint|p1b: Just Keep Swimming
|
|-weather|RainDance|[upkeep]
|upkeep
|
|t:|1757104499
|switch|p1b: Lil Bro|Bisharp, L50, M|100/100
|turn|3
|
|t:|1757104505
|move|p1b: Lil Bro|Sucker Punch|p2b: Scrafty
|-resisted|p2b: Scrafty
|-damage|p2b: Scrafty|91/100
|move|p2a: Oranguru|Instruct|p2b: Scrafty
|-singleturn|p2b: Scrafty|move: Instruct|[of] p2a: Oranguru
|move|p2b: Scrafty|Knock Off|p1b: Lil Bro
|-resisted|p1b: Lil Bro
|-damage|p1b: Lil Bro|84/100
|-enditem|p1b: Lil Bro|Eviolite|[from] move: Knock Off|[of] p2b: Scrafty
|move|p2b: Scrafty|Close Combat|p1b: Lil Bro
|-supereffective|p1b: Lil Bro
|-damage|p1b: Lil Bro|0 fnt
|-unboost|p2b: Scrafty|def|1
|-unboost|p2b: Scrafty|spd|1
|faint|p1b: Lil Bro
|move|p1a: Half a Murder|Foul Play|p2b: Scrafty
|-resisted|p2b: Scrafty
|-damage|p2b: Scrafty|77/100
|
|-weather|RainDance|[upkeep]
|upkeep
|
|t:|1757104507
|switch|p1b: Ice Ice Baby|Weavile, L50, M|100/100
|-ability|p1b: Ice Ice Baby|Pressure
|turn|4
|
|t:|1757104520
|switch|p2a: Gallade|Gallade, L50, M|100/100
|move|p1b: Ice Ice Baby|Protect|p1b: Ice Ice Baby
|-singleturn|p1b: Ice Ice Baby|Protect
|move|p2b: Scrafty|Knock Off|p1a: Half a Murder
|-supereffective|p1a: Half a Murder
|-enditem|p1a: Half a Murder|Focus Sash
|-damage|p1a: Half a Murder|1/100
|move|p1a: Half a Murder|Foul Play|p2b: Scrafty
|-resisted|p2b: Scrafty
|-damage|p2b: Scrafty|62/100
|
|-weather|RainDance|[upkeep]
|upkeep
|turn|5
|
|t:|1757104526
|move|p1b: Ice Ice Baby|Protect|p1b: Ice Ice Baby
|-singleturn|p1b: Ice Ice Baby|Protect
|move|p2b: Scrafty|Knock Off|p1a: Half a Murder
|-supereffective|p1a: Half a Murder
|-damage|p1a: Half a Murder|0 fnt
|faint|p1a: Half a Murder
|move|p2a: Gallade|Sacred Sword|p1b: Ice Ice Baby
|-activate|p1b: Ice Ice Baby|move: Protect
|
|-weather|RainDance|[upkeep]
|-fieldend|move: Trick Room
|upkeep
|turn|6
|
|t:|1757104535
|move|p1b: Ice Ice Baby|Triple Axel|p2b: Scrafty
|-damage|p2b: Scrafty|44/100
|-damage|p2b: Scrafty|5/100
|-crit|p2b: Scrafty
|-damage|p2b: Scrafty|0 fnt
|faint|p2b: Scrafty
|-hitcount|p2: Scrafty|3
|-damage|p1b: Ice Ice Baby|91/100|[from] item: Life Orb
|move|p2a: Gallade|Sacred Sword|p1b: Ice Ice Baby
|-supereffective|p1b: Ice Ice Baby
|-crit|p1b: Ice Ice Baby
|-damage|p1b: Ice Ice Baby|0 fnt
|faint|p1b: Ice Ice Baby
|
|win|Ev_Evan
|c|☆Ev_Evan|gg
|c|☆AGreatRobot|Ggs
|l|☆AGreatRobot
|player|p1|
