|j|☆PokeReplaysVGC
|j|☆PixelRory
|html|PokeReplaysVGCPixelRory    
|uhtml|bestof|Game 1 of a best-of-3
|t:|1784552553
|gametype|doubles
|player|p1|PokeReplaysVGC|lillie|
|player|p2|PixelRory|ingo|
|gen|9
|tier|[Gen 9 Champions] VGC 2026 Reg M-B (Bo3)
|rule|Species Clause: Limit one of each Pokémon
|rule|Item Clause: Limit 1 of each item
|clearpoke
|poke|p1|Kingambit, L50, F|
|poke|p1|Whimsicott, L50, F|
|poke|p1|Basculegion, L50, M|
|poke|p1|Garchomp, L50, F|
|poke|p1|Charizard, L50, F|
|poke|p1|Floette-Eternal, L50, F|
|poke|p2|Tyranitar, L50, F|
|poke|p2|Staraptor, L50, M|
|poke|p2|Excadrill, L50, F|
|poke|p2|Milotic, L50, M|
|poke|p2|Sinistcha, L50|
|poke|p2|Gholdengo, L50|
|teampreview|4
|showteam|p1|Kingambit||ChopleBerry|Defiant|KowtowCleave,LowKick,SuckerPunch,Protect|Adamant||F|||50|]Whimsicott||FocusSash|Prankster|Moonblast,Tailwind,Encore,Protect|Timid||F|||50|]Basculegion||MysticWater|Adaptability|WaveCrash,LastRespects,AquaJet,Protect|Adamant||M|||50|]Garchomp||LifeOrb|RoughSkin|DragonClaw,RockSlide,Earthquake,Protect|Jolly||F|||50|]Charizard||CharizarditeY|Blaze|WeatherBall,HeatWave,SolarBeam,Protect|Modest||F|||50|]Floette-Eternal||Floettite|FlowerVeil|Moonblast,DazzlingGleam,LightofRuin,Protect|Modest||F|||50|
|showteam|p2|Tyranitar||Tyranitarite|SandStream|RockSlide,KnockOff,HighHorsepower,Protect|Jolly||F|||50|]Staraptor||Staraptite|Intimidate|CloseCombat,BraveBird,Tailwind,Protect|Jolly||M|||50|]Excadrill||FocusSash|SandRush|Earthquake,IronHead,RockSlide,Protect|Jolly||F|||50|]Milotic||SitrusBerry|Competitive|Scald,IcyWind,Haze,Protect|Calm||M|||50|]Sinistcha||ColburBerry|Hospitality|MatchaGotcha,ShadowBall,RagePowder,Protect|Bold|||||50|]Gholdengo||LifeOrb|GoodasGold|MakeItRain,ShadowBall,NastyPlot,Protect|Modest|||||50|
|inactive|Battle timer is ON: inactive players will automatically lose when time's up. (requested by PokeReplaysVGC)
|c|☆PokeReplaysVGC|glhf
|inactive|PokeReplaysVGC has 60 seconds left.
|inactive|PixelRory has 60 seconds left.
|c|☆PixelRory|glhf
|inactive|PokeReplaysVGC has 30 seconds left.
|inactive|PixelRory has 30 seconds left.
|inactive|PixelRory has 20 seconds left.
|j| awammy
|inactive|PixelRory has 15 seconds left.
|inactive|PixelRory has 10 seconds left.
|
|t:|1784552635
|teamsize|p1|4
|teamsize|p2|4
|start
|switch|p1a: Charizard|Charizard, L50, F|100/100
|switch|p1b: Garchomp|Garchomp, L50, F|100/100
|switch|p2a: Tyranitar|Tyranitar, L50, F|100/100
|switch|p2b: Excadrill|Excadrill, L50, F|100/100
|-weather|Sandstorm|[from] ability: Sand Stream|[of] p2a: Tyranitar
|turn|1
|inactive|PokeReplaysVGC has 30 seconds left.
|inactive|PixelRory has 30 seconds left.
|j| celaerity
|inactive|PokeReplaysVGC has 20 seconds left.
|inactive|PixelRory has 20 seconds left.
|j| WestlyLiam
|inactive|PixelRory has 15 seconds left.
|
|t:|1784552678
|move|p2b: Excadrill|Protect|p2b: Excadrill
|-singleturn|p2b: Excadrill|Protect
|move|p1a: Charizard|Protect|p1a: Charizard
|-singleturn|p1a: Charizard|Protect
|move|p2a: Tyranitar|Protect|p2a: Tyranitar
|-singleturn|p2a: Tyranitar|Protect
|move|p1b: Garchomp|Earthquake|p2b: Excadrill|[spread] 
|-activate|p1a: Charizard|move: Protect
|-activate|p2a: Tyranitar|move: Protect
|-activate|p2b: Excadrill|move: Protect
|
|-weather|Sandstorm|[upkeep]
|-damage|p1a: Charizard|93/100|[from] Sandstorm
|upkeep
|turn|2
|n| Breloom3912|westlyliam
|inactive|PixelRory has 30 seconds left.
|inactive|PixelRory has 20 seconds left.
|inactive|PixelRory has 15 seconds left.
|
|t:|1784552719
|switch|p1a: Whimsicott|Whimsicott, L50, F|100/100
|detailschange|p2a: Tyranitar|Tyranitar-Mega, L50, F
|-mega|p2a: Tyranitar|Tyranitar|Tyranitarite
|move|p2b: Excadrill|Rock Slide|p1a: Whimsicott|[spread] p1b
|-miss|p2b: Excadrill|p1a: Whimsicott
|-resisted|p1b: Garchomp|1
|-damage|p1b: Garchomp|90/100
|cant|p1b: Garchomp|flinch
|move|p2a: Tyranitar|Knock Off|p1b: Garchomp
|-damage|p1b: Garchomp|38/100
|-damage|p2a: Tyranitar|87/100|[from] ability: Rough Skin|[of] p1b: Garchomp
|-enditem|p1b: Garchomp|Life Orb|[from] move: Knock Off|[of] p2a: Tyranitar
|
|-weather|Sandstorm|[upkeep]
|-damage|p1a: Whimsicott|94/100|[from] Sandstorm
|upkeep
|turn|3
|inactive|PixelRory has 30 seconds left.
|inactive|PixelRory has 20 seconds left.
|l| Breloom3912
|inactive|PixelRory has 15 seconds left.
|
|t:|1784552761
|switch|p2a: Milotic|Milotic, L50, M|100/100
|move|p1a: Whimsicott|Tailwind|p1a: Whimsicott
|-sidestart|p1: PokeReplaysVGC|move: Tailwind
|move|p1b: Garchomp|Earthquake|p2a: Milotic|[spread] p1a,p2a,p2b
|-resisted|p1a: Whimsicott|1
|-supereffective|p2b: Excadrill|1
|-damage|p1a: Whimsicott|67/100
|-damage|p2a: Milotic|58/100
|-enditem|p2b: Excadrill|Focus Sash
|-damage|p2b: Excadrill|1/100
|move|p2b: Excadrill|Iron Head|p1a: Whimsicott
|-supereffective|p1a: Whimsicott|1
|-damage|p1a: Whimsicott|0 fnt
|faint|p1a: Whimsicott
|
|-weather|Sandstorm|[upkeep]
|-damage|p2a: Milotic|53/100|[from] Sandstorm
|upkeep
|
|t:|1784552775
|switch|p1a: Basculegion|Basculegion, L50, M|100/100
|turn|4
|
|t:|1784552791
|move|p2b: Excadrill|Protect|p2b: Excadrill
|-singleturn|p2b: Excadrill|Protect
|move|p2a: Milotic|Protect|p2a: Milotic
|-singleturn|p2a: Milotic|Protect
|move|p1b: Garchomp|Dragon Claw|p2b: Excadrill
|-activate|p2b: Excadrill|move: Protect
|move|p1a: Basculegion|Last Respects|p2a: Milotic
|-activate|p2a: Milotic|move: Protect
|
|-weather|Sandstorm|[upkeep]
|-damage|p1a: Basculegion|94/100|[from] Sandstorm
|-damage|p2a: Milotic|47/100|[from] Sandstorm
|-enditem|p2a: Milotic|Sitrus Berry|[eat]
|-heal|p2a: Milotic|72/100|[from] item: Sitrus Berry
|upkeep
|turn|5
|j| Breloom3912
|
|t:|1784552807
|switch|p2b: Gholdengo|Gholdengo, L50|100/100
|move|p1b: Garchomp|Rock Slide|p2b: Gholdengo|[spread] p2a,p2b
|-resisted|p2b: Gholdengo|1
|-damage|p2a: Milotic|53/100
|-damage|p2b: Gholdengo|92/100
|move|p1a: Basculegion|Last Respects|p2a: Milotic
|-damage|p2a: Milotic|0 fnt
|faint|p2a: Milotic
|
|-weather|none
|upkeep
|
|t:|1784552824
|switch|p2a: Excadrill|Excadrill, L50, F|1/100
|turn|6
|l| awammy
|l| Breloom3912
|
|t:|1784552839
|move|p2a: Excadrill|Protect|p2a: Excadrill
|-singleturn|p2a: Excadrill|Protect
|move|p2b: Gholdengo|Protect|p2b: Gholdengo
|-singleturn|p2b: Gholdengo|Protect
|move|p1b: Garchomp|Dragon Claw|p2a: Excadrill
|-activate|p2a: Excadrill|move: Protect
|move|p1a: Basculegion|Last Respects|p2b: Gholdengo
|-activate|p2b: Gholdengo|move: Protect
|
|-sideend|p1: PokeReplaysVGC|move: Tailwind
|upkeep
|turn|7
|inactive|PixelRory has 30 seconds left.
|inactive|PixelRory has 20 seconds left.
|
|t:|1784552879
|switch|p2a: Tyranitar|Tyranitar-Mega, L50, F|87/100
|-weather|Sandstorm|[from] ability: Sand Stream|[of] p2a: Tyranitar
|move|p1b: Garchomp|Protect|p1b: Garchomp
|-singleturn|p1b: Garchomp|Protect
|move|p2b: Gholdengo|Shadow Ball|p1a: Basculegion
|-supereffective|p1a: Basculegion|1
|-damage|p1a: Basculegion|0 fnt
|faint|p1a: Basculegion
|-damage|p2b: Gholdengo|83/100|[from] item: Life Orb
|
|-weather|Sandstorm|[upkeep]
|upkeep
|
|t:|1784552888
|switch|p1a: Charizard|Charizard, L50, F|93/100
|turn|8
|
|t:|1784552910
|detailschange|p1a: Charizard|Charizard-Mega-Y, L50, F
|-mega|p1a: Charizard|Charizard|Charizardite Y
|-weather|SunnyDay|[from] ability: Drought|[of] p1a: Charizard
|move|p1b: Garchomp|Earthquake|p2a: Tyranitar|[spread] p2a,p2b
|-immune|p1a: Charizard
|-supereffective|p2a: Tyranitar|1
|-supereffective|p2b: Gholdengo|1
|-damage|p2a: Tyranitar|30/100
|-damage|p2b: Gholdengo|16/100
|move|p1a: Charizard|Heat Wave|p2a: Tyranitar|[spread] p2a,p2b
|-resisted|p2a: Tyranitar|1
|-supereffective|p2b: Gholdengo|1
|-damage|p2a: Tyranitar|6/100
|-damage|p2b: Gholdengo|0 fnt
|faint|p2b: Gholdengo
|move|p2a: Tyranitar|Rock Slide|p1b: Garchomp|[spread] p1a,p1b
|-supereffective|p1a: Charizard|2
|-resisted|p1b: Garchomp|1
|-damage|p1a: Charizard|0 fnt
|-damage|p1b: Garchomp|23/100
|faint|p1a: Charizard
|
|-weather|SunnyDay|[upkeep]
|upkeep
|
|t:|1784552923
|switch|p2b: Excadrill|Excadrill, L50, F|1/100
|turn|9
|j| awammy
|
|t:|1784552932
|move|p1b: Garchomp|Earthquake|p2b: Excadrill|[spread] p2a,p2b
|-supereffective|p2a: Tyranitar|1
|-supereffective|p2b: Excadrill|1
|-damage|p2a: Tyranitar|0 fnt
|-damage|p2b: Excadrill|0 fnt
|faint|p2a: Tyranitar
|faint|p2b: Excadrill
|
|win|PokeReplaysVGC
||PixelRory is ready for game 2.
||PokeReplaysVGC is ready for game 2.
|uhtml|next|Next: Game 2 of 3
|j| Aox93
|l| Aox93
|l|☆PixelRory
|player|p2|
|l| awammy
|j|☆PixelRory
|player|p2|PixelRory|ingo|
|l|☆PokeReplaysVGC
|player|p1|
