|j|☆jikada2
|j|☆ground tera
|html|jikada2ground tera    
|uhtml|bestof|Game 1 of a best-of-3
|t:|1784381323
|gametype|doubles
|player|p1|jikada2|266|1372
|player|p2|ground tera|102|1254
|gen|9
|tier|[Gen 9 Champions] VGC 2026 Reg M-B (Bo3)
|rated|
|rule|Species Clause: Limit one of each Pokémon
|rule|Item Clause: Limit 1 of each item
|clearpoke
|poke|p1|Delphox, L50, F|
|poke|p1|Sneasler, L50, F|
|poke|p1|Meowscarada, L50, F|
|poke|p1|Kingambit, L50, M|
|poke|p1|Ninetales-Alola, L50, F|
|poke|p1|Aerodactyl, L50, M|
|poke|p2|Whimsicott, L50, M, shiny|
|poke|p2|Garchomp, L50, F|
|poke|p2|Basculegion, L50, M|
|poke|p2|Charizard, L50, M|
|poke|p2|Floette-Eternal, L50, F|
|poke|p2|Kingambit, L50, F|
|teampreview|4
|showteam|p1|Delphox||Delphoxite|Blaze|Protect,Encore,HeatWave,Psyshock|Timid||F|||50|]Sneasler||WhiteHerb|Unburden|CloseCombat,DireClaw,FakeOut,QuickGuard|Jolly||F|||50|]Meowscarada||LifeOrb|Protean|TripleAxel,KnockOff,FlowerTrick,ThunderPunch|Jolly||F|||50|]Kingambit||FocusSash|Defiant|KowtowCleave,IronHead,SuckerPunch,LowKick|Adamant||M|||50|]Ninetales-Alola||ChoiceScarf|SnowWarning|Blizzard,IcyWind,Moonblast,FreezeDry|Modest||F|||50|]Aerodactyl||Aerodactylite|Unnerve|RockSlide,Tailwind,Protect,DualWingbeat|Jolly||M|||50|
|showteam|p2|Whimsicott||FocusSash|Prankster|Protect,Tailwind,SunnyDay,Moonblast|Timid||M|||50|]Garchomp||LifeOrb|RoughSkin|Protect,RockSlide,Earthquake,DragonClaw|Jolly||F|||50|]Basculegion||MysticWater|Adaptability|Protect,WaveCrash,LastRespects,AquaJet|Adamant||M|||50|]Charizard||CharizarditeY|Blaze|Protect,HeatWave,WeatherBall,SolarBeam|Modest||M|||50|]Floette-Eternal||Floettite|FlowerVeil|Protect,LightofRuin,DazzlingGleam,Moonblast|Timid||F|||50|]Kingambit||ChopleBerry|Defiant|LowKick,SuckerPunch,KowtowCleave,IronHead|Adamant||F|||50|
|inactive|Battle timer is ON: inactive players will automatically lose when time's up. (requested by ground tera)
|inactive|jikada2 has 60 seconds left.
|inactive|ground tera has 60 seconds left.
|inactive|jikada2 has 30 seconds left.
|
|t:|1784381385
|teamsize|p1|4
|teamsize|p2|4
|start
|switch|p1a: OjitoConKuro|Sneasler, L50, F|100/100
|switch|p1b: Harley Quinn|Meowscarada, L50, F|100/100
|switch|p2a: Whimsicott|Whimsicott, L50, M, shiny|100/100
|switch|p2b: Floette|Floette-Eternal, L50, F|100/100
|turn|1
|inactive|jikada2 has 30 seconds left.
|inactive|ground tera has 30 seconds left.
|inactive|jikada2 has 20 seconds left.
|inactive|jikada2 has 15 seconds left.
|
|t:|1784381430
|move|p2a: Whimsicott|Protect|p2a: Whimsicott
|-singleturn|p2a: Whimsicott|Protect
|move|p2b: Floette|Protect|p2b: Floette
|-singleturn|p2b: Floette|Protect
|move|p1a: OjitoConKuro|Fake Out|p2b: Floette
|-activate|p2b: Floette|move: Protect
|move|p1b: Harley Quinn|Triple Axel|p2a: Whimsicott
|-start|p1b: Harley Quinn|typechange|Ice|[from] ability: Protean
|-activate|p2a: Whimsicott|move: Protect
|
|upkeep
|turn|2
|
|t:|1784381449
|detailschange|p2b: Floette|Floette-Mega, L50, F
|-mega|p2b: Floette|Floette|Floettite
|-ability|p2b: Floette|Fairy Aura
|move|p2a: Whimsicott|Tailwind|p2a: Whimsicott
|-sidestart|p2: ground tera|move: Tailwind
|move|p2b: Floette|Moonblast|p1a: OjitoConKuro
|-damage|p1a: OjitoConKuro|4/100
|move|p1b: Harley Quinn|Triple Axel|p2a: Whimsicott
|-supereffective|p2a: Whimsicott|1
|-damage|p2a: Whimsicott|59/100
|-supereffective|p2a: Whimsicott|1
|-damage|p2a: Whimsicott|0 fnt
|faint|p2a: Whimsicott
|-hitcount|p2: Whimsicott|2
|-damage|p1b: Harley Quinn|90/100|[from] item: Life Orb
|move|p1a: OjitoConKuro|Dire Claw|p2b: Floette
|-supereffective|p2b: Floette|1
|-damage|p2b: Floette|0 fnt
|faint|p2b: Floette
|
|upkeep
|
|t:|1784381457
|switch|p2a: Basculegion|Basculegion, L50, M|100/100
|switch|p2b: Garchomp|Garchomp, L50, F|100/100
|turn|3
|
|t:|1784381478
|move|p1a: OjitoConKuro|Quick Guard|p1a: OjitoConKuro
|-singleturn|p1a: OjitoConKuro|Quick Guard
|move|p2b: Garchomp|Rock Slide|p1a: OjitoConKuro|[spread] p1a,p1b
|-resisted|p1a: OjitoConKuro|1
|-supereffective|p1b: Harley Quinn|1
|-damage|p1a: OjitoConKuro|0 fnt
|-damage|p1b: Harley Quinn|13/100
|faint|p1a: OjitoConKuro
|-damage|p2b: Garchomp|90/100|[from] item: Life Orb
|move|p2a: Basculegion|Last Respects|p1b: Harley Quinn
|-damage|p1b: Harley Quinn|0 fnt
|faint|p1b: Harley Quinn
|
|upkeep
|
|t:|1784381483
|switch|p1b: Sasha|Ninetales-Alola, L50, F|100/100
|switch|p1a: Aerogambling|Aerodactyl, L50, M|100/100
|-ability|p1a: Aerogambling|Unnerve
|-weather|Snowscape|[from] ability: Snow Warning|[of] p1b: Sasha
|turn|4
|inactive|jikada2 has 30 seconds left.
|inactive|ground tera has 30 seconds left.
|inactive|jikada2 has 20 seconds left.
|inactive|ground tera has 20 seconds left.
|
|t:|1784381529
|detailschange|p1a: Aerogambling|Aerodactyl-Mega, L50, M
|-mega|p1a: Aerogambling|Aerodactyl|Aerodactylite
|move|p2b: Garchomp|Rock Slide|p1a: Aerogambling|[spread] p1a,p1b
|-supereffective|p1a: Aerogambling|1
|-supereffective|p1b: Sasha|1
|-damage|p1a: Aerogambling|36/100
|-damage|p1b: Sasha|52/100
|-damage|p2b: Garchomp|80/100|[from] item: Life Orb
|move|p2a: Basculegion|Last Respects|p1b: Sasha
|-damage|p1b: Sasha|0 fnt
|faint|p1b: Sasha
|cant|p1a: Aerogambling|flinch
|
|-weather|Snowscape|[upkeep]
|upkeep
|turn|5
|-message|jikada2 forfeited.
|
|win|ground tera
|l|☆jikada2
|player|p1|
