|j|☆teyvgc
|j|☆CrazyyBoi
|html|teyvgcCrazyyBoi    
|uhtml|bestof|Game 3 of a best-of-3
|t:|1757214285
|gametype|doubles
|player|p1|teyvgc|benga|1294
|player|p2|CrazyyBoi|102|1225
|gen|9
|tier|[Gen 9] VGC 2025 Reg H (Bo3)
|rated|
|rule|Species Clause: Limit one of each Pokémon
|rule|Item Clause: Limit 1 of each item
|clearpoke
|poke|p1|Gholdengo, L50|
|poke|p1|Dragonite, L50, F|
|poke|p1|Sneasler, L50, F|
|poke|p1|Incineroar, L50, M|
|poke|p1|Indeedee, L50, M|
|poke|p1|Ninetales-Alola, L50, M|
|poke|p2|Maushold-Four, L50|
|poke|p2|Sableye, L50, F|
|poke|p2|Gothitelle, L50, M|
|poke|p2|Kommo-o, L50, M|
|poke|p2|Incineroar, L50, F|
|poke|p2|Primarina, L50, M|
|teampreview|4
|showteam|p1|Gholdengo||LifeOrb|GoodasGold|Protect,MakeItRain,ShadowBall,NastyPlot||||||50|,,,,,Water]Dragonite||LoadedDice|Multiscale|ScaleShot,Tailwind,Haze,Protect|||F|||50|,,,,,Fairy]Sneasler||PsychicSeed|Unburden|Protect,DireClaw,CloseCombat,ThroatChop|||F|||50|,,,,,Dark]Incineroar||SafetyGoggles|Intimidate|KnockOff,PartingShot,FlareBlitz,FakeOut|||M|||50|,,,,,Ghost]Indeedee||ChoiceScarf|PsychicSurge|Protect,Trick,TeraBlast,ExpandingForce|||M|||50|,,,,,Psychic]Ninetales-Alola||FocusSash|SnowWarning|Blizzard,IcyWind,Encore,AuroraVeil|||M|||50|,,,,,Ghost
|showteam|p2|Maushold-Four||WideLens|Technician|Protect,PopulationBomb,Bite,FollowMe||||||50|,,,,,Poison]Sableye||FocusSash|Prankster|FakeOut,Quash,Disable,Encore|||F|||50|,,,,,Grass]Gothitelle||SitrusBerry|ShadowTag|FakeOut,Psychic,TrickRoom,Protect|||M|||50|,,,,,Steel]Kommo-o||ThroatSpray|Overcoat|ClangorousSoul,ClangingScales,Protect,AuraSphere|||M|||50|,,,,,Steel]Incineroar||SafetyGoggles|Intimidate|FakeOut,PartingShot,KnockOff,Taunt|||F|||50|,,,,,Ghost]Primarina||LifeOrb|LiquidVoice|HyperVoice,Moonblast,PerishSong,Protect|||M|||50|,,,,,Dragon
|inactive|Battle timer is ON: inactive players will automatically lose when time's up. (requested by CrazyyBoi)
|inactive|teyvgc has 60 seconds left.
|
|t:|1757214351
|teamsize|p1|4
|teamsize|p2|4
|start
|switch|p1a: Dragonite|Dragonite, L50, F|100/100
|switch|p1b: Gholdengo|Gholdengo, L50|100/100
|switch|p2a: Incineroar|Incineroar, L50, F|100/100
|switch|p2b: Gothitelle|Gothitelle, L50, M|100/100
|-ability|p2a: Incineroar|Intimidate|boost
|-unboost|p1a: Dragonite|atk|1
|-unboost|p1b: Gholdengo|atk|1
|turn|1
|
|t:|1757214375
|move|p1b: Gholdengo|Protect|p1b: Gholdengo
|-singleturn|p1b: Gholdengo|Protect
|move|p1a: Dragonite|Scale Shot|p2b: Gothitelle
|-crit|p2b: Gothitelle
|-damage|p2b: Gothitelle|80/100
|-damage|p2b: Gothitelle|71/100
|-damage|p2b: Gothitelle|60/100
|-damage|p2b: Gothitelle|50/100
|-enditem|p2b: Gothitelle|Sitrus Berry|[eat]
|-heal|p2b: Gothitelle|75/100|[from] item: Sitrus Berry
|-hitcount|p2b: Gothitelle|4
|-unboost|p1a: Dragonite|def|1
|-boost|p1a: Dragonite|spe|1
|move|p2a: Incineroar|Knock Off|p1b: Gholdengo
|-activate|p1b: Gholdengo|move: Protect
|move|p2b: Gothitelle|Trick Room|p2b: Gothitelle
|-fieldstart|move: Trick Room|[of] p2b: Gothitelle
|
|upkeep
|turn|2
|inactive|teyvgc has 30 seconds left.
|inactive|CrazyyBoi has 30 seconds left.
|inactive|teyvgc has 20 seconds left.
|inactive|teyvgc has 15 seconds left.
|
|t:|1757214419
|switch|p2b: Primarina|Primarina, L50, M|100/100
|-terastallize|p1b: Gholdengo|Water
|move|p1a: Dragonite|Protect|p1a: Dragonite
|-singleturn|p1a: Dragonite|Protect
|move|p2a: Incineroar|Knock Off|p1a: Dragonite
|-activate|p1a: Dragonite|move: Protect
|move|p1b: Gholdengo|Shadow Ball|p2b: Primarina
|-damage|p2b: Primarina|55/100
|-damage|p1b: Gholdengo|91/100|[from] item: Life Orb
|
|upkeep
|turn|3
|inactive|CrazyyBoi has 30 seconds left.
|inactive|teyvgc has 30 seconds left.
|inactive|CrazyyBoi has 20 seconds left.
|
|t:|1757214460
|switch|p1b: Sneasler|Sneasler, L50, F|100/100
|move|p2b: Primarina|Protect|p2b: Primarina
|-singleturn|p2b: Primarina|Protect
|move|p2a: Incineroar|Knock Off|p1a: Dragonite
|-damage|p1a: Dragonite|66/100
|-enditem|p1a: Dragonite|Loaded Dice|[from] move: Knock Off|[of] p2a: Incineroar
|move|p1a: Dragonite|Scale Shot|p2a: Incineroar
|-damage|p2a: Incineroar|92/100
|-damage|p2a: Incineroar|83/100
|-damage|p2a: Incineroar|75/100
|-damage|p2a: Incineroar|65/100
|-hitcount|p2a: Incineroar|4
|-unboost|p1a: Dragonite|def|1
|-boost|p1a: Dragonite|spe|1
|
|upkeep
|turn|4
|inactive|teyvgc has 30 seconds left.
|inactive|CrazyyBoi has 30 seconds left.
|inactive|teyvgc has 20 seconds left.
|inactive|CrazyyBoi has 20 seconds left.
|inactive|teyvgc has 15 seconds left.
|inactive|CrazyyBoi has 15 seconds left.
|inactive|teyvgc has 10 seconds left.
|
|t:|1757214507
|move|p1b: Sneasler|Protect|p1b: Sneasler
|-singleturn|p1b: Sneasler|Protect
|move|p1a: Dragonite|Protect|p1a: Dragonite
|-singleturn|p1a: Dragonite|Protect
|move|p2a: Incineroar|Parting Shot|p1b: Sneasler
|-activate|p1b: Sneasler|move: Protect
|move|p2b: Primarina|Perish Song|p2b: Primarina
|-start|p1a: Dragonite|perish3|[silent]
|-start|p1b: Sneasler|perish3|[silent]
|-start|p2a: Incineroar|perish3|[silent]
|-start|p2b: Primarina|perish3|[silent]
|-fieldactivate|move: Perish Song
|
|-start|p2a: Incineroar|perish3
|-start|p2b: Primarina|perish3
|-start|p1b: Sneasler|perish3
|-start|p1a: Dragonite|perish3
|upkeep
|turn|5
|
|t:|1757214530
|move|p2b: Primarina|Protect|p2b: Primarina
|-singleturn|p2b: Primarina|Protect
|move|p2a: Incineroar|Parting Shot|p1b: Sneasler
|-unboost|p1b: Sneasler|atk|1
|-unboost|p1b: Sneasler|spa|1
|
|t:|1757214537
|switch|p2a: Gothitelle|Gothitelle, L50, M|75/100|[from] Parting Shot
|move|p1b: Sneasler|Dire Claw|p2b: Primarina
|-activate|p2b: Primarina|move: Protect
|move|p1a: Dragonite|Scale Shot|p2a: Gothitelle
|-damage|p2a: Gothitelle|65/100
|-damage|p2a: Gothitelle|55/100
|-damage|p2a: Gothitelle|46/100
|-hitcount|p2a: Gothitelle|3
|-unboost|p1a: Dragonite|def|1
|-boost|p1a: Dragonite|spe|1
|
|-start|p2b: Primarina|perish2
|-start|p1b: Sneasler|perish2
|-start|p1a: Dragonite|perish2
|-fieldend|move: Trick Room
|upkeep
|turn|6
|inactive|teyvgc has 30 seconds left.
|inactive|CrazyyBoi has 30 seconds left.
|inactive|CrazyyBoi has 20 seconds left.
|
|t:|1757214584
|switch|p2b: Incineroar|Incineroar, L50, F|65/100
|-ability|p2b: Incineroar|Intimidate|boost
|-unboost|p1a: Dragonite|atk|1
|-unboost|p1b: Sneasler|atk|1
|move|p2a: Gothitelle|Fake Out|p1b: Sneasler
|-damage|p1b: Sneasler|93/100
|move|p1a: Dragonite|Haze|p1a: Dragonite
|-clearallboost
|cant|p1b: Sneasler|flinch
|
|-start|p1b: Sneasler|perish1
|-start|p1a: Dragonite|perish1
|upkeep
|turn|7
|inactive|CrazyyBoi has 30 seconds left.
|
|t:|1757214611
|move|p2b: Incineroar|Fake Out|p1b: Sneasler
|-damage|p1b: Sneasler|75/100
|cant|p1b: Sneasler|flinch
|move|p1a: Dragonite|Scale Shot|p2b: Incineroar
|-damage|p2b: Incineroar|52/100
|-damage|p2b: Incineroar|40/100
|-hitcount|p2b: Incineroar|2
|-unboost|p1a: Dragonite|def|1
|-boost|p1a: Dragonite|spe|1
|move|p2a: Gothitelle|Trick Room|p2a: Gothitelle
|-fieldstart|move: Trick Room|[of] p2a: Gothitelle
|
|-start|p1b: Sneasler|perish0
|-start|p1a: Dragonite|perish0
|faint|p1b: Sneasler
|faint|p1a: Dragonite
|upkeep
|
|t:|1757214624
|switch|p1a: Gholdengo|Gholdengo, L50, tera:Water|91/100
|switch|p1b: Indeedee|Indeedee, L50, M|100/100
|-fieldstart|move: Psychic Terrain|[from] ability: Psychic Surge|[of] p1b: Indeedee
|turn|8
|-message|teyvgc forfeited.
|
|win|CrazyyBoi
|raw|teyvgc's rating: 1294 → 1264(-30 for losing)
|raw|CrazyyBoi's rating: 1225 → 1255(+30 for winning)
|l|☆teyvgc
|player|p1|
|j|☆teyvgc
|player|p1|teyvgc|benga|
