|j|☆KittyKennedy
|j|☆chefbenboyrd
|html|KittyKennedychefbenboyrd    
|uhtml|bestof|Game 3 of a best-of-3
|t:|1756856708
|gametype|doubles
|player|p1|KittyKennedy|lyra|1080
|player|p2|chefbenboyrd|brawly|1050
|gen|9
|tier|[Gen 9] VGC 2025 Reg H (Bo3)
|rated|
|rule|Species Clause: Limit one of each Pokémon
|rule|Item Clause: Limit 1 of each item
|clearpoke
|poke|p1|Pelipper, L50, F|
|poke|p1|Archaludon, L50, F|
|poke|p1|Incineroar, L50, M|
|poke|p1|Conkeldurr, L50, M|
|poke|p1|Golurk, L50|
|poke|p1|Serperior, L50, M|
|poke|p2|Whimsicott, L50, M|
|poke|p2|Hydreigon, L50, M|
|poke|p2|Grimmsnarl, L50, M|
|poke|p2|Incineroar, L50, F|
|poke|p2|Gholdengo, L50|
|poke|p2|Annihilape, L50, M|
|teampreview|4
|showteam|p1|Pelipper||FocusSash|Drizzle|WeatherBall,Hurricane,Tailwind,Protect|||F|||50|,,,,,Ground]Archaludon||PowerHerb|Sturdy|ElectroShot,Protect,FlashCannon,DragonPulse|||F|||50|,,,,,Electric]Incineroar||SafetyGoggles|Intimidate|FlareBlitz,KnockOff,PartingShot,FakeOut|||M|||50|,,,,,Ghost]Conkeldurr||Leftovers|IronFist|DrainPunch,MachPunch,StoneEdge,Detect|||M|||50|,,,,,Ghost]Golurk||AssaultVest|NoGuard|HighHorsepower,Poltergeist,DynamicPunch,BrickBreak||||||50|,,,,,Dark]Serperior||CovertCloak|Contrary|LeafStorm,LightScreen,TeraBlast,Protect|||M|||50|,,,,,Stellar
|showteam|p2|Whimsicott||FocusSash|Prankster|SunnyDay,Encore,Tailwind,Moonblast|||M|||50|,,,,,Ghost]Hydreigon||ChoiceSpecs|Levitate|HeatWave,DracoMeteor,Snarl,DarkPulse|||M|||50|,,,,,Fire]Grimmsnarl||LightClay|Prankster|SpiritBreak,Reflect,LightScreen,ThunderWave|||M|||50|,,,,,Steel]Incineroar||SafetyGoggles|Intimidate|KnockOff,FakeOut,PartingShot,FlareBlitz|||F|||50|,,,,,Ghost]Gholdengo||LifeOrb|GoodasGold|Protect,MakeItRain,ShadowBall,NastyPlot||||||50|,,,,,Water]Annihilape||SitrusBerry|Defiant|Protect,Taunt,RageFist,DrainPunch|||M|||50|,,,,,Fairy
|inactive|Battle timer is ON: inactive players will automatically lose when time's up. (requested by chefbenboyrd)
|
|t:|1756856721
|teamsize|p1|4
|teamsize|p2|4
|start
|switch|p1a: Incineroar|Incineroar, L50, M|100/100
|switch|p1b: Golurk|Golurk, L50|100/100
|switch|p2a: Whimsicott|Whimsicott, L50, M|100/100
|switch|p2b: Hydreigon|Hydreigon, L50, M|100/100
|-ability|p1a: Incineroar|Intimidate|boost
|-unboost|p2a: Whimsicott|atk|1
|-unboost|p2b: Hydreigon|atk|1
|turn|1
|inactive|KittyKennedy has 30 seconds left.
|inactive|KittyKennedy has 20 seconds left.
|inactive|KittyKennedy has 15 seconds left.
|inactive|KittyKennedy has 10 seconds left.
|
|t:|1756856769
|switch|p2b: Incineroar|Incineroar, L50, F|100/100
|-ability|p2b: Incineroar|Intimidate|boost
|-unboost|p1a: Incineroar|atk|1
|-unboost|p1b: Golurk|atk|1
|move|p1a: Incineroar|Fake Out|p2b: Incineroar
|-damage|p2b: Incineroar|93/100
|move|p2a: Whimsicott|Tailwind|p2a: Whimsicott
|-sidestart|p2: chefbenboyrd|move: Tailwind
|move|p1b: Golurk|Dynamic Punch|p2b: Incineroar
|-supereffective|p2b: Incineroar
|-damage|p2b: Incineroar|51/100
|-start|p2b: Incineroar|confusion
|
|upkeep
|turn|2
|inactive|KittyKennedy has 30 seconds left.
|inactive|chefbenboyrd has 30 seconds left.
|inactive|KittyKennedy has 20 seconds left.
|
|t:|1756856807
|switch|p1a: Pelipper|Pelipper, L50, F|100/100
|-weather|RainDance|[from] ability: Drizzle|[of] p1a: Pelipper
|-terastallize|p2b: Incineroar|Ghost
|move|p2a: Whimsicott|Moonblast|p1a: Pelipper
|-damage|p1a: Pelipper|34/100
|-activate|p2b: Incineroar|confusion
|-damage|p2b: Incineroar|40/100|[from] confusion
|move|p1b: Golurk|Dynamic Punch|p2a: Whimsicott
|-resisted|p2a: Whimsicott
|-damage|p2a: Whimsicott|86/100
|-start|p2a: Whimsicott|confusion
|
|-weather|RainDance|[upkeep]
|upkeep
|turn|3
|
|t:|1756856829
|move|p1a: Pelipper|Protect|p1a: Pelipper
|-singleturn|p1a: Pelipper|Protect
|-activate|p2a: Whimsicott|confusion
|-damage|p2a: Whimsicott|79/100|[from] confusion
|-activate|p2b: Incineroar|confusion
|move|p2b: Incineroar|Knock Off|p1b: Golurk
|-supereffective|p1b: Golurk
|-damage|p1b: Golurk|11/100
|-enditem|p1b: Golurk|Assault Vest|[from] move: Knock Off|[of] p2b: Incineroar
|move|p1b: Golurk|Poltergeist|p2b: Incineroar
|-activate|p2b: Incineroar|move: Poltergeist|Safety Goggles
|-supereffective|p2b: Incineroar
|-damage|p2b: Incineroar|0 fnt
|faint|p2b: Incineroar
|
|-weather|RainDance|[upkeep]
|upkeep
|
|t:|1756856840
|switch|p2b: Hydreigon|Hydreigon, L50, M|100/100
|turn|4
|
|t:|1756856860
|switch|p1b: Incineroar|Incineroar, L50, M|100/100
|-ability|p1b: Incineroar|Intimidate|boost
|-unboost|p2a: Whimsicott|atk|1
|-unboost|p2b: Hydreigon|atk|1
|-activate|p2a: Whimsicott|confusion
|move|p2a: Whimsicott|Sunny Day|p2a: Whimsicott
|-weather|SunnyDay
|move|p2b: Hydreigon|Heat Wave|p1a: Pelipper|[spread] p1a,p1b
|-resisted|p1a: Pelipper
|-resisted|p1b: Incineroar
|-damage|p1a: Pelipper|0 fnt
|-damage|p1b: Incineroar|77/100
|faint|p1a: Pelipper
|
|-weather|SunnyDay|[upkeep]
|-sideend|p2: chefbenboyrd|move: Tailwind
|upkeep
|
|t:|1756856874
|switch|p1a: Archaludon|Archaludon, L50, F|100/100
|turn|5
|
|t:|1756856891
|-terastallize|p1a: Archaludon|Electric
|-activate|p2a: Whimsicott|confusion
|move|p2a: Whimsicott|Moonblast|p1a: Archaludon
|-damage|p1a: Archaludon|65/100
|move|p2b: Hydreigon|Heat Wave|p1b: Incineroar|[spread] p1a,p1b
|-resisted|p1b: Incineroar
|-damage|p1a: Archaludon|6/100
|-damage|p1b: Incineroar|53/100
|move|p1a: Archaludon|Flash Cannon|p2a: Whimsicott
|-supereffective|p2a: Whimsicott
|-damage|p2a: Whimsicott|0 fnt
|faint|p2a: Whimsicott
|move|p1b: Incineroar|Parting Shot|p2b: Hydreigon
|-unboost|p2b: Hydreigon|atk|1
|-unboost|p2b: Hydreigon|spa|1
|
|t:|1756856905
|switch|p1b: Golurk|Golurk, L50|11/100|[from] Parting Shot
|
|-weather|SunnyDay|[upkeep]
|upkeep
|
|t:|1756856908
|switch|p2a: Gholdengo|Gholdengo, L50|100/100
|turn|6
|
|t:|1756856918
|switch|p1b: Incineroar|Incineroar, L50, M|53/100
|-ability|p1b: Incineroar|Intimidate|boost
|-unboost|p2a: Gholdengo|atk|1
|-unboost|p2b: Hydreigon|atk|1
|move|p1a: Archaludon|Protect|p1a: Archaludon
|-singleturn|p1a: Archaludon|Protect
|move|p2b: Hydreigon|Heat Wave|p1a: Archaludon|[spread] p1b
|-activate|p1a: Archaludon|move: Protect
|-resisted|p1b: Incineroar
|-damage|p1b: Incineroar|40/100
|move|p2a: Gholdengo|Nasty Plot|p2a: Gholdengo
|-boost|p2a: Gholdengo|spa|2
|
|-weather|SunnyDay|[upkeep]
|upkeep
|turn|7
|
|t:|1756856934
|move|p1b: Incineroar|Fake Out|p2b: Hydreigon
|-damage|p2b: Hydreigon|87/100
|cant|p2b: Hydreigon|flinch
|move|p2a: Gholdengo|Make It Rain|p1b: Incineroar|[spread] p1a,p1b
|-resisted|p1a: Archaludon
|-resisted|p1b: Incineroar
|-damage|p1a: Archaludon|0 fnt
|-damage|p1b: Incineroar|0 fnt
|-unboost|p2a: Gholdengo|spa|1
|faint|p1a: Archaludon
|faint|p1b: Incineroar
|-damage|p2a: Gholdengo|91/100|[from] item: Life Orb
|
|-weather|SunnyDay|[upkeep]
|upkeep
|
|t:|1756856947
|switch|p1b: Golurk|Golurk, L50|11/100
|turn|8
|
|t:|1756856951
|move|p2b: Hydreigon|Heat Wave|p1b: Golurk
|-damage|p1b: Golurk|0 fnt
|faint|p1b: Golurk
|
|win|chefbenboyrd
|raw|KittyKennedy's rating: 1080 → 1056(-24 for losing)
|raw|chefbenboyrd's rating: 1050 → 1085(+35 for winning)
