|j|☆cuquabu
|j|☆AbadanRiyi92
|html|cuquabuAbadanRiyi92    
|uhtml|bestof|Game 1 of a best-of-3
|t:|1784996955
|gametype|doubles
|player|p1|cuquabu|lucas|1187
|player|p2|AbadanRiyi92|colress|1189
|gen|9
|tier|[Gen 9 Champions] VGC 2026 Reg M-B (Bo3)
|rated|
|rule|Species Clause: Limit one of each Pokémon
|rule|Item Clause: Limit 1 of each item
|clearpoke
|poke|p1|Sneasler, L50, M, shiny|
|poke|p1|Blastoise, L50, M, shiny|
|poke|p1|Kingambit, L50, M, shiny|
|poke|p1|Incineroar, L50, M, shiny|
|poke|p1|Delphox, L50, F, shiny|
|poke|p1|Sinistcha, L50, shiny|
|poke|p2|Gengar, L50, M, shiny|
|poke|p2|Maushold-Four, L50|
|poke|p2|Annihilape, L50, F|
|poke|p2|Incineroar, L50, F|
|poke|p2|Politoed, L50, F, shiny|
|poke|p2|Archaludon, L50, M|
|teampreview|4
|showteam|p1|Sneasler||FocusSash|PoisonTouch|PoisonJab,CloseCombat,FakeOut,QuickGuard|Jolly||M|||50|]Blastoise||Blastoisinite|RainDish|DarkPulse,WaterSpout,ShellSmash,Protect|Modest||M|||50|]Kingambit||BlackGlasses|Defiant|KowtowCleave,SuckerPunch,SwordsDance,Protect|Adamant||M|||50|]Incineroar||SitrusBerry|Intimidate|FlareBlitz,HelpingHand,PartingShot,FakeOut|Careful||M|||50|]Delphox||Delphoxite|Blaze|HeatWave,NastyPlot,Psyshock,Protect|Modest||F|||50|]Sinistcha||KasibBerry|Hospitality|MatchaGotcha,RagePowder,TrickRoom,Protect|Bold|||||50|
|showteam|p2|Gengar||Gengarite|CursedBody|ShadowBall,Disable,PerishSong,Protect|Timid||M|||50|]Maushold-Four||FocusSash|FriendGuard|FollowMe,Encore,BeatUp,Protect|Jolly|||||50|]Annihilape||RoseliBerry|Defiant|RageFist,CloseCombat,Encore,Protect|Jolly||F|||50|]Incineroar||PasshoBerry|Intimidate|PartingShot,ThroatChop,Protect,FakeOut|Sassy||F|||50|]Politoed||SitrusBerry|Drizzle|WeatherBall,Encore,PerishSong,Protect|Calm||F|||50|]Archaludon||Leftovers|Stamina|DragonPulse,FlashCannon,ElectroShot,Protect|Bold||M|||50|
|inactive|Battle timer is ON: inactive players will automatically lose when time's up. (requested by cuquabu)
|inactive|cuquabu has 60 seconds left.
|
|t:|1784996993
|teamsize|p1|4
|teamsize|p2|4
|start
|switch|p1a: Blastoise|Blastoise, L50, M, shiny|100/100
|switch|p1b: Sinistcha|Sinistcha, L50, shiny|100/100
|switch|p2a: Gengar|Gengar, L50, M, shiny|100/100
|switch|p2b: Maushold|Maushold-Four, L50|100/100
|turn|1
|inactive|AbadanRiyi92 has 30 seconds left.
|inactive|AbadanRiyi92 has 20 seconds left.
|inactive|AbadanRiyi92 has 15 seconds left.
|inactive|AbadanRiyi92 has 10 seconds left.
|inactive|AbadanRiyi92 has 5 seconds left.
|
|t:|1784997044
|detailschange|p2a: Gengar|Gengar-Mega, L50, M, shiny
|-mega|p2a: Gengar|Gengar|Gengarite
|detailschange|p1a: Blastoise|Blastoise-Mega, L50, M, shiny
|-mega|p1a: Blastoise|Blastoise|Blastoisinite
|move|p2b: Maushold|Beat Up|p1b: Sinistcha
|-supereffective|p1b: Sinistcha|1
|-damage|p1b: Sinistcha|95/100
|-supereffective|p1b: Sinistcha|1
|-damage|p1b: Sinistcha|91/100
|-supereffective|p1b: Sinistcha|1
|-damage|p1b: Sinistcha|85/100
|-supereffective|p1b: Sinistcha|1
|-damage|p1b: Sinistcha|79/100
|-hitcount|p1b: Sinistcha|4
|move|p2a: Gengar|Shadow Ball|p1a: Blastoise
|-damage|p1a: Blastoise|57/100
|-unboost|p1a: Blastoise|spd|1
|move|p1a: Blastoise|Shell Smash|p1a: Blastoise
|-unboost|p1a: Blastoise|def|1
|-unboost|p1a: Blastoise|spd|1
|-boost|p1a: Blastoise|atk|2
|-boost|p1a: Blastoise|spa|2
|-boost|p1a: Blastoise|spe|2
|move|p1b: Sinistcha|Matcha Gotcha|p2a: Gengar|[spread] p2a,p2b
|-resisted|p2a: Gengar|1
|-damage|p2a: Gengar|90/100
|-heal|p1b: Sinistcha|84/100|[from] drain|[of] p2a: Gengar
|-damage|p2b: Maushold|70/100
|-heal|p1b: Sinistcha|99/100|[from] drain|[of] p2b: Maushold
|-status|p2b: Maushold|brn
|
|-damage|p2b: Maushold|64/100 brn|[from] brn
|upkeep
|turn|2
|inactive|cuquabu has 30 seconds left.
|inactive|AbadanRiyi92 has 30 seconds left.
|inactive|cuquabu has 20 seconds left.
|inactive|AbadanRiyi92 has 20 seconds left.
|inactive|cuquabu has 15 seconds left.
|inactive|AbadanRiyi92 has 15 seconds left.
|
|t:|1784997086
|move|p2b: Maushold|Protect|p2b: Maushold
|-singleturn|p2b: Maushold|Protect
|move|p1b: Sinistcha|Rage Powder|p1b: Sinistcha
|-singleturn|p1b: Sinistcha|move: Rage Powder
|move|p1a: Blastoise|Water Spout|p2a: Gengar|[spread] p2a
|-activate|p2b: Maushold|move: Protect
|-damage|p2a: Gengar|38/100
|move|p2a: Gengar|Shadow Ball|p1b: Sinistcha
|-supereffective|p1b: Sinistcha|1
|-enditem|p1b: Sinistcha|Kasib Berry|[eat]
|-enditem|p1b: Sinistcha|Kasib Berry|[weaken]
|-damage|p1b: Sinistcha|57/100
|
|-damage|p2b: Maushold|58/100 brn|[from] brn
|upkeep
|turn|3
|inactive|AbadanRiyi92 has 30 seconds left.
|inactive|AbadanRiyi92 has 20 seconds left.
|inactive|AbadanRiyi92 has 15 seconds left.
|inactive|cuquabu has 30 seconds left.
|
|t:|1784997134
|switch|p1b: Kingambit|Kingambit, L50, M, shiny|100/100
|move|p1a: Blastoise|Protect|p1a: Blastoise
|-singleturn|p1a: Blastoise|Protect
|move|p2a: Gengar|Protect|p2a: Gengar
|-singleturn|p2a: Gengar|Protect
|move|p2b: Maushold|Beat Up|p1b: Kingambit
|-resisted|p1b: Kingambit|1
|-damage|p1b: Kingambit|99/100
|-resisted|p1b: Kingambit|1
|-crit|p1b: Kingambit
|-damage|p1b: Kingambit|99/100
|-resisted|p1b: Kingambit|1
|-damage|p1b: Kingambit|98/100
|-resisted|p1b: Kingambit|1
|-damage|p1b: Kingambit|98/100
|-hitcount|p1b: Kingambit|4
|
|-damage|p2b: Maushold|51/100 brn|[from] brn
|upkeep
|turn|4
|
|t:|1784997157
|switch|p2a: Archaludon|Archaludon, L50, M|100/100
|move|p1a: Blastoise|Water Spout|p2b: Maushold|[spread] p2a,p2b
|-resisted|p2a: Archaludon|1
|-damage|p2a: Archaludon|75/100
|-damage|p2b: Maushold|0 fnt
|-ability|p2a: Archaludon|Stamina|boost
|-boost|p2a: Archaludon|def|1
|faint|p2b: Maushold
|move|p1b: Kingambit|Kowtow Cleave|p2a: Archaludon
|-damage|p2a: Archaludon|51/100
|-ability|p2a: Archaludon|Stamina|boost
|-boost|p2a: Archaludon|def|1
|
|-heal|p2a: Archaludon|57/100|[from] item: Leftovers
|upkeep
|
|t:|1784997172
|switch|p2b: Politoed|Politoed, L50, F, shiny|100/100
|-weather|RainDance|[from] ability: Drizzle|[of] p2b: Politoed
|turn|5
|inactive|cuquabu has 30 seconds left.
|
|t:|1784997198
|switch|p1b: Sinistcha|Sinistcha, L50, shiny|57/100
|-heal|p1a: Blastoise|81/100|[from] ability: Hospitality|[of] p1b: Sinistcha
|move|p1a: Blastoise|Protect|p1a: Blastoise
|-singleturn|p1a: Blastoise|Protect
|move|p2a: Archaludon|Electro Shot||[still]
|-prepare|p2a: Archaludon|Electro Shot
|-boost|p2a: Archaludon|spa|1
|-anim|p2a: Archaludon|Electro Shot|p1a: Blastoise
|-activate|p1a: Blastoise|move: Protect
|move|p2b: Politoed|Weather Ball|p1a: Blastoise
|-activate|p1a: Blastoise|move: Protect
|
|-weather|RainDance|[upkeep]
|-heal|p2a: Archaludon|63/100|[from] item: Leftovers
|upkeep
|turn|6
|
|t:|1784997220
|move|p1a: Blastoise|Water Spout|p2a: Archaludon|[spread] p2a,p2b
|-resisted|p2a: Archaludon|1
|-resisted|p2b: Politoed|1
|-damage|p2a: Archaludon|0 fnt
|-damage|p2b: Politoed|37/100
|-enditem|p2b: Politoed|Sitrus Berry|[eat]
|-heal|p2b: Politoed|62/100|[from] item: Sitrus Berry
|faint|p2a: Archaludon
|move|p2b: Politoed|Weather Ball|p1a: Blastoise
|-resisted|p1a: Blastoise|1
|-damage|p1a: Blastoise|36/100
|move|p1b: Sinistcha|Matcha Gotcha|p2b: Politoed
|-supereffective|p2b: Politoed|1
|-damage|p2b: Politoed|15/100
|-heal|p1b: Sinistcha|83/100|[from] drain|[of] p2b: Politoed
|
|-weather|RainDance|[upkeep]
|upkeep
|-message|AbadanRiyi92 forfeited.
|
|win|cuquabu
||cuquabu is ready for game 2.
