|j|☆3rdPlaceTennis
|j|☆TREY_NJVGC
|html|3rdPlaceTennisTREY_NJVGC    
|uhtml|bestof|Game 1 of a best-of-3
|t:|1756612320
|gametype|doubles
|player|p1|3rdPlaceTennis|bugcatcher-gen4dp|1096
|player|p2|TREY_NJVGC|marlon|1021
|gen|9
|tier|[Gen 9] VGC 2025 Reg H (Bo3)
|rated|
|rule|Species Clause: Limit one of each Pokémon
|rule|Item Clause: Limit 1 of each item
|clearpoke
|poke|p1|Kommo-o, L50, M|
|poke|p1|Gothitelle, L50, M|
|poke|p1|Ninetales-Alola, L50, F|
|poke|p1|Incineroar, L50, F|
|poke|p1|Ursaluna, L50, F|
|poke|p1|Archaludon, L50, M|
|poke|p2|Golurk, L50|
|poke|p2|Torkoal, L50, M|
|poke|p2|Lilligant-Hisui, L50, F|
|poke|p2|Incineroar, L50, M|
|poke|p2|Indeedee-F, L50, F|
|poke|p2|Braviary-Hisui, L50, M|
|teampreview|4
|showteam|p1|Kommo-o||ThroatSpray|Soundproof|ClangingScales,Flamethrower,ClangorousSoul,Protect|||M|||50|,,,,,Fire]Gothitelle||Leftovers|ShadowTag|Protect,Psychic,TrickRoom,FakeOut|||M|||50|,,,,,Water]Ninetales-Alola||FocusSash|SnowWarning|Protect,Encore,Blizzard,IcyWind|||F|||50|,,,,,Ghost]Incineroar||SafetyGoggles|Intimidate|KnockOff,Taunt,FakeOut,PartingShot|||F|||50|,,,,,Ghost]Ursaluna||FlameOrb|Guts|Facade,HeadlongRush,Earthquake,Protect|||F|||50|,,,,,Fairy]Archaludon||PowerHerb|Sturdy|DracoMeteor,ElectroShot,Thunderbolt,Protect|||M|||50|,,,,,Electric
|showteam|p2|Golurk||IronBall|NoGuard|DynamicPunch,Protect,HeatCrash,Earthquake||||||50|,,,,,Fire]Torkoal||Charcoal|Drought|Eruption,Protect,HeatWave,EarthPower|||M|||50|,,,,,Fire]Lilligant-Hisui||FocusSash|Chlorophyll|IceSpinner,CloseCombat,LeafBlade,AfterYou|||F|||50|,,,,,Ghost]Incineroar||AssaultVest|Intimidate|FakeOut,KnockOff,Uturn,FlareBlitz|||M|||50|,,,,,Ghost]Indeedee-F||SafetyGoggles|PsychicSurge|FollowMe,TrickRoom,HelpingHand,Psychic|||F|||50|,,,,,Fairy]Braviary-Hisui||LifeOrb|SheerForce|Hurricane,ExpandingForce,Protect,HeatWave|||M|||50|,,,,,Psychic
|
|t:|1756612375
|teamsize|p1|4
|teamsize|p2|4
|start
|switch|p1a: Incineroar|Incineroar, L50, F|100/100
|switch|p1b: Kommo-o|Kommo-o, L50, M|100/100
|switch|p2a: Incineroar|Incineroar, L50, M|100/100
|switch|p2b: Golurk|Golurk, L50, shiny|100/100
|-ability|p1a: Incineroar|Intimidate|boost
|-unboost|p2a: Incineroar|atk|1
|-unboost|p2b: Golurk|atk|1
|-ability|p2a: Incineroar|Intimidate|boost
|-unboost|p1a: Incineroar|atk|1
|-unboost|p1b: Kommo-o|atk|1
|turn|1
|
|t:|1756612425
|switch|p2b: Indeedee|Indeedee-F, L50, F|100/100
|-fieldstart|move: Psychic Terrain|[from] ability: Psychic Surge|[of] p2b: Indeedee
|move|p1a: Incineroar|Fake Out|p2a: Incineroar
|-activate|p2a: Incineroar|move: Psychic Terrain
|move|p1b: Kommo-o|Clangorous Soul|p1b: Kommo-o
|-boost|p1b: Kommo-o|atk|1
|-boost|p1b: Kommo-o|def|1
|-boost|p1b: Kommo-o|spa|1
|-boost|p1b: Kommo-o|spd|1
|-boost|p1b: Kommo-o|spe|1
|-damage|p1b: Kommo-o|68/100
|-enditem|p1b: Kommo-o|Throat Spray
|-boost|p1b: Kommo-o|spa|1|[from] item: Throat Spray
|move|p2a: Incineroar|U-turn|p1a: Incineroar
|-damage|p1a: Incineroar|88/100
|
|t:|1756612443
|switch|p2a: Golurk|Golurk, L50, shiny|100/100|[from] U-turn
|
|upkeep
|turn|2
|
|t:|1756612452
|move|p2a: Golurk|Protect|p2a: Golurk
|-singleturn|p2a: Golurk|Protect
|move|p1b: Kommo-o|Clanging Scales|p2a: Golurk|[spread] p2b
|-activate|p2a: Golurk|move: Protect
|-damage|p2b: Indeedee|25/100
|-unboost|p1b: Kommo-o|def|1
|move|p1a: Incineroar|Taunt|p2b: Indeedee
|-start|p2b: Indeedee|move: Taunt
|cant|p2b: Indeedee|move: Taunt|Trick Room
|
|upkeep
|turn|3
|
|t:|1756612468
|switch|p2b: Incineroar|Incineroar, L50, M|100/100
|-ability|p2b: Incineroar|Intimidate|boost
|-unboost|p1a: Incineroar|atk|1
|-unboost|p1b: Kommo-o|atk|1
|move|p1b: Kommo-o|Flamethrower|p2b: Incineroar
|-resisted|p2b: Incineroar
|-damage|p2b: Incineroar|88/100
|move|p1a: Incineroar|Knock Off|p2a: Golurk
|-supereffective|p2a: Golurk
|-damage|p2a: Golurk|50/100
|-enditem|p2a: Golurk|Iron Ball|[from] move: Knock Off|[of] p1a: Incineroar
|move|p2a: Golurk|Dynamic Punch|p1b: Kommo-o
|-damage|p1b: Kommo-o|33/100
|-start|p1b: Kommo-o|confusion
|
|upkeep
|turn|4
|
|t:|1756612499
|move|p2a: Golurk|Protect|p2a: Golurk
|-singleturn|p2a: Golurk|Protect
|-activate|p1b: Kommo-o|confusion
|move|p1b: Kommo-o|Clanging Scales|p2b: Incineroar|[spread] p2b
|-activate|p2a: Golurk|move: Protect
|-damage|p2b: Incineroar|50/100
|-unboost|p1b: Kommo-o|def|1
|move|p1a: Incineroar|Parting Shot|p2b: Incineroar
|-unboost|p2b: Incineroar|atk|1
|-unboost|p2b: Incineroar|spa|1
|
|t:|1756612511
|switch|p1a: Ninetales|Ninetales-Alola, L50, F|100/100|[from] Parting Shot
|-weather|Snowscape|[from] ability: Snow Warning|[of] p1a: Ninetales
|move|p2b: Incineroar|U-turn|p1a: Ninetales
|-resisted|p1a: Ninetales
|-damage|p1a: Ninetales|94/100
|
|t:|1756612517
|switch|p2b: Torkoal|Torkoal, L50, M|100/100|[from] U-turn
|-weather|SunnyDay|[from] ability: Drought|[of] p2b: Torkoal
|
|-weather|SunnyDay|[upkeep]
|upkeep
|turn|5
|
|t:|1756612550
|switch|p1a: Incineroar|Incineroar, L50, F|88/100
|-ability|p1a: Incineroar|Intimidate|boost
|-unboost|p2a: Golurk|atk|1
|-unboost|p2b: Torkoal|atk|1
|-terastallize|p2b: Torkoal|Fire
|-activate|p1b: Kommo-o|confusion
|move|p1b: Kommo-o|Clanging Scales|p2a: Golurk|[spread] p2a,p2b
|-damage|p2a: Golurk|0 fnt
|-damage|p2b: Torkoal|0 fnt
|faint|p2a: Golurk
|faint|p2b: Torkoal
|-unboost|p1b: Kommo-o|def|1
|
|-weather|SunnyDay|[upkeep]
|-fieldend|move: Psychic Terrain
|upkeep
|
|t:|1756612558
|switch|p2a: Indeedee|Indeedee-F, L50, F|25/100
|switch|p2b: Incineroar|Incineroar, L50, M|50/100
|-fieldstart|move: Psychic Terrain|[from] ability: Psychic Surge|[of] p2a: Indeedee
|-ability|p2b: Incineroar|Intimidate|boost
|-unboost|p1a: Incineroar|atk|1
|-unboost|p1b: Kommo-o|atk|1
|turn|6
|-message|TREY_NJVGC forfeited.
|
|win|3rdPlaceTennis
