|j|☆bluefox08
|j|☆Pever3ll
|html|bluefox08Pever3ll    
|uhtml|bestof|Game 1 of a best-of-3
|t:|1785695726
|gametype|doubles
|player|p1|bluefox08|hugh|
|player|p2|Pever3ll|miku-flying|
|gen|9
|tier|[Gen 9 Champions] VGC 2026 Reg M-B (Bo3)
|rule|Species Clause: Limit one of each Pokémon
|rule|Item Clause: Limit 1 of each item
|clearpoke
|poke|p1|Floette-Eternal, L50, F|
|poke|p1|Lucario, L50, M|
|poke|p1|Decidueye, L50, F|
|poke|p1|Talonflame, L50, M|
|poke|p1|Rotom-Wash, L50|
|poke|p1|Garchomp, L50, F|
|poke|p2|Tauros, L50, M|
|poke|p2|Vivillon-Pokeball, L50, F|
|poke|p2|Archaludon, L50, F|
|poke|p2|Swampert, L50, F|
|poke|p2|Politoed, L50, M|
|poke|p2|Meganium, L50, M|
|teampreview|4
|showteam|p1|Floette-Eternal||Floettite|FlowerVeil|DazzlingGleam,Moonblast,Protect,GigaDrain|Timid||F|||50|]Lucario||Lucarionite|Steadfast|ExtremeSpeed,CloseCombat,BulletPunch,Protect|Jolly||M|||50|]Decidueye||Leftovers|Overgrow|LeafBlade,Tailwind,SpiritShackle,Protect|Adamant||F|||50|]Talonflame||FocusSash|FlameBody|Tailwind,Protect,Acrobatics,WillOWisp|Jolly||M|||50|]Rotom-Wash||SitrusBerry|Levitate|Electroweb,WillOWisp,Discharge,HydroPump|Timid|||||50|]Garchomp||LifeOrb|RoughSkin|PoisonJab,Earthquake,Protect,StompingTantrum|Jolly||F|||50|
|showteam|p2|Tauros||FocusSash|Intimidate|IcyWind,RagingBull,Protect,RainDance|Jolly||M|||50|]Vivillon-Pokeball||ChoiceScarf|CompoundEyes|Hurricane,SleepPowder,RagePowder,Tailwind|Timid||F|||50|]Archaludon||LifeOrb|Stalwart|FlashCannon,DragonPulse,ElectroShot,Protect|Modest||F|||50|]Swampert||Swampertite|Torrent|WaveCrash,HighHorsepower,IcePunch,Protect|Adamant||F|||50|]Politoed||SitrusBerry|Drizzle|WeatherBall,IceBeam,Protect,IcyWind|Calm||M|||50|]Meganium||Meganiumite|Overgrow|SolarBeam,DazzlingGleam,Protect,WeatherBall|Modest||M|||50|
|c|☆bluefox08|alr glhf
|c|☆Pever3ll|u2
|j| sebrai
|
|t:|1785695815
|teamsize|p1|4
|teamsize|p2|4
|start
|switch|p1a: Rotom|Rotom-Wash, L50|100/100
|switch|p1b: Garchomp|Garchomp, L50, F|100/100
|switch|p2a: Tauros|Tauros, L50, M|100/100
|switch|p2b: Swampert|Swampert, L50, F|100/100
|-ability|p2a: Tauros|Intimidate|boost
|-unboost|p1a: Rotom|atk|1
|-unboost|p1b: Garchomp|atk|1
|turn|1
|
|t:|1785695862
|move|p2b: Swampert|Protect|p2b: Swampert
|-singleturn|p2b: Swampert|Protect
|move|p2a: Tauros|Icy Wind|p1a: Rotom|[spread] p1a,p1b
|-resisted|p1a: Rotom|1
|-supereffective|p1b: Garchomp|2
|-damage|p1a: Rotom|96/100
|-damage|p1b: Garchomp|80/100
|-unboost|p1a: Rotom|spe|1
|-unboost|p1b: Garchomp|spe|1
|move|p1b: Garchomp|Earthquake|p2b: Swampert|[spread] p2a
|-activate|p2b: Swampert|move: Protect
|-immune|p1a: Rotom|[from] ability: Levitate
|-damage|p2a: Tauros|60/100
|-damage|p1b: Garchomp|70/100|[from] item: Life Orb
|move|p1a: Rotom|Will-O-Wisp|p2b: Swampert
|-activate|p2b: Swampert|move: Protect
|
|upkeep
|turn|2
|
|t:|1785695920
|switch|p2b: Politoed|Politoed, L50, M|100/100
|-weather|RainDance|[from] ability: Drizzle|[of] p2b: Politoed
|move|p1b: Garchomp|Protect|p1b: Garchomp
|-singleturn|p1b: Garchomp|Protect
|move|p2a: Tauros|Raging Bull|p1b: Garchomp
|-activate|p1b: Garchomp|move: Protect
|move|p1a: Rotom|Will-O-Wisp|p2b: Politoed
|-status|p2b: Politoed|brn
|
|-weather|RainDance|[upkeep]
|-damage|p2b: Politoed|93/100 brn|[from] brn
|upkeep
|turn|3
|
|t:|1785695940
|move|p2a: Tauros|Raging Bull|p1a: Rotom
|-damage|p1a: Rotom|42/100
|-enditem|p1a: Rotom|Sitrus Berry|[eat]
|-heal|p1a: Rotom|66/100|[from] item: Sitrus Berry
|move|p1b: Garchomp|Earthquake|p2b: Politoed|[spread] p2a,p2b
|-immune|p1a: Rotom|[from] ability: Levitate
|-damage|p2a: Tauros|14/100
|-damage|p2b: Politoed|59/100 brn
|-damage|p1b: Garchomp|61/100|[from] item: Life Orb
|move|p1a: Rotom|Discharge|p2b: Politoed|[spread] p2a,p2b
|-immune|p1b: Garchomp
|-crit|p2a: Tauros
|-supereffective|p2b: Politoed|1
|-damage|p2a: Tauros|0 fnt
|-damage|p2b: Politoed|16/100 brn
|-enditem|p2b: Politoed|Sitrus Berry|[eat]
|-heal|p2b: Politoed|41/100 brn|[from] item: Sitrus Berry
|faint|p2a: Tauros
|move|p2b: Politoed|Ice Beam|p1b: Garchomp
|-supereffective|p1b: Garchomp|2
|-damage|p1b: Garchomp|0 fnt
|faint|p1b: Garchomp
|
|-weather|RainDance|[upkeep]
|-damage|p2b: Politoed|35/100 brn|[from] brn
|upkeep
|
|t:|1785695961
|switch|p2a: Archaludon|Archaludon, L50, F|100/100
|switch|p1b: Decidueye|Decidueye, L50, F|100/100
|turn|4
|
|t:|1785695987
|move|p2a: Archaludon|Electro Shot||[still]
|-prepare|p2a: Archaludon|Electro Shot
|-boost|p2a: Archaludon|spa|1
|-anim|p2a: Archaludon|Electro Shot|p1a: Rotom
|-damage|p1a: Rotom|0 fnt
|faint|p1a: Rotom
|-damage|p2a: Archaludon|90/100|[from] item: Life Orb
|move|p2b: Politoed|Icy Wind|p1b: Decidueye
|-supereffective|p1b: Decidueye|1
|-damage|p1b: Decidueye|74/100
|-unboost|p1b: Decidueye|spe|1
|move|p1b: Decidueye|Tailwind|p1b: Decidueye
|-sidestart|p1: bluefox08|move: Tailwind
|
|-weather|RainDance|[upkeep]
|-heal|p1b: Decidueye|80/100|[from] item: Leftovers
|-damage|p2b: Politoed|29/100 brn|[from] brn
|upkeep
|
|t:|1785696000
|switch|p1a: Floette|Floette-Eternal, L50, F|100/100
|turn|5
|
|t:|1785696010
|detailschange|p1a: Floette|Floette-Mega, L50, F
|-mega|p1a: Floette|Floette|Floettite
|-ability|p1a: Floette|Fairy Aura
|move|p2a: Archaludon|Protect|p2a: Archaludon
|-singleturn|p2a: Archaludon|Protect
|move|p1a: Floette|Moonblast|p2a: Archaludon
|-activate|p2a: Archaludon|move: Protect
|move|p1b: Decidueye|Leaf Blade|p2b: Politoed
|-supereffective|p2b: Politoed|1
|-damage|p2b: Politoed|0 fnt
|faint|p2b: Politoed
|
|-weather|RainDance|[upkeep]
|-heal|p1b: Decidueye|85/100|[from] item: Leftovers
|upkeep
|
|t:|1785696018
|switch|p2b: Swampert|Swampert, L50, F|100/100
|turn|6
|
|t:|1785696066
|detailschange|p2b: Swampert|Swampert-Mega, L50, F
|-mega|p2b: Swampert|Swampert|Swampertite
|move|p1a: Floette|Protect|p1a: Floette
|-singleturn|p1a: Floette|Protect
|move|p2a: Archaludon|Protect||[still]
|-fail|p2a: Archaludon
|move|p2b: Swampert|Wave Crash|p1a: Floette
|-activate|p1a: Floette|move: Protect
|move|p1b: Decidueye|Spirit Shackle|p2a: Archaludon
|-damage|p2a: Archaludon|57/100
|-activate|p2a: Archaludon|trapped
|
|-weather|none
|-heal|p1b: Decidueye|91/100|[from] item: Leftovers
|upkeep
|turn|7
|
|t:|1785696087
|move|p2a: Archaludon|Protect|p2a: Archaludon
|-singleturn|p2a: Archaludon|Protect
|move|p1a: Floette|Moonblast|p2a: Archaludon
|-activate|p2a: Archaludon|move: Protect
|move|p1b: Decidueye|Leaf Blade|p2b: Swampert
|-supereffective|p2b: Swampert|2
|-damage|p2b: Swampert|0 fnt
|faint|p2b: Swampert
|
|-heal|p1b: Decidueye|97/100|[from] item: Leftovers
|-sideend|p1: bluefox08|move: Tailwind
|upkeep
|turn|8
|
|t:|1785696101
|move|p1a: Floette|Moonblast|p2a: Archaludon
|-damage|p2a: Archaludon|0 fnt
|faint|p2a: Archaludon
|
|win|bluefox08
|c|☆bluefox08|gg
||bluefox08 is ready for game 2.
|c|☆Pever3ll|gg
||Pever3ll is ready for game 2.
|uhtml|next|Next: Game 2 of 3
|l|☆Pever3ll
|player|p2|
|l|☆bluefox08
|player|p1|
|j|☆bluefox08
|player|p1|bluefox08|hugh|
|l|☆bluefox08
|player|p1|
|j|☆Pever3ll
|player|p2|Pever3ll|miku-flying|
|l| sebrai
