|j|☆tajinvgc
|j|☆Hydyuy
|html|tajinvgcHydyuy    
|uhtml|bestof|Game 1 of a best-of-3
|t:|1784240773
|gametype|doubles
|player|p1|tajinvgc|palmer|1049
|player|p2|Hydyuy|dawn|1000
|gen|9
|tier|[Gen 9 Champions] VGC 2026 Reg M-B (Bo3)
|rated|
|rule|Species Clause: Limit one of each Pokémon
|rule|Item Clause: Limit 1 of each item
|clearpoke
|poke|p1|Venusaur, L50, F, shiny|
|poke|p1|Charizard, L50, M, shiny|
|poke|p1|Pelipper, L50, M, shiny|
|poke|p1|Grimmsnarl, L50, M, shiny|
|poke|p1|Archaludon, L50, M, shiny|
|poke|p1|Basculegion, L50, M|
|poke|p2|Charizard, L50, F|
|poke|p2|Sneasler, L50, M|
|poke|p2|Volcarona, L50, M|
|poke|p2|Corviknight, L50, M|
|poke|p2|Palafin, L50, M|
|poke|p2|Sinistcha-Masterpiece, L50|
|teampreview|4
|showteam|p1|Venusaur||FocusSash|Chlorophyll|Protect,SludgeBomb,EarthPower,SleepPowder|Modest||F|||50|]Charizard||CharizarditeY|Blaze|Protect,HeatWave,WeatherBall,SolarBeam|Modest||M|||50|]Pelipper||SitrusBerry|Drizzle|Hurricane,Tailwind,WeatherBall,WideGuard|Modest||M|||50|]Grimmsnarl||LightClay|Prankster|SpiritBreak,Reflect,LightScreen,PartingShot|Sassy||M|||50|]Archaludon||Leftovers|Stamina|ElectroShot,Protect,DragonPulse,FlashCannon|Calm||M|||50|]Basculegion||ChoiceScarf|Adaptability|WaveCrash,AquaJet,FlipTurn,LastRespects|Jolly||M|||50|
|showteam|p2|Charizard||CharizarditeX|SolarPower|FlameCharge,Roost,DragonDance,DragonClaw|Adamant||F|||50|]Sneasler||WhiteHerb|Unburden|FakeOut,CloseCombat,DireClaw,Protect|Jolly||M|||50|]Volcarona||FocusSash|FlameBody|QuiverDance,BugBuzz,FieryDance,AirSlash|Modest||M|||50|]Corviknight||Leftovers|MirrorArmor|Tailwind,Protect,IronHead,Roost|Impish||M|||50|]Palafin||LifeOrb|ZerotoHero|FlipTurn,WaveCrash,JetPunch,CloseCombat|Jolly||M|||50|]Sinistcha-Masterpiece||SitrusBerry|Hospitality|RagePowder,MatchaGotcha,StrengthSap,ShadowBall|Modest|||||50|
|inactive|Battle timer is ON: inactive players will automatically lose when time's up. (requested by tajinvgc)
|inactive|tajinvgc has 60 seconds left.
|inactive|tajinvgc has 30 seconds left.
|inactive|tajinvgc has 20 seconds left.
|inactive|tajinvgc has 15 seconds left.
|inactive|tajinvgc has 10 seconds left.
|
|t:|1784240857
|teamsize|p1|4
|teamsize|p2|4
|start
|switch|p1a: Grimmsnarl|Grimmsnarl, L50, M, shiny|100/100
|switch|p1b: Charizard|Charizard, L50, M, shiny|100/100
|switch|p2a: Sneasler|Sneasler, L50, M|100/100
|switch|p2b: Palafin|Palafin, L50, M|100/100
|turn|1
|
|t:|1784240877
|detailschange|p1b: Charizard|Charizard-Mega-Y, L50, M, shiny
|-mega|p1b: Charizard|Charizard|Charizardite Y
|-weather|SunnyDay|[from] ability: Drought|[of] p1b: Charizard
|move|p2a: Sneasler|Fake Out|p1a: Grimmsnarl
|-damage|p1a: Grimmsnarl|85/100
|cant|p1a: Grimmsnarl|flinch
|move|p2b: Palafin|Flip Turn|p1b: Charizard
|-supereffective|p1b: Charizard|1
|-damage|p1b: Charizard|74/100
|-damage|p2b: Palafin|90/100|[from] item: Life Orb
|
|t:|1784240890
|detailschange|p2b: Palafin|Palafin-Hero, L50, M
|switch|p2b: Charizard|Charizard, L50, F|100/100|[from] Flip Turn
|move|p1b: Charizard|Heat Wave|p2b: Charizard|[spread] p2a,p2b
|-resisted|p2b: Charizard|1
|-damage|p2a: Sneasler|21/100
|-damage|p2b: Charizard|65/100
|
|-weather|SunnyDay|[upkeep]
|-damage|p2b: Charizard|53/100|[from] ability: Solar Power|[of] p2b: Charizard
|upkeep
|turn|2
|inactive|tajinvgc has 30 seconds left.
|
|t:|1784240916
|detailschange|p2b: Charizard|Charizard-Mega-X, L50, F
|-mega|p2b: Charizard|Charizard|Charizardite X
|move|p1a: Grimmsnarl|Parting Shot|p2b: Charizard
|-unboost|p2b: Charizard|atk|1
|-unboost|p2b: Charizard|spa|1
|
|t:|1784240921
|switch|p1a: Basculegion|Basculegion, L50, M|100/100|[from] Parting Shot
|move|p2a: Sneasler|Dire Claw|p1b: Charizard
|-damage|p1b: Charizard|29/100
|move|p1b: Charizard|Heat Wave|p2a: Sneasler|[spread] p2a,p2b
|-resisted|p2b: Charizard|2
|-damage|p2a: Sneasler|0 fnt
|-damage|p2b: Charizard|36/100
|faint|p2a: Sneasler
|move|p2b: Charizard|Flame Charge|p1a: Basculegion
|-resisted|p1a: Basculegion|1
|-damage|p1a: Basculegion|78/100
|-boost|p2b: Charizard|spe|1
|
|-weather|SunnyDay|[upkeep]
|upkeep
|
|t:|1784240940
|switch|p2a: Corviknight|Corviknight, L50, M|100/100
|turn|3
|
|t:|1784240961
|switch|p1b: Grimmsnarl|Grimmsnarl, L50, M, shiny|85/100
|move|p1a: Basculegion|Last Respects|p2b: Charizard
|-damage|p2b: Charizard|9/100
|move|p2b: Charizard|Dragon Claw|p1b: Grimmsnarl
|-immune|p1b: Grimmsnarl
|move|p2a: Corviknight|Tailwind|p2a: Corviknight
|-sidestart|p2: Hydyuy|move: Tailwind
|
|-weather|SunnyDay|[upkeep]
|upkeep
|turn|4
|
|t:|1784240980
|move|p1b: Grimmsnarl|Reflect|p1b: Grimmsnarl
|-sidestart|p1: tajinvgc|Reflect
|move|p2b: Charizard|Dragon Claw|p1a: Basculegion
|-damage|p1a: Basculegion|47/100
|move|p1a: Basculegion|Last Respects|p2b: Charizard
|-damage|p2b: Charizard|0 fnt
|faint|p2b: Charizard
|move|p2a: Corviknight|Iron Head|p1b: Grimmsnarl
|-supereffective|p1b: Grimmsnarl|1
|-damage|p1b: Grimmsnarl|52/100
|
|-weather|SunnyDay|[upkeep]
|upkeep
|
|t:|1784240994
|switch|p2b: Palafin|Palafin-Hero, L50, M|90/100
|-activate|p2b: Palafin|ability: Zero to Hero
|turn|5
|
|t:|1784241015
|move|p1b: Grimmsnarl|Parting Shot|p2b: Palafin
|-unboost|p2b: Palafin|atk|1
|-unboost|p2b: Palafin|spa|1
|
|t:|1784241018
|switch|p1b: Venusaur|Venusaur, L50, F, shiny|100/100|[from] Parting Shot
|move|p2b: Palafin|Wave Crash|p1a: Basculegion
|-resisted|p1a: Basculegion|1
|-damage|p1a: Basculegion|35/100
|-damage|p2b: Palafin|85/100|[from] Recoil
|-damage|p2b: Palafin|76/100|[from] item: Life Orb
|move|p1a: Basculegion|Last Respects|p2b: Palafin
|-damage|p2b: Palafin|45/100
|move|p2a: Corviknight|Iron Head|p1b: Venusaur
|-damage|p1b: Venusaur|77/100
|
|-weather|none
|upkeep
|turn|6
|inactive|tajinvgc has 30 seconds left.
|inactive|Hydyuy has 30 seconds left.
|
|t:|1784241053
|move|p2b: Palafin|Wave Crash|p1a: Basculegion
|-resisted|p1a: Basculegion|1
|-damage|p1a: Basculegion|11/100
|-damage|p2b: Palafin|36/100|[from] Recoil
|-damage|p2b: Palafin|27/100|[from] item: Life Orb
|move|p1a: Basculegion|Last Respects|p2b: Palafin
|-damage|p2b: Palafin|0 fnt
|faint|p2b: Palafin
|move|p2a: Corviknight|Iron Head|p1b: Venusaur
|-damage|p1b: Venusaur|54/100
|move|p1b: Venusaur|Sludge Bomb|p2a: Corviknight
|-immune|p2a: Corviknight
|
|-sideend|p2: Hydyuy|move: Tailwind
|upkeep
|turn|7
|
|t:|1784241073
|move|p1a: Basculegion|Last Respects|p2a: Corviknight
|-damage|p2a: Corviknight|80/100
|move|p1b: Venusaur|Sleep Powder|p2a: Corviknight
|-status|p2a: Corviknight|slp|[from] move: Sleep Powder
|cant|p2a: Corviknight|slp
|
|-heal|p2a: Corviknight|86/100 slp|[from] item: Leftovers
|upkeep
|turn|8
|
|t:|1784241088
|switch|p1b: Grimmsnarl|Grimmsnarl, L50, M, shiny|52/100
|move|p1a: Basculegion|Last Respects|p2a: Corviknight
|-damage|p2a: Corviknight|68/100 slp
|cant|p2a: Corviknight|slp
|
|-heal|p2a: Corviknight|74/100 slp|[from] item: Leftovers
|upkeep
|turn|9
|
|t:|1784241103
|switch|p1a: Venusaur|Venusaur, L50, F, shiny|54/100
|move|p1b: Grimmsnarl|Reflect||[still]
|-fail|p1b: Grimmsnarl
|-curestatus|p2a: Corviknight|slp|[msg]
|move|p2a: Corviknight|Iron Head|p1a: Venusaur
|-damage|p1a: Venusaur|31/100
|
|-heal|p2a: Corviknight|80/100|[from] item: Leftovers
|upkeep
|turn|10
|
|t:|1784241117
|switch|p1b: Basculegion|Basculegion, L50, M|11/100
|move|p1a: Venusaur|Sleep Powder|p2a: Corviknight
|-status|p2a: Corviknight|slp|[from] move: Sleep Powder
|cant|p2a: Corviknight|slp
|
|-heal|p2a: Corviknight|86/100 slp|[from] item: Leftovers
|upkeep
|turn|11
|
|t:|1784241132
|switch|p1a: Grimmsnarl|Grimmsnarl, L50, M, shiny|52/100
|move|p1b: Basculegion|Wave Crash|p2a: Corviknight
|-damage|p2a: Corviknight|40/100 slp
|-damage|p1b: Basculegion|0 fnt|[from] Recoil
|faint|p1b: Basculegion
|cant|p2a: Corviknight|slp
|
|-heal|p2a: Corviknight|46/100 slp|[from] item: Leftovers
|-sideend|p1: tajinvgc|Reflect
|upkeep
|
|t:|1784241141
|switch|p1b: Charizard|Charizard-Mega-Y, L50, M, shiny|29/100
|-weather|SunnyDay|[from] ability: Drought|[of] p1b: Charizard
|turn|12
|
|t:|1784241149
|move|p1b: Charizard|Weather Ball|p2a: Corviknight
|-supereffective|p2a: Corviknight|1
|-damage|p2a: Corviknight|0 fnt
|faint|p2a: Corviknight
|
|win|tajinvgc
|l|☆Hydyuy
|player|p2|
|inactive|tajinvgc has 30 seconds to confirm battle start!
|inactive|Hydyuy has 30 seconds to confirm battle start!
|inactive|tajinvgc has 20 seconds to confirm battle start!
|inactive|Hydyuy has 20 seconds to confirm battle start!
|inactive|tajinvgc has 10 seconds to confirm battle start!
|inactive|Hydyuy has 10 seconds to confirm battle start!
