|j|☆Jojo_Z.ro1015
|j|☆LukarioVGC
|html|Jojo_Z.ro1015LukarioVGC    
|uhtml|bestof|Game 1 of a best-of-3
|t:|1785428812
|gametype|doubles
|player|p1|Jojo_Z.ro1015|cynthia-gen4|1012
|player|p2|LukarioVGC|wallace|1045
|gen|9
|tier|[Gen 9 Champions] VGC 2026 Reg M-B (Bo3)
|rated|
|rule|Species Clause: Limit one of each Pokémon
|rule|Item Clause: Limit 1 of each item
|clearpoke
|poke|p1|Sceptile, L50, M, shiny|
|poke|p1|Jolteon, L50, M|
|poke|p1|Staraptor, L50, M, shiny|
|poke|p1|Talonflame, L50, M, shiny|
|poke|p1|Sinistcha-Masterpiece, L50|
|poke|p1|Garchomp, L50, M, shiny|
|poke|p2|Blaziken, L50, M|
|poke|p2|Aerodactyl, L50, M|
|poke|p2|Kingambit, L50, M|
|poke|p2|Basculegion, L50, M|
|poke|p2|Sylveon, L50, F|
|poke|p2|Torkoal, L50, F|
|teampreview|4
|showteam|p1|Sceptile||Sceptilite|Unburden|DragonPulse,EnergyBall,Detect,EarthPower|Modest||M|||50|]Jolteon||ChoiceScarf|VoltAbsorb|Protect,Discharge,AlluringVoice,Thunderbolt|Timid||M|||50|]Staraptor||Staraptite|Intimidate|CloseCombat,BraveBird,Tailwind,Roost|Adamant||M|||50|]Talonflame|||GaleWings|Tailwind,Acrobatics,BlazeKick,Protect|Jolly||M|||50|]Sinistcha-Masterpiece||SitrusBerry|Hospitality|StrengthSap,MatchaGotcha,RagePowder,LifeDew|Bold|||||50|]Garchomp||YacheBerry|RoughSkin|DragonClaw,SwordsDance,FireFang,Earthquake|Jolly||M|||50|
|showteam|p2|Blaziken||Blazikenite|SpeedBoost|FlareBlitz,CloseCombat,Protect,RockSlide|Adamant||M|||50|]Aerodactyl||Aerodactylite|Unnerve|RockSlide,DualWingbeat,IceFang,Tailwind|Jolly||M|||50|]Kingambit||LifeOrb|Defiant|KowtowCleave,Protect,IronHead,SuckerPunch|Adamant||M|||50|]Basculegion||FocusSash|Adaptability|Liquidation,Protect,LastRespects,AquaJet|Adamant||M|||50|]Sylveon||FairyFeather|Pixilate|HyperVoice,Moonblast,QuickAttack,Protect|Modest||F|||50|]Torkoal||Leftovers|Drought|BurningJealousy,WeatherBall,Protect,Yawn|Relaxed||F|||50|
|inactive|Battle timer is ON: inactive players will automatically lose when time's up. (requested by LukarioVGC)
|inactive|Jojo_Z.ro1015 also wants the timer to be on.
|inactive|LukarioVGC has 60 seconds left.
|inactive|LukarioVGC has 30 seconds left.
|inactive|LukarioVGC has 20 seconds left.
|inactive|LukarioVGC has 15 seconds left.
|
|t:|1785428889
|teamsize|p1|4
|teamsize|p2|4
|start
|switch|p1a: Talonflame|Talonflame, L50, M, shiny|100/100
|switch|p1b: Garchomp|Garchomp, L50, M, shiny|100/100
|switch|p2a: Sylveon|Sylveon, L50, F|100/100
|switch|p2b: Blaziken|Blaziken, L50, M|100/100
|turn|1
|inactive|LukarioVGC has 30 seconds left.
|inactive|LukarioVGC has 20 seconds left.
|inactive|LukarioVGC has 15 seconds left.
|inactive|LukarioVGC has 10 seconds left.
|
|t:|1785428934
|move|p2b: Blaziken|Protect|p2b: Blaziken
|-singleturn|p2b: Blaziken|Protect
|move|p1a: Talonflame|Tailwind|p1a: Talonflame
|-sidestart|p1: Jojo_Z.ro1015|move: Tailwind
|move|p1b: Garchomp|Earthquake|p2a: Sylveon|[spread] p2a
|-activate|p2b: Blaziken|move: Protect
|-immune|p1a: Talonflame
|-damage|p2a: Sylveon|56/100
|move|p2a: Sylveon|Hyper Voice|p1b: Garchomp|[spread] p1a,p1b
|-resisted|p1a: Talonflame|1
|-supereffective|p1b: Garchomp|1
|-damage|p1a: Talonflame|60/100
|-damage|p1b: Garchomp|0 fnt
|faint|p1b: Garchomp
|
|-ability|p2b: Blaziken|Speed Boost|boost
|-boost|p2b: Blaziken|spe|1
|upkeep
|
|t:|1785428948
|switch|p1b: Sinistcha|Sinistcha-Masterpiece, L50|100/100
|-heal|p1a: Talonflame|85/100|[from] ability: Hospitality|[of] p1b: Sinistcha
|turn|2
|
|t:|1785428967
|switch|p2b: Aerodactyl|Aerodactyl, L50, M|100/100
|-ability|p2b: Aerodactyl|Unnerve
|move|p1a: Talonflame|Acrobatics|p2b: Aerodactyl
|-resisted|p2b: Aerodactyl|1
|-damage|p2b: Aerodactyl|67/100
|move|p1b: Sinistcha|Matcha Gotcha|p2b: Aerodactyl|[spread] p2a,p2b
|-crit|p2a: Sylveon
|-damage|p2a: Sylveon|29/100
|-damage|p2b: Aerodactyl|37/100
|-status|p2b: Aerodactyl|brn
|move|p2a: Sylveon|Hyper Voice|p1a: Talonflame|[spread] p1a,p1b
|-resisted|p1a: Talonflame|1
|-damage|p1a: Talonflame|49/100
|-damage|p1b: Sinistcha|45/100
|
|-damage|p2b: Aerodactyl|31/100 brn|[from] brn
|upkeep
|turn|3
|inactive|LukarioVGC has 30 seconds left.
|inactive|LukarioVGC has 20 seconds left.
|inactive|LukarioVGC has 15 seconds left.
|inactive|Jojo_Z.ro1015 has 30 seconds left.
|
|t:|1785429013
|move|p1a: Talonflame|Protect|p1a: Talonflame
|-singleturn|p1a: Talonflame|Protect
|move|p2a: Sylveon|Protect|p2a: Sylveon
|-singleturn|p2a: Sylveon|Protect
|move|p2b: Aerodactyl|Rock Slide|p1a: Talonflame|[spread] p1b
|-activate|p1a: Talonflame|move: Protect
|-damage|p1b: Sinistcha|37/100
|move|p1b: Sinistcha|Matcha Gotcha|p2a: Sylveon|[spread] p2b
|-activate|p2a: Sylveon|move: Protect
|-damage|p2b: Aerodactyl|1/100 brn
|-heal|p1b: Sinistcha|52/100|[from] drain|[of] p2b: Aerodactyl
|
|-damage|p2b: Aerodactyl|0 fnt|[from] brn
|faint|p2b: Aerodactyl
|upkeep
|
|t:|1785429034
|switch|p2b: Basculegion|Basculegion, L50, M|100/100
|turn|4
|inactive|LukarioVGC has 30 seconds left.
|
|t:|1785429063
|move|p1a: Talonflame|Acrobatics|p2a: Sylveon
|-damage|p2a: Sylveon|0 fnt
|faint|p2a: Sylveon
|move|p1b: Sinistcha|Matcha Gotcha|p2b: Basculegion
|-supereffective|p2b: Basculegion|1
|-damage|p2b: Basculegion|23/100
|-heal|p1b: Sinistcha|94/100|[from] drain|[of] p2b: Basculegion
|move|p2b: Basculegion|Last Respects|p1b: Sinistcha
|-supereffective|p1b: Sinistcha|1
|-damage|p1b: Sinistcha|0 fnt
|faint|p1b: Sinistcha
|
|-sideend|p1: Jojo_Z.ro1015|move: Tailwind
|upkeep
|l|☆Jojo_Z.ro1015
|inactive|Jojo_Z.ro1015 disconnected and has a minute to reconnect!
|player|p1|
|inactive|Jojo_Z.ro1015 has 30 seconds left.
|inactive|Jojo_Z.ro1015 has 20 seconds left.
|inactive|Jojo_Z.ro1015 has 15 seconds left.
|j|☆Jojo_Z.ro1015
|inactive|Jojo_Z.ro1015 reconnected and has 15 seconds left.
|player|p1|Jojo_Z.ro1015|cynthia-gen4|
|inactive|Jojo_Z.ro1015 has 10 seconds left.
|
|t:|1785429111
|switch|p2a: Blaziken|Blaziken, L50, M|100/100
|switch|p1b: Staraptor|Staraptor, L50, M, shiny|100/100
|-ability|p1b: Staraptor|Intimidate|boost
|-unboost|p2a: Blaziken|atk|1
|-unboost|p2b: Basculegion|atk|1
|turn|5
|
|t:|1785429132
|detailschange|p2a: Blaziken|Blaziken-Mega, L50, M
|-mega|p2a: Blaziken|Blaziken|Blazikenite
|detailschange|p1b: Staraptor|Staraptor-Mega, L50, M, shiny
|-mega|p1b: Staraptor|Staraptor|Staraptite
|move|p2b: Basculegion|Protect|p2b: Basculegion
|-singleturn|p2b: Basculegion|Protect
|move|p1a: Talonflame|Tailwind|p1a: Talonflame
|-sidestart|p1: Jojo_Z.ro1015|move: Tailwind
|move|p1b: Staraptor|Brave Bird|p2b: Basculegion
|-activate|p2b: Basculegion|move: Protect
|move|p2a: Blaziken|Flare Blitz|p1b: Staraptor
|-damage|p1b: Staraptor|50/100g
|-damage|p2a: Blaziken|80/100|[from] Recoil
|
|-ability|p2a: Blaziken|Speed Boost|boost
|-boost|p2a: Blaziken|spe|1
|upkeep
|turn|6
|inactive|LukarioVGC has 30 seconds left.
|
|t:|1785429162
|move|p2a: Blaziken|Protect|p2a: Blaziken
|-singleturn|p2a: Blaziken|Protect
|move|p2b: Basculegion|Aqua Jet|p1a: Talonflame
|-supereffective|p1a: Talonflame|1
|-damage|p1a: Talonflame|0 fnt
|faint|p1a: Talonflame
|move|p1b: Staraptor|Brave Bird|p2b: Basculegion
|-damage|p2b: Basculegion|0 fnt
|faint|p2b: Basculegion
|-damage|p1b: Staraptor|42/100|[from] Recoil
|
|-ability|p2a: Blaziken|Speed Boost|boost
|-boost|p2a: Blaziken|spe|1
|upkeep
|turn|7
|inactive|LukarioVGC has 30 seconds left.
|
|t:|1785429190
|move|p2a: Blaziken|Flare Blitz|p1b: Staraptor
|-damage|p1b: Staraptor|0 fnt
|faint|p1b: Staraptor
|-damage|p2a: Blaziken|63/100|[from] Recoil
|
|win|LukarioVGC
||Jojo_Z.ro1015 is ready for game 2.
||LukarioVGC is ready for game 2.
|uhtml|next|Next: Game 2 of 3
|l|☆Jojo_Z.ro1015
|player|p1|
