|j|☆JinWasHere
|j|☆Alex Agni
|html|JinWasHereAlex Agni    
|uhtml|bestof|Game 1 of a best-of-3
|t:|1786041799
|gametype|doubles
|player|p1|JinWasHere|wallace|
|player|p2|Alex Agni|shadowtriad|
|gen|9
|tier|[Gen 9 Champions] VGC 2026 Reg M-B (Bo3)
|rule|Species Clause: Limit one of each Pokémon
|rule|Item Clause: Limit 1 of each item
|clearpoke
|poke|p1|Scolipede, L50, M, shiny|
|poke|p1|Annihilape, L50, M|
|poke|p1|Hydreigon, L50, M|
|poke|p1|Aerodactyl, L50, F|
|poke|p1|Basculegion, L50, M|
|poke|p1|Glimmora, L50, F|
|poke|p2|Blastoise, L50, F|
|poke|p2|Delphox, L50, F|
|poke|p2|Sinistcha, L50|
|poke|p2|Incineroar, L50, M|
|poke|p2|Sneasler, L50, M|
|poke|p2|Primarina, L50, F|
|teampreview|4
|showteam|p1|Scolipede||Scolipite|SpeedBoost|PoisonJab,LeechLife,SwordsDance,Protect|Adamant||M|||50|]Annihilape||FocusSash|Defiant|Coaching,DrainPunch,CloseCombat,PhantomForce|Jolly||M|||50|]Hydreigon||ChoiceScarf|Levitate|DarkPulse,Snarl,HeatWave,DracoMeteor|Timid||M|||50|]Aerodactyl||Aerodactylite|Unnerve|Tailwind,DualWingbeat,RockSlide,WideGuard|Jolly||F|||50|]Basculegion||MysticWater|Adaptability|AquaJet,LastRespects,FlipTurn,Protect|Jolly||M|||50|]Glimmora||Leftovers|ToxicDebris|PowerGem,SludgeBomb,Toxic,SpikyShield|Bold||F|||50|
|showteam|p2|Blastoise||Blastoisinite|Torrent|WaterSpout,DarkPulse,ShellSmash,Protect|Modest||F|||50|]Delphox||Delphoxite|Blaze|HeatWave,Psyshock,NastyPlot,Protect|Timid||F|||50|]Sinistcha||KasibBerry|Hospitality|MatchaGotcha,ShadowBall,RagePowder,Protect|Bold|||||50|]Incineroar||SitrusBerry|Intimidate|FlareBlitz,DarkestLariat,FakeOut,PartingShot|Adamant||M|||50|]Sneasler||FocusSash|PoisonTouch|FakeOut,CloseCombat,PoisonJab,Protect|Jolly||M|||50|]Primarina||Leftovers|LiquidVoice|DrainingKiss,HyperVoice,ShadowBall,Protect|Modest||F|||50|
|j| reifard
|j| Raspree
|c| Raspree|Potete cominciare. Buona fortuna
|
|t:|1786041862
|teamsize|p1|4
|teamsize|p2|4
|start
|switch|p1a: Annihilape|Annihilape, L50, M|100/100
|switch|p1b: Aerodactyl|Aerodactyl, L50, F|100/100
|switch|p2a: She Bangs|Blastoise, L50, F|100/100
|switch|p2b: Vivarium|Sinistcha, L50|100/100
|-ability|p1b: Aerodactyl|Unnerve
|turn|1
|
|t:|1786041887
|detailschange|p1b: Aerodactyl|Aerodactyl-Mega, L50, F
|-mega|p1b: Aerodactyl|Aerodactyl|Aerodactylite
|detailschange|p2a: She Bangs|Blastoise-Mega, L50, F
|-mega|p2a: She Bangs|Blastoise|Blastoisinite
|move|p2b: Vivarium|Protect|p2b: Vivarium
|-singleturn|p2b: Vivarium|Protect
|move|p1b: Aerodactyl|Tailwind|p1b: Aerodactyl
|-sidestart|p1: JinWasHere|move: Tailwind
|move|p1a: Annihilape|Coaching|p1b: Aerodactyl
|-boost|p1b: Aerodactyl|atk|1
|-boost|p1b: Aerodactyl|def|1
|move|p2a: She Bangs|Shell Smash|p2a: She Bangs
|-unboost|p2a: She Bangs|def|1
|-unboost|p2a: She Bangs|spd|1
|-boost|p2a: She Bangs|atk|2
|-boost|p2a: She Bangs|spa|2
|-boost|p2a: She Bangs|spe|2
|
|upkeep
|turn|2
|
|t:|1786041915
|move|p2b: Vivarium|Rage Powder|p2b: Vivarium
|-singleturn|p2b: Vivarium|move: Rage Powder
|move|p1b: Aerodactyl|Dual Wingbeat|p2b: Vivarium
|-supereffective|p2b: Vivarium|1
|-damage|p2b: Vivarium|28/100
|-supereffective|p2b: Vivarium|1
|-damage|p2b: Vivarium|0 fnt
|faint|p2b: Vivarium
|-hitcount|p2: Vivarium|2
|move|p1a: Annihilape|Close Combat|p2a: She Bangs
|-damage|p2a: She Bangs|20/100y
|-unboost|p1a: Annihilape|def|1
|-unboost|p1a: Annihilape|spd|1
|move|p2a: She Bangs|Water Spout|p1b: Aerodactyl|[spread] p1a,p1b
|-supereffective|p1b: Aerodactyl|1
|-damage|p1a: Annihilape|59/100
|-damage|p1b: Aerodactyl|42/100
|
|upkeep
|
|t:|1786041931
|switch|p2b: California Gurls|Primarina, L50, F|100/100
|turn|3
|
|t:|1786041941
|move|p2a: She Bangs|Protect|p2a: She Bangs
|-singleturn|p2a: She Bangs|Protect
|move|p1b: Aerodactyl|Dual Wingbeat|p2b: California Gurls
|-crit|p2b: California Gurls
|-damage|p2b: California Gurls|25/100
|-damage|p2b: California Gurls|0 fnt
|faint|p2b: California Gurls
|-hitcount|p2: California Gurls|2
|move|p1a: Annihilape|Drain Punch|p2a: She Bangs
|-activate|p2a: She Bangs|move: Protect
|
|upkeep
|
|t:|1786041952
|switch|p2b: Bohemian Rhapsody|Incineroar, L50, M|100/100
|-ability|p2b: Bohemian Rhapsody|Intimidate|boost
|-unboost|p1a: Annihilape|atk|1
|-ability|p1a: Annihilape|Defiant|boost
|-boost|p1a: Annihilape|atk|2
|-unboost|p1b: Aerodactyl|atk|1
|turn|4
|
|t:|1786041962
|move|p2a: She Bangs|Protect||[still]
|-fail|p2a: She Bangs
|move|p2b: Bohemian Rhapsody|Fake Out|p1b: Aerodactyl
|-resisted|p1b: Aerodactyl|1
|-damage|p1b: Aerodactyl|37/100
|cant|p1b: Aerodactyl|flinch
|move|p1a: Annihilape|Drain Punch|p2b: Bohemian Rhapsody
|-supereffective|p2b: Bohemian Rhapsody|1
|-damage|p2b: Bohemian Rhapsody|0 fnt
|-heal|p1a: Annihilape|100/100|[from] drain|[of] p2b: Bohemian Rhapsody
|faint|p2b: Bohemian Rhapsody
|
|-sideend|p1: JinWasHere|move: Tailwind
|upkeep
|turn|5
|
|t:|1786041983
|switch|p1b: Hydreigon|Hydreigon, L50, M|100/100
|move|p2a: She Bangs|Dark Pulse|p1a: Annihilape
|-enditem|p1a: Annihilape|Focus Sash
|-damage|p1a: Annihilape|1/100
|move|p1a: Annihilape|Close Combat|p2a: She Bangs
|-damage|p2a: She Bangs|0 fnt
|-unboost|p1a: Annihilape|def|1
|-unboost|p1a: Annihilape|spd|1
|faint|p2a: She Bangs
|
|win|JinWasHere
||Alex Agni is ready for game 2.
|inactive|JinWasHere has 30 seconds to confirm battle start!
|j| zanfire73
||JinWasHere is ready for game 2.
|uhtml|next|Next: Game 2 of 3
