|j|☆papalima
|j|☆pakomon120
|html|papalimapakomon120    
|uhtml|bestof|Game 2 of a best-of-3
|t:|1785174980
|gametype|doubles
|player|p1|papalima|265|1252
|player|p2|pakomon120|102|1198
|gen|9
|tier|[Gen 9 Champions] VGC 2026 Reg M-B (Bo3)
|rated|
|rule|Species Clause: Limit one of each Pokémon
|rule|Item Clause: Limit 1 of each item
|clearpoke
|poke|p1|Incineroar, L50, M|
|poke|p1|Toxapex, L50, M|
|poke|p1|Venusaur, L50, F|
|poke|p1|Tyranitar, L50, F|
|poke|p1|Charizard, L50, F|
|poke|p1|Annihilape, L50, M|
|poke|p2|Staraptor, L50, F|
|poke|p2|Whimsicott, L50, F|
|poke|p2|Charizard, L50, F|
|poke|p2|Garchomp, L50, M|
|poke|p2|Basculegion, L50, M|
|poke|p2|Farigiraf, L50, F|
|teampreview|4
|showteam|p1|Incineroar||SitrusBerry|Intimidate|FlareBlitz,FakeOut,Taunt,PartingShot|Impish||M|||50|]Toxapex||Leftovers|Regenerator|Infestation,Toxic,WideGuard,BanefulBunker|Bold||M|||50|]Venusaur||Venusaurite|Chlorophyll|GigaDrain,EarthPower,SludgeBomb,Protect|Modest||F|||50|]Tyranitar||ChoiceScarf|SandStream|DragonClaw,KnockOff,LowKick,IcePunch|Jolly||F|||50|]Charizard||CharizarditeY|SolarPower|WeatherBall,HeatWave,AncientPower,Protect|Modest||F|||50|]Annihilape||FocusSash|Defiant|CloseCombat,PhantomForce,RockTomb,Protect|Jolly||M|||50|
|showteam|p2|Staraptor||Staraptite|Intimidate|BraveBird,CloseCombat,Protect,Roost|Adamant||F|||50|]Whimsicott||FocusSash|Prankster|Tailwind,Encore,Moonblast,Charm|Timid||F|||50|]Charizard||CharizarditeY|Blaze|HeatWave,SolarBeam,WeatherBall,Protect|Modest||F|||50|]Garchomp||LifeOrb|RoughSkin|Earthquake,RockSlide,DragonClaw,Protect|Adamant||M|||50|]Basculegion||ChoiceScarf|Adaptability|WaveCrash,LastRespects,FlipTurn,AquaJet|Jolly||M|||50|]Farigiraf||SitrusBerry|ArmorTail|TrickRoom,Psychic,Thunderbolt,HelpingHand|Modest||F|||50|
|inactive|Battle timer is ON: inactive players will automatically lose when time's up. (requested by pakomon120)
|
|t:|1785175005
|teamsize|p1|4
|teamsize|p2|4
|start
|switch|p1a: Incineroar|Incineroar, L50, M|100/100
|switch|p1b: Charizard|Charizard, L50, F|100/100
|switch|p2a: Charizard|Charizard, L50, F|100/100
|switch|p2b: Whimsicott|Whimsicott, L50, F|100/100
|-ability|p1a: Incineroar|Intimidate|boost
|-unboost|p2a: Charizard|atk|1
|-unboost|p2b: Whimsicott|atk|1
|turn|1
|inactive|pakomon120 has 30 seconds left.
|
|t:|1785175034
|switch|p2b: Garchomp|Garchomp, L50, M|100/100
|detailschange|p2a: Charizard|Charizard-Mega-Y, L50, F
|-mega|p2a: Charizard|Charizard|Charizardite Y
|-weather|SunnyDay|[from] ability: Drought|[of] p2a: Charizard
|detailschange|p1b: Charizard|Charizard-Mega-Y, L50, F
|-mega|p1b: Charizard|Charizard|Charizardite Y
|move|p1a: Incineroar|Fake Out|p2a: Charizard
|-damage|p2a: Charizard|90/100
|cant|p2a: Charizard|flinch
|move|p1b: Charizard|Heat Wave|p2b: Garchomp|[spread] p2a,p2b
|-resisted|p2a: Charizard|1
|-resisted|p2b: Garchomp|1
|-damage|p2a: Charizard|66/100
|-damage|p2b: Garchomp|63/100
|
|-weather|SunnyDay|[upkeep]
|upkeep
|turn|2
|
|t:|1785175057
|move|p1b: Charizard|Protect|p1b: Charizard
|-singleturn|p1b: Charizard|Protect
|move|p2b: Garchomp|Earthquake|p1b: Charizard|[spread] p1a
|-activate|p1b: Charizard|move: Protect
|-immune|p2a: Charizard
|-supereffective|p1a: Incineroar|1
|-damage|p1a: Incineroar|14/100
|-enditem|p1a: Incineroar|Sitrus Berry|[eat]
|-heal|p1a: Incineroar|39/100|[from] item: Sitrus Berry
|-damage|p2b: Garchomp|54/100|[from] item: Life Orb
|move|p2a: Charizard|Weather Ball|p1a: Incineroar
|-resisted|p1a: Incineroar|1
|-damage|p1a: Incineroar|1/100
|move|p1a: Incineroar|Parting Shot|p2b: Garchomp
|-unboost|p2b: Garchomp|atk|1
|-unboost|p2b: Garchomp|spa|1
|
|t:|1785175067
|switch|p1a: Toxapex|Toxapex, L50, M|100/100|[from] Parting Shot
|
|-weather|SunnyDay|[upkeep]
|upkeep
|turn|3
|
|t:|1785175093
|switch|p2b: Basculegion|Basculegion, L50, M|100/100
|switch|p2a: Whimsicott|Whimsicott, L50, F|100/100
|move|p1a: Toxapex|Wide Guard|p1a: Toxapex
|-singleturn|p1a: Toxapex|Wide Guard
|move|p1b: Charizard|Ancient Power|p2a: Whimsicott
|-damage|p2a: Whimsicott|63/100
|
|-weather|SunnyDay|[upkeep]
|upkeep
|turn|4
|inactive|pakomon120 has 30 seconds left.
|
|t:|1785175123
|move|p2a: Whimsicott|Encore|p1b: Charizard
|-start|p1b: Charizard|Encore
|move|p2b: Basculegion|Flip Turn|p1b: Charizard
|-supereffective|p1b: Charizard|1
|-damage|p1b: Charizard|69/100
|
|t:|1785175129
|switch|p2b: Garchomp|Garchomp, L50, M|54/100|[from] Flip Turn
|move|p1b: Charizard|Ancient Power|p2b: Garchomp
|-resisted|p2b: Garchomp|1
|-damage|p2b: Garchomp|40/100
|move|p1a: Toxapex|Toxic|p2a: Whimsicott
|-status|p2a: Whimsicott|tox
|
|-weather|SunnyDay|[upkeep]
|-damage|p2a: Whimsicott|57/100 tox|[from] psn
|upkeep
|turn|5
|
|t:|1785175143
|switch|p1b: Incineroar|Incineroar, L50, M|1/100
|-ability|p1b: Incineroar|Intimidate|boost
|-unboost|p2a: Whimsicott|atk|1
|-unboost|p2b: Garchomp|atk|1
|move|p1a: Toxapex|Wide Guard|p1a: Toxapex
|-singleturn|p1a: Toxapex|Wide Guard
|move|p2a: Whimsicott|Encore|p1a: Toxapex
|-start|p1a: Toxapex|Encore
|move|p2b: Garchomp|Rock Slide|p1b: Incineroar|[spread] 
|-activate|p1a: Toxapex|move: Wide Guard
|-activate|p1b: Incineroar|move: Wide Guard
|
|-weather|none
|-damage|p2a: Whimsicott|45/100 tox|[from] psn
|upkeep
|turn|6
|
|t:|1785175160
|switch|p1b: Charizard|Charizard-Mega-Y, L50, F|69/100
|-weather|SunnyDay|[from] ability: Drought|[of] p1b: Charizard
|move|p1a: Toxapex|Wide Guard|p1a: Toxapex
|-singleturn|p1a: Toxapex|Wide Guard
|move|p2a: Whimsicott|Moonblast|p1b: Charizard
|-resisted|p1b: Charizard|1
|-damage|p1b: Charizard|55/100
|move|p2b: Garchomp|Rock Slide|p1b: Charizard|[spread] 
|-activate|p1a: Toxapex|move: Wide Guard
|-activate|p1b: Charizard|move: Wide Guard
|
|-weather|SunnyDay|[upkeep]
|-damage|p2a: Whimsicott|28/100 tox|[from] psn
|upkeep
|turn|7
|
|t:|1785175179
|move|p1a: Toxapex|Wide Guard|p1a: Toxapex
|-singleturn|p1a: Toxapex|Wide Guard
|move|p2a: Whimsicott|Tailwind|p2a: Whimsicott
|-sidestart|p2: pakomon120|move: Tailwind
|move|p2b: Garchomp|Dragon Claw|p1b: Charizard
|-damage|p1b: Charizard|17/100
|-damage|p2b: Garchomp|30/100|[from] item: Life Orb
|move|p1b: Charizard|Heat Wave|p2b: Garchomp|[spread] p2a,p2b
|-supereffective|p2a: Whimsicott|1
|-resisted|p2b: Garchomp|1
|-damage|p2a: Whimsicott|0 fnt
|-damage|p2b: Garchomp|0 fnt
|faint|p2a: Whimsicott
|faint|p2b: Garchomp
|
|-weather|SunnyDay|[upkeep]
|upkeep
|
|t:|1785175187
|switch|p2a: Basculegion|Basculegion, L50, M|100/100
|switch|p2b: Charizard|Charizard-Mega-Y, L50, F|66/100
|turn|8
|inactive|pakomon120 has 30 seconds left.
|
|t:|1785175214
|switch|p1a: Incineroar|Incineroar, L50, M|1/100
|-ability|p1a: Incineroar|Intimidate|boost
|-unboost|p2a: Basculegion|atk|1
|-unboost|p2b: Charizard|atk|1
|move|p1b: Charizard|Protect|p1b: Charizard
|-singleturn|p1b: Charizard|Protect
|move|p2a: Basculegion|Last Respects|p1a: Incineroar
|-resisted|p1a: Incineroar|1
|-damage|p1a: Incineroar|0 fnt
|faint|p1a: Incineroar
|move|p2b: Charizard|Weather Ball|p1b: Charizard
|-activate|p1b: Charizard|move: Protect
|
|-weather|SunnyDay|[upkeep]
|upkeep
|
|t:|1785175228
|switch|p1a: Toxapex|Toxapex, L50, M|100/100
|turn|9
|
|t:|1785175241
|move|p2a: Basculegion|Last Respects|p1a: Toxapex
|-damage|p1a: Toxapex|56/100
|move|p2b: Charizard|Weather Ball|p1b: Charizard
|-resisted|p1b: Charizard|1
|-damage|p1b: Charizard|0 fnt
|faint|p1b: Charizard
|move|p1a: Toxapex|Toxic|p2b: Charizard
|-status|p2b: Charizard|tox
|
|-weather|SunnyDay|[upkeep]
|-heal|p1a: Toxapex|62/100|[from] item: Leftovers
|-damage|p2b: Charizard|60/100 tox|[from] psn
|upkeep
|
|t:|1785175247
|switch|p1b: Venusaur|Venusaur, L50, F|100/100
|turn|10
|
|t:|1785175258
|move|p1b: Venusaur|Protect|p1b: Venusaur
|-singleturn|p1b: Venusaur|Protect
|move|p1a: Toxapex|Baneful Bunker|p1a: Toxapex
|-singleturn|p1a: Toxapex|move: Protect
|move|p2a: Basculegion|Last Respects|p1b: Venusaur
|-activate|p1b: Venusaur|move: Protect
|move|p2b: Charizard|Weather Ball|p1b: Venusaur
|-activate|p1b: Venusaur|move: Protect
|
|-weather|none
|-heal|p1a: Toxapex|68/100|[from] item: Leftovers
|-damage|p2b: Charizard|48/100 tox|[from] psn
|-sideend|p2: pakomon120|move: Tailwind
|upkeep
|turn|11
|
|t:|1785175268
|move|p1a: Toxapex|Wide Guard|p1a: Toxapex
|-singleturn|p1a: Toxapex|Wide Guard
|move|p2a: Basculegion|Last Respects|p1b: Venusaur
|-damage|p1b: Venusaur|26/100
|move|p2b: Charizard|Heat Wave|p1b: Venusaur|[spread] 
|-activate|p1a: Toxapex|move: Wide Guard
|-activate|p1b: Venusaur|move: Wide Guard
|move|p1b: Venusaur|Giga Drain|p2a: Basculegion
|-supereffective|p2a: Basculegion|1
|-damage|p2a: Basculegion|25/100
|-heal|p1b: Venusaur|65/100|[from] drain|[of] p2a: Basculegion
|
|-heal|p1a: Toxapex|73/100|[from] item: Leftovers
|-damage|p2b: Charizard|30/100 tox|[from] psn
|upkeep
|turn|12
|
|t:|1785175288
|move|p1b: Venusaur|Protect|p1b: Venusaur
|-singleturn|p1b: Venusaur|Protect
|move|p2a: Basculegion|Last Respects|p1a: Toxapex
|-damage|p1a: Toxapex|35/100
|move|p2b: Charizard|Weather Ball|p1a: Toxapex
|-damage|p1a: Toxapex|20/100y
|move|p1a: Toxapex|Toxic|p2a: Basculegion
|-status|p2a: Basculegion|tox
|
|-heal|p1a: Toxapex|26/100|[from] item: Leftovers
|-damage|p2a: Basculegion|19/100 tox|[from] psn
|-damage|p2b: Charizard|6/100 tox|[from] psn
|upkeep
|turn|13
|-message|pakomon120 forfeited.
|
|win|papalima
|raw|papalima's rating: 1252 → 1273(+21 for winning)
|raw|pakomon120's rating: 1198 → 1177(-21 for losing)
|l|☆pakomon120
|player|p2|
