|j|☆viatles
|j|☆zefhkb505
|html|viatleszefhkb505    
|uhtml|bestof|Game 1 of a best-of-3
|t:|1783566922
|gametype|doubles
|player|p1|viatles|hiker|1111
|player|p2|zefhkb505|hilbert|1231
|gen|9
|tier|[Gen 9 Champions] VGC 2026 Reg M-B (Bo3)
|rated|
|rule|Species Clause: Limit one of each Pokémon
|rule|Item Clause: Limit 1 of each item
|clearpoke
|poke|p1|Beedrill, L50, F, shiny|
|poke|p1|Corviknight, L50, F|
|poke|p1|Hydreigon, L50, M|
|poke|p1|Sableye, L50, F|
|poke|p1|Talonflame, L50, F, shiny|
|poke|p1|Glimmora, L50, F|
|poke|p2|Corviknight, L50, F|
|poke|p2|Raichu, L50, F|
|poke|p2|Ninetales-Alola, L50, M|
|poke|p2|Ceruledge, L50, M|
|poke|p2|Sinistcha, L50|
|poke|p2|Kingambit, L50, F|
|teampreview|4
|showteam|p1|Beedrill||Beedrillite|Sniper|Uturn,DrillRun,PoisonJab,Protect|Jolly||F|||50|]Corviknight||Leftovers|MirrorArmor|BodyPress,BraveBird,IronHead,Roost|Impish||F|||50|]Hydreigon||ChoiceScarf|Levitate|DracoMeteor,DarkPulse,HeatWave,EarthPower|Modest||M|||50|]Sableye||RoseliBerry|Prankster|FakeOut,FoulPlay,RainDance,Quash|Sassy||F|||50|]Talonflame||SharpBeak|GaleWings|DualWingbeat,Tailwind,Protect,WillOWisp|Jolly||F|||50|]Glimmora||FocusSash|ToxicDebris|PowerGem,SludgeBomb,EarthPower,SpikyShield|Modest||F|||50|
|showteam|p2|Corviknight||Leftovers|MirrorArmor|BodyPress,BraveBird,BulkUp,Roost|Careful||F|||50|]Raichu||RaichuniteY|LightningRod|FakeOut,ZapCannon,FocusBlast,Protect|Timid||F|||50|]Ninetales-Alola||LightClay|SnowWarning|FreezeDry,Moonblast,AuroraVeil,Protect|Timid||M|||50|]Ceruledge||LifeOrb|FlashFire|BitterBlade,SwordsDance,ShadowSneak,Protect|Adamant||M|||50|]Sinistcha||CobaBerry|Hospitality|LifeDew,TrickRoom,RagePowder,MatchaGotcha|Relaxed|||||50|]Kingambit||FocusSash|Defiant|KowtowCleave,SwordsDance,SuckerPunch,Protect|Adamant||F|||50|
|c|☆viatles|gl hf
|inactive|Battle timer is ON: inactive players will automatically lose when time's up. (requested by viatles)
|inactive|viatles has 60 seconds left.
|
|t:|1783566959
|teamsize|p1|4
|teamsize|p2|4
|start
|switch|p1a: Scatter|Talonflame, L50, F, shiny|100/100
|switch|p1b: Glimmora|Glimmora, L50, F|100/100
|switch|p2a: Corviknight|Corviknight, L50, F|100/100
|switch|p2b: Raichu|Raichu, L50, F|100/100
|turn|1
|
|t:|1783566976
|detailschange|p2b: Raichu|Raichu-Mega-Y, L50, F
|-mega|p2b: Raichu|Raichu|Raichunite Y
|move|p1a: Scatter|Protect|p1a: Scatter
|-singleturn|p1a: Scatter|Protect
|move|p1b: Glimmora|Spiky Shield|p1b: Glimmora
|-singleturn|p1b: Glimmora|move: Protect
|move|p2b: Raichu|Zap Cannon|p1a: Scatter
|-activate|p1a: Scatter|move: Protect
|move|p2a: Corviknight|Bulk Up|p2a: Corviknight
|-boost|p2a: Corviknight|atk|1
|-boost|p2a: Corviknight|def|1
|
|upkeep
|turn|2
|
|t:|1783567000
|move|p2b: Raichu|Zap Cannon|p1a: Scatter
|-supereffective|p1a: Scatter|1
|-damage|p1a: Scatter|0 fnt
|faint|p1a: Scatter
|move|p1b: Glimmora|Earth Power|p2b: Raichu
|-supereffective|p2b: Raichu|1
|-damage|p2b: Raichu|0 fnt
|faint|p2b: Raichu
|move|p2a: Corviknight|Brave Bird|p1b: Glimmora
|-resisted|p1b: Glimmora|1
|-damage|p1b: Glimmora|58/100
|-activate|p1b: Glimmora|ability: Toxic Debris
|-sidestart|p2: zefhkb505|move: Toxic Spikes
|-damage|p2a: Corviknight|89/100|[from] Recoil
|
|-heal|p2a: Corviknight|95/100|[from] item: Leftovers
|upkeep
|
|t:|1783567023
|switch|p2b: Sinistcha|Sinistcha, L50|100/100
|switch|p1a: Hydreigon|Hydreigon, L50, M|100/100
|-status|p2b: Sinistcha|psn
|-heal|p2a: Corviknight|100/100|[from] ability: Hospitality|[of] p2b: Sinistcha
|turn|3
|
|t:|1783567037
|switch|p2b: Ninetales|Ninetales-Alola, L50, M|100/100
|-status|p2b: Ninetales|psn
|-weather|Snowscape|[from] ability: Snow Warning|[of] p2b: Ninetales
|move|p1a: Hydreigon|Heat Wave|p2b: Ninetales|[spread] p2a,p2b
|-supereffective|p2a: Corviknight|1
|-supereffective|p2b: Ninetales|1
|-damage|p2a: Corviknight|59/100
|-damage|p2b: Ninetales|40/100 psn
|move|p1b: Glimmora|Power Gem|p2a: Corviknight
|-damage|p2a: Corviknight|25/100
|move|p2a: Corviknight|Body Press|p1b: Glimmora
|-damage|p1b: Glimmora|22/100
|-activate|p1b: Glimmora|ability: Toxic Debris
|-sidestart|p2: zefhkb505|move: Toxic Spikes
|
|-weather|Snowscape|[upkeep]
|-heal|p2a: Corviknight|31/100|[from] item: Leftovers
|-damage|p2b: Ninetales|28/100 psn|[from] psn
|upkeep
|turn|4
|
|t:|1783567059
|switch|p2b: Sinistcha|Sinistcha, L50|100/100 psn
|-heal|p2a: Corviknight|56/100|[from] ability: Hospitality|[of] p2b: Sinistcha
|move|p1a: Hydreigon|Heat Wave|p2b: Sinistcha|[spread] p2a,p2b
|-supereffective|p2a: Corviknight|1
|-supereffective|p2b: Sinistcha|1
|-damage|p2a: Corviknight|15/100
|-damage|p2b: Sinistcha|47/100 psn
|move|p1b: Glimmora|Power Gem|p2a: Corviknight
|-damage|p2a: Corviknight|0 fnt
|faint|p2a: Corviknight
|
|-weather|Snowscape|[upkeep]
|-damage|p2b: Sinistcha|34/100 psn|[from] psn
|upkeep
|
|t:|1783567071
|switch|p2a: Ninetales|Ninetales-Alola, L50, M|28/100 psn
|turn|5
|
|t:|1783567076
|move|p1b: Glimmora|Spiky Shield|p1b: Glimmora
|-singleturn|p1b: Glimmora|move: Protect
|move|p2b: Sinistcha|Rage Powder|p2b: Sinistcha
|-singleturn|p2b: Sinistcha|move: Rage Powder
|move|p1a: Hydreigon|Heat Wave|p2a: Ninetales|[spread] p2a,p2b
|-supereffective|p2a: Ninetales|1
|-supereffective|p2b: Sinistcha|1
|-damage|p2a: Ninetales|0 fnt
|-damage|p2b: Sinistcha|0 fnt
|faint|p2a: Ninetales
|faint|p2b: Sinistcha
|
|win|viatles
||zefhkb505 is ready for game 2.
