|j|☆C0ozer
|j|☆gordon1357924681
|html|C0ozergordon1357924681    
|uhtml|bestof|Game 1 of a best-of-3
|t:|1785161074
|gametype|doubles
|player|p1|C0ozer|lucas|1179
|player|p2|gordon1357924681|parasollady|1154
|gen|9
|tier|[Gen 9 Champions] VGC 2026 Reg M-B (Bo3)
|rated|
|rule|Species Clause: Limit one of each Pokémon
|rule|Item Clause: Limit 1 of each item
|clearpoke
|poke|p1|Charizard, L50, F|
|poke|p1|Garchomp, L50, M|
|poke|p1|Whimsicott, L50, M|
|poke|p1|Tsareena, L50, F|
|poke|p1|Incineroar, L50, F|
|poke|p1|Basculegion, L50, M|
|poke|p2|Politoed, L50, F|
|poke|p2|Gengar, L50, M|
|poke|p2|Incineroar, L50, M|
|poke|p2|Sinistcha, L50|
|poke|p2|Snorlax, L50, F|
|poke|p2|Hawlucha, L50, M|
|teampreview|4
|showteam|p1|Charizard||CharizarditeY|Blaze|HeatWave,WeatherBall,SolarBeam,Protect|Modest||F|||50|]Garchomp||LifeOrb|RoughSkin|Earthquake,RockSlide,DragonClaw,Protect|Jolly||M|||50|]Whimsicott||FocusSash|Prankster|Moonblast,Tailwind,Encore,Protect|Timid||M|||50|]Tsareena||WideLens|QueenlyMajesty|TripleAxel,PowerWhip,KnockOff,Protect|Jolly||F|||50|]Incineroar||SitrusBerry|Intimidate|FakeOut,FlareBlitz,ThroatChop,PartingShot|Impish||F|||50|]Basculegion||MysticWater|Adaptability|LastRespects,AquaJet,WaveCrash,Protect|Adamant||M|||50|
|showteam|p2|Politoed||SitrusBerry|Drizzle|Protect,PerishSong,WeatherBall,Encore|Bold||F|||50|]Gengar||Gengarite|CursedBody|PerishSong,Protect,ShadowBall,Disable|Timid||M|||50|]Incineroar||PasshoBerry|Intimidate|Protect,PartingShot,DarkestLariat,FakeOut|Impish||M|||50|]Sinistcha||ColburBerry|Hospitality|MatchaGotcha,Protect,RagePowder,TrickRoom|Calm|||||50|]Snorlax||Leftovers|ThickFat|BodyPress,Protect,Fissure,Stockpile|Relaxed||F|||50|]Hawlucha||Hawluchanite|Limber|CloseCombat,BraveBird,Detect,Entrainment|Jolly||M|||50|
|inactive|Battle timer is ON: inactive players will automatically lose when time's up. (requested by C0ozer)
|inactive|gordon1357924681 has 60 seconds left.
|
|t:|1785161114
|teamsize|p1|4
|teamsize|p2|4
|start
|switch|p1a: HIgh EQ|Garchomp, L50, M|100/100
|switch|p1b: Farigiraf +|Tsareena, L50, F|100/100
|switch|p2a: Snorlax|Snorlax, L50, F|100/100
|switch|p2b: Incineroar|Incineroar, L50, M|100/100
|-ability|p2b: Incineroar|Intimidate|boost
|-unboost|p1a: HIgh EQ|atk|1
|-unboost|p1b: Farigiraf +|atk|1
|turn|1
|inactive|gordon1357924681 has 30 seconds left.
|
|t:|1785161146
|move|p1a: HIgh EQ|Earthquake|p2b: Incineroar|[spread] p1b,p2a,p2b
|-resisted|p1b: Farigiraf +|1
|-supereffective|p2b: Incineroar|1
|-damage|p1b: Farigiraf +|79/100
|-damage|p2a: Snorlax|80/100
|-damage|p2b: Incineroar|45/100
|-damage|p1a: HIgh EQ|90/100|[from] item: Life Orb
|move|p1b: Farigiraf +|Power Whip|p2a: Snorlax
|-damage|p2a: Snorlax|57/100
|move|p2b: Incineroar|Parting Shot|p1b: Farigiraf +
|-unboost|p1b: Farigiraf +|atk|1
|-unboost|p1b: Farigiraf +|spa|1
|inactive|gordon1357924681 has 30 seconds left.
|
|t:|1785161177
|switch|p2b: Hawlucha|Hawlucha, L50, M|100/100|[from] Parting Shot
|move|p2a: Snorlax|Stockpile|p2a: Snorlax
|-start|p2a: Snorlax|stockpile1
|-boost|p2a: Snorlax|def|1
|-boost|p2a: Snorlax|spd|1
|
|-heal|p2a: Snorlax|63/100|[from] item: Leftovers
|upkeep
|turn|2
|inactive|gordon1357924681 has 30 seconds left.
|
|t:|1785161203
|detailschange|p2b: Hawlucha|Hawlucha-Mega, L50, M
|-mega|p2b: Hawlucha|Hawlucha|Hawluchanite
|move|p2b: Hawlucha|Entrainment|p2a: Snorlax
|-ability|p2a: Snorlax|No Guard|Thick Fat|[from] move: Entrainment|[of] p2b: Hawlucha
|move|p1a: HIgh EQ|Rock Slide|p2b: Hawlucha|[spread] p2a,p2b
|-damage|p2a: Snorlax|56/100
|-damage|p2b: Hawlucha|80/100
|-damage|p1a: HIgh EQ|80/100|[from] item: Life Orb
|move|p1b: Farigiraf +|Triple Axel|p2b: Hawlucha
|-supereffective|p2b: Hawlucha|1
|-damage|p2b: Hawlucha|69/100
|-supereffective|p2b: Hawlucha|1
|-damage|p2b: Hawlucha|52/100
|-supereffective|p2b: Hawlucha|1
|-damage|p2b: Hawlucha|29/100
|-hitcount|p2b: Hawlucha|3
|cant|p2a: Snorlax|flinch
|
|-heal|p2a: Snorlax|62/100|[from] item: Leftovers
|upkeep
|turn|3
|inactive|gordon1357924681 has 30 seconds left.
|inactive|C0ozer has 30 seconds left.
|inactive|gordon1357924681 has 20 seconds left.
|
|t:|1785161242
|switch|p1b: Chariyard|Charizard, L50, F|100/100
|move|p2b: Hawlucha|Brave Bird|p1b: Chariyard
|-damage|p1b: Chariyard|30/100
|-damage|p2b: Hawlucha|3/100|[from] Recoil
|move|p1a: HIgh EQ|Dragon Claw|p2b: Hawlucha
|-damage|p2b: Hawlucha|0 fnt
|faint|p2b: Hawlucha
|-damage|p1a: HIgh EQ|70/100|[from] item: Life Orb
|move|p2a: Snorlax|Stockpile|p2a: Snorlax
|-start|p2a: Snorlax|stockpile2
|-boost|p2a: Snorlax|def|1
|-boost|p2a: Snorlax|spd|1
|
|-heal|p2a: Snorlax|68/100|[from] item: Leftovers
|upkeep
|inactive|gordon1357924681 has 30 seconds left.
|
|t:|1785161272
|switch|p2b: Incineroar|Incineroar, L50, M|45/100
|-ability|p2b: Incineroar|Intimidate|boost
|-unboost|p1a: HIgh EQ|atk|1
|-unboost|p1b: Chariyard|atk|1
|turn|4
|
|t:|1785161289
|switch|p1a: Farigiraf +|Tsareena, L50, F|79/100
|detailschange|p1b: Chariyard|Charizard-Mega-Y, L50, F
|-mega|p1b: Chariyard|Charizard|Charizardite Y
|-weather|SunnyDay|[from] ability: Drought|[of] p1b: Chariyard
|move|p2b: Incineroar|Fake Out||[still]
|cant|p1a: Farigiraf +|ability: Queenly Majesty|Fake Out|[of] p2b: Incineroar
|move|p1b: Chariyard|Heat Wave|p2a: Snorlax|[spread] p2a,p2b
|-resisted|p2b: Incineroar|1
|-damage|p2a: Snorlax|47/100
|-damage|p2b: Incineroar|15/100
|move|p2a: Snorlax|Stockpile|p2a: Snorlax
|-start|p2a: Snorlax|stockpile3
|-boost|p2a: Snorlax|def|1
|-boost|p2a: Snorlax|spd|1
|
|-weather|SunnyDay|[upkeep]
|-heal|p2a: Snorlax|53/100|[from] item: Leftovers
|upkeep
|turn|5
|inactive|C0ozer has 30 seconds left.
|inactive|gordon1357924681 has 30 seconds left.
|
|t:|1785161321
|switch|p2b: Politoed|Politoed, L50, F|100/100
|-weather|RainDance|[from] ability: Drizzle|[of] p2b: Politoed
|move|p1a: Farigiraf +|Knock Off|p2a: Snorlax
|-damage|p2a: Snorlax|45/100
|-enditem|p2a: Snorlax|Leftovers|[from] move: Knock Off|[of] p1a: Farigiraf +
|move|p1b: Chariyard|Heat Wave|p2b: Politoed|[spread] p2a,p2b
|-resisted|p2b: Politoed|1
|-damage|p2a: Snorlax|39/100
|-damage|p2b: Politoed|90/100
|move|p2a: Snorlax|Fissure|p1a: Farigiraf +
|-damage|p1a: Farigiraf +|0 fnt
|faint|p1a: Farigiraf +
|-ohko
|
|-weather|RainDance|[upkeep]
|upkeep
|
|t:|1785161336
|switch|p1a: HIgh EQ|Garchomp, L50, M|70/100
|turn|6
|
|t:|1785161362
|switch|p2b: Incineroar|Incineroar, L50, M|15/100
|-ability|p2b: Incineroar|Intimidate|boost
|-unboost|p1a: HIgh EQ|atk|1
|-unboost|p1b: Chariyard|atk|1
|move|p1a: HIgh EQ|Earthquake|p2b: Incineroar|[spread] p2a,p2b
|-immune|p1b: Chariyard
|-supereffective|p2b: Incineroar|1
|-damage|p2a: Snorlax|31/100
|-damage|p2b: Incineroar|0 fnt
|faint|p2b: Incineroar
|-damage|p1a: HIgh EQ|61/100|[from] item: Life Orb
|move|p1b: Chariyard|Weather Ball|p2a: Snorlax
|-damage|p2a: Snorlax|14/100
|move|p2a: Snorlax|Fissure|p1a: HIgh EQ
|-damage|p1a: HIgh EQ|0 fnt
|faint|p1a: HIgh EQ
|-ohko
|
|-weather|RainDance|[upkeep]
|upkeep
|
|t:|1785161383
|switch|p1a: Floofy|Whimsicott, L50, M|100/100
|switch|p2b: Politoed|Politoed, L50, F|90/100
|turn|7
|
|t:|1785161394
|move|p1a: Floofy|Protect|p1a: Floofy
|-singleturn|p1a: Floofy|Protect
|move|p1b: Chariyard|Protect|p1b: Chariyard
|-singleturn|p1b: Chariyard|Protect
|move|p2b: Politoed|Weather Ball|p1b: Chariyard
|-activate|p1b: Chariyard|move: Protect
|move|p2a: Snorlax|Fissure|p1a: Floofy
|-activate|p1a: Floofy|move: Protect
|
|-weather|RainDance|[upkeep]
|upkeep
|turn|8
|
|t:|1785161416
|move|p1a: Floofy|Moonblast|p2b: Politoed
|-damage|p2b: Politoed|61/100
|-unboost|p2b: Politoed|spa|1
|move|p1b: Chariyard|Weather Ball|p2b: Politoed
|-resisted|p2b: Politoed|1
|-damage|p2b: Politoed|31/100
|-enditem|p2b: Politoed|Sitrus Berry|[eat]
|-heal|p2b: Politoed|56/100|[from] item: Sitrus Berry
|move|p2b: Politoed|Weather Ball|p1b: Chariyard
|-supereffective|p1b: Chariyard|1
|-damage|p1b: Chariyard|0 fnt
|faint|p1b: Chariyard
|move|p2a: Snorlax|Fissure|p1a: Floofy
|-enditem|p1a: Floofy|Focus Sash
|-damage|p1a: Floofy|1/100
|
|-weather|RainDance|[upkeep]
|upkeep
|turn|9
|inactive|gordon1357924681 has 30 seconds left.
|
|t:|1785161443
|move|p1a: Floofy|Moonblast|p2a: Snorlax
|-damage|p2a: Snorlax|5/100
|move|p2b: Politoed|Weather Ball|p1a: Floofy
|-resisted|p1a: Floofy|1
|-damage|p1a: Floofy|0 fnt
|faint|p1a: Floofy
|
|win|gordon1357924681
||C0ozer is ready for game 2.
