|j|☆beckybug
|j|☆Reckzz
|html|beckybugReckzz    
|uhtml|bestof|Game 1 of a best-of-3
|t:|1785360212
|gametype|doubles
|player|p1|beckybug|briar|1354
|player|p2|Reckzz|169|1280
|gen|9
|tier|[Gen 9 Champions] VGC 2026 Reg M-B (Bo3)
|rated|
|rule|Species Clause: Limit one of each Pokémon
|rule|Item Clause: Limit 1 of each item
|clearpoke
|poke|p1|Metagross, L50|
|poke|p1|Swampert, L50, F|
|poke|p1|Pelipper, L50, F|
|poke|p1|Archaludon, L50, F|
|poke|p1|Sinistcha-Masterpiece, L50|
|poke|p1|Grimmsnarl, L50, M|
|poke|p2|Tyranitar, L50, F|
|poke|p2|Excadrill, L50, F|
|poke|p2|Milotic, L50, F|
|poke|p2|Sinistcha, L50|
|poke|p2|Staraptor, L50, F|
|poke|p2|Gholdengo, L50|
|teampreview|4
|showteam|p1|Metagross||Metagrossite|ClearBody|IronHead,PsychicFangs,BodyPress,Protect|Jolly|||||50|]Swampert||Swampertite|Torrent|WaveCrash,Earthquake,IcePunch,Protect|Adamant||F|||50|]Pelipper||SitrusBerry|Drizzle|WeatherBall,Hurricane,Tailwind,Protect|Modest||F|||50|]Archaludon||Leftovers|Stamina|FlashCannon,DragonPulse,ElectroShot,Protect|Modest||F|||50|]Sinistcha-Masterpiece||ColburBerry|Hospitality|MatchaGotcha,RagePowder,TrickRoom,Protect|Relaxed|||||50|]Grimmsnarl||LightClay|Prankster|FoulPlay,PartingShot,Reflect,LightScreen|Sassy||M|||50|
|showteam|p2|Tyranitar||Tyranitarite|SandStream|KnockOff,RockSlide,LowKick,Protect|Jolly||F|||50|]Excadrill||FocusSash|SandRush|Earthquake,IronHead,RockSlide,Protect|Adamant||F|||50|]Milotic||SitrusBerry|Competitive|Scald,IcyWind,Haze,Protect|Calm||F|||50|]Sinistcha||ColburBerry|Hospitality|MatchaGotcha,ShadowBall,Protect,RagePowder|Bold|||||50|]Staraptor||Staraptite|Intimidate|CloseCombat,BraveBird,Tailwind,Protect|Jolly||F|||50|]Gholdengo||LifeOrb|GoodasGold|MakeItRain,ShadowBall,NastyPlot,Protect|Modest|||||50|
|inactive|Battle timer is ON: inactive players will automatically lose when time's up. (requested by beckybug)
|
|t:|1785360321
|teamsize|p1|4
|teamsize|p2|4
|start
|switch|p1a: Pelipper|Pelipper, L50, F|100/100
|switch|p1b: Swampert|Swampert, L50, F|100/100
|switch|p2a: Sinistcha|Sinistcha, L50|100/100
|switch|p2b: Staraptor|Staraptor, L50, F|100/100
|-ability|p2b: Staraptor|Intimidate|boost
|-unboost|p1a: Pelipper|atk|1
|-unboost|p1b: Swampert|atk|1
|-weather|RainDance|[from] ability: Drizzle|[of] p1a: Pelipper
|turn|1
|
|t:|1785360338
|switch|p1b: Archaludon|Archaludon, L50, F|100/100
|switch|p2a: Tyranitar|Tyranitar, L50, F|100/100
|-weather|Sandstorm|[from] ability: Sand Stream|[of] p2a: Tyranitar
|move|p2b: Staraptor|Tailwind|p2b: Staraptor
|-sidestart|p2: Reckzz|move: Tailwind
|move|p1a: Pelipper|Hurricane|p2a: Tyranitar|[miss]
|-miss|p1a: Pelipper|p2a: Tyranitar
|
|-weather|Sandstorm|[upkeep]
|-damage|p2b: Staraptor|94/100|[from] Sandstorm
|-damage|p1a: Pelipper|94/100|[from] Sandstorm
|upkeep
|turn|2
|inactive|beckybug has 30 seconds left.
|
|t:|1785360368
|switch|p2b: Gholdengo|Gholdengo, L50|100/100
|switch|p1a: Sinistcha|Sinistcha-Masterpiece, L50|100/100
|move|p2a: Tyranitar|Knock Off|p1b: Archaludon
|-damage|p1b: Archaludon|63/100
|-ability|p1b: Archaludon|Stamina|boost
|-boost|p1b: Archaludon|def|1
|-enditem|p1b: Archaludon|Leftovers|[from] move: Knock Off|[of] p2a: Tyranitar
|move|p1b: Archaludon|Flash Cannon|p2a: Tyranitar
|-supereffective|p2a: Tyranitar|1
|-damage|p2a: Tyranitar|53/100
|
|-weather|Sandstorm|[upkeep]
|-damage|p1a: Sinistcha|93/100|[from] Sandstorm
|upkeep
|turn|3
|
|t:|1785360390
|move|p2a: Tyranitar|Knock Off|p1a: Sinistcha
|-supereffective|p1a: Sinistcha|1
|-enditem|p1a: Sinistcha|Colbur Berry|[eat]
|-enditem|p1a: Sinistcha|Colbur Berry|[weaken]
|-damage|p1a: Sinistcha|51/100
|move|p2b: Gholdengo|Nasty Plot|p2b: Gholdengo
|-boost|p2b: Gholdengo|spa|2
|move|p1b: Archaludon|Flash Cannon|p2a: Tyranitar
|-supereffective|p2a: Tyranitar|1
|-damage|p2a: Tyranitar|6/100
|move|p1a: Sinistcha|Trick Room|p1a: Sinistcha
|-fieldstart|move: Trick Room|[of] p1a: Sinistcha
|
|-weather|Sandstorm|[upkeep]
|-damage|p1a: Sinistcha|45/100|[from] Sandstorm
|upkeep
|turn|4
|
|t:|1785360406
|switch|p2a: Sinistcha|Sinistcha, L50|100/100
|move|p1b: Archaludon|Protect|p1b: Archaludon
|-singleturn|p1b: Archaludon|Protect
|move|p2b: Gholdengo|Protect|p2b: Gholdengo
|-singleturn|p2b: Gholdengo|Protect
|move|p1a: Sinistcha|Matcha Gotcha|p2b: Gholdengo|[spread] p2a
|-activate|p2b: Gholdengo|move: Protect
|-resisted|p2a: Sinistcha|1
|-damage|p2a: Sinistcha|88/100
|-heal|p1a: Sinistcha|51/100|[from] drain|[of] p2a: Sinistcha
|-status|p2a: Sinistcha|brn
|
|-weather|Sandstorm|[upkeep]
|-damage|p1a: Sinistcha|45/100|[from] Sandstorm
|-damage|p2a: Sinistcha|82/100 brn|[from] Sandstorm
|-damage|p2a: Sinistcha|76/100 brn|[from] brn
|-sideend|p2: Reckzz|move: Tailwind
|upkeep
|turn|5
|
|t:|1785360423
|switch|p1a: Pelipper|Pelipper, L50, F|94/100
|-weather|RainDance|[from] ability: Drizzle|[of] p1a: Pelipper
|move|p2a: Sinistcha|Shadow Ball|p1a: Pelipper
|-damage|p1a: Pelipper|57/100
|move|p1b: Archaludon|Electro Shot||[still]
|-prepare|p1b: Archaludon|Electro Shot
|-boost|p1b: Archaludon|spa|1
|-anim|p1b: Archaludon|Electro Shot|p2b: Gholdengo
|-damage|p2b: Gholdengo|47/100
|move|p2b: Gholdengo|Shadow Ball|p1b: Archaludon
|-damage|p1b: Archaludon|0 fnt
|faint|p1b: Archaludon
|-damage|p2b: Gholdengo|37/100|[from] item: Life Orb
|
|-weather|RainDance|[upkeep]
|-damage|p2a: Sinistcha|70/100 brn|[from] brn
|upkeep
|
|t:|1785360441
|switch|p1b: Swampert|Swampert, L50, F|100/100
|turn|6
|inactive|Reckzz has 30 seconds left.
|inactive|Reckzz has 20 seconds left.
|
|t:|1785360479
|switch|p1b: Sinistcha|Sinistcha-Masterpiece, L50|45/100
|-heal|p1a: Pelipper|82/100|[from] ability: Hospitality|[of] p1b: Sinistcha
|switch|p2b: Staraptor|Staraptor, L50, F|94/100
|-ability|p2b: Staraptor|Intimidate|boost
|-unboost|p1a: Pelipper|atk|1
|-unboost|p1b: Sinistcha|atk|1
|move|p2a: Sinistcha|Matcha Gotcha|p1a: Pelipper|[spread] p1b
|-miss|p2a: Sinistcha|p1a: Pelipper
|-resisted|p1b: Sinistcha|1
|-damage|p1b: Sinistcha|33/100
|-heal|p2a: Sinistcha|77/100 brn|[from] drain|[of] p1b: Sinistcha
|-status|p1b: Sinistcha|brn
|move|p1a: Pelipper|Hurricane|p2a: Sinistcha
|-supereffective|p2a: Sinistcha|1
|-damage|p2a: Sinistcha|0 fnt
|faint|p2a: Sinistcha
|
|-weather|RainDance|[upkeep]
|-damage|p1b: Sinistcha|27/100 brn|[from] brn
|upkeep
|
|t:|1785360500
|switch|p2a: Gholdengo|Gholdengo, L50|37/100
|turn|7
|
|t:|1785360504
|switch|p1a: Swampert|Swampert, L50, F|100/100
|move|p2a: Gholdengo|Protect|p2a: Gholdengo
|-singleturn|p2a: Gholdengo|Protect
|move|p2b: Staraptor|Protect|p2b: Staraptor
|-singleturn|p2b: Staraptor|Protect
|move|p1b: Sinistcha|Matcha Gotcha|p2b: Staraptor|[spread] 
|-activate|p2a: Gholdengo|move: Protect
|-activate|p2b: Staraptor|move: Protect
|
|-weather|RainDance|[upkeep]
|-damage|p1b: Sinistcha|21/100 brn|[from] brn
|-fieldend|move: Trick Room
|upkeep
|turn|8
|inactive|Reckzz has 30 seconds left.
|inactive|Reckzz has 20 seconds left.
|inactive|Reckzz has 15 seconds left.
|
|t:|1785360546
|detailschange|p2b: Staraptor|Staraptor-Mega, L50, F
|-mega|p2b: Staraptor|Staraptor|Staraptite
|detailschange|p1a: Swampert|Swampert-Mega, L50, F
|-mega|p1a: Swampert|Swampert|Swampertite
|move|p1b: Sinistcha|Protect|p1b: Sinistcha
|-singleturn|p1b: Sinistcha|Protect
|move|p1a: Swampert|Earthquake|p2b: Staraptor|[spread] p2a
|-activate|p1b: Sinistcha|move: Protect
|-immune|p2b: Staraptor
|-supereffective|p2a: Gholdengo|1
|-damage|p2a: Gholdengo|0 fnt
|faint|p2a: Gholdengo
|move|p2b: Staraptor|Brave Bird|p1b: Sinistcha
|-activate|p1b: Sinistcha|move: Protect
|
|-weather|RainDance|[upkeep]
|-damage|p1b: Sinistcha|15/100 brn|[from] brn
|upkeep
|
|t:|1785360554
|switch|p2a: Tyranitar|Tyranitar, L50, F|6/100
|-weather|Sandstorm|[from] ability: Sand Stream|[of] p2a: Tyranitar
|turn|9
|
|t:|1785360567
|switch|p1b: Pelipper|Pelipper, L50, F|82/100
|-weather|RainDance|[from] ability: Drizzle|[of] p1b: Pelipper
|move|p1a: Swampert|Wave Crash|p2b: Staraptor
|-damage|p2b: Staraptor|0 fnt
|faint|p2b: Staraptor
|-damage|p1a: Swampert|68/100|[from] Recoil
|move|p2a: Tyranitar|Rock Slide|p1b: Pelipper|[spread] p1a,p1b
|-resisted|p1a: Swampert|1
|-supereffective|p1b: Pelipper|1
|-damage|p1a: Swampert|57/100
|-damage|p1b: Pelipper|26/100
|-enditem|p1b: Pelipper|Sitrus Berry|[eat]
|-heal|p1b: Pelipper|51/100|[from] item: Sitrus Berry
|
|-weather|RainDance|[upkeep]
|upkeep
|turn|10
|-message|Reckzz forfeited.
|
|win|beckybug
|l|☆Reckzz
|player|p2|
||Reckzz is ready for game 2.
||beckybug is ready for game 2.
|uhtml|next|Next: Game 2 of 3
