|j|☆C.blaze
|j|☆Colonelpaco
|html|C.blazeColonelpaco    
|uhtml|bestof|Game 3 of a best-of-3
|t:|1757643993
|gametype|doubles
|player|p1|C.blaze|266|1203
|player|p2|Colonelpaco|266|1106
|gen|9
|tier|[Gen 9] VGC 2025 Reg H (Bo3)
|rated|
|rule|Species Clause: Limit one of each Pokémon
|rule|Item Clause: Limit 1 of each item
|clearpoke
|poke|p1|Tyranitar, L50, F|
|poke|p1|Gholdengo, L50|
|poke|p1|Salamence, L50, F|
|poke|p1|Amoonguss, L50, M|
|poke|p1|Porygon2, L50|
|poke|p1|Tauros-Paldea-Blaze, L50, M|
|poke|p2|Sneasler, L50, F|
|poke|p2|Dragapult, L50, F|
|poke|p2|Primarina, L50, M|
|poke|p2|Rillaboom, L50, M|
|poke|p2|Kingambit, L50, M|
|poke|p2|Magmar, L50, M|
|teampreview|4
|showteam|p1|Tyranitar||AssaultVest|SandStream|RockSlide,KnockOff,TeraBlast,LowKick|||F|||50|,,,,,Flying]Gholdengo||LifeOrb|GoodasGold|MakeItRain,ShadowBall,Protect,NastyPlot||||||50|,,,,,Water]Salamence||CovertCloak|Intimidate|DracoMeteor,Flamethrower,Protect,Tailwind|||F|||50|,,,,,Steel]Amoonguss||MentalHerb|Regenerator|ClearSmog,PollenPuff,Spore,RagePowder|||M|||50|,,,,,Water]Porygon2||Eviolite|Download|TeraBlast,IceBeam,Recover,TrickRoom||||||50|,,,,,Normal]Tauros-Paldea-Blaze||SafetyGoggles|Intimidate|RagingBull,WillOWisp,Protect,CloseCombat|||M|||50|,,,,,Water
|showteam|p2|Sneasler||FocusSash|Unburden|CloseCombat,DireClaw,FakeOut,Protect|||F|||50|,,,,,Stellar]Dragapult||ChoiceBand|ClearBody|DragonDarts,TeraBlast,PhantomForce,Uturn|||F|||50|,,,,,Ghost]Primarina||SitrusBerry|LiquidVoice|HyperVoice,Moonblast,Haze,Protect|||M|||50|,,,,,Water]Rillaboom||AssaultVest|GrassySurge|WoodHammer,GrassyGlide,HighHorsepower,FakeOut|||M|||50|,,,,,Fire]Kingambit||BlackGlasses|Defiant|KowtowCleave,SuckerPunch,SwordsDance,Protect|||M|||50|,,,,,Ghost]Magmar||Eviolite|VitalSpirit|Overheat,WillOWisp,FollowMe,Protect|||M|||50|,,,,,Ghost
|inactive|Battle timer is ON: inactive players will automatically lose when time's up. (requested by Colonelpaco)
|inactive|C.blaze has 60 seconds left.
|
|t:|1757644030
|teamsize|p1|4
|teamsize|p2|4
|start
|switch|p1a: Amoonguss|Amoonguss, L50, M|100/100
|switch|p1b: Tauros|Tauros-Paldea-Blaze, L50, M|100/100
|switch|p2a: Kingambit|Kingambit, L50, M|100/100
|switch|p2b: Sneasler|Sneasler, L50, F|100/100
|-ability|p1b: Tauros|Intimidate|boost
|-unboost|p2a: Kingambit|atk|1
|-ability|p2a: Kingambit|Defiant|boost
|-boost|p2a: Kingambit|atk|2
|-unboost|p2b: Sneasler|atk|1
|turn|1
|inactive|Colonelpaco has 30 seconds left.
|inactive|Colonelpaco has 20 seconds left.
|inactive|Colonelpaco has 15 seconds left.
|
|t:|1757644075
|move|p2a: Kingambit|Protect|p2a: Kingambit
|-singleturn|p2a: Kingambit|Protect
|move|p2b: Sneasler|Fake Out|p1a: Amoonguss
|-damage|p1a: Amoonguss|90/100
|move|p1b: Tauros|Will-O-Wisp|p2a: Kingambit
|-activate|p2a: Kingambit|move: Protect
|cant|p1a: Amoonguss|flinch
|
|upkeep
|turn|2
|
|t:|1757644097
|switch|p2a: Magmar|Magmar, L50, M|100/100
|move|p2b: Sneasler|Dire Claw|p1b: Tauros
|-damage|p1b: Tauros|67/100
|move|p1b: Tauros|Close Combat|p2a: Magmar
|-damage|p2a: Magmar|53/100
|-unboost|p1b: Tauros|def|1
|-unboost|p1b: Tauros|spd|1
|move|p1a: Amoonguss|Spore|p2b: Sneasler
|-status|p2b: Sneasler|slp|[from] move: Spore
|
|upkeep
|turn|3
|
|t:|1757644114
|switch|p1a: Tyranitar|Tyranitar, L50, F|100/100
|-weather|Sandstorm|[from] ability: Sand Stream|[of] p1a: Tyranitar
|cant|p2b: Sneasler|slp
|move|p1b: Tauros|Raging Bull|p2b: Sneasler
|-damage|p2b: Sneasler|27/100 slp
|move|p2a: Magmar|Overheat|p1a: Tyranitar
|-resisted|p1a: Tyranitar
|-damage|p1a: Tyranitar|92/100
|-unboost|p2a: Magmar|spa|2
|
|-weather|Sandstorm|[upkeep]
|-damage|p2b: Sneasler|21/100 slp|[from] Sandstorm
|-damage|p2a: Magmar|48/100|[from] Sandstorm
|upkeep
|turn|4
|
|t:|1757644130
|switch|p1a: Amoonguss|Amoonguss, L50, M|100/100
|cant|p2b: Sneasler|slp
|move|p2a: Magmar|Protect|p2a: Magmar
|-singleturn|p2a: Magmar|Protect
|move|p1b: Tauros|Raging Bull|p2b: Sneasler
|-damage|p2b: Sneasler|0 fnt
|faint|p2b: Sneasler
|
|-weather|Sandstorm|[upkeep]
|-damage|p2a: Magmar|42/100|[from] Sandstorm
|-damage|p1a: Amoonguss|95/100|[from] Sandstorm
|upkeep
|
|t:|1757644142
|switch|p2b: Kingambit|Kingambit, L50, M|100/100
|turn|5
|
|t:|1757644159
|-terastallize|p2a: Magmar|Ghost
|move|p2a: Magmar|Follow Me|p2a: Magmar
|-singleturn|p2a: Magmar|move: Follow Me
|move|p1b: Tauros|Close Combat|p2a: Magmar
|-immune|p2a: Magmar
|move|p2b: Kingambit|Kowtow Cleave|p1a: Amoonguss
|-damage|p1a: Amoonguss|34/100
|move|p1a: Amoonguss|Spore|p2a: Magmar
|-immune|p2a: Magmar|[from] ability: Vital Spirit
|
|-weather|Sandstorm|[upkeep]
|-damage|p2a: Magmar|36/100|[from] Sandstorm
|-damage|p1a: Amoonguss|28/100|[from] Sandstorm
|upkeep
|turn|6
|
|t:|1757644177
|move|p2a: Magmar|Follow Me|p2a: Magmar
|-singleturn|p2a: Magmar|move: Follow Me
|move|p1b: Tauros|Raging Bull|p2a: Magmar
|-damage|p2a: Magmar|0 fnt
|faint|p2a: Magmar
|move|p2b: Kingambit|Kowtow Cleave|p1a: Amoonguss
|-damage|p1a: Amoonguss|0 fnt
|faint|p1a: Amoonguss
|
|-weather|Sandstorm|[upkeep]
|upkeep
|
|t:|1757644187
|switch|p2a: Rillaboom|Rillaboom, L50, M|100/100
|switch|p1a: Gholdengo|Gholdengo, L50|100/100
|-fieldstart|move: Grassy Terrain|[from] ability: Grassy Surge|[of] p2a: Rillaboom
|turn|7
|inactive|Colonelpaco has 30 seconds left.
|
|t:|1757644215
|move|p2a: Rillaboom|Fake Out|p1b: Tauros
|-damage|p1b: Tauros|41/100
|cant|p1b: Tauros|flinch
|move|p1a: Gholdengo|Make It Rain|p2a: Rillaboom|[spread] p2a,p2b
|-crit|p2a: Rillaboom
|-resisted|p2b: Kingambit
|-damage|p2a: Rillaboom|19/100
|-damage|p2b: Kingambit|70/100
|-unboost|p1a: Gholdengo|spa|1
|-damage|p1a: Gholdengo|91/100|[from] item: Life Orb
|move|p2b: Kingambit|Swords Dance|p2b: Kingambit
|-boost|p2b: Kingambit|atk|2
|
|-weather|none
|-heal|p1b: Tauros|47/100|[from] Grassy Terrain
|-heal|p2a: Rillaboom|25/100|[from] Grassy Terrain
|-heal|p1a: Gholdengo|97/100|[from] Grassy Terrain
|-heal|p2b: Kingambit|76/100|[from] Grassy Terrain
|upkeep
|turn|8
|
|t:|1757644237
|move|p2a: Rillaboom|Grassy Glide|p1b: Tauros
|-resisted|p1b: Tauros
|-damage|p1b: Tauros|14/100
|move|p1b: Tauros|Will-O-Wisp|p2b: Kingambit|[miss]
|-miss|p1b: Tauros|p2b: Kingambit
|move|p1a: Gholdengo|Make It Rain|p2a: Rillaboom|[spread] p2a,p2b
|-resisted|p2b: Kingambit
|-damage|p2a: Rillaboom|0 fnt
|-damage|p2b: Kingambit|56/100
|-unboost|p1a: Gholdengo|spa|1
|faint|p2a: Rillaboom
|-damage|p1a: Gholdengo|87/100|[from] item: Life Orb
|move|p2b: Kingambit|Kowtow Cleave|p1a: Gholdengo
|-supereffective|p1a: Gholdengo
|-damage|p1a: Gholdengo|0 fnt
|faint|p1a: Gholdengo
|
|-heal|p1b: Tauros|20/100|[from] Grassy Terrain
|-heal|p2b: Kingambit|62/100|[from] Grassy Terrain
|upkeep
|
|t:|1757644243
|switch|p1a: Tyranitar|Tyranitar, L50, F|92/100
|-weather|Sandstorm|[from] ability: Sand Stream|[of] p1a: Tyranitar
|turn|9
|
|t:|1757644258
|move|p2b: Kingambit|Sucker Punch|p1a: Tyranitar
|-resisted|p1a: Tyranitar
|-damage|p1a: Tyranitar|56/100
|move|p1b: Tauros|Close Combat|p2b: Kingambit
|-supereffective|p2b: Kingambit
|-damage|p2b: Kingambit|0 fnt
|-unboost|p1b: Tauros|def|1
|-unboost|p1b: Tauros|spd|1
|faint|p2b: Kingambit
|
|win|C.blaze
|raw|C.blaze's rating: 1203 → 1221(+18 for winning)
|raw|Colonelpaco's rating: 1106 → 1088(-18 for losing)
|l|☆C.blaze
|player|p1|
