|j|☆minasdevilcrobats
|j|☆ginopollo
|html|minasdevilcrobatsginopollo    
|uhtml|bestof|Game 1 of a best-of-3
|t:|1756467816
|gametype|doubles
|player|p1|minasdevilcrobats|darach-caitlin|1089
|player|p2|ginopollo|265|1047
|gen|9
|tier|[Gen 9] VGC 2025 Reg H (Bo3)
|rated|
|rule|Species Clause: Limit one of each Pokémon
|rule|Item Clause: Limit 1 of each item
|clearpoke
|poke|p1|Indeedee, L50, M|
|poke|p1|Sneasler, L50, M|
|poke|p1|Ursaluna-Bloodmoon, L50, M|
|poke|p1|Pelipper, L50, M|
|poke|p1|Archaludon, L50, F|
|poke|p1|Basculegion, L50, M|
|poke|p2|Smeargle, L50, F|
|poke|p2|Gholdengo, L50|
|poke|p2|Sneasler, L50, F|
|poke|p2|Indeedee-F, L50, F|
|poke|p2|Torkoal, L50, M|
|poke|p2|Ursaluna, L50, F|
|teampreview|4
|showteam|p1|Indeedee||ChoiceScarf|PsychicSurge|ExpandingForce,DazzlingGleam,Trick,Protect|||M|||50|,,,,,Psychic]Sneasler||PsychicSeed|Unburden|CloseCombat,DireClaw,ThroatChop,Protect|||M|||50|,,,,,Dark]Ursaluna-Bloodmoon||LifeOrb|MindsEye|BloodMoon,HyperVoice,EarthPower,Protect|||M|||50|,,,,,Normal]Pelipper||FocusSash|Drizzle|Hurricane,WeatherBall,Tailwind,Protect|||M|||50|,,,,,Ghost]Archaludon||AssaultVest|Stamina|ElectroShot,BodyPress,Snarl,DragonPulse|||F|||50|,,,,,Grass]Basculegion||ChoiceBand|SwiftSwim|WaveCrash,LastRespects,FlipTurn,AquaJet|||M|||50|,,,,,Ghost
|showteam|p2|Smeargle||FocusSash|Moody|TrickRoom,FollowMe,Spore,WideGuard|||F|||50|,,,,,Ghost]Gholdengo||LifeOrb|GoodasGold|MakeItRain,ShadowBall,NastyPlot,Protect||||||50|,,,,,Water]Sneasler||AirBalloon|Unburden|DireClaw,CloseCombat,FakeOut,Protect|||F|||50|,,,,,Dark]Indeedee-F||SafetyGoggles|PsychicSurge|TrickRoom,FollowMe,HelpingHand,DazzlingGleam|||F|||50|,,,,,Fairy]Torkoal||AssaultVest|Drought|Eruption,HeatWave,SolarBeam,EarthPower|||M|||50|,,,,,Fire]Ursaluna||FlameOrb|Guts|Protect,Facade,HeadlongRush,Earthquake|||F|||50|,,,,,Ghost
|inactive|Battle timer is ON: inactive players will automatically lose when time's up. (requested by ginopollo)
|
|t:|1756467875
|teamsize|p1|4
|teamsize|p2|4
|start
|switch|p1a: Indeedee|Indeedee, L50, M|100/100
|switch|p1b: Sneasler|Sneasler, L50, M|100/100
|switch|p2a: Smeargle|Smeargle, L50, F|100/100
|switch|p2b: Indeedee|Indeedee-F, L50, F|100/100
|-fieldstart|move: Psychic Terrain|[from] ability: Psychic Surge|[of] p1a: Indeedee
|-enditem|p1b: Sneasler|Psychic Seed
|-boost|p1b: Sneasler|spd|1|[from] item: Psychic Seed
|turn|1
|
|t:|1756467894
|-terastallize|p1b: Sneasler|Dark
|-terastallize|p2b: Indeedee|Fairy
|move|p2a: Smeargle|Wide Guard|p2a: Smeargle
|-singleturn|p2a: Smeargle|Wide Guard
|move|p1b: Sneasler|Throat Chop|p2a: Smeargle
|-damage|p2a: Smeargle|7/100
|-start|p2a: Smeargle|Throat Chop|[silent]
|move|p1a: Indeedee|Expanding Force|p2a: Smeargle|[spread] 
|-activate|p2a: Smeargle|move: Wide Guard
|-activate|p2b: Indeedee|move: Wide Guard
|move|p2b: Indeedee|Trick Room|p2b: Indeedee
|-fieldstart|move: Trick Room|[of] p2b: Indeedee
|
|-ability|p2a: Smeargle|Moody|boost
|-boost|p2a: Smeargle|def|2
|-unboost|p2a: Smeargle|atk|1
|upkeep
|turn|2
|inactive|ginopollo has 30 seconds left.
|inactive|ginopollo has 20 seconds left.
|inactive|ginopollo has 15 seconds left.
|inactive|ginopollo has 10 seconds left.
|
|t:|1756467939
|move|p2b: Indeedee|Dazzling Gleam|p1b: Sneasler|[spread] p1a,p1b
|-supereffective|p1b: Sneasler
|-damage|p1a: Indeedee|71/100
|-damage|p1b: Sneasler|64/100
|move|p2a: Smeargle|Spore|p1a: Indeedee
|-status|p1a: Indeedee|slp|[from] move: Spore
|cant|p1a: Indeedee|slp
|move|p1b: Sneasler|Dire Claw|p2a: Smeargle
|-damage|p2a: Smeargle|0 fnt
|faint|p2a: Smeargle
|
|upkeep
|
|t:|1756467950
|switch|p2a: Ursaluna|Ursaluna, L50, F|100/100
|turn|3
|
|t:|1756467963
|move|p1b: Sneasler|Protect|p1b: Sneasler
|-singleturn|p1b: Sneasler|Protect
|move|p2a: Ursaluna|Facade|p1b: Sneasler
|-activate|p1b: Sneasler|move: Protect
|move|p2b: Indeedee|Dazzling Gleam|p1b: Sneasler|[spread] p1a
|-activate|p1b: Sneasler|move: Protect
|-damage|p1a: Indeedee|42/100 slp
|-curestatus|p1a: Indeedee|slp|[msg]
|move|p1a: Indeedee|Expanding Force|p2b: Indeedee|[spread] p2a,p2b
|-damage|p2a: Ursaluna|55/100
|-damage|p2b: Indeedee|56/100
|
|-status|p2a: Ursaluna|brn|[from] item: Flame Orb
|upkeep
|turn|4
|inactive|minasdevilcrobats has 30 seconds left.
|inactive|ginopollo has 30 seconds left.
|inactive|ginopollo has 20 seconds left.
|inactive|minasdevilcrobats has 20 seconds left.
|inactive|ginopollo has 15 seconds left.
|inactive|ginopollo has 10 seconds left.
|inactive|ginopollo has 5 seconds left.
|
|t:|1756468017
|switch|p1b: Pelipper|Pelipper, L50, M|100/100
|-weather|RainDance|[from] ability: Drizzle|[of] p1b: Pelipper
|move|p2a: Ursaluna|Earthquake|p1a: Indeedee|[spread] p2b,p1a
|-immune|p1b: Pelipper
|-damage|p2b: Indeedee|0 fnt
|-damage|p1a: Indeedee|0 fnt
|faint|p2b: Indeedee
|faint|p1a: Indeedee
|
|-weather|RainDance|[upkeep]
|-damage|p2a: Ursaluna|49/100 brn|[from] brn
|upkeep
|
|t:|1756468031
|switch|p2b: Torkoal|Torkoal, L50, M|100/100
|switch|p1a: Sneasler|Sneasler, L50, M, tera:Dark|64/100
|-weather|SunnyDay|[from] ability: Drought|[of] p2b: Torkoal
|turn|5
|
|t:|1756468048
|move|p1b: Pelipper|Protect|p1b: Pelipper
|-singleturn|p1b: Pelipper|Protect
|move|p1a: Sneasler|Protect|p1a: Sneasler
|-singleturn|p1a: Sneasler|Protect
|move|p2b: Torkoal|Eruption|p1a: Sneasler|[spread] 
|-activate|p1a: Sneasler|move: Protect
|-activate|p1b: Pelipper|move: Protect
|move|p2a: Ursaluna|Facade|p1b: Pelipper
|-activate|p1b: Pelipper|move: Protect
|
|-weather|SunnyDay|[upkeep]
|-damage|p2a: Ursaluna|43/100 brn|[from] brn
|-fieldend|move: Trick Room
|-fieldend|move: Psychic Terrain
|upkeep
|turn|6
|
|t:|1756468069
|move|p2a: Ursaluna|Protect|p2a: Ursaluna
|-singleturn|p2a: Ursaluna|Protect
|move|p1a: Sneasler|Close Combat|p2b: Torkoal
|-damage|p2b: Torkoal|43/100
|-unboost|p1a: Sneasler|def|1
|-unboost|p1a: Sneasler|spd|1
|move|p1b: Pelipper|Weather Ball|p2a: Ursaluna
|-activate|p2a: Ursaluna|move: Protect
|move|p2b: Torkoal|Heat Wave|p1a: Sneasler|[spread] p1a,p1b
|-resisted|p1b: Pelipper
|-damage|p1a: Sneasler|0 fnt
|-damage|p1b: Pelipper|64/100
|faint|p1a: Sneasler
|
|-weather|SunnyDay|[upkeep]
|-damage|p2a: Ursaluna|37/100 brn|[from] brn
|upkeep
|
|t:|1756468082
|switch|p1a: Ursaluna|Ursaluna-Bloodmoon, L50, M|100/100
|turn|7
|
|t:|1756468092
|move|p1b: Pelipper|Weather Ball|p2a: Ursaluna
|-crit|p2a: Ursaluna
|-damage|p2a: Ursaluna|0 fnt
|faint|p2a: Ursaluna
|move|p1a: Ursaluna|Hyper Voice|p2b: Torkoal
|-damage|p2b: Torkoal|0 fnt
|faint|p2b: Torkoal
|-damage|p1a: Ursaluna|91/100|[from] item: Life Orb
|
|win|minasdevilcrobats
||ginopollo is ready for game 2.
