|j|☆lolgz
|j|☆Nardia
|html|lolgzNardia    
|uhtml|bestof|Game 2 of a best-of-3
|t:|1782192666
|gametype|doubles
|player|p1|lolgz|dawn|1189
|player|p2|Nardia|101|1058
|gen|9
|tier|[Gen 9 Champions] VGC 2026 Reg M-B (Bo3)
|rated|
|rule|Species Clause: Limit one of each Pokémon
|rule|Item Clause: Limit 1 of each item
|clearpoke
|poke|p1|Torkoal, L50, F|
|poke|p1|Vileplume, L50, F|
|poke|p1|Farigiraf, L50, F|
|poke|p1|Kangaskhan, L50, F|
|poke|p1|Gallade, L50, M|
|poke|p1|Mawile, L50, F|
|poke|p2|Incineroar, L50, F|
|poke|p2|Metagross, L50|
|poke|p2|Charizard, L50, M|
|poke|p2|Garchomp, L50, M|
|poke|p2|Sinistcha, L50|
|poke|p2|Sylveon, L50, M|
|teampreview|4
|showteam|p1|Torkoal||Charcoal|Drought|Eruption,WeatherBall,EarthPower,Protect|Quiet||F|||50|]Vileplume||FocusSash|Chlorophyll|EnergyBall,SludgeBomb,SleepPowder,AfterYou|Timid||F|||50|]Farigiraf||SitrusBerry|ArmorTail|TrickRoom,Protect,Psychic,HelpingHand|Bold||F|||50|]Kangaskhan||Kangaskhanite|Scrappy|DoubleEdge,IcePunch,FakeOut,HammerArm|Brave||F|||50|]Gallade||IronBall|Sharpness|SacredSword,PsychoCut,WideGuard,TrickRoom|Brave||M|||50|]Mawile||Mawilite|Intimidate|SuckerPunch,PlayRough,SwordsDance,Protect|Brave||F|||50|
|showteam|p2|Incineroar||SitrusBerry|Intimidate|FakeOut,PartingShot,FlareBlitz,ThroatChop|Adamant||F|||50|]Metagross||Metagrossite|ClearBody|PsychicFangs,StompingTantrum,IronHead,Protect|Adamant|||||50|]Charizard||CharizarditeY|Blaze|Protect,HeatWave,WeatherBall,SolarBeam|Timid||M|||50|]Garchomp||LifeOrb|RoughSkin|Earthquake,DragonClaw,RockSlide,Protect|Jolly||M|||50|]Sinistcha||KasibBerry|Hospitality|MatchaGotcha,RagePowder,ShadowBall,Protect|Sassy|||||50|]Sylveon||FairyFeather|Pixilate|HyperVoice,QuickAttack,Moonblast,Detect|Modest||M|||50|
|inactive|Battle timer is ON: inactive players will automatically lose when time's up. (requested by Nardia)
|inactive|lolgz also wants the timer to be on.
|inactive|Nardia has 60 seconds left.
|
|t:|1782192697
|teamsize|p1|4
|teamsize|p2|4
|start
|switch|p1a: Vileplume|Vileplume, L50, F|100/100
|switch|p1b: Torkoal|Torkoal, L50, F|100/100
|switch|p2a: Sylveon|Sylveon, L50, M|100/100
|switch|p2b: Incineroar|Incineroar, L50, F|100/100
|-ability|p2b: Incineroar|Intimidate|boost
|-unboost|p1a: Vileplume|atk|1
|-unboost|p1b: Torkoal|atk|1
|-weather|SunnyDay|[from] ability: Drought|[of] p1b: Torkoal
|turn|1
|inactive|Nardia has 30 seconds left.
|inactive|Nardia has 20 seconds left.
|
|t:|1782192734
|switch|p2a: Garchomp|Garchomp, L50, M|100/100
|switch|p1b: Farigiraf|Farigiraf, L50, F|100/100
|move|p2b: Incineroar|Fake Out||[still]
|cant|p1b: Farigiraf|ability: Armor Tail|Fake Out|[of] p2b: Incineroar
|move|p1a: Vileplume|Sleep Powder|p2a: Garchomp|[miss]
|-miss|p1a: Vileplume|p2a: Garchomp
|
|-weather|SunnyDay|[upkeep]
|upkeep
|turn|2
|
|t:|1782192753
|switch|p2b: Charizard|Charizard, L50, M|100/100
|move|p1a: Vileplume|Sleep Powder|p2b: Charizard|[miss]
|-miss|p1a: Vileplume|p2b: Charizard
|move|p2a: Garchomp|Earthquake|p1b: Farigiraf|[spread] p1a,p1b
|-immune|p2b: Charizard
|-damage|p1a: Vileplume|37/100
|-damage|p1b: Farigiraf|60/100
|-damage|p2a: Garchomp|90/100|[from] item: Life Orb
|move|p1b: Farigiraf|Trick Room|p1b: Farigiraf
|-fieldstart|move: Trick Room|[of] p1b: Farigiraf
|
|-weather|SunnyDay|[upkeep]
|upkeep
|turn|3
|inactive|Nardia has 30 seconds left.
|
|t:|1782192781
|detailschange|p2b: Charizard|Charizard-Mega-Y, L50, M
|-mega|p2b: Charizard|Charizard|Charizardite Y
|move|p1b: Farigiraf|Psychic|p2b: Charizard
|-damage|p2b: Charizard|63/100
|move|p2b: Charizard|Weather Ball|p1b: Farigiraf
|-damage|p1b: Farigiraf|0 fnt
|faint|p1b: Farigiraf
|move|p2a: Garchomp|Earthquake|p1a: Vileplume|[spread] p1a
|-immune|p2b: Charizard
|-damage|p1a: Vileplume|0 fnt
|faint|p1a: Vileplume
|-damage|p2a: Garchomp|80/100|[from] item: Life Orb
|
|-weather|SunnyDay|[upkeep]
|upkeep
|
|t:|1782192786
|switch|p1b: Mawile|Mawile, L50, F|100/100
|switch|p1a: Torkoal|Torkoal, L50, F|100/100
|-ability|p1b: Mawile|Intimidate|boost
|-unboost|p2a: Garchomp|atk|1
|-unboost|p2b: Charizard|atk|1
|turn|4
|inactive|Nardia has 30 seconds left.
|
|t:|1782192812
|detailschange|p1b: Mawile|Mawile-Mega, L50, F
|-mega|p1b: Mawile|Mawile|Mawilite
|move|p2a: Garchomp|Protect|p2a: Garchomp
|-singleturn|p2a: Garchomp|Protect
|move|p1a: Torkoal|Eruption|p2b: Charizard|[spread] p2b
|-activate|p2a: Garchomp|move: Protect
|-resisted|p2b: Charizard|1
|-damage|p2b: Charizard|20/100y
|move|p1b: Mawile|Play Rough|p2a: Garchomp
|-activate|p2a: Garchomp|move: Protect
|move|p2b: Charizard|Heat Wave|p1b: Mawile|[spread] p1a
|-miss|p2b: Charizard|p1b: Mawile
|-resisted|p1a: Torkoal|1
|-damage|p1a: Torkoal|61/100
|
|-weather|SunnyDay|[upkeep]
|upkeep
|turn|5
|
|t:|1782192833
|switch|p2a: Incineroar|Incineroar, L50, F|100/100
|-ability|p2a: Incineroar|Intimidate|boost
|-unboost|p1a: Torkoal|atk|1
|-unboost|p1b: Mawile|atk|1
|move|p2b: Charizard|Protect|p2b: Charizard
|-singleturn|p2b: Charizard|Protect
|move|p1a: Torkoal|Eruption|p2b: Charizard|[spread] p2a
|-activate|p2b: Charizard|move: Protect
|-resisted|p2a: Incineroar|1
|-damage|p2a: Incineroar|76/100
|move|p1b: Mawile|Play Rough|p2a: Incineroar
|-damage|p2a: Incineroar|18/100
|-enditem|p2a: Incineroar|Sitrus Berry|[eat]
|-heal|p2a: Incineroar|43/100|[from] item: Sitrus Berry
|
|-weather|none
|upkeep
|turn|6
|inactive|Nardia has 30 seconds left.
|
|t:|1782192866
|move|p2a: Incineroar|Fake Out|p1b: Mawile
|-resisted|p1b: Mawile|1
|-damage|p1b: Mawile|93/100
|cant|p1b: Mawile|flinch
|move|p1a: Torkoal|Eruption|p2a: Incineroar|[spread] p2a,p2b
|-resisted|p2a: Incineroar|1
|-resisted|p2b: Charizard|1
|-damage|p2a: Incineroar|25/100
|-damage|p2b: Charizard|3/100
|move|p2b: Charizard|Heat Wave|p1b: Mawile|[spread] p1a,p1b
|-resisted|p1a: Torkoal|1
|-supereffective|p1b: Mawile|1
|-damage|p1a: Torkoal|32/100
|-damage|p1b: Mawile|1/100
|
|-fieldend|move: Trick Room
|upkeep
|turn|7
|-message|lolgz forfeited.
|
|win|Nardia
