|j|☆JayTodd13
|j|☆PatmonVGC
|html|JayTodd13PatmonVGC    
|uhtml|bestof|Game 2 of a best-of-3
|t:|1757859569
|gametype|doubles
|player|p1|JayTodd13|ltsurge|1241
|player|p2|PatmonVGC|grusha|1256
|gen|9
|tier|[Gen 9] VGC 2025 Reg H (Bo3)
|rated|
|rule|Species Clause: Limit one of each Pokémon
|rule|Item Clause: Limit 1 of each item
|clearpoke
|poke|p1|Indeedee-F, L50, F|
|poke|p1|Pelipper, L50, M|
|poke|p1|Archaludon, L50, M|
|poke|p1|Primarina, L50, F|
|poke|p1|Sneasler, L50, M|
|poke|p1|Braviary-Hisui, L50, M|
|poke|p2|Sneasler, L50, F|
|poke|p2|Dragapult, L50, M|
|poke|p2|Primarina, L50, F|
|poke|p2|Rillaboom, L50, M|
|poke|p2|Kingambit, L50, M|
|poke|p2|Magmar, L50, M|
|teampreview|4
|showteam|p1|Indeedee-F||SafetyGoggles|PsychicSurge|Imprison,FollowMe,Psychic,TrickRoom|||F|||50|,,,,,Fairy]Pelipper||FocusSash|Drizzle|Tailwind,Hurricane,WeatherBall,Protect|||M|||50|,,,,,Ghost]Archaludon||AssaultVest|Stamina|BodyPress,ElectroShot,DracoMeteor,FlashCannon|||M|||50|,,,,,Grass]Primarina||SitrusBerry|LiquidVoice|HyperVoice,Moonblast,Haze,Protect|||F|||50|,,,,,Water]Sneasler||PsychicSeed|Unburden|CloseCombat,DireClaw,ThroatChop,Protect|||M|||50|,,,,,Stellar]Braviary-Hisui||TwistedSpoon|TintedLens|ExpandingForce,DazzlingGleam,Psyshock,Tailwind|||M|||50|,,,,,Psychic
|showteam|p2|Sneasler||FocusSash|PoisonTouch|CloseCombat,DireClaw,FakeOut,Protect|||F|||50|,,,,,Stellar]Dragapult||ChoiceBand|ClearBody|DragonDarts,Outrage,PhantomForce,Uturn|||M|||50|,,,,,Dragon]Primarina||SitrusBerry|LiquidVoice|HyperVoice,Moonblast,Haze,Protect|||F|||50|,,,,,Water]Rillaboom||AssaultVest|GrassySurge|WoodHammer,GrassyGlide,HighHorsepower,FakeOut|||M|||50|,,,,,Fire]Kingambit||DreadPlate|Defiant|KowtowCleave,SuckerPunch,SwordsDance,Protect|||M|||50|,,,,,Ghost]Magmar||Eviolite|VitalSpirit|Overheat,WillOWisp,FollowMe,Protect|||M|||50|,,,,,Ghost
|inactive|Battle timer is ON: inactive players will automatically lose when time's up. (requested by PatmonVGC)
|
|t:|1757859591
|teamsize|p1|4
|teamsize|p2|4
|start
|switch|p1a: Indeedee|Indeedee-F, L50, F|100/100
|switch|p1b: Sneasler|Sneasler, L50, M|100/100
|switch|p2a: Dragapult|Dragapult, L50, M|100/100
|switch|p2b: Sneasler|Sneasler, L50, F|100/100
|-fieldstart|move: Psychic Terrain|[from] ability: Psychic Surge|[of] p1a: Indeedee
|-enditem|p1b: Sneasler|Psychic Seed
|-boost|p1b: Sneasler|spd|1|[from] item: Psychic Seed
|turn|1
|
|t:|1757859605
|-terastallize|p1a: Indeedee|Fairy
|move|p1a: Indeedee|Follow Me|p1a: Indeedee
|-singleturn|p1a: Indeedee|move: Follow Me
|move|p1b: Sneasler|Dire Claw|p2b: Sneasler
|-resisted|p2b: Sneasler
|-damage|p2b: Sneasler|58/100
|-status|p2b: Sneasler|par
|move|p2a: Dragapult|Dragon Darts|p1a: Indeedee
|-immune|p1a: Indeedee
|move|p2b: Sneasler|Dire Claw|p1a: Indeedee
|-supereffective|p1a: Indeedee
|-damage|p1a: Indeedee|8/100
|-status|p1a: Indeedee|psn
|
|-damage|p1a: Indeedee|0 fnt|[from] psn
|faint|p1a: Indeedee
|upkeep
|
|t:|1757859613
|switch|p1a: Pelipper|Pelipper, L50, M|100/100
|-weather|RainDance|[from] ability: Drizzle|[of] p1a: Pelipper
|turn|2
|
|t:|1757859634
|move|p1b: Sneasler|Throat Chop|p2a: Dragapult
|-supereffective|p2a: Dragapult
|-damage|p2a: Dragapult|14/100
|-start|p2a: Dragapult|Throat Chop|[silent]
|move|p2a: Dragapult|Dragon Darts|p1b: Sneasler
|-damage|p1b: Sneasler|39/100
|-anim|p2a: Dragapult|Dragon Darts|p1a: Pelipper
|-damage|p1a: Pelipper|53/100
|move|p1a: Pelipper|Hurricane|p2b: Sneasler
|-supereffective|p2b: Sneasler
|-damage|p2b: Sneasler|0 fnt
|faint|p2b: Sneasler
|
|-weather|RainDance|[upkeep]
|upkeep
|
|t:|1757859643
|switch|p2b: Rillaboom|Rillaboom, L50, M|100/100
|-fieldstart|move: Grassy Terrain|[from] ability: Grassy Surge|[of] p2b: Rillaboom
|turn|3
|inactive|JayTodd13 has 30 seconds left.
|
|t:|1757859675
|-terastallize|p2a: Dragapult|Dragon
|move|p1b: Sneasler|Protect|p1b: Sneasler
|-singleturn|p1b: Sneasler|Protect
|move|p1a: Pelipper|Protect|p1a: Pelipper
|-singleturn|p1a: Pelipper|Protect
|move|p2b: Rillaboom|Fake Out|p1b: Sneasler
|-activate|p1b: Sneasler|move: Protect
|move|p2a: Dragapult|Dragon Darts|p1a: Pelipper
|-activate|p1b: Sneasler|move: Protect
|
|-weather|RainDance|[upkeep]
|-heal|p1b: Sneasler|44/100|[from] Grassy Terrain
|-heal|p2a: Dragapult|20/100|[from] Grassy Terrain
|-end|p2a: Dragapult|Throat Chop|[silent]
|upkeep
|turn|4
|
|t:|1757859690
|move|p2b: Rillaboom|Grassy Glide|p1a: Pelipper
|-damage|p1a: Pelipper|6/100
|move|p1b: Sneasler|Dire Claw|p2a: Dragapult
|-damage|p2a: Dragapult|0 fnt
|faint|p2a: Dragapult
|move|p1a: Pelipper|Hurricane|p2b: Rillaboom
|-supereffective|p2b: Rillaboom
|-damage|p2b: Rillaboom|31/100
|
|-weather|RainDance|[upkeep]
|-heal|p1b: Sneasler|50/100|[from] Grassy Terrain
|-heal|p2b: Rillaboom|37/100|[from] Grassy Terrain
|upkeep
|
|t:|1757859694
|switch|p2a: Kingambit|Kingambit, L50, M|100/100
|turn|5
|
|t:|1757859709
|switch|p1a: Archaludon|Archaludon, L50, M|100/100
|move|p2b: Rillaboom|Grassy Glide|p1a: Archaludon
|-resisted|p1a: Archaludon
|-damage|p1a: Archaludon|93/100
|-ability|p1a: Archaludon|Stamina|boost
|-boost|p1a: Archaludon|def|1
|move|p2a: Kingambit|Sucker Punch|p1b: Sneasler
|-resisted|p1b: Sneasler
|-damage|p1b: Sneasler|11/100
|move|p1b: Sneasler|Dire Claw|p2b: Rillaboom
|-supereffective|p2b: Rillaboom
|-damage|p2b: Rillaboom|0 fnt
|faint|p2b: Rillaboom
|
|-weather|RainDance|[upkeep]
|-heal|p1b: Sneasler|17/100|[from] Grassy Terrain
|-heal|p1a: Archaludon|99/100|[from] Grassy Terrain
|upkeep
|turn|6
|-message|PatmonVGC forfeited.
|
|win|JayTodd13
||PatmonVGC is ready for game 3.
||JayTodd13 is ready for game 3.
|uhtml|next|Next: Game 3 of 3
|l|☆JayTodd13
|player|p1|
|l|☆PatmonVGC
|player|p2|
