|j|☆crullvgc
|j|☆ggfddddd
|html|crullvgcggfddddd    
|uhtml|bestof|Game 2 of a best-of-3
|t:|1757709429
|gametype|doubles
|player|p1|crullvgc|janitor|1130
|player|p2|ggfddddd|265|1000
|gen|9
|tier|[Gen 9] VGC 2025 Reg H (Bo3)
|rated|
|rule|Species Clause: Limit one of each Pokémon
|rule|Item Clause: Limit 1 of each item
|clearpoke
|poke|p1|Gholdengo, L50|
|poke|p1|Porygon2, L50|
|poke|p1|Ursaluna, L50, M|
|poke|p1|Amoonguss, L50, M|
|poke|p1|Incineroar, L50, F|
|poke|p1|Dragonite, L50, F|
|poke|p2|Volcarona, L50, F|
|poke|p2|Kingambit, L50, M|
|poke|p2|Dragonite, L50, M|
|poke|p2|Sneasler, L50, M|
|poke|p2|Rillaboom, L50, F|
|poke|p2|Electabuzz, L50, M|
|teampreview|4
|showteam|p1|Gholdengo||LifeOrb|GoodasGold|MakeItRain,ShadowBall,NastyPlot,Protect||||||50|,,,,,Water]Porygon2||Eviolite|Download|TeraBlast,IceBeam,Recover,TrickRoom||||||50|,,,,,Fighting]Ursaluna||FlameOrb|Guts|Facade,Earthquake,HeadlongRush,Protect|||M|||50|,,,,,Ghost]Amoonguss||SitrusBerry|Regenerator|RagePowder,PollenPuff,Spore,Protect|||M|||50|,,,,,Water]Incineroar||SafetyGoggles|Intimidate|FlareBlitz,KnockOff,FakeOut,PartingShot|||F|||50|,,,,,Ghost]Dragonite||LoadedDice|Multiscale|ScaleShot,Haze,Tailwind,Protect|||F|||50|,,,,,Fairy
|showteam|p2|Volcarona||Leftovers|FlameBody|HeatWave,TeraBlast,QuiverDance,Protect|||F|||50|,,,,,Fairy]Kingambit||BlackGlasses|Defiant|KowtowCleave,SuckerPunch,SwordsDance,Protect|||M|||50|,,,,,Dark]Dragonite||LoadedDice|Multiscale|ScaleShot,ExtremeSpeed,Haze,Protect|||M|||50|,,,,,Fairy]Sneasler||FocusSash|PoisonTouch|CloseCombat,DireClaw,FakeOut,Coaching|||M|||50|,,,,,Stellar]Rillaboom||AssaultVest|GrassySurge|WoodHammer,GrassyGlide,HighHorsepower,FakeOut|||F|||50|,,,,,Fire]Electabuzz||Eviolite|VitalSpirit|Thunderbolt,Taunt,FollowMe,Protect|||M|||50|,,,,,Ghost
|
|t:|1757709447
|teamsize|p1|4
|teamsize|p2|4
|start
|switch|p1a: Incineroar|Incineroar, L50, F|100/100
|switch|p1b: Dragonite|Dragonite, L50, F|100/100
|switch|p2a: Sneasler|Sneasler, L50, M|100/100
|switch|p2b: Kingambit|Kingambit, L50, M|100/100
|-ability|p1a: Incineroar|Intimidate|boost
|-unboost|p2a: Sneasler|atk|1
|-unboost|p2b: Kingambit|atk|1
|-ability|p2b: Kingambit|Defiant|boost
|-boost|p2b: Kingambit|atk|2
|turn|1
|inactive|Battle timer is ON: inactive players will automatically lose when time's up. (requested by ggfddddd)
|
|t:|1757709503
|-terastallize|p1a: Incineroar|Ghost
|move|p2a: Sneasler|Fake Out|p1a: Incineroar
|-immune|p1a: Incineroar
|move|p1a: Incineroar|Fake Out|p2b: Kingambit
|-resisted|p2b: Kingambit
|-damage|p2b: Kingambit|96/100
|move|p1b: Dragonite|Tailwind|p1b: Dragonite
|-sidestart|p1: crullvgc|move: Tailwind
|cant|p2b: Kingambit|flinch
|
|upkeep
|turn|2
|inactive|ggfddddd has 30 seconds left.
|inactive|ggfddddd has 20 seconds left.
|inactive|ggfddddd has 15 seconds left.
|inactive|ggfddddd has 10 seconds left.
|inactive|ggfddddd has 5 seconds left.
|
|t:|1757709554
|move|p2b: Kingambit|Sucker Punch||[still]
|-fail|p2b: Kingambit
|move|p1b: Dragonite|Scale Shot|p2a: Sneasler
|-damage|p2a: Sneasler|77/100
|-damage|p2a: Sneasler|53/100
|-damage|p2a: Sneasler|26/100
|-damage|p2a: Sneasler|1/100
|-hitcount|p2a: Sneasler|4
|-unboost|p1b: Dragonite|def|1
|-boost|p1b: Dragonite|spe|1
|move|p1a: Incineroar|Parting Shot|p2a: Sneasler
|-unboost|p2a: Sneasler|atk|1
|-unboost|p2a: Sneasler|spa|1
|
|t:|1757709566
|switch|p1a: Ursaluna|Ursaluna, L50, M|100/100|[from] Parting Shot
|move|p2a: Sneasler|Dire Claw|p1b: Dragonite
|-damage|p1b: Dragonite|83/100
|-status|p1b: Dragonite|psn
|
|-damage|p1b: Dragonite|71/100 psn|[from] psn
|-status|p1a: Ursaluna|brn|[from] item: Flame Orb
|upkeep
|turn|3
|inactive|ggfddddd has 30 seconds left.
|inactive|crullvgc has 30 seconds left.
|
|t:|1757709612
|switch|p2a: Volcarona|Volcarona, L50, F|100/100
|move|p2b: Kingambit|Protect|p2b: Kingambit
|-singleturn|p2b: Kingambit|Protect
|move|p1b: Dragonite|Scale Shot|p2b: Kingambit
|-activate|p2b: Kingambit|move: Protect
|move|p1a: Ursaluna|Earthquake|p2b: Kingambit|[spread] p2a
|-activate|p2b: Kingambit|move: Protect
|-immune|p1b: Dragonite
|-damage|p2a: Volcarona|32/100
|
|-heal|p2a: Volcarona|39/100|[from] item: Leftovers
|-damage|p1b: Dragonite|59/100 psn|[from] psn
|-damage|p1a: Ursaluna|95/100 brn|[from] brn
|upkeep
|turn|4
|inactive|ggfddddd has 30 seconds left.
|inactive|ggfddddd has 20 seconds left.
|inactive|ggfddddd has 15 seconds left.
|inactive|ggfddddd has 10 seconds left.
|
|t:|1757709660
|move|p2a: Volcarona|Protect|p2a: Volcarona
|-singleturn|p2a: Volcarona|Protect
|move|p2b: Kingambit|Sucker Punch|p1a: Ursaluna
|-damage|p1a: Ursaluna|42/100 brn
|move|p1b: Dragonite|Scale Shot|p2b: Kingambit
|-resisted|p2b: Kingambit
|-damage|p2b: Kingambit|90/100
|-resisted|p2b: Kingambit
|-damage|p2b: Kingambit|85/100
|-resisted|p2b: Kingambit
|-damage|p2b: Kingambit|79/100
|-resisted|p2b: Kingambit
|-damage|p2b: Kingambit|73/100
|-hitcount|p2b: Kingambit|4
|-unboost|p1b: Dragonite|def|1
|-boost|p1b: Dragonite|spe|1
|move|p1a: Ursaluna|Earthquake|p2a: Volcarona|[spread] p2b
|-activate|p2a: Volcarona|move: Protect
|-immune|p1b: Dragonite
|-supereffective|p2b: Kingambit
|-damage|p2b: Kingambit|0 fnt
|faint|p2b: Kingambit
|
|-heal|p2a: Volcarona|45/100|[from] item: Leftovers
|-damage|p1b: Dragonite|47/100 psn|[from] psn
|-damage|p1a: Ursaluna|36/100 brn|[from] brn
|-sideend|p1: crullvgc|move: Tailwind
|upkeep
|
|t:|1757709681
|switch|p2b: Sneasler|Sneasler, L50, M|1/100
|turn|5
|
|t:|1757709688
|move|p1b: Dragonite|Protect|p1b: Dragonite
|-singleturn|p1b: Dragonite|Protect
|move|p1a: Ursaluna|Protect|p1a: Ursaluna
|-singleturn|p1a: Ursaluna|Protect
|move|p2b: Sneasler|Fake Out|p1b: Dragonite
|-activate|p1b: Dragonite|move: Protect
|move|p2a: Volcarona|Heat Wave|p1a: Ursaluna|[spread] 
|-activate|p1a: Ursaluna|move: Protect
|-activate|p1b: Dragonite|move: Protect
|
|-heal|p2a: Volcarona|51/100|[from] item: Leftovers
|-damage|p1b: Dragonite|35/100 psn|[from] psn
|-damage|p1a: Ursaluna|31/100 brn|[from] brn
|upkeep
|turn|6
|inactive|crullvgc has 30 seconds left.
|
|t:|1757709723
|-terastallize|p2a: Volcarona|Fairy
|move|p1b: Dragonite|Tailwind|p1b: Dragonite
|-sidestart|p1: crullvgc|move: Tailwind
|move|p1a: Ursaluna|Earthquake|p2a: Volcarona|[spread] p2a,p2b
|-immune|p1b: Dragonite
|-supereffective|p2b: Sneasler
|-damage|p2a: Volcarona|0 fnt
|-damage|p2b: Sneasler|0 fnt
|faint|p2a: Volcarona
|faint|p2b: Sneasler
|
|-damage|p1b: Dragonite|23/100 psn|[from] psn
|-damage|p1a: Ursaluna|25/100 brn|[from] brn
|upkeep
|-message|ggfddddd forfeited.
|
|win|crullvgc
|raw|crullvgc's rating: 1130 → 1146(+16 for winning)
|raw|ggfddddd's rating: 1000 → 1000(+0 for losing)
|l|☆ggfddddd
|player|p2|
