|j|☆Yaceuro
|j|☆AzzaD123
|html|YaceuroAzzaD123    
|uhtml|bestof|Game 2 of a best-of-3
|t:|1784247685
|gametype|doubles
|player|p1|Yaceuro|n|1095
|player|p2|AzzaD123|gardenia|1083
|gen|9
|tier|[Gen 9 Champions] VGC 2026 Reg M-B (Bo3)
|rated|
|rule|Species Clause: Limit one of each Pokémon
|rule|Item Clause: Limit 1 of each item
|clearpoke
|poke|p1|Swampert, L50, M|
|poke|p1|Pelipper, L50, F|
|poke|p1|Archaludon, L50, F, shiny|
|poke|p1|Basculegion, L50, M|
|poke|p1|Charizard, L50, M|
|poke|p1|Grimmsnarl, L50, M|
|poke|p2|Ampharos, L50, F|
|poke|p2|Sinistcha, L50|
|poke|p2|Farigiraf, L50, F|
|poke|p2|Kingambit, L50, F|
|poke|p2|Snorlax, L50, M|
|poke|p2|Sylveon, L50, M|
|teampreview|4
|showteam|p1|Swampert||Swampertite|Torrent|HighHorsepower,IcePunch,WaveCrash,Protect|Adamant||M|||50|]Pelipper||FocusSash|Drizzle|WeatherBall,Hurricane,Tailwind,Protect|Modest||F|||50|]Archaludon||Leftovers|Stamina|FlashCannon,DragonPulse,ElectroShot,Protect|Modest||F|||50|]Basculegion||ChoiceScarf|Adaptability|FlipTurn,WaveCrash,AquaJet,LastRespects|Jolly||M|||50|]Charizard||CharizarditeY|Blaze|HeatWave,AirSlash,SolarBeam,Protect|Modest||M|||50|]Grimmsnarl||LightClay|Prankster|SpiritBreak,PartingShot,LightScreen,Protect|Impish||M|||50|
|showteam|p2|Ampharos||Ampharosite|Static|Protect,DragonPulse,CottonGuard,Thunderbolt|Serious||F|||50|]Sinistcha||Leftovers|Hospitality|LifeDew,MatchaGotcha,TrickRoom,Protect|Relaxed|||||50|]Farigiraf||SitrusBerry|ArmorTail|TrickRoom,HyperVoice,Protect,Psychic|Sassy||F|||50|]Kingambit||LifeOrb|Defiant|Protect,SuckerPunch,BrickBreak,IronHead|Adamant||F|||50|]Snorlax||ChestoBerry|ThickFat|Curse,Rest,Facade,HighHorsepower|Adamant||M|||50|]Sylveon||FairyFeather|Pixilate|Protect,HyperVoice,Wish,CalmMind|Bold||M|||50|
|inactive|Battle timer is ON: inactive players will automatically lose when time's up. (requested by Yaceuro)
|
|t:|1784247714
|teamsize|p1|4
|teamsize|p2|4
|start
|switch|p1a: Swampert|Swampert, L50, M|100/100
|switch|p1b: Grimmsnarl|Grimmsnarl, L50, M|100/100
|switch|p2a: Farigiraf|Farigiraf, L50, F|100/100
|switch|p2b: Wesley|Snorlax, L50, M|100/100
|turn|1
|
|t:|1784247734
|detailschange|p1a: Swampert|Swampert-Mega, L50, M
|-mega|p1a: Swampert|Swampert|Swampertite
|move|p1a: Swampert|Wave Crash|p2a: Farigiraf
|-damage|p2a: Farigiraf|22/100
|-enditem|p2a: Farigiraf|Sitrus Berry|[eat]
|-heal|p2a: Farigiraf|46/100|[from] item: Sitrus Berry
|-damage|p1a: Swampert|70/100|[from] Recoil
|move|p1b: Grimmsnarl|Spirit Break|p2a: Farigiraf
|-damage|p2a: Farigiraf|9/100
|-unboost|p2a: Farigiraf|spa|1
|move|p2b: Wesley|Curse|p2b: Wesley
|-unboost|p2b: Wesley|spe|1
|-boost|p2b: Wesley|atk|1
|-boost|p2b: Wesley|def|1
|move|p2a: Farigiraf|Trick Room|p2a: Farigiraf
|-fieldstart|move: Trick Room|[of] p2a: Farigiraf
|
|upkeep
|turn|2
|
|t:|1784247756
|move|p1a: Swampert|Protect|p1a: Swampert
|-singleturn|p1a: Swampert|Protect
|move|p1b: Grimmsnarl|Parting Shot||[still]
|cant|p2a: Farigiraf|ability: Armor Tail|Parting Shot|[of] p1b: Grimmsnarl
|move|p2b: Wesley|Curse|p2b: Wesley
|-unboost|p2b: Wesley|spe|1
|-boost|p2b: Wesley|atk|1
|-boost|p2b: Wesley|def|1
|move|p2a: Farigiraf|Hyper Voice|p1a: Swampert|[spread] p1b
|-activate|p1a: Swampert|move: Protect
|-damage|p1b: Grimmsnarl|82/100
|
|upkeep
|turn|3
|
|t:|1784247780
|move|p1b: Grimmsnarl|Protect|p1b: Grimmsnarl
|-singleturn|p1b: Grimmsnarl|Protect
|move|p2b: Wesley|High Horsepower|p1a: Swampert
|-damage|p1a: Swampert|20/100r
|move|p2a: Farigiraf|Hyper Voice|p1b: Grimmsnarl|[spread] p1a
|-activate|p1b: Grimmsnarl|move: Protect
|-crit|p1a: Swampert
|-damage|p1a: Swampert|0 fnt
|faint|p1a: Swampert
|
|upkeep
|
|t:|1784247790
|switch|p1a: Basculegion|Basculegion, L50, M|100/100
|turn|4
|
|t:|1784247809
|move|p2a: Farigiraf|Protect|p2a: Farigiraf
|-singleturn|p2a: Farigiraf|Protect
|move|p2b: Wesley|Curse|p2b: Wesley
|-unboost|p2b: Wesley|spe|1
|-boost|p2b: Wesley|atk|1
|-boost|p2b: Wesley|def|1
|move|p1b: Grimmsnarl|Spirit Break|p2a: Farigiraf
|-activate|p2a: Farigiraf|move: Protect
|move|p1a: Basculegion|Wave Crash|p2b: Wesley
|-damage|p2b: Wesley|70/100
|-damage|p1a: Basculegion|86/100|[from] Recoil
|
|upkeep
|turn|5
|
|t:|1784247831
|move|p1b: Grimmsnarl|Protect|p1b: Grimmsnarl
|-singleturn|p1b: Grimmsnarl|Protect
|move|p2b: Wesley|High Horsepower|p1a: Basculegion
|-damage|p1a: Basculegion|0 fnt
|faint|p1a: Basculegion
|move|p2a: Farigiraf|Hyper Voice|p1b: Grimmsnarl
|-activate|p1b: Grimmsnarl|move: Protect
|
|-fieldend|move: Trick Room
|upkeep
|
|t:|1784247838
|switch|p1a: Archaludon|Archaludon, L50, F, shiny|100/100
|turn|6
|-message|Yaceuro forfeited.
|
|win|AzzaD123
|l|☆Yaceuro
|player|p1|
||AzzaD123 is ready for game 3.
|inactive|Yaceuro has 30 seconds to confirm battle start!
|inactive|Yaceuro has 20 seconds to confirm battle start!
|inactive|Yaceuro has 10 seconds to confirm battle start!
|uhtml|next|Next: Game 3 of 3
