|j|â˜†zpoogi
|j|â˜†tastethekoalabear
|html|zpoogitastethekoalabear    
|uhtml|bestof|Game 2 of a best-of-3
|t:|1757692848
|gametype|doubles
|player|p1|zpoogi|az|1198
|player|p2|tastethekoalabear|101|1198
|gen|9
|tier|[Gen 9] VGC 2025 Reg H (Bo3)
|rated|
|rule|Species Clause: Limit one of each PokÃ©mon
|rule|Item Clause: Limit 1 of each item
|clearpoke
|poke|p1|Chesnaught, L50, F|
|poke|p1|Indeedee, L50, M|
|poke|p1|Sneasler, L50, F|
|poke|p1|Jumpluff, L50, F|
|poke|p1|Charizard, L50, F|
|poke|p1|Torkoal, L50, M|
|poke|p2|Tyranitar, L50, M|
|poke|p2|Excadrill, L50, F|
|poke|p2|Annihilape, L50, F|
|poke|p2|Corviknight, L50, M|
|poke|p2|Volcarona, L50, F|
|poke|p2|Sneasler, L50, F|
|teampreview|4
|showteam|p1|Chesnaught||PsychicSeed|Bulletproof|BulkUp,KnockOff,BodyPress,Synthesis|||F|||50|,,,,,Dragon]Indeedee||ChoiceScarf|PsychicSurge|ExpandingForce,TeraBlast,Trick,Protect|||M|||50|,,,,,Psychic]Sneasler||WhiteHerb|Unburden|CloseCombat,DireClaw,FakeOut,Coaching|||F|||50|,,,,,Stellar]Jumpluff||CovertCloak|Chlorophyll|Tailwind,SleepPowder,RagePowder,SunnyDay|||F|||50|,,,,,Ghost]Charizard||ChoiceSpecs|SolarPower|WeatherBall,HeatWave,DragonPulse,AirSlash|||F|||50|,,,,,Ghost]Torkoal||EjectPack|Drought|Overheat,HelpingHand,WeatherBall,Protect|||M|||50|,,,,,Fire
|showteam|p2|Tyranitar||AssaultVest|SandStream|KnockOff,RockSlide,TeraBlast,LowKick|||M|||50|,,,,,Flying]Excadrill||FocusSash|SandRush|IronHead,HighHorsepower,Earthquake,Protect|||F|||50|,,,,,Stellar]Annihilape||SafetyGoggles|Defiant|BulkUp,RageFist,DrainPunch,Taunt|||F|||50|,,,,,Water]Corviknight||Leftovers|MirrorArmor|BraveBird,BulkUp,Roost,Tailwind|||M|||50|,,,,,Dragon]Volcarona||SitrusBerry|FlameBody|StruggleBug,GigaDrain,FieryDance,RagePowder|||F|||50|,,,,,Grass]Sneasler||WhiteHerb|Unburden|Protect,CloseCombat,DireClaw,ThroatChop|||F|||50|,,,,,Dark
|c|â˜†tastethekoalabear|that chesnaught is a bastard
|inactive|Battle timer is ON: inactive players will automatically lose when time's up. (requested by zpoogi)
|
|t:|1757692869
|teamsize|p1|4
|teamsize|p2|4
|start
|switch|p1a: Chesnaught|Chesnaught, L50, F|100/100
|switch|p1b: Indeedee|Indeedee, L50, M|100/100
|switch|p2a: all my apes|Annihilape, L50, F|100/100
|switch|p2b: So Shiny!|Corviknight, L50, M|100/100
|-fieldstart|move: Psychic Terrain|[from] ability: Psychic Surge|[of] p1b: Indeedee
|-enditem|p1a: Chesnaught|Psychic Seed
|-boost|p1a: Chesnaught|spd|1|[from] item: Psychic Seed
|turn|1
|
|t:|1757692886
|-terastallize|p2a: all my apes|Water
|move|p1b: Indeedee|Trick|p2b: So Shiny!
|-activate|p1b: Indeedee|move: Trick|[of] p2b: So Shiny!
|-item|p2b: So Shiny!|Choice Scarf|[from] move: Trick
|-item|p1b: Indeedee|Leftovers|[from] move: Trick
|move|p2b: So Shiny!|Tailwind|p2b: So Shiny!
|-sidestart|p2: tastethekoalabear|move: Tailwind
|move|p2a: all my apes|Taunt|p1a: Chesnaught
|-start|p1a: Chesnaught|move: Taunt
|cant|p1a: Chesnaught|move: Taunt|Bulk Up
|
|upkeep
|turn|2
|inactive|zpoogi has 30 seconds left.
|
|t:|1757692913
|switch|p2b: susiezilla|Tyranitar, L50, M|100/100
|-weather|Sandstorm|[from] ability: Sand Stream|[of] p2b: susiezilla
|move|p2a: all my apes|Bulk Up|p2a: all my apes
|-boost|p2a: all my apes|atk|1
|-boost|p2a: all my apes|def|1
|move|p1b: Indeedee|Expanding Force|p2b: susiezilla|[spread] p2a
|-immune|p2b: susiezilla
|-damage|p2a: all my apes|49/100
|move|p1a: Chesnaught|Body Press|p2b: susiezilla
|-supereffective|p2b: susiezilla
|-damage|p2b: susiezilla|6/100
|
|-weather|Sandstorm|[upkeep]
|-damage|p1b: Indeedee|95/100|[from] Sandstorm
|-damage|p1a: Chesnaught|94/100|[from] Sandstorm
|-heal|p1b: Indeedee|100/100|[from] item: Leftovers
|upkeep
|turn|3
|inactive|zpoogi has 30 seconds left.
|
|t:|1757692938
|move|p2a: all my apes|Rage Fist|p1a: Chesnaught
|-damage|p1a: Chesnaught|41/100
|move|p1b: Indeedee|Expanding Force|p2a: all my apes|[spread] p2a
|-immune|p2b: susiezilla
|-damage|p2a: all my apes|1/100
|move|p2b: susiezilla|Knock Off|p1b: Indeedee
|-supereffective|p1b: Indeedee
|-damage|p1b: Indeedee|0 fnt
|-enditem|p1b: Indeedee|Leftovers|[from] move: Knock Off|[of] p2b: susiezilla
|faint|p1b: Indeedee
|move|p1a: Chesnaught|Body Press|p2a: all my apes
|-damage|p2a: all my apes|0 fnt
|faint|p2a: all my apes
|
|-weather|Sandstorm|[upkeep]
|-damage|p1a: Chesnaught|35/100|[from] Sandstorm
|-end|p1a: Chesnaught|move: Taunt
|upkeep
|
|t:|1757692954
|switch|p1b: Torkoal|Torkoal, L50, M|100/100
|switch|p2a: big drilla|Excadrill, L50, F|100/100
|-weather|SunnyDay|[from] ability: Drought|[of] p1b: Torkoal
|turn|4
|
|t:|1757692966
|switch|p2b: So Shiny!|Corviknight, L50, M|100/100
|switch|p1b: Jumpluff|Jumpluff, L50, F|100/100
|move|p2a: big drilla|Earthquake|p1b: Jumpluff|[spread] p1a
|-immune|p2b: So Shiny!
|-immune|p1b: Jumpluff
|-resisted|p1a: Chesnaught
|-damage|p1a: Chesnaught|20/100
|move|p1a: Chesnaught|Synthesis|p1a: Chesnaught
|-heal|p1a: Chesnaught|87/100
|
|-weather|SunnyDay|[upkeep]
|-sideend|p2: tastethekoalabear|move: Tailwind
|upkeep
|turn|5
|inactive|zpoogi has 30 seconds left.
|
|t:|1757692995
|switch|p2a: susiezilla|Tyranitar, L50, M|6/100
|-weather|Sandstorm|[from] ability: Sand Stream|[of] p2a: susiezilla
|-terastallize|p1a: Chesnaught|Dragon
|move|p1b: Jumpluff|Tailwind|p1b: Jumpluff
|-sidestart|p1: zpoogi|move: Tailwind
|move|p1a: Chesnaught|Bulk Up|p1a: Chesnaught
|-boost|p1a: Chesnaught|atk|1
|-boost|p1a: Chesnaught|def|1
|move|p2b: So Shiny!|Brave Bird|p1a: Chesnaught
|-damage|p1a: Chesnaught|66/100
|-damage|p2b: So Shiny!|94/100|[from] Recoil
|
|-weather|Sandstorm|[upkeep]
|-damage|p1b: Jumpluff|94/100|[from] Sandstorm
|-damage|p1a: Chesnaught|60/100|[from] Sandstorm
|-fieldend|move: Psychic Terrain
|upkeep
|turn|6
|
|t:|1757693013
|move|p1b: Jumpluff|Sleep Powder|p2b: So Shiny!|[miss]
|-miss|p1b: Jumpluff|p2b: So Shiny!
|move|p1a: Chesnaught|Body Press|p2a: susiezilla
|-supereffective|p2a: susiezilla
|-damage|p2a: susiezilla|0 fnt
|faint|p2a: susiezilla
|move|p2b: So Shiny!|Brave Bird|p1a: Chesnaught
|-damage|p1a: Chesnaught|41/100
|-damage|p2b: So Shiny!|88/100|[from] Recoil
|
|-weather|Sandstorm|[upkeep]
|-damage|p1b: Jumpluff|88/100|[from] Sandstorm
|-damage|p1a: Chesnaught|35/100|[from] Sandstorm
|upkeep
|
|t:|1757693021
|switch|p2a: big drilla|Excadrill, L50, F|100/100
|turn|7
|
|t:|1757693030
|move|p1b: Jumpluff|Sleep Powder|p2b: So Shiny!|[miss]
|-miss|p1b: Jumpluff|p2b: So Shiny!
|move|p2a: big drilla|Earthquake|p1b: Jumpluff|[spread] p1a
|-immune|p2b: So Shiny!
|-immune|p1b: Jumpluff
|-damage|p1a: Chesnaught|13/100
|move|p1a: Chesnaught|Synthesis|p1a: Chesnaught
|-heal|p1a: Chesnaught|38/100
|move|p2b: So Shiny!|Brave Bird|p1b: Jumpluff
|-supereffective|p1b: Jumpluff
|-damage|p1b: Jumpluff|0 fnt
|faint|p1b: Jumpluff
|-damage|p2b: So Shiny!|60/100|[from] Recoil
|
|-weather|Sandstorm|[upkeep]
|-damage|p1a: Chesnaught|31/100|[from] Sandstorm
|upkeep
|
|t:|1757693033
|switch|p1b: Torkoal|Torkoal, L50, M|100/100
|-weather|SunnyDay|[from] ability: Drought|[of] p1b: Torkoal
|turn|8
|
|t:|1757693051
|move|p2a: big drilla|Protect|p2a: big drilla
|-singleturn|p2a: big drilla|Protect
|move|p1a: Chesnaught|Synthesis|p1a: Chesnaught
|-heal|p1a: Chesnaught|98/100
|move|p2b: So Shiny!|Brave Bird|p1a: Chesnaught
|-damage|p1a: Chesnaught|80/100
|-damage|p2b: So Shiny!|55/100|[from] Recoil
|move|p1b: Torkoal|Weather Ball|p2b: So Shiny!
|-supereffective|p2b: So Shiny!
|-damage|p2b: So Shiny!|0 fnt
|faint|p2b: So Shiny!
|
|-weather|SunnyDay|[upkeep]
|-sideend|p1: zpoogi|move: Tailwind
|upkeep
|turn|9
|
|t:|1757693062
|move|p1b: Torkoal|Protect|p1b: Torkoal
|-singleturn|p1b: Torkoal|Protect
|move|p2a: big drilla|Earthquake|p1b: Torkoal|[spread] p1a
|-activate|p1b: Torkoal|move: Protect
|-damage|p1a: Chesnaught|59/100
|move|p1a: Chesnaught|Body Press|p2a: big drilla
|-supereffective|p2a: big drilla
|-enditem|p2a: big drilla|Focus Sash
|-damage|p2a: big drilla|1/100
|
|-weather|SunnyDay|[upkeep]
|upkeep
|turn|10
|-message|tastethekoalabear forfeited.
|raw|zpoogi's rating: 1198 → 1223(+25 for winning)
|raw|tastethekoalabear's rating: 1198 → 1173(-25 for losing)
|
|win|zpoogi
|l|â˜†tastethekoalabear
|player|p2|
