|j|☆RegiSIXSEVEN
|j|☆leiden2005
|html|RegiSIXSEVENleiden2005    
|uhtml|bestof|Game 1 of a best-of-3
|t:|1784801445
|gametype|doubles
|player|p1|RegiSIXSEVEN|steven|1245
|player|p2|leiden2005|101|1000
|gen|9
|tier|[Gen 9 Champions] VGC 2026 Reg M-B (Bo3)
|rated|
|rule|Species Clause: Limit one of each Pokémon
|rule|Item Clause: Limit 1 of each item
|clearpoke
|poke|p1|Gengar, L50, F, shiny|
|poke|p1|Swampert, L50, F, shiny|
|poke|p1|Incineroar, L50, M, shiny|
|poke|p1|Politoed, L50, F, shiny|
|poke|p1|Archaludon, L50, F, shiny|
|poke|p1|Vivillon-Elegant, L50, M, shiny|
|poke|p2|Palafin, L50, F|
|poke|p2|Froslass, L50, F|
|poke|p2|Clefable, L50, F|
|poke|p2|Garchomp, L50, F|
|poke|p2|Aerodactyl, L50, M|
|poke|p2|Kingambit, L50, M|
|teampreview|4
|showteam|p1|Gengar||Gengarite|CursedBody|ShadowBall,SludgeBomb,PerishSong,Protect|Timid||F|||50|]Swampert||Swampertite|Damp|WaveCrash,Earthquake,IcePunch,Protect|Adamant||F|||50|]Incineroar||PasshoBerry|Intimidate|FakeOut,ThroatChop,PartingShot,Protect|Sassy||M|||50|]Politoed||SitrusBerry|Drizzle|WeatherBall,Encore,PerishSong,Protect|Calm||F|||50|]Archaludon||Leftovers|Stamina|DragonPulse,FlashCannon,ElectroShot,Protect|Bold||F|||50|]Vivillon-Elegant||FocusSash|CompoundEyes|Hurricane,SleepPowder,RagePowder,Protect|Timid||M|||50|
|showteam|p2|Palafin||MysticWater|ZerotoHero|JetPunch,WaveCrash,CloseCombat,Protect|Jolly||F|||50|]Froslass||Froslassite|SnowCloak|ShadowBall,Blizzard,Haze,Protect|Timid||F|||50|]Clefable||SitrusBerry|MagicGuard|FollowMe,Moonblast,HelpingHand,Protect|Calm||F|||50|]Garchomp||ChoiceScarf|RoughSkin|Earthquake,StompingTantrum,DragonClaw,RockSlide|Jolly||F|||50|]Aerodactyl||Aerodactylite|Unnerve|RockSlide,DualWingbeat,Tailwind,Protect|Jolly||M|||50|]Kingambit||BlackGlasses|Defiant|SuckerPunch,KowtowCleave,Taunt,Protect|Adamant||M|||50|
|inactive|Battle timer is ON: inactive players will automatically lose when time's up. (requested by RegiSIXSEVEN)
|inactive|leiden2005 has 60 seconds left.
|inactive|leiden2005 has 30 seconds left.
|
|t:|1784801514
|teamsize|p1|4
|teamsize|p2|4
|start
|switch|p1a: Swampert|Swampert, L50, F, shiny|100/100
|switch|p1b: Vivillon|Vivillon-Elegant, L50, M, shiny|100/100
|switch|p2a: Garchomp|Garchomp, L50, F|100/100
|switch|p2b: Kingambit|Kingambit, L50, M|100/100
|turn|1
|inactive|RegiSIXSEVEN has 30 seconds left.
|inactive|leiden2005 has 30 seconds left.
|inactive|leiden2005 has 20 seconds left.
|
|t:|1784801550
|detailschange|p1a: Swampert|Swampert-Mega, L50, F, shiny
|-mega|p1a: Swampert|Swampert|Swampertite
|move|p2b: Kingambit|Protect|p2b: Kingambit
|-singleturn|p2b: Kingambit|Protect
|move|p2a: Garchomp|Rock Slide|p1b: Vivillon|[spread] p1a,p1b
|-resisted|p1a: Swampert|1
|-supereffective|p1b: Vivillon|2
|-damage|p1a: Swampert|91/100
|-enditem|p1b: Vivillon|Focus Sash
|-damage|p1b: Vivillon|1/100
|move|p1b: Vivillon|Sleep Powder|p2b: Kingambit
|-activate|p2b: Kingambit|move: Protect
|move|p1a: Swampert|Ice Punch|p2a: Garchomp
|-supereffective|p2a: Garchomp|2
|-damage|p2a: Garchomp|0 fnt
|-damage|p1a: Swampert|79/100|[from] ability: Rough Skin|[of] p2a: Garchomp
|faint|p2a: Garchomp
|
|upkeep
|
|t:|1784801574
|switch|p2a: Clefable|Clefable, L50, F|100/100
|turn|2
|
|t:|1784801588
|move|p2a: Clefable|Helping Hand|p2b: Kingambit
|-singleturn|p2b: Kingambit|Helping Hand|[of] p2a: Clefable
|move|p2b: Kingambit|Sucker Punch|p1a: Swampert
|-damage|p1a: Swampert|9/100
|move|p1b: Vivillon|Sleep Powder|p2b: Kingambit
|-status|p2b: Kingambit|slp|[from] move: Sleep Powder
|move|p1a: Swampert|Earthquake|p2a: Clefable|[spread] p2a,p2b
|-immune|p1b: Vivillon
|-supereffective|p2b: Kingambit|1
|-damage|p2a: Clefable|41/100
|-damage|p2b: Kingambit|26/100 slp
|-enditem|p2a: Clefable|Sitrus Berry|[eat]
|-heal|p2a: Clefable|66/100|[from] item: Sitrus Berry
|
|upkeep
|turn|3
|inactive|leiden2005 has 30 seconds left.
|
|t:|1784801615
|switch|p2b: Froslass|Froslass, L50, F|100/100
|move|p2a: Clefable|Follow Me|p2a: Clefable
|-singleturn|p2a: Clefable|move: Follow Me
|move|p1b: Vivillon|Sleep Powder|p2a: Clefable
|-status|p2a: Clefable|slp|[from] move: Sleep Powder
|move|p1a: Swampert|Earthquake|p2b: Froslass|[spread] p2a,p2b
|-immune|p1b: Vivillon
|-damage|p2a: Clefable|14/100 slp
|-damage|p2b: Froslass|20/100y
|
|upkeep
|turn|4
|inactive|leiden2005 has 30 seconds left.
|inactive|leiden2005 has 20 seconds left.
|
|t:|1784801652
|detailschange|p2b: Froslass|Froslass-Mega, L50, F
|-mega|p2b: Froslass|Froslass|Froslassite
|-weather|Snowscape|[from] ability: Snow Warning|[of] p2b: Froslass
|cant|p2a: Clefable|slp
|move|p1a: Swampert|Protect|p1a: Swampert
|-singleturn|p1a: Swampert|Protect
|move|p2b: Froslass|Blizzard|p1a: Swampert|[spread] p1b
|-activate|p1a: Swampert|move: Protect
|-supereffective|p1b: Vivillon|1
|-damage|p1b: Vivillon|0 fnt
|faint|p1b: Vivillon
|
|-weather|Snowscape|[upkeep]
|upkeep
|
|t:|1784801655
|switch|p1b: Politoed|Politoed, L50, F, shiny|100/100
|-weather|RainDance|[from] ability: Drizzle|[of] p1b: Politoed
|turn|5
|inactive|leiden2005 has 30 seconds left.
|
|t:|1784801687
|switch|p1b: Archaludon|Archaludon, L50, F, shiny|100/100
|move|p2b: Froslass|Protect|p2b: Froslass
|-singleturn|p2b: Froslass|Protect
|-curestatus|p2a: Clefable|slp|[msg]
|move|p2a: Clefable|Follow Me|p2a: Clefable
|-singleturn|p2a: Clefable|move: Follow Me
|move|p1a: Swampert|Earthquake|p2b: Froslass|[spread] p1b,p2a
|-activate|p2b: Froslass|move: Protect
|-supereffective|p1b: Archaludon|1
|-damage|p1b: Archaludon|36/100
|-damage|p2a: Clefable|0 fnt
|-ability|p1b: Archaludon|Stamina|boost
|-boost|p1b: Archaludon|def|1
|faint|p2a: Clefable
|
|-weather|RainDance|[upkeep]
|-heal|p1b: Archaludon|42/100|[from] item: Leftovers
|upkeep
|
|t:|1784801705
|switch|p2a: Kingambit|Kingambit, L50, M|26/100 slp
|turn|6
|
|t:|1784801716
|move|p1b: Archaludon|Protect|p1b: Archaludon
|-singleturn|p1b: Archaludon|Protect
|cant|p2a: Kingambit|slp
|move|p1a: Swampert|Earthquake|p2b: Froslass|[spread] p2a,p2b
|-activate|p1b: Archaludon|move: Protect
|-supereffective|p2a: Kingambit|1
|-damage|p2a: Kingambit|0 fnt
|-damage|p2b: Froslass|0 fnt
|faint|p2a: Kingambit
|faint|p2b: Froslass
|
|win|RegiSIXSEVEN
