|j|☆P!nkbearz07
|j|☆Strom spriggan
|html|P!nkbearz07Strom spriggan    
|uhtml|bestof|Game 1 of a best-of-3
|t:|1756520246
|gametype|doubles
|player|p1|P!nkbearz07|marlon|1065
|player|p2|Strom spriggan|lacey|1000
|gen|9
|tier|[Gen 9] VGC 2025 Reg H (Bo3)
|rated|
|rule|Species Clause: Limit one of each Pokémon
|rule|Item Clause: Limit 1 of each item
|clearpoke
|poke|p1|Pelipper, L50, F|
|poke|p1|Archaludon, L50, F|
|poke|p1|Basculegion, L50, M|
|poke|p1|Empoleon, L50, M|
|poke|p1|Serperior, L50, F|
|poke|p1|Ursaluna-Bloodmoon, L50, M|
|poke|p2|Ursaluna, L50, M|
|poke|p2|Jumpluff, L50, F|
|poke|p2|Torkoal, L50, M|
|poke|p2|Incineroar, L50, F|
|poke|p2|Porygon2, L50|
|poke|p2|Typhlosion-Hisui, L50, F|
|teampreview|4
|showteam|p1|Pelipper||FocusSash|Drizzle|Hurricane,WeatherBall,Tailwind,Protect|||F|||50|,,,,,Ghost]Archaludon||AssaultVest|Sturdy|FlashCannon,DracoMeteor,ElectroShot,BodyPress|||F|||50|,,,,,Electric]Basculegion||ChoiceBand|SwiftSwim|WaveCrash,AquaJet,FlipTurn,LastRespects|||M|||50|,,,,,Water]Empoleon||CovertCloak|Competitive|WaterPledge,FlashCannon,IceBeam,Protect|||M|||50|,,,,,Flying]Serperior||MiracleSeed|Contrary|LeafStorm,GrassPledge,TeraBlast,Protect|||F|||50|,,,,,Stellar]Ursaluna-Bloodmoon||LifeOrb|MindsEye|EarthPower,BloodMoon,HyperVoice,Protect|||M|||50|,,,,,Normal
|showteam|p2|Ursaluna||FlameOrb|Guts|HeadlongRush,Facade,Earthquake,Protect|||M|||50|,,,,,Ghost]Jumpluff||CovertCloak|Chlorophyll|SleepPowder,SunnyDay,Tailwind,RagePowder|||F|||50|,,,,,Water]Torkoal||EjectPack|Drought|HelpingHand,Eruption,Overheat,Protect|||M|||50|,,,,,Fire]Incineroar||SitrusBerry|Intimidate|FakeOut,FlareBlitz,KnockOff,PartingShot|||F|||50|,,,,,Ghost]Porygon2||Eviolite|Download|TeraBlast,IceBeam,Recover,TrickRoom||||||50|,,,,,Fighting]Typhlosion-Hisui||ChoiceScarf|Blaze|Eruption,Overheat,Extrasensory,ShadowBall|||F|||50|,,,,,Fire
|inactive|Battle timer is ON: inactive players will automatically lose when time's up. (requested by P!nkbearz07)
|inactive|Strom spriggan has 60 seconds left.
|
|t:|1756520280
|teamsize|p1|4
|teamsize|p2|4
|start
|switch|p1a: Atlantis|Empoleon, L50, M, shiny|100/100
|switch|p1b: Royal|Serperior, L50, F, shiny|100/100
|switch|p2a: Incineroar|Incineroar, L50, F|100/100
|switch|p2b: Torkoal|Torkoal, L50, M|100/100
|-ability|p2a: Incineroar|Intimidate|boost
|-unboost|p1a: Atlantis|atk|1
|-ability|p1a: Atlantis|Competitive|boost
|-boost|p1a: Atlantis|spa|2
|-boost|p1b: Royal|atk|1
|-weather|SunnyDay|[from] ability: Drought|[of] p2b: Torkoal
|turn|1
|
|t:|1756520294
|switch|p1b: Lorb|Pelipper, L50, F, shiny|100/100
|-weather|RainDance|[from] ability: Drizzle|[of] p1b: Lorb
|move|p2a: Incineroar|Fake Out|p1a: Atlantis
|-resisted|p1a: Atlantis
|-damage|p1a: Atlantis|94/100
|move|p1a: Atlantis|Water Pledge|p2b: Torkoal
|-supereffective|p2b: Torkoal
|-damage|p2b: Torkoal|0 fnt
|faint|p2b: Torkoal
|
|-weather|RainDance|[upkeep]
|upkeep
|
|t:|1756520307
|switch|p2b: Jumpluff|Jumpluff, L50, F|100/100
|turn|2
|j| Hockeystick7
|
|t:|1756520325
|-terastallize|p2a: Incineroar|Ghost
|move|p2b: Jumpluff|Sunny Day|p2b: Jumpluff
|-weather|SunnyDay
|move|p1b: Lorb|Tailwind|p1b: Lorb
|-sidestart|p1: P!nkbearz07|move: Tailwind
|move|p1a: Atlantis|Ice Beam|p2b: Jumpluff
|-supereffective|p2b: Jumpluff
|-damage|p2b: Jumpluff|0 fnt
|faint|p2b: Jumpluff
|move|p2a: Incineroar|Knock Off|p1b: Lorb
|-crit|p1b: Lorb
|-damage|p1b: Lorb|3/100
|-enditem|p1b: Lorb|Focus Sash|[from] move: Knock Off|[of] p2a: Incineroar
|
|-weather|SunnyDay|[upkeep]
|upkeep
|
|t:|1756520338
|switch|p2b: Typhlosion|Typhlosion-Hisui, L50, F|100/100
|turn|3
|
|t:|1756520350
|switch|p1b: Royal|Serperior, L50, F, shiny|100/100
|move|p1a: Atlantis|Protect|p1a: Atlantis
|-singleturn|p1a: Atlantis|Protect
|move|p2b: Typhlosion|Eruption|p1b: Royal|[spread] p1b
|-activate|p1a: Atlantis|move: Protect
|-supereffective|p1b: Royal
|-damage|p1b: Royal|0 fnt
|faint|p1b: Royal
|move|p2a: Incineroar|Flare Blitz|p1a: Atlantis
|-activate|p1a: Atlantis|move: Protect
|
|-weather|SunnyDay|[upkeep]
|upkeep
|
|t:|1756520357
|switch|p1b: Lorb|Pelipper, L50, F, shiny|3/100
|-weather|RainDance|[from] ability: Drizzle|[of] p1b: Lorb
|turn|4
|c| Hockeystick7|mish
|
|t:|1756520371
|move|p1b: Lorb|Weather Ball|p2b: Typhlosion
|-supereffective|p2b: Typhlosion
|-damage|p2b: Typhlosion|0 fnt
|faint|p2b: Typhlosion
|move|p1a: Atlantis|Water Pledge|p2a: Incineroar
|-damage|p2a: Incineroar|18/100
|-enditem|p2a: Incineroar|Sitrus Berry|[eat]
|-heal|p2a: Incineroar|43/100|[from] item: Sitrus Berry
|move|p2a: Incineroar|Flare Blitz|p1a: Atlantis
|-damage|p1a: Atlantis|68/100
|-damage|p2a: Incineroar|36/100|[from] Recoil
|
|-weather|RainDance|[upkeep]
|upkeep
|turn|5
|
|t:|1756520383
|move|p1b: Lorb|Weather Ball|p2a: Incineroar
|-damage|p2a: Incineroar|0 fnt
|faint|p2a: Incineroar
|
|win|P!nkbearz07
