|j|☆Muphry
|j|☆Sub Force
|html|MuphrySub Force    
|uhtml|bestof|Game 2 of a best-of-3
|t:|1784805023
|gametype|doubles
|player|p1|Muphry|birdkeeper|
|player|p2|Sub Force|byron|
|gen|9
|tier|[Gen 9 Champions] VGC 2026 Reg M-B (Bo3)
|rule|Species Clause: Limit one of each Pokémon
|rule|Item Clause: Limit 1 of each item
|clearpoke
|poke|p1|Tyranitar, L50, F|
|poke|p1|Excadrill, L50, F|
|poke|p1|Staraptor, L50, F|
|poke|p1|Sinistcha, L50|
|poke|p1|Milotic, L50, M|
|poke|p1|Gholdengo, L50|
|poke|p2|Floette-Eternal, L50, F|
|poke|p2|Incineroar, L50, F|
|poke|p2|Torkoal, L50, M|
|poke|p2|Garchomp, L50, M|
|poke|p2|Farigiraf, L50, F|
|poke|p2|Venusaur, L50, F|
|teampreview|4
|showteam|p1|Tyranitar||Tyranitarite|SandStream|RockSlide,KnockOff,LowKick,Protect|Adamant||F|||50|]Excadrill||FocusSash|SandRush|HighHorsepower,Protect,RockSlide,IronHead|Adamant||F|||50|]Staraptor||Staraptite|Intimidate|BraveBird,CloseCombat,Tailwind,Protect|Jolly||F|||50|]Sinistcha||ColburBerry|Hospitality|MatchaGotcha,RagePowder,TrickRoom,Protect|Relaxed|||||50|]Milotic||SitrusBerry|Competitive|Scald,Haze,IcyWind,Protect|Calm||M|||50|]Gholdengo||LifeOrb|GoodasGold|MakeItRain,NastyPlot,ShadowBall,Protect|Modest|||||50|
|showteam|p2|Floette-Eternal||Floettite|FlowerVeil|Moonblast,LightofRuin,DazzlingGleam,Protect|Modest||F|||50|]Incineroar||PasshoBerry|Intimidate|FlareBlitz,FakeOut,PartingShot,DarkestLariat|Adamant||F|||50|]Torkoal||Charcoal|Drought|Eruption,WeatherBall,BodyPress,Protect|Quiet||M|||50|]Garchomp||ChoiceScarf|RoughSkin|RockSlide,StompingTantrum,DragonClaw,BreakingSwipe|Adamant||M|||50|]Farigiraf||SitrusBerry|ArmorTail|Psychic,HelpingHand,Protect,TrickRoom|Quiet||F|||50|]Venusaur||Venusaurite|Chlorophyll|SleepPowder,GigaDrain,SludgeBomb,EarthPower|Modest||F|||50|
|
|t:|1784805060
|teamsize|p1|4
|teamsize|p2|4
|start
|switch|p1a: Tyranitar|Tyranitar, L50, F|100/100
|switch|p1b: Milotic|Milotic, L50, M|100/100
|switch|p2a: Floette|Floette-Eternal, L50, F|100/100
|switch|p2b: Farigiraf|Farigiraf, L50, F|100/100
|-weather|Sandstorm|[from] ability: Sand Stream|[of] p1a: Tyranitar
|turn|1
|
|t:|1784805081
|switch|p1b: Gholdengo|Gholdengo, L50|100/100
|detailschange|p2a: Floette|Floette-Mega, L50, F
|-mega|p2a: Floette|Floette|Floettite
|-ability|p2a: Floette|Fairy Aura
|move|p1a: Tyranitar|Protect|p1a: Tyranitar
|-singleturn|p1a: Tyranitar|Protect
|move|p2b: Farigiraf|Protect|p2b: Farigiraf
|-singleturn|p2b: Farigiraf|Protect
|move|p2a: Floette|Dazzling Gleam|p1b: Gholdengo|[spread] p1b
|-activate|p1a: Tyranitar|move: Protect
|-resisted|p1b: Gholdengo|1
|-damage|p1b: Gholdengo|77/100
|
|-weather|Sandstorm|[upkeep]
|-damage|p2a: Floette|94/100|[from] Sandstorm
|-damage|p2b: Farigiraf|93/100|[from] Sandstorm
|upkeep
|turn|2
|
|t:|1784805125
|switch|p1a: Milotic|Milotic, L50, M|100/100
|switch|p2b: Garchomp|Garchomp, L50, M|100/100
|move|p2a: Floette|Protect|p2a: Floette
|-singleturn|p2a: Floette|Protect
|move|p1b: Gholdengo|Make It Rain|p2a: Floette|[spread] p2b
|-activate|p2a: Floette|move: Protect
|-damage|p2b: Garchomp|35/100
|-unboost|p1b: Gholdengo|spa|2
|-damage|p1b: Gholdengo|67/100|[from] item: Life Orb
|
|-weather|Sandstorm|[upkeep]
|-damage|p2a: Floette|88/100|[from] Sandstorm
|-damage|p1a: Milotic|94/100|[from] Sandstorm
|upkeep
|turn|3
|
|t:|1784805146
|switch|p2b: Farigiraf|Farigiraf, L50, F|93/100
|move|p1b: Gholdengo|Protect|p1b: Gholdengo
|-singleturn|p1b: Gholdengo|Protect
|move|p2a: Floette|Dazzling Gleam|p1a: Milotic|[spread] p1a
|-activate|p1b: Gholdengo|move: Protect
|-damage|p1a: Milotic|60/100
|move|p1a: Milotic|Icy Wind|p2b: Farigiraf|[spread] p2a,p2b
|-damage|p2a: Floette|81/100
|-damage|p2b: Farigiraf|84/100
|-unboost|p2a: Floette|spe|1
|-unboost|p2b: Farigiraf|spe|1
|
|-weather|Sandstorm|[upkeep]
|-damage|p1a: Milotic|54/100|[from] Sandstorm
|-damage|p2a: Floette|75/100|[from] Sandstorm
|-damage|p2b: Farigiraf|78/100|[from] Sandstorm
|upkeep
|turn|4
|
|t:|1784805173
|move|p1a: Milotic|Scald|p2b: Farigiraf
|-damage|p2b: Farigiraf|53/100
|move|p1b: Gholdengo|Nasty Plot|p1b: Gholdengo
|-boost|p1b: Gholdengo|spa|2
|move|p2a: Floette|Dazzling Gleam|p1a: Milotic|[spread] p1a,p1b
|-resisted|p1b: Gholdengo|1
|-damage|p1a: Milotic|21/100
|-damage|p1b: Gholdengo|45/100
|-enditem|p1a: Milotic|Sitrus Berry|[eat]
|-heal|p1a: Milotic|46/100|[from] item: Sitrus Berry
|move|p2b: Farigiraf|Trick Room|p2b: Farigiraf
|-fieldstart|move: Trick Room|[of] p2b: Farigiraf
|
|-weather|Sandstorm|[upkeep]
|-damage|p2b: Farigiraf|46/100|[from] Sandstorm
|-damage|p2a: Floette|69/100|[from] Sandstorm
|-damage|p1a: Milotic|40/100|[from] Sandstorm
|-enditem|p2b: Farigiraf|Sitrus Berry|[eat]
|-heal|p2b: Farigiraf|71/100|[from] item: Sitrus Berry
|upkeep
|turn|5
|
|t:|1784805203
|move|p2b: Farigiraf|Psychic|p1b: Gholdengo
|-resisted|p1b: Gholdengo|1
|-damage|p1b: Gholdengo|28/100
|move|p2a: Floette|Dazzling Gleam|p1b: Gholdengo|[spread] p1a,p1b
|-resisted|p1b: Gholdengo|1
|-damage|p1a: Milotic|5/100
|-damage|p1b: Gholdengo|4/100
|move|p1b: Gholdengo|Make It Rain|p2b: Farigiraf|[spread] p2a,p2b
|-supereffective|p2a: Floette|1
|-damage|p2a: Floette|0 fnt
|-damage|p2b: Farigiraf|25/100
|-unboost|p1b: Gholdengo|spa|2
|faint|p2a: Floette
|-damage|p1b: Gholdengo|0 fnt|[from] item: Life Orb
|faint|p1b: Gholdengo
|move|p1a: Milotic|Scald|p2b: Farigiraf
|-damage|p2b: Farigiraf|1/100
|
|-weather|none
|upkeep
|
|t:|1784805227
|switch|p1b: Tyranitar|Tyranitar, L50, F|100/100
|switch|p2a: Torkoal|Torkoal, L50, M|100/100
|-weather|SunnyDay|[from] ability: Drought|[of] p2a: Torkoal
|-weather|Sandstorm|[from] ability: Sand Stream|[of] p1b: Tyranitar
|turn|6
|
|t:|1784805279
|move|p2b: Farigiraf|Protect|p2b: Farigiraf
|-singleturn|p2b: Farigiraf|Protect
|move|p2a: Torkoal|Eruption|p1b: Tyranitar|[spread] p1a,p1b
|-resisted|p1a: Milotic|1
|-resisted|p1b: Tyranitar|1
|-damage|p1a: Milotic|0 fnt
|-damage|p1b: Tyranitar|82/100
|faint|p1a: Milotic
|move|p1b: Tyranitar|Rock Slide|p2a: Torkoal|[spread] p2a
|-activate|p2b: Farigiraf|move: Protect
|-supereffective|p2a: Torkoal|1
|-damage|p2a: Torkoal|45/100
|
|-weather|Sandstorm|[upkeep]
|-damage|p2a: Torkoal|39/100|[from] Sandstorm
|-damage|p2b: Farigiraf|0 fnt|[from] Sandstorm
|faint|p2b: Farigiraf
|upkeep
|
|t:|1784805293
|switch|p2b: Garchomp|Garchomp, L50, M|35/100
|switch|p1a: Staraptor|Staraptor, L50, F|100/100
|-ability|p1a: Staraptor|Intimidate|boost
|-unboost|p2a: Torkoal|atk|1
|-unboost|p2b: Garchomp|atk|1
|turn|7
|
|t:|1784805308
|detailschange|p1a: Staraptor|Staraptor-Mega, L50, F
|-mega|p1a: Staraptor|Staraptor|Staraptite
|move|p2a: Torkoal|Weather Ball|p1a: Staraptor
|-damage|p1a: Staraptor|66/100
|move|p1b: Tyranitar|Knock Off|p2a: Torkoal
|-damage|p2a: Torkoal|0 fnt
|-enditem|p2a: Torkoal|Charcoal|[from] move: Knock Off|[of] p1b: Tyranitar
|faint|p2a: Torkoal
|move|p1a: Staraptor|Close Combat|p2b: Garchomp
|-damage|p2b: Garchomp|0 fnt
|-boost|p1a: Staraptor|def|1
|-boost|p1a: Staraptor|spd|1
|-damage|p1a: Staraptor|53/100|[from] ability: Rough Skin|[of] p2b: Garchomp
|faint|p2b: Garchomp
|
|win|Muphry
|c|☆Muphry|ggs!
|c|☆Sub Force|gg
|l|☆Sub Force
|player|p2|
