|j|☆ground tera
|j|☆raicune28
|html|ground teraraicune28    
|uhtml|bestof|Game 1 of a best-of-3
|t:|1784394026
|gametype|doubles
|player|p1|ground tera|102|
|player|p2|raicune28|170|
|gen|9
|tier|[Gen 9 Champions] VGC 2026 Reg M-B (Bo3)
|rule|Species Clause: Limit one of each Pokémon
|rule|Item Clause: Limit 1 of each item
|clearpoke
|poke|p1|Sneasler, L50, M|
|poke|p1|Kingambit, L50, F|
|poke|p1|Incineroar, L50, F|
|poke|p1|Blastoise, L50, M|
|poke|p1|Sinistcha, L50|
|poke|p1|Delphox, L50, F, shiny|
|poke|p2|Sinistcha-Masterpiece, L50|
|poke|p2|Delphox, L50, F, shiny|
|poke|p2|Incineroar, L50, M|
|poke|p2|Floette-Eternal, L50, F|
|poke|p2|Sneasler, L50, M, shiny|
|poke|p2|Kingambit, L50, F|
|teampreview|4
|showteam|p1|Sneasler||FocusSash|PoisonTouch|QuickGuard,FakeOut,CloseCombat,DireClaw|Jolly||M|||50|]Kingambit||BlackGlasses|Defiant|Protect,SwordsDance,SuckerPunch,KowtowCleave|Adamant||F|||50|]Incineroar||SitrusBerry|Intimidate|FakeOut,PartingShot,FlareBlitz,ThroatChop|Impish||F|||50|]Blastoise||Blastoisinite|Torrent|Protect,ShellSmash,WaterSpout,DarkPulse|Modest||M|||50|]Sinistcha||OccaBerry|Hospitality|Protect,MatchaGotcha,TrickRoom,RagePowder|Bold|||||50|]Delphox||Delphoxite|Blaze|Protect,HeatWave,Psyshock,NastyPlot|Timid||F|||50|
|showteam|p2|Sinistcha-Masterpiece||KasibBerry|Hospitality|MatchaGotcha,Protect,RagePowder,TrickRoom|Bold|||||50|]Delphox||Delphoxite|Blaze|HeatWave,Psyshock,NastyPlot,Protect|Timid||F|||50|]Incineroar||SitrusBerry|Intimidate|FakeOut,PartingShot,ThroatChop,FlareBlitz|Careful||M|||50|]Floette-Eternal||Floettite|FlowerVeil|Protect,CalmMind,Moonblast,DazzlingGleam|Modest||F|||50|]Sneasler||FocusSash|PoisonTouch|FakeOut,QuickGuard,DireClaw,CloseCombat|Jolly||M|||50|]Kingambit||BlackGlasses|Defiant|KowtowCleave,Protect,SuckerPunch,SwordsDance|Adamant||F|||50|
|inactive|Battle timer is ON: inactive players will automatically lose when time's up. (requested by ground tera)
|
|t:|1784394033
|teamsize|p1|4
|teamsize|p2|4
|start
|switch|p1a: Sneasler|Sneasler, L50, M|100/100
|switch|p1b: Delphox|Delphox, L50, F, shiny|100/100
|switch|p2a: Floette|Floette-Eternal, L50, F|100/100
|switch|p2b: Sneasler|Sneasler, L50, M, shiny|100/100
|turn|1
|
|t:|1784394048
|detailschange|p1b: Delphox|Delphox-Mega, L50, F, shiny
|-mega|p1b: Delphox|Delphox|Delphoxite
|detailschange|p2a: Floette|Floette-Mega, L50, F
|-mega|p2a: Floette|Floette|Floettite
|-ability|p2a: Floette|Fairy Aura
|move|p1a: Sneasler|Fake Out|p2a: Floette
|-damage|p2a: Floette|82/100
|move|p1b: Delphox|Nasty Plot|p1b: Delphox
|-boost|p1b: Delphox|spa|2
|move|p2b: Sneasler|Dire Claw|p1b: Delphox
|-damage|p1b: Delphox|37/100
|cant|p2a: Floette|flinch
|
|upkeep
|turn|2
|inactive|raicune28 has 30 seconds left.
|
|t:|1784394074
|switch|p2a: Incineroar|Incineroar, L50, M|100/100
|-ability|p2a: Incineroar|Intimidate|boost
|-unboost|p1a: Sneasler|atk|1
|-unboost|p1b: Delphox|atk|1
|move|p1b: Delphox|Heat Wave|p2b: Sneasler|[spread] p2a,p2b
|-resisted|p2a: Incineroar|1
|-damage|p2a: Incineroar|69/100
|-enditem|p2b: Sneasler|Focus Sash
|-damage|p2b: Sneasler|1/100
|move|p2b: Sneasler|Dire Claw|p1b: Delphox
|-damage|p1b: Delphox|0 fnt
|faint|p1b: Delphox
|move|p1a: Sneasler|Dire Claw|p2b: Sneasler
|-resisted|p2b: Sneasler|1
|-damage|p2b: Sneasler|0 fnt
|faint|p2b: Sneasler
|
|upkeep
|
|t:|1784394094
|switch|p1b: Incineroar|Incineroar, L50, F|100/100
|switch|p2b: Sinistcha|Sinistcha-Masterpiece, L50|100/100
|-ability|p1b: Incineroar|Intimidate|boost
|-unboost|p2a: Incineroar|atk|1
|-unboost|p2b: Sinistcha|atk|1
|-heal|p2a: Incineroar|94/100|[from] ability: Hospitality|[of] p2b: Sinistcha
|turn|3
|
|t:|1784394113
|move|p2b: Sinistcha|Rage Powder|p2b: Sinistcha
|-singleturn|p2b: Sinistcha|move: Rage Powder
|move|p1a: Sneasler|Dire Claw|p2b: Sinistcha
|-damage|p2b: Sinistcha|76/100
|-status|p2b: Sinistcha|psn|[from] ability: Poison Touch|[of] p1a: Sneasler
|move|p1b: Incineroar|Flare Blitz|p2b: Sinistcha
|-supereffective|p2b: Sinistcha|1
|-damage|p2b: Sinistcha|2/100 psn
|-damage|p1b: Incineroar|78/100|[from] Recoil
|move|p2a: Incineroar|Parting Shot|p1a: Sneasler
|-unboost|p1a: Sneasler|atk|1
|-unboost|p1a: Sneasler|spa|1
|
|t:|1784394125
|switch|p2a: Floette|Floette-Mega, L50, F|82/100|[from] Parting Shot
|-ability|p2a: Floette|Fairy Aura
|
|-damage|p2b: Sinistcha|0 fnt|[from] psn
|faint|p2b: Sinistcha
|upkeep
|
|t:|1784394131
|switch|p2b: Incineroar|Incineroar, L50, M|94/100
|-ability|p2b: Incineroar|Intimidate|boost
|-unboost|p1a: Sneasler|atk|1
|-unboost|p1b: Incineroar|atk|1
|turn|4
|inactive|raicune28 has 30 seconds left.
|inactive|raicune28 has 20 seconds left.
|inactive|raicune28 has 15 seconds left.
|inactive|raicune28 has 10 seconds left.
|
|t:|1784394179
|switch|p1a: Sinistcha|Sinistcha, L50|100/100
|-heal|p1b: Incineroar|100/100|[from] ability: Hospitality|[of] p1a: Sinistcha
|move|p2b: Incineroar|Fake Out|p1a: Sinistcha
|-immune|p1a: Sinistcha
|move|p2a: Floette|Dazzling Gleam|p1a: Sinistcha|[spread] p1a,p1b
|-damage|p1a: Sinistcha|54/100
|-damage|p1b: Incineroar|53/100
|move|p1b: Incineroar|Parting Shot|p2a: Floette
|-unboost|p2a: Floette|atk|1
|-unboost|p2a: Floette|spa|1
|inactiveoff|Battle timer is now OFF.
|
|t:|1784394189
|switch|p1b: Sneasler|Sneasler, L50, M|100/100|[from] Parting Shot
|
|upkeep
|turn|5
|-message|raicune28 forfeited.
|
|win|ground tera
||raicune28 is ready for game 2.
|inactive|ground tera has 30 seconds to confirm battle start!
|inactive|ground tera has 20 seconds to confirm battle start!
|inactive|ground tera has 10 seconds to confirm battle start!
