|j|☆Capitan-N
|j|☆viatles
|html|Capitan-Nviatles    
|uhtml|bestof|Game 1 of a best-of-3
|t:|1756236785
|gametype|doubles
|player|p1|Capitan-N|n|1133
|player|p2|viatles|hiker|1068
|gen|9
|tier|[Gen 9] VGC 2025 Reg H (Bo3)
|rated|
|rule|Species Clause: Limit one of each Pokémon
|rule|Item Clause: Limit 1 of each item
|clearpoke
|poke|p1|Baxcalibur, L50, M|
|poke|p1|Electabuzz, L50, M|
|poke|p1|Incineroar, L50, M|
|poke|p1|Primarina, L50, M|
|poke|p1|Smeargle, L50, M|
|poke|p1|Gholdengo, L50|
|poke|p2|Oricorio-Sensu, L50, F|
|poke|p2|Volcarona, L50, F|
|poke|p2|Sylveon, L50, M|
|poke|p2|Murkrow, L50, F|
|poke|p2|Dragapult, L50, M|
|poke|p2|Baxcalibur, L50, M|
|teampreview|4
|showteam|p1|Baxcalibur||LoadedDice|ThermalExchange|IcicleSpear,Protect,SwordsDance,ScaleShot|||M|||50|,,,,,Fire]Electabuzz||Eviolite|VitalSpirit|Electroweb,FollowMe,HelpingHand,Protect|||M|||50|,,,,,Fairy]Incineroar||SafetyGoggles|Intimidate|FakeOut,FlareBlitz,KnockOff,Uturn|||M|||50|,,,,,Ghost]Primarina||ChoiceSpecs|LiquidVoice|HyperVoice,IceBeam,TeraBlast,Moonblast|||M|||50|,,,,,Ground]Smeargle||FocusSash|Moody|Spore,SpikyShield,Safeguard,Coaching|||M|||50|,,,,,Ghost]Gholdengo||LifeOrb|GoodasGold|MakeItRain,NastyPlot,TeraBlast,Protect||||||50|,,,,,Fighting
|showteam|p2|Oricorio-Sensu||FocusSash|Dancer|QuiverDance,BatonPass,RevelationDance,Protect|||F|||50|,,,,,Fighting]Volcarona||SitrusBerry|FlameBody|QuiverDance,GigaDrain,FieryDance,Protect|||F|||50|,,,,,Grass]Sylveon||ChoiceScarf|Pixilate|HyperVoice,TeraBlast,StoredPower,SleepTalk|||M|||50|,,,,,Ground]Murkrow||Eviolite|Prankster|Tailwind,FoulPlay,Haze,FeatherDance|||F|||50|,,,,,Dark]Dragapult||CovertCloak|ClearBody|DragonCheer,DragonDarts,Protect,PhantomForce|||M|||50|,,,,,Stellar]Baxcalibur||LoadedDice|ThermalExchange|IcicleSpear,ScaleShot,GlaiveRush,Protect|||M|||50|,,,,,Grass
|c|☆viatles|gl hf
|inactive|Battle timer is ON: inactive players will automatically lose when time's up. (requested by viatles)
|inactive|Capitan-N has 60 seconds left.
|
|t:|1756236838
|teamsize|p1|4
|teamsize|p2|4
|start
|switch|p1a: Smeargle|Smeargle, L50, M|100/100
|switch|p1b: Incineroar|Incineroar, L50, M, shiny|100/100
|switch|p2a: Oricorio|Oricorio-Sensu, L50, F|100/100
|switch|p2b: Volcarona|Volcarona, L50, F|100/100
|-ability|p1b: Incineroar|Intimidate|boost
|-unboost|p2a: Oricorio|atk|1
|-unboost|p2b: Volcarona|atk|1
|turn|1
|
|t:|1756236854
|-terastallize|p2b: Volcarona|Grass
|move|p2a: Oricorio|Protect|p2a: Oricorio
|-singleturn|p2a: Oricorio|Protect
|move|p1b: Incineroar|Fake Out|p2b: Volcarona
|-damage|p2b: Volcarona|84/100
|move|p1a: Smeargle|Spore|p2a: Oricorio
|-activate|p2a: Oricorio|move: Protect
|cant|p2b: Volcarona|flinch
|
|-ability|p1a: Smeargle|Moody|boost
|-boost|p1a: Smeargle|def|2
|-unboost|p1a: Smeargle|atk|1
|upkeep
|turn|2
|
|t:|1756236872
|move|p2a: Oricorio|Quiver Dance|p2a: Oricorio
|-boost|p2a: Oricorio|spa|1
|-boost|p2a: Oricorio|spd|1
|-boost|p2a: Oricorio|spe|1
|move|p1a: Smeargle|Coaching|p1b: Incineroar
|-boost|p1b: Incineroar|atk|1
|-boost|p1b: Incineroar|def|1
|move|p2b: Volcarona|Fiery Dance|p1a: Smeargle
|-damage|p1a: Smeargle|23/100
|-activate|p2a: Oricorio|ability: Dancer
|move|p2a: Oricorio|Fiery Dance|p1a: Smeargle|[from] ability: Dancer
|-damage|p1a: Smeargle|0 fnt
|-boost|p2a: Oricorio|spa|1
|faint|p1a: Smeargle
|move|p1b: Incineroar|Flare Blitz|p2b: Volcarona
|-supereffective|p2b: Volcarona
|-damage|p2b: Volcarona|0 fnt
|faint|p2b: Volcarona
|-damage|p1b: Incineroar|74/100|[from] Recoil
|
|upkeep
|
|t:|1756236895
|switch|p1a: Electabuzz|Electabuzz, L50, M, shiny|100/100
|switch|p2b: Sylveon|Sylveon, L50, M|100/100
|turn|3
|
|t:|1756236910
|move|p2a: Oricorio|Revelation Dance|p1a: Electabuzz
|-damage|p1a: Electabuzz|44/100
|move|p2b: Sylveon|Hyper Voice|p1a: Electabuzz|[spread] p1a,p1b
|-damage|p1a: Electabuzz|14/100
|-damage|p1b: Incineroar|34/100
|move|p1a: Electabuzz|Electroweb|p2b: Sylveon|[spread] p2a,p2b
|-supereffective|p2a: Oricorio
|-damage|p2a: Oricorio|69/100
|-damage|p2b: Sylveon|88/100
|-unboost|p2a: Oricorio|spe|1
|-unboost|p2b: Sylveon|spe|1
|move|p1b: Incineroar|Knock Off|p2a: Oricorio
|-supereffective|p2a: Oricorio
|-damage|p2a: Oricorio|0 fnt
|-enditem|p2a: Oricorio|Focus Sash|[from] move: Knock Off|[of] p1b: Incineroar
|faint|p2a: Oricorio
|
|upkeep
|
|t:|1756236925
|switch|p2a: Dragapult|Dragapult, L50, M|100/100
|turn|4
|
|t:|1756236935
|move|p1a: Electabuzz|Follow Me|p1a: Electabuzz
|-singleturn|p1a: Electabuzz|move: Follow Me
|move|p2a: Dragapult|Dragon Cheer|p2b: Sylveon
|-start|p2b: Sylveon|move: Dragon Cheer
|move|p2b: Sylveon|Hyper Voice|p1a: Electabuzz|[spread] p1a,p1b
|-damage|p1a: Electabuzz|0 fnt
|-damage|p1b: Incineroar|0 fnt
|faint|p1a: Electabuzz
|faint|p1b: Incineroar
|
|upkeep
|
|t:|1756236954
|switch|p1b: Baxcalibur|Baxcalibur, L50, M|100/100
|turn|5
|
|t:|1756236962
|-terastallize|p1b: Baxcalibur|Fire
|move|p2a: Dragapult|Phantom Force||[still]
|-prepare|p2a: Dragapult|Phantom Force
|move|p1b: Baxcalibur|Scale Shot|p2a: Dragapult|[miss]
|-miss|p1b: Baxcalibur|p2a: Dragapult
|move|p2b: Sylveon|Hyper Voice|p1b: Baxcalibur
|-resisted|p1b: Baxcalibur
|-damage|p1b: Baxcalibur|74/100
|
|upkeep
|turn|6
|
|t:|1756236972
|move|p2a: Dragapult|Phantom Force|p1b: Baxcalibur|[from] lockedmove
|-damage|p1b: Baxcalibur|30/100
|move|p1b: Baxcalibur|Scale Shot|p2a: Dragapult|[miss]
|-miss|p1b: Baxcalibur|p2a: Dragapult
|move|p2b: Sylveon|Hyper Voice|p1b: Baxcalibur
|-resisted|p1b: Baxcalibur
|-damage|p1b: Baxcalibur|2/100
|
|upkeep
|turn|7
|-message|Capitan-N forfeited.
|
|win|viatles
|l|☆Capitan-N
|player|p1|
