|j|☆iceshard00
|j|☆Plata251
|html|iceshard00Plata251    
|uhtml|bestof|Game 1 of a best-of-3
|t:|1783624864
|gametype|doubles
|player|p1|iceshard00|lucas|1027
|player|p2|Plata251|corbeau|1109
|gen|9
|tier|[Gen 9 Champions] VGC 2026 Reg M-B (Bo3)
|rated|
|rule|Species Clause: Limit one of each Pokémon
|rule|Item Clause: Limit 1 of each item
|clearpoke
|poke|p1|Whimsicott, L50, M|
|poke|p1|Chesnaught, L50, M, shiny|
|poke|p1|Pelipper, L50, F|
|poke|p1|Mawile, L50, F|
|poke|p1|Glimmora, L50, F|
|poke|p1|Incineroar, L50, M|
|poke|p2|Farigiraf, L50, M|
|poke|p2|Sableye, L50, F|
|poke|p2|Scrafty, L50, M|
|poke|p2|Sinistcha, L50|
|poke|p2|Watchog, L50, M, shiny|
|poke|p2|Aerodactyl, L50, F|
|teampreview|4
|showteam|p1|Whimsicott||FocusSash|Prankster|Moonblast,TrickRoom,GrassyTerrain,Encore|Bold||M|||50|]Chesnaught||Chesnaughtite|Bulletproof|GrassyGlide,DrainPunch,BellyDrum,SpikyShield|Sassy||M|||50|]Pelipper||LifeOrb|Drizzle|Hurricane,WeatherBall,Tailwind,WideGuard|Quiet||F|||50|]Mawile||Mawilite|HyperCutter|PlayRough,SuckerPunch,SwordsDance,Protect|Brave||F|||50|]Glimmora||ExpertBelt|ToxicDebris|PowerGem,EarthPower,SludgeBomb,SpikyShield|Modest||F|||50|]Incineroar||SitrusBerry|Intimidate|FakeOut,PartingShot,DarkestLariat,WillOWisp|Brave||M|||50|
|showteam|p2|Farigiraf||TwistedSpoon|ArmorTail|PsychicNoise,HyperVoice,AllySwitch,HelpingHand|Modest||M|||50|]Sableye||SitrusBerry|Prankster|FakeOut,Quash,Encore,NightShade|Careful||F|||50|]Scrafty||Scraftinite|Intimidate|Substitute,FocusPunch,Crunch,Detect|Adamant||M|||50|]Sinistcha||ColburBerry|Hospitality|MatchaGotcha,RagePowder,TrickRoom,LifeDew|Bold|||||50|]Watchog||BlackGlasses|Analytic|SuperFang,Hypnosis,Assurance,Protect|Jolly||M|||50|]Aerodactyl||LifeOrb|Unnerve|Tailwind,WideGuard,RockSlide,DualWingbeat|Jolly||F|||50|
|inactive|Battle timer is ON: inactive players will automatically lose when time's up. (requested by Plata251)
|
|t:|1783624936
|teamsize|p1|4
|teamsize|p2|4
|start
|switch|p1a: Incineroar|Incineroar, L50, M|100/100
|switch|p1b: Chesnaught|Chesnaught, L50, M, shiny|100/100
|switch|p2a: Sableye|Sableye, L50, F|100/100
|switch|p2b: Piccolo|Watchog, L50, M, shiny|100/100
|-ability|p1a: Incineroar|Intimidate|boost
|-unboost|p2a: Sableye|atk|1
|-unboost|p2b: Piccolo|atk|1
|turn|1
|inactive|iceshard00 has 30 seconds left.
|inactive|iceshard00 has 20 seconds left.
|
|t:|1783624972
|switch|p1b: Glimmora|Glimmora, L50, F|100/100
|move|p1a: Incineroar|Fake Out|p2b: Piccolo
|-damage|p2b: Piccolo|83/100
|move|p2a: Sableye|Fake Out|p1b: Glimmora
|-resisted|p1b: Glimmora|1
|-damage|p1b: Glimmora|97/100
|-activate|p1b: Glimmora|ability: Toxic Debris
|-sidestart|p2: Plata251|move: Toxic Spikes
|cant|p2b: Piccolo|flinch
|
|upkeep
|turn|2
|inactive|iceshard00 has 30 seconds left.
|inactive|Plata251 has 30 seconds left.
|inactive|iceshard00 has 20 seconds left.
|inactive|iceshard00 has 15 seconds left.
|
|t:|1783625013
|move|p2a: Sableye|Quash|p1b: Glimmora
|-activate|p1b: Glimmora|move: Quash
|move|p2b: Piccolo|Hypnosis|p1a: Incineroar|[miss]
|-miss|p2b: Piccolo|p1a: Incineroar
|move|p1a: Incineroar|Darkest Lariat|p2b: Piccolo
|-damage|p2b: Piccolo|28/100
|move|p1b: Glimmora|Power Gem|p2a: Sableye
|-damage|p2a: Sableye|49/100
|-enditem|p2a: Sableye|Sitrus Berry|[eat]
|-heal|p2a: Sableye|74/100|[from] item: Sitrus Berry
|
|upkeep
|turn|3
|
|t:|1783625032
|move|p2a: Sableye|Quash|p1b: Glimmora
|-activate|p1b: Glimmora|move: Quash
|move|p2b: Piccolo|Hypnosis|p1a: Incineroar
|-status|p1a: Incineroar|slp|[from] move: Hypnosis
|cant|p1a: Incineroar|slp
|move|p1b: Glimmora|Power Gem|p2b: Piccolo
|-damage|p2b: Piccolo|0 fnt
|faint|p2b: Piccolo
|
|upkeep
|
|t:|1783625050
|switch|p2b: Aerodactyl|Aerodactyl, L50, F|100/100
|-ability|p2b: Aerodactyl|Unnerve
|turn|4
|inactive|iceshard00 has 30 seconds left.
|
|t:|1783625077
|move|p2a: Sableye|Quash|p1b: Glimmora
|-activate|p1b: Glimmora|move: Quash
|move|p2b: Aerodactyl|Tailwind|p2b: Aerodactyl
|-sidestart|p2: Plata251|move: Tailwind
|cant|p1a: Incineroar|slp
|move|p1b: Glimmora|Power Gem|p2b: Aerodactyl
|-supereffective|p2b: Aerodactyl|1
|-damage|p2b: Aerodactyl|0 fnt
|faint|p2b: Aerodactyl
|
|upkeep
|
|t:|1783625083
|switch|p2b: Scrafty|Scrafty, L50, M|100/100
|-status|p2b: Scrafty|psn
|-ability|p2b: Scrafty|Intimidate|boost
|-unboost|p1a: Incineroar|atk|1
|-unboost|p1b: Glimmora|atk|1
|turn|5
|inactive|iceshard00 has 30 seconds left.
|
|t:|1783625116
|detailschange|p2b: Scrafty|Scrafty-Mega, L50, M
|-mega|p2b: Scrafty|Scrafty|Scraftinite
|-ability|p2b: Scrafty|Intimidate|boost
|-unboost|p1a: Incineroar|atk|1
|-unboost|p1b: Glimmora|atk|1
|move|p2a: Sableye|Quash|p1b: Glimmora
|-activate|p1b: Glimmora|move: Quash
|move|p2b: Scrafty|Substitute|p2b: Scrafty
|-start|p2b: Scrafty|Substitute
|-damage|p2b: Scrafty|75/100 psn
|-curestatus|p1a: Incineroar|slp|[msg]
|move|p1a: Incineroar|Parting Shot|p2b: Scrafty
|-unboost|p2b: Scrafty|atk|1
|-unboost|p2b: Scrafty|spa|1
|
|t:|1783625134
|switch|p1a: Whimsicott|Whimsicott, L50, M|100/100|[from] Parting Shot
|move|p1b: Glimmora|Power Gem|p2b: Scrafty
|-resisted|p2b: Scrafty|1
|-activate|p2b: Scrafty|move: Substitute|[damage]
|
|-damage|p2b: Scrafty|62/100 psn|[from] psn
|upkeep
|turn|6
|
|t:|1783625159
|switch|p1b: Chesnaught|Chesnaught, L50, M, shiny|100/100
|-singleturn|p2b: Scrafty|move: Focus Punch
|move|p2a: Sableye|Quash|p1a: Whimsicott
|-activate|p1a: Whimsicott|move: Quash
|move|p2b: Scrafty|Focus Punch|p1b: Chesnaught
|-damage|p1b: Chesnaught|59/100
|move|p1a: Whimsicott|Grassy Terrain|p1a: Whimsicott
|-fieldstart|move: Grassy Terrain
|
|-heal|p2b: Scrafty|68/100 psn|[from] Grassy Terrain
|-heal|p2a: Sableye|80/100|[from] Grassy Terrain
|-heal|p1b: Chesnaught|65/100|[from] Grassy Terrain
|-damage|p2b: Scrafty|56/100 psn|[from] psn
|upkeep
|turn|7
|inactive|iceshard00 has 30 seconds left.
|
|t:|1783625188
|detailschange|p1b: Chesnaught|Chesnaught-Mega, L50, M, shiny
|-mega|p1b: Chesnaught|Chesnaught|Chesnaughtite
|move|p2a: Sableye|Encore|p1a: Whimsicott
|-start|p1a: Whimsicott|Encore
|move|p1a: Whimsicott|Grassy Terrain||[still]
|-fail|p1a: Whimsicott
|move|p1b: Chesnaught|Grassy Glide|p2a: Sableye
|-damage|p2a: Sableye|34/100
|move|p2b: Scrafty|Crunch|p1b: Chesnaught
|-resisted|p1b: Chesnaught|1
|-damage|p1b: Chesnaught|57/100
|
|-heal|p2b: Scrafty|62/100 psn|[from] Grassy Terrain
|-heal|p2a: Sableye|40/100|[from] Grassy Terrain
|-heal|p1b: Chesnaught|63/100|[from] Grassy Terrain
|-damage|p2b: Scrafty|50/100y psn|[from] psn
|-sideend|p2: Plata251|move: Tailwind
|upkeep
|turn|8
|
|t:|1783625210
|switch|p1a: Incineroar|Incineroar, L50, M|100/100
|-ability|p1a: Incineroar|Intimidate|boost
|-unboost|p2a: Sableye|atk|1
|-immune|p2b: Scrafty
|-singleturn|p2b: Scrafty|move: Focus Punch
|move|p2a: Sableye|Quash|p1b: Chesnaught
|-activate|p1b: Chesnaught|move: Quash
|move|p2b: Scrafty|Focus Punch|p1b: Chesnaught
|-damage|p1b: Chesnaught|31/100
|move|p1b: Chesnaught|Grassy Glide|p2a: Sableye
|-crit|p2a: Sableye
|-damage|p2a: Sableye|0 fnt
|faint|p2a: Sableye
|
|-heal|p2b: Scrafty|55/100 psn|[from] Grassy Terrain
|-heal|p1b: Chesnaught|37/100|[from] Grassy Terrain
|-damage|p2b: Scrafty|43/100 psn|[from] psn
|upkeep
|turn|9
|-message|Plata251 forfeited.
|
|win|iceshard00
|l|☆Plata251
|player|p2|
|j|☆Plata251
|player|p2|Plata251|corbeau|
|l|☆Plata251
|player|p2|
||Plata251 is ready for game 2.
|inactive|iceshard00 has 30 seconds to confirm battle start!
||iceshard00 is ready for game 2.
|uhtml|next|Next: Game 2 of 3
