|j|☆RyanPowneyLobotomy
|j|☆Caloteiros VGC
|html|RyanPowneyLobotomyCaloteiros VGC    
|uhtml|bestof|Game 3 of a best-of-3
|t:|1785819628
|gametype|doubles
|player|p1|RyanPowneyLobotomy|pokemonranger-gen4|1059
|player|p2|Caloteiros VGC|morty|1209
|gen|9
|tier|[Gen 9 Champions] VGC 2026 Reg M-B (Bo3)
|rated|
|rule|Species Clause: Limit one of each Pokémon
|rule|Item Clause: Limit 1 of each item
|clearpoke
|poke|p1|Charizard, L50, F|
|poke|p1|Incineroar, L50, F|
|poke|p1|Gholdengo, L50|
|poke|p1|Whimsicott, L50, F|
|poke|p1|Kommo-o, L50, F|
|poke|p1|Basculegion, L50, M|
|poke|p2|Raichu, L50, M|
|poke|p2|Sinistcha, L50|
|poke|p2|Incineroar, L50, F|
|poke|p2|Sylveon, L50, F|
|poke|p2|Hydreigon, L50, M|
|poke|p2|Metagross, L50|
|teampreview|4
|showteam|p1|Charizard||CharizarditeY|Blaze|HeatWave,WeatherBall,SolarBeam,Protect|Modest||F|||50|]Incineroar||SitrusBerry|Intimidate|FakeOut,FlareBlitz,ThroatChop,PartingShot|Impish||F|||50|]Gholdengo||MetalCoat|GoodasGold|MakeItRain,ShadowBall,NastyPlot,Protect|Modest|||||50|]Whimsicott||FocusSash|Prankster|Moonblast,Tailwind,Encore,Protect|Timid||F|||50|]Kommo-o||LifeOrb|Soundproof|ClangingScales,AuraSphere,VacuumWave,Protect|Modest||F|||50|]Basculegion||MysticWater|Adaptability|WaveCrash,AquaJet,LastRespects,Protect|Adamant||M|||50|
|showteam|p2|Raichu||RaichuniteY|LightningRod|ZapCannon,FocusBlast,FakeOut,Protect|Timid||M|||50|]Sinistcha||SitrusBerry|Hospitality|MatchaGotcha,RagePowder,TrickRoom,Protect|Bold|||||50|]Incineroar||ShucaBerry|Intimidate|FlareBlitz,DarkestLariat,PartingShot,FakeOut|Careful||F|||50|]Sylveon||FairyFeather|Pixilate|HyperVoice,Moonblast,CalmMind,Protect|Modest||F|||50|]Hydreigon||ChoiceScarf|Levitate|DracoMeteor,DarkPulse,EarthPower,Snarl|Modest||M|||50|]Metagross||Metagrossite|ClearBody|HardPress,BodyPress,PsychicFangs,Protect|Adamant|||||50|
|inactive|Battle timer is ON: inactive players will automatically lose when time's up. (requested by Caloteiros VGC)
|inactive|RyanPowneyLobotomy has 60 seconds left.
|inactive|RyanPowneyLobotomy has 30 seconds left.
|inactive|RyanPowneyLobotomy has 20 seconds left.
|inactive|RyanPowneyLobotomy has 15 seconds left.
|inactive|RyanPowneyLobotomy has 10 seconds left.
|
|t:|1785819713
|teamsize|p1|4
|teamsize|p2|4
|start
|switch|p1a: Incineroar|Incineroar, L50, F|100/100
|switch|p1b: Gholdengo|Gholdengo, L50|100/100
|switch|p2a: Raichu|Raichu, L50, M|100/100
|switch|p2b: Sylveon|Sylveon, L50, F|100/100
|-ability|p1a: Incineroar|Intimidate|boost
|-unboost|p2a: Raichu|atk|1
|-unboost|p2b: Sylveon|atk|1
|turn|1
|
|t:|1785819724
|detailschange|p2a: Raichu|Raichu-Mega-Y, L50, M
|-mega|p2a: Raichu|Raichu|Raichunite Y
|move|p2a: Raichu|Fake Out|p1a: Incineroar
|-damage|p1a: Incineroar|95/100
|cant|p1a: Incineroar|flinch
|move|p1b: Gholdengo|Make It Rain|p2b: Sylveon|[spread] p2a,p2b
|-resisted|p2a: Raichu|1
|-supereffective|p2b: Sylveon|1
|-damage|p2a: Raichu|64/100
|-damage|p2b: Sylveon|24/100
|-unboost|p1b: Gholdengo|spa|2
|move|p2b: Sylveon|Calm Mind|p2b: Sylveon
|-boost|p2b: Sylveon|spa|1
|-boost|p2b: Sylveon|spd|1
|
|upkeep
|turn|2
|
|t:|1785819749
|switch|p2a: Sinistcha|Sinistcha, L50|100/100
|-heal|p2b: Sylveon|49/100|[from] ability: Hospitality|[of] p2a: Sinistcha
|move|p2b: Sylveon|Protect|p2b: Sylveon
|-singleturn|p2b: Sylveon|Protect
|move|p1b: Gholdengo|Make It Rain|p2a: Sinistcha|[spread] p2a
|-activate|p2b: Sylveon|move: Protect
|-damage|p2a: Sinistcha|74/100
|-unboost|p1b: Gholdengo|spa|2
|move|p1a: Incineroar|Flare Blitz|p2a: Sinistcha
|-supereffective|p2a: Sinistcha|1
|-damage|p2a: Sinistcha|0 fnt
|faint|p2a: Sinistcha
|-damage|p1a: Incineroar|73/100|[from] Recoil
|
|upkeep
|
|t:|1785819758
|switch|p2a: Raichu|Raichu-Mega-Y, L50, M|64/100
|turn|3
|
|t:|1785819775
|switch|p1b: Whimsicott|Whimsicott, L50, F|100/100
|move|p2a: Raichu|Zap Cannon|p1a: Incineroar
|-damage|p1a: Incineroar|23/100
|-status|p1a: Incineroar|par
|-enditem|p1a: Incineroar|Sitrus Berry|[eat]
|-heal|p1a: Incineroar|48/100 par|[from] item: Sitrus Berry
|move|p2b: Sylveon|Hyper Voice|p1b: Whimsicott|[spread] p1a,p1b
|-damage|p1a: Incineroar|0 fnt
|-enditem|p1b: Whimsicott|Focus Sash
|-damage|p1b: Whimsicott|1/100
|faint|p1a: Incineroar
|
|upkeep
|
|t:|1785819795
|switch|p1a: Gholdengo|Gholdengo, L50|100/100
|turn|4
|
|t:|1785819809
|move|p1a: Gholdengo|Protect|p1a: Gholdengo
|-singleturn|p1a: Gholdengo|Protect
|move|p1b: Whimsicott|Tailwind|p1b: Whimsicott
|-sidestart|p1: RyanPowneyLobotomy|move: Tailwind
|move|p2a: Raichu|Zap Cannon|p1a: Gholdengo
|-activate|p1a: Gholdengo|move: Protect
|move|p2b: Sylveon|Hyper Voice|p1a: Gholdengo|[spread] p1b
|-activate|p1a: Gholdengo|move: Protect
|-damage|p1b: Whimsicott|0 fnt
|faint|p1b: Whimsicott
|
|upkeep
|
|t:|1785819816
|switch|p1b: Basculegion|Basculegion, L50, M|100/100
|turn|5
|
|t:|1785819829
|switch|p2a: Incineroar|Incineroar, L50, F|100/100
|-ability|p2a: Incineroar|Intimidate|boost
|-unboost|p1a: Gholdengo|atk|1
|-unboost|p1b: Basculegion|atk|1
|move|p2b: Sylveon|Protect|p2b: Sylveon
|-singleturn|p2b: Sylveon|Protect
|move|p1a: Gholdengo|Nasty Plot|p1a: Gholdengo
|-boost|p1a: Gholdengo|spa|2
|move|p1b: Basculegion|Last Respects|p2a: Incineroar
|-resisted|p2a: Incineroar|1
|-damage|p2a: Incineroar|67/100
|
|upkeep
|turn|6
|inactive|RyanPowneyLobotomy has 30 seconds left.
|inactive|Caloteiros VGC has 30 seconds left.
|inactive|Caloteiros VGC has 20 seconds left.
|
|t:|1785819867
|move|p2b: Sylveon|Protect||[still]
|-fail|p2b: Sylveon
|move|p1a: Gholdengo|Make It Rain|p2b: Sylveon|[spread] p2a,p2b
|-resisted|p2a: Incineroar|1
|-supereffective|p2b: Sylveon|1
|-damage|p2a: Incineroar|24/100
|-damage|p2b: Sylveon|0 fnt
|-unboost|p1a: Gholdengo|spa|2
|faint|p2b: Sylveon
|move|p1b: Basculegion|Wave Crash|p2a: Incineroar
|-supereffective|p2a: Incineroar|1
|-damage|p2a: Incineroar|0 fnt
|faint|p2a: Incineroar
|-damage|p1b: Basculegion|92/100|[from] Recoil
|
|upkeep
|
|t:|1785819872
|switch|p2a: Raichu|Raichu-Mega-Y, L50, M|64/100
|turn|7
|
|t:|1785819879
|move|p2a: Raichu|Protect|p2a: Raichu
|-singleturn|p2a: Raichu|Protect
|move|p1a: Gholdengo|Nasty Plot|p1a: Gholdengo
|-boost|p1a: Gholdengo|spa|2
|move|p1b: Basculegion|Last Respects|p2a: Raichu
|-activate|p2a: Raichu|move: Protect
|
|-sideend|p1: RyanPowneyLobotomy|move: Tailwind
|upkeep
|turn|8
|
|t:|1785819891
|move|p2a: Raichu|Zap Cannon|p1a: Gholdengo
|-damage|p1a: Gholdengo|35/100
|-status|p1a: Gholdengo|par
|move|p1b: Basculegion|Last Respects|p2a: Raichu
|-damage|p2a: Raichu|0 fnt
|faint|p2a: Raichu
|
|win|RyanPowneyLobotomy
