|j|☆dimitry_vgc
|j|☆csh72c
|html|dimitry_vgccsh72c    
|uhtml|bestof|Game 2 of a best-of-3
|t:|1782269269
|gametype|doubles
|player|p1|dimitry_vgc|pokemonbreederf-gen4|1000
|player|p2|csh72c|cynthia|1041
|gen|9
|tier|[Gen 9 Champions] VGC 2026 Reg M-B (Bo3)
|rated|
|rule|Species Clause: Limit one of each Pokémon
|rule|Item Clause: Limit 1 of each item
|clearpoke
|poke|p1|Pelipper, L50, F|
|poke|p1|Archaludon, L50, M, shiny|
|poke|p1|Sinistcha, L50, shiny|
|poke|p1|Swampert, L50, F|
|poke|p1|Maushold-Four, L50|
|poke|p1|Mawile, L50, F, shiny|
|poke|p2|Raichu, L50, M|
|poke|p2|Whimsicott, L50, F|
|poke|p2|Toxapex, L50, M|
|poke|p2|Gallade, L50, M|
|poke|p2|Maushold-Four, L50|
|poke|p2|Floette-Eternal, L50, F|
|teampreview|4
|showteam|p1|Pelipper||SitrusBerry|Drizzle|WeatherBall,Hurricane,Tailwind,WideGuard|Modest||F|||50|]Archaludon||Leftovers|Stamina|ElectroShot,DragonPulse,FlashCannon,Protect|Modest||M|||50|]Sinistcha||CobaBerry|Hospitality|MatchaGotcha,RagePowder,Protect,TrickRoom|Bold|||||50|]Swampert||Swampertite|Torrent|WaveCrash,Earthquake,IcePunch,Protect|Jolly||F|||50|]Maushold-Four||ChopleBerry|FriendGuard|FollowMe,SuperFang,Protect,RainDance|Jolly|||||50|]Mawile||Mawilite|HyperCutter|PlayRough,IronHead,SuckerPunch,Protect|Adamant||F|||50|
|showteam|p2|Raichu||RaichuniteY|LightningRod|FakeOut,ZapCannon,FocusBlast,Protect|Mild||M|||50|]Whimsicott||FocusSash|Prankster|Tailwind,Encore,Endeavor,Moonblast|Timid||F|||50|]Toxapex||Leftovers|Regenerator|BanefulBunker,Haze,Infestation,Toxic|Bold||M|||50|]Gallade||LifeOrb|Sharpness|AirSlash,Protect,PsychoCut,SacredSword|Serious||M|||50|]Maushold-Four||WideLens|Technician|FollowMe,Protect,PopulationBomb,BulletSeed|Adamant|||||50|]Floette-Eternal||Floettite|FlowerVeil|Protect,CalmMind,DrainingKiss,DazzlingGleam|Modest||F|||50|
|inactive|Battle timer is ON: inactive players will automatically lose when time's up. (requested by csh72c)
|inactive|dimitry_vgc has 60 seconds left.
|
|t:|1782269325
|teamsize|p1|4
|teamsize|p2|4
|start
|switch|p1a: Pelipper|Pelipper, L50, F|100/100
|switch|p1b: Swampert|Swampert, L50, F|100/100
|switch|p2a: Raichu|Raichu, L50, M|100/100
|switch|p2b: Whimsicott|Whimsicott, L50, F|100/100
|-weather|RainDance|[from] ability: Drizzle|[of] p1a: Pelipper
|turn|1
|inactive|dimitry_vgc has 30 seconds left.
|
|t:|1782269358
|switch|p1a: Archaludon|Archaludon, L50, M, shiny|100/100
|detailschange|p2a: Raichu|Raichu-Mega-Y, L50, M
|-mega|p2a: Raichu|Raichu|Raichunite Y
|detailschange|p1b: Swampert|Swampert-Mega, L50, F
|-mega|p1b: Swampert|Swampert|Swampertite
|move|p2a: Raichu|Fake Out|p1b: Swampert
|-damage|p1b: Swampert|91/100
|move|p2b: Whimsicott|Tailwind|p2b: Whimsicott
|-sidestart|p2: csh72c|move: Tailwind
|cant|p1b: Swampert|flinch
|
|-weather|RainDance|[upkeep]
|upkeep
|turn|2
|inactive|csh72c has 30 seconds left.
|inactive|csh72c has 20 seconds left.
|inactive|csh72c has 15 seconds left.
|
|t:|1782269399
|switch|p1a: Sinistcha|Sinistcha, L50, shiny|100/100
|-heal|p1b: Swampert|100/100|[from] ability: Hospitality|[of] p1a: Sinistcha
|move|p2a: Raichu|Protect|p2a: Raichu
|-singleturn|p2a: Raichu|Protect
|move|p2b: Whimsicott|Moonblast|p1b: Swampert
|-damage|p1b: Swampert|71/100
|move|p1b: Swampert|Wave Crash|p2a: Raichu
|-activate|p2a: Raichu|move: Protect
|
|-weather|RainDance|[upkeep]
|upkeep
|turn|3
|
|t:|1782269418
|switch|p1a: Archaludon|Archaludon, L50, M, shiny|100/100
|move|p2b: Whimsicott|Moonblast|p1b: Swampert
|-damage|p1b: Swampert|40/100
|move|p2a: Raichu|Focus Blast|p1b: Swampert
|-crit|p1b: Swampert
|-damage|p1b: Swampert|0 fnt
|faint|p1b: Swampert
|
|-weather|RainDance|[upkeep]
|upkeep
|
|t:|1782269433
|switch|p1b: Sinistcha|Sinistcha, L50, shiny|100/100
|turn|4
|
|t:|1782269445
|move|p1b: Sinistcha|Rage Powder|p1b: Sinistcha
|-singleturn|p1b: Sinistcha|move: Rage Powder
|move|p2b: Whimsicott|Moonblast|p1b: Sinistcha
|-damage|p1b: Sinistcha|69/100
|move|p2a: Raichu|Zap Cannon|p1b: Sinistcha
|-resisted|p1b: Sinistcha|1
|-damage|p1b: Sinistcha|37/100
|-status|p1b: Sinistcha|par
|move|p1a: Archaludon|Electro Shot||[still]
|-prepare|p1a: Archaludon|Electro Shot
|-boost|p1a: Archaludon|spa|1
|-anim|p1a: Archaludon|Electro Shot|p2b: Whimsicott
|-resisted|p2b: Whimsicott|1
|-damage|p2b: Whimsicott|48/100
|
|-weather|RainDance|[upkeep]
|-sideend|p2: csh72c|move: Tailwind
|upkeep
|turn|5
|
|t:|1782269463
|cant|p1b: Sinistcha|par
|move|p2b: Whimsicott|Moonblast|p1b: Sinistcha
|-damage|p1b: Sinistcha|7/100 par
|move|p2a: Raichu|Focus Blast|p1a: Archaludon
|-supereffective|p1a: Archaludon|1
|-damage|p1a: Archaludon|0 fnt
|faint|p1a: Archaludon
|
|-weather|none
|upkeep
|
|t:|1782269476
|switch|p1a: Pelipper|Pelipper, L50, F|100/100
|-weather|RainDance|[from] ability: Drizzle|[of] p1a: Pelipper
|turn|6
|-message|dimitry_vgc forfeited.
|
|win|csh72c
||dimitry_vgc is ready for game 3.
||csh72c is ready for game 3.
|uhtml|next|Next: Game 3 of 3
|l|☆csh72c
|player|p2|
