|j|☆MetagrossMasher
|j|☆riegeljr
|html|MetagrossMasherriegeljr    
|uhtml|bestof|Game 2 of a best-of-3
|t:|1756539512
|gametype|doubles
|player|p1|MetagrossMasher|265|1078
|player|p2|riegeljr|infielder|1072
|gen|9
|tier|[Gen 9] VGC 2025 Reg H (Bo3)
|rated|
|rule|Species Clause: Limit one of each Pokémon
|rule|Item Clause: Limit 1 of each item
|clearpoke
|poke|p1|Amoonguss, L50, F|
|poke|p1|Incineroar, L50, M|
|poke|p1|Rillaboom, L50, F|
|poke|p1|Gholdengo, L50|
|poke|p1|Garchomp, L50, F|
|poke|p1|Annihilape, L50, F|
|poke|p2|Gothitelle, L50, F|
|poke|p2|Primarina, L50, F|
|poke|p2|Volcarona, L50, F|
|poke|p2|Baxcalibur, L50, F|
|poke|p2|Incineroar, L50, F|
|poke|p2|Rillaboom, L50, M|
|teampreview|4
|showteam|p1|Amoonguss||CovertCloak|Regenerator|Spore,PollenPuff,RagePowder,Protect|||F|||50|,,,,,Water]Incineroar||SitrusBerry|Intimidate|FlareBlitz,FakeOut,PartingShot,WillOWisp|||M|||50|,,,,,Water]Rillaboom||AssaultVest|GrassySurge|GrassyGlide,WoodHammer,Uturn,FakeOut|||F|||50|,,,,,Fire]Gholdengo||GrassySeed|GoodasGold|NastyPlot,MakeItRain,Protect,ShadowBall||||||50|,,,,,Steel]Garchomp||LifeOrb|RoughSkin|Earthquake,DragonClaw,Protect,StompingTantrum|||F|||50|,,,,,Fire]Annihilape||SafetyGoggles|Defiant|BulkUp,Protect,RageFist,DrainPunch|||F|||50|,,,,,Stellar
|showteam|p2|Gothitelle||Leftovers|ShadowTag|FakeOut,PsychicNoise,TrickRoom,Protect|||F|||50|,,,,,Normal]Primarina||SitrusBerry|LiquidVoice|HyperVoice,Moonblast,PerishSong,Protect|||F|||50|,,,,,Poison]Volcarona||GrassySeed|FlameBody|HeatWave,GigaDrain,QuiverDance,Protect|||F|||50|,,,,,Grass]Baxcalibur||LoadedDice|ThermalExchange|IcicleSpear,IceShard,ScaleShot,Protect|||F|||50|,,,,,Dragon]Incineroar||SafetyGoggles|Intimidate|FakeOut,KnockOff,PartingShot,Protect|||F|||50|,,,,,Ghost]Rillaboom||AssaultVest|GrassySurge|FakeOut,WoodHammer,HighHorsepower,Uturn|||M|||50|,,,,,Ground
|inactive|Battle timer is ON: inactive players will automatically lose when time's up. (requested by riegeljr)
|inactive|MetagrossMasher has 60 seconds left.
|inactive|riegeljr has 60 seconds left.
|
|t:|1756539545
|teamsize|p1|4
|teamsize|p2|4
|start
|switch|p1a: Annihilape|Annihilape, L50, F|100/100
|switch|p1b: Incineroar|Incineroar, L50, M|100/100
|switch|p2a: Volcarona|Volcarona, L50, F|100/100
|switch|p2b: Rillaboom|Rillaboom, L50, M|100/100
|-fieldstart|move: Grassy Terrain|[from] ability: Grassy Surge|[of] p2b: Rillaboom
|-enditem|p2a: Volcarona|Grassy Seed
|-boost|p2a: Volcarona|def|1|[from] item: Grassy Seed
|-ability|p1b: Incineroar|Intimidate|boost
|-unboost|p2a: Volcarona|atk|1
|-unboost|p2b: Rillaboom|atk|1
|turn|1
|
|t:|1756539567
|move|p2b: Rillaboom|Fake Out|p1b: Incineroar
|-damage|p1b: Incineroar|92/100
|cant|p1b: Incineroar|flinch
|move|p1a: Annihilape|Bulk Up|p1a: Annihilape
|-boost|p1a: Annihilape|atk|1
|-boost|p1a: Annihilape|def|1
|move|p2a: Volcarona|Quiver Dance|p2a: Volcarona
|-boost|p2a: Volcarona|spa|1
|-boost|p2a: Volcarona|spd|1
|-boost|p2a: Volcarona|spe|1
|
|-heal|p1b: Incineroar|98/100|[from] Grassy Terrain
|upkeep
|turn|2
|inactive|MetagrossMasher has 30 seconds left.
|inactive|riegeljr has 30 seconds left.
|inactive|MetagrossMasher has 20 seconds left.
|inactive|riegeljr has 20 seconds left.
|inactive|MetagrossMasher has 15 seconds left.
|inactive|riegeljr has 15 seconds left.
|inactive|MetagrossMasher has 10 seconds left.
|
|t:|1756539615
|-terastallize|p1a: Annihilape|Stellar
|move|p2a: Volcarona|Heat Wave|p1a: Annihilape|[spread] p1a
|-miss|p2a: Volcarona|p1b: Incineroar
|-damage|p1a: Annihilape|52/100
|move|p1a: Annihilape|Drain Punch|p2b: Rillaboom
|-damage|p2b: Rillaboom|34/100
|-heal|p1a: Annihilape|82/100|[from] drain|[of] p2b: Rillaboom
|move|p2b: Rillaboom|U-turn|p1b: Incineroar
|-damage|p1b: Incineroar|83/100
|
|t:|1756539626
|switch|p2b: Primarina|Primarina, L50, F|100/100|[from] U-turn
|move|p1b: Incineroar|Flare Blitz|p2a: Volcarona
|-damage|p2a: Volcarona|50/100
|-damage|p1b: Incineroar|66/100|[from] Recoil
|
|-heal|p2a: Volcarona|56/100|[from] Grassy Terrain
|-heal|p1a: Annihilape|89/100|[from] Grassy Terrain
|-heal|p1b: Incineroar|72/100|[from] Grassy Terrain
|upkeep
|turn|3
|inactive|MetagrossMasher has 30 seconds left.
|inactive|riegeljr has 30 seconds left.
|inactive|MetagrossMasher has 20 seconds left.
|inactive|riegeljr has 20 seconds left.
|inactive|riegeljr has 15 seconds left.
|
|t:|1756539667
|move|p2a: Volcarona|Quiver Dance|p2a: Volcarona
|-boost|p2a: Volcarona|spa|1
|-boost|p2a: Volcarona|spd|1
|-boost|p2a: Volcarona|spe|1
|move|p1a: Annihilape|Drain Punch|p2a: Volcarona
|-resisted|p2a: Volcarona
|-damage|p2a: Volcarona|35/100
|-heal|p1a: Annihilape|99/100|[from] drain|[of] p2a: Volcarona
|move|p1b: Incineroar|Parting Shot|p2a: Volcarona
|-unboost|p2a: Volcarona|atk|1
|-unboost|p2a: Volcarona|spa|1
|
|t:|1756539678
|switch|p1b: Gholdengo|Gholdengo, L50|100/100|[from] Parting Shot
|-enditem|p1b: Gholdengo|Grassy Seed
|-boost|p1b: Gholdengo|def|1|[from] item: Grassy Seed
|move|p2b: Primarina|Moonblast|p1a: Annihilape
|-supereffective|p1a: Annihilape
|-damage|p1a: Annihilape|10/100
|
|-heal|p2a: Volcarona|41/100|[from] Grassy Terrain
|-heal|p1a: Annihilape|16/100|[from] Grassy Terrain
|upkeep
|turn|4
|
|t:|1756539695
|switch|p1b: Incineroar|Incineroar, L50, M|72/100
|-ability|p1b: Incineroar|Intimidate|boost
|-unboost|p2a: Volcarona|atk|1
|-unboost|p2b: Primarina|atk|1
|move|p1a: Annihilape|Protect|p1a: Annihilape
|-singleturn|p1a: Annihilape|Protect
|move|p2a: Volcarona|Heat Wave|p1b: Incineroar|[spread] p1b
|-activate|p1a: Annihilape|move: Protect
|-resisted|p1b: Incineroar
|-damage|p1b: Incineroar|47/100
|-enditem|p1b: Incineroar|Sitrus Berry|[eat]
|-heal|p1b: Incineroar|71/100|[from] item: Sitrus Berry
|move|p2b: Primarina|Hyper Voice|p1b: Incineroar|[spread] p1b
|-activate|p1a: Annihilape|move: Protect
|-supereffective|p1b: Incineroar
|-damage|p1b: Incineroar|4/100
|
|-heal|p2a: Volcarona|47/100|[from] Grassy Terrain
|-heal|p1a: Annihilape|22/100|[from] Grassy Terrain
|-heal|p1b: Incineroar|10/100|[from] Grassy Terrain
|upkeep
|turn|5
|inactive|riegeljr has 30 seconds left.
|
|t:|1756539721
|move|p2a: Volcarona|Protect|p2a: Volcarona
|-singleturn|p2a: Volcarona|Protect
|move|p2b: Primarina|Protect|p2b: Primarina
|-singleturn|p2b: Primarina|Protect
|move|p1b: Incineroar|Fake Out|p2a: Volcarona
|-activate|p2a: Volcarona|move: Protect
|move|p1a: Annihilape|Rage Fist|p2b: Primarina
|-activate|p2b: Primarina|move: Protect
|
|-heal|p2a: Volcarona|54/100|[from] Grassy Terrain
|-heal|p1a: Annihilape|28/100|[from] Grassy Terrain
|-heal|p1b: Incineroar|16/100|[from] Grassy Terrain
|-fieldend|move: Grassy Terrain
|upkeep
|turn|6
|inactive|MetagrossMasher has 30 seconds left.
|inactive|MetagrossMasher has 20 seconds left.
|
|t:|1756539757
|move|p1a: Annihilape|Protect|p1a: Annihilape
|-singleturn|p1a: Annihilape|Protect
|move|p2a: Volcarona|Giga Drain|p1a: Annihilape
|-activate|p1a: Annihilape|move: Protect
|move|p1b: Incineroar|Flare Blitz|p2a: Volcarona
|-damage|p2a: Volcarona|5/100
|-damage|p1b: Incineroar|0 fnt|[from] Recoil
|faint|p1b: Incineroar
|move|p2b: Primarina|Hyper Voice|p1a: Annihilape
|-activate|p1a: Annihilape|move: Protect
|
|upkeep
|
|t:|1756539774
|switch|p1b: Garchomp|Garchomp, L50, F|100/100
|turn|7
|inactive|MetagrossMasher has 30 seconds left.
|inactive|riegeljr has 30 seconds left.
|inactive|MetagrossMasher has 20 seconds left.
|inactive|riegeljr has 20 seconds left.
|
|t:|1756539813
|switch|p1a: Gholdengo|Gholdengo, L50|100/100
|move|p2a: Volcarona|Giga Drain|p1a: Gholdengo
|-resisted|p1a: Gholdengo
|-damage|p1a: Gholdengo|81/100
|-heal|p2a: Volcarona|14/100|[from] drain|[of] p1a: Gholdengo
|move|p1b: Garchomp|Dragon Claw|p2a: Volcarona
|-damage|p2a: Volcarona|0 fnt
|faint|p2a: Volcarona
|-damage|p1b: Garchomp|91/100|[from] item: Life Orb
|move|p2b: Primarina|Moonblast|p1b: Garchomp
|-supereffective|p1b: Garchomp
|-damage|p1b: Garchomp|0 fnt
|faint|p1b: Garchomp
|
|upkeep
|
|t:|1756539829
|switch|p1b: Annihilape|Annihilape, L50, F, tera:Stellar|28/100
|switch|p2a: Rillaboom|Rillaboom, L50, M|34/100
|-fieldstart|move: Grassy Terrain|[from] ability: Grassy Surge|[of] p2a: Rillaboom
|turn|8
|
|t:|1756539851
|-terastallize|p2a: Rillaboom|Ground
|move|p1b: Annihilape|Rage Fist|p2b: Primarina
|-damage|p2b: Primarina|10/100
|-enditem|p2b: Primarina|Sitrus Berry|[eat]
|-heal|p2b: Primarina|35/100|[from] item: Sitrus Berry
|move|p2a: Rillaboom|High Horsepower|p1a: Gholdengo
|-supereffective|p1a: Gholdengo
|-damage|p1a: Gholdengo|0 fnt
|faint|p1a: Gholdengo
|move|p2b: Primarina|Moonblast|p1b: Annihilape
|-supereffective|p1b: Annihilape
|-damage|p1b: Annihilape|0 fnt
|faint|p1b: Annihilape
|
|win|riegeljr
|inactive|MetagrossMasher has 30 seconds to confirm battle start!
|inactive|riegeljr has 30 seconds to confirm battle start!
||MetagrossMasher is ready for game 3.
||riegeljr is ready for game 3.
|uhtml|next|Next: Game 3 of 3
|l|☆riegeljr
|player|p2|
