|j|☆Chandeliere
|j|☆riegeljr
|html|Chandeliereriegeljr    
|uhtml|bestof|Game 2 of a best-of-3
|t:|1756622642
|gametype|doubles
|player|p1|Chandeliere|ethan|1100
|player|p2|riegeljr|infielder|1076
|gen|9
|tier|[Gen 9] VGC 2025 Reg H (Bo3)
|rated|
|rule|Species Clause: Limit one of each Pokémon
|rule|Item Clause: Limit 1 of each item
|clearpoke
|poke|p1|Ninetales-Alola, L50, M|
|poke|p1|Gholdengo, L50|
|poke|p1|Garchomp, L50, M|
|poke|p1|Incineroar, L50, M|
|poke|p1|Sneasler, L50, M|
|poke|p1|Corviknight, L50, F|
|poke|p2|Gothitelle, L50, F|
|poke|p2|Primarina, L50, F|
|poke|p2|Volcarona, L50, F|
|poke|p2|Baxcalibur, L50, F|
|poke|p2|Incineroar, L50, F|
|poke|p2|Rillaboom, L50, M|
|teampreview|4
|showteam|p1|Ninetales-Alola||LightClay|SnowWarning|AuroraVeil,Blizzard,FreezeDry,Protect|||M|||50|,,,,,Ghost]Gholdengo||LifeOrb|GoodasGold|MakeItRain,ShadowBall,NastyPlot,Protect||||||50|,,,,,Water]Garchomp||ClearAmulet|RoughSkin|Earthquake,StompingTantrum,DragonClaw,Protect|||M|||50|,,,,,Ground]Incineroar||SafetyGoggles|Intimidate|FakeOut,KnockOff,FlareBlitz,PartingShot|||M|||50|,,,,,Ghost]Sneasler||WhiteHerb|Unburden|Coaching,CloseCombat,DireClaw,Protect|||M|||50|,,,,,Ghost]Corviknight||SitrusBerry|MirrorArmor|BodyPress,BraveBird,Tailwind,Protect|||F|||50|,,,,,Fire
|showteam|p2|Gothitelle||Leftovers|ShadowTag|FakeOut,PsychicNoise,TrickRoom,Protect|||F|||50|,,,,,Normal]Primarina||SitrusBerry|LiquidVoice|HyperVoice,Moonblast,PerishSong,Protect|||F|||50|,,,,,Poison]Volcarona||GrassySeed|FlameBody|HeatWave,GigaDrain,QuiverDance,Protect|||F|||50|,,,,,Grass]Baxcalibur||LoadedDice|ThermalExchange|IcicleSpear,IceShard,ScaleShot,Protect|||F|||50|,,,,,Dragon]Incineroar||SafetyGoggles|Intimidate|FakeOut,KnockOff,PartingShot,Protect|||F|||50|,,,,,Ghost]Rillaboom||AssaultVest|GrassySurge|FakeOut,WoodHammer,HighHorsepower,Uturn|||M|||50|,,,,,Ground
|inactive|Battle timer is ON: inactive players will automatically lose when time's up. (requested by riegeljr)
|inactive|riegeljr has 60 seconds left.
|
|t:|1756622682
|teamsize|p1|4
|teamsize|p2|4
|start
|switch|p1a: Sneasler|Sneasler, L50, M|100/100
|switch|p1b: Garchomp|Garchomp, L50, M|100/100
|switch|p2a: Volcarona|Volcarona, L50, F|100/100
|switch|p2b: Rillaboom|Rillaboom, L50, M|100/100
|-fieldstart|move: Grassy Terrain|[from] ability: Grassy Surge|[of] p2b: Rillaboom
|-enditem|p2a: Volcarona|Grassy Seed
|-boost|p2a: Volcarona|def|1|[from] item: Grassy Seed
|turn|1
|inactive|Chandeliere has 30 seconds left.
|inactive|riegeljr has 30 seconds left.
|inactive|riegeljr has 20 seconds left.
|inactive|riegeljr has 15 seconds left.
|
|t:|1756622731
|-terastallize|p1a: Sneasler|Ghost
|-terastallize|p2b: Rillaboom|Ground
|move|p1b: Garchomp|Protect|p1b: Garchomp
|-singleturn|p1b: Garchomp|Protect
|move|p2b: Rillaboom|Fake Out|p1b: Garchomp
|-activate|p1b: Garchomp|move: Protect
|move|p1a: Sneasler|Coaching|p1b: Garchomp
|-boost|p1b: Garchomp|atk|1
|-boost|p1b: Garchomp|def|1
|move|p2a: Volcarona|Quiver Dance|p2a: Volcarona
|-boost|p2a: Volcarona|spa|1
|-boost|p2a: Volcarona|spd|1
|-boost|p2a: Volcarona|spe|1
|
|upkeep
|turn|2
|inactive|riegeljr has 30 seconds left.
|inactive|Chandeliere has 30 seconds left.
|inactive|riegeljr has 20 seconds left.
|inactive|riegeljr has 15 seconds left.
|inactive|riegeljr has 10 seconds left.
|
|t:|1756622781
|move|p2a: Volcarona|Heat Wave|p1a: Sneasler|[spread] p1a,p1b
|-resisted|p1b: Garchomp
|-damage|p1a: Sneasler|31/100
|-damage|p1b: Garchomp|68/100
|move|p1a: Sneasler|Dire Claw|p2a: Volcarona
|-damage|p2a: Volcarona|70/100
|-status|p2a: Volcarona|psn
|-status|p1a: Sneasler|brn|[from] ability: Flame Body|[of] p2a: Volcarona
|move|p1b: Garchomp|Dragon Claw|p2a: Volcarona
|-damage|p2a: Volcarona|17/100 psn
|-status|p1b: Garchomp|brn|[from] ability: Flame Body|[of] p2a: Volcarona
|move|p2b: Rillaboom|U-turn|p1a: Sneasler
|-resisted|p1a: Sneasler
|-damage|p1a: Sneasler|16/100 brn
|
|t:|1756622795
|switch|p2b: Baxcalibur|Baxcalibur, L50, F|100/100|[from] U-turn
|
|-heal|p2a: Volcarona|23/100 psn|[from] Grassy Terrain
|-heal|p1a: Sneasler|22/100 brn|[from] Grassy Terrain
|-heal|p1b: Garchomp|74/100 brn|[from] Grassy Terrain
|-damage|p2a: Volcarona|11/100 psn|[from] psn
|-damage|p1a: Sneasler|16/100 brn|[from] brn
|-damage|p1b: Garchomp|68/100 brn|[from] brn
|upkeep
|turn|3
|inactive|Chandeliere has 30 seconds left.
|inactive|Chandeliere has 20 seconds left.
|
|t:|1756622831
|move|p2a: Volcarona|Giga Drain|p1a: Sneasler
|-damage|p1a: Sneasler|0 fnt
|-heal|p2a: Volcarona|18/100 psn|[from] drain|[of] p1a: Sneasler
|faint|p1a: Sneasler
|move|p1b: Garchomp|Dragon Claw|p2b: Baxcalibur
|-supereffective|p2b: Baxcalibur
|-damage|p2b: Baxcalibur|46/100
|move|p2b: Baxcalibur|Icicle Spear|p1b: Garchomp
|-supereffective|p1b: Garchomp
|-damage|p1b: Garchomp|34/100 brn
|-supereffective|p1b: Garchomp
|-crit|p1b: Garchomp
|-damage|p1b: Garchomp|0 fnt
|faint|p1b: Garchomp
|-hitcount|p1: Garchomp|2
|
|-heal|p2a: Volcarona|24/100 psn|[from] Grassy Terrain
|-heal|p2b: Baxcalibur|52/100|[from] Grassy Terrain
|-damage|p2a: Volcarona|11/100 psn|[from] psn
|upkeep
|
|t:|1756622846
|switch|p1a: Gholdengo|Gholdengo, L50|100/100
|switch|p1b: Incineroar|Incineroar, L50, M|100/100
|-ability|p1b: Incineroar|Intimidate|boost
|-unboost|p2a: Volcarona|atk|1
|-unboost|p2b: Baxcalibur|atk|1
|turn|4
|inactive|riegeljr has 30 seconds left.
|
|t:|1756622876
|switch|p2b: Incineroar|Incineroar, L50, F|100/100
|-ability|p2b: Incineroar|Intimidate|boost
|-unboost|p1a: Gholdengo|atk|1
|-unboost|p1b: Incineroar|atk|1
|move|p2a: Volcarona|Protect|p2a: Volcarona
|-singleturn|p2a: Volcarona|Protect
|move|p1b: Incineroar|Fake Out|p2a: Volcarona
|-activate|p2a: Volcarona|move: Protect
|move|p1a: Gholdengo|Nasty Plot|p1a: Gholdengo
|-boost|p1a: Gholdengo|spa|2
|
|-heal|p2a: Volcarona|18/100 psn|[from] Grassy Terrain
|-damage|p2a: Volcarona|5/100 psn|[from] psn
|upkeep
|turn|5
|
|t:|1756622896
|move|p1a: Gholdengo|Protect|p1a: Gholdengo
|-singleturn|p1a: Gholdengo|Protect
|move|p2a: Volcarona|Heat Wave|p1a: Gholdengo|[spread] p1b
|-activate|p1a: Gholdengo|move: Protect
|-resisted|p1b: Incineroar
|-damage|p1b: Incineroar|77/100
|move|p2b: Incineroar|Knock Off|p1a: Gholdengo
|-activate|p1a: Gholdengo|move: Protect
|move|p1b: Incineroar|Knock Off|p2a: Volcarona
|-damage|p2a: Volcarona|0 fnt
|faint|p2a: Volcarona
|
|-heal|p1b: Incineroar|83/100|[from] Grassy Terrain
|-fieldend|move: Grassy Terrain
|upkeep
|
|t:|1756622910
|switch|p2a: Rillaboom|Rillaboom, L50, M, tera:Ground|100/100
|-fieldstart|move: Grassy Terrain|[from] ability: Grassy Surge|[of] p2a: Rillaboom
|turn|6
|inactive|riegeljr has 30 seconds left.
|inactive|riegeljr has 20 seconds left.
|
|t:|1756622945
|move|p2a: Rillaboom|High Horsepower|p1a: Gholdengo
|-supereffective|p1a: Gholdengo
|-damage|p1a: Gholdengo|2/100
|move|p1a: Gholdengo|Make It Rain|p2b: Incineroar|[spread] p2a,p2b
|-resisted|p2b: Incineroar
|-damage|p2a: Rillaboom|0 fnt
|-damage|p2b: Incineroar|55/100
|-unboost|p1a: Gholdengo|spa|1
|faint|p2a: Rillaboom
|-damage|p1a: Gholdengo|0 fnt|[from] item: Life Orb
|faint|p1a: Gholdengo
|move|p2b: Incineroar|Knock Off|p1b: Incineroar
|-resisted|p1b: Incineroar
|-crit|p1b: Incineroar
|-damage|p1b: Incineroar|62/100
|-enditem|p1b: Incineroar|Safety Goggles|[from] move: Knock Off|[of] p2b: Incineroar
|move|p1b: Incineroar|Knock Off|p2b: Incineroar
|-resisted|p2b: Incineroar
|-damage|p2b: Incineroar|44/100
|-enditem|p2b: Incineroar|Safety Goggles|[from] move: Knock Off|[of] p1b: Incineroar
|
|-heal|p2b: Incineroar|50/100|[from] Grassy Terrain
|-heal|p1b: Incineroar|68/100|[from] Grassy Terrain
|upkeep
|
|t:|1756622964
|switch|p2a: Baxcalibur|Baxcalibur, L50, F|52/100
|turn|7
|
|t:|1756622984
|move|p2a: Baxcalibur|Scale Shot|p1b: Incineroar
|-damage|p1b: Incineroar|57/100
|-damage|p1b: Incineroar|45/100
|-damage|p1b: Incineroar|34/100
|-damage|p1b: Incineroar|23/100
|-damage|p1b: Incineroar|11/100
|-hitcount|p1b: Incineroar|5
|-unboost|p2a: Baxcalibur|def|1
|-boost|p2a: Baxcalibur|spe|1
|move|p2b: Incineroar|Parting Shot|p1b: Incineroar
|-unboost|p1b: Incineroar|atk|1
|-unboost|p1b: Incineroar|spa|1
|move|p1b: Incineroar|Knock Off|p2a: Baxcalibur
|-damage|p2a: Baxcalibur|28/100
|-enditem|p2a: Baxcalibur|Loaded Dice|[from] move: Knock Off|[of] p1b: Incineroar
|
|-heal|p2a: Baxcalibur|33/100|[from] Grassy Terrain
|-heal|p2b: Incineroar|55/100|[from] Grassy Terrain
|-heal|p1b: Incineroar|17/100|[from] Grassy Terrain
|upkeep
|turn|8
|
|t:|1756623005
|move|p2a: Baxcalibur|Scale Shot|p1b: Incineroar
|-damage|p1b: Incineroar|5/100
|-damage|p1b: Incineroar|0 fnt
|faint|p1b: Incineroar
|-hitcount|p1: Incineroar|2
|
|win|riegeljr
|raw|Chandeliere's rating: 1100 → 1073(-27 for losing)
|raw|riegeljr's rating: 1076 → 1107(+31 for winning)
|l|☆riegeljr
|player|p2|
