|j|☆Olciax34
|j|☆barozj1
|html|Olciax34barozj1    
|uhtml|bestof|Game 2 of a best-of-3
|t:|1783068794
|gametype|doubles
|player|p1|Olciax34|clair|1218
|player|p2|barozj1|102|1321
|gen|9
|tier|[Gen 9 Champions] VGC 2026 Reg M-B (Bo3)
|rated|
|rule|Species Clause: Limit one of each Pokémon
|rule|Item Clause: Limit 1 of each item
|clearpoke
|poke|p1|Charizard, L50, F|
|poke|p1|Whimsicott, L50, M|
|poke|p1|Garchomp, L50, M|
|poke|p1|Gholdengo, L50|
|poke|p1|Kangaskhan, L50, F|
|poke|p1|Incineroar, L50, M|
|poke|p2|Raichu, L50, M|
|poke|p2|Incineroar, L50, M, shiny|
|poke|p2|Ceruledge, L50, M|
|poke|p2|Sinistcha, L50, shiny|
|poke|p2|Milotic, L50, M, shiny|
|poke|p2|Sneasler, L50, F, shiny|
|teampreview|4
|showteam|p1|Charizard||CharizarditeY|SolarPower|HeatWave,WeatherBall,SolarBeam,Protect|Modest||F|||50|]Whimsicott||FocusSash|Prankster|Moonblast,Tailwind,Encore,Protect|Timid||M|||50|]Garchomp||LifeOrb|RoughSkin|Earthquake,DragonClaw,RockSlide,Protect|Jolly||M|||50|]Gholdengo||SpellTag|GoodasGold|MakeItRain,ShadowBall,NastyPlot,Protect|Modest|||||50|]Kangaskhan||Kangaskhanite|Scrappy|DoubleEdge,IcePunch,LowKick,FakeOut|Adamant||F|||50|]Incineroar||SitrusBerry|Intimidate|FakeOut,ThroatChop,FlareBlitz,PartingShot|Careful||M|||50|
|showteam|p2|Raichu||RaichuniteY|Static|FakeOut,ZapCannon,FocusBlast,Protect|Timid||M|||50|]Incineroar||SitrusBerry|Intimidate|FakeOut,FlareBlitz,ThroatChop,PartingShot|Impish||M|||50|]Ceruledge||ColburBerry|FlashFire|Protect,BitterBlade,ShadowSneak,BulkUp|Adamant||M|||50|]Sinistcha||KasibBerry|Hospitality|LifeDew,MatchaGotcha,RagePowder,Protect|Bold|||||50|]Milotic||Leftovers|Competitive|Protect,Coil,MuddyWater,Hypnosis|Calm||M|||50|]Sneasler||FocusSash|PoisonTouch|FakeOut,DireClaw,CloseCombat,Protect|Jolly||F|||50|
|inactive|Battle timer is ON: inactive players will automatically lose when time's up. (requested by Olciax34)
|
|t:|1783068811
|teamsize|p1|4
|teamsize|p2|4
|start
|switch|p1a: Whimsicott|Whimsicott, L50, M|100/100
|switch|p1b: Kangaskhan|Kangaskhan, L50, F|100/100
|switch|p2a: Raichu|Raichu, L50, M|100/100
|switch|p2b: Sneasler|Sneasler, L50, F, shiny|100/100
|turn|1
|
|t:|1783068825
|switch|p1b: Gholdengo|Gholdengo, L50|100/100
|detailschange|p2a: Raichu|Raichu-Mega-Y, L50, M
|-mega|p2a: Raichu|Raichu|Raichunite Y
|move|p1a: Whimsicott|Protect|p1a: Whimsicott
|-singleturn|p1a: Whimsicott|Protect
|move|p2b: Sneasler|Fake Out|p1b: Gholdengo
|-immune|p1b: Gholdengo
|move|p2a: Raichu|Focus Blast|p1b: Gholdengo
|-immune|p1b: Gholdengo
|
|upkeep
|turn|2
|
|t:|1783068841
|switch|p2b: Incineroar|Incineroar, L50, M, shiny|100/100
|-ability|p2b: Incineroar|Intimidate|boost
|-unboost|p1a: Whimsicott|atk|1
|-unboost|p1b: Gholdengo|atk|1
|move|p1a: Whimsicott|Tailwind|p1a: Whimsicott
|-sidestart|p1: Olciax34|move: Tailwind
|move|p1b: Gholdengo|Shadow Ball|p2a: Raichu
|-damage|p2a: Raichu|34/100
|-unboost|p2a: Raichu|spd|1
|move|p2a: Raichu|Zap Cannon|p1b: Gholdengo
|-damage|p1b: Gholdengo|36/100
|-status|p1b: Gholdengo|par
|
|upkeep
|turn|3
|
|t:|1783068857
|switch|p1b: Garchomp|Garchomp, L50, M|100/100
|move|p1a: Whimsicott|Protect|p1a: Whimsicott
|-singleturn|p1a: Whimsicott|Protect
|move|p2b: Incineroar|Fake Out|p1a: Whimsicott
|-activate|p1a: Whimsicott|move: Protect
|move|p2a: Raichu|Zap Cannon|p1b: Garchomp
|-immune|p1b: Garchomp
|
|upkeep
|turn|4
|
|t:|1783068868
|move|p2a: Raichu|Protect|p2a: Raichu
|-singleturn|p2a: Raichu|Protect
|move|p1a: Whimsicott|Moonblast|p2b: Incineroar
|-damage|p2b: Incineroar|66/100
|move|p1b: Garchomp|Earthquake|p2b: Incineroar|[spread] p1a,p2b
|-activate|p2a: Raichu|move: Protect
|-resisted|p1a: Whimsicott|1
|-supereffective|p2b: Incineroar|1
|-damage|p1a: Whimsicott|62/100
|-damage|p2b: Incineroar|0 fnt
|faint|p2b: Incineroar
|-damage|p1b: Garchomp|90/100|[from] item: Life Orb
|
|upkeep
|
|t:|1783068876
|switch|p2b: Ceruledge|Ceruledge, L50, M|100/100
|turn|5
|
|t:|1783068883
|switch|p2a: Sneasler|Sneasler, L50, F, shiny|100/100
|move|p1a: Whimsicott|Moonblast|p2a: Sneasler
|-damage|p2a: Sneasler|47/100
|move|p1b: Garchomp|Earthquake|p2b: Ceruledge|[spread] p1a,p2a,p2b
|-resisted|p1a: Whimsicott|1
|-supereffective|p2a: Sneasler|1
|-supereffective|p2b: Ceruledge|1
|-damage|p1a: Whimsicott|24/100
|-damage|p2a: Sneasler|0 fnt
|-damage|p2b: Ceruledge|0 fnt
|faint|p2a: Sneasler
|faint|p2b: Ceruledge
|-damage|p1b: Garchomp|80/100|[from] item: Life Orb
|
|-sideend|p1: Olciax34|move: Tailwind
|upkeep
|
|t:|1783068894
|switch|p2b: Raichu|Raichu-Mega-Y, L50, M|34/100
|turn|6
|
|t:|1783068903
|move|p1a: Whimsicott|Protect|p1a: Whimsicott
|-singleturn|p1a: Whimsicott|Protect
|move|p1b: Garchomp|Protect|p1b: Garchomp
|-singleturn|p1b: Garchomp|Protect
|move|p2b: Raichu|Focus Blast|p1b: Garchomp
|-activate|p1b: Garchomp|move: Protect
|
|upkeep
|turn|7
|
|t:|1783068912
|move|p1a: Whimsicott|Tailwind|p1a: Whimsicott
|-sidestart|p1: Olciax34|move: Tailwind
|move|p1b: Garchomp|Dragon Claw|p2b: Raichu
|-damage|p2b: Raichu|0 fnt
|faint|p2b: Raichu
|-damage|p1b: Garchomp|70/100|[from] item: Life Orb
|
|win|Olciax34
|raw|Olciax34's rating: 1218 → 1249(+31 for winning)
|raw|barozj1's rating: 1310 → 1285(-25 for losing)
