|j|☆miseria010
|j|☆fcbirds
|html|miseria010fcbirds    
|uhtml|bestof|Game 1 of a best-of-3
|t:|1785189851
|gametype|doubles
|player|p1|miseria010|unknown|1029
|player|p2|fcbirds|265|1000
|gen|9
|tier|[Gen 9 Champions] VGC 2026 Reg M-B (Bo3)
|rated|
|rule|Species Clause: Limit one of each Pokémon
|rule|Item Clause: Limit 1 of each item
|clearpoke
|poke|p1|Charizard, L50, M, shiny|
|poke|p1|Garchomp, L50, M|
|poke|p1|Incineroar, L50, M, shiny|
|poke|p1|Venusaur, L50, M|
|poke|p1|Toxapex, L50, F|
|poke|p1|Sylveon, L50, F|
|poke|p2|Pyroar, L50, M|
|poke|p2|Farigiraf, L50, F|
|poke|p2|Ninetales, L50, F|
|poke|p2|Manectric, L50, M|
|poke|p2|Wyrdeer, L50, M|
|poke|p2|Serperior, L50, M|
|teampreview|4
|showteam|p1|Charizard||CharizarditeY|SolarPower|WeatherBall,HeatWave,AncientPower,Protect|Modest||M|||50|]Garchomp||ChoiceScarf|RoughSkin|RockSlide,DragonClaw,Earthquake,StompingTantrum|Adamant||M|||50|]Incineroar||SitrusBerry|Intimidate|FlareBlitz,FakeOut,DarkestLariat,PartingShot|Impish||M|||50|]Venusaur||LifeOrb|Chlorophyll|SludgeBomb,EnergyBall,EarthPower,Protect|Modest||M|||50|]Toxapex||Leftovers|Regenerator|Infestation,Toxic,WideGuard,BanefulBunker|Bold||F|||50|]Sylveon||FairyFeather|Pixilate|Detect,HyperVoice,HyperBeam,QuickAttack|Modest||F|||50|
|showteam|p2|Pyroar||Pyroarite|Unnerve|HeatWave,SolarBeam,ScorchingSands,Protect|Timid||M|||50|]Farigiraf||LightClay|ArmorTail|AllySwitch,Thunderbolt,HelpingHand,LightScreen|Sassy||F|||50|]Ninetales||SitrusBerry|FlashFire|HeatWave,SolarBeam,WeatherBall,HelpingHand|Timid||F|||50|]Manectric||Manectite|LightningRod|Thunderbolt,Thunder,Flamethrower,Snarl|Timid||M|||50|]Wyrdeer||Leftovers|Intimidate|PsyshieldBash,EarthPower,LightScreen,Protect|Sassy||M|||50|]Serperior||WideLens|Overgrow|ScaleShot,LeafStorm,GigaDrain,Protect|Timid||M|||50|
|
|t:|1785189884
|teamsize|p1|4
|teamsize|p2|4
|start
|switch|p1a: Garchomp|Garchomp, L50, M|100/100
|switch|p1b: Charizard|Charizard, L50, M, shiny|100/100
|switch|p2a: Farigiraf|Farigiraf, L50, F|100/100
|switch|p2b: Manectric|Manectric, L50, M|100/100
|turn|1
|inactive|Battle timer is ON: inactive players will automatically lose when time's up. (requested by fcbirds)
|
|t:|1785189917
|move|p2a: Farigiraf|Helping Hand|p2b: Manectric
|-singleturn|p2b: Manectric|Helping Hand|[of] p2a: Farigiraf
|move|p1b: Charizard|Protect|p1b: Charizard
|-singleturn|p1b: Charizard|Protect
|move|p1a: Garchomp|Earthquake|p2b: Manectric|[spread] p2a,p2b
|-activate|p1b: Charizard|move: Protect
|-supereffective|p2b: Manectric|1
|-crit|p2b: Manectric
|-damage|p2a: Farigiraf|65/100
|-damage|p2b: Manectric|0 fnt
|faint|p2b: Manectric
|
|upkeep
|
|t:|1785189924
|switch|p2b: Wyrdeer|Wyrdeer, L50, M|100/100
|-ability|p2b: Wyrdeer|Intimidate|boost
|-unboost|p1a: Garchomp|atk|1
|-unboost|p1b: Charizard|atk|1
|turn|2
|
|t:|1785189939
|switch|p1a: Incineroar|Incineroar, L50, M, shiny|100/100
|-ability|p1a: Incineroar|Intimidate|boost
|-unboost|p2a: Farigiraf|atk|1
|-unboost|p2b: Wyrdeer|atk|1
|detailschange|p1b: Charizard|Charizard-Mega-Y, L50, M, shiny
|-mega|p1b: Charizard|Charizard|Charizardite Y
|-weather|SunnyDay|[from] ability: Drought|[of] p1b: Charizard
|move|p1b: Charizard|Heat Wave|p2a: Farigiraf|[spread] p2b
|-miss|p1b: Charizard|p2a: Farigiraf
|-damage|p2b: Wyrdeer|50/100y
|move|p2b: Wyrdeer|Psyshield Bash|p1a: Incineroar
|-immune|p1a: Incineroar
|move|p2a: Farigiraf|Light Screen|p2a: Farigiraf
|-sidestart|p2: fcbirds|move: Light Screen
|
|-weather|SunnyDay|[upkeep]
|-heal|p2b: Wyrdeer|56/100|[from] item: Leftovers
|upkeep
|turn|3
|inactive|miseria010 has 30 seconds left.
|
|t:|1785189967
|move|p1b: Charizard|Heat Wave|p2b: Wyrdeer|[spread] p2a
|-miss|p1b: Charizard|p2b: Wyrdeer
|-damage|p2a: Farigiraf|28/100
|move|p1a: Incineroar|Darkest Lariat|p2a: Farigiraf
|-supereffective|p2a: Farigiraf|1
|-damage|p2a: Farigiraf|0 fnt
|faint|p2a: Farigiraf
|move|p2b: Wyrdeer|Earth Power|p1a: Incineroar
|-supereffective|p1a: Incineroar|1
|-damage|p1a: Incineroar|64/100
|
|-weather|SunnyDay|[upkeep]
|-heal|p2b: Wyrdeer|62/100|[from] item: Leftovers
|upkeep
|
|t:|1785189978
|switch|p2a: Pyroar|Pyroar, L50, M|100/100
|-ability|p2a: Pyroar|Unnerve
|turn|4
|
|t:|1785189987
|move|p1b: Charizard|Protect|p1b: Charizard
|-singleturn|p1b: Charizard|Protect
|move|p2a: Pyroar|Scorching Sands|p1a: Incineroar
|-supereffective|p1a: Incineroar|1
|-damage|p1a: Incineroar|30/100
|move|p1a: Incineroar|Parting Shot|p2a: Pyroar
|-unboost|p2a: Pyroar|atk|1
|-unboost|p2a: Pyroar|spa|1
|
|t:|1785189996
|switch|p1a: Garchomp|Garchomp, L50, M|100/100|[from] Parting Shot
|move|p2b: Wyrdeer|Psyshield Bash|p1b: Charizard
|-activate|p1b: Charizard|move: Protect
|
|-weather|SunnyDay|[upkeep]
|-heal|p2b: Wyrdeer|68/100|[from] item: Leftovers
|upkeep
|turn|5
|
|t:|1785190017
|move|p1a: Garchomp|Earthquake|p2b: Wyrdeer|[spread] p2a,p2b
|-immune|p1b: Charizard
|-supereffective|p2a: Pyroar|1
|-damage|p2a: Pyroar|0 fnt
|-damage|p2b: Wyrdeer|27/100
|faint|p2a: Pyroar
|move|p1b: Charizard|Heat Wave|p2b: Wyrdeer
|-damage|p2b: Wyrdeer|0 fnt
|faint|p2b: Wyrdeer
|
|win|miseria010
|inactive|miseria010 has 30 seconds to confirm battle start!
|inactive|fcbirds has 30 seconds to confirm battle start!
