|j|☆Yippeeeeeeeevgc
|j|☆RagCheese
|html|YippeeeeeeeevgcRagCheese    
|uhtml|bestof|Game 2 of a best-of-3
|t:|1757005123
|gametype|doubles
|player|p1|Yippeeeeeeeevgc|2|1148
|player|p2|RagCheese|bellelba|1044
|gen|9
|tier|[Gen 9] VGC 2025 Reg H (Bo3)
|rated|
|rule|Species Clause: Limit one of each Pokémon
|rule|Item Clause: Limit 1 of each item
|clearpoke
|poke|p1|Pelipper, L50, M|
|poke|p1|Basculegion, L50, M|
|poke|p1|Sneasler, L50, M|
|poke|p1|Archaludon, L50, F|
|poke|p1|Amoonguss, L50, F|
|poke|p1|Gholdengo, L50|
|poke|p2|Incineroar, L50, F|
|poke|p2|Annihilape, L50, M|
|poke|p2|Whimsicott, L50, M|
|poke|p2|Typhlosion-Hisui, L50, F|
|poke|p2|Comfey, L50, M|
|poke|p2|Dragonite, L50, M|
|teampreview|4
|showteam|p1|Pelipper||CovertCloak|Drizzle|Hurricane,WeatherBall,Tailwind,Protect|||M|||50|,,,,,Steel]Basculegion||ChoiceBand|SwiftSwim|FlipTurn,WaveCrash,AquaJet,LastRespects|||M|||50|,,,,,Water]Sneasler||FocusSash|PoisonTouch|Protect,CloseCombat,DireClaw,FakeOut|||M|||50|,,,,,Ghost]Archaludon||AssaultVest|Stamina|ElectroShot,FlashCannon,DracoMeteor,BodyPress|||F|||50|,,,,,Bug]Amoonguss||SitrusBerry|Regenerator|ClearSmog,RagePowder,PollenPuff,Spore|||F|||50|,,,,,Fairy]Gholdengo||LifeOrb|GoodasGold|MakeItRain,ShadowBall,NastyPlot,Protect||||||50|,,,,,Water
|showteam|p2|Incineroar||SitrusBerry|Intimidate|FakeOut,FlareBlitz,KnockOff,PartingShot|||F|||50|,,,,,Dragon]Annihilape||Leftovers|Defiant|FinalGambit,RageFist,Protect,LowKick|||M|||50|,,,,,Fire]Whimsicott||MentalHerb|Prankster|SunnyDay,Tailwind,BeatUp,Protect|||M|||50|,,,,,Ghost]Typhlosion-Hisui||FocusSash|Blaze|Eruption,Protect,HeatWave,ShadowBall|||F|||50|,,,,,Fire]Comfey||RockyHelmet|Triage|Protect,DrainingKiss,FloralHealing,Tailwind|||M|||50|,,,,,Ghost]Dragonite||LoadedDice|Multiscale|ScaleShot,Protect,ExtremeSpeed,IronHead|||M|||50|,,,,,Dragon
|
|t:|1757005163
|teamsize|p1|4
|teamsize|p2|4
|start
|switch|p1a: Pelipper|Pelipper, L50, M|100/100
|switch|p1b: Basculegion|Basculegion, L50, M|100/100
|switch|p2a: Whimsicott|Whimsicott, L50, M|100/100
|switch|p2b: Typhlosion|Typhlosion-Hisui, L50, F|100/100
|-weather|RainDance|[from] ability: Drizzle|[of] p1a: Pelipper
|turn|1
|
|t:|1757005194
|-terastallize|p1b: Basculegion|Water
|-terastallize|p2b: Typhlosion|Fire
|move|p1b: Basculegion|Aqua Jet|p2b: Typhlosion
|-supereffective|p2b: Typhlosion
|-enditem|p2b: Typhlosion|Focus Sash
|-damage|p2b: Typhlosion|1/100
|move|p2a: Whimsicott|Sunny Day|p2a: Whimsicott
|-weather|SunnyDay
|move|p2b: Typhlosion|Eruption|p1a: Pelipper|[spread] p1a,p1b
|-resisted|p1a: Pelipper
|-resisted|p1b: Basculegion
|-damage|p1a: Pelipper|99/100
|-damage|p1b: Basculegion|99/100
|move|p1a: Pelipper|Tailwind|p1a: Pelipper
|-sidestart|p1: Yippeeeeeeeevgc|move: Tailwind
|
|-weather|SunnyDay|[upkeep]
|upkeep
|turn|2
|
|t:|1757005216
|move|p1b: Basculegion|Aqua Jet|p2b: Typhlosion
|-supereffective|p2b: Typhlosion
|-damage|p2b: Typhlosion|0 fnt
|faint|p2b: Typhlosion
|move|p2a: Whimsicott|Tailwind|p2a: Whimsicott
|-sidestart|p2: RagCheese|move: Tailwind
|move|p1a: Pelipper|Hurricane|p2a: Whimsicott
|-supereffective|p2a: Whimsicott
|-damage|p2a: Whimsicott|0 fnt
|faint|p2a: Whimsicott
|
|-weather|SunnyDay|[upkeep]
|upkeep
|
|t:|1757005219
|switch|p2a: Incineroar|Incineroar, L50, F|100/100
|switch|p2b: Comfey|Comfey, L50, M|100/100
|-ability|p2a: Incineroar|Intimidate|boost
|-unboost|p1a: Pelipper|atk|1
|-unboost|p1b: Basculegion|atk|1
|turn|3
|
|t:|1757005247
|switch|p1b: Sneasler|Sneasler, L50, M|100/100
|move|p2b: Comfey|Draining Kiss|p1b: Sneasler
|-damage|p1b: Sneasler|79/100
|move|p1a: Pelipper|Weather Ball|p2b: Comfey
|-damage|p2b: Comfey|61/100
|move|p2a: Incineroar|Knock Off|p1b: Sneasler
|-resisted|p1b: Sneasler
|-crit|p1b: Sneasler
|-damage|p1b: Sneasler|13/100
|-enditem|p1b: Sneasler|Focus Sash|[from] move: Knock Off|[of] p2a: Incineroar
|
|-weather|SunnyDay|[upkeep]
|upkeep
|turn|4
|
|t:|1757005269
|switch|p1a: Gholdengo|Gholdengo, L50|100/100
|move|p1b: Sneasler|Fake Out|p2a: Incineroar
|-damage|p2a: Incineroar|87/100
|move|p2b: Comfey|Draining Kiss|p1b: Sneasler
|-damage|p1b: Sneasler|0 fnt
|-heal|p2b: Comfey|71/100|[from] drain|[of] p1b: Sneasler
|faint|p1b: Sneasler
|cant|p2a: Incineroar|flinch
|
|-weather|SunnyDay|[upkeep]
|-sideend|p1: Yippeeeeeeeevgc|move: Tailwind
|upkeep
|
|t:|1757005284
|switch|p1b: Pelipper|Pelipper, L50, M|99/100
|-weather|RainDance|[from] ability: Drizzle|[of] p1b: Pelipper
|turn|5
|
|t:|1757005311
|move|p2b: Comfey|Protect|p2b: Comfey
|-singleturn|p2b: Comfey|Protect
|move|p2a: Incineroar|Parting Shot|p1a: Gholdengo
|-immune|p1a: Gholdengo|[from] ability: Good as Gold
|move|p1a: Gholdengo|Make It Rain|p2a: Incineroar|[spread] p2a
|-activate|p2b: Comfey|move: Protect
|-resisted|p2a: Incineroar
|-damage|p2a: Incineroar|59/100
|-unboost|p1a: Gholdengo|spa|1
|-damage|p1a: Gholdengo|91/100|[from] item: Life Orb
|move|p1b: Pelipper|Weather Ball|p2a: Incineroar
|-supereffective|p2a: Incineroar
|-damage|p2a: Incineroar|0 fnt
|faint|p2a: Incineroar
|
|-weather|RainDance|[upkeep]
|-sideend|p2: RagCheese|move: Tailwind
|upkeep
|turn|6
|-message|RagCheese forfeited.
|
|win|Yippeeeeeeeevgc
|raw|Yippeeeeeeeevgc's rating: 1148 → 1166(+18 for winning)
|raw|RagCheese's rating: 1044 → 1032(-12 for losing)
|l|☆RagCheese
|player|p2|
