|j|☆merrypasta
|j|☆skippr
|html|merrypastaskippr    
|uhtml|bestof|Game 1 of a best-of-3
|t:|1756790948
|gametype|doubles
|player|p1|merrypasta|miku-ghost|
|player|p2|skippr|pokemaniac|
|gen|9
|tier|[Gen 9] VGC 2025 Reg H (Bo3)
|rule|Species Clause: Limit one of each Pokémon
|rule|Item Clause: Limit 1 of each item
|clearpoke
|poke|p1|Gardevoir, L50, F|
|poke|p1|Farigiraf, L50, F|
|poke|p1|Politoed, L50, M|
|poke|p1|Hariyama, L50, M|
|poke|p1|Dragalge, L50, F|
|poke|p1|Electivire, L50, M|
|poke|p2|Metagross, L50|
|poke|p2|Baxcalibur, L50, F|
|poke|p2|Grimmsnarl, L50, M|
|poke|p2|Hitmontop, L50, M|
|poke|p2|Ceruledge, L50, F|
|poke|p2|Empoleon, L50, M|
|teampreview|4
|showteam|p1|Gardevoir||ChoiceScarf|Trace|DazzlingGleam,Psychic,Moonblast,Thunderbolt|||F|||50|,,,,,Fairy]Farigiraf||Leftovers|ArmorTail|Psychic,HelpingHand,Protect,TrickRoom|||F|||50|,,,,,Fairy]Politoed||EjectPack|Drizzle|WeatherBall,HelpingHand,Protect,PerishSong|||M|||50|,,,,,Grass]Hariyama||FlameOrb|Guts|DrainPunch,KnockOff,Protect,FakeOut|||M|||50|,,,,,Dark]Dragalge||LifeOrb|Adaptability|SludgeBomb,DragonPulse,Protect,Scald|||F|||50|,,,,,Water]Electivire||SitrusBerry|VitalSpirit|ThunderPunch,FollowMe,Protect,EerieImpulse|||M|||50|,,,,,Fire
|showteam|p2|Metagross||AssaultVest|ClearBody|HeavySlam,PsychicFangs,StompingTantrum,BulletPunch||||||50|,,,,,Grass]Baxcalibur||LoadedDice|ThermalExchange|IcicleSpear,ScaleShot,SwordsDance,Protect|||F|||50|,,,,,Poison]Grimmsnarl||LightClay|Prankster|Reflect,LightScreen,Taunt,SpiritBreak|||M|||50|,,,,,Ghost]Hitmontop||EjectButton|Intimidate|FakeOut,Coaching,CloseCombat,WideGuard|||M|||50|,,,,,Steel]Ceruledge||SafetyGoggles|FlashFire|BitterBlade,ShadowSneak,BulkUp,Protect|||F|||50|,,,,,Bug]Empoleon||SitrusBerry|Competitive|WaterPledge,FlashCannon,IcyWind,Protect|||M|||50|,,,,,Grass
|c|☆skippr|Glhf
|
|t:|1756791008
|teamsize|p1|4
|teamsize|p2|4
|start
|switch|p1a: Farigiraf|Farigiraf, L50, F|100/100
|switch|p1b: Electivire|Electivire, L50, M|100/100
|switch|p2a: Grimmsnarl|Grimmsnarl, L50, M|100/100
|switch|p2b: Ceruledge|Ceruledge, L50, F|100/100
|turn|1
|
|t:|1756791029
|move|p1b: Electivire|Follow Me|p1b: Electivire
|-singleturn|p1b: Electivire|move: Follow Me
|move|p2a: Grimmsnarl|Light Screen|p2a: Grimmsnarl
|-sidestart|p2: skippr|move: Light Screen
|move|p2b: Ceruledge|Bulk Up|p2b: Ceruledge
|-boost|p2b: Ceruledge|atk|1
|-boost|p2b: Ceruledge|def|1
|move|p1a: Farigiraf|Trick Room|p1a: Farigiraf
|-fieldstart|move: Trick Room|[of] p1a: Farigiraf
|
|upkeep
|turn|2
|
|t:|1756791048
|switch|p1b: Hariyama|Hariyama, L50, M|100/100
|move|p2a: Grimmsnarl|Reflect|p2a: Grimmsnarl
|-sidestart|p2: skippr|Reflect
|move|p1a: Farigiraf|Psychic|p2b: Ceruledge
|-damage|p2b: Ceruledge|78/100
|move|p2b: Ceruledge|Bulk Up|p2b: Ceruledge
|-boost|p2b: Ceruledge|atk|1
|-boost|p2b: Ceruledge|def|1
|
|-status|p1b: Hariyama|brn|[from] item: Flame Orb
|upkeep
|turn|3
|
|t:|1756791075
|move|p1b: Hariyama|Drain Punch|p2a: Grimmsnarl
|-damage|p2a: Grimmsnarl|65/100
|move|p2a: Grimmsnarl|Spirit Break|p1b: Hariyama
|-supereffective|p1b: Hariyama
|-damage|p1b: Hariyama|20/100 brn
|-unboost|p1b: Hariyama|spa|1
|move|p1a: Farigiraf|Psychic|p2b: Ceruledge
|-damage|p2b: Ceruledge|54/100
|move|p2b: Ceruledge|Bitter Blade|p1a: Farigiraf
|-damage|p1a: Farigiraf|10/100
|-heal|p2b: Ceruledge|100/100|[from] drain|[of] p1a: Farigiraf
|
|-heal|p1a: Farigiraf|16/100|[from] item: Leftovers
|-damage|p1b: Hariyama|15/100 brn|[from] brn
|upkeep
|turn|4
|
|t:|1756791094
|move|p2b: Ceruledge|Shadow Sneak||[still]
|cant|p1a: Farigiraf|ability: Armor Tail|Shadow Sneak|[of] p2b: Ceruledge
|move|p1b: Hariyama|Drain Punch|p2a: Grimmsnarl
|-damage|p2a: Grimmsnarl|28/100
|-heal|p1b: Hariyama|32/100 brn|[from] drain|[of] p2a: Grimmsnarl
|move|p2a: Grimmsnarl|Spirit Break|p1a: Farigiraf
|-damage|p1a: Farigiraf|0 fnt
|faint|p1a: Farigiraf
|
|-damage|p1b: Hariyama|26/100 brn|[from] brn
|upkeep
|
|t:|1756791102
|switch|p1a: Dragalge|Dragalge, L50, F|100/100
|turn|5
|
|t:|1756791120
|-terastallize|p2b: Ceruledge|Bug
|move|p1a: Dragalge|Sludge Bomb|p2a: Grimmsnarl
|-supereffective|p2a: Grimmsnarl
|-damage|p2a: Grimmsnarl|0 fnt
|faint|p2a: Grimmsnarl
|-damage|p1a: Dragalge|91/100|[from] item: Life Orb
|move|p1b: Hariyama|Knock Off|p2b: Ceruledge
|-damage|p2b: Ceruledge|79/100
|-enditem|p2b: Ceruledge|Safety Goggles|[from] move: Knock Off|[of] p1b: Hariyama
|move|p2b: Ceruledge|Bitter Blade|p1b: Hariyama
|-damage|p1b: Hariyama|0 fnt
|-heal|p2b: Ceruledge|94/100|[from] drain|[of] p1b: Hariyama
|faint|p1b: Hariyama
|
|-fieldend|move: Trick Room
|upkeep
|
|t:|1756791135
|switch|p2a: Metagross|Metagross, L50|100/100
|switch|p1b: Electivire|Electivire, L50, M|100/100
|turn|6
|
|t:|1756791155
|move|p1b: Electivire|Follow Me|p1b: Electivire
|-singleturn|p1b: Electivire|move: Follow Me
|move|p2b: Ceruledge|Bitter Blade|p1b: Electivire
|-damage|p1b: Electivire|10/100
|-heal|p2b: Ceruledge|100/100|[from] drain|[of] p1b: Electivire
|-enditem|p1b: Electivire|Sitrus Berry|[eat]
|-heal|p1b: Electivire|35/100|[from] item: Sitrus Berry
|move|p2a: Metagross|Psychic Fangs|p1b: Electivire
|-damage|p1b: Electivire|0 fnt
|faint|p1b: Electivire
|move|p1a: Dragalge|Sludge Bomb|p2b: Ceruledge
|-crit|p2b: Ceruledge
|-damage|p2b: Ceruledge|0 fnt
|faint|p2b: Ceruledge
|-damage|p1a: Dragalge|81/100|[from] item: Life Orb
|
|upkeep
|
|t:|1756791169
|switch|p2b: Baxcalibur|Baxcalibur, L50, F|100/100
|turn|7
|
|t:|1756791177
|-terastallize|p1a: Dragalge|Water
|move|p2b: Baxcalibur|Icicle Spear|p1a: Dragalge
|-resisted|p1a: Dragalge
|-damage|p1a: Dragalge|71/100
|-resisted|p1a: Dragalge
|-damage|p1a: Dragalge|62/100
|-resisted|p1a: Dragalge
|-damage|p1a: Dragalge|52/100
|-resisted|p1a: Dragalge
|-damage|p1a: Dragalge|44/100
|-hitcount|p1a: Dragalge|4
|move|p2a: Metagross|Psychic Fangs|p1a: Dragalge
|-damage|p1a: Dragalge|0 fnt
|faint|p1a: Dragalge
|
|win|skippr
||merrypasta is ready for game 2.
||skippr is ready for game 2.
|uhtml|next|Next: Game 2 of 3
|l|☆merrypasta
|player|p1|
