|j|☆smalltownkirlia
|j|☆eltsurito
|html|smalltownkirliaeltsurito    
|uhtml|bestof|Game 1 of a best-of-3
|t:|1756956736
|gametype|doubles
|player|p1|smalltownkirlia|whitney|
|player|p2|eltsurito|2|
|gen|9
|tier|[Gen 9] VGC 2025 Reg H (Bo3)
|rule|Species Clause: Limit one of each Pokémon
|rule|Item Clause: Limit 1 of each item
|clearpoke
|poke|p1|Sneasler, L50, M|
|poke|p1|Indeedee, L50, M|
|poke|p1|Volcarona, L50, F|
|poke|p1|Ursaluna-Bloodmoon, L50, M|
|poke|p1|Annihilape, L50, M|
|poke|p1|Tyranitar, L50, M|
|poke|p2|Sneasler, L50, M|
|poke|p2|Indeedee, L50, M|
|poke|p2|Volcarona, L50, M|
|poke|p2|Ursaluna-Bloodmoon, L50, M|
|poke|p2|Annihilape, L50, M|
|poke|p2|Tyranitar, L50, M|
|teampreview|4
|showteam|p1|Sneasler||PsychicSeed|Unburden|CloseCombat,DireClaw,ThroatChop,Protect|||M|||50|,,,,,Dark]Indeedee||ChoiceScarf|PsychicSurge|ExpandingForce,TeraBlast,Trick,Protect|||M|||50|,,,,,Psychic]Volcarona||SitrusBerry|FlameBody|Overheat,StruggleBug,RagePowder,Tailwind|||F|||50|,,,,,Grass]Ursaluna-Bloodmoon||LifeOrb|MindsEye|BloodMoon,HyperVoice,EarthPower,Protect|||M|||50|,,,,,Normal]Annihilape||SafetyGoggles|Defiant|CloseCombat,RageFist,Taunt,FinalGambit|||M|||50|,,,,,Fairy]Tyranitar||AssaultVest|SandStream|RockSlide,KnockOff,TeraBlast,LowKick|||M|||50|,,,,,Flying
|showteam|p2|Sneasler||PsychicSeed|Unburden|CloseCombat,DireClaw,ThroatChop,Protect|||M|||50|,,,,,Dark]Indeedee||ChoiceScarf|PsychicSurge|ExpandingForce,TeraBlast,Trick,Protect|||M|||50|,,,,,Psychic]Volcarona||SitrusBerry|FlameBody|Overheat,StruggleBug,RagePowder,Tailwind|||M|||50|,,,,,Grass]Ursaluna-Bloodmoon||LifeOrb|MindsEye|BloodMoon,HyperVoice,EarthPower,Protect|||M|||50|,,,,,Normal]Annihilape||SafetyGoggles|Defiant|CloseCombat,RageFist,Taunt,FinalGambit|||M|||50|,,,,,Fairy]Tyranitar||AssaultVest|SandStream|RockSlide,KnockOff,TeraBlast,LowKick|||M|||50|,,,,,Flying
|inactive|Battle timer is ON: inactive players will automatically lose when time's up. (requested by smalltownkirlia)
|inactive|smalltownkirlia has 60 seconds left.
|inactive|eltsurito has 60 seconds left.
|
|t:|1756956794
|teamsize|p1|4
|teamsize|p2|4
|start
|switch|p1a: Volcarona|Volcarona, L50, F|100/100
|switch|p1b: Tyranitar|Tyranitar, L50, M|100/100
|switch|p2a: Tyranitar|Tyranitar, L50, M|100/100
|switch|p2b: Volcarona|Volcarona, L50, M|100/100
|-weather|Sandstorm|[from] ability: Sand Stream|[of] p1b: Tyranitar
|turn|1
|inactive|eltsurito has 30 seconds left.
|inactive|eltsurito has 20 seconds left.
|
|t:|1756956834
|move|p2b: Volcarona|Tailwind|p2b: Volcarona
|-sidestart|p2: eltsurito|move: Tailwind
|move|p2a: Tyranitar|Knock Off|p1b: Tyranitar
|-resisted|p1b: Tyranitar
|-damage|p1b: Tyranitar|75/100
|-enditem|p1b: Tyranitar|Assault Vest|[from] move: Knock Off|[of] p2a: Tyranitar
|move|p1a: Volcarona|Struggle Bug|p2a: Tyranitar|[spread] p2a,p2b
|-supereffective|p2a: Tyranitar
|-resisted|p2b: Volcarona
|-damage|p2a: Tyranitar|87/100
|-damage|p2b: Volcarona|92/100
|-unboost|p2a: Tyranitar|spa|1
|-unboost|p2b: Volcarona|spa|1
|move|p1b: Tyranitar|Knock Off|p2b: Volcarona
|-damage|p2b: Volcarona|27/100
|-status|p1b: Tyranitar|brn|[from] ability: Flame Body|[of] p2b: Volcarona
|-enditem|p2b: Volcarona|Sitrus Berry|[from] move: Knock Off|[of] p1b: Tyranitar
|
|-weather|Sandstorm|[upkeep]
|-damage|p2b: Volcarona|21/100|[from] Sandstorm
|-damage|p1a: Volcarona|94/100|[from] Sandstorm
|-damage|p1b: Tyranitar|69/100 brn|[from] brn
|upkeep
|turn|2
|inactive|smalltownkirlia has 30 seconds left.
|inactive|eltsurito has 30 seconds left.
|inactive|smalltownkirlia has 20 seconds left.
|inactive|eltsurito has 20 seconds left.
|inactive|smalltownkirlia has 15 seconds left.
|inactive|eltsurito has 15 seconds left.
|
|t:|1756956874
|switch|p2b: Annihilape|Annihilape, L50, M|100/100
|-terastallize|p1b: Tyranitar|Flying
|move|p2a: Tyranitar|Low Kick|p1b: Tyranitar
|-resisted|p1b: Tyranitar
|-damage|p1b: Tyranitar|48/100 brn
|move|p1a: Volcarona|Struggle Bug|p2b: Annihilape|[spread] p2a,p2b
|-supereffective|p2a: Tyranitar
|-resisted|p2b: Annihilape
|-damage|p2a: Tyranitar|73/100
|-damage|p2b: Annihilape|96/100
|-unboost|p2a: Tyranitar|spa|1
|-unboost|p2b: Annihilape|spa|1
|-ability|p2b: Annihilape|Defiant|boost
|-boost|p2b: Annihilape|atk|2
|move|p1b: Tyranitar|Low Kick|p2a: Tyranitar
|-supereffective|p2a: Tyranitar
|-damage|p2a: Tyranitar|0 fnt
|faint|p2a: Tyranitar
|
|-weather|Sandstorm|[upkeep]
|-damage|p1a: Volcarona|88/100|[from] Sandstorm
|-damage|p1b: Tyranitar|43/100 brn|[from] Sandstorm
|-damage|p1b: Tyranitar|37/100 brn|[from] brn
|upkeep
|
|t:|1756956895
|switch|p2a: Sneasler|Sneasler, L50, M|100/100
|turn|3
|
|t:|1756956912
|move|p2a: Sneasler|Dire Claw|p1a: Volcarona
|-damage|p1a: Volcarona|28/100
|-status|p1a: Volcarona|slp
|-enditem|p1a: Volcarona|Sitrus Berry|[eat]
|-heal|p1a: Volcarona|53/100 slp|[from] item: Sitrus Berry
|move|p2b: Annihilape|Close Combat|p1b: Tyranitar
|-resisted|p1b: Tyranitar
|-damage|p1b: Tyranitar|0 fnt
|-unboost|p2b: Annihilape|def|1
|-unboost|p2b: Annihilape|spd|1
|faint|p1b: Tyranitar
|cant|p1a: Volcarona|slp
|
|-weather|Sandstorm|[upkeep]
|-damage|p2a: Sneasler|95/100|[from] Sandstorm
|-damage|p1a: Volcarona|47/100 slp|[from] Sandstorm
|upkeep
|
|t:|1756956927
|switch|p1b: Sneasler|Sneasler, L50, M|100/100
|turn|4
|
|t:|1756956946
|-terastallize|p2a: Sneasler|Dark
|move|p2a: Sneasler|Throat Chop|p1b: Sneasler
|-resisted|p1b: Sneasler
|-damage|p1b: Sneasler|58/100
|-start|p1b: Sneasler|Throat Chop|[silent]
|move|p2b: Annihilape|Close Combat|p1b: Sneasler
|-resisted|p1b: Sneasler
|-crit|p1b: Sneasler
|-damage|p1b: Sneasler|0 fnt
|-unboost|p2b: Annihilape|def|1
|-unboost|p2b: Annihilape|spd|1
|faint|p1b: Sneasler
|cant|p1a: Volcarona|slp
|
|-weather|Sandstorm|[upkeep]
|-damage|p2a: Sneasler|89/100|[from] Sandstorm
|-damage|p1a: Volcarona|41/100 slp|[from] Sandstorm
|-sideend|p2: eltsurito|move: Tailwind
|upkeep
|
|t:|1756956957
|switch|p1b: Indeedee|Indeedee, L50, M|100/100
|-fieldstart|move: Psychic Terrain|[from] ability: Psychic Surge|[of] p1b: Indeedee
|-enditem|p2a: Sneasler|Psychic Seed
|-boost|p2a: Sneasler|spd|1|[from] item: Psychic Seed
|turn|5
|inactive|smalltownkirlia has 30 seconds left.
|inactive|eltsurito has 30 seconds left.
|inactive|eltsurito has 20 seconds left.
|inactive|eltsurito has 15 seconds left.
|inactive|eltsurito has 10 seconds left.
|
|t:|1756957004
|move|p2a: Sneasler|Dire Claw|p1b: Indeedee
|-damage|p1b: Indeedee|1/100
|-status|p1b: Indeedee|slp
|cant|p1b: Indeedee|slp
|cant|p1a: Volcarona|slp
|move|p2b: Annihilape|Rage Fist|p1a: Volcarona
|-damage|p1a: Volcarona|0 fnt
|faint|p1a: Volcarona
|
|-weather|none
|upkeep
|turn|6
|inactive|eltsurito has 30 seconds left.
|
|t:|1756957036
|move|p2a: Sneasler|Dire Claw|p1b: Indeedee
|-damage|p1b: Indeedee|0 fnt
|faint|p1b: Indeedee
|
|win|eltsurito
||smalltownkirlia is ready for game 2.
||eltsurito is ready for game 2.
|uhtml|next|Next: Game 2 of 3
