|j|Ōśåtriskili
|j|ŌśåSILVESTRON
|html|triskiliSILVESTRON    
|uhtml|bestof|Game 2 of a best-of-3
|t:|1785685568
|gametype|doubles
|player|p1|triskili|flannery|
|player|p2|SILVESTRON|266|
|gen|9
|tier|[Gen 9 Champions] VGC 2026 Reg M-B (Bo3)
|rule|Species Clause: Limit one of each Pok├®mon
|rule|Item Clause: Limit 1 of each item
|clearpoke
|poke|p1|Charizard, L50, M|
|poke|p1|Venusaur, L50, M|
|poke|p1|Mamoswine, L50, F|
|poke|p1|Garchomp, L50, M|
|poke|p1|Incineroar, L50, M|
|poke|p1|Toxapex, L50, M|
|poke|p2|Sinistcha, L50|
|poke|p2|Dragapult, L50, F, shiny|
|poke|p2|Camerupt, L50, M|
|poke|p2|Aggron, L50, M, shiny|
|poke|p2|Incineroar, L50, M|
|poke|p2|Azumarill, L50, M, shiny|
|teampreview|4
|showteam|p1|Charizard||CharizarditeY|Blaze|HeatWave,WeatherBall,HelpingHand,Protect|Modest||M|||50|]Venusaur||LifeOrb|Chlorophyll|LeafStorm,SludgeBomb,EarthPower,Protect|Modest||M|||50|]Mamoswine||FocusSash|Oblivious|HighHorsepower,RockTomb,IceShard,Protect|Jolly||F|||50|]Garchomp||ChoiceScarf|RoughSkin|DragonClaw,Earthquake,RockSlide,StompingTantrum|Adamant||M|||50|]Incineroar||SitrusBerry|Intimidate|FlareBlitz,ThroatChop,PartingShot,FakeOut|Impish||M|||50|]Toxapex||Leftovers|Regenerator|Toxic,Infestation,WideGuard,BanefulBunker|Bold||M|||50|
|showteam|p2|Sinistcha||SitrusBerry|Hospitality|RagePowder,MatchaGotcha,ShadowBall,TrickRoom|Relaxed|||||50|]Dragapult||MentalHerb|Infiltrator|WillOWisp,DragonDarts,Hex,LightScreen|Hasty||F|||50|]Camerupt||Cameruptite|SolidRock|Eruption,FireBlast,EarthPower,Protect|Quiet||M|||50|]Aggron||Aggronite|Sturdy|Curse,BodyPress,HeavySlam,Protect|Careful||M|||50|]Incineroar||PasshoBerry|Intimidate|FakeOut,PartingShot,FlareBlitz,ThroatChop|Adamant||M|||50|]Azumarill||LifeOrb|HugePower|Liquidation,AquaJet,PlayRough,IceSpinner|Adamant||M|||50|
|
|t:|1785685650
|teamsize|p1|4
|teamsize|p2|4
|start
|switch|p1a: Mamoswine|Mamoswine, L50, F|100/100
|switch|p1b: Incineroar|Incineroar, L50, M|100/100
|switch|p2a: Shisui|Dragapult, L50, F, shiny|100/100
|switch|p2b: how did i get here|Azumarill, L50, M, shiny|100/100
|-ability|p1b: Incineroar|Intimidate|boost
|-unboost|p2a: Shisui|atk|1
|-unboost|p2b: how did i get here|atk|1
|turn|1
|
|t:|1785685681
|switch|p2b: Performative Ghost|Sinistcha, L50|100/100
|move|p1b: Incineroar|Fake Out|p2b: Performative Ghost
|-immune|p2b: Performative Ghost
|move|p1a: Mamoswine|Ice Shard|p2a: Shisui
|-supereffective|p2a: Shisui|1
|-damage|p2a: Shisui|41/100
|move|p2a: Shisui|Will-O-Wisp|p1a: Mamoswine|[miss]
|-miss|p2a: Shisui|p1a: Mamoswine
|
|upkeep
|turn|2
|
|t:|1785685697
|move|p1a: Mamoswine|Ice Shard|p2a: Shisui
|-supereffective|p2a: Shisui|1
|-damage|p2a: Shisui|0 fnt
|faint|p2a: Shisui
|move|p1b: Incineroar|Parting Shot|p2b: Performative Ghost
|-unboost|p2b: Performative Ghost|atk|1
|-unboost|p2b: Performative Ghost|spa|1
|
|t:|1785685707
|switch|p1b: Charizard|Charizard, L50, M|100/100|[from] Parting Shot
|move|p2b: Performative Ghost|Trick Room|p2b: Performative Ghost
|-fieldstart|move: Trick Room|[of] p2b: Performative Ghost
|
|upkeep
|
|t:|1785685714
|switch|p2a: how did i get here|Azumarill, L50, M, shiny|100/100
|turn|3
|
|t:|1785685732
|switch|p1b: Incineroar|Incineroar, L50, M|100/100
|-ability|p1b: Incineroar|Intimidate|boost
|-unboost|p2a: how did i get here|atk|1
|-unboost|p2b: Performative Ghost|atk|1
|switch|p1a: Venusaur|Venusaur, L50, M|100/100
|move|p2a: how did i get here|Liquidation|p1b: Incineroar
|-supereffective|p1b: Incineroar|1
|-damage|p1b: Incineroar|26/100
|-enditem|p1b: Incineroar|Sitrus Berry|[eat]
|-heal|p1b: Incineroar|51/100|[from] item: Sitrus Berry
|-damage|p2a: how did i get here|90/100|[from] item: Life Orb
|move|p2b: Performative Ghost|Matcha Gotcha|p1a: Venusaur|[spread] p1a,p1b
|-resisted|p1a: Venusaur|2
|-resisted|p1b: Incineroar|1
|-damage|p1a: Venusaur|96/100
|-damage|p1b: Incineroar|45/100
|
|upkeep
|turn|4
|
|t:|1785685764
|switch|p2a: bababooey|Camerupt, L50, M|100/100
|move|p2b: Performative Ghost|Shadow Ball|p1b: Incineroar
|-resisted|p1b: Incineroar|1
|-damage|p1b: Incineroar|36/100
|move|p1b: Incineroar|Parting Shot|p2a: bababooey
|-unboost|p2a: bababooey|atk|1
|-unboost|p2a: bababooey|spa|1
|
|t:|1785685773
|switch|p1b: Charizard|Charizard, L50, M|100/100|[from] Parting Shot
|move|p1a: Venusaur|Sludge Bomb|p2b: Performative Ghost
|-damage|p2b: Performative Ghost|48/100
|-enditem|p2b: Performative Ghost|Sitrus Berry|[eat]
|-heal|p2b: Performative Ghost|73/100|[from] item: Sitrus Berry
|-damage|p1a: Venusaur|86/100|[from] item: Life Orb
|
|upkeep
|turn|5
|
|t:|1785685808
|switch|p2b: how did i get here|Azumarill, L50, M, shiny|90/100
|detailschange|p2a: bababooey|Camerupt-Mega, L50, M
|-mega|p2a: bababooey|Camerupt|Cameruptite
|detailschange|p1b: Charizard|Charizard-Mega-Y, L50, M
|-mega|p1b: Charizard|Charizard|Charizardite Y
|-weather|SunnyDay|[from] ability: Drought|[of] p1b: Charizard
|move|p2a: bababooey|Eruption|p1b: Charizard|[spread] p1a,p1b
|-supereffective|p1a: Venusaur|1
|-resisted|p1b: Charizard|1
|-damage|p1a: Venusaur|0 fnt
|-damage|p1b: Charizard|69/100
|faint|p1a: Venusaur
|move|p1b: Charizard|Heat Wave|p2b: how did i get here|[spread] p2a,p2b
|-resisted|p2a: bababooey|1
|-resisted|p2b: how did i get here|1
|-damage|p2a: bababooey|67/100
|-damage|p2b: how did i get here|57/100
|
|-weather|SunnyDay|[upkeep]
|upkeep
|
|t:|1785685829
|switch|p1a: Incineroar|Incineroar, L50, M|36/100
|-ability|p1a: Incineroar|Intimidate|boost
|-unboost|p2a: bababooey|atk|1
|-unboost|p2b: how did i get here|atk|1
|turn|6
|
|t:|1785685873
|move|p2a: bababooey|Fire Blast|p1b: Charizard
|-resisted|p1b: Charizard|1
|-damage|p1b: Charizard|30/100
|move|p2b: how did i get here|Liquidation|p1b: Charizard
|-supereffective|p1b: Charizard|1
|-damage|p1b: Charizard|0 fnt
|faint|p1b: Charizard
|-damage|p2b: how did i get here|47/100|[from] item: Life Orb
|move|p1a: Incineroar|Parting Shot|p2b: how did i get here
|-unboost|p2b: how did i get here|atk|1
|-unboost|p2b: how did i get here|spa|1
|
|t:|1785685883
|switch|p1a: Mamoswine|Mamoswine, L50, F|100/100|[from] Parting Shot
|
|-weather|SunnyDay|[upkeep]
|-fieldend|move: Trick Room
|upkeep
|
|t:|1785685888
|switch|p1b: Incineroar|Incineroar, L50, M|36/100
|-ability|p1b: Incineroar|Intimidate|boost
|-unboost|p2a: bababooey|atk|1
|-unboost|p2b: how did i get here|atk|1
|turn|7
|
|t:|1785685904
|switch|p2b: Performative Ghost|Sinistcha, L50|73/100
|-heal|p2a: bababooey|92/100|[from] ability: Hospitality|[of] p2b: Performative Ghost
|move|p1b: Incineroar|Fake Out|p2b: Performative Ghost
|-immune|p2b: Performative Ghost
|move|p1a: Mamoswine|High Horsepower|p2a: bababooey
|-supereffective|p2a: bababooey|1
|-damage|p2a: bababooey|0 fnt
|faint|p2a: bababooey
|
|-weather|SunnyDay|[upkeep]
|upkeep
|
|t:|1785685918
|switch|p2a: how did i get here|Azumarill, L50, M, shiny|47/100
|turn|8
|c|ŌśåSILVESTRON|damn im actually really shocked that killed
|c|Ōśåtriskili|xD
|
|t:|1785685988
|move|p2b: Performative Ghost|Rage Powder|p2b: Performative Ghost
|-singleturn|p2b: Performative Ghost|move: Rage Powder
|move|p1a: Mamoswine|Ice Shard|p2b: Performative Ghost
|-supereffective|p2b: Performative Ghost|1
|-damage|p2b: Performative Ghost|35/100
|move|p1b: Incineroar|Flare Blitz|p2b: Performative Ghost
|-supereffective|p2b: Performative Ghost|1
|-damage|p2b: Performative Ghost|0 fnt
|faint|p2b: Performative Ghost
|-damage|p1b: Incineroar|25/100|[from] Recoil
|move|p2a: how did i get here|Liquidation|p1a: Mamoswine
|-supereffective|p1a: Mamoswine|1
|-damage|p1a: Mamoswine|25/100
|-damage|p2a: how did i get here|37/100|[from] item: Life Orb
|
|-weather|SunnyDay|[upkeep]
|upkeep
|turn|9
|
|t:|1785686013
|move|p2a: how did i get here|Aqua Jet|p1a: Mamoswine
|-supereffective|p1a: Mamoswine|1
|-damage|p1a: Mamoswine|0 fnt
|faint|p1a: Mamoswine
|-damage|p2a: how did i get here|28/100|[from] item: Life Orb
|move|p1b: Incineroar|Flare Blitz|p2a: how did i get here
|-resisted|p2a: how did i get here|1
|-damage|p2a: how did i get here|0 fnt
|faint|p2a: how did i get here
|-damage|p1b: Incineroar|16/100|[from] Recoil
|
|win|triskili
|c|ŌśåSILVESTRON|GG2
|inactive|triskili has 30 seconds to confirm battle start!
|inactive|SILVESTRON has 30 seconds to confirm battle start!
||SILVESTRON is ready for game 3.
|c|Ōśåtriskili|gg. I got 1 on the board :0
||triskili is ready for game 3.
|uhtml|next|Next: Game 3 of 3
|l|ŌśåSILVESTRON
|player|p2|
