|j|☆fdaza
|j|☆crudo de fava
|html|fdazacrudo de fava    
|uhtml|bestof|Game 2 of a best-of-3
|t:|1757703490
|gametype|doubles
|player|p1|fdaza|steven|1313
|player|p2|crudo de fava|ingo|1445
|gen|9
|tier|[Gen 9] VGC 2025 Reg H (Bo3)
|rated|
|rule|Species Clause: Limit one of each Pokémon
|rule|Item Clause: Limit 1 of each item
|clearpoke
|poke|p1|Gholdengo, L50|
|poke|p1|Sneasler, L50, F|
|poke|p1|Incineroar, L50, F|
|poke|p1|Weezing, L50, M|
|poke|p1|Amoonguss, L50, F|
|poke|p1|Slaking, L50, M|
|poke|p2|Dragonite, L50, M|
|poke|p2|Gholdengo, L50|
|poke|p2|Archaludon, L50, F|
|poke|p2|Pelipper, L50, M|
|poke|p2|Ursaluna, L50, M|
|poke|p2|Sinistcha, L50|
|teampreview|4
|showteam|p1|Gholdengo||ChoiceSpecs|GoodasGold|MakeItRain,ShadowBall,Thunderbolt,PowerGem||||||50|,,,,,Water]Sneasler||FocusSash|PoisonTouch|ThroatChop,DireClaw,CloseCombat,Protect|||F|||50|,,,,,Stellar]Incineroar||AbilityShield|Intimidate|FakeOut,FlareBlitz,KnockOff,PartingShot|||F|||50|,,,,,Ghost]Weezing||Leftovers|NeutralizingGas|Haze,SludgeBomb,Protect,WillOWisp|||M|||50|,,,,,Flying]Amoonguss||RockyHelmet|Regenerator|Protect,RagePowder,PollenPuff,Spore|||F|||50|,,,,,Water]Slaking||ChoiceBand|Truant|DoubleEdge,HighHorsepower,SuckerPunch,PlayRough|||M|||50|,,,,,Ghost
|showteam|p2|Dragonite||LoadedDice|Multiscale|ScaleShot,Tailwind,Haze,Protect|||M|||50|,,,,,Fairy]Gholdengo||ChoiceScarf|GoodasGold|MakeItRain,ShadowBall,Trick,PowerGem||||||50|,,,,,Flying]Archaludon||AssaultVest|Stamina|ElectroShot,DragonPulse,BodyPress,Snarl|||F|||50|,,,,,Bug]Pelipper||SafetyGoggles|Drizzle|MuddyWater,Hurricane,Tailwind,Protect|||M|||50|,,,,,Ground]Ursaluna||FlameOrb|Guts|Earthquake,Facade,HeadlongRush,Protect|||M|||50|,,,,,Ghost]Sinistcha||SitrusBerry|Hospitality|MatchaGotcha,RagePowder,TrickRoom,LifeDew||||||50|,,,,,Dark
|
|t:|1757703514
|teamsize|p1|4
|teamsize|p2|4
|start
|switch|p1a: Weezing|Weezing, L50, M, shiny|100/100
|switch|p1b: Slaking|Slaking, L50, M, shiny|100/100
|switch|p2a: Dragonite|Dragonite, L50, M|100/100
|switch|p2b: Ursaluna|Ursaluna, L50, M|100/100
|-ability|p1a: Weezing|Neutralizing Gas
|turn|1
|
|t:|1757703539
|move|p1a: Weezing|Protect|p1a: Weezing
|-singleturn|p1a: Weezing|Protect
|move|p1b: Slaking|Play Rough|p2a: Dragonite
|-supereffective|p2a: Dragonite
|-damage|p2a: Dragonite|0 fnt
|faint|p2a: Dragonite
|move|p2b: Ursaluna|Headlong Rush|p1b: Slaking
|-damage|p1b: Slaking|48/100
|-unboost|p2b: Ursaluna|def|1
|-unboost|p2b: Ursaluna|spd|1
|
|-status|p2b: Ursaluna|brn|[from] item: Flame Orb
|upkeep
|
|t:|1757703558
|switch|p2a: Gholdengo|Gholdengo, L50|100/100
|turn|2
|
|t:|1757703570
|switch|p1b: Incineroar|Incineroar, L50, F, shiny|100/100
|-ability|p1b: Incineroar|Intimidate|boost
|-unboost|p2a: Gholdengo|atk|1
|-unboost|p2b: Ursaluna|atk|1
|move|p2a: Gholdengo|Make It Rain|p1b: Incineroar|[spread] p1a,p1b
|-resisted|p1b: Incineroar
|-damage|p1a: Weezing|29/100
|-damage|p1b: Incineroar|79/100
|-unboost|p2a: Gholdengo|spa|1
|move|p2b: Ursaluna|Facade|p1a: Weezing
|-damage|p1a: Weezing|0 fnt
|faint|p1a: Weezing
|-end|p1a: Weezing|ability: Neutralizing Gas
|
|-damage|p2b: Ursaluna|95/100 brn|[from] brn
|upkeep
|
|t:|1757703587
|switch|p1a: Slaking|Slaking, L50, M, shiny|48/100
|turn|3
|
|t:|1757703612
|switch|p2a: Pelipper|Pelipper, L50, M|100/100
|-weather|RainDance|[from] ability: Drizzle|[of] p2a: Pelipper
|-terastallize|p1b: Incineroar|Ghost
|move|p2b: Ursaluna|Protect|p2b: Ursaluna
|-singleturn|p2b: Ursaluna|Protect
|move|p1a: Slaking|Double-Edge|p2b: Ursaluna
|-activate|p2b: Ursaluna|move: Protect
|move|p1b: Incineroar|Knock Off|p2a: Pelipper
|-damage|p2a: Pelipper|52/100
|-enditem|p2a: Pelipper|Safety Goggles|[from] move: Knock Off|[of] p1b: Incineroar
|
|-weather|RainDance|[upkeep]
|-damage|p2b: Ursaluna|89/100 brn|[from] brn
|upkeep
|turn|4
|
|t:|1757703677
|switch|p1a: Sneasler|Sneasler, L50, F|100/100
|move|p2a: Pelipper|Tailwind|p2a: Pelipper
|-sidestart|p2: crudo de fava|move: Tailwind
|move|p2b: Ursaluna|Headlong Rush|p1b: Incineroar
|-damage|p1b: Incineroar|26/100
|-unboost|p2b: Ursaluna|def|1
|-unboost|p2b: Ursaluna|spd|1
|move|p1b: Incineroar|Knock Off|p2b: Ursaluna
|-damage|p2b: Ursaluna|27/100 brn
|-enditem|p2b: Ursaluna|Flame Orb|[from] move: Knock Off|[of] p1b: Incineroar
|
|-weather|RainDance|[upkeep]
|-damage|p2b: Ursaluna|21/100 brn|[from] brn
|upkeep
|turn|5
|
|t:|1757703696
|switch|p1b: Slaking|Slaking, L50, M, shiny|48/100
|move|p1a: Sneasler|Protect|p1a: Sneasler
|-singleturn|p1a: Sneasler|Protect
|move|p2a: Pelipper|Muddy Water|p1a: Sneasler|[spread] p1b
|-activate|p1a: Sneasler|move: Protect
|-damage|p1b: Slaking|10/100
|-unboost|p1b: Slaking|accuracy|1
|move|p2b: Ursaluna|Earthquake|p1b: Slaking|[spread] p1b
|-activate|p1a: Sneasler|move: Protect
|-immune|p2a: Pelipper
|-damage|p1b: Slaking|0 fnt
|faint|p1b: Slaking
|
|-weather|RainDance|[upkeep]
|-damage|p2b: Ursaluna|15/100 brn|[from] brn
|upkeep
|
|t:|1757703712
|switch|p1b: Incineroar|Incineroar, L50, F, shiny, tera:Ghost|26/100
|-ability|p1b: Incineroar|Intimidate|boost
|-unboost|p2a: Pelipper|atk|1
|-unboost|p2b: Ursaluna|atk|1
|turn|6
|
|t:|1757703725
|-terastallize|p2b: Ursaluna|Ghost
|move|p1b: Incineroar|Fake Out|p2a: Pelipper
|-damage|p2a: Pelipper|39/100
|cant|p2a: Pelipper|flinch
|move|p2b: Ursaluna|Earthquake|p1b: Incineroar|[spread] p1a,p1b
|-immune|p2a: Pelipper
|-supereffective|p1a: Sneasler
|-damage|p1a: Sneasler|2/100
|-damage|p1b: Incineroar|0 fnt
|faint|p1b: Incineroar
|move|p1a: Sneasler|Dire Claw|p2a: Pelipper
|-damage|p2a: Pelipper|0 fnt
|faint|p2a: Pelipper
|
|-weather|RainDance|[upkeep]
|-damage|p2b: Ursaluna|9/100 brn|[from] brn
|upkeep
|
|t:|1757703732
|switch|p2a: Gholdengo|Gholdengo, L50|100/100
|turn|7
|
|t:|1757703748
|move|p1a: Sneasler|Protect|p1a: Sneasler
|-singleturn|p1a: Sneasler|Protect
|move|p2a: Gholdengo|Make It Rain|p1a: Sneasler
|-activate|p1a: Sneasler|move: Protect
|move|p2b: Ursaluna|Facade|p1a: Sneasler
|-activate|p1a: Sneasler|move: Protect
|
|-weather|none
|-damage|p2b: Ursaluna|4/100 brn|[from] brn
|-sideend|p2: crudo de fava|move: Tailwind
|upkeep
|turn|8
|
|t:|1757703761
|move|p1a: Sneasler|Protect||[still]
|-fail|p1a: Sneasler
|move|p2a: Gholdengo|Make It Rain|p1a: Sneasler
|-damage|p1a: Sneasler|0 fnt
|-unboost|p2a: Gholdengo|spa|1
|faint|p1a: Sneasler
|
|win|crudo de fava
|l|☆fdaza
|player|p1|
||fdaza is ready for game 3.
||crudo de fava is ready for game 3.
|uhtml|next|Next: Game 3 of 3
