|j|☆SurfingJackal
|j|☆shrimplyasapphic
|html|SurfingJackalshrimplyasapphic    
|uhtml|bestof|Game 2 of a best-of-3
|t:|1783780616
|gametype|doubles
|player|p1|SurfingJackal|archie-gen6|
|player|p2|shrimplyasapphic|169|
|gen|9
|tier|[Gen 9 Champions] VGC 2026 Reg M-B (Bo3)
|rule|Species Clause: Limit one of each Pokémon
|rule|Item Clause: Limit 1 of each item
|clearpoke
|poke|p1|Farigiraf, L50, F|
|poke|p1|Incineroar, L50, M|
|poke|p1|Camerupt, L50, M|
|poke|p1|Kingambit, L50, F|
|poke|p1|Vivillon-Pokeball, L50, M|
|poke|p1|Abomasnow, L50, F|
|poke|p2|Froslass, L50, F|
|poke|p2|Kingambit, L50, F|
|poke|p2|Sinistcha, L50|
|poke|p2|Sneasler, L50, F|
|poke|p2|Aerodactyl, L50, M|
|poke|p2|Aegislash, L50, M|
|teampreview|4
|showteam|p1|Farigiraf||SitrusBerry|ArmorTail|Protect,Psychic,HelpingHand,TrickRoom|Sassy||F|||50|]Incineroar||LifeOrb|Intimidate|FlareBlitz,DarkestLariat,FakeOut,PartingShot|Brave||M|||50|]Camerupt||Cameruptite|SolidRock|Protect,HeatWave,EarthPower,AncientPower|Quiet||M|||50|]Kingambit||BlackGlasses|Defiant|SwordsDance,KowtowCleave,IronHead,SuckerPunch|Brave||F|||50|]Vivillon-Pokeball||FocusSash|CompoundEyes|Hurricane,SleepPowder,RagePowder,Protect|Timid||M|||50|]Abomasnow||Abomasite|SnowWarning|GrassKnot,Blizzard,IceShard,EarthPower|Quiet||F|||50|
|showteam|p2|Froslass||Froslassite|CursedBody|Blizzard,ShadowBall,Protect,AuroraVeil|Modest||F|||50|]Kingambit||FocusSash|Defiant|KowtowCleave,SuckerPunch,IronHead,LowKick|Adamant||F|||50|]Sinistcha||SitrusBerry|Hospitality|MatchaGotcha,TrickRoom,RagePowder,Protect|Bold|||||50|]Sneasler||WhiteHerb|Unburden|CloseCombat,GunkShot,FakeOut,Protect|Adamant||F|||50|]Aerodactyl||Aerodactylite|Unnerve|RockSlide,DualWingbeat,IceFang,Tailwind|Jolly||M|||50|]Aegislash||SpellTag|StanceChange|WideGuard,KingsShield,Poltergeist,ShadowSneak|Adamant||M|||50|
|j| magnetman210
|j| Blizz.vg
|j| tung cubed
|j| Hudie EU
|j| vrocehpalon
|j| Cos(wt)
|l| vrocehpalon
|j| vrocehpalon
|inactive|Battle timer is ON: inactive players will automatically lose when time's up. (requested by SurfingJackal)
|
|t:|1783780700
|teamsize|p1|4
|teamsize|p2|4
|start
|switch|p1a: Farigiraf|Farigiraf, L50, F|100/100
|switch|p1b: Vivillon|Vivillon-Pokeball, L50, M|100/100
|switch|p2a: Froslass|Froslass, L50, F|100/100
|switch|p2b: Kingambit|Kingambit, L50, F|100/100
|turn|1
|j| Autin Mago
|inactive|shrimplyasapphic has 30 seconds left.
|
|t:|1783780725
|switch|p2b: Sinistcha|Sinistcha, L50|100/100
|detailschange|p2a: Froslass|Froslass-Mega, L50, F
|-mega|p2a: Froslass|Froslass|Froslassite
|-weather|Snowscape|[from] ability: Snow Warning|[of] p2a: Froslass
|move|p2a: Froslass|Blizzard|p1a: Farigiraf|[spread] p1a,p1b
|-supereffective|p1b: Vivillon|1
|-damage|p1a: Farigiraf|59/100
|-enditem|p1b: Vivillon|Focus Sash
|-damage|p1b: Vivillon|1/100
|move|p1b: Vivillon|Sleep Powder|p2b: Sinistcha
|-immune|p2b: Sinistcha
|move|p1a: Farigiraf|Trick Room|p1a: Farigiraf
|-fieldstart|move: Trick Room|[of] p1a: Farigiraf
|
|-weather|Snowscape|[upkeep]
|upkeep
|turn|2
|inactive|SurfingJackal has 30 seconds left.
|inactive|shrimplyasapphic has 30 seconds left.
|l| tung cubed
|inactive|shrimplyasapphic has 20 seconds left.
|inactive|shrimplyasapphic has 15 seconds left.
|
|t:|1783780770
|move|p2b: Sinistcha|Protect|p2b: Sinistcha
|-singleturn|p2b: Sinistcha|Protect
|move|p1a: Farigiraf|Psychic|p2b: Sinistcha
|-activate|p2b: Sinistcha|move: Protect
|move|p1b: Vivillon|Sleep Powder|p2a: Froslass
|-status|p2a: Froslass|slp|[from] move: Sleep Powder
|cant|p2a: Froslass|slp
|
|-weather|Snowscape|[upkeep]
|upkeep
|turn|3
|inactive|shrimplyasapphic has 30 seconds left.
|inactive|shrimplyasapphic has 20 seconds left.
|
|t:|1783780809
|switch|p2b: Kingambit|Kingambit, L50, F|100/100
|switch|p1b: Camerupt|Camerupt, L50, M|100/100
|move|p1a: Farigiraf|Psychic|p2a: Froslass
|-damage|p2a: Froslass|57/100 slp
|-curestatus|p2a: Froslass|slp|[msg]
|move|p2a: Froslass|Aurora Veil|p2a: Froslass
|-sidestart|p2: shrimplyasapphic|move: Aurora Veil
|
|-weather|Snowscape|[upkeep]
|upkeep
|turn|4
|j| dangernoodlevgc
|inactive|shrimplyasapphic has 30 seconds left.
|
|t:|1783780840
|detailschange|p1b: Camerupt|Camerupt-Mega, L50, M
|-mega|p1b: Camerupt|Camerupt|Cameruptite
|move|p1a: Farigiraf|Helping Hand|p1b: Camerupt
|-singleturn|p1b: Camerupt|Helping Hand|[of] p1a: Farigiraf
|move|p2a: Froslass|Protect|p2a: Froslass
|-singleturn|p2a: Froslass|Protect
|move|p1b: Camerupt|Heat Wave|p2a: Froslass|[spread] p2b
|-activate|p2a: Froslass|move: Protect
|-supereffective|p2b: Kingambit|1
|-enditem|p2b: Kingambit|Focus Sash
|-damage|p2b: Kingambit|1/100
|move|p2b: Kingambit|Kowtow Cleave|p1b: Camerupt
|-damage|p1b: Camerupt|46/100
|
|-weather|Snowscape|[upkeep]
|upkeep
|turn|5
|j| tung cubed
|inactive|shrimplyasapphic has 30 seconds left.
|inactive|shrimplyasapphic has 20 seconds left.
|inactive|shrimplyasapphic has 15 seconds left.
|inactive|shrimplyasapphic has 10 seconds left.
|
|t:|1783780889
|switch|p2a: Sinistcha|Sinistcha, L50|100/100
|-heal|p2b: Kingambit|25/100|[from] ability: Hospitality|[of] p2a: Sinistcha
|move|p1a: Farigiraf|Helping Hand|p1b: Camerupt
|-singleturn|p1b: Camerupt|Helping Hand|[of] p1a: Farigiraf
|move|p2b: Kingambit|Sucker Punch||[still]
|cant|p1a: Farigiraf|ability: Armor Tail|Sucker Punch|[of] p2b: Kingambit
|move|p1b: Camerupt|Heat Wave|p2b: Kingambit|[spread] p2a,p2b
|-supereffective|p2a: Sinistcha|1
|-supereffective|p2b: Kingambit|1
|-crit|p2b: Kingambit
|-damage|p2a: Sinistcha|0 fnt
|-damage|p2b: Kingambit|0 fnt
|faint|p2a: Sinistcha
|faint|p2b: Kingambit
|
|-weather|none
|-fieldend|move: Trick Room
|upkeep
|
|t:|1783780899
|switch|p2a: Froslass|Froslass-Mega, L50, F|57/100
|switch|p2b: Sneasler|Sneasler, L50, F|100/100
|-weather|Snowscape|[from] ability: Snow Warning|[of] p2a: Froslass
|turn|6
|inactive|shrimplyasapphic has 30 seconds left.
|
|t:|1783780926
|move|p2a: Froslass|Blizzard|p1b: Camerupt|[spread] p1a,p1b
|-damage|p1a: Farigiraf|18/100
|-damage|p1b: Camerupt|0 fnt
|-enditem|p1a: Farigiraf|Sitrus Berry|[eat]
|-heal|p1a: Farigiraf|43/100|[from] item: Sitrus Berry
|faint|p1b: Camerupt
|move|p2b: Sneasler|Close Combat|p1a: Farigiraf
|-damage|p1a: Farigiraf|0 fnt
|-unboost|p2b: Sneasler|def|1
|-unboost|p2b: Sneasler|spd|1
|faint|p1a: Farigiraf
|-enditem|p2b: Sneasler|White Herb
|-clearnegativeboost|p2b: Sneasler|[silent]
|
|-weather|Snowscape|[upkeep]
|upkeep
|
|t:|1783780930
|switch|p1a: Vivillon|Vivillon-Pokeball, L50, M|1/100
|switch|p1b: Kingambit|Kingambit, L50, F|100/100
|turn|7
|inactive|SurfingJackal has 30 seconds left.
|inactive|shrimplyasapphic has 30 seconds left.
|inactive|SurfingJackal has 20 seconds left.
|inactive|shrimplyasapphic has 20 seconds left.
|inactive|SurfingJackal has 15 seconds left.
|inactive|shrimplyasapphic has 15 seconds left.
|inactive|SurfingJackal has 10 seconds left.
|inactive|SurfingJackal has 5 seconds left.
|
|t:|1783780985
|move|p2a: Froslass|Protect|p2a: Froslass
|-singleturn|p2a: Froslass|Protect
|move|p2b: Sneasler|Close Combat|p1a: Vivillon
|-resisted|p1a: Vivillon|2
|-damage|p1a: Vivillon|0 fnt
|-unboost|p2b: Sneasler|def|1
|-unboost|p2b: Sneasler|spd|1
|faint|p1a: Vivillon
|move|p1b: Kingambit|Swords Dance|p1b: Kingambit
|-boost|p1b: Kingambit|atk|2
|
|-weather|Snowscape|[upkeep]
|-sideend|p2: shrimplyasapphic|move: Aurora Veil
|upkeep
|turn|8
|l| tung cubed
|inactive|shrimplyasapphic has 30 seconds left.
|
|t:|1783781013
|move|p1b: Kingambit|Sucker Punch|p2b: Sneasler
|-resisted|p2b: Sneasler|1
|-damage|p2b: Sneasler|10/100
|move|p2b: Sneasler|Close Combat|p1b: Kingambit
|-supereffective|p1b: Kingambit|2
|-damage|p1b: Kingambit|0 fnt
|-unboost|p2b: Sneasler|def|1
|-unboost|p2b: Sneasler|spd|1
|faint|p1b: Kingambit
|
|win|shrimplyasapphic
||SurfingJackal is ready for game 3.
|inactive|shrimplyasapphic has 30 seconds to confirm battle start!
|c|☆shrimplyasapphic|cc'd the wrong target... LOL
||shrimplyasapphic is ready for game 3.
|uhtml|next|Next: Game 3 of 3
|l| dangernoodlevgc
|j| dangernoodlevgc
|l| dangernoodlevgc
|l| Autin Mago
|j| tung cubed
|l| vrocehpalon
|l| Blizz.vg
|l| Hudie EU
|l| tung cubed
|l|☆SurfingJackal
|player|p1|
|l| Cos(wt)
