|j|☆Ossi1590
|j|☆yinobo
|html|Ossi1590yinobo    
|uhtml|bestof|Game 1 of a best-of-3
|t:|1783435305
|gametype|doubles
|player|p1|Ossi1590|colress|1339
|player|p2|yinobo|lucas|1315
|gen|9
|tier|[Gen 9 Champions] VGC 2026 Reg M-B (Bo3)
|rated|
|rule|Species Clause: Limit one of each Pokémon
|rule|Item Clause: Limit 1 of each item
|clearpoke
|poke|p1|Raichu, L50, F|
|poke|p1|Mawile, L50, M|
|poke|p1|Sinistcha, L50|
|poke|p1|Ceruledge, L50, F|
|poke|p1|Milotic, L50, M|
|poke|p1|Incineroar, L50, M|
|poke|p2|Charizard, L50, M, shiny|
|poke|p2|Garchomp, L50, M, shiny|
|poke|p2|Sylveon, L50, M, shiny|
|poke|p2|Kingambit, L50, F, shiny|
|poke|p2|Farigiraf, L50, M, shiny|
|poke|p2|Aerodactyl, L50, M|
|teampreview|4
|showteam|p1|Raichu||RaichuniteY|LightningRod|ZapCannon,FocusBlast,FakeOut,Protect|Timid||F|||50|]Mawile||Mawilite|HyperCutter|PlayRough,SuckerPunch,SwordsDance,Protect|Adamant||M|||50|]Sinistcha||KasibBerry|Hospitality|MatchaGotcha,LifeDew,RagePowder,Protect|Relaxed|||||50|]Ceruledge||ColburBerry|FlashFire|BitterBlade,ShadowSneak,BulkUp,Protect|Adamant||F|||50|]Milotic||Leftovers|Competitive|MuddyWater,Coil,Hypnosis,Protect|Calm||M|||50|]Incineroar||SitrusBerry|Intimidate|FlareBlitz,ThroatChop,FakeOut,PartingShot|Impish||M|||50|
|showteam|p2|Charizard||CharizarditeY|SolarPower|Protect,HeatWave,SolarBeam,WeatherBall|Modest||M|||50|]Garchomp||LifeOrb|RoughSkin|Protect,DragonClaw,Earthquake,RockSlide|Jolly||M|||50|]Sylveon||FairyFeather|Pixilate|Detect,HyperVoice,HyperBeam,QuickAttack|Modest||M|||50|]Kingambit||FocusSash|Defiant|KowtowCleave,SuckerPunch,IronHead,LowKick|Adamant||F|||50|]Farigiraf||SitrusBerry|ArmorTail|Psychic,Thunderbolt,TrickRoom,Protect|Bold||M|||50|]Aerodactyl||Aerodactylite|Unnerve|IceFang,RockSlide,DualWingbeat,Tailwind|Jolly||M|||50|
|inactive|Battle timer is ON: inactive players will automatically lose when time's up. (requested by yinobo)
|inactive|yinobo has 60 seconds left.
|
|t:|1783435364
|teamsize|p1|4
|teamsize|p2|4
|start
|switch|p1a: Milotic|Milotic, L50, M|100/100
|switch|p1b: Raichu|Raichu, L50, F|100/100
|switch|p2a: Garchomp|Garchomp, L50, M, shiny|100/100
|switch|p2b: Charizard|Charizard, L50, M, shiny|100/100
|turn|1
|inactive|yinobo has 30 seconds left.
|
|t:|1783435393
|move|p2b: Charizard|Protect|p2b: Charizard
|-singleturn|p2b: Charizard|Protect
|move|p1b: Raichu|Fake Out|p2a: Garchomp
|-damage|p2a: Garchomp|92/100
|-damage|p1b: Raichu|87/100|[from] ability: Rough Skin|[of] p2a: Garchomp
|cant|p2a: Garchomp|flinch
|move|p1a: Milotic|Coil|p1a: Milotic
|-boost|p1a: Milotic|atk|1
|-boost|p1a: Milotic|def|1
|-boost|p1a: Milotic|accuracy|1
|
|upkeep
|turn|2
|inactive|yinobo has 30 seconds left.
|
|t:|1783435420
|detailschange|p2b: Charizard|Charizard-Mega-Y, L50, M, shiny
|-mega|p2b: Charizard|Charizard|Charizardite Y
|-weather|SunnyDay|[from] ability: Drought|[of] p2b: Charizard
|move|p1b: Raichu|Protect|p1b: Raichu
|-singleturn|p1b: Raichu|Protect
|move|p2a: Garchomp|Rock Slide|p1b: Raichu|[spread] p1a
|-activate|p1b: Raichu|move: Protect
|-damage|p1a: Milotic|85/100
|-damage|p2a: Garchomp|82/100|[from] item: Life Orb
|move|p2b: Charizard|Solar Beam||[still]
|-prepare|p2b: Charizard|Solar Beam
|-anim|p2b: Charizard|Solar Beam|p1a: Milotic
|-supereffective|p1a: Milotic|1
|-damage|p1a: Milotic|23/100
|move|p1a: Milotic|Coil|p1a: Milotic
|-boost|p1a: Milotic|atk|1
|-boost|p1a: Milotic|def|1
|-boost|p1a: Milotic|accuracy|1
|
|-weather|SunnyDay|[upkeep]
|-heal|p1a: Milotic|29/100|[from] item: Leftovers
|upkeep
|turn|3
|inactive|yinobo has 30 seconds left.
|
|t:|1783435447
|detailschange|p1b: Raichu|Raichu-Mega-Y, L50, F
|-mega|p1b: Raichu|Raichu|Raichunite Y
|move|p1b: Raichu|Zap Cannon|p2b: Charizard
|-supereffective|p2b: Charizard|1
|-damage|p2b: Charizard|0 fnt
|faint|p2b: Charizard
|move|p2a: Garchomp|Earthquake|p1b: Raichu|[spread] p1a,p1b
|-supereffective|p1b: Raichu|1
|-damage|p1a: Milotic|9/100
|-damage|p1b: Raichu|0 fnt
|faint|p1b: Raichu
|-damage|p2a: Garchomp|72/100|[from] item: Life Orb
|move|p1a: Milotic|Hypnosis|p2a: Garchomp
|-status|p2a: Garchomp|slp|[from] move: Hypnosis
|
|-weather|SunnyDay|[upkeep]
|-heal|p1a: Milotic|15/100|[from] item: Leftovers
|upkeep
|
|t:|1783435466
|switch|p1b: Sinistcha|Sinistcha, L50|100/100
|switch|p2b: Kingambit|Kingambit, L50, F, shiny|100/100
|-heal|p1a: Milotic|40/100|[from] ability: Hospitality|[of] p1b: Sinistcha
|turn|4
|
|t:|1783435482
|cant|p2a: Garchomp|slp
|move|p1a: Milotic|Hypnosis|p2b: Kingambit
|-status|p2b: Kingambit|slp|[from] move: Hypnosis
|cant|p2b: Kingambit|slp
|move|p1b: Sinistcha|Life Dew||[still]|[spread] p1a,p1b
|-heal|p1a: Milotic|65/100
|-fail|p1b: Sinistcha|heal
|
|-weather|SunnyDay|[upkeep]
|-heal|p1a: Milotic|71/100|[from] item: Leftovers
|upkeep
|turn|5
|
|t:|1783435501
|-curestatus|p2a: Garchomp|slp|[msg]
|move|p2a: Garchomp|Rock Slide|p1b: Sinistcha|[spread] p1a,p1b
|-damage|p1a: Milotic|60/100
|-damage|p1b: Sinistcha|79/100
|-damage|p2a: Garchomp|62/100|[from] item: Life Orb
|move|p1a: Milotic|Muddy Water|p2b: Kingambit|[spread] p2a,p2b
|-damage|p2a: Garchomp|49/100
|-damage|p2b: Kingambit|89/100 slp
|-unboost|p2b: Kingambit|accuracy|1
|-ability|p2b: Kingambit|Defiant|boost
|-boost|p2b: Kingambit|atk|2
|cant|p2b: Kingambit|slp
|cant|p1b: Sinistcha|flinch
|
|-weather|SunnyDay|[upkeep]
|-heal|p1a: Milotic|66/100|[from] item: Leftovers
|upkeep
|turn|6
|
|t:|1783435522
|move|p2a: Garchomp|Rock Slide|p1b: Sinistcha|[spread] p1a,p1b
|-damage|p1a: Milotic|55/100
|-damage|p1b: Sinistcha|59/100
|-damage|p2a: Garchomp|39/100|[from] item: Life Orb
|move|p1a: Milotic|Coil|p1a: Milotic
|-boost|p1a: Milotic|atk|1
|-boost|p1a: Milotic|def|1
|-boost|p1a: Milotic|accuracy|1
|-curestatus|p2b: Kingambit|slp|[msg]
|move|p2b: Kingambit|Kowtow Cleave|p1a: Milotic
|-damage|p1a: Milotic|24/100
|move|p1b: Sinistcha|Matcha Gotcha|p2b: Kingambit|[spread] p2a,p2b
|-resisted|p2b: Kingambit|1
|-damage|p2a: Garchomp|11/100
|-heal|p1b: Sinistcha|74/100|[from] drain|[of] p2a: Garchomp
|-damage|p2b: Kingambit|76/100
|-heal|p1b: Sinistcha|80/100|[from] drain|[of] p2b: Kingambit
|-status|p2b: Kingambit|brn
|
|-weather|none
|-heal|p1a: Milotic|30/100|[from] item: Leftovers
|-damage|p2b: Kingambit|70/100 brn|[from] brn
|upkeep
|turn|7
|inactive|yinobo has 30 seconds left.
|
|t:|1783435548
|move|p1b: Sinistcha|Rage Powder|p1b: Sinistcha
|-singleturn|p1b: Sinistcha|move: Rage Powder
|move|p2a: Garchomp|Dragon Claw|p1b: Sinistcha
|-damage|p1b: Sinistcha|38/100
|-damage|p2a: Garchomp|1/100|[from] item: Life Orb
|move|p1a: Milotic|Hypnosis|p2a: Garchomp
|-status|p2a: Garchomp|slp|[from] move: Hypnosis
|move|p2b: Kingambit|Kowtow Cleave|p1b: Sinistcha
|-supereffective|p1b: Sinistcha|1
|-damage|p1b: Sinistcha|0 fnt
|faint|p1b: Sinistcha
|
|-heal|p1a: Milotic|36/100|[from] item: Leftovers
|-damage|p2b: Kingambit|63/100 brn|[from] brn
|upkeep
|
|t:|1783435550
|switch|p1b: Incineroar|Incineroar, L50, M|100/100
|-ability|p1b: Incineroar|Intimidate|boost
|-unboost|p2a: Garchomp|atk|1
|-unboost|p2b: Kingambit|atk|1
|-ability|p2b: Kingambit|Defiant|boost
|-boost|p2b: Kingambit|atk|2
|turn|8
|
|t:|1783435573
|switch|p2a: Farigiraf|Farigiraf, L50, M, shiny|100/100
|move|p1a: Milotic|Muddy Water|p2a: Farigiraf|[spread] p2a,p2b
|-damage|p2a: Farigiraf|77/100
|-damage|p2b: Kingambit|38/100 brn
|-unboost|p2a: Farigiraf|accuracy|1
|move|p2b: Kingambit|Kowtow Cleave|p1a: Milotic
|-damage|p1a: Milotic|15/100
|move|p1b: Incineroar|Flare Blitz|p2b: Kingambit
|-supereffective|p2b: Kingambit|1
|-damage|p2b: Kingambit|0 fnt
|faint|p2b: Kingambit
|-damage|p1b: Incineroar|89/100|[from] Recoil
|
|-heal|p1a: Milotic|21/100|[from] item: Leftovers
|upkeep
|
|t:|1783435591
|switch|p2b: Garchomp|Garchomp, L50, M, shiny|1/100 slp
|turn|9
|
|t:|1783435598
|cant|p2b: Garchomp|slp
|move|p1a: Milotic|Muddy Water|p2b: Garchomp|[spread] p2a,p2b
|-damage|p2a: Farigiraf|55/100
|-damage|p2b: Garchomp|0 fnt
|faint|p2b: Garchomp
|move|p1b: Incineroar|Throat Chop|p2a: Farigiraf
|-supereffective|p2a: Farigiraf|1
|-damage|p2a: Farigiraf|8/100
|-start|p2a: Farigiraf|Throat Chop|[silent]
|-enditem|p2a: Farigiraf|Sitrus Berry|[eat]
|-heal|p2a: Farigiraf|33/100|[from] item: Sitrus Berry
|move|p2a: Farigiraf|Thunderbolt|p1a: Milotic
|-supereffective|p1a: Milotic|1
|-damage|p1a: Milotic|0 fnt
|faint|p1a: Milotic
|
|upkeep
|turn|10
|
|t:|1783435615
|move|p1b: Incineroar|Throat Chop|p2a: Farigiraf
|-supereffective|p2a: Farigiraf|1
|-damage|p2a: Farigiraf|0 fnt
|faint|p2a: Farigiraf
|
|win|Ossi1590
|l|☆yinobo
|player|p2|
|inactive|Ossi1590 has 30 seconds to confirm battle start!
|inactive|yinobo has 30 seconds to confirm battle start!
|j|☆yinobo
|player|p2|yinobo|lucas|
||Ossi1590 is ready for game 2.
||yinobo is ready for game 2.
|uhtml|next|Next: Game 2 of 3
