|j|☆C.blaze
|j|☆Prepucio Santos
|html|C.blazePrepucio Santos    
|uhtml|bestof|Game 1 of a best-of-3
|t:|1783270085
|gametype|doubles
|player|p1|C.blaze|1|1123
|player|p2|Prepucio Santos|striker|1164
|gen|9
|tier|[Gen 9 Champions] VGC 2026 Reg M-B (Bo3)
|rated|
|rule|Species Clause: Limit one of each Pokémon
|rule|Item Clause: Limit 1 of each item
|clearpoke
|poke|p1|Mawile, L50, M|
|poke|p1|Hydreigon, L50, M|
|poke|p1|Oranguru, L50, F|
|poke|p1|Rotom-Wash, L50|
|poke|p1|Sylveon, L50, M|
|poke|p1|Talonflame, L50, M|
|poke|p2|Incineroar, L50, F|
|poke|p2|Sinistcha-Masterpiece, L50, shiny|
|poke|p2|Floette-Eternal, L50, F|
|poke|p2|Kingambit, L50, M|
|poke|p2|Sneasler, L50, M|
|poke|p2|Delphox, L50, F, shiny|
|teampreview|4
|showteam|p1|Mawile||Mawilite|Intimidate|PlayRough,IronHead,Protect,RockSlide|Brave||M|||50|]Hydreigon||HabanBerry|Levitate|DracoMeteor,DarkPulse,Protect,Snarl|Timid||M|||50|]Oranguru||MentalHerb|InnerFocus|Psychic,Encore,Instruct,TrickRoom|Sassy||F|||50|]Rotom-Wash||SitrusBerry|Levitate|Thunderbolt,HydroPump,Electroweb,WillOWisp|Timid|||||50|]Sylveon||FairyFeather|Pixilate|HyperVoice,HyperBeam,Protect,MysticalFire|Modest||M|||50|]Talonflame||SharpBeak|GaleWings|DualWingbeat,FlareBlitz,Protect,Tailwind|Jolly||M|||50|
|showteam|p2|Incineroar||SitrusBerry|Intimidate|FakeOut,PartingShot,ThroatChop,FlareBlitz|Careful||F|||50|]Sinistcha-Masterpiece||KasibBerry|Hospitality|MatchaGotcha,LifeDew,RagePowder,TrickRoom|Bold|||||50|]Floette-Eternal||Floettite|FlowerVeil|Moonblast,DazzlingGleam,CalmMind,Protect|Modest||F|||50|]Kingambit||BlackGlasses|Defiant|KowtowCleave,SuckerPunch,SwordsDance,Protect|Adamant||M|||50|]Sneasler||FocusSash|PoisonTouch|FakeOut,CloseCombat,DireClaw,QuickGuard|Jolly||M|||50|]Delphox||Delphoxite|Blaze|HeatWave,Psyshock,NastyPlot,Protect|Timid||F|||50|
|inactive|Battle timer is ON: inactive players will automatically lose when time's up. (requested by Prepucio Santos)
|
|t:|1783270111
|teamsize|p1|4
|teamsize|p2|4
|start
|switch|p1a: Talonflame|Talonflame, L50, M|100/100
|switch|p1b: Hydreigon|Hydreigon, L50, M|100/100
|switch|p2a: Incineroar|Incineroar, L50, F|100/100
|switch|p2b: Floette|Floette-Eternal, L50, F|100/100
|-ability|p2a: Incineroar|Intimidate|boost
|-unboost|p1a: Talonflame|atk|1
|-unboost|p1b: Hydreigon|atk|1
|turn|1
|inactive|C.blaze has 30 seconds left.
|inactive|Prepucio Santos has 30 seconds left.
|inactive|Prepucio Santos has 20 seconds left.
|
|t:|1783270146
|detailschange|p2b: Floette|Floette-Mega, L50, F
|-mega|p2b: Floette|Floette|Floettite
|-ability|p2b: Floette|Fairy Aura
|move|p1a: Talonflame|Protect|p1a: Talonflame
|-singleturn|p1a: Talonflame|Protect
|move|p1b: Hydreigon|Protect|p1b: Hydreigon
|-singleturn|p1b: Hydreigon|Protect
|move|p2a: Incineroar|Fake Out|p1a: Talonflame
|-activate|p1a: Talonflame|move: Protect
|move|p2b: Floette|Calm Mind|p2b: Floette
|-boost|p2b: Floette|spa|1
|-boost|p2b: Floette|spd|1
|
|upkeep
|turn|2
|inactive|Prepucio Santos has 30 seconds left.
|
|t:|1783270173
|move|p1a: Talonflame|Tailwind|p1a: Talonflame
|-sidestart|p1: C.blaze|move: Tailwind
|move|p1b: Hydreigon|Snarl|p2b: Floette|[spread] p2a,p2b
|-resisted|p2a: Incineroar|1
|-resisted|p2b: Floette|1
|-damage|p2a: Incineroar|92/100
|-damage|p2b: Floette|95/100
|-unboost|p2a: Incineroar|spa|1
|-unboost|p2b: Floette|spa|1
|move|p2b: Floette|Dazzling Gleam|p1a: Talonflame|[spread] p1a,p1b
|-resisted|p1a: Talonflame|1
|-supereffective|p1b: Hydreigon|2
|-damage|p1a: Talonflame|62/100
|-damage|p1b: Hydreigon|0 fnt
|faint|p1b: Hydreigon
|move|p2a: Incineroar|Parting Shot|p1a: Talonflame
|-unboost|p1a: Talonflame|atk|1
|-unboost|p1a: Talonflame|spa|1
|
|t:|1783270187
|switch|p2a: Sneasler|Sneasler, L50, M|100/100|[from] Parting Shot
|
|upkeep
|
|t:|1783270194
|switch|p1b: Mawile|Mawile, L50, M|100/100
|-ability|p1b: Mawile|Intimidate|boost
|-unboost|p2a: Sneasler|atk|1
|-unboost|p2b: Floette|atk|1
|turn|3
|
|t:|1783270210
|switch|p1a: Rotom|Rotom-Wash, L50|100/100
|detailschange|p1b: Mawile|Mawile-Mega, L50, M
|-mega|p1b: Mawile|Mawile|Mawilite
|move|p2a: Sneasler|Fake Out|p1b: Mawile
|-resisted|p1b: Mawile|1
|-damage|p1b: Mawile|95/100
|cant|p1b: Mawile|flinch
|move|p2b: Floette|Calm Mind|p2b: Floette
|-boost|p2b: Floette|spa|1
|-boost|p2b: Floette|spd|1
|
|upkeep
|turn|4
|
|t:|1783270223
|switch|p2a: Incineroar|Incineroar, L50, F|92/100
|-ability|p2a: Incineroar|Intimidate|boost
|-unboost|p1a: Rotom|atk|1
|-unboost|p1b: Mawile|atk|1
|move|p2b: Floette|Protect|p2b: Floette
|-singleturn|p2b: Floette|Protect
|move|p1a: Rotom|Hydro Pump|p2a: Incineroar
|-supereffective|p2a: Incineroar|1
|-damage|p2a: Incineroar|21/100
|-enditem|p2a: Incineroar|Sitrus Berry|[eat]
|-heal|p2a: Incineroar|46/100|[from] item: Sitrus Berry
|move|p1b: Mawile|Play Rough|p2a: Incineroar|[miss]
|-miss|p1b: Mawile|p2a: Incineroar
|
|upkeep
|turn|5
|
|t:|1783270248
|switch|p1b: Talonflame|Talonflame, L50, M|62/100
|move|p2a: Incineroar|Fake Out|p1b: Talonflame
|-damage|p1b: Talonflame|45/100
|move|p1a: Rotom|Electroweb|p2b: Floette|[spread] p2a,p2b
|-damage|p2a: Incineroar|32/100
|-damage|p2b: Floette|88/100
|-unboost|p2a: Incineroar|spe|1
|-unboost|p2b: Floette|spe|1
|move|p2b: Floette|Moonblast|p1a: Rotom
|-damage|p1a: Rotom|0 fnt
|faint|p1a: Rotom
|
|-sideend|p1: C.blaze|move: Tailwind
|upkeep
|
|t:|1783270251
|switch|p1a: Mawile|Mawile-Mega, L50, M|95/100
|turn|6
|
|t:|1783270256
|move|p2b: Floette|Protect|p2b: Floette
|-singleturn|p2b: Floette|Protect
|move|p1b: Talonflame|Dual Wingbeat|p2a: Incineroar
|-damage|p2a: Incineroar|15/100
|-damage|p2a: Incineroar|0 fnt
|faint|p2a: Incineroar
|-hitcount|p2: Incineroar|2
|move|p1a: Mawile|Iron Head|p2b: Floette
|-activate|p2b: Floette|move: Protect
|
|upkeep
|
|t:|1783270266
|switch|p2a: Sinistcha|Sinistcha-Masterpiece, L50, shiny|100/100
|-heal|p2b: Floette|100/100|[from] ability: Hospitality|[of] p2a: Sinistcha
|turn|7
|inactive|C.blaze has 30 seconds left.
|inactive|C.blaze has 20 seconds left.
|l|☆C.blaze
|inactive|C.blaze disconnected and has a minute to reconnect!
|player|p1|
|inactive|C.blaze has 15 seconds left.
|inactive|C.blaze has 10 seconds left.
|inactive|C.blaze has 5 seconds left.
|-message|C.blaze lost due to inactivity.
|
|win|Prepucio Santos
||Prepucio Santos is ready for game 2.
|inactive|C.blaze has 30 seconds to confirm battle start!
|j|☆C.blaze
|player|p1|C.blaze|1|
||C.blaze is ready for game 2.
|uhtml|next|Next: Game 2 of 3
|l|☆C.blaze
|player|p1|
