|j|☆regalac3
|j|☆itangood5
|html|regalac3itangood5    
|uhtml|bestof|Game 1 of a best-of-3
|t:|1783058470
|gametype|doubles
|player|p1|regalac3|n|1169
|player|p2|itangood5|nate|1131
|gen|9
|tier|[Gen 9 Champions] VGC 2026 Reg M-B (Bo3)
|rated|
|rule|Species Clause: Limit one of each Pokémon
|rule|Item Clause: Limit 1 of each item
|clearpoke
|poke|p1|Aerodactyl, L50, F|
|poke|p1|Pyroar, L50, M|
|poke|p1|Farigiraf, L50, M|
|poke|p1|Mamoswine, L50, M|
|poke|p1|Venusaur, L50, M|
|poke|p1|Torkoal, L50, F|
|poke|p2|Raichu, L50, M|
|poke|p2|Palafin, L50, F|
|poke|p2|Emolga, L50, F|
|poke|p2|Meowscarada, L50, M|
|poke|p2|Dragonite, L50, F, shiny|
|poke|p2|Gengar, L50, M|
|teampreview|4
|showteam|p1|Aerodactyl||Aerodactylite|Unnerve|RockSlide,DualWingbeat,IceFang,Tailwind|Jolly||F|||50|]Pyroar||Pyroarite|Unnerve|HeatWave,SolarBeam,Overheat,Protect|Timid||M|||50|]Farigiraf||SitrusBerry|ArmorTail|Psychic,Thunderbolt,HelpingHand,TrickRoom|Modest||M|||50|]Mamoswine||LifeOrb|Oblivious|IcicleCrash,HighHorsepower,IceShard,Protect|Adamant||M|||50|]Venusaur||FocusSash|Chlorophyll|LeafStorm,SludgeBomb,SleepPowder,Protect|Modest||M|||50|]Torkoal||Charcoal|Drought|Eruption,WeatherBall,HelpingHand,Protect|Quiet||F|||50|
|showteam|p2|Raichu||RaichuniteY|LightningRod|ZapCannon,Protect,FocusBlast,FakeOut|Timid||M|||50|]Palafin||MysticWater|ZerotoHero|JetPunch,Protect,WaveCrash,CloseCombat|Adamant||F|||50|]Emolga||FocusSash|MotorDrive|Protect,AirSlash,Encore,ThunderWave|Modest||F|||50|]Meowscarada||ChoiceScarf|Protean|FlowerTrick,TripleAxel,KnockOff,Uturn|Adamant||M|||50|]Dragonite||LifeOrb|InnerFocus|Protect,Outrage,RockSlide,ExtremeSpeed|Jolly||F|||50|]Gengar||Gengarite|CursedBody|Protect,SludgeBomb,ShadowBall,WillOWisp|Timid||M|||50|
|inactive|Battle timer is ON: inactive players will automatically lose when time's up. (requested by itangood5)
|inactive|itangood5 has 60 seconds left.
|
|t:|1783058514
|teamsize|p1|4
|teamsize|p2|4
|start
|switch|p1a: Pyroar|Pyroar, L50, M|100/100
|switch|p1b: Farigiraf|Farigiraf, L50, M|100/100
|switch|p2a: Izzy|Raichu, L50, M|100/100
|switch|p2b: Phoenix|Meowscarada, L50, M|100/100
|-ability|p1a: Pyroar|Unnerve
|turn|1
|
|t:|1783058535
|switch|p1b: Torkoal|Torkoal, L50, F|100/100
|-weather|SunnyDay|[from] ability: Drought|[of] p1b: Torkoal
|detailschange|p1a: Pyroar|Pyroar-Mega, L50, M
|-mega|p1a: Pyroar|Pyroar|Pyroarite
|detailschange|p2a: Izzy|Raichu-Mega-Y, L50, M
|-mega|p2a: Izzy|Raichu|Raichunite Y
|move|p2b: Phoenix|Knock Off|p1b: Torkoal
|-start|p2b: Phoenix|typechange|Dark|[from] ability: Protean
|-damage|p1b: Torkoal|65/100
|-enditem|p1b: Torkoal|Charcoal|[from] move: Knock Off|[of] p2b: Phoenix
|move|p1a: Pyroar|Heat Wave|p2b: Phoenix|[spread] p2a,p2b
|-damage|p2a: Izzy|7/100
|-damage|p2b: Phoenix|0 fnt
|faint|p2b: Phoenix
|move|p2a: Izzy|Focus Blast|p1a: Pyroar
|-supereffective|p1a: Pyroar|1
|-damage|p1a: Pyroar|0 fnt
|faint|p1a: Pyroar
|
|-weather|SunnyDay|[upkeep]
|upkeep
|
|t:|1783058559
|switch|p1a: Farigiraf|Farigiraf, L50, M|100/100
|switch|p2b: Lily|Emolga, L50, F|100/100
|turn|2
|
|t:|1783058569
|move|p1b: Torkoal|Protect|p1b: Torkoal
|-singleturn|p1b: Torkoal|Protect
|move|p2a: Izzy|Zap Cannon|p1b: Torkoal
|-activate|p1b: Torkoal|move: Protect
|move|p2b: Lily|Air Slash|p1a: Farigiraf
|-damage|p1a: Farigiraf|76/100
|move|p1a: Farigiraf|Trick Room|p1a: Farigiraf
|-fieldstart|move: Trick Room|[of] p1a: Farigiraf
|
|-weather|SunnyDay|[upkeep]
|upkeep
|turn|3
|
|t:|1783058588
|move|p1a: Farigiraf|Helping Hand|p1b: Torkoal
|-singleturn|p1b: Torkoal|Helping Hand|[of] p1a: Farigiraf
|move|p2b: Lily|Protect|p2b: Lily
|-singleturn|p2b: Lily|Protect
|move|p2a: Izzy|Protect|p2a: Izzy
|-singleturn|p2a: Izzy|Protect
|move|p1b: Torkoal|Eruption|p2b: Lily|[spread] 
|-activate|p2a: Izzy|move: Protect
|-activate|p2b: Lily|move: Protect
|
|-weather|SunnyDay|[upkeep]
|upkeep
|turn|4
|
|t:|1783058599
|move|p1a: Farigiraf|Helping Hand|p1b: Torkoal
|-singleturn|p1b: Torkoal|Helping Hand|[of] p1a: Farigiraf
|move|p1b: Torkoal|Eruption|p2a: Izzy|[spread] p2a,p2b
|-damage|p2a: Izzy|0 fnt
|-enditem|p2b: Lily|Focus Sash
|-damage|p2b: Lily|1/100
|faint|p2a: Izzy
|move|p2b: Lily|Air Slash|p1b: Torkoal
|-damage|p1b: Torkoal|31/100
|
|-weather|SunnyDay|[upkeep]
|upkeep
|
|t:|1783058600
|switch|p2a: Oliver|Dragonite, L50, F, shiny|100/100
|turn|5
|
|t:|1783058618
|move|p2b: Lily|Protect|p2b: Lily
|-singleturn|p2b: Lily|Protect
|move|p1b: Torkoal|Eruption|p2a: Oliver|[spread] p2a
|-activate|p2b: Lily|move: Protect
|-resisted|p2a: Oliver|1
|-damage|p2a: Oliver|91/100
|move|p1a: Farigiraf|Thunderbolt|p2a: Oliver
|-damage|p2a: Oliver|66/100
|-status|p2a: Oliver|par
|move|p2a: Oliver|Outrage|p1a: Farigiraf
|-damage|p1a: Farigiraf|14/100
|-enditem|p1a: Farigiraf|Sitrus Berry|[eat]
|-heal|p1a: Farigiraf|39/100|[from] item: Sitrus Berry
|-damage|p2a: Oliver|57/100 par|[from] item: Life Orb
|
|-weather|none
|upkeep
|turn|6
|
|t:|1783058640
|switch|p1b: Mamoswine|Mamoswine, L50, M|100/100
|move|p2a: Oliver|Outrage|p1a: Farigiraf|[from] lockedmove
|-damage|p1a: Farigiraf|0 fnt
|faint|p1a: Farigiraf
|-damage|p2a: Oliver|47/100 par|[from] item: Life Orb
|-start|p2a: Oliver|confusion|[fatigue]
|move|p2b: Lily|Air Slash|p1b: Mamoswine
|-damage|p1b: Mamoswine|64/100
|
|-fieldend|move: Trick Room
|upkeep
|
|t:|1783058643
|switch|p1a: Torkoal|Torkoal, L50, F|31/100
|-weather|SunnyDay|[from] ability: Drought|[of] p1a: Torkoal
|turn|7
|
|t:|1783058656
|move|p1b: Mamoswine|Ice Shard|p2a: Oliver
|-supereffective|p2a: Oliver|2
|-damage|p2a: Oliver|0 fnt
|faint|p2a: Oliver
|-damage|p1b: Mamoswine|55/100|[from] item: Life Orb
|move|p2b: Lily|Air Slash|p1b: Mamoswine
|-damage|p1b: Mamoswine|22/100
|move|p1a: Torkoal|Weather Ball|p2b: Lily
|-damage|p2b: Lily|0 fnt
|faint|p2b: Lily
|
|win|regalac3
||itangood5 is ready for game 2.
