|j|☆geardox
|j|☆Zengikk
|html|geardoxZengikk    
|uhtml|bestof|Game 3 of a best-of-3
|t:|1756563977
|gametype|doubles
|player|p1|geardox|cyclist|1121
|player|p2|Zengikk|giovanni|1138
|gen|9
|tier|[Gen 9] VGC 2025 Reg H (Bo3)
|rated|
|rule|Species Clause: Limit one of each Pokémon
|rule|Item Clause: Limit 1 of each item
|clearpoke
|poke|p1|Sneasler, L50, M|
|poke|p1|Garchomp, L50, M|
|poke|p1|Corviknight, L50, F|
|poke|p1|Archaludon, L50, M|
|poke|p1|Amoonguss, L50, F|
|poke|p1|Incineroar, L50, M|
|poke|p2|Sneasler, L50, M|
|poke|p2|Dragapult, L50, F|
|poke|p2|Primarina, L50, M|
|poke|p2|Rillaboom, L50, M|
|poke|p2|Kingambit, L50, M|
|poke|p2|Magmar, L50, M|
|teampreview|4
|showteam|p1|Sneasler||FocusSash|Unburden|DireClaw,CloseCombat,ThroatChop,Coaching|||M|||50|,,,,,Ghost]Garchomp||LifeOrb|RoughSkin|Protect,Earthquake,DragonClaw,StompingTantrum|||M|||50|,,,,,Ground]Corviknight||SitrusBerry|MirrorArmor|BraveBird,Tailwind,Roost,Taunt|||F|||50|,,,,,Fire]Archaludon||PowerHerb|Stamina|Protect,DracoMeteor,FlashCannon,ElectroShot|||M|||50|,,,,,Dragon]Amoonguss||RockyHelmet|Regenerator|ClearSmog,RagePowder,Spore,PollenPuff|||F|||50|,,,,,Water]Incineroar||AssaultVest|Intimidate|KnockOff,FlareBlitz,FakeOut,Uturn|||M|||50|,,,,,Ghost
|showteam|p2|Sneasler||FocusSash|PoisonTouch|CloseCombat,DireClaw,FakeOut,Protect|||M|||50|,,,,,Stellar]Dragapult||ChoiceBand|ClearBody|DragonDarts,TeraBlast,PhantomForce,Uturn|||F|||50|,,,,,Ghost]Primarina||SitrusBerry|LiquidVoice|HyperVoice,Moonblast,Haze,Protect|||M|||50|,,,,,Water]Rillaboom||AssaultVest|GrassySurge|WoodHammer,GrassyGlide,HighHorsepower,FakeOut|||M|||50|,,,,,Fire]Kingambit||BlackGlasses|Defiant|KowtowCleave,SuckerPunch,SwordsDance,Protect|||M|||50|,,,,,Ghost]Magmar||Eviolite|VitalSpirit|Overheat,WillOWisp,FollowMe,Protect|||M|||50|,,,,,Ghost
|inactive|Battle timer is ON: inactive players will automatically lose when time's up. (requested by Zengikk)
|
|t:|1756564023
|teamsize|p1|4
|teamsize|p2|4
|start
|switch|p1a: Riku|Sneasler, L50, M|100/100
|switch|p1b: Chica|Corviknight, L50, F|100/100
|switch|p2a: Sneasler|Sneasler, L50, M|100/100
|switch|p2b: Primarina|Primarina, L50, M|100/100
|turn|1
|
|t:|1756564037
|move|p2a: Sneasler|Fake Out|p1a: Riku
|-damage|p1a: Riku|75/100
|cant|p1a: Riku|flinch
|move|p1b: Chica|Tailwind|p1b: Chica
|-sidestart|p1: geardox|move: Tailwind
|move|p2b: Primarina|Hyper Voice|p1a: Riku|[spread] p1a,p1b
|-damage|p1a: Riku|30/100
|-damage|p1b: Chica|78/100
|
|upkeep
|turn|2
|
|t:|1756564058
|-terastallize|p2b: Primarina|Water
|move|p1a: Riku|Dire Claw|p2a: Sneasler
|-resisted|p2a: Sneasler
|-damage|p2a: Sneasler|66/100
|move|p1b: Chica|Brave Bird|p2a: Sneasler
|-supereffective|p2a: Sneasler
|-damage|p2a: Sneasler|0 fnt
|faint|p2a: Sneasler
|-damage|p1b: Chica|62/100|[from] Recoil
|move|p2b: Primarina|Hyper Voice|p1b: Chica|[spread] p1a,p1b
|-damage|p1a: Riku|0 fnt
|-damage|p1b: Chica|30/100
|-enditem|p1b: Chica|Sitrus Berry|[eat]
|-heal|p1b: Chica|55/100|[from] item: Sitrus Berry
|faint|p1a: Riku
|
|upkeep
|
|t:|1756564076
|switch|p2a: Magmar|Magmar, L50, M|100/100
|switch|p1a: Stinky Pete|Garchomp, L50, M|100/100
|turn|3
|
|t:|1756564089
|-terastallize|p1a: Stinky Pete|Ground
|move|p1a: Stinky Pete|Earthquake|p2b: Primarina|[spread] p2a,p2b
|-immune|p1b: Chica
|-supereffective|p2a: Magmar
|-damage|p2a: Magmar|0 fnt
|-damage|p2b: Primarina|34/100
|-enditem|p2b: Primarina|Sitrus Berry|[eat]
|-heal|p2b: Primarina|59/100|[from] item: Sitrus Berry
|faint|p2a: Magmar
|-damage|p1a: Stinky Pete|91/100|[from] item: Life Orb
|move|p1b: Chica|Brave Bird|p2b: Primarina
|-damage|p2b: Primarina|21/100
|-damage|p1b: Chica|44/100|[from] Recoil
|move|p2b: Primarina|Hyper Voice|p1a: Stinky Pete|[spread] p1a,p1b
|-supereffective|p1a: Stinky Pete
|-damage|p1a: Stinky Pete|5/100
|-damage|p1b: Chica|10/100
|
|upkeep
|
|t:|1756564107
|switch|p2a: Kingambit|Kingambit, L50, M|100/100
|turn|4
|
|t:|1756564122
|move|p1a: Stinky Pete|Protect|p1a: Stinky Pete
|-singleturn|p1a: Stinky Pete|Protect
|move|p2a: Kingambit|Sucker Punch||[still]
|-fail|p2a: Kingambit
|move|p1b: Chica|Taunt|p2a: Kingambit
|-start|p2a: Kingambit|move: Taunt
|move|p2b: Primarina|Hyper Voice|p1b: Chica|[spread] p1b
|-activate|p1a: Stinky Pete|move: Protect
|-damage|p1b: Chica|0 fnt
|faint|p1b: Chica
|
|-sideend|p1: geardox|move: Tailwind
|upkeep
|
|t:|1756564133
|switch|p1b: Incineroar|Incineroar, L50, M|100/100
|-ability|p1b: Incineroar|Intimidate|boost
|-unboost|p2a: Kingambit|atk|1
|-ability|p2a: Kingambit|Defiant|boost
|-boost|p2a: Kingambit|atk|2
|-unboost|p2b: Primarina|atk|1
|turn|5
|inactive|Zengikk has 30 seconds left.
|inactive|Zengikk has 20 seconds left.
|
|t:|1756564170
|move|p1b: Incineroar|Fake Out|p2a: Kingambit
|-resisted|p2a: Kingambit
|-damage|p2a: Kingambit|96/100
|move|p1a: Stinky Pete|Earthquake|p2b: Primarina|[spread] p1b,p2a,p2b
|-supereffective|p1b: Incineroar
|-supereffective|p2a: Kingambit
|-damage|p1b: Incineroar|0 fnt
|-damage|p2a: Kingambit|0 fnt
|-damage|p2b: Primarina|0 fnt
|faint|p1b: Incineroar
|faint|p2a: Kingambit
|faint|p2b: Primarina
|-damage|p1a: Stinky Pete|0 fnt|[from] item: Life Orb
|faint|p1a: Stinky Pete
|
|win|geardox
|raw|geardox's rating: 1121 → 1147(+26 for winning)
|raw|Zengikk's rating: 1138 → 1112(-26 for losing)
|c|☆geardox|ggs
