|j|☆Sehbaiii
|j|☆vglabmty
|html|Sehbaiiivglabmty    
|uhtml|bestof|Game 3 of a best-of-3
|t:|1784921093
|gametype|doubles
|player|p1|Sehbaiii|fisherman-gen4|1136
|player|p2|vglabmty|266|1210
|gen|9
|tier|[Gen 9 Champions] VGC 2026 Reg M-B (Bo3)
|rated|
|rule|Species Clause: Limit one of each Pokémon
|rule|Item Clause: Limit 1 of each item
|clearpoke
|poke|p1|Milotic, L50, F|
|poke|p1|Kommo-o, L50, M|
|poke|p1|Tyranitar, L50, M|
|poke|p1|Corviknight, L50, M|
|poke|p1|Excadrill, L50, F|
|poke|p1|Maushold-Four, L50|
|poke|p2|Excadrill, L50, F|
|poke|p2|Farigiraf, L50, F|
|poke|p2|Tyranitar, L50, M|
|poke|p2|Froslass, L50, F|
|poke|p2|Sneasler, L50, F|
|poke|p2|Kingambit, L50, F|
|teampreview|4
|showteam|p1|Milotic||SitrusBerry|Competitive|Coil,Hypnosis,Scald,Recover|Careful||F|||50|]Kommo-o||ExpertBelt|Bulletproof|ClangorousSoul,ClangingScales,BrickBreak,RockSlide|Naive||M|||50|]Tyranitar||Tyranitarite|SandStream|RockSlide,KnockOff,DragonDance,Protect|Adamant||M|||50|]Corviknight||Leftovers|MirrorArmor|Tailwind,IronDefense,BodyPress,Roost|Calm||M|||50|]Excadrill||LifeOrb|SandRush|RockSlide,HighHorsepower,IronHead,Protect|Adamant||F|||50|]Maushold-Four||WideLens|FriendGuard|ThunderWave,PopulationBomb,Protect,FollowMe|Jolly|||||50|
|showteam|p2|Excadrill||FocusSash|SandRush|HighHorsepower,Protect,IronHead,PoisonJab|Adamant||F|||50|]Farigiraf||SitrusBerry|ArmorTail|HelpingHand,Thunderbolt,TwinBeam,TrickRoom|Relaxed||F|||50|]Tyranitar||Tyranitarite|SandStream|DragonDance,KnockOff,RockSlide,Protect|Adamant||M|||50|]Froslass||Froslassite|CursedBody|AuroraVeil,Protect,Blizzard,ShadowBall|Timid||F|||50|]Sneasler||WhiteHerb|Unburden|FakeOut,DireClaw,CloseCombat,NightSlash|Adamant||F|||50|]Kingambit||BlackGlasses|Defiant|Protect,SwordsDance,SuckerPunch,KowtowCleave|Adamant||F|||50|
|
|t:|1784921118
|teamsize|p1|4
|teamsize|p2|4
|start
|switch|p1a: Milotic|Milotic, L50, F|100/100
|switch|p1b: Maushold|Maushold-Four, L50|100/100
|switch|p2a: Farigiraf|Farigiraf, L50, F|100/100
|switch|p2b: Sneasler|Sneasler, L50, F|100/100
|turn|1
|
|t:|1784921145
|move|p2b: Sneasler|Fake Out|p1b: Maushold
|-damage|p1b: Maushold|78/100
|cant|p1b: Maushold|flinch
|move|p1a: Milotic|Coil|p1a: Milotic
|-boost|p1a: Milotic|atk|1
|-boost|p1a: Milotic|def|1
|-boost|p1a: Milotic|accuracy|1
|move|p2a: Farigiraf|Thunderbolt|p1a: Milotic
|-supereffective|p1a: Milotic|1
|-damage|p1a: Milotic|80/100
|
|upkeep
|turn|2
|
|t:|1784921161
|switch|p2b: Froslass|Froslass, L50, F|100/100
|move|p1b: Maushold|Follow Me|p1b: Maushold
|-singleturn|p1b: Maushold|move: Follow Me
|move|p1a: Milotic|Hypnosis|p2b: Froslass
|-status|p2b: Froslass|slp|[from] move: Hypnosis
|move|p2a: Farigiraf|Thunderbolt|p1b: Maushold
|-damage|p1b: Maushold|50/100g
|
|upkeep
|turn|3
|
|t:|1784921177
|cant|p2b: Froslass|slp
|move|p1b: Maushold|Population Bomb|p2a: Farigiraf
|-damage|p2a: Farigiraf|95/100
|-damage|p2a: Farigiraf|91/100
|-damage|p2a: Farigiraf|86/100
|-damage|p2a: Farigiraf|81/100
|-damage|p2a: Farigiraf|77/100
|-damage|p2a: Farigiraf|73/100
|-damage|p2a: Farigiraf|67/100
|-damage|p2a: Farigiraf|63/100
|-damage|p2a: Farigiraf|59/100
|-damage|p2a: Farigiraf|55/100
|-hitcount|p2a: Farigiraf|10
|move|p1a: Milotic|Coil|p1a: Milotic
|-boost|p1a: Milotic|atk|1
|-boost|p1a: Milotic|def|1
|-boost|p1a: Milotic|accuracy|1
|move|p2a: Farigiraf|Twin Beam|p1b: Maushold
|-damage|p1b: Maushold|30/100
|-damage|p1b: Maushold|8/100
|-hitcount|p1b: Maushold|2
|
|upkeep
|turn|4
|
|t:|1784921205
|cant|p2b: Froslass|slp
|move|p1b: Maushold|Population Bomb|p2a: Farigiraf
|-damage|p2a: Farigiraf|50/100g
|-damage|p2a: Farigiraf|44/100
|-enditem|p2a: Farigiraf|Sitrus Berry|[eat]
|-heal|p2a: Farigiraf|69/100|[from] item: Sitrus Berry
|-damage|p2a: Farigiraf|65/100
|-damage|p2a: Farigiraf|60/100
|-damage|p2a: Farigiraf|56/100
|-damage|p2a: Farigiraf|51/100
|-crit|p2a: Farigiraf
|-damage|p2a: Farigiraf|45/100
|-damage|p2a: Farigiraf|40/100
|-damage|p2a: Farigiraf|36/100
|-damage|p2a: Farigiraf|32/100
|-hitcount|p2a: Farigiraf|10
|move|p1a: Milotic|Scald|p2b: Froslass
|-damage|p2b: Froslass|61/100 slp
|-start|p1a: Milotic|Disable|Scald|[from] ability: Cursed Body|[of] p2b: Froslass
|move|p2a: Farigiraf|Thunderbolt|p1a: Milotic
|-supereffective|p1a: Milotic|1
|-damage|p1a: Milotic|59/100
|
|upkeep
|turn|5
|
|t:|1784921241
|switch|p2a: Kingambit|Kingambit, L50, F|100/100
|detailschange|p2b: Froslass|Froslass-Mega, L50, F
|-mega|p2b: Froslass|Froslass|Froslassite
|-weather|Snowscape|[from] ability: Snow Warning|[of] p2b: Froslass
|-curestatus|p2b: Froslass|slp|[msg]
|move|p2b: Froslass|Blizzard|p1b: Maushold|[spread] p1a,p1b
|-resisted|p1a: Milotic|1
|-damage|p1a: Milotic|50/100y
|-damage|p1b: Maushold|0 fnt
|-enditem|p1a: Milotic|Sitrus Berry|[eat]
|-heal|p1a: Milotic|74/100|[from] item: Sitrus Berry
|faint|p1b: Maushold
|move|p1a: Milotic|Recover|p1a: Milotic
|-heal|p1a: Milotic|100/100
|
|-weather|Snowscape|[upkeep]
|upkeep
|
|t:|1784921267
|switch|p1b: Tyranitar|Tyranitar, L50, M|100/100
|-weather|Sandstorm|[from] ability: Sand Stream|[of] p1b: Tyranitar
|turn|6
|
|t:|1784921277
|switch|p2b: Farigiraf|Farigiraf, L50, F|32/100
|move|p2a: Kingambit|Protect|p2a: Kingambit
|-singleturn|p2a: Kingambit|Protect
|move|p1b: Tyranitar|Knock Off|p2b: Farigiraf
|-supereffective|p2b: Farigiraf|1
|-damage|p2b: Farigiraf|0 fnt
|faint|p2b: Farigiraf
|move|p1a: Milotic|Hypnosis|p2a: Kingambit
|-activate|p2a: Kingambit|move: Protect
|
|-weather|Sandstorm|[upkeep]
|-damage|p1a: Milotic|94/100|[from] Sandstorm
|upkeep
|
|t:|1784921285
|switch|p2b: Sneasler|Sneasler, L50, F|100/100
|turn|7
|
|t:|1784921313
|move|p2b: Sneasler|Fake Out|p1a: Milotic
|-crit|p1a: Milotic
|-damage|p1a: Milotic|68/100
|move|p1b: Tyranitar|Knock Off|p2b: Sneasler
|-resisted|p2b: Sneasler|1
|-damage|p2b: Sneasler|50/100g
|-enditem|p2b: Sneasler|White Herb|[from] move: Knock Off|[of] p1b: Tyranitar
|cant|p1a: Milotic|flinch
|move|p2a: Kingambit|Kowtow Cleave|p1a: Milotic
|-damage|p1a: Milotic|34/100
|
|-weather|Sandstorm|[upkeep]
|-damage|p2b: Sneasler|45/100|[from] Sandstorm
|-damage|p1a: Milotic|28/100|[from] Sandstorm
|-end|p1a: Milotic|Disable
|upkeep
|turn|8
|
|t:|1784921340
|move|p1b: Tyranitar|Protect|p1b: Tyranitar
|-singleturn|p1b: Tyranitar|Protect
|move|p2b: Sneasler|Close Combat|p1b: Tyranitar
|-activate|p1b: Tyranitar|move: Protect
|move|p1a: Milotic|Recover|p1a: Milotic
|-heal|p1a: Milotic|78/100
|move|p2a: Kingambit|Kowtow Cleave|p1a: Milotic
|-damage|p1a: Milotic|44/100
|
|-weather|Sandstorm|[upkeep]
|-damage|p2b: Sneasler|39/100|[from] Sandstorm
|-damage|p1a: Milotic|38/100|[from] Sandstorm
|upkeep
|turn|9
|
|t:|1784921358
|switch|p1b: Kommo-o|Kommo-o, L50, M|100/100
|move|p2b: Sneasler|Close Combat|p1b: Kommo-o
|-damage|p1b: Kommo-o|30/100
|-unboost|p2b: Sneasler|def|1
|-unboost|p2b: Sneasler|spd|1
|move|p1a: Milotic|Scald|p2b: Sneasler
|-damage|p2b: Sneasler|0 fnt
|faint|p2b: Sneasler
|move|p2a: Kingambit|Kowtow Cleave|p1a: Milotic
|-damage|p1a: Milotic|3/100
|
|-weather|Sandstorm|[upkeep]
|-damage|p1b: Kommo-o|24/100|[from] Sandstorm
|-damage|p1a: Milotic|0 fnt|[from] Sandstorm
|faint|p1a: Milotic
|upkeep
|
|t:|1784921373
|switch|p2b: Froslass|Froslass-Mega, L50, F|61/100
|switch|p1a: Tyranitar|Tyranitar, L50, M|100/100
|-weather|Snowscape|[from] ability: Snow Warning|[of] p2b: Froslass
|-weather|Sandstorm|[from] ability: Sand Stream|[of] p1a: Tyranitar
|turn|10
|
|t:|1784921397
|detailschange|p1a: Tyranitar|Tyranitar-Mega, L50, M
|-mega|p1a: Tyranitar|Tyranitar|Tyranitarite
|move|p2a: Kingambit|Protect|p2a: Kingambit
|-singleturn|p2a: Kingambit|Protect
|move|p2b: Froslass|Blizzard|p1b: Kommo-o|[spread] p1a,p1b
|-supereffective|p1b: Kommo-o|1
|-damage|p1a: Tyranitar|74/100
|-damage|p1b: Kommo-o|0 fnt
|faint|p1b: Kommo-o
|move|p1a: Tyranitar|Rock Slide|p2b: Froslass|[spread] p2b
|-activate|p2a: Kingambit|move: Protect
|-supereffective|p2b: Froslass|1
|-damage|p2b: Froslass|0 fnt
|faint|p2b: Froslass
|
|-weather|Sandstorm|[upkeep]
|upkeep
|turn|11
|
|t:|1784921421
|move|p1a: Tyranitar|Knock Off|p2a: Kingambit
|-resisted|p2a: Kingambit|1
|-damage|p2a: Kingambit|74/100
|-enditem|p2a: Kingambit|Black Glasses|[from] move: Knock Off|[of] p1a: Tyranitar
|move|p2a: Kingambit|Kowtow Cleave|p1a: Tyranitar
|-resisted|p1a: Tyranitar|1
|-damage|p1a: Tyranitar|55/100
|
|-weather|Sandstorm|[upkeep]
|upkeep
|turn|12
|
|t:|1784921438
|move|p1a: Tyranitar|Rock Slide|p2a: Kingambit
|-resisted|p2a: Kingambit|1
|-damage|p2a: Kingambit|56/100
|move|p2a: Kingambit|Swords Dance|p2a: Kingambit
|-boost|p2a: Kingambit|atk|2
|
|-weather|Sandstorm|[upkeep]
|upkeep
|turn|13
|
|t:|1784921445
|move|p1a: Tyranitar|Rock Slide|p2a: Kingambit
|-resisted|p2a: Kingambit|1
|-damage|p2a: Kingambit|37/100
|cant|p2a: Kingambit|flinch
|
|-weather|Sandstorm|[upkeep]
|upkeep
|turn|14
|
|t:|1784921452
|move|p2a: Kingambit|Sucker Punch|p1a: Tyranitar
|-resisted|p1a: Tyranitar|1
|-damage|p1a: Tyranitar|27/100
|move|p1a: Tyranitar|Rock Slide|p2a: Kingambit
|-resisted|p2a: Kingambit|1
|-damage|p2a: Kingambit|20/100y
|
|-weather|none
|upkeep
|turn|15
|
|t:|1784921468
|move|p1a: Tyranitar|Rock Slide|p2a: Kingambit
|-resisted|p2a: Kingambit|1
|-damage|p2a: Kingambit|2/100
|move|p2a: Kingambit|Kowtow Cleave|p1a: Tyranitar
|-resisted|p1a: Tyranitar|1
|-damage|p1a: Tyranitar|0 fnt
|faint|p1a: Tyranitar
|
|win|vglabmty
|raw|Sehbaiii's rating: 1136 → 1116(-20 for losing)
|raw|vglabmty's rating: 1210 → 1230(+20 for winning)
|c|☆Sehbaiii|damn
|l|☆vglabmty
|player|p2|
|c|☆Sehbaiii|ggs
|l|☆Sehbaiii
|player|p1|
|j|☆Sehbaiii
|player|p1|Sehbaiii|fisherman-gen4|
