|j|☆Treit_3
|j|☆Moitamo
|html|Treit_3Moitamo    
|uhtml|bestof|Game 1 of a best-of-3
|t:|1783435178
|gametype|doubles
|player|p1|Treit_3|marshal|1073
|player|p2|Moitamo|101|1111
|gen|9
|tier|[Gen 9 Champions] VGC 2026 Reg M-B (Bo3)
|rated|
|rule|Species Clause: Limit one of each Pokémon
|rule|Item Clause: Limit 1 of each item
|clearpoke
|poke|p1|Scrafty, L50, M|
|poke|p1|Blaziken, L50, F|
|poke|p1|Torterra, L50, M|
|poke|p1|Milotic, L50, M|
|poke|p1|Gholdengo, L50|
|poke|p1|Farigiraf, L50, F|
|poke|p2|Sinistcha-Masterpiece, L50|
|poke|p2|Archaludon, L50, M|
|poke|p2|Incineroar, L50, F|
|poke|p2|Metagross, L50|
|poke|p2|Blastoise, L50, M|
|poke|p2|Sneasler, L50, M|
|teampreview|4
|showteam|p1|Scrafty||Scraftinite|Intimidate|FakeOut,Coaching,DrainPunch,ThroatChop|Adamant||M|||50|]Blaziken||Blazikenite|SpeedBoost|Detect,RockSlide,FlareBlitz,CloseCombat|Adamant||F|||50|]Torterra||Leftovers|ShellArmor|Protect,WideGuard,HeadlongRush,WoodHammer|Brave||M|||50|]Milotic||MysticWater|Competitive|Protect,Scald,MuddyWater,IceBeam|Modest||M|||50|]Gholdengo||LifeOrb|GoodasGold|Protect,NastyPlot,MakeItRain,ShadowBall|Modest|||||50|]Farigiraf||SitrusBerry|ArmorTail|Protect,TrickRoom,Thunderbolt,HyperVoice|Bold||F|||50|
|showteam|p2|Sinistcha-Masterpiece||SitrusBerry|Hospitality|LifeDew,MatchaGotcha,TrickRoom,RagePowder|Quiet|||||50|]Archaludon||ChoiceScarf|Stalwart|Thunderbolt,ElectroShot,DragonPulse,FlashCannon|Modest||M|||50|]Incineroar||ChopleBerry|Intimidate|DarkestLariat,FlareBlitz,PartingShot,FakeOut|Adamant||F|||50|]Metagross||Metagrossite|ClearBody|BulletPunch,IronHead,Protect,PsychicFangs|Jolly|||||50|]Blastoise||Blastoisinite|Torrent|Protect,WaterSpout,ShellSmash,DarkPulse|Modest||M|||50|]Sneasler||WhiteHerb|Unburden|CloseCombat,FakeOut,RainDance,DireClaw|Jolly||M|||50|
|inactive|Battle timer is ON: inactive players will automatically lose when time's up. (requested by Moitamo)
|inactive|Treit_3 has 60 seconds left.
|inactive|Moitamo has 60 seconds left.
|
|t:|1783435215
|teamsize|p1|4
|teamsize|p2|4
|start
|switch|p1a: Milotic|Milotic, L50, M|100/100
|switch|p1b: Farigiraf|Farigiraf, L50, F|100/100
|switch|p2a: Archaludon|Archaludon, L50, M|100/100
|switch|p2b: Sneasler|Sneasler, L50, M|100/100
|turn|1
|inactive|Treit_3 has 30 seconds left.
|
|t:|1783435245
|move|p2b: Sneasler|Rain Dance|p2b: Sneasler
|-weather|RainDance
|move|p2a: Archaludon|Electro Shot||[still]
|-prepare|p2a: Archaludon|Electro Shot
|-boost|p2a: Archaludon|spa|1
|-anim|p2a: Archaludon|Electro Shot|p1a: Milotic
|-supereffective|p1a: Milotic|1
|-damage|p1a: Milotic|1/100
|move|p1a: Milotic|Scald|p2b: Sneasler
|-damage|p2b: Sneasler|12/100
|move|p1b: Farigiraf|Trick Room|p1b: Farigiraf
|-fieldstart|move: Trick Room|[of] p1b: Farigiraf
|
|-weather|RainDance|[upkeep]
|upkeep
|turn|2
|
|t:|1783435260
|switch|p2b: Blastoise|Blastoise, L50, M|100/100
|move|p1b: Farigiraf|Hyper Voice|p2b: Blastoise|[spread] p2a,p2b
|-resisted|p2a: Archaludon|1
|-damage|p2a: Archaludon|78/100
|-damage|p2b: Blastoise|73/100
|move|p1a: Milotic|Ice Beam|p2a: Archaludon
|-damage|p2a: Archaludon|39/100
|move|p2a: Archaludon|Electro Shot||[still]
|-prepare|p2a: Archaludon|Electro Shot
|-boost|p2a: Archaludon|spa|1
|-anim|p2a: Archaludon|Electro Shot|p1b: Farigiraf
|-damage|p1b: Farigiraf|1/100
|-enditem|p1b: Farigiraf|Sitrus Berry|[eat]
|-heal|p1b: Farigiraf|26/100|[from] item: Sitrus Berry
|
|-weather|RainDance|[upkeep]
|upkeep
|turn|3
|
|t:|1783435280
|switch|p2b: Sinistcha|Sinistcha-Masterpiece, L50|100/100
|-heal|p2a: Archaludon|63/100|[from] ability: Hospitality|[of] p2b: Sinistcha
|move|p1b: Farigiraf|Thunderbolt|p2b: Sinistcha
|-resisted|p2b: Sinistcha|1
|-damage|p2b: Sinistcha|87/100
|move|p1a: Milotic|Ice Beam|p2a: Archaludon
|-damage|p2a: Archaludon|28/100
|move|p2a: Archaludon|Electro Shot||[still]
|-prepare|p2a: Archaludon|Electro Shot
|-boost|p2a: Archaludon|spa|1
|-anim|p2a: Archaludon|Electro Shot|p1b: Farigiraf
|-damage|p1b: Farigiraf|0 fnt
|faint|p1b: Farigiraf
|
|-weather|RainDance|[upkeep]
|upkeep
|
|t:|1783435284
|switch|p1b: Torterra|Torterra, L50, M|100/100
|turn|4
|
|t:|1783435302
|move|p1b: Torterra|Wide Guard|p1b: Torterra
|-singleturn|p1b: Torterra|Wide Guard
|move|p2b: Sinistcha|Matcha Gotcha|p1b: Torterra|[spread] 
|-activate|p1a: Milotic|move: Wide Guard
|-activate|p1b: Torterra|move: Wide Guard
|move|p1a: Milotic|Ice Beam|p2b: Sinistcha
|-supereffective|p2b: Sinistcha|1
|-damage|p2b: Sinistcha|23/100
|-enditem|p2b: Sinistcha|Sitrus Berry|[eat]
|-heal|p2b: Sinistcha|48/100|[from] item: Sitrus Berry
|move|p2a: Archaludon|Electro Shot||[still]
|-prepare|p2a: Archaludon|Electro Shot
|-boost|p2a: Archaludon|spa|1
|-anim|p2a: Archaludon|Electro Shot|p1a: Milotic
|-supereffective|p1a: Milotic|1
|-damage|p1a: Milotic|0 fnt
|faint|p1a: Milotic
|
|-weather|RainDance|[upkeep]
|upkeep
|
|t:|1783435312
|switch|p1a: Scrafty|Scrafty, L50, M|100/100
|-ability|p1a: Scrafty|Intimidate|boost
|-unboost|p2a: Archaludon|atk|1
|-unboost|p2b: Sinistcha|atk|1
|turn|5
|
|t:|1783435320
|move|p2b: Sinistcha|Rage Powder|p2b: Sinistcha
|-singleturn|p2b: Sinistcha|move: Rage Powder
|move|p1b: Torterra|Headlong Rush|p2a: Archaludon
|-supereffective|p2a: Archaludon|1
|-damage|p2a: Archaludon|0 fnt
|-unboost|p1b: Torterra|def|1
|-unboost|p1b: Torterra|spd|1
|faint|p2a: Archaludon
|move|p1a: Scrafty|Throat Chop|p2b: Sinistcha
|-supereffective|p2b: Sinistcha|1
|-damage|p2b: Sinistcha|0 fnt
|faint|p2b: Sinistcha
|
|-weather|none
|-fieldend|move: Trick Room
|upkeep
|
|t:|1783435324
|switch|p2a: Sneasler|Sneasler, L50, M|12/100
|switch|p2b: Blastoise|Blastoise, L50, M|73/100
|turn|6
|
|t:|1783435346
|detailschange|p2b: Blastoise|Blastoise-Mega, L50, M
|-mega|p2b: Blastoise|Blastoise|Blastoisinite
|detailschange|p1a: Scrafty|Scrafty-Mega, L50, M
|-mega|p1a: Scrafty|Scrafty|Scraftinite
|-ability|p1a: Scrafty|Intimidate|boost
|-unboost|p2a: Sneasler|atk|1
|-unboost|p2b: Blastoise|atk|1
|-enditem|p2a: Sneasler|White Herb
|-clearnegativeboost|p2a: Sneasler|[silent]
|move|p1b: Torterra|Wide Guard|p1b: Torterra
|-singleturn|p1b: Torterra|Wide Guard
|move|p2a: Sneasler|Close Combat|p1a: Scrafty
|-supereffective|p1a: Scrafty|1
|-damage|p1a: Scrafty|1/100
|-unboost|p2a: Sneasler|def|1
|-unboost|p2a: Sneasler|spd|1
|move|p2b: Blastoise|Dark Pulse|p1b: Torterra
|-damage|p1b: Torterra|35/100
|move|p1a: Scrafty|Drain Punch|p2b: Blastoise
|-damage|p2b: Blastoise|40/100
|-heal|p1a: Scrafty|19/100|[from] drain|[of] p2b: Blastoise
|
|-heal|p1b: Torterra|41/100|[from] item: Leftovers
|upkeep
|turn|7
|inactive|Moitamo has 30 seconds left.
|
|t:|1783435374
|move|p2a: Sneasler|Close Combat|p1b: Torterra
|-damage|p1b: Torterra|0 fnt
|-unboost|p2a: Sneasler|def|1
|-unboost|p2a: Sneasler|spd|1
|faint|p1b: Torterra
|move|p2b: Blastoise|Dark Pulse|p1a: Scrafty
|-resisted|p1a: Scrafty|2
|-crit|p1a: Scrafty
|-damage|p1a: Scrafty|5/100
|move|p1a: Scrafty|Throat Chop|p2b: Blastoise
|-damage|p2b: Blastoise|4/100
|-start|p2b: Blastoise|Throat Chop|[silent]
|
|upkeep
|turn|8
|
|t:|1783435381
|move|p2a: Sneasler|Close Combat|p1a: Scrafty
|-supereffective|p1a: Scrafty|1
|-damage|p1a: Scrafty|0 fnt
|-unboost|p2a: Sneasler|def|1
|-unboost|p2a: Sneasler|spd|1
|faint|p1a: Scrafty
|
|win|Moitamo
