|j|☆awmasi
|j|☆viatles
|html|awmasiviatles    
|uhtml|bestof|Game 2 of a best-of-3
|t:|1785722981
|gametype|doubles
|player|p1|awmasi|gambler|1024
|player|p2|viatles|hiker|1073
|gen|9
|tier|[Gen 9 Champions] VGC 2026 Reg M-B (Bo3)
|rated|
|rule|Species Clause: Limit one of each Pokémon
|rule|Item Clause: Limit 1 of each item
|clearpoke
|poke|p1|Scizor, L50, M|
|poke|p1|Tyranitar, L50, M|
|poke|p1|Excadrill, L50, M|
|poke|p1|Milotic, L50, F|
|poke|p1|Corviknight, L50, F|
|poke|p1|Aerodactyl, L50, M|
|poke|p2|Beedrill, L50, F, shiny|
|poke|p2|Milotic, L50, M, shiny|
|poke|p2|Farigiraf, L50, M|
|poke|p2|Palafin, L50, F|
|poke|p2|Sableye, L50, M|
|poke|p2|Raichu, L50, F|
|teampreview|4
|showteam|p1|Scizor||Scizorite|Technician|BulletPunch,Protect,SwordsDance,CloseCombat|Adamant||M|||50|]Tyranitar||Tyranitarite|SandStream|KnockOff,RockSlide,DragonDance,Protect|Adamant||M|||50|]Excadrill||LifeOrb|SandRush|RockSlide,HighHorsepower,IronHead,Protect|Adamant||M|||50|]Milotic|||MarvelScale|Scald,Protect,IcyWind,Recover|Serious||F|||50|]Corviknight||MentalHerb|Pressure|BodyPress,BraveBird,Protect,Tailwind|Impish||F|||50|]Aerodactyl||FocusSash|Unnerve|Tailwind,Protect,DualWingbeat,RockSlide|Jolly||M|||50|
|showteam|p2|Beedrill||Beedrillite|Swarm|Uturn,DrillRun,PoisonJab,Protect|Jolly||F|||50|]Milotic||Leftovers|Competitive|IceBeam,Scald,Protect,Recover|Bold||M|||50|]Farigiraf||SitrusBerry|ArmorTail|TrickRoom,Thunderbolt,TwinBeam,RainDance|Bold||M|||50|]Palafin||MysticWater|ZerotoHero|JetPunch,WaveCrash,Protect,DrainPunch|Adamant||F|||50|]Sableye||RoseliBerry|Prankster|FakeOut,FoulPlay,RainDance,Quash|Sassy||M|||50|]Raichu||RaichuniteY|LightningRod|FakeOut,ZapCannon,FocusBlast,Protect|Timid||F|||50|
|inactive|Battle timer is ON: inactive players will automatically lose when time's up. (requested by viatles)
|
|t:|1785722995
|teamsize|p1|4
|teamsize|p2|4
|start
|switch|p1a: Scizor|Scizor, L50, M|100/100
|switch|p1b: Tyranitar|Tyranitar, L50, M|100/100
|switch|p2a: Sableye|Sableye, L50, M|100/100
|switch|p2b: Wife's favorite|Palafin, L50, F|100/100
|-weather|Sandstorm|[from] ability: Sand Stream|[of] p1b: Tyranitar
|turn|1
|
|t:|1785723012
|detailschange|p2b: Wife's favorite|Palafin-Hero, L50, F
|switch|p2b: Pentious|Milotic, L50, M, shiny|100/100
|move|p1b: Tyranitar|Protect|p1b: Tyranitar
|-singleturn|p1b: Tyranitar|Protect
|move|p2a: Sableye|Fake Out|p1b: Tyranitar
|-activate|p1b: Tyranitar|move: Protect
|move|p1a: Scizor|Swords Dance|p1a: Scizor
|-boost|p1a: Scizor|atk|2
|
|-weather|Sandstorm|[upkeep]
|-damage|p2b: Pentious|93/100|[from] Sandstorm
|-damage|p2a: Sableye|94/100|[from] Sandstorm
|-heal|p2b: Pentious|100/100|[from] item: Leftovers
|upkeep
|turn|2
|inactive|viatles has 30 seconds left.
|
|t:|1785723041
|detailschange|p1a: Scizor|Scizor-Mega, L50, M
|-mega|p1a: Scizor|Scizor|Scizorite
|move|p1a: Scizor|Bullet Punch|p2a: Sableye
|-damage|p2a: Sableye|3/100
|move|p2a: Sableye|Rain Dance|p2a: Sableye
|-weather|RainDance
|move|p1b: Tyranitar|Rock Slide|p2b: Pentious|[spread] p2b
|-miss|p1b: Tyranitar|p2a: Sableye
|-damage|p2b: Pentious|70/100
|cant|p2b: Pentious|flinch
|
|-weather|RainDance|[upkeep]
|-heal|p2b: Pentious|76/100|[from] item: Leftovers
|upkeep
|turn|3
|
|t:|1785723061
|switch|p1b: Aerodactyl|Aerodactyl, L50, M|100/100
|-ability|p1b: Aerodactyl|Unnerve
|switch|p2a: Wife's favorite|Palafin-Hero, L50, F|100/100
|-activate|p2a: Wife's favorite|ability: Zero to Hero
|move|p1a: Scizor|Bullet Punch|p2a: Wife's favorite
|-resisted|p2a: Wife's favorite|1
|-damage|p2a: Wife's favorite|71/100
|move|p2b: Pentious|Scald|p1b: Aerodactyl
|-supereffective|p1b: Aerodactyl|1
|-enditem|p1b: Aerodactyl|Focus Sash
|-damage|p1b: Aerodactyl|1/100
|-status|p1b: Aerodactyl|brn
|
|-weather|RainDance|[upkeep]
|-heal|p2b: Pentious|82/100|[from] item: Leftovers
|-damage|p1b: Aerodactyl|0 fnt|[from] brn
|faint|p1b: Aerodactyl
|upkeep
|
|t:|1785723079
|switch|p1b: Tyranitar|Tyranitar, L50, M|100/100
|-weather|Sandstorm|[from] ability: Sand Stream|[of] p1b: Tyranitar
|turn|4
|
|t:|1785723092
|move|p1b: Tyranitar|Protect|p1b: Tyranitar
|-singleturn|p1b: Tyranitar|Protect
|move|p2a: Wife's favorite|Drain Punch|p1b: Tyranitar
|-activate|p1b: Tyranitar|move: Protect
|move|p2b: Pentious|Scald|p1a: Scizor
|-damage|p1a: Scizor|75/100
|move|p1a: Scizor|Close Combat|p2a: Wife's favorite
|-damage|p2a: Wife's favorite|0 fnt
|-unboost|p1a: Scizor|def|1
|-unboost|p1a: Scizor|spd|1
|faint|p2a: Wife's favorite
|
|-weather|Sandstorm|[upkeep]
|-damage|p2b: Pentious|76/100|[from] Sandstorm
|-heal|p2b: Pentious|82/100|[from] item: Leftovers
|upkeep
|
|t:|1785723108
|switch|p2a: Raichu|Raichu, L50, F|100/100
|turn|5
|inactive|awmasi has 30 seconds left.
|
|t:|1785723142
|detailschange|p2a: Raichu|Raichu-Mega-Y, L50, F
|-mega|p2a: Raichu|Raichu|Raichunite Y
|move|p1b: Tyranitar|Protect||[still]
|-fail|p1b: Tyranitar
|move|p2a: Raichu|Focus Blast|p1b: Tyranitar
|-supereffective|p1b: Tyranitar|2
|-damage|p1b: Tyranitar|0 fnt
|faint|p1b: Tyranitar
|move|p2b: Pentious|Scald|p1a: Scizor
|-damage|p1a: Scizor|41/100
|-status|p1a: Scizor|brn
|move|p1a: Scizor|Close Combat|p2a: Raichu
|-damage|p2a: Raichu|20/100y
|-unboost|p1a: Scizor|def|1
|-unboost|p1a: Scizor|spd|1
|
|-weather|Sandstorm|[upkeep]
|-damage|p2a: Raichu|14/100|[from] Sandstorm
|-damage|p2b: Pentious|76/100|[from] Sandstorm
|-heal|p2b: Pentious|82/100|[from] item: Leftovers
|-damage|p1a: Scizor|35/100 brn|[from] brn
|upkeep
|
|t:|1785723162
|switch|p1b: Excadrill|Excadrill, L50, M|100/100
|turn|6
|inactive|awmasi has 30 seconds left.
|
|t:|1785723194
|move|p2a: Raichu|Protect|p2a: Raichu
|-singleturn|p2a: Raichu|Protect
|move|p1a: Scizor|Bullet Punch|p2a: Raichu
|-activate|p2a: Raichu|move: Protect
|move|p1b: Excadrill|High Horsepower|p2a: Raichu
|-activate|p2a: Raichu|move: Protect
|move|p2b: Pentious|Recover|p2b: Pentious
|-heal|p2b: Pentious|100/100
|
|-weather|Sandstorm|[upkeep]
|-damage|p2a: Raichu|8/100|[from] Sandstorm
|-damage|p2b: Pentious|93/100|[from] Sandstorm
|-heal|p2b: Pentious|100/100|[from] item: Leftovers
|-damage|p1a: Scizor|28/100 brn|[from] brn
|upkeep
|turn|7
|
|t:|1785723214
|move|p1a: Scizor|Bullet Punch|p2a: Raichu
|-resisted|p2a: Raichu|1
|-damage|p2a: Raichu|0 fnt
|faint|p2a: Raichu
|move|p1b: Excadrill|High Horsepower|p2b: Pentious|[miss]
|-miss|p1b: Excadrill|p2b: Pentious
|move|p2b: Pentious|Scald|p1b: Excadrill
|-supereffective|p1b: Excadrill|1
|-damage|p1b: Excadrill|34/100
|
|-weather|Sandstorm|[upkeep]
|-damage|p2b: Pentious|93/100|[from] Sandstorm
|-heal|p2b: Pentious|100/100|[from] item: Leftovers
|-damage|p1a: Scizor|22/100 brn|[from] brn
|upkeep
|
|t:|1785723228
|switch|p2a: Sableye|Sableye, L50, M|3/100
|turn|8
|
|t:|1785723239
|move|p2a: Sableye|Fake Out|p1b: Excadrill
|-resisted|p1b: Excadrill|1
|-damage|p1b: Excadrill|30/100
|move|p1a: Scizor|Bullet Punch|p2a: Sableye
|-damage|p2a: Sableye|0 fnt
|faint|p2a: Sableye
|cant|p1b: Excadrill|flinch
|move|p2b: Pentious|Scald|p1a: Scizor
|-damage|p1a: Scizor|0 fnt
|faint|p1a: Scizor
|
|-weather|none
|upkeep
|turn|9
|l|☆awmasi
|inactive|awmasi disconnected and has a minute to reconnect!
|player|p1|
|inactive|awmasi has 30 seconds left.
|inactive|awmasi has 20 seconds left.
|inactive|awmasi has 15 seconds left.
|inactive|awmasi has 10 seconds left.
|inactive|awmasi has 5 seconds left.
|-message|awmasi lost due to inactivity.
|
|win|viatles
