|j|â˜†jacre22
|j|â˜†EastgermanDominanz
|html|jacre22EastgermanDominanz    
|uhtml|bestof|Game 2 of a best-of-3
|t:|1756675404
|gametype|doubles
|player|p1|jacre22|iris-gen5bw2|1407
|player|p2|EastgermanDominanz|psychic-gen4|1335
|gen|9
|tier|[Gen 9] VGC 2025 Reg H (Bo3)
|rated|
|rule|Species Clause: Limit one of each PokÃ©mon
|rule|Item Clause: Limit 1 of each item
|clearpoke
|poke|p1|Whimsicott, L50, M|
|poke|p1|Garchomp, L50, M|
|poke|p1|Gholdengo, L50|
|poke|p1|Incineroar, L50, M|
|poke|p1|Sneasler, L50, M|
|poke|p1|Dragonite, L50, M|
|poke|p2|Tyranitar, L50, M|
|poke|p2|Annihilape, L50, M|
|poke|p2|Volcarona, L50, F|
|poke|p2|Sneasler, L50, F|
|poke|p2|Murkrow, L50, F|
|poke|p2|Gholdengo, L50|
|teampreview|4
|showteam|p1|Whimsicott||FocusSash|Prankster|Moonblast,Tailwind,Encore,Protect|||M|||50|,,,,,Ghost]Garchomp||LifeOrb|RoughSkin|Earthquake,DragonClaw,StompingTantrum,Protect|||M|||50|,,,,,Ground]Gholdengo||ChoiceSpecs|GoodasGold|MakeItRain,ShadowBall,Trick,PowerGem||||||50|,,,,,Steel]Incineroar||AssaultVest|Intimidate|FakeOut,FlareBlitz,KnockOff,Uturn|||M|||50|,,,,,Grass]Sneasler||WhiteHerb|Unburden|FakeOut,DireClaw,CloseCombat,Protect|||M|||50|,,,,,Stellar]Dragonite||ChoiceBand|InnerFocus|ExtremeSpeed,Outrage,IceSpinner,StompingTantrum|||M|||50|,,,,,Normal
|showteam|p2|Tyranitar||AssaultVest|SandStream|RockSlide,KnockOff,TeraBlast,LowKick|||M|||50|,,,,,Flying]Annihilape||SafetyGoggles|Defiant|DrainPunch,RageFist,BulkUp,Protect|||M|||50|,,,,,Water]Volcarona||SitrusBerry|FlameBody|HeatWave,TeraBlast,Protect,QuiverDance|||F|||50|,,,,,Fairy]Sneasler||WhiteHerb|Unburden|FakeOut,CloseCombat,DireClaw,Coaching|||F|||50|,,,,,Dark]Murkrow||Eviolite|Prankster|Tailwind,Haze,FoulPlay,Quash|||F|||50|,,,,,Dark]Gholdengo||LifeOrb|GoodasGold|MakeItRain,ShadowBall,NastyPlot,Protect||||||50|,,,,,Water
|j| asfdiha
|inactive|Battle timer is ON: inactive players will automatically lose when time's up. (requested by EastgermanDominanz)
|inactive|EastgermanDominanz has 60 seconds left.
|inactive|EastgermanDominanz has 30 seconds left.
|inactive|EastgermanDominanz has 20 seconds left.
|inactive|EastgermanDominanz has 15 seconds left.
|inactive|EastgermanDominanz has 10 seconds left.
|
|t:|1756675491
|teamsize|p1|4
|teamsize|p2|4
|start
|switch|p1a: Whimsicott|Whimsicott, L50, M|100/100
|switch|p1b: Gholdengo|Gholdengo, L50|100/100
|switch|p2a: Wismut Aue|Murkrow, L50, F, shiny|100/100
|switch|p2b: Tyranitar|Tyranitar, L50, M|100/100
|-weather|Sandstorm|[from] ability: Sand Stream|[of] p2b: Tyranitar
|turn|1
|inactive|jacre22 has 30 seconds left.
|inactive|EastgermanDominanz has 30 seconds left.
|
|t:|1756675526
|-terastallize|p1b: Gholdengo|Steel
|-terastallize|p2b: Tyranitar|Flying
|move|p2a: Wismut Aue|Tailwind|p2a: Wismut Aue
|-sidestart|p2: EastgermanDominanz|move: Tailwind
|move|p1a: Whimsicott|Moonblast|p2b: Tyranitar
|-damage|p2b: Tyranitar|80/100
|move|p2b: Tyranitar|Knock Off|p1b: Gholdengo
|-damage|p1b: Gholdengo|40/100
|-enditem|p1b: Gholdengo|Choice Specs|[from] move: Knock Off|[of] p2b: Tyranitar
|move|p1b: Gholdengo|Make It Rain|p2a: Wismut Aue|[spread] p2a,p2b
|-crit|p2b: Tyranitar
|-damage|p2a: Wismut Aue|18/100
|-damage|p2b: Tyranitar|24/100
|-unboost|p1b: Gholdengo|spa|1
|
|-weather|Sandstorm|[upkeep]
|-damage|p2a: Wismut Aue|12/100|[from] Sandstorm
|-damage|p1a: Whimsicott|95/100|[from] Sandstorm
|-damage|p2b: Tyranitar|18/100|[from] Sandstorm
|upkeep
|turn|2
|inactive|EastgermanDominanz has 30 seconds left.
|inactive|jacre22 has 30 seconds left.
|inactive|EastgermanDominanz has 20 seconds left.
|
|t:|1756675564
|move|p2a: Wismut Aue|Quash|p1a: Whimsicott
|-activate|p1a: Whimsicott|move: Quash
|move|p2b: Tyranitar|Tera Blast|p1a: Whimsicott|[anim] Tera Blast Flying
|-supereffective|p1a: Whimsicott
|-damage|p1a: Whimsicott|0 fnt
|faint|p1a: Whimsicott
|move|p1b: Gholdengo|Make It Rain|p2a: Wismut Aue|[spread] p2a,p2b
|-damage|p2a: Wismut Aue|0 fnt
|-damage|p2b: Tyranitar|0 fnt
|-unboost|p1b: Gholdengo|spa|1
|faint|p2a: Wismut Aue
|faint|p2b: Tyranitar
|
|-weather|Sandstorm|[upkeep]
|upkeep
|inactive|jacre22 has 30 seconds left.
|
|t:|1756675597
|switch|p1a: Incineroar|Incineroar, L50, M|100/100
|switch|p2a: Sneasler|Sneasler, L50, F|100/100
|switch|p2b: Annihilape|Annihilape, L50, M|100/100
|-ability|p1a: Incineroar|Intimidate|boost
|-unboost|p2a: Sneasler|atk|1
|-unboost|p2b: Annihilape|atk|1
|-ability|p2b: Annihilape|Defiant|boost
|-boost|p2b: Annihilape|atk|2
|-enditem|p2a: Sneasler|White Herb
|-clearnegativeboost|p2a: Sneasler|[silent]
|turn|3
|inactive|jacre22 has 30 seconds left.
|inactive|EastgermanDominanz has 30 seconds left.
|inactive|jacre22 has 20 seconds left.
|
|t:|1756675636
|move|p2a: Sneasler|Coaching|p2b: Annihilape
|-boost|p2b: Annihilape|atk|1
|-boost|p2b: Annihilape|def|1
|move|p2b: Annihilape|Drain Punch|p1b: Gholdengo
|-supereffective|p1b: Gholdengo
|-damage|p1b: Gholdengo|0 fnt
|faint|p1b: Gholdengo
|move|p1a: Incineroar|Flare Blitz|p2a: Sneasler
|-damage|p2a: Sneasler|6/100
|-damage|p1a: Incineroar|75/100|[from] Recoil
|
|-weather|Sandstorm|[upkeep]
|-damage|p2a: Sneasler|0 fnt|[from] Sandstorm
|-damage|p1a: Incineroar|68/100|[from] Sandstorm
|faint|p2a: Sneasler
|upkeep
|
|t:|1756675649
|switch|p1b: Dragonite|Dragonite, L50, M|100/100
|turn|4
|
|t:|1756675664
|move|p2b: Annihilape|Drain Punch|p1a: Incineroar
|-supereffective|p1a: Incineroar
|-damage|p1a: Incineroar|0 fnt
|faint|p1a: Incineroar
|move|p1b: Dragonite|Outrage|p2b: Annihilape
|-damage|p2b: Annihilape|25/100
|
|-weather|Sandstorm|[upkeep]
|-damage|p1b: Dragonite|95/100|[from] Sandstorm
|-sideend|p2: EastgermanDominanz|move: Tailwind
|upkeep
|turn|5
|
|t:|1756675677
|move|p2b: Annihilape|Rage Fist|p1b: Dragonite
|-damage|p1b: Dragonite|18/100
|move|p1b: Dragonite|Outrage|p2b: Annihilape|[from] lockedmove
|-damage|p2b: Annihilape|0 fnt
|faint|p2b: Annihilape
|-start|p1b: Dragonite|confusion|[fatigue]
|
|win|jacre22
|raw|jacre22's rating: 1407 → 1423(+16 for winning)
|raw|EastgermanDominanz's rating: 1335 → 1319(-16 for losing)
|c|â˜†jacre22|ggs
|c|â˜†EastgermanDominanz|gg
