|j|☆adalberto lopez
|j|☆LorenzoLLY
|html|adalberto lopezLorenzoLLY    
|uhtml|bestof|Game 1 of a best-of-3
|t:|1785979067
|gametype|doubles
|player|p1|adalberto lopez|candice|
|player|p2|LorenzoLLY|gambler|
|gen|9
|tier|[Gen 9 Champions] VGC 2026 Reg M-B (Bo3)
|rule|Species Clause: Limit one of each Pokémon
|rule|Item Clause: Limit 1 of each item
|clearpoke
|poke|p1|Medicham, L50, F|
|poke|p1|Sylveon, L50, F|
|poke|p1|Torkoal, L50, M|
|poke|p1|Farigiraf, L50, F|
|poke|p1|Houndoom, L50, M|
|poke|p1|Sinistcha, L50|
|poke|p2|Sinistcha, L50|
|poke|p2|Incineroar, L50, M|
|poke|p2|Quaquaval, L50, F|
|poke|p2|Pelipper, L50, M|
|poke|p2|Archaludon, L50, F|
|poke|p2|Mawile, L50, F, shiny|
|teampreview|4
|showteam|p1|Medicham||Medichamite|PurePower|FakeOut,Protect,DrainPunch,ZenHeadbutt|Jolly||F|||50|]Sylveon||LifeOrb|Pixilate|HyperBeam,HyperVoice,Protect,MysticalFire|Quiet||F|||50|]Torkoal||HeatRock|Drought|Protect,HelpingHand,WillOWisp,HeatWave|Sassy||M|||50|]Farigiraf||MentalHerb|ArmorTail|TrickRoom,Protect,HelpingHand,Psychic|Sassy||F|||50|]Houndoom||Houndoominite|FlashFire|DarkPulse,Overheat,HeatWave,Protect|Timid||M|||50|]Sinistcha||Leftovers|Hospitality|MatchaGotcha,SolarBeam,StrengthSap,TrickRoom|Quiet|||||50|
|showteam|p2|Sinistcha||WiseGlasses|Hospitality|MatchaGotcha,ShadowBall,RagePowder,LifeDew|Modest|||||50|]Incineroar||SitrusBerry|Intimidate|FlareBlitz,PartingShot,FakeOut,Protect|Adamant||M|||50|]Quaquaval||LifeOrb|Moxie|AquaStep,Detect,CloseCombat,UpperHand|Adamant||F|||50|]Pelipper||DampRock|Drizzle|Hurricane,Protect,Tailwind,WeatherBall|Calm||M|||50|]Archaludon||Leftovers|Stamina|ElectroShot,FlashCannon,DragonPulse,Protect|Bold||F|||50|]Mawile||Mawilite|Intimidate|PlayRough,IronHead,SwordsDance,SuckerPunch|Brave||F|||50|
|inactive|Battle timer is ON: inactive players will automatically lose when time's up. (requested by adalberto lopez)
|
|t:|1785979092
|teamsize|p1|4
|teamsize|p2|4
|start
|switch|p1a: Houndoom|Houndoom, L50, M|100/100
|switch|p1b: Torkoal|Torkoal, L50, M|100/100
|switch|p2a: Pelipper|Pelipper, L50, M|100/100
|switch|p2b: Archaludon|Archaludon, L50, F|100/100
|-weather|RainDance|[from] ability: Drizzle|[of] p2a: Pelipper
|-weather|SunnyDay|[from] ability: Drought|[of] p1b: Torkoal
|turn|1
|inactive|adalberto lopez has 30 seconds left.
|inactive|LorenzoLLY has 30 seconds left.
|
|t:|1785979118
|detailschange|p1a: Houndoom|Houndoom-Mega, L50, M
|-mega|p1a: Houndoom|Houndoom|Houndoominite
|move|p1b: Torkoal|Helping Hand|p1a: Houndoom
|-singleturn|p1a: Houndoom|Helping Hand|[of] p1b: Torkoal
|move|p1a: Houndoom|Heat Wave|p2a: Pelipper|[spread] p2a,p2b
|-resisted|p2a: Pelipper|1
|-damage|p2a: Pelipper|25/100
|-damage|p2b: Archaludon|0 fnt
|faint|p2b: Archaludon
|move|p2a: Pelipper|Tailwind|p2a: Pelipper
|-sidestart|p2: LorenzoLLY|move: Tailwind
|
|-weather|SunnyDay|[upkeep]
|-damage|p1a: Houndoom|87/100|[from] ability: Solar Power|[of] p1a: Houndoom
|upkeep
|
|t:|1785979133
|switch|p2b: Quaquaval|Quaquaval, L50, F|100/100
|turn|2
|
|t:|1785979150
|switch|p2a: Mawile|Mawile, L50, F, shiny|100/100
|-ability|p2a: Mawile|Intimidate|boost
|-unboost|p1a: Houndoom|atk|1
|-unboost|p1b: Torkoal|atk|1
|move|p1a: Houndoom|Protect|p1a: Houndoom
|-singleturn|p1a: Houndoom|Protect
|move|p2b: Quaquaval|Close Combat|p1a: Houndoom
|-activate|p1a: Houndoom|move: Protect
|move|p1b: Torkoal|Will-O-Wisp|p2b: Quaquaval
|-status|p2b: Quaquaval|brn
|
|-weather|SunnyDay|[upkeep]
|-damage|p1a: Houndoom|75/100|[from] ability: Solar Power|[of] p1a: Houndoom
|-damage|p2b: Quaquaval|93/100 brn|[from] brn
|upkeep
|turn|3
|inactive|LorenzoLLY has 30 seconds left.
|inactive|LorenzoLLY has 20 seconds left.
|
|t:|1785979188
|switch|p1a: Sylveon|Sylveon, L50, F|100/100
|switch|p2a: Pelipper|Pelipper, L50, M|25/100
|-weather|RainDance|[from] ability: Drizzle|[of] p2a: Pelipper
|switch|p1b: Farigiraf|Farigiraf, L50, F|100/100
|move|p2b: Quaquaval|Aqua Step|p1a: Sylveon
|-damage|p1a: Sylveon|44/100
|-boost|p2b: Quaquaval|spe|1
|-damage|p2b: Quaquaval|83/100 brn|[from] item: Life Orb
|
|-weather|RainDance|[upkeep]
|-damage|p2b: Quaquaval|77/100 brn|[from] brn
|upkeep
|turn|4
|inactive|adalberto lopez has 30 seconds left.
|inactive|LorenzoLLY has 30 seconds left.
|
|t:|1785979220
|switch|p2a: Mawile|Mawile, L50, F, shiny|100/100
|-ability|p2a: Mawile|Intimidate|boost
|-unboost|p1a: Sylveon|atk|1
|-unboost|p1b: Farigiraf|atk|1
|move|p2b: Quaquaval|Detect|p2b: Quaquaval
|-singleturn|p2b: Quaquaval|Protect
|move|p1a: Sylveon|Protect|p1a: Sylveon
|-singleturn|p1a: Sylveon|Protect
|move|p1b: Farigiraf|Trick Room|p1b: Farigiraf
|-fieldstart|move: Trick Room|[of] p1b: Farigiraf
|
|-weather|RainDance|[upkeep]
|-damage|p2b: Quaquaval|71/100 brn|[from] brn
|-sideend|p2: LorenzoLLY|move: Tailwind
|upkeep
|turn|5
|inactive|adalberto lopez has 30 seconds left.
|inactive|LorenzoLLY has 30 seconds left.
|
|t:|1785979254
|switch|p1a: Torkoal|Torkoal, L50, M|100/100
|-weather|SunnyDay|[from] ability: Drought|[of] p1a: Torkoal
|switch|p2b: Pelipper|Pelipper, L50, M|25/100
|-weather|RainDance|[from] ability: Drizzle|[of] p2b: Pelipper
|detailschange|p2a: Mawile|Mawile-Mega, L50, F, shiny
|-mega|p2a: Mawile|Mawile|Mawilite
|move|p2a: Mawile|Swords Dance|p2a: Mawile
|-boost|p2a: Mawile|atk|2
|move|p1b: Farigiraf|Psychic|p2b: Pelipper
|-damage|p2b: Pelipper|0 fnt
|faint|p2b: Pelipper
|
|-weather|RainDance|[upkeep]
|upkeep
|
|t:|1785979277
|switch|p2b: Quaquaval|Quaquaval, L50, F|71/100 brn
|turn|6
|inactive|adalberto lopez has 30 seconds left.
|
|t:|1785979310
|move|p1b: Farigiraf|Helping Hand|p1a: Torkoal
|-singleturn|p1a: Torkoal|Helping Hand|[of] p1b: Farigiraf
|move|p1a: Torkoal|Protect|p1a: Torkoal
|-singleturn|p1a: Torkoal|Protect
|move|p2a: Mawile|Iron Head|p1b: Farigiraf
|-damage|p1b: Farigiraf|0 fnt
|faint|p1b: Farigiraf
|move|p2b: Quaquaval|Aqua Step|p1a: Torkoal
|-activate|p1a: Torkoal|move: Protect
|
|-weather|RainDance|[upkeep]
|-damage|p2b: Quaquaval|65/100 brn|[from] brn
|upkeep
|
|t:|1785979321
|switch|p1b: Sylveon|Sylveon, L50, F|44/100
|turn|7
|
|t:|1785979331
|move|p1b: Sylveon|Protect|p1b: Sylveon
|-singleturn|p1b: Sylveon|Protect
|move|p1a: Torkoal|Will-O-Wisp|p2a: Mawile
|-status|p2a: Mawile|brn
|move|p2a: Mawile|Iron Head|p1b: Sylveon
|-activate|p1b: Sylveon|move: Protect
|move|p2b: Quaquaval|Aqua Step|p1a: Torkoal
|-supereffective|p1a: Torkoal|1
|-damage|p1a: Torkoal|35/100
|-boost|p2b: Quaquaval|spe|1
|-damage|p2b: Quaquaval|55/100 brn|[from] item: Life Orb
|
|-weather|RainDance|[upkeep]
|-damage|p2a: Mawile|94/100 brn|[from] brn
|-damage|p2b: Quaquaval|48/100 brn|[from] brn
|upkeep
|turn|8
|inactive|LorenzoLLY has 30 seconds left.
|
|t:|1785979358
|move|p2b: Quaquaval|Detect|p2b: Quaquaval
|-singleturn|p2b: Quaquaval|Protect
|move|p1a: Torkoal|Heat Wave|p2b: Quaquaval|[spread] p2a
|-activate|p2b: Quaquaval|move: Protect
|-supereffective|p2a: Mawile|1
|-damage|p2a: Mawile|70/100 brn
|move|p2a: Mawile|Iron Head|p1b: Sylveon
|-supereffective|p1b: Sylveon|1
|-damage|p1b: Sylveon|0 fnt
|faint|p1b: Sylveon
|
|-weather|RainDance|[upkeep]
|-damage|p2a: Mawile|64/100 brn|[from] brn
|-damage|p2b: Quaquaval|42/100 brn|[from] brn
|-fieldend|move: Trick Room
|upkeep
|inactive|adalberto lopez has 30 seconds left.
|inactive|adalberto lopez has 20 seconds left.
|inactive|adalberto lopez has 15 seconds left.
|inactive|adalberto lopez has 10 seconds left.
|
|t:|1785979404
|switch|p1b: Houndoom|Houndoom-Mega, L50, M|75/100
|turn|9
|
|t:|1785979422
|move|p1b: Houndoom|Protect|p1b: Houndoom
|-singleturn|p1b: Houndoom|Protect
|move|p2b: Quaquaval|Aqua Step|p1a: Torkoal
|-supereffective|p1a: Torkoal|1
|-damage|p1a: Torkoal|0 fnt
|-boost|p2b: Quaquaval|spe|1
|faint|p1a: Torkoal
|-ability|p2b: Quaquaval|Moxie|boost
|-boost|p2b: Quaquaval|atk|1
|-damage|p2b: Quaquaval|32/100 brn|[from] item: Life Orb
|move|p2a: Mawile|Play Rough|p1b: Houndoom
|-activate|p1b: Houndoom|move: Protect
|
|-weather|RainDance|[upkeep]
|-damage|p2b: Quaquaval|26/100 brn|[from] brn
|-damage|p2a: Mawile|58/100 brn|[from] brn
|upkeep
|turn|10
|
|t:|1785979441
|move|p1b: Houndoom|Protect||[still]
|-fail|p1b: Houndoom
|move|p2a: Mawile|Sucker Punch||[still]
|-fail|p2a: Mawile
|move|p2b: Quaquaval|Aqua Step|p1b: Houndoom
|-supereffective|p1b: Houndoom|1
|-crit|p1b: Houndoom
|-damage|p1b: Houndoom|0 fnt
|-boost|p2b: Quaquaval|spe|1
|faint|p1b: Houndoom
|-damage|p2b: Quaquaval|16/100 brn|[from] item: Life Orb
|
|win|LorenzoLLY
|inactive|adalberto lopez has 30 seconds to confirm battle start!
|inactive|LorenzoLLY has 30 seconds to confirm battle start!
||adalberto lopez is ready for game 2.
