|j|☆PaquitoelBollito
|j|☆blazikenisgoated
|html|PaquitoelBollitoblazikenisgoated    
|uhtml|bestof|Game 1 of a best-of-3
|t:|1786121360
|gametype|doubles
|player|p1|PaquitoelBollito|102|1138
|player|p2|blazikenisgoated|dawn|1112
|gen|9
|tier|[Gen 9 Champions] VGC 2026 Reg M-B (Bo3)
|rated|
|rule|Species Clause: Limit one of each Pokémon
|rule|Item Clause: Limit 1 of each item
|clearpoke
|poke|p1|Froslass, L50, F|
|poke|p1|Scovillain, L50, M|
|poke|p1|Kingambit, L50, M|
|poke|p1|Sneasler, L50, M|
|poke|p1|Basculegion, L50, M|
|poke|p1|Lycanroc-Dusk, L50, F|
|poke|p2|Charizard, L50, F|
|poke|p2|Metagross, L50|
|poke|p2|Hydreigon, L50, F|
|poke|p2|Garchomp, L50, M|
|poke|p2|Toxapex, L50, M|
|poke|p2|Grimmsnarl, L50, M|
|teampreview|4
|showteam|p1|Froslass||Froslassite|CursedBody|Protect,Blizzard,AuroraVeil,ShadowBall|Modest||F|||50|]Scovillain||Scovillainite|Moody|Protect,Overheat,GigaDrain,RagePowder|Modest||M|||50|]Kingambit||BlackGlasses|Defiant|Protect,KowtowCleave,SwordsDance,SuckerPunch|Adamant||M|||50|]Sneasler||WhiteHerb|Unburden|FakeOut,GunkShot,CloseCombat,Protect|Adamant||M|||50|]Basculegion||SitrusBerry|Adaptability|Protect,LastRespects,WaveCrash,AquaJet|Adamant||M|||50|]Lycanroc-Dusk||FocusSash|ToughClaws|Protect,Accelerock,RockSlide,CloseCombat|Adamant||F|||50|
|showteam|p2|Charizard||CharizarditeY|Blaze|HeatWave,WeatherBall,SolarBeam,Protect|Modest||F|||50|]Metagross||Metagrossite|ClearBody|MeteorMash,BulletPunch,PsychicFangs,Protect|Adamant|||||50|]Hydreigon||ChoiceScarf|Levitate|DracoMeteor,DarkPulse,Snarl,HeatWave|Modest||F|||50|]Garchomp||LifeOrb|RoughSkin|StompingTantrum,DragonClaw,RockSlide,Protect|Jolly||M|||50|]Toxapex||Leftovers|Regenerator|Toxic,Infestation,WideGuard,BanefulBunker|Bold||M|||50|]Grimmsnarl||LightClay|Prankster|SpiritBreak,LightScreen,Reflect,PartingShot|Careful||M|||50|
|inactive|Battle timer is ON: inactive players will automatically lose when time's up. (requested by PaquitoelBollito)
|inactive|PaquitoelBollito has 60 seconds left.
|inactive|blazikenisgoated has 60 seconds left.
|
|t:|1786121418
|teamsize|p1|4
|teamsize|p2|4
|start
|switch|p1a: Sneasler|Sneasler, L50, M|100/100
|switch|p1b: Froslass|Froslass, L50, F|100/100
|switch|p2a: Charizard|Charizard, L50, F|100/100
|switch|p2b: Hydreigon|Hydreigon, L50, F|100/100
|turn|1
|inactive|blazikenisgoated has 30 seconds left.
|
|t:|1786121451
|detailschange|p2a: Charizard|Charizard-Mega-Y, L50, F
|-mega|p2a: Charizard|Charizard|Charizardite Y
|-weather|SunnyDay|[from] ability: Drought|[of] p2a: Charizard
|move|p1b: Froslass|Protect|p1b: Froslass
|-singleturn|p1b: Froslass|Protect
|move|p1a: Sneasler|Fake Out|p2b: Hydreigon
|-damage|p2b: Hydreigon|82/100
|cant|p2b: Hydreigon|flinch
|move|p2a: Charizard|Heat Wave|p1a: Sneasler|[spread] p1a
|-activate|p1b: Froslass|move: Protect
|-damage|p1a: Sneasler|13/100
|
|-weather|SunnyDay|[upkeep]
|upkeep
|turn|2
|inactive|PaquitoelBollito has 30 seconds left.
|inactive|PaquitoelBollito has 20 seconds left.
|
|t:|1786121488
|switch|p2a: Toxapex|Toxapex, L50, M|100/100
|detailschange|p1b: Froslass|Froslass-Mega, L50, F
|-mega|p1b: Froslass|Froslass|Froslassite
|-weather|Snowscape|[from] ability: Snow Warning|[of] p1b: Froslass
|move|p2b: Hydreigon|Dark Pulse|p1b: Froslass
|-supereffective|p1b: Froslass|1
|-damage|p1b: Froslass|14/100
|move|p1a: Sneasler|Close Combat|p2b: Hydreigon
|-supereffective|p2b: Hydreigon|1
|-damage|p2b: Hydreigon|0 fnt
|-unboost|p1a: Sneasler|def|1
|-unboost|p1a: Sneasler|spd|1
|faint|p2b: Hydreigon
|-enditem|p1a: Sneasler|White Herb
|-clearnegativeboost|p1a: Sneasler|[silent]
|move|p1b: Froslass|Blizzard|p2a: Toxapex
|-resisted|p2a: Toxapex|1
|-damage|p2a: Toxapex|79/100
|
|-weather|Snowscape|[upkeep]
|-heal|p2a: Toxapex|85/100|[from] item: Leftovers
|upkeep
|inactive|blazikenisgoated has 30 seconds left.
|
|t:|1786121516
|switch|p2b: Charizard|Charizard-Mega-Y, L50, F|100/100
|-weather|SunnyDay|[from] ability: Drought|[of] p2b: Charizard
|turn|3
|inactive|PaquitoelBollito has 30 seconds left.
|
|t:|1786121551
|switch|p1b: Lycanroc|Lycanroc-Dusk, L50, F|100/100
|move|p2a: Toxapex|Wide Guard|p2a: Toxapex
|-singleturn|p2a: Toxapex|Wide Guard
|move|p1a: Sneasler|Gunk Shot|p2b: Charizard
|-damage|p2b: Charizard|35/100
|move|p2b: Charizard|Heat Wave|p1b: Lycanroc|[spread] p1a,p1b
|-resisted|p1b: Lycanroc|1
|-damage|p1a: Sneasler|0 fnt
|-damage|p1b: Lycanroc|46/100
|faint|p1a: Sneasler
|
|-weather|SunnyDay|[upkeep]
|-heal|p2a: Toxapex|91/100|[from] item: Leftovers
|upkeep
|
|t:|1786121559
|switch|p1a: Froslass|Froslass-Mega, L50, F|14/100
|-weather|Snowscape|[from] ability: Snow Warning|[of] p1a: Froslass
|turn|4
|inactive|PaquitoelBollito has 30 seconds left.
|inactive|PaquitoelBollito has 20 seconds left.
|
|t:|1786121597
|switch|p1a: Kingambit|Kingambit, L50, M|100/100
|move|p2b: Charizard|Protect|p2b: Charizard
|-singleturn|p2b: Charizard|Protect
|move|p1b: Lycanroc|Accelerock|p2a: Toxapex
|-damage|p2a: Toxapex|73/100
|move|p2a: Toxapex|Infestation|p1b: Lycanroc
|-damage|p1b: Lycanroc|41/100
|-activate|p1b: Lycanroc|move: Infestation|[of] p2a: Toxapex
|
|-weather|Snowscape|[upkeep]
|-heal|p2a: Toxapex|78/100|[from] item: Leftovers
|-damage|p1b: Lycanroc|28/100|[from] move: Infestation|[partiallytrapped]
|upkeep
|turn|5
|
|t:|1786121617
|switch|p2b: Garchomp|Garchomp, L50, M|100/100
|move|p1a: Kingambit|Sucker Punch||[still]
|-fail|p1a: Kingambit
|move|p1b: Lycanroc|Rock Slide|p2b: Garchomp|[spread] p2a,p2b
|-resisted|p2b: Garchomp|1
|-damage|p2a: Toxapex|61/100
|-damage|p2b: Garchomp|85/100
|cant|p2a: Toxapex|flinch
|
|-weather|Snowscape|[upkeep]
|-heal|p2a: Toxapex|66/100|[from] item: Leftovers
|-damage|p1b: Lycanroc|16/100|[from] move: Infestation|[partiallytrapped]
|upkeep
|turn|6
|inactive|PaquitoelBollito has 30 seconds left.
|
|t:|1786121646
|move|p2a: Toxapex|Baneful Bunker|p2a: Toxapex
|-singleturn|p2a: Toxapex|move: Protect
|move|p2b: Garchomp|Stomping Tantrum|p1a: Kingambit
|-supereffective|p1a: Kingambit|1
|-damage|p1a: Kingambit|17/100
|-damage|p2b: Garchomp|75/100|[from] item: Life Orb
|move|p1b: Lycanroc|Close Combat|p2b: Garchomp
|-damage|p2b: Garchomp|20/100r
|-unboost|p1b: Lycanroc|def|1
|-unboost|p1b: Lycanroc|spd|1
|-damage|p1b: Lycanroc|3/100|[from] ability: Rough Skin|[of] p2b: Garchomp
|move|p1a: Kingambit|Swords Dance|p1a: Kingambit
|-boost|p1a: Kingambit|atk|2
|
|-weather|Snowscape|[upkeep]
|-heal|p2a: Toxapex|72/100|[from] item: Leftovers
|-damage|p1b: Lycanroc|0 fnt|[from] move: Infestation|[partiallytrapped]
|faint|p1b: Lycanroc
|upkeep
|
|t:|1786121656
|switch|p1b: Froslass|Froslass-Mega, L50, F|14/100
|turn|7
|inactive|PaquitoelBollito has 30 seconds left.
|inactive|blazikenisgoated has 30 seconds left.
|
|t:|1786121685
|move|p2b: Garchomp|Protect|p2b: Garchomp
|-singleturn|p2b: Garchomp|Protect
|move|p1a: Kingambit|Sucker Punch||[still]
|-fail|p1a: Kingambit
|move|p1b: Froslass|Shadow Ball|p2a: Toxapex
|-damage|p2a: Toxapex|41/100
|move|p2a: Toxapex|Infestation|p1b: Froslass
|-resisted|p1b: Froslass|1
|-damage|p1b: Froslass|12/100
|-activate|p1b: Froslass|move: Infestation|[of] p2a: Toxapex
|
|-weather|Snowscape|[upkeep]
|-heal|p2a: Toxapex|47/100|[from] item: Leftovers
|-damage|p1b: Froslass|0 fnt|[from] move: Infestation|[partiallytrapped]
|faint|p1b: Froslass
|upkeep
|turn|8
|
|t:|1786121701
|move|p1a: Kingambit|Sucker Punch|p2b: Garchomp
|-damage|p2b: Garchomp|0 fnt
|-damage|p1a: Kingambit|5/100|[from] ability: Rough Skin|[of] p2b: Garchomp
|faint|p2b: Garchomp
|move|p2a: Toxapex|Infestation|p1a: Kingambit
|-damage|p1a: Kingambit|1/100
|-activate|p1a: Kingambit|move: Infestation|[of] p2a: Toxapex
|
|-weather|none
|-heal|p2a: Toxapex|52/100|[from] item: Leftovers
|-damage|p1a: Kingambit|0 fnt|[from] move: Infestation|[partiallytrapped]
|faint|p1a: Kingambit
|
|win|blazikenisgoated
