|j|☆furretusedpunch
|j|☆nuclearnutz321
|html|furretusedpunchnuclearnutz321    
|uhtml|bestof|Game 1 of a best-of-3
|t:|1756266097
|gametype|doubles
|player|p1|furretusedpunch|102|1196
|player|p2|nuclearnutz321|pokemonrangerf|1150
|gen|9
|tier|[Gen 9] VGC 2025 Reg H (Bo3)
|rated|
|rule|Species Clause: Limit one of each Pokémon
|rule|Item Clause: Limit 1 of each item
|clearpoke
|poke|p1|Gholdengo, L50|
|poke|p1|Sneasler, L50, M|
|poke|p1|Rillaboom, L50, M|
|poke|p1|Dragonite, L50, F|
|poke|p1|Arcanine-Hisui, L50, M|
|poke|p1|Weavile, L50, M|
|poke|p2|Chandelure, L50, M|
|poke|p2|Conkeldurr, L50, M|
|poke|p2|Amoonguss, L50, F|
|poke|p2|Hydreigon, L50, M|
|poke|p2|Basculegion, L50, M|
|poke|p2|Corviknight, L50, M|
|teampreview|4
|showteam|p1|Gholdengo||GrassySeed|GoodasGold|NastyPlot,MakeItRain,ShadowBall,Protect||||||50|,,,,,Water]Sneasler||WhiteHerb|Unburden|CloseCombat,DireClaw,Coaching,Protect|||M|||50|,,,,,Ghost]Rillaboom||AssaultVest|GrassySurge|FakeOut,GrassyGlide,DrumBeating,HighHorsepower|||M|||50|,,,,,Fire]Dragonite||LoadedDice|Multiscale|ScaleShot,StompingTantrum,Tailwind,Protect|||F|||50|,,,,,Ground]Arcanine-Hisui||SafetyGoggles|Intimidate|RockSlide,FlareBlitz,Snarl,Protect|||M|||50|,,,,,Water]Weavile||FocusSash|Pickpocket|IcyWind,KnockOff,Taunt,FakeOut|||M|||50|,,,,,Ghost
|showteam|p2|Chandelure||FocusSash|FlashFire|HeatWave,ShadowBall,TrickRoom,Protect|||M|||50|,,,,,Grass]Conkeldurr||FlameOrb|Guts|CloseCombat,Protect,MachPunch,KnockOff|||M|||50|,,,,,Steel]Amoonguss||SitrusBerry|Regenerator|Spore,RagePowder,SludgeBomb,Protect|||F|||50|,,,,,Dark]Hydreigon||SafetyGoggles|Levitate|Tailwind,DracoMeteor,DarkPulse,Protect|||M|||50|,,,,,Poison]Basculegion||ChoiceScarf|Adaptability|FlipTurn,WaveCrash,LastRespects,PhantomForce|||M|||50|,,,,,Water]Corviknight||CovertCloak|MirrorArmor|BulkUp,BraveBird,BodyPress,Roost|||M|||50|,,,,,Fire
|
|t:|1756266146
|teamsize|p1|4
|teamsize|p2|4
|start
|switch|p1a: Sneasler|Sneasler, L50, M|100/100
|switch|p1b: Dragonite|Dragonite, L50, F|100/100
|switch|p2a: Roaring Knight|Corviknight, L50, M, shiny|100/100
|switch|p2b: Harmada|Basculegion, L50, M, shiny|100/100
|turn|1
|
|t:|1756266176
|move|p2b: Harmada|Phantom Force||[still]
|-prepare|p2b: Harmada|Phantom Force
|move|p1a: Sneasler|Coaching|p1b: Dragonite
|-boost|p1b: Dragonite|atk|1
|-boost|p1b: Dragonite|def|1
|move|p1b: Dragonite|Scale Shot|p2b: Harmada|[miss]
|-miss|p1b: Dragonite|p2b: Harmada
|move|p2a: Roaring Knight|Bulk Up|p2a: Roaring Knight
|-boost|p2a: Roaring Knight|atk|1
|-boost|p2a: Roaring Knight|def|1
|
|upkeep
|turn|2
|
|t:|1756266198
|move|p2b: Harmada|Phantom Force|p1a: Sneasler|[from] lockedmove
|-damage|p1a: Sneasler|0 fnt
|faint|p1a: Sneasler
|move|p1b: Dragonite|Scale Shot|p2b: Harmada
|-damage|p2b: Harmada|71/100
|-damage|p2b: Harmada|45/100
|-damage|p2b: Harmada|15/100
|-damage|p2b: Harmada|0 fnt
|faint|p2b: Harmada
|-hitcount|p2: Harmada|4
|-unboost|p1b: Dragonite|def|1
|-boost|p1b: Dragonite|spe|1
|move|p2a: Roaring Knight|Bulk Up|p2a: Roaring Knight
|-boost|p2a: Roaring Knight|atk|1
|-boost|p2a: Roaring Knight|def|1
|
|upkeep
|
|t:|1756266209
|switch|p1a: Arcanine|Arcanine-Hisui, L50, M|100/100
|switch|p2b: Gramps|Conkeldurr, L50, M|100/100
|-ability|p1a: Arcanine|Intimidate|boost
|-ability|p2a: Roaring Knight|Mirror Armor
|-unboost|p1a: Arcanine|atk|1
|-unboost|p2b: Gramps|atk|1
|turn|3
|
|t:|1756266227
|switch|p2b: Susie|Hydreigon, L50, M|100/100
|move|p1b: Dragonite|Scale Shot|p2b: Susie
|-supereffective|p2b: Susie
|-damage|p2b: Susie|58/100
|-supereffective|p2b: Susie
|-damage|p2b: Susie|11/100
|-supereffective|p2b: Susie
|-crit|p2b: Susie
|-damage|p2b: Susie|0 fnt
|faint|p2b: Susie
|-hitcount|p2: Susie|3
|-unboost|p1b: Dragonite|def|1
|-boost|p1b: Dragonite|spe|1
|move|p1a: Arcanine|Flare Blitz|p2a: Roaring Knight
|-supereffective|p2a: Roaring Knight
|-damage|p2a: Roaring Knight|71/100
|-damage|p1a: Arcanine|89/100|[from] Recoil
|move|p2a: Roaring Knight|Brave Bird|p1b: Dragonite
|-damage|p1b: Dragonite|24/100
|-damage|p2a: Roaring Knight|51/100|[from] Recoil
|
|upkeep
|
|t:|1756266244
|switch|p2b: Gramps|Conkeldurr, L50, M|100/100
|turn|4
|
|t:|1756266277
|-terastallize|p2b: Gramps|Steel
|move|p1b: Dragonite|Protect|p1b: Dragonite
|-singleturn|p1b: Dragonite|Protect
|move|p1a: Arcanine|Flare Blitz|p2a: Roaring Knight
|-supereffective|p2a: Roaring Knight
|-damage|p2a: Roaring Knight|23/100
|-damage|p1a: Arcanine|78/100|[from] Recoil
|move|p2a: Roaring Knight|Roost|p2a: Roaring Knight
|-heal|p2a: Roaring Knight|74/100
|-singleturn|p2a: Roaring Knight|move: Roost
|move|p2b: Gramps|Close Combat|p1a: Arcanine
|-supereffective|p1a: Arcanine
|-damage|p1a: Arcanine|0 fnt
|-unboost|p2b: Gramps|def|1
|-unboost|p2b: Gramps|spd|1
|faint|p1a: Arcanine
|
|-status|p2b: Gramps|brn|[from] item: Flame Orb
|upkeep
|
|t:|1756266286
|switch|p1a: Rillaboom|Rillaboom, L50, M|100/100
|-fieldstart|move: Grassy Terrain|[from] ability: Grassy Surge|[of] p1a: Rillaboom
|turn|5
|
|t:|1756266309
|-terastallize|p1b: Dragonite|Ground
|move|p2b: Gramps|Protect|p2b: Gramps
|-singleturn|p2b: Gramps|Protect
|move|p1b: Dragonite|Stomping Tantrum|p2b: Gramps
|-activate|p2b: Gramps|move: Protect
|move|p1a: Rillaboom|High Horsepower|p2b: Gramps
|-activate|p2b: Gramps|move: Protect
|move|p2a: Roaring Knight|Brave Bird|p1b: Dragonite
|-damage|p1b: Dragonite|0 fnt
|faint|p1b: Dragonite
|-damage|p2a: Roaring Knight|67/100|[from] Recoil
|
|-damage|p2b: Gramps|94/100 brn|[from] brn
|upkeep
|turn|6
|-message|furretusedpunch forfeited.
|
|win|nuclearnutz321
||furretusedpunch is ready for game 2.
