|j|☆Aquarior_testing1
|j|☆thoming
|html|Aquarior_testing1thoming    
|uhtml|bestof|Game 1 of a best-of-3
|t:|1783084228
|gametype|doubles
|player|p1|Aquarior_testing1|mustard-master|1263
|player|p2|thoming|2|1161
|gen|9
|tier|[Gen 9 Champions] VGC 2026 Reg M-B (Bo3)
|rated|
|rule|Species Clause: Limit one of each Pokémon
|rule|Item Clause: Limit 1 of each item
|clearpoke
|poke|p1|Kingambit, L50, M|
|poke|p1|Charizard, L50, M|
|poke|p1|Aerodactyl, L50, M|
|poke|p1|Farigiraf, L50, F|
|poke|p1|Garchomp, L50, F|
|poke|p1|Sylveon, L50, F|
|poke|p2|Blaziken, L50, M|
|poke|p2|Kingambit, L50, M|
|poke|p2|Milotic, L50, M|
|poke|p2|Ninetales-Alola, L50, M|
|poke|p2|Sinistcha-Masterpiece, L50|
|poke|p2|Gholdengo, L50|
|teampreview|4
|showteam|p1|Kingambit||FocusSash|Defiant|KowtowCleave,SuckerPunch,IronHead,LowKick|Adamant||M|||50|]Charizard||CharizarditeY|Blaze|HeatWave,WeatherBall,SolarBeam,Protect|Serious||M|||50|]Aerodactyl||Aerodactylite|Unnerve|RockSlide,DualWingbeat,IceFang,Tailwind|Jolly||M|||50|]Farigiraf||SitrusBerry|ArmorTail|Psychic,Thunderbolt,TrickRoom,Protect|Bold||F|||50|]Garchomp||LifeOrb|RoughSkin|Earthquake,StompingTantrum,DragonClaw,Protect|Jolly||F|||50|]Sylveon||FairyFeather|Pixilate|HyperVoice,HyperBeam,QuickAttack,Detect|Modest||F|||50|
|showteam|p2|Blaziken||Blazikenite|SpeedBoost|CloseCombat,FlareBlitz,RockSlide,Detect|Adamant||M|||50|]Kingambit||BlackGlasses|Defiant|Assurance,SuckerPunch,IronHead,Protect|Adamant||M|||50|]Milotic||Leftovers|Competitive|MuddyWater,Hypnosis,Coil,LifeDew|Calm||M|||50|]Ninetales-Alola||NeverMeltIce|SnowWarning|Blizzard,FreezeDry,Encore,Protect|Timid||M|||50|]Sinistcha-Masterpiece||KasibBerry|Hospitality|MatchaGotcha,RagePowder,TrickRoom,Protect|Bold|||||50|]Gholdengo||ChoiceScarf|GoodasGold|DazzlingGleam,MakeItRain,PowerGem,ShadowBall|Timid|||||50|
|inactive|Battle timer is ON: inactive players will automatically lose when time's up. (requested by Aquarior_testing1)
|
|t:|1783084258
|teamsize|p1|4
|teamsize|p2|4
|start
|switch|p1a: Aerodactyl|Aerodactyl, L50, M|100/100
|switch|p1b: Kingambit|Kingambit, L50, M|100/100
|switch|p2a: Blaziken|Blaziken, L50, M|100/100
|switch|p2b: Milotic|Milotic, L50, M|100/100
|-ability|p1a: Aerodactyl|Unnerve
|turn|1
|
|t:|1783084281
|detailschange|p1a: Aerodactyl|Aerodactyl-Mega, L50, M
|-mega|p1a: Aerodactyl|Aerodactyl|Aerodactylite
|move|p2a: Blaziken|Detect|p2a: Blaziken
|-singleturn|p2a: Blaziken|Protect
|move|p1a: Aerodactyl|Tailwind|p1a: Aerodactyl
|-sidestart|p1: Aquarior_testing1|move: Tailwind
|move|p1b: Kingambit|Kowtow Cleave|p2b: Milotic
|-damage|p2b: Milotic|57/100
|move|p2b: Milotic|Coil|p2b: Milotic
|-boost|p2b: Milotic|atk|1
|-boost|p2b: Milotic|def|1
|-boost|p2b: Milotic|accuracy|1
|
|-heal|p2b: Milotic|63/100|[from] item: Leftovers
|-ability|p2a: Blaziken|Speed Boost|boost
|-boost|p2a: Blaziken|spe|1
|upkeep
|turn|2
|
|t:|1783084305
|switch|p2a: Gholdengo|Gholdengo, L50|100/100
|move|p1a: Aerodactyl|Rock Slide|p2b: Milotic|[spread] p2a,p2b
|-resisted|p2a: Gholdengo|1
|-damage|p2a: Gholdengo|85/100
|-damage|p2b: Milotic|48/100
|move|p1b: Kingambit|Kowtow Cleave|p2b: Milotic
|-damage|p2b: Milotic|18/100
|cant|p2b: Milotic|flinch
|
|-heal|p2b: Milotic|24/100|[from] item: Leftovers
|upkeep
|turn|3
|inactive|Aquarior_testing1 has 30 seconds left.
|inactive|thoming has 30 seconds left.
|
|t:|1783084331
|switch|p2a: Kingambit|Kingambit, L50, M|100/100
|move|p1b: Kingambit|Sucker Punch||[still]
|-fail|p1b: Kingambit
|move|p1a: Aerodactyl|Rock Slide|p2b: Milotic|[spread] p2a
|-miss|p1a: Aerodactyl|p2b: Milotic
|-resisted|p2a: Kingambit|1
|-damage|p2a: Kingambit|91/100
|move|p2b: Milotic|Life Dew|p2b: Milotic|[spread] p2a,p2b
|-heal|p2a: Kingambit|100/100
|-heal|p2b: Milotic|49/100
|
|-heal|p2b: Milotic|55/100|[from] item: Leftovers
|upkeep
|turn|4
|inactive|thoming has 30 seconds left.
|
|t:|1783084364
|move|p2a: Kingambit|Sucker Punch|p1a: Aerodactyl
|-damage|p1a: Aerodactyl|45/100
|move|p1a: Aerodactyl|Rock Slide|p2b: Milotic|[spread] p2a,p2b
|-resisted|p2a: Kingambit|1
|-damage|p2a: Kingambit|91/100
|-damage|p2b: Milotic|40/100
|move|p1b: Kingambit|Low Kick|p2a: Kingambit
|-supereffective|p2a: Kingambit|2
|-damage|p2a: Kingambit|0 fnt
|faint|p2a: Kingambit
|move|p2b: Milotic|Muddy Water|p1a: Aerodactyl|[spread] p1a,p1b
|-supereffective|p1a: Aerodactyl|1
|-damage|p1a: Aerodactyl|0 fnt
|-damage|p1b: Kingambit|72/100
|faint|p1a: Aerodactyl
|
|-heal|p2b: Milotic|46/100|[from] item: Leftovers
|-sideend|p1: Aquarior_testing1|move: Tailwind
|upkeep
|
|t:|1783084379
|switch|p1a: Farigiraf|Farigiraf, L50, F|100/100
|switch|p2a: Blaziken|Blaziken, L50, M|100/100
|turn|5
|
|t:|1783084397
|detailschange|p2a: Blaziken|Blaziken-Mega, L50, M
|-mega|p2a: Blaziken|Blaziken|Blazikenite
|move|p2a: Blaziken|Close Combat|p1b: Kingambit
|-supereffective|p1b: Kingambit|2
|-damage|p1b: Kingambit|0 fnt
|-unboost|p2a: Blaziken|def|1
|-unboost|p2a: Blaziken|spd|1
|faint|p1b: Kingambit
|move|p2b: Milotic|Hypnosis|p1a: Farigiraf|[miss]
|-miss|p2b: Milotic|p1a: Farigiraf
|move|p1a: Farigiraf|Trick Room|p1a: Farigiraf
|-fieldstart|move: Trick Room|[of] p1a: Farigiraf
|
|-heal|p2b: Milotic|51/100|[from] item: Leftovers
|-ability|p2a: Blaziken|Speed Boost|boost
|-boost|p2a: Blaziken|spe|1
|upkeep
|
|t:|1783084402
|switch|p1b: Sylveon|Sylveon, L50, F|100/100
|turn|6
|
|t:|1783084415
|move|p2a: Blaziken|Detect|p2a: Blaziken
|-singleturn|p2a: Blaziken|Protect
|move|p1a: Farigiraf|Thunderbolt|p2b: Milotic
|-supereffective|p2b: Milotic|1
|-damage|p2b: Milotic|20/100y
|move|p1b: Sylveon|Hyper Voice|p2a: Blaziken|[spread] p2b
|-activate|p2a: Blaziken|move: Protect
|-damage|p2b: Milotic|0 fnt
|faint|p2b: Milotic
|
|-ability|p2a: Blaziken|Speed Boost|boost
|-boost|p2a: Blaziken|spe|1
|upkeep
|
|t:|1783084422
|switch|p2b: Gholdengo|Gholdengo, L50|85/100
|turn|7
|
|t:|1783084432
|move|p1a: Farigiraf|Thunderbolt|p2b: Gholdengo
|-damage|p2b: Gholdengo|57/100
|move|p1b: Sylveon|Hyper Voice|p2a: Blaziken|[spread] p2a,p2b
|-resisted|p2b: Gholdengo|1
|-damage|p2a: Blaziken|0 fnt
|-damage|p2b: Gholdengo|28/100
|faint|p2a: Blaziken
|move|p2b: Gholdengo|Make It Rain|p1a: Farigiraf|[spread] p1a,p1b
|-supereffective|p1b: Sylveon|1
|-damage|p1a: Farigiraf|54/100
|-damage|p1b: Sylveon|23/100
|-unboost|p2b: Gholdengo|spa|2
|
|upkeep
|turn|8
|
|t:|1783084445
|move|p1a: Farigiraf|Thunderbolt|p2b: Gholdengo
|-damage|p2b: Gholdengo|3/100
|move|p1b: Sylveon|Hyper Voice|p2b: Gholdengo
|-resisted|p2b: Gholdengo|1
|-damage|p2b: Gholdengo|0 fnt
|faint|p2b: Gholdengo
|
|win|Aquarior_testing1
||thoming is ready for game 2.
||Aquarior_testing1 is ready for game 2.
|uhtml|next|Next: Game 2 of 3
|l|☆thoming
|player|p2|
