|j|☆Frankieon
|j|☆circleslowkeyround
|html|Frankieoncircleslowkeyround    
|uhtml|bestof|Game 2 of a best-of-3
|t:|1757648369
|gametype|doubles
|player|p1|Frankieon|acetrainerf-gen4dp|1192
|player|p2|circleslowkeyround|169|1088
|gen|9
|tier|[Gen 9] VGC 2025 Reg H (Bo3)
|rated|
|rule|Species Clause: Limit one of each Pokémon
|rule|Item Clause: Limit 1 of each item
|clearpoke
|poke|p1|Gholdengo, L50|
|poke|p1|Grimmsnarl, L50, M|
|poke|p1|Archaludon, L50, M|
|poke|p1|Pelipper, L50, F|
|poke|p1|Ursaluna, L50, M|
|poke|p1|Sinistcha, L50|
|poke|p2|Espeon, L50, F|
|poke|p2|Indeedee, L50, M|
|poke|p2|Sneasler, L50, F|
|poke|p2|Gholdengo, L50|
|poke|p2|Tauros-Paldea-Aqua, L50, M|
|poke|p2|Talonflame, L50, M|
|teampreview|4
|showteam|p1|Gholdengo||Leftovers|GoodasGold|MakeItRain,ShadowBall,NastyPlot,Protect||||||50|,,,,,Water]Grimmsnarl||LightClay|Prankster|LightScreen,Reflect,ThunderWave,SpiritBreak|||M|||50|,,,,,Ghost]Archaludon||AssaultVest|Stamina|DracoMeteor,ElectroShot,BodyPress,FlashCannon|||M|||50|,,,,,Electric]Pelipper||FocusSash|Drizzle|MuddyWater,Hurricane,Tailwind,Protect|||F|||50|,,,,,Ghost]Ursaluna||FlameOrb|Guts|Facade,HeadlongRush,Earthquake,Protect|||M|||50|,,,,,Ghost]Sinistcha||SitrusBerry|Hospitality|TrickRoom,MatchaGotcha,LifeDew,RagePowder||||||50|,,,,,Dark
|showteam|p2|Espeon||TwistedSpoon|MagicBounce|Protect,ShadowBall,DazzlingGleam,ExpandingForce|||F|||50|,,,,,Psychic]Indeedee||MindPlate|PsychicSurge|ExpandingForce,DazzlingGleam,HelpingHand,Protect|||M|||50|,,,,,Fairy]Sneasler||PsychicSeed|Unburden|CloseCombat,Acrobatics,DireClaw,Protect|||F|||50|,,,,,Flying]Gholdengo||Leftovers|GoodasGold|MakeItRain,ShadowBall,NastyPlot,Protect||||||50|,,,,,Dragon]Tauros-Paldea-Aqua||ChoiceBand|Intimidate|AquaJet,RagingBull,WaveCrash,CloseCombat|||M|||50|,,,,,Water]Talonflame||FocusSash|GaleWings|Taunt,Tailwind,FlareBlitz,QuickGuard|||M|||50|,,,,,Fire
|inactive|Battle timer is ON: inactive players will automatically lose when time's up. (requested by circleslowkeyround)
|inactive|Frankieon has 60 seconds left.
|inactive|circleslowkeyround has 60 seconds left.
|inactive|Frankieon has 30 seconds left.
|inactive|Frankieon has 20 seconds left.
|inactive|Frankieon has 15 seconds left.
|
|t:|1757648446
|teamsize|p1|4
|teamsize|p2|4
|start
|switch|p1a: Gholdengo|Gholdengo, L50|100/100
|switch|p1b: Grimmsnarl|Grimmsnarl, L50, M|100/100
|switch|p2a: Tauros|Tauros-Paldea-Aqua, L50, M|100/100
|switch|p2b: Gholdengo|Gholdengo, L50, shiny|100/100
|-ability|p2a: Tauros|Intimidate|boost
|-unboost|p1a: Gholdengo|atk|1
|-unboost|p1b: Grimmsnarl|atk|1
|turn|1
|inactive|Frankieon has 30 seconds left.
|inactive|Frankieon has 20 seconds left.
|inactive|Frankieon has 15 seconds left.
|inactive|Frankieon has 10 seconds left.
|inactive|Frankieon has 5 seconds left.
|
|t:|1757648498
|switch|p2a: Indeedee|Indeedee, L50, M|100/100
|-fieldstart|move: Psychic Terrain|[from] ability: Psychic Surge|[of] p2a: Indeedee
|-terastallize|p2b: Gholdengo|Dragon
|move|p1b: Grimmsnarl|Thunder Wave|p2a: Indeedee
|-activate|p2a: Indeedee|move: Psychic Terrain
|move|p1a: Gholdengo|Shadow Ball|p2b: Gholdengo
|-damage|p2b: Gholdengo|68/100
|-unboost|p2b: Gholdengo|spd|1
|move|p2b: Gholdengo|Nasty Plot|p2b: Gholdengo
|-boost|p2b: Gholdengo|spa|2
|
|-heal|p2b: Gholdengo|74/100|[from] item: Leftovers
|upkeep
|turn|2
|inactive|Frankieon has 30 seconds left.
|inactive|circleslowkeyround has 30 seconds left.
|inactive|Frankieon has 20 seconds left.
|inactive|circleslowkeyround has 20 seconds left.
|inactive|Frankieon has 15 seconds left.
|inactive|circleslowkeyround has 15 seconds left.
|inactive|Frankieon has 10 seconds left.
|inactive|circleslowkeyround has 10 seconds left.
|inactive|Frankieon has 5 seconds left.
|
|t:|1757648551
|switch|p2a: Espeon|Espeon, L50, F|100/100
|move|p1b: Grimmsnarl|Light Screen|p1b: Grimmsnarl
|-sidestart|p1: Frankieon|move: Light Screen
|move|p1a: Gholdengo|Make It Rain|p2b: Gholdengo|[spread] p2a,p2b
|-damage|p2a: Espeon|40/100
|-damage|p2b: Gholdengo|14/100
|-unboost|p1a: Gholdengo|spa|1
|move|p2b: Gholdengo|Make It Rain|p1b: Grimmsnarl|[spread] p1a,p1b
|-resisted|p1a: Gholdengo
|-crit|p1a: Gholdengo
|-supereffective|p1b: Grimmsnarl
|-damage|p1a: Gholdengo|21/100
|-damage|p1b: Grimmsnarl|0 fnt
|-unboost|p2b: Gholdengo|spa|1
|faint|p1b: Grimmsnarl
|
|-heal|p1a: Gholdengo|27/100|[from] item: Leftovers
|-heal|p2b: Gholdengo|21/100|[from] item: Leftovers
|upkeep
|inactive|Frankieon has 30 seconds left.
|
|t:|1757648577
|switch|p1b: Sinistcha|Sinistcha, L50|100/100
|-heal|p1a: Gholdengo|51/100|[from] ability: Hospitality|[of] p1b: Sinistcha
|turn|3
|inactive|Frankieon has 30 seconds left.
|inactive|Frankieon has 20 seconds left.
|
|t:|1757648613
|move|p2b: Gholdengo|Protect|p2b: Gholdengo
|-singleturn|p2b: Gholdengo|Protect
|move|p2a: Espeon|Expanding Force|p1a: Gholdengo|[spread] p1a,p1b
|-resisted|p1a: Gholdengo
|-damage|p1a: Gholdengo|26/100
|-damage|p1b: Sinistcha|48/100
|-enditem|p1b: Sinistcha|Sitrus Berry|[eat]
|-heal|p1b: Sinistcha|73/100|[from] item: Sitrus Berry
|move|p1a: Gholdengo|Make It Rain|p2b: Gholdengo|[spread] p2a
|-activate|p2b: Gholdengo|move: Protect
|-damage|p2a: Espeon|5/100
|-unboost|p1a: Gholdengo|spa|1
|move|p1b: Sinistcha|Matcha Gotcha|p2a: Espeon|[spread] p2a
|-activate|p2b: Gholdengo|move: Protect
|-damage|p2a: Espeon|0 fnt
|-heal|p1b: Sinistcha|75/100|[from] drain|[of] p2a: Espeon
|faint|p2a: Espeon
|
|-heal|p1a: Gholdengo|32/100|[from] item: Leftovers
|-heal|p2b: Gholdengo|27/100|[from] item: Leftovers
|upkeep
|
|t:|1757648634
|switch|p2a: Indeedee|Indeedee, L50, M|100/100
|turn|4
|inactive|Frankieon has 30 seconds left.
|inactive|Frankieon has 20 seconds left.
|
|t:|1757648673
|-terastallize|p1b: Sinistcha|Dark
|move|p1a: Gholdengo|Make It Rain|p2a: Indeedee|[spread] p2a,p2b
|-damage|p2a: Indeedee|78/100
|-damage|p2b: Gholdengo|0 fnt
|-unboost|p1a: Gholdengo|spa|1
|faint|p2b: Gholdengo
|move|p2a: Indeedee|Expanding Force|p1a: Gholdengo|[spread] p1a
|-immune|p1b: Sinistcha
|-resisted|p1a: Gholdengo
|-damage|p1a: Gholdengo|13/100
|move|p1b: Sinistcha|Trick Room|p1b: Sinistcha
|-fieldstart|move: Trick Room|[of] p1b: Sinistcha
|
|-heal|p1a: Gholdengo|19/100|[from] item: Leftovers
|upkeep
|
|t:|1757648686
|switch|p2b: Tauros|Tauros-Paldea-Aqua, L50, M|100/100
|-ability|p2b: Tauros|Intimidate|boost
|-unboost|p1a: Gholdengo|atk|1
|-unboost|p1b: Sinistcha|atk|1
|turn|5
|inactive|Frankieon has 30 seconds left.
|
|t:|1757648716
|move|p1b: Sinistcha|Matcha Gotcha|p2b: Tauros|[spread] p2a,p2b
|-supereffective|p2b: Tauros
|-damage|p2a: Indeedee|51/100
|-heal|p1b: Sinistcha|88/100|[from] drain|[of] p2a: Indeedee
|-damage|p2b: Tauros|24/100
|-heal|p1b: Sinistcha|100/100|[from] drain|[of] p2b: Tauros
|-status|p2a: Indeedee|brn
|move|p2a: Indeedee|Dazzling Gleam|p1b: Sinistcha|[spread] p1a,p1b
|-resisted|p1a: Gholdengo
|-supereffective|p1b: Sinistcha
|-damage|p1a: Gholdengo|13/100
|-damage|p1b: Sinistcha|79/100
|move|p1a: Gholdengo|Make It Rain|p2b: Tauros|[spread] p2a,p2b
|-resisted|p2b: Tauros
|-damage|p2a: Indeedee|32/100 brn
|-damage|p2b: Tauros|11/100
|-unboost|p1a: Gholdengo|spa|1
|move|p2b: Tauros|Raging Bull|p1a: Gholdengo
|-sideend|p1: Frankieon|move: Light Screen
|-damage|p1a: Gholdengo|0 fnt
|faint|p1a: Gholdengo
|
|-damage|p2a: Indeedee|25/100 brn|[from] brn
|-fieldend|move: Psychic Terrain
|upkeep
|
|t:|1757648738
|switch|p1a: Ursaluna|Ursaluna, L50, M|100/100
|turn|6
|-message|circleslowkeyround forfeited.
|
|win|Frankieon
|raw|Frankieon's rating: 1192 → 1210(+18 for winning)
|raw|circleslowkeyround's rating: 1088 → 1072(-16 for losing)
|l|☆circleslowkeyround
|player|p2|
