|j|☆Prof55
|j|☆Synthexaria
|html|Prof55Synthexaria    
|uhtml|bestof|Game 2 of a best-of-3
|t:|1786047078
|gametype|doubles
|player|p1|Prof55|norman|
|player|p2|Synthexaria|will|
|gen|9
|tier|[Gen 9 Champions] VGC 2026 Reg M-B (Bo3)
|rule|Species Clause: Limit one of each Pokémon
|rule|Item Clause: Limit 1 of each item
|clearpoke
|poke|p1|Swampert, L50, F|
|poke|p1|Pelipper, L50, F|
|poke|p1|Rotom-Heat, L50|
|poke|p1|Raichu, L50, M|
|poke|p1|Tauros, L50, M|
|poke|p1|Noivern, L50, M|
|poke|p2|Oranguru, L50, F, shiny|
|poke|p2|Camerupt, L50, F, shiny|
|poke|p2|Aegislash, L50, M, shiny|
|poke|p2|Gholdengo, L50, shiny|
|poke|p2|Toxapex, L50, M, shiny|
|poke|p2|Victreebel, L50, F, shiny|
|teampreview|4
|showteam|p1|Swampert||Swampertite|Torrent|Earthquake,IcePunch,WaveCrash,Protect|Adamant||F|||50|]Pelipper||WacanBerry|Drizzle|Hurricane,WeatherBall,Protect,IceBeam|Modest||F|||50|]Rotom-Heat||ChoiceScarf|Levitate|Overheat,Discharge,ShadowBall,VoltSwitch|Modest|||||50|]Raichu||FocusSash|Static|FakeOut,Discharge,Thunderbolt,Protect|Hasty||M|||50|]Tauros||LifeOrb|SheerForce|CloseCombat,DoubleEdge,RockSlide,IronHead|Jolly||M|||50|]Noivern||DragonFang|Frisk|Tailwind,DracoMeteor,Taunt,Hurricane|Timid||M|||50|
|showteam|p2|Oranguru||QuickClaw|Telepathy|Psychic,Instruct,TrickRoom,Rest|Relaxed||F|||50|]Camerupt||Cameruptite|SolidRock|Eruption,AncientPower,Earthquake,Protect|Quiet||F|||50|]Aegislash||MuscleBand|StanceChange|IronHead,KingsShield,SacredSword,PsychoCut|Adamant||M|||50|]Gholdengo||LifeOrb|GoodasGold|MakeItRain,ShadowBall,Thunderbolt,NastyPlot|Quiet|||||50|]Toxapex||Leftovers|Regenerator|BanefulBunker,Recover,ChillingWater,Infestation|Relaxed||M|||50|]Victreebel||ExpertBelt|Chlorophyll|LeafStorm,SludgeBomb,AcidSpray,WeatherBall|Mild||F|||50|
|
|t:|1786047094
|teamsize|p1|4
|teamsize|p2|4
|start
|switch|p1a: Raichu|Raichu, L50, M|100/100
|switch|p1b: Noivern|Noivern, L50, M|100/100
|switch|p2a: Oranguru|Oranguru, L50, F, shiny|100/100
|switch|p2b: Gholdengo|Gholdengo, L50, shiny|100/100
|-item|p2a: Oranguru|Quick Claw|[from] ability: Frisk|[of] p1b: Noivern
|-item|p2b: Gholdengo|Life Orb|[from] ability: Frisk|[of] p1b: Noivern
|turn|1
|
|t:|1786047113
|move|p1a: Raichu|Fake Out|p2a: Oranguru
|-damage|p2a: Oranguru|91/100
|move|p1b: Noivern|Tailwind|p1b: Noivern
|-sidestart|p1: Prof55|move: Tailwind
|move|p2b: Gholdengo|Nasty Plot|p2b: Gholdengo
|-boost|p2b: Gholdengo|spa|2
|cant|p2a: Oranguru|flinch
|
|upkeep
|turn|2
|
|t:|1786047282
|move|p1b: Noivern|Hurricane|p2a: Oranguru
|-damage|p2a: Oranguru|60/100
|move|p1a: Raichu|Thunderbolt|p2a: Oranguru
|-damage|p2a: Oranguru|37/100
|move|p2b: Gholdengo|Nasty Plot|p2b: Gholdengo
|-boost|p2b: Gholdengo|spa|2
|move|p2a: Oranguru|Trick Room|p2a: Oranguru
|-fieldstart|move: Trick Room|[of] p2a: Oranguru
|
|upkeep
|turn|3
|
|t:|1786047299
|switch|p2a: Toxapex|Toxapex, L50, M, shiny|100/100
|move|p2b: Gholdengo|Make It Rain|p1b: Noivern|[spread] p1a,p1b
|-resisted|p1a: Raichu|1
|-enditem|p1a: Raichu|Focus Sash
|-damage|p1a: Raichu|1/100
|-damage|p1b: Noivern|0 fnt
|-unboost|p2b: Gholdengo|spa|2
|faint|p1b: Noivern
|-damage|p2b: Gholdengo|90/100|[from] item: Life Orb
|move|p1a: Raichu|Discharge|p2a: Toxapex|[spread] p2a,p2b
|-supereffective|p2a: Toxapex|1
|-damage|p2a: Toxapex|57/100
|-damage|p2b: Gholdengo|67/100
|-status|p2a: Toxapex|par
|
|-heal|p2a: Toxapex|63/100 par|[from] item: Leftovers
|upkeep
|
|t:|1786047320
|switch|p1b: Tauros|Tauros, L50, M|100/100
|turn|4
|
|t:|1786047332
|switch|p1b: Rotom|Rotom-Heat, L50|100/100
|move|p2a: Toxapex|Infestation|p1b: Rotom
|-resisted|p1b: Rotom|1
|-damage|p1b: Rotom|97/100
|-activate|p1b: Rotom|move: Infestation|[of] p2a: Toxapex
|move|p2b: Gholdengo|Make It Rain|p1b: Rotom|[spread] p1a,p1b
|-resisted|p1a: Raichu|1
|-resisted|p1b: Rotom|2
|-damage|p1a: Raichu|0 fnt
|-damage|p1b: Rotom|57/100
|-unboost|p2b: Gholdengo|spa|2
|faint|p1a: Raichu
|-damage|p2b: Gholdengo|57/100|[from] item: Life Orb
|
|-heal|p2a: Toxapex|69/100 par|[from] item: Leftovers
|-damage|p1b: Rotom|45/100|[from] move: Infestation|[partiallytrapped]
|-sideend|p1: Prof55|move: Tailwind
|upkeep
|
|t:|1786047350
|switch|p1a: Tauros|Tauros, L50, M|100/100
|turn|5
|
|t:|1786047358
|move|p2a: Toxapex|Baneful Bunker|p2a: Toxapex
|-singleturn|p2a: Toxapex|move: Protect
|move|p2b: Gholdengo|Make It Rain|p1b: Rotom|[spread] p1a,p1b
|-resisted|p1b: Rotom|2
|-damage|p1a: Tauros|0 fnt
|-damage|p1b: Rotom|22/100
|-unboost|p2b: Gholdengo|spa|2
|faint|p1a: Tauros
|-damage|p2b: Gholdengo|47/100|[from] item: Life Orb
|move|p1b: Rotom|Discharge|p2b: Gholdengo|[spread] p2b
|-activate|p2a: Toxapex|move: Protect
|-damage|p2b: Gholdengo|22/100
|-status|p2b: Gholdengo|par
|
|-heal|p2a: Toxapex|75/100 par|[from] item: Leftovers
|-damage|p1b: Rotom|10/100|[from] move: Infestation|[partiallytrapped]
|upkeep
|turn|6
|
|t:|1786047380
|move|p2a: Toxapex|Chilling Water|p1b: Rotom
|-supereffective|p1b: Rotom|1
|-damage|p1b: Rotom|0 fnt
|faint|p1b: Rotom
|
|win|Synthexaria
