|j|☆ultraclaw1
|j|☆Passevgc
|html|ultraclaw1Passevgc    
|uhtml|bestof|Game 1 of a best-of-3
|t:|1783948933
|gametype|doubles
|player|p1|ultraclaw1|brycenman|1341
|player|p2|Passevgc|102|1240
|gen|9
|tier|[Gen 9 Champions] VGC 2026 Reg M-B (Bo3)
|rated|
|rule|Species Clause: Limit one of each Pokémon
|rule|Item Clause: Limit 1 of each item
|clearpoke
|poke|p1|Maushold, L50|
|poke|p1|Kingambit, L50, M|
|poke|p1|Garchomp, L50, M|
|poke|p1|Basculegion, L50, M|
|poke|p1|Talonflame, L50, M|
|poke|p1|Floette-Eternal, L50, F|
|poke|p2|Gengar, L50, F|
|poke|p2|Swampert, L50, M|
|poke|p2|Incineroar, L50, F|
|poke|p2|Politoed, L50, M|
|poke|p2|Archaludon, L50, M|
|poke|p2|Vivillon, L50, M|
|teampreview|4
|showteam|p1|Maushold||FocusSash|FriendGuard|SuperFang,Feint,FollowMe,Protect|Timid|||||50|]Kingambit||ChopleBerry|Defiant|KowtowCleave,SuckerPunch,LowKick,IronHead|Adamant||M|||50|]Garchomp||LifeOrb|RoughSkin|RockSlide,Earthquake,DragonClaw,Protect|Jolly||M|||50|]Basculegion||MysticWater|Adaptability|WaveCrash,LastRespects,AquaJet,Protect|Adamant||M|||50|]Talonflame||SharpBeak|GaleWings|QuickGuard,DualWingbeat,Tailwind,Protect|Jolly||M|||50|]Floette-Eternal||Floettite|FlowerVeil|LightofRuin,Protect,Moonblast,DazzlingGleam|Modest||F|||50|
|showteam|p2|Gengar||Gengarite|CursedBody|ShadowBall,PerishSong,SludgeBomb,Protect|Timid||F|||50|]Swampert||Swampertite|Torrent|WaveCrash,Earthquake,IcePunch,Protect|Adamant||M|||50|]Incineroar||PasshoBerry|Intimidate|ThroatChop,PartingShot,FakeOut,Protect|Sassy||F|||50|]Politoed||SitrusBerry|Drizzle|WeatherBall,PerishSong,Encore,Protect|Calm||M|||50|]Archaludon||Leftovers|Stamina|DragonPulse,FlashCannon,ElectroShot,Protect|Bold||M|||50|]Vivillon||FocusSash|CompoundEyes|Hurricane,SleepPowder,RagePowder,Protect|Timid||M|||50|
|inactive|Battle timer is ON: inactive players will automatically lose when time's up. (requested by ultraclaw1)
|c|☆ultraclaw1|lol
|c|☆ultraclaw1|glhf
|inactive|Passevgc has 60 seconds left.
|inactive|Passevgc has 30 seconds left.
|
|t:|1783948997
|teamsize|p1|4
|teamsize|p2|4
|start
|switch|p1a: Garchomp|Garchomp, L50, M|100/100
|switch|p1b: Talonflame|Talonflame, L50, M|100/100
|switch|p2a: Gengar|Gengar, L50, F|100/100
|switch|p2b: Incineroar|Incineroar, L50, F|100/100
|-ability|p2b: Incineroar|Intimidate|boost
|-unboost|p1a: Garchomp|atk|1
|-unboost|p1b: Talonflame|atk|1
|turn|1
|inactive|Passevgc has 30 seconds left.
|inactive|Passevgc has 20 seconds left.
|inactive|Passevgc has 15 seconds left.
|
|t:|1783949040
|detailschange|p2a: Gengar|Gengar-Mega, L50, F
|-mega|p2a: Gengar|Gengar|Gengarite
|move|p2a: Gengar|Protect|p2a: Gengar
|-singleturn|p2a: Gengar|Protect
|move|p1b: Talonflame|Quick Guard|p1b: Talonflame
|-singleturn|p1b: Talonflame|Quick Guard
|move|p1a: Garchomp|Earthquake|p2b: Incineroar|[spread] p2b
|-activate|p2a: Gengar|move: Protect
|-immune|p1b: Talonflame
|-supereffective|p2b: Incineroar|1
|-damage|p2b: Incineroar|42/100
|-damage|p1a: Garchomp|90/100|[from] item: Life Orb
|move|p2b: Incineroar|Parting Shot|p1a: Garchomp
|-unboost|p1a: Garchomp|atk|1
|-unboost|p1a: Garchomp|spa|1
|
|t:|1783949063
|switch|p2b: Swampert|Swampert, L50, M|100/100|[from] Parting Shot
|
|upkeep
|turn|2
|inactive|Passevgc has 30 seconds left.
|
|t:|1783949089
|switch|p2a: Politoed|Politoed, L50, M|100/100
|-weather|RainDance|[from] ability: Drizzle|[of] p2a: Politoed
|move|p1b: Talonflame|Dual Wingbeat|p2a: Politoed
|-damage|p2a: Politoed|86/100
|-damage|p2a: Politoed|73/100
|-hitcount|p2a: Politoed|2
|move|p1a: Garchomp|Earthquake|p2b: Swampert|[spread] p2a,p2b
|-immune|p1b: Talonflame
|-damage|p2a: Politoed|46/100
|-damage|p2b: Swampert|72/100
|-enditem|p2a: Politoed|Sitrus Berry|[eat]
|-heal|p2a: Politoed|70/100|[from] item: Sitrus Berry
|-damage|p1a: Garchomp|80/100|[from] item: Life Orb
|move|p2b: Swampert|Wave Crash|p1b: Talonflame
|-supereffective|p1b: Talonflame|1
|-crit|p1b: Talonflame
|-damage|p1b: Talonflame|0 fnt
|faint|p1b: Talonflame
|-damage|p2b: Swampert|46/100|[from] Recoil
|
|-weather|RainDance|[upkeep]
|upkeep
|
|t:|1783949099
|switch|p1b: Floette|Floette-Eternal, L50, F|100/100
|turn|3
|inactive|Passevgc has 30 seconds left.
|inactive|Passevgc has 20 seconds left.
|inactive|Passevgc has 15 seconds left.
|
|t:|1783949140
|switch|p1a: Basculegion|Basculegion, L50, M|100/100
|switch|p2a: Gengar|Gengar-Mega, L50, F|100/100
|detailschange|p1b: Floette|Floette-Mega, L50, F
|-mega|p1b: Floette|Floette|Floettite
|-ability|p1b: Floette|Fairy Aura
|move|p1b: Floette|Dazzling Gleam|p2a: Gengar|[spread] p2a,p2b
|-resisted|p2a: Gengar|1
|-damage|p2a: Gengar|68/100
|-damage|p2b: Swampert|0 fnt
|faint|p2b: Swampert
|
|-weather|RainDance|[upkeep]
|upkeep
|
|t:|1783949162
|switch|p2b: Incineroar|Incineroar, L50, F|42/100
|-ability|p2b: Incineroar|Intimidate|boost
|-unboost|p1a: Basculegion|atk|1
|-unboost|p1b: Floette|atk|1
|turn|4
|
|t:|1783949171
|move|p2b: Incineroar|Fake Out|p1b: Floette
|-damage|p1b: Floette|86/100
|move|p2a: Gengar|Shadow Ball|p1a: Basculegion
|-supereffective|p1a: Basculegion|1
|-damage|p1a: Basculegion|2/100
|cant|p1b: Floette|flinch
|move|p1a: Basculegion|Last Respects|p2a: Gengar
|-supereffective|p2a: Gengar|1
|-damage|p2a: Gengar|0 fnt
|faint|p2a: Gengar
|
|-weather|RainDance|[upkeep]
|upkeep
|
|t:|1783949183
|switch|p2a: Politoed|Politoed, L50, M|70/100
|turn|5
|
|t:|1783949204
|move|p2b: Incineroar|Protect|p2b: Incineroar
|-singleturn|p2b: Incineroar|Protect
|move|p1b: Floette|Light of Ruin|p2a: Politoed
|-damage|p2a: Politoed|0 fnt
|faint|p2a: Politoed
|-damage|p1b: Floette|41/100|[from] Recoil
|move|p1a: Basculegion|Wave Crash|p2b: Incineroar
|-activate|p2b: Incineroar|move: Protect
|
|-weather|RainDance|[upkeep]
|upkeep
|turn|6
|-message|Passevgc forfeited.
|
|win|ultraclaw1
||ultraclaw1 is ready for game 2.
|l|☆ultraclaw1
|player|p1|
||Passevgc is ready for game 2.
|uhtml|next|Next: Game 2 of 3
|l|☆Passevgc
|player|p2|
|j|☆ultraclaw1
|player|p1|ultraclaw1|brycenman|
