|j|☆theboyparris
|j|☆testdigi
|html|theboyparristestdigi    
|uhtml|bestof|Game 1 of a best-of-3
|t:|1785340406
|gametype|doubles
|player|p1|theboyparris|265|1074
|player|p2|testdigi|169|1143
|gen|9
|tier|[Gen 9 Champions] VGC 2026 Reg M-B (Bo3)
|rated|
|rule|Species Clause: Limit one of each Pokémon
|rule|Item Clause: Limit 1 of each item
|clearpoke
|poke|p1|Metagross, L50|
|poke|p1|Ceruledge, L50, F|
|poke|p1|Kommo-o, L50, F|
|poke|p1|Milotic, L50, F|
|poke|p1|Serperior, L50, M|
|poke|p1|Weavile, L50, F|
|poke|p2|Tyranitar, L50, M|
|poke|p2|Excadrill, L50, M|
|poke|p2|Gholdengo, L50, shiny|
|poke|p2|Milotic, L50, F, shiny|
|poke|p2|Sinistcha, L50|
|poke|p2|Staraptor, L50, M|
|teampreview|4
|showteam|p1|Metagross||Metagrossite|ClearBody|HardPress,PsychicFangs,BodyPress,Protect|Jolly|||||50|]Ceruledge||LifeOrb|FlashFire|BitterBlade,ShadowSneak,BulkUp,Protect|Adamant||F|||50|]Kommo-o||DragonFang|Bulletproof|ClangingScales,Flamethrower,ClangorousSoul,Protect|Timid||F|||50|]Milotic||ZoomLens|Competitive|MuddyWater,Hypnosis,LifeDew,Coil|Sassy||F|||50|]Serperior||WideLens|Contrary|LeafStorm,LightScreen,Reflect,Glare|Timid||M|||50|]Weavile||FocusSash|Pickpocket|KnockOff,IceSpinner,LowKick,FakeOut|Jolly||F|||50|
|showteam|p2|Tyranitar||Tyranitarite|SandStream|RockSlide,KnockOff,LowKick,Protect|Jolly||M|||50|]Excadrill||FocusSash|SandRush|HighHorsepower,IronHead,RockSlide,Protect|Adamant||M|||50|]Gholdengo||LifeOrb|GoodasGold|ShadowBall,MakeItRain,NastyPlot,Protect|Modest|||||50|]Milotic||Leftovers|Competitive|Scald,Recover,IcyWind,Protect|Calm||F|||50|]Sinistcha||ColburBerry|Hospitality|MatchaGotcha,LifeDew,RagePowder,Protect|Bold|||||50|]Staraptor||Staraptite|Intimidate|CloseCombat,BraveBird,Tailwind,Protect|Jolly||M|||50|
|inactive|Battle timer is ON: inactive players will automatically lose when time's up. (requested by theboyparris)
|inactive|theboyparris has 60 seconds left.
|inactive|testdigi has 60 seconds left.
|
|t:|1785340454
|teamsize|p1|4
|teamsize|p2|4
|start
|switch|p1a: Serperior|Serperior, L50, M|100/100
|switch|p1b: Metagross|Metagross, L50|100/100
|switch|p2a: Tyranitar|Tyranitar, L50, M|100/100
|switch|p2b: Excadrill|Excadrill, L50, M|100/100
|-weather|Sandstorm|[from] ability: Sand Stream|[of] p2a: Tyranitar
|turn|1
|
|t:|1785340473
|detailschange|p2a: Tyranitar|Tyranitar-Mega, L50, M
|-mega|p2a: Tyranitar|Tyranitar|Tyranitarite
|move|p1b: Metagross|Protect|p1b: Metagross
|-singleturn|p1b: Metagross|Protect
|move|p2b: Excadrill|High Horsepower|p1b: Metagross
|-activate|p1b: Metagross|move: Protect
|move|p1a: Serperior|Glare|p2b: Excadrill
|-status|p2b: Excadrill|par
|move|p2a: Tyranitar|Knock Off|p1a: Serperior
|-damage|p1a: Serperior|41/100
|-enditem|p1a: Serperior|Wide Lens|[from] move: Knock Off|[of] p2a: Tyranitar
|
|-weather|Sandstorm|[upkeep]
|-damage|p1a: Serperior|35/100|[from] Sandstorm
|upkeep
|turn|2
|inactive|testdigi has 30 seconds left.
|
|t:|1785340503
|detailschange|p1b: Metagross|Metagross-Mega, L50
|-mega|p1b: Metagross|Metagross|Metagrossite
|move|p1a: Serperior|Leaf Storm|p2b: Excadrill
|-damage|p2b: Excadrill|54/100 par
|-boost|p1a: Serperior|spa|2
|move|p1b: Metagross|Body Press|p2b: Excadrill
|-supereffective|p2b: Excadrill|1
|-damage|p2b: Excadrill|0 fnt
|faint|p2b: Excadrill
|move|p2a: Tyranitar|Knock Off|p1b: Metagross
|-supereffective|p1b: Metagross|1
|-damage|p1b: Metagross|42/100
|
|-weather|Sandstorm|[upkeep]
|-damage|p1a: Serperior|29/100|[from] Sandstorm
|upkeep
|
|t:|1785340512
|switch|p2b: Staraptor|Staraptor, L50, M|100/100
|-ability|p2b: Staraptor|Intimidate|boost
|-boost|p1a: Serperior|atk|1
|-unboost|p1b: Metagross|atk|1
|turn|3
|
|t:|1785340531
|switch|p2a: Gholdengo|Gholdengo, L50, shiny|100/100
|move|p1b: Metagross|Protect|p1b: Metagross
|-singleturn|p1b: Metagross|Protect
|move|p1a: Serperior|Glare|p2b: Staraptor
|-status|p2b: Staraptor|par
|move|p2b: Staraptor|Tailwind|p2b: Staraptor
|-sidestart|p2: testdigi|move: Tailwind
|
|-weather|Sandstorm|[upkeep]
|-damage|p1a: Serperior|23/100|[from] Sandstorm
|-damage|p2b: Staraptor|93/100 par|[from] Sandstorm
|upkeep
|turn|4
|
|t:|1785340555
|move|p2a: Gholdengo|Shadow Ball|p1b: Metagross
|-supereffective|p1b: Metagross|1
|-damage|p1b: Metagross|0 fnt
|faint|p1b: Metagross
|-damage|p2a: Gholdengo|90/100|[from] item: Life Orb
|move|p1a: Serperior|Leaf Storm|p2a: Gholdengo
|-resisted|p2a: Gholdengo|1
|-damage|p2a: Gholdengo|49/100
|-boost|p1a: Serperior|spa|2
|move|p2b: Staraptor|Brave Bird|p1a: Serperior
|-supereffective|p1a: Serperior|1
|-damage|p1a: Serperior|0 fnt
|faint|p1a: Serperior
|-damage|p2b: Staraptor|86/100 par|[from] Recoil
|
|-weather|Sandstorm|[upkeep]
|-damage|p2b: Staraptor|80/100 par|[from] Sandstorm
|upkeep
|
|t:|1785340561
|switch|p1a: Kommo-o|Kommo-o, L50, F|100/100
|switch|p1b: Weavile|Weavile, L50, F|100/100
|turn|5
|
|t:|1785340574
|move|p2a: Gholdengo|Protect|p2a: Gholdengo
|-singleturn|p2a: Gholdengo|Protect
|move|p2b: Staraptor|Protect|p2b: Staraptor
|-singleturn|p2b: Staraptor|Protect
|move|p1b: Weavile|Ice Spinner|p2b: Staraptor
|-activate|p2b: Staraptor|move: Protect
|move|p1a: Kommo-o|Flamethrower|p2a: Gholdengo
|-activate|p2a: Gholdengo|move: Protect
|
|-weather|none
|upkeep
|turn|6
|
|t:|1785340591
|move|p1a: Kommo-o|Protect|p1a: Kommo-o
|-singleturn|p1a: Kommo-o|Protect
|move|p2a: Gholdengo|Make It Rain|p1b: Weavile|[spread] p1b
|-activate|p1a: Kommo-o|move: Protect
|-supereffective|p1b: Weavile|1
|-crit|p1b: Weavile
|-enditem|p1b: Weavile|Focus Sash
|-damage|p1b: Weavile|1/100
|-unboost|p2a: Gholdengo|spa|2
|-damage|p2a: Gholdengo|40/100|[from] item: Life Orb
|move|p1b: Weavile|Ice Spinner|p2b: Staraptor
|-supereffective|p2b: Staraptor|1
|-damage|p2b: Staraptor|0 fnt
|faint|p2b: Staraptor
|
|-sideend|p2: testdigi|move: Tailwind
|upkeep
|
|t:|1785340594
|switch|p2b: Tyranitar|Tyranitar-Mega, L50, M|100/100
|-weather|Sandstorm|[from] ability: Sand Stream|[of] p2b: Tyranitar
|turn|7
|
|t:|1785340606
|move|p2a: Gholdengo|Protect|p2a: Gholdengo
|-singleturn|p2a: Gholdengo|Protect
|move|p2b: Tyranitar|Protect|p2b: Tyranitar
|-singleturn|p2b: Tyranitar|Protect
|move|p1b: Weavile|Low Kick|p2b: Tyranitar
|-activate|p2b: Tyranitar|move: Protect
|move|p1a: Kommo-o|Clangorous Soul|p1a: Kommo-o
|-boost|p1a: Kommo-o|atk|1
|-boost|p1a: Kommo-o|def|1
|-boost|p1a: Kommo-o|spa|1
|-boost|p1a: Kommo-o|spd|1
|-boost|p1a: Kommo-o|spe|1
|-damage|p1a: Kommo-o|67/100
|
|-weather|Sandstorm|[upkeep]
|-damage|p1a: Kommo-o|61/100|[from] Sandstorm
|-damage|p1b: Weavile|0 fnt|[from] Sandstorm
|faint|p1b: Weavile
|upkeep
|turn|8
|
|t:|1785340623
|move|p1a: Kommo-o|Clanging Scales|p2a: Gholdengo|[spread] p2a,p2b
|-resisted|p2a: Gholdengo|1
|-crit|p2a: Gholdengo
|-damage|p2a: Gholdengo|0 fnt
|-damage|p2b: Tyranitar|67/100
|faint|p2a: Gholdengo
|-unboost|p1a: Kommo-o|def|1
|move|p2b: Tyranitar|Low Kick|p1a: Kommo-o
|-damage|p1a: Kommo-o|32/100
|
|-weather|Sandstorm|[upkeep]
|-damage|p1a: Kommo-o|26/100|[from] Sandstorm
|upkeep
|turn|9
|
|t:|1785340636
|move|p1a: Kommo-o|Clanging Scales|p2b: Tyranitar
|-damage|p2b: Tyranitar|20/100y
|-unboost|p1a: Kommo-o|def|1
|move|p2b: Tyranitar|Low Kick|p1a: Kommo-o
|-damage|p1a: Kommo-o|0 fnt
|faint|p1a: Kommo-o
|
|win|testdigi
||testdigi is ready for game 2.
||theboyparris is ready for game 2.
|uhtml|next|Next: Game 2 of 3
