|j|☆Hugh r
|j|☆Ly_likes_Ceruledge
|html|Hugh rLy_likes_Ceruledge    
|uhtml|bestof|Game 1 of a best-of-3
|t:|1784984233
|gametype|doubles
|player|p1|Hugh r|koga|
|player|p2|Ly_likes_Ceruledge|n|
|gen|9
|tier|[Gen 9 Champions] VGC 2026 Reg M-B (Bo3)
|rule|Species Clause: Limit one of each Pokémon
|rule|Item Clause: Limit 1 of each item
|clearpoke
|poke|p1|Sneasler, L50, F|
|poke|p1|Delphox, L50, F|
|poke|p1|Whimsicott, L50, M|
|poke|p1|Gardevoir, L50, F|
|poke|p1|Kleavor, L50, F|
|poke|p1|Jolteon, L50, F|
|poke|p2|Slowbro-Galar, L50, F|
|poke|p2|Aerodactyl, L50, M|
|poke|p2|Kingambit, L50, M|
|poke|p2|Garchomp, L50, M|
|poke|p2|Typhlosion-Hisui, L50, F|
|poke|p2|Tinkaton, L50, F|
|teampreview|4
|showteam|p1|Sneasler||WhiteHerb|Unburden|FakeOut,DireClaw,CloseCombat,Protect|Jolly||F|||50|]Delphox||Delphoxite|Blaze|WillOWisp,Psychic,HeatWave,Protect|Timid||F|||50|]Whimsicott||FocusSash|Prankster|Moonblast,Tailwind,Protect,Encore|Timid||M|||50|]Gardevoir||Gardevoirite|Trace|Moonblast,HyperBeam,AuraSphere,Protect|Timid||F|||50|]Kleavor||LifeOrb|SheerForce|RockSlide,Protect,NightSlash,CloseCombat|Adamant||F|||50|]Jolteon||ChoiceScarf|VoltAbsorb|VoltSwitch,Thunderbolt,Electroweb,Detect|Modest||F|||50|
|showteam|p2|Slowbro-Galar||ColburBerry|Regenerator|TrickRoom,Toxic,ShellSideArm,Protect|Relaxed||F|||50|]Aerodactyl||Aerodactylite|RockHead|Tailwind,DualWingbeat,RockSlide,Protect|Adamant||M|||50|]Kingambit||BlackGlasses|SupremeOverlord|IronHead,SuckerPunch,KowtowCleave,Protect|Adamant||M|||50|]Garchomp||LifeOrb|RoughSkin|DragonClaw,RockSlide,Earthquake,Protect|Jolly||M|||50|]Typhlosion-Hisui||ChoiceScarf|Blaze|Eruption,ShadowBall,HeatWave,Protect|Timid||F|||50|]Tinkaton||OccaBerry|MoldBreaker|HelpingHand,FakeOut,GigatonHammer,Protect|Jolly||F|||50|
|inactive|Battle timer is ON: inactive players will automatically lose when time's up. (requested by Hugh r)
|inactive|Hugh r has 60 seconds left.
|inactive|Ly_likes_Ceruledge has 60 seconds left.
|inactive|Hugh r has 30 seconds left.
|inactive|Hugh r has 20 seconds left.
|inactive|Hugh r has 15 seconds left.
|inactive|Ly_likes_Ceruledge has 30 seconds left.
|inactive|Ly_likes_Ceruledge has 20 seconds left.
|inactive|Ly_likes_Ceruledge has 15 seconds left.
|
|t:|1784984325
|teamsize|p1|4
|teamsize|p2|4
|start
|switch|p1a: Sneasler|Sneasler, L50, F|100/100
|switch|p1b: Whimsicott|Whimsicott, L50, M|100/100
|switch|p2a: Slowbro|Slowbro-Galar, L50, F|100/100
|switch|p2b: Aerodactyl|Aerodactyl, L50, M|100/100
|turn|1
|inactive|Hugh r has 30 seconds left.
|
|t:|1784984352
|switch|p1b: Kleavor|Kleavor, L50, F|100/100
|detailschange|p2b: Aerodactyl|Aerodactyl-Mega, L50, M
|-mega|p2b: Aerodactyl|Aerodactyl|Aerodactylite
|move|p1a: Sneasler|Fake Out|p2a: Slowbro
|-damage|p2a: Slowbro|90/100
|move|p2b: Aerodactyl|Dual Wingbeat|p1a: Sneasler|[miss]
|-miss|p2b: Aerodactyl|p1a: Sneasler
|cant|p2a: Slowbro|flinch
|
|upkeep
|turn|2
|inactive|Ly_likes_Ceruledge has 30 seconds left.
|
|t:|1784984385
|move|p1a: Sneasler|Protect|p1a: Sneasler
|-singleturn|p1a: Sneasler|Protect
|move|p2b: Aerodactyl|Dual Wingbeat|p1a: Sneasler
|-activate|p1a: Sneasler|move: Protect
|move|p1b: Kleavor|Rock Slide|p2b: Aerodactyl|[spread] p2a,p2b
|-supereffective|p2b: Aerodactyl|1
|-damage|p2a: Slowbro|55/100
|-damage|p2b: Aerodactyl|0 fnt
|faint|p2b: Aerodactyl
|move|p2a: Slowbro|Trick Room|p2a: Slowbro
|-fieldstart|move: Trick Room|[of] p2a: Slowbro
|
|upkeep
|
|t:|1784984402
|switch|p2b: Kingambit|Kingambit, L50, M|100/100
|-activate|p2b: Kingambit|ability: Supreme Overlord
|-start|p2b: Kingambit|fallen1|[silent]
|turn|3
|
|t:|1784984416
|move|p2a: Slowbro|Shell Side Arm|p1a: Sneasler|[anim] Shell Side Arm Physical
|-resisted|p1a: Sneasler|1
|-damage|p1a: Sneasler|73/100
|-hint|Physical Shell Side Arm
|move|p2b: Kingambit|Iron Head|p1a: Sneasler
|-damage|p1a: Sneasler|0 fnt
|faint|p1a: Sneasler
|move|p1b: Kleavor|Close Combat|p2b: Kingambit
|-supereffective|p2b: Kingambit|2
|-damage|p2b: Kingambit|0 fnt
|-unboost|p1b: Kleavor|def|1
|-unboost|p1b: Kleavor|spd|1
|faint|p2b: Kingambit
|-end|p2b: Kingambit|fallen1|[silent]
|-damage|p1b: Kleavor|90/100|[from] item: Life Orb
|
|upkeep
|
|t:|1784984428
|switch|p2b: LeChomp James|Garchomp, L50, M|100/100
|switch|p1a: Whimsicott|Whimsicott, L50, M|100/100
|turn|4
|
|t:|1784984436
|move|p1a: Whimsicott|Protect|p1a: Whimsicott
|-singleturn|p1a: Whimsicott|Protect
|move|p1b: Kleavor|Protect|p1b: Kleavor
|-singleturn|p1b: Kleavor|Protect
|move|p2b: LeChomp James|Protect|p2b: LeChomp James
|-singleturn|p2b: LeChomp James|Protect
|move|p2a: Slowbro|Shell Side Arm|p1a: Whimsicott|[anim] Shell Side Arm Special
|-activate|p1a: Whimsicott|move: Protect
|
|upkeep
|turn|5
|
|t:|1784984454
|move|p1a: Whimsicott|Encore|p2b: LeChomp James
|-start|p2b: LeChomp James|Encore
|move|p2b: LeChomp James|Protect||[still]
|-fail|p2b: LeChomp James
|move|p2a: Slowbro|Shell Side Arm|p1a: Whimsicott|[anim] Shell Side Arm Special
|-supereffective|p1a: Whimsicott|2
|-enditem|p1a: Whimsicott|Focus Sash
|-damage|p1a: Whimsicott|1/100
|-hint|Special Shell Side Arm
|move|p1b: Kleavor|Night Slash|p2a: Slowbro
|-supereffective|p2a: Slowbro|1
|-crit|p2a: Slowbro
|-enditem|p2a: Slowbro|Colbur Berry|[eat]
|-enditem|p2a: Slowbro|Colbur Berry|[weaken]
|-damage|p2a: Slowbro|19/100
|-damage|p1b: Kleavor|80/100|[from] item: Life Orb
|
|upkeep
|turn|6
|
|t:|1784984479
|move|p2b: LeChomp James|Protect|p2b: LeChomp James
|-singleturn|p2b: LeChomp James|Protect
|move|p2a: Slowbro|Shell Side Arm|p1b: Kleavor|[anim] Shell Side Arm Special
|-resisted|p1b: Kleavor|1
|-damage|p1b: Kleavor|42/100
|-hint|Special Shell Side Arm
|move|p1b: Kleavor|Night Slash|p2a: Slowbro
|-supereffective|p2a: Slowbro|1
|-damage|p2a: Slowbro|0 fnt
|faint|p2a: Slowbro
|-damage|p1b: Kleavor|32/100|[from] item: Life Orb
|move|p1a: Whimsicott|Moonblast|p2b: LeChomp James
|-activate|p2b: LeChomp James|move: Protect
|
|-fieldend|move: Trick Room
|upkeep
|turn|7
|
|t:|1784984486
|move|p2b: LeChomp James|Protect||[still]
|-fail|p2b: LeChomp James
|move|p1a: Whimsicott|Moonblast|p2b: LeChomp James
|-supereffective|p2b: LeChomp James|1
|-damage|p2b: LeChomp James|21/100
|move|p1b: Kleavor|Close Combat|p2b: LeChomp James
|-damage|p2b: LeChomp James|0 fnt
|-unboost|p1b: Kleavor|def|1
|-unboost|p1b: Kleavor|spd|1
|-damage|p1b: Kleavor|20/100y|[from] ability: Rough Skin|[of] p2b: LeChomp James
|faint|p2b: LeChomp James
|-damage|p1b: Kleavor|10/100|[from] item: Life Orb
|
|win|Hugh r
||Hugh r is ready for game 2.
|inactive|Ly_likes_Ceruledge has 30 seconds to confirm battle start!
||Ly_likes_Ceruledge is ready for game 2.
|uhtml|next|Next: Game 2 of 3
