|j|☆AlexIannoneVGC
|j|☆itmaybetime
|html|AlexIannoneVGCitmaybetime    
|uhtml|bestof|Game 1 of a best-of-3
|t:|1782179387
|gametype|doubles
|player|p1|AlexIannoneVGC|colress|1105
|player|p2|itmaybetime|266|1000
|gen|9
|tier|[Gen 9 Champions] VGC 2026 Reg M-B (Bo3)
|rated|
|rule|Species Clause: Limit one of each Pokémon
|rule|Item Clause: Limit 1 of each item
|clearpoke
|poke|p1|Pyroar, L50, M|
|poke|p1|Farigiraf, L50, F|
|poke|p1|Sneasler, L50, F|
|poke|p1|Torkoal, L50, M|
|poke|p1|Floette-Eternal, L50, F|
|poke|p1|Whimsicott, L50, F|
|poke|p2|Gholdengo, L50|
|poke|p2|Incineroar, L50, F|
|poke|p2|Garchomp, L50, F|
|poke|p2|Charizard, L50, F|
|poke|p2|Basculegion, L50, M|
|poke|p2|Whimsicott, L50, F|
|teampreview|4
|showteam|p1|Pyroar||Pyroarite|Unnerve|Overheat,HeatWave,Protect,Roar|Timid||M|||50|]Farigiraf||SitrusBerry|ArmorTail|Protect,HelpingHand,TrickRoom,HyperVoice|Bold||F|||50|]Sneasler||WhiteHerb|Unburden|FakeOut,DireClaw,CloseCombat,Protect|Jolly||F|||50|]Torkoal||Charcoal|Drought|Eruption,HeatWave,Protect,HelpingHand|Modest||M|||50|]Floette-Eternal||Floettite|FlowerVeil|DazzlingGleam,Moonblast,CalmMind,Protect|Timid||F|||50|]Whimsicott||FocusSash|Prankster|Moonblast,Tailwind,Encore,Protect|Timid||F|||50|
|showteam|p2|Gholdengo||SpellTag|GoodasGold|MakeItRain,ShadowBall,NastyPlot,Protect|Modest|||||50|]Incineroar||SitrusBerry|Intimidate|PartingShot,FlareBlitz,ThroatChop,FakeOut|Impish||F|||50|]Garchomp||LifeOrb|RoughSkin|Earthquake,DragonClaw,RockSlide,Protect|Jolly||F|||50|]Charizard||CharizarditeY|Blaze|HeatWave,SolarBeam,WeatherBall,Protect|Modest||F|||50|]Basculegion||ChoiceScarf|Adaptability|WaveCrash,LastRespects,AquaJet,FlipTurn|Jolly||M|||50|]Whimsicott||FocusSash|Prankster|Tailwind,Encore,Moonblast,Protect|Timid||F|||50|
|inactive|Battle timer is ON: inactive players will automatically lose when time's up. (requested by AlexIannoneVGC)
|inactive|AlexIannoneVGC has 60 seconds left.
|inactive|itmaybetime has 60 seconds left.
|inactive|itmaybetime has 30 seconds left.
|
|t:|1782179451
|teamsize|p1|4
|teamsize|p2|4
|start
|switch|p1a: Pyroar|Pyroar, L50, M|100/100
|switch|p1b: Whimsicott|Whimsicott, L50, F|100/100
|switch|p2a: Incineroar|Incineroar, L50, F|100/100
|switch|p2b: Garchomp|Garchomp, L50, F|100/100
|-ability|p1a: Pyroar|Unnerve
|-ability|p2a: Incineroar|Intimidate|boost
|-unboost|p1a: Pyroar|atk|1
|-unboost|p1b: Whimsicott|atk|1
|turn|1
|inactive|AlexIannoneVGC has 30 seconds left.
|
|t:|1782179477
|switch|p1b: Farigiraf|Farigiraf, L50, F|100/100
|detailschange|p1a: Pyroar|Pyroar-Mega, L50, M
|-mega|p1a: Pyroar|Pyroar|Pyroarite
|move|p2a: Incineroar|Fake Out||[still]
|cant|p1b: Farigiraf|ability: Armor Tail|Fake Out|[of] p2a: Incineroar
|move|p1a: Pyroar|Heat Wave|p2b: Garchomp|[spread] p2a,p2b
|-resisted|p2a: Incineroar|1
|-resisted|p2b: Garchomp|1
|-damage|p2a: Incineroar|76/100
|-damage|p2b: Garchomp|70/100
|-status|p2b: Garchomp|brn
|move|p2b: Garchomp|Rock Slide|p1b: Farigiraf|[spread] p1a,p1b
|-supereffective|p1a: Pyroar|1
|-damage|p1a: Pyroar|69/100
|-damage|p1b: Farigiraf|89/100
|-damage|p2b: Garchomp|61/100 brn|[from] item: Life Orb
|
|-damage|p2b: Garchomp|55/100 brn|[from] brn
|upkeep
|turn|2
|inactive|AlexIannoneVGC has 30 seconds left.
|inactive|itmaybetime has 30 seconds left.
|
|t:|1782179509
|move|p1a: Pyroar|Protect|p1a: Pyroar
|-singleturn|p1a: Pyroar|Protect
|move|p2b: Garchomp|Protect|p2b: Garchomp
|-singleturn|p2b: Garchomp|Protect
|move|p2a: Incineroar|Throat Chop|p1b: Farigiraf
|-supereffective|p1b: Farigiraf|1
|-damage|p1b: Farigiraf|38/100
|-start|p1b: Farigiraf|Throat Chop|[silent]
|-enditem|p1b: Farigiraf|Sitrus Berry|[eat]
|-heal|p1b: Farigiraf|63/100|[from] item: Sitrus Berry
|cant|p1b: Farigiraf|move: Throat Chop
|
|-damage|p2b: Garchomp|49/100 brn|[from] brn
|upkeep
|turn|3
|
|t:|1782179530
|switch|p2b: Charizard|Charizard, L50, F|100/100
|move|p1b: Farigiraf|Helping Hand|p1a: Pyroar
|-singleturn|p1a: Pyroar|Helping Hand|[of] p1b: Farigiraf
|move|p1a: Pyroar|Overheat|p2b: Charizard
|-resisted|p2b: Charizard|1
|-damage|p2b: Charizard|9/100
|-unboost|p1a: Pyroar|spa|2
|move|p2a: Incineroar|Parting Shot|p1a: Pyroar
|-unboost|p1a: Pyroar|atk|1
|-unboost|p1a: Pyroar|spa|1
|
|t:|1782179540
|switch|p2a: Garchomp|Garchomp, L50, F|49/100 brn|[from] Parting Shot
|
|-damage|p2a: Garchomp|43/100 brn|[from] brn
|-end|p1b: Farigiraf|Throat Chop|[silent]
|upkeep
|turn|4
|
|t:|1782179560
|switch|p1a: Whimsicott|Whimsicott, L50, F|100/100
|move|p2b: Charizard|Protect|p2b: Charizard
|-singleturn|p2b: Charizard|Protect
|move|p1b: Farigiraf|Protect|p1b: Farigiraf
|-singleturn|p1b: Farigiraf|Protect
|move|p2a: Garchomp|Earthquake|p1a: Whimsicott|[spread] p1a
|-activate|p2b: Charizard|move: Protect
|-activate|p1b: Farigiraf|move: Protect
|-resisted|p1a: Whimsicott|1
|-damage|p1a: Whimsicott|81/100
|-damage|p2a: Garchomp|33/100 brn|[from] item: Life Orb
|
|-damage|p2a: Garchomp|27/100 brn|[from] brn
|upkeep
|turn|5
|
|t:|1782179583
|switch|p2a: Incineroar|Incineroar, L50, F|76/100
|-ability|p2a: Incineroar|Intimidate|boost
|-unboost|p1a: Whimsicott|atk|1
|-unboost|p1b: Farigiraf|atk|1
|move|p1a: Whimsicott|Moonblast|p2b: Charizard
|-resisted|p2b: Charizard|1
|-damage|p2b: Charizard|0 fnt
|faint|p2b: Charizard
|move|p1b: Farigiraf|Hyper Voice|p2a: Incineroar
|-damage|p2a: Incineroar|42/100
|-enditem|p2a: Incineroar|Sitrus Berry|[eat]
|-heal|p2a: Incineroar|66/100|[from] item: Sitrus Berry
|
|upkeep
|
|t:|1782179595
|switch|p2b: Gholdengo|Gholdengo, L50|100/100
|turn|6
|
|t:|1782179614
|move|p1a: Whimsicott|Moonblast|p2a: Incineroar
|-damage|p2a: Incineroar|34/100
|move|p2b: Gholdengo|Make It Rain|p1a: Whimsicott|[spread] p1a,p1b
|-supereffective|p1a: Whimsicott|1
|-damage|p1a: Whimsicott|0 fnt
|-damage|p1b: Farigiraf|17/100
|-unboost|p2b: Gholdengo|spa|2
|faint|p1a: Whimsicott
|move|p2a: Incineroar|Parting Shot|p1b: Farigiraf
|-unboost|p1b: Farigiraf|atk|1
|-unboost|p1b: Farigiraf|spa|1
|
|t:|1782179624
|switch|p2a: Garchomp|Garchomp, L50, F|27/100 brn|[from] Parting Shot
|move|p1b: Farigiraf|Hyper Voice|p2a: Garchomp|[spread] p2a
|-immune|p2b: Gholdengo
|-damage|p2a: Garchomp|5/100 brn
|
|-damage|p2a: Garchomp|0 fnt|[from] brn
|faint|p2a: Garchomp
|upkeep
|-message|itmaybetime forfeited.
|
|win|AlexIannoneVGC
