|j|☆BenjiRNG
|j|☆lettitripppp
|html|BenjiRNGlettitripppp    
|uhtml|bestof|Game 2 of a best-of-3
|t:|1783990509
|gametype|doubles
|player|p1|BenjiRNG|juan|1268
|player|p2|lettitripppp|lucas|1252
|gen|9
|tier|[Gen 9 Champions] VGC 2026 Reg M-B (Bo3)
|rated|
|rule|Species Clause: Limit one of each Pokémon
|rule|Item Clause: Limit 1 of each item
|clearpoke
|poke|p1|Charizard, L50, M|
|poke|p1|Typhlosion-Hisui, L50, F|
|poke|p1|Farigiraf, L50, F|
|poke|p1|Meganium, L50, M|
|poke|p1|Mamoswine, L50, M|
|poke|p1|Aerodactyl, L50, F|
|poke|p2|Charizard, L50, F|
|poke|p2|Basculegion, L50, M|
|poke|p2|Pelipper, L50, M|
|poke|p2|Venusaur, L50, F|
|poke|p2|Archaludon, L50, M|
|poke|p2|Grimmsnarl, L50, M|
|teampreview|4
|showteam|p1|Charizard||CharizarditeY|SolarPower|HeatWave,WeatherBall,SolarBeam,Protect|Modest||M|||50|]Typhlosion-Hisui||ChoiceScarf|Blaze|Eruption,ShadowBall,HeatWave,FocusBlast|Modest||F|||50|]Farigiraf||SitrusBerry|ArmorTail|TwinBeam,Thunderbolt,HelpingHand,TrickRoom|Modest||F|||50|]Meganium||Meganiumite|LeafGuard|SolarBeam,DazzlingGleam,EarthPower,Protect|Modest||M|||50|]Mamoswine||LifeOrb|Oblivious|HighHorsepower,IceShard,IcicleCrash,Protect|Adamant||M|||50|]Aerodactyl||FocusSash|Unnerve|RockSlide,DualWingbeat,Tailwind,Protect|Jolly||F|||50|
|showteam|p2|Charizard||CharizarditeY|Blaze|WeatherBall,SolarBeam,HeatWave,Protect|Modest||F|||50|]Basculegion||ChoiceScarf|Adaptability|LastRespects,WaveCrash,FlipTurn,AquaJet|Jolly||M|||50|]Pelipper||SitrusBerry|Drizzle|WeatherBall,WideGuard,Hurricane,Tailwind|Modest||M|||50|]Venusaur||FocusSash|Chlorophyll|SleepPowder,SludgeBomb,EarthPower,Protect|Modest||F|||50|]Archaludon||Leftovers|Stamina|FlashCannon,DragonPulse,ElectroShot,Protect|Calm||M|||50|]Grimmsnarl||LightClay|Prankster|PartingShot,LightScreen,SpiritBreak,Reflect|Relaxed||M|||50|
|inactive|Battle timer is ON: inactive players will automatically lose when time's up. (requested by lettitripppp)
|inactive|BenjiRNG has 60 seconds left.
|
|t:|1783990548
|teamsize|p1|4
|teamsize|p2|4
|start
|switch|p1a: Aerodactyl|Aerodactyl, L50, F|100/100
|switch|p1b: Charizard|Charizard, L50, M|100/100
|switch|p2a: Venusaur|Venusaur, L50, F|100/100
|switch|p2b: AGNI|Charizard, L50, F|100/100
|-ability|p1a: Aerodactyl|Unnerve
|turn|1
|
|t:|1783990566
|detailschange|p1b: Charizard|Charizard-Mega-Y, L50, M
|-mega|p1b: Charizard|Charizard|Charizardite Y
|-weather|SunnyDay|[from] ability: Drought|[of] p1b: Charizard
|detailschange|p2b: AGNI|Charizard-Mega-Y, L50, F
|-mega|p2b: AGNI|Charizard|Charizardite Y
|move|p2a: Venusaur|Sleep Powder|p1a: Aerodactyl
|-status|p1a: Aerodactyl|slp|[from] move: Sleep Powder
|cant|p1a: Aerodactyl|slp
|move|p1b: Charizard|Heat Wave|p2b: AGNI|[spread] p2a,p2b
|-supereffective|p2a: Venusaur|1
|-resisted|p2b: AGNI|1
|-enditem|p2a: Venusaur|Focus Sash
|-damage|p2a: Venusaur|1/100
|-damage|p2b: AGNI|64/100
|move|p2b: AGNI|Solar Beam||[still]
|-prepare|p2b: AGNI|Solar Beam
|-anim|p2b: AGNI|Solar Beam|p1a: Aerodactyl
|-damage|p1a: Aerodactyl|24/100 slp
|
|-weather|SunnyDay|[upkeep]
|upkeep
|turn|2
|inactive|BenjiRNG has 30 seconds left.
|
|t:|1783990591
|move|p1b: Charizard|Protect|p1b: Charizard
|-singleturn|p1b: Charizard|Protect
|move|p2a: Venusaur|Sleep Powder|p1b: Charizard
|-activate|p1b: Charizard|move: Protect
|cant|p1a: Aerodactyl|slp
|move|p2b: AGNI|Solar Beam||[still]
|-prepare|p2b: AGNI|Solar Beam
|-anim|p2b: AGNI|Solar Beam|p1a: Aerodactyl
|-damage|p1a: Aerodactyl|0 fnt
|faint|p1a: Aerodactyl
|
|-weather|SunnyDay|[upkeep]
|upkeep
|
|t:|1783990605
|switch|p1a: Mamoswine|Mamoswine, L50, M|100/100
|turn|3
|
|t:|1783990618
|move|p2a: Venusaur|Protect|p2a: Venusaur
|-singleturn|p2a: Venusaur|Protect
|move|p1a: Mamoswine|Ice Shard|p2a: Venusaur
|-activate|p2a: Venusaur|move: Protect
|move|p1b: Charizard|Weather Ball|p2b: AGNI
|-resisted|p2b: AGNI|1
|-damage|p2b: AGNI|18/100
|move|p2b: AGNI|Heat Wave|p1a: Mamoswine|[spread] p1a,p1b
|-supereffective|p1a: Mamoswine|1
|-resisted|p1b: Charizard|1
|-damage|p1a: Mamoswine|0 fnt
|-damage|p1b: Charizard|69/100
|faint|p1a: Mamoswine
|
|-weather|SunnyDay|[upkeep]
|upkeep
|
|t:|1783990634
|switch|p1a: Typhlosion|Typhlosion-Hisui, L50, F|100/100
|turn|4
|
|t:|1783990647
|move|p2a: Venusaur|Sleep Powder|p1a: Typhlosion
|-status|p1a: Typhlosion|slp|[from] move: Sleep Powder
|cant|p1a: Typhlosion|slp
|move|p1b: Charizard|Heat Wave|p2b: AGNI|[spread] p2a,p2b
|-supereffective|p2a: Venusaur|1
|-resisted|p2b: AGNI|1
|-damage|p2a: Venusaur|0 fnt
|-damage|p2b: AGNI|0 fnt
|faint|p2a: Venusaur
|faint|p2b: AGNI
|
|-weather|SunnyDay|[upkeep]
|upkeep
|
|t:|1783990653
|switch|p2b: Pelipper|Pelipper, L50, M|100/100
|switch|p2a: GHOSTWAVE|Basculegion, L50, M|100/100
|-weather|RainDance|[from] ability: Drizzle|[of] p2b: Pelipper
|turn|5
|
|t:|1783990664
|move|p1b: Charizard|Protect|p1b: Charizard
|-singleturn|p1b: Charizard|Protect
|cant|p1a: Typhlosion|slp
|move|p2a: GHOSTWAVE|Last Respects|p1a: Typhlosion
|-supereffective|p1a: Typhlosion|1
|-damage|p1a: Typhlosion|0 fnt
|faint|p1a: Typhlosion
|move|p2b: Pelipper|Tailwind|p2b: Pelipper
|-sidestart|p2: lettitripppp|move: Tailwind
|
|-weather|RainDance|[upkeep]
|upkeep
|turn|6
|
|t:|1783990674
|move|p2a: GHOSTWAVE|Last Respects|p1b: Charizard
|-damage|p1b: Charizard|0 fnt
|faint|p1b: Charizard
|
|win|lettitripppp
