|j|☆SirNeru
|j|☆luckstat10
|html|SirNeruluckstat10    
|uhtml|bestof|Game 1 of a best-of-3
|t:|1756154042
|gametype|doubles
|player|p1|SirNeru|2|1117
|player|p2|luckstat10|1|1083
|gen|9
|tier|[Gen 9] VGC 2025 Reg H (Bo3)
|rated|
|rule|Species Clause: Limit one of each Pokémon
|rule|Item Clause: Limit 1 of each item
|clearpoke
|poke|p1|Gholdengo, L50|
|poke|p1|Primarina, L50, F|
|poke|p1|Tyranitar, L50, F|
|poke|p1|Excadrill, L50, F|
|poke|p1|Electabuzz, L50, F|
|poke|p1|Sneasler, L50, F|
|poke|p2|Rillaboom, L50, M|
|poke|p2|Gholdengo, L50|
|poke|p2|Volcarona, L50, F|
|poke|p2|Dragonite, L50, M|
|poke|p2|Annihilape, L50, M|
|poke|p2|Whimsicott, L50, M|
|teampreview|4
|showteam|p1|Gholdengo||LifeOrb|GoodasGold|MakeItRain,NastyPlot,Protect,ShadowBall||||||50|,,,,,Dragon]Primarina||ThroatSpray|LiquidVoice|Moonblast,HyperVoice,Protect,IceBeam|||F|||50|,,,,,Poison]Tyranitar||AssaultVest|SandStream|RockSlide,IcyWind,KnockOff,TeraBlast|||F|||50|,,,,,Flying]Excadrill||FocusSash|SandRush|Earthquake,IronHead,RockSlide,Protect|||F|||50|,,,,,Stellar]Electabuzz||Eviolite|VitalSpirit|FollowMe,Electroweb,Taunt,Protect|||F|||50|,,,,,Ghost]Sneasler||WhiteHerb|Unburden|Coaching,DireClaw,CloseCombat,Protect|||F|||50|,,,,,Fighting
|showteam|p2|Rillaboom||AssaultVest|GrassySurge|FakeOut,WoodHammer,GrassyGlide,HighHorsepower|||M|||50|,,,,,Fire]Gholdengo||LifeOrb|GoodasGold|NastyPlot,MakeItRain,ShadowBall,Protect||||||50|,,,,,Water]Volcarona||SitrusBerry|FlameBody|QuiverDance,HeatWave,GigaDrain,Protect|||F|||50|,,,,,Grass]Dragonite||LoadedDice|Multiscale|ScaleShot,ExtremeSpeed,Tailwind,Protect|||M|||50|,,,,,Steel]Annihilape||Leftovers|Defiant|BulkUp,DrainPunch,RageFist,Protect|||M|||50|,,,,,Fire]Whimsicott||CovertCloak|Prankster|Tailwind,BeatUp,Moonblast,Encore|||M|||50|,,,,,Grass
|
|t:|1756154141
|teamsize|p1|4
|teamsize|p2|4
|start
|switch|p1a: Electabuzz|Electabuzz, L50, F, shiny|100/100
|switch|p1b: Excadrill|Excadrill, L50, F, shiny|100/100
|switch|p2a: Annihilape|Annihilape, L50, M, shiny|100/100
|switch|p2b: Whimsicott|Whimsicott, L50, M|100/100
|turn|1
|
|t:|1756154160
|switch|p2b: Mothra|Volcarona, L50, F, shiny|100/100
|move|p1a: Electabuzz|Follow Me|p1a: Electabuzz
|-singleturn|p1a: Electabuzz|move: Follow Me
|move|p1b: Excadrill|Iron Head|p2b: Mothra
|-resisted|p2b: Mothra
|-damage|p2b: Mothra|76/100
|move|p2a: Annihilape|Bulk Up|p2a: Annihilape
|-boost|p2a: Annihilape|atk|1
|-boost|p2a: Annihilape|def|1
|
|upkeep
|turn|2
|
|t:|1756154181
|move|p1a: Electabuzz|Follow Me|p1a: Electabuzz
|-singleturn|p1a: Electabuzz|move: Follow Me
|move|p1b: Excadrill|Rock Slide|p2a: Annihilape|[spread] p2a,p2b
|-resisted|p2a: Annihilape
|-supereffective|p2b: Mothra
|-damage|p2a: Annihilape|93/100
|-damage|p2b: Mothra|0 fnt
|faint|p2b: Mothra
|move|p2a: Annihilape|Bulk Up|p2a: Annihilape
|-boost|p2a: Annihilape|atk|1
|-boost|p2a: Annihilape|def|1
|
|-heal|p2a: Annihilape|99/100|[from] item: Leftovers
|upkeep
|
|t:|1756154188
|switch|p2b: Whimsicott|Whimsicott, L50, M|100/100
|turn|3
|
|t:|1756154197
|move|p1a: Electabuzz|Follow Me|p1a: Electabuzz
|-singleturn|p1a: Electabuzz|move: Follow Me
|move|p2b: Whimsicott|Tailwind|p2b: Whimsicott
|-sidestart|p2: luckstat10|move: Tailwind
|move|p2a: Annihilape|Drain Punch|p1a: Electabuzz
|-damage|p1a: Electabuzz|41/100
|-heal|p2a: Annihilape|100/100|[from] drain|[of] p1a: Electabuzz
|move|p1b: Excadrill|Iron Head|p2b: Whimsicott
|-supereffective|p2b: Whimsicott
|-damage|p2b: Whimsicott|0 fnt
|faint|p2b: Whimsicott
|
|upkeep
|
|t:|1756154206
|switch|p2b: Midas|Gholdengo, L50|100/100
|turn|4
|
|t:|1756154217
|move|p1a: Electabuzz|Protect|p1a: Electabuzz
|-singleturn|p1a: Electabuzz|Protect
|move|p1b: Excadrill|Protect|p1b: Excadrill
|-singleturn|p1b: Excadrill|Protect
|move|p2a: Annihilape|Rage Fist|p1b: Excadrill
|-activate|p1b: Excadrill|move: Protect
|move|p2b: Midas|Make It Rain|p1b: Excadrill|[spread] 
|-activate|p1a: Electabuzz|move: Protect
|-activate|p1b: Excadrill|move: Protect
|
|upkeep
|turn|5
|
|t:|1756154239
|move|p2b: Midas|Protect|p2b: Midas
|-singleturn|p2b: Midas|Protect
|move|p1a: Electabuzz|Follow Me|p1a: Electabuzz
|-singleturn|p1a: Electabuzz|move: Follow Me
|move|p2a: Annihilape|Rage Fist|p1a: Electabuzz
|-damage|p1a: Electabuzz|0 fnt
|faint|p1a: Electabuzz
|move|p1b: Excadrill|Earthquake|p2a: Annihilape|[spread] p2a
|-activate|p2b: Midas|move: Protect
|-damage|p2a: Annihilape|80/100
|
|-heal|p2a: Annihilape|86/100|[from] item: Leftovers
|upkeep
|
|t:|1756154246
|switch|p1a: Tyranitar|Tyranitar, L50, F, shiny|100/100
|-weather|Sandstorm|[from] ability: Sand Stream|[of] p1a: Tyranitar
|turn|6
|inactive|Battle timer is ON: inactive players will automatically lose when time's up. (requested by SirNeru)
|
|t:|1756154260
|-terastallize|p2a: Annihilape|Fire
|-terastallize|p1a: Tyranitar|Flying
|move|p1b: Excadrill|Protect|p1b: Excadrill
|-singleturn|p1b: Excadrill|Protect
|move|p2a: Annihilape|Rage Fist|p1a: Tyranitar
|-damage|p1a: Tyranitar|0 fnt
|faint|p1a: Tyranitar
|move|p2b: Midas|Make It Rain|p1b: Excadrill
|-activate|p1b: Excadrill|move: Protect
|
|-weather|Sandstorm|[upkeep]
|-damage|p2a: Annihilape|80/100|[from] Sandstorm
|-heal|p2a: Annihilape|86/100|[from] item: Leftovers
|-sideend|p2: luckstat10|move: Tailwind
|upkeep
|
|t:|1756154272
|switch|p1a: Sneasler|Sneasler, L50, F|100/100
|turn|7
|
|t:|1756154293
|move|p1b: Excadrill|Earthquake|p2b: Midas|[spread] p1a,p2a,p2b
|-supereffective|p1a: Sneasler
|-supereffective|p2a: Annihilape
|-supereffective|p2b: Midas
|-damage|p1a: Sneasler|0 fnt
|-damage|p2a: Annihilape|43/100
|-damage|p2b: Midas|19/100
|faint|p1a: Sneasler
|move|p2a: Annihilape|Drain Punch|p1b: Excadrill
|-supereffective|p1b: Excadrill
|-enditem|p1b: Excadrill|Focus Sash
|-damage|p1b: Excadrill|1/100
|-heal|p2a: Annihilape|90/100|[from] drain|[of] p1b: Excadrill
|move|p2b: Midas|Make It Rain|p1b: Excadrill
|-resisted|p1b: Excadrill
|-damage|p1b: Excadrill|0 fnt
|-unboost|p2b: Midas|spa|1
|faint|p1b: Excadrill
|-damage|p2b: Midas|9/100|[from] item: Life Orb
|
|win|luckstat10
|l|☆SirNeru
|player|p1|
|j|☆SirNeru
|player|p1|SirNeru|2|
||SirNeru is ready for game 2.
|inactive|luckstat10 has 30 seconds to confirm battle start!
||luckstat10 is ready for game 2.
|uhtml|next|Next: Game 2 of 3
|l|☆luckstat10
|player|p2|
