|j|☆ssnpokemon11
|j|☆Mortipherus
|html|ssnpokemon11Mortipherus    
|uhtml|bestof|Game 1 of a best-of-3
|t:|1757136721
|gametype|doubles
|player|p1|ssnpokemon11|102|1000
|player|p2|Mortipherus|biker-gen4|1094
|gen|9
|tier|[Gen 9] VGC 2025 Reg H (Bo3)
|rated|
|rule|Species Clause: Limit one of each Pokémon
|rule|Item Clause: Limit 1 of each item
|clearpoke
|poke|p1|Porygon2, L50|
|poke|p1|Incineroar, L50, M|
|poke|p1|Amoonguss, L50, M|
|poke|p1|Ursaluna, L50, F|
|poke|p1|Pelipper, L50, M|
|poke|p1|Archaludon, L50, F|
|poke|p2|Hydrapple, L50, M|
|poke|p2|Arcanine-Hisui, L50, M|
|poke|p2|Gholdengo, L50|
|poke|p2|Electabuzz, L50, M|
|poke|p2|Indeedee, L50, M|
|poke|p2|Sneasler, L50, M|
|teampreview|4
|showteam|p1|Porygon2||Eviolite|Download|TeraBlast,IceBeam,Recover,TrickRoom||||||50|,,,,,Fairy]Incineroar||SafetyGoggles|Intimidate|FakeOut,PartingShot,KnockOff,FlareBlitz|||M|||50|,,,,,Ghost]Amoonguss||SitrusBerry|Regenerator|PollenPuff,Spore,RagePowder,ClearSmog|||M|||50|,,,,,Dark]Ursaluna||FlameOrb|Guts|Facade,HeadlongRush,Substitute,Protect|||F|||50|,,,,,Dragon]Pelipper||LifeOrb|Drizzle|WeatherBall,Hurricane,WideGuard,Protect|||M|||50|,,,,,Ghost]Archaludon||AssaultVest|Stamina|ElectroShot,DracoMeteor,FlashCannon,BodyPress|||F|||50|,,,,,Grass
|showteam|p2|Hydrapple||AssaultVest|Regenerator|FickleBeam,EnergyBall,EarthPower,BreakingSwipe|||M|||50|,,,,,Ground]Arcanine-Hisui||ClearAmulet|Intimidate|Protect,ExtremeSpeed,FlareBlitz,RockSlide|||M|||50|,,,,,Grass]Gholdengo||LifeOrb|GoodasGold|Protect,NastyPlot,MakeItRain,ShadowBall||||||50|,,,,,Water]Electabuzz||Eviolite|VitalSpirit|Protect,FollowMe,Taunt,Electroweb|||M|||50|,,,,,Dragon]Indeedee||FocusSash|PsychicSurge|Protect,TrickRoom,ExpandingForce,TeraBlast|||M|||50|,,,,,Ground]Sneasler||PsychicSeed|Unburden|Protect,ThroatChop,DireClaw,CloseCombat|||M|||50|,,,,,Dark
|inactive|Battle timer is ON: inactive players will automatically lose when time's up. (requested by ssnpokemon11)
|inactive|ssnpokemon11 has 60 seconds left.
|
|t:|1757136761
|teamsize|p1|4
|teamsize|p2|4
|start
|switch|p1a: Incineroar|Incineroar, L50, M|100/100
|switch|p1b: Pelipper|Pelipper, L50, M|100/100
|switch|p2a: Caramel|Indeedee, L50, M|100/100
|switch|p2b: Stew|Sneasler, L50, M|100/100
|-fieldstart|move: Psychic Terrain|[from] ability: Psychic Surge|[of] p2a: Caramel
|-enditem|p2b: Stew|Psychic Seed
|-boost|p2b: Stew|spd|1|[from] item: Psychic Seed
|-weather|RainDance|[from] ability: Drizzle|[of] p1b: Pelipper
|-ability|p1a: Incineroar|Intimidate|boost
|-unboost|p2a: Caramel|atk|1
|-unboost|p2b: Stew|atk|1
|turn|1
|inactive|ssnpokemon11 has 30 seconds left.
|
|t:|1757136788
|move|p1b: Pelipper|Protect|p1b: Pelipper
|-singleturn|p1b: Pelipper|Protect
|move|p2b: Stew|Dire Claw|p1b: Pelipper
|-activate|p1b: Pelipper|move: Protect
|move|p2a: Caramel|Tera Blast|p1b: Pelipper
|-activate|p1b: Pelipper|move: Protect
|move|p1a: Incineroar|Parting Shot|p2b: Stew
|-unboost|p2b: Stew|atk|1
|-unboost|p2b: Stew|spa|1
|
|t:|1757136801
|switch|p1a: Archaludon|Archaludon, L50, F, shiny|100/100|[from] Parting Shot
|
|-weather|RainDance|[upkeep]
|upkeep
|turn|2
|
|t:|1757136824
|-terastallize|p2a: Caramel|Ground
|move|p2b: Stew|Protect|p2b: Stew
|-singleturn|p2b: Stew|Protect
|move|p2a: Caramel|Tera Blast|p1a: Archaludon|[anim] Tera Blast Ground
|-supereffective|p1a: Archaludon
|-damage|p1a: Archaludon|44/100
|-ability|p1a: Archaludon|Stamina|boost
|-boost|p1a: Archaludon|def|1
|move|p1b: Pelipper|Hurricane|p2a: Caramel
|-damage|p2a: Caramel|14/100
|-damage|p1b: Pelipper|91/100|[from] item: Life Orb
|move|p1a: Archaludon|Electro Shot||[still]
|-prepare|p1a: Archaludon|Electro Shot
|-boost|p1a: Archaludon|spa|1
|-anim|p1a: Archaludon|Electro Shot|p2b: Stew
|-activate|p2b: Stew|move: Protect
|
|-weather|RainDance|[upkeep]
|upkeep
|turn|3
|inactive|ssnpokemon11 has 30 seconds left.
|inactive|Mortipherus has 30 seconds left.
|
|t:|1757136853
|switch|p2b: Apple Pie|Hydrapple, L50, M|100/100
|switch|p1a: Amoonguss|Amoonguss, L50, M|100/100
|move|p2a: Caramel|Tera Blast|p1a: Amoonguss|[anim] Tera Blast Ground
|-crit|p1a: Amoonguss
|-damage|p1a: Amoonguss|53/100
|move|p1b: Pelipper|Weather Ball|p2a: Caramel
|-supereffective|p2a: Caramel
|-damage|p2a: Caramel|0 fnt
|faint|p2a: Caramel
|-damage|p1b: Pelipper|81/100|[from] item: Life Orb
|
|-weather|RainDance|[upkeep]
|upkeep
|
|t:|1757136862
|switch|p2a: Stew|Sneasler, L50, M|100/100
|turn|4
|
|t:|1757136883
|move|p1a: Amoonguss|Rage Powder|p1a: Amoonguss
|-singleturn|p1a: Amoonguss|move: Rage Powder
|move|p2a: Stew|Dire Claw|p1a: Amoonguss
|-damage|p1a: Amoonguss|17/100
|-enditem|p1a: Amoonguss|Sitrus Berry|[eat]
|-heal|p1a: Amoonguss|42/100|[from] item: Sitrus Berry
|move|p1b: Pelipper|Hurricane|p2b: Apple Pie
|-supereffective|p2b: Apple Pie
|-damage|p2b: Apple Pie|25/100
|-damage|p1b: Pelipper|72/100|[from] item: Life Orb
|move|p2b: Apple Pie|Fickle Beam|p1a: Amoonguss
|-damage|p1a: Amoonguss|2/100
|
|-weather|RainDance|[upkeep]
|upkeep
|turn|5
|
|t:|1757136903
|switch|p2b: Hot Dog|Arcanine-Hisui, L50, M|100/100
|-ability|p2b: Hot Dog|Intimidate|boost
|-unboost|p1a: Amoonguss|atk|1
|-unboost|p1b: Pelipper|atk|1
|move|p1a: Amoonguss|Rage Powder|p1a: Amoonguss
|-singleturn|p1a: Amoonguss|move: Rage Powder
|move|p2a: Stew|Dire Claw|p1a: Amoonguss
|-damage|p1a: Amoonguss|0 fnt
|faint|p1a: Amoonguss
|move|p1b: Pelipper|Hurricane|p2b: Hot Dog
|-resisted|p2b: Hot Dog
|-damage|p2b: Hot Dog|69/100
|-start|p2b: Hot Dog|confusion
|-damage|p1b: Pelipper|62/100|[from] item: Life Orb
|
|-weather|none
|-fieldend|move: Psychic Terrain
|upkeep
|
|t:|1757136916
|switch|p1a: Incineroar|Incineroar, L50, M|100/100
|-ability|p1a: Incineroar|Intimidate|boost
|-unboost|p2a: Stew|atk|1
|-fail|p2b: Hot Dog|unboost|[from] item: Clear Amulet|[of] p2b: Hot Dog
|turn|6
|
|t:|1757136930
|switch|p2a: Apple Pie|Hydrapple, L50, M|58/100
|-activate|p2b: Hot Dog|confusion
|-damage|p2b: Hot Dog|54/100|[from] confusion
|move|p1b: Pelipper|Protect|p1b: Pelipper
|-singleturn|p1b: Pelipper|Protect
|move|p1a: Incineroar|Fake Out|p2b: Hot Dog
|-resisted|p2b: Hot Dog
|-damage|p2b: Hot Dog|48/100
|
|upkeep
|turn|7
|
|t:|1757136955
|switch|p1b: Archaludon|Archaludon, L50, F, shiny|44/100
|-activate|p2b: Hot Dog|confusion
|-damage|p2b: Hot Dog|35/100|[from] confusion
|move|p1a: Incineroar|Knock Off|p2a: Apple Pie
|-damage|p2a: Apple Pie|31/100
|-enditem|p2a: Apple Pie|Assault Vest|[from] move: Knock Off|[of] p1a: Incineroar
|move|p2a: Apple Pie|Earth Power|p1a: Incineroar
|-supereffective|p1a: Incineroar
|-damage|p1a: Incineroar|50/100
|
|upkeep
|turn|8
|
|t:|1757136975
|switch|p2a: Stew|Sneasler, L50, M|100/100
|-end|p2b: Hot Dog|confusion
|move|p2b: Hot Dog|Flare Blitz|p1b: Archaludon
|-damage|p1b: Archaludon|3/100
|-ability|p1b: Archaludon|Stamina|boost
|-boost|p1b: Archaludon|def|1
|-damage|p2b: Hot Dog|21/100|[from] Recoil
|move|p1b: Archaludon|Body Press|p2b: Hot Dog
|-supereffective|p2b: Hot Dog
|-damage|p2b: Hot Dog|0 fnt
|faint|p2b: Hot Dog
|move|p1a: Incineroar|Parting Shot|p2a: Stew
|-unboost|p2a: Stew|atk|1
|-unboost|p2a: Stew|spa|1
|
|t:|1757136992
|switch|p1a: Pelipper|Pelipper, L50, M|62/100|[from] Parting Shot
|-weather|RainDance|[from] ability: Drizzle|[of] p1a: Pelipper
|
|-weather|RainDance|[upkeep]
|upkeep
|
|t:|1757136998
|switch|p2b: Apple Pie|Hydrapple, L50, M|64/100
|turn|9
|
|t:|1757137007
|move|p2a: Stew|Throat Chop|p1b: Archaludon
|-damage|p1b: Archaludon|0 fnt
|faint|p1b: Archaludon
|move|p1a: Pelipper|Hurricane|p2b: Apple Pie
|-supereffective|p2b: Apple Pie
|-damage|p2b: Apple Pie|0 fnt
|faint|p2b: Apple Pie
|-damage|p1a: Pelipper|52/100|[from] item: Life Orb
|
|-weather|RainDance|[upkeep]
|upkeep
|
|t:|1757137014
|switch|p1b: Incineroar|Incineroar, L50, M|50/100
|-ability|p1b: Incineroar|Intimidate|boost
|-unboost|p2a: Stew|atk|1
|turn|10
|
|t:|1757137024
|move|p2a: Stew|Protect|p2a: Stew
|-singleturn|p2a: Stew|Protect
|move|p1a: Pelipper|Weather Ball|p2a: Stew
|-activate|p2a: Stew|move: Protect
|move|p1b: Incineroar|Knock Off|p2a: Stew
|-activate|p2a: Stew|move: Protect
|
|-weather|RainDance|[upkeep]
|upkeep
|turn|11
|
|t:|1757137036
|move|p2a: Stew|Dire Claw|p1a: Pelipper
|-damage|p1a: Pelipper|25/100
|move|p1a: Pelipper|Weather Ball|p2a: Stew
|-damage|p2a: Stew|1/100
|-damage|p1a: Pelipper|15/100|[from] item: Life Orb
|move|p1b: Incineroar|Knock Off|p2a: Stew
|-resisted|p2a: Stew
|-damage|p2a: Stew|0 fnt
|faint|p2a: Stew
|
|win|ssnpokemon11
||Mortipherus is ready for game 2.
|inactive|ssnpokemon11 has 30 seconds to confirm battle start!
||ssnpokemon11 is ready for game 2.
|uhtml|next|Next: Game 2 of 3
