|j|☆RaikuDraco
|j|☆avigolvgc
|html|RaikuDracoavigolvgc    
|uhtml|bestof|Game 3 of a best-of-3
|t:|1757115059
|gametype|doubles
|player|p1|RaikuDraco|drake-gen3|1190
|player|p2|avigolvgc|265|1216
|gen|9
|tier|[Gen 9] VGC 2025 Reg H (Bo3)
|rated|
|rule|Species Clause: Limit one of each Pokémon
|rule|Item Clause: Limit 1 of each item
|clearpoke
|poke|p1|Archaludon, L50, M|
|poke|p1|Sinistcha-Masterpiece, L50|
|poke|p1|Dragonite, L50, F|
|poke|p1|Pelipper, L50, F|
|poke|p1|Ursaluna, L50, M|
|poke|p1|Gholdengo, L50|
|poke|p2|Farigiraf, L50, F|
|poke|p2|Sylveon, L50, F|
|poke|p2|Rillaboom, L50, M|
|poke|p2|Dragonite, L50, F|
|poke|p2|Incineroar, L50, M|
|poke|p2|Sneasler, L50, F|
|teampreview|4
|showteam|p1|Archaludon||AssaultVest|Stamina|BodyPress,Snarl,ElectroShot,FlashCannon|||M|||50|,,,,,Fighting]Sinistcha-Masterpiece||SitrusBerry|Hospitality|MatchaGotcha,RagePowder,TrickRoom,LifeDew||||||50|,,,,,Dark]Dragonite||LoadedDice|Multiscale|ScaleShot,Protect,Tailwind,Haze|||F|||50|,,,,,Steel]Pelipper||FocusSash|Drizzle|WeatherBall,Hurricane,Tailwind,Protect|||F|||50|,,,,,Ground]Ursaluna||FlameOrb|Guts|Facade,HeadlongRush,Earthquake,Protect|||M|||50|,,,,,Ghost]Gholdengo||ChoiceScarf|GoodasGold|MakeItRain,TeraBlast,ShadowBall,Trick||||||50|,,,,,Water
|showteam|p2|Farigiraf||ThroatSpray|ArmorTail|PsychicNoise,HyperVoice,TrickRoom,Protect|||F|||50|,,,,,Fairy]Sylveon||PixiePlate|Pixilate|HyperVoice,TeraBlast,CalmMind,Protect|||F|||50|,,,,,Fire]Rillaboom||AssaultVest|GrassySurge|WoodHammer,GrassyGlide,Uturn,FakeOut|||M|||50|,,,,,Steel]Dragonite||SafetyGoggles|InnerFocus|ExtremeSpeed,TeraBlast,DragonDance,Protect|||F|||50|,,,,,Flying]Incineroar||SitrusBerry|Intimidate|KnockOff,PartingShot,Snarl,FakeOut|||M|||50|,,,,,Water]Sneasler||FocusSash|Unburden|DireClaw,CloseCombat,Uturn,Protect|||F|||50|,,,,,Ghost
|inactive|Battle timer is ON: inactive players will automatically lose when time's up. (requested by avigolvgc)
|
|t:|1757115136
|teamsize|p1|4
|teamsize|p2|4
|start
|switch|p1a: Ursaluna|Ursaluna, L50, M|100/100
|switch|p1b: Gholdengo|Gholdengo, L50|100/100
|switch|p2a: Samuel|Incineroar, L50, M, shiny|100/100
|switch|p2b: Noroña|Rillaboom, L50, M|100/100
|-fieldstart|move: Grassy Terrain|[from] ability: Grassy Surge|[of] p2b: Noroña
|-ability|p2a: Samuel|Intimidate|boost
|-unboost|p1a: Ursaluna|atk|1
|-unboost|p1b: Gholdengo|atk|1
|turn|1
|inactive|RaikuDraco has 30 seconds left.
|inactive|avigolvgc has 30 seconds left.
|inactive|RaikuDraco has 20 seconds left.
|inactive|RaikuDraco has 15 seconds left.
|inactive|RaikuDraco has 10 seconds left.
|inactive|RaikuDraco has 5 seconds left.
|
|t:|1757115190
|-terastallize|p1b: Gholdengo|Water
|move|p1a: Ursaluna|Protect|p1a: Ursaluna
|-singleturn|p1a: Ursaluna|Protect
|move|p1b: Gholdengo|Tera Blast|p2a: Samuel|[anim] Tera Blast Water
|-supereffective|p2a: Samuel
|-damage|p2a: Samuel|32/100
|-enditem|p2a: Samuel|Sitrus Berry|[eat]
|-heal|p2a: Samuel|57/100|[from] item: Sitrus Berry
|move|p2b: Noroña|Wood Hammer|p1a: Ursaluna
|-activate|p1a: Ursaluna|move: Protect
|move|p2a: Samuel|Knock Off|p1b: Gholdengo
|-damage|p1b: Gholdengo|56/100
|-enditem|p1b: Gholdengo|Choice Scarf|[from] move: Knock Off|[of] p2a: Samuel
|
|-heal|p1b: Gholdengo|62/100|[from] Grassy Terrain
|-heal|p2a: Samuel|63/100|[from] Grassy Terrain
|-status|p1a: Ursaluna|brn|[from] item: Flame Orb
|upkeep
|turn|2
|inactive|RaikuDraco has 30 seconds left.
|inactive|avigolvgc has 30 seconds left.
|inactive|RaikuDraco has 20 seconds left.
|inactive|RaikuDraco has 15 seconds left.
|inactive|avigolvgc has 20 seconds left.
|
|t:|1757115230
|switch|p2a: Claudia|Farigiraf, L50, F, shiny|100/100
|move|p1b: Gholdengo|Tera Blast|p2a: Claudia|[anim] Tera Blast Water
|-damage|p2a: Claudia|53/100
|move|p2b: Noroña|Wood Hammer|p1a: Ursaluna
|-supereffective|p1a: Ursaluna
|-damage|p1a: Ursaluna|0 fnt
|faint|p1a: Ursaluna
|-damage|p2b: Noroña|66/100|[from] Recoil
|
|-heal|p1b: Gholdengo|68/100|[from] Grassy Terrain
|-heal|p2b: Noroña|72/100|[from] Grassy Terrain
|-heal|p2a: Claudia|59/100|[from] Grassy Terrain
|upkeep
|inactive|RaikuDraco has 30 seconds left.
|
|t:|1757115263
|switch|p1a: Pelipper|Pelipper, L50, F|100/100
|-weather|RainDance|[from] ability: Drizzle|[of] p1a: Pelipper
|turn|3
|inactive|RaikuDraco has 30 seconds left.
|inactive|RaikuDraco has 20 seconds left.
|
|t:|1757115302
|move|p2b: Noroña|Grassy Glide|p1a: Pelipper
|-damage|p1a: Pelipper|49/100
|move|p1b: Gholdengo|Make It Rain|p2b: Noroña|[spread] p2a,p2b
|-damage|p2a: Claudia|7/100
|-damage|p2b: Noroña|27/100
|-unboost|p1b: Gholdengo|spa|1
|move|p1a: Pelipper|Weather Ball|p2a: Claudia
|-damage|p2a: Claudia|0 fnt
|faint|p2a: Claudia
|
|-weather|RainDance|[upkeep]
|-heal|p1b: Gholdengo|74/100|[from] Grassy Terrain
|-heal|p2b: Noroña|33/100|[from] Grassy Terrain
|upkeep
|
|t:|1757115316
|switch|p2a: Samuel|Incineroar, L50, M, shiny|63/100
|-ability|p2a: Samuel|Intimidate|boost
|-unboost|p1a: Pelipper|atk|1
|-unboost|p1b: Gholdengo|atk|1
|turn|4
|inactive|RaikuDraco has 30 seconds left.
|inactive|avigolvgc has 30 seconds left.
|inactive|avigolvgc has 20 seconds left.
|
|t:|1757115358
|switch|p1b: Sinistcha|Sinistcha-Masterpiece, L50|100/100
|-heal|p1a: Pelipper|74/100|[from] ability: Hospitality|[of] p1b: Sinistcha
|-terastallize|p2a: Samuel|Water
|move|p2b: Noroña|Grassy Glide|p1b: Sinistcha
|-resisted|p1b: Sinistcha
|-damage|p1b: Sinistcha|84/100
|move|p1a: Pelipper|Hurricane|p2b: Noroña
|-supereffective|p2b: Noroña
|-crit|p2b: Noroña
|-damage|p2b: Noroña|0 fnt
|faint|p2b: Noroña
|move|p2a: Samuel|Snarl|p1a: Pelipper|[spread] p1a,p1b
|-supereffective|p1b: Sinistcha
|-damage|p1a: Pelipper|56/100
|-damage|p1b: Sinistcha|64/100
|-unboost|p1a: Pelipper|spa|1
|-unboost|p1b: Sinistcha|spa|1
|
|-weather|RainDance|[upkeep]
|-heal|p1b: Sinistcha|70/100|[from] Grassy Terrain
|-heal|p2a: Samuel|69/100|[from] Grassy Terrain
|upkeep
|
|t:|1757115376
|switch|p2b: Malova|Sylveon, L50, F|100/100
|turn|5
|inactive|RaikuDraco has 30 seconds left.
|
|t:|1757115403
|move|p2b: Malova|Protect|p2b: Malova
|-singleturn|p2b: Malova|Protect
|move|p1a: Pelipper|Hurricane|p2a: Samuel
|-damage|p2a: Samuel|48/100
|move|p1b: Sinistcha|Matcha Gotcha|p2a: Samuel|[spread] p2a
|-activate|p2b: Malova|move: Protect
|-supereffective|p2a: Samuel
|-damage|p2a: Samuel|17/100
|-heal|p1b: Sinistcha|88/100|[from] drain|[of] p2a: Samuel
|move|p2a: Samuel|Snarl|p1a: Pelipper|[spread] p1a
|-miss|p2a: Samuel|p1b: Sinistcha
|-damage|p1a: Pelipper|39/100
|-unboost|p1a: Pelipper|spa|1
|
|-weather|RainDance|[upkeep]
|-heal|p1b: Sinistcha|94/100|[from] Grassy Terrain
|-heal|p2a: Samuel|23/100|[from] Grassy Terrain
|-fieldend|move: Grassy Terrain
|upkeep
|turn|6
|inactive|RaikuDraco has 30 seconds left.
|inactive|RaikuDraco has 20 seconds left.
|
|t:|1757115440
|switch|p1a: Gholdengo|Gholdengo, L50, tera:Water|74/100
|move|p1b: Sinistcha|Matcha Gotcha|p2a: Samuel|[spread] p2a,p2b
|-supereffective|p2a: Samuel
|-damage|p2a: Samuel|0 fnt
|-heal|p1b: Sinistcha|100/100|[from] drain|[of] p2a: Samuel
|-damage|p2b: Malova|88/100
|faint|p2a: Samuel
|move|p2b: Malova|Calm Mind|p2b: Malova
|-boost|p2b: Malova|spa|1
|-boost|p2b: Malova|spd|1
|
|-weather|RainDance|[upkeep]
|upkeep
|turn|7
|inactive|RaikuDraco has 30 seconds left.
|inactive|RaikuDraco has 20 seconds left.
|
|t:|1757115478
|move|p1a: Gholdengo|Make It Rain|p2b: Malova
|-supereffective|p2b: Malova
|-damage|p2b: Malova|25/100
|-unboost|p1a: Gholdengo|spa|1
|move|p1b: Sinistcha|Matcha Gotcha|p2b: Malova|[miss]
|-miss|p1b: Sinistcha|p2b: Malova
|move|p2b: Malova|Hyper Voice|p1a: Gholdengo|[spread] p1a,p1b
|-damage|p1a: Gholdengo|0 fnt
|-damage|p1b: Sinistcha|38/100
|-enditem|p1b: Sinistcha|Sitrus Berry|[eat]
|-heal|p1b: Sinistcha|63/100|[from] item: Sitrus Berry
|faint|p1a: Gholdengo
|
|-weather|none
|upkeep
|
|t:|1757115493
|switch|p1a: Pelipper|Pelipper, L50, F|39/100
|-weather|RainDance|[from] ability: Drizzle|[of] p1a: Pelipper
|turn|8
|
|t:|1757115504
|move|p1a: Pelipper|Weather Ball|p2b: Malova
|-damage|p2b: Malova|0 fnt
|faint|p2b: Malova
|
|win|RaikuDraco
|raw|RaikuDraco's rating: 1190 → 1217(+27 for winning)
|raw|avigolvgc's rating: 1216 → 1189(-27 for losing)
|l|☆avigolvgc
|player|p2|
