|j|☆lilfishsticks
|j|☆AemBigChilling
|html|lilfishsticksAemBigChilling    
|uhtml|bestof|Game 2 of a best-of-3
|t:|1756317329
|gametype|doubles
|player|p1|lilfishsticks|roxie|
|player|p2|AemBigChilling|lass-gen4|
|gen|9
|tier|[Gen 9] VGC 2025 Reg H (Bo3)
|rule|Species Clause: Limit one of each Pokémon
|rule|Item Clause: Limit 1 of each item
|clearpoke
|poke|p1|Hatterene, L50, F|
|poke|p1|Indeedee-F, L50, F|
|poke|p1|Torkoal, L50, M|
|poke|p1|Ursaluna, L50, F|
|poke|p1|Gallade, L50, M|
|poke|p1|Maushold, L50|
|poke|p2|Charizard, L50, M|
|poke|p2|Torkoal, L50, F|
|poke|p2|Porygon2, L50|
|poke|p2|Incineroar, L50, M|
|poke|p2|Jumpluff, L50, M|
|poke|p2|Ursaluna, L50, M|
|teampreview|4
|showteam|p1|Hatterene||CovertCloak|MagicBounce|ExpandingForce,DazzlingGleam,TeraBlast,TrickRoom|||F|||50|,,,,,Fire]Indeedee-F||PsychicSeed|PsychicSurge|Psychic,FollowMe,HelpingHand,TrickRoom|||F|||50|,,,,,Water]Torkoal||ChoiceSpecs|Drought|Eruption,HeatWave,EarthPower,WeatherBall|||M|||50|,,,,,Fire]Ursaluna||FlameOrb|Guts|Facade,Earthquake,HeadlongRush,Protect|||F|||50|,,,,,Ghost]Gallade||ClearAmulet|Sharpness|SacredSword,PsychoCut,WideGuard,TrickRoom|||M|||50|,,,,,Grass]Maushold||WideLens|Technician|PopulationBomb,FollowMe,Taunt,Protect||||||50|,,,,,Poison
|showteam|p2|Charizard||ChoiceSpecs|SolarPower|HeatWave,Overheat,WeatherBall,AirSlash|||M|||50|,,,,,Ghost]Torkoal||EjectPack|Drought|Eruption,Overheat,HelpingHand,Protect|||F|||50|,,,,,Fire]Porygon2||Eviolite|Download|IceBeam,TeraBlast,TrickRoom,Recover||||||50|,,,,,Fighting]Incineroar||SitrusBerry|Intimidate|FlareBlitz,KnockOff,FakeOut,PartingShot|||M|||50|,,,,,Ghost]Jumpluff||CovertCloak|Chlorophyll|SleepPowder,SunnyDay,RagePowder,Tailwind|||M|||50|,,,,,Water]Ursaluna||FlameOrb|Guts|HeadlongRush,Facade,Earthquake,Protect|||M|||50|,,,,,Ghost
|
|t:|1756317385
|teamsize|p1|4
|teamsize|p2|4
|start
|switch|p1a: Maushold|Maushold, L50|100/100
|switch|p1b: Gallade|Gallade, L50, M|100/100
|switch|p2a: Incineroar|Incineroar, L50, M|100/100
|switch|p2b: Porygon2|Porygon2, L50|100/100
|-ability|p2a: Incineroar|Intimidate|boost
|-unboost|p1a: Maushold|atk|1
|-fail|p1b: Gallade|unboost|[from] item: Clear Amulet|[of] p1b: Gallade
|-ability|p2b: Porygon2|Download|boost
|-boost|p2b: Porygon2|atk|1
|turn|1
|
|t:|1756317470
|switch|p1a: Hatterene|Hatterene, L50, F|100/100
|move|p2a: Incineroar|Knock Off|p1b: Gallade
|-damage|p1b: Gallade|39/100
|-enditem|p1b: Gallade|Clear Amulet|[from] move: Knock Off|[of] p2a: Incineroar
|move|p2b: Porygon2|Tera Blast|p1b: Gallade
|-damage|p1b: Gallade|4/100
|move|p1b: Gallade|Trick Room|p1b: Gallade
|-fieldstart|move: Trick Room|[of] p1b: Gallade
|
|upkeep
|turn|2
|
|t:|1756317552
|move|p1a: Hatterene|Dazzling Gleam|p2a: Incineroar|[spread] p2a,p2b
|-damage|p2a: Incineroar|66/100
|-damage|p2b: Porygon2|79/100
|move|p1b: Gallade|Sacred Sword|p2a: Incineroar
|-supereffective|p2a: Incineroar
|-damage|p2a: Incineroar|0 fnt
|faint|p2a: Incineroar
|move|p2b: Porygon2|Tera Blast|p1a: Hatterene
|-damage|p1a: Hatterene|58/100
|
|upkeep
|
|t:|1756317558
|switch|p2a: Torkoal|Torkoal, L50, F|100/100
|-weather|SunnyDay|[from] ability: Drought|[of] p2a: Torkoal
|turn|3
|
|t:|1756317588
|-terastallize|p1a: Hatterene|Fire
|move|p1b: Gallade|Wide Guard|p1b: Gallade
|-singleturn|p1b: Gallade|Wide Guard
|move|p2a: Torkoal|Overheat|p1a: Hatterene
|-resisted|p1a: Hatterene
|-damage|p1a: Hatterene|11/100
|-unboost|p2a: Torkoal|spa|2
|-enditem|p2a: Torkoal|Eject Pack
|
|t:|1756317595
|switch|p2a: Ursaluna|Ursaluna, L50, M|100/100
|move|p1a: Hatterene|Expanding Force|p2a: Ursaluna
|-damage|p2a: Ursaluna|52/100
|move|p2b: Porygon2|Tera Blast|p1b: Gallade
|-damage|p1b: Gallade|0 fnt
|faint|p1b: Gallade
|
|-weather|SunnyDay|[upkeep]
|-status|p2a: Ursaluna|brn|[from] item: Flame Orb
|upkeep
|
|t:|1756317603
|switch|p1b: Torkoal|Torkoal, L50, M|100/100
|turn|4
|
|t:|1756317645
|move|p2a: Ursaluna|Protect|p2a: Ursaluna
|-singleturn|p2a: Ursaluna|Protect
|move|p1b: Torkoal|Earth Power|p2b: Porygon2
|-damage|p2b: Porygon2|54/100
|-unboost|p2b: Porygon2|spd|1
|move|p1a: Hatterene|Expanding Force|p2b: Porygon2
|-damage|p2b: Porygon2|5/100
|move|p2b: Porygon2|Recover|p2b: Porygon2
|-heal|p2b: Porygon2|55/100
|
|-weather|SunnyDay|[upkeep]
|-damage|p2a: Ursaluna|46/100 brn|[from] brn
|upkeep
|turn|5
|
|t:|1756317690
|switch|p2a: Torkoal|Torkoal, L50, F|100/100
|move|p1b: Torkoal|Earth Power|p2b: Porygon2
|-damage|p2b: Porygon2|19/100
|-unboost|p2b: Porygon2|spd|1
|move|p1a: Hatterene|Expanding Force|p2a: Torkoal
|-damage|p2a: Torkoal|33/100
|move|p2b: Porygon2|Recover|p2b: Porygon2
|-heal|p2b: Porygon2|69/100
|
|-weather|SunnyDay|[upkeep]
|-fieldend|move: Trick Room
|upkeep
|turn|6
|
|t:|1756317753
|switch|p1b: Maushold|Maushold, L50|100/100
|move|p2b: Porygon2|Tera Blast|p1b: Maushold
|-damage|p1b: Maushold|40/100
|move|p2a: Torkoal|Overheat|p1a: Hatterene
|-resisted|p1a: Hatterene
|-damage|p1a: Hatterene|0 fnt
|-unboost|p2a: Torkoal|spa|2
|faint|p1a: Hatterene
|
|-weather|SunnyDay|[upkeep]
|upkeep
|
|t:|1756317760
|switch|p1a: Torkoal|Torkoal, L50, M|100/100
|turn|7
|
|t:|1756317792
|move|p1b: Maushold|Population Bomb|p2a: Torkoal
|-damage|p2a: Torkoal|24/100
|-damage|p2a: Torkoal|15/100
|-damage|p2a: Torkoal|6/100
|-damage|p2a: Torkoal|0 fnt
|faint|p2a: Torkoal
|-hitcount|p2: Torkoal|4
|move|p2b: Porygon2|Tera Blast|p1a: Torkoal
|-crit|p1a: Torkoal
|-damage|p1a: Torkoal|17/100
|move|p1a: Torkoal|Eruption|p2b: Porygon2
|-damage|p2b: Porygon2|36/100
|
|-weather|none
|upkeep
|
|t:|1756317797
|switch|p2a: Ursaluna|Ursaluna, L50, M|46/100 brn
|turn|8
|
|t:|1756317838
|-terastallize|p2a: Ursaluna|Ghost
|move|p1b: Maushold|Population Bomb|p2b: Porygon2
|-damage|p2b: Porygon2|30/100
|-crit|p2b: Porygon2
|-damage|p2b: Porygon2|18/100
|-damage|p2b: Porygon2|10/100
|-damage|p2b: Porygon2|2/100
|-damage|p2b: Porygon2|0 fnt
|faint|p2b: Porygon2
|-hitcount|p2: Porygon2|5
|move|p2a: Ursaluna|Earthquake|p1b: Maushold|[spread] p1a,p1b
|-supereffective|p1a: Torkoal
|-damage|p1a: Torkoal|0 fnt
|-damage|p1b: Maushold|0 fnt
|faint|p1a: Torkoal
|faint|p1b: Maushold
|
|win|AemBigChilling
