|j|☆MommaGart
|j|☆Oriozz
|html|MommaGartOriozz    
|uhtml|bestof|Game 2 of a best-of-3
|t:|1783551055
|gametype|doubles
|player|p1|MommaGart|hilda|1134
|player|p2|Oriozz|2|1146
|gen|9
|tier|[Gen 9 Champions] VGC 2026 Reg M-B (Bo3)
|rated|
|rule|Species Clause: Limit one of each Pokémon
|rule|Item Clause: Limit 1 of each item
|clearpoke
|poke|p1|Sneasler, L50, F|
|poke|p1|Blastoise, L50, F|
|poke|p1|Kingambit, L50, F|
|poke|p1|Incineroar, L50, F|
|poke|p1|Delphox, L50, F, shiny|
|poke|p1|Sinistcha, L50|
|poke|p2|Kingambit, L50, F|
|poke|p2|Floette-Eternal, L50, F|
|poke|p2|Sneasler, L50, F|
|poke|p2|Incineroar, L50, M|
|poke|p2|Garchomp, L50, F|
|poke|p2|Sinistcha, L50|
|teampreview|4
|showteam|p1|Sneasler||FocusSash|PoisonTouch|PoisonJab,CloseCombat,FakeOut,QuickGuard|Jolly||F|||50|]Blastoise||Blastoisinite|RainDish|DarkPulse,WaterSpout,ShellSmash,Protect|Modest||F|||50|]Kingambit||BlackGlasses|Defiant|KowtowCleave,SuckerPunch,SwordsDance,Protect|Adamant||F|||50|]Incineroar||SitrusBerry|Intimidate|FlareBlitz,HelpingHand,PartingShot,FakeOut|Careful||F|||50|]Delphox||Delphoxite|Blaze|HeatWave,NastyPlot,Psyshock,Protect|Modest||F|||50|]Sinistcha||KasibBerry|Hospitality|MatchaGotcha,RagePowder,TrickRoom,Protect|Bold|||||50|
|showteam|p2|Kingambit||ChopleBerry|Defiant|KowtowCleave,Protect,SuckerPunch,IronHead|Adamant||F|||50|]Floette-Eternal||Floettite|FlowerVeil|DazzlingGleam,DrainingKiss,Protect,CalmMind|Bold||F|||50|]Sneasler||FocusSash|Unburden|FakeOut,DireClaw,CloseCombat,Coaching|Jolly||F|||50|]Incineroar||Leftovers|Intimidate|FakeOut,FlareBlitz,PartingShot,HelpingHand|Careful||M|||50|]Garchomp||Garchompite|RoughSkin|Earthquake,StompingTantrum,RockSlide,Protect|Adamant||F|||50|]Sinistcha||SitrusBerry|Hospitality|Protect,MatchaGotcha,TrickRoom,RagePowder|Bold|||||50|
|inactive|Battle timer is ON: inactive players will automatically lose when time's up. (requested by Oriozz)
|inactive|Oriozz has 60 seconds left.
|
|t:|1783551088
|teamsize|p1|4
|teamsize|p2|4
|start
|switch|p1a: Hype|Incineroar, L50, F|100/100
|switch|p1b: Reseda|Delphox, L50, F, shiny|100/100
|switch|p2a: Floette|Floette-Eternal, L50, F|100/100
|switch|p2b: Garchomp|Garchomp, L50, F|100/100
|-ability|p1a: Hype|Intimidate|boost
|-unboost|p2a: Floette|atk|1
|-unboost|p2b: Garchomp|atk|1
|turn|1
|inactive|Oriozz has 30 seconds left.
|inactive|Oriozz has 20 seconds left.
|inactive|Oriozz has 15 seconds left.
|
|t:|1783551131
|switch|p2b: Kingambit|Kingambit, L50, F|100/100
|detailschange|p1b: Reseda|Delphox-Mega, L50, F, shiny
|-mega|p1b: Reseda|Delphox|Delphoxite
|move|p2a: Floette|Protect|p2a: Floette
|-singleturn|p2a: Floette|Protect
|move|p1b: Reseda|Nasty Plot|p1b: Reseda
|-boost|p1b: Reseda|spa|2
|move|p1a: Hype|Parting Shot|p2b: Kingambit
|-unboost|p2b: Kingambit|atk|1
|-ability|p2b: Kingambit|Defiant|boost
|-boost|p2b: Kingambit|atk|2
|-unboost|p2b: Kingambit|spa|1
|-ability|p2b: Kingambit|Defiant|boost
|-boost|p2b: Kingambit|atk|2
|
|t:|1783551156
|switch|p1a: Superiority|Sneasler, L50, F|100/100|[from] Parting Shot
|
|upkeep
|turn|2
|inactive|Oriozz has 30 seconds left.
|inactive|Oriozz has 20 seconds left.
|
|t:|1783551193
|detailschange|p2a: Floette|Floette-Mega, L50, F
|-mega|p2a: Floette|Floette|Floettite
|-ability|p2a: Floette|Fairy Aura
|move|p1a: Superiority|Fake Out|p2b: Kingambit
|-resisted|p2b: Kingambit|1
|-damage|p2b: Kingambit|94/100
|cant|p2b: Kingambit|flinch
|move|p1b: Reseda|Heat Wave|p2b: Kingambit|[spread] p2a,p2b
|-supereffective|p2b: Kingambit|1
|-damage|p2a: Floette|32/100
|-damage|p2b: Kingambit|0 fnt
|-status|p2a: Floette|brn
|faint|p2b: Kingambit
|move|p2a: Floette|Dazzling Gleam|p1a: Superiority|[spread] p1a,p1b
|-resisted|p1b: Reseda|1
|-damage|p1a: Superiority|44/100
|-damage|p1b: Reseda|80/100
|
|-damage|p2a: Floette|26/100 brn|[from] brn
|upkeep
|
|t:|1783551218
|switch|p2b: Garchomp|Garchomp, L50, F|100/100
|turn|3
|
|t:|1783551231
|switch|p2a: Incineroar|Incineroar, L50, M|100/100
|-ability|p2a: Incineroar|Intimidate|boost
|-unboost|p1a: Superiority|atk|1
|-unboost|p1b: Reseda|atk|1
|move|p1a: Superiority|Poison Jab|p2a: Incineroar
|-damage|p2a: Incineroar|75/100
|-status|p2a: Incineroar|psn
|move|p1b: Reseda|Psyshock|p2b: Garchomp
|-damage|p2b: Garchomp|6/100
|move|p2b: Garchomp|Rock Slide|p1b: Reseda|[spread] p1a,p1b
|-resisted|p1a: Superiority|1
|-crit|p1a: Superiority
|-supereffective|p1b: Reseda|1
|-damage|p1a: Superiority|16/100
|-damage|p1b: Reseda|28/100
|
|-heal|p2a: Incineroar|81/100 psn|[from] item: Leftovers
|-damage|p2a: Incineroar|69/100 psn|[from] psn
|upkeep
|turn|4
|inactive|Oriozz has 30 seconds left.
|inactive|Oriozz has 20 seconds left.
|
|t:|1783551268
|move|p2b: Garchomp|Protect|p2b: Garchomp
|-singleturn|p2b: Garchomp|Protect
|move|p1a: Superiority|Quick Guard|p1a: Superiority
|-singleturn|p1a: Superiority|Quick Guard
|move|p1b: Reseda|Heat Wave|p2a: Incineroar|[spread] p2a
|-activate|p2b: Garchomp|move: Protect
|-resisted|p2a: Incineroar|1
|-damage|p2a: Incineroar|39/100 psn
|move|p2a: Incineroar|Parting Shot|p1b: Reseda
|-unboost|p1b: Reseda|atk|1
|-unboost|p1b: Reseda|spa|1
|
|t:|1783551279
|switch|p2a: Floette|Floette-Mega, L50, F|26/100 brn|[from] Parting Shot
|-ability|p2a: Floette|Fairy Aura
|
|-damage|p2a: Floette|20/100y brn|[from] brn
|upkeep
|turn|5
|
|t:|1783551299
|switch|p2a: Incineroar|Incineroar, L50, M|39/100 psn
|-ability|p2a: Incineroar|Intimidate|boost
|-unboost|p1a: Superiority|atk|1
|-unboost|p1b: Reseda|atk|1
|move|p1a: Superiority|Close Combat|p2b: Garchomp
|-damage|p2b: Garchomp|0 fnt
|-unboost|p1a: Superiority|def|1
|-unboost|p1a: Superiority|spd|1
|-damage|p1a: Superiority|4/100|[from] ability: Rough Skin|[of] p2b: Garchomp
|faint|p2b: Garchomp
|move|p1b: Reseda|Psyshock|p2a: Incineroar
|-immune|p2a: Incineroar
|
|-heal|p2a: Incineroar|45/100 psn|[from] item: Leftovers
|-damage|p2a: Incineroar|33/100 psn|[from] psn
|upkeep
|
|t:|1783551314
|switch|p2b: Floette|Floette-Mega, L50, F|20/100y brn
|-ability|p2b: Floette|Fairy Aura
|turn|6
|
|t:|1783551326
|switch|p1a: Hype|Incineroar, L50, F|100/100
|-ability|p1a: Hype|Intimidate|boost
|-unboost|p2a: Incineroar|atk|1
|-unboost|p2b: Floette|atk|1
|move|p1b: Reseda|Protect|p1b: Reseda
|-singleturn|p1b: Reseda|Protect
|move|p2a: Incineroar|Fake Out|p1b: Reseda
|-activate|p1b: Reseda|move: Protect
|move|p2b: Floette|Dazzling Gleam|p1a: Hype|[spread] p1a
|-activate|p1b: Reseda|move: Protect
|-damage|p1a: Hype|61/100
|
|-heal|p2a: Incineroar|39/100 psn|[from] item: Leftovers
|-damage|p2a: Incineroar|26/100 psn|[from] psn
|-damage|p2b: Floette|15/100 brn|[from] brn
|upkeep
|turn|7
|inactive|MommaGart has 30 seconds left.
|inactive|Oriozz has 30 seconds left.
|-message|Oriozz forfeited.
|
|win|MommaGart
|raw|MommaGart's rating: 1134 → 1160(+26 for winning)
|raw|Oriozz's rating: 1146 → 1120(-26 for losing)
