|j|☆Trainer Arin
|j|☆ReggioVGC
|html|Trainer ArinReggioVGC    
|uhtml|bestof|Game 1 of a best-of-3
|t:|1756894248
|gametype|doubles
|player|p1|Trainer Arin|pokemonrangerf-gen4|1128
|player|p2|ReggioVGC|lucas|1120
|gen|9
|tier|[Gen 9] VGC 2025 Reg H (Bo3)
|rated|
|rule|Species Clause: Limit one of each Pokémon
|rule|Item Clause: Limit 1 of each item
|clearpoke
|poke|p1|Tyranitar, L50, M|
|poke|p1|Rillaboom, L50, M|
|poke|p1|Flamigo, L50, M|
|poke|p1|Gholdengo, L50|
|poke|p1|Volcarona, L50, M|
|poke|p1|Electabuzz, L50, F|
|poke|p2|Ursaluna, L50, F|
|poke|p2|Kilowattrel, L50, F|
|poke|p2|Gholdengo, L50|
|poke|p2|Incineroar, L50, F|
|poke|p2|Amoonguss, L50, F|
|poke|p2|Porygon2, L50|
|teampreview|4
|showteam|p1|Tyranitar||AssaultVest|SandStream|RockSlide,KnockOff,TeraBlast,LowKick|||M|||50|,,,,,Flying]Rillaboom||MiracleSeed|GrassySurge|FakeOut,WoodHammer,GrassyGlide,Protect|||M|||50|,,,,,Grass]Flamigo||SitrusBerry|Costar|CloseCombat,BraveBird,BulkUp,Protect|||M|||50|,,,,,Ghost]Gholdengo||MetalCoat|GoodasGold|MakeItRain,ShadowBall,NastyPlot,Protect||||||50|,,,,,Steel]Volcarona||GrassySeed|FlameBody|QuiverDance,FieryDance,GigaDrain,Protect|||M|||50|,,,,,Grass]Electabuzz||Eviolite|VitalSpirit|Electroweb,FollowMe,Taunt,Protect|||F|||50|,,,,,Dark
|showteam|p2|Ursaluna||FlameOrb|Guts|Facade,HeadlongRush,Earthquake,Protect|||F|||50|,,,,,Fairy]Kilowattrel||FocusSash|Competitive|Thunderbolt,AirSlash,Tailwind,Protect|||F|||50|,,,,,Ghost]Gholdengo||LifeOrb|GoodasGold|MakeItRain,ShadowBall,NastyPlot,Protect||||||50|,,,,,Flying]Incineroar||AssaultVest|Intimidate|KnockOff,FlareBlitz,Uturn,FakeOut|||F|||50|,,,,,Grass]Amoonguss||SitrusBerry|Regenerator|Spore,RagePowder,SludgeBomb,Protect|||F|||50|,,,,,Water]Porygon2||Eviolite|Download|TeraBlast,IceBeam,Recover,TrickRoom||||||50|,,,,,Fighting
|inactive|Battle timer is ON: inactive players will automatically lose when time's up. (requested by Trainer Arin)
|
|t:|1756894336
|teamsize|p1|4
|teamsize|p2|4
|start
|switch|p1a: Rillaboom|Rillaboom, L50, M|100/100
|switch|p1b: Volcarona|Volcarona, L50, M|100/100
|switch|p2a: Pumpy the Grumpy|Incineroar, L50, F, shiny|100/100
|switch|p2b: Big Bird|Kilowattrel, L50, F|100/100
|-fieldstart|move: Grassy Terrain|[from] ability: Grassy Surge|[of] p1a: Rillaboom
|-enditem|p1b: Volcarona|Grassy Seed
|-boost|p1b: Volcarona|def|1|[from] item: Grassy Seed
|-ability|p2a: Pumpy the Grumpy|Intimidate|boost
|-unboost|p1a: Rillaboom|atk|1
|-unboost|p1b: Volcarona|atk|1
|turn|1
|inactive|ReggioVGC has 30 seconds left.
|inactive|ReggioVGC has 20 seconds left.
|inactive|ReggioVGC has 15 seconds left.
|
|t:|1756894378
|move|p1a: Rillaboom|Fake Out|p2a: Pumpy the Grumpy
|-damage|p2a: Pumpy the Grumpy|90/100
|cant|p2a: Pumpy the Grumpy|flinch
|move|p2b: Big Bird|Tailwind|p2b: Big Bird
|-sidestart|p2: ReggioVGC|move: Tailwind
|move|p1b: Volcarona|Quiver Dance|p1b: Volcarona
|-boost|p1b: Volcarona|spa|1
|-boost|p1b: Volcarona|spd|1
|-boost|p1b: Volcarona|spe|1
|
|-heal|p2a: Pumpy the Grumpy|96/100|[from] Grassy Terrain
|upkeep
|turn|2
|inactive|Trainer Arin has 30 seconds left.
|inactive|ReggioVGC has 30 seconds left.
|inactive|Trainer Arin has 20 seconds left.
|
|t:|1756894414
|move|p1b: Volcarona|Protect|p1b: Volcarona
|-singleturn|p1b: Volcarona|Protect
|move|p1a: Rillaboom|Grassy Glide|p2b: Big Bird
|-resisted|p2b: Big Bird
|-damage|p2b: Big Bird|73/100
|move|p2b: Big Bird|Air Slash|p1a: Rillaboom
|-supereffective|p1a: Rillaboom
|-damage|p1a: Rillaboom|20/100
|move|p2a: Pumpy the Grumpy|Flare Blitz|p1a: Rillaboom
|-supereffective|p1a: Rillaboom
|-damage|p1a: Rillaboom|0 fnt
|faint|p1a: Rillaboom
|-damage|p2a: Pumpy the Grumpy|90/100|[from] Recoil
|
|-heal|p2a: Pumpy the Grumpy|96/100|[from] Grassy Terrain
|upkeep
|
|t:|1756894429
|switch|p1a: Electabuzz|Electabuzz, L50, F|100/100
|turn|3
|inactive|ReggioVGC has 30 seconds left.
|inactive|ReggioVGC has 20 seconds left.
|
|t:|1756894466
|move|p1a: Electabuzz|Follow Me|p1a: Electabuzz
|-singleturn|p1a: Electabuzz|move: Follow Me
|move|p2b: Big Bird|Air Slash|p1a: Electabuzz
|-resisted|p1a: Electabuzz
|-damage|p1a: Electabuzz|87/100
|move|p2a: Pumpy the Grumpy|Flare Blitz|p1a: Electabuzz
|-damage|p1a: Electabuzz|39/100
|-damage|p2a: Pumpy the Grumpy|83/100|[from] Recoil
|move|p1b: Volcarona|Fiery Dance|p2b: Big Bird
|-damage|p2b: Big Bird|0 fnt
|faint|p2b: Big Bird
|
|-heal|p2a: Pumpy the Grumpy|89/100|[from] Grassy Terrain
|-heal|p1a: Electabuzz|45/100|[from] Grassy Terrain
|upkeep
|
|t:|1756894488
|switch|p2b: Dinko|Ursaluna, L50, F|100/100
|turn|4
|inactive|Trainer Arin has 30 seconds left.
|inactive|ReggioVGC has 30 seconds left.
|inactive|ReggioVGC has 20 seconds left.
|inactive|ReggioVGC has 15 seconds left.
|
|t:|1756894530
|move|p1a: Electabuzz|Follow Me|p1a: Electabuzz
|-singleturn|p1a: Electabuzz|move: Follow Me
|move|p2a: Pumpy the Grumpy|U-turn|p1a: Electabuzz
|-damage|p1a: Electabuzz|28/100
|
|t:|1756894534
|switch|p2a: 뽀록나|Amoonguss, L50, F, shiny|100/100|[from] U-turn
|move|p2b: Dinko|Headlong Rush|p1a: Electabuzz
|-supereffective|p1a: Electabuzz
|-damage|p1a: Electabuzz|0 fnt
|-unboost|p2b: Dinko|def|1
|-unboost|p2b: Dinko|spd|1
|faint|p1a: Electabuzz
|move|p1b: Volcarona|Quiver Dance|p1b: Volcarona
|-boost|p1b: Volcarona|spa|1
|-boost|p1b: Volcarona|spd|1
|-boost|p1b: Volcarona|spe|1
|
|-sideend|p2: ReggioVGC|move: Tailwind
|-status|p2b: Dinko|brn|[from] item: Flame Orb
|upkeep
|
|t:|1756894547
|switch|p1a: Gholdengo|Gholdengo, L50|100/100
|turn|5
|inactive|ReggioVGC has 30 seconds left.
|
|t:|1756894572
|-terastallize|p1b: Volcarona|Grass
|move|p2a: 뽀록나|Rage Powder|p2a: 뽀록나
|-singleturn|p2a: 뽀록나|move: Rage Powder
|move|p1b: Volcarona|Giga Drain|p2b: Dinko
|-supereffective|p2b: Dinko
|-damage|p2b: Dinko|0 fnt
|faint|p2b: Dinko
|move|p1a: Gholdengo|Make It Rain|p2a: 뽀록나
|-damage|p2a: 뽀록나|45/100
|-unboost|p1a: Gholdengo|spa|1
|-enditem|p2a: 뽀록나|Sitrus Berry|[eat]
|-heal|p2a: 뽀록나|70/100|[from] item: Sitrus Berry
|
|-heal|p2a: 뽀록나|76/100|[from] Grassy Terrain
|-fieldend|move: Grassy Terrain
|upkeep
|
|t:|1756894580
|switch|p2b: Pumpy the Grumpy|Incineroar, L50, F, shiny|89/100
|-ability|p2b: Pumpy the Grumpy|Intimidate|boost
|-unboost|p1a: Gholdengo|atk|1
|-unboost|p1b: Volcarona|atk|1
|turn|6
|inactive|ReggioVGC has 30 seconds left.
|inactive|ReggioVGC has 20 seconds left.
|inactive|ReggioVGC has 15 seconds left.
|
|t:|1756894621
|move|p1b: Volcarona|Protect|p1b: Volcarona
|-singleturn|p1b: Volcarona|Protect
|move|p1a: Gholdengo|Protect|p1a: Gholdengo
|-singleturn|p1a: Gholdengo|Protect
|move|p2a: 뽀록나|Protect|p2a: 뽀록나
|-singleturn|p2a: 뽀록나|Protect
|move|p2b: Pumpy the Grumpy|Knock Off|p1a: Gholdengo
|-activate|p1a: Gholdengo|move: Protect
|
|upkeep
|turn|7
|inactive|ReggioVGC has 30 seconds left.
|
|t:|1756894653
|-terastallize|p2a: 뽀록나|Water
|move|p1b: Volcarona|Fiery Dance|p2b: Pumpy the Grumpy
|-resisted|p2b: Pumpy the Grumpy
|-damage|p2b: Pumpy the Grumpy|59/100
|-boost|p1b: Volcarona|spa|1
|move|p1a: Gholdengo|Make It Rain|p2b: Pumpy the Grumpy|[spread] p2a,p2b
|-resisted|p2a: 뽀록나
|-resisted|p2b: Pumpy the Grumpy
|-damage|p2a: 뽀록나|62/100
|-damage|p2b: Pumpy the Grumpy|49/100
|-unboost|p1a: Gholdengo|spa|1
|move|p2b: Pumpy the Grumpy|Knock Off|p1a: Gholdengo
|-supereffective|p1a: Gholdengo
|-damage|p1a: Gholdengo|10/100
|-enditem|p1a: Gholdengo|Metal Coat|[from] move: Knock Off|[of] p2b: Pumpy the Grumpy
|move|p2a: 뽀록나|Sludge Bomb|p1b: Volcarona
|-supereffective|p1b: Volcarona
|-damage|p1b: Volcarona|72/100
|
|upkeep
|turn|8
|inactive|Trainer Arin has 30 seconds left.
|inactive|ReggioVGC has 30 seconds left.
|
|t:|1756894690
|move|p2a: 뽀록나|Rage Powder|p2a: 뽀록나
|-singleturn|p2a: 뽀록나|move: Rage Powder
|move|p1b: Volcarona|Fiery Dance|p2b: Pumpy the Grumpy
|-resisted|p2b: Pumpy the Grumpy
|-damage|p2b: Pumpy the Grumpy|11/100
|-boost|p1b: Volcarona|spa|1
|move|p1a: Gholdengo|Make It Rain|p2b: Pumpy the Grumpy|[spread] p2a,p2b
|-resisted|p2a: 뽀록나
|-resisted|p2b: Pumpy the Grumpy
|-damage|p2a: 뽀록나|54/100
|-damage|p2b: Pumpy the Grumpy|4/100
|-unboost|p1a: Gholdengo|spa|1
|move|p2b: Pumpy the Grumpy|Knock Off|p1a: Gholdengo
|-supereffective|p1a: Gholdengo
|-damage|p1a: Gholdengo|0 fnt
|faint|p1a: Gholdengo
|
|upkeep
|turn|9
|
|t:|1756894708
|move|p1b: Volcarona|Fiery Dance|p2b: Pumpy the Grumpy
|-resisted|p2b: Pumpy the Grumpy
|-damage|p2b: Pumpy the Grumpy|0 fnt
|-boost|p1b: Volcarona|spa|1
|faint|p2b: Pumpy the Grumpy
|move|p2a: 뽀록나|Sludge Bomb|p1b: Volcarona
|-supereffective|p1b: Volcarona
|-damage|p1b: Volcarona|47/100
|
|upkeep
|turn|10
|
|t:|1756894720
|move|p1b: Volcarona|Giga Drain|p2a: 뽀록나
|-supereffective|p2a: 뽀록나
|-damage|p2a: 뽀록나|0 fnt
|-heal|p1b: Volcarona|78/100|[from] drain|[of] p2a: 뽀록나
|faint|p2a: 뽀록나
|
|win|Trainer Arin
||Trainer Arin is ready for game 2.
||ReggioVGC is ready for game 2.
|uhtml|next|Next: Game 2 of 3
|l|☆Trainer Arin
|player|p1|
