|j|☆ghotamcity2.0
|j|☆MinasDevilCrobats
|html|ghotamcity2.0MinasDevilCrobats    
|uhtml|bestof|Game 2 of a best-of-3
|t:|1756212916
|gametype|doubles
|player|p1|ghotamcity2.0|biker-gen4|1104
|player|p2|MinasDevilCrobats|darach-caitlin|1133
|gen|9
|tier|[Gen 9] VGC 2025 Reg H (Bo3)
|rated|
|rule|Species Clause: Limit one of each Pokémon
|rule|Item Clause: Limit 1 of each item
|clearpoke
|poke|p1|Sylveon, L50, M|
|poke|p1|Incineroar, L50, F|
|poke|p1|Rillaboom, L50, M|
|poke|p1|Annihilape, L50, M|
|poke|p1|Maushold, L50|
|poke|p1|Gholdengo, L50|
|poke|p2|Dragapult, L50, M|
|poke|p2|Electabuzz, L50, M|
|poke|p2|Weavile, L50, F|
|poke|p2|Primarina, L50, F|
|poke|p2|Gholdengo, L50|
|poke|p2|Whimsicott, L50, F|
|teampreview|4
|showteam|p1|Sylveon||Leftovers|Pixilate|CalmMind,Protect,HyperVoice,TeraBlast|||M|||50|,,,,,Fire]Incineroar||SitrusBerry|Intimidate|FakeOut,PartingShot,KnockOff,WillOWisp|||F|||50|,,,,,Ghost]Rillaboom||AssaultVest|GrassySurge|FakeOut,GrassyGlide,DrumBeating,Uturn|||M|||50|,,,,,Fire]Annihilape||SafetyGoggles|Defiant|Protect,BulkUp,DrainPunch,RageFist|||M|||50|,,,,,Water]Maushold||CovertCloak|FriendGuard|Protect,BeatUp,FollowMe,Encore||||||50|,,,,,Grass]Gholdengo||MetalCoat|GoodasGold|NastyPlot,Protect,MakeItRain,ShadowBall||||||50|,,,,,Steel
|showteam|p2|Dragapult||LifeOrb|Infiltrator|ShadowBall,DracoMeteor,FireBlast,Protect|||M|||50|,,,,,Fire]Electabuzz||Eviolite|VitalSpirit|Electroweb,FollowMe,Taunt,Protect|||M|||50|,,,,,Ghost]Weavile||FocusSash|Pickpocket|FakeOut,KnockOff,TripleAxel,Protect|||F|||50|,,,,,Stellar]Primarina||ThroatSpray|LiquidVoice|HyperVoice,Moonblast,Haze,Protect|||F|||50|,,,,,Water]Gholdengo||MetalCoat|GoodasGold|MakeItRain,ShadowBall,NastyPlot,Protect||||||50|,,,,,Water]Whimsicott||CovertCloak|Prankster|Tailwind,Moonblast,Taunt,FakeTears|||F|||50|,,,,,Water
|
|t:|1756212933
|teamsize|p1|4
|teamsize|p2|4
|start
|switch|p1a: Sylveon|Sylveon, L50, M|100/100
|switch|p1b: Incineroar|Incineroar, L50, F|100/100
|switch|p2a: Electabuzz|Electabuzz, L50, M|100/100
|switch|p2b: Gholdengo|Gholdengo, L50|100/100
|-ability|p1b: Incineroar|Intimidate|boost
|-unboost|p2a: Electabuzz|atk|1
|-unboost|p2b: Gholdengo|atk|1
|turn|1
|
|t:|1756212948
|-terastallize|p1a: Sylveon|Fire
|move|p2a: Electabuzz|Follow Me|p2a: Electabuzz
|-singleturn|p2a: Electabuzz|move: Follow Me
|move|p2b: Gholdengo|Nasty Plot|p2b: Gholdengo
|-boost|p2b: Gholdengo|spa|2
|move|p1b: Incineroar|Knock Off|p2a: Electabuzz
|-damage|p2a: Electabuzz|66/100
|-enditem|p2a: Electabuzz|Eviolite|[from] move: Knock Off|[of] p1b: Incineroar
|move|p1a: Sylveon|Calm Mind|p1a: Sylveon
|-boost|p1a: Sylveon|spa|1
|-boost|p1a: Sylveon|spd|1
|
|upkeep
|turn|2
|
|t:|1756212962
|move|p2a: Electabuzz|Follow Me|p2a: Electabuzz
|-singleturn|p2a: Electabuzz|move: Follow Me
|move|p2b: Gholdengo|Nasty Plot|p2b: Gholdengo
|-boost|p2b: Gholdengo|spa|2
|move|p1b: Incineroar|Knock Off|p2a: Electabuzz
|-crit|p2a: Electabuzz
|-damage|p2a: Electabuzz|17/100
|move|p1a: Sylveon|Calm Mind|p1a: Sylveon
|-boost|p1a: Sylveon|spa|1
|-boost|p1a: Sylveon|spd|1
|
|upkeep
|turn|3
|
|t:|1756212976
|move|p1a: Sylveon|Protect|p1a: Sylveon
|-singleturn|p1a: Sylveon|Protect
|move|p2a: Electabuzz|Follow Me|p2a: Electabuzz
|-singleturn|p2a: Electabuzz|move: Follow Me
|move|p2b: Gholdengo|Nasty Plot|p2b: Gholdengo
|-boost|p2b: Gholdengo|spa|2
|move|p1b: Incineroar|Knock Off|p2a: Electabuzz
|-damage|p2a: Electabuzz|0 fnt
|faint|p2a: Electabuzz
|
|upkeep
|
|t:|1756212984
|switch|p2a: Whimsicott|Whimsicott, L50, F|100/100
|turn|4
|
|t:|1756212998
|switch|p1a: Maushold|Maushold, L50|100/100
|-terastallize|p2b: Gholdengo|Water
|move|p2a: Whimsicott|Fake Tears|p1a: Maushold
|-unboost|p1a: Maushold|spd|2
|move|p2b: Gholdengo|Shadow Ball|p1a: Maushold
|-immune|p1a: Maushold
|move|p1b: Incineroar|Knock Off|p2b: Gholdengo
|-crit|p2b: Gholdengo
|-damage|p2b: Gholdengo|48/100
|-enditem|p2b: Gholdengo|Metal Coat|[from] move: Knock Off|[of] p1b: Incineroar
|
|upkeep
|turn|5
|
|t:|1756213020
|move|p2a: Whimsicott|Tailwind|p2a: Whimsicott
|-sidestart|p2: MinasDevilCrobats|move: Tailwind
|move|p2b: Gholdengo|Make It Rain|p1a: Maushold|[spread] p1a,p1b
|-resisted|p1b: Incineroar
|-damage|p1a: Maushold|0 fnt
|-damage|p1b: Incineroar|57/100
|-unboost|p2b: Gholdengo|spa|1
|faint|p1a: Maushold
|move|p1b: Incineroar|Knock Off|p2b: Gholdengo
|-damage|p2b: Gholdengo|22/100
|
|upkeep
|
|t:|1756213028
|switch|p1a: Sylveon|Sylveon, L50, M, tera:Fire|100/100
|turn|6
|
|t:|1756213043
|move|p1a: Sylveon|Protect|p1a: Sylveon
|-singleturn|p1a: Sylveon|Protect
|move|p2a: Whimsicott|Moonblast|p1b: Incineroar
|-crit|p1b: Incineroar
|-damage|p1b: Incineroar|29/100
|-enditem|p1b: Incineroar|Sitrus Berry|[eat]
|-heal|p1b: Incineroar|53/100|[from] item: Sitrus Berry
|move|p2b: Gholdengo|Make It Rain|p1b: Incineroar|[spread] p1b
|-activate|p1a: Sylveon|move: Protect
|-resisted|p1b: Incineroar
|-damage|p1b: Incineroar|2/100
|-unboost|p2b: Gholdengo|spa|1
|move|p1b: Incineroar|Knock Off|p2b: Gholdengo
|-damage|p2b: Gholdengo|0 fnt
|faint|p2b: Gholdengo
|
|upkeep
|
|t:|1756213059
|switch|p2b: Primarina|Primarina, L50, F|100/100
|turn|7
|
|t:|1756213066
|switch|p1b: Gholdengo|Gholdengo, L50|100/100
|move|p2a: Whimsicott|Fake Tears|p1a: Sylveon
|-unboost|p1a: Sylveon|spd|2
|move|p2b: Primarina|Hyper Voice|p1b: Gholdengo|[spread] p1a,p1b
|-supereffective|p1a: Sylveon
|-damage|p1a: Sylveon|7/100
|-damage|p1b: Gholdengo|57/100
|-enditem|p2b: Primarina|Throat Spray
|-boost|p2b: Primarina|spa|1|[from] item: Throat Spray
|move|p1a: Sylveon|Calm Mind|p1a: Sylveon
|-boost|p1a: Sylveon|spa|1
|-boost|p1a: Sylveon|spd|1
|
|-heal|p1a: Sylveon|13/100|[from] item: Leftovers
|upkeep
|turn|8
|
|t:|1756213087
|move|p1b: Gholdengo|Protect|p1b: Gholdengo
|-singleturn|p1b: Gholdengo|Protect
|move|p2a: Whimsicott|Moonblast|p1b: Gholdengo
|-activate|p1b: Gholdengo|move: Protect
|move|p2b: Primarina|Hyper Voice|p1b: Gholdengo|[spread] p1a
|-activate|p1b: Gholdengo|move: Protect
|-supereffective|p1a: Sylveon
|-damage|p1a: Sylveon|0 fnt
|faint|p1a: Sylveon
|
|-sideend|p2: MinasDevilCrobats|move: Tailwind
|upkeep
|
|t:|1756213094
|switch|p1a: Incineroar|Incineroar, L50, F|2/100
|-ability|p1a: Incineroar|Intimidate|boost
|-unboost|p2a: Whimsicott|atk|1
|-unboost|p2b: Primarina|atk|1
|turn|9
|
|t:|1756213098
|move|p2b: Primarina|Protect|p2b: Primarina
|-singleturn|p2b: Primarina|Protect
|move|p1a: Incineroar|Fake Out|p2b: Primarina
|-activate|p2b: Primarina|move: Protect
|move|p2a: Whimsicott|Tailwind|p2a: Whimsicott
|-sidestart|p2: MinasDevilCrobats|move: Tailwind
|move|p1b: Gholdengo|Nasty Plot|p1b: Gholdengo
|-boost|p1b: Gholdengo|spa|2
|
|upkeep
|turn|10
|
|t:|1756213112
|move|p2a: Whimsicott|Moonblast|p1b: Gholdengo
|-resisted|p1b: Gholdengo
|-damage|p1b: Gholdengo|42/100
|move|p2b: Primarina|Hyper Voice|p1a: Incineroar|[spread] p1a,p1b
|-supereffective|p1a: Incineroar
|-damage|p1a: Incineroar|0 fnt
|-damage|p1b: Gholdengo|0 fnt
|faint|p1a: Incineroar
|faint|p1b: Gholdengo
|
|win|MinasDevilCrobats
||MinasDevilCrobats is ready for game 3.
||ghotamcity2.0 is ready for game 3.
|uhtml|next|Next: Game 3 of 3
