|j|☆GymGlofer
|j|☆axcoquette
|html|GymGloferaxcoquette    
|uhtml|bestof|Game 1 of a best-of-3
|t:|1783889154
|gametype|doubles
|player|p1|GymGlofer|102|1083
|player|p2|axcoquette|maid|1150
|gen|9
|tier|[Gen 9 Champions] VGC 2026 Reg M-B (Bo3)
|rated|
|rule|Species Clause: Limit one of each Pokémon
|rule|Item Clause: Limit 1 of each item
|clearpoke
|poke|p1|Talonflame, L50, M|
|poke|p1|Emboar, L50, M|
|poke|p1|Houndoom, L50, F|
|poke|p1|Delphox, L50, M|
|poke|p1|Ninetales, L50, M|
|poke|p1|Arcanine-Hisui, L50, M|
|poke|p2|Delphox, L50, M|
|poke|p2|Sneasler, L50, M|
|poke|p2|Sinistcha, L50|
|poke|p2|Incineroar, L50, M|
|poke|p2|Kingambit, L50, F|
|poke|p2|Floette-Eternal, L50, F|
|teampreview|4
|showteam|p1|Talonflame||FocusSash|GaleWings|FlameCharge,DualWingbeat,Tailwind,Protect|Adamant||M|||50|]Emboar||Emboarite|Reckless|FlareBlitz,CloseCombat,SuckerPunch,Protect|Brave||M|||50|]Houndoom||Houndoominite|Unnerve|HeatWave,DarkPulse,HyperVoice,Protect|Timid||F|||50|]Delphox||SitrusBerry|Magician|MysticalFire,Psyshock,TrickRoom,Protect|Sassy||M|||50|]Ninetales||WideLens|Drought|Overheat,SolarBeam,WillOWisp,Protect|Timid||M|||50|]Arcanine-Hisui||LifeOrb|Intimidate|RagingFury,HeadSmash,ExtremeSpeed,Protect|Serious||M|||50|
|showteam|p2|Delphox||Delphoxite|Blaze|Protect,NastyPlot,HeatWave,Psychic|Timid||M|||50|]Sneasler||FocusSash|PoisonTouch|FakeOut,PoisonJab,CloseCombat,Protect|Jolly||M|||50|]Sinistcha||KasibBerry|Hospitality|Protect,RagePowder,MatchaGotcha,LifeDew|Bold|||||50|]Incineroar||SitrusBerry|Intimidate|FakeOut,FlareBlitz,HelpingHand,PartingShot|Careful||M|||50|]Kingambit||BlackGlasses|Defiant|KowtowCleave,SwordsDance,SuckerPunch,Protect|Adamant||F|||50|]Floette-Eternal||Floettite|FlowerVeil|Moonblast,DazzlingGleam,CalmMind,Protect|Modest||F|||50|
|inactive|Battle timer is ON: inactive players will automatically lose when time's up. (requested by axcoquette)
|inactive|axcoquette has 60 seconds left.
|
|t:|1783889185
|teamsize|p1|4
|teamsize|p2|4
|start
|switch|p1a: Delphox|Delphox, L50, M|100/100
|switch|p1b: Talonflame|Talonflame, L50, M|100/100
|switch|p2a: Delphox|Delphox, L50, M|100/100
|switch|p2b: Incineroar|Incineroar, L50, M|100/100
|-ability|p2b: Incineroar|Intimidate|boost
|-unboost|p1a: Delphox|atk|1
|-unboost|p1b: Talonflame|atk|1
|turn|1
|inactive|axcoquette has 30 seconds left.
|
|t:|1783889214
|detailschange|p2a: Delphox|Delphox-Mega, L50, M
|-mega|p2a: Delphox|Delphox|Delphoxite
|move|p1b: Talonflame|Protect|p1b: Talonflame
|-singleturn|p1b: Talonflame|Protect
|move|p1a: Delphox|Protect|p1a: Delphox
|-singleturn|p1a: Delphox|Protect
|move|p2b: Incineroar|Fake Out|p1a: Delphox
|-activate|p1a: Delphox|move: Protect
|move|p2a: Delphox|Nasty Plot|p2a: Delphox
|-boost|p2a: Delphox|spa|2
|
|upkeep
|turn|2
|inactive|axcoquette has 30 seconds left.
|
|t:|1783889240
|move|p1b: Talonflame|Dual Wingbeat|p2a: Delphox
|-damage|p2a: Delphox|85/100
|-damage|p2a: Delphox|70/100
|-hitcount|p2a: Delphox|2
|move|p2a: Delphox|Psychic|p1b: Talonflame
|-enditem|p1b: Talonflame|Focus Sash
|-damage|p1b: Talonflame|1/100
|move|p2b: Incineroar|Parting Shot|p1a: Delphox
|-unboost|p1a: Delphox|atk|1
|-unboost|p1a: Delphox|spa|1
|
|t:|1783889245
|switch|p2b: Sinistcha|Sinistcha, L50|100/100|[from] Parting Shot
|-heal|p2a: Delphox|95/100|[from] ability: Hospitality|[of] p2b: Sinistcha
|move|p1a: Delphox|Trick Room|p1a: Delphox
|-fieldstart|move: Trick Room|[of] p1a: Delphox
|
|upkeep
|turn|3
|
|t:|1783889256
|switch|p2b: Incineroar|Incineroar, L50, M|100/100
|-ability|p2b: Incineroar|Intimidate|boost
|-unboost|p1a: Delphox|atk|1
|-unboost|p1b: Talonflame|atk|1
|move|p1a: Delphox|Mystical Fire|p2b: Incineroar
|-resisted|p2b: Incineroar|1
|-damage|p2b: Incineroar|93/100
|-unboost|p2b: Incineroar|spa|1
|move|p1b: Talonflame|Dual Wingbeat|p2a: Delphox
|-damage|p2a: Delphox|82/100
|-damage|p2a: Delphox|72/100
|-hitcount|p2a: Delphox|2
|move|p2a: Delphox|Nasty Plot|p2a: Delphox
|-boost|p2a: Delphox|spa|2
|
|upkeep
|turn|4
|
|t:|1783889281
|move|p2b: Incineroar|Parting Shot|p1a: Delphox
|-unboost|p1a: Delphox|atk|1
|-unboost|p1a: Delphox|spa|1
|
|t:|1783889287
|switch|p2b: Sinistcha|Sinistcha, L50|100/100|[from] Parting Shot
|-heal|p2a: Delphox|97/100|[from] ability: Hospitality|[of] p2b: Sinistcha
|move|p1a: Delphox|Mystical Fire|p2a: Delphox
|-resisted|p2a: Delphox|1
|-damage|p2a: Delphox|91/100
|-unboost|p2a: Delphox|spa|1
|move|p1b: Talonflame|Dual Wingbeat|p2a: Delphox
|-damage|p2a: Delphox|79/100
|-damage|p2a: Delphox|68/100
|-hitcount|p2a: Delphox|2
|move|p2a: Delphox|Heat Wave|p1b: Talonflame|[spread] p1a,p1b
|-resisted|p1a: Delphox|1
|-resisted|p1b: Talonflame|1
|-damage|p1a: Delphox|63/100
|-damage|p1b: Talonflame|0 fnt
|faint|p1b: Talonflame
|
|upkeep
|
|t:|1783889292
|switch|p1b: Arcanine|Arcanine-Hisui, L50, M|100/100
|-ability|p1b: Arcanine|Intimidate|boost
|-unboost|p2a: Delphox|atk|1
|-unboost|p2b: Sinistcha|atk|1
|turn|5
|
|t:|1783889313
|switch|p2b: Incineroar|Incineroar, L50, M|93/100
|-ability|p2b: Incineroar|Intimidate|boost
|-unboost|p1a: Delphox|atk|1
|-unboost|p1b: Arcanine|atk|1
|move|p2a: Delphox|Protect|p2a: Delphox
|-singleturn|p2a: Delphox|Protect
|move|p1b: Arcanine|Head Smash|p2b: Incineroar
|-supereffective|p2b: Incineroar|1
|-damage|p2b: Incineroar|0 fnt
|faint|p2b: Incineroar
|-damage|p1b: Arcanine|53/100|[from] Recoil
|-damage|p1b: Arcanine|43/100|[from] item: Life Orb
|move|p1a: Delphox|Mystical Fire|p2a: Delphox
|-activate|p2a: Delphox|move: Protect
|
|upkeep
|
|t:|1783889328
|switch|p2b: Sneasler|Sneasler, L50, M|100/100
|turn|6
|
|t:|1783889345
|move|p2b: Sneasler|Fake Out|p1b: Arcanine
|-resisted|p1b: Arcanine|1
|-damage|p1b: Arcanine|36/100
|cant|p1b: Arcanine|flinch
|move|p1a: Delphox|Psyshock|p2b: Sneasler
|-supereffective|p2b: Sneasler|2
|-enditem|p2b: Sneasler|Focus Sash
|-damage|p2b: Sneasler|1/100
|move|p2a: Delphox|Psychic|p1a: Delphox
|-resisted|p1a: Delphox|1
|-damage|p1a: Delphox|17/100
|-enditem|p1a: Delphox|Sitrus Berry|[eat]
|-heal|p1a: Delphox|41/100|[from] item: Sitrus Berry
|
|-fieldend|move: Trick Room
|upkeep
|turn|7
|inactive|axcoquette has 30 seconds left.
|
|t:|1783889377
|switch|p2b: Sinistcha|Sinistcha, L50|100/100
|-heal|p2a: Delphox|93/100|[from] ability: Hospitality|[of] p2b: Sinistcha
|move|p1b: Arcanine|Extreme Speed|p2b: Sinistcha
|-immune|p2b: Sinistcha
|move|p2a: Delphox|Heat Wave|p1b: Arcanine|[spread] p1a
|-miss|p2a: Delphox|p1b: Arcanine
|-resisted|p1a: Delphox|1
|-damage|p1a: Delphox|3/100
|move|p1a: Delphox|Trick Room|p1a: Delphox
|-fieldstart|move: Trick Room|[of] p1a: Delphox
|
|upkeep
|turn|8
|inactive|axcoquette has 30 seconds left.
|
|t:|1783889405
|move|p2b: Sinistcha|Rage Powder|p2b: Sinistcha
|-singleturn|p2b: Sinistcha|move: Rage Powder
|move|p1b: Arcanine|Raging Fury|p2b: Sinistcha
|-supereffective|p2b: Sinistcha|1
|-damage|p2b: Sinistcha|24/100
|-damage|p1b: Arcanine|26/100|[from] item: Life Orb
|move|p1a: Delphox|Mystical Fire|p2b: Sinistcha
|-supereffective|p2b: Sinistcha|1
|-damage|p2b: Sinistcha|0 fnt
|faint|p2b: Sinistcha
|-item|p1a: Delphox|Kasib Berry|[from] ability: Magician|[of] p2: Sinistcha
|move|p2a: Delphox|Heat Wave|p1b: Arcanine|[spread] p1a,p1b
|-resisted|p1a: Delphox|1
|-resisted|p1b: Arcanine|2
|-damage|p1a: Delphox|0 fnt
|-damage|p1b: Arcanine|0 fnt
|faint|p1a: Delphox
|faint|p1b: Arcanine
|
|upkeep
|
|t:|1783889421
|switch|p2b: Sneasler|Sneasler, L50, M|1/100
|switch|p1b: Emboar|Emboar, L50, M|100/100
|turn|9
|
|t:|1783889427
|move|p1b: Emboar|Protect|p1b: Emboar
|-singleturn|p1b: Emboar|Protect
|move|p2b: Sneasler|Fake Out|p1b: Emboar
|-activate|p1b: Emboar|move: Protect
|move|p2a: Delphox|Psychic|p1b: Emboar
|-activate|p1b: Emboar|move: Protect
|
|upkeep
|turn|10
|
|t:|1783889452
|detailschange|p1b: Emboar|Emboar-Mega, L50, M
|-mega|p1b: Emboar|Emboar|Emboarite
|-ability|p1b: Emboar|Mold Breaker
|move|p2a: Delphox|Protect|p2a: Delphox
|-singleturn|p2a: Delphox|Protect
|move|p1b: Emboar|Sucker Punch|p2b: Sneasler
|-resisted|p2b: Sneasler|1
|-crit|p2b: Sneasler
|-damage|p2b: Sneasler|0 fnt
|faint|p2b: Sneasler
|
|upkeep
|turn|11
|
|t:|1783889465
|move|p1b: Emboar|Sucker Punch|p2a: Delphox
|-supereffective|p2a: Delphox|1
|-damage|p2a: Delphox|17/100
|move|p2a: Delphox|Psychic|p1b: Emboar
|-supereffective|p1b: Emboar|1
|-damage|p1b: Emboar|0 fnt
|faint|p1b: Emboar
|
|win|axcoquette
