|j|☆clearmomdotcom
|j|☆upchicken
|html|clearmomdotcomupchicken    
|uhtml|bestof|Game 2 of a best-of-3
|t:|1757904049
|gametype|doubles
|player|p1|clearmomdotcom|waitress|1327
|player|p2|upchicken|az|1388
|gen|9
|tier|[Gen 9] VGC 2025 Reg H (Bo3)
|rated|
|rule|Species Clause: Limit one of each Pokémon
|rule|Item Clause: Limit 1 of each item
|clearpoke
|poke|p1|Indeedee, L50, M|
|poke|p1|Sneasler, L50, M|
|poke|p1|Torkoal, L50, F|
|poke|p1|Exeggutor, L50, F|
|poke|p1|Dragonite, L50, F|
|poke|p1|Arcanine-Hisui, L50, F|
|poke|p2|Grimmsnarl, L50, M|
|poke|p2|Annihilape, L50, F|
|poke|p2|Maushold, L50|
|poke|p2|Pelipper, L50, F|
|poke|p2|Archaludon, L50, F|
|poke|p2|Sinistcha, L50|
|teampreview|4
|showteam|p1|Indeedee||FocusSash|PsychicSurge|ExpandingForce,TeraBlast,Protect,TrickRoom|||M|||50|,,,,,Fighting]Sneasler||PsychicSeed|Unburden|ThroatChop,CloseCombat,DireClaw,Protect|||M|||50|,,,,,Dark]Torkoal||EjectPack|Drought|Eruption,Overheat,Protect,HelpingHand|||F|||50|,,,,,Fire]Exeggutor||LifeOrb|Chlorophyll|ExpandingForce,SleepPowder,Protect,EnergyBall|||F|||50|,,,,,Psychic]Dragonite||LoadedDice|Multiscale|ScaleShot,Tailwind,Protect,LowKick|||F|||50|,,,,,Steel]Arcanine-Hisui||ClearAmulet|Intimidate|RockSlide,Protect,FlareBlitz,HeadSmash|||F|||50|,,,,,Water
|showteam|p2|Grimmsnarl||LightClay|Prankster|Reflect,LightScreen,ThunderWave,SpiritBreak|||M|||50|,,,,,Steel]Annihilape||SpellTag|Defiant|BulkUp,Protect,DrainPunch,RageFist|||F|||50|,,,,,Fire]Maushold||SafetyGoggles|FriendGuard|BeatUp,Taunt,FollowMe,Protect||||||50|,,,,,Ghost]Pelipper||LifeOrb|Drizzle|WeatherBall,Hurricane,WideGuard,Protect|||F|||50|,,,,,Grass]Archaludon||AssaultVest|Stamina|ElectroShot,DragonPulse,Snarl,BodyPress|||F|||50|,,,,,Fighting]Sinistcha||SitrusBerry|Hospitality|LifeDew,RagePowder,TrickRoom,MatchaGotcha||||||50|,,,,,Water
|inactive|Battle timer is ON: inactive players will automatically lose when time's up. (requested by upchicken)
|
|t:|1757904077
|teamsize|p1|4
|teamsize|p2|4
|start
|switch|p1a: Sneasler|Sneasler, L50, M|100/100
|switch|p1b: Indeedee|Indeedee, L50, M|100/100
|switch|p2a: Grimmsnarl|Grimmsnarl, L50, M|100/100
|switch|p2b: Pelipper|Pelipper, L50, F|100/100
|-fieldstart|move: Psychic Terrain|[from] ability: Psychic Surge|[of] p1b: Indeedee
|-enditem|p1a: Sneasler|Psychic Seed
|-boost|p1a: Sneasler|spd|1|[from] item: Psychic Seed
|-weather|RainDance|[from] ability: Drizzle|[of] p2b: Pelipper
|turn|1
|inactive|clearmomdotcom has 30 seconds left.
|
|t:|1757904103
|switch|p2b: Archaludon|Archaludon, L50, F|100/100
|move|p2a: Grimmsnarl|Light Screen|p2a: Grimmsnarl
|-sidestart|p2: upchicken|move: Light Screen
|move|p1a: Sneasler|Dire Claw|p2b: Archaludon
|-immune|p2b: Archaludon
|move|p1b: Indeedee|Tera Blast|p2b: Archaludon
|-resisted|p2b: Archaludon
|-damage|p2b: Archaludon|92/100
|-ability|p2b: Archaludon|Stamina|boost
|-boost|p2b: Archaludon|def|1
|
|-weather|RainDance|[upkeep]
|upkeep
|turn|2
|
|t:|1757904116
|switch|p1b: Torkoal|Torkoal, L50, F|100/100
|-weather|SunnyDay|[from] ability: Drought|[of] p1b: Torkoal
|move|p2a: Grimmsnarl|Reflect|p2a: Grimmsnarl
|-sidestart|p2: upchicken|Reflect
|move|p1a: Sneasler|Close Combat|p2b: Archaludon
|-supereffective|p2b: Archaludon
|-damage|p2b: Archaludon|50/100
|-unboost|p1a: Sneasler|def|1
|-unboost|p1a: Sneasler|spd|1
|-ability|p2b: Archaludon|Stamina|boost
|-boost|p2b: Archaludon|def|1
|move|p2b: Archaludon|Dragon Pulse|p1a: Sneasler
|-damage|p1a: Sneasler|48/100
|
|-weather|SunnyDay|[upkeep]
|upkeep
|turn|3
|
|t:|1757904135
|switch|p2a: Pelipper|Pelipper, L50, F|100/100
|-weather|RainDance|[from] ability: Drizzle|[of] p2a: Pelipper
|move|p1b: Torkoal|Helping Hand|p1a: Sneasler
|-singleturn|p1a: Sneasler|Helping Hand|[of] p1b: Torkoal
|move|p1a: Sneasler|Close Combat|p2b: Archaludon
|-supereffective|p2b: Archaludon
|-damage|p2b: Archaludon|3/100
|-unboost|p1a: Sneasler|def|1
|-unboost|p1a: Sneasler|spd|1
|-ability|p2b: Archaludon|Stamina|boost
|-boost|p2b: Archaludon|def|1
|move|p2b: Archaludon|Electro Shot||[still]
|-prepare|p2b: Archaludon|Electro Shot
|-boost|p2b: Archaludon|spa|1
|-anim|p2b: Archaludon|Electro Shot|p1a: Sneasler
|-damage|p1a: Sneasler|0 fnt
|faint|p1a: Sneasler
|
|-weather|RainDance|[upkeep]
|upkeep
|
|t:|1757904153
|switch|p1a: Exeggutor|Exeggutor, L50, F|100/100
|turn|4
|
|t:|1757904172
|switch|p2a: Sinistcha|Sinistcha, L50|100/100
|-heal|p2b: Archaludon|28/100|[from] ability: Hospitality|[of] p2a: Sinistcha
|-terastallize|p1a: Exeggutor|Psychic
|move|p2b: Archaludon|Snarl|p1b: Torkoal|[spread] p1a,p1b
|-supereffective|p1a: Exeggutor
|-damage|p1a: Exeggutor|48/100
|-damage|p1b: Torkoal|75/100
|-unboost|p1a: Exeggutor|spa|1
|-unboost|p1b: Torkoal|spa|1
|-enditem|p1b: Torkoal|Eject Pack
|
|t:|1757904181
|switch|p1b: Indeedee|Indeedee, L50, M|100/100
|move|p1a: Exeggutor|Expanding Force|p2b: Archaludon|[spread] p2a,p2b
|-resisted|p2b: Archaludon
|-damage|p2a: Sinistcha|57/100
|-damage|p2b: Archaludon|11/100
|-ability|p2b: Archaludon|Stamina|boost
|-boost|p2b: Archaludon|def|1
|-damage|p1a: Exeggutor|38/100|[from] item: Life Orb
|
|-weather|RainDance|[upkeep]
|upkeep
|turn|5
|
|t:|1757904197
|switch|p1b: Torkoal|Torkoal, L50, F|75/100
|-weather|SunnyDay|[from] ability: Drought|[of] p1b: Torkoal
|switch|p2b: Grimmsnarl|Grimmsnarl, L50, M|100/100
|move|p1a: Exeggutor|Expanding Force|p2a: Sinistcha|[spread] p2a
|-immune|p2b: Grimmsnarl
|-damage|p2a: Sinistcha|9/100
|-enditem|p2a: Sinistcha|Sitrus Berry|[eat]
|-heal|p2a: Sinistcha|34/100|[from] item: Sitrus Berry
|-damage|p1a: Exeggutor|28/100|[from] item: Life Orb
|move|p2a: Sinistcha|Matcha Gotcha|p1a: Exeggutor|[spread] p1b
|-miss|p2a: Sinistcha|p1a: Exeggutor
|-resisted|p1b: Torkoal
|-damage|p1b: Torkoal|60/100
|-heal|p2a: Sinistcha|42/100|[from] drain|[of] p1b: Torkoal
|
|-weather|SunnyDay|[upkeep]
|-fieldend|move: Psychic Terrain
|upkeep
|turn|6
|inactive|clearmomdotcom has 30 seconds left.
|inactive|upchicken has 30 seconds left.
|inactive|upchicken has 20 seconds left.
|inactive|upchicken has 15 seconds left.
|
|t:|1757904239
|switch|p2b: Pelipper|Pelipper, L50, F|100/100
|-weather|RainDance|[from] ability: Drizzle|[of] p2b: Pelipper
|move|p1a: Exeggutor|Sleep Powder|p2b: Pelipper
|-status|p2b: Pelipper|slp|[from] move: Sleep Powder
|move|p2a: Sinistcha|Matcha Gotcha|p1b: Torkoal|[spread] p1b
|-miss|p2a: Sinistcha|p1a: Exeggutor
|-resisted|p1b: Torkoal
|-damage|p1b: Torkoal|44/100
|-heal|p2a: Sinistcha|49/100|[from] drain|[of] p1b: Torkoal
|move|p1b: Torkoal|Eruption|p2b: Pelipper|[spread] p2a,p2b
|-supereffective|p2a: Sinistcha
|-resisted|p2b: Pelipper
|-damage|p2a: Sinistcha|38/100
|-damage|p2b: Pelipper|95/100 slp
|
|-weather|RainDance|[upkeep]
|upkeep
|turn|7
|inactive|clearmomdotcom has 30 seconds left.
|
|t:|1757904273
|switch|p1a: Indeedee|Indeedee, L50, M|100/100
|-fieldstart|move: Psychic Terrain|[from] ability: Psychic Surge|[of] p1a: Indeedee
|cant|p2b: Pelipper|slp
|move|p2a: Sinistcha|Matcha Gotcha|p1b: Torkoal|[spread] p1a,p1b
|-resisted|p1b: Torkoal
|-damage|p1a: Indeedee|67/100
|-heal|p2a: Sinistcha|51/100|[from] drain|[of] p1a: Indeedee
|-damage|p1b: Torkoal|27/100
|-heal|p2a: Sinistcha|59/100|[from] drain|[of] p1b: Torkoal
|-status|p1a: Indeedee|brn
|move|p1b: Torkoal|Overheat|p2a: Sinistcha
|-supereffective|p2a: Sinistcha
|-damage|p2a: Sinistcha|28/100
|-unboost|p1b: Torkoal|spa|2
|
|-weather|RainDance|[upkeep]
|-damage|p1a: Indeedee|61/100 brn|[from] brn
|upkeep
|turn|8
|
|t:|1757904298
|switch|p2b: Grimmsnarl|Grimmsnarl, L50, M|100/100
|switch|p2a: Archaludon|Archaludon, L50, F|11/100
|move|p1b: Torkoal|Helping Hand|p1a: Indeedee
|-singleturn|p1a: Indeedee|Helping Hand|[of] p1b: Torkoal
|move|p1a: Indeedee|Expanding Force|p2a: Archaludon|[spread] p2a
|-immune|p2b: Grimmsnarl
|-resisted|p2a: Archaludon
|-damage|p2a: Archaludon|0 fnt
|faint|p2a: Archaludon
|
|-weather|RainDance|[upkeep]
|-damage|p1a: Indeedee|55/100 brn|[from] brn
|-sideend|p2: upchicken|move: Light Screen
|upkeep
|
|t:|1757904309
|switch|p2a: Sinistcha|Sinistcha, L50|28/100
|turn|9
|
|t:|1757904326
|switch|p1b: Exeggutor|Exeggutor, L50, F, tera:Psychic|28/100
|move|p2b: Grimmsnarl|Light Screen|p2b: Grimmsnarl
|-sidestart|p2: upchicken|move: Light Screen
|move|p1a: Indeedee|Expanding Force|p2a: Sinistcha|[spread] p2a
|-immune|p2b: Grimmsnarl
|-damage|p2a: Sinistcha|0 fnt
|faint|p2a: Sinistcha
|
|-weather|RainDance|[upkeep]
|-damage|p1a: Indeedee|49/100 brn|[from] brn
|-sideend|p2: upchicken|Reflect
|upkeep
|
|t:|1757904334
|switch|p2a: Pelipper|Pelipper, L50, F|95/100 slp
|turn|10
|inactive|clearmomdotcom has 30 seconds left.
|
|t:|1757904367
|cant|p2a: Pelipper|slp
|move|p1a: Indeedee|Tera Blast|p2b: Grimmsnarl
|-damage|p2b: Grimmsnarl|79/100
|move|p1b: Exeggutor|Expanding Force|p2a: Pelipper|[spread] p2a
|-immune|p2b: Grimmsnarl
|-damage|p2a: Pelipper|0 fnt
|faint|p2a: Pelipper
|-damage|p1b: Exeggutor|18/100|[from] item: Life Orb
|move|p2b: Grimmsnarl|Spirit Break|p1b: Exeggutor
|-damage|p1b: Exeggutor|0 fnt
|faint|p1b: Exeggutor
|
|-weather|none
|-damage|p1a: Indeedee|43/100 brn|[from] brn
|upkeep
|
|t:|1757904378
|switch|p1b: Torkoal|Torkoal, L50, F|27/100
|-weather|SunnyDay|[from] ability: Drought|[of] p1b: Torkoal
|turn|11
|
|t:|1757904383
|move|p1a: Indeedee|Tera Blast|p2b: Grimmsnarl
|-damage|p2b: Grimmsnarl|56/100
|move|p2b: Grimmsnarl|Spirit Break|p1b: Torkoal
|-resisted|p1b: Torkoal
|-damage|p1b: Torkoal|17/100
|-unboost|p1b: Torkoal|spa|1
|move|p1b: Torkoal|Overheat|p2b: Grimmsnarl
|-damage|p2b: Grimmsnarl|24/100
|-unboost|p1b: Torkoal|spa|2
|
|-weather|SunnyDay|[upkeep]
|-damage|p1a: Indeedee|38/100 brn|[from] brn
|-fieldend|move: Psychic Terrain
|upkeep
|turn|12
|
|t:|1757904401
|move|p1b: Torkoal|Helping Hand|p1a: Indeedee
|-singleturn|p1a: Indeedee|Helping Hand|[of] p1b: Torkoal
|move|p1a: Indeedee|Tera Blast|p2b: Grimmsnarl
|-damage|p2b: Grimmsnarl|0 fnt
|faint|p2b: Grimmsnarl
|
|win|clearmomdotcom
|raw|clearmomdotcom's rating: 1327 → 1350(+23 for winning)
|raw|upchicken's rating: 1388 → 1365(-23 for losing)
|l|☆clearmomdotcom
|player|p1|
|l|☆upchicken
|player|p2|
