|j|☆klkcnklkconklwa
|j|☆wingblade33
|html|klkcnklkconklwawingblade33    
|uhtml|bestof|Game 3 of a best-of-3
|t:|1784312994
|gametype|doubles
|player|p1|klkcnklkconklwa|170|1156
|player|p2|wingblade33|2|1298
|gen|9
|tier|[Gen 9 Champions] VGC 2026 Reg M-B (Bo3)
|rated|
|rule|Species Clause: Limit one of each Pokémon
|rule|Item Clause: Limit 1 of each item
|clearpoke
|poke|p1|Charizard, L50, M, shiny|
|poke|p1|Kingambit, L50, F, shiny|
|poke|p1|Incineroar, L50, M|
|poke|p1|Sylveon, L50, F|
|poke|p1|Garchomp, L50, F|
|poke|p1|Aerodactyl, L50, F|
|poke|p2|Tyranitar, L50, M|
|poke|p2|Incineroar, L50, F|
|poke|p2|Sinistcha, L50|
|poke|p2|Gholdengo, L50|
|poke|p2|Excadrill, L50, M|
|poke|p2|Staraptor, L50, F|
|teampreview|4
|showteam|p1|Charizard||CharizarditeY|Blaze|WeatherBall,HeatWave,SolarBeam,Protect|Modest||M|||50|]Kingambit||FocusSash|Defiant|IronHead,SuckerPunch,KowtowCleave,LowKick|Adamant||F|||50|]Incineroar||SitrusBerry|Intimidate|DarkestLariat,FakeOut,PartingShot,FlareBlitz|Impish||M|||50|]Sylveon||FairyFeather|Pixilate|HyperVoice,QuickAttack,Yawn,Detect|Modest||F|||50|]Garchomp||LifeOrb|RoughSkin|Protect,DragonClaw,Earthquake,StompingTantrum|Jolly||F|||50|]Aerodactyl||Aerodactylite|Unnerve|RockSlide,DualWingbeat,Tailwind,IceFang|Jolly||F|||50|
|showteam|p2|Tyranitar||Tyranitarite|SandStream|KnockOff,DragonDance,RockSlide,Protect|Adamant||M|||50|]Incineroar||SitrusBerry|Intimidate|FakeOut,PartingShot,DarkestLariat,FlareBlitz|Careful||F|||50|]Sinistcha||KasibBerry|Hospitality|MatchaGotcha,Protect,RagePowder,TrickRoom|Calm|||||50|]Gholdengo||LifeOrb|GoodasGold|MakeItRain,ShadowBall,NastyPlot,Protect|Modest|||||50|]Excadrill||FocusSash|SandRush|HighHorsepower,IronHead,RockSlide,Protect|Adamant||M|||50|]Staraptor||Staraptite|Intimidate|CloseCombat,BraveBird,Roost,Protect|Jolly||F|||50|
|inactive|Battle timer is ON: inactive players will automatically lose when time's up. (requested by wingblade33)
|inactive|wingblade33 has 60 seconds left.
|
|t:|1784313057
|teamsize|p1|4
|teamsize|p2|4
|start
|switch|p1a: Aerodactyl|Aerodactyl, L50, F|100/100
|switch|p1b: Incineroar|Incineroar, L50, M|100/100
|switch|p2a: Tyranitar|Tyranitar, L50, M|100/100
|switch|p2b: Excadrill|Excadrill, L50, M|100/100
|-ability|p1a: Aerodactyl|Unnerve
|-weather|Sandstorm|[from] ability: Sand Stream|[of] p2a: Tyranitar
|-ability|p1b: Incineroar|Intimidate|boost
|-unboost|p2a: Tyranitar|atk|1
|-unboost|p2b: Excadrill|atk|1
|turn|1
|inactive|wingblade33 has 30 seconds left.
|
|t:|1784313087
|switch|p2a: Staraptor|Staraptor, L50, F|100/100
|-ability|p2a: Staraptor|Intimidate|boost
|-unboost|p1a: Aerodactyl|atk|1
|-unboost|p1b: Incineroar|atk|1
|move|p1b: Incineroar|Fake Out|p2b: Excadrill
|-resisted|p2b: Excadrill|1
|-damage|p2b: Excadrill|94/100
|cant|p2b: Excadrill|flinch
|move|p1a: Aerodactyl|Tailwind|p1a: Aerodactyl
|-sidestart|p1: klkcnklkconklwa|move: Tailwind
|
|-weather|Sandstorm|[upkeep]
|-damage|p2a: Staraptor|93/100|[from] Sandstorm
|-damage|p1b: Incineroar|94/100|[from] Sandstorm
|upkeep
|turn|2
|inactive|klkcnklkconklwa has 30 seconds left.
|inactive|wingblade33 has 30 seconds left.
|inactive|wingblade33 has 20 seconds left.
|inactive|klkcnklkconklwa has 20 seconds left.
|inactive|klkcnklkconklwa has 15 seconds left.
|
|t:|1784313133
|switch|p2a: Incineroar|Incineroar, L50, F|100/100
|-ability|p2a: Incineroar|Intimidate|boost
|-unboost|p1a: Aerodactyl|atk|1
|-unboost|p1b: Incineroar|atk|1
|move|p1a: Aerodactyl|Rock Slide|p2a: Incineroar|[spread] p2a,p2b
|-supereffective|p2a: Incineroar|1
|-resisted|p2b: Excadrill|2
|-damage|p2a: Incineroar|79/100
|-damage|p2b: Excadrill|90/100
|cant|p2b: Excadrill|flinch
|move|p1b: Incineroar|Parting Shot|p2b: Excadrill
|-unboost|p2b: Excadrill|atk|1
|-unboost|p2b: Excadrill|spa|1
|
|t:|1784313150
|switch|p1b: Charizard|Charizard, L50, M, shiny|100/100|[from] Parting Shot
|
|-weather|Sandstorm|[upkeep]
|-damage|p1b: Charizard|93/100|[from] Sandstorm
|-damage|p2a: Incineroar|73/100|[from] Sandstorm
|upkeep
|turn|3
|inactive|klkcnklkconklwa has 30 seconds left.
|
|t:|1784313178
|switch|p1a: Incineroar|Incineroar, L50, M|94/100
|-ability|p1a: Incineroar|Intimidate|boost
|-unboost|p2a: Incineroar|atk|1
|-unboost|p2b: Excadrill|atk|1
|move|p2a: Incineroar|Fake Out|p1b: Charizard
|-damage|p1b: Charizard|86/100
|move|p2b: Excadrill|Rock Slide|p1a: Incineroar|[spread] p1a,p1b
|-supereffective|p1a: Incineroar|1
|-supereffective|p1b: Charizard|2
|-damage|p1a: Incineroar|82/100
|-damage|p1b: Charizard|49/100
|cant|p1b: Charizard|flinch
|
|-weather|Sandstorm|[upkeep]
|-damage|p1b: Charizard|43/100|[from] Sandstorm
|-damage|p1a: Incineroar|76/100|[from] Sandstorm
|-damage|p2a: Incineroar|67/100|[from] Sandstorm
|upkeep
|turn|4
|inactive|wingblade33 has 30 seconds left.
|
|t:|1784313204
|detailschange|p1b: Charizard|Charizard-Mega-Y, L50, M, shiny
|-mega|p1b: Charizard|Charizard|Charizardite Y
|-weather|SunnyDay|[from] ability: Drought|[of] p1b: Charizard
|move|p2b: Excadrill|Protect|p2b: Excadrill
|-singleturn|p2b: Excadrill|Protect
|move|p1a: Incineroar|Fake Out|p2a: Incineroar
|-damage|p2a: Incineroar|56/100
|move|p1b: Charizard|Heat Wave|p2a: Incineroar|[spread] p2a
|-activate|p2b: Excadrill|move: Protect
|-resisted|p2a: Incineroar|1
|-damage|p2a: Incineroar|32/100
|-enditem|p2a: Incineroar|Sitrus Berry|[eat]
|-heal|p2a: Incineroar|56/100|[from] item: Sitrus Berry
|cant|p2a: Incineroar|flinch
|
|-weather|SunnyDay|[upkeep]
|-sideend|p1: klkcnklkconklwa|move: Tailwind
|upkeep
|turn|5
|inactive|wingblade33 has 30 seconds left.
|inactive|klkcnklkconklwa has 30 seconds left.
|
|t:|1784313238
|switch|p2b: Tyranitar|Tyranitar, L50, M|100/100
|-weather|Sandstorm|[from] ability: Sand Stream|[of] p2b: Tyranitar
|switch|p1b: Sylveon|Sylveon, L50, F|100/100
|move|p2a: Incineroar|Darkest Lariat|p1b: Sylveon
|-resisted|p1b: Sylveon|1
|-damage|p1b: Sylveon|86/100
|move|p1a: Incineroar|Parting Shot|p2b: Tyranitar
|-unboost|p2b: Tyranitar|atk|1
|-unboost|p2b: Tyranitar|spa|1
|
|t:|1784313249
|switch|p1a: Charizard|Charizard-Mega-Y, L50, M, shiny|43/100|[from] Parting Shot
|-weather|SunnyDay|[from] ability: Drought|[of] p1a: Charizard
|
|-weather|SunnyDay|[upkeep]
|upkeep
|turn|6
|inactive|wingblade33 has 30 seconds left.
|
|t:|1784313275
|detailschange|p2b: Tyranitar|Tyranitar-Mega, L50, M
|-mega|p2b: Tyranitar|Tyranitar|Tyranitarite
|-weather|Sandstorm|[from] ability: Sand Stream|[of] p2b: Tyranitar
|move|p1a: Charizard|Heat Wave|p2b: Tyranitar|[spread] p2a
|-miss|p1a: Charizard|p2b: Tyranitar
|-resisted|p2a: Incineroar|1
|-damage|p2a: Incineroar|43/100
|move|p2b: Tyranitar|Rock Slide|p1b: Sylveon|[spread] p1a,p1b
|-supereffective|p1a: Charizard|2
|-damage|p1a: Charizard|0 fnt
|-damage|p1b: Sylveon|60/100
|faint|p1a: Charizard
|move|p1b: Sylveon|Hyper Voice|p2a: Incineroar|[spread] p2a,p2b
|-supereffective|p2b: Tyranitar|1
|-damage|p2a: Incineroar|7/100
|-damage|p2b: Tyranitar|48/100
|move|p2a: Incineroar|Flare Blitz|p1b: Sylveon
|-damage|p1b: Sylveon|19/100
|-damage|p2a: Incineroar|0 fnt|[from] Recoil
|faint|p2a: Incineroar
|
|-weather|Sandstorm|[upkeep]
|-damage|p1b: Sylveon|12/100|[from] Sandstorm
|upkeep
|
|t:|1784313291
|switch|p1a: Aerodactyl|Aerodactyl, L50, F|100/100
|switch|p2a: Excadrill|Excadrill, L50, M|90/100
|-ability|p1a: Aerodactyl|Unnerve
|turn|7
|inactive|wingblade33 has 30 seconds left.
|
|t:|1784313320
|switch|p1b: Incineroar|Incineroar, L50, M|76/100
|-ability|p1b: Incineroar|Intimidate|boost
|-unboost|p2a: Excadrill|atk|1
|-unboost|p2b: Tyranitar|atk|1
|move|p2a: Excadrill|Rock Slide|p1b: Incineroar|[spread] p1a,p1b
|-supereffective|p1a: Aerodactyl|1
|-supereffective|p1b: Incineroar|1
|-damage|p1a: Aerodactyl|63/100
|-damage|p1b: Incineroar|52/100
|move|p1a: Aerodactyl|Tailwind|p1a: Aerodactyl
|-sidestart|p1: klkcnklkconklwa|move: Tailwind
|move|p2b: Tyranitar|Knock Off|p1a: Aerodactyl
|-damage|p1a: Aerodactyl|37/100
|
|-weather|Sandstorm|[upkeep]
|-damage|p1b: Incineroar|46/100|[from] Sandstorm
|-enditem|p1b: Incineroar|Sitrus Berry|[eat]
|-heal|p1b: Incineroar|71/100|[from] item: Sitrus Berry
|upkeep
|turn|8
|inactive|klkcnklkconklwa has 30 seconds left.
|inactive|klkcnklkconklwa has 20 seconds left.
|
|t:|1784313359
|switch|p2b: Staraptor|Staraptor, L50, F|93/100
|-ability|p2b: Staraptor|Intimidate|boost
|-unboost|p1a: Aerodactyl|atk|1
|-unboost|p1b: Incineroar|atk|1
|move|p2a: Excadrill|Protect|p2a: Excadrill
|-singleturn|p2a: Excadrill|Protect
|move|p1b: Incineroar|Fake Out|p2b: Staraptor
|-damage|p2b: Staraptor|82/100
|move|p1a: Aerodactyl|Ice Fang|p2a: Excadrill
|-activate|p2a: Excadrill|move: Protect
|
|-weather|Sandstorm|[upkeep]
|-damage|p2b: Staraptor|76/100|[from] Sandstorm
|-damage|p1b: Incineroar|65/100|[from] Sandstorm
|upkeep
|turn|9
|inactive|wingblade33 has 30 seconds left.
|inactive|wingblade33 has 20 seconds left.
|inactive|wingblade33 has 15 seconds left.
|inactive|wingblade33 has 10 seconds left.
|
|t:|1784313407
|move|p1a: Aerodactyl|Rock Slide|p2b: Staraptor|[spread] p2a,p2b
|-resisted|p2a: Excadrill|2
|-supereffective|p2b: Staraptor|1
|-damage|p2a: Excadrill|86/100
|-damage|p2b: Staraptor|38/100
|move|p2a: Excadrill|High Horsepower|p1b: Incineroar
|-supereffective|p1b: Incineroar|1
|-damage|p1b: Incineroar|4/100
|move|p2b: Staraptor|Close Combat|p1a: Aerodactyl
|-damage|p1a: Aerodactyl|0 fnt
|-unboost|p2b: Staraptor|def|1
|-unboost|p2b: Staraptor|spd|1
|faint|p1a: Aerodactyl
|move|p1b: Incineroar|Parting Shot|p2b: Staraptor
|-unboost|p2b: Staraptor|atk|1
|-unboost|p2b: Staraptor|spa|1
|
|t:|1784313418
|switch|p1b: Sylveon|Sylveon, L50, F|12/100|[from] Parting Shot
|
|-weather|Sandstorm|[upkeep]
|-damage|p1b: Sylveon|6/100|[from] Sandstorm
|-damage|p2b: Staraptor|32/100|[from] Sandstorm
|upkeep
|
|t:|1784313420
|switch|p1a: Incineroar|Incineroar, L50, M|4/100
|-ability|p1a: Incineroar|Intimidate|boost
|-unboost|p2a: Excadrill|atk|1
|-unboost|p2b: Staraptor|atk|1
|turn|10
|
|t:|1784313440
|move|p1a: Incineroar|Fake Out|p2a: Excadrill
|-resisted|p2a: Excadrill|1
|-damage|p2a: Excadrill|78/100
|cant|p2a: Excadrill|flinch
|move|p1b: Sylveon|Hyper Voice|p2b: Staraptor|[spread] p2a,p2b
|-resisted|p2a: Excadrill|1
|-damage|p2a: Excadrill|44/100
|-damage|p2b: Staraptor|0 fnt
|faint|p2b: Staraptor
|
|-weather|none
|-sideend|p1: klkcnklkconklwa|move: Tailwind
|upkeep
|
|t:|1784313450
|switch|p2b: Tyranitar|Tyranitar-Mega, L50, M|48/100
|-weather|Sandstorm|[from] ability: Sand Stream|[of] p2b: Tyranitar
|turn|11
|
|t:|1784313461
|move|p2a: Excadrill|Protect|p2a: Excadrill
|-singleturn|p2a: Excadrill|Protect
|move|p2b: Tyranitar|Protect|p2b: Tyranitar
|-singleturn|p2b: Tyranitar|Protect
|move|p1b: Sylveon|Hyper Voice|p2b: Tyranitar|[spread] 
|-activate|p2a: Excadrill|move: Protect
|-activate|p2b: Tyranitar|move: Protect
|move|p1a: Incineroar|Flare Blitz|p2a: Excadrill
|-activate|p2a: Excadrill|move: Protect
|
|-weather|Sandstorm|[upkeep]
|-damage|p1b: Sylveon|1/100|[from] Sandstorm
|-damage|p1a: Incineroar|0 fnt|[from] Sandstorm
|faint|p1a: Incineroar
|upkeep
|turn|12
|-message|klkcnklkconklwa forfeited.
|
|win|wingblade33
|raw|klkcnklkconklwa's rating: 1156 → 1141(-15 for losing)
|raw|wingblade33's rating: 1298 → 1313(+15 for winning)
