|j|☆promariokartist
|j|☆habeebomarali123
|html|promariokartisthabeebomarali123    
|uhtml|bestof|Game 2 of a best-of-3
|t:|1757722830
|gametype|doubles
|player|p1|promariokartist|hilda|1153
|player|p2|habeebomarali123|giovanni|1247
|gen|9
|tier|[Gen 9] VGC 2025 Reg H (Bo3)
|rated|
|rule|Species Clause: Limit one of each Pokémon
|rule|Item Clause: Limit 1 of each item
|clearpoke
|poke|p1|Pelipper, L50, M|
|poke|p1|Archaludon, L50, M|
|poke|p1|Electabuzz, L50, F|
|poke|p1|Rillaboom, L50, M|
|poke|p1|Palafin, L50, M|
|poke|p1|Greninja-*, L50, F|
|poke|p2|Rillaboom, L50, M|
|poke|p2|Volcarona, L50, M|
|poke|p2|Dragonite, L50, M|
|poke|p2|Gastrodon, L50, M|
|poke|p2|Sneasler, L50, M|
|poke|p2|Incineroar, L50, M|
|teampreview|4
|showteam|p1|Pelipper||CovertCloak|Drizzle|WeatherBall,Hurricane,Tailwind,Protect|||M|||50|,,,,,Dragon]Archaludon||AssaultVest|Stamina|DragonPulse,ElectroShot,BodyPress,FlashCannon|||M|||50|,,,,,Bug]Electabuzz||Eviolite|VitalSpirit|Electroweb,FollowMe,Protect,Taunt|||F|||50|,,,,,Grass]Rillaboom||MiracleSeed|GrassySurge|FakeOut,WoodHammer,KnockOff,Protect|||M|||50|,,,,,Poison]Palafin||ChoiceBand|ZerotoHero|CloseCombat,WaveCrash,JetPunch,FlipTurn|||M|||50|,,,,,Water]Greninja||FocusSash|Protean|DarkPulse,WaterShuriken,WeatherBall,Protect|||F|||50|,,,,,Ghost
|showteam|p2|Rillaboom||AssaultVest|GrassySurge|FakeOut,GrassyGlide,HighHorsepower,WoodHammer|||M|||50|,,,,,Fire]Volcarona||GrassySeed|FlameBody|Protect,QuiverDance,TeraBlast,HeatWave|||M|||50|,,,,,Fairy]Dragonite||LoadedDice|Multiscale|Tailwind,Protect,Haze,ScaleShot|||M|||50|,,,,,Fairy]Gastrodon||Leftovers|StormDrain|Recover,Yawn,IceBeam,EarthPower|||M|||50|,,,,,Grass]Sneasler||FocusSash|Unburden|Protect,DireClaw,CloseCombat,ThroatChop|||M|||50|,,,,,Ghost]Incineroar||SafetyGoggles|Intimidate|KnockOff,FlareBlitz,PartingShot,FakeOut|||M|||50|,,,,,Ghost
|inactive|Battle timer is ON: inactive players will automatically lose when time's up. (requested by promariokartist)
|
|t:|1757722847
|teamsize|p1|4
|teamsize|p2|4
|start
|switch|p1a: Palafin|Palafin, L50, M|100/100
|switch|p1b: Pelipper|Pelipper, L50, M|100/100
|switch|p2a: Dragonite|Dragonite, L50, M|100/100
|switch|p2b: Rillaboom|Rillaboom, L50, M|100/100
|-weather|RainDance|[from] ability: Drizzle|[of] p1b: Pelipper
|-fieldstart|move: Grassy Terrain|[from] ability: Grassy Surge|[of] p2b: Rillaboom
|turn|1
|inactive|promariokartist has 30 seconds left.
|
|t:|1757722876
|move|p2b: Rillaboom|Grassy Glide|p1a: Palafin
|-supereffective|p1a: Palafin
|-damage|p1a: Palafin|0 fnt
|faint|p1a: Palafin
|move|p2a: Dragonite|Tailwind|p2a: Dragonite
|-sidestart|p2: habeebomarali123|move: Tailwind
|move|p1b: Pelipper|Hurricane|p2b: Rillaboom
|-supereffective|p2b: Rillaboom
|-damage|p2b: Rillaboom|48/100
|
|-weather|RainDance|[upkeep]
|-heal|p2b: Rillaboom|54/100|[from] Grassy Terrain
|upkeep
|
|t:|1757722889
|switch|p1a: Archaludon|Archaludon, L50, M|100/100
|turn|2
|
|t:|1757722903
|move|p2a: Dragonite|Scale Shot|p1b: Pelipper
|-damage|p1b: Pelipper|86/100
|-damage|p1b: Pelipper|69/100
|-damage|p1b: Pelipper|55/100
|-damage|p1b: Pelipper|41/100
|-hitcount|p1b: Pelipper|4
|-unboost|p2a: Dragonite|def|1
|-boost|p2a: Dragonite|spe|1
|move|p2b: Rillaboom|Wood Hammer|p1b: Pelipper
|-damage|p1b: Pelipper|0 fnt
|faint|p1b: Pelipper
|-damage|p2b: Rillaboom|43/100|[from] Recoil
|move|p1a: Archaludon|Electro Shot||[still]
|-prepare|p1a: Archaludon|Electro Shot
|-boost|p1a: Archaludon|spa|1
|-anim|p1a: Archaludon|Electro Shot|p2a: Dragonite
|-damage|p2a: Dragonite|61/100
|
|-weather|RainDance|[upkeep]
|-heal|p2b: Rillaboom|49/100|[from] Grassy Terrain
|upkeep
|j| timmytheglueeater
|
|t:|1757722921
|switch|p1b: Rillaboom|Rillaboom, L50, M|100/100
|turn|3
|inactive|promariokartist has 30 seconds left.
|
|t:|1757722952
|move|p2a: Dragonite|Protect|p2a: Dragonite
|-singleturn|p2a: Dragonite|Protect
|move|p1b: Rillaboom|Fake Out|p2a: Dragonite
|-activate|p2a: Dragonite|move: Protect
|move|p2b: Rillaboom|High Horsepower|p1a: Archaludon|[miss]
|-miss|p2b: Rillaboom|p1a: Archaludon
|move|p1a: Archaludon|Dragon Pulse|p2b: Rillaboom
|-damage|p2b: Rillaboom|0 fnt
|faint|p2b: Rillaboom
|
|-weather|RainDance|[upkeep]
|upkeep
|
|t:|1757722971
|switch|p2b: Gastrodon|Gastrodon, L50, M|100/100
|turn|4
|inactive|habeebomarali123 has 30 seconds left.
|
|t:|1757723002
|-terastallize|p2b: Gastrodon|Grass
|move|p2a: Dragonite|Scale Shot|p1b: Rillaboom
|-damage|p1b: Rillaboom|87/100
|-damage|p1b: Rillaboom|73/100
|-damage|p1b: Rillaboom|60/100
|-damage|p1b: Rillaboom|46/100
|-damage|p1b: Rillaboom|32/100
|-hitcount|p1b: Rillaboom|5
|-unboost|p2a: Dragonite|def|1
|-boost|p2a: Dragonite|spe|1
|move|p1b: Rillaboom|Wood Hammer|p2b: Gastrodon
|-resisted|p2b: Gastrodon
|-damage|p2b: Gastrodon|62/100
|-damage|p1b: Rillaboom|19/100|[from] Recoil
|move|p2b: Gastrodon|Yawn|p1a: Archaludon
|-start|p1a: Archaludon|move: Yawn|[of] p2b: Gastrodon
|move|p1a: Archaludon|Electro Shot||[still]
|-prepare|p1a: Archaludon|Electro Shot
|-boost|p1a: Archaludon|spa|1
|-anim|p1a: Archaludon|Electro Shot|p2a: Dragonite
|-damage|p2a: Dragonite|0 fnt
|faint|p2a: Dragonite
|
|-weather|RainDance|[upkeep]
|-heal|p1b: Rillaboom|25/100|[from] Grassy Terrain
|-heal|p2b: Gastrodon|68/100|[from] Grassy Terrain
|-heal|p2b: Gastrodon|74/100|[from] item: Leftovers
|-sideend|p2: habeebomarali123|move: Tailwind
|upkeep
|inactive|habeebomarali123 has 30 seconds left.
|
|t:|1757723041
|switch|p2a: Sneasler|Sneasler, L50, M|100/100
|turn|5
|inactive|promariokartist has 30 seconds left.
|inactive|promariokartist has 20 seconds left.
|
|t:|1757723078
|-terastallize|p1a: Archaludon|Bug
|move|p2a: Sneasler|Protect|p2a: Sneasler
|-singleturn|p2a: Sneasler|Protect
|move|p1b: Rillaboom|Protect|p1b: Rillaboom
|-singleturn|p1b: Rillaboom|Protect
|move|p1a: Archaludon|Dragon Pulse|p2b: Gastrodon
|-damage|p2b: Gastrodon|0 fnt
|faint|p2b: Gastrodon
|
|-weather|none
|-heal|p1b: Rillaboom|31/100|[from] Grassy Terrain
|-end|p1a: Archaludon|move: Yawn|[silent]
|-status|p1a: Archaludon|slp
|-fieldend|move: Grassy Terrain
|upkeep
|turn|6
|l| timmytheglueeater
|inactive|promariokartist has 30 seconds left.
|inactive|habeebomarali123 has 30 seconds left.
|inactive|habeebomarali123 has 20 seconds left.
|inactive|habeebomarali123 has 15 seconds left.
|inactive|habeebomarali123 has 10 seconds left.
|inactive|habeebomarali123 has 5 seconds left.
|
|t:|1757723133
|move|p2a: Sneasler|Protect|p2a: Sneasler
|-singleturn|p2a: Sneasler|Protect
|move|p1b: Rillaboom|Protect||[still]
|-fail|p1b: Rillaboom
|cant|p1a: Archaludon|slp
|
|upkeep
|turn|7
|inactive|habeebomarali123 has 30 seconds left.
|inactive|habeebomarali123 has 20 seconds left.
|inactive|habeebomarali123 has 15 seconds left.
|inactive|habeebomarali123 has 10 seconds left.
|inactive|habeebomarali123 has 5 seconds left.
|
|t:|1757723188
|move|p2a: Sneasler|Protect|p2a: Sneasler
|-singleturn|p2a: Sneasler|Protect
|move|p1b: Rillaboom|Protect|p1b: Rillaboom
|-singleturn|p1b: Rillaboom|Protect
|cant|p1a: Archaludon|slp
|
|upkeep
|turn|8
|inactive|habeebomarali123 has 30 seconds left.
|inactive|habeebomarali123 has 20 seconds left.
|inactive|habeebomarali123 has 15 seconds left.
|inactive|habeebomarali123 has 10 seconds left.
|inactive|habeebomarali123 has 5 seconds left.
|
|t:|1757723243
|move|p2a: Sneasler|Protect||[still]
|-fail|p2a: Sneasler
|move|p1b: Rillaboom|Protect||[still]
|-fail|p1b: Rillaboom
|cant|p1a: Archaludon|slp
|
|upkeep
|turn|9
|inactive|habeebomarali123 has 30 seconds left.
|inactive|habeebomarali123 has 20 seconds left.
|inactive|habeebomarali123 has 15 seconds left.
|inactive|habeebomarali123 has 10 seconds left.
|inactive|habeebomarali123 has 5 seconds left.
|
|t:|1757723298
|move|p2a: Sneasler|Protect|p2a: Sneasler
|-singleturn|p2a: Sneasler|Protect
|move|p1b: Rillaboom|Protect|p1b: Rillaboom
|-singleturn|p1b: Rillaboom|Protect
|-curestatus|p1a: Archaludon|slp|[msg]
|move|p1a: Archaludon|Dragon Pulse|p2a: Sneasler
|-activate|p2a: Sneasler|move: Protect
|
|upkeep
|turn|10
|
|t:|1757723316
|move|p2a: Sneasler|Dire Claw|p1a: Archaludon
|-damage|p1a: Archaludon|66/100
|-ability|p1a: Archaludon|Stamina|boost
|-boost|p1a: Archaludon|def|1
|move|p1b: Rillaboom|Knock Off|p2a: Sneasler
|-resisted|p2a: Sneasler
|-damage|p2a: Sneasler|76/100
|-enditem|p2a: Sneasler|Focus Sash|[from] move: Knock Off|[of] p1b: Rillaboom
|move|p1a: Archaludon|Dragon Pulse|p2a: Sneasler
|-damage|p2a: Sneasler|0 fnt
|faint|p2a: Sneasler
|
|win|promariokartist
||habeebomarali123 is ready for game 3.
|inactive|promariokartist has 30 seconds to confirm battle start!
||promariokartist is ready for game 3.
|uhtml|next|Next: Game 3 of 3
|l|☆habeebomarali123
|player|p2|
|l|☆promariokartist
|player|p1|
