|j|☆fwefwefsdfs
|j|☆fratencio
|html|fwefwefsdfsfratencio    
|uhtml|bestof|Game 1 of a best-of-3
|t:|1786121518
|gametype|doubles
|player|p1|fwefwefsdfs|265|1000
|player|p2|fratencio|2|1082
|gen|9
|tier|[Gen 9 Champions] VGC 2026 Reg M-B (Bo3)
|rated|
|rule|Species Clause: Limit one of each Pokémon
|rule|Item Clause: Limit 1 of each item
|clearpoke
|poke|p1|Sylveon, L50, M|
|poke|p1|Farigiraf, L50, F|
|poke|p1|Kingambit, L50, M|
|poke|p1|Torkoal, L50, F|
|poke|p1|Sinistcha, L50|
|poke|p1|Raichu, L50, M|
|poke|p2|Roserade, L50, F|
|poke|p2|Slowbro, L50, F|
|poke|p2|Raichu, L50, F|
|poke|p2|Mawile, L50, F|
|poke|p2|Aerodactyl, L50, F|
|poke|p2|Infernape, L50, F|
|teampreview|4
|showteam|p1|Sylveon||FairyFeather|Pixilate|HyperVoice,HyperBeam,Protect,ShadowBall|Quiet||M|||50|]Farigiraf||Leftovers|ArmorTail|TrickRoom,Protect,HelpingHand,TwinBeam|Sassy||F|||50|]Kingambit||BlackGlasses|Defiant|KowtowCleave,IronHead,SuckerPunch,Protect|Brave||M|||50|]Torkoal||Charcoal|Drought|Eruption,Overheat,SolarBeam,Protect|Quiet||F|||50|]Sinistcha||SitrusBerry|Hospitality|MatchaGotcha,TrickRoom,Protect,RagePowder|Bold|||||50|]Raichu||RaichuniteY|Static|FakeOut,Protect,ZapCannon,FocusBlast|Hasty||M|||50|
|showteam|p2|Roserade||CobaBerry|NaturalCure|Protect,SludgeBomb,GigaDrain,SleepPowder|Timid||F|||50|]Slowbro||Leftovers|Regenerator|MuddyWater,PsychicNoise,ThunderWave,TrickRoom|Calm||F|||50|]Raichu||RaichuniteX|LightningRod|EerieImpulse,FakeOut,VoltSwitch,Charm|Jolly||F|||50|]Mawile||Mawilite|Intimidate|Protect,SwordsDance,IronHead,PlayRough|Jolly||F|||50|]Aerodactyl||ChoiceScarf|Unnerve|Fly,RockSlide,WideGuard,Sandstorm|Jolly||F|||50|]Infernape||FocusSash|Blaze|CloseCombat,FakeOut,ThunderPunch,Flamethrower|Naive||F|||50|
|inactive|Battle timer is ON: inactive players will automatically lose when time's up. (requested by fwefwefsdfs)
|
|t:|1786121547
|teamsize|p1|4
|teamsize|p2|4
|start
|switch|p1a: Farigiraf|Farigiraf, L50, F|100/100
|switch|p1b: Torkoal|Torkoal, L50, F|100/100
|switch|p2a: Infernape|Infernape, L50, F|100/100
|switch|p2b: Roserade|Roserade, L50, F|100/100
|-weather|SunnyDay|[from] ability: Drought|[of] p1b: Torkoal
|turn|1
|inactive|fwefwefsdfs has 30 seconds left.
|
|t:|1786121574
|move|p1a: Farigiraf|Protect|p1a: Farigiraf
|-singleturn|p1a: Farigiraf|Protect
|move|p1b: Torkoal|Protect|p1b: Torkoal
|-singleturn|p1b: Torkoal|Protect
|move|p2a: Infernape|Flamethrower|p1a: Farigiraf
|-activate|p1a: Farigiraf|move: Protect
|move|p2b: Roserade|Sleep Powder|p1b: Torkoal
|-activate|p1b: Torkoal|move: Protect
|
|-weather|SunnyDay|[upkeep]
|upkeep
|turn|2
|
|t:|1786121595
|switch|p1b: Sinistcha|Sinistcha, L50|100/100
|move|p2a: Infernape|Flamethrower|p1a: Farigiraf
|-damage|p1a: Farigiraf|43/100
|move|p2b: Roserade|Sleep Powder|p1b: Sinistcha
|-immune|p1b: Sinistcha
|move|p1a: Farigiraf|Trick Room|p1a: Farigiraf
|-fieldstart|move: Trick Room|[of] p1a: Farigiraf
|
|-weather|SunnyDay|[upkeep]
|-heal|p1a: Farigiraf|49/100|[from] item: Leftovers
|upkeep
|turn|3
|inactive|fratencio has 30 seconds left.
|inactive|fratencio has 20 seconds left.
|inactive|fratencio has 15 seconds left.
|
|t:|1786121635
|switch|p1b: Torkoal|Torkoal, L50, F|100/100
|move|p1a: Farigiraf|Protect|p1a: Farigiraf
|-singleturn|p1a: Farigiraf|Protect
|move|p2b: Roserade|Sleep Powder|p1a: Farigiraf
|-activate|p1a: Farigiraf|move: Protect
|move|p2a: Infernape|Flamethrower|p1b: Torkoal
|-resisted|p1b: Torkoal|1
|-damage|p1b: Torkoal|59/100
|
|-weather|SunnyDay|[upkeep]
|-heal|p1a: Farigiraf|55/100|[from] item: Leftovers
|upkeep
|turn|4
|
|t:|1786121651
|move|p1a: Farigiraf|Helping Hand|p1b: Torkoal
|-singleturn|p1b: Torkoal|Helping Hand|[of] p1a: Farigiraf
|move|p2b: Roserade|Protect|p2b: Roserade
|-singleturn|p2b: Roserade|Protect
|move|p1b: Torkoal|Eruption|p2a: Infernape|[spread] p2a
|-activate|p2b: Roserade|move: Protect
|-resisted|p2a: Infernape|1
|-damage|p2a: Infernape|35/100
|move|p2a: Infernape|Flamethrower|p1b: Torkoal
|-resisted|p1b: Torkoal|1
|-damage|p1b: Torkoal|18/100
|
|-weather|SunnyDay|[upkeep]
|-heal|p1a: Farigiraf|61/100|[from] item: Leftovers
|upkeep
|turn|5
|inactive|fratencio has 30 seconds left.
|inactive|fratencio has 20 seconds left.
|inactive|fratencio has 15 seconds left.
|
|t:|1786121691
|switch|p1a: Sinistcha|Sinistcha, L50|100/100
|-heal|p1b: Torkoal|43/100|[from] ability: Hospitality|[of] p1a: Sinistcha
|switch|p2b: Slowbro|Slowbro, L50, F|100/100
|move|p1b: Torkoal|Eruption|p2b: Slowbro|[spread] p2a,p2b
|-resisted|p2a: Infernape|1
|-resisted|p2b: Slowbro|1
|-damage|p2a: Infernape|0 fnt
|-damage|p2b: Slowbro|82/100
|faint|p2a: Infernape
|
|-weather|none
|-heal|p2b: Slowbro|88/100|[from] item: Leftovers
|upkeep
|
|t:|1786121703
|switch|p2a: Roserade|Roserade, L50, F|100/100
|turn|6
|
|t:|1786121720
|move|p1a: Sinistcha|Rage Powder|p1a: Sinistcha
|-singleturn|p1a: Sinistcha|move: Rage Powder
|move|p1b: Torkoal|Overheat|p2a: Roserade
|-supereffective|p2a: Roserade|1
|-damage|p2a: Roserade|0 fnt
|-unboost|p1b: Torkoal|spa|2
|faint|p2a: Roserade
|move|p2b: Slowbro|Muddy Water|p1b: Torkoal|[spread] p1a,p1b
|-resisted|p1a: Sinistcha|1
|-supereffective|p1b: Torkoal|1
|-damage|p1a: Sinistcha|86/100
|-damage|p1b: Torkoal|0 fnt
|faint|p1b: Torkoal
|
|-heal|p2b: Slowbro|94/100|[from] item: Leftovers
|-fieldend|move: Trick Room
|upkeep
|
|t:|1786121735
|switch|p2a: Raichu|Raichu, L50, F|100/100
|switch|p1b: Raichu|Raichu, L50, M|100/100
|turn|7
|
|t:|1786121748
|detailschange|p1b: Raichu|Raichu-Mega-Y, L50, M
|-mega|p1b: Raichu|Raichu|Raichunite Y
|detailschange|p2a: Raichu|Raichu-Mega-X, L50, F
|-mega|p2a: Raichu|Raichu|Raichunite X
|-fieldstart|move: Electric Terrain|[from] ability: Electric Surge|[of] p2a: Raichu
|move|p1a: Sinistcha|Rage Powder|p1a: Sinistcha
|-singleturn|p1a: Sinistcha|move: Rage Powder
|move|p1b: Raichu|Zap Cannon|p2b: Slowbro
|-supereffective|p2b: Slowbro|1
|-damage|p2b: Slowbro|0 fnt
|faint|p2b: Slowbro
|move|p2a: Raichu|Eerie Impulse|p1a: Sinistcha
|-unboost|p1a: Sinistcha|spa|2
|
|upkeep
|turn|8
|
|t:|1786121771
|move|p1a: Sinistcha|Rage Powder|p1a: Sinistcha
|-singleturn|p1a: Sinistcha|move: Rage Powder
|move|p1b: Raichu|Focus Blast|p2a: Raichu
|-damage|p2a: Raichu|43/100
|move|p2a: Raichu|Eerie Impulse|p1a: Sinistcha
|-unboost|p1a: Sinistcha|spa|2
|
|upkeep
|turn|9
|
|t:|1786121786
|move|p1a: Sinistcha|Rage Powder|p1a: Sinistcha
|-singleturn|p1a: Sinistcha|move: Rage Powder
|move|p1b: Raichu|Focus Blast|p2a: Raichu
|-damage|p2a: Raichu|0 fnt
|faint|p2a: Raichu
|
|win|fwefwefsdfs
||fwefwefsdfs is ready for game 2.
|inactive|fratencio has 30 seconds to confirm battle start!
|l|☆fwefwefsdfs
|player|p1|
||fratencio is ready for game 2.
|uhtml|next|Next: Game 2 of 3
