|j|☆boredatwork785
|j|☆WASHINGTONGARGACHA
|html|boredatwork785WASHINGTONGARGACHA    
|uhtml|bestof|Game 3 of a best-of-3
|t:|1756465449
|gametype|doubles
|player|p1|boredatwork785|102|1112
|player|p2|WASHINGTONGARGACHA|265|1108
|gen|9
|tier|[Gen 9] VGC 2025 Reg H (Bo3)
|rated|
|rule|Species Clause: Limit one of each Pokémon
|rule|Item Clause: Limit 1 of each item
|clearpoke
|poke|p1|Electrode-Hisui, L50|
|poke|p1|Archaludon, L50, F|
|poke|p1|Baxcalibur, L50, M|
|poke|p1|Primarina, L50, M|
|poke|p1|Incineroar, L50, F|
|poke|p1|Annihilape, L50, F|
|poke|p2|Gholdengo, L50|
|poke|p2|Ursaluna, L50, M|
|poke|p2|Archaludon, L50, F|
|poke|p2|Murkrow, L50, F|
|poke|p2|Farigiraf, L50, F|
|poke|p2|Palafin, L50, F|
|teampreview|4
|showteam|p1|Electrode-Hisui||FocusSash|Aftermath|Electroweb,ElectricTerrain,Chloroblast,Thunderbolt||||||50|,,,,,Ghost]Archaludon||PowerHerb|Sturdy|Thunderbolt,ElectroShot,DragonPulse,Protect|||F|||50|,,,,,Electric]Baxcalibur||LoadedDice|ThermalExchange|ScaleShot,IcicleSpear,IceShard,Protect|||M|||50|,,,,,Dragon]Primarina||AssaultVest|LiquidVoice|HyperVoice,Moonblast,ChillingWater,IcyWind|||M|||50|,,,,,Poison]Incineroar||SafetyGoggles|Intimidate|FakeOut,KnockOff,FlareBlitz,PartingShot|||F|||50|,,,,,Ghost]Annihilape||ChoiceScarf|Defiant|CloseCombat,RageFist,FinalGambit,Uturn|||F|||50|,,,,,Fire
|showteam|p2|Gholdengo||SitrusBerry|GoodasGold|ShadowBall,MakeItRain,NastyPlot,Protect||||||50|,,,,,Water]Ursaluna||FlameOrb|Guts|Facade,Earthquake,Protect,HeadlongRush|||M|||50|,,,,,Ghost]Archaludon||PowerHerb|Stamina|ElectroShot,FlashCannon,DracoMeteor,Protect|||F|||50|,,,,,Grass]Murkrow||Eviolite|Prankster|Tailwind,RainDance,FoulPlay,Haze|||F|||50|,,,,,Dark]Farigiraf||ThroatSpray|ArmorTail|HyperVoice,TrickRoom,Psychic,Protect|||F|||50|,,,,,Fairy]Palafin||MysticWater|ZerotoHero|FlipTurn,Protect,JetPunch,WaveCrash|||F|||50|,,,,,Water
|inactive|Battle timer is ON: inactive players will automatically lose when time's up. (requested by boredatwork785)
|inactive|boredatwork785 has 60 seconds left.
|inactive|boredatwork785 has 30 seconds left.
|inactive|boredatwork785 has 20 seconds left.
|inactive|boredatwork785 has 15 seconds left.
|inactive|boredatwork785 has 10 seconds left.
|inactive|boredatwork785 has 5 seconds left.
|
|t:|1756465539
|teamsize|p1|4
|teamsize|p2|4
|start
|switch|p1a: Electrode|Electrode-Hisui, L50|100/100
|switch|p1b: Archaludon|Archaludon, L50, F|100/100
|switch|p2a: Farigiraf|Farigiraf, L50, F|100/100
|switch|p2b: Palafin|Palafin, L50, F|100/100
|turn|1
|inactive|WASHINGTONGARGACHA has 30 seconds left.
|inactive|WASHINGTONGARGACHA has 20 seconds left.
|inactive|WASHINGTONGARGACHA has 15 seconds left.
|
|t:|1756465584
|detailschange|p2b: Palafin|Palafin-Hero, L50, F
|switch|p2b: Ursaluna|Ursaluna, L50, M|100/100
|-terastallize|p1b: Archaludon|Electric
|move|p1a: Electrode|Chloroblast|p2b: Ursaluna
|-supereffective|p2b: Ursaluna
|-damage|p2b: Ursaluna|0 fnt
|faint|p2b: Ursaluna
|-damage|p1a: Electrode|50/100|[from] Recoil
|move|p1b: Archaludon|Electro Shot||[still]
|-prepare|p1b: Archaludon|Electro Shot
|-boost|p1b: Archaludon|spa|1
|-enditem|p1b: Archaludon|Power Herb
|-anim|p1b: Archaludon|Electro Shot|p2a: Farigiraf
|-damage|p2a: Farigiraf|27/100
|move|p2a: Farigiraf|Trick Room|p2a: Farigiraf
|-fieldstart|move: Trick Room|[of] p2a: Farigiraf
|
|upkeep
|
|t:|1756465599
|switch|p2b: Archaludon|Archaludon, L50, F|100/100
|turn|2
|inactive|WASHINGTONGARGACHA has 30 seconds left.
|inactive|WASHINGTONGARGACHA has 20 seconds left.
|inactive|WASHINGTONGARGACHA has 15 seconds left.
|
|t:|1756465640
|-terastallize|p2b: Archaludon|Grass
|move|p2a: Farigiraf|Psychic|p1b: Archaludon
|-damage|p1b: Archaludon|43/100
|move|p1b: Archaludon|Dragon Pulse|p2b: Archaludon
|-damage|p2b: Archaludon|5/100
|-ability|p2b: Archaludon|Stamina|boost
|-boost|p2b: Archaludon|def|1
|move|p2b: Archaludon|Electro Shot||[still]
|-prepare|p2b: Archaludon|Electro Shot
|-boost|p2b: Archaludon|spa|1
|-enditem|p2b: Archaludon|Power Herb
|-anim|p2b: Archaludon|Electro Shot|p1b: Archaludon
|-resisted|p1b: Archaludon
|-damage|p1b: Archaludon|0 fnt
|faint|p1b: Archaludon
|move|p1a: Electrode|Electric Terrain|p1a: Electrode
|-fieldstart|move: Electric Terrain
|
|upkeep
|
|t:|1756465651
|switch|p1b: Incineroar|Incineroar, L50, F|100/100
|-ability|p1b: Incineroar|Intimidate|boost
|-unboost|p2a: Farigiraf|atk|1
|-unboost|p2b: Archaludon|atk|1
|turn|3
|inactive|boredatwork785 has 30 seconds left.
|inactive|WASHINGTONGARGACHA has 30 seconds left.
|inactive|WASHINGTONGARGACHA has 20 seconds left.
|
|t:|1756465689
|move|p2b: Archaludon|Protect|p2b: Archaludon
|-singleturn|p2b: Archaludon|Protect
|move|p2a: Farigiraf|Psychic|p1a: Electrode
|-damage|p1a: Electrode|0 fnt
|faint|p1a: Electrode
|move|p1b: Incineroar|Knock Off|p2b: Archaludon
|-activate|p2b: Archaludon|move: Protect
|
|upkeep
|
|t:|1756465704
|switch|p1a: Annihilape|Annihilape, L50, F|100/100
|turn|4
|
|t:|1756465721
|move|p2a: Farigiraf|Psychic|p1a: Annihilape
|-supereffective|p1a: Annihilape
|-damage|p1a: Annihilape|27/100
|move|p1b: Incineroar|Knock Off|p2b: Archaludon
|-damage|p2b: Archaludon|0 fnt
|faint|p2b: Archaludon
|move|p1a: Annihilape|Close Combat|p2a: Farigiraf
|-damage|p2a: Farigiraf|0 fnt
|-unboost|p1a: Annihilape|def|1
|-unboost|p1a: Annihilape|spd|1
|faint|p2a: Farigiraf
|
|upkeep
|
|t:|1756465733
|switch|p2b: Palafin|Palafin-Hero, L50, F|100/100
|-activate|p2b: Palafin|ability: Zero to Hero
|turn|5
|
|t:|1756465755
|move|p2b: Palafin|Protect|p2b: Palafin
|-singleturn|p2b: Palafin|Protect
|move|p1b: Incineroar|Knock Off|p2b: Palafin
|-activate|p2b: Palafin|move: Protect
|move|p1a: Annihilape|Close Combat|p2b: Palafin
|-activate|p2b: Palafin|move: Protect
|
|-fieldend|move: Trick Room
|upkeep
|turn|6
|inactive|boredatwork785 has 30 seconds left.
|inactive|boredatwork785 has 20 seconds left.
|inactive|boredatwork785 has 15 seconds left.
|inactive|boredatwork785 has 10 seconds left.
|
|t:|1756465800
|move|p2b: Palafin|Jet Punch|p1a: Annihilape
|-damage|p1a: Annihilape|0 fnt
|faint|p1a: Annihilape
|move|p1b: Incineroar|Knock Off|p2b: Palafin
|-damage|p2b: Palafin|59/100
|-enditem|p2b: Palafin|Mystic Water|[from] move: Knock Off|[of] p1b: Incineroar
|
|-fieldend|move: Electric Terrain
|upkeep
|turn|7
|
|t:|1756465809
|move|p2b: Palafin|Wave Crash|p1b: Incineroar
|-supereffective|p1b: Incineroar
|-damage|p1b: Incineroar|0 fnt
|faint|p1b: Incineroar
|-damage|p2b: Palafin|21/100|[from] Recoil
|
|win|WASHINGTONGARGACHA
|raw|boredatwork785's rating: 1112 → 1087(-25 for losing)
|raw|WASHINGTONGARGACHA's rating: 1108 → 1133(+25 for winning)
