|j|☆Gus_0Z
|j|☆GustaEiras
|html|Gus_0ZGustaEiras    
|uhtml|bestof|Game 2 of a best-of-3
|t:|1786066163
|gametype|doubles
|player|p1|Gus_0Z|volo|
|player|p2|GustaEiras|pokemonranger-gen4|
|gen|9
|tier|[Gen 9 Champions] VGC 2026 Reg M-B (Bo3)
|rule|Species Clause: Limit one of each Pokémon
|rule|Item Clause: Limit 1 of each item
|clearpoke
|poke|p1|Goodra-Hisui, L50, F|
|poke|p1|Sableye, L50, F|
|poke|p1|Meganium, L50, F|
|poke|p1|Vivillon, L50, F|
|poke|p1|Aurorus, L50, M|
|poke|p1|Quaquaval, L50, F|
|poke|p2|Dragonite, L50, M|
|poke|p2|Toxicroak, L50, F|
|poke|p2|Vivillon, L50, M|
|poke|p2|Blastoise, L50, M|
|poke|p2|Heliolisk, L50, M|
|poke|p2|Sableye, L50, M|
|teampreview|4
|showteam|p1|Goodra-Hisui||Leftovers|ShellArmor|Curse,IronHead,DragonClaw,Protect|Sassy||F|||50|]Sableye||LightClay|Prankster|Reflect,LightScreen,FakeOut,FoulPlay|Impish||F|||50|]Meganium||Meganiumite|Overgrow|SolarBeam,WeatherBall,DazzlingGleam,Protect|Timid||F|||50|]Vivillon||FocusSash|CompoundEyes|Hurricane,RagePowder,SleepPowder,Protect|Timid||F|||50|]Aurorus||NeverMeltIce|Refrigerate|HyperVoice,HyperBeam,Protect,AncientPower|Modest||M|||50|]Quaquaval||LifeOrb|Moxie|AquaStep,CloseCombat,Detect,FlipTurn|Jolly||F|||50|
|showteam|p2|Dragonite||LumBerry|Multiscale|DragonClaw,FirePunch,ExtremeSpeed,Protect|Adamant||M|||50|]Toxicroak||FocusSash|PoisonTouch|CloseCombat,PoisonJab,FakeOut,Coaching|Jolly||F|||50|]Vivillon||ChoiceScarf|CompoundEyes|Hurricane,Tailwind,RagePowder,SleepPowder|Timid||M|||50|]Blastoise||Blastoisinite|Torrent|WaterSpout,AuraSphere,ShellSmash,Protect|Modest||M|||50|]Heliolisk||LifeOrb|SolarPower|Thunderbolt,WeatherBall,Electroweb,Protect|Timid||M|||50|]Sableye||LightClay|Prankster|Encore,Disable,LightScreen,Reflect|Bold||M|||50|
|j| airslashesfolante
|j| Nanandes
|
|t:|1786066187
|teamsize|p1|4
|teamsize|p2|4
|start
|switch|p1a: Vivillon|Vivillon, L50, F|100/100
|switch|p1b: Quaquaval|Quaquaval, L50, F|100/100
|switch|p2a: Dragonite|Dragonite, L50, M|100/100
|switch|p2b: Toxicroak|Toxicroak, L50, F|100/100
|turn|1
|
|t:|1786066206
|move|p2b: Toxicroak|Fake Out|p1a: Vivillon
|-damage|p1a: Vivillon|78/100
|cant|p1a: Vivillon|flinch
|move|p1b: Quaquaval|Aqua Step|p2b: Toxicroak
|-damage|p2b: Toxicroak|24/100
|-boost|p1b: Quaquaval|spe|1
|-damage|p1b: Quaquaval|90/100|[from] item: Life Orb
|move|p2a: Dragonite|Dragon Claw|p1a: Vivillon
|-damage|p1a: Vivillon|8/100
|
|upkeep
|turn|2
|
|t:|1786066231
|switch|p1a: Sableye|Sableye, L50, F|100/100
|switch|p2b: Sableye|Sableye, L50, M|100/100
|move|p2a: Dragonite|Extreme Speed|p1a: Sableye
|-immune|p1a: Sableye
|move|p1b: Quaquaval|Aqua Step|p2b: Sableye
|-damage|p2b: Sableye|47/100
|-boost|p1b: Quaquaval|spe|1
|-damage|p1b: Quaquaval|80/100|[from] item: Life Orb
|
|upkeep
|turn|3
|
|t:|1786066257
|move|p2a: Dragonite|Protect|p2a: Dragonite
|-singleturn|p2a: Dragonite|Protect
|move|p1a: Sableye|Fake Out|p2a: Dragonite
|-activate|p2a: Dragonite|move: Protect
|move|p2b: Sableye|Disable|p1b: Quaquaval
|-start|p1b: Quaquaval|Disable|Aqua Step
|cant|p1b: Quaquaval|Disable|Aqua Step
|
|upkeep
|turn|4
|
|t:|1786066276
|move|p2b: Sableye|Reflect|p2b: Sableye
|-sidestart|p2: GustaEiras|Reflect
|move|p1a: Sableye|Reflect|p1a: Sableye
|-sidestart|p1: Gus_0Z|Reflect
|move|p1b: Quaquaval|Flip Turn|p2b: Sableye
|-damage|p2b: Sableye|22/100
|-damage|p1b: Quaquaval|70/100|[from] item: Life Orb
|
|t:|1786066286
|switch|p1b: Meganium|Meganium, L50, F|100/100|[from] Flip Turn
|move|p2a: Dragonite|Dragon Claw|p1b: Meganium
|-damage|p1b: Meganium|63/100
|
|upkeep
|turn|5
|c|☆GustaEiras|olk sem goodra
|inactive|Battle timer is ON: inactive players will automatically lose when time's up. (requested by Gus_0Z)
|
|t:|1786066311
|detailschange|p1b: Meganium|Meganium-Mega, L50, F
|-mega|p1b: Meganium|Meganium|Meganiumite
|move|p2b: Sableye|Light Screen|p2b: Sableye
|-sidestart|p2: GustaEiras|move: Light Screen
|move|p1b: Meganium|Dazzling Gleam|p2b: Sableye|[spread] p2a,p2b
|-supereffective|p2a: Dragonite|1
|-supereffective|p2b: Sableye|1
|-damage|p2a: Dragonite|79/100
|-damage|p2b: Sableye|0 fnt
|faint|p2b: Sableye
|move|p2a: Dragonite|Fire Punch|p1b: Meganium
|-supereffective|p1b: Meganium|1
|-damage|p1b: Meganium|24/100
|move|p1a: Sableye|Foul Play|p2a: Dragonite
|-damage|p2a: Dragonite|46/100
|
|upkeep
|
|t:|1786066331
|switch|p2b: Vivillon|Vivillon, L50, M|100/100
|turn|6
|
|t:|1786066345
|move|p1b: Meganium|Protect|p1b: Meganium
|-singleturn|p1b: Meganium|Protect
|move|p1a: Sableye|Light Screen|p1a: Sableye
|-sidestart|p1: Gus_0Z|move: Light Screen
|move|p2b: Vivillon|Sleep Powder|p1a: Sableye
|-status|p1a: Sableye|slp|[from] move: Sleep Powder
|move|p2a: Dragonite|Fire Punch|p1b: Meganium
|-activate|p1b: Meganium|move: Protect
|
|upkeep
|turn|7
|inactive|Gus_0Z has 30 seconds left.
|
|t:|1786066372
|switch|p1b: Quaquaval|Quaquaval, L50, F|70/100
|move|p2b: Vivillon|Sleep Powder|p1b: Quaquaval
|-status|p1b: Quaquaval|slp|[from] move: Sleep Powder
|move|p2a: Dragonite|Fire Punch|p1b: Quaquaval
|-resisted|p1b: Quaquaval|1
|-damage|p1b: Quaquaval|56/100 slp
|cant|p1a: Sableye|slp
|
|upkeep
|turn|8
|
|t:|1786066392
|switch|p2b: Toxicroak|Toxicroak, L50, F|24/100
|cant|p1b: Quaquaval|slp
|move|p2a: Dragonite|Dragon Claw|p1a: Sableye
|-damage|p1a: Sableye|68/100 slp
|-curestatus|p1a: Sableye|slp|[msg]
|move|p1a: Sableye|Foul Play|p2a: Dragonite
|-damage|p2a: Dragonite|12/100
|
|upkeep
|turn|9
|inactive|Gus_0Z has 30 seconds left.
|
|t:|1786066424
|move|p2a: Dragonite|Protect|p2a: Dragonite
|-singleturn|p2a: Dragonite|Protect
|move|p2b: Toxicroak|Close Combat|p1b: Quaquaval
|-damage|p1b: Quaquaval|7/100 slp
|-unboost|p2b: Toxicroak|def|1
|-unboost|p2b: Toxicroak|spd|1
|cant|p1b: Quaquaval|slp
|move|p1a: Sableye|Foul Play|p2a: Dragonite
|-activate|p2a: Dragonite|move: Protect
|
|upkeep
|turn|10
|inactive|GustaEiras has 30 seconds left.
|inactive|GustaEiras has 20 seconds left.
|
|t:|1786066461
|move|p2a: Dragonite|Extreme Speed|p1b: Quaquaval
|-damage|p1b: Quaquaval|0 fnt
|faint|p1b: Quaquaval
|move|p2b: Toxicroak|Poison Jab|p1a: Sableye
|-resisted|p1a: Sableye|1
|-damage|p1a: Sableye|56/100
|-status|p1a: Sableye|psn
|move|p1a: Sableye|Foul Play|p2a: Dragonite
|-damage|p2a: Dragonite|0 fnt
|faint|p2a: Dragonite
|
|-damage|p1a: Sableye|44/100 psn|[from] psn
|upkeep
|
|t:|1786066470
|switch|p1b: Vivillon|Vivillon, L50, F|8/100
|switch|p2a: Vivillon|Vivillon, L50, M|100/100
|turn|11
|
|t:|1786066487
|move|p2a: Vivillon|Hurricane|p1b: Vivillon
|-supereffective|p1b: Vivillon|1
|-damage|p1b: Vivillon|0 fnt
|faint|p1b: Vivillon
|move|p2b: Toxicroak|Poison Jab|p1a: Sableye
|-resisted|p1a: Sableye|1
|-damage|p1a: Sableye|32/100 psn
|move|p1a: Sableye|Foul Play|p2b: Toxicroak
|-resisted|p2b: Toxicroak|1
|-damage|p2b: Toxicroak|0 fnt
|faint|p2b: Toxicroak
|
|-damage|p1a: Sableye|20/100y psn|[from] psn
|-sideend|p2: GustaEiras|Reflect
|-sideend|p1: Gus_0Z|Reflect
|upkeep
|
|t:|1786066493
|switch|p1b: Meganium|Meganium-Mega, L50, F|24/100
|turn|12
|
|t:|1786066500
|move|p2a: Vivillon|Hurricane|p1b: Meganium
|-supereffective|p1b: Meganium|1
|-damage|p1b: Meganium|0 fnt
|faint|p1b: Meganium
|move|p1a: Sableye|Foul Play|p2a: Vivillon
|-damage|p2a: Vivillon|65/100
|
|-damage|p1a: Sableye|8/100 psn|[from] psn
|-sideend|p2: GustaEiras|move: Light Screen
|upkeep
|turn|13
|
|t:|1786066504
|move|p2a: Vivillon|Hurricane|p1a: Sableye
|-damage|p1a: Sableye|0 fnt
|faint|p1a: Sableye
|
|win|GustaEiras
||GustaEiras is ready for game 3.
||Gus_0Z is ready for game 3.
|uhtml|next|Next: Game 3 of 3
