|j|☆Maatja
|j|☆D-Rex22
|html|MaatjaD-Rex22    
|uhtml|bestof|Game 1 of a best-of-3
|t:|1785765136
|gametype|doubles
|player|p1|Maatja|2|1066
|player|p2|D-Rex22|alder|1026
|gen|9
|tier|[Gen 9 Champions] VGC 2026 Reg M-B (Bo3)
|rated|
|rule|Species Clause: Limit one of each Pokémon
|rule|Item Clause: Limit 1 of each item
|clearpoke
|poke|p1|Pyroar, L50, F|
|poke|p1|Torkoal, L50, M|
|poke|p1|Venusaur, L50, F|
|poke|p1|Dragapult, L50, M|
|poke|p1|Hydreigon, L50, F|
|poke|p1|Ditto, L50|
|poke|p2|Cofagrigus, L50, M|
|poke|p2|Espathra, L50, F|
|poke|p2|Lucario, L50, M|
|poke|p2|Torkoal, L50, F|
|poke|p2|Krookodile, L50, F, shiny|
|poke|p2|Volcarona, L50, M|
|teampreview|4
|showteam|p1|Pyroar||Pyroarite|Unnerve|HeatWave,Overheat,ScorchingSands,Protect|Timid||F|||50|]Torkoal||LifeOrb|Drought|HelpingHand,Eruption,SolarBeam,Protect|Quiet||M|||50|]Venusaur||MentalHerb|Chlorophyll|SleepPowder,Synthesis,LeafStorm,SludgeBomb|Timid||F|||50|]Dragapult||ExpertBelt|ClearBody|DracoMeteor,DragonDarts,Disable,Protect|Serious||M|||50|]Hydreigon||FocusSash|Levitate|DracoMeteor,DarkPulse,HeatWave,Protect|Modest||F|||50|]Ditto||BrightPowder|Imposter|Transform|Hasty|||||50|
|showteam|p2|Cofagrigus||Leftovers|Mummy|BodyPress,AllySwitch,TrickRoom,WillOWisp|Careful||M|||50|]Espathra||FocusSash|SpeedBoost|ShadowBall,Protect,SkillSwap,LuminaCrash|Hasty||F|||50|]Lucario||ChoiceScarf|InnerFocus|FinalGambit,HelpingHand,BulletPunch,Protect|Rash||M|||50|]Torkoal||Charcoal|Drought|Eruption,EarthPower,Protect,HeatWave|Calm||F|||50|]Krookodile||ExpertBelt|Intimidate|Taunt,KnockOff,LowKick,HighHorsepower|Naive||F|||50|]Volcarona||SitrusBerry|FlameBody|Tailwind,RagePowder,GigaDrain,FieryDance|Modest||M|||50|
|inactive|Battle timer is ON: inactive players will automatically lose when time's up. (requested by Maatja)
|
|t:|1785765166
|teamsize|p1|4
|teamsize|p2|4
|start
|switch|p1a: Pyroar|Pyroar, L50, F|100/100
|switch|p1b: Torkoal|Torkoal, L50, M|100/100
|switch|p2a: Cofagrigus|Cofagrigus, L50, M|100/100
|switch|p2b: Lucario|Lucario, L50, M|100/100
|-ability|p1a: Pyroar|Unnerve
|-weather|SunnyDay|[from] ability: Drought|[of] p1b: Torkoal
|turn|1
|inactive|D-Rex22 has 30 seconds left.
|
|t:|1785765201
|detailschange|p1a: Pyroar|Pyroar-Mega, L50, F
|-mega|p1a: Pyroar|Pyroar|Pyroarite
|move|p2b: Lucario|Final Gambit|p1a: Pyroar
|-damage|p1a: Pyroar|0 fnt
|faint|p2b: Lucario
|faint|p1a: Pyroar
|move|p2a: Cofagrigus|Body Press|p1b: Torkoal
|-damage|p1b: Torkoal|75/100
|move|p1b: Torkoal|Eruption|p2a: Cofagrigus
|-damage|p2a: Cofagrigus|30/100
|-damage|p1b: Torkoal|65/100|[from] item: Life Orb
|
|-weather|SunnyDay|[upkeep]
|-heal|p2a: Cofagrigus|36/100|[from] item: Leftovers
|upkeep
|inactive|D-Rex22 has 30 seconds left.
|
|t:|1785765229
|switch|p1a: Hydreigon|Hydreigon, L50, F|100/100
|switch|p2b: Torkoal|Torkoal, L50, F|100/100
|turn|2
|
|t:|1785765249
|move|p1b: Torkoal|Helping Hand|p1a: Hydreigon
|-singleturn|p1a: Hydreigon|Helping Hand|[of] p1b: Torkoal
|move|p2a: Cofagrigus|Ally Switch|p2a: Cofagrigus
|swap|p2a: Cofagrigus|1|[from] move: Ally Switch
|move|p1a: Hydreigon|Heat Wave|p2a: Torkoal|[spread] p2b
|-miss|p1a: Hydreigon|p2a: Torkoal
|-damage|p2b: Cofagrigus|0 fnt
|faint|p2b: Cofagrigus
|move|p2a: Torkoal|Eruption|p1a: Hydreigon|[spread] p1a,p1b
|-resisted|p1a: Hydreigon|1
|-resisted|p1b: Torkoal|1
|-damage|p1a: Hydreigon|60/100
|-damage|p1b: Torkoal|15/100
|
|-weather|SunnyDay|[upkeep]
|upkeep
|
|t:|1785765266
|switch|p2b: Krookodile|Krookodile, L50, F, shiny|100/100
|-ability|p2b: Krookodile|Intimidate|boost
|-unboost|p1a: Hydreigon|atk|1
|-unboost|p1b: Torkoal|atk|1
|turn|3
|
|t:|1785765280
|move|p2a: Torkoal|Protect|p2a: Torkoal
|-singleturn|p2a: Torkoal|Protect
|move|p2b: Krookodile|Low Kick|p1a: Hydreigon
|-supereffective|p1a: Hydreigon|1
|-damage|p1a: Hydreigon|0 fnt
|faint|p1a: Hydreigon
|move|p1b: Torkoal|Solar Beam||[still]
|-prepare|p1b: Torkoal|Solar Beam
|-anim|p1b: Torkoal|Solar Beam|p2b: Krookodile
|-supereffective|p2b: Krookodile|1
|-damage|p2b: Krookodile|0 fnt
|faint|p2b: Krookodile
|-damage|p1b: Torkoal|5/100|[from] item: Life Orb
|
|-weather|SunnyDay|[upkeep]
|upkeep
|
|t:|1785765293
|switch|p1a: Venusaur|Venusaur, L50, F|100/100
|turn|4
|
|t:|1785765300
|move|p1a: Venusaur|Sleep Powder|p2a: Torkoal
|-status|p2a: Torkoal|slp|[from] move: Sleep Powder
|cant|p2a: Torkoal|slp
|move|p1b: Torkoal|Solar Beam||[still]
|-prepare|p1b: Torkoal|Solar Beam
|-anim|p1b: Torkoal|Solar Beam|p2a: Torkoal
|-resisted|p2a: Torkoal|1
|-damage|p2a: Torkoal|75/100 slp
|-damage|p1b: Torkoal|0 fnt|[from] item: Life Orb
|faint|p1b: Torkoal
|
|-weather|SunnyDay|[upkeep]
|upkeep
|turn|5
|
|t:|1785765315
|move|p1a: Venusaur|Sludge Bomb|p2a: Torkoal
|-damage|p2a: Torkoal|32/100 slp
|-curestatus|p2a: Torkoal|slp|[msg]
|move|p2a: Torkoal|Heat Wave|p1a: Venusaur
|-supereffective|p1a: Venusaur|1
|-damage|p1a: Venusaur|0 fnt
|faint|p1a: Venusaur
|
|win|D-Rex22
||Maatja is ready for game 2.
|inactive|D-Rex22 has 30 seconds to confirm battle start!
