|j|☆testdigi
|j|‽mewelperro
|html|testdigimewelperro    
|uhtml|bestof|Game 2 of a best-of-3
|t:|1785176883
|gametype|doubles
|player|p1|testdigi|169|1202
|player|p2|mewelperro|1|1150
|gen|9
|tier|[Gen 9 Champions] VGC 2026 Reg M-B (Bo3)
|rated|
|rule|Species Clause: Limit one of each Pokémon
|rule|Item Clause: Limit 1 of each item
|clearpoke
|poke|p1|Raichu, L50, M|
|poke|p1|Toxapex, L50, F|
|poke|p1|Mamoswine, L50, F|
|poke|p1|Sylveon, L50, M|
|poke|p1|Corviknight, L50, F|
|poke|p1|Basculegion, L50, M|
|poke|p2|Archaludon, L50, F|
|poke|p2|Pelipper, L50, F|
|poke|p2|Grimmsnarl, L50, M|
|poke|p2|Swampert, L50, F|
|poke|p2|Talonflame, L50, F|
|poke|p2|Gardevoir, L50, M|
|teampreview|4
|showteam|p1|Raichu||RaichuniteY|LightningRod|ZapCannon,FocusBlast,FakeOut,Protect|Timid||M|||50|]Toxapex||Leftovers|Regenerator|Infestation,Toxic,WideGuard,BanefulBunker|Relaxed||F|||50|]Mamoswine||LifeOrb|Oblivious|StompingTantrum,IceShard,RockSlide,Protect|Adamant||F|||50|]Sylveon||FairyFeather|Pixilate|HyperVoice,QuickAttack,Yawn,Detect|Modest||M|||50|]Corviknight||OccaBerry|MirrorArmor|IronHead,BraveBird,Tailwind,Protect|Adamant||F|||50|]Basculegion||FocusSash|Adaptability|LastRespects,Liquidation,AquaJet,Protect|Adamant||M|||50|
|showteam|p2|Archaludon||Leftovers|Stamina|ElectroShot,AuraSphere,FlashCannon,Protect|Modest||F|||50|]Pelipper||SitrusBerry|Drizzle|HelpingHand,WeatherBall,Hurricane,WideGuard|Modest||F|||50|]Grimmsnarl||LightClay|Prankster|PartingShot,SpiritBreak,Reflect,LightScreen|Calm||M|||50|]Swampert||Swampertite|Torrent|WaveCrash,Earthquake,IcePunch,Protect|Adamant||F|||50|]Talonflame||FocusSash|GaleWings|Protect,Tailwind,RainDance,DualWingbeat|Jolly||F|||50|]Gardevoir||Gardevoirite|Synchronize|Protect,HyperVoice,Psychic,Thunderbolt|Modest||M|||50|
|
|t:|1785176895
|teamsize|p1|4
|teamsize|p2|4
|start
|switch|p1a: Basculegion|Basculegion, L50, M|100/100
|switch|p1b: Raichu|Raichu, L50, M|100/100
|switch|p2a: Pelipper|Pelipper, L50, F|100/100
|switch|p2b: Swampert|Swampert, L50, F|100/100
|-weather|RainDance|[from] ability: Drizzle|[of] p2a: Pelipper
|turn|1
|
|t:|1785176909
|switch|p2a: Archaludon|Archaludon, L50, F|100/100
|detailschange|p2b: Swampert|Swampert-Mega, L50, F
|-mega|p2b: Swampert|Swampert|Swampertite
|move|p2b: Swampert|Protect|p2b: Swampert
|-singleturn|p2b: Swampert|Protect
|move|p1b: Raichu|Fake Out|p2a: Archaludon
|-resisted|p2a: Archaludon|1
|-damage|p2a: Archaludon|97/100
|-ability|p2a: Archaludon|Stamina|boost
|-boost|p2a: Archaludon|def|1
|move|p1a: Basculegion|Liquidation|p2b: Swampert
|-activate|p2b: Swampert|move: Protect
|
|-weather|RainDance|[upkeep]
|-heal|p2a: Archaludon|100/100|[from] item: Leftovers
|upkeep
|turn|2
|
|t:|1785176937
|move|p1b: Raichu|Protect|p1b: Raichu
|-singleturn|p1b: Raichu|Protect
|move|p2a: Archaludon|Protect|p2a: Archaludon
|-singleturn|p2a: Archaludon|Protect
|move|p2b: Swampert|Earthquake|p1a: Basculegion|[spread] p1a
|-activate|p2a: Archaludon|move: Protect
|-activate|p1b: Raichu|move: Protect
|-damage|p1a: Basculegion|44/100
|move|p1a: Basculegion|Liquidation|p2b: Swampert
|-damage|p2b: Swampert|23/100
|
|-weather|RainDance|[upkeep]
|upkeep
|turn|3
|
|t:|1785176953
|detailschange|p1b: Raichu|Raichu-Mega-Y, L50, M
|-mega|p1b: Raichu|Raichu|Raichunite Y
|move|p2b: Swampert|Protect|p2b: Swampert
|-singleturn|p2b: Swampert|Protect
|move|p1a: Basculegion|Aqua Jet|p2b: Swampert
|-activate|p2b: Swampert|move: Protect
|move|p1b: Raichu|Focus Blast|p2a: Archaludon
|-supereffective|p2a: Archaludon|1
|-crit|p2a: Archaludon
|-damage|p2a: Archaludon|0 fnt
|faint|p2a: Archaludon
|
|-weather|RainDance|[upkeep]
|upkeep
|
|t:|1785176965
|switch|p2a: Talonflame|Talonflame, L50, F|100/100
|turn|4
|
|t:|1785176986
|switch|p2b: Pelipper|Pelipper, L50, F|100/100
|move|p2a: Talonflame|Dual Wingbeat|p1a: Basculegion
|-damage|p1a: Basculegion|25/100
|-damage|p1a: Basculegion|7/100
|-hitcount|p1a: Basculegion|2
|move|p1a: Basculegion|Aqua Jet|p2b: Pelipper
|-resisted|p2b: Pelipper|1
|-damage|p2b: Pelipper|77/100
|move|p1b: Raichu|Zap Cannon|p2a: Talonflame
|-supereffective|p2a: Talonflame|1
|-enditem|p2a: Talonflame|Focus Sash
|-damage|p2a: Talonflame|1/100
|-status|p2a: Talonflame|par
|
|-weather|RainDance|[upkeep]
|upkeep
|turn|5
|
|t:|1785176999
|move|p1a: Basculegion|Aqua Jet|p2a: Talonflame
|-supereffective|p2a: Talonflame|1
|-damage|p2a: Talonflame|0 fnt
|faint|p2a: Talonflame
|move|p1b: Raichu|Zap Cannon|p2b: Pelipper
|-supereffective|p2b: Pelipper|2
|-damage|p2b: Pelipper|0 fnt
|faint|p2b: Pelipper
|
|-weather|none
|upkeep
|
|t:|1785177003
|switch|p2b: Swampert|Swampert-Mega, L50, F|23/100
|turn|6
|-message|mewelperro forfeited.
|
|win|testdigi
||testdigi is ready for game 3.
||mewelperro is ready for game 3.
|uhtml|next|Next: Game 3 of 3
|j| tedidn
