|j|☆Sedrav
|j|☆randomguy1114s
|html|Sedravrandomguy1114s    
|uhtml|bestof|Game 3 of a best-of-3
|t:|1756858213
|gametype|doubles
|player|p1|Sedrav|102|1154
|player|p2|randomguy1114s|lillie-masters|1167
|gen|9
|tier|[Gen 9] VGC 2025 Reg H (Bo3)
|rated|
|rule|Species Clause: Limit one of each Pokémon
|rule|Item Clause: Limit 1 of each item
|clearpoke
|poke|p1|Garchomp, L50, M|
|poke|p1|Talonflame, L50, F|
|poke|p1|Gholdengo, L50|
|poke|p1|Tyranitar, L50, F|
|poke|p1|Amoonguss, L50, F|
|poke|p1|Milotic, L50, F|
|poke|p2|Garchomp, L50, M|
|poke|p2|Kingambit, L50, M|
|poke|p2|Sneasler, L50, M|
|poke|p2|Talonflame, L50, F|
|poke|p2|Primarina, L50, F|
|poke|p2|Sinistcha, L50|
|teampreview|4
|showteam|p1|Garchomp||LifeOrb|RoughSkin|DragonClaw,StompingTantrum,Earthquake,Protect|||M|||50|,,,,,Fairy]Talonflame||CovertCloak|GaleWings|BraveBird,Tailwind,WillOWisp,Taunt|||F|||50|,,,,,Grass]Gholdengo||MetalCoat|GoodasGold|MakeItRain,ShadowBall,NastyPlot,Protect||||||50|,,,,,Water]Tyranitar||AssaultVest|SandStream|RockSlide,KnockOff,LowKick,TeraBlast|||F|||50|,,,,,Flying]Amoonguss||SitrusBerry|Regenerator|Spore,RagePowder,PollenPuff,Protect|||F|||50|,,,,,Water]Milotic||SafetyGoggles|Competitive|Scald,IcyWind,Haze,Protect|||F|||50|,,,,,Dragon
|showteam|p2|Garchomp||LifeOrb|RoughSkin|Earthquake,DragonClaw,StompingTantrum,Protect|||M|||50|,,,,,Steel]Kingambit||SafetyGoggles|Defiant|SuckerPunch,SwordsDance,KowtowCleave,Protect|||M|||50|,,,,,Dark]Sneasler||FocusSash|Unburden|CloseCombat,DireClaw,FakeOut,Protect|||M|||50|,,,,,Stellar]Talonflame||ClearAmulet|GaleWings|DualWingbeat,Tailwind,Uturn,Protect|||F|||50|,,,,,Ghost]Primarina||ThroatSpray|LiquidVoice|Haze,HyperVoice,Moonblast,Protect|||F|||50|,,,,,Poison]Sinistcha||MentalHerb|Hospitality|RagePowder,TrickRoom,MatchaGotcha,Protect||||||50|,,,,,Water
|inactive|Battle timer is ON: inactive players will automatically lose when time's up. (requested by Sedrav)
|inactive|Sedrav has 60 seconds left.
|inactive|randomguy1114s has 60 seconds left.
|
|t:|1756858264
|teamsize|p1|4
|teamsize|p2|4
|start
|switch|p1a: Amoonguss|Amoonguss, L50, F|100/100
|switch|p1b: Milotic|Milotic, L50, F|100/100
|switch|p2a: Garchomp|Garchomp, L50, M, shiny|100/100
|switch|p2b: Sneasler|Sneasler, L50, M, shiny|100/100
|turn|1
|inactive|randomguy1114s has 30 seconds left.
|
|t:|1756858300
|move|p2b: Sneasler|Fake Out|p1a: Amoonguss
|-damage|p1a: Amoonguss|90/100
|move|p2a: Garchomp|Dragon Claw|p1a: Amoonguss
|-damage|p1a: Amoonguss|47/100
|-enditem|p1a: Amoonguss|Sitrus Berry|[eat]
|-heal|p1a: Amoonguss|72/100|[from] item: Sitrus Berry
|-damage|p2a: Garchomp|91/100|[from] item: Life Orb
|move|p1b: Milotic|Scald|p2a: Garchomp
|-damage|p2a: Garchomp|59/100
|cant|p1a: Amoonguss|flinch
|
|upkeep
|turn|2
|inactive|Sedrav has 30 seconds left.
|inactive|Sedrav has 20 seconds left.
|
|t:|1756858339
|move|p2b: Sneasler|Protect|p2b: Sneasler
|-singleturn|p2b: Sneasler|Protect
|move|p2a: Garchomp|Protect|p2a: Garchomp
|-singleturn|p2a: Garchomp|Protect
|move|p1a: Amoonguss|Protect|p1a: Amoonguss
|-singleturn|p1a: Amoonguss|Protect
|move|p1b: Milotic|Icy Wind|p2a: Garchomp|[spread] 
|-activate|p2a: Garchomp|move: Protect
|-activate|p2b: Sneasler|move: Protect
|
|upkeep
|turn|3
|inactive|Sedrav has 30 seconds left.
|
|t:|1756858365
|-terastallize|p2a: Garchomp|Steel
|move|p2b: Sneasler|Dire Claw|p1a: Amoonguss
|-damage|p1a: Amoonguss|40/100
|move|p2a: Garchomp|Dragon Claw|p1a: Amoonguss
|-damage|p1a: Amoonguss|0 fnt
|faint|p1a: Amoonguss
|-damage|p2a: Garchomp|49/100|[from] item: Life Orb
|move|p1b: Milotic|Scald|p2a: Garchomp
|-damage|p2a: Garchomp|15/100
|-status|p2a: Garchomp|brn
|
|-damage|p2a: Garchomp|9/100 brn|[from] brn
|upkeep
|
|t:|1756858384
|switch|p1a: Garchomp|Garchomp, L50, M|100/100
|turn|4
|
|t:|1756858397
|move|p1a: Garchomp|Protect|p1a: Garchomp
|-singleturn|p1a: Garchomp|Protect
|move|p2b: Sneasler|Dire Claw|p1a: Garchomp
|-activate|p1a: Garchomp|move: Protect
|move|p2a: Garchomp|Dragon Claw|p1a: Garchomp
|-activate|p1a: Garchomp|move: Protect
|move|p1b: Milotic|Icy Wind|p2a: Garchomp|[spread] p2a,p2b
|-resisted|p2a: Garchomp
|-damage|p2a: Garchomp|3/100 brn
|-damage|p2b: Sneasler|86/100
|-unboost|p2a: Garchomp|spe|1
|-unboost|p2b: Sneasler|spe|1
|
|-damage|p2a: Garchomp|0 fnt|[from] brn
|faint|p2a: Garchomp
|upkeep
|
|t:|1756858404
|switch|p2a: Sinistcha|Sinistcha, L50, shiny|100/100
|-heal|p2b: Sneasler|100/100|[from] ability: Hospitality|[of] p2a: Sinistcha
|turn|5
|inactive|Sedrav has 30 seconds left.
|
|t:|1756858435
|-terastallize|p1b: Milotic|Dragon
|move|p1a: Garchomp|Stomping Tantrum|p2b: Sneasler
|-supereffective|p2b: Sneasler
|-enditem|p2b: Sneasler|Focus Sash
|-damage|p2b: Sneasler|1/100
|-damage|p1a: Garchomp|91/100|[from] item: Life Orb
|move|p2b: Sneasler|Close Combat|p1a: Garchomp
|-damage|p1a: Garchomp|31/100
|-unboost|p2b: Sneasler|def|1
|-unboost|p2b: Sneasler|spd|1
|-damage|p2b: Sneasler|0 fnt|[from] ability: Rough Skin|[of] p1a: Garchomp
|faint|p2b: Sneasler
|move|p1b: Milotic|Icy Wind|p2a: Sinistcha
|-supereffective|p2a: Sinistcha
|-damage|p2a: Sinistcha|75/100
|-unboost|p2a: Sinistcha|spe|1
|move|p2a: Sinistcha|Trick Room|p2a: Sinistcha
|-fieldstart|move: Trick Room|[of] p2a: Sinistcha
|
|upkeep
|inactive|randomguy1114s has 30 seconds left.
|
|t:|1756858467
|switch|p2b: Kingambit|Kingambit, L50, M, shiny|100/100
|turn|6
|inactive|Sedrav has 30 seconds left.
|
|t:|1756858499
|move|p1b: Milotic|Protect|p1b: Milotic
|-singleturn|p1b: Milotic|Protect
|move|p2a: Sinistcha|Matcha Gotcha|p1a: Garchomp|[spread] p1a
|-activate|p1b: Milotic|move: Protect
|-damage|p1a: Garchomp|4/100
|-heal|p2a: Sinistcha|90/100|[from] drain|[of] p1a: Garchomp
|move|p2b: Kingambit|Kowtow Cleave|p1a: Garchomp
|-damage|p1a: Garchomp|0 fnt
|-damage|p2b: Kingambit|88/100|[from] ability: Rough Skin|[of] p1a: Garchomp
|faint|p1a: Garchomp
|
|upkeep
|
|t:|1756858514
|switch|p1a: Talonflame|Talonflame, L50, F|100/100
|turn|7
|
|t:|1756858523
|move|p2b: Kingambit|Sucker Punch||[still]
|-fail|p2b: Kingambit
|move|p2a: Sinistcha|Matcha Gotcha|p1a: Talonflame|[spread] p1a,p1b
|-resisted|p1a: Talonflame
|-resisted|p1b: Milotic
|-damage|p1a: Talonflame|91/100
|-heal|p2a: Sinistcha|94/100|[from] drain|[of] p1a: Talonflame
|-damage|p1b: Milotic|93/100
|-heal|p2a: Sinistcha|99/100|[from] drain|[of] p1b: Milotic
|-status|p1b: Milotic|brn
|move|p1b: Milotic|Scald|p2b: Kingambit
|-damage|p2b: Kingambit|59/100
|-status|p2b: Kingambit|brn
|move|p1a: Talonflame|Taunt|p2a: Sinistcha
|-start|p2a: Sinistcha|move: Taunt
|-enditem|p2a: Sinistcha|Mental Herb
|-end|p2a: Sinistcha|move: Taunt
|
|-damage|p2b: Kingambit|53/100 brn|[from] brn
|-damage|p1b: Milotic|87/100 brn|[from] brn
|upkeep
|turn|8
|inactive|Sedrav has 30 seconds left.
|
|t:|1756858549
|move|p2a: Sinistcha|Matcha Gotcha|p1a: Talonflame|[spread] p1a,p1b
|-resisted|p1a: Talonflame
|-resisted|p1b: Milotic
|-damage|p1a: Talonflame|82/100
|-heal|p2a: Sinistcha|100/100|[from] drain|[of] p1a: Talonflame
|-damage|p1b: Milotic|78/100 brn
|move|p2b: Kingambit|Kowtow Cleave|p1a: Talonflame
|-damage|p1a: Talonflame|45/100
|move|p1b: Milotic|Scald|p2b: Kingambit
|-damage|p2b: Kingambit|22/100 brn
|move|p1a: Talonflame|Brave Bird|p2a: Sinistcha
|-supereffective|p2a: Sinistcha
|-damage|p2a: Sinistcha|15/100
|-damage|p1a: Talonflame|14/100|[from] Recoil
|
|-damage|p2b: Kingambit|16/100 brn|[from] brn
|-damage|p1b: Milotic|72/100 brn|[from] brn
|upkeep
|turn|9
|inactive|randomguy1114s has 30 seconds left.
|inactive|randomguy1114s has 20 seconds left.
|
|t:|1756858588
|move|p2b: Kingambit|Protect|p2b: Kingambit
|-singleturn|p2b: Kingambit|Protect
|move|p2a: Sinistcha|Matcha Gotcha|p1b: Milotic|[spread] p1a,p1b
|-resisted|p1a: Talonflame
|-resisted|p1b: Milotic
|-damage|p1a: Talonflame|5/100
|-heal|p2a: Sinistcha|19/100|[from] drain|[of] p1a: Talonflame
|-damage|p1b: Milotic|63/100 brn
|-heal|p2a: Sinistcha|24/100|[from] drain|[of] p1b: Milotic
|move|p1b: Milotic|Scald|p2b: Kingambit
|-activate|p2b: Kingambit|move: Protect
|move|p1a: Talonflame|Will-O-Wisp|p2a: Sinistcha|[miss]
|-miss|p1a: Talonflame|p2a: Sinistcha
|
|-damage|p2b: Kingambit|11/100 brn|[from] brn
|-damage|p1b: Milotic|57/100 brn|[from] brn
|-fieldend|move: Trick Room
|upkeep
|turn|10
|
|t:|1756858611
|move|p2a: Sinistcha|Rage Powder|p2a: Sinistcha
|-singleturn|p2a: Sinistcha|move: Rage Powder
|move|p2b: Kingambit|Sucker Punch||[still]
|-fail|p2b: Kingambit
|move|p1a: Talonflame|Taunt|p2a: Sinistcha
|-start|p2a: Sinistcha|move: Taunt
|move|p1b: Milotic|Scald|p2b: Kingambit
|-damage|p2b: Kingambit|0 fnt
|faint|p2b: Kingambit
|
|-damage|p1b: Milotic|51/100 brn|[from] brn
|upkeep
|turn|11
|-message|randomguy1114s forfeited.
|
|win|Sedrav
|raw|Sedrav's rating: 1154 → 1180(+26 for winning)
|raw|randomguy1114s's rating: 1167 → 1141(-26 for losing)
