|j|☆Godku17
|j|☆cfwaesdfcwae
|html|Godku17cfwaesdfcwae    
|uhtml|bestof|Game 1 of a best-of-3
|t:|1786008259
|gametype|doubles
|player|p1|Godku17|102|1090
|player|p2|cfwaesdfcwae|265|1040
|gen|9
|tier|[Gen 9 Champions] VGC 2026 Reg M-B (Bo3)
|rated|
|rule|Species Clause: Limit one of each Pokémon
|rule|Item Clause: Limit 1 of each item
|clearpoke
|poke|p1|Floette-Eternal, L50, F|
|poke|p1|Espathra, L50, F|
|poke|p1|Whimsicott, L50, F, shiny|
|poke|p1|Charizard, L50, F, shiny|
|poke|p1|Scizor, L50, M|
|poke|p1|Ditto, L50, shiny|
|poke|p2|Incineroar, L50, F|
|poke|p2|Gengar, L50, M|
|poke|p2|Kingambit, L50, F|
|poke|p2|Sneasler, L50, F|
|poke|p2|Kommo-o, L50, M|
|poke|p2|Floette-Eternal, L50, F|
|teampreview|4
|showteam|p1|Floette-Eternal||Floettite|FlowerVeil|LightofRuin,Protect,DrainingKiss,DazzlingGleam|Timid||F|||50|]Espathra||FocusSash|SpeedBoost|Protect,LuminaCrash,CalmMind,BatonPass|Timid||F|||50|]Whimsicott||OccaBerry|Prankster|Moonblast,LightScreen,Encore,Tailwind|Bold||F|||50|]Charizard||CharizarditeY|Blaze|Flamethrower,HeatWave,Protect,SolarBeam|Timid||F|||50|]Scizor||LifeOrb|Technician|BugBite,SwordsDance,BulletPunch,Protect|Adamant||M|||50|]Ditto||ChoiceScarf|Imposter|Transform|Bold|||||50|
|showteam|p2|Incineroar||PasshoBerry|Intimidate|Protect,FlareBlitz,FakeOut,PartingShot|Careful||F|||50|]Gengar||Gengarite|CursedBody|ShadowBall,PerishSong,Disable,Protect|Timid||M|||50|]Kingambit||BlackGlasses|Defiant|KowtowCleave,SwordsDance,SuckerPunch,Protect|Adamant||F|||50|]Sneasler||WhiteHerb|Unburden|DireClaw,FakeOut,CloseCombat,Protect|Adamant||F|||50|]Kommo-o||Leftovers|Soundproof|ClangingScales,AuraSphere,ClangorousSoul,Protect|Timid||M|||50|]Floette-Eternal||Floettite|FlowerVeil|LightofRuin,DazzlingGleam,Moonblast,Protect|Timid||F|||50|
|inactive|Battle timer is ON: inactive players will automatically lose when time's up. (requested by cfwaesdfcwae)
|
|t:|1786008318
|teamsize|p1|4
|teamsize|p2|4
|start
|switch|p1a: Whimsicott|Whimsicott, L50, F, shiny|100/100
|switch|p1b: Espathra|Espathra, L50, F|100/100
|switch|p2a: Gengar|Gengar, L50, M|100/100
|switch|p2b: Sneasler|Sneasler, L50, F|100/100
|turn|1
|inactive|Godku17 has 30 seconds left.
|inactive|cfwaesdfcwae has 30 seconds left.
|
|t:|1786008349
|detailschange|p2a: Gengar|Gengar-Mega, L50, M
|-mega|p2a: Gengar|Gengar|Gengarite
|move|p1b: Espathra|Protect|p1b: Espathra
|-singleturn|p1b: Espathra|Protect
|move|p2b: Sneasler|Fake Out|p1b: Espathra
|-activate|p1b: Espathra|move: Protect
|move|p1a: Whimsicott|Light Screen|p1a: Whimsicott
|-sidestart|p1: Godku17|move: Light Screen
|move|p2a: Gengar|Perish Song|p2a: Gengar
|-start|p1a: Whimsicott|perish3|[silent]
|-start|p1b: Espathra|perish3|[silent]
|-start|p2a: Gengar|perish3|[silent]
|-start|p2b: Sneasler|perish3|[silent]
|-fieldactivate|move: Perish Song
|
|-start|p2a: Gengar|perish3
|-start|p2b: Sneasler|perish3
|-start|p1b: Espathra|perish3
|-start|p1a: Whimsicott|perish3
|-ability|p1b: Espathra|Speed Boost|boost
|-boost|p1b: Espathra|spe|1
|upkeep
|turn|2
|inactive|Godku17 has 30 seconds left.
|inactive|cfwaesdfcwae has 30 seconds left.
|inactive|Godku17 has 20 seconds left.
|inactive|Godku17 has 15 seconds left.
|
|t:|1786008392
|switch|p2b: Kingambit|Kingambit, L50, F|100/100
|move|p2a: Gengar|Protect|p2a: Gengar
|-singleturn|p2a: Gengar|Protect
|move|p1a: Whimsicott|Tailwind|p1a: Whimsicott
|-sidestart|p1: Godku17|move: Tailwind
|move|p1b: Espathra|Lumina Crash|p2a: Gengar
|-activate|p2a: Gengar|move: Protect
|
|-start|p1b: Espathra|perish2
|-start|p1a: Whimsicott|perish2
|-start|p2a: Gengar|perish2
|-ability|p1b: Espathra|Speed Boost|boost
|-boost|p1b: Espathra|spe|1
|upkeep
|turn|3
|inactive|cfwaesdfcwae has 30 seconds left.
|
|t:|1786008424
|move|p1a: Whimsicott|Encore|p2a: Gengar
|-start|p2a: Gengar|Encore
|move|p2a: Gengar|Protect|p2a: Gengar
|-singleturn|p2a: Gengar|Protect
|move|p2b: Kingambit|Sucker Punch|p1b: Espathra
|-supereffective|p1b: Espathra|1
|-enditem|p1b: Espathra|Focus Sash
|-damage|p1b: Espathra|1/100
|move|p1b: Espathra|Lumina Crash|p2a: Gengar
|-activate|p2a: Gengar|move: Protect
|
|-start|p1b: Espathra|perish1
|-start|p1a: Whimsicott|perish1
|-start|p2a: Gengar|perish1
|-ability|p1b: Espathra|Speed Boost|boost
|-boost|p1b: Espathra|spe|1
|upkeep
|turn|4
|inactive|cfwaesdfcwae has 30 seconds left.
|
|t:|1786008453
|switch|p2a: Incineroar|Incineroar, L50, F|100/100
|-ability|p2a: Incineroar|Intimidate|boost
|-unboost|p1a: Whimsicott|atk|1
|-unboost|p1b: Espathra|atk|1
|move|p1a: Whimsicott|Encore|p2b: Kingambit
|-hint|Since gen 7, Dark is immune to Prankster moves.
|-immune|p2b: Kingambit
|move|p2b: Kingambit|Sucker Punch||[still]
|-fail|p2b: Kingambit
|move|p1b: Espathra|Baton Pass|p1b: Espathra
|
|t:|1786008477
|switch|p1b: Floette|Floette-Eternal, L50, F|100/100|[from] Baton Pass
|
|-start|p1b: Floette|perish0
|-start|p1a: Whimsicott|perish0
|faint|p1b: Floette
|faint|p1a: Whimsicott
|upkeep
|c|☆Godku17|WAIT IT PASSES PERISH SONG TOO?!
|
|t:|1786008502
|switch|p1b: Espathra|Espathra, L50, F|1/100
|switch|p1a: Ditto|Ditto, L50, shiny|100/100
|-transform|p1a: Ditto|p2b: Kingambit|[from] ability: Imposter
|turn|5
|inactive|Godku17 has 30 seconds left.
|
|t:|1786008531
|move|p2a: Incineroar|Fake Out|p1b: Espathra
|-damage|p1b: Espathra|0 fnt
|faint|p1b: Espathra
|move|p1a: Ditto|Swords Dance|p1a: Ditto
|-boost|p1a: Ditto|atk|2
|move|p2b: Kingambit|Swords Dance|p2b: Kingambit
|-boost|p2b: Kingambit|atk|2
|
|-sideend|p1: Godku17|move: Light Screen
|-sideend|p1: Godku17|move: Tailwind
|upkeep
|turn|6
|-message|Godku17 forfeited.
|
|win|cfwaesdfcwae
||Godku17 is ready for game 2.
|l|☆cfwaesdfcwae
|player|p2|
||cfwaesdfcwae is ready for game 2.
|uhtml|next|Next: Game 2 of 3
