|j|☆albano
|j|☆ground tera
|html|albanoground tera    
|uhtml|bestof|Game 3 of a best-of-3
|t:|1784398024
|gametype|doubles
|player|p1|albano|alder|1193
|player|p2|ground tera|102|1321
|gen|9
|tier|[Gen 9 Champions] VGC 2026 Reg M-B (Bo3)
|rated|
|rule|Species Clause: Limit one of each Pokémon
|rule|Item Clause: Limit 1 of each item
|clearpoke
|poke|p1|Absol, L50, M|
|poke|p1|Maushold, L50|
|poke|p1|Aerodactyl, L50, F|
|poke|p1|Gholdengo, L50|
|poke|p1|Sneasler, L50, M, shiny|
|poke|p1|Sylveon, L50, F|
|poke|p2|Sneasler, L50, F|
|poke|p2|Incineroar, L50, M|
|poke|p2|Blastoise, L50, F|
|poke|p2|Sinistcha, L50|
|poke|p2|Delphox, L50, F, shiny|
|poke|p2|Vivillon, L50, F|
|teampreview|4
|showteam|p1|Absol||Absolite|Pressure|Protect,CloseCombat,SuckerPunch,KnockOff|Jolly||M|||50|]Maushold||FocusSash|FriendGuard|HelpingHand,Protect,SuperFang,FollowMe|Jolly|||||50|]Aerodactyl||Aerodactylite|Unnerve|Tailwind,WideGuard,RockSlide,DualWingbeat|Jolly||F|||50|]Gholdengo||LifeOrb|GoodasGold|MakeItRain,ShadowBall,NastyPlot,Protect|Timid|||||50|]Sneasler||WhiteHerb|Unburden|FakeOut,CloseCombat,DireClaw,Coaching|Adamant||M|||50|]Sylveon||FairyFeather|Pixilate|HyperBeam,HyperVoice,Protect,QuickAttack|Modest||F|||50|
|showteam|p2|Sneasler||FocusSash|PoisonTouch|QuickGuard,FakeOut,CloseCombat,DireClaw|Jolly||F|||50|]Incineroar||SitrusBerry|Intimidate|FakeOut,PartingShot,FlareBlitz,ThroatChop|Impish||M|||50|]Blastoise||Blastoisinite|Torrent|Protect,ShellSmash,WaterSpout,DarkPulse|Modest||F|||50|]Sinistcha||OccaBerry|Hospitality|Protect,MatchaGotcha,TrickRoom,RagePowder|Bold|||||50|]Delphox||Delphoxite|Blaze|Protect,HeatWave,Psyshock,NastyPlot|Timid||F|||50|]Vivillon||ChoiceScarf|CompoundEyes|Hurricane,SleepPowder,RagePowder,Uturn|Timid||F|||50|
|inactive|Battle timer is ON: inactive players will automatically lose when time's up. (requested by albano)
|inactive|ground tera also wants the timer to be on.
|
|t:|1784398048
|teamsize|p1|4
|teamsize|p2|4
|start
|switch|p1a: Gholdengo|Gholdengo, L50|100/100
|switch|p1b: Maushold|Maushold, L50|100/100
|switch|p2a: Incineroar|Incineroar, L50, M|100/100
|switch|p2b: Blastoise|Blastoise, L50, F|100/100
|-ability|p2a: Incineroar|Intimidate|boost
|-unboost|p1a: Gholdengo|atk|1
|-unboost|p1b: Maushold|atk|1
|turn|1
|
|t:|1784398064
|detailschange|p2b: Blastoise|Blastoise-Mega, L50, F
|-mega|p2b: Blastoise|Blastoise|Blastoisinite
|move|p2a: Incineroar|Fake Out|p1b: Maushold
|-damage|p1b: Maushold|87/100
|cant|p1b: Maushold|flinch
|move|p1a: Gholdengo|Nasty Plot|p1a: Gholdengo
|-boost|p1a: Gholdengo|spa|2
|move|p2b: Blastoise|Shell Smash|p2b: Blastoise
|-unboost|p2b: Blastoise|def|1
|-unboost|p2b: Blastoise|spd|1
|-boost|p2b: Blastoise|atk|2
|-boost|p2b: Blastoise|spa|2
|-boost|p2b: Blastoise|spe|2
|
|upkeep
|turn|2
|inactive|albano has 30 seconds left.
|inactive|ground tera has 30 seconds left.
|
|t:|1784398098
|move|p1a: Gholdengo|Protect|p1a: Gholdengo
|-singleturn|p1a: Gholdengo|Protect
|move|p2b: Blastoise|Water Spout|p1b: Maushold|[spread] p1b
|-activate|p1a: Gholdengo|move: Protect
|-damage|p1b: Maushold|0 fnt
|faint|p1b: Maushold
|move|p2a: Incineroar|Throat Chop|p1a: Gholdengo
|-activate|p1a: Gholdengo|move: Protect
|
|upkeep
|
|t:|1784398109
|switch|p1b: Aerodactyl|Aerodactyl, L50, F|100/100
|-ability|p1b: Aerodactyl|Unnerve
|turn|3
|
|t:|1784398132
|move|p1b: Aerodactyl|Wide Guard|p1b: Aerodactyl
|-singleturn|p1b: Aerodactyl|Wide Guard
|move|p2b: Blastoise|Dark Pulse|p1a: Gholdengo
|-supereffective|p1a: Gholdengo|1
|-damage|p1a: Gholdengo|0 fnt
|faint|p1a: Gholdengo
|move|p2a: Incineroar|Parting Shot|p1b: Aerodactyl
|-unboost|p1b: Aerodactyl|atk|1
|-unboost|p1b: Aerodactyl|spa|1
|
|t:|1784398139
|switch|p2a: Vivillon|Vivillon, L50, F|100/100|[from] Parting Shot
|
|upkeep
|
|t:|1784398142
|switch|p1a: Absol|Absol, L50, M|100/100
|-ability|p1a: Absol|Pressure
|turn|4
|
|t:|1784398152
|detailschange|p1a: Absol|Absol-Mega, L50, M
|-mega|p1a: Absol|Absol|Absolite
|move|p2b: Blastoise|Protect|p2b: Blastoise
|-singleturn|p2b: Blastoise|Protect
|move|p1b: Aerodactyl|Wide Guard|p1b: Aerodactyl
|-singleturn|p1b: Aerodactyl|Wide Guard
|move|p1a: Absol|Sucker Punch||[still]
|-fail|p1a: Absol
|move|p2a: Vivillon|Sleep Powder|p1b: Aerodactyl
|-status|p1b: Aerodactyl|slp|[from] move: Sleep Powder
|
|upkeep
|turn|5
|
|t:|1784398170
|move|p1a: Absol|Sucker Punch||[still]
|-fail|p1a: Absol
|move|p2b: Blastoise|Shell Smash|p2b: Blastoise
|-unboost|p2b: Blastoise|def|1
|-unboost|p2b: Blastoise|spd|1
|-boost|p2b: Blastoise|atk|2
|-boost|p2b: Blastoise|spa|2
|-boost|p2b: Blastoise|spe|2
|move|p2a: Vivillon|Sleep Powder|p1a: Absol
|move|p1a: Absol|Sleep Powder|p2a: Vivillon|[from] ability: Magic Bounce
|-status|p2a: Vivillon|slp|[from] move: Sleep Powder
|cant|p1b: Aerodactyl|slp
|
|upkeep
|turn|6
|
|t:|1784398182
|switch|p2a: Sinistcha|Sinistcha, L50|100/100
|move|p2b: Blastoise|Protect|p2b: Blastoise
|-singleturn|p2b: Blastoise|Protect
|move|p1a: Absol|Protect|p1a: Absol
|-singleturn|p1a: Absol|Protect
|cant|p1b: Aerodactyl|slp
|
|upkeep
|turn|7
|
|t:|1784398195
|-curestatus|p1b: Aerodactyl|slp|[msg]
|move|p1b: Aerodactyl|Wide Guard|p1b: Aerodactyl
|-singleturn|p1b: Aerodactyl|Wide Guard
|move|p2a: Sinistcha|Rage Powder|p2a: Sinistcha
|-singleturn|p2a: Sinistcha|move: Rage Powder
|move|p2b: Blastoise|Dark Pulse|p1b: Aerodactyl
|-damage|p1b: Aerodactyl|0 fnt
|faint|p1b: Aerodactyl
|move|p1a: Absol|Knock Off|p2a: Sinistcha
|-supereffective|p2a: Sinistcha|1
|-damage|p2a: Sinistcha|14/100
|-enditem|p2a: Sinistcha|Occa Berry|[from] move: Knock Off|[of] p1a: Absol
|
|upkeep
|turn|8
|
|t:|1784398210
|move|p2a: Sinistcha|Rage Powder|p2a: Sinistcha
|-singleturn|p2a: Sinistcha|move: Rage Powder
|move|p2b: Blastoise|Water Spout|p1a: Absol
|-damage|p1a: Absol|0 fnt
|faint|p1a: Absol
|
|win|ground tera
|raw|albano's rating: 1193 → 1177(-16 for losing)
|raw|ground tera's rating: 1321 → 1334(+13 for winning)
|l|☆albano
|player|p1|
