|j|☆Temporary name 3
|j|☆TheQuacken57
|html|Temporary name 3TheQuacken57    
|uhtml|bestof|Game 1 of a best-of-3
|t:|1756514880
|gametype|doubles
|player|p1|Temporary name 3|musician|1033
|player|p2|TheQuacken57|colress|1041
|gen|9
|tier|[Gen 9] VGC 2025 Reg H (Bo3)
|rated|
|rule|Species Clause: Limit one of each Pokémon
|rule|Item Clause: Limit 1 of each item
|clearpoke
|poke|p1|Dragonite, L50, M|
|poke|p1|Oricorio-Sensu, L50, M|
|poke|p1|Volcarona, L50, F|
|poke|p1|Rillaboom, L50, F|
|poke|p1|Farigiraf, L50, M|
|poke|p1|Primarina, L50, M|
|poke|p2|Incineroar, L50, M|
|poke|p2|Sneasler, L50, M|
|poke|p2|Rillaboom, L50, M|
|poke|p2|Ursaluna-Bloodmoon, L50, M|
|poke|p2|Whimsicott, L50, F|
|poke|p2|Dragapult, L50, F|
|teampreview|4
|showteam|p1|Dragonite||LoadedDice|InnerFocus|ExtremeSpeed,ScaleShot,Protect,DragonDance|||M|||50|,,,,,Normal]Oricorio-Sensu||FocusSash|Dancer|RevelationDance,QuiverDance,Protect,AirCutter|||M|||50|,,,,,Ground]Volcarona||Leftovers|FlameBody|FieryDance,StruggleBug,Protect,QuiverDance|||F|||50|,,,,,Water]Rillaboom||AssaultVest|GrassySurge|GrassyGlide,WoodHammer,Uturn,FakeOut|||F|||50|,,,,,Water]Farigiraf||SafetyGoggles|ArmorTail|PsychicNoise,HyperVoice,SkillSwap,TrickRoom|||M|||50|,,,,,Grass]Primarina||ThroatSpray|LiquidVoice|Protect,Haze,Moonblast,HyperVoice|||M|||50|,,,,,Poison
|showteam|p2|Incineroar||SafetyGoggles|Intimidate|FakeOut,KnockOff,FlareBlitz,PartingShot|||M|||50|,,,,,Ghost]Sneasler||GrassySeed|Unburden|DireClaw,CloseCombat,FakeOut,Protect|||M|||50|,,,,,Stellar]Rillaboom||MiracleSeed|GrassySurge|WoodHammer,GrassyGlide,FakeOut,Protect|||M|||50|,,,,,Grass]Ursaluna-Bloodmoon||LifeOrb|MindsEye|BloodMoon,HyperVoice,EarthPower,Protect|||M|||50|,,,,,Normal]Whimsicott||CovertCloak|Prankster|Moonblast,Tailwind,SunnyDay,Taunt|||F|||50|,,,,,Dark]Dragapult||ChoiceBand|ClearBody|PhantomForce,DragonDarts,TeraBlast,Uturn|||F|||50|,,,,,Ground
|
|t:|1756514932
|teamsize|p1|4
|teamsize|p2|4
|start
|switch|p1a: Rillaboom|Rillaboom, L50, F|100/100
|switch|p1b: Primarina|Primarina, L50, M|100/100
|switch|p2a: Rillaboom|Rillaboom, L50, M|100/100
|switch|p2b: Sneasler|Sneasler, L50, M|100/100
|-fieldstart|move: Grassy Terrain|[from] ability: Grassy Surge|[of] p1a: Rillaboom
|-enditem|p2b: Sneasler|Grassy Seed
|-boost|p2b: Sneasler|def|1|[from] item: Grassy Seed
|turn|1
|
|t:|1756514958
|-terastallize|p1b: Primarina|Poison
|move|p2b: Sneasler|Protect|p2b: Sneasler
|-singleturn|p2b: Sneasler|Protect
|move|p2a: Rillaboom|Protect|p2a: Rillaboom
|-singleturn|p2a: Rillaboom|Protect
|move|p1b: Primarina|Hyper Voice|p2b: Sneasler|[spread] 
|-activate|p2a: Rillaboom|move: Protect
|-activate|p2b: Sneasler|move: Protect
|move|p1a: Rillaboom|U-turn|p2a: Rillaboom
|-activate|p2a: Rillaboom|move: Protect
|
|upkeep
|turn|2
|inactive|Battle timer is ON: inactive players will automatically lose when time's up. (requested by Temporary name 3)
|inactive|Temporary name 3 has 60 seconds left.
|
|t:|1756514991
|switch|p2a: Dragapult|Dragapult, L50, F|100/100
|switch|p1a: Volcarona|Volcarona, L50, F|100/100
|move|p2b: Sneasler|Dire Claw|p1a: Volcarona
|-damage|p1a: Volcarona|55/100
|-status|p1a: Volcarona|psn
|move|p1b: Primarina|Hyper Voice|p2b: Sneasler|[spread] p2a,p2b
|-resisted|p2a: Dragapult
|-damage|p2a: Dragapult|79/100
|-damage|p2b: Sneasler|56/100
|-enditem|p1b: Primarina|Throat Spray
|-boost|p1b: Primarina|spa|1|[from] item: Throat Spray
|
|-heal|p2b: Sneasler|62/100|[from] Grassy Terrain
|-heal|p2a: Dragapult|85/100|[from] Grassy Terrain
|-heal|p1a: Volcarona|61/100 psn|[from] Grassy Terrain
|-heal|p1a: Volcarona|68/100 psn|[from] item: Leftovers
|-damage|p1a: Volcarona|55/100 psn|[from] psn
|upkeep
|turn|3
|inactive|TheQuacken57 has 30 seconds left.
|
|t:|1756515023
|-terastallize|p2a: Dragapult|Ground
|move|p2b: Sneasler|Dire Claw|p1a: Volcarona
|-damage|p1a: Volcarona|13/100 psn
|move|p2a: Dragapult|Tera Blast|p1b: Primarina|[anim] Tera Blast Ground
|-supereffective|p1b: Primarina
|-crit|p1b: Primarina
|-damage|p1b: Primarina|0 fnt
|faint|p1b: Primarina
|move|p1a: Volcarona|Quiver Dance|p1a: Volcarona
|-boost|p1a: Volcarona|spa|1
|-boost|p1a: Volcarona|spd|1
|-boost|p1a: Volcarona|spe|1
|
|-heal|p2b: Sneasler|68/100|[from] Grassy Terrain
|-heal|p1a: Volcarona|19/100 psn|[from] Grassy Terrain
|-heal|p1a: Volcarona|25/100 psn|[from] item: Leftovers
|-heal|p2a: Dragapult|91/100|[from] Grassy Terrain
|-damage|p1a: Volcarona|13/100 psn|[from] psn
|upkeep
|
|t:|1756515035
|switch|p1b: Oricorio|Oricorio-Sensu, L50, M, shiny|100/100
|turn|4
|inactive|TheQuacken57 has 30 seconds left.
|
|t:|1756515065
|switch|p2a: Incineroar|Incineroar, L50, M|100/100
|-ability|p2a: Incineroar|Intimidate|boost
|-unboost|p1a: Volcarona|atk|1
|-unboost|p1b: Oricorio|atk|1
|move|p2b: Sneasler|Protect|p2b: Sneasler
|-singleturn|p2b: Sneasler|Protect
|move|p1a: Volcarona|Quiver Dance|p1a: Volcarona
|-boost|p1a: Volcarona|spa|1
|-boost|p1a: Volcarona|spd|1
|-boost|p1a: Volcarona|spe|1
|-activate|p1b: Oricorio|ability: Dancer
|move|p1b: Oricorio|Quiver Dance|p1b: Oricorio|[from] ability: Dancer
|-boost|p1b: Oricorio|spa|1
|-boost|p1b: Oricorio|spd|1
|-boost|p1b: Oricorio|spe|1
|move|p1b: Oricorio|Air Cutter|p2b: Sneasler|[spread] p2a
|-activate|p2b: Sneasler|move: Protect
|-damage|p2a: Incineroar|76/100
|
|-heal|p2b: Sneasler|74/100|[from] Grassy Terrain
|-heal|p1a: Volcarona|19/100 psn|[from] Grassy Terrain
|-heal|p1a: Volcarona|25/100 psn|[from] item: Leftovers
|-heal|p2a: Incineroar|82/100|[from] Grassy Terrain
|-damage|p1a: Volcarona|13/100 psn|[from] psn
|upkeep
|turn|5
|inactive|Temporary name 3 has 30 seconds left.
|inactive|TheQuacken57 has 30 seconds left.
|inactive|TheQuacken57 has 20 seconds left.
|inactive|TheQuacken57 has 15 seconds left.
|
|t:|1756515107
|move|p1a: Volcarona|Protect|p1a: Volcarona
|-singleturn|p1a: Volcarona|Protect
|move|p2a: Incineroar|Fake Out|p1b: Oricorio
|-immune|p1b: Oricorio
|move|p2b: Sneasler|Dire Claw|p1a: Volcarona
|-activate|p1a: Volcarona|move: Protect
|move|p1b: Oricorio|Quiver Dance|p1b: Oricorio
|-boost|p1b: Oricorio|spa|1
|-boost|p1b: Oricorio|spd|1
|-boost|p1b: Oricorio|spe|1
|
|-heal|p2b: Sneasler|79/100|[from] Grassy Terrain
|-heal|p1a: Volcarona|19/100 psn|[from] Grassy Terrain
|-heal|p1a: Volcarona|25/100 psn|[from] item: Leftovers
|-heal|p2a: Incineroar|88/100|[from] Grassy Terrain
|-damage|p1a: Volcarona|13/100 psn|[from] psn
|-fieldend|move: Grassy Terrain
|upkeep
|turn|6
|inactive|TheQuacken57 has 30 seconds left.
|inactive|TheQuacken57 has 20 seconds left.
|inactive|TheQuacken57 has 15 seconds left.
|
|t:|1756515151
|move|p2b: Sneasler|Dire Claw|p1a: Volcarona
|-damage|p1a: Volcarona|0 fnt
|faint|p1a: Volcarona
|move|p1b: Oricorio|Air Cutter|p2a: Incineroar|[spread] p2a,p2b
|-supereffective|p2b: Sneasler
|-damage|p2a: Incineroar|53/100
|-damage|p2b: Sneasler|0 fnt
|faint|p2b: Sneasler
|move|p2a: Incineroar|Knock Off|p1b: Oricorio
|-supereffective|p1b: Oricorio
|-enditem|p1b: Oricorio|Focus Sash
|-damage|p1b: Oricorio|1/100
|
|upkeep
|
|t:|1756515169
|switch|p2b: Dragapult|Dragapult, L50, F, tera:Ground|91/100
|switch|p1a: Rillaboom|Rillaboom, L50, F|100/100
|-fieldstart|move: Grassy Terrain|[from] ability: Grassy Surge|[of] p1a: Rillaboom
|turn|7
|-message|Temporary name 3 forfeited.
|
|win|TheQuacken57
|l|☆Temporary name 3
|player|p1|
|raw|Temporary name 3's rating: 1033 → 1018(-15 for losing)
|raw|TheQuacken57's rating: 1041 → 1074(+33 for winning)
