|j|☆BlackStag52
|j|☆gene takavic
|html|BlackStag52gene takavic    
|uhtml|bestof|Game 1 of a best-of-3
|t:|1756175196
|gametype|doubles
|player|p1|BlackStag52|beauty|1060
|player|p2|gene takavic|rika|1000
|gen|9
|tier|[Gen 9] VGC 2025 Reg H (Bo3)
|rated|
|rule|Species Clause: Limit one of each Pokémon
|rule|Item Clause: Limit 1 of each item
|clearpoke
|poke|p1|Kingambit, L50, M|
|poke|p1|Gallade, L50, M|
|poke|p1|Indeedee-F, L50, F|
|poke|p1|Rampardos, L50, F|
|poke|p1|Amoonguss, L50, M|
|poke|p1|Incineroar, L50, F|
|poke|p2|Maushold, L50|
|poke|p2|Annihilape, L50, M|
|poke|p2|Gholdengo, L50|
|poke|p2|Ursaluna-Bloodmoon, L50, M|
|poke|p2|Rillaboom, L50, F|
|poke|p2|Dragonite, L50, M|
|teampreview|4
|showteam|p1|Kingambit||BlackGlasses|Defiant|KowtowCleave,IronHead,Protect,PoisonJab|||M|||50|,,,,,Psychic]Gallade||ClearAmulet|Sharpness|SacredSword,TrickRoom,PsychoCut,WideGuard|||M|||50|,,,,,Dark]Indeedee-F||PsychicSeed|PsychicSurge|TrickRoom,FollowMe,HelpingHand,HyperVoice|||F|||50|,,,,,Fairy]Rampardos||LifeOrb|SheerForce|RockSlide,HammerArm,Protect,BreakingSwipe|||F|||50|,,,,,Dragon]Amoonguss||Leftovers|Regenerator|Spore,RagePowder,SludgeBomb,PollenPuff|||M|||50|,,,,,Dark]Incineroar||SafetyGoggles|Intimidate|FakeOut,PartingShot,KnockOff,FlareBlitz|||F|||50|,,,,,Ghost
|showteam|p2|Maushold||WideLens|FriendGuard|FollowMe,PopulationBomb,Taunt,Protect||||||50|,,,,,Normal]Annihilape||SafetyGoggles|Defiant|RageFist,CloseCombat,FinalGambit,Protect|||M|||50|,,,,,Steel]Gholdengo||LifeOrb|GoodasGold|Protect,MakeItRain,ShadowBall,NastyPlot||||||50|,,,,,Water]Ursaluna-Bloodmoon||AssaultVest|MindsEye|BloodMoon,EarthPower,VacuumWave,HyperVoice|||M|||50|,,,,,Water]Rillaboom||SitrusBerry|Overgrow|GrassyGlide,HighHorsepower,WoodHammer,FakeOut|||F|||50|,,,,,Fire]Dragonite||LoadedDice|Multiscale|ScaleShot,ExtremeSpeed,Tailwind,Protect|||M|||50|,,,,,Steel
|c|☆BlackStag52|glhf!
|c|☆gene takavic|u2
|
|t:|1756175252
|teamsize|p1|4
|teamsize|p2|4
|start
|switch|p1a: Indeedee|Indeedee-F, L50, F|100/100
|switch|p1b: Gallade|Gallade, L50, M|100/100
|switch|p2a: Maushold|Maushold, L50|100/100
|switch|p2b: Gholdengo|Gholdengo, L50|100/100
|-fieldstart|move: Psychic Terrain|[from] ability: Psychic Surge|[of] p1a: Indeedee
|-enditem|p1a: Indeedee|Psychic Seed
|-boost|p1a: Indeedee|spd|1|[from] item: Psychic Seed
|turn|1
|
|t:|1756175316
|switch|p2a: Ursaluna|Ursaluna-Bloodmoon, L50, M|100/100
|move|p1a: Indeedee|Follow Me|p1a: Indeedee
|-singleturn|p1a: Indeedee|move: Follow Me
|move|p2b: Gholdengo|Nasty Plot|p2b: Gholdengo
|-boost|p2b: Gholdengo|spa|2
|move|p1b: Gallade|Trick Room|p1b: Gallade
|-fieldstart|move: Trick Room|[of] p1b: Gallade
|
|upkeep
|turn|2
|
|t:|1756175341
|move|p1a: Indeedee|Helping Hand|p1b: Gallade
|-singleturn|p1b: Gallade|Helping Hand|[of] p1a: Indeedee
|move|p1b: Gallade|Sacred Sword|p2a: Ursaluna
|-supereffective|p2a: Ursaluna
|-damage|p2a: Ursaluna|0 fnt
|faint|p2a: Ursaluna
|move|p2b: Gholdengo|Make It Rain|p1a: Indeedee|[spread] p1a,p1b
|-damage|p1a: Indeedee|21/100
|-damage|p1b: Gallade|4/100
|-unboost|p2b: Gholdengo|spa|1
|-damage|p2b: Gholdengo|91/100|[from] item: Life Orb
|
|upkeep
|
|t:|1756175356
|switch|p2a: Maushold|Maushold, L50|100/100
|turn|3
|
|t:|1756175372
|move|p1b: Gallade|Wide Guard|p1b: Gallade
|-singleturn|p1b: Gallade|Wide Guard
|move|p1a: Indeedee|Follow Me|p1a: Indeedee
|-singleturn|p1a: Indeedee|move: Follow Me
|move|p2b: Gholdengo|Nasty Plot|p2b: Gholdengo
|-boost|p2b: Gholdengo|spa|2
|move|p2a: Maushold|Population Bomb|p1a: Indeedee
|-damage|p1a: Indeedee|14/100
|-damage|p1a: Indeedee|6/100
|-damage|p1a: Indeedee|0 fnt
|faint|p1a: Indeedee
|-hitcount|p1: Indeedee|3
|
|upkeep
|
|t:|1756175381
|switch|p1a: Kingambit|Kingambit, L50, M|100/100
|turn|4
|
|t:|1756175397
|move|p2b: Gholdengo|Protect|p2b: Gholdengo
|-singleturn|p2b: Gholdengo|Protect
|move|p1a: Kingambit|Kowtow Cleave|p2b: Gholdengo
|-activate|p2b: Gholdengo|move: Protect
|move|p1b: Gallade|Sacred Sword|p2a: Maushold
|-supereffective|p2a: Maushold
|-damage|p2a: Maushold|0 fnt
|faint|p2a: Maushold
|
|upkeep
|
|t:|1756175403
|switch|p2a: Annihilape|Annihilape, L50, M|100/100
|turn|5
|
|t:|1756175427
|-terastallize|p2b: Gholdengo|Water
|move|p1a: Kingambit|Kowtow Cleave|p2b: Gholdengo
|-damage|p2b: Gholdengo|25/100
|move|p1b: Gallade|Psycho Cut|p2a: Annihilape
|-supereffective|p2a: Annihilape
|-damage|p2a: Annihilape|0 fnt
|faint|p2a: Annihilape
|move|p2b: Gholdengo|Make It Rain|p1a: Kingambit|[spread] p1a,p1b
|-resisted|p1a: Kingambit
|-damage|p1a: Kingambit|28/100
|-damage|p1b: Gallade|0 fnt
|-unboost|p2b: Gholdengo|spa|1
|faint|p1b: Gallade
|-damage|p2b: Gholdengo|16/100|[from] item: Life Orb
|
|-fieldend|move: Trick Room
|-fieldend|move: Psychic Terrain
|upkeep
|
|t:|1756175435
|switch|p1b: Rampardos|Rampardos, L50, F|100/100
|turn|6
|
|t:|1756175445
|-terastallize|p1b: Rampardos|Dragon
|move|p2b: Gholdengo|Make It Rain|p1a: Kingambit|[spread] p1a,p1b
|-resisted|p1a: Kingambit
|-damage|p1a: Kingambit|0 fnt
|-damage|p1b: Rampardos|0 fnt
|-unboost|p2b: Gholdengo|spa|1
|faint|p1a: Kingambit
|faint|p1b: Rampardos
|-damage|p2b: Gholdengo|6/100|[from] item: Life Orb
|
|win|gene takavic
||gene takavic is ready for game 2.
|inactive|BlackStag52 has 30 seconds to confirm battle start!
|inactive|BlackStag52 has 20 seconds to confirm battle start!
||BlackStag52 is ready for game 2.
|uhtml|next|Next: Game 2 of 3
|l|☆gene takavic
|player|p2|
|l|☆BlackStag52
|player|p1|
|j|☆BlackStag52
|player|p1|BlackStag52|beauty|
