|j|☆jakalallaaa
|j|☆homerj71
|html|jakalallaaahomerj71    
|uhtml|bestof|Game 2 of a best-of-3
|t:|1784226231
|gametype|doubles
|player|p1|jakalallaaa|170|1040
|player|p2|homerj71|265|1063
|gen|9
|tier|[Gen 9 Champions] VGC 2026 Reg M-B (Bo3)
|rated|
|rule|Species Clause: Limit one of each Pokémon
|rule|Item Clause: Limit 1 of each item
|clearpoke
|poke|p1|Tyranitar, L50, M|
|poke|p1|Cofagrigus, L50, F, shiny|
|poke|p1|Reuniclus, L50, M, shiny|
|poke|p1|Sylveon, L50, M|
|poke|p1|Clawitzer, L50, M|
|poke|p1|Excadrill, L50, F|
|poke|p2|Sneasler, L50, M|
|poke|p2|Sinistcha, L50|
|poke|p2|Incineroar, L50, M|
|poke|p2|Kingambit, L50, M|
|poke|p2|Delphox, L50, M|
|poke|p2|Blastoise, L50, M|
|teampreview|4
|showteam|p1|Tyranitar||Tyranitarite|SandStream|LowKick,RockSlide,KnockOff,IcePunch|Brave||M|||50|]Cofagrigus|||Mummy|BodyPress,IronDefense,WillOWisp,TrickRoom|Relaxed||F|||50|]Reuniclus||LifeOrb|MagicGuard|Protect,Psychic,ShadowBall,FocusBlast|Relaxed||M|||50|]Sylveon||FairyFeather|Pixilate|HyperVoice,HyperBeam,CalmMind,Protect|Modest||M|||50|]Clawitzer||MysticWater|MegaLauncher|IceBeam,WaterPulse,AuraSphere,FlashCannon|Sassy||M|||50|]Excadrill||FocusSash|SandForce|HighHorsepower,IronHead,RockSlide,BrickBreak|Adamant||F|||50|
|showteam|p2|Sneasler||FocusSash|PoisonTouch|QuickGuard,FakeOut,DireClaw,CloseCombat|Jolly||M|||50|]Sinistcha||OccaBerry|Hospitality|Protect,RagePowder,MatchaGotcha,TrickRoom|Relaxed|||||50|]Incineroar||SitrusBerry|Intimidate|FakeOut,FlareBlitz,ThroatChop,PartingShot|Careful||M|||50|]Kingambit||BlackGlasses|Defiant|KowtowCleave,SwordsDance,SuckerPunch,Protect|Adamant||M|||50|]Delphox||Delphoxite|Blaze|Protect,NastyPlot,HeatWave,Psyshock|Timid||M|||50|]Blastoise||Blastoisinite|RainDish|WaterSpout,DarkPulse,ShellSmash,Protect|Modest||M|||50|
|inactive|Battle timer is ON: inactive players will automatically lose when time's up. (requested by homerj71)
|inactive|jakalallaaa has 60 seconds left.
|
|t:|1784226289
|teamsize|p1|4
|teamsize|p2|4
|start
|switch|p1a: Cofagrigus|Cofagrigus, L50, F, shiny|100/100
|switch|p1b: Reuniclus|Reuniclus, L50, M, shiny|100/100
|switch|p2a: Incineroar|Incineroar, L50, M|100/100
|switch|p2b: Sneasler|Sneasler, L50, M|100/100
|-ability|p2a: Incineroar|Intimidate|boost
|-unboost|p1a: Cofagrigus|atk|1
|-unboost|p1b: Reuniclus|atk|1
|turn|1
|inactive|homerj71 has 30 seconds left.
|
|t:|1784226323
|move|p1b: Reuniclus|Protect|p1b: Reuniclus
|-singleturn|p1b: Reuniclus|Protect
|move|p2b: Sneasler|Dire Claw|p1a: Cofagrigus
|-resisted|p1a: Cofagrigus|1
|-damage|p1a: Cofagrigus|85/100
|-activate|p1a: Cofagrigus|ability: Mummy|p2b: Sneasler|[ability] Poison Touch
|move|p2a: Incineroar|Parting Shot|p1b: Reuniclus
|-activate|p1b: Reuniclus|move: Protect
|move|p1a: Cofagrigus|Trick Room|p1a: Cofagrigus
|-fieldstart|move: Trick Room|[of] p1a: Cofagrigus
|
|upkeep
|turn|2
|inactive|jakalallaaa has 30 seconds left.
|inactive|jakalallaaa has 20 seconds left.
|
|t:|1784226361
|move|p1a: Cofagrigus|Iron Defense|p1a: Cofagrigus
|-boost|p1a: Cofagrigus|def|2
|move|p1b: Reuniclus|Focus Blast|p2a: Incineroar|[miss]
|-miss|p1b: Reuniclus|p2a: Incineroar
|move|p2a: Incineroar|Throat Chop|p1b: Reuniclus
|-supereffective|p1b: Reuniclus|1
|-damage|p1b: Reuniclus|33/100
|-start|p1b: Reuniclus|Throat Chop|[silent]
|move|p2b: Sneasler|Dire Claw|p1b: Reuniclus
|-damage|p1b: Reuniclus|0 fnt
|faint|p1b: Reuniclus
|
|upkeep
|
|t:|1784226379
|switch|p1b: Tyranitar|Tyranitar, L50, M|100/100
|-weather|Sandstorm|[from] ability: Sand Stream|[of] p1b: Tyranitar
|turn|3
|
|t:|1784226387
|detailschange|p1b: Tyranitar|Tyranitar-Mega, L50, M
|-mega|p1b: Tyranitar|Tyranitar|Tyranitarite
|move|p1a: Cofagrigus|Body Press|p2a: Incineroar
|-supereffective|p2a: Incineroar|1
|-damage|p2a: Incineroar|0 fnt
|faint|p2a: Incineroar
|move|p1b: Tyranitar|Rock Slide|p2b: Sneasler
|-resisted|p2b: Sneasler|1
|-damage|p2b: Sneasler|56/100
|move|p2b: Sneasler|Close Combat|p1b: Tyranitar
|-supereffective|p1b: Tyranitar|2
|-damage|p1b: Tyranitar|0 fnt
|-unboost|p2b: Sneasler|def|1
|-unboost|p2b: Sneasler|spd|1
|faint|p1b: Tyranitar
|
|-weather|Sandstorm|[upkeep]
|-damage|p1a: Cofagrigus|79/100|[from] Sandstorm
|-damage|p2b: Sneasler|50/100g|[from] Sandstorm
|upkeep
|
|t:|1784226396
|switch|p1b: Excadrill|Excadrill, L50, F|100/100
|switch|p2a: Blastoise|Blastoise, L50, M|100/100
|turn|4
|
|t:|1784226418
|switch|p2b: Sinistcha|Sinistcha, L50|100/100
|detailschange|p2a: Blastoise|Blastoise-Mega, L50, M
|-mega|p2a: Blastoise|Blastoise|Blastoisinite
|move|p2a: Blastoise|Protect|p2a: Blastoise
|-singleturn|p2a: Blastoise|Protect
|move|p1a: Cofagrigus|Body Press|p2a: Blastoise
|-activate|p2a: Blastoise|move: Protect
|move|p1b: Excadrill|High Horsepower|p2b: Sinistcha
|-resisted|p2b: Sinistcha|1
|-damage|p2b: Sinistcha|69/100
|
|-weather|Sandstorm|[upkeep]
|-damage|p1a: Cofagrigus|73/100|[from] Sandstorm
|-damage|p2b: Sinistcha|63/100|[from] Sandstorm
|-damage|p2a: Blastoise|94/100|[from] Sandstorm
|upkeep
|turn|5
|inactive|jakalallaaa has 30 seconds left.
|inactive|jakalallaaa has 20 seconds left.
|
|t:|1784226454
|move|p2b: Sinistcha|Rage Powder|p2b: Sinistcha
|-singleturn|p2b: Sinistcha|move: Rage Powder
|move|p1a: Cofagrigus|Iron Defense|p1a: Cofagrigus
|-boost|p1a: Cofagrigus|def|2
|move|p1b: Excadrill|Rock Slide|p2b: Sinistcha|[spread] p2a,p2b
|-damage|p2a: Blastoise|66/100
|-damage|p2b: Sinistcha|42/100
|move|p2a: Blastoise|Water Spout|p1b: Excadrill|[spread] p1a,p1b
|-supereffective|p1b: Excadrill|1
|-damage|p1a: Cofagrigus|40/100
|-enditem|p1b: Excadrill|Focus Sash
|-damage|p1b: Excadrill|1/100
|
|-weather|Sandstorm|[upkeep]
|-damage|p1a: Cofagrigus|33/100|[from] Sandstorm
|-damage|p2b: Sinistcha|36/100|[from] Sandstorm
|-damage|p2a: Blastoise|60/100|[from] Sandstorm
|-fieldend|move: Trick Room
|upkeep
|turn|6
|
|t:|1784226478
|switch|p2a: Sneasler|Sneasler, L50, M|50/100g
|move|p1b: Excadrill|Rock Slide|p2a: Sneasler|[spread] p2a,p2b
|-resisted|p2a: Sneasler|1
|-damage|p2a: Sneasler|27/100
|-damage|p2b: Sinistcha|12/100
|move|p2b: Sinistcha|Matcha Gotcha|p1b: Excadrill|[spread] p1a,p1b
|-damage|p1a: Cofagrigus|13/100
|-heal|p2b: Sinistcha|22/100|[from] drain|[of] p1a: Cofagrigus
|-damage|p1b: Excadrill|0 fnt
|-heal|p2b: Sinistcha|23/100|[from] drain|[of] p1b: Excadrill
|faint|p1b: Excadrill
|move|p1a: Cofagrigus|Body Press|p2a: Sneasler
|-resisted|p2a: Sneasler|1
|-damage|p2a: Sneasler|0 fnt
|faint|p2a: Sneasler
|
|-weather|Sandstorm|[upkeep]
|-damage|p2b: Sinistcha|16/100|[from] Sandstorm
|-damage|p1a: Cofagrigus|7/100|[from] Sandstorm
|upkeep
|
|t:|1784226487
|switch|p2a: Blastoise|Blastoise-Mega, L50, M|60/100
|turn|7
|
|t:|1784226498
|move|p2a: Blastoise|Dark Pulse|p1a: Cofagrigus
|-supereffective|p1a: Cofagrigus|1
|-damage|p1a: Cofagrigus|0 fnt
|faint|p1a: Cofagrigus
|
|win|homerj71
|raw|jakalallaaa's rating: 1070 → 1049(-21 for losing)
|raw|homerj71's rating: 1063 → 1094(+31 for winning)
