|j|☆Mahdrescher
|j|☆snailboss
|html|Mahdreschersnailboss    
|uhtml|bestof|Game 2 of a best-of-3
|t:|1756767412
|gametype|doubles
|player|p1|Mahdrescher|266|1231
|player|p2|snailboss|hilda-wonderlauncher|1166
|gen|9
|tier|[Gen 9] VGC 2025 Reg H (Bo3)
|rated|
|rule|Species Clause: Limit one of each Pokémon
|rule|Item Clause: Limit 1 of each item
|clearpoke
|poke|p1|Annihilape, L50, M|
|poke|p1|Rillaboom, L50, M|
|poke|p1|Gholdengo, L50|
|poke|p1|Ursaluna-Bloodmoon, L50, M|
|poke|p1|Incineroar, L50, M|
|poke|p1|Dragonite, L50, F|
|poke|p2|Zoroark-Hisui, L50, M|
|poke|p2|Tyranitar, L50, F|
|poke|p2|Excadrill, L50, M|
|poke|p2|Indeedee-F, L50, F|
|poke|p2|Gallade, L50, M|
|poke|p2|Noivern, L50, F|
|teampreview|4
|showteam|p1|Annihilape||SafetyGoggles|Defiant|CloseCombat,RageFist,FinalGambit,Taunt|||M|||50|,,,,,Water]Rillaboom||AssaultVest|GrassySurge|WoodHammer,GrassyGlide,HighHorsepower,FakeOut|||M|||50|,,,,,Fire]Gholdengo||LifeOrb|GoodasGold|MakeItRain,ShadowBall,NastyPlot,Protect||||||50|,,,,,Water]Ursaluna-Bloodmoon||FocusSash|MindsEye|HyperVoice,BloodMoon,EarthPower,Protect|||M|||50|,,,,,Normal]Incineroar||SitrusBerry|Intimidate|FlareBlitz,KnockOff,PartingShot,FakeOut|||M|||50|,,,,,Ghost]Dragonite||LoadedDice|Multiscale|ScaleShot,Haze,Tailwind,Protect|||F|||50|,,,,,Steel
|showteam|p2|Zoroark-Hisui||ChoiceSpecs|Illusion|HyperVoice,Flamethrower,ShadowBall,HyperBeam|||M|||50|,,,,,Normal]Tyranitar||AssaultVest|SandStream|RockSlide,KnockOff,LowKick,TeraBlast|||F|||50|,,,,,Flying]Excadrill||FocusSash|SandRush|IronHead,Protect,SwordsDance,Earthquake|||M|||50|,,,,,Ground]Indeedee-F||SafetyGoggles|PsychicSurge|TrickRoom,FollowMe,Psychic,HelpingHand|||F|||50|,,,,,Water]Gallade||ClearAmulet|Sharpness|PsychoCut,TrickRoom,WideGuard,SacredSword|||M|||50|,,,,,Grass]Noivern||CovertCloak|Telepathy|SuperFang,Tailwind,Taunt,DracoMeteor|||F|||50|,,,,,Fairy
|inactive|Battle timer is ON: inactive players will automatically lose when time's up. (requested by snailboss)
|
|t:|1756767488
|teamsize|p1|4
|teamsize|p2|4
|start
|switch|p1a: Rillaboom|Rillaboom, L50, M|100/100
|switch|p1b: Dragonite|Dragonite, L50, F|100/100
|switch|p2a: Noivern|Noivern, L50, F|100/100
|switch|p2b: Dr. Drills|Excadrill, L50, M|100/100
|-fieldstart|move: Grassy Terrain|[from] ability: Grassy Surge|[of] p1a: Rillaboom
|turn|1
|inactive|Mahdrescher has 30 seconds left.
|
|t:|1756767521
|switch|p2b: Butter|Indeedee-F, L50, F|100/100
|-fieldstart|move: Psychic Terrain|[from] ability: Psychic Surge|[of] p2b: Butter
|-terastallize|p2a: Noivern|Fairy
|move|p2a: Noivern|Super Fang|p1b: Dragonite
|-damage|p1b: Dragonite|51/100
|move|p1b: Dragonite|Tailwind|p1b: Dragonite
|-sidestart|p1: Mahdrescher|move: Tailwind
|move|p1a: Rillaboom|Wood Hammer|p2b: Butter
|-damage|p2b: Butter|46/100
|-damage|p1a: Rillaboom|85/100|[from] Recoil
|
|upkeep
|turn|2
|inactive|Mahdrescher has 30 seconds left.
|inactive|snailboss has 30 seconds left.
|
|t:|1756767552
|switch|p2b: Dr. Drills|Excadrill, L50, M|100/100
|move|p1b: Dragonite|Scale Shot|p2b: Dr. Drills
|-resisted|p2b: Dr. Drills
|-damage|p2b: Dr. Drills|90/100
|-resisted|p2b: Dr. Drills
|-damage|p2b: Dr. Drills|79/100
|-resisted|p2b: Dr. Drills
|-damage|p2b: Dr. Drills|69/100
|-resisted|p2b: Dr. Drills
|-damage|p2b: Dr. Drills|59/100
|-resisted|p2b: Dr. Drills
|-damage|p2b: Dr. Drills|48/100
|-hitcount|p2b: Dr. Drills|5
|-unboost|p1b: Dragonite|def|1
|-boost|p1b: Dragonite|spe|1
|move|p1a: Rillaboom|Wood Hammer|p2a: Noivern
|-damage|p2a: Noivern|32/100
|-damage|p1a: Rillaboom|65/100|[from] Recoil
|move|p2a: Noivern|Tailwind|p2a: Noivern
|-sidestart|p2: snailboss|move: Tailwind
|
|upkeep
|turn|3
|inactive|Mahdrescher has 30 seconds left.
|inactive|snailboss has 30 seconds left.
|inactive|Mahdrescher has 20 seconds left.
|inactive|snailboss has 20 seconds left.
|inactive|snailboss has 15 seconds left.
|inactive|snailboss has 10 seconds left.
|
|t:|1756767606
|switch|p2a: Alice|Tyranitar, L50, F|100/100
|-weather|Sandstorm|[from] ability: Sand Stream|[of] p2a: Alice
|move|p2b: Dr. Drills|Swords Dance|p2b: Dr. Drills
|-boost|p2b: Dr. Drills|atk|2
|move|p1b: Dragonite|Scale Shot|p2b: Dr. Drills
|-resisted|p2b: Dr. Drills
|-damage|p2b: Dr. Drills|36/100
|-resisted|p2b: Dr. Drills
|-damage|p2b: Dr. Drills|25/100
|-resisted|p2b: Dr. Drills
|-damage|p2b: Dr. Drills|13/100
|-resisted|p2b: Dr. Drills
|-damage|p2b: Dr. Drills|3/100
|-hitcount|p2b: Dr. Drills|4
|-unboost|p1b: Dragonite|def|1
|-boost|p1b: Dragonite|spe|1
|move|p1a: Rillaboom|Wood Hammer|p2a: Alice
|-supereffective|p2a: Alice
|-damage|p2a: Alice|0 fnt
|faint|p2a: Alice
|-damage|p1a: Rillaboom|37/100|[from] Recoil
|
|-weather|Sandstorm|[upkeep]
|-damage|p1b: Dragonite|45/100|[from] Sandstorm
|-damage|p1a: Rillaboom|31/100|[from] Sandstorm
|upkeep
|
|t:|1756767621
|switch|p2a: Butter|Indeedee-F, L50, F|46/100
|turn|4
|inactive|Mahdrescher has 30 seconds left.
|inactive|Mahdrescher has 20 seconds left.
|inactive|Mahdrescher has 15 seconds left.
|inactive|Mahdrescher has 10 seconds left.
|
|t:|1756767666
|move|p2a: Butter|Follow Me|p2a: Butter
|-singleturn|p2a: Butter|move: Follow Me
|move|p2b: Dr. Drills|Iron Head|p1b: Dragonite
|-damage|p1b: Dragonite|0 fnt
|faint|p1b: Dragonite
|move|p1a: Rillaboom|Wood Hammer|p2a: Butter
|-damage|p2a: Butter|0 fnt
|faint|p2a: Butter
|-damage|p1a: Rillaboom|18/100|[from] Recoil
|
|-weather|Sandstorm|[upkeep]
|-damage|p1a: Rillaboom|13/100|[from] Sandstorm
|-sideend|p1: Mahdrescher|move: Tailwind
|upkeep
|inactive|Mahdrescher has 30 seconds left.
|inactive|snailboss has 30 seconds left.
|
|t:|1756767700
|switch|p1b: Ursaluna|Ursaluna-Bloodmoon, L50, M|100/100
|switch|p2a: Noivern|Noivern, L50, F, tera:Fairy|32/100
|turn|5
|inactive|Mahdrescher has 30 seconds left.
|
|t:|1756767725
|move|p2b: Dr. Drills|Earthquake|p1b: Ursaluna|[spread] p1a,p1b
|-activate|p2a: Noivern|ability: Telepathy
|-resisted|p1a: Rillaboom
|-damage|p1a: Rillaboom|0 fnt
|-damage|p1b: Ursaluna|29/100
|faint|p1a: Rillaboom
|move|p2a: Noivern|Draco Meteor|p1b: Ursaluna|[miss]
|-miss|p2a: Noivern|p1b: Ursaluna
|move|p1b: Ursaluna|Hyper Voice|p2a: Noivern|[spread] p2a,p2b
|-resisted|p2b: Dr. Drills
|-damage|p2a: Noivern|0 fnt
|-damage|p2b: Dr. Drills|0 fnt
|faint|p2a: Noivern
|faint|p2b: Dr. Drills
|
|win|Mahdrescher
|inactive|Mahdrescher has 30 seconds to confirm battle start!
|inactive|snailboss has 30 seconds to confirm battle start!
||Mahdrescher is ready for game 3.
