|j|☆drakondude2
|j|☆rodjilius
|html|drakondude2rodjilius    
|uhtml|bestof|Game 2 of a best-of-3
|t:|1754875979
|gametype|doubles
|player|p1|drakondude2|102|1212
|player|p2|rodjilius|benga|1211
|gen|9
|tier|[Gen 9] VGC 2025 Reg H (Bo3)
|rated|
|rule|Species Clause: Limit one of each Pokémon
|rule|Item Clause: Limit 1 of each item
|clearpoke
|poke|p1|Typhlosion-Hisui, L50, M|
|poke|p1|Garchomp, L50, M|
|poke|p1|Weezing-Galar, L50, M|
|poke|p1|Talonflame, L50, M|
|poke|p1|Annihilape, L50, F|
|poke|p1|Archaludon, L50, M|
|poke|p2|Dragapult, L50, F|
|poke|p2|Sneasler, L50, M|
|poke|p2|Indeedee, L50, M|
|poke|p2|Incineroar, L50, M|
|poke|p2|Typhlosion-Hisui, L50, F|
|poke|p2|Whimsicott, L50, F|
|teampreview|4
|showteam|p1|Typhlosion-Hisui||ChoiceSpecs|Blaze|Eruption,ShadowBall,HeatWave,Overheat|||M|||50|,,,,,Fire]Garchomp||LifeOrb|RoughSkin|DragonClaw,Earthquake,StompingTantrum,Protect|||M|||50|,,,,,Ground]Weezing-Galar||FocusSash|NeutralizingGas|Protect,SludgeBomb,Taunt,StrangeSteam|||M|||50|,,,,,Flying]Talonflame||CovertCloak|GaleWings|Tailwind,DualWingbeat,SunnyDay,FlareBlitz|||M|||50|,,,,,Stellar]Annihilape||AssaultVest|Defiant|CloseCombat,RageFist,FinalGambit,IcePunch|||F|||50|,,,,,Grass]Archaludon||PowerHerb|Stalwart|ElectroShot,Thunderbolt,DragonPulse,Protect|||M|||50|,,,,,Electric
|showteam|p2|Dragapult||ChoiceBand|ClearBody|DragonDarts,PhantomForce,Uturn,Outrage|||F|||50|,,,,,Dragon]Sneasler||PsychicSeed|Unburden|DireClaw,ThroatChop,CloseCombat,Protect|||M|||50|,,,,,Dark]Indeedee||FocusSash|PsychicSurge|ExpandingForce,Imprison,TeraBlast,TrickRoom|||M|||50|,,,,,Fighting]Incineroar||SafetyGoggles|Intimidate|FakeOut,Taunt,KnockOff,PartingShot|||M|||50|,,,,,Bug]Typhlosion-Hisui||ChoiceSpecs|Blaze|Eruption,HeatWave,ShadowBall,SolarBeam|||F|||50|,,,,,Fire]Whimsicott||CovertCloak|Prankster|Moonblast,Protect,Tailwind,SunnyDay|||F|||50|,,,,,Steel
|inactive|Battle timer is ON: inactive players will automatically lose when time's up. (requested by rodjilius)
|
|t:|1754876004
|teamsize|p1|4
|teamsize|p2|4
|start
|switch|p1a: Talonflame|Talonflame, L50, M|100/100
|switch|p1b: Annihilape|Annihilape, L50, F|100/100
|switch|p2a: Dragapult|Dragapult, L50, F|100/100
|switch|p2b: Whimsicott|Whimsicott, L50, F|100/100
|turn|1
|
|t:|1754876027
|-terastallize|p2b: Whimsicott|Steel
|move|p1a: Talonflame|Tailwind|p1a: Talonflame
|-sidestart|p1: drakondude2|move: Tailwind
|move|p2b: Whimsicott|Tailwind|p2b: Whimsicott
|-sidestart|p2: rodjilius|move: Tailwind
|move|p2a: Dragapult|Phantom Force||[still]
|-prepare|p2a: Dragapult|Phantom Force
|move|p1b: Annihilape|Rage Fist|p2a: Dragapult|[miss]
|-miss|p1b: Annihilape|p2a: Dragapult
|
|upkeep
|turn|2
|inactive|drakondude2 has 30 seconds left.
|
|t:|1754876054
|switch|p2b: Indeedee|Indeedee, L50, M|100/100
|-fieldstart|move: Psychic Terrain|[from] ability: Psychic Surge|[of] p2b: Indeedee
|-terastallize|p1b: Annihilape|Grass
|move|p2a: Dragapult|Phantom Force|p1a: Talonflame|[from] lockedmove
|-damage|p1a: Talonflame|0 fnt
|faint|p1a: Talonflame
|move|p1b: Annihilape|Rage Fist|p2a: Dragapult
|-supereffective|p2a: Dragapult
|-damage|p2a: Dragapult|35/100
|
|upkeep
|
|t:|1754876074
|switch|p1a: Garchomp|Garchomp, L50, M|100/100
|turn|3
|
|t:|1754876083
|move|p1a: Garchomp|Protect|p1a: Garchomp
|-singleturn|p1a: Garchomp|Protect
|move|p2a: Dragapult|Phantom Force||[still]
|-prepare|p2a: Dragapult|Phantom Force
|move|p2b: Indeedee|Expanding Force|p1b: Annihilape|[spread] p1b
|-activate|p1a: Garchomp|move: Protect
|-damage|p1b: Annihilape|66/100
|move|p1b: Annihilape|Ice Punch|p2b: Indeedee
|-damage|p2b: Indeedee|56/100
|
|upkeep
|turn|4
|
|t:|1754876096
|move|p2a: Dragapult|Phantom Force|p1a: Garchomp|[from] lockedmove
|-damage|p1a: Garchomp|37/100
|-damage|p2a: Dragapult|22/100|[from] ability: Rough Skin|[of] p1a: Garchomp
|move|p1a: Garchomp|Dragon Claw|p2b: Indeedee
|-damage|p2b: Indeedee|0 fnt
|faint|p2b: Indeedee
|-damage|p1a: Garchomp|27/100|[from] item: Life Orb
|move|p1b: Annihilape|Rage Fist|p2a: Dragapult
|-supereffective|p2a: Dragapult
|-damage|p2a: Dragapult|0 fnt
|faint|p2a: Dragapult
|
|-sideend|p1: drakondude2|move: Tailwind
|-sideend|p2: rodjilius|move: Tailwind
|upkeep
|
|t:|1754876104
|switch|p2a: Whimsicott|Whimsicott, L50, F, tera:Steel|100/100
|switch|p2b: Typhlosion|Typhlosion-Hisui, L50, F|100/100
|turn|5
|
|t:|1754876119
|move|p1a: Garchomp|Protect|p1a: Garchomp
|-singleturn|p1a: Garchomp|Protect
|move|p2a: Whimsicott|Tailwind|p2a: Whimsicott
|-sidestart|p2: rodjilius|move: Tailwind
|move|p2b: Typhlosion|Eruption|p1a: Garchomp|[spread] p1b
|-activate|p1a: Garchomp|move: Protect
|-supereffective|p1b: Annihilape
|-damage|p1b: Annihilape|0 fnt
|faint|p1b: Annihilape
|
|upkeep
|
|t:|1754876121
|switch|p1b: Archaludon|Archaludon, L50, M|100/100
|turn|6
|
|t:|1754876131
|move|p1a: Garchomp|Protect||[still]
|-fail|p1a: Garchomp
|move|p2a: Whimsicott|Sunny Day|p2a: Whimsicott
|-weather|SunnyDay
|move|p2b: Typhlosion|Eruption|p1a: Garchomp|[spread] p1a,p1b
|-resisted|p1a: Garchomp
|-damage|p1a: Garchomp|0 fnt
|-damage|p1b: Archaludon|0 fnt
|faint|p1a: Garchomp
|faint|p1b: Archaludon
|
|win|rodjilius
|raw|drakondude2's rating: 1212 → 1187(-25 for losing)
|raw|rodjilius's rating: 1211 → 1236(+25 for winning)
|c|☆rodjilius|Gg
|l|☆rodjilius
|player|p2|
