|j|☆archebol
|j|☆Truevillany123
|html|archebolTruevillany123    
|uhtml|bestof|Game 2 of a best-of-3
|t:|1757727954
|gametype|doubles
|player|p1|archebol|1|1147
|player|p2|Truevillany123|266|1124
|gen|9
|tier|[Gen 9] VGC 2025 Reg H (Bo3)
|rated|
|rule|Species Clause: Limit one of each Pokémon
|rule|Item Clause: Limit 1 of each item
|clearpoke
|poke|p1|Gholdengo, L50|
|poke|p1|Rillaboom, L50, F|
|poke|p1|Ninetales-Alola, L50, F|
|poke|p1|Dragonite, L50, F|
|poke|p1|Annihilape, L50, F|
|poke|p1|Ursaluna-Bloodmoon, L50, M|
|poke|p2|Dragonite, L50, F|
|poke|p2|Ursaluna-Bloodmoon, L50, M|
|poke|p2|Gholdengo, L50|
|poke|p2|Annihilape, L50, F|
|poke|p2|Ninetales-Alola, L50, M|
|poke|p2|Rillaboom, L50, F|
|teampreview|4
|showteam|p1|Gholdengo||LifeOrb|GoodasGold|MakeItRain,ShadowBall,Protect,NastyPlot||||||50|,,,,,Water]Rillaboom||MiracleSeed|GrassySurge|WoodHammer,FakeOut,GrassyGlide,HighHorsepower|||F|||50|,,,,,Fire]Ninetales-Alola||LightClay|SnowWarning|IcicleSpear,Blizzard,AuroraVeil,IcyWind|||F|||50|,,,,,Ghost]Dragonite||LoadedDice|Multiscale|ScaleShot,Tailwind,Protect,Haze|||F|||50|,,,,,Fairy]Annihilape||SafetyGoggles|Defiant|DrainPunch,RageFist,Protect,BulkUp|||F|||50|,,,,,Fire]Ursaluna-Bloodmoon||AssaultVest|MindsEye|BloodMoon,EarthPower,HyperVoice,VacuumWave|||M|||50|,,,,,Water
|showteam|p2|Dragonite||LoadedDice|Multiscale|ScaleShot,Protect,Haze,Tailwind|||F|||50|,,,,,Fairy]Ursaluna-Bloodmoon||LifeOrb|MindsEye|BloodMoon,HyperVoice,EarthPower,Protect|||M|||50|,,,,,Normal]Gholdengo||ChoiceSpecs|GoodasGold|MakeItRain,ShadowBall,Protect,NastyPlot||||||50|,,,,,Water]Annihilape||SafetyGoggles|Defiant|DrainPunch,RageFist,Protect,BulkUp|||F|||50|,,,,,Fire]Ninetales-Alola||FocusSash|SnowWarning|FreezeDry,AuroraVeil,Encore,IcicleSpear|||M|||50|,,,,,Ghost]Rillaboom||AssaultVest|GrassySurge|FakeOut,WoodHammer,HighHorsepower,Uturn|||F|||50|,,,,,Fire
|
|t:|1757727969
|teamsize|p1|4
|teamsize|p2|4
|start
|switch|p1a: Ninetales|Ninetales-Alola, L50, F|100/100
|switch|p1b: Annihilape|Annihilape, L50, F|100/100
|switch|p2a: Annihilape|Annihilape, L50, F|100/100
|switch|p2b: Ninetales|Ninetales-Alola, L50, M|100/100
|-weather|Snowscape|[from] ability: Snow Warning|[of] p1a: Ninetales
|turn|1
|c|☆Truevillany123|gg u won
|
|t:|1757727998
|-terastallize|p2a: Annihilape|Fire
|-terastallize|p1b: Annihilape|Fire
|move|p1a: Ninetales|Icicle Spear|p1b: Annihilape
|-resisted|p1b: Annihilape
|-damage|p1b: Annihilape|98/100
|-resisted|p1b: Annihilape
|-damage|p1b: Annihilape|95/100
|-hitcount|p1b: Annihilape|2
|move|p2b: Ninetales|Icicle Spear|p2a: Annihilape
|-resisted|p2a: Annihilape
|-crit|p2a: Annihilape
|-damage|p2a: Annihilape|96/100
|-resisted|p2a: Annihilape
|-damage|p2a: Annihilape|93/100
|-hitcount|p2a: Annihilape|2
|move|p2a: Annihilape|Rage Fist|p1a: Ninetales
|-damage|p1a: Ninetales|38/100
|move|p1b: Annihilape|Rage Fist|p2a: Annihilape
|-damage|p2a: Annihilape|20/100
|
|-weather|Snowscape|[upkeep]
|upkeep
|turn|2
|
|t:|1757728025
|move|p2a: Annihilape|Protect|p2a: Annihilape
|-singleturn|p2a: Annihilape|Protect
|move|p1a: Ninetales|Aurora Veil|p1a: Ninetales
|-sidestart|p1: archebol|move: Aurora Veil
|move|p2b: Ninetales|Encore|p1a: Ninetales
|-start|p1a: Ninetales|Encore
|move|p1b: Annihilape|Rage Fist|p2a: Annihilape
|-activate|p2a: Annihilape|move: Protect
|
|-weather|Snowscape|[upkeep]
|upkeep
|turn|3
|
|t:|1757728045
|switch|p1a: Rillaboom|Rillaboom, L50, F|100/100
|-fieldstart|move: Grassy Terrain|[from] ability: Grassy Surge|[of] p1a: Rillaboom
|move|p2b: Ninetales|Aurora Veil|p2b: Ninetales
|-sidestart|p2: Truevillany123|move: Aurora Veil
|move|p2a: Annihilape|Rage Fist|p1b: Annihilape
|-damage|p1b: Annihilape|37/100
|move|p1b: Annihilape|Rage Fist|p2a: Annihilape
|-damage|p2a: Annihilape|0 fnt
|faint|p2a: Annihilape
|
|-weather|Snowscape|[upkeep]
|-heal|p1b: Annihilape|43/100|[from] Grassy Terrain
|upkeep
|
|t:|1757728062
|switch|p2a: Dragonite|Dragonite, L50, F, shiny|100/100
|turn|4
|
|t:|1757728073
|move|p2a: Dragonite|Protect|p2a: Dragonite
|-singleturn|p2a: Dragonite|Protect
|move|p1a: Rillaboom|Fake Out|p2a: Dragonite
|-activate|p2a: Dragonite|move: Protect
|move|p2b: Ninetales|Encore|p1a: Rillaboom
|-start|p1a: Rillaboom|Encore
|move|p1b: Annihilape|Rage Fist|p2a: Dragonite
|-activate|p2a: Dragonite|move: Protect
|
|-weather|Snowscape|[upkeep]
|-heal|p1b: Annihilape|49/100|[from] Grassy Terrain
|upkeep
|turn|5
|
|t:|1757728095
|switch|p1a: Ninetales|Ninetales-Alola, L50, F|38/100
|move|p1b: Annihilape|Protect|p1b: Annihilape
|-singleturn|p1b: Annihilape|Protect
|move|p2b: Ninetales|Freeze-Dry|p1a: Ninetales
|-resisted|p1a: Ninetales
|-damage|p1a: Ninetales|27/100
|move|p2a: Dragonite|Scale Shot|p1b: Annihilape
|-activate|p1b: Annihilape|move: Protect
|
|-weather|none
|-heal|p1a: Ninetales|33/100|[from] Grassy Terrain
|-heal|p1b: Annihilape|55/100|[from] Grassy Terrain
|upkeep
|turn|6
|
|t:|1757728115
|move|p2a: Dragonite|Protect|p2a: Dragonite
|-singleturn|p2a: Dragonite|Protect
|move|p2b: Ninetales|Encore|p1b: Annihilape
|-start|p1b: Annihilape|Encore
|move|p1a: Ninetales|Icy Wind|p2a: Dragonite|[spread] p2b
|-activate|p2a: Dragonite|move: Protect
|-resisted|p2b: Ninetales
|-crit|p2b: Ninetales
|-damage|p2b: Ninetales|86/100
|-unboost|p2b: Ninetales|spe|1
|move|p1b: Annihilape|Protect||[still]
|-fail|p1b: Annihilape
|
|-heal|p1a: Ninetales|39/100|[from] Grassy Terrain
|-heal|p1b: Annihilape|61/100|[from] Grassy Terrain
|-heal|p2b: Ninetales|92/100|[from] Grassy Terrain
|upkeep
|turn|7
|
|t:|1757728145
|switch|p1b: Rillaboom|Rillaboom, L50, F|100/100
|move|p1a: Ninetales|Icy Wind|p2b: Ninetales|[spread] p2a,p2b
|-supereffective|p2a: Dragonite
|-resisted|p2b: Ninetales
|-damage|p2a: Dragonite|81/100
|-damage|p2b: Ninetales|86/100
|-unboost|p2a: Dragonite|spe|1
|-unboost|p2b: Ninetales|spe|1
|move|p2a: Dragonite|Scale Shot|p1b: Rillaboom
|-damage|p1b: Rillaboom|90/100
|-damage|p1b: Rillaboom|80/100
|-damage|p1b: Rillaboom|71/100
|-damage|p1b: Rillaboom|61/100
|-hitcount|p1b: Rillaboom|4
|-unboost|p2a: Dragonite|def|1
|-boost|p2a: Dragonite|spe|1
|move|p2b: Ninetales|Freeze-Dry|p1a: Ninetales
|-resisted|p1a: Ninetales
|-damage|p1a: Ninetales|29/100
|
|-heal|p1a: Ninetales|35/100|[from] Grassy Terrain
|-heal|p1b: Rillaboom|67/100|[from] Grassy Terrain
|-heal|p2b: Ninetales|92/100|[from] Grassy Terrain
|-sideend|p2: Truevillany123|move: Aurora Veil
|-fieldend|move: Grassy Terrain
|upkeep
|turn|8
|
|t:|1757728164
|switch|p2b: Gholdengo|Gholdengo, L50|100/100
|move|p2a: Dragonite|Protect|p2a: Dragonite
|-singleturn|p2a: Dragonite|Protect
|move|p1b: Rillaboom|Fake Out|p2a: Dragonite
|-activate|p2a: Dragonite|move: Protect
|move|p1a: Ninetales|Blizzard|p2b: Gholdengo|[spread] p2b
|-activate|p2a: Dragonite|move: Protect
|-resisted|p2b: Gholdengo
|-damage|p2b: Gholdengo|83/100
|-status|p2b: Gholdengo|frz
|
|upkeep
|turn|9
|
|t:|1757728179
|switch|p2a: Ninetales|Ninetales-Alola, L50, M|92/100
|-weather|Snowscape|[from] ability: Snow Warning|[of] p2a: Ninetales
|move|p1a: Ninetales|Blizzard|p2a: Ninetales|[spread] p2a,p2b
|-resisted|p2a: Ninetales
|-resisted|p2b: Gholdengo
|-damage|p2a: Ninetales|73/100
|-damage|p2b: Gholdengo|64/100 frz
|cant|p2b: Gholdengo|frz
|move|p1b: Rillaboom|High Horsepower|p2b: Gholdengo
|-supereffective|p2b: Gholdengo
|-damage|p2b: Gholdengo|0 fnt
|faint|p2b: Gholdengo
|
|-weather|Snowscape|[upkeep]
|-sideend|p1: archebol|move: Aurora Veil
|upkeep
|
|t:|1757728190
|switch|p2b: Dragonite|Dragonite, L50, F, shiny|81/100
|turn|10
|c|☆Truevillany123|gg
|
|t:|1757728207
|switch|p1b: Annihilape|Annihilape, L50, F, tera:Fire|61/100
|move|p1a: Ninetales|Aurora Veil|p1a: Ninetales
|-sidestart|p1: archebol|move: Aurora Veil
|move|p2a: Ninetales|Aurora Veil|p2a: Ninetales
|-sidestart|p2: Truevillany123|move: Aurora Veil
|move|p2b: Dragonite|Scale Shot|p1b: Annihilape
|-damage|p1b: Annihilape|50/100
|-damage|p1b: Annihilape|40/100
|-damage|p1b: Annihilape|30/100
|-damage|p1b: Annihilape|20/100
|-damage|p1b: Annihilape|10/100
|-hitcount|p1b: Annihilape|5
|-unboost|p2b: Dragonite|def|1
|-boost|p2b: Dragonite|spe|1
|
|-weather|Snowscape|[upkeep]
|upkeep
|turn|11
|c|☆Truevillany123|wp man
|
|t:|1757728232
|move|p2b: Dragonite|Tailwind|p2b: Dragonite
|-sidestart|p2: Truevillany123|move: Tailwind
|move|p2a: Ninetales|Encore|p1a: Ninetales
|-start|p1a: Ninetales|Encore
|move|p1a: Ninetales|Aurora Veil||[still]
|-fail|p1a: Ninetales
|move|p1b: Annihilape|Rage Fist|p2b: Dragonite
|-damage|p2b: Dragonite|0 fnt
|faint|p2b: Dragonite
|
|-weather|Snowscape|[upkeep]
|upkeep
|turn|12
|
|t:|1757728247
|switch|p1a: Rillaboom|Rillaboom, L50, F|67/100
|-fieldstart|move: Grassy Terrain|[from] ability: Grassy Surge|[of] p1a: Rillaboom
|move|p2a: Ninetales|Freeze-Dry|p1b: Annihilape
|-resisted|p1b: Annihilape
|-damage|p1b: Annihilape|3/100
|move|p1b: Annihilape|Rage Fist|p2a: Ninetales
|-damage|p2a: Ninetales|0 fnt
|faint|p2a: Ninetales
|
|win|archebol
|raw|archebol's rating: 1147 → 1170(+23 for winning)
|raw|Truevillany123's rating: 1124 → 1101(-23 for losing)
