|j|☆CamronVGC
|j|☆bancomat 2
|html|CamronVGCbancomat 2    
|uhtml|bestof|Game 1 of a best-of-3
|t:|1783347556
|gametype|doubles
|player|p1|CamronVGC|koga|1127
|player|p2|bancomat 2|volkner|1097
|gen|9
|tier|[Gen 9 Champions] VGC 2026 Reg M-B (Bo3)
|rated|
|rule|Species Clause: Limit one of each Pokémon
|rule|Item Clause: Limit 1 of each item
|clearpoke
|poke|p1|Dragalge, L50, F|
|poke|p1|Sinistcha-Masterpiece, L50|
|poke|p1|Incineroar, L50, M|
|poke|p1|Ceruledge, L50, F|
|poke|p1|Ninetales-Alola, L50, F|
|poke|p1|Tauros-Paldea-Aqua, L50, M|
|poke|p2|Kingambit, L50, M, shiny|
|poke|p2|Charizard, L50, F, shiny|
|poke|p2|Floette-Eternal, L50, F|
|poke|p2|Whimsicott, L50, F|
|poke|p2|Garchomp, L50, M, shiny|
|poke|p2|Basculegion, L50, M|
|teampreview|4
|showteam|p1|Dragalge||Dragalgite|PoisonPoint|Protect,Toxic,DragonPulse,ToxicSpikes|Bold||F|||50|]Sinistcha-Masterpiece||KasibBerry|Hospitality|Protect,RagePowder,MatchaGotcha,LifeDew|Bold|||||50|]Incineroar||PasshoBerry|Intimidate|FlareBlitz,ThroatChop,PartingShot,FakeOut|Careful||M|||50|]Ceruledge||ColburBerry|FlashFire|Protect,ShadowSneak,BitterBlade,BulkUp|Adamant||F|||50|]Ninetales-Alola||FocusSash|SnowWarning|Protect,Blizzard,FreezeDry,AuroraVeil|Timid||F|||50|]Tauros-Paldea-Aqua||LifeOrb|Intimidate|Protect,AquaJet,WaveCrash,CloseCombat|Adamant||M|||50|
|showteam|p2|Kingambit||BlackGlasses|Defiant|KowtowCleave,SuckerPunch,LowKick,Protect|Adamant||M|||50|]Charizard||CharizarditeY|SolarPower|HeatWave,WeatherBall,SolarBeam,Protect|Modest||F|||50|]Floette-Eternal||Floettite|FlowerVeil|Moonblast,DazzlingGleam,LightofRuin,Protect|Timid||F|||50|]Whimsicott||FocusSash|Prankster|Moonblast,Tailwind,Encore,Protect|Timid||F|||50|]Garchomp||LifeOrb|RoughSkin|Earthquake,DragonClaw,RockSlide,Protect|Jolly||M|||50|]Basculegion||MysticWater|Adaptability|WaveCrash,AquaJet,LastRespects,Protect|Adamant||M|||50|
|inactive|Battle timer is ON: inactive players will automatically lose when time's up. (requested by CamronVGC)
|inactive|CamronVGC has 60 seconds left.
|inactive|bancomat 2 has 60 seconds left.
|
|t:|1783347595
|teamsize|p1|4
|teamsize|p2|4
|start
|switch|p1a: Ceruledge|Ceruledge, L50, F|100/100
|switch|p1b: Ninetales|Ninetales-Alola, L50, F|100/100
|switch|p2a: Floette|Floette-Eternal, L50, F|100/100
|switch|p2b: Whimsicott|Whimsicott, L50, F|100/100
|-weather|Snowscape|[from] ability: Snow Warning|[of] p1b: Ninetales
|turn|1
|inactive|bancomat 2 has 30 seconds left.
|
|t:|1783347622
|detailschange|p2a: Floette|Floette-Mega, L50, F
|-mega|p2a: Floette|Floette|Floettite
|-ability|p2a: Floette|Fairy Aura
|move|p2a: Floette|Protect|p2a: Floette
|-singleturn|p2a: Floette|Protect
|move|p2b: Whimsicott|Moonblast|p1b: Ninetales
|-damage|p1b: Ninetales|44/100
|-unboost|p1b: Ninetales|spa|1
|move|p1b: Ninetales|Aurora Veil|p1b: Ninetales
|-sidestart|p1: CamronVGC|move: Aurora Veil
|move|p1a: Ceruledge|Bitter Blade|p2b: Whimsicott
|-supereffective|p2b: Whimsicott|1
|-enditem|p2b: Whimsicott|Focus Sash
|-damage|p2b: Whimsicott|1/100
|
|-weather|Snowscape|[upkeep]
|upkeep
|turn|2
|
|t:|1783347647
|switch|p1b: Incineroar|Incineroar, L50, M|100/100
|-ability|p1b: Incineroar|Intimidate|boost
|-unboost|p2a: Floette|atk|1
|-unboost|p2b: Whimsicott|atk|1
|move|p2b: Whimsicott|Encore|p1a: Ceruledge
|-start|p1a: Ceruledge|Encore
|move|p2a: Floette|Dazzling Gleam|p1b: Incineroar|[spread] p1a,p1b
|-resisted|p1a: Ceruledge|1
|-damage|p1a: Ceruledge|83/100
|-damage|p1b: Incineroar|75/100
|move|p1a: Ceruledge|Bitter Blade|p2b: Whimsicott
|-supereffective|p2b: Whimsicott|1
|-damage|p2b: Whimsicott|0 fnt
|-heal|p1a: Ceruledge|84/100|[from] drain|[of] p2b: Whimsicott
|faint|p2b: Whimsicott
|
|-weather|Snowscape|[upkeep]
|upkeep
|
|t:|1783347667
|switch|p2b: Garchomp|Garchomp, L50, M, shiny|100/100
|turn|3
|
|t:|1783347692
|move|p1b: Incineroar|Fake Out|p2b: Garchomp
|-damage|p2b: Garchomp|90/100
|-damage|p1b: Incineroar|63/100|[from] ability: Rough Skin|[of] p2b: Garchomp
|move|p2a: Floette|Moonblast|p1b: Incineroar
|-damage|p1b: Incineroar|27/100
|cant|p2b: Garchomp|flinch
|move|p1a: Ceruledge|Bitter Blade|p2a: Floette
|-crit|p2a: Floette
|-damage|p2a: Floette|3/100
|-heal|p1a: Ceruledge|100/100|[from] drain|[of] p2a: Floette
|
|-weather|Snowscape|[upkeep]
|upkeep
|turn|4
|
|t:|1783347716
|move|p2a: Floette|Protect|p2a: Floette
|-singleturn|p2a: Floette|Protect
|move|p2b: Garchomp|Earthquake|p1a: Ceruledge|[spread] p1a,p1b
|-activate|p2a: Floette|move: Protect
|-supereffective|p1a: Ceruledge|1
|-supereffective|p1b: Incineroar|1
|-damage|p1a: Ceruledge|28/100
|-damage|p1b: Incineroar|0 fnt
|faint|p1b: Incineroar
|-damage|p2b: Garchomp|81/100|[from] item: Life Orb
|move|p1a: Ceruledge|Bitter Blade|p2a: Floette
|-activate|p2a: Floette|move: Protect
|
|-weather|Snowscape|[upkeep]
|-end|p1a: Ceruledge|Encore
|upkeep
|
|t:|1783347724
|switch|p1b: Ninetales|Ninetales-Alola, L50, F|44/100
|turn|5
|
|t:|1783347737
|switch|p2b: Kingambit|Kingambit, L50, M, shiny|100/100
|move|p1b: Ninetales|Blizzard|p2a: Floette|[spread] p2a,p2b
|-resisted|p2b: Kingambit|1
|-damage|p2a: Floette|0 fnt
|-damage|p2b: Kingambit|85/100
|faint|p2a: Floette
|move|p1a: Ceruledge|Bulk Up|p1a: Ceruledge
|-boost|p1a: Ceruledge|atk|1
|-boost|p1a: Ceruledge|def|1
|
|-weather|none
|-sideend|p1: CamronVGC|move: Aurora Veil
|upkeep
|
|t:|1783347746
|switch|p2a: Garchomp|Garchomp, L50, M, shiny|81/100
|turn|6
|
|t:|1783347759
|switch|p1b: Sinistcha|Sinistcha-Masterpiece, L50|100/100
|-heal|p1a: Ceruledge|53/100|[from] ability: Hospitality|[of] p1b: Sinistcha
|move|p2a: Garchomp|Protect|p2a: Garchomp
|-singleturn|p2a: Garchomp|Protect
|move|p1a: Ceruledge|Protect|p1a: Ceruledge
|-singleturn|p1a: Ceruledge|Protect
|move|p2b: Kingambit|Low Kick|p1b: Sinistcha
|-immune|p1b: Sinistcha
|
|upkeep
|turn|7
|inactive|CamronVGC has 30 seconds left.
|inactive|CamronVGC has 20 seconds left.
|
|t:|1783347795
|move|p2b: Kingambit|Protect|p2b: Kingambit
|-singleturn|p2b: Kingambit|Protect
|move|p2a: Garchomp|Earthquake|p1a: Ceruledge|[spread] p1a,p1b
|-activate|p2b: Kingambit|move: Protect
|-supereffective|p1a: Ceruledge|1
|-resisted|p1b: Sinistcha|1
|-damage|p1a: Ceruledge|0 fnt
|-damage|p1b: Sinistcha|82/100
|faint|p1a: Ceruledge
|-damage|p2a: Garchomp|71/100|[from] item: Life Orb
|move|p1b: Sinistcha|Matcha Gotcha|p2a: Garchomp|[spread] p2a
|-activate|p2b: Kingambit|move: Protect
|-damage|p2a: Garchomp|47/100
|-heal|p1b: Sinistcha|94/100|[from] drain|[of] p2a: Garchomp
|
|upkeep
|
|t:|1783347809
|switch|p1a: Ninetales|Ninetales-Alola, L50, F|44/100
|-weather|Snowscape|[from] ability: Snow Warning|[of] p1a: Ninetales
|turn|8
|
|t:|1783347824
|move|p2a: Garchomp|Protect|p2a: Garchomp
|-singleturn|p2a: Garchomp|Protect
|move|p1a: Ninetales|Aurora Veil|p1a: Ninetales
|-sidestart|p1: CamronVGC|move: Aurora Veil
|move|p1b: Sinistcha|Matcha Gotcha|p2b: Kingambit|[spread] p2b
|-activate|p2a: Garchomp|move: Protect
|-resisted|p2b: Kingambit|1
|-damage|p2b: Kingambit|72/100
|-heal|p1b: Sinistcha|100/100|[from] drain|[of] p2b: Kingambit
|move|p2b: Kingambit|Kowtow Cleave|p1a: Ninetales
|-resisted|p1a: Ninetales|1
|-damage|p1a: Ninetales|22/100
|
|-weather|Snowscape|[upkeep]
|upkeep
|turn|9
|
|t:|1783347842
|move|p1a: Ninetales|Blizzard|p2b: Kingambit|[spread] p2a,p2b
|-supereffective|p2a: Garchomp|2
|-resisted|p2b: Kingambit|1
|-damage|p2a: Garchomp|0 fnt
|-damage|p2b: Kingambit|57/100
|faint|p2a: Garchomp
|move|p1b: Sinistcha|Matcha Gotcha|p2b: Kingambit
|-resisted|p2b: Kingambit|1
|-damage|p2b: Kingambit|42/100
|move|p2b: Kingambit|Kowtow Cleave|p1a: Ninetales
|-resisted|p1a: Ninetales|1
|-damage|p1a: Ninetales|2/100
|
|-weather|Snowscape|[upkeep]
|upkeep
|turn|10
|
|t:|1783347855
|move|p2b: Kingambit|Protect|p2b: Kingambit
|-singleturn|p2b: Kingambit|Protect
|move|p1a: Ninetales|Blizzard|p2b: Kingambit
|-activate|p2b: Kingambit|move: Protect
|move|p1b: Sinistcha|Matcha Gotcha|p2b: Kingambit
|-activate|p2b: Kingambit|move: Protect
|
|-weather|Snowscape|[upkeep]
|upkeep
|turn|11
|
|t:|1783347860
|move|p2b: Kingambit|Sucker Punch|p1a: Ninetales
|-resisted|p1a: Ninetales|1
|-damage|p1a: Ninetales|0 fnt
|faint|p1a: Ninetales
|move|p1b: Sinistcha|Matcha Gotcha|p2b: Kingambit
|-resisted|p2b: Kingambit|1
|-damage|p2b: Kingambit|27/100
|
|-weather|Snowscape|[upkeep]
|upkeep
|turn|12
|
|t:|1783347871
|move|p2b: Kingambit|Protect|p2b: Kingambit
|-singleturn|p2b: Kingambit|Protect
|move|p1b: Sinistcha|Matcha Gotcha|p2b: Kingambit
|-activate|p2b: Kingambit|move: Protect
|
|-weather|none
|-sideend|p1: CamronVGC|move: Aurora Veil
|upkeep
|turn|13
|
|t:|1783347875
|move|p1b: Sinistcha|Protect|p1b: Sinistcha
|-singleturn|p1b: Sinistcha|Protect
|move|p2b: Kingambit|Kowtow Cleave|p1b: Sinistcha
|-activate|p1b: Sinistcha|move: Protect
|
|upkeep
|turn|14
|
|t:|1783347884
|move|p1b: Sinistcha|Matcha Gotcha|p2b: Kingambit
|-resisted|p2b: Kingambit|1
|-damage|p2b: Kingambit|11/100
|move|p2b: Kingambit|Kowtow Cleave|p1b: Sinistcha
|-supereffective|p1b: Sinistcha|1
|-damage|p1b: Sinistcha|7/100
|
|upkeep
|turn|15
|
|t:|1783347891
|move|p2b: Kingambit|Sucker Punch||[still]
|-fail|p2b: Kingambit
|move|p1b: Sinistcha|Life Dew|p1b: Sinistcha
|-heal|p1b: Sinistcha|33/100
|
|upkeep
|turn|16
|
|t:|1783347898
|move|p1b: Sinistcha|Protect|p1b: Sinistcha
|-singleturn|p1b: Sinistcha|Protect
|move|p2b: Kingambit|Sucker Punch||[still]
|-fail|p2b: Kingambit
|
|upkeep
|turn|17
|
|t:|1783347904
|move|p2b: Kingambit|Sucker Punch|p1b: Sinistcha
|-supereffective|p1b: Sinistcha|1
|-damage|p1b: Sinistcha|0 fnt
|faint|p1b: Sinistcha
|
|win|bancomat 2
