|j|☆MrTedno
|j|☆1OO% Jesus
|html|MrTedno1OO% Jesus    
|uhtml|bestof|Game 1 of a best-of-3
|t:|1782395453
|gametype|doubles
|player|p1|MrTedno|266|1189
|player|p2|1OO% Jesus|lillie-z|1175
|gen|9
|tier|[Gen 9 Champions] VGC 2026 Reg M-B (Bo3)
|rated|
|rule|Species Clause: Limit one of each Pokémon
|rule|Item Clause: Limit 1 of each item
|clearpoke
|poke|p1|Clefable, L50, M|
|poke|p1|Corviknight, L50, M|
|poke|p1|Garchomp, L50, M|
|poke|p1|Froslass, L50, F|
|poke|p1|Glimmora, L50, M|
|poke|p1|Rotom-Wash, L50|
|poke|p2|Charizard, L50, M|
|poke|p2|Whimsicott, L50, F|
|poke|p2|Garchomp, L50, M|
|poke|p2|Basculegion, L50, M|
|poke|p2|Kingambit, L50, F|
|poke|p2|Floette-Eternal, L50, F|
|teampreview|4
|showteam|p1|Clefable||Leftovers|Unaware|FollowMe,LifeDew,Moonblast,Protect|Bold||M|||50|]Corviknight||OccaBerry|MirrorArmor|BraveBird,BulkUp,Tailwind,Roost|Adamant||M|||50|]Garchomp||LifeOrb|RoughSkin|Earthquake,StompingTantrum,DragonClaw,Protect|Jolly||M|||50|]Froslass||Froslassite|CursedBody|Blizzard,ShadowBall,AuroraVeil,Protect|Modest||F|||50|]Glimmora||Glimmoranite|ToxicDebris|PowerGem,SludgeBomb,EarthPower,SpikyShield|Timid||M|||50|]Rotom-Wash||SitrusBerry|Levitate|Thunderbolt,HydroPump,WillOWisp,Protect|Modest|||||50|
|showteam|p2|Charizard||CharizarditeY|Blaze|HeatWave,WeatherBall,SolarBeam,Protect|Modest||M|||50|]Whimsicott||FocusSash|Prankster|Moonblast,Tailwind,Encore,Protect|Timid||F|||50|]Garchomp||LifeOrb|RoughSkin|Earthquake,DragonClaw,RockSlide,Protect|Jolly||M|||50|]Basculegion||MysticWater|Adaptability|WaveCrash,LastRespects,AquaJet,Protect|Adamant||M|||50|]Kingambit||ChopleBerry|Defiant|KowtowCleave,SuckerPunch,IronHead,LowKick|Adamant||F|||50|]Floette-Eternal||Floettite|FlowerVeil|DazzlingGleam,Moonblast,LightofRuin,Protect|Timid||F|||50|
|inactive|Battle timer is ON: inactive players will automatically lose when time's up. (requested by 1OO% Jesus)
|
|t:|1782395552
|teamsize|p1|4
|teamsize|p2|4
|start
|switch|p1a: Duncan|Glimmora, L50, M|100/100
|switch|p1b: Fleance|Clefable, L50, M|100/100
|switch|p2a: Whimsicott|Whimsicott, L50, F|100/100
|switch|p2b: Basculegion|Basculegion, L50, M|100/100
|turn|1
|inactive|MrTedno has 30 seconds left.
|inactive|1OO% Jesus has 30 seconds left.
|inactive|1OO% Jesus has 20 seconds left.
|
|t:|1782395591
|detailschange|p1a: Duncan|Glimmora-Mega, L50, M
|-mega|p1a: Duncan|Glimmora|Glimmoranite
|move|p1b: Fleance|Follow Me|p1b: Fleance
|-singleturn|p1b: Fleance|move: Follow Me
|move|p2a: Whimsicott|Tailwind|p2a: Whimsicott
|-sidestart|p2: 1OO% Jesus|move: Tailwind
|move|p2b: Basculegion|Wave Crash|p1b: Fleance
|-damage|p1b: Fleance|24/100
|-damage|p2b: Basculegion|75/100|[from] Recoil
|move|p1a: Duncan|Power Gem|p2b: Basculegion
|-damage|p2b: Basculegion|8/100
|
|-heal|p1b: Fleance|30/100|[from] item: Leftovers
|upkeep
|turn|2
|inactive|MrTedno has 30 seconds left.
|inactive|1OO% Jesus has 30 seconds left.
|inactive|MrTedno has 20 seconds left.
|
|t:|1782395627
|switch|p2b: Kingambit|Kingambit, L50, F|100/100
|switch|p1b: Malcolm|Rotom-Wash, L50|100/100
|move|p1a: Duncan|Spiky Shield|p1a: Duncan
|-singleturn|p1a: Duncan|move: Protect
|move|p2a: Whimsicott|Encore|p1a: Duncan
|-activate|p1a: Duncan|move: Protect
|
|upkeep
|turn|3
|inactive|MrTedno has 30 seconds left.
|inactive|MrTedno has 20 seconds left.
|inactive|MrTedno has 15 seconds left.
|inactive|MrTedno has 10 seconds left.
|inactive|MrTedno has 5 seconds left.
|
|t:|1782395681
|switch|p2b: Charizard|Charizard, L50, M|100/100
|move|p2a: Whimsicott|Encore|p1a: Duncan
|-start|p1a: Duncan|Encore
|move|p1a: Duncan|Spiky Shield||[still]
|-fail|p1a: Duncan
|move|p1b: Malcolm|Thunderbolt|p2a: Whimsicott
|-resisted|p2a: Whimsicott|1
|-damage|p2a: Whimsicott|66/100
|
|upkeep
|turn|4
|inactive|1OO% Jesus has 30 seconds left.
|inactive|MrTedno has 30 seconds left.
|inactive|MrTedno has 20 seconds left.
|
|t:|1782395722
|switch|p1a: Fleance|Clefable, L50, M|30/100
|detailschange|p2b: Charizard|Charizard-Mega-Y, L50, M
|-mega|p2b: Charizard|Charizard|Charizardite Y
|-weather|SunnyDay|[from] ability: Drought|[of] p2b: Charizard
|move|p1b: Malcolm|Protect|p1b: Malcolm
|-singleturn|p1b: Malcolm|Protect
|move|p2a: Whimsicott|Moonblast|p1b: Malcolm
|-activate|p1b: Malcolm|move: Protect
|move|p2b: Charizard|Solar Beam||[still]
|-prepare|p2b: Charizard|Solar Beam
|-anim|p2b: Charizard|Solar Beam|p1b: Malcolm
|-activate|p1b: Malcolm|move: Protect
|
|-weather|SunnyDay|[upkeep]
|-heal|p1a: Fleance|36/100|[from] item: Leftovers
|-sideend|p2: 1OO% Jesus|move: Tailwind
|upkeep
|turn|5
|
|t:|1782395746
|move|p1a: Fleance|Follow Me|p1a: Fleance
|-singleturn|p1a: Fleance|move: Follow Me
|move|p2a: Whimsicott|Encore|p1a: Fleance
|-start|p1a: Fleance|Encore
|move|p2b: Charizard|Heat Wave|p1b: Malcolm|[spread] p1a,p1b
|-resisted|p1b: Malcolm|1
|-damage|p1a: Fleance|0 fnt
|-damage|p1b: Malcolm|70/100
|faint|p1a: Fleance
|move|p1b: Malcolm|Thunderbolt|p2b: Charizard
|-supereffective|p2b: Charizard|1
|-damage|p2b: Charizard|25/100
|
|-weather|SunnyDay|[upkeep]
|upkeep
|
|t:|1782395755
|switch|p1a: Duncan|Glimmora-Mega, L50, M|100/100
|turn|6
|inactive|MrTedno has 30 seconds left.
|inactive|MrTedno has 20 seconds left.
|inactive|MrTedno has 15 seconds left.
|
|t:|1782395799
|move|p2b: Charizard|Protect|p2b: Charizard
|-singleturn|p2b: Charizard|Protect
|move|p2a: Whimsicott|Tailwind|p2a: Whimsicott
|-sidestart|p2: 1OO% Jesus|move: Tailwind
|move|p1a: Duncan|Power Gem|p2b: Charizard
|-activate|p2b: Charizard|move: Protect
|move|p1b: Malcolm|Thunderbolt|p2b: Charizard
|-activate|p2b: Charizard|move: Protect
|
|-weather|SunnyDay|[upkeep]
|upkeep
|turn|7
|inactive|MrTedno has 30 seconds left.
|
|t:|1782395834
|switch|p2b: Kingambit|Kingambit, L50, F|100/100
|move|p1b: Malcolm|Protect|p1b: Malcolm
|-singleturn|p1b: Malcolm|Protect
|move|p2a: Whimsicott|Encore|p1a: Duncan
|-start|p1a: Duncan|Encore
|move|p1a: Duncan|Power Gem|p2a: Whimsicott
|-damage|p2a: Whimsicott|0 fnt
|faint|p2a: Whimsicott
|
|-weather|SunnyDay|[upkeep]
|upkeep
|inactive|1OO% Jesus has 30 seconds left.
|
|t:|1782395862
|switch|p2a: Basculegion|Basculegion, L50, M|8/100
|turn|8
|inactive|1OO% Jesus has 30 seconds left.
|
|t:|1782395891
|switch|p1a: Macduff|Garchomp, L50, M|100/100
|move|p2a: Basculegion|Last Respects|p1b: Malcolm
|-damage|p1b: Malcolm|3/100
|-enditem|p1b: Malcolm|Sitrus Berry|[eat]
|-heal|p1b: Malcolm|28/100|[from] item: Sitrus Berry
|move|p2b: Kingambit|Iron Head|p1a: Macduff
|-damage|p1a: Macduff|57/100
|-damage|p2b: Kingambit|87/100|[from] ability: Rough Skin|[of] p1a: Macduff
|move|p1b: Malcolm|Will-O-Wisp|p2b: Kingambit|[miss]
|-miss|p1b: Malcolm|p2b: Kingambit
|
|-weather|none
|upkeep
|turn|9
|inactive|MrTedno has 30 seconds left.
|inactive|1OO% Jesus has 30 seconds left.
|inactive|MrTedno has 20 seconds left.
|inactive|1OO% Jesus has 20 seconds left.
|
|t:|1782395929
|move|p1a: Macduff|Protect|p1a: Macduff
|-singleturn|p1a: Macduff|Protect
|move|p2b: Kingambit|Sucker Punch||[still]
|-fail|p2b: Kingambit
|move|p2a: Basculegion|Last Respects|p1b: Malcolm
|-damage|p1b: Malcolm|0 fnt
|faint|p1b: Malcolm
|
|-sideend|p2: 1OO% Jesus|move: Tailwind
|upkeep
|
|t:|1782395936
|switch|p1b: Duncan|Glimmora-Mega, L50, M|100/100
|turn|10
|inactive|1OO% Jesus has 30 seconds left.
|
|t:|1782395967
|move|p1b: Duncan|Spiky Shield|p1b: Duncan
|-singleturn|p1b: Duncan|move: Protect
|move|p2a: Basculegion|Aqua Jet|p1a: Macduff
|-damage|p1a: Macduff|24/100
|-damage|p2a: Basculegion|0 fnt|[from] ability: Rough Skin|[of] p1a: Macduff
|faint|p2a: Basculegion
|move|p2b: Kingambit|Sucker Punch|p1a: Macduff
|-damage|p1a: Macduff|0 fnt
|-damage|p2b: Kingambit|75/100|[from] ability: Rough Skin|[of] p1a: Macduff
|faint|p1a: Macduff
|
|upkeep
|
|t:|1782395976
|switch|p2a: Charizard|Charizard-Mega-Y, L50, M|25/100
|-weather|SunnyDay|[from] ability: Drought|[of] p2a: Charizard
|turn|11
|
|t:|1782395992
|move|p2b: Kingambit|Sucker Punch|p1b: Duncan
|-damage|p1b: Duncan|55/100
|move|p1b: Duncan|Earth Power|p2b: Kingambit
|-supereffective|p2b: Kingambit|1
|-damage|p2b: Kingambit|12/100
|move|p2a: Charizard|Solar Beam||[still]
|-prepare|p2a: Charizard|Solar Beam
|-anim|p2a: Charizard|Solar Beam|p1b: Duncan
|-damage|p1b: Duncan|3/100
|
|-weather|SunnyDay|[upkeep]
|upkeep
|turn|12
|
|t:|1782396005
|move|p2b: Kingambit|Sucker Punch|p1b: Duncan
|-damage|p1b: Duncan|0 fnt
|faint|p1b: Duncan
|
|win|1OO% Jesus
||1OO% Jesus is ready for game 2.
||MrTedno is ready for game 2.
|uhtml|next|Next: Game 2 of 3
