|j|☆the killer1234
|j|☆failandimprove5
|html|the killer1234failandimprove5    
|uhtml|bestof|Game 2 of a best-of-3
|t:|1784394348
|gametype|doubles
|player|p1|the killer1234|266|1151
|player|p2|failandimprove5|102|1397
|gen|9
|tier|[Gen 9 Champions] VGC 2026 Reg M-B (Bo3)
|rated|
|rule|Species Clause: Limit one of each Pokémon
|rule|Item Clause: Limit 1 of each item
|clearpoke
|poke|p1|Charizard, L50, F|
|poke|p1|Tyranitar, L50, M|
|poke|p1|Milotic, L50, F|
|poke|p1|Incineroar, L50, M|
|poke|p1|Sinistcha, L50|
|poke|p1|Sneasler, L50, M|
|poke|p2|Charizard, L50, M|
|poke|p2|Floette-Eternal, L50, F|
|poke|p2|Garchomp, L50, M|
|poke|p2|Kingambit, L50, M|
|poke|p2|Basculegion, L50, M|
|poke|p2|Whimsicott, L50, M|
|teampreview|4
|showteam|p1|Charizard||CharizarditeY|Blaze|HeatWave,WeatherBall,SolarBeam,Protect|Modest||F|||50|]Tyranitar||Tyranitarite|SandStream|RockSlide,Crunch,Protect,HighHorsepower|Adamant||M|||50|]Milotic||Leftovers|Competitive|IcyWind,Scald,Protect,Recover|Calm||F|||50|]Incineroar||SitrusBerry|Intimidate|FakeOut,FlareBlitz,PartingShot,ThroatChop|Adamant||M|||50|]Sinistcha||CobaBerry|Hospitality|MatchaGotcha,RagePowder,LifeDew,TrickRoom|Bold|||||50|]Sneasler||WhiteHerb|Unburden|FakeOut,CloseCombat,DireClaw,Coaching|Adamant||M|||50|
|showteam|p2|Charizard||CharizarditeY|Blaze|HeatWave,WeatherBall,SolarBeam,Protect|Modest||M|||50|]Floette-Eternal||Floettite|FlowerVeil|Moonblast,DazzlingGleam,LightofRuin,Protect|Timid||F|||50|]Garchomp||LifeOrb|RoughSkin|Earthquake,DragonClaw,RockSlide,Protect|Jolly||M|||50|]Kingambit||OccaBerry|Defiant|KowtowCleave,SuckerPunch,IronHead,LowKick|Adamant||M|||50|]Basculegion||MysticWater|Adaptability|WaveCrash,LastRespects,AquaJet,Protect|Adamant||M|||50|]Whimsicott||FocusSash|Prankster|Moonblast,Tailwind,Encore,Protect|Timid||M|||50|
|inactive|Battle timer is ON: inactive players will automatically lose when time's up. (requested by the killer1234)
|inactive|failandimprove5 also wants the timer to be on.
|inactive|the killer1234 has 60 seconds left.
|inactive|failandimprove5 has 60 seconds left.
|
|t:|1784394391
|teamsize|p1|4
|teamsize|p2|4
|start
|switch|p1a: Charizard|Charizard, L50, F|100/100
|switch|p1b: Sneasler|Sneasler, L50, M|100/100
|switch|p2a: Charizard|Charizard, L50, M|100/100
|switch|p2b: Whimsicott|Whimsicott, L50, M|100/100
|turn|1
|
|t:|1784394411
|detailschange|p1a: Charizard|Charizard-Mega-Y, L50, F
|-mega|p1a: Charizard|Charizard|Charizardite Y
|-weather|SunnyDay|[from] ability: Drought|[of] p1a: Charizard
|move|p2b: Whimsicott|Protect|p2b: Whimsicott
|-singleturn|p2b: Whimsicott|Protect
|move|p2a: Charizard|Protect|p2a: Charizard
|-singleturn|p2a: Charizard|Protect
|move|p1b: Sneasler|Fake Out|p2b: Whimsicott
|-activate|p2b: Whimsicott|move: Protect
|move|p1a: Charizard|Heat Wave|p2b: Whimsicott|[spread] 
|-activate|p2a: Charizard|move: Protect
|-activate|p2b: Whimsicott|move: Protect
|
|-weather|SunnyDay|[upkeep]
|upkeep
|turn|2
|inactive|failandimprove5 has 30 seconds left.
|inactive|failandimprove5 has 20 seconds left.
|inactive|failandimprove5 has 15 seconds left.
|inactive|failandimprove5 has 10 seconds left.
|
|t:|1784394458
|detailschange|p2a: Charizard|Charizard-Mega-Y, L50, M
|-mega|p2a: Charizard|Charizard|Charizardite Y
|move|p2b: Whimsicott|Encore|p1b: Sneasler
|-start|p1b: Sneasler|Encore
|move|p1b: Sneasler|Fake Out||[still]
|-hint|Fake Out only works on your first turn out.
|-fail|p1b: Sneasler
|move|p1a: Charizard|Heat Wave|p2a: Charizard|[spread] p2a,p2b
|-resisted|p2a: Charizard|1
|-supereffective|p2b: Whimsicott|1
|-damage|p2a: Charizard|70/100
|-enditem|p2b: Whimsicott|Focus Sash
|-damage|p2b: Whimsicott|1/100
|-status|p2b: Whimsicott|brn
|move|p2a: Charizard|Heat Wave|p1b: Sneasler|[spread] p1a,p1b
|-resisted|p1a: Charizard|1
|-damage|p1a: Charizard|70/100
|-damage|p1b: Sneasler|16/100
|
|-weather|SunnyDay|[upkeep]
|-damage|p2b: Whimsicott|0 fnt|[from] brn
|faint|p2b: Whimsicott
|upkeep
|
|t:|1784394471
|switch|p2b: Garchomp|Garchomp, L50, M|100/100
|turn|3
|
|t:|1784394491
|switch|p1a: Milotic|Milotic, L50, F|100/100
|-activate|p1b: Sneasler|move: Struggle
|move|p1b: Sneasler|Struggle|p2a: Charizard
|-damage|p2a: Charizard|51/100
|-damage|p1b: Sneasler|0 fnt|[from] recoil
|faint|p1b: Sneasler
|move|p2b: Garchomp|Rock Slide|p1a: Milotic|[miss]
|-miss|p2b: Garchomp|p1a: Milotic
|move|p2a: Charizard|Weather Ball|p1a: Milotic
|-resisted|p1a: Milotic|1
|-damage|p1a: Milotic|70/100
|
|-weather|SunnyDay|[upkeep]
|-heal|p1a: Milotic|76/100|[from] item: Leftovers
|upkeep
|
|t:|1784394509
|switch|p1b: Charizard|Charizard-Mega-Y, L50, F|70/100
|turn|4
|inactive|the killer1234 has 30 seconds left.
|
|t:|1784394539
|switch|p2a: Basculegion|Basculegion, L50, M|100/100
|switch|p1a: Sinistcha|Sinistcha, L50|100/100
|-heal|p1b: Charizard|95/100|[from] ability: Hospitality|[of] p1a: Sinistcha
|move|p2b: Garchomp|Protect|p2b: Garchomp
|-singleturn|p2b: Garchomp|Protect
|move|p1b: Charizard|Heat Wave|p2a: Basculegion|[spread] p2a
|-activate|p2b: Garchomp|move: Protect
|-resisted|p2a: Basculegion|1
|-damage|p2a: Basculegion|66/100
|
|-weather|SunnyDay|[upkeep]
|upkeep
|turn|5
|
|t:|1784394563
|switch|p1b: Milotic|Milotic, L50, F|76/100
|move|p2b: Garchomp|Rock Slide|p1b: Milotic|[spread] p1a,p1b
|-damage|p1a: Sinistcha|77/100
|-damage|p1b: Milotic|55/100
|-damage|p2b: Garchomp|90/100|[from] item: Life Orb
|move|p2a: Basculegion|Last Respects|p1a: Sinistcha
|-supereffective|p1a: Sinistcha|1
|-damage|p1a: Sinistcha|0 fnt
|faint|p1a: Sinistcha
|
|-weather|none
|-heal|p1b: Milotic|61/100|[from] item: Leftovers
|upkeep
|
|t:|1784394576
|switch|p1a: Charizard|Charizard-Mega-Y, L50, F|95/100
|-weather|SunnyDay|[from] ability: Drought|[of] p1a: Charizard
|turn|6
|
|t:|1784394591
|move|p2b: Garchomp|Rock Slide|p1a: Charizard|[spread] p1a,p1b
|-supereffective|p1a: Charizard|2
|-crit|p1b: Milotic
|-damage|p1a: Charizard|0 fnt
|-damage|p1b: Milotic|26/100
|faint|p1a: Charizard
|-damage|p2b: Garchomp|80/100|[from] item: Life Orb
|cant|p1b: Milotic|flinch
|move|p2a: Basculegion|Last Respects|p1b: Milotic
|-damage|p1b: Milotic|0 fnt
|faint|p1b: Milotic
|
|win|failandimprove5
|raw|the killer1234's rating: 1151 → 1141(-10 for losing)
|raw|failandimprove5's rating: 1397 → 1405(+8 for winning)
