|j|☆Dungx showdown
|j|☆NoitUK_VGC
|html|Dungx showdownNoitUK_VGC    
|uhtml|bestof|Game 1 of a best-of-3
|t:|1783858480
|gametype|doubles
|player|p1|Dungx showdown|miku-ghost|1221
|player|p2|NoitUK_VGC|102|1151
|gen|9
|tier|[Gen 9 Champions] VGC 2026 Reg M-B (Bo3)
|rated|
|rule|Species Clause: Limit one of each Pokémon
|rule|Item Clause: Limit 1 of each item
|clearpoke
|poke|p1|Pelipper, L50, M|
|poke|p1|Archaludon, L50, M|
|poke|p1|Basculegion, L50, M|
|poke|p1|Dragonite, L50, F|
|poke|p1|Metagross, L50|
|poke|p1|Sableye, L50, M|
|poke|p2|Archaludon, L50, F|
|poke|p2|Swampert, L50, M|
|poke|p2|Pelipper, L50, M|
|poke|p2|Raichu, L50, M|
|poke|p2|Sableye, L50, F|
|poke|p2|Kingambit, L50, M|
|teampreview|4
|showteam|p1|Pelipper||FocusSash|Drizzle|Tailwind,Protect,WeatherBall,Hurricane|Modest||M|||50|]Archaludon||Leftovers|Stamina|ElectroShot,Protect,FlashCannon,DragonPulse|Modest||M|||50|]Basculegion||LifeOrb|SwiftSwim|AquaJet,WaveCrash,Protect,LastRespects|Adamant||M|||50|]Dragonite||Dragoninite|InnerFocus|Hurricane,WeatherBall,Protect,DracoMeteor|Modest||F|||50|]Metagross||Metagrossite|ClearBody|PsychicFangs,Protect,MeteorMash,HammerArm|Adamant|||||50|]Sableye||RoseliBerry|Prankster|LightScreen,Reflect,FoulPlay,RainDance|Calm||M|||50|
|showteam|p2|Archaludon||Leftovers|Stamina|Protect,ElectroShot,FlashCannon,DragonPulse|Modest||F|||50|]Swampert||Swampertite|Torrent|Protect,WaveCrash,Earthquake,IcePunch|Adamant||M|||50|]Pelipper||SitrusBerry|Drizzle|WideGuard,WeatherBall,Hurricane,Tailwind|Bold||M|||50|]Raichu||RaichuniteX|LightningRod|FakeOut,VoltTackle,VoltSwitch,PlayRough|Hasty||M|||50|]Sableye||RoseliBerry|Prankster|Encore,Disable,WillOWisp,RainDance|Relaxed||F|||50|]Kingambit||ChopleBerry|Defiant|KowtowCleave,SuckerPunch,IronHead,LowKick|Adamant||M|||50|
|inactive|Battle timer is ON: inactive players will automatically lose when time's up. (requested by Dungx showdown)
|inactive|Dungx showdown has 60 seconds left.
|inactive|NoitUK_VGC has 60 seconds left.
|inactive|NoitUK_VGC has 30 seconds left.
|inactive|NoitUK_VGC has 20 seconds left.
|inactive|NoitUK_VGC has 15 seconds left.
|inactive|NoitUK_VGC has 10 seconds left.
|
|t:|1783858565
|teamsize|p1|4
|teamsize|p2|4
|start
|switch|p1a: Dragoncry|Dragonite, L50, F|100/100
|switch|p1b: Hạt tiêu|Sableye, L50, M|100/100
|switch|p2a: Raichu|Raichu, L50, M|100/100
|switch|p2b: Swampert|Swampert, L50, M|100/100
|turn|1
|inactive|NoitUK_VGC has 30 seconds left.
|
|t:|1783858590
|switch|p1a: Roblox|Archaludon, L50, M|100/100
|detailschange|p2b: Swampert|Swampert-Mega, L50, M
|-mega|p2b: Swampert|Swampert|Swampertite
|move|p1b: Hạt tiêu|Reflect|p1b: Hạt tiêu
|-sidestart|p1: Dungx showdown|Reflect
|move|p2a: Raichu|Play Rough|p1a: Roblox
|-damage|p1a: Roblox|90/100
|-ability|p1a: Roblox|Stamina|boost
|-boost|p1a: Roblox|def|1
|move|p2b: Swampert|Ice Punch|p1a: Roblox
|-damage|p1a: Roblox|79/100
|-ability|p1a: Roblox|Stamina|boost
|-boost|p1a: Roblox|def|1
|
|-heal|p1a: Roblox|85/100|[from] item: Leftovers
|upkeep
|turn|2
|inactive|Dungx showdown has 30 seconds left.
|inactive|NoitUK_VGC has 30 seconds left.
|
|t:|1783858620
|switch|p2a: Pelipper|Pelipper, L50, M|100/100
|-weather|RainDance|[from] ability: Drizzle|[of] p2a: Pelipper
|move|p2b: Swampert|Earthquake|p1b: Hạt tiêu|[spread] p1a,p1b
|-immune|p2a: Pelipper
|-supereffective|p1a: Roblox|1
|-damage|p1a: Roblox|62/100
|-damage|p1b: Hạt tiêu|59/100
|-ability|p1a: Roblox|Stamina|boost
|-boost|p1a: Roblox|def|1
|move|p1a: Roblox|Dragon Pulse|p2b: Swampert
|-damage|p2b: Swampert|58/100
|move|p1b: Hạt tiêu|Foul Play|p2b: Swampert
|-damage|p2b: Swampert|0 fnt
|faint|p2b: Swampert
|
|-weather|RainDance|[upkeep]
|-heal|p1a: Roblox|69/100|[from] item: Leftovers
|upkeep
|
|t:|1783858637
|switch|p2b: Raichu|Raichu, L50, M|100/100
|turn|3
|
|t:|1783858652
|move|p1b: Hạt tiêu|Light Screen|p1b: Hạt tiêu
|-sidestart|p1: Dungx showdown|move: Light Screen
|move|p2b: Raichu|Play Rough|p1b: Hạt tiêu
|-supereffective|p1b: Hạt tiêu|1
|-enditem|p1b: Hạt tiêu|Roseli Berry|[eat]
|-enditem|p1b: Hạt tiêu|Roseli Berry|[weaken]
|-damage|p1b: Hạt tiêu|42/100
|move|p1a: Roblox|Dragon Pulse|p2a: Pelipper
|-damage|p2a: Pelipper|53/100
|move|p2a: Pelipper|Hurricane|p1a: Roblox
|-resisted|p1a: Roblox|1
|-damage|p1a: Roblox|55/100
|-ability|p1a: Roblox|Stamina|boost
|-boost|p1a: Roblox|def|1
|
|-weather|RainDance|[upkeep]
|-heal|p1a: Roblox|61/100|[from] item: Leftovers
|upkeep
|turn|4
|
|t:|1783858670
|move|p2b: Raichu|Play Rough|p1b: Hạt tiêu
|-supereffective|p1b: Hạt tiêu|1
|-damage|p1b: Hạt tiêu|4/100
|-unboost|p1b: Hạt tiêu|atk|1
|move|p1a: Roblox|Dragon Pulse|p2a: Pelipper
|-damage|p2a: Pelipper|11/100
|-enditem|p2a: Pelipper|Sitrus Berry|[eat]
|-heal|p2a: Pelipper|36/100|[from] item: Sitrus Berry
|move|p2a: Pelipper|Hurricane|p1a: Roblox
|-resisted|p1a: Roblox|1
|-damage|p1a: Roblox|48/100
|-ability|p1a: Roblox|Stamina|boost
|-boost|p1a: Roblox|def|1
|move|p1b: Hạt tiêu|Foul Play|p2b: Raichu
|-damage|p2b: Raichu|22/100
|
|-weather|RainDance|[upkeep]
|-heal|p1a: Roblox|54/100|[from] item: Leftovers
|upkeep
|turn|5
|inactive|NoitUK_VGC has 30 seconds left.
|inactive|Dungx showdown has 30 seconds left.
|inactive|NoitUK_VGC has 20 seconds left.
|
|t:|1783858706
|switch|p2a: Kingambit|Kingambit, L50, M|100/100
|switch|p1b: Recoil|Basculegion, L50, M|100/100
|move|p2b: Raichu|Play Rough|p1b: Recoil
|-damage|p1b: Recoil|82/100
|move|p1a: Roblox|Dragon Pulse|p2b: Raichu
|-damage|p2b: Raichu|0 fnt
|faint|p2b: Raichu
|
|-weather|RainDance|[upkeep]
|-heal|p1a: Roblox|60/100|[from] item: Leftovers
|-sideend|p1: Dungx showdown|Reflect
|upkeep
|
|t:|1783858718
|switch|p2b: Pelipper|Pelipper, L50, M|36/100
|turn|6
|
|t:|1783858725
|move|p1b: Recoil|Wave Crash|p2a: Kingambit
|-damage|p2a: Kingambit|16/100
|-damage|p1b: Recoil|52/100|[from] Recoil
|-damage|p1b: Recoil|43/100|[from] item: Life Orb
|move|p1a: Roblox|Electro Shot||[still]
|-prepare|p1a: Roblox|Electro Shot
|-boost|p1a: Roblox|spa|1
|-anim|p1a: Roblox|Electro Shot|p2b: Pelipper
|-supereffective|p2b: Pelipper|2
|-damage|p2b: Pelipper|0 fnt
|faint|p2b: Pelipper
|move|p2a: Kingambit|Low Kick|p1a: Roblox
|-supereffective|p1a: Roblox|1
|-damage|p1a: Roblox|48/100
|-ability|p1a: Roblox|Stamina|boost
|-boost|p1a: Roblox|def|1
|
|-weather|none
|-heal|p1a: Roblox|54/100|[from] item: Leftovers
|upkeep
|turn|7
|-message|NoitUK_VGC forfeited.
|
|win|Dungx showdown
||Dungx showdown is ready for game 2.
||Dungx showdown is ready for game 2.
||NoitUK_VGC is ready for game 2.
|uhtml|next|Next: Game 2 of 3
|l|☆Dungx showdown
|player|p1|
