|j|☆Oriozz
|j|☆Drunk express
|html|OriozzDrunk express    
|uhtml|bestof|Game 1 of a best-of-3
|t:|1783548120
|gametype|doubles
|player|p1|Oriozz|2|1087
|player|p2|Drunk express|265|1043
|gen|9
|tier|[Gen 9 Champions] VGC 2026 Reg M-B (Bo3)
|rated|
|rule|Species Clause: Limit one of each Pokémon
|rule|Item Clause: Limit 1 of each item
|clearpoke
|poke|p1|Kingambit, L50, F|
|poke|p1|Floette-Eternal, L50, F|
|poke|p1|Sneasler, L50, M|
|poke|p1|Incineroar, L50, M|
|poke|p1|Garchomp, L50, F|
|poke|p1|Sinistcha, L50|
|poke|p2|Farigiraf, L50, F|
|poke|p2|Sylveon, L50, M|
|poke|p2|Mawile, L50, F|
|poke|p2|Whimsicott, L50, F|
|poke|p2|Pyroar, L50, F|
|poke|p2|Sneasler, L50, M|
|teampreview|4
|showteam|p1|Kingambit||ChopleBerry|Defiant|KowtowCleave,Protect,SuckerPunch,IronHead|Adamant||F|||50|]Floette-Eternal||Floettite|FlowerVeil|DazzlingGleam,DrainingKiss,Protect,CalmMind|Bold||F|||50|]Sneasler||FocusSash|Unburden|FakeOut,DireClaw,CloseCombat,Coaching|Jolly||M|||50|]Incineroar||Leftovers|Intimidate|FakeOut,FlareBlitz,PartingShot,HelpingHand|Careful||M|||50|]Garchomp||Garchompite|RoughSkin|Earthquake,StompingTantrum,RockSlide,Protect|Adamant||F|||50|]Sinistcha||SitrusBerry|Hospitality|Protect,MatchaGotcha,TrickRoom,RagePowder|Bold|||||50|
|showteam|p2|Farigiraf||SitrusBerry|ArmorTail|Psychic,Thunderbolt,TrickRoom,HelpingHand|Relaxed||F|||50|]Sylveon||FairyFeather|Pixilate|HyperVoice,HyperBeam,QuickAttack,Detect|Quiet||M|||50|]Mawile||Mawilite|Intimidate|SuckerPunch,RockSlide,PlayRough,Protect|Adamant||F|||50|]Whimsicott||FocusSash|Prankster|Tailwind,Encore,Protect,Moonblast|Timid||F|||50|]Pyroar||Pyroarite|Unnerve|HeatWave,Snarl,Protect,FireBlast|Timid||F|||50|]Sneasler||WhiteHerb|Unburden|FakeOut,CloseCombat,DireClaw,AcidSpray|Lonely||M|||50|
|inactive|Battle timer is ON: inactive players will automatically lose when time's up. (requested by Oriozz)
|inactive|Oriozz has 60 seconds left.
|inactive|Drunk express has 60 seconds left.
|
|t:|1783548170
|teamsize|p1|4
|teamsize|p2|4
|start
|switch|p1a: Garchomp|Garchomp, L50, F|100/100
|switch|p1b: Kingambit|Kingambit, L50, F|100/100
|switch|p2a: Sneasler|Sneasler, L50, M|100/100
|switch|p2b: Farigiraf|Farigiraf, L50, F|100/100
|turn|1
|inactive|Oriozz has 30 seconds left.
|inactive|Drunk express has 30 seconds left.
|
|t:|1783548203
|detailschange|p1a: Garchomp|Garchomp-Mega, L50, F
|-mega|p1a: Garchomp|Garchomp|Garchompite
|move|p1b: Kingambit|Protect|p1b: Kingambit
|-singleturn|p1b: Kingambit|Protect
|move|p2a: Sneasler|Fake Out|p1b: Kingambit
|-activate|p1b: Kingambit|move: Protect
|move|p1a: Garchomp|Earthquake|p2a: Sneasler|[spread] p2a,p2b
|-activate|p1b: Kingambit|move: Protect
|-supereffective|p2a: Sneasler|1
|-damage|p2a: Sneasler|0 fnt
|-damage|p2b: Farigiraf|65/100
|faint|p2a: Sneasler
|move|p2b: Farigiraf|Trick Room|p2b: Farigiraf
|-fieldstart|move: Trick Room|[of] p2b: Farigiraf
|
|upkeep
|
|t:|1783548210
|switch|p2a: Whimsicott|Whimsicott, L50, F|100/100
|turn|2
|
|t:|1783548234
|switch|p1b: Incineroar|Incineroar, L50, M|100/100
|-ability|p1b: Incineroar|Intimidate|boost
|-unboost|p2a: Whimsicott|atk|1
|-unboost|p2b: Farigiraf|atk|1
|move|p2b: Farigiraf|Psychic|p1a: Garchomp
|-damage|p1a: Garchomp|65/100
|move|p1a: Garchomp|Earthquake|p2a: Whimsicott|[spread] p1b,p2a,p2b
|-supereffective|p1b: Incineroar|1
|-resisted|p2a: Whimsicott|1
|-damage|p1b: Incineroar|3/100
|-damage|p2a: Whimsicott|64/100
|-damage|p2b: Farigiraf|25/100
|-enditem|p2b: Farigiraf|Sitrus Berry|[eat]
|-heal|p2b: Farigiraf|50/100g|[from] item: Sitrus Berry
|move|p2a: Whimsicott|Moonblast|p1a: Garchomp
|-supereffective|p1a: Garchomp|1
|-damage|p1a: Garchomp|0 fnt
|faint|p1a: Garchomp
|
|-heal|p1b: Incineroar|9/100|[from] item: Leftovers
|upkeep
|
|t:|1783548252
|switch|p1a: Kingambit|Kingambit, L50, F|100/100
|turn|3
|inactive|Oriozz has 30 seconds left.
|
|t:|1783548285
|switch|p2a: Pyroar|Pyroar, L50, F|100/100
|-ability|p2a: Pyroar|Unnerve
|move|p1a: Kingambit|Kowtow Cleave|p2b: Farigiraf
|-supereffective|p2b: Farigiraf|1
|-damage|p2b: Farigiraf|0 fnt
|faint|p2b: Farigiraf
|move|p1b: Incineroar|Parting Shot|p2a: Pyroar
|-unboost|p2a: Pyroar|atk|1
|-unboost|p2a: Pyroar|spa|1
|
|t:|1783548295
|switch|p1b: Sneasler|Sneasler, L50, M|100/100|[from] Parting Shot
|
|upkeep
|
|t:|1783548299
|switch|p2b: Whimsicott|Whimsicott, L50, F|64/100
|turn|4
|
|t:|1783548319
|detailschange|p2a: Pyroar|Pyroar-Mega, L50, F
|-mega|p2a: Pyroar|Pyroar|Pyroarite
|move|p1a: Kingambit|Kowtow Cleave|p2a: Pyroar
|-damage|p2a: Pyroar|42/100
|move|p2b: Whimsicott|Moonblast|p1a: Kingambit
|-damage|p1a: Kingambit|63/100
|move|p1b: Sneasler|Close Combat|p2a: Pyroar
|-supereffective|p2a: Pyroar|1
|-damage|p2a: Pyroar|0 fnt
|-unboost|p1b: Sneasler|def|1
|-unboost|p1b: Sneasler|spd|1
|faint|p2a: Pyroar
|
|upkeep
|turn|5
|-message|Drunk express forfeited.
|
|win|Oriozz
|l|☆Drunk express
|player|p2|
|raw|Oriozz's rating: 1087 → 1114(+27 for winning)
|raw|Drunk express's rating: 1082 → 1060(-22 for losing)
