|j|☆impno
|j|☆washingtongargacha
|html|impnowashingtongargacha    
|uhtml|bestof|Game 1 of a best-of-3
|t:|1757720172
|gametype|doubles
|player|p1|impno|ethan|1009
|player|p2|washingtongargacha|101|1158
|gen|9
|tier|[Gen 9] VGC 2025 Reg H (Bo3)
|rated|
|rule|Species Clause: Limit one of each Pokémon
|rule|Item Clause: Limit 1 of each item
|clearpoke
|poke|p1|Electabuzz, L50, F|
|poke|p1|Primarina, L50, M|
|poke|p1|Volcarona, L50, M|
|poke|p1|Baxcalibur, L50, M|
|poke|p1|Hydreigon, L50, F|
|poke|p1|Sneasler, L50, F|
|poke|p2|Talonflame, L50, M|
|poke|p2|Gholdengo, L50|
|poke|p2|Dragonite, L50, F|
|poke|p2|Archaludon, L50, M|
|poke|p2|Tyranitar, L50, M|
|poke|p2|Garchomp, L50, M|
|teampreview|4
|showteam|p1|Electabuzz||Eviolite|VitalSpirit|FollowMe,Thunderbolt,ThunderWave,Electroweb|||F|||50|,,,,,Flying]Primarina||ThroatSpray|LiquidVoice|HyperVoice,DazzlingGleam,IcyWind,Protect|||M|||50|,,,,,Steel]Volcarona||RockyHelmet|FlameBody|FieryDance,QuiverDance,StruggleBug,Tailwind|||M|||50|,,,,,Water]Baxcalibur||LoadedDice|ThermalExchange|ScaleShot,IceShard,IcicleSpear,Protect|||M|||50|,,,,,Poison]Hydreigon||LifeOrb|Levitate|Snarl,DragonPulse,FocusBlast,Tailwind|||F|||50|,,,,,Steel]Sneasler||FocusSash|Unburden|FakeOut,DireClaw,Coaching,CloseCombat|||F|||50|,,,,,Fighting
|showteam|p2|Talonflame||CovertCloak|GaleWings|Tailwind,DualWingbeat,Taunt,FlareBlitz|||M|||50|,,,,,Stellar]Gholdengo||LifeOrb|GoodasGold|MakeItRain,NastyPlot,ShadowBall,Protect||||||50|,,,,,Steel]Dragonite||LoadedDice|Multiscale|ScaleShot,IceSpinner,Haze,Protect|||F|||50|,,,,,Steel]Archaludon||PowerHerb|Sturdy|FlashCannon,ElectroShot,DracoMeteor,Protect|||M|||50|,,,,,Flying]Tyranitar||AssaultVest|SandStream|KnockOff,RockSlide,TeraBlast,LowKick|||M|||50|,,,,,Flying]Garchomp||ClearAmulet|RoughSkin|DragonClaw,StompingTantrum,Earthquake,Protect|||M|||50|,,,,,Steel
|inactive|Battle timer is ON: inactive players will automatically lose when time's up. (requested by impno)
|inactive|washingtongargacha has 60 seconds left.
|
|t:|1757720238
|teamsize|p1|4
|teamsize|p2|4
|start
|switch|p1a: Sneasler|Sneasler, L50, F, shiny|100/100
|switch|p1b: Baxcalibur|Baxcalibur, L50, M, shiny|100/100
|switch|p2a: Talonflame|Talonflame, L50, M|100/100
|switch|p2b: Gholdengo|Gholdengo, L50|100/100
|turn|1
|
|t:|1757720259
|-terastallize|p1b: Baxcalibur|Poison
|-terastallize|p2b: Gholdengo|Steel
|move|p1a: Sneasler|Fake Out|p2a: Talonflame
|-damage|p2a: Talonflame|79/100
|move|p2a: Talonflame|Dual Wingbeat|p1a: Sneasler
|-supereffective|p1a: Sneasler
|-damage|p1a: Sneasler|46/100
|-supereffective|p1a: Sneasler
|-damage|p1a: Sneasler|0 fnt
|faint|p1a: Sneasler
|-hitcount|p1: Sneasler|2
|move|p1b: Baxcalibur|Scale Shot|p2a: Talonflame
|-damage|p2a: Talonflame|56/100
|-damage|p2a: Talonflame|37/100
|-damage|p2a: Talonflame|16/100
|-damage|p2a: Talonflame|0 fnt
|faint|p2a: Talonflame
|-hitcount|p2: Talonflame|4
|-unboost|p1b: Baxcalibur|def|1
|-boost|p1b: Baxcalibur|spe|1
|move|p2b: Gholdengo|Make It Rain|p1b: Baxcalibur
|-damage|p1b: Baxcalibur|0 fnt
|-unboost|p2b: Gholdengo|spa|1
|faint|p1b: Baxcalibur
|-damage|p2b: Gholdengo|91/100|[from] item: Life Orb
|
|upkeep
|inactive|washingtongargacha has 30 seconds left.
|
|t:|1757720288
|switch|p2a: Dragonite|Dragonite, L50, F|100/100
|switch|p1a: Hydreigon|Hydreigon, L50, F, shiny|100/100
|switch|p1b: Primarina|Primarina, L50, M, shiny|100/100
|turn|2
|inactive|impno has 30 seconds left.
|inactive|washingtongargacha has 30 seconds left.
|inactive|impno has 20 seconds left.
|inactive|impno has 15 seconds left.
|inactive|impno has 10 seconds left.
|
|t:|1757720334
|move|p2a: Dragonite|Protect|p2a: Dragonite
|-singleturn|p2a: Dragonite|Protect
|move|p1a: Hydreigon|Focus Blast|p2b: Gholdengo
|-supereffective|p2b: Gholdengo
|-damage|p2b: Gholdengo|0 fnt
|faint|p2b: Gholdengo
|-damage|p1a: Hydreigon|91/100|[from] item: Life Orb
|move|p1b: Primarina|Dazzling Gleam|p2a: Dragonite
|-activate|p2a: Dragonite|move: Protect
|
|upkeep
|inactive|washingtongargacha has 30 seconds left.
|inactive|washingtongargacha has 20 seconds left.
|
|t:|1757720374
|switch|p2b: Garchomp|Garchomp, L50, M|100/100
|turn|3
|inactive|impno has 30 seconds left.
|
|t:|1757720407
|move|p2b: Garchomp|Protect|p2b: Garchomp
|-singleturn|p2b: Garchomp|Protect
|move|p1a: Hydreigon|Dragon Pulse|p2a: Dragonite
|-supereffective|p2a: Dragonite
|-damage|p2a: Dragonite|38/100
|-damage|p1a: Hydreigon|81/100|[from] item: Life Orb
|move|p2a: Dragonite|Scale Shot|p1a: Hydreigon
|-supereffective|p1a: Hydreigon
|-damage|p1a: Hydreigon|45/100
|-supereffective|p1a: Hydreigon
|-damage|p1a: Hydreigon|6/100
|-supereffective|p1a: Hydreigon
|-damage|p1a: Hydreigon|0 fnt
|faint|p1a: Hydreigon
|-hitcount|p1: Hydreigon|3
|-unboost|p2a: Dragonite|def|1
|-boost|p2a: Dragonite|spe|1
|move|p1b: Primarina|Dazzling Gleam|p2a: Dragonite|[spread] p2a
|-activate|p2b: Garchomp|move: Protect
|-supereffective|p2a: Dragonite
|-damage|p2a: Dragonite|0 fnt
|faint|p2a: Dragonite
|
|upkeep
|turn|4
|
|t:|1757720430
|move|p2b: Garchomp|Stomping Tantrum|p1b: Primarina
|-damage|p1b: Primarina|54/100
|move|p1b: Primarina|Dazzling Gleam|p2b: Garchomp
|-supereffective|p2b: Garchomp
|-damage|p2b: Garchomp|6/100
|
|upkeep
|turn|5
|
|t:|1757720437
|move|p2b: Garchomp|Stomping Tantrum|p1b: Primarina
|-damage|p1b: Primarina|5/100
|move|p1b: Primarina|Dazzling Gleam|p2b: Garchomp
|-supereffective|p2b: Garchomp
|-damage|p2b: Garchomp|0 fnt
|faint|p2b: Garchomp
|
|win|impno
