|j|☆marcusquinn
|j|☆ChinoTV
|html|marcusquinnChinoTV    
|uhtml|bestof|Game 1 of a best-of-3
|t:|1757652183
|gametype|doubles
|player|p1|marcusquinn|hilbert-wonderlauncher|1170
|player|p2|ChinoTV|red|1075
|gen|9
|tier|[Gen 9] VGC 2025 Reg H (Bo3)
|rated|
|rule|Species Clause: Limit one of each Pokémon
|rule|Item Clause: Limit 1 of each item
|clearpoke
|poke|p1|Archaludon, L50, M|
|poke|p1|Porygon2, L50|
|poke|p1|Incineroar, L50, M|
|poke|p1|Ursaluna, L50, M|
|poke|p1|Sneasler, L50, F|
|poke|p1|Dragonite, L50, F|
|poke|p2|Murkrow, L50, F|
|poke|p2|Sneasler, L50, F|
|poke|p2|Indeedee, L50, M|
|poke|p2|Tyranitar, L50, F|
|poke|p2|Volcarona, L50, M|
|poke|p2|Ursaluna-Bloodmoon, L50, M|
|teampreview|4
|showteam|p1|Archaludon||PowerHerb|Sturdy|Protect,ElectroShot,DracoMeteor,FlashCannon|||M|||50|,,,,,Electric]Porygon2||Eviolite|Download|TeraBlast,IceBeam,Recover,TrickRoom||||||50|,,,,,Fighting]Incineroar||SafetyGoggles|Intimidate|FlareBlitz,KnockOff,FakeOut,PartingShot|||M|||50|,,,,,Ghost]Ursaluna||FlameOrb|Guts|HeadlongRush,Facade,Earthquake,Protect|||M|||50|,,,,,Ghost]Sneasler||FocusSash|Unburden|Protect,CloseCombat,DireClaw,ThroatChop|||F|||50|,,,,,Stellar]Dragonite||LoadedDice|Multiscale|ScaleShot,Tailwind,Haze,Protect|||F|||50|,,,,,Fairy
|showteam|p2|Murkrow||Eviolite|Prankster|FoulPlay,Haze,Tailwind,Taunt|||F|||50|,,,,,Ghost]Sneasler||WhiteHerb|Unburden|CloseCombat,Protect,DireClaw,ThroatChop|||F|||50|,,,,,Dark]Indeedee||FocusSash|PsychicSurge|ExpandingForce,Imprison,Protect,TrickRoom|||M|||50|,,,,,Fairy]Tyranitar||AssaultVest|SandStream|RockSlide,KnockOff,LowKick,TeraBlast|||F|||50|,,,,,Flying]Volcarona||SitrusBerry|FlameBody|RagePowder,StruggleBug,HeatWave,Tailwind|||M|||50|,,,,,Fairy]Ursaluna-Bloodmoon||LifeOrb|MindsEye|BloodMoon,EarthPower,Protect,HyperVoice|||M|||50|,,,,,Normal
|inactive|Battle timer is ON: inactive players will automatically lose when time's up. (requested by marcusquinn)
|inactive|marcusquinn has 60 seconds left.
|
|t:|1757652223
|teamsize|p1|4
|teamsize|p2|4
|start
|switch|p1a: Ursaluna|Ursaluna, L50, M|100/100
|switch|p1b: Dragonite|Dragonite, L50, F, shiny|100/100
|switch|p2a: Sneasler|Sneasler, L50, F, shiny|100/100
|switch|p2b: Indeedee|Indeedee, L50, M, shiny|100/100
|-fieldstart|move: Psychic Terrain|[from] ability: Psychic Surge|[of] p2b: Indeedee
|turn|1
|inactive|marcusquinn has 30 seconds left.
|inactive|marcusquinn has 20 seconds left.
|inactive|marcusquinn has 15 seconds left.
|
|t:|1757652268
|-terastallize|p1a: Ursaluna|Ghost
|move|p2a: Sneasler|Dire Claw|p1b: Dragonite
|-crit|p1b: Dragonite
|-damage|p1b: Dragonite|61/100
|move|p2b: Indeedee|Expanding Force|p1a: Ursaluna|[spread] p1a,p1b
|-damage|p1a: Ursaluna|46/100
|-damage|p1b: Dragonite|3/100
|move|p1b: Dragonite|Scale Shot|p2a: Sneasler
|-damage|p2a: Sneasler|75/100
|-crit|p2a: Sneasler
|-damage|p2a: Sneasler|34/100
|-damage|p2a: Sneasler|7/100
|-damage|p2a: Sneasler|0 fnt
|faint|p2a: Sneasler
|-hitcount|p2: Sneasler|4
|-unboost|p1b: Dragonite|def|1
|-boost|p1b: Dragonite|spe|1
|move|p1a: Ursaluna|Earthquake|p2b: Indeedee|[spread] p2b
|-immune|p1b: Dragonite
|-enditem|p2b: Indeedee|Focus Sash
|-damage|p2b: Indeedee|1/100
|
|-status|p1a: Ursaluna|brn|[from] item: Flame Orb
|upkeep
|inactive|ChinoTV has 30 seconds left.
|
|t:|1757652294
|switch|p2a: Volcarona|Volcarona, L50, M, shiny|100/100
|turn|2
|
|t:|1757652317
|move|p2b: Indeedee|Protect|p2b: Indeedee
|-singleturn|p2b: Indeedee|Protect
|move|p1b: Dragonite|Tailwind|p1b: Dragonite
|-sidestart|p1: marcusquinn|move: Tailwind
|move|p1a: Ursaluna|Earthquake|p2b: Indeedee|[spread] p2a
|-activate|p2b: Indeedee|move: Protect
|-immune|p1b: Dragonite
|-damage|p2a: Volcarona|23/100
|-enditem|p2a: Volcarona|Sitrus Berry|[eat]
|-heal|p2a: Volcarona|48/100|[from] item: Sitrus Berry
|move|p2a: Volcarona|Tailwind|p2a: Volcarona
|-sidestart|p2: ChinoTV|move: Tailwind
|
|-damage|p1a: Ursaluna|40/100 brn|[from] brn
|upkeep
|turn|3
|
|t:|1757652344
|switch|p1a: Incineroar|Incineroar, L50, M, shiny|100/100
|-ability|p1a: Incineroar|Intimidate|boost
|-unboost|p2a: Volcarona|atk|1
|-unboost|p2b: Indeedee|atk|1
|-terastallize|p2a: Volcarona|Fairy
|move|p2a: Volcarona|Rage Powder|p2a: Volcarona
|-singleturn|p2a: Volcarona|move: Rage Powder
|move|p1b: Dragonite|Scale Shot|p2a: Volcarona
|-immune|p2a: Volcarona
|move|p2b: Indeedee|Expanding Force|p1a: Incineroar|[spread] p1b
|-immune|p1a: Incineroar
|-damage|p1b: Dragonite|0 fnt
|faint|p1b: Dragonite
|
|upkeep
|
|t:|1757652357
|switch|p1b: Sneasler|Sneasler, L50, F|100/100
|turn|4
|
|t:|1757652373
|move|p1b: Sneasler|Dire Claw|p2a: Volcarona
|-supereffective|p2a: Volcarona
|-damage|p2a: Volcarona|0 fnt
|-status|p1b: Sneasler|brn|[from] ability: Flame Body|[of] p2a: Volcarona
|faint|p2a: Volcarona
|move|p2b: Indeedee|Expanding Force|p1b: Sneasler|[spread] p1b
|-immune|p1a: Incineroar
|-supereffective|p1b: Sneasler
|-enditem|p1b: Sneasler|Focus Sash
|-damage|p1b: Sneasler|1/100 brn
|move|p1a: Incineroar|Knock Off|p2b: Indeedee
|-supereffective|p2b: Indeedee
|-damage|p2b: Indeedee|0 fnt
|faint|p2b: Indeedee
|
|-damage|p1b: Sneasler|0 fnt|[from] brn
|faint|p1b: Sneasler
|upkeep
|
|t:|1757652390
|switch|p1b: Ursaluna|Ursaluna, L50, M, tera:Ghost|40/100 brn
|switch|p2b: Ursaluna|Ursaluna-Bloodmoon, L50, M|100/100
|turn|5
|
|t:|1757652404
|move|p2b: Ursaluna|Protect|p2b: Ursaluna
|-singleturn|p2b: Ursaluna|Protect
|move|p1b: Ursaluna|Protect|p1b: Ursaluna
|-singleturn|p1b: Ursaluna|Protect
|move|p1a: Incineroar|Knock Off|p2b: Ursaluna
|-activate|p2b: Ursaluna|move: Protect
|
|-damage|p1b: Ursaluna|35/100 brn|[from] brn
|-sideend|p2: ChinoTV|move: Tailwind
|-sideend|p1: marcusquinn|move: Tailwind
|-fieldend|move: Psychic Terrain
|upkeep
|turn|6
|
|t:|1757652415
|move|p1b: Ursaluna|Protect||[still]
|-fail|p1b: Ursaluna
|move|p1a: Incineroar|Knock Off|p2b: Ursaluna
|-damage|p2b: Ursaluna|68/100
|-enditem|p2b: Ursaluna|Life Orb|[from] move: Knock Off|[of] p1a: Incineroar
|move|p2b: Ursaluna|Hyper Voice|p1b: Ursaluna|[spread] p1a,p1b
|-crit|p1a: Incineroar
|-damage|p1a: Incineroar|43/100
|-damage|p1b: Ursaluna|0 fnt
|faint|p1b: Ursaluna
|
|upkeep
|turn|7
|
|t:|1757652426
|move|p1a: Incineroar|Flare Blitz|p2b: Ursaluna
|-damage|p2b: Ursaluna|26/100
|-damage|p1a: Incineroar|30/100|[from] Recoil
|move|p2b: Ursaluna|Blood Moon|p1a: Incineroar
|-damage|p1a: Incineroar|0 fnt
|faint|p1a: Incineroar
|
|win|ChinoTV
||marcusquinn is ready for game 2.
||ChinoTV is ready for game 2.
|uhtml|next|Next: Game 2 of 3
|l|☆marcusquinn
|player|p1|
|j|☆marcusquinn
|player|p1|marcusquinn|hilbert-wonderlauncher|
