|j|☆Pupa202
|j|☆Uncreative7452
|html|Pupa202Uncreative7452    
|uhtml|bestof|Game 1 of a best-of-3
|t:|1756766364
|gametype|doubles
|player|p1|Pupa202|102|1027
|player|p2|Uncreative7452|tuber|1090
|gen|9
|tier|[Gen 9] VGC 2025 Reg H (Bo3)
|rated|
|rule|Species Clause: Limit one of each Pokémon
|rule|Item Clause: Limit 1 of each item
|clearpoke
|poke|p1|Whimsicott, L50, F|
|poke|p1|Porygon2, L50|
|poke|p1|Archaludon, L50, F|
|poke|p1|Incineroar, L50, F|
|poke|p1|Rillaboom, L50, M|
|poke|p1|Rotom-Wash, L50|
|poke|p2|Rillaboom, L50, M|
|poke|p2|Gallade, L50, M|
|poke|p2|Magmar, L50, F|
|poke|p2|Bronzong, L50|
|poke|p2|Primarina, L50, F|
|poke|p2|Alcremie, L50, F|
|teampreview|4
|showteam|p1|Whimsicott||FocusSash|Prankster|Tailwind,Encore,Taunt,Moonblast|||F|||50|,,,,,Water]Porygon2||Eviolite|Trace|TrickRoom,Recover,TriAttack,IceBeam||||||50|,,,,,Ghost]Archaludon||AssaultVest|Stamina|ElectroShot,FlashCannon,DragonPulse,BodyPress|||F|||50|,,,,,Grass]Incineroar||SafetyGoggles|Intimidate|FakeOut,KnockOff,FlareBlitz,PartingShot|||F|||50|,,,,,Grass]Rillaboom||MiracleSeed|GrassySurge|GrassyGlide,WoodHammer,FakeOut,Protect|||M|||50|,,,,,Grass]Rotom-Wash||SitrusBerry|Levitate|Thunderbolt,HydroPump,WillOWisp,Protect||||||50|,,,,,Grass
|showteam|p2|Rillaboom||AssaultVest|GrassySurge|GrassyGlide,WoodHammer,Uturn,FakeOut|||M|||50|,,,,,Fire]Gallade||SafetyGoggles|Sharpness|PsychoCut,SacredSword,WideGuard,TrickRoom|||M|||50|,,,,,Fire]Magmar||Eviolite|VitalSpirit|FollowMe,HeatWave,WillOWisp,Protect|||F|||50|,,,,,Ghost]Bronzong||CovertCloak|HeavyMetal|HeavySlam,TrickRoom,BodyPress,GyroBall||||||50|,,,,,Water]Primarina||ThroatSpray|LiquidVoice|HyperVoice,Moonblast,Protect,Encore|||F|||50|,,,,,Water]Alcremie||SitrusBerry|AromaVeil|AlluringVoice,Decorate,Protect,HelpingHand|||F|||50|,,,,,Steel
|
|t:|1756766404
|teamsize|p1|4
|teamsize|p2|4
|start
|switch|p1a: Whimsicott|Whimsicott, L50, F|100/100
|switch|p1b: Incineroar|Incineroar, L50, F|100/100
|switch|p2a: Bronzong|Bronzong, L50|100/100
|switch|p2b: Alcremie|Alcremie, L50, F|100/100
|-ability|p1b: Incineroar|Intimidate|boost
|-unboost|p2a: Bronzong|atk|1
|-unboost|p2b: Alcremie|atk|1
|turn|1
|
|t:|1756766447
|-terastallize|p2a: Bronzong|Water
|move|p1b: Incineroar|Fake Out|p2b: Alcremie
|-damage|p2b: Alcremie|88/100
|move|p1a: Whimsicott|Taunt|p2a: Bronzong
|-block|p2a: Bronzong|ability: Aroma Veil|[of] p2b: Alcremie
|cant|p2b: Alcremie|flinch
|move|p2a: Bronzong|Trick Room|p2a: Bronzong
|-fieldstart|move: Trick Room|[of] p2a: Bronzong
|
|upkeep
|turn|2
|
|t:|1756766511
|move|p1a: Whimsicott|Taunt|p2b: Alcremie
|-block|p2b: Alcremie|ability: Aroma Veil|[of] p2b: Alcremie
|move|p2a: Bronzong|Heavy Slam|p1a: Whimsicott
|-supereffective|p1a: Whimsicott
|-damage|p1a: Whimsicott|42/100
|move|p2b: Alcremie|Decorate|p2a: Bronzong
|-boost|p2a: Bronzong|atk|2
|-boost|p2a: Bronzong|spa|2
|move|p1b: Incineroar|Parting Shot|p2a: Bronzong
|-unboost|p2a: Bronzong|atk|1
|-unboost|p2a: Bronzong|spa|1
|
|t:|1756766534
|switch|p1b: Porygon2|Porygon2, L50|100/100|[from] Parting Shot
|-ability|p1b: Porygon2|Aroma Veil|Trace|[from] ability: Trace|[of] p2b: Alcremie
|
|upkeep
|turn|3
|
|t:|1756766560
|switch|p1a: Rillaboom|Rillaboom, L50, M|100/100
|-fieldstart|move: Grassy Terrain|[from] ability: Grassy Surge|[of] p1a: Rillaboom
|move|p2a: Bronzong|Heavy Slam|p1a: Rillaboom
|-damage|p1a: Rillaboom|67/100
|move|p2b: Alcremie|Decorate|p2a: Bronzong
|-boost|p2a: Bronzong|atk|2
|-boost|p2a: Bronzong|spa|2
|move|p1b: Porygon2|Tri Attack|p2a: Bronzong
|-damage|p2a: Bronzong|71/100
|
|-heal|p2a: Bronzong|77/100|[from] Grassy Terrain
|-heal|p2b: Alcremie|94/100|[from] Grassy Terrain
|-heal|p1a: Rillaboom|73/100|[from] Grassy Terrain
|upkeep
|turn|4
|
|t:|1756766590
|move|p1a: Rillaboom|Fake Out|p2a: Bronzong
|-damage|p2a: Bronzong|66/100
|move|p2b: Alcremie|Alluring Voice|p1a: Rillaboom
|-damage|p1a: Rillaboom|35/100
|move|p1b: Porygon2|Ice Beam|p2a: Bronzong
|-resisted|p2a: Bronzong
|-damage|p2a: Bronzong|56/100
|move|p2a: Bronzong|Trick Room|p2a: Bronzong
|-fieldend|move: Trick Room
|
|-heal|p1a: Rillaboom|41/100|[from] Grassy Terrain
|-heal|p2b: Alcremie|99/100|[from] Grassy Terrain
|-heal|p2a: Bronzong|62/100|[from] Grassy Terrain
|upkeep
|turn|5
|
|t:|1756766609
|move|p1a: Rillaboom|Grassy Glide|p2a: Bronzong
|-supereffective|p2a: Bronzong
|-damage|p2a: Bronzong|0 fnt
|faint|p2a: Bronzong
|move|p1b: Porygon2|Tri Attack|p2b: Alcremie
|-damage|p2b: Alcremie|77/100
|move|p2b: Alcremie|Alluring Voice|p1a: Rillaboom
|-damage|p1a: Rillaboom|4/100
|
|-heal|p1a: Rillaboom|10/100|[from] Grassy Terrain
|-heal|p2b: Alcremie|82/100|[from] Grassy Terrain
|upkeep
|
|t:|1756766615
|switch|p2a: Gallade|Gallade, L50, M|100/100
|turn|6
|
|t:|1756766642
|switch|p1a: Incineroar|Incineroar, L50, F|100/100
|-ability|p1a: Incineroar|Intimidate|boost
|-unboost|p2a: Gallade|atk|1
|-unboost|p2b: Alcremie|atk|1
|move|p1b: Porygon2|Ice Beam|p2b: Alcremie
|-damage|p2b: Alcremie|66/100
|move|p2a: Gallade|Psycho Cut|p1b: Porygon2
|-damage|p1b: Porygon2|75/100
|move|p2b: Alcremie|Alluring Voice|p1a: Incineroar
|-damage|p1a: Incineroar|78/100
|
|-heal|p1a: Incineroar|84/100|[from] Grassy Terrain
|-heal|p1b: Porygon2|81/100|[from] Grassy Terrain
|-heal|p2b: Alcremie|71/100|[from] Grassy Terrain
|upkeep
|turn|7
|
|t:|1756766681
|switch|p2a: Primarina|Primarina, L50, F|100/100
|move|p1a: Incineroar|Fake Out|p2a: Primarina
|-crit|p2a: Primarina
|-damage|p2a: Primarina|79/100
|move|p1b: Porygon2|Ice Beam|p2b: Alcremie
|-damage|p2b: Alcremie|54/100
|move|p2b: Alcremie|Decorate|p2a: Primarina
|-boost|p2a: Primarina|atk|2
|-boost|p2a: Primarina|spa|2
|
|-heal|p1a: Incineroar|90/100|[from] Grassy Terrain
|-heal|p1b: Porygon2|86/100|[from] Grassy Terrain
|-heal|p2b: Alcremie|60/100|[from] Grassy Terrain
|-heal|p2a: Primarina|85/100|[from] Grassy Terrain
|-fieldend|move: Grassy Terrain
|upkeep
|turn|8
|
|t:|1756766729
|move|p1a: Incineroar|Knock Off|p2a: Primarina
|-resisted|p2a: Primarina
|-crit|p2a: Primarina
|-damage|p2a: Primarina|48/100
|-enditem|p2a: Primarina|Throat Spray|[from] move: Knock Off|[of] p1a: Incineroar
|move|p1b: Porygon2|Tri Attack|p2a: Primarina
|-damage|p2a: Primarina|24/100
|-status|p2a: Primarina|brn
|move|p2b: Alcremie|Decorate|p2a: Primarina
|-boost|p2a: Primarina|atk|2
|-boost|p2a: Primarina|spa|2
|move|p2a: Primarina|Hyper Voice|p1b: Porygon2|[spread] p1a,p1b
|-supereffective|p1a: Incineroar
|-damage|p1a: Incineroar|0 fnt
|-damage|p1b: Porygon2|39/100
|faint|p1a: Incineroar
|
|-damage|p2a: Primarina|18/100 brn|[from] brn
|upkeep
|
|t:|1756766749
|switch|p1a: Rillaboom|Rillaboom, L50, M|10/100
|-fieldstart|move: Grassy Terrain|[from] ability: Grassy Surge|[of] p1a: Rillaboom
|turn|9
|
|t:|1756766761
|move|p2a: Primarina|Protect|p2a: Primarina
|-singleturn|p2a: Primarina|Protect
|move|p1a: Rillaboom|Grassy Glide|p2a: Primarina
|-activate|p2a: Primarina|move: Protect
|move|p1b: Porygon2|Recover|p1b: Porygon2
|-heal|p1b: Porygon2|90/100
|move|p2b: Alcremie|Alluring Voice|p1a: Rillaboom
|-damage|p1a: Rillaboom|0 fnt
|faint|p1a: Rillaboom
|
|-heal|p1b: Porygon2|95/100|[from] Grassy Terrain
|-heal|p2b: Alcremie|66/100|[from] Grassy Terrain
|-heal|p2a: Primarina|24/100 brn|[from] Grassy Terrain
|-damage|p2a: Primarina|18/100 brn|[from] brn
|upkeep
|
|t:|1756766777
|switch|p1a: Whimsicott|Whimsicott, L50, F|42/100
|turn|10
|
|t:|1756766800
|move|p1a: Whimsicott|Encore|p2a: Primarina
|-block|p2a: Primarina|ability: Aroma Veil|[of] p2b: Alcremie
|move|p1b: Porygon2|Tri Attack|p2b: Alcremie
|-damage|p2b: Alcremie|42/100
|-enditem|p2b: Alcremie|Sitrus Berry|[eat]
|-heal|p2b: Alcremie|67/100|[from] item: Sitrus Berry
|move|p2b: Alcremie|Alluring Voice|p1a: Whimsicott
|-damage|p1a: Whimsicott|0 fnt
|faint|p1a: Whimsicott
|move|p2a: Primarina|Moonblast|p1b: Porygon2
|-damage|p1b: Porygon2|26/100
|
|-heal|p1b: Porygon2|31/100|[from] Grassy Terrain
|-heal|p2b: Alcremie|73/100|[from] Grassy Terrain
|-heal|p2a: Primarina|24/100 brn|[from] Grassy Terrain
|-damage|p2a: Primarina|18/100 brn|[from] brn
|upkeep
|turn|11
|
|t:|1756766821
|move|p1b: Porygon2|Ice Beam|p2a: Primarina
|-resisted|p2a: Primarina
|-damage|p2a: Primarina|9/100 brn
|move|p2b: Alcremie|Alluring Voice|p1b: Porygon2
|-damage|p1b: Porygon2|17/100
|move|p2a: Primarina|Moonblast|p1b: Porygon2
|-damage|p1b: Porygon2|0 fnt
|faint|p1b: Porygon2
|
|win|Uncreative7452
||Uncreative7452 is ready for game 2.
|inactive|Pupa202 has 30 seconds to confirm battle start!
||Pupa202 is ready for game 2.
|uhtml|next|Next: Game 2 of 3
