|j|☆fleamarketninja
|j|☆moth.o
|html|fleamarketninjamoth.o    
|uhtml|bestof|Game 1 of a best-of-3
|t:|1756657087
|gametype|doubles
|player|p1|fleamarketninja|265|1075
|player|p2|moth.o|roxie|1158
|gen|9
|tier|[Gen 9] VGC 2025 Reg H (Bo3)
|rated|
|rule|Species Clause: Limit one of each Pokémon
|rule|Item Clause: Limit 1 of each item
|clearpoke
|poke|p1|Politoed, L50, F|
|poke|p1|Gothitelle, L50, F|
|poke|p1|Incineroar, L50, M|
|poke|p1|Amoonguss, L50, F|
|poke|p1|Kingdra, L50, F|
|poke|p1|Archaludon, L50, F|
|poke|p2|Arcanine-Hisui, L50, F|
|poke|p2|Indeedee-F, L50, F|
|poke|p2|Gallade, L50, M|
|poke|p2|Gholdengo, L50|
|poke|p2|Whimsicott, L50, M|
|poke|p2|Hydreigon, L50, M|
|teampreview|4
|showteam|p1|Politoed||Leftovers|Drizzle|Protect,WeatherBall,PerishSong,Encore|||F|||50|,,,,,Grass]Gothitelle||SitrusBerry|ShadowTag|Protect,Psychic,FakeOut,TrickRoom|||F|||50|,,,,,Dark]Incineroar||SafetyGoggles|Intimidate|Protect,KnockOff,FakeOut,PartingShot|||M|||50|,,,,,Ghost]Amoonguss||EjectButton|Regenerator|Protect,RagePowder,PollenPuff,Spore|||F|||50|,,,,,Fairy]Kingdra||LifeOrb|SwiftSwim|Protect,WeatherBall,DracoMeteor,MuddyWater|||F|||50|,,,,,Stellar]Archaludon||PowerHerb|Sturdy|Protect,ElectroShot,DragonPulse,FlashCannon|||F|||50|,,,,,Electric
|showteam|p2|Arcanine-Hisui||SafetyGoggles|Intimidate|RockSlide,FlareBlitz,ExtremeSpeed,Protect|||F|||50|,,,,,Fairy]Indeedee-F||SitrusBerry|PsychicSurge|TrickRoom,FollowMe,Psychic,HelpingHand|||F|||50|,,,,,Fairy]Gallade||LifeOrb|Sharpness|Protect,NightSlash,SacredSword,PsychoCut|||M|||50|,,,,,Grass]Gholdengo||ChoiceSpecs|GoodasGold|Trick,ShadowBall,MakeItRain,PowerGem||||||50|,,,,,Water]Whimsicott||CovertCloak|Prankster|SunnyDay,Moonblast,Encore,Tailwind|||M|||50|,,,,,Dark]Hydreigon||AssaultVest|Levitate|Uturn,Snarl,DarkPulse,DracoMeteor|||M|||50|,,,,,Ghost
|inactive|Battle timer is ON: inactive players will automatically lose when time's up. (requested by fleamarketninja)
|
|t:|1756657129
|teamsize|p1|4
|teamsize|p2|4
|start
|switch|p1a: Kingdra|Kingdra, L50, F|100/100
|switch|p1b: Politoed|Politoed, L50, F|100/100
|switch|p2a: Tesorero|Gholdengo, L50|100/100
|switch|p2b: Galantería|Gallade, L50, M, shiny|100/100
|-weather|RainDance|[from] ability: Drizzle|[of] p1b: Politoed
|turn|1
|inactive|moth.o has 30 seconds left.
|
|t:|1756657163
|-terastallize|p1a: Kingdra|Stellar
|move|p1b: Politoed|Protect|p1b: Politoed
|-singleturn|p1b: Politoed|Protect
|move|p1a: Kingdra|Draco Meteor|p2a: Tesorero
|-resisted|p2a: Tesorero
|-damage|p2a: Tesorero|41/100
|-unboost|p1a: Kingdra|spa|2
|-damage|p1a: Kingdra|91/100|[from] item: Life Orb
|move|p2a: Tesorero|Shadow Ball|p1b: Politoed
|-activate|p1b: Politoed|move: Protect
|move|p2b: Galantería|Sacred Sword|p1b: Politoed
|-activate|p1b: Politoed|move: Protect
|
|-weather|RainDance|[upkeep]
|upkeep
|turn|2
|inactive|fleamarketninja has 30 seconds left.
|inactive|moth.o has 30 seconds left.
|inactive|fleamarketninja has 20 seconds left.
|
|t:|1756657200
|switch|p1b: Archaludon|Archaludon, L50, F|100/100
|-terastallize|p2a: Tesorero|Water
|move|p1a: Kingdra|Muddy Water|p2b: Galantería|[spread] p2a,p2b
|-resisted|p2a: Tesorero
|-damage|p2a: Tesorero|17/100
|-damage|p2b: Galantería|53/100
|-damage|p1a: Kingdra|81/100|[from] item: Life Orb
|move|p2a: Tesorero|Shadow Ball|p1b: Archaludon
|-ability|p1b: Archaludon|Sturdy
|-damage|p1b: Archaludon|1/100
|move|p2b: Galantería|Sacred Sword|p1b: Archaludon
|-supereffective|p1b: Archaludon
|-damage|p1b: Archaludon|0 fnt
|faint|p1b: Archaludon
|-damage|p2b: Galantería|43/100|[from] item: Life Orb
|
|-weather|RainDance|[upkeep]
|upkeep
|
|t:|1756657218
|switch|p1b: Gothitelle|Gothitelle, L50, F|100/100
|turn|3
|
|t:|1756657227
|move|p2b: Galantería|Protect|p2b: Galantería
|-singleturn|p2b: Galantería|Protect
|move|p1b: Gothitelle|Fake Out|p2a: Tesorero
|-damage|p2a: Tesorero|9/100
|move|p1a: Kingdra|Muddy Water|p2b: Galantería|[spread] p2a
|-activate|p2b: Galantería|move: Protect
|-resisted|p2a: Tesorero
|-damage|p2a: Tesorero|0 fnt
|faint|p2a: Tesorero
|-damage|p1a: Kingdra|71/100|[from] item: Life Orb
|
|-weather|RainDance|[upkeep]
|upkeep
|
|t:|1756657241
|switch|p2a: Triquiñuela|Whimsicott, L50, M, shiny|100/100
|turn|4
|
|t:|1756657255
|move|p1b: Gothitelle|Protect|p1b: Gothitelle
|-singleturn|p1b: Gothitelle|Protect
|move|p2a: Triquiñuela|Sunny Day|p2a: Triquiñuela
|-weather|SunnyDay
|move|p1a: Kingdra|Muddy Water|p2a: Triquiñuela|[spread] p2a
|-miss|p1a: Kingdra|p2b: Galantería
|-resisted|p2a: Triquiñuela
|-crit|p2a: Triquiñuela
|-damage|p2a: Triquiñuela|81/100
|-damage|p1a: Kingdra|61/100|[from] item: Life Orb
|move|p2b: Galantería|Sacred Sword|p1a: Kingdra
|-damage|p1a: Kingdra|0 fnt
|faint|p1a: Kingdra
|-damage|p2b: Galantería|33/100|[from] item: Life Orb
|
|-weather|SunnyDay|[upkeep]
|upkeep
|
|t:|1756657269
|switch|p1a: Politoed|Politoed, L50, F|100/100
|-weather|RainDance|[from] ability: Drizzle|[of] p1a: Politoed
|turn|5
|
|t:|1756657291
|move|p1a: Politoed|Protect|p1a: Politoed
|-singleturn|p1a: Politoed|Protect
|move|p2a: Triquiñuela|Encore|p1b: Gothitelle
|-start|p1b: Gothitelle|Encore
|move|p2b: Galantería|Sacred Sword|p1a: Politoed
|-activate|p1a: Politoed|move: Protect
|move|p1b: Gothitelle|Protect||[still]
|-fail|p1b: Gothitelle
|
|-weather|RainDance|[upkeep]
|upkeep
|turn|6
|
|t:|1756657306
|move|p1b: Gothitelle|Protect|p1b: Gothitelle
|-singleturn|p1b: Gothitelle|Protect
|move|p2a: Triquiñuela|Encore|p1a: Politoed
|-start|p1a: Politoed|Encore
|move|p2b: Galantería|Sacred Sword|p1a: Politoed
|-damage|p1a: Politoed|0 fnt
|faint|p1a: Politoed
|-damage|p2b: Galantería|24/100|[from] item: Life Orb
|
|-weather|RainDance|[upkeep]
|upkeep
|turn|7
|-message|fleamarketninja forfeited.
|
|win|moth.o
||fleamarketninja is ready for game 2.
||moth.o is ready for game 2.
|uhtml|next|Next: Game 2 of 3
