|j|☆DOCTORCHUNK
|j|☆Fireboule
|html|DOCTORCHUNKFireboule    
|uhtml|bestof|Game 1 of a best-of-3
|t:|1757788948
|gametype|doubles
|player|p1|DOCTORCHUNK|266|1150
|player|p2|Fireboule|bugcatcher-gen4dp|1150
|gen|9
|tier|[Gen 9] VGC 2025 Reg H (Bo3)
|rated|
|rule|Species Clause: Limit one of each Pokémon
|rule|Item Clause: Limit 1 of each item
|clearpoke
|poke|p1|Dondozo, L50, M|
|poke|p1|Tatsugiri, L50, M|
|poke|p1|Weezing-Galar, L50, M|
|poke|p1|Slaking, L50, M|
|poke|p1|Toedscruel, L50, M|
|poke|p1|Vikavolt, L50, F|
|poke|p2|Incineroar, L50, F|
|poke|p2|Amoonguss, L50, F|
|poke|p2|Ursaluna-Bloodmoon, L50, M|
|poke|p2|Sneasler, L50, F|
|poke|p2|Gholdengo, L50|
|poke|p2|Dragonite, L50, M|
|teampreview|4
|showteam|p1|Dondozo||Leftovers|Unaware|WaveCrash,Substitute,Earthquake,Protect|||M|||50|,,,,,Ground]Tatsugiri||ChoiceScarf|Commander|MuddyWater,IcyWind,DracoMeteor,MirrorCoat|||M|||50|,,,,,Ghost]Weezing-Galar||AssaultVest|NeutralizingGas|HeatWave,DazzlingGleam,SludgeBomb,ClearSmog|||M|||50|,,,,,Fire]Slaking||LifeOrb|Truant|DoubleEdge,HighHorsepower,KnockOff,Protect|||M|||50|,,,,,Stellar]Toedscruel||CovertCloak|MyceliumMight|Spore,EarthPower,AcidSpray,RagePowder|||M|||50|,,,,,Water]Vikavolt||ChoiceSpecs|Levitate|Discharge,BugBuzz,VoltSwitch,StruggleBug|||F|||50|,,,,,Electric
|showteam|p2|Incineroar||SafetyGoggles|Intimidate|FlareBlitz,KnockOff,PartingShot,FakeOut|||F|||50|,,,,,Ghost]Amoonguss||SitrusBerry|Regenerator|Spore,RagePowder,PollenPuff,Protect|||F|||50|,,,,,Psychic]Ursaluna-Bloodmoon||AssaultVest|MindsEye|HyperVoice,BloodMoon,EarthPower,VacuumWave|||M|||50|,,,,,Water]Sneasler||FocusSash|Unburden|CloseCombat,DireClaw,ThroatChop,Protect|||F|||50|,,,,,Stellar]Gholdengo||LifeOrb|GoodasGold|MakeItRain,ShadowBall,NastyPlot,Protect||||||50|,,,,,Water]Dragonite||LoadedDice|Multiscale|ScaleShot,Tailwind,Haze,Protect|||M|||50|,,,,,Fairy
|inactive|Battle timer is ON: inactive players will automatically lose when time's up. (requested by Fireboule)
|
|t:|1757789006
|teamsize|p1|4
|teamsize|p2|4
|start
|switch|p1a: Toedscruel|Toedscruel, L50, M|100/100
|switch|p1b: Dondozo|Dondozo, L50, M|100/100
|switch|p2a: Dragonite|Dragonite, L50, M|100/100
|switch|p2b: Ursaluna|Ursaluna-Bloodmoon, L50, M|100/100
|turn|1
|
|t:|1757789024
|move|p2a: Dragonite|Scale Shot|p1a: Toedscruel
|-damage|p1a: Toedscruel|83/100
|-damage|p1a: Toedscruel|63/100
|-damage|p1a: Toedscruel|46/100
|-damage|p1a: Toedscruel|27/100
|-damage|p1a: Toedscruel|10/100
|-hitcount|p1a: Toedscruel|5
|-unboost|p2a: Dragonite|def|1
|-boost|p2a: Dragonite|spe|1
|move|p1b: Dondozo|Substitute|p1b: Dondozo
|-start|p1b: Dondozo|Substitute
|-damage|p1b: Dondozo|76/100
|move|p2b: Ursaluna|Blood Moon|p1a: Toedscruel
|-damage|p1a: Toedscruel|0 fnt
|faint|p1a: Toedscruel
|
|-heal|p1b: Dondozo|82/100|[from] item: Leftovers
|upkeep
|
|t:|1757789043
|switch|p1a: Weezing|Weezing-Galar, L50, M|100/100
|-ability|p1a: Weezing|Neutralizing Gas
|turn|2
|
|t:|1757789062
|move|p2a: Dragonite|Scale Shot|p1b: Dondozo
|-activate|p1b: Dondozo|move: Substitute|[damage]
|-activate|p1b: Dondozo|move: Substitute|[damage]
|-end|p1b: Dondozo|Substitute
|-damage|p1b: Dondozo|71/100
|-damage|p1b: Dondozo|61/100
|-hitcount|p1b: Dondozo|5
|-unboost|p2a: Dragonite|def|1
|-boost|p2a: Dragonite|spe|1
|move|p1b: Dondozo|Wave Crash|p2b: Ursaluna
|-supereffective|p2b: Ursaluna
|-damage|p2b: Ursaluna|22/100
|-damage|p1b: Dondozo|38/100|[from] Recoil
|move|p1a: Weezing|Dazzling Gleam|p2a: Dragonite|[spread] p2a,p2b
|-supereffective|p2a: Dragonite
|-crit|p2a: Dragonite
|-damage|p2a: Dragonite|29/100
|-damage|p2b: Ursaluna|6/100
|move|p2b: Ursaluna|Hyper Voice|p1b: Dondozo|[spread] p1a,p1b
|-damage|p1a: Weezing|70/100
|-damage|p1b: Dondozo|5/100
|
|-heal|p1b: Dondozo|11/100|[from] item: Leftovers
|upkeep
|turn|3
|inactive|DOCTORCHUNK has 30 seconds left.
|
|t:|1757789090
|move|p1b: Dondozo|Protect|p1b: Dondozo
|-singleturn|p1b: Dondozo|Protect
|move|p2a: Dragonite|Tailwind|p2a: Dragonite
|-sidestart|p2: Fireboule|move: Tailwind
|move|p2b: Ursaluna|Hyper Voice|p1a: Weezing|[spread] p1a
|-activate|p1b: Dondozo|move: Protect
|-damage|p1a: Weezing|40/100
|move|p1a: Weezing|Dazzling Gleam|p2b: Ursaluna|[spread] p2a,p2b
|-supereffective|p2a: Dragonite
|-damage|p2a: Dragonite|0 fnt
|-damage|p2b: Ursaluna|0 fnt
|faint|p2a: Dragonite
|faint|p2b: Ursaluna
|
|-heal|p1b: Dondozo|17/100|[from] item: Leftovers
|upkeep
|
|t:|1757789100
|switch|p2a: Sneasler|Sneasler, L50, F|100/100
|switch|p2b: Incineroar|Incineroar, L50, F|100/100
|turn|4
|
|t:|1757789121
|switch|p1b: Tatsugiri|Tatsugiri, L50, M|100/100
|-terastallize|p2a: Sneasler|Stellar
|move|p2a: Sneasler|Dire Claw|p1b: Tatsugiri
|-damage|p1b: Tatsugiri|2/100
|-status|p1b: Tatsugiri|par
|move|p2b: Incineroar|Knock Off|p1a: Weezing
|-resisted|p1a: Weezing
|-damage|p1a: Weezing|21/100
|-enditem|p1a: Weezing|Assault Vest|[from] move: Knock Off|[of] p2b: Incineroar
|move|p1a: Weezing|Dazzling Gleam|p2a: Sneasler|[spread] p2a,p2b
|-damage|p2a: Sneasler|69/100
|-damage|p2b: Incineroar|79/100
|
|upkeep
|turn|5
|inactive|DOCTORCHUNK has 30 seconds left.
|
|t:|1757789151
|-end|p1a: Weezing|ability: Neutralizing Gas
|-ability|p2b: Incineroar|Intimidate|boost
|-unboost|p1a: Weezing|atk|1
|-unboost|p1b: Tatsugiri|atk|1
|switch|p1a: Dondozo|Dondozo, L50, M|17/100
|-activate|p1b: Tatsugiri|ability: Commander|[of] p1a: Dondozo
|-boost|p1a: Dondozo|atk|2
|-boost|p1a: Dondozo|spa|2
|-boost|p1a: Dondozo|spe|2
|-boost|p1a: Dondozo|def|2
|-boost|p1a: Dondozo|spd|2
|move|p2a: Sneasler|Dire Claw|p1a: Dondozo
|-damage|p1a: Dondozo|1/100
|-status|p1a: Dondozo|psn
|move|p2b: Incineroar|Knock Off|p1b: Tatsugiri|[miss]
|-miss|p2b: Incineroar|p1b: Tatsugiri
|
|-heal|p1a: Dondozo|7/100 psn|[from] item: Leftovers
|-damage|p1a: Dondozo|0 fnt|[from] psn
|faint|p1a: Dondozo
|upkeep
|inactive|DOCTORCHUNK has 30 seconds left.
|l|☆DOCTORCHUNK
|inactive|DOCTORCHUNK disconnected and has a minute to reconnect!
|player|p1|
|inactive|DOCTORCHUNK has 20 seconds left.
|inactive|DOCTORCHUNK has 15 seconds left.
|inactive|DOCTORCHUNK has 10 seconds left.
|inactive|DOCTORCHUNK has 5 seconds left.
|-message|DOCTORCHUNK lost due to inactivity.
|
|win|Fireboule
|l|☆Fireboule
|player|p2|
||Fireboule is ready for game 2.
|inactive|DOCTORCHUNK has 25 seconds to reconnect!
|inactive|DOCTORCHUNK has 15 seconds to reconnect!
|inactive|DOCTORCHUNK has 5 seconds to reconnect!
|uhtml|next|Next: Game 2 of 3
