|j|☆PYS_Max2
|j|☆MEGA FRAUD
|html|PYS_Max2MEGA FRAUD    
|uhtml|bestof|Game 1 of a best-of-3
|t:|1785433279
|gametype|doubles
|player|p1|PYS_Max2|clay|1398
|player|p2|MEGA FRAUD|1|1450
|gen|9
|tier|[Gen 9 Champions] VGC 2026 Reg M-B (Bo3)
|rated|
|rule|Species Clause: Limit one of each Pokémon
|rule|Item Clause: Limit 1 of each item
|clearpoke
|poke|p1|Blastoise, L50, M|
|poke|p1|Sinistcha-Masterpiece, L50|
|poke|p1|Charizard, L50, M|
|poke|p1|Incineroar, L50, M|
|poke|p1|Kingambit, L50, F|
|poke|p1|Sylveon, L50, M|
|poke|p2|Tyranitar, L50, M|
|poke|p2|Excadrill, L50, M|
|poke|p2|Milotic, L50, F|
|poke|p2|Sinistcha, L50|
|poke|p2|Staraptor, L50, F|
|poke|p2|Gholdengo, L50|
|teampreview|4
|showteam|p1|Blastoise||Blastoisinite|RainDish|WaterSpout,DarkPulse,FakeOut,AuraSphere|Quiet||M|||50|]Sinistcha-Masterpiece||FocusSash|Hospitality|MatchaGotcha,RagePowder,ShadowBall,TrickRoom|Quiet|||||50|]Charizard||CharizarditeY|Blaze|HeatWave,SolarBeam,AncientPower,Protect|Modest||M|||50|]Incineroar||SitrusBerry|Intimidate|FlareBlitz,PartingShot,HelpingHand,FakeOut|Careful||M|||50|]Kingambit||LifeOrb|Defiant|KowtowCleave,Protect,SwordsDance,SuckerPunch|Adamant||F|||50|]Sylveon||FairyFeather|Pixilate|HyperVoice,CalmMind,Protect,QuickAttack|Quiet||M|||50|
|showteam|p2|Tyranitar||Tyranitarite|SandStream|KnockOff,RockSlide,LowKick,Protect|Jolly||M|||50|]Excadrill||FocusSash|SandRush|HighHorsepower,IronHead,RockSlide,Protect|Adamant||M|||50|]Milotic||SitrusBerry|Competitive|Scald,IcyWind,IceBeam,Protect|Calm||F|||50|]Sinistcha||ColburBerry|Hospitality|MatchaGotcha,ShadowBall,Protect,RagePowder|Bold|||||50|]Staraptor||Staraptite|Intimidate|CloseCombat,BraveBird,Tailwind,Protect|Jolly||F|||50|]Gholdengo||LifeOrb|GoodasGold|MakeItRain,ShadowBall,NastyPlot,Protect|Modest|||||50|
|
|t:|1785433328
|teamsize|p1|4
|teamsize|p2|4
|start
|switch|p1a: Sinistcha|Sinistcha-Masterpiece, L50|100/100
|switch|p1b: Blastoise|Blastoise, L50, M|100/100
|switch|p2a: Milotic|Milotic, L50, F|100/100
|switch|p2b: Gholdengo|Gholdengo, L50|100/100
|turn|1
|inactive|Battle timer is ON: inactive players will automatically lose when time's up. (requested by MEGA FRAUD)
|
|t:|1785433349
|detailschange|p1b: Blastoise|Blastoise-Mega, L50, M
|-mega|p1b: Blastoise|Blastoise|Blastoisinite
|move|p2b: Gholdengo|Make It Rain|p1b: Blastoise|[spread] p1a
|-miss|p2b: Gholdengo|p1b: Blastoise
|-damage|p1a: Sinistcha|32/100
|-unboost|p2b: Gholdengo|spa|2
|-damage|p2b: Gholdengo|90/100|[from] item: Life Orb
|move|p2a: Milotic|Ice Beam|p1a: Sinistcha
|-supereffective|p1a: Sinistcha|1
|-damage|p1a: Sinistcha|0 fnt
|faint|p1a: Sinistcha
|move|p1b: Blastoise|Dark Pulse|p2b: Gholdengo
|-supereffective|p2b: Gholdengo|1
|-damage|p2b: Gholdengo|0 fnt
|faint|p2b: Gholdengo
|
|upkeep
|
|t:|1785433364
|switch|p2b: Sinistcha|Sinistcha, L50|100/100
|switch|p1a: Sylveon|Sylveon, L50, M|100/100
|turn|2
|
|t:|1785433379
|move|p2a: Milotic|Scald|p1a: Sylveon
|-damage|p1a: Sylveon|77/100
|move|p2b: Sinistcha|Matcha Gotcha|p1b: Blastoise|[spread] p1a,p1b
|-supereffective|p1b: Blastoise|1
|-damage|p1a: Sylveon|58/100
|-damage|p1b: Blastoise|61/100
|move|p1b: Blastoise|Dark Pulse|p2b: Sinistcha
|-supereffective|p2b: Sinistcha|1
|-enditem|p2b: Sinistcha|Colbur Berry|[eat]
|-enditem|p2b: Sinistcha|Colbur Berry|[weaken]
|-damage|p2b: Sinistcha|53/100
|move|p1a: Sylveon|Hyper Voice|p2a: Milotic|[spread] p2a,p2b
|-damage|p2a: Milotic|71/100
|-damage|p2b: Sinistcha|12/100
|
|upkeep
|turn|3
|
|t:|1785433402
|move|p1a: Sylveon|Quick Attack|p2b: Sinistcha
|-damage|p2b: Sinistcha|0 fnt
|faint|p2b: Sinistcha
|move|p2a: Milotic|Scald|p1b: Blastoise
|-resisted|p1b: Blastoise|1
|-damage|p1b: Blastoise|50/100y
|move|p1b: Blastoise|Aura Sphere|p2a: Milotic
|-damage|p2a: Milotic|41/100
|-enditem|p2a: Milotic|Sitrus Berry|[eat]
|-heal|p2a: Milotic|66/100|[from] item: Sitrus Berry
|
|upkeep
|
|t:|1785433405
|switch|p2b: Tyranitar|Tyranitar, L50, M|100/100
|-weather|Sandstorm|[from] ability: Sand Stream|[of] p2b: Tyranitar
|turn|4
|
|t:|1785433427
|detailschange|p2b: Tyranitar|Tyranitar-Mega, L50, M
|-mega|p2b: Tyranitar|Tyranitar|Tyranitarite
|move|p2b: Tyranitar|Rock Slide|p1a: Sylveon|[spread] p1a,p1b
|-damage|p1a: Sylveon|17/100
|-damage|p1b: Blastoise|22/100
|move|p2a: Milotic|Scald|p1b: Blastoise
|-resisted|p1b: Blastoise|1
|-damage|p1b: Blastoise|11/100
|-status|p1b: Blastoise|brn
|move|p1b: Blastoise|Aura Sphere|p2b: Tyranitar
|-supereffective|p2b: Tyranitar|2
|-damage|p2b: Tyranitar|2/100
|move|p1a: Sylveon|Hyper Voice|p2a: Milotic|[spread] p2a,p2b
|-supereffective|p2b: Tyranitar|1
|-damage|p2a: Milotic|38/100
|-damage|p2b: Tyranitar|0 fnt
|faint|p2b: Tyranitar
|
|-weather|Sandstorm|[upkeep]
|-damage|p2a: Milotic|33/100|[from] Sandstorm
|-damage|p1b: Blastoise|5/100 brn|[from] Sandstorm
|-damage|p1a: Sylveon|11/100|[from] Sandstorm
|-damage|p1b: Blastoise|0 fnt|[from] brn
|faint|p1b: Blastoise
|upkeep
|
|t:|1785433447
|switch|p1b: Incineroar|Incineroar, L50, M|100/100
|-ability|p1b: Incineroar|Intimidate|boost
|-unboost|p2a: Milotic|atk|1
|-ability|p2a: Milotic|Competitive|boost
|-boost|p2a: Milotic|spa|2
|turn|5
|
|t:|1785433454
|move|p2a: Milotic|Protect|p2a: Milotic
|-singleturn|p2a: Milotic|Protect
|move|p1b: Incineroar|Fake Out|p2a: Milotic
|-activate|p2a: Milotic|move: Protect
|move|p1a: Sylveon|Calm Mind|p1a: Sylveon
|-boost|p1a: Sylveon|spa|1
|-boost|p1a: Sylveon|spd|1
|
|-weather|Sandstorm|[upkeep]
|-damage|p2a: Milotic|27/100|[from] Sandstorm
|-damage|p1b: Incineroar|94/100|[from] Sandstorm
|-damage|p1a: Sylveon|5/100|[from] Sandstorm
|upkeep
|turn|6
|
|t:|1785433474
|move|p2a: Milotic|Protect||[still]
|-fail|p2a: Milotic
|move|p1a: Sylveon|Quick Attack|p2a: Milotic
|-damage|p2a: Milotic|14/100
|move|p1b: Incineroar|Flare Blitz|p2a: Milotic
|-resisted|p2a: Milotic|1
|-damage|p2a: Milotic|0 fnt
|faint|p2a: Milotic
|-damage|p1b: Incineroar|89/100|[from] Recoil
|
|win|PYS_Max2
||MEGA FRAUD is ready for game 2.
|inactive|PYS_Max2 has 30 seconds to confirm battle start!
|l|☆PYS_Max2
|player|p1|
|inactive|PYS_Max2 has 20 seconds to confirm battle start!
|j|☆PYS_Max2
|player|p1|PYS_Max2|clay|
||PYS_Max2 is ready for game 2.
|uhtml|next|Next: Game 2 of 3
