|j|☆Herdier1590
|j|☆Delacruso
|html|Herdier1590Delacruso    
|uhtml|bestof|Game 3 of a best-of-3
|t:|1784832534
|gametype|doubles
|player|p1|Herdier1590|ethan|1242
|player|p2|Delacruso|red|1239
|gen|9
|tier|[Gen 9 Champions] VGC 2026 Reg M-B (Bo3)
|rated|
|rule|Species Clause: Limit one of each Pokémon
|rule|Item Clause: Limit 1 of each item
|clearpoke
|poke|p1|Swampert, L50, F|
|poke|p1|Venusaur, L50, M|
|poke|p1|Pelipper, L50, M|
|poke|p1|Basculegion, L50, M|
|poke|p1|Archaludon, L50, M|
|poke|p1|Grimmsnarl, L50, M|
|poke|p2|Charizard, L50, M, shiny|
|poke|p2|Grimmsnarl, L50, M, shiny|
|poke|p2|Pelipper, L50, M|
|poke|p2|Archaludon, L50, M|
|poke|p2|Basculegion, L50, M, shiny|
|poke|p2|Venusaur, L50, F|
|teampreview|4
|showteam|p1|Swampert||Swampertite|Torrent|WaveCrash,Earthquake,IcePunch,Protect|Adamant||F|||50|]Venusaur||Venusaurite|Chlorophyll|SludgeBomb,EarthPower,GigaDrain,Protect|Modest||M|||50|]Pelipper||SitrusBerry|Drizzle|WeatherBall,WideGuard,Hurricane,Tailwind|Modest||M|||50|]Basculegion||LifeOrb|SwiftSwim|WaveCrash,LastRespects,AquaJet,Protect|Adamant||M|||50|]Archaludon||Leftovers|Stamina|FlashCannon,DragonPulse,ElectroShot,Protect|Calm||M|||50|]Grimmsnarl||LightClay|Prankster|SpiritBreak,Reflect,LightScreen,PartingShot|Sassy||M|||50|
|showteam|p2|Charizard||CharizarditeY|Blaze|Protect,HeatWave,WeatherBall,SolarBeam|Modest||M|||50|]Grimmsnarl||LightClay|Prankster|SpiritBreak,Reflect,LightScreen,PartingShot|Sassy||M|||50|]Pelipper||SitrusBerry|Drizzle|Hurricane,WeatherBall,Tailwind,WideGuard|Modest||M|||50|]Archaludon||Leftovers|Stamina|Protect,ElectroShot,DragonPulse,FlashCannon|Calm||M|||50|]Basculegion||ChoiceScarf|Adaptability|FlipTurn,WaveCrash,AquaJet,LastRespects|Jolly||M|||50|]Venusaur||FocusSash|Chlorophyll|Protect,SleepPowder,SludgeBomb,EarthPower|Modest||F|||50|
|inactive|Battle timer is ON: inactive players will automatically lose when time's up. (requested by Delacruso)
|inactive|Delacruso has 60 seconds left.
|
|t:|1784832590
|teamsize|p1|4
|teamsize|p2|4
|start
|switch|p1a: Big Stapler|Archaludon, L50, M|100/100
|switch|p1b: Gremlin|Grimmsnarl, L50, M|100/100
|switch|p2a: Grimmsnarl|Grimmsnarl, L50, M, shiny|100/100
|switch|p2b: Archaludon|Archaludon, L50, M|100/100
|turn|1
|inactive|Delacruso has 30 seconds left.
|
|t:|1784832616
|move|p2a: Grimmsnarl|Light Screen|p2a: Grimmsnarl
|-sidestart|p2: Delacruso|move: Light Screen
|move|p1a: Big Stapler|Flash Cannon|p2a: Grimmsnarl
|-supereffective|p2a: Grimmsnarl|1
|-damage|p2a: Grimmsnarl|61/100
|move|p2b: Archaludon|Flash Cannon|p1b: Gremlin
|-supereffective|p1b: Gremlin|1
|-damage|p1b: Gremlin|40/100
|move|p1b: Gremlin|Spirit Break|p2a: Grimmsnarl
|-supereffective|p2a: Grimmsnarl|1
|-damage|p2a: Grimmsnarl|2/100
|-unboost|p2a: Grimmsnarl|spa|1
|
|upkeep
|turn|2
|inactive|Herdier1590 has 30 seconds left.
|inactive|Delacruso has 30 seconds left.
|inactive|Herdier1590 has 20 seconds left.
|inactive|Herdier1590 has 15 seconds left.
|
|t:|1784832658
|move|p2a: Grimmsnarl|Parting Shot|p1a: Big Stapler
|-unboost|p1a: Big Stapler|atk|1
|-unboost|p1a: Big Stapler|spa|1
|
|t:|1784832661
|switch|p2a: Pelipper|Pelipper, L50, M|100/100|[from] Parting Shot
|-weather|RainDance|[from] ability: Drizzle|[of] p2a: Pelipper
|move|p1b: Gremlin|Parting Shot|p2b: Archaludon
|-unboost|p2b: Archaludon|atk|1
|-unboost|p2b: Archaludon|spa|1
|
|t:|1784832674
|switch|p1b: Big Yoshi|Venusaur, L50, M|100/100|[from] Parting Shot
|move|p1a: Big Stapler|Electro Shot||[still]
|-prepare|p1a: Big Stapler|Electro Shot
|-boost|p1a: Big Stapler|spa|1
|-anim|p1a: Big Stapler|Electro Shot|p2a: Pelipper
|-supereffective|p2a: Pelipper|2
|-damage|p2a: Pelipper|0 fnt
|faint|p2a: Pelipper
|move|p2b: Archaludon|Electro Shot||[still]
|-prepare|p2b: Archaludon|Electro Shot
|-boost|p2b: Archaludon|spa|1
|-anim|p2b: Archaludon|Electro Shot|p1b: Big Yoshi
|-resisted|p1b: Big Yoshi|1
|-damage|p1b: Big Yoshi|81/100
|
|-weather|RainDance|[upkeep]
|upkeep
|
|t:|1784832694
|switch|p2a: Charizard|Charizard, L50, M, shiny|100/100
|turn|3
|inactive|Delacruso has 30 seconds left.
|inactive|Delacruso has 20 seconds left.
|
|t:|1784832731
|detailschange|p1b: Big Yoshi|Venusaur-Mega, L50, M
|-mega|p1b: Big Yoshi|Venusaur|Venusaurite
|move|p2a: Charizard|Weather Ball|p1a: Big Stapler
|-resisted|p1a: Big Stapler|1
|-damage|p1a: Big Stapler|82/100
|-ability|p1a: Big Stapler|Stamina|boost
|-boost|p1a: Big Stapler|def|1
|move|p1b: Big Yoshi|Earth Power|p2b: Archaludon
|-supereffective|p2b: Archaludon|1
|-damage|p2b: Archaludon|65/100
|-ability|p2b: Archaludon|Stamina|boost
|-boost|p2b: Archaludon|def|1
|move|p1a: Big Stapler|Dragon Pulse|p2b: Archaludon
|-damage|p2b: Archaludon|45/100
|-ability|p2b: Archaludon|Stamina|boost
|-boost|p2b: Archaludon|def|1
|move|p2b: Archaludon|Electro Shot||[still]
|-prepare|p2b: Archaludon|Electro Shot
|-boost|p2b: Archaludon|spa|1
|-anim|p2b: Archaludon|Electro Shot|p1a: Big Stapler
|-resisted|p1a: Big Stapler|1
|-damage|p1a: Big Stapler|60/100
|-ability|p1a: Big Stapler|Stamina|boost
|-boost|p1a: Big Stapler|def|1
|
|-weather|RainDance|[upkeep]
|-heal|p1a: Big Stapler|66/100|[from] item: Leftovers
|-heal|p2b: Archaludon|51/100|[from] item: Leftovers
|upkeep
|turn|4
|inactive|Delacruso has 30 seconds left.
|inactive|Delacruso has 20 seconds left.
|inactive|Delacruso has 15 seconds left.
|
|t:|1784832773
|detailschange|p2a: Charizard|Charizard-Mega-Y, L50, M, shiny
|-mega|p2a: Charizard|Charizard|Charizardite Y
|-weather|SunnyDay|[from] ability: Drought|[of] p2a: Charizard
|move|p1a: Big Stapler|Protect|p1a: Big Stapler
|-singleturn|p1a: Big Stapler|Protect
|move|p2b: Archaludon|Protect|p2b: Archaludon
|-singleturn|p2b: Archaludon|Protect
|move|p2a: Charizard|Heat Wave|p1a: Big Stapler|[spread] p1b
|-activate|p1a: Big Stapler|move: Protect
|-supereffective|p1b: Big Yoshi|1
|-damage|p1b: Big Yoshi|32/100
|move|p1b: Big Yoshi|Earth Power|p2b: Archaludon
|-activate|p2b: Archaludon|move: Protect
|
|-weather|SunnyDay|[upkeep]
|-heal|p1a: Big Stapler|72/100|[from] item: Leftovers
|-heal|p2b: Archaludon|57/100|[from] item: Leftovers
|upkeep
|turn|5
|inactive|Herdier1590 has 30 seconds left.
|inactive|Delacruso has 30 seconds left.
|inactive|Delacruso has 20 seconds left.
|inactive|Delacruso has 15 seconds left.
|
|t:|1784832817
|switch|p2a: Grimmsnarl|Grimmsnarl, L50, M, shiny|2/100
|switch|p1b: FEED ME|Pelipper, L50, M|100/100
|-weather|RainDance|[from] ability: Drizzle|[of] p1b: FEED ME
|move|p1a: Big Stapler|Electro Shot||[still]
|-prepare|p1a: Big Stapler|Electro Shot
|-boost|p1a: Big Stapler|spa|1
|-anim|p1a: Big Stapler|Electro Shot|p2b: Archaludon
|-resisted|p2b: Archaludon|1
|-damage|p2b: Archaludon|39/100
|-ability|p2b: Archaludon|Stamina|boost
|-boost|p2b: Archaludon|def|1
|move|p2b: Archaludon|Dragon Pulse|p1a: Big Stapler
|-damage|p1a: Big Stapler|22/100
|-ability|p1a: Big Stapler|Stamina|boost
|-boost|p1a: Big Stapler|def|1
|
|-weather|RainDance|[upkeep]
|-heal|p1a: Big Stapler|29/100|[from] item: Leftovers
|-heal|p2b: Archaludon|45/100|[from] item: Leftovers
|upkeep
|turn|6
|inactive|Herdier1590 has 30 seconds left.
|inactive|Delacruso has 30 seconds left.
|inactive|Delacruso has 20 seconds left.
|inactive|Delacruso has 15 seconds left.
|inactive|Delacruso has 10 seconds left.
|inactive|Herdier1590 has 20 seconds left.
|inactive|Herdier1590 has 15 seconds left.
|
|t:|1784832876
|switch|p1b: Gremlin|Grimmsnarl, L50, M|40/100
|move|p1a: Big Stapler|Dragon Pulse|p2b: Archaludon
|-damage|p2b: Archaludon|13/100
|-ability|p2b: Archaludon|Stamina|boost
|-boost|p2b: Archaludon|def|1
|move|p2b: Archaludon|Electro Shot||[still]
|-prepare|p2b: Archaludon|Electro Shot
|-boost|p2b: Archaludon|spa|1
|-anim|p2b: Archaludon|Electro Shot|p1b: Gremlin
|-damage|p1b: Gremlin|0 fnt
|faint|p1b: Gremlin
|move|p2a: Grimmsnarl|Spirit Break|p1a: Big Stapler
|-damage|p1a: Big Stapler|19/100
|-unboost|p1a: Big Stapler|spa|1
|-ability|p1a: Big Stapler|Stamina|boost
|-boost|p1a: Big Stapler|def|1
|
|-weather|RainDance|[upkeep]
|-heal|p1a: Big Stapler|25/100|[from] item: Leftovers
|-heal|p2b: Archaludon|19/100|[from] item: Leftovers
|upkeep
|
|t:|1784832885
|switch|p1b: Big Yoshi|Venusaur-Mega, L50, M|32/100
|turn|7
|inactive|Delacruso has 30 seconds left.
|inactive|Delacruso has 20 seconds left.
|
|t:|1784832925
|move|p2b: Archaludon|Protect|p2b: Archaludon
|-singleturn|p2b: Archaludon|Protect
|move|p2a: Grimmsnarl|Parting Shot|p1b: Big Yoshi
|-unboost|p1b: Big Yoshi|atk|1
|-unboost|p1b: Big Yoshi|spa|1
|
|t:|1784832930
|switch|p2a: Charizard|Charizard-Mega-Y, L50, M, shiny|100/100|[from] Parting Shot
|-weather|SunnyDay|[from] ability: Drought|[of] p2a: Charizard
|move|p1b: Big Yoshi|Sludge Bomb|p2a: Charizard
|-damage|p2a: Charizard|82/100
|move|p1a: Big Stapler|Dragon Pulse|p2a: Charizard
|-damage|p2a: Charizard|60/100
|
|-weather|SunnyDay|[upkeep]
|-heal|p1a: Big Stapler|32/100|[from] item: Leftovers
|-heal|p2b: Archaludon|25/100|[from] item: Leftovers
|upkeep
|turn|8
|inactive|Herdier1590 has 30 seconds left.
|inactive|Delacruso has 30 seconds left.
|inactive|Herdier1590 has 20 seconds left.
|inactive|Delacruso has 20 seconds left.
|inactive|Herdier1590 has 15 seconds left.
|inactive|Delacruso has 15 seconds left.
|inactive|Herdier1590 has 10 seconds left.
|
|t:|1784832979
|switch|p2a: Grimmsnarl|Grimmsnarl, L50, M, shiny|2/100
|switch|p1b: FEED ME|Pelipper, L50, M|100/100
|-weather|RainDance|[from] ability: Drizzle|[of] p1b: FEED ME
|move|p1a: Big Stapler|Electro Shot||[still]
|-prepare|p1a: Big Stapler|Electro Shot
|-boost|p1a: Big Stapler|spa|1
|-anim|p1a: Big Stapler|Electro Shot|p2a: Grimmsnarl
|-damage|p2a: Grimmsnarl|0 fnt
|faint|p2a: Grimmsnarl
|move|p2b: Archaludon|Dragon Pulse|p1b: FEED ME
|-damage|p1b: FEED ME|6/100
|-enditem|p1b: FEED ME|Sitrus Berry|[eat]
|-heal|p1b: FEED ME|31/100|[from] item: Sitrus Berry
|
|-weather|RainDance|[upkeep]
|-heal|p1a: Big Stapler|38/100|[from] item: Leftovers
|-heal|p2b: Archaludon|31/100|[from] item: Leftovers
|-sideend|p2: Delacruso|move: Light Screen
|upkeep
|
|t:|1784832996
|switch|p2a: Charizard|Charizard-Mega-Y, L50, M, shiny|60/100
|-weather|SunnyDay|[from] ability: Drought|[of] p2a: Charizard
|turn|9
|
|t:|1784833019
|switch|p1b: Big Yoshi|Venusaur-Mega, L50, M|32/100
|move|p1a: Big Stapler|Protect|p1a: Big Stapler
|-singleturn|p1a: Big Stapler|Protect
|move|p2a: Charizard|Heat Wave|p1b: Big Yoshi|[spread] p1b
|-activate|p1a: Big Stapler|move: Protect
|-supereffective|p1b: Big Yoshi|1
|-damage|p1b: Big Yoshi|0 fnt
|faint|p1b: Big Yoshi
|move|p2b: Archaludon|Dragon Pulse|p1a: Big Stapler
|-activate|p1a: Big Stapler|move: Protect
|
|-weather|SunnyDay|[upkeep]
|-heal|p1a: Big Stapler|44/100|[from] item: Leftovers
|-heal|p2b: Archaludon|37/100|[from] item: Leftovers
|upkeep
|
|t:|1784833024
|switch|p1b: FEED ME|Pelipper, L50, M|31/100
|-weather|RainDance|[from] ability: Drizzle|[of] p1b: FEED ME
|turn|10
|inactive|Delacruso has 30 seconds left.
|
|t:|1784833050
|move|p2a: Charizard|Weather Ball|p1b: FEED ME
|-resisted|p1b: FEED ME|1
|-damage|p1b: FEED ME|0 fnt
|faint|p1b: FEED ME
|move|p1a: Big Stapler|Dragon Pulse|p2b: Archaludon
|-damage|p2b: Archaludon|0 fnt
|faint|p2b: Archaludon
|
|-weather|RainDance|[upkeep]
|-heal|p1a: Big Stapler|50/100g|[from] item: Leftovers
|upkeep
|turn|11
|
|t:|1784833064
|move|p2a: Charizard|Weather Ball|p1a: Big Stapler
|-resisted|p1a: Big Stapler|1
|-damage|p1a: Big Stapler|25/100
|-ability|p1a: Big Stapler|Stamina|boost
|-boost|p1a: Big Stapler|def|1
|move|p1a: Big Stapler|Electro Shot||[still]
|-prepare|p1a: Big Stapler|Electro Shot
|-boost|p1a: Big Stapler|spa|1
|-anim|p1a: Big Stapler|Electro Shot|p2a: Charizard
|-supereffective|p2a: Charizard|1
|-damage|p2a: Charizard|0 fnt
|faint|p2a: Charizard
|
|win|Herdier1590
|raw|Herdier1590's rating: 1242 → 1267(+25 for winning)
|raw|Delacruso's rating: 1239 → 1214(-25 for losing)
