|j|☆browt.bonnet.
|j|☆parmesanlugubre206
|html|browt.bonnet.parmesanlugubre206    
|uhtml|bestof|Game 3 of a best-of-3
|t:|1783955846
|gametype|doubles
|player|p1|browt.bonnet.|dancer|1218
|player|p2|parmesanlugubre206|ethan|1219
|gen|9
|tier|[Gen 9 Champions] VGC 2026 Reg M-B (Bo3)
|rated|
|rule|Species Clause: Limit one of each Pokémon
|rule|Item Clause: Limit 1 of each item
|clearpoke
|poke|p1|Delphox, L50, M|
|poke|p1|Incineroar, L50, M|
|poke|p1|Sinistcha, L50|
|poke|p1|Blastoise, L50, M|
|poke|p1|Kingambit, L50, F|
|poke|p1|Sneasler, L50, M|
|poke|p2|Alakazam, L50, F|
|poke|p2|Tyranitar, L50, M|
|poke|p2|Sneasler, L50, F|
|poke|p2|Corviknight, L50, M|
|poke|p2|Tsareena, L50, F|
|poke|p2|Palafin, L50, F|
|teampreview|4
|showteam|p1|Delphox||Delphoxite|Blaze|HeatWave,Psyshock,Protect,NastyPlot|Timid||M|||50|]Incineroar||SitrusBerry|Intimidate|FakeOut,PartingShot,FlareBlitz,HelpingHand|Careful||M|||50|]Sinistcha||OccaBerry|Hospitality|MatchaGotcha,RagePowder,Protect,TrickRoom|Bold|||||50|]Blastoise||Blastoisinite|Torrent|WaterSpout,DarkPulse,ShellSmash,Protect|Modest||M|||50|]Kingambit||BlackGlasses|Defiant|KowtowCleave,Protect,SuckerPunch,SwordsDance|Brave||F|||50|]Sneasler||FocusSash|Unburden|CloseCombat,FakeOut,QuickGuard,DireClaw|Jolly||M|||50|
|showteam|p2|Alakazam||Alakazite|InnerFocus|Psychic,Encore,ShadowBall,Protect|Timid||F|||50|]Tyranitar||LifeOrb|SandStream|RockSlide,KnockOff,DragonDance,Protect|Adamant||M|||50|]Sneasler||WhiteHerb|Unburden|CloseCombat,DireClaw,FakeOut,Protect|Jolly||F|||50|]Corviknight||Leftovers|MirrorArmor|BodyPress,BulkUp,BraveBird,Tailwind|Careful||M|||50|]Tsareena||ChoiceScarf|QueenlyMajesty|TropKick,TripleAxel,Uturn,LowKick|Jolly||F|||50|]Palafin||MysticWater|ZerotoHero|WaveCrash,CloseCombat,JetPunch,Protect|Adamant||F|||50|
|inactive|Battle timer is ON: inactive players will automatically lose when time's up. (requested by parmesanlugubre206)
|
|t:|1783955866
|teamsize|p1|4
|teamsize|p2|4
|start
|switch|p1a: Incineroar|Incineroar, L50, M|100/100
|switch|p1b: Blastoise|Blastoise, L50, M|100/100
|switch|p2a: Sneasler|Sneasler, L50, F|100/100
|switch|p2b: Tyranitar|Tyranitar, L50, M|100/100
|-weather|Sandstorm|[from] ability: Sand Stream|[of] p2b: Tyranitar
|-ability|p1a: Incineroar|Intimidate|boost
|-unboost|p2a: Sneasler|atk|1
|-unboost|p2b: Tyranitar|atk|1
|-enditem|p2a: Sneasler|White Herb
|-clearnegativeboost|p2a: Sneasler|[silent]
|turn|1
|
|t:|1783955875
|switch|p1b: Sneasler|Sneasler, L50, M|100/100
|switch|p2b: Tsareena|Tsareena, L50, F|100/100
|move|p2a: Sneasler|Close Combat|p1b: Sneasler
|-resisted|p1b: Sneasler|1
|-damage|p1b: Sneasler|49/100
|-unboost|p2a: Sneasler|def|1
|-unboost|p2a: Sneasler|spd|1
|move|p1a: Incineroar|Parting Shot|p2b: Tsareena
|-unboost|p2b: Tsareena|atk|1
|-unboost|p2b: Tsareena|spa|1
|
|t:|1783955888
|switch|p1a: Blastoise|Blastoise, L50, M|100/100|[from] Parting Shot
|
|-weather|Sandstorm|[upkeep]
|-damage|p2a: Sneasler|94/100|[from] Sandstorm
|-damage|p2b: Tsareena|93/100|[from] Sandstorm
|-damage|p1b: Sneasler|43/100|[from] Sandstorm
|-damage|p1a: Blastoise|94/100|[from] Sandstorm
|upkeep
|turn|2
|
|t:|1783955901
|switch|p1a: Incineroar|Incineroar, L50, M|100/100
|-ability|p1a: Incineroar|Intimidate|boost
|-unboost|p2a: Sneasler|atk|1
|-unboost|p2b: Tsareena|atk|1
|move|p2a: Sneasler|Close Combat|p1b: Sneasler
|-resisted|p1b: Sneasler|1
|-damage|p1b: Sneasler|8/100
|-unboost|p2a: Sneasler|def|1
|-unboost|p2a: Sneasler|spd|1
|move|p2b: Tsareena|Trop Kick|p1a: Incineroar
|-resisted|p1a: Incineroar|1
|-damage|p1a: Incineroar|90/100
|-unboost|p1a: Incineroar|atk|1
|move|p1b: Sneasler|Dire Claw|p2b: Tsareena
|-supereffective|p2b: Tsareena|1
|-damage|p2b: Tsareena|0 fnt
|faint|p2b: Tsareena
|
|-weather|Sandstorm|[upkeep]
|-damage|p2a: Sneasler|88/100|[from] Sandstorm
|-damage|p1b: Sneasler|2/100|[from] Sandstorm
|-damage|p1a: Incineroar|84/100|[from] Sandstorm
|upkeep
|
|t:|1783955905
|switch|p2b: Tyranitar|Tyranitar, L50, M|100/100
|turn|3
|
|t:|1783955926
|switch|p2a: Alakazam|Alakazam, L50, F|100/100
|switch|p1a: Sinistcha|Sinistcha, L50|100/100
|-heal|p1b: Sneasler|27/100|[from] ability: Hospitality|[of] p1a: Sinistcha
|move|p2b: Tyranitar|Protect|p2b: Tyranitar
|-singleturn|p2b: Tyranitar|Protect
|move|p1b: Sneasler|Close Combat|p2b: Tyranitar
|-activate|p2b: Tyranitar|move: Protect
|
|-weather|Sandstorm|[upkeep]
|-damage|p2a: Alakazam|93/100|[from] Sandstorm
|-damage|p1b: Sneasler|21/100|[from] Sandstorm
|-damage|p1a: Sinistcha|93/100|[from] Sandstorm
|upkeep
|turn|4
|
|t:|1783955944
|switch|p2b: Sneasler|Sneasler, L50, F|88/100
|detailschange|p2a: Alakazam|Alakazam-Mega, L50, F
|-mega|p2a: Alakazam|Alakazam|Alakazite
|-ability|p2a: Alakazam|Hospitality|Trace|[from] ability: Trace|[of] p1a: Sinistcha
|-heal|p2b: Sneasler|100/100|[from] ability: Hospitality|[of] p2a: Alakazam
|move|p1a: Sinistcha|Rage Powder|p1a: Sinistcha
|-singleturn|p1a: Sinistcha|move: Rage Powder
|move|p2a: Alakazam|Shadow Ball|p1a: Sinistcha
|-supereffective|p1a: Sinistcha|1
|-damage|p1a: Sinistcha|30/100
|move|p1b: Sneasler|Close Combat|p2b: Sneasler
|-resisted|p2b: Sneasler|1
|-damage|p2b: Sneasler|46/100
|-unboost|p1b: Sneasler|def|1
|-unboost|p1b: Sneasler|spd|1
|
|-weather|Sandstorm|[upkeep]
|-damage|p2a: Alakazam|87/100|[from] Sandstorm
|-damage|p2b: Sneasler|40/100|[from] Sandstorm
|-damage|p1b: Sneasler|15/100|[from] Sandstorm
|-damage|p1a: Sinistcha|24/100|[from] Sandstorm
|upkeep
|turn|5
|
|t:|1783955961
|switch|p1b: Incineroar|Incineroar, L50, M|84/100
|-ability|p1b: Incineroar|Intimidate|boost
|-unboost|p2a: Alakazam|atk|1
|-unboost|p2b: Sneasler|atk|1
|move|p1a: Sinistcha|Protect|p1a: Sinistcha
|-singleturn|p1a: Sinistcha|Protect
|move|p2b: Sneasler|Fake Out|p1b: Incineroar
|-damage|p1b: Incineroar|75/100
|move|p2a: Alakazam|Encore|p1a: Sinistcha
|-activate|p1a: Sinistcha|move: Protect
|
|-weather|none
|upkeep
|turn|6
|inactive|browt.bonnet. has 30 seconds left.
|
|t:|1783955989
|move|p1b: Incineroar|Fake Out|p2a: Alakazam
|-damage|p2a: Alakazam|68/100
|cant|p2a: Alakazam|flinch
|move|p2b: Sneasler|Close Combat|p1b: Incineroar
|-supereffective|p1b: Incineroar|1
|-damage|p1b: Incineroar|1/100
|-unboost|p2b: Sneasler|def|1
|-unboost|p2b: Sneasler|spd|1
|-enditem|p1b: Incineroar|Sitrus Berry|[eat]
|-heal|p1b: Incineroar|25/100|[from] item: Sitrus Berry
|move|p1a: Sinistcha|Matcha Gotcha|p2a: Alakazam|[spread] p2b
|-miss|p1a: Sinistcha|p2a: Alakazam
|-resisted|p2b: Sneasler|1
|-damage|p2b: Sneasler|16/100
|-heal|p1a: Sinistcha|35/100|[from] drain|[of] p2b: Sneasler
|
|upkeep
|turn|7
|
|t:|1783956004
|switch|p1b: Sneasler|Sneasler, L50, M|15/100
|move|p1a: Sinistcha|Protect|p1a: Sinistcha
|-singleturn|p1a: Sinistcha|Protect
|move|p2a: Alakazam|Psychic|p1a: Sinistcha
|-activate|p1a: Sinistcha|move: Protect
|move|p2b: Sneasler|Close Combat|p1b: Sneasler
|-resisted|p1b: Sneasler|1
|-damage|p1b: Sneasler|0 fnt
|-unboost|p2b: Sneasler|def|1
|-unboost|p2b: Sneasler|spd|1
|faint|p1b: Sneasler
|
|upkeep
|
|t:|1783956006
|switch|p1b: Incineroar|Incineroar, L50, M|25/100
|-ability|p1b: Incineroar|Intimidate|boost
|-unboost|p2a: Alakazam|atk|1
|-unboost|p2b: Sneasler|atk|1
|turn|8
|
|t:|1783956010
|switch|p2b: Tyranitar|Tyranitar, L50, M|100/100
|-weather|Sandstorm|[from] ability: Sand Stream|[of] p2b: Tyranitar
|move|p2a: Alakazam|Protect|p2a: Alakazam
|-singleturn|p2a: Alakazam|Protect
|move|p1b: Incineroar|Fake Out|p2a: Alakazam
|-activate|p2a: Alakazam|move: Protect
|move|p1a: Sinistcha|Trick Room|p1a: Sinistcha
|-fieldstart|move: Trick Room|[of] p1a: Sinistcha
|
|-weather|Sandstorm|[upkeep]
|-damage|p1b: Incineroar|19/100|[from] Sandstorm
|-damage|p1a: Sinistcha|29/100|[from] Sandstorm
|-damage|p2a: Alakazam|62/100|[from] Sandstorm
|upkeep
|turn|9
|
|t:|1783956020
|switch|p2a: Sneasler|Sneasler, L50, F|16/100
|move|p1b: Incineroar|Helping Hand|p1a: Sinistcha
|-singleturn|p1a: Sinistcha|Helping Hand|[of] p1b: Incineroar
|move|p1a: Sinistcha|Matcha Gotcha|p2b: Tyranitar|[spread] p2b
|-miss|p1a: Sinistcha|p2a: Sneasler
|-supereffective|p2b: Tyranitar|1
|-damage|p2b: Tyranitar|56/100
|-heal|p1a: Sinistcha|51/100|[from] drain|[of] p2b: Tyranitar
|move|p2b: Tyranitar|Rock Slide|p1a: Sinistcha|[spread] p1a,p1b
|-supereffective|p1b: Incineroar|1
|-damage|p1a: Sinistcha|14/100
|-damage|p1b: Incineroar|0 fnt
|faint|p1b: Incineroar
|-damage|p2b: Tyranitar|46/100|[from] item: Life Orb
|
|-weather|Sandstorm|[upkeep]
|-damage|p1a: Sinistcha|8/100|[from] Sandstorm
|-damage|p2a: Sneasler|10/100|[from] Sandstorm
|upkeep
|
|t:|1783956033
|switch|p1b: Blastoise|Blastoise, L50, M|94/100
|turn|10
|
|t:|1783956045
|detailschange|p1b: Blastoise|Blastoise-Mega, L50, M
|-mega|p1b: Blastoise|Blastoise|Blastoisinite
|move|p2a: Sneasler|Fake Out|p1b: Blastoise
|-damage|p1b: Blastoise|79/100
|move|p1a: Sinistcha|Matcha Gotcha|p2b: Tyranitar|[spread] p2a,p2b
|-resisted|p2a: Sneasler|1
|-supereffective|p2b: Tyranitar|1
|-damage|p2a: Sneasler|0 fnt
|-heal|p1a: Sinistcha|13/100|[from] drain|[of] p2a: Sneasler
|-damage|p2b: Tyranitar|13/100
|-heal|p1a: Sinistcha|30/100|[from] drain|[of] p2b: Tyranitar
|faint|p2a: Sneasler
|move|p2b: Tyranitar|Knock Off|p1a: Sinistcha
|-supereffective|p1a: Sinistcha|1
|-damage|p1a: Sinistcha|0 fnt
|-enditem|p1a: Sinistcha|Occa Berry|[from] move: Knock Off|[of] p2b: Tyranitar
|faint|p1a: Sinistcha
|-damage|p2b: Tyranitar|3/100|[from] item: Life Orb
|cant|p1b: Blastoise|flinch
|
|-weather|Sandstorm|[upkeep]
|-damage|p1b: Blastoise|73/100|[from] Sandstorm
|upkeep
|
|t:|1783956049
|switch|p2a: Alakazam|Alakazam-Mega, L50, F|62/100
|-ability|p2a: Alakazam|Mega Launcher|Trace|[from] ability: Trace|[of] p1b: Blastoise
|turn|11
|
|t:|1783956058
|move|p2a: Alakazam|Protect|p2a: Alakazam
|-singleturn|p2a: Alakazam|Protect
|move|p2b: Tyranitar|Rock Slide|p1b: Blastoise|[miss]
|-miss|p2b: Tyranitar|p1b: Blastoise
|move|p1b: Blastoise|Water Spout|p2a: Alakazam|[spread] p2b
|-activate|p2a: Alakazam|move: Protect
|-supereffective|p2b: Tyranitar|1
|-damage|p2b: Tyranitar|0 fnt
|faint|p2b: Tyranitar
|
|-weather|Sandstorm|[upkeep]
|-damage|p1b: Blastoise|67/100|[from] Sandstorm
|-damage|p2a: Alakazam|56/100|[from] Sandstorm
|upkeep
|turn|12
|
|t:|1783956064
|move|p2a: Alakazam|Protect||[still]
|-fail|p2a: Alakazam
|move|p1b: Blastoise|Dark Pulse|p2a: Alakazam
|-supereffective|p2a: Alakazam|1
|-damage|p2a: Alakazam|0 fnt
|faint|p2a: Alakazam
|
|win|browt.bonnet.
|raw|browt.bonnet.'s rating: 1218 → 1243(+25 for winning)
|raw|parmesanlugubre206's rating: 1219 → 1194(-25 for losing)
|c|☆browt.bonnet.|gg
|c|☆parmesanlugubre206|gg
|l|☆parmesanlugubre206
|player|p2|
|l|☆browt.bonnet.
|player|p1|
|j|☆browt.bonnet.
|player|p1|browt.bonnet.|dancer|
