|j|☆pawmifleet
|j|☆LazyTurtle69
|html|pawmifleetLazyTurtle69    
|uhtml|bestof|Game 1 of a best-of-3
|t:|1784056151
|gametype|doubles
|player|p1|pawmifleet|2|1000
|player|p2|LazyTurtle69|buck|1000
|gen|9
|tier|[Gen 9 Champions] VGC 2026 Reg M-B (Bo3)
|rated|
|rule|Species Clause: Limit one of each Pokémon
|rule|Item Clause: Limit 1 of each item
|clearpoke
|poke|p1|Incineroar, L50, M|
|poke|p1|Venusaur, L50, M|
|poke|p1|Charizard, L50, M|
|poke|p1|Garchomp, L50, M|
|poke|p1|Toxapex, L50, M|
|poke|p1|Annihilape, L50, F|
|poke|p2|Mimikyu, L50, M|
|poke|p2|Skeledirge, L50, M|
|poke|p2|Drampa, L50, M|
|poke|p2|Scrafty, L50, F|
|poke|p2|Slowbro-Galar, L50, F|
|poke|p2|Hatterene, L50, F|
|teampreview|4
|showteam|p1|Incineroar||SitrusBerry|Intimidate|FakeOut,ThroatChop,FlareBlitz,PartingShot|Impish||M|||50|]Venusaur||LifeOrb|Chlorophyll|SolarBeam,SludgeBomb,EarthPower,Protect|Modest||M|||50|]Charizard||CharizarditeY|Blaze|HeatWave,WeatherBall,HelpingHand,Protect|Modest||M|||50|]Garchomp||ChoiceScarf|RoughSkin|DragonClaw,Earthquake,RockSlide,StompingTantrum|Adamant||M|||50|]Toxapex||Leftovers|Regenerator|Infestation,Toxic,BanefulBunker,WideGuard|Bold||M|||50|]Annihilape||FocusSash|Defiant|PhantomForce,CloseCombat,RockTomb,Protect|Jolly||F|||50|
|showteam|p2|Mimikyu||MentalHerb|Disguise|TrickRoom,DrainPunch,WillOWisp,LightScreen|Sassy||M|||50|]Skeledirge||Leftovers|Unaware|TorchSong,Protect,SlackOff,ShadowBall|Bold||M|||50|]Drampa||Drampanite|CloudNine|HyperVoice,DragonPulse,EarthPower,Protect|Modest||M|||50|]Scrafty||Scraftinite|Intimidate|DrainPunch,PoisonJab,KnockOff,FakeOut|Adamant||F|||50|]Slowbro-Galar||QuickClaw|QuickDraw|TrickRoom,ShellSideArm,DrainPunch,Protect|Relaxed||F|||50|]Hatterene||LifeOrb|MagicBounce|DazzlingGleam,Psychic,MysticalFire,Protect|Modest||F|||50|
|inactive|Battle timer is ON: inactive players will automatically lose when time's up. (requested by LazyTurtle69)
|inactive|pawmifleet has 60 seconds left.
|
|t:|1784056189
|teamsize|p1|4
|teamsize|p2|4
|start
|switch|p1a: Venusaur|Venusaur, L50, M|100/100
|switch|p1b: Charizard|Charizard, L50, M|100/100
|switch|p2a: Mimikyu|Mimikyu, L50, M|100/100
|switch|p2b: Skeledirge|Skeledirge, L50, M|100/100
|turn|1
|inactive|LazyTurtle69 has 30 seconds left.
|
|t:|1784056215
|detailschange|p1b: Charizard|Charizard-Mega-Y, L50, M
|-mega|p1b: Charizard|Charizard|Charizardite Y
|-weather|SunnyDay|[from] ability: Drought|[of] p1b: Charizard
|move|p1b: Charizard|Helping Hand|p1a: Venusaur
|-singleturn|p1a: Venusaur|Helping Hand|[of] p1b: Charizard
|move|p1a: Venusaur|Earth Power|p2b: Skeledirge
|-supereffective|p2b: Skeledirge|1
|-damage|p2b: Skeledirge|0 fnt
|faint|p2b: Skeledirge
|-damage|p1a: Venusaur|90/100|[from] item: Life Orb
|move|p2a: Mimikyu|Trick Room|p2a: Mimikyu
|-fieldstart|move: Trick Room|[of] p2a: Mimikyu
|
|-weather|SunnyDay|[upkeep]
|upkeep
|
|t:|1784056230
|switch|p2b: Drampa|Drampa, L50, M|100/100
|-ability|p2b: Drampa|Cloud Nine
|turn|2
|
|t:|1784056250
|move|p1b: Charizard|Helping Hand|p1a: Venusaur
|-singleturn|p1a: Venusaur|Helping Hand|[of] p1b: Charizard
|move|p2b: Drampa|Hyper Voice|p1b: Charizard|[spread] p1a,p1b
|-damage|p1a: Venusaur|48/100
|-damage|p1b: Charizard|67/100
|move|p2a: Mimikyu|Light Screen|p2a: Mimikyu
|-sidestart|p2: LazyTurtle69|move: Light Screen
|move|p1a: Venusaur|Sludge Bomb|p2b: Drampa
|-damage|p2b: Drampa|44/100
|-damage|p1a: Venusaur|38/100|[from] item: Life Orb
|
|-weather|SunnyDay|[upkeep]
|upkeep
|turn|3
|inactive|pawmifleet has 30 seconds left.
|inactive|LazyTurtle69 has 30 seconds left.
|inactive|pawmifleet has 20 seconds left.
|inactive|pawmifleet has 15 seconds left.
|inactive|pawmifleet has 10 seconds left.
|inactive|pawmifleet has 5 seconds left.
|
|t:|1784056305
|switch|p2a: Scrafty|Scrafty, L50, F|100/100
|-ability|p2a: Scrafty|Intimidate|boost
|-unboost|p1a: Venusaur|atk|1
|-unboost|p1b: Charizard|atk|1
|detailschange|p2b: Drampa|Drampa-Mega, L50, M
|-mega|p2b: Drampa|Drampa|Drampanite
|move|p2b: Drampa|Hyper Voice|p1a: Venusaur|[spread] p1a,p1b
|-damage|p1a: Venusaur|0 fnt
|-damage|p1b: Charizard|29/100
|faint|p1a: Venusaur
|move|p1b: Charizard|Heat Wave|p2a: Scrafty|[spread] p2a,p2b
|-resisted|p2b: Drampa|1
|-damage|p2a: Scrafty|61/100
|-damage|p2b: Drampa|28/100
|
|-weather|SunnyDay|[upkeep]
|upkeep
|
|t:|1784056323
|switch|p1a: Toxapex|Toxapex, L50, M|100/100
|turn|4
|
|t:|1784056332
|move|p1b: Charizard|Protect|p1b: Charizard
|-singleturn|p1b: Charizard|Protect
|move|p2a: Scrafty|Fake Out|p1b: Charizard
|-activate|p1b: Charizard|move: Protect
|move|p1a: Toxapex|Toxic|p2b: Drampa
|-status|p2b: Drampa|tox
|move|p2b: Drampa|Earth Power|p1a: Toxapex
|-supereffective|p1a: Toxapex|1
|-damage|p1a: Toxapex|36/100
|
|-weather|SunnyDay|[upkeep]
|-heal|p1a: Toxapex|42/100|[from] item: Leftovers
|-damage|p2b: Drampa|22/100 tox|[from] psn
|upkeep
|turn|5
|
|t:|1784056354
|switch|p1b: Garchomp|Garchomp, L50, M|100/100
|move|p1a: Toxapex|Baneful Bunker|p1a: Toxapex
|-singleturn|p1a: Toxapex|move: Protect
|move|p2b: Drampa|Hyper Voice|p1b: Garchomp|[spread] p1b
|-activate|p1a: Toxapex|move: Protect
|-damage|p1b: Garchomp|51/100
|move|p2a: Scrafty|Knock Off|p1b: Garchomp
|-damage|p1b: Garchomp|13/100
|-damage|p2a: Scrafty|48/100|[from] ability: Rough Skin|[of] p1b: Garchomp
|-enditem|p1b: Garchomp|Choice Scarf|[from] move: Knock Off|[of] p2a: Scrafty
|
|-weather|none
|-heal|p1a: Toxapex|47/100|[from] item: Leftovers
|-damage|p2b: Drampa|10/100 tox|[from] psn
|-fieldend|move: Trick Room
|upkeep
|turn|6
|inactive|LazyTurtle69 has 30 seconds left.
|
|t:|1784056379
|switch|p2b: Mimikyu|Mimikyu, L50, M|100/100
|move|p1a: Toxapex|Wide Guard|p1a: Toxapex
|-singleturn|p1a: Toxapex|Wide Guard
|move|p1b: Garchomp|Earthquake|p2a: Scrafty|[spread] p2a,p2b
|-activate|p1a: Toxapex|move: Wide Guard
|-damage|p2a: Scrafty|8/100
|-activate|p2b: Mimikyu|ability: Disguise
|-damage|p2b: Mimikyu|100/100
|detailschange|p2b: Mimikyu|Mimikyu-Busted, L50, M
|-damage|p2b: Mimikyu|87/100|[from] pokemon: Mimikyu-Busted
|move|p2a: Scrafty|Knock Off|p1a: Toxapex
|-damage|p1a: Toxapex|20/100y
|-enditem|p1a: Toxapex|Leftovers|[from] move: Knock Off|[of] p2a: Scrafty
|
|-sideend|p2: LazyTurtle69|move: Light Screen
|upkeep
|turn|7
|inactive|LazyTurtle69 has 30 seconds left.
|
|t:|1784056405
|-heal|p1a: Toxapex|53/100|[from] ability: Regenerator|[silent]
|switch|p1a: Charizard|Charizard-Mega-Y, L50, M|29/100
|-weather|SunnyDay|[from] ability: Drought|[of] p1a: Charizard
|move|p1b: Garchomp|Earthquake|p2a: Scrafty|[spread] p2a,p2b
|-immune|p1a: Charizard
|-damage|p2a: Scrafty|0 fnt
|-damage|p2b: Mimikyu|37/100
|faint|p2a: Scrafty
|move|p2b: Mimikyu|Trick Room|p2b: Mimikyu
|-fieldstart|move: Trick Room|[of] p2b: Mimikyu
|
|-weather|SunnyDay|[upkeep]
|upkeep
|
|t:|1784056418
|switch|p2a: Drampa|Drampa-Mega, L50, M|10/100 tox
|turn|8
|
|t:|1784056433
|move|p1a: Charizard|Protect|p1a: Charizard
|-singleturn|p1a: Charizard|Protect
|move|p2a: Drampa|Hyper Voice|p1a: Charizard|[spread] p1b
|-activate|p1a: Charizard|move: Protect
|-crit|p1b: Garchomp
|-damage|p1b: Garchomp|0 fnt
|faint|p1b: Garchomp
|move|p2b: Mimikyu|Drain Punch|p1a: Charizard
|-activate|p1a: Charizard|move: Protect
|
|-weather|SunnyDay|[upkeep]
|-damage|p2a: Drampa|4/100 tox|[from] psn
|upkeep
|
|t:|1784056444
|switch|p1b: Toxapex|Toxapex, L50, M|53/100
|turn|9
|
|t:|1784056455
|move|p1b: Toxapex|Baneful Bunker|p1b: Toxapex
|-singleturn|p1b: Toxapex|move: Protect
|move|p2a: Drampa|Hyper Voice|p1a: Charizard|[spread] p1a
|-activate|p1b: Toxapex|move: Protect
|-damage|p1a: Charizard|0 fnt
|faint|p1a: Charizard
|move|p2b: Mimikyu|Will-O-Wisp|p1b: Toxapex
|-activate|p1b: Toxapex|move: Protect
|
|-weather|SunnyDay|[upkeep]
|-damage|p2a: Drampa|0 fnt|[from] psn
|faint|p2a: Drampa
|upkeep
|turn|10
|inactive|pawmifleet has 30 seconds left.
|
|t:|1784056488
|move|p1b: Toxapex|Toxic|p2b: Mimikyu
|-status|p2b: Mimikyu|tox
|move|p2b: Mimikyu|Drain Punch|p1b: Toxapex
|-resisted|p1b: Toxapex|1
|-damage|p1b: Toxapex|48/100
|-heal|p2b: Mimikyu|40/100 tox|[from] drain|[of] p1b: Toxapex
|
|-weather|SunnyDay|[upkeep]
|-damage|p2b: Mimikyu|33/100 tox|[from] psn
|upkeep
|turn|11
|-message|LazyTurtle69 forfeited.
|raw|pawmifleet's rating: 1000 → 1040(+40 for winning)
|raw|LazyTurtle69's rating: 1000 → 1000(+0 for losing)
|
|win|pawmifleet
