|j|☆Spasio
|j|☆gokturkxd
|html|Spasiogokturkxd    
|uhtml|bestof|Game 2 of a best-of-3
|t:|1756572539
|gametype|doubles
|player|p1|Spasio|n|1196
|player|p2|gokturkxd|n-masters3|1146
|gen|9
|tier|[Gen 9] VGC 2025 Reg H (Bo3)
|rated|
|rule|Species Clause: Limit one of each Pokémon
|rule|Item Clause: Limit 1 of each item
|clearpoke
|poke|p1|Gholdengo, L50|
|poke|p1|Sneasler, L50, M|
|poke|p1|Rillaboom, L50, F|
|poke|p1|Dragonite, L50, M|
|poke|p1|Ninetales-Alola, L50, F|
|poke|p1|Arcanine-Hisui, L50, F|
|poke|p2|Kommo-o, L50, M|
|poke|p2|Drifblim, L50, M|
|poke|p2|Hydreigon, L50, M|
|poke|p2|Toxtricity, L50, F|
|poke|p2|Volcarona, L50, M|
|poke|p2|Indeedee, L50, M|
|teampreview|4
|showteam|p1|Gholdengo||GrassySeed|GoodasGold|NastyPlot,MakeItRain,ShadowBall,Protect||||||50|,,,,,Water]Sneasler||WhiteHerb|Unburden|CloseCombat,DireClaw,Coaching,Protect|||M|||50|,,,,,Ghost]Rillaboom||AssaultVest|GrassySurge|FakeOut,GrassyGlide,DrumBeating,HighHorsepower|||F|||50|,,,,,Fire]Dragonite||LoadedDice|Multiscale|ScaleShot,StompingTantrum,Tailwind,Protect|||M|||50|,,,,,Ground]Ninetales-Alola||FocusSash|SnowWarning|Blizzard,IcyWind,Encore,AuroraVeil|||F|||50|,,,,,Ghost]Arcanine-Hisui||ClearAmulet|Intimidate|RockSlide,FlareBlitz,ExtremeSpeed,Protect|||F|||50|,,,,,Water
|showteam|p2|Kommo-o||Leftovers|Soundproof|BodyPress,Flamethrower,IronDefense,Protect|||M|||50|,,,,,Fire]Drifblim||PsychicSeed|Unburden|Acrobatics,WillOWisp,StrengthSap,Tailwind|||M|||50|,,,,,Grass]Hydreigon||AssaultVest|Levitate|DarkPulse,DracoMeteor,EarthPower,Snarl|||M|||50|,,,,,Ghost]Toxtricity||ChoiceSpecs|PunkRock|VoltSwitch,SludgeBomb,Boomburst,Overdrive|||F|||50|,,,,,Normal]Volcarona||CovertCloak|FlameBody|QuiverDance,HeatWave,TeraBlast,Protect|||M|||50|,,,,,Fairy]Indeedee||FocusSash|PsychicSurge|ExpandingForce,TeraBlast,Imprison,TrickRoom|||M|||50|,,,,,Fighting
|inactive|Battle timer is ON: inactive players will automatically lose when time's up. (requested by Spasio)
|inactive|gokturkxd has 60 seconds left.
|
|t:|1756572577
|teamsize|p1|4
|teamsize|p2|4
|start
|switch|p1a: Ninetales|Ninetales-Alola, L50, F|100/100
|switch|p1b: Arcanine|Arcanine-Hisui, L50, F|100/100
|switch|p2a: Kommo-o|Kommo-o, L50, M|100/100
|switch|p2b: Volcarona|Volcarona, L50, M|100/100
|-weather|Snowscape|[from] ability: Snow Warning|[of] p1a: Ninetales
|-ability|p1b: Arcanine|Intimidate|boost
|-unboost|p2a: Kommo-o|atk|1
|-unboost|p2b: Volcarona|atk|1
|turn|1
|inactive|gokturkxd has 30 seconds left.
|
|t:|1756572610
|-terastallize|p2b: Volcarona|Fairy
|move|p2a: Kommo-o|Protect|p2a: Kommo-o
|-singleturn|p2a: Kommo-o|Protect
|move|p1a: Ninetales|Blizzard|p2a: Kommo-o|[spread] p2b
|-activate|p2a: Kommo-o|move: Protect
|-damage|p2b: Volcarona|73/100
|move|p1b: Arcanine|Rock Slide|p2a: Kommo-o|[spread] p2b
|-activate|p2a: Kommo-o|move: Protect
|-damage|p2b: Volcarona|44/100
|move|p2b: Volcarona|Quiver Dance|p2b: Volcarona
|-boost|p2b: Volcarona|spa|1
|-boost|p2b: Volcarona|spd|1
|-boost|p2b: Volcarona|spe|1
|
|-weather|Snowscape|[upkeep]
|upkeep
|turn|2
|
|t:|1756572633
|switch|p2a: Indeedee|Indeedee, L50, M|100/100
|-fieldstart|move: Psychic Terrain|[from] ability: Psychic Surge|[of] p2a: Indeedee
|move|p2b: Volcarona|Quiver Dance|p2b: Volcarona
|-boost|p2b: Volcarona|spa|1
|-boost|p2b: Volcarona|spd|1
|-boost|p2b: Volcarona|spe|1
|move|p1a: Ninetales|Blizzard|p2a: Indeedee|[spread] p2a,p2b
|-damage|p2a: Indeedee|64/100
|-damage|p2b: Volcarona|32/100
|move|p1b: Arcanine|Flare Blitz|p2b: Volcarona
|-damage|p2b: Volcarona|0 fnt
|faint|p2b: Volcarona
|-damage|p1b: Arcanine|89/100|[from] Recoil
|
|-weather|Snowscape|[upkeep]
|upkeep
|
|t:|1756572638
|switch|p2b: Drifblim|Drifblim, L50, M|100/100
|-enditem|p2b: Drifblim|Psychic Seed
|-boost|p2b: Drifblim|spd|1|[from] item: Psychic Seed
|turn|3
|
|t:|1756572653
|switch|p1a: Rillaboom|Rillaboom, L50, F|100/100
|-fieldstart|move: Grassy Terrain|[from] ability: Grassy Surge|[of] p1a: Rillaboom
|move|p2b: Drifblim|Strength Sap||[still]
|-fail|p1b: Arcanine|unboost|[from] item: Clear Amulet|[of] p1b: Arcanine
|-fail|p2b: Drifblim
|move|p1b: Arcanine|Rock Slide|p2b: Drifblim|[spread] p2a,p2b
|-supereffective|p2b: Drifblim
|-damage|p2a: Indeedee|16/100
|-damage|p2b: Drifblim|42/100
|cant|p2a: Indeedee|flinch
|
|-weather|Snowscape|[upkeep]
|-heal|p1b: Arcanine|95/100|[from] Grassy Terrain
|-heal|p2a: Indeedee|22/100|[from] Grassy Terrain
|upkeep
|turn|4
|
|t:|1756572666
|switch|p1b: Ninetales|Ninetales-Alola, L50, F|100/100
|switch|p2a: Kommo-o|Kommo-o, L50, M|100/100
|move|p1a: Rillaboom|Fake Out|p2a: Kommo-o
|-damage|p2a: Kommo-o|91/100
|move|p2b: Drifblim|Strength Sap|p1a: Rillaboom
|-unboost|p1a: Rillaboom|atk|1
|-heal|p2b: Drifblim|100/100
|
|-weather|Snowscape|[upkeep]
|-heal|p2a: Kommo-o|98/100|[from] Grassy Terrain
|-heal|p2a: Kommo-o|100/100|[from] item: Leftovers
|upkeep
|turn|5
|
|t:|1756572677
|switch|p1a: Arcanine|Arcanine-Hisui, L50, F|95/100
|-ability|p1a: Arcanine|Intimidate|boost
|-unboost|p2a: Kommo-o|atk|1
|-unboost|p2b: Drifblim|atk|1
|move|p2a: Kommo-o|Protect|p2a: Kommo-o
|-singleturn|p2a: Kommo-o|Protect
|move|p2b: Drifblim|Will-O-Wisp|p1a: Arcanine
|-immune|p1a: Arcanine
|move|p1b: Ninetales|Blizzard|p2b: Drifblim|[spread] p2b
|-activate|p2a: Kommo-o|move: Protect
|-supereffective|p2b: Drifblim
|-damage|p2b: Drifblim|50/100
|
|-weather|none
|-heal|p1a: Arcanine|100/100|[from] Grassy Terrain
|upkeep
|turn|6
|
|t:|1756572690
|move|p2b: Drifblim|Strength Sap|p1a: Arcanine
|-fail|p1a: Arcanine|unboost|[from] item: Clear Amulet|[of] p1a: Arcanine
|-heal|p2b: Drifblim|100/100
|move|p1b: Ninetales|Blizzard|p2a: Kommo-o|[spread] 
|-miss|p1b: Ninetales|p2a: Kommo-o
|-miss|p1b: Ninetales|p2b: Drifblim
|move|p1a: Arcanine|Rock Slide|p2a: Kommo-o|[spread] p2a
|-miss|p1a: Arcanine|p2b: Drifblim
|-resisted|p2a: Kommo-o
|-damage|p2a: Kommo-o|91/100
|move|p2a: Kommo-o|Iron Defense|p2a: Kommo-o
|-boost|p2a: Kommo-o|def|2
|
|-heal|p2a: Kommo-o|98/100|[from] Grassy Terrain
|-heal|p2a: Kommo-o|100/100|[from] item: Leftovers
|upkeep
|turn|7
|inactive|gokturkxd has 30 seconds left.
|
|t:|1756572720
|move|p2b: Drifblim|Tailwind|p2b: Drifblim
|-sidestart|p2: gokturkxd|move: Tailwind
|move|p2a: Kommo-o|Body Press|p1b: Ninetales
|-enditem|p1b: Ninetales|Focus Sash
|-damage|p1b: Ninetales|1/100
|move|p1b: Ninetales|Encore|p2a: Kommo-o
|-start|p2a: Kommo-o|Encore
|move|p1a: Arcanine|Rock Slide|p2b: Drifblim|[spread] p2a,p2b
|-resisted|p2a: Kommo-o
|-supereffective|p2b: Drifblim
|-damage|p2a: Kommo-o|95/100
|-damage|p2b: Drifblim|45/100
|
|-heal|p2a: Kommo-o|100/100|[from] Grassy Terrain
|-heal|p1b: Ninetales|7/100|[from] Grassy Terrain
|-fieldend|move: Grassy Terrain
|upkeep
|turn|8
|
|t:|1756572737
|-terastallize|p1b: Ninetales|Ghost
|move|p2b: Drifblim|Acrobatics|p1b: Ninetales
|-damage|p1b: Ninetales|0 fnt
|faint|p1b: Ninetales
|move|p2a: Kommo-o|Body Press|p1a: Arcanine
|-supereffective|p1a: Arcanine
|-damage|p1a: Arcanine|0 fnt
|faint|p1a: Arcanine
|
|upkeep
|
|t:|1756572745
|switch|p1b: Dragonite|Dragonite, L50, M|100/100
|switch|p1a: Rillaboom|Rillaboom, L50, F|100/100
|-fieldstart|move: Grassy Terrain|[from] ability: Grassy Surge|[of] p1a: Rillaboom
|turn|9
|inactive|gokturkxd has 30 seconds left.
|inactive|gokturkxd has 20 seconds left.
|inactive|gokturkxd has 15 seconds left.
|inactive|gokturkxd has 10 seconds left.
|
|t:|1756572792
|move|p1a: Rillaboom|Fake Out|p2a: Kommo-o
|-damage|p2a: Kommo-o|96/100
|move|p2b: Drifblim|Will-O-Wisp|p1b: Dragonite
|-status|p1b: Dragonite|brn
|cant|p2a: Kommo-o|flinch
|move|p1b: Dragonite|Scale Shot|p2b: Drifblim
|-damage|p2b: Drifblim|38/100
|-damage|p2b: Drifblim|30/100
|-damage|p2b: Drifblim|22/100
|-damage|p2b: Drifblim|13/100
|-damage|p2b: Drifblim|5/100
|-hitcount|p2b: Drifblim|5
|-unboost|p1b: Dragonite|def|1
|-boost|p1b: Dragonite|spe|1
|
|-heal|p2a: Kommo-o|100/100|[from] Grassy Terrain
|-damage|p1b: Dragonite|95/100 brn|[from] brn
|upkeep
|turn|10
|
|t:|1756572814
|switch|p2a: Indeedee|Indeedee, L50, M|22/100
|-fieldstart|move: Psychic Terrain|[from] ability: Psychic Surge|[of] p2a: Indeedee
|move|p2b: Drifblim|Strength Sap|p1b: Dragonite
|-unboost|p1b: Dragonite|atk|1
|-heal|p2b: Drifblim|87/100
|move|p1b: Dragonite|Scale Shot|p2a: Indeedee
|-damage|p2a: Indeedee|13/100
|-damage|p2a: Indeedee|4/100
|-damage|p2a: Indeedee|0 fnt
|faint|p2a: Indeedee
|-hitcount|p2: Indeedee|3
|-unboost|p1b: Dragonite|def|1
|-boost|p1b: Dragonite|spe|1
|move|p1a: Rillaboom|Grassy Glide|p2b: Drifblim
|-resisted|p2b: Drifblim
|-damage|p2b: Drifblim|73/100
|
|-damage|p1b: Dragonite|89/100 brn|[from] brn
|-sideend|p2: gokturkxd|move: Tailwind
|upkeep
|
|t:|1756572823
|switch|p2a: Kommo-o|Kommo-o, L50, M|100/100
|turn|11
|
|t:|1756572839
|move|p1b: Dragonite|Protect|p1b: Dragonite
|-singleturn|p1b: Dragonite|Protect
|move|p2a: Kommo-o|Protect|p2a: Kommo-o
|-singleturn|p2a: Kommo-o|Protect
|move|p2b: Drifblim|Strength Sap|p1b: Dragonite
|-activate|p1b: Dragonite|move: Protect
|move|p1a: Rillaboom|Drum Beating|p2b: Drifblim
|-resisted|p2b: Drifblim
|-damage|p2b: Drifblim|52/100
|-unboost|p2b: Drifblim|spe|1
|
|-damage|p1b: Dragonite|83/100 brn|[from] brn
|upkeep
|turn|12
|
|t:|1756572858
|move|p1b: Dragonite|Scale Shot|p2a: Kommo-o
|-supereffective|p2a: Kommo-o
|-crit|p2a: Kommo-o
|-damage|p2a: Kommo-o|83/100
|-supereffective|p2a: Kommo-o
|-damage|p2a: Kommo-o|74/100
|-supereffective|p2a: Kommo-o
|-damage|p2a: Kommo-o|67/100
|-supereffective|p2a: Kommo-o
|-damage|p2a: Kommo-o|58/100
|-supereffective|p2a: Kommo-o
|-damage|p2a: Kommo-o|50/100
|-hitcount|p2a: Kommo-o|5
|-unboost|p1b: Dragonite|def|1
|-boost|p1b: Dragonite|spe|1
|move|p2b: Drifblim|Strength Sap|p1b: Dragonite
|-unboost|p1b: Dragonite|atk|1
|-heal|p2b: Drifblim|100/100
|move|p1a: Rillaboom|Drum Beating|p2b: Drifblim
|-resisted|p2b: Drifblim
|-damage|p2b: Drifblim|79/100
|-unboost|p2b: Drifblim|spe|1
|move|p2a: Kommo-o|Body Press|p1b: Dragonite
|-resisted|p1b: Dragonite
|-damage|p1b: Dragonite|27/100 brn
|
|-heal|p2a: Kommo-o|56/100|[from] item: Leftovers
|-damage|p1b: Dragonite|21/100 brn|[from] brn
|upkeep
|turn|13
|inactive|Spasio has 30 seconds left.
|
|t:|1756572886
|move|p1b: Dragonite|Scale Shot|p2b: Drifblim
|-damage|p2b: Drifblim|75/100
|-damage|p2b: Drifblim|71/100
|-damage|p2b: Drifblim|67/100
|-damage|p2b: Drifblim|63/100
|-crit|p2b: Drifblim
|-damage|p2b: Drifblim|50/100
|-hitcount|p2b: Drifblim|5
|-unboost|p1b: Dragonite|def|1
|-boost|p1b: Dragonite|spe|1
|move|p1a: Rillaboom|Drum Beating|p2a: Kommo-o
|-resisted|p2a: Kommo-o
|-crit|p2a: Kommo-o
|-damage|p2a: Kommo-o|33/100
|-unboost|p2a: Kommo-o|spe|1
|move|p2b: Drifblim|Acrobatics|p1b: Dragonite
|-damage|p1b: Dragonite|0 fnt
|faint|p1b: Dragonite
|move|p2a: Kommo-o|Body Press|p1a: Rillaboom
|-damage|p1a: Rillaboom|61/100
|
|-heal|p2a: Kommo-o|40/100|[from] item: Leftovers
|upkeep
|turn|14
|-message|Spasio forfeited.
|
|win|gokturkxd
|raw|Spasio's rating: 1196 → 1167(-29 for losing)
|raw|gokturkxd's rating: 1146 → 1175(+29 for winning)
|l|☆Spasio
|player|p1|
