|j|☆jeanryupr
|j|☆ParroTiest
|html|jeanryuprParroTiest    
|uhtml|bestof|Game 1 of a best-of-3
|t:|1756587419
|gametype|doubles
|player|p1|jeanryupr|101|1076
|player|p2|ParroTiest|2|1161
|gen|9
|tier|[Gen 9] VGC 2025 Reg H (Bo3)
|rated|
|rule|Species Clause: Limit one of each Pokémon
|rule|Item Clause: Limit 1 of each item
|clearpoke
|poke|p1|Incineroar, L50, F|
|poke|p1|Amoonguss, L50, F|
|poke|p1|Rillaboom, L50, F|
|poke|p1|Sylveon, L50, F|
|poke|p1|Dragonite, L50, F|
|poke|p1|Gholdengo, L50|
|poke|p2|Grimmsnarl, L50, M|
|poke|p2|Ursaluna-Bloodmoon, L50, M|
|poke|p2|Farigiraf, L50, M|
|poke|p2|Gholdengo, L50|
|poke|p2|Rillaboom, L50, M|
|poke|p2|Volcarona, L50, M|
|teampreview|4
|showteam|p1|Incineroar||SafetyGoggles|Intimidate|FakeOut,FlareBlitz,PartingShot,KnockOff|||F|||50|,,,,,Water]Amoonguss||RockyHelmet|Regenerator|RagePowder,Spore,PollenPuff,Protect|||F|||50|,,,,,Water]Rillaboom||AssaultVest|GrassySurge|GrassyGlide,WoodHammer,FakeOut,Uturn|||F|||50|,,,,,Fire]Sylveon||ThroatSpray|Pixilate|HyperVoice,TeraBlast,Protect,QuickAttack|||F|||50|,,,,,Fire]Dragonite||LoadedDice|InnerFocus|ScaleShot,Haze,IceSpinner,ExtremeSpeed|||F|||50|,,,,,Normal]Gholdengo||Leftovers|GoodasGold|MakeItRain,ShadowBall,Protect,NastyPlot||||||50|,,,,,Steel
|showteam|p2|Grimmsnarl||LightClay|Prankster|Reflect,LightScreen,SpiritBreak,Taunt|||M|||50|,,,,,Ghost]Ursaluna-Bloodmoon||LifeOrb|MindsEye|BloodMoon,HyperVoice,EarthPower,Protect|||M|||50|,,,,,Normal]Farigiraf||ThroatSpray|ArmorTail|HyperVoice,Psychic,TrickRoom,Protect|||M|||50|,,,,,Fairy]Gholdengo||ChoiceSpecs|GoodasGold|MakeItRain,ShadowBall,PowerGem,Trick||||||50|,,,,,Water]Rillaboom||AssaultVest|GrassySurge|FakeOut,WoodHammer,GrassyGlide,Uturn|||M|||50|,,,,,Fire]Volcarona||Leftovers|FlameBody|QuiverDance,HeatWave,GigaDrain,Protect|||M|||50|,,,,,Grass
|inactive|Battle timer is ON: inactive players will automatically lose when time's up. (requested by ParroTiest)
|inactive|ParroTiest has 60 seconds left.
|
|t:|1756587457
|teamsize|p1|4
|teamsize|p2|4
|start
|switch|p1a: Incineroar|Incineroar, L50, F|100/100
|switch|p1b: Gholdengo|Gholdengo, L50|100/100
|switch|p2a: gremlin|Grimmsnarl, L50, M, shiny|100/100
|switch|p2b: setup kill button|Volcarona, L50, M|100/100
|-ability|p1a: Incineroar|Intimidate|boost
|-unboost|p2a: gremlin|atk|1
|-unboost|p2b: setup kill button|atk|1
|turn|1
|
|t:|1756587472
|switch|p2a: no fake out|Farigiraf, L50, M|100/100
|move|p1a: Incineroar|Fake Out||[still]
|cant|p2a: no fake out|ability: Armor Tail|Fake Out|[of] p1a: Incineroar
|move|p2b: setup kill button|Quiver Dance|p2b: setup kill button
|-boost|p2b: setup kill button|spa|1
|-boost|p2b: setup kill button|spd|1
|-boost|p2b: setup kill button|spe|1
|move|p1b: Gholdengo|Nasty Plot|p1b: Gholdengo
|-boost|p1b: Gholdengo|spa|2
|
|upkeep
|turn|2
|inactive|ParroTiest has 30 seconds left.
|
|t:|1756587500
|move|p1b: Gholdengo|Protect|p1b: Gholdengo
|-singleturn|p1b: Gholdengo|Protect
|move|p2a: no fake out|Protect|p2a: no fake out
|-singleturn|p2a: no fake out|Protect
|move|p2b: setup kill button|Heat Wave|p1a: Incineroar|[spread] p1a
|-activate|p1b: Gholdengo|move: Protect
|-resisted|p1a: Incineroar
|-damage|p1a: Incineroar|80/100
|move|p1a: Incineroar|Flare Blitz|p2b: setup kill button
|-damage|p2b: setup kill button|27/100
|-damage|p1a: Incineroar|60/100|[from] Recoil
|
|-heal|p2b: setup kill button|33/100|[from] item: Leftovers
|upkeep
|turn|3
|inactive|jeanryupr has 30 seconds left.
|inactive|ParroTiest has 30 seconds left.
|inactive|jeanryupr has 20 seconds left.
|inactive|jeanryupr has 15 seconds left.
|
|t:|1756587541
|switch|p1b: Sylveon|Sylveon, L50, F|100/100
|move|p2b: setup kill button|Heat Wave|p1b: Sylveon|[spread] p1a,p1b
|-resisted|p1a: Incineroar
|-damage|p1a: Incineroar|40/100
|-damage|p1b: Sylveon|60/100
|move|p1a: Incineroar|Knock Off|p2b: setup kill button
|-damage|p2b: setup kill button|0 fnt
|-enditem|p2b: setup kill button|Leftovers|[from] move: Knock Off|[of] p1a: Incineroar
|faint|p2b: setup kill button
|move|p2a: no fake out|Hyper Voice|p1b: Sylveon|[spread] p1a,p1b
|-damage|p1a: Incineroar|16/100
|-damage|p1b: Sylveon|37/100
|-enditem|p2a: no fake out|Throat Spray
|-boost|p2a: no fake out|spa|1|[from] item: Throat Spray
|
|upkeep
|
|t:|1756587551
|switch|p2b: monke|Rillaboom, L50, M|100/100
|-fieldstart|move: Grassy Terrain|[from] ability: Grassy Surge|[of] p2b: monke
|turn|4
|
|t:|1756587574
|move|p1b: Sylveon|Protect|p1b: Sylveon
|-singleturn|p1b: Sylveon|Protect
|move|p2b: monke|Fake Out|p1a: Incineroar
|-damage|p1a: Incineroar|4/100
|move|p2a: no fake out|Hyper Voice|p1a: Incineroar|[spread] p1a
|-activate|p1b: Sylveon|move: Protect
|-damage|p1a: Incineroar|0 fnt
|faint|p1a: Incineroar
|
|-heal|p1b: Sylveon|43/100|[from] Grassy Terrain
|upkeep
|
|t:|1756587582
|switch|p1a: Dragonite|Dragonite, L50, F|100/100
|turn|5
|
|t:|1756587599
|-terastallize|p1a: Dragonite|Normal
|move|p1a: Dragonite|Ice Spinner|p2b: monke
|-supereffective|p2b: monke
|-damage|p2b: monke|46/100
|-fieldend|move: Grassy Terrain
|move|p2b: monke|Wood Hammer|p1b: Sylveon
|-damage|p1b: Sylveon|0 fnt
|faint|p1b: Sylveon
|-damage|p2b: monke|33/100|[from] Recoil
|move|p2a: no fake out|Trick Room|p2a: no fake out
|-fieldstart|move: Trick Room|[of] p2a: no fake out
|
|upkeep
|
|t:|1756587604
|switch|p1b: Gholdengo|Gholdengo, L50|100/100
|turn|6
|
|t:|1756587622
|move|p2a: no fake out|Psychic|p1b: Gholdengo
|-resisted|p1b: Gholdengo
|-damage|p1b: Gholdengo|65/100
|move|p2b: monke|Wood Hammer|p1b: Gholdengo
|-resisted|p1b: Gholdengo
|-damage|p1b: Gholdengo|35/100
|-damage|p2b: monke|24/100|[from] Recoil
|move|p1a: Dragonite|Ice Spinner|p2a: no fake out
|-damage|p2a: no fake out|69/100
|move|p1b: Gholdengo|Make It Rain|p2a: no fake out|[spread] p2a,p2b
|-damage|p2a: no fake out|29/100
|-damage|p2b: monke|0 fnt
|-unboost|p1b: Gholdengo|spa|1
|faint|p2b: monke
|
|-heal|p1b: Gholdengo|40/100|[from] item: Leftovers
|upkeep
|
|t:|1756587626
|switch|p2b: gremlin|Grimmsnarl, L50, M, shiny|100/100
|turn|7
|inactive|jeanryupr has 30 seconds left.
|inactive|jeanryupr has 20 seconds left.
|
|t:|1756587664
|-terastallize|p2b: gremlin|Ghost
|move|p1b: Gholdengo|Protect|p1b: Gholdengo
|-singleturn|p1b: Gholdengo|Protect
|move|p2a: no fake out|Psychic|p1b: Gholdengo
|-activate|p1b: Gholdengo|move: Protect
|move|p2b: gremlin|Spirit Break|p1b: Gholdengo
|-activate|p1b: Gholdengo|move: Protect
|move|p1a: Dragonite|Ice Spinner|p2a: no fake out
|-damage|p2a: no fake out|0 fnt
|faint|p2a: no fake out
|
|-heal|p1b: Gholdengo|46/100|[from] item: Leftovers
|upkeep
|turn|8
|-message|ParroTiest forfeited.
|
|win|jeanryupr
