|j|☆EESBen7811
|j|☆Okknd
|html|EESBen7811Okknd    
|uhtml|bestof|Game 2 of a best-of-3
|t:|1756847045
|gametype|doubles
|player|p1|EESBen7811|169|1015
|player|p2|Okknd|rood|1052
|gen|9
|tier|[Gen 9] VGC 2025 Reg H (Bo3)
|rated|
|rule|Species Clause: Limit one of each Pokémon
|rule|Item Clause: Limit 1 of each item
|clearpoke
|poke|p1|Incineroar, L50, F|
|poke|p1|Gyarados, L50, M|
|poke|p1|Amoonguss, L50, M|
|poke|p1|Garchomp, L50, F|
|poke|p1|Gholdengo, L50|
|poke|p1|Sneasler, L50, M|
|poke|p2|Garganacl, L50, F|
|poke|p2|Gholdengo, L50|
|poke|p2|Porygon2, L50|
|poke|p2|Ursaluna, L50, F|
|poke|p2|Incineroar, L50, M|
|poke|p2|Dragonite, L50, F|
|teampreview|4
|showteam|p1|Incineroar||CovertCloak|Intimidate|FakeOut,FlareBlitz,PartingShot,KnockOff|||F|||50|,,,,,Ghost]Gyarados||ClearAmulet|Moxie|DragonDance,Waterfall,Earthquake,Protect|||M|||50|,,,,,Water]Amoonguss||RockyHelmet|EffectSpore|Spore,SludgeBomb,RagePowder,Protect|||M|||50|,,,,,Dark]Garchomp||LoadedDice|RoughSkin|Earthquake,ScaleShot,SwordsDance,Protect|||F|||50|,,,,,Dragon]Gholdengo||LifeOrb|GoodasGold|MakeItRain,ShadowBall,Psychic,Protect||||||50|,,,,,Water]Sneasler||FocusSash|Unburden|Acrobatics,DireClaw,CloseCombat,FakeOut|||M|||50|,,,,,Poison
|showteam|p2|Garganacl||Leftovers|PurifyingSalt|BodyPress,SaltCure,Protect,Recover|||F|||50|,,,,,Water]Gholdengo||LifeOrb|GoodasGold|MakeItRain,ShadowBall,Protect,NastyPlot||||||50|,,,,,Steel]Porygon2||Eviolite|Download|TeraBlast,Recover,TrickRoom,ShadowBall||||||50|,,,,,Flying]Ursaluna||FlameOrb|Guts|Facade,HeadlongRush,Earthquake,Protect|||F|||50|,,,,,Normal]Incineroar||SafetyGoggles|Intimidate|FakeOut,KnockOff,PartingShot,FlareBlitz|||M|||50|,,,,,Fairy]Dragonite||LoadedDice|Multiscale|Tailwind,Protect,ScaleShot,ExtremeSpeed|||F|||50|,,,,,Water
|inactive|Battle timer is ON: inactive players will automatically lose when time's up. (requested by Okknd)
|
|t:|1756847066
|teamsize|p1|4
|teamsize|p2|4
|start
|switch|p1a: Incineroar|Incineroar, L50, F|100/100
|switch|p1b: Garchomp|Garchomp, L50, F|100/100
|switch|p2a: Dragonite|Dragonite, L50, F|100/100
|switch|p2b: Incineroar|Incineroar, L50, M|100/100
|-ability|p1a: Incineroar|Intimidate|boost
|-unboost|p2a: Dragonite|atk|1
|-unboost|p2b: Incineroar|atk|1
|-ability|p2b: Incineroar|Intimidate|boost
|-unboost|p1a: Incineroar|atk|1
|-unboost|p1b: Garchomp|atk|1
|turn|1
|
|t:|1756847095
|move|p1b: Garchomp|Protect|p1b: Garchomp
|-singleturn|p1b: Garchomp|Protect
|move|p2b: Incineroar|Fake Out|p1a: Incineroar
|-damage|p1a: Incineroar|93/100
|move|p2a: Dragonite|Tailwind|p2a: Dragonite
|-sidestart|p2: Okknd|move: Tailwind
|move|p1a: Incineroar|Parting Shot|p2a: Dragonite
|-unboost|p2a: Dragonite|atk|1
|-unboost|p2a: Dragonite|spa|1
|
|t:|1756847104
|switch|p1a: Amoonguss|Amoonguss, L50, M|100/100|[from] Parting Shot
|
|upkeep
|turn|2
|
|t:|1756847125
|switch|p2a: Garganacl|Garganacl, L50, F|100/100
|move|p1b: Garchomp|Scale Shot|p2a: Garganacl
|-damage|p2a: Garganacl|94/100
|-damage|p2a: Garganacl|88/100
|-damage|p2a: Garganacl|82/100
|-damage|p2a: Garganacl|75/100
|-hitcount|p2a: Garganacl|4
|-unboost|p1b: Garchomp|def|1
|-boost|p1b: Garchomp|spe|1
|move|p2b: Incineroar|Parting Shot|p1b: Garchomp
|-unboost|p1b: Garchomp|atk|1
|-unboost|p1b: Garchomp|spa|1
|
|t:|1756847133
|switch|p2b: Dragonite|Dragonite, L50, F|100/100|[from] Parting Shot
|move|p1a: Amoonguss|Spore|p2b: Dragonite
|-status|p2b: Dragonite|slp|[from] move: Spore
|
|-heal|p2a: Garganacl|82/100|[from] item: Leftovers
|upkeep
|turn|3
|
|t:|1756847151
|cant|p2b: Dragonite|slp
|move|p1b: Garchomp|Scale Shot|p2b: Dragonite
|-supereffective|p2b: Dragonite
|-damage|p2b: Dragonite|94/100 slp
|-supereffective|p2b: Dragonite
|-damage|p2b: Dragonite|80/100 slp
|-supereffective|p2b: Dragonite
|-damage|p2b: Dragonite|65/100 slp
|-supereffective|p2b: Dragonite
|-crit|p2b: Dragonite
|-damage|p2b: Dragonite|19/100 slp
|-hitcount|p2b: Dragonite|4
|-unboost|p1b: Garchomp|def|1
|-boost|p1b: Garchomp|spe|1
|move|p2a: Garganacl|Salt Cure|p1b: Garchomp
|-resisted|p1b: Garchomp
|-damage|p1b: Garchomp|85/100
|-start|p1b: Garchomp|Salt Cure
|move|p1a: Amoonguss|Spore|p2a: Garganacl
|-immune|p2a: Garganacl|[from] ability: Purifying Salt
|
|-heal|p2a: Garganacl|88/100|[from] item: Leftovers
|-damage|p1b: Garchomp|73/100|[from] Salt Cure
|upkeep
|turn|4
|inactive|EESBen7811 has 30 seconds left.
|inactive|Okknd has 30 seconds left.
|
|t:|1756847179
|switch|p1b: Sneasler|Sneasler, L50, M|100/100
|-curestatus|p2b: Dragonite|slp|[msg]
|move|p2b: Dragonite|Extreme Speed|p1b: Sneasler
|-damage|p1b: Sneasler|50/100
|move|p2a: Garganacl|Body Press|p1b: Sneasler
|-resisted|p1b: Sneasler
|-damage|p1b: Sneasler|25/100
|move|p1a: Amoonguss|Sludge Bomb|p2b: Dragonite
|-damage|p2b: Dragonite|0 fnt
|faint|p2b: Dragonite
|
|-heal|p2a: Garganacl|94/100|[from] item: Leftovers
|-sideend|p2: Okknd|move: Tailwind
|upkeep
|
|t:|1756847186
|switch|p2b: Incineroar|Incineroar, L50, M|100/100
|-ability|p2b: Incineroar|Intimidate|boost
|-unboost|p1a: Amoonguss|atk|1
|-unboost|p1b: Sneasler|atk|1
|turn|5
|
|t:|1756847201
|move|p1b: Sneasler|Fake Out|p2b: Incineroar
|-damage|p2b: Incineroar|90/100
|cant|p2b: Incineroar|flinch
|move|p1a: Amoonguss|Spore|p2b: Incineroar
|-activate|p2b: Incineroar|item: Safety Goggles|Spore
|move|p2a: Garganacl|Body Press|p1b: Sneasler
|-resisted|p1b: Sneasler
|-damage|p1b: Sneasler|0 fnt
|faint|p1b: Sneasler
|
|-heal|p2a: Garganacl|99/100|[from] item: Leftovers
|upkeep
|
|t:|1756847213
|switch|p1b: Garchomp|Garchomp, L50, F|73/100
|turn|6
|
|t:|1756847231
|move|p1a: Amoonguss|Rage Powder|p1a: Amoonguss
|-singleturn|p1a: Amoonguss|move: Rage Powder
|move|p1b: Garchomp|Swords Dance|p1b: Garchomp
|-boost|p1b: Garchomp|atk|2
|move|p2b: Incineroar|Knock Off|p1b: Garchomp
|-damage|p1b: Garchomp|28/100
|-damage|p2b: Incineroar|78/100|[from] ability: Rough Skin|[of] p1b: Garchomp
|-enditem|p1b: Garchomp|Loaded Dice|[from] move: Knock Off|[of] p2b: Incineroar
|move|p2a: Garganacl|Salt Cure|p1a: Amoonguss
|-damage|p1a: Amoonguss|86/100
|-start|p1a: Amoonguss|Salt Cure
|
|-heal|p2a: Garganacl|100/100|[from] item: Leftovers
|-damage|p1a: Amoonguss|73/100|[from] Salt Cure
|upkeep
|turn|7
|inactive|EESBen7811 has 30 seconds left.
|
|t:|1756847257
|-terastallize|p2b: Incineroar|Fairy
|move|p1a: Amoonguss|Protect|p1a: Amoonguss
|-singleturn|p1a: Amoonguss|Protect
|move|p2a: Garganacl|Protect|p2a: Garganacl
|-singleturn|p2a: Garganacl|Protect
|move|p1b: Garchomp|Earthquake|p2a: Garganacl|[spread] p2b
|-activate|p1a: Amoonguss|move: Protect
|-activate|p2a: Garganacl|move: Protect
|-damage|p2b: Incineroar|3/100
|move|p2b: Incineroar|Knock Off|p1b: Garchomp
|-damage|p1b: Garchomp|0 fnt
|-damage|p2b: Incineroar|0 fnt|[from] ability: Rough Skin|[of] p1b: Garchomp
|faint|p1b: Garchomp
|faint|p2b: Incineroar
|
|-damage|p1a: Amoonguss|61/100|[from] Salt Cure
|upkeep
|
|t:|1756847273
|switch|p1b: Incineroar|Incineroar, L50, F|93/100
|switch|p2b: Ursaluna|Ursaluna, L50, F|100/100
|-ability|p1b: Incineroar|Intimidate|boost
|-unboost|p2a: Garganacl|atk|1
|-unboost|p2b: Ursaluna|atk|1
|turn|8
|
|t:|1756847288
|move|p2b: Ursaluna|Protect|p2b: Ursaluna
|-singleturn|p2b: Ursaluna|Protect
|move|p2a: Garganacl|Protect||[still]
|-fail|p2a: Garganacl
|move|p1b: Incineroar|Flare Blitz|p2b: Ursaluna
|-activate|p2b: Ursaluna|move: Protect
|move|p1a: Amoonguss|Sludge Bomb|p2b: Ursaluna
|-activate|p2b: Ursaluna|move: Protect
|
|-damage|p1a: Amoonguss|49/100|[from] Salt Cure
|-status|p2b: Ursaluna|brn|[from] item: Flame Orb
|upkeep
|turn|9
|inactive|Okknd has 30 seconds left.
|
|t:|1756847318
|move|p1a: Amoonguss|Protect|p1a: Amoonguss
|-singleturn|p1a: Amoonguss|Protect
|move|p2b: Ursaluna|Facade|p1a: Amoonguss
|-activate|p1a: Amoonguss|move: Protect
|move|p1b: Incineroar|Knock Off|p2a: Garganacl
|-damage|p2a: Garganacl|77/100
|-enditem|p2a: Garganacl|Leftovers|[from] move: Knock Off|[of] p1b: Incineroar
|move|p2a: Garganacl|Body Press|p1b: Incineroar
|-supereffective|p1b: Incineroar
|-damage|p1b: Incineroar|39/100
|
|-damage|p2b: Ursaluna|95/100 brn|[from] brn
|-damage|p1a: Amoonguss|37/100|[from] Salt Cure
|upkeep
|turn|10
|
|t:|1756847342
|-terastallize|p1b: Incineroar|Ghost
|move|p2b: Ursaluna|Earthquake|p1a: Amoonguss|[spread] p2a,p1a,p1b
|-supereffective|p2a: Garganacl
|-damage|p2a: Garganacl|31/100
|-damage|p1a: Amoonguss|0 fnt
|-damage|p1b: Incineroar|4/100
|faint|p1a: Amoonguss
|move|p1b: Incineroar|Flare Blitz|p2a: Garganacl
|-resisted|p2a: Garganacl
|-damage|p2a: Garganacl|17/100
|-damage|p1b: Incineroar|0 fnt|[from] Recoil
|faint|p1b: Incineroar
|
|win|Okknd
|raw|EESBen7811's rating: 1015 → 1004(-11 for losing)
|raw|Okknd's rating: 1052 → 1081(+29 for winning)
|l|☆EESBen7811
|player|p1|
