|j|☆CapnBrunchy
|j|☆Farigi no Raf
|html|CapnBrunchyFarigi no Raf    
|uhtml|bestof|Game 2 of a best-of-3
|t:|1757017730
|gametype|doubles
|player|p1|CapnBrunchy|265|1281
|player|p2|Farigi no Raf|vince|1375
|gen|9
|tier|[Gen 9] VGC 2025 Reg H (Bo3)
|rated|
|rule|Species Clause: Limit one of each Pokémon
|rule|Item Clause: Limit 1 of each item
|clearpoke
|poke|p1|Toedscruel, L50, M|
|poke|p1|Weezing-Galar, L50, F|
|poke|p1|Corviknight, L50, M|
|poke|p1|Garchomp, L50, M|
|poke|p1|Typhlosion-Hisui, L50, M|
|poke|p1|Kilowattrel, L50, F|
|poke|p2|Dragonite, L50, F|
|poke|p2|Gholdengo, L50|
|poke|p2|Sneasler, L50, F|
|poke|p2|Rillaboom, L50, M|
|poke|p2|Ursaluna-Bloodmoon, L50, M|
|poke|p2|Magmar, L50, F|
|teampreview|4
|showteam|p1|Toedscruel||CovertCloak|MyceliumMight|Spore,EarthPower,AcidSpray,RagePowder|||M|||50|,,,,,Water]Weezing-Galar||ChoiceSpecs|NeutralizingGas|DazzlingGleam,SludgeBomb,StrangeSteam,Flamethrower|||F|||50|,,,,,Flying]Corviknight||SitrusBerry|MirrorArmor|BulkUp,Tailwind,Roost,BraveBird|||M|||50|,,,,,Dragon]Garchomp||LifeOrb|RoughSkin|Protect,Earthquake,DragonClaw,StompingTantrum|||M|||50|,,,,,Ground]Typhlosion-Hisui||ChoiceScarf|Blaze|Eruption,WillOWisp,HeatWave,ShadowBall|||M|||50|,,,,,Fire]Kilowattrel||FocusSash|Competitive|Thunderbolt,AirSlash,Tailwind,Protect|||F|||50|,,,,,Ghost
|showteam|p2|Dragonite||LoadedDice|Multiscale|ScaleShot,Tailwind,ExtremeSpeed,Protect|||F|||50|,,,,,Fairy]Gholdengo||LifeOrb|GoodasGold|MakeItRain,ShadowBall,NastyPlot,Protect||||||50|,,,,,Water]Sneasler||FocusSash|PoisonTouch|CloseCombat,DireClaw,Coaching,FakeOut|||F|||50|,,,,,Ghost]Rillaboom||AssaultVest|GrassySurge|WoodHammer,FakeOut,GrassyGlide,HighHorsepower|||M|||50|,,,,,Fire]Ursaluna-Bloodmoon||SilkScarf|MindsEye|HyperVoice,EarthPower,BloodMoon,Protect|||M|||50|,,,,,Water]Magmar||Eviolite|VitalSpirit|FollowMe,BurningJealousy,ClearSmog,Protect|||F|||50|,,,,,Dragon
|inactive|Battle timer is ON: inactive players will automatically lose when time's up. (requested by CapnBrunchy)
|
|t:|1757017755
|teamsize|p1|4
|teamsize|p2|4
|start
|switch|p1a: Kilowattrel|Kilowattrel, L50, F, shiny|100/100
|switch|p1b: Weezing|Weezing-Galar, L50, F, shiny|100/100
|switch|p2a: Gholdengo|Gholdengo, L50|100/100
|switch|p2b: Dragonite|Dragonite, L50, F|100/100
|-ability|p1b: Weezing|Neutralizing Gas
|turn|1
|
|t:|1757017764
|-terastallize|p1a: Kilowattrel|Ghost
|move|p1a: Kilowattrel|Tailwind|p1a: Kilowattrel
|-sidestart|p1: CapnBrunchy|move: Tailwind
|move|p1b: Weezing|Dazzling Gleam|p2b: Dragonite|[spread] p2a,p2b
|-resisted|p2a: Gholdengo
|-supereffective|p2b: Dragonite
|-crit|p2b: Dragonite
|-damage|p2a: Gholdengo|81/100
|-damage|p2b: Dragonite|0 fnt
|faint|p2b: Dragonite
|move|p2a: Gholdengo|Nasty Plot|p2a: Gholdengo
|-boost|p2a: Gholdengo|spa|2
|
|upkeep
|
|t:|1757017771
|switch|p2b: Magmar|Magmar, L50, F|100/100
|turn|2
|
|t:|1757017780
|move|p1a: Kilowattrel|Protect|p1a: Kilowattrel
|-singleturn|p1a: Kilowattrel|Protect
|move|p1b: Weezing|Dazzling Gleam|p2b: Magmar|[spread] p2a,p2b
|-resisted|p2a: Gholdengo
|-resisted|p2b: Magmar
|-damage|p2a: Gholdengo|61/100
|-damage|p2b: Magmar|85/100
|move|p2a: Gholdengo|Make It Rain|p1b: Weezing|[spread] p1b
|-activate|p1a: Kilowattrel|move: Protect
|-supereffective|p1b: Weezing
|-damage|p1b: Weezing|0 fnt
|-unboost|p2a: Gholdengo|spa|1
|faint|p1b: Weezing
|-end|p1b: Weezing|ability: Neutralizing Gas
|-damage|p2a: Gholdengo|51/100|[from] item: Life Orb
|move|p2b: Magmar|Burning Jealousy|p1a: Kilowattrel
|-activate|p1a: Kilowattrel|move: Protect
|
|upkeep
|
|t:|1757017789
|switch|p1b: Garchomp|Garchomp, L50, M, shiny|100/100
|turn|3
|
|t:|1757017807
|-terastallize|p2a: Gholdengo|Water
|move|p2b: Magmar|Follow Me|p2b: Magmar
|-singleturn|p2b: Magmar|move: Follow Me
|move|p1a: Kilowattrel|Thunderbolt|p2b: Magmar
|-damage|p2b: Magmar|53/100
|-status|p2b: Magmar|par
|move|p1b: Garchomp|Stomping Tantrum|p2b: Magmar
|-supereffective|p2b: Magmar
|-damage|p2b: Magmar|0 fnt
|faint|p2b: Magmar
|-damage|p1b: Garchomp|91/100|[from] item: Life Orb
|move|p2a: Gholdengo|Make It Rain|p1b: Garchomp|[spread] p1a,p1b
|-enditem|p1a: Kilowattrel|Focus Sash
|-damage|p1a: Kilowattrel|1/100
|-damage|p1b: Garchomp|0 fnt
|-unboost|p2a: Gholdengo|spa|1
|faint|p1b: Garchomp
|-damage|p2a: Gholdengo|42/100|[from] item: Life Orb
|
|upkeep
|
|t:|1757017823
|switch|p1b: Corviknight|Corviknight, L50, M, shiny|100/100
|switch|p2b: Ursaluna|Ursaluna-Bloodmoon, L50, M|100/100
|turn|4
|
|t:|1757017834
|move|p1a: Kilowattrel|Protect|p1a: Kilowattrel
|-singleturn|p1a: Kilowattrel|Protect
|move|p2a: Gholdengo|Protect|p2a: Gholdengo
|-singleturn|p2a: Gholdengo|Protect
|move|p1b: Corviknight|Bulk Up|p1b: Corviknight
|-boost|p1b: Corviknight|atk|1
|-boost|p1b: Corviknight|def|1
|move|p2b: Ursaluna|Hyper Voice|p1a: Kilowattrel|[spread] p1b
|-activate|p1a: Kilowattrel|move: Protect
|-resisted|p1b: Corviknight
|-damage|p1b: Corviknight|80/100
|
|-sideend|p1: CapnBrunchy|move: Tailwind
|upkeep
|turn|5
|
|t:|1757017850
|move|p2a: Gholdengo|Protect||[still]
|-fail|p2a: Gholdengo
|move|p1a: Kilowattrel|Thunderbolt|p2a: Gholdengo
|-supereffective|p2a: Gholdengo
|-damage|p2a: Gholdengo|0 fnt
|faint|p2a: Gholdengo
|move|p1b: Corviknight|Bulk Up|p1b: Corviknight
|-boost|p1b: Corviknight|atk|1
|-boost|p1b: Corviknight|def|1
|move|p2b: Ursaluna|Hyper Voice|p1a: Kilowattrel|[spread] p1a,p1b
|-resisted|p1b: Corviknight
|-damage|p1a: Kilowattrel|0 fnt
|-damage|p1b: Corviknight|60/100
|faint|p1a: Kilowattrel
|
|upkeep
|turn|6
|
|t:|1757017861
|move|p1b: Corviknight|Roost|p1b: Corviknight
|-heal|p1b: Corviknight|100/100
|-singleturn|p1b: Corviknight|move: Roost
|move|p2b: Ursaluna|Blood Moon|p1b: Corviknight
|-resisted|p1b: Corviknight
|-damage|p1b: Corviknight|58/100
|
|upkeep
|turn|7
|
|t:|1757017871
|move|p2b: Ursaluna|Protect|p2b: Ursaluna
|-singleturn|p2b: Ursaluna|Protect
|move|p1b: Corviknight|Brave Bird|p2b: Ursaluna
|-activate|p2b: Ursaluna|move: Protect
|
|upkeep
|turn|8
|inactive|Farigi no Raf has 30 seconds left.
|
|t:|1757017897
|move|p1b: Corviknight|Bulk Up|p1b: Corviknight
|-boost|p1b: Corviknight|atk|1
|-boost|p1b: Corviknight|def|1
|move|p2b: Ursaluna|Blood Moon|p1b: Corviknight
|-resisted|p1b: Corviknight
|-damage|p1b: Corviknight|20/100
|-enditem|p1b: Corviknight|Sitrus Berry|[eat]
|-heal|p1b: Corviknight|45/100|[from] item: Sitrus Berry
|
|upkeep
|turn|9
|
|t:|1757017918
|move|p1b: Corviknight|Brave Bird|p2b: Ursaluna
|-damage|p2b: Ursaluna|25/100
|-damage|p1b: Corviknight|20/100|[from] Recoil
|move|p2b: Ursaluna|Earth Power|p1b: Corviknight
|-immune|p1b: Corviknight
|
|upkeep
|turn|10
|
|t:|1757017925
|move|p1b: Corviknight|Brave Bird|p2b: Ursaluna
|-damage|p2b: Ursaluna|0 fnt
|faint|p2b: Ursaluna
|-damage|p1b: Corviknight|11/100|[from] Recoil
|
|win|CapnBrunchy
