|j|☆Soratami
|j|☆bigbucksz
|html|Soratamibigbucksz    
|uhtml|bestof|Game 1 of a best-of-3
|t:|1757910989
|gametype|doubles
|player|p1|Soratami|ethan|1255
|player|p2|bigbucksz|266|1383
|gen|9
|tier|[Gen 9] VGC 2025 Reg H (Bo3)
|rated|
|rule|Species Clause: Limit one of each Pokémon
|rule|Item Clause: Limit 1 of each item
|clearpoke
|poke|p1|Pelipper, L50, M|
|poke|p1|Blastoise, L50, M|
|poke|p1|Dragonite, L50, F|
|poke|p1|Archaludon, L50, M|
|poke|p1|Electabuzz, L50, F|
|poke|p1|Rillaboom, L50, M|
|poke|p2|Rillaboom, L50, F|
|poke|p2|Dragonite, L50, F|
|poke|p2|Annihilape, L50, M|
|poke|p2|Gholdengo, L50|
|poke|p2|Maushold-Four, L50|
|poke|p2|Ursaluna-Bloodmoon, L50, M|
|teampreview|4
|showteam|p1|Pelipper||FocusSash|Drizzle|Hurricane,Tailwind,WeatherBall,WideGuard|||M|||50|,,,,,Steel]Blastoise||MysticWater|RainDish|HydroPump,ShellSmash,WaterSpout,Protect|||M|||50|,,,,,Water]Dragonite||LoadedDice|Multiscale|ExtremeSpeed,Haze,ScaleShot,Protect|||F|||50|,,,,,Fairy]Archaludon||AssaultVest|Stamina|BodyPress,ElectroShot,DracoMeteor,FlashCannon|||M|||50|,,,,,Grass]Electabuzz||Eviolite|VitalSpirit|FollowMe,ThunderWave,Thunderbolt,Protect|||F|||50|,,,,,Ghost]Rillaboom||MiracleSeed|GrassySurge|FakeOut,GrassyGlide,WoodHammer,HighHorsepower|||M|||50|,,,,,Fire
|showteam|p2|Rillaboom||MiracleSeed|GrassySurge|WoodHammer,HighHorsepower,GrassyGlide,FakeOut|||F|||50|,,,,,Fire]Dragonite||LoadedDice|Multiscale|ScaleShot,Tailwind,Haze,Protect|||F|||50|,,,,,Fairy]Annihilape||SitrusBerry|Defiant|RageFist,DrainPunch,BulkUp,Protect|||M|||50|,,,,,Fire]Gholdengo||LifeOrb|GoodasGold|MakeItRain,ShadowBall,NastyPlot,Protect||||||50|,,,,,Water]Maushold-Four||FocusSash|FriendGuard|SuperFang,BeatUp,FollowMe,Protect||||||50|,,,,,Ghost]Ursaluna-Bloodmoon||AssaultVest|MindsEye|BloodMoon,EarthPower,HyperVoice,VacuumWave|||M|||50|,,,,,Water
|inactive|Battle timer is ON: inactive players will automatically lose when time's up. (requested by Soratami)
|
|t:|1757911015
|teamsize|p1|4
|teamsize|p2|4
|start
|switch|p1a: Electabuzz|Electabuzz, L50, F|100/100
|switch|p1b: Blastoise|Blastoise, L50, M|100/100
|switch|p2a: Ursaluna|Ursaluna-Bloodmoon, L50, M|100/100
|switch|p2b: Rillaboom|Rillaboom, L50, F|100/100
|-fieldstart|move: Grassy Terrain|[from] ability: Grassy Surge|[of] p2b: Rillaboom
|turn|1
|inactive|Soratami has 30 seconds left.
|
|t:|1757911045
|switch|p1a: Rillaboom|Rillaboom, L50, M|100/100
|move|p1b: Blastoise|Protect|p1b: Blastoise
|-singleturn|p1b: Blastoise|Protect
|move|p2b: Rillaboom|Wood Hammer|p1b: Blastoise
|-activate|p1b: Blastoise|move: Protect
|move|p2a: Ursaluna|Earth Power|p1a: Rillaboom
|-resisted|p1a: Rillaboom
|-damage|p1a: Rillaboom|73/100
|
|-heal|p1a: Rillaboom|79/100|[from] Grassy Terrain
|upkeep
|turn|2
|inactive|Soratami has 30 seconds left.
|
|t:|1757911074
|switch|p1b: Electabuzz|Electabuzz, L50, F|100/100
|move|p2b: Rillaboom|Grassy Glide|p1b: Electabuzz
|-damage|p1b: Electabuzz|69/100
|move|p1a: Rillaboom|Wood Hammer|p2a: Ursaluna
|-supereffective|p2a: Ursaluna
|-damage|p2a: Ursaluna|0 fnt
|faint|p2a: Ursaluna
|-damage|p1a: Rillaboom|45/100|[from] Recoil
|
|-heal|p1b: Electabuzz|75/100|[from] Grassy Terrain
|-heal|p1a: Rillaboom|51/100|[from] Grassy Terrain
|upkeep
|
|t:|1757911092
|switch|p2a: Dragonite|Dragonite, L50, F, shiny|100/100
|turn|3
|
|t:|1757911108
|switch|p1a: Pelipper|Pelipper, L50, M|100/100
|-weather|RainDance|[from] ability: Drizzle|[of] p1a: Pelipper
|move|p2a: Dragonite|Scale Shot|p1a: Pelipper
|-damage|p1a: Pelipper|80/100
|-damage|p1a: Pelipper|58/100
|-damage|p1a: Pelipper|39/100
|-damage|p1a: Pelipper|20/100
|-damage|p1a: Pelipper|0 fnt
|faint|p1a: Pelipper
|-hitcount|p1: Pelipper|5
|-unboost|p2a: Dragonite|def|1
|-boost|p2a: Dragonite|spe|1
|move|p1b: Electabuzz|Thunder Wave|p2a: Dragonite
|-status|p2a: Dragonite|par
|move|p2b: Rillaboom|High Horsepower|p1b: Electabuzz
|-supereffective|p1b: Electabuzz
|-damage|p1b: Electabuzz|28/100
|
|-weather|RainDance|[upkeep]
|-heal|p1b: Electabuzz|34/100|[from] Grassy Terrain
|upkeep
|
|t:|1757911133
|switch|p1a: Blastoise|Blastoise, L50, M|100/100
|turn|4
|
|t:|1757911143
|-terastallize|p1a: Blastoise|Water
|move|p1b: Electabuzz|Follow Me|p1b: Electabuzz
|-singleturn|p1b: Electabuzz|move: Follow Me
|move|p2b: Rillaboom|Grassy Glide|p1b: Electabuzz
|-damage|p1b: Electabuzz|3/100
|move|p1a: Blastoise|Water Spout|p2b: Rillaboom|[spread] p2a,p2b
|-resisted|p2a: Dragonite
|-resisted|p2b: Rillaboom
|-damage|p2a: Dragonite|68/100 par
|-damage|p2b: Rillaboom|35/100
|move|p2a: Dragonite|Tailwind|p2a: Dragonite
|-sidestart|p2: bigbucksz|move: Tailwind
|
|-weather|RainDance|[upkeep]
|-heal|p2b: Rillaboom|41/100|[from] Grassy Terrain
|-heal|p1b: Electabuzz|9/100|[from] Grassy Terrain
|upkeep
|turn|5
|
|t:|1757911158
|move|p1b: Electabuzz|Protect|p1b: Electabuzz
|-singleturn|p1b: Electabuzz|Protect
|move|p1a: Blastoise|Protect|p1a: Blastoise
|-singleturn|p1a: Blastoise|Protect
|move|p2b: Rillaboom|Grassy Glide|p1b: Electabuzz
|-activate|p1b: Electabuzz|move: Protect
|move|p2a: Dragonite|Scale Shot|p1a: Blastoise
|-activate|p1a: Blastoise|move: Protect
|
|-weather|RainDance|[upkeep]
|-heal|p2b: Rillaboom|48/100|[from] Grassy Terrain
|-heal|p1b: Electabuzz|14/100|[from] Grassy Terrain
|-fieldend|move: Grassy Terrain
|upkeep
|turn|6
|
|t:|1757911173
|move|p1b: Electabuzz|Follow Me|p1b: Electabuzz
|-singleturn|p1b: Electabuzz|move: Follow Me
|move|p2b: Rillaboom|Wood Hammer|p1b: Electabuzz
|-damage|p1b: Electabuzz|0 fnt
|faint|p1b: Electabuzz
|-damage|p2b: Rillaboom|44/100|[from] Recoil
|move|p2a: Dragonite|Scale Shot|p1a: Blastoise|[miss]
|-miss|p2a: Dragonite|p1a: Blastoise
|move|p1a: Blastoise|Water Spout|p2b: Rillaboom|[spread] p2a,p2b
|-resisted|p2a: Dragonite
|-resisted|p2b: Rillaboom
|-damage|p2a: Dragonite|6/100 par
|-damage|p2b: Rillaboom|0 fnt
|faint|p2b: Rillaboom
|
|-weather|RainDance|[upkeep]
|upkeep
|
|t:|1757911187
|switch|p1b: Rillaboom|Rillaboom, L50, M|51/100
|switch|p2b: Gholdengo|Gholdengo, L50, shiny|100/100
|-fieldstart|move: Grassy Terrain|[from] ability: Grassy Surge|[of] p1b: Rillaboom
|turn|7
|inactive|Soratami has 30 seconds left.
|inactive|bigbucksz has 30 seconds left.
|
|t:|1757911224
|move|p2a: Dragonite|Protect|p2a: Dragonite
|-singleturn|p2a: Dragonite|Protect
|move|p1b: Rillaboom|Grassy Glide|p2a: Dragonite
|-activate|p2a: Dragonite|move: Protect
|move|p2b: Gholdengo|Make It Rain|p1a: Blastoise|[spread] p1a,p1b
|-resisted|p1a: Blastoise
|-damage|p1a: Blastoise|72/100
|-damage|p1b: Rillaboom|0 fnt
|-unboost|p2b: Gholdengo|spa|1
|faint|p1b: Rillaboom
|-damage|p2b: Gholdengo|91/100|[from] item: Life Orb
|move|p1a: Blastoise|Shell Smash|p1a: Blastoise
|-unboost|p1a: Blastoise|def|1
|-unboost|p1a: Blastoise|spd|1
|-boost|p1a: Blastoise|atk|2
|-boost|p1a: Blastoise|spa|2
|-boost|p1a: Blastoise|spe|2
|
|-weather|none
|-heal|p2b: Gholdengo|97/100|[from] Grassy Terrain
|-heal|p1a: Blastoise|78/100|[from] Grassy Terrain
|-sideend|p2: bigbucksz|move: Tailwind
|upkeep
|turn|8
|
|t:|1757911247
|-terastallize|p2b: Gholdengo|Water
|move|p1a: Blastoise|Water Spout|p2b: Gholdengo|[spread] p2a,p2b
|-resisted|p2a: Dragonite
|-resisted|p2b: Gholdengo
|-damage|p2a: Dragonite|0 fnt
|-damage|p2b: Gholdengo|29/100
|faint|p2a: Dragonite
|move|p2b: Gholdengo|Shadow Ball|p1a: Blastoise
|-damage|p1a: Blastoise|26/100
|-unboost|p1a: Blastoise|spd|1
|-damage|p2b: Gholdengo|20/100|[from] item: Life Orb
|
|-heal|p1a: Blastoise|33/100|[from] Grassy Terrain
|-heal|p2b: Gholdengo|26/100|[from] Grassy Terrain
|upkeep
|turn|9
|
|t:|1757911261
|move|p1a: Blastoise|Hydro Pump|p2b: Gholdengo|[miss]
|-miss|p1a: Blastoise|p2b: Gholdengo
|move|p2b: Gholdengo|Shadow Ball|p1a: Blastoise
|-damage|p1a: Blastoise|0 fnt
|faint|p1a: Blastoise
|-damage|p2b: Gholdengo|16/100|[from] item: Life Orb
|
|win|bigbucksz
||bigbucksz is ready for game 2.
|c|☆Soratami|Lol
||Soratami is ready for game 2.
|uhtml|next|Next: Game 2 of 3
