|j|☆GepecavaIIi
|j|☆Tronman17
|html|GepecavaIIiTronman17    
|uhtml|bestof|Game 1 of a best-of-3
|t:|1756394525
|gametype|doubles
|player|p1|GepecavaIIi|lance|1153
|player|p2|Tronman17|steven|1093
|gen|9
|tier|[Gen 9] VGC 2025 Reg H (Bo3)
|rated|
|rule|Species Clause: Limit one of each Pokémon
|rule|Item Clause: Limit 1 of each item
|clearpoke
|poke|p1|Gothitelle, L50, M|
|poke|p1|Primarina, L50, F|
|poke|p1|Ursaluna-Bloodmoon, L50, M|
|poke|p1|Gholdengo, L50|
|poke|p1|Talonflame, L50, F|
|poke|p1|Rillaboom, L50, M|
|poke|p2|Archaludon, L50, M|
|poke|p2|Pelipper, L50, F|
|poke|p2|Annihilape, L50, F|
|poke|p2|Rillaboom, L50, M|
|poke|p2|Sinistcha, L50|
|poke|p2|Ursaluna, L50, M|
|teampreview|4
|showteam|p1|Gothitelle||SitrusBerry|ShadowTag|Psychic,Protect,TrickRoom,FakeOut|||M|||50|,,,,,Water]Primarina||ThroatSpray|LiquidVoice|HyperVoice,Moonblast,Protect,PerishSong|||F|||50|,,,,,Steel]Ursaluna-Bloodmoon||LifeOrb|MindsEye|HyperVoice,EarthPower,BloodMoon,Protect|||M|||50|,,,,,Normal]Gholdengo||FocusSash|GoodasGold|MakeItRain,ShadowBall,Protect,NastyPlot||||||50|,,,,,Steel]Talonflame||CovertCloak|GaleWings|DualWingbeat,FlareBlitz,Tailwind,Taunt|||F|||50|,,,,,Stellar]Rillaboom||AssaultVest|GrassySurge|GrassyGlide,WoodHammer,FakeOut,Uturn|||M|||50|,,,,,Fire
|showteam|p2|Archaludon||AssaultVest|Stamina|BodyPress,ElectroShot,FlashCannon,DragonPulse|||M|||50|,,,,,Fairy]Pelipper||CovertCloak|Drizzle|Hurricane,WeatherBall,Tailwind,Uturn|||F|||50|,,,,,Stellar]Annihilape||Leftovers|Defiant|DrainPunch,RageFist,BulkUp,Protect|||F|||50|,,,,,Water]Rillaboom||LoadedDice|GrassySurge|GrassyGlide,BulletSeed,FakeOut,Protect|||M|||50|,,,,,Fire]Sinistcha||SitrusBerry|Hospitality|MatchaGotcha,LifeDew,TrickRoom,RagePowder||||||50|,,,,,Grass]Ursaluna||FlameOrb|Guts|Facade,Earthquake,HeadlongRush,Protect|||M|||50|,,,,,Ground
|
|t:|1756394583
|teamsize|p1|4
|teamsize|p2|4
|start
|switch|p1a: Primarina|Primarina, L50, F|100/100
|switch|p1b: Gothitelle|Gothitelle, L50, M|100/100
|switch|p2a: Archaludon|Archaludon, L50, M, shiny|100/100
|switch|p2b: Pelipper|Pelipper, L50, F, shiny|100/100
|-weather|RainDance|[from] ability: Drizzle|[of] p2b: Pelipper
|turn|1
|
|t:|1756394603
|move|p1b: Gothitelle|Fake Out|p2a: Archaludon
|-resisted|p2a: Archaludon
|-damage|p2a: Archaludon|98/100
|-ability|p2a: Archaludon|Stamina|boost
|-boost|p2a: Archaludon|def|1
|move|p2b: Pelipper|Tailwind|p2b: Pelipper
|-sidestart|p2: Tronman17|move: Tailwind
|cant|p2a: Archaludon|flinch
|move|p1a: Primarina|Perish Song|p1a: Primarina
|-start|p1a: Primarina|perish3|[silent]
|-start|p1b: Gothitelle|perish3|[silent]
|-start|p2a: Archaludon|perish3|[silent]
|-start|p2b: Pelipper|perish3|[silent]
|-fieldactivate|move: Perish Song
|-enditem|p1a: Primarina|Throat Spray
|-boost|p1a: Primarina|spa|1|[from] item: Throat Spray
|
|-weather|RainDance|[upkeep]
|-start|p2b: Pelipper|perish3
|-start|p2a: Archaludon|perish3
|-start|p1b: Gothitelle|perish3
|-start|p1a: Primarina|perish3
|upkeep
|turn|2
|
|t:|1756394623
|move|p1a: Primarina|Protect|p1a: Primarina
|-singleturn|p1a: Primarina|Protect
|move|p2b: Pelipper|U-turn|p1b: Gothitelle
|-supereffective|p1b: Gothitelle
|-damage|p1b: Gothitelle|81/100
|
|t:|1756394632
|switch|p2b: Annihilape|Annihilape, L50, F, shiny|100/100|[from] U-turn
|move|p2a: Archaludon|Electro Shot||[still]
|-prepare|p2a: Archaludon|Electro Shot
|-boost|p2a: Archaludon|spa|1
|-anim|p2a: Archaludon|Electro Shot|p1a: Primarina
|-activate|p1a: Primarina|move: Protect
|move|p1b: Gothitelle|Trick Room|p1b: Gothitelle
|-fieldstart|move: Trick Room|[of] p1b: Gothitelle
|
|-weather|RainDance|[upkeep]
|-start|p1a: Primarina|perish2
|-start|p1b: Gothitelle|perish2
|-start|p2a: Archaludon|perish2
|upkeep
|turn|3
|
|t:|1756394663
|switch|p1a: Rillaboom|Rillaboom, L50, M|100/100
|-fieldstart|move: Grassy Terrain|[from] ability: Grassy Surge|[of] p1a: Rillaboom
|move|p1b: Gothitelle|Protect|p1b: Gothitelle
|-singleturn|p1b: Gothitelle|Protect
|move|p2a: Archaludon|Electro Shot||[still]
|-prepare|p2a: Archaludon|Electro Shot
|-boost|p2a: Archaludon|spa|1
|-anim|p2a: Archaludon|Electro Shot|p1a: Rillaboom
|-resisted|p1a: Rillaboom
|-damage|p1a: Rillaboom|71/100
|move|p2b: Annihilape|Bulk Up|p2b: Annihilape
|-boost|p2b: Annihilape|atk|1
|-boost|p2b: Annihilape|def|1
|
|-weather|RainDance|[upkeep]
|-heal|p1b: Gothitelle|88/100|[from] Grassy Terrain
|-heal|p1a: Rillaboom|76/100|[from] Grassy Terrain
|-heal|p2a: Archaludon|100/100|[from] Grassy Terrain
|-start|p1b: Gothitelle|perish1
|-start|p2a: Archaludon|perish1
|upkeep
|turn|4
|
|t:|1756394713
|switch|p1b: Primarina|Primarina, L50, F|100/100
|move|p1a: Rillaboom|Fake Out|p2a: Archaludon
|-resisted|p2a: Archaludon
|-damage|p2a: Archaludon|97/100
|-ability|p2a: Archaludon|Stamina|boost
|-boost|p2a: Archaludon|def|1
|cant|p2a: Archaludon|flinch
|move|p2b: Annihilape|Drain Punch|p1b: Primarina
|-resisted|p1b: Primarina
|-damage|p1b: Primarina|71/100
|
|-weather|RainDance|[upkeep]
|-heal|p1b: Primarina|77/100|[from] Grassy Terrain
|-heal|p1a: Rillaboom|82/100|[from] Grassy Terrain
|-heal|p2a: Archaludon|100/100|[from] Grassy Terrain
|-start|p2a: Archaludon|perish0
|-sideend|p2: Tronman17|move: Tailwind
|faint|p2a: Archaludon
|upkeep
|
|t:|1756394739
|switch|p2a: Rillaboom|Rillaboom, L50, M, shiny|100/100
|turn|5
|
|t:|1756394777
|move|p1b: Primarina|Protect|p1b: Primarina
|-singleturn|p1b: Primarina|Protect
|move|p2a: Rillaboom|Fake Out|p1b: Primarina
|-activate|p1b: Primarina|move: Protect
|move|p1a: Rillaboom|U-turn|p2a: Rillaboom
|-supereffective|p2a: Rillaboom
|-damage|p2a: Rillaboom|55/100
|
|t:|1756394787
|switch|p1a: Gothitelle|Gothitelle, L50, M|88/100|[from] U-turn
|move|p2b: Annihilape|Drain Punch|p1a: Gothitelle
|-resisted|p1a: Gothitelle
|-damage|p1a: Gothitelle|64/100
|
|-weather|none
|-heal|p1b: Primarina|83/100|[from] Grassy Terrain
|-heal|p1a: Gothitelle|70/100|[from] Grassy Terrain
|-heal|p2a: Rillaboom|61/100|[from] Grassy Terrain
|upkeep
|turn|6
|
|t:|1756394811
|move|p1a: Gothitelle|Fake Out|p2a: Rillaboom
|-damage|p2a: Rillaboom|55/100
|move|p1b: Primarina|Moonblast|p2b: Annihilape
|-supereffective|p2b: Annihilape
|-crit|p2b: Annihilape
|-damage|p2b: Annihilape|0 fnt
|faint|p2b: Annihilape
|cant|p2a: Rillaboom|flinch
|
|-heal|p1b: Primarina|89/100|[from] Grassy Terrain
|-heal|p1a: Gothitelle|76/100|[from] Grassy Terrain
|-heal|p2a: Rillaboom|61/100|[from] Grassy Terrain
|-fieldend|move: Trick Room
|upkeep
|
|t:|1756394822
|switch|p2b: Pelipper|Pelipper, L50, F, shiny|100/100
|-weather|RainDance|[from] ability: Drizzle|[of] p2b: Pelipper
|turn|7
|
|t:|1756394834
|-terastallize|p1b: Primarina|Steel
|move|p2b: Pelipper|Weather Ball|p1a: Gothitelle
|-damage|p1a: Gothitelle|33/100
|-enditem|p1a: Gothitelle|Sitrus Berry|[eat]
|-heal|p1a: Gothitelle|58/100|[from] item: Sitrus Berry
|move|p2a: Rillaboom|Bullet Seed|p1b: Primarina
|-resisted|p1b: Primarina
|-damage|p1b: Primarina|80/100
|-resisted|p1b: Primarina
|-damage|p1b: Primarina|70/100
|-resisted|p1b: Primarina
|-damage|p1b: Primarina|61/100
|-resisted|p1b: Primarina
|-damage|p1b: Primarina|51/100
|-resisted|p1b: Primarina
|-damage|p1b: Primarina|41/100
|-hitcount|p1b: Primarina|5
|move|p1b: Primarina|Perish Song|p1b: Primarina
|-start|p1a: Gothitelle|perish3|[silent]
|-start|p1b: Primarina|perish3|[silent]
|-start|p2a: Rillaboom|perish3|[silent]
|-start|p2b: Pelipper|perish3|[silent]
|-fieldactivate|move: Perish Song
|move|p1a: Gothitelle|Trick Room|p1a: Gothitelle
|-fieldstart|move: Trick Room|[of] p1a: Gothitelle
|
|-weather|RainDance|[upkeep]
|-heal|p1b: Primarina|47/100|[from] Grassy Terrain
|-heal|p1a: Gothitelle|64/100|[from] Grassy Terrain
|-heal|p2a: Rillaboom|67/100|[from] Grassy Terrain
|-start|p1b: Primarina|perish3
|-start|p1a: Gothitelle|perish3
|-start|p2a: Rillaboom|perish3
|-start|p2b: Pelipper|perish3
|-fieldend|move: Grassy Terrain
|upkeep
|turn|8
|
|t:|1756394871
|move|p1b: Primarina|Protect|p1b: Primarina
|-singleturn|p1b: Primarina|Protect
|move|p1a: Gothitelle|Protect|p1a: Gothitelle
|-singleturn|p1a: Gothitelle|Protect
|move|p2a: Rillaboom|Bullet Seed|p1b: Primarina
|-activate|p1b: Primarina|move: Protect
|move|p2b: Pelipper|Weather Ball|p1a: Gothitelle
|-activate|p1a: Gothitelle|move: Protect
|
|-weather|RainDance|[upkeep]
|-start|p1b: Primarina|perish2
|-start|p1a: Gothitelle|perish2
|-start|p2a: Rillaboom|perish2
|-start|p2b: Pelipper|perish2
|upkeep
|turn|9
|-message|Tronman17 forfeited.
|
|win|GepecavaIIi
|l|☆Tronman17
|player|p2|
