|j|☆LuisLM95
|j|☆SuprEpcGuy
|html|LuisLM95SuprEpcGuy    
|uhtml|bestof|Game 2 of a best-of-3
|t:|1784998296
|gametype|doubles
|player|p1|LuisLM95|riley|1178
|player|p2|SuprEpcGuy|shauntal|1164
|gen|9
|tier|[Gen 9 Champions] VGC 2026 Reg M-B (Bo3)
|rated|
|rule|Species Clause: Limit one of each Pokémon
|rule|Item Clause: Limit 1 of each item
|clearpoke
|poke|p1|Charizard, L50, M|
|poke|p1|Krookodile, L50, M|
|poke|p1|Sneasler, L50, M|
|poke|p1|Raichu, L50, M|
|poke|p1|Whimsicott, L50, F|
|poke|p1|Maushold-Four, L50|
|poke|p2|Zoroark-Hisui, L50, F|
|poke|p2|Torkoal, L50, F|
|poke|p2|Farigiraf, L50, M|
|poke|p2|Floette-Eternal, L50, F|
|poke|p2|Aerodactyl, L50, M|
|poke|p2|Incineroar, L50, F|
|teampreview|4
|showteam|p1|Charizard||CharizarditeY|SolarPower|HeatWave,AirSlash,WeatherBall,Protect|Timid||M|||50|]Krookodile||SitrusBerry|Intimidate|Earthquake,KnockOff,RockSlide,Protect|Jolly||M|||50|]Sneasler||WhiteHerb|Unburden|DireClaw,CloseCombat,FakeOut,Protect|Impish||M|||50|]Raichu||RaichuniteY|LightningRod|ZapCannon,DazzlingGleam,FocusBlast,Protect|Modest||M|||50|]Whimsicott||FocusSash|Prankster|EnergyBall,DazzlingGleam,Tailwind,Protect|Modest||F|||50|]Maushold-Four||WideLens|Technician|PopulationBomb,Bite,Taunt,Protect|Adamant|||||50|
|showteam|p2|Zoroark-Hisui||ChoiceScarf|Illusion|IcyWind,BitterMalice,HyperVoice,Taunt|Timid||F|||50|]Torkoal||Charcoal|Drought|Eruption,WeatherBall,EarthPower,Protect|Quiet||F|||50|]Farigiraf||ColburBerry|ArmorTail|Psychic,Thunderbolt,TrickRoom,HelpingHand|Quiet||M|||50|]Floette-Eternal||Floettite|FlowerVeil|Moonblast,DazzlingGleam,CalmMind,Protect|Modest||F|||50|]Aerodactyl||FocusSash|Unnerve|RockSlide,DualWingbeat,Tailwind,Protect|Jolly||M|||50|]Incineroar||LifeOrb|Intimidate|FakeOut,DarkestLariat,FlareBlitz,PartingShot|Adamant||F|||50|
|inactive|Battle timer is ON: inactive players will automatically lose when time's up. (requested by SuprEpcGuy)
|inactive|LuisLM95 has 60 seconds left.
|inactive|SuprEpcGuy has 60 seconds left.
|
|t:|1784998329
|teamsize|p1|4
|teamsize|p2|4
|start
|switch|p1a: Sneasler|Sneasler, L50, M|100/100
|switch|p1b: Whimsicott|Whimsicott, L50, F|100/100
|switch|p2a: Steve|Aerodactyl, L50, M|100/100
|switch|p2b: Floette|Floette-Eternal, L50, F|100/100
|-ability|p2a: Steve|Unnerve
|turn|1
|inactive|LuisLM95 has 30 seconds left.
|inactive|SuprEpcGuy has 30 seconds left.
|inactive|LuisLM95 has 20 seconds left.
|
|t:|1784998365
|switch|p2b: Racecar|Farigiraf, L50, M|100/100
|move|p1a: Sneasler|Fake Out||[still]
|cant|p2b: Racecar|ability: Armor Tail|Fake Out|[of] p1a: Sneasler
|move|p1b: Whimsicott|Tailwind|p1b: Whimsicott
|-sidestart|p1: LuisLM95|move: Tailwind
|move|p2a: Steve|Tailwind|p2a: Steve
|-sidestart|p2: SuprEpcGuy|move: Tailwind
|
|upkeep
|turn|2
|inactive|SuprEpcGuy has 30 seconds left.
|
|t:|1784998393
|switch|p2b: Floette|Floette-Eternal, L50, F|100/100
|move|p2a: Steve|Dual Wingbeat|p1a: Sneasler
|-supereffective|p1a: Sneasler|1
|-damage|p1a: Sneasler|56/100
|-supereffective|p1a: Sneasler|1
|-damage|p1a: Sneasler|14/100
|-hitcount|p1a: Sneasler|2
|move|p1a: Sneasler|Close Combat|p2b: Floette
|-resisted|p2b: Floette|1
|-damage|p2b: Floette|63/100
|-unboost|p1a: Sneasler|def|1
|-unboost|p1a: Sneasler|spd|1
|-enditem|p1a: Sneasler|White Herb
|-clearnegativeboost|p1a: Sneasler|[silent]
|move|p1b: Whimsicott|Energy Ball|p2b: Floette
|-crit|p2b: Floette
|-damage|p2b: Floette|16/100
|-unboost|p2b: Floette|spd|1
|
|upkeep
|turn|3
|inactive|SuprEpcGuy has 30 seconds left.
|inactive|SuprEpcGuy has 20 seconds left.
|inactive|SuprEpcGuy has 15 seconds left.
|inactive|SuprEpcGuy has 10 seconds left.
|inactive|SuprEpcGuy has 5 seconds left.
|
|t:|1784998448
|move|p1a: Sneasler|Close Combat|p2a: Steve
|-damage|p2a: Steve|7/100
|-unboost|p1a: Sneasler|def|1
|-unboost|p1a: Sneasler|spd|1
|move|p2a: Steve|Rock Slide|p1b: Whimsicott|[spread] p1a,p1b
|-resisted|p1a: Sneasler|1
|-damage|p1a: Sneasler|0 fnt
|-damage|p1b: Whimsicott|69/100
|faint|p1a: Sneasler
|cant|p1b: Whimsicott|flinch
|move|p2b: Floette|Moonblast|p1b: Whimsicott
|-damage|p1b: Whimsicott|6/100
|
|upkeep
|c|☆SuprEpcGuy|Timeout moment
|
|t:|1784998464
|switch|p1a: Krookodile|Krookodile, L50, M|100/100
|-ability|p1a: Krookodile|Intimidate|boost
|-unboost|p2a: Steve|atk|1
|-unboost|p2b: Floette|atk|1
|turn|4
|
|t:|1784998473
|detailschange|p2b: Floette|Floette-Mega, L50, F
|-mega|p2b: Floette|Floette|Floettite
|-ability|p2b: Floette|Fairy Aura
|move|p1b: Whimsicott|Protect|p1b: Whimsicott
|-singleturn|p1b: Whimsicott|Protect
|move|p2b: Floette|Protect|p2b: Floette
|-singleturn|p2b: Floette|Protect
|move|p2a: Steve|Rock Slide|p1a: Krookodile|[spread] p1a
|-activate|p1b: Whimsicott|move: Protect
|-resisted|p1a: Krookodile|1
|-crit|p1a: Krookodile
|-damage|p1a: Krookodile|75/100
|move|p1a: Krookodile|Rock Slide|p2b: Floette|[spread] p2a
|-activate|p2b: Floette|move: Protect
|-supereffective|p2a: Steve|1
|-damage|p2a: Steve|0 fnt
|faint|p2a: Steve
|
|-sideend|p2: SuprEpcGuy|move: Tailwind
|-sideend|p1: LuisLM95|move: Tailwind
|upkeep
|
|t:|1784998489
|switch|p2a: Big Purr|Incineroar, L50, F|100/100
|-ability|p2a: Big Purr|Intimidate|boost
|-unboost|p1a: Krookodile|atk|1
|-unboost|p1b: Whimsicott|atk|1
|turn|5
|
|t:|1784998512
|switch|p1a: Raichu|Raichu, L50, M|100/100
|move|p1b: Whimsicott|Protect||[still]
|-fail|p1b: Whimsicott
|move|p2a: Big Purr|Fake Out|p1b: Whimsicott
|-damage|p1b: Whimsicott|0 fnt
|faint|p1b: Whimsicott
|-damage|p2a: Big Purr|90/100|[from] item: Life Orb
|move|p2b: Floette|Dazzling Gleam|p1a: Raichu
|-damage|p1a: Raichu|0 fnt
|faint|p1a: Raichu
|
|upkeep
|-message|LuisLM95 forfeited.
|
|win|SuprEpcGuy
|raw|LuisLM95's rating: 1178 → 1152(-26 for losing)
|raw|SuprEpcGuy's rating: 1164 → 1190(+26 for winning)
