|j|☆Bobbo1
|j|☆fustor
|html|Bobbo1fustor    
|uhtml|bestof|Game 2 of a best-of-3
|t:|1756465357
|gametype|doubles
|player|p1|Bobbo1|ghetsis|1084
|player|p2|fustor|102|1000
|gen|9
|tier|[Gen 9] VGC 2025 Reg H (Bo3)
|rated|
|rule|Species Clause: Limit one of each Pokémon
|rule|Item Clause: Limit 1 of each item
|clearpoke
|poke|p1|Palafin, L50, F|
|poke|p1|Incineroar, L50, F|
|poke|p1|Rillaboom, L50, F|
|poke|p1|Gholdengo, L50|
|poke|p1|Volcarona, L50, M|
|poke|p1|Ninetales-Alola, L50, F|
|poke|p2|Charizard, L50, F|
|poke|p2|Torkoal, L50, F|
|poke|p2|Porygon2, L50|
|poke|p2|Incineroar, L50, F|
|poke|p2|Jumpluff, L50, M|
|poke|p2|Ursaluna, L50, M|
|teampreview|4
|showteam|p1|Palafin||MysticWater|ZerotoHero|IcePunch,JetPunch,WaveCrash,Protect|||F|||50|,,,,,Water]Incineroar||RockyHelmet|Intimidate|FakeOut,KnockOff,FlareBlitz,PartingShot|||F|||50|,,,,,Ghost]Rillaboom||AssaultVest|GrassySurge|FakeOut,GrassyGlide,WoodHammer,Uturn|||F|||50|,,,,,Fire]Gholdengo||SpellTag|GoodasGold|NastyPlot,MakeItRain,ShadowBall,Protect||||||50|,,,,,Water]Volcarona||GrassySeed|FlameBody|QuiverDance,FieryDance,GigaDrain,Protect|||M|||50|,,,,,Grass]Ninetales-Alola||LightClay|SnowWarning|AuroraVeil,Blizzard,Moonblast,Protect|||F|||50|,,,,,Fire
|showteam|p2|Charizard||ChoiceSpecs|SolarPower|HeatWave,Overheat,WeatherBall,AirSlash|||F|||50|,,,,,Ghost]Torkoal||EjectPack|Drought|Eruption,Overheat,HelpingHand,Protect|||F|||50|,,,,,Fire]Porygon2||Eviolite|Download|TeraBlast,IceBeam,Recover,TrickRoom||||||50|,,,,,Fighting]Incineroar||SitrusBerry|Intimidate|FlareBlitz,KnockOff,FakeOut,PartingShot|||F|||50|,,,,,Ghost]Jumpluff||CovertCloak|Chlorophyll|SleepPowder,SunnyDay,RagePowder,Tailwind|||M|||50|,,,,,Water]Ursaluna||FlameOrb|Guts|HeadlongRush,Facade,Earthquake,Protect|||M|||50|,,,,,Ghost
|inactive|Battle timer is ON: inactive players will automatically lose when time's up. (requested by fustor)
|
|t:|1756465374
|teamsize|p1|4
|teamsize|p2|4
|start
|switch|p1a: Incineroar|Incineroar, L50, F|100/100
|switch|p1b: Volcarona|Volcarona, L50, M|100/100
|switch|p2a: Charizard|Charizard, L50, F|100/100
|switch|p2b: Porygon2|Porygon2, L50|100/100
|-ability|p1a: Incineroar|Intimidate|boost
|-unboost|p2a: Charizard|atk|1
|-unboost|p2b: Porygon2|atk|1
|-ability|p2b: Porygon2|Download|boost
|-boost|p2b: Porygon2|atk|1
|turn|1
|
|t:|1756465398
|switch|p2b: Torkoal|Torkoal, L50, F|100/100
|-weather|SunnyDay|[from] ability: Drought|[of] p2b: Torkoal
|-terastallize|p2a: Charizard|Ghost
|move|p1b: Volcarona|Protect|p1b: Volcarona
|-singleturn|p1b: Volcarona|Protect
|move|p2a: Charizard|Air Slash|p1b: Volcarona
|-activate|p1b: Volcarona|move: Protect
|move|p1a: Incineroar|Knock Off|p2a: Charizard
|-supereffective|p2a: Charizard
|-damage|p2a: Charizard|0 fnt
|-enditem|p2a: Charizard|Choice Specs|[from] move: Knock Off|[of] p1a: Incineroar
|faint|p2a: Charizard
|
|-weather|SunnyDay|[upkeep]
|upkeep
|
|t:|1756465413
|switch|p2a: Porygon2|Porygon2, L50|100/100
|-ability|p2a: Porygon2|Download|boost
|-boost|p2a: Porygon2|atk|1
|turn|2
|
|t:|1756465418
|move|p1b: Volcarona|Quiver Dance|p1b: Volcarona
|-boost|p1b: Volcarona|spa|1
|-boost|p1b: Volcarona|spd|1
|-boost|p1b: Volcarona|spe|1
|move|p1a: Incineroar|Flare Blitz|p2a: Porygon2
|-damage|p2a: Porygon2|46/100
|-damage|p1a: Incineroar|83/100|[from] Recoil
|move|p2b: Torkoal|Eruption|p1a: Incineroar|[spread] p1a,p1b
|-resisted|p1a: Incineroar
|-damage|p1a: Incineroar|53/100
|-damage|p1b: Volcarona|61/100
|move|p2a: Porygon2|Trick Room|p2a: Porygon2
|-fieldstart|move: Trick Room|[of] p2a: Porygon2
|
|-weather|SunnyDay|[upkeep]
|upkeep
|turn|3
|
|t:|1756465439
|move|p2b: Torkoal|Eruption|p1b: Volcarona|[spread] p1a,p1b
|-resisted|p1a: Incineroar
|-damage|p1a: Incineroar|24/100
|-damage|p1b: Volcarona|21/100
|move|p2a: Porygon2|Tera Blast|p1a: Incineroar
|-damage|p1a: Incineroar|0 fnt
|faint|p1a: Incineroar
|move|p1b: Volcarona|Giga Drain|p2b: Torkoal
|-resisted|p2b: Torkoal
|-damage|p2b: Torkoal|76/100
|-heal|p1b: Volcarona|33/100|[from] drain|[of] p2b: Torkoal
|
|-weather|SunnyDay|[upkeep]
|upkeep
|
|t:|1756465453
|switch|p1a: Rillaboom|Rillaboom, L50, F|100/100
|-fieldstart|move: Grassy Terrain|[from] ability: Grassy Surge|[of] p1a: Rillaboom
|-enditem|p1b: Volcarona|Grassy Seed
|-boost|p1b: Volcarona|def|1|[from] item: Grassy Seed
|turn|4
|
|t:|1756465472
|switch|p2a: Ursaluna|Ursaluna, L50, M|100/100
|move|p2b: Torkoal|Protect|p2b: Torkoal
|-singleturn|p2b: Torkoal|Protect
|move|p1a: Rillaboom|Fake Out|p2b: Torkoal
|-activate|p2b: Torkoal|move: Protect
|move|p1b: Volcarona|Giga Drain|p2a: Ursaluna
|-supereffective|p2a: Ursaluna
|-damage|p2a: Ursaluna|5/100
|-heal|p1b: Volcarona|88/100|[from] drain|[of] p2a: Ursaluna
|
|-weather|SunnyDay|[upkeep]
|-heal|p2b: Torkoal|82/100|[from] Grassy Terrain
|-heal|p2a: Ursaluna|11/100|[from] Grassy Terrain
|-heal|p1b: Volcarona|94/100|[from] Grassy Terrain
|-status|p2a: Ursaluna|brn|[from] item: Flame Orb
|upkeep
|turn|5
|inactive|Bobbo1 has 30 seconds left.
|
|t:|1756465498
|-terastallize|p1a: Rillaboom|Fire
|move|p1a: Rillaboom|Grassy Glide|p2a: Ursaluna
|-supereffective|p2a: Ursaluna
|-damage|p2a: Ursaluna|0 fnt
|faint|p2a: Ursaluna
|move|p2b: Torkoal|Eruption|p1b: Volcarona|[spread] p1a,p1b
|-resisted|p1a: Rillaboom
|-damage|p1a: Rillaboom|81/100
|-damage|p1b: Volcarona|59/100
|move|p1b: Volcarona|Giga Drain|p2b: Torkoal
|-resisted|p2b: Torkoal
|-damage|p2b: Torkoal|51/100
|-heal|p1b: Volcarona|74/100|[from] drain|[of] p2b: Torkoal
|
|-weather|none
|-heal|p2b: Torkoal|58/100|[from] Grassy Terrain
|-heal|p1a: Rillaboom|86/100|[from] Grassy Terrain
|-heal|p1b: Volcarona|80/100|[from] Grassy Terrain
|upkeep
|
|t:|1756465513
|switch|p2a: Porygon2|Porygon2, L50|46/100
|-ability|p2a: Porygon2|Download|boost
|-boost|p2a: Porygon2|atk|1
|turn|6
|inactive|Bobbo1 has 30 seconds left.
|
|t:|1756465545
|move|p2b: Torkoal|Eruption|p1a: Rillaboom|[spread] p1a,p1b
|-resisted|p1a: Rillaboom
|-crit|p1b: Volcarona
|-damage|p1a: Rillaboom|78/100
|-damage|p1b: Volcarona|42/100
|move|p2a: Porygon2|Tera Blast|p1b: Volcarona
|-damage|p1b: Volcarona|20/100
|move|p1a: Rillaboom|U-turn|p2a: Porygon2
|-damage|p2a: Porygon2|30/100
|
|t:|1756465553
|switch|p1a: Ninetales|Ninetales-Alola, L50, F|100/100|[from] U-turn
|-weather|Snowscape|[from] ability: Snow Warning|[of] p1a: Ninetales
|move|p1b: Volcarona|Fiery Dance|p2b: Torkoal
|-resisted|p2b: Torkoal
|-damage|p2b: Torkoal|17/100
|
|-weather|Snowscape|[upkeep]
|-heal|p2b: Torkoal|24/100|[from] Grassy Terrain
|-heal|p2a: Porygon2|36/100|[from] Grassy Terrain
|-heal|p1b: Volcarona|27/100|[from] Grassy Terrain
|-fieldend|move: Trick Room
|upkeep
|turn|7
|
|t:|1756465571
|move|p1b: Volcarona|Giga Drain|p2a: Porygon2
|-crit|p2a: Porygon2
|-damage|p2a: Porygon2|0 fnt
|-heal|p1b: Volcarona|45/100|[from] drain|[of] p2a: Porygon2
|faint|p2a: Porygon2
|move|p1a: Ninetales|Aurora Veil|p1a: Ninetales
|-sidestart|p1: Bobbo1|move: Aurora Veil
|move|p2b: Torkoal|Overheat|p1a: Ninetales
|-supereffective|p1a: Ninetales
|-damage|p1a: Ninetales|19/100
|-unboost|p2b: Torkoal|spa|2
|
|-weather|Snowscape|[upkeep]
|-heal|p1b: Volcarona|51/100|[from] Grassy Terrain
|-heal|p1a: Ninetales|25/100|[from] Grassy Terrain
|-heal|p2b: Torkoal|30/100|[from] Grassy Terrain
|upkeep
|turn|8
|
|t:|1756465588
|move|p1b: Volcarona|Giga Drain|p2b: Torkoal
|-resisted|p2b: Torkoal
|-damage|p2b: Torkoal|0 fnt
|-heal|p1b: Volcarona|65/100|[from] drain|[of] p2b: Torkoal
|faint|p2b: Torkoal
|
|win|Bobbo1
|raw|Bobbo1's rating: 1084 → 1105(+21 for winning)
|raw|fustor's rating: 1000 → 1000(+0 for losing)
