|j|☆Centiskorch18
|j|☆Quill86
|html|Centiskorch18Quill86    
|uhtml|bestof|Game 3 of a best-of-3
|t:|1756520674
|gametype|doubles
|player|p1|Centiskorch18|1|1153
|player|p2|Quill86|lucas|1266
|gen|9
|tier|[Gen 9] VGC 2025 Reg H (Bo3)
|rated|
|rule|Species Clause: Limit one of each Pokémon
|rule|Item Clause: Limit 1 of each item
|clearpoke
|poke|p1|Volcarona, L50, F|
|poke|p1|Rillaboom, L50, M|
|poke|p1|Ninetales-Alola, L50, F|
|poke|p1|Annihilape, L50, M|
|poke|p1|Glimmora, L50, F|
|poke|p1|Dragapult, L50, M|
|poke|p2|Indeedee-F, L50, F|
|poke|p2|Gallade, L50, M|
|poke|p2|Torkoal, L50, F|
|poke|p2|Ursaluna, L50, M|
|poke|p2|Hatterene, L50, F|
|poke|p2|Smeargle, L50, F|
|teampreview|4
|showteam|p1|Volcarona||GrassySeed|FlameBody|HeatWave,GigaDrain,QuiverDance,Protect|||F|||50|,,,,,Grass]Rillaboom||AssaultVest|GrassySurge|WoodHammer,GrassyGlide,FakeOut,Uturn|||M|||50|,,,,,Fire]Ninetales-Alola||FocusSash|SnowWarning|Blizzard,AuroraVeil,IcyWind,Encore|||F|||50|,,,,,Ghost]Annihilape||SafetyGoggles|Defiant|CloseCombat,RageFist,FinalGambit,Protect|||M|||50|,,,,,Water]Glimmora||PowerHerb|ToxicDebris|MeteorBeam,SludgeBomb,EarthPower,Protect|||F|||50|,,,,,Grass]Dragapult||ChoiceBand|ClearBody|DragonDarts,PhantomForce,SuckerPunch,Uturn|||M|||50|,,,,,Dragon
|showteam|p2|Indeedee-F||PsychicSeed|PsychicSurge|FollowMe,TrickRoom,HelpingHand,DazzlingGleam|||F|||50|,,,,,Fairy]Gallade||ClearAmulet|Sharpness|SacredSword,PsychoCut,WideGuard,TrickRoom|||M|||50|,,,,,Grass]Torkoal||ChoiceSpecs|Drought|Eruption,WeatherBall,EarthPower,HeatWave|||F|||50|,,,,,Fire]Ursaluna||FlameOrb|Guts|Protect,HeadlongRush,Facade,Earthquake|||M|||50|,,,,,Ghost]Hatterene||LifeOrb|MagicBounce|DazzlingGleam,ExpandingForce,MysticalFire,TrickRoom|||F|||50|,,,,,Fire]Smeargle||FocusSash|Moody|FakeOut,Spore,Decorate,FollowMe|||F|||50|,,,,,Ghost
|inactive|Battle timer is ON: inactive players will automatically lose when time's up. (requested by Centiskorch18)
|c|☆Centiskorch18|glhf
|c|☆Quill86|glhf
|
|t:|1756520690
|teamsize|p1|4
|teamsize|p2|4
|start
|switch|p1a: Annihilape|Annihilape, L50, M|100/100
|switch|p1b: Dragapult|Dragapult, L50, M|100/100
|switch|p2a: Indeedee|Indeedee-F, L50, F|100/100
|switch|p2b: Gallade|Gallade, L50, M|100/100
|-fieldstart|move: Psychic Terrain|[from] ability: Psychic Surge|[of] p2a: Indeedee
|-enditem|p2a: Indeedee|Psychic Seed
|-boost|p2a: Indeedee|spd|1|[from] item: Psychic Seed
|turn|1
|
|t:|1756520699
|move|p2a: Indeedee|Follow Me|p2a: Indeedee
|-singleturn|p2a: Indeedee|move: Follow Me
|move|p1b: Dragapult|Phantom Force||[still]
|-prepare|p1b: Dragapult|Phantom Force
|move|p1a: Annihilape|Final Gambit|p2a: Indeedee
|-damage|p2a: Indeedee|0 fnt
|faint|p1a: Annihilape
|faint|p2a: Indeedee
|move|p2b: Gallade|Trick Room|p2b: Gallade
|-fieldstart|move: Trick Room|[of] p2b: Gallade
|
|upkeep
|inactive|Centiskorch18 has 30 seconds left.
|
|t:|1756520729
|switch|p2a: Hatterene|Hatterene, L50, F|100/100
|switch|p1a: Glimmora|Glimmora, L50, F|100/100
|turn|2
|
|t:|1756520750
|switch|p1a: Rillaboom|Rillaboom, L50, M|100/100
|-fieldstart|move: Grassy Terrain|[from] ability: Grassy Surge|[of] p1a: Rillaboom
|-terastallize|p2b: Gallade|Grass
|move|p2a: Hatterene|Expanding Force|p1a: Rillaboom
|-damage|p1a: Rillaboom|61/100
|-damage|p2a: Hatterene|91/100|[from] item: Life Orb
|move|p2b: Gallade|Psycho Cut|p1a: Rillaboom
|-damage|p1a: Rillaboom|10/100
|move|p1b: Dragapult|Phantom Force|p2b: Gallade|[from] lockedmove
|-damage|p2b: Gallade|0 fnt
|faint|p2b: Gallade
|
|-heal|p2a: Hatterene|97/100|[from] Grassy Terrain
|-heal|p1a: Rillaboom|16/100|[from] Grassy Terrain
|upkeep
|
|t:|1756520764
|switch|p2b: Torkoal|Torkoal, L50, F|100/100
|-weather|SunnyDay|[from] ability: Drought|[of] p2b: Torkoal
|turn|3
|
|t:|1756520779
|move|p1a: Rillaboom|Fake Out|p2a: Hatterene
|-damage|p2a: Hatterene|82/100
|move|p2b: Torkoal|Eruption|p1b: Dragapult|[spread] p1a,p1b
|-supereffective|p1a: Rillaboom
|-resisted|p1b: Dragapult
|-damage|p1a: Rillaboom|0 fnt
|-damage|p1b: Dragapult|31/100
|faint|p1a: Rillaboom
|cant|p2a: Hatterene|flinch
|move|p1b: Dragapult|Phantom Force||[still]
|-prepare|p1b: Dragapult|Phantom Force
|
|-weather|SunnyDay|[upkeep]
|-heal|p2a: Hatterene|88/100|[from] Grassy Terrain
|upkeep
|
|t:|1756520783
|switch|p1a: Glimmora|Glimmora, L50, F|100/100
|turn|4
|
|t:|1756520793
|move|p1a: Glimmora|Protect|p1a: Glimmora
|-singleturn|p1a: Glimmora|Protect
|move|p2b: Torkoal|Eruption|p1b: Dragapult|[spread] 
|-miss|p2b: Torkoal|p1b: Dragapult
|-activate|p1a: Glimmora|move: Protect
|move|p2a: Hatterene|Expanding Force|p1a: Glimmora
|-activate|p1a: Glimmora|move: Protect
|move|p1b: Dragapult|Phantom Force|p2a: Hatterene|[from] lockedmove
|-supereffective|p2a: Hatterene
|-damage|p2a: Hatterene|0 fnt
|faint|p2a: Hatterene
|
|-weather|SunnyDay|[upkeep]
|-heal|p1b: Dragapult|37/100|[from] Grassy Terrain
|upkeep
|turn|5
|
|t:|1756520806
|move|p2b: Torkoal|Eruption|p1a: Glimmora|[spread] p1a,p1b
|-resisted|p1a: Glimmora
|-resisted|p1b: Dragapult
|-damage|p1a: Glimmora|42/100
|-damage|p1b: Dragapult|0 fnt
|faint|p1b: Dragapult
|move|p1a: Glimmora|Meteor Beam||[still]
|-prepare|p1a: Glimmora|Meteor Beam
|-boost|p1a: Glimmora|spa|1
|-enditem|p1a: Glimmora|Power Herb
|-anim|p1a: Glimmora|Meteor Beam|p2b: Torkoal
|-supereffective|p2b: Torkoal
|-damage|p2b: Torkoal|0 fnt
|faint|p2b: Torkoal
|
|win|Centiskorch18
|raw|Centiskorch18's rating: 1153 → 1186(+33 for winning)
|raw|Quill86's rating: 1266 → 1233(-33 for losing)
|c|☆Centiskorch18|gg wp
|l|☆Centiskorch18
|player|p1|
