|j|☆barcelonaday0
|j|☆EXHOUL
|html|barcelonaday0EXHOUL    
|uhtml|bestof|Game 1 of a best-of-3
|t:|1756501545
|gametype|doubles
|player|p1|barcelonaday0|lyra|1238
|player|p2|EXHOUL|shadowtriad|1355
|gen|9
|tier|[Gen 9] VGC 2025 Reg H (Bo3)
|rated|
|rule|Species Clause: Limit one of each Pokémon
|rule|Item Clause: Limit 1 of each item
|clearpoke
|poke|p1|Archaludon, L50, F|
|poke|p1|Pelipper, L50, F|
|poke|p1|Incineroar, L50, M|
|poke|p1|Basculegion, L50, M|
|poke|p1|Amoonguss, L50, M|
|poke|p1|Gholdengo, L50|
|poke|p2|Torkoal, L50, M|
|poke|p2|Lilligant-Hisui, L50, F|
|poke|p2|Armarouge, L50, M|
|poke|p2|Indeedee-F, L50, F|
|poke|p2|Incineroar, L50, F|
|poke|p2|Ursaluna, L50, M|
|teampreview|4
|showteam|p1|Archaludon||AssaultVest|Stamina|DragonPulse,FlashCannon,ElectroShot,BodyPress|||F|||50|,,,,,Fairy]Pelipper||FocusSash|Drizzle|MuddyWater,Hurricane,Tailwind,Protect|||F|||50|,,,,,Grass]Incineroar||SafetyGoggles|Intimidate|KnockOff,Taunt,PartingShot,FakeOut|||M|||50|,,,,,Ghost]Basculegion||ChoiceScarf|Adaptability|AquaJet,WaveCrash,LastRespects,FlipTurn|||M|||50|,,,,,Water]Amoonguss||SitrusBerry|Regenerator|Spore,RagePowder,PollenPuff,Protect|||M|||50|,,,,,Water]Gholdengo||LifeOrb|GoodasGold|MakeItRain,ShadowBall,NastyPlot,Protect||||||50|,,,,,Dragon
|showteam|p2|Torkoal||Charcoal|Drought|Eruption,Flamethrower,ClearSmog,Protect|||M|||50|,,,,,Fire]Lilligant-Hisui||FocusSash|Chlorophyll|SleepPowder,CloseCombat,Encore,AfterYou|||F|||50|,,,,,Ghost]Armarouge||LifeOrb|FlashFire|ExpandingForce,ArmorCannon,WideGuard,TrickRoom|||M|||50|,,,,,Grass]Indeedee-F||RockyHelmet|PsychicSurge|FollowMe,HelpingHand,DazzlingGleam,TrickRoom|||F|||50|,,,,,Steel]Incineroar||SafetyGoggles|Intimidate|FakeOut,PartingShot,KnockOff,FlareBlitz|||F|||50|,,,,,Ghost]Ursaluna||FlameOrb|Guts|Facade,HeadlongRush,Earthquake,Protect|||M|||50|,,,,,Ghost
|inactive|Battle timer is ON: inactive players will automatically lose when time's up. (requested by EXHOUL)
|inactive|barcelonaday0 has 60 seconds left.
|
|t:|1756501586
|teamsize|p1|4
|teamsize|p2|4
|start
|switch|p1a: Incineroar|Incineroar, L50, M, shiny|100/100
|switch|p1b: Gholdengo|Gholdengo, L50, shiny|100/100
|switch|p2a: Indeedee|Indeedee-F, L50, F|100/100
|switch|p2b: Armarouge|Armarouge, L50, M|100/100
|-ability|p1a: Incineroar|Intimidate|boost
|-unboost|p2a: Indeedee|atk|1
|-unboost|p2b: Armarouge|atk|1
|-fieldstart|move: Psychic Terrain|[from] ability: Psychic Surge|[of] p2a: Indeedee
|turn|1
|inactive|barcelonaday0 has 30 seconds left.
|inactive|barcelonaday0 has 20 seconds left.
|inactive|barcelonaday0 has 15 seconds left.
|inactive|barcelonaday0 has 10 seconds left.
|
|t:|1756501634
|-terastallize|p1b: Gholdengo|Dragon
|-terastallize|p2b: Armarouge|Grass
|move|p1b: Gholdengo|Make It Rain|p2b: Armarouge|[spread] p2a,p2b
|-damage|p2a: Indeedee|49/100
|-damage|p2b: Armarouge|38/100
|-unboost|p1b: Gholdengo|spa|1
|-damage|p1b: Gholdengo|91/100|[from] item: Life Orb
|move|p1a: Incineroar|Knock Off|p2b: Armarouge
|-damage|p2b: Armarouge|0 fnt
|-enditem|p2b: Armarouge|Life Orb|[from] move: Knock Off|[of] p1a: Incineroar
|faint|p2b: Armarouge
|move|p2a: Indeedee|Trick Room|p2a: Indeedee
|-fieldstart|move: Trick Room|[of] p2a: Indeedee
|
|upkeep
|
|t:|1756501647
|switch|p2b: Ursaluna|Ursaluna, L50, M|100/100
|turn|2
|
|t:|1756501659
|switch|p1a: Pelipper|Pelipper, L50, F, shiny|100/100
|-weather|RainDance|[from] ability: Drizzle|[of] p1a: Pelipper
|switch|p1b: Amoonguss|Amoonguss, L50, M, shiny|100/100
|move|p2b: Ursaluna|Headlong Rush|p1a: Pelipper
|-immune|p1a: Pelipper
|move|p2a: Indeedee|Dazzling Gleam|p1b: Amoonguss|[spread] p1a,p1b
|-resisted|p1b: Amoonguss
|-damage|p1a: Pelipper|80/100
|-damage|p1b: Amoonguss|95/100
|
|-weather|RainDance|[upkeep]
|-status|p2b: Ursaluna|brn|[from] item: Flame Orb
|upkeep
|turn|3
|
|t:|1756501680
|switch|p2a: Torkoal|Torkoal, L50, M|100/100
|-weather|SunnyDay|[from] ability: Drought|[of] p2a: Torkoal
|switch|p1a: Incineroar|Incineroar, L50, M, shiny|100/100
|-ability|p1a: Incineroar|Intimidate|boost
|-unboost|p2a: Torkoal|atk|1
|-unboost|p2b: Ursaluna|atk|1
|move|p1b: Amoonguss|Spore|p2a: Torkoal
|-status|p2a: Torkoal|slp|[from] move: Spore
|move|p2b: Ursaluna|Facade|p1a: Incineroar
|-damage|p1a: Incineroar|31/100
|
|-weather|SunnyDay|[upkeep]
|-damage|p2b: Ursaluna|95/100 brn|[from] brn
|upkeep
|turn|4
|inactive|barcelonaday0 has 30 seconds left.
|
|t:|1756501705
|cant|p2a: Torkoal|slp
|move|p1b: Amoonguss|Pollen Puff|p1a: Incineroar
|-heal|p1a: Incineroar|81/100
|move|p2b: Ursaluna|Facade|p1a: Incineroar
|-damage|p1a: Incineroar|6/100
|move|p1a: Incineroar|Knock Off|p2a: Torkoal
|-damage|p2a: Torkoal|73/100 slp
|-enditem|p2a: Torkoal|Charcoal|[from] move: Knock Off|[of] p1a: Incineroar
|
|-weather|SunnyDay|[upkeep]
|-damage|p2b: Ursaluna|89/100 brn|[from] brn
|upkeep
|turn|5
|inactive|barcelonaday0 has 30 seconds left.
|
|t:|1756501737
|cant|p2a: Torkoal|slp
|move|p1b: Amoonguss|Pollen Puff|p2a: Torkoal
|-resisted|p2a: Torkoal
|-damage|p2a: Torkoal|60/100 slp
|move|p2b: Ursaluna|Facade|p1a: Incineroar
|-damage|p1a: Incineroar|0 fnt
|faint|p1a: Incineroar
|
|-weather|SunnyDay|[upkeep]
|-damage|p2b: Ursaluna|83/100 brn|[from] brn
|-fieldend|move: Trick Room
|-fieldend|move: Psychic Terrain
|upkeep
|
|t:|1756501745
|switch|p1a: Pelipper|Pelipper, L50, F, shiny|80/100
|-weather|RainDance|[from] ability: Drizzle|[of] p1a: Pelipper
|turn|6
|
|t:|1756501755
|switch|p2a: Indeedee|Indeedee-F, L50, F|49/100
|-fieldstart|move: Psychic Terrain|[from] ability: Psychic Surge|[of] p2a: Indeedee
|move|p2b: Ursaluna|Protect|p2b: Ursaluna
|-singleturn|p2b: Ursaluna|Protect
|move|p1a: Pelipper|Muddy Water|p2a: Indeedee|[spread] p2a
|-activate|p2b: Ursaluna|move: Protect
|-damage|p2a: Indeedee|8/100
|-unboost|p2a: Indeedee|accuracy|1
|move|p1b: Amoonguss|Pollen Puff|p1a: Pelipper
|-heal|p1a: Pelipper|100/100
|
|-weather|RainDance|[upkeep]
|-damage|p2b: Ursaluna|77/100 brn|[from] brn
|upkeep
|turn|7
|
|t:|1756501774
|switch|p2a: Torkoal|Torkoal, L50, M|60/100 slp
|-weather|SunnyDay|[from] ability: Drought|[of] p2a: Torkoal
|move|p1a: Pelipper|Muddy Water|p2b: Ursaluna|[spread] p2a
|-miss|p1a: Pelipper|p2b: Ursaluna
|-supereffective|p2a: Torkoal
|-damage|p2a: Torkoal|20/100 slp
|-unboost|p2a: Torkoal|accuracy|1
|move|p2b: Ursaluna|Facade|p1a: Pelipper
|-enditem|p1a: Pelipper|Focus Sash
|-damage|p1a: Pelipper|1/100
|move|p1b: Amoonguss|Pollen Puff|p2b: Ursaluna
|-damage|p2b: Ursaluna|60/100 brn
|
|-weather|SunnyDay|[upkeep]
|-damage|p2b: Ursaluna|55/100 brn|[from] brn
|upkeep
|turn|8
|
|t:|1756501795
|switch|p1a: Gholdengo|Gholdengo, L50, shiny, tera:Dragon|91/100
|switch|p2a: Indeedee|Indeedee-F, L50, F|8/100
|move|p2b: Ursaluna|Facade|p1a: Gholdengo
|-damage|p1a: Gholdengo|3/100
|move|p1b: Amoonguss|Pollen Puff|p2a: Indeedee
|-supereffective|p2a: Indeedee
|-damage|p2a: Indeedee|0 fnt
|faint|p2a: Indeedee
|
|-weather|SunnyDay|[upkeep]
|-damage|p2b: Ursaluna|49/100 brn|[from] brn
|upkeep
|
|t:|1756501806
|switch|p2a: Torkoal|Torkoal, L50, M|20/100 slp
|turn|9
|
|t:|1756501813
|move|p1a: Gholdengo|Make It Rain|p2a: Torkoal|[spread] p2a,p2b
|-resisted|p2a: Torkoal
|-damage|p2a: Torkoal|0 fnt
|-damage|p2b: Ursaluna|0 fnt
|-unboost|p1a: Gholdengo|spa|1
|faint|p2a: Torkoal
|faint|p2b: Ursaluna
|-damage|p1a: Gholdengo|0 fnt|[from] item: Life Orb
|faint|p1a: Gholdengo
|
|win|barcelonaday0
||EXHOUL is ready for game 2.
||barcelonaday0 is ready for game 2.
|uhtml|next|Next: Game 2 of 3
|l|☆barcelonaday0
|player|p1|
|j|☆barcelonaday0
|player|p1|barcelonaday0|lyra|
