|j|☆Pre-Burnt Tower
|j|☆parsley<3
|html|Pre-Burnt Towerparsley<3    
|uhtml|bestof|Game 1 of a best-of-3
|t:|1757930604
|gametype|doubles
|player|p1|Pre-Burnt Tower|265|1115
|player|p2|parsley<3|lacey|1231
|gen|9
|tier|[Gen 9] VGC 2025 Reg H (Bo3)
|rated|
|rule|Species Clause: Limit one of each Pokémon
|rule|Item Clause: Limit 1 of each item
|clearpoke
|poke|p1|Annihilape, L50, M|
|poke|p1|Incineroar, L50, M|
|poke|p1|Ursaluna-Bloodmoon, L50, M|
|poke|p1|Ribombee, L50, F|
|poke|p1|Gholdengo, L50|
|poke|p1|Dragonite, L50, F|
|poke|p2|Dragonite, L50, M|
|poke|p2|Garchomp, L50, M|
|poke|p2|Gholdengo, L50|
|poke|p2|Incineroar, L50, M|
|poke|p2|Amoonguss, L50, F|
|poke|p2|Sneasler, L50, M|
|teampreview|4
|showteam|p1|Annihilape||SafetyGoggles|Defiant|CloseCombat,FinalGambit,Taunt,RageFist|||M|||50|,,,,,Fire]Incineroar||AssaultVest|Intimidate|Uturn,FakeOut,FlareBlitz,KnockOff|||M|||50|,,,,,Grass]Ursaluna-Bloodmoon||ThroatSpray|MindsEye|BloodMoon,HyperVoice,EarthPower,Protect|||M|||50|,,,,,Normal]Ribombee||FocusSash|ShieldDust|Moonblast,FakeTears,Tailwind,Protect|||F|||50|,,,,,Ghost]Gholdengo||ChoiceSpecs|GoodasGold|MakeItRain,ShadowBall,Trick,Protect||||||50|,,,,,Steel]Dragonite||LoadedDice|Multiscale|ScaleShot,IceSpinner,ExtremeSpeed,Protect|||F|||50|,,,,,Steel
|showteam|p2|Dragonite||LoadedDice|Multiscale|ScaleShot,Haze,Protect,Tailwind|||M|||50|,,,,,Steel]Garchomp||AssaultVest|RoughSkin|Earthquake,StompingTantrum,DragonClaw,RockSlide|||M|||50|,,,,,Steel]Gholdengo||LifeOrb|GoodasGold|MakeItRain,ShadowBall,Protect,NastyPlot||||||50|,,,,,Flying]Incineroar||SafetyGoggles|Intimidate|FakeOut,KnockOff,PartingShot,FlareBlitz|||M|||50|,,,,,Ghost]Amoonguss||SitrusBerry|Regenerator|Spore,RagePowder,Protect,SludgeBomb|||F|||50|,,,,,Water]Sneasler||FocusSash|Unburden|DireClaw,CloseCombat,Coaching,FakeOut|||M|||50|,,,,,Stellar
|
|t:|1757930654
|teamsize|p1|4
|teamsize|p2|4
|start
|switch|p1a: Ribombee|Ribombee, L50, F|100/100
|switch|p1b: Gholdengo|Gholdengo, L50|100/100
|switch|p2a: chiron|Sneasler, L50, M|100/100
|switch|p2b: achilles|Garchomp, L50, M|100/100
|turn|1
|
|t:|1757930678
|switch|p1b: Incineroar|Incineroar, L50, M|100/100
|-ability|p1b: Incineroar|Intimidate|boost
|-unboost|p2a: chiron|atk|1
|-unboost|p2b: achilles|atk|1
|move|p1a: Ribombee|Tailwind|p1a: Ribombee
|-sidestart|p1: Pre-Burnt Tower|move: Tailwind
|move|p2a: chiron|Dire Claw|p1a: Ribombee
|-supereffective|p1a: Ribombee
|-enditem|p1a: Ribombee|Focus Sash
|-damage|p1a: Ribombee|1/100
|move|p2b: achilles|Earthquake|p1b: Incineroar|[spread] p2a,p1a,p1b
|-supereffective|p2a: chiron
|-resisted|p1a: Ribombee
|-supereffective|p1b: Incineroar
|-damage|p2a: chiron|19/100
|-damage|p1a: Ribombee|0 fnt
|-damage|p1b: Incineroar|58/100
|faint|p1a: Ribombee
|
|upkeep
|
|t:|1757930699
|switch|p1a: Gholdengo|Gholdengo, L50|100/100
|turn|2
|
|t:|1757930718
|switch|p2a: telemachus|Incineroar, L50, M|100/100
|-ability|p2a: telemachus|Intimidate|boost
|-unboost|p1a: Gholdengo|atk|1
|-unboost|p1b: Incineroar|atk|1
|move|p1a: Gholdengo|Make It Rain|p2b: achilles|[spread] p2a,p2b
|-resisted|p2a: telemachus
|-damage|p2a: telemachus|69/100
|-damage|p2b: achilles|47/100
|-unboost|p1a: Gholdengo|spa|1
|move|p1b: Incineroar|Flare Blitz|p2b: achilles
|-resisted|p2b: achilles
|-damage|p2b: achilles|29/100
|-damage|p1b: Incineroar|45/100|[from] ability: Rough Skin|[of] p2b: achilles
|-damage|p1b: Incineroar|40/100|[from] Recoil
|move|p2b: achilles|Earthquake|p1a: Gholdengo|[spread] p2a,p1a,p1b
|-supereffective|p2a: telemachus
|-supereffective|p1a: Gholdengo
|-supereffective|p1b: Incineroar
|-damage|p2a: telemachus|20/100
|-damage|p1a: Gholdengo|47/100
|-damage|p1b: Incineroar|0 fnt
|faint|p1b: Incineroar
|
|upkeep
|
|t:|1757930740
|switch|p1b: Dragonite|Dragonite, L50, F, shiny|100/100
|turn|3
|
|t:|1757930755
|switch|p2b: circe|Amoonguss, L50, F|100/100
|-terastallize|p1a: Gholdengo|Steel
|move|p1b: Dragonite|Protect|p1b: Dragonite
|-singleturn|p1b: Dragonite|Protect
|move|p2a: telemachus|Fake Out|p1b: Dragonite
|-activate|p1b: Dragonite|move: Protect
|move|p1a: Gholdengo|Make It Rain|p2b: circe|[spread] p2a,p2b
|-resisted|p2a: telemachus
|-damage|p2a: telemachus|0 fnt
|-damage|p2b: circe|44/100
|-unboost|p1a: Gholdengo|spa|1
|-enditem|p2b: circe|Sitrus Berry|[eat]
|-heal|p2b: circe|69/100|[from] item: Sitrus Berry
|faint|p2a: telemachus
|
|upkeep
|
|t:|1757930768
|switch|p2a: chiron|Sneasler, L50, M|19/100
|turn|4
|
|t:|1757930790
|move|p2a: chiron|Fake Out|p1a: Gholdengo
|-resisted|p1a: Gholdengo
|-damage|p1a: Gholdengo|39/100
|move|p1b: Dragonite|Scale Shot|p2b: circe
|-damage|p2b: circe|55/100
|-damage|p2b: circe|43/100
|-crit|p2b: circe
|-damage|p2b: circe|23/100
|-damage|p2b: circe|9/100
|-hitcount|p2b: circe|4
|-unboost|p1b: Dragonite|def|1
|-boost|p1b: Dragonite|spe|1
|cant|p1a: Gholdengo|flinch
|move|p2b: circe|Spore|p1b: Dragonite
|-status|p1b: Dragonite|slp|[from] move: Spore
|
|-sideend|p1: Pre-Burnt Tower|move: Tailwind
|upkeep
|turn|5
|
|t:|1757930813
|cant|p1b: Dragonite|slp
|move|p2a: chiron|Close Combat|p1a: Gholdengo
|-supereffective|p1a: Gholdengo
|-damage|p1a: Gholdengo|0 fnt
|-unboost|p2a: chiron|def|1
|-unboost|p2a: chiron|spd|1
|faint|p1a: Gholdengo
|move|p2b: circe|Sludge Bomb|p1b: Dragonite
|-damage|p1b: Dragonite|85/100 slp
|
|upkeep
|turn|6
|
|t:|1757930830
|-curestatus|p1b: Dragonite|slp|[msg]
|move|p1b: Dragonite|Extreme Speed|p2a: chiron
|-damage|p2a: chiron|0 fnt
|faint|p2a: chiron
|move|p2b: circe|Spore|p1b: Dragonite
|-status|p1b: Dragonite|slp|[from] move: Spore
|
|upkeep
|
|t:|1757930834
|switch|p2a: achilles|Garchomp, L50, M|29/100
|turn|7
|
|t:|1757930849
|-terastallize|p2a: achilles|Steel
|cant|p1b: Dragonite|slp
|move|p2a: achilles|Dragon Claw|p1b: Dragonite
|-supereffective|p1b: Dragonite
|-damage|p1b: Dragonite|0 fnt
|faint|p1b: Dragonite
|
|win|parsley<3
