|j|☆Kylliza
|j|☆Whitino
|html|KyllizaWhitino    
|uhtml|bestof|Game 1 of a best-of-3
|t:|1782342086
|gametype|doubles
|player|p1|Kylliza|265|1116
|player|p2|Whitino|n|1040
|gen|9
|tier|[Gen 9 Champions] VGC 2026 Reg M-B (Bo3)
|rated|
|rule|Species Clause: Limit one of each Pokémon
|rule|Item Clause: Limit 1 of each item
|clearpoke
|poke|p1|Blaziken, L50, F|
|poke|p1|Whimsicott, L50, F|
|poke|p1|Incineroar, L50, M|
|poke|p1|Sylveon, L50, M|
|poke|p1|Basculegion, L50, M|
|poke|p1|Froslass, L50, F|
|poke|p2|Vileplume, L50, F|
|poke|p2|Pyroar, L50, M|
|poke|p2|Aerodactyl, L50, F|
|poke|p2|Torkoal, L50, F|
|poke|p2|Farigiraf, L50, F|
|poke|p2|Garchomp, L50, M|
|teampreview|4
|showteam|p1|Blaziken||Blazikenite|SpeedBoost|FlareBlitz,CloseCombat,RockSlide,Protect|Adamant||F|||50|]Whimsicott||FocusSash|Prankster|Moonblast,Tailwind,Encore,Protect|Timid||F|||50|]Incineroar||SitrusBerry|Intimidate|FakeOut,FlareBlitz,ThroatChop,PartingShot|Careful||M|||50|]Sylveon||FairyFeather|Pixilate|HyperVoice,HyperBeam,QuickAttack,Protect|Modest||M|||50|]Basculegion||ChoiceScarf|Adaptability|WaveCrash,LastRespects,AquaJet,FlipTurn|Jolly||M|||50|]Froslass||Froslassite|CursedBody|Blizzard,ShadowBall,AuroraVeil,Protect|Timid||F|||50|
|showteam|p2|Vileplume||FocusSash|Chlorophyll|AfterYou,SludgeBomb,SleepPowder,GigaDrain|Timid||F|||50|]Pyroar||Pyroarite|Unnerve|HeatWave,SolarBeam,Overheat,Protect|Timid||M|||50|]Aerodactyl||Aerodactylite|Unnerve|RockSlide,Tailwind,WideGuard,Protect|Jolly||F|||50|]Torkoal||Charcoal|Drought|Eruption,WeatherBall,SolarBeam,Protect|Quiet||F|||50|]Farigiraf||SitrusBerry|ArmorTail|TwinBeam,TrickRoom,HelpingHand,Protect|Bold||F|||50|]Garchomp||LifeOrb|RoughSkin|Earthquake,DragonClaw,RockSlide,Protect|Jolly||M|||50|
|inactive|Battle timer is ON: inactive players will automatically lose when time's up. (requested by Kylliza)
|inactive|Kylliza has 60 seconds left.
|inactive|Whitino has 60 seconds left.
|inactive|Kylliza has 30 seconds left.
|inactive|Whitino has 30 seconds left.
|inactive|Kylliza has 20 seconds left.
|inactive|Whitino has 20 seconds left.
|
|t:|1782342196
|teamsize|p1|4
|teamsize|p2|4
|start
|switch|p1a: Froslass|Froslass, L50, F|100/100
|switch|p1b: Basculegion|Basculegion, L50, M|100/100
|switch|p2a: Pyroar|Pyroar, L50, M|100/100
|switch|p2b: Farigiraf|Farigiraf, L50, F|100/100
|-ability|p2a: Pyroar|Unnerve
|turn|1
|inactive|Kylliza has 30 seconds left.
|inactive|Whitino has 30 seconds left.
|inactive|Kylliza has 20 seconds left.
|inactive|Whitino has 20 seconds left.
|inactive|Kylliza has 15 seconds left.
|inactive|Kylliza has 10 seconds left.
|
|t:|1782342245
|detailschange|p1a: Froslass|Froslass-Mega, L50, F
|-mega|p1a: Froslass|Froslass|Froslassite
|-weather|Snowscape|[from] ability: Snow Warning|[of] p1a: Froslass
|move|p2a: Pyroar|Protect|p2a: Pyroar
|-singleturn|p2a: Pyroar|Protect
|move|p1b: Basculegion|Wave Crash|p2a: Pyroar
|-activate|p2a: Pyroar|move: Protect
|move|p1a: Froslass|Blizzard|p2b: Farigiraf|[spread] p2b
|-activate|p2a: Pyroar|move: Protect
|-damage|p2b: Farigiraf|62/100
|move|p2b: Farigiraf|Trick Room|p2b: Farigiraf
|-fieldstart|move: Trick Room|[of] p2b: Farigiraf
|
|-weather|Snowscape|[upkeep]
|upkeep
|turn|2
|inactive|Whitino has 30 seconds left.
|
|t:|1782342280
|switch|p2b: Torkoal|Torkoal, L50, F|100/100
|-weather|SunnyDay|[from] ability: Drought|[of] p2b: Torkoal
|detailschange|p2a: Pyroar|Pyroar-Mega, L50, M
|-mega|p2a: Pyroar|Pyroar|Pyroarite
|move|p1a: Froslass|Aurora Veil||[still]
|-fail|p1a: Froslass
|move|p2a: Pyroar|Solar Beam||[still]
|-prepare|p2a: Pyroar|Solar Beam
|-anim|p2a: Pyroar|Solar Beam|p1b: Basculegion
|-supereffective|p1b: Basculegion|1
|-crit|p1b: Basculegion
|-damage|p1b: Basculegion|0 fnt
|faint|p1b: Basculegion
|
|-weather|SunnyDay|[upkeep]
|upkeep
|
|t:|1782342298
|switch|p1b: Sylveon|Sylveon, L50, M|100/100
|turn|3
|
|t:|1782342303
|switch|p1a: Incineroar|Incineroar, L50, M|100/100
|-ability|p1a: Incineroar|Intimidate|boost
|-unboost|p2a: Pyroar|atk|1
|-unboost|p2b: Torkoal|atk|1
|move|p1b: Sylveon|Protect|p1b: Sylveon
|-singleturn|p1b: Sylveon|Protect
|move|p2b: Torkoal|Eruption|p1b: Sylveon|[spread] p1a
|-activate|p1b: Sylveon|move: Protect
|-resisted|p1a: Incineroar|1
|-damage|p1a: Incineroar|66/100
|move|p2a: Pyroar|Heat Wave|p1b: Sylveon|[spread] p1a
|-activate|p1b: Sylveon|move: Protect
|-resisted|p1a: Incineroar|1
|-damage|p1a: Incineroar|34/100
|-enditem|p1a: Incineroar|Sitrus Berry|[eat]
|-heal|p1a: Incineroar|58/100|[from] item: Sitrus Berry
|
|-weather|SunnyDay|[upkeep]
|upkeep
|turn|4
|inactive|Whitino has 30 seconds left.
|inactive|Whitino has 20 seconds left.
|
|t:|1782342342
|switch|p2b: Farigiraf|Farigiraf, L50, F|62/100
|switch|p1b: Froslass|Froslass-Mega, L50, F|100/100
|-weather|Snowscape|[from] ability: Snow Warning|[of] p1b: Froslass
|move|p1a: Incineroar|Fake Out||[still]
|cant|p2b: Farigiraf|ability: Armor Tail|Fake Out|[of] p1a: Incineroar
|move|p2a: Pyroar|Heat Wave|p1b: Froslass|[spread] p1a,p1b
|-resisted|p1a: Incineroar|1
|-supereffective|p1b: Froslass|1
|-damage|p1a: Incineroar|35/100
|-damage|p1b: Froslass|0 fnt
|faint|p1b: Froslass
|
|-weather|Snowscape|[upkeep]
|upkeep
|inactive|Kylliza has 30 seconds left.
|
|t:|1782342374
|switch|p1b: Sylveon|Sylveon, L50, M|100/100
|turn|5
|
|t:|1782342381
|switch|p2b: Torkoal|Torkoal, L50, F|100/100
|-weather|SunnyDay|[from] ability: Drought|[of] p2b: Torkoal
|move|p1a: Incineroar|Flare Blitz|p2b: Torkoal
|-resisted|p2b: Torkoal|1
|-damage|p2b: Torkoal|71/100
|-damage|p1a: Incineroar|27/100|[from] Recoil
|move|p1b: Sylveon|Hyper Voice|p2a: Pyroar|[spread] p2a,p2b
|-resisted|p2a: Pyroar|1
|-resisted|p2b: Torkoal|1
|-damage|p2a: Pyroar|70/100
|-damage|p2b: Torkoal|38/100
|move|p2a: Pyroar|Heat Wave|p1a: Incineroar|[spread] p1b
|-miss|p2a: Pyroar|p1a: Incineroar
|-damage|p1b: Sylveon|27/100
|
|-weather|SunnyDay|[upkeep]
|-fieldend|move: Trick Room
|upkeep
|turn|6
|inactive|Whitino has 30 seconds left.
|
|t:|1782342407
|switch|p2b: Farigiraf|Farigiraf, L50, F|62/100
|move|p2a: Pyroar|Heat Wave|p1b: Sylveon|[spread] p1a,p1b
|-resisted|p1a: Incineroar|1
|-damage|p1a: Incineroar|0 fnt
|-damage|p1b: Sylveon|0 fnt
|faint|p1a: Incineroar
|faint|p1b: Sylveon
|
|win|Whitino
