|j|☆a year without
|j|☆MaxwellBaker
|html|a year withoutMaxwellBaker    
|uhtml|bestof|Game 2 of a best-of-3
|t:|1784839779
|gametype|doubles
|player|p1|a year without|hiker-gen4|1043
|player|p2|MaxwellBaker|102|1107
|gen|9
|tier|[Gen 9 Champions] VGC 2026 Reg M-B (Bo3)
|rated|
|rule|Species Clause: Limit one of each Pokémon
|rule|Item Clause: Limit 1 of each item
|clearpoke
|poke|p1|Sneasler, L50, F|
|poke|p1|Delphox, L50, F|
|poke|p1|Kingambit, L50, M|
|poke|p1|Sinistcha, L50|
|poke|p1|Incineroar, L50, M|
|poke|p1|Blastoise, L50, F|
|poke|p2|Decidueye-Hisui, L50, M|
|poke|p2|Florges, L50, F|
|poke|p2|Raichu, L50, F|
|poke|p2|Incineroar, L50, M|
|poke|p2|Staraptor, L50, F|
|poke|p2|Milotic, L50, F|
|teampreview|4
|showteam|p1|Sneasler||FocusSash|PoisonTouch|PoisonJab,QuickGuard,CloseCombat,FakeOut|Jolly||F|||50|]Delphox||Delphoxite|Blaze|HeatWave,Psychic,NastyPlot,Protect|Timid||F|||50|]Kingambit||BlackGlasses|Defiant|KowtowCleave,SuckerPunch,SwordsDance,Protect|Adamant||M|||50|]Sinistcha||ColburBerry|Hospitality|MatchaGotcha,RagePowder,TrickRoom,Protect|Bold|||||50|]Incineroar||SitrusBerry|Intimidate|FlareBlitz,HelpingHand,PartingShot,FakeOut|Impish||M|||50|]Blastoise||Blastoisinite|RainDish|WaterSpout,DarkPulse,ShellSmash,Protect|Modest||F|||50|
|showteam|p2|Decidueye-Hisui||ScopeLens|Scrappy|TripleArrows,LeafBlade,SuckerPunch,Protect|Jolly||M|||50|]Florges||LifeOrb|FlowerVeil|Moonblast,Psychic,PollenPuff,Protect|Modest||F|||50|]Raichu||RaichuniteY|LightningRod|FakeOut,ZapCannon,FocusBlast,Protect|Timid||F|||50|]Incineroar||SitrusBerry|Intimidate|FakeOut,FlareBlitz,ThroatChop,PartingShot|Careful||M|||50|]Staraptor||Staraptite|Intimidate|BraveBird,CloseCombat,Tailwind,Protect|Jolly||F|||50|]Milotic||Leftovers|Competitive|Scald,IceBeam,Haze,Protect|Bold||F|||50|
|
|t:|1784839806
|teamsize|p1|4
|teamsize|p2|4
|start
|switch|p1a: Blastoise|Blastoise, L50, F|100/100
|switch|p1b: Sneasler|Sneasler, L50, F|100/100
|switch|p2a: Raichu|Raichu, L50, F|100/100
|switch|p2b: Florges|Florges, L50, F|100/100
|turn|1
|
|t:|1784839822
|switch|p1a: Sinistcha|Sinistcha, L50|100/100
|detailschange|p2a: Raichu|Raichu-Mega-Y, L50, F
|-mega|p2a: Raichu|Raichu|Raichunite Y
|move|p2a: Raichu|Fake Out|p1b: Sneasler
|-damage|p1b: Sneasler|86/100
|cant|p1b: Sneasler|flinch
|move|p2b: Florges|Psychic|p1b: Sneasler
|-supereffective|p1b: Sneasler|2
|-damage|p1b: Sneasler|0 fnt
|faint|p1b: Sneasler
|-damage|p2b: Florges|90/100|[from] item: Life Orb
|
|upkeep
|
|t:|1784839828
|switch|p1b: Blastoise|Blastoise, L50, F|100/100
|turn|2
|
|t:|1784839844
|switch|p2b: Milotic|Milotic, L50, F|100/100
|detailschange|p1b: Blastoise|Blastoise-Mega, L50, F
|-mega|p1b: Blastoise|Blastoise|Blastoisinite
|move|p1a: Sinistcha|Rage Powder|p1a: Sinistcha
|-singleturn|p1a: Sinistcha|move: Rage Powder
|move|p2a: Raichu|Zap Cannon|p1a: Sinistcha
|-resisted|p1a: Sinistcha|1
|-damage|p1a: Sinistcha|70/100
|-status|p1a: Sinistcha|par
|move|p1b: Blastoise|Shell Smash|p1b: Blastoise
|-unboost|p1b: Blastoise|def|1
|-unboost|p1b: Blastoise|spd|1
|-boost|p1b: Blastoise|atk|2
|-boost|p1b: Blastoise|spa|2
|-boost|p1b: Blastoise|spe|2
|
|upkeep
|turn|3
|
|t:|1784839862
|move|p2a: Raichu|Protect|p2a: Raichu
|-singleturn|p2a: Raichu|Protect
|move|p1b: Blastoise|Water Spout|p2b: Milotic|[spread] p2b
|-activate|p2a: Raichu|move: Protect
|-resisted|p2b: Milotic|1
|-damage|p2b: Milotic|55/100
|move|p2b: Milotic|Haze|p2b: Milotic
|-clearallboost
|move|p1a: Sinistcha|Matcha Gotcha|p2b: Milotic|[spread] p2b
|-activate|p2a: Raichu|move: Protect
|-supereffective|p2b: Milotic|1
|-damage|p2b: Milotic|22/100
|-heal|p1a: Sinistcha|88/100 par|[from] drain|[of] p2b: Milotic
|
|-heal|p2b: Milotic|28/100|[from] item: Leftovers
|upkeep
|turn|4
|
|t:|1784839889
|switch|p2a: Incineroar|Incineroar, L50, M|100/100
|-ability|p2a: Incineroar|Intimidate|boost
|-unboost|p1a: Sinistcha|atk|1
|-unboost|p1b: Blastoise|atk|1
|move|p1a: Sinistcha|Rage Powder|p1a: Sinistcha
|-singleturn|p1a: Sinistcha|move: Rage Powder
|move|p1b: Blastoise|Shell Smash|p1b: Blastoise
|-unboost|p1b: Blastoise|def|1
|-unboost|p1b: Blastoise|spd|1
|-boost|p1b: Blastoise|atk|2
|-boost|p1b: Blastoise|spa|2
|-boost|p1b: Blastoise|spe|2
|move|p2b: Milotic|Haze|p2b: Milotic
|-clearallboost
|
|-heal|p2b: Milotic|34/100|[from] item: Leftovers
|upkeep
|turn|5
|
|t:|1784839910
|move|p1b: Blastoise|Protect|p1b: Blastoise
|-singleturn|p1b: Blastoise|Protect
|move|p2a: Incineroar|Fake Out|p1b: Blastoise
|-activate|p1b: Blastoise|move: Protect
|move|p2b: Milotic|Ice Beam|p1a: Sinistcha
|-supereffective|p1a: Sinistcha|1
|-damage|p1a: Sinistcha|44/100 par
|move|p1a: Sinistcha|Matcha Gotcha|p2a: Incineroar|[spread] p2a,p2b
|-resisted|p2a: Incineroar|1
|-supereffective|p2b: Milotic|1
|-damage|p2a: Incineroar|91/100
|-heal|p1a: Sinistcha|50/100y par|[from] drain|[of] p2a: Incineroar
|-damage|p2b: Milotic|1/100
|-heal|p1a: Sinistcha|68/100 par|[from] drain|[of] p2b: Milotic
|
|-heal|p2b: Milotic|7/100|[from] item: Leftovers
|upkeep
|turn|6
|
|t:|1784839932
|switch|p2b: Raichu|Raichu-Mega-Y, L50, F|100/100
|move|p1a: Sinistcha|Rage Powder|p1a: Sinistcha
|-singleturn|p1a: Sinistcha|move: Rage Powder
|move|p1b: Blastoise|Shell Smash|p1b: Blastoise
|-unboost|p1b: Blastoise|def|1
|-unboost|p1b: Blastoise|spd|1
|-boost|p1b: Blastoise|atk|2
|-boost|p1b: Blastoise|spa|2
|-boost|p1b: Blastoise|spe|2
|move|p2a: Incineroar|Flare Blitz|p1a: Sinistcha
|-supereffective|p1a: Sinistcha|1
|-damage|p1a: Sinistcha|0 fnt
|faint|p1a: Sinistcha
|-damage|p2a: Incineroar|71/100|[from] Recoil
|
|upkeep
|
|t:|1784839946
|switch|p1a: Kingambit|Kingambit, L50, M|100/100
|turn|7
|
|t:|1784839965
|move|p2b: Raichu|Fake Out|p1b: Blastoise
|-damage|p1b: Blastoise|88/100
|cant|p1b: Blastoise|flinch
|move|p2a: Incineroar|Throat Chop|p1b: Blastoise
|-damage|p1b: Blastoise|38/100
|-start|p1b: Blastoise|Throat Chop|[silent]
|move|p1a: Kingambit|Swords Dance|p1a: Kingambit
|-boost|p1a: Kingambit|atk|2
|
|upkeep
|turn|8
|
|t:|1784839986
|move|p2b: Raichu|Protect|p2b: Raichu
|-singleturn|p2b: Raichu|Protect
|move|p1a: Kingambit|Sucker Punch||[still]
|-fail|p1a: Kingambit
|move|p1b: Blastoise|Water Spout|p2a: Incineroar|[spread] p2a
|-activate|p2b: Raichu|move: Protect
|-supereffective|p2a: Incineroar|1
|-damage|p2a: Incineroar|0 fnt
|faint|p2a: Incineroar
|
|-end|p1b: Blastoise|Throat Chop|[silent]
|upkeep
|
|t:|1784839997
|switch|p2a: Florges|Florges, L50, F|90/100
|turn|9
|
|t:|1784840008
|switch|p2b: Milotic|Milotic, L50, F|7/100
|move|p1a: Kingambit|Sucker Punch||[still]
|-fail|p1a: Kingambit
|move|p1b: Blastoise|Water Spout|p2b: Milotic|[spread] p2a,p2b
|-resisted|p2b: Milotic|1
|-damage|p2a: Florges|52/100
|-damage|p2b: Milotic|0 fnt
|faint|p2b: Milotic
|move|p2a: Florges|Moonblast|p1b: Blastoise
|-damage|p1b: Blastoise|0 fnt
|faint|p1b: Blastoise
|-damage|p2a: Florges|42/100|[from] item: Life Orb
|
|upkeep
|
|t:|1784840021
|switch|p2b: Raichu|Raichu-Mega-Y, L50, F|100/100
|turn|10
|
|t:|1784840032
|move|p1a: Kingambit|Protect|p1a: Kingambit
|-singleturn|p1a: Kingambit|Protect
|move|p2b: Raichu|Fake Out|p1a: Kingambit
|-activate|p1a: Kingambit|move: Protect
|move|p2a: Florges|Moonblast|p1a: Kingambit
|-activate|p1a: Kingambit|move: Protect
|
|upkeep
|turn|11
|
|t:|1784840046
|move|p2b: Raichu|Protect|p2b: Raichu
|-singleturn|p2b: Raichu|Protect
|move|p1a: Kingambit|Sucker Punch|p2a: Florges
|-resisted|p2a: Florges|1
|-crit|p2a: Florges
|-damage|p2a: Florges|0 fnt
|faint|p2a: Florges
|
|upkeep
|turn|12
|
|t:|1784840058
|move|p1a: Kingambit|Sucker Punch|p2b: Raichu
|-damage|p2b: Raichu|0 fnt
|faint|p2b: Raichu
|
|win|a year without
|raw|a year without's rating: 1043 → 1083(+40 for winning)
|raw|MaxwellBaker's rating: 1107 → 1077(-30 for losing)
|c|☆MaxwellBaker|ggs
