|j|☆thedelybird
|j|☆redemption22
|html|thedelybirdredemption22    
|uhtml|bestof|Game 2 of a best-of-3
|t:|1756735170
|gametype|doubles
|player|p1|thedelybird|blue-masters|1269
|player|p2|redemption22|101|1404
|gen|9
|tier|[Gen 9] VGC 2025 Reg H (Bo3)
|rated|
|rule|Species Clause: Limit one of each Pokémon
|rule|Item Clause: Limit 1 of each item
|clearpoke
|poke|p1|Basculegion, L50, M|
|poke|p1|Pelipper, L50, M|
|poke|p1|Archaludon, L50, M|
|poke|p1|Gholdengo, L50|
|poke|p1|Amoonguss, L50, F|
|poke|p1|Incineroar, L50, M|
|poke|p2|Dondozo, L50, M|
|poke|p2|Tatsugiri-Droopy, L50, M|
|poke|p2|Gholdengo, L50|
|poke|p2|Dragonite, L50, M|
|poke|p2|Talonflame, L50, M|
|poke|p2|Sneasler, L50, M|
|teampreview|4
|showteam|p1|Basculegion||ChoiceBand|SwiftSwim|LastRespects,WaveCrash,AquaJet,FlipTurn|||M|||50|,,,,,Grass]Pelipper||FocusSash|Drizzle|Hurricane,WeatherBall,Protect,Tailwind|||M|||50|,,,,,Ghost]Archaludon||AssaultVest|Stamina|ElectroShot,BodyPress,DracoMeteor,FlashCannon|||M|||50|,,,,,Fairy]Gholdengo||MetalCoat|GoodasGold|MakeItRain,ShadowBall,NastyPlot,Protect||||||50|,,,,,Water]Amoonguss||SitrusBerry|EffectSpore|Protect,Spore,RagePowder,PollenPuff|||F|||50|,,,,,Water]Incineroar||SafetyGoggles|Intimidate|FakeOut,FlareBlitz,KnockOff,PartingShot|||M|||50|,,,,,Ghost
|showteam|p2|Dondozo||Leftovers|Unaware|Protect,OrderUp,Earthquake,BodyPress|||M|||50|,,,,,Grass]Tatsugiri-Droopy||ChoiceScarf|Commander|DracoMeteor,MuddyWater,IcyWind,DragonPulse|||M|||50|,,,,,Steel]Gholdengo||ChoiceSpecs|GoodasGold|Thunderbolt,ShadowBall,MakeItRain,PowerGem||||||50|,,,,,Steel]Dragonite||ChoiceBand|InnerFocus|ExtremeSpeed,StompingTantrum,Outrage,IceSpinner|||M|||50|,,,,,Normal]Talonflame||CovertCloak|GaleWings|DualWingbeat,Tailwind,Taunt,FlareBlitz|||M|||50|,,,,,Ghost]Sneasler||FocusSash|PoisonTouch|CloseCombat,FakeOut,DireClaw,ThroatChop|||M|||50|,,,,,Fairy
|inactive|Battle timer is ON: inactive players will automatically lose when time's up. (requested by redemption22)
|inactive|redemption22 has 30 seconds left.
|
|t:|1756735217
|teamsize|p1|4
|teamsize|p2|4
|start
|switch|p1a: Pelipper|Pelipper, L50, M|100/100
|switch|p1b: Basculegion|Basculegion, L50, M|100/100
|switch|p2a: Sneasler|Sneasler, L50, M|100/100
|switch|p2b: Talonflame|Talonflame, L50, M|100/100
|-weather|RainDance|[from] ability: Drizzle|[of] p1a: Pelipper
|turn|1
|inactive|redemption22 has 30 seconds left.
|
|t:|1756735243
|move|p1b: Basculegion|Aqua Jet|p2b: Talonflame
|-supereffective|p2b: Talonflame
|-damage|p2b: Talonflame|0 fnt
|faint|p2b: Talonflame
|move|p2a: Sneasler|Dire Claw|p1a: Pelipper
|-damage|p1a: Pelipper|49/100
|-status|p1a: Pelipper|par
|move|p1a: Pelipper|Tailwind|p1a: Pelipper
|-sidestart|p1: thedelybird|move: Tailwind
|
|-weather|RainDance|[upkeep]
|upkeep
|
|t:|1756735252
|switch|p2b: Dondozo|Dondozo, L50, M|100/100
|turn|2
|
|t:|1756735265
|switch|p2a: Tatsugiri|Tatsugiri-Droopy, L50, M|100/100
|-activate|p2a: Tatsugiri|ability: Commander|[of] p2b: Dondozo
|-boost|p2b: Dondozo|atk|2
|-boost|p2b: Dondozo|spa|2
|-boost|p2b: Dondozo|spe|2
|-boost|p2b: Dondozo|def|2
|-boost|p2b: Dondozo|spd|2
|move|p1b: Basculegion|Aqua Jet|p2a: Tatsugiri|[miss]
|-miss|p1b: Basculegion|p2a: Tatsugiri
|move|p2b: Dondozo|Order Up|p1a: Pelipper
|-damage|p1a: Pelipper|3/100 par
|-boost|p2b: Dondozo|def|1
|move|p1a: Pelipper|Hurricane|p2b: Dondozo
|-damage|p2b: Dondozo|79/100
|
|-weather|RainDance|[upkeep]
|-heal|p2b: Dondozo|86/100|[from] item: Leftovers
|upkeep
|turn|3
|
|t:|1756735283
|switch|p1b: Archaludon|Archaludon, L50, M|100/100
|cant|p1a: Pelipper|par
|move|p2b: Dondozo|Order Up|p1a: Pelipper
|-damage|p1a: Pelipper|0 fnt
|faint|p1a: Pelipper
|-boost|p2b: Dondozo|def|1
|
|-weather|RainDance|[upkeep]
|-heal|p2b: Dondozo|92/100|[from] item: Leftovers
|upkeep
|
|t:|1756735291
|switch|p1a: Amoonguss|Amoonguss, L50, F|100/100
|turn|4
|
|t:|1756735299
|move|p2b: Dondozo|Protect|p2b: Dondozo
|-singleturn|p2b: Dondozo|Protect
|move|p1a: Amoonguss|Rage Powder|p1a: Amoonguss
|-singleturn|p1a: Amoonguss|move: Rage Powder
|move|p1b: Archaludon|Draco Meteor|p2b: Dondozo
|-activate|p2b: Dondozo|move: Protect
|
|-weather|RainDance|[upkeep]
|-heal|p2b: Dondozo|98/100|[from] item: Leftovers
|-sideend|p1: thedelybird|move: Tailwind
|upkeep
|turn|5
|
|t:|1756735311
|-terastallize|p2b: Dondozo|Grass
|-terastallize|p1b: Archaludon|Fairy
|move|p2b: Dondozo|Earthquake|p1a: Amoonguss|[spread] p1a,p1b
|-miss|p2b: Dondozo|p2a: Tatsugiri
|-damage|p1a: Amoonguss|66/100
|-damage|p1b: Archaludon|75/100
|-ability|p1b: Archaludon|Stamina|boost
|-boost|p1b: Archaludon|def|1
|move|p1b: Archaludon|Draco Meteor|p2b: Dondozo
|-damage|p2b: Dondozo|72/100
|-unboost|p1b: Archaludon|spa|2
|move|p1a: Amoonguss|Pollen Puff|p1b: Archaludon
|-heal|p1b: Archaludon|100/100
|
|-weather|none
|-heal|p2b: Dondozo|78/100|[from] item: Leftovers
|upkeep
|turn|6
|
|t:|1756735330
|move|p1a: Amoonguss|Protect|p1a: Amoonguss
|-singleturn|p1a: Amoonguss|Protect
|move|p2b: Dondozo|Order Up|p1a: Amoonguss
|-activate|p1a: Amoonguss|move: Protect
|move|p1b: Archaludon|Draco Meteor|p2b: Dondozo
|-damage|p2b: Dondozo|51/100
|-unboost|p1b: Archaludon|spa|2
|
|-heal|p2b: Dondozo|57/100|[from] item: Leftovers
|upkeep
|turn|7
|
|t:|1756735340
|move|p2b: Dondozo|Order Up|p1a: Amoonguss
|-damage|p1a: Amoonguss|31/100
|-enditem|p1a: Amoonguss|Sitrus Berry|[eat]
|-heal|p1a: Amoonguss|56/100|[from] item: Sitrus Berry
|-boost|p2b: Dondozo|def|1
|move|p1b: Archaludon|Draco Meteor|p2b: Dondozo
|-damage|p2b: Dondozo|33/100
|-unboost|p1b: Archaludon|spa|2
|move|p1a: Amoonguss|Pollen Puff|p2b: Dondozo
|-supereffective|p2b: Dondozo
|-damage|p2b: Dondozo|17/100
|
|-heal|p2b: Dondozo|23/100|[from] item: Leftovers
|upkeep
|turn|8
|
|t:|1756735355
|move|p2b: Dondozo|Protect|p2b: Dondozo
|-singleturn|p2b: Dondozo|Protect
|move|p1a: Amoonguss|Protect|p1a: Amoonguss
|-singleturn|p1a: Amoonguss|Protect
|move|p1b: Archaludon|Draco Meteor|p2b: Dondozo
|-activate|p2b: Dondozo|move: Protect
|
|-heal|p2b: Dondozo|29/100|[from] item: Leftovers
|upkeep
|turn|9
|
|t:|1756735363
|move|p2b: Dondozo|Order Up|p1a: Amoonguss
|-damage|p1a: Amoonguss|19/100
|-boost|p2b: Dondozo|def|1
|move|p1b: Archaludon|Draco Meteor|p2b: Dondozo
|-damage|p2b: Dondozo|4/100
|move|p1a: Amoonguss|Pollen Puff|p2b: Dondozo
|-supereffective|p2b: Dondozo
|-damage|p2b: Dondozo|0 fnt
|faint|p2b: Dondozo
|
|upkeep
|
|t:|1756735367
|switch|p2b: Sneasler|Sneasler, L50, M|100/100
|turn|10
|
|t:|1756735380
|switch|p1a: Basculegion|Basculegion, L50, M|100/100
|move|p2a: Tatsugiri|Muddy Water|p1b: Archaludon|[spread] p1a,p1b
|-resisted|p1a: Basculegion
|-damage|p1a: Basculegion|84/100
|-damage|p1b: Archaludon|76/100
|-unboost|p1a: Basculegion|accuracy|1
|-ability|p1b: Archaludon|Stamina|boost
|-boost|p1b: Archaludon|def|1
|move|p2b: Sneasler|Dire Claw|p1b: Archaludon
|-supereffective|p1b: Archaludon
|-damage|p1b: Archaludon|42/100
|-ability|p1b: Archaludon|Stamina|boost
|-boost|p1b: Archaludon|def|1
|move|p1b: Archaludon|Draco Meteor|p2a: Tatsugiri
|-supereffective|p2a: Tatsugiri
|-damage|p2a: Tatsugiri|62/100
|
|upkeep
|turn|11
|inactive|thedelybird has 30 seconds left.
|
|t:|1756735407
|move|p2a: Tatsugiri|Muddy Water|p1a: Basculegion|[spread] p1a,p1b
|-resisted|p1a: Basculegion
|-damage|p1a: Basculegion|66/100
|-damage|p1b: Archaludon|18/100
|-unboost|p1a: Basculegion|accuracy|1
|-unboost|p1b: Archaludon|accuracy|1
|-ability|p1b: Archaludon|Stamina|boost
|-boost|p1b: Archaludon|def|1
|move|p2b: Sneasler|Throat Chop|p1a: Basculegion
|-supereffective|p1a: Basculegion
|-damage|p1a: Basculegion|0 fnt
|faint|p1a: Basculegion
|move|p1b: Archaludon|Body Press|p2a: Tatsugiri
|-damage|p2a: Tatsugiri|0 fnt
|faint|p2a: Tatsugiri
|
|upkeep
|
|t:|1756735410
|switch|p1a: Amoonguss|Amoonguss, L50, F|19/100
|turn|12
|
|t:|1756735430
|move|p2b: Sneasler|Dire Claw|p1b: Archaludon
|-supereffective|p1b: Archaludon
|-damage|p1b: Archaludon|0 fnt
|faint|p1b: Archaludon
|move|p1a: Amoonguss|Spore|p2b: Sneasler
|-status|p2b: Sneasler|slp|[from] move: Spore
|
|upkeep
|turn|13
|
|t:|1756735439
|cant|p2b: Sneasler|slp
|move|p1a: Amoonguss|Pollen Puff|p2b: Sneasler
|-resisted|p2b: Sneasler
|-damage|p2b: Sneasler|94/100 slp
|
|upkeep
|turn|14
|
|t:|1756735445
|cant|p2b: Sneasler|slp
|move|p1a: Amoonguss|Pollen Puff|p2b: Sneasler
|-resisted|p2b: Sneasler
|-damage|p2b: Sneasler|88/100 slp
|
|upkeep
|turn|15
|-message|thedelybird forfeited.
|
|win|redemption22
|raw|thedelybird's rating: 1269 → 1253(-16 for losing)
|raw|redemption22's rating: 1404 → 1417(+13 for winning)
|l|☆thedelybird
|player|p1|
|j|☆thedelybird
|player|p1|thedelybird|blue-masters|
