|j|☆natsukivgc
|j|☆ui90op
|html|natsukivgcui90op    
|uhtml|bestof|Game 3 of a best-of-3
|t:|1785399706
|gametype|doubles
|player|p1|natsukivgc|1|1247
|player|p2|ui90op|pokemonbreeder-gen4|1256
|gen|9
|tier|[Gen 9 Champions] VGC 2026 Reg M-B (Bo3)
|rated|
|rule|Species Clause: Limit one of each Pokémon
|rule|Item Clause: Limit 1 of each item
|clearpoke
|poke|p1|Garchomp, L50, M|
|poke|p1|Venusaur, L50, M|
|poke|p1|Incineroar, L50, M|
|poke|p1|Charizard, L50, F|
|poke|p1|Toxapex, L50, F|
|poke|p1|Annihilape, L50, F|
|poke|p2|Altaria, L50, M|
|poke|p2|Toxapex, L50, F|
|poke|p2|Incineroar, L50, M|
|poke|p2|Floette-Eternal, L50, F|
|poke|p2|Sinistcha-Masterpiece, L50|
|poke|p2|Manectric, L50, F|
|teampreview|4
|showteam|p1|Garchomp||ChoiceScarf|RoughSkin|Earthquake,DragonClaw,StompingTantrum,RockSlide|Adamant||M|||50|]Venusaur||LifeOrb|Chlorophyll|SolarBeam,SludgeBomb,EarthPower,Protect|Modest||M|||50|]Incineroar||SitrusBerry|Intimidate|FlareBlitz,ThroatChop,FakeOut,PartingShot|Impish||M|||50|]Charizard||CharizarditeY|Blaze|HeatWave,WeatherBall,HelpingHand,Protect|Modest||F|||50|]Toxapex||Leftovers|Regenerator|Infestation,Toxic,WideGuard,BanefulBunker|Bold||F|||50|]Annihilape||FocusSash|Defiant|CloseCombat,PhantomForce,StealthRock,Protect|Jolly||F|||50|
|showteam|p2|Altaria||RoseliBerry|CloudNine|WillOWisp,BraveBird,Tailwind,Protect|Impish||M|||50|]Toxapex||Leftovers|Regenerator|WideGuard,Toxic,Infestation,Protect|Bold||F|||50|]Incineroar||PasshoBerry|Intimidate|FakeOut,PartingShot,FlareBlitz,DarkestLariat|Impish||M|||50|]Floette-Eternal||Floettite|FlowerVeil|CalmMind,DazzlingGleam,Moonblast,Protect|Bold||F|||50|]Sinistcha-Masterpiece||SitrusBerry|Hospitality|MatchaGotcha,RagePowder,CalmMind,Protect|Bold|||||50|]Manectric||Manectite|LightningRod|VoltSwitch,Overheat,Snarl,Protect|Timid||F|||50|
|
|t:|1785399731
|teamsize|p1|4
|teamsize|p2|4
|start
|switch|p1a: Toxapex|Toxapex, L50, F|100/100
|switch|p1b: Incineroar|Incineroar, L50, M|100/100
|switch|p2a: Manectric|Manectric, L50, F|100/100
|switch|p2b: Toxapex|Toxapex, L50, F|100/100
|-ability|p1b: Incineroar|Intimidate|boost
|-unboost|p2a: Manectric|atk|1
|-unboost|p2b: Toxapex|atk|1
|turn|1
|
|t:|1785399762
|move|p2a: Manectric|Protect|p2a: Manectric
|-singleturn|p2a: Manectric|Protect
|move|p2b: Toxapex|Protect|p2b: Toxapex
|-singleturn|p2b: Toxapex|Protect
|move|p1a: Toxapex|Baneful Bunker|p1a: Toxapex
|-singleturn|p1a: Toxapex|move: Protect
|move|p1b: Incineroar|Fake Out|p2b: Toxapex
|-activate|p2b: Toxapex|move: Protect
|
|upkeep
|turn|2
|
|t:|1785399803
|switch|p1b: Venusaur|Venusaur, L50, M|100/100
|detailschange|p2a: Manectric|Manectric-Mega, L50, F
|-mega|p2a: Manectric|Manectric|Manectite
|-ability|p2a: Manectric|Intimidate|boost
|-unboost|p1a: Toxapex|atk|1
|-unboost|p1b: Venusaur|atk|1
|move|p2a: Manectric|Volt Switch|p1a: Toxapex
|-supereffective|p1a: Toxapex|1
|-damage|p1a: Toxapex|46/100
|
|t:|1785399816
|switch|p2a: Sinistcha|Sinistcha-Masterpiece, L50|100/100|[from] Volt Switch
|move|p2b: Toxapex|Infestation|p1a: Toxapex
|-resisted|p1a: Toxapex|1
|-damage|p1a: Toxapex|45/100
|-activate|p1a: Toxapex|move: Infestation|[of] p2b: Toxapex
|move|p1a: Toxapex|Infestation|p2b: Toxapex
|-resisted|p2b: Toxapex|1
|-damage|p2b: Toxapex|98/100
|-activate|p2b: Toxapex|move: Infestation|[of] p1a: Toxapex
|
|-heal|p2b: Toxapex|100/100|[from] item: Leftovers
|-heal|p1a: Toxapex|50/100g|[from] item: Leftovers
|-damage|p1a: Toxapex|38/100|[from] move: Infestation|[partiallytrapped]
|-damage|p2b: Toxapex|87/100|[from] move: Infestation|[partiallytrapped]
|upkeep
|turn|3
|
|t:|1785399853
|move|p2b: Toxapex|Protect|p2b: Toxapex
|-singleturn|p2b: Toxapex|Protect
|move|p1b: Venusaur|Sludge Bomb|p2a: Sinistcha
|-damage|p2a: Sinistcha|48/100
|-enditem|p2a: Sinistcha|Sitrus Berry|[eat]
|-heal|p2a: Sinistcha|73/100|[from] item: Sitrus Berry
|-damage|p1b: Venusaur|90/100|[from] item: Life Orb
|move|p2a: Sinistcha|Calm Mind|p2a: Sinistcha
|-boost|p2a: Sinistcha|spa|1
|-boost|p2a: Sinistcha|spd|1
|move|p1a: Toxapex|Toxic|p2a: Sinistcha
|-status|p2a: Sinistcha|tox
|
|-heal|p1a: Toxapex|44/100|[from] item: Leftovers
|-heal|p2b: Toxapex|93/100|[from] item: Leftovers
|-damage|p2a: Sinistcha|67/100 tox|[from] psn
|-damage|p1a: Toxapex|32/100|[from] move: Infestation|[partiallytrapped]
|-damage|p2b: Toxapex|81/100|[from] move: Infestation|[partiallytrapped]
|upkeep
|turn|4
|
|t:|1785399885
|switch|p1b: Incineroar|Incineroar, L50, M|100/100
|-ability|p1b: Incineroar|Intimidate|boost
|-unboost|p2a: Sinistcha|atk|1
|-unboost|p2b: Toxapex|atk|1
|move|p2a: Sinistcha|Matcha Gotcha|p1b: Incineroar|[spread] p1a,p1b
|-resisted|p1b: Incineroar|1
|-damage|p1a: Toxapex|1/100
|-heal|p2a: Sinistcha|80/100 tox|[from] drain|[of] p1a: Toxapex
|-damage|p1b: Incineroar|84/100
|-heal|p2a: Sinistcha|89/100 tox|[from] drain|[of] p1b: Incineroar
|-status|p1a: Toxapex|brn
|move|p1a: Toxapex|Infestation|p2a: Sinistcha
|-damage|p2a: Sinistcha|87/100 tox
|-activate|p2a: Sinistcha|move: Infestation|[of] p1a: Toxapex
|move|p2b: Toxapex|Infestation|p1b: Incineroar
|-damage|p1b: Incineroar|81/100
|-activate|p1b: Incineroar|move: Infestation|[of] p2b: Toxapex
|
|-heal|p2b: Toxapex|87/100|[from] item: Leftovers
|-heal|p1a: Toxapex|7/100 brn|[from] item: Leftovers
|-damage|p2a: Sinistcha|75/100 tox|[from] psn
|-damage|p1a: Toxapex|1/100 brn|[from] brn
|-damage|p2a: Sinistcha|62/100 tox|[from] move: Infestation|[partiallytrapped]
|-damage|p1b: Incineroar|68/100|[from] move: Infestation|[partiallytrapped]
|-damage|p2b: Toxapex|75/100|[from] move: Infestation|[partiallytrapped]
|-damage|p1a: Toxapex|0 fnt|[from] move: Infestation|[partiallytrapped]
|faint|p1a: Toxapex
|upkeep
|j| gastero
|l| gastero
|
|t:|1785399910
|switch|p1a: Venusaur|Venusaur, L50, M|90/100
|turn|5
|
|t:|1785399933
|switch|p2a: Manectric|Manectric-Mega, L50, F|100/100
|-ability|p2a: Manectric|Intimidate|boost
|-unboost|p1a: Venusaur|atk|1
|-unboost|p1b: Incineroar|atk|1
|-heal|p2b: Toxapex|100/100|[from] ability: Regenerator|[silent]
|switch|p2b: Altaria|Altaria, L50, M|100/100
|-ability|p2b: Altaria|Cloud Nine
|move|p1a: Venusaur|Protect|p1a: Venusaur
|-singleturn|p1a: Venusaur|Protect
|move|p1b: Incineroar|Flare Blitz|p2a: Manectric
|-damage|p2a: Manectric|63/100
|-damage|p1b: Incineroar|58/100|[from] Recoil
|
|-end|p1b: Incineroar|Infestation|[partiallytrapped]|[silent]
|upkeep
|turn|6
|
|t:|1785399962
|move|p1a: Venusaur|Protect||[still]
|-fail|p1a: Venusaur
|move|p2a: Manectric|Volt Switch|p1a: Venusaur
|-resisted|p1a: Venusaur|1
|-damage|p1a: Venusaur|73/100
|
|t:|1785399968
|switch|p2a: Toxapex|Toxapex, L50, F|100/100|[from] Volt Switch
|move|p2b: Altaria|Brave Bird|p1a: Venusaur
|-supereffective|p1a: Venusaur|1
|-damage|p1a: Venusaur|0 fnt
|faint|p1a: Venusaur
|-damage|p2b: Altaria|77/100|[from] Recoil
|move|p1b: Incineroar|Parting Shot|p2a: Toxapex
|-unboost|p2a: Toxapex|atk|1
|-unboost|p2a: Toxapex|spa|1
|-message|natsukivgc forfeited.
|
|win|ui90op
|raw|natsukivgc's rating: 1247 → 1223(-24 for losing)
|raw|ui90op's rating: 1256 → 1280(+24 for winning)
