|j|☆bonczy
|j|☆Someoneofficial
|html|bonczySomeoneofficial    
|uhtml|bestof|Game 1 of a best-of-3
|t:|1784152117
|gametype|doubles
|player|p1|bonczy|blue-lgpe|
|player|p2|Someoneofficial|gentleman-gen4|
|gen|9
|tier|[Gen 9 Champions] VGC 2026 Reg M-B (Bo3)
|rule|Species Clause: Limit one of each Pokémon
|rule|Item Clause: Limit 1 of each item
|clearpoke
|poke|p1|Metagross, L50|
|poke|p1|Raichu, L50, F|
|poke|p1|Grimmsnarl, L50, M|
|poke|p1|Sinistcha, L50|
|poke|p1|Basculegion, L50, M|
|poke|p1|Pelipper, L50, M|
|poke|p2|Floette-Eternal, L50, F|
|poke|p2|Grimmsnarl, L50, M, shiny|
|poke|p2|Basculegion, L50, M, shiny|
|poke|p2|Sneasler, L50, M, shiny|
|poke|p2|Garchomp, L50, M, shiny|
|poke|p2|Charizard, L50, M, shiny|
|teampreview|4
|showteam|p1|Metagross||Metagrossite|ClearBody|MeteorMash,ZenHeadbutt,BrickBreak,Protect|Adamant|||||50|]Raichu||RaichuniteY|LightningRod|ZapCannon,Electroweb,FocusBlast,Protect|Timid||F|||50|]Grimmsnarl||LightClay|Prankster|SpiritBreak,SuckerPunch,LightScreen,Reflect|Adamant||M|||50|]Sinistcha||ColburBerry|Hospitality|MatchaGotcha,ShadowBall,LifeDew,Protect|Bold|||||50|]Basculegion||ChoiceScarf|Adaptability|LastRespects,WaveCrash,Liquidation,FlipTurn|Jolly||M|||50|]Pelipper||DampRock|Drizzle|Hurricane,WeatherBall,Tailwind,Protect|Calm||M|||50|
|showteam|p2|Floette-Eternal||Floettite|FlowerVeil|Moonblast,Protect,LightofRuin,DazzlingGleam|Timid||F|||50|]Grimmsnarl||LightClay|Prankster|LightScreen,Reflect,PartingShot,SpiritBreak|Impish||M|||50|]Basculegion||ChoiceScarf|Adaptability|WaveCrash,LastRespects,AquaJet,FlipTurn|Jolly||M|||50|]Sneasler||FocusSash|PoisonTouch|FakeOut,CloseCombat,DireClaw,Protect|Jolly||M|||50|]Garchomp||LifeOrb|RoughSkin|DragonClaw,StompingTantrum,RockSlide,Protect|Jolly||M|||50|]Charizard||CharizarditeY|Blaze|Protect,SolarBeam,WeatherBall,HeatWave|Timid||M|||50|
|c|☆bonczy|glhf
|
|t:|1784152191
|teamsize|p1|4
|teamsize|p2|4
|start
|switch|p1a: SURPRISE 2|Grimmsnarl, L50, M|100/100
|switch|p1b: Basculegion|Basculegion, L50, M|100/100
|switch|p2a: Sneasler|Sneasler, L50, M, shiny|100/100
|switch|p2b: Garchomp|Garchomp, L50, M, shiny|100/100
|turn|1
|
|t:|1784152227
|switch|p1a: Rain Summoner|Pelipper, L50, M|100/100
|-weather|RainDance|[from] ability: Drizzle|[of] p1a: Rain Summoner
|move|p2a: Sneasler|Fake Out|p1a: Rain Summoner
|-damage|p1a: Rain Summoner|85/100
|-status|p1a: Rain Summoner|psn|[from] ability: Poison Touch|[of] p2a: Sneasler
|move|p1b: Basculegion|Flip Turn|p2a: Sneasler
|-enditem|p2a: Sneasler|Focus Sash
|-damage|p2a: Sneasler|1/100
|
|t:|1784152238
|switch|p1b: SURPRISE 2|Grimmsnarl, L50, M|100/100|[from] Flip Turn
|move|p2b: Garchomp|Dragon Claw|p1b: SURPRISE 2
|-immune|p1b: SURPRISE 2
|
|-weather|RainDance|[upkeep]
|-damage|p1a: Rain Summoner|73/100 psn|[from] psn
|upkeep
|turn|2
|
|t:|1784152268
|move|p1b: SURPRISE 2|Reflect|p1b: SURPRISE 2
|-sidestart|p1: bonczy|Reflect
|move|p2a: Sneasler|Dire Claw|p1b: SURPRISE 2
|-supereffective|p1b: SURPRISE 2|1
|-damage|p1b: SURPRISE 2|30/100
|-status|p1b: SURPRISE 2|psn|[from] ability: Poison Touch|[of] p2a: Sneasler
|move|p2b: Garchomp|Rock Slide|p1b: SURPRISE 2|[spread] p1a,p1b
|-supereffective|p1a: Rain Summoner|1
|-damage|p1a: Rain Summoner|38/100 psn
|-damage|p1b: SURPRISE 2|8/100 psn
|-damage|p2b: Garchomp|90/100|[from] item: Life Orb
|cant|p1a: Rain Summoner|flinch
|
|-weather|RainDance|[upkeep]
|-damage|p1a: Rain Summoner|26/100 psn|[from] psn
|-damage|p1b: SURPRISE 2|0 fnt|[from] psn
|faint|p1b: SURPRISE 2
|upkeep
|
|t:|1784152284
|switch|p1b: Basculegion|Basculegion, L50, M|100/100
|turn|3
|
|t:|1784152306
|move|p1a: Rain Summoner|Protect|p1a: Rain Summoner
|-singleturn|p1a: Rain Summoner|Protect
|move|p1b: Basculegion|Wave Crash|p2b: Garchomp
|-damage|p2b: Garchomp|0 fnt
|-damage|p1b: Basculegion|87/100|[from] ability: Rough Skin|[of] p2b: Garchomp
|faint|p2b: Garchomp
|-damage|p1b: Basculegion|59/100|[from] Recoil
|move|p2a: Sneasler|Dire Claw|p1b: Basculegion
|-resisted|p1b: Basculegion|1
|-damage|p1b: Basculegion|41/100
|
|-weather|RainDance|[upkeep]
|-damage|p1a: Rain Summoner|14/100 psn|[from] psn
|upkeep
|
|t:|1784152319
|switch|p2b: Charizard|Charizard, L50, M, shiny|100/100
|turn|4
|
|t:|1784152359
|switch|p2a: Basculegion|Basculegion, L50, M, shiny|100/100
|detailschange|p2b: Charizard|Charizard-Mega-Y, L50, M, shiny
|-mega|p2b: Charizard|Charizard|Charizardite Y
|-weather|SunnyDay|[from] ability: Drought|[of] p2b: Charizard
|move|p1b: Basculegion|Wave Crash|p2b: Charizard
|-supereffective|p2b: Charizard|1
|-damage|p2b: Charizard|0 fnt
|faint|p2b: Charizard
|-damage|p1b: Basculegion|14/100|[from] Recoil
|move|p1a: Rain Summoner|Tailwind|p1a: Rain Summoner
|-sidestart|p1: bonczy|move: Tailwind
|
|-weather|SunnyDay|[upkeep]
|-damage|p1a: Rain Summoner|2/100 psn|[from] psn
|upkeep
|
|t:|1784152368
|switch|p2b: Sneasler|Sneasler, L50, M, shiny|1/100
|turn|5
|
|t:|1784152414
|switch|p1b: RTX 8090 Ti|Metagross, L50|100/100
|move|p2b: Sneasler|Protect|p2b: Sneasler
|-singleturn|p2b: Sneasler|Protect
|move|p2a: Basculegion|Last Respects|p1b: RTX 8090 Ti
|-supereffective|p1b: RTX 8090 Ti|1
|-damage|p1b: RTX 8090 Ti|1/100
|move|p1a: Rain Summoner|Weather Ball|p2b: Sneasler
|-activate|p2b: Sneasler|move: Protect
|
|-weather|SunnyDay|[upkeep]
|-damage|p1a: Rain Summoner|0 fnt|[from] psn
|faint|p1a: Rain Summoner
|upkeep
|
|t:|1784152422
|switch|p1a: Basculegion|Basculegion, L50, M|14/100
|turn|6
|
|t:|1784152438
|detailschange|p1b: RTX 8090 Ti|Metagross-Mega, L50
|-mega|p1b: RTX 8090 Ti|Metagross|Metagrossite
|move|p1a: Basculegion|Last Respects|p2a: Basculegion
|-supereffective|p2a: Basculegion|1
|-damage|p2a: Basculegion|0 fnt
|faint|p2a: Basculegion
|move|p1b: RTX 8090 Ti|Brick Break|p2b: Sneasler
|-resisted|p2b: Sneasler|1
|-damage|p2b: Sneasler|0 fnt
|faint|p2b: Sneasler
|
|win|bonczy
||Someoneofficial is ready for game 2.
|c|☆bonczy|gg
||bonczy is ready for game 2.
|uhtml|next|Next: Game 2 of 3
