|j|☆jANMxRin
|j|☆SomeKidJon
|html|jANMxRinSomeKidJon    
|uhtml|bestof|Game 1 of a best-of-3
|t:|1783030919
|gametype|doubles
|player|p1|jANMxRin|2|1163
|player|p2|SomeKidJon|scientistf|1227
|gen|9
|tier|[Gen 9 Champions] VGC 2026 Reg M-B (Bo3)
|rated|
|rule|Species Clause: Limit one of each Pokémon
|rule|Item Clause: Limit 1 of each item
|clearpoke
|poke|p1|Delphox, L50, F|
|poke|p1|Floette-Eternal, L50, F|
|poke|p1|Sinistcha, L50|
|poke|p1|Kingambit, L50, F|
|poke|p1|Sneasler, L50, F|
|poke|p1|Incineroar, L50, M|
|poke|p2|Camerupt, L50, F|
|poke|p2|Farigiraf, L50, M|
|poke|p2|Primarina, L50, M|
|poke|p2|Scrafty, L50, F|
|poke|p2|Hatterene, L50, F|
|poke|p2|Grimmsnarl, L50, M|
|teampreview|4
|showteam|p1|Delphox||Delphoxite|Blaze|HeatWave,Psyshock,NastyPlot,Protect|Timid||F|||50|]Floette-Eternal||Floettite|FlowerVeil|Moonblast,DazzlingGleam,CalmMind,Protect|Modest||F|||50|]Sinistcha||KasibBerry|Hospitality|MatchaGotcha,RagePowder,TrickRoom,Protect|Bold|||||50|]Kingambit||BlackGlasses|Defiant|KowtowCleave,SuckerPunch,SwordsDance,Protect|Adamant||F|||50|]Sneasler||FocusSash|PoisonTouch|FakeOut,CloseCombat,DireClaw,QuickGuard|Jolly||F|||50|]Incineroar||SitrusBerry|Intimidate|PartingShot,FlareBlitz,ThroatChop,FakeOut|Impish||M|||50|
|showteam|p2|Camerupt||Cameruptite|SolidRock|AncientPower,HeatWave,EarthPower,Protect|Quiet||F|||50|]Farigiraf||SitrusBerry|ArmorTail|Protect,HelpingHand,TrickRoom,DazzlingGleam|Bold||M|||50|]Primarina||Leftovers|LiquidVoice|HyperVoice,Protect,Moonblast,CalmMind|Modest||M|||50|]Scrafty||Scraftinite|Intimidate|FakeOut,CloseCombat,IronHead,ThroatChop|Brave||F|||50|]Hatterene||LifeOrb|MagicBounce|Psychic,Protect,DazzlingGleam,TrickRoom|Quiet||F|||50|]Grimmsnarl||LightClay|Prankster|FoulPlay,PartingShot,Reflect,LightScreen|Careful||M|||50|
|
|t:|1783030944
|teamsize|p1|4
|teamsize|p2|4
|start
|switch|p1a: Floette|Floette-Eternal, L50, F|100/100
|switch|p1b: Kingambit|Kingambit, L50, F|100/100
|switch|p2a: Scrafty|Scrafty, L50, F|100/100
|switch|p2b: Hatterene|Hatterene, L50, F|100/100
|-ability|p2a: Scrafty|Intimidate|boost
|-unboost|p1a: Floette|atk|1
|-unboost|p1b: Kingambit|atk|1
|-ability|p1b: Kingambit|Defiant|boost
|-boost|p1b: Kingambit|atk|2
|turn|1
|
|t:|1783030955
|detailschange|p1a: Floette|Floette-Mega, L50, F
|-mega|p1a: Floette|Floette|Floettite
|-ability|p1a: Floette|Fairy Aura
|move|p2a: Scrafty|Fake Out|p1b: Kingambit
|-resisted|p1b: Kingambit|1
|-damage|p1b: Kingambit|95/100
|move|p1a: Floette|Dazzling Gleam|p2a: Scrafty|[spread] p2a,p2b
|-supereffective|p2a: Scrafty|2
|-damage|p2a: Scrafty|0 fnt
|-damage|p2b: Hatterene|46/100
|faint|p2a: Scrafty
|cant|p1b: Kingambit|flinch
|move|p2b: Hatterene|Trick Room|p2b: Hatterene
|-fieldstart|move: Trick Room|[of] p2b: Hatterene
|
|upkeep
|
|t:|1783030957
|switch|p2a: Camerupt|Camerupt, L50, F|100/100
|turn|2
|
|t:|1783030995
|switch|p2b: Farigiraf|Farigiraf, L50, M|100/100
|detailschange|p2a: Camerupt|Camerupt-Mega, L50, F
|-mega|p2a: Camerupt|Camerupt|Cameruptite
|move|p1b: Kingambit|Protect|p1b: Kingambit
|-singleturn|p1b: Kingambit|Protect
|move|p2a: Camerupt|Earth Power|p1b: Kingambit
|-activate|p1b: Kingambit|move: Protect
|move|p1a: Floette|Dazzling Gleam|p2b: Farigiraf|[spread] p2a,p2b
|-resisted|p2a: Camerupt|1
|-damage|p2a: Camerupt|76/100
|-damage|p2b: Farigiraf|55/100
|
|upkeep
|turn|3
|
|t:|1783031015
|move|p2b: Farigiraf|Helping Hand|p2a: Camerupt
|-singleturn|p2a: Camerupt|Helping Hand|[of] p2b: Farigiraf
|move|p2a: Camerupt|Heat Wave|p1b: Kingambit|[spread] p1a,p1b
|-supereffective|p1b: Kingambit|1
|-damage|p1a: Floette|22/100
|-damage|p1b: Kingambit|0 fnt
|faint|p1b: Kingambit
|move|p1a: Floette|Moonblast|p2b: Farigiraf
|-damage|p2b: Farigiraf|0 fnt
|faint|p2b: Farigiraf
|
|upkeep
|
|t:|1783031022
|switch|p1b: Sinistcha|Sinistcha, L50|100/100
|switch|p2b: Hatterene|Hatterene, L50, F|46/100
|-heal|p1a: Floette|47/100|[from] ability: Hospitality|[of] p1b: Sinistcha
|turn|4
|
|t:|1783031043
|switch|p1b: Incineroar|Incineroar, L50, M|100/100
|-ability|p1b: Incineroar|Intimidate|boost
|-unboost|p2a: Camerupt|atk|1
|-unboost|p2b: Hatterene|atk|1
|move|p1a: Floette|Protect|p1a: Floette
|-singleturn|p1a: Floette|Protect
|move|p2a: Camerupt|Earth Power|p1b: Incineroar
|-supereffective|p1b: Incineroar|1
|-damage|p1b: Incineroar|0 fnt
|faint|p1b: Incineroar
|move|p2b: Hatterene|Dazzling Gleam|p1a: Floette
|-activate|p1a: Floette|move: Protect
|
|upkeep
|
|t:|1783031055
|switch|p1b: Sinistcha|Sinistcha, L50|100/100
|-heal|p1a: Floette|72/100|[from] ability: Hospitality|[of] p1b: Sinistcha
|turn|5
|
|t:|1783031073
|move|p2a: Camerupt|Heat Wave|p1a: Floette|[spread] p1a,p1b
|-supereffective|p1b: Sinistcha|1
|-damage|p1a: Floette|23/100
|-damage|p1b: Sinistcha|0 fnt
|faint|p1b: Sinistcha
|move|p2b: Hatterene|Dazzling Gleam|p1a: Floette
|-damage|p1a: Floette|0 fnt
|faint|p1a: Floette
|-damage|p2b: Hatterene|36/100|[from] item: Life Orb
|
|win|SomeKidJon
