|j|☆aahshxgw
|j|☆Arahelis
|html|aahshxgwArahelis    
|uhtml|bestof|Game 1 of a best-of-3
|t:|1783512132
|gametype|doubles
|player|p1|aahshxgw|265|1000
|player|p2|Arahelis|sailor|1000
|gen|9
|tier|[Gen 9 Champions] VGC 2026 Reg M-B (Bo3)
|rated|
|rule|Species Clause: Limit one of each Pokémon
|rule|Item Clause: Limit 1 of each item
|clearpoke
|poke|p1|Drampa, L50, M, shiny|
|poke|p1|Mawile, L50, M|
|poke|p1|Sinistcha, L50|
|poke|p1|Farigiraf, L50, F|
|poke|p1|Torkoal, L50, F|
|poke|p1|Serperior, L50, F, shiny|
|poke|p2|Dragalge, L50, F|
|poke|p2|Scrafty, L50, F|
|poke|p2|Grimmsnarl, L50, M|
|poke|p2|Delphox, L50, M|
|poke|p2|Sinistcha-Masterpiece, L50|
|poke|p2|Krookodile, L50, M|
|teampreview|4
|showteam|p1|Drampa||Drampanite|CloudNine|EnergyBall,DragonPulse,EarthPower,Roost|Quiet||M|||50|]Mawile||Mawilite|Intimidate|Crunch,PlayRough,Protect,SwordsDance|Adamant||M|||50|]Sinistcha||FocusSash|Heatproof|TrickRoom,MatchaGotcha,StunSpore,PainSplit|Relaxed|||||50|]Farigiraf||ColburBerry|ArmorTail|DazzlingGleam,TrickRoom,Protect,Psychic|Sassy||F|||50|]Torkoal||LifeOrb|Drought|Eruption,Rest,EarthPower,SleepTalk|Serious||F|||50|]Serperior||Leftovers|Contrary|LeafStorm,GigaDrain,Protect,DragonPulse|Quiet||F|||50|
|showteam|p2|Dragalge||Dragalgite|PoisonPoint|Scald,ToxicSpikes,Toxic,Protect|Calm||F|||50|]Scrafty||SitrusBerry|Intimidate|FakeOut,KnockOff,Roar,QuickGuard|Careful||F|||50|]Grimmsnarl||MentalHerb|Prankster|PartingShot,FakeOut,Reflect,MistyTerrain|Careful||M|||50|]Delphox||Delphoxite|Blaze|Overheat,Psychic,ScorchingSands,Protect|Timid||M|||50|]Sinistcha-Masterpiece||Leftovers|Hospitality|MatchaGotcha,StrengthSap,Hex,LifeDew|Calm|||||50|]Krookodile||FocusSash|Intimidate|HighHorsepower,CloseCombat,ThroatChop,Protect|Jolly||M|||50|
|
|t:|1783512149
|teamsize|p1|4
|teamsize|p2|4
|start
|switch|p1a: Farigiraf|Farigiraf, L50, F|100/100
|switch|p1b: Serperior|Serperior, L50, F, shiny|100/100
|switch|p2a: Toxicity|Dragalge, L50, F|100/100
|switch|p2b: Mesmerize|Scrafty, L50, F|100/100
|-ability|p2b: Mesmerize|Intimidate|boost
|-unboost|p1a: Farigiraf|atk|1
|-boost|p1b: Serperior|atk|1
|turn|1
|c|☆Arahelis|glhf
|
|t:|1783512168
|detailschange|p2a: Toxicity|Dragalge-Mega, L50, F
|-mega|p2a: Toxicity|Dragalge|Dragalgite
|move|p2b: Mesmerize|Fake Out||[still]
|cant|p1a: Farigiraf|ability: Armor Tail|Fake Out|[of] p2b: Mesmerize
|move|p1b: Serperior|Leaf Storm|p2b: Mesmerize
|-damage|p2b: Mesmerize|65/100
|-boost|p1b: Serperior|spa|2
|move|p2a: Toxicity|Toxic|p1b: Serperior
|-status|p1b: Serperior|tox
|move|p1a: Farigiraf|Trick Room|p1a: Farigiraf
|-fieldstart|move: Trick Room|[of] p1a: Farigiraf
|
|-damage|p1b: Serperior|93/100 tox|[from] psn
|upkeep
|turn|2
|
|t:|1783512192
|switch|p2b: Dreaming|Sinistcha-Masterpiece, L50|100/100
|move|p2a: Toxicity|Toxic|p1a: Farigiraf
|-status|p1a: Farigiraf|tox
|move|p1a: Farigiraf|Dazzling Gleam|p2a: Toxicity|[spread] p2a,p2b
|-crit|p2a: Toxicity
|-damage|p2a: Toxicity|87/100
|-damage|p2b: Dreaming|88/100
|move|p1b: Serperior|Dragon Pulse|p2a: Toxicity
|-supereffective|p2a: Toxicity|1
|-damage|p2a: Toxicity|39/100
|
|-heal|p2b: Dreaming|94/100|[from] item: Leftovers
|-heal|p1b: Serperior|100/100 tox|[from] item: Leftovers
|-damage|p1a: Farigiraf|93/100 tox|[from] psn
|-damage|p1b: Serperior|87/100 tox|[from] psn
|upkeep
|turn|3
|
|t:|1783512215
|move|p2a: Toxicity|Protect|p2a: Toxicity
|-singleturn|p2a: Toxicity|Protect
|move|p1a: Farigiraf|Dazzling Gleam|p2b: Dreaming|[spread] p2b
|-activate|p2a: Toxicity|move: Protect
|-damage|p2b: Dreaming|81/100
|move|p2b: Dreaming|Hex|p1b: Serperior
|-damage|p1b: Serperior|33/100 tox
|move|p1b: Serperior|Dragon Pulse|p2a: Toxicity
|-activate|p2a: Toxicity|move: Protect
|
|-heal|p2b: Dreaming|87/100|[from] item: Leftovers
|-heal|p1b: Serperior|39/100 tox|[from] item: Leftovers
|-damage|p1a: Farigiraf|81/100 tox|[from] psn
|-damage|p1b: Serperior|21/100 tox|[from] psn
|upkeep
|turn|4
|
|t:|1783512248
|-heal|p2a: Toxicity|72/100|[from] ability: Regenerator|[silent]
|switch|p2a: Prison System|Krookodile, L50, M|100/100
|-ability|p2a: Prison System|Intimidate|boost
|-unboost|p1a: Farigiraf|atk|1
|-boost|p1b: Serperior|atk|1
|switch|p1a: Sinistcha|Sinistcha, L50|100/100
|move|p2b: Dreaming|Matcha Gotcha|p1a: Sinistcha|[spread] p1a,p1b
|-resisted|p1a: Sinistcha|1
|-resisted|p1b: Serperior|1
|-damage|p1a: Sinistcha|84/100
|-heal|p2b: Dreaming|95/100|[from] drain|[of] p1a: Sinistcha
|-damage|p1b: Serperior|8/100 tox
|-heal|p2b: Dreaming|100/100|[from] drain|[of] p1b: Serperior
|move|p1b: Serperior|Dragon Pulse|p2a: Prison System
|-crit|p2a: Prison System
|-damage|p2a: Prison System|9/100
|
|-heal|p1b: Serperior|14/100 tox|[from] item: Leftovers
|-damage|p1b: Serperior|0 fnt|[from] psn
|faint|p1b: Serperior
|upkeep
|
|t:|1783512271
|switch|p1b: Drampa|Drampa, L50, M, shiny|100/100
|-ability|p1b: Drampa|Cloud Nine
|turn|5
|
|t:|1783512293
|switch|p2b: Toxicity|Dragalge-Mega, L50, F|72/100
|detailschange|p1b: Drampa|Drampa-Mega, L50, M, shiny
|-mega|p1b: Drampa|Drampa|Drampanite
|move|p2a: Prison System|Protect|p2a: Prison System
|-singleturn|p2a: Prison System|Protect
|move|p1b: Drampa|Energy Ball|p2a: Prison System
|-activate|p2a: Prison System|move: Protect
|move|p1a: Sinistcha|Matcha Gotcha|p2b: Toxicity|[spread] p2b
|-activate|p2a: Prison System|move: Protect
|-resisted|p2b: Toxicity|2
|-damage|p2b: Toxicity|69/100
|-heal|p1a: Sinistcha|85/100|[from] drain|[of] p2b: Toxicity
|-status|p2b: Toxicity|brn
|
|-damage|p2b: Toxicity|63/100 brn|[from] brn
|-fieldend|move: Trick Room
|upkeep
|turn|6
|c|☆Arahelis|So many mega have no png wtf...
|
|t:|1783512322
|move|p2a: Prison System|Throat Chop|p1a: Sinistcha
|-supereffective|p1a: Sinistcha|1
|-damage|p1a: Sinistcha|32/100
|-start|p1a: Sinistcha|Throat Chop|[silent]
|move|p2b: Toxicity|Toxic|p1b: Drampa
|-status|p1b: Drampa|tox
|move|p1b: Drampa|Earth Power|p2b: Toxicity
|-supereffective|p2b: Toxicity|1
|-damage|p2b: Toxicity|20/100y brn
|move|p1a: Sinistcha|Trick Room|p1a: Sinistcha
|-fieldstart|move: Trick Room|[of] p1a: Sinistcha
|
|-damage|p1b: Drampa|94/100 tox|[from] psn
|-damage|p2b: Toxicity|14/100 brn|[from] brn
|upkeep
|turn|7
|
|t:|1783512346
|-heal|p2b: Toxicity|47/100 brn|[from] ability: Regenerator|[silent]
|switch|p2b: Dreaming|Sinistcha-Masterpiece, L50|100/100
|-heal|p2a: Prison System|34/100|[from] ability: Hospitality|[of] p2b: Dreaming
|switch|p2a: Mesmerize|Scrafty, L50, F|65/100
|-ability|p2a: Mesmerize|Intimidate|boost
|-unboost|p1a: Sinistcha|atk|1
|-unboost|p1b: Drampa|atk|1
|move|p1b: Drampa|Energy Ball|p2a: Mesmerize
|-damage|p2a: Mesmerize|38/100
|-enditem|p2a: Mesmerize|Sitrus Berry|[eat]
|-heal|p2a: Mesmerize|63/100|[from] item: Sitrus Berry
|move|p1a: Sinistcha|Matcha Gotcha|p2b: Dreaming|[spread] p2b
|-miss|p1a: Sinistcha|p2a: Mesmerize
|-resisted|p2b: Dreaming|1
|-damage|p2b: Dreaming|90/100
|-heal|p1a: Sinistcha|37/100|[from] drain|[of] p2b: Dreaming
|
|-heal|p2b: Dreaming|96/100|[from] item: Leftovers
|-damage|p1b: Drampa|82/100 tox|[from] psn
|-end|p1a: Sinistcha|Throat Chop|[silent]
|upkeep
|turn|8
|
|t:|1783512379
|switch|p1a: Farigiraf|Farigiraf, L50, F|81/100 tox
|move|p2a: Mesmerize|Fake Out||[still]
|cant|p1a: Farigiraf|ability: Armor Tail|Fake Out|[of] p2a: Mesmerize
|move|p1b: Drampa|Dragon Pulse|p2b: Dreaming
|-damage|p2b: Dreaming|49/100
|move|p2b: Dreaming|Hex|p1a: Farigiraf
|-immune|p1a: Farigiraf
|
|-heal|p2b: Dreaming|55/100|[from] item: Leftovers
|-damage|p1b: Drampa|64/100 tox|[from] psn
|-damage|p1a: Farigiraf|75/100 tox|[from] psn
|upkeep
|turn|9
|
|t:|1783512411
|move|p1b: Drampa|Dragon Pulse|p2b: Dreaming
|-damage|p2b: Dreaming|7/100
|move|p1a: Farigiraf|Dazzling Gleam|p2a: Mesmerize|[spread] p2a,p2b
|-supereffective|p2a: Mesmerize|2
|-damage|p2a: Mesmerize|21/100
|-damage|p2b: Dreaming|0 fnt
|faint|p2b: Dreaming
|move|p2a: Mesmerize|Knock Off|p1a: Farigiraf
|-supereffective|p1a: Farigiraf|1
|-enditem|p1a: Farigiraf|Colbur Berry|[eat]
|-enditem|p1a: Farigiraf|Colbur Berry|[weaken]
|-damage|p1a: Farigiraf|44/100 tox
|
|-damage|p1b: Drampa|40/100 tox|[from] psn
|-damage|p1a: Farigiraf|32/100 tox|[from] psn
|upkeep
|
|t:|1783512424
|switch|p2b: Prison System|Krookodile, L50, M|34/100
|-ability|p2b: Prison System|Intimidate|boost
|-unboost|p1a: Farigiraf|atk|1
|-unboost|p1b: Drampa|atk|1
|turn|10
|
|t:|1783512434
|move|p1a: Farigiraf|Protect|p1a: Farigiraf
|-singleturn|p1a: Farigiraf|Protect
|move|p2b: Prison System|Protect|p2b: Prison System
|-singleturn|p2b: Prison System|Protect
|move|p1b: Drampa|Energy Ball|p2b: Prison System
|-activate|p2b: Prison System|move: Protect
|move|p2a: Mesmerize|Knock Off|p1a: Farigiraf
|-activate|p1a: Farigiraf|move: Protect
|
|-damage|p1b: Drampa|10/100 tox|[from] psn
|-damage|p1a: Farigiraf|14/100 tox|[from] psn
|-fieldend|move: Trick Room
|upkeep
|turn|11
|
|t:|1783512458
|move|p2b: Prison System|Throat Chop|p1b: Drampa
|-damage|p1b: Drampa|0 fnt
|faint|p1b: Drampa
|move|p2a: Mesmerize|Knock Off|p1a: Farigiraf
|-supereffective|p1a: Farigiraf|1
|-damage|p1a: Farigiraf|0 fnt
|faint|p1a: Farigiraf
|
|upkeep
|-message|aahshxgw forfeited.
|
|win|Arahelis
|l|☆aahshxgw
|player|p1|
||Arahelis is ready for game 2.
|inactive|aahshxgw has 30 seconds to confirm battle start!
