|j|☆Bolsa_25
|j|☆SloKoi
|html|Bolsa_25SloKoi    
|uhtml|bestof|Game 2 of a best-of-3
|t:|1757104236
|gametype|doubles
|player|p1|Bolsa_25|265|1103
|player|p2|SloKoi|red-gen7|1047
|gen|9
|tier|[Gen 9] VGC 2025 Reg H (Bo3)
|rated|
|rule|Species Clause: Limit one of each Pokémon
|rule|Item Clause: Limit 1 of each item
|clearpoke
|poke|p1|Gholdengo, L50|
|poke|p1|Magmar, L50, M|
|poke|p1|Dragonite, L50, M|
|poke|p1|Rillaboom, L50, M|
|poke|p1|Annihilape, L50, M|
|poke|p1|Sylveon, L50, M|
|poke|p2|Baxcalibur, L50, F|
|poke|p2|Rillaboom, L50, F|
|poke|p2|Ninetales-Alola, L50, M|
|poke|p2|Primarina, L50, M|
|poke|p2|Incineroar, L50, M|
|poke|p2|Sneasler, L50, F|
|teampreview|4
|showteam|p1|Gholdengo||LifeOrb|GoodasGold|Protect,NastyPlot,MakeItRain,ShadowBall||||||50|,,,,,Water]Magmar||Eviolite|VitalSpirit|Taunt,WillOWisp,FollowMe,BurningJealousy|||M|||50|,,,,,Ghost]Dragonite||LoadedDice|Multiscale|Protect,Haze,Tailwind,ScaleShot|||M|||50|,,,,,Fairy]Rillaboom||AssaultVest|GrassySurge|FakeOut,GrassyGlide,WoodHammer,HighHorsepower|||M|||50|,,,,,Fire]Annihilape||SafetyGoggles|Defiant|Protect,BulkUp,RageFist,DrainPunch|||M|||50|,,,,,Steel]Sylveon||ThroatSpray|Pixilate|TeraBlast,HyperVoice,Protect,BabyDollEyes|||M|||50|,,,,,Water
|showteam|p2|Baxcalibur||Leftovers|ThermalExchange|Protect,DragonDance,IcicleCrash,GlaiveRush|||F|||50|,,,,,Water]Rillaboom||AssaultVest|GrassySurge|FakeOut,WoodHammer,GrassyGlide,Uturn|||F|||50|,,,,,Fire]Ninetales-Alola||LightClay|SnowWarning|IcyWind,Howl,AuroraVeil,FreezeDry|||M|||50|,,,,,Ghost]Primarina||ThroatSpray|LiquidVoice|HyperVoice,Moonblast,Blizzard,Protect|||M|||50|,,,,,Dragon]Incineroar||SafetyGoggles|Intimidate|FakeOut,KnockOff,FlareBlitz,PartingShot|||M|||50|,,,,,Ghost]Sneasler||FocusSash|Unburden|FakeOut,CloseCombat,DireClaw,Uturn|||F|||50|,,,,,Dark
|inactive|Battle timer is ON: inactive players will automatically lose when time's up. (requested by Bolsa_25)
|inactive|Bolsa_25 has 60 seconds left.
|inactive|SloKoi has 60 seconds left.
|
|t:|1757104273
|teamsize|p1|4
|teamsize|p2|4
|start
|switch|p1a: Annihilape|Annihilape, L50, M|100/100
|switch|p1b: Dragonite|Dragonite, L50, M|100/100
|switch|p2a: Ninetales|Ninetales-Alola, L50, M|100/100
|switch|p2b: Primarina|Primarina, L50, M|100/100
|-weather|Snowscape|[from] ability: Snow Warning|[of] p2a: Ninetales
|turn|1
|inactive|Bolsa_25 has 30 seconds left.
|
|t:|1757104298
|-terastallize|p1a: Annihilape|Steel
|move|p2a: Ninetales|Aurora Veil|p2a: Ninetales
|-sidestart|p2: SloKoi|move: Aurora Veil
|move|p1b: Dragonite|Scale Shot|p1a: Annihilape
|-resisted|p1a: Annihilape
|-damage|p1a: Annihilape|94/100
|-resisted|p1a: Annihilape
|-damage|p1a: Annihilape|87/100
|-resisted|p1a: Annihilape
|-damage|p1a: Annihilape|80/100
|-resisted|p1a: Annihilape
|-damage|p1a: Annihilape|73/100
|-hitcount|p1a: Annihilape|4
|-unboost|p1b: Dragonite|def|1
|-boost|p1b: Dragonite|spe|1
|move|p1a: Annihilape|Rage Fist|p2b: Primarina
|-damage|p2b: Primarina|32/100
|move|p2b: Primarina|Blizzard|p1a: Annihilape|[spread] p1a,p1b
|-resisted|p1a: Annihilape
|-supereffective|p1b: Dragonite
|-damage|p1a: Annihilape|59/100
|-damage|p1b: Dragonite|45/100
|
|-weather|Snowscape|[upkeep]
|upkeep
|turn|2
|inactive|SloKoi has 30 seconds left.
|
|t:|1757104330
|move|p2b: Primarina|Protect|p2b: Primarina
|-singleturn|p2b: Primarina|Protect
|move|p1b: Dragonite|Tailwind|p1b: Dragonite
|-sidestart|p1: Bolsa_25|move: Tailwind
|move|p1a: Annihilape|Rage Fist|p2b: Primarina
|-activate|p2b: Primarina|move: Protect
|move|p2a: Ninetales|Icy Wind|p1a: Annihilape|[spread] p1a,p1b
|-resisted|p1a: Annihilape
|-supereffective|p1b: Dragonite
|-damage|p1a: Annihilape|53/100
|-damage|p1b: Dragonite|0 fnt
|-unboost|p1a: Annihilape|spe|1
|-ability|p1a: Annihilape|Defiant|boost
|-boost|p1a: Annihilape|atk|2
|faint|p1b: Dragonite
|
|-weather|Snowscape|[upkeep]
|upkeep
|
|t:|1757104334
|switch|p1b: Gholdengo|Gholdengo, L50|100/100
|turn|3
|
|t:|1757104355
|move|p1b: Gholdengo|Nasty Plot|p1b: Gholdengo
|-boost|p1b: Gholdengo|spa|2
|move|p1a: Annihilape|Rage Fist|p2b: Primarina
|-damage|p2b: Primarina|0 fnt
|faint|p2b: Primarina
|move|p2a: Ninetales|Icy Wind|p1b: Gholdengo|[spread] p1a,p1b
|-resisted|p1a: Annihilape
|-resisted|p1b: Gholdengo
|-damage|p1a: Annihilape|47/100
|-damage|p1b: Gholdengo|93/100
|-unboost|p1a: Annihilape|spe|1
|-ability|p1a: Annihilape|Defiant|boost
|-boost|p1a: Annihilape|atk|2
|-unboost|p1b: Gholdengo|spe|1
|
|-weather|Snowscape|[upkeep]
|upkeep
|
|t:|1757104372
|switch|p2b: Sneasler|Sneasler, L50, F|100/100
|turn|4
|
|t:|1757104397
|switch|p2a: Incineroar|Incineroar, L50, M|100/100
|-ability|p2a: Incineroar|Intimidate|boost
|-unboost|p1a: Annihilape|atk|1
|-ability|p1a: Annihilape|Defiant|boost
|-boost|p1a: Annihilape|atk|2
|-unboost|p1b: Gholdengo|atk|1
|move|p1b: Gholdengo|Shadow Ball|p2a: Incineroar
|-resisted|p2a: Incineroar
|-damage|p2a: Incineroar|73/100
|-damage|p1b: Gholdengo|84/100|[from] item: Life Orb
|move|p2b: Sneasler|Close Combat|p1a: Annihilape
|-supereffective|p1a: Annihilape
|-damage|p1a: Annihilape|0 fnt
|-unboost|p2b: Sneasler|def|1
|-unboost|p2b: Sneasler|spd|1
|faint|p1a: Annihilape
|
|-weather|Snowscape|[upkeep]
|upkeep
|
|t:|1757104399
|switch|p1a: Magmar|Magmar, L50, M|100/100
|turn|5
|inactive|SloKoi has 30 seconds left.
|inactive|SloKoi has 20 seconds left.
|
|t:|1757104437
|move|p1a: Magmar|Follow Me|p1a: Magmar
|-singleturn|p1a: Magmar|move: Follow Me
|move|p1b: Gholdengo|Make It Rain|p2b: Sneasler|[spread] p2a,p2b
|-resisted|p2a: Incineroar
|-damage|p2a: Incineroar|44/100
|-enditem|p2b: Sneasler|Focus Sash
|-damage|p2b: Sneasler|1/100
|-unboost|p1b: Gholdengo|spa|1
|-damage|p1b: Gholdengo|74/100|[from] item: Life Orb
|move|p2b: Sneasler|U-turn|p1a: Magmar
|-resisted|p1a: Magmar
|-damage|p1a: Magmar|91/100
|
|t:|1757104449
|switch|p2b: Ninetales|Ninetales-Alola, L50, M|100/100|[from] U-turn
|move|p2a: Incineroar|Knock Off|p1a: Magmar
|-damage|p1a: Magmar|56/100
|-enditem|p1a: Magmar|Eviolite|[from] move: Knock Off|[of] p2a: Incineroar
|
|-weather|none
|-sideend|p1: Bolsa_25|move: Tailwind
|upkeep
|turn|6
|
|t:|1757104473
|-terastallize|p2b: Ninetales|Ghost
|move|p1a: Magmar|Follow Me|p1a: Magmar
|-singleturn|p1a: Magmar|move: Follow Me
|move|p2b: Ninetales|Howl|p2b: Ninetales|[spread] p2a,p2b
|-boost|p2a: Incineroar|atk|1
|-boost|p2b: Ninetales|atk|1
|move|p1b: Gholdengo|Make It Rain|p2b: Ninetales|[spread] p2a,p2b
|-resisted|p2a: Incineroar
|-damage|p2a: Incineroar|22/100
|-damage|p2b: Ninetales|37/100
|-unboost|p1b: Gholdengo|spa|1
|-damage|p1b: Gholdengo|65/100|[from] item: Life Orb
|move|p2a: Incineroar|Knock Off|p1a: Magmar
|-damage|p1a: Magmar|7/100
|
|upkeep
|turn|7
|inactive|Bolsa_25 has 30 seconds left.
|inactive|SloKoi has 30 seconds left.
|
|t:|1757104501
|switch|p2a: Sneasler|Sneasler, L50, F|1/100
|move|p1a: Magmar|Follow Me|p1a: Magmar
|-singleturn|p1a: Magmar|move: Follow Me
|move|p2b: Ninetales|Freeze-Dry|p1a: Magmar
|-resisted|p1a: Magmar
|-damage|p1a: Magmar|0 fnt
|faint|p1a: Magmar
|move|p1b: Gholdengo|Make It Rain|p2b: Ninetales|[spread] p2a,p2b
|-damage|p2a: Sneasler|0 fnt
|-damage|p2b: Ninetales|0 fnt
|-unboost|p1b: Gholdengo|spa|1
|faint|p2a: Sneasler
|faint|p2b: Ninetales
|-damage|p1b: Gholdengo|56/100|[from] item: Life Orb
|
|upkeep
|
|t:|1757104512
|switch|p2b: Incineroar|Incineroar, L50, M|22/100
|-ability|p2b: Incineroar|Intimidate|boost
|-unboost|p1b: Gholdengo|atk|1
|turn|8
|
|t:|1757104520
|move|p1b: Gholdengo|Nasty Plot|p1b: Gholdengo
|-boost|p1b: Gholdengo|spa|2
|move|p2b: Incineroar|Knock Off|p1b: Gholdengo
|-supereffective|p1b: Gholdengo
|-damage|p1b: Gholdengo|0 fnt
|-enditem|p1b: Gholdengo|Life Orb|[from] move: Knock Off|[of] p2b: Incineroar
|faint|p1b: Gholdengo
|
|win|SloKoi
||Bolsa_25 is ready for game 3.
||SloKoi is ready for game 3.
|uhtml|next|Next: Game 3 of 3
|l|☆SloKoi
|player|p2|
