|j|☆LascapVGC
|j|‽mrchris21
|html|LascapVGCmrchris21    
|uhtml|bestof|Game 3 of a best-of-3
|t:|1785059052
|gametype|doubles
|player|p1|LascapVGC|benga|1142
|player|p2|mrchris21|ethan|1144
|gen|9
|tier|[Gen 9 Champions] VGC 2026 Reg M-B (Bo3)
|rated|
|rule|Species Clause: Limit one of each Pokémon
|rule|Item Clause: Limit 1 of each item
|clearpoke
|poke|p1|Sneasler, L50, M|
|poke|p1|Sinistcha, L50|
|poke|p1|Incineroar, L50, M|
|poke|p1|Kingambit, L50, F|
|poke|p1|Delphox, L50, M|
|poke|p1|Blastoise, L50, M|
|poke|p2|Basculegion, L50, M|
|poke|p2|Politoed, L50, M|
|poke|p2|Archaludon, L50, F|
|poke|p2|Farigiraf, L50, M|
|poke|p2|Dragonite, L50, F|
|poke|p2|Venusaur, L50, M|
|teampreview|4
|showteam|p1|Sneasler||FocusSash|PoisonTouch|CloseCombat,DireClaw,FakeOut,QuickGuard|Jolly||M|||50|]Sinistcha||ColburBerry|Hospitality|MatchaGotcha,RagePowder,TrickRoom,Protect|Bold|||||50|]Incineroar||SitrusBerry|Intimidate|FlareBlitz,DarkestLariat,PartingShot,FakeOut|Careful||M|||50|]Kingambit||LifeOrb|Defiant|KowtowCleave,SwordsDance,SuckerPunch,Protect|Adamant||F|||50|]Delphox||Delphoxite|Blaze|HeatWave,Psyshock,NastyPlot,Protect|Timid||M|||50|]Blastoise||Blastoisinite|RainDish|WaterSpout,DarkPulse,ShellSmash,Protect|Modest||M|||50|
|showteam|p2|Basculegion||ChoiceScarf|Adaptability|FlipTurn,Liquidation,AquaJet,LastRespects|Jolly||M|||50|]Politoed||SitrusBerry|Drizzle|MuddyWater,IceBeam,Protect,PerishSong|Bold||M|||50|]Archaludon||Leftovers|Stamina|ElectroShot,DragonPulse,FlashCannon,Protect|Modest||F|||50|]Farigiraf||ColburBerry|ArmorTail|TwinBeam,ShadowBall,Roar,HelpingHand|Bold||M|||50|]Dragonite||Dragoninite|Multiscale|Hurricane,IceBeam,DragonPulse,Protect|Modest||F|||50|]Venusaur||Venusaurite|Chlorophyll|GigaDrain,SludgeBomb,EarthPower,Protect|Modest||M|||50|
|
|t:|1785059098
|teamsize|p1|4
|teamsize|p2|4
|start
|switch|p1a: Sneasler|Sneasler, L50, M|100/100
|switch|p1b: Kingambit|Kingambit, L50, F|100/100
|switch|p2a: Venusaur|Venusaur, L50, M|100/100
|switch|p2b: Basculegion|Basculegion, L50, M|100/100
|turn|1
|inactive|Battle timer is ON: inactive players will automatically lose when time's up. (requested by mrchris21)
|
|t:|1785059122
|switch|p2b: Farigiraf|Farigiraf, L50, M|100/100
|detailschange|p2a: Venusaur|Venusaur-Mega, L50, M
|-mega|p2a: Venusaur|Venusaur|Venusaurite
|move|p1a: Sneasler|Fake Out||[still]
|cant|p2b: Farigiraf|ability: Armor Tail|Fake Out|[of] p1a: Sneasler
|move|p2a: Venusaur|Earth Power|p1b: Kingambit
|-supereffective|p1b: Kingambit|1
|-damage|p1b: Kingambit|33/100
|move|p1b: Kingambit|Swords Dance|p1b: Kingambit
|-boost|p1b: Kingambit|atk|2
|
|upkeep
|turn|2
|
|t:|1785059145
|switch|p2b: Archaludon|Archaludon, L50, F|100/100
|move|p1b: Kingambit|Protect|p1b: Kingambit
|-singleturn|p1b: Kingambit|Protect
|move|p1a: Sneasler|Dire Claw|p2a: Venusaur
|-damage|p2a: Venusaur|65/100
|move|p2a: Venusaur|Earth Power|p1b: Kingambit
|-activate|p1b: Kingambit|move: Protect
|
|upkeep
|turn|3
|
|t:|1785059164
|switch|p2b: Farigiraf|Farigiraf, L50, M|100/100
|move|p1b: Kingambit|Sucker Punch||[still]
|cant|p2b: Farigiraf|ability: Armor Tail|Sucker Punch|[of] p1b: Kingambit
|move|p1a: Sneasler|Close Combat|p2b: Farigiraf
|-damage|p2b: Farigiraf|55/100
|-unboost|p1a: Sneasler|def|1
|-unboost|p1a: Sneasler|spd|1
|move|p2a: Venusaur|Earth Power|p1b: Kingambit
|-supereffective|p1b: Kingambit|1
|-damage|p1b: Kingambit|0 fnt
|faint|p1b: Kingambit
|
|upkeep
|
|t:|1785059176
|switch|p1b: Blastoise|Blastoise, L50, M|100/100
|turn|4
|
|t:|1785059193
|switch|p1a: Sinistcha|Sinistcha, L50|100/100
|move|p1b: Blastoise|Protect|p1b: Blastoise
|-singleturn|p1b: Blastoise|Protect
|move|p2a: Venusaur|Giga Drain|p1b: Blastoise
|-activate|p1b: Blastoise|move: Protect
|move|p2b: Farigiraf|Twin Beam|p1a: Sinistcha
|-damage|p1a: Sinistcha|84/100
|-damage|p1a: Sinistcha|69/100
|-hitcount|p1a: Sinistcha|2
|
|upkeep
|turn|5
|inactive|LascapVGC has 30 seconds left.
|
|t:|1785059227
|switch|p1a: Sneasler|Sneasler, L50, M|100/100
|detailschange|p1b: Blastoise|Blastoise-Mega, L50, M
|-mega|p1b: Blastoise|Blastoise|Blastoisinite
|move|p2a: Venusaur|Protect|p2a: Venusaur
|-singleturn|p2a: Venusaur|Protect
|move|p1b: Blastoise|Shell Smash|p1b: Blastoise
|-unboost|p1b: Blastoise|def|1
|-unboost|p1b: Blastoise|spd|1
|-boost|p1b: Blastoise|atk|2
|-boost|p1b: Blastoise|spa|2
|-boost|p1b: Blastoise|spe|2
|move|p2b: Farigiraf|Roar|p1a: Sneasler
|drag|p1a: Sinistcha|Sinistcha, L50|69/100
|
|upkeep
|turn|6
|inactive|LascapVGC has 30 seconds left.
|inactive|LascapVGC has 20 seconds left.
|inactive|LascapVGC has 15 seconds left.
|inactive|mrchris21 has 30 seconds left.
|inactive|mrchris21 has 20 seconds left.
|
|t:|1785059278
|move|p1a: Sinistcha|Rage Powder|p1a: Sinistcha
|-singleturn|p1a: Sinistcha|move: Rage Powder
|move|p1b: Blastoise|Dark Pulse|p2a: Venusaur
|-damage|p2a: Venusaur|0 fnt
|faint|p2a: Venusaur
|move|p2b: Farigiraf|Roar|p1a: Sinistcha
|drag|p1a: Sneasler|Sneasler, L50, M|100/100
|
|upkeep
|
|t:|1785059301
|switch|p2a: Archaludon|Archaludon, L50, F|100/100
|turn|7
|
|t:|1785059309
|move|p2a: Archaludon|Protect|p2a: Archaludon
|-singleturn|p2a: Archaludon|Protect
|move|p1b: Blastoise|Water Spout|p2b: Farigiraf|[spread] p2b
|-activate|p2a: Archaludon|move: Protect
|-damage|p2b: Farigiraf|0 fnt
|faint|p2b: Farigiraf
|move|p1a: Sneasler|Close Combat|p2a: Archaludon
|-activate|p2a: Archaludon|move: Protect
|
|upkeep
|
|t:|1785059315
|switch|p2b: Basculegion|Basculegion, L50, M|100/100
|turn|8
|
|t:|1785059329
|switch|p1a: Sinistcha|Sinistcha, L50|69/100
|move|p1b: Blastoise|Protect|p1b: Blastoise
|-singleturn|p1b: Blastoise|Protect
|move|p2b: Basculegion|Last Respects|p1b: Blastoise
|-activate|p1b: Blastoise|move: Protect
|move|p2a: Archaludon|Dragon Pulse|p1b: Blastoise
|-activate|p1b: Blastoise|move: Protect
|
|upkeep
|turn|9
|
|t:|1785059339
|move|p1a: Sinistcha|Rage Powder|p1a: Sinistcha
|-singleturn|p1a: Sinistcha|move: Rage Powder
|move|p1b: Blastoise|Dark Pulse|p2b: Basculegion
|-supereffective|p2b: Basculegion|1
|-damage|p2b: Basculegion|0 fnt
|faint|p2b: Basculegion
|move|p2a: Archaludon|Dragon Pulse|p1a: Sinistcha
|-damage|p1a: Sinistcha|24/100
|
|upkeep
|turn|10
|
|t:|1785059348
|move|p1a: Sinistcha|Rage Powder|p1a: Sinistcha
|-singleturn|p1a: Sinistcha|move: Rage Powder
|move|p1b: Blastoise|Dark Pulse|p2a: Archaludon
|-crit|p2a: Archaludon
|-damage|p2a: Archaludon|0 fnt
|faint|p2a: Archaludon
|
|win|LascapVGC
|raw|LascapVGC's rating: 1142 → 1167(+25 for winning)
|raw|mrchris21's rating: 1144 → 1119(-25 for losing)
|c|☆LascapVGC|ggs
|l|‽mrchris21
|player|p2|
