|j|☆miah1212
|j|☆wingblade33
|html|miah1212wingblade33    
|uhtml|bestof|Game 2 of a best-of-3
|t:|1786036480
|gametype|doubles
|player|p1|miah1212|nate|1338
|player|p2|wingblade33|102|1324
|gen|9
|tier|[Gen 9 Champions] VGC 2026 Reg M-B (Bo3)
|rated|
|rule|Species Clause: Limit one of each Pokémon
|rule|Item Clause: Limit 1 of each item
|clearpoke
|poke|p1|Tyranitar, L50, M|
|poke|p1|Gholdengo, L50|
|poke|p1|Milotic, L50, F|
|poke|p1|Excadrill, L50, F|
|poke|p1|Staraptor, L50, F, shiny|
|poke|p1|Sinistcha, L50|
|poke|p2|Tyranitar, L50, F|
|poke|p2|Milotic, L50, M|
|poke|p2|Farigiraf, L50, F|
|poke|p2|Gholdengo, L50|
|poke|p2|Excadrill, L50, M|
|poke|p2|Staraptor, L50, F|
|teampreview|4
|showteam|p1|Tyranitar||Tyranitarite|SandStream|RockSlide,KnockOff,LowKick,Protect|Jolly||M|||50|]Gholdengo||LifeOrb|GoodasGold|MakeItRain,ShadowBall,NastyPlot,Protect|Modest|||||50|]Milotic||SitrusBerry|Competitive|Scald,IceBeam,Hypnosis,Protect|Modest||F|||50|]Excadrill||FocusSash|SandRush|IronHead,HighHorsepower,RockSlide,Protect|Adamant||F|||50|]Staraptor||Staraptite|Intimidate|CloseCombat,BraveBird,Tailwind,Protect|Jolly||F|||50|]Sinistcha||ColburBerry|Hospitality|MatchaGotcha,RagePowder,TrickRoom,Protect|Bold|||||50|
|showteam|p2|Tyranitar||Tyranitarite|SandStream|KnockOff,DragonDance,RockSlide,Protect|Adamant||F|||50|]Milotic||Leftovers|Competitive|IcyWind,Scald,Haze,Protect|Calm||M|||50|]Farigiraf||SitrusBerry|ArmorTail|Psychic,TrickRoom,Roar,Thunderbolt|Modest||F|||50|]Gholdengo||LifeOrb|GoodasGold|MakeItRain,ShadowBall,NastyPlot,Protect|Modest|||||50|]Excadrill||FocusSash|SandRush|HighHorsepower,IronHead,RockSlide,Protect|Adamant||M|||50|]Staraptor||Staraptite|Intimidate|CloseCombat,BraveBird,Tailwind,Protect|Jolly||F|||50|
|inactive|Battle timer is ON: inactive players will automatically lose when time's up. (requested by wingblade33)
|
|t:|1786036506
|teamsize|p1|4
|teamsize|p2|4
|start
|switch|p1a: Staraptor|Staraptor, L50, F, shiny|100/100
|switch|p1b: Milotic|Milotic, L50, F|100/100
|switch|p2a: Milotic|Milotic, L50, M|100/100
|switch|p2b: Staraptor|Staraptor, L50, F|100/100
|-ability|p2b: Staraptor|Intimidate|boost
|-unboost|p1a: Staraptor|atk|1
|-unboost|p1b: Milotic|atk|1
|-ability|p1b: Milotic|Competitive|boost
|-boost|p1b: Milotic|spa|2
|-ability|p1a: Staraptor|Intimidate|boost
|-unboost|p2a: Milotic|atk|1
|-ability|p2a: Milotic|Competitive|boost
|-boost|p2a: Milotic|spa|2
|-unboost|p2b: Staraptor|atk|1
|turn|1
|inactive|wingblade33 has 30 seconds left.
|inactive|miah1212 has 30 seconds left.
|inactive|wingblade33 has 20 seconds left.
|
|t:|1786036544
|detailschange|p1a: Staraptor|Staraptor-Mega, L50, F, shiny
|-mega|p1a: Staraptor|Staraptor|Staraptite
|move|p1a: Staraptor|Tailwind|p1a: Staraptor
|-sidestart|p1: miah1212|move: Tailwind
|move|p1b: Milotic|Ice Beam|p2b: Staraptor
|-supereffective|p2b: Staraptor|1
|-damage|p2b: Staraptor|0 fnt
|faint|p2b: Staraptor
|move|p2a: Milotic|Scald|p1a: Staraptor
|-crit|p1a: Staraptor
|-damage|p1a: Staraptor|3/100
|
|upkeep
|
|t:|1786036564
|switch|p2b: Excadrill|Excadrill, L50, M|100/100
|turn|2
|inactive|wingblade33 has 30 seconds left.
|
|t:|1786036590
|move|p2b: Excadrill|Protect|p2b: Excadrill
|-singleturn|p2b: Excadrill|Protect
|move|p1a: Staraptor|Close Combat|p2b: Excadrill
|-activate|p2b: Excadrill|move: Protect
|move|p1b: Milotic|Scald|p2b: Excadrill
|-activate|p2b: Excadrill|move: Protect
|move|p2a: Milotic|Icy Wind|p1b: Milotic|[spread] p1a,p1b
|-supereffective|p1a: Staraptor|1
|-resisted|p1b: Milotic|1
|-damage|p1a: Staraptor|0 fnt
|-damage|p1b: Milotic|93/100
|-unboost|p1b: Milotic|spe|1
|-ability|p1b: Milotic|Competitive|boost
|-boost|p1b: Milotic|spa|2
|faint|p1a: Staraptor
|
|upkeep
|
|t:|1786036606
|switch|p1a: Excadrill|Excadrill, L50, F|100/100
|turn|3
|inactive|wingblade33 has 30 seconds left.
|
|t:|1786036638
|move|p1a: Excadrill|High Horsepower|p2a: Milotic
|-damage|p2a: Milotic|48/100
|move|p1b: Milotic|Scald|p2b: Excadrill
|-supereffective|p2b: Excadrill|1
|-crit|p2b: Excadrill
|-enditem|p2b: Excadrill|Focus Sash
|-damage|p2b: Excadrill|1/100
|move|p2b: Excadrill|Rock Slide|p1b: Milotic|[spread] p1a,p1b
|-resisted|p1a: Excadrill|2
|-damage|p1a: Excadrill|91/100
|-damage|p1b: Milotic|71/100
|move|p2a: Milotic|Scald|p1a: Excadrill
|-supereffective|p1a: Excadrill|1
|-damage|p1a: Excadrill|0 fnt
|faint|p1a: Excadrill
|
|-heal|p2a: Milotic|54/100|[from] item: Leftovers
|upkeep
|
|t:|1786036654
|switch|p1a: Tyranitar|Tyranitar, L50, M|100/100
|-weather|Sandstorm|[from] ability: Sand Stream|[of] p1a: Tyranitar
|turn|4
|
|t:|1786036666
|move|p2b: Excadrill|Protect|p2b: Excadrill
|-singleturn|p2b: Excadrill|Protect
|move|p1a: Tyranitar|Protect|p1a: Tyranitar
|-singleturn|p1a: Tyranitar|Protect
|move|p2a: Milotic|Protect|p2a: Milotic
|-singleturn|p2a: Milotic|Protect
|move|p1b: Milotic|Scald|p2b: Excadrill
|-activate|p2b: Excadrill|move: Protect
|
|-weather|Sandstorm|[upkeep]
|-damage|p1b: Milotic|65/100|[from] Sandstorm
|-damage|p2a: Milotic|48/100|[from] Sandstorm
|-heal|p2a: Milotic|54/100|[from] item: Leftovers
|-sideend|p1: miah1212|move: Tailwind
|upkeep
|turn|5
|
|t:|1786036687
|move|p2b: Excadrill|High Horsepower|p1a: Tyranitar
|-supereffective|p1a: Tyranitar|1
|-damage|p1a: Tyranitar|5/100
|move|p1a: Tyranitar|Rock Slide|p2b: Excadrill|[spread] p2a,p2b
|-resisted|p2b: Excadrill|2
|-damage|p2a: Milotic|29/100
|-damage|p2b: Excadrill|0 fnt
|faint|p2b: Excadrill
|move|p2a: Milotic|Haze|p2a: Milotic
|-clearallboost
|move|p1b: Milotic|Scald|p2a: Milotic
|-resisted|p2a: Milotic|1
|-damage|p2a: Milotic|18/100
|-status|p2a: Milotic|brn
|
|-weather|Sandstorm|[upkeep]
|-damage|p2a: Milotic|12/100 brn|[from] Sandstorm
|-damage|p1b: Milotic|59/100|[from] Sandstorm
|-heal|p2a: Milotic|18/100 brn|[from] item: Leftovers
|-damage|p2a: Milotic|12/100 brn|[from] brn
|upkeep
|
|t:|1786036705
|switch|p2b: Tyranitar|Tyranitar, L50, F|100/100
|turn|6
|inactive|wingblade33 has 30 seconds left.
|
|t:|1786036737
|detailschange|p2b: Tyranitar|Tyranitar-Mega, L50, F
|-mega|p2b: Tyranitar|Tyranitar|Tyranitarite
|move|p1a: Tyranitar|Protect|p1a: Tyranitar
|-singleturn|p1a: Tyranitar|Protect
|move|p2a: Milotic|Scald|p1a: Tyranitar
|-activate|p1a: Tyranitar|move: Protect
|move|p2b: Tyranitar|Knock Off|p1b: Milotic
|-damage|p1b: Milotic|5/100
|-enditem|p1b: Milotic|Sitrus Berry|[from] move: Knock Off|[of] p2b: Tyranitar
|move|p1b: Milotic|Hypnosis|p2b: Tyranitar|[miss]
|-miss|p1b: Milotic|p2b: Tyranitar
|
|-weather|Sandstorm|[upkeep]
|-damage|p2a: Milotic|6/100 brn|[from] Sandstorm
|-damage|p1b: Milotic|0 fnt|[from] Sandstorm
|faint|p1b: Milotic
|-heal|p2a: Milotic|12/100 brn|[from] item: Leftovers
|-damage|p2a: Milotic|6/100 brn|[from] brn
|upkeep
|turn|7
|-message|miah1212 forfeited.
|
|win|wingblade33
|raw|miah1212's rating: 1338 → 1317(-21 for losing)
|raw|wingblade33's rating: 1324 → 1345(+21 for winning)
|l|☆miah1212
|player|p1|
