|j|☆DillyDillyP4206977
|j|☆Bobfuzzy1
|html|DillyDillyP4206977Bobfuzzy1    
|uhtml|bestof|Game 2 of a best-of-3
|t:|1782701527
|gametype|doubles
|player|p1|DillyDillyP4206977|265|
|player|p2|Bobfuzzy1|169|
|gen|9
|tier|[Gen 9 Champions] VGC 2026 Reg M-B (Bo3)
|rule|Species Clause: Limit one of each Pokémon
|rule|Item Clause: Limit 1 of each item
|clearpoke
|poke|p1|Farigiraf, L50, M, shiny|
|poke|p1|Whimsicott, L50, M, shiny|
|poke|p1|Pangoro, L50, F, shiny|
|poke|p1|Mudsdale, L50, F, shiny|
|poke|p1|Charizard, L50, M, shiny|
|poke|p1|Garchomp, L50, F, shiny|
|poke|p2|Milotic, L50, F, shiny|
|poke|p2|Chandelure, L50, M|
|poke|p2|Kangaskhan, L50, F|
|poke|p2|Hydreigon, L50, M|
|poke|p2|Tsareena, L50, F, shiny|
|poke|p2|Gardevoir, L50, M, shiny|
|teampreview|4
|showteam|p1|Farigiraf||MentalHerb|ArmorTail|TrickRoom,Protect,Psychic,HyperVoice|Sassy||M|||50|]Whimsicott||FocusSash|Prankster|Encore,Protect,Moonblast,Tailwind|Modest||M|||50|]Pangoro||LifeOrb|IronFist|CloseCombat,DrainPunch,Protect,ThunderPunch|Brave||F|||50|]Mudsdale||Leftovers|Stamina|Earthquake,Substitute,Protect,RockSlide|Brave||F|||50|]Charizard||CharizarditeY|Blaze|Protect,HeatWave,SolarBeam,Hurricane|Modest||M|||50|]Garchomp||SoftSand|RoughSkin|DragonClaw,Earthquake,IronHead,Protect|Adamant||F|||50|
|showteam|p2|Milotic||Leftovers|Competitive|Hypnosis,Coil,IceBeam,Protect|Bold||F|||50|]Chandelure||FocusSash|FlashFire|HeatWave,ShadowBall,TrickRoom,Protect|Quiet||M|||50|]Kangaskhan||Kangaskhanite|InnerFocus|FakeOut,DoubleEdge,DrainPunch,SuckerPunch|Brave||F|||50|]Hydreigon||LifeOrb|Levitate|DracoMeteor,DarkPulse,EarthPower,Protect|Timid||M|||50|]Tsareena||ChoiceScarf|QueenlyMajesty|TripleAxel,PowerWhip,Uturn,TropKick|Adamant||F|||50|]Gardevoir||Gardevoirite|Trace|HyperVoice,Thunderbolt,Moonblast,Protect|Quiet||M|||50|
|j| alphawhiski
|
|t:|1782701552
|teamsize|p1|4
|teamsize|p2|4
|start
|switch|p1a: Whimsicott|Whimsicott, L50, M, shiny|100/100
|switch|p1b: Pangoro|Pangoro, L50, F, shiny|100/100
|switch|p2a: Tsareena|Tsareena, L50, F, shiny|100/100
|switch|p2b: Kangaskhan|Kangaskhan, L50, F|100/100
|turn|1
|
|t:|1782701602
|switch|p1b: Charizard|Charizard, L50, M, shiny|100/100
|move|p1a: Whimsicott|Protect|p1a: Whimsicott
|-singleturn|p1a: Whimsicott|Protect
|move|p2b: Kangaskhan|Fake Out|p1b: Charizard
|-damage|p1b: Charizard|76/100
|move|p2a: Tsareena|Triple Axel|p1a: Whimsicott
|-activate|p1a: Whimsicott|move: Protect
|
|upkeep
|turn|2
|
|t:|1782701635
|switch|p2a: Chandelure|Chandelure, L50, M|100/100
|detailschange|p1b: Charizard|Charizard-Mega-Y, L50, M, shiny
|-mega|p1b: Charizard|Charizard|Charizardite Y
|-weather|SunnyDay|[from] ability: Drought|[of] p1b: Charizard
|move|p1a: Whimsicott|Tailwind|p1a: Whimsicott
|-sidestart|p1: DillyDillyP4206977|move: Tailwind
|move|p1b: Charizard|Heat Wave|p2b: Kangaskhan|[spread] p2b
|-start|p2a: Chandelure|ability: Flash Fire
|-damage|p2b: Kangaskhan|24/100
|move|p2b: Kangaskhan|Double-Edge|p1a: Whimsicott
|-damage|p1a: Whimsicott|36/100
|-damage|p2b: Kangaskhan|8/100|[from] Recoil
|
|-weather|SunnyDay|[upkeep]
|upkeep
|turn|3
|
|t:|1782701665
|move|p1a: Whimsicott|Encore|p2b: Kangaskhan
|-start|p2b: Kangaskhan|Encore
|move|p1b: Charizard|Hurricane|p2a: Chandelure
|-crit|p2a: Chandelure
|-enditem|p2a: Chandelure|Focus Sash
|-damage|p2a: Chandelure|1/100
|move|p2b: Kangaskhan|Double-Edge|p1b: Charizard
|-damage|p1b: Charizard|11/100
|-damage|p2b: Kangaskhan|0 fnt|[from] Recoil
|faint|p2b: Kangaskhan
|move|p2a: Chandelure|Trick Room|p2a: Chandelure
|-fieldstart|move: Trick Room|[of] p2a: Chandelure
|
|-weather|SunnyDay|[upkeep]
|upkeep
|
|t:|1782701682
|switch|p2b: Milotic|Milotic, L50, F, shiny|100/100
|turn|4
|
|t:|1782701693
|move|p1b: Charizard|Protect|p1b: Charizard
|-singleturn|p1b: Charizard|Protect
|move|p1a: Whimsicott|Encore|p2a: Chandelure
|-start|p2a: Chandelure|Encore
|move|p2b: Milotic|Coil|p2b: Milotic
|-boost|p2b: Milotic|atk|1
|-boost|p2b: Milotic|def|1
|-boost|p2b: Milotic|accuracy|1
|move|p2a: Chandelure|Trick Room|p2a: Chandelure
|-fieldend|move: Trick Room
|
|-weather|SunnyDay|[upkeep]
|upkeep
|turn|5
|
|t:|1782701719
|move|p2b: Milotic|Protect|p2b: Milotic
|-singleturn|p2b: Milotic|Protect
|move|p1a: Whimsicott|Moonblast|p2a: Chandelure
|-resisted|p2a: Chandelure|1
|-damage|p2a: Chandelure|0 fnt
|faint|p2a: Chandelure
|move|p1b: Charizard|Solar Beam||[still]
|-prepare|p1b: Charizard|Solar Beam
|-anim|p1b: Charizard|Solar Beam|p2b: Milotic
|-activate|p2b: Milotic|move: Protect
|
|-weather|SunnyDay|[upkeep]
|-sideend|p1: DillyDillyP4206977|move: Tailwind
|upkeep
|
|t:|1782701731
|switch|p2a: Tsareena|Tsareena, L50, F, shiny|100/100
|turn|6
|
|t:|1782701752
|move|p1a: Whimsicott|Tailwind|p1a: Whimsicott
|-sidestart|p1: DillyDillyP4206977|move: Tailwind
|move|p1b: Charizard|Solar Beam||[still]
|-prepare|p1b: Charizard|Solar Beam
|-anim|p1b: Charizard|Solar Beam|p2b: Milotic
|-supereffective|p2b: Milotic|1
|-damage|p2b: Milotic|18/100
|move|p2a: Tsareena|Triple Axel|p1b: Charizard|[miss]
|-miss|p2a: Tsareena|p1b: Charizard
|move|p2b: Milotic|Ice Beam|p1a: Whimsicott
|-supereffective|p1a: Whimsicott|1
|-damage|p1a: Whimsicott|0 fnt
|faint|p1a: Whimsicott
|
|-weather|none
|-heal|p2b: Milotic|24/100|[from] item: Leftovers
|upkeep
|
|t:|1782701765
|switch|p1a: Pangoro|Pangoro, L50, F, shiny|100/100
|turn|7
|
|t:|1782701779
|move|p2b: Milotic|Protect|p2b: Milotic
|-singleturn|p2b: Milotic|Protect
|move|p1b: Charizard|Heat Wave|p2b: Milotic|[spread] p2a
|-activate|p2b: Milotic|move: Protect
|-supereffective|p2a: Tsareena|1
|-damage|p2a: Tsareena|0 fnt
|faint|p2a: Tsareena
|move|p1a: Pangoro|Thunder Punch|p2b: Milotic
|-activate|p2b: Milotic|move: Protect
|
|-heal|p2b: Milotic|30/100|[from] item: Leftovers
|upkeep
|turn|8
|
|t:|1782701795
|move|p1b: Charizard|Protect|p1b: Charizard
|-singleturn|p1b: Charizard|Protect
|move|p1a: Pangoro|Thunder Punch|p2b: Milotic
|-supereffective|p2b: Milotic|1
|-damage|p2b: Milotic|0 fnt
|faint|p2b: Milotic
|-damage|p1a: Pangoro|90/100|[from] item: Life Orb
|
|win|DillyDillyP4206977
||DillyDillyP4206977 is ready for game 3.
|inactive|Bobfuzzy1 has 30 seconds to confirm battle start!
||Bobfuzzy1 is ready for game 3.
|uhtml|next|Next: Game 3 of 3
|l|☆Bobfuzzy1
|player|p2|
