|j|☆Tag2004
|j|☆Mohamedcarnicero
|html|Tag2004Mohamedcarnicero    
|uhtml|bestof|Game 1 of a best-of-3
|t:|1783704943
|gametype|doubles
|player|p1|Tag2004|koga|1152
|player|p2|Mohamedcarnicero|steven|1075
|gen|9
|tier|[Gen 9 Champions] VGC 2026 Reg M-B (Bo3)
|rated|
|rule|Species Clause: Limit one of each Pokémon
|rule|Item Clause: Limit 1 of each item
|clearpoke
|poke|p1|Venusaur, L50, F|
|poke|p1|Hydreigon, L50, F|
|poke|p1|Grimmsnarl, L50, M|
|poke|p1|Pelipper, L50, M|
|poke|p1|Archaludon, L50, F|
|poke|p1|Swampert, L50, M|
|poke|p2|Garchomp, L50, M|
|poke|p2|Whimsicott, L50, F|
|poke|p2|Metagross, L50|
|poke|p2|Hydreigon, L50, F|
|poke|p2|Basculegion, L50, M|
|poke|p2|Charizard, L50, M|
|teampreview|4
|showteam|p1|Venusaur||Venusaurite|Chlorophyll|SludgeBomb,Protect,EarthPower,GigaDrain|Modest||F|||50|]Hydreigon||ChoiceScarf|Levitate|DarkPulse,DracoMeteor,Snarl,Uturn|Modest||F|||50|]Grimmsnarl||LightClay|Prankster|PartingShot,Reflect,LightScreen,SpiritBreak|Careful||M|||50|]Pelipper||SitrusBerry|Drizzle|Hurricane,WeatherBall,Tailwind,WideGuard|Modest||M|||50|]Archaludon||Leftovers|Stamina|ElectroShot,FlashCannon,DragonPulse,Protect|Modest||F|||50|]Swampert||Swampertite|Damp|Protect,WaveCrash,HighHorsepower,IcePunch|Adamant||M|||50|
|showteam|p2|Garchomp||LifeOrb|SandVeil|Protect,DragonClaw,Earthquake,RockSlide|Jolly||M|||50|]Whimsicott||FocusSash|Prankster|Protect,Tailwind,Moonblast,Encore|Timid||F|||50|]Metagross||Metagrossite|ClearBody|Protect,IronHead,IcePunch,PsychicFangs|Jolly|||||50|]Hydreigon||ChoiceScarf|Levitate|Snarl,DarkPulse,HeatWave,DracoMeteor|Modest||F|||50|]Basculegion||MysticWater|SwiftSwim|Protect,AquaJet,WaveCrash,LastRespects|Jolly||M|||50|]Charizard||CharizarditeY|SolarPower|Protect,HeatWave,Flamethrower,SolarBeam|Timid||M|||50|
|inactive|Battle timer is ON: inactive players will automatically lose when time's up. (requested by Tag2004)
|j| Tyho45
|inactive|Tag2004 has 60 seconds left.
|inactive|Mohamedcarnicero has 60 seconds left.
|
|t:|1783705002
|teamsize|p1|4
|teamsize|p2|4
|start
|switch|p1a: Grimmsnarl|Grimmsnarl, L50, M|100/100
|switch|p1b: Archaludon|Archaludon, L50, F|100/100
|switch|p2a: Hydreigon|Hydreigon, L50, F|100/100
|switch|p2b: Garchomp|Garchomp, L50, M|100/100
|turn|1
|inactive|Tag2004 has 30 seconds left.
|inactive|Mohamedcarnicero has 30 seconds left.
|inactive|Mohamedcarnicero has 20 seconds left.
|
|t:|1783705041
|switch|p2a: Charizard|Charizard, L50, M|100/100
|move|p1b: Archaludon|Protect|p1b: Archaludon
|-singleturn|p1b: Archaludon|Protect
|move|p1a: Grimmsnarl|Reflect|p1a: Grimmsnarl
|-sidestart|p1: Tag2004|Reflect
|move|p2b: Garchomp|Earthquake|p1a: Grimmsnarl|[spread] p1a
|-activate|p1b: Archaludon|move: Protect
|-immune|p2a: Charizard
|-damage|p1a: Grimmsnarl|64/100
|-damage|p2b: Garchomp|90/100|[from] item: Life Orb
|
|upkeep
|turn|2
|inactive|Tag2004 has 30 seconds left.
|inactive|Mohamedcarnicero has 30 seconds left.
|
|t:|1783705073
|move|p1a: Grimmsnarl|Parting Shot|p2a: Charizard
|-unboost|p2a: Charizard|atk|1
|-unboost|p2a: Charizard|spa|1
|
|t:|1783705082
|switch|p1a: Pelipper|Pelipper, L50, M|100/100|[from] Parting Shot
|-weather|RainDance|[from] ability: Drizzle|[of] p1a: Pelipper
|move|p2b: Garchomp|Earthquake|p1a: Pelipper|[spread] p1b
|-immune|p2a: Charizard
|-immune|p1a: Pelipper
|-supereffective|p1b: Archaludon|1
|-damage|p1b: Archaludon|54/100
|-ability|p1b: Archaludon|Stamina|boost
|-boost|p1b: Archaludon|def|1
|-damage|p2b: Garchomp|80/100|[from] item: Life Orb
|move|p2a: Charizard|Heat Wave|p1b: Archaludon|[spread] p1a,p1b
|-resisted|p1a: Pelipper|1
|-damage|p1a: Pelipper|94/100
|-damage|p1b: Archaludon|43/100
|-ability|p1b: Archaludon|Stamina|boost
|-boost|p1b: Archaludon|def|1
|move|p1b: Archaludon|Dragon Pulse|p2b: Garchomp
|-supereffective|p2b: Garchomp|1
|-crit|p2b: Garchomp
|-damage|p2b: Garchomp|0 fnt
|faint|p2b: Garchomp
|
|-weather|RainDance|[upkeep]
|-heal|p1b: Archaludon|49/100|[from] item: Leftovers
|upkeep
|
|t:|1783705093
|switch|p2b: Hydreigon|Hydreigon, L50, F|100/100
|turn|3
|
|t:|1783705114
|switch|p2a: Basculegion|Basculegion, L50, M|100/100
|switch|p1a: Grimmsnarl|Grimmsnarl, L50, M|64/100
|move|p1b: Archaludon|Protect|p1b: Archaludon
|-singleturn|p1b: Archaludon|Protect
|move|p2b: Hydreigon|Draco Meteor|p1b: Archaludon
|-activate|p1b: Archaludon|move: Protect
|
|-weather|RainDance|[upkeep]
|-heal|p1b: Archaludon|55/100|[from] item: Leftovers
|upkeep
|turn|4
|
|t:|1783705133
|move|p2a: Basculegion|Wave Crash|p1a: Grimmsnarl
|-damage|p1a: Grimmsnarl|0 fnt
|faint|p1a: Grimmsnarl
|-damage|p2a: Basculegion|78/100|[from] Recoil
|move|p2b: Hydreigon|Draco Meteor|p1b: Archaludon
|-damage|p1b: Archaludon|0 fnt
|-unboost|p2b: Hydreigon|spa|2
|faint|p1b: Archaludon
|
|-weather|RainDance|[upkeep]
|upkeep
|
|t:|1783705144
|switch|p1b: Swampert|Swampert, L50, M|100/100
|switch|p1a: Pelipper|Pelipper, L50, M|94/100
|turn|5
|
|t:|1783705164
|move|p2a: Basculegion|Protect|p2a: Basculegion
|-singleturn|p2a: Basculegion|Protect
|move|p2b: Hydreigon|Draco Meteor|p1a: Pelipper
|-damage|p1a: Pelipper|51/100
|-unboost|p2b: Hydreigon|spa|2
|move|p1b: Swampert|Wave Crash|p2b: Hydreigon
|-resisted|p2b: Hydreigon|1
|-damage|p2b: Hydreigon|54/100
|-damage|p1b: Swampert|85/100|[from] Recoil
|move|p1a: Pelipper|Tailwind|p1a: Pelipper
|-sidestart|p1: Tag2004|move: Tailwind
|
|-weather|RainDance|[upkeep]
|upkeep
|turn|6
|inactive|Tag2004 has 30 seconds left.
|
|t:|1783705191
|detailschange|p1b: Swampert|Swampert-Mega, L50, M
|-mega|p1b: Swampert|Swampert|Swampertite
|move|p1b: Swampert|High Horsepower|p2a: Basculegion
|-damage|p2a: Basculegion|12/100
|move|p2a: Basculegion|Last Respects|p1a: Pelipper
|-damage|p1a: Pelipper|19/100
|-enditem|p1a: Pelipper|Sitrus Berry|[eat]
|-heal|p1a: Pelipper|43/100|[from] item: Sitrus Berry
|move|p2b: Hydreigon|Draco Meteor|p1a: Pelipper
|-damage|p1a: Pelipper|18/100
|-unboost|p2b: Hydreigon|spa|2
|move|p1a: Pelipper|Hurricane|p2a: Basculegion
|-damage|p2a: Basculegion|0 fnt
|faint|p2a: Basculegion
|
|-weather|none
|upkeep
|
|t:|1783705193
|switch|p2a: Charizard|Charizard, L50, M|100/100
|turn|7
|
|t:|1783705217
|detailschange|p2a: Charizard|Charizard-Mega-Y, L50, M
|-mega|p2a: Charizard|Charizard|Charizardite Y
|-weather|SunnyDay|[from] ability: Drought|[of] p2a: Charizard
|move|p1b: Swampert|Wave Crash|p2a: Charizard
|-supereffective|p2a: Charizard|1
|-damage|p2a: Charizard|10/100
|-damage|p1b: Swampert|59/100|[from] Recoil
|move|p2b: Hydreigon|Draco Meteor|p1a: Pelipper
|-damage|p1a: Pelipper|0 fnt
|faint|p1a: Pelipper
|move|p2a: Charizard|Solar Beam||[still]
|-prepare|p2a: Charizard|Solar Beam
|-anim|p2a: Charizard|Solar Beam|p1b: Swampert
|-supereffective|p1b: Swampert|2
|-damage|p1b: Swampert|0 fnt
|faint|p1b: Swampert
|
|win|Mohamedcarnicero
