|j|☆We_Are_Toasted
|j|☆chaoticfarmer
|html|We_Are_Toastedchaoticfarmer    
|uhtml|bestof|Game 2 of a best-of-3
|t:|1757127124
|gametype|doubles
|player|p1|We_Are_Toasted|larry|1160
|player|p2|chaoticfarmer|norman|1284
|gen|9
|tier|[Gen 9] VGC 2025 Reg H (Bo3)
|rated|
|rule|Species Clause: Limit one of each Pokémon
|rule|Item Clause: Limit 1 of each item
|clearpoke
|poke|p1|Hydreigon, L50, M|
|poke|p1|Incineroar, L50, M|
|poke|p1|Porygon2, L50|
|poke|p1|Ursaluna, L50, M|
|poke|p1|Amoonguss, L50, F|
|poke|p1|Gholdengo, L50|
|poke|p2|Rillaboom, L50, M|
|poke|p2|Pelipper, L50, F|
|poke|p2|Sneasler, L50, M|
|poke|p2|Cetitan, L50, F|
|poke|p2|Malamar, L50, F|
|poke|p2|Ursaluna-Bloodmoon, L50, M|
|teampreview|4
|showteam|p1|Hydreigon||SafetyGoggles|Levitate|Snarl,DracoMeteor,Tailwind,Protect|||M|||50|,,,,,Ghost]Incineroar||SitrusBerry|Intimidate|FlareBlitz,KnockOff,PartingShot,FakeOut|||M|||50|,,,,,Ghost]Porygon2||Eviolite|Download|TeraBlast,IceBeam,TrickRoom,Recover||||||50|,,,,,Fighting]Ursaluna||FlameOrb|Guts|Facade,HeadlongRush,Earthquake,Protect|||M|||50|,,,,,Ghost]Amoonguss||RockyHelmet|Regenerator|PollenPuff,Spore,RagePowder,Protect|||F|||50|,,,,,Fire]Gholdengo||MetalCoat|GoodasGold|MakeItRain,ShadowBall,NastyPlot,Protect||||||50|,,,,,Water
|showteam|p2|Rillaboom||AssaultVest|GrassySurge|FakeOut,GrassyGlide,WoodHammer,Uturn|||M|||50|,,,,,Fire]Pelipper||FocusSash|Drizzle|Tailwind,Hurricane,Protect,WeatherBall|||F|||50|,,,,,Fairy]Sneasler||GrassySeed|Unburden|CloseCombat,DireClaw,ThroatChop,Protect|||M|||50|,,,,,Dark]Cetitan||LifeOrb|SheerForce|IcicleCrash,Liquidation,IceShard,Protect|||F|||50|,,,,,Water]Malamar||CovertCloak|Contrary|TopsyTurvy,KnockOff,Superpower,TrickRoom|||F|||50|,,,,,Steel]Ursaluna-Bloodmoon||SafetyGoggles|MindsEye|BloodMoon,HyperVoice,EarthPower,Protect|||M|||50|,,,,,Ghost
|inactive|Battle timer is ON: inactive players will automatically lose when time's up. (requested by chaoticfarmer)
|inactive|We_Are_Toasted has 60 seconds left.
|inactive|chaoticfarmer has 60 seconds left.
|inactive|We_Are_Toasted has 30 seconds left.
|inactive|chaoticfarmer has 30 seconds left.
|inactive|We_Are_Toasted has 20 seconds left.
|inactive|chaoticfarmer has 20 seconds left.
|inactive|We_Are_Toasted has 15 seconds left.
|inactive|chaoticfarmer has 15 seconds left.
|inactive|chaoticfarmer has 10 seconds left.
|
|t:|1757127208
|teamsize|p1|4
|teamsize|p2|4
|start
|switch|p1a: Porygon2|Porygon2, L50|100/100
|switch|p1b: Amoonguss|Amoonguss, L50, F, shiny|100/100
|switch|p2a: Malamar|Malamar, L50, F|100/100
|switch|p2b: Cetitan|Cetitan, L50, F|100/100
|-ability|p1a: Porygon2|Download|boost
|-boost|p1a: Porygon2|spa|1
|turn|1
|inactive|We_Are_Toasted has 30 seconds left.
|inactive|chaoticfarmer has 30 seconds left.
|inactive|We_Are_Toasted has 20 seconds left.
|inactive|We_Are_Toasted has 15 seconds left.
|inactive|We_Are_Toasted has 10 seconds left.
|inactive|We_Are_Toasted has 5 seconds left.
|
|t:|1757127261
|move|p1b: Amoonguss|Protect|p1b: Amoonguss
|-singleturn|p1b: Amoonguss|Protect
|move|p2b: Cetitan|Icicle Crash|p1b: Amoonguss
|-activate|p1b: Amoonguss|move: Protect
|move|p2a: Malamar|Topsy-Turvy|p1a: Porygon2
|-invertboost|p1a: Porygon2|[from] move: Topsy-Turvy
|move|p1a: Porygon2|Tera Blast|p2b: Cetitan
|-damage|p2b: Cetitan|78/100
|
|upkeep
|turn|2
|inactive|We_Are_Toasted has 30 seconds left.
|inactive|chaoticfarmer has 30 seconds left.
|inactive|We_Are_Toasted has 20 seconds left.
|
|t:|1757127297
|-terastallize|p1b: Amoonguss|Fire
|move|p2b: Cetitan|Icicle Crash|p1b: Amoonguss
|-resisted|p1b: Amoonguss
|-damage|p1b: Amoonguss|69/100
|move|p2a: Malamar|Knock Off|p1b: Amoonguss
|-damage|p1b: Amoonguss|29/100
|-damage|p2a: Malamar|84/100|[from] item: Rocky Helmet|[of] p1b: Amoonguss
|-enditem|p1b: Amoonguss|Rocky Helmet|[from] move: Knock Off|[of] p2a: Malamar
|move|p1b: Amoonguss|Spore|p2a: Malamar
|-status|p2a: Malamar|slp|[from] move: Spore
|move|p1a: Porygon2|Trick Room|p1a: Porygon2
|-fieldstart|move: Trick Room|[of] p1a: Porygon2
|
|upkeep
|turn|3
|
|t:|1757127317
|switch|p1a: Ursaluna|Ursaluna, L50, M|100/100
|switch|p2b: Ursaluna|Ursaluna-Bloodmoon, L50, M|100/100
|move|p1b: Amoonguss|Spore|p2b: Ursaluna
|-activate|p2b: Ursaluna|item: Safety Goggles|Spore
|cant|p2a: Malamar|slp
|
|-status|p1a: Ursaluna|brn|[from] item: Flame Orb
|upkeep
|turn|4
|inactive|We_Are_Toasted has 30 seconds left.
|inactive|We_Are_Toasted has 20 seconds left.
|inactive|We_Are_Toasted has 15 seconds left.
|inactive|We_Are_Toasted has 10 seconds left.
|inactive|We_Are_Toasted has 5 seconds left.
|
|t:|1757127370
|-terastallize|p2b: Ursaluna|Ghost
|move|p1b: Amoonguss|Pollen Puff|p1a: Ursaluna
|move|p2b: Ursaluna|Blood Moon|p1a: Ursaluna
|-damage|p1a: Ursaluna|19/100 brn
|move|p1a: Ursaluna|Headlong Rush|p2b: Ursaluna
|-damage|p2b: Ursaluna|23/100
|-unboost|p1a: Ursaluna|def|1
|-unboost|p1a: Ursaluna|spd|1
|cant|p2a: Malamar|slp
|
|-damage|p1a: Ursaluna|14/100 brn|[from] brn
|upkeep
|turn|5
|inactive|We_Are_Toasted has 30 seconds left.
|inactive|We_Are_Toasted has 20 seconds left.
|
|t:|1757127407
|switch|p1b: Porygon2|Porygon2, L50|100/100
|-ability|p1b: Porygon2|Download|boost
|-boost|p1b: Porygon2|spa|1
|move|p1a: Ursaluna|Protect|p1a: Ursaluna
|-singleturn|p1a: Ursaluna|Protect
|move|p2b: Ursaluna|Hyper Voice|p1b: Porygon2|[spread] p1b
|-activate|p1a: Ursaluna|move: Protect
|-damage|p1b: Porygon2|75/100
|cant|p2a: Malamar|slp
|
|-damage|p1a: Ursaluna|8/100 brn|[from] brn
|upkeep
|turn|6
|inactive|chaoticfarmer has 30 seconds left.
|
|t:|1757127433
|move|p2b: Ursaluna|Protect|p2b: Ursaluna
|-singleturn|p2b: Ursaluna|Protect
|move|p1b: Porygon2|Ice Beam|p2b: Ursaluna
|-activate|p2b: Ursaluna|move: Protect
|move|p1a: Ursaluna|Facade|p2a: Malamar
|-damage|p2a: Malamar|0 fnt
|faint|p2a: Malamar
|
|-damage|p1a: Ursaluna|2/100 brn|[from] brn
|-fieldend|move: Trick Room
|upkeep
|
|t:|1757127454
|switch|p2a: Pelipper|Pelipper, L50, F|100/100
|-weather|RainDance|[from] ability: Drizzle|[of] p2a: Pelipper
|turn|7
|inactive|We_Are_Toasted has 30 seconds left.
|
|t:|1757127485
|move|p2a: Pelipper|Hurricane|p1a: Ursaluna
|-damage|p1a: Ursaluna|0 fnt
|faint|p1a: Ursaluna
|move|p1b: Porygon2|Tera Blast|p2b: Ursaluna
|-immune|p2b: Ursaluna
|move|p2b: Ursaluna|Blood Moon|p1b: Porygon2
|-damage|p1b: Porygon2|23/100
|
|-weather|RainDance|[upkeep]
|upkeep
|
|t:|1757127494
|switch|p1a: Gholdengo|Gholdengo, L50|100/100
|turn|8
|inactive|We_Are_Toasted has 30 seconds left.
|inactive|chaoticfarmer has 30 seconds left.
|inactive|We_Are_Toasted has 20 seconds left.
|inactive|chaoticfarmer has 20 seconds left.
|inactive|We_Are_Toasted has 15 seconds left.
|inactive|We_Are_Toasted has 10 seconds left.
|
|t:|1757127543
|move|p2a: Pelipper|Protect|p2a: Pelipper
|-singleturn|p2a: Pelipper|Protect
|move|p1a: Gholdengo|Protect|p1a: Gholdengo
|-singleturn|p1a: Gholdengo|Protect
|move|p2b: Ursaluna|Earth Power|p1a: Gholdengo
|-activate|p1a: Gholdengo|move: Protect
|move|p1b: Porygon2|Trick Room|p1b: Porygon2
|-fieldstart|move: Trick Room|[of] p1b: Porygon2
|
|-weather|RainDance|[upkeep]
|upkeep
|turn|9
|inactive|We_Are_Toasted has 30 seconds left.
|inactive|chaoticfarmer has 30 seconds left.
|inactive|We_Are_Toasted has 20 seconds left.
|inactive|chaoticfarmer has 20 seconds left.
|inactive|We_Are_Toasted has 15 seconds left.
|inactive|We_Are_Toasted has 10 seconds left.
|inactive|We_Are_Toasted has 5 seconds left.
|
|t:|1757127597
|move|p2b: Ursaluna|Hyper Voice|p1b: Porygon2|[spread] p1a,p1b
|-resisted|p1a: Gholdengo
|-damage|p1a: Gholdengo|80/100
|-damage|p1b: Porygon2|1/100
|move|p1b: Porygon2|Recover|p1b: Porygon2
|-heal|p1b: Porygon2|51/100
|move|p1a: Gholdengo|Shadow Ball|p2b: Ursaluna
|-supereffective|p2b: Ursaluna
|-damage|p2b: Ursaluna|0 fnt
|faint|p2b: Ursaluna
|move|p2a: Pelipper|Hurricane|p1a: Gholdengo
|-resisted|p1a: Gholdengo
|-damage|p1a: Gholdengo|57/100
|
|-weather|RainDance|[upkeep]
|upkeep
|
|t:|1757127610
|switch|p2b: Cetitan|Cetitan, L50, F|78/100
|turn|10
|inactive|We_Are_Toasted has 30 seconds left.
|inactive|chaoticfarmer has 30 seconds left.
|inactive|chaoticfarmer has 20 seconds left.
|inactive|We_Are_Toasted has 20 seconds left.
|
|t:|1757127653
|move|p1b: Porygon2|Tera Blast|p2b: Cetitan
|-damage|p2b: Cetitan|22/100
|move|p2b: Cetitan|Liquidation|p1b: Porygon2
|-damage|p1b: Porygon2|6/100
|move|p1a: Gholdengo|Make It Rain|p2a: Pelipper|[spread] p2a,p2b
|-resisted|p2a: Pelipper
|-supereffective|p2b: Cetitan
|-damage|p2a: Pelipper|47/100
|-damage|p2b: Cetitan|0 fnt
|-unboost|p1a: Gholdengo|spa|1
|faint|p2b: Cetitan
|move|p2a: Pelipper|Hurricane|p1a: Gholdengo
|-resisted|p1a: Gholdengo
|-damage|p1a: Gholdengo|31/100
|-start|p1a: Gholdengo|confusion
|
|-weather|RainDance|[upkeep]
|upkeep
|turn|11
|
|t:|1757127672
|move|p1b: Porygon2|Recover|p1b: Porygon2
|-heal|p1b: Porygon2|56/100
|-activate|p1a: Gholdengo|confusion
|-damage|p1a: Gholdengo|27/100|[from] confusion
|move|p2a: Pelipper|Weather Ball|p1a: Gholdengo
|-damage|p1a: Gholdengo|0 fnt
|faint|p1a: Gholdengo
|
|-weather|none
|upkeep
|
|t:|1757127678
|switch|p1a: Amoonguss|Amoonguss, L50, F, shiny, tera:Fire|63/100
|turn|12
|inactive|We_Are_Toasted has 30 seconds left.
|
|t:|1757127685
|move|p2a: Pelipper|Protect|p2a: Pelipper
|-singleturn|p2a: Pelipper|Protect
|move|p1a: Amoonguss|Spore|p2a: Pelipper
|-activate|p2a: Pelipper|move: Protect
|move|p1b: Porygon2|Recover|p1b: Porygon2
|-heal|p1b: Porygon2|100/100
|
|-fieldend|move: Trick Room
|upkeep
|turn|13
|inactive|We_Are_Toasted has 30 seconds left this turn.
|
|t:|1757127691
|move|p1a: Amoonguss|Rage Powder|p1a: Amoonguss
|-singleturn|p1a: Amoonguss|move: Rage Powder
|move|p2a: Pelipper|Hurricane|p1a: Amoonguss
|-damage|p1a: Amoonguss|27/100
|-start|p1a: Amoonguss|confusion
|move|p1b: Porygon2|Tera Blast|p2a: Pelipper
|-damage|p2a: Pelipper|0 fnt
|faint|p2a: Pelipper
|
|win|We_Are_Toasted
|raw|We_Are_Toasted's rating: 1160 → 1194(+34 for winning)
|raw|chaoticfarmer's rating: 1284 → 1250(-34 for losing)
|l|☆chaoticfarmer
|player|p2|
