|j|☆WolfofSigmar
|j|☆Caiekeru4321
|html|WolfofSigmarCaiekeru4321    
|uhtml|bestof|Game 2 of a best-of-3
|t:|1757747457
|gametype|doubles
|player|p1|WolfofSigmar|ogreclan|1220
|player|p2|Caiekeru4321|101|1151
|gen|9
|tier|[Gen 9] VGC 2025 Reg H (Bo3)
|rated|
|rule|Species Clause: Limit one of each Pokémon
|rule|Item Clause: Limit 1 of each item
|clearpoke
|poke|p1|Indeedee-F, L50, F|
|poke|p1|Armarouge, L50, F|
|poke|p1|Ursaluna, L50, F|
|poke|p1|Incineroar, L50, M|
|poke|p1|Sneasler, L50, F|
|poke|p1|Gholdengo, L50|
|poke|p2|Kommo-o, L50, M|
|poke|p2|Incineroar, L50, M|
|poke|p2|Tyranitar, L50, F|
|poke|p2|Excadrill, L50, F|
|poke|p2|Amoonguss, L50, F|
|poke|p2|Basculegion, L50, M|
|teampreview|4
|showteam|p1|Indeedee-F||PsychicSeed|PsychicSurge|Psychic,FollowMe,HelpingHand,TrickRoom|||F|||50|,,,,,Water]Armarouge||LifeOrb|FlashFire|ExpandingForce,ArmorCannon,Protect,TrickRoom|||F|||50|,,,,,Grass]Ursaluna||FlameOrb|Guts|Facade,HeadlongRush,Earthquake,Protect|||F|||50|,,,,,Ghost]Incineroar||SafetyGoggles|Intimidate|FakeOut,FlareBlitz,PartingShot,KnockOff|||M|||50|,,,,,Ghost]Sneasler||FocusSash|Unburden|DireClaw,CloseCombat,FakeOut,Protect|||F|||50|,,,,,Stellar]Gholdengo||Leftovers|GoodasGold|MakeItRain,ShadowBall,NastyPlot,Protect||||||50|,,,,,Dragon
|showteam|p2|Kommo-o||ThroatSpray|Overcoat|Protect,ClangingScales,ClangorousSoul,Flamethrower|||M|||50|,,,,,Steel]Incineroar||SafetyGoggles|Intimidate|FakeOut,KnockOff,FlareBlitz,PartingShot|||M|||50|,,,,,Ghost]Tyranitar||AssaultVest|SandStream|KnockOff,RockSlide,TeraBlast,LowKick|||F|||50|,,,,,Flying]Excadrill||FocusSash|SandRush|HighHorsepower,Earthquake,IronHead,Protect|||F|||50|,,,,,Ground]Amoonguss||SitrusBerry|Regenerator|PollenPuff,RagePowder,Spore,ClearSmog|||F|||50|,,,,,Water]Basculegion||ChoiceScarf|Adaptability|FlipTurn,LastRespects,WaveCrash,TeraBlast|||M|||50|,,,,,Grass
|inactive|Battle timer is ON: inactive players will automatically lose when time's up. (requested by WolfofSigmar)
|inactive|Caiekeru4321 has 60 seconds left.
|
|t:|1757747490
|teamsize|p1|4
|teamsize|p2|4
|start
|switch|p1a: Armarouge|Armarouge, L50, F, shiny|100/100
|switch|p1b: Incineroar|Incineroar, L50, M|100/100
|switch|p2a: Tyranitar|Tyranitar, L50, F|100/100
|switch|p2b: Basculegion|Basculegion, L50, M|100/100
|-weather|Sandstorm|[from] ability: Sand Stream|[of] p2a: Tyranitar
|-ability|p1b: Incineroar|Intimidate|boost
|-unboost|p2a: Tyranitar|atk|1
|-unboost|p2b: Basculegion|atk|1
|turn|1
|
|t:|1757747511
|-terastallize|p1a: Armarouge|Grass
|move|p1b: Incineroar|Fake Out|p2a: Tyranitar
|-resisted|p2a: Tyranitar
|-damage|p2a: Tyranitar|96/100
|move|p2b: Basculegion|Flip Turn|p1b: Incineroar
|-supereffective|p1b: Incineroar
|-damage|p1b: Incineroar|55/100
|
|t:|1757747518
|switch|p2b: Incineroar|Incineroar, L50, M|100/100|[from] Flip Turn
|-ability|p2b: Incineroar|Intimidate|boost
|-unboost|p1a: Armarouge|atk|1
|-unboost|p1b: Incineroar|atk|1
|cant|p2a: Tyranitar|flinch
|move|p1a: Armarouge|Trick Room|p1a: Armarouge
|-fieldstart|move: Trick Room|[of] p1a: Armarouge
|
|-weather|Sandstorm|[upkeep]
|-damage|p1a: Armarouge|95/100|[from] Sandstorm
|upkeep
|turn|2
|
|t:|1757747541
|move|p1a: Armarouge|Protect|p1a: Armarouge
|-singleturn|p1a: Armarouge|Protect
|move|p2b: Incineroar|Flare Blitz|p1a: Armarouge
|-activate|p1a: Armarouge|move: Protect
|move|p1b: Incineroar|Knock Off|p2a: Tyranitar
|-resisted|p2a: Tyranitar
|-damage|p2a: Tyranitar|86/100
|-enditem|p2a: Tyranitar|Assault Vest|[from] move: Knock Off|[of] p1b: Incineroar
|move|p2a: Tyranitar|Rock Slide|p1a: Armarouge|[spread] p1b
|-activate|p1a: Armarouge|move: Protect
|-supereffective|p1b: Incineroar
|-damage|p1b: Incineroar|21/100
|
|-weather|Sandstorm|[upkeep]
|-damage|p1a: Armarouge|89/100|[from] Sandstorm
|upkeep
|turn|3
|
|t:|1757747558
|move|p1a: Armarouge|Armor Cannon|p2a: Tyranitar
|-resisted|p2a: Tyranitar
|-damage|p2a: Tyranitar|61/100
|-unboost|p1a: Armarouge|def|1
|-unboost|p1a: Armarouge|spd|1
|-damage|p1a: Armarouge|79/100|[from] item: Life Orb
|move|p2b: Incineroar|Flare Blitz|p1a: Armarouge
|-start|p1a: Armarouge|ability: Flash Fire
|move|p1b: Incineroar|Flare Blitz|p2a: Tyranitar
|-resisted|p2a: Tyranitar
|-damage|p2a: Tyranitar|48/100
|-damage|p1b: Incineroar|17/100|[from] Recoil
|move|p2a: Tyranitar|Rock Slide|p1a: Armarouge|[spread] p1a,p1b
|-supereffective|p1b: Incineroar
|-damage|p1a: Armarouge|54/100
|-damage|p1b: Incineroar|0 fnt
|faint|p1b: Incineroar
|
|-weather|Sandstorm|[upkeep]
|-damage|p1a: Armarouge|48/100|[from] Sandstorm
|upkeep
|
|t:|1757747570
|switch|p1b: Sneasler|Sneasler, L50, F|100/100
|turn|4
|
|t:|1757747586
|switch|p1b: Indeedee|Indeedee-F, L50, F, shiny|100/100
|-fieldstart|move: Psychic Terrain|[from] ability: Psychic Surge|[of] p1b: Indeedee
|-enditem|p1b: Indeedee|Psychic Seed
|-boost|p1b: Indeedee|spd|1|[from] item: Psychic Seed
|move|p2b: Incineroar|Flare Blitz|p1b: Indeedee
|-damage|p1b: Indeedee|50/100
|-damage|p2b: Incineroar|85/100|[from] Recoil
|move|p2a: Tyranitar|Rock Slide|p1b: Indeedee|[spread] p1a,p1b
|-damage|p1a: Armarouge|21/100
|-damage|p1b: Indeedee|31/100
|move|p1a: Armarouge|Trick Room|p1a: Armarouge
|-fieldend|move: Trick Room
|
|-weather|Sandstorm|[upkeep]
|-damage|p1b: Indeedee|25/100|[from] Sandstorm
|-damage|p1a: Armarouge|15/100|[from] Sandstorm
|upkeep
|turn|5
|inactive|Caiekeru4321 has 30 seconds left.
|j| shepolimywrath
|
|t:|1757747615
|move|p1a: Armarouge|Protect|p1a: Armarouge
|-singleturn|p1a: Armarouge|Protect
|move|p1b: Indeedee|Follow Me|p1b: Indeedee
|-singleturn|p1b: Indeedee|move: Follow Me
|move|p2a: Tyranitar|Rock Slide|p1b: Indeedee|[spread] p1b
|-activate|p1a: Armarouge|move: Protect
|-damage|p1b: Indeedee|7/100
|move|p2b: Incineroar|Parting Shot|p1b: Indeedee
|-unboost|p1b: Indeedee|atk|1
|-unboost|p1b: Indeedee|spa|1
|l| shepolimywrath
|
|t:|1757747626
|switch|p2b: Basculegion|Basculegion, L50, M|100/100|[from] Parting Shot
|
|-weather|none
|upkeep
|turn|6
|
|t:|1757747636
|switch|p2a: Incineroar|Incineroar, L50, M|85/100
|-ability|p2a: Incineroar|Intimidate|boost
|-unboost|p1a: Armarouge|atk|1
|-unboost|p1b: Indeedee|atk|1
|move|p1b: Indeedee|Follow Me|p1b: Indeedee
|-singleturn|p1b: Indeedee|move: Follow Me
|move|p2b: Basculegion|Flip Turn|p1b: Indeedee
|-damage|p1b: Indeedee|0 fnt
|faint|p1b: Indeedee
|-message|WolfofSigmar forfeited.
|
|win|Caiekeru4321
|l|☆WolfofSigmar
|player|p1|
||WolfofSigmar is ready for game 3.
||Caiekeru4321 is ready for game 3.
|uhtml|next|Next: Game 3 of 3
|l|☆Caiekeru4321
|player|p2|
