|j|☆Slackermaru
|j|☆Gayangos
|html|SlackermaruGayangos    
|uhtml|bestof|Game 1 of a best-of-3
|t:|1757862281
|gametype|doubles
|player|p1|Slackermaru|workerice|1374
|player|p2|Gayangos|2|1444
|gen|9
|tier|[Gen 9] VGC 2025 Reg H (Bo3)
|rated|
|rule|Species Clause: Limit one of each Pokémon
|rule|Item Clause: Limit 1 of each item
|clearpoke
|poke|p1|Ursaluna, L50, F|
|poke|p1|Porygon2, L50|
|poke|p1|Incineroar, L50, F|
|poke|p1|Vivillon-Fancy, L50, M|
|poke|p1|Archaludon, L50, F|
|poke|p1|Primarina, L50, M|
|poke|p2|Dragapult, L50, F|
|poke|p2|Sneasler, L50, F|
|poke|p2|Incineroar, L50, M|
|poke|p2|Volcarona, L50, F|
|poke|p2|Rillaboom, L50, M|
|poke|p2|Kingambit, L50, F|
|teampreview|4
|showteam|p1|Ursaluna||FlameOrb|Guts|Protect,Earthquake,Facade,HeadlongRush|||F|||50|,,,,,Ghost]Porygon2||Eviolite|Download|TeraBlast,IceBeam,Recover,TrickRoom||||||50|,,,,,Fighting]Incineroar||AssaultVest|Intimidate|FlareBlitz,KnockOff,Uturn,FakeOut|||F|||50|,,,,,Grass]Vivillon-Fancy||FocusSash|CompoundEyes|Protect,Hurricane,Tailwind,SleepPowder|||M|||50|,,,,,Ghost]Archaludon||PowerHerb|Sturdy|Protect,ElectroShot,Thunderbolt,DragonPulse|||F|||50|,,,,,Electric]Primarina||LifeOrb|LiquidVoice|Protect,HyperVoice,Moonblast,Haze|||M|||50|,,,,,Bug
|showteam|p2|Dragapult||ChoiceBand|ClearBody|DragonDarts,Outrage,PhantomForce,Uturn|||F|||50|,,,,,Dragon]Sneasler||FocusSash|Unburden|DireClaw,CloseCombat,ThroatChop,Protect|||F|||50|,,,,,Stellar]Incineroar||SafetyGoggles|Intimidate|FakeOut,KnockOff,PartingShot,Taunt|||M|||50|,,,,,Ghost]Volcarona||GrassySeed|FlameBody|HeatWave,TeraBlast,QuiverDance,Protect|||F|||50|,,,,,Fairy]Rillaboom||AssaultVest|GrassySurge|FakeOut,WoodHammer,GrassyGlide,HighHorsepower|||M|||50|,,,,,Fire]Kingambit||BlackGlasses|Defiant|KowtowCleave,SuckerPunch,SwordsDance,Protect|||F|||50|,,,,,Dark
|
|t:|1757862319
|teamsize|p1|4
|teamsize|p2|4
|start
|switch|p1a: Incineroar|Incineroar, L50, F|100/100
|switch|p1b: Porygon2|Porygon2, L50|100/100
|switch|p2a: Dragapult|Dragapult, L50, F|100/100
|switch|p2b: Sneasler|Sneasler, L50, F|100/100
|-ability|p1a: Incineroar|Intimidate|boost
|-fail|p2a: Dragapult|unboost|[from] ability: Clear Body|[of] p2a: Dragapult
|-unboost|p2b: Sneasler|atk|1
|-ability|p1b: Porygon2|Download|boost
|-boost|p1b: Porygon2|atk|1
|turn|1
|inactive|Battle timer is ON: inactive players will automatically lose when time's up. (requested by Gayangos)
|
|t:|1757862340
|-terastallize|p2a: Dragapult|Dragon
|move|p1a: Incineroar|Fake Out|p2b: Sneasler
|-damage|p2b: Sneasler|79/100
|move|p2a: Dragapult|Outrage|p1a: Incineroar
|-damage|p1a: Incineroar|0 fnt
|faint|p1a: Incineroar
|cant|p2b: Sneasler|flinch
|move|p1b: Porygon2|Trick Room|p1b: Porygon2
|-fieldstart|move: Trick Room|[of] p1b: Porygon2
|
|upkeep
|
|t:|1757862352
|switch|p1a: Primarina|Primarina, L50, M|100/100
|turn|2
|
|t:|1757862363
|switch|p2b: Rillaboom|Rillaboom, L50, M|100/100
|-fieldstart|move: Grassy Terrain|[from] ability: Grassy Surge|[of] p2b: Rillaboom
|-terastallize|p1a: Primarina|Bug
|move|p1b: Porygon2|Ice Beam|p2a: Dragapult
|-supereffective|p2a: Dragapult
|-damage|p2a: Dragapult|24/100
|move|p1a: Primarina|Hyper Voice|p2a: Dragapult|[spread] p2a,p2b
|-resisted|p2a: Dragapult
|-resisted|p2b: Rillaboom
|-damage|p2a: Dragapult|0 fnt
|-damage|p2b: Rillaboom|85/100
|faint|p2a: Dragapult
|-damage|p1a: Primarina|91/100|[from] item: Life Orb
|
|-heal|p1a: Primarina|97/100|[from] Grassy Terrain
|-heal|p2b: Rillaboom|91/100|[from] Grassy Terrain
|upkeep
|
|t:|1757862376
|switch|p2a: Kingambit|Kingambit, L50, F|100/100
|turn|3
|
|t:|1757862386
|move|p2b: Rillaboom|Fake Out|p1a: Primarina
|-damage|p1a: Primarina|81/100
|move|p2a: Kingambit|Swords Dance|p2a: Kingambit
|-boost|p2a: Kingambit|atk|2
|move|p1b: Porygon2|Ice Beam|p2b: Rillaboom
|-supereffective|p2b: Rillaboom
|-damage|p2b: Rillaboom|50/100
|cant|p1a: Primarina|flinch
|
|-heal|p1a: Primarina|87/100|[from] Grassy Terrain
|-heal|p2b: Rillaboom|56/100|[from] Grassy Terrain
|upkeep
|turn|4
|
|t:|1757862408
|move|p1a: Primarina|Protect|p1a: Primarina
|-singleturn|p1a: Primarina|Protect
|move|p2a: Kingambit|Sucker Punch||[still]
|-fail|p2a: Kingambit
|move|p2b: Rillaboom|Wood Hammer|p1b: Porygon2
|-damage|p1b: Porygon2|55/100
|-damage|p2b: Rillaboom|42/100|[from] Recoil
|move|p1b: Porygon2|Trick Room|p1b: Porygon2
|-fieldend|move: Trick Room
|
|-heal|p2b: Rillaboom|48/100|[from] Grassy Terrain
|-heal|p1a: Primarina|93/100|[from] Grassy Terrain
|-heal|p1b: Porygon2|61/100|[from] Grassy Terrain
|upkeep
|turn|5
|
|t:|1757862432
|move|p2b: Rillaboom|Wood Hammer|p1b: Porygon2
|-damage|p1b: Porygon2|11/100
|-damage|p2b: Rillaboom|32/100|[from] Recoil
|move|p1a: Primarina|Haze|p1a: Primarina
|-clearallboost
|move|p1b: Porygon2|Recover|p1b: Porygon2
|-heal|p1b: Porygon2|61/100
|move|p2a: Kingambit|Kowtow Cleave|p1b: Porygon2
|-damage|p1b: Porygon2|26/100
|
|-heal|p2b: Rillaboom|38/100|[from] Grassy Terrain
|-heal|p1a: Primarina|99/100|[from] Grassy Terrain
|-heal|p1b: Porygon2|32/100|[from] Grassy Terrain
|upkeep
|turn|6
|
|t:|1757862452
|move|p2b: Rillaboom|Wood Hammer|p1b: Porygon2
|-crit|p1b: Porygon2
|-damage|p1b: Porygon2|0 fnt
|faint|p1b: Porygon2
|-damage|p2b: Rillaboom|28/100|[from] Recoil
|move|p1a: Primarina|Hyper Voice|p2b: Rillaboom|[spread] p2a,p2b
|-resisted|p2b: Rillaboom
|-damage|p2a: Kingambit|57/100
|-damage|p2b: Rillaboom|12/100
|-damage|p1a: Primarina|90/100|[from] item: Life Orb
|move|p2a: Kingambit|Kowtow Cleave|p1a: Primarina
|-damage|p1a: Primarina|16/100
|
|-heal|p2b: Rillaboom|18/100|[from] Grassy Terrain
|-heal|p1a: Primarina|23/100|[from] Grassy Terrain
|-heal|p2a: Kingambit|63/100|[from] Grassy Terrain
|-fieldend|move: Grassy Terrain
|upkeep
|
|t:|1757862466
|switch|p1b: Ursaluna|Ursaluna, L50, F|100/100
|turn|7
|
|t:|1757862473
|move|p1a: Primarina|Protect|p1a: Primarina
|-singleturn|p1a: Primarina|Protect
|move|p2a: Kingambit|Protect|p2a: Kingambit
|-singleturn|p2a: Kingambit|Protect
|move|p2b: Rillaboom|Wood Hammer|p1b: Ursaluna
|-supereffective|p1b: Ursaluna
|-damage|p1b: Ursaluna|12/100
|-damage|p2b: Rillaboom|0 fnt|[from] Recoil
|faint|p2b: Rillaboom
|move|p1b: Ursaluna|Earthquake|p2a: Kingambit|[spread] 
|-activate|p1a: Primarina|move: Protect
|-activate|p2a: Kingambit|move: Protect
|
|-status|p1b: Ursaluna|brn|[from] item: Flame Orb
|upkeep
|
|t:|1757862483
|switch|p2b: Sneasler|Sneasler, L50, F|79/100
|turn|8
|-message|Slackermaru forfeited.
|
|win|Gayangos
|l|☆Slackermaru
|player|p1|
||Slackermaru is ready for game 2.
||Gayangos is ready for game 2.
|uhtml|next|Next: Game 2 of 3
