|j|☆JustNQuan
|j|☆Blindfistin
|html|JustNQuanBlindfistin    
|uhtml|bestof|Game 1 of a best-of-3
|t:|1757638707
|gametype|doubles
|player|p1|JustNQuan|benga|1169
|player|p2|Blindfistin|drayden|1162
|gen|9
|tier|[Gen 9] VGC 2025 Reg H (Bo3)
|rated|
|rule|Species Clause: Limit one of each Pokémon
|rule|Item Clause: Limit 1 of each item
|clearpoke
|poke|p1|Archaludon, L50, F|
|poke|p1|Incineroar, L50, M|
|poke|p1|Pelipper, L50, M|
|poke|p1|Primarina, L50, F|
|poke|p1|Amoonguss, L50, M|
|poke|p1|Gholdengo, L50|
|poke|p2|Lokix, L50, F|
|poke|p2|Venonat, L50, M|
|poke|p2|Araquanid, L50, F|
|poke|p2|Ribombee, L50, M|
|poke|p2|Volcarona, L50, M|
|poke|p2|Kleavor, L50, F|
|teampreview|4
|showteam|p1|Archaludon||AssaultVest|Stamina|ElectroShot,FlashCannon,DracoMeteor,Snarl|||F|||50|,,,,,Flying]Incineroar||SitrusBerry|Intimidate|PartingShot,KnockOff,FakeOut,Protect|||M|||50|,,,,,Ghost]Pelipper||FocusSash|Drizzle|Hurricane,MuddyWater,Uturn,Tailwind|||M|||50|,,,,,Ghost]Primarina||ThroatSpray|LiquidVoice|HyperVoice,Moonblast,IcyWind,Protect|||F|||50|,,,,,Steel]Amoonguss||RockyHelmet|Regenerator|Spore,RagePowder,SludgeBomb,Protect|||M|||50|,,,,,Ghost]Gholdengo||Leftovers|GoodasGold|MakeItRain,ShadowBall,Psyshock,Protect||||||50|,,,,,Dragon
|showteam|p2|Lokix||SafetyGoggles|TintedLens|XScissor,SwordsDance,ThroatChop,Protect|||F|||50|,,,,,Stellar]Venonat||Eviolite|CompoundEyes|SleepPowder,RagePowder,Toxic,MorningSun|||M|||50|,,,,,Grass]Araquanid||MysticWater|WaterBubble|Liquidation,LeechLife,WideGuard,Protect|||F|||50|,,,,,Water]Ribombee||FocusSash|ShieldDust|SunnyDay,Tailwind,Moonblast,FakeTears|||M|||50|,,,,,Ghost]Volcarona||ChoiceSpecs|FlameBody|FieryDance,HeatWave,Overheat,BugBuzz|||M|||50|,,,,,Fire]Kleavor||AssaultVest|Sharpness|StoneAxe,XScissor,RockBlast,AerialAce|||F|||50|,,,,,Water
|inactive|Battle timer is ON: inactive players will automatically lose when time's up. (requested by Blindfistin)
|
|t:|1757638769
|teamsize|p1|4
|teamsize|p2|4
|start
|switch|p1a: Pelipper|Pelipper, L50, M, shiny|100/100
|switch|p1b: Primarina|Primarina, L50, F|100/100
|switch|p2a: Bzzzzz|Ribombee, L50, M|100/100
|switch|p2b: Tarlao toy|Volcarona, L50, M|100/100
|-weather|RainDance|[from] ability: Drizzle|[of] p1a: Pelipper
|turn|1
|inactive|JustNQuan has 30 seconds left.
|
|t:|1757638803
|move|p2a: Bzzzzz|Sunny Day|p2a: Bzzzzz
|-weather|SunnyDay
|move|p2b: Tarlao toy|Heat Wave|p1b: Primarina|[spread] p1a,p1b
|-resisted|p1a: Pelipper
|-resisted|p1b: Primarina
|-damage|p1a: Pelipper|39/100
|-damage|p1b: Primarina|60/100
|move|p1a: Pelipper|U-turn|p2a: Bzzzzz
|-resisted|p2a: Bzzzzz
|-damage|p2a: Bzzzzz|92/100
|
|t:|1757638814
|switch|p1a: Archaludon|Archaludon, L50, F|100/100|[from] U-turn
|move|p1b: Primarina|Icy Wind|p2a: Bzzzzz|[spread] p2a,p2b
|-resisted|p2b: Tarlao toy
|-damage|p2a: Bzzzzz|66/100
|-damage|p2b: Tarlao toy|93/100
|-unboost|p2b: Tarlao toy|spe|1
|
|-weather|SunnyDay|[upkeep]
|upkeep
|turn|2
|
|t:|1757638829
|switch|p1b: Pelipper|Pelipper, L50, M, shiny|39/100
|-weather|RainDance|[from] ability: Drizzle|[of] p1b: Pelipper
|-terastallize|p2b: Tarlao toy|Fire
|move|p2a: Bzzzzz|Sunny Day|p2a: Bzzzzz
|-weather|SunnyDay
|move|p1a: Archaludon|Flash Cannon|p2a: Bzzzzz
|-supereffective|p2a: Bzzzzz
|-damage|p2a: Bzzzzz|0 fnt
|faint|p2a: Bzzzzz
|move|p2b: Tarlao toy|Heat Wave|p1b: Pelipper|[spread] p1a,p1b
|-resisted|p1b: Pelipper
|-damage|p1a: Archaludon|21/100
|-damage|p1b: Pelipper|0 fnt
|-ability|p1a: Archaludon|Stamina|boost
|-boost|p1a: Archaludon|def|1
|faint|p1b: Pelipper
|
|-weather|SunnyDay|[upkeep]
|upkeep
|
|t:|1757638850
|switch|p2a: Steve Alokix|Lokix, L50, F|100/100
|switch|p1b: Gholdengo|Gholdengo, L50|100/100
|turn|3
|
|t:|1757638866
|switch|p1a: Primarina|Primarina, L50, F|60/100
|move|p1b: Gholdengo|Protect|p1b: Gholdengo
|-singleturn|p1b: Gholdengo|Protect
|move|p2a: Steve Alokix|Throat Chop|p1a: Primarina
|-resisted|p1a: Primarina
|-damage|p1a: Primarina|21/100
|-start|p1a: Primarina|Throat Chop|[silent]
|move|p2b: Tarlao toy|Heat Wave|p1a: Primarina|[spread] 
|-activate|p1b: Gholdengo|move: Protect
|-miss|p2b: Tarlao toy|p1a: Primarina
|
|-weather|SunnyDay|[upkeep]
|upkeep
|turn|4
|
|t:|1757638880
|move|p2a: Steve Alokix|Throat Chop|p1b: Gholdengo
|-supereffective|p1b: Gholdengo
|-damage|p1b: Gholdengo|32/100
|-start|p1b: Gholdengo|Throat Chop|[silent]
|move|p1b: Gholdengo|Make It Rain|p2a: Steve Alokix|[spread] p2a,p2b
|-resisted|p2b: Tarlao toy
|-damage|p2a: Steve Alokix|13/100
|-damage|p2b: Tarlao toy|67/100
|-unboost|p1b: Gholdengo|spa|1
|move|p2b: Tarlao toy|Heat Wave|p1b: Gholdengo|[spread] p1a,p1b
|-resisted|p1a: Primarina
|-supereffective|p1b: Gholdengo
|-crit|p1b: Gholdengo
|-damage|p1a: Primarina|0 fnt
|-damage|p1b: Gholdengo|0 fnt
|faint|p1a: Primarina
|faint|p1b: Gholdengo
|
|-weather|SunnyDay|[upkeep]
|upkeep
|
|t:|1757638895
|switch|p1b: Archaludon|Archaludon, L50, F|21/100
|turn|5
|
|t:|1757638901
|-terastallize|p1b: Archaludon|Flying
|move|p2a: Steve Alokix|Throat Chop|p1b: Archaludon
|-damage|p1b: Archaludon|0 fnt
|faint|p1b: Archaludon
|
|win|Blindfistin
||Blindfistin is ready for game 2.
||JustNQuan is ready for game 2.
|uhtml|next|Next: Game 2 of 3
