|j|☆afkahaoai
|j|☆malo maalez
|html|afkahaoaimalo maalez    
|uhtml|bestof|Game 1 of a best-of-3
|t:|1756679644
|gametype|doubles
|player|p1|afkahaoai|rosa|1134
|player|p2|malo maalez|steven|1179
|gen|9
|tier|[Gen 9] VGC 2025 Reg H (Bo3)
|rated|
|rule|Species Clause: Limit one of each Pokémon
|rule|Item Clause: Limit 1 of each item
|clearpoke
|poke|p1|Ursaluna, L50, F|
|poke|p1|Talonflame, L50, F|
|poke|p1|Pelipper, L50, M|
|poke|p1|Archaludon, L50, M|
|poke|p1|Amoonguss, L50, M|
|poke|p1|Annihilape, L50, M|
|poke|p2|Sneasler, L50, F|
|poke|p2|Kingambit, L50, M|
|poke|p2|Dragonite, L50, M|
|poke|p2|Rillaboom, L50, F|
|poke|p2|Volcarona, L50, F|
|poke|p2|Electabuzz, L50, F|
|teampreview|4
|showteam|p1|Ursaluna||ClearAmulet|Guts|Earthquake,Facade,HeadlongRush,Protect|||F|||50|,,,,,Bug]Talonflame||WideLens|GaleWings|WillOWisp,Tailwind,Feint,DualWingbeat|||F|||50|,,,,,Ghost]Pelipper||FocusSash|Drizzle|WeatherBall,Hurricane,WideGuard,HelpingHand|||M|||50|,,,,,Ghost]Archaludon||AssaultVest|Stamina|ElectroShot,DracoMeteor,BodyPress,Snarl|||M|||50|,,,,,Bug]Amoonguss||RockyHelmet|Regenerator|RagePowder,PollenPuff,Spore,Protect|||M|||50|,,,,,Dark]Annihilape||SafetyGoggles|Defiant|BulkUp,DrainPunch,RageFist,Protect|||M|||50|,,,,,Fire
|showteam|p2|Sneasler||FocusSash|PoisonTouch|FakeOut,Coaching,CloseCombat,DireClaw|||F|||50|,,,,,Ghost]Kingambit||BlackGlasses|Defiant|KowtowCleave,SuckerPunch,SwordsDance,Protect|||M|||50|,,,,,Dark]Dragonite||LoadedDice|Multiscale|Protect,Haze,ScaleShot,ExtremeSpeed|||M|||50|,,,,,Fairy]Rillaboom||AssaultVest|GrassySurge|FakeOut,GrassyGlide,WoodHammer,HighHorsepower|||F|||50|,,,,,Fire]Volcarona||Leftovers|FlameBody|QuiverDance,Protect,TeraBlast,HeatWave|||F|||50|,,,,,Fairy]Electabuzz||Eviolite|VitalSpirit|Electroweb,FollowMe,Taunt,Protect|||F|||50|,,,,,Ghost
|inactive|Battle timer is ON: inactive players will automatically lose when time's up. (requested by afkahaoai)
|inactive|afkahaoai has 60 seconds left.
|inactive|malo maalez has 60 seconds left.
|inactive|malo maalez has 30 seconds left.
|inactive|malo maalez has 20 seconds left.
|inactive|malo maalez has 15 seconds left.
|
|t:|1756679721
|teamsize|p1|4
|teamsize|p2|4
|start
|switch|p1a: Pelipper|Pelipper, L50, M|100/100
|switch|p1b: Archaludon|Archaludon, L50, M|100/100
|switch|p2a: Tell Me|Sneasler, L50, F|100/100
|switch|p2b: Where|Kingambit, L50, M|100/100
|-weather|RainDance|[from] ability: Drizzle|[of] p1a: Pelipper
|turn|1
|inactive|afkahaoai has 30 seconds left.
|inactive|malo maalez has 30 seconds left.
|
|t:|1756679751
|-terastallize|p1b: Archaludon|Bug
|-terastallize|p2b: Where|Dark
|move|p2a: Tell Me|Coaching|p2b: Where
|-boost|p2b: Where|atk|1
|-boost|p2b: Where|def|1
|move|p1b: Archaludon|Body Press|p2b: Where
|-supereffective|p2b: Where
|-damage|p2b: Where|78/100
|move|p1a: Pelipper|Hurricane|p2a: Tell Me
|-supereffective|p2a: Tell Me
|-enditem|p2a: Tell Me|Focus Sash
|-damage|p2a: Tell Me|1/100
|-start|p2a: Tell Me|confusion
|move|p2b: Where|Kowtow Cleave|p1b: Archaludon
|-damage|p1b: Archaludon|8/100
|-ability|p1b: Archaludon|Stamina|boost
|-boost|p1b: Archaludon|def|1
|
|-weather|RainDance|[upkeep]
|upkeep
|turn|2
|
|t:|1756679775
|switch|p1b: Amoonguss|Amoonguss, L50, M|100/100
|move|p2b: Where|Sucker Punch||[still]
|-fail|p2b: Where
|-activate|p2a: Tell Me|confusion
|move|p2a: Tell Me|Dire Claw|p1a: Pelipper
|-damage|p1a: Pelipper|57/100
|-status|p1a: Pelipper|par
|move|p1a: Pelipper|Weather Ball|p2b: Where
|-damage|p2b: Where|4/100
|
|-weather|RainDance|[upkeep]
|upkeep
|turn|3
|inactive|afkahaoai has 30 seconds left.
|inactive|afkahaoai has 20 seconds left.
|inactive|afkahaoai has 15 seconds left.
|inactive|afkahaoai has 10 seconds left.
|
|t:|1756679822
|move|p1b: Amoonguss|Rage Powder|p1b: Amoonguss
|-singleturn|p1b: Amoonguss|move: Rage Powder
|-activate|p2a: Tell Me|confusion
|-damage|p2a: Tell Me|0 fnt|[from] confusion
|faint|p2a: Tell Me
|move|p2b: Where|Kowtow Cleave|p1b: Amoonguss
|-damage|p1b: Amoonguss|13/100
|-damage|p2b: Where|0 fnt|[from] item: Rocky Helmet|[of] p1b: Amoonguss
|faint|p2b: Where
|move|p1a: Pelipper|Weather Ball|p2: Tell Me|[notarget]
|-fail|p1a: Pelipper
|
|-weather|RainDance|[upkeep]
|upkeep
|
|t:|1756679832
|switch|p2a: A Su Lugar|Electabuzz, L50, F, shiny|100/100
|switch|p2b: ImitadoraVoy|Volcarona, L50, F|100/100
|turn|4
|inactive|afkahaoai has 30 seconds left.
|
|t:|1756679865
|switch|p1b: Annihilape|Annihilape, L50, M|100/100
|move|p2b: ImitadoraVoy|Tera Blast|p1b: Annihilape
|-immune|p1b: Annihilape
|move|p2a: A Su Lugar|Electroweb|p1a: Pelipper|[spread] p1a,p1b
|-supereffective|p1a: Pelipper
|-damage|p1a: Pelipper|0 fnt
|-damage|p1b: Annihilape|89/100
|-unboost|p1b: Annihilape|spe|1
|-ability|p1b: Annihilape|Defiant|boost
|-boost|p1b: Annihilape|atk|2
|faint|p1a: Pelipper
|
|-weather|RainDance|[upkeep]
|upkeep
|
|t:|1756679874
|switch|p1a: Amoonguss|Amoonguss, L50, M|46/100
|turn|5
|inactive|afkahaoai has 30 seconds left.
|
|t:|1756679901
|move|p2a: A Su Lugar|Follow Me|p2a: A Su Lugar
|-singleturn|p2a: A Su Lugar|move: Follow Me
|move|p2b: ImitadoraVoy|Quiver Dance|p2b: ImitadoraVoy
|-boost|p2b: ImitadoraVoy|spa|1
|-boost|p2b: ImitadoraVoy|spd|1
|-boost|p2b: ImitadoraVoy|spe|1
|move|p1b: Annihilape|Rage Fist|p2a: A Su Lugar
|-damage|p2a: A Su Lugar|18/100
|move|p1a: Amoonguss|Pollen Puff|p2a: A Su Lugar
|-damage|p2a: A Su Lugar|3/100
|
|-weather|none
|upkeep
|turn|6
|inactive|afkahaoai has 30 seconds left.
|
|t:|1756679927
|switch|p1a: Archaludon|Archaludon, L50, M, tera:Bug|8/100
|move|p2a: A Su Lugar|Follow Me|p2a: A Su Lugar
|-singleturn|p2a: A Su Lugar|move: Follow Me
|move|p2b: ImitadoraVoy|Heat Wave|p1a: Archaludon|[spread] p1a,p1b
|-supereffective|p1a: Archaludon
|-damage|p1a: Archaludon|0 fnt
|-damage|p1b: Annihilape|39/100
|-status|p1b: Annihilape|brn
|faint|p1a: Archaludon
|move|p1b: Annihilape|Bulk Up|p1b: Annihilape
|-boost|p1b: Annihilape|atk|1
|-boost|p1b: Annihilape|def|1
|
|-damage|p1b: Annihilape|33/100 brn|[from] brn
|upkeep
|
|t:|1756679934
|switch|p1a: Amoonguss|Amoonguss, L50, M|79/100
|turn|7
|
|t:|1756679951
|move|p1b: Annihilape|Protect|p1b: Annihilape
|-singleturn|p1b: Annihilape|Protect
|move|p2b: ImitadoraVoy|Heat Wave|p1a: Amoonguss|[spread] p1a
|-activate|p1b: Annihilape|move: Protect
|-supereffective|p1a: Amoonguss
|-damage|p1a: Amoonguss|0 fnt
|faint|p1a: Amoonguss
|move|p2a: A Su Lugar|Electroweb|p1b: Annihilape
|-activate|p1b: Annihilape|move: Protect
|
|-damage|p1b: Annihilape|27/100 brn|[from] brn
|upkeep
|turn|8
|
|t:|1756679957
|move|p2a: A Su Lugar|Follow Me|p2a: A Su Lugar
|-singleturn|p2a: A Su Lugar|move: Follow Me
|move|p2b: ImitadoraVoy|Heat Wave|p1b: Annihilape
|-damage|p1b: Annihilape|0 fnt
|faint|p1b: Annihilape
|
|win|malo maalez
