|j|☆Br1_lore
|j|‽Lycanko_
|html|Br1_loreLycanko_    
|uhtml|bestof|Game 1 of a best-of-3
|t:|1784734313
|gametype|doubles
|player|p1|Br1_lore|170|1176
|player|p2|Lycanko_|florian-bb|1134
|gen|9
|tier|[Gen 9 Champions] VGC 2026 Reg M-B (Bo3)
|rated|
|rule|Species Clause: Limit one of each Pokémon
|rule|Item Clause: Limit 1 of each item
|clearpoke
|poke|p1|Metagross, L50|
|poke|p1|Charizard, L50, M|
|poke|p1|Hydreigon, L50, F|
|poke|p1|Sneasler, L50, M|
|poke|p1|Pelipper, L50, M|
|poke|p1|Whimsicott, L50, M|
|poke|p2|Sneasler, L50, F, shiny|
|poke|p2|Blastoise, L50, M|
|poke|p2|Kingambit, L50, M, shiny|
|poke|p2|Incineroar, L50, M, shiny|
|poke|p2|Delphox, L50, M, shiny|
|poke|p2|Sinistcha, L50, shiny|
|teampreview|4
|showteam|p1|Metagross||Metagrossite|ClearBody|IronHead,PsychicFangs,IcePunch,Protect|Jolly|||||50|]Charizard||CharizarditeY|Blaze|HeatWave,Protect,WeatherBall,SolarBeam|Modest||M|||50|]Hydreigon||ChoiceScarf|Levitate|EarthPower,HeatWave,DarkPulse,DracoMeteor|Timid||F|||50|]Sneasler||WhiteHerb|Unburden|CloseCombat,DireClaw,FakeOut,Protect|Adamant||M|||50|]Pelipper||SitrusBerry|Drizzle|Hurricane,WideGuard,Protect,WeatherBall|Modest||M|||50|]Whimsicott||FocusSash|Prankster|Taunt,Encore,Moonblast,Tailwind|Timid||M|||50|
|showteam|p2|Sneasler||FocusSash|PoisonTouch|PoisonJab,CloseCombat,FakeOut,QuickGuard|Jolly||F|||50|]Blastoise||Blastoisinite|RainDish|DarkPulse,WaterSpout,ShellSmash,Protect|Modest||M|||50|]Kingambit||BlackGlasses|Defiant|KowtowCleave,SuckerPunch,SwordsDance,Protect|Adamant||M|||50|]Incineroar||SitrusBerry|Intimidate|FlareBlitz,HelpingHand,PartingShot,FakeOut|Careful||M|||50|]Delphox||Delphoxite|Blaze|HeatWave,NastyPlot,Psyshock,Protect|Modest||M|||50|]Sinistcha||KasibBerry|Hospitality|MatchaGotcha,RagePowder,TrickRoom,Protect|Bold|||||50|
|inactive|Battle timer is ON: inactive players will automatically lose when time's up. (requested by Lycanko_)
|inactive|Br1_lore has 60 seconds left.
|inactive|Lycanko_ has 60 seconds left.
|inactive|Br1_lore has 30 seconds left.
|
|t:|1784734375
|teamsize|p1|4
|teamsize|p2|4
|start
|switch|p1a: Sneasler|Sneasler, L50, M|100/100
|switch|p1b: Whimsicott|Whimsicott, L50, M|100/100
|switch|p2a: Sneasler|Sneasler, L50, F, shiny|100/100
|switch|p2b: Blastoise|Blastoise, L50, M|100/100
|turn|1
|inactive|Br1_lore has 30 seconds left.
|
|t:|1784734405
|detailschange|p2b: Blastoise|Blastoise-Mega, L50, M
|-mega|p2b: Blastoise|Blastoise|Blastoisinite
|move|p2a: Sneasler|Fake Out|p1a: Sneasler
|-damage|p1a: Sneasler|82/100
|cant|p1a: Sneasler|flinch
|move|p1b: Whimsicott|Taunt|p2b: Blastoise
|-start|p2b: Blastoise|move: Taunt
|cant|p2b: Blastoise|move: Taunt|Shell Smash
|
|upkeep
|turn|2
|
|t:|1784734425
|switch|p2b: Incineroar|Incineroar, L50, M, shiny|100/100
|-ability|p2b: Incineroar|Intimidate|boost
|-unboost|p1a: Sneasler|atk|1
|-unboost|p1b: Whimsicott|atk|1
|-enditem|p1a: Sneasler|White Herb
|-clearnegativeboost|p1a: Sneasler|[silent]
|move|p1b: Whimsicott|Encore|p2a: Sneasler
|-start|p2a: Sneasler|Encore
|move|p2a: Sneasler|Fake Out||[still]
|-hint|Fake Out only works on your first turn out.
|-fail|p2a: Sneasler
|move|p1a: Sneasler|Close Combat|p2b: Incineroar
|-supereffective|p2b: Incineroar|1
|-damage|p2b: Incineroar|0 fnt
|-unboost|p1a: Sneasler|def|1
|-unboost|p1a: Sneasler|spd|1
|faint|p2b: Incineroar
|
|upkeep
|
|t:|1784734437
|switch|p2b: Blastoise|Blastoise-Mega, L50, M|100/100
|turn|3
|
|t:|1784734451
|move|p1b: Whimsicott|Taunt|p2b: Blastoise
|-start|p2b: Blastoise|move: Taunt
|move|p1a: Sneasler|Dire Claw|p2b: Blastoise
|-damage|p2b: Blastoise|62/100
|-status|p2b: Blastoise|psn
|-activate|p2a: Sneasler|move: Struggle
|move|p2a: Sneasler|Struggle|p1a: Sneasler
|-damage|p1a: Sneasler|52/100
|-damage|p2a: Sneasler|75/100|[from] recoil
|move|p2b: Blastoise|Water Spout|p1a: Sneasler|[spread] p1a,p1b
|-resisted|p1b: Whimsicott|1
|-damage|p1a: Sneasler|0 fnt
|-damage|p1b: Whimsicott|66/100
|faint|p1a: Sneasler
|
|-damage|p2b: Blastoise|50/100g psn|[from] psn
|upkeep
|
|t:|1784734469
|switch|p1a: Charizard|Charizard, L50, M|100/100
|turn|4
|
|t:|1784734479
|switch|p2a: Sinistcha|Sinistcha, L50, shiny|100/100
|-heal|p2b: Blastoise|74/100 psn|[from] ability: Hospitality|[of] p2a: Sinistcha
|detailschange|p1a: Charizard|Charizard-Mega-Y, L50, M
|-mega|p1a: Charizard|Charizard|Charizardite Y
|-weather|SunnyDay|[from] ability: Drought|[of] p1a: Charizard
|move|p1b: Whimsicott|Moonblast|p2b: Blastoise
|-damage|p2b: Blastoise|36/100 psn
|move|p2b: Blastoise|Water Spout|p1a: Charizard|[spread] p1a,p1b
|-supereffective|p1a: Charizard|1
|-resisted|p1b: Whimsicott|1
|-damage|p1a: Charizard|75/100
|-damage|p1b: Whimsicott|56/100
|move|p1a: Charizard|Heat Wave|p2a: Sinistcha|[spread] p2b
|-miss|p1a: Charizard|p2a: Sinistcha
|-resisted|p2b: Blastoise|1
|-damage|p2b: Blastoise|0 fnt
|faint|p2b: Blastoise
|
|-weather|SunnyDay|[upkeep]
|upkeep
|
|t:|1784734497
|switch|p2b: Sneasler|Sneasler, L50, F, shiny|75/100
|turn|5
|
|t:|1784734511
|move|p1b: Whimsicott|Tailwind|p1b: Whimsicott
|-sidestart|p1: Br1_lore|move: Tailwind
|move|p1a: Charizard|Heat Wave|p2a: Sinistcha|[spread] p2a,p2b
|-supereffective|p2a: Sinistcha|1
|-damage|p2a: Sinistcha|0 fnt
|-damage|p2b: Sneasler|0 fnt
|faint|p2a: Sinistcha
|faint|p2b: Sneasler
|
|win|Br1_lore
||Br1_lore is ready for game 2.
||Lycanko_ is ready for game 2.
|uhtml|next|Next: Game 2 of 3
|l|☆Br1_lore
|player|p1|
