|j|☆salmoncashew
|j|☆GoPlayCatch
|html|salmoncashewGoPlayCatch    
|uhtml|bestof|Game 2 of a best-of-3
|t:|1783722857
|gametype|doubles
|player|p1|salmoncashew|caitlin|1213
|player|p2|GoPlayCatch|266|1117
|gen|9
|tier|[Gen 9 Champions] VGC 2026 Reg M-B (Bo3)
|rated|
|rule|Species Clause: Limit one of each Pokémon
|rule|Item Clause: Limit 1 of each item
|clearpoke
|poke|p1|Whimsicott, L50, F|
|poke|p1|Sneasler, L50, M|
|poke|p1|Basculegion, L50, M|
|poke|p1|Incineroar, L50, M, shiny|
|poke|p1|Pyroar, L50, F, shiny|
|poke|p1|Garchomp, L50, M|
|poke|p2|Typhlosion, L50, F|
|poke|p2|Froslass, L50, F|
|poke|p2|Annihilape, L50, M|
|poke|p2|Whimsicott, L50, F|
|poke|p2|Gyarados, L50, F|
|poke|p2|Maushold-Four, L50|
|teampreview|4
|showteam|p1|Whimsicott||FocusSash|Prankster|Protect,Tailwind,SunnyDay,Moonblast|Timid||F|||50|]Sneasler||WhiteHerb|Unburden|Protect,CloseCombat,ThroatChop,GunkShot|Adamant||M|||50|]Basculegion||ChoiceScarf|Adaptability|LastRespects,FlipTurn,WaveCrash,AquaJet|Jolly||M|||50|]Incineroar||SitrusBerry|Intimidate|FakeOut,PartingShot,ThroatChop,FlareBlitz|Adamant||M|||50|]Pyroar||Pyroarite|Unnerve|Protect,HeatWave,Overheat,SolarBeam|Timid||F|||50|]Garchomp||LifeOrb|RoughSkin|Earthquake,DragonClaw,StompingTantrum,Protect|Adamant||M|||50|
|showteam|p2|Typhlosion||ChoiceScarf|FlashFire|Eruption,Overheat,ScorchingSands,HeatWave|Timid||F|||50|]Froslass||Froslassite|SnowCloak|Blizzard,ShadowBall,Taunt,Protect|Timid||F|||50|]Annihilape||Leftovers|Defiant|BulkUp,DrainPunch,RageFist,Protect|Careful||M|||50|]Whimsicott||FocusSash|Prankster|Moonblast,Tailwind,Encore,Protect|Timid||F|||50|]Gyarados||Gyaradosite|Intimidate|DragonDance,Crunch,Waterfall,Protect|Jolly||F|||50|]Maushold-Four||WideLens|Technician|PopulationBomb,Feint,FollowMe,Protect|Jolly|||||50|
|inactive|Battle timer is ON: inactive players will automatically lose when time's up. (requested by salmoncashew)
|inactive|GoPlayCatch has 60 seconds left.
|
|t:|1783722895
|teamsize|p1|4
|teamsize|p2|4
|start
|switch|p1a: Garchomp|Garchomp, L50, M|100/100
|switch|p1b: Pyroar|Pyroar, L50, F, shiny|100/100
|switch|p2a: Whimsicott|Whimsicott, L50, F|100/100
|switch|p2b: Annihilape|Annihilape, L50, M|100/100
|-ability|p1b: Pyroar|Unnerve
|turn|1
|inactive|salmoncashew has 30 seconds left.
|inactive|salmoncashew has 20 seconds left.
|
|t:|1783722934
|detailschange|p1b: Pyroar|Pyroar-Mega, L50, F, shiny
|-mega|p1b: Pyroar|Pyroar|Pyroarite
|move|p2a: Whimsicott|Tailwind|p2a: Whimsicott
|-sidestart|p2: GoPlayCatch|move: Tailwind
|move|p2b: Annihilape|Drain Punch|p1b: Pyroar
|-supereffective|p1b: Pyroar|1
|-damage|p1b: Pyroar|25/100
|move|p1b: Pyroar|Heat Wave|p2a: Whimsicott|[spread] p2a
|-miss|p1b: Pyroar|p2b: Annihilape
|-supereffective|p2a: Whimsicott|1
|-enditem|p2a: Whimsicott|Focus Sash
|-damage|p2a: Whimsicott|1/100
|move|p1a: Garchomp|Stomping Tantrum|p2a: Whimsicott
|-resisted|p2a: Whimsicott|1
|-damage|p2a: Whimsicott|0 fnt
|faint|p2a: Whimsicott
|-damage|p1a: Garchomp|90/100|[from] item: Life Orb
|
|upkeep
|
|t:|1783722951
|switch|p2a: Froslass|Froslass, L50, F|100/100
|turn|2
|
|t:|1783722968
|detailschange|p2a: Froslass|Froslass-Mega, L50, F
|-mega|p2a: Froslass|Froslass|Froslassite
|-weather|Snowscape|[from] ability: Snow Warning|[of] p2a: Froslass
|move|p1b: Pyroar|Protect|p1b: Pyroar
|-singleturn|p1b: Pyroar|Protect
|move|p2a: Froslass|Blizzard|p1b: Pyroar|[spread] p1a
|-activate|p1b: Pyroar|move: Protect
|-supereffective|p1a: Garchomp|2
|-damage|p1a: Garchomp|0 fnt
|faint|p1a: Garchomp
|move|p2b: Annihilape|Drain Punch|p1b: Pyroar
|-activate|p1b: Pyroar|move: Protect
|
|-weather|Snowscape|[upkeep]
|upkeep
|
|t:|1783722972
|switch|p1a: Whimsicott|Whimsicott, L50, F|100/100
|turn|3
|
|t:|1783722990
|move|p2a: Froslass|Protect|p2a: Froslass
|-singleturn|p2a: Froslass|Protect
|move|p1a: Whimsicott|Tailwind|p1a: Whimsicott
|-sidestart|p1: salmoncashew|move: Tailwind
|move|p1b: Pyroar|Heat Wave|p2a: Froslass|[spread] p2b
|-activate|p2a: Froslass|move: Protect
|-damage|p2b: Annihilape|64/100
|move|p2b: Annihilape|Drain Punch|p1b: Pyroar
|-supereffective|p1b: Pyroar|1
|-damage|p1b: Pyroar|0 fnt
|-heal|p2b: Annihilape|73/100|[from] drain|[of] p1b: Pyroar
|faint|p1b: Pyroar
|
|-weather|Snowscape|[upkeep]
|-heal|p2b: Annihilape|79/100|[from] item: Leftovers
|upkeep
|
|t:|1783722999
|switch|p1b: Basculegion|Basculegion, L50, M|100/100
|turn|4
|
|t:|1783723014
|switch|p2a: Maushold|Maushold-Four, L50|100/100
|move|p2b: Annihilape|Protect|p2b: Annihilape
|-singleturn|p2b: Annihilape|Protect
|move|p1b: Basculegion|Last Respects|p2b: Annihilape
|-activate|p2b: Annihilape|move: Protect
|move|p1a: Whimsicott|Moonblast|p2a: Maushold
|-damage|p2a: Maushold|61/100
|
|-weather|Snowscape|[upkeep]
|-heal|p2b: Annihilape|85/100|[from] item: Leftovers
|-sideend|p2: GoPlayCatch|move: Tailwind
|upkeep
|turn|5
|
|t:|1783723029
|move|p2a: Maushold|Follow Me|p2a: Maushold
|-singleturn|p2a: Maushold|move: Follow Me
|move|p1b: Basculegion|Last Respects|p2a: Maushold
|-immune|p2a: Maushold
|move|p1a: Whimsicott|Moonblast|p2a: Maushold
|-damage|p2a: Maushold|28/100
|move|p2b: Annihilape|Rage Fist|p1b: Basculegion
|-supereffective|p1b: Basculegion|1
|-crit|p1b: Basculegion
|-damage|p1b: Basculegion|0 fnt
|faint|p1b: Basculegion
|
|-weather|Snowscape|[upkeep]
|-heal|p2b: Annihilape|91/100|[from] item: Leftovers
|upkeep
|turn|6
|-message|salmoncashew forfeited.
|
|win|GoPlayCatch
|raw|salmoncashew's rating: 1213 → 1181(-32 for losing)
|raw|GoPlayCatch's rating: 1117 → 1149(+32 for winning)
