|j|☆hopiumoncrack
|j|☆Imnotgcb
|html|hopiumoncrackImnotgcb    
|uhtml|bestof|Game 2 of a best-of-3
|t:|1784654521
|gametype|doubles
|player|p1|hopiumoncrack|1|1149
|player|p2|Imnotgcb|169|1154
|gen|9
|tier|[Gen 9 Champions] VGC 2026 Reg M-B (Bo3)
|rated|
|rule|Species Clause: Limit one of each Pokémon
|rule|Item Clause: Limit 1 of each item
|clearpoke
|poke|p1|Incineroar, L50, F, shiny|
|poke|p1|Farigiraf, L50, M, shiny|
|poke|p1|Mawile, L50, M, shiny|
|poke|p1|Basculegion, L50, M, shiny|
|poke|p1|Ninetales-Alola, L50, F|
|poke|p1|Dragonite, L50, M|
|poke|p2|Heliolisk, L50, F|
|poke|p2|Charizard, L50, M|
|poke|p2|Farigiraf, L50, F|
|poke|p2|Kingambit, L50, M|
|poke|p2|Whimsicott, L50, F|
|poke|p2|Feraligatr, L50, M|
|teampreview|4
|showteam|p1|Incineroar||PasshoBerry|Intimidate|FakeOut,FlareBlitz,ThroatChop,PartingShot|Brave||F|||50|]Farigiraf||ColburBerry|ArmorTail|Protect,HelpingHand,Psychic,TrickRoom|Bold||M|||50|]Mawile||Mawilite|HyperCutter|Protect,PlayRough,SuckerPunch,SwordsDance|Brave||M|||50|]Basculegion||ChoiceScarf|Adaptability|WaveCrash,LastRespects,AquaJet,FlipTurn|Jolly||M|||50|]Ninetales-Alola||FocusSash|SnowWarning|Protect,Blizzard,FreezeDry,Moonblast|Timid||F|||50|]Dragonite||Dragoninite|InnerFocus|Protect,DragonPulse,Thunderbolt,HeatWave|Modest||M|||50|
|showteam|p2|Heliolisk||LifeOrb|SolarPower|WeatherBall,Protect,Thunderbolt,HyperBeam|Timid||F|||50|]Charizard||CharizarditeY|Blaze|WeatherBall,SolarBeam,Protect,HeatWave|Timid||M|||50|]Farigiraf||ColburBerry|ArmorTail|MirrorCoat,HelpingHand,SunnyDay,TrickRoom|Sassy||F|||50|]Kingambit||ChopleBerry|Defiant|Protect,SuckerPunch,IronHead,LowKick|Adamant||M|||50|]Whimsicott||FocusSash|Prankster|EnergyBall,Protect,Tailwind,Encore|Timid||F|||50|]Feraligatr||Feraligite|Torrent|RockSlide,DoubleEdge,SwordsDance,Protect|Adamant||M|||50|
|
|t:|1784654539
|teamsize|p1|4
|teamsize|p2|4
|start
|switch|p1a: Basculegion|Basculegion, L50, M, shiny|100/100
|switch|p1b: Dragonite|Dragonite, L50, M|100/100
|switch|p2a: Farigiraf|Farigiraf, L50, F|100/100
|switch|p2b: Charizard|Charizard, L50, M|100/100
|turn|1
|inactive|Battle timer is ON: inactive players will automatically lose when time's up. (requested by hopiumoncrack)
|
|t:|1784654561
|detailschange|p1b: Dragonite|Dragonite-Mega, L50, M
|-mega|p1b: Dragonite|Dragonite|Dragoninite
|move|p2b: Charizard|Protect|p2b: Charizard
|-singleturn|p2b: Charizard|Protect
|move|p1a: Basculegion|Wave Crash|p2b: Charizard
|-activate|p2b: Charizard|move: Protect
|move|p1b: Dragonite|Thunderbolt|p2b: Charizard
|-activate|p2b: Charizard|move: Protect
|move|p2a: Farigiraf|Mirror Coat||[still]
|-fail|p2a: Farigiraf
|
|upkeep
|turn|2
|inactive|Imnotgcb has 30 seconds left.
|
|t:|1784654586
|switch|p2b: Whimsicott|Whimsicott, L50, F|100/100
|move|p1a: Basculegion|Wave Crash|p2b: Whimsicott
|-resisted|p2b: Whimsicott|1
|-damage|p2b: Whimsicott|49/100
|-damage|p1a: Basculegion|86/100|[from] Recoil
|move|p1b: Dragonite|Dragon Pulse|p2b: Whimsicott
|-immune|p2b: Whimsicott
|move|p2a: Farigiraf|Trick Room|p2a: Farigiraf
|-fieldstart|move: Trick Room|[of] p2a: Farigiraf
|
|upkeep
|turn|3
|
|t:|1784654608
|switch|p1a: Incineroar|Incineroar, L50, F, shiny|100/100
|-ability|p1a: Incineroar|Intimidate|boost
|-unboost|p2a: Farigiraf|atk|1
|-unboost|p2b: Whimsicott|atk|1
|move|p2a: Farigiraf|Helping Hand|p2b: Whimsicott
|-singleturn|p2b: Whimsicott|Helping Hand|[of] p2a: Farigiraf
|move|p1b: Dragonite|Thunderbolt|p2b: Whimsicott
|-resisted|p2b: Whimsicott|1
|-crit|p2b: Whimsicott
|-damage|p2b: Whimsicott|10/100
|move|p2b: Whimsicott|Energy Ball|p1a: Incineroar
|-resisted|p1a: Incineroar|1
|-damage|p1a: Incineroar|83/100
|
|upkeep
|turn|4
|inactive|Imnotgcb has 30 seconds left.
|inactive|Imnotgcb has 20 seconds left.
|inactive|Imnotgcb has 15 seconds left.
|
|t:|1784654650
|switch|p2a: Charizard|Charizard, L50, M|100/100
|switch|p2b: Heliolisk|Heliolisk, L50, F|100/100
|move|p1a: Incineroar|Throat Chop|p2a: Charizard
|-damage|p2a: Charizard|48/100
|-start|p2a: Charizard|Throat Chop|[silent]
|move|p1b: Dragonite|Thunderbolt|p2b: Heliolisk
|-resisted|p2b: Heliolisk|1
|-damage|p2b: Heliolisk|74/100
|
|upkeep
|turn|5
|
|t:|1784654669
|detailschange|p2a: Charizard|Charizard-Mega-Y, L50, M
|-mega|p2a: Charizard|Charizard|Charizardite Y
|-weather|SunnyDay|[from] ability: Drought|[of] p2a: Charizard
|move|p2a: Charizard|Protect|p2a: Charizard
|-singleturn|p2a: Charizard|Protect
|move|p1a: Incineroar|Flare Blitz|p2b: Heliolisk
|-damage|p2b: Heliolisk|0 fnt
|faint|p2b: Heliolisk
|-damage|p1a: Incineroar|66/100|[from] Recoil
|move|p1b: Dragonite|Thunderbolt|p2a: Charizard
|-activate|p2a: Charizard|move: Protect
|
|-weather|SunnyDay|[upkeep]
|-end|p2a: Charizard|Throat Chop|[silent]
|upkeep
|-message|Imnotgcb forfeited.
|
|win|hopiumoncrack
|raw|hopiumoncrack's rating: 1149 → 1174(+25 for winning)
|raw|Imnotgcb's rating: 1154 → 1129(-25 for losing)
