|j|☆taj11
|j|☆iiFWM
|html|taj11iiFWM    
|uhtml|bestof|Game 2 of a best-of-3
|t:|1755045621
|gametype|doubles
|player|p1|taj11|1|1207
|player|p2|iiFWM|cyrus|1304
|gen|9
|tier|[Gen 9] VGC 2025 Reg H (Bo3)
|rated|
|rule|Species Clause: Limit one of each Pokémon
|rule|Item Clause: Limit 1 of each item
|clearpoke
|poke|p1|Hatterene, L50, F|
|poke|p1|Indeedee-F, L50, F|
|poke|p1|Gallade, L50, M|
|poke|p1|Torkoal, L50, F|
|poke|p1|Ursaluna, L50, M|
|poke|p1|Charizard, L50, M|
|poke|p2|Sneasler, L50, F|
|poke|p2|Dragapult, L50, F|
|poke|p2|Primarina, L50, M|
|poke|p2|Rillaboom, L50, F|
|poke|p2|Kingambit, L50, M|
|poke|p2|Magmar, L50, M|
|teampreview|4
|showteam|p1|Hatterene||LifeOrb|MagicBounce|DazzlingGleam,ExpandingForce,Protect,TrickRoom|||F|||50|,,,,,Fire]Indeedee-F||FocusSash|PsychicSurge|FollowMe,HelpingHand,DazzlingGleam,TrickRoom|||F|||50|,,,,,Grass]Gallade||ClearAmulet|Sharpness|SacredSword,PsychoCut,TrickRoom,WideGuard|||M|||50|,,,,,Grass]Torkoal||Charcoal|Drought|Eruption,WeatherBall,EarthPower,Protect|||F|||50|,,,,,Fire]Ursaluna||FlameOrb|Guts|Facade,Earthquake,HeadlongRush,Protect|||M|||50|,,,,,Ghost]Charizard||ChoiceScarf|SolarPower|HeatWave,ScorchingSands,WeatherBall,Overheat|||M|||50|,,,,,Fire
|showteam|p2|Sneasler||FocusSash|PoisonTouch|CloseCombat,DireClaw,FakeOut,Protect|||F|||50|,,,,,Stellar]Dragapult||ChoiceBand|ClearBody|DragonDarts,TeraBlast,PhantomForce,Uturn|||F|||50|,,,,,Ghost]Primarina||SitrusBerry|LiquidVoice|HyperVoice,Moonblast,Haze,Protect|||M|||50|,,,,,Water]Rillaboom||AssaultVest|GrassySurge|WoodHammer,GrassyGlide,HighHorsepower,FakeOut|||F|||50|,,,,,Fire]Kingambit||DreadPlate|Defiant|KowtowCleave,SuckerPunch,SwordsDance,Protect|||M|||50|,,,,,Ghost]Magmar||Eviolite|VitalSpirit|Overheat,WillOWisp,FollowMe,Protect|||M|||50|,,,,,Ghost
|inactive|Battle timer is ON: inactive players will automatically lose when time's up. (requested by iiFWM)
|
|t:|1755045646
|teamsize|p1|4
|teamsize|p2|4
|start
|switch|p1a: Charizard|Charizard, L50, M|100/100
|switch|p1b: Torkoal|Torkoal, L50, F|100/100
|switch|p2a: Dragapult|Dragapult, L50, F, shiny|100/100
|switch|p2b: Primarina|Primarina, L50, M|100/100
|-weather|SunnyDay|[from] ability: Drought|[of] p1b: Torkoal
|turn|1
|inactive|taj11 has 30 seconds left.
|inactive|iiFWM has 30 seconds left.
|inactive|taj11 has 20 seconds left.
|inactive|taj11 has 15 seconds left.
|
|t:|1755045688
|switch|p1b: Indeedee|Indeedee-F, L50, F|100/100
|-fieldstart|move: Psychic Terrain|[from] ability: Psychic Surge|[of] p1b: Indeedee
|-terastallize|p1a: Charizard|Fire
|move|p2b: Primarina|Protect|p2b: Primarina
|-singleturn|p2b: Primarina|Protect
|move|p1a: Charizard|Overheat|p2a: Dragapult
|-resisted|p2a: Dragapult
|-damage|p2a: Dragapult|0 fnt
|-unboost|p1a: Charizard|spa|2
|faint|p2a: Dragapult
|
|-weather|SunnyDay|[upkeep]
|-damage|p1a: Charizard|88/100|[from] ability: Solar Power|[of] p1a: Charizard
|upkeep
|
|t:|1755045699
|switch|p2a: Rillaboom|Rillaboom, L50, F|100/100
|-fieldstart|move: Grassy Terrain|[from] ability: Grassy Surge|[of] p2a: Rillaboom
|turn|2
|inactive|taj11 has 30 seconds left.
|
|t:|1755045731
|switch|p1a: Hatterene|Hatterene, L50, F|100/100
|-terastallize|p2a: Rillaboom|Fire
|move|p2a: Rillaboom|Wood Hammer|p1b: Indeedee
|-damage|p1b: Indeedee|20/100
|-damage|p2a: Rillaboom|77/100|[from] Recoil
|move|p2b: Primarina|Moonblast|p1b: Indeedee
|-damage|p1b: Indeedee|0 fnt
|faint|p1b: Indeedee
|
|-weather|SunnyDay|[upkeep]
|-heal|p2a: Rillaboom|83/100|[from] Grassy Terrain
|upkeep
|
|t:|1755045742
|switch|p1b: Charizard|Charizard, L50, M, tera:Fire|88/100
|turn|3
|
|t:|1755045765
|switch|p2a: Magmar|Magmar, L50, M, shiny|100/100
|move|p1b: Charizard|Heat Wave|p2b: Primarina|[spread] p2a
|-miss|p1b: Charizard|p2b: Primarina
|-resisted|p2a: Magmar
|-damage|p2a: Magmar|60/100
|move|p2b: Primarina|Hyper Voice|p1b: Charizard|[spread] p1a,p1b
|-supereffective|p1b: Charizard
|-damage|p1a: Hatterene|85/100
|-damage|p1b: Charizard|49/100
|move|p1a: Hatterene|Trick Room|p1a: Hatterene
|-fieldstart|move: Trick Room|[of] p1a: Hatterene
|
|-weather|SunnyDay|[upkeep]
|-damage|p1b: Charizard|36/100|[from] ability: Solar Power|[of] p1b: Charizard
|-heal|p1a: Hatterene|91/100|[from] Grassy Terrain
|-heal|p2a: Magmar|66/100|[from] Grassy Terrain
|-heal|p1b: Charizard|42/100|[from] Grassy Terrain
|upkeep
|turn|4
|inactive|taj11 has 30 seconds left.
|inactive|iiFWM has 30 seconds left.
|
|t:|1755045798
|move|p2a: Magmar|Protect|p2a: Magmar
|-singleturn|p2a: Magmar|Protect
|move|p1a: Hatterene|Expanding Force|p2b: Primarina
|-damage|p2b: Primarina|53/100
|-damage|p1a: Hatterene|82/100|[from] item: Life Orb
|move|p2b: Primarina|Hyper Voice|p1a: Hatterene|[spread] p1a,p1b
|-supereffective|p1b: Charizard
|-damage|p1a: Hatterene|65/100
|-damage|p1b: Charizard|0 fnt
|faint|p1b: Charizard
|
|-weather|SunnyDay|[upkeep]
|-heal|p1a: Hatterene|71/100|[from] Grassy Terrain
|-heal|p2b: Primarina|59/100|[from] Grassy Terrain
|-heal|p2a: Magmar|71/100|[from] Grassy Terrain
|upkeep
|
|t:|1755045805
|switch|p1b: Torkoal|Torkoal, L50, F|100/100
|turn|5
|
|t:|1755045817
|move|p2b: Primarina|Protect|p2b: Primarina
|-singleturn|p2b: Primarina|Protect
|move|p2a: Magmar|Protect|p2a: Magmar
|-singleturn|p2a: Magmar|Protect
|move|p1b: Torkoal|Eruption|p2a: Magmar|[spread] 
|-activate|p2a: Magmar|move: Protect
|-activate|p2b: Primarina|move: Protect
|move|p1a: Hatterene|Dazzling Gleam|p2b: Primarina|[spread] 
|-activate|p2a: Magmar|move: Protect
|-activate|p2b: Primarina|move: Protect
|
|-weather|none
|-heal|p1a: Hatterene|77/100|[from] Grassy Terrain
|-heal|p2b: Primarina|65/100|[from] Grassy Terrain
|-heal|p2a: Magmar|77/100|[from] Grassy Terrain
|upkeep
|turn|6
|
|t:|1755045846
|move|p1b: Torkoal|Eruption|p2b: Primarina|[spread] p2a,p2b
|-resisted|p2a: Magmar
|-resisted|p2b: Primarina
|-damage|p2a: Magmar|55/100
|-damage|p2b: Primarina|42/100
|-enditem|p2b: Primarina|Sitrus Berry|[eat]
|-heal|p2b: Primarina|67/100|[from] item: Sitrus Berry
|move|p1a: Hatterene|Dazzling Gleam|p2b: Primarina|[spread] p2a,p2b
|-resisted|p2a: Magmar
|-damage|p2a: Magmar|38/100
|-damage|p2b: Primarina|25/100
|-damage|p1a: Hatterene|67/100|[from] item: Life Orb
|move|p2b: Primarina|Hyper Voice|p1b: Torkoal|[spread] p1a,p1b
|-supereffective|p1b: Torkoal
|-crit|p1b: Torkoal
|-damage|p1a: Hatterene|32/100
|-damage|p1b: Torkoal|0 fnt
|faint|p1b: Torkoal
|move|p2a: Magmar|Overheat|p1a: Hatterene
|-damage|p1a: Hatterene|0 fnt
|-unboost|p2a: Magmar|spa|2
|faint|p1a: Hatterene
|
|win|iiFWM
|raw|taj11's rating: 1207 → 1189(-18 for losing)
|raw|iiFWM's rating: 1304 → 1319(+15 for winning)
