|j|☆new mental
|j|☆carmelotb
|html|new mentalcarmelotb    
|uhtml|bestof|Game 2 of a best-of-3
|t:|1786127023
|gametype|doubles
|player|p1|new mental|volkner|1145
|player|p2|carmelotb|pilot|1067
|gen|9
|tier|[Gen 9 Champions] VGC 2026 Reg M-B (Bo3)
|rated|
|rule|Species Clause: Limit one of each Pokémon
|rule|Item Clause: Limit 1 of each item
|clearpoke
|poke|p1|Charizard, L50, F|
|poke|p1|Garchomp, L50, F|
|poke|p1|Incineroar, L50, F|
|poke|p1|Venusaur, L50, F|
|poke|p1|Toxapex, L50, M|
|poke|p1|Sylveon, L50, M|
|poke|p2|Staraptor, L50, F|
|poke|p2|Tyranitar, L50, F|
|poke|p2|Milotic, L50, M|
|poke|p2|Gholdengo, L50|
|poke|p2|Excadrill, L50, M|
|poke|p2|Sinistcha-Masterpiece, L50|
|teampreview|4
|showteam|p1|Charizard||CharizarditeY|Blaze|WeatherBall,HeatWave,AncientPower,Protect|Modest||F|||50|]Garchomp||ChoiceScarf|RoughSkin|RockSlide,DragonClaw,Earthquake,StompingTantrum|Adamant||F|||50|]Incineroar||SitrusBerry|Intimidate|FlareBlitz,FakeOut,DarkestLariat,PartingShot|Impish||F|||50|]Venusaur||LifeOrb|Chlorophyll|SludgeBomb,LeafStorm,EarthPower,Protect|Modest||F|||50|]Toxapex||Leftovers|Regenerator|Infestation,Toxic,WideGuard,BanefulBunker|Bold||M|||50|]Sylveon||FairyFeather|Pixilate|HyperVoice,QuickAttack,Yawn,Detect|Modest||M|||50|
|showteam|p2|Staraptor||Staraptite|Intimidate|Tailwind,CloseCombat,BraveBird,Protect|Jolly||F|||50|]Tyranitar||Tyranitarite|SandStream|RockSlide,Crunch,DragonDance,Protect|Jolly||F|||50|]Milotic||Leftovers|Competitive|Haze,IcyWind,Scald,Protect|Calm||M|||50|]Gholdengo||LifeOrb|GoodasGold|MakeItRain,ShadowBall,NastyPlot,Protect|Modest|||||50|]Excadrill||FocusSash|SandRush|Earthquake,HighHorsepower,IronHead,Protect|Adamant||M|||50|]Sinistcha-Masterpiece||SitrusBerry|Hospitality|MatchaGotcha,RagePowder,LifeDew,TrickRoom|Bold|||||50|
|inactive|Battle timer is ON: inactive players will automatically lose when time's up. (requested by new mental)
|
|t:|1786127046
|teamsize|p1|4
|teamsize|p2|4
|start
|switch|p1a: Charizard|Charizard, L50, F|100/100
|switch|p1b: Toxapex|Toxapex, L50, M|100/100
|switch|p2a: Tyranitar|Tyranitar, L50, F|100/100
|switch|p2b: Excadrill|Excadrill, L50, M|100/100
|-weather|Sandstorm|[from] ability: Sand Stream|[of] p2a: Tyranitar
|turn|1
|
|t:|1786127062
|switch|p1a: Incineroar|Incineroar, L50, F|100/100
|-ability|p1a: Incineroar|Intimidate|boost
|-unboost|p2a: Tyranitar|atk|1
|-unboost|p2b: Excadrill|atk|1
|move|p2b: Excadrill|Protect|p2b: Excadrill
|-singleturn|p2b: Excadrill|Protect
|move|p2a: Tyranitar|Dragon Dance|p2a: Tyranitar
|-boost|p2a: Tyranitar|atk|1
|-boost|p2a: Tyranitar|spe|1
|move|p1b: Toxapex|Toxic|p2a: Tyranitar
|-status|p2a: Tyranitar|tox
|
|-weather|Sandstorm|[upkeep]
|-damage|p1a: Incineroar|94/100|[from] Sandstorm
|-damage|p1b: Toxapex|94/100|[from] Sandstorm
|-heal|p1b: Toxapex|100/100|[from] item: Leftovers
|-damage|p2a: Tyranitar|94/100 tox|[from] psn
|upkeep
|turn|2
|
|t:|1786127072
|move|p1a: Incineroar|Fake Out|p2b: Excadrill
|-resisted|p2b: Excadrill|1
|-damage|p2b: Excadrill|92/100
|cant|p2b: Excadrill|flinch
|move|p2a: Tyranitar|Dragon Dance|p2a: Tyranitar
|-boost|p2a: Tyranitar|atk|1
|-boost|p2a: Tyranitar|spe|1
|move|p1b: Toxapex|Infestation|p2a: Tyranitar
|-supereffective|p2a: Tyranitar|1
|-crit|p2a: Tyranitar
|-damage|p2a: Tyranitar|88/100 tox
|-activate|p2a: Tyranitar|move: Infestation|[of] p1b: Toxapex
|
|-weather|Sandstorm|[upkeep]
|-damage|p1a: Incineroar|88/100|[from] Sandstorm
|-damage|p1b: Toxapex|94/100|[from] Sandstorm
|-heal|p1b: Toxapex|100/100|[from] item: Leftovers
|-damage|p2a: Tyranitar|76/100 tox|[from] psn
|-damage|p2a: Tyranitar|64/100 tox|[from] move: Infestation|[partiallytrapped]
|upkeep
|turn|3
|inactive|new mental has 30 seconds left.
|
|t:|1786127104
|switch|p2b: Sinistcha|Sinistcha-Masterpiece, L50|100/100
|-heal|p2a: Tyranitar|88/100 tox|[from] ability: Hospitality|[of] p2b: Sinistcha
|move|p1b: Toxapex|Baneful Bunker|p1b: Toxapex
|-singleturn|p1b: Toxapex|move: Protect
|move|p2a: Tyranitar|Crunch|p1b: Toxapex
|-activate|p1b: Toxapex|move: Protect
|move|p1a: Incineroar|Flare Blitz|p2b: Sinistcha
|-supereffective|p2b: Sinistcha|1
|-damage|p2b: Sinistcha|39/100
|-enditem|p2b: Sinistcha|Sitrus Berry|[eat]
|-heal|p2b: Sinistcha|64/100|[from] item: Sitrus Berry
|-damage|p1a: Incineroar|70/100|[from] Recoil
|
|-weather|Sandstorm|[upkeep]
|-damage|p2b: Sinistcha|57/100|[from] Sandstorm
|-damage|p1a: Incineroar|64/100|[from] Sandstorm
|-damage|p1b: Toxapex|94/100|[from] Sandstorm
|-heal|p1b: Toxapex|100/100|[from] item: Leftovers
|-damage|p2a: Tyranitar|70/100 tox|[from] psn
|-damage|p2a: Tyranitar|58/100 tox|[from] move: Infestation|[partiallytrapped]
|upkeep
|turn|4
|
|t:|1786127118
|switch|p2b: Excadrill|Excadrill, L50, M|92/100
|move|p2a: Tyranitar|Crunch|p1b: Toxapex
|-damage|p1b: Toxapex|64/100
|move|p1a: Incineroar|Darkest Lariat|p2b: Excadrill
|-damage|p2b: Excadrill|47/100
|move|p1b: Toxapex|Toxic|p2b: Excadrill
|-immune|p2b: Excadrill
|
|-weather|Sandstorm|[upkeep]
|-damage|p1a: Incineroar|58/100|[from] Sandstorm
|-damage|p1b: Toxapex|59/100|[from] Sandstorm
|-heal|p1b: Toxapex|64/100|[from] item: Leftovers
|-damage|p2a: Tyranitar|34/100 tox|[from] psn
|-damage|p2a: Tyranitar|22/100 tox|[from] move: Infestation|[partiallytrapped]
|upkeep
|turn|5
|
|t:|1786127135
|move|p1b: Toxapex|Baneful Bunker|p1b: Toxapex
|-singleturn|p1b: Toxapex|move: Protect
|move|p2b: Excadrill|High Horsepower|p1a: Incineroar
|-supereffective|p1a: Incineroar|1
|-damage|p1a: Incineroar|0 fnt
|faint|p1a: Incineroar
|move|p2a: Tyranitar|Rock Slide|p1b: Toxapex
|-activate|p1b: Toxapex|move: Protect
|
|-weather|none
|-heal|p1b: Toxapex|70/100|[from] item: Leftovers
|-damage|p2a: Tyranitar|0 fnt|[from] psn
|faint|p2a: Tyranitar
|upkeep
|
|t:|1786127138
|switch|p2a: Sinistcha|Sinistcha-Masterpiece, L50|57/100
|switch|p1a: Charizard|Charizard, L50, F|100/100
|-heal|p2b: Excadrill|71/100|[from] ability: Hospitality|[of] p2a: Sinistcha
|turn|6
|
|t:|1786127146
|detailschange|p1a: Charizard|Charizard-Mega-Y, L50, F
|-mega|p1a: Charizard|Charizard|Charizardite Y
|-weather|SunnyDay|[from] ability: Drought|[of] p1a: Charizard
|move|p1b: Toxapex|Wide Guard|p1b: Toxapex
|-singleturn|p1b: Toxapex|Wide Guard
|move|p1a: Charizard|Heat Wave|p2a: Sinistcha|[spread] p2a,p2b
|-supereffective|p2a: Sinistcha|1
|-supereffective|p2b: Excadrill|1
|-damage|p2a: Sinistcha|0 fnt
|-damage|p2b: Excadrill|0 fnt
|faint|p2a: Sinistcha
|faint|p2b: Excadrill
|
|-weather|SunnyDay|[upkeep]
|-heal|p1b: Toxapex|76/100|[from] item: Leftovers
|upkeep
|-message|carmelotb forfeited.
|
|win|new mental
|raw|new mental's rating: 1145 → 1164(+19 for winning)
|raw|carmelotb's rating: 1067 → 1051(-16 for losing)
