|j|☆Zacharykeith
|j|☆Aseguradoras Gomez
|html|ZacharykeithAseguradoras Gomez    
|uhtml|bestof|Game 3 of a best-of-3
|t:|1756332254
|gametype|doubles
|player|p1|Zacharykeith|fisherman-gen4|1152
|player|p2|Aseguradoras Gomez|iono|1053
|gen|9
|tier|[Gen 9] VGC 2025 Reg H (Bo3)
|rated|
|rule|Species Clause: Limit one of each Pokémon
|rule|Item Clause: Limit 1 of each item
|clearpoke
|poke|p1|Rillaboom, L50, M|
|poke|p1|Chandelure, L50, M|
|poke|p1|Electabuzz, L50, F|
|poke|p1|Kingambit, L50, F|
|poke|p1|Primarina, L50, F|
|poke|p1|Dragapult, L50, F|
|poke|p2|Stonjourner, L50, F|
|poke|p2|Dragonite, L50, F|
|poke|p2|Kingambit, L50, M|
|poke|p2|Rillaboom, L50, F|
|poke|p2|Kommo-o, L50, F|
|poke|p2|Electabuzz, L50, F|
|teampreview|4
|showteam|p1|Rillaboom||AssaultVest|GrassySurge|FakeOut,GrassyGlide,WoodHammer,HighHorsepower|||M|||50|,,,,,Fire]Chandelure||FocusSash|FlashFire|HeatWave,ShadowBall,TrickRoom,Protect|||M|||50|,,,,,Grass]Electabuzz||Eviolite|VitalSpirit|VoltSwitch,Electroweb,FollowMe,Taunt|||F|||50|,,,,,Ghost]Kingambit||BlackGlasses|Defiant|SuckerPunch,KowtowCleave,SwordsDance,Protect|||F|||50|,,,,,Dark]Primarina||ThroatSpray|LiquidVoice|HyperVoice,Moonblast,Haze,Protect|||F|||50|,,,,,Steel]Dragapult||ChoiceBand|ClearBody|DragonDarts,PhantomForce,Uturn,Outrage|||F|||50|,,,,,Dragon
|showteam|p2|Stonjourner||FocusSash|PowerSpot|RockSlide,Endeavor,WideGuard,Protect|||F|||50|,,,,,Ghost]Dragonite||ChoiceBand|InnerFocus|ExtremeSpeed,Outrage,StompingTantrum,IronHead|||F|||50|,,,,,Normal]Kingambit||BlackGlasses|Defiant|Assurance,SuckerPunch,SwordsDance,Protect|||M|||50|,,,,,Dark]Rillaboom||AssaultVest|GrassySurge|GrassyGlide,WoodHammer,FakeOut,Uturn|||F|||50|,,,,,Fire]Kommo-o||ThroatSpray|Soundproof|ClangingScales,AuraSphere,ClangorousSoul,Protect|||F|||50|,,,,,Steel]Electabuzz||Eviolite|VitalSpirit|Electroweb,Taunt,FollowMe,Protect|||F|||50|,,,,,Ghost
|
|t:|1756332306
|teamsize|p1|4
|teamsize|p2|4
|start
|switch|p1a: Rillaboom|Rillaboom, L50, M|100/100
|switch|p1b: Primarina|Primarina, L50, F|100/100
|switch|p2a: Dragonite|Dragonite, L50, F|100/100
|switch|p2b: Kingambit|Kingambit, L50, M|100/100
|-fieldstart|move: Grassy Terrain|[from] ability: Grassy Surge|[of] p1a: Rillaboom
|turn|1
|
|t:|1756332325
|switch|p2b: Stonjourner|Stonjourner, L50, F|100/100
|-terastallize|p2a: Dragonite|Normal
|move|p1a: Rillaboom|Fake Out|p2b: Stonjourner
|-resisted|p2b: Stonjourner
|-damage|p2b: Stonjourner|95/100
|move|p2a: Dragonite|Extreme Speed|p1b: Primarina
|-damage|p1b: Primarina|16/100
|move|p1b: Primarina|Hyper Voice|p2a: Dragonite|[spread] p2a,p2b
|-supereffective|p2b: Stonjourner
|-damage|p2a: Dragonite|66/100
|-damage|p2b: Stonjourner|0 fnt
|faint|p2b: Stonjourner
|-enditem|p1b: Primarina|Throat Spray
|-boost|p1b: Primarina|spa|1|[from] item: Throat Spray
|
|-heal|p2a: Dragonite|72/100|[from] Grassy Terrain
|-heal|p1b: Primarina|22/100|[from] Grassy Terrain
|upkeep
|
|t:|1756332341
|switch|p2b: Rillaboom|Rillaboom, L50, F|100/100
|turn|2
|
|t:|1756332355
|switch|p1a: Electabuzz|Electabuzz, L50, F|100/100
|move|p1b: Primarina|Protect|p1b: Primarina
|-singleturn|p1b: Primarina|Protect
|move|p2a: Dragonite|Extreme Speed|p1a: Electabuzz
|-damage|p1a: Electabuzz|46/100
|move|p2b: Rillaboom|Grassy Glide|p1b: Primarina
|-activate|p1b: Primarina|move: Protect
|
|-heal|p1a: Electabuzz|52/100|[from] Grassy Terrain
|-heal|p2a: Dragonite|78/100|[from] Grassy Terrain
|-heal|p1b: Primarina|28/100|[from] Grassy Terrain
|upkeep
|turn|3
|
|t:|1756332440
|move|p1a: Electabuzz|Follow Me|p1a: Electabuzz
|-singleturn|p1a: Electabuzz|move: Follow Me
|move|p2a: Dragonite|Extreme Speed|p1a: Electabuzz
|-damage|p1a: Electabuzz|1/100
|move|p2b: Rillaboom|Wood Hammer|p1a: Electabuzz
|-damage|p1a: Electabuzz|0 fnt
|faint|p1a: Electabuzz
|-damage|p2b: Rillaboom|99/100|[from] Recoil
|move|p1b: Primarina|Moonblast|p2a: Dragonite
|-damage|p2a: Dragonite|5/100
|
|-heal|p2a: Dragonite|11/100|[from] Grassy Terrain
|-heal|p2b: Rillaboom|100/100|[from] Grassy Terrain
|-heal|p1b: Primarina|34/100|[from] Grassy Terrain
|upkeep
|
|t:|1756332453
|switch|p1a: Dragapult|Dragapult, L50, F|100/100
|turn|4
|
|t:|1756332460
|switch|p2a: Kingambit|Kingambit, L50, M|100/100
|move|p2b: Rillaboom|Grassy Glide|p1b: Primarina
|-supereffective|p1b: Primarina
|-damage|p1b: Primarina|0 fnt
|faint|p1b: Primarina
|move|p1a: Dragapult|Dragon Darts|p2b: Rillaboom
|-damage|p2b: Rillaboom|68/100
|-anim|p1a: Dragapult|Dragon Darts|p2a: Kingambit
|-resisted|p2a: Kingambit
|-damage|p2a: Kingambit|84/100
|
|-heal|p2b: Rillaboom|74/100|[from] Grassy Terrain
|-heal|p2a: Kingambit|90/100|[from] Grassy Terrain
|upkeep
|
|t:|1756332473
|switch|p1b: Rillaboom|Rillaboom, L50, M|100/100
|turn|5
|
|t:|1756332489
|-terastallize|p1a: Dragapult|Dragon
|move|p2a: Kingambit|Protect|p2a: Kingambit
|-singleturn|p2a: Kingambit|Protect
|move|p2b: Rillaboom|Fake Out||[still]
|-hint|Fake Out only works on your first turn out.
|-fail|p2b: Rillaboom
|move|p1b: Rillaboom|Fake Out|p2a: Kingambit
|-activate|p2a: Kingambit|move: Protect
|move|p1a: Dragapult|Dragon Darts|p2b: Rillaboom
|-damage|p2b: Rillaboom|29/100
|-anim|p1a: Dragapult|Dragon Darts|p2b: Rillaboom
|-damage|p2b: Rillaboom|0 fnt
|faint|p2b: Rillaboom
|
|-heal|p2a: Kingambit|96/100|[from] Grassy Terrain
|-fieldend|move: Grassy Terrain
|upkeep
|
|t:|1756332496
|switch|p2b: Dragonite|Dragonite, L50, F, tera:Normal|11/100
|turn|6
|
|t:|1756332519
|move|p2b: Dragonite|Extreme Speed|p1a: Dragapult
|-damage|p1a: Dragapult|7/100
|move|p2a: Kingambit|Sucker Punch|p1a: Dragapult
|-damage|p1a: Dragapult|0 fnt
|faint|p1a: Dragapult
|move|p1b: Rillaboom|High Horsepower|p2a: Kingambit|[miss]
|-miss|p1b: Rillaboom|p2a: Kingambit
|
|upkeep
|turn|7
|-message|Zacharykeith forfeited.
|
|win|Aseguradoras Gomez
|raw|Zacharykeith's rating: 1152 → 1120(-32 for losing)
|raw|Aseguradoras Gomez's rating: 1053 → 1094(+41 for winning)
