|j|☆monsoonisbest
|j|☆isieboy
|html|monsoonisbestisieboy    
|uhtml|bestof|Game 3 of a best-of-3
|t:|1784675861
|gametype|doubles
|player|p1|monsoonisbest|2|1233
|player|p2|isieboy|266|1309
|gen|9
|tier|[Gen 9 Champions] VGC 2026 Reg M-B (Bo3)
|rated|
|rule|Species Clause: Limit one of each Pokémon
|rule|Item Clause: Limit 1 of each item
|clearpoke
|poke|p1|Venusaur, L50, F|
|poke|p1|Grimmsnarl, L50, M|
|poke|p1|Pelipper, L50, M|
|poke|p1|Archaludon, L50, M|
|poke|p1|Charizard, L50, F|
|poke|p1|Basculegion, L50, M|
|poke|p2|Gengar, L50, M|
|poke|p2|Archaludon, L50, M|
|poke|p2|Politoed, L50, F|
|poke|p2|Swampert, L50, M|
|poke|p2|Vivillon-Fancy, L50, M|
|poke|p2|Incineroar, L50, F|
|teampreview|4
|showteam|p1|Venusaur||Venusaurite|Chlorophyll|SludgeBomb,EarthPower,SleepPowder,Protect|Modest||F|||50|]Grimmsnarl||LightClay|Prankster|SpiritBreak,Reflect,LightScreen,PartingShot|Careful||M|||50|]Pelipper||SitrusBerry|Drizzle|Hurricane,WeatherBall,Tailwind,WideGuard|Modest||M|||50|]Archaludon||Leftovers|Stamina|DragonPulse,FlashCannon,ElectroShot,Protect|Modest||M|||50|]Charizard||CharizarditeY|Blaze|HeatWave,SolarBeam,WeatherBall,Protect|Modest||F|||50|]Basculegion||ChoiceScarf|Adaptability|WaveCrash,FlipTurn,LastRespects,AquaJet|Jolly||M|||50|
|showteam|p2|Gengar||Gengarite|CursedBody|ShadowBall,SludgeBomb,PerishSong,Protect|Modest||M|||50|]Archaludon||Leftovers|Stamina|ElectroShot,DragonPulse,FlashCannon,Protect|Bold||M|||50|]Politoed||SitrusBerry|Drizzle|WeatherBall,Hypnosis,PerishSong,Protect|Calm||F|||50|]Swampert||Swampertite|Torrent|WaveCrash,Earthquake,IcePunch,Protect|Adamant||M|||50|]Vivillon-Fancy||FocusSash|CompoundEyes|Hurricane,SleepPowder,RagePowder,Protect|Timid||M|||50|]Incineroar||PasshoBerry|Intimidate|ThroatChop,FakeOut,PartingShot,Protect|Impish||F|||50|
|inactive|Battle timer is ON: inactive players will automatically lose when time's up. (requested by isieboy)
|
|t:|1784675887
|teamsize|p1|4
|teamsize|p2|4
|start
|switch|p1a: Venusaur|Venusaur, L50, F|100/100
|switch|p1b: Charizard|Charizard, L50, F|100/100
|switch|p2a: Swampert|Swampert, L50, M|100/100
|switch|p2b: Vivillon|Vivillon-Fancy, L50, M|100/100
|turn|1
|inactive|isieboy has 30 seconds left.
|inactive|isieboy has 20 seconds left.
|inactive|isieboy has 15 seconds left.
|inactive|isieboy has 10 seconds left.
|inactive|isieboy has 5 seconds left.
|
|t:|1784675937
|detailschange|p1b: Charizard|Charizard-Mega-Y, L50, F
|-mega|p1b: Charizard|Charizard|Charizardite Y
|-weather|SunnyDay|[from] ability: Drought|[of] p1b: Charizard
|move|p2b: Vivillon|Protect|p2b: Vivillon
|-singleturn|p2b: Vivillon|Protect
|move|p2a: Swampert|Protect|p2a: Swampert
|-singleturn|p2a: Swampert|Protect
|move|p1a: Venusaur|Sleep Powder|p2a: Swampert
|-activate|p2a: Swampert|move: Protect
|move|p1b: Charizard|Heat Wave|p2a: Swampert|[spread] 
|-activate|p2a: Swampert|move: Protect
|-activate|p2b: Vivillon|move: Protect
|
|-weather|SunnyDay|[upkeep]
|upkeep
|turn|2
|inactive|isieboy has 30 seconds left.
|
|t:|1784675965
|switch|p1b: Pelipper|Pelipper, L50, M|100/100
|-weather|RainDance|[from] ability: Drizzle|[of] p1b: Pelipper
|detailschange|p2a: Swampert|Swampert-Mega, L50, M
|-mega|p2a: Swampert|Swampert|Swampertite
|move|p2a: Swampert|Ice Punch|p1a: Venusaur
|-supereffective|p1a: Venusaur|1
|-damage|p1a: Venusaur|23/100
|move|p2b: Vivillon|Sleep Powder|p1b: Pelipper
|-status|p1b: Pelipper|slp|[from] move: Sleep Powder
|move|p1a: Venusaur|Sludge Bomb|p2b: Vivillon
|-damage|p2b: Vivillon|24/100
|-status|p2b: Vivillon|psn
|
|-weather|RainDance|[upkeep]
|-damage|p2b: Vivillon|12/100 psn|[from] psn
|upkeep
|turn|3
|inactive|isieboy has 30 seconds left.
|inactive|isieboy has 20 seconds left.
|
|t:|1784676001
|move|p1a: Venusaur|Protect|p1a: Venusaur
|-singleturn|p1a: Venusaur|Protect
|move|p2a: Swampert|Ice Punch|p1a: Venusaur
|-activate|p1a: Venusaur|move: Protect
|move|p2b: Vivillon|Hurricane|p1b: Pelipper
|-damage|p1b: Pelipper|43/100 slp
|-enditem|p1b: Pelipper|Sitrus Berry|[eat]
|-heal|p1b: Pelipper|68/100 slp|[from] item: Sitrus Berry
|cant|p1b: Pelipper|slp
|
|-weather|RainDance|[upkeep]
|-damage|p2b: Vivillon|1/100 psn|[from] psn
|upkeep
|turn|4
|inactive|isieboy has 30 seconds left.
|
|t:|1784676028
|switch|p1a: Charizard|Charizard-Mega-Y, L50, F|100/100
|-weather|SunnyDay|[from] ability: Drought|[of] p1a: Charizard
|switch|p1b: Grimmsnarl|Grimmsnarl, L50, M|100/100
|move|p2b: Vivillon|Hurricane|p1a: Charizard
|-damage|p1a: Charizard|59/100
|move|p2a: Swampert|Ice Punch|p1b: Grimmsnarl
|-damage|p1b: Grimmsnarl|67/100
|
|-weather|SunnyDay|[upkeep]
|-damage|p2b: Vivillon|0 fnt|[from] psn
|faint|p2b: Vivillon
|upkeep
|
|t:|1784676039
|switch|p2b: Politoed|Politoed, L50, F|100/100
|-weather|RainDance|[from] ability: Drizzle|[of] p2b: Politoed
|turn|5
|
|t:|1784676058
|switch|p1a: Pelipper|Pelipper, L50, M|68/100 slp
|switch|p2b: Archaludon|Archaludon, L50, M|100/100
|move|p1b: Grimmsnarl|Parting Shot|p2a: Swampert
|-unboost|p2a: Swampert|atk|1
|-unboost|p2a: Swampert|spa|1
|
|t:|1784676064
|switch|p1b: Venusaur|Venusaur, L50, F|23/100|[from] Parting Shot
|move|p2a: Swampert|Wave Crash|p1b: Venusaur
|-resisted|p1b: Venusaur|1
|-damage|p1b: Venusaur|0 fnt
|faint|p1b: Venusaur
|-damage|p2a: Swampert|92/100|[from] Recoil
|
|-weather|RainDance|[upkeep]
|upkeep
|
|t:|1784676070
|switch|p1b: Grimmsnarl|Grimmsnarl, L50, M|67/100
|turn|6
|inactive|isieboy has 30 seconds left.
|inactive|isieboy has 20 seconds left.
|
|t:|1784676105
|move|p1b: Grimmsnarl|Parting Shot|p2b: Archaludon
|-unboost|p2b: Archaludon|atk|1
|-unboost|p2b: Archaludon|spa|1
|
|t:|1784676108
|switch|p1b: Charizard|Charizard-Mega-Y, L50, F|59/100|[from] Parting Shot
|-weather|SunnyDay|[from] ability: Drought|[of] p1b: Charizard
|move|p2a: Swampert|Wave Crash|p1b: Charizard
|-supereffective|p1b: Charizard|1
|-damage|p1b: Charizard|16/100
|-damage|p2a: Swampert|77/100|[from] Recoil
|move|p2b: Archaludon|Dragon Pulse|p1a: Pelipper
|-crit|p1a: Pelipper
|-damage|p1a: Pelipper|0 fnt
|faint|p1a: Pelipper
|
|-weather|SunnyDay|[upkeep]
|upkeep
|
|t:|1784676118
|switch|p1a: Grimmsnarl|Grimmsnarl, L50, M|67/100
|turn|7
|-message|monsoonisbest forfeited.
|
|win|isieboy
|raw|monsoonisbest's rating: 1233 → 1213(-20 for losing)
|raw|isieboy's rating: 1309 → 1325(+16 for winning)
