|j|☆KatakuriGOD
|j|☆don zaloog is real
|html|KatakuriGODdon zaloog is real    
|uhtml|bestof|Game 1 of a best-of-3
|t:|1756151929
|gametype|doubles
|player|p1|KatakuriGOD|102|1287
|player|p2|don zaloog is real|collector|1340
|gen|9
|tier|[Gen 9] VGC 2025 Reg H (Bo3)
|rated|
|rule|Species Clause: Limit one of each Pokémon
|rule|Item Clause: Limit 1 of each item
|clearpoke
|poke|p1|Dragapult, L50, F|
|poke|p1|Sneasler, L50, M|
|poke|p1|Magmar, L50, F|
|poke|p1|Rillaboom, L50, M|
|poke|p1|Kingambit, L50, M|
|poke|p1|Primarina, L50, F|
|poke|p2|Rillaboom, L50, M|
|poke|p2|Volcarona, L50, F|
|poke|p2|Kingambit, L50, M|
|poke|p2|Ninetales-Alola, L50, F|
|poke|p2|Basculegion, L50, M|
|poke|p2|Electabuzz, L50, M|
|teampreview|4
|showteam|p1|Dragapult||ChoiceBand|ClearBody|DragonDarts,TeraBlast,Uturn,PhantomForce|||F|||50|,,,,,Ghost]Sneasler||FocusSash|PoisonTouch|FakeOut,CloseCombat,DireClaw,Protect|||M|||50|,,,,,Stellar]Magmar||Eviolite|VitalSpirit|FollowMe,WillOWisp,Overheat,Protect|||F|||50|,,,,,Ghost]Rillaboom||AssaultVest|GrassySurge|FakeOut,WoodHammer,GrassyGlide,HighHorsepower|||M|||50|,,,,,Fire]Kingambit||BlackGlasses|Defiant|KowtowCleave,SuckerPunch,SwordsDance,Protect|||M|||50|,,,,,Ghost]Primarina||SitrusBerry|LiquidVoice|HyperVoice,Moonblast,Haze,Protect|||F|||50|,,,,,Poison
|showteam|p2|Rillaboom||AssaultVest|GrassySurge|WoodHammer,GrassyGlide,HighHorsepower,FakeOut|||M|||50|,,,,,Fire]Volcarona||GrassySeed|FlameBody|HeatWave,GigaDrain,QuiverDance,Protect|||F|||50|,,,,,Grass]Kingambit||SafetyGoggles|Defiant|KowtowCleave,SuckerPunch,SwordsDance,Protect|||M|||50|,,,,,Dark]Ninetales-Alola||FocusSash|SnowWarning|Blizzard,Encore,Disable,Protect|||F|||50|,,,,,Ghost]Basculegion||ChoiceScarf|Adaptability|WaveCrash,LastRespects,FlipTurn,AquaJet|||M|||50|,,,,,Dragon]Electabuzz||Eviolite|VitalSpirit|Thunderbolt,FollowMe,Taunt,HelpingHand|||M|||50|,,,,,Fairy
|inactive|Battle timer is ON: inactive players will automatically lose when time's up. (requested by KatakuriGOD)
|inactive|KatakuriGOD has 60 seconds left.
|inactive|KatakuriGOD has 30 seconds left.
|inactive|KatakuriGOD has 20 seconds left.
|inactive|KatakuriGOD has 15 seconds left.
|inactive|KatakuriGOD has 10 seconds left.
|inactive|KatakuriGOD has 5 seconds left.
|
|t:|1756152025
|teamsize|p1|4
|teamsize|p2|4
|start
|switch|p1a: Dragapult|Dragapult, L50, F|100/100
|switch|p1b: Magmar|Magmar, L50, F|100/100
|switch|p2a: Electabuzz|Electabuzz, L50, M|100/100
|switch|p2b: Basculegion|Basculegion, L50, M|100/100
|turn|1
|
|t:|1756152045
|-terastallize|p1b: Magmar|Ghost
|move|p1b: Magmar|Follow Me|p1b: Magmar
|-singleturn|p1b: Magmar|move: Follow Me
|move|p1a: Dragapult|Dragon Darts|p2b: Basculegion
|-damage|p2b: Basculegion|51/100
|-anim|p1a: Dragapult|Dragon Darts|p2a: Electabuzz
|-damage|p2a: Electabuzz|69/100
|move|p2b: Basculegion|Flip Turn|p1b: Magmar
|-damage|p1b: Magmar|67/100
|
|t:|1756152054
|switch|p2b: Kingambit|Kingambit, L50, M|100/100|[from] Flip Turn
|move|p2a: Electabuzz|Taunt|p1b: Magmar
|-start|p1b: Magmar|move: Taunt
|
|upkeep
|turn|2
|inactive|KatakuriGOD has 30 seconds left.
|inactive|don zaloog is real has 30 seconds left.
|
|t:|1756152083
|switch|p1a: Sneasler|Sneasler, L50, M|100/100
|move|p2a: Electabuzz|Follow Me|p2a: Electabuzz
|-singleturn|p2a: Electabuzz|move: Follow Me
|move|p1b: Magmar|Overheat|p2a: Electabuzz
|-damage|p2a: Electabuzz|32/100
|-unboost|p1b: Magmar|spa|2
|move|p2b: Kingambit|Kowtow Cleave|p1a: Sneasler
|-resisted|p1a: Sneasler
|-damage|p1a: Sneasler|59/100
|
|upkeep
|turn|3
|
|t:|1756152107
|switch|p2a: Basculegion|Basculegion, L50, M|51/100
|move|p2b: Kingambit|Protect|p2b: Kingambit
|-singleturn|p2b: Kingambit|Protect
|move|p1a: Sneasler|Fake Out|p2a: Basculegion
|-immune|p2a: Basculegion
|move|p1b: Magmar|Overheat|p2b: Kingambit
|-activate|p2b: Kingambit|move: Protect
|
|upkeep
|turn|4
|
|t:|1756152118
|switch|p1b: Rillaboom|Rillaboom, L50, M|100/100
|-fieldstart|move: Grassy Terrain|[from] ability: Grassy Surge|[of] p1b: Rillaboom
|-terastallize|p2b: Kingambit|Dark
|move|p1a: Sneasler|Protect|p1a: Sneasler
|-singleturn|p1a: Sneasler|Protect
|move|p2a: Basculegion|Wave Crash|p1a: Sneasler
|-activate|p1a: Sneasler|move: Protect
|move|p2b: Kingambit|Kowtow Cleave|p1b: Rillaboom
|-damage|p1b: Rillaboom|35/100
|
|-heal|p2a: Basculegion|57/100|[from] Grassy Terrain
|-heal|p1a: Sneasler|65/100|[from] Grassy Terrain
|-heal|p1b: Rillaboom|41/100|[from] Grassy Terrain
|upkeep
|turn|5
|inactive|KatakuriGOD has 30 seconds left.
|
|t:|1756152146
|switch|p2a: Volcarona|Volcarona, L50, F|100/100
|-enditem|p2a: Volcarona|Grassy Seed
|-boost|p2a: Volcarona|def|1|[from] item: Grassy Seed
|move|p2b: Kingambit|Protect|p2b: Kingambit
|-singleturn|p2b: Kingambit|Protect
|move|p1b: Rillaboom|Grassy Glide|p2a: Volcarona
|-resisted|p2a: Volcarona
|-damage|p2a: Volcarona|95/100
|move|p1a: Sneasler|Close Combat|p2b: Kingambit
|-activate|p2b: Kingambit|move: Protect
|
|-heal|p1a: Sneasler|70/100|[from] Grassy Terrain
|-heal|p2a: Volcarona|100/100|[from] Grassy Terrain
|-heal|p1b: Rillaboom|47/100|[from] Grassy Terrain
|upkeep
|turn|6
|
|t:|1756152159
|switch|p1b: Magmar|Magmar, L50, F, tera:Ghost|67/100
|move|p2b: Kingambit|Sucker Punch||[still]
|-fail|p2b: Kingambit
|move|p1a: Sneasler|Close Combat|p2b: Kingambit
|-supereffective|p2b: Kingambit
|-damage|p2b: Kingambit|14/100
|-unboost|p1a: Sneasler|def|1
|-unboost|p1a: Sneasler|spd|1
|move|p2a: Volcarona|Quiver Dance|p2a: Volcarona
|-boost|p2a: Volcarona|spa|1
|-boost|p2a: Volcarona|spd|1
|-boost|p2a: Volcarona|spe|1
|
|-heal|p1a: Sneasler|76/100|[from] Grassy Terrain
|-heal|p1b: Magmar|73/100|[from] Grassy Terrain
|-heal|p2b: Kingambit|19/100|[from] Grassy Terrain
|upkeep
|turn|7
|inactive|KatakuriGOD has 30 seconds left.
|inactive|don zaloog is real has 30 seconds left.
|
|t:|1756152187
|switch|p2b: Electabuzz|Electabuzz, L50, M|32/100
|move|p2a: Volcarona|Heat Wave|p1b: Magmar|[spread] p1a,p1b
|-damage|p1a: Sneasler|0 fnt
|-damage|p1b: Magmar|27/100
|-status|p1b: Magmar|brn
|faint|p1a: Sneasler
|move|p1b: Magmar|Will-O-Wisp|p2b: Electabuzz
|-status|p2b: Electabuzz|brn
|
|-heal|p2b: Electabuzz|38/100 brn|[from] Grassy Terrain
|-heal|p1b: Magmar|33/100 brn|[from] Grassy Terrain
|-damage|p2b: Electabuzz|32/100 brn|[from] brn
|-damage|p1b: Magmar|27/100 brn|[from] brn
|upkeep
|
|t:|1756152195
|switch|p1a: Dragapult|Dragapult, L50, F|100/100
|turn|8
|
|t:|1756152205
|move|p1b: Magmar|Protect|p1b: Magmar
|-singleturn|p1b: Magmar|Protect
|move|p2b: Electabuzz|Follow Me|p2b: Electabuzz
|-singleturn|p2b: Electabuzz|move: Follow Me
|move|p1a: Dragapult|Dragon Darts|p2b: Electabuzz
|-damage|p2b: Electabuzz|0 fnt
|faint|p2b: Electabuzz
|move|p2a: Volcarona|Heat Wave|p1a: Dragapult|[spread] p1a
|-activate|p1b: Magmar|move: Protect
|-resisted|p1a: Dragapult
|-damage|p1a: Dragapult|62/100
|
|-heal|p1a: Dragapult|68/100|[from] Grassy Terrain
|-heal|p1b: Magmar|33/100 brn|[from] Grassy Terrain
|-damage|p1b: Magmar|27/100 brn|[from] brn
|-fieldend|move: Grassy Terrain
|upkeep
|
|t:|1756152215
|switch|p2b: Basculegion|Basculegion, L50, M|57/100
|turn|9
|
|t:|1756152222
|move|p1b: Magmar|Follow Me|p1b: Magmar
|-singleturn|p1b: Magmar|move: Follow Me
|move|p1a: Dragapult|Dragon Darts|p2b: Basculegion
|-damage|p2b: Basculegion|6/100
|-anim|p1a: Dragapult|Dragon Darts|p2a: Volcarona
|-damage|p2a: Volcarona|76/100
|move|p2a: Volcarona|Heat Wave|p1b: Magmar|[spread] p1a,p1b
|-resisted|p1a: Dragapult
|-damage|p1a: Dragapult|35/100
|-damage|p1b: Magmar|0 fnt
|faint|p1b: Magmar
|move|p2b: Basculegion|Last Respects|p1a: Dragapult
|-supereffective|p1a: Dragapult
|-damage|p1a: Dragapult|0 fnt
|faint|p1a: Dragapult
|
|upkeep
|
|t:|1756152231
|switch|p1b: Rillaboom|Rillaboom, L50, M|47/100
|-fieldstart|move: Grassy Terrain|[from] ability: Grassy Surge|[of] p1b: Rillaboom
|turn|10
|
|t:|1756152236
|move|p1b: Rillaboom|Grassy Glide|p2b: Basculegion
|-supereffective|p2b: Basculegion
|-damage|p2b: Basculegion|0 fnt
|faint|p2b: Basculegion
|move|p2a: Volcarona|Heat Wave|p1b: Rillaboom
|-supereffective|p1b: Rillaboom
|-damage|p1b: Rillaboom|0 fnt
|faint|p1b: Rillaboom
|
|win|don zaloog is real
||don zaloog is real is ready for game 2.
||KatakuriGOD is ready for game 2.
|uhtml|next|Next: Game 2 of 3
