|j|☆25th_mang
|j|☆castoriceball
|html|25th_mangcastoriceball    
|uhtml|bestof|Game 2 of a best-of-3
|t:|1783570781
|gametype|doubles
|player|p1|25th_mang|ballguy|1239
|player|p2|castoriceball|miku-flying|1226
|gen|9
|tier|[Gen 9 Champions] VGC 2026 Reg M-B (Bo3)
|rated|
|rule|Species Clause: Limit one of each Pokémon
|rule|Item Clause: Limit 1 of each item
|clearpoke
|poke|p1|Blastoise, L50, M|
|poke|p1|Aerodactyl, L50, M|
|poke|p1|Sinistcha, L50|
|poke|p1|Kingambit, L50, F|
|poke|p1|Tsareena, L50, F|
|poke|p1|Metagross, L50, shiny|
|poke|p2|Garchomp, L50, F|
|poke|p2|Floette-Eternal, L50, F|
|poke|p2|Talonflame, L50, F|
|poke|p2|Rotom-Wash, L50, shiny|
|poke|p2|Ceruledge, L50, M|
|poke|p2|Sneasler, L50, F|
|teampreview|4
|showteam|p1|Blastoise||Blastoisinite|RainDish|WaterSpout,AuraSphere,DarkPulse,FakeOut|Modest||M|||50|]Aerodactyl||FocusSash|Unnerve|Tailwind,RainDance,RockSlide,DualWingbeat|Jolly||M|||50|]Sinistcha||SitrusBerry|Hospitality|LifeDew,MatchaGotcha,TrickRoom,RagePowder|Quiet|||||50|]Kingambit||ChopleBerry|Defiant|KowtowCleave,SuckerPunch,LowKick,IronHead|Adamant||F|||50|]Tsareena||WideLens|QueenlyMajesty|TropKick,LowKick,TripleAxel,HelpingHand|Adamant||F|||50|]Metagross||Metagrossite|ClearBody|IronHead,PsychicFangs,IcePunch,Protect|Adamant|||||50|
|showteam|p2|Garchomp||LifeOrb|RoughSkin|DragonClaw,Earthquake,RockSlide,Protect|Adamant||F|||50|]Floette-Eternal||Floettite|FlowerVeil|Moonblast,DazzlingGleam,LightofRuin,Protect|Modest||F|||50|]Talonflame||SharpBeak|GaleWings|Tailwind,DualWingbeat,SunnyDay,Protect|Jolly||F|||50|]Rotom-Wash||Magnet|Levitate|Thunderbolt,HydroPump,Electroweb,Protect|Modest|||||50|]Ceruledge||ColburBerry|FlashFire|Poltergeist,BitterBlade,ShadowSneak,Protect|Adamant||M|||50|]Sneasler||FocusSash|Unburden|FakeOut,DireClaw,CloseCombat,Taunt|Naughty||F|||50|
|inactive|Battle timer is ON: inactive players will automatically lose when time's up. (requested by 25th_mang)
|inactive|25th_mang has 60 seconds left.
|inactive|25th_mang has 30 seconds left.
|inactive|25th_mang has 20 seconds left.
|inactive|25th_mang has 15 seconds left.
|inactive|25th_mang has 10 seconds left.
|
|t:|1783570863
|teamsize|p1|4
|teamsize|p2|4
|start
|switch|p1a: MONEYBALL|Aerodactyl, L50, M|100/100
|switch|p1b: Voyager|Blastoise, L50, M|100/100
|switch|p2a: BIRDD|Talonflame, L50, F|100/100
|switch|p2b: Laundry List|Rotom-Wash, L50, shiny|100/100
|-ability|p1a: MONEYBALL|Unnerve
|turn|1
|inactive|25th_mang has 30 seconds left.
|
|t:|1783570895
|move|p2a: BIRDD|Protect|p2a: BIRDD
|-singleturn|p2a: BIRDD|Protect
|move|p1b: Voyager|Fake Out|p2b: Laundry List
|-damage|p2b: Laundry List|91/100
|move|p1a: MONEYBALL|Rock Slide|p2b: Laundry List|[spread] p2b
|-activate|p2a: BIRDD|move: Protect
|-damage|p2b: Laundry List|64/100
|cant|p2b: Laundry List|flinch
|
|upkeep
|turn|2
|
|t:|1783570914
|switch|p1b: Her Majesty 5|Tsareena, L50, F|100/100
|move|p2a: BIRDD|Tailwind|p2a: BIRDD
|-sidestart|p2: castoriceball|move: Tailwind
|move|p2b: Laundry List|Thunderbolt|p1b: Her Majesty 5
|-resisted|p1b: Her Majesty 5|1
|-damage|p1b: Her Majesty 5|74/100
|move|p1a: MONEYBALL|Tailwind|p1a: MONEYBALL
|-sidestart|p1: 25th_mang|move: Tailwind
|
|upkeep
|turn|3
|
|t:|1783570935
|switch|p2a: jarchomp|Garchomp, L50, F|100/100
|move|p2b: Laundry List|Protect|p2b: Laundry List
|-singleturn|p2b: Laundry List|Protect
|move|p1a: MONEYBALL|Rock Slide|p2a: jarchomp|[spread] p2a
|-activate|p2b: Laundry List|move: Protect
|-resisted|p2a: jarchomp|1
|-damage|p2a: jarchomp|88/100
|move|p1b: Her Majesty 5|Trop Kick|p2b: Laundry List
|-activate|p2b: Laundry List|move: Protect
|
|upkeep
|turn|4
|
|t:|1783570952
|move|p2a: jarchomp|Protect|p2a: jarchomp
|-singleturn|p2a: jarchomp|Protect
|move|p1a: MONEYBALL|Rock Slide|p2b: Laundry List|[spread] p2b
|-activate|p2a: jarchomp|move: Protect
|-damage|p2b: Laundry List|38/100
|move|p1b: Her Majesty 5|Triple Axel|p2a: jarchomp
|-activate|p2a: jarchomp|move: Protect
|cant|p2b: Laundry List|flinch
|
|upkeep
|turn|5
|
|t:|1783570966
|move|p1a: MONEYBALL|Rock Slide|p2b: Laundry List|[spread] p2a,p2b
|-resisted|p2a: jarchomp|1
|-damage|p2a: jarchomp|75/100
|-damage|p2b: Laundry List|13/100
|move|p2a: jarchomp|Rock Slide|p1b: Her Majesty 5|[spread] p1a,p1b
|-supereffective|p1a: MONEYBALL|1
|-damage|p1a: MONEYBALL|17/100
|-damage|p1b: Her Majesty 5|45/100
|-damage|p2a: jarchomp|65/100|[from] item: Life Orb
|cant|p1b: Her Majesty 5|flinch
|move|p2b: Laundry List|Electroweb|p1a: MONEYBALL|[spread] p1b
|-miss|p2b: Laundry List|p1a: MONEYBALL
|-resisted|p1b: Her Majesty 5|1
|-damage|p1b: Her Majesty 5|31/100
|-unboost|p1b: Her Majesty 5|spe|1
|
|-sideend|p2: castoriceball|move: Tailwind
|-sideend|p1: 25th_mang|move: Tailwind
|upkeep
|turn|6
|inactive|25th_mang has 30 seconds left.
|
|t:|1783570997
|switch|p2a: Swords4Hands|Ceruledge, L50, M|100/100
|move|p1a: MONEYBALL|Tailwind|p1a: MONEYBALL
|-sidestart|p1: 25th_mang|move: Tailwind
|move|p1b: Her Majesty 5|Trop Kick|p2b: Laundry List
|-supereffective|p2b: Laundry List|1
|-damage|p2b: Laundry List|0 fnt
|faint|p2b: Laundry List
|
|upkeep
|
|t:|1783571009
|switch|p2b: BIRDD|Talonflame, L50, F|100/100
|turn|7
|
|t:|1783571015
|move|p1b: Her Majesty 5|Helping Hand|p1a: MONEYBALL
|-singleturn|p1a: MONEYBALL|Helping Hand|[of] p1b: Her Majesty 5
|move|p2b: BIRDD|Tailwind|p2b: BIRDD
|-sidestart|p2: castoriceball|move: Tailwind
|move|p1a: MONEYBALL|Rock Slide|p2b: BIRDD|[spread] p2a,p2b
|-supereffective|p2a: Swords4Hands|1
|-supereffective|p2b: BIRDD|2
|-damage|p2a: Swords4Hands|19/100
|-damage|p2b: BIRDD|0 fnt
|faint|p2b: BIRDD
|move|p2a: Swords4Hands|Bitter Blade|p1b: Her Majesty 5
|-supereffective|p1b: Her Majesty 5|1
|-damage|p1b: Her Majesty 5|0 fnt
|-heal|p2a: Swords4Hands|35/100|[from] drain|[of] p1b: Her Majesty 5
|faint|p1b: Her Majesty 5
|
|upkeep
|
|t:|1783571035
|switch|p2b: jarchomp|Garchomp, L50, F|65/100
|switch|p1b: Voyager|Blastoise, L50, M|100/100
|turn|8
|inactive|25th_mang has 30 seconds left.
|inactive|castoriceball has 30 seconds left.
|
|t:|1783571065
|detailschange|p1b: Voyager|Blastoise-Mega, L50, M
|-mega|p1b: Voyager|Blastoise|Blastoisinite
|move|p2b: jarchomp|Protect|p2b: jarchomp
|-singleturn|p2b: jarchomp|Protect
|move|p2a: Swords4Hands|Protect|p2a: Swords4Hands
|-singleturn|p2a: Swords4Hands|Protect
|move|p1a: MONEYBALL|Rock Slide|p2a: Swords4Hands|[spread] 
|-activate|p2a: Swords4Hands|move: Protect
|-activate|p2b: jarchomp|move: Protect
|move|p1b: Voyager|Dark Pulse|p2a: Swords4Hands
|-activate|p2a: Swords4Hands|move: Protect
|
|upkeep
|turn|9
|
|t:|1783571090
|move|p2a: Swords4Hands|Shadow Sneak|p1a: MONEYBALL
|-damage|p1a: MONEYBALL|0 fnt
|faint|p1a: MONEYBALL
|move|p2b: jarchomp|Dragon Claw|p1b: Voyager
|-damage|p1b: Voyager|37/100
|-damage|p2b: jarchomp|56/100|[from] item: Life Orb
|move|p1b: Voyager|Dark Pulse|p2a: Swords4Hands
|-supereffective|p2a: Swords4Hands|1
|-enditem|p2a: Swords4Hands|Colbur Berry|[eat]
|-enditem|p2a: Swords4Hands|Colbur Berry|[weaken]
|-damage|p2a: Swords4Hands|0 fnt
|faint|p2a: Swords4Hands
|
|-sideend|p1: 25th_mang|move: Tailwind
|upkeep
|
|t:|1783571096
|switch|p1a: George t. L.|Metagross, L50, shiny|100/100
|turn|10
|
|t:|1783571102
|move|p2b: jarchomp|Earthquake|p1b: Voyager|[spread] p1a,p1b
|-supereffective|p1a: George t. L.|1
|-damage|p1a: George t. L.|1/100
|-damage|p1b: Voyager|0 fnt
|faint|p1b: Voyager
|-damage|p2b: jarchomp|46/100|[from] item: Life Orb
|move|p1a: George t. L.|Ice Punch|p2b: jarchomp
|-supereffective|p2b: jarchomp|2
|-damage|p2b: jarchomp|0 fnt
|-damage|p1a: George t. L.|0 fnt|[from] ability: Rough Skin|[of] p2b: jarchomp
|faint|p2b: jarchomp
|faint|p1a: George t. L.
|
|win|25th_mang
