|j|☆Antonace
|j|☆snailboss
|html|Antonacesnailboss    
|uhtml|bestof|Game 2 of a best-of-3
|t:|1756766338
|gametype|doubles
|player|p1|Antonace|170|1080
|player|p2|snailboss|hilda-wonderlauncher|1146
|gen|9
|tier|[Gen 9] VGC 2025 Reg H (Bo3)
|rated|
|rule|Species Clause: Limit one of each Pokémon
|rule|Item Clause: Limit 1 of each item
|clearpoke
|poke|p1|Gastrodon, L50, M|
|poke|p1|Tyranitar, L50, M|
|poke|p1|Garchomp, L50, F|
|poke|p1|Kilowattrel, L50, M|
|poke|p1|Indeedee, L50, M|
|poke|p1|Delphox, L50, F|
|poke|p2|Zoroark-Hisui, L50, F|
|poke|p2|Tyranitar, L50, F|
|poke|p2|Excadrill, L50, F|
|poke|p2|Indeedee-F, L50, F|
|poke|p2|Gallade, L50, M|
|poke|p2|Noivern, L50, F|
|teampreview|4
|showteam|p1|Gastrodon||QuickClaw|StormDrain|EarthPower,Recover,Yawn,IceBeam|||M|||50|,,,,,Fire]Tyranitar||AssaultVest|SandStream|RockSlide,KnockOff,TeraBlast,LowKick|||M|||50|,,,,,Flying]Garchomp||ClearAmulet|SandVeil|StompingTantrum,DragonClaw,SwordsDance,Protect|||F|||50|,,,,,Fairy]Kilowattrel||FocusSash|Competitive|Discharge,Endeavor,Hurricane,Thunderbolt|||M|||50|,,,,,Electric]Indeedee||ChoiceScarf|PsychicSurge|ExpandingForce,HyperVoice,Psychic,Trick|||M|||50|,,,,,Psychic]Delphox||PsychicSeed|Magician|HeatWave,ExpandingForce,TeraBlast,Protect|||F|||50|,,,,,Fighting
|showteam|p2|Zoroark-Hisui||ChoiceSpecs|Illusion|HyperVoice,Flamethrower,ShadowBall,HyperBeam|||F|||50|,,,,,Normal]Tyranitar||AssaultVest|SandStream|RockSlide,KnockOff,LowKick,TeraBlast|||F|||50|,,,,,Flying]Excadrill||FocusSash|SandRush|IronHead,Protect,SwordsDance,Earthquake|||F|||50|,,,,,Ground]Indeedee-F||SafetyGoggles|PsychicSurge|TrickRoom,FollowMe,Psychic,HelpingHand|||F|||50|,,,,,Water]Gallade||ClearAmulet|Sharpness|PsychoCut,TrickRoom,WideGuard,SacredSword|||M|||50|,,,,,Grass]Noivern||CovertCloak|Telepathy|SuperFang,Tailwind,Taunt,DracoMeteor|||F|||50|,,,,,Fairy
|
|t:|1756766362
|teamsize|p1|4
|teamsize|p2|4
|start
|switch|p1a: Garchomp|Garchomp, L50, F|100/100
|switch|p1b: Delphox|Delphox, L50, F|100/100
|switch|p2a: Dr. Drills|Excadrill, L50, F|100/100
|switch|p2b: Alistair|Gallade, L50, M|100/100
|turn|1
|inactive|Battle timer is ON: inactive players will automatically lose when time's up. (requested by Antonace)
|
|t:|1756766420
|switch|p1b: Indeedee|Indeedee, L50, M|100/100
|-fieldstart|move: Psychic Terrain|[from] ability: Psychic Surge|[of] p1b: Indeedee
|move|p2a: Dr. Drills|Protect|p2a: Dr. Drills
|-singleturn|p2a: Dr. Drills|Protect
|move|p1a: Garchomp|Stomping Tantrum|p2a: Dr. Drills
|-activate|p2a: Dr. Drills|move: Protect
|move|p2b: Alistair|Trick Room|p2b: Alistair
|-fieldstart|move: Trick Room|[of] p2b: Alistair
|
|upkeep
|turn|2
|inactive|Antonace has 30 seconds left.
|inactive|snailboss has 30 seconds left.
|inactive|Antonace has 20 seconds left.
|inactive|Antonace has 15 seconds left.
|inactive|Antonace has 10 seconds left.
|
|t:|1756766468
|move|p2b: Alistair|Sacred Sword|p1b: Indeedee
|-damage|p1b: Indeedee|0 fnt
|faint|p1b: Indeedee
|move|p2a: Dr. Drills|Swords Dance|p2a: Dr. Drills
|-boost|p2a: Dr. Drills|atk|2
|move|p1a: Garchomp|Stomping Tantrum|p2a: Dr. Drills
|-supereffective|p2a: Dr. Drills
|-enditem|p2a: Dr. Drills|Focus Sash
|-damage|p2a: Dr. Drills|1/100
|
|upkeep
|
|t:|1756766481
|switch|p1b: Tyranitar|Tyranitar, L50, M|100/100
|-weather|Sandstorm|[from] ability: Sand Stream|[of] p1b: Tyranitar
|turn|3
|inactive|snailboss has 30 seconds left.
|inactive|snailboss has 20 seconds left.
|inactive|snailboss has 15 seconds left.
|
|t:|1756766526
|-terastallize|p1b: Tyranitar|Flying
|move|p2b: Alistair|Psycho Cut|p1b: Tyranitar
|-crit|p1b: Tyranitar
|-damage|p1b: Tyranitar|9/100
|move|p1b: Tyranitar|Tera Blast|p2b: Alistair|[anim] Tera Blast Flying
|-supereffective|p2b: Alistair
|-crit|p2b: Alistair
|-damage|p2b: Alistair|0 fnt
|faint|p2b: Alistair
|move|p1a: Garchomp|Stomping Tantrum|p2a: Dr. Drills
|-supereffective|p2a: Dr. Drills
|-damage|p2a: Dr. Drills|0 fnt
|faint|p2a: Dr. Drills
|
|-weather|Sandstorm|[upkeep]
|-damage|p1b: Tyranitar|3/100|[from] Sandstorm
|upkeep
|
|t:|1756766536
|switch|p2b: Noivern|Noivern, L50, F|100/100
|switch|p2a: Alice|Tyranitar, L50, F|100/100
|turn|4
|
|t:|1756766558
|switch|p1b: Delphox|Delphox, L50, F|100/100
|-enditem|p1b: Delphox|Psychic Seed
|-boost|p1b: Delphox|spd|1|[from] item: Psychic Seed
|-terastallize|p2b: Noivern|Fairy
|move|p1a: Garchomp|Protect|p1a: Garchomp
|-singleturn|p1a: Garchomp|Protect
|move|p2a: Alice|Knock Off|p1a: Garchomp
|-activate|p1a: Garchomp|move: Protect
|move|p2b: Noivern|Draco Meteor|p1a: Garchomp
|-activate|p1a: Garchomp|move: Protect
|
|-weather|Sandstorm|[upkeep]
|-damage|p1b: Delphox|95/100|[from] Sandstorm
|-damage|p2b: Noivern|95/100|[from] Sandstorm
|upkeep
|turn|5
|inactive|Antonace has 30 seconds left.
|inactive|snailboss has 30 seconds left.
|inactive|Antonace has 20 seconds left.
|inactive|Antonace has 15 seconds left.
|inactive|Antonace has 10 seconds left.
|
|t:|1756766605
|switch|p1a: Tyranitar|Tyranitar, L50, M, tera:Flying|3/100
|move|p1b: Delphox|Protect|p1b: Delphox
|-singleturn|p1b: Delphox|Protect
|move|p2a: Alice|Rock Slide|p1b: Delphox|[spread] p1a
|-activate|p1b: Delphox|move: Protect
|-supereffective|p1a: Tyranitar
|-damage|p1a: Tyranitar|0 fnt
|faint|p1a: Tyranitar
|move|p2b: Noivern|Tailwind|p2b: Noivern
|-sidestart|p2: snailboss|move: Tailwind
|
|-weather|Sandstorm|[upkeep]
|-damage|p1b: Delphox|89/100|[from] Sandstorm
|-damage|p2b: Noivern|89/100|[from] Sandstorm
|-fieldend|move: Trick Room
|-fieldend|move: Psychic Terrain
|upkeep
|
|t:|1756766618
|switch|p1a: Garchomp|Garchomp, L50, F|100/100
|turn|6
|inactive|snailboss has 30 seconds left.
|inactive|snailboss has 20 seconds left.
|inactive|snailboss has 15 seconds left.
|inactive|snailboss has 10 seconds left.
|
|t:|1756766666
|move|p2b: Noivern|Draco Meteor|p1b: Delphox|[miss]
|-miss|p2b: Noivern|p1b: Delphox
|move|p2a: Alice|Rock Slide|p1b: Delphox|[spread] p1a,p1b
|-resisted|p1a: Garchomp
|-supereffective|p1b: Delphox
|-damage|p1a: Garchomp|86/100
|-damage|p1b: Delphox|0 fnt
|faint|p1b: Delphox
|cant|p1a: Garchomp|flinch
|
|-weather|Sandstorm|[upkeep]
|-damage|p2b: Noivern|83/100|[from] Sandstorm
|upkeep
|turn|7
|-message|Antonace forfeited.
|
|win|snailboss
|l|☆Antonace
|player|p1|
|j|☆Antonace
|player|p1|Antonace|170|
||snailboss is ready for game 3.
||Antonace is ready for game 3.
|uhtml|next|Next: Game 3 of 3
|l|☆snailboss
|player|p2|
|l|☆Antonace
|player|p1|
|j|☆snailboss
|player|p2|snailboss|hilda-wonderlauncher|
