|j|☆bariloz
|j|☆magicalarcher57
|html|barilozmagicalarcher57    
|uhtml|bestof|Game 2 of a best-of-3
|t:|1784557330
|gametype|doubles
|player|p1|bariloz|hiker-gen4|1257
|player|p2|magicalarcher57|diantha|1281
|gen|9
|tier|[Gen 9 Champions] VGC 2026 Reg M-B (Bo3)
|rated|
|rule|Species Clause: Limit one of each Pokémon
|rule|Item Clause: Limit 1 of each item
|clearpoke
|poke|p1|Blastoise, L50, F|
|poke|p1|Sinistcha, L50|
|poke|p1|Incineroar, L50, F|
|poke|p1|Sneasler, L50, M|
|poke|p1|Delphox, L50, M|
|poke|p1|Kingambit, L50, F|
|poke|p2|Delphox, L50, F|
|poke|p2|Sneasler, L50, F|
|poke|p2|Garchomp, L50, M|
|poke|p2|Maushold, L50|
|poke|p2|Kingambit, L50, M|
|poke|p2|Whimsicott, L50, M|
|teampreview|4
|showteam|p1|Blastoise||Blastoisinite|RainDish|WaterSpout,DarkPulse,ShellSmash,Protect|Modest||F|||50|]Sinistcha||KasibBerry|Hospitality|RagePowder,MatchaGotcha,TrickRoom,Protect|Relaxed|||||50|]Incineroar||SitrusBerry|Intimidate|FakeOut,FlareBlitz,DarkestLariat,PartingShot|Careful||F|||50|]Sneasler||FocusSash|PoisonTouch|CloseCombat,PoisonJab,QuickGuard,FakeOut|Jolly||M|||50|]Delphox||Delphoxite|Blaze|HeatWave,Psyshock,NastyPlot,Protect|Timid||M|||50|]Kingambit||BlackGlasses|Defiant|KowtowCleave,SuckerPunch,SwordsDance,Protect|Adamant||F|||50|
|showteam|p2|Delphox||Delphoxite|Blaze|HeatWave,Psyshock,NastyPlot,Protect|Timid||F|||50|]Sneasler||WhiteHerb|Unburden|FakeOut,DireClaw,CloseCombat,Protect|Adamant||F|||50|]Garchomp||LifeOrb|RoughSkin|Earthquake,DragonClaw,StompingTantrum,Protect|Jolly||M|||50|]Maushold||ChopleBerry|FriendGuard|FollowMe,Taunt,Feint,Protect|Jolly|||||50|]Kingambit||BlackGlasses|Defiant|IronHead,KowtowCleave,SuckerPunch,Protect|Adamant||M|||50|]Whimsicott||FocusSash|Prankster|Tailwind,Moonblast,Encore,Protect|Timid||M|||50|
|inactive|Battle timer is ON: inactive players will automatically lose when time's up. (requested by magicalarcher57)
|j| Tsaradia
|inactive|bariloz has 60 seconds left.
|
|t:|1784557364
|teamsize|p1|4
|teamsize|p2|4
|start
|switch|p1a: Sneasler|Sneasler, L50, M|100/100
|switch|p1b: Delphox|Delphox, L50, M|100/100
|switch|p2a: Whimsicott|Whimsicott, L50, M|100/100
|switch|p2b: Sneasler|Sneasler, L50, F|100/100
|turn|1
|
|t:|1784557388
|detailschange|p1b: Delphox|Delphox-Mega, L50, M
|-mega|p1b: Delphox|Delphox|Delphoxite
|move|p1a: Sneasler|Fake Out|p2a: Whimsicott
|-damage|p2a: Whimsicott|78/100
|move|p1b: Delphox|Nasty Plot|p1b: Delphox
|-boost|p1b: Delphox|spa|2
|cant|p2a: Whimsicott|flinch
|move|p2b: Sneasler|Dire Claw|p1b: Delphox
|-crit|p1b: Delphox
|-damage|p1b: Delphox|18/100
|
|upkeep
|turn|2
|inactive|bariloz has 30 seconds left.
|inactive|bariloz has 20 seconds left.
|
|t:|1784557424
|switch|p1a: Sinistcha|Sinistcha, L50|100/100
|-heal|p1b: Delphox|42/100|[from] ability: Hospitality|[of] p1a: Sinistcha
|move|p1b: Delphox|Protect|p1b: Delphox
|-singleturn|p1b: Delphox|Protect
|move|p2a: Whimsicott|Tailwind|p2a: Whimsicott
|-sidestart|p2: magicalarcher57|move: Tailwind
|move|p2b: Sneasler|Dire Claw|p1b: Delphox
|-activate|p1b: Delphox|move: Protect
|
|upkeep
|turn|3
|
|t:|1784557433
|move|p1a: Sinistcha|Rage Powder|p1a: Sinistcha
|-singleturn|p1a: Sinistcha|move: Rage Powder
|move|p2a: Whimsicott|Encore|p1b: Delphox
|-start|p1b: Delphox|Encore
|move|p1b: Delphox|Protect|p1b: Delphox
|-singleturn|p1b: Delphox|Protect
|move|p2b: Sneasler|Dire Claw|p1a: Sinistcha
|-damage|p1a: Sinistcha|58/100
|
|upkeep
|turn|4
|
|t:|1784557454
|switch|p1b: Incineroar|Incineroar, L50, F|100/100
|-ability|p1b: Incineroar|Intimidate|boost
|-unboost|p2a: Whimsicott|atk|1
|-unboost|p2b: Sneasler|atk|1
|-enditem|p2b: Sneasler|White Herb
|-clearnegativeboost|p2b: Sneasler|[silent]
|move|p2b: Sneasler|Dire Claw|p1a: Sinistcha
|-damage|p1a: Sinistcha|17/100
|move|p2a: Whimsicott|Moonblast|p1a: Sinistcha
|-damage|p1a: Sinistcha|0 fnt
|faint|p1a: Sinistcha
|
|upkeep
|
|t:|1784557470
|switch|p1a: Delphox|Delphox-Mega, L50, M|42/100
|turn|5
|
|t:|1784557474
|move|p2b: Sneasler|Protect|p2b: Sneasler
|-singleturn|p2b: Sneasler|Protect
|move|p1b: Incineroar|Fake Out|p2b: Sneasler
|-activate|p2b: Sneasler|move: Protect
|move|p2a: Whimsicott|Moonblast|p1a: Delphox
|-resisted|p1a: Delphox|1
|-damage|p1a: Delphox|27/100
|move|p1a: Delphox|Heat Wave|p2a: Whimsicott|[spread] p2a
|-activate|p2b: Sneasler|move: Protect
|-supereffective|p2a: Whimsicott|1
|-damage|p2a: Whimsicott|0 fnt
|faint|p2a: Whimsicott
|
|-sideend|p2: magicalarcher57|move: Tailwind
|upkeep
|
|t:|1784557476
|switch|p2a: Kingambit|Kingambit, L50, M|100/100
|turn|6
|
|t:|1784557496
|move|p1a: Delphox|Protect|p1a: Delphox
|-singleturn|p1a: Delphox|Protect
|move|p2b: Sneasler|Close Combat|p1b: Incineroar
|-supereffective|p1b: Incineroar|1
|-damage|p1b: Incineroar|0 fnt
|-unboost|p2b: Sneasler|def|1
|-unboost|p2b: Sneasler|spd|1
|faint|p1b: Incineroar
|move|p2a: Kingambit|Kowtow Cleave|p1a: Delphox
|-activate|p1a: Delphox|move: Protect
|
|upkeep
|
|t:|1784557501
|switch|p1b: Sneasler|Sneasler, L50, M|100/100
|turn|7
|-message|bariloz forfeited.
|
|win|magicalarcher57
|raw|bariloz's rating: 1257 → 1234(-23 for losing)
|raw|magicalarcher57's rating: 1281 → 1304(+23 for winning)
