|j|☆Skitzbra
|j|☆itangood5
|html|Skitzbraitangood5    
|uhtml|bestof|Game 2 of a best-of-3
|t:|1783320409
|gametype|doubles
|player|p1|Skitzbra|li|1086
|player|p2|itangood5|nate|1117
|gen|9
|tier|[Gen 9 Champions] VGC 2026 Reg M-B (Bo3)
|rated|
|rule|Species Clause: Limit one of each Pokémon
|rule|Item Clause: Limit 1 of each item
|clearpoke
|poke|p1|Excadrill, L50, M|
|poke|p1|Houndstone, L50, F|
|poke|p1|Tyranitar, L50, F|
|poke|p1|Staraptor, L50, F|
|poke|p1|Venusaur, L50, M|
|poke|p1|Rotom-Wash, L50|
|poke|p2|Charizard, L50, F, shiny|
|poke|p2|Venusaur, L50, F|
|poke|p2|Floette-Eternal, L50, F|
|poke|p2|Farigiraf, L50, M|
|poke|p2|Incineroar, L50, M, shiny|
|poke|p2|Azumarill, L50, M|
|teampreview|4
|showteam|p1|Excadrill||FocusSash|SandRush|Earthquake,RockSlide,IronHead,Protect|Adamant||M|||50|]Houndstone||SitrusBerry|SandRush|LastRespects,WillOWisp,AllySwitch,Protect|Adamant||F|||50|]Tyranitar||ChoiceScarf|SandStream|Protect,IcePunch,KnockOff,LowKick|Adamant||F|||50|]Staraptor||Staraptite|Intimidate|CloseCombat,Tailwind,BraveBird,Protect|Adamant||F|||50|]Venusaur||Venusaurite|Chlorophyll|EarthPower,Protect,SleepPowder,SludgeBomb|Modest||M|||50|]Rotom-Wash||Magnet|Levitate|Protect,Thunderbolt,VoltSwitch,HydroPump|Modest|||||50|
|showteam|p2|Charizard||CharizarditeY|SolarPower|HeatWave,Protect,WeatherBall,SolarBeam|Modest||F|||50|]Venusaur||FocusSash|Chlorophyll|LeafStorm,EarthPower,SludgeBomb,SleepPowder|Timid||F|||50|]Floette-Eternal||Floettite|FlowerVeil|Moonblast,CalmMind,DrainingKiss,Protect|Modest||F|||50|]Farigiraf||SitrusBerry|ArmorTail|PsychicNoise,Roar,HelpingHand,TrickRoom|Bold||M|||50|]Incineroar||WhiteHerb|Intimidate|CloseCombat,FlareBlitz,PartingShot,FakeOut|Brave||M|||50|]Azumarill||LifeOrb|HugePower|Liquidation,PlayRough,Protect,AquaJet|Brave||M|||50|
|inactive|Battle timer is ON: inactive players will automatically lose when time's up. (requested by itangood5)
|
|t:|1783320430
|teamsize|p1|4
|teamsize|p2|4
|start
|switch|p1a: Venusaur|Venusaur, L50, M|100/100
|switch|p1b: Excadrill|Excadrill, L50, M|100/100
|switch|p2a: Rookie|Floette-Eternal, L50, F|100/100
|switch|p2b: Boss battle|Incineroar, L50, M, shiny|100/100
|-ability|p2b: Boss battle|Intimidate|boost
|-unboost|p1a: Venusaur|atk|1
|-unboost|p1b: Excadrill|atk|1
|turn|1
|inactive|itangood5 has 30 seconds left.
|
|t:|1783320464
|detailschange|p2a: Rookie|Floette-Mega, L50, F
|-mega|p2a: Rookie|Floette|Floettite
|-ability|p2a: Rookie|Fairy Aura
|detailschange|p1a: Venusaur|Venusaur-Mega, L50, M
|-mega|p1a: Venusaur|Venusaur|Venusaurite
|move|p2b: Boss battle|Fake Out|p1b: Excadrill
|-resisted|p1b: Excadrill|1
|-damage|p1b: Excadrill|91/100
|move|p2a: Rookie|Calm Mind|p2a: Rookie
|-boost|p2a: Rookie|spa|1
|-boost|p2a: Rookie|spd|1
|cant|p1b: Excadrill|flinch
|move|p1a: Venusaur|Sludge Bomb|p2a: Rookie
|-supereffective|p2a: Rookie|1
|-damage|p2a: Rookie|47/100
|
|upkeep
|turn|2
|inactive|itangood5 has 30 seconds left.
|
|t:|1783320491
|switch|p1a: Tyranitar|Tyranitar, L50, F|100/100
|-weather|Sandstorm|[from] ability: Sand Stream|[of] p1a: Tyranitar
|move|p1b: Excadrill|Iron Head|p2a: Rookie
|-supereffective|p2a: Rookie|1
|-damage|p2a: Rookie|0 fnt
|faint|p2a: Rookie
|move|p2b: Boss battle|Flare Blitz|p1a: Tyranitar
|-resisted|p1a: Tyranitar|1
|-crit|p1a: Tyranitar
|-damage|p1a: Tyranitar|67/100
|-damage|p2b: Boss battle|89/100|[from] Recoil
|
|-weather|Sandstorm|[upkeep]
|-damage|p2b: Boss battle|83/100|[from] Sandstorm
|upkeep
|
|t:|1783320498
|switch|p2a: Az|Azumarill, L50, M|100/100
|turn|3
|inactive|Skitzbra has 30 seconds left.
|
|t:|1783320524
|move|p1b: Excadrill|Rock Slide|p2a: Az|[spread] p2a,p2b
|-supereffective|p2b: Boss battle|1
|-damage|p2a: Az|85/100
|-damage|p2b: Boss battle|59/100
|move|p1a: Tyranitar|Low Kick|p2b: Boss battle
|-supereffective|p2b: Boss battle|1
|-crit|p2b: Boss battle
|-damage|p2b: Boss battle|0 fnt
|faint|p2b: Boss battle
|cant|p2a: Az|flinch
|
|-weather|Sandstorm|[upkeep]
|-damage|p2a: Az|79/100|[from] Sandstorm
|upkeep
|
|t:|1783320534
|switch|p2b: Right HM|Farigiraf, L50, M|100/100
|turn|4
|
|t:|1783320546
|move|p1b: Excadrill|Iron Head|p2a: Az
|-damage|p2a: Az|46/100
|move|p1a: Tyranitar|Low Kick|p2b: Right HM
|-crit|p2b: Right HM
|-damage|p2b: Right HM|54/100
|move|p2a: Az|Liquidation|p1b: Excadrill
|-supereffective|p1b: Excadrill|1
|-damage|p1b: Excadrill|0 fnt
|faint|p1b: Excadrill
|-damage|p2a: Az|36/100|[from] item: Life Orb
|move|p2b: Right HM|Trick Room|p2b: Right HM
|-fieldstart|move: Trick Room|[of] p2b: Right HM
|
|-weather|Sandstorm|[upkeep]
|-damage|p2a: Az|30/100|[from] Sandstorm
|-damage|p2b: Right HM|48/100|[from] Sandstorm
|-enditem|p2b: Right HM|Sitrus Berry|[eat]
|-heal|p2b: Right HM|73/100|[from] item: Sitrus Berry
|upkeep
|
|t:|1783320562
|switch|p1b: Rotom|Rotom-Wash, L50|100/100
|turn|5
|
|t:|1783320578
|move|p2b: Right HM|Helping Hand|p2a: Az
|-singleturn|p2a: Az|Helping Hand|[of] p2b: Right HM
|move|p2a: Az|Play Rough|p1b: Rotom
|-damage|p1b: Rotom|0 fnt
|faint|p1b: Rotom
|-damage|p2a: Az|21/100|[from] item: Life Orb
|move|p1a: Tyranitar|Low Kick|p2b: Right HM
|-damage|p2b: Right HM|44/100
|
|-weather|Sandstorm|[upkeep]
|-damage|p2a: Az|15/100|[from] Sandstorm
|-damage|p2b: Right HM|38/100|[from] Sandstorm
|upkeep
|
|t:|1783320591
|switch|p1b: Venusaur|Venusaur-Mega, L50, M|100/100
|turn|6
|
|t:|1783320605
|move|p2a: Az|Liquidation|p1a: Tyranitar
|-supereffective|p1a: Tyranitar|1
|-damage|p1a: Tyranitar|0 fnt
|faint|p1a: Tyranitar
|-damage|p2a: Az|5/100|[from] item: Life Orb
|move|p2b: Right HM|Psychic Noise|p1b: Venusaur
|-supereffective|p1b: Venusaur|1
|-damage|p1b: Venusaur|55/100
|-start|p1b: Venusaur|move: Heal Block
|move|p1b: Venusaur|Earth Power|p2b: Right HM
|-damage|p2b: Right HM|7/100
|
|-weather|none
|upkeep
|turn|7
|inactive|Skitzbra has 30 seconds left.
|
|t:|1783320632
|move|p2a: Az|Liquidation|p1b: Venusaur
|-resisted|p1b: Venusaur|1
|-damage|p1b: Venusaur|29/100
|-damage|p2a: Az|0 fnt|[from] item: Life Orb
|faint|p2a: Az
|move|p2b: Right HM|Psychic Noise|p1b: Venusaur
|-supereffective|p1b: Venusaur|1
|-damage|p1b: Venusaur|0 fnt
|faint|p1b: Venusaur
|
|win|itangood5
|raw|Skitzbra's rating: 1086 → 1065(-21 for losing)
|raw|itangood5's rating: 1117 → 1140(+23 for winning)
