|j|☆Pacogol
|j|☆Alvarolm22
|html|PacogolAlvarolm22    
|uhtml|bestof|Game 2 of a best-of-3
|t:|1757754298
|gametype|doubles
|player|p1|Pacogol|170|1073
|player|p2|Alvarolm22|102|1040
|gen|9
|tier|[Gen 9] VGC 2025 Reg H (Bo3)
|rated|
|rule|Species Clause: Limit one of each Pokémon
|rule|Item Clause: Limit 1 of each item
|clearpoke
|poke|p1|Sneasler, L50, M|
|poke|p1|Indeedee, L50, M|
|poke|p1|Ursaluna-Bloodmoon, L50, M|
|poke|p1|Talonflame, L50, M|
|poke|p1|Electabuzz, L50, M|
|poke|p1|Hydreigon, L50, F|
|poke|p2|Incineroar, L50, M|
|poke|p2|Basculegion, L50, M|
|poke|p2|Rillaboom, L50, F|
|poke|p2|Gastrodon, L50, M|
|poke|p2|Pelipper, L50, F|
|poke|p2|Electrode-Hisui, L50|
|teampreview|4
|showteam|p1|Sneasler||PsychicSeed|Unburden|Protect,CloseCombat,DireClaw,ThroatChop|||M|||50|,,,,,Dark]Indeedee||FocusSash|PsychicSurge|ExpandingForce,Protect,TrickRoom,HelpingHand|||M|||50|,,,,,Psychic]Ursaluna-Bloodmoon||LifeOrb|MindsEye|Protect,HyperVoice,EarthPower,BloodMoon|||M|||50|,,,,,Normal]Talonflame||CovertCloak|GaleWings|Tailwind,DualWingbeat,Taunt,WillOWisp|||M|||50|,,,,,Stellar]Electabuzz||Eviolite|VitalSpirit|Taunt,FollowMe,Protect,Electroweb|||M|||50|,,,,,Fairy]Hydreigon||ChoiceSpecs|Levitate|HeatWave,DracoMeteor,DarkPulse,Snarl|||F|||50|,,,,,Fire
|showteam|p2|Incineroar||SafetyGoggles|Intimidate|FakeOut,Taunt,PartingShot,KnockOff|||M|||50|,,,,,Ghost]Basculegion||ChoiceBand|SwiftSwim|WaveCrash,FlipTurn,LastRespects,AquaJet|||M|||50|,,,,,Water]Rillaboom||MiracleSeed|GrassySurge|FakeOut,WoodHammer,GrassyGlide,Uturn|||F|||50|,,,,,Fire]Gastrodon||Leftovers|StormDrain|ClearSmog,Recover,Protect,EarthPower|||M|||50|,,,,,Water]Pelipper||FocusSash|Drizzle|ChillingWater,Hurricane,Tailwind,WideGuard|||F|||50|,,,,,Water]Electrode-Hisui||AssaultVest|Aftermath|Electroweb,Thunder,VoltSwitch,GigaDrain||||||50|,,,,,Water
|inactive|Battle timer is ON: inactive players will automatically lose when time's up. (requested by Pacogol)
|
|t:|1757754345
|teamsize|p1|4
|teamsize|p2|4
|start
|switch|p1a: Indeedee|Indeedee, L50, M|100/100
|switch|p1b: Talonflame|Talonflame, L50, M|100/100
|switch|p2a: Pelipper|Pelipper, L50, F|100/100
|switch|p2b: Basculegion|Basculegion, L50, M|100/100
|-fieldstart|move: Psychic Terrain|[from] ability: Psychic Surge|[of] p1a: Indeedee
|-weather|RainDance|[from] ability: Drizzle|[of] p2a: Pelipper
|turn|1
|inactive|Pacogol has 30 seconds left.
|inactive|Alvarolm22 has 30 seconds left.
|inactive|Pacogol has 20 seconds left.
|inactive|Alvarolm22 has 20 seconds left.
|inactive|Pacogol has 15 seconds left.
|
|t:|1757754386
|-terastallize|p1b: Talonflame|Stellar
|move|p1b: Talonflame|Tailwind|p1b: Talonflame
|-sidestart|p1: Pacogol|move: Tailwind
|move|p1a: Indeedee|Expanding Force|p2a: Pelipper|[spread] p2a,p2b
|-damage|p2a: Pelipper|36/100
|-damage|p2b: Basculegion|45/100
|move|p2b: Basculegion|Wave Crash|p1a: Indeedee
|-enditem|p1a: Indeedee|Focus Sash
|-damage|p1a: Indeedee|1/100
|-damage|p2b: Basculegion|22/100|[from] Recoil
|move|p2a: Pelipper|Chilling Water|p1b: Talonflame
|-supereffective|p1b: Talonflame
|-damage|p1b: Talonflame|23/100
|
|-weather|RainDance|[upkeep]
|upkeep
|turn|2
|inactive|Pacogol has 30 seconds left.
|inactive|Pacogol has 20 seconds left.
|
|t:|1757754423
|switch|p1b: Hydreigon|Hydreigon, L50, F|100/100
|move|p2a: Pelipper|Wide Guard|p2a: Pelipper
|-singleturn|p2a: Pelipper|Wide Guard
|move|p1a: Indeedee|Expanding Force|p2a: Pelipper|[spread] 
|-activate|p2a: Pelipper|move: Wide Guard
|-activate|p2b: Basculegion|move: Wide Guard
|move|p2b: Basculegion|Wave Crash|p1a: Indeedee
|-damage|p1a: Indeedee|0 fnt
|faint|p1a: Indeedee
|-damage|p2b: Basculegion|22/100|[from] Recoil
|
|-weather|RainDance|[upkeep]
|upkeep
|
|t:|1757754430
|switch|p1a: Sneasler|Sneasler, L50, M|100/100
|-enditem|p1a: Sneasler|Psychic Seed
|-boost|p1a: Sneasler|spd|1|[from] item: Psychic Seed
|turn|3
|inactive|Alvarolm22 has 30 seconds left.
|inactive|Alvarolm22 has 20 seconds left.
|inactive|Alvarolm22 has 15 seconds left.
|
|t:|1757754474
|switch|p2b: Incineroar|Incineroar, L50, M|100/100
|-ability|p2b: Incineroar|Intimidate|boost
|-unboost|p1a: Sneasler|atk|1
|-unboost|p1b: Hydreigon|atk|1
|move|p1a: Sneasler|Dire Claw|p2a: Pelipper
|-damage|p2a: Pelipper|8/100
|move|p1b: Hydreigon|Dark Pulse|p2b: Incineroar
|-resisted|p2b: Incineroar
|-damage|p2b: Incineroar|74/100
|move|p2a: Pelipper|Tailwind|p2a: Pelipper
|-sidestart|p2: Alvarolm22|move: Tailwind
|
|-weather|RainDance|[upkeep]
|upkeep
|turn|4
|inactive|Alvarolm22 has 30 seconds left.
|
|t:|1757754507
|move|p2b: Incineroar|Fake Out|p1b: Hydreigon
|-hint|Psychic Terrain doesn't affect Pokémon immune to Ground.
|-damage|p1b: Hydreigon|88/100
|move|p1a: Sneasler|Close Combat|p2b: Incineroar
|-supereffective|p2b: Incineroar
|-damage|p2b: Incineroar|5/100
|-unboost|p1a: Sneasler|def|1
|-unboost|p1a: Sneasler|spd|1
|cant|p1b: Hydreigon|flinch
|move|p2a: Pelipper|Hurricane|p1a: Sneasler
|-supereffective|p1a: Sneasler
|-crit|p1a: Sneasler
|-damage|p1a: Sneasler|0 fnt
|faint|p1a: Sneasler
|
|-weather|RainDance|[upkeep]
|-sideend|p1: Pacogol|move: Tailwind
|upkeep
|
|t:|1757754514
|switch|p1a: Talonflame|Talonflame, L50, M, tera:Stellar|23/100
|turn|5
|inactive|Alvarolm22 has 30 seconds left.
|inactive|Alvarolm22 has 20 seconds left.
|inactive|Alvarolm22 has 15 seconds left.
|
|t:|1757754555
|move|p1a: Talonflame|Dual Wingbeat|p2b: Incineroar
|-damage|p2b: Incineroar|0 fnt
|faint|p2b: Incineroar
|-hitcount|p2: Incineroar|1
|move|p2a: Pelipper|Chilling Water|p1a: Talonflame
|-supereffective|p1a: Talonflame
|-damage|p1a: Talonflame|0 fnt
|faint|p1a: Talonflame
|move|p1b: Hydreigon|Dark Pulse|p2a: Pelipper
|-damage|p2a: Pelipper|0 fnt
|faint|p2a: Pelipper
|
|-weather|none
|-fieldend|move: Psychic Terrain
|upkeep
|
|t:|1757754570
|switch|p2a: Electrode|Electrode-Hisui, L50|100/100
|switch|p2b: Basculegion|Basculegion, L50, M|22/100
|turn|6
|
|t:|1757754587
|-terastallize|p2b: Basculegion|Water
|move|p2a: Electrode|Thunder|p1b: Hydreigon|[miss]
|-miss|p2a: Electrode|p1b: Hydreigon
|move|p2b: Basculegion|Wave Crash|p1b: Hydreigon
|-resisted|p1b: Hydreigon
|-damage|p1b: Hydreigon|17/100
|-damage|p2b: Basculegion|2/100|[from] Recoil
|move|p1b: Hydreigon|Dark Pulse|p2b: Basculegion
|-damage|p2b: Basculegion|0 fnt
|faint|p2b: Basculegion
|
|-sideend|p2: Alvarolm22|move: Tailwind
|upkeep
|turn|7
|
|t:|1757754606
|move|p2a: Electrode|Thunder|p1b: Hydreigon
|-resisted|p1b: Hydreigon
|-damage|p1b: Hydreigon|0 fnt
|faint|p1b: Hydreigon
|
|win|Alvarolm22
||Pacogol is ready for game 3.
|l|☆Alvarolm22
|player|p2|
|inactive|Alvarolm22 has 30 seconds to confirm battle start!
|inactive|Alvarolm22 has 20 seconds to confirm battle start!
|inactive|Alvarolm22 has 10 seconds to confirm battle start!
|uhtml|next|Next: Game 3 of 3
|l|☆Pacogol
|player|p1|
