|j|☆rurik2
|j|☆Truecementdrinker
|html|rurik2Truecementdrinker    
|uhtml|bestof|Game 2 of a best-of-3
|t:|1783238598
|gametype|doubles
|player|p1|rurik2|hugh|1068
|player|p2|Truecementdrinker|miku-fire|1128
|gen|9
|tier|[Gen 9 Champions] VGC 2026 Reg M-B (Bo3)
|rated|
|rule|Species Clause: Limit one of each Pokémon
|rule|Item Clause: Limit 1 of each item
|clearpoke
|poke|p1|Delphox, L50, F|
|poke|p1|Blastoise, L50, M|
|poke|p1|Incineroar, L50, F|
|poke|p1|Sneasler, L50, M|
|poke|p1|Sinistcha-Masterpiece, L50|
|poke|p1|Maushold-Four, L50|
|poke|p2|Talonflame, L50, M|
|poke|p2|Blastoise, L50, M|
|poke|p2|Sneasler, L50, M|
|poke|p2|Gholdengo, L50|
|poke|p2|Sinistcha-Masterpiece, L50|
|poke|p2|Glimmora, L50, M|
|teampreview|4
|showteam|p1|Delphox||Delphoxite|Blaze|HeatWave,Psyshock,NastyPlot,Protect|Timid||F|||50|]Blastoise||Blastoisinite|RainDish|WaterSpout,DarkPulse,ShellSmash,Protect|Timid||M|||50|]Incineroar||PasshoBerry|Intimidate|FakeOut,DarkestLariat,FlareBlitz,PartingShot|Adamant||F|||50|]Sneasler||FocusSash|Unburden|FakeOut,DireClaw,CloseCombat,QuickGuard|Jolly||M|||50|]Sinistcha-Masterpiece||ColburBerry|Hospitality|MatchaGotcha,LifeDew,RagePowder,Protect|Relaxed|||||50|]Maushold-Four||ChopleBerry|FriendGuard|SuperFang,Feint,FollowMe,Protect|Impish|||||50|
|showteam|p2|Talonflame||SharpBeak|GaleWings|Tailwind,UpperHand,DualWingbeat,Protect|Jolly||M|||50|]Blastoise||Blastoisinite|RainDish|ShellSmash,WaterSpout,DarkPulse,Protect|Modest||M|||50|]Sneasler||WhiteHerb|Unburden|FakeOut,DireClaw,CloseCombat,Protect|Adamant||M|||50|]Gholdengo||LifeOrb|GoodasGold|MakeItRain,ShadowBall,NastyPlot,Protect|Timid|||||50|]Sinistcha-Masterpiece||SitrusBerry|Hospitality|MatchaGotcha,LifeDew,TrickRoom,RagePowder|Bold|||||50|]Glimmora||Glimmoranite|ToxicDebris|EarthPower,SludgeBomb,PowerGem,SpikyShield|Timid||M|||50|
|inactive|Battle timer is ON: inactive players will automatically lose when time's up. (requested by Truecementdrinker)
|inactive|rurik2 has 60 seconds left.
|
|t:|1783238632
|teamsize|p1|4
|teamsize|p2|4
|start
|switch|p1a: Delphox|Delphox, L50, F|100/100
|switch|p1b: Maushold|Maushold-Four, L50|100/100
|switch|p2a: Glimmora|Glimmora, L50, M|100/100
|switch|p2b: Sinistcha|Sinistcha-Masterpiece, L50|100/100
|turn|1
|
|t:|1783238652
|detailschange|p1a: Delphox|Delphox-Mega, L50, F
|-mega|p1a: Delphox|Delphox|Delphoxite
|detailschange|p2a: Glimmora|Glimmora-Mega, L50, M
|-mega|p2a: Glimmora|Glimmora|Glimmoranite
|move|p1b: Maushold|Follow Me|p1b: Maushold
|-singleturn|p1b: Maushold|move: Follow Me
|move|p1a: Delphox|Nasty Plot|p1a: Delphox
|-boost|p1a: Delphox|spa|2
|move|p2a: Glimmora|Power Gem|p1b: Maushold
|-damage|p1b: Maushold|30/100
|move|p2b: Sinistcha|Matcha Gotcha|p1a: Delphox|[spread] p1a,p1b
|-resisted|p1a: Delphox|1
|-damage|p1a: Delphox|91/100
|-damage|p1b: Maushold|2/100
|
|upkeep
|turn|2
|
|t:|1783238671
|move|p2a: Glimmora|Spiky Shield|p2a: Glimmora
|-singleturn|p2a: Glimmora|move: Protect
|move|p1b: Maushold|Follow Me|p1b: Maushold
|-singleturn|p1b: Maushold|move: Follow Me
|move|p1a: Delphox|Heat Wave|p2b: Sinistcha|[spread] p2b
|-activate|p2a: Glimmora|move: Protect
|-supereffective|p2b: Sinistcha|1
|-damage|p2b: Sinistcha|0 fnt
|faint|p2b: Sinistcha
|
|upkeep
|
|t:|1783238680
|switch|p2b: Sneasler|Sneasler, L50, M|100/100
|turn|3
|
|t:|1783238691
|move|p1a: Delphox|Protect|p1a: Delphox
|-singleturn|p1a: Delphox|Protect
|move|p1b: Maushold|Protect|p1b: Maushold
|-singleturn|p1b: Maushold|Protect
|move|p2b: Sneasler|Fake Out|p1a: Delphox
|-activate|p1a: Delphox|move: Protect
|move|p2a: Glimmora|Power Gem|p1a: Delphox
|-activate|p1a: Delphox|move: Protect
|
|upkeep
|turn|4
|
|t:|1783238709
|move|p1b: Maushold|Follow Me|p1b: Maushold
|-singleturn|p1b: Maushold|move: Follow Me
|move|p1a: Delphox|Psyshock|p2b: Sneasler
|-supereffective|p2b: Sneasler|2
|-damage|p2b: Sneasler|0 fnt
|faint|p2b: Sneasler
|move|p2a: Glimmora|Power Gem|p1b: Maushold
|-damage|p1b: Maushold|0 fnt
|faint|p1b: Maushold
|
|upkeep
|
|t:|1783238720
|switch|p2b: Blastoise|Blastoise, L50, M|100/100
|switch|p1b: Incineroar|Incineroar, L50, F|100/100
|-ability|p1b: Incineroar|Intimidate|boost
|-unboost|p2a: Glimmora|atk|1
|-unboost|p2b: Blastoise|atk|1
|turn|5
|
|t:|1783238736
|move|p1b: Incineroar|Fake Out|p2a: Glimmora
|-resisted|p2a: Glimmora|1
|-damage|p2a: Glimmora|93/100
|move|p1a: Delphox|Psyshock|p2b: Blastoise
|-damage|p2b: Blastoise|0 fnt
|faint|p2b: Blastoise
|cant|p2a: Glimmora|flinch
|
|upkeep
|turn|6
|
|t:|1783238746
|switch|p1b: Sneasler|Sneasler, L50, M|100/100
|move|p1a: Delphox|Protect|p1a: Delphox
|-singleturn|p1a: Delphox|Protect
|move|p2a: Glimmora|Power Gem|p1a: Delphox
|-activate|p1a: Delphox|move: Protect
|
|upkeep
|turn|7
|
|t:|1783238760
|move|p2a: Glimmora|Spiky Shield|p2a: Glimmora
|-singleturn|p2a: Glimmora|move: Protect
|move|p1b: Sneasler|Fake Out|p2a: Glimmora
|-activate|p2a: Glimmora|move: Protect
|-damage|p1b: Sneasler|87/100|[from] Spiky Shield|[of] p2a: Glimmora
|move|p1a: Delphox|Psyshock|p2a: Glimmora
|-activate|p2a: Glimmora|move: Protect
|
|upkeep
|turn|8
|
|t:|1783238777
|move|p1a: Delphox|Psyshock|p2a: Glimmora
|-supereffective|p2a: Glimmora|1
|-damage|p2a: Glimmora|0 fnt
|faint|p2a: Glimmora
|
|win|rurik2
|raw|rurik2's rating: 1068 → 1103(+35 for winning)
|raw|Truecementdrinker's rating: 1128 → 1099(-29 for losing)
|l|☆Truecementdrinker
|player|p2|
