|j|☆ZeGaboVGC
|j|☆shakyturtle
|html|ZeGaboVGCshakyturtle    
|uhtml|bestof|Game 2 of a best-of-3
|t:|1756736309
|gametype|doubles
|player|p1|ZeGaboVGC|benga|1104
|player|p2|shakyturtle|blaine|1003
|gen|9
|tier|[Gen 9] VGC 2025 Reg H (Bo3)
|rated|
|rule|Species Clause: Limit one of each Pokémon
|rule|Item Clause: Limit 1 of each item
|clearpoke
|poke|p1|Incineroar, L50, M|
|poke|p1|Amoonguss, L50, F|
|poke|p1|Ursaluna-Bloodmoon, L50, M|
|poke|p1|Sneasler, L50, F|
|poke|p1|Gholdengo, L50|
|poke|p1|Dragonite, L50, F|
|poke|p2|Murkrow, L50, M|
|poke|p2|Gholdengo, L50|
|poke|p2|Milotic, L50, F|
|poke|p2|Dragonite, L50, F|
|poke|p2|Farigiraf, L50, M|
|poke|p2|Sylveon, L50, F|
|teampreview|4
|showteam|p1|Incineroar||SafetyGoggles|Intimidate|FlareBlitz,KnockOff,PartingShot,FakeOut|||M|||50|,,,,,Ghost]Amoonguss||SitrusBerry|Regenerator|Spore,RagePowder,PollenPuff,Protect|||F|||50|,,,,,Dark]Ursaluna-Bloodmoon||AssaultVest|MindsEye|HyperVoice,BloodMoon,EarthPower,VacuumWave|||M|||50|,,,,,Water]Sneasler||FocusSash|Unburden|CloseCombat,DireClaw,ThroatChop,Protect|||F|||50|,,,,,Stellar]Gholdengo||LifeOrb|GoodasGold|MakeItRain,ShadowBall,NastyPlot,Protect||||||50|,,,,,Water]Dragonite||LoadedDice|Multiscale|ScaleShot,Tailwind,Haze,Protect|||F|||50|,,,,,Fairy
|showteam|p2|Murkrow||Eviolite|Prankster|Snarl,FoulPlay,Tailwind,Haze|||M|||50|,,,,,Dark]Gholdengo||SitrusBerry|GoodasGold|Protect,NastyPlot,ShadowBall,MakeItRain||||||50|,,,,,Dragon]Milotic||AdrenalineOrb|Competitive|Protect,IcyWind,TeraBlast,Scald|||F|||50|,,,,,Grass]Dragonite||ChoiceBand|InnerFocus|Outrage,TeraBlast,ExtremeSpeed,IronHead|||F|||50|,,,,,Flying]Farigiraf||ThroatSpray|ArmorTail|Protect,TrickRoom,PsychicNoise,HyperVoice|||M|||50|,,,,,Normal]Sylveon||WikiBerry|Pixilate|Protect,CalmMind,HyperVoice,DrainingKiss|||F|||50|,,,,,Fairy
|inactive|Battle timer is ON: inactive players will automatically lose when time's up. (requested by ZeGaboVGC)
|inactive|shakyturtle also wants the timer to be on.
|
|t:|1756736326
|teamsize|p1|4
|teamsize|p2|4
|start
|switch|p1a: Gholdengo|Gholdengo, L50|100/100
|switch|p1b: Amoonguss|Amoonguss, L50, F|100/100
|switch|p2a: Milotic|Milotic, L50, F|100/100
|switch|p2b: Murkrow|Murkrow, L50, M|100/100
|turn|1
|
|t:|1756736342
|move|p2b: Murkrow|Tailwind|p2b: Murkrow
|-sidestart|p2: shakyturtle|move: Tailwind
|move|p2a: Milotic|Icy Wind|p1b: Amoonguss|[spread] p1a,p1b
|-resisted|p1a: Gholdengo
|-supereffective|p1b: Amoonguss
|-crit|p1b: Amoonguss
|-damage|p1a: Gholdengo|94/100
|-damage|p1b: Amoonguss|65/100
|-unboost|p1a: Gholdengo|spe|1
|-unboost|p1b: Amoonguss|spe|1
|move|p1a: Gholdengo|Nasty Plot|p1a: Gholdengo
|-boost|p1a: Gholdengo|spa|2
|move|p1b: Amoonguss|Spore|p2b: Murkrow
|-status|p2b: Murkrow|slp|[from] move: Spore
|
|upkeep
|turn|2
|
|t:|1756736369
|move|p2a: Milotic|Protect|p2a: Milotic
|-singleturn|p2a: Milotic|Protect
|cant|p2b: Murkrow|slp
|move|p1a: Gholdengo|Shadow Ball|p2a: Milotic
|-activate|p2a: Milotic|move: Protect
|move|p1b: Amoonguss|Spore|p2a: Milotic
|-activate|p2a: Milotic|move: Protect
|
|upkeep
|turn|3
|
|t:|1756736388
|cant|p2b: Murkrow|slp
|move|p2a: Milotic|Icy Wind|p1a: Gholdengo|[spread] p1a,p1b
|-resisted|p1a: Gholdengo
|-supereffective|p1b: Amoonguss
|-damage|p1a: Gholdengo|87/100
|-damage|p1b: Amoonguss|45/100
|-unboost|p1a: Gholdengo|spe|1
|-unboost|p1b: Amoonguss|spe|1
|-enditem|p1b: Amoonguss|Sitrus Berry|[eat]
|-heal|p1b: Amoonguss|70/100|[from] item: Sitrus Berry
|move|p1a: Gholdengo|Shadow Ball|p2a: Milotic
|-damage|p2a: Milotic|18/100
|-damage|p1a: Gholdengo|77/100|[from] item: Life Orb
|move|p1b: Amoonguss|Spore|p2a: Milotic
|-status|p2a: Milotic|slp|[from] move: Spore
|
|upkeep
|turn|4
|inactive|ZeGaboVGC has 30 seconds left.
|
|t:|1756736414
|switch|p1b: Ursaluna|Ursaluna-Bloodmoon, L50, M|100/100
|cant|p2b: Murkrow|slp
|cant|p2a: Milotic|slp
|move|p1a: Gholdengo|Make It Rain|p2b: Murkrow|[spread] p2a,p2b
|-resisted|p2a: Milotic
|-damage|p2a: Milotic|0 fnt
|-damage|p2b: Murkrow|0 fnt
|-unboost|p1a: Gholdengo|spa|1
|faint|p2a: Milotic
|faint|p2b: Murkrow
|-damage|p1a: Gholdengo|68/100|[from] item: Life Orb
|
|-sideend|p2: shakyturtle|move: Tailwind
|upkeep
|
|t:|1756736422
|switch|p2b: Dragonite|Dragonite, L50, F|100/100
|switch|p2a: Gholdengo|Gholdengo, L50|100/100
|turn|5
|
|t:|1756736445
|-terastallize|p2a: Gholdengo|Dragon
|move|p1a: Gholdengo|Protect|p1a: Gholdengo
|-singleturn|p1a: Gholdengo|Protect
|move|p2a: Gholdengo|Make It Rain|p1a: Gholdengo|[spread] p1b
|-activate|p1a: Gholdengo|move: Protect
|-damage|p1b: Ursaluna|70/100
|-unboost|p2a: Gholdengo|spa|1
|move|p2b: Dragonite|Outrage|p1a: Gholdengo
|-activate|p1a: Gholdengo|move: Protect
|move|p1b: Ursaluna|Earth Power|p2a: Gholdengo
|-damage|p2a: Gholdengo|56/100
|
|upkeep
|turn|6
|
|t:|1756736463
|switch|p1a: Amoonguss|Amoonguss, L50, F|100/100
|move|p2a: Gholdengo|Shadow Ball|p1a: Amoonguss
|-damage|p1a: Amoonguss|76/100
|-unboost|p1a: Amoonguss|spd|1
|move|p2b: Dragonite|Outrage|p1a: Amoonguss
|-damage|p1a: Amoonguss|0 fnt
|faint|p1a: Amoonguss
|move|p1b: Ursaluna|Hyper Voice|p2b: Dragonite|[spread] p2a,p2b
|-damage|p2a: Gholdengo|21/100
|-damage|p2b: Dragonite|69/100
|-enditem|p2a: Gholdengo|Sitrus Berry|[eat]
|-heal|p2a: Gholdengo|46/100|[from] item: Sitrus Berry
|
|upkeep
|
|t:|1756736474
|switch|p1a: Sneasler|Sneasler, L50, F|100/100
|turn|7
|
|t:|1756736492
|move|p1a: Sneasler|Protect|p1a: Sneasler
|-singleturn|p1a: Sneasler|Protect
|move|p2a: Gholdengo|Make It Rain|p1a: Sneasler|[spread] p1b
|-activate|p1a: Sneasler|move: Protect
|-damage|p1b: Ursaluna|48/100
|-unboost|p2a: Gholdengo|spa|1
|move|p2b: Dragonite|Outrage|p1a: Sneasler|[from] lockedmove
|-activate|p1a: Sneasler|move: Protect
|move|p1b: Ursaluna|Blood Moon|p2a: Gholdengo
|-damage|p2a: Gholdengo|0 fnt
|faint|p2a: Gholdengo
|
|upkeep
|turn|8
|
|t:|1756736502
|-terastallize|p1a: Sneasler|Stellar
|move|p1a: Sneasler|Dire Claw|p2b: Dragonite
|-damage|p2b: Dragonite|11/100
|-status|p2b: Dragonite|slp
|cant|p2b: Dragonite|slp
|move|p1b: Ursaluna|Hyper Voice|p2b: Dragonite
|-damage|p2b: Dragonite|0 fnt
|faint|p2b: Dragonite
|
|win|ZeGaboVGC
|raw|ZeGaboVGC's rating: 1104 → 1122(+18 for winning)
|raw|shakyturtle's rating: 1003 → 1000(-3 for losing)
|l|☆shakyturtle
|player|p2|
