|j|☆tryhard_PS
|j|☆Jessditta
|html|tryhard_PSJessditta    
|uhtml|bestof|Game 1 of a best-of-3
|t:|1757848767
|gametype|doubles
|player|p1|tryhard_PS|harlequin|1188
|player|p2|Jessditta|hilda|1200
|gen|9
|tier|[Gen 9] VGC 2025 Reg H (Bo3)
|rated|
|rule|Species Clause: Limit one of each Pokémon
|rule|Item Clause: Limit 1 of each item
|clearpoke
|poke|p1|Mimikyu, L50, F|
|poke|p1|Tyranitar, L50, M|
|poke|p1|Kingambit, L50, M|
|poke|p1|Amoonguss, L50, F|
|poke|p1|Sableye, L50, F|
|poke|p1|Ursaluna-Bloodmoon, L50, M|
|poke|p2|Ninetales-Alola, L50, M|
|poke|p2|Rillaboom, L50, F|
|poke|p2|Volcarona, L50, F|
|poke|p2|Annihilape, L50, M|
|poke|p2|Glimmora, L50, F|
|poke|p2|Sneasler, L50, M|
|teampreview|4
|showteam|p1|Mimikyu||MentalHerb|Disguise|TrickRoom,WoodHammer,ShadowSneak,DestinyBond|||F|||50|,,,,,Grass]Tyranitar||WeaknessPolicy|SandStream|RockSlide,KnockOff,LowKick,Protect|||M|||50|,,,,,Ghost]Kingambit||SafetyGoggles|Defiant|IronHead,Assurance,TeraBlast,SuckerPunch|||M|||50|,,,,,Flying]Amoonguss||SitrusBerry|Regenerator|Spore,RagePowder,PollenPuff,ClearSmog|||F|||50|,,,,,Dark]Sableye||RockyHelmet|Prankster|FakeOut,Disable,Encore,FoulPlay|||F|||50|,,,,,Normal]Ursaluna-Bloodmoon||ChoiceSpecs|MindsEye|BloodMoon,EarthPower,HyperVoice,Counter|||M|||50|,,,,,Normal
|showteam|p2|Ninetales-Alola||LightClay|SnowWarning|Blizzard,IcicleSpear,AuroraVeil,FreezeDry|||M|||50|,,,,,Ghost]Rillaboom||AssaultVest|GrassySurge|FakeOut,WoodHammer,GrassyGlide,Uturn|||F|||50|,,,,,Fire]Volcarona||SitrusBerry|FlameBody|HeatWave,GigaDrain,QuiverDance,Protect|||F|||50|,,,,,Grass]Annihilape||Leftovers|Defiant|RageFist,DrainPunch,BulkUp,Protect|||M|||50|,,,,,Fire]Glimmora||PowerHerb|ToxicDebris|MeteorBeam,SludgeBomb,EarthPower,SpikyShield|||F|||50|,,,,,Grass]Sneasler||GrassySeed|Unburden|FakeOut,DireClaw,CloseCombat,Coaching|||M|||50|,,,,,Fighting
|inactive|Battle timer is ON: inactive players will automatically lose when time's up. (requested by tryhard_PS)
|inactive|Jessditta has 60 seconds left.
|
|t:|1757848806
|teamsize|p1|4
|teamsize|p2|4
|start
|switch|p1a: Mimikyu|Mimikyu, L50, F|100/100
|switch|p1b: Sableye|Sableye, L50, F|100/100
|switch|p2a: Annihilape|Annihilape, L50, M, shiny|100/100
|switch|p2b: Sneasler|Sneasler, L50, M|100/100
|turn|1
|inactive|tryhard_PS has 30 seconds left.
|inactive|Jessditta has 30 seconds left.
|
|t:|1757848837
|move|p1b: Sableye|Fake Out|p2b: Sneasler
|-damage|p2b: Sneasler|87/100
|cant|p2b: Sneasler|flinch
|move|p2a: Annihilape|Rage Fist|p1b: Sableye
|-damage|p1b: Sableye|64/100
|-damage|p2a: Annihilape|84/100|[from] item: Rocky Helmet|[of] p1b: Sableye
|move|p1a: Mimikyu|Trick Room|p1a: Mimikyu
|-fieldstart|move: Trick Room|[of] p1a: Mimikyu
|
|-heal|p2a: Annihilape|90/100|[from] item: Leftovers
|upkeep
|turn|2
|inactive|tryhard_PS has 30 seconds left.
|
|t:|1757848865
|switch|p1a: Kingambit|Kingambit, L50, M|100/100
|move|p2a: Annihilape|Protect|p2a: Annihilape
|-singleturn|p2a: Annihilape|Protect
|move|p1b: Sableye|Foul Play|p2a: Annihilape
|-activate|p2a: Annihilape|move: Protect
|move|p2b: Sneasler|Coaching|p2a: Annihilape
|-boost|p2a: Annihilape|atk|1
|-boost|p2a: Annihilape|def|1
|
|-heal|p2a: Annihilape|96/100|[from] item: Leftovers
|upkeep
|turn|3
|
|t:|1757848883
|switch|p2b: Rillaboom|Rillaboom, L50, F|100/100
|-fieldstart|move: Grassy Terrain|[from] ability: Grassy Surge|[of] p2b: Rillaboom
|-terastallize|p1a: Kingambit|Flying
|-terastallize|p2a: Annihilape|Fire
|move|p1b: Sableye|Encore|p2a: Annihilape
|-start|p2a: Annihilape|Encore
|move|p1a: Kingambit|Tera Blast|p2b: Rillaboom|[anim] Tera Blast Flying
|-supereffective|p2b: Rillaboom
|-damage|p2b: Rillaboom|7/100
|move|p2a: Annihilape|Protect||[still]
|-fail|p2a: Annihilape
|
|-heal|p1b: Sableye|70/100|[from] Grassy Terrain
|-heal|p2a: Annihilape|100/100|[from] Grassy Terrain
|-heal|p2b: Rillaboom|13/100|[from] Grassy Terrain
|upkeep
|turn|4
|inactive|tryhard_PS has 30 seconds left.
|
|t:|1757848910
|switch|p2a: Ninetales|Ninetales-Alola, L50, M|100/100
|-weather|Snowscape|[from] ability: Snow Warning|[of] p2a: Ninetales
|move|p2b: Rillaboom|Fake Out|p1a: Kingambit
|-damage|p1a: Kingambit|88/100
|cant|p1a: Kingambit|flinch
|move|p1b: Sableye|Foul Play|p2b: Rillaboom
|-damage|p2b: Rillaboom|0 fnt
|faint|p2b: Rillaboom
|
|-weather|Snowscape|[upkeep]
|-heal|p1b: Sableye|76/100|[from] Grassy Terrain
|upkeep
|
|t:|1757848927
|switch|p2b: Sneasler|Sneasler, L50, M|87/100
|-enditem|p2b: Sneasler|Grassy Seed
|-boost|p2b: Sneasler|def|1|[from] item: Grassy Seed
|turn|5
|
|t:|1757848941
|switch|p1b: Tyranitar|Tyranitar, L50, M|100/100
|-weather|Sandstorm|[from] ability: Sand Stream|[of] p1b: Tyranitar
|move|p2b: Sneasler|Fake Out|p1a: Kingambit
|-damage|p1a: Kingambit|78/100
|cant|p1a: Kingambit|flinch
|move|p2a: Ninetales|Aurora Veil||[still]
|-fail|p2a: Ninetales
|
|-weather|Sandstorm|[upkeep]
|-damage|p2a: Ninetales|94/100|[from] Sandstorm
|-damage|p2b: Sneasler|81/100|[from] Sandstorm
|-heal|p2a: Ninetales|100/100|[from] Grassy Terrain
|-heal|p2b: Sneasler|87/100|[from] Grassy Terrain
|-fieldend|move: Trick Room
|upkeep
|turn|6
|
|t:|1757848959
|switch|p1b: Sableye|Sableye, L50, F|76/100
|move|p2b: Sneasler|Close Combat|p1b: Sableye
|-immune|p1b: Sableye
|move|p2a: Ninetales|Blizzard|p1b: Sableye|[spread] p1a,p1b
|-supereffective|p1a: Kingambit
|-damage|p1a: Kingambit|30/100
|-damage|p1b: Sableye|46/100
|move|p1a: Kingambit|Iron Head|p2a: Ninetales
|-supereffective|p2a: Ninetales
|-damage|p2a: Ninetales|0 fnt
|faint|p2a: Ninetales
|
|-weather|Sandstorm|[upkeep]
|-damage|p2b: Sneasler|81/100|[from] Sandstorm
|-damage|p1b: Sableye|41/100|[from] Sandstorm
|-heal|p2b: Sneasler|87/100|[from] Grassy Terrain
|-heal|p1b: Sableye|46/100|[from] Grassy Terrain
|upkeep
|
|t:|1757848975
|switch|p2a: Annihilape|Annihilape, L50, M, shiny, tera:Fire|100/100
|turn|7
|
|t:|1757848986
|move|p1b: Sableye|Encore|p2b: Sneasler
|-start|p2b: Sneasler|Encore
|move|p2b: Sneasler|Close Combat|p1a: Kingambit
|-resisted|p1a: Kingambit
|-damage|p1a: Kingambit|6/100
|-unboost|p2b: Sneasler|def|1
|-unboost|p2b: Sneasler|spd|1
|move|p2a: Annihilape|Rage Fist|p1a: Kingambit
|-damage|p1a: Kingambit|0 fnt
|faint|p1a: Kingambit
|
|-weather|Sandstorm|[upkeep]
|-damage|p2b: Sneasler|81/100|[from] Sandstorm
|-damage|p2a: Annihilape|95/100|[from] Sandstorm
|-damage|p1b: Sableye|41/100|[from] Sandstorm
|-heal|p2b: Sneasler|87/100|[from] Grassy Terrain
|-heal|p2a: Annihilape|100/100|[from] Grassy Terrain
|-heal|p1b: Sableye|46/100|[from] Grassy Terrain
|-fieldend|move: Grassy Terrain
|upkeep
|
|t:|1757849000
|switch|p1a: Mimikyu|Mimikyu, L50, F|100/100
|turn|8
|
|t:|1757849010
|move|p1b: Sableye|Disable|p2b: Sneasler
|-start|p2b: Sneasler|Disable|Close Combat
|cant|p2b: Sneasler|Disable|Close Combat
|move|p2a: Annihilape|Rage Fist|p1b: Sableye
|-damage|p1b: Sableye|11/100
|-damage|p2a: Annihilape|84/100|[from] item: Rocky Helmet|[of] p1b: Sableye
|move|p1a: Mimikyu|Destiny Bond|p1a: Mimikyu
|-singlemove|p1a: Mimikyu|Destiny Bond
|
|-weather|Sandstorm|[upkeep]
|-damage|p2b: Sneasler|81/100|[from] Sandstorm
|-damage|p2a: Annihilape|78/100|[from] Sandstorm
|-damage|p1a: Mimikyu|94/100|[from] Sandstorm
|-damage|p1b: Sableye|6/100|[from] Sandstorm
|-heal|p2a: Annihilape|84/100|[from] item: Leftovers
|upkeep
|turn|9
|inactive|Jessditta has 30 seconds left.
|
|t:|1757849035
|switch|p1b: Tyranitar|Tyranitar, L50, M|100/100
|-activate|p2b: Sneasler|move: Struggle
|move|p2b: Sneasler|Struggle|p1b: Tyranitar
|-damage|p1b: Tyranitar|87/100
|-damage|p2b: Sneasler|56/100|[from] recoil
|move|p2a: Annihilape|Rage Fist|p1b: Tyranitar
|-resisted|p1b: Tyranitar
|-damage|p1b: Tyranitar|78/100
|move|p1a: Mimikyu|Trick Room|p1a: Mimikyu
|-fieldstart|move: Trick Room|[of] p1a: Mimikyu
|
|-weather|none
|-heal|p2a: Annihilape|90/100|[from] item: Leftovers
|-end|p2b: Sneasler|Encore
|upkeep
|turn|10
|inactive|tryhard_PS has 30 seconds left.
|inactive|Jessditta has 30 seconds left.
|
|t:|1757849062
|switch|p1b: Sableye|Sableye, L50, F|6/100
|move|p1a: Mimikyu|Shadow Sneak|p2b: Sneasler
|-damage|p2b: Sneasler|23/100
|move|p2a: Annihilape|Drain Punch|p1b: Sableye
|-immune|p1b: Sableye
|move|p2b: Sneasler|Coaching|p2a: Annihilape
|-boost|p2a: Annihilape|atk|1
|-boost|p2a: Annihilape|def|1
|
|-heal|p2a: Annihilape|96/100|[from] item: Leftovers
|upkeep
|turn|11
|
|t:|1757849083
|move|p1b: Sableye|Fake Out|p2a: Annihilape
|-damage|p2a: Annihilape|91/100
|move|p1a: Mimikyu|Shadow Sneak|p2b: Sneasler
|-damage|p2b: Sneasler|0 fnt
|faint|p2b: Sneasler
|cant|p2a: Annihilape|flinch
|
|-heal|p2a: Annihilape|97/100|[from] item: Leftovers
|upkeep
|turn|12
|
|t:|1757849095
|switch|p1b: Tyranitar|Tyranitar, L50, M|78/100
|-weather|Sandstorm|[from] ability: Sand Stream|[of] p1b: Tyranitar
|move|p1a: Mimikyu|Shadow Sneak|p2a: Annihilape
|-damage|p2a: Annihilape|85/100
|move|p2a: Annihilape|Rage Fist|p1b: Tyranitar
|-resisted|p1b: Tyranitar
|-damage|p1b: Tyranitar|37/100
|
|-weather|Sandstorm|[upkeep]
|-damage|p1a: Mimikyu|88/100|[from] Sandstorm
|-damage|p2a: Annihilape|79/100|[from] Sandstorm
|-heal|p2a: Annihilape|85/100|[from] item: Leftovers
|upkeep
|turn|13
|
|t:|1757849111
|switch|p1a: Sableye|Sableye, L50, F|6/100
|move|p1b: Tyranitar|Rock Slide|p2a: Annihilape|[miss]
|-miss|p1b: Tyranitar|p2a: Annihilape
|move|p2a: Annihilape|Rage Fist|p1b: Tyranitar
|-resisted|p1b: Tyranitar
|-damage|p1b: Tyranitar|0 fnt
|faint|p1b: Tyranitar
|
|-weather|Sandstorm|[upkeep]
|-damage|p1a: Sableye|0 fnt|[from] Sandstorm
|-damage|p2a: Annihilape|79/100|[from] Sandstorm
|faint|p1a: Sableye
|-heal|p2a: Annihilape|85/100|[from] item: Leftovers
|-fieldend|move: Trick Room
|upkeep
|-message|tryhard_PS forfeited.
|
|win|Jessditta
||Jessditta is ready for game 2.
|inactive|tryhard_PS has 30 seconds to confirm battle start!
|inactive|tryhard_PS has 20 seconds to confirm battle start!
||tryhard_PS is ready for game 2.
|uhtml|next|Next: Game 2 of 3
