|j|☆limestone7276
|j|☆Guiltypleasure06
|html|limestone7276Guiltypleasure06    
|uhtml|bestof|Game 3 of a best-of-3
|t:|1756220054
|gametype|doubles
|player|p1|limestone7276|169|1000
|player|p2|Guiltypleasure06|170|1110
|gen|9
|tier|[Gen 9] VGC 2025 Reg H (Bo3)
|rated|
|rule|Species Clause: Limit one of each Pokémon
|rule|Item Clause: Limit 1 of each item
|clearpoke
|poke|p1|Porygon-Z, L50|
|poke|p1|Palafin, L50, M|
|poke|p1|Volcarona, L50, F|
|poke|p1|Rillaboom, L50, M|
|poke|p1|Ursaluna, L50, F|
|poke|p1|Whimsicott, L50, M|
|poke|p2|Sneasler, L50, M|
|poke|p2|Dondozo, L50, F|
|poke|p2|Magmar, L50, M|
|poke|p2|Rillaboom, L50, M|
|poke|p2|Dragonite, L50, M|
|poke|p2|Kingambit, L50, M|
|teampreview|4
|showteam|p1|Porygon-Z||LifeOrb|Adaptability|HyperBeam,Protect,DarkPulse,TriAttack||||||50|,,,,,Normal]Palafin||MysticWater|ZerotoHero|FlipTurn,JetPunch,DrainPunch,WaveCrash|||M|||50|,,,,,Water]Volcarona||RockyHelmet|FlameBody|FieryDance,Protect,RagePowder,StruggleBug|||F|||50|,,,,,Grass]Rillaboom||AssaultVest|GrassySurge|DrumBeating,FakeOut,GrassyGlide,WoodHammer|||M|||50|,,,,,Fire]Ursaluna||FlameOrb|Guts|Earthquake,Facade,HeadlongRush,Protect|||F|||50|,,,,,Ghost]Whimsicott||CovertCloak|Prankster|Encore,LightScreen,Moonblast,Tailwind|||M|||50|,,,,,Dark
|showteam|p2|Sneasler||FocusSash|Unburden|CloseCombat,DireClaw,Coaching,Protect|||M|||50|,,,,,Stellar]Dondozo||Leftovers|Unaware|Liquidation,Yawn,Protect,Fissure|||F|||50|,,,,,Fire]Magmar||Eviolite|VitalSpirit|Overheat,WillOWisp,FollowMe,Protect|||M|||50|,,,,,Dragon]Rillaboom||AssaultVest|GrassySurge|WoodHammer,GrassyGlide,Uturn,FakeOut|||M|||50|,,,,,Fire]Dragonite||LoadedDice|Multiscale|ExtremeSpeed,ScaleShot,LowKick,Protect|||M|||50|,,,,,Fairy]Kingambit||BlackGlasses|Defiant|Protect,SwordsDance,SuckerPunch,KowtowCleave|||M|||50|,,,,,Dark
|
|t:|1756220083
|teamsize|p1|4
|teamsize|p2|4
|start
|switch|p1a: Rillaboom|Rillaboom, L50, M|100/100
|switch|p1b: Ursaluna|Ursaluna, L50, F|100/100
|switch|p2a: Dondozo|Dondozo, L50, F|100/100
|switch|p2b: Sneasler|Sneasler, L50, M|100/100
|-fieldstart|move: Grassy Terrain|[from] ability: Grassy Surge|[of] p1a: Rillaboom
|turn|1
|inactive|Battle timer is ON: inactive players will automatically lose when time's up. (requested by Guiltypleasure06)
|
|t:|1756220127
|move|p1a: Rillaboom|Fake Out|p2a: Dondozo
|-damage|p2a: Dondozo|92/100
|move|p2b: Sneasler|Dire Claw|p1a: Rillaboom
|-supereffective|p1a: Rillaboom
|-damage|p1a: Rillaboom|21/100
|-status|p1a: Rillaboom|slp
|move|p1b: Ursaluna|Headlong Rush|p2b: Sneasler
|-supereffective|p2b: Sneasler
|-enditem|p2b: Sneasler|Focus Sash
|-damage|p2b: Sneasler|1/100
|-unboost|p1b: Ursaluna|def|1
|-unboost|p1b: Ursaluna|spd|1
|cant|p2a: Dondozo|flinch
|
|-heal|p2b: Sneasler|7/100|[from] Grassy Terrain
|-heal|p1a: Rillaboom|28/100 slp|[from] Grassy Terrain
|-heal|p2a: Dondozo|98/100|[from] Grassy Terrain
|-heal|p2a: Dondozo|100/100|[from] item: Leftovers
|-status|p1b: Ursaluna|brn|[from] item: Flame Orb
|upkeep
|turn|2
|inactive|limestone7276 has 30 seconds left.
|inactive|Guiltypleasure06 has 30 seconds left.
|inactive|limestone7276 has 20 seconds left.
|inactive|limestone7276 has 15 seconds left.
|
|t:|1756220172
|cant|p1a: Rillaboom|slp
|move|p2b: Sneasler|Coaching|p2a: Dondozo
|-boost|p2a: Dondozo|atk|1
|-boost|p2a: Dondozo|def|1
|move|p1b: Ursaluna|Earthquake|p2b: Sneasler|[spread] p1a,p2a,p2b
|-resisted|p1a: Rillaboom
|-supereffective|p2b: Sneasler
|-damage|p1a: Rillaboom|12/100 slp
|-damage|p2a: Dondozo|85/100
|-damage|p2b: Sneasler|0 fnt
|faint|p2b: Sneasler
|move|p2a: Dondozo|Liquidation|p1b: Ursaluna
|-supereffective|p1b: Ursaluna
|-damage|p1b: Ursaluna|15/100 brn
|
|-heal|p1a: Rillaboom|19/100 slp|[from] Grassy Terrain
|-heal|p1b: Ursaluna|21/100 brn|[from] Grassy Terrain
|-heal|p2a: Dondozo|91/100|[from] Grassy Terrain
|-heal|p2a: Dondozo|98/100|[from] item: Leftovers
|-damage|p1b: Ursaluna|15/100 brn|[from] brn
|upkeep
|
|t:|1756220190
|switch|p2b: Rillaboom|Rillaboom, L50, M|100/100
|turn|3
|inactive|limestone7276 has 30 seconds left.
|inactive|limestone7276 has 20 seconds left.
|inactive|limestone7276 has 15 seconds left.
|inactive|limestone7276 has 10 seconds left.
|inactive|limestone7276 has 5 seconds left.
|
|t:|1756220241
|move|p1b: Ursaluna|Protect|p1b: Ursaluna
|-singleturn|p1b: Ursaluna|Protect
|cant|p1a: Rillaboom|slp
|move|p2b: Rillaboom|U-turn|p1b: Ursaluna
|-activate|p1b: Ursaluna|move: Protect
|move|p2a: Dondozo|Liquidation|p1a: Rillaboom
|-resisted|p1a: Rillaboom
|-damage|p1a: Rillaboom|0 fnt
|faint|p1a: Rillaboom
|
|-heal|p1b: Ursaluna|21/100 brn|[from] Grassy Terrain
|-heal|p2a: Dondozo|100/100|[from] Grassy Terrain
|-damage|p1b: Ursaluna|15/100 brn|[from] brn
|upkeep
|
|t:|1756220254
|switch|p1a: Volcarona|Volcarona, L50, F|100/100
|turn|4
|inactive|limestone7276 has 30 seconds left.
|
|t:|1756220284
|-terastallize|p1a: Volcarona|Grass
|move|p1a: Volcarona|Rage Powder|p1a: Volcarona
|-singleturn|p1a: Volcarona|move: Rage Powder
|move|p2b: Rillaboom|Grassy Glide|p1b: Ursaluna
|-supereffective|p1b: Ursaluna
|-damage|p1b: Ursaluna|0 fnt
|faint|p1b: Ursaluna
|move|p2a: Dondozo|Liquidation|p1a: Volcarona
|-resisted|p1a: Volcarona
|-damage|p1a: Volcarona|72/100
|-damage|p2a: Dondozo|84/100|[from] item: Rocky Helmet|[of] p1a: Volcarona
|
|-heal|p1a: Volcarona|79/100|[from] Grassy Terrain
|-heal|p2a: Dondozo|90/100|[from] Grassy Terrain
|-heal|p2a: Dondozo|96/100|[from] item: Leftovers
|upkeep
|
|t:|1756220291
|switch|p1b: Porygon-Z|Porygon-Z, L50|100/100
|turn|5
|inactive|Guiltypleasure06 has 30 seconds left.
|inactive|Guiltypleasure06 has 20 seconds left.
|inactive|Guiltypleasure06 has 15 seconds left.
|inactive|Guiltypleasure06 has 10 seconds left.
|inactive|Guiltypleasure06 has 5 seconds left.
|
|t:|1756220346
|-terastallize|p2b: Rillaboom|Fire
|move|p1a: Volcarona|Fiery Dance|p2b: Rillaboom
|-resisted|p2b: Rillaboom
|-crit|p2b: Rillaboom
|-damage|p2b: Rillaboom|80/100
|-boost|p1a: Volcarona|spa|1
|move|p1b: Porygon-Z|Tri Attack|p2a: Dondozo
|-damage|p2a: Dondozo|40/100
|-damage|p1b: Porygon-Z|91/100|[from] item: Life Orb
|move|p2b: Rillaboom|Wood Hammer|p1b: Porygon-Z
|-damage|p1b: Porygon-Z|0 fnt
|faint|p1b: Porygon-Z
|-damage|p2b: Rillaboom|55/100|[from] Recoil
|move|p2a: Dondozo|Yawn|p1a: Volcarona
|-start|p1a: Volcarona|move: Yawn|[of] p2a: Dondozo
|
|-heal|p1a: Volcarona|85/100|[from] Grassy Terrain
|-heal|p2b: Rillaboom|60/100|[from] Grassy Terrain
|-heal|p2a: Dondozo|46/100|[from] Grassy Terrain
|-heal|p2a: Dondozo|52/100|[from] item: Leftovers
|-fieldend|move: Grassy Terrain
|upkeep
|turn|6
|-message|limestone7276 forfeited.
|raw|limestone7276's rating: 1000 → 1000(+0 for losing)
|raw|Guiltypleasure06's rating: 1110 → 1127(+17 for winning)
|
|win|Guiltypleasure06
|c|☆Guiltypleasure06|GG
|l|☆limestone7276
|player|p1|
