|j|☆Irongiant9214
|j|☆figglewiggle
|html|Irongiant9214figglewiggle    
|uhtml|bestof|Game 1 of a best-of-3
|t:|1784691353
|gametype|doubles
|player|p1|Irongiant9214|101|1163
|player|p2|figglewiggle|102|1154
|gen|9
|tier|[Gen 9 Champions] VGC 2026 Reg M-B (Bo3)
|rated|
|rule|Species Clause: Limit one of each Pokémon
|rule|Item Clause: Limit 1 of each item
|clearpoke
|poke|p1|Charizard, L50, M, shiny|
|poke|p1|Garchomp, L50, M, shiny|
|poke|p1|Incineroar, L50, F, shiny|
|poke|p1|Venusaur, L50, F, shiny|
|poke|p1|Toxapex, L50, M|
|poke|p1|Sylveon, L50, M|
|poke|p2|Hydreigon, L50, F|
|poke|p2|Sneasler, L50, M|
|poke|p2|Charizard, L50, F|
|poke|p2|Whimsicott, L50, M|
|poke|p2|Garchomp, L50, F|
|poke|p2|Basculegion, L50, M|
|teampreview|4
|showteam|p1|Charizard||CharizarditeY|SolarPower|WeatherBall,HeatWave,AncientPower,Protect|Modest||M|||50|]Garchomp||ChoiceScarf|RoughSkin|RockSlide,DragonClaw,Earthquake,StompingTantrum|Adamant||M|||50|]Incineroar||SitrusBerry|Intimidate|FlareBlitz,FakeOut,DarkestLariat,PartingShot|Impish||F|||50|]Venusaur||LifeOrb|Chlorophyll|SludgeBomb,LeafStorm,EarthPower,Protect|Modest||F|||50|]Toxapex||Leftovers|Regenerator|Infestation,Toxic,WideGuard,BanefulBunker|Bold||M|||50|]Sylveon||FairyFeather|Pixilate|HyperVoice,QuickAttack,Yawn,Detect|Modest||M|||50|
|showteam|p2|Hydreigon||ChoiceScarf|Levitate|DracoMeteor,EarthPower,DarkPulse,Snarl|Modest||F|||50|]Sneasler||FocusSash|PoisonTouch|FakeOut,PoisonJab,CloseCombat,Protect|Jolly||M|||50|]Charizard||CharizarditeY|Blaze|HeatWave,WeatherBall,SolarBeam,Protect|Modest||F|||50|]Whimsicott||CobaBerry|Prankster|Moonblast,Encore,Tailwind,Protect|Bold||M|||50|]Garchomp||LifeOrb|RoughSkin|Earthquake,RockSlide,DragonClaw,Protect|Jolly||F|||50|]Basculegion||MysticWater|Adaptability|WaveCrash,AquaJet,LastRespects,Protect|Adamant||M|||50|
|inactive|Battle timer is ON: inactive players will automatically lose when time's up. (requested by figglewiggle)
|inactive|Irongiant9214 has 60 seconds left.
|inactive|figglewiggle has 60 seconds left.
|inactive|Irongiant9214 has 30 seconds left.
|inactive|figglewiggle has 30 seconds left.
|inactive|Irongiant9214 has 20 seconds left.
|inactive|figglewiggle has 20 seconds left.
|inactive|figglewiggle has 15 seconds left.
|inactive|figglewiggle has 10 seconds left.
|
|t:|1784691437
|teamsize|p1|4
|teamsize|p2|4
|start
|switch|p1a: Toxapex|Toxapex, L50, M|100/100
|switch|p1b: Garchomp|Garchomp, L50, M, shiny|100/100
|switch|p2a: Hydreigon|Hydreigon, L50, F|100/100
|switch|p2b: Sneasler|Sneasler, L50, M|100/100
|turn|1
|inactive|Irongiant9214 has 30 seconds left.
|inactive|Irongiant9214 has 20 seconds left.
|inactive|Irongiant9214 has 15 seconds left.
|inactive|figglewiggle has 30 seconds left.
|
|t:|1784691491
|switch|p1b: Incineroar|Incineroar, L50, F, shiny|100/100
|-ability|p1b: Incineroar|Intimidate|boost
|-unboost|p2a: Hydreigon|atk|1
|-unboost|p2b: Sneasler|atk|1
|move|p2b: Sneasler|Fake Out|p1b: Incineroar
|-damage|p1b: Incineroar|93/100
|-status|p1b: Incineroar|psn|[from] ability: Poison Touch|[of] p2b: Sneasler
|move|p2a: Hydreigon|Draco Meteor|p1b: Incineroar
|-damage|p1b: Incineroar|27/100 psn
|-unboost|p2a: Hydreigon|spa|2
|-enditem|p1b: Incineroar|Sitrus Berry|[eat]
|-heal|p1b: Incineroar|52/100 psn|[from] item: Sitrus Berry
|move|p1a: Toxapex|Infestation|p2b: Sneasler
|-resisted|p2b: Sneasler|2
|-damage|p2b: Sneasler|99/100
|-activate|p2b: Sneasler|move: Infestation|[of] p1a: Toxapex
|
|-damage|p1b: Incineroar|40/100 psn|[from] psn
|-damage|p2b: Sneasler|87/100|[from] move: Infestation|[partiallytrapped]
|upkeep
|turn|2
|inactive|Irongiant9214 has 30 seconds left.
|inactive|figglewiggle has 30 seconds left.
|inactive|Irongiant9214 has 20 seconds left.
|inactive|figglewiggle has 20 seconds left.
|inactive|figglewiggle has 15 seconds left.
|
|t:|1784691534
|switch|p2a: Charizard|Charizard, L50, F|100/100
|move|p1b: Incineroar|Fake Out|p2b: Sneasler
|-damage|p2b: Sneasler|69/100
|cant|p2b: Sneasler|flinch
|move|p1a: Toxapex|Infestation|p2a: Charizard
|-resisted|p2a: Charizard|2
|-crit|p2a: Charizard
|-damage|p2a: Charizard|98/100
|-activate|p2a: Charizard|move: Infestation|[of] p1a: Toxapex
|
|-damage|p1b: Incineroar|27/100 psn|[from] psn
|-damage|p2b: Sneasler|57/100|[from] move: Infestation|[partiallytrapped]
|-damage|p2a: Charizard|86/100|[from] move: Infestation|[partiallytrapped]
|upkeep
|turn|3
|inactive|Irongiant9214 has 30 seconds left.
|inactive|figglewiggle has 30 seconds left.
|inactive|Irongiant9214 has 20 seconds left.
|inactive|Irongiant9214 has 15 seconds left.
|
|t:|1784691576
|switch|p1b: Charizard|Charizard, L50, M, shiny|100/100
|detailschange|p2a: Charizard|Charizard-Mega-Y, L50, F
|-mega|p2a: Charizard|Charizard|Charizardite Y
|-weather|SunnyDay|[from] ability: Drought|[of] p2a: Charizard
|move|p1a: Toxapex|Wide Guard|p1a: Toxapex
|-singleturn|p1a: Toxapex|Wide Guard
|move|p2b: Sneasler|Close Combat|p1b: Charizard
|-resisted|p1b: Charizard|1
|-damage|p1b: Charizard|79/100
|-unboost|p2b: Sneasler|def|1
|-unboost|p2b: Sneasler|spd|1
|-status|p1b: Charizard|psn|[from] ability: Poison Touch|[of] p2b: Sneasler
|move|p2a: Charizard|Weather Ball|p1b: Charizard
|-resisted|p1b: Charizard|1
|-damage|p1b: Charizard|30/100 psn
|
|-weather|SunnyDay|[upkeep]
|-damage|p1b: Charizard|18/100 psn|[from] ability: Solar Power|[of] p1b: Charizard
|-damage|p1b: Charizard|5/100 psn|[from] psn
|-damage|p2b: Sneasler|45/100|[from] move: Infestation|[partiallytrapped]
|-damage|p2a: Charizard|74/100|[from] move: Infestation|[partiallytrapped]
|upkeep
|turn|4
|inactive|Irongiant9214 has 30 seconds left.
|inactive|figglewiggle has 30 seconds left.
|inactive|Irongiant9214 has 20 seconds left.
|inactive|figglewiggle has 20 seconds left.
|inactive|Irongiant9214 has 15 seconds left.
|inactive|figglewiggle has 15 seconds left.
|inactive|figglewiggle has 10 seconds left.
|
|t:|1784691626
|detailschange|p1b: Charizard|Charizard-Mega-Y, L50, M, shiny
|-mega|p1b: Charizard|Charizard|Charizardite Y
|move|p2b: Sneasler|Poison Jab|p1b: Charizard
|-damage|p1b: Charizard|0 fnt
|faint|p1b: Charizard
|move|p2a: Charizard|Weather Ball|p1a: Toxapex
|-resisted|p1a: Toxapex|1
|-damage|p1a: Toxapex|66/100
|move|p1a: Toxapex|Toxic|p2a: Charizard
|-status|p2a: Charizard|tox
|
|-weather|SunnyDay|[upkeep]
|-heal|p1a: Toxapex|71/100|[from] item: Leftovers
|-damage|p2a: Charizard|68/100 tox|[from] psn
|-damage|p2b: Sneasler|33/100|[from] move: Infestation|[partiallytrapped]
|-damage|p2a: Charizard|56/100 tox|[from] move: Infestation|[partiallytrapped]
|upkeep
|
|t:|1784691633
|switch|p1b: Incineroar|Incineroar, L50, F, shiny|27/100 psn
|-ability|p1b: Incineroar|Intimidate|boost
|-unboost|p2a: Charizard|atk|1
|-unboost|p2b: Sneasler|atk|1
|turn|5
|inactive|Irongiant9214 has 30 seconds left.
|
|t:|1784691662
|move|p1a: Toxapex|Baneful Bunker|p1a: Toxapex
|-singleturn|p1a: Toxapex|move: Protect
|move|p1b: Incineroar|Fake Out|p2a: Charizard
|-damage|p2a: Charizard|45/100 tox
|move|p2b: Sneasler|Close Combat|p1b: Incineroar
|-supereffective|p1b: Incineroar|1
|-damage|p1b: Incineroar|0 fnt
|-unboost|p2b: Sneasler|def|1
|-unboost|p2b: Sneasler|spd|1
|faint|p1b: Incineroar
|cant|p2a: Charizard|flinch
|
|-weather|SunnyDay|[upkeep]
|-heal|p1a: Toxapex|77/100|[from] item: Leftovers
|-damage|p2a: Charizard|33/100 tox|[from] psn
|-end|p2b: Sneasler|Infestation|[partiallytrapped]
|-damage|p2a: Charizard|21/100 tox|[from] move: Infestation|[partiallytrapped]
|upkeep
|
|t:|1784691664
|switch|p1b: Garchomp|Garchomp, L50, M, shiny|100/100
|turn|6
|inactive|Irongiant9214 has 30 seconds left.
|inactive|figglewiggle has 30 seconds left.
|inactive|figglewiggle has 20 seconds left.
|inactive|figglewiggle has 15 seconds left.
|inactive|figglewiggle has 10 seconds left.
|
|t:|1784691712
|move|p2a: Charizard|Protect|p2a: Charizard
|-singleturn|p2a: Charizard|Protect
|move|p1a: Toxapex|Wide Guard|p1a: Toxapex
|-singleturn|p1a: Toxapex|Wide Guard
|move|p1b: Garchomp|Rock Slide|p2a: Charizard|[spread] p2b
|-activate|p2a: Charizard|move: Protect
|-resisted|p2b: Sneasler|1
|-damage|p2b: Sneasler|0 fnt
|faint|p2b: Sneasler
|
|-weather|SunnyDay|[upkeep]
|-heal|p1a: Toxapex|83/100|[from] item: Leftovers
|-damage|p2a: Charizard|3/100 tox|[from] psn
|-damage|p2a: Charizard|0 fnt|[from] move: Infestation|[partiallytrapped]
|faint|p2a: Charizard
|upkeep
|
|t:|1784691722
|switch|p2b: Hydreigon|Hydreigon, L50, F|100/100
|switch|p2a: Whimsicott|Whimsicott, L50, M|100/100
|turn|7
|inactive|figglewiggle has 30 seconds left.
|
|t:|1784691750
|move|p2a: Whimsicott|Encore|p1a: Toxapex
|-start|p1a: Toxapex|Encore
|move|p1a: Toxapex|Wide Guard|p1a: Toxapex
|-singleturn|p1a: Toxapex|Wide Guard
|move|p1b: Garchomp|Rock Slide|p2a: Whimsicott|[spread] p2a,p2b
|-damage|p2a: Whimsicott|81/100
|-damage|p2b: Hydreigon|73/100
|cant|p2b: Hydreigon|flinch
|
|-weather|none
|-heal|p1a: Toxapex|89/100|[from] item: Leftovers
|upkeep
|turn|8
|
|t:|1784691767
|move|p1a: Toxapex|Wide Guard|p1a: Toxapex
|-singleturn|p1a: Toxapex|Wide Guard
|move|p2a: Whimsicott|Tailwind|p2a: Whimsicott
|-sidestart|p2: figglewiggle|move: Tailwind
|move|p2b: Hydreigon|Draco Meteor|p1b: Garchomp
|-supereffective|p1b: Garchomp|1
|-damage|p1b: Garchomp|0 fnt
|-unboost|p2b: Hydreigon|spa|2
|faint|p1b: Garchomp
|
|-heal|p1a: Toxapex|94/100|[from] item: Leftovers
|upkeep
|turn|9
|-message|Irongiant9214 forfeited.
|
|win|figglewiggle
||Irongiant9214 is ready for game 2.
|inactive|figglewiggle has 30 seconds to confirm battle start!
||figglewiggle is ready for game 2.
|uhtml|next|Next: Game 2 of 3
|l|☆figglewiggle
|player|p2|
