|j|☆Mtcoc2
|j|☆Daniw9
|html|Mtcoc2Daniw9    
|uhtml|bestof|Game 3 of a best-of-3
|t:|1756454757
|gametype|doubles
|player|p1|Mtcoc2|170|1204
|player|p2|Daniw9|101|1145
|gen|9
|tier|[Gen 9] VGC 2025 Reg H (Bo3)
|rated|
|rule|Species Clause: Limit one of each Pokémon
|rule|Item Clause: Limit 1 of each item
|clearpoke
|poke|p1|Dragonite, L50, F|
|poke|p1|Ninetales-Alola, L50, M|
|poke|p1|Annihilape, L50, F|
|poke|p1|Ursaluna-Bloodmoon, L50, M|
|poke|p1|Magmar, L50, F|
|poke|p1|Gholdengo, L50|
|poke|p2|Garchomp, L50, F|
|poke|p2|Tyranitar, L50, M|
|poke|p2|Delphox, L50, F|
|poke|p2|Indeedee-F, L50, F|
|poke|p2|Gallade, L50, M|
|poke|p2|Whimsicott, L50, M|
|teampreview|4
|showteam|p1|Dragonite||LoadedDice|Multiscale|ScaleShot,ExtremeSpeed,Haze,Protect|||F|||50|,,,,,Steel]Ninetales-Alola||LightClay|SnowWarning|AuroraVeil,Blizzard,IcicleSpear,Encore|||M|||50|,,,,,Ghost]Annihilape||SafetyGoggles|Defiant|DrainPunch,RageFist,BulkUp,Protect|||F|||50|,,,,,Water]Ursaluna-Bloodmoon||AssaultVest|MindsEye|EarthPower,BloodMoon,HyperVoice,VacuumWave|||M|||50|,,,,,Water]Magmar||Eviolite|FlameBody|FollowMe,Overheat,Taunt,Protect|||F|||50|,,,,,Ghost]Gholdengo||MetalCoat|GoodasGold|MakeItRain,ShadowBall,NastyPlot,Protect||||||50|,,,,,Dragon
|showteam|p2|Garchomp||LifeOrb|SandVeil|Earthquake,StompingTantrum,Protect,DragonClaw|||F|||50|,,,,,Steel]Tyranitar||AssaultVest|SandStream|RockSlide,TeraBlast,KnockOff,LowKick|||M|||50|,,,,,Flying]Delphox||PsychicSeed|Magician|ExpandingForce,HeatWave,TeraBlast,Protect|||F|||50|,,,,,Fairy]Indeedee-F||SafetyGoggles|PsychicSurge|DazzlingGleam,TrickRoom,FollowMe,HelpingHand|||F|||50|,,,,,Water]Gallade||ClearAmulet|Sharpness|SacredSword,PsychoCut,TrickRoom,Protect|||M|||50|,,,,,Grass]Whimsicott||CovertCloak|Prankster|Moonblast,Tailwind,Encore,Protect|||M|||50|,,,,,Ghost
|
|t:|1756454790
|teamsize|p1|4
|teamsize|p2|4
|start
|switch|p1a: Ursaluna|Ursaluna-Bloodmoon, L50, M|100/100
|switch|p1b: Magmar|Magmar, L50, F|100/100
|switch|p2a: Tyranitar|Tyranitar, L50, M|100/100
|switch|p2b: Garchomp|Garchomp, L50, F|100/100
|-weather|Sandstorm|[from] ability: Sand Stream|[of] p2a: Tyranitar
|turn|1
|
|t:|1756454808
|-terastallize|p2a: Tyranitar|Flying
|move|p1b: Magmar|Follow Me|p1b: Magmar
|-singleturn|p1b: Magmar|move: Follow Me
|move|p2b: Garchomp|Earthquake|p1a: Ursaluna|[spread] p1a,p1b
|-immune|p2a: Tyranitar
|-supereffective|p1b: Magmar
|-damage|p1a: Ursaluna|59/100
|-damage|p1b: Magmar|5/100
|-damage|p2b: Garchomp|91/100|[from] item: Life Orb
|move|p2a: Tyranitar|Rock Slide|p1a: Ursaluna|[spread] p1a,p1b
|-resisted|p1a: Ursaluna
|-supereffective|p1b: Magmar
|-damage|p1a: Ursaluna|49/100
|-damage|p1b: Magmar|0 fnt
|faint|p1b: Magmar
|move|p1a: Ursaluna|Blood Moon|p2b: Garchomp
|-damage|p2b: Garchomp|10/100
|
|-weather|Sandstorm|[upkeep]
|-damage|p2a: Tyranitar|95/100|[from] Sandstorm
|upkeep
|
|t:|1756454830
|switch|p1b: Dragonite|Dragonite, L50, F|100/100
|turn|2
|
|t:|1756454847
|switch|p2b: Indeedee|Indeedee-F, L50, F|100/100
|-fieldstart|move: Psychic Terrain|[from] ability: Psychic Surge|[of] p2b: Indeedee
|move|p1b: Dragonite|Protect|p1b: Dragonite
|-singleturn|p1b: Dragonite|Protect
|move|p2a: Tyranitar|Low Kick|p1a: Ursaluna
|-supereffective|p1a: Ursaluna
|-damage|p1a: Ursaluna|0 fnt
|faint|p1a: Ursaluna
|
|-weather|Sandstorm|[upkeep]
|-damage|p1b: Dragonite|94/100|[from] Sandstorm
|-damage|p2a: Tyranitar|89/100|[from] Sandstorm
|upkeep
|
|t:|1756454859
|switch|p1a: Annihilape|Annihilape, L50, F|100/100
|turn|3
|
|t:|1756454869
|-terastallize|p1a: Annihilape|Water
|move|p2b: Indeedee|Follow Me|p2b: Indeedee
|-singleturn|p2b: Indeedee|move: Follow Me
|move|p1b: Dragonite|Scale Shot|p2b: Indeedee
|-damage|p2b: Indeedee|87/100
|-damage|p2b: Indeedee|73/100
|-damage|p2b: Indeedee|59/100
|-damage|p2b: Indeedee|44/100
|-damage|p2b: Indeedee|30/100
|-hitcount|p2b: Indeedee|5
|-unboost|p1b: Dragonite|def|1
|-boost|p1b: Dragonite|spe|1
|move|p1a: Annihilape|Bulk Up|p1a: Annihilape
|-boost|p1a: Annihilape|atk|1
|-boost|p1a: Annihilape|def|1
|move|p2a: Tyranitar|Rock Slide|p1b: Dragonite|[spread] p1a,p1b
|-supereffective|p1b: Dragonite
|-damage|p1a: Annihilape|81/100
|-damage|p1b: Dragonite|2/100
|
|-weather|Sandstorm|[upkeep]
|-damage|p1b: Dragonite|0 fnt|[from] Sandstorm
|-damage|p2a: Tyranitar|83/100|[from] Sandstorm
|faint|p1b: Dragonite
|upkeep
|turn|4
|
|t:|1756454895
|move|p2b: Indeedee|Follow Me|p2b: Indeedee
|-singleturn|p2b: Indeedee|move: Follow Me
|move|p1a: Annihilape|Drain Punch|p2b: Indeedee
|-damage|p2b: Indeedee|0 fnt
|-heal|p1a: Annihilape|93/100|[from] drain|[of] p2b: Indeedee
|faint|p2b: Indeedee
|move|p2a: Tyranitar|Tera Blast|p1a: Annihilape|[anim] Tera Blast Flying
|-damage|p1a: Annihilape|66/100
|
|-weather|Sandstorm|[upkeep]
|-damage|p2a: Tyranitar|77/100|[from] Sandstorm
|upkeep
|
|t:|1756454901
|switch|p2b: Delphox|Delphox, L50, F|100/100
|-enditem|p2b: Delphox|Psychic Seed
|-boost|p2b: Delphox|spd|1|[from] item: Psychic Seed
|turn|5
|
|t:|1756454909
|move|p2b: Delphox|Expanding Force|p1a: Annihilape
|-damage|p1a: Annihilape|2/100
|-item|p2b: Delphox|Safety Goggles|[from] ability: Magician|[of] p1a: Annihilape
|move|p1a: Annihilape|Rage Fist|p2b: Delphox
|-supereffective|p2b: Delphox
|-damage|p2b: Delphox|0 fnt
|faint|p2b: Delphox
|move|p2a: Tyranitar|Tera Blast|p1a: Annihilape|[anim] Tera Blast Flying
|-damage|p1a: Annihilape|0 fnt
|faint|p1a: Annihilape
|
|win|Daniw9
|raw|Mtcoc2's rating: 1204 → 1175(-29 for losing)
|raw|Daniw9's rating: 1145 → 1174(+29 for winning)
|l|☆Mtcoc2
|player|p1|
