|j|☆ShmebKing
|j|☆GuardianGamer101
|html|ShmebKingGuardianGamer101    
|uhtml|bestof|Game 1 of a best-of-3
|t:|1783310764
|gametype|doubles
|player|p1|ShmebKing|juan|
|player|p2|GuardianGamer101|lass-gen4dp|
|gen|9
|tier|[Gen 9 Champions] VGC 2026 Reg M-B (Bo3)
|rule|Species Clause: Limit one of each Pokémon
|rule|Item Clause: Limit 1 of each item
|clearpoke
|poke|p1|Scolipede, L50, F|
|poke|p1|Staraptor, L50, M|
|poke|p1|Zoroark-Hisui, L50, M|
|poke|p1|Aerodactyl, L50, M|
|poke|p1|Sylveon, L50, F|
|poke|p1|Liepard, L50, F|
|poke|p2|Scovillain, L50, M|
|poke|p2|Feraligatr, L50, M|
|poke|p2|Sylveon, L50, M|
|poke|p2|Kingambit, L50, M|
|poke|p2|Ceruledge, L50, F, shiny|
|poke|p2|Aerodactyl, L50, F|
|teampreview|4
|showteam|p1|Scolipede||FocusSash|SpeedBoost|Megahorn,Round,Protect,RockSlide|Jolly||F|||50|]Staraptor||Staraptite|Reckless|CloseCombat,BraveBird,Protect,Roost|Jolly||M|||50|]Zoroark-Hisui||ChoiceScarf|Illusion|Round,BitterMalice,Flamethrower,Trick|Timid||M|||50|]Aerodactyl||ChartiBerry|RockHead|RockSlide,IceFang,Protect,Tailwind|Jolly||M|||50|]Sylveon||LifeOrb|Pixilate|Round,QuickAttack,HyperVoice,Protect|Quiet||F|||50|]Liepard||MentalHerb|Prankster|FakeOut,KnockOff,Protect,Copycat|Jolly||F|||50|
|showteam|p2|Scovillain||Scovillainite|Moody|Overheat,LeechSeed,RagePowder,Protect|Calm||M|||50|]Feraligatr||LifeOrb|SheerForce|Liquidation,RockSlide,DragonDance,Protect|Adamant||M|||50|]Sylveon||FairyFeather|Pixilate|HyperVoice,HyperBeam,QuickAttack,Detect|Modest||M|||50|]Kingambit||ChopleBerry|Defiant|SuckerPunch,KowtowCleave,IronHead,Protect|Adamant||M|||50|]Ceruledge||Charcoal|FlashFire|BitterBlade,ThroatChop,BulkUp,Protect|Adamant||F|||50|]Aerodactyl||FocusSash|Unnerve|RockSlide,DualWingbeat,Tailwind,WideGuard|Jolly||F|||50|
|inactive|Battle timer is ON: inactive players will automatically lose when time's up. (requested by ShmebKing)
|inactive|GuardianGamer101 also wants the timer to be on.
|inactive|ShmebKing no longer wants the timer on, but the timer is staying on because guardiangamer101 still does.
|inactive|ShmebKing has 60 seconds left.
|inactive|GuardianGamer101 has 60 seconds left.
|j| Diglett1
|inactiveoff|Battle timer is now OFF.
|
|t:|1783310989
|teamsize|p1|4
|teamsize|p2|4
|start
|switch|p1a: Bane|Scolipede, L50, F|100/100
|switch|p1b: Applause|Sylveon, L50, F|100/100
|switch|p2a: Scovillain|Scovillain, L50, M|100/100
|switch|p2b: Aerodactyl|Aerodactyl, L50, F|100/100
|-ability|p2b: Aerodactyl|Unnerve
|turn|1
|j| bananamandoge421
|
|t:|1783311026
|detailschange|p2a: Scovillain|Scovillain-Mega, L50, M
|-mega|p2a: Scovillain|Scovillain|Scovillainite
|move|p1a: Bane|Protect|p1a: Bane
|-singleturn|p1a: Bane|Protect
|move|p2a: Scovillain|Rage Powder|p2a: Scovillain
|-singleturn|p2a: Scovillain|move: Rage Powder
|move|p1b: Applause|Bitter Malice|p2a: Scovillain
|-damage|p2a: Scovillain|65/100
|-unboost|p2a: Scovillain|atk|1
|-status|p1b: Applause|brn|[from] ability: Spicy Spray|[of] p2a: Scovillain
|move|p2b: Aerodactyl|Tailwind|p2b: Aerodactyl
|-sidestart|p2: GuardianGamer101|move: Tailwind
|
|-damage|p1b: Applause|94/100 brn|[from] brn
|-ability|p1a: Bane|Speed Boost|boost
|-boost|p1a: Bane|spe|1
|upkeep
|turn|2
|
|t:|1783311069
|move|p1a: Bane|Protect|p1a: Bane
|-singleturn|p1a: Bane|Protect
|move|p2b: Aerodactyl|Rock Slide|p1a: Bane|[spread] p1b
|-activate|p1a: Bane|move: Protect
|-damage|p1b: Applause|45/100 brn
|replace|p1b: Hi Andy|Zoroark-Hisui, L50, M
|-end|p1b: Hi Andy|Illusion
|move|p1b: Hi Andy|Bitter Malice|p2b: Aerodactyl
|-damage|p2b: Aerodactyl|44/100
|-unboost|p2b: Aerodactyl|atk|1
|move|p2a: Scovillain|Overheat|p1b: Hi Andy
|-damage|p1b: Hi Andy|0 fnt
|-unboost|p2a: Scovillain|spa|2
|faint|p1b: Hi Andy
|
|-ability|p1a: Bane|Speed Boost|boost
|-boost|p1a: Bane|spe|1
|upkeep
|
|t:|1783311092
|switch|p1b: Applause|Sylveon, L50, F|100/100
|turn|3
|
|t:|1783311119
|switch|p2b: Ceruledge|Ceruledge, L50, F, shiny|100/100
|move|p2a: Scovillain|Rage Powder|p2a: Scovillain
|-singleturn|p2a: Scovillain|move: Rage Powder
|move|p1a: Bane|Rock Slide|p2a: Scovillain|[spread] p2a,p2b
|-supereffective|p2a: Scovillain|1
|-supereffective|p2b: Ceruledge|1
|-damage|p2a: Scovillain|32/100
|-damage|p2b: Ceruledge|68/100
|-status|p1a: Bane|brn|[from] ability: Spicy Spray|[of] p2a: Scovillain
|move|p1b: Applause|Hyper Voice|p2b: Ceruledge|[spread] p2a,p2b
|-resisted|p2a: Scovillain|1
|-resisted|p2b: Ceruledge|1
|-damage|p2a: Scovillain|6/100
|-damage|p2b: Ceruledge|39/100
|-status|p1b: Applause|brn|[from] ability: Spicy Spray|[of] p2a: Scovillain
|-damage|p1b: Applause|90/100 brn|[from] item: Life Orb
|
|-damage|p1a: Bane|94/100 brn|[from] brn
|-damage|p1b: Applause|84/100 brn|[from] brn
|-ability|p1a: Bane|Speed Boost|boost
|-boost|p1a: Bane|spe|1
|upkeep
|turn|4
|
|t:|1783311163
|move|p2b: Ceruledge|Protect|p2b: Ceruledge
|-singleturn|p2b: Ceruledge|Protect
|move|p1a: Bane|Round|p2a: Scovillain
|-damage|p2a: Scovillain|0 fnt
|faint|p2a: Scovillain
|move|p1b: Applause|Round|p2b: Ceruledge|[from] move: Round
|-activate|p2b: Ceruledge|move: Protect
|
|-damage|p1a: Bane|88/100 brn|[from] brn
|-damage|p1b: Applause|78/100 brn|[from] brn
|-sideend|p2: GuardianGamer101|move: Tailwind
|-ability|p1a: Bane|Speed Boost|boost
|-boost|p1a: Bane|spe|1
|upkeep
|
|t:|1783311178
|switch|p2a: Sylveon|Sylveon, L50, M|100/100
|turn|5
|
|t:|1783311212
|move|p1a: Bane|Round|p2a: Sylveon
|-damage|p2a: Sylveon|94/100
|move|p1b: Applause|Round|p2a: Sylveon|[from] move: Round
|-damage|p2a: Sylveon|28/100
|-damage|p1b: Applause|68/100 brn|[from] item: Life Orb
|move|p2b: Ceruledge|Bitter Blade|p1a: Bane
|-supereffective|p1a: Bane|1
|-damage|p1a: Bane|0 fnt
|-heal|p2b: Ceruledge|74/100|[from] drain|[of] p1a: Bane
|faint|p1a: Bane
|move|p2a: Sylveon|Hyper Voice|p1b: Applause
|-damage|p1b: Applause|12/100 brn
|
|-damage|p1b: Applause|6/100 brn|[from] brn
|upkeep
|
|t:|1783311224
|switch|p1a: Reckless|Staraptor, L50, M|100/100
|turn|6
|
|t:|1783311264
|detailschange|p1a: Reckless|Staraptor-Mega, L50, M
|-mega|p1a: Reckless|Staraptor|Staraptite
|move|p2b: Ceruledge|Protect|p2b: Ceruledge
|-singleturn|p2b: Ceruledge|Protect
|move|p2a: Sylveon|Detect|p2a: Sylveon
|-singleturn|p2a: Sylveon|Protect
|move|p1b: Applause|Quick Attack|p2a: Sylveon
|-activate|p2a: Sylveon|move: Protect
|move|p1a: Reckless|Close Combat|p2a: Sylveon
|-activate|p2a: Sylveon|move: Protect
|
|-damage|p1b: Applause|1/100 brn|[from] brn
|upkeep
|turn|7
|
|t:|1783311321
|move|p2a: Sylveon|Quick Attack|p1b: Applause
|-damage|p1b: Applause|0 fnt
|faint|p1b: Applause
|move|p1a: Reckless|Close Combat|p2a: Sylveon
|-resisted|p2a: Sylveon|1
|-damage|p2a: Sylveon|0 fnt
|-boost|p1a: Reckless|def|1
|-boost|p1a: Reckless|spd|1
|faint|p2a: Sylveon
|move|p2b: Ceruledge|Bulk Up|p2b: Ceruledge
|-boost|p2b: Ceruledge|atk|1
|-boost|p2b: Ceruledge|def|1
|
|upkeep
|
|t:|1783311332
|switch|p2a: Aerodactyl|Aerodactyl, L50, F|44/100
|-ability|p2a: Aerodactyl|Unnerve
|turn|8
|
|t:|1783311348
|move|p2a: Aerodactyl|Dual Wingbeat|p1a: Reckless
|-supereffective|p1a: Reckless|1
|-damage|p1a: Reckless|74/100
|-supereffective|p1a: Reckless|1
|-damage|p1a: Reckless|43/100
|-hitcount|p1a: Reckless|2
|move|p1a: Reckless|Close Combat|p2a: Aerodactyl
|-damage|p2a: Aerodactyl|0 fnt
|-boost|p1a: Reckless|def|1
|-boost|p1a: Reckless|spd|1
|faint|p2a: Aerodactyl
|move|p2b: Ceruledge|Bitter Blade|p1a: Reckless
|-damage|p1a: Reckless|3/100
|-heal|p2b: Ceruledge|93/100|[from] drain|[of] p1a: Reckless
|
|upkeep
|turn|9
|
|t:|1783311363
|move|p1a: Reckless|Roost|p1a: Reckless
|-heal|p1a: Reckless|53/100
|-singleturn|p1a: Reckless|move: Roost
|move|p2b: Ceruledge|Bitter Blade|p1a: Reckless
|-damage|p1a: Reckless|14/100
|-heal|p2b: Ceruledge|100/100|[from] drain|[of] p1a: Reckless
|
|upkeep
|turn|10
|
|t:|1783311376
|move|p1a: Reckless|Roost|p1a: Reckless
|-heal|p1a: Reckless|64/100
|-singleturn|p1a: Reckless|move: Roost
|move|p2b: Ceruledge|Bulk Up|p2b: Ceruledge
|-boost|p2b: Ceruledge|atk|1
|-boost|p2b: Ceruledge|def|1
|
|upkeep
|turn|11
|
|t:|1783311385
|move|p1a: Reckless|Brave Bird|p2b: Ceruledge
|-damage|p2b: Ceruledge|68/100
|-damage|p1a: Reckless|53/100|[from] Recoil
|move|p2b: Ceruledge|Bulk Up|p2b: Ceruledge
|-boost|p2b: Ceruledge|atk|1
|-boost|p2b: Ceruledge|def|1
|
|upkeep
|turn|12
|
|t:|1783311393
|move|p1a: Reckless|Brave Bird|p2b: Ceruledge
|-damage|p2b: Ceruledge|39/100
|-damage|p1a: Reckless|43/100|[from] Recoil
|move|p2b: Ceruledge|Bitter Blade|p1a: Reckless
|-damage|p1a: Reckless|0 fnt
|-heal|p2b: Ceruledge|60/100|[from] drain|[of] p1a: Reckless
|faint|p1a: Reckless
|
|win|GuardianGamer101
||ShmebKing is ready for game 2.
|inactive|GuardianGamer101 has 30 seconds to confirm battle start!
|inactive|GuardianGamer101 has 20 seconds to confirm battle start!
||GuardianGamer101 is ready for game 2.
|uhtml|next|Next: Game 2 of 3
|l| bananamandoge421
|l| Diglett1
