|j|☆hydropee
|j|☆MrMaro
|html|hydropeeMrMaro    
|uhtml|bestof|Game 1 of a best-of-3
|t:|1757926852
|gametype|doubles
|player|p1|hydropee|policeman-gen4|1024
|player|p2|MrMaro|102|1127
|gen|9
|tier|[Gen 9] VGC 2025 Reg H (Bo3)
|rated|
|rule|Species Clause: Limit one of each Pokémon
|rule|Item Clause: Limit 1 of each item
|clearpoke
|poke|p1|Indeedee-F, L50, F|
|poke|p1|Ursaluna, L50, M|
|poke|p1|Hatterene, L50, F|
|poke|p1|Incineroar, L50, M|
|poke|p1|Dondozo, L50, F|
|poke|p1|Tatsugiri-Droopy, L50, F|
|poke|p2|Ninetales-Alola, L50, F|
|poke|p2|Ursaluna-Bloodmoon, L50, M|
|poke|p2|Sneasler, L50, F|
|poke|p2|Indeedee, L50, M|
|poke|p2|Dragonite, L50, M|
|poke|p2|Archaludon, L50, F|
|teampreview|4
|showteam|p1|Indeedee-F||PsychicSeed|PsychicSurge|Protect,TrickRoom,HyperVoice,FollowMe|||F|||50|,,,,,Fairy]Ursaluna||FlameOrb|Guts|Facade,Protect,HammerArm,HeadlongRush|||M|||50|,,,,,Flying]Hatterene||LifeOrb|MagicBounce|Protect,ExpandingForce,DazzlingGleam,CalmMind|||F|||50|,,,,,Stellar]Incineroar||SafetyGoggles|Intimidate|FlareBlitz,PartingShot,KnockOff,FakeOut|||M|||50|,,,,,Ghost]Dondozo||Leftovers|Oblivious|Protect,Waterfall,OrderUp,Yawn|||F|||50|,,,,,Water]Tatsugiri-Droopy||ChoiceSpecs|Commander|DracoMeteor,Protect,Taunt,MuddyWater|||F|||50|,,,,,Dragon
|showteam|p2|Ninetales-Alola||LightClay|SnowWarning|AuroraVeil,Blizzard,Encore,Disable|||F|||50|,,,,,Fire]Ursaluna-Bloodmoon||AssaultVest|MindsEye|HyperVoice,BloodMoon,EarthPower,Snarl|||M|||50|,,,,,Electric]Sneasler||PsychicSeed|Unburden|DireClaw,CloseCombat,ThroatChop,Protect|||F|||50|,,,,,Dark]Indeedee||ChoiceScarf|PsychicSurge|ExpandingForce,Imprison,Trick,TrickRoom|||M|||50|,,,,,Fairy]Dragonite||Leftovers|Multiscale|DragonDance,IceSpinner,ExtremeSpeed,Protect|||M|||50|,,,,,Normal]Archaludon||PowerHerb|Stalwart|ElectroShot,Thunderbolt,DragonPulse,Protect|||F|||50|,,,,,Electric
|inactive|Battle timer is ON: inactive players will automatically lose when time's up. (requested by hydropee)
|inactive|MrMaro has 60 seconds left.
|
|t:|1757926927
|teamsize|p1|4
|teamsize|p2|4
|start
|switch|p1a: Indeedee|Indeedee-F, L50, F|100/100
|switch|p1b: Hatterene|Hatterene, L50, F|100/100
|switch|p2a: Ninetales|Ninetales-Alola, L50, F|100/100
|switch|p2b: Sneasler|Sneasler, L50, F|100/100
|-weather|Snowscape|[from] ability: Snow Warning|[of] p2a: Ninetales
|-fieldstart|move: Psychic Terrain|[from] ability: Psychic Surge|[of] p1a: Indeedee
|-enditem|p2b: Sneasler|Psychic Seed
|-boost|p2b: Sneasler|spd|1|[from] item: Psychic Seed
|-enditem|p1a: Indeedee|Psychic Seed
|-boost|p1a: Indeedee|spd|1|[from] item: Psychic Seed
|turn|1
|
|t:|1757926947
|move|p1b: Hatterene|Protect|p1b: Hatterene
|-singleturn|p1b: Hatterene|Protect
|move|p2b: Sneasler|Dire Claw|p1b: Hatterene
|-activate|p1b: Hatterene|move: Protect
|move|p2a: Ninetales|Aurora Veil|p2a: Ninetales
|-sidestart|p2: MrMaro|move: Aurora Veil
|move|p1a: Indeedee|Trick Room|p1a: Indeedee
|-fieldstart|move: Trick Room|[of] p1a: Indeedee
|
|-weather|Snowscape|[upkeep]
|upkeep
|turn|2
|inactive|MrMaro has 30 seconds left.
|
|t:|1757926980
|-terastallize|p2b: Sneasler|Dark
|move|p1b: Hatterene|Expanding Force|p2a: Ninetales|[spread] p2a
|-immune|p2b: Sneasler
|-damage|p2a: Ninetales|36/100
|-damage|p1b: Hatterene|91/100|[from] item: Life Orb
|move|p1a: Indeedee|Hyper Voice|p2b: Sneasler|[spread] p2a,p2b
|-damage|p2a: Ninetales|20/100
|-damage|p2b: Sneasler|87/100
|move|p2a: Ninetales|Blizzard|p1a: Indeedee|[spread] p1a,p1b
|-damage|p1a: Indeedee|84/100
|-damage|p1b: Hatterene|63/100
|move|p2b: Sneasler|Dire Claw|p1b: Hatterene
|-supereffective|p1b: Hatterene
|-damage|p1b: Hatterene|0 fnt
|faint|p1b: Hatterene
|
|-weather|Snowscape|[upkeep]
|upkeep
|
|t:|1757926999
|switch|p1b: Dondozo|Dondozo, L50, F|100/100
|turn|3
|
|t:|1757927013
|switch|p1a: Tatsugiri|Tatsugiri-Droopy, L50, F|100/100
|-activate|p1a: Tatsugiri|ability: Commander|[of] p1b: Dondozo
|-boost|p1b: Dondozo|atk|2
|-boost|p1b: Dondozo|spa|2
|-boost|p1b: Dondozo|spe|2
|-boost|p1b: Dondozo|def|2
|-boost|p1b: Dondozo|spd|2
|switch|p2a: Indeedee|Indeedee, L50, M|100/100
|move|p2b: Sneasler|Protect|p2b: Sneasler
|-singleturn|p2b: Sneasler|Protect
|move|p1b: Dondozo|Order Up|p2b: Sneasler
|-activate|p2b: Sneasler|move: Protect
|
|-weather|Snowscape|[upkeep]
|upkeep
|turn|4
|l|☆hydropee
|inactive|hydropee disconnected and has a minute to reconnect!
|player|p1|
|j|☆hydropee
|inactive|hydropee reconnected and has 40 seconds left.
|player|p1|hydropee|policeman-gen4|
|inactive|hydropee has 30 seconds left.
|inactive|MrMaro has 30 seconds left.
|inactive|MrMaro has 20 seconds left.
|
|t:|1757927049
|switch|p2a: Ninetales|Ninetales-Alola, L50, F|20/100
|move|p1b: Dondozo|Order Up|p2b: Sneasler
|-damage|p2b: Sneasler|39/100
|-boost|p1b: Dondozo|def|1
|move|p2b: Sneasler|Dire Claw|p1b: Dondozo
|-damage|p1b: Dondozo|88/100
|-status|p1b: Dondozo|slp
|
|-weather|Snowscape|[upkeep]
|-heal|p1b: Dondozo|94/100 slp|[from] item: Leftovers
|upkeep
|turn|5
|inactive|MrMaro has 30 seconds left.
|inactive|MrMaro has 20 seconds left.
|
|t:|1757927085
|switch|p2b: Indeedee|Indeedee, L50, M|100/100
|cant|p1b: Dondozo|slp
|move|p2a: Ninetales|Blizzard|p1b: Dondozo|[spread] p1b
|-miss|p2a: Ninetales|p1a: Tatsugiri
|-resisted|p1b: Dondozo
|-damage|p1b: Dondozo|89/100 slp
|
|-weather|none
|-heal|p1b: Dondozo|95/100 slp|[from] item: Leftovers
|-fieldend|move: Trick Room
|-fieldend|move: Psychic Terrain
|upkeep
|turn|6
|
|t:|1757927102
|move|p2b: Indeedee|Trick|p1b: Dondozo
|-activate|p2b: Indeedee|move: Trick|[of] p1b: Dondozo
|-item|p1b: Dondozo|Choice Scarf|[from] move: Trick
|-item|p2b: Indeedee|Leftovers|[from] move: Trick
|move|p2a: Ninetales|Disable|p1b: Dondozo
|-start|p1b: Dondozo|Disable|Order Up
|-curestatus|p1b: Dondozo|slp|[msg]
|move|p1b: Dondozo|Waterfall|p2a: Ninetales
|-damage|p2a: Ninetales|0 fnt
|faint|p2a: Ninetales
|
|upkeep
|
|t:|1757927116
|switch|p2a: Dragonite|Dragonite, L50, M|100/100
|turn|7
|
|t:|1757927122
|switch|p2b: Sneasler|Sneasler, L50, F, tera:Dark|39/100
|move|p1b: Dondozo|Waterfall|p2b: Sneasler
|-crit|p2b: Sneasler
|-damage|p2b: Sneasler|0 fnt
|faint|p2b: Sneasler
|move|p2a: Dragonite|Dragon Dance|p2a: Dragonite
|-boost|p2a: Dragonite|atk|1
|-boost|p2a: Dragonite|spe|1
|
|upkeep
|
|t:|1757927132
|switch|p2b: Indeedee|Indeedee, L50, M|100/100
|-fieldstart|move: Psychic Terrain|[from] ability: Psychic Surge|[of] p2b: Indeedee
|turn|8
|
|t:|1757927141
|move|p2a: Dragonite|Dragon Dance|p2a: Dragonite
|-boost|p2a: Dragonite|atk|1
|-boost|p2a: Dragonite|spe|1
|move|p1b: Dondozo|Waterfall|p2b: Indeedee
|-damage|p2b: Indeedee|13/100
|move|p2b: Indeedee|Expanding Force|p1a: Tatsugiri|[spread] p1b
|-miss|p2b: Indeedee|p1a: Tatsugiri
|-damage|p1b: Dondozo|71/100
|
|-heal|p2b: Indeedee|19/100|[from] item: Leftovers
|-sideend|p2: MrMaro|move: Aurora Veil
|upkeep
|turn|9
|inactive|MrMaro has 30 seconds left.
|inactive|MrMaro has 20 seconds left.
|
|t:|1757927180
|move|p2a: Dragonite|Dragon Dance|p2a: Dragonite
|-boost|p2a: Dragonite|atk|1
|-boost|p2a: Dragonite|spe|1
|move|p1b: Dondozo|Waterfall|p2b: Indeedee
|-damage|p2b: Indeedee|0 fnt
|faint|p2b: Indeedee
|
|-end|p1b: Dondozo|Disable
|upkeep
|turn|10
|
|t:|1757927191
|-terastallize|p1b: Dondozo|Water
|move|p2a: Dragonite|Ice Spinner|p1b: Dondozo
|-resisted|p1b: Dondozo
|-damage|p1b: Dondozo|61/100
|-fieldend|move: Psychic Terrain
|move|p1b: Dondozo|Waterfall|p2a: Dragonite
|-resisted|p2a: Dragonite
|-crit|p2a: Dragonite
|-damage|p2a: Dragonite|64/100
|
|-heal|p2a: Dragonite|70/100|[from] item: Leftovers
|upkeep
|turn|11
|
|t:|1757927207
|move|p2a: Dragonite|Extreme Speed|p1b: Dondozo
|-damage|p1b: Dondozo|40/100
|move|p1b: Dondozo|Waterfall|p2a: Dragonite
|-resisted|p2a: Dragonite
|-damage|p2a: Dragonite|21/100
|
|-heal|p2a: Dragonite|27/100|[from] item: Leftovers
|upkeep
|turn|12
|
|t:|1757927221
|move|p2a: Dragonite|Extreme Speed|p1b: Dondozo
|-damage|p1b: Dondozo|19/100
|move|p1b: Dondozo|Waterfall|p2a: Dragonite
|-resisted|p2a: Dragonite
|-damage|p2a: Dragonite|0 fnt
|faint|p2a: Dragonite
|
|win|hydropee
||MrMaro is ready for game 2.
|inactive|hydropee has 30 seconds to confirm battle start!
||hydropee is ready for game 2.
|uhtml|next|Next: Game 2 of 3
|l|☆hydropee
|player|p1|
