|j|☆cj8121
|j|☆breloomb01
|html|cj8121breloomb01    
|uhtml|bestof|Game 3 of a best-of-3
|t:|1785350832
|gametype|doubles
|player|p1|cj8121|169|1104
|player|p2|breloomb01|roughneck|1158
|gen|9
|tier|[Gen 9 Champions] VGC 2026 Reg M-B (Bo3)
|rated|
|rule|Species Clause: Limit one of each Pokémon
|rule|Item Clause: Limit 1 of each item
|clearpoke
|poke|p1|Charizard, L50, F|
|poke|p1|Whimsicott, L50, F|
|poke|p1|Sneasler, L50, F|
|poke|p1|Basculegion-F, L50, F|
|poke|p1|Aerodactyl, L50, M|
|poke|p1|Incineroar, L50, M|
|poke|p2|Floette-Eternal, L50, F|
|poke|p2|Incineroar, L50, F|
|poke|p2|Sinistcha, L50|
|poke|p2|Garchomp, L50, M|
|poke|p2|Sneasler, L50, M|
|poke|p2|Rotom-Wash, L50|
|teampreview|4
|showteam|p1|Charizard||CharizarditeY|SolarPower|Protect,HeatWave,SolarBeam,AirSlash|Modest||F|||50|]Whimsicott||FocusSash|Prankster|Tailwind,Encore,Taunt,Moonblast|Timid||F|||50|]Sneasler||WhiteHerb|Unburden|CloseCombat,DireClaw,FakeOut,Protect|Adamant||F|||50|]Basculegion-F||ChoiceScarf|Adaptability|WaveCrash,LastRespects,IceFang,AquaJet|Adamant||F|||50|]Aerodactyl||WideLens|Unnerve|Tailwind,RockSlide,DualWingbeat,WideGuard|Jolly||M|||50|]Incineroar||SitrusBerry|Intimidate|FlareBlitz,DarkestLariat,FakeOut,PartingShot|Adamant||M|||50|
|showteam|p2|Floette-Eternal||Floettite|FlowerVeil|DrainingKiss,DazzlingGleam,CalmMind,Protect|Modest||F|||50|]Incineroar||SitrusBerry|Intimidate|FakeOut,FlareBlitz,ThroatChop,PartingShot|Careful||F|||50|]Sinistcha||KasibBerry|Hospitality|MatchaGotcha,RagePowder,LifeDew,TrickRoom|Calm|||||50|]Garchomp||LifeOrb|RoughSkin|Earthquake,DragonClaw,RockSlide,Protect|Jolly||M|||50|]Sneasler||FocusSash|PoisonTouch|FakeOut,DireClaw,CloseCombat,Protect|Jolly||M|||50|]Rotom-Wash||Leftovers|Levitate|HydroPump,VoltSwitch,WillOWisp,Electroweb|Modest|||||50|
|
|t:|1785350859
|teamsize|p1|4
|teamsize|p2|4
|start
|switch|p1a: Basculegion|Basculegion-F, L50, F|100/100
|switch|p1b: Whimsicott|Whimsicott, L50, F|100/100
|switch|p2a: Floette|Floette-Eternal, L50, F|100/100
|switch|p2b: Sinistcha|Sinistcha, L50|100/100
|turn|1
|
|t:|1785350882
|detailschange|p2a: Floette|Floette-Mega, L50, F
|-mega|p2a: Floette|Floette|Floettite
|-ability|p2a: Floette|Fairy Aura
|move|p2b: Sinistcha|Rage Powder|p2b: Sinistcha
|-singleturn|p2b: Sinistcha|move: Rage Powder
|move|p1b: Whimsicott|Taunt|p2a: Floette
|-start|p2a: Floette|move: Taunt
|move|p1a: Basculegion|Last Respects|p2b: Sinistcha
|-supereffective|p2b: Sinistcha|1
|-enditem|p2b: Sinistcha|Kasib Berry|[eat]
|-enditem|p2b: Sinistcha|Kasib Berry|[weaken]
|-damage|p2b: Sinistcha|71/100
|cant|p2a: Floette|move: Taunt|Calm Mind
|
|upkeep
|turn|2
|
|t:|1785350901
|switch|p1b: Charizard|Charizard, L50, F|100/100
|switch|p2b: Incineroar|Incineroar, L50, F|100/100
|-ability|p2b: Incineroar|Intimidate|boost
|-unboost|p1a: Basculegion|atk|1
|-unboost|p1b: Charizard|atk|1
|move|p1a: Basculegion|Last Respects|p2b: Incineroar
|-resisted|p2b: Incineroar|1
|-damage|p2b: Incineroar|91/100
|move|p2a: Floette|Dazzling Gleam|p1a: Basculegion|[spread] p1a,p1b
|-resisted|p1b: Charizard|1
|-damage|p1a: Basculegion|38/100
|-damage|p1b: Charizard|69/100
|
|upkeep
|turn|3
|
|t:|1785350924
|switch|p1a: Whimsicott|Whimsicott, L50, F|100/100
|detailschange|p1b: Charizard|Charizard-Mega-Y, L50, F
|-mega|p1b: Charizard|Charizard|Charizardite Y
|-weather|SunnyDay|[from] ability: Drought|[of] p1b: Charizard
|move|p1b: Charizard|Protect|p1b: Charizard
|-singleturn|p1b: Charizard|Protect
|move|p2a: Floette|Dazzling Gleam|p1b: Charizard|[spread] p1a
|-activate|p1b: Charizard|move: Protect
|-damage|p1a: Whimsicott|17/100
|move|p2b: Incineroar|Flare Blitz|p1a: Whimsicott
|-supereffective|p1a: Whimsicott|1
|-damage|p1a: Whimsicott|0 fnt
|faint|p1a: Whimsicott
|-damage|p2b: Incineroar|87/100|[from] Recoil
|
|-weather|SunnyDay|[upkeep]
|-end|p2a: Floette|move: Taunt
|upkeep
|
|t:|1785350940
|switch|p1a: Sneasler|Sneasler, L50, F|100/100
|turn|4
|
|t:|1785350969
|switch|p2b: Rotom|Rotom-Wash, L50|100/100
|move|p2a: Floette|Protect|p2a: Floette
|-singleturn|p2a: Floette|Protect
|move|p1a: Sneasler|Fake Out|p2b: Rotom
|-damage|p2b: Rotom|82/100
|move|p1b: Charizard|Heat Wave|p2a: Floette|[spread] p2b
|-activate|p2a: Floette|move: Protect
|-resisted|p2b: Rotom|1
|-damage|p2b: Rotom|41/100
|
|-weather|SunnyDay|[upkeep]
|-heal|p2b: Rotom|47/100|[from] item: Leftovers
|upkeep
|turn|5
|
|t:|1785350996
|switch|p2a: Sinistcha|Sinistcha, L50|71/100
|-heal|p2b: Rotom|71/100|[from] ability: Hospitality|[of] p2a: Sinistcha
|move|p1b: Charizard|Protect|p1b: Charizard
|-singleturn|p1b: Charizard|Protect
|move|p1a: Sneasler|Close Combat|p2b: Rotom
|-damage|p2b: Rotom|0 fnt
|-unboost|p1a: Sneasler|def|1
|-unboost|p1a: Sneasler|spd|1
|faint|p2b: Rotom
|-enditem|p1a: Sneasler|White Herb
|-clearnegativeboost|p1a: Sneasler|[silent]
|
|-weather|SunnyDay|[upkeep]
|upkeep
|
|t:|1785351015
|switch|p2b: Incineroar|Incineroar, L50, F|87/100
|-ability|p2b: Incineroar|Intimidate|boost
|-unboost|p1a: Sneasler|atk|1
|-unboost|p1b: Charizard|atk|1
|turn|6
|
|t:|1785351046
|move|p2a: Sinistcha|Rage Powder|p2a: Sinistcha
|-singleturn|p2a: Sinistcha|move: Rage Powder
|move|p1a: Sneasler|Dire Claw|p2a: Sinistcha
|-damage|p2a: Sinistcha|44/100
|-status|p2a: Sinistcha|slp
|move|p1b: Charizard|Heat Wave|p2a: Sinistcha|[spread] p2a,p2b
|-supereffective|p2a: Sinistcha|1
|-resisted|p2b: Incineroar|1
|-damage|p2a: Sinistcha|0 fnt
|-damage|p2b: Incineroar|58/100
|faint|p2a: Sinistcha
|move|p2b: Incineroar|Parting Shot|p1a: Sneasler
|-unboost|p1a: Sneasler|atk|1
|-unboost|p1a: Sneasler|spa|1
|
|t:|1785351051
|switch|p2b: Floette|Floette-Mega, L50, F|100/100|[from] Parting Shot
|-ability|p2b: Floette|Fairy Aura
|
|-weather|SunnyDay|[upkeep]
|upkeep
|
|t:|1785351053
|switch|p2a: Incineroar|Incineroar, L50, F|58/100
|-ability|p2a: Incineroar|Intimidate|boost
|-unboost|p1a: Sneasler|atk|1
|-unboost|p1b: Charizard|atk|1
|turn|7
|
|t:|1785351087
|switch|p1a: Basculegion|Basculegion-F, L50, F|38/100
|move|p1b: Charizard|Protect|p1b: Charizard
|-singleturn|p1b: Charizard|Protect
|move|p2b: Floette|Dazzling Gleam|p1a: Basculegion|[spread] p1a
|-activate|p1b: Charizard|move: Protect
|-damage|p1a: Basculegion|0 fnt
|faint|p1a: Basculegion
|move|p2a: Incineroar|Throat Chop|p1b: Charizard
|-activate|p1b: Charizard|move: Protect
|
|-weather|none
|upkeep
|
|t:|1785351098
|switch|p1a: Sneasler|Sneasler, L50, F|100/100
|turn|8
|
|t:|1785351108
|move|p1a: Sneasler|Dire Claw|p2b: Floette
|-supereffective|p2b: Floette|1
|-damage|p2b: Floette|1/100
|move|p1b: Charizard|Heat Wave|p2b: Floette|[spread] p2a
|-miss|p1b: Charizard|p2b: Floette
|-resisted|p2a: Incineroar|1
|-damage|p2a: Incineroar|42/100
|-enditem|p2a: Incineroar|Sitrus Berry|[eat]
|-heal|p2a: Incineroar|66/100|[from] item: Sitrus Berry
|move|p2b: Floette|Draining Kiss|p1a: Sneasler
|-damage|p1a: Sneasler|46/100
|-heal|p2b: Floette|35/100|[from] drain|[of] p1a: Sneasler
|move|p2a: Incineroar|Flare Blitz|p1a: Sneasler
|-damage|p1a: Sneasler|0 fnt
|faint|p1a: Sneasler
|-damage|p2a: Incineroar|54/100|[from] Recoil
|
|upkeep
|turn|9
|c|☆cj8121|wow
|c|☆cj8121|so lucky man
|
|t:|1785351130
|move|p2b: Floette|Protect|p2b: Floette
|-singleturn|p2b: Floette|Protect
|move|p1b: Charizard|Heat Wave|p2b: Floette|[spread] p2a
|-activate|p2b: Floette|move: Protect
|-resisted|p2a: Incineroar|1
|-damage|p2a: Incineroar|35/100
|move|p2a: Incineroar|Parting Shot|p1b: Charizard
|-unboost|p1b: Charizard|atk|1
|-unboost|p1b: Charizard|spa|1
|
|upkeep
|turn|10
|
|t:|1785351140
|move|p1b: Charizard|Heat Wave|p2b: Floette|[spread] p2a,p2b
|-resisted|p2a: Incineroar|1
|-damage|p2a: Incineroar|24/100
|-damage|p2b: Floette|12/100
|move|p2b: Floette|Draining Kiss|p1b: Charizard
|-resisted|p1b: Charizard|1
|-damage|p1b: Charizard|47/100
|-heal|p2b: Floette|25/100|[from] drain|[of] p1b: Charizard
|move|p2a: Incineroar|Throat Chop|p1b: Charizard
|-damage|p1b: Charizard|1/100
|-start|p1b: Charizard|Throat Chop|[silent]
|
|upkeep
|turn|11
|
|t:|1785351160
|move|p1b: Charizard|Air Slash|p2a: Incineroar
|-damage|p2a: Incineroar|0 fnt
|faint|p2a: Incineroar
|move|p2b: Floette|Draining Kiss|p1b: Charizard
|-resisted|p1b: Charizard|1
|-damage|p1b: Charizard|0 fnt
|-heal|p2b: Floette|26/100|[from] drain|[of] p1b: Charizard
|faint|p1b: Charizard
|
|win|breloomb01
|raw|cj8121's rating: 1104 → 1083(-21 for losing)
|raw|breloomb01's rating: 1158 → 1179(+21 for winning)
|c|☆cj8121|you're trash btw
|c|☆breloomb01|Bro just take your loss
|c|☆breloomb01|Ggs
|l|☆cj8121
|player|p1|
