|j|☆sigueinventando
|j|☆dropddead
|html|sigueinventandodropddead    
|uhtml|bestof|Game 1 of a best-of-3
|t:|1785691726
|gametype|doubles
|player|p1|sigueinventando|170|1184
|player|p2|dropddead|crasherwake|1153
|gen|9
|tier|[Gen 9 Champions] VGC 2026 Reg M-B (Bo3)
|rated|
|rule|Species Clause: Limit one of each Pokémon
|rule|Item Clause: Limit 1 of each item
|clearpoke
|poke|p1|Tyranitar, L50, F|
|poke|p1|Metagross, L50|
|poke|p1|Staraptor, L50, M|
|poke|p1|Excadrill, L50, M|
|poke|p1|Sinistcha, L50|
|poke|p1|Milotic, L50, M|
|poke|p2|Staraptor, L50, F|
|poke|p2|Vanilluxe, L50, F|
|poke|p2|Farigiraf, L50, F|
|poke|p2|Blastoise, L50, F|
|poke|p2|Kingambit, L50, M|
|poke|p2|Camerupt, L50, F|
|teampreview|4
|showteam|p1|Tyranitar||LifeOrb|SandStream|RockSlide,KnockOff,IcePunch,Protect|Brave||F|||50|]Metagross||Metagrossite|ClearBody|BulletPunch,PsychicFangs,BodyPress,Protect|Jolly|||||50|]Staraptor||Staraptite|Intimidate|BraveBird,CloseCombat,Tailwind,Protect|Jolly||M|||50|]Excadrill||FocusSash|SandRush|RockSlide,HighHorsepower,IronHead,Protect|Adamant||M|||50|]Sinistcha||ColburBerry|Hospitality|MatchaGotcha,RagePowder,TrickRoom,Protect|Bold|||||50|]Milotic||SitrusBerry|Competitive|Scald,LifeDew,IcyWind,Protect|Calm||M|||50|
|showteam|p2|Staraptor||ChoiceScarf|Intimidate|FinalGambit,BraveBird,CloseCombat,Uturn|Jolly||F|||50|]Vanilluxe||NeverMeltIce|SnowWarning|Blizzard,FreezeDry,Protect,IceShard|Quiet||F|||50|]Farigiraf||SitrusBerry|ArmorTail|PsychicFangs,HyperVoice,HelpingHand,TrickRoom|Relaxed||F|||50|]Blastoise||Blastoisinite|RainDish|FakeOut,WaterSpout,AuraSphere,DarkPulse|Quiet||F|||50|]Kingambit||LifeOrb|Defiant|KowtowCleave,IronHead,Protect,SuckerPunch|Brave||M|||50|]Camerupt||Cameruptite|SolidRock|HeatWave,EarthPower,Protect,AncientPower|Quiet||F|||50|
|inactive|Battle timer is ON: inactive players will automatically lose when time's up. (requested by dropddead)
|inactive|sigueinventando has 60 seconds left.
|inactive|dropddead has 60 seconds left.
|
|t:|1785691780
|teamsize|p1|4
|teamsize|p2|4
|start
|switch|p1a: Milotic|Milotic, L50, M|100/100
|switch|p1b: Sinistcha|Sinistcha, L50|100/100
|switch|p2a: Farigiraf|Farigiraf, L50, F|100/100
|switch|p2b: Staraptor|Staraptor, L50, F|100/100
|-ability|p2b: Staraptor|Intimidate|boost
|-unboost|p1a: Milotic|atk|1
|-ability|p1a: Milotic|Competitive|boost
|-boost|p1a: Milotic|spa|2
|-unboost|p1b: Sinistcha|atk|1
|turn|1
|inactive|sigueinventando has 30 seconds left.
|inactive|sigueinventando has 20 seconds left.
|
|t:|1785691819
|move|p2b: Staraptor|Brave Bird|p1b: Sinistcha
|-supereffective|p1b: Sinistcha|1
|-damage|p1b: Sinistcha|19/100
|-damage|p2b: Staraptor|75/100|[from] Recoil
|move|p1a: Milotic|Scald|p2a: Farigiraf
|-damage|p2a: Farigiraf|50/100g
|-status|p2a: Farigiraf|brn
|move|p1b: Sinistcha|Trick Room|p1b: Sinistcha
|-fieldstart|move: Trick Room|[of] p1b: Sinistcha
|move|p2a: Farigiraf|Trick Room|p2a: Farigiraf
|-fieldend|move: Trick Room
|
|-damage|p2a: Farigiraf|44/100 brn|[from] brn
|upkeep
|-enditem|p2a: Farigiraf|Sitrus Berry|[eat]
|-heal|p2a: Farigiraf|69/100 brn|[from] item: Sitrus Berry
|turn|2
|inactive|sigueinventando has 30 seconds left.
|inactive|dropddead has 30 seconds left.
|
|t:|1785691857
|switch|p1b: Tyranitar|Tyranitar, L50, F|100/100
|-weather|Sandstorm|[from] ability: Sand Stream|[of] p1b: Tyranitar
|move|p2b: Staraptor|Brave Bird|p1a: Milotic
|-damage|p1a: Milotic|54/100
|-damage|p2b: Staraptor|59/100|[from] Recoil
|move|p1a: Milotic|Scald|p2a: Farigiraf
|-damage|p2a: Farigiraf|22/100 brn
|move|p2a: Farigiraf|Hyper Voice|p1b: Tyranitar|[spread] p1a,p1b
|-resisted|p1b: Tyranitar|1
|-damage|p1a: Milotic|37/100
|-damage|p1b: Tyranitar|92/100
|-enditem|p1a: Milotic|Sitrus Berry|[eat]
|-heal|p1a: Milotic|61/100|[from] item: Sitrus Berry
|
|-weather|Sandstorm|[upkeep]
|-damage|p2b: Staraptor|53/100|[from] Sandstorm
|-damage|p1a: Milotic|55/100|[from] Sandstorm
|-damage|p2a: Farigiraf|16/100 brn|[from] Sandstorm
|-damage|p2a: Farigiraf|9/100 brn|[from] brn
|upkeep
|turn|3
|
|t:|1785691882
|move|p2a: Farigiraf|Helping Hand|p2b: Staraptor
|-singleturn|p2b: Staraptor|Helping Hand|[of] p2a: Farigiraf
|move|p2b: Staraptor|Brave Bird|p1a: Milotic
|-damage|p1a: Milotic|0 fnt
|faint|p1a: Milotic
|-damage|p2b: Staraptor|33/100|[from] Recoil
|move|p1b: Tyranitar|Knock Off|p2a: Farigiraf
|-supereffective|p2a: Farigiraf|1
|-damage|p2a: Farigiraf|0 fnt
|faint|p2a: Farigiraf
|-damage|p1b: Tyranitar|83/100|[from] item: Life Orb
|
|-weather|Sandstorm|[upkeep]
|-damage|p2b: Staraptor|27/100|[from] Sandstorm
|upkeep
|
|t:|1785691897
|switch|p1a: Metagross|Metagross, L50|100/100
|switch|p2a: Blastoise|Blastoise, L50, F|100/100
|turn|4
|inactive|sigueinventando has 30 seconds left.
|inactive|dropddead has 30 seconds left.
|
|t:|1785691927
|switch|p2b: Vanilluxe|Vanilluxe, L50, F|100/100
|-weather|Snowscape|[from] ability: Snow Warning|[of] p2b: Vanilluxe
|detailschange|p1a: Metagross|Metagross-Mega, L50
|-mega|p1a: Metagross|Metagross|Metagrossite
|detailschange|p2a: Blastoise|Blastoise-Mega, L50, F
|-mega|p2a: Blastoise|Blastoise|Blastoisinite
|move|p1a: Metagross|Psychic Fangs|p2a: Blastoise
|-damage|p2a: Blastoise|51/100
|move|p2a: Blastoise|Aura Sphere|p1b: Tyranitar
|-supereffective|p1b: Tyranitar|2
|-crit|p1b: Tyranitar
|-damage|p1b: Tyranitar|0 fnt
|faint|p1b: Tyranitar
|
|-weather|Snowscape|[upkeep]
|upkeep
|
|t:|1785691941
|switch|p1b: Sinistcha|Sinistcha, L50|19/100
|turn|5
|
|t:|1785691957
|switch|p2a: Staraptor|Staraptor, L50, F|27/100
|-ability|p2a: Staraptor|Intimidate|boost
|-unboost|p1a: Metagross|atk|1
|-unboost|p1b: Sinistcha|atk|1
|move|p1a: Metagross|Bullet Punch|p2b: Vanilluxe
|-supereffective|p2b: Vanilluxe|1
|-damage|p2b: Vanilluxe|69/100
|move|p2b: Vanilluxe|Ice Shard|p1b: Sinistcha
|-supereffective|p1b: Sinistcha|1
|-damage|p1b: Sinistcha|0 fnt
|faint|p1b: Sinistcha
|
|-weather|Snowscape|[upkeep]
|upkeep
|turn|6
|inactive|sigueinventando has 30 seconds left.
|inactive|dropddead has 30 seconds left.
|
|t:|1785691988
|move|p2a: Staraptor|Final Gambit|p1a: Metagross
|-damage|p1a: Metagross|68/100
|faint|p2a: Staraptor
|move|p1a: Metagross|Body Press|p2b: Vanilluxe
|-supereffective|p2b: Vanilluxe|1
|-damage|p2b: Vanilluxe|17/100
|move|p2b: Vanilluxe|Blizzard|p1a: Metagross
|-resisted|p1a: Metagross|1
|-damage|p1a: Metagross|38/100
|
|-weather|Snowscape|[upkeep]
|upkeep
|
|t:|1785691996
|switch|p2a: Blastoise|Blastoise-Mega, L50, F|51/100
|turn|7
|
|t:|1785692005
|move|p1a: Metagross|Protect|p1a: Metagross
|-singleturn|p1a: Metagross|Protect
|move|p2a: Blastoise|Fake Out|p1a: Metagross
|-activate|p1a: Metagross|move: Protect
|move|p2b: Vanilluxe|Blizzard|p1a: Metagross
|-activate|p1a: Metagross|move: Protect
|
|-weather|Snowscape|[upkeep]
|upkeep
|turn|8
|
|t:|1785692019
|move|p1a: Metagross|Psychic Fangs|p2a: Blastoise
|-damage|p2a: Blastoise|16/100
|move|p2b: Vanilluxe|Blizzard|p1a: Metagross
|-resisted|p1a: Metagross|1
|-damage|p1a: Metagross|5/100
|move|p2a: Blastoise|Dark Pulse|p1a: Metagross
|-supereffective|p1a: Metagross|1
|-crit|p1a: Metagross
|-damage|p1a: Metagross|0 fnt
|faint|p1a: Metagross
|
|win|dropddead
|l|☆sigueinventando
|player|p1|
