|j|☆Xto80
|j|☆robotarmadillo
|html|Xto80robotarmadillo    
|uhtml|bestof|Game 2 of a best-of-3
|t:|1783089150
|gametype|doubles
|player|p1|Xto80|lucas|
|player|p2|robotarmadillo|blackbelt-gen4dp|
|gen|9
|tier|[Gen 9 Champions] VGC 2026 Reg M-B (Bo3)
|rule|Species Clause: Limit one of each Pokémon
|rule|Item Clause: Limit 1 of each item
|clearpoke
|poke|p1|Sableye, L50, M|
|poke|p1|Gengar, L50, M|
|poke|p1|Ninetales-Alola, L50, F|
|poke|p1|Tauros-Paldea-Aqua, L50, M|
|poke|p1|Samurott-Hisui, L50, M|
|poke|p1|Rhyperior, L50, F|
|poke|p2|Farigiraf, L50, M|
|poke|p2|Gardevoir, L50, F|
|poke|p2|Diggersby, L50, M|
|poke|p2|Incineroar, L50, M|
|poke|p2|Sneasler, L50, F|
|poke|p2|Samurott, L50, F|
|teampreview|4
|showteam|p1|Sableye||RoseliBerry|Prankster|FakeOut,Quash,WillOWisp,FoulPlay|Careful||M|||50|]Gengar||Gengarite|CursedBody|Taunt,Protect,ShadowBall,SludgeBomb|Timid||M|||50|]Ninetales-Alola||LightClay|SnowWarning|AuroraVeil,Safeguard,Blizzard,Moonblast|Timid||F|||50|]Tauros-Paldea-Aqua||SitrusBerry|Intimidate|WaveCrash,CloseCombat,RagingBull,RockTomb|Jolly||M|||50|]Samurott-Hisui||FocusSash|Sharpness|CeaselessEdge,RazorShell,AquaJet,SacredSword|Jolly||M|||50|]Rhyperior||HardStone|SolidRock|HighHorsepower,RockSlide,IcePunch,Protect|Adamant||F|||50|
|showteam|p2|Farigiraf||Leftovers|ArmorTail|TrickRoom,PsychicNoise,DazzlingGleam,Protect|Sassy||M|||50|]Gardevoir||Gardevoirite|Trace|HyperVoice,MysticalFire,Psyshock,Protect|Timid||F|||50|]Diggersby||LifeOrb|HugePower|HighHorsepower,IronHead,Facade,Protect|Jolly||M|||50|]Incineroar||SitrusBerry|Intimidate|FakeOut,PartingShot,FlareBlitz,DarkestLariat|Adamant||M|||50|]Sneasler||FocusSash|Unburden|CloseCombat,DireClaw,Feint,Protect|Jolly||F|||50|]Samurott||MysticWater|Torrent|Liquidation,BrickBreak,AquaJet,Protect|Adamant||F|||50|
|
|t:|1783089240
|teamsize|p1|4
|teamsize|p2|4
|start
|switch|p1a: Ninetales|Ninetales-Alola, L50, F|100/100
|switch|p1b: Sableye|Sableye, L50, M|100/100
|switch|p2a: Samurott|Samurott, L50, F|100/100
|switch|p2b: Incineroar|Incineroar, L50, M|100/100
|-weather|Snowscape|[from] ability: Snow Warning|[of] p1a: Ninetales
|-ability|p2b: Incineroar|Intimidate|boost
|-unboost|p1a: Ninetales|atk|1
|-unboost|p1b: Sableye|atk|1
|turn|1
|
|t:|1783089352
|move|p2b: Incineroar|Fake Out|p1a: Ninetales
|-damage|p1a: Ninetales|85/100
|move|p1b: Sableye|Will-O-Wisp|p2a: Samurott|[miss]
|-miss|p1b: Sableye|p2a: Samurott
|cant|p1a: Ninetales|flinch
|move|p2a: Samurott|Liquidation|p1a: Ninetales
|-damage|p1a: Ninetales|38/100
|
|-weather|Snowscape|[upkeep]
|upkeep
|turn|2
|
|t:|1783089437
|move|p1b: Sableye|Will-O-Wisp|p2a: Samurott
|-status|p2a: Samurott|brn
|move|p1a: Ninetales|Aurora Veil|p1a: Ninetales
|-sidestart|p1: Xto80|move: Aurora Veil
|move|p2a: Samurott|Liquidation|p1b: Sableye
|-damage|p1b: Sableye|76/100
|move|p2b: Incineroar|Flare Blitz|p1a: Ninetales
|-supereffective|p1a: Ninetales|1
|-damage|p1a: Ninetales|0 fnt
|faint|p1a: Ninetales
|-damage|p2b: Incineroar|90/100|[from] Recoil
|
|-weather|Snowscape|[upkeep]
|-damage|p2a: Samurott|94/100 brn|[from] brn
|upkeep
|
|t:|1783089499
|switch|p1a: Tauros|Tauros-Paldea-Aqua, L50, M|100/100
|-ability|p1a: Tauros|Intimidate|boost
|-unboost|p2a: Samurott|atk|1
|-unboost|p2b: Incineroar|atk|1
|turn|3
|
|t:|1783089625
|move|p1b: Sableye|Quash|p2a: Samurott
|-activate|p2a: Samurott|move: Quash
|move|p1a: Tauros|Close Combat|p2b: Incineroar
|-supereffective|p2b: Incineroar|1
|-damage|p2b: Incineroar|0 fnt
|-unboost|p1a: Tauros|def|1
|-unboost|p1a: Tauros|spd|1
|faint|p2b: Incineroar
|move|p2a: Samurott|Brick Break|p1a: Tauros
|-sideend|p1: Xto80|move: Aurora Veil
|-damage|p1a: Tauros|86/100
|
|-weather|Snowscape|[upkeep]
|-damage|p2a: Samurott|88/100 brn|[from] brn
|upkeep
|
|t:|1783089714
|switch|p2b: Gardevoir|Gardevoir, L50, F|100/100
|-ability|p2b: Gardevoir|Intimidate|Trace|[from] ability: Trace|[of] p1a: Tauros
|-ability|p2b: Gardevoir|Intimidate|boost
|-unboost|p1a: Tauros|atk|1
|-unboost|p1b: Sableye|atk|1
|turn|4
|
|t:|1783089821
|detailschange|p2b: Gardevoir|Gardevoir-Mega, L50, F
|-mega|p2b: Gardevoir|Gardevoir|Gardevoirite
|move|p1b: Sableye|Will-O-Wisp|p2b: Gardevoir
|-status|p2b: Gardevoir|brn
|move|p2b: Gardevoir|Hyper Voice|p1a: Tauros|[spread] p1a,p1b
|-supereffective|p1a: Tauros|1
|-supereffective|p1b: Sableye|1
|-enditem|p1b: Sableye|Roseli Berry|[eat]
|-enditem|p1b: Sableye|Roseli Berry|[weaken]
|-damage|p1a: Tauros|0 fnt
|-damage|p1b: Sableye|26/100
|faint|p1a: Tauros
|move|p2a: Samurott|Liquidation|p1b: Sableye
|-damage|p1b: Sableye|3/100
|
|-weather|Snowscape|[upkeep]
|-damage|p2b: Gardevoir|93/100 brn|[from] brn
|-damage|p2a: Samurott|82/100 brn|[from] brn
|upkeep
|
|t:|1783089837
|switch|p1a: Gengar|Gengar, L50, M|100/100
|turn|5
|
|t:|1783089951
|detailschange|p1a: Gengar|Gengar-Mega, L50, M
|-mega|p1a: Gengar|Gengar|Gengarite
|move|p2b: Gardevoir|Protect|p2b: Gardevoir
|-singleturn|p2b: Gardevoir|Protect
|move|p2a: Samurott|Aqua Jet|p1b: Sableye
|-damage|p1b: Sableye|0 fnt
|faint|p1b: Sableye
|move|p1a: Gengar|Shadow Ball|p2b: Gardevoir
|-activate|p2b: Gardevoir|move: Protect
|
|-weather|none
|-damage|p2b: Gardevoir|87/100 brn|[from] brn
|-damage|p2a: Samurott|76/100 brn|[from] brn
|upkeep
|turn|6
|
|t:|1783090063
|move|p1a: Gengar|Shadow Ball|p2b: Gardevoir
|-supereffective|p2b: Gardevoir|1
|-damage|p2b: Gardevoir|0 fnt
|faint|p2b: Gardevoir
|move|p2a: Samurott|Liquidation|p1a: Gengar
|-damage|p1a: Gengar|72/100
|
|-damage|p2a: Samurott|70/100 brn|[from] brn
|upkeep
|
|t:|1783090072
|switch|p2b: Sneasler|Sneasler, L50, F|100/100
|turn|7
|
|t:|1783090145
|move|p2a: Samurott|Aqua Jet|p1a: Gengar
|-damage|p1a: Gengar|62/100
|move|p1a: Gengar|Shadow Ball|p2b: Sneasler
|-damage|p2b: Sneasler|29/100
|-unboost|p2b: Sneasler|spd|1
|move|p2b: Sneasler|Dire Claw|p1a: Gengar
|-resisted|p1a: Gengar|2
|-damage|p1a: Gengar|46/100
|
|-damage|p2a: Samurott|64/100 brn|[from] brn
|upkeep
|turn|8
|
|t:|1783090216
|move|p2a: Samurott|Aqua Jet|p1a: Gengar
|-damage|p1a: Gengar|35/100
|move|p1a: Gengar|Sludge Bomb|p2b: Sneasler
|-resisted|p2b: Sneasler|1
|-damage|p2b: Sneasler|0 fnt
|faint|p2b: Sneasler
|
|-damage|p2a: Samurott|58/100 brn|[from] brn
|upkeep
|turn|9
|
|t:|1783090296
|move|p1a: Gengar|Sludge Bomb|p2a: Samurott
|-damage|p2a: Samurott|0 fnt
|faint|p2a: Samurott
|
|win|Xto80
