|j|☆jay142
|j|☆CappyTJ5
|html|jay142CappyTJ5    
|uhtml|bestof|Game 1 of a best-of-3
|t:|1757032791
|gametype|doubles
|player|p1|jay142|102|1000
|player|p2|CappyTJ5|170|1017
|gen|9
|tier|[Gen 9] VGC 2025 Reg H (Bo3)
|rated|
|rule|Species Clause: Limit one of each Pokémon
|rule|Item Clause: Limit 1 of each item
|clearpoke
|poke|p1|Kingambit, L50, F|
|poke|p1|Rillaboom, L50, F|
|poke|p1|Electabuzz, L50, M|
|poke|p1|Volcarona, L50, M|
|poke|p1|Sneasler, L50, M|
|poke|p1|Dragonite, L50, M|
|poke|p2|Sneasler, L50, F|
|poke|p2|Incineroar, L50, M|
|poke|p2|Dragonite, L50, M|
|poke|p2|Gholdengo, L50|
|poke|p2|Amoonguss, L50, M|
|poke|p2|Ursaluna-Bloodmoon, L50, M|
|teampreview|4
|showteam|p1|Kingambit||BlackGlasses|Defiant|Protect,KowtowCleave,SuckerPunch,SwordsDance|||F|||50|,,,,,Dark]Rillaboom||AssaultVest|GrassySurge|WoodHammer,GrassyGlide,HighHorsepower,FakeOut|||F|||50|,,,,,Fire]Electabuzz||Eviolite|VitalSpirit|Protect,Thunderbolt,HelpingHand,FollowMe|||M|||50|,,,,,Ghost]Volcarona||CovertCloak|FlameBody|Protect,HeatWave,TeraBlast,QuiverDance|||M|||50|,,,,,Fairy]Sneasler||FocusSash|Unburden|CloseCombat,DireClaw,Coaching,FakeOut|||M|||50|,,,,,Stellar]Dragonite||LoadedDice|Multiscale|ScaleShot,Haze,ExtremeSpeed,Protect|||M|||50|,,,,,Fairy
|showteam|p2|Sneasler||FocusSash|Unburden|Protect,DireClaw,CloseCombat,ThroatChop|||F|||50|,,,,,Stellar]Incineroar||SafetyGoggles|Intimidate|KnockOff,FlareBlitz,PartingShot,FakeOut|||M|||50|,,,,,Ghost]Dragonite||LoadedDice|Multiscale|Protect,ScaleShot,Tailwind,Haze|||M|||50|,,,,,Fairy]Gholdengo||LifeOrb|GoodasGold|Protect,MakeItRain,ShadowBall,NastyPlot||||||50|,,,,,Water]Amoonguss||SitrusBerry|Regenerator|Protect,Spore,PollenPuff,RagePowder|||M|||50|,,,,,Water]Ursaluna-Bloodmoon||AssaultVest|MindsEye|HyperVoice,BloodMoon,EarthPower,VacuumWave|||M|||50|,,,,,Water
|inactive|Battle timer is ON: inactive players will automatically lose when time's up. (requested by CappyTJ5)
|inactive|CappyTJ5 has 60 seconds left.
|inactive|CappyTJ5 has 30 seconds left.
|inactive|CappyTJ5 has 20 seconds left.
|inactive|CappyTJ5 has 15 seconds left.
|
|t:|1757032868
|teamsize|p1|4
|teamsize|p2|4
|start
|switch|p1a: Joao|Rillaboom, L50, F|100/100
|switch|p1b: Djed|Volcarona, L50, M|100/100
|switch|p2a: Sneasler|Sneasler, L50, F|100/100
|switch|p2b: Amoonguss|Amoonguss, L50, M|100/100
|-fieldstart|move: Grassy Terrain|[from] ability: Grassy Surge|[of] p1a: Joao
|turn|1
|inactive|CappyTJ5 has 30 seconds left.
|inactive|CappyTJ5 has 20 seconds left.
|inactive|CappyTJ5 has 15 seconds left.
|
|t:|1757032910
|move|p2a: Sneasler|Protect|p2a: Sneasler
|-singleturn|p2a: Sneasler|Protect
|move|p1b: Djed|Protect|p1b: Djed
|-singleturn|p1b: Djed|Protect
|move|p1a: Joao|High Horsepower|p2a: Sneasler
|-activate|p2a: Sneasler|move: Protect
|move|p2b: Amoonguss|Spore|p1b: Djed
|-activate|p1b: Djed|move: Protect
|
|upkeep
|turn|2
|inactive|jay142 has 30 seconds left.
|inactive|jay142 has 20 seconds left.
|inactive|CappyTJ5 has 30 seconds left.
|inactive|CappyTJ5 has 20 seconds left.
|inactive|CappyTJ5 has 15 seconds left.
|
|t:|1757032961
|switch|p1b: Bergvall|Electabuzz, L50, M|100/100
|move|p2b: Amoonguss|Rage Powder|p2b: Amoonguss
|-singleturn|p2b: Amoonguss|move: Rage Powder
|move|p2a: Sneasler|Dire Claw|p1a: Joao
|-supereffective|p1a: Joao
|-damage|p1a: Joao|28/100
|-status|p1a: Joao|par
|move|p1a: Joao|High Horsepower|p2a: Sneasler|[miss]
|-miss|p1a: Joao|p2a: Sneasler
|
|-heal|p1a: Joao|34/100 par|[from] Grassy Terrain
|upkeep
|turn|3
|inactive|CappyTJ5 has 30 seconds left.
|inactive|CappyTJ5 has 20 seconds left.
|inactive|CappyTJ5 has 15 seconds left.
|inactive|CappyTJ5 has 10 seconds left.
|
|t:|1757033007
|switch|p2b: Incineroar|Incineroar, L50, M|100/100
|-ability|p2b: Incineroar|Intimidate|boost
|-unboost|p1a: Joao|atk|1
|-unboost|p1b: Bergvall|atk|1
|move|p1b: Bergvall|Protect|p1b: Bergvall
|-singleturn|p1b: Bergvall|Protect
|move|p2a: Sneasler|Dire Claw|p1a: Joao
|-supereffective|p1a: Joao
|-damage|p1a: Joao|0 fnt
|faint|p1a: Joao
|
|upkeep
|
|t:|1757033022
|switch|p1a: Cuti|Kingambit, L50, F|100/100
|turn|4
|
|t:|1757033046
|-terastallize|p1b: Bergvall|Ghost
|move|p1a: Cuti|Protect|p1a: Cuti
|-singleturn|p1a: Cuti|Protect
|move|p2b: Incineroar|Fake Out|p1a: Cuti
|-activate|p1a: Cuti|move: Protect
|move|p2a: Sneasler|Dire Claw|p1b: Bergvall
|-resisted|p1b: Bergvall
|-damage|p1b: Bergvall|86/100
|move|p1b: Bergvall|Thunderbolt|p2a: Sneasler
|-damage|p2a: Sneasler|57/100
|
|-heal|p2a: Sneasler|63/100|[from] Grassy Terrain
|-heal|p1b: Bergvall|92/100|[from] Grassy Terrain
|upkeep
|turn|5
|
|t:|1757033069
|move|p1a: Cuti|Sucker Punch|p2a: Sneasler
|-resisted|p2a: Sneasler
|-damage|p2a: Sneasler|19/100
|move|p2a: Sneasler|Close Combat|p1a: Cuti
|-supereffective|p1a: Cuti
|-damage|p1a: Cuti|0 fnt
|-unboost|p2a: Sneasler|def|1
|-unboost|p2a: Sneasler|spd|1
|faint|p1a: Cuti
|move|p1b: Bergvall|Thunderbolt|p2a: Sneasler
|-damage|p2a: Sneasler|0 fnt
|faint|p2a: Sneasler
|move|p2b: Incineroar|Knock Off|p1b: Bergvall
|-supereffective|p1b: Bergvall
|-damage|p1b: Bergvall|30/100
|-enditem|p1b: Bergvall|Eviolite|[from] move: Knock Off|[of] p2b: Incineroar
|
|-heal|p1b: Bergvall|36/100|[from] Grassy Terrain
|-fieldend|move: Grassy Terrain
|upkeep
|
|t:|1757033083
|switch|p2a: Ursaluna|Ursaluna-Bloodmoon, L50, M|100/100
|switch|p1a: Djed|Volcarona, L50, M|100/100
|turn|6
|inactive|CappyTJ5 has 30 seconds left.
|
|t:|1757033117
|move|p1b: Bergvall|Follow Me|p1b: Bergvall
|-singleturn|p1b: Bergvall|move: Follow Me
|move|p1a: Djed|Quiver Dance|p1a: Djed
|-boost|p1a: Djed|spa|1
|-boost|p1a: Djed|spd|1
|-boost|p1a: Djed|spe|1
|move|p2a: Ursaluna|Hyper Voice|p1b: Bergvall|[spread] p1a,p1b
|-damage|p1a: Djed|79/100
|-damage|p1b: Bergvall|0 fnt
|faint|p1b: Bergvall
|move|p2b: Incineroar|Knock Off|p1a: Djed
|-damage|p1a: Djed|36/100
|-enditem|p1a: Djed|Covert Cloak|[from] move: Knock Off|[of] p2b: Incineroar
|
|upkeep
|turn|7
|inactive|CappyTJ5 has 30 seconds left.
|
|t:|1757033144
|switch|p2b: Amoonguss|Amoonguss, L50, M|100/100
|-terastallize|p2a: Ursaluna|Water
|move|p1a: Djed|Heat Wave|p2b: Amoonguss|[spread] p2a,p2b
|-resisted|p2a: Ursaluna
|-supereffective|p2b: Amoonguss
|-damage|p2a: Ursaluna|81/100
|-damage|p2b: Amoonguss|1/100
|-enditem|p2b: Amoonguss|Sitrus Berry|[eat]
|-heal|p2b: Amoonguss|26/100|[from] item: Sitrus Berry
|move|p2a: Ursaluna|Blood Moon|p1a: Djed
|-damage|p1a: Djed|0 fnt
|faint|p1a: Djed
|
|win|CappyTJ5
