|j|☆StosMac11
|j|☆R1ply
|html|StosMac11R1ply    
|uhtml|bestof|Game 3 of a best-of-3
|t:|1756929345
|gametype|doubles
|player|p1|StosMac11|265|
|player|p2|R1ply|acetrainer-gen4dp|
|gen|9
|tier|[Gen 9] VGC 2025 Reg H (Bo3)
|rule|Species Clause: Limit one of each Pokémon
|rule|Item Clause: Limit 1 of each item
|clearpoke
|poke|p1|Sinistcha, L50|
|poke|p1|Gholdengo, L50|
|poke|p1|Maushold, L50|
|poke|p1|Archaludon, L50, M|
|poke|p1|Armarouge, L50, F|
|poke|p1|Mimikyu, L50, M|
|poke|p2|Gholdengo, L50|
|poke|p2|Sneasler, L50, M|
|poke|p2|Rillaboom, L50, M|
|poke|p2|Dragonite, L50, F|
|poke|p2|Ninetales-Alola, L50, M|
|poke|p2|Arcanine-Hisui, L50, F|
|teampreview|4
|showteam|p1|Sinistcha||SitrusBerry|Hospitality|RagePowder,MatchaGotcha,TrickRoom,Imprison||||||50|,,,,,Normal]Gholdengo||FocusSash|GoodasGold|MakeItRain,Protect,NastyPlot,MetalSound||||||50|,,,,,Fairy]Maushold||WideLens|Technician|PopulationBomb,Protect,FollowMe,BeatUp||||||50|,,,,,Normal]Archaludon||Leftovers|Stamina|Protect,BodyPress,DragonPulse,Snarl|||M|||50|,,,,,Water]Armarouge||WeaknessPolicy|WeakArmor|HeatWave,Taunt,Endure,WideGuard|||F|||50|,,,,,Fire]Mimikyu||MentalHerb|Disguise|TrickRoom,MistyTerrain,ShadowSneak,PlayRough|||M|||50|,,,,,Fairy
|showteam|p2|Gholdengo||GrassySeed|GoodasGold|NastyPlot,MakeItRain,ShadowBall,Protect||||||50|,,,,,Water]Sneasler||WhiteHerb|Unburden|CloseCombat,DireClaw,Coaching,Protect|||M|||50|,,,,,Ghost]Rillaboom||AssaultVest|GrassySurge|FakeOut,GrassyGlide,DrumBeating,HighHorsepower|||M|||50|,,,,,Fire]Dragonite||LoadedDice|Multiscale|ScaleShot,StompingTantrum,Tailwind,Protect|||F|||50|,,,,,Ground]Ninetales-Alola||FocusSash|SnowWarning|Blizzard,IcyWind,Encore,AuroraVeil|||M|||50|,,,,,Ghost]Arcanine-Hisui||ClearAmulet|Intimidate|RockSlide,FlareBlitz,ExtremeSpeed,Protect|||F|||50|,,,,,Water
|inactive|Battle timer is ON: inactive players will automatically lose when time's up. (requested by R1ply)
|inactive|StosMac11 has 60 seconds left.
|
|t:|1756929382
|teamsize|p1|4
|teamsize|p2|4
|start
|switch|p1a: Maushold|Maushold, L50|100/100
|switch|p1b: Gholdengo|Gholdengo, L50|100/100
|switch|p2a: Dragonite|Dragonite, L50, F|100/100
|switch|p2b: Sneasler|Sneasler, L50, M|100/100
|turn|1
|
|t:|1756929406
|-terastallize|p2a: Dragonite|Ground
|move|p1a: Maushold|Protect|p1a: Maushold
|-singleturn|p1a: Maushold|Protect
|move|p2b: Sneasler|Close Combat|p1a: Maushold
|-activate|p1a: Maushold|move: Protect
|move|p1b: Gholdengo|Nasty Plot|p1b: Gholdengo
|-boost|p1b: Gholdengo|spa|2
|move|p2a: Dragonite|Stomping Tantrum|p1b: Gholdengo
|-supereffective|p1b: Gholdengo
|-damage|p1b: Gholdengo|14/100
|
|upkeep
|turn|2
|
|t:|1756929428
|move|p1b: Gholdengo|Protect|p1b: Gholdengo
|-singleturn|p1b: Gholdengo|Protect
|move|p1a: Maushold|Follow Me|p1a: Maushold
|-singleturn|p1a: Maushold|move: Follow Me
|move|p2b: Sneasler|Close Combat|p1a: Maushold
|-supereffective|p1a: Maushold
|-damage|p1a: Maushold|0 fnt
|-unboost|p2b: Sneasler|def|1
|-unboost|p2b: Sneasler|spd|1
|faint|p1a: Maushold
|-enditem|p2b: Sneasler|White Herb
|-clearnegativeboost|p2b: Sneasler|[silent]
|move|p2a: Dragonite|Stomping Tantrum|p1b: Gholdengo
|-activate|p1b: Gholdengo|move: Protect
|
|upkeep
|
|t:|1756929443
|switch|p1a: Sinistcha|Sinistcha, L50|100/100
|-heal|p1b: Gholdengo|39/100|[from] ability: Hospitality|[of] p1a: Sinistcha
|turn|3
|inactive|StosMac11 has 30 seconds left.
|
|t:|1756929470
|move|p1a: Sinistcha|Rage Powder|p1a: Sinistcha
|-singleturn|p1a: Sinistcha|move: Rage Powder
|move|p2b: Sneasler|Dire Claw|p1a: Sinistcha
|-damage|p1a: Sinistcha|59/100
|move|p1b: Gholdengo|Make It Rain|p2b: Sneasler|[spread] p2a,p2b
|-damage|p2a: Dragonite|58/100
|-damage|p2b: Sneasler|0 fnt
|-unboost|p1b: Gholdengo|spa|1
|faint|p2b: Sneasler
|move|p2a: Dragonite|Tailwind|p2a: Dragonite
|-sidestart|p2: R1ply|move: Tailwind
|
|upkeep
|
|t:|1756929485
|switch|p2b: Rillaboom|Rillaboom, L50, M|100/100
|-fieldstart|move: Grassy Terrain|[from] ability: Grassy Surge|[of] p2b: Rillaboom
|turn|4
|inactive|StosMac11 has 30 seconds left.
|
|t:|1756929514
|move|p1b: Gholdengo|Protect|p1b: Gholdengo
|-singleturn|p1b: Gholdengo|Protect
|move|p2a: Dragonite|Scale Shot|p1a: Sinistcha|[miss]
|-miss|p2a: Dragonite|p1a: Sinistcha
|move|p2b: Rillaboom|High Horsepower|p1b: Gholdengo
|-activate|p1b: Gholdengo|move: Protect
|move|p1a: Sinistcha|Trick Room|p1a: Sinistcha
|-fieldstart|move: Trick Room|[of] p1a: Sinistcha
|
|-heal|p1a: Sinistcha|66/100|[from] Grassy Terrain
|-heal|p1b: Gholdengo|45/100|[from] Grassy Terrain
|-heal|p2a: Dragonite|64/100|[from] Grassy Terrain
|upkeep
|turn|5
|inactive|R1ply has 30 seconds left.
|
|t:|1756929542
|move|p2a: Dragonite|Protect|p2a: Dragonite
|-singleturn|p2a: Dragonite|Protect
|move|p1a: Sinistcha|Rage Powder|p1a: Sinistcha
|-singleturn|p1a: Sinistcha|move: Rage Powder
|move|p1b: Gholdengo|Make It Rain|p2a: Dragonite|[spread] p2b
|-activate|p2a: Dragonite|move: Protect
|-damage|p2b: Rillaboom|48/100
|-unboost|p1b: Gholdengo|spa|1
|move|p2b: Rillaboom|High Horsepower|p1b: Gholdengo
|-supereffective|p1b: Gholdengo
|-crit|p1b: Gholdengo
|-damage|p1b: Gholdengo|0 fnt
|faint|p1b: Gholdengo
|
|-heal|p1a: Sinistcha|72/100|[from] Grassy Terrain
|-heal|p2b: Rillaboom|54/100|[from] Grassy Terrain
|-heal|p2a: Dragonite|70/100|[from] Grassy Terrain
|upkeep
|
|t:|1756929558
|switch|p1b: Archaludon|Archaludon, L50, M|100/100
|turn|6
|inactive|StosMac11 has 30 seconds left.
|inactive|R1ply has 30 seconds left.
|inactive|StosMac11 has 20 seconds left.
|inactive|R1ply has 20 seconds left.
|inactive|StosMac11 has 15 seconds left.
|
|t:|1756929601
|switch|p2a: Gholdengo|Gholdengo, L50|100/100
|-enditem|p2a: Gholdengo|Grassy Seed
|-boost|p2a: Gholdengo|def|1|[from] item: Grassy Seed
|move|p1b: Archaludon|Body Press|p2b: Rillaboom
|-damage|p2b: Rillaboom|30/100
|move|p1a: Sinistcha|Matcha Gotcha|p2b: Rillaboom|[spread] p2a,p2b
|-resisted|p2a: Gholdengo
|-resisted|p2b: Rillaboom
|-damage|p2a: Gholdengo|84/100
|-heal|p1a: Sinistcha|80/100|[from] drain|[of] p2a: Gholdengo
|-damage|p2b: Rillaboom|20/100
|-heal|p1a: Sinistcha|86/100|[from] drain|[of] p2b: Rillaboom
|move|p2b: Rillaboom|Drum Beating|p1a: Sinistcha
|-resisted|p1a: Sinistcha
|-damage|p1a: Sinistcha|59/100
|-unboost|p1a: Sinistcha|spe|1
|
|-heal|p1a: Sinistcha|65/100|[from] Grassy Terrain
|-heal|p2b: Rillaboom|27/100|[from] Grassy Terrain
|-heal|p2a: Gholdengo|90/100|[from] Grassy Terrain
|-sideend|p2: R1ply|move: Tailwind
|upkeep
|turn|7
|inactive|StosMac11 has 30 seconds left.
|inactive|R1ply has 30 seconds left.
|inactive|StosMac11 has 20 seconds left.
|inactive|R1ply has 20 seconds left.
|inactive|StosMac11 has 15 seconds left.
|inactive|R1ply has 15 seconds left.
|inactive|R1ply has 10 seconds left.
|inactive|R1ply has 5 seconds left.
|
|t:|1756929653
|move|p1a: Sinistcha|Matcha Gotcha|p2a: Gholdengo|[spread] p2a,p2b
|-resisted|p2a: Gholdengo
|-resisted|p2b: Rillaboom
|-damage|p2a: Gholdengo|74/100
|-heal|p1a: Sinistcha|73/100|[from] drain|[of] p2a: Gholdengo
|-damage|p2b: Rillaboom|16/100
|-heal|p1a: Sinistcha|79/100|[from] drain|[of] p2b: Rillaboom
|move|p1b: Archaludon|Snarl|p2a: Gholdengo|[spread] p2a,p2b
|-supereffective|p2a: Gholdengo
|-damage|p2a: Gholdengo|50/100
|-damage|p2b: Rillaboom|9/100
|-unboost|p2a: Gholdengo|spa|1
|-unboost|p2b: Rillaboom|spa|1
|move|p2b: Rillaboom|Drum Beating|p1a: Sinistcha
|-resisted|p1a: Sinistcha
|-damage|p1a: Sinistcha|53/100
|-unboost|p1a: Sinistcha|spe|1
|move|p2a: Gholdengo|Nasty Plot|p2a: Gholdengo
|-boost|p2a: Gholdengo|spa|2
|
|-heal|p1a: Sinistcha|59/100|[from] Grassy Terrain
|-heal|p2b: Rillaboom|15/100|[from] Grassy Terrain
|-heal|p2a: Gholdengo|57/100|[from] Grassy Terrain
|upkeep
|turn|8
|
|t:|1756929675
|move|p2a: Gholdengo|Protect|p2a: Gholdengo
|-singleturn|p2a: Gholdengo|Protect
|move|p2b: Rillaboom|Grassy Glide|p1a: Sinistcha
|-resisted|p1a: Sinistcha
|-damage|p1a: Sinistcha|43/100
|-enditem|p1a: Sinistcha|Sitrus Berry|[eat]
|-heal|p1a: Sinistcha|67/100|[from] item: Sitrus Berry
|move|p1a: Sinistcha|Matcha Gotcha|p2a: Gholdengo|[spread] p2b
|-activate|p2a: Gholdengo|move: Protect
|-resisted|p2b: Rillaboom
|-damage|p2b: Rillaboom|5/100
|-heal|p1a: Sinistcha|73/100|[from] drain|[of] p2b: Rillaboom
|-status|p2b: Rillaboom|brn
|move|p1b: Archaludon|Snarl|p2b: Rillaboom|[spread] p2b
|-activate|p2a: Gholdengo|move: Protect
|-damage|p2b: Rillaboom|0 fnt
|faint|p2b: Rillaboom
|
|-heal|p1a: Sinistcha|79/100|[from] Grassy Terrain
|-heal|p2a: Gholdengo|63/100|[from] Grassy Terrain
|-fieldend|move: Trick Room
|-fieldend|move: Grassy Terrain
|upkeep
|
|t:|1756929696
|switch|p2b: Dragonite|Dragonite, L50, F, tera:Ground|70/100
|turn|9
|inactive|StosMac11 has 30 seconds left.
|inactive|StosMac11 has 20 seconds left.
|inactive|StosMac11 has 15 seconds left.
|
|t:|1756929737
|move|p2b: Dragonite|Scale Shot|p1a: Sinistcha
|-damage|p1a: Sinistcha|65/100
|-damage|p1a: Sinistcha|53/100
|-damage|p1a: Sinistcha|39/100
|-damage|p1a: Sinistcha|25/100
|-hitcount|p1a: Sinistcha|4
|-unboost|p2b: Dragonite|def|1
|-boost|p2b: Dragonite|spe|1
|move|p2a: Gholdengo|Shadow Ball|p1a: Sinistcha
|-supereffective|p1a: Sinistcha
|-damage|p1a: Sinistcha|0 fnt
|faint|p1a: Sinistcha
|move|p1b: Archaludon|Snarl|p2a: Gholdengo|[spread] p2a,p2b
|-supereffective|p2a: Gholdengo
|-crit|p2b: Dragonite
|-damage|p2a: Gholdengo|40/100
|-damage|p2b: Dragonite|53/100
|-unboost|p2a: Gholdengo|spa|1
|-unboost|p2b: Dragonite|spa|1
|
|upkeep
|turn|10
|inactive|StosMac11 has 30 seconds left.
|inactive|R1ply has 30 seconds left.
|
|t:|1756929765
|-terastallize|p1b: Archaludon|Water
|move|p2b: Dragonite|Stomping Tantrum|p1b: Archaludon
|-crit|p1b: Archaludon
|-damage|p1b: Archaludon|56/100
|-ability|p1b: Archaludon|Stamina|boost
|-boost|p1b: Archaludon|def|1
|move|p2a: Gholdengo|Nasty Plot|p2a: Gholdengo
|-boost|p2a: Gholdengo|spa|2
|move|p1b: Archaludon|Snarl|p2b: Dragonite|[spread] p2a,p2b
|-supereffective|p2a: Gholdengo
|-damage|p2a: Gholdengo|15/100
|-damage|p2b: Dragonite|41/100
|-unboost|p2a: Gholdengo|spa|1
|-unboost|p2b: Dragonite|spa|1
|
|-heal|p1b: Archaludon|62/100|[from] item: Leftovers
|upkeep
|turn|11
|inactive|R1ply has 30 seconds left.
|inactive|StosMac11 has 30 seconds left.
|
|t:|1756929806
|move|p2b: Dragonite|Scale Shot|p1b: Archaludon
|-damage|p1b: Archaludon|54/100
|-ability|p1b: Archaludon|Stamina|boost
|-boost|p1b: Archaludon|def|1
|-damage|p1b: Archaludon|50/100
|-ability|p1b: Archaludon|Stamina|boost
|-boost|p1b: Archaludon|def|1
|-damage|p1b: Archaludon|45/100
|-ability|p1b: Archaludon|Stamina|boost
|-boost|p1b: Archaludon|def|1
|-damage|p1b: Archaludon|42/100
|-ability|p1b: Archaludon|Stamina|boost
|-boost|p1b: Archaludon|def|1
|-hitcount|p1b: Archaludon|4
|-unboost|p2b: Dragonite|def|1
|-boost|p2b: Dragonite|spe|1
|move|p2a: Gholdengo|Shadow Ball|p1b: Archaludon
|-damage|p1b: Archaludon|0 fnt
|faint|p1b: Archaludon
|
|win|R1ply
|c|☆R1ply|gg
|l|☆StosMac11
|player|p1|
