|j|☆Gilbywilby
|j|☆I am the Sweeper
|html|GilbywilbyI am the Sweeper    
|uhtml|bestof|Game 1 of a best-of-3
|t:|1756671899
|gametype|doubles
|player|p1|Gilbywilby|169|1000
|player|p2|I am the Sweeper|janitor|1069
|gen|9
|tier|[Gen 9] VGC 2025 Reg H (Bo3)
|rated|
|rule|Species Clause: Limit one of each Pokémon
|rule|Item Clause: Limit 1 of each item
|clearpoke
|poke|p1|Incineroar, L50, M|
|poke|p1|Dragonite, L50, F|
|poke|p1|Gholdengo, L50|
|poke|p1|Ursaluna-Bloodmoon, L50, M|
|poke|p1|Annihilape, L50, F|
|poke|p1|Sneasler, L50, M|
|poke|p2|Garganacl, L50, M|
|poke|p2|Dondozo, L50, M|
|poke|p2|Sneasler, L50, M|
|poke|p2|Gholdengo, L50|
|poke|p2|Ninetales-Alola, L50, M|
|poke|p2|Incineroar, L50, F|
|teampreview|4
|showteam|p1|Incineroar||SafetyGoggles|Intimidate|FakeOut,KnockOff,FlareBlitz,PartingShot|||M|||50|,,,,,Fire]Dragonite||LoadedDice|Multiscale|ScaleShot,Protect,Haze,Tailwind|||F|||50|,,,,,Dragon]Gholdengo||LifeOrb|GoodasGold|MakeItRain,ShadowBall,Protect,NastyPlot||||||50|,,,,,Steel]Ursaluna-Bloodmoon||AssaultVest|MindsEye|EarthPower,BloodMoon,HyperVoice,VacuumWave|||M|||50|,,,,,Ground]Annihilape||ChoiceScarf|Defiant|RageFist,CloseCombat,Protect,FinalGambit|||F|||50|,,,,,Fighting]Sneasler||FocusSash|Unburden|CloseCombat,DireClaw,Protect,FakeOut|||M|||50|,,,,,Fighting
|showteam|p2|Garganacl||MarangaBerry|PurifyingSalt|SaltCure,StealthRock,Protect,Recover|||M|||50|,,,,,Flying]Dondozo||Leftovers|Unaware|Liquidation,Yawn,Curse,Protect|||M|||50|,,,,,Poison]Sneasler||FocusSash|PoisonTouch|DireClaw,CloseCombat,Coaching,Protect|||M|||50|,,,,,Ghost]Gholdengo||ChoiceScarf|GoodasGold|MakeItRain,ShadowBall,Trick,PowerGem||||||50|,,,,,Steel]Ninetales-Alola||NeverMeltIce|SnowWarning|Blizzard,FreezeDry,Protect,AuroraVeil|||M|||50|,,,,,Ice]Incineroar||AssaultVest|Intimidate|FlareBlitz,KnockOff,FakeOut,DrainPunch|||F|||50|,,,,,Grass
|inactive|Battle timer is ON: inactive players will automatically lose when time's up. (requested by Gilbywilby)
|inactive|Gilbywilby has 60 seconds left.
|inactive|I am the Sweeper has 60 seconds left.
|inactive|I am the Sweeper has 30 seconds left.
|inactive|I am the Sweeper has 20 seconds left.
|
|t:|1756671970
|teamsize|p1|4
|teamsize|p2|4
|start
|switch|p1a: Gholdengo|Gholdengo, L50|100/100
|switch|p1b: Incineroar|Incineroar, L50, M|100/100
|switch|p2a: Garganacl|Garganacl, L50, M|100/100
|switch|p2b: Dondozo|Dondozo, L50, M|100/100
|-ability|p1b: Incineroar|Intimidate|boost
|-unboost|p2a: Garganacl|atk|1
|-unboost|p2b: Dondozo|atk|1
|turn|1
|inactive|Gilbywilby has 30 seconds left.
|inactive|I am the Sweeper has 30 seconds left.
|inactive|Gilbywilby has 20 seconds left.
|inactive|I am the Sweeper has 20 seconds left.
|inactive|I am the Sweeper has 15 seconds left.
|inactive|I am the Sweeper has 10 seconds left.
|
|t:|1756672020
|-terastallize|p1a: Gholdengo|Steel
|-terastallize|p2a: Garganacl|Flying
|move|p1b: Incineroar|Fake Out|p2b: Dondozo
|-damage|p2b: Dondozo|92/100
|move|p1a: Gholdengo|Make It Rain|p2a: Garganacl|[spread] p2a,p2b
|-resisted|p2b: Dondozo
|-damage|p2a: Garganacl|44/100
|-damage|p2b: Dondozo|63/100
|-unboost|p1a: Gholdengo|spa|1
|-enditem|p2a: Garganacl|Maranga Berry|[eat]
|-boost|p2a: Garganacl|spd|1|[from] item: Maranga Berry
|-damage|p1a: Gholdengo|91/100|[from] item: Life Orb
|cant|p2b: Dondozo|flinch
|move|p2a: Garganacl|Salt Cure|p1a: Gholdengo
|-resisted|p1a: Gholdengo
|-damage|p1a: Gholdengo|86/100
|-start|p1a: Gholdengo|Salt Cure
|
|-heal|p2b: Dondozo|69/100|[from] item: Leftovers
|-damage|p1a: Gholdengo|61/100|[from] Salt Cure
|upkeep
|turn|2
|inactive|I am the Sweeper has 30 seconds left.
|inactive|I am the Sweeper has 20 seconds left.
|inactive|I am the Sweeper has 15 seconds left.
|
|t:|1756672064
|switch|p1a: Annihilape|Annihilape, L50, F|100/100
|move|p1b: Incineroar|Knock Off|p2b: Dondozo
|-damage|p2b: Dondozo|38/100
|-enditem|p2b: Dondozo|Leftovers|[from] move: Knock Off|[of] p1b: Incineroar
|move|p2b: Dondozo|Liquidation|p1b: Incineroar
|-supereffective|p1b: Incineroar
|-damage|p1b: Incineroar|52/100
|move|p2a: Garganacl|Recover|p2a: Garganacl
|-heal|p2a: Garganacl|94/100
|
|upkeep
|turn|3
|inactive|Gilbywilby has 30 seconds left.
|inactive|I am the Sweeper has 30 seconds left.
|inactive|I am the Sweeper has 20 seconds left.
|
|t:|1756672103
|move|p2a: Garganacl|Protect|p2a: Garganacl
|-singleturn|p2a: Garganacl|Protect
|move|p1a: Annihilape|Final Gambit|p2b: Dondozo
|-damage|p2b: Dondozo|0 fnt
|faint|p1a: Annihilape
|faint|p2b: Dondozo
|move|p1b: Incineroar|Parting Shot|p2a: Garganacl
|-activate|p2a: Garganacl|move: Protect
|
|upkeep
|
|t:|1756672122
|switch|p1a: Sneasler|Sneasler, L50, M|100/100
|switch|p2b: Sneasler|Sneasler, L50, M|100/100
|turn|4
|inactive|I am the Sweeper has 30 seconds left.
|
|t:|1756672148
|move|p1a: Sneasler|Fake Out|p2b: Sneasler
|-damage|p2b: Sneasler|77/100
|cant|p2b: Sneasler|flinch
|move|p1b: Incineroar|Flare Blitz|p2b: Sneasler
|-damage|p2b: Sneasler|0 fnt
|faint|p2b: Sneasler
|-damage|p1b: Incineroar|32/100|[from] Recoil
|move|p2a: Garganacl|Salt Cure|p1a: Sneasler
|-resisted|p1a: Sneasler
|-damage|p1a: Sneasler|92/100
|-start|p1a: Sneasler|Salt Cure
|
|-damage|p1a: Sneasler|80/100|[from] Salt Cure
|upkeep
|
|t:|1756672161
|switch|p2b: Gholdengo|Gholdengo, L50|100/100
|turn|5
|inactive|I am the Sweeper has 30 seconds left.
|inactive|I am the Sweeper has 20 seconds left.
|inactive|I am the Sweeper has 15 seconds left.
|inactive|I am the Sweeper has 10 seconds left.
|inactive|I am the Sweeper has 5 seconds left.
|
|t:|1756672213
|move|p2b: Gholdengo|Make It Rain|p1b: Incineroar|[spread] p1a,p1b
|-resisted|p1b: Incineroar
|-damage|p1a: Sneasler|12/100
|-damage|p1b: Incineroar|11/100
|-unboost|p2b: Gholdengo|spa|1
|move|p1a: Sneasler|Dire Claw|p2a: Garganacl
|-damage|p2a: Garganacl|63/100
|move|p1b: Incineroar|Flare Blitz|p2b: Gholdengo
|-supereffective|p2b: Gholdengo
|-damage|p2b: Gholdengo|0 fnt
|faint|p2b: Gholdengo
|-damage|p1b: Incineroar|0 fnt|[from] Recoil
|faint|p1b: Incineroar
|move|p2a: Garganacl|Stealth Rock|p1a: Sneasler
|-sidestart|p1: Gilbywilby|move: Stealth Rock
|
|-damage|p1a: Sneasler|0 fnt|[from] Salt Cure
|faint|p1a: Sneasler
|upkeep
|
|t:|1756672231
|switch|p1a: Gholdengo|Gholdengo, L50, tera:Steel|61/100
|-damage|p1a: Gholdengo|55/100|[from] Stealth Rock
|turn|6
|
|t:|1756672240
|move|p1a: Gholdengo|Make It Rain|p2a: Garganacl
|-damage|p2a: Garganacl|15/100
|-unboost|p1a: Gholdengo|spa|1
|-damage|p1a: Gholdengo|45/100|[from] item: Life Orb
|move|p2a: Garganacl|Recover|p2a: Garganacl
|-heal|p2a: Garganacl|65/100
|
|upkeep
|turn|7
|
|t:|1756672254
|move|p1a: Gholdengo|Nasty Plot|p1a: Gholdengo
|-boost|p1a: Gholdengo|spa|2
|move|p2a: Garganacl|Salt Cure|p1a: Gholdengo
|-resisted|p1a: Gholdengo
|-damage|p1a: Gholdengo|40/100
|-start|p1a: Gholdengo|Salt Cure
|
|-damage|p1a: Gholdengo|15/100|[from] Salt Cure
|upkeep
|turn|8
|
|t:|1756672262
|move|p2a: Garganacl|Protect|p2a: Garganacl
|-singleturn|p2a: Garganacl|Protect
|move|p1a: Gholdengo|Make It Rain|p2a: Garganacl
|-activate|p2a: Garganacl|move: Protect
|
|-damage|p1a: Gholdengo|0 fnt|[from] Salt Cure
|faint|p1a: Gholdengo
|
|win|I am the Sweeper
||Gilbywilby is ready for game 2.
||I am the Sweeper is ready for game 2.
|uhtml|next|Next: Game 2 of 3
|l|☆Gilbywilby
|player|p1|
