|j|☆Na(t)e.epo
|j|☆schshfh
|html|Na(t)e.eposchshfh    
|uhtml|bestof|Game 2 of a best-of-3
|t:|1783981168
|gametype|doubles
|player|p1|Na(t)e.epo|102|1102
|player|p2|schshfh|lance|1209
|gen|9
|tier|[Gen 9 Champions] VGC 2026 Reg M-B (Bo3)
|rated|
|rule|Species Clause: Limit one of each Pokémon
|rule|Item Clause: Limit 1 of each item
|clearpoke
|poke|p1|Malamar, L50, M|
|poke|p1|Incineroar, L50, F|
|poke|p1|Sinistcha, L50|
|poke|p1|Basculegion, L50, M|
|poke|p1|Toxapex, L50, M|
|poke|p1|Kangaskhan, L50, F|
|poke|p2|Aerodactyl, L50, M|
|poke|p2|Sylveon, L50, F|
|poke|p2|Farigiraf, L50, F|
|poke|p2|Charizard, L50, M|
|poke|p2|Garchomp, L50, M|
|poke|p2|Kingambit, L50, F|
|teampreview|4
|showteam|p1|Malamar||Malamarite|Contrary|TrickRoom,Superpower,PsychoCut,Protect|Brave||M|||50|]Incineroar||ChopleBerry|Intimidate|DarkestLariat,FakeOut,PartingShot,FlareBlitz|Brave||F|||50|]Sinistcha||SitrusBerry|Hospitality|TrickRoom,RagePowder,StrengthSap,MatchaGotcha|Sassy|||||50|]Basculegion||FocusSash|Adaptability|AquaJet,LastRespects,Liquidation,Protect|Brave||M|||50|]Toxapex||Leftovers|Merciless|BanefulBunker,Toxic,Venoshock,Infestation|Modest||M|||50|]Kangaskhan||SilkScarf|Scrappy|FakeOut,HammerArm,DoubleEdge,Protect|Brave||F|||50|
|showteam|p2|Aerodactyl||Aerodactylite|Unnerve|RockSlide,IceFang,Tailwind,DualWingbeat|Jolly||M|||50|]Sylveon||FairyFeather|Pixilate|HyperVoice,HyperBeam,QuickAttack,Detect|Modest||F|||50|]Farigiraf||SitrusBerry|ArmorTail|Psychic,HelpingHand,TrickRoom,Protect|Bold||F|||50|]Charizard||CharizarditeY|Blaze|HeatWave,SolarBeam,WeatherBall,Protect|Modest||M|||50|]Garchomp||LifeOrb|RoughSkin|Earthquake,DragonClaw,StompingTantrum,Protect|Jolly||M|||50|]Kingambit||FocusSash|Defiant|KowtowCleave,IronHead,LowKick,SuckerPunch|Adamant||F|||50|
|inactive|Battle timer is ON: inactive players will automatically lose when time's up. (requested by Na(t)e.epo)
|inactive|schshfh has 60 seconds left.
|
|t:|1783981206
|teamsize|p1|4
|teamsize|p2|4
|start
|switch|p1a: Toxapex|Toxapex, L50, M|100/100
|switch|p1b: Malamar|Malamar, L50, M|100/100
|switch|p2a: Charizard|Charizard, L50, M|100/100
|switch|p2b: Farigiraf|Farigiraf, L50, F|100/100
|turn|1
|inactive|Na(t)e.epo has 30 seconds left.
|inactive|schshfh has 30 seconds left.
|
|t:|1783981240
|detailschange|p2a: Charizard|Charizard-Mega-Y, L50, M
|-mega|p2a: Charizard|Charizard|Charizardite Y
|-weather|SunnyDay|[from] ability: Drought|[of] p2a: Charizard
|detailschange|p1b: Malamar|Malamar-Mega, L50, M
|-mega|p1b: Malamar|Malamar|Malamarite
|move|p2b: Farigiraf|Helping Hand|p2a: Charizard
|-singleturn|p2a: Charizard|Helping Hand|[of] p2b: Farigiraf
|move|p2a: Charizard|Weather Ball|p1b: Malamar
|-damage|p1b: Malamar|3/100
|move|p1a: Toxapex|Toxic|p2b: Farigiraf
|-status|p2b: Farigiraf|tox
|move|p1b: Malamar|Trick Room|p1b: Malamar
|-fieldstart|move: Trick Room|[of] p1b: Malamar
|
|-weather|SunnyDay|[upkeep]
|-damage|p2b: Farigiraf|94/100 tox|[from] psn
|upkeep
|turn|2
|inactive|Na(t)e.epo has 30 seconds left.
|inactive|schshfh has 30 seconds left.
|
|t:|1783981273
|switch|p2a: Garchomp|Garchomp, L50, M|100/100
|move|p1b: Malamar|Protect|p1b: Malamar
|-singleturn|p1b: Malamar|Protect
|move|p1a: Toxapex|Infestation|p2a: Garchomp
|-damage|p2a: Garchomp|94/100
|-activate|p2a: Garchomp|move: Infestation|[of] p1a: Toxapex
|-damage|p1a: Toxapex|87/100|[from] ability: Rough Skin|[of] p2a: Garchomp
|move|p2b: Farigiraf|Trick Room|p2b: Farigiraf
|-fieldend|move: Trick Room
|
|-weather|SunnyDay|[upkeep]
|-heal|p1a: Toxapex|93/100|[from] item: Leftovers
|-damage|p2b: Farigiraf|82/100 tox|[from] psn
|-damage|p2a: Garchomp|82/100|[from] move: Infestation|[partiallytrapped]
|upkeep
|turn|3
|inactive|Na(t)e.epo has 30 seconds left.
|
|t:|1783981304
|switch|p2b: Charizard|Charizard-Mega-Y, L50, M|100/100
|move|p1a: Toxapex|Baneful Bunker|p1a: Toxapex
|-singleturn|p1a: Toxapex|move: Protect
|move|p2a: Garchomp|Earthquake|p1b: Malamar|[spread] p1b
|-activate|p1a: Toxapex|move: Protect
|-immune|p2b: Charizard
|-damage|p1b: Malamar|0 fnt
|faint|p1b: Malamar
|-damage|p2a: Garchomp|72/100|[from] item: Life Orb
|
|-weather|SunnyDay|[upkeep]
|-heal|p1a: Toxapex|99/100|[from] item: Leftovers
|-damage|p2a: Garchomp|60/100|[from] move: Infestation|[partiallytrapped]
|upkeep
|
|t:|1783981312
|switch|p1b: Incineroar|Incineroar, L50, F|100/100
|-ability|p1b: Incineroar|Intimidate|boost
|-unboost|p2a: Garchomp|atk|1
|-unboost|p2b: Charizard|atk|1
|turn|4
|
|t:|1783981326
|switch|p2b: Farigiraf|Farigiraf, L50, F|82/100 tox
|move|p2a: Garchomp|Earthquake|p1b: Incineroar|[spread] p2b,p1a,p1b
|-supereffective|p1a: Toxapex|1
|-supereffective|p1b: Incineroar|1
|-damage|p2b: Farigiraf|53/100 tox
|-damage|p1a: Toxapex|44/100
|-damage|p1b: Incineroar|42/100
|-damage|p2a: Garchomp|50/100g|[from] item: Life Orb
|move|p1b: Incineroar|Parting Shot|p2a: Garchomp
|-unboost|p2a: Garchomp|atk|1
|-unboost|p2a: Garchomp|spa|1
|
|t:|1783981337
|switch|p1b: Basculegion|Basculegion, L50, M|100/100|[from] Parting Shot
|move|p1a: Toxapex|Infestation|p2b: Farigiraf
|-supereffective|p2b: Farigiraf|1
|-crit|p2b: Farigiraf
|-damage|p2b: Farigiraf|40/100 tox
|-activate|p2b: Farigiraf|move: Infestation|[of] p1a: Toxapex
|-enditem|p2b: Farigiraf|Sitrus Berry|[eat]
|-heal|p2b: Farigiraf|65/100 tox|[from] item: Sitrus Berry
|
|-weather|SunnyDay|[upkeep]
|-heal|p1a: Toxapex|50/100g|[from] item: Leftovers
|-damage|p2b: Farigiraf|59/100 tox|[from] psn
|-damage|p2a: Garchomp|38/100|[from] move: Infestation|[partiallytrapped]
|-damage|p2b: Farigiraf|47/100 tox|[from] move: Infestation|[partiallytrapped]
|upkeep
|turn|5
|inactive|Na(t)e.epo has 30 seconds left.
|
|t:|1783981368
|move|p1a: Toxapex|Baneful Bunker|p1a: Toxapex
|-singleturn|p1a: Toxapex|move: Protect
|move|p2a: Garchomp|Dragon Claw|p1b: Basculegion
|-damage|p1b: Basculegion|69/100
|-damage|p2a: Garchomp|28/100|[from] item: Life Orb
|move|p1b: Basculegion|Last Respects|p2a: Garchomp
|-damage|p2a: Garchomp|0 fnt
|faint|p2a: Garchomp
|move|p2b: Farigiraf|Psychic|p1a: Toxapex
|-activate|p1a: Toxapex|move: Protect
|
|-weather|none
|-heal|p1a: Toxapex|56/100|[from] item: Leftovers
|-damage|p2b: Farigiraf|35/100 tox|[from] psn
|-damage|p2b: Farigiraf|23/100 tox|[from] move: Infestation|[partiallytrapped]
|upkeep
|inactive|schshfh has 30 seconds left.
|
|t:|1783981393
|switch|p2a: Kingambit|Kingambit, L50, F|100/100
|turn|6
|inactive|Na(t)e.epo has 30 seconds left.
|
|t:|1783981427
|move|p2b: Farigiraf|Helping Hand|p2a: Kingambit
|-singleturn|p2a: Kingambit|Helping Hand|[of] p2b: Farigiraf
|move|p1b: Basculegion|Protect|p1b: Basculegion
|-singleturn|p1b: Basculegion|Protect
|move|p2a: Kingambit|Kowtow Cleave|p1a: Toxapex
|-damage|p1a: Toxapex|0 fnt
|faint|p1a: Toxapex
|
|-damage|p2b: Farigiraf|5/100 tox|[from] psn
|-end|p2b: Farigiraf|Infestation|[partiallytrapped]|[silent]
|upkeep
|
|t:|1783981435
|switch|p1a: Incineroar|Incineroar, L50, F|42/100
|-ability|p1a: Incineroar|Intimidate|boost
|-unboost|p2a: Kingambit|atk|1
|-ability|p2a: Kingambit|Defiant|boost
|-boost|p2a: Kingambit|atk|2
|-unboost|p2b: Farigiraf|atk|1
|turn|7
|
|t:|1783981456
|move|p2b: Farigiraf|Helping Hand|p2a: Kingambit
|-singleturn|p2a: Kingambit|Helping Hand|[of] p2b: Farigiraf
|move|p1b: Basculegion|Protect||[still]
|-fail|p1b: Basculegion
|move|p2a: Kingambit|Kowtow Cleave|p1b: Basculegion
|-supereffective|p1b: Basculegion|1
|-damage|p1b: Basculegion|0 fnt
|faint|p1b: Basculegion
|move|p1a: Incineroar|Flare Blitz|p2a: Kingambit
|-supereffective|p2a: Kingambit|1
|-enditem|p2a: Kingambit|Focus Sash
|-damage|p2a: Kingambit|1/100
|-damage|p1a: Incineroar|13/100|[from] Recoil
|
|-damage|p2b: Farigiraf|0 fnt|[from] psn
|faint|p2b: Farigiraf
|upkeep
|
|t:|1783981471
|switch|p2b: Charizard|Charizard-Mega-Y, L50, M|100/100
|-weather|SunnyDay|[from] ability: Drought|[of] p2b: Charizard
|turn|8
|
|t:|1783981480
|move|p2b: Charizard|Weather Ball|p1a: Incineroar
|-resisted|p1a: Incineroar|1
|-damage|p1a: Incineroar|0 fnt
|faint|p1a: Incineroar
|
|win|schshfh
|raw|Na(t)e.epo's rating: 1102 → 1084(-18 for losing)
|raw|schshfh's rating: 1209 → 1227(+18 for winning)
|l|☆Na(t)e.epo
|player|p1|
