|j|â˜†G3N13
|j|â˜†FreemanGordon
|html|G3N13FreemanGordon    
|uhtml|bestof|Game 2 of a best-of-3
|t:|1784701708
|gametype|doubles
|player|p1|G3N13|n|1152
|player|p2|FreemanGordon|170|1199
|gen|9
|tier|[Gen 9 Champions] VGC 2026 Reg M-B (Bo3)
|rated|
|rule|Species Clause: Limit one of each PokÃ©mon
|rule|Item Clause: Limit 1 of each item
|clearpoke
|poke|p1|Ninetales-Alola, L50, M|
|poke|p1|Gholdengo, L50|
|poke|p1|Garchomp, L50, F|
|poke|p1|Scovillain, L50, F|
|poke|p1|Sneasler, L50, F|
|poke|p1|Aerodactyl, L50, M|
|poke|p2|Ninetales-Alola, L50, M|
|poke|p2|Metagross, L50|
|poke|p2|Farigiraf, L50, M|
|poke|p2|Hydreigon, L50, M|
|poke|p2|Annihilape, L50, M|
|poke|p2|Floette-Eternal, L50, F|
|teampreview|4
|showteam|p1|Ninetales-Alola||LightClay|SnowWarning|Moonblast,Protect,FreezeDry,AuroraVeil|Modest||M|||50|]Gholdengo||LifeOrb|GoodasGold|MakeItRain,ShadowBall,NastyPlot,Protect|Modest|||||50|]Garchomp||HabanBerry|RoughSkin|Earthquake,DragonClaw,Protect,RockSlide|Jolly||F|||50|]Scovillain||Scovillainite|Moody|Overheat,RagePowder,Protect,GigaDrain|Bold||F|||50|]Sneasler||WhiteHerb|Unburden|CloseCombat,DireClaw,FakeOut,Protect|Adamant||F|||50|]Aerodactyl||Aerodactylite|RockHead|Tailwind,RockSlide,DualWingbeat,Protect|Jolly||M|||50|
|showteam|p2|Ninetales-Alola||ChoiceScarf|SnowWarning|Blizzard,FreezeDry,Moonblast,Psyshock|Modest||M|||50|]Metagross||Metagrossite|ClearBody|Protect,IronHead,PsychicFangs,BodyPress|Jolly|||||50|]Farigiraf||SitrusBerry|ArmorTail|HelpingHand,Protect,TwinBeam,Thunderbolt|Calm||M|||50|]Hydreigon||LifeOrb|Levitate|Protect,DracoMeteor,EarthPower,DarkPulse|Timid||M|||50|]Annihilape||FocusSash|Defiant|Protect,PhantomForce,CloseCombat,RockTomb|Jolly||M|||50|]Floette-Eternal||Floettite|FlowerVeil|Protect,LightofRuin,DazzlingGleam,Moonblast|Serious||F|||50|
|
|t:|1784701731
|teamsize|p1|4
|teamsize|p2|4
|start
|switch|p1a: Garchomp|Garchomp, L50, F|100/100
|switch|p1b: Ninetales|Ninetales-Alola, L50, M|100/100
|switch|p2a: Metagross|Metagross, L50|100/100
|switch|p2b: Annihilape|Annihilape, L50, M|100/100
|-weather|Snowscape|[from] ability: Snow Warning|[of] p1b: Ninetales
|turn|1
|inactive|Battle timer is ON: inactive players will automatically lose when time's up. (requested by FreemanGordon)
|inactive|G3N13 has 60 seconds left.
|
|t:|1784701779
|switch|p2b: Hydreigon|Hydreigon, L50, M|100/100
|move|p2a: Metagross|Protect|p2a: Metagross
|-singleturn|p2a: Metagross|Protect
|move|p1a: Garchomp|Earthquake|p2b: Hydreigon|[spread] p1b
|-activate|p2a: Metagross|move: Protect
|-immune|p2b: Hydreigon|[from] ability: Levitate
|-damage|p1b: Ninetales|71/100
|move|p1b: Ninetales|Aurora Veil|p1b: Ninetales
|-sidestart|p1: G3N13|move: Aurora Veil
|
|-weather|Snowscape|[upkeep]
|upkeep
|turn|2
|inactive|FreemanGordon has 30 seconds left.
|inactive|FreemanGordon has 20 seconds left.
|inactive|FreemanGordon has 15 seconds left.
|
|t:|1784701824
|switch|p2b: Farigiraf|Farigiraf, L50, M|100/100
|detailschange|p2a: Metagross|Metagross-Mega, L50
|-mega|p2a: Metagross|Metagross|Metagrossite
|move|p2a: Metagross|Psychic Fangs|p1a: Garchomp
|-sideend|p1: G3N13|move: Aurora Veil
|-damage|p1a: Garchomp|48/100
|-damage|p2a: Metagross|87/100|[from] ability: Rough Skin|[of] p1a: Garchomp
|move|p1a: Garchomp|Earthquake|p2a: Metagross|[spread] p1b,p2a,p2b
|-supereffective|p2a: Metagross|1
|-damage|p1b: Ninetales|40/100
|-damage|p2a: Metagross|39/100
|-damage|p2b: Farigiraf|61/100
|move|p1b: Ninetales|Moonblast|p2b: Farigiraf
|-damage|p2b: Farigiraf|28/100
|-enditem|p2b: Farigiraf|Sitrus Berry|[eat]
|-heal|p2b: Farigiraf|53/100|[from] item: Sitrus Berry
|
|-weather|Snowscape|[upkeep]
|upkeep
|turn|3
|inactive|G3N13 has 30 seconds left.
|inactive|FreemanGordon has 30 seconds left.
|inactive|FreemanGordon has 20 seconds left.
|inactive|FreemanGordon has 15 seconds left.
|inactive|G3N13 has 20 seconds left.
|
|t:|1784701873
|switch|p2b: Hydreigon|Hydreigon, L50, M|100/100
|move|p2a: Metagross|Protect|p2a: Metagross
|-singleturn|p2a: Metagross|Protect
|move|p1a: Garchomp|Protect|p1a: Garchomp
|-singleturn|p1a: Garchomp|Protect
|move|p1b: Ninetales|Moonblast|p2a: Metagross
|-activate|p2a: Metagross|move: Protect
|
|-weather|Snowscape|[upkeep]
|upkeep
|turn|4
|inactive|G3N13 has 30 seconds left.
|
|t:|1784701910
|switch|p2b: Farigiraf|Farigiraf, L50, M|53/100
|move|p2a: Metagross|Psychic Fangs|p1a: Garchomp
|-damage|p1a: Garchomp|0 fnt
|-damage|p2a: Metagross|26/100|[from] ability: Rough Skin|[of] p1a: Garchomp
|faint|p1a: Garchomp
|move|p1b: Ninetales|Moonblast|p2b: Farigiraf
|-damage|p2b: Farigiraf|24/100
|
|-weather|Snowscape|[upkeep]
|upkeep
|
|t:|1784701916
|switch|p1a: Gholdengo|Gholdengo, L50|100/100
|turn|5
|inactive|FreemanGordon has 30 seconds left.
|inactive|FreemanGordon has 20 seconds left.
|inactive|FreemanGordon has 15 seconds left.
|inactive|FreemanGordon has 10 seconds left.
|
|t:|1784701964
|move|p2a: Metagross|Psychic Fangs|p1b: Ninetales
|-damage|p1b: Ninetales|2/100
|move|p1b: Ninetales|Aurora Veil|p1b: Ninetales
|-sidestart|p1: G3N13|move: Aurora Veil
|move|p1a: Gholdengo|Shadow Ball|p2a: Metagross
|-supereffective|p2a: Metagross|1
|-damage|p2a: Metagross|0 fnt
|faint|p2a: Metagross
|-damage|p1a: Gholdengo|90/100|[from] item: Life Orb
|move|p2b: Farigiraf|Thunderbolt|p1a: Gholdengo
|-damage|p1a: Gholdengo|73/100
|
|-weather|none
|upkeep
|
|t:|1784701978
|switch|p2a: Annihilape|Annihilape, L50, M|100/100
|turn|6
|
|t:|1784701990
|move|p2a: Annihilape|Phantom Force||[still]
|-prepare|p2a: Annihilape|Phantom Force
|move|p1b: Ninetales|Moonblast|p2b: Farigiraf
|-damage|p2b: Farigiraf|0 fnt
|faint|p2b: Farigiraf
|move|p1a: Gholdengo|Shadow Ball|p2a: Annihilape|[miss]
|-miss|p1a: Gholdengo|p2a: Annihilape
|
|upkeep
|
|t:|1784701997
|switch|p2b: Hydreigon|Hydreigon, L50, M|100/100
|turn|7
|
|t:|1784702007
|switch|p1a: Scovillain|Scovillain, L50, F|100/100
|move|p2b: Hydreigon|Protect|p2b: Hydreigon
|-singleturn|p2b: Hydreigon|Protect
|move|p2a: Annihilape|Phantom Force|p1a: Scovillain|[from] lockedmove
|-damage|p1a: Scovillain|66/100
|move|p1b: Ninetales|Moonblast|p2b: Hydreigon
|-activate|p2b: Hydreigon|move: Protect
|
|-ability|p1a: Scovillain|Moody|boost
|-boost|p1a: Scovillain|atk|2
|-unboost|p1a: Scovillain|spd|1
|upkeep
|turn|8
|
|t:|1784702023
|detailschange|p1a: Scovillain|Scovillain-Mega, L50, F
|-mega|p1a: Scovillain|Scovillain|Scovillainite
|move|p2b: Hydreigon|Protect||[still]
|-fail|p2b: Hydreigon
|move|p2a: Annihilape|Rock Tomb|p1b: Ninetales
|-supereffective|p1b: Ninetales|1
|-damage|p1b: Ninetales|0 fnt
|faint|p1b: Ninetales
|move|p1a: Scovillain|Overheat|p2a: Annihilape
|-damage|p2a: Annihilape|32/100
|-unboost|p1a: Scovillain|spa|2
|
|upkeep
|c|â˜†FreemanGordon|modes
|
|t:|1784702035
|switch|p1b: Gholdengo|Gholdengo, L50|73/100
|turn|9
|c|â˜†FreemanGordon|modest ninetales
|c|â˜†FreemanGordon|ahaha
|c|â˜†FreemanGordon|ret
|
|t:|1784702059
|move|p2b: Hydreigon|Draco Meteor|p1a: Scovillain
|-damage|p1a: Scovillain|0 fnt
|-unboost|p2b: Hydreigon|spa|2
|-status|p2b: Hydreigon|brn|[from] ability: Spicy Spray|[of] p1a: Scovillain
|faint|p1a: Scovillain
|-damage|p2b: Hydreigon|90/100 brn|[from] item: Life Orb
|move|p2a: Annihilape|Phantom Force||[still]
|-prepare|p2a: Annihilape|Phantom Force
|move|p1b: Gholdengo|Make It Rain|p2a: Annihilape|[spread] p2b
|-miss|p1b: Gholdengo|p2a: Annihilape
|-damage|p2b: Hydreigon|8/100 brn
|-unboost|p1b: Gholdengo|spa|2
|-damage|p1b: Gholdengo|63/100|[from] item: Life Orb
|
|-damage|p2b: Hydreigon|2/100 brn|[from] brn
|upkeep
|turn|10
|
|t:|1784702076
|move|p2b: Hydreigon|Dark Pulse|p1b: Gholdengo
|-supereffective|p1b: Gholdengo|1
|-damage|p1b: Gholdengo|26/100
|-damage|p2b: Hydreigon|0 fnt|[from] item: Life Orb
|faint|p2b: Hydreigon
|move|p2a: Annihilape|Phantom Force|p1b: Gholdengo|[from] lockedmove
|-supereffective|p1b: Gholdengo|1
|-damage|p1b: Gholdengo|0 fnt
|faint|p1b: Gholdengo
|
|win|FreemanGordon
||FreemanGordon is ready for game 3.
|inactive|G3N13 has 30 seconds to confirm battle start!
|inactive|G3N13 has 20 seconds to confirm battle start!
|inactive|G3N13 has 10 seconds to confirm battle start!
||G3N13 is ready for game 3.
|uhtml|next|Next: Game 3 of 3
