|j|☆pokseanz
|j|☆gliscor43
|html|pokseanzgliscor43    
|uhtml|bestof|Game 1 of a best-of-3
|t:|1784403031
|gametype|doubles
|player|p1|pokseanz|265|
|player|p2|gliscor43|mars|
|gen|9
|tier|[Gen 9 Champions] VGC 2026 Reg M-B (Bo3)
|rule|Species Clause: Limit one of each Pokémon
|rule|Item Clause: Limit 1 of each item
|clearpoke
|poke|p1|Sinistcha, L50|
|poke|p1|Floette-Eternal, L50, F|
|poke|p1|Incineroar, L50, M|
|poke|p1|Toxapex, L50, F|
|poke|p1|Rotom-Wash, L50|
|poke|p1|Hippowdon, L50, M|
|poke|p2|Pelipper, L50, F|
|poke|p2|Dragonite, L50, M|
|poke|p2|Staraptor, L50, M|
|poke|p2|Swampert, L50, F|
|poke|p2|Meowstic, L50, M|
|poke|p2|Volcarona, L50, M|
|teampreview|4
|showteam|p1|Sinistcha||CobaBerry|Hospitality|MatchaGotcha,RagePowder,TrickRoom,Protect|Bold|||||50|]Floette-Eternal||Floettite|FlowerVeil|DrainingKiss,DazzlingGleam,CalmMind,Protect|Modest||F|||50|]Incineroar||ShucaBerry|Intimidate|FlareBlitz,ThroatChop,FakeOut,PartingShot|Impish||M|||50|]Toxapex||Leftovers|Regenerator|Infestation,Recover,WideGuard,BanefulBunker|Calm||F|||50|]Rotom-Wash||LifeOrb|Levitate|HydroPump,Thunderbolt,WillOWisp,Protect|Modest|||||50|]Hippowdon||SitrusBerry|SandStream|HighHorsepower,RockTomb,Yawn,Protect|Careful||M|||50|
|showteam|p2|Pelipper||FocusSash|Drizzle|WeatherBall,Hurricane,Tailwind,Protect|Modest||F|||50|]Dragonite||BrightPowder|Multiscale|DragonClaw,ExtremeSpeed,Roost,Protect|Adamant||M|||50|]Staraptor||Staraptite|Intimidate|CloseCombat,BraveBird,Roost,Protect|Adamant||M|||50|]Swampert||Swampertite|Torrent|WaveCrash,Earthquake,IcePunch,Protect|Adamant||F|||50|]Meowstic||MentalHerb|Prankster|FakeOut,Charm,RainDance,Yawn|Careful||M|||50|]Volcarona||SitrusBerry|FlameBody|RagePowder,BugBuzz,Protect,LightScreen|Bold||M|||50|
|
|t:|1784403076
|teamsize|p1|4
|teamsize|p2|4
|start
|switch|p1a: Rotom|Rotom-Wash, L50|100/100
|switch|p1b: Floette|Floette-Eternal, L50, F|100/100
|switch|p2a: Pelipper|Pelipper, L50, F|100/100
|switch|p2b: Swampert|Swampert, L50, F|100/100
|-weather|RainDance|[from] ability: Drizzle|[of] p2a: Pelipper
|turn|1
|
|t:|1784403117
|detailschange|p1b: Floette|Floette-Mega, L50, F
|-mega|p1b: Floette|Floette|Floettite
|-ability|p1b: Floette|Fairy Aura
|detailschange|p2b: Swampert|Swampert-Mega, L50, F
|-mega|p2b: Swampert|Swampert|Swampertite
|move|p1b: Floette|Protect|p1b: Floette
|-singleturn|p1b: Floette|Protect
|move|p2b: Swampert|Wave Crash|p1b: Floette
|-activate|p1b: Floette|move: Protect
|move|p1a: Rotom|Thunderbolt|p2a: Pelipper
|-supereffective|p2a: Pelipper|2
|-enditem|p2a: Pelipper|Focus Sash
|-damage|p2a: Pelipper|1/100
|-damage|p1a: Rotom|90/100|[from] item: Life Orb
|move|p2a: Pelipper|Tailwind|p2a: Pelipper
|-sidestart|p2: gliscor43|move: Tailwind
|
|-weather|RainDance|[upkeep]
|upkeep
|turn|2
|
|t:|1784403147
|switch|p2a: Dragonite|Dragonite, L50, M|100/100
|switch|p1b: Hippowdon|Hippowdon, L50, M|100/100
|-weather|Sandstorm|[from] ability: Sand Stream|[of] p1b: Hippowdon
|move|p2b: Swampert|Wave Crash|p1b: Hippowdon
|-supereffective|p1b: Hippowdon|1
|-crit|p1b: Hippowdon
|-damage|p1b: Hippowdon|0 fnt
|faint|p1b: Hippowdon
|-damage|p2b: Swampert|62/100|[from] Recoil
|move|p1a: Rotom|Will-O-Wisp|p2b: Swampert
|-status|p2b: Swampert|brn
|
|-weather|Sandstorm|[upkeep]
|-damage|p2a: Dragonite|93/100|[from] Sandstorm
|-damage|p1a: Rotom|84/100|[from] Sandstorm
|-damage|p2b: Swampert|56/100 brn|[from] brn
|upkeep
|
|t:|1784403158
|switch|p1b: Floette|Floette-Mega, L50, F|100/100
|-ability|p1b: Floette|Fairy Aura
|turn|3
|
|t:|1784403174
|move|p2b: Swampert|Wave Crash|p1b: Floette
|-damage|p1b: Floette|61/100
|-damage|p2b: Swampert|44/100 brn|[from] Recoil
|move|p2a: Dragonite|Dragon Claw|p1a: Rotom
|-damage|p1a: Rotom|33/100
|move|p1b: Floette|Calm Mind|p1b: Floette
|-boost|p1b: Floette|spa|1
|-boost|p1b: Floette|spd|1
|move|p1a: Rotom|Hydro Pump|p2b: Swampert|[miss]
|-miss|p1a: Rotom|p2b: Swampert
|
|-weather|Sandstorm|[upkeep]
|-damage|p2a: Dragonite|87/100|[from] Sandstorm
|-damage|p1b: Floette|55/100|[from] Sandstorm
|-damage|p1a: Rotom|27/100|[from] Sandstorm
|-damage|p2b: Swampert|38/100 brn|[from] brn
|upkeep
|turn|4
|
|t:|1784403201
|switch|p1a: Sinistcha|Sinistcha, L50|100/100
|-heal|p1b: Floette|80/100|[from] ability: Hospitality|[of] p1a: Sinistcha
|move|p2a: Dragonite|Extreme Speed|p1b: Floette
|-damage|p1b: Floette|49/100
|move|p2b: Swampert|Wave Crash|p1b: Floette
|-damage|p1b: Floette|12/100
|-damage|p2b: Swampert|26/100 brn|[from] Recoil
|move|p1b: Floette|Draining Kiss|p2a: Dragonite
|-supereffective|p2a: Dragonite|1
|-damage|p2a: Dragonite|0 fnt
|-heal|p1b: Floette|85/100|[from] drain|[of] p2a: Dragonite
|faint|p2a: Dragonite
|
|-weather|Sandstorm|[upkeep]
|-damage|p1b: Floette|79/100|[from] Sandstorm
|-damage|p1a: Sinistcha|93/100|[from] Sandstorm
|-damage|p2b: Swampert|20/100y brn|[from] brn
|-sideend|p2: gliscor43|move: Tailwind
|upkeep
|
|t:|1784403211
|switch|p2a: Pelipper|Pelipper, L50, F|1/100
|-weather|RainDance|[from] ability: Drizzle|[of] p2a: Pelipper
|turn|5
|
|t:|1784403241
|move|p2b: Swampert|Protect|p2b: Swampert
|-singleturn|p2b: Swampert|Protect
|move|p1a: Sinistcha|Rage Powder|p1a: Sinistcha
|-singleturn|p1a: Sinistcha|move: Rage Powder
|move|p1b: Floette|Dazzling Gleam|p2b: Swampert|[spread] p2a
|-activate|p2b: Swampert|move: Protect
|-damage|p2a: Pelipper|0 fnt
|faint|p2a: Pelipper
|
|-weather|RainDance|[upkeep]
|-damage|p2b: Swampert|14/100 brn|[from] brn
|upkeep
|
|t:|1784403248
|switch|p2a: Volcarona|Volcarona, L50, M|100/100
|turn|6
|
|t:|1784403264
|move|p1a: Sinistcha|Rage Powder|p1a: Sinistcha
|-singleturn|p1a: Sinistcha|move: Rage Powder
|move|p2b: Swampert|Ice Punch|p1a: Sinistcha
|-supereffective|p1a: Sinistcha|1
|-damage|p1a: Sinistcha|69/100
|move|p1b: Floette|Dazzling Gleam|p2b: Swampert|[spread] p2a,p2b
|-resisted|p2a: Volcarona|1
|-damage|p2a: Volcarona|72/100
|-damage|p2b: Swampert|0 fnt
|faint|p2b: Swampert
|move|p2a: Volcarona|Light Screen|p2a: Volcarona
|-sidestart|p2: gliscor43|move: Light Screen
|
|-weather|RainDance|[upkeep]
|upkeep
|turn|7
|
|t:|1784403281
|switch|p1a: Rotom|Rotom-Wash, L50|27/100
|move|p1b: Floette|Calm Mind|p1b: Floette
|-boost|p1b: Floette|spa|1
|-boost|p1b: Floette|spd|1
|move|p2a: Volcarona|Bug Buzz|p1a: Rotom
|-damage|p1a: Rotom|0 fnt
|faint|p1a: Rotom
|
|-weather|RainDance|[upkeep]
|upkeep
|
|t:|1784403287
|switch|p1a: Sinistcha|Sinistcha, L50|69/100
|-heal|p1b: Floette|100/100|[from] ability: Hospitality|[of] p1a: Sinistcha
|turn|8
|
|t:|1784403294
|move|p1b: Floette|Dazzling Gleam|p2a: Volcarona
|-resisted|p2a: Volcarona|1
|-crit|p2a: Volcarona
|-damage|p2a: Volcarona|0 fnt
|faint|p2a: Volcarona
|
|win|pokseanz
||gliscor43 is ready for game 2.
|c|☆pokseanz|gr
||pokseanz is ready for game 2.
|uhtml|next|Next: Game 2 of 3
