|j|☆Juno Truther
|j|☆AtomicTwilight
|html|Juno TrutherAtomicTwilight    
|uhtml|bestof|Game 1 of a best-of-3
|t:|1783824110
|gametype|doubles
|player|p1|Juno Truther|rosa|
|player|p2|AtomicTwilight|canari|
|gen|9
|tier|[Gen 9 Champions] VGC 2026 Reg M-B (Bo3)
|rule|Species Clause: Limit one of each Pokémon
|rule|Item Clause: Limit 1 of each item
|clearpoke
|poke|p1|Chandelure, L50, F|
|poke|p1|Garganacl, L50, M|
|poke|p1|Greninja, L50, F|
|poke|p1|Rotom-Mow, L50|
|poke|p1|Krookodile, L50, F|
|poke|p1|Ariados, L50, F|
|poke|p2|Greninja, L50, F|
|poke|p2|Slowking-Galar, L50, F|
|poke|p2|Rotom-Frost, L50|
|poke|p2|Klefki, L50, F|
|poke|p2|Krookodile, L50, F|
|poke|p2|Floette-Eternal, L50, F|
|teampreview|4
|showteam|p1|Chandelure||Chandelurite|Infiltrator|HeatWave,ShadowBall,TrickRoom,Protect|Modest||F|||50|]Garganacl||Leftovers|PurifyingSalt|WideGuard,SaltCure,Recover,Protect|Sassy||M|||50|]Greninja||Greninjite|Torrent|IceBeam,Protect,HydroPump,DarkPulse|Timid||F|||50|]Rotom-Mow||ChoiceScarf|Levitate|Thunderbolt,LeafStorm,Electroweb,VoltSwitch|Timid|||||50|]Krookodile||PasshoBerry|Intimidate|Crunch,Taunt,Protect,HighHorsepower|Adamant||F|||50|]Ariados||ScopeLens|Sniper|CrossPoison,Protect,RagePowder|Impish||F|||50|
|showteam|p2|Greninja||Greninjite|Protean|Blizzard,DarkPulse,Extrasensory,Protect|Modest||F|||50|]Slowking-Galar||Leftovers|Regenerator|ChillyReception,Protect,Toxic,AcidSpray|Calm||F|||50|]Rotom-Frost||ChoiceScarf|Levitate|VoltSwitch,Blizzard,Discharge,Electroweb|Timid|||||50|]Klefki||LightClay|Prankster|ThunderWave,Reflect,LightScreen,DazzlingGleam|Timid||F|||50|]Krookodile||LifeOrb|Intimidate|Earthquake,KnockOff,CloseCombat,Protect|Jolly||F|||50|]Floette-Eternal||FairyFeather|FlowerVeil|Protect,DazzlingGleam,Moonblast,LightofRuin|Timid||F|||50|
|
|t:|1783824144
|teamsize|p1|4
|teamsize|p2|4
|start
|switch|p1a: Garganacl|Garganacl, L50, M|100/100
|switch|p1b: Rotom|Rotom-Mow, L50|100/100
|switch|p2a: Slowking|Slowking-Galar, L50, F|100/100
|switch|p2b: Rotom|Rotom-Frost, L50|100/100
|turn|1
|
|t:|1783824169
|move|p2b: Rotom|Volt Switch|p1a: Garganacl
|-damage|p1a: Garganacl|76/100
|
|t:|1783824177
|switch|p2b: Krookodile|Krookodile, L50, F|100/100|[from] Volt Switch
|-ability|p2b: Krookodile|Intimidate|boost
|-unboost|p1a: Garganacl|atk|1
|-unboost|p1b: Rotom|atk|1
|move|p1b: Rotom|Volt Switch|p2a: Slowking
|-damage|p2a: Slowking|80/100
|
|t:|1783824184
|switch|p1b: Greninja|Greninja, L50, F|100/100|[from] Volt Switch
|-prepare|p2a: Slowking|Chilly Reception|[premajor]
|move|p2a: Slowking|Chilly Reception|p2a: Slowking
|-weather|Snowscape
|
|t:|1783824190
|-heal|p2a: Slowking|100/100|[from] ability: Regenerator|[silent]
|switch|p2a: Rotom|Rotom-Frost, L50|100/100|[from] Chilly Reception
|move|p1a: Garganacl|Salt Cure|p2b: Krookodile
|-resisted|p2b: Krookodile|1
|-damage|p2b: Krookodile|94/100
|-start|p2b: Krookodile|Salt Cure
|
|-weather|Snowscape|[upkeep]
|-heal|p1a: Garganacl|82/100|[from] item: Leftovers
|-damage|p2b: Krookodile|88/100|[from] Salt Cure
|upkeep
|turn|2
|
|t:|1783824227
|switch|p1b: Rotom|Rotom-Mow, L50|100/100
|move|p1a: Garganacl|Protect|p1a: Garganacl
|-singleturn|p1a: Garganacl|Protect
|move|p2a: Rotom|Volt Switch|p1a: Garganacl
|-activate|p1a: Garganacl|move: Protect
|move|p2b: Krookodile|Close Combat|p1a: Garganacl
|-activate|p1a: Garganacl|move: Protect
|
|-weather|Snowscape|[upkeep]
|-heal|p1a: Garganacl|88/100|[from] item: Leftovers
|-damage|p2b: Krookodile|82/100|[from] Salt Cure
|upkeep
|turn|3
|
|t:|1783824246
|move|p2b: Krookodile|Protect|p2b: Krookodile
|-singleturn|p2b: Krookodile|Protect
|move|p2a: Rotom|Volt Switch|p1a: Garganacl
|-damage|p1a: Garganacl|67/100
|
|t:|1783824254
|switch|p2a: Floette|Floette-Eternal, L50, F|100/100|[from] Volt Switch
|move|p1b: Rotom|Volt Switch|p2a: Floette
|-damage|p2a: Floette|67/100
|
|t:|1783824270
|switch|p1b: Greninja|Greninja, L50, F|100/100|[from] Volt Switch
|move|p1a: Garganacl|Salt Cure|p2a: Floette
|-damage|p2a: Floette|52/100
|-start|p2a: Floette|Salt Cure
|
|-weather|Snowscape|[upkeep]
|-heal|p1a: Garganacl|73/100|[from] item: Leftovers
|-damage|p2a: Floette|47/100|[from] Salt Cure
|-damage|p2b: Krookodile|76/100|[from] Salt Cure
|upkeep
|turn|4
|
|t:|1783824283
|switch|p2a: Rotom|Rotom-Frost, L50|100/100
|detailschange|p1b: Greninja|Greninja-Mega, L50, F
|-mega|p1b: Greninja|Greninja|Greninjite
|move|p1b: Greninja|Protect|p1b: Greninja
|-start|p1b: Greninja|typechange|Normal|[from] ability: Protean
|-singleturn|p1b: Greninja|Protect
|move|p1a: Garganacl|Wide Guard|p1a: Garganacl
|-singleturn|p1a: Garganacl|Wide Guard
|move|p2b: Krookodile|Earthquake|p1b: Greninja|[spread] 
|-activate|p1a: Garganacl|move: Wide Guard
|-activate|p1b: Greninja|move: Wide Guard
|-immune|p2a: Rotom|[from] ability: Levitate
|
|-weather|Snowscape|[upkeep]
|-heal|p1a: Garganacl|79/100|[from] item: Leftovers
|-damage|p2b: Krookodile|70/100|[from] Salt Cure
|upkeep
|turn|5
|
|t:|1783824310
|switch|p2b: Slowking|Slowking-Galar, L50, F|100/100
|move|p1a: Garganacl|Wide Guard|p1a: Garganacl
|-singleturn|p1a: Garganacl|Wide Guard
|move|p2a: Rotom|Volt Switch|p1b: Greninja
|-damage|p1b: Greninja|51/100
|
|t:|1783824327
|switch|p2a: Floette|Floette-Eternal, L50, F|47/100|[from] Volt Switch
|move|p1b: Greninja|Ice Beam|p2b: Slowking
|-damage|p2b: Slowking|79/100
|
|-weather|none
|-heal|p2b: Slowking|85/100|[from] item: Leftovers
|-heal|p1a: Garganacl|85/100|[from] item: Leftovers
|upkeep
|turn|6
|
|t:|1783824346
|move|p1b: Greninja|Protect|p1b: Greninja
|-singleturn|p1b: Greninja|Protect
|move|p2a: Floette|Moonblast|p1b: Greninja
|-activate|p1b: Greninja|move: Protect
|move|p2b: Slowking|Acid Spray|p1a: Garganacl
|-resisted|p1a: Garganacl|1
|-damage|p1a: Garganacl|79/100
|-unboost|p1a: Garganacl|spd|2
|move|p1a: Garganacl|Salt Cure|p2a: Floette
|-damage|p2a: Floette|32/100
|-start|p2a: Floette|Salt Cure
|
|-heal|p2b: Slowking|91/100|[from] item: Leftovers
|-heal|p1a: Garganacl|85/100|[from] item: Leftovers
|-damage|p2a: Floette|26/100|[from] Salt Cure
|upkeep
|turn|7
|
|t:|1783824364
|switch|p1b: Ariados|Ariados, L50, F|100/100
|move|p1a: Garganacl|Protect|p1a: Garganacl
|-singleturn|p1a: Garganacl|Protect
|move|p2a: Floette|Moonblast|p1a: Garganacl
|-activate|p1a: Garganacl|move: Protect
|move|p2b: Slowking|Toxic|p1b: Ariados
|-immune|p1b: Ariados
|
|-heal|p2b: Slowking|97/100|[from] item: Leftovers
|-heal|p1a: Garganacl|91/100|[from] item: Leftovers
|-damage|p2a: Floette|20/100y|[from] Salt Cure
|upkeep
|turn|8
|
|t:|1783824392
|switch|p2a: Rotom|Rotom-Frost, L50|100/100
|switch|p1a: Rotom|Rotom-Mow, L50|100/100
|move|p1b: Ariados|Cross Poison|p2a: Rotom
|-crit|p2a: Rotom
|-damage|p2a: Rotom|31/100
|-prepare|p2b: Slowking|Chilly Reception|[premajor]
|move|p2b: Slowking|Chilly Reception|p2b: Slowking
|-weather|Snowscape
|
|t:|1783824405
|-heal|p2b: Slowking|100/100|[from] ability: Regenerator|[silent]
|switch|p2b: Floette|Floette-Eternal, L50, F|20/100y|[from] Chilly Reception
|
|-weather|Snowscape|[upkeep]
|upkeep
|turn|9
|
|t:|1783824431
|move|p1a: Rotom|Electroweb|p2a: Rotom|[spread] p2a
|-miss|p1a: Rotom|p2b: Floette
|-resisted|p2a: Rotom|1
|-damage|p2a: Rotom|18/100
|-unboost|p2a: Rotom|spe|1
|move|p2b: Floette|Dazzling Gleam|p1b: Ariados|[spread] p1a,p1b
|-resisted|p1b: Ariados|1
|-damage|p1a: Rotom|46/100
|-damage|p1b: Ariados|77/100
|move|p2a: Rotom|Blizzard|p1a: Rotom|[spread] p1a,p1b
|-supereffective|p1a: Rotom|1
|-damage|p1a: Rotom|0 fnt
|-damage|p1b: Ariados|33/100
|faint|p1a: Rotom
|move|p1b: Ariados|Cross Poison|p2b: Floette
|-supereffective|p2b: Floette|1
|-damage|p2b: Floette|0 fnt
|faint|p2b: Floette
|
|-weather|Snowscape|[upkeep]
|upkeep
|
|t:|1783824450
|switch|p2b: Krookodile|Krookodile, L50, F|70/100
|switch|p1a: Greninja|Greninja-Mega, L50, F|51/100
|-ability|p2b: Krookodile|Intimidate|boost
|-unboost|p1a: Greninja|atk|1
|-unboost|p1b: Ariados|atk|1
|turn|10
|
|t:|1783824468
|switch|p1b: Garganacl|Garganacl, L50, M|91/100
|move|p1a: Greninja|Hydro Pump|p2b: Krookodile
|-start|p1a: Greninja|typechange|Water|[from] ability: Protean
|-supereffective|p2b: Krookodile|1
|-damage|p2b: Krookodile|0 fnt
|faint|p2b: Krookodile
|move|p2a: Rotom|Blizzard|p1b: Garganacl|[spread] p1a,p1b
|-resisted|p1a: Greninja|1
|-damage|p1a: Greninja|26/100
|-damage|p1b: Garganacl|63/100
|
|-weather|Snowscape|[upkeep]
|-heal|p1b: Garganacl|69/100|[from] item: Leftovers
|upkeep
|
|t:|1783824480
|switch|p2b: Slowking|Slowking-Galar, L50, F|100/100
|turn|11
|
|t:|1783824495
|move|p1b: Garganacl|Wide Guard|p1b: Garganacl
|-singleturn|p1b: Garganacl|Wide Guard
|move|p1a: Greninja|Dark Pulse|p2a: Rotom
|-damage|p2a: Rotom|0 fnt
|faint|p2a: Rotom
|move|p2b: Slowking|Toxic|p1a: Greninja
|-status|p1a: Greninja|tox
|
|-weather|Snowscape|[upkeep]
|-heal|p1b: Garganacl|75/100|[from] item: Leftovers
|-damage|p1a: Greninja|20/100y tox|[from] psn
|upkeep
|turn|12
|
|t:|1783824517
|switch|p1a: Ariados|Ariados, L50, F|33/100
|move|p2b: Slowking|Protect|p2b: Slowking
|-singleturn|p2b: Slowking|Protect
|move|p1b: Garganacl|Salt Cure|p2b: Slowking
|-activate|p2b: Slowking|move: Protect
|
|-weather|none
|-heal|p1b: Garganacl|81/100|[from] item: Leftovers
|upkeep
|turn|13
|
|t:|1783824526
|move|p1a: Ariados|Rage Powder|p1a: Ariados
|-singleturn|p1a: Ariados|move: Rage Powder
|move|p2b: Slowking|Acid Spray|p1a: Ariados
|-resisted|p1a: Ariados|1
|-damage|p1a: Ariados|24/100
|-unboost|p1a: Ariados|spd|2
|move|p1b: Garganacl|Salt Cure|p2b: Slowking
|-damage|p2b: Slowking|85/100
|-start|p2b: Slowking|Salt Cure
|
|-heal|p2b: Slowking|91/100|[from] item: Leftovers
|-heal|p1b: Garganacl|86/100|[from] item: Leftovers
|-damage|p2b: Slowking|85/100|[from] Salt Cure
|upkeep
|turn|14
|
|t:|1783824532
|move|p1a: Ariados|Rage Powder|p1a: Ariados
|-singleturn|p1a: Ariados|move: Rage Powder
|move|p2b: Slowking|Acid Spray|p1a: Ariados
|-resisted|p1a: Ariados|1
|-damage|p1a: Ariados|6/100
|-unboost|p1a: Ariados|spd|2
|move|p1b: Garganacl|Salt Cure|p2b: Slowking
|-damage|p2b: Slowking|70/100
|
|-heal|p2b: Slowking|76/100|[from] item: Leftovers
|-heal|p1b: Garganacl|92/100|[from] item: Leftovers
|-damage|p2b: Slowking|70/100|[from] Salt Cure
|upkeep
|turn|15
|
|t:|1783824538
|move|p1a: Ariados|Rage Powder|p1a: Ariados
|-singleturn|p1a: Ariados|move: Rage Powder
|move|p2b: Slowking|Acid Spray|p1a: Ariados
|-resisted|p1a: Ariados|1
|-damage|p1a: Ariados|0 fnt
|faint|p1a: Ariados
|move|p1b: Garganacl|Salt Cure|p2b: Slowking
|-damage|p2b: Slowking|56/100
|
|-heal|p2b: Slowking|62/100|[from] item: Leftovers
|-heal|p1b: Garganacl|98/100|[from] item: Leftovers
|-damage|p2b: Slowking|56/100|[from] Salt Cure
|upkeep
|
|t:|1783824539
|switch|p1a: Greninja|Greninja-Mega, L50, F|20/100y tox
|turn|16
|
|t:|1783824544
|move|p1a: Greninja|Dark Pulse|p2b: Slowking
|-start|p1a: Greninja|typechange|Dark|[from] ability: Protean
|-supereffective|p2b: Slowking|1
|-damage|p2b: Slowking|8/100
|cant|p2b: Slowking|flinch
|move|p1b: Garganacl|Salt Cure|p2b: Slowking
|-damage|p2b: Slowking|0 fnt
|faint|p2b: Slowking
|
|win|Juno Truther
||Juno Truther is ready for game 2.
||AtomicTwilight is ready for game 2.
|uhtml|next|Next: Game 2 of 3
