|j|☆FillmooreTJ
|j|☆lukoog
|html|FillmooreTJlukoog    
|uhtml|bestof|Game 3 of a best-of-3
|t:|1783455222
|gametype|doubles
|player|p1|FillmooreTJ|clair|1102
|player|p2|lukoog|265|1064
|gen|9
|tier|[Gen 9 Champions] VGC 2026 Reg M-B (Bo3)
|rated|
|rule|Species Clause: Limit one of each Pokémon
|rule|Item Clause: Limit 1 of each item
|clearpoke
|poke|p1|Raichu, L50, F|
|poke|p1|Basculegion-F, L50, F|
|poke|p1|Ninetales-Alola, L50, M|
|poke|p1|Staraptor, L50, M|
|poke|p1|Arcanine-Hisui, L50, M|
|poke|p1|Tsareena, L50, F|
|poke|p2|Raichu, L50, F|
|poke|p2|Aerodactyl, L50, M, shiny|
|poke|p2|Garchomp, L50, F, shiny|
|poke|p2|Sceptile, L50, M|
|poke|p2|Whimsicott, L50, M|
|poke|p2|Rotom-Wash, L50|
|teampreview|4
|showteam|p1|Raichu||RaichuniteY|LightningRod|FakeOut,Thunder,FocusBlast,Protect|Timid||F|||50|]Basculegion-F||ChoiceScarf|Adaptability|ShadowBall,MuddyWater,FlipTurn,Blizzard|Modest||F|||50|]Ninetales-Alola||NeverMeltIce|SnowWarning|AuroraVeil,Blizzard,Protect,IcyWind|Timid||M|||50|]Staraptor||Staraptite|Intimidate|CloseCombat,Roost,BraveBird,Protect|Adamant||M|||50|]Arcanine-Hisui||ShucaBerry|Intimidate|HeadSmash,FlareBlitz,ExtremeSpeed,Protect|Adamant||M|||50|]Tsareena||SitrusBerry|QueenlyMajesty|TropKick,LowKick,Taunt,Uturn|Adamant||F|||50|
|showteam|p2|Raichu||RaichuniteY|LightningRod|ZapCannon,FocusBlast,FakeOut,Protect|Timid||F|||50|]Aerodactyl||FocusSash|Unnerve|RockSlide,Tailwind,StealthRock,WideGuard|Jolly||M|||50|]Garchomp||SoftSand|RoughSkin|Earthquake,RockSlide,StompingTantrum,Protect|Adamant||F|||50|]Sceptile||Sceptilite|Overgrow|Protect,EnergyBall,DragonPulse,EarthPower|Modest||M|||50|]Whimsicott||YacheBerry|Prankster|Encore,Tailwind,Taunt,Moonblast|Bold||M|||50|]Rotom-Wash||SitrusBerry|Levitate|Discharge,VoltSwitch,WillOWisp,ShadowBall|Timid|||||50|
|inactive|Battle timer is ON: inactive players will automatically lose when time's up. (requested by lukoog)
|
|t:|1783455260
|teamsize|p1|4
|teamsize|p2|4
|start
|switch|p1a: Raichu|Raichu, L50, F|100/100
|switch|p1b: Staraptor|Staraptor, L50, M|100/100
|switch|p2a: Garchomp|Garchomp, L50, F, shiny|100/100
|switch|p2b: Sceptile|Sceptile, L50, M|100/100
|-ability|p1b: Staraptor|Intimidate|boost
|-unboost|p2a: Garchomp|atk|1
|-unboost|p2b: Sceptile|atk|1
|turn|1
|inactive|FillmooreTJ has 30 seconds left.
|inactive|lukoog has 30 seconds left.
|inactive|FillmooreTJ has 20 seconds left.
|inactive|lukoog has 20 seconds left.
|inactive|FillmooreTJ has 15 seconds left.
|inactive|lukoog has 15 seconds left.
|inactive|FillmooreTJ has 10 seconds left.
|
|t:|1783455308
|switch|p2b: Rotom|Rotom-Wash, L50|100/100
|detailschange|p1b: Staraptor|Staraptor-Mega, L50, M
|-mega|p1b: Staraptor|Staraptor|Staraptite
|move|p1a: Raichu|Fake Out|p2a: Garchomp
|-damage|p2a: Garchomp|92/100
|-damage|p1a: Raichu|87/100|[from] ability: Rough Skin|[of] p2a: Garchomp
|cant|p2a: Garchomp|flinch
|move|p1b: Staraptor|Close Combat|p2a: Garchomp
|-damage|p2a: Garchomp|23/100
|-boost|p1b: Staraptor|def|1
|-boost|p1b: Staraptor|spd|1
|-damage|p1b: Staraptor|87/100|[from] ability: Rough Skin|[of] p2a: Garchomp
|
|upkeep
|turn|2
|inactive|FillmooreTJ has 30 seconds left.
|
|t:|1783455341
|move|p1a: Raichu|Focus Blast|p2a: Garchomp|[miss]
|-miss|p1a: Raichu|p2a: Garchomp
|move|p2b: Rotom|Will-O-Wisp|p1b: Staraptor
|-status|p1b: Staraptor|brn
|move|p2a: Garchomp|Earthquake|p1b: Staraptor|[spread] p1a
|-immune|p2b: Rotom|[from] ability: Levitate
|-immune|p1b: Staraptor
|-supereffective|p1a: Raichu|1
|-damage|p1a: Raichu|0 fnt
|faint|p1a: Raichu
|move|p1b: Staraptor|Close Combat|p2b: Rotom
|-damage|p2b: Rotom|55/100
|-boost|p1b: Staraptor|def|1
|-boost|p1b: Staraptor|spd|1
|
|-damage|p1b: Staraptor|81/100 brn|[from] brn
|upkeep
|
|t:|1783455359
|switch|p1a: Ninetales|Ninetales-Alola, L50, M|100/100
|-weather|Snowscape|[from] ability: Snow Warning|[of] p1a: Ninetales
|turn|3
|
|t:|1783455376
|move|p1a: Ninetales|Icy Wind|p2b: Rotom|[spread] p2b
|-miss|p1a: Ninetales|p2a: Garchomp
|-resisted|p2b: Rotom|1
|-damage|p2b: Rotom|40/100
|-unboost|p2b: Rotom|spe|1
|-enditem|p2b: Rotom|Sitrus Berry|[eat]
|-heal|p2b: Rotom|65/100|[from] item: Sitrus Berry
|move|p2a: Garchomp|Rock Slide|p1b: Staraptor|[spread] p1a,p1b
|-supereffective|p1a: Ninetales|1
|-damage|p1a: Ninetales|69/100
|-damage|p1b: Staraptor|75/100 brn
|cant|p1b: Staraptor|flinch
|move|p2b: Rotom|Volt Switch|p1b: Staraptor
|-supereffective|p1b: Staraptor|1
|-damage|p1b: Staraptor|42/100 brn
|
|t:|1783455390
|switch|p2b: Aerodactyl|Aerodactyl, L50, M, shiny|100/100|[from] Volt Switch
|-ability|p2b: Aerodactyl|Unnerve
|
|-weather|Snowscape|[upkeep]
|-damage|p1b: Staraptor|36/100 brn|[from] brn
|upkeep
|turn|4
|
|t:|1783455399
|switch|p1a: Arcanine|Arcanine-Hisui, L50, M|100/100
|-ability|p1a: Arcanine|Intimidate|boost
|-unboost|p2a: Garchomp|atk|1
|-unboost|p2b: Aerodactyl|atk|1
|switch|p2a: Rotom|Rotom-Wash, L50|65/100
|move|p2b: Aerodactyl|Rock Slide|p1a: Arcanine|[spread] p1b
|-miss|p2b: Aerodactyl|p1a: Arcanine
|-damage|p1b: Staraptor|28/100 brn
|move|p1b: Staraptor|Roost|p1b: Staraptor
|-heal|p1b: Staraptor|78/100 brn
|-singleturn|p1b: Staraptor|move: Roost
|
|-weather|Snowscape|[upkeep]
|-damage|p1b: Staraptor|72/100 brn|[from] brn
|upkeep
|turn|5
|
|t:|1783455417
|move|p1a: Arcanine|Extreme Speed|p2b: Aerodactyl
|-resisted|p2b: Aerodactyl|1
|-damage|p2b: Aerodactyl|77/100
|move|p2b: Aerodactyl|Tailwind|p2b: Aerodactyl
|-sidestart|p2: lukoog|move: Tailwind
|move|p2a: Rotom|Discharge|p1b: Staraptor|[spread] p2b,p1a,p1b
|-supereffective|p2b: Aerodactyl|1
|-supereffective|p1b: Staraptor|1
|-damage|p2b: Aerodactyl|0 fnt
|-damage|p1a: Arcanine|70/100
|-damage|p1b: Staraptor|46/100 brn
|faint|p2b: Aerodactyl
|move|p1b: Staraptor|Close Combat|p2a: Rotom
|-damage|p2a: Rotom|13/100
|-boost|p1b: Staraptor|def|1
|-boost|p1b: Staraptor|spd|1
|
|-weather|Snowscape|[upkeep]
|-damage|p1b: Staraptor|40/100 brn|[from] brn
|upkeep
|
|t:|1783455434
|switch|p2b: Garchomp|Garchomp, L50, F, shiny|23/100
|turn|6
|c|☆lukoog|gg
|
|t:|1783455442
|move|p1a: Arcanine|Extreme Speed|p2a: Rotom
|-damage|p2a: Rotom|0 fnt
|faint|p2a: Rotom
|move|p2b: Garchomp|Earthquake|p1a: Arcanine|[spread] p1a
|-immune|p1b: Staraptor
|-supereffective|p1a: Arcanine|2
|-enditem|p1a: Arcanine|Shuca Berry|[eat]
|-enditem|p1a: Arcanine|Shuca Berry|[weaken]
|-damage|p1a: Arcanine|0 fnt
|faint|p1a: Arcanine
|move|p1b: Staraptor|Roost|p1b: Staraptor
|-heal|p1b: Staraptor|90/100 brn
|-singleturn|p1b: Staraptor|move: Roost
|
|-weather|Snowscape|[upkeep]
|-damage|p1b: Staraptor|83/100 brn|[from] brn
|upkeep
|
|t:|1783455457
|switch|p2a: Sceptile|Sceptile, L50, M|100/100
|switch|p1a: Ninetales|Ninetales-Alola, L50, M|69/100
|turn|7
|
|t:|1783455474
|detailschange|p2a: Sceptile|Sceptile-Mega, L50, M
|-mega|p2a: Sceptile|Sceptile|Sceptilite
|move|p2a: Sceptile|Dragon Pulse|p1b: Staraptor
|-damage|p1b: Staraptor|59/100 brn
|move|p2b: Garchomp|Rock Slide|p1a: Ninetales|[spread] p1a,p1b
|-supereffective|p1a: Ninetales|1
|-damage|p1a: Ninetales|27/100
|-damage|p1b: Staraptor|52/100 brn
|cant|p1a: Ninetales|flinch
|move|p1b: Staraptor|Close Combat|p2b: Garchomp
|-damage|p2b: Garchomp|0 fnt
|-boost|p1b: Staraptor|def|1
|-boost|p1b: Staraptor|spd|1
|-damage|p1b: Staraptor|39/100 brn|[from] ability: Rough Skin|[of] p2b: Garchomp
|faint|p2b: Garchomp
|
|-weather|none
|-damage|p1b: Staraptor|33/100 brn|[from] brn
|upkeep
|turn|8
|
|t:|1783455495
|move|p2a: Sceptile|Energy Ball|p1a: Ninetales
|-damage|p1a: Ninetales|0 fnt
|faint|p1a: Ninetales
|move|p1b: Staraptor|Roost|p1b: Staraptor
|-heal|p1b: Staraptor|83/100 brn
|-singleturn|p1b: Staraptor|move: Roost
|
|-damage|p1b: Staraptor|77/100 brn|[from] brn
|-sideend|p2: lukoog|move: Tailwind
|upkeep
|turn|9
|
|t:|1783455507
|move|p2a: Sceptile|Dragon Pulse|p1b: Staraptor
|-damage|p1b: Staraptor|59/100 brn
|move|p1b: Staraptor|Roost|p1b: Staraptor
|-heal|p1b: Staraptor|100/100 brn
|-singleturn|p1b: Staraptor|move: Roost
|
|-damage|p1b: Staraptor|93/100 brn|[from] brn
|upkeep
|turn|10
|-message|lukoog forfeited.
|
|win|FillmooreTJ
|raw|FillmooreTJ's rating: 1102 → 1124(+22 for winning)
|raw|lukoog's rating: 1064 → 1047(-17 for losing)
|l|☆lukoog
|player|p2|
