|j|☆Slothpk
|j|☆gridius
|html|Slothpkgridius    
|uhtml|bestof|Game 1 of a best-of-3
|t:|1786050696
|gametype|doubles
|player|p1|Slothpk|265|1149
|player|p2|gridius|101|1239
|gen|9
|tier|[Gen 9 Champions] VGC 2026 Reg M-B (Bo3)
|rated|
|rule|Species Clause: Limit one of each Pokémon
|rule|Item Clause: Limit 1 of each item
|clearpoke
|poke|p1|Garchomp, L50, F|
|poke|p1|Whimsicott, L50, M|
|poke|p1|Tyranitar, L50, F|
|poke|p1|Scizor, L50, M|
|poke|p1|Sinistcha, L50|
|poke|p1|Kingambit, L50, F|
|poke|p2|Floette-Eternal, L50, F|
|poke|p2|Charizard, L50, M, shiny|
|poke|p2|Whimsicott, L50, F|
|poke|p2|Garchomp, L50, M|
|poke|p2|Basculegion, L50, M|
|poke|p2|Kingambit, L50, M|
|teampreview|4
|showteam|p1|Garchomp||Garchompite|SandVeil|Protect,EarthPower,DracoMeteor,PowerGem|Modest||F|||50|]Whimsicott||FairyFeather|Prankster|Protect,Tailwind,LightScreen,Moonblast|Bold||M|||50|]Tyranitar||Leftovers|SandStream|Protect,RockSlide,KnockOff,LowKick|Adamant||F|||50|]Scizor||Scizorite|Technician|BulletPunch,BugBite,Protect,SwordsDance|Brave||M|||50|]Sinistcha||SitrusBerry|Hospitality|Protect,RagePowder,MatchaGotcha,TrickRoom|Modest|||||50|]Kingambit||OccaBerry|Defiant|Protect,SuckerPunch,KowtowCleave,IronHead|Brave||F|||50|
|showteam|p2|Floette-Eternal||Floettite|FlowerVeil|Moonblast,DazzlingGleam,LightofRuin,Protect|Modest||F|||50|]Charizard||CharizarditeY|Blaze|HeatWave,WeatherBall,SolarBeam,Protect|Modest||M|||50|]Whimsicott||FocusSash|Prankster|Moonblast,Encore,Tailwind,Protect|Timid||F|||50|]Garchomp||LifeOrb|RoughSkin|DragonClaw,Earthquake,Protect,RockSlide|Jolly||M|||50|]Basculegion||MysticWater|Adaptability|WaveCrash,LastRespects,AquaJet,Protect|Jolly||M|||50|]Kingambit||BlackGlasses|Defiant|KowtowCleave,IronHead,SuckerPunch,Protect|Adamant||M|||50|
|inactive|Battle timer is ON: inactive players will automatically lose when time's up. (requested by Slothpk)
|inactive|Slothpk has 60 seconds left.
|inactive|gridius has 60 seconds left.
|inactive|Slothpk has 30 seconds left.
|inactive|gridius has 30 seconds left.
|inactive|Slothpk has 20 seconds left.
|inactive|gridius has 20 seconds left.
|inactive|gridius has 15 seconds left.
|inactive|Slothpk has 15 seconds left.
|inactive|gridius has 10 seconds left.
|inactive|Slothpk has 10 seconds left.
|
|t:|1786050794
|teamsize|p1|4
|teamsize|p2|4
|start
|switch|p1a: Garchomp|Garchomp, L50, F|100/100
|switch|p1b: Sinistcha|Sinistcha, L50|100/100
|switch|p2a: Charizard|Charizard, L50, M, shiny|100/100
|switch|p2b: Whimsicott|Whimsicott, L50, F|100/100
|turn|1
|
|t:|1786050816
|detailschange|p1a: Garchomp|Garchomp-Mega, L50, F
|-mega|p1a: Garchomp|Garchomp|Garchompite
|move|p2a: Charizard|Protect|p2a: Charizard
|-singleturn|p2a: Charizard|Protect
|move|p2b: Whimsicott|Moonblast|p1a: Garchomp
|-supereffective|p1a: Garchomp|1
|-damage|p1a: Garchomp|42/100
|move|p1a: Garchomp|Power Gem|p2a: Charizard
|-activate|p2a: Charizard|move: Protect
|move|p1b: Sinistcha|Trick Room|p1b: Sinistcha
|-fieldstart|move: Trick Room|[of] p1b: Sinistcha
|
|upkeep
|turn|2
|inactive|Slothpk has 30 seconds left.
|inactive|gridius has 30 seconds left.
|inactive|gridius has 20 seconds left.
|inactive|gridius has 15 seconds left.
|
|t:|1786050859
|detailschange|p2a: Charizard|Charizard-Mega-Y, L50, M, shiny
|-mega|p2a: Charizard|Charizard|Charizardite Y
|-weather|SunnyDay|[from] ability: Drought|[of] p2a: Charizard
|move|p1b: Sinistcha|Rage Powder|p1b: Sinistcha
|-singleturn|p1b: Sinistcha|move: Rage Powder
|move|p1a: Garchomp|Draco Meteor|p2a: Charizard
|-damage|p2a: Charizard|33/100
|-unboost|p1a: Garchomp|spa|2
|move|p2a: Charizard|Heat Wave|p1b: Sinistcha|[spread] p1a,p1b
|-resisted|p1a: Garchomp|1
|-supereffective|p1b: Sinistcha|1
|-damage|p1a: Garchomp|17/100
|-damage|p1b: Sinistcha|0 fnt
|faint|p1b: Sinistcha
|move|p2b: Whimsicott|Moonblast|p1a: Garchomp
|-supereffective|p1a: Garchomp|1
|-damage|p1a: Garchomp|0 fnt
|faint|p1a: Garchomp
|
|-weather|SunnyDay|[upkeep]
|upkeep
|
|t:|1786050871
|switch|p1b: Kingambit|Kingambit, L50, F|100/100
|switch|p1a: Scizor|Scizor, L50, M|100/100
|turn|3
|inactive|gridius has 30 seconds left.
|
|t:|1786050899
|move|p2b: Whimsicott|Protect|p2b: Whimsicott
|-singleturn|p2b: Whimsicott|Protect
|move|p2a: Charizard|Protect|p2a: Charizard
|-singleturn|p2a: Charizard|Protect
|move|p1b: Kingambit|Sucker Punch||[still]
|-fail|p1b: Kingambit
|move|p1a: Scizor|Bullet Punch|p2b: Whimsicott
|-activate|p2b: Whimsicott|move: Protect
|
|-weather|SunnyDay|[upkeep]
|upkeep
|turn|4
|
|t:|1786050922
|switch|p2a: Basculegion|Basculegion, L50, M|100/100
|move|p1b: Kingambit|Sucker Punch||[still]
|-fail|p1b: Kingambit
|move|p2b: Whimsicott|Encore|p1a: Scizor
|-start|p1a: Scizor|Encore
|move|p1a: Scizor|Bullet Punch|p2a: Basculegion
|-resisted|p2a: Basculegion|1
|-crit|p2a: Basculegion
|-damage|p2a: Basculegion|71/100
|
|-weather|SunnyDay|[upkeep]
|upkeep
|turn|5
|
|t:|1786050942
|move|p2a: Basculegion|Protect|p2a: Basculegion
|-singleturn|p2a: Basculegion|Protect
|move|p1b: Kingambit|Sucker Punch||[still]
|-fail|p1b: Kingambit
|move|p1a: Scizor|Bullet Punch|p2b: Whimsicott
|-supereffective|p2b: Whimsicott|1
|-enditem|p2b: Whimsicott|Focus Sash
|-damage|p2b: Whimsicott|1/100
|move|p2b: Whimsicott|Tailwind|p2b: Whimsicott
|-sidestart|p2: gridius|move: Tailwind
|
|-weather|SunnyDay|[upkeep]
|-fieldend|move: Trick Room
|upkeep
|turn|6
|inactive|gridius has 30 seconds left.
|inactive|gridius has 20 seconds left.
|inactive|gridius has 15 seconds left.
|
|t:|1786050984
|switch|p2a: Garchomp|Garchomp, L50, M|100/100
|move|p2b: Whimsicott|Protect|p2b: Whimsicott
|-singleturn|p2b: Whimsicott|Protect
|move|p1a: Scizor|Bullet Punch|p2b: Whimsicott
|-activate|p2b: Whimsicott|move: Protect
|move|p1b: Kingambit|Sucker Punch||[still]
|-fail|p1b: Kingambit
|
|-weather|none
|-end|p1a: Scizor|Encore
|upkeep
|turn|7
|
|t:|1786051009
|move|p2b: Whimsicott|Encore|p1a: Scizor
|-start|p1a: Scizor|Encore
|move|p1a: Scizor|Bullet Punch|p2a: Garchomp
|-damage|p2a: Garchomp|62/100
|-damage|p1a: Scizor|87/100|[from] ability: Rough Skin|[of] p2a: Garchomp
|move|p2a: Garchomp|Earthquake|p1b: Kingambit|[spread] p2b,p1a,p1b
|-resisted|p2b: Whimsicott|1
|-supereffective|p1b: Kingambit|1
|-damage|p2b: Whimsicott|0 fnt
|-damage|p1a: Scizor|33/100
|-damage|p1b: Kingambit|28/100
|faint|p2b: Whimsicott
|-damage|p2a: Garchomp|52/100|[from] item: Life Orb
|move|p1b: Kingambit|Kowtow Cleave|p2a: Garchomp
|-damage|p2a: Garchomp|0 fnt
|-damage|p1b: Kingambit|16/100|[from] ability: Rough Skin|[of] p2a: Garchomp
|faint|p2a: Garchomp
|
|upkeep
|
|t:|1786051025
|switch|p2b: Charizard|Charizard-Mega-Y, L50, M, shiny|33/100
|switch|p2a: Basculegion|Basculegion, L50, M|71/100
|-weather|SunnyDay|[from] ability: Drought|[of] p2b: Charizard
|turn|8
|
|t:|1786051044
|move|p1a: Scizor|Bullet Punch|p2b: Charizard
|-resisted|p2b: Charizard|1
|-damage|p2b: Charizard|16/100
|move|p1b: Kingambit|Sucker Punch|p2a: Basculegion
|-supereffective|p2a: Basculegion|1
|-damage|p2a: Basculegion|0 fnt
|faint|p2a: Basculegion
|move|p2b: Charizard|Heat Wave|p1a: Scizor|[spread] p1a,p1b
|-supereffective|p1a: Scizor|2
|-supereffective|p1b: Kingambit|1
|-enditem|p1b: Kingambit|Occa Berry|[eat]
|-enditem|p1b: Kingambit|Occa Berry|[weaken]
|-damage|p1a: Scizor|0 fnt
|-damage|p1b: Kingambit|0 fnt
|faint|p1a: Scizor
|faint|p1b: Kingambit
|
|win|gridius
||Slothpk is ready for game 2.
|inactive|gridius has 30 seconds to confirm battle start!
||gridius is ready for game 2.
|uhtml|next|Next: Game 2 of 3
|l|☆Slothpk
|player|p1|
|l|☆gridius
|player|p2|
|j|☆gridius
|player|p2|gridius|101|
