|j|☆endK649
|j|☆LordTentacle69
|html|endK649LordTentacle69    
|uhtml|bestof|Game 2 of a best-of-3
|t:|1756772453
|gametype|doubles
|player|p1|endK649|gambler|1192
|player|p2|LordTentacle69|plasmagruntf|1299
|gen|9
|tier|[Gen 9] VGC 2025 Reg H (Bo3)
|rated|
|rule|Species Clause: Limit one of each Pokémon
|rule|Item Clause: Limit 1 of each item
|clearpoke
|poke|p1|Feraligatr, L50, F|
|poke|p1|Kommo-o, L50, F|
|poke|p1|Politoed, L50, F|
|poke|p1|Rillaboom, L50, M|
|poke|p1|Incineroar, L50, F|
|poke|p1|Sinistcha, L50|
|poke|p2|Pelipper, L50, F|
|poke|p2|Archaludon, L50, M|
|poke|p2|Ursaluna, L50, F|
|poke|p2|Sinistcha-Masterpiece, L50|
|poke|p2|Primarina, L50, F|
|poke|p2|Incineroar, L50, F|
|teampreview|4
|showteam|p1|Feraligatr||LifeOrb|SheerForce|Liquidation,Crunch,DragonDance,Protect|||F|||50|,,,,,Dark]Kommo-o||ThroatSpray|Overcoat|ClangingScales,AuraSphere,ClangorousSoul,Protect|||F|||50|,,,,,Fairy]Politoed||SitrusBerry|Drizzle|WeatherBall,IcyWind,Haze,Protect|||F|||50|,,,,,Grass]Rillaboom||AssaultVest|GrassySurge|WoodHammer,GrassyGlide,FakeOut,Uturn|||M|||50|,,,,,Fire]Incineroar||SafetyGoggles|Intimidate|KnockOff,FakeOut,Taunt,PartingShot|||F|||50|,,,,,Ghost]Sinistcha||CovertCloak|Hospitality|MatchaGotcha,ShadowBall,RagePowder,Protect||||||50|,,,,,Water
|showteam|p2|Pelipper||FocusSash|Drizzle|WeatherBall,Hurricane,Tailwind,Protect|||F|||50|,,,,,Stellar]Archaludon||AssaultVest|Stamina|ElectroShot,DracoMeteor,FlashCannon,BodyPress|||M|||50|,,,,,Bug]Ursaluna||FlameOrb|Guts|Facade,HeadlongRush,Protect,Earthquake|||F|||50|,,,,,Ghost]Sinistcha-Masterpiece||SitrusBerry|Hospitality|MatchaGotcha,RagePowder,TrickRoom,LifeDew||||||50|,,,,,Water]Primarina||ThroatSpray|LiquidVoice|Protect,HyperVoice,Moonblast,ShadowBall|||F|||50|,,,,,Poison]Incineroar||SafetyGoggles|Intimidate|KnockOff,Taunt,FakeOut,PartingShot|||F|||50|,,,,,Ghost
|
|t:|1756772507
|teamsize|p1|4
|teamsize|p2|4
|start
|switch|p1a: Kommo-o|Kommo-o, L50, F|100/100
|switch|p1b: Incineroar|Incineroar, L50, F, shiny|100/100
|switch|p2a: Gullet|Pelipper, L50, F|100/100
|switch|p2b: Wolfe Glick|Incineroar, L50, F|100/100
|-weather|RainDance|[from] ability: Drizzle|[of] p2a: Gullet
|-ability|p2b: Wolfe Glick|Intimidate|boost
|-unboost|p1a: Kommo-o|atk|1
|-unboost|p1b: Incineroar|atk|1
|-ability|p1b: Incineroar|Intimidate|boost
|-unboost|p2a: Gullet|atk|1
|-unboost|p2b: Wolfe Glick|atk|1
|turn|1
|
|t:|1756772546
|switch|p2a: Staple Remover|Archaludon, L50, M|100/100
|move|p1a: Kommo-o|Protect|p1a: Kommo-o
|-singleturn|p1a: Kommo-o|Protect
|move|p2b: Wolfe Glick|Fake Out|p1a: Kommo-o
|-activate|p1a: Kommo-o|move: Protect
|move|p1b: Incineroar|Fake Out|p2a: Staple Remover
|-resisted|p2a: Staple Remover
|-damage|p2a: Staple Remover|97/100
|-ability|p2a: Staple Remover|Stamina|boost
|-boost|p2a: Staple Remover|def|1
|
|-weather|RainDance|[upkeep]
|upkeep
|turn|2
|inactive|Battle timer is ON: inactive players will automatically lose when time's up. (requested by endK649)
|
|t:|1756772574
|-terastallize|p1a: Kommo-o|Fairy
|move|p1a: Kommo-o|Clangorous Soul|p1a: Kommo-o
|-boost|p1a: Kommo-o|atk|1
|-boost|p1a: Kommo-o|def|1
|-boost|p1a: Kommo-o|spa|1
|-boost|p1a: Kommo-o|spd|1
|-boost|p1a: Kommo-o|spe|1
|-damage|p1a: Kommo-o|68/100
|-enditem|p1a: Kommo-o|Throat Spray
|-boost|p1a: Kommo-o|spa|1|[from] item: Throat Spray
|move|p2a: Staple Remover|Electro Shot||[still]
|-prepare|p2a: Staple Remover|Electro Shot
|-boost|p2a: Staple Remover|spa|1
|-anim|p2a: Staple Remover|Electro Shot|p1a: Kommo-o
|-damage|p1a: Kommo-o|26/100
|move|p2b: Wolfe Glick|Parting Shot|p1a: Kommo-o
|-unboost|p1a: Kommo-o|atk|1
|-unboost|p1a: Kommo-o|spa|1
|
|t:|1756772582
|switch|p2b: I Like to Cha Cha|Sinistcha-Masterpiece, L50|100/100|[from] Parting Shot
|-heal|p2a: Staple Remover|100/100|[from] ability: Hospitality|[of] p2b: I Like to Cha Cha
|move|p1b: Incineroar|Parting Shot|p2a: Staple Remover
|-unboost|p2a: Staple Remover|atk|1
|-unboost|p2a: Staple Remover|spa|1
|
|t:|1756772590
|switch|p1b: Sinistcha|Sinistcha, L50|100/100|[from] Parting Shot
|-heal|p1a: Kommo-o|51/100|[from] ability: Hospitality|[of] p1b: Sinistcha
|
|-weather|RainDance|[upkeep]
|upkeep
|turn|3
|inactive|LordTentacle69 has 30 seconds left.
|
|t:|1756772620
|move|p1b: Sinistcha|Rage Powder|p1b: Sinistcha
|-singleturn|p1b: Sinistcha|move: Rage Powder
|move|p1a: Kommo-o|Aura Sphere|p2a: Staple Remover
|-supereffective|p2a: Staple Remover
|-crit|p2a: Staple Remover
|-damage|p2a: Staple Remover|0 fnt
|faint|p2a: Staple Remover
|move|p2b: I Like to Cha Cha|Life Dew||[still]
|-fail|p2b: I Like to Cha Cha|heal
|
|-weather|RainDance|[upkeep]
|upkeep
|
|t:|1756772630
|switch|p2a: Wolfe Glick|Incineroar, L50, F|100/100
|-ability|p2a: Wolfe Glick|Intimidate|boost
|-unboost|p1a: Kommo-o|atk|1
|-unboost|p1b: Sinistcha|atk|1
|turn|4
|inactive|LordTentacle69 has 30 seconds left.
|
|t:|1756772658
|switch|p1b: Incineroar|Incineroar, L50, F, shiny|100/100
|-ability|p1b: Incineroar|Intimidate|boost
|-unboost|p2a: Wolfe Glick|atk|1
|-unboost|p2b: I Like to Cha Cha|atk|1
|-terastallize|p2b: I Like to Cha Cha|Water
|move|p1a: Kommo-o|Protect|p1a: Kommo-o
|-singleturn|p1a: Kommo-o|Protect
|move|p2a: Wolfe Glick|Knock Off|p1b: Incineroar
|-resisted|p1b: Incineroar
|-damage|p1b: Incineroar|90/100
|-enditem|p1b: Incineroar|Safety Goggles|[from] move: Knock Off|[of] p2a: Wolfe Glick
|move|p2b: I Like to Cha Cha|Trick Room|p2b: I Like to Cha Cha
|-fieldstart|move: Trick Room|[of] p2b: I Like to Cha Cha
|
|-weather|RainDance|[upkeep]
|upkeep
|turn|5
|inactive|LordTentacle69 has 30 seconds left.
|inactive|LordTentacle69 has 20 seconds left.
|inactive|LordTentacle69 has 15 seconds left.
|
|t:|1756772698
|move|p1b: Incineroar|Fake Out|p2b: I Like to Cha Cha
|-damage|p2b: I Like to Cha Cha|91/100
|cant|p2b: I Like to Cha Cha|flinch
|move|p2a: Wolfe Glick|Parting Shot|p1a: Kommo-o
|-unboost|p1a: Kommo-o|atk|1
|-unboost|p1a: Kommo-o|spa|1
|
|t:|1756772705
|switch|p2a: Gullet|Pelipper, L50, F|100/100|[from] Parting Shot
|move|p1a: Kommo-o|Aura Sphere|p2a: Gullet
|-resisted|p2a: Gullet
|-damage|p2a: Gullet|69/100
|
|-weather|none
|upkeep
|turn|6
|
|t:|1756772718
|switch|p2a: Wolfe Glick|Incineroar, L50, F|100/100
|-ability|p2a: Wolfe Glick|Intimidate|boost
|-unboost|p1a: Kommo-o|atk|1
|-unboost|p1b: Incineroar|atk|1
|move|p1b: Incineroar|Parting Shot|p2a: Wolfe Glick
|-unboost|p2a: Wolfe Glick|atk|1
|-unboost|p2a: Wolfe Glick|spa|1
|
|t:|1756772725
|switch|p1b: Sinistcha|Sinistcha, L50|100/100|[from] Parting Shot
|-heal|p1a: Kommo-o|76/100|[from] ability: Hospitality|[of] p1b: Sinistcha
|move|p2b: I Like to Cha Cha|Matcha Gotcha|p1a: Kommo-o|[spread] p1a,p1b
|-resisted|p1b: Sinistcha
|-damage|p1a: Kommo-o|59/100
|-heal|p2b: I Like to Cha Cha|99/100|[from] drain|[of] p1a: Kommo-o
|-damage|p1b: Sinistcha|88/100
|-heal|p2b: I Like to Cha Cha|100/100|[from] drain|[of] p1b: Sinistcha
|move|p1a: Kommo-o|Aura Sphere|p2a: Wolfe Glick
|-supereffective|p2a: Wolfe Glick
|-damage|p2a: Wolfe Glick|34/100
|
|upkeep
|turn|7
|
|t:|1756772740
|switch|p1b: Incineroar|Incineroar, L50, F, shiny|90/100
|-ability|p1b: Incineroar|Intimidate|boost
|-unboost|p2a: Wolfe Glick|atk|1
|-unboost|p2b: I Like to Cha Cha|atk|1
|switch|p2a: Gullet|Pelipper, L50, F|69/100
|-weather|RainDance|[from] ability: Drizzle|[of] p2a: Gullet
|move|p2b: I Like to Cha Cha|Life Dew||[still]|[spread] p2a,p2b
|-heal|p2a: Gullet|94/100
|-fail|p2b: I Like to Cha Cha|heal
|move|p1a: Kommo-o|Aura Sphere|p2a: Gullet
|-resisted|p2a: Gullet
|-damage|p2a: Gullet|62/100
|
|-weather|RainDance|[upkeep]
|upkeep
|turn|8
|
|t:|1756772765
|move|p1b: Incineroar|Fake Out|p2a: Gullet
|-damage|p2a: Gullet|45/100
|move|p2b: I Like to Cha Cha|Life Dew||[still]|[spread] p2a,p2b
|-heal|p2a: Gullet|70/100
|-fail|p2b: I Like to Cha Cha|heal
|cant|p2a: Gullet|flinch
|move|p1a: Kommo-o|Aura Sphere|p2b: I Like to Cha Cha
|-damage|p2b: I Like to Cha Cha|63/100
|
|-weather|RainDance|[upkeep]
|-fieldend|move: Trick Room
|upkeep
|turn|9
|
|t:|1756772780
|move|p1a: Kommo-o|Clanging Scales|p2b: I Like to Cha Cha|[spread] p2a,p2b
|-damage|p2a: Gullet|12/100
|-damage|p2b: I Like to Cha Cha|27/100
|-enditem|p2b: I Like to Cha Cha|Sitrus Berry|[eat]
|-heal|p2b: I Like to Cha Cha|52/100|[from] item: Sitrus Berry
|-unboost|p1a: Kommo-o|def|1
|move|p2a: Gullet|Weather Ball|p1a: Kommo-o
|-damage|p1a: Kommo-o|7/100
|move|p2b: I Like to Cha Cha|Matcha Gotcha|p1a: Kommo-o|[spread] p1a,p1b
|-resisted|p1b: Incineroar
|-damage|p1a: Kommo-o|0 fnt
|-heal|p2b: I Like to Cha Cha|56/100|[from] drain|[of] p1a: Kommo-o
|-damage|p1b: Incineroar|79/100
|-heal|p2b: I Like to Cha Cha|61/100|[from] drain|[of] p1b: Incineroar
|faint|p1a: Kommo-o
|move|p1b: Incineroar|Knock Off|p2b: I Like to Cha Cha
|-damage|p2b: I Like to Cha Cha|37/100
|
|-weather|RainDance|[upkeep]
|upkeep
|
|t:|1756772783
|switch|p1a: Feraligatr|Feraligatr, L50, F, shiny|100/100
|turn|10
|inactive|LordTentacle69 has 30 seconds left.
|
|t:|1756772816
|move|p2b: I Like to Cha Cha|Rage Powder|p2b: I Like to Cha Cha
|-singleturn|p2b: I Like to Cha Cha|move: Rage Powder
|move|p1a: Feraligatr|Liquidation|p2b: I Like to Cha Cha
|-resisted|p2b: I Like to Cha Cha
|-damage|p2b: I Like to Cha Cha|0 fnt
|faint|p2b: I Like to Cha Cha
|move|p2a: Gullet|Weather Ball|p1b: Incineroar
|-supereffective|p1b: Incineroar
|-damage|p1b: Incineroar|0 fnt
|faint|p1b: Incineroar
|
|-weather|RainDance|[upkeep]
|upkeep
|
|t:|1756772826
|switch|p2b: Wolfe Glick|Incineroar, L50, F|34/100
|switch|p1b: Sinistcha|Sinistcha, L50|88/100
|-ability|p2b: Wolfe Glick|Intimidate|boost
|-unboost|p1a: Feraligatr|atk|1
|-unboost|p1b: Sinistcha|atk|1
|turn|11
|
|t:|1756772838
|move|p1a: Feraligatr|Protect|p1a: Feraligatr
|-singleturn|p1a: Feraligatr|Protect
|move|p1b: Sinistcha|Protect|p1b: Sinistcha
|-singleturn|p1b: Sinistcha|Protect
|move|p2b: Wolfe Glick|Fake Out|p1a: Feraligatr
|-activate|p1a: Feraligatr|move: Protect
|move|p2a: Gullet|Tailwind|p2a: Gullet
|-sidestart|p2: LordTentacle69|move: Tailwind
|
|-weather|none
|upkeep
|turn|12
|
|t:|1756772851
|move|p2a: Gullet|Hurricane|p1a: Feraligatr
|-damage|p1a: Feraligatr|37/100
|-start|p1a: Feraligatr|confusion
|move|p2b: Wolfe Glick|Knock Off|p1a: Feraligatr
|-damage|p1a: Feraligatr|0 fnt
|-enditem|p1a: Feraligatr|Life Orb|[from] move: Knock Off|[of] p2b: Wolfe Glick
|faint|p1a: Feraligatr
|move|p1b: Sinistcha|Shadow Ball|p2a: Gullet
|-damage|p2a: Gullet|0 fnt
|faint|p2a: Gullet
|
|upkeep
|turn|13
|
|t:|1756772866
|move|p1b: Sinistcha|Protect|p1b: Sinistcha
|-singleturn|p1b: Sinistcha|Protect
|move|p2b: Wolfe Glick|Knock Off|p1b: Sinistcha
|-activate|p1b: Sinistcha|move: Protect
|
|upkeep
|turn|14
|
|t:|1756772870
|move|p2b: Wolfe Glick|Knock Off|p1b: Sinistcha
|-supereffective|p1b: Sinistcha
|-damage|p1b: Sinistcha|22/100
|-enditem|p1b: Sinistcha|Covert Cloak|[from] move: Knock Off|[of] p2b: Wolfe Glick
|move|p1b: Sinistcha|Shadow Ball|p2b: Wolfe Glick
|-resisted|p2b: Wolfe Glick
|-damage|p2b: Wolfe Glick|20/100
|
|-sideend|p2: LordTentacle69|move: Tailwind
|upkeep
|turn|15
|
|t:|1756772882
|move|p2b: Wolfe Glick|Knock Off|p1b: Sinistcha
|-supereffective|p1b: Sinistcha
|-damage|p1b: Sinistcha|0 fnt
|faint|p1b: Sinistcha
|
|win|LordTentacle69
|raw|endK649's rating: 1192 → 1174(-18 for losing)
|raw|LordTentacle69's rating: 1299 → 1317(+18 for winning)
|l|☆LordTentacle69
|player|p2|
