|j|☆Masi_912
|j|☆111johan111
|html|Masi_912111johan111    
|uhtml|bestof|Game 2 of a best-of-3
|t:|1756576350
|gametype|doubles
|player|p1|Masi_912|1|1060
|player|p2|111johan111|2|1000
|gen|9
|tier|[Gen 9] VGC 2025 Reg H (Bo3)
|rated|
|rule|Species Clause: Limit one of each Pokémon
|rule|Item Clause: Limit 1 of each item
|clearpoke
|poke|p1|Kingdra, L50, M|
|poke|p1|Politoed, L50, F|
|poke|p1|Ninetales, L50, F|
|poke|p1|Zoroark-Hisui, L50, M|
|poke|p1|Arboliva, L50, M|
|poke|p1|Porygon2, L50|
|poke|p2|Slaking, L50, M|
|poke|p2|Weezing-Galar, L50, M|
|poke|p2|Incineroar, L50, F|
|poke|p2|Rillaboom, L50, F|
|poke|p2|Zoroark-Hisui, L50, F|
|poke|p2|Electrode-Hisui, L50|
|teampreview|4
|showteam|p1|Kingdra||LifeOrb|SwiftSwim|WeatherBall,Surf,DracoMeteor,Protect|||M|||50|,,,,,Stellar]Politoed||AssaultVest|Drizzle|MuddyWater,WeatherBall,IceBeam,MudShot|||F|||50|,,,,,Water]Ninetales||AdrenalineOrb|Drought|HeatWave,CalmMind,BatonPass,Protect|||F|||50|,,,,,Grass]Zoroark-Hisui||SilkScarf|Illusion|HyperVoice,ShadowBall,NastyPlot,Substitute|||M|||50|,,,,,Normal]Arboliva||SitrusBerry|SeedSower|HyperVoice,EnergyBall,WeatherBall,Protect|||M|||50|,,,,,Poison]Porygon2||Eviolite|Download|TeraBlast,Substitute,TrickRoom,Recover||||||50|,,,,,Fighting
|showteam|p2|Slaking||ClearAmulet|Truant|Protect,TeraBlast,HammerArm,DoubleEdge|||M|||50|,,,,,Ghost]Weezing-Galar||SitrusBerry|NeutralizingGas|WillOWisp,PainSplit,Protect,ClearSmog|||M|||50|,,,,,Dark]Incineroar||SafetyGoggles|Intimidate|FakeOut,PartingShot,KnockOff,Taunt|||F|||50|,,,,,Ghost]Rillaboom||AssaultVest|GrassySurge|FakeOut,GrassyGlide,WoodHammer,Uturn|||F|||50|,,,,,Grass]Zoroark-Hisui||ThroatSpray|Illusion|NastyPlot,ShadowBall,HyperVoice,Flamethrower|||F|||50|,,,,,Normal]Electrode-Hisui||ChoiceSpecs|Soundproof|VoltSwitch,Chloroblast,Electroweb,LeafStorm||||||50|,,,,,Electric
|
|t:|1756576380
|teamsize|p1|4
|teamsize|p2|4
|start
|switch|p1a: Shiryu|Kingdra, L50, M, shiny|100/100
|switch|p1b: Pepe|Politoed, L50, F|100/100
|switch|p2a: Incineroar|Incineroar, L50, F|100/100
|switch|p2b: Slaking|Slaking, L50, M|100/100
|-weather|RainDance|[from] ability: Drizzle|[of] p1b: Pepe
|turn|1
|
|t:|1756576416
|move|p1a: Shiryu|Surf|p2b: Slaking|[spread] p1b,p2a,p2b
|-resisted|p1b: Pepe
|-damage|p1b: Pepe|85/100
|-damage|p2a: Incineroar|0 fnt
|-damage|p2b: Slaking|27/100
|replace|p2a: Zoroark|Zoroark-Hisui, L50, F
|-end|p2a: Zoroark|Illusion
|faint|p2a: Zoroark
|-damage|p1a: Shiryu|91/100|[from] item: Life Orb
|move|p2b: Slaking|Double-Edge|p1b: Pepe
|-damage|p1b: Pepe|0 fnt
|faint|p1b: Pepe
|-damage|p2b: Slaking|3/100|[from] Recoil
|
|-weather|RainDance|[upkeep]
|upkeep
|
|t:|1756576432
|switch|p2a: Rillaboom|Rillaboom, L50, F|100/100
|switch|p1b: Uvita Fernandez|Arboliva, L50, M|100/100
|-fieldstart|move: Grassy Terrain|[from] ability: Grassy Surge|[of] p2a: Rillaboom
|turn|2
|
|t:|1756576448
|switch|p2b: Incineroar|Incineroar, L50, F|100/100
|-ability|p2b: Incineroar|Intimidate|boost
|-unboost|p1a: Shiryu|atk|1
|-unboost|p1b: Uvita Fernandez|atk|1
|-terastallize|p1a: Shiryu|Stellar
|move|p2a: Rillaboom|Fake Out|p1a: Shiryu
|-damage|p1a: Shiryu|74/100
|cant|p1a: Shiryu|flinch
|move|p1b: Uvita Fernandez|Hyper Voice|p2a: Rillaboom|[spread] p2a,p2b
|-crit|p2a: Rillaboom
|-damage|p2a: Rillaboom|69/100
|-damage|p2b: Incineroar|68/100
|
|-weather|RainDance|[upkeep]
|-heal|p1a: Shiryu|80/100|[from] Grassy Terrain
|-heal|p2a: Rillaboom|75/100|[from] Grassy Terrain
|-heal|p2b: Incineroar|74/100|[from] Grassy Terrain
|upkeep
|turn|3
|
|t:|1756576474
|move|p2b: Incineroar|Fake Out|p1a: Shiryu
|-damage|p1a: Shiryu|61/100
|cant|p1a: Shiryu|flinch
|move|p2a: Rillaboom|U-turn|p1b: Uvita Fernandez
|-supereffective|p1b: Uvita Fernandez
|-damage|p1b: Uvita Fernandez|57/100
|
|t:|1756576481
|switch|p2a: Slaking|Slaking, L50, M|3/100|[from] U-turn
|move|p1b: Uvita Fernandez|Weather Ball|p2b: Incineroar
|-supereffective|p2b: Incineroar
|-damage|p2b: Incineroar|0 fnt
|faint|p2b: Incineroar
|
|-weather|RainDance|[upkeep]
|-heal|p1a: Shiryu|67/100|[from] Grassy Terrain
|-heal|p2a: Slaking|9/100|[from] Grassy Terrain
|-heal|p1b: Uvita Fernandez|63/100|[from] Grassy Terrain
|upkeep
|
|t:|1756576487
|switch|p2b: Rillaboom|Rillaboom, L50, F|75/100
|turn|4
|
|t:|1756576510
|-terastallize|p2a: Slaking|Ghost
|move|p1b: Uvita Fernandez|Protect|p1b: Uvita Fernandez
|-singleturn|p1b: Uvita Fernandez|Protect
|move|p2b: Rillaboom|Fake Out|p1a: Shiryu
|-damage|p1a: Shiryu|51/100
|cant|p1a: Shiryu|flinch
|move|p2a: Slaking|Tera Blast|p1a: Shiryu|[anim] Tera Blast Ghost
|-damage|p1a: Shiryu|0 fnt
|faint|p1a: Shiryu
|
|-weather|RainDance|[upkeep]
|-heal|p2a: Slaking|15/100|[from] Grassy Terrain
|-heal|p2b: Rillaboom|81/100|[from] Grassy Terrain
|-heal|p1b: Uvita Fernandez|69/100|[from] Grassy Terrain
|upkeep
|
|t:|1756576519
|switch|p1a: Maxx|Ninetales, L50, F|100/100
|-weather|SunnyDay|[from] ability: Drought|[of] p1a: Maxx
|turn|5
|
|t:|1756576538
|cant|p2a: Slaking|ability: Truant
|move|p1a: Maxx|Heat Wave|p2b: Rillaboom|[spread] p2a,p2b
|-supereffective|p2b: Rillaboom
|-damage|p2a: Slaking|0 fnt
|-damage|p2b: Rillaboom|30/100
|faint|p2a: Slaking
|move|p2b: Rillaboom|U-turn|p1b: Uvita Fernandez
|-supereffective|p1b: Uvita Fernandez
|-crit|p1b: Uvita Fernandez
|-damage|p1b: Uvita Fernandez|0 fnt
|faint|p1b: Uvita Fernandez
|
|-weather|SunnyDay|[upkeep]
|-heal|p2b: Rillaboom|36/100|[from] Grassy Terrain
|upkeep
|turn|6
|c|☆111johan111|Gg
|
|t:|1756576553
|move|p1a: Maxx|Heat Wave|p2b: Rillaboom
|-supereffective|p2b: Rillaboom
|-damage|p2b: Rillaboom|0 fnt
|faint|p2b: Rillaboom
|
|win|Masi_912
|raw|Masi_912's rating: 1060 → 1086(+26 for winning)
|raw|111johan111's rating: 1000 → 1000(+0 for losing)
|c|☆Masi_912|gg
|c|☆Masi_912|Un gusto
|l|☆111johan111
|player|p2|
