|j|☆lordtentacle69
|j|☆dmb3r
|html|lordtentacle69dmb3r    
|uhtml|bestof|Game 3 of a best-of-3
|t:|1784881287
|gametype|doubles
|player|p1|lordtentacle69|corbeau|1338
|player|p2|dmb3r|170|1256
|gen|9
|tier|[Gen 9 Champions] VGC 2026 Reg M-B (Bo3)
|rated|
|rule|Species Clause: Limit one of each Pokémon
|rule|Item Clause: Limit 1 of each item
|clearpoke
|poke|p1|Delphox, L50, M|
|poke|p1|Incineroar, L50, M|
|poke|p1|Maushold-Four, L50|
|poke|p1|Sinistcha, L50|
|poke|p1|Sneasler, L50, F|
|poke|p1|Blastoise, L50, M|
|poke|p2|Tyranitar, L50, M|
|poke|p2|Excadrill, L50, F|
|poke|p2|Milotic, L50, M|
|poke|p2|Sinistcha, L50|
|poke|p2|Eelektross, L50, M|
|poke|p2|Corviknight, L50, M|
|teampreview|4
|showteam|p1|Delphox||Delphoxite|Blaze|HeatWave,Psychic,NastyPlot,Protect|Timid||M|||50|]Incineroar||SitrusBerry|Intimidate|FakeOut,PartingShot,FlareBlitz,ThroatChop|Impish||M|||50|]Maushold-Four||ChopleBerry|FriendGuard|Feint,HelpingHand,Protect,FollowMe|Impish|||||50|]Sinistcha||ColburBerry|Hospitality|Protect,MatchaGotcha,TrickRoom,RagePowder|Bold|||||50|]Sneasler||FocusSash|PoisonTouch|CloseCombat,PoisonJab,QuickGuard,FakeOut|Adamant||F|||50|]Blastoise||Blastoisinite|RainDish|Protect,WaterSpout,DarkPulse,ShellSmash|Timid||M|||50|
|showteam|p2|Tyranitar||Tyranitarite|SandStream|RockSlide,KnockOff,LowKick,Protect|Jolly||M|||50|]Excadrill||FocusSash|SandRush|IronHead,Earthquake,RockSlide,Protect|Adamant||F|||50|]Milotic||SitrusBerry|Competitive|Scald,IcyWind,Haze,Protect|Calm||M|||50|]Sinistcha||ColburBerry|Hospitality|MatchaGotcha,ShadowBall,Protect,RagePowder|Serious|||||50|]Eelektross||Eelektrossite|Levitate|Thunderbolt,GigaDrain,Flamethrower,Protect|Serious||M|||50|]Corviknight||Leftovers|MirrorArmor|Tailwind,IronDefense,BodyPress,DualWingbeat|Impish||M|||50|
|inactive|Battle timer is ON: inactive players will automatically lose when time's up. (requested by dmb3r)
|l|☆lordtentacle69
|inactive|lordtentacle69 disconnected and has a minute to reconnect!
|player|p1|
|inactive|lordtentacle69 has 30 seconds to reconnect!
|j|☆lordtentacle69
|inactive|lordtentacle69 reconnected and has 40 seconds left.
|player|p1|lordtentacle69|corbeau|
|
|t:|1784881358
|teamsize|p1|4
|teamsize|p2|4
|start
|switch|p1a: Mbappe|Blastoise, L50, M|100/100
|switch|p1b: Sarahn's OC|Sneasler, L50, F|100/100
|switch|p2a: Tyranitar|Tyranitar, L50, M|100/100
|switch|p2b: Sinistcha|Sinistcha, L50|100/100
|-weather|Sandstorm|[from] ability: Sand Stream|[of] p2a: Tyranitar
|turn|1
|
|t:|1784881373
|switch|p1a: Gochujang|Incineroar, L50, M|100/100
|-ability|p1a: Gochujang|Intimidate|boost
|-unboost|p2a: Tyranitar|atk|1
|-unboost|p2b: Sinistcha|atk|1
|move|p2a: Tyranitar|Protect|p2a: Tyranitar
|-singleturn|p2a: Tyranitar|Protect
|move|p1b: Sarahn's OC|Poison Jab|p2b: Sinistcha
|-damage|p2b: Sinistcha|60/100
|-status|p2b: Sinistcha|psn|[from] ability: Poison Touch|[of] p1b: Sarahn's OC
|move|p2b: Sinistcha|Matcha Gotcha|p1a: Gochujang|[spread] p1a,p1b
|-resisted|p1a: Gochujang|1
|-resisted|p1b: Sarahn's OC|1
|-damage|p1a: Gochujang|90/100
|-heal|p2b: Sinistcha|66/100 psn|[from] drain|[of] p1a: Gochujang
|-damage|p1b: Sarahn's OC|82/100
|-heal|p2b: Sinistcha|74/100 psn|[from] drain|[of] p1b: Sarahn's OC
|
|-weather|Sandstorm|[upkeep]
|-damage|p1b: Sarahn's OC|76/100|[from] Sandstorm
|-damage|p2b: Sinistcha|68/100 psn|[from] Sandstorm
|-damage|p1a: Gochujang|84/100|[from] Sandstorm
|-damage|p2b: Sinistcha|56/100 psn|[from] psn
|upkeep
|turn|2
|inactive|dmb3r has 30 seconds left.
|
|t:|1784881404
|switch|p2a: Milotic|Milotic, L50, M|100/100
|switch|p2b: Excadrill|Excadrill, L50, F|100/100
|move|p1b: Sarahn's OC|Close Combat|p2a: Milotic
|-damage|p2a: Milotic|36/100
|-unboost|p1b: Sarahn's OC|def|1
|-unboost|p1b: Sarahn's OC|spd|1
|-enditem|p2a: Milotic|Sitrus Berry|[eat]
|-heal|p2a: Milotic|61/100|[from] item: Sitrus Berry
|move|p1a: Gochujang|Flare Blitz|p2b: Excadrill
|-supereffective|p2b: Excadrill|1
|-enditem|p2b: Excadrill|Focus Sash
|-damage|p2b: Excadrill|1/100
|-damage|p1a: Gochujang|53/100|[from] Recoil
|
|-weather|Sandstorm|[upkeep]
|-damage|p1b: Sarahn's OC|70/100|[from] Sandstorm
|-damage|p2a: Milotic|55/100|[from] Sandstorm
|-damage|p1a: Gochujang|48/100|[from] Sandstorm
|-enditem|p1a: Gochujang|Sitrus Berry|[eat]
|-heal|p1a: Gochujang|72/100|[from] item: Sitrus Berry
|upkeep
|turn|3
|
|t:|1784881428
|switch|p1b: Green Day|Sinistcha, L50|100/100
|-heal|p1a: Gochujang|97/100|[from] ability: Hospitality|[of] p1b: Green Day
|move|p2a: Milotic|Protect|p2a: Milotic
|-singleturn|p2a: Milotic|Protect
|move|p2b: Excadrill|Earthquake|p1b: Green Day|[spread] p1a,p1b
|-activate|p2a: Milotic|move: Protect
|-supereffective|p1a: Gochujang|1
|-resisted|p1b: Green Day|1
|-damage|p1a: Gochujang|23/100
|-damage|p1b: Green Day|83/100
|move|p1a: Gochujang|Parting Shot|p2b: Excadrill
|-unboost|p2b: Excadrill|atk|1
|-unboost|p2b: Excadrill|spa|1
|
|t:|1784881442
|switch|p1a: Sarahn's OC|Sneasler, L50, F|70/100|[from] Parting Shot
|
|-weather|Sandstorm|[upkeep]
|-damage|p1a: Sarahn's OC|65/100|[from] Sandstorm
|-damage|p2a: Milotic|49/100|[from] Sandstorm
|-damage|p1b: Green Day|76/100|[from] Sandstorm
|upkeep
|turn|4
|
|t:|1784881449
|switch|p2b: Sinistcha|Sinistcha, L50|56/100 psn
|-heal|p2a: Milotic|74/100|[from] ability: Hospitality|[of] p2b: Sinistcha
|move|p1a: Sarahn's OC|Fake Out|p2a: Milotic
|-damage|p2a: Milotic|58/100
|cant|p2a: Milotic|flinch
|move|p1b: Green Day|Matcha Gotcha|p2a: Milotic|[spread] p2a
|-miss|p1b: Green Day|p2b: Sinistcha
|-supereffective|p2a: Milotic|1
|-damage|p2a: Milotic|26/100
|-heal|p1b: Green Day|93/100|[from] drain|[of] p2a: Milotic
|
|-weather|Sandstorm|[upkeep]
|-damage|p1a: Sarahn's OC|59/100|[from] Sandstorm
|-damage|p2a: Milotic|21/100|[from] Sandstorm
|-damage|p2b: Sinistcha|50/100g psn|[from] Sandstorm
|-damage|p1b: Green Day|87/100|[from] Sandstorm
|-damage|p2b: Sinistcha|38/100 psn|[from] psn
|upkeep
|turn|5
|
|t:|1784881469
|move|p1a: Sarahn's OC|Poison Jab|p2b: Sinistcha
|-damage|p2b: Sinistcha|0 fnt
|faint|p2b: Sinistcha
|move|p2a: Milotic|Icy Wind|p1a: Sarahn's OC|[spread] p1a,p1b
|-supereffective|p1b: Green Day|1
|-damage|p1a: Sarahn's OC|45/100
|-damage|p1b: Green Day|68/100
|-unboost|p1a: Sarahn's OC|spe|1
|-unboost|p1b: Green Day|spe|1
|move|p1b: Green Day|Matcha Gotcha|p2a: Milotic
|-supereffective|p2a: Milotic|1
|-damage|p2a: Milotic|0 fnt
|-heal|p1b: Green Day|79/100|[from] drain|[of] p2a: Milotic
|faint|p2a: Milotic
|
|-weather|none
|upkeep
|
|t:|1784881473
|switch|p2a: Excadrill|Excadrill, L50, F|1/100
|switch|p2b: Tyranitar|Tyranitar, L50, M|100/100
|-weather|Sandstorm|[from] ability: Sand Stream|[of] p2b: Tyranitar
|turn|6
|
|t:|1784881490
|switch|p1a: Gochujang|Incineroar, L50, M|23/100
|-ability|p1a: Gochujang|Intimidate|boost
|-unboost|p2a: Excadrill|atk|1
|-unboost|p2b: Tyranitar|atk|1
|detailschange|p2b: Tyranitar|Tyranitar-Mega, L50, M
|-mega|p2b: Tyranitar|Tyranitar|Tyranitarite
|move|p2a: Excadrill|Iron Head|p1a: Gochujang
|-resisted|p1a: Gochujang|1
|-damage|p1a: Gochujang|9/100
|move|p2b: Tyranitar|Knock Off|p1b: Green Day
|-supereffective|p1b: Green Day|1
|-enditem|p1b: Green Day|Colbur Berry|[eat]
|-enditem|p1b: Green Day|Colbur Berry|[weaken]
|-damage|p1b: Green Day|51/100
|move|p1b: Green Day|Matcha Gotcha|p2b: Tyranitar|[spread] p2a,p2b
|-supereffective|p2b: Tyranitar|1
|-crit|p2b: Tyranitar
|-damage|p2a: Excadrill|0 fnt
|-heal|p1b: Green Day|52/100|[from] drain|[of] p2a: Excadrill
|-damage|p2b: Tyranitar|56/100
|-heal|p1b: Green Day|76/100|[from] drain|[of] p2b: Tyranitar
|faint|p2a: Excadrill
|
|-weather|Sandstorm|[upkeep]
|-damage|p1a: Gochujang|3/100|[from] Sandstorm
|-damage|p1b: Green Day|70/100|[from] Sandstorm
|upkeep
|turn|7
|c|☆dmb3r|Imagine winning by pure luck
|-message|dmb3r forfeited.
|
|win|lordtentacle69
|raw|lordtentacle69's rating: 1338 → 1353(+15 for winning)
|raw|dmb3r's rating: 1256 → 1237(-19 for losing)
|l|☆dmb3r
|player|p2|
|c|☆lordtentacle69|lol
|c|☆lordtentacle69|work on your elo kid
