|j|☆hundohunter24
|j|☆hungry hillo
|html|hundohunter24hungry hillo    
|uhtml|bestof|Game 1 of a best-of-3
|t:|1757182079
|gametype|doubles
|player|p1|hundohunter24|cynthia|
|player|p2|hungry hillo|n|
|gen|9
|tier|[Gen 9] VGC 2025 Reg H (Bo3)
|rule|Species Clause: Limit one of each Pokémon
|rule|Item Clause: Limit 1 of each item
|clearpoke
|poke|p1|Garchomp, L50, M|
|poke|p1|Rotom-Heat, L50|
|poke|p1|Hatterene, L50, F|
|poke|p1|Orthworm, L50, M|
|poke|p1|Ursaluna-Bloodmoon, L50, M|
|poke|p1|Gyarados, L50, M|
|poke|p2|Kingambit, L50, F|
|poke|p2|Electabuzz, L50, M|
|poke|p2|Ursaluna-Bloodmoon, L50, M|
|poke|p2|Incineroar, L50, M|
|poke|p2|Whimsicott, L50, M|
|poke|p2|Annihilape, L50, M|
|teampreview|4
|showteam|p1|Garchomp||LifeOrb|RoughSkin|Earthquake,Protect,DragonClaw,IronHead|||M|||50|,,,,,Steel]Rotom-Heat||ChoiceScarf|Levitate|Overheat,TeraBlast,VoltSwitch,Thunderbolt||||||50|,,,,,Fairy]Hatterene||FocusSash|MagicBounce|TrickRoom,LifeDew,DazzlingGleam,Protect|||F|||50|,,,,,Ghost]Orthworm||SitrusBerry|EarthEater|ShedTail,BodyPress,Protect,HeavySlam|||M|||50|,,,,,Fire]Ursaluna-Bloodmoon||SafetyGoggles|MindsEye|HyperVoice,BloodMoon,Protect,EarthPower|||M|||50|,,,,,Normal]Gyarados||CovertCloak|Intimidate|Taunt,ThunderWave,Waterfall,DragonCheer|||M|||50|,,,,,Fire
|showteam|p2|Kingambit||BlackGlasses|Defiant|SuckerPunch,KowtowCleave,SwordsDance,Protect|||F|||50|,,,,,Dark]Electabuzz||Eviolite|VitalSpirit|Thunderbolt,FollowMe,Taunt,HelpingHand|||M|||50|,,,,,Ghost]Ursaluna-Bloodmoon||LifeOrb|MindsEye|EarthPower,BloodMoon,HyperVoice,Protect|||M|||50|,,,,,Normal]Incineroar||AssaultVest|Intimidate|KnockOff,FlareBlitz,Uturn,FakeOut|||M|||50|,,,,,Bug]Whimsicott||CovertCloak|Prankster|Tailwind,BeatUp,Moonblast,Encore|||M|||50|,,,,,Dragon]Annihilape||SafetyGoggles|Defiant|RageFist,DrainPunch,BulkUp,Protect|||M|||50|,,,,,Fire
|inactive|Battle timer is ON: inactive players will automatically lose when time's up. (requested by hundohunter24)
|inactiveoff|Battle timer is now OFF.
|
|t:|1757182155
|teamsize|p1|4
|teamsize|p2|4
|start
|switch|p1a: Garchomp|Garchomp, L50, M, shiny|100/100
|switch|p1b: Rotom|Rotom-Heat, L50, shiny|100/100
|switch|p2a: Whimsicott|Whimsicott, L50, M|100/100
|switch|p2b: lion|Ursaluna-Bloodmoon, L50, M|100/100
|turn|1
|
|t:|1757182177
|-terastallize|p2b: lion|Normal
|move|p2a: Whimsicott|Tailwind|p2a: Whimsicott
|-sidestart|p2: hungry hillo|move: Tailwind
|move|p1b: Rotom|Overheat|p2b: lion|[miss]
|-miss|p1b: Rotom|p2b: lion
|move|p2b: lion|Hyper Voice|p1b: Rotom|[spread] p1a,p1b
|-damage|p1a: Garchomp|18/100
|-damage|p1b: Rotom|9/100
|-damage|p2b: lion|91/100|[from] item: Life Orb
|move|p1a: Garchomp|Dragon Claw|p2b: lion
|-damage|p2b: lion|45/100
|-damage|p1a: Garchomp|8/100|[from] item: Life Orb
|
|upkeep
|turn|2
|
|t:|1757182201
|move|p2a: Whimsicott|Moonblast|p1b: Rotom
|-resisted|p1b: Rotom
|-damage|p1b: Rotom|0 fnt
|faint|p1b: Rotom
|move|p2b: lion|Hyper Voice|p1a: Garchomp
|-crit|p1a: Garchomp
|-damage|p1a: Garchomp|0 fnt
|faint|p1a: Garchomp
|-damage|p2b: lion|36/100|[from] item: Life Orb
|
|upkeep
|
|t:|1757182207
|switch|p1a: Hatterene|Hatterene, L50, F, shiny|100/100
|switch|p1b: Ursaluna|Ursaluna-Bloodmoon, L50, M|100/100
|turn|3
|
|t:|1757182214
|-terastallize|p1b: Ursaluna|Normal
|move|p2a: Whimsicott|Moonblast|p1a: Hatterene
|-damage|p1a: Hatterene|80/100
|move|p2b: lion|Hyper Voice|p1a: Hatterene|[spread] p1a,p1b
|-damage|p1a: Hatterene|27/100
|-damage|p1b: Ursaluna|25/100
|-damage|p2b: lion|26/100|[from] item: Life Orb
|move|p1b: Ursaluna|Hyper Voice|p2a: Whimsicott|[spread] p2a,p2b
|-damage|p2a: Whimsicott|41/100
|-damage|p2b: lion|0 fnt
|faint|p2b: lion
|move|p1a: Hatterene|Trick Room|p1a: Hatterene
|-fieldstart|move: Trick Room|[of] p1a: Hatterene
|
|upkeep
|
|t:|1757182220
|switch|p2b: Incineroar|Incineroar, L50, M|100/100
|-ability|p2b: Incineroar|Intimidate|boost
|-unboost|p1a: Hatterene|atk|1
|-unboost|p1b: Ursaluna|atk|1
|turn|4
|
|t:|1757182234
|move|p2b: Incineroar|Fake Out|p1b: Ursaluna
|-damage|p1b: Ursaluna|15/100
|move|p2a: Whimsicott|Encore|p1a: Hatterene
|move|p1a: Hatterene|Encore||[from] ability: Magic Bounce|[still]
|-fail|p1a: Hatterene
|move|p1a: Hatterene|Life Dew|p1a: Hatterene|[spread] p1a,p1b
|-heal|p1a: Hatterene|52/100
|-heal|p1b: Ursaluna|40/100
|cant|p1b: Ursaluna|flinch
|
|-sideend|p2: hungry hillo|move: Tailwind
|upkeep
|turn|5
|
|t:|1757182263
|switch|p2b: Annihilape|Annihilape, L50, M|100/100
|move|p1a: Hatterene|Life Dew|p1a: Hatterene|[spread] p1a,p1b
|-heal|p1a: Hatterene|77/100
|-heal|p1b: Ursaluna|65/100
|move|p1b: Ursaluna|Hyper Voice|p2b: Annihilape|[spread] p2a,p2b
|-damage|p2a: Whimsicott|0 fnt
|-damage|p2b: Annihilape|54/100
|faint|p2a: Whimsicott
|
|upkeep
|
|t:|1757182269
|switch|p2a: Incineroar|Incineroar, L50, M|100/100
|-ability|p2a: Incineroar|Intimidate|boost
|-unboost|p1a: Hatterene|atk|1
|-unboost|p1b: Ursaluna|atk|1
|turn|6
|
|t:|1757182290
|move|p1b: Ursaluna|Protect|p1b: Ursaluna
|-singleturn|p1b: Ursaluna|Protect
|move|p2a: Incineroar|Fake Out|p1a: Hatterene
|-damage|p1a: Hatterene|60/100
|cant|p1a: Hatterene|flinch
|move|p2b: Annihilape|Drain Punch|p1b: Ursaluna
|-activate|p1b: Ursaluna|move: Protect
|
|upkeep
|turn|7
|
|t:|1757182299
|move|p2b: Annihilape|Protect|p2b: Annihilape
|-singleturn|p2b: Annihilape|Protect
|move|p1a: Hatterene|Life Dew|p1a: Hatterene|[spread] p1a,p1b
|-heal|p1a: Hatterene|85/100
|-heal|p1b: Ursaluna|90/100
|move|p1b: Ursaluna|Hyper Voice|p2b: Annihilape|[spread] p2a
|-activate|p2b: Annihilape|move: Protect
|-damage|p2a: Incineroar|65/100
|move|p2a: Incineroar|Knock Off|p1a: Hatterene
|-damage|p1a: Hatterene|33/100
|-enditem|p1a: Hatterene|Focus Sash|[from] move: Knock Off|[of] p2a: Incineroar
|
|-fieldend|move: Trick Room
|upkeep
|turn|8
|
|t:|1757182311
|move|p2b: Annihilape|Drain Punch|p1b: Ursaluna
|-supereffective|p1b: Ursaluna
|-damage|p1b: Ursaluna|48/100
|-heal|p2b: Annihilape|76/100|[from] drain|[of] p1b: Ursaluna
|move|p2a: Incineroar|Flare Blitz|p1a: Hatterene
|-damage|p1a: Hatterene|0 fnt
|faint|p1a: Hatterene
|-damage|p2a: Incineroar|56/100|[from] Recoil
|move|p1b: Ursaluna|Blood Moon|p2b: Annihilape
|-damage|p2b: Annihilape|0 fnt
|faint|p2b: Annihilape
|
|upkeep
|turn|9
|
|t:|1757182320
|move|p1b: Ursaluna|Protect|p1b: Ursaluna
|-singleturn|p1b: Ursaluna|Protect
|move|p2a: Incineroar|Knock Off|p1b: Ursaluna
|-activate|p1b: Ursaluna|move: Protect
|
|upkeep
|turn|10
|
|t:|1757182363
|move|p2a: Incineroar|Knock Off|p1b: Ursaluna
|-damage|p1b: Ursaluna|14/100
|-enditem|p1b: Ursaluna|Safety Goggles|[from] move: Knock Off|[of] p2a: Incineroar
|move|p1b: Ursaluna|Blood Moon|p2a: Incineroar
|-damage|p2a: Incineroar|0 fnt
|faint|p2a: Incineroar
|
|win|hundohunter24
||hungry hillo is ready for game 2.
||hundohunter24 is ready for game 2.
|uhtml|next|Next: Game 2 of 3
