|j|Ōśåalbermapruebas2
|j|Ōśåhomerj71
|html|albermapruebas2homerj71    
|uhtml|bestof|Game 1 of a best-of-3
|t:|1783358250
|gametype|doubles
|player|p1|albermapruebas2|102|1211
|player|p2|homerj71|265|1202
|gen|9
|tier|[Gen 9 Champions] VGC 2026 Reg M-B (Bo3)
|rated|
|rule|Species Clause: Limit one of each Pok├®mon
|rule|Item Clause: Limit 1 of each item
|clearpoke
|poke|p1|Blastoise, L50, M|
|poke|p1|Incineroar, L50, M|
|poke|p1|Kingambit, L50, F|
|poke|p1|Sinistcha, L50|
|poke|p1|Sneasler, L50, F|
|poke|p1|Delphox, L50, M|
|poke|p2|Delphox, L50, F|
|poke|p2|Sneasler, L50, M|
|poke|p2|Floette-Eternal, L50, F|
|poke|p2|Incineroar, L50, M|
|poke|p2|Kingambit, L50, M|
|poke|p2|Sinistcha, L50|
|teampreview|4
|showteam|p1|Blastoise||Blastoisinite|RainDish|ShellSmash,WaterSpout,DarkPulse,Protect|Modest||M|||50|]Incineroar||SitrusBerry|Intimidate|FlareBlitz,FakeOut,PartingShot,HelpingHand|Impish||M|||50|]Kingambit||BlackGlasses|Defiant|Protect,SwordsDance,KowtowCleave,SuckerPunch|Adamant||F|||50|]Sinistcha||OccaBerry|Hospitality|Protect,RagePowder,TrickRoom,MatchaGotcha|Bold|||||50|]Sneasler||FocusSash|PoisonTouch|DireClaw,FakeOut,CloseCombat,QuickGuard|Jolly||F|||50|]Delphox||Delphoxite|Blaze|Protect,HeatWave,Psyshock,NastyPlot|Timid||M|||50|
|showteam|p2|Delphox||Delphoxite|Blaze|Protect,Psyshock,HeatWave,NastyPlot|Timid||F|||50|]Sneasler||FocusSash|PoisonTouch|QuickGuard,CloseCombat,FakeOut,DireClaw|Jolly||M|||50|]Floette-Eternal||Floettite|FlowerVeil|Protect,DazzlingGleam,CalmMind,Moonblast|Timid||F|||50|]Incineroar||SitrusBerry|Intimidate|ThroatChop,FlareBlitz,PartingShot,FakeOut|Impish||M|||50|]Kingambit||BlackGlasses|Defiant|Protect,KowtowCleave,SuckerPunch,SwordsDance|Adamant||M|||50|]Sinistcha||KasibBerry|Hospitality|Protect,TrickRoom,MatchaGotcha,RagePowder|Relaxed|||||50|
|inactive|Battle timer is ON: inactive players will automatically lose when time's up. (requested by homerj71)
|inactive|albermapruebas2 has 60 seconds left.
|inactive|homerj71 has 60 seconds left.
|
|t:|1783358282
|teamsize|p1|4
|teamsize|p2|4
|start
|switch|p1a: Sneasler|Sneasler, L50, F|100/100
|switch|p1b: Blastoise|Blastoise, L50, M|100/100
|switch|p2a: Floette|Floette-Eternal, L50, F|100/100
|switch|p2b: Sneasler|Sneasler, L50, M|100/100
|turn|1
|inactive|albermapruebas2 has 30 seconds left.
|inactive|albermapruebas2 has 20 seconds left.
|
|t:|1783358318
|detailschange|p2a: Floette|Floette-Mega, L50, F
|-mega|p2a: Floette|Floette|Floettite
|-ability|p2a: Floette|Fairy Aura
|detailschange|p1b: Blastoise|Blastoise-Mega, L50, M
|-mega|p1b: Blastoise|Blastoise|Blastoisinite
|move|p2b: Sneasler|Fake Out|p1b: Blastoise
|-damage|p1b: Blastoise|85/100
|move|p1a: Sneasler|Fake Out|p2b: Sneasler
|-damage|p2b: Sneasler|77/100
|move|p2a: Floette|Calm Mind|p2a: Floette
|-boost|p2a: Floette|spa|1
|-boost|p2a: Floette|spd|1
|cant|p1b: Blastoise|flinch
|
|upkeep
|turn|2
|inactive|homerj71 has 30 seconds left.
|
|t:|1783358348
|switch|p2b: Sinistcha|Sinistcha, L50|100/100
|switch|p1a: Sinistcha|Sinistcha, L50|100/100
|-heal|p1b: Blastoise|100/100|[from] ability: Hospitality|[of] p1a: Sinistcha
|move|p2a: Floette|Protect|p2a: Floette
|-singleturn|p2a: Floette|Protect
|move|p1b: Blastoise|Protect||[still]
|-fail|p1b: Blastoise
|
|upkeep
|turn|3
|c|Ōśåalbermapruebas2|gg
|inactive|albermapruebas2 has 30 seconds left.
|inactive|albermapruebas2 has 20 seconds left.
|inactive|albermapruebas2 has 15 seconds left.
|inactive|albermapruebas2 has 10 seconds left.
|
|t:|1783358397
|switch|p1b: Sneasler|Sneasler, L50, F|100/100
|switch|p1a: Incineroar|Incineroar, L50, M|100/100
|-ability|p1a: Incineroar|Intimidate|boost
|-unboost|p2a: Floette|atk|1
|-unboost|p2b: Sinistcha|atk|1
|move|p2a: Floette|Dazzling Gleam|p1a: Incineroar|[spread] p1a,p1b
|-damage|p1a: Incineroar|37/100
|-damage|p1b: Sneasler|17/100
|-enditem|p1a: Incineroar|Sitrus Berry|[eat]
|-heal|p1a: Incineroar|62/100|[from] item: Sitrus Berry
|move|p2b: Sinistcha|Matcha Gotcha|p1b: Sneasler|[spread] p1a,p1b
|-resisted|p1a: Incineroar|1
|-resisted|p1b: Sneasler|1
|-damage|p1a: Incineroar|50/100y
|-damage|p1b: Sneasler|1/100
|
|upkeep
|turn|4
|c|Ōśåalbermapruebas2|gg
|l|Ōśåalbermapruebas2
|inactive|albermapruebas2 disconnected and has a minute to reconnect!
|player|p1|
|j|Ōśåalbermapruebas2
|inactive|albermapruebas2 reconnected and has 40 seconds left.
|player|p1|albermapruebas2|102|
|inactive|albermapruebas2 has 30 seconds left.
|
|t:|1783358424
|switch|p1a: Sinistcha|Sinistcha, L50|100/100
|-heal|p1b: Sneasler|26/100|[from] ability: Hospitality|[of] p1a: Sinistcha
|move|p2a: Floette|Protect|p2a: Floette
|-singleturn|p2a: Floette|Protect
|move|p2b: Sinistcha|Protect|p2b: Sinistcha
|-singleturn|p2b: Sinistcha|Protect
|move|p1b: Sneasler|Fake Out|p2a: Floette
|-activate|p2a: Floette|move: Protect
|
|upkeep
|turn|5
|inactive|albermapruebas2 has 30 seconds left.
|inactive|albermapruebas2 has 20 seconds left.
|
|t:|1783358463
|switch|p1b: Incineroar|Incineroar, L50, M|50/100y
|-ability|p1b: Incineroar|Intimidate|boost
|-unboost|p2a: Floette|atk|1
|-unboost|p2b: Sinistcha|atk|1
|move|p2b: Sinistcha|Rage Powder|p2b: Sinistcha
|-singleturn|p2b: Sinistcha|move: Rage Powder
|move|p2a: Floette|Dazzling Gleam|p1b: Incineroar|[spread] p1a,p1b
|-damage|p1a: Sinistcha|35/100
|-damage|p1b: Incineroar|0 fnt
|faint|p1b: Incineroar
|move|p1a: Sinistcha|Trick Room|p1a: Sinistcha
|-fieldstart|move: Trick Room|[of] p1a: Sinistcha
|
|upkeep
|
|t:|1783358482
|switch|p1b: Blastoise|Blastoise-Mega, L50, M|100/100
|turn|6
|
|t:|1783358489
|move|p1a: Sinistcha|Rage Powder|p1a: Sinistcha
|-singleturn|p1a: Sinistcha|move: Rage Powder
|move|p2b: Sinistcha|Matcha Gotcha|p1b: Blastoise|[spread] p1a,p1b
|-resisted|p1a: Sinistcha|1
|-supereffective|p1b: Blastoise|1
|-damage|p1a: Sinistcha|23/100
|-damage|p1b: Blastoise|50/100y
|move|p1b: Blastoise|Shell Smash|p1b: Blastoise
|-unboost|p1b: Blastoise|def|1
|-unboost|p1b: Blastoise|spd|1
|-boost|p1b: Blastoise|atk|2
|-boost|p1b: Blastoise|spa|2
|-boost|p1b: Blastoise|spe|2
|move|p2a: Floette|Dazzling Gleam|p1a: Sinistcha|[spread] p1a,p1b
|-damage|p1a: Sinistcha|0 fnt
|-damage|p1b: Blastoise|0 fnt
|faint|p1a: Sinistcha
|faint|p1b: Blastoise
|
|upkeep
|c|Ōśåalbermapruebas2|gg
|
|t:|1783358506
|switch|p1b: Sneasler|Sneasler, L50, F|26/100
|turn|7
|
|t:|1783358513
|move|p1b: Sneasler|Fake Out|p2a: Floette
|-damage|p2a: Floette|86/100
|-status|p2a: Floette|psn|[from] ability: Poison Touch|[of] p1b: Sneasler
|move|p2b: Sinistcha|Matcha Gotcha|p1b: Sneasler
|-resisted|p1b: Sneasler|1
|-damage|p1b: Sneasler|5/100
|cant|p2a: Floette|flinch
|
|-damage|p2a: Floette|74/100 psn|[from] psn
|upkeep
|turn|8
|inactive|albermapruebas2 has 30 seconds left.
|
|t:|1783358547
|move|p1b: Sneasler|Quick Guard|p1b: Sneasler
|-singleturn|p1b: Sneasler|Quick Guard
|move|p2b: Sinistcha|Matcha Gotcha|p1b: Sneasler|[miss]
|-miss|p2b: Sinistcha|p1b: Sneasler
|move|p2a: Floette|Moonblast|p1b: Sneasler
|-damage|p1b: Sneasler|0 fnt
|faint|p1b: Sneasler
|
|win|homerj71
