|j|â˜†grapejuiceplaysyt
|j|â˜†khe7marak
|html|grapejuiceplaysytkhe7marak    
|uhtml|bestof|Game 1 of a best-of-3
|t:|1757182825
|gametype|doubles
|player|p1|grapejuiceplaysyt|169|
|player|p2|khe7marak|gardenia|
|gen|9
|tier|[Gen 9] VGC 2025 Reg H (Bo3)
|rule|Species Clause: Limit one of each PokÃ©mon
|rule|Item Clause: Limit 1 of each item
|clearpoke
|poke|p1|Charizard, L50, M|
|poke|p1|Torkoal, L50, F|
|poke|p1|Porygon2, L50|
|poke|p1|Incineroar, L50, M|
|poke|p1|Jumpluff, L50, M|
|poke|p1|Ursaluna, L50, M|
|poke|p2|Kilowattrel, L50, F|
|poke|p2|Ursaluna, L50, F|
|poke|p2|Incineroar, L50, F|
|poke|p2|Porygon2, L50|
|poke|p2|Gholdengo, L50|
|poke|p2|Amoonguss, L50, M|
|teampreview|4
|showteam|p1|Charizard||ChoiceSpecs|SolarPower|HeatWave,Overheat,WeatherBall,DragonPulse|||M|||50|,,,,,Ghost]Torkoal||EjectPack|Drought|Eruption,Overheat,HelpingHand,Protect|||F|||50|,,,,,Fire]Porygon2||Eviolite|Download|TeraBlast,IceBeam,Recover,TrickRoom||||||50|,,,,,Fighting]Incineroar||AssaultVest|Intimidate|FakeOut,FlareBlitz,KnockOff,Uturn|||M|||50|,,,,,Bug]Jumpluff||CovertCloak|Chlorophyll|SleepPowder,SunnyDay,RagePowder,Tailwind|||M|||50|,,,,,Water]Ursaluna||FlameOrb|Guts|HeadlongRush,Facade,Earthquake,Protect|||M|||50|,,,,,Ghost
|showteam|p2|Kilowattrel||FocusSash|Competitive|Thunderbolt,AirSlash,Tailwind,Protect|||F|||50|,,,,,Ghost]Ursaluna||FlameOrb|Guts|Protect,Facade,HeadlongRush,Earthquake|||F|||50|,,,,,Ghost]Incineroar||SafetyGoggles|Intimidate|KnockOff,FlareBlitz,PartingShot,FakeOut|||F|||50|,,,,,Water]Porygon2||Eviolite|Download|TeraBlast,IceBeam,TrickRoom,Recover||||||50|,,,,,Fighting]Gholdengo||LifeOrb|GoodasGold|MakeItRain,ShadowBall,NastyPlot,Protect||||||50|,,,,,Water]Amoonguss||SitrusBerry|Regenerator|Spore,PollenPuff,RagePowder,Protect|||M|||50|,,,,,Water
|inactive|Battle timer is ON: inactive players will automatically lose when time's up. (requested by khe7marak)
|c|â˜†grapejuiceplaysyt|glhf
|c|â˜†khe7marak|glhf!
|inactive|grapejuiceplaysyt has 60 seconds left.
|inactive|khe7marak has 60 seconds left.
|
|t:|1757182876
|teamsize|p1|4
|teamsize|p2|4
|start
|switch|p1a: Jumpluff|Jumpluff, L50, M|100/100
|switch|p1b: Incineroar|Incineroar, L50, M|100/100
|switch|p2a: Kilowattrel|Kilowattrel, L50, F|100/100
|switch|p2b: Porygon2|Porygon2, L50, shiny|100/100
|-ability|p1b: Incineroar|Intimidate|boost
|-unboost|p2a: Kilowattrel|atk|1
|-ability|p2a: Kilowattrel|Competitive|boost
|-boost|p2a: Kilowattrel|spa|2
|-unboost|p2b: Porygon2|atk|1
|-ability|p2b: Porygon2|Download|boost
|-boost|p2b: Porygon2|atk|1
|turn|1
|
|t:|1757182900
|switch|p2b: Incineroar|Incineroar, L50, F, shiny|100/100
|-ability|p2b: Incineroar|Intimidate|boost
|-unboost|p1a: Jumpluff|atk|1
|-unboost|p1b: Incineroar|atk|1
|-terastallize|p2a: Kilowattrel|Ghost
|move|p2a: Kilowattrel|Air Slash|p1a: Jumpluff
|-supereffective|p1a: Jumpluff
|-damage|p1a: Jumpluff|0 fnt
|faint|p1a: Jumpluff
|move|p1b: Incineroar|Knock Off|p2a: Kilowattrel
|-supereffective|p2a: Kilowattrel
|-damage|p2a: Kilowattrel|5/100
|-enditem|p2a: Kilowattrel|Focus Sash|[from] move: Knock Off|[of] p1b: Incineroar
|
|upkeep
|
|t:|1757182916
|switch|p1a: Ursaluna|Ursaluna, L50, M|100/100
|turn|2
|inactive|khe7marak has 30 seconds left.
|
|t:|1757182941
|switch|p1b: Charizard|Charizard, L50, M|100/100
|move|p2a: Kilowattrel|Thunderbolt|p1b: Charizard
|-supereffective|p1b: Charizard
|-damage|p1b: Charizard|0 fnt
|faint|p1b: Charizard
|move|p1a: Ursaluna|Earthquake|p2b: Incineroar|[spread] p2a,p2b
|-supereffective|p2b: Incineroar
|-damage|p2a: Kilowattrel|0 fnt
|-damage|p2b: Incineroar|29/100
|faint|p2a: Kilowattrel
|move|p2b: Incineroar|Knock Off|p1a: Ursaluna
|-damage|p1a: Ursaluna|65/100
|-enditem|p1a: Ursaluna|Flame Orb|[from] move: Knock Off|[of] p2b: Incineroar
|
|upkeep
|
|t:|1757182958
|switch|p2a: Gholdengo|Gholdengo, L50|100/100
|switch|p1b: Incineroar|Incineroar, L50, M|100/100
|-ability|p1b: Incineroar|Intimidate|boost
|-unboost|p2a: Gholdengo|atk|1
|-unboost|p2b: Incineroar|atk|1
|turn|3
|c|â˜†grapejuiceplaysyt|im in danger lol
|c|â˜†khe7marak|im kinda in a pickle too
|inactive|grapejuiceplaysyt has 30 seconds left.
|inactive|khe7marak has 30 seconds left.
|inactive|khe7marak has 20 seconds left.
|
|t:|1757182996
|-terastallize|p1b: Incineroar|Bug
|move|p2a: Gholdengo|Protect|p2a: Gholdengo
|-singleturn|p2a: Gholdengo|Protect
|move|p1b: Incineroar|Knock Off|p2b: Incineroar
|-resisted|p2b: Incineroar
|-damage|p2b: Incineroar|12/100
|-enditem|p2b: Incineroar|Safety Goggles|[from] move: Knock Off|[of] p1b: Incineroar
|move|p1a: Ursaluna|Headlong Rush|p2a: Gholdengo
|-activate|p2a: Gholdengo|move: Protect
|move|p2b: Incineroar|Parting Shot|p1a: Ursaluna
|-unboost|p1a: Ursaluna|atk|1
|-unboost|p1a: Ursaluna|spa|1
|
|t:|1757183005
|switch|p2b: Porygon2|Porygon2, L50, shiny|100/100|[from] Parting Shot
|-ability|p2b: Porygon2|Download|boost
|-boost|p2b: Porygon2|spa|1
|
|upkeep
|turn|4
|inactive|khe7marak has 30 seconds left.
|
|t:|1757183035
|switch|p2a: Incineroar|Incineroar, L50, F, shiny|12/100
|-ability|p2a: Incineroar|Intimidate|boost
|-unboost|p1a: Ursaluna|atk|1
|-unboost|p1b: Incineroar|atk|1
|move|p1b: Incineroar|Knock Off|p2b: Porygon2
|-damage|p2b: Porygon2|81/100
|-enditem|p2b: Porygon2|Eviolite|[from] move: Knock Off|[of] p1b: Incineroar
|move|p1a: Ursaluna|Earthquake|p2a: Incineroar|[spread] p1b,p2a,p2b
|-resisted|p1b: Incineroar
|-supereffective|p2a: Incineroar
|-damage|p1b: Incineroar|89/100
|-damage|p2a: Incineroar|0 fnt
|-damage|p2b: Porygon2|61/100
|faint|p2a: Incineroar
|move|p2b: Porygon2|Ice Beam|p1a: Ursaluna
|-supereffective|p1a: Ursaluna
|-damage|p1a: Ursaluna|0 fnt
|faint|p1a: Ursaluna
|
|upkeep
|
|t:|1757183049
|switch|p2a: Gholdengo|Gholdengo, L50|100/100
|turn|5
|
|t:|1757183058
|move|p2a: Gholdengo|Shadow Ball|p1b: Incineroar
|-damage|p1b: Incineroar|56/100
|-damage|p2a: Gholdengo|91/100|[from] item: Life Orb
|move|p1b: Incineroar|Flare Blitz|p2a: Gholdengo
|-supereffective|p2a: Gholdengo
|-damage|p2a: Gholdengo|19/100
|-damage|p1b: Incineroar|35/100|[from] Recoil
|move|p2b: Porygon2|Tera Blast|p1b: Incineroar
|-damage|p1b: Incineroar|5/100
|
|upkeep
|turn|6
|
|t:|1757183068
|move|p2a: Gholdengo|Make It Rain|p1b: Incineroar
|-damage|p1b: Incineroar|0 fnt
|-unboost|p2a: Gholdengo|spa|1
|faint|p1b: Incineroar
|-damage|p2a: Gholdengo|10/100|[from] item: Life Orb
|
|win|khe7marak
||grapejuiceplaysyt is ready for game 2.
|inactive|khe7marak has 30 seconds to confirm battle start!
||khe7marak is ready for game 2.
|uhtml|next|Next: Game 2 of 3
