|j|☆ImClarenceClaymore
|j|☆letsgetfluffy
|html|ImClarenceClaymoreletsgetfluffy    
|uhtml|bestof|Game 1 of a best-of-3
|t:|1756768482
|gametype|doubles
|player|p1|ImClarenceClaymore|pokemaniac|1119
|player|p2|letsgetfluffy|101|1128
|gen|9
|tier|[Gen 9] VGC 2025 Reg H (Bo3)
|rated|
|rule|Species Clause: Limit one of each Pokémon
|rule|Item Clause: Limit 1 of each item
|clearpoke
|poke|p1|Torkoal, L50, F|
|poke|p1|Hatterene, L50, F|
|poke|p1|Indeedee-F, L50, F|
|poke|p1|Ursaluna-Bloodmoon, L50, M|
|poke|p1|Porygon2, L50|
|poke|p1|Incineroar, L50, F|
|poke|p2|Politoed, L50, F|
|poke|p2|Gothitelle, L50, M|
|poke|p2|Incineroar, L50, F|
|poke|p2|Amoonguss, L50, M|
|poke|p2|Kingdra, L50, F|
|poke|p2|Archaludon, L50, F|
|teampreview|4
|showteam|p1|Torkoal||Charcoal|Drought|Protect,Eruption,Flamethrower,ClearSmog|||F|||50|,,,,,Fire]Hatterene||LifeOrb|MagicBounce|Protect,ExpandingForce,DazzlingGleam,TrickRoom|||F|||50|,,,,,Psychic]Indeedee-F||FocusSash|PsychicSurge|FollowMe,TrickRoom,HelpingHand,Psychic|||F|||50|,,,,,Psychic]Ursaluna-Bloodmoon||AssaultVest|MindsEye|HyperVoice,EarthPower,BloodMoon,Moonblast|||M|||50|,,,,,Ghost]Porygon2||Eviolite|Download|TeraBlast,IceBeam,TrickRoom,Recover||||||50|,,,,,Fighting]Incineroar||SitrusBerry|Intimidate|FlareBlitz,KnockOff,FakeOut,PartingShot|||F|||50|,,,,,Bug
|showteam|p2|Politoed||Leftovers|Drizzle|Protect,WeatherBall,PerishSong,Encore|||F|||50|,,,,,Grass]Gothitelle||SitrusBerry|ShadowTag|Protect,Psychic,FakeOut,TrickRoom|||M|||50|,,,,,Dark]Incineroar||SafetyGoggles|Intimidate|Protect,KnockOff,FakeOut,PartingShot|||F|||50|,,,,,Ghost]Amoonguss||EjectButton|Regenerator|Protect,RagePowder,PollenPuff,Spore|||M|||50|,,,,,Fairy]Kingdra||LifeOrb|SwiftSwim|Protect,WeatherBall,DracoMeteor,MuddyWater|||F|||50|,,,,,Stellar]Archaludon||PowerHerb|Sturdy|Protect,ElectroShot,DragonPulse,FlashCannon|||F|||50|,,,,,Electric
|
|t:|1756768547
|teamsize|p1|4
|teamsize|p2|4
|start
|switch|p1a: Incineroar|Incineroar, L50, F|100/100
|switch|p1b: Hatterene|Hatterene, L50, F|100/100
|switch|p2a: Politoed|Politoed, L50, F|100/100
|switch|p2b: Gothitelle|Gothitelle, L50, M|100/100
|-ability|p1a: Incineroar|Intimidate|boost
|-unboost|p2a: Politoed|atk|1
|-unboost|p2b: Gothitelle|atk|1
|-weather|RainDance|[from] ability: Drizzle|[of] p2a: Politoed
|turn|1
|
|t:|1756768579
|switch|p2a: Incineroar|Incineroar, L50, F|100/100
|-ability|p2a: Incineroar|Intimidate|boost
|-unboost|p1a: Incineroar|atk|1
|-unboost|p1b: Hatterene|atk|1
|move|p2b: Gothitelle|Protect|p2b: Gothitelle
|-singleturn|p2b: Gothitelle|Protect
|move|p1a: Incineroar|Fake Out|p2b: Gothitelle
|-activate|p2b: Gothitelle|move: Protect
|move|p1b: Hatterene|Trick Room|p1b: Hatterene
|-fieldstart|move: Trick Room|[of] p1b: Hatterene
|
|-weather|RainDance|[upkeep]
|upkeep
|turn|2
|
|t:|1756768614
|switch|p2b: Amoonguss|Amoonguss, L50, M|100/100
|move|p1b: Hatterene|Protect|p1b: Hatterene
|-singleturn|p1b: Hatterene|Protect
|move|p2a: Incineroar|Fake Out|p1b: Hatterene
|-activate|p1b: Hatterene|move: Protect
|move|p1a: Incineroar|Parting Shot|p2b: Amoonguss
|-unboost|p2b: Amoonguss|atk|1
|-unboost|p2b: Amoonguss|spa|1
|
|t:|1756768627
|switch|p1a: Torkoal|Torkoal, L50, F|100/100|[from] Parting Shot
|-weather|SunnyDay|[from] ability: Drought|[of] p1a: Torkoal
|
|-weather|SunnyDay|[upkeep]
|upkeep
|turn|3
|
|t:|1756768670
|switch|p2a: Politoed|Politoed, L50, F|100/100
|-weather|RainDance|[from] ability: Drizzle|[of] p2a: Politoed
|move|p2b: Amoonguss|Protect|p2b: Amoonguss
|-singleturn|p2b: Amoonguss|Protect
|move|p1a: Torkoal|Eruption|p2b: Amoonguss|[spread] p2a
|-activate|p2b: Amoonguss|move: Protect
|-resisted|p2a: Politoed
|-damage|p2a: Politoed|90/100
|move|p1b: Hatterene|Dazzling Gleam|p2b: Amoonguss|[spread] p2a
|-activate|p2b: Amoonguss|move: Protect
|-damage|p2a: Politoed|57/100
|-damage|p1b: Hatterene|91/100|[from] item: Life Orb
|
|-weather|RainDance|[upkeep]
|-heal|p2a: Politoed|63/100|[from] item: Leftovers
|upkeep
|turn|4
|
|t:|1756768729
|switch|p2b: Incineroar|Incineroar, L50, F|100/100
|-ability|p2b: Incineroar|Intimidate|boost
|-unboost|p1a: Torkoal|atk|1
|-unboost|p1b: Hatterene|atk|1
|move|p1a: Torkoal|Clear Smog|p2b: Incineroar
|-damage|p2b: Incineroar|91/100
|-clearboost|p2b: Incineroar
|move|p1b: Hatterene|Expanding Force|p2b: Incineroar
|-immune|p2b: Incineroar
|move|p2a: Politoed|Weather Ball|p1a: Torkoal
|-supereffective|p1a: Torkoal
|-damage|p1a: Torkoal|0 fnt
|faint|p1a: Torkoal
|
|-weather|RainDance|[upkeep]
|-heal|p2a: Politoed|70/100|[from] item: Leftovers
|upkeep
|
|t:|1756768758
|switch|p1a: Ursaluna|Ursaluna-Bloodmoon, L50, M|100/100
|turn|5
|
|t:|1756768806
|switch|p1a: Incineroar|Incineroar, L50, F|100/100
|-ability|p1a: Incineroar|Intimidate|boost
|-unboost|p2a: Politoed|atk|1
|-unboost|p2b: Incineroar|atk|1
|move|p2b: Incineroar|Protect|p2b: Incineroar
|-singleturn|p2b: Incineroar|Protect
|move|p2a: Politoed|Protect|p2a: Politoed
|-singleturn|p2a: Politoed|Protect
|move|p1b: Hatterene|Dazzling Gleam|p2b: Incineroar|[spread] 
|-activate|p2a: Politoed|move: Protect
|-activate|p2b: Incineroar|move: Protect
|
|-weather|RainDance|[upkeep]
|-heal|p2a: Politoed|76/100|[from] item: Leftovers
|-fieldend|move: Trick Room
|upkeep
|turn|6
|
|t:|1756768849
|switch|p2b: Gothitelle|Gothitelle, L50, M|100/100
|move|p2a: Politoed|Protect||[still]
|-fail|p2a: Politoed
|move|p1a: Incineroar|Fake Out|p2a: Politoed
|-damage|p2a: Politoed|65/100
|move|p1b: Hatterene|Trick Room|p1b: Hatterene
|-fieldstart|move: Trick Room|[of] p1b: Hatterene
|
|-weather|RainDance|[upkeep]
|-heal|p2a: Politoed|71/100|[from] item: Leftovers
|upkeep
|turn|7
|
|t:|1756768908
|-terastallize|p1a: Incineroar|Bug
|move|p1b: Hatterene|Dazzling Gleam|p2a: Politoed|[spread] p2a,p2b
|-damage|p2a: Politoed|37/100
|-damage|p2b: Gothitelle|68/100
|-damage|p1b: Hatterene|81/100|[from] item: Life Orb
|move|p2a: Politoed|Weather Ball|p1a: Incineroar
|-damage|p1a: Incineroar|52/100
|move|p1a: Incineroar|Knock Off|p2b: Gothitelle
|-supereffective|p2b: Gothitelle
|-damage|p2b: Gothitelle|0 fnt
|-enditem|p2b: Gothitelle|Sitrus Berry|[from] move: Knock Off|[of] p1a: Incineroar
|faint|p2b: Gothitelle
|
|-weather|none
|-heal|p2a: Politoed|43/100|[from] item: Leftovers
|upkeep
|
|t:|1756768932
|switch|p2b: Amoonguss|Amoonguss, L50, M|100/100
|turn|8
|
|t:|1756768977
|move|p2a: Politoed|Protect|p2a: Politoed
|-singleturn|p2a: Politoed|Protect
|move|p1b: Hatterene|Expanding Force|p2a: Politoed
|-activate|p2a: Politoed|move: Protect
|move|p2b: Amoonguss|Spore|p1a: Incineroar
|-status|p1a: Incineroar|slp|[from] move: Spore
|cant|p1a: Incineroar|slp
|
|-heal|p2a: Politoed|49/100|[from] item: Leftovers
|upkeep
|turn|9
|
|t:|1756769021
|switch|p2a: Incineroar|Incineroar, L50, F|91/100
|-ability|p2a: Incineroar|Intimidate|boost
|-unboost|p1a: Incineroar|atk|1
|-unboost|p1b: Hatterene|atk|1
|-terastallize|p2b: Amoonguss|Fairy
|move|p1b: Hatterene|Expanding Force|p2b: Amoonguss
|-damage|p2b: Amoonguss|43/100
|-enditem|p2b: Amoonguss|Eject Button
|-damage|p1b: Hatterene|71/100|[from] item: Life Orb
|
|t:|1756769031
|switch|p2b: Politoed|Politoed, L50, F|49/100
|-weather|RainDance|[from] ability: Drizzle|[of] p2b: Politoed
|cant|p1a: Incineroar|slp
|
|-weather|RainDance|[upkeep]
|-heal|p2b: Politoed|55/100|[from] item: Leftovers
|upkeep
|turn|10
|
|t:|1756769059
|move|p1b: Hatterene|Protect|p1b: Hatterene
|-singleturn|p1b: Hatterene|Protect
|move|p2a: Incineroar|Fake Out|p1b: Hatterene
|-activate|p1b: Hatterene|move: Protect
|move|p2b: Politoed|Weather Ball|p1b: Hatterene
|-activate|p1b: Hatterene|move: Protect
|cant|p1a: Incineroar|slp
|
|-weather|RainDance|[upkeep]
|-heal|p2b: Politoed|61/100|[from] item: Leftovers
|-fieldend|move: Trick Room
|upkeep
|turn|11
|
|t:|1756769101
|-curestatus|p1a: Incineroar|slp|[msg]
|move|p1a: Incineroar|Parting Shot|p2a: Incineroar
|-unboost|p2a: Incineroar|atk|1
|-unboost|p2a: Incineroar|spa|1
|
|t:|1756769106
|switch|p1a: Ursaluna|Ursaluna-Bloodmoon, L50, M|100/100|[from] Parting Shot
|move|p2b: Politoed|Weather Ball|p1b: Hatterene
|-damage|p1b: Hatterene|19/100
|move|p2a: Incineroar|Knock Off|p1b: Hatterene
|-damage|p1b: Hatterene|0 fnt
|-enditem|p1b: Hatterene|Life Orb|[from] move: Knock Off|[of] p2a: Incineroar
|faint|p1b: Hatterene
|
|-weather|RainDance|[upkeep]
|-heal|p2b: Politoed|67/100|[from] item: Leftovers
|upkeep
|
|t:|1756769122
|switch|p1b: Incineroar|Incineroar, L50, F, tera:Bug|52/100
|-ability|p1b: Incineroar|Intimidate|boost
|-unboost|p2a: Incineroar|atk|1
|-unboost|p2b: Politoed|atk|1
|turn|12
|
|t:|1756769154
|switch|p2a: Amoonguss|Amoonguss, L50, M, tera:Fairy|76/100
|move|p2b: Politoed|Protect|p2b: Politoed
|-singleturn|p2b: Politoed|Protect
|move|p1b: Incineroar|Fake Out|p2b: Politoed
|-activate|p2b: Politoed|move: Protect
|move|p1a: Ursaluna|Earth Power|p2a: Amoonguss
|-damage|p2a: Amoonguss|29/100
|
|-weather|RainDance|[upkeep]
|-heal|p2b: Politoed|73/100|[from] item: Leftovers
|upkeep
|turn|13
|
|t:|1756769215
|move|p2a: Amoonguss|Rage Powder|p2a: Amoonguss
|-singleturn|p2a: Amoonguss|move: Rage Powder
|move|p1b: Incineroar|Knock Off|p2a: Amoonguss
|-resisted|p2a: Amoonguss
|-damage|p2a: Amoonguss|19/100
|move|p2b: Politoed|Weather Ball|p1a: Ursaluna
|-supereffective|p1a: Ursaluna
|-damage|p1a: Ursaluna|31/100
|move|p1a: Ursaluna|Hyper Voice|p2b: Politoed|[spread] p2a,p2b
|-damage|p2a: Amoonguss|0 fnt
|-damage|p2b: Politoed|43/100
|faint|p2a: Amoonguss
|
|-weather|none
|-heal|p2b: Politoed|49/100|[from] item: Leftovers
|upkeep
|
|t:|1756769225
|switch|p2a: Incineroar|Incineroar, L50, F|91/100
|-ability|p2a: Incineroar|Intimidate|boost
|-unboost|p1a: Ursaluna|atk|1
|-unboost|p1b: Incineroar|atk|1
|turn|14
|
|t:|1756769254
|move|p1b: Incineroar|Knock Off|p2b: Politoed
|-damage|p2b: Politoed|21/100
|-enditem|p2b: Politoed|Leftovers|[from] move: Knock Off|[of] p1b: Incineroar
|move|p2b: Politoed|Weather Ball|p1a: Ursaluna
|-damage|p1a: Ursaluna|23/100
|move|p1a: Ursaluna|Earth Power|p2a: Incineroar
|-supereffective|p2a: Incineroar
|-damage|p2a: Incineroar|16/100
|move|p2a: Incineroar|Knock Off|p1a: Ursaluna
|-damage|p1a: Ursaluna|0 fnt
|-enditem|p1a: Ursaluna|Assault Vest|[from] move: Knock Off|[of] p2a: Incineroar
|faint|p1a: Ursaluna
|
|upkeep
|turn|15
|
|t:|1756769325
|move|p1b: Incineroar|Knock Off|p2a: Incineroar
|-resisted|p2a: Incineroar
|-damage|p2a: Incineroar|5/100
|-enditem|p2a: Incineroar|Safety Goggles|[from] move: Knock Off|[of] p1b: Incineroar
|move|p2b: Politoed|Weather Ball|p1b: Incineroar
|-damage|p1b: Incineroar|42/100
|-enditem|p1b: Incineroar|Sitrus Berry|[eat]
|-heal|p1b: Incineroar|67/100|[from] item: Sitrus Berry
|move|p2a: Incineroar|Parting Shot|p1b: Incineroar
|-unboost|p1b: Incineroar|atk|1
|-unboost|p1b: Incineroar|spa|1
|
|upkeep
|turn|16
|
|t:|1756769365
|move|p2a: Incineroar|Protect|p2a: Incineroar
|-singleturn|p2a: Incineroar|Protect
|move|p1b: Incineroar|Flare Blitz|p2a: Incineroar
|-activate|p2a: Incineroar|move: Protect
|move|p2b: Politoed|Encore|p1b: Incineroar
|-start|p1b: Incineroar|Encore
|
|upkeep
|turn|17
|
|t:|1756769380
|move|p1b: Incineroar|Flare Blitz|p2a: Incineroar
|-resisted|p2a: Incineroar
|-damage|p2a: Incineroar|0 fnt
|faint|p2a: Incineroar
|-damage|p1b: Incineroar|66/100|[from] Recoil
|move|p2b: Politoed|Weather Ball|p1b: Incineroar
|-damage|p1b: Incineroar|55/100
|
|upkeep
|turn|18
|
|t:|1756769394
|move|p1b: Incineroar|Flare Blitz|p2b: Politoed
|-resisted|p2b: Politoed
|-damage|p2b: Politoed|8/100
|-damage|p1b: Incineroar|51/100|[from] Recoil
|move|p2b: Politoed|Weather Ball|p1b: Incineroar
|-damage|p1b: Incineroar|41/100
|
|upkeep
|turn|19
|
|t:|1756769402
|move|p1b: Incineroar|Flare Blitz|p2b: Politoed
|-resisted|p2b: Politoed
|-damage|p2b: Politoed|0 fnt
|faint|p2b: Politoed
|-damage|p1b: Incineroar|38/100|[from] Recoil
|
|win|ImClarenceClaymore
||letsgetfluffy is ready for game 2.
||ImClarenceClaymore is ready for game 2.
|uhtml|next|Next: Game 2 of 3
