|j|☆CalliopeOKBH
|j|☆pollonetor
|html|CalliopeOKBHpollonetor    
|uhtml|bestof|Game 1 of a best-of-3
|t:|1757201782
|gametype|doubles
|player|p1|CalliopeOKBH|zinnia|1108
|player|p2|pollonetor|2|1053
|gen|9
|tier|[Gen 9] VGC 2025 Reg H (Bo3)
|rated|
|rule|Species Clause: Limit one of each Pokémon
|rule|Item Clause: Limit 1 of each item
|clearpoke
|poke|p1|Indeedee, L50, M|
|poke|p1|Sneasler, L50, F|
|poke|p1|Hatterene, L50, F|
|poke|p1|Ursaluna-Bloodmoon, L50, M|
|poke|p1|Kingambit, L50, F|
|poke|p1|Gallade, L50, M|
|poke|p2|Conkeldurr, L50, M|
|poke|p2|Skeledirge, L50, M|
|poke|p2|Indeedee-F, L50, F|
|poke|p2|Arboliva, L50, M|
|poke|p2|Basculegion, L50, M|
|poke|p2|Hatterene, L50, F|
|teampreview|4
|showteam|p1|Indeedee||SitrusBerry|PsychicSurge|ExpandingForce,DazzlingGleam,Protect,TrickRoom|||M|||50|,,,,,Steel]Sneasler||PsychicSeed|Unburden|CloseCombat,DireClaw,ThroatChop,Protect|||F|||50|,,,,,Dark]Hatterene||LifeOrb|MagicBounce|Trick,ExpandingForce,DazzlingGleam,Protect|||F|||50|,,,,,Psychic]Ursaluna-Bloodmoon||Leftovers|MindsEye|BloodMoon,HyperVoice,EarthPower,CalmMind|||M|||50|,,,,,Normal]Kingambit||AssaultVest|Defiant|KowtowCleave,LowKick,IronHead,SuckerPunch|||F|||50|,,,,,Fire]Gallade||ClearAmulet|Sharpness|SacredSword,PsychoCut,TrickRoom,WideGuard|||M|||50|,,,,,Ghost
|showteam|p2|Conkeldurr||FlameOrb|Guts|DrainPunch,Facade,KnockOff,Protect|||M|||50|,,,,,Steel]Skeledirge||ThroatSpray|Unaware|HyperVoice,TorchSong,ShadowBall,Protect|||M|||50|,,,,,Dark]Indeedee-F||PsychicSeed|PsychicSurge|Psychic,FollowMe,HelpingHand,TrickRoom|||F|||50|,,,,,Water]Arboliva||Leftovers|SeedSower|LeechSeed,HyperVoice,GigaDrain,StrengthSap|||M|||50|,,,,,Grass]Basculegion||ChoiceBand|Adaptability|WaveCrash,LastRespects,PhantomForce,Outrage|||M|||50|,,,,,Water]Hatterene||LifeOrb|MagicBounce|DazzlingGleam,ExpandingForce,Protect,TrickRoom|||F|||50|,,,,,Dark
|inactive|Battle timer is ON: inactive players will automatically lose when time's up. (requested by CalliopeOKBH)
|inactive|pollonetor has 60 seconds left.
|
|t:|1757201825
|teamsize|p1|4
|teamsize|p2|4
|start
|switch|p1a: Hatterene|Hatterene, L50, F|100/100
|switch|p1b: Gallade|Gallade, L50, M|100/100
|switch|p2a: Arboliva|Arboliva, L50, M|100/100
|switch|p2b: Indeedee|Indeedee-F, L50, F|100/100
|-fieldstart|move: Psychic Terrain|[from] ability: Psychic Surge|[of] p2b: Indeedee
|-enditem|p2b: Indeedee|Psychic Seed
|-boost|p2b: Indeedee|spd|1|[from] item: Psychic Seed
|turn|1
|inactive|pollonetor has 30 seconds left.
|inactive|pollonetor has 20 seconds left.
|inactive|pollonetor has 15 seconds left.
|
|t:|1757201868
|move|p2b: Indeedee|Psychic|p1b: Gallade
|-damage|p1b: Gallade|66/100
|move|p1b: Gallade|Sacred Sword|p2b: Indeedee
|-damage|p2b: Indeedee|24/100
|move|p2a: Arboliva|Leech Seed|p1a: Hatterene
|move|p1a: Hatterene|Leech Seed|p2a: Arboliva|[from] ability: Magic Bounce
|-immune|p2a: Arboliva
|move|p1a: Hatterene|Expanding Force|p2a: Arboliva|[spread] p2a,p2b
|-resisted|p2b: Indeedee
|-damage|p2a: Arboliva|21/100
|-damage|p2b: Indeedee|0 fnt
|-fieldstart|move: Grassy Terrain|[from] ability: Seed Sower|[of] p2a: Arboliva
|faint|p2b: Indeedee
|-damage|p1a: Hatterene|91/100|[from] item: Life Orb
|
|-heal|p1b: Gallade|72/100|[from] Grassy Terrain
|-heal|p2a: Arboliva|27/100|[from] Grassy Terrain
|-heal|p2a: Arboliva|33/100|[from] item: Leftovers
|-heal|p1a: Hatterene|97/100|[from] Grassy Terrain
|upkeep
|
|t:|1757201883
|switch|p2b: Basculegion|Basculegion, L50, M|100/100
|turn|2
|
|t:|1757201897
|switch|p1b: Indeedee|Indeedee, L50, M|100/100
|-fieldstart|move: Psychic Terrain|[from] ability: Psychic Surge|[of] p1b: Indeedee
|move|p1a: Hatterene|Protect|p1a: Hatterene
|-singleturn|p1a: Hatterene|Protect
|move|p2b: Basculegion|Last Respects|p1a: Hatterene
|-activate|p1a: Hatterene|move: Protect
|move|p2a: Arboliva|Hyper Voice|p1a: Hatterene|[spread] p1b
|-activate|p1a: Hatterene|move: Protect
|-damage|p1b: Indeedee|60/100
|
|-heal|p2a: Arboliva|39/100|[from] item: Leftovers
|upkeep
|turn|3
|
|t:|1757201918
|switch|p1a: Gallade|Gallade, L50, M|72/100
|move|p2b: Basculegion|Last Respects|p1a: Gallade
|-supereffective|p1a: Gallade
|-damage|p1a: Gallade|0 fnt
|faint|p1a: Gallade
|move|p2a: Arboliva|Leech Seed|p1b: Indeedee
|-start|p1b: Indeedee|move: Leech Seed
|move|p1b: Indeedee|Trick Room|p1b: Indeedee
|-fieldstart|move: Trick Room|[of] p1b: Indeedee
|
|-heal|p2a: Arboliva|45/100|[from] item: Leftovers
|-damage|p1b: Indeedee|48/100|[from] Leech Seed|[of] p2a: Arboliva
|-heal|p2a: Arboliva|56/100|[silent]
|upkeep
|-enditem|p1b: Indeedee|Sitrus Berry|[eat]
|-heal|p1b: Indeedee|73/100|[from] item: Sitrus Berry
|
|t:|1757201921
|switch|p1a: Hatterene|Hatterene, L50, F|97/100
|turn|4
|
|t:|1757201938
|-terastallize|p1a: Hatterene|Psychic
|move|p1a: Hatterene|Expanding Force|p2a: Arboliva|[spread] p2a,p2b
|-damage|p2a: Arboliva|0 fnt
|-damage|p2b: Basculegion|0 fnt
|-fieldstart|move: Grassy Terrain|[from] ability: Seed Sower|[of] p2a: Arboliva
|faint|p2a: Arboliva
|faint|p2b: Basculegion
|-damage|p1a: Hatterene|87/100|[from] item: Life Orb
|move|p1b: Indeedee|Trick Room|p1b: Indeedee
|-fieldend|move: Trick Room
|
|-heal|p1b: Indeedee|79/100|[from] Grassy Terrain
|-heal|p1a: Hatterene|93/100|[from] Grassy Terrain
|upkeep
|
|t:|1757201943
|switch|p2b: Hatterene|Hatterene, L50, F|100/100
|turn|5
|
|t:|1757201958
|switch|p1a: Sneasler|Sneasler, L50, F|100/100
|-terastallize|p2b: Hatterene|Dark
|move|p1b: Indeedee|Protect|p1b: Indeedee
|-singleturn|p1b: Indeedee|Protect
|move|p2b: Hatterene|Dazzling Gleam|p1b: Indeedee|[spread] p1a
|-activate|p1b: Indeedee|move: Protect
|-damage|p1a: Sneasler|37/100
|-damage|p2b: Hatterene|91/100|[from] item: Life Orb
|
|-heal|p1a: Sneasler|42/100|[from] Grassy Terrain
|-heal|p1b: Indeedee|85/100|[from] Grassy Terrain
|-heal|p2b: Hatterene|97/100|[from] Grassy Terrain
|upkeep
|turn|6
|
|t:|1757201972
|switch|p1b: Hatterene|Hatterene, L50, F, tera:Psychic|93/100
|move|p1a: Sneasler|Protect|p1a: Sneasler
|-singleturn|p1a: Sneasler|Protect
|move|p2b: Hatterene|Protect||[still]
|-fail|p2b: Hatterene
|
|-heal|p1a: Sneasler|48/100|[from] Grassy Terrain
|-heal|p2b: Hatterene|100/100|[from] Grassy Terrain
|-heal|p1b: Hatterene|99/100|[from] Grassy Terrain
|upkeep
|turn|7
|
|t:|1757201980
|switch|p1b: Indeedee|Indeedee, L50, M|85/100
|-fieldstart|move: Psychic Terrain|[from] ability: Psychic Surge|[of] p1b: Indeedee
|-enditem|p1a: Sneasler|Psychic Seed
|-boost|p1a: Sneasler|spd|1|[from] item: Psychic Seed
|move|p1a: Sneasler|Close Combat|p2b: Hatterene
|-supereffective|p2b: Hatterene
|-damage|p2b: Hatterene|0 fnt
|-unboost|p1a: Sneasler|def|1
|-unboost|p1a: Sneasler|spd|1
|faint|p2b: Hatterene
|
|win|CalliopeOKBH
||CalliopeOKBH is ready for game 2.
||pollonetor is ready for game 2.
|uhtml|next|Next: Game 2 of 3
|l|☆CalliopeOKBH
|player|p1|
|j|☆CalliopeOKBH
|player|p1|CalliopeOKBH|zinnia|
