|j|☆Ziik
|j|☆ChrixsVGC
|html|ZiikChrixsVGC    
|uhtml|bestof|Game 3 of a best-of-3
|t:|1756327587
|gametype|doubles
|player|p1|Ziik|170|1129
|player|p2|ChrixsVGC|veteran|1147
|gen|9
|tier|[Gen 9] VGC 2025 Reg H (Bo3)
|rated|
|rule|Species Clause: Limit one of each Pokémon
|rule|Item Clause: Limit 1 of each item
|clearpoke
|poke|p1|Amoonguss, L50, M|
|poke|p1|Archaludon, L50, M|
|poke|p1|Basculegion, L50, M|
|poke|p1|Pelipper, L50, F|
|poke|p1|Rillaboom, L50, F|
|poke|p1|Maushold-Four, L50|
|poke|p2|Dondozo, L50, F|
|poke|p2|Tatsugiri, L50, M|
|poke|p2|Maushold-Four, L50|
|poke|p2|Annihilape, L50, M|
|poke|p2|Whimsicott, L50, F|
|poke|p2|Typhlosion-Hisui, L50, M|
|teampreview|4
|showteam|p1|Amoonguss||SitrusBerry|Regenerator|RagePowder,Spore,PollenPuff,ClearSmog|||M|||50|,,,,,Fire]Archaludon||AssaultVest|Stamina|ElectroShot,FlashCannon,DracoMeteor,BodyPress|||M|||50|,,,,,Bug]Basculegion||LifeOrb|SwiftSwim|WaveCrash,LastRespects,AquaJet,FlipTurn|||M|||50|,,,,,Water]Pelipper||FocusSash|Drizzle|Protect,WeatherBall,Hurricane,Tailwind|||F|||50|,,,,,Steel]Rillaboom||MiracleSeed|GrassySurge|FakeOut,GrassyGlide,WoodHammer,Uturn|||F|||50|,,,,,Fire]Maushold-Four||WideLens|FriendGuard|Protect,FollowMe,Taunt,PopulationBomb||||||50|,,,,,Grass
|showteam|p2|Dondozo||Leftovers|Unaware|WaveCrash,Earthquake,OrderUp,Protect|||F|||50|,,,,,Dragon]Tatsugiri||SitrusBerry|Commander|DracoMeteor,MuddyWater,HelpingHand,Protect|||M|||50|,,,,,Steel]Maushold-Four||WideLens|Technician|PopulationBomb,Crunch,FollowMe,Protect||||||50|,,,,,Normal]Annihilape||ChoiceScarf|Defiant|ShadowClaw,CloseCombat,FinalGambit,Uturn|||M|||50|,,,,,Fighting]Whimsicott||CovertCloak|Prankster|Tailwind,SunnyDay,Moonblast,Encore|||F|||50|,,,,,Rock]Typhlosion-Hisui||Charcoal|Frisk|Eruption,HeatWave,ShadowBall,Protect|||M|||50|,,,,,Fairy
|
|t:|1756327607
|teamsize|p1|4
|teamsize|p2|4
|start
|switch|p1a: Maushold|Maushold-Four, L50|100/100
|switch|p1b: Basculegion|Basculegion, L50, M|100/100
|switch|p2a: Annihilape|Annihilape, L50, M|100/100
|switch|p2b: Maushold|Maushold-Four, L50|100/100
|turn|1
|
|t:|1756327638
|move|p2b: Maushold|Protect|p2b: Maushold
|-singleturn|p2b: Maushold|Protect
|move|p1a: Maushold|Follow Me|p1a: Maushold
|-singleturn|p1a: Maushold|move: Follow Me
|move|p2a: Annihilape|Final Gambit|p1a: Maushold
|-damage|p1a: Maushold|0 fnt
|faint|p2a: Annihilape
|faint|p1a: Maushold
|move|p1b: Basculegion|Flip Turn|p2b: Maushold
|-activate|p2b: Maushold|move: Protect
|
|upkeep
|
|t:|1756327650
|switch|p2a: Dondozo|Dondozo, L50, F|100/100
|switch|p1a: Pelipper|Pelipper, L50, F|100/100
|-weather|RainDance|[from] ability: Drizzle|[of] p1a: Pelipper
|turn|2
|
|t:|1756327673
|move|p1a: Pelipper|Protect|p1a: Pelipper
|-singleturn|p1a: Pelipper|Protect
|move|p1b: Basculegion|Flip Turn|p2b: Maushold
|-damage|p2b: Maushold|13/100
|-damage|p1b: Basculegion|91/100|[from] item: Life Orb
|
|t:|1756327679
|switch|p1b: Amoonguss|Amoonguss, L50, M|100/100|[from] Flip Turn
|move|p2b: Maushold|Population Bomb|p1a: Pelipper
|-activate|p1a: Pelipper|move: Protect
|move|p2a: Dondozo|Wave Crash|p1a: Pelipper
|-activate|p1a: Pelipper|move: Protect
|
|-weather|RainDance|[upkeep]
|upkeep
|turn|3
|
|t:|1756327699
|switch|p1b: Basculegion|Basculegion, L50, M|91/100
|move|p2b: Maushold|Population Bomb|p1a: Pelipper
|-damage|p1a: Pelipper|87/100
|-crit|p1a: Pelipper
|-damage|p1a: Pelipper|67/100
|-hitcount|p1a: Pelipper|2
|move|p1a: Pelipper|Hurricane|p2b: Maushold
|-damage|p2b: Maushold|0 fnt
|faint|p2b: Maushold
|move|p2a: Dondozo|Wave Crash|p1a: Pelipper
|-resisted|p1a: Pelipper
|-damage|p1a: Pelipper|7/100
|-damage|p2a: Dondozo|89/100|[from] Recoil
|
|-weather|RainDance|[upkeep]
|-heal|p2a: Dondozo|95/100|[from] item: Leftovers
|upkeep
|
|t:|1756327715
|switch|p2b: Tatsugiri|Tatsugiri, L50, M|100/100
|-activate|p2b: Tatsugiri|ability: Commander|[of] p2a: Dondozo
|-boost|p2a: Dondozo|atk|2
|-boost|p2a: Dondozo|spa|2
|-boost|p2a: Dondozo|spe|2
|-boost|p2a: Dondozo|def|2
|-boost|p2a: Dondozo|spd|2
|turn|4
|
|t:|1756327732
|-terastallize|p2a: Dondozo|Dragon
|move|p1b: Basculegion|Flip Turn|p2a: Dondozo
|-resisted|p2a: Dondozo
|-damage|p2a: Dondozo|85/100
|-damage|p1b: Basculegion|81/100|[from] item: Life Orb
|
|t:|1756327739
|switch|p1b: Amoonguss|Amoonguss, L50, M|100/100|[from] Flip Turn
|move|p2a: Dondozo|Order Up|p1b: Amoonguss
|-damage|p1b: Amoonguss|37/100
|-enditem|p1b: Amoonguss|Sitrus Berry|[eat]
|-heal|p1b: Amoonguss|62/100|[from] item: Sitrus Berry
|-boost|p2a: Dondozo|atk|1
|move|p1a: Pelipper|Tailwind|p1a: Pelipper
|-sidestart|p1: Ziik|move: Tailwind
|
|-weather|RainDance|[upkeep]
|-heal|p2a: Dondozo|91/100|[from] item: Leftovers
|upkeep
|turn|5
|
|t:|1756327772
|move|p1a: Pelipper|Hurricane|p2a: Dondozo
|-damage|p2a: Dondozo|62/100
|-start|p2a: Dondozo|confusion
|-activate|p2a: Dondozo|confusion
|-damage|p2a: Dondozo|51/100|[from] confusion
|move|p1b: Amoonguss|Clear Smog|p2a: Dondozo
|-damage|p2a: Dondozo|43/100
|-clearboost|p2a: Dondozo
|
|-weather|RainDance|[upkeep]
|-heal|p2a: Dondozo|49/100|[from] item: Leftovers
|upkeep
|turn|6
|
|t:|1756327790
|switch|p1b: Basculegion|Basculegion, L50, M|81/100
|move|p1a: Pelipper|Hurricane|p2a: Dondozo
|-damage|p2a: Dondozo|0 fnt
|faint|p2a: Dondozo
|
|-weather|none
|upkeep
|turn|7
|-message|ChrixsVGC forfeited.
|
|win|Ziik
|raw|Ziik's rating: 1129 → 1155(+26 for winning)
|raw|ChrixsVGC's rating: 1147 → 1121(-26 for losing)
|l|☆ChrixsVGC
|player|p2|
