|j|☆tomnumbers
|j|☆PikaTROD
|html|tomnumbersPikaTROD    
|uhtml|bestof|Game 2 of a best-of-3
|t:|1755783275
|gametype|doubles
|player|p1|tomnumbers|gambler|1381
|player|p2|PikaTROD|170|1377
|gen|9
|tier|[Gen 9] VGC 2025 Reg H (Bo3)
|rated|
|rule|Species Clause: Limit one of each Pokémon
|rule|Item Clause: Limit 1 of each item
|clearpoke
|poke|p1|Gholdengo, L50|
|poke|p1|Amoonguss, L50, M|
|poke|p1|Ursaluna, L50, M|
|poke|p1|Porygon2, L50|
|poke|p1|Incineroar, L50, F|
|poke|p1|Dragonite, L50, F|
|poke|p2|Kingambit, L50, F|
|poke|p2|Primarina, L50, F|
|poke|p2|Sneasler, L50, F|
|poke|p2|Magmar, L50, M|
|poke|p2|Rillaboom, L50, M|
|poke|p2|Dragapult, L50, M|
|teampreview|4
|showteam|p1|Gholdengo||MetalCoat|GoodasGold|MakeItRain,ShadowBall,NastyPlot,Protect||||||50|,,,,,Water]Amoonguss||SitrusBerry|Regenerator|Spore,RagePowder,PollenPuff,Protect|||M|||50|,,,,,Fire]Ursaluna||FlameOrb|Guts|Facade,HeadlongRush,Earthquake,Protect|||M|||50|,,,,,Ghost]Porygon2||Eviolite|Download|TeraBlast,IceBeam,TrickRoom,Recover||||||50|,,,,,Fighting]Incineroar||SafetyGoggles|Intimidate|FlareBlitz,KnockOff,PartingShot,FakeOut|||F|||50|,,,,,Ghost]Dragonite||LoadedDice|Multiscale|ScaleShot,IceSpinner,Tailwind,Protect|||F|||50|,,,,,Steel
|showteam|p2|Kingambit||BlackGlasses|Defiant|KowtowCleave,SuckerPunch,SwordsDance,Protect|||F|||50|,,,,,Dark]Primarina||SitrusBerry|LiquidVoice|HyperVoice,Moonblast,Haze,Protect|||F|||50|,,,,,Poison]Sneasler||FocusSash|PoisonTouch|CloseCombat,DireClaw,FakeOut,Protect|||F|||50|,,,,,Ghost]Magmar||Eviolite|VitalSpirit|Overheat,WillOWisp,FollowMe,Protect|||M|||50|,,,,,Ghost]Rillaboom||AssaultVest|GrassySurge|WoodHammer,GrassyGlide,HighHorsepower,FakeOut|||M|||50|,,,,,Fire]Dragapult||ChoiceBand|ClearBody|DragonDarts,PhantomForce,Outrage,Uturn|||M|||50|,,,,,Dragon
|inactive|Battle timer is ON: inactive players will automatically lose when time's up. (requested by tomnumbers)
|inactive|PikaTROD has 60 seconds left.
|
|t:|1755783312
|teamsize|p1|4
|teamsize|p2|4
|start
|switch|p1a: Incineroar|Incineroar, L50, F|100/100
|switch|p1b: Porygon2|Porygon2, L50|100/100
|switch|p2a: Dragapult|Dragapult, L50, M|100/100
|switch|p2b: Sneasler|Sneasler, L50, F|100/100
|-ability|p1a: Incineroar|Intimidate|boost
|-fail|p2a: Dragapult|unboost|[from] ability: Clear Body|[of] p2a: Dragapult
|-unboost|p2b: Sneasler|atk|1
|-ability|p1b: Porygon2|Download|boost
|-boost|p1b: Porygon2|atk|1
|turn|1
|inactive|tomnumbers has 30 seconds left.
|inactive|PikaTROD has 30 seconds left.
|
|t:|1755783341
|switch|p1b: Amoonguss|Amoonguss, L50, M|100/100
|-terastallize|p2a: Dragapult|Dragon
|move|p2b: Sneasler|Fake Out|p1b: Amoonguss
|-damage|p1b: Amoonguss|92/100
|move|p2a: Dragapult|Dragon Darts|p1b: Amoonguss
|-damage|p1b: Amoonguss|50/100
|-enditem|p1b: Amoonguss|Sitrus Berry|[eat]
|-heal|p1b: Amoonguss|75/100|[from] item: Sitrus Berry
|-anim|p2a: Dragapult|Dragon Darts|p1a: Incineroar
|-damage|p1a: Incineroar|49/100
|move|p1a: Incineroar|Knock Off|p2a: Dragapult
|-damage|p2a: Dragapult|52/100
|-enditem|p2a: Dragapult|Choice Band|[from] move: Knock Off|[of] p1a: Incineroar
|
|upkeep
|turn|2
|inactive|tomnumbers has 30 seconds left.
|inactive|PikaTROD has 30 seconds left.
|inactive|PikaTROD has 20 seconds left.
|inactive|PikaTROD has 15 seconds left.
|
|t:|1755783383
|switch|p2b: Rillaboom|Rillaboom, L50, M|100/100
|-fieldstart|move: Grassy Terrain|[from] ability: Grassy Surge|[of] p2b: Rillaboom
|switch|p1a: Porygon2|Porygon2, L50|100/100
|-ability|p1a: Porygon2|Download|boost
|-boost|p1a: Porygon2|spa|1
|move|p2a: Dragapult|Outrage|p1b: Amoonguss
|-damage|p1b: Amoonguss|4/100
|move|p1b: Amoonguss|Spore|p2a: Dragapult
|-status|p2a: Dragapult|slp|[from] move: Spore
|
|-heal|p2a: Dragapult|58/100 slp|[from] Grassy Terrain
|-heal|p1b: Amoonguss|10/100|[from] Grassy Terrain
|upkeep
|turn|3
|
|t:|1755783405
|switch|p1b: Incineroar|Incineroar, L50, F|49/100
|-ability|p1b: Incineroar|Intimidate|boost
|-fail|p2a: Dragapult|unboost|[from] ability: Clear Body|[of] p2a: Dragapult
|-unboost|p2b: Rillaboom|atk|1
|move|p2b: Rillaboom|Fake Out|p1a: Porygon2
|-damage|p1a: Porygon2|94/100
|cant|p2a: Dragapult|slp
|cant|p1a: Porygon2|flinch
|
|-heal|p2a: Dragapult|65/100 slp|[from] Grassy Terrain
|-heal|p1b: Incineroar|55/100|[from] Grassy Terrain
|-heal|p1a: Porygon2|99/100|[from] Grassy Terrain
|upkeep
|turn|4
|
|t:|1755783425
|move|p1b: Incineroar|Fake Out|p2a: Dragapult
|-damage|p2a: Dragapult|49/100 slp
|-curestatus|p2a: Dragapult|slp|[msg]
|cant|p2a: Dragapult|flinch
|move|p2b: Rillaboom|High Horsepower|p1b: Incineroar
|-supereffective|p1b: Incineroar
|-damage|p1b: Incineroar|16/100
|move|p1a: Porygon2|Trick Room|p1a: Porygon2
|-fieldstart|move: Trick Room|[of] p1a: Porygon2
|
|-heal|p1a: Porygon2|100/100|[from] Grassy Terrain
|-heal|p1b: Incineroar|22/100|[from] Grassy Terrain
|-heal|p2a: Dragapult|55/100|[from] Grassy Terrain
|upkeep
|turn|5
|
|t:|1755783437
|switch|p2a: Magmar|Magmar, L50, M|100/100
|move|p1a: Porygon2|Ice Beam|p2a: Magmar
|-resisted|p2a: Magmar
|-damage|p2a: Magmar|85/100
|move|p1b: Incineroar|Parting Shot|p2b: Rillaboom
|-unboost|p2b: Rillaboom|atk|1
|-unboost|p2b: Rillaboom|spa|1
|
|t:|1755783444
|switch|p1b: Amoonguss|Amoonguss, L50, M|43/100|[from] Parting Shot
|move|p2b: Rillaboom|High Horsepower|p1b: Amoonguss
|-damage|p1b: Amoonguss|28/100
|
|-heal|p1b: Amoonguss|34/100|[from] Grassy Terrain
|-heal|p2a: Magmar|91/100|[from] Grassy Terrain
|upkeep
|turn|6
|inactive|PikaTROD has 30 seconds left.
|
|t:|1755783470
|switch|p1b: Incineroar|Incineroar, L50, F|22/100
|-ability|p1b: Incineroar|Intimidate|boost
|-unboost|p2a: Magmar|atk|1
|-unboost|p2b: Rillaboom|atk|1
|move|p1a: Porygon2|Tera Blast|p2a: Magmar
|-damage|p2a: Magmar|47/100
|move|p2b: Rillaboom|High Horsepower|p1b: Incineroar
|-supereffective|p1b: Incineroar
|-damage|p1b: Incineroar|0 fnt
|faint|p1b: Incineroar
|move|p2a: Magmar|Will-O-Wisp|p1a: Porygon2
|-status|p1a: Porygon2|brn
|
|-heal|p2a: Magmar|53/100|[from] Grassy Terrain
|-damage|p1a: Porygon2|94/100 brn|[from] brn
|-fieldend|move: Grassy Terrain
|upkeep
|
|t:|1755783477
|switch|p1b: Ursaluna|Ursaluna, L50, M|100/100
|turn|7
|inactive|tomnumbers has 30 seconds left.
|inactive|PikaTROD has 30 seconds left.
|
|t:|1755783510
|move|p1b: Ursaluna|Protect|p1b: Ursaluna
|-singleturn|p1b: Ursaluna|Protect
|move|p2a: Magmar|Protect|p2a: Magmar
|-singleturn|p2a: Magmar|Protect
|move|p1a: Porygon2|Tera Blast|p2a: Magmar
|-activate|p2a: Magmar|move: Protect
|move|p2b: Rillaboom|Wood Hammer|p1b: Ursaluna
|-activate|p1b: Ursaluna|move: Protect
|
|-damage|p1a: Porygon2|88/100 brn|[from] brn
|-status|p1b: Ursaluna|brn|[from] item: Flame Orb
|upkeep
|turn|8
|inactive|tomnumbers has 30 seconds left.
|inactive|PikaTROD has 30 seconds left.
|
|t:|1755783541
|switch|p1b: Amoonguss|Amoonguss, L50, M|67/100
|move|p2a: Magmar|Follow Me|p2a: Magmar
|-singleturn|p2a: Magmar|move: Follow Me
|move|p1a: Porygon2|Tera Blast|p2a: Magmar
|-damage|p2a: Magmar|9/100
|move|p2b: Rillaboom|Wood Hammer|p1b: Amoonguss
|-resisted|p1b: Amoonguss
|-damage|p1b: Amoonguss|61/100
|-damage|p2b: Rillaboom|99/100|[from] Recoil
|
|-damage|p1a: Porygon2|82/100 brn|[from] brn
|-fieldend|move: Trick Room
|upkeep
|turn|9
|
|t:|1755783554
|switch|p2b: Sneasler|Sneasler, L50, F|100/100
|move|p1b: Amoonguss|Protect|p1b: Amoonguss
|-singleturn|p1b: Amoonguss|Protect
|move|p2a: Magmar|Overheat|p1b: Amoonguss
|-activate|p1b: Amoonguss|move: Protect
|move|p1a: Porygon2|Trick Room|p1a: Porygon2
|-fieldstart|move: Trick Room|[of] p1a: Porygon2
|
|-damage|p1a: Porygon2|75/100 brn|[from] brn
|upkeep
|turn|10
|inactive|tomnumbers has 30 seconds left.
|
|t:|1755783588
|move|p1b: Amoonguss|Protect||[still]
|-fail|p1b: Amoonguss
|move|p2b: Sneasler|Fake Out|p1a: Porygon2
|-damage|p1a: Porygon2|66/100 brn
|cant|p1a: Porygon2|flinch
|move|p2a: Magmar|Overheat|p1b: Amoonguss
|-supereffective|p1b: Amoonguss
|-damage|p1b: Amoonguss|0 fnt
|-unboost|p2a: Magmar|spa|2
|faint|p1b: Amoonguss
|
|-damage|p1a: Porygon2|60/100 brn|[from] brn
|upkeep
|
|t:|1755783600
|switch|p1b: Ursaluna|Ursaluna, L50, M|100/100 brn
|turn|11
|inactive|PikaTROD has 30 seconds left.
|inactive|PikaTROD has 20 seconds left.
|inactive|PikaTROD has 15 seconds left.
|inactive|PikaTROD has 10 seconds left.
|
|t:|1755783647
|switch|p2a: Rillaboom|Rillaboom, L50, M|99/100
|-fieldstart|move: Grassy Terrain|[from] ability: Grassy Surge|[of] p2a: Rillaboom
|-terastallize|p1b: Ursaluna|Ghost
|move|p2b: Sneasler|Protect|p2b: Sneasler
|-singleturn|p2b: Sneasler|Protect
|move|p1a: Porygon2|Recover|p1a: Porygon2
|-heal|p1a: Porygon2|100/100 brn
|move|p1b: Ursaluna|Earthquake|p2b: Sneasler|[spread] p1a,p2a
|-activate|p2b: Sneasler|move: Protect
|-resisted|p2a: Rillaboom
|-damage|p1a: Porygon2|78/100 brn
|-damage|p2a: Rillaboom|85/100
|
|-heal|p1a: Porygon2|84/100 brn|[from] Grassy Terrain
|-heal|p2a: Rillaboom|91/100|[from] Grassy Terrain
|-damage|p1a: Porygon2|78/100 brn|[from] brn
|-damage|p1b: Ursaluna|95/100 brn|[from] brn
|upkeep
|turn|12
|inactive|PikaTROD has 30 seconds left.
|
|t:|1755783677
|move|p2a: Rillaboom|Fake Out|p1a: Porygon2
|-damage|p1a: Porygon2|67/100 brn
|cant|p1a: Porygon2|flinch
|move|p1b: Ursaluna|Facade|p2a: Rillaboom
|-damage|p2a: Rillaboom|0 fnt
|faint|p2a: Rillaboom
|move|p2b: Sneasler|Close Combat|p1a: Porygon2
|-supereffective|p1a: Porygon2
|-damage|p1a: Porygon2|0 fnt
|-unboost|p2b: Sneasler|def|1
|-unboost|p2b: Sneasler|spd|1
|faint|p1a: Porygon2
|
|-heal|p1b: Ursaluna|100/100 brn|[from] Grassy Terrain
|-damage|p1b: Ursaluna|95/100 brn|[from] brn
|upkeep
|
|t:|1755783687
|switch|p2a: Magmar|Magmar, L50, M|9/100
|turn|13
|
|t:|1755783699
|move|p2a: Magmar|Protect|p2a: Magmar
|-singleturn|p2a: Magmar|Protect
|move|p2b: Sneasler|Protect|p2b: Sneasler
|-singleturn|p2b: Sneasler|Protect
|move|p1b: Ursaluna|Earthquake|p2a: Magmar|[spread] 
|-activate|p2a: Magmar|move: Protect
|-activate|p2b: Sneasler|move: Protect
|
|-heal|p1b: Ursaluna|100/100 brn|[from] Grassy Terrain
|-heal|p2a: Magmar|15/100|[from] Grassy Terrain
|-damage|p1b: Ursaluna|95/100 brn|[from] brn
|-fieldend|move: Trick Room
|upkeep
|turn|14
|
|t:|1755783707
|move|p2b: Sneasler|Dire Claw|p1b: Ursaluna
|-resisted|p1b: Ursaluna
|-damage|p1b: Ursaluna|79/100 brn
|move|p2a: Magmar|Overheat|p1b: Ursaluna
|-damage|p1b: Ursaluna|38/100 brn
|-unboost|p2a: Magmar|spa|2
|move|p1b: Ursaluna|Earthquake|p2a: Magmar|[spread] p2a,p2b
|-supereffective|p2a: Magmar
|-supereffective|p2b: Sneasler
|-damage|p2a: Magmar|0 fnt
|-enditem|p2b: Sneasler|Focus Sash
|-damage|p2b: Sneasler|1/100
|faint|p2a: Magmar
|
|-heal|p2b: Sneasler|7/100|[from] Grassy Terrain
|-heal|p1b: Ursaluna|44/100 brn|[from] Grassy Terrain
|-damage|p1b: Ursaluna|38/100 brn|[from] brn
|upkeep
|
|t:|1755783712
|switch|p2a: Dragapult|Dragapult, L50, M, tera:Dragon|55/100
|turn|15
|
|t:|1755783717
|move|p2b: Sneasler|Protect|p2b: Sneasler
|-singleturn|p2b: Sneasler|Protect
|move|p2a: Dragapult|Phantom Force||[still]
|-prepare|p2a: Dragapult|Phantom Force
|move|p1b: Ursaluna|Earthquake|p2a: Dragapult|[spread] 
|-miss|p1b: Ursaluna|p2a: Dragapult
|-activate|p2b: Sneasler|move: Protect
|
|-heal|p2b: Sneasler|13/100|[from] Grassy Terrain
|-heal|p1b: Ursaluna|44/100 brn|[from] Grassy Terrain
|-damage|p1b: Ursaluna|38/100 brn|[from] brn
|-fieldend|move: Grassy Terrain
|upkeep
|turn|16
|
|t:|1755783725
|move|p2a: Dragapult|Phantom Force|p1b: Ursaluna|[from] lockedmove
|-supereffective|p1b: Ursaluna
|-damage|p1b: Ursaluna|0 fnt
|faint|p1b: Ursaluna
|
|win|PikaTROD
|raw|tomnumbers's rating: 1381 → 1361(-20 for losing)
|raw|PikaTROD's rating: 1377 → 1397(+20 for winning)
|c|☆PikaTROD|gg
|c|☆tomnumbers|gg
