|j|☆el_frolo
|j|☆Secks_Robot
|html|el_froloSecks_Robot    
|uhtml|bestof|Game 1 of a best-of-3
|t:|1757703931
|gametype|doubles
|player|p1|el_frolo|102|1143
|player|p2|Secks_Robot|265|1063
|gen|9
|tier|[Gen 9] VGC 2025 Reg H (Bo3)
|rated|
|rule|Species Clause: Limit one of each Pokémon
|rule|Item Clause: Limit 1 of each item
|clearpoke
|poke|p1|Gholdengo, L50|
|poke|p1|Incineroar, L50, F|
|poke|p1|Amoonguss, L50, F|
|poke|p1|Porygon2, L50|
|poke|p1|Ursaluna, L50, F|
|poke|p1|Dragonite, L50, M|
|poke|p2|Amoonguss, L50, M|
|poke|p2|Pelipper, L50, F|
|poke|p2|Archaludon, L50, M|
|poke|p2|Basculegion, L50, M|
|poke|p2|Incineroar, L50, F|
|poke|p2|Dragonite, L50, M|
|teampreview|4
|showteam|p1|Gholdengo||LifeOrb|GoodasGold|MakeItRain,ShadowBall,NastyPlot,Protect||||||50|,,,,,Water]Incineroar||SafetyGoggles|Intimidate|KnockOff,FlareBlitz,FakeOut,PartingShot|||F|||50|,,,,,Ghost]Amoonguss||CovertCloak|Regenerator|RagePowder,PollenPuff,Protect,Spore|||F|||50|,,,,,Dark]Porygon2||Eviolite|Download|TeraBlast,IceBeam,TrickRoom,Recover||||||50|,,,,,Fighting]Ursaluna||FlameOrb|Guts|Facade,Earthquake,HeadlongRush,Protect|||F|||50|,,,,,Ghost]Dragonite||LoadedDice|Multiscale|ScaleShot,Tailwind,Protect,Haze|||M|||50|,,,,,Fairy
|showteam|p2|Amoonguss||CovertCloak|Regenerator|Spore,RagePowder,PollenPuff,SludgeBomb|||M|||50|,,,,,Dark]Pelipper||FocusSash|Drizzle|Tailwind,Hurricane,WeatherBall,WideGuard|||F|||50|,,,,,Ghost]Archaludon||AssaultVest|Stalwart|ElectroShot,AuraSphere,DragonPulse,Snarl|||M|||50|,,,,,Ghost]Basculegion||LifeOrb|SwiftSwim|AquaJet,FlipTurn,LastRespects,WaveCrash|||M|||50|,,,,,Dark]Incineroar||SitrusBerry|Intimidate|FakeOut,KnockOff,PartingShot,Taunt|||F|||50|,,,,,Grass]Dragonite||ChoiceBand|InnerFocus|ExtremeSpeed,IceSpinner,AerialAce,StompingTantrum|||M|||50|,,,,,Normal
|inactive|Battle timer is ON: inactive players will automatically lose when time's up. (requested by Secks_Robot)
|
|t:|1757703989
|teamsize|p1|4
|teamsize|p2|4
|start
|switch|p1a: Porygon2|Porygon2, L50|100/100
|switch|p1b: Incineroar|Incineroar, L50, F|100/100
|switch|p2a: Archaludon|Archaludon, L50, M|100/100
|switch|p2b: Basculegion|Basculegion, L50, M|100/100
|-ability|p1b: Incineroar|Intimidate|boost
|-unboost|p2a: Archaludon|atk|1
|-unboost|p2b: Basculegion|atk|1
|-ability|p1a: Porygon2|Download|boost
|-boost|p1a: Porygon2|spa|1
|turn|1
|inactive|Secks_Robot has 30 seconds left.
|
|t:|1757704018
|switch|p1b: Amoonguss|Amoonguss, L50, F|100/100
|move|p2b: Basculegion|Flip Turn|p1b: Amoonguss
|-resisted|p1b: Amoonguss
|-damage|p1b: Amoonguss|91/100
|-damage|p2b: Basculegion|91/100|[from] item: Life Orb
|
|t:|1757704025
|switch|p2b: Pelipper|Pelipper, L50, F|100/100|[from] Flip Turn
|-weather|RainDance|[from] ability: Drizzle|[of] p2b: Pelipper
|move|p2a: Archaludon|Electro Shot||[still]
|-prepare|p2a: Archaludon|Electro Shot
|-boost|p2a: Archaludon|spa|1
|-anim|p2a: Archaludon|Electro Shot|p1b: Amoonguss
|-resisted|p1b: Amoonguss
|-damage|p1b: Amoonguss|64/100
|move|p1a: Porygon2|Trick Room|p1a: Porygon2
|-fieldstart|move: Trick Room|[of] p1a: Porygon2
|
|-weather|RainDance|[upkeep]
|upkeep
|turn|2
|inactive|el_frolo has 30 seconds left.
|inactive|Secks_Robot has 30 seconds left.
|inactive|el_frolo has 20 seconds left.
|inactive|el_frolo has 15 seconds left.
|
|t:|1757704067
|move|p1b: Amoonguss|Spore|p2a: Archaludon
|-status|p2a: Archaludon|slp|[from] move: Spore
|move|p1a: Porygon2|Tera Blast|p2b: Pelipper
|-damage|p2b: Pelipper|17/100
|cant|p2a: Archaludon|slp
|move|p2b: Pelipper|Hurricane|p1b: Amoonguss
|-supereffective|p1b: Amoonguss
|-damage|p1b: Amoonguss|0 fnt
|faint|p1b: Amoonguss
|
|-weather|RainDance|[upkeep]
|upkeep
|
|t:|1757704082
|switch|p1b: Incineroar|Incineroar, L50, F|100/100
|-ability|p1b: Incineroar|Intimidate|boost
|-unboost|p2a: Archaludon|atk|1
|-unboost|p2b: Pelipper|atk|1
|turn|3
|inactive|Secks_Robot has 30 seconds left.
|inactive|Secks_Robot has 20 seconds left.
|inactive|Secks_Robot has 15 seconds left.
|inactive|Secks_Robot has 10 seconds left.
|inactive|Secks_Robot has 5 seconds left.
|
|t:|1757704136
|move|p1a: Porygon2|Ice Beam|p2b: Pelipper
|-damage|p2b: Pelipper|0 fnt
|faint|p2b: Pelipper
|-curestatus|p2a: Archaludon|slp|[msg]
|move|p2a: Archaludon|Aura Sphere|p1b: Incineroar
|-supereffective|p1b: Incineroar
|-damage|p1b: Incineroar|36/100
|move|p1b: Incineroar|Knock Off|p2a: Archaludon
|-crit|p2a: Archaludon
|-damage|p2a: Archaludon|54/100
|-enditem|p2a: Archaludon|Assault Vest|[from] move: Knock Off|[of] p1b: Incineroar
|
|-weather|RainDance|[upkeep]
|upkeep
|
|t:|1757704151
|switch|p2b: Basculegion|Basculegion, L50, M|91/100
|turn|4
|inactive|el_frolo has 30 seconds left.
|
|t:|1757704177
|switch|p1b: Gholdengo|Gholdengo, L50|100/100
|move|p2b: Basculegion|Aqua Jet|p1b: Gholdengo
|-damage|p1b: Gholdengo|63/100
|-damage|p2b: Basculegion|81/100|[from] item: Life Orb
|move|p1a: Porygon2|Ice Beam|p2a: Archaludon
|-damage|p2a: Archaludon|15/100
|move|p2a: Archaludon|Electro Shot||[still]
|-prepare|p2a: Archaludon|Electro Shot
|-boost|p2a: Archaludon|spa|1
|-anim|p2a: Archaludon|Electro Shot|p1a: Porygon2
|-damage|p1a: Porygon2|53/100
|
|-weather|RainDance|[upkeep]
|upkeep
|turn|5
|inactive|el_frolo has 30 seconds left.
|inactive|Secks_Robot has 30 seconds left.
|inactive|el_frolo has 20 seconds left.
|inactive|Secks_Robot has 20 seconds left.
|inactive|Secks_Robot has 15 seconds left.
|inactive|Secks_Robot has 10 seconds left.
|inactive|el_frolo has 15 seconds left.
|inactive|Secks_Robot has 5 seconds left.
|inactive|el_frolo has 10 seconds left.
|
|t:|1757704232
|-terastallize|p1b: Gholdengo|Water
|-terastallize|p2b: Basculegion|Dark
|move|p1a: Porygon2|Ice Beam|p2b: Basculegion
|-damage|p2b: Basculegion|36/100
|move|p2a: Archaludon|Snarl|p1a: Porygon2|[spread] p1a,p1b
|-damage|p1a: Porygon2|37/100
|-damage|p1b: Gholdengo|32/100
|-unboost|p1a: Porygon2|spa|1
|-unboost|p1b: Gholdengo|spa|1
|move|p1b: Gholdengo|Make It Rain|p2b: Basculegion|[spread] p2a,p2b
|-resisted|p2a: Archaludon
|-damage|p2a: Archaludon|0 fnt
|-damage|p2b: Basculegion|0 fnt
|-unboost|p1b: Gholdengo|spa|1
|faint|p2a: Archaludon
|faint|p2b: Basculegion
|-damage|p1b: Gholdengo|22/100|[from] item: Life Orb
|
|-weather|none
|-fieldend|move: Trick Room
|upkeep
|
|t:|1757704250
|switch|p2a: Dragonite|Dragonite, L50, M|100/100
|turn|6
|inactive|el_frolo has 30 seconds left.
|inactive|Secks_Robot has 30 seconds left.
|inactive|Secks_Robot has 20 seconds left.
|
|t:|1757704285
|switch|p1a: Incineroar|Incineroar, L50, F|36/100
|-ability|p1a: Incineroar|Intimidate|boost
|-fail|p2a: Dragonite|unboost|Attack|[from] ability: Inner Focus|[of] p2a: Dragonite
|move|p2a: Dragonite|Extreme Speed|p1a: Incineroar
|-damage|p1a: Incineroar|0 fnt
|faint|p1a: Incineroar
|move|p1b: Gholdengo|Nasty Plot|p1b: Gholdengo
|-boost|p1b: Gholdengo|spa|2
|
|upkeep
|
|t:|1757704293
|switch|p1a: Porygon2|Porygon2, L50|37/100
|-ability|p1a: Porygon2|Download|boost
|-boost|p1a: Porygon2|atk|1
|turn|7
|
|t:|1757704310
|move|p2a: Dragonite|Extreme Speed|p1a: Porygon2
|-damage|p1a: Porygon2|11/100
|move|p1b: Gholdengo|Make It Rain|p2a: Dragonite
|-damage|p2a: Dragonite|21/100
|-unboost|p1b: Gholdengo|spa|1
|-damage|p1b: Gholdengo|13/100|[from] item: Life Orb
|move|p1a: Porygon2|Ice Beam|p2a: Dragonite
|-supereffective|p2a: Dragonite
|-damage|p2a: Dragonite|0 fnt
|faint|p2a: Dragonite
|
|win|el_frolo
||Secks_Robot is ready for game 2.
|inactive|el_frolo has 30 seconds to confirm battle start!
||el_frolo is ready for game 2.
|uhtml|next|Next: Game 2 of 3
|l|☆Secks_Robot
|player|p2|
