|j|☆kirkin07
|j|☆Raijin and Tonic
|html|kirkin07Raijin and Tonic    
|uhtml|bestof|Game 2 of a best-of-3
|t:|1756934430
|gametype|doubles
|player|p1|kirkin07|265|1092
|player|p2|Raijin and Tonic|1|1094
|gen|9
|tier|[Gen 9] VGC 2025 Reg H (Bo3)
|rated|
|rule|Species Clause: Limit one of each Pokémon
|rule|Item Clause: Limit 1 of each item
|clearpoke
|poke|p1|Kingambit, L50, F|
|poke|p1|Dragonite, L50, M|
|poke|p1|Incineroar, L50, M|
|poke|p1|Whimsicott, L50, F|
|poke|p1|Ursaluna-Bloodmoon, L50, M|
|poke|p1|Sneasler, L50, F|
|poke|p2|Torkoal, L50, F|
|poke|p2|Garchomp, L50, F|
|poke|p2|Typhlosion-Hisui, L50, F|
|poke|p2|Grimmsnarl, L50, M|
|poke|p2|Tyranitar, L50, M|
|poke|p2|Serperior, L50, F|
|teampreview|4
|showteam|p1|Kingambit||SafetyGoggles|Defiant|KowtowCleave,SuckerPunch,SwordsDance,Protect|||F|||50|,,,,,Fire]Dragonite||ChoiceBand|InnerFocus|Outrage,StompingTantrum,ExtremeSpeed,TeraBlast|||M|||50|,,,,,Flying]Incineroar||Leftovers|Intimidate|FlareBlitz,WillOWisp,PartingShot,FakeOut|||M|||50|,,,,,Ghost]Whimsicott||CovertCloak|Prankster|Encore,Protect,Tailwind,Moonblast|||F|||50|,,,,,Water]Ursaluna-Bloodmoon||LifeOrb|MindsEye|Protect,EarthPower,BloodMoon,HyperVoice|||M|||50|,,,,,Normal]Sneasler||FocusSash|PoisonTouch|FakeOut,CloseCombat,DireClaw,Protect|||F|||50|,,,,,Grass
|showteam|p2|Torkoal||EjectPack|Drought|Protect,BurningJealousy,HelpingHand,Overheat|||F|||50|,,,,,Fire]Garchomp||BrightPowder|SandVeil|Protect,StompingTantrum,RockSlide,SwordsDance|||F|||50|,,,,,Grass]Typhlosion-Hisui||ChoiceScarf|Blaze|Eruption,InfernalParade,Overheat,ShadowBall|||F|||50|,,,,,Fire]Grimmsnarl||LightClay|Prankster|SpiritBreak,Reflect,LightScreen,PartingShot|||M|||50|,,,,,Ghost]Tyranitar||AssaultVest|SandStream|RockSlide,KnockOff,LowKick,TeraBlast|||M|||50|,,,,,Flying]Serperior||CovertCloak|Contrary|Protect,LeafStorm,Glare,Taunt|||F|||50|,,,,,Fire
|inactive|Battle timer is ON: inactive players will automatically lose when time's up. (requested by Raijin and Tonic)
|
|t:|1756934454
|teamsize|p1|4
|teamsize|p2|4
|start
|switch|p1a: Whimsicott|Whimsicott, L50, F|100/100
|switch|p1b: Incineroar|Incineroar, L50, M|100/100
|switch|p2a: Serperior|Serperior, L50, F, shiny|100/100
|switch|p2b: Tyranitar|Tyranitar, L50, M|100/100
|-weather|Sandstorm|[from] ability: Sand Stream|[of] p2b: Tyranitar
|-ability|p1b: Incineroar|Intimidate|boost
|-boost|p2a: Serperior|atk|1
|-unboost|p2b: Tyranitar|atk|1
|turn|1
|inactive|Raijin and Tonic has 30 seconds left.
|
|t:|1756934482
|-terastallize|p2a: Serperior|Fire
|move|p1b: Incineroar|Fake Out|p2a: Serperior
|-damage|p2a: Serperior|88/100
|move|p1a: Whimsicott|Tailwind|p1a: Whimsicott
|-sidestart|p1: kirkin07|move: Tailwind
|move|p2a: Serperior|Leaf Storm|p1b: Incineroar
|-resisted|p1b: Incineroar
|-damage|p1b: Incineroar|86/100
|-boost|p2a: Serperior|spa|2
|move|p2b: Tyranitar|Rock Slide|p1b: Incineroar|[spread] p1a,p1b
|-supereffective|p1b: Incineroar
|-damage|p1a: Whimsicott|73/100
|-damage|p1b: Incineroar|50/100
|
|-weather|Sandstorm|[upkeep]
|-damage|p1a: Whimsicott|68/100|[from] Sandstorm
|-damage|p2a: Serperior|82/100|[from] Sandstorm
|-damage|p1b: Incineroar|45/100|[from] Sandstorm
|-heal|p1b: Incineroar|50/100|[from] item: Leftovers
|upkeep
|turn|2
|inactive|kirkin07 has 30 seconds left.
|inactive|kirkin07 has 20 seconds left.
|inactive|kirkin07 has 15 seconds left.
|inactive|kirkin07 has 10 seconds left.
|inactive|kirkin07 has 5 seconds left.
|
|t:|1756934535
|switch|p1b: Dragonite|Dragonite, L50, M|100/100
|move|p1a: Whimsicott|Protect|p1a: Whimsicott
|-singleturn|p1a: Whimsicott|Protect
|move|p2a: Serperior|Leaf Storm|p1a: Whimsicott
|-activate|p1a: Whimsicott|move: Protect
|move|p2b: Tyranitar|Rock Slide|p1a: Whimsicott|[spread] p1b
|-activate|p1a: Whimsicott|move: Protect
|-supereffective|p1b: Dragonite
|-damage|p1b: Dragonite|54/100
|
|-weather|Sandstorm|[upkeep]
|-damage|p1a: Whimsicott|62/100|[from] Sandstorm
|-damage|p1b: Dragonite|48/100|[from] Sandstorm
|-damage|p2a: Serperior|76/100|[from] Sandstorm
|upkeep
|turn|3
|
|t:|1756934557
|move|p1a: Whimsicott|Encore|p2a: Serperior
|-start|p2a: Serperior|Encore
|move|p1b: Dragonite|Stomping Tantrum|p2b: Tyranitar
|-supereffective|p2b: Tyranitar
|-crit|p2b: Tyranitar
|-damage|p2b: Tyranitar|1/100
|move|p2a: Serperior|Leaf Storm|p1a: Whimsicott
|-resisted|p1a: Whimsicott
|-damage|p1a: Whimsicott|4/100
|-boost|p2a: Serperior|spa|2
|move|p2b: Tyranitar|Rock Slide|p1b: Dragonite|[spread] p1a,p1b
|-supereffective|p1b: Dragonite
|-damage|p1a: Whimsicott|0 fnt
|-damage|p1b: Dragonite|5/100
|faint|p1a: Whimsicott
|
|-weather|Sandstorm|[upkeep]
|-damage|p1b: Dragonite|0 fnt|[from] Sandstorm
|-damage|p2a: Serperior|70/100|[from] Sandstorm
|faint|p1b: Dragonite
|upkeep
|
|t:|1756934570
|switch|p1a: Incineroar|Incineroar, L50, M|50/100
|switch|p1b: Ursaluna|Ursaluna-Bloodmoon, L50, M|100/100
|-ability|p1a: Incineroar|Intimidate|boost
|-boost|p2a: Serperior|atk|1
|-unboost|p2b: Tyranitar|atk|1
|turn|4
|
|t:|1756934585
|-terastallize|p1b: Ursaluna|Normal
|move|p1a: Incineroar|Fake Out|p2b: Tyranitar
|-resisted|p2b: Tyranitar
|-damage|p2b: Tyranitar|0 fnt
|faint|p2b: Tyranitar
|move|p1b: Ursaluna|Blood Moon|p2a: Serperior
|-damage|p2a: Serperior|0 fnt
|faint|p2a: Serperior
|-damage|p1b: Ursaluna|91/100|[from] item: Life Orb
|
|-weather|Sandstorm|[upkeep]
|-damage|p1b: Ursaluna|85/100|[from] Sandstorm
|-damage|p1a: Incineroar|45/100|[from] Sandstorm
|-heal|p1a: Incineroar|50/100|[from] item: Leftovers
|-sideend|p1: kirkin07|move: Tailwind
|upkeep
|
|t:|1756934593
|switch|p2a: Garchomp|Garchomp, L50, F|100/100
|switch|p2b: Grimmsnarl|Grimmsnarl, L50, M|100/100
|turn|5
|inactive|kirkin07 has 30 seconds left.
|inactive|kirkin07 has 20 seconds left.
|inactive|kirkin07 has 15 seconds left.
|inactive|kirkin07 has 10 seconds left.
|
|t:|1756934640
|move|p2a: Garchomp|Protect|p2a: Garchomp
|-singleturn|p2a: Garchomp|Protect
|move|p2b: Grimmsnarl|Light Screen|p2b: Grimmsnarl
|-sidestart|p2: Raijin and Tonic|move: Light Screen
|move|p1b: Ursaluna|Hyper Voice|p2b: Grimmsnarl|[spread] p2b
|-activate|p2a: Garchomp|move: Protect
|-crit|p2b: Grimmsnarl
|-damage|p2b: Grimmsnarl|6/100
|-damage|p1b: Ursaluna|76/100|[from] item: Life Orb
|move|p1a: Incineroar|Will-O-Wisp|p2a: Garchomp
|-activate|p2a: Garchomp|move: Protect
|
|-weather|none
|-heal|p1a: Incineroar|56/100|[from] item: Leftovers
|upkeep
|turn|6
|inactive|kirkin07 has 30 seconds left.
|
|t:|1756934673
|move|p2b: Grimmsnarl|Parting Shot|p1b: Ursaluna
|-unboost|p1b: Ursaluna|atk|1
|-unboost|p1b: Ursaluna|spa|1
|move|p2a: Garchomp|Rock Slide|p1a: Incineroar|[spread] p1a,p1b
|-supereffective|p1a: Incineroar
|-damage|p1a: Incineroar|21/100
|-damage|p1b: Ursaluna|59/100
|move|p1b: Ursaluna|Hyper Voice|p2b: Grimmsnarl|[spread] p2a,p2b
|-damage|p2a: Garchomp|70/100
|-damage|p2b: Grimmsnarl|0 fnt
|faint|p2b: Grimmsnarl
|-damage|p1b: Ursaluna|50/100|[from] item: Life Orb
|cant|p1a: Incineroar|flinch
|
|-heal|p1a: Incineroar|27/100|[from] item: Leftovers
|upkeep
|turn|7
|
|t:|1756934694
|move|p1b: Ursaluna|Protect|p1b: Ursaluna
|-singleturn|p1b: Ursaluna|Protect
|move|p2a: Garchomp|Rock Slide|p1a: Incineroar|[spread] p1a
|-activate|p1b: Ursaluna|move: Protect
|-supereffective|p1a: Incineroar
|-damage|p1a: Incineroar|0 fnt
|faint|p1a: Incineroar
|
|upkeep
|turn|8
|
|t:|1756934705
|move|p2a: Garchomp|Stomping Tantrum|p1b: Ursaluna
|-damage|p1b: Ursaluna|21/100
|move|p1b: Ursaluna|Blood Moon|p2a: Garchomp
|-damage|p2a: Garchomp|0 fnt
|faint|p2a: Garchomp
|-damage|p1b: Ursaluna|11/100|[from] item: Life Orb
|
|win|kirkin07
||kirkin07 is ready for game 3.
|l|☆kirkin07
|player|p1|
|inactive|Raijin and Tonic has 30 seconds to confirm battle start!
||Raijin and Tonic is ready for game 3.
|uhtml|next|Next: Game 3 of 3
