|j|☆xdi8723
|j|☆hatcheyapache
|html|xdi8723hatcheyapache    
|uhtml|bestof|Game 1 of a best-of-3
|t:|1757082670
|gametype|doubles
|player|p1|xdi8723|265|1053
|player|p2|hatcheyapache|170|1083
|gen|9
|tier|[Gen 9] VGC 2025 Reg H (Bo3)
|rated|
|rule|Species Clause: Limit one of each Pokémon
|rule|Item Clause: Limit 1 of each item
|clearpoke
|poke|p1|Gholdengo, L50|
|poke|p1|Amoonguss, L50, F|
|poke|p1|Incineroar, L50, M|
|poke|p1|Kommo-o, L50, F|
|poke|p1|Ninetales-Alola, L50, M|
|poke|p1|Dragonite, L50, F|
|poke|p2|Charizard, L50, M|
|poke|p2|Torkoal, L50, F|
|poke|p2|Porygon2, L50|
|poke|p2|Incineroar, L50, M|
|poke|p2|Jumpluff, L50, F|
|poke|p2|Ursaluna, L50, F|
|teampreview|4
|showteam|p1|Gholdengo||ChoiceSpecs|GoodasGold|MakeItRain,ShadowBall,Trick,FocusBlast||||||50|,,,,,Steel]Amoonguss||RockyHelmet|Regenerator|Protect,RagePowder,Spore,PollenPuff|||F|||50|,,,,,Fairy]Incineroar||SafetyGoggles|Intimidate|FakeOut,FlareBlitz,KnockOff,PartingShot|||M|||50|,,,,,Ghost]Kommo-o||ThroatSpray|Soundproof|Protect,ClangingScales,Flamethrower,ClangorousSoul|||F|||50|,,,,,Fire]Ninetales-Alola||FocusSash|SnowWarning|Protect,Blizzard,FreezeDry,Encore|||M|||50|,,,,,Ice]Dragonite||AssaultVest|Multiscale|ExtremeSpeed,TeraBlast,IceSpinner,StompingTantrum|||F|||50|,,,,,Flying
|showteam|p2|Charizard||ChoiceSpecs|SolarPower|HeatWave,Overheat,WeatherBall,AirSlash|||M|||50|,,,,,Ghost]Torkoal||EjectPack|Drought|Eruption,Overheat,HelpingHand,Protect|||F|||50|,,,,,Fire]Porygon2||Eviolite|Download|IceBeam,TeraBlast,TrickRoom,Recover||||||50|,,,,,Fighting]Incineroar||SitrusBerry|Intimidate|FlareBlitz,KnockOff,FakeOut,PartingShot|||M|||50|,,,,,Ghost]Jumpluff||CovertCloak|Chlorophyll|SleepPowder,SunnyDay,RagePowder,Tailwind|||F|||50|,,,,,Water]Ursaluna||FlameOrb|Guts|HeadlongRush,Facade,Earthquake,Protect|||F|||50|,,,,,Ghost
|l|☆hatcheyapache
|player|p2|
|j|☆hatcheyapache
|player|p2|hatcheyapache|170|
|inactive|Battle timer is ON: inactive players will automatically lose when time's up. (requested by hatcheyapache)
|inactive|xdi8723 has 60 seconds left.
|
|t:|1757082748
|teamsize|p1|4
|teamsize|p2|4
|start
|switch|p1a: Kommo-o|Kommo-o, L50, F|100/100
|switch|p1b: Incineroar|Incineroar, L50, M|100/100
|switch|p2a: Charizard|Charizard, L50, M, shiny|100/100
|switch|p2b: Jumpluff|Jumpluff, L50, F, shiny|100/100
|-ability|p1b: Incineroar|Intimidate|boost
|-unboost|p2a: Charizard|atk|1
|-unboost|p2b: Jumpluff|atk|1
|turn|1
|
|t:|1757082773
|-terastallize|p2a: Charizard|Ghost
|move|p1b: Incineroar|Fake Out|p2b: Jumpluff
|-damage|p2b: Jumpluff|89/100
|move|p2b: Jumpluff|Sunny Day|p2b: Jumpluff
|-weather|SunnyDay
|move|p2a: Charizard|Heat Wave|p1a: Kommo-o|[spread] p1a,p1b
|-resisted|p1a: Kommo-o
|-crit|p1a: Kommo-o
|-resisted|p1b: Incineroar
|-damage|p1a: Kommo-o|8/100
|-damage|p1b: Incineroar|46/100
|move|p1a: Kommo-o|Clangorous Soul||[still]
|-fail|p1a: Kommo-o
|
|-weather|SunnyDay|[upkeep]
|-damage|p2a: Charizard|88/100|[from] ability: Solar Power|[of] p2a: Charizard
|upkeep
|turn|2
|inactive|xdi8723 has 30 seconds left.
|
|t:|1757082802
|move|p2b: Jumpluff|Tailwind|p2b: Jumpluff
|-sidestart|p2: hatcheyapache|move: Tailwind
|move|p2a: Charizard|Heat Wave|p1a: Kommo-o|[spread] p1a,p1b
|-resisted|p1a: Kommo-o
|-resisted|p1b: Incineroar
|-damage|p1a: Kommo-o|0 fnt
|-damage|p1b: Incineroar|0 fnt
|faint|p1a: Kommo-o
|faint|p1b: Incineroar
|
|-weather|SunnyDay|[upkeep]
|-damage|p2a: Charizard|76/100|[from] ability: Solar Power|[of] p2a: Charizard
|upkeep
|
|t:|1757082814
|switch|p1a: Manolo|Amoonguss, L50, F|100/100
|switch|p1b: Dragonite|Dragonite, L50, F|100/100
|turn|3
|inactive|xdi8723 has 30 seconds left.
|inactive|xdi8723 has 20 seconds left.
|
|t:|1757082850
|-terastallize|p1a: Manolo|Fairy
|move|p2b: Jumpluff|Sleep Powder|p1b: Dragonite|[miss]
|-miss|p2b: Jumpluff|p1b: Dragonite
|move|p2a: Charizard|Heat Wave|p1a: Manolo|[spread] p1a,p1b
|-resisted|p1b: Dragonite
|-damage|p1a: Manolo|10/100
|-damage|p1b: Dragonite|83/100
|move|p1b: Dragonite|Stomping Tantrum|p2a: Charizard
|-damage|p2a: Charizard|31/100
|move|p1a: Manolo|Spore|p2a: Charizard
|-status|p2a: Charizard|slp|[from] move: Spore
|
|-weather|SunnyDay|[upkeep]
|-damage|p2a: Charizard|18/100 slp|[from] ability: Solar Power|[of] p2a: Charizard
|upkeep
|turn|4
|inactive|xdi8723 has 30 seconds left.
|inactive|xdi8723 has 20 seconds left.
|inactive|xdi8723 has 15 seconds left.
|
|t:|1757082893
|move|p2b: Jumpluff|Sleep Powder|p1b: Dragonite
|-status|p1b: Dragonite|slp|[from] move: Sleep Powder
|cant|p2a: Charizard|slp
|cant|p1b: Dragonite|slp
|move|p1a: Manolo|Spore|p2a: Charizard
|-fail|p2a: Charizard|slp
|
|-weather|SunnyDay|[upkeep]
|-damage|p2a: Charizard|6/100 slp|[from] ability: Solar Power|[of] p2a: Charizard
|upkeep
|turn|5
|inactive|xdi8723 has 30 seconds left.
|
|t:|1757082918
|-curestatus|p1b: Dragonite|slp|[msg]
|move|p1b: Dragonite|Extreme Speed|p2a: Charizard
|-immune|p2a: Charizard
|move|p2b: Jumpluff|Sleep Powder|p1a: Manolo
|-status|p1a: Manolo|slp|[from] move: Sleep Powder
|cant|p2a: Charizard|slp
|cant|p1a: Manolo|slp
|
|-weather|none
|-sideend|p2: hatcheyapache|move: Tailwind
|upkeep
|turn|6
|inactive|xdi8723 has 30 seconds left.
|
|t:|1757082950
|cant|p1a: Manolo|slp
|move|p2b: Jumpluff|Tailwind|p2b: Jumpluff
|-sidestart|p2: hatcheyapache|move: Tailwind
|-curestatus|p2a: Charizard|slp|[msg]
|move|p2a: Charizard|Heat Wave|p1b: Dragonite|[spread] p1a,p1b
|-resisted|p1b: Dragonite
|-damage|p1a: Manolo|0 fnt
|-damage|p1b: Dragonite|66/100
|faint|p1a: Manolo
|move|p1b: Dragonite|Ice Spinner|p2b: Jumpluff
|-supereffective|p2b: Jumpluff
|-damage|p2b: Jumpluff|0 fnt
|faint|p2b: Jumpluff
|
|upkeep
|
|t:|1757082965
|switch|p2b: Ursaluna|Ursaluna, L50, F, shiny|100/100
|turn|7
|
|t:|1757082981
|move|p2a: Charizard|Heat Wave|p1b: Dragonite
|-resisted|p1b: Dragonite
|-damage|p1b: Dragonite|44/100
|move|p2b: Ursaluna|Facade|p1b: Dragonite
|-damage|p1b: Dragonite|2/100
|move|p1b: Dragonite|Ice Spinner|p2a: Charizard
|-damage|p2a: Charizard|0 fnt
|faint|p2a: Charizard
|
|-status|p2b: Ursaluna|brn|[from] item: Flame Orb
|upkeep
|
|t:|1757082993
|switch|p2a: Torkoal|Torkoal, L50, F, shiny|100/100
|-weather|SunnyDay|[from] ability: Drought|[of] p2a: Torkoal
|turn|8
|
|t:|1757083000
|move|p2a: Torkoal|Helping Hand|p2b: Ursaluna
|-singleturn|p2b: Ursaluna|Helping Hand|[of] p2a: Torkoal
|move|p1b: Dragonite|Extreme Speed|p2b: Ursaluna
|-damage|p2b: Ursaluna|75/100 brn
|move|p2b: Ursaluna|Facade|p1b: Dragonite
|-damage|p1b: Dragonite|0 fnt
|faint|p1b: Dragonite
|
|win|hatcheyapache
||hatcheyapache is ready for game 2.
