|j|☆toxiccroc12
|j|☆tauruster
|html|toxiccroc12tauruster    
|uhtml|bestof|Game 1 of a best-of-3
|t:|1783883089
|gametype|doubles
|player|p1|toxiccroc12|2|1134
|player|p2|tauruster|battlegirl-gen4|1218
|gen|9
|tier|[Gen 9 Champions] VGC 2026 Reg M-B (Bo3)
|rated|
|rule|Species Clause: Limit one of each Pokémon
|rule|Item Clause: Limit 1 of each item
|clearpoke
|poke|p1|Floette-Eternal, L50, F|
|poke|p1|Incineroar, L50, M|
|poke|p1|Sinistcha, L50|
|poke|p1|Delphox, L50, F|
|poke|p1|Sneasler, L50, F|
|poke|p1|Kingambit, L50, F|
|poke|p2|Blastoise, L50, F|
|poke|p2|Incineroar, L50, M|
|poke|p2|Gholdengo, L50|
|poke|p2|Floette-Eternal, L50, F|
|poke|p2|Aerodactyl, L50, M|
|poke|p2|Tsareena, L50, F|
|teampreview|4
|showteam|p1|Floette-Eternal||Floettite|FlowerVeil|DazzlingGleam,DrainingKiss,CalmMind,Protect|Modest||F|||50|]Incineroar||SitrusBerry|Intimidate|FlareBlitz,FakeOut,PartingShot,HelpingHand|Impish||M|||50|]Sinistcha||OccaBerry|Hospitality|MatchaGotcha,RagePowder,TrickRoom,Protect|Relaxed|||||50|]Delphox||Delphoxite|Blaze|HeatWave,Psyshock,NastyPlot,Protect|Timid||F|||50|]Sneasler||FocusSash|PoisonTouch|PoisonJab,CloseCombat,FakeOut,QuickGuard|Jolly||F|||50|]Kingambit||BlackGlasses|Defiant|KowtowCleave,SuckerPunch,SwordsDance,Protect|Adamant||F|||50|
|showteam|p2|Blastoise||SitrusBerry|Torrent|WaveCrash,FlipTurn,FakeOut,Yawn|Careful||F|||50|]Incineroar||PasshoBerry|Intimidate|FlareBlitz,ThroatChop,PartingShot,FakeOut|Careful||M|||50|]Gholdengo||SpellTag|GoodasGold|MakeItRain,ShadowBall,NastyPlot,Protect|Modest|||||50|]Floette-Eternal||Floettite|FlowerVeil|Moonblast,DrainingKiss,CalmMind,Protect|Modest||F|||50|]Aerodactyl||FocusSash|Unnerve|RockSlide,DualWingbeat,WideGuard,Tailwind|Jolly||M|||50|]Tsareena||WideLens|QueenlyMajesty|PowerWhip,Protect,LowKick,TripleAxel|Adamant||F|||50|
|inactive|Battle timer is ON: inactive players will automatically lose when time's up. (requested by tauruster)
|
|t:|1783883151
|teamsize|p1|4
|teamsize|p2|4
|start
|switch|p1a: Delphox|Delphox, L50, F|100/100
|switch|p1b: Sneasler|Sneasler, L50, F|100/100
|switch|p2a: Blastoise|Blastoise, L50, F|100/100
|switch|p2b: Floette|Floette-Eternal, L50, F|100/100
|turn|1
|
|t:|1783883172
|switch|p2b: Tsareena|Tsareena, L50, F|100/100
|detailschange|p1a: Delphox|Delphox-Mega, L50, F
|-mega|p1a: Delphox|Delphox|Delphoxite
|move|p1b: Sneasler|Fake Out||[still]
|cant|p2b: Tsareena|ability: Queenly Majesty|Fake Out|[of] p1b: Sneasler
|move|p1a: Delphox|Nasty Plot|p1a: Delphox
|-boost|p1a: Delphox|spa|2
|move|p2a: Blastoise|Yawn|p1a: Delphox
|-start|p1a: Delphox|move: Yawn|[of] p2a: Blastoise
|
|upkeep
|turn|2
|inactive|toxiccroc12 has 30 seconds left.
|inactive|tauruster has 30 seconds left.
|inactive|toxiccroc12 has 20 seconds left.
|inactive|tauruster has 20 seconds left.
|inactive|toxiccroc12 has 15 seconds left.
|
|t:|1783883217
|switch|p1a: Sinistcha|Sinistcha, L50|100/100
|move|p2b: Tsareena|Protect|p2b: Tsareena
|-singleturn|p2b: Tsareena|Protect
|move|p1b: Sneasler|Poison Jab|p2a: Blastoise
|-damage|p2a: Blastoise|62/100
|move|p2a: Blastoise|Wave Crash|p1a: Sinistcha
|-resisted|p1a: Sinistcha|1
|-damage|p1a: Sinistcha|86/100
|-damage|p2a: Blastoise|58/100|[from] Recoil
|
|upkeep
|turn|3
|inactive|toxiccroc12 has 30 seconds left.
|inactive|tauruster has 30 seconds left.
|inactive|toxiccroc12 has 20 seconds left.
|inactive|toxiccroc12 has 15 seconds left.
|inactive|toxiccroc12 has 10 seconds left.
|
|t:|1783883263
|switch|p2a: Gholdengo|Gholdengo, L50|100/100
|move|p1a: Sinistcha|Rage Powder|p1a: Sinistcha
|-singleturn|p1a: Sinistcha|move: Rage Powder
|move|p1b: Sneasler|Close Combat|p2a: Gholdengo
|-immune|p2a: Gholdengo
|move|p2b: Tsareena|Triple Axel|p1a: Sinistcha
|-supereffective|p1a: Sinistcha|1
|-damage|p1a: Sinistcha|75/100
|-supereffective|p1a: Sinistcha|1
|-damage|p1a: Sinistcha|55/100
|-supereffective|p1a: Sinistcha|1
|-damage|p1a: Sinistcha|26/100
|-hitcount|p1a: Sinistcha|3
|
|upkeep
|turn|4
|inactive|toxiccroc12 has 30 seconds left.
|inactive|tauruster has 30 seconds left.
|inactive|tauruster has 20 seconds left.
|
|t:|1783883298
|switch|p1b: Kingambit|Kingambit, L50, F|100/100
|move|p1a: Sinistcha|Protect|p1a: Sinistcha
|-singleturn|p1a: Sinistcha|Protect
|move|p2b: Tsareena|Triple Axel|p1a: Sinistcha
|-activate|p1a: Sinistcha|move: Protect
|move|p2a: Gholdengo|Nasty Plot|p2a: Gholdengo
|-boost|p2a: Gholdengo|spa|2
|
|upkeep
|turn|5
|inactive|toxiccroc12 has 30 seconds left.
|inactive|toxiccroc12 has 20 seconds left.
|inactive|toxiccroc12 has 15 seconds left.
|inactive|toxiccroc12 has 10 seconds left.
|inactive|tauruster has 30 seconds left.
|inactive|toxiccroc12 has 5 seconds left.
|
|t:|1783883352
|switch|p1a: Delphox|Delphox-Mega, L50, F|100/100
|move|p2a: Gholdengo|Protect|p2a: Gholdengo
|-singleturn|p2a: Gholdengo|Protect
|move|p1b: Kingambit|Protect|p1b: Kingambit
|-singleturn|p1b: Kingambit|Protect
|move|p2b: Tsareena|Triple Axel|p1a: Delphox
|-resisted|p1a: Delphox|1
|-damage|p1a: Delphox|95/100
|-resisted|p1a: Delphox|1
|-damage|p1a: Delphox|87/100
|-resisted|p1a: Delphox|1
|-damage|p1a: Delphox|73/100
|-hitcount|p1a: Delphox|3
|
|upkeep
|turn|6
|inactive|toxiccroc12 has 30 seconds left.
|inactive|tauruster has 30 seconds left.
|inactive|toxiccroc12 has 20 seconds left.
|
|t:|1783883388
|move|p1a: Delphox|Heat Wave|p2b: Tsareena|[spread] p2a,p2b
|-supereffective|p2a: Gholdengo|1
|-supereffective|p2b: Tsareena|1
|-damage|p2a: Gholdengo|24/100
|-damage|p2b: Tsareena|19/100
|-status|p2b: Tsareena|brn
|move|p2b: Tsareena|Low Kick|p1b: Kingambit
|-supereffective|p1b: Kingambit|2
|-damage|p1b: Kingambit|56/100
|move|p2a: Gholdengo|Shadow Ball|p1a: Delphox
|-supereffective|p1a: Delphox|1
|-damage|p1a: Delphox|0 fnt
|faint|p1a: Delphox
|move|p1b: Kingambit|Swords Dance|p1b: Kingambit
|-boost|p1b: Kingambit|atk|2
|
|-damage|p2b: Tsareena|13/100 brn|[from] brn
|upkeep
|
|t:|1783883401
|switch|p1a: Sinistcha|Sinistcha, L50|26/100
|-heal|p1b: Kingambit|81/100|[from] ability: Hospitality|[of] p1a: Sinistcha
|turn|7
|
|t:|1783883422
|switch|p1a: Sneasler|Sneasler, L50, F|100/100
|move|p2a: Gholdengo|Protect|p2a: Gholdengo
|-singleturn|p2a: Gholdengo|Protect
|move|p1b: Kingambit|Sucker Punch||[still]
|cant|p2b: Tsareena|ability: Queenly Majesty|Sucker Punch|[of] p1b: Kingambit
|move|p2b: Tsareena|Low Kick|p1b: Kingambit
|-supereffective|p1b: Kingambit|2
|-damage|p1b: Kingambit|29/100
|
|-damage|p2b: Tsareena|7/100 brn|[from] brn
|upkeep
|turn|8
|inactive|tauruster has 30 seconds left.
|
|t:|1783883449
|move|p2b: Tsareena|Protect|p2b: Tsareena
|-singleturn|p2b: Tsareena|Protect
|move|p1a: Sneasler|Poison Jab|p2b: Tsareena
|-activate|p2b: Tsareena|move: Protect
|move|p2a: Gholdengo|Shadow Ball|p1b: Kingambit
|-resisted|p1b: Kingambit|1
|-damage|p1b: Kingambit|0 fnt
|faint|p1b: Kingambit
|
|-damage|p2b: Tsareena|1/100 brn|[from] brn
|upkeep
|
|t:|1783883456
|switch|p1b: Sinistcha|Sinistcha, L50|26/100
|turn|9
|
|t:|1783883468
|switch|p2b: Blastoise|Blastoise, L50, F|58/100
|move|p1b: Sinistcha|Protect|p1b: Sinistcha
|-singleturn|p1b: Sinistcha|Protect
|move|p1a: Sneasler|Poison Jab|p2b: Blastoise
|-damage|p2b: Blastoise|20/100y
|-enditem|p2b: Blastoise|Sitrus Berry|[eat]
|-heal|p2b: Blastoise|45/100|[from] item: Sitrus Berry
|move|p2a: Gholdengo|Make It Rain|p1a: Sneasler|[spread] p1a
|-activate|p1b: Sinistcha|move: Protect
|-enditem|p1a: Sneasler|Focus Sash
|-damage|p1a: Sneasler|1/100
|-unboost|p2a: Gholdengo|spa|2
|
|upkeep
|turn|10
|
|t:|1783883488
|move|p2b: Blastoise|Fake Out|p1a: Sneasler
|-damage|p1a: Sneasler|0 fnt
|faint|p1a: Sneasler
|move|p2a: Gholdengo|Make It Rain|p1b: Sinistcha
|-damage|p1b: Sinistcha|0 fnt
|-unboost|p2a: Gholdengo|spa|2
|faint|p1b: Sinistcha
|
|win|tauruster
||tauruster is ready for game 2.
|c|☆toxiccroc12|wp
