|j|☆dogggybears
|j|☆Gambling42699
|html|dogggybearsGambling42699    
|uhtml|bestof|Game 2 of a best-of-3
|t:|1757118265
|gametype|doubles
|player|p1|dogggybears|roxie|1276
|player|p2|Gambling42699|giovanni|1473
|gen|9
|tier|[Gen 9] VGC 2025 Reg H (Bo3)
|rated|
|rule|Species Clause: Limit one of each Pokémon
|rule|Item Clause: Limit 1 of each item
|clearpoke
|poke|p1|Sneasler, L50, F|
|poke|p1|Indeedee, L50, M|
|poke|p1|Volcarona, L50, F|
|poke|p1|Ursaluna-Bloodmoon, L50, M|
|poke|p1|Annihilape, L50, M|
|poke|p1|Tyranitar, L50, M|
|poke|p2|Ninetales-Alola, L50, M|
|poke|p2|Ursaluna-Bloodmoon, L50, M|
|poke|p2|Maushold-Four, L50|
|poke|p2|Annihilape, L50, M|
|poke|p2|Klefki, L50, F|
|poke|p2|Sinistcha-Masterpiece, L50|
|teampreview|4
|showteam|p1|Sneasler||PsychicSeed|Unburden|CloseCombat,DireClaw,ThroatChop,Protect|||F|||50|,,,,,Dark]Indeedee||ChoiceScarf|PsychicSurge|ExpandingForce,TeraBlast,Trick,Protect|||M|||50|,,,,,Psychic]Volcarona||SitrusBerry|FlameBody|Overheat,StruggleBug,RagePowder,Tailwind|||F|||50|,,,,,Grass]Ursaluna-Bloodmoon||LifeOrb|MindsEye|BloodMoon,HyperVoice,EarthPower,Protect|||M|||50|,,,,,Normal]Annihilape||SafetyGoggles|Defiant|CloseCombat,RageFist,Taunt,FinalGambit|||M|||50|,,,,,Fairy]Tyranitar||AssaultVest|SandStream|RockSlide,KnockOff,TeraBlast,LowKick|||M|||50|,,,,,Flying
|showteam|p2|Ninetales-Alola||FocusSash|SnowWarning|Blizzard,FreezeDry,Encore,Protect|||M|||50|,,,,,Ghost]Ursaluna-Bloodmoon||AssaultVest|MindsEye|BloodMoon,EarthPower,HyperVoice,VacuumWave|||M|||50|,,,,,Water]Maushold-Four||SafetyGoggles|FriendGuard|BeatUp,Taunt,FollowMe,Protect||||||50|,,,,,Ghost]Annihilape||Leftovers|Defiant|DrainPunch,RageFist,BulkUp,Protect|||M|||50|,,,,,Fire]Klefki||LightClay|Prankster|DazzlingGleam,Reflect,LightScreen,MistyTerrain|||F|||50|,,,,,Ghost]Sinistcha-Masterpiece||SitrusBerry|Hospitality|MatchaGotcha,RagePowder,LifeDew,TrickRoom||||||50|,,,,,Water
|inactive|Battle timer is ON: inactive players will automatically lose when time's up. (requested by Gambling42699)
|
|t:|1757118301
|teamsize|p1|4
|teamsize|p2|4
|start
|switch|p1a: Volcarona|Volcarona, L50, F|100/100
|switch|p1b: Ursaluna|Ursaluna-Bloodmoon, L50, M|100/100
|switch|p2a: Ursaluna|Ursaluna-Bloodmoon, L50, M|100/100
|switch|p2b: Klefki|Klefki, L50, F|100/100
|turn|1
|
|t:|1757118309
|switch|p2a: Annihilape|Annihilape, L50, M|100/100
|move|p2b: Klefki|Light Screen|p2b: Klefki
|-sidestart|p2: Gambling42699|move: Light Screen
|move|p1a: Volcarona|Tailwind|p1a: Volcarona
|-sidestart|p1: dogggybears|move: Tailwind
|move|p1b: Ursaluna|Earth Power|p2b: Klefki
|-supereffective|p2b: Klefki
|-damage|p2b: Klefki|1/100
|-damage|p1b: Ursaluna|91/100|[from] item: Life Orb
|
|upkeep
|turn|2
|
|t:|1757118327
|switch|p2b: Ursaluna|Ursaluna-Bloodmoon, L50, M|100/100
|-terastallize|p1b: Ursaluna|Normal
|move|p1a: Volcarona|Overheat|p2a: Annihilape
|-damage|p2a: Annihilape|65/100
|-unboost|p1a: Volcarona|spa|2
|move|p1b: Ursaluna|Blood Moon|p2a: Annihilape
|-damage|p2a: Annihilape|0 fnt
|faint|p2a: Annihilape
|-damage|p1b: Ursaluna|81/100|[from] item: Life Orb
|
|upkeep
|
|t:|1757118336
|switch|p2a: Sinistcha|Sinistcha-Masterpiece, L50|100/100
|turn|3
|
|t:|1757118344
|move|p1a: Volcarona|Overheat|p2a: Sinistcha
|-supereffective|p2a: Sinistcha
|-damage|p2a: Sinistcha|67/100
|-unboost|p1a: Volcarona|spa|2
|move|p1b: Ursaluna|Hyper Voice|p2b: Ursaluna|[spread] p2a,p2b
|-damage|p2a: Sinistcha|24/100
|-damage|p2b: Ursaluna|74/100
|-enditem|p2a: Sinistcha|Sitrus Berry|[eat]
|-heal|p2a: Sinistcha|49/100|[from] item: Sitrus Berry
|-damage|p1b: Ursaluna|72/100|[from] item: Life Orb
|move|p2b: Ursaluna|Hyper Voice|p1a: Volcarona|[spread] p1a,p1b
|-damage|p1a: Volcarona|65/100
|-damage|p1b: Ursaluna|24/100
|move|p2a: Sinistcha|Trick Room|p2a: Sinistcha
|-fieldstart|move: Trick Room|[of] p2a: Sinistcha
|
|upkeep
|turn|4
|
|t:|1757118364
|move|p2b: Ursaluna|Earth Power|p1a: Volcarona
|-damage|p1a: Volcarona|20/100
|-enditem|p1a: Volcarona|Sitrus Berry|[eat]
|-heal|p1a: Volcarona|45/100|[from] item: Sitrus Berry
|move|p2a: Sinistcha|Matcha Gotcha|p1a: Volcarona|[spread] p1a,p1b
|-resisted|p1a: Volcarona
|-damage|p1a: Volcarona|40/100
|-heal|p2a: Sinistcha|52/100|[from] drain|[of] p1a: Volcarona
|-damage|p1b: Ursaluna|0 fnt
|-heal|p2a: Sinistcha|65/100|[from] drain|[of] p1b: Ursaluna
|faint|p1b: Ursaluna
|move|p1a: Volcarona|Struggle Bug|p2b: Ursaluna|[spread] p2a,p2b
|-damage|p2a: Sinistcha|61/100
|-damage|p2b: Ursaluna|72/100
|-unboost|p2a: Sinistcha|spa|1
|-unboost|p2b: Ursaluna|spa|1
|
|-sideend|p1: dogggybears|move: Tailwind
|upkeep
|inactive|dogggybears has 30 seconds left.
|
|t:|1757118392
|switch|p1b: Tyranitar|Tyranitar, L50, M|100/100
|-weather|Sandstorm|[from] ability: Sand Stream|[of] p1b: Tyranitar
|turn|5
|
|t:|1757118411
|move|p1a: Volcarona|Rage Powder|p1a: Volcarona
|-singleturn|p1a: Volcarona|move: Rage Powder
|move|p2b: Ursaluna|Blood Moon|p1a: Volcarona
|-damage|p1a: Volcarona|0 fnt
|faint|p1a: Volcarona
|move|p2a: Sinistcha|Matcha Gotcha|p1b: Tyranitar
|-supereffective|p1b: Tyranitar
|-damage|p1b: Tyranitar|80/100
|-heal|p2a: Sinistcha|72/100|[from] drain|[of] p1b: Tyranitar
|-status|p1b: Tyranitar|brn
|move|p1b: Tyranitar|Knock Off|p2a: Sinistcha
|-supereffective|p2a: Sinistcha
|-damage|p2a: Sinistcha|42/100
|
|-weather|Sandstorm|[upkeep]
|-damage|p2a: Sinistcha|35/100|[from] Sandstorm
|-damage|p1b: Tyranitar|75/100 brn|[from] brn
|upkeep
|
|t:|1757118426
|switch|p1a: Annihilape|Annihilape, L50, M|100/100
|turn|6
|
|t:|1757118437
|-terastallize|p2b: Ursaluna|Water
|move|p2b: Ursaluna|Earth Power|p1b: Tyranitar
|-supereffective|p1b: Tyranitar
|-damage|p1b: Tyranitar|45/100 brn
|move|p2a: Sinistcha|Life Dew|p2a: Sinistcha|[spread] p2a,p2b
|-heal|p2a: Sinistcha|61/100
|-heal|p2b: Ursaluna|97/100
|move|p1b: Tyranitar|Low Kick|p2b: Ursaluna
|-damage|p2b: Ursaluna|81/100
|move|p1a: Annihilape|Rage Fist|p2a: Sinistcha
|-supereffective|p2a: Sinistcha
|-damage|p2a: Sinistcha|27/100
|
|-weather|Sandstorm|[upkeep]
|-damage|p2b: Ursaluna|75/100|[from] Sandstorm
|-damage|p2a: Sinistcha|21/100|[from] Sandstorm
|-damage|p1b: Tyranitar|39/100 brn|[from] brn
|upkeep
|turn|7
|inactive|Gambling42699 has 30 seconds left.
|
|t:|1757118467
|move|p2b: Ursaluna|Earth Power|p1b: Tyranitar
|-supereffective|p1b: Tyranitar
|-damage|p1b: Tyranitar|11/100 brn
|move|p2a: Sinistcha|Life Dew|p2a: Sinistcha|[spread] p2a,p2b
|-heal|p2a: Sinistcha|46/100
|-heal|p2b: Ursaluna|99/100
|move|p1b: Tyranitar|Knock Off|p2a: Sinistcha
|-supereffective|p2a: Sinistcha
|-damage|p2a: Sinistcha|13/100
|move|p1a: Annihilape|Rage Fist|p2a: Sinistcha
|-supereffective|p2a: Sinistcha
|-damage|p2a: Sinistcha|0 fnt
|faint|p2a: Sinistcha
|
|-weather|Sandstorm|[upkeep]
|-damage|p2b: Ursaluna|94/100|[from] Sandstorm
|-damage|p1b: Tyranitar|5/100 brn|[from] brn
|-fieldend|move: Trick Room
|upkeep
|
|t:|1757118480
|switch|p2a: Klefki|Klefki, L50, F|1/100
|turn|8
|inactive|dogggybears has 30 seconds left.
|inactive|Gambling42699 has 30 seconds left.
|
|t:|1757118517
|move|p2a: Klefki|Reflect|p2a: Klefki
|-sidestart|p2: Gambling42699|Reflect
|move|p1a: Annihilape|Rage Fist|p2b: Ursaluna
|-damage|p2b: Ursaluna|83/100
|move|p1b: Tyranitar|Rock Slide|p2b: Ursaluna|[spread] p2a,p2b
|-resisted|p2a: Klefki
|-damage|p2a: Klefki|0 fnt
|-damage|p2b: Ursaluna|74/100
|faint|p2a: Klefki
|move|p2b: Ursaluna|Blood Moon|p1a: Annihilape
|-damage|p1a: Annihilape|52/100
|
|-weather|Sandstorm|[upkeep]
|-damage|p2b: Ursaluna|69/100|[from] Sandstorm
|-damage|p1b: Tyranitar|0 fnt|[from] brn
|faint|p1b: Tyranitar
|-sideend|p2: Gambling42699|move: Light Screen
|upkeep
|turn|9
|
|t:|1757118533
|move|p1a: Annihilape|Rage Fist|p2b: Ursaluna
|-damage|p2b: Ursaluna|50/100
|move|p2b: Ursaluna|Hyper Voice|p1a: Annihilape
|-damage|p1a: Annihilape|20/100
|
|-weather|none
|upkeep
|turn|10
|
|t:|1757118541
|move|p1a: Annihilape|Rage Fist|p2b: Ursaluna
|-damage|p2b: Ursaluna|22/100
|move|p2b: Ursaluna|Blood Moon|p1a: Annihilape
|-crit|p1a: Annihilape
|-damage|p1a: Annihilape|0 fnt
|faint|p1a: Annihilape
|
|win|Gambling42699
|raw|dogggybears's rating: 1276 → 1264(-12 for losing)
|raw|Gambling42699's rating: 1473 → 1483(+10 for winning)
|l|☆Gambling42699
|player|p2|
