|j|‽mewelperro
|j|☆Karissel
|html|mewelperroKarissel    
|uhtml|bestof|Game 2 of a best-of-3
|t:|1784750736
|gametype|doubles
|player|p1|mewelperro|170|1252
|player|p2|Karissel|burgh-masters|1347
|gen|9
|tier|[Gen 9 Champions] VGC 2026 Reg M-B (Bo3)
|rated|
|rule|Species Clause: Limit one of each Pokémon
|rule|Item Clause: Limit 1 of each item
|clearpoke
|poke|p1|Dragalge, L50, F|
|poke|p1|Archaludon, L50, M|
|poke|p1|Pelipper, L50, M|
|poke|p1|Grimmsnarl, L50, M|
|poke|p1|Sinistcha, L50|
|poke|p1|Swampert, L50, F|
|poke|p2|Charizard, L50, F|
|poke|p2|Glimmora, L50, F|
|poke|p2|Whimsicott, L50, M|
|poke|p2|Ninetales-Alola, L50, F|
|poke|p2|Kingambit, L50, M|
|poke|p2|Kommo-o, L50, M|
|teampreview|4
|showteam|p1|Dragalge||Dragalgite|Adaptability|SludgeBomb,DragonPulse,Thunderbolt,Protect|Modest||F|||50|]Archaludon||Leftovers|Stamina|ElectroShot,AuraSphere,FlashCannon,Protect|Modest||M|||50|]Pelipper||SitrusBerry|Drizzle|Tailwind,WeatherBall,Hurricane,WideGuard|Modest||M|||50|]Grimmsnarl||LightClay|Prankster|PartingShot,SpiritBreak,Reflect,LightScreen|Calm||M|||50|]Sinistcha||KasibBerry|Hospitality|MatchaGotcha,LifeDew,RagePowder,TrickRoom|Calm|||||50|]Swampert||Swampertite|Torrent|WaveCrash,Earthquake,IcePunch,Protect|Adamant||F|||50|
|showteam|p2|Charizard||CharizarditeY|Blaze|HeatWave,WeatherBall,SolarBeam,Protect|Modest||F|||50|]Glimmora||Glimmoranite|ToxicDebris|SludgeBomb,PowerGem,EarthPower,SpikyShield|Modest||F|||50|]Whimsicott||FocusSash|Prankster|Moonblast,Tailwind,Encore,Protect|Timid||M|||50|]Ninetales-Alola||NeverMeltIce|SnowWarning|Blizzard,FreezeDry,Disable,Protect|Timid||F|||50|]Kingambit||BlackGlasses|Defiant|KowtowCleave,SuckerPunch,IronHead,Protect|Adamant||M|||50|]Kommo-o||LifeOrb|Overcoat|AuraSphere,VacuumWave,ClangingScales,Protect|Modest||M|||50|
|inactive|Battle timer is ON: inactive players will automatically lose when time's up. (requested by Karissel)
|
|t:|1784750764
|teamsize|p1|4
|teamsize|p2|4
|start
|switch|p1a: Dragalge|Dragalge, L50, F|100/100
|switch|p1b: Grimmsnarl|Grimmsnarl, L50, M|100/100
|switch|p2a: Kingambit|Kingambit, L50, M|100/100
|switch|p2b: Whimsicott|Whimsicott, L50, M|100/100
|turn|1
|
|t:|1784750779
|detailschange|p1a: Dragalge|Dragalge-Mega, L50, F
|-mega|p1a: Dragalge|Dragalge|Dragalgite
|move|p1b: Grimmsnarl|Reflect|p1b: Grimmsnarl
|-sidestart|p1: mewelperro|Reflect
|move|p2b: Whimsicott|Moonblast|p1b: Grimmsnarl
|-supereffective|p1b: Grimmsnarl|1
|-damage|p1b: Grimmsnarl|28/100
|move|p2a: Kingambit|Iron Head|p1b: Grimmsnarl
|-supereffective|p1b: Grimmsnarl|1
|-damage|p1b: Grimmsnarl|0 fnt
|faint|p1b: Grimmsnarl
|move|p1a: Dragalge|Dragon Pulse|p2a: Kingambit
|-resisted|p2a: Kingambit|1
|-damage|p2a: Kingambit|74/100
|
|upkeep
|
|t:|1784750788
|switch|p1b: Archaludon|Archaludon, L50, M|100/100
|turn|2
|inactive|Karissel has 30 seconds left.
|
|t:|1784750815
|move|p2a: Kingambit|Protect|p2a: Kingambit
|-singleturn|p2a: Kingambit|Protect
|move|p2b: Whimsicott|Moonblast|p1a: Dragalge
|-damage|p1a: Dragalge|76/100
|move|p1b: Archaludon|Aura Sphere|p2a: Kingambit
|-activate|p2a: Kingambit|move: Protect
|move|p1a: Dragalge|Sludge Bomb|p2b: Whimsicott
|-supereffective|p2b: Whimsicott|2
|-enditem|p2b: Whimsicott|Focus Sash
|-damage|p2b: Whimsicott|1/100
|
|upkeep
|turn|3
|
|t:|1784750833
|move|p2b: Whimsicott|Tailwind|p2b: Whimsicott
|-sidestart|p2: Karissel|move: Tailwind
|move|p2a: Kingambit|Kowtow Cleave|p1a: Dragalge
|-damage|p1a: Dragalge|40/100
|move|p1b: Archaludon|Aura Sphere|p2a: Kingambit
|-supereffective|p2a: Kingambit|2
|-damage|p2a: Kingambit|0 fnt
|faint|p2a: Kingambit
|move|p1a: Dragalge|Sludge Bomb|p2b: Whimsicott
|-supereffective|p2b: Whimsicott|2
|-damage|p2b: Whimsicott|0 fnt
|faint|p2b: Whimsicott
|
|upkeep
|
|t:|1784750840
|switch|p2b: Jacob|Glimmora, L50, F|100/100
|switch|p2a: Ninetales|Ninetales-Alola, L50, F|100/100
|-weather|Snowscape|[from] ability: Snow Warning|[of] p2a: Ninetales
|turn|4
|
|t:|1784750859
|-heal|p1a: Dragalge|73/100|[from] ability: Regenerator|[silent]
|switch|p1a: Pelipper|Pelipper, L50, M|100/100
|-weather|RainDance|[from] ability: Drizzle|[of] p1a: Pelipper
|detailschange|p2b: Jacob|Glimmora-Mega, L50, F
|-mega|p2b: Jacob|Glimmora|Glimmoranite
|move|p2a: Ninetales|Freeze-Dry|p1b: Archaludon
|-damage|p1b: Archaludon|65/100
|-ability|p1b: Archaludon|Stamina|boost
|-boost|p1b: Archaludon|def|1
|move|p2b: Jacob|Earth Power|p1b: Archaludon
|-supereffective|p1b: Archaludon|1
|-damage|p1b: Archaludon|0 fnt
|faint|p1b: Archaludon
|
|-weather|RainDance|[upkeep]
|upkeep
|
|t:|1784750872
|switch|p1b: Dragalge|Dragalge-Mega, L50, F|73/100
|turn|5
|
|t:|1784750881
|move|p2a: Ninetales|Freeze-Dry|p1a: Pelipper
|-supereffective|p1a: Pelipper|2
|-damage|p1a: Pelipper|0 fnt
|faint|p1a: Pelipper
|move|p2b: Jacob|Earth Power|p1b: Dragalge
|-supereffective|p1b: Dragalge|1
|-damage|p1b: Dragalge|25/100
|-unboost|p1b: Dragalge|spd|1
|move|p1b: Dragalge|Sludge Bomb|p2a: Ninetales
|-supereffective|p2a: Ninetales|1
|-damage|p2a: Ninetales|0 fnt
|faint|p2a: Ninetales
|
|-weather|RainDance|[upkeep]
|upkeep
|turn|6
|
|t:|1784750892
|move|p2b: Jacob|Earth Power|p1b: Dragalge
|-supereffective|p1b: Dragalge|1
|-damage|p1b: Dragalge|0 fnt
|faint|p1b: Dragalge
|
|win|Karissel
||Karissel is ready for game 3.
||mewelperro is ready for game 3.
|uhtml|next|Next: Game 3 of 3
|l|‽mewelperro
|player|p1|
