|j|☆Elsa Lamance
|j|☆AN555GEL
|html|Elsa LamanceAN555GEL    
|uhtml|bestof|Game 2 of a best-of-3
|t:|1756397890
|gametype|doubles
|player|p1|Elsa Lamance|266|1211
|player|p2|AN555GEL|101|1146
|gen|9
|tier|[Gen 9] VGC 2025 Reg H (Bo3)
|rated|
|rule|Species Clause: Limit one of each Pokémon
|rule|Item Clause: Limit 1 of each item
|clearpoke
|poke|p1|Torkoal, L50, M|
|poke|p1|Exeggutor, L50, M|
|poke|p1|Kingambit, L50, F|
|poke|p1|Zoroark-Hisui, L50, F|
|poke|p1|Indeedee-F, L50, F|
|poke|p1|Gallade, L50, M|
|poke|p2|Rillaboom, L50, M|
|poke|p2|Sneasler, L50, M|
|poke|p2|Basculegion, L50, M|
|poke|p2|Ninetales-Alola, L50, F|
|poke|p2|Magmar, L50, F|
|poke|p2|Archaludon, L50, F|
|teampreview|4
|showteam|p1|Torkoal||Charcoal|Drought|Eruption,WeatherBall,Protect,ClearSmog|||M|||50|,,,,,Fire]Exeggutor||FocusSash|Chlorophyll|ExpandingForce,LeafStorm,SleepPowder,TrickRoom|||M|||50|,,,,,Psychic]Kingambit||AssaultVest|Defiant|Assurance,IronHead,LowKick,SuckerPunch|||F|||50|,,,,,Flying]Zoroark-Hisui||ChoiceSpecs|Illusion|HyperBeam,HyperVoice,ShadowBall,FocusBlast|||F|||50|,,,,,Normal]Indeedee-F||RockyHelmet|PsychicSurge|Psychic,HelpingHand,FollowMe,TrickRoom|||F|||50|,,,,,Grass]Gallade||ScopeLens|Sharpness|SacredSword,PsychoCut,TrickRoom,WideGuard|||M|||50|,,,,,Grass
|showteam|p2|Rillaboom||AssaultVest|GrassySurge|WoodHammer,GrassyGlide,FakeOut,HighHorsepower|||M|||50|,,,,,Fire]Sneasler||FocusSash|Unburden|DireClaw,CloseCombat,ThroatChop,Protect|||M|||50|,,,,,Stellar]Basculegion||ChoiceScarf|Adaptability|WaveCrash,LastRespects,AquaJet,FlipTurn|||M|||50|,,,,,Grass]Ninetales-Alola||IciclePlate|SnowWarning|Blizzard,FreezeDry,IcyWind,Protect|||F|||50|,,,,,Ice]Magmar||Eviolite|VitalSpirit|Flamethrower,Taunt,FollowMe,Protect|||F|||50|,,,,,Fairy]Archaludon||PowerHerb|Sturdy|ElectroShot,DragonPulse,Thunderbolt,Protect|||F|||50|,,,,,Electric
|inactive|Battle timer is ON: inactive players will automatically lose when time's up. (requested by AN555GEL)
|
|t:|1756397947
|teamsize|p1|4
|teamsize|p2|4
|start
|switch|p1a: Exeggutor|Exeggutor, L50, M, shiny|100/100
|switch|p1b: Kingambit|Kingambit, L50, F|100/100
|switch|p2a: Magmar|Magmar, L50, F, shiny|100/100
|switch|p2b: Gooseberry|Basculegion, L50, M, shiny|100/100
|turn|1
|inactive|AN555GEL has 30 seconds left.
|inactive|AN555GEL has 20 seconds left.
|inactive|AN555GEL has 15 seconds left.
|
|t:|1756397990
|-terastallize|p1a: Exeggutor|Psychic
|move|p1b: Kingambit|Sucker Punch|p2b: Gooseberry
|-supereffective|p2b: Gooseberry
|-damage|p2b: Gooseberry|2/100
|move|p2b: Gooseberry|Flip Turn|p1a: Exeggutor
|-damage|p1a: Exeggutor|49/100
|
|t:|1756398014
|switch|p2b: Rillaboom|Rillaboom, L50, M, shiny|100/100|[from] Flip Turn
|-fieldstart|move: Grassy Terrain|[from] ability: Grassy Surge|[of] p2b: Rillaboom
|move|p2a: Magmar|Flamethrower|p1a: Exeggutor
|-damage|p1a: Exeggutor|10/100
|move|p1a: Exeggutor|Expanding Force|p2a: Magmar
|-damage|p2a: Magmar|62/100
|
|-heal|p2a: Magmar|68/100|[from] Grassy Terrain
|-heal|p1a: Exeggutor|16/100|[from] Grassy Terrain
|upkeep
|turn|2
|inactive|AN555GEL has 30 seconds left.
|inactive|AN555GEL has 20 seconds left.
|inactive|AN555GEL has 15 seconds left.
|
|t:|1756398056
|switch|p1b: Indeedee|Indeedee-F, L50, F|100/100
|-fieldstart|move: Psychic Terrain|[from] ability: Psychic Surge|[of] p1b: Indeedee
|move|p2b: Rillaboom|Wood Hammer|p1a: Exeggutor
|-damage|p1a: Exeggutor|0 fnt
|faint|p1a: Exeggutor
|-damage|p2b: Rillaboom|96/100|[from] Recoil
|move|p2a: Magmar|Flamethrower|p1b: Indeedee
|-damage|p1b: Indeedee|70/100
|
|upkeep
|
|t:|1756398069
|switch|p1a: Torkoal|Torkoal, L50, M, shiny|100/100
|-weather|SunnyDay|[from] ability: Drought|[of] p1a: Torkoal
|turn|3
|
|t:|1756398079
|-terastallize|p2b: Rillaboom|Fire
|move|p1b: Indeedee|Helping Hand|p1a: Torkoal
|-singleturn|p1a: Torkoal|Helping Hand|[of] p1b: Indeedee
|move|p2b: Rillaboom|High Horsepower|p1a: Torkoal
|-supereffective|p1a: Torkoal
|-damage|p1a: Torkoal|46/100
|move|p2a: Magmar|Taunt|p1b: Indeedee
|-start|p1b: Indeedee|move: Taunt
|move|p1a: Torkoal|Eruption|p2b: Rillaboom|[spread] p2a,p2b
|-resisted|p2a: Magmar
|-resisted|p2b: Rillaboom
|-damage|p2a: Magmar|49/100
|-damage|p2b: Rillaboom|75/100
|
|-weather|SunnyDay|[upkeep]
|upkeep
|turn|4
|
|t:|1756398096
|move|p2b: Rillaboom|High Horsepower|p1a: Torkoal
|-supereffective|p1a: Torkoal
|-damage|p1a: Torkoal|0 fnt
|faint|p1a: Torkoal
|move|p2a: Magmar|Flamethrower|p1b: Indeedee
|-damage|p1b: Indeedee|22/100
|move|p1b: Indeedee|Psychic|p2b: Rillaboom
|-damage|p2b: Rillaboom|46/100
|
|-weather|SunnyDay|[upkeep]
|upkeep
|
|t:|1756398104
|switch|p1a: Kingambit|Kingambit, L50, F|100/100
|turn|5
|
|t:|1756398114
|move|p2a: Magmar|Protect|p2a: Magmar
|-singleturn|p2a: Magmar|Protect
|move|p2b: Rillaboom|Wood Hammer|p1b: Indeedee
|-damage|p1b: Indeedee|0 fnt
|-damage|p2b: Rillaboom|30/100|[from] item: Rocky Helmet|[of] p1b: Indeedee
|faint|p1b: Indeedee
|-damage|p2b: Rillaboom|23/100|[from] Recoil
|move|p1a: Kingambit|Assurance|p2a: Magmar
|-activate|p2a: Magmar|move: Protect
|
|-weather|SunnyDay|[upkeep]
|upkeep
|turn|6
|
|t:|1756398131
|switch|p2b: Gooseberry|Basculegion, L50, M, shiny|2/100
|switch|p2a: Ninetales|Ninetales-Alola, L50, F, shiny|100/100
|-weather|Snowscape|[from] ability: Snow Warning|[of] p2a: Ninetales
|move|p1a: Kingambit|Assurance|p2b: Gooseberry
|-supereffective|p2b: Gooseberry
|-damage|p2b: Gooseberry|0 fnt
|faint|p2b: Gooseberry
|
|-weather|Snowscape|[upkeep]
|-fieldend|move: Psychic Terrain
|upkeep
|
|t:|1756398142
|switch|p2b: Rillaboom|Rillaboom, L50, M, shiny, tera:Fire|23/100
|-fieldstart|move: Grassy Terrain|[from] ability: Grassy Surge|[of] p2b: Rillaboom
|turn|7
|
|t:|1756398148
|move|p2b: Rillaboom|Fake Out|p1a: Kingambit
|-resisted|p1a: Kingambit
|-damage|p1a: Kingambit|96/100
|cant|p1a: Kingambit|flinch
|move|p2a: Ninetales|Blizzard|p1a: Kingambit
|-resisted|p1a: Kingambit
|-damage|p1a: Kingambit|79/100
|
|-weather|Snowscape|[upkeep]
|-heal|p2b: Rillaboom|29/100|[from] Grassy Terrain
|-heal|p1a: Kingambit|85/100|[from] Grassy Terrain
|upkeep
|turn|8
|inactive|AN555GEL has 30 seconds left.
|inactive|AN555GEL has 20 seconds left.
|inactive|AN555GEL has 15 seconds left.
|
|t:|1756398188
|move|p2a: Ninetales|Blizzard|p1a: Kingambit
|-resisted|p1a: Kingambit
|-damage|p1a: Kingambit|69/100
|move|p2b: Rillaboom|High Horsepower|p1a: Kingambit
|-supereffective|p1a: Kingambit
|-damage|p1a: Kingambit|18/100
|move|p1a: Kingambit|Assurance|p2b: Rillaboom
|-damage|p2b: Rillaboom|0 fnt
|faint|p2b: Rillaboom
|
|-weather|Snowscape|[upkeep]
|-heal|p1a: Kingambit|24/100|[from] Grassy Terrain
|upkeep
|
|t:|1756398194
|switch|p2b: Magmar|Magmar, L50, F, shiny|49/100
|turn|9
|
|t:|1756398199
|move|p2b: Magmar|Protect|p2b: Magmar
|-singleturn|p2b: Magmar|Protect
|move|p2a: Ninetales|Blizzard|p1a: Kingambit
|-resisted|p1a: Kingambit
|-damage|p1a: Kingambit|9/100
|move|p1a: Kingambit|Assurance|p2b: Magmar
|-activate|p2b: Magmar|move: Protect
|
|-weather|Snowscape|[upkeep]
|-heal|p2b: Magmar|55/100|[from] Grassy Terrain
|-heal|p1a: Kingambit|15/100|[from] Grassy Terrain
|upkeep
|turn|10
|
|t:|1756398209
|move|p2a: Ninetales|Blizzard|p1a: Kingambit
|-resisted|p1a: Kingambit
|-damage|p1a: Kingambit|0 fnt
|faint|p1a: Kingambit
|
|win|AN555GEL
|raw|Elsa Lamance's rating: 1211 → 1181(-30 for losing)
|raw|AN555GEL's rating: 1146 → 1176(+30 for winning)
