|j|☆Hookmaster100
|j|☆RouletteRegional
|html|Hookmaster100RouletteRegional    
|uhtml|bestof|Game 1 of a best-of-3
|t:|1784402311
|gametype|doubles
|player|p1|Hookmaster100|1|1218
|player|p2|RouletteRegional|lance|1476
|gen|9
|tier|[Gen 9 Champions] VGC 2026 Reg M-B (Bo3)
|rated|
|rule|Species Clause: Limit one of each Pokémon
|rule|Item Clause: Limit 1 of each item
|clearpoke
|poke|p1|Toxapex, L50, M|
|poke|p1|Metagross, L50|
|poke|p1|Scrafty, L50, F|
|poke|p1|Grimmsnarl, L50, M|
|poke|p1|Charizard, L50, M|
|poke|p1|Sinistcha, L50, shiny|
|poke|p2|Gengar, L50, M|
|poke|p2|Swampert, L50, M|
|poke|p2|Archaludon, L50, M|
|poke|p2|Politoed, L50, F|
|poke|p2|Incineroar, L50, F|
|poke|p2|Vivillon-Fancy, L50, M|
|teampreview|4
|showteam|p1|Toxapex||Leftovers|Regenerator|Infestation,Toxic,BanefulBunker,WideGuard|Calm||M|||50|]Metagross||LifeOrb|ClearBody|IronHead,PsychicFangs,ThunderPunch,Protect|Careful|||||50|]Scrafty||Scraftinite|Intimidate|Detect,FakeOut,DrainPunch,Crunch|Adamant||F|||50|]Grimmsnarl||FocusSash|Prankster|LightScreen,PartingShot,SuckerPunch,PlayRough|Adamant||M|||50|]Charizard||CharizarditeY|SolarPower|HeatWave,Protect,SolarBeam,WeatherBall|Modest||M|||50|]Sinistcha||SitrusBerry|Hospitality|MatchaGotcha,RagePowder,ShadowBall,LifeDew|Calm|||||50|
|showteam|p2|Gengar||Gengarite|CursedBody|ShadowBall,SludgeBomb,PerishSong,Protect|Modest||M|||50|]Swampert||Swampertite|Torrent|WaveCrash,Earthquake,IcePunch,Protect|Adamant||M|||50|]Archaludon||Leftovers|Stamina|ElectroShot,DragonPulse,FlashCannon,Protect|Bold||M|||50|]Politoed||SitrusBerry|Drizzle|WeatherBall,Hypnosis,PerishSong,Protect|Calm||F|||50|]Incineroar||PasshoBerry|Intimidate|ThroatChop,FakeOut,PartingShot,Protect|Impish||F|||50|]Vivillon-Fancy||FocusSash|CompoundEyes|Hurricane,SleepPowder,RagePowder,Protect|Timid||M|||50|
|inactive|Battle timer is ON: inactive players will automatically lose when time's up. (requested by Hookmaster100)
|inactive|Hookmaster100 has 60 seconds left.
|inactive|RouletteRegional has 60 seconds left.
|inactive|Hookmaster100 has 30 seconds left.
|inactive|RouletteRegional has 30 seconds left.
|inactive|Hookmaster100 has 20 seconds left.
|inactive|Hookmaster100 has 15 seconds left.
|inactive|Hookmaster100 has 10 seconds left.
|inactive|Hookmaster100 has 5 seconds left.
|
|t:|1784402402
|teamsize|p1|4
|teamsize|p2|4
|start
|switch|p1a: Toxapex|Toxapex, L50, M|100/100
|switch|p1b: Metagross|Metagross, L50|100/100
|switch|p2a: Gengar|Gengar, L50, M|100/100
|switch|p2b: Vivillon|Vivillon-Fancy, L50, M|100/100
|turn|1
|
|t:|1784402426
|detailschange|p2a: Gengar|Gengar-Mega, L50, M
|-mega|p2a: Gengar|Gengar|Gengarite
|move|p2a: Gengar|Perish Song|p2a: Gengar
|-start|p1a: Toxapex|perish3|[silent]
|-start|p1b: Metagross|perish3|[silent]
|-start|p2a: Gengar|perish3|[silent]
|-start|p2b: Vivillon|perish3|[silent]
|-fieldactivate|move: Perish Song
|move|p2b: Vivillon|Sleep Powder|p1b: Metagross
|-status|p1b: Metagross|slp|[from] move: Sleep Powder
|cant|p1b: Metagross|slp
|move|p1a: Toxapex|Infestation|p2a: Gengar
|-resisted|p2a: Gengar|2
|-damage|p2a: Gengar|99/100
|-activate|p2a: Gengar|move: Infestation|[of] p1a: Toxapex
|
|-damage|p2a: Gengar|87/100|[from] move: Infestation|[partiallytrapped]
|-start|p2a: Gengar|perish3
|-start|p2b: Vivillon|perish3
|-start|p1b: Metagross|perish3
|-start|p1a: Toxapex|perish3
|upkeep
|turn|2
|
|t:|1784402443
|move|p2a: Gengar|Shadow Ball|p1b: Metagross
|-supereffective|p1b: Metagross|1
|-crit|p1b: Metagross
|-damage|p1b: Metagross|0 fnt
|faint|p1b: Metagross
|move|p2b: Vivillon|Sleep Powder|p1a: Toxapex
|-status|p1a: Toxapex|slp|[from] move: Sleep Powder
|cant|p1a: Toxapex|slp
|
|-damage|p2a: Gengar|75/100|[from] move: Infestation|[partiallytrapped]
|-start|p2a: Gengar|perish2
|-start|p2b: Vivillon|perish2
|-start|p1a: Toxapex|perish2
|upkeep
|
|t:|1784402450
|switch|p1b: Scrafty|Scrafty, L50, F|100/100
|-ability|p1b: Scrafty|Intimidate|boost
|-unboost|p2a: Gengar|atk|1
|-unboost|p2b: Vivillon|atk|1
|turn|3
|
|t:|1784402461
|move|p1b: Scrafty|Fake Out|p2b: Vivillon
|-damage|p2b: Vivillon|77/100
|move|p2a: Gengar|Sludge Bomb|p1b: Scrafty
|-crit|p1b: Scrafty
|-damage|p1b: Scrafty|15/100
|-status|p1b: Scrafty|psn
|cant|p2b: Vivillon|flinch
|-curestatus|p1a: Toxapex|slp|[msg]
|move|p1a: Toxapex|Infestation|p2b: Vivillon
|-resisted|p2b: Vivillon|1
|-damage|p2b: Vivillon|74/100
|-activate|p2b: Vivillon|move: Infestation|[of] p1a: Toxapex
|
|-damage|p1b: Scrafty|3/100 psn|[from] psn
|-damage|p2a: Gengar|63/100|[from] move: Infestation|[partiallytrapped]
|-damage|p2b: Vivillon|62/100|[from] move: Infestation|[partiallytrapped]
|-start|p2a: Gengar|perish1
|-start|p2b: Vivillon|perish1
|-start|p1a: Toxapex|perish1
|upkeep
|turn|4
|inactive|Hookmaster100 has 30 seconds left.
|inactive|Hookmaster100 has 20 seconds left.
|inactive|Hookmaster100 has 15 seconds left.
|inactive|RouletteRegional has 30 seconds left.
|
|t:|1784402508
|switch|p2a: Incineroar|Incineroar, L50, F|100/100
|-ability|p2a: Incineroar|Intimidate|boost
|-unboost|p1a: Toxapex|atk|1
|-unboost|p1b: Scrafty|atk|1
|detailschange|p1b: Scrafty|Scrafty-Mega, L50, F
|-mega|p1b: Scrafty|Scrafty|Scraftinite
|-ability|p1b: Scrafty|Intimidate|boost
|-unboost|p2a: Incineroar|atk|1
|-unboost|p2b: Vivillon|atk|1
|move|p1a: Toxapex|Baneful Bunker|p1a: Toxapex
|-singleturn|p1a: Toxapex|move: Protect
|move|p2b: Vivillon|Rage Powder|p2b: Vivillon
|-singleturn|p2b: Vivillon|move: Rage Powder
|move|p1b: Scrafty|Drain Punch|p2b: Vivillon
|-resisted|p2b: Vivillon|2
|-damage|p2b: Vivillon|48/100
|-heal|p1b: Scrafty|11/100 psn|[from] drain|[of] p2b: Vivillon
|
|-damage|p1b: Scrafty|0 fnt|[from] psn
|faint|p1b: Scrafty
|-damage|p2b: Vivillon|36/100|[from] move: Infestation|[partiallytrapped]
|-start|p2b: Vivillon|perish0
|-start|p1a: Toxapex|perish0
|faint|p2b: Vivillon
|faint|p1a: Toxapex
|upkeep
|
|t:|1784402525
|switch|p2b: Gengar|Gengar-Mega, L50, M|63/100
|switch|p1b: Grimmsnarl|Grimmsnarl, L50, M|100/100
|turn|5
|
|t:|1784402533
|move|p2a: Incineroar|Fake Out|p1b: Grimmsnarl
|-damage|p1b: Grimmsnarl|89/100
|cant|p1b: Grimmsnarl|flinch
|move|p2b: Gengar|Perish Song|p2b: Gengar
|-start|p1b: Grimmsnarl|perish3|[silent]
|-start|p2a: Incineroar|perish3|[silent]
|-start|p2b: Gengar|perish3|[silent]
|-fieldactivate|move: Perish Song
|
|-start|p2b: Gengar|perish3
|-start|p1b: Grimmsnarl|perish3
|-start|p2a: Incineroar|perish3
|upkeep
|turn|6
|
|t:|1784402536
|move|p2b: Gengar|Protect|p2b: Gengar
|-singleturn|p2b: Gengar|Protect
|move|p2a: Incineroar|Protect|p2a: Incineroar
|-singleturn|p2a: Incineroar|Protect
|move|p1b: Grimmsnarl|Sucker Punch||[still]
|-fail|p1b: Grimmsnarl
|
|-start|p2b: Gengar|perish2
|-start|p2a: Incineroar|perish2
|-start|p1b: Grimmsnarl|perish2
|upkeep
|turn|7
|
|t:|1784402545
|move|p2b: Gengar|Protect|p2b: Gengar
|-singleturn|p2b: Gengar|Protect
|move|p2a: Incineroar|Protect||[still]
|-fail|p2a: Incineroar
|move|p1b: Grimmsnarl|Sucker Punch||[still]
|-fail|p1b: Grimmsnarl
|
|-start|p2b: Gengar|perish1
|-start|p2a: Incineroar|perish1
|-start|p1b: Grimmsnarl|perish1
|upkeep
|turn|8
|
|t:|1784402549
|move|p2b: Gengar|Protect||[still]
|-fail|p2b: Gengar
|move|p2a: Incineroar|Protect|p2a: Incineroar
|-singleturn|p2a: Incineroar|Protect
|move|p1b: Grimmsnarl|Sucker Punch||[still]
|-fail|p1b: Grimmsnarl
|
|-start|p2b: Gengar|perish0
|-start|p2a: Incineroar|perish0
|-start|p1b: Grimmsnarl|perish0
|faint|p2b: Gengar
|faint|p2a: Incineroar
|faint|p1b: Grimmsnarl
|
|win|RouletteRegional
