|j|☆PsychedelicDawgII
|j|☆kolten
|html|PsychedelicDawgIIkolten    
|uhtml|bestof|Game 1 of a best-of-3
|t:|1784423042
|gametype|doubles
|player|p1|PsychedelicDawgII|clerk|
|player|p2|kolten|170|
|gen|9
|tier|[Gen 9 Champions] VGC 2026 Reg M-B (Bo3)
|rule|Species Clause: Limit one of each Pokémon
|rule|Item Clause: Limit 1 of each item
|clearpoke
|poke|p1|Volcarona, L50, M|
|poke|p1|Grimmsnarl, L50, M|
|poke|p1|Tyranitar, L50, F|
|poke|p1|Primarina, L50, F|
|poke|p1|Skarmory, L50, M|
|poke|p1|Dragapult, L50, M|
|poke|p2|Conkeldurr, L50, F|
|poke|p2|Samurott-Hisui, L50, M|
|poke|p2|Scolipede, L50, F, shiny|
|poke|p2|Dragonite, L50, F, shiny|
|poke|p2|Torkoal, L50, M, shiny|
|poke|p2|Farigiraf, L50, M|
|teampreview|4
|showteam|p1|Volcarona||SitrusBerry|FlameBody|Protect,QuiverDance,HeatWave,BugBuzz|Modest||M|||50|]Grimmsnarl||LightClay|Prankster|FakeOut,Reflect,PartingShot,SpiritBreak|Adamant||M|||50|]Tyranitar||Tyranitarite|SandStream|Protect,RockSlide,KnockOff,Earthquake|Brave||F|||50|]Primarina||Leftovers|LiquidVoice|DrainingKiss,Moonblast,HyperVoice,IceBeam|Modest||F|||50|]Skarmory||Skarmorite|Sturdy|BraveBird,SwordsDance,IronHead,Taunt|Adamant||M|||50|]Dragapult||FocusSash|Infiltrator|Protect,ShadowBall,DracoMeteor,Flamethrower|Modest||M|||50|
|showteam|p2|Conkeldurr||LifeOrb|IronFist|MachPunch,ThunderPunch,IcePunch,Protect|Adamant||F|||50|]Samurott-Hisui||MuscleBand|Sharpness|SacredSword,AquaCutter,CeaselessEdge,Protect|Jolly||M|||50|]Scolipede||Scolipite|SpeedBoost|IronDefense,LeechLife,Protect,SwordsDance|Careful||F|||50|]Dragonite||DragonFang|Multiscale|DragonPulse,AirSlash,Protect,DracoMeteor|Modest||F|||50|]Torkoal||SitrusBerry|Drought|IronDefense,HeatWave,SolarBeam,Protect|Sassy||M|||50|]Farigiraf||Leftovers|ArmorTail|TrickRoom,Protect,HyperVoice,CalmMind|Bold||M|||50|
|j| NewTrainaOnDaBlock
|
|t:|1784423127
|teamsize|p1|4
|teamsize|p2|4
|start
|switch|p1a: Martin|Skarmory, L50, M|100/100
|switch|p1b: The Greek|Grimmsnarl, L50, M|100/100
|switch|p2a: Farigiraf|Farigiraf, L50, M|100/100
|switch|p2b: Scolipede|Scolipede, L50, F, shiny|100/100
|turn|1
|
|t:|1784423181
|switch|p1b: Corona|Volcarona, L50, M|100/100
|detailschange|p1a: Martin|Skarmory-Mega, L50, M
|-mega|p1a: Martin|Skarmory|Skarmorite
|move|p2b: Scolipede|Protect|p2b: Scolipede
|-singleturn|p2b: Scolipede|Protect
|move|p1a: Martin|Taunt|p2a: Farigiraf
|-start|p2a: Farigiraf|move: Taunt
|cant|p2a: Farigiraf|move: Taunt|Calm Mind
|
|-ability|p2b: Scolipede|Speed Boost|boost
|-boost|p2b: Scolipede|spe|1
|upkeep
|turn|2
|
|t:|1784423223
|switch|p2a: Samurott|Samurott-Hisui, L50, M|100/100
|detailschange|p2b: Scolipede|Scolipede-Mega, L50, F, shiny
|-mega|p2b: Scolipede|Scolipede|Scolipite
|move|p1a: Martin|Swords Dance|p1a: Martin
|-boost|p1a: Martin|atk|2
|move|p2b: Scolipede|Iron Defense|p2b: Scolipede
|-boost|p2b: Scolipede|def|2
|move|p1b: Corona|Quiver Dance|p1b: Corona
|-boost|p1b: Corona|spa|1
|-boost|p1b: Corona|spd|1
|-boost|p1b: Corona|spe|1
|
|upkeep
|turn|3
|
|t:|1784423265
|move|p1b: Corona|Protect|p1b: Corona
|-singleturn|p1b: Corona|Protect
|move|p2a: Samurott|Aqua Cutter|p1b: Corona
|-activate|p1b: Corona|move: Protect
|move|p1a: Martin|Brave Bird|p2a: Samurott
|-damage|p2a: Samurott|0 fnt
|faint|p2a: Samurott
|-damage|p1a: Martin|67/100|[from] Recoil
|move|p2b: Scolipede|Iron Defense|p2b: Scolipede
|-boost|p2b: Scolipede|def|2
|
|upkeep
|
|t:|1784423279
|switch|p2a: Dragonite|Dragonite, L50, F, shiny|100/100
|turn|4
|
|t:|1784423295
|move|p1b: Corona|Heat Wave|p2b: Scolipede|[spread] p2a,p2b
|-resisted|p2a: Dragonite|1
|-supereffective|p2b: Scolipede|1
|-damage|p2a: Dragonite|88/100
|-damage|p2b: Scolipede|12/100
|move|p1a: Martin|Brave Bird|p2a: Dragonite
|-damage|p2a: Dragonite|0 fnt
|faint|p2a: Dragonite
|-damage|p1a: Martin|33/100|[from] Recoil
|move|p2b: Scolipede|Swords Dance|p2b: Scolipede
|-boost|p2b: Scolipede|atk|2
|
|upkeep
|
|t:|1784423307
|switch|p2a: Farigiraf|Farigiraf, L50, M|100/100
|turn|5
|
|t:|1784423338
|move|p1b: Corona|Heat Wave|p2a: Farigiraf|[spread] p2a,p2b
|-supereffective|p2b: Scolipede|1
|-damage|p2a: Farigiraf|40/100
|-damage|p2b: Scolipede|0 fnt
|faint|p2b: Scolipede
|move|p1a: Martin|Brave Bird|p2a: Farigiraf
|-damage|p2a: Farigiraf|0 fnt
|faint|p2a: Farigiraf
|-damage|p1a: Martin|15/100|[from] Recoil
|
|win|PsychedelicDawgII
||PsychedelicDawgII is ready for game 2.
|inactive|kolten has 30 seconds to confirm battle start!
||kolten is ready for game 2.
|uhtml|next|Next: Game 2 of 3
