|j|☆NoobMasterBrad182
|j|☆Sel_Gaming
|html|NoobMasterBrad182Sel_Gaming    
|uhtml|bestof|Game 2 of a best-of-3
|t:|1782692252
|gametype|doubles
|player|p1|NoobMasterBrad182|hilda-wonderlauncher|
|player|p2|Sel_Gaming|1|
|gen|9
|tier|[Gen 9 Champions] VGC 2026 Reg M-B (Bo3)
|rule|Species Clause: Limit one of each Pokémon
|rule|Item Clause: Limit 1 of each item
|clearpoke
|poke|p1|Tyranitar, L50, F|
|poke|p1|Excadrill, L50, M|
|poke|p1|Lycanroc, L50, F|
|poke|p1|Steelix, L50, F|
|poke|p1|Talonflame, L50, M|
|poke|p1|Venusaur, L50, M|
|poke|p2|Charizard, L50, F, shiny|
|poke|p2|Maushold-Four, L50, shiny|
|poke|p2|Annihilape, L50, M, shiny|
|poke|p2|Meowstic, L50, M|
|poke|p2|Gyarados, L50, F|
|poke|p2|Kleavor, L50, F|
|teampreview|4
|showteam|p1|Tyranitar||Tyranitarite|SandStream|RockSlide,Protect,ShadowClaw,ThunderPunch|Adamant||F|||50|]Excadrill||LifeOrb|SandForce|RockSlide,Protect,Megahorn,PoisonJab|Jolly||M|||50|]Lycanroc||FocusSash|SandRush|RockSlide,Protect,CloseCombat,PlayRough|Adamant||F|||50|]Steelix||Leftovers|Sturdy|RockSlide,WideGuard,BodyPress,HeavySlam|Adamant||F|||50|]Talonflame||SharpBeak|GaleWings|Tailwind,Protect,FlareBlitz,DualWingbeat|Jolly||M|||50|]Venusaur||ExpertBelt|Chlorophyll|SludgeBomb,Protect,LeafStorm,EarthPower|Modest||M|||50|
|showteam|p2|Charizard||CharizarditeY|Blaze|HeatWave,AirSlash,SolarBeam,Protect|Modest||F|||50|]Maushold-Four||WideLens|FriendGuard|PopulationBomb,FollowMe,BeatUp,Protect|Impish|||||50|]Annihilape||Leftovers|Defiant|RageFist,DrainPunch,BulkUp,Protect|Serious||M|||50|]Meowstic||Meowsticite|Prankster|FakeOut,Reflect,LightScreen,Psychic|Calm||M|||50|]Gyarados||Gyaradosite|Intimidate|Waterfall,Crunch,DragonDance,Protect|Adamant||F|||50|]Kleavor||ChoiceScarf|Sharpness|StoneAxe,CloseCombat,XScissor,Uturn|Jolly||F|||50|
|
|t:|1782692291
|teamsize|p1|4
|teamsize|p2|4
|start
|switch|p1a: Godzilla|Tyranitar, L50, F|100/100
|switch|p1b: Monty|Excadrill, L50, M|100/100
|switch|p2a: Meowstic|Meowstic, L50, M|100/100
|switch|p2b: Kleavor|Kleavor, L50, F|100/100
|-weather|Sandstorm|[from] ability: Sand Stream|[of] p1a: Godzilla
|turn|1
|
|t:|1782692324
|detailschange|p1a: Godzilla|Tyranitar-Mega, L50, F
|-mega|p1a: Godzilla|Tyranitar|Tyranitarite
|move|p1a: Godzilla|Protect|p1a: Godzilla
|-singleturn|p1a: Godzilla|Protect
|move|p2a: Meowstic|Fake Out|p1b: Monty
|-resisted|p1b: Monty|1
|-damage|p1b: Monty|96/100
|move|p2b: Kleavor|Close Combat|p1a: Godzilla
|-activate|p1a: Godzilla|move: Protect
|cant|p1b: Monty|flinch
|
|-weather|Sandstorm|[upkeep]
|-damage|p2a: Meowstic|93/100|[from] Sandstorm
|upkeep
|turn|2
|
|t:|1782692343
|move|p2a: Meowstic|Reflect|p2a: Meowstic
|-sidestart|p2: Sel_Gaming|Reflect
|move|p2b: Kleavor|Close Combat|p1a: Godzilla
|-supereffective|p1a: Godzilla|2
|-damage|p1a: Godzilla|0 fnt
|-unboost|p2b: Kleavor|def|1
|-unboost|p2b: Kleavor|spd|1
|faint|p1a: Godzilla
|move|p1b: Monty|Megahorn|p2a: Meowstic
|-supereffective|p2a: Meowstic|1
|-damage|p2a: Meowstic|5/100
|-damage|p1b: Monty|86/100|[from] item: Life Orb
|
|-weather|Sandstorm|[upkeep]
|-damage|p2a: Meowstic|0 fnt|[from] Sandstorm
|faint|p2a: Meowstic
|upkeep
|
|t:|1782692362
|switch|p2a: Charizard|Charizard, L50, F, shiny|100/100
|switch|p1a: Fawkes|Talonflame, L50, M|100/100
|turn|3
|
|t:|1782692402
|switch|p2b: Maushold|Maushold-Four, L50, shiny|100/100
|detailschange|p2a: Charizard|Charizard-Mega-Y, L50, F, shiny
|-mega|p2a: Charizard|Charizard|Charizardite Y
|-weather|SunnyDay|[from] ability: Drought|[of] p2a: Charizard
|move|p1a: Fawkes|Protect|p1a: Fawkes
|-singleturn|p1a: Fawkes|Protect
|move|p2a: Charizard|Protect|p2a: Charizard
|-singleturn|p2a: Charizard|Protect
|move|p1b: Monty|Rock Slide|p2a: Charizard|[spread] p2b
|-activate|p2a: Charizard|move: Protect
|-damage|p2b: Maushold|79/100
|-damage|p1b: Monty|77/100|[from] item: Life Orb
|
|-weather|SunnyDay|[upkeep]
|upkeep
|turn|4
|
|t:|1782692430
|switch|p1b: Steele|Steelix, L50, F|100/100
|move|p2b: Maushold|Follow Me|p2b: Maushold
|-singleturn|p2b: Maushold|move: Follow Me
|move|p1a: Fawkes|Tailwind|p1a: Fawkes
|-sidestart|p1: NoobMasterBrad182|move: Tailwind
|move|p2a: Charizard|Heat Wave|p1b: Steele|[spread] p1a,p1b
|-resisted|p1a: Fawkes|1
|-supereffective|p1b: Steele|1
|-damage|p1a: Fawkes|49/100
|-ability|p1b: Steele|Sturdy
|-damage|p1b: Steele|1/100
|
|-weather|SunnyDay|[upkeep]
|-heal|p1b: Steele|6/100|[from] item: Leftovers
|upkeep
|turn|5
|
|t:|1782692488
|switch|p1b: Monty|Excadrill, L50, M|77/100
|move|p2b: Maushold|Follow Me|p2b: Maushold
|-singleturn|p2b: Maushold|move: Follow Me
|move|p1a: Fawkes|Dual Wingbeat|p2b: Maushold
|-damage|p2b: Maushold|65/100
|-damage|p2b: Maushold|49/100
|-hitcount|p2b: Maushold|2
|move|p2a: Charizard|Heat Wave|p1a: Fawkes|[spread] p1a,p1b
|-resisted|p1a: Fawkes|1
|-supereffective|p1b: Monty|1
|-damage|p1a: Fawkes|0 fnt
|-damage|p1b: Monty|0 fnt
|faint|p1a: Fawkes
|faint|p1b: Monty
|
|-weather|SunnyDay|[upkeep]
|upkeep
|
|t:|1782692504
|switch|p1b: Steele|Steelix, L50, F|6/100
|turn|6
|
|t:|1782692511
|move|p2b: Maushold|Population Bomb|p1b: Steele
|-resisted|p1b: Steele|1
|-damage|p1b: Steele|4/100
|-resisted|p1b: Steele|1
|-damage|p1b: Steele|3/100
|-resisted|p1b: Steele|1
|-damage|p1b: Steele|1/100
|-resisted|p1b: Steele|1
|-damage|p1b: Steele|0 fnt
|faint|p1b: Steele
|-hitcount|p1: Steele|4
|
|win|Sel_Gaming
