|j|☆forzalupi1912
|j|☆JakAttack101
|html|forzalupi1912JakAttack101    
|uhtml|bestof|Game 3 of a best-of-3
|t:|1756415403
|gametype|doubles
|player|p1|forzalupi1912|102|1094
|player|p2|JakAttack101|blaine|1071
|gen|9
|tier|[Gen 9] VGC 2025 Reg H (Bo3)
|rated|
|rule|Species Clause: Limit one of each Pokémon
|rule|Item Clause: Limit 1 of each item
|clearpoke
|poke|p1|Incineroar, L50, F|
|poke|p1|Amoonguss, L50, M|
|poke|p1|Ursaluna-Bloodmoon, L50, M|
|poke|p1|Dragonite, L50, F|
|poke|p1|Sneasler, L50, F|
|poke|p1|Gholdengo, L50|
|poke|p2|Annihilape, L50, M|
|poke|p2|Ninetales-Alola, L50, M|
|poke|p2|Garchomp, L50, F|
|poke|p2|Dragonite, L50, M|
|poke|p2|Sneasler, L50, M|
|poke|p2|Incineroar, L50, F|
|teampreview|4
|showteam|p1|Incineroar||SafetyGoggles|Intimidate|FlareBlitz,KnockOff,FakeOut,PartingShot|||F|||50|,,,,,Ghost]Amoonguss||SitrusBerry|Regenerator|PollenPuff,Spore,RagePowder,Protect|||M|||50|,,,,,Psychic]Ursaluna-Bloodmoon||AssaultVest|MindsEye|HyperVoice,BloodMoon,EarthPower,VacuumWave|||M|||50|,,,,,Water]Dragonite||LoadedDice|Multiscale|ScaleShot,Tailwind,Haze,Protect|||F|||50|,,,,,Fairy]Sneasler||FocusSash|Unburden|CloseCombat,DireClaw,ThroatChop,Protect|||F|||50|,,,,,Stellar]Gholdengo||LifeOrb|GoodasGold|MakeItRain,ShadowBall,NastyPlot,Protect||||||50|,,,,,Water
|showteam|p2|Annihilape||AssaultVest|Defiant|RageFist,DrainPunch,RockTomb,FinalGambit|||M|||50|,,,,,Fire]Ninetales-Alola||ChoiceSpecs|SnowWarning|Blizzard,Moonblast,FreezeDry,IcyWind|||M|||50|,,,,,Ghost]Garchomp||LifeOrb|RoughSkin|Earthquake,StompingTantrum,DragonClaw,Protect|||F|||50|,,,,,Steel]Dragonite||LoadedDice|Multiscale|ScaleShot,Tailwind,Protect,Haze|||M|||50|,,,,,Fairy]Sneasler||FocusSash|Unburden|CloseCombat,DireClaw,FakeOut,Coaching|||M|||50|,,,,,Ghost]Incineroar||SafetyGoggles|Intimidate|KnockOff,Taunt,FakeOut,PartingShot|||F|||50|,,,,,Fairy
|inactive|Battle timer is ON: inactive players will automatically lose when time's up. (requested by forzalupi1912)
|inactive|forzalupi1912 has 60 seconds left.
|inactive|forzalupi1912 has 30 seconds left.
|inactive|forzalupi1912 has 20 seconds left.
|inactive|forzalupi1912 has 15 seconds left.
|inactive|forzalupi1912 has 10 seconds left.
|
|t:|1756415487
|teamsize|p1|4
|teamsize|p2|4
|start
|switch|p1a: Incineroar|Incineroar, L50, F|100/100
|switch|p1b: Gholdengo|Gholdengo, L50|100/100
|switch|p2a: Ninetales|Ninetales-Alola, L50, M, shiny|100/100
|switch|p2b: Annihilape|Annihilape, L50, M, shiny|100/100
|-weather|Snowscape|[from] ability: Snow Warning|[of] p2a: Ninetales
|-ability|p1a: Incineroar|Intimidate|boost
|-unboost|p2a: Ninetales|atk|1
|-unboost|p2b: Annihilape|atk|1
|-ability|p2b: Annihilape|Defiant|boost
|-boost|p2b: Annihilape|atk|2
|turn|1
|inactive|forzalupi1912 has 30 seconds left.
|inactive|JakAttack101 has 30 seconds left.
|inactive|forzalupi1912 has 20 seconds left.
|inactive|forzalupi1912 has 15 seconds left.
|
|t:|1756415528
|-terastallize|p2b: Annihilape|Fire
|-terastallize|p1b: Gholdengo|Water
|move|p1a: Incineroar|Fake Out|p2a: Ninetales
|-damage|p2a: Ninetales|88/100
|cant|p2a: Ninetales|flinch
|move|p2b: Annihilape|Drain Punch|p1a: Incineroar
|-supereffective|p1a: Incineroar
|-damage|p1a: Incineroar|11/100
|move|p1b: Gholdengo|Nasty Plot|p1b: Gholdengo
|-boost|p1b: Gholdengo|spa|2
|
|-weather|Snowscape|[upkeep]
|upkeep
|turn|2
|inactive|forzalupi1912 has 30 seconds left.
|inactive|JakAttack101 has 30 seconds left.
|
|t:|1756415562
|move|p2a: Ninetales|Blizzard|p1b: Gholdengo|[spread] p1a,p1b
|-resisted|p1a: Incineroar
|-resisted|p1b: Gholdengo
|-damage|p1a: Incineroar|0 fnt
|-damage|p1b: Gholdengo|75/100
|faint|p1a: Incineroar
|move|p2b: Annihilape|Drain Punch|p1b: Gholdengo
|-damage|p1b: Gholdengo|28/100
|move|p1b: Gholdengo|Shadow Ball|p2b: Annihilape
|-damage|p2b: Annihilape|36/100
|-damage|p1b: Gholdengo|18/100|[from] item: Life Orb
|
|-weather|Snowscape|[upkeep]
|upkeep
|
|t:|1756415576
|switch|p1a: Sneasler|Sneasler, L50, F|100/100
|turn|3
|inactive|forzalupi1912 has 30 seconds left.
|
|t:|1756415603
|move|p1b: Gholdengo|Protect|p1b: Gholdengo
|-singleturn|p1b: Gholdengo|Protect
|move|p1a: Sneasler|Dire Claw|p2a: Ninetales
|-supereffective|p2a: Ninetales
|-damage|p2a: Ninetales|10/100
|-status|p2a: Ninetales|slp
|cant|p2a: Ninetales|slp
|move|p2b: Annihilape|Drain Punch|p1a: Sneasler
|-resisted|p1a: Sneasler
|-damage|p1a: Sneasler|62/100
|-heal|p2b: Annihilape|50/100|[from] drain|[of] p1a: Sneasler
|
|-weather|Snowscape|[upkeep]
|upkeep
|turn|4
|
|t:|1756415620
|move|p1a: Sneasler|Dire Claw|p2b: Annihilape
|-damage|p2b: Annihilape|5/100
|-status|p2b: Annihilape|par
|cant|p2a: Ninetales|slp
|move|p1b: Gholdengo|Make It Rain|p2a: Ninetales|[spread] p2a,p2b
|-supereffective|p2a: Ninetales
|-resisted|p2b: Annihilape
|-damage|p2a: Ninetales|0 fnt
|-damage|p2b: Annihilape|0 fnt
|-unboost|p1b: Gholdengo|spa|1
|faint|p2a: Ninetales
|faint|p2b: Annihilape
|-damage|p1b: Gholdengo|8/100|[from] item: Life Orb
|
|-weather|Snowscape|[upkeep]
|upkeep
|
|t:|1756415630
|switch|p2a: Garchomp|Garchomp, L50, F|100/100
|switch|p2b: Dragonite|Dragonite, L50, M, shiny|100/100
|turn|5
|
|t:|1756415655
|move|p1a: Sneasler|Dire Claw|p2a: Garchomp
|-resisted|p2a: Garchomp
|-damage|p2a: Garchomp|80/100
|-damage|p1a: Sneasler|50/100|[from] ability: Rough Skin|[of] p2a: Garchomp
|move|p2a: Garchomp|Earthquake|p1b: Gholdengo|[spread] p1a,p1b
|-immune|p2b: Dragonite
|-supereffective|p1a: Sneasler
|-crit|p1b: Gholdengo
|-damage|p1a: Sneasler|0 fnt
|-damage|p1b: Gholdengo|0 fnt
|faint|p1a: Sneasler
|faint|p1b: Gholdengo
|-damage|p2a: Garchomp|70/100|[from] item: Life Orb
|move|p2b: Dragonite|Scale Shot|p1: Sneasler|[notarget]
|-fail|p2b: Dragonite
|
|-weather|none
|upkeep
|
|t:|1756415671
|switch|p1a: Ursaluna|Ursaluna-Bloodmoon, L50, M|100/100
|turn|6
|
|t:|1756415683
|move|p2a: Garchomp|Dragon Claw|p1a: Ursaluna
|-damage|p1a: Ursaluna|64/100
|-damage|p2a: Garchomp|61/100|[from] item: Life Orb
|move|p2b: Dragonite|Scale Shot|p1a: Ursaluna
|-damage|p1a: Ursaluna|54/100
|-damage|p1a: Ursaluna|43/100
|-damage|p1a: Ursaluna|33/100
|-damage|p1a: Ursaluna|21/100
|-hitcount|p1a: Ursaluna|4
|-unboost|p2b: Dragonite|def|1
|-boost|p2b: Dragonite|spe|1
|move|p1a: Ursaluna|Blood Moon|p2a: Garchomp
|-damage|p2a: Garchomp|0 fnt
|faint|p2a: Garchomp
|
|upkeep
|turn|7
|
|t:|1756415702
|move|p2b: Dragonite|Scale Shot|p1a: Ursaluna
|-damage|p1a: Ursaluna|11/100
|-damage|p1a: Ursaluna|0 fnt
|faint|p1a: Ursaluna
|-hitcount|p1: Ursaluna|2
|
|win|JakAttack101
|raw|forzalupi1912's rating: 1094 → 1068(-26 for losing)
|raw|JakAttack101's rating: 1071 → 1102(+31 for winning)
|c|☆JakAttack101|ggs
|c|☆forzalupi1912|gg
|l|☆forzalupi1912
|player|p1|
