|j|☆f63 JSelCK
|j|☆lettitripppp
|html|f63 JSelCKlettitripppp    
|uhtml|bestof|Game 3 of a best-of-3
|t:|1784239586
|gametype|doubles
|player|p1|f63 JSelCK|hilbert|1279
|player|p2|lettitripppp|lucas|1207
|gen|9
|tier|[Gen 9 Champions] VGC 2026 Reg M-B (Bo3)
|rated|
|rule|Species Clause: Limit one of each Pokémon
|rule|Item Clause: Limit 1 of each item
|clearpoke
|poke|p1|Charizard, L50, M|
|poke|p1|Grimmsnarl, L50, M|
|poke|p1|Pelipper, L50, M|
|poke|p1|Archaludon, L50, M|
|poke|p1|Basculegion, L50, M|
|poke|p1|Venusaur, L50, M|
|poke|p2|Charizard, L50, M, shiny|
|poke|p2|Basculegion, L50, M, shiny|
|poke|p2|Pelipper, L50, M|
|poke|p2|Venusaur, L50, M|
|poke|p2|Archaludon, L50, F|
|poke|p2|Grimmsnarl, L50, M, shiny|
|teampreview|4
|showteam|p1|Charizard||CharizarditeY|Blaze|Protect,HeatWave,WeatherBall,SolarBeam|Timid||M|||50|]Grimmsnarl||LightClay|Prankster|SpiritBreak,Reflect,LightScreen,PartingShot|Serious||M|||50|]Pelipper||SitrusBerry|Drizzle|Hurricane,WeatherBall,Tailwind,WideGuard|Bold||M|||50|]Archaludon||Leftovers|Stamina|Protect,ElectroShot,DragonPulse,FlashCannon|Modest||M|||50|]Basculegion||ChoiceScarf|Adaptability|FlipTurn,WaveCrash,AquaJet,LastRespects|Adamant||M|||50|]Venusaur||FocusSash|Chlorophyll|Protect,SleepPowder,SludgeBomb,EarthPower|Modest||M|||50|
|showteam|p2|Charizard||CharizarditeY|Blaze|WeatherBall,SolarBeam,HeatWave,Protect|Modest||M|||50|]Basculegion||ChoiceScarf|Adaptability|LastRespects,WaveCrash,FlipTurn,AquaJet|Jolly||M|||50|]Pelipper||SitrusBerry|Drizzle|WeatherBall,WideGuard,Hurricane,Tailwind|Modest||M|||50|]Venusaur||FocusSash|Chlorophyll|SleepPowder,SludgeBomb,EarthPower,Protect|Modest||M|||50|]Archaludon||Leftovers|Stamina|FlashCannon,DragonPulse,ElectroShot,Protect|Calm||F|||50|]Grimmsnarl||LightClay|Prankster|PartingShot,LightScreen,SpiritBreak,Reflect|Relaxed||M|||50|
|inactive|Battle timer is ON: inactive players will automatically lose when time's up. (requested by lettitripppp)
|inactive|f63 JSelCK also wants the timer to be on.
|j| f50 NemesisVGC
|inactive|f63 JSelCK has 60 seconds left.
|inactive|lettitripppp has 60 seconds left.
|
|t:|1784239638
|teamsize|p1|4
|teamsize|p2|4
|start
|switch|p1a: Charizard|Charizard, L50, M|100/100
|switch|p1b: Venusaur|Venusaur, L50, M|100/100
|switch|p2a: SOFT-SLEEP|Venusaur, L50, M|100/100
|switch|p2b: GO JOHAN|Grimmsnarl, L50, M, shiny|100/100
|turn|1
|inactive|f63 JSelCK has 30 seconds left.
|inactive|f63 JSelCK has 20 seconds left.
|inactive|f63 JSelCK has 15 seconds left.
|inactive|f63 JSelCK has 10 seconds left.
|inactive|f63 JSelCK has 5 seconds left.
|
|t:|1784239690
|detailschange|p1a: Charizard|Charizard-Mega-Y, L50, M
|-mega|p1a: Charizard|Charizard|Charizardite Y
|-weather|SunnyDay|[from] ability: Drought|[of] p1a: Charizard
|move|p1a: Charizard|Protect|p1a: Charizard
|-singleturn|p1a: Charizard|Protect
|move|p2b: GO JOHAN|Light Screen|p2b: GO JOHAN
|-sidestart|p2: lettitripppp|move: Light Screen
|move|p1b: Venusaur|Sludge Bomb|p2a: SOFT-SLEEP
|-damage|p2a: SOFT-SLEEP|66/100
|move|p2a: SOFT-SLEEP|Sleep Powder|p1a: Charizard
|-activate|p1a: Charizard|move: Protect
|
|-weather|SunnyDay|[upkeep]
|upkeep
|turn|2
|inactive|f63 JSelCK has 30 seconds left.
|inactive|f63 JSelCK has 20 seconds left.
|
|t:|1784239725
|move|p2b: GO JOHAN|Parting Shot|p1a: Charizard
|-unboost|p1a: Charizard|atk|1
|-unboost|p1a: Charizard|spa|1
|
|t:|1784239733
|switch|p2b: AGNI|Charizard, L50, M, shiny|100/100|[from] Parting Shot
|move|p2a: SOFT-SLEEP|Sleep Powder|p1a: Charizard
|-status|p1a: Charizard|slp|[from] move: Sleep Powder
|move|p1b: Venusaur|Sludge Bomb|p2b: AGNI
|-damage|p2b: AGNI|65/100
|-status|p2b: AGNI|psn
|cant|p1a: Charizard|slp
|
|-weather|SunnyDay|[upkeep]
|-damage|p2b: AGNI|52/100 psn|[from] psn
|upkeep
|turn|3
|inactive|f63 JSelCK has 30 seconds left.
|inactive|f63 JSelCK has 20 seconds left.
|
|t:|1784239771
|switch|p1b: Pelipper|Pelipper, L50, M|100/100
|-weather|RainDance|[from] ability: Drizzle|[of] p1b: Pelipper
|detailschange|p2b: AGNI|Charizard-Mega-Y, L50, M, shiny
|-mega|p2b: AGNI|Charizard|Charizardite Y
|-weather|SunnyDay|[from] ability: Drought|[of] p2b: AGNI
|move|p2a: SOFT-SLEEP|Sludge Bomb|p1a: Charizard
|-damage|p1a: Charizard|51/100 slp
|cant|p1a: Charizard|slp
|move|p2b: AGNI|Heat Wave|p1b: Pelipper|[spread] p1a,p1b
|-resisted|p1a: Charizard|1
|-resisted|p1b: Pelipper|1
|-damage|p1a: Charizard|20/100y slp
|-damage|p1b: Pelipper|56/100
|
|-weather|SunnyDay|[upkeep]
|-damage|p2b: AGNI|40/100 psn|[from] psn
|upkeep
|turn|4
|inactive|f63 JSelCK has 30 seconds left.
|inactive|f63 JSelCK has 20 seconds left.
|
|t:|1784239811
|move|p2a: SOFT-SLEEP|Sludge Bomb|p1a: Charizard
|-damage|p1a: Charizard|0 fnt
|faint|p1a: Charizard
|move|p2b: AGNI|Solar Beam||[still]
|-prepare|p2b: AGNI|Solar Beam
|-anim|p2b: AGNI|Solar Beam|p1b: Pelipper
|-damage|p1b: Pelipper|0 fnt
|faint|p1b: Pelipper
|
|-weather|SunnyDay|[upkeep]
|-damage|p2b: AGNI|28/100 psn|[from] psn
|upkeep
|
|t:|1784239817
|switch|p1a: Venusaur|Venusaur, L50, M|100/100
|switch|p1b: Basculegion|Basculegion, L50, M|100/100
|turn|5
|inactive|f63 JSelCK has 30 seconds left.
|
|t:|1784239843
|switch|p2b: GO JOHAN|Grimmsnarl, L50, M, shiny|100/100
|move|p2a: SOFT-SLEEP|Sleep Powder|p1b: Basculegion
|-status|p1b: Basculegion|slp|[from] move: Sleep Powder
|move|p1a: Venusaur|Sludge Bomb|p2b: GO JOHAN
|-supereffective|p2b: GO JOHAN|1
|-damage|p2b: GO JOHAN|42/100
|-status|p2b: GO JOHAN|psn
|cant|p1b: Basculegion|slp
|
|-weather|SunnyDay|[upkeep]
|-damage|p2b: GO JOHAN|30/100 psn|[from] psn
|upkeep
|turn|6
|
|t:|1784239861
|move|p2b: GO JOHAN|Parting Shot|p1b: Basculegion
|-unboost|p1b: Basculegion|atk|1
|-unboost|p1b: Basculegion|spa|1
|
|t:|1784239864
|switch|p2b: GHOSTWAVE|Basculegion, L50, M, shiny|100/100|[from] Parting Shot
|move|p1a: Venusaur|Sludge Bomb|p2b: GHOSTWAVE
|-resisted|p2b: GHOSTWAVE|1
|-damage|p2b: GHOSTWAVE|82/100
|move|p2a: SOFT-SLEEP|Earth Power|p1b: Basculegion
|-damage|p1b: Basculegion|68/100 slp
|-curestatus|p1b: Basculegion|slp|[msg]
|move|p1b: Basculegion|Last Respects|p2a: SOFT-SLEEP
|-damage|p2a: SOFT-SLEEP|0 fnt
|faint|p2a: SOFT-SLEEP
|
|-weather|SunnyDay|[upkeep]
|upkeep
|
|t:|1784239877
|switch|p2a: GO JOHAN|Grimmsnarl, L50, M, shiny|30/100 psn
|turn|7
|
|t:|1784239899
|move|p2a: GO JOHAN|Parting Shot|p1b: Basculegion
|-unboost|p1b: Basculegion|atk|1
|-unboost|p1b: Basculegion|spa|1
|
|t:|1784239903
|switch|p2a: AGNI|Charizard-Mega-Y, L50, M, shiny|28/100 psn|[from] Parting Shot
|move|p1a: Venusaur|Sleep Powder|p2b: GHOSTWAVE|[miss]
|-miss|p1a: Venusaur|p2b: GHOSTWAVE
|move|p2b: GHOSTWAVE|Last Respects|p1b: Basculegion
|-supereffective|p1b: Basculegion|1
|-damage|p1b: Basculegion|0 fnt
|faint|p1b: Basculegion
|
|-weather|none
|-damage|p2a: AGNI|16/100 psn|[from] psn
|upkeep
|turn|8
|c|☆lettitripppp|gg
|
|t:|1784239924
|move|p2b: GHOSTWAVE|Last Respects|p1a: Venusaur
|-damage|p1a: Venusaur|21/100
|move|p2a: AGNI|Heat Wave|p1a: Venusaur
|-supereffective|p1a: Venusaur|1
|-damage|p1a: Venusaur|0 fnt
|faint|p1a: Venusaur
|
|win|lettitripppp
|raw|f63 JSelCK's rating: 1316 → 1290(-26 for losing)
|raw|lettitripppp's rating: 1207 → 1240(+33 for winning)
|c|☆f63 JSelCK|ggs
|l| f50 NemesisVGC
|l|☆f63 JSelCK
|player|p1|
