|j|☆Monkeydes
|j|☆violetredlin
|html|Monkeydesvioletredlin    
|uhtml|bestof|Game 2 of a best-of-3
|t:|1756695041
|gametype|doubles
|player|p1|Monkeydes|101|1089
|player|p2|violetredlin|hilda-wonderlauncher|1000
|gen|9
|tier|[Gen 9] VGC 2025 Reg H (Bo3)
|rated|
|rule|Species Clause: Limit one of each Pokémon
|rule|Item Clause: Limit 1 of each item
|clearpoke
|poke|p1|Sneasler, L50, F|
|poke|p1|Dragapult, L50, M|
|poke|p1|Primarina, L50, M|
|poke|p1|Rillaboom, L50, F|
|poke|p1|Kingambit, L50, M|
|poke|p1|Magmar, L50, M|
|poke|p2|Maushold, L50|
|poke|p2|Basculegion, L50, M|
|poke|p2|Archaludon, L50, F|
|poke|p2|Pelipper, L50, F|
|poke|p2|Dragonite, L50, M|
|poke|p2|Amoonguss, L50, F|
|teampreview|4
|showteam|p1|Sneasler||FocusSash|PoisonTouch|CloseCombat,DireClaw,FakeOut,Protect|||F|||50|,,,,,Stellar]Dragapult||ChoiceBand|ClearBody|DragonDarts,TeraBlast,PhantomForce,Uturn|||M|||50|,,,,,Dragon]Primarina||ThroatSpray|LiquidVoice|HyperVoice,Moonblast,Haze,Protect|||M|||50|,,,,,Water]Rillaboom||AssaultVest|GrassySurge|WoodHammer,GrassyGlide,HighHorsepower,FakeOut|||F|||50|,,,,,Fire]Kingambit||BlackGlasses|Defiant|KowtowCleave,SuckerPunch,SwordsDance,Protect|||M|||50|,,,,,Ghost]Magmar||Eviolite|VitalSpirit|Overheat,WillOWisp,FollowMe,Protect|||M|||50|,,,,,Ghost
|showteam|p2|Maushold||WideLens|Technician|PopulationBomb,FollowMe,Taunt,BeatUp||||||50|,,,,,Ghost]Basculegion||ChoiceBand|SwiftSwim|FlipTurn,LastRespects,WaveCrash,PsychicFangs|||M|||50|,,,,,Water]Archaludon||AssaultVest|Stamina|DracoMeteor,ElectroShot,BodyPress,MeteorBeam|||F|||50|,,,,,Grass]Pelipper||FocusSash|Drizzle|Hurricane,WeatherBall,WideGuard,Tailwind|||F|||50|,,,,,Water]Dragonite||LoadedDice|InnerFocus|ExtremeSpeed,ScaleShot,TeraBlast,Protect|||M|||50|,,,,,Normal]Amoonguss||SitrusBerry|Regenerator|Spore,RagePowder,PollenPuff,Protect|||F|||50|,,,,,Water
|
|t:|1756695110
|teamsize|p1|4
|teamsize|p2|4
|start
|switch|p1a: Magmar|Magmar, L50, M|100/100
|switch|p1b: Primarina|Primarina, L50, M|100/100
|switch|p2a: Pelipper|Pelipper, L50, F|100/100
|switch|p2b: Basculegion|Basculegion, L50, M|100/100
|-weather|RainDance|[from] ability: Drizzle|[of] p2a: Pelipper
|turn|1
|
|t:|1756695139
|switch|p1a: Rillaboom|Rillaboom, L50, F|100/100
|-fieldstart|move: Grassy Terrain|[from] ability: Grassy Surge|[of] p1a: Rillaboom
|-terastallize|p1b: Primarina|Water
|move|p2a: Pelipper|Wide Guard|p2a: Pelipper
|-singleturn|p2a: Pelipper|Wide Guard
|move|p2b: Basculegion|Flip Turn|p1a: Rillaboom
|-resisted|p1a: Rillaboom
|-damage|p1a: Rillaboom|63/100
|
|t:|1756695151
|switch|p2b: Maushold|Maushold, L50|100/100|[from] Flip Turn
|move|p1b: Primarina|Hyper Voice|p2a: Pelipper|[spread] 
|-activate|p2a: Pelipper|move: Wide Guard
|-activate|p2b: Maushold|move: Wide Guard
|
|-weather|RainDance|[upkeep]
|-heal|p1a: Rillaboom|70/100|[from] Grassy Terrain
|upkeep
|turn|2
|
|t:|1756695172
|move|p1a: Rillaboom|Fake Out|p2b: Maushold
|-damage|p2b: Maushold|78/100
|cant|p2b: Maushold|flinch
|move|p2a: Pelipper|Hurricane|p1a: Rillaboom
|-supereffective|p1a: Rillaboom
|-damage|p1a: Rillaboom|0 fnt
|faint|p1a: Rillaboom
|move|p1b: Primarina|Moonblast|p2a: Pelipper
|-crit|p2a: Pelipper
|-enditem|p2a: Pelipper|Focus Sash
|-damage|p2a: Pelipper|1/100
|
|-weather|RainDance|[upkeep]
|-heal|p2b: Maushold|84/100|[from] Grassy Terrain
|upkeep
|
|t:|1756695195
|switch|p1a: Sit|Kingambit, L50, M|100/100
|turn|3
|
|t:|1756695206
|switch|p2a: Amoonguss|Amoonguss, L50, F|100/100
|move|p1a: Sit|Sucker Punch||[still]
|-fail|p1a: Sit
|move|p2b: Maushold|Population Bomb|p1b: Primarina
|-damage|p1b: Primarina|87/100
|-damage|p1b: Primarina|74/100
|-damage|p1b: Primarina|60/100
|-damage|p1b: Primarina|48/100
|-damage|p1b: Primarina|35/100
|-damage|p1b: Primarina|23/100
|-damage|p1b: Primarina|11/100
|-damage|p1b: Primarina|0 fnt
|faint|p1b: Primarina
|-hitcount|p1: Primarina|8
|
|-weather|RainDance|[upkeep]
|-heal|p2b: Maushold|90/100|[from] Grassy Terrain
|upkeep
|
|t:|1756695225
|switch|p1b: Magmar|Magmar, L50, M|100/100
|turn|4
|
|t:|1756695238
|move|p1b: Magmar|Follow Me|p1b: Magmar
|-singleturn|p1b: Magmar|move: Follow Me
|move|p2b: Maushold|Taunt|p1b: Magmar
|-start|p1b: Magmar|move: Taunt
|move|p1a: Sit|Swords Dance|p1a: Sit
|-boost|p1a: Sit|atk|2
|move|p2a: Amoonguss|Spore|p1b: Magmar
|-immune|p1b: Magmar|[from] ability: Vital Spirit
|
|-weather|RainDance|[upkeep]
|-heal|p2b: Maushold|96/100|[from] Grassy Terrain
|upkeep
|turn|5
|
|t:|1756695266
|move|p2b: Maushold|Population Bomb|p1a: Sit
|-resisted|p1a: Sit
|-damage|p1a: Sit|96/100
|-resisted|p1a: Sit
|-damage|p1a: Sit|91/100
|-resisted|p1a: Sit
|-damage|p1a: Sit|87/100
|-resisted|p1a: Sit
|-damage|p1a: Sit|82/100
|-resisted|p1a: Sit
|-damage|p1a: Sit|78/100
|-resisted|p1a: Sit
|-damage|p1a: Sit|74/100
|-resisted|p1a: Sit
|-damage|p1a: Sit|70/100
|-resisted|p1a: Sit
|-damage|p1a: Sit|65/100
|-resisted|p1a: Sit
|-damage|p1a: Sit|61/100
|-resisted|p1a: Sit
|-damage|p1a: Sit|57/100
|-hitcount|p1a: Sit|10
|move|p1b: Magmar|Overheat|p2a: Amoonguss
|-supereffective|p2a: Amoonguss
|-damage|p2a: Amoonguss|68/100
|-unboost|p1b: Magmar|spa|2
|move|p1a: Sit|Kowtow Cleave|p2a: Amoonguss
|-damage|p2a: Amoonguss|0 fnt
|faint|p2a: Amoonguss
|
|-weather|none
|-heal|p2b: Maushold|100/100|[from] Grassy Terrain
|-heal|p1a: Sit|63/100|[from] Grassy Terrain
|-fieldend|move: Grassy Terrain
|upkeep
|
|t:|1756695292
|switch|p2a: Basculegion|Basculegion, L50, M|100/100
|turn|6
|
|t:|1756695318
|-terastallize|p2a: Basculegion|Water
|move|p2b: Maushold|Follow Me|p2b: Maushold
|-singleturn|p2b: Maushold|move: Follow Me
|move|p1a: Sit|Sucker Punch||[still]
|-fail|p1a: Sit
|move|p2a: Basculegion|Flip Turn|p1a: Sit
|-damage|p1a: Sit|13/100
|
|t:|1756695327
|switch|p2a: Pelipper|Pelipper, L50, F|1/100|[from] Flip Turn
|-weather|RainDance|[from] ability: Drizzle|[of] p2a: Pelipper
|move|p1b: Magmar|Overheat|p2b: Maushold
|-damage|p2b: Maushold|82/100
|-unboost|p1b: Magmar|spa|2
|
|-weather|RainDance|[upkeep]
|upkeep
|turn|7
|-message|Monkeydes forfeited.
|
|win|violetredlin
|raw|Monkeydes's rating: 1089 → 1060(-29 for losing)
|raw|violetredlin's rating: 1000 → 1050(+50 for winning)
|l|☆Monkeydes
|player|p1|
