|j|☆sky yeh
|j|☆Roselia Sayo
|html|sky yehRoselia Sayo    
|uhtml|bestof|Game 3 of a best-of-3
|t:|1785339901
|gametype|doubles
|player|p1|sky yeh|lucas|
|player|p2|Roselia Sayo|bellelba|
|gen|9
|tier|[Gen 9 Champions] VGC 2026 Reg M-B (Bo3)
|rule|Species Clause: Limit one of each Pokémon
|rule|Item Clause: Limit 1 of each item
|clearpoke
|poke|p1|Staraptor, L50, M, shiny|
|poke|p1|Charizard, L50, M, shiny|
|poke|p1|Garchomp, L50, M, shiny|
|poke|p1|Gholdengo, L50|
|poke|p1|Whimsicott, L50, F, shiny|
|poke|p1|Rotom-Wash, L50|
|poke|p2|Venusaur, L50, F|
|poke|p2|Froslass, L50, F|
|poke|p2|Pelipper, L50, M|
|poke|p2|Basculegion, L50, M|
|poke|p2|Grimmsnarl, L50, M|
|poke|p2|Archaludon, L50, M|
|teampreview|4
|showteam|p1|Staraptor||Staraptite|Intimidate|CloseCombat,DualWingbeat,Roost,Protect|Jolly||M|||50|]Charizard||CharizarditeY|Blaze|WeatherBall,HeatWave,SolarBeam,Protect|Modest||M|||50|]Garchomp||LifeOrb|RoughSkin|Earthquake,DragonClaw,RockSlide,Protect|Jolly||M|||50|]Gholdengo||SpellTag|GoodasGold|MakeItRain,ShadowBall,NastyPlot,Protect|Modest|||||50|]Whimsicott||FocusSash|Prankster|Moonblast,Charm,Tailwind,Protect|Timid||F|||50|]Rotom-Wash||ChoiceScarf|Levitate|HydroPump,VoltSwitch,Electroweb,WillOWisp|Timid|||||50|
|showteam|p2|Venusaur||Venusaurite|Chlorophyll|GigaDrain,SludgeBomb,EarthPower,Protect|Modest||F|||50|]Froslass||Froslassite|CursedBody|Blizzard,ShadowBall,RainDance,Protect|Timid||F|||50|]Pelipper||ChoiceScarf|Drizzle|WeatherBall,Hurricane,Soak,RainDance|Timid||M|||50|]Basculegion||FocusSash|Adaptability|LastRespects,Liquidation,AquaJet,Protect|Jolly||M|||50|]Grimmsnarl||LightClay|Prankster|SpiritBreak,Reflect,LightScreen,PartingShot|Careful||M|||50|]Archaludon||Leftovers|Stamina|DragonPulse,FlashCannon,ElectroShot,Protect|Modest||M|||50|
|j| Aurorascepter
|j| BenBen84
|j| Phoenix Burner
|j| charnizardnomiss
|
|t:|1785339974
|teamsize|p1|4
|teamsize|p2|4
|start
|switch|p1a: Rotom|Rotom-Wash, L50|100/100
|switch|p1b: Gholdengo|Gholdengo, L50|100/100
|switch|p2a: Venusaur|Venusaur, L50, F|100/100
|switch|p2b: Pelipper|Pelipper, L50, M|100/100
|-weather|RainDance|[from] ability: Drizzle|[of] p2b: Pelipper
|turn|1
|j| Manimo_1126
|j| Edward0516
|
|t:|1785340028
|switch|p2b: Archaludon|Archaludon, L50, M|100/100
|switch|p1b: Charizard|Charizard, L50, M, shiny|100/100
|detailschange|p2a: Venusaur|Venusaur-Mega, L50, F
|-mega|p2a: Venusaur|Venusaur|Venusaurite
|move|p1a: Rotom|Volt Switch|p2b: Archaludon
|-resisted|p2b: Archaludon|1
|-damage|p2b: Archaludon|86/100
|-ability|p2b: Archaludon|Stamina|boost
|-boost|p2b: Archaludon|def|1
|
|t:|1785340044
|switch|p1a: Gholdengo|Gholdengo, L50|100/100|[from] Volt Switch
|move|p2a: Venusaur|Earth Power|p1b: Charizard
|-immune|p1b: Charizard
|
|-weather|RainDance|[upkeep]
|-heal|p2b: Archaludon|92/100|[from] item: Leftovers
|upkeep
|turn|2
|
|t:|1785340077
|switch|p1a: Rotom|Rotom-Wash, L50|100/100
|detailschange|p1b: Charizard|Charizard-Mega-Y, L50, M, shiny
|-mega|p1b: Charizard|Charizard|Charizardite Y
|-weather|SunnyDay|[from] ability: Drought|[of] p1b: Charizard
|move|p1b: Charizard|Heat Wave|p2a: Venusaur|[spread] p2a,p2b
|-supereffective|p2a: Venusaur|1
|-damage|p2a: Venusaur|45/100
|-damage|p2b: Archaludon|38/100
|-ability|p2b: Archaludon|Stamina|boost
|-boost|p2b: Archaludon|def|1
|move|p2a: Venusaur|Sludge Bomb|p1b: Charizard
|-damage|p1b: Charizard|54/100
|move|p2b: Archaludon|Dragon Pulse|p1b: Charizard
|-damage|p1b: Charizard|21/100
|
|-weather|SunnyDay|[upkeep]
|-heal|p2b: Archaludon|44/100|[from] item: Leftovers
|upkeep
|turn|3
|
|t:|1785340169
|switch|p2b: Pelipper|Pelipper, L50, M|100/100
|-weather|RainDance|[from] ability: Drizzle|[of] p2b: Pelipper
|move|p1b: Charizard|Protect|p1b: Charizard
|-singleturn|p1b: Charizard|Protect
|move|p1a: Rotom|Electroweb|p2b: Pelipper|[spread] p2a,p2b
|-resisted|p2a: Venusaur|1
|-supereffective|p2b: Pelipper|2
|-damage|p2a: Venusaur|38/100
|-damage|p2b: Pelipper|0 fnt
|-unboost|p2a: Venusaur|spe|1
|faint|p2b: Pelipper
|move|p2a: Venusaur|Sludge Bomb|p1a: Rotom
|-damage|p1a: Rotom|45/100
|
|-weather|RainDance|[upkeep]
|upkeep
|
|t:|1785340185
|switch|p2b: Archaludon|Archaludon, L50, M|44/100
|turn|4
|
|t:|1785340206
|switch|p1b: Whimsicott|Whimsicott, L50, F, shiny|100/100
|move|p1a: Rotom|Electroweb|p2a: Venusaur|[spread] p2a,p2b
|-resisted|p2a: Venusaur|1
|-resisted|p2b: Archaludon|1
|-damage|p2a: Venusaur|31/100
|-damage|p2b: Archaludon|36/100
|-unboost|p2a: Venusaur|spe|1
|-unboost|p2b: Archaludon|spe|1
|-ability|p2b: Archaludon|Stamina|boost
|-boost|p2b: Archaludon|def|1
|move|p2b: Archaludon|Electro Shot||[still]
|-prepare|p2b: Archaludon|Electro Shot
|-boost|p2b: Archaludon|spa|1
|-anim|p2b: Archaludon|Electro Shot|p1b: Whimsicott
|-resisted|p1b: Whimsicott|1
|-damage|p1b: Whimsicott|48/100
|move|p2a: Venusaur|Giga Drain|p1a: Rotom
|-supereffective|p1a: Rotom|1
|-damage|p1a: Rotom|0 fnt
|-heal|p2a: Venusaur|50/100g|[from] drain|[of] p1a: Rotom
|faint|p1a: Rotom
|
|-weather|RainDance|[upkeep]
|-heal|p2b: Archaludon|42/100|[from] item: Leftovers
|upkeep
|
|t:|1785340239
|switch|p1a: Charizard|Charizard-Mega-Y, L50, M, shiny|21/100
|-weather|SunnyDay|[from] ability: Drought|[of] p1a: Charizard
|turn|5
|
|t:|1785340263
|move|p2a: Venusaur|Protect|p2a: Venusaur
|-singleturn|p2a: Venusaur|Protect
|move|p1b: Whimsicott|Moonblast|p2b: Archaludon
|-damage|p2b: Archaludon|6/100
|-ability|p2b: Archaludon|Stamina|boost
|-boost|p2b: Archaludon|def|1
|move|p1a: Charizard|Heat Wave|p2b: Archaludon|[spread] p2b
|-activate|p2a: Venusaur|move: Protect
|-damage|p2b: Archaludon|0 fnt
|faint|p2b: Archaludon
|
|-weather|SunnyDay|[upkeep]
|upkeep
|
|t:|1785340270
|switch|p2b: Basculegion|Basculegion, L50, M|100/100
|turn|6
|
|t:|1785340284
|move|p1b: Whimsicott|Charm|p2b: Basculegion
|-unboost|p2b: Basculegion|atk|2
|move|p1a: Charizard|Heat Wave|p2b: Basculegion|[spread] p2a,p2b
|-supereffective|p2a: Venusaur|1
|-resisted|p2b: Basculegion|1
|-damage|p2a: Venusaur|0 fnt
|-damage|p2b: Basculegion|68/100
|faint|p2a: Venusaur
|move|p2b: Basculegion|Last Respects|p1b: Whimsicott
|-damage|p1b: Whimsicott|0 fnt
|faint|p1b: Whimsicott
|
|-weather|SunnyDay|[upkeep]
|upkeep
|
|t:|1785340289
|switch|p1b: Gholdengo|Gholdengo, L50|100/100
|turn|7
|-message|Roselia Sayo forfeited.
|
|win|sky yeh
|c|☆Roselia Sayo|謝謝指教
|l| charnizardnomiss
|c| Edward0516|🛐
|l| Edward0516
|l|☆Roselia Sayo
|player|p2|
|l| Manimo_1126
|l| Phoenix Burner
|l| BenBen84
|l|☆sky yeh
|player|p1|
