|j|☆ultraclaw1
|j|☆new mental
|html|ultraclaw1new mental    
|uhtml|bestof|Game 2 of a best-of-3
|t:|1786105279
|gametype|doubles
|player|p1|ultraclaw1|brycenman|1398
|player|p2|new mental|volkner|1270
|gen|9
|tier|[Gen 9 Champions] VGC 2026 Reg M-B (Bo3)
|rated|
|rule|Species Clause: Limit one of each Pokémon
|rule|Item Clause: Limit 1 of each item
|clearpoke
|poke|p1|Maushold, L50|
|poke|p1|Kingambit, L50, F|
|poke|p1|Garchomp, L50, F|
|poke|p1|Basculegion, L50, M|
|poke|p1|Talonflame, L50, F|
|poke|p1|Floette-Eternal, L50, F|
|poke|p2|Charizard, L50, M|
|poke|p2|Garchomp, L50, M|
|poke|p2|Incineroar, L50, F|
|poke|p2|Venusaur, L50, F|
|poke|p2|Toxapex, L50, F|
|poke|p2|Sylveon, L50, F|
|teampreview|4
|showteam|p1|Maushold||FocusSash|FriendGuard|SuperFang,Taunt,FollowMe,Protect|Timid|||||50|]Kingambit||ChopleBerry|Defiant|KowtowCleave,SuckerPunch,LowKick,IronHead|Adamant||F|||50|]Garchomp||LifeOrb|RoughSkin|RockSlide,Earthquake,DragonClaw,Protect|Jolly||F|||50|]Basculegion||MysticWater|Adaptability|WaveCrash,LastRespects,AquaJet,Protect|Adamant||M|||50|]Talonflame||SharpBeak|GaleWings|QuickGuard,DualWingbeat,Tailwind,Protect|Jolly||F|||50|]Floette-Eternal||Floettite|FlowerVeil|LightofRuin,Protect,Moonblast,DazzlingGleam|Modest||F|||50|
|showteam|p2|Charizard||CharizarditeY|Blaze|WeatherBall,HeatWave,AncientPower,Protect|Modest||M|||50|]Garchomp||ChoiceScarf|RoughSkin|RockSlide,DragonClaw,Earthquake,StompingTantrum|Adamant||M|||50|]Incineroar||SitrusBerry|Intimidate|FlareBlitz,FakeOut,DarkestLariat,PartingShot|Impish||F|||50|]Venusaur||LifeOrb|Chlorophyll|SludgeBomb,LeafStorm,EarthPower,Protect|Modest||F|||50|]Toxapex||Leftovers|Regenerator|Infestation,Toxic,WideGuard,BanefulBunker|Bold||F|||50|]Sylveon||FairyFeather|Pixilate|HyperVoice,QuickAttack,Yawn,Detect|Modest||F|||50|
|inactive|Battle timer is ON: inactive players will automatically lose when time's up. (requested by ultraclaw1)
|inactive|new mental has 60 seconds left.
|
|t:|1786105314
|teamsize|p1|4
|teamsize|p2|4
|start
|switch|p1a: Floette|Floette-Eternal, L50, F|100/100
|switch|p1b: Garchomp|Garchomp, L50, F|100/100
|switch|p2a: Charizard|Charizard, L50, M|100/100
|switch|p2b: Toxapex|Toxapex, L50, F|100/100
|turn|1
|
|t:|1786105328
|detailschange|p2a: Charizard|Charizard-Mega-Y, L50, M
|-mega|p2a: Charizard|Charizard|Charizardite Y
|-weather|SunnyDay|[from] ability: Drought|[of] p2a: Charizard
|move|p1b: Garchomp|Protect|p1b: Garchomp
|-singleturn|p1b: Garchomp|Protect
|move|p1a: Floette|Protect|p1a: Floette
|-singleturn|p1a: Floette|Protect
|move|p2b: Toxapex|Wide Guard|p2b: Toxapex
|-singleturn|p2b: Toxapex|Wide Guard
|move|p2a: Charizard|Heat Wave|p1b: Garchomp|[spread] 
|-activate|p1a: Floette|move: Protect
|-activate|p1b: Garchomp|move: Protect
|
|-weather|SunnyDay|[upkeep]
|upkeep
|turn|2
|
|t:|1786105336
|detailschange|p1a: Floette|Floette-Mega, L50, F
|-mega|p1a: Floette|Floette|Floettite
|-ability|p1a: Floette|Fairy Aura
|move|p2b: Toxapex|Wide Guard|p2b: Toxapex
|-singleturn|p2b: Toxapex|Wide Guard
|move|p1b: Garchomp|Dragon Claw|p2a: Charizard
|-damage|p2a: Charizard|39/100
|-damage|p1b: Garchomp|90/100|[from] item: Life Orb
|move|p1a: Floette|Moonblast|p2a: Charizard
|-resisted|p2a: Charizard|1
|-damage|p2a: Charizard|0 fnt
|faint|p2a: Charizard
|
|-weather|SunnyDay|[upkeep]
|upkeep
|
|t:|1786105340
|switch|p2a: Sylveon|Sylveon, L50, F|100/100
|turn|3
|
|t:|1786105349
|move|p1b: Garchomp|Protect|p1b: Garchomp
|-singleturn|p1b: Garchomp|Protect
|move|p1a: Floette|Protect|p1a: Floette
|-singleturn|p1a: Floette|Protect
|move|p2b: Toxapex|Wide Guard|p2b: Toxapex
|-singleturn|p2b: Toxapex|Wide Guard
|move|p2a: Sylveon|Hyper Voice|p1a: Floette|[spread] 
|-activate|p1a: Floette|move: Protect
|-activate|p1b: Garchomp|move: Protect
|
|-weather|SunnyDay|[upkeep]
|upkeep
|turn|4
|
|t:|1786105354
|switch|p1b: Talonflame|Talonflame, L50, F|100/100
|move|p1a: Floette|Moonblast|p2a: Sylveon
|-damage|p2a: Sylveon|42/100
|move|p2a: Sylveon|Hyper Voice|p1a: Floette|[spread] p1a,p1b
|-resisted|p1b: Talonflame|1
|-damage|p1a: Floette|55/100
|-damage|p1b: Talonflame|53/100
|move|p2b: Toxapex|Toxic|p1a: Floette
|-status|p1a: Floette|tox
|
|-weather|SunnyDay|[upkeep]
|-damage|p1a: Floette|49/100 tox|[from] psn
|upkeep
|turn|5
|
|t:|1786105367
|move|p2a: Sylveon|Detect|p2a: Sylveon
|-singleturn|p2a: Sylveon|Protect
|move|p1b: Talonflame|Tailwind|p1b: Talonflame
|-sidestart|p1: ultraclaw1|move: Tailwind
|move|p1a: Floette|Moonblast|p2a: Sylveon
|-activate|p2a: Sylveon|move: Protect
|move|p2b: Toxapex|Toxic|p1b: Talonflame
|-status|p1b: Talonflame|tox
|
|-weather|none
|-damage|p1b: Talonflame|47/100 tox|[from] psn
|-damage|p1a: Floette|38/100 tox|[from] psn
|upkeep
|turn|6
|
|t:|1786105383
|switch|p2a: Venusaur|Venusaur, L50, F|100/100
|move|p1b: Talonflame|Dual Wingbeat|p2a: Venusaur
|-supereffective|p2a: Venusaur|1
|-damage|p2a: Venusaur|50/100g
|-supereffective|p2a: Venusaur|1
|-damage|p2a: Venusaur|4/100
|-hitcount|p2a: Venusaur|2
|move|p1a: Floette|Light of Ruin|p2b: Toxapex
|-resisted|p2b: Toxapex|1
|-damage|p2b: Toxapex|55/100
|-damage|p1a: Floette|15/100 tox|[from] Recoil
|move|p2b: Toxapex|Infestation|p1b: Talonflame
|-resisted|p1b: Talonflame|2
|-damage|p1b: Talonflame|46/100 tox
|-activate|p1b: Talonflame|move: Infestation|[of] p2b: Toxapex
|
|-heal|p2b: Toxapex|61/100|[from] item: Leftovers
|-damage|p1b: Talonflame|34/100 tox|[from] psn
|-damage|p1a: Floette|0 fnt|[from] psn
|faint|p1a: Floette
|-damage|p1b: Talonflame|22/100 tox|[from] move: Infestation|[partiallytrapped]
|upkeep
|
|t:|1786105390
|switch|p1a: Basculegion|Basculegion, L50, M|100/100
|turn|7
|
|t:|1786105394
|move|p2a: Venusaur|Protect|p2a: Venusaur
|-singleturn|p2a: Venusaur|Protect
|move|p1b: Talonflame|Dual Wingbeat|p2a: Venusaur
|-activate|p2a: Venusaur|move: Protect
|move|p1a: Basculegion|Last Respects|p2b: Toxapex
|-damage|p2b: Toxapex|20/100y
|move|p2b: Toxapex|Toxic|p1a: Basculegion
|-status|p1a: Basculegion|tox
|
|-heal|p2b: Toxapex|26/100|[from] item: Leftovers
|-damage|p1b: Talonflame|5/100 tox|[from] psn
|-damage|p1a: Basculegion|93/100 tox|[from] psn
|-damage|p1b: Talonflame|0 fnt|[from] move: Infestation|[partiallytrapped]
|faint|p1b: Talonflame
|upkeep
|
|t:|1786105397
|switch|p1b: Garchomp|Garchomp, L50, F|90/100
|turn|8
|
|t:|1786105405
|switch|p2a: Sylveon|Sylveon, L50, F|42/100
|move|p2b: Toxapex|Baneful Bunker|p2b: Toxapex
|-singleturn|p2b: Toxapex|move: Protect
|move|p1b: Garchomp|Dragon Claw|p2b: Toxapex
|-activate|p2b: Toxapex|move: Protect
|-status|p1b: Garchomp|psn
|move|p1a: Basculegion|Last Respects|p2a: Sylveon
|-damage|p2a: Sylveon|0 fnt
|faint|p2a: Sylveon
|
|-heal|p2b: Toxapex|31/100|[from] item: Leftovers
|-damage|p1b: Garchomp|78/100 psn|[from] psn
|-damage|p1a: Basculegion|81/100 tox|[from] psn
|-sideend|p1: ultraclaw1|move: Tailwind
|upkeep
|
|t:|1786105409
|switch|p2a: Venusaur|Venusaur, L50, F|4/100
|turn|9
|
|t:|1786105421
|move|p2b: Toxapex|Wide Guard|p2b: Toxapex
|-singleturn|p2b: Toxapex|Wide Guard
|move|p1b: Garchomp|Dragon Claw|p2a: Venusaur
|-damage|p2a: Venusaur|0 fnt
|faint|p2a: Venusaur
|-damage|p1b: Garchomp|68/100 psn|[from] item: Life Orb
|move|p1a: Basculegion|Last Respects|p2b: Toxapex
|-damage|p2b: Toxapex|0 fnt
|faint|p2b: Toxapex
|
|win|ultraclaw1
