|j|☆efwefwefwefweifier
|j|☆LukAtThemSkillz
|html|efwefwefwefweifierLukAtThemSkillz    
|uhtml|bestof|Game 2 of a best-of-3
|t:|1757151556
|gametype|doubles
|player|p1|efwefwefwefweifier|juan|1170
|player|p2|LukAtThemSkillz|lucian|1060
|gen|9
|tier|[Gen 9] VGC 2025 Reg H (Bo3)
|rated|
|rule|Species Clause: Limit one of each Pokémon
|rule|Item Clause: Limit 1 of each item
|clearpoke
|poke|p1|Maushold-Four, L50|
|poke|p1|Rillaboom, L50, F|
|poke|p1|Ursaluna-Bloodmoon, L50, M|
|poke|p1|Annihilape, L50, M|
|poke|p1|Ninetales-Alola, L50, F|
|poke|p1|Talonflame, L50, F|
|poke|p2|Sneasler, L50, M|
|poke|p2|Ursaluna-Bloodmoon, L50, M|
|poke|p2|Dragonite, L50, F|
|poke|p2|Gholdengo, L50|
|poke|p2|Amoonguss, L50, F|
|poke|p2|Incineroar, L50, M|
|teampreview|4
|showteam|p1|Maushold-Four||SafetyGoggles|FriendGuard|FollowMe,BeatUp,SuperFang,Protect||||||50|,,,,,Ghost]Rillaboom||AssaultVest|GrassySurge|WoodHammer,GrassyGlide,Uturn,FakeOut|||F|||50|,,,,,Fire]Ursaluna-Bloodmoon||LifeOrb|MindsEye|BloodMoon,HyperVoice,EarthPower,Protect|||M|||50|,,,,,Normal]Annihilape||Leftovers|Defiant|DrainPunch,RageFist,BulkUp,Protect|||M|||50|,,,,,Fire]Ninetales-Alola||LightClay|SnowWarning|Blizzard,Encore,Moonblast,AuroraVeil|||F|||50|,,,,,Water]Talonflame||CovertCloak|GaleWings|BraveBird,Tailwind,WillOWisp,Taunt|||F|||50|,,,,,Dark
|showteam|p2|Sneasler||FocusSash|Unburden|CloseCombat,DireClaw,ThroatChop,Protect|||M|||50|,,,,,Stellar]Ursaluna-Bloodmoon||AssaultVest|MindsEye|HyperVoice,BloodMoon,EarthPower,VacuumWave|||M|||50|,,,,,Water]Dragonite||LoadedDice|Multiscale|ScaleShot,Tailwind,Haze,Protect|||F|||50|,,,,,Fairy]Gholdengo||LifeOrb|GoodasGold|MakeItRain,ShadowBall,NastyPlot,Protect||||||50|,,,,,Water]Amoonguss||SitrusBerry|Regenerator|Spore,RagePowder,PollenPuff,Protect|||F|||50|,,,,,Psychic]Incineroar||SafetyGoggles|Intimidate|FlareBlitz,KnockOff,PartingShot,FakeOut|||M|||50|,,,,,Ghost
|inactive|Battle timer is ON: inactive players will automatically lose when time's up. (requested by efwefwefwefweifier)
|inactive|efwefwefwefweifier has 60 seconds left.
|
|t:|1757151598
|teamsize|p1|4
|teamsize|p2|4
|start
|switch|p1a: Annihilape|Annihilape, L50, M, shiny|100/100
|switch|p1b: Talonflame|Talonflame, L50, F|100/100
|switch|p2a: Ursaluna|Ursaluna-Bloodmoon, L50, M|100/100
|switch|p2b: Amoonguss|Amoonguss, L50, F|100/100
|turn|1
|inactive|LukAtThemSkillz has 30 seconds left.
|inactive|LukAtThemSkillz has 20 seconds left.
|inactive|LukAtThemSkillz has 15 seconds left.
|inactive|LukAtThemSkillz has 10 seconds left.
|
|t:|1757151645
|switch|p2b: Sneasler|Sneasler, L50, M|100/100
|move|p1b: Talonflame|Taunt|p2b: Sneasler
|-start|p2b: Sneasler|move: Taunt
|move|p1a: Annihilape|Bulk Up|p1a: Annihilape
|-boost|p1a: Annihilape|atk|1
|-boost|p1a: Annihilape|def|1
|move|p2a: Ursaluna|Blood Moon|p1b: Talonflame
|-damage|p1b: Talonflame|0 fnt
|faint|p1b: Talonflame
|
|upkeep
|
|t:|1757151662
|switch|p1b: Ninetales|Ninetales-Alola, L50, F, shiny|100/100
|-weather|Snowscape|[from] ability: Snow Warning|[of] p1b: Ninetales
|turn|2
|
|t:|1757151680
|-terastallize|p2a: Ursaluna|Water
|move|p2b: Sneasler|Dire Claw|p1b: Ninetales
|-supereffective|p1b: Ninetales
|-damage|p1b: Ninetales|32/100
|move|p1b: Ninetales|Aurora Veil|p1b: Ninetales
|-sidestart|p1: efwefwefwefweifier|move: Aurora Veil
|move|p1a: Annihilape|Drain Punch|p2a: Ursaluna
|-damage|p2a: Ursaluna|68/100
|move|p2a: Ursaluna|Hyper Voice|p1a: Annihilape|[spread] p1a,p1b
|-damage|p1a: Annihilape|80/100
|-damage|p1b: Ninetales|6/100
|
|-weather|Snowscape|[upkeep]
|-heal|p1a: Annihilape|86/100|[from] item: Leftovers
|upkeep
|turn|3
|
|t:|1757151701
|move|p2b: Sneasler|Dire Claw|p1b: Ninetales
|-supereffective|p1b: Ninetales
|-damage|p1b: Ninetales|0 fnt
|faint|p1b: Ninetales
|move|p1a: Annihilape|Rage Fist|p2a: Ursaluna
|-damage|p2a: Ursaluna|23/100
|move|p2a: Ursaluna|Blood Moon|p1a: Annihilape
|-damage|p1a: Annihilape|42/100
|
|-weather|Snowscape|[upkeep]
|-heal|p1a: Annihilape|48/100|[from] item: Leftovers
|-end|p2b: Sneasler|move: Taunt
|upkeep
|
|t:|1757151704
|switch|p1b: Ursaluna|Ursaluna-Bloodmoon, L50, M|100/100
|turn|4
|inactive|LukAtThemSkillz has 30 seconds left.
|
|t:|1757151736
|-terastallize|p1b: Ursaluna|Normal
|move|p2b: Sneasler|Protect|p2b: Sneasler
|-singleturn|p2b: Sneasler|Protect
|move|p1a: Annihilape|Drain Punch|p2b: Sneasler
|-activate|p2b: Sneasler|move: Protect
|move|p1b: Ursaluna|Hyper Voice|p2b: Sneasler|[spread] p2a
|-activate|p2b: Sneasler|move: Protect
|-damage|p2a: Ursaluna|0 fnt
|faint|p2a: Ursaluna
|-damage|p1b: Ursaluna|91/100|[from] item: Life Orb
|
|-weather|Snowscape|[upkeep]
|-heal|p1a: Annihilape|55/100|[from] item: Leftovers
|upkeep
|
|t:|1757151758
|switch|p2a: Gholdengo|Gholdengo, L50|100/100
|turn|5
|
|t:|1757151768
|move|p2b: Sneasler|Close Combat|p1b: Ursaluna
|-supereffective|p1b: Ursaluna
|-damage|p1b: Ursaluna|23/100
|-unboost|p2b: Sneasler|def|1
|-unboost|p2b: Sneasler|spd|1
|move|p2a: Gholdengo|Make It Rain|p1a: Annihilape|[spread] p1a,p1b
|-damage|p1a: Annihilape|23/100
|-damage|p1b: Ursaluna|0 fnt
|-unboost|p2a: Gholdengo|spa|1
|faint|p1b: Ursaluna
|-damage|p2a: Gholdengo|91/100|[from] item: Life Orb
|move|p1a: Annihilape|Rage Fist|p2a: Gholdengo
|-supereffective|p2a: Gholdengo
|-damage|p2a: Gholdengo|0 fnt
|faint|p2a: Gholdengo
|
|-weather|Snowscape|[upkeep]
|-heal|p1a: Annihilape|29/100|[from] item: Leftovers
|upkeep
|
|t:|1757151786
|switch|p2a: Amoonguss|Amoonguss, L50, F|100/100
|turn|6
|inactive|LukAtThemSkillz has 30 seconds left.
|
|t:|1757151816
|move|p2b: Sneasler|Throat Chop|p1a: Annihilape
|-damage|p1a: Annihilape|16/100
|-start|p1a: Annihilape|Throat Chop|[silent]
|move|p1a: Annihilape|Rage Fist|p2a: Amoonguss
|-damage|p2a: Amoonguss|0 fnt
|faint|p2a: Amoonguss
|
|-weather|none
|-heal|p1a: Annihilape|23/100|[from] item: Leftovers
|upkeep
|turn|7
|
|t:|1757151832
|move|p2b: Sneasler|Dire Claw|p1a: Annihilape
|-resisted|p1a: Annihilape
|-damage|p1a: Annihilape|12/100
|-status|p1a: Annihilape|psn
|move|p1a: Annihilape|Drain Punch|p2b: Sneasler
|-resisted|p2b: Sneasler
|-damage|p2b: Sneasler|36/100
|-heal|p1a: Annihilape|38/100 psn|[from] drain|[of] p2b: Sneasler
|
|-heal|p1a: Annihilape|44/100 psn|[from] item: Leftovers
|-damage|p1a: Annihilape|31/100 psn|[from] psn
|-end|p1a: Annihilape|Throat Chop|[silent]
|upkeep
|turn|8
|
|t:|1757151844
|move|p2b: Sneasler|Protect|p2b: Sneasler
|-singleturn|p2b: Sneasler|Protect
|move|p1a: Annihilape|Drain Punch|p2b: Sneasler
|-activate|p2b: Sneasler|move: Protect
|
|-heal|p1a: Annihilape|38/100 psn|[from] item: Leftovers
|-damage|p1a: Annihilape|25/100 psn|[from] psn
|upkeep
|turn|9
|inactive|LukAtThemSkillz has 30 seconds left.
|
|t:|1757151871
|move|p2b: Sneasler|Protect||[still]
|-fail|p2b: Sneasler
|move|p1a: Annihilape|Drain Punch|p2b: Sneasler
|-resisted|p2b: Sneasler
|-damage|p2b: Sneasler|0 fnt
|-heal|p1a: Annihilape|40/100 psn|[from] drain|[of] p2b: Sneasler
|faint|p2b: Sneasler
|
|win|efwefwefwefweifier
|raw|efwefwefwefweifier's rating: 1170 → 1187(+17 for winning)
|raw|LukAtThemSkillz's rating: 1060 → 1047(-13 for losing)
