|j|☆Leafeon Main?
|j|☆kirbyhat5
|html|Leafeon Main?kirbyhat5    
|uhtml|bestof|Game 1 of a best-of-3
|t:|1783025871
|gametype|doubles
|player|p1|Leafeon Main?|cheryl|
|player|p2|kirbyhat5|unknown|
|gen|9
|tier|[Gen 9 Champions] VGC 2026 Reg M-B (Bo3)
|rule|Species Clause: Limit one of each Pokémon
|rule|Item Clause: Limit 1 of each item
|raw|1 custom rule: !Force Open Team Sheets
|clearpoke
|poke|p1|Politoed, L50, M|
|poke|p1|Blastoise, L50, M|
|poke|p1|Jolteon, L50, F|
|poke|p1|Whimsicott, L50, F|
|poke|p1|Absol, L50, F|
|poke|p1|Gengar, L50, M|
|poke|p2|Garchomp, L50, F|
|poke|p2|Talonflame, L50, M|
|poke|p2|Empoleon, L50, M|
|poke|p2|Meowscarada, L50, M|
|poke|p2|Gardevoir, L50, M|
|poke|p2|Delphox, L50, F|
|teampreview|4
|j| YungSmokey
|c| YungSmokey|hello hello
|c|☆Leafeon Main?|hello!
|c|☆kirbyhat5|hi ya!
|c|☆kirbyhat5|Thanks for accomidating my crazy schedule
|
|t:|1783025927
|teamsize|p1|4
|teamsize|p2|4
|start
|switch|p1a: Rogue|Whimsicott, L50, F|100/100
|switch|p1b: Warlock|Absol, L50, F|100/100
|switch|p2a: Gardevoir|Gardevoir, L50, M|100/100
|switch|p2b: Meowscarada|Meowscarada, L50, M|100/100
|turn|1
|
|t:|1783025957
|detailschange|p1b: Warlock|Absol-Mega, L50, F
|-mega|p1b: Warlock|Absol|Absolite
|move|p1a: Rogue|Tailwind|p1a: Rogue
|-sidestart|p1: Leafeon Main?|move: Tailwind
|move|p1b: Warlock|Shadow Claw|p2a: Gardevoir
|-supereffective|p2a: Gardevoir|1
|-damage|p2a: Gardevoir|5/100
|move|p2a: Gardevoir|Moonblast|p1b: Warlock
|-supereffective|p1b: Warlock|1
|-damage|p1b: Warlock|0 fnt
|faint|p1b: Warlock
|move|p2b: Meowscarada|U-turn|p1a: Rogue
|-start|p2b: Meowscarada|typechange|Bug|[from] ability: Protean
|-damage|p1a: Rogue|67/100
|
|t:|1783025969
|switch|p2b: Delphox|Delphox, L50, F|100/100|[from] U-turn
|
|upkeep
|
|t:|1783025973
|switch|p1b: Bard|Politoed, L50, M|100/100
|-weather|RainDance|[from] ability: Drizzle|[of] p1b: Bard
|turn|2
|
|t:|1783026009
|detailschange|p2b: Delphox|Delphox-Mega, L50, F
|-mega|p2b: Delphox|Delphox|Delphoxite
|move|p1a: Rogue|Light Screen|p1a: Rogue
|-sidestart|p1: Leafeon Main?|move: Light Screen
|move|p2a: Gardevoir|Moonblast|p1a: Rogue
|-damage|p1a: Rogue|31/100
|move|p1b: Bard|Weather Ball|p2b: Delphox
|-supereffective|p2b: Delphox|1
|-damage|p2b: Delphox|5/100
|move|p2b: Delphox|Calm Mind|p2b: Delphox
|-boost|p2b: Delphox|spa|1
|-boost|p2b: Delphox|spd|1
|
|-weather|RainDance|[upkeep]
|upkeep
|turn|3
|
|t:|1783026035
|move|p2b: Delphox|Protect|p2b: Delphox
|-singleturn|p2b: Delphox|Protect
|move|p1a: Rogue|Moonblast|p2b: Delphox
|-activate|p2b: Delphox|move: Protect
|move|p2a: Gardevoir|Moonblast|p1a: Rogue
|-damage|p1a: Rogue|0 fnt
|faint|p1a: Rogue
|move|p1b: Bard|Weather Ball|p2a: Gardevoir
|-damage|p2a: Gardevoir|0 fnt
|faint|p2a: Gardevoir
|
|-weather|RainDance|[upkeep]
|upkeep
|
|t:|1783026079
|switch|p1a: Ranger|Blastoise, L50, M|100/100
|switch|p2a: Meowscarada|Meowscarada, L50, M|100/100
|turn|4
|
|t:|1783026124
|switch|p2b: Garchomp|Garchomp, L50, F|100/100
|move|p1a: Ranger|Ice Beam|p2a: Meowscarada
|-supereffective|p2a: Meowscarada|1
|-damage|p2a: Meowscarada|25/100
|move|p2a: Meowscarada|Flower Trick|p1a: Ranger
|-start|p2a: Meowscarada|typechange|Grass|[from] ability: Protean
|-supereffective|p1a: Ranger|1
|-crit|p1a: Ranger
|-damage|p1a: Ranger|6/100
|move|p1b: Bard|Weather Ball|p2b: Garchomp
|-damage|p2b: Garchomp|44/100
|
|-weather|RainDance|[upkeep]
|-sideend|p1: Leafeon Main?|move: Tailwind
|upkeep
|turn|5
|
|t:|1783026201
|move|p1a: Ranger|Protect|p1a: Ranger
|-singleturn|p1a: Ranger|Protect
|move|p2a: Meowscarada|Flower Trick|p1b: Bard
|-supereffective|p1b: Bard|1
|-crit|p1b: Bard
|-damage|p1b: Bard|0 fnt
|faint|p1b: Bard
|move|p2b: Garchomp|Rock Slide|p1a: Ranger
|-activate|p1a: Ranger|move: Protect
|
|-weather|RainDance|[upkeep]
|upkeep
|turn|6
|
|t:|1783026213
|move|p2a: Meowscarada|Flower Trick|p1a: Ranger
|-supereffective|p1a: Ranger|1
|-crit|p1a: Ranger
|-damage|p1a: Ranger|0 fnt
|faint|p1a: Ranger
|
|win|kirbyhat5
||Leafeon Main? is ready for game 2.
|inactive|kirbyhat5 has 30 seconds to confirm battle start!
|inactive|kirbyhat5 has 20 seconds to confirm battle start!
|inactive|kirbyhat5 has 10 seconds to confirm battle start!
|uhtml|next|Next: Game 2 of 3
