|j|☆guiltypleasure06
|j|☆spongebob601
|html|guiltypleasure06spongebob601    
|uhtml|bestof|Game 2 of a best-of-3
|t:|1757254057
|gametype|doubles
|player|p1|guiltypleasure06|pokefan|1150
|player|p2|spongebob601|169|1157
|gen|9
|tier|[Gen 9] VGC 2025 Reg H (Bo3)
|rated|
|rule|Species Clause: Limit one of each Pokémon
|rule|Item Clause: Limit 1 of each item
|clearpoke
|poke|p1|Sneasler, L50, M|
|poke|p1|Dondozo, L50, M|
|poke|p1|Magmar, L50, M|
|poke|p1|Rillaboom, L50, M|
|poke|p1|Dragonite, L50, F|
|poke|p1|Kingambit, L50, M|
|poke|p2|Garganacl, L50, M|
|poke|p2|Dondozo, L50, M|
|poke|p2|Sneasler, L50, F|
|poke|p2|Gholdengo, L50|
|poke|p2|Ninetales-Alola, L50, F|
|poke|p2|Incineroar, L50, F|
|teampreview|4
|showteam|p1|Sneasler||FocusSash|Unburden|CloseCombat,DireClaw,Coaching,Protect|||M|||50|,,,,,Stellar]Dondozo||Leftovers|Unaware|Liquidation,Yawn,Fissure,Protect|||M|||50|,,,,,Fire]Magmar||Eviolite|VitalSpirit|Overheat,WillOWisp,FollowMe,Protect|||M|||50|,,,,,Dragon]Rillaboom||AssaultVest|GrassySurge|WoodHammer,GrassyGlide,Uturn,FakeOut|||M|||50|,,,,,Fire]Dragonite||LoadedDice|Multiscale|ExtremeSpeed,ScaleShot,LowKick,Protect|||F|||50|,,,,,Fairy]Kingambit||BlackGlasses|Defiant|Protect,SwordsDance,SuckerPunch,KowtowCleave|||M|||50|,,,,,Dark
|showteam|p2|Garganacl||MarangaBerry|PurifyingSalt|SaltCure,Recover,StealthRock,Protect|||M|||50|,,,,,Flying]Dondozo||Leftovers|Unaware|Liquidation,Yawn,Curse,Protect|||M|||50|,,,,,Poison]Sneasler||FocusSash|PoisonTouch|DireClaw,CloseCombat,Coaching,FakeOut|||F|||50|,,,,,Ghost]Gholdengo||ChoiceScarf|GoodasGold|MakeItRain,Trick,ShadowBall,PowerGem||||||50|,,,,,Steel]Ninetales-Alola||NeverMeltIce|SnowWarning|Blizzard,AuroraVeil,FreezeDry,Protect|||F|||50|,,,,,Ice]Incineroar||AssaultVest|Intimidate|FlareBlitz,KnockOff,FakeOut,DrainPunch|||F|||50|,,,,,Grass
|inactive|Battle timer is ON: inactive players will automatically lose when time's up. (requested by spongebob601)
|
|t:|1757254077
|teamsize|p1|4
|teamsize|p2|4
|start
|switch|p1a: Kingambit|Kingambit, L50, M, shiny|100/100
|switch|p1b: Magmar|Magmar, L50, M|100/100
|switch|p2a: Incineroar|Incineroar, L50, F|100/100
|switch|p2b: Ninetales|Ninetales-Alola, L50, F|100/100
|-weather|Snowscape|[from] ability: Snow Warning|[of] p2b: Ninetales
|-ability|p2a: Incineroar|Intimidate|boost
|-unboost|p1a: Kingambit|atk|1
|-ability|p1a: Kingambit|Defiant|boost
|-boost|p1a: Kingambit|atk|2
|-unboost|p1b: Magmar|atk|1
|turn|1
|
|t:|1757254096
|move|p1a: Kingambit|Protect|p1a: Kingambit
|-singleturn|p1a: Kingambit|Protect
|move|p2a: Incineroar|Fake Out|p1a: Kingambit
|-activate|p1a: Kingambit|move: Protect
|move|p2b: Ninetales|Aurora Veil|p2b: Ninetales
|-sidestart|p2: spongebob601|move: Aurora Veil
|move|p1b: Magmar|Overheat|p2b: Ninetales
|-supereffective|p2b: Ninetales
|-damage|p2b: Ninetales|22/100
|-unboost|p1b: Magmar|spa|2
|
|-weather|Snowscape|[upkeep]
|upkeep
|turn|2
|
|t:|1757254119
|switch|p1b: Rillaboom|Rillaboom, L50, M|100/100
|-fieldstart|move: Grassy Terrain|[from] ability: Grassy Surge|[of] p1b: Rillaboom
|move|p1a: Kingambit|Sucker Punch|p2b: Ninetales
|-resisted|p2b: Ninetales
|-damage|p2b: Ninetales|0 fnt
|faint|p2b: Ninetales
|move|p2a: Incineroar|Knock Off|p1b: Rillaboom
|-damage|p1b: Rillaboom|52/100
|-enditem|p1b: Rillaboom|Assault Vest|[from] move: Knock Off|[of] p2a: Incineroar
|
|-weather|Snowscape|[upkeep]
|-heal|p1b: Rillaboom|58/100|[from] Grassy Terrain
|upkeep
|
|t:|1757254140
|switch|p2b: Sneasler|Sneasler, L50, F|100/100
|turn|3
|inactive|spongebob601 has 30 seconds left.
|
|t:|1757254170
|switch|p1b: Magmar|Magmar, L50, M|100/100
|move|p1a: Kingambit|Protect|p1a: Kingambit
|-singleturn|p1a: Kingambit|Protect
|move|p2b: Sneasler|Coaching|p2a: Incineroar
|-boost|p2a: Incineroar|atk|1
|-boost|p2a: Incineroar|def|1
|move|p2a: Incineroar|Drain Punch|p1b: Magmar
|-damage|p1b: Magmar|70/100
|
|-weather|Snowscape|[upkeep]
|-heal|p1b: Magmar|75/100|[from] Grassy Terrain
|upkeep
|turn|4
|inactive|guiltypleasure06 has 30 seconds left.
|
|t:|1757254200
|move|p1b: Magmar|Follow Me|p1b: Magmar
|-singleturn|p1b: Magmar|move: Follow Me
|move|p2b: Sneasler|Coaching|p2a: Incineroar
|-boost|p2a: Incineroar|atk|1
|-boost|p2a: Incineroar|def|1
|move|p1a: Kingambit|Swords Dance|p1a: Kingambit
|-boost|p1a: Kingambit|atk|2
|move|p2a: Incineroar|Knock Off|p1b: Magmar
|-damage|p1b: Magmar|0 fnt
|-enditem|p1b: Magmar|Eviolite|[from] move: Knock Off|[of] p2a: Incineroar
|faint|p1b: Magmar
|
|-weather|Snowscape|[upkeep]
|upkeep
|
|t:|1757254213
|switch|p1b: Rillaboom|Rillaboom, L50, M|58/100
|turn|5
|
|t:|1757254227
|-terastallize|p1a: Kingambit|Dark
|move|p1b: Rillaboom|Fake Out|p2b: Sneasler
|-damage|p2b: Sneasler|86/100
|cant|p2b: Sneasler|flinch
|move|p1a: Kingambit|Kowtow Cleave|p2a: Incineroar
|-resisted|p2a: Incineroar
|-damage|p2a: Incineroar|68/100
|move|p2a: Incineroar|Drain Punch|p1a: Kingambit
|-supereffective|p1a: Kingambit
|-damage|p1a: Kingambit|17/100
|-heal|p2a: Incineroar|100/100|[from] drain|[of] p1a: Kingambit
|
|-weather|none
|-heal|p2b: Sneasler|91/100|[from] Grassy Terrain
|-heal|p1b: Rillaboom|64/100|[from] Grassy Terrain
|-heal|p1a: Kingambit|22/100|[from] Grassy Terrain
|-sideend|p2: spongebob601|move: Aurora Veil
|upkeep
|turn|6
|inactive|guiltypleasure06 has 30 seconds left.
|
|t:|1757254254
|move|p1b: Rillaboom|Fake Out||[still]
|-hint|Fake Out only works on your first turn out.
|-fail|p1b: Rillaboom
|move|p2b: Sneasler|Dire Claw|p1b: Rillaboom
|-supereffective|p1b: Rillaboom
|-damage|p1b: Rillaboom|0 fnt
|faint|p1b: Rillaboom
|move|p1a: Kingambit|Kowtow Cleave|p2b: Sneasler
|-resisted|p2b: Sneasler
|-damage|p2b: Sneasler|0 fnt
|faint|p2b: Sneasler
|move|p2a: Incineroar|Drain Punch|p1a: Kingambit
|-supereffective|p1a: Kingambit
|-damage|p1a: Kingambit|0 fnt
|faint|p1a: Kingambit
|
|-fieldend|move: Grassy Terrain
|upkeep
|
|t:|1757254269
|switch|p2b: Garganacl|Garganacl, L50, M|100/100
|switch|p1b: Dondozo|Dondozo, L50, M|100/100
|turn|7
|
|t:|1757254289
|-terastallize|p2a: Incineroar|Grass
|move|p2a: Incineroar|Knock Off|p1b: Dondozo
|-damage|p1b: Dondozo|71/100
|-enditem|p1b: Dondozo|Leftovers|[from] move: Knock Off|[of] p2a: Incineroar
|move|p1b: Dondozo|Yawn|p2b: Garganacl
|-immune|p2b: Garganacl|[from] ability: Purifying Salt
|move|p2b: Garganacl|Salt Cure|p1b: Dondozo
|-damage|p1b: Dondozo|62/100
|-start|p1b: Dondozo|Salt Cure
|
|-damage|p1b: Dondozo|37/100|[from] Salt Cure
|upkeep
|turn|8
|-message|guiltypleasure06 forfeited.
|
|win|spongebob601
|raw|guiltypleasure06's rating: 1150 → 1126(-24 for losing)
|raw|spongebob601's rating: 1157 → 1181(+24 for winning)
|l|☆spongebob601
|player|p2|
