|j|☆vonhemmoltz
|j|☆wweewwzz
|html|vonhemmoltzwweewwzz    
|uhtml|bestof|Game 3 of a best-of-3
|t:|1756427194
|gametype|doubles
|player|p1|vonhemmoltz|170|1371
|player|p2|wweewwzz|pokekid|1394
|gen|9
|tier|[Gen 9] VGC 2025 Reg H (Bo3)
|rated|
|rule|Species Clause: Limit one of each Pokémon
|rule|Item Clause: Limit 1 of each item
|clearpoke
|poke|p1|Baxcalibur, L50, M|
|poke|p1|Primarina, L50, F|
|poke|p1|Incineroar, L50, M|
|poke|p1|Blaziken, L50, F|
|poke|p1|Ursaluna, L50, F|
|poke|p1|Porygon2, L50|
|poke|p2|Gholdengo, L50|
|poke|p2|Incineroar, L50, M|
|poke|p2|Ursaluna, L50, M|
|poke|p2|Sinistcha, L50|
|poke|p2|Sneasler, L50, M|
|poke|p2|Dragonite, L50, F|
|teampreview|4
|showteam|p1|Baxcalibur||LoadedDice|ThermalExchange|IcicleSpear,ScaleShot,IceShard,Protect|||M|||50|,,,,,Water]Primarina||ThroatSpray|LiquidVoice|HyperVoice,Moonblast,Haze,Protect|||F|||50|,,,,,Steel]Incineroar||SafetyGoggles|Intimidate|FlareBlitz,KnockOff,PartingShot,FakeOut|||M|||50|,,,,,Ghost]Blaziken||FocusSash|SpeedBoost|HeatWave,AuraSphere,Coaching,Detect|||F|||50|,,,,,Ghost]Ursaluna||FlameOrb|Guts|Facade,HeadlongRush,Earthquake,Protect|||F|||50|,,,,,Ghost]Porygon2||Eviolite|Download|TrickRoom,Recover,TeraBlast,IceBeam||||||50|,,,,,Fighting
|showteam|p2|Gholdengo||LifeOrb|GoodasGold|MakeItRain,ShadowBall,NastyPlot,Protect||||||50|,,,,,Water]Incineroar||AssaultVest|Intimidate|FakeOut,Uturn,KnockOff,FlareBlitz|||M|||50|,,,,,Ghost]Ursaluna||FlameOrb|Guts|Earthquake,Facade,HeadlongRush,Protect|||M|||50|,,,,,Ghost]Sinistcha||SitrusBerry|Hospitality|MatchaGotcha,LifeDew,RagePowder,TrickRoom||||||50|,,,,,Dark]Sneasler||FocusSash|PoisonTouch|DireClaw,CloseCombat,Coaching,Protect|||M|||50|,,,,,Flying]Dragonite||LoadedDice|Multiscale|ScaleShot,Haze,Tailwind,Protect|||F|||50|,,,,,Fairy
|inactive|Battle timer is ON: inactive players will automatically lose when time's up. (requested by wweewwzz)
|
|t:|1756427205
|teamsize|p1|4
|teamsize|p2|4
|start
|switch|p1a: Incineroar|Incineroar, L50, M|100/100
|switch|p1b: Primarina|Primarina, L50, F|100/100
|switch|p2a: Gholdengo|Gholdengo, L50, shiny|100/100
|switch|p2b: Incineroar|Incineroar, L50, M|100/100
|-ability|p2b: Incineroar|Intimidate|boost
|-unboost|p1a: Incineroar|atk|1
|-unboost|p1b: Primarina|atk|1
|-ability|p1a: Incineroar|Intimidate|boost
|-unboost|p2a: Gholdengo|atk|1
|-unboost|p2b: Incineroar|atk|1
|turn|1
|
|t:|1756427228
|-terastallize|p2a: Gholdengo|Water
|move|p2b: Incineroar|Fake Out|p1b: Primarina
|-damage|p1b: Primarina|92/100
|move|p2a: Gholdengo|Nasty Plot|p2a: Gholdengo
|-boost|p2a: Gholdengo|spa|2
|move|p1a: Incineroar|Knock Off|p2a: Gholdengo
|-damage|p2a: Gholdengo|71/100
|-enditem|p2a: Gholdengo|Life Orb|[from] move: Knock Off|[of] p1a: Incineroar
|cant|p1b: Primarina|flinch
|
|upkeep
|turn|2
|inactive|vonhemmoltz has 30 seconds left.
|inactive|vonhemmoltz has 20 seconds left.
|
|t:|1756427265
|move|p1b: Primarina|Protect|p1b: Primarina
|-singleturn|p1b: Primarina|Protect
|move|p2a: Gholdengo|Nasty Plot|p2a: Gholdengo
|-boost|p2a: Gholdengo|spa|2
|move|p2b: Incineroar|U-turn|p1a: Incineroar
|-damage|p1a: Incineroar|87/100
|
|t:|1756427275
|switch|p2b: Dragonite|Dragonite, L50, F, shiny|100/100|[from] U-turn
|move|p1a: Incineroar|Parting Shot|p2b: Dragonite
|-unboost|p2b: Dragonite|atk|1
|-unboost|p2b: Dragonite|spa|1
|
|t:|1756427282
|switch|p1a: Porygon2|Porygon2, L50|100/100|[from] Parting Shot
|-ability|p1a: Porygon2|Download|boost
|-boost|p1a: Porygon2|atk|1
|
|upkeep
|turn|3
|
|t:|1756427293
|-terastallize|p1b: Primarina|Steel
|move|p2a: Gholdengo|Make It Rain|p1a: Porygon2|[spread] p1a,p1b
|-resisted|p1b: Primarina
|-damage|p1a: Porygon2|15/100
|-damage|p1b: Primarina|37/100
|-unboost|p2a: Gholdengo|spa|1
|move|p2b: Dragonite|Scale Shot|p1a: Porygon2
|-damage|p1a: Porygon2|8/100
|-damage|p1a: Porygon2|2/100
|-damage|p1a: Porygon2|0 fnt
|faint|p1a: Porygon2
|-hitcount|p1: Porygon2|3
|-unboost|p2b: Dragonite|def|1
|-boost|p2b: Dragonite|spe|1
|move|p1b: Primarina|Hyper Voice|p2b: Dragonite|[spread] p2a,p2b
|-resisted|p2a: Gholdengo
|-resisted|p2b: Dragonite
|-damage|p2a: Gholdengo|52/100
|-damage|p2b: Dragonite|92/100
|-enditem|p1b: Primarina|Throat Spray
|-boost|p1b: Primarina|spa|1|[from] item: Throat Spray
|
|upkeep
|
|t:|1756427308
|switch|p1a: Incineroar|Incineroar, L50, M|87/100
|-ability|p1a: Incineroar|Intimidate|boost
|-unboost|p2a: Gholdengo|atk|1
|-unboost|p2b: Dragonite|atk|1
|turn|4
|
|t:|1756427316
|move|p2b: Dragonite|Protect|p2b: Dragonite
|-singleturn|p2b: Dragonite|Protect
|move|p2a: Gholdengo|Protect|p2a: Gholdengo
|-singleturn|p2a: Gholdengo|Protect
|move|p1a: Incineroar|Fake Out|p2a: Gholdengo
|-activate|p2a: Gholdengo|move: Protect
|move|p1b: Primarina|Haze|p1b: Primarina
|-clearallboost
|
|upkeep
|turn|5
|inactive|vonhemmoltz has 30 seconds left.
|inactive|vonhemmoltz has 20 seconds left.
|inactive|wweewwzz has 30 seconds left.
|
|t:|1756427362
|move|p2a: Gholdengo|Shadow Ball|p1b: Primarina
|-damage|p1b: Primarina|2/100
|-unboost|p1b: Primarina|spd|1
|move|p2b: Dragonite|Scale Shot|p1a: Incineroar
|-damage|p1a: Incineroar|75/100
|-damage|p1a: Incineroar|61/100
|-damage|p1a: Incineroar|47/100
|-damage|p1a: Incineroar|34/100
|-hitcount|p1a: Incineroar|4
|-unboost|p2b: Dragonite|def|1
|-boost|p2b: Dragonite|spe|1
|move|p1a: Incineroar|Knock Off|p2a: Gholdengo
|-damage|p2a: Gholdengo|22/100
|move|p1b: Primarina|Moonblast|p2a: Gholdengo
|-damage|p2a: Gholdengo|0 fnt
|faint|p2a: Gholdengo
|
|upkeep
|
|t:|1756427366
|switch|p2a: Ursaluna|Ursaluna, L50, M, shiny|100/100
|turn|6
|inactive|vonhemmoltz has 30 seconds left.
|
|t:|1756427399
|move|p2b: Dragonite|Tailwind|p2b: Dragonite
|-sidestart|p2: wweewwzz|move: Tailwind
|move|p2a: Ursaluna|Earthquake|p1b: Primarina|[spread] p1a,p1b
|-immune|p2b: Dragonite
|-supereffective|p1a: Incineroar
|-supereffective|p1b: Primarina
|-damage|p1a: Incineroar|0 fnt
|-damage|p1b: Primarina|0 fnt
|faint|p1a: Incineroar
|faint|p1b: Primarina
|
|-status|p2a: Ursaluna|brn|[from] item: Flame Orb
|upkeep
|
|t:|1756427403
|switch|p1b: Ursaluna|Ursaluna, L50, F|100/100
|turn|7
|-message|vonhemmoltz forfeited.
|
|win|wweewwzz
|raw|vonhemmoltz's rating: 1371 → 1352(-19 for losing)
|raw|wweewwzz's rating: 1394 → 1413(+19 for winning)
|l|☆vonhemmoltz
|player|p1|
