|j|☆roggol
|j|☆Mozilla Fennekin
|html|roggolMozilla Fennekin    
|uhtml|bestof|Game 3 of a best-of-3
|t:|1784543841
|gametype|doubles
|player|p1|roggol|169|
|player|p2|Mozilla Fennekin|marnie-masters3|
|gen|9
|tier|[Gen 9 Champions] VGC 2026 Reg M-B (Bo3)
|rule|Species Clause: Limit one of each Pokémon
|rule|Item Clause: Limit 1 of each item
|clearpoke
|poke|p1|Froslass, L50, F|
|poke|p1|Tyranitar, L50, M|
|poke|p1|Steelix, L50, F|
|poke|p1|Zoroark-Hisui, L50, M|
|poke|p1|Pidgeot, L50, M|
|poke|p1|Sandaconda, L50, M|
|poke|p2|Delphox, L50, F|
|poke|p2|Torkoal, L50, M|
|poke|p2|Alakazam, L50, M|
|poke|p2|Heliolisk, L50, M|
|poke|p2|Scovillain, L50, F|
|poke|p2|Hydrapple, L50, F|
|teampreview|4
|showteam|p1|Froslass||Froslassite|CursedBody|Blizzard,ShadowBall,AuroraVeil,Protect|Timid||F|||50|]Tyranitar||Tyranitarite|SandStream|KnockOff,RockSlide,Protect,IcePunch|Adamant||M|||50|]Steelix||ChopleBerry|Sturdy|HighHorsepower,BodyPress,HeavySlam,WideGuard|Careful||F|||50|]Zoroark-Hisui||FocusSash|Illusion|ShadowBall,SludgeBomb,Protect,Taunt|Timid||M|||50|]Pidgeot||LifeOrb|KeenEye|Tailwind,Uturn,QuickAttack,BraveBird|Careful||M|||50|]Sandaconda||BrightPowder|SandVeil|Minimize,IronDefense,BodyPress,RockSlide|Careful||M|||50|
|showteam|p2|Delphox||Delphoxite|Magician|HeatWave,ScorchingSands,Encore,Protect|Timid||F|||50|]Torkoal||Charcoal|Drought|Eruption,EarthPower,WillOWisp,Protect|Modest||M|||50|]Alakazam||FocusSash|MagicGuard|Taunt,SpeedSwap,Psychic,FocusBlast|Timid||M|||50|]Heliolisk||HeatRock|SolarPower|SunnyDay,Thunderbolt,WeatherBall,Protect|Timid||M|||50|]Scovillain||LifeOrb|Chlorophyll|SunnyDay,Flamethrower,EnergyBall,LeafStorm|Modest||F|||50|]Hydrapple||Leftovers|SupersweetSyrup|FickleBeam,GigaDrain,SolarBeam,Protect|Modest||F|||50|
|inactive|Battle timer is ON: inactive players will automatically lose when time's up. (requested by roggol)
|inactive|Mozilla Fennekin has 60 seconds left.
|
|t:|1784543892
|teamsize|p1|4
|teamsize|p2|4
|start
|switch|p1a: Pidgeot|Pidgeot, L50, M|100/100
|switch|p1b: Steelix|Steelix, L50, F|100/100
|switch|p2a: Heliolisk|Heliolisk, L50, M|100/100
|switch|p2b: Hydrapple|Hydrapple, L50, F|100/100
|-ability|p2b: Hydrapple|Supersweet Syrup
|-unboost|p1a: Pidgeot|evasion|1
|-unboost|p1b: Steelix|evasion|1
|turn|1
|inactive|roggol has 30 seconds left.
|inactive|Mozilla Fennekin has 30 seconds left.
|
|t:|1784543925
|move|p2a: Heliolisk|Thunderbolt|p1a: Pidgeot
|-supereffective|p1a: Pidgeot|1
|-damage|p1a: Pidgeot|26/100
|move|p1a: Pidgeot|Tailwind|p1a: Pidgeot
|-sidestart|p1: roggol|move: Tailwind
|move|p1b: Steelix|High Horsepower|p2a: Heliolisk
|-supereffective|p2a: Heliolisk|1
|-damage|p2a: Heliolisk|0 fnt
|faint|p2a: Heliolisk
|move|p2b: Hydrapple|Giga Drain|p1b: Steelix
|-damage|p1b: Steelix|56/100
|
|upkeep
|
|t:|1784543938
|switch|p2a: Delphox|Delphox, L50, F|100/100
|turn|2
|
|t:|1784543956
|detailschange|p2a: Delphox|Delphox-Mega, L50, F
|-mega|p2a: Delphox|Delphox|Delphoxite
|move|p2b: Hydrapple|Protect|p2b: Hydrapple
|-singleturn|p2b: Hydrapple|Protect
|move|p1b: Steelix|Wide Guard|p1b: Steelix
|-singleturn|p1b: Steelix|Wide Guard
|move|p1a: Pidgeot|Brave Bird|p2a: Delphox
|-damage|p2a: Delphox|27/100
|-damage|p1a: Pidgeot|5/100|[from] Recoil
|-damage|p1a: Pidgeot|0 fnt|[from] item: Life Orb
|faint|p1a: Pidgeot
|move|p2a: Delphox|Heat Wave|p1b: Steelix
|-activate|p1b: Steelix|move: Wide Guard
|
|upkeep
|
|t:|1784543969
|switch|p1a: Tyranitar|Tyranitar, L50, M|100/100
|turn|3
|
|t:|1784543987
|move|p1b: Steelix|Wide Guard|p1b: Steelix
|-singleturn|p1b: Steelix|Wide Guard
|move|p1a: Tyranitar|Shadow Ball|p2a: Delphox
|-supereffective|p2a: Delphox|1
|-damage|p2a: Delphox|0 fnt
|faint|p2a: Delphox
|move|p2b: Hydrapple|Giga Drain|p1b: Steelix
|-damage|p1b: Steelix|11/100
|
|upkeep
|
|t:|1784543997
|switch|p2a: Scovillain|Scovillain, L50, F|100/100
|turn|4
|
|t:|1784544005
|move|p1a: Tyranitar|Sludge Bomb|p2a: Scovillain
|-supereffective|p2a: Scovillain|1
|-damage|p2a: Scovillain|0 fnt
|faint|p2a: Scovillain
|move|p1b: Steelix|High Horsepower|p2b: Hydrapple
|-resisted|p2b: Hydrapple|1
|-damage|p2b: Hydrapple|85/100
|move|p2b: Hydrapple|Giga Drain|p1a: Tyranitar
|-damage|p1a: Tyranitar|15/100
|-heal|p2b: Hydrapple|100/100|[from] drain|[of] p1a: Tyranitar
|replace|p1a: Zoroark|Zoroark-Hisui, L50, M
|-end|p1a: Zoroark|Illusion
|
|-sideend|p1: roggol|move: Tailwind
|upkeep
|turn|5
|c|☆Mozilla Fennekin|ggs
|
|t:|1784544021
|move|p1a: Zoroark|Sludge Bomb|p2b: Hydrapple
|-supereffective|p2b: Hydrapple|1
|-damage|p2b: Hydrapple|40/100
|move|p2b: Hydrapple|Giga Drain|p1a: Zoroark
|-damage|p1a: Zoroark|0 fnt
|-heal|p2b: Hydrapple|46/100|[from] drain|[of] p1a: Zoroark
|faint|p1a: Zoroark
|move|p1b: Steelix|Heavy Slam|p2b: Hydrapple
|-damage|p2b: Hydrapple|16/100
|
|-heal|p2b: Hydrapple|22/100|[from] item: Leftovers
|upkeep
|c|☆roggol|ggs
|
|t:|1784544032
|switch|p1a: Tyranitar|Tyranitar, L50, M|100/100
|-weather|Sandstorm|[from] ability: Sand Stream|[of] p1a: Tyranitar
|turn|6
|
|t:|1784544041
|detailschange|p1a: Tyranitar|Tyranitar-Mega, L50, M
|-mega|p1a: Tyranitar|Tyranitar|Tyranitarite
|move|p1a: Tyranitar|Ice Punch|p2b: Hydrapple
|-supereffective|p2b: Hydrapple|2
|-damage|p2b: Hydrapple|0 fnt
|faint|p2b: Hydrapple
|
|win|roggol
