|j|☆myminiman
|j|☆bellytelevision
|html|myminimanbellytelevision    
|uhtml|bestof|Game 1 of a best-of-3
|t:|1785257854
|gametype|doubles
|player|p1|myminiman|bea|1205
|player|p2|bellytelevision|biker|1142
|gen|9
|tier|[Gen 9 Champions] VGC 2026 Reg M-B (Bo3)
|rated|
|rule|Species Clause: Limit one of each Pokémon
|rule|Item Clause: Limit 1 of each item
|clearpoke
|poke|p1|Charizard, L50, M|
|poke|p1|Garchomp, L50, F|
|poke|p1|Milotic, L50, M|
|poke|p1|Incineroar, L50, M|
|poke|p1|Sinistcha, L50|
|poke|p1|Venusaur, L50, M|
|poke|p2|Pelipper, L50, F|
|poke|p2|Grimmsnarl, L50, M|
|poke|p2|Charizard, L50, M|
|poke|p2|Venusaur, L50, F|
|poke|p2|Basculegion, L50, M|
|poke|p2|Archaludon, L50, M|
|teampreview|4
|showteam|p1|Charizard||CharizarditeY|Blaze|Protect,HeatWave,WeatherBall,SolarBeam|Modest||M|||50|]Garchomp||ChoiceScarf|RoughSkin|RockSlide,Earthquake,StompingTantrum,DragonClaw|Adamant||F|||50|]Milotic||Leftovers|Competitive|Protect,Scald,IceBeam,IcyWind|Modest||M|||50|]Incineroar||SitrusBerry|Intimidate|FlareBlitz,DarkestLariat,PartingShot,FakeOut|Impish||M|||50|]Sinistcha||KasibBerry|Hospitality|MatchaGotcha,RagePowder,TrickRoom,Protect|Relaxed|||||50|]Venusaur||FocusSash|Chlorophyll|Protect,SleepPowder,EarthPower,SludgeBomb|Modest||M|||50|
|showteam|p2|Pelipper||SitrusBerry|Drizzle|Hurricane,WeatherBall,Tailwind,WideGuard|Modest||F|||50|]Grimmsnarl||LightClay|Prankster|SpiritBreak,Reflect,LightScreen,PartingShot|Sassy||M|||50|]Charizard||CharizarditeY|Blaze|HeatWave,WeatherBall,SolarBeam,Protect|Modest||M|||50|]Venusaur||FocusSash|Chlorophyll|SludgeBomb,EarthPower,SleepPowder,Protect|Modest||F|||50|]Basculegion||ChoiceScarf|Adaptability|WaveCrash,LastRespects,FlipTurn,AquaJet|Jolly||M|||50|]Archaludon||Leftovers|Stamina|DragonPulse,FlashCannon,ElectroShot,Protect|Calm||M|||50|
|inactive|Battle timer is ON: inactive players will automatically lose when time's up. (requested by bellytelevision)
|
|t:|1785257946
|teamsize|p1|4
|teamsize|p2|4
|start
|switch|p1a: Charizard|Charizard, L50, M|100/100
|switch|p1b: Garchomp|Garchomp, L50, F|100/100
|switch|p2a: Grimmsnarl|Grimmsnarl, L50, M|100/100
|switch|p2b: Charizard|Charizard, L50, M|100/100
|turn|1
|inactive|myminiman has 30 seconds left.
|inactive|bellytelevision has 30 seconds left.
|inactive|bellytelevision has 20 seconds left.
|inactive|bellytelevision has 15 seconds left.
|
|t:|1785257990
|detailschange|p1a: Charizard|Charizard-Mega-Y, L50, M
|-mega|p1a: Charizard|Charizard|Charizardite Y
|-weather|SunnyDay|[from] ability: Drought|[of] p1a: Charizard
|detailschange|p2b: Charizard|Charizard-Mega-Y, L50, M
|-mega|p2b: Charizard|Charizard|Charizardite Y
|move|p2a: Grimmsnarl|Parting Shot|p1b: Garchomp
|-unboost|p1b: Garchomp|atk|1
|-unboost|p1b: Garchomp|spa|1
|
|t:|1785257997
|switch|p2a: Pelipper|Pelipper, L50, F|100/100|[from] Parting Shot
|-weather|RainDance|[from] ability: Drizzle|[of] p2a: Pelipper
|move|p1b: Garchomp|Rock Slide|p2a: Pelipper|[spread] p2a,p2b
|-supereffective|p2a: Pelipper|1
|-supereffective|p2b: Charizard|2
|-damage|p2a: Pelipper|72/100
|-damage|p2b: Charizard|49/100
|move|p1a: Charizard|Weather Ball|p2a: Pelipper
|-resisted|p2a: Pelipper|1
|-damage|p2a: Pelipper|37/100
|-enditem|p2a: Pelipper|Sitrus Berry|[eat]
|-heal|p2a: Pelipper|61/100|[from] item: Sitrus Berry
|cant|p2b: Charizard|flinch
|
|-weather|RainDance|[upkeep]
|upkeep
|turn|2
|inactive|myminiman has 30 seconds left.
|inactive|bellytelevision has 30 seconds left.
|
|t:|1785258026
|move|p2a: Pelipper|Wide Guard|p2a: Pelipper
|-singleturn|p2a: Pelipper|Wide Guard
|move|p1b: Garchomp|Rock Slide|p2a: Pelipper|[spread] 
|-activate|p2a: Pelipper|move: Wide Guard
|-activate|p2b: Charizard|move: Wide Guard
|move|p1a: Charizard|Weather Ball|p2b: Charizard
|-supereffective|p2b: Charizard|1
|-damage|p2b: Charizard|0 fnt
|faint|p2b: Charizard
|
|-weather|RainDance|[upkeep]
|upkeep
|
|t:|1785258044
|switch|p2b: Basculegion|Basculegion, L50, M|100/100
|turn|3
|
|t:|1785258053
|switch|p1a: Sinistcha|Sinistcha, L50|100/100
|move|p2a: Pelipper|Wide Guard|p2a: Pelipper
|-singleturn|p2a: Pelipper|Wide Guard
|move|p1b: Garchomp|Rock Slide|p2a: Pelipper|[spread] 
|-activate|p2a: Pelipper|move: Wide Guard
|-activate|p2b: Basculegion|move: Wide Guard
|move|p2b: Basculegion|Flip Turn|p1a: Sinistcha
|-resisted|p1a: Sinistcha|1
|-damage|p1a: Sinistcha|76/100
|
|t:|1785258063
|switch|p2b: Grimmsnarl|Grimmsnarl, L50, M|100/100|[from] Flip Turn
|
|-weather|RainDance|[upkeep]
|upkeep
|turn|4
|
|t:|1785258078
|switch|p1b: Charizard|Charizard-Mega-Y, L50, M|100/100
|-weather|SunnyDay|[from] ability: Drought|[of] p1b: Charizard
|move|p1a: Sinistcha|Protect|p1a: Sinistcha
|-singleturn|p1a: Sinistcha|Protect
|move|p2a: Pelipper|Wide Guard|p2a: Pelipper
|-singleturn|p2a: Pelipper|Wide Guard
|move|p2b: Grimmsnarl|Spirit Break|p1a: Sinistcha
|-activate|p1a: Sinistcha|move: Protect
|
|-weather|SunnyDay|[upkeep]
|upkeep
|turn|5
|
|t:|1785258098
|switch|p2a: Basculegion|Basculegion, L50, M|100/100
|move|p2b: Grimmsnarl|Parting Shot|p1a: Sinistcha
|-unboost|p1a: Sinistcha|atk|1
|-unboost|p1a: Sinistcha|spa|1
|
|t:|1785258103
|switch|p2b: Pelipper|Pelipper, L50, F|61/100|[from] Parting Shot
|-weather|RainDance|[from] ability: Drizzle|[of] p2b: Pelipper
|move|p1b: Charizard|Solar Beam||[still]
|-prepare|p1b: Charizard|Solar Beam
|move|p1a: Sinistcha|Matcha Gotcha|p2a: Basculegion|[spread] p2a
|-miss|p1a: Sinistcha|p2b: Pelipper
|-supereffective|p2a: Basculegion|1
|-damage|p2a: Basculegion|62/100
|-heal|p1a: Sinistcha|97/100|[from] drain|[of] p2a: Basculegion
|
|-weather|RainDance|[upkeep]
|upkeep
|turn|6
|
|t:|1785258123
|switch|p2a: Grimmsnarl|Grimmsnarl, L50, M|100/100
|move|p1a: Sinistcha|Rage Powder|p1a: Sinistcha
|-singleturn|p1a: Sinistcha|move: Rage Powder
|move|p1b: Charizard|Solar Beam|p2a: Grimmsnarl|[from] lockedmove
|-damage|p2a: Grimmsnarl|75/100
|move|p2b: Pelipper|Tailwind|p2b: Pelipper
|-sidestart|p2: bellytelevision|move: Tailwind
|
|-weather|RainDance|[upkeep]
|upkeep
|turn|7
|inactive|myminiman has 30 seconds left.
|inactive|myminiman has 20 seconds left.
|inactive|myminiman has 15 seconds left.
|
|t:|1785258165
|switch|p1b: Garchomp|Garchomp, L50, F|100/100
|move|p1a: Sinistcha|Protect|p1a: Sinistcha
|-singleturn|p1a: Sinistcha|Protect
|move|p2a: Grimmsnarl|Light Screen|p2a: Grimmsnarl
|-sidestart|p2: bellytelevision|move: Light Screen
|move|p2b: Pelipper|Hurricane|p1a: Sinistcha
|-activate|p1a: Sinistcha|move: Protect
|
|-weather|RainDance|[upkeep]
|upkeep
|turn|8
|
|t:|1785258186
|switch|p1a: Charizard|Charizard-Mega-Y, L50, M|100/100
|-weather|SunnyDay|[from] ability: Drought|[of] p1a: Charizard
|move|p2a: Grimmsnarl|Parting Shot|p1b: Garchomp
|-unboost|p1b: Garchomp|atk|1
|-unboost|p1b: Garchomp|spa|1
|
|t:|1785258193
|switch|p2a: Basculegion|Basculegion, L50, M|62/100|[from] Parting Shot
|move|p1b: Garchomp|Rock Slide|p2b: Pelipper|[spread] p2a,p2b
|-supereffective|p2b: Pelipper|1
|-damage|p2a: Basculegion|45/100
|-damage|p2b: Pelipper|31/100
|cant|p2b: Pelipper|flinch
|
|-weather|SunnyDay|[upkeep]
|upkeep
|turn|9
|inactive|myminiman has 30 seconds left.
|
|t:|1785258220
|switch|p2b: Grimmsnarl|Grimmsnarl, L50, M|75/100
|move|p1a: Charizard|Protect|p1a: Charizard
|-singleturn|p1a: Charizard|Protect
|move|p2a: Basculegion|Flip Turn|p1a: Charizard
|-activate|p1a: Charizard|move: Protect
|move|p1b: Garchomp|Rock Slide|p2b: Grimmsnarl|[spread] p2a,p2b
|-damage|p2a: Basculegion|31/100
|-damage|p2b: Grimmsnarl|60/100
|
|-weather|SunnyDay|[upkeep]
|-sideend|p2: bellytelevision|move: Tailwind
|upkeep
|turn|10
|inactive|bellytelevision has 30 seconds left.
|inactive|myminiman has 30 seconds left.
|
|t:|1785258252
|switch|p1a: Sinistcha|Sinistcha, L50|97/100
|switch|p2b: Pelipper|Pelipper, L50, F|31/100
|-weather|RainDance|[from] ability: Drizzle|[of] p2b: Pelipper
|move|p1b: Garchomp|Rock Slide|p2a: Basculegion|[spread] p2a
|-miss|p1b: Garchomp|p2b: Pelipper
|-damage|p2a: Basculegion|16/100
|move|p2a: Basculegion|Flip Turn|p1a: Sinistcha
|-resisted|p1a: Sinistcha|1
|-damage|p1a: Sinistcha|78/100
|
|t:|1785258264
|switch|p2a: Grimmsnarl|Grimmsnarl, L50, M|60/100|[from] Flip Turn
|
|-weather|RainDance|[upkeep]
|upkeep
|turn|11
|
|t:|1785258282
|switch|p1a: Charizard|Charizard-Mega-Y, L50, M|100/100
|-weather|SunnyDay|[from] ability: Drought|[of] p1a: Charizard
|move|p2a: Grimmsnarl|Parting Shot|p1b: Garchomp
|-unboost|p1b: Garchomp|atk|1
|-unboost|p1b: Garchomp|spa|1
|
|t:|1785258289
|switch|p2a: Basculegion|Basculegion, L50, M|16/100|[from] Parting Shot
|move|p1b: Garchomp|Rock Slide|p2b: Pelipper|[spread] p2a
|-miss|p1b: Garchomp|p2b: Pelipper
|-damage|p2a: Basculegion|5/100
|move|p2b: Pelipper|Tailwind|p2b: Pelipper
|-sidestart|p2: bellytelevision|move: Tailwind
|
|-weather|SunnyDay|[upkeep]
|upkeep
|turn|12
|
|t:|1785258309
|switch|p2b: Grimmsnarl|Grimmsnarl, L50, M|60/100
|move|p2a: Basculegion|Flip Turn|p1b: Garchomp
|-crit|p1b: Garchomp
|-damage|p1b: Garchomp|71/100
|-damage|p2a: Basculegion|0 fnt|[from] ability: Rough Skin|[of] p1b: Garchomp
|faint|p2a: Basculegion
|move|p1b: Garchomp|Rock Slide|p2b: Grimmsnarl
|-damage|p2b: Grimmsnarl|47/100
|move|p1a: Charizard|Weather Ball|p2b: Grimmsnarl
|-damage|p2b: Grimmsnarl|0 fnt
|faint|p2b: Grimmsnarl
|
|-weather|SunnyDay|[upkeep]
|upkeep
|-message|bellytelevision forfeited.
|
|win|myminiman
|l|☆bellytelevision
|player|p2|
||myminiman is ready for game 2.
|j|☆bellytelevision
|player|p2|bellytelevision|biker|
|raw|myminiman's rating: 1205 → 1226(+21 for winning)
|raw|bellytelevision's rating: 1142 → 1121(-21 for losing)
|l|☆myminiman
|player|p1|
