|j|☆PANDAgedin51
|j|☆Timothim Chalombre
|html|PANDAgedin51Timothim Chalombre    
|uhtml|bestof|Game 1 of a best-of-3
|t:|1783039082
|gametype|doubles
|player|p1|PANDAgedin51|265|1059
|player|p2|Timothim Chalombre|caitlin|1039
|gen|9
|tier|[Gen 9 Champions] VGC 2026 Reg M-B (Bo3)
|rated|
|rule|Species Clause: Limit one of each Pokémon
|rule|Item Clause: Limit 1 of each item
|clearpoke
|poke|p1|Staraptor, L50, F|
|poke|p1|Whimsicott, L50, F|
|poke|p1|Malamar, L50, M|
|poke|p1|Volcarona, L50, M|
|poke|p1|Aegislash, L50, F|
|poke|p1|Meowscarada, L50, F|
|poke|p2|Noivern, L50, F|
|poke|p2|Chandelure, L50, F|
|poke|p2|Tsareena, L50, F|
|poke|p2|Conkeldurr, L50, M|
|poke|p2|Garchomp, L50, M|
|poke|p2|Empoleon, L50, F|
|teampreview|4
|showteam|p1|Staraptor||Staraptite|Intimidate|BraveBird,CloseCombat,DoubleEdge,Roost|Jolly||F|||50|]Whimsicott||FocusSash|Prankster|HelpingHand,Charm,Tailwind,Encore|Bold||F|||50|]Malamar||Malamarite|Contrary|Superpower,KnockOff,PoisonJab,PsychoCut|Jolly||M|||50|]Volcarona||LifeOrb|FlameBody|QuiverDance,FieryDance,GigaDrain,AirSlash|Modest||M|||50|]Aegislash||SpellTag|StanceChange|KingsShield,AirSlash,FlashCannon,ShadowBall|Modest||F|||50|]Meowscarada||WideLens|Protean|TripleAxel,FlowerTrick,Taunt,KnockOff|Jolly||F|||50|
|showteam|p2|Noivern||FocusSash|Infiltrator|DracoMeteor,SuperFang,Tailwind,Protect|Timid||F|||50|]Chandelure||Chandelurite|FlashFire|HeatWave,ShadowBall,TrickRoom,Protect|Modest||F|||50|]Tsareena||WideLens|QueenlyMajesty|PowerWhip,TripleAxel,Taunt,Protect|Adamant||F|||50|]Conkeldurr||PayapaBerry|IronFist|CloseCombat,KnockOff,MachPunch,WideGuard|Adamant||M|||50|]Garchomp||LifeOrb|RoughSkin|StompingTantrum,DragonClaw,RockSlide,Protect|Jolly||M|||50|]Empoleon||Leftovers|Competitive|HydroPump,FlashCannon,Yawn,Protect|Modest||F|||50|
|
|t:|1783039105
|teamsize|p1|4
|teamsize|p2|4
|start
|switch|p1a: Staraptor|Staraptor, L50, F|100/100
|switch|p1b: Whimsicott|Whimsicott, L50, F|100/100
|switch|p2a: Noivern|Noivern, L50, F|100/100
|switch|p2b: Chandelure|Chandelure, L50, F|100/100
|-ability|p1a: Staraptor|Intimidate|boost
|-unboost|p2a: Noivern|atk|1
|-unboost|p2b: Chandelure|atk|1
|turn|1
|inactive|Battle timer is ON: inactive players will automatically lose when time's up. (requested by Timothim Chalombre)
|
|t:|1783039118
|detailschange|p1a: Staraptor|Staraptor-Mega, L50, F
|-mega|p1a: Staraptor|Staraptor|Staraptite
|detailschange|p2b: Chandelure|Chandelure-Mega, L50, F
|-mega|p2b: Chandelure|Chandelure|Chandelurite
|move|p1b: Whimsicott|Charm|p1a: Staraptor
|-boost|p1a: Staraptor|atk|2
|move|p2a: Noivern|Super Fang|p1a: Staraptor|[miss]
|-miss|p2a: Noivern|p1a: Staraptor
|move|p1a: Staraptor|Close Combat|p2a: Noivern
|-resisted|p2a: Noivern|1
|-damage|p2a: Noivern|12/100
|-boost|p1a: Staraptor|def|1
|-boost|p1a: Staraptor|spd|1
|move|p2b: Chandelure|Heat Wave|p1b: Whimsicott|[spread] p1b
|-miss|p2b: Chandelure|p1a: Staraptor
|-supereffective|p1b: Whimsicott|1
|-enditem|p1b: Whimsicott|Focus Sash
|-damage|p1b: Whimsicott|1/100
|
|upkeep
|turn|2
|inactive|PANDAgedin51 has 60 seconds left.
|
|t:|1783039161
|move|p2b: Chandelure|Protect|p2b: Chandelure
|-singleturn|p2b: Chandelure|Protect
|move|p1b: Whimsicott|Charm|p1a: Staraptor
|-boost|p1a: Staraptor|atk|2
|move|p2a: Noivern|Super Fang|p1a: Staraptor
|-damage|p1a: Staraptor|50/100y
|move|p1a: Staraptor|Close Combat|p2a: Noivern
|-resisted|p2a: Noivern|1
|-damage|p2a: Noivern|0 fnt
|-boost|p1a: Staraptor|def|1
|-boost|p1a: Staraptor|spd|1
|faint|p2a: Noivern
|
|upkeep
|
|t:|1783039167
|switch|p2a: Garchomp|Garchomp, L50, M|100/100
|turn|3
|
|t:|1783039179
|switch|p2b: Empoleon|Empoleon, L50, F|100/100
|move|p1b: Whimsicott|Tailwind|p1b: Whimsicott
|-sidestart|p1: PANDAgedin51|move: Tailwind
|move|p1a: Staraptor|Close Combat|p2a: Garchomp
|-damage|p2a: Garchomp|0 fnt
|-boost|p1a: Staraptor|def|1
|-boost|p1a: Staraptor|spd|1
|-damage|p1a: Staraptor|37/100|[from] ability: Rough Skin|[of] p2a: Garchomp
|faint|p2a: Garchomp
|
|upkeep
|
|t:|1783039189
|switch|p2a: Chandelure|Chandelure-Mega, L50, F|100/100
|turn|4
|
|t:|1783039202
|move|p2a: Chandelure|Protect|p2a: Chandelure
|-singleturn|p2a: Chandelure|Protect
|move|p1b: Whimsicott|Charm|p1a: Staraptor
|-boost|p1a: Staraptor|atk|2
|move|p1a: Staraptor|Close Combat|p2b: Empoleon
|-supereffective|p2b: Empoleon|1
|-damage|p2b: Empoleon|0 fnt
|-boost|p1a: Staraptor|def|1
|-boost|p1a: Staraptor|spd|1
|faint|p2b: Empoleon
|
|upkeep
|turn|5
|inactive|Timothim Chalombre has 30 seconds left.
|
|t:|1783039237
|move|p1b: Whimsicott|Helping Hand|p1a: Staraptor
|-singleturn|p1a: Staraptor|Helping Hand|[of] p1b: Whimsicott
|move|p1a: Staraptor|Brave Bird|p2a: Chandelure
|-damage|p2a: Chandelure|0 fnt
|faint|p2a: Chandelure
|-damage|p1a: Staraptor|3/100|[from] Recoil
|
|win|PANDAgedin51
|c|☆PANDAgedin51|Go ahead
||PANDAgedin51 is ready for game 2.
||Timothim Chalombre is ready for game 2.
|uhtml|next|Next: Game 2 of 3
|l|☆Timothim Chalombre
|player|p2|
