|j|☆nikolasnaiz
|j|☆HelhiemFiend
|html|nikolasnaizHelhiemFiend    
|uhtml|bestof|Game 2 of a best-of-3
|t:|1756667760
|gametype|doubles
|player|p1|nikolasnaiz|larry|1228
|player|p2|HelhiemFiend|2|1268
|gen|9
|tier|[Gen 9] VGC 2025 Reg H (Bo3)
|rated|
|rule|Species Clause: Limit one of each Pokémon
|rule|Item Clause: Limit 1 of each item
|clearpoke
|poke|p1|Dragonite, L50, F|
|poke|p1|Ursaluna-Bloodmoon, L50, M|
|poke|p1|Annihilape, L50, M|
|poke|p1|Volcarona, L50, F|
|poke|p1|Rillaboom, L50, F|
|poke|p1|Incineroar, L50, M|
|poke|p2|Sneasler, L50, M|
|poke|p2|Dragapult, L50, M|
|poke|p2|Kingambit, L50, F|
|poke|p2|Rillaboom, L50, F|
|poke|p2|Gholdengo, L50|
|poke|p2|Volcarona, L50, M|
|teampreview|4
|showteam|p1|Dragonite||LoadedDice|Multiscale|Protect,ScaleShot,Tailwind,Haze|||F|||50|,,,,,Steel]Ursaluna-Bloodmoon||FocusSash|MindsEye|Protect,BloodMoon,EarthPower,HyperVoice|||M|||50|,,,,,Normal]Annihilape||LumBerry|Defiant|Protect,RageFist,CloseCombat,Taunt|||M|||50|,,,,,Fire]Volcarona||CovertCloak|FlameBody|Protect,QuiverDance,HeatWave,TeraBlast|||F|||50|,,,,,Fairy]Rillaboom||AssaultVest|GrassySurge|FakeOut,WoodHammer,GrassyGlide,HighHorsepower|||F|||50|,,,,,Fire]Incineroar||SafetyGoggles|Intimidate|FakeOut,PartingShot,FlareBlitz,KnockOff|||M|||50|,,,,,Ghost
|showteam|p2|Sneasler||FocusSash|Unburden|DireClaw,CloseCombat,FakeOut,Protect|||M|||50|,,,,,Stellar]Dragapult||ChoiceBand|ClearBody|DragonDarts,TeraBlast,PhantomForce,Uturn|||M|||50|,,,,,Ghost]Kingambit||SafetyGoggles|Defiant|KowtowCleave,SuckerPunch,SwordsDance,Protect|||F|||50|,,,,,Dark]Rillaboom||AssaultVest|GrassySurge|WoodHammer,GrassyGlide,FakeOut,Uturn|||F|||50|,,,,,Fire]Gholdengo||MetalCoat|GoodasGold|MakeItRain,ShadowBall,NastyPlot,Protect||||||50|,,,,,Dragon]Volcarona||CovertCloak|FlameBody|FieryDance,TeraBlast,QuiverDance,Protect|||M|||50|,,,,,Fairy
|inactive|Battle timer is ON: inactive players will automatically lose when time's up. (requested by nikolasnaiz)
|
|t:|1756667781
|teamsize|p1|4
|teamsize|p2|4
|start
|switch|p1a: Annihilape|Annihilape, L50, M, shiny|100/100
|switch|p1b: Volcarona|Volcarona, L50, F|100/100
|switch|p2a: Gholden Boy|Gholdengo, L50|100/100
|switch|p2b: Gambling!|Sneasler, L50, M|100/100
|turn|1
|
|t:|1756667797
|move|p2b: Gambling!|Fake Out|p1b: Volcarona
|-damage|p1b: Volcarona|85/100
|-status|p2b: Gambling!|brn|[from] ability: Flame Body|[of] p1b: Volcarona
|move|p1a: Annihilape|Taunt|p2a: Gholden Boy
|-immune|p2a: Gholden Boy|[from] ability: Good as Gold
|move|p1b: Volcarona|Heat Wave|p2a: Gholden Boy|[spread] p2a,p2b
|-supereffective|p2a: Gholden Boy
|-damage|p2a: Gholden Boy|39/100
|-damage|p2b: Gambling!|56/100 brn
|move|p2a: Gholden Boy|Nasty Plot|p2a: Gholden Boy
|-boost|p2a: Gholden Boy|spa|2
|
|-damage|p2b: Gambling!|50/100 brn|[from] brn
|upkeep
|turn|2
|
|t:|1756667810
|move|p2a: Gholden Boy|Protect|p2a: Gholden Boy
|-singleturn|p2a: Gholden Boy|Protect
|move|p2b: Gambling!|Dire Claw|p1b: Volcarona
|-damage|p1b: Volcarona|63/100
|move|p1a: Annihilape|Close Combat|p2a: Gholden Boy
|-activate|p2a: Gholden Boy|move: Protect
|move|p1b: Volcarona|Heat Wave|p2b: Gambling!|[spread] 
|-activate|p2a: Gholden Boy|move: Protect
|-miss|p1b: Volcarona|p2b: Gambling!
|
|-damage|p2b: Gambling!|45/100 brn|[from] brn
|upkeep
|turn|3
|
|t:|1756667827
|move|p2b: Gambling!|Dire Claw|p1b: Volcarona
|-damage|p1b: Volcarona|40/100
|move|p1a: Annihilape|Close Combat|p2a: Gholden Boy
|-immune|p2a: Gholden Boy
|move|p1b: Volcarona|Heat Wave|p2a: Gholden Boy|[spread] p2a,p2b
|-supereffective|p2a: Gholden Boy
|-damage|p2a: Gholden Boy|0 fnt
|-damage|p2b: Gambling!|4/100 brn
|faint|p2a: Gholden Boy
|
|-damage|p2b: Gambling!|0 fnt|[from] brn
|faint|p2b: Gambling!
|upkeep
|
|t:|1756667835
|switch|p2b: Earhart|Dragapult, L50, M|100/100
|switch|p2a: Big Gamba|Kingambit, L50, F|100/100
|turn|4
|
|t:|1756667859
|-terastallize|p2a: Big Gamba|Dark
|move|p2a: Big Gamba|Sucker Punch|p1b: Volcarona
|-damage|p1b: Volcarona|0 fnt
|faint|p1b: Volcarona
|move|p2b: Earhart|Dragon Darts|p1a: Annihilape
|-damage|p1a: Annihilape|60/100
|-anim|p2b: Earhart|Dragon Darts|p1a: Annihilape
|-damage|p1a: Annihilape|19/100
|move|p1a: Annihilape|Close Combat|p2a: Big Gamba
|-supereffective|p2a: Big Gamba
|-damage|p2a: Big Gamba|15/100
|-unboost|p1a: Annihilape|def|1
|-unboost|p1a: Annihilape|spd|1
|
|upkeep
|
|t:|1756667867
|switch|p1b: Rillaboom|Rillaboom, L50, F|100/100
|-fieldstart|move: Grassy Terrain|[from] ability: Grassy Surge|[of] p1b: Rillaboom
|turn|5
|
|t:|1756667875
|move|p2a: Big Gamba|Protect|p2a: Big Gamba
|-singleturn|p2a: Big Gamba|Protect
|move|p1b: Rillaboom|Grassy Glide|p2a: Big Gamba
|-activate|p2a: Big Gamba|move: Protect
|move|p2b: Earhart|Dragon Darts|p1a: Annihilape
|-damage|p1a: Annihilape|0 fnt
|-anim|p2b: Earhart|Dragon Darts|p1b: Rillaboom
|-damage|p1b: Rillaboom|65/100
|faint|p1a: Annihilape
|
|-heal|p1b: Rillaboom|71/100|[from] Grassy Terrain
|-heal|p2a: Big Gamba|21/100|[from] Grassy Terrain
|upkeep
|
|t:|1756667877
|switch|p1a: Incineroar|Incineroar, L50, M, shiny|100/100
|-ability|p1a: Incineroar|Intimidate|boost
|-unboost|p2a: Big Gamba|atk|1
|-ability|p2a: Big Gamba|Defiant|boost
|-boost|p2a: Big Gamba|atk|2
|-fail|p2b: Earhart|unboost|[from] ability: Clear Body|[of] p2b: Earhart
|turn|6
|
|t:|1756667901
|move|p1b: Rillaboom|Grassy Glide|p2a: Big Gamba
|-damage|p2a: Big Gamba|0 fnt
|faint|p2a: Big Gamba
|move|p2b: Earhart|Dragon Darts|p1b: Rillaboom
|-damage|p1b: Rillaboom|33/100
|-anim|p2b: Earhart|Dragon Darts|p1a: Incineroar
|-damage|p1a: Incineroar|63/100
|move|p1a: Incineroar|Knock Off|p2b: Earhart
|-supereffective|p2b: Earhart
|-damage|p2b: Earhart|0 fnt
|-enditem|p2b: Earhart|Choice Band|[from] move: Knock Off|[of] p1a: Incineroar
|faint|p2b: Earhart
|
|win|nikolasnaiz
|raw|nikolasnaiz's rating: 1228 → 1256(+28 for winning)
|raw|HelhiemFiend's rating: 1268 → 1240(-28 for losing)
