|j|☆artyowls
|j|☆kontstomper
|html|artyowlskontstomper    
|uhtml|bestof|Game 2 of a best-of-3
|t:|1756838516
|gametype|doubles
|player|p1|artyowls|plasmagrunt|1084
|player|p2|kontstomper|169|1037
|gen|9
|tier|[Gen 9] VGC 2025 Reg H (Bo3)
|rated|
|rule|Species Clause: Limit one of each Pokémon
|rule|Item Clause: Limit 1 of each item
|clearpoke
|poke|p1|Gholdengo, L50|
|poke|p1|Sneasler, L50, M|
|poke|p1|Whimsicott, L50, M|
|poke|p1|Kingambit, L50, F|
|poke|p1|Rillaboom, L50, M|
|poke|p1|Volcarona, L50, F|
|poke|p2|Tyranitar, L50, F|
|poke|p2|Corviknight, L50, F|
|poke|p2|Excadrill, L50, M|
|poke|p2|Rotom-Wash, L50|
|poke|p2|Sneasler, L50, F|
|poke|p2|Indeedee-F, L50, F|
|teampreview|4
|showteam|p1|Gholdengo||LifeOrb|GoodasGold|MakeItRain,ShadowBall,Protect,NastyPlot||||||50|,,,,,Fairy]Sneasler||FocusSash|Unburden|CloseCombat,DireClaw,Protect,FakeOut|||M|||50|,,,,,Dark]Whimsicott||CovertCloak|Prankster|Tailwind,Encore,Moonblast,Taunt|||M|||50|,,,,,Water]Kingambit||BlackGlasses|Defiant|SuckerPunch,KowtowCleave,Protect,SwordsDance|||F|||50|,,,,,Dark]Rillaboom||AssaultVest|GrassySurge|GrassyGlide,FakeOut,WoodHammer,HighHorsepower|||M|||50|,,,,,Fire]Volcarona||RockyHelmet|FlameBody|StruggleBug,RagePowder,FieryDance,WillOWisp|||F|||50|,,,,,Water
|showteam|p2|Tyranitar||AssaultVest|SandStream|RockSlide,KnockOff,IcyWind,DragonTail|||F|||50|,,,,,Flying]Corviknight||RockyHelmet|MirrorArmor|Tailwind,BraveBird,BodyPress,Roost|||F|||50|,,,,,Dragon]Excadrill||LifeOrb|SandRush|SwordsDance,Protect,Earthquake,IronHead|||M|||50|,,,,,Ghost]Rotom-Wash||ChoiceSpecs|Levitate|Trick,VoltSwitch,Thunderbolt,HydroPump||||||50|,,,,,Grass]Sneasler||PsychicSeed|Unburden|Protect,CloseCombat,DireClaw,ShadowClaw|||F|||50|,,,,,Dark]Indeedee-F||MentalHerb|PsychicSurge|Protect,TrickRoom,Psychic,FollowMe|||F|||50|,,,,,Psychic
|inactive|Battle timer is ON: inactive players will automatically lose when time's up. (requested by artyowls)
|
|t:|1756838597
|teamsize|p1|4
|teamsize|p2|4
|start
|switch|p1a: Whimsicott|Whimsicott, L50, M|100/100
|switch|p1b: Gholdengo|Gholdengo, L50|100/100
|switch|p2a: Sneasler|Sneasler, L50, F|100/100
|switch|p2b: Corviknight|Corviknight, L50, F|100/100
|turn|1
|inactive|artyowls has 30 seconds left.
|inactive|artyowls has 20 seconds left.
|
|t:|1756838635
|move|p1a: Whimsicott|Tailwind|p1a: Whimsicott
|-sidestart|p1: artyowls|move: Tailwind
|move|p1b: Gholdengo|Nasty Plot|p1b: Gholdengo
|-boost|p1b: Gholdengo|spa|2
|move|p2a: Sneasler|Shadow Claw|p1b: Gholdengo
|-supereffective|p1b: Gholdengo
|-damage|p1b: Gholdengo|37/100
|move|p2b: Corviknight|Brave Bird|p1a: Whimsicott
|-supereffective|p1a: Whimsicott
|-damage|p1a: Whimsicott|18/100
|-damage|p2b: Corviknight|77/100|[from] Recoil
|
|upkeep
|turn|2
|inactive|artyowls has 30 seconds left.
|inactive|kontstomper has 30 seconds left.
|inactive|artyowls has 20 seconds left.
|
|t:|1756838671
|switch|p2a: Excadrill|Excadrill, L50, M|100/100
|move|p1a: Whimsicott|Moonblast|p2b: Corviknight
|-resisted|p2b: Corviknight
|-damage|p2b: Corviknight|65/100
|move|p1b: Gholdengo|Make It Rain|p2a: Excadrill|[spread] p2a,p2b
|-resisted|p2a: Excadrill
|-resisted|p2b: Corviknight
|-damage|p2a: Excadrill|9/100
|-damage|p2b: Corviknight|7/100
|-unboost|p1b: Gholdengo|spa|1
|-damage|p1b: Gholdengo|27/100|[from] item: Life Orb
|move|p2b: Corviknight|Brave Bird|p1a: Whimsicott
|-supereffective|p1a: Whimsicott
|-damage|p1a: Whimsicott|0 fnt
|faint|p1a: Whimsicott
|-damage|p2b: Corviknight|2/100|[from] Recoil
|
|upkeep
|inactive|artyowls has 30 seconds left.
|
|t:|1756838697
|switch|p1a: Rillaboom|Rillaboom, L50, M|100/100
|-fieldstart|move: Grassy Terrain|[from] ability: Grassy Surge|[of] p1a: Rillaboom
|turn|3
|inactive|artyowls has 30 seconds left.
|
|t:|1756838724
|move|p2a: Excadrill|Protect|p2a: Excadrill
|-singleturn|p2a: Excadrill|Protect
|move|p1a: Rillaboom|Fake Out|p2a: Excadrill
|-activate|p2a: Excadrill|move: Protect
|move|p1b: Gholdengo|Make It Rain|p2b: Corviknight|[spread] p2b
|-activate|p2a: Excadrill|move: Protect
|-resisted|p2b: Corviknight
|-damage|p2b: Corviknight|0 fnt
|-unboost|p1b: Gholdengo|spa|1
|faint|p2b: Corviknight
|-damage|p1b: Gholdengo|17/100|[from] item: Life Orb
|
|-heal|p1b: Gholdengo|23/100|[from] Grassy Terrain
|-heal|p2a: Excadrill|15/100|[from] Grassy Terrain
|upkeep
|
|t:|1756838745
|switch|p2b: Sneasler|Sneasler, L50, F|100/100
|turn|4
|inactive|artyowls has 30 seconds left.
|
|t:|1756838772
|-terastallize|p1a: Rillaboom|Fire
|move|p2b: Sneasler|Protect|p2b: Sneasler
|-singleturn|p2b: Sneasler|Protect
|move|p1a: Rillaboom|Grassy Glide|p2a: Excadrill
|-damage|p2a: Excadrill|0 fnt
|faint|p2a: Excadrill
|move|p1b: Gholdengo|Make It Rain|p2b: Sneasler
|-activate|p2b: Sneasler|move: Protect
|
|-heal|p1b: Gholdengo|29/100|[from] Grassy Terrain
|-sideend|p1: artyowls|move: Tailwind
|upkeep
|
|t:|1756838784
|switch|p2a: Rotom|Rotom-Wash, L50|100/100
|turn|5
|inactive|artyowls has 30 seconds left.
|
|t:|1756838810
|-terastallize|p2a: Rotom|Grass
|move|p1b: Gholdengo|Protect|p1b: Gholdengo
|-singleturn|p1b: Gholdengo|Protect
|move|p2b: Sneasler|Shadow Claw|p1b: Gholdengo
|-activate|p1b: Gholdengo|move: Protect
|move|p1a: Rillaboom|High Horsepower|p2b: Sneasler
|-supereffective|p2b: Sneasler
|-damage|p2b: Sneasler|0 fnt
|faint|p2b: Sneasler
|move|p2a: Rotom|Hydro Pump|p1a: Rillaboom
|-supereffective|p1a: Rillaboom
|-damage|p1a: Rillaboom|4/100
|
|-heal|p1b: Gholdengo|35/100|[from] Grassy Terrain
|-heal|p1a: Rillaboom|10/100|[from] Grassy Terrain
|upkeep
|turn|6
|inactive|artyowls has 30 seconds left.
|inactive|artyowls has 20 seconds left.
|inactive|artyowls has 15 seconds left.
|
|t:|1756838851
|move|p1a: Rillaboom|Grassy Glide|p2a: Rotom
|-resisted|p2a: Rotom
|-damage|p2a: Rotom|82/100
|move|p1b: Gholdengo|Make It Rain|p2a: Rotom
|-damage|p2a: Rotom|0 fnt
|-unboost|p1b: Gholdengo|spa|1
|faint|p2a: Rotom
|-damage|p1b: Gholdengo|26/100|[from] item: Life Orb
|
|win|artyowls
