|j|☆crosseczek
|j|☆zen077
|html|crosseczekzen077    
|uhtml|bestof|Game 1 of a best-of-3
|t:|1784740155
|gametype|doubles
|player|p1|crosseczek|265|
|player|p2|zen077|266|
|gen|9
|tier|[Gen 9 Champions] VGC 2026 Reg M-B (Bo3)
|rule|Species Clause: Limit one of each Pokémon
|rule|Item Clause: Limit 1 of each item
|clearpoke
|poke|p1|Mawile, L50, M|
|poke|p1|Maushold, L50|
|poke|p1|Whimsicott, L50, F|
|poke|p1|Raichu, L50, F|
|poke|p1|Incineroar, L50, M|
|poke|p1|Farigiraf, L50, M|
|poke|p2|Basculegion, L50, M|
|poke|p2|Sneasler, L50, F|
|poke|p2|Meganium, L50, F|
|poke|p2|Aerodactyl, L50, F|
|poke|p2|Kingambit, L50, M|
|poke|p2|Farigiraf, L50, F|
|teampreview|4
|showteam|p1|Mawile||Mawilite|HyperCutter|PlayRough,SuckerPunch,SwordsDance,Protect|Brave||M|||50|]Maushold||WideLens|Technician|PopulationBomb,FollowMe,Taunt,Protect|Adamant|||||50|]Whimsicott||FocusSash|Prankster|Moonblast,Encore,Tailwind,Protect|Modest||F|||50|]Raichu||RaichuniteY|LightningRod|ZapCannon,FocusBlast,GrassKnot,Protect|Timid||F|||50|]Incineroar||Charcoal|Intimidate|FlareBlitz,DarkestLariat,PartingShot,FakeOut|Adamant||M|||50|]Farigiraf||ColburBerry|ArmorTail|Psychic,Imprison,TrickRoom,Protect|Modest||M|||50|
|showteam|p2|Basculegion||ChoiceScarf|Adaptability|WaveCrash,LastRespects,FlipTurn,AquaJet|Jolly||M|||50|]Sneasler||WhiteHerb|Unburden|Protect,FakeOut,CloseCombat,DireClaw|Adamant||F|||50|]Meganium||Meganiumite|LeafGuard|Protect,SolarBeam,DazzlingGleam,WeatherBall|Modest||F|||50|]Aerodactyl||FocusSash|Unnerve|Protect,RockSlide,DualWingbeat,Tailwind|Jolly||F|||50|]Kingambit||ChopleBerry|Defiant|LowKick,IronHead,KowtowCleave,SuckerPunch|Adamant||M|||50|]Farigiraf||SitrusBerry|ArmorTail|TrickRoom,AllySwitch,Psychic,HyperVoice|Quiet||F|||50|
|inactive|Battle timer is ON: inactive players will automatically lose when time's up. (requested by zen077)
|c|☆crosseczek|Gl hf
|inactive|crosseczek has 60 seconds left.
|inactive|zen077 has 60 seconds left.
|inactive|zen077 has 30 seconds left.
|inactive|zen077 has 20 seconds left.
|inactive|zen077 has 15 seconds left.
|
|t:|1784740236
|teamsize|p1|4
|teamsize|p2|4
|start
|switch|p1a: Farigiraf|Farigiraf, L50, M|100/100
|switch|p1b: Incineroar|Incineroar, L50, M|100/100
|switch|p2a: Kingambit|Kingambit, L50, M|100/100
|switch|p2b: Sneasler|Sneasler, L50, F|100/100
|-ability|p1b: Incineroar|Intimidate|boost
|-unboost|p2a: Kingambit|atk|1
|-ability|p2a: Kingambit|Defiant|boost
|-boost|p2a: Kingambit|atk|2
|-unboost|p2b: Sneasler|atk|1
|-enditem|p2b: Sneasler|White Herb
|-clearnegativeboost|p2b: Sneasler|[silent]
|turn|1
|
|t:|1784740260
|move|p1b: Incineroar|Fake Out|p2b: Sneasler
|-damage|p2b: Sneasler|76/100
|cant|p2b: Sneasler|flinch
|move|p2a: Kingambit|Kowtow Cleave|p1a: Farigiraf
|-supereffective|p1a: Farigiraf|1
|-enditem|p1a: Farigiraf|Colbur Berry|[eat]
|-enditem|p1a: Farigiraf|Colbur Berry|[weaken]
|-damage|p1a: Farigiraf|33/100
|move|p1a: Farigiraf|Trick Room|p1a: Farigiraf
|-fieldstart|move: Trick Room|[of] p1a: Farigiraf
|
|upkeep
|turn|2
|
|t:|1784740276
|move|p2a: Kingambit|Kowtow Cleave|p1a: Farigiraf
|-supereffective|p1a: Farigiraf|1
|-damage|p1a: Farigiraf|0 fnt
|faint|p1a: Farigiraf
|move|p1b: Incineroar|Flare Blitz|p2a: Kingambit
|-supereffective|p2a: Kingambit|1
|-damage|p2a: Kingambit|0 fnt
|faint|p2a: Kingambit
|-damage|p1b: Incineroar|66/100|[from] Recoil
|move|p2b: Sneasler|Close Combat|p1b: Incineroar
|-supereffective|p1b: Incineroar|1
|-damage|p1b: Incineroar|0 fnt
|-unboost|p2b: Sneasler|def|1
|-unboost|p2b: Sneasler|spd|1
|faint|p1b: Incineroar
|
|upkeep
|
|t:|1784740285
|switch|p2a: Meganium|Meganium, L50, F|100/100
|switch|p1a: Mawile|Mawile, L50, M|100/100
|switch|p1b: Maushold|Maushold, L50|100/100
|turn|3
|
|t:|1784740305
|detailschange|p1a: Mawile|Mawile-Mega, L50, M
|-mega|p1a: Mawile|Mawile|Mawilite
|move|p2a: Meganium|Protect|p2a: Meganium
|-singleturn|p2a: Meganium|Protect
|move|p2b: Sneasler|Protect|p2b: Sneasler
|-singleturn|p2b: Sneasler|Protect
|move|p1a: Mawile|Play Rough|p2a: Meganium
|-activate|p2a: Meganium|move: Protect
|move|p1b: Maushold|Population Bomb|p2b: Sneasler
|-activate|p2b: Sneasler|move: Protect
|
|upkeep
|turn|4
|
|t:|1784740327
|switch|p2b: Basculegion|Basculegion, L50, M|100/100
|detailschange|p2a: Meganium|Meganium-Mega, L50, F
|-mega|p2a: Meganium|Meganium|Meganiumite
|move|p1a: Mawile|Protect|p1a: Mawile
|-singleturn|p1a: Mawile|Protect
|move|p2a: Meganium|Weather Ball|p1a: Mawile
|-activate|p1a: Mawile|move: Protect
|move|p1b: Maushold|Population Bomb|p2a: Meganium
|-damage|p2a: Meganium|88/100
|-damage|p2a: Meganium|78/100
|-damage|p2a: Meganium|67/100
|-damage|p2a: Meganium|57/100
|-damage|p2a: Meganium|46/100
|-damage|p2a: Meganium|35/100
|-damage|p2a: Meganium|24/100
|-damage|p2a: Meganium|13/100
|-damage|p2a: Meganium|4/100
|-damage|p2a: Meganium|0 fnt
|faint|p2a: Meganium
|-hitcount|p2: Meganium|10
|
|upkeep
|
|t:|1784740336
|switch|p2a: Sneasler|Sneasler, L50, F|76/100
|turn|5
|
|t:|1784740356
|move|p2a: Sneasler|Fake Out|p1a: Mawile
|-resisted|p1a: Mawile|1
|-damage|p1a: Mawile|93/100
|cant|p1a: Mawile|flinch
|move|p1b: Maushold|Population Bomb|p2a: Sneasler
|-damage|p2a: Sneasler|56/100
|-damage|p2a: Sneasler|37/100
|-damage|p2a: Sneasler|15/100
|-damage|p2a: Sneasler|0 fnt
|faint|p2a: Sneasler
|-hitcount|p2: Sneasler|4
|move|p2b: Basculegion|Last Respects|p1a: Mawile
|-damage|p1a: Mawile|0 fnt
|faint|p1a: Mawile
|
|-fieldend|move: Trick Room
|upkeep
|turn|6
|
|t:|1784740368
|move|p1b: Maushold|Follow Me|p1b: Maushold
|-singleturn|p1b: Maushold|move: Follow Me
|move|p2b: Basculegion|Last Respects|p1b: Maushold
|-immune|p1b: Maushold
|
|upkeep
|turn|7
|c|☆crosseczek|Hm
|c|☆crosseczek|I think I win cus you will faster struggle
|inactive|crosseczek has 30 seconds left.
|c|☆crosseczek|Can you forfeit?
|
|t:|1784740398
|move|p2b: Basculegion|Last Respects|p1b: Maushold
|-immune|p1b: Maushold
|move|p1b: Maushold|Taunt|p2b: Basculegion
|-start|p2b: Basculegion|move: Taunt
|
|upkeep
|turn|8
|
|t:|1784740405
|move|p2b: Basculegion|Last Respects|p1b: Maushold
|-immune|p1b: Maushold
|move|p1b: Maushold|Population Bomb|p2b: Basculegion
|-immune|p2b: Basculegion
|
|upkeep
|turn|9
|
|t:|1784740413
|move|p2b: Basculegion|Last Respects|p1b: Maushold
|-immune|p1b: Maushold
|move|p1b: Maushold|Population Bomb|p2b: Basculegion
|-immune|p2b: Basculegion
|
|upkeep
|turn|10
|
|t:|1784740421
|move|p2b: Basculegion|Last Respects|p1b: Maushold
|-immune|p1b: Maushold
|move|p1b: Maushold|Population Bomb|p2b: Basculegion
|-immune|p2b: Basculegion
|
|-end|p2b: Basculegion|move: Taunt
|upkeep
|turn|11
|
|t:|1784740426
|move|p2b: Basculegion|Last Respects|p1b: Maushold
|-immune|p1b: Maushold
|move|p1b: Maushold|Population Bomb|p2b: Basculegion
|-immune|p2b: Basculegion
|
|upkeep
|turn|12
|
|t:|1784740435
|move|p2b: Basculegion|Last Respects|p1b: Maushold
|-immune|p1b: Maushold
|move|p1b: Maushold|Population Bomb|p2b: Basculegion
|-immune|p2b: Basculegion
|
|upkeep
|turn|13
|
|t:|1784740442
|move|p1b: Maushold|Follow Me|p1b: Maushold
|-singleturn|p1b: Maushold|move: Follow Me
|move|p2b: Basculegion|Last Respects|p1b: Maushold
|-immune|p1b: Maushold
|
|upkeep
|turn|14
|
|t:|1784740447
|move|p1b: Maushold|Follow Me|p1b: Maushold
|-singleturn|p1b: Maushold|move: Follow Me
|move|p2b: Basculegion|Last Respects|p1b: Maushold
|-immune|p1b: Maushold
|
|upkeep
|turn|15
|
|t:|1784740454
|move|p1b: Maushold|Follow Me|p1b: Maushold
|-singleturn|p1b: Maushold|move: Follow Me
|move|p2b: Basculegion|Last Respects|p1b: Maushold
|-immune|p1b: Maushold
|
|upkeep
|turn|16
|
|t:|1784740460
|move|p1b: Maushold|Follow Me|p1b: Maushold
|-singleturn|p1b: Maushold|move: Follow Me
|move|p2b: Basculegion|Last Respects|p1b: Maushold
|-immune|p1b: Maushold
|
|upkeep
|turn|17
|
|t:|1784740467
|move|p1b: Maushold|Follow Me|p1b: Maushold
|-singleturn|p1b: Maushold|move: Follow Me
|-activate|p2b: Basculegion|move: Struggle
|move|p2b: Basculegion|Struggle|p1b: Maushold
|-damage|p1b: Maushold|76/100
|-damage|p2b: Basculegion|75/100|[from] recoil
|
|upkeep
|turn|18
|
|t:|1784740474
|move|p1b: Maushold|Follow Me|p1b: Maushold
|-singleturn|p1b: Maushold|move: Follow Me
|-activate|p2b: Basculegion|move: Struggle
|move|p2b: Basculegion|Struggle|p1b: Maushold
|-damage|p1b: Maushold|53/100
|-damage|p2b: Basculegion|50/100g|[from] recoil
|
|upkeep
|turn|19
|
|t:|1784740482
|move|p1b: Maushold|Follow Me|p1b: Maushold
|-singleturn|p1b: Maushold|move: Follow Me
|-activate|p2b: Basculegion|move: Struggle
|move|p2b: Basculegion|Struggle|p1b: Maushold
|-damage|p1b: Maushold|30/100
|-damage|p2b: Basculegion|25/100|[from] recoil
|
|upkeep
|turn|20
|
|t:|1784740492
|move|p1b: Maushold|Follow Me|p1b: Maushold
|-singleturn|p1b: Maushold|move: Follow Me
|-activate|p2b: Basculegion|move: Struggle
|move|p2b: Basculegion|Struggle|p1b: Maushold
|-damage|p1b: Maushold|9/100
|-damage|p2b: Basculegion|1/100|[from] recoil
|
|upkeep
|turn|21
|c|☆crosseczek|Dam
|
|t:|1784740502
|move|p1b: Maushold|Protect|p1b: Maushold
|-singleturn|p1b: Maushold|Protect
|-activate|p2b: Basculegion|move: Struggle
|move|p2b: Basculegion|Struggle|p1b: Maushold
|-activate|p1b: Maushold|move: Protect
|
|upkeep
|turn|22
|
|t:|1784740506
|move|p1b: Maushold|Protect||[still]
|-fail|p1b: Maushold
|-activate|p2b: Basculegion|move: Struggle
|move|p2b: Basculegion|Struggle|p1b: Maushold
|-crit|p1b: Maushold
|-damage|p1b: Maushold|0 fnt
|faint|p1b: Maushold
|-damage|p2b: Basculegion|0 fnt|[from] recoil
|faint|p2b: Basculegion
|
|win|zen077
||crosseczek is ready for game 2.
|inactive|zen077 has 30 seconds to confirm battle start!
||zen077 is ready for game 2.
|uhtml|next|Next: Game 2 of 3
|l|☆crosseczek
|player|p1|
|l|☆zen077
|player|p2|
|j|☆crosseczek
|player|p1|crosseczek|265|
