|j|☆cy1015
|j|☆synthecmo
|html|cy1015synthecmo    
|uhtml|bestof|Game 3 of a best-of-3
|t:|1754249064
|gametype|doubles
|player|p1|cy1015|265|1184
|player|p2|synthecmo|170|1200
|gen|9
|tier|[Gen 9] VGC 2025 Reg H (Bo3)
|rated|
|rule|Species Clause: Limit one of each Pokémon
|rule|Item Clause: Limit 1 of each item
|clearpoke
|poke|p1|Dragonite, L50, F|
|poke|p1|Garchomp, L50, F|
|poke|p1|Vivillon-Fancy, L50, M|
|poke|p1|Incineroar, L50, F|
|poke|p1|Ninetales-Alola, L50, M|
|poke|p1|Kingambit, L50, M|
|poke|p2|Rillaboom, L50, M|
|poke|p2|Electabuzz, L50, F|
|poke|p2|Sneasler, L50, F|
|poke|p2|Volcarona, L50, F|
|poke|p2|Kingambit, L50, F|
|poke|p2|Dragapult, L50, F|
|teampreview|4
|showteam|p1|Dragonite||LumBerry|Multiscale|ExtremeSpeed,TeraBlast,LowKick,Protect|||F|||50|,,,,,Flying]Garchomp||LifeOrb|RoughSkin|Earthquake,DragonClaw,StompingTantrum,Protect|||F|||50|,,,,,Steel]Vivillon-Fancy||FocusSash|CompoundEyes|Hurricane,SleepPowder,RagePowder,Protect|||M|||50|,,,,,Ghost]Incineroar||RockyHelmet|Intimidate|KnockOff,FlareBlitz,FakeOut,PartingShot|||F|||50|,,,,,Fire]Ninetales-Alola||ChoiceSpecs|SnowWarning|Blizzard,FreezeDry,Moonblast,DazzlingGleam|||M|||50|,,,,,Ice]Kingambit||AssaultVest|Defiant|KowtowCleave,IronHead,SuckerPunch,LowKick|||M|||50|,,,,,Flying
|showteam|p2|Rillaboom||AssaultVest|GrassySurge|WoodHammer,GrassyGlide,HighHorsepower,FakeOut|||M|||50|,,,,,Fire]Electabuzz||Eviolite|VitalSpirit|Thunderbolt,FollowMe,Taunt,Protect|||F|||50|,,,,,Fairy]Sneasler||FocusSash|PoisonTouch|CloseCombat,DireClaw,FakeOut,Coaching|||F|||50|,,,,,Ghost]Volcarona||Leftovers|FlameBody|FieryDance,GigaDrain,QuiverDance,Protect|||F|||50|,,,,,Dragon]Kingambit||BlackGlasses|Defiant|KowtowCleave,SuckerPunch,SwordsDance,Protect|||F|||50|,,,,,Dark]Dragapult||ChoiceBand|ClearBody|DragonDarts,PhantomForce,Outrage,Uturn|||F|||50|,,,,,Dragon
|inactive|Battle timer is ON: inactive players will automatically lose when time's up. (requested by synthecmo)
|
|t:|1754249091
|teamsize|p1|4
|teamsize|p2|4
|start
|switch|p1a: Vivillon|Vivillon-Fancy, L50, M, shiny|100/100
|switch|p1b: Garchomp|Garchomp, L50, F, shiny|100/100
|switch|p2a: Sneasler|Sneasler, L50, F, shiny|100/100
|switch|p2b: Dragapult|Dragapult, L50, F, shiny|100/100
|turn|1
|inactive|cy1015 has 30 seconds left.
|inactive|synthecmo has 30 seconds left.
|
|t:|1754249131
|switch|p2a: Rillaboom|Rillaboom, L50, M, shiny|100/100
|-fieldstart|move: Grassy Terrain|[from] ability: Grassy Surge|[of] p2a: Rillaboom
|switch|p1a: Kingambit|Kingambit, L50, M, shiny|100/100
|-terastallize|p1b: Garchomp|Steel
|move|p2b: Dragapult|Phantom Force||[still]
|-prepare|p2b: Dragapult|Phantom Force
|move|p1b: Garchomp|Dragon Claw|p2b: Dragapult|[miss]
|-miss|p1b: Garchomp|p2b: Dragapult
|
|upkeep
|turn|2
|
|t:|1754249151
|move|p2a: Rillaboom|Fake Out|p1a: Kingambit
|-resisted|p1a: Kingambit
|-damage|p1a: Kingambit|95/100
|move|p2b: Dragapult|Phantom Force|p1a: Kingambit|[from] lockedmove
|-resisted|p1a: Kingambit
|-damage|p1a: Kingambit|68/100
|move|p1b: Garchomp|Dragon Claw|p2b: Dragapult
|-supereffective|p2b: Dragapult
|-damage|p2b: Dragapult|0 fnt
|faint|p2b: Dragapult
|-damage|p1b: Garchomp|91/100|[from] item: Life Orb
|cant|p1a: Kingambit|flinch
|
|-heal|p1b: Garchomp|97/100|[from] Grassy Terrain
|-heal|p1a: Kingambit|74/100|[from] Grassy Terrain
|upkeep
|
|t:|1754249168
|switch|p2b: Volcarona|Volcarona, L50, F, shiny|100/100
|turn|3
|inactive|cy1015 has 30 seconds left.
|inactive|cy1015 has 20 seconds left.
|inactive|cy1015 has 15 seconds left.
|
|t:|1754249210
|move|p1b: Garchomp|Dragon Claw|p2a: Rillaboom
|-crit|p2a: Rillaboom
|-damage|p2a: Rillaboom|32/100
|-damage|p1b: Garchomp|87/100|[from] item: Life Orb
|move|p2b: Volcarona|Quiver Dance|p2b: Volcarona
|-boost|p2b: Volcarona|spa|1
|-boost|p2b: Volcarona|spd|1
|-boost|p2b: Volcarona|spe|1
|move|p2a: Rillaboom|High Horsepower|p1a: Kingambit
|-supereffective|p1a: Kingambit
|-damage|p1a: Kingambit|28/100
|move|p1a: Kingambit|Iron Head|p2a: Rillaboom
|-damage|p2a: Rillaboom|0 fnt
|faint|p2a: Rillaboom
|
|-heal|p1b: Garchomp|93/100|[from] Grassy Terrain
|-heal|p1a: Kingambit|34/100|[from] Grassy Terrain
|upkeep
|
|t:|1754249225
|switch|p2a: Sneasler|Sneasler, L50, F, shiny|100/100
|turn|4
|
|t:|1754249244
|move|p2b: Volcarona|Fiery Dance|p1b: Garchomp
|-supereffective|p1b: Garchomp
|-damage|p1b: Garchomp|0 fnt
|faint|p1b: Garchomp
|move|p2a: Sneasler|Close Combat|p1a: Kingambit
|-supereffective|p1a: Kingambit
|-damage|p1a: Kingambit|0 fnt
|-unboost|p2a: Sneasler|def|1
|-unboost|p2a: Sneasler|spd|1
|faint|p1a: Kingambit
|
|upkeep
|
|t:|1754249256
|switch|p1b: Vivillon|Vivillon-Fancy, L50, M, shiny|100/100
|switch|p1a: Ninetales|Ninetales-Alola, L50, M|100/100
|-weather|Snowscape|[from] ability: Snow Warning|[of] p1a: Ninetales
|turn|5
|
|t:|1754249280
|-terastallize|p2b: Volcarona|Dragon
|move|p2b: Volcarona|Fiery Dance|p1a: Ninetales
|-supereffective|p1a: Ninetales
|-damage|p1a: Ninetales|0 fnt
|faint|p1a: Ninetales
|move|p2a: Sneasler|Dire Claw|p1b: Vivillon
|-damage|p1b: Vivillon|15/100
|-status|p1b: Vivillon|psn|[from] ability: Poison Touch|[of] p2a: Sneasler
|move|p1b: Vivillon|Sleep Powder|p2b: Volcarona
|-status|p2b: Volcarona|slp|[from] move: Sleep Powder
|
|-weather|Snowscape|[upkeep]
|-damage|p1b: Vivillon|3/100 psn|[from] psn
|-fieldend|move: Grassy Terrain
|upkeep
|turn|6
|inactive|cy1015 has 30 seconds left.
|inactive|cy1015 has 20 seconds left.
|inactive|cy1015 has 15 seconds left.
|inactive|cy1015 has 10 seconds left.
|inactive|cy1015 has 5 seconds left.
|
|t:|1754249335
|cant|p2b: Volcarona|slp
|move|p2a: Sneasler|Fake Out||[still]
|-hint|Fake Out only works on your first turn out.
|-fail|p2a: Sneasler
|move|p1b: Vivillon|Hurricane|p2a: Sneasler
|-supereffective|p2a: Sneasler
|-enditem|p2a: Sneasler|Focus Sash
|-damage|p2a: Sneasler|1/100
|
|-weather|Snowscape|[upkeep]
|-damage|p1b: Vivillon|0 fnt|[from] psn
|faint|p1b: Vivillon
|
|win|synthecmo
|raw|cy1015's rating: 1184 → 1160(-24 for losing)
|raw|synthecmo's rating: 1200 → 1224(+24 for winning)
