|j|☆juanfer96livecom
|j|☆Pressinblades
|html|juanfer96livecomPressinblades    
|uhtml|bestof|Game 1 of a best-of-3
|t:|1785810368
|gametype|doubles
|player|p1|juanfer96livecom|2|1000
|player|p2|Pressinblades|101|1100
|gen|9
|tier|[Gen 9 Champions] VGC 2026 Reg M-B (Bo3)
|rated|
|rule|Species Clause: Limit one of each Pokémon
|rule|Item Clause: Limit 1 of each item
|clearpoke
|poke|p1|Sneasler, L50, F|
|poke|p1|Blastoise, L50, M|
|poke|p1|Kingambit, L50, M|
|poke|p1|Incineroar, L50, M|
|poke|p1|Delphox, L50, F|
|poke|p1|Sinistcha, L50|
|poke|p2|Talonflame, L50, F|
|poke|p2|Garchomp, L50, F, shiny|
|poke|p2|Maushold, L50|
|poke|p2|Gardevoir, L50, M, shiny|
|poke|p2|Gyarados, L50, F, shiny|
|poke|p2|Metagross, L50, shiny|
|teampreview|4
|showteam|p1|Sneasler||FocusSash|Unburden|DireClaw,CloseCombat,FakeOut,QuickGuard|Adamant||F|||50|]Blastoise||Blastoisinite|Torrent|WaterSpout,DarkPulse,ShellSmash,Protect|Modest||M|||50|]Kingambit||BlackGlasses|Defiant|KowtowCleave,SuckerPunch,SwordsDance,Protect|Adamant||M|||50|]Incineroar||SitrusBerry|Intimidate|HelpingHand,FakeOut,PartingShot,FlareBlitz|Adamant||M|||50|]Delphox||Delphoxite|Blaze|Protect,Psyshock,NastyPlot,HeatWave|Timid||F|||50|]Sinistcha||KasibBerry|Hospitality|MatchaGotcha,RagePowder,Protect,LifeDew|Bold|||||50|
|showteam|p2|Talonflame||SharpBeak|GaleWings|Protect,Tailwind,DualWingbeat,Overheat|Naive||F|||50|]Garchomp||LifeOrb|RoughSkin|Protect,RockSlide,Earthquake,StompingTantrum|Adamant||F|||50|]Maushold||FocusSash|FriendGuard|Protect,SuperFang,FollowMe,Encore|Timid|||||50|]Gardevoir||Gardevoirite|Telepathy|Protect,TrickRoom,HyperVoice,Psychic|Modest||M|||50|]Gyarados||Gyaradosite|Intimidate|Protect,DragonDance,Waterfall,Crunch|Jolly||F|||50|]Metagross||ColburBerry|ClearBody|Protect,BulletPunch,PsychicFangs,HammerArm|Adamant|||||50|
|j| Agent_999_999
|inactive|Battle timer is ON: inactive players will automatically lose when time's up. (requested by juanfer96livecom)
|l| Agent_999_999
|inactive|juanfer96livecom has 60 seconds left.
|inactive|Pressinblades has 60 seconds left.
|inactive|juanfer96livecom has 30 seconds left.
|inactive|juanfer96livecom has 20 seconds left.
|inactive|juanfer96livecom has 15 seconds left.
|inactive|juanfer96livecom has 10 seconds left.
|
|t:|1785810472
|teamsize|p1|4
|teamsize|p2|4
|start
|switch|p1a: Blastoise|Blastoise, L50, M|100/100
|switch|p1b: Incineroar|Incineroar, L50, M|100/100
|switch|p2a: Metagross|Metagross, L50, shiny|100/100
|switch|p2b: Garchomp|Garchomp, L50, F, shiny|100/100
|-ability|p1b: Incineroar|Intimidate|boost
|-fail|p2a: Metagross|unboost|[from] ability: Clear Body|[of] p2a: Metagross
|-unboost|p2b: Garchomp|atk|1
|turn|1
|l|☆Pressinblades
|inactive|Pressinblades disconnected and has a minute to reconnect!
|player|p2|
|j|☆Pressinblades
|inactive|Pressinblades reconnected and has 40 seconds left.
|player|p2|Pressinblades|101|
|inactive|Pressinblades has 30 seconds left.
|inactive|Pressinblades has 20 seconds left.
|
|t:|1785810508
|detailschange|p1a: Blastoise|Blastoise-Mega, L50, M
|-mega|p1a: Blastoise|Blastoise|Blastoisinite
|move|p1b: Incineroar|Fake Out|p2b: Garchomp
|-damage|p2b: Garchomp|88/100
|-damage|p1b: Incineroar|87/100|[from] ability: Rough Skin|[of] p2b: Garchomp
|cant|p2b: Garchomp|flinch
|move|p1a: Blastoise|Shell Smash|p1a: Blastoise
|-unboost|p1a: Blastoise|def|1
|-unboost|p1a: Blastoise|spd|1
|-boost|p1a: Blastoise|atk|2
|-boost|p1a: Blastoise|spa|2
|-boost|p1a: Blastoise|spe|2
|move|p2a: Metagross|Psychic Fangs|p1a: Blastoise
|-damage|p1a: Blastoise|26/100
|
|upkeep
|turn|2
|inactive|juanfer96livecom has 30 seconds left.
|
|t:|1785810538
|move|p1a: Blastoise|Protect|p1a: Blastoise
|-singleturn|p1a: Blastoise|Protect
|move|p2b: Garchomp|Protect|p2b: Garchomp
|-singleturn|p2b: Garchomp|Protect
|move|p2a: Metagross|Hammer Arm|p1b: Incineroar
|-supereffective|p1b: Incineroar|1
|-damage|p1b: Incineroar|24/100
|-unboost|p2a: Metagross|spe|1
|-enditem|p1b: Incineroar|Sitrus Berry|[eat]
|-heal|p1b: Incineroar|49/100|[from] item: Sitrus Berry
|move|p1b: Incineroar|Flare Blitz|p2a: Metagross
|-supereffective|p2a: Metagross|1
|-damage|p2a: Metagross|18/100
|-status|p2a: Metagross|brn
|-damage|p1b: Incineroar|26/100|[from] Recoil
|
|-damage|p2a: Metagross|12/100 brn|[from] brn
|upkeep
|turn|3
|inactive|Pressinblades has 30 seconds left.
|
|t:|1785810570
|switch|p1b: Sinistcha|Sinistcha, L50|100/100
|-heal|p1a: Blastoise|51/100|[from] ability: Hospitality|[of] p1b: Sinistcha
|move|p2a: Metagross|Bullet Punch|p1a: Blastoise
|-resisted|p1a: Blastoise|1
|-damage|p1a: Blastoise|44/100
|move|p1a: Blastoise|Water Spout|p2a: Metagross|[spread] p2a,p2b
|-damage|p2a: Metagross|0 fnt
|-damage|p2b: Garchomp|24/100
|faint|p2a: Metagross
|move|p2b: Garchomp|Earthquake|p1a: Blastoise|[spread] p1a,p1b
|-resisted|p1b: Sinistcha|1
|-damage|p1a: Blastoise|0 fnt
|-damage|p1b: Sinistcha|85/100
|faint|p1a: Blastoise
|-damage|p2b: Garchomp|14/100|[from] item: Life Orb
|
|upkeep
|
|t:|1785810587
|switch|p1a: Sneasler|Sneasler, L50, F|100/100
|switch|p2a: Gyarados|Gyarados, L50, F, shiny|100/100
|-ability|p2a: Gyarados|Intimidate|boost
|-unboost|p1a: Sneasler|atk|1
|-unboost|p1b: Sinistcha|atk|1
|turn|4
|
|t:|1785810598
|move|p2b: Garchomp|Protect|p2b: Garchomp
|-singleturn|p2b: Garchomp|Protect
|move|p1a: Sneasler|Fake Out|p2a: Gyarados
|-damage|p2a: Gyarados|86/100
|cant|p2a: Gyarados|flinch
|move|p1b: Sinistcha|Matcha Gotcha|p2a: Gyarados|[spread] p2a
|-activate|p2b: Garchomp|move: Protect
|-damage|p2a: Gyarados|64/100
|-heal|p1b: Sinistcha|97/100|[from] drain|[of] p2a: Gyarados
|-status|p2a: Gyarados|brn
|
|-damage|p2a: Gyarados|58/100 brn|[from] brn
|upkeep
|turn|5
|
|t:|1785810620
|move|p1a: Sneasler|Dire Claw|p2a: Gyarados
|-damage|p2a: Gyarados|21/100 brn
|-fail|p2a: Gyarados
|move|p2b: Garchomp|Earthquake|p1a: Sneasler|[spread] p1a,p1b
|-immune|p2a: Gyarados
|-supereffective|p1a: Sneasler|1
|-resisted|p1b: Sinistcha|1
|-enditem|p1a: Sneasler|Focus Sash
|-damage|p1a: Sneasler|1/100
|-damage|p1b: Sinistcha|82/100
|-damage|p2b: Garchomp|4/100|[from] item: Life Orb
|move|p2a: Gyarados|Dragon Dance|p2a: Gyarados
|-boost|p2a: Gyarados|atk|1
|-boost|p2a: Gyarados|spe|1
|move|p1b: Sinistcha|Matcha Gotcha|p2a: Gyarados|[spread] p2a,p2b
|-damage|p2a: Gyarados|0 fnt
|-heal|p1b: Sinistcha|94/100|[from] drain|[of] p2a: Gyarados
|-damage|p2b: Garchomp|0 fnt
|-heal|p1b: Sinistcha|97/100|[from] drain|[of] p2b: Garchomp
|faint|p2a: Gyarados
|faint|p2b: Garchomp
|
|upkeep
|
|t:|1785810635
|switch|p2b: Talonflame|Talonflame, L50, F|100/100
|turn|6
|
|t:|1785810658
|move|p1b: Sinistcha|Rage Powder|p1b: Sinistcha
|-singleturn|p1b: Sinistcha|move: Rage Powder
|move|p2b: Talonflame|Dual Wingbeat|p1b: Sinistcha
|-supereffective|p1b: Sinistcha|1
|-crit|p1b: Sinistcha
|-damage|p1b: Sinistcha|50/100g
|-supereffective|p1b: Sinistcha|1
|-damage|p1b: Sinistcha|23/100
|-hitcount|p1b: Sinistcha|2
|move|p1a: Sneasler|Dire Claw|p2b: Talonflame
|-damage|p2b: Talonflame|56/100
|
|upkeep
|turn|7
|
|t:|1785810671
|move|p1b: Sinistcha|Rage Powder|p1b: Sinistcha
|-singleturn|p1b: Sinistcha|move: Rage Powder
|move|p1a: Sneasler|Dire Claw|p2b: Talonflame
|-damage|p2b: Talonflame|12/100
|move|p2b: Talonflame|Dual Wingbeat|p1b: Sinistcha
|-supereffective|p1b: Sinistcha|1
|-damage|p1b: Sinistcha|0 fnt
|faint|p1b: Sinistcha
|-hitcount|p1: Sinistcha|1
|
|upkeep
|
|t:|1785810679
|switch|p1b: Incineroar|Incineroar, L50, M|26/100
|-ability|p1b: Incineroar|Intimidate|boost
|-unboost|p2b: Talonflame|atk|1
|turn|8
|
|t:|1785810686
|move|p2b: Talonflame|Protect|p2b: Talonflame
|-singleturn|p2b: Talonflame|Protect
|move|p1b: Incineroar|Fake Out|p2b: Talonflame
|-activate|p2b: Talonflame|move: Protect
|move|p1a: Sneasler|Dire Claw|p2b: Talonflame
|-activate|p2b: Talonflame|move: Protect
|
|upkeep
|turn|9
|
|t:|1785810699
|move|p1a: Sneasler|Dire Claw|p2b: Talonflame
|-damage|p2b: Talonflame|0 fnt
|faint|p2b: Talonflame
|
|win|juanfer96livecom
|inactive|juanfer96livecom has 30 seconds to confirm battle start!
|inactive|Pressinblades has 30 seconds to confirm battle start!
