|j|☆probandoteammvp
|j|☆mikelpoyarzabal
|html|probandoteammvpmikelpoyarzabal    
|uhtml|bestof|Game 2 of a best-of-3
|t:|1785703750
|gametype|doubles
|player|p1|probandoteammvp|101|1431
|player|p2|mikelpoyarzabal|arven-s|1399
|gen|9
|tier|[Gen 9 Champions] VGC 2026 Reg M-B (Bo3)
|rated|
|rule|Species Clause: Limit one of each Pokémon
|rule|Item Clause: Limit 1 of each item
|clearpoke
|poke|p1|Blastoise, L50, M, shiny|
|poke|p1|Sylveon, L50, F, shiny|
|poke|p1|Vivillon-Fancy, L50, F, shiny|
|poke|p1|Farigiraf, L50, F, shiny|
|poke|p1|Sinistcha, L50, shiny|
|poke|p1|Pelipper, L50, M, shiny|
|poke|p2|Gengar, L50, F|
|poke|p2|Swampert, L50, F|
|poke|p2|Incineroar, L50, F|
|poke|p2|Politoed, L50, M|
|poke|p2|Archaludon, L50, M|
|poke|p2|Vivillon, L50, M|
|teampreview|4
|showteam|p1|Blastoise||Blastoisinite|Torrent|WaterSpout,DarkPulse,ShellSmash,Protect|Modest||M|||50|]Sylveon||FairyFeather|Pixilate|HyperVoice,Moonblast,HyperBeam,Detect|Modest||F|||50|]Vivillon-Fancy||ChoiceScarf|CompoundEyes|PollenPuff,Hurricane,SleepPowder,RagePowder|Timid||F|||50|]Farigiraf||SitrusBerry|ArmorTail|TwinBeam,HelpingHand,TrickRoom,Protect|Sassy||F|||50|]Sinistcha||ColburBerry|Hospitality|MatchaGotcha,RagePowder,TrickRoom,Protect|Sassy|||||50|]Pelipper||FocusSash|Drizzle|Hurricane,HelpingHand,Tailwind,Protect|Timid||M|||50|
|showteam|p2|Gengar||Gengarite|CursedBody|ShadowBall,SludgeBomb,Protect,PerishSong|Timid||F|||50|]Swampert||Swampertite|Torrent|WaveCrash,Earthquake,IcePunch,Protect|Adamant||F|||50|]Incineroar||PasshoBerry|Intimidate|ThroatChop,PartingShot,FakeOut,Protect|Sassy||F|||50|]Politoed||SitrusBerry|Drizzle|WeatherBall,PerishSong,Encore,Protect|Calm||M|||50|]Archaludon||Leftovers|Stamina|DragonPulse,FlashCannon,ElectroShot,Protect|Bold||M|||50|]Vivillon||FocusSash|CompoundEyes|Hurricane,SleepPowder,RagePowder,Protect|Timid||M|||50|
|inactive|Battle timer is ON: inactive players will automatically lose when time's up. (requested by mikelpoyarzabal)
|
|t:|1785703769
|teamsize|p1|4
|teamsize|p2|4
|start
|switch|p1a: Tortugueitor|Blastoise, L50, M, shiny|100/100
|switch|p1b: Cuptea|Sinistcha, L50, shiny|100/100
|switch|p2a: Swampert|Swampert, L50, F|100/100
|switch|p2b: Incineroar|Incineroar, L50, F|100/100
|-ability|p2b: Incineroar|Intimidate|boost
|-unboost|p1a: Tortugueitor|atk|1
|-unboost|p1b: Cuptea|atk|1
|turn|1
|
|t:|1785703791
|detailschange|p1a: Tortugueitor|Blastoise-Mega, L50, M, shiny
|-mega|p1a: Tortugueitor|Blastoise|Blastoisinite
|detailschange|p2a: Swampert|Swampert-Mega, L50, F
|-mega|p2a: Swampert|Swampert|Swampertite
|move|p2a: Swampert|Protect|p2a: Swampert
|-singleturn|p2a: Swampert|Protect
|move|p1a: Tortugueitor|Shell Smash|p1a: Tortugueitor
|-unboost|p1a: Tortugueitor|def|1
|-unboost|p1a: Tortugueitor|spd|1
|-boost|p1a: Tortugueitor|atk|2
|-boost|p1a: Tortugueitor|spa|2
|-boost|p1a: Tortugueitor|spe|2
|move|p1b: Cuptea|Matcha Gotcha|p2a: Swampert|[spread] p2b
|-activate|p2a: Swampert|move: Protect
|-resisted|p2b: Incineroar|1
|-damage|p2b: Incineroar|91/100
|move|p2b: Incineroar|Parting Shot|p1a: Tortugueitor
|-unboost|p1a: Tortugueitor|atk|1
|-unboost|p1a: Tortugueitor|spa|1
|
|t:|1785703807
|switch|p2b: Archaludon|Archaludon, L50, M|100/100|[from] Parting Shot
|
|upkeep
|turn|2
|
|t:|1785703829
|switch|p2a: Incineroar|Incineroar, L50, F|91/100
|-ability|p2a: Incineroar|Intimidate|boost
|-unboost|p1a: Tortugueitor|atk|1
|-unboost|p1b: Cuptea|atk|1
|move|p1b: Cuptea|Rage Powder|p1b: Cuptea
|-singleturn|p1b: Cuptea|move: Rage Powder
|move|p1a: Tortugueitor|Water Spout|p2b: Archaludon|[spread] p2a,p2b
|-supereffective|p2a: Incineroar|1
|-enditem|p2a: Incineroar|Passho Berry|[eat]
|-enditem|p2a: Incineroar|Passho Berry|[weaken]
|-resisted|p2b: Archaludon|1
|-damage|p2a: Incineroar|13/100
|-damage|p2b: Archaludon|51/100
|-ability|p2b: Archaludon|Stamina|boost
|-boost|p2b: Archaludon|def|1
|move|p2b: Archaludon|Dragon Pulse|p1b: Cuptea
|-damage|p1b: Cuptea|68/100
|
|-heal|p2b: Archaludon|57/100|[from] item: Leftovers
|upkeep
|turn|3
|inactive|mikelpoyarzabal has 30 seconds left.
|
|t:|1785703862
|move|p1a: Tortugueitor|Protect|p1a: Tortugueitor
|-singleturn|p1a: Tortugueitor|Protect
|move|p1b: Cuptea|Protect|p1b: Cuptea
|-singleturn|p1b: Cuptea|Protect
|move|p2a: Incineroar|Protect|p2a: Incineroar
|-singleturn|p2a: Incineroar|Protect
|move|p2b: Archaludon|Dragon Pulse|p1b: Cuptea
|-activate|p1b: Cuptea|move: Protect
|
|-heal|p2b: Archaludon|63/100|[from] item: Leftovers
|upkeep
|turn|4
|
|t:|1785703875
|move|p2b: Archaludon|Protect|p2b: Archaludon
|-singleturn|p2b: Archaludon|Protect
|move|p1b: Cuptea|Rage Powder|p1b: Cuptea
|-singleturn|p1b: Cuptea|move: Rage Powder
|move|p1a: Tortugueitor|Water Spout|p2a: Incineroar|[spread] p2a
|-activate|p2b: Archaludon|move: Protect
|-supereffective|p2a: Incineroar|1
|-damage|p2a: Incineroar|0 fnt
|faint|p2a: Incineroar
|
|-heal|p2b: Archaludon|69/100|[from] item: Leftovers
|upkeep
|
|t:|1785703883
|switch|p2a: Swampert|Swampert-Mega, L50, F|100/100
|turn|5
|
|t:|1785703896
|move|p1a: Tortugueitor|Protect|p1a: Tortugueitor
|-singleturn|p1a: Tortugueitor|Protect
|move|p2b: Archaludon|Protect||[still]
|-fail|p2b: Archaludon
|move|p2a: Swampert|Earthquake|p1b: Cuptea|[spread] p2b,p1b
|-activate|p1a: Tortugueitor|move: Protect
|-supereffective|p2b: Archaludon|1
|-resisted|p1b: Cuptea|1
|-damage|p2b: Archaludon|28/100
|-damage|p1b: Cuptea|47/100
|-ability|p2b: Archaludon|Stamina|boost
|-boost|p2b: Archaludon|def|1
|move|p1b: Cuptea|Matcha Gotcha|p2b: Archaludon|[spread] p2a,p2b
|-supereffective|p2a: Swampert|2
|-resisted|p2b: Archaludon|2
|-damage|p2a: Swampert|19/100
|-heal|p1b: Cuptea|90/100|[from] drain|[of] p2a: Swampert
|-damage|p2b: Archaludon|23/100
|-heal|p1b: Cuptea|93/100|[from] drain|[of] p2b: Archaludon
|-ability|p2b: Archaludon|Stamina|boost
|-boost|p2b: Archaludon|def|1
|
|-heal|p2b: Archaludon|29/100|[from] item: Leftovers
|upkeep
|turn|6
|-message|mikelpoyarzabal forfeited.
|
|win|probandoteammvp
