|j|☆predatorssg
|j|☆hugoggg
|html|predatorssghugoggg    
|uhtml|bestof|Game 2 of a best-of-3
|t:|1786049480
|gametype|doubles
|player|p1|predatorssg|2|1244
|player|p2|hugoggg|102|1187
|gen|9
|tier|[Gen 9 Champions] VGC 2026 Reg M-B (Bo3)
|rated|
|rule|Species Clause: Limit one of each Pokémon
|rule|Item Clause: Limit 1 of each item
|clearpoke
|poke|p1|Archaludon, L50, F|
|poke|p1|Pelipper, L50, M|
|poke|p1|Grimmsnarl, L50, M|
|poke|p1|Swampert, L50, F|
|poke|p1|Talonflame, L50, F|
|poke|p1|Floette-Eternal, L50, F|
|poke|p2|Froslass, L50, F|
|poke|p2|Dragonite, L50, F, shiny|
|poke|p2|Sneasler, L50, F|
|poke|p2|Arcanine-Hisui, L50, M|
|poke|p2|Gholdengo, L50|
|poke|p2|Kingambit, L50, M|
|teampreview|4
|showteam|p1|Archaludon||Leftovers|Stamina|ElectroShot,AuraSphere,FlashCannon,Protect|Modest||F|||50|]Pelipper||SitrusBerry|Drizzle|HelpingHand,WeatherBall,Hurricane,WideGuard|Modest||M|||50|]Grimmsnarl||LightClay|Prankster|PartingShot,SpiritBreak,Reflect,LightScreen|Calm||M|||50|]Swampert||Swampertite|Torrent|WaveCrash,Earthquake,IcePunch,Protect|Adamant||F|||50|]Talonflame||SharpBeak|GaleWings|Protect,Tailwind,RainDance,DualWingbeat|Jolly||F|||50|]Floette-Eternal||Floettite|FlowerVeil|DazzlingGleam,Moonblast,LightofRuin,Protect|Modest||F|||50|
|showteam|p2|Froslass||Froslassite|CursedBody|Blizzard,ShadowBall,AuroraVeil,Protect|Modest||F|||50|]Dragonite||DragonFang|Multiscale|ScaleShot,Haze,Tailwind,Protect|Adamant||F|||50|]Sneasler||WhiteHerb|Unburden|CloseCombat,GunkShot,FakeOut,Protect|Adamant||F|||50|]Arcanine-Hisui||FocusSash|RockHead|HeadSmash,FlareBlitz,ExtremeSpeed,Protect|Adamant||M|||50|]Gholdengo||ChoiceScarf|GoodasGold|MakeItRain,ShadowBall,PowerGem,Trick|Modest|||||50|]Kingambit||LifeOrb|Defiant|KowtowCleave,SuckerPunch,SwordsDance,Protect|Adamant||M|||50|
|
|t:|1786049512
|teamsize|p1|4
|teamsize|p2|4
|start
|switch|p1a: Talonflame|Talonflame, L50, F|100/100
|switch|p1b: Swampert|Swampert, L50, F|100/100
|switch|p2a: Ghost rule|Froslass, L50, F|100/100
|switch|p2b: Rollin girl|Dragonite, L50, F, shiny|100/100
|turn|1
|
|t:|1786049527
|detailschange|p1b: Swampert|Swampert-Mega, L50, F
|-mega|p1b: Swampert|Swampert|Swampertite
|move|p2a: Ghost rule|Protect|p2a: Ghost rule
|-singleturn|p2a: Ghost rule|Protect
|move|p1b: Swampert|Protect|p1b: Swampert
|-singleturn|p1b: Swampert|Protect
|move|p1a: Talonflame|Tailwind|p1a: Talonflame
|-sidestart|p1: predatorssg|move: Tailwind
|move|p2b: Rollin girl|Scale Shot|p1a: Talonflame
|-damage|p1a: Talonflame|75/100
|-damage|p1a: Talonflame|49/100
|-hitcount|p1a: Talonflame|2
|-unboost|p2b: Rollin girl|def|1
|-boost|p2b: Rollin girl|spe|1
|
|upkeep
|turn|2
|
|t:|1786049572
|switch|p2a: Streetcat|Sneasler, L50, F|100/100
|move|p2b: Rollin girl|Protect|p2b: Rollin girl
|-singleturn|p2b: Rollin girl|Protect
|move|p1a: Talonflame|Rain Dance|p1a: Talonflame
|-weather|RainDance
|move|p1b: Swampert|Ice Punch|p2b: Rollin girl
|-activate|p2b: Rollin girl|move: Protect
|
|-weather|RainDance|[upkeep]
|upkeep
|turn|3
|inactive|Battle timer is ON: inactive players will automatically lose when time's up. (requested by predatorssg)
|
|t:|1786049590
|move|p2a: Streetcat|Fake Out|p1b: Swampert
|-damage|p1b: Swampert|89/100
|cant|p1b: Swampert|flinch
|move|p1a: Talonflame|Dual Wingbeat|p2a: Streetcat
|-supereffective|p2a: Streetcat|1
|-damage|p2a: Streetcat|57/100
|-supereffective|p2a: Streetcat|1
|-damage|p2a: Streetcat|15/100
|-hitcount|p2a: Streetcat|2
|move|p2b: Rollin girl|Scale Shot|p1a: Talonflame
|-damage|p1a: Talonflame|22/100
|-damage|p1a: Talonflame|0 fnt
|faint|p1a: Talonflame
|-hitcount|p1: Talonflame|2
|-unboost|p2b: Rollin girl|def|1
|-boost|p2b: Rollin girl|spe|1
|
|-weather|RainDance|[upkeep]
|upkeep
|
|t:|1786049599
|switch|p1a: Archaludon|Archaludon, L50, F|100/100
|turn|4
|
|t:|1786049620
|move|p2b: Rollin girl|Protect|p2b: Rollin girl
|-singleturn|p2b: Rollin girl|Protect
|move|p2a: Streetcat|Protect|p2a: Streetcat
|-singleturn|p2a: Streetcat|Protect
|move|p1b: Swampert|Ice Punch|p2b: Rollin girl
|-activate|p2b: Rollin girl|move: Protect
|move|p1a: Archaludon|Electro Shot||[still]
|-prepare|p1a: Archaludon|Electro Shot
|-boost|p1a: Archaludon|spa|1
|-anim|p1a: Archaludon|Electro Shot|p2a: Streetcat
|-activate|p2a: Streetcat|move: Protect
|
|-weather|RainDance|[upkeep]
|-sideend|p1: predatorssg|move: Tailwind
|upkeep
|turn|5
|
|t:|1786049636
|move|p2b: Rollin girl|Tailwind|p2b: Rollin girl
|-sidestart|p2: hugoggg|move: Tailwind
|move|p2a: Streetcat|Close Combat|p1a: Archaludon
|-supereffective|p1a: Archaludon|1
|-damage|p1a: Archaludon|14/100
|-unboost|p2a: Streetcat|def|1
|-unboost|p2a: Streetcat|spd|1
|-ability|p1a: Archaludon|Stamina|boost
|-boost|p1a: Archaludon|def|1
|-enditem|p2a: Streetcat|White Herb
|-clearnegativeboost|p2a: Streetcat|[silent]
|move|p1b: Swampert|Ice Punch|p2a: Streetcat
|-damage|p2a: Streetcat|0 fnt
|faint|p2a: Streetcat
|move|p1a: Archaludon|Electro Shot||[still]
|-prepare|p1a: Archaludon|Electro Shot
|-boost|p1a: Archaludon|spa|1
|-anim|p1a: Archaludon|Electro Shot|p2b: Rollin girl
|-damage|p2b: Rollin girl|57/100
|
|-weather|RainDance|[upkeep]
|-heal|p1a: Archaludon|20/100y|[from] item: Leftovers
|upkeep
|
|t:|1786049657
|switch|p2a: Ghost rule|Froslass, L50, F|100/100
|turn|6
|inactive|hugoggg has 30 seconds left.
|
|t:|1786049684
|detailschange|p2a: Ghost rule|Froslass-Mega, L50, F
|-mega|p2a: Ghost rule|Froslass|Froslassite
|-weather|Snowscape|[from] ability: Snow Warning|[of] p2a: Ghost rule
|move|p1a: Archaludon|Protect|p1a: Archaludon
|-singleturn|p1a: Archaludon|Protect
|move|p2b: Rollin girl|Scale Shot|p1b: Swampert
|-damage|p1b: Swampert|73/100
|-damage|p1b: Swampert|58/100
|-hitcount|p1b: Swampert|2
|-unboost|p2b: Rollin girl|def|1
|-boost|p2b: Rollin girl|spe|1
|move|p2a: Ghost rule|Blizzard|p1a: Archaludon|[spread] p1b
|-activate|p1a: Archaludon|move: Protect
|-damage|p1b: Swampert|22/100
|move|p1b: Swampert|Ice Punch|p2b: Rollin girl
|-supereffective|p2b: Rollin girl|2
|-damage|p2b: Rollin girl|0 fnt
|faint|p2b: Rollin girl
|
|-weather|Snowscape|[upkeep]
|-heal|p1a: Archaludon|27/100|[from] item: Leftovers
|upkeep
|
|t:|1786049704
|switch|p2b: Animal|Arcanine-Hisui, L50, M|100/100
|turn|7
|
|t:|1786049723
|switch|p1a: Pelipper|Pelipper, L50, M|100/100
|-weather|RainDance|[from] ability: Drizzle|[of] p1a: Pelipper
|move|p1b: Swampert|Protect|p1b: Swampert
|-singleturn|p1b: Swampert|Protect
|move|p2b: Animal|Extreme Speed|p1b: Swampert
|-activate|p1b: Swampert|move: Protect
|move|p2a: Ghost rule|Shadow Ball|p1a: Pelipper
|-damage|p1a: Pelipper|52/100
|
|-weather|RainDance|[upkeep]
|upkeep
|turn|8
|inactive|hugoggg has 30 seconds left.
|inactive|hugoggg has 20 seconds left.
|inactive|hugoggg has 15 seconds left.
|inactive|hugoggg has 10 seconds left.
|
|t:|1786049770
|move|p2b: Animal|Extreme Speed|p1b: Swampert
|-damage|p1b: Swampert|0 fnt
|faint|p1b: Swampert
|move|p2a: Ghost rule|Blizzard|p1a: Pelipper|[miss]
|-miss|p2a: Ghost rule|p1a: Pelipper
|move|p1a: Pelipper|Weather Ball|p2b: Animal
|-supereffective|p2b: Animal|2
|-enditem|p2b: Animal|Focus Sash
|-damage|p2b: Animal|1/100
|
|-weather|RainDance|[upkeep]
|-sideend|p2: hugoggg|move: Tailwind
|upkeep
|
|t:|1786049775
|switch|p1b: Archaludon|Archaludon, L50, F|27/100
|turn|9
|
|t:|1786049786
|move|p2a: Ghost rule|Shadow Ball|p1b: Archaludon
|-damage|p1b: Archaludon|0 fnt
|faint|p1b: Archaludon
|move|p2b: Animal|Head Smash|p1a: Pelipper
|-supereffective|p1a: Pelipper|1
|-damage|p1a: Pelipper|0 fnt
|faint|p1a: Pelipper
|
|win|hugoggg
|raw|predatorssg's rating: 1244 → 1215(-29 for losing)
|raw|hugoggg's rating: 1187 → 1216(+29 for winning)
|c|☆predatorssg|buena partida llena de hax
|c|☆predatorssg|ni tan mal
|l|☆predatorssg
|player|p1|
