|j|☆Pikapoololol
|j|☆Basura2U
|html|PikapoolololBasura2U    
|uhtml|bestof|Game 3 of a best-of-3
|t:|1757774253
|gametype|doubles
|player|p1|Pikapoololol|ninjaboy|1134
|player|p2|Basura2U|lucas|1111
|gen|9
|tier|[Gen 9] VGC 2025 Reg H (Bo3)
|rated|
|rule|Species Clause: Limit one of each Pokémon
|rule|Item Clause: Limit 1 of each item
|clearpoke
|poke|p1|Pelipper, L50, F|
|poke|p1|Archaludon, L50, F|
|poke|p1|Incineroar, L50, M|
|poke|p1|Kingdra, L50, M|
|poke|p1|Amoonguss, L50, F|
|poke|p1|Rillaboom, L50, F|
|poke|p2|Talonflame, L50, F|
|poke|p2|Glimmora, L50, F|
|poke|p2|Gallade, L50, M|
|poke|p2|Dragapult, L50, M|
|poke|p2|Electabuzz, L50, F|
|poke|p2|Brambleghast, L50, M|
|teampreview|4
|showteam|p1|Pelipper||FocusSash|Drizzle|Hurricane,WeatherBall,Tailwind,Protect|||F|||50|,,,,,Ground]Archaludon||AssaultVest|Stamina|ElectroShot,DragonPulse,FlashCannon,BodyPress|||F|||50|,,,,,Bug]Incineroar||SafetyGoggles|Intimidate|FlareBlitz,KnockOff,PartingShot,FakeOut|||M|||50|,,,,,Ghost]Kingdra||LifeOrb|SwiftSwim|DracoMeteor,WeatherBall,Protect,MuddyWater|||M|||50|,,,,,Stellar]Amoonguss||SitrusBerry|Regenerator|PollenPuff,Protect,RagePowder,Spore|||F|||50|,,,,,Psychic]Rillaboom||LoadedDice|GrassySurge|BulletSeed,GrassyGlide,HighHorsepower,FakeOut|||F|||50|,,,,,Fire
|showteam|p2|Talonflame|||GaleWings|Acrobatics,FlareBlitz,Tailwind,Protect|||F|||50|,,,,,Ghost]Glimmora||PowerHerb|ToxicDebris|SpikyShield,EarthPower,MeteorBeam,SludgeBomb|||F|||50|,,,,,Flying]Gallade||ClearAmulet|Sharpness|Protect,SacredSword,PsychoCut,NightSlash|||M|||50|,,,,,Stellar]Dragapult||ChoiceScarf|ClearBody|DragonDarts,PhantomForce,PsychicFangs,Uturn|||M|||50|,,,,,Dragon]Electabuzz||Eviolite|VitalSpirit|FollowMe,Electroweb,Taunt,HelpingHand|||F|||50|,,,,,Fairy]Brambleghast||FocusSash|WindRider|Poltergeist,PowerWhip,ShadowSneak,StrengthSap|||M|||50|,,,,,Ghost
|inactive|Battle timer is ON: inactive players will automatically lose when time's up. (requested by Pikapoololol)
|
|t:|1757774333
|teamsize|p1|4
|teamsize|p2|4
|start
|switch|p1a: Incineroar|Incineroar, L50, M|100/100
|switch|p1b: Pelipper|Pelipper, L50, F|100/100
|switch|p2a: Dragapult|Dragapult, L50, M|100/100
|switch|p2b: Glimmora|Glimmora, L50, F|100/100
|-weather|RainDance|[from] ability: Drizzle|[of] p1b: Pelipper
|-ability|p1a: Incineroar|Intimidate|boost
|-fail|p2a: Dragapult|unboost|[from] ability: Clear Body|[of] p2a: Dragapult
|-unboost|p2b: Glimmora|atk|1
|turn|1
|inactive|Pikapoololol has 30 seconds left.
|
|t:|1757774361
|move|p1a: Incineroar|Fake Out|p2b: Glimmora
|-resisted|p2b: Glimmora
|-damage|p2b: Glimmora|93/100
|-activate|p2b: Glimmora|ability: Toxic Debris
|-sidestart|p1: Pikapoololol|move: Toxic Spikes
|move|p2a: Dragapult|U-turn|p1b: Pelipper
|-resisted|p1b: Pelipper
|-damage|p1b: Pelipper|83/100
|
|t:|1757774368
|switch|p2a: Electabuzz|Electabuzz, L50, F|100/100|[from] U-turn
|cant|p2b: Glimmora|flinch
|move|p1b: Pelipper|Tailwind|p1b: Pelipper
|-sidestart|p1: Pikapoololol|move: Tailwind
|
|-weather|RainDance|[upkeep]
|upkeep
|turn|2
|
|t:|1757774391
|move|p1b: Pelipper|Protect|p1b: Pelipper
|-singleturn|p1b: Pelipper|Protect
|move|p2b: Glimmora|Spiky Shield|p2b: Glimmora
|-singleturn|p2b: Glimmora|move: Protect
|move|p1a: Incineroar|Knock Off|p2a: Electabuzz
|-damage|p2a: Electabuzz|70/100
|-enditem|p2a: Electabuzz|Eviolite|[from] move: Knock Off|[of] p1a: Incineroar
|move|p2a: Electabuzz|Electroweb|p1a: Incineroar|[spread] p1a
|-activate|p1b: Pelipper|move: Protect
|-damage|p1a: Incineroar|90/100
|-unboost|p1a: Incineroar|spe|1
|
|-weather|RainDance|[upkeep]
|upkeep
|turn|3
|
|t:|1757774413
|switch|p1a: Archaludon|Archaludon, L50, F|100/100
|move|p2a: Electabuzz|Follow Me|p2a: Electabuzz
|-singleturn|p2a: Electabuzz|move: Follow Me
|move|p1b: Pelipper|Weather Ball|p2a: Electabuzz
|-damage|p2a: Electabuzz|0 fnt
|faint|p2a: Electabuzz
|move|p2b: Glimmora|Meteor Beam||[still]
|-prepare|p2b: Glimmora|Meteor Beam
|-boost|p2b: Glimmora|spa|1
|-enditem|p2b: Glimmora|Power Herb
|-anim|p2b: Glimmora|Meteor Beam|p1b: Pelipper
|-supereffective|p1b: Pelipper
|-damage|p1b: Pelipper|0 fnt
|faint|p1b: Pelipper
|
|-weather|RainDance|[upkeep]
|upkeep
|inactive|Basura2U has 30 seconds left.
|
|t:|1757774444
|switch|p2a: Gallade|Gallade, L50, M|100/100
|switch|p1b: Kingdra|Kingdra, L50, M|100/100
|-status|p1b: Kingdra|psn
|turn|4
|
|t:|1757774455
|-terastallize|p1a: Archaludon|Bug
|move|p2b: Glimmora|Spiky Shield|p2b: Glimmora
|-singleturn|p2b: Glimmora|move: Protect
|move|p2a: Gallade|Protect|p2a: Gallade
|-singleturn|p2a: Gallade|Protect
|move|p1b: Kingdra|Weather Ball|p2b: Glimmora
|-activate|p2b: Glimmora|move: Protect
|move|p1a: Archaludon|Electro Shot||[still]
|-prepare|p1a: Archaludon|Electro Shot
|-boost|p1a: Archaludon|spa|1
|-anim|p1a: Archaludon|Electro Shot|p2a: Gallade
|-activate|p2a: Gallade|move: Protect
|
|-weather|RainDance|[upkeep]
|-damage|p1b: Kingdra|89/100 psn|[from] psn
|-sideend|p1: Pikapoololol|move: Tailwind
|upkeep
|turn|5
|inactive|Basura2U has 30 seconds left.
|
|t:|1757774490
|-terastallize|p2b: Glimmora|Flying
|move|p1b: Kingdra|Weather Ball|p2b: Glimmora
|-damage|p2b: Glimmora|0 fnt
|faint|p2b: Glimmora
|-damage|p1b: Kingdra|79/100 psn|[from] item: Life Orb
|move|p2a: Gallade|Sacred Sword|p1b: Kingdra
|-damage|p1b: Kingdra|0 fnt
|faint|p1b: Kingdra
|move|p1a: Archaludon|Electro Shot||[still]
|-prepare|p1a: Archaludon|Electro Shot
|-boost|p1a: Archaludon|spa|1
|-anim|p1a: Archaludon|Electro Shot|p2a: Gallade
|-damage|p2a: Gallade|6/100
|
|-weather|none
|upkeep
|
|t:|1757774498
|switch|p2b: Dragapult|Dragapult, L50, M|100/100
|switch|p1b: Incineroar|Incineroar, L50, M|90/100
|-status|p1b: Incineroar|psn
|-ability|p1b: Incineroar|Intimidate|boost
|-fail|p2a: Gallade|unboost|[from] item: Clear Amulet|[of] p2a: Gallade
|-fail|p2b: Dragapult|unboost|[from] ability: Clear Body|[of] p2b: Dragapult
|turn|6
|
|t:|1757774513
|move|p2a: Gallade|Protect|p2a: Gallade
|-singleturn|p2a: Gallade|Protect
|move|p1b: Incineroar|Fake Out|p2a: Gallade
|-activate|p2a: Gallade|move: Protect
|move|p2b: Dragapult|Dragon Darts|p1b: Incineroar
|-damage|p1b: Incineroar|68/100 psn
|-anim|p2b: Dragapult|Dragon Darts|p1a: Archaludon
|-damage|p1a: Archaludon|81/100
|-ability|p1a: Archaludon|Stamina|boost
|-boost|p1a: Archaludon|def|1
|move|p1a: Archaludon|Dragon Pulse|p2b: Dragapult
|-supereffective|p2b: Dragapult
|-damage|p2b: Dragapult|0 fnt
|faint|p2b: Dragapult
|
|-damage|p1b: Incineroar|56/100 psn|[from] psn
|upkeep
|turn|7
|
|t:|1757774536
|move|p2a: Gallade|Sacred Sword|p1b: Incineroar
|-supereffective|p1b: Incineroar
|-damage|p1b: Incineroar|0 fnt
|faint|p1b: Incineroar
|move|p1a: Archaludon|Dragon Pulse|p2a: Gallade
|-damage|p2a: Gallade|0 fnt
|faint|p2a: Gallade
|
|win|Pikapoololol
|raw|Pikapoololol's rating: 1134 → 1157(+23 for winning)
|raw|Basura2U's rating: 1111 → 1088(-23 for losing)
|l|☆Basura2U
|player|p2|
