|j|☆morgie d timmy
|j|☆Minedea101
|html|morgie d timmyMinedea101    
|uhtml|bestof|Game 2 of a best-of-3
|t:|1783972635
|gametype|doubles
|player|p1|morgie d timmy|169|
|player|p2|Minedea101|skyla|
|gen|9
|tier|[Gen 9 Champions] VGC 2026 Reg M-B (Bo3)
|rule|Species Clause: Limit one of each Pokémon
|rule|Item Clause: Limit 1 of each item
|clearpoke
|poke|p1|Archaludon, L50, F|
|poke|p1|Charizard, L50, M|
|poke|p1|Grimmsnarl, L50, M|
|poke|p1|Basculegion, L50, M|
|poke|p1|Pelipper, L50, F|
|poke|p1|Venusaur, L50, M|
|poke|p2|Eelektross, L50, M|
|poke|p2|Whimsicott, L50, M, shiny|
|poke|p2|Garchomp, L50, M|
|poke|p2|Basculegion, L50, M|
|poke|p2|Kingambit, L50, F|
|poke|p2|Charizard, L50, F, shiny|
|teampreview|4
|showteam|p1|Archaludon||Leftovers|Stamina|FlashCannon,ElectroShot,DragonPulse,Protect|Calm||F|||50|]Charizard||CharizarditeY|Blaze|HeatWave,SolarBeam,WeatherBall,Protect|Modest||M|||50|]Grimmsnarl||LightClay|Prankster|Reflect,PartingShot,LightScreen,SpiritBreak|Careful||M|||50|]Basculegion||ChoiceScarf|Adaptability|AquaJet,FlipTurn,WaveCrash,LastRespects|Adamant||M|||50|]Pelipper||SitrusBerry|Drizzle|WideGuard,Tailwind,WeatherBall,Hurricane|Calm||F|||50|]Venusaur||FocusSash|Chlorophyll|SleepPowder,SludgeBomb,Protect,EarthPower|Timid||M|||50|
|showteam|p2|Eelektross||Eelektrossite|Levitate|Coil,DrainPunch,Protect,WildCharge|Careful||M|||50|]Whimsicott||FairyFeather|Prankster|Tailwind,Encore,Protect,Moonblast|Timid||M|||50|]Garchomp||LifeOrb|RoughSkin|ScaleShot,Protect,Earthquake,RockSlide|Jolly||M|||50|]Basculegion||SitrusBerry|Adaptability|AquaJet,LastRespects,Protect,WaveCrash|Adamant||M|||50|]Kingambit||FocusSash|Defiant|IronHead,LowKick,KowtowCleave,SuckerPunch|Adamant||F|||50|]Charizard||CharizarditeY|Blaze|SolarBeam,HeatWave,WeatherBall,Protect|Modest||F|||50|
|inactive|Battle timer is ON: inactive players will automatically lose when time's up. (requested by Minedea101)
|j| Jim9174
|inactiveoff|Battle timer is now OFF.
|
|t:|1783972818
|teamsize|p1|4
|teamsize|p2|4
|start
|switch|p1a: Charizard|Charizard, L50, M|100/100
|switch|p1b: Grimmsnarl|Grimmsnarl, L50, M|100/100
|switch|p2a: The Eel Deal|Eelektross, L50, M|100/100
|switch|p2b: 410bn dead cops|Garchomp, L50, M|100/100
|turn|1
|
|t:|1783972963
|detailschange|p1a: Charizard|Charizard-Mega-Y, L50, M
|-mega|p1a: Charizard|Charizard|Charizardite Y
|-weather|SunnyDay|[from] ability: Drought|[of] p1a: Charizard
|detailschange|p2a: The Eel Deal|Eelektross-Mega, L50, M
|-mega|p2a: The Eel Deal|Eelektross|Eelektrossite
|move|p1b: Grimmsnarl|Reflect|p1b: Grimmsnarl
|-sidestart|p1: morgie d timmy|Reflect
|move|p2b: 410bn dead cops|Earthquake|p1a: Charizard|[spread] p1b
|-immune|p2a: The Eel Deal|[from] ability: Eelevate
|-immune|p1a: Charizard
|-damage|p1b: Grimmsnarl|60/100
|-damage|p2b: 410bn dead cops|90/100|[from] item: Life Orb
|move|p1a: Charizard|Heat Wave|p2b: 410bn dead cops|[spread] p2a,p2b
|-resisted|p2b: 410bn dead cops|1
|-damage|p2a: The Eel Deal|48/100
|-damage|p2b: 410bn dead cops|53/100
|move|p2a: The Eel Deal|Coil|p2a: The Eel Deal
|-boost|p2a: The Eel Deal|atk|1
|-boost|p2a: The Eel Deal|def|1
|-boost|p2a: The Eel Deal|accuracy|1
|
|-weather|SunnyDay|[upkeep]
|upkeep
|turn|2
|
|t:|1783973081
|move|p2b: 410bn dead cops|Protect|p2b: 410bn dead cops
|-singleturn|p2b: 410bn dead cops|Protect
|move|p1a: Charizard|Protect|p1a: Charizard
|-singleturn|p1a: Charizard|Protect
|move|p2a: The Eel Deal|Wild Charge|p1a: Charizard
|-activate|p1a: Charizard|move: Protect
|move|p1b: Grimmsnarl|Spirit Break|p2b: 410bn dead cops
|-activate|p2b: 410bn dead cops|move: Protect
|
|-weather|SunnyDay|[upkeep]
|upkeep
|turn|3
|
|t:|1783973158
|switch|p1a: Archaludon|Archaludon, L50, F|100/100
|move|p2b: 410bn dead cops|Rock Slide|p1a: Archaludon|[spread] p1a,p1b
|-resisted|p1a: Archaludon|1
|-damage|p1a: Archaludon|93/100
|-damage|p1b: Grimmsnarl|41/100
|-ability|p1a: Archaludon|Stamina|boost
|-boost|p1a: Archaludon|def|1
|-damage|p2b: 410bn dead cops|43/100|[from] item: Life Orb
|move|p2a: The Eel Deal|Drain Punch|p1b: Grimmsnarl
|-damage|p1b: Grimmsnarl|14/100
|-heal|p2a: The Eel Deal|66/100|[from] drain|[of] p1b: Grimmsnarl
|cant|p1b: Grimmsnarl|flinch
|
|-weather|SunnyDay|[upkeep]
|-heal|p1a: Archaludon|100/100|[from] item: Leftovers
|upkeep
|turn|4
|
|t:|1783973327
|switch|p2b: Asbestos|Whimsicott, L50, M, shiny|100/100
|move|p1a: Archaludon|Protect|p1a: Archaludon
|-singleturn|p1a: Archaludon|Protect
|move|p1b: Grimmsnarl|Parting Shot|p2a: The Eel Deal
|-unboost|p2a: The Eel Deal|atk|1
|-unboost|p2a: The Eel Deal|spa|1
|
|t:|1783973344
|switch|p1b: Pelipper|Pelipper, L50, F|100/100|[from] Parting Shot
|-weather|RainDance|[from] ability: Drizzle|[of] p1b: Pelipper
|move|p2a: The Eel Deal|Coil|p2a: The Eel Deal
|-boost|p2a: The Eel Deal|atk|1
|-boost|p2a: The Eel Deal|def|1
|-boost|p2a: The Eel Deal|accuracy|1
|
|-weather|RainDance|[upkeep]
|upkeep
|turn|5
|
|t:|1783973559
|switch|p1a: Grimmsnarl|Grimmsnarl, L50, M|14/100
|move|p2b: Asbestos|Encore|p1a: Grimmsnarl
|-hint|Since gen 7, Dark is immune to Prankster moves.
|-immune|p1a: Grimmsnarl
|move|p2a: The Eel Deal|Wild Charge|p1b: Pelipper
|-supereffective|p1b: Pelipper|2
|-damage|p1b: Pelipper|0 fnt
|faint|p1b: Pelipper
|-ability|p2a: The Eel Deal|Eelevate|boost
|-boost|p2a: The Eel Deal|atk|1
|-damage|p2a: The Eel Deal|40/100|[from] Recoil
|
|-weather|RainDance|[upkeep]
|upkeep
|
|t:|1783973572
|switch|p1b: Archaludon|Archaludon, L50, F|100/100
|turn|6
|
|t:|1783973706
|switch|p1b: Charizard|Charizard-Mega-Y, L50, M|100/100
|-weather|SunnyDay|[from] ability: Drought|[of] p1b: Charizard
|move|p1a: Grimmsnarl|Parting Shot|p2a: The Eel Deal
|-unboost|p2a: The Eel Deal|atk|1
|-unboost|p2a: The Eel Deal|spa|1
|
|t:|1783973712
|switch|p1a: Archaludon|Archaludon, L50, F|100/100|[from] Parting Shot
|move|p2b: Asbestos|Moonblast|p1a: Archaludon
|-damage|p1a: Archaludon|64/100
|-ability|p1a: Archaludon|Stamina|boost
|-boost|p1a: Archaludon|def|1
|move|p2a: The Eel Deal|Drain Punch|p1b: Charizard
|-resisted|p1b: Charizard|1
|-damage|p1b: Charizard|84/100
|-heal|p2a: The Eel Deal|49/100|[from] drain|[of] p1b: Charizard
|
|-weather|SunnyDay|[upkeep]
|-heal|p1a: Archaludon|71/100|[from] item: Leftovers
|upkeep
|turn|7
|
|t:|1783973904
|move|p1a: Archaludon|Protect|p1a: Archaludon
|-singleturn|p1a: Archaludon|Protect
|move|p2b: Asbestos|Tailwind|p2b: Asbestos
|-sidestart|p2: Minedea101|move: Tailwind
|move|p2a: The Eel Deal|Wild Charge|p1b: Charizard
|-supereffective|p1b: Charizard|1
|-damage|p1b: Charizard|0 fnt
|faint|p1b: Charizard
|-ability|p2a: The Eel Deal|Eelevate|boost
|-boost|p2a: The Eel Deal|atk|1
|-damage|p2a: The Eel Deal|26/100|[from] Recoil
|
|-weather|SunnyDay|[upkeep]
|-heal|p1a: Archaludon|77/100|[from] item: Leftovers
|upkeep
|
|t:|1783973916
|switch|p1b: Grimmsnarl|Grimmsnarl, L50, M|14/100
|turn|8
|
|t:|1783973937
|move|p2b: Asbestos|Encore|p1a: Archaludon
|-start|p1a: Archaludon|Encore
|move|p1a: Archaludon|Protect||[still]
|-fail|p1a: Archaludon
|move|p2a: The Eel Deal|Drain Punch|p1b: Grimmsnarl
|-damage|p1b: Grimmsnarl|0 fnt
|-heal|p2a: The Eel Deal|35/100|[from] drain|[of] p1b: Grimmsnarl
|faint|p1b: Grimmsnarl
|-ability|p2a: The Eel Deal|Eelevate|boost
|-boost|p2a: The Eel Deal|atk|1
|
|-weather|SunnyDay|[upkeep]
|-heal|p1a: Archaludon|83/100|[from] item: Leftovers
|-sideend|p1: morgie d timmy|Reflect
|upkeep
|turn|9
|
|t:|1783973951
|move|p1a: Archaludon|Protect|p1a: Archaludon
|-singleturn|p1a: Archaludon|Protect
|move|p2b: Asbestos|Moonblast|p1a: Archaludon
|-activate|p1a: Archaludon|move: Protect
|move|p2a: The Eel Deal|Drain Punch|p1a: Archaludon
|-activate|p1a: Archaludon|move: Protect
|
|-weather|SunnyDay|[upkeep]
|-heal|p1a: Archaludon|89/100|[from] item: Leftovers
|upkeep
|turn|10
|
|t:|1783973961
|move|p1a: Archaludon|Protect|p1a: Archaludon
|-singleturn|p1a: Archaludon|Protect
|move|p2b: Asbestos|Moonblast|p1a: Archaludon
|-activate|p1a: Archaludon|move: Protect
|move|p2a: The Eel Deal|Drain Punch|p1a: Archaludon
|-activate|p1a: Archaludon|move: Protect
|
|-weather|none
|-heal|p1a: Archaludon|95/100|[from] item: Leftovers
|-end|p1a: Archaludon|Encore
|-sideend|p2: Minedea101|move: Tailwind
|upkeep
|turn|11
|
|t:|1783973975
|move|p1a: Archaludon|Protect||[still]
|-fail|p1a: Archaludon
|move|p2b: Asbestos|Encore|p1a: Archaludon
|-start|p1a: Archaludon|Encore
|move|p2a: The Eel Deal|Drain Punch|p1a: Archaludon
|-supereffective|p1a: Archaludon|1
|-damage|p1a: Archaludon|25/100
|-heal|p2a: The Eel Deal|78/100|[from] drain|[of] p1a: Archaludon
|-ability|p1a: Archaludon|Stamina|boost
|-boost|p1a: Archaludon|def|1
|
|-heal|p1a: Archaludon|31/100|[from] item: Leftovers
|upkeep
|turn|12
|
|t:|1783973987
|move|p1a: Archaludon|Protect|p1a: Archaludon
|-singleturn|p1a: Archaludon|Protect
|move|p2b: Asbestos|Tailwind|p2b: Asbestos
|-sidestart|p2: Minedea101|move: Tailwind
|move|p2a: The Eel Deal|Coil|p2a: The Eel Deal
|-boost|p2a: The Eel Deal|atk|1
|-boost|p2a: The Eel Deal|def|1
|-boost|p2a: The Eel Deal|accuracy|1
|
|-heal|p1a: Archaludon|37/100|[from] item: Leftovers
|upkeep
|turn|13
|
|t:|1783973995
|move|p1a: Archaludon|Protect||[still]
|-fail|p1a: Archaludon
|move|p2b: Asbestos|Moonblast|p1a: Archaludon
|-damage|p1a: Archaludon|0 fnt
|faint|p1a: Archaludon
|
|win|Minedea101
||morgie d timmy is ready for game 3.
||Minedea101 is ready for game 3.
|uhtml|next|Next: Game 3 of 3
|l|☆Minedea101
|player|p2|
|l| Jim9174
