|j|☆Crash0utVGC
|j|☆XKPTX
|html|Crash0utVGCXKPTX    
|uhtml|bestof|Game 3 of a best-of-3
|t:|1782279616
|gametype|doubles
|player|p1|Crash0utVGC|colress|1205
|player|p2|XKPTX|steven|1227
|gen|9
|tier|[Gen 9 Champions] VGC 2026 Reg M-B (Bo3)
|rated|
|rule|Species Clause: Limit one of each Pokémon
|rule|Item Clause: Limit 1 of each item
|clearpoke
|poke|p1|Pyroar, L50, F|
|poke|p1|Ninetales, L50, F, shiny|
|poke|p1|Whimsicott, L50, M|
|poke|p1|Floette-Eternal, L50, F|
|poke|p1|Basculegion, L50, M|
|poke|p1|Farigiraf, L50, M|
|poke|p2|Pelipper, L50, F|
|poke|p2|Araquanid, L50, M|
|poke|p2|Rotom-Wash, L50|
|poke|p2|Milotic, L50, F|
|poke|p2|Swampert, L50, M|
|poke|p2|Samurott-Hisui, L50, F|
|teampreview|4
|showteam|p1|Pyroar||Pyroarite|Unnerve|HeatWave,Overheat,SolarBeam,Protect|Timid||F|||50|]Ninetales||ChoiceScarf|Drought|HeatWave,Overheat,SolarBeam,FakeTears|Modest||F|||50|]Whimsicott||FocusSash|Prankster|Moonblast,Tailwind,SunnyDay,Protect|Timid||M|||50|]Floette-Eternal||Floettite|FlowerVeil|Moonblast,LightofRuin,DazzlingGleam,Protect|Modest||F|||50|]Basculegion||LifeOrb|Adaptability|WaveCrash,LastRespects,AquaJet,Protect|Adamant||M|||50|]Farigiraf||SitrusBerry|ArmorTail|Psychic,Thunderbolt,TrickRoom,HelpingHand|Bold||M|||50|
|showteam|p2|Pelipper||DampRock|Drizzle|Hurricane,WeatherBall,MuddyWater,Protect|Modest||F|||50|]Araquanid||MysticWater|WaterBubble|LeechLife,Liquidation,StickyWeb,Protect|Adamant||M|||50|]Rotom-Wash||SitrusBerry|Levitate|Thunder,HydroPump,VoltSwitch,WillOWisp|Modest|||||50|]Milotic||Leftovers|Competitive|MuddyWater,Blizzard,Coil,Recover|Modest||F|||50|]Swampert||Swampertite|Damp|FlipTurn,WaveCrash,Earthquake,PoisonJab|Adamant||M|||50|]Samurott-Hisui||ChoiceScarf|Sharpness|SacredSword,CeaselessEdge,RazorShell,FlipTurn|Jolly||F|||50|
|
|t:|1782279642
|teamsize|p1|4
|teamsize|p2|4
|start
|switch|p1a: Winnie|Whimsicott, L50, M|100/100
|switch|p1b: Maleficant|Floette-Eternal, L50, F|100/100
|switch|p2a: Araquanid|Araquanid, L50, M|100/100
|switch|p2b: Samurott|Samurott-Hisui, L50, F|100/100
|turn|1
|
|t:|1782279687
|move|p1b: Maleficant|Protect|p1b: Maleficant
|-singleturn|p1b: Maleficant|Protect
|move|p1a: Winnie|Tailwind|p1a: Winnie
|-sidestart|p1: Crash0utVGC|move: Tailwind
|move|p2b: Samurott|Ceaseless Edge|p1b: Maleficant
|-activate|p1b: Maleficant|move: Protect
|move|p2a: Araquanid|Liquidation|p1b: Maleficant
|-activate|p1b: Maleficant|move: Protect
|
|upkeep
|turn|2
|
|t:|1782279710
|switch|p2b: Pelipper|Pelipper, L50, F|100/100
|-weather|RainDance|[from] ability: Drizzle|[of] p2b: Pelipper
|detailschange|p1b: Maleficant|Floette-Mega, L50, F
|-mega|p1b: Maleficant|Floette|Floettite
|-ability|p1b: Maleficant|Fairy Aura
|move|p1a: Winnie|Sunny Day|p1a: Winnie
|-weather|SunnyDay
|move|p1b: Maleficant|Dazzling Gleam|p2a: Araquanid|[spread] p2a,p2b
|-damage|p2a: Araquanid|61/100
|-damage|p2b: Pelipper|38/100
|move|p2a: Araquanid|Liquidation|p1b: Maleficant
|-damage|p1b: Maleficant|45/100
|
|-weather|SunnyDay|[upkeep]
|upkeep
|turn|3
|
|t:|1782279740
|switch|p2b: Swampert|Swampert, L50, M|100/100
|move|p1a: Winnie|Moonblast|p2a: Araquanid
|-damage|p2a: Araquanid|22/100
|move|p1b: Maleficant|Moonblast|p2a: Araquanid
|-damage|p2a: Araquanid|0 fnt
|faint|p2a: Araquanid
|
|-weather|SunnyDay|[upkeep]
|upkeep
|
|t:|1782279750
|switch|p2a: Samurott|Samurott-Hisui, L50, F|100/100
|turn|4
|
|t:|1782279767
|switch|p2a: Pelipper|Pelipper, L50, F|38/100
|-weather|RainDance|[from] ability: Drizzle|[of] p2a: Pelipper
|detailschange|p2b: Swampert|Swampert-Mega, L50, M
|-mega|p2b: Swampert|Swampert|Swampertite
|move|p1a: Winnie|Moonblast|p2b: Swampert
|-damage|p2b: Swampert|57/100
|-unboost|p2b: Swampert|spa|1
|move|p1b: Maleficant|Dazzling Gleam|p2b: Swampert|[spread] p2a,p2b
|-damage|p2a: Pelipper|0 fnt
|-damage|p2b: Swampert|7/100
|faint|p2a: Pelipper
|move|p2b: Swampert|Earthquake|p1b: Maleficant|[spread] p1a,p1b
|-resisted|p1a: Winnie|1
|-damage|p1a: Winnie|64/100
|-damage|p1b: Maleficant|0 fnt
|faint|p1b: Maleficant
|
|-weather|RainDance|[upkeep]
|-sideend|p1: Crash0utVGC|move: Tailwind
|upkeep
|
|t:|1782279784
|switch|p1b: Kyubi|Ninetales, L50, F, shiny|100/100
|switch|p2a: Samurott|Samurott-Hisui, L50, F|100/100
|-weather|SunnyDay|[from] ability: Drought|[of] p1b: Kyubi
|turn|5
|
|t:|1782279803
|move|p1a: Winnie|Tailwind|p1a: Winnie
|-sidestart|p1: Crash0utVGC|move: Tailwind
|move|p1b: Kyubi|Solar Beam||[still]
|-prepare|p1b: Kyubi|Solar Beam
|-anim|p1b: Kyubi|Solar Beam|p2b: Swampert
|-supereffective|p2b: Swampert|2
|-damage|p2b: Swampert|0 fnt
|faint|p2b: Swampert
|move|p2a: Samurott|Ceaseless Edge|p1a: Winnie
|-resisted|p1a: Winnie|1
|-damage|p1a: Winnie|29/100
|-sidestart|p1: Crash0utVGC|Spikes
|
|-weather|SunnyDay|[upkeep]
|upkeep
|turn|6
|c|☆Crash0utVGC|ggs
|
|t:|1782279811
|move|p1b: Kyubi|Solar Beam||[still]
|-prepare|p1b: Kyubi|Solar Beam
|-anim|p1b: Kyubi|Solar Beam|p2a: Samurott
|-supereffective|p2a: Samurott|1
|-crit|p2a: Samurott
|-damage|p2a: Samurott|0 fnt
|faint|p2a: Samurott
|
|win|Crash0utVGC
|raw|Crash0utVGC's rating: 1205 → 1232(+27 for winning)
|raw|XKPTX's rating: 1227 → 1200(-27 for losing)
