|j|☆viatles
|j|☆Canndle Stic
|html|viatlesCanndle Stic    
|uhtml|bestof|Game 2 of a best-of-3
|t:|1784656265
|gametype|doubles
|player|p1|viatles|hiker|1154
|player|p2|Canndle Stic|265|1096
|gen|9
|tier|[Gen 9 Champions] VGC 2026 Reg M-B (Bo3)
|rated|
|rule|Species Clause: Limit one of each Pokémon
|rule|Item Clause: Limit 1 of each item
|clearpoke
|poke|p1|Beedrill, L50, F, shiny|
|poke|p1|Farigiraf, L50, F|
|poke|p1|Palafin, L50, F|
|poke|p1|Sableye, L50, F|
|poke|p1|Archaludon, L50, M|
|poke|p1|Annihilape, L50, F|
|poke|p2|Metagross, L50|
|poke|p2|Sinistcha, L50|
|poke|p2|Arcanine-Hisui, L50, F|
|poke|p2|Primarina, L50, M|
|poke|p2|Hydreigon, L50, F|
|poke|p2|Weavile, L50, M|
|teampreview|4
|showteam|p1|Beedrill||Beedrillite|Swarm|Uturn,DrillRun,PoisonJab,Protect|Jolly||F|||50|]Farigiraf||SitrusBerry|ArmorTail|TrickRoom,Thunderbolt,TwinBeam,RainDance|Bold||F|||50|]Palafin||MysticWater|ZerotoHero|JetPunch,WaveCrash,Protect,DrainPunch|Adamant||F|||50|]Sableye||RoseliBerry|Prankster|FakeOut,FoulPlay,RainDance,Quash|Sassy||F|||50|]Archaludon||Leftovers|Stamina|ElectroShot,Protect,DracoMeteor,AuraSphere|Modest||M|||50|]Annihilape||ChoiceScarf|Defiant|Coaching,CloseCombat,RockSlide,PhantomForce|Jolly||F|||50|
|showteam|p2|Metagross||Metagrossite|ClearBody|PsychicFangs,Protect,IronHead,BulletPunch|Adamant|||||50|]Sinistcha||SitrusBerry|Hospitality|MatchaGotcha,TrickRoom,LifeDew,RagePowder|Modest|||||50|]Arcanine-Hisui||FocusSash|RockHead|FlareBlitz,ExtremeSpeed,Protect,RockSlide|Jolly||F|||50|]Primarina||LifeOrb|LiquidVoice|HyperVoice,Protect,Moonblast,CalmMind|Modest||M|||50|]Hydreigon||ChoiceScarf|Levitate|DracoMeteor,DarkPulse,Snarl,EarthPower|Modest||F|||50|]Weavile||WideLens|Pressure|FakeOut,TripleAxel,KnockOff,IcyWind|Jolly||M|||50|
|inactive|Battle timer is ON: inactive players will automatically lose when time's up. (requested by viatles)
|
|t:|1784656298
|teamsize|p1|4
|teamsize|p2|4
|start
|switch|p1a: Wife's favorite|Palafin, L50, F|100/100
|switch|p1b: Sableye|Sableye, L50, F|100/100
|switch|p2a: Sinistcha|Sinistcha, L50|100/100
|switch|p2b: Hydreigon|Hydreigon, L50, F|100/100
|turn|1
|inactive|Canndle Stic has 30 seconds left.
|
|t:|1784656323
|detailschange|p1a: Wife's favorite|Palafin-Hero, L50, F
|switch|p1a: Malsumas|Beedrill, L50, F, shiny|100/100
|move|p1b: Sableye|Fake Out|p2b: Hydreigon
|-damage|p2b: Hydreigon|91/100
|move|p2a: Sinistcha|Rage Powder|p2a: Sinistcha
|-singleturn|p2a: Sinistcha|move: Rage Powder
|cant|p2b: Hydreigon|flinch
|
|upkeep
|turn|2
|
|t:|1784656335
|move|p1a: Malsumas|Protect|p1a: Malsumas
|-singleturn|p1a: Malsumas|Protect
|move|p2b: Hydreigon|Dark Pulse|p1a: Malsumas
|-activate|p1a: Malsumas|move: Protect
|move|p2a: Sinistcha|Matcha Gotcha|p1b: Sableye|[spread] p1b
|-activate|p1a: Malsumas|move: Protect
|-damage|p1b: Sableye|69/100
|move|p1b: Sableye|Foul Play|p2a: Sinistcha
|-supereffective|p2a: Sinistcha|1
|-damage|p2a: Sinistcha|65/100
|
|upkeep
|turn|3
|
|t:|1784656357
|detailschange|p1a: Malsumas|Beedrill-Mega, L50, F, shiny
|-mega|p1a: Malsumas|Beedrill|Beedrillite
|move|p2b: Hydreigon|Dark Pulse|p1a: Malsumas
|-damage|p1a: Malsumas|38/100
|move|p1a: Malsumas|U-turn|p2b: Hydreigon
|-supereffective|p2b: Hydreigon|1
|-damage|p2b: Hydreigon|0 fnt
|faint|p2b: Hydreigon
|
|t:|1784656364
|switch|p1a: Farigiraf|Farigiraf, L50, F|100/100|[from] U-turn
|move|p2a: Sinistcha|Matcha Gotcha|p1b: Sableye|[spread] p1a,p1b
|-damage|p1a: Farigiraf|75/100
|-heal|p2a: Sinistcha|79/100|[from] drain|[of] p1a: Farigiraf
|-damage|p1b: Sableye|38/100
|-heal|p2a: Sinistcha|93/100|[from] drain|[of] p1b: Sableye
|-status|p1a: Farigiraf|brn
|-status|p1b: Sableye|brn
|move|p1b: Sableye|Foul Play|p2a: Sinistcha
|-supereffective|p2a: Sinistcha|1
|-damage|p2a: Sinistcha|73/100
|
|-damage|p1a: Farigiraf|69/100 brn|[from] brn
|-damage|p1b: Sableye|33/100 brn|[from] brn
|upkeep
|
|t:|1784656379
|switch|p2b: Weavile|Weavile, L50, M|100/100
|-ability|p2b: Weavile|Pressure
|turn|4
|
|t:|1784656393
|move|p2b: Weavile|Knock Off|p1a: Farigiraf
|-supereffective|p1a: Farigiraf|1
|-damage|p1a: Farigiraf|0 fnt
|-enditem|p1a: Farigiraf|Sitrus Berry|[from] move: Knock Off|[of] p2b: Weavile
|faint|p1a: Farigiraf
|move|p2a: Sinistcha|Matcha Gotcha|p1b: Sableye
|-damage|p1b: Sableye|0 fnt
|-heal|p2a: Sinistcha|87/100|[from] drain|[of] p1b: Sableye
|faint|p1b: Sableye
|
|upkeep
|
|t:|1784656404
|switch|p1a: Malsumas|Beedrill-Mega, L50, F, shiny|38/100
|switch|p1b: Wife's favorite|Palafin-Hero, L50, F|100/100
|-activate|p1b: Wife's favorite|ability: Zero to Hero
|turn|5
|
|t:|1784656423
|switch|p2b: Metagross|Metagross, L50|100/100
|move|p1b: Wife's favorite|Jet Punch|p2b: Metagross
|-crit|p2b: Metagross
|-damage|p2b: Metagross|43/100
|move|p1a: Malsumas|Poison Jab|p2a: Sinistcha
|-damage|p2a: Sinistcha|25/100
|-enditem|p2a: Sinistcha|Sitrus Berry|[eat]
|-heal|p2a: Sinistcha|50/100g|[from] item: Sitrus Berry
|move|p2a: Sinistcha|Matcha Gotcha|p1a: Malsumas|[spread] p1b
|-miss|p2a: Sinistcha|p1a: Malsumas
|-supereffective|p1b: Wife's favorite|1
|-damage|p1b: Wife's favorite|47/100
|-heal|p2a: Sinistcha|80/100|[from] drain|[of] p1b: Wife's favorite
|
|upkeep
|turn|6
|inactive|viatles has 30 seconds left.
|inactive|Canndle Stic has 30 seconds left.
|
|t:|1784656453
|detailschange|p2b: Metagross|Metagross-Mega, L50
|-mega|p2b: Metagross|Metagross|Metagrossite
|move|p2a: Sinistcha|Rage Powder|p2a: Sinistcha
|-singleturn|p2a: Sinistcha|move: Rage Powder
|move|p2b: Metagross|Bullet Punch|p1a: Malsumas
|-damage|p1a: Malsumas|0 fnt
|faint|p1a: Malsumas
|move|p1b: Wife's favorite|Jet Punch|p2a: Sinistcha
|-resisted|p2a: Sinistcha|1
|-damage|p2a: Sinistcha|60/100
|
|upkeep
|turn|7
|
|t:|1784656463
|move|p1b: Wife's favorite|Jet Punch|p2b: Metagross
|-damage|p2b: Metagross|13/100
|move|p2b: Metagross|Psychic Fangs|p1b: Wife's favorite
|-damage|p1b: Wife's favorite|0 fnt
|faint|p1b: Wife's favorite
|
|win|Canndle Stic
|raw|viatles's rating: 1154 → 1125(-29 for losing)
|raw|Canndle Stic's rating: 1096 → 1126(+30 for winning)
|c|☆viatles|ggs wp
|c|☆Canndle Stic|gg
|l|☆Canndle Stic
|player|p2|
