|j|☆jamon_con_talco
|j|☆famus123
|html|jamon_con_talcofamus123    
|uhtml|bestof|Game 1 of a best-of-3
|t:|1785364335
|gametype|doubles
|player|p1|jamon_con_talco|swimmer|
|player|p2|famus123|169|
|gen|9
|tier|[Gen 9 Champions] VGC 2026 Reg M-B (Bo3)
|rule|Species Clause: Limit one of each Pokémon
|rule|Item Clause: Limit 1 of each item
|clearpoke
|poke|p1|Incineroar, L50, F|
|poke|p1|Rotom-Mow, L50|
|poke|p1|Tyranitar, L50, F|
|poke|p1|Excadrill, L50, M|
|poke|p1|Corviknight, L50, F|
|poke|p1|Charizard, L50, M|
|poke|p2|Floette-Eternal, L50, F|
|poke|p2|Garchomp, L50, M|
|poke|p2|Primarina, L50, F|
|poke|p2|Alakazam, L50, M|
|poke|p2|Metagross, L50|
|poke|p2|Sinistcha, L50|
|teampreview|4
|showteam|p1|Incineroar||SitrusBerry|Blaze|FakeOut,FlareBlitz,PartingShot,ThroatChop|Adamant||F|||50|]Rotom-Mow||LightClay|Levitate|LeafStorm,NastyPlot,VoltSwitch,Reflect|Timid|||||50|]Tyranitar||ChoiceScarf|SandStream|RockSlide,IcePunch,KnockOff,Taunt|Adamant||F|||50|]Excadrill||FocusSash|SandRush|HighHorsepower,IronHead,RockSlide,Protect|Adamant||M|||50|]Corviknight||Leftovers|Pressure|BodyPress,IronDefense,Tailwind,IronHead|Impish||F|||50|]Charizard||CharizarditeY|Blaze|WeatherBall,HeatWave,Protect,ScorchingSands|Timid||M|||50|
|showteam|p2|Floette-Eternal||Floettite|FlowerVeil|Moonblast,DazzlingGleam,CalmMind,Protect|Modest||F|||50|]Garchomp||SitrusBerry|RoughSkin|DragonClaw,Earthquake,RockSlide,Protect|Jolly||M|||50|]Primarina||ExpertBelt|Torrent|Moonblast,PsychicNoise,Surf,FlipTurn|Modest||F|||50|]Alakazam||LifeOrb|MagicGuard|Psychic,ShadowBall,FocusBlast,Protect|Timid||M|||50|]Metagross||Metagrossite|ClearBody|IronHead,PsychicFangs,StompingTantrum,Protect|Adamant|||||50|]Sinistcha||Leftovers|Hospitality|MatchaGotcha,RagePowder,StrengthSap,CalmMind|Bold|||||50|
|j| Eyemasked
|
|t:|1785364419
|teamsize|p1|4
|teamsize|p2|4
|start
|switch|p1a: Incineroar|Incineroar, L50, F|100/100
|switch|p1b: Tyranitar|Tyranitar, L50, F|100/100
|switch|p2a: Garchomp|Garchomp, L50, M|100/100
|switch|p2b: Primarina|Primarina, L50, F|100/100
|-weather|Sandstorm|[from] ability: Sand Stream|[of] p1b: Tyranitar
|turn|1
|inactive|Battle timer is ON: inactive players will automatically lose when time's up. (requested by famus123)
|
|t:|1785364450
|switch|p2b: Floette|Floette-Eternal, L50, F|100/100
|move|p2a: Garchomp|Protect|p2a: Garchomp
|-singleturn|p2a: Garchomp|Protect
|move|p1a: Incineroar|Fake Out|p2b: Floette
|-damage|p2b: Floette|83/100
|move|p1b: Tyranitar|Ice Punch|p2a: Garchomp
|-activate|p2a: Garchomp|move: Protect
|
|-weather|Sandstorm|[upkeep]
|-damage|p2b: Floette|77/100|[from] Sandstorm
|-damage|p1a: Incineroar|94/100|[from] Sandstorm
|upkeep
|turn|2
|
|t:|1785364480
|switch|p2a: Primarina|Primarina, L50, F|100/100
|detailschange|p2b: Floette|Floette-Mega, L50, F
|-mega|p2b: Floette|Floette|Floettite
|-ability|p2b: Floette|Fairy Aura
|move|p2b: Floette|Dazzling Gleam|p1b: Tyranitar|[spread] p1a,p1b
|-supereffective|p1b: Tyranitar|1
|-damage|p1a: Incineroar|56/100
|-damage|p1b: Tyranitar|44/100
|move|p1b: Tyranitar|Ice Punch|p2a: Primarina
|-resisted|p2a: Primarina|1
|-damage|p2a: Primarina|83/100
|move|p1a: Incineroar|Parting Shot|p2b: Floette
|-unboost|p2b: Floette|atk|1
|-unboost|p2b: Floette|spa|1
|
|t:|1785364483
|switch|p1a: Excadrill|Excadrill, L50, M|100/100|[from] Parting Shot
|
|-weather|Sandstorm|[upkeep]
|-damage|p2b: Floette|71/100|[from] Sandstorm
|-damage|p2a: Primarina|77/100|[from] Sandstorm
|upkeep
|turn|3
|
|t:|1785364508
|switch|p1b: Rotom|Rotom-Mow, L50|100/100
|move|p1a: Excadrill|Iron Head|p2a: Primarina
|-crit|p2a: Primarina
|-damage|p2a: Primarina|0 fnt
|faint|p2a: Primarina
|move|p2b: Floette|Dazzling Gleam|p1a: Excadrill|[spread] p1a,p1b
|-resisted|p1a: Excadrill|1
|-damage|p1a: Excadrill|77/100
|-damage|p1b: Rotom|54/100
|
|-weather|Sandstorm|[upkeep]
|-damage|p1b: Rotom|48/100|[from] Sandstorm
|-damage|p2b: Floette|65/100|[from] Sandstorm
|upkeep
|
|t:|1785364515
|switch|p2a: Garchomp|Garchomp, L50, M|100/100
|turn|4
|
|t:|1785364540
|switch|p1a: Incineroar|Incineroar, L50, F|56/100
|move|p2b: Floette|Protect|p2b: Floette
|-singleturn|p2b: Floette|Protect
|move|p2a: Garchomp|Earthquake|p1a: Incineroar|[spread] p1a
|-activate|p2b: Floette|move: Protect
|-immune|p1b: Rotom|[from] ability: Levitate
|-supereffective|p1a: Incineroar|1
|-damage|p1a: Incineroar|0 fnt
|faint|p1a: Incineroar
|move|p1b: Rotom|Leaf Storm|p2b: Floette
|-activate|p2b: Floette|move: Protect
|
|-weather|Sandstorm|[upkeep]
|-damage|p1b: Rotom|43/100|[from] Sandstorm
|-damage|p2b: Floette|59/100|[from] Sandstorm
|upkeep
|
|t:|1785364552
|switch|p1a: Excadrill|Excadrill, L50, M|77/100
|turn|5
|
|t:|1785364574
|move|p2a: Garchomp|Protect|p2a: Garchomp
|-singleturn|p2a: Garchomp|Protect
|move|p1a: Excadrill|Rock Slide|p2a: Garchomp|[spread] p2b
|-activate|p2a: Garchomp|move: Protect
|-damage|p2b: Floette|37/100
|move|p1b: Rotom|Leaf Storm|p2a: Garchomp
|-activate|p2a: Garchomp|move: Protect
|move|p2b: Floette|Moonblast|p1b: Rotom
|-damage|p1b: Rotom|0 fnt
|faint|p1b: Rotom
|
|-weather|none
|upkeep
|
|t:|1785364580
|switch|p1b: Tyranitar|Tyranitar, L50, F|44/100
|-weather|Sandstorm|[from] ability: Sand Stream|[of] p1b: Tyranitar
|turn|6
|
|t:|1785364600
|move|p2b: Floette|Protect|p2b: Floette
|-singleturn|p2b: Floette|Protect
|move|p1a: Excadrill|Rock Slide|p2b: Floette|[spread] p2a
|-activate|p2b: Floette|move: Protect
|-resisted|p2a: Garchomp|1
|-damage|p2a: Garchomp|89/100
|move|p2a: Garchomp|Earthquake|p1a: Excadrill|[spread] p1a,p1b
|-activate|p2b: Floette|move: Protect
|-supereffective|p1a: Excadrill|1
|-supereffective|p1b: Tyranitar|1
|-damage|p1a: Excadrill|0 fnt
|-damage|p1b: Tyranitar|0 fnt
|faint|p1a: Excadrill
|faint|p1b: Tyranitar
|
|win|famus123
|inactive|jamon_con_talco has 30 seconds to confirm battle start!
|inactive|famus123 has 30 seconds to confirm battle start!
|l|☆jamon_con_talco
|player|p1|
||jamon_con_talco is ready for game 2.
||famus123 is ready for game 2.
|uhtml|next|Next: Game 2 of 3
