|j|☆Ninjacoox
|j|☆Kinyachta
|html|NinjacooxKinyachta    
|uhtml|bestof|Game 1 of a best-of-3
|t:|1785362862
|gametype|doubles
|player|p1|Ninjacoox|rood|1233
|player|p2|Kinyachta|2|1373
|gen|9
|tier|[Gen 9 Champions] VGC 2026 Reg M-B (Bo3)
|rated|
|rule|Species Clause: Limit one of each Pokémon
|rule|Item Clause: Limit 1 of each item
|clearpoke
|poke|p1|Staraptor, L50, F|
|poke|p1|Sinistcha, L50|
|poke|p1|Maushold, L50|
|poke|p1|Kingambit, L50, M|
|poke|p1|Sneasler, L50, M|
|poke|p1|Delphox, L50, M|
|poke|p2|Floette-Eternal, L50, F|
|poke|p2|Whimsicott, L50, M|
|poke|p2|Gholdengo, L50|
|poke|p2|Garchomp, L50, F|
|poke|p2|Glimmora, L50, F|
|poke|p2|Incineroar, L50, F|
|teampreview|4
|showteam|p1|Staraptor||Staraptite|Intimidate|CloseCombat,BraveBird,Roost,Protect|Adamant||F|||50|]Sinistcha||SitrusBerry|Hospitality|RagePowder,MatchaGotcha,Protect,LifeDew|Calm|||||50|]Maushold||LumBerry|FriendGuard|Encore,Charm,FollowMe,Protect|Timid|||||50|]Kingambit||BlackGlasses|Defiant|KowtowCleave,SuckerPunch,SwordsDance,Protect|Adamant||M|||50|]Sneasler||WhiteHerb|Unburden|CloseCombat,DireClaw,FakeOut,Feint|Jolly||M|||50|]Delphox||Delphoxite|Blaze|HeatWave,Psyshock,NastyPlot,Protect|Timid||M|||50|
|showteam|p2|Floette-Eternal||Floettite|FlowerVeil|Moonblast,Protect,DazzlingGleam,LightofRuin|Timid||F|||50|]Whimsicott||FocusSash|Prankster|Tailwind,Encore,Moonblast,Protect|Modest||M|||50|]Gholdengo||LifeOrb|GoodasGold|MakeItRain,ShadowBall,Protect,NastyPlot|Timid|||||50|]Garchomp||Leftovers|RoughSkin|DragonClaw,RockSlide,Protect,Earthquake|Adamant||F|||50|]Glimmora||Glimmoranite|ToxicDebris|SludgeBomb,SpikyShield,EarthPower,PowerGem|Modest||F|||50|]Incineroar||SitrusBerry|Intimidate|PartingShot,FakeOut,FlareBlitz,DarkestLariat|Serious||F|||50|
|inactive|Battle timer is ON: inactive players will automatically lose when time's up. (requested by Ninjacoox)
|inactive|Ninjacoox has 60 seconds left.
|
|t:|1785362897
|teamsize|p1|4
|teamsize|p2|4
|start
|switch|p1a: Sneasler|Sneasler, L50, M|100/100
|switch|p1b: Delphox|Delphox, L50, M|100/100
|switch|p2a: Garchomp|Garchomp, L50, F|100/100
|switch|p2b: Whimsicott|Whimsicott, L50, M|100/100
|turn|1
|
|t:|1785362922
|switch|p2b: Incineroar|Incineroar, L50, F|100/100
|-ability|p2b: Incineroar|Intimidate|boost
|-unboost|p1a: Sneasler|atk|1
|-unboost|p1b: Delphox|atk|1
|-enditem|p1a: Sneasler|White Herb
|-clearnegativeboost|p1a: Sneasler|[silent]
|detailschange|p1b: Delphox|Delphox-Mega, L50, M
|-mega|p1b: Delphox|Delphox|Delphoxite
|move|p1a: Sneasler|Fake Out|p2b: Incineroar
|-damage|p2b: Incineroar|87/100
|move|p1b: Delphox|Heat Wave|p2a: Garchomp|[spread] p2b
|-miss|p1b: Delphox|p2a: Garchomp
|-resisted|p2b: Incineroar|1
|-damage|p2b: Incineroar|70/100
|move|p2a: Garchomp|Rock Slide|p1b: Delphox|[spread] p1a,p1b
|-resisted|p1a: Sneasler|1
|-supereffective|p1b: Delphox|1
|-damage|p1a: Sneasler|82/100
|-damage|p1b: Delphox|44/100
|
|upkeep
|turn|2
|
|t:|1785362942
|switch|p1b: Kingambit|Kingambit, L50, M|100/100
|switch|p2b: Whimsicott|Whimsicott, L50, M|100/100
|move|p1a: Sneasler|Close Combat|p2b: Whimsicott
|-resisted|p2b: Whimsicott|1
|-damage|p2b: Whimsicott|62/100
|-unboost|p1a: Sneasler|def|1
|-unboost|p1a: Sneasler|spd|1
|move|p2a: Garchomp|Earthquake|p1a: Sneasler|[spread] p2b,p1a,p1b
|-resisted|p2b: Whimsicott|1
|-supereffective|p1a: Sneasler|1
|-supereffective|p1b: Kingambit|1
|-damage|p2b: Whimsicott|33/100
|-damage|p1a: Sneasler|0 fnt
|-damage|p1b: Kingambit|36/100
|faint|p1a: Sneasler
|
|upkeep
|
|t:|1785362950
|switch|p1a: Sinistcha|Sinistcha, L50|100/100
|-heal|p1b: Kingambit|60/100|[from] ability: Hospitality|[of] p1a: Sinistcha
|turn|3
|
|t:|1785362976
|move|p1b: Kingambit|Protect|p1b: Kingambit
|-singleturn|p1b: Kingambit|Protect
|move|p2b: Whimsicott|Tailwind|p2b: Whimsicott
|-sidestart|p2: Kinyachta|move: Tailwind
|move|p2a: Garchomp|Earthquake|p1a: Sinistcha|[spread] p2b,p1a
|-activate|p1b: Kingambit|move: Protect
|-resisted|p2b: Whimsicott|1
|-resisted|p1a: Sinistcha|1
|-damage|p2b: Whimsicott|8/100
|-damage|p1a: Sinistcha|78/100
|move|p1a: Sinistcha|Matcha Gotcha|p2a: Garchomp|[spread] p2a
|-miss|p1a: Sinistcha|p2b: Whimsicott
|-damage|p2a: Garchomp|74/100
|-heal|p1a: Sinistcha|95/100|[from] drain|[of] p2a: Garchomp
|
|-heal|p2a: Garchomp|80/100|[from] item: Leftovers
|upkeep
|turn|4
|inactive|Ninjacoox has 30 seconds left.
|
|t:|1785363003
|switch|p1b: Delphox|Delphox-Mega, L50, M|44/100
|move|p2b: Whimsicott|Moonblast|p1b: Delphox
|-resisted|p1b: Delphox|1
|-damage|p1b: Delphox|28/100
|move|p2a: Garchomp|Rock Slide|p1b: Delphox|[spread] p1a,p1b
|-supereffective|p1b: Delphox|1
|-damage|p1a: Sinistcha|75/100
|-damage|p1b: Delphox|0 fnt
|faint|p1b: Delphox
|move|p1a: Sinistcha|Matcha Gotcha|p2b: Whimsicott|[spread] p2a,p2b
|-resisted|p2b: Whimsicott|1
|-damage|p2a: Garchomp|57/100
|-heal|p1a: Sinistcha|90/100|[from] drain|[of] p2a: Garchomp
|-damage|p2b: Whimsicott|0 fnt
|-heal|p1a: Sinistcha|94/100|[from] drain|[of] p2b: Whimsicott
|faint|p2b: Whimsicott
|
|-heal|p2a: Garchomp|63/100|[from] item: Leftovers
|upkeep
|
|t:|1785363023
|switch|p1b: Kingambit|Kingambit, L50, M|60/100
|switch|p2b: Floette|Floette-Eternal, L50, F|100/100
|turn|5
|
|t:|1785363037
|detailschange|p2b: Floette|Floette-Mega, L50, F
|-mega|p2b: Floette|Floette|Floettite
|-ability|p2b: Floette|Fairy Aura
|move|p1b: Kingambit|Sucker Punch|p2a: Garchomp
|-damage|p2a: Garchomp|22/100
|-damage|p1b: Kingambit|48/100|[from] ability: Rough Skin|[of] p2a: Garchomp
|move|p2b: Floette|Light of Ruin|p1b: Kingambit
|-damage|p1b: Kingambit|0 fnt
|faint|p1b: Kingambit
|-damage|p2b: Floette|65/100|[from] Recoil
|move|p2a: Garchomp|Dragon Claw|p1a: Sinistcha
|-damage|p1a: Sinistcha|49/100
|-enditem|p1a: Sinistcha|Sitrus Berry|[eat]
|-heal|p1a: Sinistcha|74/100|[from] item: Sitrus Berry
|move|p1a: Sinistcha|Matcha Gotcha|p2a: Garchomp|[spread] p2b
|-miss|p1a: Sinistcha|p2a: Garchomp
|-damage|p2b: Floette|45/100
|-heal|p1a: Sinistcha|83/100|[from] drain|[of] p2b: Floette
|
|-heal|p2a: Garchomp|28/100|[from] item: Leftovers
|upkeep
|turn|6
|
|t:|1785363062
|move|p2b: Floette|Light of Ruin|p1a: Sinistcha
|-damage|p1a: Sinistcha|0 fnt
|faint|p1a: Sinistcha
|-damage|p2b: Floette|0 fnt|[from] Recoil
|faint|p2b: Floette
|
|win|Kinyachta
||Kinyachta is ready for game 2.
||Ninjacoox is ready for game 2.
|uhtml|next|Next: Game 2 of 3
