|j|☆BSouthVGC
|j|☆Mashuno
|html|BSouthVGCMashuno    
|uhtml|bestof|Game 2 of a best-of-3
|t:|1757631660
|gametype|doubles
|player|p1|BSouthVGC|2|1000
|player|p2|Mashuno|pokekid|1050
|gen|9
|tier|[Gen 9] VGC 2025 Reg H (Bo3)
|rated|
|rule|Species Clause: Limit one of each Pokémon
|rule|Item Clause: Limit 1 of each item
|clearpoke
|poke|p1|Smeargle, L50, M|
|poke|p1|Talonflame, L50, F|
|poke|p1|Ursaluna-Bloodmoon, L50, M|
|poke|p1|Maushold, L50|
|poke|p1|Annihilape, L50, M|
|poke|p1|Pelipper, L50, F|
|poke|p2|Pelipper, L50, M|
|poke|p2|Archaludon, L50, M|
|poke|p2|Blastoise, L50, M|
|poke|p2|Dragonite, L50, M|
|poke|p2|Indeedee-F, L50, F|
|poke|p2|Sneasler, L50, F|
|teampreview|4
|showteam|p1|Smeargle||FocusSash|Moody|Spore,Decorate,FollowMe,Protect|||M|||50|,,,,,Ghost]Talonflame||CovertCloak|GaleWings|Tailwind,BraveBird,FlareBlitz,Protect|||F|||50|,,,,,Water]Ursaluna-Bloodmoon||ChoiceSpecs|MindsEye|HyperVoice,BloodMoon,EarthPower,VacuumWave|||M|||50|,,,,,Ghost]Maushold||SafetyGoggles|FriendGuard|BeatUp,FollowMe,Protect,Taunt||||||50|,,,,,Ghost]Annihilape||Leftovers|Defiant|RageFist,DrainPunch,Protect,FinalGambit|||M|||50|,,,,,Grass]Pelipper||ChoiceScarf|Drizzle|WeatherBall,Hurricane,WideGuard,Tailwind|||F|||50|,,,,,Stellar
|showteam|p2|Pelipper||ChoiceScarf|Drizzle|Tailwind,Hurricane,WeatherBall,HelpingHand|||M|||50|,,,,,Ghost]Archaludon||AssaultVest|Stamina|ElectroShot,BodyPress,FlashCannon,DracoMeteor|||M|||50|,,,,,Ghost]Blastoise||MysticWater|RainDish|Protect,ShellSmash,WaterSpout,WaterPledge|||M|||50|,,,,,Water]Dragonite||LoadedDice|InnerFocus|Protect,ScaleShot,StompingTantrum,Haze|||M|||50|,,,,,Steel]Indeedee-F||SafetyGoggles|PsychicSurge|Psychic,FollowMe,TrickRoom,Imprison|||F|||50|,,,,,Fairy]Sneasler||PsychicSeed|Unburden|Protect,DireClaw,CloseCombat,ThroatChop|||F|||50|,,,,,Stellar
|inactive|Battle timer is ON: inactive players will automatically lose when time's up. (requested by BSouthVGC)
|inactive|Mashuno has 60 seconds left.
|
|t:|1757631754
|teamsize|p1|4
|teamsize|p2|4
|start
|switch|p1a: Maushold|Maushold, L50|100/100
|switch|p1b: Annihilape|Annihilape, L50, M|100/100
|switch|p2a: Indeedee|Indeedee-F, L50, F|100/100
|switch|p2b: Sneasler|Sneasler, L50, F|100/100
|-fieldstart|move: Psychic Terrain|[from] ability: Psychic Surge|[of] p2a: Indeedee
|-enditem|p2b: Sneasler|Psychic Seed
|-boost|p2b: Sneasler|spd|1|[from] item: Psychic Seed
|turn|1
|inactive|BSouthVGC has 30 seconds left.
|inactive|Mashuno has 30 seconds left.
|
|t:|1757631789
|-terastallize|p2b: Sneasler|Stellar
|-terastallize|p1a: Maushold|Ghost
|move|p2a: Indeedee|Follow Me|p2a: Indeedee
|-singleturn|p2a: Indeedee|move: Follow Me
|move|p2b: Sneasler|Throat Chop|p1b: Annihilape
|-damage|p1b: Annihilape|77/100
|-start|p1b: Annihilape|Throat Chop|[silent]
|move|p1a: Maushold|Beat Up|p2a: Indeedee
|-supereffective|p2a: Indeedee
|-damage|p2a: Indeedee|97/100
|-supereffective|p2a: Indeedee
|-damage|p2a: Indeedee|93/100
|-supereffective|p2a: Indeedee
|-damage|p2a: Indeedee|90/100
|-supereffective|p2a: Indeedee
|-crit|p2a: Indeedee
|-damage|p2a: Indeedee|85/100
|-hitcount|p2a: Indeedee|4
|move|p1b: Annihilape|Rage Fist|p2a: Indeedee
|-immune|p2a: Indeedee
|
|-heal|p1b: Annihilape|83/100|[from] item: Leftovers
|upkeep
|turn|2
|inactive|BSouthVGC has 30 seconds left.
|inactive|Mashuno has 30 seconds left.
|inactive|Mashuno has 20 seconds left.
|inactive|Mashuno has 15 seconds left.
|
|t:|1757631831
|switch|p1a: Smeargle|Smeargle, L50, M|100/100
|move|p2a: Indeedee|Follow Me|p2a: Indeedee
|-singleturn|p2a: Indeedee|move: Follow Me
|move|p2b: Sneasler|Throat Chop|p1a: Smeargle
|-damage|p1a: Smeargle|34/100
|-start|p1a: Smeargle|Throat Chop|[silent]
|move|p1b: Annihilape|Drain Punch|p2a: Indeedee
|-damage|p2a: Indeedee|57/100
|-heal|p1b: Annihilape|95/100|[from] drain|[of] p2a: Indeedee
|
|-heal|p1b: Annihilape|100/100|[from] item: Leftovers
|-end|p1b: Annihilape|Throat Chop|[silent]
|-ability|p1a: Smeargle|Moody|boost
|-boost|p1a: Smeargle|spe|2
|-unboost|p1a: Smeargle|spa|1
|upkeep
|turn|3
|inactive|BSouthVGC has 30 seconds left.
|inactive|Mashuno has 30 seconds left.
|inactive|BSouthVGC has 20 seconds left.
|
|t:|1757631869
|move|p1a: Smeargle|Protect|p1a: Smeargle
|-singleturn|p1a: Smeargle|Protect
|move|p2b: Sneasler|Throat Chop|p1a: Smeargle
|-activate|p1a: Smeargle|move: Protect
|move|p1b: Annihilape|Drain Punch|p2a: Indeedee
|-damage|p2a: Indeedee|30/100
|move|p2a: Indeedee|Psychic|p1b: Annihilape
|-supereffective|p1b: Annihilape
|-damage|p1b: Annihilape|50/100
|
|-heal|p1b: Annihilape|56/100|[from] item: Leftovers
|-end|p1a: Smeargle|Throat Chop|[silent]
|-ability|p1a: Smeargle|Moody|boost
|-boost|p1a: Smeargle|atk|2
|-unboost|p1a: Smeargle|spa|1
|upkeep
|turn|4
|inactive|BSouthVGC has 30 seconds left.
|
|t:|1757631896
|move|p1a: Smeargle|Protect|p1a: Smeargle
|-singleturn|p1a: Smeargle|Protect
|move|p2b: Sneasler|Throat Chop|p1a: Smeargle
|-activate|p1a: Smeargle|move: Protect
|move|p1b: Annihilape|Rage Fist|p2b: Sneasler
|-damage|p2b: Sneasler|0 fnt
|faint|p2b: Sneasler
|move|p2a: Indeedee|Psychic|p1b: Annihilape
|-supereffective|p1b: Annihilape
|-crit|p1b: Annihilape
|-damage|p1b: Annihilape|0 fnt
|faint|p1b: Annihilape
|
|-ability|p1a: Smeargle|Moody|boost
|-boost|p1a: Smeargle|def|2
|-unboost|p1a: Smeargle|spe|1
|upkeep
|inactive|Mashuno has 30 seconds left.
|
|t:|1757631931
|switch|p2b: Archaludon|Archaludon, L50, M|100/100
|switch|p1b: Peeko|Pelipper, L50, F, shiny|100/100
|-weather|RainDance|[from] ability: Drizzle|[of] p1b: Peeko
|turn|5
|
|t:|1757631954
|switch|p1b: Maushold|Maushold, L50, tera:Ghost|100/100
|move|p2a: Indeedee|Follow Me|p2a: Indeedee
|-singleturn|p2a: Indeedee|move: Follow Me
|move|p1a: Smeargle|Spore|p2a: Indeedee
|-activate|p2a: Indeedee|item: Safety Goggles|Spore
|move|p2b: Archaludon|Electro Shot||[still]
|-prepare|p2b: Archaludon|Electro Shot
|-boost|p2b: Archaludon|spa|1
|-anim|p2b: Archaludon|Electro Shot|p1a: Smeargle
|-damage|p1a: Smeargle|0 fnt
|faint|p1a: Smeargle
|
|-weather|RainDance|[upkeep]
|-fieldend|move: Psychic Terrain
|upkeep
|
|t:|1757631969
|switch|p1a: Peeko|Pelipper, L50, F, shiny|100/100
|turn|6
|-message|BSouthVGC forfeited.
|
|win|Mashuno
|raw|BSouthVGC's rating: 1000 → 1000(+0 for losing)
|raw|Mashuno's rating: 1050 → 1078(+28 for winning)
|l|☆BSouthVGC
|player|p1|
