|j|☆nachoconpicodgallo
|j|☆lindseyyy
|html|nachoconpicodgallolindseyyy    
|uhtml|bestof|Game 2 of a best-of-3
|t:|1786071097
|gametype|doubles
|player|p1|nachoconpicodgallo|guitarist|1192
|player|p2|lindseyyy|2|1283
|gen|9
|tier|[Gen 9 Champions] VGC 2026 Reg M-B (Bo3)
|rated|
|rule|Species Clause: Limit one of each Pokémon
|rule|Item Clause: Limit 1 of each item
|clearpoke
|poke|p1|Gengar, L50, F, shiny|
|poke|p1|Ninetales-Alola, L50, M, shiny|
|poke|p1|Incineroar, L50, F|
|poke|p1|Scovillain, L50, M|
|poke|p1|Lycanroc-Dusk, L50, F|
|poke|p1|Dragonite, L50, F|
|poke|p2|Rotom-Wash, L50|
|poke|p2|Ninetales-Alola, L50, F|
|poke|p2|Kingambit, L50, M|
|poke|p2|Sneasler, L50, F|
|poke|p2|Tsareena, L50, F|
|poke|p2|Aerodactyl, L50, M|
|teampreview|4
|showteam|p1|Gengar||Gengarite|CursedBody|ShadowBall,SludgeBomb,Substitute,Protect|Modest||F|||50|]Ninetales-Alola||ChoiceScarf|SnowWarning|Blizzard,FreezeDry,IcyWind,Encore|Timid||M|||50|]Incineroar||SitrusBerry|Intimidate|FlareBlitz,ThroatChop,FakeOut,PartingShot|Impish||F|||50|]Scovillain||Scovillainite|Moody|GigaDrain,Overheat,RagePowder,Protect|Bold||M|||50|]Lycanroc-Dusk||FocusSash|ToughClaws|RockSlide,CloseCombat,Accelerock,Protect|Adamant||F|||50|]Dragonite||LifeOrb|InnerFocus|DragonClaw,ExtremeSpeed,Superpower,Protect|Adamant||F|||50|
|showteam|p2|Rotom-Wash||Magnet|Levitate|WillOWisp,HydroPump,Thunderbolt,Protect|Modest|||||50|]Ninetales-Alola||NeverMeltIce|SnowWarning|Howl,Blizzard,IcyWind,Protect|Timid||F|||50|]Kingambit||BlackGlasses|Defiant|Protect,KowtowCleave,SuckerPunch,SwordsDance|Adamant||M|||50|]Sneasler||WhiteHerb|Unburden|CloseCombat,DireClaw,RockTomb,FakeOut|Adamant||F|||50|]Tsareena||ChoiceScarf|QueenlyMajesty|TropKick,TripleAxel,LowKick,KnockOff|Jolly||F|||50|]Aerodactyl||Aerodactylite|Unnerve|Protect,RockSlide,Tailwind,DualWingbeat|Jolly||M|||50|
|inactive|Battle timer is ON: inactive players will automatically lose when time's up. (requested by nachoconpicodgallo)
|inactive|lindseyyy also wants the timer to be on.
|
|t:|1786071123
|teamsize|p1|4
|teamsize|p2|4
|start
|switch|p1a: Gengar|Gengar, L50, F, shiny|100/100
|switch|p1b: Dragonite|Dragonite, L50, F|100/100
|switch|p2a: STELLVRIS|Aerodactyl, L50, M|100/100
|switch|p2b: Amanda|Sneasler, L50, F|100/100
|-ability|p2a: STELLVRIS|Unnerve
|turn|1
|inactive|lindseyyy has 30 seconds left.
|
|t:|1786071149
|switch|p1b: Incineroar|Incineroar, L50, F|100/100
|-ability|p1b: Incineroar|Intimidate|boost
|-unboost|p2a: STELLVRIS|atk|1
|-unboost|p2b: Amanda|atk|1
|-enditem|p2b: Amanda|White Herb
|-clearnegativeboost|p2b: Amanda|[silent]
|detailschange|p2a: STELLVRIS|Aerodactyl-Mega, L50, M
|-mega|p2a: STELLVRIS|Aerodactyl|Aerodactylite
|detailschange|p1a: Gengar|Gengar-Mega, L50, F, shiny
|-mega|p1a: Gengar|Gengar|Gengarite
|move|p2b: Amanda|Rock Tomb|p1a: Gengar
|-damage|p1a: Gengar|69/100
|-unboost|p1a: Gengar|spe|1
|move|p2a: STELLVRIS|Dual Wingbeat|p1a: Gengar
|-damage|p1a: Gengar|46/100
|-damage|p1a: Gengar|21/100
|-hitcount|p1a: Gengar|2
|move|p1a: Gengar|Shadow Ball|p2a: STELLVRIS
|-damage|p2a: STELLVRIS|41/100
|
|upkeep
|turn|2
|inactive|nachoconpicodgallo has 30 seconds left.
|inactive|nachoconpicodgallo has 20 seconds left.
|inactive|nachoconpicodgallo has 15 seconds left.
|
|t:|1786071192
|move|p1b: Incineroar|Fake Out|p2a: STELLVRIS
|-resisted|p2a: STELLVRIS|1
|-damage|p2a: STELLVRIS|35/100
|move|p2b: Amanda|Close Combat|p1b: Incineroar
|-supereffective|p1b: Incineroar|1
|-damage|p1b: Incineroar|0 fnt
|-unboost|p2b: Amanda|def|1
|-unboost|p2b: Amanda|spd|1
|faint|p1b: Incineroar
|cant|p2a: STELLVRIS|flinch
|move|p1a: Gengar|Shadow Ball|p2b: Amanda
|-damage|p2b: Amanda|1/100
|
|upkeep
|
|t:|1786071204
|switch|p1b: Lycanroc|Lycanroc-Dusk, L50, F|100/100
|turn|3
|
|t:|1786071216
|move|p1a: Gengar|Protect|p1a: Gengar
|-singleturn|p1a: Gengar|Protect
|move|p1b: Lycanroc|Accelerock|p2b: Amanda
|-resisted|p2b: Amanda|1
|-damage|p2b: Amanda|0 fnt
|faint|p2b: Amanda
|move|p2a: STELLVRIS|Tailwind|p2a: STELLVRIS
|-sidestart|p2: lindseyyy|move: Tailwind
|
|upkeep
|
|t:|1786071225
|switch|p2b: Lonesong|Ninetales-Alola, L50, F|100/100
|-weather|Snowscape|[from] ability: Snow Warning|[of] p2b: Lonesong
|turn|4
|inactive|nachoconpicodgallo has 30 seconds left.
|
|t:|1786071260
|move|p2a: STELLVRIS|Rock Slide|p1b: Lycanroc|[spread] p1a
|-miss|p2a: STELLVRIS|p1b: Lycanroc
|-damage|p1a: Gengar|0 fnt
|faint|p1a: Gengar
|move|p2b: Lonesong|Blizzard|p1b: Lycanroc
|-damage|p1b: Lycanroc|14/100
|move|p1b: Lycanroc|Rock Slide|p2b: Lonesong|[spread] p2a,p2b
|-supereffective|p2a: STELLVRIS|1
|-supereffective|p2b: Lonesong|1
|-damage|p2a: STELLVRIS|0 fnt
|-damage|p2b: Lonesong|40/100
|faint|p2a: STELLVRIS
|
|-weather|Snowscape|[upkeep]
|upkeep
|
|t:|1786071272
|switch|p2a: Simple&Clean|Rotom-Wash, L50|100/100
|switch|p1a: Dragonite|Dragonite, L50, F|100/100
|turn|5
|
|t:|1786071285
|move|p2b: Lonesong|Protect|p2b: Lonesong
|-singleturn|p2b: Lonesong|Protect
|move|p1b: Lycanroc|Protect|p1b: Lycanroc
|-singleturn|p1b: Lycanroc|Protect
|move|p1a: Dragonite|Protect|p1a: Dragonite
|-singleturn|p1a: Dragonite|Protect
|move|p2a: Simple&Clean|Thunderbolt|p1b: Lycanroc
|-activate|p1b: Lycanroc|move: Protect
|
|-weather|Snowscape|[upkeep]
|upkeep
|turn|6
|
|t:|1786071292
|move|p1a: Dragonite|Extreme Speed|p2b: Lonesong
|-damage|p2b: Lonesong|2/100
|-damage|p1a: Dragonite|90/100|[from] item: Life Orb
|move|p1b: Lycanroc|Accelerock|p2b: Lonesong
|-supereffective|p2b: Lonesong|1
|-damage|p2b: Lonesong|0 fnt
|faint|p2b: Lonesong
|move|p2a: Simple&Clean|Thunderbolt|p1b: Lycanroc
|-damage|p1b: Lycanroc|0 fnt
|faint|p1b: Lycanroc
|
|-weather|Snowscape|[upkeep]
|-sideend|p2: lindseyyy|move: Tailwind
|upkeep
|turn|7
|
|t:|1786071311
|move|p2a: Simple&Clean|Thunderbolt|p1a: Dragonite
|-damage|p1a: Dragonite|45/100
|move|p1a: Dragonite|Dragon Claw|p2a: Simple&Clean
|-damage|p2a: Simple&Clean|38/100
|-damage|p1a: Dragonite|35/100|[from] item: Life Orb
|
|-weather|Snowscape|[upkeep]
|upkeep
|turn|8
|
|t:|1786071319
|move|p1a: Dragonite|Extreme Speed|p2a: Simple&Clean
|-damage|p2a: Simple&Clean|0 fnt
|faint|p2a: Simple&Clean
|-damage|p1a: Dragonite|25/100|[from] item: Life Orb
|
|win|nachoconpicodgallo
|raw|nachoconpicodgallo's rating: 1192 → 1223(+31 for winning)
|raw|lindseyyy's rating: 1283 → 1252(-31 for losing)
