|j|☆bartei
|j|☆lofiandchil
|html|barteilofiandchil    
|uhtml|bestof|Game 2 of a best-of-3
|t:|1756765124
|gametype|doubles
|player|p1|bartei|102|1236
|player|p2|lofiandchil|iris|1149
|gen|9
|tier|[Gen 9] VGC 2025 Reg H (Bo3)
|rated|
|rule|Species Clause: Limit one of each Pokémon
|rule|Item Clause: Limit 1 of each item
|clearpoke
|poke|p1|Dragonite, L50, M|
|poke|p1|Volcarona, L50, F|
|poke|p1|Sneasler, L50, M|
|poke|p1|Rillaboom, L50, M|
|poke|p1|Electabuzz, L50, M|
|poke|p1|Kingambit, L50, M|
|poke|p2|Electabuzz, L50, M|
|poke|p2|Kingambit, L50, M|
|poke|p2|Volcarona, L50, M|
|poke|p2|Dragonite, L50, M|
|poke|p2|Sneasler, L50, F|
|poke|p2|Rillaboom, L50, M|
|teampreview|4
|showteam|p1|Dragonite||LoadedDice|Multiscale|ScaleShot,ExtremeSpeed,Haze,Protect|||M|||50|,,,,,Fairy]Volcarona||CovertCloak|FlameBody|HeatWave,TeraBlast,QuiverDance,Protect|||F|||50|,,,,,Fairy]Sneasler||FocusSash|Unburden|CloseCombat,DireClaw,Coaching,FakeOut|||M|||50|,,,,,Stellar]Rillaboom||AssaultVest|GrassySurge|WoodHammer,GrassyGlide,HighHorsepower,FakeOut|||M|||50|,,,,,Fire]Electabuzz||Eviolite|VitalSpirit|Thunderbolt,FollowMe,Taunt,Protect|||M|||50|,,,,,Ghost]Kingambit||BlackGlasses|Defiant|KowtowCleave,SuckerPunch,SwordsDance,Protect|||M|||50|,,,,,Dark
|showteam|p2|Electabuzz||Eviolite|VitalSpirit|FollowMe,Thunderbolt,Taunt,Protect|||M|||50|,,,,,Ghost]Kingambit||BlackGlasses|Defiant|KowtowCleave,SuckerPunch,SwordsDance,Protect|||M|||50|,,,,,Dark]Volcarona||Leftovers|FlameBody|HeatWave,TeraBlast,QuiverDance,Protect|||M|||50|,,,,,Fairy]Dragonite||LoadedDice|Multiscale|ScaleShot,ExtremeSpeed,Haze,Protect|||M|||50|,,,,,Fairy]Sneasler||FocusSash|Unburden|DireClaw,CloseCombat,Coaching,FakeOut|||F|||50|,,,,,Stellar]Rillaboom||AssaultVest|GrassySurge|FakeOut,WoodHammer,GrassyGlide,HighHorsepower|||M|||50|,,,,,Fire
|inactive|Battle timer is ON: inactive players will automatically lose when time's up. (requested by bartei)
|inactive|bartei has 60 seconds left.
|inactive|lofiandchil has 60 seconds left.
|inactive|bartei has 30 seconds left.
|inactive|lofiandchil has 30 seconds left.
|inactive|lofiandchil has 20 seconds left.
|inactive|lofiandchil has 15 seconds left.
|inactive|lofiandchil has 10 seconds left.
|inactive|lofiandchil has 5 seconds left.
|
|t:|1756765216
|teamsize|p1|4
|teamsize|p2|4
|start
|switch|p1a: Sneasler|Sneasler, L50, M|100/100
|switch|p1b: Dragonite|Dragonite, L50, M|100/100
|switch|p2a: Volcarona|Volcarona, L50, M|100/100
|switch|p2b: Electabuzz|Electabuzz, L50, M|100/100
|turn|1
|
|t:|1756765239
|move|p2b: Electabuzz|Follow Me|p2b: Electabuzz
|-singleturn|p2b: Electabuzz|move: Follow Me
|move|p1a: Sneasler|Coaching|p1b: Dragonite
|-boost|p1b: Dragonite|atk|1
|-boost|p1b: Dragonite|def|1
|move|p2a: Volcarona|Quiver Dance|p2a: Volcarona
|-boost|p2a: Volcarona|spa|1
|-boost|p2a: Volcarona|spd|1
|-boost|p2a: Volcarona|spe|1
|move|p1b: Dragonite|Scale Shot|p2b: Electabuzz
|-damage|p2b: Electabuzz|84/100
|-damage|p2b: Electabuzz|68/100
|-damage|p2b: Electabuzz|52/100
|-damage|p2b: Electabuzz|34/100
|-damage|p2b: Electabuzz|18/100
|-hitcount|p2b: Electabuzz|5
|-unboost|p1b: Dragonite|def|1
|-boost|p1b: Dragonite|spe|1
|
|upkeep
|turn|2
|
|t:|1756765263
|move|p1b: Dragonite|Extreme Speed|p2b: Electabuzz
|-damage|p2b: Electabuzz|0 fnt
|faint|p2b: Electabuzz
|move|p2a: Volcarona|Heat Wave|p1b: Dragonite|[spread] p1a
|-miss|p2a: Volcarona|p1b: Dragonite
|-damage|p1a: Sneasler|25/100
|-status|p1a: Sneasler|brn
|move|p1a: Sneasler|Dire Claw|p2a: Volcarona
|-crit|p2a: Volcarona
|-damage|p2a: Volcarona|66/100
|
|-heal|p2a: Volcarona|72/100|[from] item: Leftovers
|-damage|p1a: Sneasler|20/100 brn|[from] brn
|upkeep
|
|t:|1756765270
|switch|p2b: Rillaboom|Rillaboom, L50, M|100/100
|-fieldstart|move: Grassy Terrain|[from] ability: Grassy Surge|[of] p2b: Rillaboom
|turn|3
|
|t:|1756765280
|switch|p1a: Electabuzz|Electabuzz, L50, M|100/100
|move|p1b: Dragonite|Protect|p1b: Dragonite
|-singleturn|p1b: Dragonite|Protect
|move|p2b: Rillaboom|Fake Out|p1b: Dragonite
|-activate|p1b: Dragonite|move: Protect
|move|p2a: Volcarona|Heat Wave|p1b: Dragonite|[spread] p1a
|-activate|p1b: Dragonite|move: Protect
|-damage|p1a: Electabuzz|56/100
|
|-heal|p2a: Volcarona|79/100|[from] Grassy Terrain
|-heal|p2a: Volcarona|85/100|[from] item: Leftovers
|-heal|p1a: Electabuzz|62/100|[from] Grassy Terrain
|upkeep
|turn|4
|
|t:|1756765291
|-terastallize|p2a: Volcarona|Fairy
|move|p1a: Electabuzz|Protect|p1a: Electabuzz
|-singleturn|p1a: Electabuzz|Protect
|move|p2a: Volcarona|Heat Wave|p1b: Dragonite|[spread] p1b
|-activate|p1a: Electabuzz|move: Protect
|-resisted|p1b: Dragonite
|-damage|p1b: Dragonite|87/100
|move|p1b: Dragonite|Scale Shot|p2b: Rillaboom|[miss]
|-miss|p1b: Dragonite|p2b: Rillaboom
|move|p2b: Rillaboom|High Horsepower|p1a: Electabuzz
|-activate|p1a: Electabuzz|move: Protect
|
|-heal|p2a: Volcarona|91/100|[from] Grassy Terrain
|-heal|p2a: Volcarona|97/100|[from] item: Leftovers
|-heal|p1a: Electabuzz|68/100|[from] Grassy Terrain
|upkeep
|turn|5
|inactive|bartei has 30 seconds left.
|
|t:|1756765317
|switch|p1a: Sneasler|Sneasler, L50, M|20/100 brn
|-terastallize|p1b: Dragonite|Fairy
|move|p2a: Volcarona|Heat Wave|p1a: Sneasler|[spread] p1a,p1b
|-damage|p1a: Sneasler|0 fnt
|-damage|p1b: Dragonite|29/100
|faint|p1a: Sneasler
|move|p1b: Dragonite|Scale Shot|p2b: Rillaboom
|-damage|p2b: Rillaboom|80/100
|-damage|p2b: Rillaboom|59/100
|-damage|p2b: Rillaboom|37/100
|-damage|p2b: Rillaboom|16/100
|-hitcount|p2b: Rillaboom|4
|-unboost|p1b: Dragonite|def|1
|-boost|p1b: Dragonite|spe|1
|move|p2b: Rillaboom|High Horsepower|p1b: Dragonite
|-damage|p1b: Dragonite|0 fnt
|faint|p1b: Dragonite
|
|-heal|p2a: Volcarona|100/100|[from] Grassy Terrain
|-heal|p2b: Rillaboom|21/100|[from] Grassy Terrain
|upkeep
|
|t:|1756765333
|switch|p1a: Electabuzz|Electabuzz, L50, M|68/100
|switch|p1b: Rillaboom|Rillaboom, L50, M|100/100
|turn|6
|-message|bartei forfeited.
|
|win|lofiandchil
|l|☆bartei
|player|p1|
