|j|☆ProbopassTrainer
|j|☆meikh_neiht
|html|ProbopassTrainermeikh_neiht    
|uhtml|bestof|Game 1 of a best-of-3
|t:|1782531000
|gametype|doubles
|player|p1|ProbopassTrainer|266|1113
|player|p2|meikh_neiht|lucas|1112
|gen|9
|tier|[Gen 9 Champions] VGC 2026 Reg M-B (Bo3)
|rated|
|rule|Species Clause: Limit one of each Pokémon
|rule|Item Clause: Limit 1 of each item
|clearpoke
|poke|p1|Eelektross, L50, F|
|poke|p1|Pelipper, L50, F|
|poke|p1|Archaludon, L50, F|
|poke|p1|Swampert, L50, M|
|poke|p1|Maushold-Four, L50, shiny|
|poke|p1|Overqwil, L50, M|
|poke|p2|Staraptor, L50, F|
|poke|p2|Sinistcha, L50|
|poke|p2|Maushold, L50|
|poke|p2|Kingambit, L50, F|
|poke|p2|Sneasler, L50, F|
|poke|p2|Delphox, L50, F|
|teampreview|4
|showteam|p1|Eelektross||Eelektrossite|Levitate|GrassKnot,Protect,Thunder,DragonPulse|Modest||F|||50|]Pelipper||FocusSash|Drizzle|Tailwind,Hurricane,WeatherBall,HelpingHand|Timid||F|||50|]Archaludon||Leftovers|Stamina|DragonPulse,ElectroShot,FlashCannon,Protect|Calm||F|||50|]Swampert||Swampertite|Torrent|IcePunch,Earthquake,WaveCrash,Protect|Adamant||M|||50|]Maushold-Four||ChopleBerry|FriendGuard|RainDance,FollowMe,SuperFang,Feint|Jolly|||||50|]Overqwil||LifeOrb|SwiftSwim|LashOut,PoisonJab,AquaJet,Protect|Adamant||M|||50|
|showteam|p2|Staraptor||Staraptite|Intimidate|CloseCombat,BraveBird,Roost,Protect|Adamant||F|||50|]Sinistcha||SitrusBerry|Hospitality|RagePowder,MatchaGotcha,TrickRoom,LifeDew|Calm|||||50|]Maushold||ChopleBerry|FriendGuard|Encore,Charm,FollowMe,Protect|Timid|||||50|]Kingambit||OccaBerry|Defiant|KowtowCleave,SuckerPunch,SwordsDance,Protect|Adamant||F|||50|]Sneasler||WhiteHerb|Unburden|DireClaw,Protect,FakeOut,CloseCombat|Jolly||F|||50|]Delphox||Delphoxite|Blaze|HeatWave,Psyshock,NastyPlot,Protect|Timid||F|||50|
|
|t:|1782531072
|teamsize|p1|4
|teamsize|p2|4
|start
|switch|p1a: Mussolini|Archaludon, L50, F|100/100
|switch|p1b: Lenin|Pelipper, L50, F|100/100
|switch|p2a: Kingambit|Kingambit, L50, F|100/100
|switch|p2b: Sinistcha|Sinistcha, L50|100/100
|-weather|RainDance|[from] ability: Drizzle|[of] p1b: Lenin
|turn|1
|
|t:|1782531099
|move|p2b: Sinistcha|Rage Powder|p2b: Sinistcha
|-singleturn|p2b: Sinistcha|move: Rage Powder
|move|p1b: Lenin|Weather Ball|p2b: Sinistcha
|-resisted|p2b: Sinistcha|1
|-damage|p2b: Sinistcha|69/100
|move|p1a: Mussolini|Electro Shot||[still]
|-prepare|p1a: Mussolini|Electro Shot
|-boost|p1a: Mussolini|spa|1
|-anim|p1a: Mussolini|Electro Shot|p2b: Sinistcha
|-resisted|p2b: Sinistcha|1
|-damage|p2b: Sinistcha|44/100
|-enditem|p2b: Sinistcha|Sitrus Berry|[eat]
|-heal|p2b: Sinistcha|68/100|[from] item: Sitrus Berry
|move|p2a: Kingambit|Kowtow Cleave|p1b: Lenin
|-crit|p1b: Lenin
|-damage|p1b: Lenin|8/100
|
|-weather|RainDance|[upkeep]
|upkeep
|turn|2
|
|t:|1782531121
|move|p2a: Kingambit|Sucker Punch|p1b: Lenin
|-crit|p1b: Lenin
|-damage|p1b: Lenin|0 fnt
|faint|p1b: Lenin
|move|p1a: Mussolini|Electro Shot||[still]
|-prepare|p1a: Mussolini|Electro Shot
|-boost|p1a: Mussolini|spa|1
|-anim|p1a: Mussolini|Electro Shot|p2a: Kingambit
|-damage|p2a: Kingambit|28/100
|move|p2b: Sinistcha|Life Dew|p2b: Sinistcha|[spread] p2a,p2b
|-heal|p2a: Kingambit|54/100
|-heal|p2b: Sinistcha|93/100
|
|-weather|RainDance|[upkeep]
|upkeep
|
|t:|1782531135
|switch|p1b: Los Ramirez|Maushold-Four, L50, shiny|100/100
|turn|3
|
|t:|1782531146
|move|p1b: Los Ramirez|Feint|p2a: Kingambit
|-resisted|p2a: Kingambit|1
|-damage|p2a: Kingambit|51/100
|move|p2b: Sinistcha|Rage Powder|p2b: Sinistcha
|-singleturn|p2b: Sinistcha|move: Rage Powder
|move|p1a: Mussolini|Electro Shot||[still]
|-prepare|p1a: Mussolini|Electro Shot
|-boost|p1a: Mussolini|spa|1
|-anim|p1a: Mussolini|Electro Shot|p2b: Sinistcha
|-resisted|p2b: Sinistcha|1
|-damage|p2b: Sinistcha|51/100
|move|p2a: Kingambit|Kowtow Cleave|p1b: Los Ramirez
|-damage|p1b: Los Ramirez|40/100
|
|-weather|RainDance|[upkeep]
|upkeep
|turn|4
|
|t:|1782531165
|switch|p1b: Carl Marx|Eelektross, L50, F|100/100
|move|p2b: Sinistcha|Rage Powder|p2b: Sinistcha
|-singleturn|p2b: Sinistcha|move: Rage Powder
|move|p1a: Mussolini|Electro Shot||[still]
|-prepare|p1a: Mussolini|Electro Shot
|-boost|p1a: Mussolini|spa|1
|-anim|p1a: Mussolini|Electro Shot|p2b: Sinistcha
|-resisted|p2b: Sinistcha|1
|-damage|p2b: Sinistcha|2/100
|move|p2a: Kingambit|Kowtow Cleave|p1b: Carl Marx
|-damage|p1b: Carl Marx|33/100
|
|-weather|RainDance|[upkeep]
|upkeep
|turn|5
|
|t:|1782531183
|detailschange|p1b: Carl Marx|Eelektross-Mega, L50, F
|-mega|p1b: Carl Marx|Eelektross|Eelektrossite
|move|p2b: Sinistcha|Rage Powder|p2b: Sinistcha
|-singleturn|p2b: Sinistcha|move: Rage Powder
|move|p2a: Kingambit|Sucker Punch|p1b: Carl Marx
|-damage|p1b: Carl Marx|0 fnt
|faint|p1b: Carl Marx
|move|p1a: Mussolini|Electro Shot||[still]
|-prepare|p1a: Mussolini|Electro Shot
|-boost|p1a: Mussolini|spa|1
|-anim|p1a: Mussolini|Electro Shot|p2b: Sinistcha
|-resisted|p2b: Sinistcha|1
|-damage|p2b: Sinistcha|0 fnt
|faint|p2b: Sinistcha
|
|-weather|none
|upkeep
|
|t:|1782531198
|switch|p1b: Los Ramirez|Maushold-Four, L50, shiny|40/100
|switch|p2b: Sneasler|Sneasler, L50, F|100/100
|turn|6
|
|t:|1782531207
|move|p2b: Sneasler|Protect|p2b: Sneasler
|-singleturn|p2b: Sneasler|Protect
|move|p1a: Mussolini|Protect|p1a: Mussolini
|-singleturn|p1a: Mussolini|Protect
|move|p1b: Los Ramirez|Rain Dance|p1b: Los Ramirez
|-weather|RainDance
|move|p2a: Kingambit|Kowtow Cleave|p1b: Los Ramirez
|-damage|p1b: Los Ramirez|0 fnt
|faint|p1b: Los Ramirez
|
|-weather|RainDance|[upkeep]
|upkeep
|turn|7
|
|t:|1782531224
|move|p2b: Sneasler|Close Combat|p1a: Mussolini
|-supereffective|p1a: Mussolini|1
|-damage|p1a: Mussolini|5/100
|-unboost|p2b: Sneasler|def|1
|-unboost|p2b: Sneasler|spd|1
|-ability|p1a: Mussolini|Stamina|boost
|-boost|p1a: Mussolini|def|1
|-enditem|p2b: Sneasler|White Herb
|-clearnegativeboost|p2b: Sneasler|[silent]
|move|p1a: Mussolini|Electro Shot||[still]
|-prepare|p1a: Mussolini|Electro Shot
|-boost|p1a: Mussolini|spa|1
|-anim|p1a: Mussolini|Electro Shot|p2b: Sneasler
|-damage|p2b: Sneasler|0 fnt
|faint|p2b: Sneasler
|move|p2a: Kingambit|Swords Dance|p2a: Kingambit
|-boost|p2a: Kingambit|atk|2
|
|-weather|RainDance|[upkeep]
|-heal|p1a: Mussolini|11/100|[from] item: Leftovers
|upkeep
|
|t:|1782531228
|switch|p2b: Staraptor|Staraptor, L50, F|100/100
|-ability|p2b: Staraptor|Intimidate|boost
|-unboost|p1a: Mussolini|atk|1
|turn|8
|
|t:|1782531247
|detailschange|p2b: Staraptor|Staraptor-Mega, L50, F
|-mega|p2b: Staraptor|Staraptor|Staraptite
|move|p2a: Kingambit|Sucker Punch|p1a: Mussolini
|-damage|p1a: Mussolini|0 fnt
|faint|p1a: Mussolini
|
|win|meikh_neiht
||ProbopassTrainer is ready for game 2.
||meikh_neiht is ready for game 2.
|uhtml|next|Next: Game 2 of 3
|l|☆ProbopassTrainer
|player|p1|
