|j|☆James Murphy
|j|☆Zero_BlazeVGC
|html|James MurphyZero_BlazeVGC    
|uhtml|bestof|Game 2 of a best-of-3
|t:|1756234755
|gametype|doubles
|player|p1|James Murphy|101|
|player|p2|Zero_BlazeVGC|flint|
|gen|9
|tier|[Gen 9] VGC 2025 Reg H (Bo3)
|rule|Species Clause: Limit one of each Pokémon
|rule|Item Clause: Limit 1 of each item
|clearpoke
|poke|p1|Archaludon, L50, F|
|poke|p1|Dragonite, L50, M|
|poke|p1|Ursaluna, L50, F|
|poke|p1|Pelipper, L50, F|
|poke|p1|Sinistcha, L50|
|poke|p1|Incineroar, L50, F|
|poke|p2|Rillaboom, L50, M|
|poke|p2|Dragonite, L50, F|
|poke|p2|Sneasler, L50, M|
|poke|p2|Ninetales-Alola, L50, M|
|poke|p2|Kingambit, L50, M|
|poke|p2|Magmar, L50, F|
|teampreview|4
|showteam|p1|Archaludon||AssaultVest|Stamina|ElectroShot,DragonPulse,BodyPress,FlashCannon|||F|||50|,,,,,Bug]Dragonite||LoadedDice|Multiscale|ScaleShot,Tailwind,Haze,Protect|||M|||50|,,,,,Fairy]Ursaluna||FlameOrb|Guts|Earthquake,Facade,HeadlongRush,Protect|||F|||50|,,,,,Fairy]Pelipper||FocusSash|Drizzle|MuddyWater,Hurricane,Tailwind,Protect|||F|||50|,,,,,Ground]Sinistcha||SitrusBerry|Hospitality|MatchaGotcha,RagePowder,TrickRoom,LifeDew||||||50|,,,,,Dark]Incineroar||SafetyGoggles|Intimidate|FakeOut,FlareBlitz,KnockOff,PartingShot|||F|||50|,,,,,Ghost
|showteam|p2|Rillaboom||AssaultVest|GrassySurge|WoodHammer,GrassyGlide,HighHorsepower,FakeOut|||M|||50|,,,,,Fire]Dragonite||LoadedDice|Multiscale|Protect,ScaleShot,LowKick,Haze|||F|||50|,,,,,Fairy]Sneasler||WhiteHerb|Unburden|Protect,DireClaw,CloseCombat,Coaching|||M|||50|,,,,,Ghost]Ninetales-Alola||ChoiceSpecs|SnowWarning|Blizzard,IcyWind,Moonblast,FreezeDry|||M|||50|,,,,,Ghost]Kingambit||SafetyGoggles|Defiant|Protect,KowtowCleave,SuckerPunch,SwordsDance|||M|||50|,,,,,Dark]Magmar||Eviolite|VitalSpirit|Protect,FollowMe,Overheat,WillOWisp|||F|||50|,,,,,Dragon
|
|t:|1756234821
|teamsize|p1|4
|teamsize|p2|4
|start
|switch|p1a: Dragonite|Dragonite, L50, M|100/100
|switch|p1b: Archaludon|Archaludon, L50, F|100/100
|switch|p2a: Hi peli|Ninetales-Alola, L50, M, shiny|100/100
|switch|p2b: 90% = 50%|Dragonite, L50, F, shiny|100/100
|-weather|Snowscape|[from] ability: Snow Warning|[of] p2a: Hi peli
|turn|1
|j| Illumina_ProfTiPl
|c| Illumina_ProfTiPl|hello dw i´m just the judge lol
|
|t:|1756234870
|-terastallize|p2a: Hi peli|Ghost
|-terastallize|p1a: Dragonite|Fairy
|move|p2b: 90% = 50%|Protect|p2b: 90% = 50%
|-singleturn|p2b: 90% = 50%|Protect
|move|p2a: Hi peli|Blizzard|p1a: Dragonite|[spread] p1a,p1b
|-damage|p1a: Dragonite|77/100
|-damage|p1b: Archaludon|62/100
|-ability|p1b: Archaludon|Stamina|boost
|-boost|p1b: Archaludon|def|1
|move|p1a: Dragonite|Tailwind|p1a: Dragonite
|-sidestart|p1: James Murphy|move: Tailwind
|move|p1b: Archaludon|Flash Cannon|p2a: Hi peli
|-damage|p2a: Hi peli|60/100
|
|-weather|Snowscape|[upkeep]
|upkeep
|turn|2
|c|☆Zero_BlazeVGC|lol no probb
|
|t:|1756234925
|move|p1a: Dragonite|Scale Shot|p2b: 90% = 50%
|-supereffective|p2b: 90% = 50%
|-damage|p2b: 90% = 50%|84/100
|-supereffective|p2b: 90% = 50%
|-damage|p2b: 90% = 50%|50/100
|-supereffective|p2b: 90% = 50%
|-damage|p2b: 90% = 50%|14/100
|-supereffective|p2b: 90% = 50%
|-damage|p2b: 90% = 50%|0 fnt
|faint|p2b: 90% = 50%
|-hitcount|p2: 90% = 50%|4
|-unboost|p1a: Dragonite|def|1
|-boost|p1a: Dragonite|spe|1
|move|p1b: Archaludon|Dragon Pulse|p2a: Hi peli
|-damage|p2a: Hi peli|18/100
|move|p2a: Hi peli|Blizzard|p1a: Dragonite|[spread] p1a,p1b
|-damage|p1a: Dragonite|29/100
|-damage|p1b: Archaludon|19/100
|-ability|p1b: Archaludon|Stamina|boost
|-boost|p1b: Archaludon|def|1
|
|-weather|Snowscape|[upkeep]
|upkeep
|
|t:|1756234946
|switch|p2b: Kingambling|Kingambit, L50, M, shiny|100/100
|turn|3
|
|t:|1756234976
|switch|p1a: Sinistcha|Sinistcha, L50|100/100
|-heal|p1b: Archaludon|44/100|[from] ability: Hospitality|[of] p1a: Sinistcha
|move|p2b: Kingambling|Sucker Punch||[still]
|-fail|p2b: Kingambling
|move|p1b: Archaludon|Body Press|p2b: Kingambling
|-supereffective|p2b: Kingambling
|-damage|p2b: Kingambling|0 fnt
|faint|p2b: Kingambling
|move|p2a: Hi peli|Blizzard|p1a: Sinistcha|[spread] p1a,p1b
|-supereffective|p1a: Sinistcha
|-damage|p1a: Sinistcha|22/100
|-damage|p1b: Archaludon|6/100
|-ability|p1b: Archaludon|Stamina|boost
|-boost|p1b: Archaludon|def|1
|-enditem|p1a: Sinistcha|Sitrus Berry|[eat]
|-heal|p1a: Sinistcha|47/100|[from] item: Sitrus Berry
|
|-weather|Snowscape|[upkeep]
|upkeep
|
|t:|1756234989
|switch|p2b: Noah's BFF|Sneasler, L50, M, shiny|100/100
|turn|4
|
|t:|1756235024
|move|p1b: Archaludon|Dragon Pulse|p2a: Hi peli
|-damage|p2a: Hi peli|0 fnt
|faint|p2a: Hi peli
|move|p2b: Noah's BFF|Dire Claw|p1a: Sinistcha
|-damage|p1a: Sinistcha|13/100
|-status|p1a: Sinistcha|par
|move|p1a: Sinistcha|Trick Room|p1a: Sinistcha
|-fieldstart|move: Trick Room|[of] p1a: Sinistcha
|
|-weather|Snowscape|[upkeep]
|-sideend|p1: James Murphy|move: Tailwind
|upkeep
|turn|5
|
|t:|1756235079
|switch|p1a: Dragonite|Dragonite, L50, M, tera:Fairy|29/100
|move|p1b: Archaludon|Dragon Pulse|p2b: Noah's BFF
|-damage|p2b: Noah's BFF|59/100
|move|p2b: Noah's BFF|Dire Claw|p1a: Dragonite
|-supereffective|p1a: Dragonite
|-damage|p1a: Dragonite|0 fnt
|faint|p1a: Dragonite
|
|-weather|none
|upkeep
|
|t:|1756235093
|switch|p1a: Pelipper|Pelipper, L50, F|100/100
|-weather|RainDance|[from] ability: Drizzle|[of] p1a: Pelipper
|turn|6
|
|t:|1756235111
|move|p1a: Pelipper|Hurricane|p2b: Noah's BFF
|-supereffective|p2b: Noah's BFF
|-damage|p2b: Noah's BFF|0 fnt
|faint|p2b: Noah's BFF
|
|win|James Murphy
||Zero_BlazeVGC is ready for game 3.
|inactive|James Murphy has 30 seconds to confirm battle start!
||James Murphy is ready for game 3.
|uhtml|next|Next: Game 3 of 3
|l| Illumina_ProfTiPl
