|j|☆dracojackson
|j|☆greentest123
|html|dracojacksongreentest123    
|uhtml|bestof|Game 2 of a best-of-3
|t:|1756427804
|gametype|doubles
|player|p1|dracojackson|hilbert|1195
|player|p2|greentest123|1|1107
|gen|9
|tier|[Gen 9] VGC 2025 Reg H (Bo3)
|rated|
|rule|Species Clause: Limit one of each Pokémon
|rule|Item Clause: Limit 1 of each item
|clearpoke
|poke|p1|Porygon2, L50|
|poke|p1|Incineroar, L50, M|
|poke|p1|Ursaluna, L50, M|
|poke|p1|Amoonguss, L50, M|
|poke|p1|Gholdengo, L50|
|poke|p1|Dragonite, L50, M|
|poke|p2|Indeedee, L50, M|
|poke|p2|Sneasler, L50, F|
|poke|p2|Archaludon, L50, M|
|poke|p2|Pelipper, L50, M|
|poke|p2|Ursaluna, L50, M|
|poke|p2|Sinistcha, L50|
|teampreview|4
|showteam|p1|Porygon2||Eviolite|Download|TeraBlast,IceBeam,Recover,TrickRoom||||||50|,,,,,Fighting]Incineroar||SafetyGoggles|Intimidate|FakeOut,KnockOff,FlareBlitz,PartingShot|||M|||50|,,,,,Ghost]Ursaluna||FlameOrb|Guts|HeadlongRush,Facade,Earthquake,Protect|||M|||50|,,,,,Ghost]Amoonguss||SitrusBerry|Regenerator|PollenPuff,Spore,RagePowder,Protect|||M|||50|,,,,,Water]Gholdengo||LifeOrb|GoodasGold|MakeItRain,ShadowBall,NastyPlot,Protect||||||50|,,,,,Dragon]Dragonite||LoadedDice|Multiscale|ScaleShot,Haze,Tailwind,Protect|||M|||50|,,,,,Steel
|showteam|p2|Indeedee||FocusSash|PsychicSurge|HelpingHand,ExpandingForce,DazzlingGleam,Protect|||M|||50|,,,,,Fairy]Sneasler||PsychicSeed|Unburden|ThroatChop,DireClaw,CloseCombat,Protect|||F|||50|,,,,,Dark]Archaludon||AssaultVest|Stamina|ElectroShot,FlashCannon,BodyPress,DragonPulse|||M|||50|,,,,,Bug]Pelipper||CovertCloak|Drizzle|WeatherBall,Protect,Tailwind,Hurricane|||M|||50|,,,,,Stellar]Ursaluna||FlameOrb|Guts|Facade,HeadlongRush,Earthquake,Protect|||M|||50|,,,,,Ghost]Sinistcha||SitrusBerry|Hospitality|MatchaGotcha,LifeDew,RagePowder,TrickRoom||||||50|,,,,,Dark
|inactive|Battle timer is ON: inactive players will automatically lose when time's up. (requested by greentest123)
|inactive|greentest123 has 60 seconds left.
|
|t:|1756427840
|teamsize|p1|4
|teamsize|p2|4
|start
|switch|p1a: Nitenite|Dragonite, L50, M|100/100
|switch|p1b: Dingus|Gholdengo, L50|100/100
|switch|p2a: Indeedee|Indeedee, L50, M|100/100
|switch|p2b: Archaludon|Archaludon, L50, M|100/100
|-fieldstart|move: Psychic Terrain|[from] ability: Psychic Surge|[of] p2a: Indeedee
|turn|1
|
|t:|1756427865
|switch|p2a: Pelipper|Pelipper, L50, M|100/100
|-weather|RainDance|[from] ability: Drizzle|[of] p2a: Pelipper
|move|p1b: Dingus|Nasty Plot|p1b: Dingus
|-boost|p1b: Dingus|spa|2
|move|p1a: Nitenite|Tailwind|p1a: Nitenite
|-sidestart|p1: dracojackson|move: Tailwind
|move|p2b: Archaludon|Electro Shot||[still]
|-prepare|p2b: Archaludon|Electro Shot
|-boost|p2b: Archaludon|spa|1
|-anim|p2b: Archaludon|Electro Shot|p1b: Dingus
|-damage|p1b: Dingus|28/100
|
|-weather|RainDance|[upkeep]
|upkeep
|turn|2
|
|t:|1756427888
|move|p1b: Dingus|Shadow Ball|p2b: Archaludon
|-damage|p2b: Archaludon|19/100
|-unboost|p2b: Archaludon|spd|1
|-ability|p2b: Archaludon|Stamina|boost
|-boost|p2b: Archaludon|def|1
|-damage|p1b: Dingus|18/100|[from] item: Life Orb
|move|p1a: Nitenite|Scale Shot|p2b: Archaludon
|-damage|p2b: Archaludon|10/100
|-ability|p2b: Archaludon|Stamina|boost
|-boost|p2b: Archaludon|def|1
|-damage|p2b: Archaludon|4/100
|-ability|p2b: Archaludon|Stamina|boost
|-boost|p2b: Archaludon|def|1
|-damage|p2b: Archaludon|0 fnt
|faint|p2b: Archaludon
|-hitcount|p2: Archaludon|3
|-unboost|p1a: Nitenite|def|1
|-boost|p1a: Nitenite|spe|1
|move|p2a: Pelipper|Hurricane|p1b: Dingus
|-resisted|p1b: Dingus
|-damage|p1b: Dingus|0 fnt
|faint|p1b: Dingus
|
|-weather|RainDance|[upkeep]
|upkeep
|
|t:|1756427904
|switch|p1b: IGOR|Ursaluna, L50, M, shiny|100/100
|switch|p2b: Ursaluna|Ursaluna, L50, M|100/100
|turn|3
|
|t:|1756427924
|move|p2b: Ursaluna|Protect|p2b: Ursaluna
|-singleturn|p2b: Ursaluna|Protect
|move|p1a: Nitenite|Scale Shot|p2a: Pelipper
|-damage|p2a: Pelipper|82/100
|-crit|p2a: Pelipper
|-damage|p2a: Pelipper|52/100
|-damage|p2a: Pelipper|34/100
|-damage|p2a: Pelipper|13/100
|-hitcount|p2a: Pelipper|4
|-unboost|p1a: Nitenite|def|1
|-boost|p1a: Nitenite|spe|1
|move|p1b: IGOR|Facade|p2a: Pelipper
|-damage|p2a: Pelipper|0 fnt
|faint|p2a: Pelipper
|
|-weather|RainDance|[upkeep]
|-status|p1b: IGOR|brn|[from] item: Flame Orb
|-status|p2b: Ursaluna|brn|[from] item: Flame Orb
|upkeep
|
|t:|1756427926
|switch|p2a: Indeedee|Indeedee, L50, M|100/100
|turn|4
|inactive|greentest123 has 30 seconds left.
|inactive|dracojackson has 30 seconds left.
|
|t:|1756427971
|-terastallize|p2a: Indeedee|Fairy
|move|p1a: Nitenite|Protect|p1a: Nitenite
|-singleturn|p1a: Nitenite|Protect
|move|p1b: IGOR|Protect|p1b: IGOR
|-singleturn|p1b: IGOR|Protect
|move|p2a: Indeedee|Expanding Force|p1a: Nitenite|[spread] 
|-activate|p1a: Nitenite|move: Protect
|-activate|p1b: IGOR|move: Protect
|move|p2b: Ursaluna|Facade|p1a: Nitenite
|-activate|p1a: Nitenite|move: Protect
|
|-weather|RainDance|[upkeep]
|-damage|p1b: IGOR|95/100 brn|[from] brn
|-damage|p2b: Ursaluna|95/100 brn|[from] brn
|-sideend|p1: dracojackson|move: Tailwind
|upkeep
|turn|5
|
|t:|1756427984
|move|p2a: Indeedee|Protect|p2a: Indeedee
|-singleturn|p2a: Indeedee|Protect
|move|p1a: Nitenite|Tailwind|p1a: Nitenite
|-sidestart|p1: dracojackson|move: Tailwind
|move|p1b: IGOR|Facade|p2b: Ursaluna
|-damage|p2b: Ursaluna|5/100 brn
|move|p2b: Ursaluna|Facade|p1b: IGOR
|-damage|p1b: IGOR|15/100 brn
|
|-weather|none
|-damage|p1b: IGOR|9/100 brn|[from] brn
|-damage|p2b: Ursaluna|0 fnt|[from] brn
|faint|p2b: Ursaluna
|-fieldend|move: Psychic Terrain
|upkeep
|turn|6
|
|t:|1756427998
|move|p2a: Indeedee|Protect||[still]
|-fail|p2a: Indeedee
|move|p1a: Nitenite|Scale Shot|p2a: Indeedee
|-immune|p2a: Indeedee
|move|p1b: IGOR|Facade|p2a: Indeedee
|-enditem|p2a: Indeedee|Focus Sash
|-damage|p2a: Indeedee|1/100
|
|-damage|p1b: IGOR|3/100 brn|[from] brn
|upkeep
|turn|7
|
|t:|1756428003
|switch|p1b: Tomato|Incineroar, L50, M|100/100
|-ability|p1b: Tomato|Intimidate|boost
|-unboost|p2a: Indeedee|atk|1
|move|p2a: Indeedee|Protect|p2a: Indeedee
|-singleturn|p2a: Indeedee|Protect
|move|p1a: Nitenite|Scale Shot|p2a: Indeedee
|-activate|p2a: Indeedee|move: Protect
|
|upkeep
|turn|8
|-message|greentest123 forfeited.
|
|win|dracojackson
|raw|dracojackson's rating: 1195 → 1214(+19 for winning)
|raw|greentest123's rating: 1107 → 1088(-19 for losing)
|l|☆greentest123
|player|p2|
