|j|☆tessa scarlet
|j|☆root2iris
|html|tessa scarletroot2iris    
|uhtml|bestof|Game 1 of a best-of-3
|t:|1756496175
|gametype|doubles
|player|p1|tessa scarlet|265|1354
|player|p2|root2iris|guitarist|1258
|gen|9
|tier|[Gen 9] VGC 2025 Reg H (Bo3)
|rated|
|rule|Species Clause: Limit one of each Pokémon
|rule|Item Clause: Limit 1 of each item
|clearpoke
|poke|p1|Gholdengo, L50|
|poke|p1|Sneasler, L50, M|
|poke|p1|Rillaboom, L50, M|
|poke|p1|Dragonite, L50, M|
|poke|p1|Ninetales-Alola, L50, F|
|poke|p1|Arcanine-Hisui, L50, F|
|poke|p2|Archaludon, L50, M|
|poke|p2|Pelipper, L50, M|
|poke|p2|Amoonguss, L50, M|
|poke|p2|Incineroar, L50, F|
|poke|p2|Baxcalibur, L50, M|
|poke|p2|Annihilape, L50, M|
|teampreview|4
|showteam|p1|Gholdengo||GrassySeed|GoodasGold|NastyPlot,MakeItRain,ShadowBall,Protect||||||50|,,,,,Water]Sneasler||WhiteHerb|Unburden|CloseCombat,DireClaw,Coaching,Protect|||M|||50|,,,,,Ghost]Rillaboom||AssaultVest|GrassySurge|FakeOut,GrassyGlide,DrumBeating,HighHorsepower|||M|||50|,,,,,Fire]Dragonite||LoadedDice|Multiscale|ScaleShot,StompingTantrum,Tailwind,Protect|||M|||50|,,,,,Ground]Ninetales-Alola||FocusSash|SnowWarning|Blizzard,IcyWind,Encore,AuroraVeil|||F|||50|,,,,,Ghost]Arcanine-Hisui||ClearAmulet|Intimidate|RockSlide,FlareBlitz,ExtremeSpeed,Protect|||F|||50|,,,,,Water
|showteam|p2|Archaludon||AssaultVest|Stamina|DragonPulse,ElectroShot,BodyPress,Thunderbolt|||M|||50|,,,,,Bug]Pelipper||FocusSash|Drizzle|MuddyWater,Hurricane,Tailwind,Protect|||M|||50|,,,,,Ghost]Amoonguss||CovertCloak|Regenerator|PollenPuff,RagePowder,Spore,Protect|||M|||50|,,,,,Fairy]Incineroar||SafetyGoggles|Intimidate|KnockOff,BurningJealousy,PartingShot,FakeOut|||F|||50|,,,,,Ghost]Baxcalibur||LoadedDice|ThermalExchange|IcicleSpear,ScaleShot,HighHorsepower,Protect|||M|||50|,,,,,Ghost]Annihilape||SitrusBerry|Defiant|RageFist,FinalGambit,Coaching,Taunt|||M|||50|,,,,,Fire
|inactive|Battle timer is ON: inactive players will automatically lose when time's up. (requested by root2iris)
|inactive|tessa scarlet has 60 seconds left.
|inactive|root2iris has 60 seconds left.
|
|t:|1756496219
|teamsize|p1|4
|teamsize|p2|4
|start
|switch|p1a: Rillaboom|Rillaboom, L50, M|100/100
|switch|p1b: Gholdengo|Gholdengo, L50|100/100
|switch|p2a: RC|Incineroar, L50, F|100/100
|switch|p2b: Oathkeeper|Pelipper, L50, M, shiny|100/100
|-fieldstart|move: Grassy Terrain|[from] ability: Grassy Surge|[of] p1a: Rillaboom
|-enditem|p1b: Gholdengo|Grassy Seed
|-boost|p1b: Gholdengo|def|1|[from] item: Grassy Seed
|-ability|p2a: RC|Intimidate|boost
|-unboost|p1a: Rillaboom|atk|1
|-unboost|p1b: Gholdengo|atk|1
|-weather|RainDance|[from] ability: Drizzle|[of] p2b: Oathkeeper
|turn|1
|inactive|tessa scarlet has 30 seconds left.
|
|t:|1756496245
|switch|p2b: Roxas|Archaludon, L50, M|100/100
|move|p1a: Rillaboom|Fake Out|p2b: Roxas
|-resisted|p2b: Roxas
|-damage|p2b: Roxas|97/100
|-ability|p2b: Roxas|Stamina|boost
|-boost|p2b: Roxas|def|1
|move|p1b: Gholdengo|Nasty Plot|p1b: Gholdengo
|-boost|p1b: Gholdengo|spa|2
|move|p2a: RC|Burning Jealousy|p1b: Gholdengo|[spread] p1a,p1b
|-supereffective|p1a: Rillaboom
|-supereffective|p1b: Gholdengo
|-damage|p1a: Rillaboom|93/100
|-damage|p1b: Gholdengo|88/100
|-status|p1b: Gholdengo|brn
|
|-weather|RainDance|[upkeep]
|-heal|p1a: Rillaboom|99/100|[from] Grassy Terrain
|-heal|p1b: Gholdengo|94/100 brn|[from] Grassy Terrain
|-heal|p2b: Roxas|100/100|[from] Grassy Terrain
|-damage|p1b: Gholdengo|88/100 brn|[from] brn
|upkeep
|turn|2
|
|t:|1756496265
|switch|p1a: Ninetales|Ninetales-Alola, L50, F|100/100
|-weather|Snowscape|[from] ability: Snow Warning|[of] p1a: Ninetales
|move|p1b: Gholdengo|Shadow Ball|p2b: Roxas
|-damage|p2b: Roxas|39/100
|-ability|p2b: Roxas|Stamina|boost
|-boost|p2b: Roxas|def|1
|move|p2a: RC|Parting Shot|p1a: Ninetales
|-unboost|p1a: Ninetales|atk|1
|-unboost|p1a: Ninetales|spa|1
|
|t:|1756496276
|switch|p2a: Oathkeeper|Pelipper, L50, M, shiny|100/100|[from] Parting Shot
|-weather|RainDance|[from] ability: Drizzle|[of] p2a: Oathkeeper
|move|p2b: Roxas|Electro Shot||[still]
|-prepare|p2b: Roxas|Electro Shot
|-boost|p2b: Roxas|spa|1
|-anim|p2b: Roxas|Electro Shot|p1b: Gholdengo
|-damage|p1b: Gholdengo|32/100 brn
|
|-weather|RainDance|[upkeep]
|-heal|p1b: Gholdengo|39/100 brn|[from] Grassy Terrain
|-heal|p2b: Roxas|45/100|[from] Grassy Terrain
|-damage|p1b: Gholdengo|32/100 brn|[from] brn
|upkeep
|turn|3
|
|t:|1756496298
|switch|p1a: Rillaboom|Rillaboom, L50, M|99/100
|switch|p2b: RC|Incineroar, L50, F|100/100
|-ability|p2b: RC|Intimidate|boost
|-unboost|p1a: Rillaboom|atk|1
|-unboost|p1b: Gholdengo|atk|1
|move|p1b: Gholdengo|Shadow Ball|p2b: RC
|-resisted|p2b: RC
|-damage|p2b: RC|63/100
|move|p2a: Oathkeeper|Muddy Water|p1a: Rillaboom|[spread] p1a,p1b
|-resisted|p1a: Rillaboom
|-crit|p1a: Rillaboom
|-damage|p1a: Rillaboom|73/100
|-damage|p1b: Gholdengo|0 fnt
|faint|p1b: Gholdengo
|
|-weather|RainDance|[upkeep]
|-heal|p1a: Rillaboom|79/100|[from] Grassy Terrain
|-heal|p2b: RC|69/100|[from] Grassy Terrain
|upkeep
|
|t:|1756496308
|switch|p1b: Ninetales|Ninetales-Alola, L50, F|100/100
|-weather|Snowscape|[from] ability: Snow Warning|[of] p1b: Ninetales
|turn|4
|
|t:|1756496332
|move|p2b: RC|Fake Out|p1a: Rillaboom
|-damage|p1a: Rillaboom|69/100
|move|p1b: Ninetales|Blizzard|p2b: RC|[spread] p2a,p2b
|-resisted|p2b: RC
|-damage|p2a: Oathkeeper|50/100
|-damage|p2b: RC|54/100
|cant|p1a: Rillaboom|flinch
|move|p2a: Oathkeeper|Hurricane|p1a: Rillaboom
|-supereffective|p1a: Rillaboom
|-damage|p1a: Rillaboom|0 fnt
|faint|p1a: Rillaboom
|
|-weather|Snowscape|[upkeep]
|-heal|p2b: RC|60/100|[from] Grassy Terrain
|upkeep
|
|t:|1756496341
|switch|p1a: Sneasler|Sneasler, L50, M|100/100
|turn|5
|inactive|root2iris has 30 seconds left.
|inactive|root2iris has 20 seconds left.
|inactive|root2iris has 15 seconds left.
|
|t:|1756496383
|switch|p2a: Roxas|Archaludon, L50, M|45/100
|move|p1b: Ninetales|Blizzard|p2a: Roxas|[spread] p2a,p2b
|-resisted|p2b: RC
|-damage|p2a: Roxas|21/100
|-damage|p2b: RC|45/100
|-status|p2a: Roxas|frz
|-ability|p2a: Roxas|Stamina|boost
|-boost|p2a: Roxas|def|1
|move|p1a: Sneasler|Close Combat|p2b: RC
|-supereffective|p2b: RC
|-damage|p2b: RC|0 fnt
|-unboost|p1a: Sneasler|def|1
|-unboost|p1a: Sneasler|spd|1
|faint|p2b: RC
|-enditem|p1a: Sneasler|White Herb
|-clearnegativeboost|p1a: Sneasler|[silent]
|
|-weather|Snowscape|[upkeep]
|-heal|p2a: Roxas|27/100 frz|[from] Grassy Terrain
|-fieldend|move: Grassy Terrain
|upkeep
|inactive|root2iris has 30 seconds left.
|
|t:|1756496413
|switch|p2b: Air Combo++|Baxcalibur, L50, M|100/100
|turn|6
|
|t:|1756496430
|switch|p2a: Oathkeeper|Pelipper, L50, M, shiny|50/100
|-weather|RainDance|[from] ability: Drizzle|[of] p2a: Oathkeeper
|-terastallize|p2b: Air Combo++|Ghost
|move|p1a: Sneasler|Protect|p1a: Sneasler
|-singleturn|p1a: Sneasler|Protect
|move|p1b: Ninetales|Blizzard|p2b: Air Combo++|[spread] p2a,p2b
|-damage|p2a: Oathkeeper|0 fnt
|-damage|p2b: Air Combo++|68/100
|faint|p2a: Oathkeeper
|move|p2b: Air Combo++|Scale Shot|p1a: Sneasler
|-activate|p1a: Sneasler|move: Protect
|
|-weather|RainDance|[upkeep]
|upkeep
|
|t:|1756496438
|switch|p2a: Roxas|Archaludon, L50, M|27/100 frz
|turn|7
|
|t:|1756496447
|move|p1a: Sneasler|Dire Claw|p2b: Air Combo++
|-resisted|p2b: Air Combo++
|-damage|p2b: Air Combo++|48/100
|-status|p2b: Air Combo++|psn
|move|p1b: Ninetales|Blizzard|p2a: Roxas|[spread] p2a,p2b
|-crit|p2b: Air Combo++
|-damage|p2a: Roxas|4/100 frz
|-damage|p2b: Air Combo++|0 fnt
|-ability|p2a: Roxas|Stamina|boost
|-boost|p2a: Roxas|def|1
|faint|p2b: Air Combo++
|cant|p2a: Roxas|frz
|
|-weather|RainDance|[upkeep]
|upkeep
|turn|8
|-message|root2iris forfeited.
|
|win|tessa scarlet
||root2iris is ready for game 2.
||tessa scarlet is ready for game 2.
|uhtml|next|Next: Game 2 of 3
