|j|☆me vs you
|j|☆dragonite fraude
|html|me vs youdragonite fraude    
|uhtml|bestof|Game 3 of a best-of-3
|t:|1757843603
|gametype|doubles
|player|p1|me vs you|sightseerf|1025
|player|p2|dragonite fraude|265|1087
|gen|9
|tier|[Gen 9] VGC 2025 Reg H (Bo3)
|rated|
|rule|Species Clause: Limit one of each Pokémon
|rule|Item Clause: Limit 1 of each item
|clearpoke
|poke|p1|Charizard, L50, F|
|poke|p1|Jumpluff, L50, F|
|poke|p1|Torkoal, L50, F|
|poke|p1|Ursaluna, L50, M|
|poke|p1|Porygon2, L50|
|poke|p1|Incineroar, L50, M|
|poke|p2|Maushold-Four, L50|
|poke|p2|Gholdengo, L50|
|poke|p2|Dragonite, L50, F|
|poke|p2|Annihilape, L50, M|
|poke|p2|Rillaboom, L50, M|
|poke|p2|Ursaluna-Bloodmoon, L50, M|
|teampreview|4
|showteam|p1|Charizard||ChoiceSpecs|SolarPower|HeatWave,Overheat,SolarBeam,WeatherBall|||F|||50|,,,,,Ghost]Jumpluff||FocusSash|Chlorophyll|Encore,RagePowder,SunnyDay,Tailwind|||F|||50|,,,,,Ghost]Torkoal||EjectPack|Drought|Eruption,Bulldoze,HeatWave,WillOWisp|||F|||50|,,,,,Fire]Ursaluna||FlameOrb|Guts|Earthquake,HeadlongRush,Facade,Protect|||M|||50|,,,,,Ground]Porygon2||Eviolite|Download|TrickRoom,TeraBlast,Psyshock,IceBeam||||||50|,,,,,Fighting]Incineroar||AssaultVest|Intimidate|FakeOut,KnockOff,FlareBlitz,Uturn|||M|||50|,,,,,Fire
|showteam|p2|Maushold-Four||FocusSash|FriendGuard|SuperFang,BeatUp,FollowMe,Protect||||||50|,,,,,Ghost]Gholdengo||LifeOrb|GoodasGold|MakeItRain,ShadowBall,NastyPlot,Protect||||||50|,,,,,Water]Dragonite||LoadedDice|Multiscale|ScaleShot,Tailwind,Haze,Protect|||F|||50|,,,,,Fairy]Annihilape||SitrusBerry|Defiant|DrainPunch,RageFist,BulkUp,Protect|||M|||50|,,,,,Fire]Rillaboom||MiracleSeed|GrassySurge|WoodHammer,GrassyGlide,HighHorsepower,FakeOut|||M|||50|,,,,,Fire]Ursaluna-Bloodmoon||AssaultVest|MindsEye|BloodMoon,EarthPower,HyperVoice,VacuumWave|||M|||50|,,,,,Water
|inactive|Battle timer is ON: inactive players will automatically lose when time's up. (requested by me vs you)
|
|t:|1757843623
|teamsize|p1|4
|teamsize|p2|4
|start
|switch|p1a: Porygon2|Porygon2, L50|100/100
|switch|p1b: Incineroar|Incineroar, L50, M|100/100
|switch|p2a: Maushold|Maushold-Four, L50|100/100
|switch|p2b: Ursaluna|Ursaluna-Bloodmoon, L50, M|100/100
|-ability|p1b: Incineroar|Intimidate|boost
|-unboost|p2a: Maushold|atk|1
|-unboost|p2b: Ursaluna|atk|1
|-ability|p1a: Porygon2|Download|boost
|-boost|p1a: Porygon2|spa|1
|turn|1
|
|t:|1757843640
|move|p1b: Incineroar|Fake Out|p2a: Maushold
|-damage|p2a: Maushold|82/100
|cant|p2a: Maushold|flinch
|move|p2b: Ursaluna|Earth Power|p1b: Incineroar
|-supereffective|p1b: Incineroar
|-damage|p1b: Incineroar|32/100
|move|p1a: Porygon2|Trick Room|p1a: Porygon2
|-fieldstart|move: Trick Room|[of] p1a: Porygon2
|
|upkeep
|turn|2
|
|t:|1757843653
|switch|p1b: Jumpluff|Jumpluff, L50, F, shiny|100/100
|move|p1a: Porygon2|Ice Beam|p2b: Ursaluna
|-supereffective|p2b: Ursaluna
|-damage|p2b: Ursaluna|62/100
|move|p2b: Ursaluna|Earth Power|p1b: Jumpluff
|-immune|p1b: Jumpluff
|move|p2a: Maushold|Super Fang|p1a: Porygon2
|-damage|p1a: Porygon2|51/100
|
|upkeep
|turn|3
|
|t:|1757843677
|-terastallize|p1a: Porygon2|Fighting
|move|p1b: Jumpluff|Rage Powder|p1b: Jumpluff
|-singleturn|p1b: Jumpluff|move: Rage Powder
|move|p1a: Porygon2|Tera Blast|p2b: Ursaluna|[anim] Tera Blast Fighting
|-supereffective|p2b: Ursaluna
|-damage|p2b: Ursaluna|10/100
|move|p2b: Ursaluna|Blood Moon|p1b: Jumpluff
|-damage|p1b: Jumpluff|26/100
|move|p2a: Maushold|Super Fang|p1b: Jumpluff
|-damage|p1b: Jumpluff|13/100
|
|upkeep
|turn|4
|inactive|dragonite fraude has 30 seconds left.
|inactive|dragonite fraude has 20 seconds left.
|inactive|dragonite fraude has 15 seconds left.
|
|t:|1757843720
|move|p2a: Maushold|Follow Me|p2a: Maushold
|-singleturn|p2a: Maushold|move: Follow Me
|move|p1b: Jumpluff|Rage Powder|p1b: Jumpluff
|-singleturn|p1b: Jumpluff|move: Rage Powder
|move|p1a: Porygon2|Psyshock|p2a: Maushold
|-damage|p2a: Maushold|41/100
|move|p2b: Ursaluna|Hyper Voice|p1a: Porygon2|[spread] p1a,p1b
|-damage|p1a: Porygon2|30/100
|-damage|p1b: Jumpluff|0 fnt
|faint|p1b: Jumpluff
|
|upkeep
|
|t:|1757843728
|switch|p1b: Incineroar|Incineroar, L50, M|32/100
|-ability|p1b: Incineroar|Intimidate|boost
|-unboost|p2a: Maushold|atk|1
|-unboost|p2b: Ursaluna|atk|1
|turn|5
|inactive|me vs you has 30 seconds left.
|
|t:|1757843755
|switch|p2b: Annihilape|Annihilape, L50, M|100/100
|move|p2a: Maushold|Protect|p2a: Maushold
|-singleturn|p2a: Maushold|Protect
|move|p1b: Incineroar|Fake Out|p2a: Maushold
|-activate|p2a: Maushold|move: Protect
|move|p1a: Porygon2|Psyshock|p2b: Annihilape
|-supereffective|p2b: Annihilape
|-damage|p2b: Annihilape|49/100
|-enditem|p2b: Annihilape|Sitrus Berry|[eat]
|-heal|p2b: Annihilape|74/100|[from] item: Sitrus Berry
|
|-fieldend|move: Trick Room
|upkeep
|turn|6
|
|t:|1757843775
|move|p2a: Maushold|Super Fang|p1a: Porygon2
|-damage|p1a: Porygon2|15/100
|move|p2b: Annihilape|Rage Fist|p1a: Porygon2
|-damage|p1a: Porygon2|0 fnt
|faint|p1a: Porygon2
|move|p1b: Incineroar|U-turn|p2a: Maushold
|-damage|p2a: Maushold|9/100
|
|t:|1757843783
|switch|p1b: Ursaluna|Ursaluna, L50, M|100/100|[from] U-turn
|
|-status|p1b: Ursaluna|brn|[from] item: Flame Orb
|upkeep
|
|t:|1757843784
|switch|p1a: Incineroar|Incineroar, L50, M|32/100
|-ability|p1a: Incineroar|Intimidate|boost
|-unboost|p2a: Maushold|atk|1
|-unboost|p2b: Annihilape|atk|1
|-ability|p2b: Annihilape|Defiant|boost
|-boost|p2b: Annihilape|atk|2
|turn|7
|
|t:|1757843804
|-terastallize|p2a: Maushold|Ghost
|move|p1a: Incineroar|Fake Out|p2a: Maushold
|-immune|p2a: Maushold
|move|p2a: Maushold|Super Fang|p1b: Ursaluna
|-damage|p1b: Ursaluna|51/100 brn
|move|p2b: Annihilape|Drain Punch|p1a: Incineroar
|-supereffective|p1a: Incineroar
|-damage|p1a: Incineroar|0 fnt
|-heal|p2b: Annihilape|89/100|[from] drain|[of] p1a: Incineroar
|faint|p1a: Incineroar
|move|p1b: Ursaluna|Headlong Rush|p2b: Annihilape
|-damage|p2b: Annihilape|0 fnt
|-unboost|p1b: Ursaluna|def|1
|-unboost|p1b: Ursaluna|spd|1
|faint|p2b: Annihilape
|
|-damage|p1b: Ursaluna|45/100 brn|[from] brn
|upkeep
|c|☆me vs you|wp
|
|t:|1757843812
|switch|p2b: Dragonite|Dragonite, L50, F|100/100
|turn|8
|
|t:|1757843824
|move|p2a: Maushold|Follow Me|p2a: Maushold
|-singleturn|p2a: Maushold|move: Follow Me
|move|p2b: Dragonite|Scale Shot|p1b: Ursaluna
|-damage|p1b: Ursaluna|30/100 brn
|-damage|p1b: Ursaluna|13/100 brn
|-damage|p1b: Ursaluna|0 fnt
|faint|p1b: Ursaluna
|-hitcount|p1: Ursaluna|3
|
|win|dragonite fraude
|raw|me vs you's rating: 1025 → 1014(-11 for losing)
|raw|dragonite fraude's rating: 1087 → 1109(+22 for winning)
|c|☆dragonite fraude|gg wp
|l|☆me vs you
|player|p1|
