|j|☆raksbach
|j|☆Metaformina500
|html|raksbachMetaformina500    
|uhtml|bestof|Game 2 of a best-of-3
|t:|1782380544
|gametype|doubles
|player|p1|raksbach|266|1067
|player|p2|Metaformina500|juan|1052
|gen|9
|tier|[Gen 9 Champions] VGC 2026 Reg M-B (Bo3)
|rated|
|rule|Species Clause: Limit one of each Pokémon
|rule|Item Clause: Limit 1 of each item
|clearpoke
|poke|p1|Swampert, L50, F|
|poke|p1|Pelipper, L50, M|
|poke|p1|Archaludon, L50, F|
|poke|p1|Sinistcha, L50|
|poke|p1|Basculegion, L50, M|
|poke|p1|Grimmsnarl, L50, M|
|poke|p2|Swampert, L50, F|
|poke|p2|Pelipper, L50, M|
|poke|p2|Archaludon, L50, M|
|poke|p2|Venusaur, L50, M|
|poke|p2|Gholdengo, L50|
|poke|p2|Grimmsnarl, L50, M|
|teampreview|4
|showteam|p1|Swampert||Swampertite|Damp|WaveCrash,Earthquake,IcePunch,Protect|Adamant||F|||50|]Pelipper||SitrusBerry|Drizzle|Hurricane,WeatherBall,WideGuard,Tailwind|Bold||M|||50|]Archaludon||Leftovers|Stamina|DragonPulse,FlashCannon,ElectroShot,Protect|Modest||F|||50|]Sinistcha||KasibBerry|Hospitality|MatchaGotcha,ShadowBall,RagePowder,Protect|Bold|||||50|]Basculegion||ChoiceScarf|Adaptability|WaveCrash,LastRespects,FlipTurn,AquaJet|Jolly||M|||50|]Grimmsnarl||LightClay|Prankster|FoulPlay,Reflect,LightScreen,PartingShot|Careful||M|||50|
|showteam|p2|Swampert||Swampertite|Torrent|WaveCrash,HighHorsepower,IcePunch,Protect|Adamant||F|||50|]Pelipper||FocusSash|Drizzle|WideGuard,Tailwind,WeatherBall,Hurricane|Modest||M|||50|]Archaludon||Leftovers|Stamina|Protect,FlashCannon,DragonPulse,ElectroShot|Modest||M|||50|]Venusaur||Venusaurite|Chlorophyll|Protect,GigaDrain,SludgeBomb,EarthPower|Modest||M|||50|]Gholdengo||LifeOrb|GoodasGold|Protect,NastyPlot,MakeItRain,ShadowBall|Modest|||||50|]Grimmsnarl||LightClay|Prankster|FakeOut,LightScreen,PartingShot,FoulPlay|Careful||M|||50|
|inactive|Battle timer is ON: inactive players will automatically lose when time's up. (requested by raksbach)
|inactive|raksbach has 60 seconds left.
|
|t:|1782380597
|teamsize|p1|4
|teamsize|p2|4
|start
|switch|p1a: Grimmsnarl|Grimmsnarl, L50, M|100/100
|switch|p1b: Archaludon|Archaludon, L50, F|100/100
|switch|p2a: Archaludon|Archaludon, L50, M|100/100
|switch|p2b: Grimmsnarl|Grimmsnarl, L50, M|100/100
|turn|1
|
|t:|1782380618
|move|p2b: Grimmsnarl|Fake Out|p1a: Grimmsnarl
|-damage|p1a: Grimmsnarl|89/100
|cant|p1a: Grimmsnarl|flinch
|move|p2a: Archaludon|Flash Cannon|p1a: Grimmsnarl
|-supereffective|p1a: Grimmsnarl|1
|-damage|p1a: Grimmsnarl|26/100
|move|p1b: Archaludon|Flash Cannon|p2b: Grimmsnarl
|-supereffective|p2b: Grimmsnarl|1
|-damage|p2b: Grimmsnarl|31/100
|-unboost|p2b: Grimmsnarl|spd|1
|
|upkeep
|turn|2
|inactive|raksbach has 30 seconds left.
|inactive|raksbach has 20 seconds left.
|inactive|raksbach has 15 seconds left.
|inactive|raksbach has 10 seconds left.
|
|t:|1782380666
|move|p2a: Archaludon|Protect|p2a: Archaludon
|-singleturn|p2a: Archaludon|Protect
|move|p2b: Grimmsnarl|Parting Shot|p1b: Archaludon
|-unboost|p1b: Archaludon|atk|1
|-unboost|p1b: Archaludon|spa|1
|
|t:|1782380670
|switch|p2b: Venusaur|Venusaur, L50, M|100/100|[from] Parting Shot
|move|p1a: Grimmsnarl|Parting Shot|p2a: Archaludon
|-activate|p2a: Archaludon|move: Protect
|move|p1b: Archaludon|Flash Cannon|p2b: Venusaur
|-damage|p2b: Venusaur|72/100
|
|upkeep
|turn|3
|
|t:|1782380694
|switch|p1b: Sinistcha|Sinistcha, L50|100/100
|-heal|p1a: Grimmsnarl|50/100g|[from] ability: Hospitality|[of] p1b: Sinistcha
|detailschange|p2b: Venusaur|Venusaur-Mega, L50, M
|-mega|p2b: Venusaur|Venusaur|Venusaurite
|move|p1a: Grimmsnarl|Parting Shot|p2b: Venusaur
|-unboost|p2b: Venusaur|atk|1
|-unboost|p2b: Venusaur|spa|1
|
|t:|1782380702
|switch|p1a: Archaludon|Archaludon, L50, F|100/100|[from] Parting Shot
|move|p2b: Venusaur|Giga Drain|p1a: Archaludon
|-resisted|p1a: Archaludon|2
|-damage|p1a: Archaludon|93/100
|-heal|p2b: Venusaur|75/100|[from] drain|[of] p1a: Archaludon
|-ability|p1a: Archaludon|Stamina|boost
|-boost|p1a: Archaludon|def|1
|move|p2a: Archaludon|Electro Shot||[still]
|-prepare|p2a: Archaludon|Electro Shot
|-boost|p2a: Archaludon|spa|1
|
|-heal|p1a: Archaludon|100/100|[from] item: Leftovers
|upkeep
|turn|4
|inactive|raksbach has 30 seconds left.
|
|t:|1782380734
|move|p2b: Venusaur|Sludge Bomb|p1b: Sinistcha
|-damage|p1b: Sinistcha|71/100
|move|p2a: Archaludon|Electro Shot|p1a: Archaludon|[from] lockedmove
|-resisted|p1a: Archaludon|1
|-damage|p1a: Archaludon|69/100
|-ability|p1a: Archaludon|Stamina|boost
|-boost|p1a: Archaludon|def|1
|move|p1a: Archaludon|Flash Cannon|p2b: Venusaur
|-damage|p2b: Venusaur|46/100
|move|p1b: Sinistcha|Shadow Ball|p2b: Venusaur
|-damage|p2b: Venusaur|19/100
|-unboost|p2b: Venusaur|spd|1
|
|-heal|p1a: Archaludon|75/100|[from] item: Leftovers
|upkeep
|turn|5
|inactive|raksbach has 30 seconds left.
|inactive|raksbach has 20 seconds left.
|inactive|raksbach has 15 seconds left.
|inactive|raksbach has 10 seconds left.
|inactive|raksbach has 5 seconds left.
|
|t:|1782380787
|move|p2b: Venusaur|Protect|p2b: Venusaur
|-singleturn|p2b: Venusaur|Protect
|move|p2a: Archaludon|Dragon Pulse|p1a: Archaludon
|-damage|p1a: Archaludon|17/100
|-ability|p1a: Archaludon|Stamina|boost
|-boost|p1a: Archaludon|def|1
|move|p1a: Archaludon|Dragon Pulse|p2a: Archaludon
|-damage|p2a: Archaludon|60/100
|-ability|p2a: Archaludon|Stamina|boost
|-boost|p2a: Archaludon|def|1
|move|p1b: Sinistcha|Shadow Ball|p2a: Archaludon
|-damage|p2a: Archaludon|26/100
|-ability|p2a: Archaludon|Stamina|boost
|-boost|p2a: Archaludon|def|1
|
|-heal|p2a: Archaludon|32/100|[from] item: Leftovers
|-heal|p1a: Archaludon|23/100|[from] item: Leftovers
|upkeep
|turn|6
|inactive|raksbach has 30 seconds left.
|inactive|Metaformina500 has 30 seconds left.
|inactive|raksbach has 20 seconds left.
|inactive|raksbach has 15 seconds left.
|inactive|raksbach has 10 seconds left.
|
|t:|1782380836
|switch|p1a: Grimmsnarl|Grimmsnarl, L50, M|50/100g
|move|p2b: Venusaur|Earth Power|p1a: Grimmsnarl
|-damage|p1a: Grimmsnarl|32/100
|-unboost|p1a: Grimmsnarl|spd|1
|move|p2a: Archaludon|Dragon Pulse|p1b: Sinistcha
|-damage|p1b: Sinistcha|14/100
|move|p1b: Sinistcha|Shadow Ball|p2a: Archaludon
|-damage|p2a: Archaludon|0 fnt
|faint|p2a: Archaludon
|
|upkeep
|
|t:|1782380850
|switch|p2a: Pelipper|Pelipper, L50, M|100/100
|-weather|RainDance|[from] ability: Drizzle|[of] p2a: Pelipper
|turn|7
|inactive|Metaformina500 has 30 seconds left.
|
|t:|1782380875
|switch|p1b: Archaludon|Archaludon, L50, F|23/100
|move|p1a: Grimmsnarl|Parting Shot|p2a: Pelipper
|-unboost|p2a: Pelipper|atk|1
|-unboost|p2a: Pelipper|spa|1
|
|t:|1782380881
|switch|p1a: Sinistcha|Sinistcha, L50|14/100|[from] Parting Shot
|-heal|p1b: Archaludon|48/100|[from] ability: Hospitality|[of] p1a: Sinistcha
|move|p2b: Venusaur|Earth Power|p1b: Archaludon
|-supereffective|p1b: Archaludon|1
|-damage|p1b: Archaludon|8/100
|-ability|p1b: Archaludon|Stamina|boost
|-boost|p1b: Archaludon|def|1
|move|p2a: Pelipper|Hurricane|p1b: Archaludon
|-resisted|p1b: Archaludon|1
|-damage|p1b: Archaludon|0 fnt
|faint|p1b: Archaludon
|
|-weather|RainDance|[upkeep]
|upkeep
|inactive|raksbach has 30 seconds left.
|
|t:|1782380909
|switch|p1b: Pelipper|Pelipper, L50, M|100/100
|turn|8
|inactive|raksbach has 30 seconds left.
|
|t:|1782380939
|switch|p2b: Grimmsnarl|Grimmsnarl, L50, M|31/100
|move|p2a: Pelipper|Hurricane|p1a: Sinistcha
|-supereffective|p1a: Sinistcha|1
|-damage|p1a: Sinistcha|0 fnt
|faint|p1a: Sinistcha
|move|p1b: Pelipper|Hurricane|p2b: Grimmsnarl
|-damage|p2b: Grimmsnarl|2/100
|
|-weather|RainDance|[upkeep]
|upkeep
|
|t:|1782380949
|switch|p1a: Grimmsnarl|Grimmsnarl, L50, M|32/100
|turn|9
|inactive|raksbach has 30 seconds left.
|
|t:|1782380976
|move|p2b: Grimmsnarl|Fake Out|p1b: Pelipper
|-damage|p1b: Pelipper|89/100
|move|p1a: Grimmsnarl|Light Screen|p1a: Grimmsnarl
|-sidestart|p1: raksbach|move: Light Screen
|move|p2a: Pelipper|Hurricane|p1a: Grimmsnarl
|-damage|p1a: Grimmsnarl|10/100
|cant|p1b: Pelipper|flinch
|
|-weather|RainDance|[upkeep]
|upkeep
|turn|10
|
|t:|1782380997
|move|p1a: Grimmsnarl|Parting Shot|p2a: Pelipper
|-unboost|p2a: Pelipper|atk|1
|-unboost|p2a: Pelipper|spa|1
|move|p2a: Pelipper|Hurricane|p1a: Grimmsnarl
|-damage|p1a: Grimmsnarl|0 fnt
|faint|p1a: Grimmsnarl
|move|p1b: Pelipper|Hurricane|p2b: Grimmsnarl
|-damage|p2b: Grimmsnarl|0 fnt
|faint|p2b: Grimmsnarl
|
|-weather|RainDance|[upkeep]
|upkeep
|
|t:|1782381006
|switch|p2b: Venusaur|Venusaur-Mega, L50, M|19/100
|turn|11
|
|t:|1782381018
|move|p2b: Venusaur|Protect|p2b: Venusaur
|-singleturn|p2b: Venusaur|Protect
|move|p2a: Pelipper|Hurricane|p1b: Pelipper
|-damage|p1b: Pelipper|70/100
|move|p1b: Pelipper|Tailwind|p1b: Pelipper
|-sidestart|p1: raksbach|move: Tailwind
|
|-weather|none
|upkeep
|turn|12
|
|t:|1782381031
|move|p1b: Pelipper|Hurricane|p2b: Venusaur
|-supereffective|p2b: Venusaur|1
|-crit|p2b: Venusaur
|-damage|p2b: Venusaur|0 fnt
|faint|p2b: Venusaur
|move|p2a: Pelipper|Hurricane|p1b: Pelipper
|-damage|p1b: Pelipper|51/100
|-start|p1b: Pelipper|confusion
|
|upkeep
|turn|13
|
|t:|1782381042
|-activate|p1b: Pelipper|confusion
|move|p1b: Pelipper|Hurricane|p2a: Pelipper|[miss]
|-miss|p1b: Pelipper|p2a: Pelipper
|move|p2a: Pelipper|Weather Ball|p1b: Pelipper
|-damage|p1b: Pelipper|44/100
|-enditem|p1b: Pelipper|Sitrus Berry|[eat]
|-heal|p1b: Pelipper|69/100|[from] item: Sitrus Berry
|
|upkeep
|turn|14
|
|t:|1782381052
|-activate|p1b: Pelipper|confusion
|move|p1b: Pelipper|Hurricane|p2a: Pelipper|[miss]
|-miss|p1b: Pelipper|p2a: Pelipper
|move|p2a: Pelipper|Hurricane|p1b: Pelipper
|-damage|p1b: Pelipper|50/100g
|
|-sideend|p1: raksbach|move: Tailwind
|upkeep
|turn|15
|
|t:|1782381062
|move|p2a: Pelipper|Hurricane|p1b: Pelipper|[miss]
|-miss|p2a: Pelipper|p1b: Pelipper
|-end|p1b: Pelipper|confusion
|move|p1b: Pelipper|Hurricane|p2a: Pelipper|[miss]
|-miss|p1b: Pelipper|p2a: Pelipper
|
|upkeep
|turn|16
|
|t:|1782381070
|move|p2a: Pelipper|Hurricane|p1b: Pelipper
|-damage|p1b: Pelipper|32/100
|move|p1b: Pelipper|Hurricane|p2a: Pelipper|[miss]
|-miss|p1b: Pelipper|p2a: Pelipper
|
|-sideend|p1: raksbach|move: Light Screen
|upkeep
|turn|17
|
|t:|1782381077
|move|p2a: Pelipper|Hurricane|p1b: Pelipper|[miss]
|-miss|p2a: Pelipper|p1b: Pelipper
|move|p1b: Pelipper|Hurricane|p2a: Pelipper
|-damage|p2a: Pelipper|35/100
|-start|p2a: Pelipper|confusion
|
|upkeep
|turn|18
|inactive|raksbach has 30 seconds left.
|
|t:|1782381085
|-activate|p2a: Pelipper|confusion
|-damage|p2a: Pelipper|32/100|[from] confusion
|move|p1b: Pelipper|Hurricane|p2a: Pelipper|[miss]
|-miss|p1b: Pelipper|p2a: Pelipper
|
|upkeep
|turn|19
|inactive|raksbach has 30 seconds left this turn.
|
|t:|1782381090
|-activate|p2a: Pelipper|confusion
|-damage|p2a: Pelipper|28/100|[from] confusion
|move|p1b: Pelipper|Hurricane|p2a: Pelipper
|-damage|p2a: Pelipper|0 fnt
|faint|p2a: Pelipper
|
|win|raksbach
||Metaformina500 is ready for game 3.
||raksbach is ready for game 3.
|uhtml|next|Next: Game 3 of 3
|l|☆raksbach
|player|p1|
