|j|☆SirSpiderVGC
|j|☆satandagiii2005
|html|SirSpiderVGCsatandagiii2005    
|uhtml|bestof|Game 3 of a best-of-3
|t:|1783105718
|gametype|doubles
|player|p1|SirSpiderVGC|lusamine-nihilego|1083
|player|p2|satandagiii2005|byron|1074
|gen|9
|tier|[Gen 9 Champions] VGC 2026 Reg M-B (Bo3)
|rated|
|rule|Species Clause: Limit one of each Pokémon
|rule|Item Clause: Limit 1 of each item
|clearpoke
|poke|p1|Manectric, L50, F|
|poke|p1|Scovillain, L50, F|
|poke|p1|Weavile, L50, M|
|poke|p1|Espathra, L50, M|
|poke|p1|Charizard, L50, F, shiny|
|poke|p1|Venusaur, L50, F, shiny|
|poke|p2|Venusaur, L50, F|
|poke|p2|Swampert, L50, M|
|poke|p2|Pelipper, L50, M|
|poke|p2|Archaludon, L50, M|
|poke|p2|Maushold, L50|
|poke|p2|Gholdengo, L50|
|teampreview|4
|showteam|p1|Manectric||Manectite|LightningRod|Thunderbolt,Flamethrower,VoltSwitch,Protect|Timid||F|||50|]Scovillain||Scovillainite|Moody|Overheat,LeechSeed,RagePowder,Protect|Calm||F|||50|]Weavile||FocusSash|Pickpocket|TripleAxel,LowKick,FakeOut,Protect|Jolly||M|||50|]Espathra||ColburBerry|SpeedBoost|LuminaCrash,CalmMind,BatonPass,Protect|Timid||M|||50|]Charizard||CharizarditeY|Blaze|HeatWave,SolarBeam,WeatherBall,Protect|Modest||F|||50|]Venusaur||LifeOrb|Chlorophyll|EarthPower,GigaDrain,SludgeBomb,Protect|Modest||F|||50|
|showteam|p2|Venusaur||Venusaurite|Overgrow|SludgeBomb,EarthPower,GigaDrain,Protect|Modest||F|||50|]Swampert||Swampertite|Torrent|WaveCrash,Earthquake,IcePunch,Protect|Adamant||M|||50|]Pelipper||SitrusBerry|Drizzle|Hurricane,WeatherBall,Tailwind,WideGuard|Modest||M|||50|]Archaludon||Leftovers|Stamina|ElectroShot,DragonPulse,FlashCannon,Protect|Modest||M|||50|]Maushold||FocusSash|FriendGuard|FollowMe,SuperFang,RainDance,Protect|Jolly|||||50|]Gholdengo||LifeOrb|GoodasGold|MakeItRain,ShadowBall,PowerGem,Protect|Timid|||||50|
|c|☆satandagiii2005|xd
|inactive|Battle timer is ON: inactive players will automatically lose when time's up. (requested by satandagiii2005)
|
|t:|1783105745
|teamsize|p1|4
|teamsize|p2|4
|start
|switch|p1a: Espathra|Espathra, L50, M|100/100
|switch|p1b: Weavile|Weavile, L50, M|100/100
|switch|p2a: Swampert|Swampert, L50, M|100/100
|switch|p2b: Maushold|Maushold, L50|100/100
|turn|1
|
|t:|1783105758
|switch|p2b: Pelipper|Pelipper, L50, M|100/100
|-weather|RainDance|[from] ability: Drizzle|[of] p2b: Pelipper
|detailschange|p2a: Swampert|Swampert-Mega, L50, M
|-mega|p2a: Swampert|Swampert|Swampertite
|move|p1b: Weavile|Fake Out|p2b: Pelipper
|-damage|p2b: Pelipper|86/100
|move|p2a: Swampert|Earthquake|p1b: Weavile|[spread] p1a,p1b
|-immune|p2b: Pelipper
|-damage|p1a: Espathra|34/100
|-damage|p1b: Weavile|17/100
|move|p1a: Espathra|Calm Mind|p1a: Espathra
|-boost|p1a: Espathra|spa|1
|-boost|p1a: Espathra|spd|1
|
|-weather|RainDance|[upkeep]
|-ability|p1a: Espathra|Speed Boost|boost
|-boost|p1a: Espathra|spe|1
|upkeep
|turn|2
|
|t:|1783105776
|move|p1a: Espathra|Protect|p1a: Espathra
|-singleturn|p1a: Espathra|Protect
|move|p2a: Swampert|Earthquake|p1a: Espathra|[spread] p1b
|-activate|p1a: Espathra|move: Protect
|-immune|p2b: Pelipper
|-damage|p1b: Weavile|0 fnt
|faint|p1b: Weavile
|move|p2b: Pelipper|Tailwind|p2b: Pelipper
|-sidestart|p2: satandagiii2005|move: Tailwind
|
|-weather|RainDance|[upkeep]
|-ability|p1a: Espathra|Speed Boost|boost
|-boost|p1a: Espathra|spe|1
|upkeep
|
|t:|1783105789
|switch|p1b: Charizard|Charizard, L50, F, shiny|100/100
|turn|3
|
|t:|1783105802
|switch|p2a: Maushold|Maushold, L50|100/100
|detailschange|p1b: Charizard|Charizard-Mega-Y, L50, F, shiny
|-mega|p1b: Charizard|Charizard|Charizardite Y
|-weather|SunnyDay|[from] ability: Drought|[of] p1b: Charizard
|move|p1a: Espathra|Baton Pass|p1a: Espathra
|
|t:|1783105808
|switch|p1a: Venusaur|Venusaur, L50, F, shiny|100/100|[from] Baton Pass
|move|p2b: Pelipper|Weather Ball|p1a: Venusaur
|-supereffective|p1a: Venusaur|1
|-damage|p1a: Venusaur|51/100
|move|p1b: Charizard|Heat Wave|p2b: Pelipper|[spread] p2a,p2b
|-resisted|p2b: Pelipper|1
|-damage|p2a: Maushold|18/100
|-damage|p2b: Pelipper|56/100
|
|-weather|SunnyDay|[upkeep]
|upkeep
|turn|4
|inactive|SirSpiderVGC has 30 seconds left.
|
|t:|1783105836
|switch|p2b: Gholdengo|Gholdengo, L50|100/100
|move|p1a: Venusaur|Giga Drain|p2a: Maushold
|-damage|p2a: Maushold|0 fnt
|-heal|p1a: Venusaur|60/100|[from] drain|[of] p2a: Maushold
|faint|p2a: Maushold
|-damage|p1a: Venusaur|51/100|[from] item: Life Orb
|move|p1b: Charizard|Solar Beam||[still]
|-prepare|p1b: Charizard|Solar Beam
|-anim|p1b: Charizard|Solar Beam|p2b: Gholdengo
|-resisted|p2b: Gholdengo|1
|-damage|p2b: Gholdengo|71/100
|
|-weather|SunnyDay|[upkeep]
|upkeep
|
|t:|1783105853
|switch|p2a: Pelipper|Pelipper, L50, M|56/100
|-weather|RainDance|[from] ability: Drizzle|[of] p2a: Pelipper
|turn|5
|
|t:|1783105865
|switch|p1b: Espathra|Espathra, L50, M|34/100
|move|p2b: Gholdengo|Shadow Ball|p1a: Venusaur
|-crit|p1a: Venusaur
|-damage|p1a: Venusaur|0 fnt
|faint|p1a: Venusaur
|-damage|p2b: Gholdengo|62/100|[from] item: Life Orb
|move|p2a: Pelipper|Weather Ball|p1b: Espathra
|-damage|p1b: Espathra|0 fnt
|faint|p1b: Espathra
|
|-weather|RainDance|[upkeep]
|-sideend|p2: satandagiii2005|move: Tailwind
|upkeep
|
|t:|1783105872
|switch|p1b: Charizard|Charizard-Mega-Y, L50, F, shiny|100/100
|-weather|SunnyDay|[from] ability: Drought|[of] p1b: Charizard
|turn|6
|
|t:|1783105881
|switch|p2a: Swampert|Swampert-Mega, L50, M|100/100
|move|p2b: Gholdengo|Protect|p2b: Gholdengo
|-singleturn|p2b: Gholdengo|Protect
|move|p1b: Charizard|Heat Wave|p2b: Gholdengo|[spread] p2a
|-activate|p2b: Gholdengo|move: Protect
|-resisted|p2a: Swampert|1
|-damage|p2a: Swampert|68/100
|
|-weather|SunnyDay|[upkeep]
|upkeep
|turn|7
|
|t:|1783105892
|switch|p2b: Pelipper|Pelipper, L50, M|56/100
|-weather|RainDance|[from] ability: Drizzle|[of] p2b: Pelipper
|move|p2a: Swampert|Wave Crash|p1b: Charizard
|-supereffective|p1b: Charizard|1
|-damage|p1b: Charizard|0 fnt
|faint|p1b: Charizard
|-damage|p2a: Swampert|40/100|[from] Recoil
|
|win|satandagiii2005
|raw|SirSpiderVGC's rating: 1083 → 1060(-23 for losing)
|raw|satandagiii2005's rating: 1074 → 1104(+30 for winning)
|c|☆satandagiii2005|gg
|c|☆SirSpiderVGC|gg
|c|☆satandagiii2005|tragic
|l|☆SirSpiderVGC
|player|p1|
