|j|☆mightycleaveingtou
|j|☆jonen
|html|mightycleaveingtoujonen    
|uhtml|bestof|Game 2 of a best-of-3
|t:|1756904701
|gametype|doubles
|player|p1|mightycleaveingtou|morty|
|player|p2|jonen|ruinmaniac-gen3|
|gen|9
|tier|[Gen 9] VGC 2025 Reg H (Bo3)
|rule|Species Clause: Limit one of each Pokémon
|rule|Item Clause: Limit 1 of each item
|clearpoke
|poke|p1|Gliscor, L50, M|
|poke|p1|Sneasler, L50, F|
|poke|p1|Primarina, L50, F|
|poke|p1|Archaludon, L50, M|
|poke|p1|Pelipper, L50, M|
|poke|p1|Rillaboom, L50, M|
|poke|p2|Garchomp, L50, M|
|poke|p2|Weezing-Galar, L50, M|
|poke|p2|Archaludon, L50, F|
|poke|p2|Gholdengo, L50|
|poke|p2|Talonflame, L50, F|
|poke|p2|Annihilape, L50, M|
|teampreview|4
|showteam|p1|Gliscor||ToxicOrb|PoisonHeal|DualWingbeat,HighHorsepower,Crabhammer,Protect|||M|||50|,,,,,Water]Sneasler||FocusSash|PoisonTouch|Protect,ThroatChop,CloseCombat,DireClaw|||F|||50|,,,,,Stellar]Primarina||Leftovers|LiquidVoice|HyperVoice,DazzlingGleam,CalmMind,Protect|||F|||50|,,,,,Steel]Archaludon||AssaultVest|Stamina|DragonPulse,ElectroShot,FlashCannon,BodyPress|||M|||50|,,,,,Electric]Pelipper||CovertCloak|Drizzle|Tailwind,Hurricane,WeatherBall,Protect|||M|||50|,,,,,Ghost]Rillaboom||MiracleSeed|GrassySurge|FakeOut,WoodHammer,Protect,GrassyGlide|||M|||50|,,,,,Grass
|showteam|p2|Garchomp||LifeOrb|RoughSkin|DragonClaw,Earthquake,StompingTantrum,Protect|||M|||50|,,,,,Ground]Weezing-Galar||FocusSash|NeutralizingGas|Protect,SludgeBomb,Taunt,StrangeSteam|||M|||50|,,,,,Flying]Archaludon||PowerHerb|Sturdy|ElectroShot,Thunderbolt,DracoMeteor,Protect|||F|||50|,,,,,Electric]Gholdengo||ChoiceSpecs|GoodasGold|ShadowBall,DazzlingGleam,PowerGem,MakeItRain||||||50|,,,,,Fairy]Talonflame||CovertCloak|GaleWings|Tailwind,DualWingbeat,UpperHand,FlareBlitz|||F|||50|,,,,,Fairy]Annihilape||AssaultVest|Defiant|CloseCombat,RageFist,FinalGambit,IcePunch|||M|||50|,,,,,Grass
|inactive|Battle timer is ON: inactive players will automatically lose when time's up. (requested by mightycleaveingtou)
|
|t:|1756904727
|teamsize|p1|4
|teamsize|p2|4
|start
|switch|p1a: GovernmentDrone|Pelipper, L50, M, shiny|100/100
|switch|p1b: TheBrooklynBridge|Archaludon, L50, M|100/100
|switch|p2a: Weezing|Weezing-Galar, L50, M|100/100
|switch|p2b: Annihilape|Annihilape, L50, M|100/100
|-ability|p2a: Weezing|Neutralizing Gas
|turn|1
|
|t:|1756904742
|switch|p1b: "ICanFixHer"|Sneasler, L50, F|100/100
|move|p2b: Annihilape|Final Gambit|p1b: "ICanFixHer"
|-enditem|p1b: "ICanFixHer"|Focus Sash
|-damage|p1b: "ICanFixHer"|1/100
|faint|p2b: Annihilape
|move|p1a: GovernmentDrone|Tailwind|p1a: GovernmentDrone
|-sidestart|p1: mightycleaveingtou|move: Tailwind
|move|p2a: Weezing|Taunt|p1a: GovernmentDrone
|-start|p1a: GovernmentDrone|move: Taunt
|
|upkeep
|
|t:|1756904747
|switch|p2b: Archaludon|Archaludon, L50, F|100/100
|turn|2
|inactive|mightycleaveingtou has 30 seconds left.
|
|t:|1756904777
|switch|p1a: SatanLovesU<3|Gliscor, L50, M|100/100
|-terastallize|p1b: "ICanFixHer"|Stellar
|move|p2b: Archaludon|Protect|p2b: Archaludon
|-singleturn|p2b: Archaludon|Protect
|move|p1b: "ICanFixHer"|Close Combat|p2b: Archaludon
|-activate|p2b: Archaludon|move: Protect
|move|p2a: Weezing|Sludge Bomb|p1b: "ICanFixHer"
|-resisted|p1b: "ICanFixHer"
|-damage|p1b: "ICanFixHer"|0 fnt
|faint|p1b: "ICanFixHer"
|
|-status|p1a: SatanLovesU<3|tox|[from] item: Toxic Orb
|upkeep
|
|t:|1756904792
|switch|p1b: TheBrooklynBridge|Archaludon, L50, M|100/100
|turn|3
|
|t:|1756904810
|switch|p2b: Gholdengo|Gholdengo, L50|100/100
|move|p1a: SatanLovesU<3|High Horsepower|p2b: Gholdengo
|-supereffective|p2b: Gholdengo
|-damage|p2b: Gholdengo|19/100
|move|p1b: TheBrooklynBridge|Body Press|p2b: Gholdengo
|-immune|p2b: Gholdengo
|move|p2a: Weezing|Strange Steam|p1a: SatanLovesU<3
|-damage|p1a: SatanLovesU<3|41/100 tox
|-start|p1a: SatanLovesU<3|confusion
|
|-damage|p1a: SatanLovesU<3|35/100 tox|[from] psn
|upkeep
|turn|4
|
|t:|1756904832
|switch|p1a: GovernmentDrone|Pelipper, L50, M, shiny|100/100
|move|p2a: Weezing|Protect|p2a: Weezing
|-singleturn|p2a: Weezing|Protect
|move|p1b: TheBrooklynBridge|Flash Cannon|p2a: Weezing
|-activate|p2a: Weezing|move: Protect
|move|p2b: Gholdengo|Shadow Ball|p1b: TheBrooklynBridge
|-damage|p1b: TheBrooklynBridge|50/100
|
|-sideend|p1: mightycleaveingtou|move: Tailwind
|upkeep
|turn|5
|
|t:|1756904852
|move|p2b: Gholdengo|Shadow Ball|p1b: TheBrooklynBridge
|-damage|p1b: TheBrooklynBridge|0 fnt
|faint|p1b: TheBrooklynBridge
|move|p1a: GovernmentDrone|Hurricane|p2a: Weezing|[miss]
|-miss|p1a: GovernmentDrone|p2a: Weezing
|move|p2a: Weezing|Strange Steam|p1a: GovernmentDrone
|-damage|p1a: GovernmentDrone|44/100
|
|upkeep
|
|t:|1756904858
|switch|p1b: SatanLovesU<3|Gliscor, L50, M|35/100 tox
|turn|6
|-message|mightycleaveingtou forfeited.
|
|win|jonen
