|j|☆a-fly03
|j|☆ortainee
|html|a-fly03ortainee    
|uhtml|bestof|Game 1 of a best-of-3
|t:|1782553572
|gametype|doubles
|player|p1|a-fly03|101|1220
|player|p2|ortainee|grimsley-gen7|1149
|gen|9
|tier|[Gen 9 Champions] VGC 2026 Reg M-B (Bo3)
|rated|
|rule|Species Clause: Limit one of each Pokémon
|rule|Item Clause: Limit 1 of each item
|clearpoke
|poke|p1|Staraptor, L50, M, shiny|
|poke|p1|Tyranitar, L50, F|
|poke|p1|Sinistcha, L50|
|poke|p1|Incineroar, L50, F|
|poke|p1|Excadrill, L50, F|
|poke|p1|Sylveon, L50, M, shiny|
|poke|p2|Charizard, L50, M|
|poke|p2|Garchomp, L50, M|
|poke|p2|Mawile, L50, M|
|poke|p2|Whimsicott, L50, F|
|poke|p2|Farigiraf, L50, M|
|poke|p2|Basculegion, L50, M|
|teampreview|4
|showteam|p1|Staraptor||Staraptite|Intimidate|BraveBird,CloseCombat,Tailwind,Protect|Jolly||M|||50|]Tyranitar||Tyranitarite|SandStream|RockSlide,KnockOff,DragonDance,Protect|Jolly||F|||50|]Sinistcha||KasibBerry|Hospitality|MatchaGotcha,RagePowder,TrickRoom,Protect|Impish|||||50|]Incineroar||PasshoBerry|Intimidate|FakeOut,FlareBlitz,PartingShot,ThroatChop|Impish||F|||50|]Excadrill||FocusSash|SandRush|IronHead,Earthquake,RockSlide,Protect|Adamant||F|||50|]Sylveon||FairyFeather|Pixilate|HyperVoice,HyperBeam,QuickAttack,Protect|Modest||M|||50|
|showteam|p2|Charizard||CharizarditeY|Blaze|SolarBeam,HeatWave,WeatherBall,Protect|Modest||M|||50|]Garchomp||LifeOrb|RoughSkin|Earthquake,DragonClaw,RockSlide,Protect|Jolly||M|||50|]Mawile||Mawilite|HyperCutter|PlayRough,IronHead,SuckerPunch,Protect|Adamant||M|||50|]Whimsicott||FocusSash|Prankster|Moonblast,Tailwind,Encore,Protect|Timid||F|||50|]Farigiraf||SitrusBerry|ArmorTail|Psychic,TrickRoom,HelpingHand,Protect|Bold||M|||50|]Basculegion||MysticWater|Adaptability|WaveCrash,LastRespects,AquaJet,Protect|Adamant||M|||50|
|inactive|Battle timer is ON: inactive players will automatically lose when time's up. (requested by ortainee)
|inactive|a-fly03 has 60 seconds left.
|inactive|ortainee has 60 seconds left.
|inactive|a-fly03 has 30 seconds left.
|
|t:|1782553634
|teamsize|p1|4
|teamsize|p2|4
|start
|switch|p1a: Tyranitar|Tyranitar, L50, F|100/100
|switch|p1b: Excadrill|Excadrill, L50, F|100/100
|switch|p2a: Garchomp|Garchomp, L50, M|100/100
|switch|p2b: Farigiraf|Farigiraf, L50, M|100/100
|-weather|Sandstorm|[from] ability: Sand Stream|[of] p1a: Tyranitar
|turn|1
|
|t:|1782553651
|switch|p1a: Staraptor|Staraptor, L50, M, shiny|100/100
|-ability|p1a: Staraptor|Intimidate|boost
|-unboost|p2a: Garchomp|atk|1
|-unboost|p2b: Farigiraf|atk|1
|move|p2b: Farigiraf|Protect|p2b: Farigiraf
|-singleturn|p2b: Farigiraf|Protect
|move|p1b: Excadrill|Earthquake|p2b: Farigiraf|[spread] p2a
|-activate|p2b: Farigiraf|move: Protect
|-immune|p1a: Staraptor
|-damage|p2a: Garchomp|55/100
|move|p2a: Garchomp|Earthquake|p1b: Excadrill|[spread] p1b
|-activate|p2b: Farigiraf|move: Protect
|-immune|p1a: Staraptor
|-supereffective|p1b: Excadrill|1
|-enditem|p1b: Excadrill|Focus Sash
|-damage|p1b: Excadrill|1/100
|-damage|p2a: Garchomp|46/100|[from] item: Life Orb
|
|-weather|Sandstorm|[upkeep]
|-damage|p1a: Staraptor|93/100|[from] Sandstorm
|-damage|p2b: Farigiraf|93/100|[from] Sandstorm
|upkeep
|turn|2
|inactive|a-fly03 has 30 seconds left.
|
|t:|1782553676
|detailschange|p1a: Staraptor|Staraptor-Mega, L50, M, shiny
|-mega|p1a: Staraptor|Staraptor|Staraptite
|move|p1b: Excadrill|Earthquake|p2a: Garchomp|[spread] p2a,p2b
|-immune|p1a: Staraptor
|-damage|p2a: Garchomp|4/100
|-damage|p2b: Farigiraf|61/100
|move|p1a: Staraptor|Close Combat|p2b: Farigiraf
|-damage|p2b: Farigiraf|20/100y
|-boost|p1a: Staraptor|def|1
|-boost|p1a: Staraptor|spd|1
|-enditem|p2b: Farigiraf|Sitrus Berry|[eat]
|-heal|p2b: Farigiraf|45/100|[from] item: Sitrus Berry
|move|p2a: Garchomp|Rock Slide|p1b: Excadrill|[spread] p1a,p1b
|-resisted|p1b: Excadrill|2
|-damage|p1a: Staraptor|83/100
|-damage|p1b: Excadrill|0 fnt
|faint|p1b: Excadrill
|-damage|p2a: Garchomp|0 fnt|[from] item: Life Orb
|faint|p2a: Garchomp
|move|p2b: Farigiraf|Trick Room|p2b: Farigiraf
|-fieldstart|move: Trick Room|[of] p2b: Farigiraf
|
|-weather|Sandstorm|[upkeep]
|-damage|p2b: Farigiraf|39/100|[from] Sandstorm
|-damage|p1a: Staraptor|77/100|[from] Sandstorm
|upkeep
|
|t:|1782553701
|switch|p1b: Tyranitar|Tyranitar, L50, F|100/100
|switch|p2a: Mawile|Mawile, L50, M|100/100
|turn|3
|inactive|ortainee has 30 seconds left.
|
|t:|1782553734
|switch|p1b: Incineroar|Incineroar, L50, F|100/100
|-ability|p1b: Incineroar|Intimidate|boost
|-fail|p2a: Mawile|unboost|Attack|[from] ability: Hyper Cutter|[of] p2a: Mawile
|-unboost|p2b: Farigiraf|atk|1
|detailschange|p2a: Mawile|Mawile-Mega, L50, M
|-mega|p2a: Mawile|Mawile|Mawilite
|move|p2b: Farigiraf|Helping Hand|p2a: Mawile
|-singleturn|p2a: Mawile|Helping Hand|[of] p2b: Farigiraf
|move|p1a: Staraptor|Protect|p1a: Staraptor
|-singleturn|p1a: Staraptor|Protect
|move|p2a: Mawile|Play Rough|p1b: Incineroar
|-damage|p1b: Incineroar|0 fnt
|faint|p1b: Incineroar
|
|-weather|Sandstorm|[upkeep]
|-damage|p2b: Farigiraf|33/100|[from] Sandstorm
|-damage|p1a: Staraptor|71/100|[from] Sandstorm
|upkeep
|
|t:|1782553750
|switch|p1b: Tyranitar|Tyranitar, L50, F|100/100
|turn|4
|
|t:|1782553758
|move|p2b: Farigiraf|Helping Hand|p2a: Mawile
|-singleturn|p2a: Mawile|Helping Hand|[of] p2b: Farigiraf
|move|p1b: Tyranitar|Protect|p1b: Tyranitar
|-singleturn|p1b: Tyranitar|Protect
|move|p2a: Mawile|Play Rough|p1a: Staraptor
|-supereffective|p1a: Staraptor|1
|-damage|p1a: Staraptor|0 fnt
|faint|p1a: Staraptor
|
|-weather|Sandstorm|[upkeep]
|-damage|p2b: Farigiraf|26/100|[from] Sandstorm
|upkeep
|turn|5
|-message|a-fly03 forfeited.
|raw|a-fly03's rating: 1220 → 1190(-30 for losing)
|raw|ortainee's rating: 1149 → 1179(+30 for winning)
|
|win|ortainee
