|j|☆luka008
|j|☆zephyr1807
|html|luka008zephyr1807    
|uhtml|bestof|Game 3 of a best-of-3
|t:|1783351729
|gametype|doubles
|player|p1|luka008|colress|1073
|player|p2|zephyr1807|266|1050
|gen|9
|tier|[Gen 9 Champions] VGC 2026 Reg M-B (Bo3)
|rated|
|rule|Species Clause: Limit one of each Pokémon
|rule|Item Clause: Limit 1 of each item
|clearpoke
|poke|p1|Gholdengo, L50|
|poke|p1|Incineroar, L50, M|
|poke|p1|Garchomp, L50, M|
|poke|p1|Charizard, L50, F|
|poke|p1|Whimsicott, L50, F|
|poke|p1|Basculegion, L50, M|
|poke|p2|Charizard, L50, F, shiny|
|poke|p2|Whimsicott, L50, M|
|poke|p2|Metagross, L50|
|poke|p2|Basculegion, L50, M|
|poke|p2|Garchomp, L50, F|
|poke|p2|Sneasler, L50, F|
|teampreview|4
|showteam|p1|Gholdengo||MetalCoat|GoodasGold|MakeItRain,ShadowBall,NastyPlot,Protect|Modest|||||50|]Incineroar||SitrusBerry|Intimidate|FakeOut,FlareBlitz,PartingShot,ThroatChop|Impish||M|||50|]Garchomp||LifeOrb|RoughSkin|Earthquake,DragonClaw,RockSlide,Protect|Jolly||M|||50|]Charizard||CharizarditeY|Blaze|HeatWave,SolarBeam,WeatherBall,Protect|Modest||F|||50|]Whimsicott||FocusSash|Prankster|Tailwind,Encore,Moonblast,Protect|Timid||F|||50|]Basculegion||MysticWater|Adaptability|LastRespects,AquaJet,WaveCrash,Protect|Adamant||M|||50|
|showteam|p2|Charizard||CharizarditeY|Blaze|Protect,SolarBeam,HeatWave,ScorchingSands|Modest||F|||50|]Whimsicott||FocusSash|Prankster|Encore,Tailwind,Moonblast,Protect|Timid||M|||50|]Metagross||Leftovers|ClearBody|Protect,PsychicFangs,BulletPunch,IronHead|Adamant|||||50|]Basculegion||ExpertBelt|Adaptability|AquaJet,LastRespects,WaveCrash,Protect|Jolly||M|||50|]Garchomp||SitrusBerry|RoughSkin|DragonClaw,Protect,Earthquake,RockSlide|Jolly||F|||50|]Sneasler||WhiteHerb|Unburden|FakeOut,DireClaw,CloseCombat,Protect|Jolly||F|||50|
|
|t:|1783351765
|teamsize|p1|4
|teamsize|p2|4
|start
|switch|p1a: Basculegion|Basculegion, L50, M|100/100
|switch|p1b: Incineroar|Incineroar, L50, M|100/100
|switch|p2a: Whimsicott|Whimsicott, L50, M|100/100
|switch|p2b: Sneasler|Sneasler, L50, F|100/100
|-ability|p1b: Incineroar|Intimidate|boost
|-unboost|p2a: Whimsicott|atk|1
|-unboost|p2b: Sneasler|atk|1
|-enditem|p2b: Sneasler|White Herb
|-clearnegativeboost|p2b: Sneasler|[silent]
|turn|1
|inactive|Battle timer is ON: inactive players will automatically lose when time's up. (requested by luka008)
|inactive|luka008 has 60 seconds left.
|
|t:|1783351802
|move|p2b: Sneasler|Fake Out|p1b: Incineroar
|-damage|p1b: Incineroar|87/100
|cant|p1b: Incineroar|flinch
|move|p2a: Whimsicott|Tailwind|p2a: Whimsicott
|-sidestart|p2: zephyr1807|move: Tailwind
|move|p1a: Basculegion|Wave Crash|p2b: Sneasler
|-damage|p2b: Sneasler|0 fnt
|faint|p2b: Sneasler
|-damage|p1a: Basculegion|75/100|[from] Recoil
|
|upkeep
|
|t:|1783351815
|switch|p2b: Basculegion|Basculegion, L50, M|100/100
|turn|2
|
|t:|1783351840
|move|p1a: Basculegion|Protect|p1a: Basculegion
|-singleturn|p1a: Basculegion|Protect
|move|p2a: Whimsicott|Moonblast|p1b: Incineroar
|-damage|p1b: Incineroar|61/100
|move|p2b: Basculegion|Last Respects|p1a: Basculegion
|-activate|p1a: Basculegion|move: Protect
|move|p1b: Incineroar|Parting Shot|p2b: Basculegion
|-unboost|p2b: Basculegion|atk|1
|-unboost|p2b: Basculegion|spa|1
|
|t:|1783351856
|switch|p1b: Whimsicott|Whimsicott, L50, F|100/100|[from] Parting Shot
|
|upkeep
|turn|3
|
|t:|1783351880
|switch|p1a: Incineroar|Incineroar, L50, M|61/100
|-ability|p1a: Incineroar|Intimidate|boost
|-unboost|p2a: Whimsicott|atk|1
|-unboost|p2b: Basculegion|atk|1
|move|p2a: Whimsicott|Encore|p1a: Incineroar
|-hint|Since gen 7, Dark is immune to Prankster moves.
|-immune|p1a: Incineroar
|move|p1b: Whimsicott|Tailwind|p1b: Whimsicott
|-sidestart|p1: luka008|move: Tailwind
|move|p2b: Basculegion|Last Respects|p1b: Whimsicott
|-crit|p1b: Whimsicott
|-enditem|p1b: Whimsicott|Focus Sash
|-damage|p1b: Whimsicott|1/100
|
|upkeep
|turn|4
|inactive|luka008 has 30 seconds left.
|inactive|zephyr1807 has 30 seconds left.
|inactive|luka008 has 20 seconds left.
|inactive|luka008 has 15 seconds left.
|inactive|luka008 has 10 seconds left.
|
|t:|1783351927
|move|p2a: Whimsicott|Protect|p2a: Whimsicott
|-singleturn|p2a: Whimsicott|Protect
|move|p2b: Basculegion|Protect|p2b: Basculegion
|-singleturn|p2b: Basculegion|Protect
|move|p1a: Incineroar|Fake Out|p2a: Whimsicott
|-activate|p2a: Whimsicott|move: Protect
|move|p1b: Whimsicott|Moonblast|p2b: Basculegion
|-activate|p2b: Basculegion|move: Protect
|
|-sideend|p2: zephyr1807|move: Tailwind
|upkeep
|turn|5
|inactive|zephyr1807 has 30 seconds left.
|
|t:|1783351953
|move|p1b: Whimsicott|Protect|p1b: Whimsicott
|-singleturn|p1b: Whimsicott|Protect
|move|p2a: Whimsicott|Tailwind|p2a: Whimsicott
|-sidestart|p2: zephyr1807|move: Tailwind
|move|p2b: Basculegion|Aqua Jet|p1b: Whimsicott
|-activate|p1b: Whimsicott|move: Protect
|move|p1a: Incineroar|Parting Shot|p2b: Basculegion
|-unboost|p2b: Basculegion|atk|1
|-unboost|p2b: Basculegion|spa|1
|
|t:|1783351963
|switch|p1a: Basculegion|Basculegion, L50, M|75/100|[from] Parting Shot
|
|upkeep
|turn|6
|inactive|luka008 has 30 seconds left.
|inactive|luka008 has 20 seconds left.
|
|t:|1783352001
|switch|p1b: Incineroar|Incineroar, L50, M|61/100
|-ability|p1b: Incineroar|Intimidate|boost
|-unboost|p2a: Whimsicott|atk|1
|-unboost|p2b: Basculegion|atk|1
|move|p2a: Whimsicott|Protect|p2a: Whimsicott
|-singleturn|p2a: Whimsicott|Protect
|move|p2b: Basculegion|Protect|p2b: Basculegion
|-singleturn|p2b: Basculegion|Protect
|move|p1a: Basculegion|Wave Crash|p2a: Whimsicott
|-activate|p2a: Whimsicott|move: Protect
|
|-sideend|p1: luka008|move: Tailwind
|upkeep
|turn|7
|inactive|luka008 has 30 seconds left.
|inactive|zephyr1807 has 30 seconds left.
|
|t:|1783352035
|switch|p2b: Garchomp|Garchomp, L50, F|100/100
|move|p2a: Whimsicott|Moonblast|p1b: Incineroar
|-damage|p1b: Incineroar|34/100
|-enditem|p1b: Incineroar|Sitrus Berry|[eat]
|-heal|p1b: Incineroar|59/100|[from] item: Sitrus Berry
|move|p1a: Basculegion|Wave Crash|p2b: Garchomp
|-damage|p2b: Garchomp|0 fnt
|-damage|p1a: Basculegion|62/100|[from] ability: Rough Skin|[of] p2b: Garchomp
|faint|p2b: Garchomp
|-damage|p1a: Basculegion|33/100|[from] Recoil
|move|p1b: Incineroar|Throat Chop|p2a: Whimsicott
|-resisted|p2a: Whimsicott|1
|-damage|p2a: Whimsicott|78/100
|-start|p2a: Whimsicott|Throat Chop|[silent]
|
|upkeep
|
|t:|1783352050
|switch|p2b: Basculegion|Basculegion, L50, M|100/100
|turn|8
|inactive|luka008 has 30 seconds left.
|inactive|luka008 has 20 seconds left.
|
|t:|1783352089
|switch|p1b: Garchomp|Garchomp, L50, M|100/100
|move|p2a: Whimsicott|Moonblast|p1a: Basculegion
|-damage|p1a: Basculegion|5/100
|move|p2b: Basculegion|Wave Crash|p1b: Garchomp
|-damage|p1b: Garchomp|25/100
|-damage|p2b: Basculegion|87/100|[from] ability: Rough Skin|[of] p1b: Garchomp
|-damage|p2b: Basculegion|65/100|[from] Recoil
|move|p1a: Basculegion|Wave Crash|p2a: Whimsicott
|-resisted|p2a: Whimsicott|1
|-damage|p2a: Whimsicott|18/100
|-damage|p1a: Basculegion|0 fnt|[from] Recoil
|faint|p1a: Basculegion
|
|-end|p2a: Whimsicott|Throat Chop|[silent]
|-sideend|p2: zephyr1807|move: Tailwind
|upkeep
|
|t:|1783352108
|switch|p1a: Incineroar|Incineroar, L50, M|59/100
|-ability|p1a: Incineroar|Intimidate|boost
|-unboost|p2a: Whimsicott|atk|1
|-unboost|p2b: Basculegion|atk|1
|turn|9
|
|t:|1783352131
|move|p2a: Whimsicott|Protect|p2a: Whimsicott
|-singleturn|p2a: Whimsicott|Protect
|move|p2b: Basculegion|Protect|p2b: Basculegion
|-singleturn|p2b: Basculegion|Protect
|move|p1b: Garchomp|Dragon Claw|p2b: Basculegion
|-activate|p2b: Basculegion|move: Protect
|move|p1a: Incineroar|Throat Chop|p2b: Basculegion
|-activate|p2b: Basculegion|move: Protect
|
|upkeep
|turn|10
|inactive|luka008 has 30 seconds left.
|inactive|luka008 has 20 seconds left.
|inactive|luka008 has 15 seconds left.
|
|t:|1783352174
|move|p2a: Whimsicott|Moonblast|p1b: Garchomp
|-supereffective|p1b: Garchomp|1
|-damage|p1b: Garchomp|0 fnt
|faint|p1b: Garchomp
|move|p2b: Basculegion|Wave Crash|p1a: Incineroar
|-supereffective|p1a: Incineroar|1
|-damage|p1a: Incineroar|0 fnt
|faint|p1a: Incineroar
|-damage|p2b: Basculegion|46/100|[from] Recoil
|
|upkeep
|
|t:|1783352181
|switch|p1b: Whimsicott|Whimsicott, L50, F|1/100
|turn|11
|inactive|zephyr1807 has 30 seconds left.
|
|t:|1783352214
|move|p2b: Basculegion|Aqua Jet|p1b: Whimsicott
|-resisted|p1b: Whimsicott|1
|-damage|p1b: Whimsicott|0 fnt
|faint|p1b: Whimsicott
|
|win|zephyr1807
|raw|luka008's rating: 1073 → 1051(-22 for losing)
|raw|zephyr1807's rating: 1050 → 1085(+35 for winning)
