|j|☆Person_McSomeone
|j|☆Ninjacoox
|html|Person_McSomeoneNinjacoox    
|uhtml|bestof|Game 2 of a best-of-3
|t:|1784175656
|gametype|doubles
|player|p1|Person_McSomeone|miku-psychic|
|player|p2|Ninjacoox|101|
|gen|9
|tier|[Gen 9 Champions] VGC 2026 Reg M-B (Bo3)
|rule|Species Clause: Limit one of each Pokémon
|rule|Item Clause: Limit 1 of each item
|clearpoke
|poke|p1|Eelektross, L50, M|
|poke|p1|Maushold, L50|
|poke|p1|Kingambit, L50, F|
|poke|p1|Typhlosion-Hisui, L50, M|
|poke|p1|Farigiraf, L50, F|
|poke|p1|Tyranitar, L50, M|
|poke|p2|Arcanine-Hisui, L50, F|
|poke|p2|Raichu, L50, F|
|poke|p2|Toxapex, L50, M|
|poke|p2|Ninetales-Alola, L50, F|
|poke|p2|Staraptor, L50, M|
|poke|p2|Grimmsnarl, L50, M|
|teampreview|4
|showteam|p1|Eelektross||Eelektrossite|Levitate|Thunderbolt,Flamethrower,GigaDrain,Protect|Modest||M|||50|]Maushold||FocusSash|FriendGuard|ThunderWave,SuperFang,Protect,Encore|Timid|||||50|]Kingambit||LifeOrb|Defiant|SuckerPunch,KowtowCleave,IronHead,Protect|Adamant||F|||50|]Typhlosion-Hisui||ChoiceScarf|Blaze|Eruption,ShadowBall,Overheat,HeatWave|Modest||M|||50|]Farigiraf||SitrusBerry|ArmorTail|TrickRoom,HyperVoice,Protect,Reflect|Modest||F|||50|]Tyranitar||WhiteHerb|SandStream|Taunt,KnockOff,RockSlide,Protect|Adamant||M|||50|
|showteam|p2|Arcanine-Hisui||ChoiceScarf|RockHead|ExtremeSpeed,FlareBlitz,HeadSmash,RockSlide|Jolly||F|||50|]Raichu||RaichuniteY|LightningRod|ZapCannon,FocusBlast,AlluringVoice,Protect|Timid||F|||50|]Toxapex||Leftovers|Regenerator|ChillingWater,Infestation,Toxic,BanefulBunker|Bold||M|||50|]Ninetales-Alola||FocusSash|SnowWarning|FreezeDry,Blizzard,DazzlingGleam,AuroraVeil|Timid||F|||50|]Staraptor||Staraptite|Intimidate|Tailwind,CloseCombat,BraveBird,Protect|Jolly||M|||50|]Grimmsnarl||LightClay|Prankster|Reflect,LightScreen,SpiritBreak,PartingShot|Impish||M|||50|
|inactive|Battle timer is ON: inactive players will automatically lose when time's up. (requested by Person_McSomeone)
|j| monkeychese
|c| monkeychese|REF DO SOMETHING
|c| monkeychese|THIS IS ARGENTINA TYPE SHIT
|c|☆Ninjacoox|haliburton is down
|c|☆Ninjacoox|it seems he got hurt
|inactive|Ninjacoox has 60 seconds left.
|
|t:|1784175690
|teamsize|p1|4
|teamsize|p2|4
|start
|switch|p1a: Eelektross|Eelektross, L50, M|100/100
|switch|p1b: Farigiraf|Farigiraf, L50, F|100/100
|switch|p2a: Staraptor|Staraptor, L50, M|100/100
|switch|p2b: Grimmsnarl|Grimmsnarl, L50, M|100/100
|-ability|p2a: Staraptor|Intimidate|boost
|-unboost|p1a: Eelektross|atk|1
|-unboost|p1b: Farigiraf|atk|1
|turn|1
|
|t:|1784175709
|detailschange|p2a: Staraptor|Staraptor-Mega, L50, M
|-mega|p2a: Staraptor|Staraptor|Staraptite
|detailschange|p1a: Eelektross|Eelektross-Mega, L50, M
|-mega|p1a: Eelektross|Eelektross|Eelektrossite
|move|p2b: Grimmsnarl|Light Screen|p2b: Grimmsnarl
|-sidestart|p2: Ninjacoox|move: Light Screen
|move|p2a: Staraptor|Close Combat|p1b: Farigiraf
|-damage|p1b: Farigiraf|45/100
|-boost|p2a: Staraptor|def|1
|-boost|p2a: Staraptor|spd|1
|-enditem|p1b: Farigiraf|Sitrus Berry|[eat]
|-heal|p1b: Farigiraf|70/100|[from] item: Sitrus Berry
|move|p1a: Eelektross|Thunderbolt|p2a: Staraptor
|-supereffective|p2a: Staraptor|1
|-damage|p2a: Staraptor|49/100
|move|p1b: Farigiraf|Trick Room|p1b: Farigiraf
|-fieldstart|move: Trick Room|[of] p1b: Farigiraf
|
|upkeep
|turn|2
|
|t:|1784175726
|move|p2a: Staraptor|Protect|p2a: Staraptor
|-singleturn|p2a: Staraptor|Protect
|move|p2b: Grimmsnarl|Spirit Break|p1a: Eelektross
|-damage|p1a: Eelektross|65/100
|-unboost|p1a: Eelektross|spa|1
|move|p1b: Farigiraf|Reflect|p1b: Farigiraf
|-sidestart|p1: Person_McSomeone|Reflect
|move|p1a: Eelektross|Thunderbolt|p2a: Staraptor
|-activate|p2a: Staraptor|move: Protect
|
|upkeep
|turn|3
|c|☆Ninjacoox|you will no longer get the special attack boost
|c| monkeychese|its jover
|c| monkeychese|this fatass of a staraptor man
|inactive|Ninjacoox has 30 seconds left.
|inactive|Ninjacoox has 20 seconds left.
|
|t:|1784175761
|switch|p1a: Tyranitar|Tyranitar, L50, M|100/100
|-weather|Sandstorm|[from] ability: Sand Stream|[of] p1a: Tyranitar
|move|p2b: Grimmsnarl|Parting Shot|p2a: Staraptor
|-boost|p2a: Staraptor|atk|1
|-boost|p2a: Staraptor|spa|1
|
|t:|1784175768
|switch|p2b: Toxapex|Toxapex, L50, M|100/100|[from] Parting Shot
|move|p1b: Farigiraf|Hyper Voice|p2b: Toxapex|[spread] p2a,p2b
|-damage|p2a: Staraptor|35/100
|-damage|p2b: Toxapex|85/100
|move|p2a: Staraptor|Close Combat|p1b: Farigiraf
|-damage|p1b: Farigiraf|10/100
|-boost|p2a: Staraptor|def|1
|-boost|p2a: Staraptor|spd|1
|
|-weather|Sandstorm|[upkeep]
|-damage|p2b: Toxapex|79/100|[from] Sandstorm
|-damage|p1b: Farigiraf|3/100|[from] Sandstorm
|-damage|p2a: Staraptor|29/100|[from] Sandstorm
|-heal|p2b: Toxapex|85/100|[from] item: Leftovers
|upkeep
|turn|4
|l| monkeychese
|
|t:|1784175779
|move|p2b: Toxapex|Chilling Water|p1b: Farigiraf
|-damage|p1b: Farigiraf|0 fnt
|faint|p1b: Farigiraf
|move|p1a: Tyranitar|Rock Slide|p2b: Toxapex|[spread] p2a,p2b
|-damage|p2a: Staraptor|14/100
|-damage|p2b: Toxapex|59/100
|move|p2a: Staraptor|Close Combat|p1a: Tyranitar
|-supereffective|p1a: Tyranitar|2
|-damage|p1a: Tyranitar|0 fnt
|-boost|p2a: Staraptor|def|1
|-boost|p2a: Staraptor|spd|1
|faint|p1a: Tyranitar
|
|-weather|Sandstorm|[upkeep]
|-damage|p2b: Toxapex|54/100|[from] Sandstorm
|-damage|p2a: Staraptor|8/100|[from] Sandstorm
|-heal|p2b: Toxapex|59/100|[from] item: Leftovers
|upkeep
|
|t:|1784175786
|switch|p1b: Maushold|Maushold, L50|100/100
|switch|p1a: Eelektross|Eelektross-Mega, L50, M|65/100
|turn|5
|c|☆Ninjacoox|never flinched
|
|t:|1784175795
|move|p2b: Toxapex|Toxic|p1a: Eelektross
|-status|p1a: Eelektross|tox
|move|p1a: Eelektross|Thunderbolt|p2a: Staraptor
|-supereffective|p2a: Staraptor|1
|-damage|p2a: Staraptor|0 fnt
|faint|p2a: Staraptor
|-ability|p1a: Eelektross|Eelevate|boost
|-boost|p1a: Eelektross|spa|1
|move|p1b: Maushold|Super Fang|p2b: Toxapex
|-damage|p2b: Toxapex|29/100
|
|-weather|Sandstorm|[upkeep]
|-damage|p2b: Toxapex|24/100|[from] Sandstorm
|-damage|p1a: Eelektross|59/100 tox|[from] Sandstorm
|-damage|p1b: Maushold|93/100|[from] Sandstorm
|-heal|p2b: Toxapex|29/100|[from] item: Leftovers
|-damage|p1a: Eelektross|53/100 tox|[from] psn
|-fieldend|move: Trick Room
|upkeep
|
|t:|1784175800
|switch|p2a: Arcanine|Arcanine-Hisui, L50, F|100/100
|turn|6
|
|t:|1784175810
|move|p1a: Eelektross|Protect|p1a: Eelektross
|-singleturn|p1a: Eelektross|Protect
|move|p2a: Arcanine|Rock Slide|p1a: Eelektross|[spread] p1b
|-activate|p1a: Eelektross|move: Protect
|-damage|p1b: Maushold|68/100
|move|p1b: Maushold|Thunder Wave|p2a: Arcanine
|-status|p2a: Arcanine|par
|move|p2b: Toxapex|Toxic|p1b: Maushold
|-status|p1b: Maushold|tox
|
|-weather|Sandstorm|[upkeep]
|-damage|p1b: Maushold|62/100 tox|[from] Sandstorm
|-damage|p1a: Eelektross|47/100 tox|[from] Sandstorm
|-damage|p2b: Toxapex|24/100|[from] Sandstorm
|-heal|p2b: Toxapex|29/100|[from] item: Leftovers
|-damage|p1b: Maushold|56/100 tox|[from] psn
|-damage|p1a: Eelektross|35/100 tox|[from] psn
|-sideend|p1: Person_McSomeone|Reflect
|upkeep
|turn|7
|c|☆Ninjacoox|this is reough
|c|☆Ninjacoox|rough
|
|t:|1784175825
|move|p2b: Toxapex|Baneful Bunker|p2b: Toxapex
|-singleturn|p2b: Toxapex|move: Protect
|move|p1b: Maushold|Super Fang|p2a: Arcanine
|-damage|p2a: Arcanine|50/100g par
|move|p2a: Arcanine|Rock Slide|p1a: Eelektross|[spread] p1a,p1b
|-crit|p1a: Eelektross
|-damage|p1a: Eelektross|3/100 tox
|-damage|p1b: Maushold|18/100 tox
|move|p1a: Eelektross|Thunderbolt|p2a: Arcanine
|-damage|p2a: Arcanine|2/100 par
|
|-weather|none
|-heal|p2b: Toxapex|35/100|[from] item: Leftovers
|-damage|p1b: Maushold|6/100 tox|[from] psn
|-damage|p1a: Eelektross|0 fnt|[from] psn
|faint|p1a: Eelektross
|upkeep
|turn|8
|c|☆Person_McSomeone|gg
|c|☆Person_McSomeone|i hate this mon
|c|☆Ninjacoox|lmao
|
|t:|1784175844
|move|p1b: Maushold|Super Fang|p2b: Toxapex
|-damage|p2b: Toxapex|17/100
|move|p2a: Arcanine|Rock Slide|p1b: Maushold
|-damage|p1b: Maushold|0 fnt
|faint|p1b: Maushold
|
|win|Ninjacoox
|c|☆Ninjacoox|get cooked
|l|☆Person_McSomeone
|player|p1|
