|j|☆Tractie
|j|☆salamander27
|html|Tractiesalamander27    
|uhtml|bestof|Game 2 of a best-of-3
|t:|1757181460
|gametype|doubles
|player|p1|Tractie|102|1254
|player|p2|salamander27|gambler|1147
|gen|9
|tier|[Gen 9] VGC 2025 Reg H (Bo3)
|rated|
|rule|Species Clause: Limit one of each Pokémon
|rule|Item Clause: Limit 1 of each item
|clearpoke
|poke|p1|Dondozo, L50, F|
|poke|p1|Tatsugiri, L50, F|
|poke|p1|Gothitelle, L50, F|
|poke|p1|Typhlosion-Hisui, L50, M|
|poke|p1|Rillaboom, L50, M|
|poke|p1|Annihilape, L50, M|
|poke|p2|Annihilape, L50, M|
|poke|p2|Maushold-Four, L50|
|poke|p2|Amoonguss, L50, M|
|poke|p2|Volcarona, L50, F|
|poke|p2|Basculegion, L50, M|
|poke|p2|Espathra, L50, F|
|teampreview|4
|showteam|p1|Dondozo||Leftovers|Unaware|WaveCrash,OrderUp,Yawn,Protect|||F|||50|,,,,,Grass]Tatsugiri||FocusSash|Commander|DracoMeteor,MuddyWater,Taunt,Protect|||F|||50|,,,,,Ghost]Gothitelle||SitrusBerry|ShadowTag|FakeOut,Psychic,HelpingHand,Protect|||F|||50|,,,,,Water]Typhlosion-Hisui||ChoiceScarf|Blaze|Eruption,HeatWave,ShadowBall,SleepTalk|||M|||50|,,,,,Fire]Rillaboom||AssaultVest|GrassySurge|FakeOut,GrassyGlide,WoodHammer,HighHorsepower|||M|||50|,,,,,Fire]Annihilape||SafetyGoggles|Defiant|CloseCombat,FinalGambit,RageFist,Taunt|||M|||50|,,,,,Stellar
|showteam|p2|Annihilape||AssaultVest|Defiant|RageFist,DrainPunch,RockSlide,PoisonJab|||M|||50|,,,,,Fire]Maushold-Four||FocusSash|FriendGuard|BeatUp,FollowMe,Protect,Taunt||||||50|,,,,,Ghost]Amoonguss||MentalHerb|Regenerator|Spore,RagePowder,PollenPuff,Protect|||M|||50|,,,,,Water]Volcarona||LifeOrb|FlameBody|QuiverDance,HeatWave,GigaDrain,Protect|||F|||50|,,,,,Grass]Basculegion||ChoiceScarf|Adaptability|AquaJet,WaveCrash,LastRespects,FlipTurn|||M|||50|,,,,,Ghost]Espathra||LightClay|SpeedBoost|LuminaCrash,Protect,LightScreen,Reflect|||F|||50|,,,,,Dark
|inactive|Battle timer is ON: inactive players will automatically lose when time's up. (requested by Tractie)
|inactive|Tractie has 60 seconds left.
|
|t:|1757181518
|teamsize|p1|4
|teamsize|p2|4
|start
|switch|p1a: Typhlosion|Typhlosion-Hisui, L50, M|100/100
|switch|p1b: Dondozo|Dondozo, L50, F|100/100
|switch|p2a: Annihilape|Annihilape, L50, M|100/100
|switch|p2b: Basculegion|Basculegion, L50, M|100/100
|turn|1
|inactive|Tractie has 30 seconds left.
|
|t:|1757181552
|move|p2b: Basculegion|Aqua Jet|p1a: Typhlosion
|-supereffective|p1a: Typhlosion
|-damage|p1a: Typhlosion|31/100
|move|p1a: Typhlosion|Shadow Ball|p2b: Basculegion
|-supereffective|p2b: Basculegion
|-damage|p2b: Basculegion|0 fnt
|faint|p2b: Basculegion
|move|p2a: Annihilape|Rage Fist|p1a: Typhlosion
|-supereffective|p1a: Typhlosion
|-damage|p1a: Typhlosion|0 fnt
|faint|p1a: Typhlosion
|move|p1b: Dondozo|Yawn|p2a: Annihilape
|-start|p2a: Annihilape|move: Yawn|[of] p1b: Dondozo
|
|upkeep
|inactive|Tractie has 30 seconds left.
|
|t:|1757181577
|switch|p2b: Amoonguss|Amoonguss, L50, M|100/100
|switch|p1a: Annihilape|Annihilape, L50, M|100/100
|turn|2
|inactive|Tractie has 30 seconds left.
|
|t:|1757181605
|switch|p2a: Volcarona|Volcarona, L50, F|100/100
|move|p1b: Dondozo|Protect|p1b: Dondozo
|-singleturn|p1b: Dondozo|Protect
|move|p1a: Annihilape|Taunt|p2b: Amoonguss
|-start|p2b: Amoonguss|move: Taunt
|-enditem|p2b: Amoonguss|Mental Herb
|-end|p2b: Amoonguss|move: Taunt
|move|p2b: Amoonguss|Spore|p1b: Dondozo
|-activate|p1b: Dondozo|move: Protect
|
|upkeep
|turn|3
|inactive|Tractie has 30 seconds left.
|inactive|salamander27 has 30 seconds left.
|inactive|Tractie has 20 seconds left.
|inactive|salamander27 has 20 seconds left.
|
|t:|1757181643
|switch|p1b: Gothitelle|Gothitelle, L50, F|100/100
|move|p2b: Amoonguss|Rage Powder|p2b: Amoonguss
|-singleturn|p2b: Amoonguss|move: Rage Powder
|move|p1a: Annihilape|Taunt|p2b: Amoonguss
|-start|p2b: Amoonguss|move: Taunt
|move|p2a: Volcarona|Quiver Dance|p2a: Volcarona
|-boost|p2a: Volcarona|spa|1
|-boost|p2a: Volcarona|spd|1
|-boost|p2a: Volcarona|spe|1
|
|upkeep
|turn|4
|
|t:|1757181670
|move|p2a: Volcarona|Protect|p2a: Volcarona
|-singleturn|p2a: Volcarona|Protect
|move|p1a: Annihilape|Final Gambit|p2a: Volcarona
|-activate|p2a: Volcarona|move: Protect
|move|p1b: Gothitelle|Psychic|p2b: Amoonguss
|-supereffective|p2b: Amoonguss
|-damage|p2b: Amoonguss|62/100
|move|p2b: Amoonguss|Pollen Puff|p1b: Gothitelle
|-supereffective|p1b: Gothitelle
|-damage|p1b: Gothitelle|71/100
|
|upkeep
|turn|5
|inactive|Tractie has 30 seconds left.
|inactive|salamander27 has 30 seconds left.
|inactive|Tractie has 20 seconds left.
|
|t:|1757181707
|move|p1b: Gothitelle|Helping Hand|p1a: Annihilape
|-singleturn|p1a: Annihilape|Helping Hand|[of] p1b: Gothitelle
|move|p2a: Volcarona|Heat Wave|p1a: Annihilape|[spread] p1a,p1b
|-damage|p1a: Annihilape|27/100
|-damage|p1b: Gothitelle|4/100
|-enditem|p1b: Gothitelle|Sitrus Berry|[eat]
|-heal|p1b: Gothitelle|29/100|[from] item: Sitrus Berry
|-damage|p2a: Volcarona|91/100|[from] item: Life Orb
|move|p1a: Annihilape|Rage Fist|p2a: Volcarona
|-damage|p2a: Volcarona|0 fnt
|-status|p1a: Annihilape|brn|[from] ability: Flame Body|[of] p2a: Volcarona
|faint|p2a: Volcarona
|move|p2b: Amoonguss|Pollen Puff|p1b: Gothitelle
|-supereffective|p1b: Gothitelle
|-damage|p1b: Gothitelle|0 fnt
|faint|p1b: Gothitelle
|
|-damage|p1a: Annihilape|21/100 brn|[from] brn
|upkeep
|
|t:|1757181725
|switch|p2a: Annihilape|Annihilape, L50, M|100/100
|switch|p1b: Dondozo|Dondozo, L50, F|100/100
|turn|6
|inactive|Tractie has 30 seconds left.
|inactive|salamander27 has 30 seconds left.
|inactive|Tractie has 20 seconds left.
|
|t:|1757181764
|move|p1a: Annihilape|Rage Fist|p2a: Annihilape
|-supereffective|p2a: Annihilape
|-damage|p2a: Annihilape|66/100
|move|p2a: Annihilape|Rock Slide|p1b: Dondozo|[spread] p1a,p1b
|-resisted|p1a: Annihilape
|-damage|p1a: Annihilape|12/100 brn
|-damage|p1b: Dondozo|87/100
|move|p1b: Dondozo|Wave Crash|p2a: Annihilape
|-damage|p2a: Annihilape|21/100
|-damage|p1b: Dondozo|73/100|[from] Recoil
|move|p2b: Amoonguss|Pollen Puff|p2a: Annihilape
|-heal|p2a: Annihilape|71/100
|
|-heal|p1b: Dondozo|79/100|[from] item: Leftovers
|-damage|p1a: Annihilape|6/100 brn|[from] brn
|-end|p2b: Amoonguss|move: Taunt
|upkeep
|turn|7
|inactive|salamander27 has 30 seconds left.
|
|t:|1757181796
|move|p2b: Amoonguss|Rage Powder|p2b: Amoonguss
|-singleturn|p2b: Amoonguss|move: Rage Powder
|move|p1a: Annihilape|Taunt|p2b: Amoonguss
|-start|p2b: Amoonguss|move: Taunt
|move|p2a: Annihilape|Rage Fist|p1b: Dondozo
|-damage|p1b: Dondozo|30/100
|move|p1b: Dondozo|Yawn|p2b: Amoonguss
|-start|p2b: Amoonguss|move: Yawn|[of] p1b: Dondozo
|
|-heal|p1b: Dondozo|36/100|[from] item: Leftovers
|-damage|p1a: Annihilape|0 fnt|[from] brn
|faint|p1a: Annihilape
|upkeep
|turn|8
|-message|Tractie forfeited.
|
|win|salamander27
|raw|Tractie's rating: 1254 → 1222(-32 for losing)
|raw|salamander27's rating: 1147 → 1179(+32 for winning)
