|j|☆actuary97
|j|☆palle synchro
|html|actuary97palle synchro    
|uhtml|bestof|Game 3 of a best-of-3
|t:|1755963914
|gametype|doubles
|player|p1|actuary97|sabrina-frlg|1458
|player|p2|palle synchro|volkner|1450
|gen|9
|tier|[Gen 9] VGC 2025 Reg H (Bo3)
|rated|
|rule|Species Clause: Limit one of each Pokémon
|rule|Item Clause: Limit 1 of each item
|clearpoke
|poke|p1|Whimsicott, L50, F|
|poke|p1|Gallade, L50, M|
|poke|p1|Archaludon, L50, F|
|poke|p1|Malamar, L50, F|
|poke|p1|Indeedee, L50, M|
|poke|p1|Drifblim, L50, M|
|poke|p2|Whimsicott, L50, M|
|poke|p2|Garchomp, L50, M|
|poke|p2|Indeedee, L50, M|
|poke|p2|Sneasler, L50, M|
|poke|p2|Ursaluna-Bloodmoon, L50, M|
|poke|p2|Archaludon, L50, M|
|teampreview|4
|showteam|p1|Whimsicott||FocusSash|Prankster|Moonblast,BeatUp,Encore,Tailwind|||F|||50|,,,,,Ghost]Gallade||ScopeLens|Sharpness|PsychoCut,SacredSword,LeafBlade,Protect|||M|||50|,,,,,Grass]Archaludon||AssaultVest|Stamina|ElectroShot,FlashCannon,Snarl,BodyPress|||F|||50|,,,,,Grass]Malamar||SitrusBerry|Contrary|Superpower,KnockOff,TrickRoom,TopsyTurvy|||F|||50|,,,,,Fire]Indeedee||ChoiceSpecs|PsychicSurge|ExpandingForce,DazzlingGleam,TeraBlast,Trick|||M|||50|,,,,,Fire]Drifblim||PsychicSeed|Unburden|AirSlash,IcyWind,StrengthSap,WillOWisp|||M|||50|,,,,,Flying
|showteam|p2|Whimsicott||CovertCloak|Prankster|Moonblast,Taunt,Tailwind,FakeTears|||M|||50|,,,,,Water]Garchomp||LoadedDice|RoughSkin|ScaleShot,StompingTantrum,SwordsDance,Protect|||M|||50|,,,,,Steel]Indeedee||FocusSash|PsychicSurge|ExpandingForce,TeraBlast,Imprison,TrickRoom|||M|||50|,,,,,Psychic]Sneasler||PsychicSeed|Unburden|CloseCombat,DireClaw,ThroatChop,Protect|||M|||50|,,,,,Dark]Ursaluna-Bloodmoon||LifeOrb|MindsEye|HyperVoice,BloodMoon,EarthPower,Protect|||M|||50|,,,,,Normal]Archaludon||PowerHerb|Stalwart|ElectroShot,DragonPulse,Thunderbolt,Protect|||M|||50|,,,,,Electric
|inactive|Battle timer is ON: inactive players will automatically lose when time's up. (requested by palle synchro)
|
|t:|1755963937
|teamsize|p1|4
|teamsize|p2|4
|start
|switch|p1a: Whimsicott|Whimsicott, L50, F, shiny|100/100
|switch|p1b: Indeedee|Indeedee, L50, M, shiny|100/100
|switch|p2a: Whimsicott|Whimsicott, L50, M|100/100
|switch|p2b: Archaludon|Archaludon, L50, M|100/100
|-fieldstart|move: Psychic Terrain|[from] ability: Psychic Surge|[of] p1b: Indeedee
|turn|1
|
|t:|1755963951
|move|p1a: Whimsicott|Tailwind|p1a: Whimsicott
|-sidestart|p1: actuary97|move: Tailwind
|move|p2a: Whimsicott|Tailwind|p2a: Whimsicott
|-sidestart|p2: palle synchro|move: Tailwind
|move|p1b: Indeedee|Expanding Force|p2a: Whimsicott|[spread] p2a,p2b
|-crit|p2a: Whimsicott
|-resisted|p2b: Archaludon
|-damage|p2a: Whimsicott|0 fnt
|-damage|p2b: Archaludon|38/100
|faint|p2a: Whimsicott
|move|p2b: Archaludon|Electro Shot||[still]
|-prepare|p2b: Archaludon|Electro Shot
|-boost|p2b: Archaludon|spa|1
|-enditem|p2b: Archaludon|Power Herb
|-anim|p2b: Archaludon|Electro Shot|p1a: Whimsicott
|-resisted|p1a: Whimsicott
|-damage|p1a: Whimsicott|37/100
|
|upkeep
|
|t:|1755963958
|switch|p2a: Sneasler|Sneasler, L50, M|100/100
|-enditem|p2a: Sneasler|Psychic Seed
|-boost|p2a: Sneasler|spd|1|[from] item: Psychic Seed
|turn|2
|inactive|palle synchro has 30 seconds left.
|
|t:|1755963997
|-terastallize|p2a: Sneasler|Dark
|-terastallize|p1b: Indeedee|Fire
|move|p2b: Archaludon|Protect|p2b: Archaludon
|-singleturn|p2b: Archaludon|Protect
|move|p2a: Sneasler|Dire Claw|p1a: Whimsicott
|-supereffective|p1a: Whimsicott
|-damage|p1a: Whimsicott|0 fnt
|faint|p1a: Whimsicott
|move|p1b: Indeedee|Expanding Force|p2b: Archaludon|[spread] 
|-activate|p2b: Archaludon|move: Protect
|-immune|p2a: Sneasler
|
|upkeep
|
|t:|1755964005
|switch|p1a: Drifblim|Drifblim, L50, M, shiny|100/100
|-enditem|p1a: Drifblim|Psychic Seed
|-boost|p1a: Drifblim|spd|1|[from] item: Psychic Seed
|turn|3
|
|t:|1755964011
|move|p2a: Sneasler|Close Combat|p1b: Indeedee
|-damage|p1b: Indeedee|0 fnt
|-unboost|p2a: Sneasler|def|1
|-unboost|p2a: Sneasler|spd|1
|faint|p1b: Indeedee
|move|p1a: Drifblim|Will-O-Wisp|p2a: Sneasler
|-status|p2a: Sneasler|brn
|move|p2b: Archaludon|Thunderbolt|p1a: Drifblim
|-supereffective|p1a: Drifblim
|-damage|p1a: Drifblim|33/100
|
|-damage|p2a: Sneasler|95/100 brn|[from] brn
|upkeep
|
|t:|1755964014
|switch|p1b: Gallade|Gallade, L50, M, shiny|100/100
|turn|4
|
|t:|1755964038
|move|p2a: Sneasler|Throat Chop|p1a: Drifblim
|-supereffective|p1a: Drifblim
|-damage|p1a: Drifblim|0 fnt
|faint|p1a: Drifblim
|move|p2b: Archaludon|Dragon Pulse|p1b: Gallade
|-damage|p1b: Gallade|27/100
|move|p1b: Gallade|Sacred Sword|p2b: Archaludon
|-supereffective|p2b: Archaludon
|-damage|p2b: Archaludon|0 fnt
|faint|p2b: Archaludon
|
|-damage|p2a: Sneasler|89/100 brn|[from] brn
|-sideend|p1: actuary97|move: Tailwind
|-sideend|p2: palle synchro|move: Tailwind
|upkeep
|
|t:|1755964045
|switch|p2b: Indeedee|Indeedee, L50, M|100/100
|turn|5
|
|t:|1755964047
|move|p2a: Sneasler|Dire Claw|p1b: Gallade
|-damage|p1b: Gallade|0 fnt
|faint|p1b: Gallade
|
|win|palle synchro
|raw|actuary97's rating: 1458 → 1438(-20 for losing)
|raw|palle synchro's rating: 1450 → 1470(+20 for winning)
