|j|☆rat2
|j|☆djvee
|html|rat2djvee    
|uhtml|bestof|Game 1 of a best-of-3
|t:|1783206394
|gametype|doubles
|player|p1|rat2|infielder|
|player|p2|djvee|2|
|gen|9
|tier|[Gen 9 Champions] VGC 2026 Reg M-B (Bo3)
|rule|Species Clause: Limit one of each Pokémon
|rule|Item Clause: Limit 1 of each item
|clearpoke
|poke|p1|Milotic, L50, F, shiny|
|poke|p1|Krookodile, L50, F|
|poke|p1|Venusaur, L50, M, shiny|
|poke|p1|Scizor, L50, M|
|poke|p1|Charizard, L50, F, shiny|
|poke|p1|Sableye, L50, M|
|poke|p2|Tyranitar, L50, M|
|poke|p2|Excadrill, L50, F|
|poke|p2|Rotom-Wash, L50|
|poke|p2|Corviknight, L50, M|
|poke|p2|Aegislash, L50, M|
|poke|p2|Abomasnow, L50, F|
|teampreview|4
|showteam|p1|Milotic||Leftovers|Competitive|Scald,IcyWind,LifeDew,Protect|Bold||F|||50|]Krookodile||ChoiceScarf|Intimidate|CloseCombat,Crunch,GunkShot,Earthquake|Jolly||F|||50|]Venusaur||FocusSash|Chlorophyll|EnergyBall,SludgeBomb,SleepPowder,Protect|Modest||M|||50|]Scizor||MetalCoat|Technician|BulletPunch,SwordsDance,BugBite,Protect|Adamant||M|||50|]Charizard||CharizarditeY|Blaze|SolarBeam,Protect,HeatWave,ScorchingSands|Timid||F|||50|]Sableye||SitrusBerry|Prankster|Reflect,SunnyDay,FakeOut,WillOWisp|Careful||M|||50|
|showteam|p2|Tyranitar||Tyranitarite|SandStream|RockSlide,DragonDance,KnockOff,RainDance|Careful||M|||50|]Excadrill||FocusSash|SandRush|SwordsDance,Earthquake,IronHead,Megahorn|Adamant||F|||50|]Rotom-Wash||ChoiceScarf|Levitate|Trick,HydroPump,VoltSwitch,Thunderbolt|Modest|||||50|]Corviknight||Leftovers|MirrorArmor|Protect,Roost,BraveBird,Taunt|Impish||M|||50|]Aegislash||SitrusBerry|StanceChange|AirSlash,FlashCannon,ShadowBall,KingsShield|Modest||M|||50|]Abomasnow||Abomasite|SnowWarning|Protect,Blizzard,AuroraVeil,GigaDrain|Modest||F|||50|
|j| LewBoiiiiiii
|c| LewBoiiiiiii|Wsg
|j| Ly_likes_Ceruledge
|c| Ly_likes_Ceruledge|penis
|c|☆rat2|facts
|c| LewBoiiiiiii|Mmmm
|
|t:|1783206482
|teamsize|p1|4
|teamsize|p2|4
|start
|switch|p1a: Scizor|Scizor, L50, M|100/100
|switch|p1b: Sableye|Sableye, L50, M|100/100
|switch|p2a: Rotom|Rotom-Wash, L50|100/100
|switch|p2b: Excadrill|Excadrill, L50, F|100/100
|turn|1
|
|t:|1783206516
|move|p1a: Scizor|Protect|p1a: Scizor
|-singleturn|p1a: Scizor|Protect
|move|p1b: Sableye|Reflect|p1b: Sableye
|-sidestart|p1: rat2|Reflect
|move|p2a: Rotom|Trick|p1a: Scizor
|-activate|p1a: Scizor|move: Protect
|move|p2b: Excadrill|Megahorn|p1b: Sableye
|-damage|p1b: Sableye|53/100
|
|upkeep
|turn|2
|
|t:|1783206535
|switch|p2a: Tyranitar|Tyranitar, L50, M|100/100
|-weather|Sandstorm|[from] ability: Sand Stream|[of] p2a: Tyranitar
|switch|p1a: Krookodile|Krookodile, L50, F|100/100
|-ability|p1a: Krookodile|Intimidate|boost
|-unboost|p2a: Tyranitar|atk|1
|-unboost|p2b: Excadrill|atk|1
|move|p1b: Sableye|Will-O-Wisp|p2b: Excadrill
|-status|p2b: Excadrill|brn
|move|p2b: Excadrill|Swords Dance|p2b: Excadrill
|-boost|p2b: Excadrill|atk|2
|
|-weather|Sandstorm|[upkeep]
|-damage|p1b: Sableye|47/100|[from] Sandstorm
|-enditem|p1b: Sableye|Sitrus Berry|[eat]
|-heal|p1b: Sableye|72/100|[from] item: Sitrus Berry
|-damage|p2b: Excadrill|94/100 brn|[from] brn
|upkeep
|turn|3
|
|t:|1783206560
|switch|p1b: Charizard|Charizard, L50, F, shiny|100/100
|detailschange|p2a: Tyranitar|Tyranitar-Mega, L50, M
|-mega|p2a: Tyranitar|Tyranitar|Tyranitarite
|move|p2b: Excadrill|Megahorn|p1a: Krookodile|[miss]
|-miss|p2b: Excadrill|p1a: Krookodile
|move|p1a: Krookodile|Earthquake|p2a: Tyranitar|[spread] p2a,p2b
|-immune|p1b: Charizard
|-supereffective|p2a: Tyranitar|1
|-supereffective|p2b: Excadrill|1
|-damage|p2a: Tyranitar|55/100
|-damage|p2b: Excadrill|0 fnt
|faint|p2b: Excadrill
|move|p2a: Tyranitar|Knock Off|p1b: Charizard
|-damage|p1b: Charizard|76/100
|
|-weather|Sandstorm|[upkeep]
|-damage|p1b: Charizard|70/100|[from] Sandstorm
|upkeep
|
|t:|1783206575
|switch|p2b: Rotom|Rotom-Wash, L50|100/100
|turn|4
|
|t:|1783206583
|detailschange|p1b: Charizard|Charizard-Mega-Y, L50, F, shiny
|-mega|p1b: Charizard|Charizard|Charizardite Y
|-weather|SunnyDay|[from] ability: Drought|[of] p1b: Charizard
|move|p1a: Krookodile|Earthquake|p2b: Rotom|[spread] p2a
|-immune|p1b: Charizard
|-immune|p2b: Rotom|[from] ability: Levitate
|-supereffective|p2a: Tyranitar|1
|-damage|p2a: Tyranitar|11/100
|move|p1b: Charizard|Solar Beam||[still]
|-prepare|p1b: Charizard|Solar Beam
|-anim|p1b: Charizard|Solar Beam|p2b: Rotom
|-supereffective|p2b: Rotom|1
|-damage|p2b: Rotom|0 fnt
|faint|p2b: Rotom
|move|p2a: Tyranitar|Rain Dance|p2a: Tyranitar
|-weather|RainDance
|
|-weather|RainDance|[upkeep]
|upkeep
|
|t:|1783206598
|switch|p2b: Corviknight|Corviknight, L50, M|100/100
|turn|5
|c| LewBoiiiiiii|Excuse me
|
|t:|1783206612
|switch|p1b: Sableye|Sableye, L50, M|72/100
|move|p1a: Krookodile|Earthquake|p2a: Tyranitar|[spread] p1b,p2a
|-immune|p2b: Corviknight
|-supereffective|p2a: Tyranitar|1
|-damage|p1b: Sableye|35/100
|-damage|p2a: Tyranitar|0 fnt
|faint|p2a: Tyranitar
|move|p2b: Corviknight|Brave Bird|p1a: Krookodile
|-damage|p1a: Krookodile|68/100
|-damage|p2b: Corviknight|91/100|[from] Recoil
|
|-weather|RainDance|[upkeep]
|-heal|p2b: Corviknight|97/100|[from] item: Leftovers
|-sideend|p1: rat2|Reflect
|upkeep
|turn|6
|
|t:|1783206627
|switch|p1a: Charizard|Charizard-Mega-Y, L50, F, shiny|70/100
|-weather|SunnyDay|[from] ability: Drought|[of] p1a: Charizard
|move|p1b: Sableye|Fake Out|p2b: Corviknight
|-resisted|p2b: Corviknight|1
|-damage|p2b: Corviknight|94/100
|cant|p2b: Corviknight|flinch
|
|-weather|SunnyDay|[upkeep]
|-heal|p2b: Corviknight|100/100|[from] item: Leftovers
|upkeep
|turn|7
|
|t:|1783206642
|move|p1b: Sableye|Will-O-Wisp|p2b: Corviknight
|-status|p2b: Corviknight|brn
|move|p1a: Charizard|Heat Wave|p2b: Corviknight
|-supereffective|p2b: Corviknight|1
|-damage|p2b: Corviknight|0 fnt
|faint|p2b: Corviknight
|
|win|rat2
|l|☆djvee
|player|p2|
|l| LewBoiiiiiii
|l|☆rat2
|player|p1|
|j| LewBoiiiiiii
|l| LewBoiiiiiii
|j| LewBoiiiiiii
|l| LewBoiiiiiii
|j| LewBoiiiiiii
|l| LewBoiiiiiii
|j| LewBoiiiiiii
|j| DinisDenis
