|j|☆GlitchXDGOAT
|j|☆vicky182
|html|GlitchXDGOATvicky182    
|uhtml|bestof|Game 1 of a best-of-3
|t:|1786090400
|gametype|doubles
|player|p1|GlitchXDGOAT|266|1162
|player|p2|vicky182|102|1149
|gen|9
|tier|[Gen 9 Champions] VGC 2026 Reg M-B (Bo3)
|rated|
|rule|Species Clause: Limit one of each Pokémon
|rule|Item Clause: Limit 1 of each item
|clearpoke
|poke|p1|Farigiraf, L50, M|
|poke|p1|Houndoom, L50, F|
|poke|p1|Torkoal, L50, F|
|poke|p1|Vileplume, L50, M|
|poke|p1|Basculegion, L50, M|
|poke|p1|Floette-Eternal, L50, F|
|poke|p2|Incineroar, L50, F|
|poke|p2|Garchomp, L50, M|
|poke|p2|Gholdengo, L50|
|poke|p2|Floette-Eternal, L50, F|
|poke|p2|Basculegion, L50, M|
|poke|p2|Delphox, L50, M|
|teampreview|4
|showteam|p1|Farigiraf||SitrusBerry|ArmorTail|TwinBeam,HelpingHand,Roar,TrickRoom|Bold||M|||50|]Houndoom||Houndoominite|FlashFire|HeatWave,Overheat,DarkPulse,Protect|Timid||F|||50|]Torkoal||Charcoal|Drought|Eruption,WeatherBall,HelpingHand,Protect|Quiet||F|||50|]Vileplume||FocusSash|Chlorophyll|SolarBeam,SludgeBomb,SleepPowder,AfterYou|Timid||M|||50|]Basculegion||ChoiceScarf|Adaptability|WaveCrash,LastRespects,FlipTurn,AquaJet|Jolly||M|||50|]Floette-Eternal||Floettite|FlowerVeil|Moonblast,DazzlingGleam,LightofRuin,Protect|Timid||F|||50|
|showteam|p2|Incineroar||SitrusBerry|Intimidate|FakeOut,PartingShot,FlareBlitz,DarkestLariat|Adamant||F|||50|]Garchomp||SoftSand|RoughSkin|Protect,Earthquake,StompingTantrum,DragonClaw|Jolly||M|||50|]Gholdengo||LifeOrb|GoodasGold|Protect,NastyPlot,MakeItRain,ShadowBall|Timid|||||50|]Floette-Eternal||Floettite|FlowerVeil|Protect,DrainingKiss,CalmMind,DazzlingGleam|Timid||F|||50|]Basculegion||MysticWater|Adaptability|Protect,WaveCrash,AquaJet,LastRespects|Adamant||M|||50|]Delphox||Delphoxite|Blaze|Protect,HeatWave,Psychic,CalmMind|Timid||M|||50|
|inactive|Battle timer is ON: inactive players will automatically lose when time's up. (requested by GlitchXDGOAT)
|inactive|GlitchXDGOAT has 60 seconds left.
|inactive|vicky182 has 60 seconds left.
|inactive|vicky182 has 30 seconds left.
|
|t:|1786090467
|teamsize|p1|4
|teamsize|p2|4
|start
|switch|p1a: Houndoom|Houndoom, L50, F|100/100
|switch|p1b: Torkoal|Torkoal, L50, F|100/100
|switch|p2a: Floette|Floette-Eternal, L50, F|100/100
|switch|p2b: Incineroar|Incineroar, L50, F|100/100
|-ability|p2b: Incineroar|Intimidate|boost
|-unboost|p1a: Houndoom|atk|1
|-unboost|p1b: Torkoal|atk|1
|-weather|SunnyDay|[from] ability: Drought|[of] p1b: Torkoal
|turn|1
|
|t:|1786090489
|switch|p1b: Farigiraf|Farigiraf, L50, M|100/100
|detailschange|p1a: Houndoom|Houndoom-Mega, L50, F
|-mega|p1a: Houndoom|Houndoom|Houndoominite
|detailschange|p2a: Floette|Floette-Mega, L50, F
|-mega|p2a: Floette|Floette|Floettite
|-ability|p2a: Floette|Fairy Aura
|move|p2b: Incineroar|Fake Out||[still]
|cant|p1b: Farigiraf|ability: Armor Tail|Fake Out|[of] p2b: Incineroar
|move|p1a: Houndoom|Heat Wave|p2b: Incineroar|[spread] p2a
|-miss|p1a: Houndoom|p2b: Incineroar
|-damage|p2a: Floette|21/100
|-status|p2a: Floette|brn
|move|p2a: Floette|Calm Mind|p2a: Floette
|-boost|p2a: Floette|spa|1
|-boost|p2a: Floette|spd|1
|
|-weather|SunnyDay|[upkeep]
|-damage|p1a: Houndoom|88/100|[from] ability: Solar Power|[of] p1a: Houndoom
|-damage|p2a: Floette|15/100 brn|[from] brn
|upkeep
|turn|2
|inactive|vicky182 has 30 seconds left.
|inactive|GlitchXDGOAT has 30 seconds left.
|
|t:|1786090524
|move|p1b: Farigiraf|Helping Hand|p1a: Houndoom
|-singleturn|p1a: Houndoom|Helping Hand|[of] p1b: Farigiraf
|move|p1a: Houndoom|Overheat|p2b: Incineroar
|-resisted|p2b: Incineroar|1
|-damage|p2b: Incineroar|0 fnt
|-unboost|p1a: Houndoom|spa|2
|faint|p2b: Incineroar
|move|p2a: Floette|Draining Kiss|p1b: Farigiraf
|-crit|p1b: Farigiraf
|-damage|p1b: Farigiraf|19/100
|-heal|p2a: Floette|100/100 brn|[from] drain|[of] p1b: Farigiraf
|-enditem|p1b: Farigiraf|Sitrus Berry|[eat]
|-heal|p1b: Farigiraf|44/100|[from] item: Sitrus Berry
|
|-weather|SunnyDay|[upkeep]
|-damage|p1a: Houndoom|76/100|[from] ability: Solar Power|[of] p1a: Houndoom
|-damage|p2a: Floette|94/100 brn|[from] brn
|upkeep
|
|t:|1786090541
|switch|p2b: Garchomp|Garchomp, L50, M|100/100
|turn|3
|
|t:|1786090552
|switch|p1a: Vileplume|Vileplume, L50, M|100/100
|move|p2a: Floette|Calm Mind|p2a: Floette
|-boost|p2a: Floette|spa|1
|-boost|p2a: Floette|spd|1
|move|p2b: Garchomp|Earthquake|p1b: Farigiraf|[spread] p2a,p1a,p1b
|-damage|p2a: Floette|35/100 brn
|-damage|p1a: Vileplume|34/100
|-damage|p1b: Farigiraf|11/100
|move|p1b: Farigiraf|Roar|p2a: Floette
|drag|p2a: Basculegion|Basculegion, L50, M|100/100
|
|-weather|SunnyDay|[upkeep]
|upkeep
|turn|4
|inactive|GlitchXDGOAT has 30 seconds left.
|inactive|vicky182 has 30 seconds left.
|inactive|GlitchXDGOAT has 20 seconds left.
|inactive|vicky182 has 20 seconds left.
|inactive|GlitchXDGOAT has 15 seconds left.
|inactive|vicky182 has 15 seconds left.
|
|t:|1786090595
|move|p2a: Basculegion|Protect|p2a: Basculegion
|-singleturn|p2a: Basculegion|Protect
|move|p1a: Vileplume|Sleep Powder|p2b: Garchomp
|-status|p2b: Garchomp|slp|[from] move: Sleep Powder
|cant|p2b: Garchomp|slp
|move|p1b: Farigiraf|Twin Beam|p2a: Basculegion
|-activate|p2a: Basculegion|move: Protect
|
|-weather|SunnyDay|[upkeep]
|upkeep
|turn|5
|
|t:|1786090613
|move|p1b: Farigiraf|Helping Hand|p1a: Vileplume
|-singleturn|p1a: Vileplume|Helping Hand|[of] p1b: Farigiraf
|move|p1a: Vileplume|Solar Beam||[still]
|-prepare|p1a: Vileplume|Solar Beam
|-anim|p1a: Vileplume|Solar Beam|p2a: Basculegion
|-supereffective|p2a: Basculegion|1
|-damage|p2a: Basculegion|0 fnt
|faint|p2a: Basculegion
|cant|p2b: Garchomp|slp
|
|-weather|none
|upkeep
|
|t:|1786090624
|switch|p2a: Floette|Floette-Mega, L50, F|35/100 brn
|-ability|p2a: Floette|Fairy Aura
|turn|6
|
|t:|1786090646
|switch|p1b: Torkoal|Torkoal, L50, F|100/100
|-weather|SunnyDay|[from] ability: Drought|[of] p1b: Torkoal
|move|p1a: Vileplume|Sludge Bomb|p2a: Floette
|-supereffective|p2a: Floette|1
|-damage|p2a: Floette|0 fnt
|faint|p2a: Floette
|-curestatus|p2b: Garchomp|slp|[msg]
|move|p2b: Garchomp|Dragon Claw|p1b: Torkoal
|-damage|p1b: Torkoal|68/100
|
|-weather|SunnyDay|[upkeep]
|upkeep
|turn|7
|
|t:|1786090660
|switch|p1b: Houndoom|Houndoom-Mega, L50, F|76/100
|move|p1a: Vileplume|Sleep Powder|p2b: Garchomp
|-status|p2b: Garchomp|slp|[from] move: Sleep Powder
|cant|p2b: Garchomp|slp
|
|-weather|SunnyDay|[upkeep]
|-damage|p1b: Houndoom|64/100|[from] ability: Solar Power|[of] p1b: Houndoom
|upkeep
|turn|8
|-message|vicky182 forfeited.
|
|win|GlitchXDGOAT
|l|☆vicky182
|player|p2|
|j|☆vicky182
|player|p2|vicky182|102|
|c|☆GlitchXDGOAT|GG
||GlitchXDGOAT is ready for game 2.
||vicky182 is ready for game 2.
|uhtml|next|Next: Game 2 of 3
|l|☆vicky182
|player|p2|
