|j|☆bigpapalopa
|j|☆chocokoala vgc
|html|bigpapalopachocokoala vgc    
|uhtml|bestof|Game 2 of a best-of-3
|t:|1785079476
|gametype|doubles
|player|p1|bigpapalopa|alder|1066
|player|p2|chocokoala vgc|benga|1207
|gen|9
|tier|[Gen 9 Champions] VGC 2026 Reg M-B (Bo3)
|rated|
|rule|Species Clause: Limit one of each Pokémon
|rule|Item Clause: Limit 1 of each item
|clearpoke
|poke|p1|Aerodactyl, L50, F|
|poke|p1|Incineroar, L50, M|
|poke|p1|Sneasler, L50, M|
|poke|p1|Delphox, L50, F, shiny|
|poke|p1|Garchomp, L50, M|
|poke|p1|Ninetales, L50, F|
|poke|p2|Slowbro, L50, M|
|poke|p2|Appletun, L50, M|
|poke|p2|Incineroar, L50, F|
|poke|p2|Conkeldurr, L50, F|
|poke|p2|Gholdengo, L50|
|poke|p2|Aerodactyl, L50, M|
|teampreview|4
|showteam|p1|Aerodactyl||FocusSash|Unnerve|DualWingbeat,Taunt,RockSlide,Tailwind|Jolly||F|||50|]Incineroar||SitrusBerry|Intimidate|FakeOut,Protect,WillOWisp,PartingShot|Impish||M|||50|]Sneasler||ExpertBelt|PoisonTouch|DireClaw,CloseCombat,RockSlide,Uturn|Jolly||M|||50|]Delphox||Delphoxite|Blaze|Psychic,HeatWave,ShadowBall,DazzlingGleam|Timid||F|||50|]Garchomp||ChoiceScarf|RoughSkin|Earthquake,DragonClaw,IronHead,PoisonJab|Adamant||M|||50|]Ninetales||ShucaBerry|Drought|WillOWisp,HeatWave,HelpingHand,Protect|Timid||F|||50|
|showteam|p2|Slowbro||Slowbronite|Regenerator|Psychic,Scald,Protect,TrickRoom|Modest||M|||50|]Appletun||Leftovers|ThickFat|AppleAcid,DragonPulse,Protect,LeechSeed|Sassy||M|||50|]Incineroar||SitrusBerry|Intimidate|FakeOut,PartingShot,FlareBlitz,DarkestLariat|Careful||F|||50|]Conkeldurr||LifeOrb|IronFist|MachPunch,DrainPunch,Protect,KnockOff|Brave||F|||50|]Gholdengo|||GoodasGold|MakeItRain,ShadowBall,Protect,NastyPlot|Modest|||||50|]Aerodactyl||Aerodactylite|Unnerve|RockSlide,DualWingbeat,Protect,Tailwind|Jolly||M|||50|
|inactive|Battle timer is ON: inactive players will automatically lose when time's up. (requested by chocokoala vgc)
|
|t:|1785079497
|teamsize|p1|4
|teamsize|p2|4
|start
|switch|p1a: Aerodactyl|Aerodactyl, L50, F|100/100
|switch|p1b: Sneasler|Sneasler, L50, M|100/100
|switch|p2a: Incineroar|Incineroar, L50, F|100/100
|switch|p2b: Slowbro|Slowbro, L50, M|100/100
|-ability|p1a: Aerodactyl|Unnerve
|-ability|p2a: Incineroar|Intimidate|boost
|-unboost|p1a: Aerodactyl|atk|1
|-unboost|p1b: Sneasler|atk|1
|turn|1
|inactive|bigpapalopa has 30 seconds left.
|
|t:|1785079531
|switch|p1a: Incineroar|Incineroar, L50, M|100/100
|-ability|p1a: Incineroar|Intimidate|boost
|-unboost|p2a: Incineroar|atk|1
|-unboost|p2b: Slowbro|atk|1
|move|p2a: Incineroar|Fake Out|p1a: Incineroar
|-damage|p1a: Incineroar|93/100
|move|p1b: Sneasler|U-turn|p2b: Slowbro
|-supereffective|p2b: Slowbro|1
|-damage|p2b: Slowbro|70/100
|
|t:|1785079541
|switch|p1b: Aerodactyl|Aerodactyl, L50, F|100/100|[from] U-turn
|-ability|p1b: Aerodactyl|Unnerve
|move|p2b: Slowbro|Trick Room|p2b: Slowbro
|-fieldstart|move: Trick Room|[of] p2b: Slowbro
|
|upkeep
|turn|2
|
|t:|1785079557
|-heal|p2b: Slowbro|100/100|[from] ability: Regenerator|[silent]
|switch|p2b: Conkeldurr|Conkeldurr, L50, F|100/100
|move|p1a: Incineroar|Fake Out|p2a: Incineroar
|-damage|p2a: Incineroar|90/100
|cant|p2a: Incineroar|flinch
|move|p1b: Aerodactyl|Rock Slide|p2b: Conkeldurr|[spread] p2a,p2b
|-supereffective|p2a: Incineroar|1
|-resisted|p2b: Conkeldurr|1
|-damage|p2a: Incineroar|44/100
|-damage|p2b: Conkeldurr|88/100
|
|upkeep
|turn|3
|
|t:|1785079576
|move|p1a: Incineroar|Protect|p1a: Incineroar
|-singleturn|p1a: Incineroar|Protect
|move|p2b: Conkeldurr|Drain Punch|p1a: Incineroar
|-activate|p1a: Incineroar|move: Protect
|move|p2a: Incineroar|Parting Shot|p1b: Aerodactyl
|-unboost|p1b: Aerodactyl|atk|1
|-unboost|p1b: Aerodactyl|spa|1
|
|t:|1785079584
|switch|p2a: Slowbro|Slowbro, L50, M|100/100|[from] Parting Shot
|move|p1b: Aerodactyl|Dual Wingbeat|p2b: Conkeldurr
|-supereffective|p2b: Conkeldurr|1
|-damage|p2b: Conkeldurr|66/100
|-supereffective|p2b: Conkeldurr|1
|-damage|p2b: Conkeldurr|45/100
|-hitcount|p2b: Conkeldurr|2
|
|upkeep
|turn|4
|
|t:|1785079601
|switch|p1a: Sneasler|Sneasler, L50, M|100/100
|move|p2a: Slowbro|Scald|p1b: Aerodactyl
|-supereffective|p1b: Aerodactyl|1
|-damage|p1b: Aerodactyl|12/100
|move|p2b: Conkeldurr|Drain Punch|p1a: Sneasler
|-resisted|p1a: Sneasler|1
|-damage|p1a: Sneasler|42/100
|-heal|p2b: Conkeldurr|66/100|[from] drain|[of] p1a: Sneasler
|-damage|p2b: Conkeldurr|57/100|[from] item: Life Orb
|move|p1b: Aerodactyl|Dual Wingbeat|p2b: Conkeldurr
|-supereffective|p2b: Conkeldurr|1
|-damage|p2b: Conkeldurr|37/100
|-supereffective|p2b: Conkeldurr|1
|-damage|p2b: Conkeldurr|16/100
|-hitcount|p2b: Conkeldurr|2
|
|upkeep
|turn|5
|inactive|chocokoala vgc has 30 seconds left.
|inactive|chocokoala vgc has 20 seconds left.
|
|t:|1785079639
|switch|p1a: Incineroar|Incineroar, L50, M|93/100
|-ability|p1a: Incineroar|Intimidate|boost
|-unboost|p2a: Slowbro|atk|1
|-unboost|p2b: Conkeldurr|atk|1
|move|p2a: Slowbro|Scald|p1b: Aerodactyl
|-supereffective|p1b: Aerodactyl|1
|-damage|p1b: Aerodactyl|0 fnt
|faint|p1b: Aerodactyl
|move|p2b: Conkeldurr|Drain Punch|p1a: Incineroar
|-supereffective|p1a: Incineroar|1
|-damage|p1a: Incineroar|18/100
|-heal|p2b: Conkeldurr|52/100|[from] drain|[of] p1a: Incineroar
|-enditem|p1a: Incineroar|Sitrus Berry|[eat]
|-heal|p1a: Incineroar|43/100|[from] item: Sitrus Berry
|-damage|p2b: Conkeldurr|42/100|[from] item: Life Orb
|
|-fieldend|move: Trick Room
|upkeep
|
|t:|1785079656
|switch|p1b: Delphox|Delphox, L50, F, shiny|100/100
|turn|6
|
|t:|1785079677
|switch|p2b: Incineroar|Incineroar, L50, F|44/100
|-enditem|p2b: Incineroar|Sitrus Berry|[eat]
|-heal|p2b: Incineroar|69/100|[from] item: Sitrus Berry
|-ability|p2b: Incineroar|Intimidate|boost
|-unboost|p1a: Incineroar|atk|1
|-unboost|p1b: Delphox|atk|1
|detailschange|p1b: Delphox|Delphox-Mega, L50, F, shiny
|-mega|p1b: Delphox|Delphox|Delphoxite
|move|p2a: Slowbro|Protect|p2a: Slowbro
|-singleturn|p2a: Slowbro|Protect
|move|p1a: Incineroar|Fake Out|p2b: Incineroar
|-damage|p2b: Incineroar|62/100
|move|p1b: Delphox|Shadow Ball|p2a: Slowbro
|-activate|p2a: Slowbro|move: Protect
|
|upkeep
|turn|7
|
|t:|1785079693
|switch|p1b: Sneasler|Sneasler, L50, M|42/100
|move|p1a: Incineroar|Protect|p1a: Incineroar
|-singleturn|p1a: Incineroar|Protect
|move|p2b: Incineroar|Fake Out|p1b: Sneasler
|-damage|p1b: Sneasler|25/100
|move|p2a: Slowbro|Trick Room|p2a: Slowbro
|-fieldstart|move: Trick Room|[of] p2a: Slowbro
|
|upkeep
|turn|8
|-message|bigpapalopa forfeited.
|raw|bigpapalopa's rating: 1066 → 1054(-12 for losing)
|raw|chocokoala vgc's rating: 1207 → 1222(+15 for winning)
|
|win|chocokoala vgc
