|j|☆liuk999
|j|☆TeyVgc
|html|liuk999TeyVgc    
|uhtml|bestof|Game 2 of a best-of-3
|t:|1783020159
|gametype|doubles
|player|p1|liuk999|depotagent|1090
|player|p2|TeyVgc|rood|1142
|gen|9
|tier|[Gen 9 Champions] VGC 2026 Reg M-B (Bo3)
|rated|
|rule|Species Clause: Limit one of each Pokémon
|rule|Item Clause: Limit 1 of each item
|clearpoke
|poke|p1|Scolipede, L50, F, shiny|
|poke|p1|Sableye, L50, F, shiny|
|poke|p1|Pelipper, L50, F|
|poke|p1|Archaludon, L50, F, shiny|
|poke|p1|Sinistcha, L50, shiny|
|poke|p1|Raichu, L50, M, shiny|
|poke|p2|Tyranitar, L50, M|
|poke|p2|Excadrill, L50, F|
|poke|p2|Rotom-Wash, L50|
|poke|p2|Sinistcha, L50|
|poke|p2|Corviknight, L50, F|
|poke|p2|Houndstone, L50, F|
|teampreview|4
|showteam|p1|Scolipede||Scolipite|SpeedBoost|LeechLife,PoisonJab,SwordsDance,Protect|Careful||F|||50|]Sableye||LightClay|Prankster|Encore,LightScreen,RainDance,Reflect|Sassy||F|||50|]Pelipper||SitrusBerry|Drizzle|Hurricane,WeatherBall,Protect,Tailwind|Timid||F|||50|]Archaludon||Leftovers|Stamina|ElectroShot,DragonPulse,FlashCannon,Protect|Modest||F|||50|]Sinistcha||KasibBerry|Hospitality|Protect,MatchaGotcha,RagePowder,LifeDew|Calm|||||50|]Raichu||RaichuniteX|LightningRod|FakeOut,VoltTackle,BrickBreak,Protect|Jolly||M|||50|
|showteam|p2|Tyranitar||Tyranitarite|SandStream|RockSlide,KnockOff,LowKick,Protect|Adamant||M|||50|]Excadrill||FocusSash|SandRush|IronHead,Protect,Earthquake,RockSlide|Adamant||F|||50|]Rotom-Wash||ChoiceScarf|Levitate|VoltSwitch,HydroPump,Electroweb,Thunderbolt|Modest|||||50|]Sinistcha||SitrusBerry|Hospitality|RagePowder,MatchaGotcha,StrengthSap,TrickRoom|Bold|||||50|]Corviknight||Leftovers|MirrorArmor|BulkUp,BraveBird,Roost,Tailwind|Careful||F|||50|]Houndstone||SpellTag|SandRush|LastRespects,PhantomForce,WillOWisp,Protect|Adamant||F|||50|
|inactive|Battle timer is ON: inactive players will automatically lose when time's up. (requested by liuk999)
|
|t:|1783020212
|teamsize|p1|4
|teamsize|p2|4
|start
|switch|p1a: Pelipper|Pelipper, L50, F|100/100
|switch|p1b: Raichu|Raichu, L50, M, shiny|100/100
|switch|p2a: Excadrill|Excadrill, L50, F|100/100
|switch|p2b: Rotom|Rotom-Wash, L50|100/100
|-weather|RainDance|[from] ability: Drizzle|[of] p1a: Pelipper
|turn|1
|
|t:|1783020227
|move|p1b: Raichu|Fake Out|p2a: Excadrill
|-resisted|p2a: Excadrill|1
|-damage|p2a: Excadrill|91/100
|move|p2b: Rotom|Electroweb|p1b: Raichu|[spread] p1a
|-ability|p1b: Raichu|Lightning Rod|boost
|-boost|p1b: Raichu|spa|1
|-supereffective|p1a: Pelipper|2
|-damage|p1a: Pelipper|0 fnt
|faint|p1a: Pelipper
|cant|p2a: Excadrill|flinch
|
|-weather|RainDance|[upkeep]
|upkeep
|
|t:|1783020237
|switch|p1a: Archaludon|Archaludon, L50, F, shiny|100/100
|turn|2
|
|t:|1783020246
|switch|p2b: Tyranitar|Tyranitar, L50, M|100/100
|-weather|Sandstorm|[from] ability: Sand Stream|[of] p2b: Tyranitar
|detailschange|p1b: Raichu|Raichu-Mega-X, L50, M, shiny
|-mega|p1b: Raichu|Raichu|Raichunite X
|-fieldstart|move: Electric Terrain|[from] ability: Electric Surge|[of] p1b: Raichu
|move|p2a: Excadrill|Protect|p2a: Excadrill
|-singleturn|p2a: Excadrill|Protect
|move|p1b: Raichu|Brick Break|p2a: Excadrill
|-activate|p2a: Excadrill|move: Protect
|move|p1a: Archaludon|Electro Shot||[still]
|-prepare|p1a: Archaludon|Electro Shot
|-boost|p1a: Archaludon|spa|1
|
|-weather|Sandstorm|[upkeep]
|-damage|p1b: Raichu|94/100|[from] Sandstorm
|upkeep
|turn|3
|inactive|liuk999 has 30 seconds left.
|
|t:|1783020275
|switch|p2b: Rotom|Rotom-Wash, L50|100/100
|move|p2a: Excadrill|Earthquake|p1a: Archaludon|[spread] p1a,p1b
|-immune|p2b: Rotom|[from] ability: Levitate
|-supereffective|p1a: Archaludon|1
|-supereffective|p1b: Raichu|1
|-damage|p1a: Archaludon|38/100
|-damage|p1b: Raichu|0 fnt
|-ability|p1a: Archaludon|Stamina|boost
|-boost|p1a: Archaludon|def|1
|faint|p1b: Raichu
|move|p1a: Archaludon|Electro Shot|p2b: Rotom|[from] lockedmove
|-damage|p2b: Rotom|0 fnt
|faint|p2b: Rotom
|
|-weather|Sandstorm|[upkeep]
|-heal|p1a: Archaludon|44/100|[from] item: Leftovers
|upkeep
|
|t:|1783020292
|switch|p1b: Sinistcha|Sinistcha, L50, shiny|100/100
|switch|p2b: Tyranitar|Tyranitar, L50, M|100/100
|-heal|p1a: Archaludon|69/100|[from] ability: Hospitality|[of] p1b: Sinistcha
|turn|4
|
|t:|1783020306
|detailschange|p2b: Tyranitar|Tyranitar-Mega, L50, M
|-mega|p2b: Tyranitar|Tyranitar|Tyranitarite
|move|p1a: Archaludon|Protect|p1a: Archaludon
|-singleturn|p1a: Archaludon|Protect
|move|p2a: Excadrill|Iron Head|p1b: Sinistcha
|-damage|p1b: Sinistcha|59/100
|move|p2b: Tyranitar|Knock Off|p1b: Sinistcha
|-supereffective|p1b: Sinistcha|1
|-damage|p1b: Sinistcha|0 fnt
|-enditem|p1b: Sinistcha|Kasib Berry|[from] move: Knock Off|[of] p2b: Tyranitar
|faint|p1b: Sinistcha
|
|-weather|Sandstorm|[upkeep]
|-heal|p1a: Archaludon|76/100|[from] item: Leftovers
|upkeep
|turn|5
|
|t:|1783020319
|move|p2b: Tyranitar|Protect|p2b: Tyranitar
|-singleturn|p2b: Tyranitar|Protect
|move|p2a: Excadrill|Earthquake|p1a: Archaludon|[spread] p1a
|-activate|p2b: Tyranitar|move: Protect
|-supereffective|p1a: Archaludon|1
|-damage|p1a: Archaludon|32/100
|-ability|p1a: Archaludon|Stamina|boost
|-boost|p1a: Archaludon|def|1
|move|p1a: Archaludon|Dragon Pulse|p2a: Excadrill
|-resisted|p2a: Excadrill|1
|-damage|p2a: Excadrill|50/100g
|
|-weather|Sandstorm|[upkeep]
|-heal|p1a: Archaludon|38/100|[from] item: Leftovers
|upkeep
|turn|6
|
|t:|1783020334
|move|p2a: Excadrill|Protect|p2a: Excadrill
|-singleturn|p2a: Excadrill|Protect
|move|p1a: Archaludon|Protect|p1a: Archaludon
|-singleturn|p1a: Archaludon|Protect
|move|p2b: Tyranitar|Low Kick|p1a: Archaludon
|-activate|p1a: Archaludon|move: Protect
|
|-weather|none
|-heal|p1a: Archaludon|44/100|[from] item: Leftovers
|-fieldend|move: Electric Terrain
|upkeep
|turn|7
|
|t:|1783020352
|move|p2b: Tyranitar|Protect|p2b: Tyranitar
|-singleturn|p2b: Tyranitar|Protect
|move|p2a: Excadrill|Earthquake|p1a: Archaludon|[spread] p1a
|-activate|p2b: Tyranitar|move: Protect
|-supereffective|p1a: Archaludon|1
|-damage|p1a: Archaludon|12/100
|-ability|p1a: Archaludon|Stamina|boost
|-boost|p1a: Archaludon|def|1
|move|p1a: Archaludon|Flash Cannon|p2b: Tyranitar
|-activate|p2b: Tyranitar|move: Protect
|
|-heal|p1a: Archaludon|18/100|[from] item: Leftovers
|upkeep
|turn|8
|
|t:|1783020365
|move|p2a: Excadrill|Protect|p2a: Excadrill
|-singleturn|p2a: Excadrill|Protect
|move|p1a: Archaludon|Protect|p1a: Archaludon
|-singleturn|p1a: Archaludon|Protect
|move|p2b: Tyranitar|Low Kick|p1a: Archaludon
|-activate|p1a: Archaludon|move: Protect
|
|-heal|p1a: Archaludon|25/100|[from] item: Leftovers
|upkeep
|turn|9
|
|t:|1783020374
|move|p2b: Tyranitar|Protect|p2b: Tyranitar
|-singleturn|p2b: Tyranitar|Protect
|move|p2a: Excadrill|Earthquake|p1a: Archaludon|[spread] p1a
|-activate|p2b: Tyranitar|move: Protect
|-supereffective|p1a: Archaludon|1
|-damage|p1a: Archaludon|0 fnt
|faint|p1a: Archaludon
|
|win|TeyVgc
|raw|liuk999's rating: 1090 → 1070(-20 for losing)
|raw|TeyVgc's rating: 1142 → 1163(+21 for winning)
