|j|☆Koraidonkoalition
|j|☆glofer
|html|Koraidonkoalitionglofer    
|uhtml|bestof|Game 1 of a best-of-3
|t:|1785420445
|gametype|doubles
|player|p1|Koraidonkoalition|colress|1098
|player|p2|glofer|blackbelt|1067
|gen|9
|tier|[Gen 9 Champions] VGC 2026 Reg M-B (Bo3)
|rated|
|rule|Species Clause: Limit one of each Pokémon
|rule|Item Clause: Limit 1 of each item
|clearpoke
|poke|p1|Delphox, L50, F|
|poke|p1|Garchomp, L50, M|
|poke|p1|Sneasler, L50, F|
|poke|p1|Staraptor, L50, M|
|poke|p1|Kingambit, L50, M|
|poke|p1|Whimsicott, L50, F|
|poke|p2|Bellibolt, L50, M|
|poke|p2|Raichu, L50, F|
|poke|p2|Manectric, L50, F|
|poke|p2|Eelektross, L50, M|
|poke|p2|Emolga, L50, F|
|poke|p2|Heliolisk, L50, M|
|teampreview|4
|showteam|p1|Delphox||Delphoxite|Blaze|HeatWave,Psychic,Substitute,Protect|Modest||F|||50|]Garchomp||LifeOrb|RoughSkin|Earthquake,DragonClaw,RockSlide,Protect|Jolly||M|||50|]Sneasler||FocusSash|Unburden|CloseCombat,DireClaw,RockTomb,FakeOut|Naive||F|||50|]Staraptor||Staraptite|Intimidate|CloseCombat,DualWingbeat,Roost,Protect|Jolly||M|||50|]Kingambit||ChopleBerry|Defiant|KowtowCleave,SuckerPunch,IronHead,LowKick|Adamant||M|||50|]Whimsicott||OccaBerry|Prankster|Moonblast,Charm,Tailwind,LightScreen|Timid||F|||50|
|showteam|p2|Bellibolt||Leftovers|Electromorphosis|ParabolicCharge,AcidSpray,Soak,Protect|Modest||M|||50|]Raichu||RaichuniteY|LightningRod|ZapCannon,FocusBlast,FakeOut,Protect|Timid||F|||50|]Manectric||Manectite|LightningRod|VoltSwitch,Flamethrower,Snarl,Protect|Timid||F|||50|]Eelektross||LifeOrb|Levitate|SupercellSlam,DrainPunch,Bulldoze,Coil|Brave||M|||50|]Emolga||FocusSash|MotorDrive|Electroweb,AirSlash,LightScreen,Protect|Timid||F|||50|]Heliolisk||ChoiceScarf|DrySkin|Thunderbolt,HyperVoice,DragonPulse,DarkPulse|Timid||M|||50|
|inactive|Battle timer is ON: inactive players will automatically lose when time's up. (requested by glofer)
|inactive|Koraidonkoalition has 60 seconds left.
|
|t:|1785420495
|teamsize|p1|4
|teamsize|p2|4
|start
|switch|p1a: Delphox|Delphox, L50, F|100/100
|switch|p1b: Sneasler|Sneasler, L50, F|100/100
|switch|p2a: Raichu|Raichu, L50, F|100/100
|switch|p2b: Emolga|Emolga, L50, F|100/100
|turn|1
|
|t:|1785420518
|switch|p1b: Whimsicott|Whimsicott, L50, F|100/100
|detailschange|p2a: Raichu|Raichu-Mega-Y, L50, F
|-mega|p2a: Raichu|Raichu|Raichunite Y
|detailschange|p1a: Delphox|Delphox-Mega, L50, F
|-mega|p1a: Delphox|Delphox|Delphoxite
|move|p2a: Raichu|Fake Out|p1b: Whimsicott
|-damage|p1b: Whimsicott|90/100
|move|p2b: Emolga|Light Screen|p2b: Emolga
|-sidestart|p2: glofer|move: Light Screen
|move|p1a: Delphox|Heat Wave|p2a: Raichu|[spread] p2a,p2b
|-damage|p2a: Raichu|49/100
|-damage|p2b: Emolga|39/100
|
|upkeep
|turn|2
|inactive|glofer has 30 seconds left.
|
|t:|1785420544
|switch|p2a: Bellibolt|Bellibolt, L50, M|100/100
|move|p1b: Whimsicott|Tailwind|p1b: Whimsicott
|-sidestart|p1: Koraidonkoalition|move: Tailwind
|move|p1a: Delphox|Heat Wave|p2b: Emolga|[spread] p2a,p2b
|-damage|p2a: Bellibolt|68/100
|-damage|p2b: Emolga|0 fnt
|-start|p2a: Bellibolt|Charge|Heat Wave|[from] ability: Electromorphosis
|faint|p2b: Emolga
|
|-heal|p2a: Bellibolt|74/100|[from] item: Leftovers
|upkeep
|
|t:|1785420555
|switch|p2b: Eelektross|Eelektross, L50, M|100/100
|turn|3
|
|t:|1785420563
|move|p1a: Delphox|Protect|p1a: Delphox
|-singleturn|p1a: Delphox|Protect
|move|p1b: Whimsicott|Light Screen|p1b: Whimsicott
|-sidestart|p1: Koraidonkoalition|move: Light Screen
|move|p2a: Bellibolt|Parabolic Charge|p1b: Whimsicott|[spread] p2b,p1b
|-activate|p1a: Delphox|move: Protect
|-resisted|p2b: Eelektross|1
|-resisted|p1b: Whimsicott|1
|-damage|p2b: Eelektross|83/100
|-heal|p2a: Bellibolt|81/100|[from] drain|[of] p2b: Eelektross
|-damage|p1b: Whimsicott|68/100
|-heal|p2a: Bellibolt|90/100|[from] drain|[of] p1b: Whimsicott
|-end|p2a: Bellibolt|Charge|[silent]
|move|p2b: Eelektross|Coil|p2b: Eelektross
|-boost|p2b: Eelektross|atk|1
|-boost|p2b: Eelektross|def|1
|-boost|p2b: Eelektross|accuracy|1
|
|-heal|p2a: Bellibolt|96/100|[from] item: Leftovers
|upkeep
|turn|4
|
|t:|1785420585
|move|p1b: Whimsicott|Charm|p2b: Eelektross
|-unboost|p2b: Eelektross|atk|2
|move|p1a: Delphox|Psychic|p2b: Eelektross
|-damage|p2b: Eelektross|35/100
|move|p2a: Bellibolt|Acid Spray|p1b: Whimsicott
|-supereffective|p1b: Whimsicott|2
|-damage|p1b: Whimsicott|20/100y
|-unboost|p1b: Whimsicott|spd|2
|move|p2b: Eelektross|Supercell Slam|p1a: Delphox
|-damage|p1a: Delphox|55/100
|-damage|p2b: Eelektross|25/100|[from] item: Life Orb
|
|-heal|p2a: Bellibolt|100/100|[from] item: Leftovers
|upkeep
|turn|5
|inactive|Koraidonkoalition has 30 seconds left.
|inactive|glofer has 30 seconds left.
|
|t:|1785420617
|move|p1b: Whimsicott|Moonblast|p2a: Bellibolt
|-damage|p2a: Bellibolt|81/100
|-start|p2a: Bellibolt|Charge|Moonblast|[from] ability: Electromorphosis
|move|p1a: Delphox|Heat Wave|p2a: Bellibolt|[spread] p2a,p2b
|-crit|p2b: Eelektross
|-damage|p2a: Bellibolt|53/100
|-damage|p2b: Eelektross|0 fnt
|-start|p2a: Bellibolt|Charge|Heat Wave|[from] ability: Electromorphosis
|faint|p2b: Eelektross
|move|p2a: Bellibolt|Acid Spray|p1a: Delphox
|-damage|p1a: Delphox|46/100
|-unboost|p1a: Delphox|spd|2
|
|-heal|p2a: Bellibolt|59/100|[from] item: Leftovers
|-sideend|p2: glofer|move: Light Screen
|-sideend|p1: Koraidonkoalition|move: Tailwind
|upkeep
|
|t:|1785420626
|switch|p2b: Raichu|Raichu-Mega-Y, L50, F|49/100
|turn|6
|
|t:|1785420636
|move|p1a: Delphox|Protect|p1a: Delphox
|-singleturn|p1a: Delphox|Protect
|move|p2b: Raichu|Fake Out|p1b: Whimsicott
|-damage|p1b: Whimsicott|11/100
|cant|p1b: Whimsicott|flinch
|move|p2a: Bellibolt|Acid Spray|p1b: Whimsicott
|-supereffective|p1b: Whimsicott|2
|-crit|p1b: Whimsicott
|-damage|p1b: Whimsicott|0 fnt
|faint|p1b: Whimsicott
|
|-heal|p2a: Bellibolt|65/100|[from] item: Leftovers
|upkeep
|
|t:|1785420640
|switch|p1b: Garchomp|Garchomp, L50, M|100/100
|turn|7
|
|t:|1785420657
|move|p2b: Raichu|Zap Cannon|p1a: Delphox
|-damage|p1a: Delphox|0 fnt
|faint|p1a: Delphox
|move|p1b: Garchomp|Earthquake|p2b: Raichu|[spread] p2a,p2b
|-supereffective|p2a: Bellibolt|1
|-supereffective|p2b: Raichu|1
|-damage|p2a: Bellibolt|0 fnt
|-damage|p2b: Raichu|0 fnt
|faint|p2a: Bellibolt
|faint|p2b: Raichu
|-damage|p1b: Garchomp|90/100|[from] item: Life Orb
|
|win|Koraidonkoalition
