|j|☆Vgcgen
|j|☆geardox
|html|Vgcgengeardox    
|uhtml|bestof|Game 1 of a best-of-3
|t:|1756570300
|gametype|doubles
|player|p1|Vgcgen|2|1039
|player|p2|geardox|cyclist|1075
|gen|9
|tier|[Gen 9] VGC 2025 Reg H (Bo3)
|rated|
|rule|Species Clause: Limit one of each Pokémon
|rule|Item Clause: Limit 1 of each item
|clearpoke
|poke|p1|Archaludon, L50, F|
|poke|p1|Politoed, L50, F|
|poke|p1|Gothitelle, L50, M|
|poke|p1|Kingdra, L50, M|
|poke|p1|Incineroar, L50, M|
|poke|p1|Amoonguss, L50, M|
|poke|p2|Sneasler, L50, M|
|poke|p2|Garchomp, L50, M|
|poke|p2|Corviknight, L50, F|
|poke|p2|Archaludon, L50, M|
|poke|p2|Amoonguss, L50, F|
|poke|p2|Incineroar, L50, M|
|teampreview|4
|showteam|p1|Archaludon||PowerHerb|Sturdy|ElectroShot,FlashCannon,DragonPulse,Protect|||F|||50|,,,,,Electric]Politoed||Leftovers|Drizzle|WeatherBall,PerishSong,Encore,Protect|||F|||50|,,,,,Grass]Gothitelle||SitrusBerry|ShadowTag|Psychic,FakeOut,TrickRoom,Protect|||M|||50|,,,,,Dark]Kingdra||LifeOrb|SwiftSwim|DracoMeteor,WeatherBall,MuddyWater,Protect|||M|||50|,,,,,Stellar]Incineroar||SafetyGoggles|Intimidate|FakeOut,KnockOff,PartingShot,Protect|||M|||50|,,,,,Ghost]Amoonguss||EjectButton|Regenerator|Spore,RagePowder,PollenPuff,Protect|||M|||50|,,,,,Fairy
|showteam|p2|Sneasler||FocusSash|Unburden|DireClaw,CloseCombat,ThroatChop,Coaching|||M|||50|,,,,,Ghost]Garchomp||LifeOrb|RoughSkin|Protect,Earthquake,DragonClaw,StompingTantrum|||M|||50|,,,,,Ground]Corviknight||SitrusBerry|MirrorArmor|BraveBird,Tailwind,Roost,IronHead|||F|||50|,,,,,Fire]Archaludon||PowerHerb|Stamina|Protect,DracoMeteor,FlashCannon,ElectroShot|||M|||50|,,,,,Dragon]Amoonguss||RockyHelmet|Regenerator|ClearSmog,RagePowder,Spore,PollenPuff|||F|||50|,,,,,Water]Incineroar||AssaultVest|Intimidate|KnockOff,FlareBlitz,FakeOut,Uturn|||M|||50|,,,,,Ghost
|c|☆geardox|glhf
|inactive|Battle timer is ON: inactive players will automatically lose when time's up. (requested by geardox)
|inactive|geardox has 60 seconds left.
|
|t:|1756570358
|teamsize|p1|4
|teamsize|p2|4
|start
|switch|p1a: Gothitelle|Gothitelle, L50, M, shiny|100/100
|switch|p1b: Politoed|Politoed, L50, F, shiny|100/100
|switch|p2a: Stinky Pete|Garchomp, L50, M|100/100
|switch|p2b: Riku|Sneasler, L50, M|100/100
|-weather|RainDance|[from] ability: Drizzle|[of] p1b: Politoed
|turn|1
|inactive|Vgcgen has 30 seconds left.
|
|t:|1756570383
|-terastallize|p2a: Stinky Pete|Ground
|move|p1a: Gothitelle|Fake Out|p2b: Riku
|-crit|p2b: Riku
|-damage|p2b: Riku|86/100
|cant|p2b: Riku|flinch
|move|p2a: Stinky Pete|Earthquake|p1b: Politoed|[spread] p2b,p1a,p1b
|-supereffective|p2b: Riku
|-damage|p2b: Riku|0 fnt
|-damage|p1a: Gothitelle|39/100
|-damage|p1b: Politoed|32/100
|-enditem|p1a: Gothitelle|Sitrus Berry|[eat]
|-heal|p1a: Gothitelle|64/100|[from] item: Sitrus Berry
|faint|p2b: Riku
|-damage|p2a: Stinky Pete|91/100|[from] item: Life Orb
|move|p1b: Politoed|Perish Song|p1b: Politoed
|-start|p1a: Gothitelle|perish3|[silent]
|-start|p1b: Politoed|perish3|[silent]
|-start|p2a: Stinky Pete|perish3|[silent]
|-fieldactivate|move: Perish Song
|
|-weather|RainDance|[upkeep]
|-heal|p1b: Politoed|38/100|[from] item: Leftovers
|-start|p2a: Stinky Pete|perish3
|-start|p1a: Gothitelle|perish3
|-start|p1b: Politoed|perish3
|upkeep
|
|t:|1756570402
|switch|p2b: Chica|Corviknight, L50, F|100/100
|turn|2
|
|t:|1756570412
|move|p1a: Gothitelle|Protect|p1a: Gothitelle
|-singleturn|p1a: Gothitelle|Protect
|move|p1b: Politoed|Protect|p1b: Politoed
|-singleturn|p1b: Politoed|Protect
|move|p2a: Stinky Pete|Earthquake|p1b: Politoed|[spread] 
|-activate|p1a: Gothitelle|move: Protect
|-activate|p1b: Politoed|move: Protect
|-immune|p2b: Chica
|move|p2b: Chica|Tailwind|p2b: Chica
|-sidestart|p2: geardox|move: Tailwind
|
|-weather|RainDance|[upkeep]
|-heal|p1b: Politoed|44/100|[from] item: Leftovers
|-start|p2a: Stinky Pete|perish2
|-start|p1a: Gothitelle|perish2
|-start|p1b: Politoed|perish2
|upkeep
|turn|3
|inactive|geardox has 30 seconds left.
|
|t:|1756570437
|switch|p1a: Amoonguss|Amoonguss, L50, M, shiny|100/100
|switch|p1b: Incineroar|Incineroar, L50, M, shiny|100/100
|-ability|p1b: Incineroar|Intimidate|boost
|-unboost|p2a: Stinky Pete|atk|1
|-ability|p2b: Chica|Mirror Armor
|-unboost|p1b: Incineroar|atk|1
|move|p2a: Stinky Pete|Earthquake|p1b: Incineroar|[spread] p1a,p1b
|-immune|p2b: Chica
|-crit|p1a: Amoonguss
|-supereffective|p1b: Incineroar
|-damage|p1a: Amoonguss|18/100
|-damage|p1b: Incineroar|8/100
|-enditem|p1a: Amoonguss|Eject Button
|-damage|p2a: Stinky Pete|81/100|[from] item: Life Orb
|
|t:|1756570452
|switch|p1a: Gothitelle|Gothitelle, L50, M, shiny|64/100
|move|p2b: Chica|Brave Bird|p1a: Gothitelle
|-crit|p1a: Gothitelle
|-damage|p1a: Gothitelle|9/100
|-damage|p2b: Chica|85/100|[from] Recoil
|
|-weather|RainDance|[upkeep]
|-start|p2a: Stinky Pete|perish1
|upkeep
|turn|4
|
|t:|1756570474
|move|p1b: Incineroar|Protect|p1b: Incineroar
|-singleturn|p1b: Incineroar|Protect
|move|p1a: Gothitelle|Protect|p1a: Gothitelle
|-singleturn|p1a: Gothitelle|Protect
|move|p2a: Stinky Pete|Earthquake|p1b: Incineroar|[spread] 
|-activate|p1a: Gothitelle|move: Protect
|-activate|p1b: Incineroar|move: Protect
|-immune|p2b: Chica
|move|p2b: Chica|Brave Bird|p1b: Incineroar
|-activate|p1b: Incineroar|move: Protect
|
|-weather|RainDance|[upkeep]
|-start|p2a: Stinky Pete|perish0
|faint|p2a: Stinky Pete
|upkeep
|
|t:|1756570487
|switch|p2a: Big Mo|Archaludon, L50, M|100/100
|turn|5
|
|t:|1756570502
|switch|p1b: Amoonguss|Amoonguss, L50, M, shiny|51/100
|move|p2a: Big Mo|Electro Shot||[still]
|-prepare|p2a: Big Mo|Electro Shot
|-boost|p2a: Big Mo|spa|1
|-anim|p2a: Big Mo|Electro Shot|p1b: Amoonguss
|-resisted|p1b: Amoonguss
|-damage|p1b: Amoonguss|22/100
|move|p2b: Chica|Brave Bird|p1a: Gothitelle
|-crit|p1a: Gothitelle
|-damage|p1a: Gothitelle|0 fnt
|faint|p1a: Gothitelle
|-damage|p2b: Chica|82/100|[from] Recoil
|
|-weather|none
|-sideend|p2: geardox|move: Tailwind
|upkeep
|
|t:|1756570521
|switch|p1a: Politoed|Politoed, L50, F, shiny|44/100
|-weather|RainDance|[from] ability: Drizzle|[of] p1a: Politoed
|turn|6
|
|t:|1756570532
|move|p1b: Amoonguss|Rage Powder|p1b: Amoonguss
|-singleturn|p1b: Amoonguss|move: Rage Powder
|move|p2a: Big Mo|Electro Shot||[still]
|-prepare|p2a: Big Mo|Electro Shot
|-boost|p2a: Big Mo|spa|1
|-anim|p2a: Big Mo|Electro Shot|p1b: Amoonguss
|-resisted|p1b: Amoonguss
|-damage|p1b: Amoonguss|0 fnt
|faint|p1b: Amoonguss
|move|p2b: Chica|Brave Bird|p1a: Politoed
|-damage|p1a: Politoed|9/100
|-damage|p2b: Chica|71/100|[from] Recoil
|move|p1a: Politoed|Weather Ball|p2b: Chica
|-damage|p2b: Chica|37/100
|-enditem|p2b: Chica|Sitrus Berry|[eat]
|-heal|p2b: Chica|62/100|[from] item: Sitrus Berry
|
|-weather|RainDance|[upkeep]
|-heal|p1a: Politoed|15/100|[from] item: Leftovers
|upkeep
|
|t:|1756570544
|switch|p1b: Incineroar|Incineroar, L50, M, shiny|8/100
|-ability|p1b: Incineroar|Intimidate|boost
|-unboost|p2a: Big Mo|atk|1
|-ability|p2b: Chica|Mirror Armor
|-unboost|p1b: Incineroar|atk|1
|turn|7
|
|t:|1756570565
|move|p1b: Incineroar|Fake Out|p2a: Big Mo
|-resisted|p2a: Big Mo
|-damage|p2a: Big Mo|98/100
|-ability|p2a: Big Mo|Stamina|boost
|-boost|p2a: Big Mo|def|1
|cant|p2a: Big Mo|flinch
|move|p2b: Chica|Brave Bird|p1b: Incineroar
|-damage|p1b: Incineroar|0 fnt
|faint|p1b: Incineroar
|-damage|p2b: Chica|59/100|[from] Recoil
|move|p1a: Politoed|Perish Song|p1a: Politoed
|-start|p1a: Politoed|perish3|[silent]
|-start|p2a: Big Mo|perish3|[silent]
|-start|p2b: Chica|perish3|[silent]
|-fieldactivate|move: Perish Song
|
|-weather|RainDance|[upkeep]
|-heal|p1a: Politoed|21/100|[from] item: Leftovers
|-start|p2a: Big Mo|perish3
|-start|p2b: Chica|perish3
|-start|p1a: Politoed|perish3
|upkeep
|turn|8
|
|t:|1756570586
|move|p1a: Politoed|Protect|p1a: Politoed
|-singleturn|p1a: Politoed|Protect
|move|p2a: Big Mo|Electro Shot||[still]
|-prepare|p2a: Big Mo|Electro Shot
|-boost|p2a: Big Mo|spa|1
|-anim|p2a: Big Mo|Electro Shot|p1a: Politoed
|-activate|p1a: Politoed|move: Protect
|move|p2b: Chica|Tailwind|p2b: Chica
|-sidestart|p2: geardox|move: Tailwind
|
|-weather|RainDance|[upkeep]
|-heal|p1a: Politoed|27/100|[from] item: Leftovers
|-start|p2a: Big Mo|perish2
|-start|p2b: Chica|perish2
|-start|p1a: Politoed|perish2
|upkeep
|turn|9
|
|t:|1756570610
|-terastallize|p1a: Politoed|Grass
|move|p1a: Politoed|Protect||[still]
|-fail|p1a: Politoed
|move|p2a: Big Mo|Flash Cannon|p1a: Politoed
|-damage|p1a: Politoed|0 fnt
|faint|p1a: Politoed
|
|win|geardox
||Vgcgen is ready for game 2.
