|j|☆timmytheglueeater
|j|☆wittraid
|html|timmytheglueeaterwittraid    
|uhtml|bestof|Game 1 of a best-of-3
|t:|1757627760
|gametype|doubles
|player|p1|timmytheglueeater|101|1314
|player|p2|wittraid|265|1328
|gen|9
|tier|[Gen 9] VGC 2025 Reg H (Bo3)
|rated|
|rule|Species Clause: Limit one of each Pokémon
|rule|Item Clause: Limit 1 of each item
|clearpoke
|poke|p1|Dondozo, L50, F|
|poke|p1|Tatsugiri, L50, M|
|poke|p1|Ninetales-Alola, L50, M|
|poke|p1|Pawmot, L50, F|
|poke|p1|Gholdengo, L50|
|poke|p1|Corviknight, L50, F|
|poke|p2|Ursaluna, L50, F|
|poke|p2|Jumpluff, L50, F|
|poke|p2|Charizard, L50, F|
|poke|p2|Torkoal, L50, F|
|poke|p2|Incineroar, L50, F|
|poke|p2|Porygon2, L50|
|teampreview|4
|showteam|p1|Dondozo||Leftovers|Unaware|WaveCrash,OrderUp,Earthquake,Protect|||F|||50|,,,,,Steel]Tatsugiri||ChoiceScarf|Commander|MuddyWater,DracoMeteor,DragonPulse,IcyWind|||M|||50|,,,,,Ghost]Ninetales-Alola||LightClay|SnowWarning|Blizzard,FreezeDry,AuroraVeil,Protect|||M|||50|,,,,,Ghost]Pawmot||FocusSash|NaturalCure|DoubleShock,CloseCombat,FakeOut,Coaching|||F|||50|,,,,,Electric]Gholdengo||ChoiceSpecs|GoodasGold|MakeItRain,ShadowBall,PowerGem,Trick||||||50|,,,,,Steel]Corviknight||SitrusBerry|MirrorArmor|BraveBird,BulkUp,Tailwind,Roost|||F|||50|,,,,,Dragon
|showteam|p2|Ursaluna||FlameOrb|Guts|HeadlongRush,Facade,Earthquake,Protect|||F|||50|,,,,,Ghost]Jumpluff||CovertCloak|Chlorophyll|SleepPowder,SunnyDay,Tailwind,RagePowder|||F|||50|,,,,,Ghost]Charizard||ChoiceSpecs|SolarPower|AirSlash,HeatWave,Overheat,WeatherBall|||F|||50|,,,,,Ghost]Torkoal||EjectPack|Drought|HelpingHand,Eruption,Overheat,Protect|||F|||50|,,,,,Fire]Incineroar||SitrusBerry|Intimidate|FakeOut,FlareBlitz,KnockOff,PartingShot|||F|||50|,,,,,Ghost]Porygon2||Eviolite|Download|TeraBlast,IceBeam,Recover,TrickRoom||||||50|,,,,,Fighting
|inactive|Battle timer is ON: inactive players will automatically lose when time's up. (requested by timmytheglueeater)
|inactive|wittraid also wants the timer to be on.
|inactive|timmytheglueeater has 60 seconds left.
|inactive|wittraid has 60 seconds left.
|
|t:|1757627807
|teamsize|p1|4
|teamsize|p2|4
|start
|switch|p1a: Pawmot|Pawmot, L50, F|100/100
|switch|p1b: Gholdengo|Gholdengo, L50|100/100
|switch|p2a: Porygon2|Porygon2, L50|100/100
|switch|p2b: Incineroar|Incineroar, L50, F|100/100
|-ability|p2b: Incineroar|Intimidate|boost
|-unboost|p1a: Pawmot|atk|1
|-unboost|p1b: Gholdengo|atk|1
|-ability|p2a: Porygon2|Download|boost
|-boost|p2a: Porygon2|spa|1
|turn|1
|inactive|wittraid has 30 seconds left.
|inactive|timmytheglueeater has 30 seconds left.
|
|t:|1757627842
|switch|p1b: Dondozo|Dondozo, L50, F|100/100
|move|p1a: Pawmot|Fake Out|p2a: Porygon2
|-damage|p2a: Porygon2|94/100
|move|p2b: Incineroar|Fake Out|p1a: Pawmot
|-damage|p1a: Pawmot|84/100
|cant|p2a: Porygon2|flinch
|
|upkeep
|turn|2
|
|t:|1757627856
|-terastallize|p2a: Porygon2|Fighting
|move|p1a: Pawmot|Coaching|p1b: Dondozo
|-boost|p1b: Dondozo|atk|1
|-boost|p1b: Dondozo|def|1
|move|p2b: Incineroar|Parting Shot|p1b: Dondozo
|-unboost|p1b: Dondozo|atk|1
|-unboost|p1b: Dondozo|spa|1
|
|t:|1757627867
|switch|p2b: Torkoal|Torkoal, L50, F|100/100|[from] Parting Shot
|-weather|SunnyDay|[from] ability: Drought|[of] p2b: Torkoal
|move|p1b: Dondozo|Wave Crash|p2b: Torkoal
|-supereffective|p2b: Torkoal
|-damage|p2b: Torkoal|60/100
|-damage|p1b: Dondozo|90/100|[from] Recoil
|move|p2a: Porygon2|Trick Room|p2a: Porygon2
|-fieldstart|move: Trick Room|[of] p2a: Porygon2
|
|-weather|SunnyDay|[upkeep]
|-heal|p1b: Dondozo|96/100|[from] item: Leftovers
|upkeep
|turn|3
|
|t:|1757627884
|switch|p1a: Tatsugiri|Tatsugiri, L50, M|100/100
|-activate|p1a: Tatsugiri|ability: Commander|[of] p1b: Dondozo
|-boost|p1b: Dondozo|atk|2
|-boost|p1b: Dondozo|spa|2
|-boost|p1b: Dondozo|spe|2
|-boost|p1b: Dondozo|def|2
|-boost|p1b: Dondozo|spd|2
|move|p2b: Torkoal|Overheat|p1a: Tatsugiri|[miss]
|-miss|p2b: Torkoal|p1a: Tatsugiri
|move|p2a: Porygon2|Tera Blast|p1b: Dondozo|[anim] Tera Blast Fighting
|-damage|p1b: Dondozo|81/100
|move|p1b: Dondozo|Earthquake|p2a: Porygon2|[spread] p2a,p2b
|-miss|p1b: Dondozo|p1a: Tatsugiri
|-crit|p2a: Porygon2
|-supereffective|p2b: Torkoal
|-crit|p2b: Torkoal
|-damage|p2a: Porygon2|58/100
|-damage|p2b: Torkoal|0 fnt
|faint|p2b: Torkoal
|
|-weather|SunnyDay|[upkeep]
|-heal|p1b: Dondozo|87/100|[from] item: Leftovers
|upkeep
|
|t:|1757627903
|switch|p2b: Ursaluna|Ursaluna, L50, F|100/100
|turn|4
|
|t:|1757627914
|move|p2b: Ursaluna|Protect|p2b: Ursaluna
|-singleturn|p2b: Ursaluna|Protect
|move|p2a: Porygon2|Tera Blast|p1b: Dondozo|[anim] Tera Blast Fighting
|-damage|p1b: Dondozo|72/100
|move|p1b: Dondozo|Wave Crash|p2b: Ursaluna
|-activate|p2b: Ursaluna|move: Protect
|
|-weather|SunnyDay|[upkeep]
|-heal|p1b: Dondozo|78/100|[from] item: Leftovers
|-status|p2b: Ursaluna|brn|[from] item: Flame Orb
|upkeep
|turn|5
|
|t:|1757627929
|move|p1b: Dondozo|Protect|p1b: Dondozo
|-singleturn|p1b: Dondozo|Protect
|move|p2a: Porygon2|Recover|p2a: Porygon2
|-heal|p2a: Porygon2|100/100
|move|p2b: Ursaluna|Facade|p1b: Dondozo
|-activate|p1b: Dondozo|move: Protect
|
|-weather|SunnyDay|[upkeep]
|-heal|p1b: Dondozo|85/100|[from] item: Leftovers
|-damage|p2b: Ursaluna|95/100 brn|[from] brn
|upkeep
|turn|6
|
|t:|1757627946
|move|p2a: Porygon2|Tera Blast|p1b: Dondozo|[anim] Tera Blast Fighting
|-damage|p1b: Dondozo|67/100
|move|p2b: Ursaluna|Facade|p1b: Dondozo
|-damage|p1b: Dondozo|32/100
|move|p1b: Dondozo|Order Up|p2a: Porygon2
|-damage|p2a: Porygon2|73/100
|-boost|p1b: Dondozo|atk|1
|
|-weather|none
|-heal|p1b: Dondozo|39/100|[from] item: Leftovers
|-damage|p2b: Ursaluna|89/100 brn|[from] brn
|-fieldend|move: Trick Room
|upkeep
|turn|7
|
|t:|1757627960
|move|p2b: Ursaluna|Protect|p2b: Ursaluna
|-singleturn|p2b: Ursaluna|Protect
|move|p1b: Dondozo|Wave Crash|p2a: Porygon2
|-damage|p2a: Porygon2|0 fnt
|faint|p2a: Porygon2
|-damage|p1b: Dondozo|18/100|[from] Recoil
|
|-heal|p1b: Dondozo|24/100|[from] item: Leftovers
|-damage|p2b: Ursaluna|83/100 brn|[from] brn
|upkeep
|
|t:|1757627970
|switch|p2a: Incineroar|Incineroar, L50, F|100/100
|-ability|p2a: Incineroar|Intimidate|boost
|-unboost|p1a: Tatsugiri|atk|1
|-unboost|p1b: Dondozo|atk|1
|turn|8
|
|t:|1757627981
|move|p1b: Dondozo|Protect|p1b: Dondozo
|-singleturn|p1b: Dondozo|Protect
|move|p2a: Incineroar|Fake Out|p1b: Dondozo
|-activate|p1b: Dondozo|move: Protect
|move|p2b: Ursaluna|Facade|p1b: Dondozo
|-activate|p1b: Dondozo|move: Protect
|
|-heal|p1b: Dondozo|31/100|[from] item: Leftovers
|-damage|p2b: Ursaluna|77/100 brn|[from] brn
|upkeep
|turn|9
|
|t:|1757627996
|move|p1b: Dondozo|Wave Crash|p2a: Incineroar
|-supereffective|p2a: Incineroar
|-damage|p2a: Incineroar|0 fnt
|faint|p2a: Incineroar
|-damage|p1b: Dondozo|1/100|[from] Recoil
|move|p2b: Ursaluna|Facade|p1b: Dondozo
|-damage|p1b: Dondozo|0 fnt
|faint|p1b: Dondozo
|
|-damage|p2b: Ursaluna|71/100 brn|[from] brn
|upkeep
|
|t:|1757628013
|switch|p1b: Gholdengo|Gholdengo, L50|100/100
|turn|10
|
|t:|1757628017
|-terastallize|p1b: Gholdengo|Steel
|move|p1a: Tatsugiri|Muddy Water|p2b: Ursaluna
|-supereffective|p2b: Ursaluna
|-damage|p2b: Ursaluna|0 fnt
|faint|p2b: Ursaluna
|
|win|timmytheglueeater
||wittraid is ready for game 2.
||timmytheglueeater is ready for game 2.
|uhtml|next|Next: Game 2 of 3
