|j|☆cesc19
|j|☆Jirotz
|html|cesc19Jirotz    
|uhtml|bestof|Game 2 of a best-of-3
|t:|1782214491
|gametype|doubles
|player|p1|cesc19|1|1108
|player|p2|Jirotz|volkner|1000
|gen|9
|tier|[Gen 9 Champions] VGC 2026 Reg M-B (Bo3)
|rated|
|rule|Species Clause: Limit one of each Pokémon
|rule|Item Clause: Limit 1 of each item
|clearpoke
|poke|p1|Pyroar, L50, M|
|poke|p1|Venusaur, L50, M|
|poke|p1|Torkoal, L50, F|
|poke|p1|Mimikyu, L50, M|
|poke|p1|Garchomp, L50, M|
|poke|p1|Scrafty, L50, F|
|poke|p2|Scovillain, L50, F, shiny|
|poke|p2|Rotom-Wash, L50|
|poke|p2|Clefable, L50, M|
|poke|p2|Annihilape, L50, M|
|poke|p2|Farigiraf, L50, M|
|poke|p2|Dragalge, L50, F, shiny|
|teampreview|4
|showteam|p1|Pyroar||Pyroarite|Unnerve|HeatWave,SolarBeam,Overheat,Protect|Timid||M|||50|]Venusaur||FocusSash|Chlorophyll|EnergyBall,SludgeBomb,AcidSpray,Protect|Modest||M|||50|]Torkoal||Charcoal|Drought|Eruption,WeatherBall,HelpingHand,Protect|Quiet||F|||50|]Mimikyu||SitrusBerry|Disguise|PlayRough,ShadowSneak,WillOWisp,TrickRoom|Brave||M|||50|]Garchomp||LifeOrb|RoughSkin|Earthquake,DragonClaw,RockSlide,Protect|Jolly||M|||50|]Scrafty||BlackBelt|Intimidate|CloseCombat,KnockOff,IcePunch,FakeOut|Adamant||F|||50|
|showteam|p2|Scovillain||Scovillainite|Moody|Overheat,RagePowder,GigaDrain,Protect|Calm||F|||50|]Rotom-Wash||SitrusBerry|Levitate|Electroweb,HydroPump,LightScreen,Protect|Bold|||||50|]Clefable||BabiriBerry|Unaware|Moonblast,FollowMe,LifeDew,Protect|Calm||M|||50|]Annihilape||Leftovers|Defiant|RageFist,Protect,DrainPunch,BulkUp|Adamant||M|||50|]Farigiraf||ColburBerry|ArmorTail|Psychic,Thunderbolt,TrickRoom,Protect|Quiet||M|||50|]Dragalge||Dragalgite|Adaptability|Protect,Scald,SludgeBomb,DragonPulse|Relaxed||F|||50|
|inactive|Battle timer is ON: inactive players will automatically lose when time's up. (requested by cesc19)
|inactive|Jirotz has 60 seconds left.
|
|t:|1782214538
|teamsize|p1|4
|teamsize|p2|4
|start
|switch|p1a: Torkoal|Torkoal, L50, F|100/100
|switch|p1b: Venusaur|Venusaur, L50, M|100/100
|switch|p2a: Dragalge|Dragalge, L50, F, shiny|100/100
|switch|p2b: Rotom|Rotom-Wash, L50|100/100
|-weather|SunnyDay|[from] ability: Drought|[of] p1a: Torkoal
|turn|1
|inactive|cesc19 has 30 seconds left.
|inactive|Jirotz has 30 seconds left.
|
|t:|1782214567
|move|p1b: Venusaur|Acid Spray|p2a: Dragalge
|-resisted|p2a: Dragalge|1
|-damage|p2a: Dragalge|91/100
|-unboost|p2a: Dragalge|spd|2
|move|p2b: Rotom|Light Screen|p2b: Rotom
|-sidestart|p2: Jirotz|move: Light Screen
|move|p2a: Dragalge|Sludge Bomb|p1a: Torkoal
|-damage|p1a: Torkoal|33/100
|move|p1a: Torkoal|Eruption|p2b: Rotom|[spread] p2a,p2b
|-resisted|p2a: Dragalge|1
|-resisted|p2b: Rotom|1
|-damage|p2a: Dragalge|73/100
|-damage|p2b: Rotom|91/100
|
|-weather|SunnyDay|[upkeep]
|upkeep
|turn|2
|inactive|Jirotz has 30 seconds left.
|
|t:|1782214598
|move|p1b: Venusaur|Energy Ball|p2b: Rotom
|-supereffective|p2b: Rotom|1
|-damage|p2b: Rotom|39/100
|-enditem|p2b: Rotom|Sitrus Berry|[eat]
|-heal|p2b: Rotom|64/100|[from] item: Sitrus Berry
|move|p2b: Rotom|Hydro Pump|p1a: Torkoal
|-supereffective|p1a: Torkoal|1
|-damage|p1a: Torkoal|0 fnt
|faint|p1a: Torkoal
|move|p2a: Dragalge|Sludge Bomb|p1b: Venusaur
|-damage|p1b: Venusaur|40/100
|
|-weather|SunnyDay|[upkeep]
|upkeep
|
|t:|1782214612
|switch|p1a: Pyroar|Pyroar, L50, M|100/100
|-ability|p1a: Pyroar|Unnerve
|turn|3
|
|t:|1782214635
|switch|p2b: Clefable|Clefable, L50, M|100/100
|detailschange|p1a: Pyroar|Pyroar-Mega, L50, M
|-mega|p1a: Pyroar|Pyroar|Pyroarite
|move|p2a: Dragalge|Protect|p2a: Dragalge
|-singleturn|p2a: Dragalge|Protect
|move|p1b: Venusaur|Energy Ball|p2b: Clefable
|-damage|p2b: Clefable|78/100
|move|p1a: Pyroar|Heat Wave|p2a: Dragalge|[spread] p2b
|-activate|p2a: Dragalge|move: Protect
|-damage|p2b: Clefable|34/100
|
|-weather|SunnyDay|[upkeep]
|upkeep
|turn|4
|inactive|Jirotz has 30 seconds left.
|
|t:|1782214661
|switch|p2a: Rotom|Rotom-Wash, L50|64/100
|move|p2b: Clefable|Protect|p2b: Clefable
|-singleturn|p2b: Clefable|Protect
|move|p1b: Venusaur|Sludge Bomb|p2a: Rotom
|-damage|p2a: Rotom|33/100
|move|p1a: Pyroar|Heat Wave|p2a: Rotom|[spread] p2a
|-activate|p2b: Clefable|move: Protect
|-resisted|p2a: Rotom|1
|-damage|p2a: Rotom|5/100
|
|-weather|SunnyDay|[upkeep]
|upkeep
|turn|5
|
|t:|1782214686
|move|p2b: Clefable|Follow Me|p2b: Clefable
|-singleturn|p2b: Clefable|move: Follow Me
|move|p1b: Venusaur|Acid Spray|p2b: Clefable
|-supereffective|p2b: Clefable|1
|-damage|p2b: Clefable|14/100
|-unboost|p2b: Clefable|spd|2
|move|p1a: Pyroar|Heat Wave|p2b: Clefable|[spread] p2a,p2b
|-resisted|p2a: Rotom|1
|-damage|p2a: Rotom|0 fnt
|-damage|p2b: Clefable|0 fnt
|faint|p2a: Rotom
|faint|p2b: Clefable
|
|-weather|none
|-sideend|p2: Jirotz|move: Light Screen
|upkeep
|
|t:|1782214697
|switch|p2a: Annihilape|Annihilape, L50, M|100/100
|switch|p2b: Dragalge|Dragalge, L50, F, shiny|73/100
|turn|6
|
|t:|1782214715
|detailschange|p2b: Dragalge|Dragalge-Mega, L50, F, shiny
|-mega|p2b: Dragalge|Dragalge|Dragalgite
|move|p1b: Venusaur|Protect|p1b: Venusaur
|-singleturn|p1b: Venusaur|Protect
|move|p1a: Pyroar|Overheat|p2a: Annihilape
|-damage|p2a: Annihilape|28/100
|-unboost|p1a: Pyroar|spa|2
|move|p2a: Annihilape|Drain Punch|p1a: Pyroar
|-supereffective|p1a: Pyroar|1
|-damage|p1a: Pyroar|21/100
|-heal|p2a: Annihilape|62/100|[from] drain|[of] p1a: Pyroar
|move|p2b: Dragalge|Dragon Pulse|p1b: Venusaur
|-activate|p1b: Venusaur|move: Protect
|
|-heal|p2a: Annihilape|68/100|[from] item: Leftovers
|upkeep
|turn|7
|inactive|Jirotz has 30 seconds left.
|
|t:|1782214743
|switch|p1a: Garchomp|Garchomp, L50, M|100/100
|move|p1b: Venusaur|Acid Spray|p2b: Dragalge
|-resisted|p2b: Dragalge|1
|-damage|p2b: Dragalge|66/100
|-unboost|p2b: Dragalge|spd|2
|move|p2a: Annihilape|Bulk Up|p2a: Annihilape
|-boost|p2a: Annihilape|atk|1
|-boost|p2a: Annihilape|def|1
|move|p2b: Dragalge|Sludge Bomb|p1b: Venusaur
|-damage|p1b: Venusaur|0 fnt
|faint|p1b: Venusaur
|
|-heal|p2a: Annihilape|74/100|[from] item: Leftovers
|upkeep
|
|t:|1782214756
|switch|p1b: Pyroar|Pyroar-Mega, L50, M|21/100
|turn|8
|
|t:|1782214769
|move|p1b: Pyroar|Protect|p1b: Pyroar
|-singleturn|p1b: Pyroar|Protect
|move|p2a: Annihilape|Protect|p2a: Annihilape
|-singleturn|p2a: Annihilape|Protect
|move|p1a: Garchomp|Earthquake|p2a: Annihilape|[spread] p2b
|-activate|p1b: Pyroar|move: Protect
|-activate|p2a: Annihilape|move: Protect
|-supereffective|p2b: Dragalge|1
|-damage|p2b: Dragalge|0 fnt
|faint|p2b: Dragalge
|-damage|p1a: Garchomp|90/100|[from] item: Life Orb
|
|-heal|p2a: Annihilape|80/100|[from] item: Leftovers
|upkeep
|turn|9
|
|t:|1782214784
|move|p1b: Pyroar|Overheat|p2a: Annihilape
|-damage|p2a: Annihilape|9/100
|-unboost|p1b: Pyroar|spa|2
|move|p1a: Garchomp|Dragon Claw|p2a: Annihilape
|-damage|p2a: Annihilape|0 fnt
|faint|p2a: Annihilape
|-damage|p1a: Garchomp|80/100|[from] item: Life Orb
|
|win|cesc19
|raw|cesc19's rating: 1108 → 1125(+17 for winning)
|raw|Jirotz's rating: 1000 → 1000(+0 for losing)
