|j|☆RaikuDraco
|j|☆avigolvgc
|html|RaikuDracoavigolvgc    
|uhtml|bestof|Game 2 of a best-of-3
|t:|1757114612
|gametype|doubles
|player|p1|RaikuDraco|drake-gen3|1190
|player|p2|avigolvgc|265|1216
|gen|9
|tier|[Gen 9] VGC 2025 Reg H (Bo3)
|rated|
|rule|Species Clause: Limit one of each Pokémon
|rule|Item Clause: Limit 1 of each item
|clearpoke
|poke|p1|Archaludon, L50, M|
|poke|p1|Sinistcha-Masterpiece, L50|
|poke|p1|Dragonite, L50, F|
|poke|p1|Pelipper, L50, F|
|poke|p1|Ursaluna, L50, M|
|poke|p1|Gholdengo, L50|
|poke|p2|Farigiraf, L50, F|
|poke|p2|Sylveon, L50, F|
|poke|p2|Rillaboom, L50, M|
|poke|p2|Dragonite, L50, F|
|poke|p2|Incineroar, L50, M|
|poke|p2|Sneasler, L50, F|
|teampreview|4
|showteam|p1|Archaludon||AssaultVest|Stamina|BodyPress,Snarl,ElectroShot,FlashCannon|||M|||50|,,,,,Fighting]Sinistcha-Masterpiece||SitrusBerry|Hospitality|MatchaGotcha,RagePowder,TrickRoom,LifeDew||||||50|,,,,,Dark]Dragonite||LoadedDice|Multiscale|ScaleShot,Protect,Tailwind,Haze|||F|||50|,,,,,Steel]Pelipper||FocusSash|Drizzle|WeatherBall,Hurricane,Tailwind,Protect|||F|||50|,,,,,Ground]Ursaluna||FlameOrb|Guts|Facade,HeadlongRush,Earthquake,Protect|||M|||50|,,,,,Ghost]Gholdengo||ChoiceScarf|GoodasGold|MakeItRain,TeraBlast,ShadowBall,Trick||||||50|,,,,,Water
|showteam|p2|Farigiraf||ThroatSpray|ArmorTail|PsychicNoise,HyperVoice,TrickRoom,Protect|||F|||50|,,,,,Fairy]Sylveon||PixiePlate|Pixilate|HyperVoice,TeraBlast,CalmMind,Protect|||F|||50|,,,,,Fire]Rillaboom||AssaultVest|GrassySurge|WoodHammer,GrassyGlide,Uturn,FakeOut|||M|||50|,,,,,Steel]Dragonite||SafetyGoggles|InnerFocus|ExtremeSpeed,TeraBlast,DragonDance,Protect|||F|||50|,,,,,Flying]Incineroar||SitrusBerry|Intimidate|KnockOff,PartingShot,Snarl,FakeOut|||M|||50|,,,,,Water]Sneasler||FocusSash|Unburden|DireClaw,CloseCombat,Uturn,Protect|||F|||50|,,,,,Ghost
|inactive|Battle timer is ON: inactive players will automatically lose when time's up. (requested by RaikuDraco)
|inactive|RaikuDraco has 60 seconds left.
|inactive|avigolvgc has 60 seconds left.
|
|t:|1757114652
|teamsize|p1|4
|teamsize|p2|4
|start
|switch|p1a: Archaludon|Archaludon, L50, M|100/100
|switch|p1b: Pelipper|Pelipper, L50, F|100/100
|switch|p2a: Samuel|Incineroar, L50, M, shiny|100/100
|switch|p2b: Malova|Sylveon, L50, F|100/100
|-weather|RainDance|[from] ability: Drizzle|[of] p1b: Pelipper
|-ability|p2a: Samuel|Intimidate|boost
|-unboost|p1a: Archaludon|atk|1
|-unboost|p1b: Pelipper|atk|1
|turn|1
|inactive|RaikuDraco has 30 seconds left.
|inactive|avigolvgc has 30 seconds left.
|inactive|avigolvgc has 20 seconds left.
|inactive|avigolvgc has 15 seconds left.
|
|t:|1757114696
|move|p1b: Pelipper|Protect|p1b: Pelipper
|-singleturn|p1b: Pelipper|Protect
|move|p2a: Samuel|Fake Out|p1b: Pelipper
|-activate|p1b: Pelipper|move: Protect
|move|p1a: Archaludon|Electro Shot||[still]
|-prepare|p1a: Archaludon|Electro Shot
|-boost|p1a: Archaludon|spa|1
|-anim|p1a: Archaludon|Electro Shot|p2b: Malova
|-damage|p2b: Malova|63/100
|move|p2b: Malova|Calm Mind|p2b: Malova
|-boost|p2b: Malova|spa|1
|-boost|p2b: Malova|spd|1
|
|-weather|RainDance|[upkeep]
|upkeep
|turn|2
|inactive|RaikuDraco has 30 seconds left.
|inactive|RaikuDraco has 20 seconds left.
|inactive|RaikuDraco has 15 seconds left.
|
|t:|1757114736
|switch|p2a: Noroña|Rillaboom, L50, M|100/100
|-fieldstart|move: Grassy Terrain|[from] ability: Grassy Surge|[of] p2a: Noroña
|move|p2b: Malova|Protect|p2b: Malova
|-singleturn|p2b: Malova|Protect
|move|p1b: Pelipper|Weather Ball|p2a: Noroña
|-resisted|p2a: Noroña
|-damage|p2a: Noroña|75/100
|move|p1a: Archaludon|Electro Shot||[still]
|-prepare|p1a: Archaludon|Electro Shot
|-boost|p1a: Archaludon|spa|1
|-anim|p1a: Archaludon|Electro Shot|p2b: Malova
|-activate|p2b: Malova|move: Protect
|
|-weather|RainDance|[upkeep]
|-heal|p2a: Noroña|81/100|[from] Grassy Terrain
|-heal|p2b: Malova|69/100|[from] Grassy Terrain
|upkeep
|turn|3
|inactive|RaikuDraco has 30 seconds left.
|inactive|avigolvgc has 30 seconds left.
|inactive|RaikuDraco has 20 seconds left.
|inactive|RaikuDraco has 15 seconds left.
|inactive|RaikuDraco has 10 seconds left.
|
|t:|1757114782
|move|p2a: Noroña|Fake Out|p1a: Archaludon
|-resisted|p1a: Archaludon
|-damage|p1a: Archaludon|96/100
|-ability|p1a: Archaludon|Stamina|boost
|-boost|p1a: Archaludon|def|1
|move|p1b: Pelipper|Hurricane|p2a: Noroña
|-supereffective|p2a: Noroña
|-damage|p2a: Noroña|5/100
|cant|p1a: Archaludon|flinch
|move|p2b: Malova|Tera Blast|p1a: Archaludon
|-crit|p1a: Archaludon
|-damage|p1a: Archaludon|11/100
|-ability|p1a: Archaludon|Stamina|boost
|-boost|p1a: Archaludon|def|1
|
|-weather|RainDance|[upkeep]
|-heal|p2a: Noroña|11/100|[from] Grassy Terrain
|-heal|p1a: Archaludon|17/100|[from] Grassy Terrain
|-heal|p2b: Malova|75/100|[from] Grassy Terrain
|upkeep
|turn|4
|inactive|RaikuDraco has 30 seconds left.
|inactive|RaikuDraco has 20 seconds left.
|inactive|RaikuDraco has 15 seconds left.
|inactive|RaikuDraco has 10 seconds left.
|
|t:|1757114829
|move|p2b: Malova|Protect|p2b: Malova
|-singleturn|p2b: Malova|Protect
|move|p2a: Noroña|Grassy Glide|p1b: Pelipper
|-damage|p1b: Pelipper|45/100
|move|p1b: Pelipper|Weather Ball|p2a: Noroña
|-resisted|p2a: Noroña
|-damage|p2a: Noroña|0 fnt
|faint|p2a: Noroña
|move|p1a: Archaludon|Flash Cannon|p2b: Malova
|-activate|p2b: Malova|move: Protect
|
|-weather|RainDance|[upkeep]
|-heal|p1a: Archaludon|23/100|[from] Grassy Terrain
|-heal|p2b: Malova|81/100|[from] Grassy Terrain
|upkeep
|
|t:|1757114843
|switch|p2a: Samuel|Incineroar, L50, M, shiny|100/100
|-ability|p2a: Samuel|Intimidate|boost
|-unboost|p1a: Archaludon|atk|1
|-unboost|p1b: Pelipper|atk|1
|turn|5
|
|t:|1757114859
|switch|p1a: Sinistcha|Sinistcha-Masterpiece, L50|100/100
|-heal|p1b: Pelipper|70/100|[from] ability: Hospitality|[of] p1a: Sinistcha
|move|p2a: Samuel|Fake Out|p1a: Sinistcha
|-immune|p1a: Sinistcha
|move|p1b: Pelipper|Weather Ball|p2a: Samuel
|-supereffective|p2a: Samuel
|-damage|p2a: Samuel|8/100
|-enditem|p2a: Samuel|Sitrus Berry|[eat]
|-heal|p2a: Samuel|33/100|[from] item: Sitrus Berry
|move|p2b: Malova|Hyper Voice|p1b: Pelipper|[spread] p1a,p1b
|-damage|p1a: Sinistcha|31/100
|-damage|p1b: Pelipper|0 fnt
|-enditem|p1a: Sinistcha|Sitrus Berry|[eat]
|-heal|p1a: Sinistcha|56/100|[from] item: Sitrus Berry
|faint|p1b: Pelipper
|
|-weather|none
|-heal|p1a: Sinistcha|62/100|[from] Grassy Terrain
|-heal|p2a: Samuel|39/100|[from] Grassy Terrain
|-heal|p2b: Malova|87/100|[from] Grassy Terrain
|upkeep
|inactive|RaikuDraco has 30 seconds left.
|inactive|RaikuDraco has 20 seconds left.
|inactive|RaikuDraco has 15 seconds left.
|
|t:|1757114901
|switch|p1b: Gholdengo|Gholdengo, L50|100/100
|turn|6
|inactive|RaikuDraco has 30 seconds left.
|inactive|RaikuDraco has 20 seconds left.
|inactive|RaikuDraco has 15 seconds left.
|inactive|RaikuDraco has 10 seconds left.
|
|t:|1757114948
|-terastallize|p1b: Gholdengo|Water
|-terastallize|p2b: Malova|Fire
|move|p1b: Gholdengo|Tera Blast|p2b: Malova|[anim] Tera Blast Water
|-supereffective|p2b: Malova
|-damage|p2b: Malova|42/100
|move|p1a: Sinistcha|Matcha Gotcha|p2a: Samuel|[spread] p2a,p2b
|-resisted|p2a: Samuel
|-resisted|p2b: Malova
|-damage|p2a: Samuel|29/100
|-heal|p1a: Sinistcha|68/100|[from] drain|[of] p2a: Samuel
|-damage|p2b: Malova|34/100
|-heal|p1a: Sinistcha|73/100|[from] drain|[of] p2b: Malova
|move|p2a: Samuel|Snarl|p1b: Gholdengo|[spread] p1a,p1b
|-supereffective|p1a: Sinistcha
|-damage|p1a: Sinistcha|55/100
|-damage|p1b: Gholdengo|89/100
|-unboost|p1a: Sinistcha|spa|1
|-unboost|p1b: Gholdengo|spa|1
|move|p2b: Malova|Hyper Voice|p1b: Gholdengo|[spread] p1a,p1b
|-damage|p1a: Sinistcha|0 fnt
|-damage|p1b: Gholdengo|15/100
|faint|p1a: Sinistcha
|
|-heal|p1b: Gholdengo|21/100|[from] Grassy Terrain
|-heal|p2b: Malova|40/100|[from] Grassy Terrain
|-heal|p2a: Samuel|35/100|[from] Grassy Terrain
|-fieldend|move: Grassy Terrain
|upkeep
|
|t:|1757114972
|switch|p1a: Archaludon|Archaludon, L50, M|23/100
|turn|7
|
|t:|1757114984
|move|p2b: Malova|Protect|p2b: Malova
|-singleturn|p2b: Malova|Protect
|move|p1b: Gholdengo|Tera Blast|p2b: Malova|[anim] Tera Blast Water
|-activate|p2b: Malova|move: Protect
|move|p1a: Archaludon|Body Press|p2a: Samuel
|-supereffective|p2a: Samuel
|-damage|p2a: Samuel|0 fnt
|faint|p2a: Samuel
|
|upkeep
|
|t:|1757114992
|switch|p2a: Claudia|Farigiraf, L50, F, shiny|100/100
|turn|8
|inactive|RaikuDraco has 30 seconds left.
|
|t:|1757115019
|move|p2b: Malova|Protect||[still]
|-fail|p2b: Malova
|move|p1b: Gholdengo|Tera Blast|p2b: Malova|[anim] Tera Blast Water
|-supereffective|p2b: Malova
|-damage|p2b: Malova|10/100
|move|p1a: Archaludon|Snarl|p2b: Malova|[spread] p2a,p2b
|-supereffective|p2a: Claudia
|-damage|p2a: Claudia|78/100
|-damage|p2b: Malova|4/100
|-unboost|p2a: Claudia|spa|1
|-unboost|p2b: Malova|spa|1
|move|p2a: Claudia|Trick Room|p2a: Claudia
|-fieldstart|move: Trick Room|[of] p2a: Claudia
|
|upkeep
|turn|9
|inactive|RaikuDraco has 30 seconds left.
|
|t:|1757115046
|move|p2b: Malova|Hyper Voice|p1a: Archaludon|[spread] p1a,p1b
|-damage|p1a: Archaludon|0 fnt
|-damage|p1b: Gholdengo|0 fnt
|faint|p1a: Archaludon
|faint|p1b: Gholdengo
|
|win|avigolvgc
||RaikuDraco is ready for game 3.
|inactive|avigolvgc has 30 seconds to confirm battle start!
||avigolvgc is ready for game 3.
|uhtml|next|Next: Game 3 of 3
|l|☆avigolvgc
|player|p2|
