|j|☆dguerrera8
|j|☆SeymoursLeftToeVGC
|html|dguerrera8SeymoursLeftToeVGC    
|uhtml|bestof|Game 2 of a best-of-3
|t:|1782259033
|gametype|doubles
|player|p1|dguerrera8|170|1000
|player|p2|SeymoursLeftToeVGC|ninjaboy|1125
|gen|9
|tier|[Gen 9 Champions] VGC 2026 Reg M-B (Bo3)
|rated|
|rule|Species Clause: Limit one of each Pokémon
|rule|Item Clause: Limit 1 of each item
|clearpoke
|poke|p1|Charizard, L50, F, shiny|
|poke|p1|Venusaur, L50, M, shiny|
|poke|p1|Incineroar, L50, M, shiny|
|poke|p1|Sneasler, L50, M, shiny|
|poke|p1|Whimsicott, L50, F, shiny|
|poke|p1|Raichu, L50, F, shiny|
|poke|p2|Whimsicott, L50, M, shiny|
|poke|p2|Typhlosion-Hisui, L50, M, shiny|
|poke|p2|Farigiraf, L50, F|
|poke|p2|Sceptile, L50, F, shiny|
|poke|p2|Rotom-Wash, L50, shiny|
|poke|p2|Tyranitar, L50, M, shiny|
|teampreview|4
|showteam|p1|Charizard||CharizarditeY|Blaze|HeatWave,AirSlash,Protect,SolarBeam|Timid||F|||50|]Venusaur||LifeOrb|Chlorophyll|SolarBeam,SludgeBomb,Protect,EarthPower|Modest||M|||50|]Incineroar||SitrusBerry|Intimidate|FlareBlitz,ThroatChop,FakeOut,PartingShot|Careful||M|||50|]Sneasler||WhiteHerb|Unburden|CloseCombat,DireClaw,Protect,FakeOut|Jolly||M|||50|]Whimsicott||FocusSash|Prankster|DazzlingGleam,HelpingHand,Protect,Tailwind|Bold||F|||50|]Raichu||RaichuniteY|LightningRod|ZapCannon,FocusBlast,Protect,FakeOut|Modest||F|||50|
|showteam|p2|Whimsicott||FocusSash|Prankster|Moonblast,FakeTears,SunnyDay,Tailwind|Modest||M|||50|]Typhlosion-Hisui||Charcoal|Blaze|Eruption,Protect,ShadowBall,HeatWave|Modest||M|||50|]Farigiraf||LifeOrb|ArmorTail|HyperVoice,TwinBeam,Protect,HelpingHand|Modest||F|||50|]Sceptile||Sceptilite|Overgrow|FrenzyPlant,DragonPulse,Protect,GigaDrain|Timid||F|||50|]Rotom-Wash||ChoiceScarf|Levitate|HydroPump,Discharge,VoltSwitch,Electroweb|Timid|||||50|]Tyranitar||Tyranitarite|SandStream|RockSlide,KnockOff,Protect,DragonDance|Adamant||M|||50|
|inactive|Battle timer is ON: inactive players will automatically lose when time's up. (requested by SeymoursLeftToeVGC)
|inactive|SeymoursLeftToeVGC has 60 seconds left.
|
|t:|1782259074
|teamsize|p1|4
|teamsize|p2|4
|start
|switch|p1a: Incineroar|Incineroar, L50, M, shiny|100/100
|switch|p1b: Raichu|Raichu, L50, F, shiny|100/100
|switch|p2a: Typhlosion|Typhlosion-Hisui, L50, M, shiny|100/100
|switch|p2b: Whimsicott|Whimsicott, L50, M, shiny|100/100
|-ability|p1a: Incineroar|Intimidate|boost
|-unboost|p2a: Typhlosion|atk|1
|-unboost|p2b: Whimsicott|atk|1
|turn|1
|inactive|SeymoursLeftToeVGC has 30 seconds left.
|inactive|SeymoursLeftToeVGC has 20 seconds left.
|inactive|SeymoursLeftToeVGC has 15 seconds left.
|
|t:|1782259114
|detailschange|p1b: Raichu|Raichu-Mega-Y, L50, F, shiny
|-mega|p1b: Raichu|Raichu|Raichunite Y
|move|p2a: Typhlosion|Protect|p2a: Typhlosion
|-singleturn|p2a: Typhlosion|Protect
|move|p1a: Incineroar|Fake Out|p2b: Whimsicott
|-damage|p2b: Whimsicott|85/100
|cant|p2b: Whimsicott|flinch
|move|p1b: Raichu|Zap Cannon|p2b: Whimsicott
|-resisted|p2b: Whimsicott|1
|-crit|p2b: Whimsicott
|-damage|p2b: Whimsicott|0 fnt
|faint|p2b: Whimsicott
|
|upkeep
|
|t:|1782259127
|switch|p2b: Tyranitar|Tyranitar, L50, M, shiny|100/100
|-weather|Sandstorm|[from] ability: Sand Stream|[of] p2b: Tyranitar
|turn|2
|
|t:|1782259140
|detailschange|p2b: Tyranitar|Tyranitar-Mega, L50, M, shiny
|-mega|p2b: Tyranitar|Tyranitar|Tyranitarite
|move|p2b: Tyranitar|Protect|p2b: Tyranitar
|-singleturn|p2b: Tyranitar|Protect
|move|p1b: Raichu|Focus Blast|p2b: Tyranitar
|-activate|p2b: Tyranitar|move: Protect
|move|p2a: Typhlosion|Heat Wave|p1b: Raichu|[spread] p1a,p1b
|-resisted|p1a: Incineroar|1
|-damage|p1a: Incineroar|85/100
|-damage|p1b: Raichu|32/100
|move|p1a: Incineroar|Throat Chop|p2a: Typhlosion
|-supereffective|p2a: Typhlosion|1
|-damage|p2a: Typhlosion|14/100
|-start|p2a: Typhlosion|Throat Chop|[silent]
|
|-weather|Sandstorm|[upkeep]
|-damage|p1b: Raichu|26/100|[from] Sandstorm
|-damage|p2a: Typhlosion|8/100|[from] Sandstorm
|-damage|p1a: Incineroar|79/100|[from] Sandstorm
|upkeep
|turn|3
|
|t:|1782259156
|switch|p2b: Farigiraf|Farigiraf, L50, F|100/100
|move|p1b: Raichu|Protect|p1b: Raichu
|-singleturn|p1b: Raichu|Protect
|move|p2a: Typhlosion|Heat Wave|p1a: Incineroar|[spread] p1a
|-activate|p1b: Raichu|move: Protect
|-resisted|p1a: Incineroar|1
|-damage|p1a: Incineroar|56/100
|move|p1a: Incineroar|Throat Chop|p2a: Typhlosion
|-supereffective|p2a: Typhlosion|1
|-damage|p2a: Typhlosion|0 fnt
|faint|p2a: Typhlosion
|
|-weather|Sandstorm|[upkeep]
|-damage|p1b: Raichu|20/100y|[from] Sandstorm
|-damage|p2b: Farigiraf|93/100|[from] Sandstorm
|-damage|p1a: Incineroar|50/100g|[from] Sandstorm
|upkeep
|
|t:|1782259169
|switch|p2a: Tyranitar|Tyranitar-Mega, L50, M, shiny|100/100
|turn|4
|
|t:|1782259180
|move|p2a: Tyranitar|Protect|p2a: Tyranitar
|-singleturn|p2a: Tyranitar|Protect
|move|p1b: Raichu|Zap Cannon|p2b: Farigiraf
|-damage|p2b: Farigiraf|0 fnt
|faint|p2b: Farigiraf
|move|p1a: Incineroar|Parting Shot|p2a: Tyranitar
|-activate|p2a: Tyranitar|move: Protect
|
|-weather|Sandstorm|[upkeep]
|-damage|p1b: Raichu|14/100|[from] Sandstorm
|-damage|p1a: Incineroar|44/100|[from] Sandstorm
|-enditem|p1a: Incineroar|Sitrus Berry|[eat]
|-heal|p1a: Incineroar|69/100|[from] item: Sitrus Berry
|upkeep
|turn|5
|
|t:|1782259193
|move|p1b: Raichu|Focus Blast|p2a: Tyranitar
|-supereffective|p2a: Tyranitar|2
|-damage|p2a: Tyranitar|0 fnt
|faint|p2a: Tyranitar
|
|win|dguerrera8
