|j|☆cippino3
|j|☆sbhaga34
|html|cippino3sbhaga34    
|uhtml|bestof|Game 1 of a best-of-3
|t:|1784223587
|gametype|doubles
|player|p1|cippino3|poppy|1208
|player|p2|sbhaga34|hugh|1299
|gen|9
|tier|[Gen 9 Champions] VGC 2026 Reg M-B (Bo3)
|rated|
|rule|Species Clause: Limit one of each Pokémon
|rule|Item Clause: Limit 1 of each item
|clearpoke
|poke|p1|Raichu, L50, M|
|poke|p1|Whimsicott, L50, F|
|poke|p1|Kommo-o, L50, M|
|poke|p1|Maushold, L50, shiny|
|poke|p1|Gholdengo, L50|
|poke|p1|Vivillon, L50, M|
|poke|p2|Excadrill, L50, F|
|poke|p2|Tyranitar, L50, F|
|poke|p2|Corviknight, L50, F|
|poke|p2|Rotom-Wash, L50|
|poke|p2|Chandelure, L50, M|
|poke|p2|Clefable, L50, M|
|teampreview|4
|showteam|p1|Raichu||RaichuniteY|LightningRod|FakeOut,ZapCannon,FocusBlast,Protect|Timid||M|||50|]Whimsicott||FocusSash|Prankster|Protect,Tailwind,EnergyBall,Moonblast|Modest||F|||50|]Kommo-o||DragonFang|Soundproof|ClangingScales,AuraSphere,ClangorousSoul,Protect|Timid||M|||50|]Maushold||ChopleBerry|FriendGuard|Taunt,SuperFang,Protect,FollowMe|Timid|||||50|]Gholdengo||OccaBerry|GoodasGold|MakeItRain,Hex,PowerGem,NastyPlot|Timid|||||50|]Vivillon||ChoiceScarf|CompoundEyes|Hurricane,EnergyBall,RagePowder,SleepPowder|Timid||M|||50|
|showteam|p2|Excadrill||FocusSash|SandRush|Earthquake,IronHead,SwordsDance,Protect|Adamant||F|||50|]Tyranitar||Tyranitarite|SandStream|RockSlide,KnockOff,LowKick,Protect|Adamant||F|||50|]Corviknight||SharpBeak|MirrorArmor|BraveBird,Tailwind,BulkUp,Roost|Careful||F|||50|]Rotom-Wash||ChoiceScarf|Levitate|VoltSwitch,Thunderbolt,Electroweb,HydroPump|Timid|||||50|]Chandelure||ShucaBerry|FlashFire|HeatWave,ShadowBall,TrickRoom,Protect|Modest||M|||50|]Clefable||Clefablite|MagicGuard|FollowMe,Moonblast,HealPulse,Protect|Modest||M|||50|
|inactive|Battle timer is ON: inactive players will automatically lose when time's up. (requested by cippino3)
|inactive|cippino3 has 60 seconds left.
|inactive|sbhaga34 has 60 seconds left.
|
|t:|1784223640
|teamsize|p1|4
|teamsize|p2|4
|start
|switch|p1a: Maushold|Maushold, L50, shiny|100/100
|switch|p1b: Kommo-o|Kommo-o, L50, M|100/100
|switch|p2a: Clefable|Clefable, L50, M|100/100
|switch|p2b: Tyranitar|Tyranitar, L50, F|100/100
|-weather|Sandstorm|[from] ability: Sand Stream|[of] p2b: Tyranitar
|turn|1
|inactive|cippino3 has 30 seconds left.
|inactive|cippino3 has 20 seconds left.
|inactive|cippino3 has 15 seconds left.
|inactive|cippino3 has 10 seconds left.
|
|t:|1784223685
|detailschange|p2a: Clefable|Clefable-Mega, L50, M
|-mega|p2a: Clefable|Clefable|Clefablite
|move|p1b: Kommo-o|Protect|p1b: Kommo-o
|-singleturn|p1b: Kommo-o|Protect
|move|p1a: Maushold|Super Fang|p2b: Tyranitar
|-damage|p2b: Tyranitar|50/100g
|move|p2b: Tyranitar|Knock Off|p1a: Maushold
|-damage|p1a: Maushold|46/100
|-enditem|p1a: Maushold|Chople Berry|[from] move: Knock Off|[of] p2b: Tyranitar
|move|p2a: Clefable|Moonblast|p1b: Kommo-o
|-activate|p1b: Kommo-o|move: Protect
|
|-weather|Sandstorm|[upkeep]
|-damage|p1a: Maushold|40/100|[from] Sandstorm
|-damage|p1b: Kommo-o|94/100|[from] Sandstorm
|-damage|p2a: Clefable|94/100|[from] Sandstorm
|upkeep
|turn|2
|
|t:|1784223703
|switch|p1b: Yo-Yo-Yomino|Gholdengo, L50|100/100
|move|p2b: Tyranitar|Protect|p2b: Tyranitar
|-singleturn|p2b: Tyranitar|Protect
|move|p1a: Maushold|Super Fang|p2a: Clefable
|-damage|p2a: Clefable|47/100
|move|p2a: Clefable|Moonblast|p1b: Yo-Yo-Yomino
|-resisted|p1b: Yo-Yo-Yomino|1
|-damage|p1b: Yo-Yo-Yomino|77/100
|-unboost|p1b: Yo-Yo-Yomino|spa|1
|
|-weather|Sandstorm|[upkeep]
|-damage|p1a: Maushold|35/100|[from] Sandstorm
|-damage|p2a: Clefable|41/100|[from] Sandstorm
|upkeep
|turn|3
|inactive|cippino3 has 30 seconds left.
|
|t:|1784223730
|switch|p2b: Excadrill|Excadrill, L50, F|100/100
|move|p2a: Clefable|Protect|p2a: Clefable
|-singleturn|p2a: Clefable|Protect
|move|p1a: Maushold|Follow Me|p1a: Maushold
|-singleturn|p1a: Maushold|move: Follow Me
|move|p1b: Yo-Yo-Yomino|Nasty Plot|p1b: Yo-Yo-Yomino
|-boost|p1b: Yo-Yo-Yomino|spa|2
|
|-weather|Sandstorm|[upkeep]
|-damage|p1a: Maushold|29/100|[from] Sandstorm
|-damage|p2a: Clefable|35/100|[from] Sandstorm
|upkeep
|turn|4
|
|t:|1784223749
|switch|p2a: Rotom|Rotom-Wash, L50|100/100
|move|p1a: Maushold|Follow Me|p1a: Maushold
|-singleturn|p1a: Maushold|move: Follow Me
|move|p2b: Excadrill|Swords Dance|p2b: Excadrill
|-boost|p2b: Excadrill|atk|2
|move|p1b: Yo-Yo-Yomino|Make It Rain|p2a: Rotom|[spread] p2a,p2b
|-resisted|p2a: Rotom|2
|-resisted|p2b: Excadrill|1
|-damage|p2a: Rotom|82/100
|-damage|p2b: Excadrill|51/100
|-unboost|p1b: Yo-Yo-Yomino|spa|2
|
|-weather|Sandstorm|[upkeep]
|-damage|p2a: Rotom|76/100|[from] Sandstorm
|-damage|p1a: Maushold|23/100|[from] Sandstorm
|upkeep
|turn|5
|
|t:|1784223760
|move|p1a: Maushold|Follow Me|p1a: Maushold
|-singleturn|p1a: Maushold|move: Follow Me
|move|p2b: Excadrill|Earthquake|p1a: Maushold|[spread] p1a,p1b
|-immune|p2a: Rotom|[from] ability: Levitate
|-supereffective|p1b: Yo-Yo-Yomino|1
|-damage|p1a: Maushold|0 fnt
|-damage|p1b: Yo-Yo-Yomino|0 fnt
|faint|p1a: Maushold
|faint|p1b: Yo-Yo-Yomino
|move|p2a: Rotom|Volt Switch|p1: Maushold|[notarget]
|-fail|p2a: Rotom
|
|-weather|none
|upkeep
|
|t:|1784223768
|switch|p1a: Betty|Whimsicott, L50, F|100/100
|switch|p1b: Kommo-o|Kommo-o, L50, M|94/100
|turn|6
|
|t:|1784223784
|move|p1a: Betty|Tailwind|p1a: Betty
|-sidestart|p1: cippino3|move: Tailwind
|move|p1b: Kommo-o|Aura Sphere|p2b: Excadrill
|-supereffective|p2b: Excadrill|1
|-damage|p2b: Excadrill|0 fnt
|faint|p2b: Excadrill
|move|p2a: Rotom|Volt Switch|p1b: Kommo-o
|-resisted|p1b: Kommo-o|1
|-damage|p1b: Kommo-o|78/100
|
|t:|1784223795
|switch|p2a: Clefable|Clefable-Mega, L50, M|35/100|[from] Volt Switch
|
|upkeep
|
|t:|1784223809
|switch|p2b: Tyranitar|Tyranitar, L50, F|50/100g
|-weather|Sandstorm|[from] ability: Sand Stream|[of] p2b: Tyranitar
|turn|7
|
|t:|1784223830
|move|p1a: Betty|Moonblast|p2a: Clefable
|-crit|p2a: Clefable
|-damage|p2a: Clefable|0 fnt
|faint|p2a: Clefable
|move|p1b: Kommo-o|Clangorous Soul|p1b: Kommo-o
|-boost|p1b: Kommo-o|atk|1
|-boost|p1b: Kommo-o|def|1
|-boost|p1b: Kommo-o|spa|1
|-boost|p1b: Kommo-o|spd|1
|-boost|p1b: Kommo-o|spe|1
|-damage|p1b: Kommo-o|45/100
|move|p2b: Tyranitar|Rock Slide|p1a: Betty|[spread] p1a,p1b
|-resisted|p1b: Kommo-o|1
|-damage|p1a: Betty|55/100
|-damage|p1b: Kommo-o|35/100
|
|-weather|Sandstorm|[upkeep]
|-damage|p1b: Kommo-o|29/100|[from] Sandstorm
|-damage|p1a: Betty|49/100|[from] Sandstorm
|upkeep
|-message|sbhaga34 forfeited.
|
|win|cippino3
