|j|☆chocokoala vgc
|j|☆Master M-rada
|html|chocokoala vgcMaster M-rada    
|uhtml|bestof|Game 1 of a best-of-3
|t:|1785179398
|gametype|doubles
|player|p1|chocokoala vgc|benga|1338
|player|p2|Master M-rada|miku-ice|1371
|gen|9
|tier|[Gen 9 Champions] VGC 2026 Reg M-B (Bo3)
|rated|
|rule|Species Clause: Limit one of each Pokémon
|rule|Item Clause: Limit 1 of each item
|clearpoke
|poke|p1|Scovillain, L50, M|
|poke|p1|Primarina, L50, F|
|poke|p1|Aerodactyl, L50, M|
|poke|p1|Garchomp, L50, M|
|poke|p1|Gholdengo, L50|
|poke|p1|Grimmsnarl, L50, M|
|poke|p2|Gengar, L50, M, shiny|
|poke|p2|Snorlax, L50, F|
|poke|p2|Incineroar, L50, M, shiny|
|poke|p2|Scrafty, L50, M, shiny|
|poke|p2|Dragonite, L50, M|
|poke|p2|Ninetales-Alola, L50, F|
|teampreview|4
|showteam|p1|Scovillain||Scovillainite|Moody|Flamethrower,GigaDrain,Protect,RagePowder|Bold||M|||50|]Primarina||Leftovers|LiquidVoice|HyperVoice,Moonblast,Protect,CalmMind|Modest||F|||50|]Aerodactyl||Aerodactylite|Unnerve|RockSlide,DualWingbeat,Protect,Tailwind|Jolly||M|||50|]Garchomp||SoftSand|RoughSkin|Earthquake,StompingTantrum,Protect,DragonClaw|Jolly||M|||50|]Gholdengo||LifeOrb|GoodasGold|MakeItRain,ShadowBall,Protect,NastyPlot|Modest|||||50|]Grimmsnarl||LightClay|Prankster|LightScreen,Reflect,FakeOut,FoulPlay|Calm||M|||50|
|showteam|p2|Gengar||Gengarite|CursedBody|PerishSong,ShadowBall,SludgeBomb,Protect|Modest||M|||50|]Snorlax||Leftovers|ThickFat|Yawn,Encore,Fissure,Protect|Relaxed||F|||50|]Incineroar||SitrusBerry|Intimidate|FlareBlitz,PartingShot,FakeOut,Protect|Relaxed||M|||50|]Scrafty||FocusSash|Intimidate|CloseCombat,KnockOff,FakeOut,Protect|Careful||M|||50|]Dragonite||LifeOrb|InnerFocus|DragonClaw,LowKick,ExtremeSpeed,Protect|Adamant||M|||50|]Ninetales-Alola||NeverMeltIce|SnowWarning|Blizzard,FreezeDry,Encore,Protect|Timid||F|||50|
|inactive|Battle timer is ON: inactive players will automatically lose when time's up. (requested by Master M-rada)
|inactive|chocokoala vgc also wants the timer to be on.
|inactive|chocokoala vgc has 60 seconds left.
|inactive|Master M-rada has 60 seconds left.
|
|t:|1785179457
|teamsize|p1|4
|teamsize|p2|4
|start
|switch|p1a: Gholdengo|Gholdengo, L50|100/100
|switch|p1b: Scovillain|Scovillain, L50, M|100/100
|switch|p2a: Scrafty|Scrafty, L50, M, shiny|100/100
|switch|p2b: Gengar|Gengar, L50, M, shiny|100/100
|-ability|p2a: Scrafty|Intimidate|boost
|-unboost|p1a: Gholdengo|atk|1
|-unboost|p1b: Scovillain|atk|1
|turn|1
|inactive|chocokoala vgc has 30 seconds left.
|
|t:|1785179484
|detailschange|p2b: Gengar|Gengar-Mega, L50, M, shiny
|-mega|p2b: Gengar|Gengar|Gengarite
|detailschange|p1b: Scovillain|Scovillain-Mega, L50, M
|-mega|p1b: Scovillain|Scovillain|Scovillainite
|move|p2a: Scrafty|Fake Out|p1b: Scovillain
|-damage|p1b: Scovillain|90/100
|-status|p2a: Scrafty|brn|[from] ability: Spicy Spray|[of] p1b: Scovillain
|cant|p1b: Scovillain|flinch
|move|p2b: Gengar|Shadow Ball|p1a: Gholdengo
|-supereffective|p1a: Gholdengo|1
|-damage|p1a: Gholdengo|0 fnt
|faint|p1a: Gholdengo
|
|-damage|p2a: Scrafty|94/100 brn|[from] brn
|upkeep
|
|t:|1785179498
|switch|p1a: Primarina|Primarina, L50, F|100/100
|turn|2
|
|t:|1785179507
|switch|p2a: Incineroar|Incineroar, L50, M, shiny|100/100
|-ability|p2a: Incineroar|Intimidate|boost
|-unboost|p1a: Primarina|atk|1
|-unboost|p1b: Scovillain|atk|1
|move|p2b: Gengar|Protect|p2b: Gengar
|-singleturn|p2b: Gengar|Protect
|move|p1b: Scovillain|Flamethrower|p2b: Gengar
|-activate|p2b: Gengar|move: Protect
|move|p1a: Primarina|Hyper Voice|p2b: Gengar|[spread] p2a
|-activate|p2b: Gengar|move: Protect
|-supereffective|p2a: Incineroar|1
|-damage|p2a: Incineroar|49/100
|-enditem|p2a: Incineroar|Sitrus Berry|[eat]
|-heal|p2a: Incineroar|74/100|[from] item: Sitrus Berry
|
|upkeep
|turn|3
|
|t:|1785179524
|move|p2a: Incineroar|Fake Out|p1a: Primarina
|-damage|p1a: Primarina|87/100
|move|p2b: Gengar|Perish Song|p2b: Gengar
|-start|p1a: Primarina|perish3|[silent]
|-start|p1b: Scovillain|perish3|[silent]
|-start|p2a: Incineroar|perish3|[silent]
|-start|p2b: Gengar|perish3|[silent]
|-fieldactivate|move: Perish Song
|move|p1b: Scovillain|Flamethrower|p2b: Gengar
|-crit|p2b: Gengar
|-damage|p2b: Gengar|32/100
|cant|p1a: Primarina|flinch
|
|-heal|p1a: Primarina|93/100|[from] item: Leftovers
|-start|p2b: Gengar|perish3
|-start|p1b: Scovillain|perish3
|-start|p1a: Primarina|perish3
|-start|p2a: Incineroar|perish3
|upkeep
|turn|4
|
|t:|1785179540
|move|p2b: Gengar|Protect|p2b: Gengar
|-singleturn|p2b: Gengar|Protect
|move|p2a: Incineroar|Protect|p2a: Incineroar
|-singleturn|p2a: Incineroar|Protect
|move|p1b: Scovillain|Giga Drain|p2a: Incineroar
|-activate|p2a: Incineroar|move: Protect
|move|p1a: Primarina|Calm Mind|p1a: Primarina
|-boost|p1a: Primarina|spa|1
|-boost|p1a: Primarina|spd|1
|
|-heal|p1a: Primarina|99/100|[from] item: Leftovers
|-start|p2b: Gengar|perish2
|-start|p1b: Scovillain|perish2
|-start|p1a: Primarina|perish2
|-start|p2a: Incineroar|perish2
|upkeep
|turn|5
|
|t:|1785179560
|switch|p2b: Scrafty|Scrafty, L50, M, shiny|94/100 brn
|-ability|p2b: Scrafty|Intimidate|boost
|-unboost|p1a: Primarina|atk|1
|-unboost|p1b: Scovillain|atk|1
|move|p1b: Scovillain|Giga Drain|p2a: Incineroar
|-resisted|p2a: Incineroar|1
|-damage|p2a: Incineroar|59/100
|-heal|p1b: Scovillain|99/100|[from] drain|[of] p2a: Incineroar
|move|p1a: Primarina|Hyper Voice|p2a: Incineroar|[spread] p2a,p2b
|-supereffective|p2a: Incineroar|1
|-damage|p2a: Incineroar|0 fnt
|-damage|p2b: Scrafty|58/100 brn
|faint|p2a: Incineroar
|
|-heal|p1a: Primarina|100/100|[from] item: Leftovers
|-damage|p2b: Scrafty|52/100 brn|[from] brn
|-start|p1b: Scovillain|perish1
|-start|p1a: Primarina|perish1
|upkeep
|
|t:|1785179576
|switch|p2a: Gengar|Gengar-Mega, L50, M, shiny|32/100
|turn|6
|-message|chocokoala vgc forfeited.
|
|win|Master M-rada
