|j|☆S.FranciscoPioPero
|j|☆Iwassilverfish
|html|S.FranciscoPioPeroIwassilverfish    
|uhtml|bestof|Game 3 of a best-of-3
|t:|1754625237
|gametype|doubles
|player|p1|S.FranciscoPioPero|youngcouple-gen4dp|1213
|player|p2|Iwassilverfish|benga|1472
|gen|9
|tier|[Gen 9] VGC 2025 Reg H (Bo3)
|rated|
|rule|Species Clause: Limit one of each Pokémon
|rule|Item Clause: Limit 1 of each item
|clearpoke
|poke|p1|Blastoise, L50, M|
|poke|p1|Dragapult, L50, M|
|poke|p1|Indeedee-F, L50, F|
|poke|p1|Sneasler, L50, F|
|poke|p1|Armarouge, L50, F|
|poke|p1|Whimsicott, L50, M|
|poke|p2|Incineroar, L50, M|
|poke|p2|Porygon2, L50|
|poke|p2|Gholdengo, L50|
|poke|p2|Hydreigon, L50, M|
|poke|p2|Amoonguss, L50, M|
|poke|p2|Basculegion, L50, M|
|teampreview|4
|showteam|p1|Blastoise||MysticWater|Torrent|Protect,WaterSpout,HydroCannon,ShellSmash|||M|||50|,,,,,Water]Dragapult||ChoiceBand|ClearBody|DragonDarts,Uturn,PhantomForce,Outrage|||M|||50|,,,,,Dragon]Indeedee-F||SafetyGoggles|PsychicSurge|Imprison,FollowMe,HelpingHand,TrickRoom|||F|||50|,,,,,Fairy]Sneasler||PsychicSeed|Unburden|FakeOut,CloseCombat,DireClaw,ThroatChop|||F|||50|,,,,,Dark]Armarouge||LifeOrb|FlashFire|ExpandingForce,ArmorCannon,ClearSmog,TrickRoom|||F|||50|,,,,,Grass]Whimsicott||CovertCloak|Prankster|Tailwind,Moonblast,Encore,FakeTears|||M|||50|,,,,,Dark
|showteam|p2|Incineroar||AssaultVest|Intimidate|FlareBlitz,KnockOff,Uturn,FakeOut|||M|||50|,,,,,Ghost]Porygon2||Eviolite|Download|TeraBlast,IceBeam,Recover,TrickRoom||||||50|,,,,,Fighting]Gholdengo||LifeOrb|GoodasGold|MakeItRain,ShadowBall,NastyPlot,Protect||||||50|,,,,,Water]Hydreigon||SafetyGoggles|Levitate|DracoMeteor,Snarl,Tailwind,Protect|||M|||50|,,,,,Ghost]Amoonguss||CovertCloak|Regenerator|Spore,RagePowder,PollenPuff,Protect|||M|||50|,,,,,Fairy]Basculegion||ChoiceScarf|Adaptability|WaveCrash,FlipTurn,LastRespects,TeraBlast|||M|||50|,,,,,Flying
|inactive|Battle timer is ON: inactive players will automatically lose when time's up. (requested by Iwassilverfish)
|inactive|S.FranciscoPioPero has 60 seconds left.
|inactive|Iwassilverfish has 60 seconds left.
|inactive|Iwassilverfish has 30 seconds left.
|inactive|Iwassilverfish has 20 seconds left.
|inactive|Iwassilverfish has 15 seconds left.
|
|t:|1754625314
|teamsize|p1|4
|teamsize|p2|4
|start
|switch|p1a: Armarouge|Armarouge, L50, F|100/100
|switch|p1b: Indeedee|Indeedee-F, L50, F|100/100
|switch|p2a: Hic Sunt Dracones|Hydreigon, L50, M|100/100
|switch|p2b: Charging Station|Amoonguss, L50, M|100/100
|-fieldstart|move: Psychic Terrain|[from] ability: Psychic Surge|[of] p1b: Indeedee
|turn|1
|
|t:|1754625337
|switch|p1b: Sneasler|Sneasler, L50, F|100/100
|-enditem|p1b: Sneasler|Psychic Seed
|-boost|p1b: Sneasler|spd|1|[from] item: Psychic Seed
|switch|p2b: Animal Style|Incineroar, L50, M|100/100
|-ability|p2b: Animal Style|Intimidate|boost
|-unboost|p1a: Armarouge|atk|1
|-unboost|p1b: Sneasler|atk|1
|move|p2a: Hic Sunt Dracones|Snarl|p1a: Armarouge|[spread] p1a,p1b
|-supereffective|p1a: Armarouge
|-resisted|p1b: Sneasler
|-damage|p1a: Armarouge|58/100
|-damage|p1b: Sneasler|91/100
|-unboost|p1a: Armarouge|spa|1
|-unboost|p1b: Sneasler|spa|1
|move|p1a: Armarouge|Armor Cannon|p2b: Animal Style
|-resisted|p2b: Animal Style
|-damage|p2b: Animal Style|82/100
|-unboost|p1a: Armarouge|def|1
|-unboost|p1a: Armarouge|spd|1
|-damage|p1a: Armarouge|48/100|[from] item: Life Orb
|
|upkeep
|turn|2
|inactive|S.FranciscoPioPero has 30 seconds left.
|inactive|Iwassilverfish has 30 seconds left.
|inactive|S.FranciscoPioPero has 20 seconds left.
|inactive|Iwassilverfish has 20 seconds left.
|inactive|S.FranciscoPioPero has 15 seconds left.
|inactive|Iwassilverfish has 15 seconds left.
|inactive|S.FranciscoPioPero has 10 seconds left.
|inactive|Iwassilverfish has 10 seconds left.
|inactive|Iwassilverfish has 5 seconds left.
|
|t:|1754625389
|switch|p1a: Indeedee|Indeedee-F, L50, F|100/100
|-terastallize|p2b: Animal Style|Ghost
|move|p2a: Hic Sunt Dracones|Protect|p2a: Hic Sunt Dracones
|-singleturn|p2a: Hic Sunt Dracones|Protect
|move|p1b: Sneasler|Fake Out|p2a: Hic Sunt Dracones
|-hint|Psychic Terrain doesn't affect Pokémon immune to Ground.
|-activate|p2a: Hic Sunt Dracones|move: Protect
|move|p2b: Animal Style|Knock Off|p1a: Indeedee
|-supereffective|p1a: Indeedee
|-damage|p1a: Indeedee|18/100
|-enditem|p1a: Indeedee|Safety Goggles|[from] move: Knock Off|[of] p2b: Animal Style
|
|upkeep
|turn|3
|
|t:|1754625408
|-terastallize|p1b: Sneasler|Dark
|move|p1a: Indeedee|Helping Hand|p1b: Sneasler
|-singleturn|p1b: Sneasler|Helping Hand|[of] p1a: Indeedee
|move|p1b: Sneasler|Throat Chop|p2b: Animal Style
|-supereffective|p2b: Animal Style
|-damage|p2b: Animal Style|0 fnt
|faint|p2b: Animal Style
|move|p2a: Hic Sunt Dracones|Snarl|p1a: Indeedee|[spread] p1a,p1b
|-supereffective|p1a: Indeedee
|-resisted|p1b: Sneasler
|-damage|p1a: Indeedee|0 fnt
|-damage|p1b: Sneasler|82/100
|-unboost|p1b: Sneasler|spa|1
|faint|p1a: Indeedee
|
|upkeep
|
|t:|1754625426
|switch|p2b: Charging Station|Amoonguss, L50, M|100/100
|switch|p1a: Blastoise|Blastoise, L50, M|100/100
|turn|4
|
|t:|1754625450
|move|p2a: Hic Sunt Dracones|Protect|p2a: Hic Sunt Dracones
|-singleturn|p2a: Hic Sunt Dracones|Protect
|move|p1b: Sneasler|Close Combat|p2a: Hic Sunt Dracones
|-activate|p2a: Hic Sunt Dracones|move: Protect
|move|p1a: Blastoise|Shell Smash|p1a: Blastoise
|-unboost|p1a: Blastoise|def|1
|-unboost|p1a: Blastoise|spd|1
|-boost|p1a: Blastoise|atk|2
|-boost|p1a: Blastoise|spa|2
|-boost|p1a: Blastoise|spe|2
|move|p2b: Charging Station|Spore|p1b: Sneasler
|-status|p1b: Sneasler|slp|[from] move: Spore
|
|upkeep
|turn|5
|inactive|Iwassilverfish has 30 seconds left.
|inactive|Iwassilverfish has 20 seconds left.
|
|t:|1754625486
|move|p1a: Blastoise|Protect|p1a: Blastoise
|-singleturn|p1a: Blastoise|Protect
|cant|p1b: Sneasler|slp
|move|p2a: Hic Sunt Dracones|Snarl|p1b: Sneasler|[spread] p1b
|-activate|p1a: Blastoise|move: Protect
|-resisted|p1b: Sneasler
|-damage|p1b: Sneasler|73/100 slp
|-unboost|p1b: Sneasler|spa|1
|move|p2b: Charging Station|Spore|p1a: Blastoise
|-activate|p1a: Blastoise|move: Protect
|
|-fieldend|move: Psychic Terrain
|upkeep
|turn|6
|
|t:|1754625507
|move|p2a: Hic Sunt Dracones|Protect|p2a: Hic Sunt Dracones
|-singleturn|p2a: Hic Sunt Dracones|Protect
|cant|p1b: Sneasler|slp
|move|p1a: Blastoise|Water Spout|p2a: Hic Sunt Dracones|[spread] p2b
|-activate|p2a: Hic Sunt Dracones|move: Protect
|-resisted|p2b: Charging Station
|-damage|p2b: Charging Station|54/100
|move|p2b: Charging Station|Spore|p1a: Blastoise
|-status|p1a: Blastoise|slp|[from] move: Spore
|
|upkeep
|turn|7
|inactive|Iwassilverfish has 30 seconds left.
|
|t:|1754625537
|cant|p1b: Sneasler|slp
|cant|p1a: Blastoise|slp
|move|p2a: Hic Sunt Dracones|Snarl|p1a: Blastoise|[spread] p1a,p1b
|-resisted|p1b: Sneasler
|-damage|p1a: Blastoise|68/100 slp
|-damage|p1b: Sneasler|65/100 slp
|-unboost|p1a: Blastoise|spa|1
|-unboost|p1b: Sneasler|spa|1
|move|p2b: Charging Station|Pollen Puff|p1b: Sneasler
|-supereffective|p1b: Sneasler
|-damage|p1b: Sneasler|31/100 slp
|
|upkeep
|turn|8
|inactive|Iwassilverfish has 30 seconds left.
|inactive|Iwassilverfish has 20 seconds left.
|inactive|Iwassilverfish has 15 seconds left.
|inactive|Iwassilverfish has 10 seconds left.
|
|t:|1754625582
|move|p2b: Charging Station|Rage Powder|p2b: Charging Station
|-singleturn|p2b: Charging Station|move: Rage Powder
|-curestatus|p1b: Sneasler|slp|[msg]
|move|p1b: Sneasler|Close Combat|p2b: Charging Station
|-resisted|p2b: Charging Station
|-damage|p2b: Charging Station|35/100
|-unboost|p1b: Sneasler|def|1
|-unboost|p1b: Sneasler|spd|1
|-curestatus|p1a: Blastoise|slp|[msg]
|move|p1a: Blastoise|Water Spout|p2b: Charging Station|[spread] p2a,p2b
|-resisted|p2a: Hic Sunt Dracones
|-resisted|p2b: Charging Station
|-crit|p2b: Charging Station
|-damage|p2a: Hic Sunt Dracones|73/100
|-damage|p2b: Charging Station|0 fnt
|faint|p2b: Charging Station
|move|p2a: Hic Sunt Dracones|Draco Meteor|p1b: Sneasler
|-damage|p1b: Sneasler|0 fnt
|-unboost|p2a: Hic Sunt Dracones|spa|2
|faint|p1b: Sneasler
|
|upkeep
|
|t:|1754625597
|switch|p1b: Armarouge|Armarouge, L50, F|48/100
|switch|p2b: STRING CHEESE|Gholdengo, L50|100/100
|turn|9
|inactive|Iwassilverfish has 30 seconds left.
|inactive|Iwassilverfish has 20 seconds left.
|inactive|Iwassilverfish has 15 seconds left.
|inactive|Iwassilverfish has 10 seconds left.
|
|t:|1754625645
|move|p2b: STRING CHEESE|Protect|p2b: STRING CHEESE
|-singleturn|p2b: STRING CHEESE|Protect
|move|p1a: Blastoise|Hydro Cannon|p2b: STRING CHEESE
|-activate|p2b: STRING CHEESE|move: Protect
|move|p2a: Hic Sunt Dracones|Snarl|p1b: Armarouge|[spread] p1a,p1b
|-supereffective|p1b: Armarouge
|-damage|p1a: Blastoise|52/100
|-damage|p1b: Armarouge|26/100
|-unboost|p1a: Blastoise|spa|1
|-unboost|p1b: Armarouge|spa|1
|move|p1b: Armarouge|Armor Cannon|p2a: Hic Sunt Dracones
|-resisted|p2a: Hic Sunt Dracones
|-crit|p2a: Hic Sunt Dracones
|-damage|p2a: Hic Sunt Dracones|1/100
|-unboost|p1b: Armarouge|def|1
|-unboost|p1b: Armarouge|spd|1
|-damage|p1b: Armarouge|16/100|[from] item: Life Orb
|
|upkeep
|turn|10
|inactive|Iwassilverfish has 30 seconds left.
|inactive|Iwassilverfish has 20 seconds left.
|inactive|Iwassilverfish has 15 seconds left.
|
|t:|1754625687
|move|p2a: Hic Sunt Dracones|Protect|p2a: Hic Sunt Dracones
|-singleturn|p2a: Hic Sunt Dracones|Protect
|move|p1a: Blastoise|Water Spout|p2a: Hic Sunt Dracones|[spread] p2b
|-activate|p2a: Hic Sunt Dracones|move: Protect
|-damage|p2b: STRING CHEESE|72/100
|move|p2b: STRING CHEESE|Make It Rain|p1a: Blastoise|[spread] p1a,p1b
|-resisted|p1a: Blastoise
|-resisted|p1b: Armarouge
|-damage|p1a: Blastoise|2/100
|-damage|p1b: Armarouge|0 fnt
|-unboost|p2b: STRING CHEESE|spa|1
|faint|p1b: Armarouge
|-damage|p2b: STRING CHEESE|62/100|[from] item: Life Orb
|
|upkeep
|turn|11
|inactive|Iwassilverfish has 30 seconds left.
|
|t:|1754625717
|move|p1a: Blastoise|Hydro Cannon|p2b: STRING CHEESE
|-damage|p2b: STRING CHEESE|0 fnt
|-mustrecharge|p1a: Blastoise
|faint|p2b: STRING CHEESE
|move|p2a: Hic Sunt Dracones|Snarl|p1a: Blastoise
|-damage|p1a: Blastoise|0 fnt
|faint|p1a: Blastoise
|
|win|Iwassilverfish
|raw|S.FranciscoPioPero's rating: 1213 → 1204(-9 for losing)
|raw|Iwassilverfish's rating: 1472 → 1479(+7 for winning)
