|j|☆juaquiness
|j|☆chocokoala vgc
|html|juaquinesschocokoala vgc    
|uhtml|bestof|Game 3 of a best-of-3
|t:|1784811786
|gametype|doubles
|player|p1|juaquiness|266|1136
|player|p2|chocokoala vgc|benga|1222
|gen|9
|tier|[Gen 9 Champions] VGC 2026 Reg M-B (Bo3)
|rated|
|rule|Species Clause: Limit one of each Pokémon
|rule|Item Clause: Limit 1 of each item
|clearpoke
|poke|p1|Floette-Eternal, L50, F|
|poke|p1|Aerodactyl, L50, F|
|poke|p1|Incineroar, L50, M|
|poke|p1|Sinistcha-Masterpiece, L50|
|poke|p1|Basculegion, L50, M|
|poke|p1|Kingambit, L50, F|
|poke|p2|Scovillain, L50, M|
|poke|p2|Primarina, L50, M|
|poke|p2|Aerodactyl, L50, M|
|poke|p2|Garchomp, L50, M|
|poke|p2|Gholdengo, L50|
|poke|p2|Grimmsnarl, L50, M|
|teampreview|4
|showteam|p1|Floette-Eternal||Floettite|FlowerVeil|Protect,CalmMind,Moonblast,DazzlingGleam|Timid||F|||50|]Aerodactyl||Aerodactylite|RockHead|Tailwind,RockSlide,DualWingbeat,IceFang|Jolly||F|||50|]Incineroar||SitrusBerry|Intimidate|FakeOut,PartingShot,FlareBlitz,ThroatChop|Careful||M|||50|]Sinistcha-Masterpiece||ColburBerry|Hospitality|TrickRoom,MatchaGotcha,LifeDew,RagePowder|Bold|||||50|]Basculegion||ChoiceScarf|Adaptability|LastRespects,AquaJet,FlipTurn,WaveCrash|Jolly||M|||50|]Kingambit||FocusSash|Defiant|SuckerPunch,KowtowCleave,LowKick,IronHead|Adamant||F|||50|
|showteam|p2|Scovillain||Scovillainite|Moody|Flamethrower,GigaDrain,Protect,RagePowder|Bold||M|||50|]Primarina||Leftovers|LiquidVoice|HyperVoice,Moonblast,Protect,CalmMind|Modest||M|||50|]Aerodactyl||Aerodactylite|Unnerve|RockSlide,DualWingbeat,Protect,Tailwind|Jolly||M|||50|]Garchomp||SoftSand|RoughSkin|Earthquake,StompingTantrum,Protect,DragonClaw|Jolly||M|||50|]Gholdengo||LifeOrb|GoodasGold|MakeItRain,ShadowBall,Protect,NastyPlot|Modest|||||50|]Grimmsnarl||LightClay|Prankster|LightScreen,Reflect,FakeOut,FoulPlay|Sassy||M|||50|
|inactive|Battle timer is ON: inactive players will automatically lose when time's up. (requested by chocokoala vgc)
|inactive|juaquiness has 60 seconds left.
|
|t:|1784811828
|teamsize|p1|4
|teamsize|p2|4
|start
|switch|p1a: Basculegion|Basculegion, L50, M|100/100
|switch|p1b: Aerodactyl|Aerodactyl, L50, F|100/100
|switch|p2a: Grimmsnarl|Grimmsnarl, L50, M|100/100
|switch|p2b: Primarina|Primarina, L50, M|100/100
|turn|1
|
|t:|1784811840
|move|p2a: Grimmsnarl|Reflect|p2a: Grimmsnarl
|-sidestart|p2: chocokoala vgc|Reflect
|move|p1a: Basculegion|Flip Turn|p2a: Grimmsnarl
|-damage|p2a: Grimmsnarl|74/100
|
|t:|1784811844
|switch|p1a: Kingambit|Kingambit, L50, F|100/100|[from] Flip Turn
|move|p1b: Aerodactyl|Tailwind|p1b: Aerodactyl
|-sidestart|p1: juaquiness|move: Tailwind
|move|p2b: Primarina|Calm Mind|p2b: Primarina
|-boost|p2b: Primarina|spa|1
|-boost|p2b: Primarina|spd|1
|
|upkeep
|turn|2
|
|t:|1784811869
|switch|p1b: Basculegion|Basculegion, L50, M|100/100
|move|p1a: Kingambit|Iron Head|p2b: Primarina
|-damage|p2b: Primarina|63/100
|move|p2b: Primarina|Hyper Voice|p1b: Basculegion|[spread] p1a,p1b
|-resisted|p1b: Basculegion|1
|-damage|p1a: Kingambit|37/100
|-damage|p1b: Basculegion|71/100
|move|p2a: Grimmsnarl|Foul Play|p1a: Kingambit
|-resisted|p1a: Kingambit|1
|-damage|p1a: Kingambit|11/100
|
|-heal|p2b: Primarina|69/100|[from] item: Leftovers
|upkeep
|turn|3
|
|t:|1784811883
|move|p2b: Primarina|Protect|p2b: Primarina
|-singleturn|p2b: Primarina|Protect
|move|p1b: Basculegion|Flip Turn|p2b: Primarina
|-activate|p2b: Primarina|move: Protect
|move|p1a: Kingambit|Iron Head|p2b: Primarina
|-activate|p2b: Primarina|move: Protect
|move|p2a: Grimmsnarl|Foul Play|p1b: Basculegion
|-supereffective|p1b: Basculegion|1
|-damage|p1b: Basculegion|0 fnt
|faint|p1b: Basculegion
|
|-heal|p2b: Primarina|75/100|[from] item: Leftovers
|upkeep
|
|t:|1784811890
|switch|p1b: Floette|Floette-Eternal, L50, F|100/100
|turn|4
|
|t:|1784811900
|switch|p1a: Aerodactyl|Aerodactyl, L50, F|100/100
|detailschange|p1b: Floette|Floette-Mega, L50, F
|-mega|p1b: Floette|Floette|Floettite
|-ability|p1b: Floette|Fairy Aura
|move|p2a: Grimmsnarl|Light Screen|p2a: Grimmsnarl
|-sidestart|p2: chocokoala vgc|move: Light Screen
|move|p1b: Floette|Calm Mind|p1b: Floette
|-boost|p1b: Floette|spa|1
|-boost|p1b: Floette|spd|1
|move|p2b: Primarina|Hyper Voice|p1a: Aerodactyl|[spread] p1a,p1b
|-supereffective|p1a: Aerodactyl|1
|-damage|p1a: Aerodactyl|0 fnt
|-damage|p1b: Floette|76/100
|faint|p1a: Aerodactyl
|
|-heal|p2b: Primarina|81/100|[from] item: Leftovers
|-sideend|p1: juaquiness|move: Tailwind
|upkeep
|
|t:|1784811912
|switch|p1a: Kingambit|Kingambit, L50, F|11/100
|turn|5
|
|t:|1784811926
|move|p1b: Floette|Dazzling Gleam|p2b: Primarina|[spread] p2a,p2b
|-supereffective|p2a: Grimmsnarl|1
|-damage|p2a: Grimmsnarl|4/100
|-damage|p2b: Primarina|60/100
|move|p1a: Kingambit|Iron Head|p2b: Primarina
|-damage|p2b: Primarina|23/100
|move|p2b: Primarina|Hyper Voice|p1b: Floette|[spread] p1a,p1b
|-crit|p1a: Kingambit
|-damage|p1a: Kingambit|0 fnt
|-damage|p1b: Floette|52/100
|faint|p1a: Kingambit
|move|p2a: Grimmsnarl|Foul Play|p1b: Floette
|-resisted|p1b: Floette|1
|-damage|p1b: Floette|40/100
|
|-heal|p2b: Primarina|29/100|[from] item: Leftovers
|upkeep
|turn|6
|c|☆juaquiness|Gg
|
|t:|1784811943
|move|p1b: Floette|Dazzling Gleam|p2a: Grimmsnarl|[spread] p2a,p2b
|-supereffective|p2a: Grimmsnarl|1
|-damage|p2a: Grimmsnarl|0 fnt
|-damage|p2b: Primarina|8/100
|faint|p2a: Grimmsnarl
|move|p2b: Primarina|Moonblast|p1b: Floette
|-damage|p1b: Floette|0 fnt
|faint|p1b: Floette
|
|win|chocokoala vgc
|raw|juaquiness's rating: 1136 → 1119(-17 for losing)
|raw|chocokoala vgc's rating: 1245 → 1262(+17 for winning)
