|j|☆TheLeoj
|j|☆melon storme
|html|TheLeojmelon storme    
|uhtml|bestof|Game 1 of a best-of-3
|t:|1785963529
|gametype|doubles
|player|p1|TheLeoj|benga|1081
|player|p2|melon storme|kieran-masters|1183
|gen|9
|tier|[Gen 9 Champions] VGC 2026 Reg M-B (Bo3)
|rated|
|rule|Species Clause: Limit one of each Pokémon
|rule|Item Clause: Limit 1 of each item
|clearpoke
|poke|p1|Staraptor, L50, M, shiny|
|poke|p1|Garchomp, L50, M, shiny|
|poke|p1|Whimsicott, L50, M, shiny|
|poke|p1|Delphox, L50, M, shiny|
|poke|p1|Glimmora, L50, M, shiny|
|poke|p1|Kingambit, L50, M, shiny|
|poke|p2|Pyroar, L50, F|
|poke|p2|Aerodactyl, L50, M|
|poke|p2|Torkoal, L50, M|
|poke|p2|Vileplume, L50, M|
|poke|p2|Farigiraf, L50, F, shiny|
|poke|p2|Mawile, L50, F|
|teampreview|4
|showteam|p1|Staraptor||Staraptite|Intimidate|Protect,Roost,CloseCombat,BraveBird|Jolly||M|||50|]Garchomp||LifeOrb|RoughSkin|Protect,RockSlide,Earthquake,DragonClaw|Jolly||M|||50|]Whimsicott||OccaBerry|Prankster|Moonblast,Tailwind,Charm,LightScreen|Timid||M|||50|]Delphox||Delphoxite|Magician|Protect,Psychic,HeatWave,Substitute|Timid||M|||50|]Glimmora||FocusSash|ToxicDebris|SpikyShield,SludgeBomb,EarthPower,PowerGem|Timid||M|||50|]Kingambit||ChopleBerry|Defiant|SuckerPunch,LowKick,IronHead,KowtowCleave|Adamant||M|||50|
|showteam|p2|Pyroar||Pyroarite|Rivalry|Taunt,HeatWave,Overheat,Protect|Timid||F|||50|]Aerodactyl||SitrusBerry|Unnerve|RockSlide,Tailwind,WideGuard,DualWingbeat|Jolly||M|||50|]Torkoal||Charcoal|Drought|Eruption,HeatWave,SolarBeam,Protect|Quiet||M|||50|]Vileplume||FocusSash|Chlorophyll|EnergyBall,SludgeBomb,AfterYou,SleepPowder|Timid||M|||50|]Farigiraf||Leftovers|ArmorTail|HyperVoice,Psychic,Protect,TrickRoom|Relaxed||F|||50|]Mawile||Mawilite|Intimidate|IronHead,PlayRough,SwordsDance,SuckerPunch|Sassy||F|||50|
|inactive|Battle timer is ON: inactive players will automatically lose when time's up. (requested by TheLeoj)
|inactive|TheLeoj has 60 seconds left.
|inactive|melon storme has 60 seconds left.
|
|t:|1785963573
|teamsize|p1|4
|teamsize|p2|4
|start
|switch|p1a: Garchomp|Garchomp, L50, M, shiny|100/100
|switch|p1b: Delphox|Delphox, L50, M, shiny|100/100
|switch|p2a: Mahrukasha|Aerodactyl, L50, M|100/100
|switch|p2b: Can of Soup|Farigiraf, L50, F, shiny|100/100
|-ability|p2a: Mahrukasha|Unnerve
|turn|1
|
|t:|1785963594
|detailschange|p1b: Delphox|Delphox-Mega, L50, M, shiny
|-mega|p1b: Delphox|Delphox|Delphoxite
|move|p1b: Delphox|Heat Wave|p2a: Mahrukasha|[spread] p2a,p2b
|-resisted|p2a: Mahrukasha|1
|-damage|p2a: Mahrukasha|75/100
|-damage|p2b: Can of Soup|66/100
|move|p2a: Mahrukasha|Rock Slide|p1a: Garchomp|[spread] p1a,p1b
|-resisted|p1a: Garchomp|1
|-supereffective|p1b: Delphox|1
|-damage|p1a: Garchomp|90/100
|-damage|p1b: Delphox|48/100
|cant|p1a: Garchomp|flinch
|move|p2b: Can of Soup|Trick Room|p2b: Can of Soup
|-fieldstart|move: Trick Room|[of] p2b: Can of Soup
|
|-heal|p2b: Can of Soup|73/100|[from] item: Leftovers
|upkeep
|turn|2
|
|t:|1785963610
|move|p1b: Delphox|Protect|p1b: Delphox
|-singleturn|p1b: Delphox|Protect
|move|p2b: Can of Soup|Hyper Voice|p1a: Garchomp|[spread] p1a
|-activate|p1b: Delphox|move: Protect
|-damage|p1a: Garchomp|60/100
|move|p1a: Garchomp|Rock Slide|p2b: Can of Soup|[spread] p2a,p2b
|-supereffective|p2a: Mahrukasha|1
|-crit|p2a: Mahrukasha
|-damage|p2a: Mahrukasha|0 fnt
|-damage|p2b: Can of Soup|52/100
|faint|p2a: Mahrukasha
|-damage|p1a: Garchomp|50/100g|[from] item: Life Orb
|
|-heal|p2b: Can of Soup|58/100|[from] item: Leftovers
|upkeep
|
|t:|1785963618
|switch|p2a: Ghengas Khan|Torkoal, L50, M|100/100
|-weather|SunnyDay|[from] ability: Drought|[of] p2a: Ghengas Khan
|turn|3
|
|t:|1785963637
|move|p2a: Ghengas Khan|Eruption|p1b: Delphox|[spread] p1a,p1b
|-resisted|p1a: Garchomp|1
|-resisted|p1b: Delphox|1
|-damage|p1a: Garchomp|3/100
|-damage|p1b: Delphox|11/100
|move|p2b: Can of Soup|Hyper Voice|p1a: Garchomp|[spread] p1a,p1b
|-damage|p1a: Garchomp|0 fnt
|-damage|p1b: Delphox|0 fnt
|faint|p1a: Garchomp
|faint|p1b: Delphox
|
|-weather|SunnyDay|[upkeep]
|-heal|p2b: Can of Soup|64/100|[from] item: Leftovers
|upkeep
|
|t:|1785963645
|switch|p1a: Kingambit|Kingambit, L50, M, shiny|100/100
|switch|p1b: Glimmora|Glimmora, L50, M, shiny|100/100
|turn|4
|
|t:|1785963668
|move|p1a: Kingambit|Sucker Punch||[still]
|cant|p2b: Can of Soup|ability: Armor Tail|Sucker Punch|[of] p1a: Kingambit
|move|p2a: Ghengas Khan|Eruption|p1b: Glimmora|[spread] p1a,p1b
|-supereffective|p1a: Kingambit|1
|-resisted|p1b: Glimmora|1
|-damage|p1a: Kingambit|0 fnt
|-damage|p1b: Glimmora|43/100
|faint|p1a: Kingambit
|move|p2b: Can of Soup|Hyper Voice|p1b: Glimmora
|-resisted|p1b: Glimmora|1
|-damage|p1b: Glimmora|20/100y
|move|p1b: Glimmora|Earth Power|p2a: Ghengas Khan
|-supereffective|p2a: Ghengas Khan|1
|-damage|p2a: Ghengas Khan|22/100
|-unboost|p2a: Ghengas Khan|spd|1
|
|-weather|SunnyDay|[upkeep]
|-heal|p2b: Can of Soup|70/100|[from] item: Leftovers
|upkeep
|turn|5
|-message|TheLeoj forfeited.
|
|win|melon storme
