|j|☆Shishio_Ax
|j|☆Chochito Pelao
|html|Shishio_AxChochito Pelao    
|uhtml|bestof|Game 1 of a best-of-3
|t:|1785261455
|gametype|doubles
|player|p1|Shishio_Ax|chili|
|player|p2|Chochito Pelao|striker|
|gen|9
|tier|[Gen 9 Champions] VGC 2026 Reg M-B (Bo3)
|rule|Species Clause: Limit one of each Pokémon
|rule|Item Clause: Limit 1 of each item
|clearpoke
|poke|p1|Delphox, L50, F|
|poke|p1|Staraptor, L50, F|
|poke|p1|Sneasler, L50, M|
|poke|p1|Kingambit, L50, M|
|poke|p1|Garchomp, L50, M|
|poke|p1|Whimsicott, L50, F|
|poke|p2|Charizard, L50, F|
|poke|p2|Kingambit, L50, M|
|poke|p2|Sylveon, L50, M|
|poke|p2|Garchomp, L50, M|
|poke|p2|Aerodactyl, L50, F|
|poke|p2|Farigiraf, L50, M|
|teampreview|4
|showteam|p1|Delphox||Delphoxite|Blaze|HeatWave,Psyshock,NastyPlot,Protect|Timid||F|||50|]Staraptor||Staraptite|Intimidate|CloseCombat,BraveBird,Roost,Protect|Jolly||F|||50|]Sneasler||FocusSash|PoisonTouch|DireClaw,CloseCombat,FakeOut,QuickGuard|Adamant||M|||50|]Kingambit||BlackGlasses|Defiant|KowtowCleave,SuckerPunch,SwordsDance,Protect|Adamant||M|||50|]Garchomp||LifeOrb|RoughSkin|DragonClaw,Earthquake,RockSlide,Protect|Jolly||M|||50|]Whimsicott||OccaBerry|Prankster|Moonblast,Tailwind,Encore,Charm|Timid||F|||50|
|showteam|p2|Charizard||CharizarditeY|SolarPower|WeatherBall,HeatWave,SolarBeam,Protect|Modest||F|||50|]Kingambit||FocusSash|Defiant|IronHead,SuckerPunch,KowtowCleave,LowKick|Adamant||M|||50|]Sylveon||FairyFeather|Pixilate|Protect,HyperVoice,HyperBeam,QuickAttack|Modest||M|||50|]Garchomp||LifeOrb|RoughSkin|Protect,DragonClaw,Earthquake,RockSlide|Jolly||M|||50|]Aerodactyl||Aerodactylite|Unnerve|IceFang,RockSlide,Tailwind,DualWingbeat|Jolly||F|||50|]Farigiraf||SitrusBerry|ArmorTail|TrickRoom,Psychic,Thunderbolt,SunnyDay|Bold||M|||50|
|
|t:|1785261500
|teamsize|p1|4
|teamsize|p2|4
|start
|switch|p1a: Staraptor|Staraptor, L50, F|100/100
|switch|p1b: Kingambit|Kingambit, L50, M|100/100
|switch|p2a: Aerodactyl|Aerodactyl, L50, F|100/100
|switch|p2b: Sylveon|Sylveon, L50, M|100/100
|-ability|p2a: Aerodactyl|Unnerve
|-ability|p1a: Staraptor|Intimidate|boost
|-unboost|p2a: Aerodactyl|atk|1
|-unboost|p2b: Sylveon|atk|1
|turn|1
|
|t:|1785261523
|switch|p1a: Whimsicott|Whimsicott, L50, F|100/100
|move|p2a: Aerodactyl|Tailwind|p2a: Aerodactyl
|-sidestart|p2: Chochito Pelao|move: Tailwind
|move|p2b: Sylveon|Hyper Beam|p1b: Kingambit|[miss]
|-miss|p2b: Sylveon|p1b: Kingambit
|move|p1b: Kingambit|Kowtow Cleave|p2a: Aerodactyl
|-damage|p2a: Aerodactyl|11/100
|
|upkeep
|turn|2
|
|t:|1785261577
|move|p1a: Whimsicott|Encore|p2b: Sylveon
|-start|p2b: Sylveon|Encore
|move|p1b: Kingambit|Sucker Punch|p2a: Aerodactyl
|-damage|p2a: Aerodactyl|0 fnt
|faint|p2a: Aerodactyl
|move|p2b: Sylveon|Hyper Beam|p1a: Whimsicott
|-damage|p1a: Whimsicott|0 fnt
|-mustrecharge|p2b: Sylveon
|faint|p1a: Whimsicott
|
|upkeep
|
|t:|1785261587
|switch|p2a: Charizard|Charizard, L50, F|100/100
|switch|p1a: Garchomp|Garchomp, L50, M|100/100
|turn|3
|
|t:|1785261604
|detailschange|p2a: Charizard|Charizard-Mega-Y, L50, F
|-mega|p2a: Charizard|Charizard|Charizardite Y
|-weather|SunnyDay|[from] ability: Drought|[of] p2a: Charizard
|move|p1b: Kingambit|Protect|p1b: Kingambit
|-singleturn|p1b: Kingambit|Protect
|move|p2a: Charizard|Heat Wave|p1a: Garchomp|[spread] p1a
|-activate|p1b: Kingambit|move: Protect
|-resisted|p1a: Garchomp|1
|-damage|p1a: Garchomp|67/100
|cant|p2b: Sylveon|recharge
|move|p1a: Garchomp|Rock Slide|p2a: Charizard|[spread] p2a,p2b
|-supereffective|p2a: Charizard|2
|-damage|p2a: Charizard|3/100
|-damage|p2b: Sylveon|70/100
|-damage|p1a: Garchomp|58/100|[from] item: Life Orb
|
|-weather|SunnyDay|[upkeep]
|upkeep
|turn|4
|
|t:|1785261636
|move|p1a: Garchomp|Protect|p1a: Garchomp
|-singleturn|p1a: Garchomp|Protect
|move|p1b: Kingambit|Sucker Punch|p2b: Sylveon
|-resisted|p2b: Sylveon|1
|-damage|p2b: Sylveon|42/100
|move|p2a: Charizard|Solar Beam||[still]
|-prepare|p2a: Charizard|Solar Beam
|-anim|p2a: Charizard|Solar Beam|p1a: Garchomp
|-activate|p1a: Garchomp|move: Protect
|move|p2b: Sylveon|Hyper Beam|p1b: Kingambit
|-damage|p1b: Kingambit|4/100
|-mustrecharge|p2b: Sylveon
|
|-weather|SunnyDay|[upkeep]
|-end|p2b: Sylveon|Encore
|-sideend|p2: Chochito Pelao|move: Tailwind
|upkeep
|turn|5
|
|t:|1785261658
|move|p2a: Charizard|Protect|p2a: Charizard
|-singleturn|p2a: Charizard|Protect
|move|p1a: Garchomp|Dragon Claw|p2a: Charizard
|-activate|p2a: Charizard|move: Protect
|cant|p2b: Sylveon|recharge
|move|p1b: Kingambit|Kowtow Cleave|p2b: Sylveon
|-resisted|p2b: Sylveon|1
|-damage|p2b: Sylveon|11/100
|
|-weather|SunnyDay|[upkeep]
|upkeep
|turn|6
|
|t:|1785261676
|move|p1b: Kingambit|Protect|p1b: Kingambit
|-singleturn|p1b: Kingambit|Protect
|move|p2b: Sylveon|Quick Attack|p1b: Kingambit
|-activate|p1b: Kingambit|move: Protect
|move|p1a: Garchomp|Earthquake|p2b: Sylveon|[spread] p2b
|-activate|p1b: Kingambit|move: Protect
|-immune|p2a: Charizard
|-damage|p2b: Sylveon|0 fnt
|faint|p2b: Sylveon
|-damage|p1a: Garchomp|48/100|[from] item: Life Orb
|move|p2a: Charizard|Solar Beam||[still]
|-prepare|p2a: Charizard|Solar Beam
|-anim|p2a: Charizard|Solar Beam|p1a: Garchomp
|-damage|p1a: Garchomp|3/100
|
|-weather|SunnyDay|[upkeep]
|upkeep
|
|t:|1785261682
|switch|p2b: Garchomp|Garchomp, L50, M|100/100
|turn|7
|
|t:|1785261716
|switch|p1a: Staraptor|Staraptor, L50, F|100/100
|-ability|p1a: Staraptor|Intimidate|boost
|-unboost|p2a: Charizard|atk|1
|-unboost|p2b: Garchomp|atk|1
|move|p2a: Charizard|Protect|p2a: Charizard
|-singleturn|p2a: Charizard|Protect
|move|p1b: Kingambit|Sucker Punch||[still]
|-fail|p1b: Kingambit
|move|p2b: Garchomp|Earthquake|p1b: Kingambit|[spread] p1b
|-activate|p2a: Charizard|move: Protect
|-immune|p1a: Staraptor
|-supereffective|p1b: Kingambit|1
|-damage|p1b: Kingambit|0 fnt
|faint|p1b: Kingambit
|-damage|p2b: Garchomp|90/100|[from] item: Life Orb
|
|-weather|none
|upkeep
|
|t:|1785261721
|switch|p1b: Garchomp|Garchomp, L50, M|3/100
|turn|8
|
|t:|1785261727
|detailschange|p1a: Staraptor|Staraptor-Mega, L50, F
|-mega|p1a: Staraptor|Staraptor|Staraptite
|move|p1a: Staraptor|Close Combat|p2a: Charizard
|-resisted|p2a: Charizard|1
|-damage|p2a: Charizard|0 fnt
|-boost|p1a: Staraptor|def|1
|-boost|p1a: Staraptor|spd|1
|faint|p2a: Charizard
|move|p2b: Garchomp|Rock Slide|p1a: Staraptor|[spread] p1a,p1b
|-resisted|p1b: Garchomp|1
|-damage|p1a: Staraptor|87/100
|-damage|p1b: Garchomp|0 fnt
|faint|p1b: Garchomp
|-damage|p2b: Garchomp|80/100|[from] item: Life Orb
|
|upkeep
|turn|9
|
|t:|1785261734
|move|p1a: Staraptor|Close Combat|p2b: Garchomp
|-damage|p2b: Garchomp|19/100
|-boost|p1a: Staraptor|def|1
|-boost|p1a: Staraptor|spd|1
|-damage|p1a: Staraptor|75/100|[from] ability: Rough Skin|[of] p2b: Garchomp
|move|p2b: Garchomp|Dragon Claw|p1a: Staraptor
|-damage|p1a: Staraptor|53/100
|-damage|p2b: Garchomp|9/100|[from] item: Life Orb
|
|upkeep
|turn|10
|
|t:|1785261742
|move|p2b: Garchomp|Protect|p2b: Garchomp
|-singleturn|p2b: Garchomp|Protect
|move|p1a: Staraptor|Close Combat|p2b: Garchomp
|-activate|p2b: Garchomp|move: Protect
|
|upkeep
|turn|11
|
|t:|1785261746
|move|p2b: Garchomp|Protect|p2b: Garchomp
|-singleturn|p2b: Garchomp|Protect
|move|p1a: Staraptor|Close Combat|p2b: Garchomp
|-activate|p2b: Garchomp|move: Protect
|
|upkeep
|turn|12
|
|t:|1785261750
|move|p2b: Garchomp|Protect||[still]
|-fail|p2b: Garchomp
|move|p1a: Staraptor|Close Combat|p2b: Garchomp
|-damage|p2b: Garchomp|0 fnt
|-boost|p1a: Staraptor|def|1
|-boost|p1a: Staraptor|spd|1
|-damage|p1a: Staraptor|41/100|[from] ability: Rough Skin|[of] p2b: Garchomp
|faint|p2b: Garchomp
|
|win|Shishio_Ax
||Chochito Pelao is ready for game 2.
||Shishio_Ax is ready for game 2.
|uhtml|next|Next: Game 2 of 3
