|j|☆LeDGeNDaRY95
|j|☆OddBentCrow
|html|LeDGeNDaRY95OddBentCrow    
|uhtml|bestof|Game 1 of a best-of-3
|t:|1757045068
|gametype|doubles
|player|p1|LeDGeNDaRY95|lucas|1098
|player|p2|OddBentCrow|unknown|1046
|gen|9
|tier|[Gen 9] VGC 2025 Reg H (Bo3)
|rated|
|rule|Species Clause: Limit one of each Pokémon
|rule|Item Clause: Limit 1 of each item
|clearpoke
|poke|p1|Mamoswine, L50, M|
|poke|p1|Talonflame, L50, M|
|poke|p1|Archaludon, L50, F|
|poke|p1|Conkeldurr, L50, M|
|poke|p1|Dragapult, L50, M|
|poke|p1|Sinistcha, L50|
|poke|p2|Sneasler, L50, M|
|poke|p2|Electabuzz, L50, M|
|poke|p2|Kingambit, L50, F|
|poke|p2|Rillaboom, L50, M|
|poke|p2|Volcarona, L50, M|
|poke|p2|Incineroar, L50, F|
|teampreview|4
|showteam|p1|Mamoswine||LoadedDice|ThickFat|Protect,HighHorsepower,IcicleSpear,Haze|||M|||50|,,,,,Bug]Talonflame||CovertCloak|GaleWings|Protect,Tailwind,BraveBird,FlareBlitz|||M|||50|,,,,,Fire]Archaludon||AssaultVest|Stamina|DragonPulse,Thunderbolt,FlashCannon,BodyPress|||F|||50|,,,,,Grass]Conkeldurr||FlameOrb|Guts|Protect,CloseCombat,MachPunch,ThunderPunch|||M|||50|,,,,,Dark]Dragapult||ChoiceBand|ClearBody|DragonDarts,SuckerPunch,TeraBlast,Uturn|||M|||50|,,,,,Ghost]Sinistcha||SitrusBerry|Hospitality|TrickRoom,MatchaGotcha,LifeDew,RagePowder||||||50|,,,,,Fire
|showteam|p2|Sneasler||FocusSash|PoisonTouch|DireClaw,Coaching,Protect,CloseCombat|||M|||50|,,,,,Stellar]Electabuzz||Eviolite|VitalSpirit|FollowMe,Thunderbolt,Taunt,Protect|||M|||50|,,,,,Ghost]Kingambit||BlackGlasses|Defiant|KowtowCleave,SwordsDance,SuckerPunch,Protect|||F|||50|,,,,,Dark]Rillaboom||AssaultVest|GrassySurge|WoodHammer,Uturn,GrassyGlide,FakeOut|||M|||50|,,,,,Water]Volcarona||CovertCloak|FlameBody|FieryDance,TeraBlast,QuiverDance,Protect|||M|||50|,,,,,Fairy]Incineroar||RockyHelmet|Intimidate|KnockOff,WillOWisp,FakeOut,PartingShot|||F|||50|,,,,,Ghost
|inactive|Battle timer is ON: inactive players will automatically lose when time's up. (requested by LeDGeNDaRY95)
|inactive|LeDGeNDaRY95 has 60 seconds left.
|inactive|OddBentCrow has 60 seconds left.
|inactive|LeDGeNDaRY95 has 30 seconds left.
|inactive|LeDGeNDaRY95 has 20 seconds left.
|inactive|LeDGeNDaRY95 has 15 seconds left.
|inactive|LeDGeNDaRY95 has 10 seconds left.
|
|t:|1757045151
|teamsize|p1|4
|teamsize|p2|4
|start
|switch|p1a: Talonflame|Talonflame, L50, M, shiny|100/100
|switch|p1b: Conkeldurr|Conkeldurr, L50, M|100/100
|switch|p2a: Sneasler|Sneasler, L50, M|100/100
|switch|p2b: Incineroar|Incineroar, L50, F|100/100
|-ability|p2b: Incineroar|Intimidate|boost
|-unboost|p1a: Talonflame|atk|1
|-unboost|p1b: Conkeldurr|atk|1
|turn|1
|inactive|LeDGeNDaRY95 has 30 seconds left.
|inactive|OddBentCrow has 30 seconds left.
|inactive|OddBentCrow has 20 seconds left.
|inactive|OddBentCrow has 15 seconds left.
|inactive|OddBentCrow has 10 seconds left.
|inactive|OddBentCrow has 5 seconds left.
|
|t:|1757045206
|move|p1b: Conkeldurr|Protect|p1b: Conkeldurr
|-singleturn|p1b: Conkeldurr|Protect
|move|p1a: Talonflame|Brave Bird|p2a: Sneasler
|-supereffective|p2a: Sneasler
|-enditem|p2a: Sneasler|Focus Sash
|-damage|p2a: Sneasler|1/100
|-damage|p1a: Talonflame|67/100|[from] Recoil
|move|p2a: Sneasler|Dire Claw|p1b: Conkeldurr
|-activate|p1b: Conkeldurr|move: Protect
|move|p2b: Incineroar|Knock Off|p1b: Conkeldurr
|-activate|p1b: Conkeldurr|move: Protect
|
|-status|p1b: Conkeldurr|brn|[from] item: Flame Orb
|upkeep
|turn|2
|
|t:|1757045221
|move|p2a: Sneasler|Protect|p2a: Sneasler
|-singleturn|p2a: Sneasler|Protect
|move|p1b: Conkeldurr|Mach Punch|p2a: Sneasler
|-activate|p2a: Sneasler|move: Protect
|move|p1a: Talonflame|Tailwind|p1a: Talonflame
|-sidestart|p1: LeDGeNDaRY95|move: Tailwind
|move|p2b: Incineroar|Parting Shot|p1b: Conkeldurr
|-unboost|p1b: Conkeldurr|atk|1
|-unboost|p1b: Conkeldurr|spa|1
|
|t:|1757045227
|switch|p2b: Volcarona|Volcarona, L50, M|100/100|[from] Parting Shot
|
|-damage|p1b: Conkeldurr|94/100 brn|[from] brn
|upkeep
|turn|3
|inactive|OddBentCrow has 30 seconds left.
|inactive|OddBentCrow has 20 seconds left.
|
|t:|1757045265
|move|p1b: Conkeldurr|Mach Punch|p2a: Sneasler
|-resisted|p2a: Sneasler
|-damage|p2a: Sneasler|0 fnt
|faint|p2a: Sneasler
|move|p1a: Talonflame|Brave Bird|p2b: Volcarona
|-supereffective|p2b: Volcarona
|-damage|p2b: Volcarona|29/100
|-damage|p1a: Talonflame|38/100|[from] Recoil
|move|p2b: Volcarona|Quiver Dance|p2b: Volcarona
|-boost|p2b: Volcarona|spa|1
|-boost|p2b: Volcarona|spd|1
|-boost|p2b: Volcarona|spe|1
|
|-damage|p1b: Conkeldurr|88/100 brn|[from] brn
|upkeep
|
|t:|1757045271
|switch|p2a: Incineroar|Incineroar, L50, F|100/100
|-ability|p2a: Incineroar|Intimidate|boost
|-unboost|p1a: Talonflame|atk|1
|-unboost|p1b: Conkeldurr|atk|1
|turn|4
|
|t:|1757045293
|switch|p1b: Dragapult|Dragapult, L50, M|100/100
|move|p2b: Volcarona|Protect|p2b: Volcarona
|-singleturn|p2b: Volcarona|Protect
|move|p1a: Talonflame|Brave Bird|p2b: Volcarona
|-activate|p2b: Volcarona|move: Protect
|move|p2a: Incineroar|Knock Off|p1a: Talonflame
|-damage|p1a: Talonflame|0 fnt
|-enditem|p1a: Talonflame|Covert Cloak|[from] move: Knock Off|[of] p2a: Incineroar
|faint|p1a: Talonflame
|
|upkeep
|
|t:|1757045302
|switch|p1a: Conkeldurr|Conkeldurr, L50, M|88/100 brn
|turn|5
|
|t:|1757045322
|move|p2b: Volcarona|Protect||[still]
|-fail|p2b: Volcarona
|move|p1b: Dragapult|Dragon Darts|p2b: Volcarona
|-damage|p2b: Volcarona|0 fnt
|-anim|p1b: Dragapult|Dragon Darts|p2a: Incineroar
|-damage|p2a: Incineroar|69/100
|faint|p2b: Volcarona
|move|p1a: Conkeldurr|Close Combat|p2a: Incineroar
|-supereffective|p2a: Incineroar
|-damage|p2a: Incineroar|0 fnt
|-unboost|p1a: Conkeldurr|def|1
|-unboost|p1a: Conkeldurr|spd|1
|-damage|p1a: Conkeldurr|72/100 brn|[from] item: Rocky Helmet|[of] p2a: Incineroar
|faint|p2a: Incineroar
|
|-damage|p1a: Conkeldurr|66/100 brn|[from] brn
|-sideend|p1: LeDGeNDaRY95|move: Tailwind
|upkeep
|
|t:|1757045338
|switch|p2a: Kingambit|Kingambit, L50, F|100/100
|turn|6
|
|t:|1757045346
|switch|p1b: Mamoswine|Mamoswine, L50, M|100/100
|-terastallize|p2a: Kingambit|Dark
|move|p2a: Kingambit|Sucker Punch||[still]
|-fail|p2a: Kingambit
|move|p1a: Conkeldurr|Mach Punch|p2a: Kingambit
|-supereffective|p2a: Kingambit
|-damage|p2a: Kingambit|48/100
|
|-damage|p1a: Conkeldurr|59/100 brn|[from] brn
|upkeep
|turn|7
|
|t:|1757045359
|move|p2a: Kingambit|Sucker Punch|p1a: Conkeldurr
|-resisted|p1a: Conkeldurr
|-damage|p1a: Conkeldurr|15/100 brn
|move|p1a: Conkeldurr|Mach Punch|p2a: Kingambit
|-supereffective|p2a: Kingambit
|-damage|p2a: Kingambit|0 fnt
|faint|p2a: Kingambit
|
|win|LeDGeNDaRY95
||LeDGeNDaRY95 is ready for game 2.
|raw|LeDGeNDaRY95's rating: 1098 → 1120(+22 for winning)
|raw|OddBentCrow's rating: 1046 → 1032(-14 for losing)
|l|☆OddBentCrow
|player|p2|
