|j|☆Northgdh
|j|☆Kosluger
|html|NorthgdhKosluger    
|uhtml|bestof|Game 2 of a best-of-3
|t:|1783953299
|gametype|doubles
|player|p1|Northgdh|102|1265
|player|p2|Kosluger|266|1130
|gen|9
|tier|[Gen 9 Champions] VGC 2026 Reg M-B (Bo3)
|rated|
|rule|Species Clause: Limit one of each Pokémon
|rule|Item Clause: Limit 1 of each item
|clearpoke
|poke|p1|Incineroar, L50, M, shiny|
|poke|p1|Delphox, L50, F, shiny|
|poke|p1|Sinistcha, L50|
|poke|p1|Kingambit, L50, M, shiny|
|poke|p1|Blastoise, L50, M, shiny|
|poke|p1|Sneasler, L50, M|
|poke|p2|Farigiraf, L50, F|
|poke|p2|Camerupt, L50, M|
|poke|p2|Kingambit, L50, F|
|poke|p2|Blastoise, L50, M|
|poke|p2|Staraptor, L50, F|
|poke|p2|Sinistcha, L50|
|teampreview|4
|showteam|p1|Incineroar||SitrusBerry|Intimidate|FlareBlitz,FakeOut,HelpingHand,PartingShot|Impish||M|||50|]Delphox||Delphoxite|Blaze|HeatWave,Psychic,NastyPlot,Protect|Timid||F|||50|]Sinistcha||KasibBerry|Hospitality|MatchaGotcha,RagePowder,LifeDew,Protect|Bold|||||50|]Kingambit||LifeOrb|Defiant|KowtowCleave,SuckerPunch,SwordsDance,Protect|Adamant||M|||50|]Blastoise||Blastoisinite|RainDish|WaterSpout,DarkPulse,ShellSmash,Protect|Modest||M|||50|]Sneasler||FocusSash|PoisonTouch|CloseCombat,PoisonJab,FakeOut,QuickGuard|Jolly||M|||50|
|showteam|p2|Farigiraf||ColburBerry|ArmorTail|HelpingHand,Thunderbolt,TrickRoom,Psychic|Sassy||F|||50|]Camerupt||Cameruptite|SolidRock|Protect,HeatWave,AncientPower,EarthPower|Quiet||M|||50|]Kingambit||FocusSash|Defiant|SuckerPunch,KowtowCleave,Protect,IronHead|Brave||F|||50|]Blastoise||Blastoisinite|Torrent|Protect,WaterSpout,DarkPulse,FakeOut|Quiet||M|||50|]Staraptor||ChoiceScarf|Intimidate|Uturn,FinalGambit,CloseCombat,BraveBird|Adamant||F|||50|]Sinistcha||KasibBerry|Hospitality|Protect,RagePowder,ShadowBall,MatchaGotcha|Quiet|||||50|
|inactive|Battle timer is ON: inactive players will automatically lose when time's up. (requested by Northgdh)
|inactive|Kosluger has 60 seconds left.
|inactive|Northgdh has 60 seconds left.
|
|t:|1783953350
|teamsize|p1|4
|teamsize|p2|4
|start
|switch|p1a: begged|Blastoise, L50, M, shiny|100/100
|switch|p1b: the cure|Sinistcha, L50|100/100
|switch|p2a: Farigiraf|Farigiraf, L50, F|100/100
|switch|p2b: Blastoise|Blastoise, L50, M|100/100
|turn|1
|inactive|Kosluger has 30 seconds left.
|
|t:|1783953378
|detailschange|p1a: begged|Blastoise-Mega, L50, M, shiny
|-mega|p1a: begged|Blastoise|Blastoisinite
|detailschange|p2b: Blastoise|Blastoise-Mega, L50, M
|-mega|p2b: Blastoise|Blastoise|Blastoisinite
|move|p1a: begged|Dark Pulse|p2a: Farigiraf
|-supereffective|p2a: Farigiraf|1
|-enditem|p2a: Farigiraf|Colbur Berry|[eat]
|-enditem|p2a: Farigiraf|Colbur Berry|[weaken]
|-damage|p2a: Farigiraf|62/100
|move|p1b: the cure|Matcha Gotcha|p2b: Blastoise|[spread] p2a
|-miss|p1b: the cure|p2b: Blastoise
|-damage|p2a: Farigiraf|44/100
|move|p2b: Blastoise|Dark Pulse|p1b: the cure
|-supereffective|p1b: the cure|1
|-damage|p1b: the cure|0 fnt
|faint|p1b: the cure
|move|p2a: Farigiraf|Trick Room|p2a: Farigiraf
|-fieldstart|move: Trick Room|[of] p2a: Farigiraf
|
|upkeep
|c|☆Northgdh|Huge miss
|c|☆Northgdh|Love this game
|c|☆Kosluger|yeah its great
|
|t:|1783953403
|switch|p1b: drop dead|Kingambit, L50, M, shiny|100/100
|turn|2
|
|t:|1783953412
|move|p2a: Farigiraf|Thunderbolt|p1a: begged
|-supereffective|p1a: begged|1
|-damage|p1a: begged|52/100
|move|p1b: drop dead|Kowtow Cleave|p2b: Blastoise
|-damage|p2b: Blastoise|47/100
|-damage|p1b: drop dead|90/100|[from] item: Life Orb
|move|p2b: Blastoise|Dark Pulse|p1a: begged
|-damage|p1a: begged|1/100
|move|p1a: begged|Dark Pulse|p2a: Farigiraf
|-supereffective|p2a: Farigiraf|1
|-crit|p2a: Farigiraf
|-damage|p2a: Farigiraf|0 fnt
|faint|p2a: Farigiraf
|
|upkeep
|
|t:|1783953427
|switch|p2a: Camerupt|Camerupt, L50, M|100/100
|turn|3
|
|t:|1783953444
|switch|p2b: Kingambit|Kingambit, L50, F|100/100
|move|p1b: drop dead|Protect|p1b: drop dead
|-singleturn|p1b: drop dead|Protect
|move|p2a: Camerupt|Heat Wave|p1b: drop dead|[spread] p1a
|-activate|p1b: drop dead|move: Protect
|-resisted|p1a: begged|1
|-damage|p1a: begged|0 fnt
|faint|p1a: begged
|
|upkeep
|
|t:|1783953450
|switch|p1a: honeybee|Sneasler, L50, M|100/100
|turn|4
|
|t:|1783953463
|move|p1a: honeybee|Fake Out|p2a: Camerupt
|-damage|p2a: Camerupt|82/100
|-status|p2a: Camerupt|psn|[from] ability: Poison Touch|[of] p1a: honeybee
|cant|p2a: Camerupt|flinch
|move|p2b: Kingambit|Kowtow Cleave|p1b: drop dead
|-resisted|p1b: drop dead|1
|-damage|p1b: drop dead|70/100
|move|p1b: drop dead|Swords Dance|p1b: drop dead
|-boost|p1b: drop dead|atk|2
|
|-damage|p2a: Camerupt|70/100 psn|[from] psn
|upkeep
|turn|5
|inactive|Kosluger has 30 seconds left.
|
|t:|1783953494
|move|p2a: Camerupt|Protect|p2a: Camerupt
|-singleturn|p2a: Camerupt|Protect
|move|p1b: drop dead|Sucker Punch||[still]
|-fail|p1b: drop dead
|move|p2b: Kingambit|Iron Head|p1a: honeybee
|-damage|p1a: honeybee|25/100
|move|p1a: honeybee|Close Combat|p2b: Kingambit
|-supereffective|p2b: Kingambit|2
|-enditem|p2b: Kingambit|Focus Sash
|-damage|p2b: Kingambit|1/100
|-unboost|p1a: honeybee|def|1
|-unboost|p1a: honeybee|spd|1
|
|-damage|p2a: Camerupt|57/100 psn|[from] psn
|-fieldend|move: Trick Room
|upkeep
|turn|6
|inactive|Kosluger has 30 seconds left.
|
|t:|1783953519
|move|p1a: honeybee|Quick Guard|p1a: honeybee
|-singleturn|p1a: honeybee|Quick Guard
|move|p2b: Kingambit|Sucker Punch||[still]
|-fail|p2b: Kingambit
|move|p1b: drop dead|Kowtow Cleave|p2a: Camerupt
|-damage|p2a: Camerupt|0 fnt
|faint|p2a: Camerupt
|-damage|p1b: drop dead|60/100|[from] item: Life Orb
|
|upkeep
|-message|Kosluger forfeited.
|
|win|Northgdh
|raw|Northgdh's rating: 1265 → 1281(+16 for winning)
|raw|Kosluger's rating: 1130 → 1114(-16 for losing)
|l|☆Kosluger
|player|p2|
