|j|☆Kiquemo
|j|☆tuckered out1
|html|Kiquemotuckered out1    
|uhtml|bestof|Game 3 of a best-of-3
|t:|1756449446
|gametype|doubles
|player|p1|Kiquemo|170|1000
|player|p2|tuckered out1|gentleman-gen4|1058
|gen|9
|tier|[Gen 9] VGC 2025 Reg H (Bo3)
|rated|
|rule|Species Clause: Limit one of each Pokémon
|rule|Item Clause: Limit 1 of each item
|clearpoke
|poke|p1|Toedscruel, L50, F|
|poke|p1|Archaludon, L50, M|
|poke|p1|Pelipper, L50, F|
|poke|p1|Araquanid, L50, F|
|poke|p1|Tinkaton, L50, F|
|poke|p1|Gholdengo, L50|
|poke|p2|Ninetales-Alola, L50, M|
|poke|p2|Sandslash-Alola, L50, F|
|poke|p2|Bronzong, L50|
|poke|p2|Blastoise, L50, F|
|poke|p2|Camerupt, L50, M|
|poke|p2|Amoonguss, L50, M|
|teampreview|4
|showteam|p1|Toedscruel||CovertCloak|MyceliumMight|Spore,RagePowder,AcidSpray,EarthPower|||F|||50|,,,,,Water]Archaludon||AssaultVest|Stalwart|ElectroShot,DragonPulse,FlashCannon,BodyPress|||M|||50|,,,,,Grass]Pelipper||FocusSash|Drizzle|Hurricane,WeatherBall,Tailwind,Protect|||F|||50|,,,,,Ghost]Araquanid||MysticWater|WaterBubble|Liquidation,LeechLife,Lunge,WideGuard|||F|||50|,,,,,Water]Tinkaton||Leftovers|MoldBreaker|FakeOut,HelpingHand,ThunderWave,GigatonHammer|||F|||50|,,,,,Steel]Gholdengo||ChoiceScarf|GoodasGold|MakeItRain,ShadowBall,Trick,Protect||||||50|,,,,,Flying
|showteam|p2|Ninetales-Alola||FocusSash|SnowWarning|AuroraVeil,Protect,Blizzard,DazzlingGleam|||M|||50|,,,,,Fairy]Sandslash-Alola||LifeOrb|SlushRush|IronHead,Earthquake,TripleAxel,RockSlide|||F|||50|,,,,,Water]Bronzong||OccaBerry|Levitate|GyroBall,Protect,Bulldoze,TrickRoom||||||50|,,,,,Grass]Blastoise||WhiteHerb|Torrent|ShellSmash,WaterSpout,Protect,HydroPump|||F|||50|,,,,,Water]Camerupt||WeaknessPolicy|SolidRock|Eruption,Protect,EarthPower,HeatWave|||M|||50|,,,,,Fairy]Amoonguss||CovertCloak|Regenerator|Spore,PollenPuff,Protect,RagePowder|||M|||50|,,,,,Water
|inactive|Battle timer is ON: inactive players will automatically lose when time's up. (requested by tuckered out1)
|
|t:|1756449463
|teamsize|p1|4
|teamsize|p2|4
|start
|switch|p1a: Tinkaton|Tinkaton, L50, F|100/100
|switch|p1b: Gholdengo|Gholdengo, L50|100/100
|switch|p2a: Ninetales|Ninetales-Alola, L50, M|100/100
|switch|p2b: Sandslash|Sandslash-Alola, L50, F|100/100
|-weather|Snowscape|[from] ability: Snow Warning|[of] p2a: Ninetales
|-ability|p1a: Tinkaton|Mold Breaker
|turn|1
|inactive|Kiquemo has 30 seconds left.
|inactive|Kiquemo has 20 seconds left.
|inactive|Kiquemo has 15 seconds left.
|
|t:|1756449504
|switch|p2a: Bronzong|Bronzong, L50|100/100
|move|p1a: Tinkaton|Fake Out|p2b: Sandslash
|-resisted|p2b: Sandslash
|-damage|p2b: Sandslash|98/100
|cant|p2b: Sandslash|flinch
|move|p1b: Gholdengo|Make It Rain|p2a: Bronzong|[spread] p2a,p2b
|-resisted|p2a: Bronzong
|-damage|p2a: Bronzong|84/100
|-damage|p2b: Sandslash|28/100
|-unboost|p1b: Gholdengo|spa|1
|
|-weather|Snowscape|[upkeep]
|upkeep
|turn|2
|
|t:|1756449517
|switch|p1b: Pelipper|Pelipper, L50, F|100/100
|-weather|RainDance|[from] ability: Drizzle|[of] p1b: Pelipper
|move|p1a: Tinkaton|Thunder Wave|p2a: Bronzong
|-status|p2a: Bronzong|par
|move|p2b: Sandslash|Earthquake|p1b: Pelipper|[spread] p1a
|-immune|p2a: Bronzong|[from] ability: Levitate
|-immune|p1b: Pelipper
|-supereffective|p1a: Tinkaton
|-damage|p1a: Tinkaton|42/100
|-damage|p2b: Sandslash|19/100|[from] item: Life Orb
|move|p2a: Bronzong|Trick Room|p2a: Bronzong
|-fieldstart|move: Trick Room|[of] p2a: Bronzong
|
|-weather|RainDance|[upkeep]
|-heal|p1a: Tinkaton|48/100|[from] item: Leftovers
|upkeep
|turn|3
|inactive|Kiquemo has 30 seconds left.
|
|t:|1756449542
|move|p2a: Bronzong|Protect|p2a: Bronzong
|-singleturn|p2a: Bronzong|Protect
|move|p2b: Sandslash|Rock Slide|p1a: Tinkaton|[spread] p1a,p1b
|-resisted|p1a: Tinkaton
|-supereffective|p1b: Pelipper
|-damage|p1a: Tinkaton|39/100
|-damage|p1b: Pelipper|35/100
|-damage|p2b: Sandslash|9/100|[from] item: Life Orb
|move|p1a: Tinkaton|Gigaton Hammer|p2b: Sandslash
|-damage|p2b: Sandslash|0 fnt
|faint|p2b: Sandslash
|move|p1b: Pelipper|Weather Ball|p2a: Bronzong
|-activate|p2a: Bronzong|move: Protect
|
|-weather|RainDance|[upkeep]
|-heal|p1a: Tinkaton|45/100|[from] item: Leftovers
|upkeep
|
|t:|1756449550
|switch|p2b: Camerupt|Camerupt, L50, M|100/100
|turn|4
|
|t:|1756449571
|switch|p2a: Ninetales|Ninetales-Alola, L50, M|100/100
|-weather|Snowscape|[from] ability: Snow Warning|[of] p2a: Ninetales
|move|p1a: Tinkaton|Helping Hand|p1b: Pelipper
|-singleturn|p1b: Pelipper|Helping Hand|[of] p1a: Tinkaton
|move|p2b: Camerupt|Eruption|p1b: Pelipper|[spread] p1a,p1b
|-supereffective|p1a: Tinkaton
|-resisted|p1b: Pelipper
|-crit|p1b: Pelipper
|-damage|p1a: Tinkaton|0 fnt
|-damage|p1b: Pelipper|0 fnt
|faint|p1a: Tinkaton
|faint|p1b: Pelipper
|
|-weather|Snowscape|[upkeep]
|upkeep
|
|t:|1756449580
|switch|p1a: Gholdengo|Gholdengo, L50|100/100
|switch|p1b: Archaludon|Archaludon, L50, M|100/100
|turn|5
|
|t:|1756449594
|-terastallize|p1a: Gholdengo|Flying
|move|p2b: Camerupt|Eruption|p1a: Gholdengo|[spread] p1a,p1b
|-damage|p1a: Gholdengo|51/100
|-damage|p1b: Archaludon|56/100
|move|p1b: Archaludon|Flash Cannon|p2a: Ninetales
|-supereffective|p2a: Ninetales
|-enditem|p2a: Ninetales|Focus Sash
|-damage|p2a: Ninetales|1/100
|move|p2a: Ninetales|Aurora Veil|p2a: Ninetales
|-sidestart|p2: tuckered out1|move: Aurora Veil
|move|p1a: Gholdengo|Shadow Ball|p2b: Camerupt
|-damage|p2b: Camerupt|64/100
|
|-weather|Snowscape|[upkeep]
|upkeep
|turn|6
|
|t:|1756449617
|move|p2b: Camerupt|Heat Wave|p1b: Archaludon|[spread] p1a,p1b
|-damage|p1a: Gholdengo|17/100
|-damage|p1b: Archaludon|28/100
|move|p1b: Archaludon|Dragon Pulse|p2b: Camerupt
|-damage|p2b: Camerupt|22/100
|move|p2a: Ninetales|Blizzard|p1b: Archaludon|[spread] p1a,p1b
|-supereffective|p1a: Gholdengo
|-damage|p1a: Gholdengo|0 fnt
|-damage|p1b: Archaludon|3/100
|faint|p1a: Gholdengo
|
|-weather|Snowscape|[upkeep]
|-fieldend|move: Trick Room
|upkeep
|turn|7
|
|t:|1756449630
|move|p2a: Ninetales|Dazzling Gleam|p1b: Archaludon
|-damage|p1b: Archaludon|0 fnt
|faint|p1b: Archaludon
|
|win|tuckered out1
|raw|Kiquemo's rating: 1000 → 1000(+0 for losing)
|raw|tuckered out1's rating: 1058 → 1084(+26 for winning)
|l|☆Kiquemo
|player|p1|
