|j|☆patchspitzy
|j|☆5NitesAtTrickRoom
|html|patchspitzy5NitesAtTrickRoom    
|uhtml|bestof|Game 1 of a best-of-3
|t:|1757807135
|gametype|doubles
|player|p1|patchspitzy|roark|
|player|p2|5NitesAtTrickRoom|hilbert|
|gen|9
|tier|[Gen 9] VGC 2025 Reg H (Bo3)
|rule|Species Clause: Limit one of each Pokémon
|rule|Item Clause: Limit 1 of each item
|clearpoke
|poke|p1|Sneasler, L50, F|
|poke|p1|Dragapult, L50, F|
|poke|p1|Primarina, L50, F|
|poke|p1|Rillaboom, L50, F|
|poke|p1|Kingambit, L50, F|
|poke|p1|Electabuzz, L50, M|
|poke|p2|Dragonite, L50, M|
|poke|p2|Gholdengo, L50|
|poke|p2|Ursaluna-Bloodmoon, L50, M|
|poke|p2|Annihilape, L50, M|
|poke|p2|Maushold-Four, L50|
|poke|p2|Rillaboom, L50, F|
|teampreview|4
|showteam|p1|Sneasler||FocusSash|PoisonTouch|CloseCombat,DireClaw,FakeOut,Protect|||F|||50|,,,,,Stellar]Dragapult||ChoiceBand|ClearBody|DragonDarts,Outrage,PhantomForce,Uturn|||F|||50|,,,,,Dragon]Primarina||LifeOrb|LiquidVoice|HyperVoice,Moonblast,Haze,Protect|||F|||50|,,,,,Grass]Rillaboom||AssaultVest|GrassySurge|WoodHammer,GrassyGlide,HighHorsepower,FakeOut|||F|||50|,,,,,Fire]Kingambit||BlackGlasses|Defiant|KowtowCleave,SuckerPunch,SwordsDance,Protect|||F|||50|,,,,,Ghost]Electabuzz||Eviolite|VitalSpirit|Thunderbolt,FollowMe,HelpingHand,Protect|||M|||50|,,,,,Ghost
|showteam|p2|Dragonite||LoadedDice|Multiscale|ScaleShot,Tailwind,Haze,Protect|||M|||50|,,,,,Fairy]Gholdengo||LifeOrb|GoodasGold|MakeItRain,ShadowBall,NastyPlot,Protect||||||50|,,,,,Water]Ursaluna-Bloodmoon||AssaultVest|MindsEye|BloodMoon,EarthPower,HyperVoice,VacuumWave|||M|||50|,,,,,Water]Annihilape||SitrusBerry|Defiant|DrainPunch,RageFist,BulkUp,Protect|||M|||50|,,,,,Fire]Maushold-Four||FocusSash|FriendGuard|SuperFang,BeatUp,FollowMe,Protect||||||50|,,,,,Ghost]Rillaboom||MiracleSeed|GrassySurge|WoodHammer,GrassyGlide,HighHorsepower,FakeOut|||F|||50|,,,,,Fire
|
|t:|1757807180
|teamsize|p1|4
|teamsize|p2|4
|start
|switch|p1a: Queen|Kingambit, L50, F|100/100
|switch|p1b: Laa-Laa|Electabuzz, L50, M|100/100
|switch|p2a: Maushold|Maushold-Four, L50|100/100
|switch|p2b: Annihilape|Annihilape, L50, M|100/100
|turn|1
|
|t:|1757807200
|move|p1b: Laa-Laa|Follow Me|p1b: Laa-Laa
|-singleturn|p1b: Laa-Laa|move: Follow Me
|move|p2a: Maushold|Beat Up|p1b: Laa-Laa
|-damage|p1b: Laa-Laa|98/100
|-crit|p1b: Laa-Laa
|-damage|p1b: Laa-Laa|93/100
|-damage|p1b: Laa-Laa|91/100
|-damage|p1b: Laa-Laa|88/100
|-hitcount|p1b: Laa-Laa|4
|move|p2b: Annihilape|Bulk Up|p2b: Annihilape
|-boost|p2b: Annihilape|atk|1
|-boost|p2b: Annihilape|def|1
|move|p1a: Queen|Swords Dance|p1a: Queen
|-boost|p1a: Queen|atk|2
|
|upkeep
|turn|2
|
|t:|1757807246
|-terastallize|p1b: Laa-Laa|Ghost
|move|p2a: Maushold|Protect|p2a: Maushold
|-singleturn|p2a: Maushold|Protect
|move|p1b: Laa-Laa|Follow Me|p1b: Laa-Laa
|-singleturn|p1b: Laa-Laa|move: Follow Me
|move|p2b: Annihilape|Bulk Up|p2b: Annihilape
|-boost|p2b: Annihilape|atk|1
|-boost|p2b: Annihilape|def|1
|move|p1a: Queen|Swords Dance|p1a: Queen
|-boost|p1a: Queen|atk|2
|
|upkeep
|turn|3
|
|t:|1757807266
|move|p2a: Maushold|Beat Up|p2b: Annihilape
|-damage|p2b: Annihilape|99/100
|-damage|p2b: Annihilape|98/100
|-damage|p2b: Annihilape|97/100
|-damage|p2b: Annihilape|96/100
|-hitcount|p2b: Annihilape|4
|move|p2b: Annihilape|Rage Fist|p1b: Laa-Laa
|-supereffective|p1b: Laa-Laa
|-damage|p1b: Laa-Laa|0 fnt
|faint|p1b: Laa-Laa
|move|p1a: Queen|Kowtow Cleave|p2a: Maushold
|-enditem|p2a: Maushold|Focus Sash
|-damage|p2a: Maushold|1/100
|
|upkeep
|
|t:|1757807283
|switch|p1b: Grassy Kong|Rillaboom, L50, F|100/100
|-fieldstart|move: Grassy Terrain|[from] ability: Grassy Surge|[of] p1b: Grassy Kong
|turn|4
|
|t:|1757807304
|-terastallize|p2a: Maushold|Ghost
|move|p2a: Maushold|Follow Me|p2a: Maushold
|-singleturn|p2a: Maushold|move: Follow Me
|move|p1b: Grassy Kong|Grassy Glide|p2a: Maushold
|-damage|p2a: Maushold|0 fnt
|faint|p2a: Maushold
|move|p1a: Queen|Sucker Punch|p2b: Annihilape
|-crit|p2b: Annihilape
|-damage|p2b: Annihilape|0 fnt
|faint|p2b: Annihilape
|
|upkeep
|
|t:|1757807317
|switch|p2a: Ursaluna|Ursaluna-Bloodmoon, L50, M|100/100
|switch|p2b: Dragonite|Dragonite, L50, M|100/100
|turn|5
|
|t:|1757807473
|move|p1a: Queen|Protect|p1a: Queen
|-singleturn|p1a: Queen|Protect
|move|p2b: Dragonite|Tailwind|p2b: Dragonite
|-sidestart|p2: 5NitesAtTrickRoom|move: Tailwind
|move|p2a: Ursaluna|Earth Power|p1a: Queen
|-activate|p1a: Queen|move: Protect
|move|p1b: Grassy Kong|Wood Hammer|p2a: Ursaluna
|-supereffective|p2a: Ursaluna
|-damage|p2a: Ursaluna|0 fnt
|faint|p2a: Ursaluna
|-damage|p1b: Grassy Kong|66/100|[from] Recoil
|
|-heal|p1b: Grassy Kong|72/100|[from] Grassy Terrain
|upkeep
|turn|6
|
|t:|1757807552
|move|p1b: Grassy Kong|Grassy Glide|p2b: Dragonite
|-resisted|p2b: Dragonite
|-damage|p2b: Dragonite|95/100
|move|p1a: Queen|Sucker Punch|p2b: Dragonite
|-damage|p2b: Dragonite|0 fnt
|faint|p2b: Dragonite
|
|win|patchspitzy
||patchspitzy is ready for game 2.
||5NitesAtTrickRoom is ready for game 2.
|uhtml|next|Next: Game 2 of 3
|l|☆patchspitzy
|player|p1|
|j|☆patchspitzy
|player|p1|patchspitzy|roark|
