|j|☆Ng010394
|j|☆CoinsDengoDollar
|html|Ng010394CoinsDengoDollar    
|uhtml|bestof|Game 2 of a best-of-3
|t:|1782471684
|gametype|doubles
|player|p1|Ng010394|265|1024
|player|p2|CoinsDengoDollar|lillie-z|1040
|gen|9
|tier|[Gen 9 Champions] VGC 2026 Reg M-B (Bo3)
|rated|
|rule|Species Clause: Limit one of each Pokémon
|rule|Item Clause: Limit 1 of each item
|clearpoke
|poke|p1|Corviknight, L50, F|
|poke|p1|Raichu, L50, M|
|poke|p1|Primarina, L50, F|
|poke|p1|Dragapult, L50, F|
|poke|p1|Incineroar, L50, M|
|poke|p1|Starmie, L50|
|poke|p2|Charizard, L50, F|
|poke|p2|Whimsicott, L50, F|
|poke|p2|Garchomp, L50, M|
|poke|p2|Basculegion, L50, M|
|poke|p2|Gholdengo, L50|
|poke|p2|Floette-Eternal, L50, F|
|teampreview|4
|showteam|p1|Corviknight||Leftovers|MirrorArmor|Tailwind,BodyPress,IronHead,BulkUp|Impish||F|||50|]Raichu||RaichuniteY|LightningRod|ZapCannon,FocusBlast,FakeOut,Protect|Hasty||M|||50|]Primarina||MysticWater|LiquidVoice|Moonblast,Protect,HyperVoice,EnergyBall|Modest||F|||50|]Dragapult||LifeOrb|ClearBody|DragonDarts,ShadowBall,Flamethrower,Protect|Hasty||F|||50|]Incineroar||SitrusBerry|Intimidate|FakeOut,PartingShot,ThroatChop,FlareBlitz|Careful||M|||50|]Starmie||Starminite|NaturalCure|AquaJet,Waterfall,ZenHeadbutt,IceSpinner|Jolly|||||50|
|showteam|p2|Charizard||CharizarditeY|Blaze|HeatWave,WeatherBall,SolarBeam,Protect|Modest||F|||50|]Whimsicott||FocusSash|Prankster|Moonblast,Tailwind,Encore,Protect|Timid||F|||50|]Garchomp||LifeOrb|RoughSkin|Earthquake,DragonClaw,RockSlide,Protect|Jolly||M|||50|]Basculegion||MysticWater|Adaptability|WaveCrash,LastRespects,AquaJet,Protect|Adamant||M|||50|]Gholdengo||ChoiceScarf|GoodasGold|MakeItRain,ShadowBall,PowerGem,Trick|Timid|||||50|]Floette-Eternal||Floettite|FlowerVeil|DazzlingGleam,Moonblast,LightofRuin,Protect|Timid||F|||50|
|inactive|Battle timer is ON: inactive players will automatically lose when time's up. (requested by Ng010394)
|
|t:|1782471711
|teamsize|p1|4
|teamsize|p2|4
|start
|switch|p1a: Corviknight|Corviknight, L50, F|100/100
|switch|p1b: Incineroar|Incineroar, L50, M|100/100
|switch|p2a: Whimsicott|Whimsicott, L50, F|100/100
|switch|p2b: Basculegion|Basculegion, L50, M|100/100
|-ability|p1b: Incineroar|Intimidate|boost
|-unboost|p2a: Whimsicott|atk|1
|-unboost|p2b: Basculegion|atk|1
|turn|1
|
|t:|1782471732
|switch|p2a: Charizard|Charizard, L50, F|100/100
|move|p2b: Basculegion|Wave Crash|p1b: Incineroar
|-supereffective|p1b: Incineroar|1
|-damage|p1b: Incineroar|0 fnt
|faint|p1b: Incineroar
|-damage|p2b: Basculegion|66/100|[from] Recoil
|move|p1a: Corviknight|Tailwind|p1a: Corviknight
|-sidestart|p1: Ng010394|move: Tailwind
|
|upkeep
|
|t:|1782471739
|switch|p1b: Starmie|Starmie, L50|100/100
|turn|2
|
|t:|1782471753
|switch|p1a: Primarina|Primarina, L50, F|100/100
|switch|p2b: Whimsicott|Whimsicott, L50, F|100/100
|detailschange|p1b: Starmie|Starmie-Mega, L50
|-mega|p1b: Starmie|Starmie|Starminite
|detailschange|p2a: Charizard|Charizard-Mega-Y, L50, F
|-mega|p2a: Charizard|Charizard|Charizardite Y
|-weather|SunnyDay|[from] ability: Drought|[of] p2a: Charizard
|move|p1b: Starmie|Waterfall|p2a: Charizard
|-supereffective|p2a: Charizard|1
|-damage|p2a: Charizard|38/100
|move|p2a: Charizard|Solar Beam||[still]
|-prepare|p2a: Charizard|Solar Beam
|-anim|p2a: Charizard|Solar Beam|p1b: Starmie
|-supereffective|p1b: Starmie|1
|-damage|p1b: Starmie|1/100
|
|-weather|SunnyDay|[upkeep]
|upkeep
|turn|3
|
|t:|1782471775
|move|p1b: Starmie|Aqua Jet|p2a: Charizard
|-supereffective|p2a: Charizard|1
|-damage|p2a: Charizard|5/100
|move|p2b: Whimsicott|Tailwind|p2b: Whimsicott
|-sidestart|p2: CoinsDengoDollar|move: Tailwind
|move|p2a: Charizard|Solar Beam||[still]
|-prepare|p2a: Charizard|Solar Beam
|-anim|p2a: Charizard|Solar Beam|p1a: Primarina
|-supereffective|p1a: Primarina|1
|-damage|p1a: Primarina|19/100
|move|p1a: Primarina|Hyper Voice|p2b: Whimsicott|[spread] p2a,p2b
|-supereffective|p2a: Charizard|1
|-resisted|p2b: Whimsicott|1
|-damage|p2a: Charizard|0 fnt
|-damage|p2b: Whimsicott|81/100
|faint|p2a: Charizard
|
|-weather|SunnyDay|[upkeep]
|upkeep
|
|t:|1782471785
|switch|p2a: Garchomp|Garchomp, L50, M|100/100
|turn|4
|
|t:|1782471802
|move|p2b: Whimsicott|Protect|p2b: Whimsicott
|-singleturn|p2b: Whimsicott|Protect
|move|p1b: Starmie|Ice Spinner|p2a: Garchomp
|-supereffective|p2a: Garchomp|2
|-damage|p2a: Garchomp|0 fnt
|-damage|p1b: Starmie|0 fnt|[from] ability: Rough Skin|[of] p2a: Garchomp
|faint|p2a: Garchomp
|faint|p1b: Starmie
|move|p1a: Primarina|Moonblast|p2b: Whimsicott
|-activate|p2b: Whimsicott|move: Protect
|
|-weather|SunnyDay|[upkeep]
|-sideend|p1: Ng010394|move: Tailwind
|upkeep
|
|t:|1782471813
|switch|p1b: Corviknight|Corviknight, L50, F|100/100
|switch|p2a: Basculegion|Basculegion, L50, M|66/100
|turn|5
|inactive|CoinsDengoDollar has 30 seconds left.
|
|t:|1782471844
|move|p1a: Primarina|Protect|p1a: Primarina
|-singleturn|p1a: Primarina|Protect
|move|p2b: Whimsicott|Moonblast|p1a: Primarina
|-activate|p1a: Primarina|move: Protect
|move|p2a: Basculegion|Last Respects|p1b: Corviknight
|-damage|p1b: Corviknight|29/100
|move|p1b: Corviknight|Iron Head|p2b: Whimsicott
|-supereffective|p2b: Whimsicott|1
|-crit|p2b: Whimsicott
|-damage|p2b: Whimsicott|0 fnt
|faint|p2b: Whimsicott
|
|-weather|SunnyDay|[upkeep]
|-heal|p1b: Corviknight|35/100|[from] item: Leftovers
|upkeep
|turn|6
|
|t:|1782471864
|move|p2a: Basculegion|Last Respects|p1a: Primarina
|-damage|p1a: Primarina|0 fnt
|faint|p1a: Primarina
|move|p1b: Corviknight|Iron Head|p2a: Basculegion
|-resisted|p2a: Basculegion|1
|-damage|p2a: Basculegion|51/100
|
|-weather|none
|-heal|p1b: Corviknight|41/100|[from] item: Leftovers
|-sideend|p2: CoinsDengoDollar|move: Tailwind
|upkeep
|turn|7
|
|t:|1782471868
|move|p2a: Basculegion|Last Respects|p1b: Corviknight
|-damage|p1b: Corviknight|0 fnt
|faint|p1b: Corviknight
|
|win|CoinsDengoDollar
