|j|☆andres1006
|j|☆cannibal lyrics
|html|andres1006cannibal lyrics    
|uhtml|bestof|Game 1 of a best-of-3
|t:|1783395184
|gametype|doubles
|player|p1|andres1006|n|
|player|p2|cannibal lyrics|lady-gen4|
|gen|9
|tier|[Gen 9 Champions] VGC 2026 Reg M-B (Bo3)
|rule|Species Clause: Limit one of each Pokémon
|rule|Item Clause: Limit 1 of each item
|clearpoke
|poke|p1|Pelipper, L50, M|
|poke|p1|Sneasler, L50, M|
|poke|p1|Basculegion, L50, M|
|poke|p1|Dragonite, L50, F|
|poke|p1|Archaludon, L50, F|
|poke|p1|Swampert, L50, F|
|poke|p2|Vileplume, L50, F, shiny|
|poke|p2|Kangaskhan, L50, F|
|poke|p2|Farigiraf, L50, M|
|poke|p2|Torkoal, L50, F|
|poke|p2|Basculegion, L50, M|
|poke|p2|Kommo-o, L50, F|
|teampreview|4
|showteam|p1|Pelipper||SitrusBerry|Drizzle|WideGuard,Tailwind,WeatherBall,Hurricane|Timid||M|||50|]Sneasler||WhiteHerb|Unburden|CloseCombat,DireClaw,FakeOut,Protect|Adamant||M|||50|]Basculegion||ChoiceScarf|Adaptability|WaveCrash,LastRespects,FlipTurn,AquaJet|Jolly||M|||50|]Dragonite||Dragoninite|InnerFocus|RainDance,Thunder,Tailwind,Hurricane|Sassy||F|||50|]Archaludon||Leftovers|Stamina|ElectroShot,DragonPulse,FlashCannon,Protect|Modest||F|||50|]Swampert||Swampertite|Torrent|WaveCrash,Earthquake,IcePunch,Protect|Adamant||F|||50|
|showteam|p2|Vileplume||FocusSash|Chlorophyll|SludgeBomb,EnergyBall,SleepPowder,AfterYou|Timid||F|||50|]Kangaskhan||Kangaskhanite|Scrappy|DoubleEdge,FakeOut,LowKick,SuckerPunch|Adamant||F|||50|]Farigiraf||ColburBerry|ArmorTail|HyperVoice,Psychic,Protect,TrickRoom|Quiet||M|||50|]Torkoal||Charcoal|Drought|Eruption,WeatherBall,EarthPower,Protect|Quiet||F|||50|]Basculegion||ChoiceScarf|Adaptability|AquaJet,WaveCrash,LastRespects,FlipTurn|Jolly||M|||50|]Kommo-o||HabanBerry|Overcoat|ClangingScales,AuraSphere,Protect,ClangorousSoul|Modest||F|||50|
|inactive|Battle timer is ON: inactive players will automatically lose when time's up. (requested by andres1006)
|inactive|andres1006 has 60 seconds left.
|inactive|cannibal lyrics has 60 seconds left.
|
|t:|1783395219
|teamsize|p1|4
|teamsize|p2|4
|start
|switch|p1a: Dragonite|Dragonite, L50, F|100/100
|switch|p1b: Sneasler|Sneasler, L50, M|100/100
|switch|p2a: Kangaskhan|Kangaskhan, L50, F|100/100
|switch|p2b: Farigiraf|Farigiraf, L50, M|100/100
|turn|1
|
|t:|1783395235
|detailschange|p2a: Kangaskhan|Kangaskhan-Mega, L50, F
|-mega|p2a: Kangaskhan|Kangaskhan|Kangaskhanite
|detailschange|p1a: Dragonite|Dragonite-Mega, L50, F
|-mega|p1a: Dragonite|Dragonite|Dragoninite
|move|p2a: Kangaskhan|Fake Out|p1b: Sneasler
|-damage|p1b: Sneasler|66/100
|-damage|p1b: Sneasler|60/100
|-hitcount|p1b: Sneasler|2
|cant|p1b: Sneasler|flinch
|move|p1a: Dragonite|Rain Dance|p1a: Dragonite
|-weather|RainDance
|move|p2b: Farigiraf|Hyper Voice|p1a: Dragonite|[spread] p1a,p1b
|-damage|p1a: Dragonite|90/100
|-damage|p1b: Sneasler|18/100
|
|-weather|RainDance|[upkeep]
|upkeep
|turn|2
|
|t:|1783395253
|move|p2b: Farigiraf|Protect|p2b: Farigiraf
|-singleturn|p2b: Farigiraf|Protect
|move|p1b: Sneasler|Close Combat|p2a: Kangaskhan
|-supereffective|p2a: Kangaskhan|1
|-damage|p2a: Kangaskhan|0 fnt
|-unboost|p1b: Sneasler|def|1
|-unboost|p1b: Sneasler|spd|1
|faint|p2a: Kangaskhan
|-enditem|p1b: Sneasler|White Herb
|-clearnegativeboost|p1b: Sneasler|[silent]
|move|p1a: Dragonite|Thunder|p2b: Farigiraf
|-activate|p2b: Farigiraf|move: Protect
|
|-weather|RainDance|[upkeep]
|upkeep
|
|t:|1783395269
|switch|p2a: Basculegion|Basculegion, L50, M|100/100
|turn|3
|
|t:|1783395287
|move|p1b: Sneasler|Protect|p1b: Sneasler
|-singleturn|p1b: Sneasler|Protect
|move|p2a: Basculegion|Wave Crash|p1a: Dragonite
|-resisted|p1a: Dragonite|1
|-damage|p1a: Dragonite|41/100
|-damage|p2a: Basculegion|83/100|[from] Recoil
|move|p1a: Dragonite|Thunder|p2a: Basculegion
|-supereffective|p2a: Basculegion|1
|-damage|p2a: Basculegion|0 fnt
|faint|p2a: Basculegion
|move|p2b: Farigiraf|Hyper Voice|p1a: Dragonite|[spread] p1a
|-activate|p1b: Sneasler|move: Protect
|-damage|p1a: Dragonite|23/100
|
|-weather|RainDance|[upkeep]
|upkeep
|
|t:|1783395301
|switch|p2a: Kommo-o|Kommo-o, L50, F|100/100
|turn|4
|
|t:|1783395318
|move|p1b: Sneasler|Close Combat|p2b: Farigiraf
|-damage|p2b: Farigiraf|29/100
|-unboost|p1b: Sneasler|def|1
|-unboost|p1b: Sneasler|spd|1
|move|p2a: Kommo-o|Clanging Scales|p1a: Dragonite|[spread] p1a,p1b
|-supereffective|p1a: Dragonite|1
|-damage|p1a: Dragonite|0 fnt
|-damage|p1b: Sneasler|0 fnt
|faint|p1a: Dragonite
|faint|p1b: Sneasler
|-unboost|p2a: Kommo-o|def|1
|move|p2b: Farigiraf|Hyper Voice|p1: Dragonite|[notarget]
|-fail|p2b: Farigiraf
|
|-weather|RainDance|[upkeep]
|upkeep
|
|t:|1783395324
|switch|p1b: Pelipper|Pelipper, L50, M|100/100
|switch|p1a: Archaludon|Archaludon, L50, F|100/100
|turn|5
|
|t:|1783395349
|move|p2b: Farigiraf|Protect|p2b: Farigiraf
|-singleturn|p2b: Farigiraf|Protect
|move|p2a: Kommo-o|Clangorous Soul|p2a: Kommo-o
|-boost|p2a: Kommo-o|atk|1
|-boost|p2a: Kommo-o|def|1
|-boost|p2a: Kommo-o|spa|1
|-boost|p2a: Kommo-o|spd|1
|-boost|p2a: Kommo-o|spe|1
|-damage|p2a: Kommo-o|67/100
|move|p1b: Pelipper|Tailwind|p1b: Pelipper
|-sidestart|p1: andres1006|move: Tailwind
|move|p1a: Archaludon|Electro Shot||[still]
|-prepare|p1a: Archaludon|Electro Shot
|-boost|p1a: Archaludon|spa|1
|-anim|p1a: Archaludon|Electro Shot|p2b: Farigiraf
|-activate|p2b: Farigiraf|move: Protect
|
|-weather|none
|upkeep
|turn|6
|inactive|cannibal lyrics has 30 seconds left.
|inactive|andres1006 has 30 seconds left.
|inactive|cannibal lyrics has 20 seconds left.
|inactive|cannibal lyrics has 15 seconds left.
|inactive|andres1006 has 20 seconds left.
|inactive|andres1006 has 15 seconds left.
|
|t:|1783395401
|move|p1b: Pelipper|Hurricane|p2b: Farigiraf
|-damage|p2b: Farigiraf|0 fnt
|faint|p2b: Farigiraf
|move|p1a: Archaludon|Dragon Pulse|p2a: Kommo-o
|-supereffective|p2a: Kommo-o|1
|-enditem|p2a: Kommo-o|Haban Berry|[eat]
|-enditem|p2a: Kommo-o|Haban Berry|[weaken]
|-damage|p2a: Kommo-o|25/100
|move|p2a: Kommo-o|Aura Sphere|p1a: Archaludon
|-supereffective|p1a: Archaludon|1
|-damage|p1a: Archaludon|0 fnt
|faint|p1a: Archaludon
|
|upkeep
|turn|7
|
|t:|1783395421
|move|p2a: Kommo-o|Protect|p2a: Kommo-o
|-singleturn|p2a: Kommo-o|Protect
|move|p1b: Pelipper|Hurricane|p2a: Kommo-o
|-activate|p2a: Kommo-o|move: Protect
|
|upkeep
|turn|8
|
|t:|1783395426
|move|p1b: Pelipper|Hurricane|p2a: Kommo-o
|-supereffective|p2a: Kommo-o|1
|-damage|p2a: Kommo-o|0 fnt
|faint|p2a: Kommo-o
|
|win|andres1006
||cannibal lyrics is ready for game 2.
||andres1006 is ready for game 2.
|uhtml|next|Next: Game 2 of 3
