|j|☆LeonardPlayz
|j|☆Crystneel
|html|LeonardPlayzCrystneel    
|uhtml|bestof|Game 1 of a best-of-3
|t:|1757156456
|gametype|doubles
|player|p1|LeonardPlayz|hilbert-wonderlauncher|1174
|player|p2|Crystneel|ethan|1124
|gen|9
|tier|[Gen 9] VGC 2025 Reg H (Bo3)
|rated|
|rule|Species Clause: Limit one of each Pokémon
|rule|Item Clause: Limit 1 of each item
|clearpoke
|poke|p1|Indeedee-F, L50, F|
|poke|p1|Amoonguss, L50, F|
|poke|p1|Slowking-Galar, L50, M|
|poke|p1|Ursaluna, L50, F|
|poke|p1|Torkoal, L50, M|
|poke|p1|Dragapult, L50, F|
|poke|p2|Volcarona, L50, M|
|poke|p2|Electabuzz, L50, M|
|poke|p2|Sneasler, L50, F|
|poke|p2|Rillaboom, L50, M|
|poke|p2|Dragonite, L50, F|
|poke|p2|Ursaluna-Bloodmoon, L50, M|
|teampreview|4
|showteam|p1|Indeedee-F||MentalHerb|PsychicSurge|FollowMe,Psychic,HelpingHand,TrickRoom|||F|||50|,,,,,Grass]Amoonguss||SitrusBerry|Regenerator|Spore,RagePowder,ClearSmog,Protect|||F|||50|,,,,,Water]Slowking-Galar||LifeOrb|Regenerator|ExpandingForce,SludgeBomb,FireBlast,TrickRoom|||M|||50|,,,,,Dark]Ursaluna||FlameOrb|Guts|Facade,HeadlongRush,Protect,SwordsDance|||F|||50|,,,,,Ghost]Torkoal||Charcoal|Drought|Eruption,Flamethrower,EarthPower,Protect|||M|||50|,,,,,Fire]Dragapult||ChoiceBand|ClearBody|DragonDarts,PhantomForce,Outrage,Uturn|||F|||50|,,,,,Dragon
|showteam|p2|Volcarona||Leftovers|FlameBody|FieryDance,QuiverDance,GigaDrain,Protect|||M|||50|,,,,,Water]Electabuzz||Eviolite|Static|FollowMe,Electroweb,VoltSwitch,Taunt|||M|||50|,,,,,Fairy]Sneasler||GrassySeed|Unburden|DireClaw,CloseCombat,ThroatChop,Protect|||F|||50|,,,,,Dark]Rillaboom||AssaultVest|GrassySurge|FakeOut,GrassyGlide,WoodHammer,Uturn|||M|||50|,,,,,Fire]Dragonite||LoadedDice|Multiscale|ExtremeSpeed,ScaleShot,IceSpinner,LowKick|||F|||50|,,,,,Normal]Ursaluna-Bloodmoon||ThroatSpray|MindsEye|BloodMoon,HyperVoice,EarthPower,Protect|||M|||50|,,,,,Poison
|inactive|Battle timer is ON: inactive players will automatically lose when time's up. (requested by LeonardPlayz)
|inactive|Crystneel has 60 seconds left.
|
|t:|1757156497
|teamsize|p1|4
|teamsize|p2|4
|start
|switch|p1a: Off Course|Indeedee-F, L50, F|100/100
|switch|p1b: Charles|Slowking-Galar, L50, M|100/100
|switch|p2a: Electabuzz|Electabuzz, L50, M|100/100
|switch|p2b: Volcarona|Volcarona, L50, M|100/100
|-fieldstart|move: Psychic Terrain|[from] ability: Psychic Surge|[of] p1a: Off Course
|turn|1
|
|t:|1757156513
|switch|p2b: Rillaboom|Rillaboom, L50, M|100/100
|-fieldstart|move: Grassy Terrain|[from] ability: Grassy Surge|[of] p2b: Rillaboom
|move|p1a: Off Course|Follow Me|p1a: Off Course
|-singleturn|p1a: Off Course|move: Follow Me
|move|p2a: Electabuzz|Taunt|p1a: Off Course
|-start|p1a: Off Course|move: Taunt
|-enditem|p1a: Off Course|Mental Herb
|-end|p1a: Off Course|move: Taunt
|move|p1b: Charles|Trick Room|p1b: Charles
|-fieldstart|move: Trick Room|[of] p1b: Charles
|
|upkeep
|turn|2
|
|t:|1757156537
|switch|p1a: Smoker|Torkoal, L50, M|100/100
|-weather|SunnyDay|[from] ability: Drought|[of] p1a: Smoker
|move|p2b: Rillaboom|Fake Out|p1b: Charles
|-damage|p1b: Charles|85/100
|cant|p1b: Charles|flinch
|move|p2a: Electabuzz|Volt Switch|p1a: Smoker
|-damage|p1a: Smoker|68/100
|
|t:|1757156546
|switch|p2a: Volcarona|Volcarona, L50, M|100/100|[from] Volt Switch
|
|-weather|SunnyDay|[upkeep]
|-heal|p1a: Smoker|74/100|[from] Grassy Terrain
|-heal|p1b: Charles|91/100|[from] Grassy Terrain
|upkeep
|turn|3
|
|t:|1757156566
|switch|p1a: Off Course|Indeedee-F, L50, F|100/100
|-fieldstart|move: Psychic Terrain|[from] ability: Psychic Surge|[of] p1a: Off Course
|switch|p2b: Electabuzz|Electabuzz, L50, M|100/100
|-terastallize|p2a: Volcarona|Water
|move|p1b: Charles|Expanding Force|p2b: Electabuzz|[spread] p2a,p2b
|-damage|p2a: Volcarona|39/100
|-damage|p2b: Electabuzz|50/100
|-damage|p1b: Charles|81/100|[from] item: Life Orb
|move|p2a: Volcarona|Fiery Dance|p1b: Charles
|-damage|p1b: Charles|34/100
|-boost|p2a: Volcarona|spa|1
|
|-weather|SunnyDay|[upkeep]
|-heal|p2a: Volcarona|44/100|[from] item: Leftovers
|upkeep
|turn|4
|
|t:|1757156583
|switch|p2b: Rillaboom|Rillaboom, L50, M|100/100
|-fieldstart|move: Grassy Terrain|[from] ability: Grassy Surge|[of] p2b: Rillaboom
|move|p1a: Off Course|Helping Hand|p1b: Charles
|-singleturn|p1b: Charles|Helping Hand|[of] p1a: Off Course
|move|p2a: Volcarona|Protect|p2a: Volcarona
|-singleturn|p2a: Volcarona|Protect
|move|p1b: Charles|Sludge Bomb|p2a: Volcarona
|-activate|p2a: Volcarona|move: Protect
|
|-weather|SunnyDay|[upkeep]
|-heal|p1b: Charles|40/100|[from] Grassy Terrain
|-heal|p2a: Volcarona|50/100|[from] Grassy Terrain
|-heal|p2a: Volcarona|56/100|[from] item: Leftovers
|upkeep
|turn|5
|inactive|LeonardPlayz has 30 seconds left.
|inactive|Crystneel has 30 seconds left.
|
|t:|1757156617
|switch|p1b: Amanita|Amoonguss, L50, F|100/100
|move|p1a: Off Course|Psychic|p2a: Volcarona
|-damage|p2a: Volcarona|30/100
|move|p2b: Rillaboom|U-turn|p1a: Off Course
|-supereffective|p1a: Off Course
|-damage|p1a: Off Course|26/100
|
|t:|1757156624
|switch|p2b: Electabuzz|Electabuzz, L50, M|50/100|[from] U-turn
|move|p2a: Volcarona|Fiery Dance|p1b: Amanita
|-supereffective|p1b: Amanita
|-damage|p1b: Amanita|0 fnt
|faint|p1b: Amanita
|
|-weather|SunnyDay|[upkeep]
|-heal|p1a: Off Course|31/100|[from] Grassy Terrain
|-heal|p2b: Electabuzz|56/100|[from] Grassy Terrain
|-heal|p2a: Volcarona|36/100|[from] Grassy Terrain
|-heal|p2a: Volcarona|42/100|[from] item: Leftovers
|-fieldend|move: Trick Room
|upkeep
|
|t:|1757156638
|switch|p1b: Smoker|Torkoal, L50, M|74/100
|turn|6
|
|t:|1757156647
|-terastallize|p1b: Smoker|Fire
|move|p1a: Off Course|Follow Me|p1a: Off Course
|-singleturn|p1a: Off Course|move: Follow Me
|move|p2a: Volcarona|Fiery Dance|p1a: Off Course
|-damage|p1a: Off Course|0 fnt
|faint|p1a: Off Course
|move|p2b: Electabuzz|Volt Switch|p1b: Smoker
|-damage|p1b: Smoker|43/100
|
|t:|1757156657
|switch|p2b: Rillaboom|Rillaboom, L50, M|100/100|[from] Volt Switch
|move|p1b: Smoker|Eruption|p2a: Volcarona|[spread] p2a,p2b
|-resisted|p2a: Volcarona
|-supereffective|p2b: Rillaboom
|-crit|p2b: Rillaboom
|-damage|p2a: Volcarona|21/100
|-damage|p2b: Rillaboom|0 fnt
|faint|p2b: Rillaboom
|
|-weather|none
|-heal|p2a: Volcarona|27/100|[from] Grassy Terrain
|-heal|p2a: Volcarona|33/100|[from] item: Leftovers
|-heal|p1b: Smoker|49/100|[from] Grassy Terrain
|upkeep
|
|t:|1757156670
|switch|p1a: Charles|Slowking-Galar, L50, M|73/100
|switch|p2b: Electabuzz|Electabuzz, L50, M|56/100
|turn|7
|
|t:|1757156679
|move|p2a: Volcarona|Fiery Dance|p1a: Charles
|-damage|p1a: Charles|30/100
|-boost|p2a: Volcarona|spa|1
|move|p2b: Electabuzz|Taunt|p1a: Charles
|-start|p1a: Charles|move: Taunt
|move|p1b: Smoker|Earth Power|p2b: Electabuzz
|-supereffective|p2b: Electabuzz
|-damage|p2b: Electabuzz|20/100
|cant|p1a: Charles|move: Taunt|Trick Room
|
|-heal|p2a: Volcarona|39/100|[from] Grassy Terrain
|-heal|p2a: Volcarona|44/100|[from] item: Leftovers
|-heal|p2b: Electabuzz|26/100|[from] Grassy Terrain
|-heal|p1a: Charles|36/100|[from] Grassy Terrain
|-heal|p1b: Smoker|55/100|[from] Grassy Terrain
|upkeep
|turn|8
|
|t:|1757156702
|move|p2a: Volcarona|Fiery Dance|p1a: Charles
|-damage|p1a: Charles|0 fnt
|-boost|p2a: Volcarona|spa|1
|faint|p1a: Charles
|move|p2b: Electabuzz|Electroweb|p1b: Smoker
|-damage|p1b: Smoker|33/100
|-unboost|p1b: Smoker|spe|1
|move|p1b: Smoker|Earth Power|p2a: Volcarona
|-damage|p2a: Volcarona|21/100
|
|-heal|p2a: Volcarona|27/100|[from] Grassy Terrain
|-heal|p2a: Volcarona|33/100|[from] item: Leftovers
|-heal|p2b: Electabuzz|32/100|[from] Grassy Terrain
|-heal|p1b: Smoker|39/100|[from] Grassy Terrain
|-fieldend|move: Grassy Terrain
|upkeep
|turn|9
|-message|LeonardPlayz forfeited.
|
|win|Crystneel
|l|☆LeonardPlayz
|player|p1|
||LeonardPlayz is ready for game 2.
