|j|☆x-3 demon
|j|☆edhen
|html|x-3 demonedhen    
|uhtml|bestof|Game 2 of a best-of-3
|t:|1757205036
|gametype|doubles
|player|p1|x-3 demon|boarder-gen2|1317
|player|p2|edhen|clair|1279
|gen|9
|tier|[Gen 9] VGC 2025 Reg H (Bo3)
|rated|
|rule|Species Clause: Limit one of each Pokémon
|rule|Item Clause: Limit 1 of each item
|clearpoke
|poke|p1|Dragonite, L50, F|
|poke|p1|Sinistcha, L50|
|poke|p1|Ursaluna, L50, F|
|poke|p1|Gholdengo, L50|
|poke|p1|Incineroar, L50, F|
|poke|p1|Ninetales-Alola, L50, F|
|poke|p2|Politoed, L50, M|
|poke|p2|Archaludon, L50, M|
|poke|p2|Comfey, L50, M|
|poke|p2|Rillaboom, L50, F|
|poke|p2|Basculegion, L50, M|
|poke|p2|Maushold, L50|
|teampreview|4
|showteam|p1|Dragonite||LoadedDice|Multiscale|ScaleShot,Haze,Tailwind,Protect|||F|||50|,,,,,Fairy]Sinistcha||SitrusBerry|Hospitality|MatchaGotcha,LifeDew,RagePowder,TrickRoom||||||50|,,,,,Dark]Ursaluna||FlameOrb|Guts|HeadlongRush,Earthquake,Facade,Protect|||F|||50|,,,,,Ghost]Gholdengo||LifeOrb|GoodasGold|MakeItRain,ShadowBall,NastyPlot,Protect||||||50|,,,,,Water]Incineroar||AssaultVest|Intimidate|FlareBlitz,KnockOff,FakeOut,Uturn|||F|||50|,,,,,Grass]Ninetales-Alola||FocusSash|SnowWarning|IcyWind,FreezeDry,Encore,AuroraVeil|||F|||50|,,,,,Ghost
|showteam|p2|Politoed||Leftovers|Drizzle|Protect,MuddyWater,Haze,Hypnosis|||M|||50|,,,,,Grass]Archaludon||AssaultVest|Stamina|ElectroShot,BodyPress,FlashCannon,DragonPulse|||M|||50|,,,,,Fighting]Comfey||WikiBerry|Triage|Protect,FloralHealing,DrainingKiss,Taunt|||M|||50|,,,,,Steel]Rillaboom||LoadedDice|GrassySurge|BulletSeed,GrassyGlide,FakeOut,Uturn|||F|||50|,,,,,Fire]Basculegion||ChoiceBand|SwiftSwim|LastRespects,WaveCrash,AquaJet,FlipTurn|||M|||50|,,,,,Water]Maushold||WideLens|Technician|Protect,Crunch,FollowMe,PopulationBomb||||||50|,,,,,Ghost
|
|t:|1757205054
|teamsize|p1|4
|teamsize|p2|4
|start
|switch|p1a: Gholdengo|Gholdengo, L50|100/100
|switch|p1b: Sinistcha|Sinistcha, L50|100/100
|switch|p2a: Archaludon|Archaludon, L50, M|100/100
|switch|p2b: Basculegion|Basculegion, L50, M|100/100
|turn|1
|j| Trestkon
|
|t:|1757205088
|move|p1b: Sinistcha|Rage Powder|p1b: Sinistcha
|-singleturn|p1b: Sinistcha|move: Rage Powder
|move|p2b: Basculegion|Flip Turn|p1b: Sinistcha
|-resisted|p1b: Sinistcha
|-damage|p1b: Sinistcha|81/100
|
|t:|1757205091
|switch|p2b: Politoed|Politoed, L50, M|100/100|[from] Flip Turn
|-weather|RainDance|[from] ability: Drizzle|[of] p2b: Politoed
|move|p1a: Gholdengo|Nasty Plot|p1a: Gholdengo
|-boost|p1a: Gholdengo|spa|2
|move|p2a: Archaludon|Electro Shot||[still]
|-prepare|p2a: Archaludon|Electro Shot
|-boost|p2a: Archaludon|spa|1
|-anim|p2a: Archaludon|Electro Shot|p1b: Sinistcha
|-resisted|p1b: Sinistcha
|-damage|p1b: Sinistcha|49/100
|-enditem|p1b: Sinistcha|Sitrus Berry|[eat]
|-heal|p1b: Sinistcha|74/100|[from] item: Sitrus Berry
|
|-weather|RainDance|[upkeep]
|upkeep
|turn|2
|
|t:|1757205130
|move|p1b: Sinistcha|Rage Powder|p1b: Sinistcha
|-singleturn|p1b: Sinistcha|move: Rage Powder
|move|p1a: Gholdengo|Shadow Ball|p2a: Archaludon
|-damage|p2a: Archaludon|19/100
|-ability|p2a: Archaludon|Stamina|boost
|-boost|p2a: Archaludon|def|1
|-damage|p1a: Gholdengo|91/100|[from] item: Life Orb
|move|p2a: Archaludon|Electro Shot||[still]
|-prepare|p2a: Archaludon|Electro Shot
|-boost|p2a: Archaludon|spa|1
|-anim|p2a: Archaludon|Electro Shot|p1b: Sinistcha
|-resisted|p1b: Sinistcha
|-damage|p1b: Sinistcha|37/100
|move|p2b: Politoed|Haze|p2b: Politoed
|-clearallboost
|
|-weather|RainDance|[upkeep]
|upkeep
|turn|3
|
|t:|1757205156
|switch|p2a: Maushold|Maushold, L50|100/100
|switch|p1b: Ninetales|Ninetales-Alola, L50, F|100/100
|-weather|Snowscape|[from] ability: Snow Warning|[of] p1b: Ninetales
|move|p1a: Gholdengo|Shadow Ball|p2a: Maushold
|-immune|p2a: Maushold
|move|p2b: Politoed|Hypnosis|p1b: Ninetales
|-status|p1b: Ninetales|slp|[from] move: Hypnosis
|
|-weather|Snowscape|[upkeep]
|upkeep
|turn|4
|
|t:|1757205206
|move|p2a: Maushold|Crunch|p1a: Gholdengo
|-supereffective|p1a: Gholdengo
|-damage|p1a: Gholdengo|51/100
|cant|p1b: Ninetales|slp
|move|p1a: Gholdengo|Nasty Plot|p1a: Gholdengo
|-boost|p1a: Gholdengo|spa|2
|move|p2b: Politoed|Hypnosis|p1b: Ninetales
|-fail|p1b: Ninetales|slp
|
|-weather|Snowscape|[upkeep]
|upkeep
|turn|5
|l| Trestkon
|
|t:|1757205229
|-terastallize|p1a: Gholdengo|Water
|move|p2a: Maushold|Crunch|p1a: Gholdengo
|-damage|p1a: Gholdengo|32/100
|cant|p1b: Ninetales|slp
|move|p1a: Gholdengo|Make It Rain|p2b: Politoed|[spread] p2a,p2b
|-resisted|p2b: Politoed
|-damage|p2a: Maushold|0 fnt
|-damage|p2b: Politoed|54/100
|-unboost|p1a: Gholdengo|spa|1
|faint|p2a: Maushold
|-damage|p1a: Gholdengo|22/100|[from] item: Life Orb
|move|p2b: Politoed|Muddy Water|p1a: Gholdengo|[spread] p1a
|-miss|p2b: Politoed|p1b: Ninetales
|-resisted|p1a: Gholdengo
|-damage|p1a: Gholdengo|11/100
|
|-weather|Snowscape|[upkeep]
|-heal|p2b: Politoed|60/100|[from] item: Leftovers
|upkeep
|
|t:|1757205240
|switch|p2a: Basculegion|Basculegion, L50, M|100/100
|turn|6
|
|t:|1757205266
|switch|p2b: Archaludon|Archaludon, L50, M|19/100
|cant|p1b: Ninetales|slp
|move|p2a: Basculegion|Flip Turn|p1a: Gholdengo
|-resisted|p1a: Gholdengo
|-damage|p1a: Gholdengo|0 fnt
|faint|p1a: Gholdengo
|
|t:|1757205271
|switch|p2a: Politoed|Politoed, L50, M|60/100|[from] Flip Turn
|-weather|RainDance|[from] ability: Drizzle|[of] p2a: Politoed
|
|-weather|RainDance|[upkeep]
|-heal|p2a: Politoed|66/100|[from] item: Leftovers
|upkeep
|
|t:|1757205281
|switch|p1a: Incineroar|Incineroar, L50, F|100/100
|-ability|p1a: Incineroar|Intimidate|boost
|-unboost|p2a: Politoed|atk|1
|-unboost|p2b: Archaludon|atk|1
|turn|7
|
|t:|1757205302
|-curestatus|p1b: Ninetales|slp|[msg]
|move|p1b: Ninetales|Freeze-Dry|p2b: Archaludon
|-damage|p2b: Archaludon|0 fnt
|faint|p2b: Archaludon
|move|p2a: Politoed|Hypnosis|p1a: Incineroar
|-status|p1a: Incineroar|slp|[from] move: Hypnosis
|cant|p1a: Incineroar|slp
|
|-weather|RainDance|[upkeep]
|-heal|p2a: Politoed|72/100|[from] item: Leftovers
|upkeep
|
|t:|1757205308
|switch|p2b: Basculegion|Basculegion, L50, M|100/100
|turn|8
|
|t:|1757205331
|move|p2b: Basculegion|Last Respects|p1b: Ninetales
|-enditem|p1b: Ninetales|Focus Sash
|-damage|p1b: Ninetales|1/100
|move|p1b: Ninetales|Freeze-Dry|p2a: Politoed
|-supereffective|p2a: Politoed
|-damage|p2a: Politoed|25/100
|move|p2a: Politoed|Muddy Water|p1a: Incineroar|[spread] p1a,p1b
|-supereffective|p1a: Incineroar
|-damage|p1a: Incineroar|63/100 slp
|-damage|p1b: Ninetales|0 fnt
|-unboost|p1a: Incineroar|accuracy|1
|faint|p1b: Ninetales
|-curestatus|p1a: Incineroar|slp|[msg]
|move|p1a: Incineroar|Knock Off|p2b: Basculegion|[miss]
|-miss|p1a: Incineroar|p2b: Basculegion
|
|-weather|RainDance|[upkeep]
|-heal|p2a: Politoed|31/100|[from] item: Leftovers
|upkeep
|
|t:|1757205347
|switch|p1b: Sinistcha|Sinistcha, L50|37/100
|-heal|p1a: Incineroar|88/100|[from] ability: Hospitality|[of] p1b: Sinistcha
|turn|9
|
|t:|1757205366
|move|p2b: Basculegion|Last Respects|p1b: Sinistcha
|-supereffective|p1b: Sinistcha
|-damage|p1b: Sinistcha|0 fnt
|faint|p1b: Sinistcha
|move|p2a: Politoed|Hypnosis|p1a: Incineroar|[miss]
|-miss|p2a: Politoed|p1a: Incineroar
|move|p1a: Incineroar|Knock Off|p2a: Politoed
|-damage|p2a: Politoed|0 fnt
|-enditem|p2a: Politoed|Leftovers|[from] move: Knock Off|[of] p1a: Incineroar
|faint|p2a: Politoed
|
|-weather|RainDance|[upkeep]
|upkeep
|turn|10
|
|t:|1757205379
|-terastallize|p2b: Basculegion|Water
|move|p2b: Basculegion|Last Respects|p1a: Incineroar
|-resisted|p1a: Incineroar
|-damage|p1a: Incineroar|13/100
|move|p1a: Incineroar|Knock Off|p2b: Basculegion
|-damage|p2b: Basculegion|46/100
|-enditem|p2b: Basculegion|Choice Band|[from] move: Knock Off|[of] p1a: Incineroar
|
|-weather|none
|upkeep
|turn|11
|
|t:|1757205391
|move|p2b: Basculegion|Last Respects|p1a: Incineroar
|-resisted|p1a: Incineroar
|-damage|p1a: Incineroar|0 fnt
|faint|p1a: Incineroar
|
|win|edhen
||edhen is ready for game 3.
||x-3 demon is ready for game 3.
|uhtml|next|Next: Game 3 of 3
|l|☆edhen
|player|p2|
