|j|☆TCM Zaukepoo
|j|☆tulaptor
|html|TCM Zaukepootulaptor    
|uhtml|bestof|Game 3 of a best-of-3
|t:|1756697847
|gametype|doubles
|player|p1|TCM Zaukepoo|101|1130
|player|p2|tulaptor|2|1000
|gen|9
|tier|[Gen 9] VGC 2025 Reg H (Bo3)
|rated|
|rule|Species Clause: Limit one of each Pokémon
|rule|Item Clause: Limit 1 of each item
|clearpoke
|poke|p1|Tyranitar, L50, F|
|poke|p1|Volcarona, L50, M|
|poke|p1|Ursaluna, L50, F|
|poke|p1|Dragonite, L50, M|
|poke|p1|Incineroar, L50, F|
|poke|p1|Gholdengo, L50|
|poke|p2|Porygon2, L50|
|poke|p2|Hydreigon, L50, F|
|poke|p2|Incineroar, L50, F|
|poke|p2|Garchomp, L50, M|
|poke|p2|Amoonguss, L50, F|
|poke|p2|Gholdengo, L50|
|teampreview|4
|showteam|p1|Tyranitar||AssaultVest|SandStream|RockSlide,KnockOff,TeraBlast,LowKick|||F|||50|,,,,,Flying]Volcarona||CovertCloak|FlameBody|HeatWave,GigaDrain,QuiverDance,Protect|||M|||50|,,,,,Grass]Ursaluna||FlameOrb|Guts|HeadlongRush,Facade,Earthquake,Protect|||F|||50|,,,,,Ghost]Dragonite||LoadedDice|InnerFocus|ScaleShot,ExtremeSpeed,StompingTantrum,Tailwind|||M|||50|,,,,,Steel]Incineroar||SafetyGoggles|Intimidate|FakeOut,KnockOff,PartingShot,FlareBlitz|||F|||50|,,,,,Ghost]Gholdengo||LifeOrb|GoodasGold|NastyPlot,ShadowBall,MakeItRain,Protect||||||50|,,,,,Water
|showteam|p2|Porygon2||Eviolite|Download|TeraBlast,IceBeam,TrickRoom,Recover||||||50|,,,,,Fighting]Hydreigon||SafetyGoggles|Levitate|Snarl,DracoMeteor,Tailwind,Protect|||F|||50|,,,,,Ghost]Incineroar||SitrusBerry|Intimidate|FlareBlitz,KnockOff,PartingShot,FakeOut|||F|||50|,,,,,Grass]Garchomp||LoadedDice|RoughSkin|ScaleShot,Earthquake,StompingTantrum,Protect|||M|||50|,,,,,Fire]Amoonguss||CovertCloak|Regenerator|PollenPuff,Spore,RagePowder,Protect|||F|||50|,,,,,Fire]Gholdengo||MetalCoat|GoodasGold|MakeItRain,ShadowBall,NastyPlot,Protect||||||50|,,,,,Flying
|inactive|Battle timer is ON: inactive players will automatically lose when time's up. (requested by TCM Zaukepoo)
|inactive|tulaptor has 60 seconds left.
|inactive|tulaptor has 30 seconds left.
|inactive|tulaptor has 20 seconds left.
|inactive|tulaptor has 15 seconds left.
|inactive|tulaptor has 10 seconds left.
|
|t:|1756697930
|teamsize|p1|4
|teamsize|p2|4
|start
|switch|p1a: Incineroar|Incineroar, L50, F|100/100
|switch|p1b: Volcarona|Volcarona, L50, M|100/100
|switch|p2a: Gholdengo|Gholdengo, L50, shiny|100/100
|switch|p2b: Incineroar|Incineroar, L50, F, shiny|100/100
|-ability|p2b: Incineroar|Intimidate|boost
|-unboost|p1a: Incineroar|atk|1
|-unboost|p1b: Volcarona|atk|1
|-ability|p1a: Incineroar|Intimidate|boost
|-unboost|p2a: Gholdengo|atk|1
|-unboost|p2b: Incineroar|atk|1
|turn|1
|inactive|tulaptor has 30 seconds left.
|inactive|tulaptor has 20 seconds left.
|inactive|tulaptor has 15 seconds left.
|inactive|tulaptor has 10 seconds left.
|
|t:|1756697979
|switch|p1a: Ursaluna|Ursaluna, L50, F|100/100
|move|p1b: Volcarona|Quiver Dance|p1b: Volcarona
|-boost|p1b: Volcarona|spa|1
|-boost|p1b: Volcarona|spd|1
|-boost|p1b: Volcarona|spe|1
|move|p2b: Incineroar|Flare Blitz|p1b: Volcarona
|-damage|p1b: Volcarona|60/100
|-damage|p2b: Incineroar|89/100|[from] Recoil
|move|p2a: Gholdengo|Shadow Ball|p1b: Volcarona
|-damage|p1b: Volcarona|25/100
|
|-status|p1a: Ursaluna|brn|[from] item: Flame Orb
|upkeep
|turn|2
|inactive|tulaptor has 30 seconds left.
|inactive|tulaptor has 20 seconds left.
|inactive|tulaptor has 15 seconds left.
|inactive|tulaptor has 10 seconds left.
|
|t:|1756698029
|-terastallize|p2a: Gholdengo|Flying
|move|p1b: Volcarona|Protect|p1b: Volcarona
|-singleturn|p1b: Volcarona|Protect
|move|p2b: Incineroar|Flare Blitz|p1a: Ursaluna
|-damage|p1a: Ursaluna|73/100 brn
|-damage|p2b: Incineroar|79/100|[from] Recoil
|move|p2a: Gholdengo|Make It Rain|p1b: Volcarona|[spread] p1a
|-activate|p1b: Volcarona|move: Protect
|-damage|p1a: Ursaluna|23/100 brn
|-unboost|p2a: Gholdengo|spa|1
|move|p1a: Ursaluna|Facade|p2b: Incineroar
|-damage|p2b: Incineroar|0 fnt
|faint|p2b: Incineroar
|
|-damage|p1a: Ursaluna|17/100 brn|[from] brn
|upkeep
|
|t:|1756698051
|switch|p2b: Hydreigon|Hydreigon, L50, F, shiny|100/100
|turn|3
|
|t:|1756698063
|switch|p1a: Incineroar|Incineroar, L50, F|100/100
|-ability|p1a: Incineroar|Intimidate|boost
|-unboost|p2a: Gholdengo|atk|1
|-unboost|p2b: Hydreigon|atk|1
|-terastallize|p1b: Volcarona|Grass
|move|p1b: Volcarona|Giga Drain|p2b: Hydreigon
|-resisted|p2b: Hydreigon
|-damage|p2b: Hydreigon|67/100
|-heal|p1b: Volcarona|44/100|[from] drain|[of] p2b: Hydreigon
|move|p2b: Hydreigon|Tailwind|p2b: Hydreigon
|-sidestart|p2: tulaptor|move: Tailwind
|move|p2a: Gholdengo|Make It Rain|p1a: Incineroar|[spread] p1a,p1b
|-resisted|p1a: Incineroar
|-damage|p1a: Incineroar|83/100
|-damage|p1b: Volcarona|18/100
|-unboost|p2a: Gholdengo|spa|1
|
|upkeep
|turn|4
|
|t:|1756698088
|switch|p2b: Garchomp|Garchomp, L50, M, shiny|100/100
|move|p2a: Gholdengo|Protect|p2a: Gholdengo
|-singleturn|p2a: Gholdengo|Protect
|move|p1a: Incineroar|Fake Out|p2b: Garchomp
|-damage|p2b: Garchomp|85/100
|-damage|p1a: Incineroar|70/100|[from] ability: Rough Skin|[of] p2b: Garchomp
|move|p1b: Volcarona|Heat Wave|p2a: Gholdengo|[spread] p2b
|-activate|p2a: Gholdengo|move: Protect
|-resisted|p2b: Garchomp
|-damage|p2b: Garchomp|49/100
|
|upkeep
|turn|5
|inactive|tulaptor has 30 seconds left.
|
|t:|1756698119
|switch|p1a: Ursaluna|Ursaluna, L50, F|17/100 brn
|move|p1b: Volcarona|Protect|p1b: Volcarona
|-singleturn|p1b: Volcarona|Protect
|move|p2b: Garchomp|Stomping Tantrum|p1a: Ursaluna
|-damage|p1a: Ursaluna|0 fnt
|faint|p1a: Ursaluna
|move|p2a: Gholdengo|Shadow Ball|p1b: Volcarona
|-activate|p1b: Volcarona|move: Protect
|
|upkeep
|
|t:|1756698126
|switch|p1a: Incineroar|Incineroar, L50, F|70/100
|-ability|p1a: Incineroar|Intimidate|boost
|-unboost|p2a: Gholdengo|atk|1
|-unboost|p2b: Garchomp|atk|1
|turn|6
|
|t:|1756698141
|move|p1a: Incineroar|Fake Out|p2b: Garchomp
|-damage|p2b: Garchomp|36/100
|-damage|p1a: Incineroar|58/100|[from] ability: Rough Skin|[of] p2b: Garchomp
|cant|p2b: Garchomp|flinch
|move|p2a: Gholdengo|Shadow Ball|p1b: Volcarona
|-damage|p1b: Volcarona|1/100
|move|p1b: Volcarona|Giga Drain|p2a: Gholdengo
|-resisted|p2a: Gholdengo
|-damage|p2a: Gholdengo|70/100
|-heal|p1b: Volcarona|19/100|[from] drain|[of] p2a: Gholdengo
|
|-sideend|p2: tulaptor|move: Tailwind
|upkeep
|turn|7
|inactive|tulaptor has 30 seconds left.
|inactive|tulaptor has 20 seconds left.
|inactive|tulaptor has 15 seconds left.
|
|t:|1756698182
|move|p2b: Garchomp|Protect|p2b: Garchomp
|-singleturn|p2b: Garchomp|Protect
|move|p1b: Volcarona|Giga Drain|p2b: Garchomp
|-activate|p2b: Garchomp|move: Protect
|move|p2a: Gholdengo|Shadow Ball|p1b: Volcarona
|-damage|p1b: Volcarona|2/100
|move|p1a: Incineroar|Flare Blitz|p2a: Gholdengo
|-damage|p2a: Gholdengo|7/100
|-damage|p1a: Incineroar|35/100|[from] Recoil
|
|upkeep
|turn|8
|inactive|tulaptor has 30 seconds left.
|
|t:|1756698207
|switch|p1a: Gholdengo|Gholdengo, L50|100/100
|move|p1b: Volcarona|Heat Wave|p2b: Garchomp|[spread] p2a,p2b
|-resisted|p2b: Garchomp
|-damage|p2a: Gholdengo|0 fnt
|-damage|p2b: Garchomp|4/100
|faint|p2a: Gholdengo
|move|p2b: Garchomp|Earthquake|p1a: Gholdengo|[spread] p1a,p1b
|-supereffective|p1a: Gholdengo
|-resisted|p1b: Volcarona
|-damage|p1a: Gholdengo|40/100
|-damage|p1b: Volcarona|0 fnt
|faint|p1b: Volcarona
|
|upkeep
|
|t:|1756698219
|switch|p1b: Incineroar|Incineroar, L50, F|35/100
|switch|p2a: Hydreigon|Hydreigon, L50, F, shiny|67/100
|-ability|p1b: Incineroar|Intimidate|boost
|-unboost|p2a: Hydreigon|atk|1
|-unboost|p2b: Garchomp|atk|1
|turn|9
|
|t:|1756698229
|move|p2a: Hydreigon|Protect|p2a: Hydreigon
|-singleturn|p2a: Hydreigon|Protect
|move|p2b: Garchomp|Protect|p2b: Garchomp
|-singleturn|p2b: Garchomp|Protect
|move|p1b: Incineroar|Fake Out|p2b: Garchomp
|-activate|p2b: Garchomp|move: Protect
|move|p1a: Gholdengo|Make It Rain|p2b: Garchomp|[spread] 
|-activate|p2a: Hydreigon|move: Protect
|-activate|p2b: Garchomp|move: Protect
|
|upkeep
|turn|10
|
|t:|1756698248
|move|p1a: Gholdengo|Protect|p1a: Gholdengo
|-singleturn|p1a: Gholdengo|Protect
|move|p2a: Hydreigon|Draco Meteor|p1b: Incineroar
|-damage|p1b: Incineroar|0 fnt
|-unboost|p2a: Hydreigon|spa|2
|faint|p1b: Incineroar
|move|p2b: Garchomp|Earthquake|p1a: Gholdengo|[spread] 
|-activate|p1a: Gholdengo|move: Protect
|-immune|p2a: Hydreigon|[from] ability: Levitate
|
|upkeep
|turn|11
|c|☆TCM Zaukepoo|Gg
|
|t:|1756698262
|move|p2a: Hydreigon|Snarl|p1a: Gholdengo
|-supereffective|p1a: Gholdengo
|-damage|p1a: Gholdengo|7/100
|-unboost|p1a: Gholdengo|spa|1
|move|p2b: Garchomp|Earthquake|p1a: Gholdengo|[spread] p1a
|-immune|p2a: Hydreigon|[from] ability: Levitate
|-supereffective|p1a: Gholdengo
|-damage|p1a: Gholdengo|0 fnt
|faint|p1a: Gholdengo
|
|win|tulaptor
|raw|TCM Zaukepoo's rating: 1130 → 1096(-34 for losing)
|raw|tulaptor's rating: 1000 → 1054(+54 for winning)
|l|☆TCM Zaukepoo
|player|p1|
|c|☆tulaptor|Gg
|l|☆tulaptor
|player|p2|
|j|☆tulaptor
|player|p2|tulaptor|2|
|l|☆tulaptor
|player|p2|
|j|☆tulaptor
|player|p2|tulaptor|2|
