|j|☆Mr Woah
|j|☆timmytheglueeater
|html|Mr Woahtimmytheglueeater    
|uhtml|bestof|Game 1 of a best-of-3
|t:|1757779678
|gametype|doubles
|player|p1|Mr Woah|winona|1462
|player|p2|timmytheglueeater|265|1430
|gen|9
|tier|[Gen 9] VGC 2025 Reg H (Bo3)
|rated|
|rule|Species Clause: Limit one of each Pokémon
|rule|Item Clause: Limit 1 of each item
|clearpoke
|poke|p1|Ninetales-Alola, L50, M|
|poke|p1|Ursaluna-Bloodmoon, L50, M|
|poke|p1|Gholdengo, L50|
|poke|p1|Annihilape, L50, F|
|poke|p1|Dragonite, L50, M|
|poke|p1|Rillaboom, L50, F|
|poke|p2|Excadrill, L50, F|
|poke|p2|Tyranitar, L50, F|
|poke|p2|Kommo-o, L50, F|
|poke|p2|Sinistcha, L50|
|poke|p2|Incineroar, L50, M|
|poke|p2|Basculegion, L50, M|
|teampreview|4
|showteam|p1|Ninetales-Alola||CovertCloak|SnowWarning|IcyWind,Blizzard,AuroraVeil,IcicleSpear|||M|||50|,,,,,Water]Ursaluna-Bloodmoon||AssaultVest|MindsEye|BloodMoon,EarthPower,HyperVoice,VacuumWave|||M|||50|,,,,,Water]Gholdengo||LifeOrb|GoodasGold|Protect,NastyPlot,MakeItRain,ShadowBall||||||50|,,,,,Water]Annihilape||SafetyGoggles|Defiant|RageFist,BulkUp,DrainPunch,Protect|||F|||50|,,,,,Fire]Dragonite||LoadedDice|Multiscale|ScaleShot,Tailwind,Haze,Protect|||M|||50|,,,,,Fairy]Rillaboom||MiracleSeed|GrassySurge|WoodHammer,GrassyGlide,FakeOut,Protect|||F|||50|,,,,,Grass
|showteam|p2|Excadrill||FocusSash|SandRush|Protect,HighHorsepower,Earthquake,IronHead|||F|||50|,,,,,Ghost]Tyranitar||AssaultVest|SandStream|RockSlide,KnockOff,LowKick,TeraBlast|||F|||50|,,,,,Flying]Kommo-o||ThroatSpray|Overcoat|ClangingScales,ClangorousSoul,AuraSphere,Protect|||F|||50|,,,,,Steel]Sinistcha||SitrusBerry|Hospitality|MatchaGotcha,RagePowder,LifeDew,TrickRoom||||||50|,,,,,Water]Incineroar||SafetyGoggles|Intimidate|KnockOff,FakeOut,FlareBlitz,PartingShot|||M|||50|,,,,,Ghost]Basculegion||ChoiceScarf|Adaptability|WaveCrash,FlipTurn,LastRespects,TeraBlast|||M|||50|,,,,,Grass
|inactive|Battle timer is ON: inactive players will automatically lose when time's up. (requested by timmytheglueeater)
|inactive|Mr Woah has 60 seconds left.
|inactive|timmytheglueeater has 60 seconds left.
|
|t:|1757779726
|teamsize|p1|4
|teamsize|p2|4
|start
|switch|p1a: Ursaluna|Ursaluna-Bloodmoon, L50, M|100/100
|switch|p1b: Rillaboom|Rillaboom, L50, F|100/100
|switch|p2a: Excadrill|Excadrill, L50, F|100/100
|switch|p2b: Kommo-o|Kommo-o, L50, F|100/100
|-fieldstart|move: Grassy Terrain|[from] ability: Grassy Surge|[of] p1b: Rillaboom
|turn|1
|
|t:|1757779745
|switch|p2a: Incineroar|Incineroar, L50, M|100/100
|-ability|p2a: Incineroar|Intimidate|boost
|-unboost|p1a: Ursaluna|atk|1
|-unboost|p1b: Rillaboom|atk|1
|move|p2b: Kommo-o|Clangorous Soul|p2b: Kommo-o
|-boost|p2b: Kommo-o|atk|1
|-boost|p2b: Kommo-o|def|1
|-boost|p2b: Kommo-o|spa|1
|-boost|p2b: Kommo-o|spd|1
|-boost|p2b: Kommo-o|spe|1
|-damage|p2b: Kommo-o|68/100
|-enditem|p2b: Kommo-o|Throat Spray
|-boost|p2b: Kommo-o|spa|1|[from] item: Throat Spray
|move|p1b: Rillaboom|Wood Hammer|p2a: Incineroar
|-resisted|p2a: Incineroar
|-damage|p2a: Incineroar|66/100
|-damage|p1b: Rillaboom|89/100|[from] Recoil
|move|p1a: Ursaluna|Earth Power|p2b: Kommo-o
|-damage|p2b: Kommo-o|31/100
|
|-heal|p2b: Kommo-o|37/100|[from] Grassy Terrain
|-heal|p1b: Rillaboom|95/100|[from] Grassy Terrain
|-heal|p2a: Incineroar|72/100|[from] Grassy Terrain
|upkeep
|turn|2
|inactive|Mr Woah has 30 seconds left.
|
|t:|1757779772
|switch|p1a: Gholdengo|Gholdengo, L50|100/100
|move|p2a: Incineroar|Fake Out|p1a: Gholdengo
|-immune|p1a: Gholdengo
|move|p2b: Kommo-o|Clanging Scales|p1b: Rillaboom|[spread] p1a,p1b
|-resisted|p1a: Gholdengo
|-damage|p1a: Gholdengo|57/100
|-damage|p1b: Rillaboom|5/100
|-unboost|p2b: Kommo-o|def|1
|move|p1b: Rillaboom|Wood Hammer|p2b: Kommo-o
|-resisted|p2b: Kommo-o
|-damage|p2b: Kommo-o|3/100
|-damage|p1b: Rillaboom|0 fnt|[from] Recoil
|faint|p1b: Rillaboom
|
|-heal|p2b: Kommo-o|9/100|[from] Grassy Terrain
|-heal|p1a: Gholdengo|63/100|[from] Grassy Terrain
|-heal|p2a: Incineroar|78/100|[from] Grassy Terrain
|upkeep
|
|t:|1757779788
|switch|p1b: Dragonite|Dragonite, L50, M|100/100
|turn|3
|
|t:|1757779800
|-terastallize|p1b: Dragonite|Fairy
|move|p1a: Gholdengo|Protect|p1a: Gholdengo
|-singleturn|p1a: Gholdengo|Protect
|move|p2b: Kommo-o|Clanging Scales|p1b: Dragonite|[spread] 
|-activate|p1a: Gholdengo|move: Protect
|-immune|p1b: Dragonite
|move|p1b: Dragonite|Haze|p1b: Dragonite
|-clearallboost
|move|p2a: Incineroar|Knock Off|p1a: Gholdengo
|-activate|p1a: Gholdengo|move: Protect
|
|-heal|p1a: Gholdengo|69/100|[from] Grassy Terrain
|-heal|p2b: Kommo-o|15/100|[from] Grassy Terrain
|-heal|p2a: Incineroar|84/100|[from] Grassy Terrain
|upkeep
|turn|4
|inactive|timmytheglueeater has 30 seconds left.
|
|t:|1757779826
|move|p1a: Gholdengo|Make It Rain|p2b: Kommo-o|[spread] p2a,p2b
|-resisted|p2a: Incineroar
|-damage|p2a: Incineroar|57/100
|-damage|p2b: Kommo-o|0 fnt
|-unboost|p1a: Gholdengo|spa|1
|faint|p2b: Kommo-o
|-damage|p1a: Gholdengo|59/100|[from] item: Life Orb
|move|p1b: Dragonite|Scale Shot|p2a: Incineroar
|-damage|p2a: Incineroar|42/100
|-damage|p2a: Incineroar|25/100
|-damage|p2a: Incineroar|10/100
|-damage|p2a: Incineroar|0 fnt
|faint|p2a: Incineroar
|-hitcount|p2: Incineroar|4
|-unboost|p1b: Dragonite|def|1
|-boost|p1b: Dragonite|spe|1
|
|-heal|p1a: Gholdengo|65/100|[from] Grassy Terrain
|upkeep
|
|t:|1757779830
|switch|p2b: Excadrill|Excadrill, L50, F|100/100
|switch|p2a: Tyranitar|Tyranitar, L50, F|100/100
|-weather|Sandstorm|[from] ability: Sand Stream|[of] p2a: Tyranitar
|turn|5
|inactive|Mr Woah has 30 seconds left.
|
|t:|1757779860
|move|p1a: Gholdengo|Protect|p1a: Gholdengo
|-singleturn|p1a: Gholdengo|Protect
|move|p2b: Excadrill|Iron Head|p1b: Dragonite
|-supereffective|p1b: Dragonite
|-damage|p1b: Dragonite|15/100
|move|p1b: Dragonite|Scale Shot|p2b: Excadrill
|-resisted|p2b: Excadrill
|-damage|p2b: Excadrill|89/100
|-resisted|p2b: Excadrill
|-damage|p2b: Excadrill|79/100
|-resisted|p2b: Excadrill
|-damage|p2b: Excadrill|68/100
|-resisted|p2b: Excadrill
|-damage|p2b: Excadrill|57/100
|-resisted|p2b: Excadrill
|-damage|p2b: Excadrill|47/100
|-hitcount|p2b: Excadrill|5
|-unboost|p1b: Dragonite|def|1
|-boost|p1b: Dragonite|spe|1
|move|p2a: Tyranitar|Knock Off|p1a: Gholdengo
|-activate|p1a: Gholdengo|move: Protect
|
|-weather|Sandstorm|[upkeep]
|-damage|p1b: Dragonite|9/100|[from] Sandstorm
|-heal|p2b: Excadrill|53/100|[from] Grassy Terrain
|-heal|p1b: Dragonite|15/100|[from] Grassy Terrain
|-heal|p1a: Gholdengo|71/100|[from] Grassy Terrain
|-fieldend|move: Grassy Terrain
|upkeep
|turn|6
|inactive|Mr Woah has 30 seconds left.
|
|t:|1757779889
|switch|p1a: Ursaluna|Ursaluna-Bloodmoon, L50, M|100/100
|-terastallize|p2a: Tyranitar|Flying
|move|p2b: Excadrill|Earthquake|p1a: Ursaluna|[spread] p1a,p1b
|-immune|p2a: Tyranitar
|-damage|p1a: Ursaluna|69/100
|-damage|p1b: Dragonite|0 fnt
|faint|p1b: Dragonite
|move|p2a: Tyranitar|Knock Off|p1a: Ursaluna
|-damage|p1a: Ursaluna|26/100
|-enditem|p1a: Ursaluna|Assault Vest|[from] move: Knock Off|[of] p2a: Tyranitar
|
|-weather|Sandstorm|[upkeep]
|-damage|p2a: Tyranitar|94/100|[from] Sandstorm
|upkeep
|-message|Mr Woah forfeited.
|
|win|timmytheglueeater
|l|☆Mr Woah
|player|p1|
||Mr Woah is ready for game 2.
||timmytheglueeater is ready for game 2.
|uhtml|next|Next: Game 2 of 3
