|j|☆aqoursfan1
|j|☆maxw21386
|html|aqoursfan1maxw21386    
|uhtml|bestof|Game 2 of a best-of-3
|t:|1785615168
|gametype|doubles
|player|p1|aqoursfan1|anabel-gen7|1048
|player|p2|maxw21386|2|1000
|gen|9
|tier|[Gen 9 Champions] VGC 2026 Reg M-B (Bo3)
|rated|
|rule|Species Clause: Limit one of each Pokémon
|rule|Item Clause: Limit 1 of each item
|clearpoke
|poke|p1|Raichu, L50, M|
|poke|p1|Gengar, L50, F|
|poke|p1|Incineroar, L50, F|
|poke|p1|Ninetales-Alola, L50, F, shiny|
|poke|p1|Volcarona, L50, F, shiny|
|poke|p1|Kommo-o, L50, M|
|poke|p2|Dragonite, L50, F|
|poke|p2|Espathra, L50, M|
|poke|p2|Tsareena, L50, F|
|poke|p2|Scrafty, L50, F|
|poke|p2|Politoed, L50, F|
|poke|p2|Archaludon, L50, M|
|teampreview|4
|showteam|p1|Raichu||RaichuniteX|LightningRod|VoltTackle,VoltSwitch,FakeOut,Protect|Jolly||M|||50|]Gengar||Gengarite|CursedBody|ShadowBall,SludgeBomb,Substitute,Protect|Modest||F|||50|]Incineroar||PasshoBerry|Intimidate|FlareBlitz,ThroatChop,PartingShot,FakeOut|Adamant||F|||50|]Ninetales-Alola||ChoiceScarf|SnowWarning|Blizzard,FreezeDry,IcyWind,Moonblast|Timid||F|||50|]Volcarona||SitrusBerry|FlameBody|Flamethrower,StruggleBug,RagePowder,Protect|Bold||F|||50|]Kommo-o||Leftovers|Soundproof|ClangingScales,AuraSphere,ClangorousSoul,Protect|Modest||M|||50|
|showteam|p2|Dragonite||Dragoninite|Multiscale|Roost,Protect,DracoMeteor,Hurricane|Mild||F|||50|]Espathra||SitrusBerry|SpeedBoost|BatonPass,CalmMind,Protect,LuminaCrash|Modest||M|||50|]Tsareena||WideLens|QueenlyMajesty|TropKick,Uturn,HighJumpKick,Protect|Serious||F|||50|]Scrafty||FocusSash|Intimidate|Roar,FakeOut,KnockOff,CloseCombat|Adamant||F|||50|]Politoed||MysticWater|Drizzle|HyperVoice,HydroPump,PerishSong,Protect|Serious||F|||50|]Archaludon||Magnet|Stamina|Protect,DragonPulse,FlashCannon,ElectroShot|Modest||M|||50|
|inactive|Battle timer is ON: inactive players will automatically lose when time's up. (requested by aqoursfan1)
|
|t:|1785615189
|teamsize|p1|4
|teamsize|p2|4
|start
|switch|p1a: Volcarona|Volcarona, L50, F, shiny|100/100
|switch|p1b: Kommo-o|Kommo-o, L50, M|100/100
|switch|p2a: Scrafty|Scrafty, L50, F|100/100
|switch|p2b: Espathra|Espathra, L50, M|100/100
|-ability|p2a: Scrafty|Intimidate|boost
|-unboost|p1a: Volcarona|atk|1
|-unboost|p1b: Kommo-o|atk|1
|turn|1
|inactive|maxw21386 has 30 seconds left.
|
|t:|1785615217
|move|p2a: Scrafty|Fake Out|p1a: Volcarona
|-damage|p1a: Volcarona|89/100
|move|p1b: Kommo-o|Clangorous Soul|p1b: Kommo-o
|-boost|p1b: Kommo-o|atk|1
|-boost|p1b: Kommo-o|def|1
|-boost|p1b: Kommo-o|spa|1
|-boost|p1b: Kommo-o|spd|1
|-boost|p1b: Kommo-o|spe|1
|-damage|p1b: Kommo-o|67/100
|cant|p1a: Volcarona|flinch
|move|p2b: Espathra|Calm Mind|p2b: Espathra
|-boost|p2b: Espathra|spa|1
|-boost|p2b: Espathra|spd|1
|
|-heal|p1b: Kommo-o|73/100|[from] item: Leftovers
|-ability|p2b: Espathra|Speed Boost|boost
|-boost|p2b: Espathra|spe|1
|upkeep
|turn|2
|inactive|maxw21386 has 30 seconds left.
|
|t:|1785615250
|move|p2b: Espathra|Protect|p2b: Espathra
|-singleturn|p2b: Espathra|Protect
|move|p1a: Volcarona|Rage Powder|p1a: Volcarona
|-singleturn|p1a: Volcarona|move: Rage Powder
|move|p1b: Kommo-o|Clanging Scales|p2b: Espathra|[spread] p2a
|-activate|p2b: Espathra|move: Protect
|-damage|p2a: Scrafty|39/100
|-unboost|p1b: Kommo-o|def|1
|move|p2a: Scrafty|Knock Off|p1a: Volcarona
|-damage|p1a: Volcarona|52/100
|-enditem|p1a: Volcarona|Sitrus Berry|[from] move: Knock Off|[of] p2a: Scrafty
|
|-heal|p1b: Kommo-o|79/100|[from] item: Leftovers
|-ability|p2b: Espathra|Speed Boost|boost
|-boost|p2b: Espathra|spe|1
|upkeep
|turn|3
|inactive|maxw21386 has 30 seconds left.
|
|t:|1785615280
|move|p2b: Espathra|Calm Mind|p2b: Espathra
|-boost|p2b: Espathra|spa|1
|-boost|p2b: Espathra|spd|1
|move|p1b: Kommo-o|Clanging Scales|p2b: Espathra|[spread] p2a,p2b
|-damage|p2a: Scrafty|0 fnt
|-damage|p2b: Espathra|65/100
|faint|p2a: Scrafty
|-unboost|p1b: Kommo-o|def|1
|move|p1a: Volcarona|Struggle Bug|p2b: Espathra
|-supereffective|p2b: Espathra|1
|-damage|p2b: Espathra|37/100
|-unboost|p2b: Espathra|spa|1
|-enditem|p2b: Espathra|Sitrus Berry|[eat]
|-heal|p2b: Espathra|62/100|[from] item: Sitrus Berry
|
|-heal|p1b: Kommo-o|84/100|[from] item: Leftovers
|-ability|p2b: Espathra|Speed Boost|boost
|-boost|p2b: Espathra|spe|1
|upkeep
|
|t:|1785615295
|switch|p2a: Politoed|Politoed, L50, F|100/100
|-weather|RainDance|[from] ability: Drizzle|[of] p2a: Politoed
|turn|4
|
|t:|1785615312
|move|p2b: Espathra|Baton Pass|p2b: Espathra
|
|t:|1785615313
|switch|p2b: Dragonite|Dragonite, L50, F|100/100|[from] Baton Pass
|move|p1b: Kommo-o|Clangorous Soul|p1b: Kommo-o
|-boost|p1b: Kommo-o|atk|1
|-boost|p1b: Kommo-o|def|1
|-boost|p1b: Kommo-o|spa|1
|-boost|p1b: Kommo-o|spd|1
|-boost|p1b: Kommo-o|spe|1
|-damage|p1b: Kommo-o|52/100
|move|p1a: Volcarona|Struggle Bug|p2a: Politoed|[spread] p2a,p2b
|-resisted|p2b: Dragonite|1
|-damage|p2a: Politoed|85/100
|-damage|p2b: Dragonite|97/100
|-unboost|p2a: Politoed|spa|1
|-unboost|p2b: Dragonite|spa|1
|move|p2a: Politoed|Hydro Pump|p1a: Volcarona
|-supereffective|p1a: Volcarona|1
|-damage|p1a: Volcarona|0 fnt
|faint|p1a: Volcarona
|
|-weather|RainDance|[upkeep]
|-heal|p1b: Kommo-o|58/100|[from] item: Leftovers
|upkeep
|
|t:|1785615328
|switch|p1a: Ninetales|Ninetales-Alola, L50, F, shiny|100/100
|-weather|Snowscape|[from] ability: Snow Warning|[of] p1a: Ninetales
|turn|5
|
|t:|1785615344
|detailschange|p2b: Dragonite|Dragonite-Mega, L50, F
|-mega|p2b: Dragonite|Dragonite|Dragoninite
|move|p1b: Kommo-o|Protect|p1b: Kommo-o
|-singleturn|p1b: Kommo-o|Protect
|move|p2b: Dragonite|Draco Meteor|p1b: Kommo-o
|-activate|p1b: Kommo-o|move: Protect
|move|p1a: Ninetales|Blizzard|p2b: Dragonite|[spread] p2a,p2b
|-resisted|p2a: Politoed|1
|-supereffective|p2b: Dragonite|2
|-damage|p2a: Politoed|71/100
|-damage|p2b: Dragonite|40/100
|move|p2a: Politoed|Perish Song|p2a: Politoed
|-start|p1a: Ninetales|perish3|[silent]
|-immune|p1b: Kommo-o|[from] ability: Soundproof
|-start|p2a: Politoed|perish3|[silent]
|-start|p2b: Dragonite|perish3|[silent]
|-fieldactivate|move: Perish Song
|
|-weather|Snowscape|[upkeep]
|-heal|p1b: Kommo-o|64/100|[from] item: Leftovers
|-start|p2b: Dragonite|perish3
|-start|p1a: Ninetales|perish3
|-start|p2a: Politoed|perish3
|upkeep
|turn|6
|
|t:|1785615363
|switch|p2a: Espathra|Espathra, L50, M|62/100
|move|p2b: Dragonite|Draco Meteor|p1b: Kommo-o
|-supereffective|p1b: Kommo-o|1
|-damage|p1b: Kommo-o|0 fnt
|-unboost|p2b: Dragonite|spa|2
|faint|p1b: Kommo-o
|move|p1a: Ninetales|Blizzard|p2a: Espathra|[spread] p2a,p2b
|-supereffective|p2b: Dragonite|2
|-damage|p2a: Espathra|24/100
|-damage|p2b: Dragonite|0 fnt
|faint|p2b: Dragonite
|
|-weather|Snowscape|[upkeep]
|-start|p1a: Ninetales|perish2
|upkeep
|l|☆maxw21386
|inactive|maxw21386 disconnected and has a minute to reconnect!
|player|p2|
|inactive|maxw21386 has 30 seconds left.
|inactive|maxw21386 has 20 seconds left.
|inactive|maxw21386 has 15 seconds left.
|inactive|maxw21386 has 10 seconds left.
|inactive|maxw21386 has 5 seconds left.
|-message|maxw21386 lost due to inactivity.
|
|win|aqoursfan1
|raw|aqoursfan1's rating: 1048 → 1076(+28 for winning)
|raw|maxw21386's rating: 1000 → 1000(+0 for losing)
