|j|☆Frakub
|j|☆bluezephyr7
|html|Frakubbluezephyr7    
|uhtml|bestof|Game 2 of a best-of-3
|t:|1784206908
|gametype|doubles
|player|p1|Frakub|acetrainer-gen4dp|1072
|player|p2|bluezephyr7|169|1017
|gen|9
|tier|[Gen 9 Champions] VGC 2026 Reg M-B (Bo3)
|rated|
|rule|Species Clause: Limit one of each Pokémon
|rule|Item Clause: Limit 1 of each item
|clearpoke
|poke|p1|Mawile, L50, M|
|poke|p1|Torkoal, L50, F|
|poke|p1|Farigiraf, L50, F|
|poke|p1|Incineroar, L50, M|
|poke|p1|Sinistcha, L50|
|poke|p1|Kingambit, L50, F|
|poke|p2|Starmie, L50|
|poke|p2|Noivern, L50, M|
|poke|p2|Liepard, L50, F|
|poke|p2|Scovillain, L50, F|
|poke|p2|Krookodile, L50, M|
|poke|p2|Falinks, L50, shiny|
|teampreview|4
|showteam|p1|Mawile||Mawilite|Intimidate|PlayRough,IronHead,RockSlide,Protect|Brave||M|||50|]Torkoal||Charcoal|Drought|Eruption,HeatWave,SolarBeam,Protect|Quiet||F|||50|]Farigiraf||SitrusBerry|ArmorTail|TwinBeam,Thunderbolt,HelpingHand,TrickRoom|Relaxed||F|||50|]Incineroar||PasshoBerry|Intimidate|FlareBlitz,ThroatChop,PartingShot,FakeOut|Relaxed||M|||50|]Sinistcha||OccaBerry|Hospitality|MatchaGotcha,RagePowder,TrickRoom,Protect|Bold|||||50|]Kingambit||BlackGlasses|Defiant|KowtowCleave,SuckerPunch,SwordsDance,Protect|Adamant||F|||50|
|showteam|p2|Starmie||Starminite|Illuminate|Liquidation,PsychoCut,AquaJet,Protect|Adamant|||||50|]Noivern||RoseliBerry|Infiltrator|SuperFang,Taunt,Tailwind,Protect|Timid||M|||50|]Liepard||FocusSash|Prankster|FakeOut,FoulPlay,Encore,Protect|Timid||F|||50|]Scovillain||ChoiceScarf|Chlorophyll|LeafStorm,Overheat,RagePowder,SpicyExtract|Timid||F|||50|]Krookodile||LifeOrb|Intimidate|HighHorsepower,LashOut,RockSlide,Protect|Jolly||M|||50|]Falinks||Falinksite|Defiant|CloseCombat,IronHead,RockSlide,Protect|Jolly|||||50|
|inactive|Battle timer is ON: inactive players will automatically lose when time's up. (requested by Frakub)
|inactive|Frakub has 60 seconds left.
|
|t:|1784206941
|teamsize|p1|4
|teamsize|p2|4
|start
|switch|p1a: Farigiraf|Farigiraf, L50, F|100/100
|switch|p1b: Incineroar|Incineroar, L50, M|100/100
|switch|p2a: Falinks|Falinks, L50, shiny|100/100
|switch|p2b: Scovillain|Scovillain, L50, F|100/100
|-ability|p1b: Incineroar|Intimidate|boost
|-unboost|p2a: Falinks|atk|1
|-ability|p2a: Falinks|Defiant|boost
|-boost|p2a: Falinks|atk|2
|-unboost|p2b: Scovillain|atk|1
|turn|1
|inactive|bluezephyr7 has 30 seconds left.
|inactive|bluezephyr7 has 20 seconds left.
|inactive|bluezephyr7 has 15 seconds left.
|inactive|bluezephyr7 has 10 seconds left.
|
|t:|1784206989
|detailschange|p2a: Falinks|Falinks-Mega, L50, shiny
|-mega|p2a: Falinks|Falinks|Falinksite
|move|p1b: Incineroar|Fake Out|p2a: Falinks
|-damage|p2a: Falinks|89/100
|move|p2b: Scovillain|Overheat|p1a: Farigiraf|[miss]
|-miss|p2b: Scovillain|p1a: Farigiraf
|cant|p2a: Falinks|flinch
|move|p1a: Farigiraf|Trick Room|p1a: Farigiraf
|-fieldstart|move: Trick Room|[of] p1a: Farigiraf
|
|upkeep
|turn|2
|
|t:|1784207013
|switch|p2b: Krookodile|Krookodile, L50, M|100/100
|-ability|p2b: Krookodile|Intimidate|boost
|-unboost|p1a: Farigiraf|atk|1
|-unboost|p1b: Incineroar|atk|1
|move|p2a: Falinks|Protect|p2a: Falinks
|-singleturn|p2a: Falinks|Protect
|move|p1b: Incineroar|Flare Blitz|p2a: Falinks
|-activate|p2a: Falinks|move: Protect
|move|p1a: Farigiraf|Twin Beam|p2a: Falinks
|-activate|p2a: Falinks|move: Protect
|
|upkeep
|turn|3
|
|t:|1784207031
|switch|p2a: Liepard|Liepard, L50, F|100/100
|move|p1a: Farigiraf|Twin Beam|p2a: Liepard
|-immune|p2a: Liepard
|move|p1b: Incineroar|Parting Shot|p2b: Krookodile
|-unboost|p2b: Krookodile|atk|1
|-unboost|p2b: Krookodile|spa|1
|
|t:|1784207036
|switch|p1b: Mawile|Mawile, L50, M|100/100|[from] Parting Shot
|-ability|p1b: Mawile|Intimidate|boost
|-unboost|p2a: Liepard|atk|1
|-unboost|p2b: Krookodile|atk|1
|move|p2b: Krookodile|Lash Out|p1a: Farigiraf
|-supereffective|p1a: Farigiraf|1
|-damage|p1a: Farigiraf|28/100
|-enditem|p1a: Farigiraf|Sitrus Berry|[eat]
|-heal|p1a: Farigiraf|53/100|[from] item: Sitrus Berry
|-damage|p2b: Krookodile|90/100|[from] item: Life Orb
|
|upkeep
|turn|4
|
|t:|1784207055
|switch|p1a: Incineroar|Incineroar, L50, M|100/100
|-ability|p1a: Incineroar|Intimidate|boost
|-unboost|p2a: Liepard|atk|1
|-unboost|p2b: Krookodile|atk|1
|detailschange|p1b: Mawile|Mawile-Mega, L50, M
|-mega|p1b: Mawile|Mawile|Mawilite
|move|p1b: Mawile|Play Rough|p2b: Krookodile
|-supereffective|p2b: Krookodile|1
|-damage|p2b: Krookodile|0 fnt
|faint|p2b: Krookodile
|move|p2a: Liepard|Foul Play|p1a: Incineroar
|-resisted|p1a: Incineroar|1
|-damage|p1a: Incineroar|85/100
|
|upkeep
|
|t:|1784207069
|switch|p2b: Falinks|Falinks-Mega, L50, shiny|89/100
|turn|5
|
|t:|1784207080
|switch|p1a: Farigiraf|Farigiraf, L50, F|53/100
|move|p2a: Liepard|Protect|p2a: Liepard
|-singleturn|p2a: Liepard|Protect
|move|p2b: Falinks|Protect|p2b: Falinks
|-singleturn|p2b: Falinks|Protect
|move|p1b: Mawile|Play Rough|p2a: Liepard
|-activate|p2a: Liepard|move: Protect
|
|-fieldend|move: Trick Room
|upkeep
|turn|6
|inactive|bluezephyr7 has 30 seconds left.
|
|t:|1784207111
|move|p2a: Liepard|Foul Play|p1a: Farigiraf
|-supereffective|p1a: Farigiraf|1
|-damage|p1a: Farigiraf|7/100
|move|p2b: Falinks|Iron Head|p1a: Farigiraf
|-damage|p1a: Farigiraf|0 fnt
|faint|p1a: Farigiraf
|move|p1b: Mawile|Play Rough|p2b: Falinks
|-supereffective|p2b: Falinks|1
|-damage|p2b: Falinks|0 fnt
|faint|p2b: Falinks
|
|upkeep
|
|t:|1784207132
|switch|p2b: Scovillain|Scovillain, L50, F|100/100
|switch|p1a: Incineroar|Incineroar, L50, M|85/100
|-ability|p1a: Incineroar|Intimidate|boost
|-unboost|p2a: Liepard|atk|1
|-unboost|p2b: Scovillain|atk|1
|turn|7
|
|t:|1784207155
|move|p2a: Liepard|Protect|p2a: Liepard
|-singleturn|p2a: Liepard|Protect
|move|p1a: Incineroar|Fake Out|p2b: Scovillain
|-damage|p2b: Scovillain|80/100
|cant|p2b: Scovillain|flinch
|move|p1b: Mawile|Rock Slide|p2b: Scovillain|[spread] 
|-activate|p2a: Liepard|move: Protect
|-miss|p1b: Mawile|p2b: Scovillain
|
|upkeep
|turn|8
|
|t:|1784207176
|switch|p1b: Torkoal|Torkoal, L50, F|100/100
|-weather|SunnyDay|[from] ability: Drought|[of] p1b: Torkoal
|move|p2b: Scovillain|Spicy Extract|p1b: Torkoal
|-boost|p1b: Torkoal|atk|2
|-unboost|p1b: Torkoal|def|2
|move|p2a: Liepard|Foul Play|p1b: Torkoal
|-damage|p1b: Torkoal|10/100
|move|p1a: Incineroar|Flare Blitz|p2b: Scovillain
|-damage|p2b: Scovillain|0 fnt
|faint|p2b: Scovillain
|-damage|p1a: Incineroar|66/100|[from] Recoil
|
|-weather|SunnyDay|[upkeep]
|upkeep
|turn|9
|-message|bluezephyr7 forfeited.
|
|win|Frakub
|l|☆bluezephyr7
|player|p2|
||bluezephyr7 is ready for game 3.
||Frakub is ready for game 3.
|uhtml|next|Next: Game 3 of 3
