|j|☆viatles
|j|☆tacoman007
|html|viatlestacoman007    
|uhtml|bestof|Game 1 of a best-of-3
|t:|1784060274
|gametype|doubles
|player|p1|viatles|hiker|1099
|player|p2|tacoman007|2|1048
|gen|9
|tier|[Gen 9 Champions] VGC 2026 Reg M-B (Bo3)
|rated|
|rule|Species Clause: Limit one of each Pokémon
|rule|Item Clause: Limit 1 of each item
|clearpoke
|poke|p1|Beedrill, L50, F, shiny|
|poke|p1|Milotic, L50, F, shiny|
|poke|p1|Ceruledge, L50, M|
|poke|p1|Sinistcha, L50|
|poke|p1|Hydreigon, L50, F|
|poke|p1|Meowscarada, L50, M|
|poke|p2|Drampa, L50, F|
|poke|p2|Mawile, L50, F|
|poke|p2|Rotom-Heat, L50|
|poke|p2|Milotic, L50, F|
|poke|p2|Mudsdale, L50, M|
|poke|p2|Sinistcha-Masterpiece, L50|
|teampreview|4
|showteam|p1|Beedrill||Beedrillite|Swarm|Uturn,DrillRun,PoisonJab,Protect|Jolly||F|||50|]Milotic||Leftovers|Competitive|IcyWind,Scald,Protect,LifeDew|Bold||F|||50|]Ceruledge||ColburBerry|FlashFire|Protect,BitterBlade,BulkUp,ShadowSneak|Adamant||M|||50|]Sinistcha||SitrusBerry|Hospitality|MatchaGotcha,RagePowder,Imprison,TrickRoom|Bold|||||50|]Hydreigon||ChoiceScarf|Levitate|DracoMeteor,DarkPulse,HeatWave,EarthPower|Modest||F|||50|]Meowscarada||FocusSash|Overgrow|TripleAxel,KnockOff,FlowerTrick,Protect|Jolly||M|||50|
|showteam|p2|Drampa||SitrusBerry|CloudNine|DracoMeteor,EarthPower,Glare,Protect|Modest||F|||50|]Mawile||Mawilite|HyperCutter|PlayRough,IronHead,SuckerPunch,Protect|Adamant||F|||50|]Rotom-Heat||ChoiceScarf|Levitate|Overheat,Electroweb,VoltSwitch,Trick|Timid|||||50|]Milotic||LifeOrb|Competitive|Scald,IcyWind,Recover,Protect|Modest||F|||50|]Mudsdale||Leftovers|Stamina|HighHorsepower,BodyPress,StoneEdge,Protect|Brave||M|||50|]Sinistcha-Masterpiece||KasibBerry|Hospitality|RagePowder,ShadowBall,TrickRoom,Protect|Modest|||||50|
|c|☆viatles|gl hf
|inactive|Battle timer is ON: inactive players will automatically lose when time's up. (requested by viatles)
|c|☆tacoman007|glhf
|inactive|tacoman007 has 60 seconds left.
|inactive|viatles has 60 seconds left.
|inactive|tacoman007 has 30 seconds left.
|
|t:|1784060344
|teamsize|p1|4
|teamsize|p2|4
|start
|switch|p1a: Sinistcha|Sinistcha, L50|100/100
|switch|p1b: Malsumas|Beedrill, L50, F, shiny|100/100
|switch|p2a: Rotom|Rotom-Heat, L50|100/100
|switch|p2b: Milotic|Milotic, L50, F|100/100
|turn|1
|inactive|viatles has 30 seconds left.
|inactive|tacoman007 has 30 seconds left.
|
|t:|1784060372
|move|p1b: Malsumas|Protect|p1b: Malsumas
|-singleturn|p1b: Malsumas|Protect
|move|p2a: Rotom|Overheat|p1a: Sinistcha
|-supereffective|p1a: Sinistcha|1
|-crit|p1a: Sinistcha
|-damage|p1a: Sinistcha|0 fnt
|-unboost|p2a: Rotom|spa|2
|faint|p1a: Sinistcha
|move|p2b: Milotic|Icy Wind|p1b: Malsumas
|-activate|p1b: Malsumas|move: Protect
|
|upkeep
|
|t:|1784060382
|switch|p1a: Pentious|Milotic, L50, F, shiny|100/100
|turn|2
|
|t:|1784060402
|switch|p2a: Mawile|Mawile, L50, F|100/100
|detailschange|p1b: Malsumas|Beedrill-Mega, L50, F, shiny
|-mega|p1b: Malsumas|Beedrill|Beedrillite
|move|p1b: Malsumas|U-turn|p2a: Mawile
|-resisted|p2a: Mawile|2
|-damage|p2a: Mawile|81/100
|
|t:|1784060409
|switch|p1b: Ceruledge|Ceruledge, L50, M|100/100|[from] U-turn
|move|p2b: Milotic|Scald|p1b: Ceruledge
|-supereffective|p1b: Ceruledge|1
|-damage|p1b: Ceruledge|8/100
|-damage|p2b: Milotic|90/100|[from] item: Life Orb
|move|p1a: Pentious|Scald|p2a: Mawile
|-damage|p2a: Mawile|29/100
|
|upkeep
|turn|3
|inactive|tacoman007 has 30 seconds left.
|inactive|tacoman007 has 20 seconds left.
|inactive|tacoman007 has 15 seconds left.
|inactive|tacoman007 has 10 seconds left.
|
|t:|1784060455
|detailschange|p2a: Mawile|Mawile-Mega, L50, F
|-mega|p2a: Mawile|Mawile|Mawilite
|move|p1b: Ceruledge|Protect|p1b: Ceruledge
|-singleturn|p1b: Ceruledge|Protect
|move|p2a: Mawile|Protect|p2a: Mawile
|-singleturn|p2a: Mawile|Protect
|move|p2b: Milotic|Scald|p1b: Ceruledge
|-activate|p1b: Ceruledge|move: Protect
|move|p1a: Pentious|Scald|p2a: Mawile
|-activate|p2a: Mawile|move: Protect
|
|upkeep
|turn|4
|
|t:|1784060470
|switch|p1b: Malsumas|Beedrill-Mega, L50, F, shiny|100/100
|switch|p2a: Sinistcha|Sinistcha-Masterpiece, L50|100/100
|-heal|p2b: Milotic|100/100|[from] ability: Hospitality|[of] p2a: Sinistcha
|move|p2b: Milotic|Scald|p1b: Malsumas
|-damage|p1b: Malsumas|35/100
|-damage|p2b: Milotic|90/100|[from] item: Life Orb
|move|p1a: Pentious|Scald|p2a: Sinistcha
|-resisted|p2a: Sinistcha|1
|-damage|p2a: Sinistcha|83/100
|-status|p2a: Sinistcha|brn
|
|-damage|p2a: Sinistcha|76/100 brn|[from] brn
|upkeep
|turn|5
|inactive|viatles has 30 seconds left.
|inactive|tacoman007 has 30 seconds left.
|
|t:|1784060502
|move|p2a: Sinistcha|Rage Powder|p2a: Sinistcha
|-singleturn|p2a: Sinistcha|move: Rage Powder
|move|p1b: Malsumas|Poison Jab|p2a: Sinistcha
|-damage|p2a: Sinistcha|18/100 brn
|move|p2b: Milotic|Scald|p1b: Malsumas
|-damage|p1b: Malsumas|0 fnt
|faint|p1b: Malsumas
|-damage|p2b: Milotic|80/100|[from] item: Life Orb
|move|p1a: Pentious|Scald|p2a: Sinistcha
|-resisted|p2a: Sinistcha|1
|-damage|p2a: Sinistcha|2/100 brn
|
|-damage|p2a: Sinistcha|0 fnt|[from] brn
|faint|p2a: Sinistcha
|upkeep
|
|t:|1784060516
|switch|p1b: Ceruledge|Ceruledge, L50, M|8/100
|switch|p2a: Rotom|Rotom-Heat, L50|100/100
|turn|6
|
|t:|1784060536
|move|p1b: Ceruledge|Protect|p1b: Ceruledge
|-singleturn|p1b: Ceruledge|Protect
|move|p1a: Pentious|Protect|p1a: Pentious
|-singleturn|p1a: Pentious|Protect
|move|p2a: Rotom|Volt Switch|p1b: Ceruledge
|-activate|p1b: Ceruledge|move: Protect
|move|p2b: Milotic|Scald|p1a: Pentious
|-activate|p1a: Pentious|move: Protect
|
|upkeep
|turn|7
|
|t:|1784060553
|move|p1b: Ceruledge|Shadow Sneak|p2b: Milotic
|-damage|p2b: Milotic|55/100
|move|p2a: Rotom|Volt Switch|p1a: Pentious
|-supereffective|p1a: Pentious|1
|-damage|p1a: Pentious|59/100
|
|t:|1784060557
|switch|p2a: Mawile|Mawile-Mega, L50, F|29/100|[from] Volt Switch
|move|p2b: Milotic|Scald|p1b: Ceruledge
|-supereffective|p1b: Ceruledge|1
|-damage|p1b: Ceruledge|0 fnt
|faint|p1b: Ceruledge
|-damage|p2b: Milotic|46/100|[from] item: Life Orb
|move|p1a: Pentious|Scald|p2a: Mawile
|-damage|p2a: Mawile|0 fnt
|faint|p2a: Mawile
|
|-heal|p1a: Pentious|65/100|[from] item: Leftovers
|upkeep
|
|t:|1784060560
|switch|p2a: Rotom|Rotom-Heat, L50|100/100
|turn|8
|
|t:|1784060573
|move|p2a: Rotom|Volt Switch|p1a: Pentious
|-supereffective|p1a: Pentious|1
|-damage|p1a: Pentious|28/100
|move|p2b: Milotic|Recover|p2b: Milotic
|-heal|p2b: Milotic|96/100
|move|p1a: Pentious|Scald|p2a: Rotom
|-supereffective|p2a: Rotom|1
|-damage|p2a: Rotom|37/100
|
|-heal|p1a: Pentious|34/100|[from] item: Leftovers
|upkeep
|turn|9
|
|t:|1784060584
|move|p1a: Pentious|Protect|p1a: Pentious
|-singleturn|p1a: Pentious|Protect
|move|p2a: Rotom|Volt Switch|p1a: Pentious
|-activate|p1a: Pentious|move: Protect
|move|p2b: Milotic|Scald|p1a: Pentious
|-activate|p1a: Pentious|move: Protect
|
|-heal|p1a: Pentious|40/100|[from] item: Leftovers
|upkeep
|turn|10
|
|t:|1784060594
|move|p2a: Rotom|Volt Switch|p1a: Pentious
|-supereffective|p1a: Pentious|1
|-damage|p1a: Pentious|3/100
|move|p2b: Milotic|Scald|p1a: Pentious
|-resisted|p1a: Pentious|1
|-damage|p1a: Pentious|0 fnt
|faint|p1a: Pentious
|-damage|p2b: Milotic|86/100|[from] item: Life Orb
|
|win|tacoman007
