|j|☆Livnlarge27
|j|☆Guagua43
|html|Livnlarge27Guagua43    
|uhtml|bestof|Game 3 of a best-of-3
|t:|1754504344
|gametype|doubles
|player|p1|Livnlarge27|marlon|1343
|player|p2|Guagua43|266|1217
|gen|9
|tier|[Gen 9] VGC 2025 Reg H (Bo3)
|rated|
|rule|Species Clause: Limit one of each Pokémon
|rule|Item Clause: Limit 1 of each item
|clearpoke
|poke|p1|Blastoise, L50, F|
|poke|p1|Dragapult, L50, F|
|poke|p1|Indeedee-F, L50, F|
|poke|p1|Sneasler, L50, F|
|poke|p1|Whimsicott, L50, F|
|poke|p1|Armarouge, L50, F|
|poke|p2|Kingambit, L50, F|
|poke|p2|Primarina, L50, M|
|poke|p2|Sneasler, L50, M|
|poke|p2|Magmar, L50, M|
|poke|p2|Rillaboom, L50, M|
|poke|p2|Dragapult, L50, F|
|teampreview|4
|showteam|p1|Blastoise||MysticWater|Torrent|Protect,WaterSpout,HydroCannon,ShellSmash|||F|||50|,,,,,Water]Dragapult||ChoiceBand|ClearBody|DragonDarts,Uturn,PhantomForce,Outrage|||F|||50|,,,,,Dragon]Indeedee-F||RockyHelmet|PsychicSurge|Imprison,FollowMe,HelpingHand,TrickRoom|||F|||50|,,,,,Fairy]Sneasler||PsychicSeed|Unburden|FakeOut,CloseCombat,DireClaw,ThroatChop|||F|||50|,,,,,Dark]Whimsicott||CovertCloak|Prankster|Tailwind,Moonblast,Encore,Taunt|||F|||50|,,,,,Dark]Armarouge||LifeOrb|FlashFire|ExpandingForce,ArmorCannon,ClearSmog,AuraSphere|||F|||50|,,,,,Grass
|showteam|p2|Kingambit||BlackGlasses|Defiant|KowtowCleave,SuckerPunch,SwordsDance,Protect|||F|||50|,,,,,Dark]Primarina||SitrusBerry|LiquidVoice|HyperVoice,Moonblast,Haze,Protect|||M|||50|,,,,,Poison]Sneasler||FocusSash|PoisonTouch|CloseCombat,DireClaw,FakeOut,Protect|||M|||50|,,,,,Ghost]Magmar||Eviolite|VitalSpirit|Overheat,WillOWisp,FollowMe,Protect|||M|||50|,,,,,Ghost]Rillaboom||AssaultVest|GrassySurge|WoodHammer,GrassyGlide,HighHorsepower,FakeOut|||M|||50|,,,,,Fire]Dragapult||ChoiceBand|ClearBody|DragonDarts,PhantomForce,Outrage,Uturn|||F|||50|,,,,,Dragon
|inactive|Battle timer is ON: inactive players will automatically lose when time's up. (requested by Livnlarge27)
|
|t:|1754504365
|teamsize|p1|4
|teamsize|p2|4
|start
|switch|p1a: Indeedee|Indeedee-F, L50, F|100/100
|switch|p1b: Blastoise|Blastoise, L50, F|100/100
|switch|p2a: Sneasler|Sneasler, L50, M|100/100
|switch|p2b: Dragapult|Dragapult, L50, F|100/100
|-fieldstart|move: Psychic Terrain|[from] ability: Psychic Surge|[of] p1a: Indeedee
|turn|1
|
|t:|1754504372
|switch|p2b: Rillaboom|Rillaboom, L50, M|100/100
|-fieldstart|move: Grassy Terrain|[from] ability: Grassy Surge|[of] p2b: Rillaboom
|move|p2a: Sneasler|Fake Out|p1b: Blastoise
|-damage|p1b: Blastoise|84/100
|-status|p1b: Blastoise|psn|[from] ability: Poison Touch|[of] p2a: Sneasler
|move|p1a: Indeedee|Follow Me|p1a: Indeedee
|-singleturn|p1a: Indeedee|move: Follow Me
|cant|p1b: Blastoise|flinch
|
|-heal|p1b: Blastoise|90/100 psn|[from] Grassy Terrain
|-damage|p1b: Blastoise|78/100 psn|[from] psn
|upkeep
|turn|2
|
|t:|1754504386
|switch|p1a: Armarouge|Armarouge, L50, F|100/100
|move|p1b: Blastoise|Protect|p1b: Blastoise
|-singleturn|p1b: Blastoise|Protect
|move|p2b: Rillaboom|Fake Out|p1a: Armarouge
|-damage|p1a: Armarouge|86/100
|move|p2a: Sneasler|Close Combat|p1b: Blastoise
|-activate|p1b: Blastoise|move: Protect
|
|-heal|p1b: Blastoise|84/100 psn|[from] Grassy Terrain
|-heal|p1a: Armarouge|92/100|[from] Grassy Terrain
|-damage|p1b: Blastoise|71/100 psn|[from] psn
|upkeep
|turn|3
|
|t:|1754504403
|move|p2a: Sneasler|Dire Claw|p1a: Armarouge
|-damage|p1a: Armarouge|51/100
|-status|p1a: Armarouge|psn
|move|p1b: Blastoise|Shell Smash|p1b: Blastoise
|-unboost|p1b: Blastoise|def|1
|-unboost|p1b: Blastoise|spd|1
|-boost|p1b: Blastoise|atk|2
|-boost|p1b: Blastoise|spa|2
|-boost|p1b: Blastoise|spe|2
|move|p2b: Rillaboom|High Horsepower|p1a: Armarouge
|-supereffective|p1a: Armarouge
|-damage|p1a: Armarouge|0 fnt
|faint|p1a: Armarouge
|
|-heal|p1b: Blastoise|77/100 psn|[from] Grassy Terrain
|-damage|p1b: Blastoise|65/100 psn|[from] psn
|upkeep
|
|t:|1754504425
|switch|p1a: Indeedee|Indeedee-F, L50, F|100/100
|-fieldstart|move: Psychic Terrain|[from] ability: Psychic Surge|[of] p1a: Indeedee
|turn|4
|
|t:|1754504441
|-terastallize|p1b: Blastoise|Water
|move|p1a: Indeedee|Follow Me|p1a: Indeedee
|-singleturn|p1a: Indeedee|move: Follow Me
|move|p1b: Blastoise|Water Spout|p2a: Sneasler|[spread] p2a,p2b
|-resisted|p2b: Rillaboom
|-enditem|p2a: Sneasler|Focus Sash
|-damage|p2a: Sneasler|1/100
|-damage|p2b: Rillaboom|65/100
|move|p2a: Sneasler|Close Combat|p1a: Indeedee
|-damage|p1a: Indeedee|36/100
|-unboost|p2a: Sneasler|def|1
|-unboost|p2a: Sneasler|spd|1
|-damage|p2a: Sneasler|0 fnt|[from] item: Rocky Helmet|[of] p1a: Indeedee
|faint|p2a: Sneasler
|move|p2b: Rillaboom|Wood Hammer|p1a: Indeedee
|-damage|p1a: Indeedee|0 fnt
|-damage|p2b: Rillaboom|49/100|[from] item: Rocky Helmet|[of] p1a: Indeedee
|faint|p1a: Indeedee
|-damage|p2b: Rillaboom|39/100|[from] Recoil
|
|-damage|p1b: Blastoise|53/100 psn|[from] psn
|upkeep
|
|t:|1754504456
|switch|p2a: Primarina|Primarina, L50, M|100/100
|switch|p1a: Sneasler|Sneasler, L50, F|100/100
|-enditem|p1a: Sneasler|Psychic Seed
|-boost|p1a: Sneasler|spd|1|[from] item: Psychic Seed
|turn|5
|
|t:|1754504479
|switch|p2b: Dragapult|Dragapult, L50, F|100/100
|move|p2a: Primarina|Protect|p2a: Primarina
|-singleturn|p2a: Primarina|Protect
|move|p1a: Sneasler|Dire Claw|p2a: Primarina
|-activate|p2a: Primarina|move: Protect
|move|p1b: Blastoise|Water Spout|p2b: Dragapult|[spread] p2b
|-activate|p2a: Primarina|move: Protect
|-resisted|p2b: Dragapult
|-crit|p2b: Dragapult
|-damage|p2b: Dragapult|23/100
|
|-damage|p1b: Blastoise|40/100 psn|[from] psn
|upkeep
|turn|6
|inactive|Livnlarge27 has 30 seconds left.
|
|t:|1754504512
|-terastallize|p2a: Primarina|Poison
|move|p1a: Sneasler|Throat Chop|p2b: Dragapult
|-supereffective|p2b: Dragapult
|-damage|p2b: Dragapult|0 fnt
|faint|p2b: Dragapult
|move|p1b: Blastoise|Hydro Cannon|p2a: Primarina
|-damage|p2a: Primarina|0 fnt
|-mustrecharge|p1b: Blastoise
|faint|p2a: Primarina
|
|-damage|p1b: Blastoise|28/100 psn|[from] psn
|upkeep
|
|t:|1754504520
|switch|p2b: Rillaboom|Rillaboom, L50, M|39/100
|-fieldstart|move: Grassy Terrain|[from] ability: Grassy Surge|[of] p2b: Rillaboom
|turn|7
|
|t:|1754504523
|move|p1a: Sneasler|Dire Claw|p2b: Rillaboom
|-supereffective|p2b: Rillaboom
|-damage|p2b: Rillaboom|0 fnt
|faint|p2b: Rillaboom
|
|win|Livnlarge27
|raw|Livnlarge27's rating: 1343 → 1356(+13 for winning)
|raw|Guagua43's rating: 1217 → 1201(-16 for losing)
|l|☆Guagua43
|player|p2|
