|j|☆NiL312
|j|☆Cetoo
|html|NiL312Cetoo    
|uhtml|bestof|Game 2 of a best-of-3
|t:|1783296543
|gametype|doubles
|player|p1|NiL312|1|
|player|p2|Cetoo|169|
|gen|9
|tier|[Gen 9 Champions] VGC 2026 Reg M-B (Bo3)
|rule|Species Clause: Limit one of each Pokémon
|rule|Item Clause: Limit 1 of each item
|clearpoke
|poke|p1|Mawile, L50, F|
|poke|p1|Farigiraf, L50, M|
|poke|p1|Garchomp, L50, M|
|poke|p1|Corviknight, L50, M|
|poke|p1|Blastoise, L50, F|
|poke|p1|Talonflame, L50, M|
|poke|p2|Metagross, L50|
|poke|p2|Kingambit, L50, F|
|poke|p2|Gholdengo, L50|
|poke|p2|Dragapult, L50, M|
|poke|p2|Rotom-Wash, L50|
|poke|p2|Clefable, L50, M|
|teampreview|4
|showteam|p1|Mawile||Mawilite|Intimidate|PlayRough,SuckerPunch,SwordsDance,Protect|Brave||F|||50|]Farigiraf||ColburBerry|ArmorTail|TrickRoom,HelpingHand,ShadowBall,EnergyBall|Modest||M|||50|]Garchomp||LifeOrb|RoughSkin|Earthquake,BrickBreak,DragonClaw,Protect|Jolly||M|||50|]Corviknight||Leftovers|MirrorArmor|IronHead,BraveBird,IronDefense,BodyPress|Adamant||M|||50|]Blastoise||Blastoisinite|Torrent|WaterSpout,DarkPulse,AuraSphere,FakeOut|Modest||F|||50|]Talonflame||FocusSash|GaleWings|Tailwind,DualWingbeat,FlareBlitz,Protect|Jolly||M|||50|
|showteam|p2|Metagross||Metagrossite|ClearBody|Protect,PsychicFangs,IronHead,BodyPress|Adamant|||||50|]Kingambit||ChopleBerry|Defiant|SuckerPunch,KowtowCleave,IronHead,Protect|Adamant||F|||50|]Gholdengo||LifeOrb|GoodasGold|MakeItRain,ShadowBall,NastyPlot,Protect|Timid|||||50|]Dragapult||FocusSash|ClearBody|DragonDarts,PhantomForce,WillOWisp,Protect|Timid||M|||50|]Rotom-Wash||Leftovers|Levitate|HydroPump,WillOWisp,Thunderbolt,Protect|Calm|||||50|]Clefable||SitrusBerry|Unaware|FollowMe,Moonblast,Protect,HelpingHand|Bold||M|||50|
|inactive|Battle timer is ON: inactive players will automatically lose when time's up. (requested by Cetoo)
|inactive|Cetoo has 60 seconds left.
|
|t:|1783296577
|teamsize|p1|4
|teamsize|p2|4
|start
|switch|p1a: crocodile|Mawile, L50, F|100/100
|switch|p1b: do geese see god|Farigiraf, L50, M|100/100
|switch|p2a: Clefable|Clefable, L50, M|100/100
|switch|p2b: Metagross|Metagross, L50|100/100
|-ability|p1a: crocodile|Intimidate|boost
|-unboost|p2a: Clefable|atk|1
|-fail|p2b: Metagross|unboost|[from] ability: Clear Body|[of] p2b: Metagross
|turn|1
|inactive|NiL312 has 30 seconds left.
|inactive|Cetoo has 30 seconds left.
|
|t:|1783296610
|detailschange|p2b: Metagross|Metagross-Mega, L50
|-mega|p2b: Metagross|Metagross|Metagrossite
|detailschange|p1a: crocodile|Mawile-Mega, L50, F
|-mega|p1a: crocodile|Mawile|Mawilite
|move|p2a: Clefable|Follow Me|p2a: Clefable
|-singleturn|p2a: Clefable|move: Follow Me
|move|p1a: crocodile|Sucker Punch||[still]
|-fail|p1a: crocodile
|move|p2b: Metagross|Body Press|p1a: crocodile
|-damage|p1a: crocodile|67/100
|move|p1b: do geese see god|Trick Room|p1b: do geese see god
|-fieldstart|move: Trick Room|[of] p1b: do geese see god
|
|upkeep
|turn|2
|inactive|NiL312 has 30 seconds left.
|inactive|Cetoo has 30 seconds left.
|
|t:|1783296644
|move|p2a: Clefable|Follow Me|p2a: Clefable
|-singleturn|p2a: Clefable|move: Follow Me
|move|p1a: crocodile|Swords Dance|p1a: crocodile
|-boost|p1a: crocodile|atk|2
|move|p1b: do geese see god|Shadow Ball|p2a: Clefable
|-damage|p2a: Clefable|71/100
|-unboost|p2a: Clefable|spd|1
|move|p2b: Metagross|Iron Head|p1a: crocodile
|-damage|p1a: crocodile|3/100
|
|upkeep
|turn|3
|inactive|NiL312 has 30 seconds left.
|
|t:|1783296672
|move|p2a: Clefable|Follow Me|p2a: Clefable
|-singleturn|p2a: Clefable|move: Follow Me
|move|p1a: crocodile|Play Rough|p2a: Clefable
|-damage|p2a: Clefable|0 fnt
|faint|p2a: Clefable
|move|p1b: do geese see god|Shadow Ball|p2b: Metagross
|-supereffective|p2b: Metagross|1
|-damage|p2b: Metagross|51/100
|-unboost|p2b: Metagross|spd|1
|move|p2b: Metagross|Iron Head|p1a: crocodile
|-damage|p1a: crocodile|0 fnt
|faint|p1a: crocodile
|
|upkeep
|
|t:|1783296684
|switch|p1a: bird game 3|Corviknight, L50, M|100/100
|switch|p2a: Rotom|Rotom-Wash, L50|100/100
|turn|4
|inactive|NiL312 has 30 seconds left.
|inactive|NiL312 has 20 seconds left.
|
|t:|1783296723
|move|p1b: do geese see god|Energy Ball|p2a: Rotom
|-supereffective|p2a: Rotom|1
|-damage|p2a: Rotom|46/100
|move|p1a: bird game 3|Body Press|p2b: Metagross
|-damage|p2b: Metagross|38/100
|move|p2a: Rotom|Thunderbolt|p1a: bird game 3
|-supereffective|p1a: bird game 3|1
|-damage|p1a: bird game 3|40/100
|move|p2b: Metagross|Body Press|p1b: do geese see god
|-damage|p1b: do geese see god|65/100
|
|-heal|p1a: bird game 3|46/100|[from] item: Leftovers
|-heal|p2a: Rotom|52/100|[from] item: Leftovers
|upkeep
|turn|5
|
|t:|1783296743
|move|p1b: do geese see god|Shadow Ball|p2b: Metagross
|-supereffective|p2b: Metagross|1
|-damage|p2b: Metagross|0 fnt
|faint|p2b: Metagross
|move|p1a: bird game 3|Body Press|p2a: Rotom
|-damage|p2a: Rotom|30/100
|move|p2a: Rotom|Will-O-Wisp|p1b: do geese see god
|-status|p1b: do geese see god|brn
|
|-heal|p1a: bird game 3|52/100|[from] item: Leftovers
|-heal|p2a: Rotom|36/100|[from] item: Leftovers
|-damage|p1b: do geese see god|59/100 brn|[from] brn
|-fieldend|move: Trick Room
|upkeep
|
|t:|1783296746
|switch|p2b: Kingambit|Kingambit, L50, F|100/100
|turn|6
|inactive|Cetoo has 30 seconds left.
|
|t:|1783296773
|switch|p1a: top lane|Garchomp, L50, M|100/100
|move|p2b: Kingambit|Sucker Punch||[still]
|cant|p1b: do geese see god|ability: Armor Tail|Sucker Punch|[of] p2b: Kingambit
|move|p2a: Rotom|Thunderbolt|p1a: top lane
|-immune|p1a: top lane
|move|p1b: do geese see god|Energy Ball|p2a: Rotom
|-supereffective|p2a: Rotom|1
|-damage|p2a: Rotom|0 fnt
|faint|p2a: Rotom
|
|-damage|p1b: do geese see god|52/100 brn|[from] brn
|upkeep
|turn|7
|
|t:|1783296790
|move|p1b: do geese see god|Helping Hand|p1a: top lane
|-singleturn|p1a: top lane|Helping Hand|[of] p1b: do geese see god
|move|p1a: top lane|Brick Break|p2b: Kingambit
|-supereffective|p2b: Kingambit|2
|-enditem|p2b: Kingambit|Chople Berry|[eat]
|-enditem|p2b: Kingambit|Chople Berry|[weaken]
|-damage|p2b: Kingambit|24/100
|-damage|p1a: top lane|90/100|[from] item: Life Orb
|move|p2b: Kingambit|Kowtow Cleave|p1a: top lane
|-damage|p1a: top lane|35/100
|-damage|p2b: Kingambit|12/100|[from] ability: Rough Skin|[of] p1a: top lane
|
|-damage|p1b: do geese see god|46/100 brn|[from] brn
|upkeep
|turn|8
|
|t:|1783296806
|move|p1b: do geese see god|Helping Hand|p1a: top lane
|-singleturn|p1a: top lane|Helping Hand|[of] p1b: do geese see god
|move|p2b: Kingambit|Protect|p2b: Kingambit
|-singleturn|p2b: Kingambit|Protect
|move|p1a: top lane|Brick Break|p2b: Kingambit
|-activate|p2b: Kingambit|move: Protect
|
|-damage|p1b: do geese see god|40/100 brn|[from] brn
|upkeep
|turn|9
|inactive|Cetoo has 30 seconds left.
|
|t:|1783296831
|move|p1b: do geese see god|Helping Hand|p1a: top lane
|-singleturn|p1a: top lane|Helping Hand|[of] p1b: do geese see god
|move|p2b: Kingambit|Sucker Punch||[still]
|cant|p1b: do geese see god|ability: Armor Tail|Sucker Punch|[of] p2b: Kingambit
|move|p1a: top lane|Brick Break|p2b: Kingambit
|-supereffective|p2b: Kingambit|2
|-damage|p2b: Kingambit|0 fnt
|faint|p2b: Kingambit
|-damage|p1a: top lane|25/100|[from] item: Life Orb
|
|win|NiL312
