|j|☆elmono11
|j|☆Chally101
|html|elmono11Chally101    
|uhtml|bestof|Game 3 of a best-of-3
|t:|1755766353
|gametype|doubles
|player|p1|elmono11|266|1146
|player|p2|Chally101|101|1255
|gen|9
|tier|[Gen 9] VGC 2025 Reg H (Bo3)
|rated|
|rule|Species Clause: Limit one of each Pokémon
|rule|Item Clause: Limit 1 of each item
|clearpoke
|poke|p1|Gholdengo, L50|
|poke|p1|Sneasler, L50, M|
|poke|p1|Rillaboom, L50, F|
|poke|p1|Dragonite, L50, M|
|poke|p1|Ninetales-Alola, L50, F|
|poke|p1|Arcanine-Hisui, L50, M|
|poke|p2|Archaludon, L50, F|
|poke|p2|Pelipper, L50, M|
|poke|p2|Incineroar, L50, M|
|poke|p2|Amoonguss, L50, F|
|poke|p2|Gholdengo, L50|
|poke|p2|Basculegion, L50, M|
|teampreview|4
|showteam|p1|Gholdengo||GrassySeed|GoodasGold|NastyPlot,MakeItRain,ShadowBall,Protect||||||50|,,,,,Water]Sneasler||WhiteHerb|Unburden|CloseCombat,DireClaw,Coaching,Protect|||M|||50|,,,,,Ghost]Rillaboom||AssaultVest|GrassySurge|FakeOut,GrassyGlide,DrumBeating,HighHorsepower|||F|||50|,,,,,Fire]Dragonite||LoadedDice|Multiscale|ScaleShot,StompingTantrum,Tailwind,Protect|||M|||50|,,,,,Ground]Ninetales-Alola||FocusSash|SnowWarning|Blizzard,IcyWind,Encore,AuroraVeil|||F|||50|,,,,,Ghost]Arcanine-Hisui||ClearAmulet|Intimidate|RockSlide,FlareBlitz,ExtremeSpeed,Protect|||M|||50|,,,,,Water
|showteam|p2|Archaludon||AssaultVest|Stamina|ElectroShot,DragonPulse,FlashCannon,BodyPress|||F|||50|,,,,,Bug]Pelipper||FocusSash|Drizzle|MuddyWater,Hurricane,Tailwind,Protect|||M|||50|,,,,,Ghost]Incineroar||SafetyGoggles|Intimidate|KnockOff,FlareBlitz,PartingShot,FakeOut|||M|||50|,,,,,Ghost]Amoonguss||SitrusBerry|Regenerator|RagePowder,Spore,SludgeBomb,Protect|||F|||50|,,,,,Dark]Gholdengo||LifeOrb|GoodasGold|MakeItRain,ShadowBall,NastyPlot,Protect||||||50|,,,,,Dragon]Basculegion||ChoiceBand|SwiftSwim|WaveCrash,AquaJet,LastRespects,FlipTurn|||M|||50|,,,,,Water
|inactive|Battle timer is ON: inactive players will automatically lose when time's up. (requested by elmono11)
|inactive|Chally101 also wants the timer to be on.
|
|t:|1755766369
|teamsize|p1|4
|teamsize|p2|4
|start
|switch|p1a: Rillaboom|Rillaboom, L50, F|100/100
|switch|p1b: Gholdengo|Gholdengo, L50|100/100
|switch|p2a: Gholdengo|Gholdengo, L50|100/100
|switch|p2b: Incineroar|Incineroar, L50, M|100/100
|-fieldstart|move: Grassy Terrain|[from] ability: Grassy Surge|[of] p1a: Rillaboom
|-enditem|p1b: Gholdengo|Grassy Seed
|-boost|p1b: Gholdengo|def|1|[from] item: Grassy Seed
|-ability|p2b: Incineroar|Intimidate|boost
|-unboost|p1a: Rillaboom|atk|1
|-unboost|p1b: Gholdengo|atk|1
|turn|1
|inactive|Chally101 has 30 seconds left.
|inactive|elmono11 has 30 seconds left.
|inactive|Chally101 has 20 seconds left.
|inactive|Chally101 has 15 seconds left.
|inactive|Chally101 has 10 seconds left.
|
|t:|1755766416
|-terastallize|p1b: Gholdengo|Water
|move|p2b: Incineroar|Fake Out|p1a: Rillaboom
|-damage|p1a: Rillaboom|89/100
|cant|p1a: Rillaboom|flinch
|move|p2a: Gholdengo|Nasty Plot|p2a: Gholdengo
|-boost|p2a: Gholdengo|spa|2
|move|p1b: Gholdengo|Nasty Plot|p1b: Gholdengo
|-boost|p1b: Gholdengo|spa|2
|
|-heal|p1a: Rillaboom|95/100|[from] Grassy Terrain
|upkeep
|turn|2
|inactive|elmono11 has 30 seconds left.
|inactive|elmono11 has 20 seconds left.
|
|t:|1755766454
|move|p2a: Gholdengo|Protect|p2a: Gholdengo
|-singleturn|p2a: Gholdengo|Protect
|move|p1b: Gholdengo|Protect|p1b: Gholdengo
|-singleturn|p1b: Gholdengo|Protect
|move|p1a: Rillaboom|High Horsepower|p2a: Gholdengo
|-activate|p2a: Gholdengo|move: Protect
|move|p2b: Incineroar|Flare Blitz|p1a: Rillaboom
|-supereffective|p1a: Rillaboom
|-damage|p1a: Rillaboom|0 fnt
|faint|p1a: Rillaboom
|-damage|p2b: Incineroar|71/100|[from] Recoil
|
|-heal|p2b: Incineroar|77/100|[from] Grassy Terrain
|upkeep
|
|t:|1755766457
|switch|p1a: Ninetales|Ninetales-Alola, L50, F|100/100
|-weather|Snowscape|[from] ability: Snow Warning|[of] p1a: Ninetales
|turn|3
|inactive|Chally101 has 30 seconds left.
|inactive|Chally101 has 20 seconds left.
|inactive|Chally101 has 15 seconds left.
|inactive|Chally101 has 10 seconds left.
|inactive|Chally101 has 5 seconds left.
|
|t:|1755766509
|move|p1a: Ninetales|Icy Wind|p2a: Gholdengo|[spread] p2a,p2b
|-resisted|p2a: Gholdengo
|-resisted|p2b: Incineroar
|-damage|p2a: Gholdengo|92/100
|-damage|p2b: Incineroar|72/100
|-unboost|p2a: Gholdengo|spe|1
|-unboost|p2b: Incineroar|spe|1
|move|p1b: Gholdengo|Shadow Ball|p2a: Gholdengo
|-supereffective|p2a: Gholdengo
|-damage|p2a: Gholdengo|0 fnt
|faint|p2a: Gholdengo
|move|p2b: Incineroar|Flare Blitz|p1a: Ninetales
|-supereffective|p1a: Ninetales
|-damage|p1a: Ninetales|8/100
|-damage|p2b: Incineroar|50/100|[from] Recoil
|
|-weather|Snowscape|[upkeep]
|-heal|p1a: Ninetales|14/100|[from] Grassy Terrain
|-heal|p2b: Incineroar|55/100|[from] Grassy Terrain
|upkeep
|
|t:|1755766529
|switch|p2a: Basculegion|Basculegion, L50, M|100/100
|turn|4
|inactive|Chally101 has 30 seconds left.
|inactive|elmono11 has 30 seconds left.
|inactive|Chally101 has 20 seconds left.
|inactive|elmono11 has 20 seconds left.
|inactive|Chally101 has 15 seconds left.
|inactive|elmono11 has 15 seconds left.
|inactive|Chally101 has 10 seconds left.
|inactive|Chally101 has 5 seconds left.
|
|t:|1755766581
|switch|p1a: Sneasler|Sneasler, L50, M|100/100
|switch|p2a: Pelipper|Pelipper, L50, M|100/100
|-weather|RainDance|[from] ability: Drizzle|[of] p2a: Pelipper
|move|p1b: Gholdengo|Make It Rain|p2b: Incineroar|[spread] p2a,p2b
|-resisted|p2a: Pelipper
|-resisted|p2b: Incineroar
|-damage|p2a: Pelipper|23/100
|-damage|p2b: Incineroar|27/100
|-unboost|p1b: Gholdengo|spa|1
|move|p2b: Incineroar|Knock Off|p1a: Sneasler
|-resisted|p1a: Sneasler
|-damage|p1a: Sneasler|77/100
|-enditem|p1a: Sneasler|White Herb|[from] move: Knock Off|[of] p2b: Incineroar
|
|-weather|RainDance|[upkeep]
|-heal|p1a: Sneasler|83/100|[from] Grassy Terrain
|-heal|p2b: Incineroar|33/100|[from] Grassy Terrain
|upkeep
|turn|5
|inactive|Chally101 has 30 seconds left.
|inactive|Chally101 has 20 seconds left.
|inactive|Chally101 has 15 seconds left.
|inactive|Chally101 has 10 seconds left.
|inactive|Chally101 has 5 seconds left.
|
|t:|1755766632
|switch|p2a: Basculegion|Basculegion, L50, M|100/100
|-terastallize|p2b: Incineroar|Ghost
|move|p1a: Sneasler|Dire Claw|p2b: Incineroar
|-resisted|p2b: Incineroar
|-damage|p2b: Incineroar|12/100
|-status|p2b: Incineroar|slp
|move|p1b: Gholdengo|Make It Rain|p2a: Basculegion|[spread] p2a,p2b
|-resisted|p2a: Basculegion
|-damage|p2a: Basculegion|63/100
|-damage|p2b: Incineroar|0 fnt
|-unboost|p1b: Gholdengo|spa|1
|faint|p2b: Incineroar
|
|-weather|RainDance|[upkeep]
|-heal|p1a: Sneasler|89/100|[from] Grassy Terrain
|-heal|p2a: Basculegion|69/100|[from] Grassy Terrain
|-fieldend|move: Grassy Terrain
|upkeep
|
|t:|1755766640
|switch|p2b: Pelipper|Pelipper, L50, M|23/100
|turn|6
|
|t:|1755766663
|switch|p1a: Ninetales|Ninetales-Alola, L50, F|14/100
|-weather|Snowscape|[from] ability: Snow Warning|[of] p1a: Ninetales
|move|p1b: Gholdengo|Shadow Ball|p2b: Pelipper
|-damage|p2b: Pelipper|0 fnt
|faint|p2b: Pelipper
|move|p2a: Basculegion|Last Respects|p1b: Gholdengo
|-damage|p1b: Gholdengo|0 fnt
|faint|p1b: Gholdengo
|
|-weather|Snowscape|[upkeep]
|upkeep
|
|t:|1755766672
|switch|p1b: Sneasler|Sneasler, L50, M|89/100
|turn|7
|
|t:|1755766679
|move|p1a: Ninetales|Blizzard|p2a: Basculegion
|-resisted|p2a: Basculegion
|-damage|p2a: Basculegion|45/100
|move|p1b: Sneasler|Dire Claw|p2a: Basculegion
|-resisted|p2a: Basculegion
|-damage|p2a: Basculegion|20/100
|-status|p2a: Basculegion|slp
|cant|p2a: Basculegion|slp
|
|-weather|Snowscape|[upkeep]
|upkeep
|turn|8
|
|t:|1755766688
|move|p1a: Ninetales|Blizzard|p2a: Basculegion
|-resisted|p2a: Basculegion
|-damage|p2a: Basculegion|0 fnt
|faint|p2a: Basculegion
|
|win|elmono11
|raw|elmono11's rating: 1146 → 1179(+33 for winning)
|raw|Chally101's rating: 1255 → 1222(-33 for losing)
