|j|☆Jack_patata
|j|☆Darkan33
|html|Jack_patataDarkan33    
|uhtml|bestof|Game 2 of a best-of-3
|t:|1756398074
|gametype|doubles
|player|p1|Jack_patata|byron|1000
|player|p2|Darkan33|veteran|1047
|gen|9
|tier|[Gen 9] VGC 2025 Reg H (Bo3)
|rated|
|rule|Species Clause: Limit one of each Pokémon
|rule|Item Clause: Limit 1 of each item
|clearpoke
|poke|p1|Ursaluna-Bloodmoon, L50, M|
|poke|p1|Porygon2, L50|
|poke|p1|Amoonguss, L50, F|
|poke|p1|Incineroar, L50, F|
|poke|p1|Dragapult, L50, F|
|poke|p1|Sneasler, L50, F|
|poke|p2|Kingdra, L50, M|
|poke|p2|Pelipper, L50, F|
|poke|p2|Garchomp, L50, F|
|poke|p2|Breloom, L50, M|
|poke|p2|Archaludon, L50, M|
|poke|p2|Grimmsnarl, L50, M|
|teampreview|4
|showteam|p1|Ursaluna-Bloodmoon||AssaultVest|MindsEye|BloodMoon,HyperVoice,EarthPower,VacuumWave|||M|||50|,,,,,Normal]Porygon2||Eviolite|Trace|IceBeam,Thunderbolt,Recover,TrickRoom||||||50|,,,,,Ghost]Amoonguss||CovertCloak|Regenerator|Spore,RagePowder,PollenPuff,SludgeBomb|||F|||50|,,,,,Water]Incineroar||SafetyGoggles|Intimidate|KnockOff,FakeOut,PartingShot,FlareBlitz|||F|||50|,,,,,Ghost]Dragapult||ChoiceBand|ClearBody|DragonDarts,Outrage,PhantomForce,Uturn|||F|||50|,,,,,Dragon]Sneasler||FocusSash|PoisonTouch|CloseCombat,DireClaw,ThroatChop,FakeOut|||F|||50|,,,,,Dark
|showteam|p2|Kingdra||LifeOrb|SwiftSwim|MuddyWater,DracoMeteor,Hurricane,Protect|||M|||50|,,,,,Stellar]Pelipper||CovertCloak|Drizzle|WeatherBall,Hurricane,WideGuard,Tailwind|||F|||50|,,,,,Ghost]Garchomp||LoadedDice|RoughSkin|ScaleShot,Protect,StompingTantrum,Earthquake|||F|||50|,,,,,Steel]Breloom||FocusSash|Technician|MachPunch,BulletSeed,Spore,Protect|||M|||50|,,,,,Steel]Archaludon||AssaultVest|Stamina|BodyPress,FlashCannon,ElectroShot,DragonPulse|||M|||50|,,,,,Grass]Grimmsnarl||LightClay|Prankster|LightScreen,Reflect,SpiritBreak,ThunderWave|||M|||50|,,,,,Ghost
|
|t:|1756398105
|teamsize|p1|4
|teamsize|p2|4
|start
|switch|p1a: Amoonguss|Amoonguss, L50, F|100/100
|switch|p1b: Sneasler|Sneasler, L50, F|100/100
|switch|p2a: Archaludon|Archaludon, L50, M|100/100
|switch|p2b: Breloom|Breloom, L50, M, shiny|100/100
|turn|1
|
|t:|1756398130
|switch|p2a: Pelipper|Pelipper, L50, F, shiny|100/100
|-weather|RainDance|[from] ability: Drizzle|[of] p2a: Pelipper
|move|p1b: Sneasler|Fake Out|p2b: Breloom
|-damage|p2b: Breloom|78/100
|cant|p2b: Breloom|flinch
|move|p1a: Amoonguss|Spore|p2a: Pelipper
|-status|p2a: Pelipper|slp|[from] move: Spore
|
|-weather|RainDance|[upkeep]
|upkeep
|turn|2
|
|t:|1756398152
|move|p2b: Breloom|Protect|p2b: Breloom
|-singleturn|p2b: Breloom|Protect
|move|p1a: Amoonguss|Rage Powder|p1a: Amoonguss
|-singleturn|p1a: Amoonguss|move: Rage Powder
|move|p1b: Sneasler|Dire Claw|p2b: Breloom
|-activate|p2b: Breloom|move: Protect
|cant|p2a: Pelipper|slp
|
|-weather|RainDance|[upkeep]
|upkeep
|turn|3
|
|t:|1756398179
|switch|p2b: Archaludon|Archaludon, L50, M|100/100
|move|p1b: Sneasler|Dire Claw|p2a: Pelipper
|-damage|p2a: Pelipper|52/100 slp
|cant|p2a: Pelipper|slp
|move|p1a: Amoonguss|Spore|p2b: Archaludon
|-status|p2b: Archaludon|slp|[from] move: Spore
|
|-weather|RainDance|[upkeep]
|upkeep
|turn|4
|
|t:|1756398210
|switch|p2b: Garchomp|Garchomp, L50, F|100/100
|-terastallize|p1a: Amoonguss|Water
|move|p1a: Amoonguss|Rage Powder|p1a: Amoonguss
|-singleturn|p1a: Amoonguss|move: Rage Powder
|move|p1b: Sneasler|Close Combat|p2b: Garchomp
|-damage|p2b: Garchomp|40/100
|-unboost|p1b: Sneasler|def|1
|-unboost|p1b: Sneasler|spd|1
|-damage|p1b: Sneasler|88/100|[from] ability: Rough Skin|[of] p2b: Garchomp
|-curestatus|p2a: Pelipper|slp|[msg]
|move|p2a: Pelipper|Tailwind|p2a: Pelipper
|-sidestart|p2: Darkan33|move: Tailwind
|
|-weather|RainDance|[upkeep]
|upkeep
|turn|5
|inactive|Battle timer is ON: inactive players will automatically lose when time's up. (requested by Darkan33)
|
|t:|1756398263
|switch|p1b: Dragapult|Dragapult, L50, F|100/100
|move|p2b: Garchomp|Protect|p2b: Garchomp
|-singleturn|p2b: Garchomp|Protect
|move|p2a: Pelipper|Hurricane|p1b: Dragapult
|-damage|p1b: Dragapult|29/100
|-start|p1b: Dragapult|confusion
|move|p1a: Amoonguss|Spore|p2a: Pelipper
|-status|p2a: Pelipper|slp|[from] move: Spore
|
|-weather|none
|upkeep
|turn|6
|inactive|Jack_patata has 30 seconds left.
|inactive|Darkan33 has 30 seconds left.
|inactive|Darkan33 has 20 seconds left.
|inactive|Darkan33 has 15 seconds left.
|
|t:|1756398307
|switch|p2a: Breloom|Breloom, L50, M, shiny|78/100
|-terastallize|p2b: Garchomp|Steel
|move|p2b: Garchomp|Scale Shot|p1b: Dragapult
|-supereffective|p1b: Dragapult
|-damage|p1b: Dragapult|0 fnt
|faint|p1b: Dragapult
|-hitcount|p1: Dragapult|1
|-unboost|p2b: Garchomp|def|1
|-boost|p2b: Garchomp|spe|1
|move|p1a: Amoonguss|Pollen Puff|p1: Dragapult|[notarget]
|-fail|p1a: Amoonguss
|
|upkeep
|
|t:|1756398322
|switch|p1b: Sneasler|Sneasler, L50, F|88/100
|turn|7
|-message|Jack_patata forfeited.
|
|win|Darkan33
|l|☆Jack_patata
|player|p1|
