|j|☆spyjus
|j|☆lux raymundi
|html|spyjuslux raymundi    
|uhtml|bestof|Game 2 of a best-of-3
|t:|1783537668
|gametype|doubles
|player|p1|spyjus|265|1064
|player|p2|lux raymundi|101|1166
|gen|9
|tier|[Gen 9 Champions] VGC 2026 Reg M-B (Bo3)
|rated|
|rule|Species Clause: Limit one of each Pokémon
|rule|Item Clause: Limit 1 of each item
|clearpoke
|poke|p1|Blastoise, L50, M|
|poke|p1|Hatterene, L50, F|
|poke|p1|Oranguru, L50, F|
|poke|p1|Torkoal, L50, F|
|poke|p1|Archaludon, L50, M|
|poke|p1|Meganium, L50, M|
|poke|p2|Farigiraf, L50, F|
|poke|p2|Floette-Eternal, L50, F|
|poke|p2|Basculegion, L50, M|
|poke|p2|Sneasler, L50, F|
|poke|p2|Sinistcha, L50|
|poke|p2|Delphox, L50, M|
|teampreview|4
|showteam|p1|Blastoise||Blastoisinite|Torrent|WaterPulse,DragonPulse,DarkPulse,Protect|Modest||M|||50|]Hatterene||FocusSash|MagicBounce|TrickRoom,ExpandingForce,PsychicTerrain,MysticalFire|Quiet||F|||50|]Oranguru||SitrusBerry|InnerFocus|PsychicTerrain,ExpandingForce,ShadowBall,TrickRoom|Quiet||F|||50|]Torkoal||HeatRock|Drought|Eruption,HeatWave,Protect,EarthPower|Modest||F|||50|]Archaludon||Leftovers|Stamina|FlashCannon,DracoMeteor,DarkPulse,Protect|Serious||M|||50|]Meganium||Meganiumite|LeafGuard|SolarBeam,WeatherBall,Synthesis,Protect|Modest||M|||50|
|showteam|p2|Farigiraf||SitrusBerry|ArmorTail|TrickRoom,HelpingHand,Protect,TwinBeam|Bold||F|||50|]Floette-Eternal||Floettite|FlowerVeil|CalmMind,DazzlingGleam,Moonblast,Protect|Modest||F|||50|]Basculegion||FocusSash|Adaptability|AquaJet,Liquidation,LastRespects,Protect|Adamant||M|||50|]Sneasler||WhiteHerb|Unburden|FakeOut,CloseCombat,DireClaw,Protect|Jolly||F|||50|]Sinistcha||KasibBerry|Hospitality|MatchaGotcha,RagePowder,TrickRoom,LifeDew|Serious|||||50|]Delphox||Delphoxite|Blaze|NastyPlot,HeatWave,Psychic,Protect|Timid||M|||50|
|inactive|Battle timer is ON: inactive players will automatically lose when time's up. (requested by spyjus)
|inactive|spyjus has 60 seconds left.
|
|t:|1783537728
|teamsize|p1|4
|teamsize|p2|4
|start
|switch|p1a: Hatterene|Hatterene, L50, F|100/100
|switch|p1b: Oranguru|Oranguru, L50, F|100/100
|switch|p2a: Sneasler|Sneasler, L50, F|100/100
|switch|p2b: Floette|Floette-Eternal, L50, F|100/100
|turn|1
|
|t:|1783537739
|detailschange|p2b: Floette|Floette-Mega, L50, F
|-mega|p2b: Floette|Floette|Floettite
|-ability|p2b: Floette|Fairy Aura
|move|p2a: Sneasler|Dire Claw|p1a: Hatterene
|-supereffective|p1a: Hatterene|1
|-damage|p1a: Hatterene|8/100
|move|p2b: Floette|Dazzling Gleam|p1a: Hatterene|[spread] p1a,p1b
|-damage|p1a: Hatterene|0 fnt
|-damage|p1b: Oranguru|60/100
|faint|p1a: Hatterene
|move|p1b: Oranguru|Trick Room|p1b: Oranguru
|-fieldstart|move: Trick Room|[of] p1b: Oranguru
|
|upkeep
|
|t:|1783537751
|switch|p1a: Blastoise|Blastoise, L50, M|100/100
|turn|2
|
|t:|1783537774
|move|p2a: Sneasler|Protect|p2a: Sneasler
|-singleturn|p2a: Sneasler|Protect
|move|p1b: Oranguru|Psychic Terrain|p1b: Oranguru
|-fieldstart|move: Psychic Terrain
|move|p1a: Blastoise|Water Pulse|p2a: Sneasler
|-activate|p2a: Sneasler|move: Protect
|move|p2b: Floette|Calm Mind|p2b: Floette
|-boost|p2b: Floette|spa|1
|-boost|p2b: Floette|spd|1
|
|upkeep
|turn|3
|inactive|lux raymundi has 30 seconds left.
|
|t:|1783537802
|switch|p2a: Sinistcha|Sinistcha, L50|100/100
|move|p1b: Oranguru|Expanding Force|p2a: Sinistcha|[spread] p2a,p2b
|-damage|p2a: Sinistcha|52/100
|-damage|p2b: Floette|72/100
|move|p1a: Blastoise|Water Pulse|p2b: Floette
|-damage|p2b: Floette|58/100
|move|p2b: Floette|Dazzling Gleam|p1a: Blastoise|[spread] p1a,p1b
|-damage|p1a: Blastoise|35/100
|-damage|p1b: Oranguru|1/100
|-enditem|p1b: Oranguru|Sitrus Berry|[eat]
|-heal|p1b: Oranguru|25/100|[from] item: Sitrus Berry
|
|upkeep
|turn|4
|
|t:|1783537827
|switch|p2a: Farigiraf|Farigiraf, L50, F|100/100
|move|p2b: Floette|Protect|p2b: Floette
|-singleturn|p2b: Floette|Protect
|move|p1b: Oranguru|Expanding Force|p2a: Farigiraf|[spread] p2a
|-activate|p2b: Floette|move: Protect
|-resisted|p2a: Farigiraf|1
|-damage|p2a: Farigiraf|77/100
|move|p1a: Blastoise|Dark Pulse|p2a: Farigiraf
|-supereffective|p2a: Farigiraf|1
|-damage|p2a: Farigiraf|35/100
|-enditem|p2a: Farigiraf|Sitrus Berry|[eat]
|-heal|p2a: Farigiraf|60/100|[from] item: Sitrus Berry
|
|upkeep
|turn|5
|
|t:|1783537842
|switch|p1b: Meganium|Meganium, L50, M|100/100
|switch|p2a: Sinistcha|Sinistcha, L50|52/100
|-heal|p2b: Floette|83/100|[from] ability: Hospitality|[of] p2a: Sinistcha
|move|p1a: Blastoise|Protect|p1a: Blastoise
|-singleturn|p1a: Blastoise|Protect
|move|p2b: Floette|Dazzling Gleam|p1b: Meganium|[spread] p1b
|-activate|p1a: Blastoise|move: Protect
|-damage|p1b: Meganium|35/100
|
|-fieldend|move: Trick Room
|upkeep
|turn|6
|inactive|spyjus has 30 seconds left.
|
|t:|1783537868
|detailschange|p1b: Meganium|Meganium-Mega, L50, M
|-mega|p1b: Meganium|Meganium|Meganiumite
|move|p2b: Floette|Dazzling Gleam|p1a: Blastoise|[spread] p1a,p1b
|-damage|p1a: Blastoise|0 fnt
|-damage|p1b: Meganium|0 fnt
|faint|p1a: Blastoise
|faint|p1b: Meganium
|move|p2a: Sinistcha|Matcha Gotcha|p1: Blastoise|[notarget]
|-fail|p2a: Sinistcha
|
|-fieldend|move: Psychic Terrain
|upkeep
|-message|spyjus forfeited.
|
|win|lux raymundi
