|j|‽Juaner95
|j|☆ReactorX
|html|Juaner95ReactorX    
|uhtml|bestof|Game 1 of a best-of-3
|t:|1783756624
|gametype|doubles
|player|p1|Juaner95|ash-capbackward|1114
|player|p2|ReactorX|alder|1112
|gen|9
|tier|[Gen 9 Champions] VGC 2026 Reg M-B (Bo3)
|rated|
|rule|Species Clause: Limit one of each Pokémon
|rule|Item Clause: Limit 1 of each item
|clearpoke
|poke|p1|Scovillain, L50, M|
|poke|p1|Basculegion, L50, M, shiny|
|poke|p1|Sylveon, L50, F, shiny|
|poke|p1|Garchomp, L50, M|
|poke|p1|Aerodactyl, L50, M|
|poke|p1|Kingambit, L50, M|
|poke|p2|Camerupt, L50, F, shiny|
|poke|p2|Farigiraf, L50, F, shiny|
|poke|p2|Hydreigon, L50, M|
|poke|p2|Grimmsnarl, L50, M|
|poke|p2|Ninetales-Alola, L50, F|
|poke|p2|Aggron, L50, M|
|teampreview|4
|showteam|p1|Scovillain||Scovillainite|Moody|Overheat,LeechSeed,RagePowder,Protect|Calm||M|||50|]Basculegion||ChoiceScarf|Adaptability|WaveCrash,LastRespects,FlipTurn,AquaJet|Jolly||M|||50|]Sylveon||FairyFeather|Pixilate|HyperVoice,HyperBeam,QuickAttack,Detect|Modest||F|||50|]Garchomp||SitrusBerry|RoughSkin|Earthquake,DragonClaw,PoisonJab,Protect|Adamant||M|||50|]Aerodactyl||Aerodactylite|Unnerve|RockSlide,DualWingbeat,Tailwind,Protect|Jolly||M|||50|]Kingambit||FocusSash|Defiant|KowtowCleave,IronHead,LowKick,SuckerPunch|Adamant||M|||50|
|showteam|p2|Camerupt||Cameruptite|SolidRock|AncientPower,Protect,HeatWave,EarthPower|Quiet||F|||50|]Farigiraf||ColburBerry|ArmorTail|Roar,TwinBeam,TrickRoom,Protect|Bold||F|||50|]Hydreigon||FocusSash|Levitate|Taunt,DarkPulse,EarthPower,DracoMeteor|Modest||M|||50|]Grimmsnarl||RoseliBerry|Prankster|FakeOut,Reflect,PartingShot,SpiritBreak|Adamant||M|||50|]Ninetales-Alola||LightClay|SnowWarning|AuroraVeil,FreezeDry,Protect,DazzlingGleam|Quiet||F|||50|]Aggron||Aggronite|Sturdy|BodyPress,HeavySlam,IronDefense,Protect|Relaxed||M|||50|
|inactive|Battle timer is ON: inactive players will automatically lose when time's up. (requested by ReactorX)
|inactive|Juaner95 has 60 seconds left.
|inactive|Juaner95 has 30 seconds left.
|inactive|Juaner95 has 20 seconds left.
|inactive|Juaner95 has 15 seconds left.
|inactive|Juaner95 has 10 seconds left.
|inactive|Juaner95 has 5 seconds left.
|
|t:|1783756731
|teamsize|p1|4
|teamsize|p2|4
|start
|switch|p1a: Scovillain|Scovillain, L50, M|100/100
|switch|p1b: Basculegion|Basculegion, L50, M, shiny|100/100
|switch|p2a: Mimu|Farigiraf, L50, F, shiny|100/100
|switch|p2b: Grimmsnarl|Grimmsnarl, L50, M|100/100
|turn|1
|inactive|Juaner95 has 30 seconds left.
|inactive|ReactorX has 30 seconds left.
|inactive|Juaner95 has 20 seconds left.
|
|t:|1783756769
|move|p1a: Scovillain|Protect|p1a: Scovillain
|-singleturn|p1a: Scovillain|Protect
|move|p2b: Grimmsnarl|Reflect|p2b: Grimmsnarl
|-sidestart|p2: ReactorX|Reflect
|move|p1b: Basculegion|Flip Turn|p2a: Mimu
|-damage|p2a: Mimu|81/100
|
|t:|1783756777
|switch|p1b: Sylveon|Sylveon, L50, F, shiny|100/100|[from] Flip Turn
|move|p2a: Mimu|Trick Room|p2a: Mimu
|-fieldstart|move: Trick Room|[of] p2a: Mimu
|
|-ability|p1a: Scovillain|Moody|boost
|-boost|p1a: Scovillain|spa|2
|-unboost|p1a: Scovillain|spe|1
|upkeep
|turn|2
|
|t:|1783756789
|detailschange|p1a: Scovillain|Scovillain-Mega, L50, M
|-mega|p1a: Scovillain|Scovillain|Scovillainite
|move|p2a: Mimu|Protect|p2a: Mimu
|-singleturn|p2a: Mimu|Protect
|move|p1a: Scovillain|Rage Powder|p1a: Scovillain
|-singleturn|p1a: Scovillain|move: Rage Powder
|move|p2b: Grimmsnarl|Parting Shot|p1a: Scovillain
|-unboost|p1a: Scovillain|atk|1
|-unboost|p1a: Scovillain|spa|1
|
|t:|1783756798
|switch|p2b: Yellowstone|Camerupt, L50, F, shiny|100/100|[from] Parting Shot
|move|p1b: Sylveon|Hyper Voice|p2a: Mimu|[spread] p2b
|-activate|p2a: Mimu|move: Protect
|-resisted|p2b: Yellowstone|1
|-damage|p2b: Yellowstone|64/100
|
|upkeep
|turn|3
|
|t:|1783756815
|switch|p2a: Ninetales|Ninetales-Alola, L50, F|100/100
|-weather|Snowscape|[from] ability: Snow Warning|[of] p2a: Ninetales
|detailschange|p2b: Yellowstone|Camerupt-Mega, L50, F, shiny
|-mega|p2b: Yellowstone|Camerupt|Cameruptite
|move|p1b: Sylveon|Detect|p1b: Sylveon
|-singleturn|p1b: Sylveon|Protect
|move|p2b: Yellowstone|Heat Wave|p1b: Sylveon|[spread] p1a
|-activate|p1b: Sylveon|move: Protect
|-damage|p1a: Scovillain|47/100
|-immune|p2b: Yellowstone
|move|p1a: Scovillain|Overheat|p2a: Ninetales
|-supereffective|p2a: Ninetales|1
|-damage|p2a: Ninetales|0 fnt
|-unboost|p1a: Scovillain|spa|2
|faint|p2a: Ninetales
|
|-weather|Snowscape|[upkeep]
|upkeep
|
|t:|1783756832
|switch|p2a: Grimmsnarl|Grimmsnarl, L50, M|100/100
|turn|4
|
|t:|1783756839
|move|p1a: Scovillain|Protect|p1a: Scovillain
|-singleturn|p1a: Scovillain|Protect
|move|p2a: Grimmsnarl|Fake Out|p1b: Sylveon
|-damage|p1b: Sylveon|82/100
|move|p2b: Yellowstone|Heat Wave|p1b: Sylveon|[spread] p1b
|-activate|p1a: Scovillain|move: Protect
|-damage|p1b: Sylveon|42/100
|cant|p1b: Sylveon|flinch
|
|-weather|Snowscape|[upkeep]
|upkeep
|turn|5
|
|t:|1783756862
|move|p1b: Sylveon|Detect|p1b: Sylveon
|-singleturn|p1b: Sylveon|Protect
|move|p2a: Grimmsnarl|Parting Shot|p1b: Sylveon
|-activate|p1b: Sylveon|move: Protect
|move|p2b: Yellowstone|Heat Wave|p1a: Scovillain|[spread] p1a
|-activate|p1b: Sylveon|move: Protect
|-damage|p1a: Scovillain|0 fnt
|-immune|p2b: Yellowstone
|faint|p1a: Scovillain
|
|-weather|Snowscape|[upkeep]
|-sideend|p2: ReactorX|Reflect
|-fieldend|move: Trick Room
|upkeep
|
|t:|1783756866
|switch|p1a: Basculegion|Basculegion, L50, M, shiny|100/100
|turn|6
|
|t:|1783756880
|move|p2b: Yellowstone|Protect|p2b: Yellowstone
|-singleturn|p2b: Yellowstone|Protect
|move|p2a: Grimmsnarl|Reflect|p2a: Grimmsnarl
|-sidestart|p2: ReactorX|Reflect
|move|p1a: Basculegion|Flip Turn|p2b: Yellowstone
|-activate|p2b: Yellowstone|move: Protect
|move|p1b: Sylveon|Hyper Beam|p2a: Grimmsnarl
|-supereffective|p2a: Grimmsnarl|1
|-enditem|p2a: Grimmsnarl|Roseli Berry|[eat]
|-enditem|p2a: Grimmsnarl|Roseli Berry|[weaken]
|-damage|p2a: Grimmsnarl|0 fnt
|-mustrecharge|p1b: Sylveon
|faint|p2a: Grimmsnarl
|
|-weather|Snowscape|[upkeep]
|upkeep
|
|t:|1783756890
|switch|p2a: Mimu|Farigiraf, L50, F, shiny|81/100
|turn|7
|
|t:|1783756912
|move|p1a: Basculegion|Flip Turn|p2b: Yellowstone
|-supereffective|p2b: Yellowstone|2
|-damage|p2b: Yellowstone|0 fnt
|faint|p2b: Yellowstone
|-message|ReactorX forfeited.
|
|win|Juaner95
||ReactorX is ready for game 2.
|raw|Juaner95's rating: 1114 → 1139(+25 for winning)
|raw|ReactorX's rating: 1112 → 1087(-25 for losing)
|l|☆ReactorX
|player|p2|
