|j|☆jooroodoo
|j|☆mil0battles
|html|jooroodoomil0battles    
|uhtml|bestof|Game 2 of a best-of-3
|t:|1756601785
|gametype|doubles
|player|p1|jooroodoo|thorton|1036
|player|p2|mil0battles|pokemonranger-gen4|1139
|gen|9
|tier|[Gen 9] VGC 2025 Reg H (Bo3)
|rated|
|rule|Species Clause: Limit one of each Pokémon
|rule|Item Clause: Limit 1 of each item
|clearpoke
|poke|p1|Indeedee-F, L50, F|
|poke|p1|Vivillon, L50, F|
|poke|p1|Maushold-Four, L50|
|poke|p1|Archaludon, L50, M|
|poke|p1|Pelipper, L50, F|
|poke|p1|Armarouge, L50, M|
|poke|p2|Incineroar, L50, F|
|poke|p2|Primarina, L50, M|
|poke|p2|Gholdengo, L50|
|poke|p2|Sneasler, L50, F|
|poke|p2|Kilowattrel, L50, F|
|poke|p2|Rillaboom, L50, M|
|teampreview|4
|showteam|p1|Indeedee-F||Leftovers|PsychicSurge|Imprison,TrickRoom,FollowMe,DazzlingGleam|||F|||50|,,,,,Fairy]Vivillon||PsychicSeed|FriendGuard|RagePowder,SleepPowder,Tailwind,BugBuzz|||F|||50|,,,,,Grass]Maushold-Four||WideLens|Technician|PopulationBomb,Protect,TidyUp,Taunt||||||50|,,,,,Ghost]Archaludon||AssaultVest|Stamina|BodyPress,ElectroShot,DragonPulse,FlashCannon|||M|||50|,,,,,Fairy]Pelipper||SitrusBerry|Drizzle|Hurricane,WeatherBall,Uturn,Protect|||F|||50|,,,,,Ground]Armarouge||RoomService|WeakArmor|ExpandingForce,DarkPulse,WideGuard,TrickRoom|||M|||50|,,,,,Grass
|showteam|p2|Incineroar||SafetyGoggles|Intimidate|FakeOut,KnockOff,PartingShot,FlareBlitz|||F|||50|,,,,,Ghost]Primarina||ThroatSpray|LiquidVoice|HyperVoice,Moonblast,Haze,Protect|||M|||50|,,,,,Poison]Gholdengo||LifeOrb|GoodasGold|NastyPlot,MakeItRain,ShadowBall,Protect||||||50|,,,,,Water]Sneasler||WhiteHerb|Unburden|DireClaw,CloseCombat,FakeOut,Protect|||F|||50|,,,,,Stellar]Kilowattrel||FocusSash|Competitive|AirSlash,Thunderbolt,Tailwind,Protect|||F|||50|,,,,,Ghost]Rillaboom||AssaultVest|GrassySurge|GrassyGlide,WoodHammer,FakeOut,Uturn|||M|||50|,,,,,Fire
|inactive|Battle timer is ON: inactive players will automatically lose when time's up. (requested by jooroodoo)
|
|t:|1756601808
|teamsize|p1|4
|teamsize|p2|4
|start
|switch|p1a: Vivillon|Vivillon, L50, F|100/100
|switch|p1b: Archaludon|Archaludon, L50, M|100/100
|switch|p2a: Kilowattrel|Kilowattrel, L50, F|100/100
|switch|p2b: Sneasler|Sneasler, L50, F|100/100
|turn|1
|inactive|jooroodoo has 30 seconds left.
|
|t:|1756601838
|switch|p1b: Armarouge|Armarouge, L50, M|100/100
|move|p1a: Vivillon|Rage Powder|p1a: Vivillon
|-singleturn|p1a: Vivillon|move: Rage Powder
|move|p2a: Kilowattrel|Thunderbolt|p1a: Vivillon
|-supereffective|p1a: Vivillon
|-damage|p1a: Vivillon|0 fnt
|faint|p1a: Vivillon
|move|p2b: Sneasler|Dire Claw|p1b: Armarouge
|-damage|p1b: Armarouge|58/100
|-ability|p1b: Armarouge|Weak Armor|boost
|-unboost|p1b: Armarouge|def|1
|-boost|p1b: Armarouge|spe|2
|
|upkeep
|
|t:|1756601854
|switch|p1a: Maushold|Maushold-Four, L50|100/100
|turn|2
|
|t:|1756601874
|move|p1a: Maushold|Protect|p1a: Maushold
|-singleturn|p1a: Maushold|Protect
|move|p2a: Kilowattrel|Tailwind|p2a: Kilowattrel
|-sidestart|p2: mil0battles|move: Tailwind
|move|p2b: Sneasler|Dire Claw|p1a: Maushold
|-activate|p1a: Maushold|move: Protect
|move|p1b: Armarouge|Expanding Force|p2b: Sneasler
|-supereffective|p2b: Sneasler
|-damage|p2b: Sneasler|0 fnt
|faint|p2b: Sneasler
|
|upkeep
|
|t:|1756601886
|switch|p2b: Gholdengo|Gholdengo, L50|100/100
|turn|3
|
|t:|1756601906
|-terastallize|p2b: Gholdengo|Water
|move|p1b: Armarouge|Wide Guard|p1b: Armarouge
|-singleturn|p1b: Armarouge|Wide Guard
|move|p2a: Kilowattrel|Air Slash|p1b: Armarouge
|-damage|p1b: Armarouge|20/100
|move|p2b: Gholdengo|Make It Rain|p1a: Maushold|[spread] 
|-activate|p1a: Maushold|move: Wide Guard
|-activate|p1b: Armarouge|move: Wide Guard
|move|p1a: Maushold|Tidy Up|p1a: Maushold
|-boost|p1a: Maushold|atk|1
|-boost|p1a: Maushold|spe|1
|
|upkeep
|turn|4
|inactive|jooroodoo has 30 seconds left.
|
|t:|1756601938
|move|p1b: Armarouge|Wide Guard|p1b: Armarouge
|-singleturn|p1b: Armarouge|Wide Guard
|move|p2a: Kilowattrel|Thunderbolt|p1b: Armarouge
|-damage|p1b: Armarouge|0 fnt
|faint|p1b: Armarouge
|move|p2b: Gholdengo|Make It Rain|p1a: Maushold
|-activate|p1a: Maushold|move: Wide Guard
|move|p1a: Maushold|Population Bomb|p2b: Gholdengo
|-damage|p2b: Gholdengo|88/100
|-damage|p2b: Gholdengo|74/100
|-damage|p2b: Gholdengo|60/100
|-damage|p2b: Gholdengo|48/100
|-damage|p2b: Gholdengo|34/100
|-damage|p2b: Gholdengo|20/100
|-damage|p2b: Gholdengo|6/100
|-damage|p2b: Gholdengo|0 fnt
|faint|p2b: Gholdengo
|-hitcount|p2: Gholdengo|8
|
|upkeep
|
|t:|1756601959
|switch|p2b: Primarina|Primarina, L50, M|100/100
|switch|p1b: Archaludon|Archaludon, L50, M|100/100
|turn|5
|
|t:|1756601978
|move|p2a: Kilowattrel|Air Slash|p1a: Maushold
|-damage|p1a: Maushold|59/100
|move|p1a: Maushold|Population Bomb|p2a: Kilowattrel
|-damage|p2a: Kilowattrel|76/100
|-damage|p2a: Kilowattrel|51/100
|-damage|p2a: Kilowattrel|27/100
|-damage|p2a: Kilowattrel|5/100
|-damage|p2a: Kilowattrel|0 fnt
|faint|p2a: Kilowattrel
|-hitcount|p2: Kilowattrel|5
|move|p2b: Primarina|Hyper Voice|p1a: Maushold|[spread] p1a,p1b
|-resisted|p1b: Archaludon
|-damage|p1a: Maushold|18/100
|-damage|p1b: Archaludon|82/100
|-ability|p1b: Archaludon|Stamina|boost
|-boost|p1b: Archaludon|def|1
|-enditem|p2b: Primarina|Throat Spray
|-boost|p2b: Primarina|spa|1|[from] item: Throat Spray
|move|p1b: Archaludon|Electro Shot||[still]
|-prepare|p1b: Archaludon|Electro Shot
|-boost|p1b: Archaludon|spa|1
|
|-sideend|p2: mil0battles|move: Tailwind
|upkeep
|turn|6
|
|t:|1756602003
|move|p1a: Maushold|Protect|p1a: Maushold
|-singleturn|p1a: Maushold|Protect
|move|p1b: Archaludon|Electro Shot|p2b: Primarina|[from] lockedmove
|-supereffective|p2b: Primarina
|-damage|p2b: Primarina|0 fnt
|faint|p2b: Primarina
|
|win|jooroodoo
|raw|jooroodoo's rating: 1036 → 1081(+45 for winning)
|raw|mil0battles's rating: 1139 → 1107(-32 for losing)
