|j|☆figglewiggle
|j|☆dragapultintin
|html|figglewiggledragapultintin    
|uhtml|bestof|Game 1 of a best-of-3
|t:|1786021821
|gametype|doubles
|player|p1|figglewiggle|265|1301
|player|p2|dragapultintin|ethan-gen2|1287
|gen|9
|tier|[Gen 9 Champions] VGC 2026 Reg M-B (Bo3)
|rated|
|rule|Species Clause: Limit one of each Pokémon
|rule|Item Clause: Limit 1 of each item
|clearpoke
|poke|p1|Staraptor, L50, F|
|poke|p1|Raichu, L50, M|
|poke|p1|Farigiraf, L50, F|
|poke|p1|Arcanine-Hisui, L50, F|
|poke|p1|Sylveon, L50, M|
|poke|p1|Kingambit, L50, F|
|poke|p2|Staraptor, L50, M|
|poke|p2|Raichu, L50, F, shiny|
|poke|p2|Sylveon, L50, F|
|poke|p2|Farigiraf, L50, F, shiny|
|poke|p2|Arcanine-Hisui, L50, M, shiny|
|poke|p2|Kingambit, L50, M|
|teampreview|4
|showteam|p1|Staraptor||Staraptite|Intimidate|CloseCombat,DualWingbeat,Tailwind,Protect|Jolly||F|||50|]Raichu||RaichuniteY|LightningRod|ZapCannon,FocusBlast,FakeOut,Protect|Timid||M|||50|]Farigiraf||SitrusBerry|ArmorTail|Psychic,HelpingHand,TrickRoom,Protect|Calm||F|||50|]Arcanine-Hisui||FocusSash|RockHead|FlareBlitz,HeadSmash,ExtremeSpeed,Protect|Jolly||F|||50|]Sylveon||FairyFeather|Pixilate|HyperVoice,HyperBeam,QuickAttack,Detect|Modest||M|||50|]Kingambit||LifeOrb|Defiant|KowtowCleave,SuckerPunch,SwordsDance,Protect|Adamant||F|||50|
|showteam|p2|Staraptor||Staraptite|Intimidate|Tailwind,Protect,CloseCombat,DualWingbeat|Jolly||M|||50|]Raichu||RaichuniteY|LightningRod|FakeOut,ZapCannon,FocusBlast,Protect|Timid||F|||50|]Sylveon||FairyFeather|Pixilate|Detect,HyperVoice,QuickAttack,HyperBeam|Modest||F|||50|]Farigiraf||SitrusBerry|ArmorTail|Psychic,TrickRoom,HelpingHand,Protect|Calm||F|||50|]Arcanine-Hisui||FocusSash|RockHead|Protect,ExtremeSpeed,HeadSmash,FlareBlitz|Jolly||M|||50|]Kingambit||LifeOrb|Defiant|Protect,KowtowCleave,SwordsDance,SuckerPunch|Adamant||M|||50|
|inactive|Battle timer is ON: inactive players will automatically lose when time's up. (requested by dragapultintin)
|inactive|figglewiggle has 60 seconds left.
|inactive|figglewiggle has 30 seconds left.
|inactive|figglewiggle has 20 seconds left.
|inactive|figglewiggle has 15 seconds left.
|inactive|figglewiggle has 10 seconds left.
|inactive|figglewiggle has 5 seconds left.
|
|t:|1786021907
|teamsize|p1|4
|teamsize|p2|4
|start
|switch|p1a: Staraptor|Staraptor, L50, F|100/100
|switch|p1b: Raichu|Raichu, L50, M|100/100
|switch|p2a: Raichu|Raichu, L50, F, shiny|100/100
|switch|p2b: Kingambit|Kingambit, L50, M|100/100
|-ability|p1a: Staraptor|Intimidate|boost
|-unboost|p2a: Raichu|atk|1
|-unboost|p2b: Kingambit|atk|1
|-ability|p2b: Kingambit|Defiant|boost
|-boost|p2b: Kingambit|atk|2
|turn|1
|inactive|figglewiggle has 30 seconds left.
|
|t:|1786021941
|detailschange|p2a: Raichu|Raichu-Mega-Y, L50, F, shiny
|-mega|p2a: Raichu|Raichu|Raichunite Y
|detailschange|p1a: Staraptor|Staraptor-Mega, L50, F
|-mega|p1a: Staraptor|Staraptor|Staraptite
|move|p2a: Raichu|Fake Out|p1a: Staraptor
|-damage|p1a: Staraptor|93/100
|move|p1b: Raichu|Fake Out|p2b: Kingambit
|-resisted|p2b: Kingambit|1
|-damage|p2b: Kingambit|97/100
|cant|p1a: Staraptor|flinch
|cant|p2b: Kingambit|flinch
|
|upkeep
|turn|2
|inactive|figglewiggle has 30 seconds left.
|
|t:|1786021974
|move|p1b: Raichu|Protect|p1b: Raichu
|-singleturn|p1b: Raichu|Protect
|move|p2b: Kingambit|Protect|p2b: Kingambit
|-singleturn|p2b: Kingambit|Protect
|move|p2a: Raichu|Focus Blast|p1b: Raichu
|-activate|p1b: Raichu|move: Protect
|move|p1a: Staraptor|Close Combat|p2b: Kingambit
|-activate|p2b: Kingambit|move: Protect
|
|upkeep
|turn|3
|
|t:|1786021992
|move|p1b: Raichu|Protect||[still]
|-fail|p1b: Raichu
|move|p2b: Kingambit|Sucker Punch||[still]
|-fail|p2b: Kingambit
|move|p2a: Raichu|Focus Blast|p1b: Raichu
|-damage|p1b: Raichu|49/100
|move|p1a: Staraptor|Close Combat|p2b: Kingambit
|-supereffective|p2b: Kingambit|2
|-damage|p2b: Kingambit|0 fnt
|-boost|p1a: Staraptor|def|1
|-boost|p1a: Staraptor|spd|1
|faint|p2b: Kingambit
|
|upkeep
|inactive|dragapultintin has 30 seconds left.
|inactive|dragapultintin has 20 seconds left.
|
|t:|1786022030
|switch|p2b: Farigiraf|Farigiraf, L50, F, shiny|100/100
|turn|4
|inactive|figglewiggle has 30 seconds left.
|
|t:|1786022057
|move|p1b: Raichu|Protect|p1b: Raichu
|-singleturn|p1b: Raichu|Protect
|move|p2a: Raichu|Focus Blast|p1b: Raichu
|-activate|p1b: Raichu|move: Protect
|move|p1a: Staraptor|Close Combat|p2b: Farigiraf
|-damage|p2b: Farigiraf|43/100
|-boost|p1a: Staraptor|def|1
|-boost|p1a: Staraptor|spd|1
|-enditem|p2b: Farigiraf|Sitrus Berry|[eat]
|-heal|p2b: Farigiraf|68/100|[from] item: Sitrus Berry
|move|p2b: Farigiraf|Psychic|p1a: Staraptor
|-supereffective|p1a: Staraptor|1
|-damage|p1a: Staraptor|56/100
|
|upkeep
|turn|5
|
|t:|1786022082
|move|p2b: Farigiraf|Helping Hand|p2a: Raichu
|-singleturn|p2a: Raichu|Helping Hand|[of] p2b: Farigiraf
|move|p2a: Raichu|Focus Blast|p1b: Raichu
|-damage|p1b: Raichu|0 fnt
|faint|p1b: Raichu
|move|p1a: Staraptor|Close Combat|p2a: Raichu
|-crit|p2a: Raichu
|-damage|p2a: Raichu|0 fnt
|-boost|p1a: Staraptor|def|1
|-boost|p1a: Staraptor|spd|1
|faint|p2a: Raichu
|
|upkeep
|
|t:|1786022098
|switch|p2a: Arcanine|Arcanine-Hisui, L50, M, shiny|100/100
|switch|p1b: Sylveon|Sylveon, L50, M|100/100
|turn|6
|
|t:|1786022117
|move|p2b: Farigiraf|Helping Hand|p2a: Arcanine
|-singleturn|p2a: Arcanine|Helping Hand|[of] p2b: Farigiraf
|move|p1a: Staraptor|Close Combat|p2a: Arcanine
|-supereffective|p2a: Arcanine|1
|-enditem|p2a: Arcanine|Focus Sash
|-damage|p2a: Arcanine|1/100
|-boost|p1a: Staraptor|def|1
|-boost|p1a: Staraptor|spd|1
|move|p2a: Arcanine|Flare Blitz|p1a: Staraptor
|-damage|p1a: Staraptor|30/100
|move|p1b: Sylveon|Hyper Voice|p2a: Arcanine|[spread] p2a,p2b
|-resisted|p2a: Arcanine|1
|-crit|p2a: Arcanine
|-damage|p2a: Arcanine|0 fnt
|-damage|p2b: Farigiraf|33/100
|faint|p2a: Arcanine
|
|upkeep
|turn|7
|inactive|dragapultintin has 30 seconds left.
|inactive|dragapultintin has 20 seconds left.
|inactive|dragapultintin has 15 seconds left.
|inactive|dragapultintin has 10 seconds left.
|inactive|dragapultintin has 5 seconds left.
|
|t:|1786022172
|move|p1a: Staraptor|Close Combat|p2b: Farigiraf
|-damage|p2b: Farigiraf|0 fnt
|-boost|p1a: Staraptor|def|1
|-boost|p1a: Staraptor|spd|1
|faint|p2b: Farigiraf
|
|win|figglewiggle
