|j|вҳҶblfuller_4
|j|вҳҶRegionalModeSlow
|html|blfuller_4RegionalModeSlow    
|uhtml|bestof|Game 1 of a best-of-3
|t:|1756316327
|gametype|doubles
|player|p1|blfuller_4|2|1160
|player|p2|RegionalModeSlow|steven|1104
|gen|9
|tier|[Gen 9] VGC 2025 Reg H (Bo3)
|rated|
|rule|Species Clause: Limit one of each PokГ©mon
|rule|Item Clause: Limit 1 of each item
|clearpoke
|poke|p1|Tyranitar, L50, F|
|poke|p1|Sneasler, L50, M|
|poke|p1|Indeedee, L50, M|
|poke|p1|Gholdengo, L50|
|poke|p1|Incineroar, L50, M|
|poke|p1|Amoonguss, L50, M|
|poke|p2|Noivern, L50, M|
|poke|p2|Weezing-Galar, L50, M|
|poke|p2|Gholdengo, L50|
|poke|p2|Garchomp, L50, M|
|poke|p2|Annihilape, L50, M|
|poke|p2|Magmar, L50, F|
|teampreview|4
|showteam|p1|Tyranitar||AssaultVest|SandStream|RockSlide,TeraBlast,KnockOff,LowKick|||F|||50|,,,,,Flying]Sneasler||PsychicSeed|Unburden|ThroatChop,Protect,CloseCombat,DireClaw|||M|||50|,,,,,Dark]Indeedee||ChoiceScarf|PsychicSurge|ExpandingForce,DazzlingGleam,ShadowBall,Trick|||M|||50|,,,,,Psychic]Gholdengo||ChoiceSpecs|GoodasGold|MakeItRain,ShadowBall,Thunderbolt,PowerGem||||||50|,,,,,Dragon]Incineroar||SafetyGoggles|Intimidate|FlareBlitz,KnockOff,PartingShot,FakeOut|||M|||50|,,,,,Ghost]Amoonguss||CovertCloak|Regenerator|Spore,RagePowder,GrassKnot,Protect|||M|||50|,,,,,Psychic
|showteam|p2|Noivern||CovertCloak|Telepathy|AirSlash,SuperFang,Tailwind,Taunt|||M|||50|,,,,,Steel]Weezing-Galar||ChoiceSpecs|NeutralizingGas|DazzlingGleam,SludgeBomb,StrangeSteam,Flamethrower|||M|||50|,,,,,Flying]Gholdengo||MetalCoat|GoodasGold|MakeItRain,ShadowBall,NastyPlot,Protect||||||50|,,,,,Flying]Garchomp||LifeOrb|RoughSkin|DragonClaw,Earthquake,StompingTantrum,Protect|||M|||50|,,,,,Ground]Annihilape||AssaultVest|Defiant|CloseCombat,ShadowClaw,FinalGambit,Uturn|||M|||50|,,,,,Stellar]Magmar||Eviolite|VitalSpirit|HeatWave,WillOWisp,FollowMe,Protect|||F|||50|,,,,,Ghost
|inactive|Battle timer is ON: inactive players will automatically lose when time's up. (requested by RegionalModeSlow)
|
|t:|1756316357
|teamsize|p1|4
|teamsize|p2|4
|start
|switch|p1a: Sneasler|Sneasler, L50, M|100/100
|switch|p1b: Indeedee|Indeedee, L50, M|100/100
|switch|p2a: Ozzy|Noivern, L50, M|100/100
|switch|p2b: Purpleрҹ’ңHaze|Weezing-Galar, L50, M|100/100
|-ability|p2b: Purpleрҹ’ңHaze|Neutralizing Gas
|turn|1
|inactive|blfuller_4 has 30 seconds left.
|
|t:|1756316385
|-terastallize|p2b: Purpleрҹ’ңHaze|Flying
|move|p1a: Sneasler|Protect|p1a: Sneasler
|-singleturn|p1a: Sneasler|Protect
|move|p1b: Indeedee|Expanding Force|p2b: Purpleрҹ’ңHaze
|-damage|p2b: Purpleрҹ’ңHaze|54/100
|move|p2a: Ozzy|Tailwind|p2a: Ozzy
|-sidestart|p2: RegionalModeSlow|move: Tailwind
|move|p2b: Purpleрҹ’ңHaze|Dazzling Gleam|p1a: Sneasler|[spread] p1b
|-activate|p1a: Sneasler|move: Protect
|-damage|p1b: Indeedee|52/100
|
|upkeep
|turn|2
|
|t:|1756316403
|switch|p1a: Gholdengo|Gholdengo, L50|100/100
|move|p2a: Ozzy|Air Slash|p1a: Gholdengo
|-resisted|p1a: Gholdengo
|-damage|p1a: Gholdengo|84/100
|move|p1b: Indeedee|Expanding Force|p2b: Purpleрҹ’ңHaze
|-damage|p2b: Purpleрҹ’ңHaze|1/100
|move|p2b: Purpleрҹ’ңHaze|Dazzling Gleam|p1b: Indeedee|[spread] p1a,p1b
|-resisted|p1a: Gholdengo
|-crit|p1b: Indeedee
|-damage|p1a: Gholdengo|62/100
|-damage|p1b: Indeedee|0 fnt
|faint|p1b: Indeedee
|
|upkeep
|
|t:|1756316414
|switch|p1b: Tyranitar|Tyranitar, L50, F|100/100
|turn|3
|
|t:|1756316430
|-terastallize|p1b: Tyranitar|Flying
|move|p2a: Ozzy|Super Fang|p1b: Tyranitar
|-damage|p1b: Tyranitar|51/100
|move|p2b: Purpleрҹ’ңHaze|Dazzling Gleam|p1a: Gholdengo|[spread] p1a,p1b
|-resisted|p1a: Gholdengo
|-damage|p1a: Gholdengo|42/100
|-damage|p1b: Tyranitar|30/100
|move|p1a: Gholdengo|Make It Rain|p2b: Purpleрҹ’ңHaze|[spread] p2a,p2b
|-damage|p2a: Ozzy|15/100
|-damage|p2b: Purpleрҹ’ңHaze|0 fnt
|-unboost|p1a: Gholdengo|spa|1
|faint|p2b: Purpleрҹ’ңHaze
|-end|p2b: Purpleрҹ’ңHaze|ability: Neutralizing Gas
|-weather|Sandstorm|[from] ability: Sand Stream|[of] p1b: Tyranitar
|move|p1b: Tyranitar|Rock Slide|p2a: Ozzy
|-supereffective|p2a: Ozzy
|-damage|p2a: Ozzy|0 fnt
|faint|p2a: Ozzy
|
|-weather|Sandstorm|[upkeep]
|-damage|p1b: Tyranitar|25/100|[from] Sandstorm
|upkeep
|
|t:|1756316451
|switch|p2a: BlГҘhaj|Garchomp, L50, M|100/100
|switch|p2b: VГӨinГӨmГ¶inen|Annihilape, L50, M, shiny|100/100
|turn|4
|
|t:|1756316465
|move|p2b: VГӨinГӨmГ¶inen|Shadow Claw|p1a: Gholdengo
|-supereffective|p1a: Gholdengo
|-damage|p1a: Gholdengo|0 fnt
|faint|p1a: Gholdengo
|move|p2a: BlГҘhaj|Dragon Claw|p1b: Tyranitar
|-damage|p1b: Tyranitar|0 fnt
|faint|p1b: Tyranitar
|-damage|p2a: BlГҘhaj|91/100|[from] item: Life Orb
|
|-weather|Sandstorm|[upkeep]
|-damage|p2b: VГӨinГӨmГ¶inen|94/100|[from] Sandstorm
|-sideend|p2: RegionalModeSlow|move: Tailwind
|upkeep
|
|t:|1756316475
|switch|p1b: Sneasler|Sneasler, L50, M|100/100
|turn|5
|
|t:|1756316481
|move|p1b: Sneasler|Dire Claw|p2a: BlГҘhaj
|-resisted|p2a: BlГҘhaj
|-damage|p2a: BlГҘhaj|71/100
|-damage|p1b: Sneasler|88/100|[from] ability: Rough Skin|[of] p2a: BlГҘhaj
|move|p2b: VГӨinГӨmГ¶inen|Final Gambit|p1b: Sneasler
|-damage|p1b: Sneasler|0 fnt
|faint|p2b: VГӨinГӨmГ¶inen
|faint|p1b: Sneasler
|
|win|RegionalModeSlow
