|j|☆xdi8723
|j|☆ilearnpkmnnow
|html|xdi8723ilearnpkmnnow    
|uhtml|bestof|Game 1 of a best-of-3
|t:|1785951428
|gametype|doubles
|player|p1|xdi8723|1|1045
|player|p2|ilearnpkmnnow|lucas|1204
|gen|9
|tier|[Gen 9 Champions] VGC 2026 Reg M-B (Bo3)
|rated|
|rule|Species Clause: Limit one of each Pokémon
|rule|Item Clause: Limit 1 of each item
|clearpoke
|poke|p1|Archaludon, L50, F|
|poke|p1|Pelipper, L50, F|
|poke|p1|Grimmsnarl, L50, M|
|poke|p1|Sinistcha, L50|
|poke|p1|Swampert, L50, M|
|poke|p1|Lycanroc-Dusk, L50, M|
|poke|p2|Raichu, L50, F|
|poke|p2|Staraptor, L50, F|
|poke|p2|Arcanine-Hisui, L50, M|
|poke|p2|Farigiraf, L50, M|
|poke|p2|Sylveon, L50, F|
|poke|p2|Kingambit, L50, M|
|teampreview|4
|showteam|p1|Archaludon||Leftovers|Stamina|ElectroShot,AuraSphere,FlashCannon,Protect|Modest||F|||50|]Pelipper||SitrusBerry|Drizzle|Tailwind,WeatherBall,Hurricane,WideGuard|Modest||F|||50|]Grimmsnarl||LightClay|Prankster|PartingShot,SpiritBreak,Reflect,LightScreen|Calm||M|||50|]Sinistcha||KasibBerry|Hospitality|MatchaGotcha,LifeDew,RagePowder,TrickRoom|Calm|||||50|]Swampert||Swampertite|Torrent|WaveCrash,Earthquake,IcePunch,Protect|Adamant||M|||50|]Lycanroc-Dusk||FocusSash|ToughClaws|Protect,RockSlide,Accelerock,CloseCombat|Jolly||M|||50|
|showteam|p2|Raichu||RaichuniteY|LightningRod|ZapCannon,FocusBlast,FakeOut,Protect|Timid||F|||50|]Staraptor||Staraptite|Intimidate|CloseCombat,DualWingbeat,Tailwind,Protect|Jolly||F|||50|]Arcanine-Hisui||FocusSash|RockHead|FlareBlitz,HeadSmash,ExtremeSpeed,Protect|Jolly||M|||50|]Farigiraf||SitrusBerry|ArmorTail|Psychic,HelpingHand,TrickRoom,Protect|Calm||M|||50|]Sylveon||FairyFeather|Pixilate|HyperVoice,QuickAttack,HyperBeam,Detect|Modest||F|||50|]Kingambit||LifeOrb|Defiant|KowtowCleave,SuckerPunch,SwordsDance,Protect|Adamant||M|||50|
|inactive|Battle timer is ON: inactive players will automatically lose when time's up. (requested by xdi8723)
|inactive|ilearnpkmnnow has 60 seconds left.
|
|t:|1785951497
|teamsize|p1|4
|teamsize|p2|4
|start
|switch|p1a: Archaludon|Archaludon, L50, F|100/100
|switch|p1b: Grimmsnarl|Grimmsnarl, L50, M|100/100
|switch|p2a: Raichu|Raichu, L50, F|100/100
|switch|p2b: Staraptor|Staraptor, L50, F|100/100
|-ability|p2b: Staraptor|Intimidate|boost
|-unboost|p1a: Archaludon|atk|1
|-unboost|p1b: Grimmsnarl|atk|1
|turn|1
|inactive|xdi8723 has 30 seconds left.
|inactive|ilearnpkmnnow has 30 seconds left.
|inactive|xdi8723 has 20 seconds left.
|inactive|ilearnpkmnnow has 20 seconds left.
|inactive|ilearnpkmnnow has 15 seconds left.
|
|t:|1785951539
|detailschange|p2a: Raichu|Raichu-Mega-Y, L50, F
|-mega|p2a: Raichu|Raichu|Raichunite Y
|move|p1b: Grimmsnarl|Reflect|p1b: Grimmsnarl
|-sidestart|p1: xdi8723|Reflect
|move|p2a: Raichu|Focus Blast|p1a: Archaludon
|-supereffective|p1a: Archaludon|1
|-damage|p1a: Archaludon|0 fnt
|faint|p1a: Archaludon
|move|p2b: Staraptor|Tailwind|p2b: Staraptor
|-sidestart|p2: ilearnpkmnnow|move: Tailwind
|
|upkeep
|
|t:|1785951551
|switch|p1a: Swampert|Swampert, L50, M|100/100
|turn|2
|inactive|xdi8723 has 30 seconds left.
|inactive|ilearnpkmnnow has 30 seconds left.
|inactive|xdi8723 has 20 seconds left.
|
|t:|1785951588
|detailschange|p1a: Swampert|Swampert-Mega, L50, M
|-mega|p1a: Swampert|Swampert|Swampertite
|move|p1b: Grimmsnarl|Parting Shot|p2a: Raichu
|-unboost|p2a: Raichu|atk|1
|-unboost|p2a: Raichu|spa|1
|
|t:|1785951592
|switch|p1b: Pelipper|Pelipper, L50, F|100/100|[from] Parting Shot
|-weather|RainDance|[from] ability: Drizzle|[of] p1b: Pelipper
|move|p2a: Raichu|Focus Blast|p1a: Swampert
|-damage|p1a: Swampert|76/100
|move|p2b: Staraptor|Dual Wingbeat|p1a: Swampert
|-damage|p1a: Swampert|66/100
|-damage|p1a: Swampert|55/100
|-hitcount|p1a: Swampert|2
|move|p1a: Swampert|Ice Punch|p2b: Staraptor
|-supereffective|p2b: Staraptor|1
|-damage|p2b: Staraptor|7/100
|
|-weather|RainDance|[upkeep]
|upkeep
|turn|3
|inactive|xdi8723 has 30 seconds left.
|inactive|xdi8723 has 20 seconds left.
|inactive|xdi8723 has 15 seconds left.
|
|t:|1785951634
|move|p1b: Pelipper|Wide Guard|p1b: Pelipper
|-singleturn|p1b: Pelipper|Wide Guard
|move|p2a: Raichu|Focus Blast|p1a: Swampert
|-damage|p1a: Swampert|32/100
|move|p2b: Staraptor|Close Combat|p1a: Swampert
|-damage|p1a: Swampert|12/100
|-unboost|p2b: Staraptor|def|1
|-unboost|p2b: Staraptor|spd|1
|move|p1a: Swampert|Wave Crash|p2a: Raichu
|-damage|p2a: Raichu|0 fnt
|faint|p2a: Raichu
|-damage|p1a: Swampert|0 fnt|[from] Recoil
|faint|p1a: Swampert
|
|-weather|RainDance|[upkeep]
|upkeep
|inactive|ilearnpkmnnow has 30 seconds left.
|
|t:|1785951663
|switch|p2a: Arcanine|Arcanine-Hisui, L50, M|100/100
|switch|p1a: Grimmsnarl|Grimmsnarl, L50, M|100/100
|turn|4
|
|t:|1785951686
|move|p2a: Arcanine|Extreme Speed|p1b: Pelipper
|-damage|p1b: Pelipper|81/100
|move|p2b: Staraptor|Dual Wingbeat|p1b: Pelipper
|-damage|p1b: Pelipper|68/100
|-damage|p1b: Pelipper|55/100
|-hitcount|p1b: Pelipper|2
|move|p1b: Pelipper|Weather Ball|p2a: Arcanine
|-supereffective|p2a: Arcanine|2
|-enditem|p2a: Arcanine|Focus Sash
|-damage|p2a: Arcanine|1/100
|move|p1a: Grimmsnarl|Spirit Break|p2b: Staraptor
|-damage|p2b: Staraptor|0 fnt
|faint|p2b: Staraptor
|
|-weather|RainDance|[upkeep]
|-sideend|p2: ilearnpkmnnow|move: Tailwind
|upkeep
|
|t:|1785951690
|switch|p2b: Sylveon|Sylveon, L50, F|100/100
|turn|5
|inactive|xdi8723 has 30 seconds left.
|
|t:|1785951724
|move|p2a: Arcanine|Head Smash|p1b: Pelipper|[miss]
|-miss|p2a: Arcanine|p1b: Pelipper
|move|p1b: Pelipper|Hurricane|p2b: Sylveon
|-damage|p2b: Sylveon|68/100
|move|p2b: Sylveon|Hyper Voice|p1b: Pelipper|[spread] p1a,p1b
|-supereffective|p1a: Grimmsnarl|1
|-damage|p1a: Grimmsnarl|15/100
|-damage|p1b: Pelipper|2/100
|-enditem|p1b: Pelipper|Sitrus Berry|[eat]
|-heal|p1b: Pelipper|27/100|[from] item: Sitrus Berry
|move|p1a: Grimmsnarl|Spirit Break|p2a: Arcanine
|-resisted|p2a: Arcanine|1
|-damage|p2a: Arcanine|0 fnt
|faint|p2a: Arcanine
|
|-weather|RainDance|[upkeep]
|upkeep
|turn|6
|inactive|xdi8723 has 30 seconds left.
|inactive|ilearnpkmnnow has 30 seconds left.
|
|t:|1785951751
|move|p2b: Sylveon|Quick Attack|p1b: Pelipper
|-damage|p1b: Pelipper|17/100
|move|p1b: Pelipper|Weather Ball|p2b: Sylveon
|-damage|p2b: Sylveon|24/100
|move|p1a: Grimmsnarl|Spirit Break|p2b: Sylveon
|-damage|p2b: Sylveon|0 fnt
|faint|p2b: Sylveon
|
|win|xdi8723
||ilearnpkmnnow is ready for game 2.
||xdi8723 is ready for game 2.
|uhtml|next|Next: Game 2 of 3
|l|☆ilearnpkmnnow
|player|p2|
