|j|☆abtoty
|j|☆KarmaPoliceVGC
|html|abtotyKarmaPoliceVGC    
|uhtml|bestof|Game 1 of a best-of-3
|t:|1757813228
|gametype|doubles
|player|p1|abtoty|102|1067
|player|p2|KarmaPoliceVGC|scientist-gen4|1146
|gen|9
|tier|[Gen 9] VGC 2025 Reg H (Bo3)
|rated|
|rule|Species Clause: Limit one of each Pokémon
|rule|Item Clause: Limit 1 of each item
|clearpoke
|poke|p1|Gholdengo, L50|
|poke|p1|Dragonite, L50, F|
|poke|p1|Sneasler, L50, F|
|poke|p1|Rillaboom, L50, F|
|poke|p1|Ursaluna, L50, F|
|poke|p1|Porygon2, L50|
|poke|p2|Garchomp, L50, F|
|poke|p2|Murkrow, L50, M|
|poke|p2|Bellossom, L50, M|
|poke|p2|Oricorio-Pom-Pom, L50, M|
|poke|p2|Ninetales-Alola, L50, M|
|poke|p2|Volcarona, L50, F|
|teampreview|4
|showteam|p1|Gholdengo||MetalCoat|GoodasGold|MakeItRain,ShadowBall,NastyPlot,Protect||||||50|,,,,,Water]Dragonite||LoadedDice|Multiscale|ScaleShot,StompingTantrum,Tailwind,Protect|||F|||50|,,,,,Fairy]Sneasler||FocusSash|Unburden|DireClaw,CloseCombat,Coaching,Protect|||F|||50|,,,,,Ghost]Rillaboom||AssaultVest|GrassySurge|GrassyGlide,WoodHammer,FakeOut,HighHorsepower|||F|||50|,,,,,Fire]Ursaluna||FlameOrb|Guts|Facade,Protect,HeadlongRush,Earthquake|||F|||50|,,,,,Ground]Porygon2||Eviolite|Download|TeraBlast,IceBeam,TrickRoom,Recover||||||50|,,,,,Fighting
|showteam|p2|Garchomp||ChoiceScarf|RoughSkin|Earthquake,Outrage,RockSlide,StompingTantrum|||F|||50|,,,,,Ground]Murkrow||Eviolite|Prankster|Protect,Tailwind,FeatherDance,FoulPlay|||M|||50|,,,,,Ghost]Bellossom||KebiaBerry|Healer|Protect,SleepPowder,QuiverDance,PetalDance|||M|||50|,,,,,Ghost]Oricorio-Pom-Pom||SitrusBerry|Dancer|Protect,QuiverDance,RevelationDance,AirSlash|||M|||50|,,,,,Ghost]Ninetales-Alola||LightClay|SnowWarning|AuroraVeil,Encore,Blizzard,Moonblast|||M|||50|,,,,,Ice]Volcarona||Leftovers|FlameBody|Protect,QuiverDance,FieryDance,GigaDrain|||F|||50|,,,,,Grass
|inactive|Battle timer is ON: inactive players will automatically lose when time's up. (requested by abtoty)
|inactive|KarmaPoliceVGC has 60 seconds left.
|
|t:|1757813269
|teamsize|p1|4
|teamsize|p2|4
|start
|switch|p1a: Gholdengo|Gholdengo, L50|100/100
|switch|p1b: Sneasler|Sneasler, L50, F|100/100
|switch|p2a: Bellossom|Bellossom, L50, M|100/100
|switch|p2b: Volcarona|Volcarona, L50, F|100/100
|turn|1
|inactive|abtoty has 30 seconds left.
|inactive|abtoty has 20 seconds left.
|
|t:|1757813308
|move|p1a: Gholdengo|Protect|p1a: Gholdengo
|-singleturn|p1a: Gholdengo|Protect
|move|p1b: Sneasler|Dire Claw|p2b: Volcarona
|-damage|p2b: Volcarona|58/100
|-status|p2b: Volcarona|par
|-status|p1b: Sneasler|brn|[from] ability: Flame Body|[of] p2b: Volcarona
|move|p2a: Bellossom|Sleep Powder||[still]
|-fail|p2a: Bellossom
|move|p2b: Volcarona|Quiver Dance|p2b: Volcarona
|-boost|p2b: Volcarona|spa|1
|-boost|p2b: Volcarona|spd|1
|-boost|p2b: Volcarona|spe|1
|
|-heal|p2b: Volcarona|65/100 par|[from] item: Leftovers
|-damage|p1b: Sneasler|95/100 brn|[from] brn
|upkeep
|turn|2
|inactive|abtoty has 30 seconds left.
|inactive|KarmaPoliceVGC has 30 seconds left.
|inactive|abtoty has 20 seconds left.
|
|t:|1757813346
|switch|p1a: Dragonite|Dragonite, L50, F|100/100
|switch|p2a: Oricorio|Oricorio-Pom-Pom, L50, M|100/100
|move|p1b: Sneasler|Dire Claw|p2a: Oricorio
|-damage|p2a: Oricorio|75/100
|move|p2b: Volcarona|Quiver Dance|p2b: Volcarona
|-boost|p2b: Volcarona|spa|1
|-boost|p2b: Volcarona|spd|1
|-boost|p2b: Volcarona|spe|1
|-activate|p2a: Oricorio|ability: Dancer
|move|p2a: Oricorio|Quiver Dance|p2a: Oricorio|[from] ability: Dancer
|-boost|p2a: Oricorio|spa|1
|-boost|p2a: Oricorio|spd|1
|-boost|p2a: Oricorio|spe|1
|
|-heal|p2b: Volcarona|71/100 par|[from] item: Leftovers
|-damage|p1b: Sneasler|89/100 brn|[from] brn
|upkeep
|turn|3
|inactive|KarmaPoliceVGC has 30 seconds left.
|
|t:|1757813381
|move|p2a: Oricorio|Air Slash|p1b: Sneasler
|-supereffective|p1b: Sneasler
|-damage|p1b: Sneasler|0 fnt
|faint|p1b: Sneasler
|move|p2b: Volcarona|Fiery Dance|p1a: Dragonite
|-resisted|p1a: Dragonite
|-damage|p1a: Dragonite|82/100
|-boost|p2b: Volcarona|spa|1
|-activate|p2a: Oricorio|ability: Dancer
|move|p2a: Oricorio|Fiery Dance|p1a: Dragonite|[from] ability: Dancer
|-resisted|p1a: Dragonite
|-damage|p1a: Dragonite|68/100
|move|p1a: Dragonite|Tailwind|p1a: Dragonite
|-sidestart|p1: abtoty|move: Tailwind
|
|-heal|p2b: Volcarona|77/100 par|[from] item: Leftovers
|upkeep
|
|t:|1757813402
|switch|p1b: Ursaluna|Ursaluna, L50, F|100/100
|turn|4
|inactive|KarmaPoliceVGC has 30 seconds left.
|inactive|KarmaPoliceVGC has 20 seconds left.
|inactive|KarmaPoliceVGC has 15 seconds left.
|inactive|KarmaPoliceVGC has 10 seconds left.
|
|t:|1757813447
|switch|p2b: Murkrow|Murkrow, L50, M|100/100
|move|p1a: Dragonite|Scale Shot|p2b: Murkrow
|-damage|p2b: Murkrow|86/100
|-damage|p2b: Murkrow|74/100
|-damage|p2b: Murkrow|62/100
|-damage|p2b: Murkrow|50/100
|-damage|p2b: Murkrow|36/100
|-hitcount|p2b: Murkrow|5
|-unboost|p1a: Dragonite|def|1
|-boost|p1a: Dragonite|spe|1
|move|p2a: Oricorio|Quiver Dance|p2a: Oricorio
|-boost|p2a: Oricorio|spa|1
|-boost|p2a: Oricorio|spd|1
|-boost|p2a: Oricorio|spe|1
|move|p1b: Ursaluna|Facade|p2b: Murkrow
|-damage|p2b: Murkrow|0 fnt
|faint|p2b: Murkrow
|
|-status|p1b: Ursaluna|brn|[from] item: Flame Orb
|upkeep
|inactive|KarmaPoliceVGC has 30 seconds left.
|inactive|KarmaPoliceVGC has 20 seconds left.
|
|t:|1757813486
|switch|p2b: Bellossom|Bellossom, L50, M|100/100
|turn|5
|inactive|abtoty has 30 seconds left.
|
|t:|1757813513
|-terastallize|p2b: Bellossom|Ghost
|move|p2a: Oricorio|Protect|p2a: Oricorio
|-singleturn|p2a: Oricorio|Protect
|move|p1a: Dragonite|Scale Shot|p2a: Oricorio
|-activate|p2a: Oricorio|move: Protect
|move|p1b: Ursaluna|Facade|p2a: Oricorio
|-activate|p2a: Oricorio|move: Protect
|move|p2b: Bellossom|Petal Dance|p1a: Dragonite
|-resisted|p1a: Dragonite
|-damage|p1a: Dragonite|57/100
|-activate|p2a: Oricorio|ability: Dancer
|move|p2a: Oricorio|Petal Dance|p1b: Ursaluna|[from] ability: Dancer
|-supereffective|p1b: Ursaluna
|-damage|p1b: Ursaluna|0 fnt
|faint|p1b: Ursaluna
|
|upkeep
|
|t:|1757813533
|switch|p1b: Gholdengo|Gholdengo, L50|100/100
|turn|6
|
|t:|1757813555
|move|p1a: Dragonite|Scale Shot|p2a: Oricorio
|-damage|p2a: Oricorio|58/100
|-damage|p2a: Oricorio|41/100
|-enditem|p2a: Oricorio|Sitrus Berry|[eat]
|-heal|p2a: Oricorio|66/100|[from] item: Sitrus Berry
|-damage|p2a: Oricorio|48/100
|-damage|p2a: Oricorio|31/100
|-damage|p2a: Oricorio|14/100
|-hitcount|p2a: Oricorio|5
|-unboost|p1a: Dragonite|def|1
|-boost|p1a: Dragonite|spe|1
|move|p1b: Gholdengo|Shadow Ball|p2b: Bellossom
|-supereffective|p2b: Bellossom
|-damage|p2b: Bellossom|18/100
|move|p2a: Oricorio|Revelation Dance|p1a: Dragonite
|-damage|p1a: Dragonite|0 fnt
|faint|p1a: Dragonite
|move|p2b: Bellossom|Petal Dance|p1b: Gholdengo|[from] lockedmove
|-resisted|p1b: Gholdengo
|-damage|p1b: Gholdengo|77/100
|-activate|p2a: Oricorio|ability: Dancer
|move|p2a: Oricorio|Petal Dance|p1b: Gholdengo|[from] ability: Dancer
|-resisted|p1b: Gholdengo
|-damage|p1b: Gholdengo|40/100
|
|-sideend|p1: abtoty|move: Tailwind
|upkeep
|turn|7
|inactive|abtoty has 30 seconds left.
|inactive|abtoty has 20 seconds left.
|inactive|KarmaPoliceVGC has 30 seconds left.
|
|t:|1757813591
|move|p2a: Oricorio|Protect|p2a: Oricorio
|-singleturn|p2a: Oricorio|Protect
|move|p1b: Gholdengo|Make It Rain|p2a: Oricorio|[spread] p2b
|-activate|p2a: Oricorio|move: Protect
|-crit|p2b: Bellossom
|-damage|p2b: Bellossom|0 fnt
|-unboost|p1b: Gholdengo|spa|1
|faint|p2b: Bellossom
|
|upkeep
|
|t:|1757813601
|switch|p2b: Volcarona|Volcarona, L50, F|77/100 par
|turn|8
|
|t:|1757813610
|-terastallize|p1b: Gholdengo|Water
|move|p2a: Oricorio|Revelation Dance|p1b: Gholdengo
|-supereffective|p1b: Gholdengo
|-damage|p1b: Gholdengo|0 fnt
|faint|p1b: Gholdengo
|
|win|KarmaPoliceVGC
||KarmaPoliceVGC is ready for game 2.
