|j|☆Cecho8
|j|☆IronStandsEternal
|html|Cecho8IronStandsEternal    
|uhtml|bestof|Game 3 of a best-of-3
|t:|1757118376
|gametype|doubles
|player|p1|Cecho8|shadowtriad|1182
|player|p2|IronStandsEternal|flint|1232
|gen|9
|tier|[Gen 9] VGC 2025 Reg H (Bo3)
|rated|
|rule|Species Clause: Limit one of each Pokémon
|rule|Item Clause: Limit 1 of each item
|clearpoke
|poke|p1|Archaludon, L50, F|
|poke|p1|Pelipper, L50, F|
|poke|p1|Gholdengo, L50|
|poke|p1|Basculegion, L50, M|
|poke|p1|Amoonguss, L50, F|
|poke|p1|Annihilape, L50, M|
|poke|p2|Rillaboom, L50, M|
|poke|p2|Dragonite, L50, M|
|poke|p2|Sneasler, L50, M|
|poke|p2|Ninetales-Alola, L50, F|
|poke|p2|Kingambit, L50, M|
|poke|p2|Volcarona, L50, M|
|teampreview|4
|showteam|p1|Archaludon||AssaultVest|Stamina|DragonPulse,ElectroShot,BodyPress,Snarl|||F|||50|,,,,,Bug]Pelipper||FocusSash|Drizzle|WeatherBall,Hurricane,Tailwind,Protect|||F|||50|,,,,,Ghost]Gholdengo||LifeOrb|GoodasGold|MakeItRain,ShadowBall,NastyPlot,Protect||||||50|,,,,,Water]Basculegion||ChoiceBand|SwiftSwim|AquaJet,WaveCrash,LastRespects,FlipTurn|||M|||50|,,,,,Water]Amoonguss||SitrusBerry|Regenerator|RagePowder,Spore,PollenPuff,Protect|||F|||50|,,,,,Fairy]Annihilape||SafetyGoggles|Defiant|RageFist,CloseCombat,FinalGambit,Taunt|||M|||50|,,,,,Fire
|showteam|p2|Rillaboom||AssaultVest|GrassySurge|WoodHammer,GrassyGlide,HighHorsepower,FakeOut|||M|||50|,,,,,Fire]Dragonite||LoadedDice|Multiscale|Protect,ScaleShot,LowKick,Haze|||M|||50|,,,,,Fairy]Sneasler||WhiteHerb|Unburden|Protect,DireClaw,CloseCombat,Coaching|||M|||50|,,,,,Ghost]Ninetales-Alola||ChoiceSpecs|SnowWarning|Blizzard,IcyWind,Moonblast,FreezeDry|||F|||50|,,,,,Ghost]Kingambit||SafetyGoggles|Defiant|Protect,KowtowCleave,SuckerPunch,SwordsDance|||M|||50|,,,,,Dark]Volcarona||CovertCloak|FlameBody|StruggleBug,RagePowder,Overheat,WillOWisp|||M|||50|,,,,,Fairy
|inactive|Battle timer is ON: inactive players will automatically lose when time's up. (requested by Cecho8)
|
|t:|1757118402
|teamsize|p1|4
|teamsize|p2|4
|start
|switch|p1a: Pelipper|Pelipper, L50, F|100/100
|switch|p1b: Basculegion|Basculegion, L50, M|100/100
|switch|p2a: Dragonite|Dragonite, L50, M|100/100
|switch|p2b: Sneasler|Sneasler, L50, M|100/100
|-weather|RainDance|[from] ability: Drizzle|[of] p1a: Pelipper
|turn|1
|inactive|Cecho8 has 30 seconds left.
|inactive|IronStandsEternal has 30 seconds left.
|
|t:|1757118433
|move|p2b: Sneasler|Protect|p2b: Sneasler
|-singleturn|p2b: Sneasler|Protect
|move|p1b: Basculegion|Wave Crash|p2b: Sneasler
|-activate|p2b: Sneasler|move: Protect
|move|p2a: Dragonite|Scale Shot|p1b: Basculegion
|-damage|p1b: Basculegion|82/100
|-damage|p1b: Basculegion|63/100
|-damage|p1b: Basculegion|42/100
|-damage|p1b: Basculegion|21/100
|-damage|p1b: Basculegion|2/100
|-hitcount|p1b: Basculegion|5
|-unboost|p2a: Dragonite|def|1
|-boost|p2a: Dragonite|spe|1
|move|p1a: Pelipper|Tailwind|p1a: Pelipper
|-sidestart|p1: Cecho8|move: Tailwind
|
|-weather|RainDance|[upkeep]
|upkeep
|turn|2
|inactive|Cecho8 has 30 seconds left.
|inactive|IronStandsEternal has 30 seconds left.
|inactive|Cecho8 has 20 seconds left.
|inactive|IronStandsEternal has 20 seconds left.
|inactive|Cecho8 has 15 seconds left.
|inactive|IronStandsEternal has 15 seconds left.
|
|t:|1757118476
|switch|p1b: Archaludon|Archaludon, L50, F|100/100
|switch|p2b: Ninetales|Ninetales-Alola, L50, F|100/100
|-weather|Snowscape|[from] ability: Snow Warning|[of] p2b: Ninetales
|move|p1a: Pelipper|Hurricane|p2a: Dragonite|[miss]
|-miss|p1a: Pelipper|p2a: Dragonite
|move|p2a: Dragonite|Scale Shot|p1a: Pelipper
|-damage|p1a: Pelipper|82/100
|-damage|p1a: Pelipper|62/100
|-damage|p1a: Pelipper|42/100
|-damage|p1a: Pelipper|22/100
|-damage|p1a: Pelipper|0 fnt
|faint|p1a: Pelipper
|-hitcount|p1: Pelipper|5
|-unboost|p2a: Dragonite|def|1
|-boost|p2a: Dragonite|spe|1
|
|-weather|Snowscape|[upkeep]
|upkeep
|
|t:|1757118498
|switch|p1a: Basculegion|Basculegion, L50, M|2/100
|turn|3
|inactive|IronStandsEternal has 30 seconds left.
|
|t:|1757118528
|move|p2a: Dragonite|Protect|p2a: Dragonite
|-singleturn|p2a: Dragonite|Protect
|move|p1a: Basculegion|Last Respects|p2b: Ninetales
|-damage|p2b: Ninetales|29/100
|move|p1b: Archaludon|Body Press|p2b: Ninetales
|-damage|p2b: Ninetales|4/100
|move|p2b: Ninetales|Blizzard|p1a: Basculegion|[spread] p1a,p1b
|-resisted|p1a: Basculegion
|-damage|p1a: Basculegion|0 fnt
|-damage|p1b: Archaludon|64/100
|-ability|p1b: Archaludon|Stamina|boost
|-boost|p1b: Archaludon|def|1
|faint|p1a: Basculegion
|
|-weather|Snowscape|[upkeep]
|upkeep
|
|t:|1757118538
|switch|p1a: Amoonguss|Amoonguss, L50, F|100/100
|turn|4
|inactive|IronStandsEternal has 30 seconds left.
|
|t:|1757118567
|switch|p2b: Volcarona|Volcarona, L50, M|100/100
|move|p2a: Dragonite|Haze|p2a: Dragonite
|-clearallboost
|move|p1b: Archaludon|Snarl|p2a: Dragonite|[spread] p2a,p2b
|-damage|p2a: Dragonite|93/100
|-damage|p2b: Volcarona|89/100
|-unboost|p2a: Dragonite|spa|1
|move|p1a: Amoonguss|Spore|p2a: Dragonite
|-status|p2a: Dragonite|slp|[from] move: Spore
|
|-weather|Snowscape|[upkeep]
|-sideend|p1: Cecho8|move: Tailwind
|upkeep
|turn|5
|inactive|Cecho8 has 30 seconds left.
|inactive|IronStandsEternal has 30 seconds left.
|
|t:|1757118602
|-terastallize|p1a: Amoonguss|Fairy
|move|p1a: Amoonguss|Rage Powder|p1a: Amoonguss
|-singleturn|p1a: Amoonguss|move: Rage Powder
|move|p2b: Volcarona|Overheat|p1a: Amoonguss
|-damage|p1a: Amoonguss|47/100
|-unboost|p2b: Volcarona|spa|2
|-enditem|p1a: Amoonguss|Sitrus Berry|[eat]
|-heal|p1a: Amoonguss|72/100|[from] item: Sitrus Berry
|cant|p2a: Dragonite|slp
|move|p1b: Archaludon|Dragon Pulse|p2a: Dragonite
|-supereffective|p2a: Dragonite
|-damage|p2a: Dragonite|3/100 slp
|
|-weather|Snowscape|[upkeep]
|upkeep
|turn|6
|inactive|IronStandsEternal has 30 seconds left.
|inactive|IronStandsEternal has 20 seconds left.
|
|t:|1757118637
|move|p2b: Volcarona|Will-O-Wisp|p1b: Archaludon
|-status|p1b: Archaludon|brn
|-curestatus|p2a: Dragonite|slp|[msg]
|move|p2a: Dragonite|Haze|p2a: Dragonite
|-clearallboost
|move|p1b: Archaludon|Snarl|p2b: Volcarona|[spread] p2a,p2b
|-damage|p2a: Dragonite|0 fnt
|-damage|p2b: Volcarona|76/100
|faint|p2a: Dragonite
|move|p1a: Amoonguss|Spore|p2b: Volcarona
|-status|p2b: Volcarona|slp|[from] move: Spore
|
|-weather|none
|-damage|p1b: Archaludon|58/100 brn|[from] brn
|upkeep
|
|t:|1757118652
|switch|p2a: Sneasler|Sneasler, L50, M|100/100
|turn|7
|
|t:|1757118672
|move|p1a: Amoonguss|Protect|p1a: Amoonguss
|-singleturn|p1a: Amoonguss|Protect
|move|p2a: Sneasler|Dire Claw|p1a: Amoonguss
|-activate|p1a: Amoonguss|move: Protect
|cant|p2b: Volcarona|slp
|move|p1b: Archaludon|Dragon Pulse|p2a: Sneasler
|-damage|p2a: Sneasler|50/100
|
|-damage|p1b: Archaludon|52/100 brn|[from] brn
|upkeep
|turn|8
|inactive|IronStandsEternal has 30 seconds left.
|inactive|IronStandsEternal has 20 seconds left.
|
|t:|1757118712
|move|p1a: Amoonguss|Protect||[still]
|-fail|p1a: Amoonguss
|move|p2a: Sneasler|Dire Claw|p1a: Amoonguss
|-supereffective|p1a: Amoonguss
|-damage|p1a: Amoonguss|12/100
|-status|p1a: Amoonguss|par
|cant|p2b: Volcarona|slp
|move|p1b: Archaludon|Dragon Pulse|p2a: Sneasler
|-damage|p2a: Sneasler|0 fnt
|faint|p2a: Sneasler
|
|-damage|p1b: Archaludon|46/100 brn|[from] brn
|upkeep
|
|t:|1757118721
|switch|p2a: Ninetales|Ninetales-Alola, L50, F|4/100
|-weather|Snowscape|[from] ability: Snow Warning|[of] p2a: Ninetales
|turn|9
|inactive|IronStandsEternal has 30 seconds left.
|
|t:|1757118752
|move|p1a: Amoonguss|Protect|p1a: Amoonguss
|-singleturn|p1a: Amoonguss|Protect
|move|p2a: Ninetales|Blizzard|p1a: Amoonguss|[spread] p1b
|-activate|p1a: Amoonguss|move: Protect
|-damage|p1b: Archaludon|7/100 brn
|-ability|p1b: Archaludon|Stamina|boost
|-boost|p1b: Archaludon|def|1
|-curestatus|p2b: Volcarona|slp|[msg]
|move|p2b: Volcarona|Overheat|p1b: Archaludon
|-damage|p1b: Archaludon|0 fnt
|-unboost|p2b: Volcarona|spa|2
|faint|p1b: Archaludon
|
|-weather|Snowscape|[upkeep]
|upkeep
|turn|10
|
|t:|1757118772
|move|p2a: Ninetales|Blizzard|p1a: Amoonguss
|-damage|p1a: Amoonguss|0 fnt
|faint|p1a: Amoonguss
|
|win|IronStandsEternal
|raw|Cecho8's rating: 1182 → 1161(-21 for losing)
|raw|IronStandsEternal's rating: 1232 → 1253(+21 for winning)
|l|☆Cecho8
|player|p1|
