|j|☆Capuccio9
|j|☆Kiros998
|html|Capuccio9Kiros998    
|uhtml|bestof|Game 3 of a best-of-3
|t:|1785114268
|gametype|doubles
|player|p1|Capuccio9|veteran|
|player|p2|Kiros998|flint|
|gen|9
|tier|[Gen 9 Champions] VGC 2026 Reg M-B (Bo3)
|rule|Species Clause: Limit one of each Pokémon
|rule|Item Clause: Limit 1 of each item
|clearpoke
|poke|p1|Aerodactyl, L50, M|
|poke|p1|Sylveon, L50, F, shiny|
|poke|p1|Farigiraf, L50, F|
|poke|p1|Garchomp, L50, M|
|poke|p1|Incineroar, L50, F|
|poke|p1|Charizard, L50, M|
|poke|p2|Froslass, L50, F|
|poke|p2|Milotic, L50, M|
|poke|p2|Incineroar, L50, F|
|poke|p2|Sneasler, L50, F|
|poke|p2|Garchomp, L50, F|
|poke|p2|Sylveon, L50, F|
|teampreview|4
|showteam|p1|Aerodactyl||FocusSash|Unnerve|RockSlide,DualWingbeat,WideGuard,Tailwind|Jolly||M|||50|]Sylveon||FairyFeather|Pixilate|HyperVoice,QuickAttack,Yawn,Detect|Modest||F|||50|]Farigiraf||SitrusBerry|ArmorTail|TrickRoom,HelpingHand,Psyshock,Protect|Bold||F|||50|]Garchomp||LifeOrb|RoughSkin|RockTomb,DragonClaw,StompingTantrum,Protect|Jolly||M|||50|]Incineroar||Charcoal|Intimidate|FlareBlitz,DarkestLariat,FakeOut,PartingShot|Impish||F|||50|]Charizard||CharizarditeY|Blaze|WeatherBall,HeatWave,SolarBeam,Protect|Timid||M|||50|
|showteam|p2|Froslass||Froslassite|CursedBody|Blizzard,ShadowBall,AuroraVeil,Protect|Modest||F|||50|]Milotic||Leftovers|Competitive|IcyWind,Scald,Recover,Protect|Modest||M|||50|]Incineroar||SitrusBerry|Intimidate|FlareBlitz,DarkestLariat,PartingShot,FakeOut|Impish||F|||50|]Sneasler||FocusSash|PoisonTouch|DireClaw,FakeOut,CloseCombat,Protect|Jolly||F|||50|]Garchomp||LifeOrb|SandVeil|RockSlide,StompingTantrum,DragonClaw,Protect|Jolly||F|||50|]Sylveon||FairyFeather|Pixilate|HyperVoice,QuickAttack,Yawn,Detect|Modest||F|||50|
|inactive|Battle timer is ON: inactive players will automatically lose when time's up. (requested by Capuccio9)
|inactive|Capuccio9 has 60 seconds left.
|inactive|Capuccio9 has 30 seconds left.
|inactive|Capuccio9 has 20 seconds left.
|inactive|Capuccio9 has 15 seconds left.
|inactive|Capuccio9 has 10 seconds left.
|
|t:|1785114389
|teamsize|p1|4
|teamsize|p2|4
|start
|switch|p1a: Charizard|Charizard, L50, M|100/100
|switch|p1b: Aerodactyl|Aerodactyl, L50, M|100/100
|switch|p2a: Sneasler|Sneasler, L50, F|100/100
|switch|p2b: Garchomp|Garchomp, L50, F|100/100
|-ability|p1b: Aerodactyl|Unnerve
|turn|1
|inactive|Capuccio9 has 30 seconds left.
|inactive|Kiros998 has 30 seconds left.
|inactive|Capuccio9 has 20 seconds left.
|inactive|Kiros998 has 20 seconds left.
|inactive|Capuccio9 has 15 seconds left.
|inactive|Kiros998 has 15 seconds left.
|
|t:|1785114431
|switch|p1b: Garchomp|Garchomp, L50, M|100/100
|move|p1a: Charizard|Protect|p1a: Charizard
|-singleturn|p1a: Charizard|Protect
|move|p2a: Sneasler|Close Combat|p1b: Garchomp
|-damage|p1b: Garchomp|42/100
|-unboost|p2a: Sneasler|def|1
|-unboost|p2a: Sneasler|spd|1
|-damage|p2a: Sneasler|87/100|[from] ability: Rough Skin|[of] p1b: Garchomp
|move|p2b: Garchomp|Rock Slide|p1a: Charizard|[spread] p1b
|-activate|p1a: Charizard|move: Protect
|-resisted|p1b: Garchomp|1
|-damage|p1b: Garchomp|30/100
|-damage|p2b: Garchomp|90/100|[from] item: Life Orb
|
|upkeep
|turn|2
|inactive|Capuccio9 has 30 seconds left.
|inactive|Kiros998 has 30 seconds left.
|inactive|Capuccio9 has 20 seconds left.
|inactive|Capuccio9 has 15 seconds left.
|inactive|Capuccio9 has 10 seconds left.
|inactive|Capuccio9 has 5 seconds left.
|
|t:|1785114483
|switch|p2a: Incineroar|Incineroar, L50, F|100/100
|-ability|p2a: Incineroar|Intimidate|boost
|-unboost|p1a: Charizard|atk|1
|-unboost|p1b: Garchomp|atk|1
|detailschange|p1a: Charizard|Charizard-Mega-Y, L50, M
|-mega|p1a: Charizard|Charizard|Charizardite Y
|-weather|SunnyDay|[from] ability: Drought|[of] p1a: Charizard
|move|p2b: Garchomp|Protect|p2b: Garchomp
|-singleturn|p2b: Garchomp|Protect
|move|p1b: Garchomp|Stomping Tantrum|p2a: Incineroar
|-supereffective|p2a: Incineroar|1
|-damage|p2a: Incineroar|48/100
|-enditem|p2a: Incineroar|Sitrus Berry|[eat]
|-heal|p2a: Incineroar|73/100|[from] item: Sitrus Berry
|-damage|p1b: Garchomp|20/100y|[from] item: Life Orb
|move|p1a: Charizard|Heat Wave|p2a: Incineroar|[spread] p2a
|-activate|p2b: Garchomp|move: Protect
|-resisted|p2a: Incineroar|1
|-damage|p2a: Incineroar|45/100
|
|-weather|SunnyDay|[upkeep]
|upkeep
|turn|3
|inactive|Capuccio9 has 30 seconds left.
|inactive|Kiros998 has 30 seconds left.
|inactive|Capuccio9 has 20 seconds left.
|
|t:|1785114522
|move|p1b: Garchomp|Protect|p1b: Garchomp
|-singleturn|p1b: Garchomp|Protect
|move|p1a: Charizard|Protect|p1a: Charizard
|-singleturn|p1a: Charizard|Protect
|move|p2a: Incineroar|Fake Out|p1a: Charizard
|-activate|p1a: Charizard|move: Protect
|move|p2b: Garchomp|Rock Slide|p1b: Garchomp|[spread] 
|-activate|p1a: Charizard|move: Protect
|-activate|p1b: Garchomp|move: Protect
|
|-weather|SunnyDay|[upkeep]
|upkeep
|turn|4
|
|t:|1785114546
|switch|p1a: Sylveon|Sylveon, L50, F, shiny|100/100
|move|p2b: Garchomp|Rock Slide|p1a: Sylveon|[spread] p1a,p1b
|-resisted|p1b: Garchomp|1
|-damage|p1a: Sylveon|69/100
|-damage|p1b: Garchomp|9/100
|-damage|p2b: Garchomp|80/100|[from] item: Life Orb
|move|p1b: Garchomp|Dragon Claw|p2b: Garchomp
|-supereffective|p2b: Garchomp|1
|-damage|p2b: Garchomp|18/100
|-damage|p1b: Garchomp|0 fnt|[from] item: Life Orb
|faint|p1b: Garchomp
|move|p2a: Incineroar|Darkest Lariat|p1a: Sylveon
|-resisted|p1a: Sylveon|1
|-damage|p1a: Sylveon|49/100
|
|-weather|SunnyDay|[upkeep]
|upkeep
|
|t:|1785114566
|switch|p1b: Aerodactyl|Aerodactyl, L50, M|100/100
|-ability|p1b: Aerodactyl|Unnerve
|turn|5
|
|t:|1785114584
|move|p2b: Garchomp|Protect|p2b: Garchomp
|-singleturn|p2b: Garchomp|Protect
|move|p1b: Aerodactyl|Wide Guard|p1b: Aerodactyl
|-singleturn|p1b: Aerodactyl|Wide Guard
|move|p1a: Sylveon|Hyper Voice|p2b: Garchomp|[spread] p2a
|-activate|p2b: Garchomp|move: Protect
|-crit|p2a: Incineroar
|-damage|p2a: Incineroar|0 fnt
|faint|p2a: Incineroar
|
|-weather|SunnyDay|[upkeep]
|upkeep
|
|t:|1785114604
|switch|p2a: Sneasler|Sneasler, L50, F|87/100
|turn|6
|inactive|Capuccio9 has 30 seconds left.
|
|t:|1785114637
|move|p1b: Aerodactyl|Rock Slide|p2b: Garchomp|[spread] p2a,p2b
|-resisted|p2a: Sneasler|1
|-resisted|p2b: Garchomp|1
|-damage|p2a: Sneasler|64/100
|-damage|p2b: Garchomp|8/100
|move|p2a: Sneasler|Dire Claw|p1b: Aerodactyl
|-resisted|p1b: Aerodactyl|1
|-damage|p1b: Aerodactyl|65/100
|cant|p2b: Garchomp|flinch
|move|p1a: Sylveon|Hyper Voice|p2b: Garchomp|[spread] p2a,p2b
|-crit|p2a: Sneasler
|-supereffective|p2b: Garchomp|1
|-damage|p2a: Sneasler|0 fnt
|-damage|p2b: Garchomp|0 fnt
|faint|p2a: Sneasler
|faint|p2b: Garchomp
|
|-weather|none
|upkeep
|
|t:|1785114654
|switch|p2b: Froslass|Froslass, L50, F|100/100
|turn|7
|inactive|Capuccio9 has 30 seconds left.
|inactive|Capuccio9 has 20 seconds left.
|inactive|Kiros998 has 30 seconds left.
|inactive|Capuccio9 has 15 seconds left.
|inactive|Capuccio9 has 10 seconds left.
|
|t:|1785114703
|detailschange|p2b: Froslass|Froslass-Mega, L50, F
|-mega|p2b: Froslass|Froslass|Froslassite
|-weather|Snowscape|[from] ability: Snow Warning|[of] p2b: Froslass
|move|p1b: Aerodactyl|Tailwind|p1b: Aerodactyl
|-sidestart|p1: Capuccio9|move: Tailwind
|move|p1a: Sylveon|Hyper Voice|p2b: Froslass
|-damage|p2b: Froslass|29/100
|move|p2b: Froslass|Blizzard|p1b: Aerodactyl|[spread] p1a,p1b
|-supereffective|p1b: Aerodactyl|1
|-damage|p1a: Sylveon|10/100
|-damage|p1b: Aerodactyl|0 fnt
|faint|p1b: Aerodactyl
|
|-weather|Snowscape|[upkeep]
|upkeep
|
|t:|1785114715
|switch|p1b: Charizard|Charizard-Mega-Y, L50, M|100/100
|-weather|SunnyDay|[from] ability: Drought|[of] p1b: Charizard
|turn|8
|
|t:|1785114722
|move|p2b: Froslass|Protect|p2b: Froslass
|-singleturn|p2b: Froslass|Protect
|move|p1a: Sylveon|Quick Attack|p2b: Froslass
|-activate|p2b: Froslass|move: Protect
|move|p1b: Charizard|Weather Ball|p2b: Froslass
|-activate|p2b: Froslass|move: Protect
|
|-weather|SunnyDay|[upkeep]
|upkeep
|turn|9
|
|t:|1785114734
|move|p2b: Froslass|Protect||[still]
|-fail|p2b: Froslass
|move|p1a: Sylveon|Quick Attack|p2b: Froslass
|-damage|p2b: Froslass|14/100
|move|p1b: Charizard|Weather Ball|p2b: Froslass
|-supereffective|p2b: Froslass|1
|-damage|p2b: Froslass|0 fnt
|faint|p2b: Froslass
|
|win|Capuccio9
|c|☆Capuccio9|gg
|c|☆Capuccio9|miamor
|l|☆Kiros998
|player|p2|
