|j|☆Josmel_121
|j|☆1830349023ah
|html|Josmel_1211830349023ah    
|uhtml|bestof|Game 2 of a best-of-3
|t:|1782335449
|gametype|doubles
|player|p1|Josmel_121|steven|1071
|player|p2|1830349023ah|101|1000
|gen|9
|tier|[Gen 9 Champions] VGC 2026 Reg M-B (Bo3)
|rated|
|rule|Species Clause: Limit one of each Pokémon
|rule|Item Clause: Limit 1 of each item
|clearpoke
|poke|p1|Raichu, L50, F, shiny|
|poke|p1|Grimmsnarl, L50, M|
|poke|p1|Aegislash, L50, F, shiny|
|poke|p1|Dragonite, L50, F|
|poke|p1|Quaquaval, L50, F|
|poke|p1|Garchomp, L50, F|
|poke|p2|Blastoise, L50, M|
|poke|p2|Torterra, L50, F|
|poke|p2|Toxicroak, L50, F|
|poke|p2|Farigiraf, L50, M|
|poke|p2|Politoed, L50, M|
|poke|p2|Sableye, L50, F|
|teampreview|4
|showteam|p1|Raichu||RaichuniteY|Static|FocusBlast,ZapCannon,VoltSwitch,Surf|Timid||F|||50|]Grimmsnarl||Leftovers|Prankster|LightScreen,Reflect,PartingShot,SpiritBreak|Adamant||M|||50|]Aegislash||SitrusBerry|StanceChange|FlashCannon,ShadowBall,AirSlash,KingsShield|Modest||F|||50|]Dragonite||ShellBell|Multiscale|DragonDance,Fly,DragonClaw,ExtremeSpeed|Jolly||F|||50|]Quaquaval||LifeOrb|Moxie|AquaJet,AquaStep,CloseCombat,IceSpinner|Jolly||F|||50|]Garchomp||ChoiceScarf|RoughSkin|Earthquake,Crunch,Outrage,StoneEdge|Adamant||F|||50|
|showteam|p2|Blastoise||Blastoisinite|RainDish|FakeOut,DarkPulse,IceBeam,WaterSpout|Modest||M|||50|]Torterra||WhiteHerb|Overgrow|HeadlongRush,ShellSmash,WoodHammer,Protect|Jolly||F|||50|]Toxicroak||FocusSash|DrySkin|Protect,CloseCombat,PoisonJab,ThroatChop|Jolly||F|||50|]Farigiraf||SitrusBerry|ArmorTail|TrickRoom,TwinBeam,Thunderbolt,ShadowBall|Modest||M|||50|]Politoed||ChoiceScarf|Drizzle|EarthPower,Surf,WeatherBall,IcyWind|Modest||M|||50|]Sableye||RoseliBerry|KeenEye|FakeOut,Disable,RainDance,Encore|Careful||F|||50|
|inactive|Battle timer is ON: inactive players will automatically lose when time's up. (requested by Josmel_121)
|inactive|Josmel_121 has 60 seconds left.
|
|t:|1782335482
|teamsize|p1|4
|teamsize|p2|4
|start
|switch|p1a: Grimmsnarl|Grimmsnarl, L50, M|100/100
|switch|p1b: Raichu|Raichu, L50, F, shiny|100/100
|switch|p2a: Politoed|Politoed, L50, M|100/100
|switch|p2b: Toxicroak|Toxicroak, L50, F|100/100
|-weather|RainDance|[from] ability: Drizzle|[of] p2a: Politoed
|turn|1
|
|t:|1782335499
|switch|p2a: Torterra|Torterra, L50, F|100/100
|detailschange|p1b: Raichu|Raichu-Mega-Y, L50, F, shiny
|-mega|p1b: Raichu|Raichu|Raichunite Y
|move|p1a: Grimmsnarl|Reflect|p1a: Grimmsnarl
|-sidestart|p1: Josmel_121|Reflect
|move|p1b: Raichu|Zap Cannon|p2a: Torterra
|-immune|p2a: Torterra
|move|p2b: Toxicroak|Throat Chop|p1a: Grimmsnarl
|-resisted|p1a: Grimmsnarl|2
|-damage|p1a: Grimmsnarl|95/100
|-start|p1a: Grimmsnarl|Throat Chop|[silent]
|
|-weather|RainDance|[upkeep]
|-heal|p1a: Grimmsnarl|100/100|[from] item: Leftovers
|upkeep
|turn|2
|inactive|Josmel_121 has 30 seconds left.
|inactive|1830349023ah has 30 seconds left.
|inactive|1830349023ah has 20 seconds left.
|
|t:|1782335535
|switch|p1b: Dragonite|Dragonite, L50, F|100/100
|move|p2b: Toxicroak|Close Combat|p1b: Dragonite
|-resisted|p1b: Dragonite|1
|-damage|p1b: Dragonite|89/100
|-unboost|p2b: Toxicroak|def|1
|-unboost|p2b: Toxicroak|spd|1
|move|p2a: Torterra|Shell Smash|p2a: Torterra
|-unboost|p2a: Torterra|def|1
|-unboost|p2a: Torterra|spd|1
|-boost|p2a: Torterra|atk|2
|-boost|p2a: Torterra|spa|2
|-boost|p2a: Torterra|spe|2
|-enditem|p2a: Torterra|White Herb
|-clearnegativeboost|p2a: Torterra|[silent]
|move|p1a: Grimmsnarl|Spirit Break|p2b: Toxicroak
|-damage|p2b: Toxicroak|4/100
|-unboost|p2b: Toxicroak|spa|1
|
|-weather|RainDance|[upkeep]
|-heal|p2b: Toxicroak|16/100|[from] ability: Dry Skin
|-end|p1a: Grimmsnarl|Throat Chop|[silent]
|upkeep
|turn|3
|
|t:|1782335560
|move|p2a: Torterra|Wood Hammer|p1b: Dragonite
|-resisted|p1b: Dragonite|2
|-damage|p1b: Dragonite|74/100
|-damage|p2a: Torterra|95/100|[from] Recoil
|move|p2b: Toxicroak|Poison Jab|p1a: Grimmsnarl
|-supereffective|p1a: Grimmsnarl|1
|-damage|p1a: Grimmsnarl|40/100
|move|p1b: Dragonite|Dragon Dance|p1b: Dragonite
|-boost|p1b: Dragonite|atk|1
|-boost|p1b: Dragonite|spe|1
|move|p1a: Grimmsnarl|Spirit Break|p2b: Toxicroak
|-damage|p2b: Toxicroak|0 fnt
|faint|p2b: Toxicroak
|
|-weather|RainDance|[upkeep]
|-heal|p1a: Grimmsnarl|46/100|[from] item: Leftovers
|upkeep
|
|t:|1782335575
|switch|p2b: Politoed|Politoed, L50, M|100/100
|turn|4
|inactive|1830349023ah has 30 seconds left.
|
|t:|1782335601
|move|p1a: Grimmsnarl|Light Screen|p1a: Grimmsnarl
|-sidestart|p1: Josmel_121|move: Light Screen
|move|p2a: Torterra|Wood Hammer|p1a: Grimmsnarl
|-damage|p1a: Grimmsnarl|0 fnt
|faint|p1a: Grimmsnarl
|-damage|p2a: Torterra|79/100|[from] Recoil
|move|p1b: Dragonite|Fly||[still]
|-prepare|p1b: Dragonite|Fly
|move|p2b: Politoed|Icy Wind|p1b: Dragonite|[miss]
|-miss|p2b: Politoed|p1b: Dragonite
|
|-weather|RainDance|[upkeep]
|upkeep
|
|t:|1782335619
|switch|p1a: Quaquaval|Quaquaval, L50, F|100/100
|turn|5
|
|t:|1782335627
|move|p2a: Torterra|Protect|p2a: Torterra
|-singleturn|p2a: Torterra|Protect
|move|p1a: Quaquaval|Aqua Jet|p2a: Torterra
|-activate|p2a: Torterra|move: Protect
|move|p1b: Dragonite|Fly|p2a: Torterra|[from] lockedmove
|-activate|p2a: Torterra|move: Protect
|move|p2b: Politoed|Icy Wind|p1b: Dragonite|[spread] p1a,p1b
|-resisted|p1a: Quaquaval|1
|-supereffective|p1b: Dragonite|2
|-crit|p1b: Dragonite
|-damage|p1a: Quaquaval|94/100
|-damage|p1b: Dragonite|0 fnt
|-unboost|p1a: Quaquaval|spe|1
|faint|p1b: Dragonite
|
|-weather|none
|-sideend|p1: Josmel_121|Reflect
|upkeep
|
|t:|1782335629
|switch|p1b: Raichu|Raichu-Mega-Y, L50, F, shiny|100/100
|turn|6
|
|t:|1782335653
|move|p2a: Torterra|Wood Hammer|p1a: Quaquaval
|-supereffective|p1a: Quaquaval|1
|-damage|p1a: Quaquaval|0 fnt
|faint|p1a: Quaquaval
|-damage|p2a: Torterra|53/100|[from] Recoil
|move|p1b: Raichu|Zap Cannon|p2b: Politoed
|-supereffective|p2b: Politoed|1
|-damage|p2b: Politoed|0 fnt
|faint|p2b: Politoed
|
|upkeep
|
|t:|1782335662
|switch|p2b: Blastoise|Blastoise, L50, M|100/100
|turn|7
|-message|Josmel_121 forfeited.
|
|win|1830349023ah
|raw|Josmel_121's rating: 1071 → 1046(-25 for losing)
|raw|1830349023ah's rating: 1000 → 1048(+48 for winning)
|l|☆Josmel_121
|player|p1|
