|j|☆zubrowka
|j|☆caevz027
|html|zubrowkacaevz027    
|uhtml|bestof|Game 1 of a best-of-3
|t:|1785963666
|gametype|doubles
|player|p1|zubrowka|clair|1143
|player|p2|caevz027|1|1160
|gen|9
|tier|[Gen 9 Champions] VGC 2026 Reg M-B (Bo3)
|rated|
|rule|Species Clause: Limit one of each Pokémon
|rule|Item Clause: Limit 1 of each item
|clearpoke
|poke|p1|Floette-Eternal, L50, F|
|poke|p1|Sinistcha, L50|
|poke|p1|Basculegion, L50, M|
|poke|p1|Glimmora, L50, F|
|poke|p1|Staraptor, L50, M|
|poke|p1|Grimmsnarl, L50, M|
|poke|p2|Maushold-Four, L50|
|poke|p2|Annihilape, L50, F|
|poke|p2|Samurott-Hisui, L50, F|
|poke|p2|Glimmora, L50, M|
|poke|p2|Froslass, L50, F|
|poke|p2|Talonflame, L50, M|
|teampreview|4
|showteam|p1|Floette-Eternal||Floettite|FlowerVeil|DazzlingGleam,DrainingKiss,CalmMind,Protect|Modest||F|||50|]Sinistcha||ColburBerry|Hospitality|MatchaGotcha,LifeDew,RagePowder,Protect|Calm|||||50|]Basculegion||ChoiceScarf|Adaptability|WaveCrash,FlipTurn,AquaJet,LastRespects|Jolly||M|||50|]Glimmora||FocusSash|ToxicDebris|SludgeBomb,PowerGem,EarthPower,SpikyShield|Modest||F|||50|]Staraptor||Staraptite|Intimidate|DualWingbeat,CloseCombat,Tailwind,Protect|Jolly||M|||50|]Grimmsnarl||LightClay|Prankster|Reflect,FoulPlay,PartingShot,LightScreen|Careful||M|||50|
|showteam|p2|Maushold-Four||ChopleBerry|FriendGuard|FollowMe,Protect,BeatUp,SuperFang|Jolly|||||50|]Annihilape||Leftovers|Defiant|DrainPunch,RageFist,BulkUp,Protect|Adamant||F|||50|]Samurott-Hisui||LifeOrb|Sharpness|RazorShell,SuckerPunch,SacredSword,Protect|Jolly||F|||50|]Glimmora||FocusSash|ToxicDebris|EarthPower,PowerGem,SludgeBomb,SpikyShield|Timid||M|||50|]Froslass||Froslassite|SnowCloak|Blizzard,ShadowBall,AuroraVeil,Protect|Timid||F|||50|]Talonflame|||GaleWings|Acrobatics,Tailwind,Protect,WillOWisp|Jolly||M|||50|
|inactive|Battle timer is ON: inactive players will automatically lose when time's up. (requested by zubrowka)
|
|t:|1785963697
|teamsize|p1|4
|teamsize|p2|4
|start
|switch|p1a: Glimmora|Glimmora, L50, F|100/100
|switch|p1b: Floette|Floette-Eternal, L50, F|100/100
|switch|p2a: Glimmora|Glimmora, L50, M|100/100
|switch|p2b: Talonflame|Talonflame, L50, M|100/100
|turn|1
|
|t:|1785963718
|switch|p1b: Basculegion|Basculegion, L50, M|100/100
|move|p2b: Talonflame|Tailwind|p2b: Talonflame
|-sidestart|p2: caevz027|move: Tailwind
|move|p2a: Glimmora|Earth Power|p1a: Glimmora
|-supereffective|p1a: Glimmora|2
|-enditem|p1a: Glimmora|Focus Sash
|-damage|p1a: Glimmora|1/100
|move|p1a: Glimmora|Power Gem|p2b: Talonflame
|-supereffective|p2b: Talonflame|2
|-damage|p2b: Talonflame|0 fnt
|faint|p2b: Talonflame
|
|upkeep
|
|t:|1785963730
|switch|p2b: Samurott|Samurott-Hisui, L50, F|100/100
|turn|2
|
|t:|1785963744
|switch|p1b: Floette|Floette-Eternal, L50, F|100/100
|move|p1a: Glimmora|Spiky Shield|p1a: Glimmora
|-singleturn|p1a: Glimmora|move: Protect
|move|p2b: Samurott|Sucker Punch||[still]
|-fail|p2b: Samurott
|move|p2a: Glimmora|Sludge Bomb|p1a: Glimmora
|-activate|p1a: Glimmora|move: Protect
|
|upkeep
|turn|3
|inactive|zubrowka has 30 seconds left.
|
|t:|1785963772
|detailschange|p1b: Floette|Floette-Mega, L50, F
|-mega|p1b: Floette|Floette|Floettite
|-ability|p1b: Floette|Fairy Aura
|move|p2a: Glimmora|Sludge Bomb|p1b: Floette
|-supereffective|p1b: Floette|1
|-damage|p1b: Floette|31/100
|move|p2b: Samurott|Razor Shell|p1a: Glimmora
|-supereffective|p1a: Glimmora|1
|-damage|p1a: Glimmora|0 fnt
|-activate|p1a: Glimmora|ability: Toxic Debris
|-sidestart|p2: caevz027|move: Toxic Spikes
|faint|p1a: Glimmora
|-damage|p2b: Samurott|90/100|[from] item: Life Orb
|move|p1b: Floette|Draining Kiss|p2b: Samurott
|-supereffective|p2b: Samurott|1
|-damage|p2b: Samurott|0 fnt
|-heal|p1b: Floette|98/100|[from] drain|[of] p2b: Samurott
|faint|p2b: Samurott
|
|upkeep
|
|t:|1785963794
|switch|p2b: Froslass|Froslass, L50, F|100/100
|switch|p1a: Sinistcha|Sinistcha, L50|100/100
|-status|p2b: Froslass|psn
|-heal|p1b: Floette|100/100|[from] ability: Hospitality|[of] p1a: Sinistcha
|turn|4
|
|t:|1785963806
|detailschange|p2b: Froslass|Froslass-Mega, L50, F
|-mega|p2b: Froslass|Froslass|Froslassite
|-weather|Snowscape|[from] ability: Snow Warning|[of] p2b: Froslass
|move|p1b: Floette|Protect|p1b: Floette
|-singleturn|p1b: Floette|Protect
|move|p1a: Sinistcha|Protect|p1a: Sinistcha
|-singleturn|p1a: Sinistcha|Protect
|move|p2b: Froslass|Blizzard|p1a: Sinistcha|[spread] 
|-activate|p1a: Sinistcha|move: Protect
|-activate|p1b: Floette|move: Protect
|move|p2a: Glimmora|Sludge Bomb|p1b: Floette
|-activate|p1b: Floette|move: Protect
|
|-weather|Snowscape|[upkeep]
|-damage|p2b: Froslass|87/100 psn|[from] psn
|-sideend|p2: caevz027|move: Tailwind
|upkeep
|turn|5
|inactive|zubrowka has 30 seconds left.
|
|t:|1785963833
|move|p1a: Sinistcha|Rage Powder|p1a: Sinistcha
|-singleturn|p1a: Sinistcha|move: Rage Powder
|move|p2b: Froslass|Blizzard|p1a: Sinistcha|[spread] p1a,p1b
|-supereffective|p1a: Sinistcha|1
|-damage|p1a: Sinistcha|14/100
|-damage|p1b: Floette|65/100
|move|p2a: Glimmora|Sludge Bomb|p1a: Sinistcha
|-damage|p1a: Sinistcha|0 fnt
|faint|p1a: Sinistcha
|move|p1b: Floette|Draining Kiss|p2b: Froslass
|-damage|p2b: Froslass|40/100 psn
|-heal|p1b: Floette|96/100|[from] drain|[of] p2b: Froslass
|
|-weather|Snowscape|[upkeep]
|-damage|p2b: Froslass|28/100 psn|[from] psn
|upkeep
|
|t:|1785963845
|switch|p1a: Basculegion|Basculegion, L50, M|100/100
|turn|6
|
|t:|1785963853
|move|p2b: Froslass|Protect|p2b: Froslass
|-singleturn|p2b: Froslass|Protect
|move|p1a: Basculegion|Last Respects|p2b: Froslass
|-activate|p2b: Froslass|move: Protect
|move|p2a: Glimmora|Sludge Bomb|p1b: Floette
|-supereffective|p1b: Floette|1
|-damage|p1b: Floette|21/100
|move|p1b: Floette|Draining Kiss|p2a: Glimmora
|-resisted|p2a: Glimmora|1
|-damage|p2a: Glimmora|73/100
|-heal|p1b: Floette|40/100|[from] drain|[of] p2a: Glimmora
|
|-weather|Snowscape|[upkeep]
|-damage|p2b: Froslass|16/100 psn|[from] psn
|upkeep
|turn|7
|
|t:|1785963869
|move|p1b: Floette|Protect|p1b: Floette
|-singleturn|p1b: Floette|Protect
|move|p1a: Basculegion|Last Respects|p2b: Froslass
|-supereffective|p2b: Froslass|1
|-damage|p2b: Froslass|0 fnt
|faint|p2b: Froslass
|move|p2a: Glimmora|Sludge Bomb|p1a: Basculegion
|-resisted|p1a: Basculegion|1
|-damage|p1a: Basculegion|71/100
|
|-weather|Snowscape|[upkeep]
|upkeep
|turn|8
|-message|caevz027 forfeited.
|
|win|zubrowka
|l|☆caevz027
|player|p2|
||zubrowka is ready for game 2.
||caevz027 is ready for game 2.
|uhtml|next|Next: Game 2 of 3
