|j|☆bravengamer
|j|☆Jokeofalltrades7
|html|bravengamerJokeofalltrades7    
|uhtml|bestof|Game 3 of a best-of-3
|t:|1757650148
|gametype|doubles
|player|p1|bravengamer|clown|
|player|p2|Jokeofalltrades7|beauty-gen4dp|
|gen|9
|tier|[Gen 9] VGC 2025 Reg H (Bo3)
|rule|Species Clause: Limit one of each Pokémon
|rule|Item Clause: Limit 1 of each item
|clearpoke
|poke|p1|Whimsicott, L50, F|
|poke|p1|Gholdengo, L50|
|poke|p1|Ursaluna-Bloodmoon, L50, M|
|poke|p1|Pelipper, L50, M|
|poke|p1|Archaludon, L50, M|
|poke|p1|Basculegion, L50, M|
|poke|p2|Goodra-Hisui, L50, F|
|poke|p2|Rillaboom, L50, F|
|poke|p2|Pelipper, L50, F|
|poke|p2|Basculegion, L50, M|
|poke|p2|Amoonguss, L50, F|
|poke|p2|Ursaluna-Bloodmoon, L50, M|
|teampreview|4
|showteam|p1|Whimsicott||CovertCloak|Prankster|Moonblast,Taunt,FakeTears,Tailwind|||F|||50|,,,,,Steel]Gholdengo||LifeOrb|GoodasGold|MakeItRain,ShadowBall,TeraBlast,Protect||||||50|,,,,,Fighting]Ursaluna-Bloodmoon||AssaultVest|MindsEye|HyperVoice,BloodMoon,EarthPower,VacuumWave|||M|||50|,,,,,Fighting]Pelipper||RockyHelmet|Drizzle|WeatherBall,Hurricane,MuddyWater,WideGuard|||M|||50|,,,,,Steel]Archaludon||PowerHerb|Sturdy|ElectroShot,DracoMeteor,FlashCannon,Protect|||M|||50|,,,,,Electric]Basculegion||FocusSash|SwiftSwim|Liquidation,LastRespects,AquaJet,Protect|||M|||50|,,,,,Ghost
|showteam|p2|Goodra-Hisui||AssaultVest|SapSipper|IronHead,RockSlide,StompingTantrum,DragonClaw|||F|||50|,,,,,Ground]Rillaboom||CovertCloak|GrassySurge|Taunt,GrassyGlide,KnockOff,FakeOut|||F|||50|,,,,,Grass]Pelipper||RockyHelmet|Drizzle|Tailwind,WideGuard,WeatherBall,Hurricane|||F|||50|,,,,,Steel]Basculegion||FocusSash|SwiftSwim|WaveCrash,LastRespects,Liquidation,Protect|||M|||50|,,,,,Water]Amoonguss||SitrusBerry|Regenerator|RagePowder,Spore,EnergyBall,PollenPuff|||F|||50|,,,,,Ghost]Ursaluna-Bloodmoon||LifeOrb|MindsEye|EarthPower,HyperVoice,Protect,BloodMoon|||M|||50|,,,,,Normal
|
|t:|1757650176
|teamsize|p1|4
|teamsize|p2|4
|start
|switch|p1a: Pelipper|Pelipper, L50, M|100/100
|switch|p1b: Archaludon|Archaludon, L50, M|100/100
|switch|p2a: Jackie|Goodra-Hisui, L50, F, shiny|100/100
|switch|p2b: Donkey Kong|Rillaboom, L50, F|100/100
|-fieldstart|move: Grassy Terrain|[from] ability: Grassy Surge|[of] p2b: Donkey Kong
|-weather|RainDance|[from] ability: Drizzle|[of] p1a: Pelipper
|turn|1
|inactive|Battle timer is ON: inactive players will automatically lose when time's up. (requested by bravengamer)
|
|t:|1757650214
|-terastallize|p1a: Pelipper|Steel
|move|p2b: Donkey Kong|Fake Out|p1a: Pelipper
|-resisted|p1a: Pelipper
|-damage|p1a: Pelipper|94/100
|-damage|p2b: Donkey Kong|84/100|[from] item: Rocky Helmet|[of] p1a: Pelipper
|move|p1b: Archaludon|Electro Shot||[still]
|-prepare|p1b: Archaludon|Electro Shot
|-boost|p1b: Archaludon|spa|1
|-anim|p1b: Archaludon|Electro Shot|p2b: Donkey Kong
|-resisted|p2b: Donkey Kong
|-damage|p2b: Donkey Kong|43/100
|cant|p1a: Pelipper|flinch
|move|p2a: Jackie|Stomping Tantrum|p1b: Archaludon
|-supereffective|p1b: Archaludon
|-damage|p1b: Archaludon|64/100
|
|-weather|RainDance|[upkeep]
|-heal|p1b: Archaludon|70/100|[from] Grassy Terrain
|-heal|p2b: Donkey Kong|49/100|[from] Grassy Terrain
|-heal|p1a: Pelipper|99/100|[from] Grassy Terrain
|upkeep
|turn|2
|inactive|bravengamer has 30 seconds left.
|inactive|Jokeofalltrades7 has 30 seconds left.
|inactive|bravengamer has 20 seconds left.
|inactive|Jokeofalltrades7 has 20 seconds left.
|inactive|bravengamer has 15 seconds left.
|inactive|Jokeofalltrades7 has 15 seconds left.
|inactive|Jokeofalltrades7 has 10 seconds left.
|
|t:|1757650260
|switch|p2b: :P|Basculegion, L50, M|100/100
|-terastallize|p2a: Jackie|Ground
|move|p1b: Archaludon|Electro Shot||[still]
|-prepare|p1b: Archaludon|Electro Shot
|-boost|p1b: Archaludon|spa|1
|-anim|p1b: Archaludon|Electro Shot|p2b: :P
|-supereffective|p2b: :P
|-crit|p2b: :P
|-enditem|p2b: :P|Focus Sash
|-damage|p2b: :P|1/100
|move|p1a: Pelipper|Hurricane|p2b: :P
|-damage|p2b: :P|0 fnt
|faint|p2b: :P
|move|p2a: Jackie|Stomping Tantrum|p1a: Pelipper
|-supereffective|p1a: Pelipper
|-damage|p1a: Pelipper|22/100
|-damage|p2a: Jackie|84/100|[from] item: Rocky Helmet|[of] p1a: Pelipper
|
|-weather|RainDance|[upkeep]
|-heal|p1b: Archaludon|76/100|[from] Grassy Terrain
|-heal|p1a: Pelipper|28/100|[from] Grassy Terrain
|-heal|p2a: Jackie|90/100|[from] Grassy Terrain
|upkeep
|
|t:|1757650282
|switch|p2b: ReferenceHumor|Amoonguss, L50, F|100/100
|turn|3
|inactive|bravengamer has 30 seconds left.
|
|t:|1757650314
|move|p1b: Archaludon|Protect|p1b: Archaludon
|-singleturn|p1b: Archaludon|Protect
|move|p1a: Pelipper|Hurricane|p2b: ReferenceHumor
|-supereffective|p2b: ReferenceHumor
|-damage|p2b: ReferenceHumor|21/100
|-enditem|p2b: ReferenceHumor|Sitrus Berry|[eat]
|-heal|p2b: ReferenceHumor|46/100|[from] item: Sitrus Berry
|move|p2a: Jackie|Stomping Tantrum|p1a: Pelipper
|-supereffective|p1a: Pelipper
|-damage|p1a: Pelipper|0 fnt
|-damage|p2a: Jackie|73/100|[from] item: Rocky Helmet|[of] p1a: Pelipper
|faint|p1a: Pelipper
|move|p2b: ReferenceHumor|Spore|p1b: Archaludon
|-activate|p1b: Archaludon|move: Protect
|
|-weather|RainDance|[upkeep]
|-heal|p1b: Archaludon|82/100|[from] Grassy Terrain
|-heal|p2a: Jackie|79/100|[from] Grassy Terrain
|-heal|p2b: ReferenceHumor|52/100|[from] Grassy Terrain
|upkeep
|
|t:|1757650324
|switch|p1a: Gholdengo|Gholdengo, L50|100/100
|turn|4
|
|t:|1757650345
|move|p1b: Archaludon|Draco Meteor|p2a: Jackie|[miss]
|-miss|p1b: Archaludon|p2a: Jackie
|move|p1a: Gholdengo|Make It Rain|p2a: Jackie|[spread] p2a,p2b
|-damage|p2a: Jackie|48/100
|-damage|p2b: ReferenceHumor|0 fnt
|-unboost|p1a: Gholdengo|spa|1
|faint|p2b: ReferenceHumor
|-damage|p1a: Gholdengo|91/100|[from] item: Life Orb
|move|p2a: Jackie|Stomping Tantrum|p1a: Gholdengo
|-supereffective|p1a: Gholdengo
|-damage|p1a: Gholdengo|17/100
|
|-weather|RainDance|[upkeep]
|-heal|p1b: Archaludon|88/100|[from] Grassy Terrain
|-heal|p1a: Gholdengo|23/100|[from] Grassy Terrain
|-heal|p2a: Jackie|54/100|[from] Grassy Terrain
|upkeep
|c|☆bravengamer|If i could hit a FUCKING draco
|
|t:|1757650360
|switch|p2b: Donkey Kong|Rillaboom, L50, F|49/100
|turn|5
|
|t:|1757650374
|move|p1b: Archaludon|Protect|p1b: Archaludon
|-singleturn|p1b: Archaludon|Protect
|move|p1a: Gholdengo|Protect|p1a: Gholdengo
|-singleturn|p1a: Gholdengo|Protect
|move|p2b: Donkey Kong|Grassy Glide|p1a: Gholdengo
|-activate|p1a: Gholdengo|move: Protect
|move|p2a: Jackie|Stomping Tantrum|p1b: Archaludon
|-activate|p1b: Archaludon|move: Protect
|
|-weather|none
|-heal|p1b: Archaludon|94/100|[from] Grassy Terrain
|-heal|p2b: Donkey Kong|56/100|[from] Grassy Terrain
|-heal|p1a: Gholdengo|29/100|[from] Grassy Terrain
|-heal|p2a: Jackie|60/100|[from] Grassy Terrain
|-fieldend|move: Grassy Terrain
|upkeep
|turn|6
|inactive|bravengamer has 30 seconds left.
|inactive|bravengamer has 20 seconds left.
|c|☆Jokeofalltrades7|I think I need EQ on Goodra
|inactive|bravengamer has 15 seconds left.
|
|t:|1757650416
|move|p1b: Archaludon|Flash Cannon|p2b: Donkey Kong
|-damage|p2b: Donkey Kong|0 fnt
|faint|p2b: Donkey Kong
|move|p1a: Gholdengo|Shadow Ball|p2a: Jackie
|-damage|p2a: Jackie|39/100
|-damage|p1a: Gholdengo|20/100|[from] item: Life Orb
|move|p2a: Jackie|Stomping Tantrum|p1b: Archaludon
|-supereffective|p1b: Archaludon
|-damage|p1b: Archaludon|35/100
|
|upkeep
|turn|7
|
|t:|1757650431
|move|p1b: Archaludon|Draco Meteor|p2a: Jackie
|-damage|p2a: Jackie|0 fnt
|-unboost|p1b: Archaludon|spa|2
|faint|p2a: Jackie
|
|win|bravengamer
|c|☆bravengamer|maybe?
|c|☆bravengamer|But it'd weaken bc it will also hit ur team
|c|☆Jokeofalltrades7|Stomping tantrum needs Helping Hand
|c|☆bravengamer|unless u protect
|c|☆bravengamer|or that
|c|☆Jokeofalltrades7|gg's at least
|c|☆bravengamer|ggs
|l|☆Jokeofalltrades7
|player|p2|
