|j|☆Sora Hoshino
|j|☆Nasch1312
|html|Sora HoshinoNasch1312    
|uhtml|bestof|Game 3 of a best-of-3
|t:|1783211130
|gametype|doubles
|player|p1|Sora Hoshino|flannery|1093
|player|p2|Nasch1312|hilbert|1250
|gen|9
|tier|[Gen 9 Champions] VGC 2026 Reg M-B (Bo3)
|rated|
|rule|Species Clause: Limit one of each Pokémon
|rule|Item Clause: Limit 1 of each item
|clearpoke
|poke|p1|Gengar, L50, F|
|poke|p1|Eelektross, L50, M|
|poke|p1|Incineroar, L50, F|
|poke|p1|Farigiraf, L50, M|
|poke|p1|Whimsicott, L50, M|
|poke|p1|Swampert, L50, F|
|poke|p2|Dragonite, L50, M|
|poke|p2|Pelipper, L50, F|
|poke|p2|Basculegion, L50, M|
|poke|p2|Archaludon, L50, F|
|poke|p2|Sinistcha, L50|
|poke|p2|Gholdengo, L50, shiny|
|teampreview|4
|showteam|p1|Gengar||Gengarite|CursedBody|SludgeBomb,PerishSong,Protect,ShadowBall|Modest||F|||50|]Eelektross||Eelektrossite|Levitate|GigaDrain,Protect,Thunderbolt,DragonPulse|Modest||M|||50|]Incineroar||SitrusBerry|Intimidate|FakeOut,PartingShot,Protect,ThroatChop|Adamant||F|||50|]Farigiraf||MentalHerb|ArmorTail|Earthquake,TrickRoom,Protect,Psychic|Modest||M|||50|]Whimsicott||FocusSash|Prankster|Taunt,Protect,Moonblast,Tailwind|Bold||M|||50|]Swampert||Leftovers|Torrent|Liquidation,Protect,StompingTantrum,BulkUp|Adamant||F|||50|
|showteam|p2|Dragonite||Dragoninite|InnerFocus|DragonPulse,Thunderbolt,Hurricane,Protect|Modest||M|||50|]Pelipper||SitrusBerry|Drizzle|Hurricane,WeatherBall,Tailwind,WideGuard|Modest||F|||50|]Basculegion||LifeOrb|SwiftSwim|WaveCrash,LastRespects,AquaJet,Protect|Adamant||M|||50|]Archaludon||Leftovers|Stamina|ElectroShot,DragonPulse,FlashCannon,Protect|Modest||F|||50|]Sinistcha||KasibBerry|Hospitality|RagePowder,MatchaGotcha,TrickRoom,LifeDew|Bold|||||50|]Gholdengo||ChoiceScarf|GoodasGold|MakeItRain,ShadowBall,PowerGem,Trick|Modest|||||50|
|
|t:|1783211161
|teamsize|p1|4
|teamsize|p2|4
|start
|switch|p1a: Swampert|Swampert, L50, F|100/100
|switch|p1b: Farigiraf|Farigiraf, L50, M|100/100
|switch|p2a: Archaly|Archaludon, L50, F|100/100
|switch|p2b: Pely|Pelipper, L50, F|100/100
|-weather|RainDance|[from] ability: Drizzle|[of] p2b: Pely
|turn|1
|
|t:|1783211176
|move|p2a: Archaly|Electro Shot||[still]
|-prepare|p2a: Archaly|Electro Shot
|-boost|p2a: Archaly|spa|1
|-anim|p2a: Archaly|Electro Shot|p1b: Farigiraf
|-damage|p1b: Farigiraf|43/100
|move|p2b: Pely|Hurricane|p1b: Farigiraf
|-damage|p1b: Farigiraf|5/100
|move|p1a: Swampert|Bulk Up|p1a: Swampert
|-boost|p1a: Swampert|atk|1
|-boost|p1a: Swampert|def|1
|move|p1b: Farigiraf|Trick Room|p1b: Farigiraf
|-fieldstart|move: Trick Room|[of] p1b: Farigiraf
|
|-weather|RainDance|[upkeep]
|upkeep
|turn|2
|
|t:|1783211198
|switch|p2b: Sinisty|Sinistcha, L50|100/100
|move|p1b: Farigiraf|Protect|p1b: Farigiraf
|-singleturn|p1b: Farigiraf|Protect
|move|p2a: Archaly|Protect|p2a: Archaly
|-singleturn|p2a: Archaly|Protect
|move|p1a: Swampert|Stomping Tantrum|p2a: Archaly
|-activate|p2a: Archaly|move: Protect
|
|-weather|RainDance|[upkeep]
|upkeep
|turn|3
|
|t:|1783211221
|switch|p1b: Incineroar|Incineroar, L50, F|100/100
|-ability|p1b: Incineroar|Intimidate|boost
|-unboost|p2a: Archaly|atk|1
|-unboost|p2b: Sinisty|atk|1
|switch|p2a: Pely|Pelipper, L50, F|100/100
|move|p1a: Swampert|Protect|p1a: Swampert
|-singleturn|p1a: Swampert|Protect
|move|p2b: Sinisty|Matcha Gotcha|p1b: Incineroar|[spread] p1b
|-activate|p1a: Swampert|move: Protect
|-resisted|p1b: Incineroar|1
|-damage|p1b: Incineroar|90/100
|
|-weather|RainDance|[upkeep]
|upkeep
|turn|4
|
|t:|1783211264
|switch|p2b: Archaly|Archaludon, L50, F|100/100
|move|p1a: Swampert|Stomping Tantrum|p2b: Archaly
|-supereffective|p2b: Archaly|1
|-damage|p2b: Archaly|20/100y
|-ability|p2b: Archaly|Stamina|boost
|-boost|p2b: Archaly|def|1
|move|p1b: Incineroar|Throat Chop|p2b: Archaly
|-damage|p2b: Archaly|4/100
|-start|p2b: Archaly|Throat Chop|[silent]
|-ability|p2b: Archaly|Stamina|boost
|-boost|p2b: Archaly|def|1
|move|p2a: Pely|Weather Ball|p1b: Incineroar
|-supereffective|p1b: Incineroar|1
|-damage|p1b: Incineroar|1/100
|-enditem|p1b: Incineroar|Sitrus Berry|[eat]
|-heal|p1b: Incineroar|26/100|[from] item: Sitrus Berry
|
|-weather|RainDance|[upkeep]
|-heal|p2b: Archaly|10/100|[from] item: Leftovers
|upkeep
|turn|5
|
|t:|1783211291
|switch|p2a: Sinisty|Sinistcha, L50|100/100
|-heal|p2b: Archaly|35/100|[from] ability: Hospitality|[of] p2a: Sinisty
|move|p2b: Archaly|Protect|p2b: Archaly
|-singleturn|p2b: Archaly|Protect
|move|p1b: Incineroar|Parting Shot|p2b: Archaly
|-activate|p2b: Archaly|move: Protect
|move|p1a: Swampert|Bulk Up|p1a: Swampert
|-boost|p1a: Swampert|atk|1
|-boost|p1a: Swampert|def|1
|
|-weather|none
|-heal|p2b: Archaly|42/100|[from] item: Leftovers
|-end|p2b: Archaly|Throat Chop|[silent]
|-fieldend|move: Trick Room
|upkeep
|turn|6
|
|t:|1783211314
|move|p1a: Swampert|Protect|p1a: Swampert
|-singleturn|p1a: Swampert|Protect
|move|p2b: Archaly|Dragon Pulse|p1b: Incineroar
|-damage|p1b: Incineroar|0 fnt
|faint|p1b: Incineroar
|move|p2a: Sinisty|Matcha Gotcha|p1a: Swampert
|-activate|p1a: Swampert|move: Protect
|
|-heal|p2b: Archaly|48/100|[from] item: Leftovers
|upkeep
|
|t:|1783211327
|switch|p1b: Eelektross|Eelektross, L50, M|100/100
|turn|7
|
|t:|1783211336
|detailschange|p1b: Eelektross|Eelektross-Mega, L50, M
|-mega|p1b: Eelektross|Eelektross|Eelektrossite
|move|p2b: Archaly|Protect|p2b: Archaly
|-singleturn|p2b: Archaly|Protect
|move|p1b: Eelektross|Dragon Pulse|p2b: Archaly
|-activate|p2b: Archaly|move: Protect
|move|p2a: Sinisty|Matcha Gotcha|p1b: Eelektross|[spread] p1a,p1b
|-supereffective|p1a: Swampert|2
|-damage|p1a: Swampert|7/100
|-damage|p1b: Eelektross|77/100
|move|p1a: Swampert|Stomping Tantrum|p2b: Archaly
|-activate|p2b: Archaly|move: Protect
|
|-heal|p2b: Archaly|54/100|[from] item: Leftovers
|-heal|p1a: Swampert|13/100|[from] item: Leftovers
|upkeep
|turn|8
|
|t:|1783211363
|move|p2b: Archaly|Dragon Pulse|p1b: Eelektross
|-damage|p1b: Eelektross|35/100
|move|p1b: Eelektross|Thunderbolt|p2a: Sinisty
|-resisted|p2a: Sinisty|1
|-damage|p2a: Sinisty|73/100
|move|p2a: Sinisty|Matcha Gotcha|p1b: Eelektross|[spread] p1a,p1b
|-supereffective|p1a: Swampert|2
|-damage|p1a: Swampert|0 fnt
|-heal|p2a: Sinisty|81/100|[from] drain|[of] p1a: Swampert
|-damage|p1b: Eelektross|10/100
|-heal|p2a: Sinisty|94/100|[from] drain|[of] p1b: Eelektross
|faint|p1a: Swampert
|
|-heal|p2b: Archaly|60/100|[from] item: Leftovers
|upkeep
|
|t:|1783211379
|switch|p1a: Farigiraf|Farigiraf, L50, M|5/100
|turn|9
|
|t:|1783211386
|move|p2b: Archaly|Dragon Pulse|p1b: Eelektross
|-damage|p1b: Eelektross|0 fnt
|faint|p1b: Eelektross
|move|p2a: Sinisty|Matcha Gotcha|p1a: Farigiraf|[miss]
|-miss|p2a: Sinisty|p1a: Farigiraf
|move|p1a: Farigiraf|Earthquake|p2a: Sinisty|[spread] p2a,p2b
|-resisted|p2a: Sinisty|1
|-supereffective|p2b: Archaly|1
|-damage|p2a: Sinisty|89/100
|-damage|p2b: Archaly|50/100g
|-ability|p2b: Archaly|Stamina|boost
|-boost|p2b: Archaly|def|1
|
|-heal|p2b: Archaly|56/100|[from] item: Leftovers
|upkeep
|turn|10
|-message|Sora Hoshino forfeited.
|
|win|Nasch1312
|raw|Sora Hoshino's rating: 1093 → 1079(-14 for losing)
|raw|Nasch1312's rating: 1250 → 1264(+14 for winning)
|l|☆Sora Hoshino
|player|p1|
|c|☆Nasch1312|gg
