|j|☆sille rovert
|j|☆That_Leek
|html|sille rovertThat_Leek    
|uhtml|bestof|Game 2 of a best-of-3
|t:|1757207385
|gametype|doubles
|player|p1|sille rovert|trevor|1244
|player|p2|That_Leek|blue-masters|1296
|gen|9
|tier|[Gen 9] VGC 2025 Reg H (Bo3)
|rated|
|rule|Species Clause: Limit one of each Pokémon
|rule|Item Clause: Limit 1 of each item
|clearpoke
|poke|p1|Samurott-Hisui, L50, F|
|poke|p1|Dragonite, L50, F|
|poke|p1|Ursaluna-Bloodmoon, L50, M|
|poke|p1|Sneasler, L50, F|
|poke|p1|Indeedee, L50, M|
|poke|p1|Gholdengo, L50|
|poke|p2|Incineroar, L50, F|
|poke|p2|Gholdengo, L50|
|poke|p2|Dragonite, L50, F|
|poke|p2|Amoonguss, L50, M|
|poke|p2|Ursaluna-Bloodmoon, L50, M|
|poke|p2|Gallade, L50, M|
|teampreview|4
|showteam|p1|Samurott-Hisui||AssaultVest|Sharpness|CeaselessEdge,IcyWind,AquaCutter,SacredSword|||F|||50|,,,,,Poison]Dragonite||LoadedDice|Multiscale|Protect,ScaleShot,Tailwind,Haze|||F|||50|,,,,,Steel]Ursaluna-Bloodmoon||LifeOrb|MindsEye|Protect,HyperVoice,EarthPower,BloodMoon|||M|||50|,,,,,Normal]Sneasler||PsychicSeed|Unburden|Protect,CloseCombat,DireClaw,ThroatChop|||F|||50|,,,,,Stellar]Indeedee||FocusSash|PsychicSurge|ExpandingForce,Imprison,TeraBlast,TrickRoom|||M|||50|,,,,,Fighting]Gholdengo||ChoiceSpecs|GoodasGold|MakeItRain,ShadowBall,PowerGem,Trick||||||50|,,,,,Steel
|showteam|p2|Incineroar||SafetyGoggles|Intimidate|FakeOut,FlareBlitz,KnockOff,PartingShot|||F|||50|,,,,,Water]Gholdengo||LifeOrb|GoodasGold|MakeItRain,ShadowBall,NastyPlot,Protect||||||50|,,,,,Dragon]Dragonite||LoadedDice|Multiscale|Tailwind,StompingTantrum,ScaleShot,Protect|||F|||50|,,,,,Fairy]Amoonguss||SitrusBerry|Regenerator|PollenPuff,Spore,RagePowder,Protect|||M|||50|,,,,,Fairy]Ursaluna-Bloodmoon||AssaultVest|MindsEye|VacuumWave,BloodMoon,HyperVoice,EarthPower|||M|||50|,,,,,Ghost]Gallade||FocusSash|Sharpness|TrickRoom,SacredSword,WideGuard,PsychoCut|||M|||50|,,,,,Fairy
|inactive|Battle timer is ON: inactive players will automatically lose when time's up. (requested by sille rovert)
|
|t:|1757207409
|teamsize|p1|4
|teamsize|p2|4
|start
|switch|p1a: Sneasler|Sneasler, L50, F|100/100
|switch|p1b: Indeedee|Indeedee, L50, M|100/100
|switch|p2a: Dragonite|Dragonite, L50, F|100/100
|switch|p2b: Incineroar|Incineroar, L50, F|100/100
|-fieldstart|move: Psychic Terrain|[from] ability: Psychic Surge|[of] p1b: Indeedee
|-enditem|p1a: Sneasler|Psychic Seed
|-boost|p1a: Sneasler|spd|1|[from] item: Psychic Seed
|-ability|p2b: Incineroar|Intimidate|boost
|-unboost|p1a: Sneasler|atk|1
|-unboost|p1b: Indeedee|atk|1
|turn|1
|
|t:|1757207424
|switch|p2b: Amoonguss|Amoonguss, L50, M|100/100
|-terastallize|p1a: Sneasler|Stellar
|move|p1a: Sneasler|Close Combat|p2b: Amoonguss
|-resisted|p2b: Amoonguss
|-damage|p2b: Amoonguss|80/100
|-unboost|p1a: Sneasler|def|1
|-unboost|p1a: Sneasler|spd|1
|move|p1b: Indeedee|Expanding Force|p2a: Dragonite|[spread] p2a,p2b
|-supereffective|p2b: Amoonguss
|-damage|p2a: Dragonite|74/100
|-damage|p2b: Amoonguss|0 fnt
|faint|p2b: Amoonguss
|move|p2a: Dragonite|Scale Shot|p1b: Indeedee
|-damage|p1b: Indeedee|71/100
|-damage|p1b: Indeedee|42/100
|-damage|p1b: Indeedee|9/100
|-damage|p1b: Indeedee|0 fnt
|faint|p1b: Indeedee
|-hitcount|p1: Indeedee|4
|-unboost|p2a: Dragonite|def|1
|-boost|p2a: Dragonite|spe|1
|
|upkeep
|
|t:|1757207433
|switch|p1b: Dragonite|Dragonite, L50, F|100/100
|switch|p2b: Gholdengo|Gholdengo, L50|100/100
|turn|2
|
|t:|1757207449
|move|p1b: Dragonite|Protect|p1b: Dragonite
|-singleturn|p1b: Dragonite|Protect
|move|p2b: Gholdengo|Protect|p2b: Gholdengo
|-singleturn|p2b: Gholdengo|Protect
|move|p1a: Sneasler|Dire Claw|p2a: Dragonite
|-damage|p2a: Dragonite|9/100
|move|p2a: Dragonite|Tailwind|p2a: Dragonite
|-sidestart|p2: That_Leek|move: Tailwind
|
|upkeep
|turn|3
|inactive|sille rovert has 30 seconds left.
|
|t:|1757207480
|switch|p1b: Samurott|Samurott-Hisui, L50, F|100/100
|move|p2a: Dragonite|Scale Shot|p1a: Sneasler
|-damage|p1a: Sneasler|61/100
|-damage|p1a: Sneasler|21/100
|-damage|p1a: Sneasler|0 fnt
|faint|p1a: Sneasler
|-hitcount|p1: Sneasler|3
|-unboost|p2a: Dragonite|def|1
|-boost|p2a: Dragonite|spe|1
|move|p2b: Gholdengo|Nasty Plot|p2b: Gholdengo
|-boost|p2b: Gholdengo|spa|2
|
|upkeep
|
|t:|1757207482
|switch|p1a: Dragonite|Dragonite, L50, F|100/100
|turn|4
|
|t:|1757207502
|move|p1a: Dragonite|Protect|p1a: Dragonite
|-singleturn|p1a: Dragonite|Protect
|move|p2a: Dragonite|Scale Shot|p1b: Samurott|[miss]
|-miss|p2a: Dragonite|p1b: Samurott
|move|p2b: Gholdengo|Make It Rain|p1b: Samurott|[spread] p1b
|-activate|p1a: Dragonite|move: Protect
|-resisted|p1b: Samurott
|-damage|p1b: Samurott|44/100
|-unboost|p2b: Gholdengo|spa|1
|-damage|p2b: Gholdengo|91/100|[from] item: Life Orb
|move|p1b: Samurott|Icy Wind|p2a: Dragonite|[spread] p2a,p2b
|-supereffective|p2a: Dragonite
|-resisted|p2b: Gholdengo
|-damage|p2a: Dragonite|0 fnt
|-damage|p2b: Gholdengo|87/100
|-unboost|p2b: Gholdengo|spe|1
|faint|p2a: Dragonite
|
|upkeep
|
|t:|1757207504
|switch|p2a: Incineroar|Incineroar, L50, F|100/100
|-ability|p2a: Incineroar|Intimidate|boost
|-unboost|p1a: Dragonite|atk|1
|-unboost|p1b: Samurott|atk|1
|turn|5
|inactive|sille rovert has 30 seconds left.
|inactive|That_Leek has 30 seconds left.
|
|t:|1757207533
|-terastallize|p2b: Gholdengo|Dragon
|move|p2a: Incineroar|Fake Out|p1a: Dragonite
|-hint|Psychic Terrain doesn't affect Pokémon immune to Ground.
|-damage|p1a: Dragonite|94/100
|move|p2b: Gholdengo|Make It Rain|p1b: Samurott|[spread] p1a,p1b
|-resisted|p1b: Samurott
|-damage|p1a: Dragonite|0 fnt
|-damage|p1b: Samurott|2/100
|-unboost|p2b: Gholdengo|spa|1
|faint|p1a: Dragonite
|-damage|p2b: Gholdengo|77/100|[from] item: Life Orb
|move|p1b: Samurott|Ceaseless Edge|p2b: Gholdengo
|-damage|p2b: Gholdengo|49/100
|-sidestart|p2: That_Leek|Spikes
|
|-sideend|p2: That_Leek|move: Tailwind
|-fieldend|move: Psychic Terrain
|upkeep
|turn|6
|
|t:|1757207544
|move|p1b: Samurott|Aqua Cutter|p2a: Incineroar
|-supereffective|p2a: Incineroar
|-damage|p2a: Incineroar|39/100
|move|p2a: Incineroar|Knock Off|p1b: Samurott
|-resisted|p1b: Samurott
|-damage|p1b: Samurott|0 fnt
|-enditem|p1b: Samurott|Assault Vest|[from] move: Knock Off|[of] p2a: Incineroar
|faint|p1b: Samurott
|
|win|That_Leek
||That_Leek is ready for game 3.
||sille rovert is ready for game 3.
|uhtml|next|Next: Game 3 of 3
