|j|☆lordtentacle69
|j|☆dmb3r
|html|lordtentacle69dmb3r    
|uhtml|bestof|Game 2 of a best-of-3
|t:|1784881098
|gametype|doubles
|player|p1|lordtentacle69|corbeau|1338
|player|p2|dmb3r|170|1256
|gen|9
|tier|[Gen 9 Champions] VGC 2026 Reg M-B (Bo3)
|rated|
|rule|Species Clause: Limit one of each Pokémon
|rule|Item Clause: Limit 1 of each item
|clearpoke
|poke|p1|Delphox, L50, M|
|poke|p1|Incineroar, L50, M|
|poke|p1|Maushold-Four, L50|
|poke|p1|Sinistcha, L50|
|poke|p1|Sneasler, L50, F|
|poke|p1|Blastoise, L50, M|
|poke|p2|Tyranitar, L50, M|
|poke|p2|Excadrill, L50, M|
|poke|p2|Milotic, L50, F|
|poke|p2|Sinistcha, L50|
|poke|p2|Eelektross, L50, M|
|poke|p2|Corviknight, L50, M|
|teampreview|4
|showteam|p1|Delphox||Delphoxite|Blaze|HeatWave,Psychic,NastyPlot,Protect|Timid||M|||50|]Incineroar||SitrusBerry|Intimidate|FakeOut,PartingShot,FlareBlitz,ThroatChop|Impish||M|||50|]Maushold-Four||ChopleBerry|FriendGuard|Feint,HelpingHand,Protect,FollowMe|Impish|||||50|]Sinistcha||ColburBerry|Hospitality|Protect,MatchaGotcha,TrickRoom,RagePowder|Bold|||||50|]Sneasler||FocusSash|PoisonTouch|CloseCombat,PoisonJab,QuickGuard,FakeOut|Adamant||F|||50|]Blastoise||Blastoisinite|RainDish|Protect,WaterSpout,DarkPulse,ShellSmash|Timid||M|||50|
|showteam|p2|Tyranitar||Tyranitarite|SandStream|RockSlide,KnockOff,LowKick,Protect|Jolly||M|||50|]Excadrill||FocusSash|SandRush|IronHead,Earthquake,RockSlide,Protect|Adamant||M|||50|]Milotic||SitrusBerry|Competitive|Scald,IcyWind,Haze,Protect|Calm||F|||50|]Sinistcha||ColburBerry|Hospitality|MatchaGotcha,ShadowBall,Protect,RagePowder|Serious|||||50|]Eelektross||Eelektrossite|Levitate|Thunderbolt,GigaDrain,Flamethrower,Protect|Serious||M|||50|]Corviknight||Leftovers|MirrorArmor|Tailwind,IronDefense,BodyPress,DualWingbeat|Impish||M|||50|
|
|t:|1784881111
|teamsize|p1|4
|teamsize|p2|4
|start
|switch|p1a: Mbappe|Blastoise, L50, M|100/100
|switch|p1b: Sarahn's OC|Sneasler, L50, F|100/100
|switch|p2a: Tyranitar|Tyranitar, L50, M|100/100
|switch|p2b: Excadrill|Excadrill, L50, M|100/100
|-weather|Sandstorm|[from] ability: Sand Stream|[of] p2a: Tyranitar
|turn|1
|inactive|Battle timer is ON: inactive players will automatically lose when time's up. (requested by dmb3r)
|
|t:|1784881132
|switch|p1b: Gochujang|Incineroar, L50, M|100/100
|-ability|p1b: Gochujang|Intimidate|boost
|-unboost|p2a: Tyranitar|atk|1
|-unboost|p2b: Excadrill|atk|1
|switch|p2a: Sinistcha|Sinistcha, L50|100/100
|detailschange|p1a: Mbappe|Blastoise-Mega, L50, M
|-mega|p1a: Mbappe|Blastoise|Blastoisinite
|move|p2b: Excadrill|Earthquake|p1a: Mbappe|[spread] p2a,p1a,p1b
|-resisted|p2a: Sinistcha|1
|-supereffective|p1b: Gochujang|1
|-damage|p2a: Sinistcha|87/100
|-damage|p1a: Mbappe|71/100
|-damage|p1b: Gochujang|52/100
|move|p1a: Mbappe|Shell Smash|p1a: Mbappe
|-unboost|p1a: Mbappe|def|1
|-unboost|p1a: Mbappe|spd|1
|-boost|p1a: Mbappe|atk|2
|-boost|p1a: Mbappe|spa|2
|-boost|p1a: Mbappe|spe|2
|
|-weather|Sandstorm|[upkeep]
|-damage|p1a: Mbappe|65/100|[from] Sandstorm
|-damage|p2a: Sinistcha|81/100|[from] Sandstorm
|-damage|p1b: Gochujang|46/100|[from] Sandstorm
|-enditem|p1b: Gochujang|Sitrus Berry|[eat]
|-heal|p1b: Gochujang|71/100|[from] item: Sitrus Berry
|upkeep
|turn|2
|
|t:|1784881154
|move|p2b: Excadrill|Protect|p2b: Excadrill
|-singleturn|p2b: Excadrill|Protect
|move|p2a: Sinistcha|Protect|p2a: Sinistcha
|-singleturn|p2a: Sinistcha|Protect
|move|p1b: Gochujang|Fake Out|p2b: Excadrill
|-activate|p2b: Excadrill|move: Protect
|move|p1a: Mbappe|Dark Pulse|p2a: Sinistcha
|-activate|p2a: Sinistcha|move: Protect
|
|-weather|Sandstorm|[upkeep]
|-damage|p1a: Mbappe|59/100|[from] Sandstorm
|-damage|p2a: Sinistcha|76/100|[from] Sandstorm
|-damage|p1b: Gochujang|65/100|[from] Sandstorm
|upkeep
|turn|3
|
|t:|1784881168
|switch|p1b: Green Day|Sinistcha, L50|100/100
|-heal|p1a: Mbappe|84/100|[from] ability: Hospitality|[of] p1b: Green Day
|move|p1a: Mbappe|Dark Pulse|p2a: Sinistcha
|-supereffective|p2a: Sinistcha|1
|-enditem|p2a: Sinistcha|Colbur Berry|[eat]
|-enditem|p2a: Sinistcha|Colbur Berry|[weaken]
|-damage|p2a: Sinistcha|0 fnt
|faint|p2a: Sinistcha
|move|p2b: Excadrill|Earthquake|p1b: Green Day|[spread] p1a,p1b
|-resisted|p1b: Green Day|1
|-damage|p1a: Mbappe|42/100
|-damage|p1b: Green Day|89/100
|
|-weather|Sandstorm|[upkeep]
|-damage|p1a: Mbappe|36/100|[from] Sandstorm
|-damage|p1b: Green Day|83/100|[from] Sandstorm
|upkeep
|
|t:|1784881179
|switch|p2a: Milotic|Milotic, L50, F|100/100
|turn|4
|
|t:|1784881193
|switch|p2b: Tyranitar|Tyranitar, L50, M|100/100
|move|p1a: Mbappe|Protect|p1a: Mbappe
|-singleturn|p1a: Mbappe|Protect
|move|p2a: Milotic|Icy Wind|p1a: Mbappe|[spread] p1b
|-activate|p1a: Mbappe|move: Protect
|-supereffective|p1b: Green Day|1
|-damage|p1b: Green Day|62/100
|-unboost|p1b: Green Day|spe|1
|move|p1b: Green Day|Matcha Gotcha|p2a: Milotic|[spread] p2a,p2b
|-supereffective|p2a: Milotic|1
|-supereffective|p2b: Tyranitar|1
|-damage|p2a: Milotic|68/100
|-heal|p1b: Green Day|79/100|[from] drain|[of] p2a: Milotic
|-damage|p2b: Tyranitar|67/100
|-heal|p1b: Green Day|97/100|[from] drain|[of] p2b: Tyranitar
|-status|p2a: Milotic|brn
|-status|p2b: Tyranitar|brn
|
|-weather|Sandstorm|[upkeep]
|-damage|p1a: Mbappe|30/100|[from] Sandstorm
|-damage|p2a: Milotic|62/100 brn|[from] Sandstorm
|-damage|p1b: Green Day|90/100|[from] Sandstorm
|-damage|p2b: Tyranitar|61/100 brn|[from] brn
|-damage|p2a: Milotic|56/100 brn|[from] brn
|upkeep
|turn|5
|
|t:|1784881214
|move|p2b: Tyranitar|Protect|p2b: Tyranitar
|-singleturn|p2b: Tyranitar|Protect
|move|p1a: Mbappe|Dark Pulse|p2a: Milotic
|-damage|p2a: Milotic|0 fnt
|faint|p2a: Milotic
|move|p1b: Green Day|Matcha Gotcha|p2b: Tyranitar
|-activate|p2b: Tyranitar|move: Protect
|
|-weather|none
|-damage|p2b: Tyranitar|55/100 brn|[from] brn
|upkeep
|
|t:|1784881219
|switch|p2a: Excadrill|Excadrill, L50, M|100/100
|turn|6
|
|t:|1784881229
|switch|p1b: Gochujang|Incineroar, L50, M|65/100
|-ability|p1b: Gochujang|Intimidate|boost
|-unboost|p2a: Excadrill|atk|1
|-unboost|p2b: Tyranitar|atk|1
|detailschange|p2b: Tyranitar|Tyranitar-Mega, L50, M
|-mega|p2b: Tyranitar|Tyranitar|Tyranitarite
|-weather|Sandstorm|[from] ability: Sand Stream|[of] p2b: Tyranitar
|move|p1a: Mbappe|Protect|p1a: Mbappe
|-singleturn|p1a: Mbappe|Protect
|move|p2a: Excadrill|Iron Head|p1b: Gochujang
|-resisted|p1b: Gochujang|1
|-crit|p1b: Gochujang
|-damage|p1b: Gochujang|38/100
|move|p2b: Tyranitar|Knock Off|p1b: Gochujang
|-resisted|p1b: Gochujang|1
|-crit|p1b: Gochujang
|-damage|p1b: Gochujang|28/100
|
|-weather|Sandstorm|[upkeep]
|-damage|p1a: Mbappe|25/100|[from] Sandstorm
|-damage|p1b: Gochujang|22/100|[from] Sandstorm
|-damage|p2b: Tyranitar|48/100 brn|[from] brn
|upkeep
|turn|7
|
|t:|1784881247
|switch|p1b: Green Day|Sinistcha, L50|90/100
|-heal|p1a: Mbappe|50/100y|[from] ability: Hospitality|[of] p1b: Green Day
|move|p2b: Tyranitar|Protect|p2b: Tyranitar
|-singleturn|p2b: Tyranitar|Protect
|move|p1a: Mbappe|Water Spout|p2a: Excadrill|[spread] p2a
|-activate|p2b: Tyranitar|move: Protect
|-supereffective|p2a: Excadrill|1
|-enditem|p2a: Excadrill|Focus Sash
|-damage|p2a: Excadrill|1/100
|move|p2a: Excadrill|Earthquake|p1a: Mbappe|[spread] p1a,p1b
|-activate|p2b: Tyranitar|move: Protect
|-resisted|p1b: Green Day|1
|-damage|p1a: Mbappe|9/100
|-damage|p1b: Green Day|79/100
|
|-weather|Sandstorm|[upkeep]
|-damage|p1a: Mbappe|3/100|[from] Sandstorm
|-damage|p1b: Green Day|73/100|[from] Sandstorm
|-damage|p2b: Tyranitar|42/100 brn|[from] brn
|upkeep
|turn|8
|
|t:|1784881269
|move|p1a: Mbappe|Dark Pulse|p2b: Tyranitar
|-resisted|p2b: Tyranitar|1
|-damage|p2b: Tyranitar|18/100 brn
|move|p2a: Excadrill|Rock Slide|p1a: Mbappe|[spread] p1a,p1b
|-damage|p1a: Mbappe|0 fnt
|-damage|p1b: Green Day|62/100
|faint|p1a: Mbappe
|move|p2b: Tyranitar|Rock Slide|p1b: Green Day
|-damage|p1b: Green Day|51/100
|move|p1b: Green Day|Matcha Gotcha|p2a: Excadrill|[spread] p2a,p2b
|-supereffective|p2b: Tyranitar|1
|-crit|p2b: Tyranitar
|-damage|p2a: Excadrill|0 fnt
|-heal|p1b: Green Day|51/100|[from] drain|[of] p2a: Excadrill
|-damage|p2b: Tyranitar|0 fnt
|-heal|p1b: Green Day|62/100|[from] drain|[of] p2b: Tyranitar
|faint|p2a: Excadrill
|faint|p2b: Tyranitar
|
|win|lordtentacle69
||dmb3r is ready for game 3.
|inactive|lordtentacle69 has 30 seconds to confirm battle start!
||lordtentacle69 is ready for game 3.
|uhtml|next|Next: Game 3 of 3
|l|☆dmb3r
|player|p2|
|l|☆lordtentacle69
|player|p1|
|j|☆lordtentacle69
|player|p1|lordtentacle69|corbeau|
