|j|☆lettitripppp
|j|☆keston.fr
|html|lettitrippppkeston.fr    
|uhtml|bestof|Game 2 of a best-of-3
|t:|1784227262
|gametype|doubles
|player|p1|lettitripppp|lucas|1281
|player|p2|keston.fr|cilan|1154
|gen|9
|tier|[Gen 9 Champions] VGC 2026 Reg M-B (Bo3)
|rated|
|rule|Species Clause: Limit one of each Pokémon
|rule|Item Clause: Limit 1 of each item
|clearpoke
|poke|p1|Charizard, L50, M, shiny|
|poke|p1|Basculegion, L50, M, shiny|
|poke|p1|Pelipper, L50, F|
|poke|p1|Venusaur, L50, M|
|poke|p1|Archaludon, L50, M|
|poke|p1|Grimmsnarl, L50, M, shiny|
|poke|p2|Primarina, L50, F, shiny|
|poke|p2|Scovillain, L50, M|
|poke|p2|Garchomp, L50, F|
|poke|p2|Incineroar, L50, M|
|poke|p2|Aegislash, L50, M|
|poke|p2|Aerodactyl, L50, F, shiny|
|teampreview|4
|showteam|p1|Charizard||CharizarditeY|Blaze|WeatherBall,SolarBeam,HeatWave,Protect|Modest||M|||50|]Basculegion||ChoiceScarf|Adaptability|LastRespects,WaveCrash,FlipTurn,AquaJet|Jolly||M|||50|]Pelipper||SitrusBerry|Drizzle|WeatherBall,WideGuard,Hurricane,Tailwind|Modest||F|||50|]Venusaur||FocusSash|Chlorophyll|SleepPowder,SludgeBomb,EarthPower,Protect|Modest||M|||50|]Archaludon||Leftovers|Stamina|FlashCannon,DragonPulse,ElectroShot,Protect|Calm||M|||50|]Grimmsnarl||LightClay|Prankster|PartingShot,LightScreen,SpiritBreak,Reflect|Relaxed||M|||50|
|showteam|p2|Primarina||Leftovers|LiquidVoice|Moonblast,HyperVoice,CalmMind,Protect|Modest||F|||50|]Scovillain||Scovillainite|Moody|RagePowder,Protect,LeechSeed,Flamethrower|Bold||M|||50|]Garchomp||LifeOrb|RoughSkin|DragonClaw,StompingTantrum,RockSlide,Protect|Adamant||F|||50|]Incineroar||SitrusBerry|Intimidate|FakeOut,PartingShot,DarkestLariat,FlareBlitz|Careful||M|||50|]Aegislash||ExpertBelt|StanceChange|SacredSword,IronHead,Poltergeist,KingsShield|Adamant||M|||50|]Aerodactyl||FocusSash|Unnerve|RockSlide,Tailwind,WideGuard,Taunt|Jolly||F|||50|
|inactive|Battle timer is ON: inactive players will automatically lose when time's up. (requested by lettitripppp)
|inactive|keston.fr has 60 seconds left.
|
|t:|1784227311
|teamsize|p1|4
|teamsize|p2|4
|start
|switch|p1a: AGNI|Charizard, L50, M, shiny|100/100
|switch|p1b: GO JOHAN|Grimmsnarl, L50, M, shiny|100/100
|switch|p2a: Garchomp|Garchomp, L50, F|100/100
|switch|p2b: Incineroar|Incineroar, L50, M|100/100
|-ability|p2b: Incineroar|Intimidate|boost
|-unboost|p1a: AGNI|atk|1
|-unboost|p1b: GO JOHAN|atk|1
|turn|1
|inactive|keston.fr has 30 seconds left.
|
|t:|1784227337
|switch|p1a: GHOSTWAVE|Basculegion, L50, M, shiny|100/100
|switch|p2a: Primarina|Primarina, L50, F, shiny|100/100
|move|p2b: Incineroar|Fake Out|p1b: GO JOHAN
|-damage|p1b: GO JOHAN|89/100
|cant|p1b: GO JOHAN|flinch
|
|upkeep
|turn|2
|inactive|keston.fr has 30 seconds left.
|inactive|keston.fr has 20 seconds left.
|inactive|keston.fr has 15 seconds left.
|
|t:|1784227377
|move|p1b: GO JOHAN|Light Screen|p1b: GO JOHAN
|-sidestart|p1: lettitripppp|move: Light Screen
|move|p1a: GHOSTWAVE|Wave Crash|p2b: Incineroar
|-supereffective|p2b: Incineroar|1
|-damage|p2b: Incineroar|0 fnt
|faint|p2b: Incineroar
|-damage|p1a: GHOSTWAVE|65/100|[from] Recoil
|move|p2a: Primarina|Calm Mind|p2a: Primarina
|-boost|p2a: Primarina|spa|1
|-boost|p2a: Primarina|spd|1
|
|upkeep
|
|t:|1784227388
|switch|p2b: Scovillain|Scovillain, L50, M|100/100
|turn|3
|
|t:|1784227401
|move|p1b: GO JOHAN|Parting Shot|p2a: Primarina
|-unboost|p2a: Primarina|atk|1
|-unboost|p2a: Primarina|spa|1
|
|t:|1784227404
|switch|p1b: SOFT-SLEEP|Venusaur, L50, M|100/100|[from] Parting Shot
|move|p1a: GHOSTWAVE|Wave Crash|p2b: Scovillain
|-damage|p2b: Scovillain|16/100
|-damage|p1a: GHOSTWAVE|41/100|[from] Recoil
|move|p2b: Scovillain|Leech Seed|p1b: SOFT-SLEEP
|-immune|p1b: SOFT-SLEEP
|move|p2a: Primarina|Calm Mind|p2a: Primarina
|-boost|p2a: Primarina|spa|1
|-boost|p2a: Primarina|spd|1
|
|-ability|p2b: Scovillain|Moody|boost
|-boost|p2b: Scovillain|spa|2
|-unboost|p2b: Scovillain|def|1
|upkeep
|turn|4
|
|t:|1784227424
|detailschange|p2b: Scovillain|Scovillain-Mega, L50, M
|-mega|p2b: Scovillain|Scovillain|Scovillainite
|move|p2b: Scovillain|Rage Powder|p2b: Scovillain
|-singleturn|p2b: Scovillain|move: Rage Powder
|move|p1a: GHOSTWAVE|Wave Crash|p2b: Scovillain
|-damage|p2b: Scovillain|0 fnt
|-status|p1a: GHOSTWAVE|brn|[from] ability: Spicy Spray|[of] p2b: Scovillain
|faint|p2b: Scovillain
|-damage|p1a: GHOSTWAVE|36/100 brn|[from] Recoil
|move|p1b: SOFT-SLEEP|Sleep Powder|p2a: Primarina
|-status|p2a: Primarina|slp|[from] move: Sleep Powder
|cant|p2a: Primarina|slp
|
|-damage|p1a: GHOSTWAVE|30/100 brn|[from] brn
|upkeep
|
|t:|1784227435
|switch|p2b: Garchomp|Garchomp, L50, F|100/100
|turn|5
|
|t:|1784227448
|move|p1a: GHOSTWAVE|Wave Crash|p2b: Garchomp
|-damage|p2b: Garchomp|66/100
|-damage|p1a: GHOSTWAVE|17/100 brn|[from] ability: Rough Skin|[of] p2b: Garchomp
|-damage|p1a: GHOSTWAVE|6/100 brn|[from] Recoil
|move|p1b: SOFT-SLEEP|Sludge Bomb|p2a: Primarina
|-supereffective|p2a: Primarina|1
|-damage|p2a: Primarina|58/100 slp
|move|p2b: Garchomp|Dragon Claw|p1b: SOFT-SLEEP
|-crit|p1b: SOFT-SLEEP
|-enditem|p1b: SOFT-SLEEP|Focus Sash
|-damage|p1b: SOFT-SLEEP|1/100
|-damage|p2b: Garchomp|57/100|[from] item: Life Orb
|cant|p2a: Primarina|slp
|
|-heal|p2a: Primarina|64/100 slp|[from] item: Leftovers
|-damage|p1a: GHOSTWAVE|0 fnt|[from] brn
|faint|p1a: GHOSTWAVE
|upkeep
|
|t:|1784227460
|switch|p1a: AGNI|Charizard, L50, M, shiny|100/100
|turn|6
|
|t:|1784227473
|detailschange|p1a: AGNI|Charizard-Mega-Y, L50, M, shiny
|-mega|p1a: AGNI|Charizard|Charizardite Y
|-weather|SunnyDay|[from] ability: Drought|[of] p1a: AGNI
|move|p2b: Garchomp|Protect|p2b: Garchomp
|-singleturn|p2b: Garchomp|Protect
|move|p1b: SOFT-SLEEP|Sleep Powder|p2b: Garchomp
|-activate|p2b: Garchomp|move: Protect
|move|p1a: AGNI|Solar Beam||[still]
|-prepare|p1a: AGNI|Solar Beam
|-anim|p1a: AGNI|Solar Beam|p2a: Primarina
|-supereffective|p2a: Primarina|1
|-damage|p2a: Primarina|22/100 slp
|-curestatus|p2a: Primarina|slp|[msg]
|move|p2a: Primarina|Hyper Voice|p1a: AGNI|[spread] p1a,p1b
|-supereffective|p1a: AGNI|1
|-resisted|p1b: SOFT-SLEEP|1
|-crit|p1b: SOFT-SLEEP
|-damage|p1a: AGNI|67/100
|-damage|p1b: SOFT-SLEEP|0 fnt
|faint|p1b: SOFT-SLEEP
|
|-weather|SunnyDay|[upkeep]
|-heal|p2a: Primarina|28/100|[from] item: Leftovers
|upkeep
|
|t:|1784227488
|switch|p1b: GO JOHAN|Grimmsnarl, L50, M, shiny|89/100
|turn|7
|inactive|lettitripppp has 30 seconds left.
|
|t:|1784227514
|move|p1b: GO JOHAN|Reflect|p1b: GO JOHAN
|-sidestart|p1: lettitripppp|Reflect
|move|p1a: AGNI|Solar Beam||[still]
|-prepare|p1a: AGNI|Solar Beam
|-anim|p1a: AGNI|Solar Beam|p2a: Primarina
|-supereffective|p2a: Primarina|1
|-damage|p2a: Primarina|0 fnt
|faint|p2a: Primarina
|move|p2b: Garchomp|Rock Slide|p1b: GO JOHAN|[spread] p1a,p1b
|-supereffective|p1a: AGNI|2
|-damage|p1a: AGNI|0 fnt
|-damage|p1b: GO JOHAN|71/100
|faint|p1a: AGNI
|-damage|p2b: Garchomp|47/100|[from] item: Life Orb
|
|-weather|SunnyDay|[upkeep]
|upkeep
|turn|8
|
|t:|1784227537
|move|p2b: Garchomp|Stomping Tantrum|p1b: GO JOHAN
|-damage|p1b: GO JOHAN|37/100
|-damage|p2b: Garchomp|37/100|[from] item: Life Orb
|move|p1b: GO JOHAN|Spirit Break|p2b: Garchomp
|-supereffective|p2b: Garchomp|1
|-damage|p2b: Garchomp|0 fnt
|-damage|p1b: GO JOHAN|25/100|[from] ability: Rough Skin|[of] p2b: Garchomp
|faint|p2b: Garchomp
|
|win|lettitripppp
||keston.fr is ready for game 3.
