|j|☆Kyoshi44
|j|☆Farigi no Raf
|html|Kyoshi44Farigi no Raf    
|uhtml|bestof|Game 3 of a best-of-3
|t:|1756365510
|gametype|doubles
|player|p1|Kyoshi44|dawn|1035
|player|p2|Farigi no Raf|vince|1221
|gen|9
|tier|[Gen 9] VGC 2025 Reg H (Bo3)
|rated|
|rule|Species Clause: Limit one of each Pokémon
|rule|Item Clause: Limit 1 of each item
|clearpoke
|poke|p1|Armarouge, L50, M|
|poke|p1|Primarina, L50, F|
|poke|p1|Sneasler, L50, M|
|poke|p1|Rillaboom, L50, M|
|poke|p1|Clefairy, L50, F|
|poke|p1|Kingambit, L50, M|
|poke|p2|Dragonite, L50, M|
|poke|p2|Gholdengo, L50|
|poke|p2|Sneasler, L50, F|
|poke|p2|Rillaboom, L50, M|
|poke|p2|Ursaluna-Bloodmoon, L50, M|
|poke|p2|Magmar, L50, F|
|teampreview|4
|showteam|p1|Armarouge||WeaknessPolicy|WeakArmor|HeatWave,AuraSphere,Protect,ExpandingForce|||M|||50|,,,,,Fire]Primarina||AssaultVest|LiquidVoice|HyperVoice,DazzlingGleam,AquaJet,EnergyBall|||F|||50|,,,,,Grass]Sneasler||FocusSash|PoisonTouch|CloseCombat,DireClaw,Coaching,Protect|||M|||50|,,,,,Ghost]Rillaboom||MeadowPlate|GrassySurge|Protect,GrassyGlide,WoodHammer,HighHorsepower|||M|||50|,,,,,Fire]Clefairy||Eviolite|FriendGuard|FollowMe,HelpingHand,FakeTears,Protect|||F|||50|,,,,,Fairy]Kingambit||BlackGlasses|Defiant|KowtowCleave,SuckerPunch,SwordsDance,Protect|||M|||50|,,,,,Dark
|showteam|p2|Dragonite||LoadedDice|Multiscale|ScaleShot,Tailwind,ExtremeSpeed,Protect|||M|||50|,,,,,Fairy]Gholdengo||LifeOrb|GoodasGold|MakeItRain,ShadowBall,NastyPlot,Protect||||||50|,,,,,Water]Sneasler||FocusSash|PoisonTouch|CloseCombat,DireClaw,Coaching,FakeOut|||F|||50|,,,,,Ghost]Rillaboom||AssaultVest|GrassySurge|WoodHammer,FakeOut,GrassyGlide,HighHorsepower|||M|||50|,,,,,Fire]Ursaluna-Bloodmoon||SilkScarf|MindsEye|HyperVoice,EarthPower,BloodMoon,Protect|||M|||50|,,,,,Water]Magmar||Eviolite|FlameBody|FollowMe,BurningJealousy,ClearSmog,Protect|||F|||50|,,,,,Dragon
|inactive|Battle timer is ON: inactive players will automatically lose when time's up. (requested by Kyoshi44)
|
|t:|1756365540
|teamsize|p1|4
|teamsize|p2|4
|start
|switch|p1a: Rillaboom|Rillaboom, L50, M|100/100
|switch|p1b: Primarina|Primarina, L50, F|100/100
|switch|p2a: Sneasler|Sneasler, L50, F|100/100
|switch|p2b: Dragonite|Dragonite, L50, M|100/100
|-fieldstart|move: Grassy Terrain|[from] ability: Grassy Surge|[of] p1a: Rillaboom
|turn|1
|
|t:|1756365561
|-terastallize|p2a: Sneasler|Ghost
|move|p1a: Rillaboom|Grassy Glide|p2a: Sneasler
|-damage|p2a: Sneasler|20/100
|move|p2a: Sneasler|Dire Claw|p1b: Primarina
|-supereffective|p1b: Primarina
|-damage|p1b: Primarina|0 fnt
|faint|p1b: Primarina
|move|p2b: Dragonite|Scale Shot|p1a: Rillaboom
|-damage|p1a: Rillaboom|84/100
|-damage|p1a: Rillaboom|68/100
|-damage|p1a: Rillaboom|54/100
|-damage|p1a: Rillaboom|39/100
|-hitcount|p1a: Rillaboom|4
|-unboost|p2b: Dragonite|def|1
|-boost|p2b: Dragonite|spe|1
|
|-heal|p2a: Sneasler|26/100|[from] Grassy Terrain
|-heal|p1a: Rillaboom|45/100|[from] Grassy Terrain
|upkeep
|
|t:|1756365577
|switch|p1b: Kingambit|Kingambit, L50, M|100/100
|turn|2
|inactive|Farigi no Raf has 30 seconds left.
|
|t:|1756365609
|switch|p2a: Gholdengo|Gholdengo, L50|100/100
|move|p2b: Dragonite|Extreme Speed|p1a: Rillaboom
|-damage|p1a: Rillaboom|11/100
|move|p1a: Rillaboom|Grassy Glide|p2a: Gholdengo
|-resisted|p2a: Gholdengo
|-damage|p2a: Gholdengo|76/100
|move|p1b: Kingambit|Swords Dance|p1b: Kingambit
|-boost|p1b: Kingambit|atk|2
|
|-heal|p2a: Gholdengo|83/100|[from] Grassy Terrain
|-heal|p1a: Rillaboom|18/100|[from] Grassy Terrain
|upkeep
|turn|3
|
|t:|1756365632
|move|p2b: Dragonite|Extreme Speed|p1a: Rillaboom
|-damage|p1a: Rillaboom|0 fnt
|faint|p1a: Rillaboom
|move|p2a: Gholdengo|Nasty Plot|p2a: Gholdengo
|-boost|p2a: Gholdengo|spa|2
|move|p1b: Kingambit|Kowtow Cleave|p2b: Dragonite
|-damage|p2b: Dragonite|0 fnt
|faint|p2b: Dragonite
|
|-heal|p2a: Gholdengo|89/100|[from] Grassy Terrain
|upkeep
|
|t:|1756365642
|switch|p2b: Ursaluna|Ursaluna-Bloodmoon, L50, M|100/100
|switch|p1a: Armarouge|Armarouge, L50, M|100/100
|turn|4
|
|t:|1756365664
|-terastallize|p1b: Kingambit|Dark
|move|p2a: Gholdengo|Shadow Ball|p1a: Armarouge
|-supereffective|p1a: Armarouge
|-damage|p1a: Armarouge|0 fnt
|faint|p1a: Armarouge
|-damage|p2a: Gholdengo|79/100|[from] item: Life Orb
|move|p2b: Ursaluna|Earth Power|p1b: Kingambit
|-damage|p1b: Kingambit|54/100
|move|p1b: Kingambit|Kowtow Cleave|p2b: Ursaluna
|-crit|p2b: Ursaluna
|-damage|p2b: Ursaluna|0 fnt
|faint|p2b: Ursaluna
|
|-heal|p2a: Gholdengo|85/100|[from] Grassy Terrain
|-heal|p1b: Kingambit|59/100|[from] Grassy Terrain
|upkeep
|
|t:|1756365677
|switch|p2b: Sneasler|Sneasler, L50, F, tera:Ghost|26/100
|turn|5
|
|t:|1756365685
|move|p1b: Kingambit|Protect|p1b: Kingambit
|-singleturn|p1b: Kingambit|Protect
|move|p2b: Sneasler|Close Combat|p1b: Kingambit
|-activate|p1b: Kingambit|move: Protect
|move|p2a: Gholdengo|Make It Rain|p1b: Kingambit
|-activate|p1b: Kingambit|move: Protect
|
|-heal|p2b: Sneasler|32/100|[from] Grassy Terrain
|-heal|p2a: Gholdengo|92/100|[from] Grassy Terrain
|-heal|p1b: Kingambit|65/100|[from] Grassy Terrain
|-fieldend|move: Grassy Terrain
|upkeep
|turn|6
|
|t:|1756365696
|move|p1b: Kingambit|Sucker Punch|p2b: Sneasler
|-supereffective|p2b: Sneasler
|-damage|p2b: Sneasler|0 fnt
|faint|p2b: Sneasler
|move|p2a: Gholdengo|Make It Rain|p1b: Kingambit
|-damage|p1b: Kingambit|0 fnt
|-unboost|p2a: Gholdengo|spa|1
|faint|p1b: Kingambit
|-damage|p2a: Gholdengo|82/100|[from] item: Life Orb
|
|win|Farigi no Raf
|raw|Kyoshi44's rating: 1035 → 1027(-8 for losing)
|raw|Farigi no Raf's rating: 1221 → 1234(+13 for winning)
