|j|☆ethical sga
|j|☆bandicoot25
|html|ethical sgabandicoot25    
|uhtml|bestof|Game 3 of a best-of-3
|t:|1783010587
|gametype|doubles
|player|p1|ethical sga|lass-gen4dp|1135
|player|p2|bandicoot25|blaine|1230
|gen|9
|tier|[Gen 9 Champions] VGC 2026 Reg M-B (Bo3)
|rated|
|rule|Species Clause: Limit one of each Pokémon
|rule|Item Clause: Limit 1 of each item
|clearpoke
|poke|p1|Blaziken, L50, M|
|poke|p1|Kingambit, L50, M|
|poke|p1|Basculegion, L50, M|
|poke|p1|Sylveon, L50, M|
|poke|p1|Ninetales-Alola, L50, F|
|poke|p1|Venusaur, L50, M|
|poke|p2|Incineroar, L50, F|
|poke|p2|Maushold, L50|
|poke|p2|Sinistcha, L50|
|poke|p2|Sneasler, L50, F|
|poke|p2|Blastoise, L50, F|
|poke|p2|Delphox, L50, F|
|teampreview|4
|showteam|p1|Blaziken||Blazikenite|SpeedBoost|Protect,FlareBlitz,CloseCombat,RockSlide|Adamant||M|||50|]Kingambit||BlackGlasses|Defiant|Protect,KowtowCleave,LowKick,SuckerPunch|Adamant||M|||50|]Basculegion||LifeOrb|Adaptability|Protect,WaveCrash,LastRespects,AquaJet|Adamant||M|||50|]Sylveon||FairyFeather|Pixilate|Detect,HyperVoice,HyperBeam,HelpingHand|Modest||M|||50|]Ninetales-Alola||LightClay|SnowWarning|Protect,Blizzard,IcyWind,AuroraVeil|Timid||F|||50|]Venusaur||Venusaurite|Overgrow|Protect,SludgeBomb,EarthPower,LeechSeed|Bold||M|||50|
|showteam|p2|Incineroar||SitrusBerry|Intimidate|FakeOut,FlareBlitz,ThroatChop,PartingShot|Impish||F|||50|]Maushold||ChopleBerry|FriendGuard|SuperFang,Feint,FollowMe,Protect|Impish|||||50|]Sinistcha||KasibBerry|Hospitality|MatchaGotcha,LifeDew,RagePowder,Protect|Bold|||||50|]Sneasler||FocusSash|PoisonTouch|FakeOut,CloseCombat,DireClaw,QuickGuard|Jolly||F|||50|]Blastoise||Blastoisinite|RainDish|WaterSpout,DarkPulse,ShellSmash,Protect|Modest||F|||50|]Delphox||Delphoxite|Blaze|HeatWave,Psyshock,NastyPlot,Protect|Timid||F|||50|
|inactive|Battle timer is ON: inactive players will automatically lose when time's up. (requested by bandicoot25)
|
|t:|1783010617
|teamsize|p1|4
|teamsize|p2|4
|start
|switch|p1a: Basculegion|Basculegion, L50, M|100/100
|switch|p1b: Sylveon|Sylveon, L50, M|100/100
|switch|p2a: Blastoise|Blastoise, L50, F|100/100
|switch|p2b: Sneasler|Sneasler, L50, F|100/100
|turn|1
|
|t:|1783010634
|detailschange|p2a: Blastoise|Blastoise-Mega, L50, F
|-mega|p2a: Blastoise|Blastoise|Blastoisinite
|move|p1b: Sylveon|Detect|p1b: Sylveon
|-singleturn|p1b: Sylveon|Protect
|move|p2b: Sneasler|Dire Claw|p1b: Sylveon
|-activate|p1b: Sylveon|move: Protect
|move|p2a: Blastoise|Dark Pulse|p1a: Basculegion
|-supereffective|p1a: Basculegion|1
|-damage|p1a: Basculegion|1/100
|cant|p1a: Basculegion|flinch
|
|upkeep
|turn|2
|
|t:|1783010650
|move|p2b: Sneasler|Quick Guard|p2b: Sneasler
|-singleturn|p2b: Sneasler|Quick Guard
|move|p1a: Basculegion|Aqua Jet|p2b: Sneasler
|-activate|p2b: Sneasler|move: Quick Guard
|move|p2a: Blastoise|Water Spout|p1a: Basculegion|[spread] p1a,p1b
|-resisted|p1a: Basculegion|1
|-damage|p1a: Basculegion|0 fnt
|-damage|p1b: Sylveon|48/100
|faint|p1a: Basculegion
|move|p1b: Sylveon|Hyper Voice|p2b: Sneasler|[spread] p2a,p2b
|-damage|p2a: Blastoise|49/100
|-damage|p2b: Sneasler|27/100
|
|upkeep
|
|t:|1783010654
|switch|p1a: Blaziken|Blaziken, L50, M|100/100
|turn|3
|
|t:|1783010667
|switch|p2b: Sinistcha|Sinistcha, L50|100/100
|-heal|p2a: Blastoise|74/100|[from] ability: Hospitality|[of] p2b: Sinistcha
|switch|p1b: Kingambit|Kingambit, L50, M|100/100
|detailschange|p1a: Blaziken|Blaziken-Mega, L50, M
|-mega|p1a: Blaziken|Blaziken|Blazikenite
|move|p1a: Blaziken|Protect|p1a: Blaziken
|-singleturn|p1a: Blaziken|Protect
|move|p2a: Blastoise|Water Spout|p1a: Blaziken|[spread] p1b
|-activate|p1a: Blaziken|move: Protect
|-damage|p1b: Kingambit|53/100
|
|-ability|p1a: Blaziken|Speed Boost|boost
|-boost|p1a: Blaziken|spe|1
|upkeep
|turn|4
|
|t:|1783010686
|move|p2b: Sinistcha|Rage Powder|p2b: Sinistcha
|-singleturn|p2b: Sinistcha|move: Rage Powder
|move|p1a: Blaziken|Rock Slide|p2b: Sinistcha|[spread] p2a,p2b
|-damage|p2a: Blastoise|49/100
|-damage|p2b: Sinistcha|78/100
|cant|p2a: Blastoise|flinch
|move|p1b: Kingambit|Kowtow Cleave|p2b: Sinistcha
|-supereffective|p2b: Sinistcha|1
|-damage|p2b: Sinistcha|0 fnt
|faint|p2b: Sinistcha
|
|-ability|p1a: Blaziken|Speed Boost|boost
|-boost|p1a: Blaziken|spe|1
|upkeep
|
|t:|1783010696
|switch|p2b: Sneasler|Sneasler, L50, F|27/100
|turn|5
|
|t:|1783010712
|move|p1a: Blaziken|Protect|p1a: Blaziken
|-singleturn|p1a: Blaziken|Protect
|move|p1b: Kingambit|Protect|p1b: Kingambit
|-singleturn|p1b: Kingambit|Protect
|move|p2b: Sneasler|Fake Out|p1a: Blaziken
|-activate|p1a: Blaziken|move: Protect
|move|p2a: Blastoise|Water Spout|p1a: Blaziken|[spread] 
|-activate|p1a: Blaziken|move: Protect
|-activate|p1b: Kingambit|move: Protect
|
|-ability|p1a: Blaziken|Speed Boost|boost
|-boost|p1a: Blaziken|spe|1
|upkeep
|turn|6
|
|t:|1783010727
|move|p2b: Sneasler|Quick Guard|p2b: Sneasler
|-singleturn|p2b: Sneasler|Quick Guard
|move|p1b: Kingambit|Sucker Punch||[still]
|-fail|p1b: Kingambit
|move|p1a: Blaziken|Close Combat|p2a: Blastoise
|-damage|p2a: Blastoise|0 fnt
|-unboost|p1a: Blaziken|def|1
|-unboost|p1a: Blaziken|spd|1
|faint|p2a: Blastoise
|
|-ability|p1a: Blaziken|Speed Boost|boost
|-boost|p1a: Blaziken|spe|1
|upkeep
|
|t:|1783010735
|switch|p2a: Incineroar|Incineroar, L50, F|100/100
|-ability|p2a: Incineroar|Intimidate|boost
|-unboost|p1a: Blaziken|atk|1
|-unboost|p1b: Kingambit|atk|1
|-ability|p1b: Kingambit|Defiant|boost
|-boost|p1b: Kingambit|atk|2
|turn|7
|
|t:|1783010750
|switch|p1a: Sylveon|Sylveon, L50, M|48/100
|move|p1b: Kingambit|Sucker Punch|p2b: Sneasler
|-resisted|p2b: Sneasler|1
|-damage|p2b: Sneasler|0 fnt
|faint|p2b: Sneasler
|move|p2a: Incineroar|Flare Blitz|p1b: Kingambit
|-supereffective|p1b: Kingambit|1
|-damage|p1b: Kingambit|0 fnt
|faint|p1b: Kingambit
|-damage|p2a: Incineroar|81/100|[from] Recoil
|
|upkeep
|
|t:|1783010755
|switch|p1b: Blaziken|Blaziken-Mega, L50, M|100/100
|turn|8
|l|☆bandicoot25
|inactive|bandicoot25 disconnected and has a minute to reconnect!
|player|p2|
|inactive|bandicoot25 has 30 seconds left.
|inactive|bandicoot25 has 20 seconds left.
|inactive|bandicoot25 has 15 seconds left.
|inactive|bandicoot25 has 10 seconds left.
|inactive|bandicoot25 has 5 seconds left.
|-message|bandicoot25 lost due to inactivity.
|
|win|ethical sga
|raw|ethical sga's rating: 1135 → 1167(+32 for winning)
|raw|bandicoot25's rating: 1230 → 1198(-32 for losing)
