|j|☆raucho
|j|☆Npc red panther
|html|rauchoNpc red panther    
|uhtml|bestof|Game 2 of a best-of-3
|t:|1756266015
|gametype|doubles
|player|p1|raucho|n|1157
|player|p2|Npc red panther|266|1115
|gen|9
|tier|[Gen 9] VGC 2025 Reg H (Bo3)
|rated|
|rule|Species Clause: Limit one of each Pokémon
|rule|Item Clause: Limit 1 of each item
|clearpoke
|poke|p1|Gholdengo, L50|
|poke|p1|Dragonite, L50, M|
|poke|p1|Indeedee, L50, M|
|poke|p1|Sneasler, L50, F|
|poke|p1|Electabuzz, L50, M|
|poke|p1|Ursaluna-Bloodmoon, L50, M|
|poke|p2|Electabuzz, L50, F|
|poke|p2|Kommo-o, L50, M|
|poke|p2|Ninetales-Alola, L50, F|
|poke|p2|Rillaboom, L50, M|
|poke|p2|Incineroar, L50, M|
|poke|p2|Sneasler, L50, F|
|teampreview|4
|showteam|p1|Gholdengo||ChoiceScarf|GoodasGold|MakeItRain,ShadowBall,Trick,Thunderbolt||||||50|,,,,,Steel]Dragonite||LoadedDice|Multiscale|ScaleShot,StompingTantrum,Haze,Tailwind|||M|||50|,,,,,Fairy]Indeedee||FocusSash|PsychicSurge|ExpandingForce,HelpingHand,TrickRoom,Protect|||M|||50|,,,,,Psychic]Sneasler||PsychicSeed|Unburden|DireClaw,CloseCombat,ThroatChop,Protect|||F|||50|,,,,,Dark]Electabuzz||Eviolite|VitalSpirit|Electroweb,HelpingHand,FollowMe,Protect|||M|||50|,,,,,Dragon]Ursaluna-Bloodmoon||LifeOrb|MindsEye|HyperVoice,BloodMoon,EarthPower,Protect|||M|||50|,,,,,Normal
|showteam|p2|Electabuzz||Eviolite|VitalSpirit|HelpingHand,FollowMe,Electroweb,Taunt|||F|||50|,,,,,Ghost]Kommo-o||ThroatSpray|Soundproof|ClangorousSoul,AuraSphere,ClangingScales,Protect|||M|||50|,,,,,Steel]Ninetales-Alola||FocusSash|SnowWarning|AuroraVeil,Blizzard,Moonblast,Protect|||F|||50|,,,,,Ghost]Rillaboom||AssaultVest|GrassySurge|FakeOut,GrassyGlide,WoodHammer,HighHorsepower|||M|||50|,,,,,Fire]Incineroar||SitrusBerry|Intimidate|FakeOut,FlareBlitz,KnockOff,PartingShot|||M|||50|,,,,,Ghost]Sneasler||GrassySeed|Unburden|DireClaw,CloseCombat,Acrobatics,Protect|||F|||50|,,,,,Flying
|inactive|Battle timer is ON: inactive players will automatically lose when time's up. (requested by raucho)
|inactive|Npc red panther has 60 seconds left.
|
|t:|1756266072
|teamsize|p1|4
|teamsize|p2|4
|start
|switch|p1a: Ursaluna|Ursaluna-Bloodmoon, L50, M|100/100
|switch|p1b: Sneasler|Sneasler, L50, F, shiny|100/100
|switch|p2a: Electabuzz|Electabuzz, L50, F, shiny|100/100
|switch|p2b: Kommo-o|Kommo-o, L50, M, shiny|100/100
|turn|1
|inactive|Npc red panther has 30 seconds left.
|
|t:|1756266099
|move|p2a: Electabuzz|Follow Me|p2a: Electabuzz
|-singleturn|p2a: Electabuzz|move: Follow Me
|move|p1b: Sneasler|Close Combat|p2a: Electabuzz
|-damage|p2a: Electabuzz|45/100
|-unboost|p1b: Sneasler|def|1
|-unboost|p1b: Sneasler|spd|1
|move|p2b: Kommo-o|Clangorous Soul|p2b: Kommo-o
|-boost|p2b: Kommo-o|atk|1
|-boost|p2b: Kommo-o|def|1
|-boost|p2b: Kommo-o|spa|1
|-boost|p2b: Kommo-o|spd|1
|-boost|p2b: Kommo-o|spe|1
|-damage|p2b: Kommo-o|68/100
|-enditem|p2b: Kommo-o|Throat Spray
|-boost|p2b: Kommo-o|spa|1|[from] item: Throat Spray
|move|p1a: Ursaluna|Earth Power|p2a: Electabuzz
|-supereffective|p2a: Electabuzz
|-damage|p2a: Electabuzz|0 fnt
|faint|p2a: Electabuzz
|-damage|p1a: Ursaluna|91/100|[from] item: Life Orb
|
|upkeep
|
|t:|1756266109
|switch|p2a: Sneasler|Sneasler, L50, F, shiny|100/100
|turn|2
|
|t:|1756266132
|switch|p1a: Indeedee|Indeedee, L50, M, shiny|100/100
|-fieldstart|move: Psychic Terrain|[from] ability: Psychic Surge|[of] p1a: Indeedee
|-enditem|p1b: Sneasler|Psychic Seed
|-boost|p1b: Sneasler|spd|1|[from] item: Psychic Seed
|-terastallize|p2a: Sneasler|Flying
|move|p1b: Sneasler|Dire Claw|p2b: Kommo-o
|-damage|p2b: Kommo-o|41/100
|-status|p2b: Kommo-o|par
|move|p2a: Sneasler|Acrobatics|p1b: Sneasler
|-supereffective|p1b: Sneasler
|-damage|p1b: Sneasler|0 fnt
|faint|p1b: Sneasler
|move|p2b: Kommo-o|Aura Sphere|p1a: Indeedee
|-enditem|p1a: Indeedee|Focus Sash
|-damage|p1a: Indeedee|1/100
|
|upkeep
|
|t:|1756266152
|switch|p1b: Electabuzz|Electabuzz, L50, M, shiny|100/100
|turn|3
|
|t:|1756266166
|switch|p2b: Rillaboom|Rillaboom, L50, M|100/100
|-fieldstart|move: Grassy Terrain|[from] ability: Grassy Surge|[of] p2b: Rillaboom
|-enditem|p2a: Sneasler|Grassy Seed
|-boost|p2a: Sneasler|def|1|[from] item: Grassy Seed
|move|p1a: Indeedee|Protect|p1a: Indeedee
|-singleturn|p1a: Indeedee|Protect
|move|p2a: Sneasler|Acrobatics|p1a: Indeedee
|-activate|p1a: Indeedee|move: Protect
|move|p1b: Electabuzz|Electroweb|p2a: Sneasler|[spread] p2b
|-miss|p1b: Electabuzz|p2a: Sneasler
|-resisted|p2b: Rillaboom
|-damage|p2b: Rillaboom|96/100
|-unboost|p2b: Rillaboom|spe|1
|
|-heal|p1a: Indeedee|7/100|[from] Grassy Terrain
|-heal|p2b: Rillaboom|100/100|[from] Grassy Terrain
|upkeep
|turn|4
|
|t:|1756266184
|switch|p1a: Ursaluna|Ursaluna-Bloodmoon, L50, M|91/100
|move|p2b: Rillaboom|Fake Out|p1b: Electabuzz
|-damage|p1b: Electabuzz|87/100
|move|p2a: Sneasler|Close Combat|p1a: Ursaluna
|-supereffective|p1a: Ursaluna
|-damage|p1a: Ursaluna|0 fnt
|-unboost|p2a: Sneasler|def|1
|-unboost|p2a: Sneasler|spd|1
|faint|p1a: Ursaluna
|cant|p1b: Electabuzz|flinch
|
|-heal|p1b: Electabuzz|94/100|[from] Grassy Terrain
|upkeep
|
|t:|1756266192
|switch|p1a: Indeedee|Indeedee, L50, M, shiny|7/100
|-fieldstart|move: Psychic Terrain|[from] ability: Psychic Surge|[of] p1a: Indeedee
|turn|5
|
|t:|1756266210
|switch|p2b: Kommo-o|Kommo-o, L50, M, shiny|41/100 par
|move|p2a: Sneasler|Protect|p2a: Sneasler
|-singleturn|p2a: Sneasler|Protect
|move|p1a: Indeedee|Protect|p1a: Indeedee
|-singleturn|p1a: Indeedee|Protect
|move|p1b: Electabuzz|Electroweb|p2b: Kommo-o|[spread] p2b
|-activate|p2a: Sneasler|move: Protect
|-resisted|p2b: Kommo-o
|-damage|p2b: Kommo-o|34/100 par
|-unboost|p2b: Kommo-o|spe|1
|
|upkeep
|turn|6
|
|t:|1756266223
|move|p1a: Indeedee|Protect||[still]
|-fail|p1a: Indeedee
|move|p2a: Sneasler|Acrobatics|p1a: Indeedee
|-damage|p1a: Indeedee|0 fnt
|faint|p1a: Indeedee
|move|p1b: Electabuzz|Electroweb|p2a: Sneasler|[spread] p2a,p2b
|-supereffective|p2a: Sneasler
|-resisted|p2b: Kommo-o
|-damage|p2a: Sneasler|42/100
|-damage|p2b: Kommo-o|27/100 par
|-unboost|p2a: Sneasler|spe|1
|-unboost|p2b: Kommo-o|spe|1
|move|p2b: Kommo-o|Clanging Scales|p1b: Electabuzz
|-damage|p1b: Electabuzz|55/100
|-unboost|p2b: Kommo-o|def|1
|
|upkeep
|turn|7
|
|t:|1756266240
|move|p2a: Sneasler|Close Combat|p1b: Electabuzz
|-damage|p1b: Electabuzz|0 fnt
|-unboost|p2a: Sneasler|def|1
|-unboost|p2a: Sneasler|spd|1
|faint|p1b: Electabuzz
|
|win|Npc red panther
|raw|raucho's rating: 1157 → 1129(-28 for losing)
|raw|Npc red panther's rating: 1115 → 1143(+28 for winning)
|l|☆Npc red panther
|player|p2|
