|j|☆xxx520
|j|☆lucasmalt
|html|xxx520lucasmalt    
|uhtml|bestof|Game 2 of a best-of-3
|t:|1785114307
|gametype|doubles
|player|p1|xxx520|102|1220
|player|p2|lucasmalt|169|1310
|gen|9
|tier|[Gen 9 Champions] VGC 2026 Reg M-B (Bo3)
|rated|
|rule|Species Clause: Limit one of each Pokémon
|rule|Item Clause: Limit 1 of each item
|clearpoke
|poke|p1|Garchomp, L50, M|
|poke|p1|Basculegion, L50, M|
|poke|p1|Kingambit, L50, M|
|poke|p1|Floette-Eternal, L50, F|
|poke|p1|Whimsicott, L50, F|
|poke|p1|Incineroar, L50, M|
|poke|p2|Blaziken, L50, M, shiny|
|poke|p2|Incineroar, L50, M, shiny|
|poke|p2|Sinistcha, L50|
|poke|p2|Milotic, L50, M, shiny|
|poke|p2|Hydreigon, L50, F|
|poke|p2|Gardevoir, L50, M, shiny|
|teampreview|4
|showteam|p1|Garchomp||SitrusBerry|RoughSkin|DragonClaw,StompingTantrum,RockSlide,Protect|Adamant||M|||50|]Basculegion||ColburBerry|Adaptability|WaveCrash,LastRespects,AquaJet,Protect|Jolly||M|||50|]Kingambit||ChopleBerry|Defiant|KowtowCleave,SuckerPunch,LowKick,Protect|Adamant||M|||50|]Floette-Eternal||Floettite|FlowerVeil|Protect,CalmMind,DrainingKiss,Moonblast|Timid||F|||50|]Whimsicott||FocusSash|Prankster|Protect,Encore,Tailwind,Moonblast|Timid||F|||50|]Incineroar||PasshoBerry|Intimidate|FakeOut,FlareBlitz,ThroatChop,PartingShot|Adamant||M|||50|
|showteam|p2|Blaziken||Blazikenite|SpeedBoost|FlareBlitz,CloseCombat,RockSlide,Detect|Adamant||M|||50|]Incineroar||SitrusBerry|Intimidate|FakeOut,FlareBlitz,DarkestLariat,PartingShot|Careful||M|||50|]Sinistcha||KasibBerry|Hospitality|MatchaGotcha,RagePowder,TrickRoom,Protect|Bold|||||50|]Milotic||Leftovers|Competitive|MuddyWater,Coil,Hypnosis,Recover|Calm||M|||50|]Hydreigon||ChoiceScarf|Levitate|Snarl,DracoMeteor,DarkPulse,EarthPower|Modest||F|||50|]Gardevoir||Gardevoirite|Trace|HyperVoice,Psyshock,TrickRoom,Protect|Modest||M|||50|
|
|t:|1785114378
|teamsize|p1|4
|teamsize|p2|4
|start
|switch|p1a: Floette|Floette-Eternal, L50, F|100/100
|switch|p1b: Kingambit|Kingambit, L50, M|100/100
|switch|p2a: Milotic|Milotic, L50, M, shiny|100/100
|switch|p2b: Gardevoir|Gardevoir, L50, M, shiny|100/100
|-ability|p2b: Gardevoir|Defiant|Trace|[from] ability: Trace|[of] p1b: Kingambit
|turn|1
|
|t:|1785114405
|detailschange|p1a: Floette|Floette-Mega, L50, F
|-mega|p1a: Floette|Floette|Floettite
|-ability|p1a: Floette|Fairy Aura
|detailschange|p2b: Gardevoir|Gardevoir-Mega, L50, M, shiny
|-mega|p2b: Gardevoir|Gardevoir|Gardevoirite
|move|p1b: Kingambit|Protect|p1b: Kingambit
|-singleturn|p1b: Kingambit|Protect
|move|p1a: Floette|Calm Mind|p1a: Floette
|-boost|p1a: Floette|spa|1
|-boost|p1a: Floette|spd|1
|move|p2b: Gardevoir|Hyper Voice|p1a: Floette|[spread] p1a
|-activate|p1b: Kingambit|move: Protect
|-damage|p1a: Floette|67/100
|move|p2a: Milotic|Coil|p2a: Milotic
|-boost|p2a: Milotic|atk|1
|-boost|p2a: Milotic|def|1
|-boost|p2a: Milotic|accuracy|1
|
|upkeep
|turn|2
|
|t:|1785114426
|move|p2b: Gardevoir|Protect|p2b: Gardevoir
|-singleturn|p2b: Gardevoir|Protect
|move|p1a: Floette|Moonblast|p2a: Milotic
|-damage|p2a: Milotic|37/100
|move|p2a: Milotic|Hypnosis|p1a: Floette
|-status|p1a: Floette|slp|[from] move: Hypnosis
|move|p1b: Kingambit|Kowtow Cleave|p2a: Milotic
|-damage|p2a: Milotic|7/100
|
|-heal|p2a: Milotic|13/100|[from] item: Leftovers
|upkeep
|turn|3
|
|t:|1785114443
|cant|p1a: Floette|slp
|move|p2b: Gardevoir|Hyper Voice|p1b: Kingambit|[spread] p1a,p1b
|-damage|p1a: Floette|38/100 slp
|-damage|p1b: Kingambit|40/100
|move|p2a: Milotic|Recover|p2a: Milotic
|-heal|p2a: Milotic|63/100
|move|p1b: Kingambit|Kowtow Cleave|p2a: Milotic
|-damage|p2a: Milotic|35/100
|
|-heal|p2a: Milotic|41/100|[from] item: Leftovers
|upkeep
|turn|4
|
|t:|1785114462
|switch|p1b: Whimsicott|Whimsicott, L50, F|100/100
|cant|p1a: Floette|slp
|move|p2b: Gardevoir|Psyshock|p1a: Floette
|-damage|p1a: Floette|0 fnt
|faint|p1a: Floette
|move|p2a: Milotic|Recover|p2a: Milotic
|-heal|p2a: Milotic|91/100
|
|-heal|p2a: Milotic|97/100|[from] item: Leftovers
|upkeep
|
|t:|1785114479
|switch|p1a: Kingambit|Kingambit, L50, M|40/100
|turn|5
|
|t:|1785114485
|switch|p2a: Hydreigon|Hydreigon, L50, F|100/100
|move|p1b: Whimsicott|Encore|p2a: Hydreigon
|-hint|Since gen 7, Dark is immune to Prankster moves.
|-immune|p2a: Hydreigon
|move|p1a: Kingambit|Sucker Punch|p2b: Gardevoir
|-damage|p2b: Gardevoir|49/100
|move|p2b: Gardevoir|Hyper Voice|p1b: Whimsicott|[spread] p1a,p1b
|-damage|p1a: Kingambit|0 fnt
|-damage|p1b: Whimsicott|17/100
|faint|p1a: Kingambit
|
|upkeep
|
|t:|1785114498
|switch|p1a: Basculegion|Basculegion, L50, M|100/100
|turn|6
|
|t:|1785114507
|switch|p2a: Incineroar|Incineroar, L50, M, shiny|100/100
|-ability|p2a: Incineroar|Intimidate|boost
|-unboost|p1a: Basculegion|atk|1
|-unboost|p1b: Whimsicott|atk|1
|switch|p2b: Milotic|Milotic, L50, M, shiny|97/100
|move|p1a: Basculegion|Protect|p1a: Basculegion
|-singleturn|p1a: Basculegion|Protect
|move|p1b: Whimsicott|Tailwind|p1b: Whimsicott
|-sidestart|p1: xxx520|move: Tailwind
|
|-heal|p2b: Milotic|100/100|[from] item: Leftovers
|upkeep
|turn|7
|
|t:|1785114532
|move|p1b: Whimsicott|Moonblast|p2a: Incineroar
|-damage|p2a: Incineroar|71/100
|move|p1a: Basculegion|Wave Crash|p2a: Incineroar
|-supereffective|p2a: Incineroar|1
|-damage|p2a: Incineroar|0 fnt
|faint|p2a: Incineroar
|-damage|p1a: Basculegion|77/100|[from] Recoil
|move|p2b: Milotic|Coil|p2b: Milotic
|-boost|p2b: Milotic|atk|1
|-boost|p2b: Milotic|def|1
|-boost|p2b: Milotic|accuracy|1
|
|upkeep
|
|t:|1785114542
|switch|p2a: Hydreigon|Hydreigon, L50, F|100/100
|turn|8
|
|t:|1785114562
|move|p1b: Whimsicott|Moonblast|p2a: Hydreigon
|-supereffective|p2a: Hydreigon|2
|-damage|p2a: Hydreigon|0 fnt
|faint|p2a: Hydreigon
|move|p1a: Basculegion|Wave Crash|p2b: Milotic
|-resisted|p2b: Milotic|1
|-damage|p2b: Milotic|85/100
|-damage|p1a: Basculegion|72/100|[from] Recoil
|move|p2b: Milotic|Hypnosis|p1a: Basculegion
|-status|p1a: Basculegion|slp|[from] move: Hypnosis
|
|-heal|p2b: Milotic|91/100|[from] item: Leftovers
|upkeep
|
|t:|1785114566
|switch|p2a: Gardevoir|Gardevoir-Mega, L50, M, shiny|49/100
|turn|9
|
|t:|1785114581
|move|p1b: Whimsicott|Moonblast|p2a: Gardevoir
|-damage|p2a: Gardevoir|22/100
|cant|p1a: Basculegion|slp
|move|p2a: Gardevoir|Hyper Voice|p1b: Whimsicott|[spread] p1a,p1b
|-damage|p1a: Basculegion|19/100 slp
|-damage|p1b: Whimsicott|0 fnt
|faint|p1b: Whimsicott
|move|p2b: Milotic|Muddy Water|p1a: Basculegion
|-resisted|p1a: Basculegion|1
|-damage|p1a: Basculegion|2/100 slp
|
|-heal|p2b: Milotic|97/100|[from] item: Leftovers
|-sideend|p1: xxx520|move: Tailwind
|upkeep
|turn|10
|
|t:|1785114597
|cant|p1a: Basculegion|slp
|move|p2a: Gardevoir|Hyper Voice|p1a: Basculegion
|-damage|p1a: Basculegion|0 fnt
|faint|p1a: Basculegion
|
|win|lucasmalt
|raw|xxx520's rating: 1220 → 1201(-19 for losing)
|raw|lucasmalt's rating: 1310 → 1325(+15 for winning)
