|j|☆Garden Monke
|j|☆Juanjo555
|html|Garden MonkeJuanjo555    
|uhtml|bestof|Game 2 of a best-of-3
|t:|1784490307
|gametype|doubles
|player|p1|Garden Monke|giacomo|1118
|player|p2|Juanjo555|169|1180
|gen|9
|tier|[Gen 9 Champions] VGC 2026 Reg M-B (Bo3)
|rated|
|rule|Species Clause: Limit one of each Pokémon
|rule|Item Clause: Limit 1 of each item
|clearpoke
|poke|p1|Incineroar, L50, M|
|poke|p1|Sinistcha, L50|
|poke|p1|Gengar, L50, F|
|poke|p1|Swampert, L50, M|
|poke|p1|Politoed, L50, M|
|poke|p1|Archaludon, L50, M|
|poke|p2|Archaludon, L50, F|
|poke|p2|Swampert, L50, F|
|poke|p2|Pelipper, L50, F, shiny|
|poke|p2|Farigiraf, L50, F|
|poke|p2|Beedrill, L50, M|
|poke|p2|Incineroar, L50, M|
|teampreview|4
|showteam|p1|Incineroar||PasshoBerry|Intimidate|ThroatChop,FakeOut,PartingShot,Protect|Sassy||M|||50|]Sinistcha||ColburBerry|Hospitality|MatchaGotcha,RagePowder,TrickRoom,Protect|Calm|||||50|]Gengar||Gengarite|CursedBody|ShadowBall,Disable,PerishSong,Protect|Timid||F|||50|]Swampert||Swampertite|Damp|WaveCrash,HighHorsepower,IcePunch,Protect|Adamant||M|||50|]Politoed||SitrusBerry|Drizzle|WeatherBall,Encore,PerishSong,Protect|Calm||M|||50|]Archaludon||Leftovers|Stamina|ElectroShot,DragonPulse,FlashCannon,Protect|Modest||M|||50|
|showteam|p2|Archaludon||Leftovers|Stamina|ElectroShot,FlashCannon,DragonPulse,Protect|Modest||F|||50|]Swampert||Swampertite|Torrent|WaveCrash,RockSlide,HighHorsepower,Protect|Adamant||F|||50|]Pelipper||LifeOrb|Drizzle|WeatherBall,Hurricane,WideGuard,Tailwind|Modest||F|||50|]Farigiraf||SitrusBerry|ArmorTail|HelpingHand,TrickRoom,Psychic,RainDance|Bold||F|||50|]Beedrill||Beedrillite|Swarm|Uturn,PoisonJab,DrillRun,Protect|Adamant||M|||50|]Incineroar||PasshoBerry|Intimidate|FakeOut,ThroatChop,FlareBlitz,PartingShot|Adamant||M|||50|
|inactive|Battle timer is ON: inactive players will automatically lose when time's up. (requested by Garden Monke)
|inactive|Juanjo555 has 60 seconds left.
|
|t:|1784490342
|teamsize|p1|4
|teamsize|p2|4
|start
|switch|p1a: Swampert|Swampert, L50, M|100/100
|switch|p1b: Politoed|Politoed, L50, M|100/100
|switch|p2a: Beedrill|Beedrill, L50, M|100/100
|switch|p2b: Incineroar|Incineroar, L50, M|100/100
|-weather|RainDance|[from] ability: Drizzle|[of] p1b: Politoed
|-ability|p2b: Incineroar|Intimidate|boost
|-unboost|p1a: Swampert|atk|1
|-unboost|p1b: Politoed|atk|1
|turn|1
|inactive|Juanjo555 has 30 seconds left.
|
|t:|1784490368
|switch|p1a: Archaludon|Archaludon, L50, M|100/100
|detailschange|p2a: Beedrill|Beedrill-Mega, L50, M
|-mega|p2a: Beedrill|Beedrill|Beedrillite
|move|p2b: Incineroar|Fake Out|p1a: Archaludon
|-resisted|p1a: Archaludon|1
|-damage|p1a: Archaludon|95/100
|-ability|p1a: Archaludon|Stamina|boost
|-boost|p1a: Archaludon|def|1
|move|p2a: Beedrill|Poison Jab|p1b: Politoed
|-damage|p1b: Politoed|40/100
|-status|p1b: Politoed|psn
|-enditem|p1b: Politoed|Sitrus Berry|[eat]
|-heal|p1b: Politoed|65/100 psn|[from] item: Sitrus Berry
|move|p1b: Politoed|Weather Ball|p2b: Incineroar
|-supereffective|p2b: Incineroar|1
|-enditem|p2b: Incineroar|Passho Berry|[eat]
|-enditem|p2b: Incineroar|Passho Berry|[weaken]
|-damage|p2b: Incineroar|50/100g
|
|-weather|RainDance|[upkeep]
|-heal|p1a: Archaludon|100/100|[from] item: Leftovers
|-damage|p1b: Politoed|53/100 psn|[from] psn
|upkeep
|turn|2
|inactive|Garden Monke has 30 seconds left.
|inactive|Juanjo555 has 30 seconds left.
|
|t:|1784490400
|switch|p1b: Incineroar|Incineroar, L50, M|100/100
|-ability|p1b: Incineroar|Intimidate|boost
|-unboost|p2a: Beedrill|atk|1
|-unboost|p2b: Incineroar|atk|1
|move|p2a: Beedrill|U-turn|p1b: Incineroar
|-damage|p1b: Incineroar|65/100
|
|t:|1784490409
|switch|p2a: Archaludon|Archaludon, L50, F|100/100|[from] U-turn
|move|p1a: Archaludon|Electro Shot||[still]
|-prepare|p1a: Archaludon|Electro Shot
|-boost|p1a: Archaludon|spa|1
|-anim|p1a: Archaludon|Electro Shot|p2b: Incineroar
|-damage|p2b: Incineroar|0 fnt
|faint|p2b: Incineroar
|
|-weather|RainDance|[upkeep]
|upkeep
|
|t:|1784490423
|switch|p2b: Beedrill|Beedrill-Mega, L50, M|100/100
|turn|3
|
|t:|1784490436
|switch|p2a: Farigiraf|Farigiraf, L50, F|100/100
|move|p1b: Incineroar|Fake Out||[still]
|cant|p2a: Farigiraf|ability: Armor Tail|Fake Out|[of] p1b: Incineroar
|move|p2b: Beedrill|U-turn|p1b: Incineroar
|-damage|p1b: Incineroar|10/100
|
|t:|1784490443
|switch|p2b: Archaludon|Archaludon, L50, F|100/100|[from] U-turn
|move|p1a: Archaludon|Electro Shot||[still]
|-prepare|p1a: Archaludon|Electro Shot
|-boost|p1a: Archaludon|spa|1
|-anim|p1a: Archaludon|Electro Shot|p2b: Archaludon
|-resisted|p2b: Archaludon|1
|-damage|p2b: Archaludon|61/100
|-ability|p2b: Archaludon|Stamina|boost
|-boost|p2b: Archaludon|def|1
|
|-weather|RainDance|[upkeep]
|-heal|p2b: Archaludon|68/100|[from] item: Leftovers
|upkeep
|turn|4
|inactive|Juanjo555 has 30 seconds left.
|
|t:|1784490476
|switch|p1b: Swampert|Swampert, L50, M|100/100
|move|p2a: Farigiraf|Helping Hand|p2b: Archaludon
|-singleturn|p2b: Archaludon|Helping Hand|[of] p2a: Farigiraf
|move|p1a: Archaludon|Dragon Pulse|p2b: Archaludon
|-damage|p2b: Archaludon|1/100
|-ability|p2b: Archaludon|Stamina|boost
|-boost|p2b: Archaludon|def|1
|move|p2b: Archaludon|Electro Shot||[still]
|-prepare|p2b: Archaludon|Electro Shot
|-boost|p2b: Archaludon|spa|1
|-anim|p2b: Archaludon|Electro Shot|p1b: Swampert
|-immune|p1b: Swampert
|
|-weather|RainDance|[upkeep]
|-heal|p2b: Archaludon|6/100|[from] item: Leftovers
|upkeep
|turn|5
|
|t:|1784490495
|detailschange|p1b: Swampert|Swampert-Mega, L50, M
|-mega|p1b: Swampert|Swampert|Swampertite
|move|p2b: Archaludon|Protect|p2b: Archaludon
|-singleturn|p2b: Archaludon|Protect
|move|p1b: Swampert|Wave Crash|p2a: Farigiraf
|-damage|p2a: Farigiraf|17/100
|-enditem|p2a: Farigiraf|Sitrus Berry|[eat]
|-heal|p2a: Farigiraf|42/100|[from] item: Sitrus Berry
|-damage|p1b: Swampert|68/100|[from] Recoil
|move|p1a: Archaludon|Dragon Pulse|p2b: Archaludon
|-activate|p2b: Archaludon|move: Protect
|move|p2a: Farigiraf|Trick Room|p2a: Farigiraf
|-fieldstart|move: Trick Room|[of] p2a: Farigiraf
|
|-weather|none
|-heal|p2b: Archaludon|12/100|[from] item: Leftovers
|upkeep
|turn|6
|inactive|Garden Monke has 30 seconds left.
|inactive|Juanjo555 has 30 seconds left.
|
|t:|1784490526
|move|p2a: Farigiraf|Rain Dance|p2a: Farigiraf
|-weather|RainDance
|move|p2b: Archaludon|Dragon Pulse|p1b: Swampert
|-damage|p1b: Swampert|15/100
|move|p1a: Archaludon|Dragon Pulse|p2b: Archaludon
|-crit|p2b: Archaludon
|-damage|p2b: Archaludon|0 fnt
|faint|p2b: Archaludon
|move|p1b: Swampert|Ice Punch|p2a: Farigiraf
|-damage|p2a: Farigiraf|20/100y
|
|-weather|RainDance|[upkeep]
|upkeep
|
|t:|1784490538
|switch|p2b: Beedrill|Beedrill-Mega, L50, M|100/100
|turn|7
|
|t:|1784490557
|switch|p1b: Incineroar|Incineroar, L50, M|10/100
|-ability|p1b: Incineroar|Intimidate|boost
|-unboost|p2a: Farigiraf|atk|1
|-unboost|p2b: Beedrill|atk|1
|move|p2b: Beedrill|Protect|p2b: Beedrill
|-singleturn|p2b: Beedrill|Protect
|move|p2a: Farigiraf|Psychic|p1b: Incineroar
|-immune|p1b: Incineroar
|move|p1a: Archaludon|Electro Shot||[still]
|-prepare|p1a: Archaludon|Electro Shot
|-boost|p1a: Archaludon|spa|1
|-anim|p1a: Archaludon|Electro Shot|p2b: Beedrill
|-activate|p2b: Beedrill|move: Protect
|
|-weather|RainDance|[upkeep]
|upkeep
|turn|8
|
|t:|1784490573
|move|p2a: Farigiraf|Helping Hand|p2b: Beedrill
|-singleturn|p2b: Beedrill|Helping Hand|[of] p2a: Farigiraf
|move|p1b: Incineroar|Parting Shot|p2b: Beedrill
|-unboost|p2b: Beedrill|atk|1
|-unboost|p2b: Beedrill|spa|1
|
|t:|1784490579
|switch|p1b: Politoed|Politoed, L50, M|53/100 psn|[from] Parting Shot
|move|p1a: Archaludon|Electro Shot||[still]
|-prepare|p1a: Archaludon|Electro Shot
|-boost|p1a: Archaludon|spa|1
|-anim|p1a: Archaludon|Electro Shot|p2b: Beedrill
|-crit|p2b: Beedrill
|-damage|p2b: Beedrill|0 fnt
|faint|p2b: Beedrill
|
|-weather|RainDance|[upkeep]
|-damage|p1b: Politoed|41/100 psn|[from] psn
|upkeep
|turn|9
|-message|Juanjo555 forfeited.
|
|win|Garden Monke
|inactive|Garden Monke has 30 seconds to confirm battle start!
|inactive|Juanjo555 has 30 seconds to confirm battle start!
||Garden Monke is ready for game 3.
|inactive|Juanjo555 has 20 seconds to confirm battle start!
||Juanjo555 is ready for game 3.
|uhtml|next|Next: Game 3 of 3
|l|☆Juanjo555
|player|p2|
