|j|☆harv2
|j|☆vodking97
|html|harv2vodking97    
|uhtml|bestof|Game 1 of a best-of-3
|t:|1784936482
|gametype|doubles
|player|p1|harv2|nate|1050
|player|p2|vodking97|marshal|1055
|gen|9
|tier|[Gen 9 Champions] VGC 2026 Reg M-B (Bo3)
|rated|
|rule|Species Clause: Limit one of each Pokémon
|rule|Item Clause: Limit 1 of each item
|clearpoke
|poke|p1|Vaporeon, L50, F|
|poke|p1|Raichu, L50, F|
|poke|p1|Farigiraf, L50, M|
|poke|p1|Tsareena, L50, F|
|poke|p1|Aggron, L50, M|
|poke|p1|Garchomp, L50, M|
|poke|p2|Blastoise, L50, M, shiny|
|poke|p2|Farigiraf, L50, M, shiny|
|poke|p2|Whimsicott, L50, F, shiny|
|poke|p2|Incineroar, L50, F, shiny|
|poke|p2|Tyranitar, L50, M, shiny|
|poke|p2|Annihilape, L50, M, shiny|
|teampreview|4
|showteam|p1|Vaporeon||SitrusBerry|Hydration|AcidArmor,CalmMind,Rest,BatonPass|Bold||F|||50|]Raichu||FocusSash|LightningRod|Surf,FakeOut,Protect,RainDance|Hasty||F|||50|]Farigiraf||ColburBerry|ArmorTail|Psychic,RainDance,Protect,TrickRoom|Sassy||M|||50|]Tsareena||LifeOrb|QueenlyMajesty|TropKick,Protect,PlayRough,KnockOff|Jolly||F|||50|]Aggron||Aggronite|Sturdy|HeavySlam,BodyPress,Earthquake,Protect|Impish||M|||50|]Garchomp||ChoiceScarf|RoughSkin|Earthquake,RockSlide,StompingTantrum,Outrage|Jolly||M|||50|
|showteam|p2|Blastoise||Blastoisinite|RainDish|FakeOut,WaterSpout,Protect,ShellSmash|Modest||M|||50|]Farigiraf||SitrusBerry|ArmorTail|TrickRoom,HyperVoice,Protect,HelpingHand|Timid||M|||50|]Whimsicott||Leftovers|Prankster|Protect,Tailwind,DazzlingGleam,Uturn|Timid||F|||50|]Incineroar||FocusSash|Intimidate|FakeOut,FlareBlitz,Protect,PartingShot|Adamant||F|||50|]Tyranitar||Tyranitarite|SandStream|Earthquake,Protect,RockSlide,FoulPlay|Adamant||M|||50|]Annihilape||BlackBelt|Defiant|NightSlash,DrainPunch,Protect,PoisonJab|Adamant||M|||50|
|inactive|Battle timer is ON: inactive players will automatically lose when time's up. (requested by harv2)
|
|t:|1784936521
|teamsize|p1|4
|teamsize|p2|4
|start
|switch|p1a: Vaporeon|Vaporeon, L50, F|100/100
|switch|p1b: Farigiraf|Farigiraf, L50, M|100/100
|switch|p2a: Whimsicott|Whimsicott, L50, F, shiny|100/100
|switch|p2b: Blastoise|Blastoise, L50, M, shiny|100/100
|turn|1
|
|t:|1784936543
|move|p2b: Blastoise|Fake Out||[still]
|cant|p1b: Farigiraf|ability: Armor Tail|Fake Out|[of] p2b: Blastoise
|move|p2a: Whimsicott|Tailwind|p2a: Whimsicott
|-sidestart|p2: vodking97|move: Tailwind
|move|p1a: Vaporeon|Acid Armor|p1a: Vaporeon
|-boost|p1a: Vaporeon|def|2
|move|p1b: Farigiraf|Trick Room|p1b: Farigiraf
|-fieldstart|move: Trick Room|[of] p1b: Farigiraf
|
|upkeep
|turn|2
|inactive|vodking97 has 30 seconds left.
|
|t:|1784936568
|detailschange|p2b: Blastoise|Blastoise-Mega, L50, M, shiny
|-mega|p2b: Blastoise|Blastoise|Blastoisinite
|move|p2a: Whimsicott|Protect|p2a: Whimsicott
|-singleturn|p2a: Whimsicott|Protect
|move|p1b: Farigiraf|Psychic|p2b: Blastoise
|-damage|p2b: Blastoise|72/100
|-unboost|p2b: Blastoise|spd|1
|move|p1a: Vaporeon|Calm Mind|p1a: Vaporeon
|-boost|p1a: Vaporeon|spa|1
|-boost|p1a: Vaporeon|spd|1
|move|p2b: Blastoise|Shell Smash|p2b: Blastoise
|-unboost|p2b: Blastoise|def|1
|-unboost|p2b: Blastoise|spd|1
|-boost|p2b: Blastoise|atk|2
|-boost|p2b: Blastoise|spa|2
|-boost|p2b: Blastoise|spe|2
|
|upkeep
|turn|3
|inactive|vodking97 has 30 seconds left.
|inactive|vodking97 has 20 seconds left.
|
|t:|1784936604
|switch|p2a: Incineroar|Incineroar, L50, F, shiny|100/100
|-ability|p2a: Incineroar|Intimidate|boost
|-unboost|p1a: Vaporeon|atk|1
|-unboost|p1b: Farigiraf|atk|1
|move|p2b: Blastoise|Protect|p2b: Blastoise
|-singleturn|p2b: Blastoise|Protect
|move|p1b: Farigiraf|Psychic|p2b: Blastoise
|-activate|p2b: Blastoise|move: Protect
|move|p1a: Vaporeon|Calm Mind|p1a: Vaporeon
|-boost|p1a: Vaporeon|spa|1
|-boost|p1a: Vaporeon|spd|1
|
|upkeep
|turn|4
|inactive|vodking97 has 30 seconds left.
|inactive|vodking97 has 20 seconds left.
|inactive|vodking97 has 15 seconds left.
|
|t:|1784936646
|move|p2b: Blastoise|Protect|p2b: Blastoise
|-singleturn|p2b: Blastoise|Protect
|move|p1b: Farigiraf|Psychic|p2b: Blastoise
|-activate|p2b: Blastoise|move: Protect
|move|p1a: Vaporeon|Calm Mind|p1a: Vaporeon
|-boost|p1a: Vaporeon|spa|1
|-boost|p1a: Vaporeon|spd|1
|move|p2a: Incineroar|Flare Blitz|p1b: Farigiraf
|-damage|p1b: Farigiraf|49/100
|-status|p1b: Farigiraf|brn
|-damage|p2a: Incineroar|81/100|[from] Recoil
|
|-damage|p1b: Farigiraf|43/100 brn|[from] brn
|-sideend|p2: vodking97|move: Tailwind
|upkeep
|turn|5
|inactive|vodking97 has 30 seconds left.
|
|t:|1784936673
|switch|p2b: Whimsicott|Whimsicott, L50, F, shiny|100/100
|move|p1b: Farigiraf|Psychic|p2b: Whimsicott
|-damage|p2b: Whimsicott|63/100
|move|p2a: Incineroar|Flare Blitz|p1b: Farigiraf
|-damage|p1b: Farigiraf|0 fnt
|faint|p1b: Farigiraf
|-damage|p2a: Incineroar|64/100|[from] Recoil
|move|p1a: Vaporeon|Calm Mind|p1a: Vaporeon
|-boost|p1a: Vaporeon|spa|1
|-boost|p1a: Vaporeon|spd|1
|
|-heal|p2b: Whimsicott|69/100|[from] item: Leftovers
|-fieldend|move: Trick Room
|upkeep
|
|t:|1784936681
|switch|p1b: Raichu|Raichu, L50, F|100/100
|turn|6
|inactive|vodking97 has 30 seconds left.
|inactive|vodking97 has 20 seconds left.
|inactive|vodking97 has 15 seconds left.
|
|t:|1784936725
|switch|p2a: Tyranitar|Tyranitar, L50, M, shiny|100/100
|-weather|Sandstorm|[from] ability: Sand Stream|[of] p2a: Tyranitar
|move|p2b: Whimsicott|Protect|p2b: Whimsicott
|-singleturn|p2b: Whimsicott|Protect
|move|p1b: Raichu|Fake Out|p2b: Whimsicott
|-activate|p2b: Whimsicott|move: Protect
|move|p1a: Vaporeon|Acid Armor|p1a: Vaporeon
|-boost|p1a: Vaporeon|def|2
|
|-weather|Sandstorm|[upkeep]
|-damage|p1b: Raichu|94/100|[from] Sandstorm
|-damage|p2b: Whimsicott|63/100|[from] Sandstorm
|-damage|p1a: Vaporeon|94/100|[from] Sandstorm
|-heal|p2b: Whimsicott|69/100|[from] item: Leftovers
|upkeep
|turn|7
|inactive|harv2 has 30 seconds left.
|inactive|vodking97 has 30 seconds left.
|
|t:|1784936752
|move|p1b: Raichu|Protect|p1b: Raichu
|-singleturn|p1b: Raichu|Protect
|move|p2b: Whimsicott|Tailwind|p2b: Whimsicott
|-sidestart|p2: vodking97|move: Tailwind
|move|p2a: Tyranitar|Earthquake|p1a: Vaporeon|[spread] p2b,p1a
|-activate|p1b: Raichu|move: Protect
|-resisted|p2b: Whimsicott|1
|-damage|p2b: Whimsicott|51/100
|-damage|p1a: Vaporeon|87/100
|move|p1a: Vaporeon|Acid Armor|p1a: Vaporeon
|-boost|p1a: Vaporeon|def|2
|
|-weather|Sandstorm|[upkeep]
|-damage|p2b: Whimsicott|45/100|[from] Sandstorm
|-damage|p1b: Raichu|88/100|[from] Sandstorm
|-damage|p1a: Vaporeon|81/100|[from] Sandstorm
|-heal|p2b: Whimsicott|51/100|[from] item: Leftovers
|upkeep
|turn|8
|
|t:|1784936774
|move|p2b: Whimsicott|Protect|p2b: Whimsicott
|-singleturn|p2b: Whimsicott|Protect
|move|p1b: Raichu|Protect||[still]
|-fail|p1b: Raichu
|move|p2a: Tyranitar|Earthquake|p1b: Raichu|[spread] p1a,p1b
|-activate|p2b: Whimsicott|move: Protect
|-supereffective|p1b: Raichu|1
|-damage|p1a: Vaporeon|75/100
|-damage|p1b: Raichu|0 fnt
|faint|p1b: Raichu
|move|p1a: Vaporeon|Baton Pass|p1a: Vaporeon
|
|t:|1784936779
|switch|p1a: Aggron|Aggron, L50, M|100/100|[from] Baton Pass
|
|-weather|Sandstorm|[upkeep]
|-damage|p2b: Whimsicott|45/100|[from] Sandstorm
|-heal|p2b: Whimsicott|51/100|[from] item: Leftovers
|upkeep
|
|t:|1784936784
|switch|p1b: Vaporeon|Vaporeon, L50, F|75/100
|turn|9
|inactive|vodking97 has 30 seconds left.
|
|t:|1784936809
|detailschange|p1a: Aggron|Aggron-Mega, L50, M
|-mega|p1a: Aggron|Aggron|Aggronite
|move|p2b: Whimsicott|Dazzling Gleam|p1b: Vaporeon|[spread] p1a,p1b
|-resisted|p1a: Aggron|1
|-damage|p1a: Aggron|96/100
|-damage|p1b: Vaporeon|61/100
|move|p2a: Tyranitar|Earthquake|p1a: Aggron|[spread] p2b,p1a,p1b
|-resisted|p2b: Whimsicott|1
|-supereffective|p1a: Aggron|1
|-damage|p2b: Whimsicott|34/100
|-damage|p1a: Aggron|91/100
|-damage|p1b: Vaporeon|38/100
|-enditem|p1b: Vaporeon|Sitrus Berry|[eat]
|-heal|p1b: Vaporeon|63/100|[from] item: Sitrus Berry
|move|p1b: Vaporeon|Acid Armor|p1b: Vaporeon
|-boost|p1b: Vaporeon|def|2
|move|p1a: Aggron|Heavy Slam|p2b: Whimsicott
|-supereffective|p2b: Whimsicott|1
|-damage|p2b: Whimsicott|0 fnt
|faint|p2b: Whimsicott
|
|-weather|Sandstorm|[upkeep]
|-damage|p1b: Vaporeon|57/100|[from] Sandstorm
|upkeep
|c|☆harv2|say your goodbyes bro
|
|t:|1784936831
|switch|p2b: Incineroar|Incineroar, L50, F, shiny|64/100
|-ability|p2b: Incineroar|Intimidate|boost
|-unboost|p1a: Aggron|atk|1
|-unboost|p1b: Vaporeon|atk|1
|turn|10
|
|t:|1784936843
|move|p2b: Incineroar|Protect|p2b: Incineroar
|-singleturn|p2b: Incineroar|Protect
|move|p1a: Aggron|Protect|p1a: Aggron
|-singleturn|p1a: Aggron|Protect
|move|p2a: Tyranitar|Earthquake|p1b: Vaporeon|[spread] p1b
|-activate|p2b: Incineroar|move: Protect
|-activate|p1a: Aggron|move: Protect
|-damage|p1b: Vaporeon|46/100
|move|p1b: Vaporeon|Acid Armor|p1b: Vaporeon
|-boost|p1b: Vaporeon|def|2
|
|-weather|none
|-sideend|p2: vodking97|move: Tailwind
|upkeep
|turn|11
|inactive|harv2 has 30 seconds left.
|inactive|vodking97 has 30 seconds left.
|
|t:|1784936873
|switch|p2b: Blastoise|Blastoise-Mega, L50, M, shiny|72/100
|move|p1b: Vaporeon|Calm Mind|p1b: Vaporeon
|-boost|p1b: Vaporeon|spa|1
|-boost|p1b: Vaporeon|spd|1
|move|p2a: Tyranitar|Earthquake|p1a: Aggron|[spread] p2b,p1a,p1b
|-supereffective|p1a: Aggron|1
|-damage|p2b: Blastoise|50/100y
|-damage|p1a: Aggron|86/100
|-damage|p1b: Vaporeon|39/100
|move|p1a: Aggron|Body Press|p2b: Blastoise
|-crit|p2b: Blastoise
|-damage|p2b: Blastoise|0 fnt
|faint|p2b: Blastoise
|
|upkeep
|
|t:|1784936888
|switch|p2b: Incineroar|Incineroar, L50, F, shiny|64/100
|-ability|p2b: Incineroar|Intimidate|boost
|-unboost|p1a: Aggron|atk|1
|-unboost|p1b: Vaporeon|atk|1
|turn|12
|
|t:|1784936900
|move|p1a: Aggron|Protect|p1a: Aggron
|-singleturn|p1a: Aggron|Protect
|move|p2b: Incineroar|Fake Out|p1a: Aggron
|-activate|p1a: Aggron|move: Protect
|move|p1b: Vaporeon|Rest|p1b: Vaporeon
|-status|p1b: Vaporeon|slp|[from] move: Rest
|-heal|p1b: Vaporeon|100/100 slp|[silent]
|move|p2a: Tyranitar|Rock Slide|p1a: Aggron|[spread] p1b
|-activate|p1a: Aggron|move: Protect
|-damage|p1b: Vaporeon|91/100 slp
|
|upkeep
|turn|13
|inactive|vodking97 has 30 seconds left.
|inactive|vodking97 has 20 seconds left.
|inactive|vodking97 has 15 seconds left.
|inactive|vodking97 has 10 seconds left.
|inactive|vodking97 has 5 seconds left.
|
|t:|1784936955
|cant|p1b: Vaporeon|slp
|move|p2a: Tyranitar|Earthquake|p1a: Aggron|[spread] p2b,p1a,p1b
|-supereffective|p2b: Incineroar|1
|-supereffective|p1a: Aggron|1
|-damage|p2b: Incineroar|16/100
|-damage|p1a: Aggron|81/100
|-damage|p1b: Vaporeon|85/100 slp
|move|p2b: Incineroar|Flare Blitz|p1a: Aggron
|-supereffective|p1a: Aggron|1
|-damage|p1a: Aggron|72/100
|-damage|p2b: Incineroar|13/100|[from] Recoil
|move|p1a: Aggron|Body Press|p2a: Tyranitar
|-supereffective|p2a: Tyranitar|2
|-damage|p2a: Tyranitar|0 fnt
|faint|p2a: Tyranitar
|
|upkeep
|turn|14
|inactive|vodking97 has 30 seconds left.
|inactive|vodking97 has 20 seconds left.
|inactive|vodking97 has 15 seconds left.
|inactive|vodking97 has 10 seconds left.
|inactive|vodking97 has 5 seconds left.
|-message|vodking97 lost due to inactivity.
|
|win|harv2
