|j|☆ALoafOfGarlicBread
|j|☆Moollyoolly
|html|ALoafOfGarlicBreadMoollyoolly    
|uhtml|bestof|Game 3 of a best-of-3
|t:|1757034836
|gametype|doubles
|player|p1|ALoafOfGarlicBread|pokemaniac|
|player|p2|Moollyoolly|acetrainerf-gen4dp|
|gen|9
|tier|[Gen 9] VGC 2025 Reg H (Bo3)
|rule|Species Clause: Limit one of each Pokémon
|rule|Item Clause: Limit 1 of each item
|clearpoke
|poke|p1|Tyranitar, L50, F|
|poke|p1|Houndstone, L50, M|
|poke|p1|Dondozo, L50, F|
|poke|p1|Tatsugiri, L50, M|
|poke|p1|Sinistcha-Masterpiece, L50|
|poke|p1|Gothitelle, L50, F|
|poke|p2|Florges, L50, F|
|poke|p2|Annihilape, L50, M|
|poke|p2|Blastoise, L50, M|
|poke|p2|Porygon2, L50|
|poke|p2|Ursaring, L50, F|
|poke|p2|Bronzong, L50|
|teampreview|4
|showteam|p1|Tyranitar||AssaultVest|SandStream|KnockOff,RockSlide,TeraBlast,LowKick|||F|||50|,,,,,Flying]Houndstone||FocusSash|SandRush|WillOWisp,Howl,Protect,LastRespects|||M|||50|,,,,,Ghost]Dondozo||Leftovers|Unaware|OrderUp,BodySlam,Earthquake,Protect|||F|||50|,,,,,Steel]Tatsugiri||ChoiceScarf|Commander|DracoMeteor,MuddyWater,IcyWind,Taunt|||M|||50|,,,,,Ghost]Sinistcha-Masterpiece||SitrusBerry|Hospitality|MatchaGotcha,RagePowder,ShadowBall,TrickRoom||||||50|,,,,,Water]Gothitelle||CovertCloak|ShadowTag|FakeOut,FoulPlay,Taunt,HelpingHand|||F|||50|,,,,,Dark
|showteam|p2|Florges||LifeOrb|FlowerVeil|Moonblast,PollenPuff,DrainingKiss,LightScreen|||F|||50|,,,,,Fairy]Annihilape||AssaultVest|Defiant|FinalGambit,DrainPunch,RageFist,IcePunch|||M|||50|,,,,,Fighting]Blastoise||RockyHelmet|RainDish|Haze,ChillingWater,FakeOut,Protect|||M|||50|,,,,,Water]Porygon2||Eviolite|Download|TrickRoom,Recover,IceBeam,Thunderbolt||||||50|,,,,,Ghost]Ursaring||FlameOrb|Guts|Facade,SwordsDance,Protect,IcePunch|||F|||50|,,,,,Normal]Bronzong||Leftovers|Levitate|IceSpinner,TrickRoom,Reflect,GyroBall||||||50|,,,,,Steel
|
|t:|1757034879
|teamsize|p1|4
|teamsize|p2|4
|start
|switch|p1a: coffee|Sinistcha-Masterpiece, L50|100/100
|switch|p1b: grillmaster|Gothitelle, L50, F|100/100
|switch|p2a: Bronzong|Bronzong, L50|100/100
|switch|p2b: Annihilape|Annihilape, L50, M|100/100
|turn|1
|
|t:|1757034947
|move|p1b: grillmaster|Fake Out|p2b: Annihilape
|-immune|p2b: Annihilape
|move|p2b: Annihilape|Rage Fist|p1a: coffee
|-supereffective|p1a: coffee
|-damage|p1a: coffee|53/100
|move|p1a: coffee|Trick Room|p1a: coffee
|-fieldstart|move: Trick Room|[of] p1a: coffee
|move|p2a: Bronzong|Trick Room|p2a: Bronzong
|-fieldend|move: Trick Room
|
|upkeep
|turn|2
|c|☆ALoafOfGarlicBread|I FORGOT FAKE OUT DOESNT WORK
|n|☆Moollyoolly|moollyoolly
|
|t:|1757035014
|move|p2b: Annihilape|Drain Punch|p1b: grillmaster
|-resisted|p1b: grillmaster
|-damage|p1b: grillmaster|81/100
|move|p1b: grillmaster|Foul Play|p2b: Annihilape
|-damage|p2b: Annihilape|65/100
|move|p1a: coffee|Shadow Ball|p2a: Bronzong
|-supereffective|p2a: Bronzong
|-damage|p2a: Bronzong|27/100
|move|p2a: Bronzong|Trick Room|p2a: Bronzong
|-fieldstart|move: Trick Room|[of] p2a: Bronzong
|
|-heal|p2a: Bronzong|33/100|[from] item: Leftovers
|upkeep
|turn|3
|
|t:|1757035048
|move|p2a: Bronzong|Gyro Ball|p1a: coffee
|-damage|p1a: coffee|34/100
|-enditem|p1a: coffee|Sitrus Berry|[eat]
|-heal|p1a: coffee|59/100|[from] item: Sitrus Berry
|move|p1a: coffee|Shadow Ball|p2b: Annihilape
|-supereffective|p2b: Annihilape
|-crit|p2b: Annihilape
|-damage|p2b: Annihilape|0 fnt
|faint|p2b: Annihilape
|move|p1b: grillmaster|Foul Play|p2a: Bronzong
|-supereffective|p2a: Bronzong
|-damage|p2a: Bronzong|0 fnt
|faint|p2a: Bronzong
|
|upkeep
|
|t:|1757035063
|switch|p2a: Ursaring|Ursaring, L50, F|100/100
|switch|p2b: Florges|Florges, L50, F|100/100
|turn|4
|
|t:|1757035097
|move|p2a: Ursaring|Swords Dance|p2a: Ursaring
|-boost|p2a: Ursaring|atk|2
|move|p2b: Florges|Light Screen|p2b: Florges
|-sidestart|p2: Moollyoolly|move: Light Screen
|move|p1b: grillmaster|Foul Play|p2a: Ursaring
|-crit|p2a: Ursaring
|-damage|p2a: Ursaring|0 fnt
|faint|p2a: Ursaring
|move|p1a: coffee|Trick Room|p1a: coffee
|-fieldend|move: Trick Room
|
|upkeep
|turn|5
|
|t:|1757035118
|-terastallize|p2b: Florges|Fairy
|move|p1b: grillmaster|Taunt|p2b: Florges
|-start|p2b: Florges|move: Taunt
|move|p2b: Florges|Moonblast|p1a: coffee
|-damage|p1a: coffee|0 fnt
|faint|p1a: coffee
|-damage|p2b: Florges|91/100|[from] item: Life Orb
|
|upkeep
|
|t:|1757035127
|switch|p1a: White Whale|Dondozo, L50, F|100/100
|turn|6
|
|t:|1757035136
|switch|p1b: CAPTAIN AHAB|Tatsugiri, L50, M|100/100
|-activate|p1b: CAPTAIN AHAB|ability: Commander|[of] p1a: White Whale
|-boost|p1a: White Whale|atk|2
|-boost|p1a: White Whale|spa|2
|-boost|p1a: White Whale|spe|2
|-boost|p1a: White Whale|def|2
|-boost|p1a: White Whale|spd|2
|move|p1a: White Whale|Body Slam|p2b: Florges
|-crit|p2b: Florges
|-damage|p2b: Florges|0 fnt
|faint|p2b: Florges
|
|win|ALoafOfGarlicBread
