|j|☆spellbreakvgc
|j|☆iflamercenar
|html|spellbreakvgciflamercenar    
|uhtml|bestof|Game 1 of a best-of-3
|t:|1756808753
|gametype|doubles
|player|p1|spellbreakvgc|lance|1134
|player|p2|iflamercenar|acetrainer-gen4dp|1193
|gen|9
|tier|[Gen 9] VGC 2025 Reg H (Bo3)
|rated|
|rule|Species Clause: Limit one of each Pokémon
|rule|Item Clause: Limit 1 of each item
|clearpoke
|poke|p1|Garchomp, L50, F|
|poke|p1|Weezing-Galar, L50, F|
|poke|p1|Archaludon, L50, M|
|poke|p1|Gholdengo, L50|
|poke|p1|Talonflame, L50, F|
|poke|p1|Annihilape, L50, F|
|poke|p2|Golem-Alola, L50, F|
|poke|p2|Rabsca, L50, F|
|poke|p2|Garchomp, L50, M|
|poke|p2|Talonflame, L50, F|
|poke|p2|Gholdengo, L50|
|poke|p2|Ninetales-Alola, L50, M|
|teampreview|4
|showteam|p1|Garchomp||LifeOrb|RoughSkin|DragonClaw,Earthquake,StompingTantrum,Protect|||F|||50|,,,,,Ground]Weezing-Galar||FocusSash|NeutralizingGas|Protect,SludgeBomb,Taunt,StrangeSteam|||F|||50|,,,,,Flying]Archaludon||PowerHerb|Sturdy|ElectroShot,Thunderbolt,DracoMeteor,Protect|||M|||50|,,,,,Electric]Gholdengo||ChoiceSpecs|GoodasGold|ShadowBall,DazzlingGleam,PowerGem,MakeItRain||||||50|,,,,,Fairy]Talonflame||CovertCloak|GaleWings|Tailwind,DualWingbeat,WillOWisp,FlareBlitz|||F|||50|,,,,,Stellar]Annihilape||AssaultVest|Defiant|CloseCombat,RageFist,FinalGambit,IcePunch|||F|||50|,,,,,Grass
|showteam|p2|Golem-Alola||ClearAmulet|Galvanize|Explosion,RockSlide,DoubleEdge,Protect|||F|||50|,,,,,Grass]Rabsca||LeppaBerry|Telepathy|Psychic,TrickRoom,RevivalBlessing,Protect|||F|||50|,,,,,Dark]Garchomp||LifeOrb|RoughSkin|StompingTantrum,Earthquake,DragonClaw,Protect|||M|||50|,,,,,Steel]Talonflame||CovertCloak|GaleWings|BraveBird,WillOWisp,Tailwind,Protect|||F|||50|,,,,,Grass]Gholdengo||MetalCoat|GoodasGold|MakeItRain,ShadowBall,NastyPlot,Protect||||||50|,,,,,Flying]Ninetales-Alola||LightClay|SnowWarning|Moonblast,AuroraVeil,IcyWind,Protect|||M|||50|,,,,,Water
|inactive|Battle timer is ON: inactive players will automatically lose when time's up. (requested by spellbreakvgc)
|inactive|iflamercenar has 60 seconds left.
|inactive|iflamercenar has 30 seconds left.
|
|t:|1756808837
|teamsize|p1|4
|teamsize|p2|4
|start
|switch|p1a: Talonflame|Talonflame, L50, F|100/100
|switch|p1b: Gholdengo|Gholdengo, L50|100/100
|switch|p2a: Garchomp|Garchomp, L50, M|100/100
|switch|p2b: Talonflame|Talonflame, L50, F|100/100
|turn|1
|
|t:|1756808859
|-terastallize|p1b: Gholdengo|Fairy
|move|p1a: Talonflame|Tailwind|p1a: Talonflame
|-sidestart|p1: spellbreakvgc|move: Tailwind
|move|p2b: Talonflame|Tailwind|p2b: Talonflame
|-sidestart|p2: iflamercenar|move: Tailwind
|move|p2a: Garchomp|Stomping Tantrum|p1b: Gholdengo
|-damage|p1b: Gholdengo|43/100
|-damage|p2a: Garchomp|91/100|[from] item: Life Orb
|move|p1b: Gholdengo|Dazzling Gleam|p2a: Garchomp|[spread] p2a,p2b
|-supereffective|p2a: Garchomp
|-resisted|p2b: Talonflame
|-damage|p2a: Garchomp|0 fnt
|-damage|p2b: Talonflame|70/100
|faint|p2a: Garchomp
|
|upkeep
|
|t:|1756808873
|switch|p2a: Gholdengo|Gholdengo, L50|100/100
|turn|2
|inactive|iflamercenar has 30 seconds left.
|
|t:|1756808906
|move|p1a: Talonflame|Flare Blitz|p2a: Gholdengo
|-supereffective|p2a: Gholdengo
|-damage|p2a: Gholdengo|11/100
|-status|p2a: Gholdengo|brn
|-damage|p1a: Talonflame|63/100|[from] Recoil
|move|p2b: Talonflame|Brave Bird|p1a: Talonflame
|-damage|p1a: Talonflame|10/100
|-damage|p2b: Talonflame|55/100|[from] Recoil
|move|p1b: Gholdengo|Dazzling Gleam|p2a: Gholdengo|[spread] p2a,p2b
|-resisted|p2a: Gholdengo
|-resisted|p2b: Talonflame
|-damage|p2a: Gholdengo|0 fnt
|-damage|p2b: Talonflame|22/100
|faint|p2a: Gholdengo
|
|upkeep
|
|t:|1756808915
|switch|p2a: Ninetales|Ninetales-Alola, L50, M|100/100
|-weather|Snowscape|[from] ability: Snow Warning|[of] p2a: Ninetales
|turn|3
|
|t:|1756808932
|switch|p1a: Annihilape|Annihilape, L50, F|100/100
|-terastallize|p2a: Ninetales|Water
|move|p2b: Talonflame|Brave Bird|p1b: Gholdengo
|-damage|p1b: Gholdengo|6/100
|-damage|p2b: Talonflame|9/100|[from] Recoil
|move|p2a: Ninetales|Icy Wind|p1b: Gholdengo|[spread] p1a,p1b
|-damage|p1a: Annihilape|93/100
|-damage|p1b: Gholdengo|0 fnt
|-unboost|p1a: Annihilape|spe|1
|-ability|p1a: Annihilape|Defiant|boost
|-boost|p1a: Annihilape|atk|2
|faint|p1b: Gholdengo
|
|-weather|Snowscape|[upkeep]
|upkeep
|
|t:|1756808948
|switch|p1b: Garchomp|Garchomp, L50, F|100/100
|turn|4
|
|t:|1756808969
|move|p1b: Garchomp|Protect|p1b: Garchomp
|-singleturn|p1b: Garchomp|Protect
|move|p2b: Talonflame|Will-O-Wisp|p1b: Garchomp
|-activate|p1b: Garchomp|move: Protect
|move|p2a: Ninetales|Moonblast|p1a: Annihilape
|-supereffective|p1a: Annihilape
|-damage|p1a: Annihilape|58/100
|-unboost|p1a: Annihilape|spa|1
|-ability|p1a: Annihilape|Defiant|boost
|-boost|p1a: Annihilape|atk|2
|move|p1a: Annihilape|Final Gambit|p2a: Ninetales
|-damage|p2a: Ninetales|36/100
|faint|p1a: Annihilape
|
|-weather|Snowscape|[upkeep]
|-sideend|p2: iflamercenar|move: Tailwind
|-sideend|p1: spellbreakvgc|move: Tailwind
|upkeep
|
|t:|1756808982
|switch|p1a: Talonflame|Talonflame, L50, F|10/100
|turn|5
|
|t:|1756808991
|move|p1a: Talonflame|Tailwind|p1a: Talonflame
|-sidestart|p1: spellbreakvgc|move: Tailwind
|move|p1b: Garchomp|Dragon Claw|p2a: Ninetales
|-damage|p2a: Ninetales|0 fnt
|faint|p2a: Ninetales
|-damage|p1b: Garchomp|91/100|[from] item: Life Orb
|move|p2b: Talonflame|Tailwind|p2b: Talonflame
|-sidestart|p2: iflamercenar|move: Tailwind
|
|-weather|Snowscape|[upkeep]
|upkeep
|turn|6
|-message|iflamercenar forfeited.
|
|win|spellbreakvgc
||spellbreakvgc is ready for game 2.
|inactive|iflamercenar has 30 seconds to confirm battle start!
||iflamercenar is ready for game 2.
|uhtml|next|Next: Game 2 of 3
