|j|☆MrRaffa
|html|MrRaffadontaskwhaticook    
|uhtml|bestof|Game 3 of a best-of-3
|t:|1757785362
|gametype|doubles
|player|p1|MrRaffa|n|
|player|p2|dontaskwhaticook|colress|
|gen|9
|tier|[Gen 9] VGC 2025 Reg H (Bo3)
|rule|Species Clause: Limit one of each Pokémon
|rule|Item Clause: Limit 1 of each item
|clearpoke
|poke|p1|Gholdengo, L50|
|poke|p1|Sneasler, L50, M|
|poke|p1|Rillaboom, L50, F|
|poke|p1|Dragonite, L50, F|
|poke|p1|Ninetales-Alola, L50, F|
|poke|p1|Arcanine-Hisui, L50, M|
|poke|p2|Pelipper, L50, F|
|poke|p2|Ludicolo, L50, M|
|poke|p2|Incineroar, L50, M|
|poke|p2|Ursaluna-Bloodmoon, L50, M|
|poke|p2|Amoonguss, L50, F|
|poke|p2|Archaludon, L50, M|
|teampreview|4
|showteam|p1|Gholdengo||GrassySeed|GoodasGold|NastyPlot,MakeItRain,ShadowBall,Protect||||||50|,,,,,Water]Sneasler||WhiteHerb|Unburden|CloseCombat,DireClaw,Coaching,Protect|||M|||50|,,,,,Ghost]Rillaboom||AssaultVest|GrassySurge|FakeOut,GrassyGlide,DrumBeating,HighHorsepower|||F|||50|,,,,,Fire]Dragonite||LoadedDice|Multiscale|ScaleShot,StompingTantrum,Tailwind,Protect|||F|||50|,,,,,Ground]Ninetales-Alola||FocusSash|SnowWarning|Blizzard,IcyWind,Encore,AuroraVeil|||F|||50|,,,,,Ghost]Arcanine-Hisui||ClearAmulet|Intimidate|RockSlide,FlareBlitz,ExtremeSpeed,Protect|||M|||50|,,,,,Water
|showteam|p2|Pelipper||FocusSash|Drizzle|WeatherBall,Hurricane,Tailwind,Protect|||F|||50|,,,,,Ghost]Ludicolo||LifeOrb|SwiftSwim|WeatherBall,MuddyWater,Protect,LeafStorm|||M|||50|,,,,,Water]Incineroar||SafetyGoggles|Intimidate|FakeOut,KnockOff,PartingShot,Taunt|||M|||50|,,,,,Ghost]Ursaluna-Bloodmoon||AssaultVest|MindsEye|BloodMoon,HyperVoice,EarthPower,VacuumWave|||M|||50|,,,,,Grass]Amoonguss||SitrusBerry|Regenerator|ClearSmog,Spore,RagePowder,Protect|||F|||50|,,,,,Fairy]Archaludon||PowerHerb|Sturdy|ElectroShot,DragonPulse,FlashCannon,Protect|||M|||50|,,,,,Electric
|j|☆dontaskwhaticook
|player|p2|dontaskwhaticook|colress|
|inactive|Battle timer is ON: inactive players will automatically lose when time's up. (requested by MrRaffa)
|c|☆dontaskwhaticook|Ty
|
|t:|1757785385
|teamsize|p1|4
|teamsize|p2|4
|start
|switch|p1a: Gholdengo|Gholdengo, L50|100/100
|switch|p1b: Rillaboom|Rillaboom, L50, F|100/100
|switch|p2a: Ludicolo|Ludicolo, L50, M, shiny|100/100
|switch|p2b: Incineroar|Incineroar, L50, M|100/100
|-fieldstart|move: Grassy Terrain|[from] ability: Grassy Surge|[of] p1b: Rillaboom
|-enditem|p1a: Gholdengo|Grassy Seed
|-boost|p1a: Gholdengo|def|1|[from] item: Grassy Seed
|-ability|p2b: Incineroar|Intimidate|boost
|-unboost|p1a: Gholdengo|atk|1
|-unboost|p1b: Rillaboom|atk|1
|turn|1
|
|t:|1757785405
|move|p2a: Ludicolo|Protect|p2a: Ludicolo
|-singleturn|p2a: Ludicolo|Protect
|move|p1b: Rillaboom|Fake Out|p2a: Ludicolo
|-activate|p2a: Ludicolo|move: Protect
|move|p1a: Gholdengo|Nasty Plot|p1a: Gholdengo
|-boost|p1a: Gholdengo|spa|2
|move|p2b: Incineroar|Knock Off|p1b: Rillaboom
|-damage|p1b: Rillaboom|60/100
|-enditem|p1b: Rillaboom|Assault Vest|[from] move: Knock Off|[of] p2b: Incineroar
|
|-heal|p1b: Rillaboom|66/100|[from] Grassy Terrain
|upkeep
|turn|2
|inactive|dontaskwhaticook has 30 seconds left.
|
|t:|1757785430
|switch|p2b: Pelipper|Pelipper, L50, F|100/100
|-weather|RainDance|[from] ability: Drizzle|[of] p2b: Pelipper
|move|p1a: Gholdengo|Protect|p1a: Gholdengo
|-singleturn|p1a: Gholdengo|Protect
|move|p2a: Ludicolo|Leaf Storm|p1a: Gholdengo
|-activate|p1a: Gholdengo|move: Protect
|move|p1b: Rillaboom|Drum Beating|p2a: Ludicolo
|-damage|p2a: Ludicolo|54/100
|-unboost|p2a: Ludicolo|spe|1
|
|-weather|RainDance|[upkeep]
|-heal|p2a: Ludicolo|60/100|[from] Grassy Terrain
|-heal|p1b: Rillaboom|72/100|[from] Grassy Terrain
|upkeep
|turn|3
|
|t:|1757785447
|switch|p1b: Ninetales|Ninetales-Alola, L50, F|100/100
|-weather|Snowscape|[from] ability: Snow Warning|[of] p1b: Ninetales
|switch|p2b: Incineroar|Incineroar, L50, M|100/100
|-ability|p2b: Incineroar|Intimidate|boost
|-unboost|p1a: Gholdengo|atk|1
|-unboost|p1b: Ninetales|atk|1
|move|p2a: Ludicolo|Protect|p2a: Ludicolo
|-singleturn|p2a: Ludicolo|Protect
|move|p1a: Gholdengo|Shadow Ball|p2b: Incineroar
|-resisted|p2b: Incineroar
|-crit|p2b: Incineroar
|-damage|p2b: Incineroar|58/100
|
|-weather|Snowscape|[upkeep]
|-heal|p2b: Incineroar|64/100|[from] Grassy Terrain
|-heal|p2a: Ludicolo|66/100|[from] Grassy Terrain
|upkeep
|turn|4
|inactive|dontaskwhaticook has 30 seconds left.
|inactive|dontaskwhaticook has 20 seconds left.
|
|t:|1757785483
|switch|p1b: Rillaboom|Rillaboom, L50, F|72/100
|switch|p2b: Pelipper|Pelipper, L50, F|100/100
|-weather|RainDance|[from] ability: Drizzle|[of] p2b: Pelipper
|-terastallize|p2a: Ludicolo|Water
|move|p1a: Gholdengo|Protect|p1a: Gholdengo
|-singleturn|p1a: Gholdengo|Protect
|move|p2a: Ludicolo|Weather Ball|p1a: Gholdengo
|-activate|p1a: Gholdengo|move: Protect
|
|-weather|RainDance|[upkeep]
|-heal|p2a: Ludicolo|71/100|[from] Grassy Terrain
|-heal|p1b: Rillaboom|78/100|[from] Grassy Terrain
|upkeep
|turn|5
|inactive|MrRaffa has 30 seconds left.
|
|t:|1757785513
|switch|p2b: Incineroar|Incineroar, L50, M|64/100
|-ability|p2b: Incineroar|Intimidate|boost
|-unboost|p1a: Gholdengo|atk|1
|-unboost|p1b: Rillaboom|atk|1
|-terastallize|p1a: Gholdengo|Water
|move|p2a: Ludicolo|Protect|p2a: Ludicolo
|-singleturn|p2a: Ludicolo|Protect
|move|p1b: Rillaboom|Fake Out|p2a: Ludicolo
|-activate|p2a: Ludicolo|move: Protect
|move|p1a: Gholdengo|Shadow Ball|p2b: Incineroar
|-resisted|p2b: Incineroar
|-damage|p2b: Incineroar|33/100
|
|-weather|RainDance|[upkeep]
|-heal|p2a: Ludicolo|77/100|[from] Grassy Terrain
|-heal|p1b: Rillaboom|84/100|[from] Grassy Terrain
|-heal|p2b: Incineroar|39/100|[from] Grassy Terrain
|-fieldend|move: Grassy Terrain
|upkeep
|turn|6
|inactive|dontaskwhaticook has 30 seconds left.
|
|t:|1757785541
|move|p1a: Gholdengo|Protect|p1a: Gholdengo
|-singleturn|p1a: Gholdengo|Protect
|move|p2b: Incineroar|Fake Out|p1b: Rillaboom
|-damage|p1b: Rillaboom|72/100
|move|p2a: Ludicolo|Weather Ball|p1b: Rillaboom
|-resisted|p1b: Rillaboom
|-damage|p1b: Rillaboom|2/100
|-damage|p2a: Ludicolo|68/100|[from] item: Life Orb
|cant|p1b: Rillaboom|flinch
|
|-weather|RainDance|[upkeep]
|upkeep
|turn|7
|
|t:|1757785564
|switch|p1a: Sneasler|Sneasler, L50, M|100/100
|move|p2a: Ludicolo|Leaf Storm|p1a: Sneasler
|-resisted|p1a: Sneasler
|-damage|p1a: Sneasler|57/100
|-unboost|p2a: Ludicolo|spa|2
|-damage|p2a: Ludicolo|58/100|[from] item: Life Orb
|move|p1b: Rillaboom|Drum Beating|p2a: Ludicolo
|-supereffective|p2a: Ludicolo
|-damage|p2a: Ludicolo|0 fnt
|faint|p2a: Ludicolo
|move|p2b: Incineroar|Knock Off|p1b: Rillaboom
|-damage|p1b: Rillaboom|0 fnt
|faint|p1b: Rillaboom
|
|-weather|RainDance|[upkeep]
|upkeep
|
|t:|1757785577
|switch|p1b: Gholdengo|Gholdengo, L50, tera:Water|100/100
|switch|p2a: Archaludon|Archaludon, L50, M|100/100
|turn|8
|inactive|dontaskwhaticook has 30 seconds left.
|
|t:|1757785612
|move|p1a: Sneasler|Close Combat|p2a: Archaludon
|-supereffective|p2a: Archaludon
|-ability|p2a: Archaludon|Sturdy
|-damage|p2a: Archaludon|1/100
|-unboost|p1a: Sneasler|def|1
|-unboost|p1a: Sneasler|spd|1
|-enditem|p1a: Sneasler|White Herb
|-clearnegativeboost|p1a: Sneasler|[silent]
|move|p2a: Archaludon|Electro Shot||[still]
|-prepare|p2a: Archaludon|Electro Shot
|-boost|p2a: Archaludon|spa|1
|-anim|p2a: Archaludon|Electro Shot|p1b: Gholdengo
|-supereffective|p1b: Gholdengo
|-damage|p1b: Gholdengo|0 fnt
|faint|p1b: Gholdengo
|move|p2b: Incineroar|Knock Off|p1a: Sneasler
|-resisted|p1a: Sneasler
|-damage|p1a: Sneasler|41/100
|
|-weather|none
|upkeep
|
|t:|1757785617
|switch|p1b: Ninetales|Ninetales-Alola, L50, F|100/100
|-weather|Snowscape|[from] ability: Snow Warning|[of] p1b: Ninetales
|turn|9
|inactive|dontaskwhaticook has 30 seconds left.
|
|t:|1757785652
|switch|p2b: Pelipper|Pelipper, L50, F|100/100
|-weather|RainDance|[from] ability: Drizzle|[of] p2b: Pelipper
|move|p1a: Sneasler|Dire Claw|p2b: Pelipper
|-damage|p2b: Pelipper|43/100
|-status|p2b: Pelipper|par
|move|p1b: Ninetales|Blizzard|p2b: Pelipper|[spread] p2a,p2b
|-damage|p2a: Archaludon|0 fnt
|-damage|p2b: Pelipper|0 fnt
|faint|p2a: Archaludon
|faint|p2b: Pelipper
|
|-weather|RainDance|[upkeep]
|upkeep
|
|t:|1757785663
|switch|p2b: Incineroar|Incineroar, L50, M|39/100
|-ability|p2b: Incineroar|Intimidate|boost
|-unboost|p1a: Sneasler|atk|1
|-unboost|p1b: Ninetales|atk|1
|turn|10
|c|☆dontaskwhaticook|ggs
|
|t:|1757785676
|move|p1a: Sneasler|Close Combat|p2b: Incineroar
|-supereffective|p2b: Incineroar
|-damage|p2b: Incineroar|0 fnt
|-unboost|p1a: Sneasler|def|1
|-unboost|p1a: Sneasler|spd|1
|faint|p2b: Incineroar
|
|win|MrRaffa
|c|☆MrRaffa|Gg
