|j|☆trypy
|j|☆sinduhquil
|html|trypysinduhquil    
|uhtml|bestof|Game 2 of a best-of-3
|t:|1784683690
|gametype|doubles
|player|p1|trypy|101|
|player|p2|sinduhquil|flannery|
|gen|9
|tier|[Gen 9 Champions] VGC 2026 Reg M-B (Bo3)
|rule|Species Clause: Limit one of each Pokémon
|rule|Item Clause: Limit 1 of each item
|clearpoke
|poke|p1|Garchomp, L50, M, shiny|
|poke|p1|Aerodactyl, L50, M|
|poke|p1|Slowbro, L50, M, shiny|
|poke|p1|Charizard, L50, M, shiny|
|poke|p1|Sylveon, L50, F, shiny|
|poke|p1|Incineroar, L50, M, shiny|
|poke|p2|Gengar, L50, F, shiny|
|poke|p2|Scrafty, L50, F|
|poke|p2|Rotom-Wash, L50, shiny|
|poke|p2|Samurott, L50, F, shiny|
|poke|p2|Ninetales-Alola, L50, M, shiny|
|poke|p2|Dragonite, L50, M, shiny|
|teampreview|4
|showteam|p1|Garchomp||WhiteHerb|RoughSkin|Earthquake,Protect,RockSlide,DragonClaw|Jolly||M|||50|]Aerodactyl||FocusSash|Unnerve|Tailwind,Protect,RockSlide,Earthquake|Jolly||M|||50|]Slowbro||Leftovers|Regenerator|Protect,Psychic,TrickRoom,Flamethrower|Sassy||M|||50|]Charizard||CharizarditeY|Blaze|HeatWave,SolarBeam,Protect,Roost|Modest||M|||50|]Sylveon||KebiaBerry|Pixilate|ShadowBall,HyperVoice,Protect,HyperBeam|Modest||F|||50|]Incineroar||ChoiceScarf|Intimidate|PartingShot,FlareBlitz,DarkestLariat,FakeOut|Adamant||M|||50|
|showteam|p2|Gengar||Gengarite|CursedBody|Thunderbolt,SludgeBomb,ShadowBall,Protect|Modest||F|||50|]Scrafty||RoseliBerry|Intimidate|FakeOut,CloseCombat,DrainPunch,Protect|Adamant||F|||50|]Rotom-Wash||ChoiceScarf|Levitate|VoltSwitch,HydroPump,Thunderbolt,WillOWisp|Timid|||||50|]Samurott||LifeOrb|Torrent|AquaJet,RainDance,Protect,Liquidation|Adamant||F|||50|]Ninetales-Alola||FocusSash|SnowWarning|Blizzard,AuroraVeil,Snowscape,Protect|Timid||M|||50|]Dragonite||Dragoninite|Multiscale|Tailwind,IcePunch,RockSlide,Protect|Adamant||M|||50|
|j| greatox17
|
|t:|1784683717
|teamsize|p1|4
|teamsize|p2|4
|start
|switch|p1a: VroomVroom|Aerodactyl, L50, M|100/100
|switch|p1b: Fake out?|Charizard, L50, M, shiny|100/100
|switch|p2a: FloatingOnAir|Dragonite, L50, M, shiny|100/100
|switch|p2b: Im Beautiful|Ninetales-Alola, L50, M, shiny|100/100
|-ability|p1a: VroomVroom|Unnerve
|-weather|Snowscape|[from] ability: Snow Warning|[of] p2b: Im Beautiful
|turn|1
|
|t:|1784683741
|detailschange|p1b: Fake out?|Charizard-Mega-Y, L50, M, shiny
|-mega|p1b: Fake out?|Charizard|Charizardite Y
|-weather|SunnyDay|[from] ability: Drought|[of] p1b: Fake out?
|move|p1a: VroomVroom|Tailwind|p1a: VroomVroom
|-sidestart|p1: trypy|move: Tailwind
|move|p1b: Fake out?|Heat Wave|p2b: Im Beautiful|[spread] p2a,p2b
|-resisted|p2a: FloatingOnAir|1
|-supereffective|p2b: Im Beautiful|1
|-damage|p2a: FloatingOnAir|83/100
|-enditem|p2b: Im Beautiful|Focus Sash
|-damage|p2b: Im Beautiful|1/100
|-status|p2a: FloatingOnAir|brn
|move|p2b: Im Beautiful|Aurora Veil||[still]
|-fail|p2b: Im Beautiful
|move|p2a: FloatingOnAir|Rock Slide|p1a: VroomVroom|[spread] p1a,p1b
|-supereffective|p1a: VroomVroom|1
|-supereffective|p1b: Fake out?|2
|-damage|p1a: VroomVroom|61/100
|-damage|p1b: Fake out?|45/100
|
|-weather|SunnyDay|[upkeep]
|-damage|p2a: FloatingOnAir|77/100 brn|[from] brn
|upkeep
|turn|2
|
|t:|1784683802
|move|p2b: Im Beautiful|Protect|p2b: Im Beautiful
|-singleturn|p2b: Im Beautiful|Protect
|move|p1a: VroomVroom|Rock Slide|p2a: FloatingOnAir|[spread] p2a
|-activate|p2b: Im Beautiful|move: Protect
|-supereffective|p2a: FloatingOnAir|1
|-damage|p2a: FloatingOnAir|25/100 brn
|move|p1b: Fake out?|Roost|p1b: Fake out?
|-heal|p1b: Fake out?|96/100
|-singleturn|p1b: Fake out?|move: Roost
|cant|p2a: FloatingOnAir|flinch
|
|-weather|SunnyDay|[upkeep]
|-damage|p2a: FloatingOnAir|19/100 brn|[from] brn
|upkeep
|turn|3
|
|t:|1784683823
|switch|p2b: Saggy Pants|Scrafty, L50, F|100/100
|-ability|p2b: Saggy Pants|Intimidate|boost
|-unboost|p1a: VroomVroom|atk|1
|-unboost|p1b: Fake out?|atk|1
|move|p2a: FloatingOnAir|Protect|p2a: FloatingOnAir
|-singleturn|p2a: FloatingOnAir|Protect
|move|p1a: VroomVroom|Rock Slide|p2b: Saggy Pants|[spread] p2b
|-activate|p2a: FloatingOnAir|move: Protect
|-resisted|p2b: Saggy Pants|1
|-damage|p2b: Saggy Pants|92/100
|move|p1b: Fake out?|Heat Wave|p2a: FloatingOnAir|[spread] 
|-activate|p2a: FloatingOnAir|move: Protect
|-miss|p1b: Fake out?|p2b: Saggy Pants
|
|-weather|SunnyDay|[upkeep]
|-damage|p2a: FloatingOnAir|13/100 brn|[from] brn
|upkeep
|turn|4
|
|t:|1784683859
|switch|p2a: Im Beautiful|Ninetales-Alola, L50, M, shiny|1/100
|-weather|Snowscape|[from] ability: Snow Warning|[of] p2a: Im Beautiful
|move|p1a: VroomVroom|Protect|p1a: VroomVroom
|-singleturn|p1a: VroomVroom|Protect
|move|p1b: Fake out?|Protect|p1b: Fake out?
|-singleturn|p1b: Fake out?|Protect
|move|p2b: Saggy Pants|Fake Out|p1b: Fake out?
|-activate|p1b: Fake out?|move: Protect
|
|-weather|Snowscape|[upkeep]
|-sideend|p1: trypy|move: Tailwind
|upkeep
|turn|5
|
|t:|1784683911
|switch|p1b: Tigerspite|Incineroar, L50, M, shiny|100/100
|-ability|p1b: Tigerspite|Intimidate|boost
|-unboost|p2a: Im Beautiful|atk|1
|-unboost|p2b: Saggy Pants|atk|1
|move|p2a: Im Beautiful|Protect|p2a: Im Beautiful
|-singleturn|p2a: Im Beautiful|Protect
|move|p1a: VroomVroom|Rock Slide|p2a: Im Beautiful|[spread] p2b
|-activate|p2a: Im Beautiful|move: Protect
|-resisted|p2b: Saggy Pants|1
|-damage|p2b: Saggy Pants|85/100
|move|p2b: Saggy Pants|Close Combat|p1a: VroomVroom
|-damage|p1a: VroomVroom|7/100
|-unboost|p2b: Saggy Pants|def|1
|-unboost|p2b: Saggy Pants|spd|1
|
|-weather|Snowscape|[upkeep]
|upkeep
|turn|6
|
|t:|1784683956
|switch|p2a: Minigolf Hole|Gengar, L50, F, shiny|100/100
|switch|p2b: FloatingOnAir|Dragonite, L50, M, shiny|13/100 brn
|move|p1b: Tigerspite|Fake Out|p2a: Minigolf Hole
|-immune|p2a: Minigolf Hole
|move|p1a: VroomVroom|Tailwind|p1a: VroomVroom
|-sidestart|p1: trypy|move: Tailwind
|
|-weather|Snowscape|[upkeep]
|-damage|p2b: FloatingOnAir|7/100 brn|[from] brn
|upkeep
|turn|7
|
|t:|1784684006
|switch|p1b: Scream Queen|Sylveon, L50, F, shiny|100/100
|detailschange|p2a: Minigolf Hole|Gengar-Mega, L50, F, shiny
|-mega|p2a: Minigolf Hole|Gengar|Gengarite
|move|p1a: VroomVroom|Earthquake|p2b: FloatingOnAir|[spread] p1b,p2a
|-immune|p2b: FloatingOnAir
|-supereffective|p2a: Minigolf Hole|1
|-damage|p1b: Scream Queen|81/100
|-damage|p2a: Minigolf Hole|53/100
|move|p2a: Minigolf Hole|Sludge Bomb|p1b: Scream Queen
|-supereffective|p1b: Scream Queen|1
|-enditem|p1b: Scream Queen|Kebia Berry|[eat]
|-enditem|p1b: Scream Queen|Kebia Berry|[weaken]
|-damage|p1b: Scream Queen|40/100
|move|p2b: FloatingOnAir|Rock Slide|p1b: Scream Queen|[spread] p1a
|-miss|p2b: FloatingOnAir|p1b: Scream Queen
|-supereffective|p1a: VroomVroom|1
|-damage|p1a: VroomVroom|0 fnt
|faint|p1a: VroomVroom
|
|-weather|Snowscape|[upkeep]
|-damage|p2b: FloatingOnAir|1/100 brn|[from] brn
|upkeep
|
|t:|1784684029
|switch|p1a: Fake out?|Charizard-Mega-Y, L50, M, shiny|96/100
|-weather|SunnyDay|[from] ability: Drought|[of] p1a: Fake out?
|turn|8
|
|t:|1784684050
|switch|p2b: Im Beautiful|Ninetales-Alola, L50, M, shiny|1/100
|-weather|Snowscape|[from] ability: Snow Warning|[of] p2b: Im Beautiful
|move|p2a: Minigolf Hole|Protect|p2a: Minigolf Hole
|-singleturn|p2a: Minigolf Hole|Protect
|move|p1a: Fake out?|Heat Wave|p2b: Im Beautiful|[spread] p2b
|-activate|p2a: Minigolf Hole|move: Protect
|-supereffective|p2b: Im Beautiful|1
|-damage|p2b: Im Beautiful|0 fnt
|faint|p2b: Im Beautiful
|move|p1b: Scream Queen|Hyper Voice|p2a: Minigolf Hole
|-activate|p2a: Minigolf Hole|move: Protect
|
|-weather|Snowscape|[upkeep]
|upkeep
|
|t:|1784684066
|switch|p2b: Saggy Pants|Scrafty, L50, F|85/100
|-ability|p2b: Saggy Pants|Intimidate|boost
|-unboost|p1a: Fake out?|atk|1
|-unboost|p1b: Scream Queen|atk|1
|turn|9
|
|t:|1784684091
|switch|p2a: FloatingOnAir|Dragonite, L50, M, shiny|1/100 brn
|move|p1a: Fake out?|Protect|p1a: Fake out?
|-singleturn|p1a: Fake out?|Protect
|move|p1b: Scream Queen|Protect|p1b: Scream Queen
|-singleturn|p1b: Scream Queen|Protect
|move|p2b: Saggy Pants|Fake Out|p1b: Scream Queen
|-activate|p1b: Scream Queen|move: Protect
|
|-weather|Snowscape|[upkeep]
|-damage|p2a: FloatingOnAir|0 fnt|[from] brn
|faint|p2a: FloatingOnAir
|-sideend|p1: trypy|move: Tailwind
|upkeep
|
|t:|1784684102
|switch|p2a: Minigolf Hole|Gengar-Mega, L50, F, shiny|53/100
|turn|10
|
|t:|1784684115
|move|p2a: Minigolf Hole|Sludge Bomb|p1b: Scream Queen
|-supereffective|p1b: Scream Queen|1
|-crit|p1b: Scream Queen
|-damage|p1b: Scream Queen|0 fnt
|faint|p1b: Scream Queen
|move|p1a: Fake out?|Heat Wave|p2b: Saggy Pants|[spread] p2a,p2b
|-crit|p2b: Saggy Pants
|-damage|p2a: Minigolf Hole|0 fnt
|-damage|p2b: Saggy Pants|19/100
|faint|p2a: Minigolf Hole
|move|p2b: Saggy Pants|Close Combat|p1a: Fake out?
|-resisted|p1a: Fake out?|1
|-damage|p1a: Fake out?|63/100
|-unboost|p2b: Saggy Pants|def|1
|-unboost|p2b: Saggy Pants|spd|1
|
|-weather|Snowscape|[upkeep]
|upkeep
|
|t:|1784684129
|switch|p1b: Tigerspite|Incineroar, L50, M, shiny|100/100
|-ability|p1b: Tigerspite|Intimidate|boost
|-unboost|p2b: Saggy Pants|atk|1
|turn|11
|
|t:|1784684140
|move|p2b: Saggy Pants|Protect|p2b: Saggy Pants
|-singleturn|p2b: Saggy Pants|Protect
|move|p1b: Tigerspite|Fake Out|p2b: Saggy Pants
|-activate|p2b: Saggy Pants|move: Protect
|move|p1a: Fake out?|Heat Wave|p2b: Saggy Pants
|-activate|p2b: Saggy Pants|move: Protect
|
|-weather|Snowscape|[upkeep]
|upkeep
|turn|12
|
|t:|1784684153
|move|p1a: Fake out?|Heat Wave|p2b: Saggy Pants|[miss]
|-miss|p1a: Fake out?|p2b: Saggy Pants
|-activate|p1b: Tigerspite|move: Struggle
|move|p1b: Tigerspite|Struggle|p2b: Saggy Pants
|-damage|p2b: Saggy Pants|0 fnt
|faint|p2b: Saggy Pants
|-damage|p1b: Tigerspite|74/100|[from] recoil
|
|win|trypy
