|j|☆jirkunow
|j|☆fralb14
|html|jirkunowfralb14    
|uhtml|bestof|Game 2 of a best-of-3
|t:|1756285798
|gametype|doubles
|player|p1|jirkunow|265|1105
|player|p2|fralb14|170|1126
|gen|9
|tier|[Gen 9] VGC 2025 Reg H (Bo3)
|rated|
|rule|Species Clause: Limit one of each Pokémon
|rule|Item Clause: Limit 1 of each item
|clearpoke
|poke|p1|Sneasler, L50, M|
|poke|p1|Gholdengo, L50|
|poke|p1|Rillaboom, L50, M|
|poke|p1|Incineroar, L50, F|
|poke|p1|Ursaluna-Bloodmoon, L50, M|
|poke|p1|Electabuzz, L50, M|
|poke|p2|Gholdengo, L50|
|poke|p2|Pelipper, L50, F|
|poke|p2|Archaludon, L50, M|
|poke|p2|Sinistcha, L50|
|poke|p2|Ursaluna, L50, M|
|poke|p2|Dragonite, L50, M|
|teampreview|4
|showteam|p1|Sneasler||FocusSash|PoisonTouch|Protect,CloseCombat,Taunt,DireClaw|||M|||50|,,,,,Fighting]Gholdengo||LifeOrb|GoodasGold|MakeItRain,Protect,ShadowBall,NastyPlot||||||50|,,,,,Water]Rillaboom||AssaultVest|GrassySurge|Uturn,GrassyGlide,FakeOut,KnockOff|||M|||50|,,,,,Fire]Incineroar||SafetyGoggles|Intimidate|FakeOut,WillOWisp,PartingShot,FlareBlitz|||F|||50|,,,,,Ghost]Ursaluna-Bloodmoon||ThroatSpray|MindsEye|VacuumWave,HyperVoice,BloodMoon,Protect|||M|||50|,,,,,Ground]Electabuzz||Eviolite|Static|Electroweb,FollowMe,Protect,HelpingHand|||M|||50|,,,,,Flying
|showteam|p2|Gholdengo||ChoiceScarf|GoodasGold|MakeItRain,ShadowBall,Trick,Protect||||||50|,,,,,Flying]Pelipper||FocusSash|Drizzle|WeatherBall,Hurricane,Tailwind,Protect|||F|||50|,,,,,Ghost]Archaludon||AssaultVest|Stamina|ElectroShot,FlashCannon,BodyPress,Snarl|||M|||50|,,,,,Fighting]Sinistcha||SitrusBerry|Hospitality|MatchaGotcha,LifeDew,RagePowder,TrickRoom||||||50|,,,,,Dark]Ursaluna||FlameOrb|Guts|HeadlongRush,Earthquake,Facade,Protect|||M|||50|,,,,,Ghost]Dragonite||LoadedDice|Multiscale|ScaleShot,Haze,Tailwind,Protect|||M|||50|,,,,,Fairy
|inactive|Battle timer is ON: inactive players will automatically lose when time's up. (requested by fralb14)
|inactive|fralb14 has 60 seconds left.
|inactive|fralb14 has 30 seconds left.
|inactive|fralb14 has 20 seconds left.
|
|t:|1756285869
|teamsize|p1|4
|teamsize|p2|4
|start
|switch|p1a: Gholdengo|Gholdengo, L50|100/100
|switch|p1b: Rillaboom|Rillaboom, L50, M|100/100
|switch|p2a: Dragonite|Dragonite, L50, M|100/100
|switch|p2b: Archaludon|Archaludon, L50, M|100/100
|-fieldstart|move: Grassy Terrain|[from] ability: Grassy Surge|[of] p1b: Rillaboom
|turn|1
|inactive|jirkunow has 30 seconds left.
|inactive|jirkunow has 20 seconds left.
|inactive|jirkunow has 15 seconds left.
|inactive|jirkunow has 10 seconds left.
|inactive|jirkunow has 5 seconds left.
|
|t:|1756285921
|-terastallize|p1a: Gholdengo|Water
|move|p1b: Rillaboom|Fake Out|p2a: Dragonite
|-damage|p2a: Dragonite|93/100
|cant|p2a: Dragonite|flinch
|move|p2b: Archaludon|Snarl|p1b: Rillaboom|[spread] p1a,p1b
|-damage|p1a: Gholdengo|88/100
|-damage|p1b: Rillaboom|93/100
|-unboost|p1a: Gholdengo|spa|1
|-unboost|p1b: Rillaboom|spa|1
|move|p1a: Gholdengo|Nasty Plot|p1a: Gholdengo
|-boost|p1a: Gholdengo|spa|2
|
|-heal|p1b: Rillaboom|99/100|[from] Grassy Terrain
|-heal|p1a: Gholdengo|94/100|[from] Grassy Terrain
|upkeep
|turn|2
|inactive|fralb14 has 30 seconds left.
|inactive|fralb14 has 20 seconds left.
|inactive|fralb14 has 15 seconds left.
|inactive|fralb14 has 10 seconds left.
|
|t:|1756285966
|move|p2a: Dragonite|Scale Shot|p1b: Rillaboom
|-damage|p1b: Rillaboom|84/100
|-damage|p1b: Rillaboom|67/100
|-damage|p1b: Rillaboom|51/100
|-damage|p1b: Rillaboom|35/100
|-damage|p1b: Rillaboom|20/100
|-hitcount|p1b: Rillaboom|5
|-unboost|p2a: Dragonite|def|1
|-boost|p2a: Dragonite|spe|1
|move|p1b: Rillaboom|Knock Off|p2a: Dragonite
|-damage|p2a: Dragonite|36/100
|-enditem|p2a: Dragonite|Loaded Dice|[from] move: Knock Off|[of] p1b: Rillaboom
|move|p2b: Archaludon|Snarl|p1b: Rillaboom|[spread] p1a,p1b
|-damage|p1a: Gholdengo|81/100
|-damage|p1b: Rillaboom|12/100
|-unboost|p1a: Gholdengo|spa|1
|-unboost|p1b: Rillaboom|spa|1
|move|p1a: Gholdengo|Nasty Plot|p1a: Gholdengo
|-boost|p1a: Gholdengo|spa|2
|
|-heal|p1b: Rillaboom|18/100|[from] Grassy Terrain
|-heal|p1a: Gholdengo|87/100|[from] Grassy Terrain
|upkeep
|turn|3
|inactive|fralb14 has 30 seconds left.
|
|t:|1756285998
|switch|p1b: Incineroar|Incineroar, L50, F|100/100
|-ability|p1b: Incineroar|Intimidate|boost
|-unboost|p2a: Dragonite|atk|1
|-unboost|p2b: Archaludon|atk|1
|move|p2a: Dragonite|Haze|p2a: Dragonite
|-clearallboost
|move|p2b: Archaludon|Body Press|p1b: Incineroar
|-supereffective|p1b: Incineroar
|-damage|p1b: Incineroar|43/100
|move|p1a: Gholdengo|Make It Rain|p2a: Dragonite|[spread] p2a,p2b
|-resisted|p2b: Archaludon
|-damage|p2a: Dragonite|0 fnt
|-damage|p2b: Archaludon|79/100
|-unboost|p1a: Gholdengo|spa|1
|-ability|p2b: Archaludon|Stamina|boost
|-boost|p2b: Archaludon|def|1
|faint|p2a: Dragonite
|-damage|p1a: Gholdengo|77/100|[from] item: Life Orb
|
|-heal|p1b: Incineroar|48/100|[from] Grassy Terrain
|-heal|p2b: Archaludon|85/100|[from] Grassy Terrain
|-heal|p1a: Gholdengo|83/100|[from] Grassy Terrain
|upkeep
|inactive|fralb14 has 30 seconds left.
|
|t:|1756286028
|switch|p2a: Gholdengo|Gholdengo, L50|100/100
|turn|4
|
|t:|1756286055
|switch|p1a: Ursaluna|Ursaluna-Bloodmoon, L50, M|100/100
|move|p2a: Gholdengo|Shadow Ball|p1b: Incineroar
|-resisted|p1b: Incineroar
|-damage|p1b: Incineroar|24/100
|move|p1b: Incineroar|Parting Shot|p2b: Archaludon
|-unboost|p2b: Archaludon|atk|1
|-unboost|p2b: Archaludon|spa|1
|
|t:|1756286064
|switch|p1b: Gholdengo|Gholdengo, L50, tera:Water|83/100|[from] Parting Shot
|move|p2b: Archaludon|Body Press|p1b: Gholdengo
|-damage|p1b: Gholdengo|45/100
|
|-heal|p2b: Archaludon|91/100|[from] Grassy Terrain
|-heal|p1b: Gholdengo|51/100|[from] Grassy Terrain
|upkeep
|turn|5
|inactive|jirkunow has 30 seconds left.
|inactive|fralb14 has 30 seconds left.
|inactive|fralb14 has 20 seconds left.
|inactive|fralb14 has 15 seconds left.
|inactive|fralb14 has 10 seconds left.
|inactive|jirkunow has 20 seconds left.
|
|t:|1756286114
|switch|p2a: Sinistcha|Sinistcha, L50|100/100
|-heal|p2b: Archaludon|100/100|[from] ability: Hospitality|[of] p2a: Sinistcha
|move|p2b: Archaludon|Body Press|p1a: Ursaluna
|-supereffective|p1a: Ursaluna
|-damage|p1a: Ursaluna|42/100
|move|p1b: Gholdengo|Shadow Ball|p2a: Sinistcha
|-supereffective|p2a: Sinistcha
|-damage|p2a: Sinistcha|0 fnt
|faint|p2a: Sinistcha
|-damage|p1b: Gholdengo|42/100|[from] item: Life Orb
|move|p1a: Ursaluna|Hyper Voice|p2b: Archaludon
|-resisted|p2b: Archaludon
|-damage|p2b: Archaludon|85/100
|-ability|p2b: Archaludon|Stamina|boost
|-boost|p2b: Archaludon|def|1
|-enditem|p1a: Ursaluna|Throat Spray
|-boost|p1a: Ursaluna|spa|1|[from] item: Throat Spray
|
|-heal|p2b: Archaludon|91/100|[from] Grassy Terrain
|-heal|p1b: Gholdengo|48/100|[from] Grassy Terrain
|-heal|p1a: Ursaluna|48/100|[from] Grassy Terrain
|-fieldend|move: Grassy Terrain
|upkeep
|
|t:|1756286136
|switch|p2a: Gholdengo|Gholdengo, L50|100/100
|turn|6
|
|t:|1756286152
|move|p1a: Ursaluna|Protect|p1a: Ursaluna
|-singleturn|p1a: Ursaluna|Protect
|move|p2a: Gholdengo|Shadow Ball|p1b: Gholdengo
|-damage|p1b: Gholdengo|1/100
|move|p2b: Archaludon|Body Press|p1a: Ursaluna
|-activate|p1a: Ursaluna|move: Protect
|move|p1b: Gholdengo|Shadow Ball|p2a: Gholdengo
|-supereffective|p2a: Gholdengo
|-damage|p2a: Gholdengo|0 fnt
|faint|p2a: Gholdengo
|-damage|p1b: Gholdengo|0 fnt|[from] item: Life Orb
|faint|p1b: Gholdengo
|
|upkeep
|
|t:|1756286168
|switch|p1b: Incineroar|Incineroar, L50, F|24/100
|-ability|p1b: Incineroar|Intimidate|boost
|-unboost|p2b: Archaludon|atk|1
|turn|7
|
|t:|1756286187
|move|p1a: Ursaluna|Vacuum Wave|p2b: Archaludon
|-supereffective|p2b: Archaludon
|-damage|p2b: Archaludon|65/100
|-ability|p2b: Archaludon|Stamina|boost
|-boost|p2b: Archaludon|def|1
|move|p1b: Incineroar|Will-O-Wisp|p2b: Archaludon
|-status|p2b: Archaludon|brn
|move|p2b: Archaludon|Body Press|p1a: Ursaluna
|-supereffective|p1a: Ursaluna
|-damage|p1a: Ursaluna|0 fnt
|faint|p1a: Ursaluna
|
|-damage|p2b: Archaludon|59/100 brn|[from] brn
|upkeep
|
|t:|1756286199
|switch|p1a: Rillaboom|Rillaboom, L50, M|18/100
|-fieldstart|move: Grassy Terrain|[from] ability: Grassy Surge|[of] p1a: Rillaboom
|turn|8
|
|t:|1756286217
|move|p1b: Incineroar|Parting Shot|p2b: Archaludon
|-unboost|p2b: Archaludon|atk|1
|-unboost|p2b: Archaludon|spa|1
|move|p1a: Rillaboom|Knock Off|p2b: Archaludon
|-damage|p2b: Archaludon|50/100 brn
|-ability|p2b: Archaludon|Stamina|boost
|-boost|p2b: Archaludon|def|1
|-enditem|p2b: Archaludon|Assault Vest|[from] move: Knock Off|[of] p1a: Rillaboom
|move|p2b: Archaludon|Body Press|p1b: Incineroar
|-supereffective|p1b: Incineroar
|-damage|p1b: Incineroar|0 fnt
|faint|p1b: Incineroar
|
|-heal|p1a: Rillaboom|24/100|[from] Grassy Terrain
|-heal|p2b: Archaludon|56/100 brn|[from] Grassy Terrain
|-damage|p2b: Archaludon|50/100 brn|[from] brn
|upkeep
|turn|9
|
|t:|1756286235
|move|p1a: Rillaboom|Grassy Glide|p2b: Archaludon
|-resisted|p2b: Archaludon
|-damage|p2b: Archaludon|48/100 brn
|-ability|p2b: Archaludon|Stamina|boost
|-boost|p2b: Archaludon|def|1
|move|p2b: Archaludon|Body Press|p1a: Rillaboom
|-damage|p1a: Rillaboom|0 fnt
|faint|p1a: Rillaboom
|
|win|fralb14
||jirkunow is ready for game 3.
|inactive|fralb14 has 30 seconds to confirm battle start!
||fralb14 is ready for game 3.
|uhtml|next|Next: Game 3 of 3
|l|☆jirkunow
|player|p1|
