|j|☆STL Donductor
|j|☆Al Karpone
|html|STL DonductorAl Karpone    
|uhtml|bestof|Game 1 of a best-of-3
|t:|1756580685
|gametype|doubles
|player|p1|STL Donductor|hilbert|1226
|player|p2|Al Karpone|chili|1141
|gen|9
|tier|[Gen 9] VGC 2025 Reg H (Bo3)
|rated|
|rule|Species Clause: Limit one of each Pokémon
|rule|Item Clause: Limit 1 of each item
|clearpoke
|poke|p1|Weezing-Galar, L50, M|
|poke|p1|Toedscruel, L50, F|
|poke|p1|Kilowattrel, L50, M|
|poke|p1|Garchomp, L50, F|
|poke|p1|Corviknight, L50, M|
|poke|p1|Typhlosion-Hisui, L50, M|
|poke|p2|Volcarona, L50, M|
|poke|p2|Oricorio-Sensu, L50, M|
|poke|p2|Kommo-o, L50, M|
|poke|p2|Electabuzz, L50, F|
|poke|p2|Primarina, L50, M|
|poke|p2|Incineroar, L50, M|
|teampreview|4
|showteam|p1|Weezing-Galar||ChoiceSpecs|NeutralizingGas|StrangeSteam,SludgeBomb,DazzlingGleam,Flamethrower|||M|||50|,,,,,Water]Toedscruel||CovertCloak|MyceliumMight|Spore,RagePowder,AcidSpray,EarthPower|||F|||50|,,,,,Water]Kilowattrel||FocusSash|Competitive|Discharge,AirSlash,Tailwind,Protect|||M|||50|,,,,,Ghost]Garchomp||LifeOrb|RoughSkin|Earthquake,DragonClaw,StompingTantrum,Protect|||F|||50|,,,,,Ground]Corviknight||SitrusBerry|MirrorArmor|BraveBird,Roost,Taunt,Protect|||M|||50|,,,,,Dragon]Typhlosion-Hisui||ChoiceScarf|Blaze|Eruption,HeatWave,ShadowBall,WillOWisp|||M|||50|,,,,,Fire
|showteam|p2|Volcarona||CovertCloak|FlameBody|FieryDance,TeraBlast,QuiverDance,Protect|||M|||50|,,,,,Fairy]Oricorio-Sensu||FocusSash|Dancer|RevelationDance,AirSlash,Tailwind,Protect|||M|||50|,,,,,Stellar]Kommo-o||ThroatSpray|Soundproof|ClangingScales,Flamethrower,ClangorousSoul,Protect|||M|||50|,,,,,Fire]Electabuzz||Eviolite|VitalSpirit|Thunderbolt,FollowMe,Taunt,Protect|||F|||50|,,,,,Water]Primarina||LifeOrb|LiquidVoice|HyperVoice,Moonblast,IcyWind,Protect|||M|||50|,,,,,Grass]Incineroar||AssaultVest|Intimidate|FakeOut,FlareBlitz,KnockOff,Uturn|||M|||50|,,,,,Ghost
|inactive|Battle timer is ON: inactive players will automatically lose when time's up. (requested by Al Karpone)
|inactive|STL Donductor also wants the timer to be on.
|inactive|STL Donductor has 60 seconds left.
|inactive|Al Karpone has 60 seconds left.
|
|t:|1756580731
|teamsize|p1|4
|teamsize|p2|4
|start
|switch|p1a: Oleander|Weezing-Galar, L50, M, shiny|100/100
|switch|p1b: Mirkwood|Toedscruel, L50, F, shiny|100/100
|switch|p2a: Electabuzz|Electabuzz, L50, F|100/100
|switch|p2b: Volcarona|Volcarona, L50, M|100/100
|-ability|p1a: Oleander|Neutralizing Gas
|turn|1
|inactive|STL Donductor has 30 seconds left.
|
|t:|1756580761
|move|p2a: Electabuzz|Follow Me|p2a: Electabuzz
|-singleturn|p2a: Electabuzz|move: Follow Me
|move|p1b: Mirkwood|Spore|p2a: Electabuzz
|-status|p2a: Electabuzz|slp|[from] move: Spore
|move|p2b: Volcarona|Quiver Dance|p2b: Volcarona
|-boost|p2b: Volcarona|spa|1
|-boost|p2b: Volcarona|spd|1
|-boost|p2b: Volcarona|spe|1
|move|p1a: Oleander|Sludge Bomb|p2a: Electabuzz
|-damage|p2a: Electabuzz|51/100 slp
|
|upkeep
|turn|2
|inactive|STL Donductor has 30 seconds left.
|inactive|STL Donductor has 20 seconds left.
|inactive|STL Donductor has 15 seconds left.
|inactive|STL Donductor has 10 seconds left.
|inactive|STL Donductor has 5 seconds left.
|
|t:|1756580814
|cant|p2a: Electabuzz|slp
|move|p1b: Mirkwood|Rage Powder|p1b: Mirkwood
|-singleturn|p1b: Mirkwood|move: Rage Powder
|move|p2b: Volcarona|Fiery Dance|p1b: Mirkwood
|-supereffective|p1b: Mirkwood
|-damage|p1b: Mirkwood|0 fnt
|-boost|p2b: Volcarona|spa|1
|faint|p1b: Mirkwood
|move|p1a: Oleander|Sludge Bomb|p2b: Volcarona
|-damage|p2b: Volcarona|65/100
|
|upkeep
|
|t:|1756580829
|switch|p1b: Voltaire|Kilowattrel, L50, M|100/100
|turn|3
|inactive|STL Donductor has 30 seconds left.
|
|t:|1756580864
|switch|p2a: Oricorio|Oricorio-Sensu, L50, M|100/100
|move|p2b: Volcarona|Fiery Dance|p1b: Voltaire
|-enditem|p1b: Voltaire|Focus Sash
|-damage|p1b: Voltaire|1/100
|move|p1b: Voltaire|Tailwind|p1b: Voltaire
|-sidestart|p1: STL Donductor|move: Tailwind
|move|p1a: Oleander|Sludge Bomb|p2b: Volcarona
|-damage|p2b: Volcarona|30/100
|
|upkeep
|turn|4
|inactive|STL Donductor has 30 seconds left.
|
|t:|1756580898
|-end|p1a: Oleander|ability: Neutralizing Gas
|switch|p1a: Greyscale|Garchomp, L50, F|100/100
|move|p1b: Voltaire|Air Slash|p2b: Volcarona
|-supereffective|p2b: Volcarona
|-damage|p2b: Volcarona|0 fnt
|faint|p2b: Volcarona
|move|p2a: Oricorio|Tailwind|p2a: Oricorio
|-sidestart|p2: Al Karpone|move: Tailwind
|
|upkeep
|
|t:|1756580912
|switch|p2b: Electabuzz|Electabuzz, L50, F|51/100 slp
|-activate|p2b: Electabuzz|ability: Vital Spirit
|-curestatus|p2b: Electabuzz|slp|[msg]
|turn|5
|inactive|STL Donductor has 30 seconds left.
|
|t:|1756580946
|move|p2b: Electabuzz|Follow Me|p2b: Electabuzz
|-singleturn|p2b: Electabuzz|move: Follow Me
|move|p1b: Voltaire|Discharge|p2b: Electabuzz|[spread] p2a,p2b
|-immune|p1a: Greyscale
|-supereffective|p2a: Oricorio
|-resisted|p2b: Electabuzz
|-damage|p2a: Oricorio|24/100
|-damage|p2b: Electabuzz|39/100
|-status|p2a: Oricorio|par
|move|p1a: Greyscale|Dragon Claw|p2b: Electabuzz
|-damage|p2b: Electabuzz|0 fnt
|faint|p2b: Electabuzz
|-damage|p1a: Greyscale|91/100|[from] item: Life Orb
|move|p2a: Oricorio|Revelation Dance|p1b: Voltaire
|-damage|p1b: Voltaire|0 fnt
|faint|p1b: Voltaire
|
|upkeep
|
|t:|1756580962
|switch|p1b: Oleander|Weezing-Galar, L50, M, shiny|100/100
|switch|p2b: Primarina|Primarina, L50, M|100/100
|-ability|p1b: Oleander|Neutralizing Gas
|turn|6
|inactive|STL Donductor has 30 seconds left.
|inactive|STL Donductor has 20 seconds left.
|inactive|STL Donductor has 15 seconds left.
|
|t:|1756581006
|-terastallize|p1b: Oleander|Water
|move|p2b: Primarina|Protect|p2b: Primarina
|-singleturn|p2b: Primarina|Protect
|move|p1a: Greyscale|Dragon Claw|p2a: Oricorio
|-damage|p2a: Oricorio|0 fnt
|faint|p2a: Oricorio
|-damage|p1a: Greyscale|81/100|[from] item: Life Orb
|move|p1b: Oleander|Sludge Bomb|p2b: Primarina
|-activate|p2b: Primarina|move: Protect
|
|-sideend|p1: STL Donductor|move: Tailwind
|upkeep
|turn|7
|
|t:|1756581022
|move|p1a: Greyscale|Protect|p1a: Greyscale
|-singleturn|p1a: Greyscale|Protect
|move|p2b: Primarina|Icy Wind|p1b: Oleander|[spread] p1b
|-activate|p1a: Greyscale|move: Protect
|-resisted|p1b: Oleander
|-damage|p1b: Oleander|90/100
|-unboost|p1b: Oleander|spe|1
|-damage|p2b: Primarina|91/100|[from] item: Life Orb
|move|p1b: Oleander|Sludge Bomb|p2b: Primarina
|-supereffective|p2b: Primarina
|-damage|p2b: Primarina|1/100
|-status|p2b: Primarina|psn
|
|-damage|p2b: Primarina|0 fnt|[from] psn
|faint|p2b: Primarina
|
|win|STL Donductor
||Al Karpone is ready for game 2.
|inactive|STL Donductor has 30 seconds to confirm battle start!
