|j|☆nagc_17
|j|☆gio0314
|html|nagc_17gio0314    
|uhtml|bestof|Game 3 of a best-of-3
|t:|1785253700
|gametype|doubles
|player|p1|nagc_17|scientist|
|player|p2|gio0314|2|
|gen|9
|tier|[Gen 9 Champions] VGC 2026 Reg M-B (Bo3)
|rule|Species Clause: Limit one of each Pokémon
|rule|Item Clause: Limit 1 of each item
|clearpoke
|poke|p1|Starmie, L50|
|poke|p1|Kingambit, L50, F|
|poke|p1|Sinistcha, L50|
|poke|p1|Archaludon, L50, F|
|poke|p1|Pelipper, L50, F|
|poke|p1|Basculegion, L50, M|
|poke|p2|Lucario, L50, F|
|poke|p2|Sableye, L50, M|
|poke|p2|Lycanroc-Dusk, L50, M|
|poke|p2|Luxray, L50, M|
|poke|p2|Hydreigon, L50, F|
|poke|p2|Talonflame, L50, F|
|teampreview|4
|showteam|p1|Starmie||Starminite|Illuminate|AquaJet,FlipTurn,ZenHeadbutt,Liquidation|Adamant|||||50|]Kingambit||ChopleBerry|Defiant|KowtowCleave,SuckerPunch,Protect,BrickBreak|Adamant||F|||50|]Sinistcha||SitrusBerry|Hospitality|MatchaGotcha,RagePowder,Protect,TrickRoom|Adamant|||||50|]Archaludon||Leftovers|Stamina|ElectroShot,FlashCannon,DracoMeteor,Protect|Adamant||F|||50|]Pelipper||FocusSash|Drizzle|Hurricane,WeatherBall,WideGuard,Tailwind|Adamant||F|||50|]Basculegion||ChoiceScarf|Adaptability|AquaJet,LastRespects,FlipTurn,WaveCrash|Adamant||M|||50|
|showteam|p2|Lucario||Lucarionite|InnerFocus|CloseCombat,MeteorMash,Protect,Crunch|Jolly||F|||50|]Sableye||SitrusBerry|Prankster|Reflect,KnockOff,Encore,LightScreen|Careful||M|||50|]Lycanroc-Dusk||LifeOrb|ToughClaws|RockSlide,Accelerock,CloseCombat,Protect|Jolly||M|||50|]Luxray||ShucaBerry|Intimidate|Superpower,HelpingHand,Protect,WildCharge|Adamant||M|||50|]Hydreigon||FocusSash|Levitate|EarthPower,DracoMeteor,DarkPulse,Protect|Modest||F|||50|]Talonflame|||GaleWings|Acrobatics,Tailwind,FlareBlitz,Uturn|Jolly||F|||50|
|inactive|Battle timer is ON: inactive players will automatically lose when time's up. (requested by gio0314)
|
|t:|1785253756
|teamsize|p1|4
|teamsize|p2|4
|start
|switch|p1a: Archaludon|Archaludon, L50, F|100/100
|switch|p1b: Pelipper|Pelipper, L50, F|100/100
|switch|p2a: Boyer|Sableye, L50, M|100/100
|switch|p2b: Lucyfah|Luxray, L50, M|100/100
|-ability|p2b: Lucyfah|Intimidate|boost
|-unboost|p1a: Archaludon|atk|1
|-unboost|p1b: Pelipper|atk|1
|-weather|RainDance|[from] ability: Drizzle|[of] p1b: Pelipper
|turn|1
|inactive|nagc_17 has 30 seconds left.
|inactive|gio0314 has 30 seconds left.
|inactive|nagc_17 has 20 seconds left.
|inactive|gio0314 has 20 seconds left.
|inactive|nagc_17 has 15 seconds left.
|inactive|gio0314 has 15 seconds left.
|inactive|nagc_17 has 10 seconds left.
|
|t:|1785253803
|move|p1a: Archaludon|Electro Shot||[still]
|-prepare|p1a: Archaludon|Electro Shot
|-boost|p1a: Archaludon|spa|1
|-anim|p1a: Archaludon|Electro Shot|p2a: Boyer
|-damage|p2a: Boyer|30/100
|-enditem|p2a: Boyer|Sitrus Berry|[eat]
|-heal|p2a: Boyer|55/100|[from] item: Sitrus Berry
|move|p2b: Lucyfah|Wild Charge|p1b: Pelipper
|-supereffective|p1b: Pelipper|2
|-enditem|p1b: Pelipper|Focus Sash
|-damage|p1b: Pelipper|1/100
|-damage|p2b: Lucyfah|77/100|[from] Recoil
|move|p1b: Pelipper|Tailwind|p1b: Pelipper
|-sidestart|p1: nagc_17|move: Tailwind
|move|p2a: Boyer|Knock Off|p1b: Pelipper
|-damage|p1b: Pelipper|0 fnt
|faint|p1b: Pelipper
|
|-weather|RainDance|[upkeep]
|upkeep
|
|t:|1785253822
|switch|p1b: Sinistcha|Sinistcha, L50|100/100
|turn|2
|inactive|nagc_17 has 30 seconds left.
|inactive|gio0314 has 30 seconds left.
|inactive|nagc_17 has 20 seconds left.
|inactive|gio0314 has 20 seconds left.
|inactive|nagc_17 has 15 seconds left.
|inactive|gio0314 has 15 seconds left.
|inactive|nagc_17 has 10 seconds left.
|inactive|gio0314 has 10 seconds left.
|
|t:|1785253875
|move|p2a: Boyer|Light Screen|p2a: Boyer
|-sidestart|p2: gio0314|move: Light Screen
|move|p1a: Archaludon|Electro Shot||[still]
|-prepare|p1a: Archaludon|Electro Shot
|-boost|p1a: Archaludon|spa|1
|-anim|p1a: Archaludon|Electro Shot|p2a: Boyer
|-damage|p2a: Boyer|0 fnt
|faint|p2a: Boyer
|move|p1b: Sinistcha|Matcha Gotcha|p2b: Lucyfah
|-damage|p2b: Lucyfah|55/100
|move|p2b: Lucyfah|Superpower|p1a: Archaludon
|-supereffective|p1a: Archaludon|1
|-damage|p1a: Archaludon|42/100
|-unboost|p2b: Lucyfah|atk|1
|-unboost|p2b: Lucyfah|def|1
|-ability|p1a: Archaludon|Stamina|boost
|-boost|p1a: Archaludon|def|1
|
|-weather|RainDance|[upkeep]
|-heal|p1a: Archaludon|48/100|[from] item: Leftovers
|upkeep
|
|t:|1785253895
|switch|p2a: Negreiron|Hydreigon, L50, F|100/100
|turn|3
|inactive|nagc_17 has 30 seconds left.
|inactive|gio0314 has 30 seconds left.
|inactive|gio0314 has 20 seconds left.
|inactive|gio0314 has 15 seconds left.
|inactive|gio0314 has 10 seconds left.
|
|t:|1785253940
|move|p1b: Sinistcha|Protect|p1b: Sinistcha
|-singleturn|p1b: Sinistcha|Protect
|move|p2a: Negreiron|Protect|p2a: Negreiron
|-singleturn|p2a: Negreiron|Protect
|move|p1a: Archaludon|Draco Meteor|p2a: Negreiron
|-activate|p2a: Negreiron|move: Protect
|move|p2b: Lucyfah|Superpower|p1a: Archaludon
|-supereffective|p1a: Archaludon|1
|-damage|p1a: Archaludon|19/100
|-unboost|p2b: Lucyfah|atk|1
|-unboost|p2b: Lucyfah|def|1
|-ability|p1a: Archaludon|Stamina|boost
|-boost|p1a: Archaludon|def|1
|
|-weather|RainDance|[upkeep]
|-heal|p1a: Archaludon|25/100|[from] item: Leftovers
|upkeep
|turn|4
|inactive|nagc_17 has 30 seconds left.
|inactive|gio0314 has 30 seconds left.
|inactive|nagc_17 has 20 seconds left.
|inactive|nagc_17 has 15 seconds left.
|inactive|nagc_17 has 10 seconds left.
|inactive|gio0314 has 20 seconds left.
|inactive|nagc_17 has 5 seconds left.
|
|t:|1785253995
|move|p2b: Lucyfah|Helping Hand|p2a: Negreiron
|-singleturn|p2a: Negreiron|Helping Hand|[of] p2b: Lucyfah
|move|p1a: Archaludon|Electro Shot||[still]
|-prepare|p1a: Archaludon|Electro Shot
|-boost|p1a: Archaludon|spa|1
|-anim|p1a: Archaludon|Electro Shot|p2b: Lucyfah
|-resisted|p2b: Lucyfah|1
|-damage|p2b: Lucyfah|19/100
|move|p1b: Sinistcha|Matcha Gotcha|p2a: Negreiron|[spread] p2b
|-miss|p1b: Sinistcha|p2a: Negreiron
|-crit|p2b: Lucyfah
|-damage|p2b: Lucyfah|0 fnt
|faint|p2b: Lucyfah
|move|p2a: Negreiron|Dark Pulse|p1b: Sinistcha
|-supereffective|p1b: Sinistcha|1
|-damage|p1b: Sinistcha|0 fnt
|faint|p1b: Sinistcha
|
|-weather|RainDance|[upkeep]
|-heal|p1a: Archaludon|31/100|[from] item: Leftovers
|-sideend|p1: nagc_17|move: Tailwind
|upkeep
|
|t:|1785254015
|switch|p1b: Basculegion|Basculegion, L50, M|100/100
|switch|p2b: Lukas|Lucario, L50, F|100/100
|turn|5
|inactive|nagc_17 has 30 seconds left.
|inactive|gio0314 has 30 seconds left.
|inactive|gio0314 has 20 seconds left.
|
|t:|1785254051
|detailschange|p2b: Lukas|Lucario-Mega, L50, F
|-mega|p2b: Lukas|Lucario|Lucarionite
|move|p1a: Archaludon|Protect|p1a: Archaludon
|-singleturn|p1a: Archaludon|Protect
|move|p1b: Basculegion|Last Respects|p2a: Negreiron
|-resisted|p2a: Negreiron|1
|-crit|p2a: Negreiron
|-damage|p2a: Negreiron|15/100
|move|p2b: Lukas|Crunch|p1b: Basculegion
|-supereffective|p1b: Basculegion|1
|-damage|p1b: Basculegion|28/100
|move|p2a: Negreiron|Dark Pulse|p1b: Basculegion
|-supereffective|p1b: Basculegion|1
|-damage|p1b: Basculegion|0 fnt
|faint|p1b: Basculegion
|
|-weather|none
|-heal|p1a: Archaludon|38/100|[from] item: Leftovers
|upkeep
|turn|6
|inactive|nagc_17 has 30 seconds left.
|inactive|nagc_17 has 20 seconds left.
|inactive|nagc_17 has 15 seconds left.
|inactive|nagc_17 has 10 seconds left.
|inactive|nagc_17 has 5 seconds left.
|
|t:|1785254105
|move|p2b: Lukas|Close Combat|p1a: Archaludon
|-supereffective|p1a: Archaludon|1
|-damage|p1a: Archaludon|0 fnt
|-unboost|p2b: Lukas|def|1
|-unboost|p2b: Lukas|spd|1
|faint|p1a: Archaludon
|
|win|gio0314
