|j|☆Fr3gsy
|j|☆duggan1000
|html|Fr3gsyduggan1000    
|uhtml|bestof|Game 2 of a best-of-3
|t:|1757660621
|gametype|doubles
|player|p1|Fr3gsy|cynthia|1104
|player|p2|duggan1000|rocketgruntf|1077
|gen|9
|tier|[Gen 9] VGC 2025 Reg H (Bo3)
|rated|
|rule|Species Clause: Limit one of each Pokémon
|rule|Item Clause: Limit 1 of each item
|clearpoke
|poke|p1|Garganacl, L50, F|
|poke|p1|Incineroar, L50, F|
|poke|p1|Weezing-Galar, L50, F|
|poke|p1|Sinistcha, L50|
|poke|p1|Glimmora, L50, F|
|poke|p1|Archaludon, L50, F|
|poke|p2|Oricorio-Sensu, L50, F|
|poke|p2|Garchomp, L50, M|
|poke|p2|Scizor, L50, M|
|poke|p2|Flamigo, L50, M|
|poke|p2|Electabuzz, L50, F|
|poke|p2|Ursaluna, L50, M|
|teampreview|4
|showteam|p1|Garganacl||Leftovers|PurifyingSalt|StealthRock,SaltCure,Protect,WideGuard|||F|||50|,,,,,Water]Incineroar||AbilityShield|Intimidate|FakeOut,PartingShot,Uturn,KnockOff|||F|||50|,,,,,Grass]Weezing-Galar||CovertCloak|NeutralizingGas|WillOWisp,DazzlingGleam,SludgeBomb,Protect|||F|||50|,,,,,Steel]Sinistcha||SitrusBerry|Hospitality|Protect,LifeDew,MatchaGotcha,ShadowBall||||||50|,,,,,Normal]Glimmora||LifeOrb|ToxicDebris|MortalSpin,SludgeWave,EarthPower,PowerGem|||F|||50|,,,,,Grass]Archaludon||PowerHerb|Stamina|ElectroShot,Protect,BodyPress,FlashCannon|||F|||50|,,,,,Grass
|showteam|p2|Oricorio-Sensu||FocusSash|Dancer|Tailwind,Protect,DualWingbeat,Reversal|||F|||50|,,,,,Dark]Garchomp||LoadedDice|RoughSkin|Protect,ScaleShot,Earthquake,SwordsDance|||M|||50|,,,,,Fire]Scizor||LifeOrb|Technician|BulletPunch,Uturn,Protect,SwordsDance|||M|||50|,,,,,Steel]Flamigo||SafetyGoggles|Costar|CloseCombat,BraveBird,SwordsDance,Protect|||M|||50|,,,,,Fighting]Electabuzz||Eviolite|VitalSpirit|FollowMe,VoltSwitch,Taunt,Feint|||F|||50|,,,,,Dark]Ursaluna||FlameOrb|Guts|Facade,HeadlongRush,Earthquake,Protect|||M|||50|,,,,,Ghost
|
|t:|1757660645
|teamsize|p1|4
|teamsize|p2|4
|start
|switch|p1a: Weezing|Weezing-Galar, L50, F, shiny|100/100
|switch|p1b: Incineroar|Incineroar, L50, F, shiny|100/100
|switch|p2a: Scizor|Scizor, L50, M|100/100
|switch|p2b: Electabuzz|Electabuzz, L50, F|100/100
|-ability|p1a: Weezing|Neutralizing Gas
|-block|p1b: Incineroar|item: Ability Shield
|-ability|p1b: Incineroar|Intimidate|boost
|-unboost|p2a: Scizor|atk|1
|-unboost|p2b: Electabuzz|atk|1
|turn|1
|inactive|Battle timer is ON: inactive players will automatically lose when time's up. (requested by duggan1000)
|
|t:|1757660664
|-terastallize|p1a: Weezing|Steel
|move|p2a: Scizor|Protect|p2a: Scizor
|-singleturn|p2a: Scizor|Protect
|move|p2b: Electabuzz|Taunt|p1b: Incineroar
|-start|p1b: Incineroar|move: Taunt
|move|p1b: Incineroar|Knock Off|p2b: Electabuzz
|-damage|p2b: Electabuzz|71/100
|-enditem|p2b: Electabuzz|Eviolite|[from] move: Knock Off|[of] p1b: Incineroar
|move|p1a: Weezing|Will-O-Wisp|p2a: Scizor
|-activate|p2a: Scizor|move: Protect
|
|upkeep
|turn|2
|inactive|Fr3gsy has 30 seconds left.
|
|t:|1757660697
|move|p2b: Electabuzz|Volt Switch|p1b: Incineroar
|-damage|p1b: Incineroar|86/100
|
|t:|1757660702
|switch|p2b: Oricorio|Oricorio-Sensu, L50, F|100/100|[from] Volt Switch
|move|p2a: Scizor|Swords Dance|p2a: Scizor
|-boost|p2a: Scizor|atk|2
|move|p1a: Weezing|Sludge Bomb|p2b: Oricorio
|-resisted|p2b: Oricorio
|-damage|p2b: Oricorio|77/100
|move|p1b: Incineroar|U-turn|p2a: Scizor
|-resisted|p2a: Scizor
|-damage|p2a: Scizor|90/100
|
|t:|1757660717
|switch|p1b: Garganacl|Garganacl, L50, F, shiny|100/100|[from] U-turn
|
|upkeep
|turn|3
|inactive|duggan1000 has 30 seconds left.
|
|t:|1757660751
|move|p2b: Oricorio|Reversal|p1a: Weezing
|-supereffective|p1a: Weezing
|-damage|p1a: Weezing|94/100
|move|p2a: Scizor|Swords Dance|p2a: Scizor
|-boost|p2a: Scizor|atk|2
|move|p1a: Weezing|Will-O-Wisp|p2a: Scizor
|-status|p2a: Scizor|brn
|move|p1b: Garganacl|Stealth Rock|p2a: Scizor
|-sidestart|p2: duggan1000|move: Stealth Rock
|
|-damage|p2a: Scizor|84/100 brn|[from] brn
|upkeep
|turn|4
|inactive|duggan1000 has 30 seconds left.
|inactive|Fr3gsy has 30 seconds left.
|
|t:|1757660782
|move|p2b: Oricorio|Dual Wingbeat|p1a: Weezing
|-resisted|p1a: Weezing
|-crit|p1a: Weezing
|-damage|p1a: Weezing|85/100
|-resisted|p1a: Weezing
|-damage|p1a: Weezing|80/100
|-hitcount|p1a: Weezing|2
|move|p2a: Scizor|Swords Dance|p2a: Scizor
|-boost|p2a: Scizor|atk|2
|move|p1a: Weezing|Dazzling Gleam|p2a: Scizor|[spread] p2a,p2b
|-resisted|p2a: Scizor
|-damage|p2a: Scizor|74/100 brn
|-damage|p2b: Oricorio|47/100
|move|p1b: Garganacl|Salt Cure|p2a: Scizor
|-damage|p2a: Scizor|57/100 brn
|-start|p2a: Scizor|Salt Cure
|
|-damage|p2a: Scizor|51/100 brn|[from] brn
|-damage|p2a: Scizor|26/100 brn|[from] Salt Cure
|upkeep
|turn|5
|inactive|duggan1000 has 30 seconds left.
|inactive|duggan1000 has 20 seconds left.
|
|t:|1757660817
|switch|p2b: Flamigo|Flamigo, L50, M|100/100
|-damage|p2b: Flamigo|88/100|[from] Stealth Rock
|switch|p1b: Incineroar|Incineroar, L50, F, shiny|86/100
|-ability|p1b: Incineroar|Intimidate|boost
|-unboost|p2a: Scizor|atk|1
|-unboost|p2b: Flamigo|atk|1
|move|p1a: Weezing|Protect|p1a: Weezing
|-singleturn|p1a: Weezing|Protect
|move|p2a: Scizor|Bullet Punch|p1a: Weezing
|-activate|p1a: Weezing|move: Protect
|
|-damage|p2a: Scizor|20/100 brn|[from] brn
|-damage|p2a: Scizor|0 fnt|[from] Salt Cure
|faint|p2a: Scizor
|upkeep
|inactive|duggan1000 has 30 seconds left.
|
|t:|1757660843
|switch|p2a: Oricorio|Oricorio-Sensu, L50, F|47/100
|-damage|p2a: Oricorio|22/100|[from] Stealth Rock
|turn|6
|inactive|duggan1000 has 30 seconds left.
|
|t:|1757660873
|move|p1b: Incineroar|Fake Out|p2b: Flamigo
|-damage|p2b: Flamigo|73/100
|cant|p2b: Flamigo|flinch
|move|p2a: Oricorio|Dual Wingbeat|p1b: Incineroar
|-damage|p1b: Incineroar|71/100
|-damage|p1b: Incineroar|57/100
|-hitcount|p1b: Incineroar|2
|move|p1a: Weezing|Dazzling Gleam|p2a: Oricorio|[spread] p2a,p2b
|-supereffective|p2b: Flamigo
|-damage|p2a: Oricorio|0 fnt
|-damage|p2b: Flamigo|18/100
|faint|p2a: Oricorio
|
|upkeep
|
|t:|1757660888
|switch|p2a: Electabuzz|Electabuzz, L50, F|71/100
|-damage|p2a: Electabuzz|58/100|[from] Stealth Rock
|turn|7
|inactive|Fr3gsy has 30 seconds left.
|
|t:|1757660922
|switch|p1b: Sinistcha|Sinistcha, L50, shiny|100/100
|-terastallize|p2b: Flamigo|Fighting
|move|p1a: Weezing|Protect|p1a: Weezing
|-singleturn|p1a: Weezing|Protect
|move|p2a: Electabuzz|Follow Me|p2a: Electabuzz
|-singleturn|p2a: Electabuzz|move: Follow Me
|move|p2b: Flamigo|Close Combat|p1a: Weezing
|-activate|p1a: Weezing|move: Protect
|
|upkeep
|turn|8
|inactive|duggan1000 has 30 seconds left.
|
|t:|1757660949
|-end|p1a: Weezing|ability: Neutralizing Gas
|-copyboost|p2b: Flamigo|p2a: Electabuzz|[from] ability: Costar
|-heal|p1a: Weezing|100/100|[from] ability: Hospitality|[of] p1b: Sinistcha
|switch|p1a: Incineroar|Incineroar, L50, F, shiny|57/100
|-ability|p1a: Incineroar|Intimidate|boost
|-unboost|p2a: Electabuzz|atk|1
|-unboost|p2b: Flamigo|atk|1
|move|p2b: Flamigo|Swords Dance|p2b: Flamigo
|-boost|p2b: Flamigo|atk|2
|move|p2a: Electabuzz|Taunt|p1b: Sinistcha
|-start|p1b: Sinistcha|move: Taunt
|move|p1b: Sinistcha|Matcha Gotcha|p2b: Flamigo|[spread] p2a,p2b
|-damage|p2a: Electabuzz|31/100
|-damage|p2b: Flamigo|0 fnt
|faint|p2b: Flamigo
|
|upkeep
|turn|9
|
|t:|1757660972
|move|p2a: Electabuzz|Volt Switch|p1a: Incineroar
|-damage|p1a: Incineroar|40/100
|move|p1b: Sinistcha|Shadow Ball|p2a: Electabuzz
|-damage|p2a: Electabuzz|0 fnt
|faint|p2a: Electabuzz
|
|win|Fr3gsy
||duggan1000 is ready for game 3.
||Fr3gsy is ready for game 3.
|uhtml|next|Next: Game 3 of 3
