|j|‽Tinged
|j|☆YoshiForLife
|html|TingedYoshiForLife    
|uhtml|bestof|Game 3 of a best-of-3
|t:|1756427110
|gametype|doubles
|player|p1|Tinged|102|1044
|player|p2|YoshiForLife|lance|1000
|gen|9
|tier|[Gen 9] VGC 2025 Reg H (Bo3)
|rated|
|rule|Species Clause: Limit one of each Pokémon
|rule|Item Clause: Limit 1 of each item
|clearpoke
|poke|p1|Polteageist-Antique, L50|
|poke|p1|Sneasler, L50, M|
|poke|p1|Whimsicott, L50, M|
|poke|p1|Kingambit, L50, M|
|poke|p1|Armarouge, L50, M|
|poke|p1|Indeedee-F, L50, F|
|poke|p2|Sneasler, L50, F|
|poke|p2|Indeedee, L50, M|
|poke|p2|Ursaluna-Bloodmoon, L50, M|
|poke|p2|Electabuzz, L50, M|
|poke|p2|Incineroar, L50, M|
|poke|p2|Talonflame, L50, M|
|teampreview|4
|showteam|p1|Polteageist-Antique||FocusSash|WeakArmor|Teatime,WillOWisp,Protect,ShadowBall||||||50|,,,,,Dark]Sneasler||LiechiBerry|Unburden|Protect,CloseCombat,DireClaw,Acrobatics|||M|||50|,,,,,Flying]Whimsicott||CovertCloak|Prankster|Moonblast,Tailwind,Protect,Encore|||M|||50|,,,,,Dark]Kingambit||AssaultVest|Defiant|KowtowCleave,SuckerPunch,IronHead,Protect|||M|||50|,,,,,Fairy]Armarouge||ChoiceScarf|FlashFire|ExpandingForce,ArmorCannon,EnergyBall,Overheat|||M|||50|,,,,,Grass]Indeedee-F||SafetyGoggles|PsychicSurge|FollowMe,Imprison,TrickRoom,DazzlingGleam|||F|||50|,,,,,Ghost
|showteam|p2|Sneasler||PsychicSeed|Unburden|CloseCombat,DireClaw,ThroatChop,Protect|||F|||50|,,,,,Dark]Indeedee||FocusSash|PsychicSurge|ExpandingForce,TrickRoom,HelpingHand,Protect|||M|||50|,,,,,Psychic]Ursaluna-Bloodmoon||LifeOrb|MindsEye|BloodMoon,HyperVoice,EarthPower,Protect|||M|||50|,,,,,Normal]Electabuzz||Eviolite|VitalSpirit|Electroweb,FollowMe,Taunt,Protect|||M|||50|,,,,,Dragon]Incineroar||SafetyGoggles|Intimidate|FlareBlitz,KnockOff,PartingShot,FakeOut|||M|||50|,,,,,Ghost]Talonflame||CovertCloak|GaleWings|FlareBlitz,DualWingbeat,WillOWisp,Tailwind|||M|||50|,,,,,Fairy
|inactive|Battle timer is ON: inactive players will automatically lose when time's up. (requested by YoshiForLife)
|
|t:|1756427136
|teamsize|p1|4
|teamsize|p2|4
|start
|switch|p1a: Sneasler|Sneasler, L50, M|100/100
|switch|p1b: Polteageist|Polteageist-Antique, L50|100/100
|switch|p2a: Indeedee|Indeedee, L50, M|100/100
|switch|p2b: Ursaluna|Ursaluna-Bloodmoon, L50, M|100/100
|-fieldstart|move: Psychic Terrain|[from] ability: Psychic Surge|[of] p2a: Indeedee
|turn|1
|
|t:|1756427159
|switch|p2a: Incineroar|Incineroar, L50, M|100/100
|-ability|p2a: Incineroar|Intimidate|boost
|-unboost|p1a: Sneasler|atk|1
|-unboost|p1b: Polteageist|atk|1
|-terastallize|p2b: Ursaluna|Normal
|move|p1a: Sneasler|Dire Claw|p2a: Incineroar
|-damage|p2a: Incineroar|68/100
|-status|p2a: Incineroar|psn
|move|p1b: Polteageist|Teatime|p1b: Polteageist
|-fieldactivate|move: Teatime
|-enditem|p1a: Sneasler|Liechi Berry|[eat]
|-boost|p1a: Sneasler|atk|1|[from] item: Liechi Berry
|move|p2b: Ursaluna|Hyper Voice|p1a: Sneasler|[spread] p1a,p1b
|-damage|p1a: Sneasler|4/100
|-damage|p1b: Polteageist|26/100
|-damage|p2b: Ursaluna|91/100|[from] item: Life Orb
|
|-damage|p2a: Incineroar|56/100 psn|[from] psn
|upkeep
|turn|2
|inactive|Tinged has 30 seconds left.
|
|t:|1756427190
|move|p1a: Sneasler|Protect|p1a: Sneasler
|-singleturn|p1a: Sneasler|Protect
|move|p2b: Ursaluna|Protect|p2b: Ursaluna
|-singleturn|p2b: Ursaluna|Protect
|move|p1b: Polteageist|Shadow Ball|p2a: Incineroar
|-resisted|p2a: Incineroar
|-damage|p2a: Incineroar|36/100 psn
|move|p2a: Incineroar|Knock Off|p1a: Sneasler
|-activate|p1a: Sneasler|move: Protect
|
|-damage|p2a: Incineroar|23/100 psn|[from] psn
|upkeep
|turn|3
|inactive|YoshiForLife has 30 seconds left.
|
|t:|1756427216
|switch|p2b: Indeedee|Indeedee, L50, M|100/100
|move|p1a: Sneasler|Close Combat|p2b: Indeedee
|-enditem|p2b: Indeedee|Focus Sash
|-damage|p2b: Indeedee|1/100
|-unboost|p1a: Sneasler|def|1
|-unboost|p1a: Sneasler|spd|1
|move|p1b: Polteageist|Shadow Ball|p2a: Incineroar
|-resisted|p2a: Incineroar
|-damage|p2a: Incineroar|3/100 psn
|move|p2a: Incineroar|Knock Off|p1b: Polteageist
|-supereffective|p1b: Polteageist
|-damage|p1b: Polteageist|0 fnt
|-enditem|p1b: Polteageist|Focus Sash|[from] move: Knock Off|[of] p2a: Incineroar
|faint|p1b: Polteageist
|
|-damage|p2a: Incineroar|0 fnt|[from] psn
|faint|p2a: Incineroar
|upkeep
|
|t:|1756427237
|switch|p1b: Armarouge|Armarouge, L50, M|100/100
|switch|p2a: Sneasler|Sneasler, L50, F|100/100
|-enditem|p2a: Sneasler|Psychic Seed
|-boost|p2a: Sneasler|spd|1|[from] item: Psychic Seed
|turn|4
|
|t:|1756427256
|move|p1a: Sneasler|Protect|p1a: Sneasler
|-singleturn|p1a: Sneasler|Protect
|move|p2a: Sneasler|Throat Chop|p1b: Armarouge
|-supereffective|p1b: Armarouge
|-damage|p1b: Armarouge|30/100
|-start|p1b: Armarouge|Throat Chop|[silent]
|move|p1b: Armarouge|Expanding Force|p2a: Sneasler|[spread] p2a,p2b
|-supereffective|p2a: Sneasler
|-resisted|p2b: Indeedee
|-damage|p2a: Sneasler|0 fnt
|-damage|p2b: Indeedee|0 fnt
|faint|p2a: Sneasler
|faint|p2b: Indeedee
|
|upkeep
|
|t:|1756427266
|switch|p2b: Ursaluna|Ursaluna-Bloodmoon, L50, M, tera:Normal|91/100
|turn|5
|
|t:|1756427276
|move|p1a: Sneasler|Close Combat|p2b: Ursaluna
|-supereffective|p2b: Ursaluna
|-damage|p2b: Ursaluna|0 fnt
|-unboost|p1a: Sneasler|def|1
|-unboost|p1a: Sneasler|spd|1
|faint|p2b: Ursaluna
|
|win|Tinged
|raw|Tinged's rating: 1044 → 1073(+29 for winning)
|raw|YoshiForLife's rating: 1000 → 1000(+0 for losing)
|c|☆YoshiForLife|ggs
