|j|☆mesochobo
|j|☆dotKuro
|html|mesochobodotKuro    
|uhtml|bestof|Game 3 of a best-of-3
|t:|1755106977
|gametype|doubles
|player|p1|mesochobo|1|1151
|player|p2|dotKuro|2|1229
|gen|9
|tier|[Gen 9] VGC 2025 Reg H (Bo3)
|rated|
|rule|Species Clause: Limit one of each Pokémon
|rule|Item Clause: Limit 1 of each item
|clearpoke
|poke|p1|Indeedee-F, L50, F|
|poke|p1|Torkoal, L50, F|
|poke|p1|Hatterene, L50, F|
|poke|p1|Amoonguss, L50, M|
|poke|p1|Ursaluna, L50, F|
|poke|p1|Gallade, L50, M|
|poke|p2|Kingambit, L50, F|
|poke|p2|Volcarona, L50, M|
|poke|p2|Dragonite, L50, M|
|poke|p2|Sneasler, L50, M|
|poke|p2|Clefable, L50, F|
|poke|p2|Rillaboom, L50, M|
|teampreview|4
|showteam|p1|Indeedee-F||EjectButton|PsychicSurge|FollowMe,HelpingHand,TrickRoom,Psychic|||F|||50|,,,,,Steel]Torkoal||ChoiceSpecs|Drought|Eruption,SolarBeam,WeatherBall,EarthPower|||F|||50|,,,,,Grass]Hatterene||LifeOrb|MagicBounce|ExpandingForce,TrickRoom,Protect,DazzlingGleam|||F|||50|,,,,,Dark]Amoonguss||RockyHelmet|Regenerator|ClearSmog,Protect,RagePowder,Spore|||M|||50|,,,,,Water]Ursaluna||FlameOrb|Guts|Facade,HeadlongRush,PlayRough,Protect|||F|||50|,,,,,Ghost]Gallade||IronBall|Sharpness|PsychoCut,SacredSword,TrickRoom,WideGuard|||M|||50|,,,,,Dark
|showteam|p2|Kingambit||BlackGlasses|Defiant|Protect,SwordsDance,SuckerPunch,KowtowCleave|||F|||50|,,,,,Dark]Volcarona||CovertCloak|FlameBody|Protect,QuiverDance,TeraBlast,HeatWave|||M|||50|,,,,,Fairy]Dragonite||LoadedDice|Multiscale|Protect,Haze,ExtremeSpeed,ScaleShot|||M|||50|,,,,,Fairy]Sneasler||FocusSash|PoisonTouch|Taunt,Coaching,CloseCombat,DireClaw|||M|||50|,,,,,Ghost]Clefable||SafetyGoggles|Unaware|Protect,FollowMe,HelpingHand,Moonblast|||F|||50|,,,,,Water]Rillaboom||AssaultVest|GrassySurge|FakeOut,HighHorsepower,GrassyGlide,WoodHammer|||M|||50|,,,,,Fire
|inactive|Battle timer is ON: inactive players will automatically lose when time's up. (requested by mesochobo)
|
|t:|1755107005
|teamsize|p1|4
|teamsize|p2|4
|start
|switch|p1a: Indeedee|Indeedee-F, L50, F|100/100
|switch|p1b: Hatterene|Hatterene, L50, F|100/100
|switch|p2a: Kingambit|Kingambit, L50, F, shiny|100/100
|switch|p2b: Sneasler|Sneasler, L50, M|100/100
|-fieldstart|move: Psychic Terrain|[from] ability: Psychic Surge|[of] p1a: Indeedee
|turn|1
|inactive|mesochobo has 30 seconds left.
|
|t:|1755107031
|move|p1a: Indeedee|Follow Me|p1a: Indeedee
|-singleturn|p1a: Indeedee|move: Follow Me
|move|p2b: Sneasler|Coaching|p2a: Kingambit
|-boost|p2a: Kingambit|atk|1
|-boost|p2a: Kingambit|def|1
|move|p2a: Kingambit|Swords Dance|p2a: Kingambit
|-boost|p2a: Kingambit|atk|2
|move|p1b: Hatterene|Trick Room|p1b: Hatterene
|-fieldstart|move: Trick Room|[of] p1b: Hatterene
|
|upkeep
|turn|2
|inactive|dotKuro has 30 seconds left.
|
|t:|1755107062
|-terastallize|p1b: Hatterene|Dark
|move|p1b: Hatterene|Dazzling Gleam|p2a: Kingambit|[spread] p2a,p2b
|-damage|p2a: Kingambit|58/100
|-damage|p2b: Sneasler|40/100
|-damage|p1b: Hatterene|91/100|[from] item: Life Orb
|move|p2a: Kingambit|Kowtow Cleave|p1b: Hatterene
|-resisted|p1b: Hatterene
|-damage|p1b: Hatterene|13/100
|move|p1a: Indeedee|Psychic|p2b: Sneasler
|-supereffective|p2b: Sneasler
|-damage|p2b: Sneasler|0 fnt
|faint|p2b: Sneasler
|
|upkeep
|
|t:|1755107075
|switch|p2b: Rillaboom|Rillaboom, L50, M|100/100
|-fieldstart|move: Grassy Terrain|[from] ability: Grassy Surge|[of] p2b: Rillaboom
|turn|3
|
|t:|1755107085
|move|p1b: Hatterene|Protect|p1b: Hatterene
|-singleturn|p1b: Hatterene|Protect
|move|p1a: Indeedee|Follow Me|p1a: Indeedee
|-singleturn|p1a: Indeedee|move: Follow Me
|move|p2b: Rillaboom|Grassy Glide|p1a: Indeedee
|-damage|p1a: Indeedee|63/100
|-enditem|p1a: Indeedee|Eject Button
|
|t:|1755107102
|switch|p1a: Torkoal|Torkoal, L50, F|100/100
|-weather|SunnyDay|[from] ability: Drought|[of] p1a: Torkoal
|move|p2a: Kingambit|Kowtow Cleave|p1a: Torkoal
|-damage|p1a: Torkoal|0 fnt
|faint|p1a: Torkoal
|
|-weather|SunnyDay|[upkeep]
|-heal|p1b: Hatterene|19/100|[from] Grassy Terrain
|-heal|p2a: Kingambit|64/100|[from] Grassy Terrain
|upkeep
|
|t:|1755107115
|switch|p1a: Indeedee|Indeedee-F, L50, F|63/100
|-fieldstart|move: Psychic Terrain|[from] ability: Psychic Surge|[of] p1a: Indeedee
|turn|4
|
|t:|1755107137
|move|p1a: Indeedee|Helping Hand|p1b: Hatterene
|-singleturn|p1b: Hatterene|Helping Hand|[of] p1a: Indeedee
|move|p1b: Hatterene|Dazzling Gleam|p2a: Kingambit|[spread] p2a,p2b
|-damage|p2a: Kingambit|0 fnt
|-damage|p2b: Rillaboom|53/100
|faint|p2a: Kingambit
|-damage|p1b: Hatterene|10/100|[from] item: Life Orb
|move|p2b: Rillaboom|Grassy Glide|p1b: Hatterene
|-damage|p1b: Hatterene|0 fnt
|faint|p1b: Hatterene
|
|-weather|SunnyDay|[upkeep]
|upkeep
|
|t:|1755107152
|switch|p1b: Ursaluna|Ursaluna, L50, F|100/100
|switch|p2a: Clefable|Clefable, L50, F, shiny|100/100
|turn|5
|inactive|mesochobo has 30 seconds left.
|inactive|dotKuro has 30 seconds left.
|inactive|mesochobo has 20 seconds left.
|
|t:|1755107188
|move|p1a: Indeedee|Helping Hand|p1b: Ursaluna
|-singleturn|p1b: Ursaluna|Helping Hand|[of] p1a: Indeedee
|move|p2a: Clefable|Follow Me|p2a: Clefable
|-singleturn|p2a: Clefable|move: Follow Me
|move|p1b: Ursaluna|Facade|p2a: Clefable
|-damage|p2a: Clefable|51/100
|move|p2b: Rillaboom|Wood Hammer|p1a: Indeedee
|-damage|p1a: Indeedee|5/100
|-damage|p2b: Rillaboom|37/100|[from] Recoil
|
|-weather|SunnyDay|[upkeep]
|-fieldend|move: Trick Room
|-status|p1b: Ursaluna|brn|[from] item: Flame Orb
|upkeep
|turn|6
|inactive|mesochobo has 30 seconds left.
|inactive|dotKuro has 30 seconds left.
|inactive|dotKuro has 20 seconds left.
|inactive|dotKuro has 15 seconds left.
|inactive|dotKuro has 10 seconds left.
|
|t:|1755107234
|move|p2a: Clefable|Follow Me|p2a: Clefable
|-singleturn|p2a: Clefable|move: Follow Me
|move|p1a: Indeedee|Follow Me|p1a: Indeedee
|-singleturn|p1a: Indeedee|move: Follow Me
|move|p2b: Rillaboom|Grassy Glide|p1a: Indeedee
|-damage|p1a: Indeedee|0 fnt
|faint|p1a: Indeedee
|move|p1b: Ursaluna|Facade|p2a: Clefable
|-damage|p2a: Clefable|0 fnt
|faint|p2a: Clefable
|
|-weather|SunnyDay|[upkeep]
|-damage|p1b: Ursaluna|95/100 brn|[from] brn
|upkeep
|turn|7
|
|t:|1755107251
|move|p2b: Rillaboom|Wood Hammer|p1b: Ursaluna
|-supereffective|p1b: Ursaluna
|-damage|p1b: Ursaluna|1/100 brn
|-damage|p2b: Rillaboom|1/100|[from] Recoil
|move|p1b: Ursaluna|Facade|p2b: Rillaboom
|-damage|p2b: Rillaboom|0 fnt
|faint|p2b: Rillaboom
|
|win|mesochobo
|raw|mesochobo's rating: 1151 → 1182(+31 for winning)
|raw|dotKuro's rating: 1229 → 1198(-31 for losing)
