|j|☆KChiefs7
|j|☆Patata303
|html|KChiefs7Patata303    
|uhtml|bestof|Game 3 of a best-of-3
|t:|1756678821
|gametype|doubles
|player|p1|KChiefs7|266|1106
|player|p2|Patata303|silver|1189
|gen|9
|tier|[Gen 9] VGC 2025 Reg H (Bo3)
|rated|
|rule|Species Clause: Limit one of each Pokémon
|rule|Item Clause: Limit 1 of each item
|clearpoke
|poke|p1|Incineroar, L50, F|
|poke|p1|Porygon2, L50|
|poke|p1|Ursaluna, L50, M|
|poke|p1|Volcarona, L50, F|
|poke|p1|Amoonguss, L50, F|
|poke|p1|Indeedee, L50, M|
|poke|p2|Indeedee, L50, M|
|poke|p2|Drifblim, L50, M|
|poke|p2|Volcarona, L50, F|
|poke|p2|Kommo-o, L50, M|
|poke|p2|Toxtricity, L50, M|
|poke|p2|Hydreigon, L50, M|
|teampreview|4
|showteam|p1|Incineroar||SitrusBerry|Intimidate|KnockOff,FakeOut,FlareBlitz,PartingShot|||F|||50|,,,,,Ghost]Porygon2||Eviolite|Download|Recover,IceBeam,TeraBlast,TrickRoom||||||50|,,,,,Fighting]Ursaluna||FlameOrb|Guts|Earthquake,Facade,HeadlongRush,Protect|||M|||50|,,,,,Stellar]Volcarona||ChoiceSpecs|FlameBody|HeatWave,BugBuzz,Overheat,GigaDrain|||F|||50|,,,,,Steel]Amoonguss||RockyHelmet|Regenerator|Spore,RagePowder,PollenPuff,Protect|||F|||50|,,,,,Fairy]Indeedee||FocusSash|PsychicSurge|ExpandingForce,TrickRoom,Protect,TeraBlast|||M|||50|,,,,,Dark
|showteam|p2|Indeedee||FocusSash|PsychicSurge|ExpandingForce,TeraBlast,Imprison,TrickRoom|||M|||50|,,,,,Ground]Drifblim||PsychicSeed|Unburden|Acrobatics,WillOWisp,StrengthSap,Tailwind|||M|||50|,,,,,Grass]Volcarona||LifeOrb|FlameBody|BugBuzz,HeatWave,TeraBlast,Protect|||F|||50|,,,,,Fairy]Kommo-o||Leftovers|Soundproof|BodyPress,Flamethrower,IronDefense,Protect|||M|||50|,,,,,Fire]Toxtricity||ChoiceSpecs|PunkRock|Overdrive,SludgeBomb,Boomburst,VoltSwitch|||M|||50|,,,,,Normal]Hydreigon||AssaultVest|Levitate|DarkPulse,DracoMeteor,EarthPower,Snarl|||M|||50|,,,,,Ghost
|inactive|Battle timer is ON: inactive players will automatically lose when time's up. (requested by KChiefs7)
|inactive|Patata303 has 60 seconds left.
|
|t:|1756678853
|teamsize|p1|4
|teamsize|p2|4
|start
|switch|p1a: Volcarona|Volcarona, L50, F|100/100
|switch|p1b: Porygon2|Porygon2, L50|100/100
|switch|p2a: Drifblim|Drifblim, L50, M|100/100
|switch|p2b: Indeedee|Indeedee, L50, M|100/100
|-fieldstart|move: Psychic Terrain|[from] ability: Psychic Surge|[of] p2b: Indeedee
|-enditem|p2a: Drifblim|Psychic Seed
|-boost|p2a: Drifblim|spd|1|[from] item: Psychic Seed
|-ability|p1b: Porygon2|Download|boost
|-boost|p1b: Porygon2|atk|1
|turn|1
|inactive|KChiefs7 has 30 seconds left.
|
|t:|1756678884
|move|p2a: Drifblim|Acrobatics|p1a: Volcarona
|-supereffective|p1a: Volcarona
|-damage|p1a: Volcarona|2/100
|move|p2b: Indeedee|Imprison|p2b: Indeedee
|-start|p2b: Indeedee|move: Imprison
|move|p1a: Volcarona|Heat Wave|p2b: Indeedee|[spread] p2a,p2b
|-damage|p2a: Drifblim|61/100
|-damage|p2b: Indeedee|7/100
|move|p1b: Porygon2|Ice Beam|p2b: Indeedee
|-damage|p2b: Indeedee|0 fnt
|faint|p2b: Indeedee
|
|upkeep
|
|t:|1756678895
|switch|p2b: Toxtricity|Toxtricity, L50, M|100/100
|turn|2
|
|t:|1756678915
|switch|p1a: Ursaluna|Ursaluna, L50, M|100/100
|move|p2a: Drifblim|Acrobatics|p1a: Ursaluna
|-damage|p1a: Ursaluna|76/100
|move|p2b: Toxtricity|Boomburst|p1a: Ursaluna|[spread] p1a,p1b
|-immune|p2a: Drifblim
|-crit|p1a: Ursaluna
|-damage|p1a: Ursaluna|0 fnt
|-damage|p1b: Porygon2|62/100
|faint|p1a: Ursaluna
|move|p1b: Porygon2|Trick Room|p1b: Porygon2
|-fieldstart|move: Trick Room|[of] p1b: Porygon2
|
|upkeep
|
|t:|1756678934
|switch|p1a: Indeedee|Indeedee, L50, M|100/100
|turn|3
|inactive|KChiefs7 has 30 seconds left.
|inactive|Patata303 has 30 seconds left.
|
|t:|1756678969
|-terastallize|p2b: Toxtricity|Normal
|move|p1b: Porygon2|Ice Beam|p2b: Toxtricity
|-damage|p2b: Toxtricity|58/100
|move|p2b: Toxtricity|Boomburst|p1b: Porygon2|[spread] p1a,p1b
|-immune|p2a: Drifblim
|-enditem|p1a: Indeedee|Focus Sash
|-damage|p1a: Indeedee|1/100
|-damage|p1b: Porygon2|0 fnt
|faint|p1b: Porygon2
|move|p1a: Indeedee|Expanding Force|p2b: Toxtricity|[spread] p2a,p2b
|-crit|p2a: Drifblim
|-damage|p2a: Drifblim|0 fnt
|-damage|p2b: Toxtricity|0 fnt
|faint|p2a: Drifblim
|faint|p2b: Toxtricity
|
|upkeep
|
|t:|1756678983
|switch|p1b: Volcarona|Volcarona, L50, F|2/100
|switch|p2b: Hydreigon|Hydreigon, L50, M|100/100
|turn|4
|inactive|KChiefs7 has 30 seconds left.
|
|t:|1756679010
|move|p1a: Indeedee|Expanding Force|p2b: Hydreigon
|-immune|p2b: Hydreigon
|move|p2b: Hydreigon|Snarl|p1b: Volcarona|[spread] p1b
|-miss|p2b: Hydreigon|p1a: Indeedee
|-damage|p1b: Volcarona|0 fnt
|faint|p1b: Volcarona
|
|upkeep
|turn|5
|
|t:|1756679028
|-terastallize|p1a: Indeedee|Dark
|move|p1a: Indeedee|Tera Blast|p2b: Hydreigon|[anim] Tera Blast Dark
|-resisted|p2b: Hydreigon
|-damage|p2b: Hydreigon|85/100
|move|p2b: Hydreigon|Dark Pulse|p1a: Indeedee
|-resisted|p1a: Indeedee
|-damage|p1a: Indeedee|0 fnt
|faint|p1a: Indeedee
|
|win|Patata303
|raw|KChiefs7's rating: 1106 → 1087(-19 for losing)
|raw|Patata303's rating: 1189 → 1208(+19 for winning)
|l|☆KChiefs7
|player|p1|
