|j|☆ground tera
|j|☆EW 3232122
|html|ground teraEW 3232122    
|uhtml|bestof|Game 1 of a best-of-3
|t:|1784382121
|gametype|doubles
|player|p1|ground tera|102|1287
|player|p2|EW 3232122|jasmine|1231
|gen|9
|tier|[Gen 9 Champions] VGC 2026 Reg M-B (Bo3)
|rated|
|rule|Species Clause: Limit one of each Pokémon
|rule|Item Clause: Limit 1 of each item
|clearpoke
|poke|p1|Whimsicott, L50, M, shiny|
|poke|p1|Garchomp, L50, F|
|poke|p1|Basculegion, L50, M|
|poke|p1|Charizard, L50, F|
|poke|p1|Floette-Eternal, L50, F|
|poke|p1|Kingambit, L50, M|
|poke|p2|Staraptor, L50, F|
|poke|p2|Incineroar, L50, M, shiny|
|poke|p2|Sinistcha, L50|
|poke|p2|Grimmsnarl, L50, M|
|poke|p2|Kingambit, L50, M|
|poke|p2|Raichu, L50, M|
|teampreview|4
|showteam|p1|Whimsicott||FocusSash|Prankster|Protect,Tailwind,SunnyDay,Moonblast|Timid||M|||50|]Garchomp||LifeOrb|RoughSkin|Protect,RockSlide,Earthquake,DragonClaw|Jolly||F|||50|]Basculegion||MysticWater|Adaptability|Protect,WaveCrash,LastRespects,AquaJet|Adamant||M|||50|]Charizard||CharizarditeY|Blaze|Protect,HeatWave,WeatherBall,SolarBeam|Modest||F|||50|]Floette-Eternal||Floettite|FlowerVeil|Protect,LightofRuin,DazzlingGleam,Moonblast|Timid||F|||50|]Kingambit||ChopleBerry|Defiant|LowKick,SuckerPunch,KowtowCleave,IronHead|Adamant||M|||50|
|showteam|p2|Staraptor||Staraptite|Intimidate|Protect,BraveBird,CloseCombat,Roost|Adamant||F|||50|]Incineroar||SitrusBerry|Intimidate|PartingShot,FakeOut,FlareBlitz,DarkestLariat|Careful||M|||50|]Sinistcha||OccaBerry|Hospitality|MatchaGotcha,TrickRoom,LifeDew,RagePowder|Relaxed|||||50|]Grimmsnarl||LightClay|Prankster|PartingShot,FakeTears,LightScreen,Reflect|Careful||M|||50|]Kingambit||FocusSash|Defiant|IronHead,SuckerPunch,LowKick,KowtowCleave|Adamant||M|||50|]Raichu||RaichuniteY|LightningRod|ZapCannon,FakeOut,FocusBlast,Protect|Timid||M|||50|
|inactive|Battle timer is ON: inactive players will automatically lose when time's up. (requested by ground tera)
|inactive|EW 3232122 also wants the timer to be on.
|inactive|ground tera has 60 seconds left.
|inactive|EW 3232122 has 60 seconds left.
|
|t:|1784382171
|teamsize|p1|4
|teamsize|p2|4
|start
|switch|p1a: Whimsicott|Whimsicott, L50, M, shiny|100/100
|switch|p1b: Floette|Floette-Eternal, L50, F|100/100
|switch|p2a: Staraptor|Staraptor, L50, F|100/100
|switch|p2b: Grimmsnarl|Grimmsnarl, L50, M|100/100
|-ability|p2a: Staraptor|Intimidate|boost
|-block|p1a: Whimsicott|ability: Flower Veil|[of] p1b: Floette
|-unboost|p1b: Floette|atk|1
|turn|1
|
|t:|1784382194
|detailschange|p1b: Floette|Floette-Mega, L50, F
|-mega|p1b: Floette|Floette|Floettite
|-ability|p1b: Floette|Fairy Aura
|detailschange|p2a: Staraptor|Staraptor-Mega, L50, F
|-mega|p2a: Staraptor|Staraptor|Staraptite
|move|p2a: Staraptor|Protect|p2a: Staraptor
|-singleturn|p2a: Staraptor|Protect
|move|p2b: Grimmsnarl|Light Screen|p2b: Grimmsnarl
|-sidestart|p2: EW 3232122|move: Light Screen
|move|p1a: Whimsicott|Moonblast|p2a: Staraptor
|-activate|p2a: Staraptor|move: Protect
|move|p1b: Floette|Dazzling Gleam|p2b: Grimmsnarl|[spread] p2b
|-activate|p2a: Staraptor|move: Protect
|-supereffective|p2b: Grimmsnarl|1
|-damage|p2b: Grimmsnarl|44/100
|
|upkeep
|turn|2
|inactive|EW 3232122 has 30 seconds left.
|
|t:|1784382228
|switch|p2a: Incineroar|Incineroar, L50, M, shiny|100/100
|-ability|p2a: Incineroar|Intimidate|boost
|-unboost|p1a: Whimsicott|atk|1
|-unboost|p1b: Floette|atk|1
|move|p1a: Whimsicott|Tailwind|p1a: Whimsicott
|-sidestart|p1: ground tera|move: Tailwind
|move|p2b: Grimmsnarl|Parting Shot|p1b: Floette
|-unboost|p1b: Floette|atk|1
|-unboost|p1b: Floette|spa|1
|
|t:|1784382240
|switch|p2b: Sinistcha|Sinistcha, L50|100/100|[from] Parting Shot
|move|p1b: Floette|Light of Ruin|p2a: Incineroar
|-damage|p2a: Incineroar|64/100
|-damage|p1b: Floette|76/100|[from] Recoil
|
|upkeep
|turn|3
|inactive|EW 3232122 has 30 seconds left.
|
|t:|1784382266
|move|p1a: Whimsicott|Moonblast|p2a: Incineroar
|-damage|p2a: Incineroar|41/100
|-enditem|p2a: Incineroar|Sitrus Berry|[eat]
|-heal|p2a: Incineroar|66/100|[from] item: Sitrus Berry
|move|p1b: Floette|Moonblast|p2a: Incineroar
|-damage|p2a: Incineroar|41/100
|move|p2a: Incineroar|Parting Shot|p1a: Whimsicott
|-unboost|p1a: Whimsicott|atk|1
|-unboost|p1a: Whimsicott|spa|1
|
|t:|1784382277
|switch|p2a: Staraptor|Staraptor-Mega, L50, F|100/100|[from] Parting Shot
|move|p2b: Sinistcha|Trick Room|p2b: Sinistcha
|-fieldstart|move: Trick Room|[of] p2b: Sinistcha
|
|upkeep
|turn|4
|
|t:|1784382292
|move|p1a: Whimsicott|Protect|p1a: Whimsicott
|-singleturn|p1a: Whimsicott|Protect
|move|p1b: Floette|Protect|p1b: Floette
|-singleturn|p1b: Floette|Protect
|move|p2b: Sinistcha|Rage Powder|p2b: Sinistcha
|-singleturn|p2b: Sinistcha|move: Rage Powder
|move|p2a: Staraptor|Close Combat|p1b: Floette
|-activate|p1b: Floette|move: Protect
|
|upkeep
|turn|5
|
|t:|1784382316
|move|p2b: Sinistcha|Rage Powder|p2b: Sinistcha
|-singleturn|p2b: Sinistcha|move: Rage Powder
|move|p2a: Staraptor|Close Combat|p1b: Floette
|-resisted|p1b: Floette|1
|-damage|p1b: Floette|38/100
|-boost|p2a: Staraptor|def|1
|-boost|p2a: Staraptor|spd|1
|move|p1b: Floette|Dazzling Gleam|p2a: Staraptor|[spread] p2a,p2b
|-supereffective|p2a: Staraptor|1
|-damage|p2a: Staraptor|77/100
|-damage|p2b: Sinistcha|79/100
|move|p1a: Whimsicott|Moonblast|p2a: Staraptor
|-supereffective|p2a: Staraptor|1
|-damage|p2a: Staraptor|51/100
|
|-sideend|p1: ground tera|move: Tailwind
|upkeep
|turn|6
|inactive|EW 3232122 has 30 seconds left.
|
|t:|1784382346
|switch|p1b: Garchomp|Garchomp, L50, F|100/100
|move|p2b: Sinistcha|Life Dew|p2b: Sinistcha|[spread] p2a,p2b
|-heal|p2a: Staraptor|76/100
|-heal|p2b: Sinistcha|100/100
|move|p2a: Staraptor|Close Combat|p1a: Whimsicott
|-resisted|p1a: Whimsicott|1
|-damage|p1a: Whimsicott|51/100
|-boost|p2a: Staraptor|def|1
|-boost|p2a: Staraptor|spd|1
|move|p1a: Whimsicott|Moonblast|p2a: Staraptor
|-supereffective|p2a: Staraptor|1
|-damage|p2a: Staraptor|61/100
|
|upkeep
|turn|7
|inactive|EW 3232122 has 30 seconds left.
|
|t:|1784382374
|switch|p2b: Incineroar|Incineroar, L50, M, shiny|41/100
|-ability|p2b: Incineroar|Intimidate|boost
|-unboost|p1a: Whimsicott|atk|1
|-unboost|p1b: Garchomp|atk|1
|switch|p1a: Basculegion|Basculegion, L50, M|100/100
|move|p2a: Staraptor|Close Combat|p1a: Basculegion
|-immune|p1a: Basculegion
|move|p1b: Garchomp|Rock Slide|p2b: Incineroar|[spread] p2a
|-miss|p1b: Garchomp|p2b: Incineroar
|-damage|p2a: Staraptor|54/100
|-damage|p1b: Garchomp|90/100|[from] item: Life Orb
|
|-fieldend|move: Trick Room
|upkeep
|turn|8
|inactive|EW 3232122 has 30 seconds left.
|inactive|ground tera has 30 seconds left.
|
|t:|1784382406
|switch|p2b: Sinistcha|Sinistcha, L50|100/100
|-heal|p2a: Staraptor|79/100|[from] ability: Hospitality|[of] p2b: Sinistcha
|move|p1b: Garchomp|Rock Slide|p2b: Sinistcha|[spread] p2a
|-miss|p1b: Garchomp|p2b: Sinistcha
|-crit|p2a: Staraptor
|-damage|p2a: Staraptor|48/100
|-damage|p1b: Garchomp|80/100|[from] item: Life Orb
|move|p2a: Staraptor|Close Combat|p1b: Garchomp
|-damage|p1b: Garchomp|18/100
|-boost|p2a: Staraptor|def|1
|-boost|p2a: Staraptor|spd|1
|-damage|p2a: Staraptor|35/100|[from] ability: Rough Skin|[of] p1b: Garchomp
|move|p1a: Basculegion|Last Respects|p2b: Sinistcha
|-supereffective|p2b: Sinistcha|1
|-damage|p2b: Sinistcha|43/100
|
|-sideend|p2: EW 3232122|move: Light Screen
|upkeep
|turn|9
|inactive|EW 3232122 has 30 seconds left.
|
|t:|1784382433
|switch|p2b: Incineroar|Incineroar, L50, M, shiny|41/100
|-ability|p2b: Incineroar|Intimidate|boost
|-unboost|p1a: Basculegion|atk|1
|-unboost|p1b: Garchomp|atk|1
|move|p1b: Garchomp|Rock Slide|p2a: Staraptor|[spread] p2a,p2b
|-supereffective|p2b: Incineroar|1
|-damage|p2a: Staraptor|31/100
|-damage|p2b: Incineroar|19/100
|-damage|p1b: Garchomp|8/100|[from] item: Life Orb
|move|p2a: Staraptor|Roost|p2a: Staraptor
|-heal|p2a: Staraptor|81/100
|-singleturn|p2a: Staraptor|move: Roost
|move|p1a: Basculegion|Last Respects|p2a: Staraptor
|-crit|p2a: Staraptor
|-damage|p2a: Staraptor|32/100
|
|upkeep
|turn|10
|inactive|ground tera has 30 seconds left.
|inactive|EW 3232122 has 30 seconds left.
|
|t:|1784382466
|switch|p2b: Sinistcha|Sinistcha, L50|43/100
|-heal|p2a: Staraptor|57/100|[from] ability: Hospitality|[of] p2b: Sinistcha
|move|p1b: Garchomp|Rock Slide|p2b: Sinistcha|[spread] p2a,p2b
|-damage|p2a: Staraptor|53/100
|-damage|p2b: Sinistcha|33/100
|-damage|p1b: Garchomp|0 fnt|[from] item: Life Orb
|faint|p1b: Garchomp
|move|p2a: Staraptor|Roost|p2a: Staraptor
|-heal|p2a: Staraptor|100/100
|-singleturn|p2a: Staraptor|move: Roost
|move|p1a: Basculegion|Last Respects|p2b: Sinistcha
|-supereffective|p2b: Sinistcha|1
|-damage|p2b: Sinistcha|0 fnt
|faint|p2b: Sinistcha
|
|upkeep
|
|t:|1784382484
|switch|p1b: Whimsicott|Whimsicott, L50, M, shiny|51/100
|switch|p2b: Incineroar|Incineroar, L50, M, shiny|19/100
|-ability|p2b: Incineroar|Intimidate|boost
|-unboost|p1a: Basculegion|atk|1
|-unboost|p1b: Whimsicott|atk|1
|turn|11
|
|t:|1784382496
|move|p1b: Whimsicott|Protect|p1b: Whimsicott
|-singleturn|p1b: Whimsicott|Protect
|move|p2b: Incineroar|Fake Out|p1b: Whimsicott
|-activate|p1b: Whimsicott|move: Protect
|move|p2a: Staraptor|Brave Bird|p1a: Basculegion
|-damage|p1a: Basculegion|35/100
|-damage|p2a: Staraptor|78/100|[from] Recoil
|move|p1a: Basculegion|Wave Crash|p2b: Incineroar
|-supereffective|p2b: Incineroar|1
|-damage|p2b: Incineroar|0 fnt
|faint|p2b: Incineroar
|-damage|p1a: Basculegion|28/100|[from] Recoil
|
|upkeep
|
|t:|1784382511
|switch|p2b: Grimmsnarl|Grimmsnarl, L50, M|44/100
|turn|12
|
|t:|1784382535
|move|p1b: Whimsicott|Tailwind|p1b: Whimsicott
|-sidestart|p1: ground tera|move: Tailwind
|move|p2b: Grimmsnarl|Light Screen|p2b: Grimmsnarl
|-sidestart|p2: EW 3232122|move: Light Screen
|move|p1a: Basculegion|Wave Crash|p2b: Grimmsnarl
|-damage|p2b: Grimmsnarl|0 fnt
|faint|p2b: Grimmsnarl
|-damage|p1a: Basculegion|13/100|[from] Recoil
|move|p2a: Staraptor|Brave Bird|p1b: Whimsicott
|-supereffective|p1b: Whimsicott|1
|-damage|p1b: Whimsicott|0 fnt
|faint|p1b: Whimsicott
|-damage|p2a: Staraptor|66/100|[from] Recoil
|
|upkeep
|
|t:|1784382540
|switch|p1b: Floette|Floette-Mega, L50, F|38/100
|-ability|p1b: Floette|Fairy Aura
|turn|13
|
|t:|1784382562
|move|p2a: Staraptor|Protect|p2a: Staraptor
|-singleturn|p2a: Staraptor|Protect
|move|p1b: Floette|Light of Ruin|p2a: Staraptor
|-activate|p2a: Staraptor|move: Protect
|move|p1a: Basculegion|Last Respects|p2a: Staraptor
|-activate|p2a: Staraptor|move: Protect
|
|upkeep
|turn|14
|
|t:|1784382579
|move|p1b: Floette|Light of Ruin|p2a: Staraptor|[miss]
|-miss|p1b: Floette|p2a: Staraptor
|move|p1a: Basculegion|Last Respects|p2a: Staraptor
|-damage|p2a: Staraptor|48/100
|move|p2a: Staraptor|Roost|p2a: Staraptor
|-heal|p2a: Staraptor|98/100
|-singleturn|p2a: Staraptor|move: Roost
|
|upkeep
|turn|15
|
|t:|1784382593
|move|p2a: Staraptor|Protect|p2a: Staraptor
|-singleturn|p2a: Staraptor|Protect
|move|p1b: Floette|Light of Ruin|p2a: Staraptor
|-activate|p2a: Staraptor|move: Protect
|move|p1a: Basculegion|Last Respects|p2a: Staraptor
|-activate|p2a: Staraptor|move: Protect
|
|-sideend|p1: ground tera|move: Tailwind
|upkeep
|turn|16
|
|t:|1784382607
|move|p1b: Floette|Protect|p1b: Floette
|-singleturn|p1b: Floette|Protect
|move|p2a: Staraptor|Brave Bird|p1b: Floette
|-activate|p1b: Floette|move: Protect
|move|p1a: Basculegion|Last Respects|p2a: Staraptor
|-damage|p2a: Staraptor|79/100
|
|upkeep
|turn|17
|
|t:|1784382621
|move|p1b: Floette|Protect|p1b: Floette
|-singleturn|p1b: Floette|Protect
|move|p2a: Staraptor|Brave Bird|p1b: Floette
|-activate|p1b: Floette|move: Protect
|move|p1a: Basculegion|Last Respects|p2a: Staraptor
|-damage|p2a: Staraptor|61/100
|
|upkeep
|turn|18
|inactive|EW 3232122 has 30 seconds left.
|
|t:|1784382635
|move|p1b: Floette|Moonblast|p2a: Staraptor
|-supereffective|p2a: Staraptor|1
|-damage|p2a: Staraptor|26/100
|move|p2a: Staraptor|Brave Bird|p1b: Floette
|-damage|p1b: Floette|0 fnt
|faint|p1b: Floette
|-damage|p2a: Staraptor|16/100|[from] Recoil
|move|p1a: Basculegion|Last Respects|p2a: Staraptor
|-damage|p2a: Staraptor|0 fnt
|faint|p2a: Staraptor
|
|win|ground tera
