|j|☆TalonMasterJ
|j|☆kk1pper1314
|html|TalonMasterJkk1pper1314    
|uhtml|bestof|Game 2 of a best-of-3
|t:|1784161526
|gametype|doubles
|player|p1|TalonMasterJ|steven|1340
|player|p2|kk1pper1314|266|1370
|gen|9
|tier|[Gen 9 Champions] VGC 2026 Reg M-B (Bo3)
|rated|
|rule|Species Clause: Limit one of each Pokémon
|rule|Item Clause: Limit 1 of each item
|clearpoke
|poke|p1|Blaziken, L50, M|
|poke|p1|Aerodactyl, L50, F|
|poke|p1|Kingambit, L50, M|
|poke|p1|Basculegion, L50, M|
|poke|p1|Sylveon, L50, M|
|poke|p1|Torkoal, L50, F|
|poke|p2|Blaziken, L50, M|
|poke|p2|Aerodactyl, L50, M|
|poke|p2|Kingambit, L50, M|
|poke|p2|Basculegion, L50, M|
|poke|p2|Sylveon, L50, M|
|poke|p2|Torkoal, L50, M|
|teampreview|4
|showteam|p1|Blaziken||Blazikenite|SpeedBoost|FlareBlitz,CloseCombat,Protect,RockSlide|Adamant||M|||50|]Aerodactyl||Aerodactylite|Unnerve|RockSlide,DualWingbeat,IceFang,Tailwind|Jolly||F|||50|]Kingambit||LifeOrb|Defiant|KowtowCleave,Protect,IronHead,SuckerPunch|Adamant||M|||50|]Basculegion||FocusSash|Adaptability|WaveCrash,Protect,LastRespects,AquaJet|Adamant||M|||50|]Sylveon||FairyFeather|Pixilate|HyperVoice,Moonblast,QuickAttack,Protect|Modest||M|||50|]Torkoal||Leftovers|Drought|BurningJealousy,WeatherBall,Protect,Yawn|Relaxed||F|||50|
|showteam|p2|Blaziken||Blazikenite|SpeedBoost|FlareBlitz,CloseCombat,Protect,RockSlide|Adamant||M|||50|]Aerodactyl||Aerodactylite|Unnerve|RockSlide,DualWingbeat,IceFang,Tailwind|Jolly||M|||50|]Kingambit||LifeOrb|Defiant|KowtowCleave,Protect,IronHead,SuckerPunch|Adamant||M|||50|]Basculegion||FocusSash|Adaptability|Liquidation,Protect,LastRespects,AquaJet|Adamant||M|||50|]Sylveon||FairyFeather|Pixilate|HyperVoice,Moonblast,QuickAttack,Protect|Modest||M|||50|]Torkoal||Leftovers|Drought|BurningJealousy,WeatherBall,Protect,Yawn|Relaxed||M|||50|
|inactive|Battle timer is ON: inactive players will automatically lose when time's up. (requested by kk1pper1314)
|
|t:|1784161555
|teamsize|p1|4
|teamsize|p2|4
|start
|switch|p1a: Torkoal|Torkoal, L50, F|100/100
|switch|p1b: Kingambit|Kingambit, L50, M|100/100
|switch|p2a: Blaziken|Blaziken, L50, M|100/100
|switch|p2b: Kingambit|Kingambit, L50, M|100/100
|-weather|SunnyDay|[from] ability: Drought|[of] p1a: Torkoal
|turn|1
|inactive|kk1pper1314 has 30 seconds left.
|
|t:|1784161585
|detailschange|p2a: Blaziken|Blaziken-Mega, L50, M
|-mega|p2a: Blaziken|Blaziken|Blazikenite
|move|p2b: Kingambit|Protect|p2b: Kingambit
|-singleturn|p2b: Kingambit|Protect
|move|p2a: Blaziken|Rock Slide|p1b: Kingambit|[spread] p1b
|-miss|p2a: Blaziken|p1a: Torkoal
|-resisted|p1b: Kingambit|1
|-damage|p1b: Kingambit|90/100
|move|p1b: Kingambit|Kowtow Cleave|p2b: Kingambit
|-activate|p2b: Kingambit|move: Protect
|move|p1a: Torkoal|Yawn|p2b: Kingambit
|-activate|p2b: Kingambit|move: Protect
|
|-weather|SunnyDay|[upkeep]
|-ability|p2a: Blaziken|Speed Boost|boost
|-boost|p2a: Blaziken|spe|1
|upkeep
|turn|2
|
|t:|1784161598
|move|p1b: Kingambit|Sucker Punch|p2b: Kingambit
|-resisted|p2b: Kingambit|1
|-damage|p2b: Kingambit|80/100
|-damage|p1b: Kingambit|80/100|[from] item: Life Orb
|move|p2a: Blaziken|Close Combat|p1a: Torkoal
|-damage|p1a: Torkoal|46/100
|-unboost|p2a: Blaziken|def|1
|-unboost|p2a: Blaziken|spd|1
|move|p2b: Kingambit|Kowtow Cleave|p1a: Torkoal
|-damage|p1a: Torkoal|1/100
|-damage|p2b: Kingambit|71/100|[from] item: Life Orb
|move|p1a: Torkoal|Weather Ball|p2b: Kingambit
|-supereffective|p2b: Kingambit|1
|-damage|p2b: Kingambit|0 fnt
|faint|p2b: Kingambit
|
|-weather|SunnyDay|[upkeep]
|-heal|p1a: Torkoal|7/100|[from] item: Leftovers
|-ability|p2a: Blaziken|Speed Boost|boost
|-boost|p2a: Blaziken|spe|1
|upkeep
|
|t:|1784161607
|switch|p2b: Basculegion|Basculegion, L50, M|100/100
|turn|3
|
|t:|1784161632
|move|p1b: Kingambit|Protect|p1b: Kingambit
|-singleturn|p1b: Kingambit|Protect
|move|p2a: Blaziken|Close Combat|p1b: Kingambit
|-activate|p1b: Kingambit|move: Protect
|move|p2b: Basculegion|Last Respects|p1b: Kingambit
|-activate|p1b: Kingambit|move: Protect
|move|p1a: Torkoal|Burning Jealousy|p2b: Basculegion|[spread] p2a,p2b
|-resisted|p2a: Blaziken|1
|-resisted|p2b: Basculegion|1
|-damage|p2a: Blaziken|69/100
|-damage|p2b: Basculegion|85/100
|
|-weather|SunnyDay|[upkeep]
|-heal|p1a: Torkoal|14/100|[from] item: Leftovers
|-ability|p2a: Blaziken|Speed Boost|boost
|-boost|p2a: Blaziken|spe|1
|upkeep
|turn|4
|
|t:|1784161649
|move|p2b: Basculegion|Aqua Jet|p1a: Torkoal
|-supereffective|p1a: Torkoal|1
|-damage|p1a: Torkoal|0 fnt
|faint|p1a: Torkoal
|move|p1b: Kingambit|Sucker Punch|p2a: Blaziken
|-resisted|p2a: Blaziken|1
|-damage|p2a: Blaziken|17/100
|-damage|p1b: Kingambit|71/100|[from] item: Life Orb
|move|p2a: Blaziken|Close Combat|p1b: Kingambit
|-supereffective|p1b: Kingambit|2
|-damage|p1b: Kingambit|0 fnt
|-unboost|p2a: Blaziken|def|1
|-unboost|p2a: Blaziken|spd|1
|faint|p1b: Kingambit
|
|-weather|SunnyDay|[upkeep]
|-ability|p2a: Blaziken|Speed Boost|boost
|-boost|p2a: Blaziken|spe|1
|upkeep
|
|t:|1784161653
|switch|p1b: Blaziken|Blaziken, L50, M|100/100
|switch|p1a: Sylveon|Sylveon, L50, M|100/100
|turn|5
|
|t:|1784161676
|detailschange|p1b: Blaziken|Blaziken-Mega, L50, M
|-mega|p1b: Blaziken|Blaziken|Blazikenite
|move|p1a: Sylveon|Quick Attack|p2a: Blaziken
|-damage|p2a: Blaziken|0 fnt
|faint|p2a: Blaziken
|move|p1b: Blaziken|Flare Blitz|p2b: Basculegion
|-resisted|p2b: Basculegion|1
|-damage|p2b: Basculegion|11/100
|-damage|p1b: Blaziken|69/100|[from] Recoil
|move|p2b: Basculegion|Last Respects|p1a: Sylveon
|-damage|p1a: Sylveon|0 fnt
|faint|p1a: Sylveon
|
|-weather|none
|-ability|p1b: Blaziken|Speed Boost|boost
|-boost|p1b: Blaziken|spe|1
|upkeep
|
|t:|1784161681
|switch|p2a: Torkoal|Torkoal, L50, M|100/100
|-weather|SunnyDay|[from] ability: Drought|[of] p2a: Torkoal
|turn|6
|
|t:|1784161686
|move|p2b: Basculegion|Protect|p2b: Basculegion
|-singleturn|p2b: Basculegion|Protect
|move|p1b: Blaziken|Rock Slide|p2b: Basculegion|[spread] p2a
|-activate|p2b: Basculegion|move: Protect
|-supereffective|p2a: Torkoal|1
|-damage|p2a: Torkoal|63/100
|cant|p2a: Torkoal|flinch
|
|-weather|SunnyDay|[upkeep]
|-heal|p2a: Torkoal|69/100|[from] item: Leftovers
|-ability|p1b: Blaziken|Speed Boost|boost
|-boost|p1b: Blaziken|spe|1
|upkeep
|turn|7
|
|t:|1784161694
|move|p2b: Basculegion|Aqua Jet|p1b: Blaziken
|-supereffective|p1b: Blaziken|1
|-damage|p1b: Blaziken|31/100
|move|p1b: Blaziken|Rock Slide|p2b: Basculegion|[spread] p2a,p2b
|-supereffective|p2a: Torkoal|1
|-damage|p2a: Torkoal|38/100
|-damage|p2b: Basculegion|0 fnt
|faint|p2b: Basculegion
|move|p2a: Torkoal|Yawn|p1b: Blaziken
|-start|p1b: Blaziken|move: Yawn|[of] p2a: Torkoal
|
|-weather|SunnyDay|[upkeep]
|-heal|p2a: Torkoal|44/100|[from] item: Leftovers
|-ability|p1b: Blaziken|Speed Boost|boost
|-boost|p1b: Blaziken|spe|1
|upkeep
|turn|8
|
|t:|1784161708
|move|p1b: Blaziken|Protect|p1b: Blaziken
|-singleturn|p1b: Blaziken|Protect
|move|p2a: Torkoal|Protect||[still]
|-fail|p2a: Torkoal
|
|-weather|SunnyDay|[upkeep]
|-heal|p2a: Torkoal|50/100g|[from] item: Leftovers
|-end|p1b: Blaziken|move: Yawn|[silent]
|-status|p1b: Blaziken|slp
|-ability|p1b: Blaziken|Speed Boost|boost
|-boost|p1b: Blaziken|spe|1
|upkeep
|turn|9
|
|t:|1784161711
|cant|p1b: Blaziken|slp
|move|p2a: Torkoal|Weather Ball|p1b: Blaziken
|-resisted|p1b: Blaziken|1
|-damage|p1b: Blaziken|0 fnt
|faint|p1b: Blaziken
|
|win|kk1pper1314
||kk1pper1314 is ready for game 3.
||TalonMasterJ is ready for game 3.
|uhtml|next|Next: Game 3 of 3
|l|☆kk1pper1314
|player|p2|
