|j|☆liuk999
|j|☆TeyVgc
|html|liuk999TeyVgc    
|uhtml|bestof|Game 1 of a best-of-3
|t:|1783019769
|gametype|doubles
|player|p1|liuk999|depotagent|1090
|player|p2|TeyVgc|rood|1142
|gen|9
|tier|[Gen 9 Champions] VGC 2026 Reg M-B (Bo3)
|rated|
|rule|Species Clause: Limit one of each Pokémon
|rule|Item Clause: Limit 1 of each item
|clearpoke
|poke|p1|Scolipede, L50, F, shiny|
|poke|p1|Sableye, L50, M, shiny|
|poke|p1|Pelipper, L50, F|
|poke|p1|Archaludon, L50, F, shiny|
|poke|p1|Sinistcha, L50, shiny|
|poke|p1|Raichu, L50, M, shiny|
|poke|p2|Tyranitar, L50, M|
|poke|p2|Excadrill, L50, M|
|poke|p2|Rotom-Wash, L50|
|poke|p2|Sinistcha, L50|
|poke|p2|Corviknight, L50, F|
|poke|p2|Houndstone, L50, F|
|teampreview|4
|showteam|p1|Scolipede||Scolipite|SpeedBoost|LeechLife,PoisonJab,SwordsDance,Protect|Careful||F|||50|]Sableye||LightClay|Prankster|Encore,LightScreen,RainDance,Reflect|Sassy||M|||50|]Pelipper||SitrusBerry|Drizzle|Hurricane,WeatherBall,Protect,Tailwind|Timid||F|||50|]Archaludon||Leftovers|Stamina|ElectroShot,DragonPulse,FlashCannon,Protect|Modest||F|||50|]Sinistcha||KasibBerry|Hospitality|Protect,MatchaGotcha,RagePowder,LifeDew|Calm|||||50|]Raichu||RaichuniteX|LightningRod|FakeOut,VoltTackle,BrickBreak,Protect|Jolly||M|||50|
|showteam|p2|Tyranitar||Tyranitarite|SandStream|RockSlide,KnockOff,LowKick,Protect|Adamant||M|||50|]Excadrill||FocusSash|SandRush|IronHead,Protect,Earthquake,RockSlide|Adamant||M|||50|]Rotom-Wash||ChoiceScarf|Levitate|VoltSwitch,HydroPump,Electroweb,Thunderbolt|Modest|||||50|]Sinistcha||SitrusBerry|Hospitality|RagePowder,MatchaGotcha,StrengthSap,TrickRoom|Bold|||||50|]Corviknight||Leftovers|MirrorArmor|BulkUp,BraveBird,Roost,Tailwind|Careful||F|||50|]Houndstone||SpellTag|SandRush|LastRespects,PhantomForce,WillOWisp,Protect|Adamant||F|||50|
|inactive|Battle timer is ON: inactive players will automatically lose when time's up. (requested by liuk999)
|
|t:|1783019819
|teamsize|p1|4
|teamsize|p2|4
|start
|switch|p1a: Scolipede|Scolipede, L50, F, shiny|100/100
|switch|p1b: Sableye|Sableye, L50, M, shiny|100/100
|switch|p2a: Excadrill|Excadrill, L50, M|100/100
|switch|p2b: Corviknight|Corviknight, L50, F|100/100
|turn|1
|inactive|liuk999 has 30 seconds left.
|inactive|liuk999 has 20 seconds left.
|
|t:|1783019855
|move|p1b: Sableye|Reflect|p1b: Sableye
|-sidestart|p1: liuk999|Reflect
|move|p2a: Excadrill|Rock Slide|p1b: Sableye|[spread] p1b
|-miss|p2a: Excadrill|p1a: Scolipede
|-damage|p1b: Sableye|81/100
|move|p1a: Scolipede|Swords Dance|p1a: Scolipede
|-boost|p1a: Scolipede|atk|2
|move|p2b: Corviknight|Tailwind|p2b: Corviknight
|-sidestart|p2: TeyVgc|move: Tailwind
|
|-ability|p1a: Scolipede|Speed Boost|boost
|-boost|p1a: Scolipede|spe|1
|upkeep
|turn|2
|
|t:|1783019876
|move|p1b: Sableye|Light Screen|p1b: Sableye
|-sidestart|p1: liuk999|move: Light Screen
|move|p2a: Excadrill|Rock Slide|p1a: Scolipede|[spread] p1a,p1b
|-supereffective|p1a: Scolipede|1
|-damage|p1a: Scolipede|67/100
|-damage|p1b: Sableye|61/100
|move|p2b: Corviknight|Bulk Up|p2b: Corviknight
|-boost|p2b: Corviknight|atk|1
|-boost|p2b: Corviknight|def|1
|cant|p1a: Scolipede|flinch
|
|-ability|p1a: Scolipede|Speed Boost|boost
|-boost|p1a: Scolipede|spe|1
|upkeep
|turn|3
|inactive|liuk999 has 30 seconds left.
|
|t:|1783019909
|switch|p2b: Tyranitar|Tyranitar, L50, M|100/100
|-weather|Sandstorm|[from] ability: Sand Stream|[of] p2b: Tyranitar
|move|p1a: Scolipede|Protect|p1a: Scolipede
|-singleturn|p1a: Scolipede|Protect
|move|p1b: Sableye|Rain Dance|p1b: Sableye
|-weather|RainDance
|move|p2a: Excadrill|Rock Slide|p1a: Scolipede|[spread] p1b
|-activate|p1a: Scolipede|move: Protect
|-damage|p1b: Sableye|42/100
|
|-weather|RainDance|[upkeep]
|-ability|p1a: Scolipede|Speed Boost|boost
|-boost|p1a: Scolipede|spe|1
|upkeep
|turn|4
|
|t:|1783019930
|switch|p1b: Sinistcha|Sinistcha, L50, shiny|100/100
|-heal|p1a: Scolipede|91/100|[from] ability: Hospitality|[of] p1b: Sinistcha
|detailschange|p1a: Scolipede|Scolipede-Mega, L50, F, shiny
|-mega|p1a: Scolipede|Scolipede|Scolipite
|move|p2a: Excadrill|Rock Slide|p1a: Scolipede|[spread] p1a,p1b
|-supereffective|p1a: Scolipede|1
|-damage|p1a: Scolipede|70/100
|-damage|p1b: Sinistcha|88/100
|move|p1a: Scolipede|Swords Dance|p1a: Scolipede
|-boost|p1a: Scolipede|atk|2
|move|p2b: Tyranitar|Rock Slide|p1a: Scolipede|[spread] p1a,p1b
|-supereffective|p1a: Scolipede|1
|-damage|p1a: Scolipede|41/100
|-damage|p1b: Sinistcha|71/100
|
|-weather|RainDance|[upkeep]
|-sideend|p2: TeyVgc|move: Tailwind
|upkeep
|turn|5
|inactive|TeyVgc has 30 seconds left.
|
|t:|1783019957
|detailschange|p2b: Tyranitar|Tyranitar-Mega, L50, M
|-mega|p2b: Tyranitar|Tyranitar|Tyranitarite
|-weather|Sandstorm|[from] ability: Sand Stream|[of] p2b: Tyranitar
|move|p2a: Excadrill|Rock Slide|p1a: Scolipede|[spread] p1a,p1b
|-supereffective|p1a: Scolipede|1
|-damage|p1a: Scolipede|19/100
|-damage|p1b: Sinistcha|58/100
|move|p1a: Scolipede|Leech Life|p2b: Tyranitar
|-supereffective|p2b: Tyranitar|1
|-damage|p2b: Tyranitar|0 fnt
|-heal|p1a: Scolipede|81/100|[from] drain|[of] p2b: Tyranitar
|faint|p2b: Tyranitar
|move|p1b: Sinistcha|Life Dew|p1b: Sinistcha|[spread] p1a,p1b
|-heal|p1a: Scolipede|100/100
|-heal|p1b: Sinistcha|84/100
|
|-weather|Sandstorm|[upkeep]
|-damage|p1a: Scolipede|94/100|[from] Sandstorm
|-damage|p1b: Sinistcha|78/100|[from] Sandstorm
|upkeep
|
|t:|1783019975
|switch|p2b: Corviknight|Corviknight, L50, F|100/100
|turn|6
|
|t:|1783019989
|move|p2a: Excadrill|Earthquake|p1b: Sinistcha|[spread] p1a,p1b
|-immune|p2b: Corviknight
|-resisted|p1b: Sinistcha|1
|-damage|p1a: Scolipede|71/100
|-damage|p1b: Sinistcha|65/100
|move|p1a: Scolipede|Leech Life|p2b: Corviknight
|-resisted|p2b: Corviknight|2
|-damage|p2b: Corviknight|74/100
|-heal|p1a: Scolipede|86/100|[from] drain|[of] p2b: Corviknight
|move|p2b: Corviknight|Bulk Up|p2b: Corviknight
|-boost|p2b: Corviknight|atk|1
|-boost|p2b: Corviknight|def|1
|move|p1b: Sinistcha|Matcha Gotcha|p2b: Corviknight|[spread] p2b
|-miss|p1b: Sinistcha|p2a: Excadrill
|-resisted|p2b: Corviknight|2
|-damage|p2b: Corviknight|69/100
|-heal|p1b: Sinistcha|67/100|[from] drain|[of] p2b: Corviknight
|
|-weather|Sandstorm|[upkeep]
|-damage|p1a: Scolipede|80/100|[from] Sandstorm
|-damage|p1b: Sinistcha|61/100|[from] Sandstorm
|-heal|p2b: Corviknight|75/100|[from] item: Leftovers
|upkeep
|turn|7
|inactive|liuk999 has 30 seconds left.
|
|t:|1783020020
|switch|p1b: Sableye|Sableye, L50, M, shiny|42/100
|move|p2a: Excadrill|Rock Slide|p1a: Scolipede|[spread] p1a,p1b
|-supereffective|p1a: Scolipede|1
|-crit|p1b: Sableye
|-damage|p1a: Scolipede|57/100
|-damage|p1b: Sableye|0 fnt
|faint|p1b: Sableye
|cant|p1a: Scolipede|flinch
|move|p2b: Corviknight|Bulk Up|p2b: Corviknight
|-boost|p2b: Corviknight|atk|1
|-boost|p2b: Corviknight|def|1
|
|-weather|Sandstorm|[upkeep]
|-damage|p1a: Scolipede|51/100|[from] Sandstorm
|-heal|p2b: Corviknight|81/100|[from] item: Leftovers
|upkeep
|
|t:|1783020034
|switch|p1b: Archaludon|Archaludon, L50, F, shiny|100/100
|turn|8
|inactive|TeyVgc has 30 seconds left.
|
|t:|1783020061
|move|p2a: Excadrill|Protect|p2a: Excadrill
|-singleturn|p2a: Excadrill|Protect
|move|p1a: Scolipede|Leech Life|p2b: Corviknight
|-resisted|p2b: Corviknight|2
|-damage|p2b: Corviknight|69/100
|-heal|p1a: Scolipede|58/100|[from] drain|[of] p2b: Corviknight
|move|p1b: Archaludon|Electro Shot||[still]
|-prepare|p1b: Archaludon|Electro Shot
|-boost|p1b: Archaludon|spa|1
|move|p2b: Corviknight|Brave Bird|p1a: Scolipede
|-supereffective|p1a: Scolipede|1
|-damage|p1a: Scolipede|0 fnt
|faint|p1a: Scolipede
|-damage|p2b: Corviknight|53/100|[from] Recoil
|
|-weather|Sandstorm|[upkeep]
|-heal|p2b: Corviknight|59/100|[from] item: Leftovers
|-sideend|p1: liuk999|Reflect
|upkeep
|
|t:|1783020076
|switch|p1a: Sinistcha|Sinistcha, L50, shiny|61/100
|turn|9
|
|t:|1783020094
|move|p1a: Sinistcha|Protect|p1a: Sinistcha
|-singleturn|p1a: Sinistcha|Protect
|move|p2a: Excadrill|Earthquake|p1b: Archaludon|[spread] p1b
|-activate|p1a: Sinistcha|move: Protect
|-immune|p2b: Corviknight
|-supereffective|p1b: Archaludon|1
|-crit|p1b: Archaludon
|-damage|p1b: Archaludon|7/100
|-ability|p1b: Archaludon|Stamina|boost
|-boost|p1b: Archaludon|def|1
|move|p2b: Corviknight|Brave Bird|p1a: Sinistcha
|-activate|p1a: Sinistcha|move: Protect
|move|p1b: Archaludon|Electro Shot|p2b: Corviknight|[from] lockedmove
|-supereffective|p2b: Corviknight|1
|-damage|p2b: Corviknight|0 fnt
|faint|p2b: Corviknight
|
|-weather|none
|-heal|p1b: Archaludon|13/100|[from] item: Leftovers
|-sideend|p1: liuk999|move: Light Screen
|upkeep
|
|t:|1783020108
|switch|p2b: Houndstone|Houndstone, L50, F|100/100
|turn|10
|
|t:|1783020128
|move|p2a: Excadrill|Protect|p2a: Excadrill
|-singleturn|p2a: Excadrill|Protect
|move|p1b: Archaludon|Protect|p1b: Archaludon
|-singleturn|p1b: Archaludon|Protect
|move|p2b: Houndstone|Last Respects|p1a: Sinistcha
|-supereffective|p1a: Sinistcha|1
|-enditem|p1a: Sinistcha|Kasib Berry|[eat]
|-enditem|p1a: Sinistcha|Kasib Berry|[weaken]
|-damage|p1a: Sinistcha|1/100
|move|p1a: Sinistcha|Life Dew|p1a: Sinistcha|[spread] p1a,p1b
|-heal|p1a: Sinistcha|26/100
|-heal|p1b: Archaludon|38/100
|
|-heal|p1b: Archaludon|44/100|[from] item: Leftovers
|upkeep
|turn|11
|
|t:|1783020152
|move|p2a: Excadrill|Earthquake|p1a: Sinistcha|[spread] p2b,p1a,p1b
|-resisted|p1a: Sinistcha|1
|-supereffective|p1b: Archaludon|1
|-crit|p1b: Archaludon
|-damage|p2b: Houndstone|54/100
|-damage|p1a: Sinistcha|8/100
|-damage|p1b: Archaludon|0 fnt
|faint|p1b: Archaludon
|move|p2b: Houndstone|Last Respects|p1a: Sinistcha
|-supereffective|p1a: Sinistcha|1
|-damage|p1a: Sinistcha|0 fnt
|faint|p1a: Sinistcha
|
|win|TeyVgc
