|j|☆TrNeru
|j|☆CillianVGC
|html|TrNeruCillianVGC    
|uhtml|bestof|Game 2 of a best-of-3
|t:|1757779667
|gametype|doubles
|player|p1|TrNeru|veteranf|
|player|p2|CillianVGC|nate|
|gen|9
|tier|[Gen 9] VGC 2025 Reg H (Bo3)
|rule|Species Clause: Limit one of each Pokémon
|rule|Item Clause: Limit 1 of each item
|clearpoke
|poke|p1|Dondozo, L50, M|
|poke|p1|Rillaboom, L50, F|
|poke|p1|Annihilape, L50, F|
|poke|p1|Arcanine-Hisui, L50, F|
|poke|p1|Whimsicott, L50, M|
|poke|p1|Archaludon, L50, F|
|poke|p2|Annihilape, L50, M|
|poke|p2|Maushold, L50|
|poke|p2|Kommo-o, L50, M|
|poke|p2|Incineroar, L50, M|
|poke|p2|Porygon2, L50|
|poke|p2|Ursaluna, L50, F|
|teampreview|4
|showteam|p1|Dondozo||Leftovers|Unaware|Fissure,Yawn,Protect,WaveCrash|||M|||50|,,,,,Grass]Rillaboom||AssaultVest|GrassySurge|WoodHammer,GrassyGlide,HighHorsepower,FakeOut|||F|||50|,,,,,Fire]Annihilape||SafetyGoggles|Defiant|DrainPunch,RageFist,Taunt,Protect|||F|||50|,,,,,Dark]Arcanine-Hisui||SitrusBerry|Intimidate|Protect,FlareBlitz,ExtremeSpeed,RockSlide|||F|||50|,,,,,Flying]Whimsicott||FocusSash|Prankster|BeatUp,Tailwind,Moonblast,Endeavor|||M|||50|,,,,,Ghost]Archaludon||PowerHerb|Stamina|DragonPulse,FlashCannon,ElectroShot,BodyPress|||F|||50|,,,,,Grass
|showteam|p2|Annihilape||Leftovers|Defiant|Protect,BulkUp,RageFist,DrainPunch|||M|||50|,,,,,Fire]Maushold||FocusSash|FriendGuard|BeatUp,FollowMe,PopulationBomb,Protect||||||50|,,,,,Ghost]Kommo-o||ThroatSpray|Overcoat|ClangorousSoul,ClangingScales,Protect,Flamethrower|||M|||50|,,,,,Fire]Incineroar||SafetyGoggles|Intimidate|FakeOut,Snarl,PartingShot,FlareBlitz|||M|||50|,,,,,Water]Porygon2||Eviolite|Download|TeraBlast,IceBeam,TrickRoom,Recover||||||50|,,,,,Fighting]Ursaluna||FlameOrb|Guts|Facade,Earthquake,Protect,HeadlongRush|||F|||50|,,,,,Normal
|
|t:|1757779790
|teamsize|p1|4
|teamsize|p2|4
|start
|switch|p1a: Dondozo|Dondozo, L50, M|100/100
|switch|p1b: Whimsicott|Whimsicott, L50, M|100/100
|switch|p2a: Kommo-o|Kommo-o, L50, M|100/100
|switch|p2b: Porygon2|Porygon2, L50|100/100
|-ability|p2b: Porygon2|Download|boost
|-boost|p2b: Porygon2|spa|1
|turn|1
|
|t:|1757779841
|switch|p2a: Ursaluna|Ursaluna, L50, F|100/100
|move|p1b: Whimsicott|Moonblast|p2a: Ursaluna
|-damage|p2a: Ursaluna|68/100
|move|p1a: Dondozo|Yawn|p2b: Porygon2
|-start|p2b: Porygon2|move: Yawn|[of] p1a: Dondozo
|move|p2b: Porygon2|Trick Room|p2b: Porygon2
|-fieldstart|move: Trick Room|[of] p2b: Porygon2
|
|-status|p2a: Ursaluna|brn|[from] item: Flame Orb
|upkeep
|turn|2
|
|t:|1757779884
|switch|p2b: Maushold|Maushold, L50|100/100
|-terastallize|p2a: Ursaluna|Normal
|move|p1a: Dondozo|Protect|p1a: Dondozo
|-singleturn|p1a: Dondozo|Protect
|move|p2a: Ursaluna|Facade|p1a: Dondozo
|-activate|p1a: Dondozo|move: Protect
|move|p1b: Whimsicott|Endeavor|p2a: Ursaluna
|-damage|p2a: Ursaluna|58/100 brn
|
|-damage|p2a: Ursaluna|52/100 brn|[from] brn
|upkeep
|turn|3
|
|t:|1757779903
|switch|p1a: Archaludon|Archaludon, L50, F|100/100
|move|p2b: Maushold|Follow Me|p2b: Maushold
|-singleturn|p2b: Maushold|move: Follow Me
|move|p2a: Ursaluna|Headlong Rush|p1a: Archaludon
|-supereffective|p1a: Archaludon
|-damage|p1a: Archaludon|0 fnt
|-unboost|p2a: Ursaluna|def|1
|-unboost|p2a: Ursaluna|spd|1
|faint|p1a: Archaludon
|move|p1b: Whimsicott|Moonblast|p2b: Maushold
|-damage|p2b: Maushold|50/100
|
|-damage|p2a: Ursaluna|46/100 brn|[from] brn
|upkeep
|
|t:|1757779917
|switch|p1a: Dondozo|Dondozo, L50, M|100/100
|turn|4
|
|t:|1757779926
|move|p1a: Dondozo|Protect|p1a: Dondozo
|-singleturn|p1a: Dondozo|Protect
|move|p2a: Ursaluna|Facade|p1b: Whimsicott
|-enditem|p1b: Whimsicott|Focus Sash
|-damage|p1b: Whimsicott|1/100
|move|p2b: Maushold|Beat Up|p1b: Whimsicott
|-resisted|p1b: Whimsicott
|-damage|p1b: Whimsicott|0 fnt
|faint|p1b: Whimsicott
|-hitcount|p1: Whimsicott|1
|
|-damage|p2a: Ursaluna|40/100 brn|[from] brn
|upkeep
|
|t:|1757779937
|switch|p1b: Arcanine|Arcanine-Hisui, L50, F|100/100
|-ability|p1b: Arcanine|Intimidate|boost
|-unboost|p2a: Ursaluna|atk|1
|-unboost|p2b: Maushold|atk|1
|turn|5
|
|t:|1757779964
|switch|p2a: Porygon2|Porygon2, L50|100/100
|-ability|p2a: Porygon2|Download|boost
|-boost|p2a: Porygon2|spa|1
|move|p2b: Maushold|Protect|p2b: Maushold
|-singleturn|p2b: Maushold|Protect
|move|p1b: Arcanine|Extreme Speed|p2a: Porygon2
|-damage|p2a: Porygon2|89/100
|move|p1a: Dondozo|Wave Crash|p2a: Porygon2
|-damage|p2a: Porygon2|67/100
|-damage|p1a: Dondozo|95/100|[from] Recoil
|
|-heal|p1a: Dondozo|100/100|[from] item: Leftovers
|-fieldend|move: Trick Room
|upkeep
|turn|6
|
|t:|1757780027
|move|p2b: Maushold|Follow Me|p2b: Maushold
|-singleturn|p2b: Maushold|move: Follow Me
|move|p1b: Arcanine|Rock Slide|p2a: Porygon2|[spread] p2a,p2b
|-damage|p2a: Porygon2|54/100
|-damage|p2b: Maushold|7/100
|move|p1a: Dondozo|Fissure|p2b: Maushold|[miss]
|-miss|p1a: Dondozo|p2b: Maushold
|move|p2a: Porygon2|Trick Room|p2a: Porygon2
|-fieldstart|move: Trick Room|[of] p2a: Porygon2
|
|upkeep
|turn|7
|
|t:|1757780068
|move|p1b: Arcanine|Protect|p1b: Arcanine
|-singleturn|p1b: Arcanine|Protect
|move|p2b: Maushold|Follow Me|p2b: Maushold
|-singleturn|p2b: Maushold|move: Follow Me
|move|p2a: Porygon2|Tera Blast|p1b: Arcanine
|-activate|p1b: Arcanine|move: Protect
|move|p1a: Dondozo|Fissure|p2b: Maushold
|-damage|p2b: Maushold|0 fnt
|faint|p2b: Maushold
|-ohko
|
|upkeep
|
|t:|1757780078
|switch|p2b: Ursaluna|Ursaluna, L50, F, tera:Normal|40/100 brn
|turn|8
|
|t:|1757780103
|-terastallize|p1b: Arcanine|Flying
|move|p1a: Dondozo|Protect|p1a: Dondozo
|-singleturn|p1a: Dondozo|Protect
|move|p1b: Arcanine|Extreme Speed|p2b: Ursaluna
|-damage|p2b: Ursaluna|21/100 brn
|move|p2b: Ursaluna|Headlong Rush|p1b: Arcanine
|-immune|p1b: Arcanine
|move|p2a: Porygon2|Recover|p2a: Porygon2
|-heal|p2a: Porygon2|100/100
|
|-damage|p2b: Ursaluna|15/100 brn|[from] brn
|upkeep
|turn|9
|
|t:|1757780133
|switch|p2b: Kommo-o|Kommo-o, L50, M|100/100
|move|p1b: Arcanine|Protect|p1b: Arcanine
|-singleturn|p1b: Arcanine|Protect
|move|p2a: Porygon2|Ice Beam|p1b: Arcanine
|-activate|p1b: Arcanine|move: Protect
|move|p1a: Dondozo|Yawn|p2a: Porygon2
|-start|p2a: Porygon2|move: Yawn|[of] p1a: Dondozo
|
|upkeep
|turn|10
|
|t:|1757780178
|move|p1b: Arcanine|Protect||[still]
|-fail|p1b: Arcanine
|move|p2a: Porygon2|Ice Beam|p1b: Arcanine
|-supereffective|p1b: Arcanine
|-damage|p1b: Arcanine|5/100
|-enditem|p1b: Arcanine|Sitrus Berry|[eat]
|-heal|p1b: Arcanine|30/100|[from] item: Sitrus Berry
|move|p1a: Dondozo|Fissure|p2b: Kommo-o|[miss]
|-miss|p1a: Dondozo|p2b: Kommo-o
|move|p2b: Kommo-o|Clanging Scales|p1a: Dondozo|[spread] p1a,p1b
|-damage|p1a: Dondozo|65/100
|-damage|p1b: Arcanine|0 fnt
|faint|p1b: Arcanine
|-unboost|p2b: Kommo-o|def|1
|-enditem|p2b: Kommo-o|Throat Spray
|-boost|p2b: Kommo-o|spa|1|[from] item: Throat Spray
|
|-heal|p1a: Dondozo|72/100|[from] item: Leftovers
|-end|p2a: Porygon2|move: Yawn|[silent]
|-status|p2a: Porygon2|slp
|-fieldend|move: Trick Room
|upkeep
|turn|11
|
|t:|1757780198
|move|p2b: Kommo-o|Clanging Scales|p1a: Dondozo
|-damage|p1a: Dondozo|26/100
|-unboost|p2b: Kommo-o|def|1
|move|p1a: Dondozo|Fissure|p2b: Kommo-o
|-damage|p2b: Kommo-o|0 fnt
|faint|p2b: Kommo-o
|-ohko
|cant|p2a: Porygon2|slp
|
|-heal|p1a: Dondozo|32/100|[from] item: Leftovers
|upkeep
|
|t:|1757780209
|switch|p2b: Ursaluna|Ursaluna, L50, F, tera:Normal|15/100 brn
|turn|12
|
|t:|1757780234
|move|p2b: Ursaluna|Protect|p2b: Ursaluna
|-singleturn|p2b: Ursaluna|Protect
|move|p1a: Dondozo|Wave Crash|p2b: Ursaluna
|-activate|p2b: Ursaluna|move: Protect
|cant|p2a: Porygon2|slp
|
|-heal|p1a: Dondozo|39/100|[from] item: Leftovers
|-damage|p2b: Ursaluna|9/100 brn|[from] brn
|upkeep
|turn|13
|
|t:|1757780255
|move|p2b: Ursaluna|Protect||[still]
|-fail|p2b: Ursaluna
|move|p1a: Dondozo|Wave Crash|p2b: Ursaluna
|-damage|p2b: Ursaluna|0 fnt
|faint|p2b: Ursaluna
|-damage|p1a: Dondozo|36/100|[from] Recoil
|-curestatus|p2a: Porygon2|slp|[msg]
|move|p2a: Porygon2|Trick Room|p2a: Porygon2
|-fieldstart|move: Trick Room|[of] p2a: Porygon2
|
|-heal|p1a: Dondozo|42/100|[from] item: Leftovers
|upkeep
|turn|14
|
|t:|1757780268
|move|p1a: Dondozo|Protect|p1a: Dondozo
|-singleturn|p1a: Dondozo|Protect
|move|p2a: Porygon2|Ice Beam|p1a: Dondozo
|-activate|p1a: Dondozo|move: Protect
|
|-heal|p1a: Dondozo|48/100|[from] item: Leftovers
|upkeep
|turn|15
|
|t:|1757780275
|move|p2a: Porygon2|Ice Beam|p1a: Dondozo
|-resisted|p1a: Dondozo
|-damage|p1a: Dondozo|38/100
|move|p1a: Dondozo|Fissure|p2a: Porygon2|[miss]
|-miss|p1a: Dondozo|p2a: Porygon2
|
|-heal|p1a: Dondozo|44/100|[from] item: Leftovers
|upkeep
|turn|16
|
|t:|1757780283
|move|p1a: Dondozo|Protect|p1a: Dondozo
|-singleturn|p1a: Dondozo|Protect
|move|p2a: Porygon2|Ice Beam|p1a: Dondozo
|-activate|p1a: Dondozo|move: Protect
|
|-heal|p1a: Dondozo|50/100|[from] item: Leftovers
|upkeep
|turn|17
|
|t:|1757780290
|move|p2a: Porygon2|Ice Beam|p1a: Dondozo
|-resisted|p1a: Dondozo
|-damage|p1a: Dondozo|39/100
|move|p1a: Dondozo|Fissure|p2a: Porygon2
|-damage|p2a: Porygon2|0 fnt
|faint|p2a: Porygon2
|-ohko
|
|win|TrNeru
|c|☆TrNeru|ggs
