|j|☆smalltownkirlia
|j|☆Ryan Hawkins
|html|smalltownkirliaRyan Hawkins    
|uhtml|bestof|Game 1 of a best-of-3
|t:|1757187124
|gametype|doubles
|player|p1|smalltownkirlia|whitney|1057
|player|p2|Ryan Hawkins|265|1000
|gen|9
|tier|[Gen 9] VGC 2025 Reg H (Bo3)
|rated|
|rule|Species Clause: Limit one of each Pokémon
|rule|Item Clause: Limit 1 of each item
|clearpoke
|poke|p1|Dragonite, L50, F|
|poke|p1|Ursaluna-Bloodmoon, L50, M|
|poke|p1|Gholdengo, L50|
|poke|p1|Maushold-Four, L50|
|poke|p1|Annihilape, L50, M|
|poke|p1|Rillaboom, L50, M|
|poke|p2|Tyranitar, L50, M|
|poke|p2|Klefki, L50, F|
|poke|p2|Venusaur, L50, M|
|poke|p2|Talonflame, L50, M|
|poke|p2|Hydreigon, L50, M|
|poke|p2|Dragonite, L50, M|
|teampreview|4
|showteam|p1|Dragonite||LoadedDice|Multiscale|ScaleShot,Tailwind,Haze,Protect|||F|||50|,,,,,Steel]Ursaluna-Bloodmoon||AssaultVest|MindsEye|BloodMoon,EarthPower,HyperVoice,VacuumWave|||M|||50|,,,,,Water]Gholdengo||LifeOrb|GoodasGold|MakeItRain,ShadowBall,NastyPlot,Protect||||||50|,,,,,Water]Maushold-Four||FocusSash|FriendGuard|SuperFang,FollowMe,BeatUp,Protect||||||50|,,,,,Ghost]Annihilape||SitrusBerry|Defiant|RageFist,DrainPunch,BulkUp,Protect|||M|||50|,,,,,Fire]Rillaboom||MiracleSeed|GrassySurge|WoodHammer,GrassyGlide,HighHorsepower,FakeOut|||M|||50|,,,,,Fire
|showteam|p2|Tyranitar||ClearAmulet|SandStream|Protect,RockSlide,KnockOff,TeraBlast|||M|||50|,,,,,Grass]Klefki||CovertCloak|Prankster|DazzlingGleam,ThunderWave,Sandstorm,Reflect|||F|||50|,,,,,Dark]Venusaur||Leftovers|Chlorophyll|Protect,SleepPowder,LeechSeed,WeatherBall|||M|||50|,,,,,Water]Talonflame||SafetyGoggles|GaleWings|Protect,Tailwind,DualWingbeat,SunnyDay|||M|||50|,,,,,Ghost]Hydreigon||LifeOrb|Levitate|Protect,DracoMeteor,HeatWave,EarthPower|||M|||50|,,,,,Fire]Dragonite||LoadedDice|Multiscale|Protect,LightScreen,ScaleShot,ExtremeSpeed|||M|||50|,,,,,Fairy
|inactive|Battle timer is ON: inactive players will automatically lose when time's up. (requested by smalltownkirlia)
|inactive|smalltownkirlia has 60 seconds left.
|inactive|Ryan Hawkins has 60 seconds left.
|inactive|smalltownkirlia has 30 seconds left.
|inactive|smalltownkirlia has 20 seconds left.
|inactive|smalltownkirlia has 15 seconds left.
|
|t:|1757187202
|teamsize|p1|4
|teamsize|p2|4
|start
|switch|p1a: Gholdengo|Gholdengo, L50|100/100
|switch|p1b: Dragonite|Dragonite, L50, F|100/100
|switch|p2a: Tyranitar|Tyranitar, L50, M, shiny|100/100
|switch|p2b: Talonflame|Talonflame, L50, M, shiny|100/100
|-weather|Sandstorm|[from] ability: Sand Stream|[of] p2a: Tyranitar
|turn|1
|inactive|Ryan Hawkins has 30 seconds left.
|inactive|Ryan Hawkins has 20 seconds left.
|inactive|Ryan Hawkins has 15 seconds left.
|
|t:|1757187243
|-terastallize|p1a: Gholdengo|Water
|move|p2b: Talonflame|Tailwind|p2b: Talonflame
|-sidestart|p2: Ryan Hawkins|move: Tailwind
|move|p2a: Tyranitar|Rock Slide|p1b: Dragonite|[spread] p1a,p1b
|-supereffective|p1b: Dragonite
|-damage|p1a: Gholdengo|73/100
|-damage|p1b: Dragonite|70/100
|move|p1a: Gholdengo|Make It Rain|p2b: Talonflame|[spread] p2a,p2b
|-supereffective|p2a: Tyranitar
|-resisted|p2b: Talonflame
|-damage|p2a: Tyranitar|34/100
|-damage|p2b: Talonflame|50/100
|-unboost|p1a: Gholdengo|spa|1
|-damage|p1a: Gholdengo|64/100|[from] item: Life Orb
|move|p1b: Dragonite|Scale Shot|p2a: Tyranitar
|-damage|p2a: Tyranitar|22/100
|-damage|p2a: Tyranitar|10/100
|-damage|p2a: Tyranitar|0 fnt
|faint|p2a: Tyranitar
|-hitcount|p2: Tyranitar|3
|-unboost|p1b: Dragonite|def|1
|-boost|p1b: Dragonite|spe|1
|
|-weather|Sandstorm|[upkeep]
|-damage|p1b: Dragonite|64/100|[from] Sandstorm
|-damage|p1a: Gholdengo|58/100|[from] Sandstorm
|upkeep
|
|t:|1757187266
|switch|p2a: Hydreigon|Hydreigon, L50, M, shiny|100/100
|turn|2
|
|t:|1757187274
|-terastallize|p2a: Hydreigon|Fire
|move|p1b: Dragonite|Protect|p1b: Dragonite
|-singleturn|p1b: Dragonite|Protect
|move|p1a: Gholdengo|Protect|p1a: Gholdengo
|-singleturn|p1a: Gholdengo|Protect
|move|p2b: Talonflame|Sunny Day|p2b: Talonflame
|-weather|SunnyDay
|move|p2a: Hydreigon|Heat Wave|p1a: Gholdengo|[spread] 
|-activate|p1a: Gholdengo|move: Protect
|-activate|p1b: Dragonite|move: Protect
|
|-weather|SunnyDay|[upkeep]
|upkeep
|turn|3
|
|t:|1757187289
|move|p2b: Talonflame|Dual Wingbeat|p1a: Gholdengo
|-damage|p1a: Gholdengo|41/100
|-damage|p1a: Gholdengo|25/100
|-hitcount|p1a: Gholdengo|2
|move|p2a: Hydreigon|Heat Wave|p1a: Gholdengo|[spread] p1a,p1b
|-resisted|p1a: Gholdengo
|-resisted|p1b: Dragonite
|-damage|p1a: Gholdengo|0 fnt
|-damage|p1b: Dragonite|27/100
|faint|p1a: Gholdengo
|-damage|p2a: Hydreigon|91/100|[from] item: Life Orb
|move|p1b: Dragonite|Tailwind|p1b: Dragonite
|-sidestart|p1: smalltownkirlia|move: Tailwind
|
|-weather|SunnyDay|[upkeep]
|upkeep
|
|t:|1757187305
|switch|p1a: Ursaluna|Ursaluna-Bloodmoon, L50, M|100/100
|turn|4
|
|t:|1757187316
|move|p1b: Dragonite|Scale Shot|p2b: Talonflame
|-damage|p2b: Talonflame|27/100
|-damage|p2b: Talonflame|4/100
|-damage|p2b: Talonflame|0 fnt
|faint|p2b: Talonflame
|-hitcount|p2: Talonflame|3
|-unboost|p1b: Dragonite|def|1
|-boost|p1b: Dragonite|spe|1
|move|p2a: Hydreigon|Heat Wave|p1b: Dragonite|[spread] p1a,p1b
|-resisted|p1b: Dragonite
|-damage|p1a: Ursaluna|50/100
|-damage|p1b: Dragonite|0 fnt
|faint|p1b: Dragonite
|-damage|p2a: Hydreigon|82/100|[from] item: Life Orb
|move|p1a: Ursaluna|Hyper Voice|p2a: Hydreigon
|-damage|p2a: Hydreigon|28/100
|
|-weather|SunnyDay|[upkeep]
|-sideend|p2: Ryan Hawkins|move: Tailwind
|upkeep
|
|t:|1757187333
|switch|p2b: Venusaur|Venusaur, L50, M, shiny|100/100
|switch|p1b: Annihilape|Annihilape, L50, M|100/100
|turn|5
|
|t:|1757187355
|move|p1b: Annihilape|Bulk Up|p1b: Annihilape
|-boost|p1b: Annihilape|atk|1
|-boost|p1b: Annihilape|def|1
|move|p2b: Venusaur|Sleep Powder|p1a: Ursaluna
|-status|p1a: Ursaluna|slp|[from] move: Sleep Powder
|cant|p1a: Ursaluna|slp
|move|p2a: Hydreigon|Heat Wave|p1a: Ursaluna|[spread] p1a,p1b
|-damage|p1a: Ursaluna|4/100 slp
|-damage|p1b: Annihilape|35/100
|-enditem|p1b: Annihilape|Sitrus Berry|[eat]
|-heal|p1b: Annihilape|60/100|[from] item: Sitrus Berry
|-damage|p2a: Hydreigon|18/100|[from] item: Life Orb
|
|-weather|SunnyDay|[upkeep]
|upkeep
|turn|6
|
|t:|1757187378
|move|p1b: Annihilape|Drain Punch|p2a: Hydreigon
|-damage|p2a: Hydreigon|0 fnt
|-heal|p1b: Annihilape|67/100|[from] drain|[of] p2a: Hydreigon
|faint|p2a: Hydreigon
|move|p2b: Venusaur|Sleep Powder|p1b: Annihilape
|-status|p1b: Annihilape|slp|[from] move: Sleep Powder
|cant|p1a: Ursaluna|slp
|
|-weather|none
|-sideend|p1: smalltownkirlia|move: Tailwind
|upkeep
|turn|7
|
|t:|1757187391
|cant|p1b: Annihilape|slp
|move|p2b: Venusaur|Weather Ball|p1a: Ursaluna
|-damage|p1a: Ursaluna|0 fnt
|faint|p1a: Ursaluna
|
|upkeep
|turn|8
|
|t:|1757187399
|-curestatus|p1b: Annihilape|slp|[msg]
|move|p1b: Annihilape|Rage Fist|p2b: Venusaur
|-damage|p2b: Venusaur|35/100
|move|p2b: Venusaur|Leech Seed|p1b: Annihilape
|-start|p1b: Annihilape|move: Leech Seed
|
|-heal|p2b: Venusaur|41/100|[from] item: Leftovers
|-damage|p1b: Annihilape|55/100|[from] Leech Seed|[of] p2b: Venusaur
|-heal|p2b: Venusaur|57/100|[silent]
|upkeep
|turn|9
|
|t:|1757187411
|move|p2b: Venusaur|Protect|p2b: Venusaur
|-singleturn|p2b: Venusaur|Protect
|move|p1b: Annihilape|Rage Fist|p2b: Venusaur
|-activate|p2b: Venusaur|move: Protect
|
|-heal|p2b: Venusaur|63/100|[from] item: Leftovers
|-damage|p1b: Annihilape|42/100|[from] Leech Seed|[of] p2b: Venusaur
|-heal|p2b: Venusaur|78/100|[silent]
|upkeep
|turn|10
|
|t:|1757187423
|move|p1b: Annihilape|Drain Punch|p2b: Venusaur
|-resisted|p2b: Venusaur
|-damage|p2b: Venusaur|57/100
|-heal|p1b: Annihilape|51/100|[from] drain|[of] p2b: Venusaur
|move|p2b: Venusaur|Sleep Powder|p1b: Annihilape|[miss]
|-miss|p2b: Venusaur|p1b: Annihilape
|
|-heal|p2b: Venusaur|63/100|[from] item: Leftovers
|-damage|p1b: Annihilape|38/100|[from] Leech Seed|[of] p2b: Venusaur
|-heal|p2b: Venusaur|79/100|[silent]
|upkeep
|turn|11
|
|t:|1757187433
|move|p2b: Venusaur|Protect|p2b: Venusaur
|-singleturn|p2b: Venusaur|Protect
|move|p1b: Annihilape|Rage Fist|p2b: Venusaur
|-activate|p2b: Venusaur|move: Protect
|
|-heal|p2b: Venusaur|85/100|[from] item: Leftovers
|-damage|p1b: Annihilape|26/100|[from] Leech Seed|[of] p2b: Venusaur
|-heal|p2b: Venusaur|100/100|[silent]
|upkeep
|turn|12
|
|t:|1757187445
|move|p1b: Annihilape|Drain Punch|p2b: Venusaur
|-resisted|p2b: Venusaur
|-damage|p2b: Venusaur|79/100
|-heal|p1b: Annihilape|35/100|[from] drain|[of] p2b: Venusaur
|move|p2b: Venusaur|Sleep Powder|p1b: Annihilape
|-status|p1b: Annihilape|slp|[from] move: Sleep Powder
|
|-heal|p2b: Venusaur|85/100|[from] item: Leftovers
|-damage|p1b: Annihilape|22/100 slp|[from] Leech Seed|[of] p2b: Venusaur
|-heal|p2b: Venusaur|100/100|[silent]
|upkeep
|turn|13
|
|t:|1757187457
|cant|p1b: Annihilape|slp
|move|p2b: Venusaur|Weather Ball|p1b: Annihilape
|-immune|p1b: Annihilape
|
|-damage|p1b: Annihilape|10/100 slp|[from] Leech Seed|[of] p2b: Venusaur
|upkeep
|turn|14
|
|t:|1757187464
|move|p2b: Venusaur|Protect|p2b: Venusaur
|-singleturn|p2b: Venusaur|Protect
|cant|p1b: Annihilape|slp
|
|-damage|p1b: Annihilape|0 fnt|[from] Leech Seed|[of] p2b: Venusaur
|faint|p1b: Annihilape
|
|win|Ryan Hawkins
||smalltownkirlia is ready for game 2.
