|j|☆Siddharth42c
|j|☆WestyLiam
|html|Siddharth42cWestyLiam    
|uhtml|bestof|Game 2 of a best-of-3
|t:|1756999853
|gametype|doubles
|player|p1|Siddharth42c|102|1270
|player|p2|WestyLiam|169|1420
|gen|9
|tier|[Gen 9] VGC 2025 Reg H (Bo3)
|rated|
|rule|Species Clause: Limit one of each Pokémon
|rule|Item Clause: Limit 1 of each item
|clearpoke
|poke|p1|Porygon2, L50|
|poke|p1|Incineroar, L50, M|
|poke|p1|Gholdengo, L50|
|poke|p1|Rillaboom, L50, F|
|poke|p1|Primarina, L50, M|
|poke|p1|Sneasler, L50, M|
|poke|p2|Garchomp, L50, M|
|poke|p2|Jumpluff, L50, M|
|poke|p2|Torkoal, L50, F|
|poke|p2|Dragonite, L50, M|
|poke|p2|Kingambit, L50, F|
|poke|p2|Typhlosion-Hisui, L50, M|
|teampreview|4
|showteam|p1|Porygon2||Eviolite|Download|IceBeam,TeraBlast,Recover,TrickRoom||||||50|,,,,,Fighting]Incineroar||SafetyGoggles|Intimidate|FakeOut,KnockOff,FlareBlitz,PartingShot|||M|||50|,,,,,Ghost]Gholdengo||LifeOrb|GoodasGold|MakeItRain,ShadowBall,NastyPlot,Protect||||||50|,,,,,Dragon]Rillaboom||AssaultVest|GrassySurge|WoodHammer,GrassyGlide,FakeOut,Uturn|||F|||50|,,,,,Fire]Primarina||ThroatSpray|LiquidVoice|HyperVoice,Moonblast,Haze,Protect|||M|||50|,,,,,Poison]Sneasler||FocusSash|PoisonTouch|DireClaw,CloseCombat,FakeOut,Protect|||M|||50|,,,,,Stellar
|showteam|p2|Garchomp||LifeOrb|RoughSkin|DragonClaw,StompingTantrum,Earthquake,Protect|||M|||50|,,,,,Fairy]Jumpluff||CovertCloak|Chlorophyll|LeafStorm,SleepPowder,Encore,Tailwind|||M|||50|,,,,,Poison]Torkoal||EjectPack|Drought|Overheat,BurningJealousy,HelpingHand,Protect|||F|||50|,,,,,Flying]Dragonite||LoadedDice|Multiscale|ScaleShot,ExtremeSpeed,IceSpinner,Protect|||M|||50|,,,,,Fairy]Kingambit||AssaultVest|Defiant|IronHead,SuckerPunch,Assurance,LowKick|||F|||50|,,,,,Flying]Typhlosion-Hisui||ChoiceSpecs|Blaze|Eruption,ShadowBall,HeatWave,Overheat|||M|||50|,,,,,Fire
|inactive|Battle timer is ON: inactive players will automatically lose when time's up. (requested by Siddharth42c)
|inactive|Siddharth42c has 60 seconds left.
|
|t:|1756999900
|teamsize|p1|4
|teamsize|p2|4
|start
|switch|p1a: Incineroar|Incineroar, L50, M|100/100
|switch|p1b: Sneasler|Sneasler, L50, M|100/100
|switch|p2a: Torkoal|Torkoal, L50, F|100/100
|switch|p2b: Typhlosion|Typhlosion-Hisui, L50, M|100/100
|-ability|p1a: Incineroar|Intimidate|boost
|-unboost|p2a: Torkoal|atk|1
|-unboost|p2b: Typhlosion|atk|1
|-weather|SunnyDay|[from] ability: Drought|[of] p2a: Torkoal
|-enditem|p2a: Torkoal|Eject Pack
|
|t:|1756999904
|switch|p2a: Garchomp|Garchomp, L50, M|100/100
|turn|1
|inactive|Siddharth42c has 30 seconds left.
|
|t:|1756999938
|-terastallize|p1b: Sneasler|Stellar
|-terastallize|p2b: Typhlosion|Fire
|move|p1a: Incineroar|Fake Out|p2a: Garchomp
|-damage|p2a: Garchomp|90/100
|-damage|p1a: Incineroar|88/100|[from] ability: Rough Skin|[of] p2a: Garchomp
|move|p1b: Sneasler|Dire Claw|p2b: Typhlosion
|-damage|p2b: Typhlosion|21/100
|cant|p2a: Garchomp|flinch
|move|p2b: Typhlosion|Eruption|p1a: Incineroar|[spread] p1a,p1b
|-resisted|p1a: Incineroar
|-damage|p1a: Incineroar|67/100
|-damage|p1b: Sneasler|35/100
|
|-weather|SunnyDay|[upkeep]
|upkeep
|turn|2
|inactive|Siddharth42c has 30 seconds left.
|
|t:|1756999964
|switch|p2b: Torkoal|Torkoal, L50, F|100/100
|move|p1b: Sneasler|Dire Claw|p2b: Torkoal
|-damage|p2b: Torkoal|67/100
|-status|p2b: Torkoal|psn|[from] ability: Poison Touch|[of] p1b: Sneasler
|move|p2a: Garchomp|Earthquake|p1b: Sneasler|[spread] p2b,p1a,p1b
|-supereffective|p2b: Torkoal
|-supereffective|p1a: Incineroar
|-supereffective|p1b: Sneasler
|-crit|p1b: Sneasler
|-damage|p2b: Torkoal|0 fnt
|-damage|p1a: Incineroar|0 fnt
|-damage|p1b: Sneasler|0 fnt
|faint|p2b: Torkoal
|faint|p1a: Incineroar
|faint|p1b: Sneasler
|-damage|p2a: Garchomp|80/100|[from] item: Life Orb
|
|-weather|SunnyDay|[upkeep]
|upkeep
|
|t:|1756999974
|switch|p1b: Primarina|Primarina, L50, M|100/100
|switch|p1a: Porygon2|Porygon2, L50|100/100
|switch|p2b: Typhlosion|Typhlosion-Hisui, L50, M, tera:Fire|21/100
|-ability|p1a: Porygon2|Download|boost
|-boost|p1a: Porygon2|spa|1
|turn|3
|
|t:|1756999986
|move|p2a: Garchomp|Stomping Tantrum|p1b: Primarina
|-damage|p1b: Primarina|39/100
|-damage|p2a: Garchomp|71/100|[from] item: Life Orb
|move|p2b: Typhlosion|Overheat|p1a: Porygon2|[miss]
|-miss|p2b: Typhlosion|p1a: Porygon2
|move|p1b: Primarina|Hyper Voice|p2a: Garchomp|[spread] p2a,p2b
|-supereffective|p2b: Typhlosion
|-damage|p2a: Garchomp|54/100
|-damage|p2b: Typhlosion|0 fnt
|faint|p2b: Typhlosion
|-enditem|p1b: Primarina|Throat Spray
|-boost|p1b: Primarina|spa|1|[from] item: Throat Spray
|move|p1a: Porygon2|Trick Room|p1a: Porygon2
|-fieldstart|move: Trick Room|[of] p1a: Porygon2
|
|-weather|SunnyDay|[upkeep]
|upkeep
|
|t:|1756999995
|switch|p2b: Kingambit|Kingambit, L50, F|100/100
|turn|4
|
|t:|1757000004
|move|p2a: Garchomp|Protect|p2a: Garchomp
|-singleturn|p2a: Garchomp|Protect
|move|p1a: Porygon2|Ice Beam|p2a: Garchomp
|-activate|p2a: Garchomp|move: Protect
|move|p1b: Primarina|Moonblast|p2b: Kingambit
|-damage|p2b: Kingambit|53/100
|move|p2b: Kingambit|Iron Head|p1b: Primarina
|-damage|p1b: Primarina|0 fnt
|faint|p1b: Primarina
|
|-weather|SunnyDay|[upkeep]
|upkeep
|turn|5
|
|t:|1757000013
|move|p2a: Garchomp|Protect||[still]
|-fail|p2a: Garchomp
|move|p1a: Porygon2|Ice Beam|p2a: Garchomp
|-supereffective|p2a: Garchomp
|-damage|p2a: Garchomp|0 fnt
|faint|p2a: Garchomp
|move|p2b: Kingambit|Iron Head|p1a: Porygon2
|-damage|p1a: Porygon2|73/100
|
|-weather|none
|upkeep
|turn|6
|
|t:|1757000020
|move|p1a: Porygon2|Tera Blast|p2b: Kingambit
|-resisted|p2b: Kingambit
|-damage|p2b: Kingambit|37/100
|move|p2b: Kingambit|Iron Head|p1a: Porygon2
|-damage|p1a: Porygon2|44/100
|
|upkeep
|turn|7
|
|t:|1757000029
|move|p1a: Porygon2|Tera Blast|p2b: Kingambit
|-resisted|p2b: Kingambit
|-damage|p2b: Kingambit|21/100
|move|p2b: Kingambit|Iron Head|p1a: Porygon2
|-damage|p1a: Porygon2|17/100
|
|-fieldend|move: Trick Room
|upkeep
|turn|8
|
|t:|1757000035
|move|p2b: Kingambit|Iron Head|p1a: Porygon2
|-damage|p1a: Porygon2|0 fnt
|faint|p1a: Porygon2
|
|win|WestyLiam
||WestyLiam is ready for game 3.
||Siddharth42c is ready for game 3.
|uhtml|next|Next: Game 3 of 3
|l|☆Siddharth42c
|player|p1|
