|j|Ōśåwashingtongargacha
|j|Ōśåasteris guy
|html|washingtongargachaasteris guy    
|uhtml|bestof|Game 2 of a best-of-3
|t:|1757072646
|gametype|doubles
|player|p1|washingtongargacha|2|1132
|player|p2|asteris guy|169|1025
|gen|9
|tier|[Gen 9] VGC 2025 Reg H (Bo3)
|rated|
|rule|Species Clause: Limit one of each Pok├®mon
|rule|Item Clause: Limit 1 of each item
|clearpoke
|poke|p1|Gholdengo, L50|
|poke|p1|Ursaluna, L50, F|
|poke|p1|Archaludon, L50, F|
|poke|p1|Murkrow, L50, F|
|poke|p1|Farigiraf, L50, M|
|poke|p1|Sneasler, L50, M|
|poke|p2|Pelipper, L50, M|
|poke|p2|Basculegion, L50, M|
|poke|p2|Archaludon, L50, M|
|poke|p2|Amoonguss, L50, M|
|poke|p2|Incineroar, L50, M|
|poke|p2|Kingambit, L50, F|
|teampreview|4
|showteam|p1|Gholdengo||ChoiceSpecs|GoodasGold|ShadowBall,MakeItRain,PowerGem,SteelBeam||||||50|,,,,,Steel]Ursaluna||FlameOrb|Guts|Facade,HeadlongRush,Earthquake,Protect|||F|||50|,,,,,Grass]Archaludon||PowerHerb|Sturdy|ElectroShot,FlashCannon,DracoMeteor,Protect|||F|||50|,,,,,Grass]Murkrow||Eviolite|Prankster|Tailwind,RainDance,FoulPlay,Haze|||F|||50|,,,,,Poison]Farigiraf||ThroatSpray|ArmorTail|HyperVoice,TrickRoom,Psychic,Protect|||M|||50|,,,,,Fairy]Sneasler||WhiteHerb|Unburden|DireClaw,CloseCombat,Protect,ThroatChop|||M|||50|,,,,,Flying
|showteam|p2|Pelipper||FocusSash|Drizzle|Hurricane,WeatherBall,Tailwind,Protect|||M|||50|,,,,,Stellar]Basculegion||ChoiceBand|SwiftSwim|WaveCrash,FlipTurn,AquaJet,LastRespects|||M|||50|,,,,,Water]Archaludon||AssaultVest|Stamina|ElectroShot,DracoMeteor,FlashCannon,BodyPress|||M|||50|,,,,,Grass]Amoonguss||MentalHerb|Regenerator|Spore,RagePowder,PollenPuff,Protect|||M|||50|,,,,,Fairy]Incineroar||SafetyGoggles|Intimidate|FakeOut,KnockOff,Taunt,PartingShot|||M|||50|,,,,,Ghost]Kingambit||BlackGlasses|Defiant|KowtowCleave,SuckerPunch,SwordsDance,Protect|||F|||50|,,,,,Dark
|
|t:|1757072684
|teamsize|p1|4
|teamsize|p2|4
|start
|switch|p1a: Murkrow|Murkrow, L50, F|100/100
|switch|p1b: Archaludon|Archaludon, L50, F|100/100
|switch|p2a: Incineroar|Incineroar, L50, M|100/100
|switch|p2b: Pelipper|Pelipper, L50, M|100/100
|-weather|RainDance|[from] ability: Drizzle|[of] p2b: Pelipper
|-ability|p2a: Incineroar|Intimidate|boost
|-unboost|p1a: Murkrow|atk|1
|-unboost|p1b: Archaludon|atk|1
|turn|1
|
|t:|1757072707
|move|p2a: Incineroar|Fake Out|p1a: Murkrow
|-damage|p1a: Murkrow|85/100
|cant|p1a: Murkrow|flinch
|move|p1b: Archaludon|Electro Shot||[still]
|-prepare|p1b: Archaludon|Electro Shot
|-boost|p1b: Archaludon|spa|1
|-anim|p1b: Archaludon|Electro Shot|p2b: Pelipper
|-supereffective|p2b: Pelipper
|-enditem|p2b: Pelipper|Focus Sash
|-damage|p2b: Pelipper|1/100
|move|p2b: Pelipper|Tailwind|p2b: Pelipper
|-sidestart|p2: asteris guy|move: Tailwind
|
|-weather|RainDance|[upkeep]
|upkeep
|turn|2
|
|t:|1757072752
|move|p2b: Pelipper|Protect|p2b: Pelipper
|-singleturn|p2b: Pelipper|Protect
|move|p1b: Archaludon|Protect|p1b: Archaludon
|-singleturn|p1b: Archaludon|Protect
|move|p1a: Murkrow|Tailwind|p1a: Murkrow
|-sidestart|p1: washingtongargacha|move: Tailwind
|move|p2a: Incineroar|Parting Shot|p1b: Archaludon
|-activate|p1b: Archaludon|move: Protect
|
|-weather|RainDance|[upkeep]
|upkeep
|turn|3
|c|Ōśåwashingtongargacha|im preparing for mi first regional in november
|c|Ōśåwashingtongargacha|this is fun
|
|t:|1757072778
|switch|p2b: Amoonguss|Amoonguss, L50, M|100/100
|switch|p1a: Ursaluna|Ursaluna, L50, F|100/100
|switch|p2a: Archaludon|Archaludon, L50, M, shiny|100/100
|move|p1b: Archaludon|Electro Shot||[still]
|-prepare|p1b: Archaludon|Electro Shot
|-boost|p1b: Archaludon|spa|1
|-anim|p1b: Archaludon|Electro Shot|p2b: Amoonguss
|-resisted|p2b: Amoonguss
|-damage|p2b: Amoonguss|69/100
|
|-weather|RainDance|[upkeep]
|-status|p1a: Ursaluna|brn|[from] item: Flame Orb
|upkeep
|turn|4
|
|t:|1757072825
|switch|p2a: Pelipper|Pelipper, L50, M|1/100
|switch|p2b: Incineroar|Incineroar, L50, M|100/100
|-ability|p2b: Incineroar|Intimidate|boost
|-unboost|p1a: Ursaluna|atk|1
|-unboost|p1b: Archaludon|atk|1
|-terastallize|p1b: Archaludon|Grass
|move|p1b: Archaludon|Draco Meteor|p2a: Pelipper
|-damage|p2a: Pelipper|0 fnt
|-unboost|p1b: Archaludon|spa|2
|faint|p2a: Pelipper
|move|p1a: Ursaluna|Facade|p2b: Incineroar
|-damage|p2b: Incineroar|29/100
|
|-weather|RainDance|[upkeep]
|-damage|p1a: Ursaluna|95/100 brn|[from] brn
|-sideend|p2: asteris guy|move: Tailwind
|upkeep
|
|t:|1757072855
|switch|p2a: Archaludon|Archaludon, L50, M, shiny|100/100
|turn|5
|c|Ōśåasteris guy|ggs
|c|Ōśåasteris guy|i want a rematch after this
|c|Ōśåwashingtongargacha|sure
|
|t:|1757072941
|-terastallize|p2a: Archaludon|Grass
|move|p2b: Incineroar|Fake Out|p1b: Archaludon
|-damage|p1b: Archaludon|91/100
|cant|p1b: Archaludon|flinch
|move|p1a: Ursaluna|Headlong Rush|p2a: Archaludon
|-resisted|p2a: Archaludon
|-damage|p2a: Archaludon|75/100
|-unboost|p1a: Ursaluna|def|1
|-unboost|p1a: Ursaluna|spd|1
|-ability|p2a: Archaludon|Stamina|boost
|-boost|p2a: Archaludon|def|1
|move|p2a: Archaludon|Electro Shot||[still]
|-prepare|p2a: Archaludon|Electro Shot
|-boost|p2a: Archaludon|spa|1
|-anim|p2a: Archaludon|Electro Shot|p1b: Archaludon
|-resisted|p1b: Archaludon
|-damage|p1b: Archaludon|46/100
|
|-weather|none
|-damage|p1a: Ursaluna|89/100 brn|[from] brn
|-sideend|p1: washingtongargacha|move: Tailwind
|upkeep
|turn|6
|
|t:|1757073014
|switch|p2b: Amoonguss|Amoonguss, L50, M|100/100
|move|p1b: Archaludon|Protect|p1b: Archaludon
|-singleturn|p1b: Archaludon|Protect
|move|p2a: Archaludon|Body Press|p1a: Ursaluna
|-supereffective|p1a: Ursaluna
|-damage|p1a: Ursaluna|0 fnt
|faint|p1a: Ursaluna
|
|upkeep
|c|Ōśåasteris guy|we back baby
|
|t:|1757073037
|switch|p1a: Murkrow|Murkrow, L50, F|85/100
|turn|7
|
|t:|1757073066
|move|p1a: Murkrow|Haze|p1a: Murkrow
|-clearallboost
|move|p1b: Archaludon|Draco Meteor|p2a: Archaludon
|-damage|p2a: Archaludon|30/100
|-unboost|p1b: Archaludon|spa|2
|-ability|p2a: Archaludon|Stamina|boost
|-boost|p2a: Archaludon|def|1
|move|p2a: Archaludon|Flash Cannon|p1b: Archaludon
|-damage|p1b: Archaludon|0 fnt
|faint|p1b: Archaludon
|move|p2b: Amoonguss|Pollen Puff|p1a: Murkrow
|-damage|p1a: Murkrow|69/100
|
|upkeep
|c|Ōśåwashingtongargacha|wp
|
|t:|1757073080
|switch|p1b: Sneasler|Sneasler, L50, M|100/100
|turn|8
|
|t:|1757073105
|move|p2b: Amoonguss|Rage Powder|p2b: Amoonguss
|-singleturn|p2b: Amoonguss|move: Rage Powder
|move|p1b: Sneasler|Dire Claw|p2b: Amoonguss
|-damage|p2b: Amoonguss|55/100
|move|p2a: Archaludon|Draco Meteor|p1b: Sneasler
|-damage|p1b: Sneasler|24/100
|-unboost|p2a: Archaludon|spa|2
|move|p1a: Murkrow|Foul Play|p2b: Amoonguss
|-damage|p2b: Amoonguss|35/100
|
|upkeep
|turn|9
|c|Ōśåwashingtongargacha|i though you had bascu on the back
|
|t:|1757073136
|move|p1b: Sneasler|Protect|p1b: Sneasler
|-singleturn|p1b: Sneasler|Protect
|move|p2b: Amoonguss|Rage Powder|p2b: Amoonguss
|-singleturn|p2b: Amoonguss|move: Rage Powder
|move|p1a: Murkrow|Tailwind|p1a: Murkrow
|-sidestart|p1: washingtongargacha|move: Tailwind
|move|p2a: Archaludon|Body Press|p1a: Murkrow
|-damage|p1a: Murkrow|25/100
|
|upkeep
|turn|10
|
|t:|1757073168
|move|p2b: Amoonguss|Rage Powder|p2b: Amoonguss
|-singleturn|p2b: Amoonguss|move: Rage Powder
|move|p1b: Sneasler|Dire Claw|p2b: Amoonguss
|-damage|p2b: Amoonguss|0 fnt
|faint|p2b: Amoonguss
|move|p1a: Murkrow|Foul Play|p2a: Archaludon
|-damage|p2a: Archaludon|16/100
|-ability|p2a: Archaludon|Stamina|boost
|-boost|p2a: Archaludon|def|1
|move|p2a: Archaludon|Body Press|p1b: Sneasler
|-resisted|p1b: Sneasler
|-damage|p1b: Sneasler|0 fnt
|faint|p1b: Sneasler
|
|upkeep
|
|t:|1757073182
|switch|p2b: Incineroar|Incineroar, L50, M|29/100
|-ability|p2b: Incineroar|Intimidate|boost
|-unboost|p1a: Murkrow|atk|1
|turn|11
|-message|washingtongargacha forfeited.
|
|win|asteris guy
|l|Ōśåwashingtongargacha
|player|p1|
||washingtongargacha is ready for game 3.
|c|Ōśåasteris guy|ggs
||asteris guy is ready for game 3.
|uhtml|next|Next: Game 3 of 3
|j|Ōśåwashingtongargacha
|player|p1|washingtongargacha|2|
