|j|☆waveniki
|j|☆Bass pro stan
|html|wavenikiBass pro stan    
|uhtml|bestof|Game 1 of a best-of-3
|t:|1757099307
|gametype|doubles
|player|p1|waveniki|clerk|1304
|player|p2|Bass pro stan|fisherman-gen4|1232
|gen|9
|tier|[Gen 9] VGC 2025 Reg H (Bo3)
|rated|
|rule|Species Clause: Limit one of each Pokémon
|rule|Item Clause: Limit 1 of each item
|clearpoke
|poke|p1|Incineroar, L50, F|
|poke|p1|Amoonguss, L50, F|
|poke|p1|Ursaluna-Bloodmoon, L50, M|
|poke|p1|Dragonite, L50, M|
|poke|p1|Sneasler, L50, M|
|poke|p1|Gholdengo, L50|
|poke|p2|Grimmsnarl, L50, M|
|poke|p2|Politoed, L50, M|
|poke|p2|Archaludon, L50, F|
|poke|p2|Basculegion, L50, M|
|poke|p2|Volcarona, L50, F|
|poke|p2|Gliscor, L50, M|
|teampreview|4
|showteam|p1|Incineroar||SafetyGoggles|Intimidate|FlareBlitz,KnockOff,FakeOut,PartingShot|||F|||50|,,,,,Ghost]Amoonguss||SitrusBerry|Regenerator|PollenPuff,Spore,RagePowder,Protect|||F|||50|,,,,,Psychic]Ursaluna-Bloodmoon||AssaultVest|MindsEye|HyperVoice,BloodMoon,EarthPower,VacuumWave|||M|||50|,,,,,Water]Dragonite||LoadedDice|Multiscale|ScaleShot,Tailwind,Haze,Protect|||M|||50|,,,,,Fairy]Sneasler||FocusSash|Unburden|CloseCombat,DireClaw,ThroatChop,Protect|||M|||50|,,,,,Stellar]Gholdengo||LifeOrb|GoodasGold|MakeItRain,ShadowBall,NastyPlot,Protect||||||50|,,,,,Water
|showteam|p2|Grimmsnarl||LightClay|Prankster|Reflect,LightScreen,SpiritBreak,MistyTerrain|||M|||50|,,,,,Ghost]Politoed||DampRock|Drizzle|RainDance,WeatherBall,Encore,Protect|||M|||50|,,,,,Grass]Archaludon||PowerHerb|Stalwart|ElectroShot,AuraSphere,FlashCannon,Protect|||F|||50|,,,,,Electric]Basculegion||AssaultVest|SwiftSwim|FlipTurn,AquaJet,LastRespects,Waterfall|||M|||50|,,,,,Grass]Volcarona||SitrusBerry|FlameBody|RagePowder,StruggleBug,WillOWisp,Tailwind|||F|||50|,,,,,Flying]Gliscor||ToxicOrb|PoisonHeal|Protect,SwordsDance,HighHorsepower,DualWingbeat|||M|||50|,,,,,Water
|inactive|Battle timer is ON: inactive players will automatically lose when time's up. (requested by waveniki)
|inactive|Bass pro stan also wants the timer to be on.
|inactive|waveniki has 60 seconds left.
|inactive|Bass pro stan has 60 seconds left.
|inactive|waveniki has 30 seconds left.
|
|t:|1757099382
|teamsize|p1|4
|teamsize|p2|4
|start
|switch|p1a: Incineroar|Incineroar, L50, F|100/100
|switch|p1b: Dragonite|Dragonite, L50, M|100/100
|switch|p2a: Grimmsnarl|Grimmsnarl, L50, M|100/100
|switch|p2b: Volcarona|Volcarona, L50, F|100/100
|-ability|p1a: Incineroar|Intimidate|boost
|-unboost|p2a: Grimmsnarl|atk|1
|-unboost|p2b: Volcarona|atk|1
|turn|1
|inactive|waveniki has 30 seconds left.
|
|t:|1757099417
|move|p1a: Incineroar|Fake Out|p2a: Grimmsnarl
|-damage|p2a: Grimmsnarl|87/100
|cant|p2a: Grimmsnarl|flinch
|move|p2b: Volcarona|Will-O-Wisp|p1b: Dragonite|[miss]
|-miss|p2b: Volcarona|p1b: Dragonite
|move|p1b: Dragonite|Scale Shot|p2b: Volcarona
|-damage|p2b: Volcarona|83/100
|-damage|p2b: Volcarona|66/100
|-damage|p2b: Volcarona|47/100
|-enditem|p2b: Volcarona|Sitrus Berry|[eat]
|-heal|p2b: Volcarona|72/100|[from] item: Sitrus Berry
|-crit|p2b: Volcarona
|-damage|p2b: Volcarona|42/100
|-damage|p2b: Volcarona|24/100
|-hitcount|p2b: Volcarona|5
|-unboost|p1b: Dragonite|def|1
|-boost|p1b: Dragonite|spe|1
|
|upkeep
|turn|2
|
|t:|1757099439
|move|p2a: Grimmsnarl|Reflect|p2a: Grimmsnarl
|-sidestart|p2: Bass pro stan|Reflect
|move|p1b: Dragonite|Scale Shot|p2b: Volcarona
|-damage|p2b: Volcarona|13/100
|-damage|p2b: Volcarona|0 fnt
|faint|p2b: Volcarona
|-hitcount|p2: Volcarona|2
|-unboost|p1b: Dragonite|def|1
|-boost|p1b: Dragonite|spe|1
|move|p1a: Incineroar|Knock Off|p2a: Grimmsnarl
|-resisted|p2a: Grimmsnarl
|-damage|p2a: Grimmsnarl|78/100
|-enditem|p2a: Grimmsnarl|Light Clay|[from] move: Knock Off|[of] p1a: Incineroar
|
|upkeep
|
|t:|1757099454
|switch|p2b: Basculegion|Basculegion, L50, M|100/100
|turn|3
|
|t:|1757099474
|move|p2a: Grimmsnarl|Misty Terrain|p2a: Grimmsnarl
|-fieldstart|move: Misty Terrain
|move|p1b: Dragonite|Scale Shot|p2b: Basculegion
|-damage|p2b: Basculegion|95/100
|-damage|p2b: Basculegion|89/100
|-damage|p2b: Basculegion|83/100
|-damage|p2b: Basculegion|77/100
|-hitcount|p2b: Basculegion|4
|-unboost|p1b: Dragonite|def|1
|-boost|p1b: Dragonite|spe|1
|move|p2b: Basculegion|Flip Turn|p1a: Incineroar
|-supereffective|p1a: Incineroar
|-damage|p1a: Incineroar|39/100
|
|t:|1757099479
|switch|p2b: Politoed|Politoed, L50, M|100/100|[from] Flip Turn
|-weather|RainDance|[from] ability: Drizzle|[of] p2b: Politoed
|move|p1a: Incineroar|Parting Shot|p2b: Politoed
|-unboost|p2b: Politoed|atk|1
|-unboost|p2b: Politoed|spa|1
|
|t:|1757099482
|switch|p1a: Amoonguss|Amoonguss, L50, F|100/100|[from] Parting Shot
|
|-weather|RainDance|[upkeep]
|upkeep
|turn|4
|inactive|waveniki has 30 seconds left.
|inactive|waveniki has 20 seconds left.
|
|t:|1757099519
|move|p1b: Dragonite|Scale Shot|p2b: Politoed
|-damage|p2b: Politoed|95/100
|-crit|p2b: Politoed
|-damage|p2b: Politoed|81/100
|-damage|p2b: Politoed|76/100
|-damage|p2b: Politoed|69/100
|-damage|p2b: Politoed|62/100
|-hitcount|p2b: Politoed|5
|-unboost|p1b: Dragonite|def|1
|-boost|p1b: Dragonite|spe|1
|move|p2b: Politoed|Weather Ball|p1b: Dragonite
|-resisted|p1b: Dragonite
|-damage|p1b: Dragonite|91/100
|move|p2a: Grimmsnarl|Spirit Break|p1b: Dragonite
|-supereffective|p1b: Dragonite
|-damage|p1b: Dragonite|0 fnt
|faint|p1b: Dragonite
|move|p1a: Amoonguss|Pollen Puff|p1: Dragonite|[notarget]
|-fail|p1a: Amoonguss
|
|-weather|RainDance|[upkeep]
|upkeep
|
|t:|1757099527
|switch|p1b: Gholdengo|Gholdengo, L50|100/100
|turn|5
|inactive|Bass pro stan has 30 seconds left.
|
|t:|1757099553
|switch|p2b: Basculegion|Basculegion, L50, M|77/100
|move|p1b: Gholdengo|Nasty Plot|p1b: Gholdengo
|-boost|p1b: Gholdengo|spa|2
|move|p2a: Grimmsnarl|Spirit Break|p1b: Gholdengo
|-resisted|p1b: Gholdengo
|-damage|p1b: Gholdengo|89/100
|-unboost|p1b: Gholdengo|spa|1
|move|p1a: Amoonguss|Pollen Puff|p2b: Basculegion
|-resisted|p2b: Basculegion
|-damage|p2b: Basculegion|72/100
|
|-weather|RainDance|[upkeep]
|upkeep
|turn|6
|
|t:|1757099576
|-terastallize|p1b: Gholdengo|Water
|move|p2a: Grimmsnarl|Light Screen|p2a: Grimmsnarl
|-sidestart|p2: Bass pro stan|move: Light Screen
|move|p2b: Basculegion|Last Respects|p1b: Gholdengo
|-damage|p1b: Gholdengo|36/100
|move|p1b: Gholdengo|Make It Rain|p2b: Basculegion|[spread] p2a,p2b
|-supereffective|p2a: Grimmsnarl
|-resisted|p2b: Basculegion
|-damage|p2a: Grimmsnarl|0 fnt
|-damage|p2b: Basculegion|56/100
|-unboost|p1b: Gholdengo|spa|1
|faint|p2a: Grimmsnarl
|-damage|p1b: Gholdengo|26/100|[from] item: Life Orb
|move|p1a: Amoonguss|Pollen Puff|p1b: Gholdengo
|-heal|p1b: Gholdengo|76/100
|
|-weather|RainDance|[upkeep]
|upkeep
|
|t:|1757099583
|switch|p2a: Politoed|Politoed, L50, M|62/100
|turn|7
|inactive|waveniki has 30 seconds left.
|
|t:|1757099615
|move|p1b: Gholdengo|Protect|p1b: Gholdengo
|-singleturn|p1b: Gholdengo|Protect
|move|p2b: Basculegion|Last Respects|p1b: Gholdengo
|-activate|p1b: Gholdengo|move: Protect
|move|p2a: Politoed|Encore|p1a: Amoonguss
|-start|p1a: Amoonguss|Encore
|move|p1a: Amoonguss|Pollen Puff|p2b: Basculegion
|-resisted|p2b: Basculegion
|-damage|p2b: Basculegion|52/100
|
|-weather|RainDance|[upkeep]
|-fieldend|Misty Terrain
|upkeep
|turn|8
|
|t:|1757099626
|move|p2b: Basculegion|Last Respects|p1b: Gholdengo
|-damage|p1b: Gholdengo|5/100
|move|p1b: Gholdengo|Shadow Ball|p2b: Basculegion
|-supereffective|p2b: Basculegion
|-damage|p2b: Basculegion|12/100
|-damage|p1b: Gholdengo|0 fnt|[from] item: Life Orb
|faint|p1b: Gholdengo
|move|p2a: Politoed|Weather Ball|p1a: Amoonguss
|-resisted|p1a: Amoonguss
|-damage|p1a: Amoonguss|82/100
|move|p1a: Amoonguss|Pollen Puff|p1: Gholdengo|[notarget]
|-fail|p1a: Amoonguss
|
|-weather|RainDance|[upkeep]
|upkeep
|
|t:|1757099630
|switch|p1b: Incineroar|Incineroar, L50, F|39/100
|-ability|p1b: Incineroar|Intimidate|boost
|-unboost|p2a: Politoed|atk|1
|-unboost|p2b: Basculegion|atk|1
|turn|9
|
|t:|1757099649
|move|p1b: Incineroar|Fake Out|p2a: Politoed
|-damage|p2a: Politoed|52/100
|move|p2b: Basculegion|Waterfall|p1b: Incineroar
|-supereffective|p1b: Incineroar
|-damage|p1b: Incineroar|0 fnt
|faint|p1b: Incineroar
|cant|p2a: Politoed|flinch
|move|p1a: Amoonguss|Pollen Puff|p2b: Basculegion
|-resisted|p2b: Basculegion
|-damage|p2b: Basculegion|9/100
|
|-weather|RainDance|[upkeep]
|-end|p1a: Amoonguss|Encore
|-sideend|p2: Bass pro stan|Reflect
|upkeep
|turn|10
|
|t:|1757099660
|move|p2b: Basculegion|Last Respects|p1a: Amoonguss
|-damage|p1a: Amoonguss|38/100
|-enditem|p1a: Amoonguss|Sitrus Berry|[eat]
|-heal|p1a: Amoonguss|63/100|[from] item: Sitrus Berry
|move|p2a: Politoed|Encore|p1a: Amoonguss
|-start|p1a: Amoonguss|Encore
|move|p1a: Amoonguss|Pollen Puff|p2b: Basculegion
|-resisted|p2b: Basculegion
|-damage|p2b: Basculegion|5/100
|
|-weather|none
|-sideend|p2: Bass pro stan|move: Light Screen
|upkeep
|turn|11
|
|t:|1757099669
|move|p2a: Politoed|Rain Dance|p2a: Politoed
|-weather|RainDance
|move|p2b: Basculegion|Last Respects|p1a: Amoonguss
|-damage|p1a: Amoonguss|25/100
|move|p1a: Amoonguss|Pollen Puff|p2b: Basculegion
|-resisted|p2b: Basculegion
|-damage|p2b: Basculegion|0 fnt
|faint|p2b: Basculegion
|
|-weather|RainDance|[upkeep]
|upkeep
|turn|12
|
|t:|1757099679
|move|p2a: Politoed|Weather Ball|p1a: Amoonguss
|-resisted|p1a: Amoonguss
|-crit|p1a: Amoonguss
|-damage|p1a: Amoonguss|0 fnt
|faint|p1a: Amoonguss
|
|win|Bass pro stan
||waveniki is ready for game 2.
|inactive|Bass pro stan has 30 seconds to confirm battle start!
||Bass pro stan is ready for game 2.
|uhtml|next|Next: Game 2 of 3
