|j|☆PopoVGC
|j|☆gluondrive
|html|PopoVGCgluondrive    
|uhtml|bestof|Game 1 of a best-of-3
|t:|1783186539
|gametype|doubles
|player|p1|PopoVGC|silver|1133
|player|p2|gluondrive|artist|1203
|gen|9
|tier|[Gen 9 Champions] VGC 2026 Reg M-B (Bo3)
|rated|
|rule|Species Clause: Limit one of each Pokémon
|rule|Item Clause: Limit 1 of each item
|clearpoke
|poke|p1|Simipour, L50, F, shiny|
|poke|p1|Simisear, L50, F, shiny|
|poke|p1|Simisage, L50, M, shiny|
|poke|p1|Noivern, L50, M|
|poke|p1|Clefable, L50, F|
|poke|p1|Orthworm, L50, F|
|poke|p2|Delphox, L50, M|
|poke|p2|Incineroar, L50, F|
|poke|p2|Blastoise, L50, M|
|poke|p2|Sneasler, L50, F|
|poke|p2|Maushold-Four, L50|
|poke|p2|Sinistcha, L50|
|teampreview|4
|showteam|p1|Simipour||FocusSash|Torrent|IcyWind,FakeOut,Scald,Protect|Hasty||F|||50|]Simisear||Charcoal|Blaze|FakeOut,Yawn,Flamethrower,Protect|Hasty||F|||50|]Simisage||OccaBerry|Overgrow|Protect,Taunt,RockTomb,BulletSeed|Careful||M|||50|]Noivern||WhiteHerb|Infiltrator|DracoMeteor,Tailwind,SuperFang,AirSlash|Timid||M|||50|]Clefable||Clefablite|Unaware|Moonblast,Wish,Protect,CalmMind|Modest||F|||50|]Orthworm||SitrusBerry|EarthEater|HeavySlam,IronDefense,BodyPress,Protect|Calm||F|||50|
|showteam|p2|Delphox||Delphoxite|Blaze|HeatWave,Psyshock,NastyPlot,Protect|Timid||M|||50|]Incineroar||SitrusBerry|Intimidate|FlareBlitz,ThroatChop,PartingShot,FakeOut|Careful||F|||50|]Blastoise||Blastoisinite|Torrent|WaterSpout,DarkPulse,ShellSmash,Protect|Modest||M|||50|]Sneasler||FocusSash|PoisonTouch|FakeOut,CloseCombat,DireClaw,QuickGuard|Jolly||F|||50|]Maushold-Four||ChopleBerry|FriendGuard|HelpingHand,Feint,FollowMe,Protect|Impish|||||50|]Sinistcha||KasibBerry|Hospitality|MatchaGotcha,RagePowder,LifeDew,Protect|Bold|||||50|
|
|t:|1783186651
|teamsize|p1|4
|teamsize|p2|4
|start
|switch|p1a: Simipour|Simipour, L50, F, shiny|100/100
|switch|p1b: Simisage|Simisage, L50, M, shiny|100/100
|switch|p2a: Blastoise|Blastoise, L50, M|100/100
|switch|p2b: Sneasler|Sneasler, L50, F|100/100
|turn|1
|
|t:|1783186672
|switch|p2b: Maushold|Maushold-Four, L50|100/100
|move|p2a: Blastoise|Protect|p2a: Blastoise
|-singleturn|p2a: Blastoise|Protect
|move|p1a: Simipour|Icy Wind|p2a: Blastoise|[spread] p2b
|-activate|p2a: Blastoise|move: Protect
|-damage|p2b: Maushold|86/100
|-unboost|p2b: Maushold|spe|1
|move|p1b: Simisage|Bullet Seed|p2a: Blastoise
|-activate|p2a: Blastoise|move: Protect
|
|upkeep
|turn|2
|
|t:|1783186682
|detailschange|p2a: Blastoise|Blastoise-Mega, L50, M
|-mega|p2a: Blastoise|Blastoise|Blastoisinite
|move|p2b: Maushold|Follow Me|p2b: Maushold
|-singleturn|p2b: Maushold|move: Follow Me
|move|p1a: Simipour|Icy Wind|p2b: Maushold|[spread] p2a,p2b
|-resisted|p2a: Blastoise|1
|-damage|p2a: Blastoise|95/100
|-damage|p2b: Maushold|73/100
|-unboost|p2a: Blastoise|spe|1
|-unboost|p2b: Maushold|spe|1
|move|p1b: Simisage|Taunt|p2b: Maushold
|-start|p2b: Maushold|move: Taunt
|move|p2a: Blastoise|Shell Smash|p2a: Blastoise
|-unboost|p2a: Blastoise|def|1
|-unboost|p2a: Blastoise|spd|1
|-boost|p2a: Blastoise|atk|2
|-boost|p2a: Blastoise|spa|2
|-boost|p2a: Blastoise|spe|2
|
|upkeep
|turn|3
|
|t:|1783186705
|switch|p2b: Sneasler|Sneasler, L50, F|100/100
|move|p2a: Blastoise|Protect|p2a: Blastoise
|-singleturn|p2a: Blastoise|Protect
|move|p1a: Simipour|Scald|p2b: Sneasler
|-damage|p2b: Sneasler|51/100
|move|p1b: Simisage|Bullet Seed|p2a: Blastoise
|-activate|p2a: Blastoise|move: Protect
|
|upkeep
|turn|4
|
|t:|1783186717
|move|p1b: Simisage|Protect|p1b: Simisage
|-singleturn|p1b: Simisage|Protect
|move|p2b: Sneasler|Fake Out|p1a: Simipour
|-damage|p1a: Simipour|72/100
|move|p2a: Blastoise|Dark Pulse|p1b: Simisage
|-activate|p1b: Simisage|move: Protect
|cant|p1a: Simipour|flinch
|
|upkeep
|turn|5
|
|t:|1783186732
|switch|p1b: Clefable|Clefable, L50, F|100/100
|move|p2a: Blastoise|Protect|p2a: Blastoise
|-singleturn|p2a: Blastoise|Protect
|move|p2b: Sneasler|Dire Claw|p1b: Clefable
|-supereffective|p1b: Clefable|1
|-damage|p1b: Clefable|27/100
|move|p1a: Simipour|Icy Wind|p2a: Blastoise|[spread] p2b
|-activate|p2a: Blastoise|move: Protect
|-damage|p2b: Sneasler|35/100
|-unboost|p2b: Sneasler|spe|1
|
|upkeep
|turn|6
|inactive|Battle timer is ON: inactive players will automatically lose when time's up. (requested by gluondrive)
|
|t:|1783186748
|move|p2a: Blastoise|Water Spout|p1a: Simipour|[spread] p1a,p1b
|-resisted|p1a: Simipour|1
|-damage|p1a: Simipour|0 fnt
|-damage|p1b: Clefable|0 fnt
|faint|p1a: Simipour
|faint|p1b: Clefable
|move|p2b: Sneasler|Close Combat|p1: Simipour|[notarget]
|-fail|p2b: Sneasler
|
|upkeep
|-message|PopoVGC forfeited.
|
|win|gluondrive
|l|☆PopoVGC
|player|p1|
||gluondrive is ready for game 2.
|raw|PopoVGC's rating: 1133 → 1113(-20 for losing)
|raw|gluondrive's rating: 1203 → 1223(+20 for winning)
