|j|☆Xto80
|j|☆robotarmadillo
|html|Xto80robotarmadillo    
|uhtml|bestof|Game 1 of a best-of-3
|t:|1783113038
|gametype|doubles
|player|p1|Xto80|youngster-gen4dp|
|player|p2|robotarmadillo|lucas|
|gen|9
|tier|[Gen 9 Champions] VGC 2026 Reg M-B (Bo3)
|rule|Species Clause: Limit one of each Pokémon
|rule|Item Clause: Limit 1 of each item
|clearpoke
|poke|p1|Tyranitar, L50, F|
|poke|p1|Garchomp, L50, M|
|poke|p1|Skarmory, L50, M|
|poke|p1|Meowscarada, L50, M|
|poke|p1|Milotic, L50, M|
|poke|p1|Chandelure, L50, F|
|poke|p2|Charizard, L50, M|
|poke|p2|Typhlosion-Hisui, L50, M|
|poke|p2|Torkoal, L50, F|
|poke|p2|Oranguru, L50, F|
|poke|p2|Goodra-Hisui, L50, F|
|poke|p2|Lucario, L50, F|
|teampreview|4
|showteam|p1|Tyranitar||Tyranitarite|SandStream|RockSlide,Crunch,LowKick,Protect|Adamant||F|||50|]Garchomp||LifeOrb|RoughSkin|Earthquake,RockSlide,DragonClaw,Protect|Jolly||M|||50|]Skarmory||SitrusBerry|Sturdy|Tailwind,Roost,IronDefense,BodyPress|Careful||M|||50|]Meowscarada||FocusSash|Protean|KnockOff,FlowerTrick,Uturn,Taunt|Jolly||M|||50|]Milotic||Leftovers|Competitive|Scald,IceBeam,Recover,Protect|Bold||M|||50|]Chandelure||Chandelurite|FlashFire|HeatWave,ShadowBall,EnergyBall,Protect|Timid||F|||50|
|showteam|p2|Charizard||CharizarditeY|SolarPower|HeatWave,SolarBeam,ScorchingSands,Protect|Timid||M|||50|]Typhlosion-Hisui||ChoiceScarf|Frisk|Eruption,ShadowBall,Overheat,FocusBlast|Timid||M|||50|]Torkoal||Charcoal|Drought|Eruption,HeatWave,EarthPower,Protect|Modest||F|||50|]Oranguru||MentalHerb|InnerFocus|TrickRoom,Instruct,Protect,Psychic|Sassy||F|||50|]Goodra-Hisui||Leftovers|ShellArmor|FlashCannon,DracoMeteor,HydroPump,Flamethrower|Modest||F|||50|]Lucario||FocusSash|InnerFocus|CloseCombat,MeteorMash,ExtremeSpeed,Protect|Jolly||F|||50|
|
|t:|1783113295
|teamsize|p1|4
|teamsize|p2|4
|start
|switch|p1a: Meowscarada|Meowscarada, L50, M|100/100
|switch|p1b: Garchomp|Garchomp, L50, M|100/100
|switch|p2a: Oranguru|Oranguru, L50, F|100/100
|switch|p2b: Torkoal|Torkoal, L50, F|100/100
|-weather|SunnyDay|[from] ability: Drought|[of] p2b: Torkoal
|turn|1
|
|t:|1783113427
|switch|p1b: Tyranitar|Tyranitar, L50, F|100/100
|-weather|Sandstorm|[from] ability: Sand Stream|[of] p1b: Tyranitar
|move|p2b: Torkoal|Protect|p2b: Torkoal
|-singleturn|p2b: Torkoal|Protect
|move|p1a: Meowscarada|Taunt|p2a: Oranguru
|-start|p1a: Meowscarada|typechange|Dark|[from] ability: Protean
|-start|p2a: Oranguru|move: Taunt
|-enditem|p2a: Oranguru|Mental Herb
|-end|p2a: Oranguru|move: Taunt
|move|p2a: Oranguru|Trick Room|p2a: Oranguru
|-fieldstart|move: Trick Room|[of] p2a: Oranguru
|
|-weather|Sandstorm|[upkeep]
|-damage|p2b: Torkoal|93/100|[from] Sandstorm
|-damage|p2a: Oranguru|93/100|[from] Sandstorm
|-damage|p1a: Meowscarada|94/100|[from] Sandstorm
|upkeep
|turn|2
|
|t:|1783113609
|switch|p1a: Milotic|Milotic, L50, M|100/100
|detailschange|p1b: Tyranitar|Tyranitar-Mega, L50, F
|-mega|p1b: Tyranitar|Tyranitar|Tyranitarite
|move|p1b: Tyranitar|Protect|p1b: Tyranitar
|-singleturn|p1b: Tyranitar|Protect
|move|p2b: Torkoal|Earth Power|p1b: Tyranitar
|-activate|p1b: Tyranitar|move: Protect
|move|p2a: Oranguru|Instruct|p2b: Torkoal
|-singleturn|p2b: Torkoal|move: Instruct|[of] p2a: Oranguru
|move|p2b: Torkoal|Earth Power|p1b: Tyranitar
|-activate|p1b: Tyranitar|move: Protect
|
|-weather|Sandstorm|[upkeep]
|-damage|p2b: Torkoal|87/100|[from] Sandstorm
|-damage|p2a: Oranguru|87/100|[from] Sandstorm
|-damage|p1a: Milotic|94/100|[from] Sandstorm
|-heal|p1a: Milotic|100/100|[from] item: Leftovers
|upkeep
|turn|3
|
|t:|1783113708
|move|p2b: Torkoal|Earth Power|p1b: Tyranitar
|-supereffective|p1b: Tyranitar|1
|-damage|p1b: Tyranitar|72/100
|move|p2a: Oranguru|Instruct|p2b: Torkoal
|-singleturn|p2b: Torkoal|move: Instruct|[of] p2a: Oranguru
|move|p2b: Torkoal|Earth Power|p1b: Tyranitar
|-supereffective|p1b: Tyranitar|1
|-damage|p1b: Tyranitar|45/100
|move|p1b: Tyranitar|Rock Slide|p2b: Torkoal|[spread] p2a,p2b
|-supereffective|p2b: Torkoal|1
|-damage|p2a: Oranguru|46/100
|-damage|p2b: Torkoal|29/100
|move|p1a: Milotic|Scald|p2b: Torkoal
|-supereffective|p2b: Torkoal|1
|-damage|p2b: Torkoal|0 fnt
|faint|p2b: Torkoal
|
|-weather|Sandstorm|[upkeep]
|-damage|p2a: Oranguru|40/100|[from] Sandstorm
|-damage|p1a: Milotic|94/100|[from] Sandstorm
|-heal|p1a: Milotic|100/100|[from] item: Leftovers
|upkeep
|
|t:|1783113812
|switch|p2b: Charizard|Charizard, L50, M|100/100
|turn|4
|
|t:|1783114050
|detailschange|p2b: Charizard|Charizard-Mega-Y, L50, M
|-mega|p2b: Charizard|Charizard|Charizardite Y
|-weather|SunnyDay|[from] ability: Drought|[of] p2b: Charizard
|move|p2b: Charizard|Protect|p2b: Charizard
|-singleturn|p2b: Charizard|Protect
|move|p2a: Oranguru|Psychic|p1a: Milotic
|-damage|p1a: Milotic|78/100
|move|p1b: Tyranitar|Rock Slide|p2a: Oranguru|[spread] 
|-activate|p2b: Charizard|move: Protect
|-miss|p1b: Tyranitar|p2a: Oranguru
|move|p1a: Milotic|Scald|p2b: Charizard
|-activate|p2b: Charizard|move: Protect
|
|-weather|SunnyDay|[upkeep]
|-heal|p1a: Milotic|84/100|[from] item: Leftovers
|upkeep
|turn|5
|
|t:|1783114212
|move|p2a: Oranguru|Psychic|p1a: Milotic
|-damage|p1a: Milotic|63/100
|move|p1b: Tyranitar|Rock Slide|p2b: Charizard|[spread] p2a,p2b
|-supereffective|p2b: Charizard|2
|-damage|p2a: Oranguru|0 fnt
|-damage|p2b: Charizard|0 fnt
|faint|p2a: Oranguru
|faint|p2b: Charizard
|move|p1a: Milotic|Scald|p2: Oranguru|[notarget]
|-fail|p1a: Milotic
|
|-weather|SunnyDay|[upkeep]
|-heal|p1a: Milotic|69/100|[from] item: Leftovers
|-fieldend|move: Trick Room
|upkeep
|
|t:|1783114230
|switch|p2b: Goodra|Goodra-Hisui, L50, F|100/100
|turn|6
|
|t:|1783114374
|move|p1a: Milotic|Scald|p2b: Goodra
|-resisted|p2b: Goodra|1
|-damage|p2b: Goodra|95/100
|move|p1b: Tyranitar|Low Kick|p2b: Goodra
|-supereffective|p2b: Goodra|1
|-damage|p2b: Goodra|0 fnt
|faint|p2b: Goodra
|
|win|Xto80
||Xto80 is ready for game 2.
|inactive|robotarmadillo has 30 seconds to confirm battle start!
||robotarmadillo is ready for game 2.
|uhtml|next|Next: Game 2 of 3
