|j|вҳҶnegaifreak
|j|вҳҶZzag
|html|negaifreakZzag    
|uhtml|bestof|Game 1 of a best-of-3
|t:|1756743649
|gametype|doubles
|player|p1|negaifreak|nate|1172
|player|p2|Zzag|266|1200
|gen|9
|tier|[Gen 9] VGC 2025 Reg H (Bo3)
|rated|
|rule|Species Clause: Limit one of each PokГ©mon
|rule|Item Clause: Limit 1 of each item
|clearpoke
|poke|p1|Archaludon, L50, M|
|poke|p1|Pelipper, L50, M|
|poke|p1|Grimmsnarl, L50, M|
|poke|p1|Maushold-Four, L50|
|poke|p1|Sinistcha, L50|
|poke|p1|Annihilape, L50, M|
|poke|p2|Indeedee-F, L50, F|
|poke|p2|Hatterene, L50, F|
|poke|p2|Gallade, L50, M|
|poke|p2|Ursaluna, L50, M|
|poke|p2|Lilligant-Hisui, L50, F|
|poke|p2|Torkoal, L50, M|
|teampreview|4
|showteam|p1|Archaludon||AssaultVest|Stamina|ElectroShot,BodyPress,DragonPulse,FlashCannon|||M|||50|,,,,,Bug]Pelipper||FocusSash|Drizzle|Hurricane,Tailwind,WeatherBall,Protect|||M|||50|,,,,,Ghost]Grimmsnarl||LightClay|Prankster|SpiritBreak,LightScreen,Reflect,MistyTerrain|||M|||50|,,,,,Poison]Maushold-Four||SafetyGoggles|FriendGuard|Taunt,BeatUp,FollowMe,Protect||||||50|,,,,,Ghost]Sinistcha||SitrusBerry|Hospitality|MatchaGotcha,LifeDew,RagePowder,TrickRoom||||||50|,,,,,Fairy]Annihilape||Leftovers|Defiant|RageFist,DrainPunch,BulkUp,Protect|||M|||50|,,,,,Grass
|showteam|p2|Indeedee-F||PsychicSeed|PsychicSurge|TrickRoom,FollowMe,HelpingHand,DazzlingGleam|||F|||50|,,,,,Fire]Hatterene||LifeOrb|MagicBounce|ExpandingForce,TrickRoom,DazzlingGleam,Protect|||F|||50|,,,,,Psychic]Gallade||ClearAmulet|Sharpness|PsychoCut,TrickRoom,SacredSword,WideGuard|||M|||50|,,,,,Grass]Ursaluna||FlameOrb|Guts|HeadlongRush,Facade,SwordsDance,Protect|||M|||50|,,,,,Ghost]Lilligant-Hisui||FocusSash|Chlorophyll|SolarBlade,SleepPowder,CloseCombat,AfterYou|||F|||50|,,,,,Ghost]Torkoal||ChoiceSpecs|Drought|Eruption,HeatWave,WeatherBall,EarthPower|||M|||50|,,,,,Fire
|inactive|Battle timer is ON: inactive players will automatically lose when time's up. (requested by negaifreak)
|inactive|negaifreak has 60 seconds left.
|inactive|Zzag has 60 seconds left.
|
|t:|1756743692
|teamsize|p1|4
|teamsize|p2|4
|start
|switch|p1a: Maushold|Maushold-Four, L50|100/100
|switch|p1b: Archaludon|Archaludon, L50, M|100/100
|switch|p2a: зҙ«з«Ҫи¶…еҸҜж„ӣ|Indeedee-F, L50, F, shiny|100/100
|switch|p2b: зҙ«з«ҪиҰӘиЎӣйҡҠ|Gallade, L50, M, shiny|100/100
|-fieldstart|move: Psychic Terrain|[from] ability: Psychic Surge|[of] p2a: зҙ«з«Ҫи¶…еҸҜж„ӣ
|-enditem|p2a: зҙ«з«Ҫи¶…еҸҜж„ӣ|Psychic Seed
|-boost|p2a: зҙ«з«Ҫи¶…еҸҜж„ӣ|spd|1|[from] item: Psychic Seed
|turn|1
|inactive|negaifreak has 30 seconds left.
|inactive|Zzag has 30 seconds left.
|inactive|negaifreak has 20 seconds left.
|inactive|Zzag has 20 seconds left.
|inactive|negaifreak has 15 seconds left.
|inactive|negaifreak has 10 seconds left.
|inactive|negaifreak has 5 seconds left.
|
|t:|1756743743
|-terastallize|p1b: Archaludon|Bug
|move|p2a: зҙ«з«Ҫи¶…еҸҜж„ӣ|Follow Me|p2a: зҙ«з«Ҫи¶…еҸҜж„ӣ
|-singleturn|p2a: зҙ«з«Ҫи¶…еҸҜж„ӣ|move: Follow Me
|move|p1a: Maushold|Taunt|p2a: зҙ«з«Ҫи¶…еҸҜж„ӣ
|-start|p2a: зҙ«з«Ҫи¶…еҸҜж„ӣ|move: Taunt
|move|p1b: Archaludon|Dragon Pulse|p2a: зҙ«з«Ҫи¶…еҸҜж„ӣ
|-damage|p2a: зҙ«з«Ҫи¶…еҸҜж„ӣ|73/100
|move|p2b: зҙ«з«ҪиҰӘиЎӣйҡҠ|Trick Room|p2b: зҙ«з«ҪиҰӘиЎӣйҡҠ
|-fieldstart|move: Trick Room|[of] p2b: зҙ«з«ҪиҰӘиЎӣйҡҠ
|
|upkeep
|turn|2
|
|t:|1756743763
|move|p1a: Maushold|Protect|p1a: Maushold
|-singleturn|p1a: Maushold|Protect
|move|p2a: зҙ«з«Ҫи¶…еҸҜж„ӣ|Dazzling Gleam|p1a: Maushold|[spread] p1b
|-activate|p1a: Maushold|move: Protect
|-crit|p1b: Archaludon
|-damage|p1b: Archaludon|90/100
|-ability|p1b: Archaludon|Stamina|boost
|-boost|p1b: Archaludon|def|1
|move|p2b: зҙ«з«ҪиҰӘиЎӣйҡҠ|Psycho Cut|p1b: Archaludon
|-damage|p1b: Archaludon|60/100
|-ability|p1b: Archaludon|Stamina|boost
|-boost|p1b: Archaludon|def|1
|move|p1b: Archaludon|Dragon Pulse|p2b: зҙ«з«ҪиҰӘиЎӣйҡҠ
|-damage|p2b: зҙ«з«ҪиҰӘиЎӣйҡҠ|63/100
|
|upkeep
|turn|3
|inactive|Zzag has 30 seconds left.
|
|t:|1756743793
|move|p1a: Maushold|Follow Me|p1a: Maushold
|-singleturn|p1a: Maushold|move: Follow Me
|move|p2a: зҙ«з«Ҫи¶…еҸҜж„ӣ|Dazzling Gleam|p1a: Maushold|[spread] p1a,p1b
|-damage|p1a: Maushold|84/100
|-damage|p1b: Archaludon|53/100
|-ability|p1b: Archaludon|Stamina|boost
|-boost|p1b: Archaludon|def|1
|move|p2b: зҙ«з«ҪиҰӘиЎӣйҡҠ|Psycho Cut|p1a: Maushold
|-crit|p1a: Maushold
|-damage|p1a: Maushold|0 fnt
|faint|p1a: Maushold
|move|p1b: Archaludon|Body Press|p2a: зҙ«з«Ҫи¶…еҸҜж„ӣ
|-damage|p2a: зҙ«з«Ҫи¶…еҸҜж„ӣ|20/100
|
|upkeep
|
|t:|1756743805
|switch|p1a: Grimmsnarl|Grimmsnarl, L50, M|100/100
|turn|4
|
|t:|1756743819
|move|p1a: Grimmsnarl|Reflect|p1a: Grimmsnarl
|-sidestart|p1: negaifreak|Reflect
|move|p2a: зҙ«з«Ҫи¶…еҸҜж„ӣ|Dazzling Gleam|p1b: Archaludon|[spread] p1a,p1b
|-supereffective|p1a: Grimmsnarl
|-damage|p1a: Grimmsnarl|75/100
|-damage|p1b: Archaludon|43/100
|-ability|p1b: Archaludon|Stamina|boost
|-boost|p1b: Archaludon|def|1
|move|p2b: зҙ«з«ҪиҰӘиЎӣйҡҠ|Sacred Sword|p1a: Grimmsnarl
|-damage|p1a: Grimmsnarl|29/100
|move|p1b: Archaludon|Body Press|p2b: зҙ«з«ҪиҰӘиЎӣйҡҠ
|-resisted|p2b: зҙ«з«ҪиҰӘиЎӣйҡҠ
|-damage|p2b: зҙ«з«ҪиҰӘиЎӣйҡҠ|11/100
|
|-end|p2a: зҙ«з«Ҫи¶…еҸҜж„ӣ|move: Taunt
|upkeep
|turn|5
|inactive|Zzag has 30 seconds left.
|inactive|Zzag has 20 seconds left.
|inactive|Zzag has 15 seconds left.
|inactive|Zzag has 10 seconds left.
|inactive|Zzag has 5 seconds left.
|
|t:|1756743871
|move|p2a: зҙ«з«Ҫи¶…еҸҜж„ӣ|Follow Me|p2a: зҙ«з«Ҫи¶…еҸҜж„ӣ
|-singleturn|p2a: зҙ«з«Ҫи¶…еҸҜж„ӣ|move: Follow Me
|move|p1a: Grimmsnarl|Misty Terrain|p1a: Grimmsnarl
|-fieldstart|move: Misty Terrain
|move|p2b: зҙ«з«ҪиҰӘиЎӣйҡҠ|Psycho Cut|p1b: Archaludon
|-damage|p1b: Archaludon|33/100
|-ability|p1b: Archaludon|Stamina|boost
|-boost|p1b: Archaludon|def|1
|move|p1b: Archaludon|Body Press|p2a: зҙ«з«Ҫи¶…еҸҜж„ӣ
|-damage|p2a: зҙ«з«Ҫи¶…еҸҜж„ӣ|0 fnt
|faint|p2a: зҙ«з«Ҫи¶…еҸҜж„ӣ
|
|-fieldend|move: Trick Room
|upkeep
|
|t:|1756743879
|switch|p2a: зҙ«з«Ҫж•ІеҸҜж„ӣ|Hatterene, L50, F, shiny|100/100
|turn|6
|
|t:|1756743903
|move|p1b: Archaludon|Flash Cannon|p2b: зҙ«з«ҪиҰӘиЎӣйҡҠ
|-damage|p2b: зҙ«з«ҪиҰӘиЎӣйҡҠ|0 fnt
|faint|p2b: зҙ«з«ҪиҰӘиЎӣйҡҠ
|move|p1a: Grimmsnarl|Spirit Break|p2a: зҙ«з«Ҫж•ІеҸҜж„ӣ
|-damage|p2a: зҙ«з«Ҫж•ІеҸҜж„ӣ|68/100
|-unboost|p2a: зҙ«з«Ҫж•ІеҸҜж„ӣ|spa|1
|move|p2a: зҙ«з«Ҫж•ІеҸҜж„ӣ|Trick Room|p2a: зҙ«з«Ҫж•ІеҸҜж„ӣ
|-fieldstart|move: Trick Room|[of] p2a: зҙ«з«Ҫж•ІеҸҜж„ӣ
|
|upkeep
|
|t:|1756743909
|switch|p2b: еӨӘжЁӮе·ҙжҲҲж–Ҝ|Torkoal, L50, M, shiny|100/100
|-weather|SunnyDay|[from] ability: Drought|[of] p2b: еӨӘжЁӮе·ҙжҲҲж–Ҝ
|turn|7
|
|t:|1756743926
|switch|p1b: Pelipper|Pelipper, L50, M|100/100
|-weather|RainDance|[from] ability: Drizzle|[of] p1b: Pelipper
|move|p1a: Grimmsnarl|Light Screen|p1a: Grimmsnarl
|-sidestart|p1: negaifreak|move: Light Screen
|move|p2b: еӨӘжЁӮе·ҙжҲҲж–Ҝ|Weather Ball|p1b: Pelipper
|-resisted|p1b: Pelipper
|-damage|p1b: Pelipper|62/100
|move|p2a: зҙ«з«Ҫж•ІеҸҜж„ӣ|Dazzling Gleam|p1b: Pelipper|[spread] p1a,p1b
|-supereffective|p1a: Grimmsnarl
|-damage|p1a: Grimmsnarl|0 fnt
|-damage|p1b: Pelipper|27/100
|faint|p1a: Grimmsnarl
|-damage|p2a: зҙ«з«Ҫж•ІеҸҜж„ӣ|58/100|[from] item: Life Orb
|
|-weather|RainDance|[upkeep]
|upkeep
|
|t:|1756743939
|switch|p1a: Archaludon|Archaludon, L50, M, tera:Bug|33/100
|turn|8
|inactive|negaifreak has 30 seconds left.
|
|t:|1756743966
|-terastallize|p2a: зҙ«з«Ҫж•ІеҸҜж„ӣ|Psychic
|move|p1b: Pelipper|Protect|p1b: Pelipper
|-singleturn|p1b: Pelipper|Protect
|move|p2b: еӨӘжЁӮе·ҙжҲҲж–Ҝ|Weather Ball|p1a: Archaludon
|-damage|p1a: Archaludon|3/100
|-ability|p1a: Archaludon|Stamina|boost
|-boost|p1a: Archaludon|def|1
|move|p2a: зҙ«з«Ҫж•ІеҸҜж„ӣ|Expanding Force|p1a: Archaludon
|-damage|p1a: Archaludon|0 fnt
|faint|p1a: Archaludon
|-damage|p2a: зҙ«з«Ҫж•ІеҸҜж„ӣ|49/100|[from] item: Life Orb
|
|-weather|RainDance|[upkeep]
|upkeep
|turn|9
|c|вҳҶnegaifreak|GG, WP
|inactive|negaifreak has 30 seconds left.
|c|вҳҶZzag|u2
|inactive|negaifreak has 20 seconds left.
|
|t:|1756744001
|move|p2b: еӨӘжЁӮе·ҙжҲҲж–Ҝ|Weather Ball|p1b: Pelipper
|-resisted|p1b: Pelipper
|-damage|p1b: Pelipper|0 fnt
|faint|p1b: Pelipper
|
|win|Zzag
|c|вҳҶZzag|still only g1 tho
||Zzag is ready for game 2.
|inactive|negaifreak has 30 seconds to confirm battle start!
||negaifreak is ready for game 2.
|uhtml|next|Next: Game 2 of 3
