|j|☆boober_magmar
|j|☆SlowH-amurott
|html|boober_magmarSlowH-amurott    
|uhtml|bestof|Game 2 of a best-of-3
|t:|1756244065
|gametype|doubles
|player|p1|boober_magmar|gambler|1143
|player|p2|SlowH-amurott|ninjaboy-gen3|1223
|gen|9
|tier|[Gen 9] VGC 2025 Reg H (Bo3)
|rated|
|rule|Species Clause: Limit one of each Pokémon
|rule|Item Clause: Limit 1 of each item
|clearpoke
|poke|p1|Dragonite, L50, F|
|poke|p1|Sneasler, L50, F|
|poke|p1|Incineroar, L50, F|
|poke|p1|Gholdengo, L50|
|poke|p1|Ursaluna-Bloodmoon, L50, M|
|poke|p1|Amoonguss, L50, M|
|poke|p2|Volcarona, L50, F|
|poke|p2|Samurott-Hisui, L50, M|
|poke|p2|Gholdengo, L50|
|poke|p2|Sneasler, L50, F|
|poke|p2|Ursaluna-Bloodmoon, L50, M|
|poke|p2|Indeedee, L50, M|
|teampreview|4
|showteam|p1|Dragonite||LoadedDice|Multiscale|ScaleShot,Tailwind,Haze,Protect|||F|||50|,,,,,Fairy]Sneasler||FocusSash|Unburden|DireClaw,CloseCombat,Coaching,Protect|||F|||50|,,,,,Stellar]Incineroar||SafetyGoggles|Intimidate|FakeOut,FlareBlitz,KnockOff,PartingShot|||F|||50|,,,,,Ghost]Gholdengo||LifeOrb|GoodasGold|MakeItRain,ShadowBall,NastyPlot,Protect||||||50|,,,,,Water]Ursaluna-Bloodmoon||AssaultVest|MindsEye|HyperVoice,EarthPower,BloodMoon,VacuumWave|||M|||50|,,,,,Poison]Amoonguss||SitrusBerry|Regenerator|PollenPuff,Spore,RagePowder,Protect|||M|||50|,,,,,Dark
|showteam|p2|Volcarona||SitrusBerry|FlameBody|FieryDance,StruggleBug,Tailwind,RagePowder|||F|||50|,,,,,Dragon]Samurott-Hisui||AssaultVest|Sharpness|AquaCutter,SacredSword,SuckerPunch,FlipTurn|||M|||50|,,,,,Ghost]Gholdengo||MetalCoat|GoodasGold|MakeItRain,ShadowBall,NastyPlot,Protect||||||50|,,,,,Water]Sneasler||PsychicSeed|Unburden|DireClaw,CloseCombat,ThroatChop,Protect|||F|||50|,,,,,Dark]Ursaluna-Bloodmoon||LifeOrb|MindsEye|BloodMoon,HyperVoice,EarthPower,Protect|||M|||50|,,,,,Normal]Indeedee||FocusSash|PsychicSurge|ExpandingForce,Encore,Imprison,TrickRoom|||M|||50|,,,,,Psychic
|inactive|Battle timer is ON: inactive players will automatically lose when time's up. (requested by SlowH-amurott)
|
|t:|1756244075
|teamsize|p1|4
|teamsize|p2|4
|start
|switch|p1a: Dragonite|Dragonite, L50, F|100/100
|switch|p1b: Incineroar|Incineroar, L50, F|100/100
|switch|p2a: Shamonerona|Volcarona, L50, F, shiny|100/100
|switch|p2b: Luna Sangre|Ursaluna-Bloodmoon, L50, M|100/100
|-ability|p1b: Incineroar|Intimidate|boost
|-unboost|p2a: Shamonerona|atk|1
|-unboost|p2b: Luna Sangre|atk|1
|turn|1
|inactive|SlowH-amurott has 30 seconds left.
|inactive|SlowH-amurott has 20 seconds left.
|
|t:|1756244111
|-terastallize|p2b: Luna Sangre|Normal
|move|p1b: Incineroar|Fake Out|p2b: Luna Sangre
|-damage|p2b: Luna Sangre|91/100
|move|p2a: Shamonerona|Tailwind|p2a: Shamonerona
|-sidestart|p2: SlowH-amurott|move: Tailwind
|cant|p2b: Luna Sangre|flinch
|move|p1a: Dragonite|Scale Shot|p2a: Shamonerona
|-damage|p2a: Shamonerona|86/100
|-damage|p2a: Shamonerona|71/100
|-damage|p2a: Shamonerona|56/100
|-damage|p2a: Shamonerona|43/100
|-enditem|p2a: Shamonerona|Sitrus Berry|[eat]
|-heal|p2a: Shamonerona|68/100|[from] item: Sitrus Berry
|-damage|p2a: Shamonerona|52/100
|-hitcount|p2a: Shamonerona|5
|-unboost|p1a: Dragonite|def|1
|-boost|p1a: Dragonite|spe|1
|
|upkeep
|turn|2
|inactive|boober_magmar has 30 seconds left.
|
|t:|1756244140
|move|p2a: Shamonerona|Rage Powder|p2a: Shamonerona
|-singleturn|p2a: Shamonerona|move: Rage Powder
|move|p1a: Dragonite|Tailwind|p1a: Dragonite
|-sidestart|p1: boober_magmar|move: Tailwind
|move|p1b: Incineroar|Knock Off|p2b: Luna Sangre
|-damage|p2b: Luna Sangre|56/100
|-enditem|p2b: Luna Sangre|Life Orb|[from] move: Knock Off|[of] p1b: Incineroar
|move|p2b: Luna Sangre|Hyper Voice|p1b: Incineroar|[spread] p1a,p1b
|-damage|p1a: Dragonite|73/100
|-damage|p1b: Incineroar|48/100
|
|upkeep
|turn|3
|
|t:|1756244158
|move|p2a: Shamonerona|Rage Powder|p2a: Shamonerona
|-singleturn|p2a: Shamonerona|move: Rage Powder
|move|p1a: Dragonite|Scale Shot|p2a: Shamonerona
|-damage|p2a: Shamonerona|37/100
|-damage|p2a: Shamonerona|21/100
|-damage|p2a: Shamonerona|6/100
|-damage|p2a: Shamonerona|0 fnt
|faint|p2a: Shamonerona
|-hitcount|p2: Shamonerona|4
|-unboost|p1a: Dragonite|def|1
|-boost|p1a: Dragonite|spe|1
|move|p1b: Incineroar|Flare Blitz|p2b: Luna Sangre
|-damage|p2b: Luna Sangre|14/100
|-damage|p1b: Incineroar|35/100|[from] Recoil
|move|p2b: Luna Sangre|Hyper Voice|p1a: Dragonite|[spread] p1a,p1b
|-damage|p1a: Dragonite|21/100
|-damage|p1b: Incineroar|0 fnt
|faint|p1b: Incineroar
|
|upkeep
|
|t:|1756244181
|switch|p2a: Longclaw|Sneasler, L50, F, shiny|100/100
|switch|p1b: Gholdengo|Gholdengo, L50|100/100
|turn|4
|
|t:|1756244204
|switch|p2b: MDD|Indeedee, L50, M, shiny|100/100
|-fieldstart|move: Psychic Terrain|[from] ability: Psychic Surge|[of] p2b: MDD
|-enditem|p2a: Longclaw|Psychic Seed
|-boost|p2a: Longclaw|spd|1|[from] item: Psychic Seed
|-terastallize|p1b: Gholdengo|Water
|move|p2a: Longclaw|Dire Claw|p1a: Dragonite
|-crit|p1a: Dragonite
|-damage|p1a: Dragonite|0 fnt
|faint|p1a: Dragonite
|move|p1b: Gholdengo|Make It Rain|p2b: MDD|[spread] p2a,p2b
|-damage|p2a: Longclaw|50/100
|-damage|p2b: MDD|26/100
|-unboost|p1b: Gholdengo|spa|1
|-damage|p1b: Gholdengo|91/100|[from] item: Life Orb
|
|-sideend|p2: SlowH-amurott|move: Tailwind
|upkeep
|
|t:|1756244219
|switch|p1a: Sneasler|Sneasler, L50, F|100/100
|turn|5
|
|t:|1756244226
|move|p1a: Sneasler|Dire Claw|p2a: Longclaw
|-resisted|p2a: Longclaw
|-damage|p2a: Longclaw|17/100
|move|p2a: Longclaw|Dire Claw|p1a: Sneasler
|-resisted|p1a: Sneasler
|-damage|p1a: Sneasler|65/100
|move|p1b: Gholdengo|Make It Rain|p2a: Longclaw|[spread] p2a,p2b
|-damage|p2a: Longclaw|0 fnt
|-damage|p2b: MDD|0 fnt
|-unboost|p1b: Gholdengo|spa|1
|faint|p2a: Longclaw
|faint|p2b: MDD
|-damage|p1b: Gholdengo|82/100|[from] item: Life Orb
|
|-sideend|p1: boober_magmar|move: Tailwind
|upkeep
|
|t:|1756244235
|switch|p2b: Luna Sangre|Ursaluna-Bloodmoon, L50, M, tera:Normal|14/100
|turn|6
|-message|SlowH-amurott forfeited.
|
|win|boober_magmar
|raw|boober_magmar's rating: 1143 → 1174(+31 for winning)
|raw|SlowH-amurott's rating: 1223 → 1192(-31 for losing)
