|j|☆Mvine11
|j|☆Googy11
|html|Mvine11Googy11    
|uhtml|bestof|Game 2 of a best-of-3
|t:|1785786236
|gametype|doubles
|player|p1|Mvine11|169|
|player|p2|Googy11|ethan|
|gen|9
|tier|[Gen 9 Champions] VGC 2026 Reg M-B (Bo3)
|rule|Species Clause: Limit one of each Pokémon
|rule|Item Clause: Limit 1 of each item
|clearpoke
|poke|p1|Vivillon-Polar, L50, F|
|poke|p1|Raichu, L50, M|
|poke|p1|Decidueye-Hisui, L50, F|
|poke|p1|Primarina, L50, M|
|poke|p1|Sneasler, L50, F|
|poke|p1|Arcanine-Hisui, L50, M, shiny|
|poke|p2|Basculegion, L50, M|
|poke|p2|Sceptile, L50, F|
|poke|p2|Rotom-Heat, L50|
|poke|p2|Tinkaton, L50, F|
|poke|p2|Mamoswine, L50, F|
|poke|p2|Gardevoir, L50, M|
|teampreview|4
|showteam|p1|Vivillon-Polar||FocusSash|ShieldDust|SleepPowder,Protect,Hurricane,Tailwind|Timid||F|||50|]Raichu||RaichuniteY|Static|ZapCannon,FocusBlast,Protect,VoltSwitch|Timid||M|||50|]Decidueye-Hisui||LifeOrb|Scrappy|TripleArrows,LeafBlade,Protect,SuckerPunch|Adamant||F|||50|]Primarina||Leftovers|LiquidVoice|Protect,Moonblast,CalmMind,HyperVoice|Modest||M|||50|]Sneasler||WhiteHerb|Unburden|CloseCombat,DireClaw,FakeOut,Protect|Jolly||F|||50|]Arcanine-Hisui||ChoiceScarf|RockHead|FlareBlitz,RockSlide,HeadSmash,WillOWisp|Jolly||M|||50|
|showteam|p2|Basculegion||WacanBerry|SwiftSwim|WaveCrash,LastRespects,AquaJet,Protect|Adamant||M|||50|]Sceptile||Sceptilite|Overgrow|EnergyBall,DragonPulse,EarthPower,Protect|Timid||F|||50|]Rotom-Heat||ChoiceScarf|Levitate|Electroweb,Discharge,Overheat,VoltSwitch|Timid|||||50|]Tinkaton||OccaBerry|MoldBreaker|FakeOut,RockSlide,GigatonHammer,KnockOff|Adamant||F|||50|]Mamoswine||FocusSash|Oblivious|HighHorsepower,IcicleCrash,IceShard,Protect|Jolly||F|||50|]Gardevoir||Gardevoirite|Synchronize|HyperVoice,Psychic,EnergyBall,Protect|Bold||M|||50|
|
|t:|1785786265
|teamsize|p1|4
|teamsize|p2|4
|start
|switch|p1a: Arcanine|Arcanine-Hisui, L50, M, shiny|100/100
|switch|p1b: Raichu|Raichu, L50, M|100/100
|switch|p2a: Rotom|Rotom-Heat, L50|100/100
|switch|p2b: Mamoswine|Mamoswine, L50, F|100/100
|turn|1
|
|t:|1785786299
|detailschange|p1b: Raichu|Raichu-Mega-Y, L50, M
|-mega|p1b: Raichu|Raichu|Raichunite Y
|move|p1a: Arcanine|Head Smash|p2a: Rotom
|-supereffective|p2a: Rotom|1
|-damage|p2a: Rotom|0 fnt
|faint|p2a: Rotom
|move|p1b: Raichu|Focus Blast|p2b: Mamoswine
|-supereffective|p2b: Mamoswine|1
|-crit|p2b: Mamoswine
|-enditem|p2b: Mamoswine|Focus Sash
|-damage|p2b: Mamoswine|1/100
|-unboost|p2b: Mamoswine|spd|1
|move|p2b: Mamoswine|High Horsepower|p1a: Arcanine
|-supereffective|p1a: Arcanine|2
|-damage|p1a: Arcanine|0 fnt
|faint|p1a: Arcanine
|
|upkeep
|
|t:|1785786316
|switch|p1a: Sneasler|Sneasler, L50, F|100/100
|switch|p2a: Sceptile|Sceptile, L50, F|100/100
|turn|2
|
|t:|1785786364
|switch|p1b: Vivillon|Vivillon-Polar, L50, F|100/100
|detailschange|p2a: Sceptile|Sceptile-Mega, L50, F
|-mega|p2a: Sceptile|Sceptile|Sceptilite
|move|p2a: Sceptile|Protect|p2a: Sceptile
|-singleturn|p2a: Sceptile|Protect
|move|p2b: Mamoswine|Protect|p2b: Mamoswine
|-singleturn|p2b: Mamoswine|Protect
|move|p1a: Sneasler|Close Combat|p2b: Mamoswine
|-activate|p2b: Mamoswine|move: Protect
|
|upkeep
|turn|3
|
|t:|1785786407
|move|p1b: Vivillon|Protect|p1b: Vivillon
|-singleturn|p1b: Vivillon|Protect
|move|p2b: Mamoswine|Ice Shard|p1b: Vivillon
|-activate|p1b: Vivillon|move: Protect
|move|p2a: Sceptile|Dragon Pulse|p1b: Vivillon
|-activate|p1b: Vivillon|move: Protect
|move|p1a: Sneasler|Close Combat|p2b: Mamoswine
|-supereffective|p2b: Mamoswine|1
|-damage|p2b: Mamoswine|0 fnt
|-unboost|p1a: Sneasler|def|1
|-unboost|p1a: Sneasler|spd|1
|faint|p2b: Mamoswine
|-enditem|p1a: Sneasler|White Herb
|-clearnegativeboost|p1a: Sneasler|[silent]
|
|upkeep
|
|t:|1785786410
|switch|p2b: Basculegion|Basculegion, L50, M|100/100
|turn|4
|
|t:|1785786448
|move|p2b: Basculegion|Aqua Jet|p1b: Vivillon
|-damage|p1b: Vivillon|69/100
|move|p1a: Sneasler|Dire Claw|p2a: Sceptile
|-supereffective|p2a: Sceptile|1
|-damage|p2a: Sceptile|0 fnt
|faint|p2a: Sceptile
|move|p1b: Vivillon|Tailwind|p1b: Vivillon
|-sidestart|p1: Mvine11|move: Tailwind
|
|upkeep
|turn|5
|
|t:|1785786460
|move|p1a: Sneasler|Dire Claw|p2b: Basculegion
|-resisted|p2b: Basculegion|1
|-damage|p2b: Basculegion|77/100
|move|p1b: Vivillon|Sleep Powder|p2b: Basculegion
|-status|p2b: Basculegion|slp|[from] move: Sleep Powder
|cant|p2b: Basculegion|slp
|
|upkeep
|turn|6
|
|t:|1785786470
|switch|p1b: Raichu|Raichu-Mega-Y, L50, M|100/100
|move|p1a: Sneasler|Dire Claw|p2b: Basculegion
|-resisted|p2b: Basculegion|1
|-damage|p2b: Basculegion|52/100 slp
|cant|p2b: Basculegion|slp
|
|upkeep
|turn|7
|
|t:|1785786483
|switch|p1a: Vivillon|Vivillon-Polar, L50, F|69/100
|move|p1b: Raichu|Zap Cannon|p2b: Basculegion
|-supereffective|p2b: Basculegion|1
|-enditem|p2b: Basculegion|Wacan Berry|[eat]
|-enditem|p2b: Basculegion|Wacan Berry|[weaken]
|-damage|p2b: Basculegion|0 fnt
|faint|p2b: Basculegion
|
|win|Mvine11
