|j|☆Pumpkinman
|j|☆mesochob0
|html|Pumpkinmanmesochob0    
|uhtml|bestof|Game 1 of a best-of-3
|t:|1756584661
|gametype|doubles
|player|p1|Pumpkinman|cyclist-gen4|1057
|player|p2|mesochob0|265|1150
|gen|9
|tier|[Gen 9] VGC 2025 Reg H (Bo3)
|rated|
|rule|Species Clause: Limit one of each Pokémon
|rule|Item Clause: Limit 1 of each item
|clearpoke
|poke|p1|Charizard, L50, F|
|poke|p1|Torkoal, L50, F|
|poke|p1|Porygon2, L50|
|poke|p1|Incineroar, L50, F|
|poke|p1|Jumpluff, L50, M|
|poke|p1|Ursaluna, L50, M|
|poke|p2|Blastoise, L50, F|
|poke|p2|Incineroar, L50, F|
|poke|p2|Pelipper, L50, M|
|poke|p2|Indeedee-F, L50, F|
|poke|p2|Sneasler, L50, F|
|poke|p2|Archaludon, L50, M|
|teampreview|4
|showteam|p1|Charizard||ChoiceSpecs|SolarPower|HeatWave,Overheat,WeatherBall,AirSlash|||F|||50|,,,,,Ghost]Torkoal||EjectPack|Drought|Eruption,Overheat,HelpingHand,Protect|||F|||50|,,,,,Fire]Porygon2||Eviolite|Download|TeraBlast,IceBeam,Recover,TrickRoom||||||50|,,,,,Fighting]Incineroar||SitrusBerry|Intimidate|FlareBlitz,KnockOff,FakeOut,PartingShot|||F|||50|,,,,,Ghost]Jumpluff||CovertCloak|Chlorophyll|SleepPowder,SunnyDay,RagePowder,Tailwind|||M|||50|,,,,,Water]Ursaluna||FlameOrb|Guts|HeadlongRush,Facade,Earthquake,Protect|||M|||50|,,,,,Ghost
|showteam|p2|Blastoise||WhiteHerb|RainDish|Protect,WaterSpout,ShellSmash,WeatherBall|||F|||50|,,,,,Water]Incineroar||SafetyGoggles|Intimidate|FakeOut,KnockOff,PartingShot,Taunt|||F|||50|,,,,,Bug]Pelipper||FocusSash|Drizzle|Hurricane,Protect,Tailwind,WideGuard|||M|||50|,,,,,Ground]Indeedee-F||SitrusBerry|PsychicSurge|FollowMe,TrickRoom,Imprison,Psychic|||F|||50|,,,,,Dark]Sneasler||PsychicSeed|Unburden|CloseCombat,DireClaw,Protect,ThroatChop|||F|||50|,,,,,Dark]Archaludon||AssaultVest|Stamina|BodyPress,DragonPulse,ElectroShot,FlashCannon|||M|||50|,,,,,Flying
|inactive|Battle timer is ON: inactive players will automatically lose when time's up. (requested by Pumpkinman)
|inactive|Pumpkinman has 60 seconds left.
|
|t:|1756584713
|teamsize|p1|4
|teamsize|p2|4
|start
|switch|p1a: Jumpluff|Jumpluff, L50, M|100/100
|switch|p1b: Charizard|Charizard, L50, F|100/100
|switch|p2a: Indeedee|Indeedee-F, L50, F|100/100
|switch|p2b: Sneasler|Sneasler, L50, F|100/100
|-fieldstart|move: Psychic Terrain|[from] ability: Psychic Surge|[of] p2a: Indeedee
|-enditem|p2b: Sneasler|Psychic Seed
|-boost|p2b: Sneasler|spd|1|[from] item: Psychic Seed
|turn|1
|inactive|Pumpkinman has 30 seconds left.
|inactive|mesochob0 has 30 seconds left.
|
|t:|1756584748
|switch|p2a: Pelipper|Pelipper, L50, M|100/100
|-weather|RainDance|[from] ability: Drizzle|[of] p2a: Pelipper
|move|p2b: Sneasler|Dire Claw|p1b: Charizard
|-damage|p1b: Charizard|30/100
|move|p1a: Jumpluff|Sunny Day|p1a: Jumpluff
|-weather|SunnyDay
|move|p1b: Charizard|Heat Wave|p2b: Sneasler|[spread] p2b
|-miss|p1b: Charizard|p2a: Pelipper
|-damage|p2b: Sneasler|0 fnt
|faint|p2b: Sneasler
|
|-weather|SunnyDay|[upkeep]
|-damage|p1b: Charizard|17/100|[from] ability: Solar Power|[of] p1b: Charizard
|upkeep
|
|t:|1756584771
|switch|p2b: Indeedee|Indeedee-F, L50, F|100/100
|turn|2
|inactive|mesochob0 has 30 seconds left.
|
|t:|1756584797
|switch|p1a: Incineroar|Incineroar, L50, F|100/100
|-ability|p1a: Incineroar|Intimidate|boost
|-unboost|p2a: Pelipper|atk|1
|-unboost|p2b: Indeedee|atk|1
|move|p2a: Pelipper|Wide Guard|p2a: Pelipper
|-singleturn|p2a: Pelipper|Wide Guard
|move|p1b: Charizard|Heat Wave|p2a: Pelipper|[spread] 
|-activate|p2a: Pelipper|move: Wide Guard
|-activate|p2b: Indeedee|move: Wide Guard
|move|p2b: Indeedee|Psychic|p1a: Incineroar
|-immune|p1a: Incineroar
|
|-weather|SunnyDay|[upkeep]
|-damage|p1b: Charizard|5/100|[from] ability: Solar Power|[of] p1b: Charizard
|upkeep
|turn|3
|inactive|Pumpkinman has 30 seconds left.
|inactive|mesochob0 has 30 seconds left.
|inactive|Pumpkinman has 20 seconds left.
|inactive|mesochob0 has 20 seconds left.
|inactive|Pumpkinman has 15 seconds left.
|
|t:|1756584838
|switch|p2a: Blastoise|Blastoise, L50, F|100/100
|move|p1b: Charizard|Heat Wave|p2b: Indeedee|[spread] p2b
|-miss|p1b: Charizard|p2a: Blastoise
|-damage|p2b: Indeedee|0 fnt
|faint|p2b: Indeedee
|move|p1a: Incineroar|Parting Shot|p2a: Blastoise
|-unboost|p2a: Blastoise|atk|1
|-unboost|p2a: Blastoise|spa|1
|-enditem|p2a: Blastoise|White Herb
|-clearnegativeboost|p2a: Blastoise|[silent]
|
|t:|1756584851
|switch|p1a: Jumpluff|Jumpluff, L50, M|100/100|[from] Parting Shot
|
|-weather|SunnyDay|[upkeep]
|-damage|p1b: Charizard|0 fnt|[from] ability: Solar Power|[of] p1b: Charizard
|faint|p1b: Charizard
|upkeep
|
|t:|1756584861
|switch|p1b: Incineroar|Incineroar, L50, F|100/100
|switch|p2b: Pelipper|Pelipper, L50, M|100/100
|-weather|RainDance|[from] ability: Drizzle|[of] p2b: Pelipper
|-ability|p1b: Incineroar|Intimidate|boost
|-unboost|p2a: Blastoise|atk|1
|-unboost|p2b: Pelipper|atk|1
|turn|4
|inactive|Pumpkinman has 30 seconds left.
|inactive|mesochob0 has 30 seconds left.
|inactive|Pumpkinman has 20 seconds left.
|inactive|Pumpkinman has 15 seconds left.
|
|t:|1756584902
|move|p1a: Jumpluff|Sunny Day|p1a: Jumpluff
|-weather|SunnyDay
|move|p2a: Blastoise|Weather Ball|p1a: Jumpluff
|-supereffective|p1a: Jumpluff
|-damage|p1a: Jumpluff|12/100
|move|p2b: Pelipper|Tailwind|p2b: Pelipper
|-sidestart|p2: mesochob0|move: Tailwind
|move|p1b: Incineroar|Parting Shot|p2a: Blastoise
|-unboost|p2a: Blastoise|atk|1
|-unboost|p2a: Blastoise|spa|1
|
|t:|1756584911
|switch|p1b: Torkoal|Torkoal, L50, F|100/100|[from] Parting Shot
|
|-weather|SunnyDay|[upkeep]
|upkeep
|turn|5
|inactive|Pumpkinman has 30 seconds left.
|
|t:|1756584939
|-terastallize|p2a: Blastoise|Water
|move|p1a: Jumpluff|Sleep Powder|p2b: Pelipper|[miss]
|-miss|p1a: Jumpluff|p2b: Pelipper
|move|p2a: Blastoise|Water Spout|p1a: Jumpluff|[spread] p1a,p1b
|-resisted|p1a: Jumpluff
|-supereffective|p1b: Torkoal
|-damage|p1a: Jumpluff|2/100
|-damage|p1b: Torkoal|42/100
|move|p2b: Pelipper|Hurricane|p1b: Torkoal
|-damage|p1b: Torkoal|0 fnt
|faint|p1b: Torkoal
|
|-weather|SunnyDay|[upkeep]
|-fieldend|move: Psychic Terrain
|upkeep
|
|t:|1756584947
|switch|p1b: Incineroar|Incineroar, L50, F|100/100
|-ability|p1b: Incineroar|Intimidate|boost
|-unboost|p2a: Blastoise|atk|1
|-unboost|p2b: Pelipper|atk|1
|turn|6
|inactive|Pumpkinman has 30 seconds left.
|
|t:|1756584972
|move|p1b: Incineroar|Fake Out|p2b: Pelipper
|-damage|p2b: Pelipper|83/100
|move|p1a: Jumpluff|Sleep Powder|p2a: Blastoise|[miss]
|-miss|p1a: Jumpluff|p2a: Blastoise
|move|p2a: Blastoise|Water Spout|p1a: Jumpluff|[spread] p1a,p1b
|-resisted|p1a: Jumpluff
|-supereffective|p1b: Incineroar
|-damage|p1a: Jumpluff|0 fnt
|-damage|p1b: Incineroar|55/100
|faint|p1a: Jumpluff
|cant|p2b: Pelipper|flinch
|
|-weather|SunnyDay|[upkeep]
|upkeep
|turn|7
|-message|Pumpkinman forfeited.
|
|win|mesochob0
||Pumpkinman is ready for game 2.
||mesochob0 is ready for game 2.
|uhtml|next|Next: Game 2 of 3
