|j|☆Argentavis_Gaming
|j|☆marcosdeltasena31
|html|Argentavis_Gamingmarcosdeltasena31    
|uhtml|bestof|Game 3 of a best-of-3
|t:|1755295780
|gametype|doubles
|player|p1|Argentavis_Gaming|unknown|1242
|player|p2|marcosdeltasena31|hilbert|1391
|gen|9
|tier|[Gen 9] VGC 2025 Reg H (Bo3)
|rated|
|rule|Species Clause: Limit one of each Pokémon
|rule|Item Clause: Limit 1 of each item
|clearpoke
|poke|p1|Tyranitar, L50, M|
|poke|p1|Talonflame, L50, F|
|poke|p1|Garchomp, L50, F|
|poke|p1|Gholdengo, L50|
|poke|p1|Amoonguss, L50, F|
|poke|p1|Tauros-Paldea-Aqua, L50, M|
|poke|p2|Dragonite, L50, F|
|poke|p2|Sneasler, L50, F|
|poke|p2|Volcarona, L50, F|
|poke|p2|Rillaboom, L50, M|
|poke|p2|Kingambit, L50, F|
|poke|p2|Electabuzz, L50, F|
|teampreview|4
|showteam|p1|Tyranitar||AssaultVest|SandStream|RockSlide,KnockOff,LowKick,TeraBlast|||M|||50|,,,,,Flying]Talonflame||SafetyGoggles|GaleWings|BraveBird,WillOWisp,Taunt,Tailwind|||F|||50|,,,,,Ghost]Garchomp||LifeOrb|SandVeil|StompingTantrum,Earthquake,DragonClaw,Protect|||F|||50|,,,,,Ground]Gholdengo||IronPlate|GoodasGold|MakeItRain,ShadowBall,NastyPlot,Protect||||||50|,,,,,Steel]Amoonguss||SitrusBerry|Regenerator|Spore,RagePowder,ClearSmog,PollenPuff|||F|||50|,,,,,Water]Tauros-Paldea-Aqua||ClearAmulet|Intimidate|CloseCombat,WaveCrash,Protect,AquaJet|||M|||50|,,,,,Grass
|showteam|p2|Dragonite||LoadedDice|Multiscale|ScaleShot,ExtremeSpeed,Haze,Protect|||F|||50|,,,,,Fairy]Sneasler||FocusSash|PoisonTouch|DireClaw,CloseCombat,FakeOut,Coaching|||F|||50|,,,,,Ghost]Volcarona||CovertCloak|FlameBody|HeatWave,TeraBlast,QuiverDance,Protect|||F|||50|,,,,,Fairy]Rillaboom||AssaultVest|GrassySurge|WoodHammer,FakeOut,GrassyGlide,HighHorsepower|||M|||50|,,,,,Fire]Kingambit||BlackGlasses|Defiant|KowtowCleave,SwordsDance,SuckerPunch,Protect|||F|||50|,,,,,Dark]Electabuzz||Eviolite|VitalSpirit|Electroweb,FollowMe,Taunt,Protect|||F|||50|,,,,,Ghost
|
|t:|1755295794
|teamsize|p1|4
|teamsize|p2|4
|start
|switch|p1a: Garchomp|Garchomp, L50, F|100/100
|switch|p1b: Amoonguss|Amoonguss, L50, F|100/100
|switch|p2a: Kingambit|Kingambit, L50, F|100/100
|switch|p2b: Electabuzz|Electabuzz, L50, F|100/100
|turn|1
|
|t:|1755295812
|switch|p2b: Rillaboom|Rillaboom, L50, M|100/100
|-fieldstart|move: Grassy Terrain|[from] ability: Grassy Surge|[of] p2b: Rillaboom
|move|p2a: Kingambit|Protect|p2a: Kingambit
|-singleturn|p2a: Kingambit|Protect
|move|p1b: Amoonguss|Rage Powder|p1b: Amoonguss
|-singleturn|p1b: Amoonguss|move: Rage Powder
|move|p1a: Garchomp|Stomping Tantrum|p2a: Kingambit
|-activate|p2a: Kingambit|move: Protect
|
|upkeep
|turn|2
|
|t:|1755295833
|-terastallize|p2a: Kingambit|Dark
|move|p2b: Rillaboom|Fake Out|p1b: Amoonguss
|-damage|p1b: Amoonguss|88/100
|move|p1a: Garchomp|Dragon Claw|p2b: Rillaboom
|-damage|p2b: Rillaboom|45/100
|-damage|p1a: Garchomp|91/100|[from] item: Life Orb
|move|p2a: Kingambit|Kowtow Cleave|p1a: Garchomp
|-damage|p1a: Garchomp|9/100
|cant|p1b: Amoonguss|flinch
|
|-heal|p1a: Garchomp|15/100|[from] Grassy Terrain
|-heal|p2b: Rillaboom|51/100|[from] Grassy Terrain
|-heal|p1b: Amoonguss|94/100|[from] Grassy Terrain
|upkeep
|turn|3
|
|t:|1755295851
|move|p1a: Garchomp|Protect|p1a: Garchomp
|-singleturn|p1a: Garchomp|Protect
|move|p2a: Kingambit|Protect|p2a: Kingambit
|-singleturn|p2a: Kingambit|Protect
|move|p2b: Rillaboom|Grassy Glide|p1a: Garchomp
|-activate|p1a: Garchomp|move: Protect
|move|p1b: Amoonguss|Spore|p2a: Kingambit
|-activate|p2a: Kingambit|move: Protect
|
|-heal|p1a: Garchomp|21/100|[from] Grassy Terrain
|-heal|p2b: Rillaboom|57/100|[from] Grassy Terrain
|-heal|p1b: Amoonguss|99/100|[from] Grassy Terrain
|upkeep
|turn|4
|
|t:|1755295863
|switch|p1a: Talonflame|Talonflame, L50, F|100/100
|switch|p2a: Electabuzz|Electabuzz, L50, F|100/100
|move|p2b: Rillaboom|Wood Hammer|p1a: Talonflame
|-resisted|p1a: Talonflame
|-damage|p1a: Talonflame|75/100
|-damage|p2b: Rillaboom|50/100|[from] Recoil
|move|p1b: Amoonguss|Spore|p2a: Electabuzz
|-immune|p2a: Electabuzz|[from] ability: Vital Spirit
|
|-heal|p2b: Rillaboom|56/100|[from] Grassy Terrain
|-heal|p1b: Amoonguss|100/100|[from] Grassy Terrain
|upkeep
|turn|5
|
|t:|1755295882
|switch|p1b: Garchomp|Garchomp, L50, F|21/100
|move|p2b: Rillaboom|Grassy Glide|p1a: Talonflame
|-resisted|p1a: Talonflame
|-damage|p1a: Talonflame|63/100
|move|p1a: Talonflame|Tailwind|p1a: Talonflame
|-sidestart|p1: Argentavis_Gaming|move: Tailwind
|move|p2a: Electabuzz|Electroweb|p1a: Talonflame|[spread] p1a
|-immune|p1b: Garchomp
|-supereffective|p1a: Talonflame
|-damage|p1a: Talonflame|29/100
|-unboost|p1a: Talonflame|spe|1
|
|-heal|p1b: Garchomp|27/100|[from] Grassy Terrain
|-heal|p2b: Rillaboom|61/100|[from] Grassy Terrain
|-fieldend|move: Grassy Terrain
|upkeep
|turn|6
|
|t:|1755295895
|switch|p1a: Tyranitar|Tyranitar, L50, M|100/100
|-weather|Sandstorm|[from] ability: Sand Stream|[of] p1a: Tyranitar
|move|p2a: Electabuzz|Follow Me|p2a: Electabuzz
|-singleturn|p2a: Electabuzz|move: Follow Me
|move|p1b: Garchomp|Dragon Claw|p2a: Electabuzz
|-damage|p2a: Electabuzz|57/100
|-damage|p1b: Garchomp|17/100|[from] item: Life Orb
|move|p2b: Rillaboom|Wood Hammer|p1b: Garchomp
|-damage|p1b: Garchomp|0 fnt
|faint|p1b: Garchomp
|-damage|p2b: Rillaboom|57/100|[from] Recoil
|
|-weather|Sandstorm|[upkeep]
|-damage|p2a: Electabuzz|51/100|[from] Sandstorm
|-damage|p2b: Rillaboom|51/100|[from] Sandstorm
|upkeep
|
|t:|1755295906
|switch|p1b: Amoonguss|Amoonguss, L50, F|100/100
|turn|7
|
|t:|1755295920
|move|p2a: Electabuzz|Protect|p2a: Electabuzz
|-singleturn|p2a: Electabuzz|Protect
|move|p1a: Tyranitar|Rock Slide|p2a: Electabuzz|[spread] p2b
|-activate|p2a: Electabuzz|move: Protect
|-damage|p2b: Rillaboom|23/100
|move|p2b: Rillaboom|Wood Hammer|p1a: Tyranitar
|-supereffective|p1a: Tyranitar
|-damage|p1a: Tyranitar|2/100
|-damage|p2b: Rillaboom|0 fnt|[from] Recoil
|faint|p2b: Rillaboom
|move|p1b: Amoonguss|Pollen Puff|p2a: Electabuzz
|-activate|p2a: Electabuzz|move: Protect
|
|-weather|Sandstorm|[upkeep]
|-damage|p2a: Electabuzz|45/100|[from] Sandstorm
|-damage|p1b: Amoonguss|95/100|[from] Sandstorm
|upkeep
|
|t:|1755295939
|switch|p2b: Kingambit|Kingambit, L50, F, tera:Dark|100/100
|turn|8
|
|t:|1755295945
|switch|p1a: Talonflame|Talonflame, L50, F|29/100
|move|p2b: Kingambit|Protect|p2b: Kingambit
|-singleturn|p2b: Kingambit|Protect
|move|p2a: Electabuzz|Follow Me|p2a: Electabuzz
|-singleturn|p2a: Electabuzz|move: Follow Me
|move|p1b: Amoonguss|Spore|p2a: Electabuzz
|-immune|p2a: Electabuzz|[from] ability: Vital Spirit
|
|-weather|Sandstorm|[upkeep]
|-damage|p2a: Electabuzz|39/100|[from] Sandstorm
|-damage|p1b: Amoonguss|89/100|[from] Sandstorm
|-damage|p2b: Kingambit|95/100|[from] Sandstorm
|-sideend|p1: Argentavis_Gaming|move: Tailwind
|upkeep
|turn|9
|
|t:|1755295959
|move|p2a: Electabuzz|Follow Me|p2a: Electabuzz
|-singleturn|p2a: Electabuzz|move: Follow Me
|move|p1a: Talonflame|Taunt|p2a: Electabuzz
|-start|p2a: Electabuzz|move: Taunt
|move|p2b: Kingambit|Kowtow Cleave|p1a: Talonflame
|-damage|p1a: Talonflame|0 fnt
|faint|p1a: Talonflame
|move|p1b: Amoonguss|Spore|p2a: Electabuzz
|-immune|p2a: Electabuzz|[from] ability: Vital Spirit
|
|-weather|Sandstorm|[upkeep]
|-damage|p2a: Electabuzz|33/100|[from] Sandstorm
|-damage|p2b: Kingambit|89/100|[from] Sandstorm
|-damage|p1b: Amoonguss|83/100|[from] Sandstorm
|upkeep
|
|t:|1755295961
|switch|p1a: Tyranitar|Tyranitar, L50, M|2/100
|turn|10
|
|t:|1755295974
|move|p2a: Electabuzz|Electroweb|p1a: Tyranitar|[spread] p1a,p1b
|-resisted|p1b: Amoonguss
|-damage|p1a: Tyranitar|0 fnt
|-damage|p1b: Amoonguss|77/100
|-unboost|p1b: Amoonguss|spe|1
|faint|p1a: Tyranitar
|move|p2b: Kingambit|Kowtow Cleave|p1b: Amoonguss
|-damage|p1b: Amoonguss|17/100
|-enditem|p1b: Amoonguss|Sitrus Berry|[eat]
|-heal|p1b: Amoonguss|42/100|[from] item: Sitrus Berry
|move|p1b: Amoonguss|Spore|p2b: Kingambit
|-status|p2b: Kingambit|slp|[from] move: Spore
|
|-weather|none
|upkeep
|turn|11
|-message|Argentavis_Gaming forfeited.
|raw|Argentavis_Gaming's rating: 1242 → 1227(-15 for losing)
|raw|marcosdeltasena31's rating: 1391 → 1403(+12 for winning)
|
|win|marcosdeltasena31
|l|☆Argentavis_Gaming
|player|p1|
