|j|☆gunkqing
|j|☆bpinela
|html|gunkqingbpinela    
|uhtml|bestof|Game 1 of a best-of-3
|t:|1756921771
|gametype|doubles
|player|p1|gunkqing|striker|
|player|p2|bpinela|fisherman|
|gen|9
|tier|[Gen 9] VGC 2025 Reg H (Bo3)
|rule|Species Clause: Limit one of each Pokémon
|rule|Item Clause: Limit 1 of each item
|clearpoke
|poke|p1|Rillaboom, L50, M|
|poke|p1|Electabuzz, L50, M|
|poke|p1|Kommo-o, L50, M|
|poke|p1|Incineroar, L50, F|
|poke|p1|Basculegion, L50, M|
|poke|p1|Sylveon, L50, F|
|poke|p2|Maushold-Four, L50|
|poke|p2|Ursaluna, L50, F|
|poke|p2|Hatterene, L50, F|
|poke|p2|Indeedee-F, L50, F|
|poke|p2|Gallade, L50, M|
|poke|p2|Torkoal, L50, M|
|teampreview|4
|showteam|p1|Rillaboom||MeadowPlate|GrassySurge|FakeOut,WoodHammer,GrassyGlide,Uturn|||M|||50|,,,,,Fire]Electabuzz||Eviolite|VitalSpirit|FollowMe,Thunderbolt,Taunt,Protect|||M|||50|,,,,,Dragon]Kommo-o||Leftovers|Soundproof|ClangingScales,ClangorousSoul,Flamethrower,Protect|||M|||50|,,,,,Fire]Incineroar||AssaultVest|Intimidate|FakeOut,FlareBlitz,KnockOff,Uturn|||F|||50|,,,,,Ghost]Basculegion||ChoiceScarf|Adaptability|WaveCrash,AquaJet,LastRespects,FlipTurn|||M|||50|,,,,,Grass]Sylveon||LifeOrb|Pixilate|HyperVoice,Moonblast,Reflect,Detect|||F|||50|,,,,,Fairy
|showteam|p2|Maushold-Four||WideLens|Technician|PopulationBomb,FollowMe,Taunt,Protect||||||50|,,,,,Poison]Ursaluna||FlameOrb|Guts|Facade,HeadlongRush,Earthquake,Protect|||F|||50|,,,,,Ghost]Hatterene||CovertCloak|MagicBounce|ExpandingForce,DazzlingGleam,TeraBlast,TrickRoom|||F|||50|,,,,,Fire]Indeedee-F||PsychicSeed|PsychicSurge|FollowMe,HelpingHand,TrickRoom,Psychic|||F|||50|,,,,,Water]Gallade||ClearAmulet|Sharpness|SacredSword,PsychoCut,WideGuard,TrickRoom|||M|||50|,,,,,Grass]Torkoal||ChoiceSpecs|Drought|Eruption,HeatWave,WeatherBall,EarthPower|||M|||50|,,,,,Fire
|inactive|Battle timer is ON: inactive players will automatically lose when time's up. (requested by gunkqing)
|c|☆bpinela|glhf
|c|☆gunkqing|glhf
|inactive|gunkqing has 60 seconds left.
|
|t:|1756921805
|teamsize|p1|4
|teamsize|p2|4
|start
|switch|p1a: Kommo-o|Kommo-o, L50, M|100/100
|switch|p1b: Incineroar|Incineroar, L50, F|100/100
|switch|p2a: Indeedee|Indeedee-F, L50, F|100/100
|switch|p2b: Hatterene|Hatterene, L50, F|100/100
|-ability|p1b: Incineroar|Intimidate|boost
|-unboost|p2a: Indeedee|atk|1
|-unboost|p2b: Hatterene|atk|1
|-fieldstart|move: Psychic Terrain|[from] ability: Psychic Surge|[of] p2a: Indeedee
|-enditem|p2a: Indeedee|Psychic Seed
|-boost|p2a: Indeedee|spd|1|[from] item: Psychic Seed
|turn|1
|
|t:|1756921831
|-terastallize|p1a: Kommo-o|Fire
|move|p1a: Kommo-o|Clangorous Soul|p1a: Kommo-o
|-boost|p1a: Kommo-o|atk|1
|-boost|p1a: Kommo-o|def|1
|-boost|p1a: Kommo-o|spa|1
|-boost|p1a: Kommo-o|spd|1
|-boost|p1a: Kommo-o|spe|1
|-damage|p1a: Kommo-o|68/100
|move|p1b: Incineroar|U-turn|p2b: Hatterene
|-damage|p2b: Hatterene|76/100
|
|t:|1756921839
|switch|p1b: Rillaboom|Rillaboom, L50, M|100/100|[from] U-turn
|-fieldstart|move: Grassy Terrain|[from] ability: Grassy Surge|[of] p1b: Rillaboom
|move|p2b: Hatterene|Dazzling Gleam|p1a: Kommo-o|[spread] p1a,p1b
|-resisted|p1a: Kommo-o
|-damage|p1a: Kommo-o|55/100
|-damage|p1b: Rillaboom|62/100
|move|p2a: Indeedee|Trick Room|p2a: Indeedee
|-fieldstart|move: Trick Room|[of] p2a: Indeedee
|
|-heal|p2b: Hatterene|82/100|[from] Grassy Terrain
|-heal|p1b: Rillaboom|68/100|[from] Grassy Terrain
|-heal|p1a: Kommo-o|61/100|[from] Grassy Terrain
|-heal|p1a: Kommo-o|67/100|[from] item: Leftovers
|upkeep
|turn|2
|inactive|gunkqing has 30 seconds left.
|inactive|bpinela has 30 seconds left.
|inactive|gunkqing has 20 seconds left.
|inactive|bpinela has 20 seconds left.
|
|t:|1756921878
|move|p2a: Indeedee|Helping Hand|p2b: Hatterene
|-singleturn|p2b: Hatterene|Helping Hand|[of] p2a: Indeedee
|move|p1b: Rillaboom|Fake Out|p2a: Indeedee
|-damage|p2a: Indeedee|88/100
|move|p2b: Hatterene|Dazzling Gleam|p1a: Kommo-o|[spread] p1a,p1b
|-resisted|p1a: Kommo-o
|-damage|p1a: Kommo-o|49/100
|-damage|p1b: Rillaboom|17/100
|move|p1a: Kommo-o|Flamethrower|p2b: Hatterene
|-damage|p2b: Hatterene|16/100
|
|-heal|p2b: Hatterene|22/100|[from] Grassy Terrain
|-heal|p2a: Indeedee|94/100|[from] Grassy Terrain
|-heal|p1b: Rillaboom|23/100|[from] Grassy Terrain
|-heal|p1a: Kommo-o|54/100|[from] Grassy Terrain
|-heal|p1a: Kommo-o|60/100|[from] item: Leftovers
|upkeep
|turn|3
|inactive|bpinela has 30 seconds left.
|
|t:|1756921911
|switch|p2a: Ursaluna|Ursaluna, L50, F|100/100
|switch|p1b: Incineroar|Incineroar, L50, F|100/100
|-ability|p1b: Incineroar|Intimidate|boost
|-unboost|p2a: Ursaluna|atk|1
|-unboost|p2b: Hatterene|atk|1
|move|p1a: Kommo-o|Protect|p1a: Kommo-o
|-singleturn|p1a: Kommo-o|Protect
|move|p2b: Hatterene|Dazzling Gleam|p1a: Kommo-o|[spread] p1b
|-activate|p1a: Kommo-o|move: Protect
|-damage|p1b: Incineroar|79/100
|
|-heal|p2b: Hatterene|28/100|[from] Grassy Terrain
|-heal|p1b: Incineroar|85/100|[from] Grassy Terrain
|-heal|p1a: Kommo-o|66/100|[from] Grassy Terrain
|-heal|p1a: Kommo-o|72/100|[from] item: Leftovers
|-status|p2a: Ursaluna|brn|[from] item: Flame Orb
|upkeep
|turn|4
|
|t:|1756921931
|switch|p2b: Indeedee|Indeedee-F, L50, F|94/100
|-fieldstart|move: Psychic Terrain|[from] ability: Psychic Surge|[of] p2b: Indeedee
|move|p1b: Incineroar|Fake Out|p2a: Ursaluna
|-activate|p2a: Ursaluna|move: Psychic Terrain
|move|p2a: Ursaluna|Headlong Rush|p1a: Kommo-o
|-supereffective|p1a: Kommo-o
|-damage|p1a: Kommo-o|0 fnt
|-unboost|p2a: Ursaluna|def|1
|-unboost|p2a: Ursaluna|spd|1
|faint|p1a: Kommo-o
|
|-damage|p2a: Ursaluna|95/100 brn|[from] brn
|upkeep
|
|t:|1756921940
|switch|p1a: Rillaboom|Rillaboom, L50, M|23/100
|-fieldstart|move: Grassy Terrain|[from] ability: Grassy Surge|[of] p1a: Rillaboom
|turn|5
|inactive|bpinela has 30 seconds left.
|
|t:|1756921967
|switch|p2b: Hatterene|Hatterene, L50, F|28/100
|-terastallize|p2a: Ursaluna|Ghost
|move|p1a: Rillaboom|Fake Out|p2a: Ursaluna
|-immune|p2a: Ursaluna
|move|p2a: Ursaluna|Headlong Rush|p1b: Incineroar
|-supereffective|p1b: Incineroar
|-damage|p1b: Incineroar|0 fnt
|-unboost|p2a: Ursaluna|def|1
|-unboost|p2a: Ursaluna|spd|1
|faint|p1b: Incineroar
|
|-heal|p2b: Hatterene|34/100|[from] Grassy Terrain
|-heal|p2a: Ursaluna|100/100 brn|[from] Grassy Terrain
|-heal|p1a: Rillaboom|29/100|[from] Grassy Terrain
|-damage|p2a: Ursaluna|95/100 brn|[from] brn
|-fieldend|move: Trick Room
|upkeep
|
|t:|1756921971
|switch|p1b: Electabuzz|Electabuzz, L50, M|100/100
|turn|6
|
|t:|1756921988
|move|p1b: Electabuzz|Thunderbolt|p2b: Hatterene
|-damage|p2b: Hatterene|5/100
|move|p1a: Rillaboom|Wood Hammer|p2a: Ursaluna
|-damage|p2a: Ursaluna|0 fnt
|faint|p2a: Ursaluna
|-damage|p1a: Rillaboom|0 fnt|[from] Recoil
|faint|p1a: Rillaboom
|move|p2b: Hatterene|Trick Room|p2b: Hatterene
|-fieldstart|move: Trick Room|[of] p2b: Hatterene
|
|-heal|p2b: Hatterene|11/100|[from] Grassy Terrain
|upkeep
|
|t:|1756922000
|switch|p2a: Indeedee|Indeedee-F, L50, F|94/100
|-fieldstart|move: Psychic Terrain|[from] ability: Psychic Surge|[of] p2a: Indeedee
|turn|7
|-message|gunkqing forfeited.
|
|win|bpinela
||gunkqing is ready for game 2.
||bpinela is ready for game 2.
|uhtml|next|Next: Game 2 of 3
