|j|☆sundawg
|j|☆OnlyAnE
|html|sundawgOnlyAnE    
|uhtml|bestof|Game 2 of a best-of-3
|t:|1785898619
|gametype|doubles
|player|p1|sundawg|265|
|player|p2|OnlyAnE|cynthia-gen4|
|gen|9
|tier|[Gen 9 Champions] VGC 2026 Reg M-B (Bo3)
|rule|Species Clause: Limit one of each Pokémon
|rule|Item Clause: Limit 1 of each item
|clearpoke
|poke|p1|Archaludon, L50, F|
|poke|p1|Pelipper, L50, M|
|poke|p1|Swampert, L50, M|
|poke|p1|Garchomp, L50, M|
|poke|p1|Typhlosion, L50, M|
|poke|p1|Maushold, L50|
|poke|p2|Tinkaton, L50, F, shiny|
|poke|p2|Sneasler, L50, F, shiny|
|poke|p2|Sableye, L50, M, shiny|
|poke|p2|Raichu, L50, M|
|poke|p2|Farigiraf, L50, F|
|poke|p2|Meowscarada, L50, F, shiny|
|teampreview|4
|showteam|p1|Archaludon||Leftovers|Stamina|ElectroShot,FlashCannon,DragonPulse,Protect|Modest||F|||50|]Pelipper||SitrusBerry|Drizzle|Hurricane,WeatherBall,WideGuard,Tailwind|Modest||M|||50|]Swampert||Swampertite|Torrent|Earthquake,WaveCrash,KnockOff,Protect|Adamant||M|||50|]Garchomp||LifeOrb|RoughSkin|DragonClaw,Earthquake,Protect,StompingTantrum|Adamant||M|||50|]Typhlosion||ChoiceScarf|Blaze|Eruption,WillOWisp,HeatWave,FocusBlast|Modest||M|||50|]Maushold||ChopleBerry|FriendGuard|Feint,FollowMe,HelpingHand,Protect|Impish|||||50|
|showteam|p2|Tinkaton||FairyFeather|OwnTempo|SwordsDance,GigatonHammer,PlayRough,Protect|Adamant||F|||50|]Sneasler||WhiteHerb|Unburden|FakeOut,CloseCombat,DireClaw,Protect|Adamant||F|||50|]Sableye||Leftovers|Prankster|Encore,SunnyDay,WillOWisp,Recover|Calm||M|||50|]Raichu||RaichuniteY|LightningRod|FocusBlast,ZapCannon,Encore,Protect|Timid||M|||50|]Farigiraf||SitrusBerry|ArmorTail|Psychic,Thunderbolt,TrickRoom,Protect|Sassy||F|||50|]Meowscarada||LifeOrb|Protean|KnockOff,FlowerTrick,TripleAxel,Protect|Adamant||F|||50|
|
|t:|1785898667
|teamsize|p1|4
|teamsize|p2|4
|start
|switch|p1a: Pelipper|Pelipper, L50, M|100/100
|switch|p1b: Archaludon|Archaludon, L50, F|100/100
|switch|p2a: Sableye|Sableye, L50, M, shiny|100/100
|switch|p2b: Sneasler|Sneasler, L50, F, shiny|100/100
|-weather|RainDance|[from] ability: Drizzle|[of] p1a: Pelipper
|turn|1
|
|t:|1785898697
|switch|p1a: Maushold|Maushold, L50|100/100
|move|p2a: Sableye|Sunny Day|p2a: Sableye
|-weather|SunnyDay
|move|p2b: Sneasler|Close Combat|p1b: Archaludon
|-supereffective|p1b: Archaludon|1
|-damage|p1b: Archaludon|13/100
|-unboost|p2b: Sneasler|def|1
|-unboost|p2b: Sneasler|spd|1
|-ability|p1b: Archaludon|Stamina|boost
|-boost|p1b: Archaludon|def|1
|-enditem|p2b: Sneasler|White Herb
|-clearnegativeboost|p2b: Sneasler|[silent]
|move|p1b: Archaludon|Flash Cannon|p2b: Sneasler
|-damage|p2b: Sneasler|42/100
|
|-weather|SunnyDay|[upkeep]
|-heal|p1b: Archaludon|19/100|[from] item: Leftovers
|upkeep
|turn|2
|
|t:|1785898728
|move|p1a: Maushold|Follow Me|p1a: Maushold
|-singleturn|p1a: Maushold|move: Follow Me
|move|p2a: Sableye|Will-O-Wisp|p1a: Maushold
|-status|p1a: Maushold|brn
|move|p2b: Sneasler|Close Combat|p1a: Maushold
|-supereffective|p1a: Maushold|1
|-enditem|p1a: Maushold|Chople Berry|[eat]
|-enditem|p1a: Maushold|Chople Berry|[weaken]
|-damage|p1a: Maushold|40/100 brn
|-unboost|p2b: Sneasler|def|1
|-unboost|p2b: Sneasler|spd|1
|move|p1b: Archaludon|Flash Cannon|p2b: Sneasler
|-damage|p2b: Sneasler|0 fnt
|faint|p2b: Sneasler
|
|-weather|SunnyDay|[upkeep]
|-heal|p1b: Archaludon|25/100|[from] item: Leftovers
|-damage|p1a: Maushold|34/100 brn|[from] brn
|upkeep
|
|t:|1785898747
|switch|p2b: Meowscarada|Meowscarada, L50, F, shiny|100/100
|turn|3
|
|t:|1785898782
|switch|p1a: Pelipper|Pelipper, L50, M|100/100
|-weather|RainDance|[from] ability: Drizzle|[of] p1a: Pelipper
|switch|p1b: Swampert|Swampert, L50, M|100/100
|switch|p2a: Raichu|Raichu, L50, M|100/100
|move|p2b: Meowscarada|Flower Trick|p1a: Pelipper
|-start|p2b: Meowscarada|typechange|Grass|[from] ability: Protean
|-crit|p1a: Pelipper
|-damage|p1a: Pelipper|2/100
|-enditem|p1a: Pelipper|Sitrus Berry|[eat]
|-heal|p1a: Pelipper|27/100|[from] item: Sitrus Berry
|-damage|p2b: Meowscarada|90/100|[from] item: Life Orb
|
|-weather|RainDance|[upkeep]
|upkeep
|turn|4
|
|t:|1785898815
|switch|p1a: Archaludon|Archaludon, L50, F|25/100
|detailschange|p2a: Raichu|Raichu-Mega-Y, L50, M
|-mega|p2a: Raichu|Raichu|Raichunite Y
|detailschange|p1b: Swampert|Swampert-Mega, L50, M
|-mega|p1b: Swampert|Swampert|Swampertite
|move|p2a: Raichu|Zap Cannon|p1a: Archaludon
|-resisted|p1a: Archaludon|1
|-damage|p1a: Archaludon|0 fnt
|faint|p1a: Archaludon
|move|p1b: Swampert|Knock Off|p2a: Raichu
|-damage|p2a: Raichu|38/100
|move|p2b: Meowscarada|Flower Trick|p1b: Swampert
|-supereffective|p1b: Swampert|2
|-crit|p1b: Swampert
|-damage|p1b: Swampert|0 fnt
|faint|p1b: Swampert
|-damage|p2b: Meowscarada|80/100|[from] item: Life Orb
|
|-weather|RainDance|[upkeep]
|upkeep
|
|t:|1785898831
|switch|p1a: Pelipper|Pelipper, L50, M|27/100
|switch|p1b: Maushold|Maushold, L50|34/100 brn
|turn|5
|
|t:|1785898846
|move|p1b: Maushold|Follow Me|p1b: Maushold
|-singleturn|p1b: Maushold|move: Follow Me
|move|p2a: Raichu|Zap Cannon|p1b: Maushold
|-damage|p1b: Maushold|0 fnt
|faint|p1b: Maushold
|move|p2b: Meowscarada|Flower Trick|p1a: Pelipper
|-crit|p1a: Pelipper
|-damage|p1a: Pelipper|0 fnt
|faint|p1a: Pelipper
|-damage|p2b: Meowscarada|70/100|[from] item: Life Orb
|
|win|OnlyAnE
