|j|☆waffobaffo
|j|☆FenneccyFoxMV
|html|waffobaffoFenneccyFoxMV    
|uhtml|bestof|Game 3 of a best-of-3
|t:|1783042628
|gametype|doubles
|player|p1|waffobaffo|pokemonbreeder-gen4|
|player|p2|FenneccyFoxMV|265|
|gen|9
|tier|[Gen 9 Champions] VGC 2026 Reg M-B (Bo3)
|rule|Species Clause: Limit one of each Pokémon
|rule|Item Clause: Limit 1 of each item
|clearpoke
|poke|p1|Sylveon, L50, F|
|poke|p1|Klefki, L50, F|
|poke|p1|Torkoal, L50, M|
|poke|p1|Farigiraf, L50, F|
|poke|p1|Blastoise, L50, F|
|poke|p1|Chesnaught, L50, F|
|poke|p2|Morpeko, L50, M|
|poke|p2|Tinkaton, L50, F|
|poke|p2|Vanilluxe, L50, M|
|poke|p2|Delphox, L50, F|
|poke|p2|Primarina, L50, F|
|poke|p2|Tsareena, L50, F|
|teampreview|4
|showteam|p1|Sylveon||FairyFeather|Pixilate|HyperVoice,HyperBeam,QuickAttack,Protect|Quiet||F|||50|]Klefki||OccaBerry|Prankster|TrickRoom,DazzlingGleam,Reflect,SteelBeam|Sassy||F|||50|]Torkoal||Charcoal|Drought|Eruption,WeatherBall,EarthPower,Protect|Quiet||M|||50|]Farigiraf||MentalHerb|ArmorTail|Roar,TwinBeam,TrickRoom,RainDance|Bold||F|||50|]Blastoise||Blastoisinite|Torrent|FakeOut,WaterSpout,AuraSphere,DarkPulse|Quiet||F|||50|]Chesnaught||Leftovers|Bulletproof|SpikyShield,WideGuard,BodyPress,LeechSeed|Relaxed||F|||50|
|showteam|p2|Morpeko||FocusSash|HungerSwitch|FakeOut,KnockOff,AuraWheel,Protect|Jolly||M|||50|]Tinkaton||OccaBerry|MoldBreaker|GigatonHammer,FakeOut,Encore,Feint|Jolly||F|||50|]Vanilluxe||ChoiceScarf|SnowWarning|Blizzard,FreezeDry,IcyWind,IceShard|Timid||M|||50|]Delphox||Delphoxite|Blaze|HeatWave,Psychic,NastyPlot,Protect|Timid||F|||50|]Primarina||Leftovers|LiquidVoice|HyperVoice,CalmMind,Moonblast,Protect|Modest||F|||50|]Tsareena||WideLens|QueenlyMajesty|Taunt,PowerWhip,HighJumpKick,Protect|Adamant||F|||50|
|j| elbau1129
|l| elbau1129
|
|t:|1783042742
|teamsize|p1|4
|teamsize|p2|4
|start
|switch|p1a: Klefki|Klefki, L50, F|100/100
|switch|p1b: Torkoal|Torkoal, L50, M|100/100
|switch|p2a: Morpeko|Morpeko, L50, M|100/100
|switch|p2b: Delphox|Delphox, L50, F|100/100
|-weather|SunnyDay|[from] ability: Drought|[of] p1b: Torkoal
|turn|1
|
|t:|1783042785
|detailschange|p2b: Delphox|Delphox-Mega, L50, F
|-mega|p2b: Delphox|Delphox|Delphoxite
|move|p1b: Torkoal|Protect|p1b: Torkoal
|-singleturn|p1b: Torkoal|Protect
|move|p2a: Morpeko|Fake Out|p1a: Klefki
|-resisted|p1a: Klefki|1
|-damage|p1a: Klefki|94/100
|move|p2b: Delphox|Heat Wave|p1b: Torkoal|[spread] p1a
|-activate|p1b: Torkoal|move: Protect
|-supereffective|p1a: Klefki|1
|-enditem|p1a: Klefki|Occa Berry|[eat]
|-enditem|p1a: Klefki|Occa Berry|[weaken]
|-damage|p1a: Klefki|35/100
|cant|p1a: Klefki|flinch
|
|-weather|SunnyDay|[upkeep]
|-formechange|p2a: Morpeko|Morpeko-Hangry|
|upkeep
|turn|2
|
|t:|1783042826
|move|p2b: Delphox|Heat Wave|p1a: Klefki|[spread] p1a,p1b
|-supereffective|p1a: Klefki|1
|-resisted|p1b: Torkoal|1
|-damage|p1a: Klefki|0 fnt
|-damage|p1b: Torkoal|62/100
|faint|p1a: Klefki
|move|p2a: Morpeko|Knock Off|p1b: Torkoal
|-damage|p1b: Torkoal|31/100
|-enditem|p1b: Torkoal|Charcoal|[from] move: Knock Off|[of] p2a: Morpeko
|move|p1b: Torkoal|Eruption|p2b: Delphox|[spread] p2a,p2b
|-resisted|p2b: Delphox|1
|-damage|p2a: Morpeko|56/100
|-damage|p2b: Delphox|89/100
|
|-weather|SunnyDay|[upkeep]
|-formechange|p2a: Morpeko|Morpeko|
|upkeep
|
|t:|1783042836
|switch|p1a: Sylveon|Sylveon, L50, F|100/100
|turn|3
|
|t:|1783042895
|move|p2b: Delphox|Psychic|p1b: Torkoal
|-damage|p1b: Torkoal|0 fnt
|faint|p1b: Torkoal
|move|p2a: Morpeko|Aura Wheel|p1a: Sylveon
|-damage|p1a: Sylveon|39/100
|-boost|p2a: Morpeko|spe|1
|move|p1a: Sylveon|Hyper Voice|p2a: Morpeko|[spread] p2a,p2b
|-supereffective|p2a: Morpeko|1
|-resisted|p2b: Delphox|1
|-damage|p2a: Morpeko|0 fnt
|-damage|p2b: Delphox|69/100
|faint|p2a: Morpeko
|
|-weather|SunnyDay|[upkeep]
|upkeep
|
|t:|1783042911
|switch|p2a: Tsareena|Tsareena, L50, F|100/100
|switch|p1b: Blastoise|Blastoise, L50, F|100/100
|turn|4
|
|t:|1783042998
|detailschange|p1b: Blastoise|Blastoise-Mega, L50, F
|-mega|p1b: Blastoise|Blastoise|Blastoisinite
|move|p2b: Delphox|Psychic|p1a: Sylveon
|-damage|p1a: Sylveon|2/100
|move|p2a: Tsareena|Power Whip|p1b: Blastoise|[miss]
|-miss|p2a: Tsareena|p1b: Blastoise
|move|p1b: Blastoise|Dark Pulse|p2b: Delphox
|-supereffective|p2b: Delphox|1
|-damage|p2b: Delphox|0 fnt
|faint|p2b: Delphox
|move|p1a: Sylveon|Hyper Voice|p2a: Tsareena
|-damage|p2a: Tsareena|27/100
|
|-weather|SunnyDay|[upkeep]
|upkeep
|
|t:|1783043019
|switch|p2b: Primarina|Primarina, L50, F|100/100
|turn|5
|
|t:|1783043035
|move|p2a: Tsareena|Power Whip|p1b: Blastoise
|-supereffective|p1b: Blastoise|1
|-damage|p1b: Blastoise|0 fnt
|faint|p1b: Blastoise
|move|p2b: Primarina|Hyper Voice|p1a: Sylveon
|-damage|p1a: Sylveon|0 fnt
|faint|p1a: Sylveon
|
|win|FenneccyFoxMV
