|j|☆mario16172005
|j|☆Zaiistired
|html|mario16172005Zaiistired    
|uhtml|bestof|Game 1 of a best-of-3
|t:|1756416637
|gametype|doubles
|player|p1|mario16172005|workerice|1169
|player|p2|Zaiistired|pokemonbreeder-gen4|1127
|gen|9
|tier|[Gen 9] VGC 2025 Reg H (Bo3)
|rated|
|rule|Species Clause: Limit one of each Pokémon
|rule|Item Clause: Limit 1 of each item
|clearpoke
|poke|p1|Excadrill, L50, F|
|poke|p1|Tyranitar, L50, M|
|poke|p1|Dragonite, L50, F|
|poke|p1|Indeedee-F, L50, F|
|poke|p1|Gholdengo, L50|
|poke|p1|Sneasler, L50, F|
|poke|p2|Baxcalibur, L50, F|
|poke|p2|Annihilape, L50, M|
|poke|p2|Gholdengo, L50|
|poke|p2|Rillaboom, L50, F|
|poke|p2|Incineroar, L50, F|
|poke|p2|Electabuzz, L50, M|
|teampreview|4
|showteam|p1|Excadrill||FocusSash|SandRush|Earthquake,HighHorsepower,IronHead,Protect|||F|||50|,,,,,Stellar]Tyranitar||AssaultVest|SandStream|KnockOff,RockSlide,LowKick,TeraBlast|||M|||50|,,,,,Flying]Dragonite||LoadedDice|Multiscale|ScaleShot,Tailwind,Haze,Protect|||F|||50|,,,,,Fairy]Indeedee-F||PsychicSeed|PsychicSurge|Psychic,Imprison,TrickRoom,Protect|||F|||50|,,,,,Psychic]Gholdengo||LifeOrb|GoodasGold|MakeItRain,ShadowBall,NastyPlot,Protect||||||50|,,,,,Water]Sneasler||WhiteHerb|Unburden|DireClaw,CloseCombat,Coaching,FakeOut|||F|||50|,,,,,Flying
|showteam|p2|Baxcalibur||LoadedDice|ThermalExchange|IcicleSpear,ScaleShot,HighHorsepower,Protect|||F|||50|,,,,,Ghost]Annihilape||FocusSash|Defiant|RageFist,CloseCombat,Coaching,Protect|||M|||50|,,,,,Stellar]Gholdengo||GrassySeed|GoodasGold|MakeItRain,ShadowBall,NastyPlot,Protect||||||50|,,,,,Water]Rillaboom||AssaultVest|GrassySurge|FakeOut,GrassyGlide,WoodHammer,HighHorsepower|||F|||50|,,,,,Fire]Incineroar||SafetyGoggles|Intimidate|FakeOut,FlareBlitz,KnockOff,PartingShot|||F|||50|,,,,,Ghost]Electabuzz||Eviolite|VitalSpirit|Electroweb,FollowMe,Taunt,Protect|||M|||50|,,,,,Fairy
|
|t:|1756416682
|teamsize|p1|4
|teamsize|p2|4
|start
|switch|p1a: Excadrill|Excadrill, L50, F|100/100
|switch|p1b: Tyranitar|Tyranitar, L50, M, shiny|100/100
|switch|p2a: Baxcalibur|Baxcalibur, L50, F, shiny|100/100
|switch|p2b: Rillaboom|Rillaboom, L50, F|100/100
|-fieldstart|move: Grassy Terrain|[from] ability: Grassy Surge|[of] p2b: Rillaboom
|-weather|Sandstorm|[from] ability: Sand Stream|[of] p1b: Tyranitar
|turn|1
|
|t:|1756416711
|switch|p2b: Incineroar|Incineroar, L50, F|100/100
|-ability|p2b: Incineroar|Intimidate|boost
|-unboost|p1a: Excadrill|atk|1
|-unboost|p1b: Tyranitar|atk|1
|switch|p1b: Indeedee|Indeedee-F, L50, F|100/100
|-fieldstart|move: Psychic Terrain|[from] ability: Psychic Surge|[of] p1b: Indeedee
|-enditem|p1b: Indeedee|Psychic Seed
|-boost|p1b: Indeedee|spd|1|[from] item: Psychic Seed
|-terastallize|p2a: Baxcalibur|Ghost
|move|p1a: Excadrill|High Horsepower|p2a: Baxcalibur
|-damage|p2a: Baxcalibur|67/100
|move|p2a: Baxcalibur|Icicle Spear|p1b: Indeedee
|-damage|p1b: Indeedee|85/100
|-crit|p1b: Indeedee
|-damage|p1b: Indeedee|64/100
|-damage|p1b: Indeedee|49/100
|-crit|p1b: Indeedee
|-damage|p1b: Indeedee|26/100
|-hitcount|p1b: Indeedee|4
|
|-weather|Sandstorm|[upkeep]
|-damage|p2a: Baxcalibur|61/100|[from] Sandstorm
|-damage|p1b: Indeedee|20/100|[from] Sandstorm
|upkeep
|turn|2
|
|t:|1756416751
|switch|p2b: Rillaboom|Rillaboom, L50, F|100/100
|-fieldstart|move: Grassy Terrain|[from] ability: Grassy Surge|[of] p2b: Rillaboom
|-terastallize|p1a: Excadrill|Stellar
|move|p2a: Baxcalibur|Protect|p2a: Baxcalibur
|-singleturn|p2a: Baxcalibur|Protect
|move|p1b: Indeedee|Protect|p1b: Indeedee
|-singleturn|p1b: Indeedee|Protect
|move|p1a: Excadrill|Earthquake|p2a: Baxcalibur|[spread] p2b
|-activate|p1b: Indeedee|move: Protect
|-activate|p2a: Baxcalibur|move: Protect
|-resisted|p2b: Rillaboom
|-damage|p2b: Rillaboom|91/100
|
|-weather|Sandstorm|[upkeep]
|-damage|p2a: Baxcalibur|55/100|[from] Sandstorm
|-damage|p2b: Rillaboom|85/100|[from] Sandstorm
|-damage|p1b: Indeedee|13/100|[from] Sandstorm
|-heal|p2a: Baxcalibur|61/100|[from] Grassy Terrain
|-heal|p2b: Rillaboom|91/100|[from] Grassy Terrain
|-heal|p1b: Indeedee|20/100|[from] Grassy Terrain
|upkeep
|turn|3
|
|t:|1756416775
|switch|p1a: Gholdengo|Gholdengo, L50|100/100
|switch|p1b: Tyranitar|Tyranitar, L50, M, shiny|100/100
|move|p2b: Rillaboom|Grassy Glide|p1a: Gholdengo
|-resisted|p1a: Gholdengo
|-damage|p1a: Gholdengo|83/100
|move|p2a: Baxcalibur|Icicle Spear|p1a: Gholdengo
|-resisted|p1a: Gholdengo
|-damage|p1a: Gholdengo|75/100
|-resisted|p1a: Gholdengo
|-damage|p1a: Gholdengo|67/100
|-resisted|p1a: Gholdengo
|-damage|p1a: Gholdengo|59/100
|-resisted|p1a: Gholdengo
|-damage|p1a: Gholdengo|52/100
|-resisted|p1a: Gholdengo
|-crit|p1a: Gholdengo
|-damage|p1a: Gholdengo|41/100
|-hitcount|p1a: Gholdengo|5
|
|-weather|Sandstorm|[upkeep]
|-damage|p2a: Baxcalibur|55/100|[from] Sandstorm
|-damage|p2b: Rillaboom|85/100|[from] Sandstorm
|-heal|p1a: Gholdengo|47/100|[from] Grassy Terrain
|-heal|p2a: Baxcalibur|61/100|[from] Grassy Terrain
|-heal|p2b: Rillaboom|91/100|[from] Grassy Terrain
|upkeep
|turn|4
|
|t:|1756416808
|move|p1a: Gholdengo|Nasty Plot|p1a: Gholdengo
|-boost|p1a: Gholdengo|spa|2
|move|p2a: Baxcalibur|Icicle Spear|p1b: Tyranitar
|-damage|p1b: Tyranitar|88/100
|-crit|p1b: Tyranitar
|-damage|p1b: Tyranitar|69/100
|-damage|p1b: Tyranitar|56/100
|-damage|p1b: Tyranitar|43/100
|-hitcount|p1b: Tyranitar|4
|move|p2b: Rillaboom|High Horsepower|p1a: Gholdengo
|-supereffective|p1a: Gholdengo
|-damage|p1a: Gholdengo|0 fnt
|faint|p1a: Gholdengo
|move|p1b: Tyranitar|Knock Off|p2a: Baxcalibur
|-supereffective|p2a: Baxcalibur
|-damage|p2a: Baxcalibur|0 fnt
|-enditem|p2a: Baxcalibur|Loaded Dice|[from] move: Knock Off|[of] p1b: Tyranitar
|faint|p2a: Baxcalibur
|
|-weather|Sandstorm|[upkeep]
|-damage|p2b: Rillaboom|85/100|[from] Sandstorm
|-heal|p2b: Rillaboom|91/100|[from] Grassy Terrain
|-heal|p1b: Tyranitar|49/100|[from] Grassy Terrain
|upkeep
|
|t:|1756416829
|switch|p1a: Indeedee|Indeedee-F, L50, F|20/100
|switch|p2a: Incineroar|Incineroar, L50, F|100/100
|-fieldstart|move: Psychic Terrain|[from] ability: Psychic Surge|[of] p1a: Indeedee
|-ability|p2a: Incineroar|Intimidate|boost
|-unboost|p1a: Indeedee|atk|1
|-unboost|p1b: Tyranitar|atk|1
|turn|5
|
|t:|1756416864
|move|p1a: Indeedee|Protect|p1a: Indeedee
|-singleturn|p1a: Indeedee|Protect
|move|p2b: Rillaboom|Wood Hammer|p1b: Tyranitar
|-supereffective|p1b: Tyranitar
|-damage|p1b: Tyranitar|0 fnt
|faint|p1b: Tyranitar
|-damage|p2b: Rillaboom|75/100|[from] Recoil
|move|p2a: Incineroar|Knock Off|p1a: Indeedee
|-activate|p1a: Indeedee|move: Protect
|
|-weather|none
|upkeep
|-message|mario16172005 forfeited.
|
|win|Zaiistired
|l|☆mario16172005
|player|p1|
||mario16172005 is ready for game 2.
||Zaiistired is ready for game 2.
|uhtml|next|Next: Game 2 of 3
