|j|☆lolgz
|j|☆efwefwefwefweifier
|html|lolgzefwefwefwefweifier    
|uhtml|bestof|Game 2 of a best-of-3
|t:|1784882475
|gametype|doubles
|player|p1|lolgz|dawn|1341
|player|p2|efwefwefwefweifier|clown|1307
|gen|9
|tier|[Gen 9 Champions] VGC 2026 Reg M-B (Bo3)
|rated|
|rule|Species Clause: Limit one of each Pokémon
|rule|Item Clause: Limit 1 of each item
|clearpoke
|poke|p1|Blastoise, L50, M|
|poke|p1|Vivillon, L50, M|
|poke|p1|Farigiraf, L50, F|
|poke|p1|Gallade, L50, M|
|poke|p1|Kingambit, L50, F|
|poke|p1|Camerupt, L50, M|
|poke|p2|Delphox, L50, M|
|poke|p2|Sinistcha, L50|
|poke|p2|Incineroar, L50, F, shiny|
|poke|p2|Sneasler, L50, F|
|poke|p2|Hydreigon, L50, M|
|poke|p2|Floette-Eternal, L50, F|
|teampreview|4
|showteam|p1|Blastoise||Blastoisinite|Torrent|WaterSpout,DarkPulse,FakeOut,ShellSmash|Modest||M|||50|]Vivillon||ChoiceScarf|CompoundEyes|SleepPowder,RagePowder,Tailwind,Hurricane|Timid||M|||50|]Farigiraf||SitrusBerry|ArmorTail|TrickRoom,Psychic,HelpingHand,Protect|Relaxed||F|||50|]Gallade||IronBall|Sharpness|SacredSword,PsychoCut,LeafBlade,TrickRoom|Brave||M|||50|]Kingambit||LifeOrb|Defiant|SuckerPunch,KowtowCleave,IronHead,Protect|Brave||F|||50|]Camerupt||Cameruptite|MagmaArmor|HeatWave,EarthPower,AncientPower,Protect|Quiet||M|||50|
|showteam|p2|Delphox||Delphoxite|Blaze|HeatWave,Psyshock,NastyPlot,Protect|Timid||M|||50|]Sinistcha||KasibBerry|Hospitality|MatchaGotcha,RagePowder,TrickRoom,LifeDew|Calm|||||50|]Incineroar||SitrusBerry|Intimidate|FlareBlitz,DarkestLariat,FakeOut,PartingShot|Careful||F|||50|]Sneasler||FocusSash|PoisonTouch|CloseCombat,PoisonJab,FakeOut,QuickGuard|Jolly||F|||50|]Hydreigon||ChoiceScarf|Levitate|DracoMeteor,DarkPulse,Snarl,EarthPower|Modest||M|||50|]Floette-Eternal||Floettite|FlowerVeil|DazzlingGleam,DrainingKiss,CalmMind,Protect|Modest||F|||50|
|inactive|Battle timer is ON: inactive players will automatically lose when time's up. (requested by efwefwefwefweifier)
|inactive|lolgz also wants the timer to be on.
|inactive|efwefwefwefweifier has 60 seconds left.
|
|t:|1784882513
|teamsize|p1|4
|teamsize|p2|4
|start
|switch|p1a: Vivillon|Vivillon, L50, M|100/100
|switch|p1b: Blastoise|Blastoise, L50, M|100/100
|switch|p2a: Poison Foison|Sneasler, L50, F|100/100
|switch|p2b: Bartholomews|Hydreigon, L50, M|100/100
|turn|1
|
|t:|1784882531
|switch|p1b: Farigiraf|Farigiraf, L50, F|100/100
|move|p2a: Poison Foison|Fake Out||[still]
|cant|p1b: Farigiraf|ability: Armor Tail|Fake Out|[of] p2a: Poison Foison
|move|p1a: Vivillon|Sleep Powder|p2b: Bartholomews
|-status|p2b: Bartholomews|slp|[from] move: Sleep Powder
|cant|p2b: Bartholomews|slp
|
|upkeep
|turn|2
|
|t:|1784882540
|switch|p1a: Gallade|Gallade, L50, M|100/100
|switch|p2a: Spinny Sinny|Sinistcha, L50|100/100
|cant|p2b: Bartholomews|slp
|move|p1b: Farigiraf|Trick Room|p1b: Farigiraf
|-fieldstart|move: Trick Room|[of] p1b: Farigiraf
|
|upkeep
|turn|3
|
|t:|1784882553
|move|p2a: Spinny Sinny|Rage Powder|p2a: Spinny Sinny
|-singleturn|p2a: Spinny Sinny|move: Rage Powder
|move|p1a: Gallade|Psycho Cut|p2a: Spinny Sinny
|-damage|p2a: Spinny Sinny|45/100
|move|p1b: Farigiraf|Psychic|p2a: Spinny Sinny
|-damage|p2a: Spinny Sinny|16/100
|-curestatus|p2b: Bartholomews|slp|[msg]
|move|p2b: Bartholomews|Snarl|p1a: Gallade|[spread] p1a,p1b
|-supereffective|p1b: Farigiraf|1
|-damage|p1a: Gallade|78/100
|-damage|p1b: Farigiraf|57/100
|-unboost|p1a: Gallade|spa|1
|-unboost|p1b: Farigiraf|spa|1
|
|upkeep
|turn|4
|
|t:|1784882577
|move|p1b: Farigiraf|Protect|p1b: Farigiraf
|-singleturn|p1b: Farigiraf|Protect
|move|p2a: Spinny Sinny|Rage Powder|p2a: Spinny Sinny
|-singleturn|p2a: Spinny Sinny|move: Rage Powder
|move|p1a: Gallade|Psycho Cut|p2a: Spinny Sinny
|-damage|p2a: Spinny Sinny|0 fnt
|faint|p2a: Spinny Sinny
|move|p2b: Bartholomews|Snarl|p1b: Farigiraf|[spread] p1a
|-activate|p1b: Farigiraf|move: Protect
|-damage|p1a: Gallade|58/100
|-unboost|p1a: Gallade|spa|1
|
|upkeep
|
|t:|1784882590
|switch|p2a: Macho Nacho|Floette-Eternal, L50, F|100/100
|turn|5
|
|t:|1784882607
|detailschange|p2a: Macho Nacho|Floette-Mega, L50, F
|-mega|p2a: Macho Nacho|Floette|Floettite
|-ability|p2a: Macho Nacho|Fairy Aura
|move|p1b: Farigiraf|Helping Hand|p1a: Gallade
|-singleturn|p1a: Gallade|Helping Hand|[of] p1b: Farigiraf
|move|p2a: Macho Nacho|Protect|p2a: Macho Nacho
|-singleturn|p2a: Macho Nacho|Protect
|move|p1a: Gallade|Psycho Cut|p2a: Macho Nacho
|-activate|p2a: Macho Nacho|move: Protect
|move|p2b: Bartholomews|Snarl|p1a: Gallade|[spread] p1a,p1b
|-supereffective|p1b: Farigiraf|1
|-damage|p1a: Gallade|37/100
|-damage|p1b: Farigiraf|17/100
|-unboost|p1a: Gallade|spa|1
|-unboost|p1b: Farigiraf|spa|1
|-enditem|p1b: Farigiraf|Sitrus Berry|[eat]
|-heal|p1b: Farigiraf|41/100|[from] item: Sitrus Berry
|
|upkeep
|turn|6
|inactive|efwefwefwefweifier has 30 seconds left.
|inactive|efwefwefwefweifier has 20 seconds left.
|inactive|efwefwefwefweifier has 15 seconds left.
|inactive|efwefwefwefweifier has 10 seconds left.
|inactive|efwefwefwefweifier has 5 seconds left.
|
|t:|1784882661
|switch|p1b: Blastoise|Blastoise, L50, M|100/100
|move|p1a: Gallade|Sacred Sword|p2b: Bartholomews
|-supereffective|p2b: Bartholomews|1
|-damage|p2b: Bartholomews|0 fnt
|faint|p2b: Bartholomews
|move|p2a: Macho Nacho|Dazzling Gleam|p1a: Gallade|[spread] p1a,p1b
|-supereffective|p1a: Gallade|1
|-damage|p1a: Gallade|0 fnt
|-damage|p1b: Blastoise|49/100
|faint|p1a: Gallade
|
|-fieldend|move: Trick Room
|upkeep
|
|t:|1784882673
|switch|p2b: Poison Foison|Sneasler, L50, F|100/100
|switch|p1a: Vivillon|Vivillon, L50, M|100/100
|turn|7
|inactive|efwefwefwefweifier has 30 seconds left.
|
|t:|1784882700
|detailschange|p1b: Blastoise|Blastoise-Mega, L50, M
|-mega|p1b: Blastoise|Blastoise|Blastoisinite
|move|p1b: Blastoise|Fake Out|p2a: Macho Nacho
|-damage|p2a: Macho Nacho|89/100
|move|p1a: Vivillon|Sleep Powder|p2b: Poison Foison
|-status|p2b: Poison Foison|slp|[from] move: Sleep Powder
|cant|p2b: Poison Foison|slp
|cant|p2a: Macho Nacho|flinch
|
|upkeep
|turn|8
|
|t:|1784882712
|move|p1a: Vivillon|Sleep Powder|p2a: Macho Nacho
|-status|p2a: Macho Nacho|slp|[from] move: Sleep Powder
|cant|p2b: Poison Foison|slp
|cant|p2a: Macho Nacho|slp
|move|p1b: Blastoise|Shell Smash|p1b: Blastoise
|-unboost|p1b: Blastoise|def|1
|-unboost|p1b: Blastoise|spd|1
|-boost|p1b: Blastoise|atk|2
|-boost|p1b: Blastoise|spa|2
|-boost|p1b: Blastoise|spe|2
|
|upkeep
|turn|9
|
|t:|1784882736
|switch|p1a: Farigiraf|Farigiraf, L50, F|41/100
|cant|p2a: Macho Nacho|slp
|move|p1b: Blastoise|Water Spout|p2b: Poison Foison|[spread] p2a,p2b
|-crit|p2b: Poison Foison
|-damage|p2a: Macho Nacho|38/100 slp
|-enditem|p2b: Poison Foison|Focus Sash
|-damage|p2b: Poison Foison|1/100 slp
|-curestatus|p2b: Poison Foison|slp|[msg]
|move|p2b: Poison Foison|Close Combat|p1b: Blastoise
|-damage|p1b: Blastoise|0 fnt
|-unboost|p2b: Poison Foison|def|1
|-unboost|p2b: Poison Foison|spd|1
|faint|p1b: Blastoise
|
|upkeep
|
|t:|1784882743
|switch|p1b: Vivillon|Vivillon, L50, M|100/100
|turn|10
|inactive|efwefwefwefweifier has 30 seconds left.
|
|t:|1784882774
|move|p1a: Farigiraf|Helping Hand|p1b: Vivillon
|-singleturn|p1b: Vivillon|Helping Hand|[of] p1a: Farigiraf
|-curestatus|p2a: Macho Nacho|slp|[msg]
|move|p2a: Macho Nacho|Protect|p2a: Macho Nacho
|-singleturn|p2a: Macho Nacho|Protect
|move|p1b: Vivillon|Hurricane|p2a: Macho Nacho
|-activate|p2a: Macho Nacho|move: Protect
|move|p2b: Poison Foison|Close Combat|p1a: Farigiraf
|-damage|p1a: Farigiraf|0 fnt
|-unboost|p2b: Poison Foison|def|1
|-unboost|p2b: Poison Foison|spd|1
|faint|p1a: Farigiraf
|
|upkeep
|turn|11
|
|t:|1784882785
|move|p1b: Vivillon|Hurricane|p2a: Macho Nacho
|-damage|p2a: Macho Nacho|1/100
|-start|p2a: Macho Nacho|confusion
|move|p2b: Poison Foison|Poison Jab|p1b: Vivillon
|-damage|p1b: Vivillon|12/100
|-activate|p2a: Macho Nacho|confusion
|move|p2a: Macho Nacho|Draining Kiss|p1b: Vivillon
|-damage|p1b: Vivillon|0 fnt
|-heal|p2a: Macho Nacho|10/100|[from] drain|[of] p1b: Vivillon
|faint|p1b: Vivillon
|
|win|efwefwefwefweifier
