|j|☆luckycricket0326
|j|☆ttsui234
|html|luckycricket0326ttsui234    
|uhtml|bestof|Game 3 of a best-of-3
|t:|1786117424
|gametype|doubles
|player|p1|luckycricket0326|169|
|player|p2|ttsui234|265|
|gen|9
|tier|[Gen 9 Champions] VGC 2026 Reg M-B (Bo3)
|rule|Species Clause: Limit one of each Pokémon
|rule|Item Clause: Limit 1 of each item
|clearpoke
|poke|p1|Raichu, L50, M|
|poke|p1|Sinistcha, L50|
|poke|p1|Incineroar, L50, M|
|poke|p1|Sylveon, L50, F|
|poke|p1|Hydreigon, L50, F, shiny|
|poke|p1|Metagross, L50|
|poke|p2|Raichu, L50, F|
|poke|p2|Staraptor, L50, F|
|poke|p2|Arcanine-Hisui, L50, M|
|poke|p2|Farigiraf, L50, M|
|poke|p2|Sylveon, L50, F|
|poke|p2|Kingambit, L50, M|
|teampreview|4
|showteam|p1|Raichu||RaichuniteY|LightningRod|FakeOut,ZapCannon,FocusBlast,Protect|Timid||M|||50|]Sinistcha||SitrusBerry|Hospitality|MatchaGotcha,RagePowder,TrickRoom,Protect|Bold|||||50|]Incineroar||ShucaBerry|Intimidate|FlareBlitz,DarkestLariat,PartingShot,FakeOut|Careful||M|||50|]Sylveon||LifeOrb|Pixilate|HyperVoice,HyperBeam,CalmMind,Protect|Modest||F|||50|]Hydreigon||ChoiceScarf|Levitate|DracoMeteor,DarkPulse,EarthPower,Snarl|Modest||F|||50|]Metagross||Metagrossite|ClearBody|HardPress,BodyPress,PsychicFangs,Protect|Adamant|||||50|
|showteam|p2|Raichu||RaichuniteY|LightningRod|ZapCannon,FocusBlast,FakeOut,Protect|Timid||F|||50|]Staraptor||Staraptite|Intimidate|CloseCombat,DualWingbeat,Tailwind,Protect|Jolly||F|||50|]Arcanine-Hisui||FocusSash|RockHead|FlareBlitz,HeadSmash,ExtremeSpeed,Protect|Jolly||M|||50|]Farigiraf||SitrusBerry|ArmorTail|Psychic,HelpingHand,TrickRoom,Protect|Calm||M|||50|]Sylveon||FairyFeather|Pixilate|HyperVoice,QuickAttack,HyperBeam,Detect|Modest||F|||50|]Kingambit||LifeOrb|Defiant|KowtowCleave,SuckerPunch,SwordsDance,Protect|Adamant||M|||50|
|j| Sjy3310
|j| HEDGEHOGMEOW
|l| HEDGEHOGMEOW
|j| HEDGEHOGMEOW
|inactive|Battle timer is ON: inactive players will automatically lose when time's up. (requested by luckycricket0326)
|inactive|ttsui234 has 60 seconds left.
|inactive|ttsui234 has 30 seconds left.
|inactive|ttsui234 has 20 seconds left.
|inactive|ttsui234 has 15 seconds left.
|inactive|ttsui234 has 10 seconds left.
|
|t:|1786117603
|teamsize|p1|4
|teamsize|p2|4
|start
|switch|p1a: Hydreigon|Hydreigon, L50, F, shiny|100/100
|switch|p1b: Raichu|Raichu, L50, M|100/100
|switch|p2a: Arcanine|Arcanine-Hisui, L50, M|100/100
|switch|p2b: Farigiraf|Farigiraf, L50, M|100/100
|turn|1
|inactive|ttsui234 has 30 seconds left.
|inactive|ttsui234 has 20 seconds left.
|inactive|ttsui234 has 15 seconds left.
|inactive|ttsui234 has 10 seconds left.
|
|t:|1786117652
|switch|p2b: Sylveon|Sylveon, L50, F|100/100
|detailschange|p1b: Raichu|Raichu-Mega-Y, L50, M
|-mega|p1b: Raichu|Raichu|Raichunite Y
|move|p2a: Arcanine|Protect|p2a: Arcanine
|-singleturn|p2a: Arcanine|Protect
|move|p1a: Hydreigon|Snarl|p2b: Sylveon|[spread] p2b
|-activate|p2a: Arcanine|move: Protect
|-resisted|p2b: Sylveon|1
|-damage|p2b: Sylveon|91/100
|-unboost|p2b: Sylveon|spa|1
|move|p1b: Raichu|Focus Blast|p2a: Arcanine
|-activate|p2a: Arcanine|move: Protect
|
|upkeep
|turn|2
|inactive|ttsui234 has 30 seconds left.
|
|t:|1786117679
|switch|p2a: Farigiraf|Farigiraf, L50, M|100/100
|move|p1a: Hydreigon|Snarl|p2b: Sylveon|[spread] p2a,p2b
|-supereffective|p2a: Farigiraf|1
|-resisted|p2b: Sylveon|1
|-damage|p2a: Farigiraf|61/100
|-damage|p2b: Sylveon|83/100
|-unboost|p2a: Farigiraf|spa|1
|-unboost|p2b: Sylveon|spa|1
|move|p1b: Raichu|Focus Blast|p2a: Farigiraf
|-damage|p2a: Farigiraf|29/100
|-enditem|p2a: Farigiraf|Sitrus Berry|[eat]
|-heal|p2a: Farigiraf|54/100|[from] item: Sitrus Berry
|move|p2b: Sylveon|Hyper Voice|p1b: Raichu|[spread] p1a,p1b
|-supereffective|p1a: Hydreigon|2
|-crit|p1b: Raichu
|-damage|p1a: Hydreigon|0 fnt
|-damage|p1b: Raichu|6/100
|faint|p1a: Hydreigon
|
|upkeep
|j| Onion2731
|inactive|luckycricket0326 has 30 seconds left.
|
|t:|1786117704
|switch|p1a: Sylveon|Sylveon, L50, F|100/100
|turn|3
|inactive|ttsui234 has 30 seconds left.
|inactive|ttsui234 has 20 seconds left.
|inactive|ttsui234 has 15 seconds left.
|
|t:|1786117745
|move|p1b: Raichu|Protect|p1b: Raichu
|-singleturn|p1b: Raichu|Protect
|move|p2b: Sylveon|Quick Attack|p1b: Raichu
|-activate|p1b: Raichu|move: Protect
|move|p1a: Sylveon|Calm Mind|p1a: Sylveon
|-boost|p1a: Sylveon|spa|1
|-boost|p1a: Sylveon|spd|1
|move|p2a: Farigiraf|Psychic|p1a: Sylveon
|-damage|p1a: Sylveon|89/100
|
|upkeep
|turn|4
|
|t:|1786117770
|switch|p1b: Sinistcha|Sinistcha, L50|100/100
|-heal|p1a: Sylveon|100/100|[from] ability: Hospitality|[of] p1b: Sinistcha
|move|p2a: Farigiraf|Helping Hand|p2b: Sylveon
|-singleturn|p2b: Sylveon|Helping Hand|[of] p2a: Farigiraf
|move|p1a: Sylveon|Calm Mind|p1a: Sylveon
|-boost|p1a: Sylveon|spa|1
|-boost|p1a: Sylveon|spd|1
|move|p2b: Sylveon|Hyper Beam|p1a: Sylveon
|-damage|p1a: Sylveon|71/100
|-mustrecharge|p2b: Sylveon
|
|upkeep
|turn|5
|
|t:|1786117785
|move|p1a: Sylveon|Hyper Voice|p2a: Farigiraf|[spread] p2a,p2b
|-damage|p2a: Farigiraf|0 fnt
|-damage|p2b: Sylveon|8/100
|faint|p2a: Farigiraf
|-damage|p1a: Sylveon|61/100|[from] item: Life Orb
|cant|p2b: Sylveon|recharge
|move|p1b: Sinistcha|Trick Room|p1b: Sinistcha
|-fieldstart|move: Trick Room|[of] p1b: Sinistcha
|
|upkeep
|
|t:|1786117796
|switch|p2a: Arcanine|Arcanine-Hisui, L50, M|100/100
|turn|6
|
|t:|1786117820
|move|p2b: Sylveon|Hyper Voice|p1a: Sylveon|[spread] p1a,p1b
|-damage|p1a: Sylveon|53/100
|-damage|p1b: Sinistcha|78/100
|move|p1b: Sinistcha|Matcha Gotcha|p2b: Sylveon|[spread] p2a,p2b
|-damage|p2a: Arcanine|68/100
|-heal|p1b: Sinistcha|93/100|[from] drain|[of] p2a: Arcanine
|-damage|p2b: Sylveon|0 fnt
|-heal|p1b: Sinistcha|97/100|[from] drain|[of] p2b: Sylveon
|faint|p2b: Sylveon
|move|p1a: Sylveon|Hyper Voice|p2a: Arcanine
|-resisted|p2a: Arcanine|1
|-damage|p2a: Arcanine|0 fnt
|faint|p2a: Arcanine
|-damage|p1a: Sylveon|43/100|[from] item: Life Orb
|
|upkeep
|-message|ttsui234 forfeited.
|
|win|luckycricket0326
|l|☆luckycricket0326
|player|p1|
|l| HEDGEHOGMEOW
|l| Onion2731
