|j|☆engoleseco
|j|☆Tovurnak
|html|engolesecoTovurnak    
|uhtml|bestof|Game 1 of a best-of-3
|t:|1756424590
|gametype|doubles
|player|p1|engoleseco|2|1028
|player|p2|Tovurnak|265|1052
|gen|9
|tier|[Gen 9] VGC 2025 Reg H (Bo3)
|rated|
|rule|Species Clause: Limit one of each Pokémon
|rule|Item Clause: Limit 1 of each item
|clearpoke
|poke|p1|Armarouge, L50, M|
|poke|p1|Gengar, L50, F|
|poke|p1|Ursaluna, L50, F|
|poke|p1|Indeedee-F, L50, F|
|poke|p1|Torkoal, L50, M|
|poke|p1|Gallade, L50, M|
|poke|p2|Sneasler, L50, M|
|poke|p2|Dragapult, L50, F|
|poke|p2|Primarina, L50, F|
|poke|p2|Rillaboom, L50, F|
|poke|p2|Kingambit, L50, M|
|poke|p2|Magmar, L50, F|
|teampreview|4
|showteam|p1|Armarouge||PsychicSeed|FlashFire|EnergyBall,TrickRoom,ExpandingForce,HeatWave|||M|||50|,,,,,Grass]Gengar||FocusSash|CursedBody|Taunt,ShadowBall,DarkPulse,SludgeBomb|||F|||50|,,,,,Dark]Ursaluna||FlameOrb|Guts|Facade,Protect,HeadlongRush,Earthquake|||F|||50|,,,,,Ghost]Indeedee-F||RockyHelmet|PsychicSurge|FollowMe,TrickRoom,Psychic,HelpingHand|||F|||50|,,,,,Grass]Torkoal||Charcoal|Drought|Eruption,WeatherBall,EarthPower,HeatWave|||M|||50|,,,,,Fire]Gallade||ClearAmulet|Steadfast|SacredSword,WideGuard,PsychoCut,TrickRoom|||M|||50|,,,,,Grass
|showteam|p2|Sneasler||FocusSash|PoisonTouch|CloseCombat,DireClaw,FakeOut,Protect|||M|||50|,,,,,Stellar]Dragapult||ChoiceBand|ClearBody|DragonDarts,TeraBlast,PhantomForce,Uturn|||F|||50|,,,,,Ghost]Primarina||SitrusBerry|LiquidVoice|HyperVoice,Moonblast,Haze,Protect|||F|||50|,,,,,Water]Rillaboom||AssaultVest|GrassySurge|WoodHammer,GrassyGlide,HighHorsepower,FakeOut|||F|||50|,,,,,Fire]Kingambit||BlackGlasses|Defiant|KowtowCleave,SuckerPunch,SwordsDance,Protect|||M|||50|,,,,,Ghost]Magmar||Eviolite|VitalSpirit|Overheat,WillOWisp,FollowMe,Protect|||F|||50|,,,,,Ghost
|inactive|Battle timer is ON: inactive players will automatically lose when time's up. (requested by engoleseco)
|inactive|Tovurnak has 60 seconds left.
|inactive|Tovurnak has 30 seconds left.
|inactive|Tovurnak has 20 seconds left.
|inactive|Tovurnak has 15 seconds left.
|inactive|Tovurnak has 10 seconds left.
|inactive|Tovurnak has 5 seconds left.
|
|t:|1756424677
|teamsize|p1|4
|teamsize|p2|4
|start
|switch|p1a: Indeedee|Indeedee-F, L50, F|100/100
|switch|p1b: Armarouge|Armarouge, L50, M|100/100
|switch|p2a: Sneasler|Sneasler, L50, M|100/100
|switch|p2b: Kingambit|Kingambit, L50, M|100/100
|-fieldstart|move: Psychic Terrain|[from] ability: Psychic Surge|[of] p1a: Indeedee
|-enditem|p1b: Armarouge|Psychic Seed
|-boost|p1b: Armarouge|spd|1|[from] item: Psychic Seed
|turn|1
|inactive|engoleseco has 30 seconds left.
|inactive|Tovurnak has 30 seconds left.
|inactive|engoleseco has 20 seconds left.
|inactive|Tovurnak has 20 seconds left.
|inactive|engoleseco has 15 seconds left.
|inactive|Tovurnak has 15 seconds left.
|inactive|engoleseco has 10 seconds left.
|inactive|Tovurnak has 10 seconds left.
|inactive|engoleseco has 5 seconds left.
|
|t:|1756424732
|switch|p2a: Rillaboom|Rillaboom, L50, F|100/100
|-fieldstart|move: Grassy Terrain|[from] ability: Grassy Surge|[of] p2a: Rillaboom
|move|p1a: Indeedee|Follow Me|p1a: Indeedee
|-singleturn|p1a: Indeedee|move: Follow Me
|move|p1b: Armarouge|Energy Ball|p2a: Rillaboom
|-resisted|p2a: Rillaboom
|-damage|p2a: Rillaboom|84/100
|-unboost|p2a: Rillaboom|spd|1
|move|p2b: Kingambit|Kowtow Cleave|p1a: Indeedee
|-supereffective|p1a: Indeedee
|-damage|p1a: Indeedee|0 fnt
|-damage|p2b: Kingambit|84/100|[from] item: Rocky Helmet|[of] p1a: Indeedee
|faint|p1a: Indeedee
|
|-heal|p2a: Rillaboom|90/100|[from] Grassy Terrain
|-heal|p2b: Kingambit|90/100|[from] Grassy Terrain
|upkeep
|inactive|engoleseco has 30 seconds left.
|inactive|engoleseco has 20 seconds left.
|inactive|engoleseco has 15 seconds left.
|inactive|engoleseco has 10 seconds left.
|inactive|engoleseco has 5 seconds left.
|
|t:|1756424787
|switch|p1a: Torkoal|Torkoal, L50, M|100/100
|-weather|SunnyDay|[from] ability: Drought|[of] p1a: Torkoal
|turn|2
|inactive|Tovurnak has 30 seconds left.
|inactive|Tovurnak has 20 seconds left.
|inactive|Tovurnak has 15 seconds left.
|
|t:|1756424831
|switch|p1a: Ursaluna|Ursaluna, L50, F|100/100
|-terastallize|p2b: Kingambit|Ghost
|move|p2b: Kingambit|Sucker Punch||[still]
|-fail|p2b: Kingambit
|move|p2a: Rillaboom|High Horsepower|p1a: Ursaluna
|-damage|p1a: Ursaluna|77/100
|move|p1b: Armarouge|Trick Room|p1b: Armarouge
|-fieldstart|move: Trick Room|[of] p1b: Armarouge
|
|-weather|SunnyDay|[upkeep]
|-heal|p1a: Ursaluna|83/100|[from] Grassy Terrain
|-heal|p2b: Kingambit|96/100|[from] Grassy Terrain
|-heal|p2a: Rillaboom|96/100|[from] Grassy Terrain
|-status|p1a: Ursaluna|brn|[from] item: Flame Orb
|upkeep
|turn|3
|inactive|engoleseco has 30 seconds left.
|
|t:|1756424864
|-terastallize|p1b: Armarouge|Grass
|move|p1a: Ursaluna|Protect|p1a: Ursaluna
|-singleturn|p1a: Ursaluna|Protect
|move|p2a: Rillaboom|Grassy Glide|p1a: Ursaluna
|-activate|p1a: Ursaluna|move: Protect
|move|p2b: Kingambit|Kowtow Cleave|p1b: Armarouge
|-damage|p1b: Armarouge|43/100
|move|p1b: Armarouge|Heat Wave|p2b: Kingambit|[spread] p2a,p2b
|-supereffective|p2a: Rillaboom
|-damage|p2a: Rillaboom|0 fnt
|-damage|p2b: Kingambit|48/100
|faint|p2a: Rillaboom
|
|-weather|SunnyDay|[upkeep]
|-heal|p1a: Ursaluna|89/100 brn|[from] Grassy Terrain
|-heal|p2b: Kingambit|54/100|[from] Grassy Terrain
|-heal|p1b: Armarouge|49/100|[from] Grassy Terrain
|-damage|p1a: Ursaluna|83/100 brn|[from] brn
|upkeep
|inactive|Tovurnak has 30 seconds left.
|
|t:|1756424890
|switch|p2a: Sneasler|Sneasler, L50, M|100/100
|turn|4
|inactive|engoleseco has 30 seconds left.
|inactive|engoleseco has 20 seconds left.
|inactive|engoleseco has 15 seconds left.
|inactive|engoleseco has 10 seconds left.
|
|t:|1756424938
|move|p2a: Sneasler|Fake Out|p1a: Ursaluna
|-damage|p1a: Ursaluna|72/100 brn
|cant|p1a: Ursaluna|flinch
|move|p2b: Kingambit|Kowtow Cleave|p1b: Armarouge
|-damage|p1b: Armarouge|0 fnt
|faint|p1b: Armarouge
|
|-weather|SunnyDay|[upkeep]
|-heal|p1a: Ursaluna|78/100 brn|[from] Grassy Terrain
|-heal|p2b: Kingambit|60/100|[from] Grassy Terrain
|-damage|p1a: Ursaluna|72/100 brn|[from] brn
|upkeep
|
|t:|1756424941
|switch|p1b: Torkoal|Torkoal, L50, M|100/100
|turn|5
|inactive|Tovurnak has 30 seconds left.
|inactive|Tovurnak has 20 seconds left.
|
|t:|1756424976
|switch|p2a: Magmar|Magmar, L50, F|100/100
|move|p2b: Kingambit|Sucker Punch|p1b: Torkoal
|-damage|p1b: Torkoal|67/100
|move|p1b: Torkoal|Eruption|p2b: Kingambit|[spread] p2a,p2b
|-resisted|p2a: Magmar
|-damage|p2a: Magmar|77/100
|-damage|p2b: Kingambit|13/100
|move|p1a: Ursaluna|Headlong Rush|p2a: Magmar
|-supereffective|p2a: Magmar
|-damage|p2a: Magmar|0 fnt
|-unboost|p1a: Ursaluna|def|1
|-unboost|p1a: Ursaluna|spd|1
|faint|p2a: Magmar
|
|-weather|SunnyDay|[upkeep]
|-heal|p1b: Torkoal|73/100|[from] Grassy Terrain
|-heal|p1a: Ursaluna|78/100 brn|[from] Grassy Terrain
|-heal|p2b: Kingambit|19/100|[from] Grassy Terrain
|-damage|p1a: Ursaluna|72/100 brn|[from] brn
|-fieldend|move: Grassy Terrain
|upkeep
|
|t:|1756424988
|switch|p2a: Sneasler|Sneasler, L50, M|100/100
|turn|6
|
|t:|1756424993
|move|p2b: Kingambit|Protect|p2b: Kingambit
|-singleturn|p2b: Kingambit|Protect
|move|p2a: Sneasler|Protect|p2a: Sneasler
|-singleturn|p2a: Sneasler|Protect
|move|p1b: Torkoal|Eruption|p2a: Sneasler|[spread] 
|-activate|p2a: Sneasler|move: Protect
|-activate|p2b: Kingambit|move: Protect
|move|p1a: Ursaluna|Headlong Rush|p2a: Sneasler
|-activate|p2a: Sneasler|move: Protect
|
|-weather|none
|-damage|p1a: Ursaluna|66/100 brn|[from] brn
|-fieldend|move: Trick Room
|upkeep
|turn|7
|
|t:|1756425013
|move|p1a: Ursaluna|Protect|p1a: Ursaluna
|-singleturn|p1a: Ursaluna|Protect
|move|p2a: Sneasler|Close Combat|p1a: Ursaluna
|-activate|p1a: Ursaluna|move: Protect
|move|p2b: Kingambit|Kowtow Cleave|p1b: Torkoal
|-damage|p1b: Torkoal|29/100
|move|p1b: Torkoal|Weather Ball|p2b: Kingambit
|-immune|p2b: Kingambit
|
|-damage|p1a: Ursaluna|60/100 brn|[from] brn
|upkeep
|turn|8
|
|t:|1756425028
|move|p2a: Sneasler|Close Combat|p1a: Ursaluna
|-supereffective|p1a: Ursaluna
|-damage|p1a: Ursaluna|0 fnt
|-unboost|p2a: Sneasler|def|1
|-unboost|p2a: Sneasler|spd|1
|faint|p1a: Ursaluna
|move|p2b: Kingambit|Kowtow Cleave|p1b: Torkoal
|-damage|p1b: Torkoal|0 fnt
|faint|p1b: Torkoal
|
|win|Tovurnak
||engoleseco is ready for game 2.
||Tovurnak is ready for game 2.
|uhtml|next|Next: Game 2 of 3
|l|☆Tovurnak
|player|p2|
