|j|☆Olciax34
|j|☆dragonite0618
|html|Olciax34dragonite0618    
|uhtml|bestof|Game 2 of a best-of-3
|t:|1782342079
|gametype|doubles
|player|p1|Olciax34|clair|1194
|player|p2|dragonite0618|pokemonranger-gen4|1105
|gen|9
|tier|[Gen 9 Champions] VGC 2026 Reg M-B (Bo3)
|rated|
|rule|Species Clause: Limit one of each Pokémon
|rule|Item Clause: Limit 1 of each item
|clearpoke
|poke|p1|Charizard, L50, F|
|poke|p1|Whimsicott, L50, F|
|poke|p1|Garchomp, L50, F|
|poke|p1|Gholdengo, L50|
|poke|p1|Kangaskhan, L50, F|
|poke|p1|Incineroar, L50, M|
|poke|p2|Mawile, L50, F|
|poke|p2|Farigiraf, L50, M|
|poke|p2|Torkoal, L50, M|
|poke|p2|Rotom-Wash, L50|
|poke|p2|Kangaskhan, L50, F|
|poke|p2|Golurk, L50|
|teampreview|4
|showteam|p1|Charizard||CharizarditeY|SolarPower|HeatWave,WeatherBall,SolarBeam,Protect|Modest||F|||50|]Whimsicott||FocusSash|Prankster|Moonblast,Tailwind,Encore,Protect|Timid||F|||50|]Garchomp||LifeOrb|RoughSkin|Earthquake,DragonClaw,RockSlide,Protect|Jolly||F|||50|]Gholdengo||SpellTag|GoodasGold|MakeItRain,ShadowBall,NastyPlot,Protect|Modest|||||50|]Kangaskhan||Kangaskhanite|Scrappy|DoubleEdge,IcePunch,LowKick,FakeOut|Adamant||F|||50|]Incineroar||SitrusBerry|Intimidate|FakeOut,ThroatChop,FlareBlitz,PartingShot|Careful||M|||50|
|showteam|p2|Mawile||Mawilite|Intimidate|Protect,IronHead,PlayRough,SuckerPunch|Brave||F|||50|]Farigiraf||SitrusBerry|ArmorTail|Protect,TrickRoom,Psychic,HelpingHand|Relaxed||M|||50|]Torkoal||LifeOrb|Drought|Protect,HeatWave,SolarBeam,EarthPower|Quiet||M|||50|]Rotom-Wash||Leftovers|Levitate|Protect,WillOWisp,Thunderbolt,HydroPump|Modest|||||50|]Kangaskhan||SilkScarf|Scrappy|FakeOut,LastResort|Brave||F|||50|]Golurk||Golurkite|IronFist|Protect,HeadlongRush,RockSlide,Poltergeist|Brave|||||50|
|inactive|Battle timer is ON: inactive players will automatically lose when time's up. (requested by Olciax34)
|
|t:|1782342115
|teamsize|p1|4
|teamsize|p2|4
|start
|switch|p1a: Charizard|Charizard, L50, F|100/100
|switch|p1b: Incineroar|Incineroar, L50, M|100/100
|switch|p2a: Farigiraf|Farigiraf, L50, M|100/100
|switch|p2b: Rotom|Rotom-Wash, L50|100/100
|-ability|p1b: Incineroar|Intimidate|boost
|-unboost|p2a: Farigiraf|atk|1
|-unboost|p2b: Rotom|atk|1
|turn|1
|inactive|Olciax34 has 30 seconds left.
|
|t:|1782342148
|detailschange|p1a: Charizard|Charizard-Mega-Y, L50, F
|-mega|p1a: Charizard|Charizard|Charizardite Y
|-weather|SunnyDay|[from] ability: Drought|[of] p1a: Charizard
|move|p1a: Charizard|Weather Ball|p2a: Farigiraf
|-damage|p2a: Farigiraf|6/100
|-enditem|p2a: Farigiraf|Sitrus Berry|[eat]
|-heal|p2a: Farigiraf|30/100|[from] item: Sitrus Berry
|move|p2b: Rotom|Thunderbolt|p1a: Charizard
|-supereffective|p1a: Charizard|1
|-damage|p1a: Charizard|22/100
|move|p1b: Incineroar|Throat Chop|p2a: Farigiraf
|-supereffective|p2a: Farigiraf|1
|-damage|p2a: Farigiraf|0 fnt
|faint|p2a: Farigiraf
|
|-weather|SunnyDay|[upkeep]
|upkeep
|
|t:|1782342165
|switch|p2a: Kangaskhan|Kangaskhan, L50, F|100/100
|turn|2
|inactive|dragonite0618 has 30 seconds left.
|
|t:|1782342192
|switch|p1b: Garchomp|Garchomp, L50, F|100/100
|move|p1a: Charizard|Protect|p1a: Charizard
|-singleturn|p1a: Charizard|Protect
|move|p2a: Kangaskhan|Fake Out|p1a: Charizard
|-activate|p1a: Charizard|move: Protect
|move|p2b: Rotom|Thunderbolt|p1b: Garchomp
|-immune|p1b: Garchomp
|
|-weather|SunnyDay|[upkeep]
|upkeep
|turn|3
|inactive|Olciax34 has 30 seconds left.
|
|t:|1782342218
|move|p1b: Garchomp|Dragon Claw|p2b: Rotom
|-damage|p2b: Rotom|39/100
|-damage|p1b: Garchomp|90/100|[from] item: Life Orb
|move|p1a: Charizard|Solar Beam||[still]
|-prepare|p1a: Charizard|Solar Beam
|-anim|p1a: Charizard|Solar Beam|p2b: Rotom
|-supereffective|p2b: Rotom|1
|-damage|p2b: Rotom|0 fnt
|faint|p2b: Rotom
|move|p2a: Kangaskhan|Last Resort|p1b: Garchomp
|-damage|p1b: Garchomp|15/100
|-damage|p2a: Kangaskhan|87/100|[from] ability: Rough Skin|[of] p1b: Garchomp
|
|-weather|SunnyDay|[upkeep]
|upkeep
|
|t:|1782342231
|switch|p2b: Golurk|Golurk, L50|100/100
|turn|4
|inactive|Olciax34 has 30 seconds left.
|
|t:|1782342259
|detailschange|p2b: Golurk|Golurk-Mega, L50
|-mega|p2b: Golurk|Golurk|Golurkite
|move|p1a: Charizard|Protect|p1a: Charizard
|-singleturn|p1a: Charizard|Protect
|move|p2b: Golurk|Protect|p2b: Golurk
|-singleturn|p2b: Golurk|Protect
|move|p1b: Garchomp|Dragon Claw|p2a: Kangaskhan
|-damage|p2a: Kangaskhan|38/100
|-damage|p1b: Garchomp|5/100|[from] item: Life Orb
|move|p2a: Kangaskhan|Last Resort|p1a: Charizard
|-activate|p1a: Charizard|move: Protect
|
|-weather|SunnyDay|[upkeep]
|upkeep
|turn|5
|
|t:|1782342284
|switch|p1a: Incineroar|Incineroar, L50, M|100/100
|-ability|p1a: Incineroar|Intimidate|boost
|-fail|p2a: Kangaskhan|unboost|Attack|[from] ability: Scrappy|[of] p2a: Kangaskhan
|-unboost|p2b: Golurk|atk|1
|move|p2b: Golurk|Protect||[still]
|-fail|p2b: Golurk
|move|p1b: Garchomp|Dragon Claw|p2a: Kangaskhan
|-damage|p2a: Kangaskhan|0 fnt
|faint|p2a: Kangaskhan
|-damage|p1b: Garchomp|0 fnt|[from] item: Life Orb
|faint|p1b: Garchomp
|
|-weather|none
|upkeep
|
|t:|1782342297
|switch|p1b: Charizard|Charizard-Mega-Y, L50, F|22/100
|-weather|SunnyDay|[from] ability: Drought|[of] p1b: Charizard
|turn|6
|
|t:|1782342303
|move|p1b: Charizard|Solar Beam||[still]
|-prepare|p1b: Charizard|Solar Beam
|-anim|p1b: Charizard|Solar Beam|p2b: Golurk
|-supereffective|p2b: Golurk|1
|-damage|p2b: Golurk|14/100
|move|p1a: Incineroar|Throat Chop|p2b: Golurk
|-supereffective|p2b: Golurk|1
|-damage|p2b: Golurk|0 fnt
|faint|p2b: Golurk
|
|win|Olciax34
|raw|Olciax34's rating: 1194 → 1213(+19 for winning)
|raw|dragonite0618's rating: 1105 → 1086(-19 for losing)
