|j|☆moicito
|j|☆koraidon goat
|html|moicitokoraidon goat    
|uhtml|bestof|Game 2 of a best-of-3
|t:|1756958008
|gametype|doubles
|player|p1|moicito|caitlin|1125
|player|p2|koraidon goat|drayden|1134
|gen|9
|tier|[Gen 9] VGC 2025 Reg H (Bo3)
|rated|
|rule|Species Clause: Limit one of each Pokémon
|rule|Item Clause: Limit 1 of each item
|clearpoke
|poke|p1|Kingambit, L50, F|
|poke|p1|Rillaboom, L50, F|
|poke|p1|Magmar, L50, F|
|poke|p1|Primarina, L50, F|
|poke|p1|Sneasler, L50, F|
|poke|p1|Dragapult, L50, F|
|poke|p2|Excadrill, L50, M|
|poke|p2|Tyranitar, L50, M|
|poke|p2|Kilowattrel, L50, F|
|poke|p2|Indeedee, L50, M|
|poke|p2|Sneasler, L50, F|
|poke|p2|Dragapult, L50, F|
|teampreview|4
|showteam|p1|Kingambit||BlackGlasses|Defiant|Protect,KowtowCleave,SuckerPunch,SwordsDance|||F|||50|,,,,,Ghost]Rillaboom||AssaultVest|GrassySurge|WoodHammer,GrassyGlide,HighHorsepower,FakeOut|||F|||50|,,,,,Fire]Magmar||Eviolite|VitalSpirit|Overheat,WillOWisp,FollowMe,Protect|||F|||50|,,,,,Ghost]Primarina||SitrusBerry|LiquidVoice|HyperVoice,Moonblast,Haze,Protect|||F|||50|,,,,,Water]Sneasler||FocusSash|PoisonTouch|CloseCombat,DireClaw,Coaching,FakeOut|||F|||50|,,,,,Stellar]Dragapult||ChoiceBand|ClearBody|DragonDarts,TeraBlast,PhantomForce,Uturn|||F|||50|,,,,,Steel
|showteam|p2|Excadrill||FocusSash|SandRush|Protect,IronHead,HighHorsepower,Earthquake|||M|||50|,,,,,Ground]Tyranitar||AssaultVest|SandStream|TeraBlast,RockSlide,KnockOff,LowKick|||M|||50|,,,,,Flying]Kilowattrel||CovertCloak|Competitive|Thunderbolt,AirSlash,Tailwind,Protect|||F|||50|,,,,,Water]Indeedee||ChoiceScarf|PsychicSurge|Trick,Protect,ExpandingForce,TeraBlast|||M|||50|,,,,,Psychic]Sneasler||PsychicSeed|Unburden|DireClaw,CloseCombat,Coaching,Protect|||F|||50|,,,,,Dark]Dragapult||ChoiceBand|ClearBody|DragonDarts,TeraBlast,PhantomForce,Uturn|||F|||50|,,,,,Ghost
|inactive|Battle timer is ON: inactive players will automatically lose when time's up. (requested by koraidon goat)
|j| epom158
|inactive|moicito has 60 seconds left.
|
|t:|1756958063
|teamsize|p1|4
|teamsize|p2|4
|start
|switch|p1a: Primarina|Primarina, L50, F|100/100
|switch|p1b: Dragapult|Dragapult, L50, F|100/100
|switch|p2a: Tyranitar|Tyranitar, L50, M|100/100
|switch|p2b: Sneasler|Sneasler, L50, F, shiny|100/100
|-weather|Sandstorm|[from] ability: Sand Stream|[of] p2a: Tyranitar
|turn|1
|inactive|koraidon goat has 30 seconds left.
|inactive|koraidon goat has 20 seconds left.
|
|t:|1756958103
|switch|p2a: Dragapult|Dragapult, L50, F, shiny|100/100
|move|p1b: Dragapult|U-turn|p2a: Dragapult
|-resisted|p2a: Dragapult
|-damage|p2a: Dragapult|77/100
|
|t:|1756958119
|switch|p1b: Rilli|Rillaboom, L50, F, shiny|100/100|[from] U-turn
|-fieldstart|move: Grassy Terrain|[from] ability: Grassy Surge|[of] p1b: Rilli
|move|p2b: Sneasler|Close Combat|p1b: Rilli
|-damage|p1b: Rilli|36/100
|-unboost|p2b: Sneasler|def|1
|-unboost|p2b: Sneasler|spd|1
|move|p1a: Primarina|Hyper Voice|p2b: Sneasler|[spread] p2a,p2b
|-resisted|p2a: Dragapult
|-damage|p2a: Dragapult|56/100
|-damage|p2b: Sneasler|27/100
|
|-weather|Sandstorm|[upkeep]
|-damage|p2a: Dragapult|50/100|[from] Sandstorm
|-damage|p2b: Sneasler|22/100|[from] Sandstorm
|-damage|p1b: Rilli|30/100|[from] Sandstorm
|-damage|p1a: Primarina|94/100|[from] Sandstorm
|-heal|p2a: Dragapult|56/100|[from] Grassy Terrain
|-heal|p2b: Sneasler|27/100|[from] Grassy Terrain
|-heal|p1b: Rilli|36/100|[from] Grassy Terrain
|-heal|p1a: Primarina|100/100|[from] Grassy Terrain
|upkeep
|turn|2
|inactive|koraidon goat has 30 seconds left.
|inactive|moicito has 30 seconds left.
|
|t:|1756958155
|move|p1b: Rilli|Grassy Glide|p2a: Dragapult
|-resisted|p2a: Dragapult
|-damage|p2a: Dragapult|31/100
|move|p2a: Dragapult|Dragon Darts|p1b: Rilli
|-damage|p1b: Rilli|1/100
|-anim|p2a: Dragapult|Dragon Darts|p1b: Rilli
|-damage|p1b: Rilli|0 fnt
|faint|p1b: Rilli
|move|p2b: Sneasler|Dire Claw|p1a: Primarina
|-supereffective|p1a: Primarina
|-damage|p1a: Primarina|0 fnt
|faint|p1a: Primarina
|
|-weather|Sandstorm|[upkeep]
|-damage|p2a: Dragapult|25/100|[from] Sandstorm
|-damage|p2b: Sneasler|22/100|[from] Sandstorm
|-heal|p2a: Dragapult|31/100|[from] Grassy Terrain
|-heal|p2b: Sneasler|27/100|[from] Grassy Terrain
|upkeep
|
|t:|1756958171
|switch|p1b: Dragapult|Dragapult, L50, F|100/100
|switch|p1a: Kingii|Kingambit, L50, F, shiny|100/100
|turn|3
|inactive|moicito has 30 seconds left.
|
|t:|1756958200
|move|p1a: Kingii|Protect|p1a: Kingii
|-singleturn|p1a: Kingii|Protect
|move|p1b: Dragapult|Dragon Darts|p2a: Dragapult
|-supereffective|p2a: Dragapult
|-damage|p2a: Dragapult|0 fnt
|-anim|p1b: Dragapult|Dragon Darts|p2b: Sneasler
|-damage|p2b: Sneasler|0 fnt
|faint|p2a: Dragapult
|faint|p2b: Sneasler
|
|-weather|Sandstorm|[upkeep]
|-damage|p1b: Dragapult|94/100|[from] Sandstorm
|-heal|p1b: Dragapult|100/100|[from] Grassy Terrain
|upkeep
|
|t:|1756958205
|switch|p2a: Tyranitar|Tyranitar, L50, M|100/100
|switch|p2b: Indeedee|Indeedee, L50, M|100/100
|-fieldstart|move: Psychic Terrain|[from] ability: Psychic Surge|[of] p2b: Indeedee
|turn|4
|
|t:|1756958225
|-terastallize|p2b: Indeedee|Psychic
|-terastallize|p1b: Dragapult|Steel
|move|p2b: Indeedee|Expanding Force|p1b: Dragapult|[spread] p1b
|-immune|p1a: Kingii
|-resisted|p1b: Dragapult
|-damage|p1b: Dragapult|50/100
|move|p1b: Dragapult|Dragon Darts|p2a: Tyranitar
|-damage|p2a: Tyranitar|70/100
|-anim|p1b: Dragapult|Dragon Darts|p2b: Indeedee
|-damage|p2b: Indeedee|20/100
|move|p2a: Tyranitar|Low Kick|p1a: Kingii
|-supereffective|p1a: Kingii
|-damage|p1a: Kingii|0 fnt
|faint|p1a: Kingii
|
|-weather|Sandstorm|[upkeep]
|-damage|p2b: Indeedee|14/100|[from] Sandstorm
|upkeep
|turn|5
|
|t:|1756958249
|move|p2b: Indeedee|Expanding Force|p1b: Dragapult
|-resisted|p1b: Dragapult
|-damage|p1b: Dragapult|0 fnt
|faint|p1b: Dragapult
|
|win|koraidon goat
||moicito is ready for game 3.
|l| epom158
||koraidon goat is ready for game 3.
|uhtml|next|Next: Game 3 of 3
|l|☆koraidon goat
|player|p2|
