|j|☆kyo_is_de4d
|j|☆martharia
|html|kyo_is_de4dmartharia    
|uhtml|bestof|Game 1 of a best-of-3
|t:|1782257416
|gametype|doubles
|player|p1|kyo_is_de4d|1|1000
|player|p2|martharia|102|1000
|gen|9
|tier|[Gen 9 Champions] VGC 2026 Reg M-B (Bo3)
|rated|
|rule|Species Clause: Limit one of each Pokémon
|rule|Item Clause: Limit 1 of each item
|clearpoke
|poke|p1|Floette-Eternal, L50, F|
|poke|p1|Charizard, L50, F, shiny|
|poke|p1|Kingambit, L50, F, shiny|
|poke|p1|Whimsicott, L50, F, shiny|
|poke|p1|Basculegion, L50, M, shiny|
|poke|p1|Garchomp, L50, M, shiny|
|poke|p2|Delphox, L50, F, shiny|
|poke|p2|Meowscarada, L50, F|
|poke|p2|Quaquaval, L50, F|
|poke|p2|Zoroark-Hisui, L50, F, shiny|
|poke|p2|Talonflame, L50, F|
|poke|p2|Mawile, L50, F, shiny|
|teampreview|4
|showteam|p1|Floette-Eternal||Floettite|FlowerVeil|LightofRuin,Moonblast,DazzlingGleam,Protect|Timid||F|||50|]Charizard||CharizarditeY|Blaze|SolarBeam,HeatWave,WeatherBall,Protect|Modest||F|||50|]Kingambit||BlackGlasses|Defiant|IronHead,Protect,KowtowCleave,SuckerPunch|Adamant||F|||50|]Whimsicott||FocusSash|Prankster|Moonblast,Tailwind,Encore,Protect|Timid||F|||50|]Basculegion||MysticWater|Adaptability|WaveCrash,Protect,LastRespects,AquaJet|Adamant||M|||50|]Garchomp||LifeOrb|RoughSkin|Earthquake,RockSlide,Protect,DragonClaw|Jolly||M|||50|
|showteam|p2|Delphox||Delphoxite|Blaze|HeatWave,Psyshock,CalmMind,Protect|Modest||F|||50|]Meowscarada||ExpertBelt|Protean|FlowerTrick,ThroatChop,TripleAxel,Protect|Adamant||F|||50|]Quaquaval||LifeOrb|Moxie|AquaStep,CloseCombat,SwordsDance,Protect|Jolly||F|||50|]Zoroark-Hisui||FocusSash|Illusion|BitterMalice,IcyWind,Taunt,Protect|Timid||F|||50|]Talonflame||SharpBeak|GaleWings|BraveBird,Tailwind,WillOWisp,QuickGuard|Jolly||F|||50|]Mawile||Mawilite|HyperCutter|IronHead,PlayRough,SuckerPunch,Protect|Adamant||F|||50|
|
|t:|1782257492
|teamsize|p1|4
|teamsize|p2|4
|start
|switch|p1a: Charizard|Charizard, L50, F, shiny|100/100
|switch|p1b: Whimsicott|Whimsicott, L50, F, shiny|100/100
|switch|p2a: Talonflame|Talonflame, L50, F|100/100
|switch|p2b: Delphox|Delphox, L50, F, shiny|100/100
|turn|1
|
|t:|1782257508
|detailschange|p2b: Delphox|Delphox-Mega, L50, F, shiny
|-mega|p2b: Delphox|Delphox|Delphoxite
|move|p1a: Charizard|Protect|p1a: Charizard
|-singleturn|p1a: Charizard|Protect
|move|p2a: Talonflame|Tailwind|p2a: Talonflame
|-sidestart|p2: martharia|move: Tailwind
|move|p1b: Whimsicott|Tailwind|p1b: Whimsicott
|-sidestart|p1: kyo_is_de4d|move: Tailwind
|move|p2b: Delphox|Calm Mind|p2b: Delphox
|-boost|p2b: Delphox|spa|1
|-boost|p2b: Delphox|spd|1
|
|upkeep
|turn|2
|
|t:|1782257529
|detailschange|p1a: Charizard|Charizard-Mega-Y, L50, F, shiny
|-mega|p1a: Charizard|Charizard|Charizardite Y
|-weather|SunnyDay|[from] ability: Drought|[of] p1a: Charizard
|move|p2a: Talonflame|Quick Guard|p2a: Talonflame
|-singleturn|p2a: Talonflame|Quick Guard
|move|p1b: Whimsicott|Encore|p2b: Delphox
|-activate|p2b: Delphox|move: Quick Guard
|move|p2b: Delphox|Heat Wave|p1a: Charizard|[spread] p1a,p1b
|-resisted|p1a: Charizard|1
|-supereffective|p1b: Whimsicott|1
|-crit|p1b: Whimsicott
|-damage|p1a: Charizard|42/100
|-enditem|p1b: Whimsicott|Focus Sash
|-damage|p1b: Whimsicott|1/100
|move|p1a: Charizard|Heat Wave|p2a: Talonflame|[spread] p2a,p2b
|-resisted|p2a: Talonflame|1
|-resisted|p2b: Delphox|1
|-damage|p2a: Talonflame|47/100
|-damage|p2b: Delphox|80/100
|
|-weather|SunnyDay|[upkeep]
|upkeep
|turn|3
|
|t:|1782257556
|switch|p2a: Quaquaval|Quaquaval, L50, F|100/100
|move|p1b: Whimsicott|Encore||[still]
|-fail|p1b: Whimsicott
|move|p2b: Delphox|Heat Wave|p1a: Charizard|[spread] p1a,p1b
|-resisted|p1a: Charizard|1
|-supereffective|p1b: Whimsicott|1
|-damage|p1a: Charizard|0 fnt
|-damage|p1b: Whimsicott|0 fnt
|faint|p1a: Charizard
|faint|p1b: Whimsicott
|
|-weather|SunnyDay|[upkeep]
|upkeep
|
|t:|1782257559
|switch|p1b: Garchomp|Garchomp, L50, M, shiny|100/100
|switch|p1a: Basculegion|Basculegion, L50, M, shiny|100/100
|turn|4
|
|t:|1782257576
|move|p2b: Delphox|Protect|p2b: Delphox
|-singleturn|p2b: Delphox|Protect
|move|p2a: Quaquaval|Protect|p2a: Quaquaval
|-singleturn|p2a: Quaquaval|Protect
|move|p1b: Garchomp|Dragon Claw|p2a: Quaquaval
|-activate|p2a: Quaquaval|move: Protect
|move|p1a: Basculegion|Last Respects|p2b: Delphox
|-activate|p2b: Delphox|move: Protect
|
|-weather|SunnyDay|[upkeep]
|-sideend|p2: martharia|move: Tailwind
|-sideend|p1: kyo_is_de4d|move: Tailwind
|upkeep
|turn|5
|
|t:|1782257592
|move|p1a: Basculegion|Protect|p1a: Basculegion
|-singleturn|p1a: Basculegion|Protect
|move|p2b: Delphox|Psyshock|p1a: Basculegion
|-activate|p1a: Basculegion|move: Protect
|move|p1b: Garchomp|Rock Slide|p2b: Delphox|[spread] p2a,p2b
|-resisted|p2a: Quaquaval|1
|-supereffective|p2b: Delphox|1
|-damage|p2a: Quaquaval|84/100
|-damage|p2b: Delphox|0 fnt
|faint|p2b: Delphox
|-damage|p1b: Garchomp|90/100|[from] item: Life Orb
|move|p2a: Quaquaval|Aqua Step|p1a: Basculegion
|-activate|p1a: Basculegion|move: Protect
|
|-weather|SunnyDay|[upkeep]
|upkeep
|
|t:|1782257597
|switch|p2b: Meowscarada|Meowscarada, L50, F|100/100
|turn|6
|
|t:|1782257614
|move|p2b: Meowscarada|Flower Trick|p1a: Basculegion
|-start|p2b: Meowscarada|typechange|Grass|[from] ability: Protean
|-supereffective|p1a: Basculegion|1
|-crit|p1a: Basculegion
|-damage|p1a: Basculegion|0 fnt
|faint|p1a: Basculegion
|move|p1b: Garchomp|Rock Slide|p2b: Meowscarada|[spread] p2b
|-miss|p1b: Garchomp|p2a: Quaquaval
|-damage|p2b: Meowscarada|62/100
|-damage|p1b: Garchomp|80/100|[from] item: Life Orb
|move|p2a: Quaquaval|Close Combat|p1b: Garchomp
|-damage|p1b: Garchomp|8/100
|-unboost|p2a: Quaquaval|def|1
|-unboost|p2a: Quaquaval|spd|1
|-damage|p2a: Quaquaval|71/100|[from] ability: Rough Skin|[of] p1b: Garchomp
|-damage|p2a: Quaquaval|61/100|[from] item: Life Orb
|
|-weather|none
|upkeep
|turn|7
|
|t:|1782257625
|move|p2b: Meowscarada|Flower Trick|p1b: Garchomp
|-crit|p1b: Garchomp
|-damage|p1b: Garchomp|0 fnt
|faint|p1b: Garchomp
|
|win|martharia
