|j|☆Hot Grill 2000
|j|☆huntr/x rumi
|html|Hot Grill 2000huntr/x rumi    
|uhtml|bestof|Game 3 of a best-of-3
|t:|1755645250
|gametype|doubles
|player|p1|Hot Grill 2000|swimmerf-gen4|1150
|player|p2|huntr/x rumi|acetrainerf|1337
|gen|9
|tier|[Gen 9] VGC 2025 Reg H (Bo3)
|rated|
|rule|Species Clause: Limit one of each Pokémon
|rule|Item Clause: Limit 1 of each item
|clearpoke
|poke|p1|Volcarona, L50, F|
|poke|p1|Rillaboom, L50, F|
|poke|p1|Electabuzz, L50, M|
|poke|p1|Dragonite, L50, F|
|poke|p1|Annihilape, L50, M|
|poke|p1|Sneasler, L50, M|
|poke|p2|Whimsicott, L50, M|
|poke|p2|Gholdengo, L50|
|poke|p2|Garchomp, L50, F|
|poke|p2|Ditto, L50|
|poke|p2|Incineroar, L50, M|
|poke|p2|Milotic, L50, F|
|teampreview|4
|showteam|p1|Volcarona||Leftovers|FlameBody|HeatWave,TeraBlast,QuiverDance,Protect|||F|||50|,,,,,Fairy]Rillaboom||AssaultVest|GrassySurge|WoodHammer,GrassyGlide,HighHorsepower,FakeOut|||F|||50|,,,,,Fire]Electabuzz||Eviolite|VitalSpirit|Thunderbolt,FollowMe,Taunt,Protect|||M|||50|,,,,,Dragon]Dragonite||LoadedDice|Multiscale|ScaleShot,ExtremeSpeed,Haze,Protect|||F|||50|,,,,,Steel]Annihilape||SafetyGoggles|Defiant|CloseCombat,RageFist,Taunt,FinalGambit|||M|||50|,,,,,Fire]Sneasler||FocusSash|Unburden|CloseCombat,DireClaw,Coaching,Protect|||M|||50|,,,,,Stellar
|showteam|p2|Whimsicott||FocusSash|Prankster|Protect,Moonblast,Tailwind,Encore|||M|||50|,,,,,Ghost]Gholdengo||ChoiceSpecs|GoodasGold|MakeItRain,ShadowBall,Protect,Trick||||||50|,,,,,Steel]Garchomp||LifeOrb|RoughSkin|Protect,StompingTantrum,DragonClaw,Earthquake|||F|||50|,,,,,Ground]Ditto||CovertCloak|Imposter|Transform||||||50|,,,,,Grass]Incineroar||SafetyGoggles|Intimidate|FakeOut,FlareBlitz,KnockOff,PartingShot|||M|||50|,,,,,Ghost]Milotic||SitrusBerry|Competitive|IcyWind,Scald,Protect,Haze|||F|||50|,,,,,Grass
|
|t:|1755645309
|teamsize|p1|4
|teamsize|p2|4
|start
|switch|p1a: Dragonite|Dragonite, L50, F|100/100
|switch|p1b: Annihilape|Annihilape, L50, M|100/100
|switch|p2a: Whimsicott|Whimsicott, L50, M, shiny|100/100
|switch|p2b: Garchomp|Garchomp, L50, F|100/100
|turn|1
|
|t:|1755645325
|switch|p1b: Rillaboom|Rillaboom, L50, F|100/100
|-fieldstart|move: Grassy Terrain|[from] ability: Grassy Surge|[of] p1b: Rillaboom
|-terastallize|p2b: Garchomp|Ground
|-terastallize|p1a: Dragonite|Steel
|move|p2a: Whimsicott|Moonblast|p1b: Rillaboom
|-damage|p1b: Rillaboom|74/100
|move|p2b: Garchomp|Stomping Tantrum|p1b: Rillaboom
|-resisted|p1b: Rillaboom
|-damage|p1b: Rillaboom|40/100
|-damage|p2b: Garchomp|91/100|[from] item: Life Orb
|move|p1a: Dragonite|Scale Shot|p2b: Garchomp
|-damage|p2b: Garchomp|76/100
|-damage|p2b: Garchomp|61/100
|-damage|p2b: Garchomp|46/100
|-damage|p2b: Garchomp|31/100
|-damage|p2b: Garchomp|17/100
|-hitcount|p2b: Garchomp|5
|-unboost|p1a: Dragonite|def|1
|-boost|p1a: Dragonite|spe|1
|
|-heal|p2b: Garchomp|23/100|[from] Grassy Terrain
|-heal|p1b: Rillaboom|46/100|[from] Grassy Terrain
|upkeep
|turn|2
|
|t:|1755645394
|switch|p2b: Gholdengo|Gholdengo, L50|100/100
|switch|p1b: Volcarona|Volcarona, L50, F|100/100
|move|p1a: Dragonite|Extreme Speed|p2b: Gholdengo
|-immune|p2b: Gholdengo
|move|p2a: Whimsicott|Tailwind|p2a: Whimsicott
|-sidestart|p2: huntr/x rumi|move: Tailwind
|
|upkeep
|turn|3
|
|t:|1755645426
|move|p2a: Whimsicott|Moonblast|p1a: Dragonite
|-resisted|p1a: Dragonite
|-damage|p1a: Dragonite|92/100
|-unboost|p1a: Dragonite|spa|1
|move|p2b: Gholdengo|Shadow Ball|p1a: Dragonite
|-damage|p1a: Dragonite|17/100
|move|p1a: Dragonite|Scale Shot|p2b: Gholdengo
|-resisted|p2b: Gholdengo
|-damage|p2b: Gholdengo|92/100
|-resisted|p2b: Gholdengo
|-damage|p2b: Gholdengo|83/100
|-resisted|p2b: Gholdengo
|-damage|p2b: Gholdengo|74/100
|-resisted|p2b: Gholdengo
|-damage|p2b: Gholdengo|65/100
|-resisted|p2b: Gholdengo
|-damage|p2b: Gholdengo|56/100
|-hitcount|p2b: Gholdengo|5
|-unboost|p1a: Dragonite|def|1
|-boost|p1a: Dragonite|spe|1
|move|p1b: Volcarona|Heat Wave|p2a: Whimsicott|[spread] p2a,p2b
|-supereffective|p2a: Whimsicott
|-supereffective|p2b: Gholdengo
|-enditem|p2a: Whimsicott|Focus Sash
|-damage|p2a: Whimsicott|1/100
|-damage|p2b: Gholdengo|0 fnt
|faint|p2b: Gholdengo
|
|-heal|p2a: Whimsicott|7/100|[from] Grassy Terrain
|-heal|p1a: Dragonite|23/100|[from] Grassy Terrain
|upkeep
|
|t:|1755645435
|switch|p2b: Garchomp|Garchomp, L50, F, tera:Ground|23/100
|turn|4
|
|t:|1755645452
|switch|p2a: Ditto|Ditto, L50, shiny|100/100
|-transform|p2a: Ditto|p1b: Volcarona|[from] ability: Imposter
|move|p1a: Dragonite|Extreme Speed|p2b: Garchomp
|-damage|p2b: Garchomp|0 fnt
|-damage|p1a: Dragonite|11/100|[from] ability: Rough Skin|[of] p2b: Garchomp
|faint|p2b: Garchomp
|move|p1b: Volcarona|Heat Wave|p2a: Ditto
|-damage|p2a: Ditto|46/100
|
|-heal|p2a: Ditto|51/100|[from] Grassy Terrain
|-heal|p1a: Dragonite|17/100|[from] Grassy Terrain
|upkeep
|
|t:|1755645459
|switch|p2b: Whimsicott|Whimsicott, L50, M, shiny|7/100
|turn|5
|
|t:|1755645473
|move|p2b: Whimsicott|Protect|p2b: Whimsicott
|-singleturn|p2b: Whimsicott|Protect
|move|p1a: Dragonite|Extreme Speed|p2a: Ditto
|-damage|p2a: Ditto|4/100
|-status|p1a: Dragonite|brn|[from] ability: Flame Body|[of] p2a: Ditto
|move|p2a: Ditto|Heat Wave|p1b: Volcarona|[spread] p1a,p1b
|-supereffective|p1a: Dragonite
|-damage|p1a: Dragonite|0 fnt
|-damage|p1b: Volcarona|66/100
|faint|p1a: Dragonite
|move|p1b: Volcarona|Heat Wave|p2b: Whimsicott|[spread] p2a
|-activate|p2b: Whimsicott|move: Protect
|-damage|p2a: Ditto|0 fnt
|faint|p2a: Ditto
|
|-heal|p2b: Whimsicott|13/100|[from] Grassy Terrain
|-heal|p1b: Volcarona|72/100|[from] Grassy Terrain
|-heal|p1b: Volcarona|78/100|[from] item: Leftovers
|-sideend|p2: huntr/x rumi|move: Tailwind
|-fieldend|move: Grassy Terrain
|upkeep
|-message|huntr/x rumi forfeited.
|
|win|Hot Grill 2000
|raw|Hot Grill 2000's rating: 1150 → 1187(+37 for winning)
|raw|huntr/x rumi's rating: 1337 → 1307(-30 for losing)
|l|☆Hot Grill 2000
|player|p1|
