|j|☆Hackervgc
|j|☆RickyICEBEAM
|html|HackervgcRickyICEBEAM    
|uhtml|bestof|Game 1 of a best-of-3
|t:|1756574589
|gametype|doubles
|player|p1|Hackervgc|gentleman-gen4|
|player|p2|RickyICEBEAM|102|
|gen|9
|tier|[Gen 9] VGC 2025 Reg H (Bo3)
|rule|Species Clause: Limit one of each Pokémon
|rule|Item Clause: Limit 1 of each item
|clearpoke
|poke|p1|Kingambit, L50, F|
|poke|p1|Magmar, L50, M|
|poke|p1|Dragonite, L50, F|
|poke|p1|Sneasler, L50, M|
|poke|p1|Ursaluna-Bloodmoon, L50, M|
|poke|p1|Farigiraf, L50, F|
|poke|p2|Ursaluna-Bloodmoon, L50, M|
|poke|p2|Indeedee, L50, M|
|poke|p2|Sneasler, L50, F|
|poke|p2|Talonflame, L50, F|
|poke|p2|Dragapult, L50, M|
|poke|p2|Clefable, L50, F|
|teampreview|4
|showteam|p1|Kingambit||AssaultVest|Defiant|KowtowCleave,SuckerPunch,LowKick,TeraBlast|||F|||50|,,,,,Flying]Magmar||Eviolite|VitalSpirit|FollowMe,Protect,Flamethrower,WillOWisp|||M|||50|,,,,,Grass]Dragonite||LoadedDice|Multiscale|ScaleShot,Protect,Haze,Tailwind|||F|||50|,,,,,Fairy]Sneasler||FocusSash|Unburden|ThroatChop,DireClaw,CloseCombat,Protect|||M|||50|,,,,,Stellar]Ursaluna-Bloodmoon||LifeOrb|MindsEye|BloodMoon,Protect,EarthPower,HyperVoice|||M|||50|,,,,,Normal]Farigiraf||SitrusBerry|ArmorTail|TrickRoom,HelpingHand,Psychic,Protect|||F|||50|,,,,,Water
|showteam|p2|Ursaluna-Bloodmoon||LifeOrb|MindsEye|HyperVoice,BloodMoon,EarthPower,Protect|||M|||50|,,,,,Normal]Indeedee||FocusSash|PsychicSurge|ExpandingForce,HelpingHand,Protect,TrickRoom|||M|||50|,,,,,Psychic]Sneasler||PsychicSeed|Unburden|DireClaw,CloseCombat,ThroatChop,Protect|||F|||50|,,,,,Dark]Talonflame||CovertCloak|GaleWings|Tailwind,BraveBird,WillOWisp,Taunt|||F|||50|,,,,,Steel]Dragapult||ChoiceBand|ClearBody|DragonDarts,Uturn,PhantomForce,DragonClaw|||M|||50|,,,,,Dragon]Clefable||RockyHelmet|Unaware|FollowMe,Moonblast,Protect,HelpingHand|||F|||50|,,,,,Steel
|inactive|Battle timer is ON: inactive players will automatically lose when time's up. (requested by RickyICEBEAM)
|inactive|Hackervgc has 60 seconds left.
|
|t:|1756574671
|teamsize|p1|4
|teamsize|p2|4
|start
|switch|p1a: Kingambit|Kingambit, L50, F|100/100
|switch|p1b: Magmar|Magmar, L50, M|100/100
|switch|p2a: Indeedee|Indeedee, L50, M|100/100
|switch|p2b: Ursaluna|Ursaluna-Bloodmoon, L50, M|100/100
|-fieldstart|move: Psychic Terrain|[from] ability: Psychic Surge|[of] p2a: Indeedee
|turn|1
|inactive|Hackervgc has 30 seconds left.
|
|t:|1756574699
|-terastallize|p1b: Magmar|Grass
|move|p1b: Magmar|Follow Me|p1b: Magmar
|-singleturn|p1b: Magmar|move: Follow Me
|move|p2a: Indeedee|Expanding Force|p1b: Magmar|[spread] p1b
|-immune|p1a: Kingambit
|-damage|p1b: Magmar|65/100
|move|p2b: Ursaluna|Blood Moon|p1b: Magmar
|-damage|p1b: Magmar|0 fnt
|faint|p1b: Magmar
|-damage|p2b: Ursaluna|91/100|[from] item: Life Orb
|move|p1a: Kingambit|Low Kick|p2b: Ursaluna
|-supereffective|p2b: Ursaluna
|-damage|p2b: Ursaluna|27/100
|
|upkeep
|
|t:|1756574713
|switch|p1b: Sneasler|Sneasler, L50, M|100/100
|turn|2
|inactive|Hackervgc has 30 seconds left.
|inactive|RickyICEBEAM has 30 seconds left.
|
|t:|1756574742
|move|p1b: Sneasler|Throat Chop|p2a: Indeedee
|-supereffective|p2a: Indeedee
|-enditem|p2a: Indeedee|Focus Sash
|-damage|p2a: Indeedee|1/100
|-start|p2a: Indeedee|Throat Chop|[silent]
|move|p2a: Indeedee|Expanding Force|p1a: Kingambit|[spread] p1b
|-immune|p1a: Kingambit
|-supereffective|p1b: Sneasler
|-enditem|p1b: Sneasler|Focus Sash
|-damage|p1b: Sneasler|1/100
|move|p2b: Ursaluna|Earth Power|p1a: Kingambit
|-supereffective|p1a: Kingambit
|-damage|p1a: Kingambit|16/100
|-unboost|p1a: Kingambit|spd|1
|-ability|p1a: Kingambit|Defiant|boost
|-boost|p1a: Kingambit|atk|2
|-damage|p2b: Ursaluna|18/100|[from] item: Life Orb
|move|p1a: Kingambit|Kowtow Cleave|p2a: Indeedee
|-supereffective|p2a: Indeedee
|-damage|p2a: Indeedee|0 fnt
|faint|p2a: Indeedee
|
|upkeep
|inactive|RickyICEBEAM has 30 seconds left.
|
|t:|1756574771
|switch|p2a: Sneasler|Sneasler, L50, F|100/100
|-enditem|p2a: Sneasler|Psychic Seed
|-boost|p2a: Sneasler|spd|1|[from] item: Psychic Seed
|turn|3
|inactive|RickyICEBEAM has 30 seconds left.
|
|t:|1756574803
|move|p1b: Sneasler|Close Combat|p2b: Ursaluna
|-supereffective|p2b: Ursaluna
|-damage|p2b: Ursaluna|0 fnt
|-unboost|p1b: Sneasler|def|1
|-unboost|p1b: Sneasler|spd|1
|faint|p2b: Ursaluna
|move|p2a: Sneasler|Close Combat|p1a: Kingambit
|-supereffective|p1a: Kingambit
|-damage|p1a: Kingambit|0 fnt
|-unboost|p2a: Sneasler|def|1
|-unboost|p2a: Sneasler|spd|1
|faint|p1a: Kingambit
|
|upkeep
|
|t:|1756574812
|switch|p2b: Talonflame|Talonflame, L50, F|100/100
|switch|p1a: Ursaluna|Ursaluna-Bloodmoon, L50, M|100/100
|turn|4
|inactive|Hackervgc has 30 seconds left.
|inactive|RickyICEBEAM has 30 seconds left.
|
|t:|1756574840
|move|p2a: Sneasler|Protect|p2a: Sneasler
|-singleturn|p2a: Sneasler|Protect
|move|p1a: Ursaluna|Protect|p1a: Ursaluna
|-singleturn|p1a: Ursaluna|Protect
|move|p1b: Sneasler|Dire Claw|p2b: Talonflame
|-damage|p2b: Talonflame|48/100
|move|p2b: Talonflame|Will-O-Wisp|p1b: Sneasler|[miss]
|-miss|p2b: Talonflame|p1b: Sneasler
|
|upkeep
|turn|5
|inactive|RickyICEBEAM has 30 seconds left.
|
|t:|1756574869
|-terastallize|p2a: Sneasler|Dark
|move|p1b: Sneasler|Dire Claw|p2b: Talonflame
|-damage|p2b: Talonflame|0 fnt
|faint|p2b: Talonflame
|move|p2a: Sneasler|Close Combat|p1a: Ursaluna
|-supereffective|p1a: Ursaluna
|-damage|p1a: Ursaluna|1/100
|-unboost|p2a: Sneasler|def|1
|-unboost|p2a: Sneasler|spd|1
|move|p1a: Ursaluna|Earth Power|p2a: Sneasler
|-damage|p2a: Sneasler|0 fnt
|faint|p2a: Sneasler
|-damage|p1a: Ursaluna|0 fnt|[from] item: Life Orb
|faint|p1a: Ursaluna
|
|win|Hackervgc
|inactive|Hackervgc has 29 seconds to confirm battle start!
|inactive|RickyICEBEAM has 29 seconds to confirm battle start!
||Hackervgc is ready for game 2.
|inactive|RickyICEBEAM has 19 seconds to confirm battle start!
|inactive|RickyICEBEAM has 9 seconds to confirm battle start!
||RickyICEBEAM is ready for game 2.
|uhtml|next|Next: Game 2 of 3
