|j|☆po1510
|j|☆po1015
|html|po1510po1015    
|uhtml|bestof|Game 2 of a best-of-3
|t:|1785948100
|gametype|doubles
|player|p1|po1510|liko|
|player|p2|po1015|lady|
|gen|9
|tier|[Gen 9 Champions] VGC 2026 Reg M-B (Bo3)
|rule|Species Clause: Limit one of each Pokémon
|rule|Item Clause: Limit 1 of each item
|clearpoke
|poke|p1|Blastoise, L50, F|
|poke|p1|Delphox, L50, F|
|poke|p1|Sneasler, L50, F|
|poke|p1|Kingambit, L50, M|
|poke|p1|Incineroar, L50, M|
|poke|p1|Sinistcha, L50|
|poke|p2|Charizard, L50, F|
|poke|p2|Floette-Eternal, L50, F|
|poke|p2|Incineroar, L50, M|
|poke|p2|Garchomp, L50, M|
|poke|p2|Sinistcha, L50|
|poke|p2|Gholdengo, L50|
|teampreview|4
|showteam|p1|Blastoise||Blastoisinite|RainDish|WaterSpout,DarkPulse,ShellSmash,Protect|Modest||F|||50|]Delphox||Delphoxite|Blaze|HeatWave,Psychic,NastyPlot,Protect|Timid||F|||50|]Sneasler||FocusSash|PoisonTouch|FakeOut,DireClaw,CloseCombat,QuickGuard|Jolly||F|||50|]Kingambit||BlackGlasses|Defiant|KowtowCleave,SuckerPunch,SwordsDance,Protect|Adamant||M|||50|]Incineroar||SitrusBerry|Intimidate|FakeOut,FlareBlitz,ThroatChop,PartingShot|Impish||M|||50|]Sinistcha||OccaBerry|Hospitality|MatchaGotcha,RagePowder,TrickRoom,Protect|Bold|||||50|
|showteam|p2|Charizard||CharizarditeY|Blaze|HeatWave,WeatherBall,SolarBeam,Protect|Modest||F|||50|]Floette-Eternal||Floettite|FlowerVeil|CalmMind,Moonblast,DazzlingGleam,Protect|Modest||F|||50|]Incineroar||SitrusBerry|Intimidate|FakeOut,FlareBlitz,ThroatChop,PartingShot|Careful||M|||50|]Garchomp||ChoiceScarf|RoughSkin|RockSlide,DragonClaw,Earthquake,StompingTantrum|Adamant||M|||50|]Sinistcha||KasibBerry|Hospitality|MatchaGotcha,TrickRoom,RagePowder,Protect|Relaxed|||||50|]Gholdengo||FocusSash|GoodasGold|MakeItRain,ShadowBall,PowerGem,Protect|Timid|||||50|
|inactive|Battle timer is ON: inactive players will automatically lose when time's up. (requested by po1015)
|inactive|po1510 also wants the timer to be on.
|j| ispoke2soon
|inactive|po1510 has 60 seconds left.
|
|t:|1785948137
|teamsize|p1|4
|teamsize|p2|4
|start
|switch|p1a: Delphox|Delphox, L50, F|100/100
|switch|p1b: Incineroar|Incineroar, L50, M|100/100
|switch|p2a: Gholdengo|Gholdengo, L50|100/100
|switch|p2b: Charizard|Charizard, L50, F|100/100
|-ability|p1b: Incineroar|Intimidate|boost
|-unboost|p2a: Gholdengo|atk|1
|-unboost|p2b: Charizard|atk|1
|turn|1
|
|t:|1785948146
|detailschange|p1a: Delphox|Delphox-Mega, L50, F
|-mega|p1a: Delphox|Delphox|Delphoxite
|detailschange|p2b: Charizard|Charizard-Mega-Y, L50, F
|-mega|p2b: Charizard|Charizard|Charizardite Y
|-weather|SunnyDay|[from] ability: Drought|[of] p2b: Charizard
|move|p1a: Delphox|Protect|p1a: Delphox
|-singleturn|p1a: Delphox|Protect
|move|p2a: Gholdengo|Shadow Ball|p1a: Delphox
|-activate|p1a: Delphox|move: Protect
|move|p2b: Charizard|Heat Wave|p1b: Incineroar|[spread] p1b
|-activate|p1a: Delphox|move: Protect
|-resisted|p1b: Incineroar|1
|-damage|p1b: Incineroar|71/100
|move|p1b: Incineroar|Flare Blitz|p2a: Gholdengo
|-supereffective|p2a: Gholdengo|1
|-enditem|p2a: Gholdengo|Focus Sash
|-damage|p2a: Gholdengo|1/100
|-damage|p1b: Incineroar|45/100|[from] Recoil
|-enditem|p1b: Incineroar|Sitrus Berry|[eat]
|-heal|p1b: Incineroar|69/100|[from] item: Sitrus Berry
|
|-weather|SunnyDay|[upkeep]
|upkeep
|turn|2
|j| skibidi_rizzler13
|
|t:|1785948166
|switch|p2a: Incineroar|Incineroar, L50, M|100/100
|-ability|p2a: Incineroar|Intimidate|boost
|-unboost|p1a: Delphox|atk|1
|-unboost|p1b: Incineroar|atk|1
|move|p1a: Delphox|Heat Wave|p2a: Incineroar|[spread] p2a,p2b
|-resisted|p2a: Incineroar|1
|-resisted|p2b: Charizard|1
|-damage|p2a: Incineroar|79/100
|-damage|p2b: Charizard|75/100
|move|p2b: Charizard|Weather Ball|p1a: Delphox
|-resisted|p1a: Delphox|1
|-damage|p1a: Delphox|64/100
|move|p1b: Incineroar|Parting Shot|p2b: Charizard
|-unboost|p2b: Charizard|atk|1
|-unboost|p2b: Charizard|spa|1
|
|t:|1785948181
|switch|p1b: Sneasler|Sneasler, L50, F|100/100|[from] Parting Shot
|
|-weather|SunnyDay|[upkeep]
|upkeep
|turn|3
|
|t:|1785948191
|move|p1b: Sneasler|Fake Out|p2a: Incineroar
|-damage|p2a: Incineroar|66/100
|cant|p2a: Incineroar|flinch
|move|p1a: Delphox|Nasty Plot|p1a: Delphox
|-boost|p1a: Delphox|spa|2
|move|p2b: Charizard|Heat Wave|p1b: Sneasler|[spread] p1a,p1b
|-resisted|p1a: Delphox|1
|-damage|p1a: Delphox|46/100
|-damage|p1b: Sneasler|42/100
|
|-weather|SunnyDay|[upkeep]
|upkeep
|turn|4
|
|t:|1785948210
|switch|p2a: Gholdengo|Gholdengo, L50|1/100
|move|p1a: Delphox|Psychic|p2b: Charizard
|-damage|p2b: Charizard|0 fnt
|faint|p2b: Charizard
|move|p1b: Sneasler|Close Combat|p2a: Gholdengo
|-immune|p2a: Gholdengo
|
|-weather|SunnyDay|[upkeep]
|upkeep
|
|t:|1785948217
|switch|p2b: Garchomp|Garchomp, L50, M|100/100
|turn|5
|l| skibidi_rizzler13
|
|t:|1785948241
|switch|p1b: Sinistcha|Sinistcha, L50|100/100
|-heal|p1a: Delphox|71/100|[from] ability: Hospitality|[of] p1b: Sinistcha
|switch|p2a: Incineroar|Incineroar, L50, M|66/100
|-ability|p2a: Incineroar|Intimidate|boost
|-unboost|p1a: Delphox|atk|1
|-unboost|p1b: Sinistcha|atk|1
|move|p1a: Delphox|Protect|p1a: Delphox
|-singleturn|p1a: Delphox|Protect
|move|p2b: Garchomp|Rock Slide|p1a: Delphox|[spread] p1b
|-activate|p1a: Delphox|move: Protect
|-damage|p1b: Sinistcha|81/100
|
|-weather|none
|upkeep
|turn|6
|
|t:|1785948274
|switch|p1b: Incineroar|Incineroar, L50, M|69/100
|-ability|p1b: Incineroar|Intimidate|boost
|-unboost|p2a: Incineroar|atk|1
|-unboost|p2b: Garchomp|atk|1
|move|p2b: Garchomp|Rock Slide|p1b: Incineroar|[spread] p1a,p1b
|-supereffective|p1a: Delphox|1
|-crit|p1a: Delphox
|-supereffective|p1b: Incineroar|1
|-damage|p1a: Delphox|3/100
|-damage|p1b: Incineroar|49/100
|move|p1a: Delphox|Psychic|p2b: Garchomp
|-damage|p2b: Garchomp|0 fnt
|faint|p2b: Garchomp
|move|p2a: Incineroar|Flare Blitz|p1b: Incineroar
|-resisted|p1b: Incineroar|1
|-damage|p1b: Incineroar|37/100
|-damage|p2a: Incineroar|62/100|[from] Recoil
|
|upkeep
|
|t:|1785948284
|switch|p2b: Gholdengo|Gholdengo, L50|1/100
|turn|7
|
|t:|1785948291
|move|p1b: Incineroar|Fake Out|p2a: Incineroar
|-damage|p2a: Incineroar|51/100
|move|p1a: Delphox|Heat Wave|p2b: Gholdengo|[spread] p2a,p2b
|-resisted|p2a: Incineroar|1
|-supereffective|p2b: Gholdengo|1
|-damage|p2a: Incineroar|24/100
|-damage|p2b: Gholdengo|0 fnt
|-enditem|p2a: Incineroar|Sitrus Berry|[eat]
|-heal|p2a: Incineroar|49/100|[from] item: Sitrus Berry
|faint|p2b: Gholdengo
|cant|p2a: Incineroar|flinch
|
|upkeep
|turn|8
|-message|po1015 forfeited.
|
|win|po1510
