|j|☆btb0811
|j|☆lolgz
|html|btb0811lolgz    
|uhtml|bestof|Game 1 of a best-of-3
|t:|1783324974
|gametype|doubles
|player|p1|btb0811|brycenman|1177
|player|p2|lolgz|dawn|1014
|gen|9
|tier|[Gen 9 Champions] VGC 2026 Reg M-B (Bo3)
|rated|
|rule|Species Clause: Limit one of each Pokémon
|rule|Item Clause: Limit 1 of each item
|clearpoke
|poke|p1|Mawile, L50, F, shiny|
|poke|p1|Farigiraf, L50, F, shiny|
|poke|p1|Whimsicott, L50, F, shiny|
|poke|p1|Garchomp, L50, F, shiny|
|poke|p1|Basculegion, L50, M|
|poke|p1|Charizard, L50, M, shiny|
|poke|p2|Scrafty, L50, F|
|poke|p2|Vivillon, L50, M|
|poke|p2|Incineroar, L50, M|
|poke|p2|Sinistcha, L50|
|poke|p2|Rotom-Wash, L50|
|poke|p2|Delphox, L50, M|
|teampreview|4
|showteam|p1|Mawile||Mawilite|HyperCutter|PlayRough,IronHead,SuckerPunch,Protect|Adamant||F|||50|]Farigiraf||SitrusBerry|ArmorTail|Psychic,Thunderbolt,HelpingHand,TrickRoom|Modest||F|||50|]Whimsicott||FocusSash|Prankster|Moonblast,Tailwind,Encore,Protect|Timid||F|||50|]Garchomp||LifeOrb|RoughSkin|RockSlide,DragonClaw,Earthquake,Protect|Jolly||F|||50|]Basculegion||MysticWater|Adaptability|WaveCrash,LastRespects,AquaJet,Protect|Adamant||M|||50|]Charizard||CharizarditeY|Blaze|HeatWave,WeatherBall,SolarBeam,Protect|Modest||M|||50|
|showteam|p2|Scrafty||Scraftinite|Intimidate|DrainPunch,KnockOff,Protect,DragonDance|Jolly||F|||50|]Vivillon||ChoiceScarf|CompoundEyes|SleepPowder,Hurricane,RagePowder,Tailwind|Timid||M|||50|]Incineroar||PasshoBerry|Intimidate|PartingShot,FakeOut,ThroatChop,FlareBlitz|Careful||M|||50|]Sinistcha||KasibBerry|Hospitality|MatchaGotcha,RagePowder,LifeDew,Protect|Serious|||||50|]Rotom-Wash||SitrusBerry|Levitate|HydroPump,WillOWisp,VoltSwitch,LightScreen|Modest|||||50|]Delphox||Delphoxite|Blaze|HeatWave,Psychic,Protect,NastyPlot|Timid||M|||50|
|inactive|Battle timer is ON: inactive players will automatically lose when time's up. (requested by lolgz)
|inactive|btb0811 also wants the timer to be on.
|inactive|lolgz has 60 seconds left.
|
|t:|1783325007
|teamsize|p1|4
|teamsize|p2|4
|start
|switch|p1a: Ancalagon|Charizard, L50, M, shiny|100/100
|switch|p1b: Whimmy Scott|Whimsicott, L50, F, shiny|100/100
|switch|p2a: Incineroar|Incineroar, L50, M|100/100
|switch|p2b: Delphox|Delphox, L50, M|100/100
|-ability|p2a: Incineroar|Intimidate|boost
|-unboost|p1a: Ancalagon|atk|1
|-unboost|p1b: Whimmy Scott|atk|1
|turn|1
|
|t:|1783325017
|switch|p1b: Melman|Farigiraf, L50, F, shiny|100/100
|detailschange|p2b: Delphox|Delphox-Mega, L50, M
|-mega|p2b: Delphox|Delphox|Delphoxite
|detailschange|p1a: Ancalagon|Charizard-Mega-Y, L50, M, shiny
|-mega|p1a: Ancalagon|Charizard|Charizardite Y
|-weather|SunnyDay|[from] ability: Drought|[of] p1a: Ancalagon
|move|p2a: Incineroar|Fake Out||[still]
|cant|p1b: Melman|ability: Armor Tail|Fake Out|[of] p2a: Incineroar
|move|p2b: Delphox|Heat Wave|p1b: Melman|[spread] p1a,p1b
|-resisted|p1a: Ancalagon|1
|-damage|p1a: Ancalagon|68/100
|-damage|p1b: Melman|46/100
|-enditem|p1b: Melman|Sitrus Berry|[eat]
|-heal|p1b: Melman|71/100|[from] item: Sitrus Berry
|move|p1a: Ancalagon|Heat Wave|p2b: Delphox|[spread] p2a,p2b
|-resisted|p2a: Incineroar|1
|-resisted|p2b: Delphox|1
|-damage|p2a: Incineroar|74/100
|-damage|p2b: Delphox|68/100
|
|-weather|SunnyDay|[upkeep]
|upkeep
|turn|2
|inactive|lolgz has 30 seconds left.
|
|t:|1783325050
|move|p1b: Melman|Helping Hand|p1a: Ancalagon
|-singleturn|p1a: Ancalagon|Helping Hand|[of] p1b: Melman
|move|p2b: Delphox|Heat Wave|p1b: Melman|[spread] p1a,p1b
|-resisted|p1a: Ancalagon|1
|-damage|p1a: Ancalagon|40/100
|-damage|p1b: Melman|12/100
|move|p1a: Ancalagon|Weather Ball|p2b: Delphox
|-resisted|p2b: Delphox|1
|-damage|p2b: Delphox|2/100
|move|p2a: Incineroar|Flare Blitz|p1a: Ancalagon
|-resisted|p1a: Ancalagon|1
|-damage|p1a: Ancalagon|0 fnt
|faint|p1a: Ancalagon
|-damage|p2a: Incineroar|64/100|[from] Recoil
|
|-weather|SunnyDay|[upkeep]
|upkeep
|
|t:|1783325062
|switch|p1a: Basculegion|Basculegion, L50, M|100/100
|turn|3
|inactive|lolgz has 30 seconds left.
|inactive|lolgz has 20 seconds left.
|
|t:|1783325099
|move|p1b: Melman|Helping Hand|p1a: Basculegion
|-singleturn|p1a: Basculegion|Helping Hand|[of] p1b: Melman
|move|p2b: Delphox|Protect|p2b: Delphox
|-singleturn|p2b: Delphox|Protect
|move|p1a: Basculegion|Wave Crash|p2a: Incineroar
|-supereffective|p2a: Incineroar|1
|-enditem|p2a: Incineroar|Passho Berry|[eat]
|-enditem|p2a: Incineroar|Passho Berry|[weaken]
|-damage|p2a: Incineroar|0 fnt
|faint|p2a: Incineroar
|-damage|p1a: Basculegion|78/100|[from] Recoil
|
|-weather|SunnyDay|[upkeep]
|upkeep
|
|t:|1783325108
|switch|p2a: Vivillon|Vivillon, L50, M|100/100
|turn|4
|
|t:|1783325115
|move|p2a: Vivillon|Rage Powder|p2a: Vivillon
|-singleturn|p2a: Vivillon|move: Rage Powder
|move|p1a: Basculegion|Aqua Jet|p2a: Vivillon
|-damage|p2a: Vivillon|76/100
|move|p2b: Delphox|Psychic|p1a: Basculegion
|-crit|p1a: Basculegion
|-damage|p1a: Basculegion|0 fnt
|faint|p1a: Basculegion
|move|p1b: Melman|Thunderbolt|p2a: Vivillon
|-supereffective|p2a: Vivillon|1
|-damage|p2a: Vivillon|0 fnt
|faint|p2a: Vivillon
|
|-weather|SunnyDay|[upkeep]
|upkeep
|
|t:|1783325139
|switch|p2a: Rotom|Rotom-Wash, L50|100/100
|switch|p1a: Whimmy Scott|Whimsicott, L50, F, shiny|100/100
|turn|5
|
|t:|1783325156
|move|p2b: Delphox|Heat Wave|p1a: Whimmy Scott|[spread] p1a,p1b
|-supereffective|p1a: Whimmy Scott|1
|-enditem|p1a: Whimmy Scott|Focus Sash
|-damage|p1a: Whimmy Scott|1/100
|-damage|p1b: Melman|0 fnt
|faint|p1b: Melman
|move|p1a: Whimmy Scott|Moonblast|p2b: Delphox
|-resisted|p2b: Delphox|1
|-damage|p2b: Delphox|0 fnt
|faint|p2b: Delphox
|move|p2a: Rotom|Volt Switch|p1a: Whimmy Scott
|-resisted|p1a: Whimmy Scott|1
|-damage|p1a: Whimmy Scott|0 fnt
|faint|p1a: Whimmy Scott
|
|win|lolgz
