|j|☆kapieelektross
|j|☆TheGreatMutwa
|html|kapieelektrossTheGreatMutwa    
|uhtml|bestof|Game 3 of a best-of-3
|t:|1784327027
|gametype|doubles
|player|p1|kapieelektross|lusamine-nihilego|1090
|player|p2|TheGreatMutwa|theroyal|1000
|gen|9
|tier|[Gen 9 Champions] VGC 2026 Reg M-B (Bo3)
|rated|
|rule|Species Clause: Limit one of each Pokémon
|rule|Item Clause: Limit 1 of each item
|clearpoke
|poke|p1|Sinistcha-Masterpiece, L50|
|poke|p1|Mawile, L50, F|
|poke|p1|Primarina, L50, F|
|poke|p1|Drampa, L50, M|
|poke|p1|Armarouge, L50, M|
|poke|p1|Scrafty, L50, M|
|poke|p2|Swampert, L50, F|
|poke|p2|Zoroark, L50, F|
|poke|p2|Pelipper, L50, F|
|poke|p2|Archaludon, L50, F|
|poke|p2|Sinistcha, L50|
|poke|p2|Farigiraf, L50, F|
|teampreview|4
|showteam|p1|Sinistcha-Masterpiece||SitrusBerry|Hospitality|MatchaGotcha,RagePowder,TrickRoom,ShadowBall|Relaxed|||||50|]Mawile||Mawilite|HyperCutter|IronHead,ThunderPunch,SuckerPunch,Protect|Brave||F|||50|]Primarina||MysticWater|LiquidVoice|HyperVoice,IceBeam,Moonblast,Protect|Quiet||F|||50|]Drampa||LifeOrb|CloudNine|HyperVoice,EarthPower,DragonPulse,Protect|Quiet||M|||50|]Armarouge||ColburBerry|FlashFire|ArmorCannon,TrickRoom,Psychic,WideGuard|Sassy||M|||50|]Scrafty||Scraftinite|Intimidate|Crunch,CloseCombat,FakeOut,Protect|Brave||M|||50|
|showteam|p2|Swampert||Swampertite|Torrent|Waterfall,Earthquake,IcePunch,Protect|Adamant||F|||50|]Zoroark||ChopleBerry|Illusion|FoulPlay,ShadowBall,Snarl,Taunt|Timid||F|||50|]Pelipper||FocusSash|Drizzle|WideGuard,Tailwind,Hurricane,WeatherBall|Modest||F|||50|]Archaludon||Leftovers|Stamina|ElectroShot,FlashCannon,DracoMeteor,Protect|Modest||F|||50|]Sinistcha||SitrusBerry|Hospitality|MatchaGotcha,StrengthSap,ShadowBall,Protect|Modest|||||50|]Farigiraf||MentalHerb|SapSipper|HyperVoice,SkillSwap,TrickRoom,Imprison|Modest||F|||50|
|
|t:|1784327043
|teamsize|p1|4
|teamsize|p2|4
|start
|switch|p1a: Sinistcha|Sinistcha-Masterpiece, L50|100/100
|switch|p1b: Scrafty|Scrafty, L50, M|100/100
|switch|p2a: Swampert|Swampert, L50, F|100/100
|switch|p2b: Farigiraf|Farigiraf, L50, F|100/100
|-ability|p1b: Scrafty|Intimidate|boost
|-unboost|p2a: Swampert|atk|1
|-unboost|p2b: Farigiraf|atk|1
|turn|1
|l|☆kapieelektross
|player|p1|
|
|t:|1784327069
|switch|p2a: Sinistcha|Sinistcha, L50|100/100
|move|p1b: Scrafty|Protect|p1b: Scrafty
|-singleturn|p1b: Scrafty|Protect
|move|p2b: Farigiraf|Shadow Ball|p1a: Sinistcha
|-supereffective|p1a: Sinistcha|1
|-damage|p1a: Sinistcha|41/100
|-enditem|p1a: Sinistcha|Sitrus Berry|[eat]
|-heal|p1a: Sinistcha|66/100|[from] item: Sitrus Berry
|move|p1a: Sinistcha|Trick Room|p1a: Sinistcha
|-fieldstart|move: Trick Room|[of] p1a: Sinistcha
|
|upkeep
|turn|2
|j|☆kapieelektross
|player|p1|kapieelektross|lusamine-nihilego|
|
|t:|1784327093
|detailschange|p1b: Scrafty|Scrafty-Mega, L50, M
|-mega|p1b: Scrafty|Scrafty|Scraftinite
|-ability|p1b: Scrafty|Intimidate|boost
|-unboost|p2a: Sinistcha|atk|1
|-unboost|p2b: Farigiraf|atk|1
|move|p1b: Scrafty|Crunch|p2b: Farigiraf
|-resisted|p2b: Farigiraf|1
|-damage|p2b: Farigiraf|56/100
|-unboost|p2b: Farigiraf|def|1
|replace|p2b: Zoroark|Zoroark, L50, F
|-end|p2b: Zoroark|Illusion
|move|p1a: Sinistcha|Shadow Ball|p2a: Sinistcha
|-supereffective|p2a: Sinistcha|1
|-damage|p2a: Sinistcha|24/100
|-unboost|p2a: Sinistcha|spd|1
|-enditem|p2a: Sinistcha|Sitrus Berry|[eat]
|-heal|p2a: Sinistcha|49/100|[from] item: Sitrus Berry
|move|p2a: Sinistcha|Strength Sap|p1b: Scrafty
|-unboost|p1b: Scrafty|atk|1
|-heal|p2a: Sinistcha|100/100
|move|p2b: Zoroark|Shadow Ball|p1a: Sinistcha
|-supereffective|p1a: Sinistcha|1
|-damage|p1a: Sinistcha|6/100
|
|upkeep
|turn|3
|
|t:|1784327119
|move|p1b: Scrafty|Crunch|p2a: Sinistcha
|-supereffective|p2a: Sinistcha|1
|-damage|p2a: Sinistcha|39/100
|move|p1a: Sinistcha|Matcha Gotcha|p2a: Sinistcha|[spread] p2a
|-miss|p1a: Sinistcha|p2b: Zoroark
|-resisted|p2a: Sinistcha|1
|-damage|p2a: Sinistcha|15/100
|-heal|p1a: Sinistcha|18/100|[from] drain|[of] p2a: Sinistcha
|-status|p2a: Sinistcha|brn
|move|p2a: Sinistcha|Matcha Gotcha|p1b: Scrafty|[spread] p1a,p1b
|-resisted|p1a: Sinistcha|1
|-damage|p1a: Sinistcha|1/100
|-heal|p2a: Sinistcha|24/100 brn|[from] drain|[of] p1a: Sinistcha
|-damage|p1b: Scrafty|73/100
|-heal|p2a: Sinistcha|37/100 brn|[from] drain|[of] p1b: Scrafty
|-status|p1b: Scrafty|brn
|move|p2b: Zoroark|Snarl|p1a: Sinistcha|[spread] p1a,p1b
|-supereffective|p1a: Sinistcha|1
|-resisted|p1b: Scrafty|2
|-damage|p1a: Sinistcha|0 fnt
|-damage|p1b: Scrafty|69/100 brn
|-unboost|p1b: Scrafty|spa|1
|faint|p1a: Sinistcha
|
|-damage|p1b: Scrafty|63/100 brn|[from] brn
|-damage|p2a: Sinistcha|30/100 brn|[from] brn
|upkeep
|
|t:|1784327123
|switch|p1a: Drampa|Drampa, L50, M|100/100
|-ability|p1a: Drampa|Cloud Nine
|turn|4
|
|t:|1784327160
|switch|p2a: Swampert|Swampert, L50, F|100/100
|move|p1a: Drampa|Dragon Pulse|p2b: Zoroark
|-damage|p2b: Zoroark|0 fnt
|faint|p2b: Zoroark
|-damage|p1a: Drampa|90/100|[from] item: Life Orb
|move|p1b: Scrafty|Close Combat|p2a: Swampert
|-damage|p2a: Swampert|77/100
|-unboost|p1b: Scrafty|def|1
|-unboost|p1b: Scrafty|spd|1
|
|-damage|p1b: Scrafty|57/100 brn|[from] brn
|upkeep
|
|t:|1784327174
|switch|p2b: Farigiraf|Farigiraf, L50, F|100/100
|turn|5
|
|t:|1784327194
|switch|p1b: Armarouge|Armarouge, L50, M|100/100
|detailschange|p2a: Swampert|Swampert-Mega, L50, F
|-mega|p2a: Swampert|Swampert|Swampertite
|move|p1a: Drampa|Hyper Voice|p2a: Swampert|[spread] p2a,p2b
|-damage|p2a: Swampert|37/100
|-damage|p2b: Farigiraf|50/100g
|-damage|p1a: Drampa|80/100|[from] item: Life Orb
|move|p2b: Farigiraf|Skill Swap|p2a: Swampert
|-activate|p2b: Farigiraf|Skill Swap|||[of] p2a: Swampert
|move|p2a: Swampert|Ice Punch|p1a: Drampa
|-supereffective|p1a: Drampa|1
|-damage|p1a: Drampa|15/100
|
|-fieldend|move: Trick Room
|upkeep
|turn|6
|
|t:|1784327214
|switch|p2b: Sinistcha|Sinistcha, L50|30/100 brn
|-heal|p2a: Swampert|62/100|[from] ability: Hospitality|[of] p2b: Sinistcha
|move|p2a: Swampert|Earthquake|p1b: Armarouge|[spread] p2b,p1a,p1b
|-resisted|p2b: Sinistcha|1
|-supereffective|p1b: Armarouge|1
|-damage|p2b: Sinistcha|8/100 brn
|-damage|p1a: Drampa|0 fnt
|-damage|p1b: Armarouge|5/100
|faint|p1a: Drampa
|move|p1b: Armarouge|Trick Room|p1b: Armarouge
|-fieldstart|move: Trick Room|[of] p1b: Armarouge
|
|-damage|p2b: Sinistcha|2/100 brn|[from] brn
|upkeep
|
|t:|1784327221
|switch|p1a: Scrafty|Scrafty-Mega, L50, M|57/100 brn
|-ability|p1a: Scrafty|Intimidate|boost
|-unboost|p2a: Swampert|atk|1
|-unboost|p2b: Sinistcha|atk|1
|turn|7
|
|t:|1784327247
|switch|p2b: Farigiraf|Farigiraf, L50, F|50/100g
|move|p2a: Swampert|Protect|p2a: Swampert
|-singleturn|p2a: Swampert|Protect
|move|p1a: Scrafty|Fake Out|p2a: Swampert
|-activate|p2a: Swampert|move: Protect
|move|p1b: Armarouge|Psychic|p2a: Swampert
|-activate|p2a: Swampert|move: Protect
|
|-damage|p1a: Scrafty|51/100 brn|[from] brn
|upkeep
|turn|8
|
|t:|1784327272
|switch|p2b: Sinistcha|Sinistcha, L50|2/100 brn
|-heal|p2a: Swampert|86/100|[from] ability: Hospitality|[of] p2b: Sinistcha
|move|p1a: Scrafty|Close Combat|p2a: Swampert
|-damage|p2a: Swampert|59/100
|-unboost|p1a: Scrafty|def|1
|-unboost|p1a: Scrafty|spd|1
|move|p1b: Armarouge|Psychic|p2a: Swampert
|-damage|p2a: Swampert|28/100
|move|p2a: Swampert|Earthquake|p1a: Scrafty|[spread] p2b,p1a,p1b
|-resisted|p2b: Sinistcha|1
|-supereffective|p1b: Armarouge|1
|-crit|p1b: Armarouge
|-damage|p2b: Sinistcha|0 fnt
|-damage|p1a: Scrafty|13/100 brn
|-damage|p1b: Armarouge|0 fnt
|faint|p2b: Sinistcha
|faint|p1b: Armarouge
|
|-damage|p1a: Scrafty|7/100 brn|[from] brn
|upkeep
|-message|kapieelektross forfeited.
|raw|kapieelektross's rating: 1090 → 1061(-29 for losing)
|raw|TheGreatMutwa's rating: 1000 → 1050(+50 for winning)
|
|win|TheGreatMutwa
|l| kapieelektross
