|j|☆higigig
|j|☆anino23
|html|higigiganino23    
|uhtml|bestof|Game 2 of a best-of-3
|t:|1756266143
|gametype|doubles
|player|p1|higigig|sisandbro|1038
|player|p2|anino23|101|1039
|gen|9
|tier|[Gen 9] VGC 2025 Reg H (Bo3)
|rated|
|rule|Species Clause: Limit one of each Pokémon
|rule|Item Clause: Limit 1 of each item
|clearpoke
|poke|p1|Sneasler, L50, M|
|poke|p1|Gholdengo, L50|
|poke|p1|Amoonguss, L50, F|
|poke|p1|Incineroar, L50, M|
|poke|p1|Farigiraf, L50, M|
|poke|p1|Ursaluna-Bloodmoon, L50, M|
|poke|p2|Jolteon, L50, F|
|poke|p2|Dragonite, L50, F|
|poke|p2|Porygon2, L50|
|poke|p2|Ursaluna, L50, M|
|poke|p2|Incineroar, L50, M|
|poke|p2|Gholdengo, L50|
|teampreview|4
|showteam|p1|Sneasler||ClearAmulet|PoisonTouch|FakeOut,CloseCombat,DireClaw,Protect|||M|||50|,,,,,Fighting]Gholdengo||MetalCoat|GoodasGold|NastyPlot,MakeItRain,ShadowBall,Protect||||||50|,,,,,Water]Amoonguss||SitrusBerry|Regenerator|SludgeBomb,PollenPuff,Spore,RagePowder|||F|||50|,,,,,Water]Incineroar||SafetyGoggles|Intimidate|FakeOut,FlareBlitz,KnockOff,PartingShot|||M|||50|,,,,,Ghost]Farigiraf||MentalHerb|ArmorTail|Psychic,Imprison,TrickRoom,Protect|||M|||50|,,,,,Grass]Ursaluna-Bloodmoon||ThroatSpray|MindsEye|HyperVoice,EarthPower,BloodMoon,Protect|||M|||50|,,,,,Normal
|showteam|p2|Jolteon||FocusSash|VoltAbsorb|Electroweb,Detect,Thunderbolt,VoltSwitch|||F|||50|,,,,,Electric]Dragonite||LoadedDice|Multiscale|ScaleShot,ExtremeSpeed,Protect,Tailwind|||F|||50|,,,,,Normal]Porygon2||Eviolite|Download|TrickRoom,IceBeam,Recover,TeraBlast||||||50|,,,,,Fairy]Ursaluna||FlameOrb|Guts|Facade,HeadlongRush,Earthquake,Protect|||M|||50|,,,,,Ghost]Incineroar||SafetyGoggles|Intimidate|FakeOut,PartingShot,FlareBlitz,KnockOff|||M|||50|,,,,,Grass]Gholdengo||ChoiceSpecs|GoodasGold|MakeItRain,ShadowBall,Trick,DazzlingGleam||||||50|,,,,,Steel
|inactive|Battle timer is ON: inactive players will automatically lose when time's up. (requested by higigig)
|inactive|higigig has 60 seconds left.
|inactive|anino23 has 60 seconds left.
|
|t:|1756266194
|teamsize|p1|4
|teamsize|p2|4
|start
|switch|p1a: Sneasler|Sneasler, L50, M|100/100
|switch|p1b: Gholdengo|Gholdengo, L50|100/100
|switch|p2a: Porygon2|Porygon2, L50|100/100
|switch|p2b: Incineroar|Incineroar, L50, M|100/100
|-ability|p2b: Incineroar|Intimidate|boost
|-fail|p1a: Sneasler|unboost|[from] item: Clear Amulet|[of] p1a: Sneasler
|-unboost|p1b: Gholdengo|atk|1
|-ability|p2a: Porygon2|Download|boost
|-boost|p2a: Porygon2|atk|1
|turn|1
|inactive|anino23 has 30 seconds left.
|inactive|higigig has 30 seconds left.
|inactive|anino23 has 20 seconds left.
|inactive|higigig has 20 seconds left.
|inactive|higigig has 15 seconds left.
|inactive|higigig has 10 seconds left.
|inactive|higigig has 5 seconds left.
|
|t:|1756266256
|switch|p1b: Incineroar|Incineroar, L50, M|100/100
|-ability|p1b: Incineroar|Intimidate|boost
|-unboost|p2a: Porygon2|atk|1
|-unboost|p2b: Incineroar|atk|1
|-terastallize|p2b: Incineroar|Grass
|move|p1a: Sneasler|Dire Claw|p2a: Porygon2
|-damage|p2a: Porygon2|73/100
|move|p2b: Incineroar|Knock Off|p1b: Incineroar
|-resisted|p1b: Incineroar
|-damage|p1b: Incineroar|88/100
|-enditem|p1b: Incineroar|Safety Goggles|[from] move: Knock Off|[of] p2b: Incineroar
|move|p2a: Porygon2|Trick Room|p2a: Porygon2
|-fieldstart|move: Trick Room|[of] p2a: Porygon2
|
|upkeep
|turn|2
|inactive|higigig has 30 seconds left.
|inactive|anino23 has 30 seconds left.
|
|t:|1756266286
|switch|p2b: Gholdengo|Gholdengo, L50|100/100
|move|p1b: Incineroar|Fake Out|p2a: Porygon2
|-damage|p2a: Porygon2|66/100
|cant|p2a: Porygon2|flinch
|move|p1a: Sneasler|Dire Claw|p2b: Gholdengo
|-immune|p2b: Gholdengo
|
|upkeep
|turn|3
|inactive|anino23 has 30 seconds left.
|inactive|anino23 has 20 seconds left.
|inactive|anino23 has 15 seconds left.
|inactive|anino23 has 10 seconds left.
|inactive|anino23 has 5 seconds left.
|
|t:|1756266341
|move|p1b: Incineroar|Flare Blitz|p2b: Gholdengo
|-supereffective|p2b: Gholdengo
|-damage|p2b: Gholdengo|0 fnt
|faint|p2b: Gholdengo
|-damage|p1b: Incineroar|60/100|[from] Recoil
|move|p2a: Porygon2|Ice Beam|p1a: Sneasler
|-damage|p1a: Sneasler|70/100
|move|p1a: Sneasler|Dire Claw|p2a: Porygon2
|-damage|p2a: Porygon2|42/100
|-status|p2a: Porygon2|par
|
|upkeep
|
|t:|1756266352
|switch|p2b: Ursaluna|Ursaluna, L50, M|100/100
|turn|4
|
|t:|1756266368
|switch|p1a: Farigiraf|Farigiraf, L50, M|100/100
|move|p2a: Porygon2|Recover|p2a: Porygon2
|-heal|p2a: Porygon2|92/100 par
|move|p1b: Incineroar|Parting Shot|p2a: Porygon2
|-unboost|p2a: Porygon2|atk|1
|-unboost|p2a: Porygon2|spa|1
|
|t:|1756266385
|switch|p1b: Sneasler|Sneasler, L50, M|70/100|[from] Parting Shot
|move|p2b: Ursaluna|Earthquake|p1b: Sneasler|[spread] p2a,p1a,p1b
|-supereffective|p1b: Sneasler
|-damage|p2a: Porygon2|65/100 par
|-damage|p1a: Farigiraf|66/100
|-damage|p1b: Sneasler|0 fnt
|faint|p1b: Sneasler
|
|-status|p2b: Ursaluna|brn|[from] item: Flame Orb
|upkeep
|
|t:|1756266393
|switch|p1b: Incineroar|Incineroar, L50, M|60/100
|-ability|p1b: Incineroar|Intimidate|boost
|-unboost|p2a: Porygon2|atk|1
|-unboost|p2b: Ursaluna|atk|1
|turn|5
|inactive|anino23 has 30 seconds left.
|inactive|anino23 has 20 seconds left.
|inactive|anino23 has 15 seconds left.
|
|t:|1756266434
|move|p1b: Incineroar|Fake Out|p2b: Ursaluna
|-damage|p2b: Ursaluna|91/100 brn
|move|p2a: Porygon2|Tera Blast|p1a: Farigiraf
|-damage|p1a: Farigiraf|45/100
|move|p1a: Farigiraf|Imprison|p1a: Farigiraf
|-start|p1a: Farigiraf|move: Imprison
|cant|p2b: Ursaluna|flinch
|
|-damage|p2b: Ursaluna|85/100 brn|[from] brn
|-fieldend|move: Trick Room
|upkeep
|turn|6
|inactive|anino23 has 30 seconds left.
|inactive|anino23 has 20 seconds left.
|
|t:|1756266470
|move|p1a: Farigiraf|Protect|p1a: Farigiraf
|-singleturn|p1a: Farigiraf|Protect
|move|p2b: Ursaluna|Headlong Rush|p1b: Incineroar
|-supereffective|p1b: Incineroar
|-damage|p1b: Incineroar|0 fnt
|-unboost|p2b: Ursaluna|def|1
|-unboost|p2b: Ursaluna|spd|1
|faint|p1b: Incineroar
|cant|p2a: Porygon2|par
|
|-damage|p2b: Ursaluna|78/100 brn|[from] brn
|upkeep
|
|t:|1756266476
|switch|p1b: Gholdengo|Gholdengo, L50|100/100
|turn|7
|inactive|higigig has 30 seconds left.
|inactive|higigig has 20 seconds left.
|inactive|higigig has 15 seconds left.
|inactive|higigig has 10 seconds left.
|inactive|higigig has 5 seconds left.
|
|t:|1756266527
|switch|p2b: Incineroar|Incineroar, L50, M, tera:Grass|100/100
|-ability|p2b: Incineroar|Intimidate|boost
|-unboost|p1a: Farigiraf|atk|1
|-unboost|p1b: Gholdengo|atk|1
|-terastallize|p1b: Gholdengo|Water
|move|p1b: Gholdengo|Make It Rain|p2a: Porygon2|[spread] p2a,p2b
|-damage|p2a: Porygon2|27/100 par
|-damage|p2b: Incineroar|57/100
|-unboost|p1b: Gholdengo|spa|1
|move|p1a: Farigiraf|Psychic|p2b: Incineroar
|-damage|p2b: Incineroar|31/100
|-unboost|p2b: Incineroar|spd|1
|move|p2a: Porygon2|Recover|p2a: Porygon2
|-heal|p2a: Porygon2|77/100 par
|
|upkeep
|turn|8
|inactive|anino23 has 30 seconds left.
|inactive|anino23 has 20 seconds left.
|
|t:|1756266564
|switch|p2a: Ursaluna|Ursaluna, L50, M|78/100 brn
|move|p2b: Incineroar|Fake Out||[still]
|cant|p1a: Farigiraf|ability: Armor Tail|Fake Out|[of] p2b: Incineroar
|move|p1b: Gholdengo|Nasty Plot|p1b: Gholdengo
|-boost|p1b: Gholdengo|spa|2
|move|p1a: Farigiraf|Psychic|p2b: Incineroar
|-crit|p2b: Incineroar
|-damage|p2b: Incineroar|0 fnt
|faint|p2b: Incineroar
|
|-damage|p2a: Ursaluna|72/100 brn|[from] brn
|upkeep
|
|t:|1756266576
|switch|p2b: Porygon2|Porygon2, L50|77/100 par
|-ability|p2b: Porygon2|Download|boost
|-boost|p2b: Porygon2|spa|1
|turn|9
|
|t:|1756266595
|move|p1b: Gholdengo|Make It Rain|p2b: Porygon2|[spread] p2a,p2b
|-damage|p2a: Ursaluna|0 fnt
|-damage|p2b: Porygon2|26/100 par
|-unboost|p1b: Gholdengo|spa|1
|faint|p2a: Ursaluna
|move|p1a: Farigiraf|Psychic|p2b: Porygon2
|-damage|p2b: Porygon2|4/100 par
|move|p2b: Porygon2|Tera Blast|p1b: Gholdengo
|-damage|p1b: Gholdengo|57/100
|
|upkeep
|turn|10
|-message|anino23 forfeited.
|
|win|higigig
|raw|higigig's rating: 1038 → 1072(+34 for winning)
|raw|anino23's rating: 1039 → 1023(-16 for losing)
