|j|☆higigig
|j|☆Le P VGC
|html|higigigLe P VGC    
|uhtml|bestof|Game 3 of a best-of-3
|t:|1756633519
|gametype|doubles
|player|p1|higigig|sisandbro|1223
|player|p2|Le P VGC|lucian|1128
|gen|9
|tier|[Gen 9] VGC 2025 Reg H (Bo3)
|rated|
|rule|Species Clause: Limit one of each Pokémon
|rule|Item Clause: Limit 1 of each item
|clearpoke
|poke|p1|Sneasler, L50, M|
|poke|p1|Gholdengo, L50|
|poke|p1|Amoonguss, L50, M|
|poke|p1|Incineroar, L50, F|
|poke|p1|Dragonite, L50, F|
|poke|p1|Ursaluna-Bloodmoon, L50, M|
|poke|p2|Ursaluna, L50, F|
|poke|p2|Incineroar, L50, M|
|poke|p2|Jumpluff, L50, F|
|poke|p2|Torkoal, L50, F|
|poke|p2|Charizard, L50, F|
|poke|p2|Porygon2, L50|
|teampreview|4
|showteam|p1|Sneasler||ClearAmulet|PoisonTouch|FakeOut,CloseCombat,DireClaw,Protect|||M|||50|,,,,,Water]Gholdengo||MetalCoat|GoodasGold|NastyPlot,MakeItRain,ShadowBall,Protect||||||50|,,,,,Water]Amoonguss||MentalHerb|Regenerator|Spore,RagePowder,PollenPuff,Protect|||M|||50|,,,,,Water]Incineroar||SafetyGoggles|Intimidate|FakeOut,FlareBlitz,KnockOff,PartingShot|||F|||50|,,,,,Ghost]Dragonite||LoadedDice|Multiscale|ScaleShot,Haze,Tailwind,Protect|||F|||50|,,,,,Fairy]Ursaluna-Bloodmoon||LifeOrb|MindsEye|HyperVoice,EarthPower,BloodMoon,Protect|||M|||50|,,,,,Poison
|showteam|p2|Ursaluna||FlameOrb|Guts|Earthquake,Facade,HeadlongRush,Protect|||F|||50|,,,,,Ghost]Incineroar||SafetyGoggles|Intimidate|FakeOut,FlareBlitz,KnockOff,PartingShot|||M|||50|,,,,,Ghost]Jumpluff||CovertCloak|Chlorophyll|SleepPowder,Tailwind,RagePowder,SunnyDay|||F|||50|,,,,,Water]Torkoal||EjectPack|Drought|Eruption,Overheat,Protect,HelpingHand|||F|||50|,,,,,Fire]Charizard||ChoiceSpecs|SolarPower|HeatWave,AirSlash,WeatherBall,Overheat|||F|||50|,,,,,Ghost]Porygon2||Eviolite|Download|TeraBlast,TrickRoom,Recover,IceBeam||||||50|,,,,,Fighting
|inactive|Battle timer is ON: inactive players will automatically lose when time's up. (requested by higigig)
|
|t:|1756633547
|teamsize|p1|4
|teamsize|p2|4
|start
|switch|p1a: Sneasler|Sneasler, L50, M|100/100
|switch|p1b: Ursaluna|Ursaluna-Bloodmoon, L50, M|100/100
|switch|p2a: Porygon2|Porygon2, L50|100/100
|switch|p2b: Torkoal|Torkoal, L50, F|100/100
|-ability|p2a: Porygon2|Download|boost
|-boost|p2a: Porygon2|spa|1
|-weather|SunnyDay|[from] ability: Drought|[of] p2b: Torkoal
|turn|1
|
|t:|1756633571
|-terastallize|p2a: Porygon2|Fighting
|move|p1a: Sneasler|Fake Out|p2a: Porygon2
|-damage|p2a: Porygon2|92/100
|move|p1b: Ursaluna|Blood Moon|p2b: Torkoal
|-damage|p2b: Torkoal|0 fnt
|faint|p2b: Torkoal
|-damage|p1b: Ursaluna|91/100|[from] item: Life Orb
|cant|p2a: Porygon2|flinch
|
|-weather|SunnyDay|[upkeep]
|upkeep
|
|t:|1756633584
|switch|p2b: Incineroar|Incineroar, L50, M|100/100
|-ability|p2b: Incineroar|Intimidate|boost
|-fail|p1a: Sneasler|unboost|[from] item: Clear Amulet|[of] p1a: Sneasler
|-unboost|p1b: Ursaluna|atk|1
|turn|2
|
|t:|1756633610
|-terastallize|p1b: Ursaluna|Poison
|move|p2b: Incineroar|Fake Out|p1a: Sneasler
|-damage|p1a: Sneasler|83/100
|cant|p1a: Sneasler|flinch
|move|p1b: Ursaluna|Earth Power|p2b: Incineroar
|-supereffective|p2b: Incineroar
|-damage|p2b: Incineroar|0 fnt
|faint|p2b: Incineroar
|-damage|p1b: Ursaluna|81/100|[from] item: Life Orb
|move|p2a: Porygon2|Trick Room|p2a: Porygon2
|-fieldstart|move: Trick Room|[of] p2a: Porygon2
|
|-weather|SunnyDay|[upkeep]
|upkeep
|
|t:|1756633618
|switch|p2b: Ursaluna|Ursaluna, L50, F|100/100
|turn|3
|
|t:|1756633638
|switch|p1a: Dragonite|Dragonite, L50, F|100/100
|move|p2a: Porygon2|Ice Beam|p1b: Ursaluna
|-damage|p1b: Ursaluna|45/100
|move|p2b: Ursaluna|Earthquake|p1b: Ursaluna|[spread] p2a,p1b
|-immune|p1a: Dragonite
|-supereffective|p1b: Ursaluna
|-damage|p2a: Porygon2|68/100
|-damage|p1b: Ursaluna|0 fnt
|faint|p1b: Ursaluna
|
|-weather|SunnyDay|[upkeep]
|-status|p2b: Ursaluna|brn|[from] item: Flame Orb
|upkeep
|inactive|higigig has 30 seconds left.
|
|t:|1756633664
|switch|p1b: Sneasler|Sneasler, L50, M|83/100
|turn|4
|
|t:|1756633669
|move|p1b: Sneasler|Fake Out|p2b: Ursaluna
|-damage|p2b: Ursaluna|88/100 brn
|move|p2a: Porygon2|Ice Beam|p1a: Dragonite
|-supereffective|p1a: Dragonite
|-damage|p1a: Dragonite|35/100
|cant|p2b: Ursaluna|flinch
|move|p1a: Dragonite|Scale Shot|p2a: Porygon2
|-damage|p2a: Porygon2|60/100
|-damage|p2a: Porygon2|52/100
|-damage|p2a: Porygon2|44/100
|-damage|p2a: Porygon2|36/100
|-hitcount|p2a: Porygon2|4
|-unboost|p1a: Dragonite|def|1
|-boost|p1a: Dragonite|spe|1
|
|-weather|SunnyDay|[upkeep]
|-damage|p2b: Ursaluna|83/100 brn|[from] brn
|upkeep
|turn|5
|
|t:|1756633692
|switch|p1b: Gholdengo|Gholdengo, L50|100/100
|move|p1a: Dragonite|Protect|p1a: Dragonite
|-singleturn|p1a: Dragonite|Protect
|move|p2a: Porygon2|Ice Beam|p1a: Dragonite
|-activate|p1a: Dragonite|move: Protect
|move|p2b: Ursaluna|Facade|p1b: Gholdengo
|-immune|p1b: Gholdengo
|
|-weather|none
|-damage|p2b: Ursaluna|77/100 brn|[from] brn
|upkeep
|turn|6
|inactive|higigig has 30 seconds left.
|
|t:|1756633723
|move|p1b: Gholdengo|Protect|p1b: Gholdengo
|-singleturn|p1b: Gholdengo|Protect
|move|p2a: Porygon2|Recover|p2a: Porygon2
|-heal|p2a: Porygon2|86/100
|move|p2b: Ursaluna|Facade|p1a: Dragonite
|-damage|p1a: Dragonite|0 fnt
|faint|p1a: Dragonite
|
|-damage|p2b: Ursaluna|71/100 brn|[from] brn
|-fieldend|move: Trick Room
|upkeep
|
|t:|1756633725
|switch|p1a: Sneasler|Sneasler, L50, M|83/100
|turn|7
|
|t:|1756633750
|move|p1a: Sneasler|Fake Out|p2b: Ursaluna
|-damage|p2b: Ursaluna|59/100 brn
|move|p1b: Gholdengo|Nasty Plot|p1b: Gholdengo
|-boost|p1b: Gholdengo|spa|2
|cant|p2b: Ursaluna|flinch
|move|p2a: Porygon2|Trick Room|p2a: Porygon2
|-fieldstart|move: Trick Room|[of] p2a: Porygon2
|
|-damage|p2b: Ursaluna|53/100 brn|[from] brn
|upkeep
|turn|8
|
|t:|1756633763
|move|p2a: Porygon2|Ice Beam|p1a: Sneasler
|-damage|p1a: Sneasler|37/100
|move|p2b: Ursaluna|Earthquake|p1a: Sneasler|[spread] p2a,p1a,p1b
|-supereffective|p1a: Sneasler
|-supereffective|p1b: Gholdengo
|-damage|p2a: Porygon2|55/100
|-damage|p1a: Sneasler|0 fnt
|-damage|p1b: Gholdengo|0 fnt
|faint|p1a: Sneasler
|faint|p1b: Gholdengo
|
|win|Le P VGC
|raw|higigig's rating: 1223 → 1191(-32 for losing)
|raw|Le P VGC's rating: 1128 → 1160(+32 for winning)
