|j|☆randomguy1114s
|j|☆Hactor-gv128
|html|randomguy1114sHactor-gv128    
|uhtml|bestof|Game 1 of a best-of-3
|t:|1756520602
|gametype|doubles
|player|p1|randomguy1114s|lillie-masters|1179
|player|p2|Hactor-gv128|265|1088
|gen|9
|tier|[Gen 9] VGC 2025 Reg H (Bo3)
|rated|
|rule|Species Clause: Limit one of each Pokémon
|rule|Item Clause: Limit 1 of each item
|clearpoke
|poke|p1|Archaludon, L50, F|
|poke|p1|Pelipper, L50, F|
|poke|p1|Rillaboom, L50, M|
|poke|p1|Incineroar, L50, M|
|poke|p1|Gholdengo, L50|
|poke|p1|Sneasler, L50, M|
|poke|p2|Whimsicott, L50, F|
|poke|p2|Kingambit, L50, F|
|poke|p2|Ursaluna-Bloodmoon, L50, M|
|poke|p2|Electabuzz, L50, F|
|poke|p2|Basculegion, L50, M|
|poke|p2|Sneasler, L50, M|
|teampreview|4
|showteam|p1|Archaludon||PowerHerb|Sturdy|ElectroShot,DragonPulse,FlashCannon,Protect|||F|||50|,,,,,Electric]Pelipper||ChoiceScarf|Drizzle|Tailwind,MuddyWater,Hurricane,WeatherBall|||F|||50|,,,,,Ghost]Rillaboom||AssaultVest|GrassySurge|FakeOut,WoodHammer,GrassyGlide,Uturn|||M|||50|,,,,,Fire]Incineroar||SafetyGoggles|Intimidate|FakeOut,KnockOff,Taunt,PartingShot|||M|||50|,,,,,Ghost]Gholdengo||MetalCoat|GoodasGold|NastyPlot,MakeItRain,ShadowBall,Protect||||||50|,,,,,Dragon]Sneasler||GrassySeed|Unburden|CloseCombat,DireClaw,ThroatChop,Protect|||M|||50|,,,,,Dark
|showteam|p2|Whimsicott||CovertCloak|Prankster|Tailwind,Encore,Moonblast,LightScreen|||F|||50|,,,,,Water]Kingambit||BlackGlasses|Defiant|KowtowCleave,SuckerPunch,SwordsDance,Protect|||F|||50|,,,,,Dark]Ursaluna-Bloodmoon||LifeOrb|MindsEye|HyperVoice,EarthPower,BloodMoon,Protect|||M|||50|,,,,,Normal]Electabuzz||Eviolite|VitalSpirit|Electroweb,Taunt,FollowMe,Protect|||F|||50|,,,,,Dragon]Basculegion||ChoiceBand|Adaptability|WaveCrash,LastRespects,HeadSmash,AquaJet|||M|||50|,,,,,Water]Sneasler||FocusSash|Unburden|ThroatChop,DireClaw,CloseCombat,Protect|||M|||50|,,,,,Stellar
|
|t:|1756520640
|teamsize|p1|4
|teamsize|p2|4
|start
|switch|p1a: Pelicopter|Pelipper, L50, F, shiny|100/100
|switch|p1b: its my bridge!|Archaludon, L50, F, shiny|100/100
|switch|p2a: Whimsicott|Whimsicott, L50, F|100/100
|switch|p2b: Sneasler|Sneasler, L50, M|100/100
|-weather|RainDance|[from] ability: Drizzle|[of] p1a: Pelicopter
|turn|1
|
|t:|1756520659
|move|p2a: Whimsicott|Tailwind|p2a: Whimsicott
|-sidestart|p2: Hactor-gv128|move: Tailwind
|move|p2b: Sneasler|Dire Claw|p1a: Pelicopter
|-damage|p1a: Pelicopter|45/100
|-status|p1a: Pelicopter|slp
|cant|p1a: Pelicopter|slp
|move|p1b: its my bridge!|Electro Shot||[still]
|-prepare|p1b: its my bridge!|Electro Shot
|-boost|p1b: its my bridge!|spa|1
|-anim|p1b: its my bridge!|Electro Shot|p2b: Sneasler
|-damage|p2b: Sneasler|7/100
|
|-weather|RainDance|[upkeep]
|upkeep
|turn|2
|c|☆randomguy1114s|rlly
|c|☆randomguy1114s|thats bs
|
|t:|1756520678
|move|p2b: Sneasler|Close Combat|p1b: its my bridge!
|-supereffective|p1b: its my bridge!
|-crit|p1b: its my bridge!
|-ability|p1b: its my bridge!|Sturdy
|-damage|p1b: its my bridge!|1/100
|-unboost|p2b: Sneasler|def|1
|-unboost|p2b: Sneasler|spd|1
|move|p2a: Whimsicott|Moonblast|p1b: its my bridge!
|-damage|p1b: its my bridge!|0 fnt
|faint|p1b: its my bridge!
|cant|p1a: Pelicopter|slp
|
|-weather|RainDance|[upkeep]
|upkeep
|
|t:|1756520687
|switch|p1b: monke|Rillaboom, L50, M, shiny|100/100
|-fieldstart|move: Grassy Terrain|[from] ability: Grassy Surge|[of] p1b: monke
|turn|3
|
|t:|1756520695
|move|p2b: Sneasler|Protect|p2b: Sneasler
|-singleturn|p2b: Sneasler|Protect
|move|p2a: Whimsicott|Moonblast|p1a: Pelicopter
|-damage|p1a: Pelicopter|0 fnt
|faint|p1a: Pelicopter
|move|p1b: monke|Wood Hammer|p2a: Whimsicott
|-resisted|p2a: Whimsicott
|-damage|p2a: Whimsicott|45/100
|-damage|p1b: monke|87/100|[from] Recoil
|
|-weather|RainDance|[upkeep]
|-heal|p2b: Sneasler|13/100|[from] Grassy Terrain
|-heal|p2a: Whimsicott|52/100|[from] Grassy Terrain
|-heal|p1b: monke|93/100|[from] Grassy Terrain
|upkeep
|
|t:|1756520701
|switch|p1a: Midcineroar|Incineroar, L50, M, shiny|100/100
|-ability|p1a: Midcineroar|Intimidate|boost
|-unboost|p2a: Whimsicott|atk|1
|-unboost|p2b: Sneasler|atk|1
|turn|4
|
|t:|1756520706
|move|p1a: Midcineroar|Fake Out|p2b: Sneasler
|-damage|p2b: Sneasler|0 fnt
|faint|p2b: Sneasler
|move|p2a: Whimsicott|Moonblast|p1a: Midcineroar
|-damage|p1a: Midcineroar|77/100
|move|p1b: monke|Wood Hammer|p2a: Whimsicott
|-resisted|p2a: Whimsicott
|-damage|p2a: Whimsicott|0 fnt
|faint|p2a: Whimsicott
|-damage|p1b: monke|81/100|[from] Recoil
|
|-weather|RainDance|[upkeep]
|-heal|p1b: monke|87/100|[from] Grassy Terrain
|-heal|p1a: Midcineroar|83/100|[from] Grassy Terrain
|-sideend|p2: Hactor-gv128|move: Tailwind
|upkeep
|
|t:|1756520708
|switch|p2b: Ursaluna|Ursaluna-Bloodmoon, L50, M|100/100
|switch|p2a: Kingambit|Kingambit, L50, F|100/100
|turn|5
|
|t:|1756520721
|-terastallize|p2b: Ursaluna|Normal
|move|p2a: Kingambit|Sucker Punch|p1b: monke
|-damage|p1b: monke|43/100
|move|p1b: monke|Wood Hammer|p2b: Ursaluna
|-damage|p2b: Ursaluna|32/100
|-damage|p1b: monke|23/100|[from] Recoil
|move|p2b: Ursaluna|Hyper Voice|p1a: Midcineroar|[spread] p1a,p1b
|-damage|p1a: Midcineroar|34/100
|-damage|p1b: monke|0 fnt
|faint|p1b: monke
|-damage|p2b: Ursaluna|23/100|[from] item: Life Orb
|move|p1a: Midcineroar|Taunt|p2a: Kingambit
|-start|p2a: Kingambit|move: Taunt
|
|-weather|none
|-heal|p2b: Ursaluna|29/100|[from] Grassy Terrain
|-heal|p1a: Midcineroar|40/100|[from] Grassy Terrain
|upkeep
|turn|6
|
|t:|1756520737
|move|p2b: Ursaluna|Earth Power|p1a: Midcineroar
|-supereffective|p1a: Midcineroar
|-damage|p1a: Midcineroar|0 fnt
|faint|p1a: Midcineroar
|-damage|p2b: Ursaluna|19/100|[from] item: Life Orb
|
|win|Hactor-gv128
|c|☆Hactor-gv128|Gg
||Hactor-gv128 is ready for game 2.
