|j|☆mariocansado
|j|☆noexperiencesorry
|html|mariocansadonoexperiencesorry    
|uhtml|bestof|Game 1 of a best-of-3
|t:|1756751041
|gametype|doubles
|player|p1|mariocansado|arven-s|1204
|player|p2|noexperiencesorry|170|1163
|gen|9
|tier|[Gen 9] VGC 2025 Reg H (Bo3)
|rated|
|rule|Species Clause: Limit one of each Pokémon
|rule|Item Clause: Limit 1 of each item
|clearpoke
|poke|p1|Rillaboom, L50, F|
|poke|p1|Dragapult, L50, F|
|poke|p1|Electabuzz, L50, M|
|poke|p1|Volcarona, L50, M|
|poke|p1|Whimsicott, L50, M|
|poke|p1|Arcanine-Hisui, L50, M|
|poke|p2|Whimsicott, L50, M|
|poke|p2|Dragonite, L50, M|
|poke|p2|Rillaboom, L50, F|
|poke|p2|Ursaluna-Bloodmoon, L50, M|
|poke|p2|Electabuzz, L50, F|
|poke|p2|Volcarona, L50, M|
|teampreview|4
|showteam|p1|Rillaboom||AssaultVest|GrassySurge|FakeOut,WoodHammer,Uturn,GrassyGlide|||F|||50|,,,,,Fire]Dragapult||ChoiceBand|ClearBody|DragonDarts,Outrage,PhantomForce,Uturn|||F|||50|,,,,,Dragon]Electabuzz||Eviolite|VitalSpirit|Thunderbolt,Taunt,FollowMe,Protect|||M|||50|,,,,,Ghost]Volcarona||Leftovers|FlameBody|HeatWave,QuiverDance,Protect,GigaDrain|||M|||50|,,,,,Grass]Whimsicott||CovertCloak|Prankster|SunnyDay,Moonblast,Encore,Tailwind|||M|||50|,,,,,Dark]Arcanine-Hisui||SafetyGoggles|Intimidate|RockSlide,FlareBlitz,ExtremeSpeed,Protect|||M|||50|,,,,,Fairy
|showteam|p2|Whimsicott||CovertCloak|Prankster|Moonblast,Encore,Tailwind,SunnyDay|||M|||50|,,,,,Ghost]Dragonite||LoadedDice|Multiscale|ScaleShot,ExtremeSpeed,Haze,Protect|||M|||50|,,,,,Fairy]Rillaboom||AssaultVest|GrassySurge|FakeOut,GrassyGlide,WoodHammer,Uturn|||F|||50|,,,,,Fire]Ursaluna-Bloodmoon||LifeOrb|MindsEye|Protect,HyperVoice,EarthPower,BloodMoon|||M|||50|,,,,,Normal]Electabuzz||Eviolite|VitalSpirit|Electroweb,Taunt,Protect,FollowMe|||F|||50|,,,,,Ghost]Volcarona||Leftovers|FlameBody|HeatWave,TeraBlast,QuiverDance,Protect|||M|||50|,,,,,Fairy
|inactive|Battle timer is ON: inactive players will automatically lose when time's up. (requested by noexperiencesorry)
|
|t:|1756751081
|teamsize|p1|4
|teamsize|p2|4
|start
|switch|p1a: Dragapult|Dragapult, L50, F|100/100
|switch|p1b: Whimsicott|Whimsicott, L50, M|100/100
|switch|p2a: Ursaluna|Ursaluna-Bloodmoon, L50, M|100/100
|switch|p2b: Whimsicott|Whimsicott, L50, M|100/100
|turn|1
|inactive|noexperiencesorry has 30 seconds left.
|
|t:|1756751107
|move|p2b: Whimsicott|Tailwind|p2b: Whimsicott
|-sidestart|p2: noexperiencesorry|move: Tailwind
|move|p1b: Whimsicott|Tailwind|p1b: Whimsicott
|-sidestart|p1: mariocansado|move: Tailwind
|move|p1a: Dragapult|Dragon Darts|p2a: Ursaluna
|-damage|p2a: Ursaluna|66/100
|-anim|p1a: Dragapult|Dragon Darts|p2a: Ursaluna
|-damage|p2a: Ursaluna|31/100
|move|p2a: Ursaluna|Blood Moon|p1a: Dragapult
|-damage|p1a: Dragapult|0 fnt
|faint|p1a: Dragapult
|-damage|p2a: Ursaluna|21/100|[from] item: Life Orb
|
|upkeep
|
|t:|1756751123
|switch|p1a: Volcarona|Volcarona, L50, M|100/100
|turn|2
|
|t:|1756751135
|switch|p2a: Volcarona|Volcarona, L50, M|100/100
|move|p2b: Whimsicott|Encore|p1b: Whimsicott
|-start|p1b: Whimsicott|Encore
|move|p1b: Whimsicott|Tailwind||[still]
|-fail|p1b: Whimsicott
|move|p1a: Volcarona|Heat Wave|p2b: Whimsicott|[spread] p2a,p2b
|-supereffective|p2b: Whimsicott
|-damage|p2a: Volcarona|66/100
|-damage|p2b: Whimsicott|0 fnt
|faint|p2b: Whimsicott
|
|-heal|p2a: Volcarona|72/100|[from] item: Leftovers
|upkeep
|
|t:|1756751151
|switch|p2b: Dragonite|Dragonite, L50, M|100/100
|turn|3
|
|t:|1756751166
|switch|p1b: Arcanine|Arcanine-Hisui, L50, M|100/100
|-ability|p1b: Arcanine|Intimidate|boost
|-unboost|p2a: Volcarona|atk|1
|-unboost|p2b: Dragonite|atk|1
|move|p2a: Volcarona|Quiver Dance|p2a: Volcarona
|-boost|p2a: Volcarona|spa|1
|-boost|p2a: Volcarona|spd|1
|-boost|p2a: Volcarona|spe|1
|move|p2b: Dragonite|Scale Shot|p1b: Arcanine
|-damage|p1b: Arcanine|90/100
|-damage|p1b: Arcanine|78/100
|-damage|p1b: Arcanine|66/100
|-damage|p1b: Arcanine|55/100
|-damage|p1b: Arcanine|43/100
|-hitcount|p1b: Arcanine|5
|-unboost|p2b: Dragonite|def|1
|-boost|p2b: Dragonite|spe|1
|move|p1a: Volcarona|Heat Wave|p2a: Volcarona|[spread] p2b
|-miss|p1a: Volcarona|p2a: Volcarona
|-resisted|p2b: Dragonite
|-damage|p2b: Dragonite|91/100
|
|-heal|p2a: Volcarona|77/100|[from] item: Leftovers
|upkeep
|turn|4
|inactive|noexperiencesorry has 30 seconds left.
|inactive|mariocansado has 30 seconds left.
|
|t:|1756751208
|-terastallize|p1b: Arcanine|Fairy
|move|p2b: Dragonite|Extreme Speed|p1b: Arcanine
|-damage|p1b: Arcanine|16/100
|move|p2a: Volcarona|Heat Wave|p1a: Volcarona|[spread] 
|-miss|p2a: Volcarona|p1a: Volcarona
|-miss|p2a: Volcarona|p1b: Arcanine
|move|p1b: Arcanine|Rock Slide|p2b: Dragonite|[spread] p2a,p2b
|-supereffective|p2a: Volcarona
|-supereffective|p2b: Dragonite
|-damage|p2a: Volcarona|0 fnt
|-damage|p2b: Dragonite|0 fnt
|faint|p2a: Volcarona
|faint|p2b: Dragonite
|move|p1a: Volcarona|Quiver Dance|p1a: Volcarona
|-boost|p1a: Volcarona|spa|1
|-boost|p1a: Volcarona|spd|1
|-boost|p1a: Volcarona|spe|1
|
|-sideend|p1: mariocansado|move: Tailwind
|-sideend|p2: noexperiencesorry|move: Tailwind
|upkeep
|c|☆mariocansado|wow
|c|☆noexperiencesorry|hahahaha
|c|☆mariocansado|sorry
|c|☆noexperiencesorry|gg
|
|t:|1756751222
|switch|p2b: Ursaluna|Ursaluna-Bloodmoon, L50, M|21/100
|turn|5
|
|t:|1756751228
|move|p1a: Volcarona|Giga Drain|p2b: Ursaluna
|-supereffective|p2b: Ursaluna
|-damage|p2b: Ursaluna|0 fnt
|faint|p2b: Ursaluna
|
|win|mariocansado
||noexperiencesorry is ready for game 2.
||mariocansado is ready for game 2.
|uhtml|next|Next: Game 2 of 3
