|j|☆Pawah
|j|☆crudo de fava
|html|Pawahcrudo de fava    
|uhtml|bestof|Game 1 of a best-of-3
|t:|1756553107
|gametype|doubles
|player|p1|Pawah|ethan|1193
|player|p2|crudo de fava|cyclist-gen4|1329
|gen|9
|tier|[Gen 9] VGC 2025 Reg H (Bo3)
|rated|
|rule|Species Clause: Limit one of each Pokémon
|rule|Item Clause: Limit 1 of each item
|clearpoke
|poke|p1|Ursaluna, L50, F|
|poke|p1|Sinistcha, L50|
|poke|p1|Pelipper, L50, F|
|poke|p1|Archaludon, L50, M|
|poke|p1|Gholdengo, L50|
|poke|p1|Dragonite, L50, M|
|poke|p2|Charizard, L50, M|
|poke|p2|Torkoal, L50, F|
|poke|p2|Porygon2, L50|
|poke|p2|Incineroar, L50, F|
|poke|p2|Jumpluff, L50, F|
|poke|p2|Ursaluna, L50, F|
|teampreview|4
|showteam|p1|Ursaluna||FlameOrb|Guts|HeadlongRush,Facade,Protect,Earthquake|||F|||50|,,,,,Ghost]Sinistcha||SitrusBerry|Hospitality|RagePowder,TrickRoom,LifeDew,MatchaGotcha||||||50|,,,,,Dark]Pelipper||FocusSash|Drizzle|Hurricane,Protect,WeatherBall,WideGuard|||F|||50|,,,,,Ghost]Archaludon||AssaultVest|Stamina|ElectroShot,FlashCannon,BodyPress,DracoMeteor|||M|||50|,,,,,Bug]Gholdengo||LifeOrb|GoodasGold|MakeItRain,ShadowBall,NastyPlot,Protect||||||50|,,,,,Water]Dragonite||LoadedDice|Multiscale|Protect,ScaleShot,Tailwind,Haze|||M|||50|,,,,,Fairy
|showteam|p2|Charizard||ChoiceSpecs|SolarPower|HeatWave,Overheat,WeatherBall,AirSlash|||M|||50|,,,,,Ghost]Torkoal||EjectPack|Drought|Eruption,Overheat,HelpingHand,Protect|||F|||50|,,,,,Fire]Porygon2||Eviolite|Download|TeraBlast,IceBeam,Recover,TrickRoom||||||50|,,,,,Fighting]Incineroar||SitrusBerry|Intimidate|FlareBlitz,KnockOff,FakeOut,PartingShot|||F|||50|,,,,,Ghost]Jumpluff||CovertCloak|Chlorophyll|SleepPowder,SunnyDay,RagePowder,Tailwind|||F|||50|,,,,,Water]Ursaluna||FlameOrb|Guts|HeadlongRush,Facade,Earthquake,Protect|||F|||50|,,,,,Ghost
|inactive|Battle timer is ON: inactive players will automatically lose when time's up. (requested by Pawah)
|
|t:|1756553134
|teamsize|p1|4
|teamsize|p2|4
|start
|switch|p1a: Gholdengo|Gholdengo, L50|100/100
|switch|p1b: Dragonite|Dragonite, L50, M|100/100
|switch|p2a: Jumpluff|Jumpluff, L50, F|100/100
|switch|p2b: Porygon2|Porygon2, L50|100/100
|-ability|p2b: Porygon2|Download|boost
|-boost|p2b: Porygon2|spa|1
|turn|1
|inactive|crudo de fava has 30 seconds left.
|
|t:|1756553165
|switch|p2b: Charizard|Charizard, L50, M|100/100
|move|p2a: Jumpluff|Sleep Powder|p1b: Dragonite
|-status|p1b: Dragonite|slp|[from] move: Sleep Powder
|move|p1a: Gholdengo|Make It Rain|p2b: Charizard|[spread] p2a,p2b
|-resisted|p2b: Charizard
|-damage|p2a: Jumpluff|45/100
|-damage|p2b: Charizard|63/100
|-unboost|p1a: Gholdengo|spa|1
|-damage|p1a: Gholdengo|91/100|[from] item: Life Orb
|cant|p1b: Dragonite|slp
|
|upkeep
|turn|2
|
|t:|1756553182
|move|p1a: Gholdengo|Protect|p1a: Gholdengo
|-singleturn|p1a: Gholdengo|Protect
|move|p2a: Jumpluff|Sunny Day|p2a: Jumpluff
|-weather|SunnyDay
|move|p2b: Charizard|Heat Wave|p1b: Dragonite|[spread] p1b
|-activate|p1a: Gholdengo|move: Protect
|-resisted|p1b: Dragonite
|-damage|p1b: Dragonite|72/100 slp
|-curestatus|p1b: Dragonite|slp|[msg]
|move|p1b: Dragonite|Tailwind|p1b: Dragonite
|-sidestart|p1: Pawah|move: Tailwind
|
|-weather|SunnyDay|[upkeep]
|-damage|p2b: Charizard|50/100|[from] ability: Solar Power|[of] p2b: Charizard
|upkeep
|turn|3
|
|t:|1756553205
|switch|p2b: Porygon2|Porygon2, L50|100/100
|-ability|p2b: Porygon2|Download|boost
|-boost|p2b: Porygon2|spa|1
|-terastallize|p1a: Gholdengo|Water
|move|p2a: Jumpluff|Tailwind|p2a: Jumpluff
|-sidestart|p2: crudo de fava|move: Tailwind
|move|p1a: Gholdengo|Nasty Plot|p1a: Gholdengo
|-boost|p1a: Gholdengo|spa|2
|move|p1b: Dragonite|Scale Shot|p2b: Porygon2
|-damage|p2b: Porygon2|90/100
|-damage|p2b: Porygon2|79/100
|-damage|p2b: Porygon2|69/100
|-damage|p2b: Porygon2|59/100
|-damage|p2b: Porygon2|49/100
|-hitcount|p2b: Porygon2|5
|-unboost|p1b: Dragonite|def|1
|-boost|p1b: Dragonite|spe|1
|
|-weather|SunnyDay|[upkeep]
|upkeep
|turn|4
|
|t:|1756553227
|move|p2a: Jumpluff|Sleep Powder|p1b: Dragonite
|-status|p1b: Dragonite|slp|[from] move: Sleep Powder
|cant|p1b: Dragonite|slp
|move|p1a: Gholdengo|Make It Rain|p2a: Jumpluff|[spread] p2a,p2b
|-damage|p2a: Jumpluff|0 fnt
|-damage|p2b: Porygon2|0 fnt
|-unboost|p1a: Gholdengo|spa|1
|faint|p2a: Jumpluff
|faint|p2b: Porygon2
|-damage|p1a: Gholdengo|81/100|[from] item: Life Orb
|
|-weather|SunnyDay|[upkeep]
|upkeep
|
|t:|1756553233
|switch|p2a: Charizard|Charizard, L50, M|50/100
|switch|p2b: Torkoal|Torkoal, L50, F|100/100
|turn|5
|inactive|crudo de fava has 30 seconds left.
|
|t:|1756553265
|switch|p1b: Pelipper|Pelipper, L50, F|100/100
|-weather|RainDance|[from] ability: Drizzle|[of] p1b: Pelipper
|move|p2a: Charizard|Weather Ball|p1a: Gholdengo
|-resisted|p1a: Gholdengo
|-damage|p1a: Gholdengo|44/100
|move|p1a: Gholdengo|Shadow Ball|p2a: Charizard
|-damage|p2a: Charizard|0 fnt
|faint|p2a: Charizard
|-damage|p1a: Gholdengo|34/100|[from] item: Life Orb
|move|p2b: Torkoal|Eruption|p1b: Pelipper|[spread] p1a,p1b
|-resisted|p1a: Gholdengo
|-resisted|p1b: Pelipper
|-damage|p1a: Gholdengo|22/100
|-damage|p1b: Pelipper|78/100
|
|-weather|RainDance|[upkeep]
|-sideend|p1: Pawah|move: Tailwind
|upkeep
|turn|6
|-message|crudo de fava forfeited.
|
|win|Pawah
||crudo de fava is ready for game 2.
