|j|☆Cyberpeacock4
|j|☆jimijaymes
|html|Cyberpeacock4jimijaymes    
|uhtml|bestof|Game 1 of a best-of-3
|t:|1757791004
|gametype|doubles
|player|p1|Cyberpeacock4|falkner|1065
|player|p2|jimijaymes|169|1060
|gen|9
|tier|[Gen 9] VGC 2025 Reg H (Bo3)
|rated|
|rule|Species Clause: Limit one of each Pokémon
|rule|Item Clause: Limit 1 of each item
|clearpoke
|poke|p1|Torkoal, L50, M|
|poke|p1|Jumpluff, L50, M|
|poke|p1|Incineroar, L50, F|
|poke|p1|Charizard, L50, F|
|poke|p1|Ursaluna, L50, F|
|poke|p1|Farigiraf, L50, F|
|poke|p2|Vaporeon, L50, M|
|poke|p2|Sylveon, L50, F|
|poke|p2|Umbreon, L50, F|
|poke|p2|Espeon, L50, M|
|poke|p2|Leafeon, L50, M|
|poke|p2|Flareon, L50, M|
|teampreview|4
|showteam|p1|Torkoal||EjectButton|Drought|Eruption,Protect,Overheat,SolarBeam|||M|||50|,,,,,Fire]Jumpluff||CovertCloak|Chlorophyll|Tailwind,Encore,RagePowder,SleepPowder|||M|||50|,,,,,Fire]Incineroar||AssaultVest|Intimidate|FlareBlitz,FakeOut,KnockOff,Uturn|||F|||50|,,,,,Ghost]Charizard||ChoiceSpecs|SolarPower|HeatWave,Overheat,AirSlash,WeatherBall|||F|||50|,,,,,Fire]Ursaluna||FlameOrb|Guts|Earthquake,HeadlongRush,Protect,Facade|||F|||50|,,,,,Ghost]Farigiraf||SitrusBerry|ArmorTail|TrickRoom,HelpingHand,FoulPlay,PsychicNoise|||F|||50|,,,,,Water
|showteam|p2|Vaporeon||MysticWater|WaterAbsorb|FlipTurn,IceBeam,Scald,IcyWind|||M|||50|,,,,,Ice]Sylveon||AdrenalineOrb|Pixilate|HyperVoice,DazzlingGleam,ShadowBall,Wish|||F|||50|,,,,,Fairy]Umbreon||ChoiceScarf|InnerFocus|DarkPulse,ThunderWave,HelpingHand,ShadowBall|||F|||50|,,,,,Dark]Espeon||MentalHerb|MagicBounce|DazzlingGleam,ExpandingForce,CalmMind,ShadowBall|||M|||50|,,,,,Dark]Leafeon||SitrusBerry|Chlorophyll|SolarBlade,BatonPass,XScissor,KnockOff|||M|||50|,,,,,Bug]Flareon||FocusSash|Guts|FlareBlitz,Facade,HelpingHand,SunnyDay|||M|||50|,,,,,Normal
|inactive|Battle timer is ON: inactive players will automatically lose when time's up. (requested by jimijaymes)
|inactive|Cyberpeacock4 has 60 seconds left.
|
|t:|1757791049
|teamsize|p1|4
|teamsize|p2|4
|start
|switch|p1a: Torkoal|Torkoal, L50, M|100/100
|switch|p1b: Jumpluff|Jumpluff, L50, M|100/100
|switch|p2a: Umbreon|Umbreon, L50, F|100/100
|switch|p2b: Vaporeon|Vaporeon, L50, M|100/100
|-weather|SunnyDay|[from] ability: Drought|[of] p1a: Torkoal
|turn|1
|inactive|jimijaymes has 30 seconds left.
|
|t:|1757791076
|move|p1b: Jumpluff|Tailwind|p1b: Jumpluff
|-sidestart|p1: Cyberpeacock4|move: Tailwind
|move|p2a: Umbreon|Dark Pulse|p1a: Torkoal
|-damage|p1a: Torkoal|78/100
|-enditem|p1a: Torkoal|Eject Button
|
|t:|1757791082
|switch|p1a: Charizard|Charizard, L50, F|100/100
|move|p2b: Vaporeon|Scald|p1a: Charizard
|-supereffective|p1a: Charizard
|-damage|p1a: Charizard|36/100
|
|-weather|SunnyDay|[upkeep]
|-damage|p1a: Charizard|24/100|[from] ability: Solar Power|[of] p1a: Charizard
|upkeep
|turn|2
|
|t:|1757791102
|-terastallize|p1a: Charizard|Fire
|move|p1b: Jumpluff|Sleep Powder|p2b: Vaporeon
|-status|p2b: Vaporeon|slp|[from] move: Sleep Powder
|move|p1a: Charizard|Heat Wave|p2b: Vaporeon|[spread] p2a,p2b
|-crit|p2a: Umbreon
|-resisted|p2b: Vaporeon
|-crit|p2b: Vaporeon
|-damage|p2a: Umbreon|0 fnt
|-damage|p2b: Vaporeon|1/100 slp
|faint|p2a: Umbreon
|cant|p2b: Vaporeon|slp
|
|-weather|SunnyDay|[upkeep]
|-damage|p1a: Charizard|12/100|[from] ability: Solar Power|[of] p1a: Charizard
|upkeep
|
|t:|1757791116
|switch|p2a: Flareon|Flareon, L50, M|100/100
|turn|3
|
|t:|1757791136
|move|p2a: Flareon|Helping Hand|p2b: Vaporeon
|-singleturn|p2b: Vaporeon|Helping Hand|[of] p2a: Flareon
|move|p1b: Jumpluff|Sleep Powder|p2a: Flareon
|-status|p2a: Flareon|slp|[from] move: Sleep Powder
|move|p1a: Charizard|Heat Wave|p2b: Vaporeon|[spread] p2b
|-miss|p1a: Charizard|p2a: Flareon
|-resisted|p2b: Vaporeon
|-damage|p2b: Vaporeon|0 fnt
|faint|p2b: Vaporeon
|
|-weather|SunnyDay|[upkeep]
|-damage|p1a: Charizard|0 fnt|[from] ability: Solar Power|[of] p1a: Charizard
|faint|p1a: Charizard
|upkeep
|
|t:|1757791151
|switch|p1a: Incineroar|Incineroar, L50, F|100/100
|switch|p2b: Espeon|Espeon, L50, M|100/100
|-ability|p1a: Incineroar|Intimidate|boost
|-unboost|p2a: Flareon|atk|1
|-unboost|p2b: Espeon|atk|1
|turn|4
|
|t:|1757791163
|move|p1a: Incineroar|Fake Out|p2b: Espeon
|-damage|p2b: Espeon|81/100
|move|p1b: Jumpluff|Sleep Powder|p2b: Espeon
|move|p2b: Espeon|Sleep Powder|p1b: Jumpluff|[from] ability: Magic Bounce
|-immune|p1b: Jumpluff
|cant|p2b: Espeon|flinch
|cant|p2a: Flareon|slp
|
|-weather|SunnyDay|[upkeep]
|-sideend|p1: Cyberpeacock4|move: Tailwind
|upkeep
|turn|5
|inactive|Cyberpeacock4 has 30 seconds left.
|
|t:|1757791191
|move|p1b: Jumpluff|Tailwind|p1b: Jumpluff
|-sidestart|p1: Cyberpeacock4|move: Tailwind
|move|p2b: Espeon|Dazzling Gleam|p1a: Incineroar|[spread] p1a,p1b
|-damage|p1a: Incineroar|88/100
|-damage|p1b: Jumpluff|81/100
|move|p1a: Incineroar|Knock Off|p2b: Espeon
|-supereffective|p2b: Espeon
|-damage|p2b: Espeon|0 fnt
|-enditem|p2b: Espeon|Mental Herb|[from] move: Knock Off|[of] p1a: Incineroar
|faint|p2b: Espeon
|cant|p2a: Flareon|slp
|
|-weather|none
|upkeep
|turn|6
|
|t:|1757791208
|move|p1b: Jumpluff|Rage Powder|p1b: Jumpluff
|-singleturn|p1b: Jumpluff|move: Rage Powder
|move|p1a: Incineroar|Knock Off|p2a: Flareon
|-damage|p2a: Flareon|51/100 slp
|-enditem|p2a: Flareon|Focus Sash|[from] move: Knock Off|[of] p1a: Incineroar
|-curestatus|p2a: Flareon|slp|[msg]
|move|p2a: Flareon|Flare Blitz|p1b: Jumpluff
|-supereffective|p1b: Jumpluff
|-crit|p1b: Jumpluff
|-damage|p1b: Jumpluff|0 fnt
|faint|p1b: Jumpluff
|-damage|p2a: Flareon|23/100|[from] Recoil
|
|upkeep
|
|t:|1757791219
|switch|p1b: Torkoal|Torkoal, L50, M|78/100
|-weather|SunnyDay|[from] ability: Drought|[of] p1b: Torkoal
|turn|7
|
|t:|1757791226
|move|p1a: Incineroar|Flare Blitz|p2a: Flareon
|-resisted|p2a: Flareon
|-damage|p2a: Flareon|0 fnt
|faint|p2a: Flareon
|-damage|p1a: Incineroar|82/100|[from] Recoil
|
|win|Cyberpeacock4
||jimijaymes is ready for game 2.
||Cyberpeacock4 is ready for game 2.
|uhtml|next|Next: Game 2 of 3
|l|☆Cyberpeacock4
|player|p1|
