|j|☆elmono11
|j|☆il mule
|html|elmono11il mule    
|uhtml|bestof|Game 1 of a best-of-3
|t:|1785609670
|gametype|doubles
|player|p1|elmono11|101|1396
|player|p2|il mule|102|1544
|gen|9
|tier|[Gen 9 Champions] VGC 2026 Reg M-B (Bo3)
|rated|
|rule|Species Clause: Limit one of each Pokémon
|rule|Item Clause: Limit 1 of each item
|clearpoke
|poke|p1|Charizard, L50, F|
|poke|p1|Floette-Eternal, L50, F|
|poke|p1|Garchomp, L50, F|
|poke|p1|Kingambit, L50, F|
|poke|p1|Basculegion, L50, M|
|poke|p1|Whimsicott, L50, F|
|poke|p2|Excadrill, L50, F|
|poke|p2|Tyranitar, L50, M|
|poke|p2|Sneasler, L50, F|
|poke|p2|Incineroar, L50, M|
|poke|p2|Delphox, L50, F|
|poke|p2|Sinistcha, L50|
|teampreview|4
|showteam|p1|Charizard||CharizarditeY|Blaze|HeatWave,WeatherBall,SolarBeam,Protect|Modest||F|||50|]Floette-Eternal||Floettite|FlowerVeil|Moonblast,DazzlingGleam,LightofRuin,Protect|Modest||F|||50|]Garchomp||LifeOrb|RoughSkin|Earthquake,DragonClaw,RockSlide,Protect|Jolly||F|||50|]Kingambit||BlackGlasses|Defiant|KowtowCleave,SuckerPunch,IronHead,Protect|Adamant||F|||50|]Basculegion||MysticWater|Adaptability|WaveCrash,LastRespects,AquaJet,Protect|Adamant||M|||50|]Whimsicott||FocusSash|Prankster|Moonblast,Tailwind,Encore,Protect|Timid||F|||50|
|showteam|p2|Excadrill||FocusSash|SandRush|HighHorsepower,IronHead,RockSlide,Protect|Adamant||F|||50|]Tyranitar||Tyranitarite|SandStream|KnockOff,RockSlide,DragonDance,Protect|Jolly||M|||50|]Sneasler||WhiteHerb|Unburden|CloseCombat,DireClaw,Coaching,FakeOut|Jolly||F|||50|]Incineroar||SitrusBerry|Intimidate|FlareBlitz,HelpingHand,PartingShot,FakeOut|Impish||M|||50|]Delphox||Delphoxite|Blaze|HeatWave,Psychic,NastyPlot,Protect|Timid||F|||50|]Sinistcha||KasibBerry|Hospitality|ShadowBall,MatchaGotcha,RagePowder,Protect|Bold|||||50|
|inactive|Battle timer is ON: inactive players will automatically lose when time's up. (requested by elmono11)
|inactive|elmono11 has 60 seconds left.
|inactive|elmono11 has 30 seconds left.
|
|t:|1785609744
|teamsize|p1|4
|teamsize|p2|4
|start
|switch|p1a: Basculegion|Basculegion, L50, M|100/100
|switch|p1b: Garchomp|Garchomp, L50, F|100/100
|switch|p2a: Sidy|Incineroar, L50, M|100/100
|switch|p2b: Quando provo|Tyranitar, L50, M|100/100
|-weather|Sandstorm|[from] ability: Sand Stream|[of] p2b: Quando provo
|-ability|p2a: Sidy|Intimidate|boost
|-unboost|p1a: Basculegion|atk|1
|-unboost|p1b: Garchomp|atk|1
|turn|1
|inactive|elmono11 has 30 seconds left.
|
|t:|1785609771
|switch|p1b: Whimsicott|Whimsicott, L50, F|100/100
|detailschange|p2b: Quando provo|Tyranitar-Mega, L50, M
|-mega|p2b: Quando provo|Tyranitar|Tyranitarite
|move|p2a: Sidy|Fake Out|p1b: Whimsicott
|-damage|p1b: Whimsicott|83/100
|move|p2b: Quando provo|Dragon Dance|p2b: Quando provo
|-boost|p2b: Quando provo|atk|1
|-boost|p2b: Quando provo|spe|1
|move|p1a: Basculegion|Wave Crash|p2b: Quando provo
|-supereffective|p2b: Quando provo|1
|-damage|p2b: Quando provo|26/100
|-damage|p1a: Basculegion|75/100|[from] Recoil
|
|-weather|Sandstorm|[upkeep]
|-damage|p1b: Whimsicott|78/100|[from] Sandstorm
|-damage|p1a: Basculegion|69/100|[from] Sandstorm
|-damage|p2a: Sidy|94/100|[from] Sandstorm
|upkeep
|turn|2
|inactive|elmono11 has 30 seconds left.
|inactive|elmono11 has 20 seconds left.
|
|t:|1785609809
|switch|p1a: Charizard|Charizard, L50, F|100/100
|switch|p2a: Sinistcha|Sinistcha, L50|100/100
|-heal|p2b: Quando provo|51/100|[from] ability: Hospitality|[of] p2a: Sinistcha
|move|p2b: Quando provo|Rock Slide|p1a: Charizard|[spread] p1a,p1b
|-supereffective|p1a: Charizard|2
|-crit|p1a: Charizard
|-damage|p1a: Charizard|0 fnt
|-damage|p1b: Whimsicott|10/100
|faint|p1a: Charizard
|cant|p1b: Whimsicott|flinch
|
|-weather|Sandstorm|[upkeep]
|-damage|p1b: Whimsicott|4/100|[from] Sandstorm
|-damage|p2a: Sinistcha|93/100|[from] Sandstorm
|upkeep
|
|t:|1785609817
|switch|p1a: Garchomp|Garchomp, L50, F|100/100
|turn|3
|
|t:|1785609835
|switch|p2a: Sidy|Incineroar, L50, M|94/100
|-ability|p2a: Sidy|Intimidate|boost
|-unboost|p1a: Garchomp|atk|1
|-unboost|p1b: Whimsicott|atk|1
|move|p2b: Quando provo|Protect|p2b: Quando provo
|-singleturn|p2b: Quando provo|Protect
|move|p1b: Whimsicott|Tailwind|p1b: Whimsicott
|-sidestart|p1: elmono11|move: Tailwind
|move|p1a: Garchomp|Rock Slide|p2a: Sidy|[spread] p2a
|-activate|p2b: Quando provo|move: Protect
|-supereffective|p2a: Sidy|1
|-damage|p2a: Sidy|66/100
|-damage|p1a: Garchomp|90/100|[from] item: Life Orb
|
|-weather|Sandstorm|[upkeep]
|-damage|p1b: Whimsicott|0 fnt|[from] Sandstorm
|-damage|p2a: Sidy|60/100|[from] Sandstorm
|faint|p1b: Whimsicott
|upkeep
|
|t:|1785609838
|switch|p1b: Basculegion|Basculegion, L50, M|69/100
|turn|4
|
|t:|1785609849
|switch|p2b: Sinistcha|Sinistcha, L50|93/100
|-heal|p2a: Sidy|85/100|[from] ability: Hospitality|[of] p2b: Sinistcha
|move|p1a: Garchomp|Rock Slide|p2b: Sinistcha|[spread] p2a,p2b
|-supereffective|p2a: Sidy|1
|-damage|p2a: Sidy|59/100
|-damage|p2b: Sinistcha|79/100
|-damage|p1a: Garchomp|80/100|[from] item: Life Orb
|move|p1b: Basculegion|Wave Crash|p2b: Sinistcha
|-resisted|p2b: Sinistcha|1
|-damage|p2b: Sinistcha|41/100
|-damage|p1b: Basculegion|57/100|[from] Recoil
|cant|p2a: Sidy|flinch
|
|-weather|Sandstorm|[upkeep]
|-damage|p1b: Basculegion|51/100|[from] Sandstorm
|-damage|p2b: Sinistcha|34/100|[from] Sandstorm
|-damage|p2a: Sidy|53/100|[from] Sandstorm
|upkeep
|turn|5
|inactive|elmono11 has 30 seconds left.
|inactive|il mule has 30 seconds left.
|inactive|elmono11 has 20 seconds left.
|inactive|elmono11 has 15 seconds left.
|inactive|elmono11 has 10 seconds left.
|
|t:|1785609897
|move|p2b: Sinistcha|Rage Powder|p2b: Sinistcha
|-singleturn|p2b: Sinistcha|move: Rage Powder
|move|p1a: Garchomp|Rock Slide|p2a: Sidy|[spread] p2a,p2b
|-supereffective|p2a: Sidy|1
|-damage|p2a: Sidy|28/100
|-damage|p2b: Sinistcha|19/100
|-enditem|p2a: Sidy|Sitrus Berry|[eat]
|-heal|p2a: Sidy|52/100|[from] item: Sitrus Berry
|-damage|p1a: Garchomp|70/100|[from] item: Life Orb
|move|p1b: Basculegion|Wave Crash|p2b: Sinistcha
|-resisted|p2b: Sinistcha|1
|-damage|p2b: Sinistcha|0 fnt
|faint|p2b: Sinistcha
|-damage|p1b: Basculegion|45/100|[from] Recoil
|move|p2a: Sidy|Parting Shot|p1b: Basculegion
|-unboost|p1b: Basculegion|atk|1
|-unboost|p1b: Basculegion|spa|1
|
|t:|1785609915
|switch|p2a: Sneasler|Sneasler, L50, F|100/100|[from] Parting Shot
|
|-weather|none
|upkeep
|
|t:|1785609916
|switch|p2b: Sidy|Incineroar, L50, M|52/100
|-ability|p2b: Sidy|Intimidate|boost
|-unboost|p1a: Garchomp|atk|1
|-unboost|p1b: Basculegion|atk|1
|turn|6
|
|t:|1785609934
|move|p2b: Sidy|Fake Out|p1a: Garchomp
|-crit|p1a: Garchomp
|-damage|p1a: Garchomp|54/100
|-damage|p2b: Sidy|40/100|[from] ability: Rough Skin|[of] p1a: Garchomp
|cant|p1a: Garchomp|flinch
|move|p1b: Basculegion|Last Respects|p2a: Sneasler
|-damage|p2a: Sneasler|38/100
|move|p2a: Sneasler|Dire Claw|p1b: Basculegion
|-resisted|p1b: Basculegion|1
|-damage|p1b: Basculegion|30/100
|
|-sideend|p1: elmono11|move: Tailwind
|upkeep
|turn|7
|
|t:|1785609949
|move|p2b: Sidy|Helping Hand|p2a: Sneasler
|-singleturn|p2a: Sneasler|Helping Hand|[of] p2b: Sidy
|move|p1b: Basculegion|Protect|p1b: Basculegion
|-singleturn|p1b: Basculegion|Protect
|move|p2a: Sneasler|Close Combat|p1a: Garchomp
|-damage|p1a: Garchomp|0 fnt
|-unboost|p2a: Sneasler|def|1
|-unboost|p2a: Sneasler|spd|1
|-damage|p2a: Sneasler|26/100|[from] ability: Rough Skin|[of] p1a: Garchomp
|faint|p1a: Garchomp
|-enditem|p2a: Sneasler|White Herb
|-clearnegativeboost|p2a: Sneasler|[silent]
|
|upkeep
|turn|8
|-message|elmono11 forfeited.
|
|win|il mule
