|j|☆gundnub
|j|☆Mega Chime Time
|html|gundnubMega Chime Time    
|uhtml|bestof|Game 2 of a best-of-3
|t:|1783348111
|gametype|doubles
|player|p1|gundnub|pokemonranger-gen4|
|player|p2|Mega Chime Time|miku-flying|
|gen|9
|tier|[Gen 9 Champions] VGC 2026 Reg M-B (Bo3)
|rule|Species Clause: Limit one of each Pokémon
|rule|Item Clause: Limit 1 of each item
|clearpoke
|poke|p1|Pidgeot, L50, F|
|poke|p1|Krookodile, L50, M|
|poke|p1|Floette-Eternal, L50, F|
|poke|p1|Toxicroak, L50, F|
|poke|p1|Chandelure, L50, M|
|poke|p1|Empoleon, L50, F|
|poke|p2|Chimecho, L50, M|
|poke|p2|Dragalge, L50, F|
|poke|p2|Blastoise, L50, M|
|poke|p2|Bellibolt, L50, F|
|poke|p2|Emboar, L50, F, shiny|
|poke|p2|Lucario, L50, M, shiny|
|teampreview|4
|showteam|p1|Pidgeot||Pidgeotite|KeenEye|Protect,Hurricane,HeatWave,Tailwind|Timid||F|||50|]Krookodile||PasshoBerry|Intimidate|Protect,HighHorsepower,LashOut,Earthquake|Adamant||M|||50|]Floette-Eternal||LifeOrb|FlowerVeil|Protect,Moonblast,DazzlingGleam,LightofRuin|Modest||F|||50|]Toxicroak||FocusSash|DrySkin|Protect,PoisonJab,CloseCombat,FakeOut|Jolly||F|||50|]Chandelure||Chandelurite|FlashFire|Protect,HeatWave,ShadowBall,TrickRoom|Quiet||M|||50|]Empoleon||ChopleBerry|Competitive|Protect,HydroPump,FlashCannon,GrassKnot|Modest||F|||50|
|showteam|p2|Chimecho||Chimechite|Levitate|Psychic,FlashCannon,Protect,TrickRoom|Modest||M|||50|]Dragalge||PoisonBarb|Adaptability|SludgeBomb,SludgeWave,DragonPulse,Protect|Modest||F|||50|]Blastoise||SitrusBerry|RainDish|FakeOut,WaveCrash,Yawn,FlipTurn|Adamant||M|||50|]Bellibolt||Leftovers|Electromorphosis|Protect,SlackOff,ParabolicCharge,Thunderbolt|Modest||F|||50|]Emboar||Emboarite|Blaze|HeatWave,DrainPunch,Protect,RockSlide|Brave||F|||50|]Lucario||ChoiceScarf|InnerFocus|FinalGambit,CloseCombat,Coaching,RockTomb|Jolly||M|||50|
|inactive|Battle timer is ON: inactive players will automatically lose when time's up. (requested by Mega Chime Time)
|inactive|gundnub also wants the timer to be on.
|inactive|Mega Chime Time has 60 seconds left.
|
|t:|1783348147
|teamsize|p1|4
|teamsize|p2|4
|start
|switch|p1a: Toxicroak|Toxicroak, L50, F|100/100
|switch|p1b: Chandelure|Chandelure, L50, M|100/100
|switch|p2a: Blastoise|Blastoise, L50, M|100/100
|switch|p2b: Chimecho|Chimecho, L50, M|100/100
|turn|1
|
|t:|1783348166
|switch|p2a: Emboar|Emboar, L50, F, shiny|100/100
|detailschange|p1b: Chandelure|Chandelure-Mega, L50, M
|-mega|p1b: Chandelure|Chandelure|Chandelurite
|move|p1a: Toxicroak|Fake Out|p2a: Emboar
|-damage|p2a: Emboar|86/100
|move|p1b: Chandelure|Shadow Ball|p2a: Emboar
|-damage|p2a: Emboar|35/100
|move|p2b: Chimecho|Trick Room|p2b: Chimecho
|-fieldstart|move: Trick Room|[of] p2b: Chimecho
|
|upkeep
|turn|2
|inactive|gundnub has 30 seconds left.
|inactive|Mega Chime Time has 30 seconds left.
|
|t:|1783348193
|switch|p1a: Krookodile|Krookodile, L50, M|100/100
|-ability|p1a: Krookodile|Intimidate|boost
|-unboost|p2a: Emboar|atk|1
|-unboost|p2b: Chimecho|atk|1
|detailschange|p2a: Emboar|Emboar-Mega, L50, F, shiny
|-mega|p2a: Emboar|Emboar|Emboarite
|-ability|p2a: Emboar|Mold Breaker
|move|p2a: Emboar|Rock Slide|p1a: Krookodile|[spread] p1a,p1b
|-resisted|p1a: Krookodile|1
|-supereffective|p1b: Chandelure|1
|-damage|p1a: Krookodile|93/100
|-damage|p1b: Chandelure|73/100
|move|p2b: Chimecho|Psychic|p1a: Krookodile
|-immune|p1a: Krookodile
|cant|p1b: Chandelure|flinch
|
|upkeep
|turn|3
|inactive|gundnub has 30 seconds left.
|
|t:|1783348219
|switch|p2b: Blastoise|Blastoise, L50, M|100/100
|switch|p1a: Toxicroak|Toxicroak, L50, F|100/100
|move|p2a: Emboar|Drain Punch|p1a: Toxicroak
|-resisted|p1a: Toxicroak|1
|-damage|p1a: Toxicroak|80/100
|-heal|p2a: Emboar|43/100|[from] drain|[of] p1a: Toxicroak
|move|p1b: Chandelure|Shadow Ball|p2a: Emboar
|-crit|p2a: Emboar
|-damage|p2a: Emboar|0 fnt
|faint|p2a: Emboar
|
|upkeep
|
|t:|1783348233
|switch|p2a: Dragalge|Dragalge, L50, F|100/100
|turn|4
|
|t:|1783348242
|move|p2b: Blastoise|Fake Out|p1a: Toxicroak
|-damage|p1a: Toxicroak|62/100
|cant|p1a: Toxicroak|flinch
|move|p2a: Dragalge|Dragon Pulse|p1b: Chandelure
|-damage|p1b: Chandelure|17/100
|move|p1b: Chandelure|Trick Room|p1b: Chandelure
|-fieldend|move: Trick Room
|
|upkeep
|turn|5
|inactive|Mega Chime Time has 30 seconds left.
|
|t:|1783348273
|move|p1a: Toxicroak|Close Combat|p2b: Blastoise
|-damage|p2b: Blastoise|53/100
|-unboost|p1a: Toxicroak|def|1
|-unboost|p1a: Toxicroak|spd|1
|move|p1b: Chandelure|Shadow Ball|p2b: Blastoise
|-damage|p2b: Blastoise|3/100
|-enditem|p2b: Blastoise|Sitrus Berry|[eat]
|-heal|p2b: Blastoise|27/100|[from] item: Sitrus Berry
|move|p2b: Blastoise|Flip Turn|p1b: Chandelure
|-supereffective|p1b: Chandelure|1
|-damage|p1b: Chandelure|0 fnt
|faint|p1b: Chandelure
|
|t:|1783348283
|switch|p2b: Chimecho|Chimecho, L50, M|100/100|[from] Flip Turn
|move|p2a: Dragalge|Dragon Pulse|p1a: Toxicroak
|-damage|p1a: Toxicroak|0 fnt
|faint|p1a: Toxicroak
|
|upkeep
|
|t:|1783348286
|switch|p1a: Krookodile|Krookodile, L50, M|93/100
|switch|p1b: Floette|Floette-Eternal, L50, F|100/100
|-ability|p1a: Krookodile|Intimidate|boost
|-unboost|p2a: Dragalge|atk|1
|-unboost|p2b: Chimecho|atk|1
|turn|6
|
|t:|1783348310
|move|p2b: Chimecho|Protect|p2b: Chimecho
|-singleturn|p2b: Chimecho|Protect
|move|p1b: Floette|Light of Ruin|p2b: Chimecho
|-activate|p2b: Chimecho|move: Protect
|move|p1a: Krookodile|High Horsepower|p2a: Dragalge
|-supereffective|p2a: Dragalge|1
|-damage|p2a: Dragalge|0 fnt
|faint|p2a: Dragalge
|
|upkeep
|
|t:|1783348319
|switch|p2a: Blastoise|Blastoise, L50, M|27/100
|turn|7
|
|t:|1783348326
|move|p2a: Blastoise|Fake Out|p1a: Krookodile
|-damage|p1a: Krookodile|79/100
|move|p1b: Floette|Moonblast|p2a: Blastoise
|-damage|p2a: Blastoise|0 fnt
|faint|p2a: Blastoise
|-damage|p1b: Floette|90/100|[from] item: Life Orb
|cant|p1a: Krookodile|flinch
|move|p2b: Chimecho|Trick Room|p2b: Chimecho
|-fieldstart|move: Trick Room|[of] p2b: Chimecho
|
|upkeep
|turn|8
|
|t:|1783348335
|move|p2b: Chimecho|Flash Cannon|p1a: Krookodile
|-damage|p1a: Krookodile|49/100
|move|p1a: Krookodile|Lash Out|p2b: Chimecho
|-supereffective|p2b: Chimecho|1
|-crit|p2b: Chimecho
|-damage|p2b: Chimecho|0 fnt
|faint|p2b: Chimecho
|
|win|gundnub
|c|☆gundnub|ggwp
|c|☆Mega Chime Time|gg
|l|☆Mega Chime Time
|player|p2|
