|j|☆NicoViBrittania
|j|☆maish
|html|NicoViBrittaniamaish    
|uhtml|bestof|Game 1 of a best-of-3
|t:|1756557232
|gametype|doubles
|player|p1|NicoViBrittania|266|1248
|player|p2|maish|roxie|1161
|gen|9
|tier|[Gen 9] VGC 2025 Reg H (Bo3)
|rated|
|rule|Species Clause: Limit one of each Pokémon
|rule|Item Clause: Limit 1 of each item
|clearpoke
|poke|p1|Indeedee-F, L50, F|
|poke|p1|Armarouge, L50, M|
|poke|p1|Porygon2, L50|
|poke|p1|Primarina, L50, F|
|poke|p1|Ursaluna, L50, M|
|poke|p1|Torkoal, L50, F|
|poke|p2|Pelipper, L50, M|
|poke|p2|Archaludon, L50, M|
|poke|p2|Basculegion, L50, M|
|poke|p2|Amoonguss, L50, F|
|poke|p2|Incineroar, L50, M|
|poke|p2|Gholdengo, L50|
|teampreview|4
|showteam|p1|Indeedee-F||MentalHerb|PsychicSurge|FollowMe,HelpingHand,Psychic,TrickRoom|||F|||50|,,,,,Grass]Armarouge||PsychicSeed|FlashFire|ArmorCannon,WideGuard,TrickRoom,ExpandingForce|||M|||50|,,,,,Dragon]Porygon2||Eviolite|Trace|TrickRoom,TriAttack,Protect,Recover||||||50|,,,,,Fairy]Primarina||ThroatSpray|LiquidVoice|Moonblast,Protect,HyperVoice,TeraBlast|||F|||50|,,,,,Ground]Ursaluna||FlameOrb|Guts|Facade,HeadlongRush,Protect,ThroatChop|||M|||50|,,,,,Ghost]Torkoal||AssaultVest|Drought|HeatWave,SolarBeam,EarthPower,Eruption|||F|||50|,,,,,Fire
|showteam|p2|Pelipper||FocusSash|Drizzle|WeatherBall,Hurricane,Tailwind,Protect|||M|||50|,,,,,Ghost]Archaludon||AssaultVest|Stamina|DragonPulse,ElectroShot,Snarl,BodyPress|||M|||50|,,,,,Grass]Basculegion||ChoiceBand|SwiftSwim|WaveCrash,AquaJet,LastRespects,FlipTurn|||M|||50|,,,,,Grass]Amoonguss||RockyHelmet|Regenerator|RagePowder,PollenPuff,Spore,Protect|||F|||50|,,,,,Water]Incineroar||SafetyGoggles|Intimidate|FakeOut,FlareBlitz,PartingShot,KnockOff|||M|||50|,,,,,Water]Gholdengo||LifeOrb|GoodasGold|MakeItRain,ShadowBall,NastyPlot,Protect||||||50|,,,,,Dragon
|inactive|Battle timer is ON: inactive players will automatically lose when time's up. (requested by maish)
|inactive|NicoViBrittania has 60 seconds left.
|inactive|maish has 60 seconds left.
|
|t:|1756557295
|teamsize|p1|4
|teamsize|p2|4
|start
|switch|p1a: Primarina|Primarina, L50, F|100/100
|switch|p1b: Porygon2|Porygon2, L50|100/100
|switch|p2a: Gholdengo|Gholdengo, L50|100/100
|switch|p2b: Incineroar|Incineroar, L50, M, shiny|100/100
|-ability|p2b: Incineroar|Intimidate|boost
|-unboost|p1a: Primarina|atk|1
|-unboost|p1b: Porygon2|atk|1
|-ability|p1b: Porygon2|Good as Gold|Trace|[from] ability: Trace|[of] p2a: Gholdengo
|turn|1
|inactive|NicoViBrittania has 30 seconds left.
|inactive|maish has 30 seconds left.
|inactive|NicoViBrittania has 20 seconds left.
|
|t:|1756557332
|-terastallize|p2b: Incineroar|Water
|-terastallize|p1a: Primarina|Ground
|move|p2b: Incineroar|Fake Out|p1b: Porygon2
|-damage|p1b: Porygon2|94/100
|move|p2a: Gholdengo|Nasty Plot|p2a: Gholdengo
|-boost|p2a: Gholdengo|spa|2
|move|p1a: Primarina|Tera Blast|p2a: Gholdengo|[anim] Tera Blast Ground
|-supereffective|p2a: Gholdengo
|-damage|p2a: Gholdengo|6/100
|cant|p1b: Porygon2|flinch
|
|upkeep
|turn|2
|
|t:|1756557355
|move|p1a: Primarina|Protect|p1a: Primarina
|-singleturn|p1a: Primarina|Protect
|move|p2a: Gholdengo|Make It Rain|p1a: Primarina|[spread] p1b
|-activate|p1a: Primarina|move: Protect
|-crit|p1b: Porygon2
|-damage|p1b: Porygon2|0 fnt
|-unboost|p2a: Gholdengo|spa|1
|faint|p1b: Porygon2
|-damage|p2a: Gholdengo|0 fnt|[from] item: Life Orb
|faint|p2a: Gholdengo
|move|p2b: Incineroar|Knock Off|p1a: Primarina
|-activate|p1a: Primarina|move: Protect
|
|upkeep
|
|t:|1756557371
|switch|p2a: Basculegion|Basculegion, L50, M, shiny|100/100
|switch|p1b: Ursaluna|Ursaluna, L50, M|100/100
|turn|3
|inactive|maish has 30 seconds left.
|
|t:|1756557403
|switch|p2b: Pelipper|Pelipper, L50, M, shiny|100/100
|-weather|RainDance|[from] ability: Drizzle|[of] p2b: Pelipper
|switch|p1a: Torkoal|Torkoal, L50, F|100/100
|-weather|SunnyDay|[from] ability: Drought|[of] p1a: Torkoal
|move|p2a: Basculegion|Flip Turn|p1a: Torkoal
|-supereffective|p1a: Torkoal
|-damage|p1a: Torkoal|67/100
|
|t:|1756557415
|switch|p2a: Incineroar|Incineroar, L50, M, shiny, tera:Water|100/100|[from] Flip Turn
|-ability|p2a: Incineroar|Intimidate|boost
|-unboost|p1a: Torkoal|atk|1
|-unboost|p1b: Ursaluna|atk|1
|move|p1b: Ursaluna|Throat Chop|p2a: Incineroar
|-damage|p2a: Incineroar|85/100
|-start|p2a: Incineroar|Throat Chop|[silent]
|
|-weather|SunnyDay|[upkeep]
|-status|p1b: Ursaluna|brn|[from] item: Flame Orb
|upkeep
|turn|4
|inactive|NicoViBrittania has 30 seconds left.
|inactive|maish has 30 seconds left.
|
|t:|1756557444
|move|p2b: Pelipper|Protect|p2b: Pelipper
|-singleturn|p2b: Pelipper|Protect
|move|p2a: Incineroar|Flare Blitz|p1b: Ursaluna
|-damage|p1b: Ursaluna|53/100 brn
|-damage|p2a: Incineroar|67/100|[from] Recoil
|move|p1b: Ursaluna|Facade|p2b: Pelipper
|-activate|p2b: Pelipper|move: Protect
|move|p1a: Torkoal|Heat Wave|p2a: Incineroar|[spread] p2a
|-activate|p2b: Pelipper|move: Protect
|-resisted|p2a: Incineroar
|-damage|p2a: Incineroar|47/100
|
|-weather|SunnyDay|[upkeep]
|-damage|p1b: Ursaluna|47/100 brn|[from] brn
|-end|p2a: Incineroar|Throat Chop|[silent]
|upkeep
|turn|5
|
|t:|1756557467
|switch|p2b: Basculegion|Basculegion, L50, M, shiny|100/100
|move|p2a: Incineroar|Parting Shot|p1b: Ursaluna
|-unboost|p1b: Ursaluna|atk|1
|-unboost|p1b: Ursaluna|spa|1
|
|t:|1756557472
|switch|p2a: Pelipper|Pelipper, L50, M, shiny|100/100|[from] Parting Shot
|-weather|RainDance|[from] ability: Drizzle|[of] p2a: Pelipper
|move|p1b: Ursaluna|Throat Chop|p2b: Basculegion
|-supereffective|p2b: Basculegion
|-damage|p2b: Basculegion|39/100
|-start|p2b: Basculegion|Throat Chop|[silent]
|move|p1a: Torkoal|Heat Wave|p2a: Pelipper|[spread] p2a,p2b
|-resisted|p2a: Pelipper
|-resisted|p2b: Basculegion
|-damage|p2a: Pelipper|87/100
|-damage|p2b: Basculegion|30/100
|
|-weather|RainDance|[upkeep]
|-damage|p1b: Ursaluna|41/100 brn|[from] brn
|upkeep
|turn|6
|inactive|maish has 30 seconds left.
|inactive|maish has 20 seconds left.
|inactive|maish has 15 seconds left.
|
|t:|1756557513
|move|p2b: Basculegion|Wave Crash|p1a: Torkoal
|-supereffective|p1a: Torkoal
|-damage|p1a: Torkoal|0 fnt
|faint|p1a: Torkoal
|-damage|p2b: Basculegion|10/100|[from] Recoil
|move|p2a: Pelipper|Weather Ball|p1b: Ursaluna
|-supereffective|p1b: Ursaluna
|-damage|p1b: Ursaluna|0 fnt
|faint|p1b: Ursaluna
|
|-weather|RainDance|[upkeep]
|-end|p2b: Basculegion|Throat Chop|[silent]
|upkeep
|-message|NicoViBrittania forfeited.
|
|win|maish
