|j|☆whoupvolcntheyrona
|j|☆Jakobtc
|html|whoupvolcntheyronaJakobtc    
|uhtml|bestof|Game 1 of a best-of-3
|t:|1757909666
|gametype|doubles
|player|p1|whoupvolcntheyrona|scientist-gen4|1214
|player|p2|Jakobtc|riley|1270
|gen|9
|tier|[Gen 9] VGC 2025 Reg H (Bo3)
|rated|
|rule|Species Clause: Limit one of each Pokémon
|rule|Item Clause: Limit 1 of each item
|clearpoke
|poke|p1|Ursaluna-Bloodmoon, L50, M|
|poke|p1|Gholdengo, L50|
|poke|p1|Dragonite, L50, F|
|poke|p1|Ninetales-Alola, L50, F|
|poke|p1|Annihilape, L50, M|
|poke|p1|Smeargle, L50, M|
|poke|p2|Drifblim, L50, M|
|poke|p2|Indeedee, L50, M|
|poke|p2|Arcanine-Hisui, L50, M|
|poke|p2|Garchomp, L50, F|
|poke|p2|Amoonguss, L50, F|
|poke|p2|Primarina, L50, F|
|teampreview|4
|showteam|p1|Ursaluna-Bloodmoon||AssaultVest|MindsEye|BloodMoon,HyperVoice,EarthPower,VacuumWave|||M|||50|,,,,,Water]Gholdengo||LifeOrb|GoodasGold|MakeItRain,ShadowBall,NastyPlot,Protect||||||50|,,,,,Water]Dragonite||LoadedDice|Multiscale|ExtremeSpeed,ScaleShot,Tailwind,Protect|||F|||50|,,,,,Normal]Ninetales-Alola||LightClay|SnowWarning|IcicleSpear,IcyWind,AuroraVeil,Blizzard|||F|||50|,,,,,Ghost]Annihilape||SafetyGoggles|Defiant|BulkUp,RageFist,DrainPunch,Protect|||M|||50|,,,,,Fire]Smeargle||FocusSash|Moody|FakeOut,Spore,Decorate,FollowMe|||M|||50|,,,,,Ghost
|showteam|p2|Drifblim||PsychicSeed|Unburden|Tailwind,StrengthSap,WillOWisp,Acrobatics|||M|||50|,,,,,Grass]Indeedee||FocusSash|PsychicSurge|ExpandingForce,TeraBlast,HelpingHand,Protect|||M|||50|,,,,,Fighting]Arcanine-Hisui||ChoiceBand|Intimidate|RockSlide,FlareBlitz,ExtremeSpeed,CloseCombat|||M|||50|,,,,,Water]Garchomp||LifeOrb|RoughSkin|StompingTantrum,DragonClaw,Earthquake,Protect|||F|||50|,,,,,Ground]Amoonguss||SitrusBerry|Regenerator|Spore,SludgeBomb,RagePowder,Protect|||F|||50|,,,,,Water]Primarina||MysticWater|LiquidVoice|HyperVoice,Moonblast,Haze,Protect|||F|||50|,,,,,Steel
|inactive|Battle timer is ON: inactive players will automatically lose when time's up. (requested by whoupvolcntheyrona)
|c|☆Jakobtc|glhf
|c|☆whoupvolcntheyrona|glhf!
|inactive|whoupvolcntheyrona has 60 seconds left.
|inactive|Jakobtc has 60 seconds left.
|
|t:|1757909717
|teamsize|p1|4
|teamsize|p2|4
|start
|switch|p1a: Ninetales|Ninetales-Alola, L50, F|100/100
|switch|p1b: Annihilape|Annihilape, L50, M|100/100
|switch|p2a: Drifblim|Drifblim, L50, M|100/100
|switch|p2b: Indeedee|Indeedee, L50, M|100/100
|-weather|Snowscape|[from] ability: Snow Warning|[of] p1a: Ninetales
|-fieldstart|move: Psychic Terrain|[from] ability: Psychic Surge|[of] p2b: Indeedee
|-enditem|p2a: Drifblim|Psychic Seed
|-boost|p2a: Drifblim|spd|1|[from] item: Psychic Seed
|turn|1
|
|t:|1757909733
|move|p1b: Annihilape|Protect|p1b: Annihilape
|-singleturn|p1b: Annihilape|Protect
|move|p2a: Drifblim|Tailwind|p2a: Drifblim
|-sidestart|p2: Jakobtc|move: Tailwind
|move|p2b: Indeedee|Expanding Force|p1b: Annihilape|[spread] p1a
|-activate|p1b: Annihilape|move: Protect
|-damage|p1a: Ninetales|48/100
|move|p1a: Ninetales|Aurora Veil|p1a: Ninetales
|-sidestart|p1: whoupvolcntheyrona|move: Aurora Veil
|
|-weather|Snowscape|[upkeep]
|upkeep
|turn|2
|
|t:|1757909756
|-terastallize|p1b: Annihilape|Fire
|move|p2a: Drifblim|Will-O-Wisp|p1b: Annihilape
|-immune|p1b: Annihilape
|move|p2b: Indeedee|Expanding Force|p1b: Annihilape|[spread] p1a,p1b
|-crit|p1a: Ninetales
|-damage|p1a: Ninetales|0 fnt
|-damage|p1b: Annihilape|68/100
|faint|p1a: Ninetales
|move|p1b: Annihilape|Drain Punch|p2b: Indeedee
|-damage|p2b: Indeedee|36/100
|-heal|p1b: Annihilape|89/100|[from] drain|[of] p2b: Indeedee
|
|-weather|Snowscape|[upkeep]
|upkeep
|
|t:|1757909769
|switch|p1a: Ursaluna|Ursaluna-Bloodmoon, L50, M|100/100
|turn|3
|
|t:|1757909784
|move|p2a: Drifblim|Acrobatics|p1a: Ursaluna
|-damage|p1a: Ursaluna|86/100
|move|p2b: Indeedee|Expanding Force|p1b: Annihilape|[spread] p1a,p1b
|-damage|p1a: Ursaluna|64/100
|-damage|p1b: Annihilape|58/100
|move|p1b: Annihilape|Bulk Up|p1b: Annihilape
|-boost|p1b: Annihilape|atk|1
|-boost|p1b: Annihilape|def|1
|move|p1a: Ursaluna|Hyper Voice|p2b: Indeedee|[spread] p2a,p2b
|-damage|p2a: Drifblim|77/100
|-damage|p2b: Indeedee|0 fnt
|faint|p2b: Indeedee
|
|-weather|Snowscape|[upkeep]
|upkeep
|
|t:|1757909796
|switch|p2b: Primarina|Primarina, L50, F|100/100
|turn|4
|
|t:|1757909818
|move|p1b: Annihilape|Protect|p1b: Annihilape
|-singleturn|p1b: Annihilape|Protect
|move|p2a: Drifblim|Acrobatics|p1a: Ursaluna
|-damage|p1a: Ursaluna|48/100
|move|p2b: Primarina|Hyper Voice|p1b: Annihilape|[spread] p1a
|-activate|p1b: Annihilape|move: Protect
|-supereffective|p1a: Ursaluna
|-damage|p1a: Ursaluna|14/100
|move|p1a: Ursaluna|Blood Moon|p2b: Primarina
|-damage|p2b: Primarina|31/100
|
|-weather|Snowscape|[upkeep]
|-sideend|p2: Jakobtc|move: Tailwind
|upkeep
|turn|5
|inactive|whoupvolcntheyrona has 30 seconds left.
|
|t:|1757909847
|move|p2a: Drifblim|Tailwind|p2a: Drifblim
|-sidestart|p2: Jakobtc|move: Tailwind
|move|p2b: Primarina|Hyper Voice|p1a: Ursaluna|[spread] p1a,p1b
|-supereffective|p1a: Ursaluna
|-supereffective|p1b: Annihilape
|-damage|p1a: Ursaluna|0 fnt
|-damage|p1b: Annihilape|5/100
|faint|p1a: Ursaluna
|move|p1b: Annihilape|Rage Fist|p2b: Primarina
|-damage|p2b: Primarina|0 fnt
|faint|p2b: Primarina
|
|-weather|none
|-fieldend|move: Psychic Terrain
|upkeep
|
|t:|1757909858
|switch|p2b: Garchomp|Garchomp, L50, F|100/100
|switch|p1a: Gholdengo|Gholdengo, L50|100/100
|turn|6
|
|t:|1757909878
|move|p2b: Garchomp|Protect|p2b: Garchomp
|-singleturn|p2b: Garchomp|Protect
|move|p2a: Drifblim|Acrobatics|p1b: Annihilape
|-damage|p1b: Annihilape|0 fnt
|faint|p1b: Annihilape
|move|p1a: Gholdengo|Make It Rain|p2b: Garchomp|[spread] p2a
|-activate|p2b: Garchomp|move: Protect
|-damage|p2a: Drifblim|37/100
|-unboost|p1a: Gholdengo|spa|1
|-damage|p1a: Gholdengo|90/100|[from] item: Life Orb
|
|upkeep
|turn|7
|-message|whoupvolcntheyrona forfeited.
|raw|whoupvolcntheyrona's rating: 1214 → 1193(-21 for losing)
|raw|Jakobtc's rating: 1270 → 1291(+21 for winning)
|
|win|Jakobtc
