|j|☆ToastedArt
|j|☆PewDie
|html|ToastedArtPewDie    
|uhtml|bestof|Game 2 of a best-of-3
|t:|1785203888
|gametype|doubles
|player|p1|ToastedArt|iris|1030
|player|p2|PewDie|169|1000
|gen|9
|tier|[Gen 9 Champions] VGC 2026 Reg M-B (Bo3)
|rated|
|rule|Species Clause: Limit one of each Pokémon
|rule|Item Clause: Limit 1 of each item
|clearpoke
|poke|p1|Vanilluxe, L50, M, shiny|
|poke|p1|Sneasler, L50, M|
|poke|p1|Sinistcha, L50, shiny|
|poke|p1|Raichu, L50, F|
|poke|p1|Incineroar, L50, M|
|poke|p1|Azumarill, L50, M|
|poke|p2|Tsareena, L50, F|
|poke|p2|Metagross, L50, shiny|
|poke|p2|Zoroark-Hisui, L50, F|
|poke|p2|Palafin, L50, F|
|poke|p2|Charizard, L50, M|
|poke|p2|Clefable, L50, F|
|teampreview|4
|showteam|p1|Vanilluxe||ChoiceScarf|SnowWarning|Blizzard,FreezeDry,IcyWind,SheerCold|Timid||M|||50|]Sneasler||FocusSash|PoisonTouch|PoisonJab,CloseCombat,FakeOut,AcidSpray|Adamant||M|||50|]Sinistcha||ColburBerry|Heatproof|MatchaGotcha,RagePowder,TrickRoom,Protect|Modest|||||50|]Raichu||RaichuniteY|LightningRod|ZapCannon,FocusBlast,Substitute,Protect|Timid||F|||50|]Incineroar||Charcoal|Intimidate|FlareBlitz,ThroatChop,FakeOut,PartingShot|Adamant||M|||50|]Azumarill||SitrusBerry|HugePower|PlayRough,AquaJet,BellyDrum,Protect|Adamant||M|||50|
|showteam|p2|Tsareena||YacheBerry|QueenlyMajesty|TripleAxel,Uturn,Protect,Taunt|Careful||F|||50|]Metagross||Metagrossite|ClearBody|BulletPunch,Earthquake,IcePunch,PsychicFangs|Jolly|||||50|]Zoroark-Hisui||LifeOrb|Illusion|Protect,Psychic,Uturn,ShadowBall|Timid||F|||50|]Palafin||MysticWater|ZerotoHero|CloseCombat,FlipTurn,WaveCrash,Haze|Jolly||F|||50|]Charizard||CharizarditeY|SolarPower|AncientPower,HeatWave,ScorchingSands,Protect|Modest||M|||50|]Clefable||Clefablite|Unaware|Moonblast,LifeDew,Protect,ThunderWave|Calm||F|||50|
|inactive|Battle timer is ON: inactive players will automatically lose when time's up. (requested by ToastedArt)
|
|t:|1785203908
|teamsize|p1|4
|teamsize|p2|4
|start
|switch|p1a: Sneasler|Sneasler, L50, M|100/100
|switch|p1b: Ol' Betsy|Raichu, L50, F|100/100
|switch|p2a: Tsareena|Tsareena, L50, F|100/100
|switch|p2b: Metagross|Metagross, L50, shiny|100/100
|turn|1
|
|t:|1785203932
|detailschange|p1b: Ol' Betsy|Raichu-Mega-Y, L50, F
|-mega|p1b: Ol' Betsy|Raichu|Raichunite Y
|detailschange|p2b: Metagross|Metagross-Mega, L50, shiny
|-mega|p2b: Metagross|Metagross|Metagrossite
|move|p2b: Metagross|Earthquake|p1b: Ol' Betsy|[spread] p2a,p1a,p1b
|-supereffective|p1a: Sneasler|1
|-supereffective|p1b: Ol' Betsy|1
|-damage|p2a: Tsareena|43/100
|-damage|p1a: Sneasler|1/100
|-damage|p1b: Ol' Betsy|25/100
|replace|p2a: Zoroark|Zoroark-Hisui, L50, F
|-end|p2a: Zoroark|Illusion
|move|p2a: Zoroark|Psychic|p1a: Sneasler
|-supereffective|p1a: Sneasler|2
|-damage|p1a: Sneasler|0 fnt
|faint|p1a: Sneasler
|-damage|p2a: Zoroark|34/100|[from] item: Life Orb
|move|p1b: Ol' Betsy|Substitute|p1b: Ol' Betsy
|-start|p1b: Ol' Betsy|Substitute
|-damage|p1b: Ol' Betsy|1/100
|
|upkeep
|
|t:|1785203950
|switch|p1a: Incineroar|Incineroar, L50, M|100/100
|-ability|p1a: Incineroar|Intimidate|boost
|-unboost|p2a: Zoroark|atk|1
|-unboost|p2b: Metagross|atk|1
|turn|2
|
|t:|1785203961
|move|p2a: Zoroark|Protect|p2a: Zoroark
|-singleturn|p2a: Zoroark|Protect
|move|p2b: Metagross|Earthquake|p1a: Incineroar|[spread] p1a,p1b
|-activate|p2a: Zoroark|move: Protect
|-supereffective|p1b: Ol' Betsy|1
|-end|p1b: Ol' Betsy|Substitute
|-supereffective|p1a: Incineroar|1
|-damage|p1a: Incineroar|61/100
|move|p1b: Ol' Betsy|Zap Cannon|p2b: Metagross
|-damage|p2b: Metagross|29/100
|-status|p2b: Metagross|par
|move|p1a: Incineroar|Parting Shot|p2b: Metagross
|-unboost|p2b: Metagross|atk|1
|-unboost|p2b: Metagross|spa|1
|
|t:|1785203974
|switch|p1a: Vanilluxe|Vanilluxe, L50, M, shiny|100/100|[from] Parting Shot
|-weather|Snowscape|[from] ability: Snow Warning|[of] p1a: Vanilluxe
|
|-weather|Snowscape|[upkeep]
|upkeep
|turn|3
|
|t:|1785203999
|move|p2b: Metagross|Bullet Punch|p1a: Vanilluxe
|-supereffective|p1a: Vanilluxe|1
|-damage|p1a: Vanilluxe|69/100
|move|p1a: Vanilluxe|Blizzard|p2a: Zoroark|[spread] p2a,p2b
|-resisted|p2b: Metagross|1
|-damage|p2a: Zoroark|0 fnt
|-damage|p2b: Metagross|8/100 par
|faint|p2a: Zoroark
|move|p1b: Ol' Betsy|Zap Cannon|p2b: Metagross
|-damage|p2b: Metagross|0 fnt
|faint|p2b: Metagross
|
|-weather|Snowscape|[upkeep]
|upkeep
|
|t:|1785204012
|switch|p2a: Tsareena|Tsareena, L50, F|100/100
|switch|p2b: Charizard|Charizard, L50, M|100/100
|turn|4
|
|t:|1785204027
|move|p1b: Ol' Betsy|Protect|p1b: Ol' Betsy
|-singleturn|p1b: Ol' Betsy|Protect
|move|p1a: Vanilluxe|Blizzard|p2a: Tsareena|[spread] p2a,p2b
|-supereffective|p2a: Tsareena|1
|-enditem|p2a: Tsareena|Yache Berry|[eat]
|-enditem|p2a: Tsareena|Yache Berry|[weaken]
|-damage|p2a: Tsareena|70/100
|-damage|p2b: Charizard|62/100
|-status|p2b: Charizard|frz
|cant|p2b: Charizard|frz
|move|p2a: Tsareena|Triple Axel|p1b: Ol' Betsy
|-activate|p1b: Ol' Betsy|move: Protect
|
|-weather|Snowscape|[upkeep]
|upkeep
|turn|5
|
|t:|1785204044
|move|p1a: Vanilluxe|Blizzard|p2a: Tsareena|[spread] p2a,p2b
|-supereffective|p2a: Tsareena|1
|-damage|p2a: Tsareena|13/100
|-damage|p2b: Charizard|25/100 frz
|move|p1b: Ol' Betsy|Zap Cannon|p2b: Charizard
|-supereffective|p2b: Charizard|1
|-damage|p2b: Charizard|0 fnt
|faint|p2b: Charizard
|move|p2a: Tsareena|Triple Axel|p1a: Vanilluxe
|-resisted|p1a: Vanilluxe|1
|-damage|p1a: Vanilluxe|67/100
|-resisted|p1a: Vanilluxe|1
|-damage|p1a: Vanilluxe|62/100
|-resisted|p1a: Vanilluxe|1
|-damage|p1a: Vanilluxe|55/100
|-hitcount|p1a: Vanilluxe|3
|
|-weather|Snowscape|[upkeep]
|upkeep
|turn|6
|
|t:|1785204057
|move|p1a: Vanilluxe|Blizzard|p2a: Tsareena
|-supereffective|p2a: Tsareena|1
|-damage|p2a: Tsareena|0 fnt
|faint|p2a: Tsareena
|
|win|ToastedArt
|raw|ToastedArt's rating: 1030 → 1062(+32 for winning)
|raw|PewDie's rating: 1000 → 1000(+0 for losing)
