|j|☆DrXJ13
|j|☆iacidicowl
|html|DrXJ13iacidicowl    
|uhtml|bestof|Game 1 of a best-of-3
|t:|1783264660
|gametype|doubles
|player|p1|DrXJ13|cyrus|1303
|player|p2|iacidicowl|102|1307
|gen|9
|tier|[Gen 9 Champions] VGC 2026 Reg M-B (Bo3)
|rated|
|rule|Species Clause: Limit one of each Pokémon
|rule|Item Clause: Limit 1 of each item
|clearpoke
|poke|p1|Froslass, L50, F|
|poke|p1|Sneasler, L50, F|
|poke|p1|Kingambit, L50, M|
|poke|p1|Scovillain, L50, F|
|poke|p1|Basculegion, L50, M|
|poke|p1|Lycanroc-Dusk, L50, M|
|poke|p2|Blaziken, L50, M|
|poke|p2|Farigiraf, L50, M|
|poke|p2|Staraptor, L50, F|
|poke|p2|Torkoal, L50, M|
|poke|p2|Clefable, L50, M|
|poke|p2|Kingambit, L50, F|
|teampreview|4
|showteam|p1|Froslass||Froslassite|CursedBody|Blizzard,ShadowBall,AuroraVeil,Protect|Modest||F|||50|]Sneasler||WhiteHerb|Unburden|FakeOut,CloseCombat,DireClaw,Protect|Jolly||F|||50|]Kingambit||BlackGlasses|Defiant|SwordsDance,SuckerPunch,Protect,KowtowCleave|Adamant||M|||50|]Scovillain||Scovillainite|Moody|Overheat,GigaDrain,RagePowder,Protect|Bold||F|||50|]Basculegion||ChoiceScarf|Adaptability|AquaJet,FlipTurn,WaveCrash,LastRespects|Jolly||M|||50|]Lycanroc-Dusk||FocusSash|ToughClaws|Accelerock,CloseCombat,RockSlide,Protect|Adamant||M|||50|
|showteam|p2|Blaziken||Blazikenite|SpeedBoost|Protect,FlareBlitz,CloseCombat,RockSlide|Adamant||M|||50|]Farigiraf||SitrusBerry|ArmorTail|Protect,HyperVoice,TrickRoom,TwinBeam|Quiet||M|||50|]Staraptor||ChoiceScarf|Intimidate|BraveBird,Tailwind,FinalGambit,Uturn|Jolly||F|||50|]Torkoal||Leftovers|Drought|Protect,Eruption,BurningJealousy,AncientPower|Quiet||M|||50|]Clefable||LifeOrb|MagicGuard|Protect,Moonblast,IceBeam,Thunderbolt|Quiet||M|||50|]Kingambit||FocusSash|Defiant|Protect,LowKick,IronHead,SuckerPunch|Adamant||F|||50|
|inactive|Battle timer is ON: inactive players will automatically lose when time's up. (requested by iacidicowl)
|inactive|DrXJ13 also wants the timer to be on.
|inactive|iacidicowl has 60 seconds left.
|
|t:|1783264712
|teamsize|p1|4
|teamsize|p2|4
|start
|switch|p1a: Basculegion|Basculegion, L50, M|100/100
|switch|p1b: Froslass|Froslass, L50, F|100/100
|switch|p2a: Blaziken|Blaziken, L50, M|100/100
|switch|p2b: Kingambit|Kingambit, L50, F|100/100
|turn|1
|
|t:|1783264736
|detailschange|p1b: Froslass|Froslass-Mega, L50, F
|-mega|p1b: Froslass|Froslass|Froslassite
|-weather|Snowscape|[from] ability: Snow Warning|[of] p1b: Froslass
|move|p2a: Blaziken|Protect|p2a: Blaziken
|-singleturn|p2a: Blaziken|Protect
|move|p1a: Basculegion|Flip Turn|p2b: Kingambit
|-damage|p2b: Kingambit|64/100
|
|t:|1783264746
|switch|p1a: Lycanroc|Lycanroc-Dusk, L50, M|100/100|[from] Flip Turn
|move|p1b: Froslass|Aurora Veil|p1b: Froslass
|-sidestart|p1: DrXJ13|move: Aurora Veil
|move|p2b: Kingambit|Iron Head|p1b: Froslass
|-supereffective|p1b: Froslass|1
|-damage|p1b: Froslass|39/100
|
|-weather|Snowscape|[upkeep]
|-ability|p2a: Blaziken|Speed Boost|boost
|-boost|p2a: Blaziken|spe|1
|upkeep
|turn|2
|
|t:|1783264764
|detailschange|p2a: Blaziken|Blaziken-Mega, L50, M
|-mega|p2a: Blaziken|Blaziken|Blazikenite
|move|p2b: Kingambit|Sucker Punch|p1a: Lycanroc
|-damage|p1a: Lycanroc|54/100
|move|p2a: Blaziken|Close Combat|p1a: Lycanroc
|-supereffective|p1a: Lycanroc|1
|-damage|p1a: Lycanroc|0 fnt
|-unboost|p2a: Blaziken|def|1
|-unboost|p2a: Blaziken|spd|1
|faint|p1a: Lycanroc
|move|p1b: Froslass|Blizzard|p2b: Kingambit|[spread] p2a,p2b
|-resisted|p2a: Blaziken|1
|-resisted|p2b: Kingambit|1
|-damage|p2a: Blaziken|57/100
|-damage|p2b: Kingambit|37/100
|
|-weather|Snowscape|[upkeep]
|-ability|p2a: Blaziken|Speed Boost|boost
|-boost|p2a: Blaziken|spe|1
|upkeep
|
|t:|1783264782
|switch|p1a: Basculegion|Basculegion, L50, M|100/100
|turn|3
|
|t:|1783264803
|switch|p2a: Torkoal|Torkoal, L50, M|100/100
|-weather|SunnyDay|[from] ability: Drought|[of] p2a: Torkoal
|switch|p1b: Sneasler|Sneasler, L50, F|100/100
|move|p1a: Basculegion|Aqua Jet|p2b: Kingambit
|-damage|p2b: Kingambit|25/100
|move|p2b: Kingambit|Iron Head|p1b: Sneasler
|-damage|p1b: Sneasler|63/100
|
|-weather|SunnyDay|[upkeep]
|upkeep
|turn|4
|
|t:|1783264828
|switch|p2b: Farigiraf|Farigiraf, L50, M|100/100
|move|p1a: Basculegion|Aqua Jet||[still]
|cant|p2b: Farigiraf|ability: Armor Tail|Aqua Jet|[of] p1a: Basculegion
|move|p1b: Sneasler|Close Combat|p2a: Torkoal
|-damage|p2a: Torkoal|55/100
|-unboost|p1b: Sneasler|def|1
|-unboost|p1b: Sneasler|spd|1
|-enditem|p1b: Sneasler|White Herb
|-clearnegativeboost|p1b: Sneasler|[silent]
|move|p2a: Torkoal|Burning Jealousy|p1b: Sneasler|[spread] p1a,p1b
|-resisted|p1a: Basculegion|1
|-damage|p1a: Basculegion|87/100
|-damage|p1b: Sneasler|32/100
|
|-weather|SunnyDay|[upkeep]
|-heal|p2a: Torkoal|62/100|[from] item: Leftovers
|upkeep
|turn|5
|
|t:|1783264852
|switch|p1a: Froslass|Froslass-Mega, L50, F|39/100
|-weather|Snowscape|[from] ability: Snow Warning|[of] p1a: Froslass
|move|p1b: Sneasler|Close Combat|p2a: Torkoal
|-damage|p2a: Torkoal|21/100
|-unboost|p1b: Sneasler|def|1
|-unboost|p1b: Sneasler|spd|1
|move|p2a: Torkoal|Burning Jealousy|p1a: Froslass|[spread] p1a,p1b
|-supereffective|p1a: Froslass|1
|-damage|p1a: Froslass|7/100
|-damage|p1b: Sneasler|1/100
|move|p2b: Farigiraf|Trick Room|p2b: Farigiraf
|-fieldstart|move: Trick Room|[of] p2b: Farigiraf
|
|-weather|Snowscape|[upkeep]
|-heal|p2a: Torkoal|27/100|[from] item: Leftovers
|-sideend|p1: DrXJ13|move: Aurora Veil
|upkeep
|turn|6
|inactive|DrXJ13 has 30 seconds left.
|
|t:|1783264881
|switch|p2b: Kingambit|Kingambit, L50, F|25/100
|move|p2a: Torkoal|Burning Jealousy|p1a: Froslass|[spread] p1a,p1b
|-supereffective|p1a: Froslass|1
|-damage|p1a: Froslass|0 fnt
|-damage|p1b: Sneasler|0 fnt
|faint|p1a: Froslass
|faint|p1b: Sneasler
|
|-weather|Snowscape|[upkeep]
|-heal|p2a: Torkoal|33/100|[from] item: Leftovers
|upkeep
|-message|DrXJ13 forfeited.
|
|win|iacidicowl
||DrXJ13 is ready for game 2.
||iacidicowl is ready for game 2.
|uhtml|next|Next: Game 2 of 3
