|j|☆CretaceousDraconid
|j|☆Malumancer
|html|CretaceousDraconidMalumancer    
|uhtml|bestof|Game 2 of a best-of-3
|t:|1756626810
|gametype|doubles
|player|p1|CretaceousDraconid|zinnia-masters|
|player|p2|Malumancer|pryce|
|gen|9
|tier|[Gen 9] VGC 2025 Reg H (Bo3)
|rule|Species Clause: Limit one of each Pokémon
|rule|Item Clause: Limit 1 of each item
|clearpoke
|poke|p1|Tyranitar, L50, F|
|poke|p1|Salamence, L50, M|
|poke|p1|Basculegion, L50, M|
|poke|p1|Electabuzz, L50, F|
|poke|p1|Excadrill, L50, F|
|poke|p1|Corviknight, L50, M|
|poke|p2|Gholdengo, L50|
|poke|p2|Incineroar, L50, M|
|poke|p2|Porygon2, L50|
|poke|p2|Amoonguss, L50, M|
|poke|p2|Ursaluna-Bloodmoon, L50, M|
|poke|p2|Dragonite, L50, F|
|teampreview|4
|showteam|p1|Tyranitar||AssaultVest|SandStream|TeraBlast,LowKick,KnockOff,RockSlide|||F|||50|,,,,,Flying]Salamence||SafetyGoggles|Intimidate|HeatWave,Hurricane,Protect,DracoMeteor|||M|||50|,,,,,Fire]Basculegion||ChoiceScarf|Adaptability|FlipTurn,LastRespects,AquaJet,WaveCrash|||M|||50|,,,,,Water]Electabuzz||Eviolite|VitalSpirit|Electroweb,Protect,Taunt,FollowMe|||F|||50|,,,,,Dragon]Excadrill||ClearAmulet|SandRush|Protect,IronHead,HighHorsepower,Earthquake|||F|||50|,,,,,Ghost]Corviknight||CovertCloak|MirrorArmor|BulkUp,Tailwind,BraveBird,Roost|||M|||50|,,,,,Fire
|showteam|p2|Gholdengo||LifeOrb|GoodasGold|MakeItRain,ShadowBall,NastyPlot,Protect||||||50|,,,,,Water]Incineroar||SafetyGoggles|Intimidate|KnockOff,FakeOut,PartingShot,FlareBlitz|||M|||50|,,,,,Water]Porygon2||Eviolite|Download|TeraBlast,IceBeam,TrickRoom,Recover||||||50|,,,,,Ghost]Amoonguss||CovertCloak|Regenerator|Spore,PollenPuff,RagePowder,Protect|||M|||50|,,,,,Psychic]Ursaluna-Bloodmoon||AssaultVest|MindsEye|BloodMoon,EarthPower,HyperVoice,VacuumWave|||M|||50|,,,,,Water]Dragonite||LoadedDice|Multiscale|ScaleShot,Haze,Tailwind,Protect|||F|||50|,,,,,Fairy
|inactive|Battle timer is ON: inactive players will automatically lose when time's up. (requested by Malumancer)
|inactive|CretaceousDraconid has 60 seconds left.
|inactive|Malumancer has 60 seconds left.
|inactive|Malumancer has 30 seconds left.
|inactive|Malumancer has 20 seconds left.
|inactive|Malumancer has 15 seconds left.
|
|t:|1756626889
|teamsize|p1|4
|teamsize|p2|4
|start
|switch|p1a: Wasteland|Tyranitar, L50, F|100/100
|switch|p1b: john|Electabuzz, L50, F|100/100
|switch|p2a: Incineroar|Incineroar, L50, M|100/100
|switch|p2b: Porygon2|Porygon2, L50|100/100
|-ability|p2a: Incineroar|Intimidate|boost
|-unboost|p1a: Wasteland|atk|1
|-unboost|p1b: john|atk|1
|-weather|Sandstorm|[from] ability: Sand Stream|[of] p1a: Wasteland
|-ability|p2b: Porygon2|Download|boost
|-boost|p2b: Porygon2|atk|1
|turn|1
|
|t:|1756626910
|move|p2a: Incineroar|Fake Out|p1b: john
|-damage|p1b: john|87/100
|cant|p1b: john|flinch
|move|p1a: Wasteland|Knock Off|p2b: Porygon2
|-damage|p2b: Porygon2|80/100
|-enditem|p2b: Porygon2|Eviolite|[from] move: Knock Off|[of] p1a: Wasteland
|move|p2b: Porygon2|Trick Room|p2b: Porygon2
|-fieldstart|move: Trick Room|[of] p2b: Porygon2
|
|-weather|Sandstorm|[upkeep]
|-damage|p2b: Porygon2|74/100|[from] Sandstorm
|-damage|p1b: john|82/100|[from] Sandstorm
|upkeep
|turn|2
|inactive|Malumancer has 30 seconds left.
|inactive|Malumancer has 20 seconds left.
|
|t:|1756626946
|switch|p1a: Renegade|Excadrill, L50, F|100/100
|move|p2b: Porygon2|Tera Blast|p1b: john
|-damage|p1b: john|55/100
|move|p2a: Incineroar|Knock Off|p1a: Renegade
|-damage|p1a: Renegade|42/100
|-enditem|p1a: Renegade|Clear Amulet|[from] move: Knock Off|[of] p2a: Incineroar
|move|p1b: john|Taunt|p2a: Incineroar
|-start|p2a: Incineroar|move: Taunt
|
|-weather|Sandstorm|[upkeep]
|-damage|p2b: Porygon2|68/100|[from] Sandstorm
|-damage|p1b: john|49/100|[from] Sandstorm
|upkeep
|turn|3
|inactive|Malumancer has 30 seconds left.
|
|t:|1756626975
|move|p1b: john|Follow Me|p1b: john
|-singleturn|p1b: john|move: Follow Me
|move|p2b: Porygon2|Recover|p2b: Porygon2
|-heal|p2b: Porygon2|100/100
|move|p2a: Incineroar|Flare Blitz|p1b: john
|-damage|p1b: john|0 fnt
|faint|p1b: john
|-damage|p2a: Incineroar|88/100|[from] Recoil
|move|p1a: Renegade|Earthquake|p2a: Incineroar|[spread] p2a,p2b
|-supereffective|p2a: Incineroar
|-damage|p2a: Incineroar|10/100
|-damage|p2b: Porygon2|63/100
|
|-weather|Sandstorm|[upkeep]
|-damage|p2b: Porygon2|57/100|[from] Sandstorm
|upkeep
|
|t:|1756626985
|switch|p1b: Wasteland|Tyranitar, L50, F|100/100
|turn|4
|inactive|Malumancer has 30 seconds left.
|inactive|Malumancer has 20 seconds left.
|inactive|CretaceousDraconid has 30 seconds left.
|inactive|Malumancer has 15 seconds left.
|
|t:|1756627029
|move|p2b: Porygon2|Recover|p2b: Porygon2
|-heal|p2b: Porygon2|100/100
|move|p1b: Wasteland|Rock Slide|p2a: Incineroar|[spread] p2a,p2b
|-supereffective|p2a: Incineroar
|-damage|p2a: Incineroar|0 fnt
|-damage|p2b: Porygon2|73/100
|faint|p2a: Incineroar
|move|p1a: Renegade|High Horsepower|p2b: Porygon2
|-damage|p2b: Porygon2|26/100
|
|-weather|Sandstorm|[upkeep]
|-damage|p2b: Porygon2|20/100|[from] Sandstorm
|upkeep
|
|t:|1756627035
|switch|p2a: Ursaluna|Ursaluna-Bloodmoon, L50, M|100/100
|turn|5
|
|t:|1756627052
|switch|p1b: Sucker|Corviknight, L50, M|100/100
|move|p2b: Porygon2|Recover|p2b: Porygon2
|-heal|p2b: Porygon2|70/100
|move|p2a: Ursaluna|Earth Power|p1a: Renegade
|-supereffective|p1a: Renegade
|-damage|p1a: Renegade|0 fnt
|faint|p1a: Renegade
|
|-weather|none
|-fieldend|move: Trick Room
|upkeep
|
|t:|1756627058
|switch|p1a: Wasteland|Tyranitar, L50, F|100/100
|-weather|Sandstorm|[from] ability: Sand Stream|[of] p1a: Wasteland
|turn|6
|inactive|Malumancer has 30 seconds left.
|inactive|CretaceousDraconid has 30 seconds left.
|inactive|Malumancer has 20 seconds left.
|inactive|Malumancer has 15 seconds left.
|inactive|CretaceousDraconid has 20 seconds left.
|inactive|Malumancer has 10 seconds left.
|
|t:|1756627104
|-terastallize|p1a: Wasteland|Flying
|move|p1b: Sucker|Brave Bird|p2b: Porygon2
|-damage|p2b: Porygon2|33/100
|-damage|p1b: Sucker|89/100|[from] Recoil
|move|p2a: Ursaluna|Earth Power|p1a: Wasteland
|-immune|p1a: Wasteland
|move|p1a: Wasteland|Low Kick|p2b: Porygon2
|-supereffective|p2b: Porygon2
|-damage|p2b: Porygon2|0 fnt
|faint|p2b: Porygon2
|
|-weather|Sandstorm|[upkeep]
|-damage|p1a: Wasteland|95/100|[from] Sandstorm
|upkeep
|
|t:|1756627111
|switch|p2b: Gholdengo|Gholdengo, L50|100/100
|turn|7
|
|t:|1756627133
|move|p2b: Gholdengo|Shadow Ball|p1a: Wasteland
|-damage|p1a: Wasteland|65/100
|-damage|p2b: Gholdengo|91/100|[from] item: Life Orb
|move|p1b: Sucker|Tailwind|p1b: Sucker
|-sidestart|p1: CretaceousDraconid|move: Tailwind
|move|p1a: Wasteland|Knock Off|p2b: Gholdengo
|-supereffective|p2b: Gholdengo
|-damage|p2b: Gholdengo|0 fnt
|-enditem|p2b: Gholdengo|Life Orb|[from] move: Knock Off|[of] p1a: Wasteland
|faint|p2b: Gholdengo
|move|p2a: Ursaluna|Blood Moon|p1a: Wasteland
|-damage|p1a: Wasteland|18/100
|
|-weather|Sandstorm|[upkeep]
|-damage|p1a: Wasteland|13/100|[from] Sandstorm
|upkeep
|turn|8
|
|t:|1756627143
|move|p1b: Sucker|Brave Bird|p2a: Ursaluna
|-damage|p2a: Ursaluna|69/100
|-damage|p1b: Sucker|80/100|[from] Recoil
|move|p1a: Wasteland|Low Kick|p2a: Ursaluna
|-supereffective|p2a: Ursaluna
|-damage|p2a: Ursaluna|7/100
|move|p2a: Ursaluna|Hyper Voice|p1a: Wasteland|[spread] p1a,p1b
|-resisted|p1b: Sucker
|-damage|p1a: Wasteland|0 fnt
|-damage|p1b: Sucker|63/100
|faint|p1a: Wasteland
|
|-weather|Sandstorm|[upkeep]
|upkeep
|turn|9
|c|☆CretaceousDraconid|ggwp
|
|t:|1756627152
|move|p1b: Sucker|Brave Bird|p2a: Ursaluna
|-damage|p2a: Ursaluna|0 fnt
|faint|p2a: Ursaluna
|-damage|p1b: Sucker|61/100|[from] Recoil
|
|win|CretaceousDraconid
|c|☆Malumancer|gg
|l|☆CretaceousDraconid
|player|p1|
