|j|☆Cristante terabug
|j|☆Cenacchi359
|html|Cristante terabugCenacchi359    
|uhtml|bestof|Game 2 of a best-of-3
|t:|1756475687
|gametype|doubles
|player|p1|Cristante terabug|kieran-champion|
|player|p2|Cenacchi359|leon|
|gen|9
|tier|[Gen 9] VGC 2025 Reg H (Bo3)
|rule|Species Clause: Limit one of each Pokémon
|rule|Item Clause: Limit 1 of each item
|clearpoke
|poke|p1|Incineroar, L50, F|
|poke|p1|Pelipper, L50, M|
|poke|p1|Archaludon, L50, M|
|poke|p1|Dragonite, L50, M|
|poke|p1|Sinistcha, L50|
|poke|p1|Ursaluna, L50, F|
|poke|p2|Incineroar, L50, M|
|poke|p2|Amoonguss, L50, M|
|poke|p2|Gholdengo, L50|
|poke|p2|Pelipper, L50, M|
|poke|p2|Archaludon, L50, M|
|poke|p2|Basculegion, L50, M|
|teampreview|4
|showteam|p1|Incineroar||SafetyGoggles|Intimidate|FakeOut,PartingShot,KnockOff,FlareBlitz|||F|||50|,,,,,Flying]Pelipper||FocusSash|Drizzle|Hurricane,MuddyWater,Tailwind,Protect|||M|||50|,,,,,Ghost]Archaludon||AssaultVest|Stamina|ElectroShot,Snarl,FlashCannon,BodyPress|||M|||50|,,,,,Bug]Dragonite||LoadedDice|Multiscale|ScaleShot,Tailwind,Haze,Protect|||M|||50|,,,,,Fairy]Sinistcha||SitrusBerry|Hospitality|MatchaGotcha,RagePowder,LifeDew,TrickRoom||||||50|,,,,,Dark]Ursaluna||FlameOrb|Guts|Earthquake,Facade,HeadlongRush,Protect|||F|||50|,,,,,Ghost
|showteam|p2|Incineroar||SafetyGoggles|Intimidate|FakeOut,KnockOff,Taunt,PartingShot|||M|||50|,,,,,Ghost]Amoonguss||SitrusBerry|Regenerator|Spore,RagePowder,PollenPuff,Protect|||M|||50|,,,,,Fairy]Gholdengo||LifeOrb|GoodasGold|MakeItRain,ShadowBall,NastyPlot,Protect||||||50|,,,,,Water]Pelipper||FocusSash|Drizzle|WeatherBall,Hurricane,Tailwind,Protect|||M|||50|,,,,,Ghost]Archaludon||AssaultVest|Stamina|ElectroShot,DragonPulse,FlashCannon,BodyPress|||M|||50|,,,,,Bug]Basculegion||ChoiceBand|SwiftSwim|WaveCrash,AquaJet,FlipTurn,LastRespects|||M|||50|,,,,,Water
|
|t:|1756475698
|teamsize|p1|4
|teamsize|p2|4
|start
|switch|p1a: Incineroar|Incineroar, L50, F|100/100
|switch|p1b: Sinistcha|Sinistcha, L50, shiny|100/100
|switch|p2a: Amoonguss|Amoonguss, L50, M|100/100
|switch|p2b: Gholdengo|Gholdengo, L50|100/100
|-ability|p1a: Incineroar|Intimidate|boost
|-unboost|p2a: Amoonguss|atk|1
|-unboost|p2b: Gholdengo|atk|1
|turn|1
|
|t:|1756475738
|-terastallize|p1b: Sinistcha|Dark
|move|p1a: Incineroar|Fake Out|p2a: Amoonguss
|-damage|p2a: Amoonguss|90/100
|move|p2b: Gholdengo|Nasty Plot|p2b: Gholdengo
|-boost|p2b: Gholdengo|spa|2
|cant|p2a: Amoonguss|flinch
|move|p1b: Sinistcha|Trick Room|p1b: Sinistcha
|-fieldstart|move: Trick Room|[of] p1b: Sinistcha
|
|upkeep
|turn|2
|
|t:|1756475797
|-terastallize|p2b: Gholdengo|Water
|move|p2a: Amoonguss|Spore|p1b: Sinistcha
|-status|p1b: Sinistcha|slp|[from] move: Spore
|move|p1a: Incineroar|Knock Off|p2b: Gholdengo
|-damage|p2b: Gholdengo|54/100
|-enditem|p2b: Gholdengo|Life Orb|[from] move: Knock Off|[of] p1a: Incineroar
|cant|p1b: Sinistcha|slp
|move|p2b: Gholdengo|Nasty Plot|p2b: Gholdengo
|-boost|p2b: Gholdengo|spa|2
|
|upkeep
|turn|3
|
|t:|1756475812
|move|p2a: Amoonguss|Pollen Puff|p2b: Gholdengo
|-heal|p2b: Gholdengo|100/100
|move|p1a: Incineroar|Knock Off|p2b: Gholdengo
|-damage|p2b: Gholdengo|68/100
|cant|p1b: Sinistcha|slp
|move|p2b: Gholdengo|Make It Rain|p1a: Incineroar|[spread] p1a,p1b
|-resisted|p1a: Incineroar
|-crit|p1b: Sinistcha
|-damage|p1a: Incineroar|40/100
|-damage|p1b: Sinistcha|0 fnt
|-unboost|p2b: Gholdengo|spa|1
|faint|p1b: Sinistcha
|
|upkeep
|
|t:|1756475819
|switch|p1b: Ursaluna|Ursaluna, L50, F|100/100
|turn|4
|
|t:|1756475857
|move|p2a: Amoonguss|Rage Powder|p2a: Amoonguss
|-singleturn|p2a: Amoonguss|move: Rage Powder
|move|p1a: Incineroar|Flare Blitz|p2a: Amoonguss
|-supereffective|p2a: Amoonguss
|-damage|p2a: Amoonguss|6/100
|-enditem|p2a: Amoonguss|Sitrus Berry|[eat]
|-heal|p2a: Amoonguss|31/100|[from] item: Sitrus Berry
|-damage|p1a: Incineroar|10/100|[from] Recoil
|move|p1b: Ursaluna|Headlong Rush|p2a: Amoonguss
|-damage|p2a: Amoonguss|0 fnt
|-unboost|p1b: Ursaluna|def|1
|-unboost|p1b: Ursaluna|spd|1
|faint|p2a: Amoonguss
|move|p2b: Gholdengo|Make It Rain|p1b: Ursaluna|[spread] p1a,p1b
|-resisted|p1a: Incineroar
|-damage|p1a: Incineroar|0 fnt
|-damage|p1b: Ursaluna|0 fnt
|-unboost|p2b: Gholdengo|spa|1
|faint|p1a: Incineroar
|faint|p1b: Ursaluna
|
|upkeep
|
|t:|1756475881
|switch|p2a: Incineroar|Incineroar, L50, M|100/100
|switch|p1b: Archaludon|Archaludon, L50, M|100/100
|-ability|p2a: Incineroar|Intimidate|boost
|-unboost|p1b: Archaludon|atk|1
|turn|5
|-message|Cristante terabug forfeited.
|
|win|Cenacchi359
|l|☆Cristante terabug
|player|p1|
|j|☆Cristante terabug
|player|p1|Cristante terabug|kieran-champion|
||Cenacchi359 is ready for game 3.
