|j|☆V1nz' VGC
|j|☆kigokigo
|html|V1nz' VGCkigokigo    
|uhtml|bestof|Game 2 of a best-of-3
|t:|1783180447
|gametype|doubles
|player|p1|V1nz' VGC|steven|1040
|player|p2|kigokigo|102|1131
|gen|9
|tier|[Gen 9 Champions] VGC 2026 Reg M-B (Bo3)
|rated|
|rule|Species Clause: Limit one of each Pokémon
|rule|Item Clause: Limit 1 of each item
|clearpoke
|poke|p1|Starmie, L50, shiny|
|poke|p1|Annihilape, L50, F, shiny|
|poke|p1|Sneasler, L50, F, shiny|
|poke|p1|Whimsicott, L50, M, shiny|
|poke|p1|Raichu, L50, F, shiny|
|poke|p1|Maushold-Four, L50, shiny|
|poke|p2|Whimsicott, L50, M|
|poke|p2|Clefable, L50, M|
|poke|p2|Grimmsnarl, L50, M|
|poke|p2|Incineroar, L50, F|
|poke|p2|Tsareena, L50, F|
|poke|p2|Staraptor, L50, F|
|teampreview|4
|showteam|p1|Starmie||Starminite|NaturalCure|Protect,SkillSwap,Recover,Liquidation|Jolly|||||50|]Annihilape||Leftovers|Defiant|Protect,IcePunch,RageFist,DrainPunch|Adamant||F|||50|]Sneasler||WhiteHerb|Unburden|FakeOut,CloseCombat,DireClaw,Protect|Jolly||F|||50|]Whimsicott||FocusSash|Prankster|Tailwind,Protect,Moonblast,Encore|Timid||M|||50|]Raichu||RaichuniteY|LightningRod|Protect,FakeOut,ZapCannon,FocusBlast|Hasty||F|||50|]Maushold-Four||ChopleBerry|FriendGuard|Protect,SuperFang,Encore,FollowMe|Timid|||||50|
|showteam|p2|Whimsicott||FocusSash|Prankster|Charm,Encore,Tailwind,Protect|Bold||M|||50|]Clefable||BabiriBerry|Unaware|FollowMe,Charm,KnockOff,Protect|Careful||M|||50|]Grimmsnarl||LightClay|Prankster|LightScreen,Reflect,PartingShot,FakeOut|Calm||M|||50|]Incineroar||ChopleBerry|Intimidate|FakeOut,PartingShot,FlareBlitz,DarkestLariat|Impish||F|||50|]Tsareena||SitrusBerry|QueenlyMajesty|Taunt,Charm,Uturn,Protect|Careful||F|||50|]Staraptor||Staraptite|Intimidate|CloseCombat,BraveBird,Roost,Protect|Careful||F|||50|
|inactive|Battle timer is ON: inactive players will automatically lose when time's up. (requested by V1nz' VGC)
|
|t:|1783180467
|teamsize|p1|4
|teamsize|p2|4
|start
|switch|p1a: Starmie|Starmie, L50, shiny|100/100
|switch|p1b: Annihilape|Annihilape, L50, F, shiny|100/100
|switch|p2a: Clefable|Clefable, L50, M|100/100
|switch|p2b: Staraptor|Staraptor, L50, F|100/100
|-ability|p2b: Staraptor|Intimidate|boost
|-unboost|p1a: Starmie|atk|1
|-unboost|p1b: Annihilape|atk|1
|-ability|p1b: Annihilape|Defiant|boost
|-boost|p1b: Annihilape|atk|2
|turn|1
|inactive|kigokigo has 30 seconds left.
|
|t:|1783180494
|detailschange|p1a: Starmie|Starmie-Mega, L50, shiny
|-mega|p1a: Starmie|Starmie|Starminite
|move|p1a: Starmie|Skill Swap|p1b: Annihilape
|-activate|p1a: Starmie|Skill Swap|||[of] p1b: Annihilape
|move|p2b: Staraptor|Brave Bird|p1b: Annihilape
|-supereffective|p1b: Annihilape|1
|-damage|p1b: Annihilape|0 fnt
|faint|p1b: Annihilape
|-damage|p2b: Staraptor|62/100|[from] Recoil
|move|p2a: Clefable|Charm|p2b: Staraptor
|-unboost|p2b: Staraptor|atk|2
|
|upkeep
|
|t:|1783180501
|switch|p1b: Sneasler|Sneasler, L50, F, shiny|100/100
|turn|2
|
|t:|1783180522
|switch|p1a: Maushold|Maushold-Four, L50, shiny|100/100
|switch|p2b: Whimsicott|Whimsicott, L50, M|100/100
|move|p1b: Sneasler|Fake Out|p2b: Whimsicott
|-damage|p2b: Whimsicott|83/100
|move|p2a: Clefable|Charm|p1b: Sneasler
|-unboost|p1b: Sneasler|atk|2
|-enditem|p1b: Sneasler|White Herb
|-clearnegativeboost|p1b: Sneasler|[silent]
|
|upkeep
|turn|3
|inactive|kigokigo has 30 seconds left.
|inactive|kigokigo has 20 seconds left.
|
|t:|1783180559
|switch|p2b: Staraptor|Staraptor, L50, F|62/100
|-ability|p2b: Staraptor|Intimidate|boost
|-unboost|p1a: Maushold|atk|1
|-unboost|p1b: Sneasler|atk|1
|switch|p2a: Grimmsnarl|Grimmsnarl, L50, M|100/100
|move|p1a: Maushold|Follow Me|p1a: Maushold
|-singleturn|p1a: Maushold|move: Follow Me
|move|p1b: Sneasler|Dire Claw|p2a: Grimmsnarl
|-supereffective|p2a: Grimmsnarl|1
|-damage|p2a: Grimmsnarl|31/100
|
|upkeep
|turn|4
|
|t:|1783180578
|detailschange|p2b: Staraptor|Staraptor-Mega, L50, F
|-mega|p2b: Staraptor|Staraptor|Staraptite
|move|p1b: Sneasler|Protect|p1b: Sneasler
|-singleturn|p1b: Sneasler|Protect
|move|p1a: Maushold|Protect|p1a: Maushold
|-singleturn|p1a: Maushold|Protect
|move|p2a: Grimmsnarl|Reflect|p2a: Grimmsnarl
|-sidestart|p2: kigokigo|Reflect
|move|p2b: Staraptor|Roost|p2b: Staraptor
|-heal|p2b: Staraptor|100/100
|-singleturn|p2b: Staraptor|move: Roost
|
|upkeep
|turn|5
|
|t:|1783180599
|move|p1a: Maushold|Follow Me|p1a: Maushold
|-singleturn|p1a: Maushold|move: Follow Me
|move|p2a: Grimmsnarl|Parting Shot|p1a: Maushold
|-unboost|p1a: Maushold|atk|1
|-unboost|p1a: Maushold|spa|1
|
|t:|1783180613
|switch|p2a: Clefable|Clefable, L50, M|100/100|[from] Parting Shot
|move|p1b: Sneasler|Dire Claw|p2a: Clefable
|-supereffective|p2a: Clefable|1
|-damage|p2a: Clefable|40/100
|move|p2b: Staraptor|Close Combat|p1a: Maushold
|-supereffective|p1a: Maushold|1
|-enditem|p1a: Maushold|Chople Berry|[eat]
|-enditem|p1a: Maushold|Chople Berry|[weaken]
|-damage|p1a: Maushold|26/100
|-boost|p2b: Staraptor|def|1
|-boost|p2b: Staraptor|spd|1
|
|upkeep
|turn|6
|
|t:|1783180636
|move|p1b: Sneasler|Dire Claw|p2b: Staraptor
|-damage|p2b: Staraptor|89/100
|move|p1a: Maushold|Super Fang|p2b: Staraptor
|-damage|p2b: Staraptor|44/100
|move|p2b: Staraptor|Close Combat|p1b: Sneasler
|-resisted|p1b: Sneasler|1
|-damage|p1b: Sneasler|61/100
|-boost|p2b: Staraptor|def|1
|-boost|p2b: Staraptor|spd|1
|move|p2a: Clefable|Charm|p2b: Staraptor
|-boost|p2b: Staraptor|atk|2
|
|upkeep
|turn|7
|
|t:|1783180652
|move|p1a: Maushold|Follow Me|p1a: Maushold
|-singleturn|p1a: Maushold|move: Follow Me
|move|p2a: Clefable|Follow Me|p2a: Clefable
|-singleturn|p2a: Clefable|move: Follow Me
|move|p1b: Sneasler|Close Combat|p2a: Clefable
|-resisted|p2a: Clefable|1
|-damage|p2a: Clefable|17/100
|-unboost|p1b: Sneasler|def|1
|-unboost|p1b: Sneasler|spd|1
|move|p2b: Staraptor|Roost|p2b: Staraptor
|-heal|p2b: Staraptor|94/100
|-singleturn|p2b: Staraptor|move: Roost
|
|upkeep
|turn|8
|
|t:|1783180671
|move|p1a: Maushold|Follow Me|p1a: Maushold
|-singleturn|p1a: Maushold|move: Follow Me
|move|p2a: Clefable|Follow Me|p2a: Clefable
|-singleturn|p2a: Clefable|move: Follow Me
|move|p1b: Sneasler|Dire Claw|p2a: Clefable
|-supereffective|p2a: Clefable|1
|-damage|p2a: Clefable|0 fnt
|faint|p2a: Clefable
|move|p2b: Staraptor|Brave Bird|p1a: Maushold
|-damage|p1a: Maushold|0 fnt
|faint|p1a: Maushold
|-damage|p2b: Staraptor|86/100|[from] Recoil
|
|upkeep
|
|t:|1783180682
|switch|p1a: Starmie|Starmie-Mega, L50, shiny|100/100
|switch|p2a: Grimmsnarl|Grimmsnarl, L50, M|31/100
|turn|9
|
|t:|1783180703
|move|p1b: Sneasler|Protect|p1b: Sneasler
|-singleturn|p1b: Sneasler|Protect
|move|p1a: Starmie|Protect|p1a: Starmie
|-singleturn|p1a: Starmie|Protect
|move|p2a: Grimmsnarl|Fake Out|p1b: Sneasler
|-activate|p1b: Sneasler|move: Protect
|move|p2b: Staraptor|Brave Bird|p1a: Starmie
|-activate|p1a: Starmie|move: Protect
|
|upkeep
|turn|10
|inactive|kigokigo has 30 seconds left.
|inactive|kigokigo has 20 seconds left.
|inactive|kigokigo has 15 seconds left.
|
|t:|1783180745
|move|p2a: Grimmsnarl|Parting Shot|p1b: Sneasler
|-unboost|p1b: Sneasler|atk|1
|-unboost|p1b: Sneasler|spa|1
|
|t:|1783180749
|switch|p2a: Whimsicott|Whimsicott, L50, M|83/100|[from] Parting Shot
|move|p1b: Sneasler|Dire Claw|p2a: Whimsicott
|-supereffective|p2a: Whimsicott|2
|-damage|p2a: Whimsicott|26/100
|move|p1a: Starmie|Liquidation|p2b: Staraptor
|-crit|p2b: Staraptor
|-damage|p2b: Staraptor|16/100
|move|p2b: Staraptor|Brave Bird|p1b: Sneasler
|-supereffective|p1b: Sneasler|1
|-damage|p1b: Sneasler|0 fnt
|faint|p1b: Sneasler
|-damage|p2b: Staraptor|0 fnt|[from] Recoil
|faint|p2b: Staraptor
|
|upkeep
|
|t:|1783180764
|switch|p2b: Grimmsnarl|Grimmsnarl, L50, M|31/100
|turn|11
|
|t:|1783180781
|move|p2b: Grimmsnarl|Fake Out|p1a: Starmie
|-damage|p1a: Starmie|90/100
|move|p2a: Whimsicott|Charm|p1a: Starmie
|-unboost|p1a: Starmie|atk|2
|cant|p1a: Starmie|flinch
|
|-sideend|p2: kigokigo|Reflect
|upkeep
|turn|12
|
|t:|1783180794
|move|p2a: Whimsicott|Charm|p1a: Starmie
|-unboost|p1a: Starmie|atk|2
|move|p2b: Grimmsnarl|Parting Shot|p1a: Starmie
|-unboost|p1a: Starmie|atk|1
|-unboost|p1a: Starmie|spa|1
|move|p1a: Starmie|Liquidation|p2b: Grimmsnarl
|-damage|p2b: Grimmsnarl|10/100
|
|upkeep
|turn|13
|-message|kigokigo forfeited.
|
|win|V1nz' VGC
|raw|V1nz' VGC's rating: 1040 → 1083(+43 for winning)
|raw|kigokigo's rating: 1131 → 1100(-31 for losing)
|l|☆kigokigo
|player|p2|
