|j|☆bastiohyes
|j|☆baroniDOC
|html|bastiohyesbaroniDOC    
|uhtml|bestof|Game 3 of a best-of-3
|t:|1783187772
|gametype|doubles
|player|p1|bastiohyes|brycenman|
|player|p2|baroniDOC|lance|
|gen|9
|tier|[Gen 9 Champions] VGC 2026 Reg M-B (Bo3)
|rule|Species Clause: Limit one of each Pokémon
|rule|Item Clause: Limit 1 of each item
|clearpoke
|poke|p1|Aerodactyl, L50, M|
|poke|p1|Garchomp, L50, F|
|poke|p1|Gholdengo, L50|
|poke|p1|Incineroar, L50, F|
|poke|p1|Eelektross, L50, F|
|poke|p1|Rotom-Wash, L50|
|poke|p2|Metagross, L50|
|poke|p2|Samurott-Hisui, L50, F|
|poke|p2|Charizard, L50, M|
|poke|p2|Garchomp, L50, M|
|poke|p2|Sylveon, L50, M|
|poke|p2|Aerodactyl, L50, F|
|teampreview|4
|showteam|p1|Aerodactyl||Aerodactylite|Unnerve|Protect,RockSlide,Tailwind,Earthquake|Jolly||M|||50|]Garchomp||YacheBerry|RoughSkin|RockSlide,BreakingSwipe,Protect,Earthquake|Jolly||F|||50|]Gholdengo||ChoiceScarf|GoodasGold|Thunderbolt,MakeItRain,Trick,Protect|Timid|||||50|]Incineroar||SitrusBerry|Intimidate|FlareBlitz,PartingShot,FakeOut,ThroatChop|Adamant||F|||50|]Eelektross||Eelektrossite|Levitate|Discharge,VoltSwitch,GrassKnot,Protect|Timid||F|||50|]Rotom-Wash||Leftovers|Levitate|PainSplit,Protect,WillOWisp,HydroPump|Calm|||||50|
|showteam|p2|Metagross||Metagrossite|ClearBody|IcePunch,PsychicFangs,Protect,IronHead|Jolly|||||50|]Samurott-Hisui||BlackGlasses|Sharpness|SacredSword,Protect,CeaselessEdge,AquaCutter|Impish||F|||50|]Charizard||CharizarditeY|Blaze|WeatherBall,Protect,SolarBeam,HeatWave|Timid||M|||50|]Garchomp||LifeOrb|RoughSkin|DragonClaw,Protect,Earthquake,RockSlide|Jolly||M|||50|]Sylveon||FairyFeather|Pixilate|QuickAttack,Moonblast,HyperVoice,Protect|Modest||M|||50|]Aerodactyl||FocusSash|Unnerve|RockSlide,DualWingbeat,Tailwind,WideGuard|Jolly||F|||50|
|
|t:|1783187794
|teamsize|p1|4
|teamsize|p2|4
|start
|switch|p1a: Eelektross|Eelektross, L50, F|100/100
|switch|p1b: Garchomp|Garchomp, L50, F|100/100
|switch|p2a: Metagross|Metagross, L50|100/100
|switch|p2b: Sylveon|Sylveon, L50, M|100/100
|turn|1
|
|t:|1783187812
|detailschange|p1a: Eelektross|Eelektross-Mega, L50, F
|-mega|p1a: Eelektross|Eelektross|Eelektrossite
|move|p1b: Garchomp|Protect|p1b: Garchomp
|-singleturn|p1b: Garchomp|Protect
|move|p2a: Metagross|Protect|p2a: Metagross
|-singleturn|p2a: Metagross|Protect
|move|p1a: Eelektross|Discharge|p2a: Metagross|[spread] p2b
|-activate|p1b: Garchomp|move: Protect
|-activate|p2a: Metagross|move: Protect
|-damage|p2b: Sylveon|74/100
|move|p2b: Sylveon|Hyper Voice|p1b: Garchomp|[spread] p1a
|-activate|p1b: Garchomp|move: Protect
|-damage|p1a: Eelektross|44/100
|
|upkeep
|turn|2
|
|t:|1783187842
|move|p2b: Sylveon|Protect|p2b: Sylveon
|-singleturn|p2b: Sylveon|Protect
|move|p1b: Garchomp|Earthquake|p2a: Metagross|[spread] p2a
|-activate|p2b: Sylveon|move: Protect
|-immune|p1a: Eelektross|[from] ability: Eelevate
|-supereffective|p2a: Metagross|1
|-crit|p2a: Metagross
|-damage|p2a: Metagross|14/100
|move|p1a: Eelektross|Discharge|p2a: Metagross|[spread] p2a
|-activate|p2b: Sylveon|move: Protect
|-immune|p1b: Garchomp
|-damage|p2a: Metagross|0 fnt
|faint|p2a: Metagross
|-ability|p1a: Eelektross|Eelevate|boost
|-boost|p1a: Eelektross|spa|1
|
|upkeep
|
|t:|1783187864
|switch|p2a: Aerodactyl|Aerodactyl, L50, F|100/100
|-ability|p2a: Aerodactyl|Unnerve
|turn|3
|
|t:|1783187887
|switch|p1b: Incineroar|Incineroar, L50, F|100/100
|-ability|p1b: Incineroar|Intimidate|boost
|-unboost|p2a: Aerodactyl|atk|1
|-unboost|p2b: Sylveon|atk|1
|move|p2a: Aerodactyl|Tailwind|p2a: Aerodactyl
|-sidestart|p2: baroniDOC|move: Tailwind
|move|p2b: Sylveon|Moonblast|p1b: Incineroar
|-damage|p1b: Incineroar|46/100
|move|p1a: Eelektross|Discharge|p2a: Aerodactyl|[spread] p1b,p2a,p2b
|-supereffective|p2a: Aerodactyl|1
|-damage|p1b: Incineroar|2/100
|-enditem|p2a: Aerodactyl|Focus Sash
|-damage|p2a: Aerodactyl|1/100
|-damage|p2b: Sylveon|38/100
|-status|p2a: Aerodactyl|par
|-status|p2b: Sylveon|par
|
|upkeep
|turn|4
|
|t:|1783187913
|switch|p2a: Samurott|Samurott-Hisui, L50, F|100/100
|-enditem|p1b: Incineroar|Sitrus Berry|[eat]
|-heal|p1b: Incineroar|27/100|[from] item: Sitrus Berry
|switch|p1b: Garchomp|Garchomp, L50, F|100/100
|move|p2b: Sylveon|Quick Attack|p1b: Garchomp
|-supereffective|p1b: Garchomp|1
|-damage|p1b: Garchomp|82/100
|-damage|p2b: Sylveon|26/100 par|[from] ability: Rough Skin|[of] p1b: Garchomp
|move|p1a: Eelektross|Discharge|p2a: Samurott|[spread] p2a,p2b
|-immune|p1b: Garchomp
|-supereffective|p2a: Samurott|1
|-damage|p2a: Samurott|0 fnt
|-damage|p2b: Sylveon|0 fnt
|faint|p2a: Samurott
|faint|p2b: Sylveon
|-ability|p1a: Eelektross|Eelevate|boost
|-boost|p1a: Eelektross|spa|2
|
|upkeep
|
|t:|1783187927
|switch|p2b: Aerodactyl|Aerodactyl, L50, F|1/100 par
|-ability|p2b: Aerodactyl|Unnerve
|turn|5
|
|t:|1783187935
|move|p2b: Aerodactyl|Wide Guard|p2b: Aerodactyl
|-singleturn|p2b: Aerodactyl|Wide Guard
|move|p1b: Garchomp|Breaking Swipe|p2b: Aerodactyl
|-activate|p2b: Aerodactyl|move: Wide Guard
|move|p1a: Eelektross|Volt Switch|p2b: Aerodactyl
|-supereffective|p2b: Aerodactyl|1
|-damage|p2b: Aerodactyl|0 fnt
|faint|p2b: Aerodactyl
|
|win|bastiohyes
|l|☆baroniDOC
|player|p2|
|j|☆baroniDOC
|player|p2|baroniDOC|lance|
