|j|☆Pokediamond155
|j|☆balancebro
|html|Pokediamond155balancebro    
|uhtml|bestof|Game 1 of a best-of-3
|t:|1756440729
|gametype|doubles
|player|p1|Pokediamond155|265|1137
|player|p2|balancebro|buck|1071
|gen|9
|tier|[Gen 9] VGC 2025 Reg H (Bo3)
|rated|
|rule|Species Clause: Limit one of each Pokémon
|rule|Item Clause: Limit 1 of each item
|clearpoke
|poke|p1|Archaludon, L50, M|
|poke|p1|Rillaboom, L50, M|
|poke|p1|Basculegion, L50, M|
|poke|p1|Kingambit, L50, M|
|poke|p1|Pelipper, L50, M|
|poke|p1|Electabuzz, L50, F|
|poke|p2|Pelipper, L50, F|
|poke|p2|Basculegion, L50, M|
|poke|p2|Bronzong, L50|
|poke|p2|Amoonguss, L50, M|
|poke|p2|Ursaluna, L50, M|
|poke|p2|Hydreigon, L50, M|
|teampreview|4
|showteam|p1|Archaludon||AssaultVest|Stamina|ElectroShot,DracoMeteor,FlashCannon,BodyPress|||M|||50|,,,,,Fairy]Rillaboom||LoadedDice|GrassySurge|BulletSeed,GrassyGlide,FakeOut,HighHorsepower|||M|||50|,,,,,Fire]Basculegion||ChoiceBand|SwiftSwim|WaveCrash,LastRespects,FlipTurn,AquaJet|||M|||50|,,,,,Grass]Kingambit||BlackGlasses|Defiant|KowtowCleave,SuckerPunch,SwordsDance,Protect|||M|||50|,,,,,Dark]Pelipper||FocusSash|Drizzle|WeatherBall,Hurricane,Tailwind,Protect|||M|||50|,,,,,Ghost]Electabuzz||Eviolite|VitalSpirit|Electroweb,Taunt,FollowMe,Protect|||F|||50|,,,,,Ghost
|showteam|p2|Pelipper||FocusSash|Drizzle|MuddyWater,Hurricane,Tailwind,Protect|||F|||50|,,,,,Stellar]Basculegion||ChoiceBand|SwiftSwim|WaveCrash,LastRespects,AquaJet,FlipTurn|||M|||50|,,,,,Water]Bronzong||Leftovers|Levitate|BodyPress,GyroBall,IronDefense,TrickRoom||||||50|,,,,,Fighting]Amoonguss||RockyHelmet|Regenerator|RagePowder,Spore,PollenPuff,ClearSmog|||M|||50|,,,,,Water]Ursaluna||FlameOrb|Guts|Facade,Earthquake,HeadlongRush,Protect|||M|||50|,,,,,Ghost]Hydreigon||ChoiceSpecs|Levitate|Snarl,DarkPulse,DracoMeteor,EarthPower|||M|||50|,,,,,Ghost
|inactive|Battle timer is ON: inactive players will automatically lose when time's up. (requested by Pokediamond155)
|inactive|balancebro has 60 seconds left.
|
|t:|1756440804
|teamsize|p1|4
|teamsize|p2|4
|start
|switch|p1a: Pelipper|Pelipper, L50, M|100/100
|switch|p1b: Kingambit|Kingambit, L50, M|100/100
|switch|p2a: Hydreigon|Hydreigon, L50, M|100/100
|switch|p2b: Bronzong|Bronzong, L50|100/100
|-weather|RainDance|[from] ability: Drizzle|[of] p1a: Pelipper
|turn|1
|inactive|Pokediamond155 has 30 seconds left.
|
|t:|1756440838
|switch|p1a: Archaludon|Archaludon, L50, M|100/100
|-terastallize|p2b: Bronzong|Fighting
|move|p1b: Kingambit|Protect|p1b: Kingambit
|-singleturn|p1b: Kingambit|Protect
|move|p2a: Hydreigon|Dark Pulse|p1a: Archaludon
|-damage|p1a: Archaludon|50/100
|-ability|p1a: Archaludon|Stamina|boost
|-boost|p1a: Archaludon|def|1
|move|p2b: Bronzong|Body Press|p1b: Kingambit
|-activate|p1b: Kingambit|move: Protect
|
|-weather|RainDance|[upkeep]
|upkeep
|turn|2
|inactive|Pokediamond155 has 30 seconds left.
|inactive|balancebro has 30 seconds left.
|
|t:|1756440871
|switch|p1b: Rillaboom|Rillaboom, L50, M|100/100
|-fieldstart|move: Grassy Terrain|[from] ability: Grassy Surge|[of] p1b: Rillaboom
|-terastallize|p1a: Archaludon|Fairy
|move|p2a: Hydreigon|Dark Pulse|p1a: Archaludon
|-resisted|p1a: Archaludon
|-damage|p1a: Archaludon|26/100
|-ability|p1a: Archaludon|Stamina|boost
|-boost|p1a: Archaludon|def|1
|move|p1a: Archaludon|Body Press|p2a: Hydreigon
|-supereffective|p2a: Hydreigon
|-damage|p2a: Hydreigon|0 fnt
|faint|p2a: Hydreigon
|move|p2b: Bronzong|Trick Room|p2b: Bronzong
|-fieldstart|move: Trick Room|[of] p2b: Bronzong
|
|-weather|RainDance|[upkeep]
|-heal|p1a: Archaludon|32/100|[from] Grassy Terrain
|upkeep
|
|t:|1756440889
|switch|p2a: Amoonguss|Amoonguss, L50, M|100/100
|turn|3
|
|t:|1756440898
|move|p1b: Rillaboom|Fake Out|p2a: Amoonguss
|-damage|p2a: Amoonguss|88/100
|-damage|p1b: Rillaboom|84/100|[from] item: Rocky Helmet|[of] p2a: Amoonguss
|cant|p2a: Amoonguss|flinch
|move|p2b: Bronzong|Iron Defense|p2b: Bronzong
|-boost|p2b: Bronzong|def|2
|move|p1a: Archaludon|Electro Shot||[still]
|-prepare|p1a: Archaludon|Electro Shot
|-boost|p1a: Archaludon|spa|1
|-anim|p1a: Archaludon|Electro Shot|p2b: Bronzong
|-damage|p2b: Bronzong|46/100
|
|-weather|RainDance|[upkeep]
|-heal|p2a: Amoonguss|94/100|[from] Grassy Terrain
|-heal|p2b: Bronzong|52/100|[from] item: Leftovers
|-heal|p1a: Archaludon|38/100|[from] Grassy Terrain
|-heal|p1b: Rillaboom|90/100|[from] Grassy Terrain
|upkeep
|turn|4
|
|t:|1756440923
|move|p2a: Amoonguss|Spore|p1a: Archaludon
|-status|p1a: Archaludon|slp|[from] move: Spore
|move|p2b: Bronzong|Body Press|p1b: Rillaboom
|-damage|p1b: Rillaboom|14/100
|cant|p1a: Archaludon|slp
|move|p1b: Rillaboom|Bullet Seed|p2b: Bronzong
|-damage|p2b: Bronzong|46/100
|-damage|p2b: Bronzong|40/100
|-damage|p2b: Bronzong|34/100
|-damage|p2b: Bronzong|29/100
|-hitcount|p2b: Bronzong|4
|
|-weather|RainDance|[upkeep]
|-heal|p2a: Amoonguss|99/100|[from] Grassy Terrain
|-heal|p2b: Bronzong|34/100|[from] item: Leftovers
|-heal|p1a: Archaludon|45/100 slp|[from] Grassy Terrain
|-heal|p1b: Rillaboom|20/100|[from] Grassy Terrain
|upkeep
|turn|5
|
|t:|1756440942
|switch|p1b: Pelipper|Pelipper, L50, M|100/100
|move|p2a: Amoonguss|Clear Smog|p1a: Archaludon
|-supereffective|p1a: Archaludon
|-damage|p1a: Archaludon|22/100 slp
|-clearboost|p1a: Archaludon
|-ability|p1a: Archaludon|Stamina|boost
|-boost|p1a: Archaludon|def|1
|move|p2b: Bronzong|Body Press|p1b: Pelipper
|-resisted|p1b: Pelipper
|-crit|p1b: Pelipper
|-damage|p1b: Pelipper|13/100
|cant|p1a: Archaludon|slp
|
|-weather|none
|-heal|p2a: Amoonguss|100/100|[from] Grassy Terrain
|-heal|p2b: Bronzong|40/100|[from] item: Leftovers
|-heal|p1a: Archaludon|28/100 slp|[from] Grassy Terrain
|upkeep
|turn|6
|inactive|balancebro has 30 seconds left.
|
|t:|1756440976
|move|p1b: Pelipper|Protect|p1b: Pelipper
|-singleturn|p1b: Pelipper|Protect
|move|p2a: Amoonguss|Pollen Puff|p2b: Bronzong
|-heal|p2b: Bronzong|90/100
|move|p2b: Bronzong|Gyro Ball|p1a: Archaludon
|-supereffective|p1a: Archaludon
|-damage|p1a: Archaludon|0 fnt
|faint|p1a: Archaludon
|
|-heal|p2b: Bronzong|96/100|[from] item: Leftovers
|-fieldend|move: Trick Room
|-fieldend|move: Grassy Terrain
|upkeep
|
|t:|1756440986
|switch|p1a: Rillaboom|Rillaboom, L50, M|20/100
|-fieldstart|move: Grassy Terrain|[from] ability: Grassy Surge|[of] p1a: Rillaboom
|turn|7
|-message|Pokediamond155 forfeited.
|
|win|balancebro
