|j|☆FlaminDragons
|j|☆EconomyTrash
|html|FlaminDragonsEconomyTrash    
|uhtml|bestof|Game 2 of a best-of-3
|t:|1784954028
|gametype|doubles
|player|p1|FlaminDragons|1|
|player|p2|EconomyTrash|1|
|gen|9
|tier|[Gen 9 Champions] VGC 2026 Reg M-B (Bo3)
|rule|Species Clause: Limit one of each Pokémon
|rule|Item Clause: Limit 1 of each item
|clearpoke
|poke|p1|Politoed, L50, M, shiny|
|poke|p1|Araquanid, L50, M, shiny|
|poke|p1|Blastoise, L50, F|
|poke|p1|Venusaur, L50, F, shiny|
|poke|p1|Blaziken, L50, F|
|poke|p1|Klefki, L50, F|
|poke|p2|Farigiraf, L50, M|
|poke|p2|Mimikyu, L50, F|
|poke|p2|Chandelure, L50, F|
|poke|p2|Mawile, L50, F|
|poke|p2|Azumarill, L50, M|
|poke|p2|Aegislash, L50, M|
|teampreview|4
|showteam|p1|Politoed||DampRock|Drizzle|EarthPower,Protect,HelpingHand,WeatherBall|Calm||M|||50|]Araquanid||MysticWater|WaterBubble|Entrainment,Liquidation,LeechLife,WideGuard|Adamant||M|||50|]Blastoise||WhiteHerb|RainDish|ShellSmash,WaterSpout,WeatherBall,AquaJet|Serious||F|||50|]Venusaur||LifeOrb|Chlorophyll|SludgeBomb,EarthPower,Protect,KnockOff|Serious||F|||50|]Blaziken||Blazikenite|SpeedBoost|Detect,PoisonJab,Earthquake,KnockOff|Adamant||F|||50|]Klefki||SitrusBerry|Prankster|Imprison,TrickRoom,Protect,DazzlingGleam|Relaxed||F|||50|
|showteam|p2|Farigiraf||SitrusBerry|ArmorTail|TrickRoom,HyperVoice,Psychic,Protect|Relaxed||M|||50|]Mimikyu||MentalHerb|Disguise|TrickRoom,PlayRough,Protect,ShadowClaw|Brave||F|||50|]Chandelure||Chandelurite|Infiltrator|HeatWave,EnergyBall,ShadowBall,Protect|Quiet||F|||50|]Mawile||Mawilite|HyperCutter|PlayRough,IronHead,SuckerPunch,ThunderPunch|Adamant||F|||50|]Azumarill||LifeOrb|HugePower|KnockOff,PlayRough,AquaJet,Protect|Adamant||M|||50|]Aegislash||Leftovers|StanceChange|KingsShield,ShadowBall,AirSlash,ShadowSneak|Quiet||M|||50|
|inactive|Battle timer is ON: inactive players will automatically lose when time's up. (requested by EconomyTrash)
|inactiveoff|Battle timer is now OFF.
|
|t:|1784954044
|teamsize|p1|4
|teamsize|p2|4
|start
|switch|p1a: greeeeeeen|Venusaur, L50, F, shiny|100/100
|switch|p1b: Hot and Crispy|Blaziken, L50, F|100/100
|switch|p2a: Mawile|Mawile, L50, F|100/100
|switch|p2b: Mimikyu|Mimikyu, L50, F|100/100
|turn|1
|
|t:|1784954111
|switch|p2a: Azumarill|Azumarill, L50, M|100/100
|detailschange|p1b: Hot and Crispy|Blaziken-Mega, L50, F
|-mega|p1b: Hot and Crispy|Blaziken|Blazikenite
|move|p1b: Hot and Crispy|Earthquake|p2a: Azumarill|[spread] p1a,p2a,p2b
|-damage|p1a: greeeeeeen|56/100
|-damage|p2a: Azumarill|64/100
|-activate|p2b: Mimikyu|ability: Disguise
|-damage|p2b: Mimikyu|100/100
|detailschange|p2b: Mimikyu|Mimikyu-Busted, L50, F
|-damage|p2b: Mimikyu|87/100|[from] pokemon: Mimikyu-Busted
|move|p1a: greeeeeeen|Sludge Bomb|p2b: Mimikyu
|-damage|p2b: Mimikyu|36/100
|-damage|p1a: greeeeeeen|46/100|[from] item: Life Orb
|move|p2b: Mimikyu|Trick Room|p2b: Mimikyu
|-fieldstart|move: Trick Room|[of] p2b: Mimikyu
|
|-ability|p1b: Hot and Crispy|Speed Boost|boost
|-boost|p1b: Hot and Crispy|spe|1
|upkeep
|turn|2
|
|t:|1784954145
|move|p1a: greeeeeeen|Protect|p1a: greeeeeeen
|-singleturn|p1a: greeeeeeen|Protect
|move|p1b: Hot and Crispy|Detect|p1b: Hot and Crispy
|-singleturn|p1b: Hot and Crispy|Protect
|move|p2a: Azumarill|Aqua Jet|p1b: Hot and Crispy
|-activate|p1b: Hot and Crispy|move: Protect
|move|p2b: Mimikyu|Shadow Claw|p1a: greeeeeeen
|-activate|p1a: greeeeeeen|move: Protect
|
|-ability|p1b: Hot and Crispy|Speed Boost|boost
|-boost|p1b: Hot and Crispy|spe|1
|upkeep
|turn|3
|
|t:|1784954210
|move|p2b: Mimikyu|Protect|p2b: Mimikyu
|-singleturn|p2b: Mimikyu|Protect
|move|p2a: Azumarill|Aqua Jet|p1b: Hot and Crispy
|-supereffective|p1b: Hot and Crispy|1
|-damage|p1b: Hot and Crispy|5/100
|-damage|p2a: Azumarill|55/100|[from] item: Life Orb
|move|p1a: greeeeeeen|Sludge Bomb|p2a: Azumarill
|-supereffective|p2a: Azumarill|1
|-damage|p2a: Azumarill|0 fnt
|faint|p2a: Azumarill
|-damage|p1a: greeeeeeen|36/100|[from] item: Life Orb
|move|p1b: Hot and Crispy|Poison Jab|p2b: Mimikyu
|-activate|p2b: Mimikyu|move: Protect
|
|-ability|p1b: Hot and Crispy|Speed Boost|boost
|-boost|p1b: Hot and Crispy|spe|1
|upkeep
|
|t:|1784954230
|switch|p2a: Mawile|Mawile, L50, F|100/100
|turn|4
|
|t:|1784954266
|detailschange|p2a: Mawile|Mawile-Mega, L50, F
|-mega|p2a: Mawile|Mawile|Mawilite
|move|p1a: greeeeeeen|Protect|p1a: greeeeeeen
|-singleturn|p1a: greeeeeeen|Protect
|move|p1b: Hot and Crispy|Detect|p1b: Hot and Crispy
|-singleturn|p1b: Hot and Crispy|Protect
|move|p2a: Mawile|Sucker Punch||[still]
|-fail|p2a: Mawile
|move|p2b: Mimikyu|Shadow Claw|p1a: greeeeeeen
|-activate|p1a: greeeeeeen|move: Protect
|
|-ability|p1b: Hot and Crispy|Speed Boost|boost
|-boost|p1b: Hot and Crispy|spe|1
|upkeep
|turn|5
|
|t:|1784954298
|switch|p1a: Temu Greninja|Politoed, L50, M, shiny|100/100
|-weather|RainDance|[from] ability: Drizzle|[of] p1a: Temu Greninja
|switch|p1b: Big Man|Blastoise, L50, F|100/100
|move|p2a: Mawile|Sucker Punch||[still]
|-fail|p2a: Mawile
|move|p2b: Mimikyu|Shadow Claw|p1a: Temu Greninja
|-damage|p1a: Temu Greninja|64/100
|
|-weather|RainDance|[upkeep]
|-fieldend|move: Trick Room
|upkeep
|turn|6
|
|t:|1784954324
|move|p2b: Mimikyu|Play Rough|p1b: Big Man|[miss]
|-miss|p2b: Mimikyu|p1b: Big Man
|move|p1b: Big Man|Water Spout|p2b: Mimikyu|[spread] p2a,p2b
|-damage|p2a: Mawile|35/100
|-damage|p2b: Mimikyu|0 fnt
|faint|p2b: Mimikyu
|move|p1a: Temu Greninja|Earth Power|p2a: Mawile
|-supereffective|p2a: Mawile|1
|-damage|p2a: Mawile|0 fnt
|faint|p2a: Mawile
|
|-weather|RainDance|[upkeep]
|upkeep
|
|t:|1784954337
|switch|p2b: Farigiraf|Farigiraf, L50, M|100/100
|turn|7
|
|t:|1784954346
|move|p1a: Temu Greninja|Helping Hand|p1b: Big Man
|-singleturn|p1b: Big Man|Helping Hand|[of] p1a: Temu Greninja
|move|p1b: Big Man|Water Spout|p2b: Farigiraf
|-damage|p2b: Farigiraf|2/100
|-enditem|p2b: Farigiraf|Sitrus Berry|[eat]
|-heal|p2b: Farigiraf|26/100|[from] item: Sitrus Berry
|move|p2b: Farigiraf|Hyper Voice|p1a: Temu Greninja|[spread] p1a,p1b
|-damage|p1a: Temu Greninja|46/100
|-damage|p1b: Big Man|76/100
|
|-weather|RainDance|[upkeep]
|-heal|p1b: Big Man|82/100|[from] ability: Rain Dish
|upkeep
|turn|8
|
|t:|1784954363
|move|p1b: Big Man|Aqua Jet||[still]
|cant|p2b: Farigiraf|ability: Armor Tail|Aqua Jet|[of] p1b: Big Man
|move|p1a: Temu Greninja|Weather Ball|p2b: Farigiraf
|-damage|p2b: Farigiraf|0 fnt
|faint|p2b: Farigiraf
|
|win|FlaminDragons
