|j|☆PSH01
|j|☆GubGubFan
|html|PSH01GubGubFan    
|uhtml|bestof|Game 1 of a best-of-3
|t:|1756941545
|gametype|doubles
|player|p1|PSH01|170|1000
|player|p2|GubGubFan|gladion-stance|1000
|gen|9
|tier|[Gen 9] VGC 2025 Reg H (Bo3)
|rated|
|rule|Species Clause: Limit one of each Pokémon
|rule|Item Clause: Limit 1 of each item
|clearpoke
|poke|p1|Goodra-Hisui, L50, M|
|poke|p1|Salamence, L50, F|
|poke|p1|Garchomp, L50, F|
|poke|p1|Dragapult, L50, M|
|poke|p1|Dragonite, L50, M|
|poke|p1|Salazzle, L50, F|
|poke|p2|Sneasler, L50, F|
|poke|p2|Rillaboom, L50, M|
|poke|p2|Tyranitar, L50, M|
|poke|p2|Gholdengo, L50|
|poke|p2|Primarina, L50, M|
|poke|p2|Talonflame, L50, M|
|teampreview|4
|showteam|p1|Goodra-Hisui||Leftovers|Gooey|BodyPress,AcidArmor,LifeDew,Protect|||M|||50|,,,,,Flying]Salamence||FocusSash|Intimidate|FireFang,HelpingHand,Tailwind,DracoMeteor|||F|||50|,,,,,Steel]Garchomp||LifeOrb|RoughSkin|Earthquake,DragonClaw,RockSlide,BrickBreak|||F|||50|,,,,,Steel]Dragapult||LightClay|CursedBody|LightScreen,Reflect,Uturn,Protect|||M|||50|,,,,,Steel]Dragonite||LoadedDice|Multiscale|IceSpinner,Haze,LowKick,ScaleShot|||M|||50|,,,,,Fairy]Salazzle||AirBalloon|Corrosion|Toxic,FakeOut,Overheat,Protect|||F|||50|,,,,,Poison
|showteam|p2|Sneasler||GrassySeed|Unburden|DireClaw,CloseCombat,ThroatChop,Protect|||F|||50|,,,,,Dark]Rillaboom||MiracleSeed|GrassySurge|GrassyGlide,WoodHammer,FakeOut,Uturn|||M|||50|,,,,,Water]Tyranitar||AssaultVest|SandStream|RockSlide,KnockOff,HighHorsepower,TeraBlast|||M|||50|,,,,,Flying]Gholdengo||LifeOrb|GoodasGold|MakeItRain,ShadowBall,NastyPlot,Protect||||||50|,,,,,Dragon]Primarina||ThroatSpray|LiquidVoice|HyperVoice,Moonblast,Haze,Protect|||M|||50|,,,,,Poison]Talonflame||CovertCloak|GaleWings|BraveBird,FlareBlitz,Tailwind,WillOWisp|||M|||50|,,,,,Stellar
|inactive|Battle timer is ON: inactive players will automatically lose when time's up. (requested by PSH01)
|inactive|GubGubFan has 60 seconds left.
|c|☆PSH01|You still there mate?
|c|☆GubGubFan|yup!
|c|☆GubGubFan|deciding lead
|inactive|GubGubFan has 30 seconds left.
|c|☆PSH01|Oh okay, take your time.
|inactive|GubGubFan has 20 seconds left.
|c|☆PSH01|GLHF
|c|☆GubGubFan|glhf!
|inactive|GubGubFan has 15 seconds left.
|
|t:|1756941683
|teamsize|p1|4
|teamsize|p2|4
|start
|switch|p1a: Salamence|Salamence, L50, F|100/100
|switch|p1b: Salazzle|Salazzle, L50, F|100/100
|switch|p2a: Talonflame|Talonflame, L50, M|100/100
|switch|p2b: Gholdengo|Gholdengo, L50|100/100
|-item|p1b: Salazzle|Air Balloon
|-ability|p1a: Salamence|Intimidate|boost
|-unboost|p2a: Talonflame|atk|1
|-unboost|p2b: Gholdengo|atk|1
|turn|1
|inactive|PSH01 has 30 seconds left.
|inactive|GubGubFan has 30 seconds left.
|inactive|GubGubFan has 20 seconds left.
|inactive|GubGubFan has 15 seconds left.
|
|t:|1756941725
|move|p1b: Salazzle|Fake Out|p2a: Talonflame
|-damage|p2a: Talonflame|92/100
|move|p1a: Salamence|Tailwind|p1a: Salamence
|-sidestart|p1: PSH01|move: Tailwind
|move|p2a: Talonflame|Tailwind|p2a: Talonflame
|-sidestart|p2: GubGubFan|move: Tailwind
|move|p2b: Gholdengo|Make It Rain|p1b: Salazzle|[spread] p1a,p1b
|-resisted|p1b: Salazzle
|-damage|p1a: Salamence|34/100
|-damage|p1b: Salazzle|54/100
|-unboost|p2b: Gholdengo|spa|1
|-enditem|p1b: Salazzle|Air Balloon
|-damage|p2b: Gholdengo|91/100|[from] item: Life Orb
|
|upkeep
|turn|2
|inactive|GubGubFan has 30 seconds left.
|inactive|GubGubFan has 20 seconds left.
|
|t:|1756941766
|move|p1b: Salazzle|Overheat|p2b: Gholdengo|[miss]
|-miss|p1b: Salazzle|p2b: Gholdengo
|move|p1a: Salamence|Fire Fang|p2b: Gholdengo
|-supereffective|p2b: Gholdengo
|-damage|p2b: Gholdengo|53/100
|move|p2a: Talonflame|Brave Bird|p1b: Salazzle
|-damage|p1b: Salazzle|4/100
|-damage|p2a: Talonflame|76/100|[from] Recoil
|move|p2b: Gholdengo|Shadow Ball|p1a: Salamence
|-damage|p1a: Salamence|0 fnt
|faint|p1a: Salamence
|-damage|p2b: Gholdengo|44/100|[from] item: Life Orb
|
|upkeep
|
|t:|1756941785
|switch|p1a: Dragonite|Dragonite, L50, M|100/100
|turn|3
|
|t:|1756941810
|switch|p1b: Garchomp|Garchomp, L50, F|100/100
|move|p2a: Talonflame|Will-O-Wisp|p1a: Dragonite
|-status|p1a: Dragonite|brn
|move|p2b: Gholdengo|Make It Rain|p1b: Garchomp|[spread] p1a,p1b
|-damage|p1a: Dragonite|81/100 brn
|-damage|p1b: Garchomp|54/100
|-unboost|p2b: Gholdengo|spa|1
|-damage|p2b: Gholdengo|34/100|[from] item: Life Orb
|move|p1a: Dragonite|Scale Shot|p2a: Talonflame
|-damage|p2a: Talonflame|66/100
|-damage|p2a: Talonflame|57/100
|-damage|p2a: Talonflame|48/100
|-damage|p2a: Talonflame|38/100
|-damage|p2a: Talonflame|29/100
|-hitcount|p2a: Talonflame|5
|-unboost|p1a: Dragonite|def|1
|-boost|p1a: Dragonite|spe|1
|
|-damage|p1a: Dragonite|75/100 brn|[from] brn
|upkeep
|turn|4
|inactive|PSH01 has 30 seconds left.
|inactive|GubGubFan has 30 seconds left.
|inactive|GubGubFan has 20 seconds left.
|inactive|GubGubFan has 15 seconds left.
|
|t:|1756941855
|-terastallize|p1b: Garchomp|Steel
|move|p1b: Garchomp|Earthquake|p2a: Talonflame|[spread] p2b
|-immune|p1a: Dragonite
|-immune|p2a: Talonflame
|-supereffective|p2b: Gholdengo
|-damage|p2b: Gholdengo|0 fnt
|faint|p2b: Gholdengo
|-damage|p1b: Garchomp|44/100|[from] item: Life Orb
|move|p2a: Talonflame|Will-O-Wisp|p1b: Garchomp
|-status|p1b: Garchomp|brn
|move|p1a: Dragonite|Scale Shot|p2a: Talonflame
|-damage|p2a: Talonflame|19/100
|-damage|p2a: Talonflame|10/100
|-crit|p2a: Talonflame
|-damage|p2a: Talonflame|0 fnt
|faint|p2a: Talonflame
|-hitcount|p2: Talonflame|3
|-unboost|p1a: Dragonite|def|1
|-boost|p1a: Dragonite|spe|1
|
|-damage|p1a: Dragonite|69/100 brn|[from] brn
|-damage|p1b: Garchomp|38/100 brn|[from] brn
|-sideend|p2: GubGubFan|move: Tailwind
|-sideend|p1: PSH01|move: Tailwind
|upkeep
|c|☆PSH01|Didnt notice the Covert Cloak
|
|t:|1756941866
|switch|p2a: Primarina|Primarina, L50, M|100/100
|switch|p2b: Tyranitar|Tyranitar, L50, M|100/100
|-weather|Sandstorm|[from] ability: Sand Stream|[of] p2b: Tyranitar
|turn|5
|inactive|PSH01 has 30 seconds left.
|inactive|GubGubFan has 30 seconds left.
|inactive|PSH01 has 20 seconds left.
|inactive|PSH01 has 15 seconds left.
|inactive|PSH01 has 10 seconds left.
|inactive|PSH01 has 5 seconds left.
|
|t:|1756941921
|-terastallize|p2b: Tyranitar|Flying
|move|p1a: Dragonite|Ice Spinner|p2a: Primarina
|-resisted|p2a: Primarina
|-damage|p2a: Primarina|91/100
|move|p1b: Garchomp|Earthquake|p2a: Primarina|[spread] p2a
|-immune|p1a: Dragonite
|-immune|p2b: Tyranitar
|-damage|p2a: Primarina|61/100
|-damage|p1b: Garchomp|28/100 brn|[from] item: Life Orb
|move|p2a: Primarina|Hyper Voice|p1a: Dragonite|[spread] p1a,p1b
|-resisted|p1a: Dragonite
|-damage|p1a: Dragonite|52/100 brn
|-damage|p1b: Garchomp|0 fnt
|faint|p1b: Garchomp
|-enditem|p2a: Primarina|Throat Spray
|-boost|p2a: Primarina|spa|1|[from] item: Throat Spray
|move|p2b: Tyranitar|Rock Slide|p1a: Dragonite
|-supereffective|p1a: Dragonite
|-damage|p1a: Dragonite|0 fnt
|faint|p1a: Dragonite
|
|-weather|Sandstorm|[upkeep]
|-damage|p2a: Primarina|55/100|[from] Sandstorm
|-damage|p2b: Tyranitar|95/100|[from] Sandstorm
|upkeep
|inactive|PSH01 has 30 seconds left.
|inactive|PSH01 has 20 seconds left.
|
|t:|1756941956
|switch|p1b: Salazzle|Salazzle, L50, F|4/100
|turn|6
|
|t:|1756941963
|move|p1b: Salazzle|Overheat|p2a: Primarina
|-resisted|p2a: Primarina
|-damage|p2a: Primarina|35/100
|-unboost|p1b: Salazzle|spa|2
|move|p2a: Primarina|Moonblast|p1b: Salazzle
|-resisted|p1b: Salazzle
|-damage|p1b: Salazzle|0 fnt
|faint|p1b: Salazzle
|
|win|GubGubFan
||PSH01 is ready for game 2.
|c|☆PSH01|ggs bro
|inactive|GubGubFan has 30 seconds to confirm battle start!
|c|☆GubGubFan|ggs
||GubGubFan is ready for game 2.
|uhtml|next|Next: Game 2 of 3
