|j|☆zayjar
|j|☆Apeenjoyerr
|html|zayjarApeenjoyerr    
|uhtml|bestof|Game 2 of a best-of-3
|t:|1757631922
|gametype|doubles
|player|p1|zayjar|dahlia|1130
|player|p2|Apeenjoyerr|li|1206
|gen|9
|tier|[Gen 9] VGC 2025 Reg H (Bo3)
|rated|
|rule|Species Clause: Limit one of each Pokémon
|rule|Item Clause: Limit 1 of each item
|clearpoke
|poke|p1|Tyranitar, L50, F|
|poke|p1|Ursaluna, L50, F|
|poke|p1|Mandibuzz, L50, F|
|poke|p1|Dragapult, L50, F|
|poke|p1|Clefable, L50, M|
|poke|p1|Volcarona, L50, M|
|poke|p2|Pelipper, L50, M|
|poke|p2|Basculegion, L50, M|
|poke|p2|Incineroar, L50, F|
|poke|p2|Archaludon, L50, M|
|poke|p2|Sinistcha, L50|
|poke|p2|Ursaluna, L50, M|
|teampreview|4
|showteam|p1|Tyranitar||AssaultVest|SandStream|KnockOff,HighHorsepower,Snarl,IcePunch|||F|||50|,,,,,Flying]Ursaluna||FlameOrb|Guts|Earthquake,Facade,Protect,CloseCombat|||F|||50|,,,,,Ground]Mandibuzz||Leftovers|Overcoat|Tailwind,Protect,Taunt,FoulPlay|||F|||50|,,,,,Dark]Dragapult||ChoiceSpecs|ClearBody|ShadowBall,Flamethrower,DracoMeteor,Thunderbolt|||F|||50|,,,,,Fire]Clefable||CovertCloak|MagicGuard|FollowMe,IcyWind,Protect,DazzlingGleam|||M|||50|,,,,,Fairy]Volcarona||SafetyGoggles|FlameBody|QuiverDance,Protect,FieryDance,GigaDrain|||M|||50|,,,,,Grass
|showteam|p2|Pelipper||FocusSash|Drizzle|Hurricane,WeatherBall,Tailwind,Protect|||M|||50|,,,,,Stellar]Basculegion||ChoiceBand|SwiftSwim|WaveCrash,LastRespects,AquaJet,FlipTurn|||M|||50|,,,,,Water]Incineroar||SafetyGoggles|Intimidate|KnockOff,FakeOut,Taunt,PartingShot|||F|||50|,,,,,Flying]Archaludon||AssaultVest|Stamina|ElectroShot,DragonPulse,FlashCannon,BodyPress|||M|||50|,,,,,Grass]Sinistcha||SitrusBerry|Hospitality|MatchaGotcha,RagePowder,LifeDew,TrickRoom||||||50|,,,,,Water]Ursaluna||FlameOrb|Guts|HeadlongRush,Facade,Earthquake,Protect|||M|||50|,,,,,Ghost
|
|t:|1757631947
|teamsize|p1|4
|teamsize|p2|4
|start
|switch|p1a: Mandibuzz|Mandibuzz, L50, F|100/100
|switch|p1b: Volcarona|Volcarona, L50, M|100/100
|switch|p2a: Sinistcha|Sinistcha, L50|100/100
|switch|p2b: Basculegion|Basculegion, L50, M|100/100
|turn|1
|
|t:|1757631974
|switch|p2a: Pelipper|Pelipper, L50, M|100/100
|-weather|RainDance|[from] ability: Drizzle|[of] p2a: Pelipper
|-terastallize|p1b: Volcarona|Grass
|-terastallize|p2b: Basculegion|Water
|move|p2b: Basculegion|Wave Crash|p1a: Mandibuzz
|-damage|p1a: Mandibuzz|0 fnt
|faint|p1a: Mandibuzz
|-damage|p2b: Basculegion|64/100|[from] Recoil
|move|p1b: Volcarona|Fiery Dance|p2a: Pelipper
|-resisted|p2a: Pelipper
|-damage|p2a: Pelipper|81/100
|
|-weather|RainDance|[upkeep]
|upkeep
|
|t:|1757631993
|switch|p1a: Tyranitar|Tyranitar, L50, F|100/100
|-weather|Sandstorm|[from] ability: Sand Stream|[of] p1a: Tyranitar
|turn|2
|
|t:|1757632021
|switch|p2b: Sinistcha|Sinistcha, L50|100/100
|-heal|p2a: Pelipper|100/100|[from] ability: Hospitality|[of] p2b: Sinistcha
|move|p1b: Volcarona|Giga Drain|p2b: Sinistcha
|-resisted|p2b: Sinistcha
|-damage|p2b: Sinistcha|80/100
|move|p2a: Pelipper|Hurricane|p1b: Volcarona|[miss]
|-miss|p2a: Pelipper|p1b: Volcarona
|move|p1a: Tyranitar|Knock Off|p2a: Pelipper
|-damage|p2a: Pelipper|19/100
|-enditem|p2a: Pelipper|Focus Sash|[from] move: Knock Off|[of] p1a: Tyranitar
|
|-weather|Sandstorm|[upkeep]
|-damage|p2a: Pelipper|13/100|[from] Sandstorm
|-damage|p2b: Sinistcha|74/100|[from] Sandstorm
|upkeep
|turn|3
|
|t:|1757632059
|switch|p2a: Basculegion|Basculegion, L50, M, tera:Water|64/100
|move|p1b: Volcarona|Giga Drain|p2a: Basculegion
|-supereffective|p2a: Basculegion
|-damage|p2a: Basculegion|0 fnt
|faint|p2a: Basculegion
|move|p1a: Tyranitar|Knock Off|p2b: Sinistcha
|-supereffective|p2b: Sinistcha
|-damage|p2b: Sinistcha|0 fnt
|-enditem|p2b: Sinistcha|Sitrus Berry|[from] move: Knock Off|[of] p1a: Tyranitar
|faint|p2b: Sinistcha
|
|-weather|Sandstorm|[upkeep]
|upkeep
|
|t:|1757632068
|switch|p2a: Ursaluna|Ursaluna, L50, M|100/100
|switch|p2b: Pelipper|Pelipper, L50, M|13/100
|-weather|RainDance|[from] ability: Drizzle|[of] p2b: Pelipper
|turn|4
|
|t:|1757632086
|move|p2a: Ursaluna|Protect|p2a: Ursaluna
|-singleturn|p2a: Ursaluna|Protect
|move|p1b: Volcarona|Giga Drain|p2b: Pelipper
|-damage|p2b: Pelipper|0 fnt
|faint|p2b: Pelipper
|move|p1a: Tyranitar|Ice Punch|p2a: Ursaluna
|-activate|p2a: Ursaluna|move: Protect
|
|-weather|RainDance|[upkeep]
|-status|p2a: Ursaluna|brn|[from] item: Flame Orb
|upkeep
|turn|5
|
|t:|1757632101
|move|p1b: Volcarona|Giga Drain|p2a: Ursaluna
|-supereffective|p2a: Ursaluna
|-damage|p2a: Ursaluna|19/100 brn
|move|p1a: Tyranitar|Ice Punch|p2a: Ursaluna
|-supereffective|p2a: Ursaluna
|-damage|p2a: Ursaluna|0 fnt
|faint|p2a: Ursaluna
|
|win|zayjar
|raw|zayjar's rating: 1153 → 1182(+29 for winning)
|raw|Apeenjoyerr's rating: 1206 → 1177(-29 for losing)
|l|☆zayjar
|player|p1|
|l|☆Apeenjoyerr
|player|p2|
