|j|☆Shaboogles
|j|☆mikewww
|html|Shabooglesmikewww    
|uhtml|bestof|Game 1 of a best-of-3
|t:|1783641184
|gametype|doubles
|player|p1|Shaboogles|rosa|
|player|p2|mikewww|swimmer-gen4dp|
|gen|9
|tier|[Gen 9 Champions] VGC 2026 Reg M-B (Bo3)
|rule|Species Clause: Limit one of each Pokémon
|rule|Item Clause: Limit 1 of each item
|clearpoke
|poke|p1|Chandelure, L50, F|
|poke|p1|Garganacl, L50, F|
|poke|p1|Greninja, L50, M|
|poke|p1|Rotom-Mow, L50|
|poke|p1|Krookodile, L50, M|
|poke|p1|Ariados, L50, F|
|poke|p2|Pidgeot, L50, M|
|poke|p2|Gardevoir, L50, M|
|poke|p2|Ariados, L50, M|
|poke|p2|Diggersby, L50, M|
|poke|p2|Starmie, L50|
|poke|p2|Klefki, L50, F|
|teampreview|4
|showteam|p1|Chandelure||Chandelurite|Infiltrator|HeatWave,ShadowBall,TrickRoom,Protect|Modest||F|||50|]Garganacl||Leftovers|PurifyingSalt|WideGuard,SaltCure,Recover,Protect|Sassy||F|||50|]Greninja||Greninjite|Torrent|IcyWind,Protect,HydroPump,DarkPulse|Timid||M|||50|]Rotom-Mow||ChoiceScarf|Levitate|Thunderbolt,LeafStorm,Electroweb,Trick|Timid|||||50|]Krookodile||PasshoBerry|Intimidate|Crunch,Taunt,Protect,HighHorsepower|Adamant||M|||50|]Ariados||ScopeLens|Sniper|CrossPoison,Protect,RagePowder,KnockOff|Impish||F|||50|
|showteam|p2|Pidgeot||Pidgeotite|BigPecks|Protect,HeatWave,Hurricane,Tailwind|Timid||M|||50|]Gardevoir||FairyFeather|Telepathy|Protect,DazzlingGleam,Moonblast,Psychic|Modest||M|||50|]Ariados||FocusSash|Insomnia|Protect,PoisonJab,StruggleBug,RagePowder|Adamant||M|||50|]Diggersby||LifeOrb|HugePower|Protect,Earthquake,HighHorsepower,IcePunch|Adamant||M|||50|]Starmie||Starminite|NaturalCure|Protect,Liquidation,PsychoCut,AquaJet|Jolly|||||50|]Klefki||LightClay|Prankster|FlashCannon,LightScreen,Reflect,RainDance|Bold||F|||50|
|inactive|Battle timer is ON: inactive players will automatically lose when time's up. (requested by mikewww)
|c|☆Shaboogles|GLHF MIKE WWW GOAT
|c|☆mikewww|GLHF!
|inactive|Shaboogles has 60 seconds left.
|inactive|mikewww has 60 seconds left.
|inactive|Shaboogles has 30 seconds left.
|inactive|mikewww has 30 seconds left.
|
|t:|1783641252
|teamsize|p1|4
|teamsize|p2|4
|start
|switch|p1a: Rotom|Rotom-Mow, L50|100/100
|switch|p1b: Chandelure|Chandelure, L50, F|100/100
|switch|p2a: Pidgeot|Pidgeot, L50, M|100/100
|switch|p2b: Diggersby|Diggersby, L50, M|100/100
|turn|1
|inactive|Shaboogles has 30 seconds left.
|inactive|mikewww has 30 seconds left.
|
|t:|1783641279
|detailschange|p2a: Pidgeot|Pidgeot-Mega, L50, M
|-mega|p2a: Pidgeot|Pidgeot|Pidgeotite
|detailschange|p1b: Chandelure|Chandelure-Mega, L50, F
|-mega|p1b: Chandelure|Chandelure|Chandelurite
|move|p2a: Pidgeot|Protect|p2a: Pidgeot
|-singleturn|p2a: Pidgeot|Protect
|move|p2b: Diggersby|Protect|p2b: Diggersby
|-singleturn|p2b: Diggersby|Protect
|move|p1a: Rotom|Leaf Storm|p2b: Diggersby
|-activate|p2b: Diggersby|move: Protect
|move|p1b: Chandelure|Trick Room|p1b: Chandelure
|-fieldstart|move: Trick Room|[of] p1b: Chandelure
|
|upkeep
|turn|2
|
|t:|1783641297
|switch|p1a: Krookodile|Krookodile, L50, M|100/100
|-ability|p1a: Krookodile|Intimidate|boost
|-unboost|p2a: Pidgeot|atk|1
|-unboost|p2b: Diggersby|atk|1
|move|p1b: Chandelure|Heat Wave|p2b: Diggersby|[spread] p2a
|-miss|p1b: Chandelure|p2b: Diggersby
|-damage|p2a: Pidgeot|33/100
|move|p2b: Diggersby|Ice Punch|p1a: Krookodile
|-supereffective|p1a: Krookodile|1
|-damage|p1a: Krookodile|43/100
|-damage|p2b: Diggersby|90/100|[from] item: Life Orb
|move|p2a: Pidgeot|Hurricane|p1a: Krookodile
|-damage|p1a: Krookodile|0 fnt
|faint|p1a: Krookodile
|
|upkeep
|
|t:|1783641308
|switch|p1a: Greninja|Greninja, L50, M|100/100
|turn|3
|
|t:|1783641322
|move|p1b: Chandelure|Heat Wave|p2a: Pidgeot|[spread] p2a,p2b
|-damage|p2a: Pidgeot|0 fnt
|-damage|p2b: Diggersby|17/100
|faint|p2a: Pidgeot
|move|p2b: Diggersby|Earthquake|p1b: Chandelure|[spread] p1a,p1b
|-supereffective|p1b: Chandelure|1
|-damage|p1a: Greninja|36/100
|-damage|p1b: Chandelure|7/100
|-damage|p2b: Diggersby|8/100|[from] item: Life Orb
|move|p1a: Greninja|Dark Pulse|p2b: Diggersby
|-damage|p2b: Diggersby|0 fnt
|faint|p2b: Diggersby
|
|upkeep
|
|t:|1783641335
|switch|p2b: Ariados|Ariados, L50, M|100/100
|switch|p2a: Gardevoir|Gardevoir, L50, M|100/100
|turn|4
|inactive|Shaboogles has 30 seconds left.
|
|t:|1783641363
|switch|p1a: Rotom|Rotom-Mow, L50|100/100
|move|p2b: Ariados|Rage Powder|p2b: Ariados
|-singleturn|p2b: Ariados|move: Rage Powder
|move|p1b: Chandelure|Heat Wave|p2a: Gardevoir|[spread] p2a,p2b
|-supereffective|p2b: Ariados|1
|-damage|p2a: Gardevoir|51/100
|-enditem|p2b: Ariados|Focus Sash
|-damage|p2b: Ariados|1/100
|move|p2a: Gardevoir|Dazzling Gleam|p1b: Chandelure|[spread] p1a,p1b
|-resisted|p1b: Chandelure|1
|-damage|p1a: Rotom|46/100
|-damage|p1b: Chandelure|0 fnt
|faint|p1b: Chandelure
|
|upkeep
|
|t:|1783641373
|switch|p1b: Greninja|Greninja, L50, M|36/100
|turn|5
|
|t:|1783641380
|move|p2b: Ariados|Poison Jab|p1a: Rotom
|-supereffective|p1a: Rotom|1
|-damage|p1a: Rotom|0 fnt
|faint|p1a: Rotom
|move|p2a: Gardevoir|Dazzling Gleam|p1b: Greninja
|-supereffective|p1b: Greninja|1
|-damage|p1b: Greninja|0 fnt
|faint|p1b: Greninja
|
|win|mikewww
||Shaboogles is ready for game 2.
||mikewww is ready for game 2.
|uhtml|next|Next: Game 2 of 3
|l|☆mikewww
|player|p2|
