|j|☆Darking81
|j|☆gio0314
|html|Darking81gio0314    
|uhtml|bestof|Game 2 of a best-of-3
|t:|1785196600
|gametype|doubles
|player|p1|Darking81|1|
|player|p2|gio0314|266|
|gen|9
|tier|[Gen 9 Champions] VGC 2026 Reg M-B (Bo3)
|rule|Species Clause: Limit one of each Pokémon
|rule|Item Clause: Limit 1 of each item
|clearpoke
|poke|p1|Lucario, L50, F|
|poke|p1|Sableye, L50, M|
|poke|p1|Lycanroc-Dusk, L50, M|
|poke|p1|Luxray, L50, M|
|poke|p1|Hydreigon, L50, F|
|poke|p1|Talonflame, L50, F|
|poke|p2|Blastoise, L50, F|
|poke|p2|Farigiraf, L50, M|
|poke|p2|Torkoal, L50, F|
|poke|p2|Incineroar, L50, M|
|poke|p2|Hatterene, L50, F|
|poke|p2|Clefable, L50, F|
|teampreview|4
|showteam|p1|Lucario||Lucarionite|InnerFocus|CloseCombat,MeteorMash,Protect,Crunch|Jolly||F|||50|]Sableye||SitrusBerry|Prankster|Reflect,KnockOff,Encore,LightScreen|Careful||M|||50|]Lycanroc-Dusk||LifeOrb|ToughClaws|RockSlide,Accelerock,CloseCombat,Protect|Jolly||M|||50|]Luxray||ShucaBerry|Intimidate|Superpower,HelpingHand,Protect,WildCharge|Adamant||M|||50|]Hydreigon||FocusSash|Levitate|EarthPower,DracoMeteor,DarkPulse,Protect|Modest||F|||50|]Talonflame|||GaleWings|Acrobatics,Tailwind,FlareBlitz,Uturn|Jolly||F|||50|
|showteam|p2|Blastoise||Blastoisinite|Torrent|DarkPulse,AuraSphere,WaterPulse,Protect|Modest||F|||50|]Farigiraf||FocusSash|ArmorTail|TrickRoom,PsychicNoise,Thunderbolt,Protect|Sassy||M|||50|]Torkoal||Charcoal|Drought|Eruption,HeatWave,SolarBeam,Protect|Modest||F|||50|]Incineroar||Leftovers|Intimidate|FakeOut,DarkestLariat,CloseCombat,PartingShot|Adamant||M|||50|]Hatterene||ExpertBelt|MagicBounce|Psychic,DazzlingGleam,TrickRoom,Protect|Sassy||F|||50|]Clefable||Clefablite|MagicGuard|Moonblast,HealPulse,Thunderbolt,FollowMe|Modest||F|||50|
|inactive|Battle timer is ON: inactive players will automatically lose when time's up. (requested by gio0314)
|inactiveoff|Battle timer is now OFF.
|
|t:|1785196730
|teamsize|p1|4
|teamsize|p2|4
|start
|switch|p1a: Boyer|Sableye, L50, M|100/100
|switch|p1b: Lucyfah|Luxray, L50, M|100/100
|switch|p2a: Melman|Farigiraf, L50, M|100/100
|switch|p2b: Incineroar|Incineroar, L50, M|100/100
|-ability|p1b: Lucyfah|Intimidate|boost
|-unboost|p2a: Melman|atk|1
|-unboost|p2b: Incineroar|atk|1
|-ability|p2b: Incineroar|Intimidate|boost
|-unboost|p1a: Boyer|atk|1
|-unboost|p1b: Lucyfah|atk|1
|turn|1
|
|t:|1785196853
|move|p2b: Incineroar|Fake Out|p1b: Lucyfah
|-damage|p1b: Lucyfah|89/100
|move|p1a: Boyer|Reflect|p1a: Boyer
|-sidestart|p1: Darking81|Reflect
|cant|p1b: Lucyfah|flinch
|move|p2a: Melman|Trick Room|p2a: Melman
|-fieldstart|move: Trick Room|[of] p2a: Melman
|
|upkeep
|turn|2
|
|t:|1785196898
|switch|p2a: mamijordan|Clefable, L50, F|100/100
|move|p1a: Boyer|Light Screen|p1a: Boyer
|-sidestart|p1: Darking81|move: Light Screen
|move|p2b: Incineroar|Parting Shot|p1b: Lucyfah
|-unboost|p1b: Lucyfah|atk|1
|-unboost|p1b: Lucyfah|spa|1
|
|t:|1785196907
|switch|p2b: MotherMiranda|Hatterene, L50, F|100/100|[from] Parting Shot
|move|p1b: Lucyfah|Superpower|p2b: MotherMiranda
|-resisted|p2b: MotherMiranda|2
|-damage|p2b: MotherMiranda|93/100
|-unboost|p1b: Lucyfah|atk|1
|-unboost|p1b: Lucyfah|def|1
|
|upkeep
|turn|3
|
|t:|1785196947
|detailschange|p2a: mamijordan|Clefable-Mega, L50, F
|-mega|p2a: mamijordan|Clefable|Clefablite
|move|p2a: mamijordan|Follow Me|p2a: mamijordan
|-singleturn|p2a: mamijordan|move: Follow Me
|move|p2b: MotherMiranda|Dazzling Gleam|p1b: Lucyfah|[spread] p1a,p1b
|-supereffective|p1a: Boyer|1
|-damage|p1a: Boyer|50/100g
|-damage|p1b: Lucyfah|66/100
|move|p1a: Boyer|Knock Off|p2a: mamijordan
|-resisted|p2a: mamijordan|1
|-damage|p2a: mamijordan|94/100
|move|p1b: Lucyfah|Wild Charge|p2a: mamijordan
|-supereffective|p2a: mamijordan|1
|-damage|p2a: mamijordan|57/100
|-damage|p1b: Lucyfah|56/100|[from] Recoil
|
|upkeep
|turn|4
|
|t:|1785196971
|move|p1a: Boyer|Encore|p2a: mamijordan
|move|p2a: mamijordan|Encore||[from] ability: Magic Bounce|[still]
|-fail|p2a: mamijordan
|move|p2b: MotherMiranda|Dazzling Gleam|p1b: Lucyfah|[spread] p1a,p1b
|-supereffective|p1a: Boyer|1
|-damage|p1a: Boyer|1/100
|-damage|p1b: Lucyfah|36/100
|-enditem|p1a: Boyer|Sitrus Berry|[eat]
|-heal|p1a: Boyer|25/100|[from] item: Sitrus Berry
|move|p1b: Lucyfah|Wild Charge|p2a: mamijordan
|-supereffective|p2a: mamijordan|1
|-damage|p2a: mamijordan|18/100
|-damage|p1b: Lucyfah|25/100|[from] Recoil
|move|p2a: mamijordan|Moonblast|p1b: Lucyfah
|-damage|p1b: Lucyfah|0 fnt
|faint|p1b: Lucyfah
|
|upkeep
|
|t:|1785196988
|switch|p1b: Negreiron|Hydreigon, L50, F|100/100
|turn|5
|
|t:|1785197004
|switch|p2a: Incineroar|Incineroar, L50, M|100/100
|-ability|p2a: Incineroar|Intimidate|boost
|-unboost|p1a: Boyer|atk|1
|-unboost|p1b: Negreiron|atk|1
|move|p1b: Negreiron|Protect|p1b: Negreiron
|-singleturn|p1b: Negreiron|Protect
|move|p2b: MotherMiranda|Dazzling Gleam|p1a: Boyer|[spread] p1a
|-activate|p1b: Negreiron|move: Protect
|-supereffective|p1a: Boyer|1
|-damage|p1a: Boyer|0 fnt
|faint|p1a: Boyer
|
|-sideend|p1: Darking81|Reflect
|-fieldend|move: Trick Room
|upkeep
|
|t:|1785197018
|switch|p1a: Lukas|Lucario, L50, F|100/100
|turn|6
|
|t:|1785197045
|detailschange|p1a: Lukas|Lucario-Mega, L50, F
|-mega|p1a: Lukas|Lucario|Lucarionite
|move|p2a: Incineroar|Fake Out|p1b: Negreiron
|-crit|p1b: Negreiron
|-damage|p1b: Negreiron|73/100
|move|p1a: Lukas|Meteor Mash|p2b: MotherMiranda
|-supereffective|p2b: MotherMiranda|1
|-damage|p2b: MotherMiranda|0 fnt
|faint|p2b: MotherMiranda
|cant|p1b: Negreiron|flinch
|
|-sideend|p1: Darking81|move: Light Screen
|upkeep
|
|t:|1785197056
|switch|p2b: Melman|Farigiraf, L50, M|100/100
|turn|7
|
|t:|1785197067
|move|p1a: Lukas|Close Combat|p2a: Incineroar
|-supereffective|p2a: Incineroar|1
|-damage|p2a: Incineroar|0 fnt
|-unboost|p1a: Lukas|def|1
|-unboost|p1a: Lukas|spd|1
|faint|p2a: Incineroar
|move|p1b: Negreiron|Earth Power|p2b: Melman
|-damage|p2b: Melman|76/100
|move|p2b: Melman|Trick Room|p2b: Melman
|-fieldstart|move: Trick Room|[of] p2b: Melman
|
|upkeep
|
|t:|1785197076
|switch|p2a: mamijordan|Clefable-Mega, L50, F|18/100
|turn|8
|
|t:|1785197089
|move|p1b: Negreiron|Protect|p1b: Negreiron
|-singleturn|p1b: Negreiron|Protect
|move|p2b: Melman|Psychic Noise|p1a: Lukas
|-damage|p1a: Lukas|27/100
|-start|p1a: Lukas|move: Heal Block
|move|p2a: mamijordan|Moonblast|p1b: Negreiron
|-activate|p1b: Negreiron|move: Protect
|move|p1a: Lukas|Meteor Mash|p2a: mamijordan
|-supereffective|p2a: mamijordan|1
|-damage|p2a: mamijordan|0 fnt
|faint|p2a: mamijordan
|
|upkeep
|turn|9
|
|t:|1785197114
|move|p1a: Lukas|Protect|p1a: Lukas
|-singleturn|p1a: Lukas|Protect
|move|p2b: Melman|Psychic Noise|p1a: Lukas
|-activate|p1a: Lukas|move: Protect
|move|p1b: Negreiron|Dark Pulse|p2b: Melman
|-supereffective|p2b: Melman|1
|-damage|p2b: Melman|10/100
|
|-end|p1a: Lukas|move: Heal Block
|upkeep
|turn|10
|
|t:|1785197133
|move|p2b: Melman|Psychic Noise|p1a: Lukas
|-damage|p1a: Lukas|0 fnt
|faint|p1a: Lukas
|move|p1b: Negreiron|Dark Pulse|p2b: Melman
|-supereffective|p2b: Melman|1
|-damage|p2b: Melman|0 fnt
|faint|p2b: Melman
|
|win|Darking81
||gio0314 is ready for game 3.
|inactive|Darking81 has 30 seconds to confirm battle start!
||Darking81 is ready for game 3.
|uhtml|next|Next: Game 3 of 3
|l|☆gio0314
|player|p2|
|l|☆Darking81
|player|p1|
|j|☆gio0314
|player|p2|gio0314|266|
