|j|☆Govek314
|j|☆Spasio
|html|Govek314Spasio    
|uhtml|bestof|Game 1 of a best-of-3
|t:|1757254699
|gametype|doubles
|player|p1|Govek314|265|1159
|player|p2|Spasio|2|1133
|gen|9
|tier|[Gen 9] VGC 2025 Reg H (Bo3)
|rated|
|rule|Species Clause: Limit one of each Pokémon
|rule|Item Clause: Limit 1 of each item
|clearpoke
|poke|p1|Talonflame, L50, M|
|poke|p1|Tyranitar, L50, F|
|poke|p1|Excadrill, L50, M|
|poke|p1|Basculegion, L50, M|
|poke|p1|Indeedee-F, L50, F|
|poke|p1|Kommo-o, L50, M|
|poke|p2|Gholdengo, L50|
|poke|p2|Sneasler, L50, M|
|poke|p2|Rillaboom, L50, F|
|poke|p2|Dragonite, L50, M|
|poke|p2|Ninetales-Alola, L50, M|
|poke|p2|Arcanine-Hisui, L50, F|
|teampreview|4
|showteam|p1|Talonflame||CovertCloak|FlameBody|BraveBird,FlareBlitz,Tailwind,WillOWisp|||M|||50|,,,,,Fairy]Tyranitar||AssaultVest|SandStream|RockSlide,KnockOff,LowKick,TeraBlast|||F|||50|,,,,,Flying]Excadrill||FocusSash|SandRush|IronHead,HighHorsepower,TeraBlast,Protect|||M|||50|,,,,,Grass]Basculegion||ChoiceScarf|Adaptability|WaveCrash,LastRespects,FlipTurn,TeraBlast|||M|||50|,,,,,Fairy]Indeedee-F||PsychicSeed|PsychicSurge|TrickRoom,Psychic,FollowMe,HelpingHand|||F|||50|,,,,,Grass]Kommo-o||ThroatSpray|Overcoat|ClangingScales,ClangorousSoul,AuraSphere,Protect|||M|||50|,,,,,Steel
|showteam|p2|Gholdengo||GrassySeed|GoodasGold|NastyPlot,MakeItRain,ShadowBall,Protect||||||50|,,,,,Water]Sneasler||WhiteHerb|Unburden|CloseCombat,DireClaw,Coaching,Protect|||M|||50|,,,,,Ghost]Rillaboom||AssaultVest|GrassySurge|FakeOut,GrassyGlide,DrumBeating,HighHorsepower|||F|||50|,,,,,Fire]Dragonite||LoadedDice|Multiscale|ScaleShot,StompingTantrum,Tailwind,Protect|||M|||50|,,,,,Ground]Ninetales-Alola||FocusSash|SnowWarning|Blizzard,IcyWind,Encore,AuroraVeil|||M|||50|,,,,,Ghost]Arcanine-Hisui||ClearAmulet|Intimidate|RockSlide,FlareBlitz,ExtremeSpeed,Protect|||F|||50|,,,,,Water
|inactive|Battle timer is ON: inactive players will automatically lose when time's up. (requested by Spasio)
|inactive|Govek314 has 60 seconds left.
|inactive|Spasio has 60 seconds left.
|
|t:|1757254758
|teamsize|p1|4
|teamsize|p2|4
|start
|switch|p1a: Talonflame|Talonflame, L50, M, shiny|100/100
|switch|p1b: Basculegion|Basculegion, L50, M|100/100
|switch|p2a: Gholdengo|Gholdengo, L50|100/100
|switch|p2b: Dragonite|Dragonite, L50, M|100/100
|turn|1
|inactive|Govek314 has 30 seconds left.
|inactive|Govek314 has 20 seconds left.
|inactive|Govek314 has 15 seconds left.
|inactive|Govek314 has 10 seconds left.
|inactive|Govek314 has 5 seconds left.
|
|t:|1757254813
|-terastallize|p2a: Gholdengo|Water
|move|p1a: Talonflame|Brave Bird|p2a: Gholdengo
|-damage|p2a: Gholdengo|54/100
|-damage|p1a: Talonflame|81/100|[from] Recoil
|move|p1b: Basculegion|Wave Crash|p2b: Dragonite
|-resisted|p2b: Dragonite
|-damage|p2b: Dragonite|79/100
|-damage|p1b: Basculegion|94/100|[from] Recoil
|move|p2a: Gholdengo|Nasty Plot|p2a: Gholdengo
|-boost|p2a: Gholdengo|spa|2
|move|p2b: Dragonite|Tailwind|p2b: Dragonite
|-sidestart|p2: Spasio|move: Tailwind
|
|upkeep
|turn|2
|inactive|Govek314 has 30 seconds left.
|
|t:|1757254845
|-terastallize|p1b: Basculegion|Fairy
|move|p2a: Gholdengo|Shadow Ball|p1b: Basculegion
|-damage|p1b: Basculegion|8/100
|-unboost|p1b: Basculegion|spd|1
|move|p2b: Dragonite|Scale Shot|p1a: Talonflame
|-damage|p1a: Talonflame|58/100
|-damage|p1a: Talonflame|36/100
|-damage|p1a: Talonflame|14/100
|-damage|p1a: Talonflame|0 fnt
|faint|p1a: Talonflame
|-hitcount|p1: Talonflame|4
|-unboost|p2b: Dragonite|def|1
|-boost|p2b: Dragonite|spe|1
|move|p1b: Basculegion|Wave Crash|p2a: Gholdengo
|-resisted|p2a: Gholdengo
|-damage|p2a: Gholdengo|22/100
|-damage|p1b: Basculegion|0 fnt|[from] Recoil
|faint|p1b: Basculegion
|
|upkeep
|
|t:|1757254869
|switch|p1a: Tyranitar|Tyranitar, L50, F, shiny|100/100
|switch|p1b: Excadrill|Excadrill, L50, M, shiny|100/100
|-weather|Sandstorm|[from] ability: Sand Stream|[of] p1a: Tyranitar
|turn|3
|
|t:|1757254890
|move|p1b: Excadrill|Protect|p1b: Excadrill
|-singleturn|p1b: Excadrill|Protect
|move|p2b: Dragonite|Stomping Tantrum|p1b: Excadrill
|-activate|p1b: Excadrill|move: Protect
|move|p2a: Gholdengo|Make It Rain|p1a: Tyranitar|[spread] p1a
|-activate|p1b: Excadrill|move: Protect
|-supereffective|p1a: Tyranitar
|-damage|p1a: Tyranitar|40/100
|-unboost|p2a: Gholdengo|spa|1
|move|p1a: Tyranitar|Rock Slide|p2b: Dragonite|[spread] p2a,p2b
|-crit|p2a: Gholdengo
|-supereffective|p2b: Dragonite
|-damage|p2a: Gholdengo|0 fnt
|-damage|p2b: Dragonite|0 fnt
|faint|p2a: Gholdengo
|faint|p2b: Dragonite
|
|-weather|Sandstorm|[upkeep]
|upkeep
|
|t:|1757254893
|switch|p2a: Rillaboom|Rillaboom, L50, F|100/100
|switch|p2b: Arcanine|Arcanine-Hisui, L50, F|100/100
|-ability|p2b: Arcanine|Intimidate|boost
|-unboost|p1a: Tyranitar|atk|1
|-unboost|p1b: Excadrill|atk|1
|-fieldstart|move: Grassy Terrain|[from] ability: Grassy Surge|[of] p2a: Rillaboom
|turn|4
|inactive|Govek314 has 30 seconds left.
|
|t:|1757254923
|move|p2b: Arcanine|Rock Slide|p1a: Tyranitar|[spread] p1a,p1b
|-resisted|p1b: Excadrill
|-damage|p1a: Tyranitar|19/100
|-damage|p1b: Excadrill|91/100
|move|p2a: Rillaboom|Drum Beating|p1b: Excadrill
|-damage|p1b: Excadrill|18/100
|-unboost|p1b: Excadrill|spe|1
|move|p1b: Excadrill|High Horsepower|p2b: Arcanine
|-supereffective|p2b: Arcanine
|-damage|p2b: Arcanine|0 fnt
|faint|p2b: Arcanine
|cant|p1a: Tyranitar|flinch
|
|-weather|Sandstorm|[upkeep]
|-damage|p2a: Rillaboom|95/100|[from] Sandstorm
|-heal|p2a: Rillaboom|100/100|[from] Grassy Terrain
|-heal|p1b: Excadrill|24/100|[from] Grassy Terrain
|-heal|p1a: Tyranitar|25/100|[from] Grassy Terrain
|-sideend|p2: Spasio|move: Tailwind
|upkeep
|turn|5
|inactive|Govek314 has 30 seconds left.
|inactive|Spasio has 30 seconds left.
|inactive|Spasio has 20 seconds left.
|
|t:|1757254959
|move|p1b: Excadrill|Iron Head|p2a: Rillaboom
|-damage|p2a: Rillaboom|67/100
|move|p2a: Rillaboom|Drum Beating|p1a: Tyranitar
|-supereffective|p1a: Tyranitar
|-damage|p1a: Tyranitar|0 fnt
|faint|p1a: Tyranitar
|
|-weather|Sandstorm|[upkeep]
|-damage|p2a: Rillaboom|61/100|[from] Sandstorm
|-heal|p1b: Excadrill|30/100|[from] Grassy Terrain
|-heal|p2a: Rillaboom|67/100|[from] Grassy Terrain
|upkeep
|turn|6
|
|t:|1757254973
|move|p2a: Rillaboom|Grassy Glide|p1b: Excadrill
|-damage|p1b: Excadrill|0 fnt
|faint|p1b: Excadrill
|
|win|Spasio
||Spasio is ready for game 2.
|l|☆Govek314
|player|p1|
|inactive|Govek314 has 30 seconds to confirm battle start!
||Govek314 is ready for game 2.
|uhtml|next|Next: Game 2 of 3
|l|☆Spasio
|player|p2|
|j|☆Govek314
|player|p1|Govek314|265|
