|j|☆akahyden
|j|☆elytsujuw
|html|akahydenelytsujuw    
|uhtml|bestof|Game 2 of a best-of-3
|t:|1754903339
|gametype|doubles
|player|p1|akahyden|266|1251
|player|p2|elytsujuw|265|1254
|gen|9
|tier|[Gen 9] VGC 2025 Reg H (Bo3)
|rated|
|rule|Species Clause: Limit one of each Pokémon
|rule|Item Clause: Limit 1 of each item
|clearpoke
|poke|p1|Incineroar, L50, M|
|poke|p1|Amoonguss, L50, M|
|poke|p1|Ursaluna-Bloodmoon, L50, M|
|poke|p1|Sneasler, L50, M|
|poke|p1|Gholdengo, L50|
|poke|p1|Dragonite, L50, F|
|poke|p2|Dragapult, L50, M|
|poke|p2|Electabuzz, L50, M|
|poke|p2|Rillaboom, L50, F|
|poke|p2|Primarina, L50, F|
|poke|p2|Volcarona, L50, F|
|poke|p2|Sneasler, L50, F|
|teampreview|4
|showteam|p1|Incineroar||SafetyGoggles|Intimidate|FlareBlitz,KnockOff,PartingShot,FakeOut|||M|||50|,,,,,Ghost]Amoonguss||SitrusBerry|Regenerator|Spore,RagePowder,PollenPuff,Protect|||M|||50|,,,,,Psychic]Ursaluna-Bloodmoon||AssaultVest|MindsEye|HyperVoice,BloodMoon,EarthPower,VacuumWave|||M|||50|,,,,,Water]Sneasler||FocusSash|Unburden|CloseCombat,DireClaw,ThroatChop,Protect|||M|||50|,,,,,Stellar]Gholdengo||LifeOrb|GoodasGold|MakeItRain,ShadowBall,NastyPlot,Protect||||||50|,,,,,Water]Dragonite||LoadedDice|Multiscale|ScaleShot,Tailwind,Haze,Protect|||F|||50|,,,,,Fairy
|showteam|p2|Dragapult||ChoiceBand|ClearBody|DragonDarts,PhantomForce,BreakingSwipe,Uturn|||M|||50|,,,,,Dragon]Electabuzz||Eviolite|VitalSpirit|Electroweb,FollowMe,HelpingHand,Protect|||M|||50|,,,,,Fairy]Rillaboom||AssaultVest|GrassySurge|GrassyGlide,WoodHammer,FakeOut,Uturn|||F|||50|,,,,,Fire]Primarina||ThroatSpray|LiquidVoice|Moonblast,HyperVoice,Protect,Haze|||F|||50|,,,,,Steel]Volcarona||Leftovers|FlameBody|Flamethrower,GigaDrain,QuiverDance,Protect|||F|||50|,,,,,Grass]Sneasler||FocusSash|PoisonTouch|CloseCombat,DireClaw,FakeOut,Protect|||F|||50|,,,,,Stellar
|inactive|Battle timer is ON: inactive players will automatically lose when time's up. (requested by elytsujuw)
|inactive|akahyden has 60 seconds left.
|inactive|elytsujuw has 60 seconds left.
|
|t:|1754903387
|teamsize|p1|4
|teamsize|p2|4
|start
|switch|p1a: Incineroar|Incineroar, L50, M|100/100
|switch|p1b: Gholdengo|Gholdengo, L50|100/100
|switch|p2a: Volcarona|Volcarona, L50, F|100/100
|switch|p2b: Electabuzz|Electabuzz, L50, M|100/100
|-ability|p1a: Incineroar|Intimidate|boost
|-unboost|p2a: Volcarona|atk|1
|-unboost|p2b: Electabuzz|atk|1
|turn|1
|inactive|akahyden has 30 seconds left.
|inactive|akahyden has 20 seconds left.
|
|t:|1754903426
|move|p2a: Volcarona|Protect|p2a: Volcarona
|-singleturn|p2a: Volcarona|Protect
|move|p1b: Gholdengo|Shadow Ball|p2b: Electabuzz
|-damage|p2b: Electabuzz|59/100
|-unboost|p2b: Electabuzz|spd|1
|-damage|p1b: Gholdengo|91/100|[from] item: Life Orb
|move|p2b: Electabuzz|Electroweb|p1a: Incineroar|[spread] p1a,p1b
|-damage|p1a: Incineroar|90/100
|-damage|p1b: Gholdengo|77/100
|-unboost|p1a: Incineroar|spe|1
|-unboost|p1b: Gholdengo|spe|1
|move|p1a: Incineroar|Knock Off|p2b: Electabuzz
|-damage|p2b: Electabuzz|29/100
|-enditem|p2b: Electabuzz|Eviolite|[from] move: Knock Off|[of] p1a: Incineroar
|
|upkeep
|turn|2
|
|t:|1754903448
|switch|p2b: Sneasler|Sneasler, L50, F|100/100
|move|p2a: Volcarona|Quiver Dance|p2a: Volcarona
|-boost|p2a: Volcarona|spa|1
|-boost|p2a: Volcarona|spd|1
|-boost|p2a: Volcarona|spe|1
|move|p1b: Gholdengo|Shadow Ball|p2b: Sneasler
|-damage|p2b: Sneasler|28/100
|-damage|p1b: Gholdengo|67/100|[from] item: Life Orb
|move|p1a: Incineroar|Parting Shot|p2a: Volcarona
|-unboost|p2a: Volcarona|atk|1
|-unboost|p2a: Volcarona|spa|1
|
|t:|1754903456
|switch|p1a: Dragonite|Dragonite, L50, F|100/100|[from] Parting Shot
|
|upkeep
|turn|3
|
|t:|1754903471
|switch|p1b: Incineroar|Incineroar, L50, M|90/100
|-ability|p1b: Incineroar|Intimidate|boost
|-unboost|p2a: Volcarona|atk|1
|-unboost|p2b: Sneasler|atk|1
|move|p1a: Dragonite|Protect|p1a: Dragonite
|-singleturn|p1a: Dragonite|Protect
|move|p2b: Sneasler|Fake Out|p1a: Dragonite
|-activate|p1a: Dragonite|move: Protect
|move|p2a: Volcarona|Flamethrower|p1a: Dragonite
|-activate|p1a: Dragonite|move: Protect
|
|upkeep
|turn|4
|inactive|akahyden has 30 seconds left.
|inactive|akahyden has 20 seconds left.
|
|t:|1754903510
|move|p1b: Incineroar|Fake Out|p2b: Sneasler
|-damage|p2b: Sneasler|6/100
|move|p2a: Volcarona|Flamethrower|p1a: Dragonite
|-resisted|p1a: Dragonite
|-damage|p1a: Dragonite|88/100
|cant|p2b: Sneasler|flinch
|move|p1a: Dragonite|Scale Shot|p2a: Volcarona
|-damage|p2a: Volcarona|85/100
|-damage|p2a: Volcarona|69/100
|-damage|p2a: Volcarona|54/100
|-crit|p2a: Volcarona
|-damage|p2a: Volcarona|29/100
|-damage|p2a: Volcarona|13/100
|-hitcount|p2a: Volcarona|5
|-unboost|p1a: Dragonite|def|1
|-boost|p1a: Dragonite|spe|1
|
|-heal|p2a: Volcarona|19/100|[from] item: Leftovers
|upkeep
|turn|5
|c|☆akahyden|qorry crit
|inactive|akahyden has 30 seconds left.
|inactive|elytsujuw has 30 seconds left.
|inactive|akahyden has 20 seconds left.
|inactive|akahyden has 15 seconds left.
|inactive|akahyden has 10 seconds left.
|
|t:|1754903556
|switch|p2a: Primarina|Primarina, L50, F|100/100
|move|p1a: Dragonite|Scale Shot|p2b: Sneasler
|-damage|p2b: Sneasler|0 fnt
|faint|p2b: Sneasler
|-hitcount|p2: Sneasler|1
|-unboost|p1a: Dragonite|def|1
|-boost|p1a: Dragonite|spe|1
|move|p1b: Incineroar|Parting Shot|p2a: Primarina
|-unboost|p2a: Primarina|atk|1
|-unboost|p2a: Primarina|spa|1
|inactive|akahyden has 30 seconds left.
|inactive|akahyden has 20 seconds left.
|inactive|akahyden has 15 seconds left.
|inactive|akahyden has 10 seconds left.
|inactive|akahyden has 5 seconds left.
|
|t:|1754903606
|switch|p1b: Sneasler|Sneasler, L50, M|100/100|[from] Parting Shot
|
|upkeep
|
|t:|1754903613
|switch|p2b: Electabuzz|Electabuzz, L50, M|29/100
|turn|6
|
|t:|1754903628
|-terastallize|p1b: Sneasler|Stellar
|move|p2b: Electabuzz|Protect|p2b: Electabuzz
|-singleturn|p2b: Electabuzz|Protect
|move|p2a: Primarina|Protect|p2a: Primarina
|-singleturn|p2a: Primarina|Protect
|move|p1a: Dragonite|Scale Shot|p2b: Electabuzz
|-activate|p2b: Electabuzz|move: Protect
|move|p1b: Sneasler|Dire Claw|p2a: Primarina
|-activate|p2a: Primarina|move: Protect
|
|upkeep
|turn|7
|
|t:|1754903647
|-terastallize|p2b: Electabuzz|Fairy
|move|p2b: Electabuzz|Follow Me|p2b: Electabuzz
|-singleturn|p2b: Electabuzz|move: Follow Me
|move|p1a: Dragonite|Scale Shot|p2b: Electabuzz
|-immune|p2b: Electabuzz
|move|p1b: Sneasler|Dire Claw|p2b: Electabuzz
|-supereffective|p2b: Electabuzz
|-crit|p2b: Electabuzz
|-damage|p2b: Electabuzz|0 fnt
|faint|p2b: Electabuzz
|move|p2a: Primarina|Hyper Voice|p1a: Dragonite|[spread] p1a,p1b
|-resisted|p1a: Dragonite
|-damage|p1a: Dragonite|75/100
|-damage|p1b: Sneasler|67/100
|-enditem|p2a: Primarina|Throat Spray
|-boost|p2a: Primarina|spa|1|[from] item: Throat Spray
|
|upkeep
|
|t:|1754903655
|switch|p2b: Volcarona|Volcarona, L50, F|19/100
|turn|8
|
|t:|1754903661
|move|p2b: Volcarona|Protect|p2b: Volcarona
|-singleturn|p2b: Volcarona|Protect
|move|p1a: Dragonite|Scale Shot|p2b: Volcarona
|-activate|p2b: Volcarona|move: Protect
|move|p1b: Sneasler|Dire Claw|p2a: Primarina
|-supereffective|p2a: Primarina
|-damage|p2a: Primarina|13/100
|move|p2a: Primarina|Hyper Voice|p1a: Dragonite|[spread] p1a,p1b
|-resisted|p1a: Dragonite
|-damage|p1a: Dragonite|56/100
|-damage|p1b: Sneasler|21/100
|
|-heal|p2b: Volcarona|25/100|[from] item: Leftovers
|upkeep
|turn|9
|
|t:|1754903673
|move|p1a: Dragonite|Tailwind|p1a: Dragonite
|-sidestart|p1: akahyden|move: Tailwind
|move|p1b: Sneasler|Dire Claw|p2b: Volcarona
|-damage|p2b: Volcarona|0 fnt
|-status|p1b: Sneasler|brn|[from] ability: Flame Body|[of] p2b: Volcarona
|faint|p2b: Volcarona
|move|p2a: Primarina|Hyper Voice|p1b: Sneasler|[spread] p1a,p1b
|-resisted|p1a: Dragonite
|-damage|p1a: Dragonite|37/100
|-damage|p1b: Sneasler|0 fnt
|faint|p1b: Sneasler
|
|upkeep
|
|t:|1754903677
|switch|p1b: Gholdengo|Gholdengo, L50|67/100
|turn|10
|
|t:|1754903684
|move|p1a: Dragonite|Scale Shot|p2a: Primarina
|-immune|p2a: Primarina
|move|p1b: Gholdengo|Make It Rain|p2a: Primarina
|-damage|p2a: Primarina|0 fnt
|-unboost|p1b: Gholdengo|spa|1
|faint|p2a: Primarina
|-damage|p1b: Gholdengo|58/100|[from] item: Life Orb
|
|win|akahyden
|raw|akahyden's rating: 1251 → 1276(+25 for winning)
|raw|elytsujuw's rating: 1254 → 1229(-25 for losing)
|l|☆elytsujuw
|player|p2|
