|j|☆espinetexddddd
|j|☆jomivgc
|html|espinetexdddddjomivgc    
|uhtml|bestof|Game 2 of a best-of-3
|t:|1784829289
|gametype|doubles
|player|p1|espinetexddddd|266|1199
|player|p2|jomivgc|falkner-gen2|1295
|gen|9
|tier|[Gen 9 Champions] VGC 2026 Reg M-B (Bo3)
|rated|
|rule|Species Clause: Limit one of each Pokémon
|rule|Item Clause: Limit 1 of each item
|clearpoke
|poke|p1|Froslass, L50, F|
|poke|p1|Talonflame, L50, M|
|poke|p1|Garchomp, L50, M|
|poke|p1|Tsareena, L50, F|
|poke|p1|Glimmora, L50, F|
|poke|p1|Incineroar, L50, F|
|poke|p2|Staraptor, L50, F|
|poke|p2|Vanilluxe, L50, M|
|poke|p2|Farigiraf, L50, M|
|poke|p2|Blastoise, L50, F|
|poke|p2|Kingambit, L50, M|
|poke|p2|Camerupt, L50, M|
|teampreview|4
|showteam|p1|Froslass||Froslassite|SnowCloak|AuroraVeil,Blizzard,ShadowBall,Protect|Timid||F|||50|]Talonflame||SharpBeak|GaleWings|Tailwind,Taunt,DualWingbeat,Uturn|Jolly||M|||50|]Garchomp||LifeOrb|RoughSkin|DragonClaw,StompingTantrum,RockSlide,Protect|Jolly||M|||50|]Tsareena||OccaBerry|QueenlyMajesty|TripleAxel,TropKick,Protect,HighJumpKick|Adamant||F|||50|]Glimmora||Glimmoranite|ToxicDebris|SludgeBomb,SpikyShield,PowerGem,EarthPower|Timid||F|||50|]Incineroar||SitrusBerry|Intimidate|FakeOut,FlareBlitz,DarkestLariat,PartingShot|Careful||F|||50|
|showteam|p2|Staraptor||ChoiceScarf|Intimidate|FinalGambit,BraveBird,CloseCombat,Uturn|Jolly||F|||50|]Vanilluxe||NeverMeltIce|SnowWarning|Blizzard,FreezeDry,Protect,IceShard|Quiet||M|||50|]Farigiraf||SitrusBerry|ArmorTail|PsychicFangs,HyperVoice,HelpingHand,TrickRoom|Relaxed||M|||50|]Blastoise||Blastoisinite|RainDish|FakeOut,WaterSpout,AuraSphere,DarkPulse|Quiet||F|||50|]Kingambit||LifeOrb|Defiant|KowtowCleave,IronHead,Protect,SuckerPunch|Brave||M|||50|]Camerupt||Cameruptite|SolidRock|HeatWave,EarthPower,Protect,AncientPower|Quiet||M|||50|
|inactive|Battle timer is ON: inactive players will automatically lose when time's up. (requested by jomivgc)
|inactive|espinetexddddd has 60 seconds left.
|
|t:|1784829324
|teamsize|p1|4
|teamsize|p2|4
|start
|switch|p1a: Talonflame|Talonflame, L50, M|100/100
|switch|p1b: Glimmora|Glimmora, L50, F|100/100
|switch|p2a: Blastoise|Blastoise, L50, F|100/100
|switch|p2b: Farigiraf|Farigiraf, L50, M|100/100
|turn|1
|
|t:|1784829348
|detailschange|p1b: Glimmora|Glimmora-Mega, L50, F
|-mega|p1b: Glimmora|Glimmora|Glimmoranite
|move|p2a: Blastoise|Fake Out|p1a: Talonflame
|-damage|p1a: Talonflame|88/100
|cant|p1a: Talonflame|flinch
|move|p1b: Glimmora|Sludge Bomb|p2a: Blastoise
|-damage|p2a: Blastoise|37/100
|move|p2b: Farigiraf|Trick Room|p2b: Farigiraf
|-fieldstart|move: Trick Room|[of] p2b: Farigiraf
|
|upkeep
|turn|2
|inactive|espinetexddddd has 30 seconds left.
|inactive|jomivgc has 30 seconds left.
|inactive|jomivgc has 20 seconds left.
|
|t:|1784829388
|move|p1b: Glimmora|Spiky Shield|p1b: Glimmora
|-singleturn|p1b: Glimmora|move: Protect
|move|p2b: Farigiraf|Hyper Voice|p1a: Talonflame|[spread] p1a
|-activate|p1b: Glimmora|move: Protect
|-damage|p1a: Talonflame|53/100
|move|p2a: Blastoise|Water Spout|p1b: Glimmora|[spread] p1a
|-activate|p1b: Glimmora|move: Protect
|-supereffective|p1a: Talonflame|1
|-damage|p1a: Talonflame|1/100
|move|p1a: Talonflame|Dual Wingbeat|p2b: Farigiraf
|-damage|p2b: Farigiraf|83/100
|-damage|p2b: Farigiraf|70/100
|-hitcount|p2b: Farigiraf|2
|
|upkeep
|turn|3
|inactive|espinetexddddd has 30 seconds left.
|inactive|espinetexddddd has 20 seconds left.
|inactive|espinetexddddd has 15 seconds left.
|
|t:|1784829429
|switch|p1a: Garchomp|Garchomp, L50, M|100/100
|move|p2b: Farigiraf|Psychic Fangs|p1b: Glimmora
|-supereffective|p1b: Glimmora|1
|-crit|p1b: Glimmora
|-damage|p1b: Glimmora|22/100
|move|p2a: Blastoise|Water Spout|p1a: Garchomp|[spread] p1a,p1b
|-supereffective|p1b: Glimmora|1
|-damage|p1a: Garchomp|78/100
|-damage|p1b: Glimmora|0 fnt
|faint|p1b: Glimmora
|
|upkeep
|
|t:|1784829439
|switch|p1b: Talonflame|Talonflame, L50, M|1/100
|turn|4
|
|t:|1784829461
|switch|p1b: Incineroar|Incineroar, L50, F|100/100
|-ability|p1b: Incineroar|Intimidate|boost
|-unboost|p2a: Blastoise|atk|1
|-unboost|p2b: Farigiraf|atk|1
|move|p2b: Farigiraf|Hyper Voice|p1b: Incineroar|[spread] p1a,p1b
|-damage|p1a: Garchomp|49/100
|-damage|p1b: Incineroar|82/100
|move|p2a: Blastoise|Dark Pulse|p1a: Garchomp
|-damage|p1a: Garchomp|21/100
|move|p1a: Garchomp|Dragon Claw|p2a: Blastoise
|-damage|p2a: Blastoise|0 fnt
|faint|p2a: Blastoise
|-damage|p1a: Garchomp|11/100|[from] item: Life Orb
|
|upkeep
|
|t:|1784829480
|switch|p2a: Camerupt|Camerupt, L50, M|100/100
|turn|5
|
|t:|1784829503
|switch|p1b: Talonflame|Talonflame, L50, M|1/100
|detailschange|p2a: Camerupt|Camerupt-Mega, L50, M
|-mega|p2a: Camerupt|Camerupt|Cameruptite
|move|p1a: Garchomp|Protect|p1a: Garchomp
|-singleturn|p1a: Garchomp|Protect
|move|p2a: Camerupt|Ancient Power|p1b: Talonflame
|-supereffective|p1b: Talonflame|2
|-damage|p1b: Talonflame|0 fnt
|faint|p1b: Talonflame
|move|p2b: Farigiraf|Hyper Voice|p1a: Garchomp
|-activate|p1a: Garchomp|move: Protect
|
|-fieldend|move: Trick Room
|upkeep
|
|t:|1784829511
|switch|p1b: Incineroar|Incineroar, L50, F|82/100
|-ability|p1b: Incineroar|Intimidate|boost
|-unboost|p2a: Camerupt|atk|1
|-unboost|p2b: Farigiraf|atk|1
|turn|6
|inactive|jomivgc has 30 seconds left.
|
|t:|1784829545
|move|p1a: Garchomp|Stomping Tantrum|p2a: Camerupt
|-supereffective|p2a: Camerupt|1
|-damage|p2a: Camerupt|0 fnt
|faint|p2a: Camerupt
|-damage|p1a: Garchomp|1/100|[from] item: Life Orb
|move|p1b: Incineroar|Darkest Lariat|p2b: Farigiraf
|-supereffective|p2b: Farigiraf|1
|-damage|p2b: Farigiraf|12/100
|-enditem|p2b: Farigiraf|Sitrus Berry|[eat]
|-heal|p2b: Farigiraf|37/100|[from] item: Sitrus Berry
|move|p2b: Farigiraf|Hyper Voice|p1b: Incineroar|[spread] p1a,p1b
|-damage|p1a: Garchomp|0 fnt
|-damage|p1b: Incineroar|63/100
|faint|p1a: Garchomp
|
|upkeep
|
|t:|1784829556
|switch|p2a: Kingambit|Kingambit, L50, M|100/100
|turn|7
|
|t:|1784829575
|move|p1b: Incineroar|Darkest Lariat|p2b: Farigiraf
|-supereffective|p2b: Farigiraf|1
|-damage|p2b: Farigiraf|0 fnt
|faint|p2b: Farigiraf
|move|p2a: Kingambit|Kowtow Cleave|p1b: Incineroar
|-resisted|p1b: Incineroar|1
|-damage|p1b: Incineroar|36/100
|-enditem|p1b: Incineroar|Sitrus Berry|[eat]
|-heal|p1b: Incineroar|60/100|[from] item: Sitrus Berry
|-damage|p2a: Kingambit|90/100|[from] item: Life Orb
|
|upkeep
|turn|8
|
|t:|1784829588
|move|p1b: Incineroar|Flare Blitz|p2a: Kingambit
|-supereffective|p2a: Kingambit|1
|-damage|p2a: Kingambit|17/100
|-damage|p1b: Incineroar|36/100|[from] Recoil
|move|p2a: Kingambit|Kowtow Cleave|p1b: Incineroar
|-resisted|p1b: Incineroar|1
|-damage|p1b: Incineroar|10/100
|-damage|p2a: Kingambit|8/100|[from] item: Life Orb
|
|upkeep
|turn|9
|
|t:|1784829599
|move|p2a: Kingambit|Sucker Punch|p1b: Incineroar
|-resisted|p1b: Incineroar|1
|-damage|p1b: Incineroar|0 fnt
|faint|p1b: Incineroar
|-damage|p2a: Kingambit|0 fnt|[from] item: Life Orb
|faint|p2a: Kingambit
|
|win|jomivgc
|raw|espinetexddddd's rating: 1199 → 1181(-18 for losing)
|raw|jomivgc's rating: 1295 → 1313(+18 for winning)
