|j|☆Penny_epic
|j|☆Acaba estressando
|html|Penny_epicAcaba estressando    
|uhtml|bestof|Game 2 of a best-of-3
|t:|1783449247
|gametype|doubles
|player|p1|Penny_epic|101|1069
|player|p2|Acaba estressando|scientistf|1000
|gen|9
|tier|[Gen 9 Champions] VGC 2026 Reg M-B (Bo3)
|rated|
|rule|Species Clause: Limit one of each Pokémon
|rule|Item Clause: Limit 1 of each item
|clearpoke
|poke|p1|Ninetales-Alola, L50, M|
|poke|p1|Delphox, L50, F|
|poke|p1|Garchomp, L50, M|
|poke|p1|Maushold-Four, L50|
|poke|p1|Annihilape, L50, M|
|poke|p1|Sneasler, L50, M|
|poke|p2|Maushold-Four, L50, shiny|
|poke|p2|Clefable, L50, M, shiny|
|poke|p2|Sneasler, L50, F, shiny|
|poke|p2|Raichu, L50, F|
|poke|p2|Incineroar, L50, M, shiny|
|poke|p2|Sinistcha, L50, shiny|
|teampreview|4
|showteam|p1|Ninetales-Alola||LightClay|SnowWarning|AuroraVeil,Protect,Blizzard,Moonblast|Timid||M|||50|]Delphox||Delphoxite|Blaze|CalmMind,HeatWave,Psychic,Protect|Timid||F|||50|]Garchomp||LifeOrb|RoughSkin|Earthquake,Protect,RockSlide,DragonClaw|Jolly||M|||50|]Maushold-Four||SitrusBerry|FriendGuard|Protect,FollowMe,BeatUp,SuperFang|Impish|||||50|]Annihilape||Leftovers|Defiant|Protect,DrainPunch,CloseCombat,RageFist|Adamant||M|||50|]Sneasler||FocusSash|Unburden|DireClaw,CloseCombat,Protect,FakeOut|Adamant||M|||50|
|showteam|p2|Maushold-Four||KingsRock|FriendGuard|PopulationBomb,SuperFang,Protect,Encore|Jolly|||||50|]Clefable||Leftovers|Unaware|Gravity,FollowMe,Moonblast,Protect|Bold||M|||50|]Sneasler||WhiteHerb|Unburden|FakeOut,CloseCombat,RockSlide,Coaching|Jolly||F|||50|]Raichu||RaichuniteY|Static|ZapCannon,FocusBlast,FakeOut,Protect|Modest||F|||50|]Incineroar||SitrusBerry|Intimidate|FakeOut,PartingShot,ThroatChop,FlareBlitz|Adamant||M|||50|]Sinistcha||CobaBerry|Hospitality|MatchaGotcha,RagePowder,TrickRoom,LifeDew|Relaxed|||||50|
|
|t:|1783449272
|teamsize|p1|4
|teamsize|p2|4
|start
|switch|p1a: Sneasler|Sneasler, L50, M|100/100
|switch|p1b: Delphox|Delphox, L50, F|100/100
|switch|p2a: Sneasler|Sneasler, L50, F, shiny|100/100
|switch|p2b: Raichu|Raichu, L50, F|100/100
|turn|1
|inactive|Battle timer is ON: inactive players will automatically lose when time's up. (requested by Acaba estressando)
|c|☆Acaba estressando|bora meu filho porra
|
|t:|1783449328
|switch|p1a: Maushold|Maushold-Four, L50|100/100
|detailschange|p2b: Raichu|Raichu-Mega-Y, L50, F
|-mega|p2b: Raichu|Raichu|Raichunite Y
|move|p1b: Delphox|Protect|p1b: Delphox
|-singleturn|p1b: Delphox|Protect
|move|p2a: Sneasler|Fake Out|p1a: Maushold
|-damage|p1a: Maushold|85/100
|move|p2b: Raichu|Fake Out|p1b: Delphox
|-activate|p1b: Delphox|move: Protect
|
|upkeep
|turn|2
|
|t:|1783449351
|switch|p1b: Annihilape|Annihilape, L50, M|100/100
|move|p2b: Raichu|Protect|p2b: Raichu
|-singleturn|p2b: Raichu|Protect
|move|p1a: Maushold|Protect|p1a: Maushold
|-singleturn|p1a: Maushold|Protect
|move|p2a: Sneasler|Close Combat|p1a: Maushold
|-activate|p1a: Maushold|move: Protect
|
|upkeep
|turn|3
|c|☆Penny_epic|i dont speak neymar
|inactive|Penny_epic has 30 seconds left.
|inactive|Penny_epic has 20 seconds left.
|c|☆Acaba estressando|joga logo cabeça de pica filho duma caceteira
|inactive|Penny_epic has 15 seconds left.
|inactive|Penny_epic has 10 seconds left.
|
|t:|1783449397
|switch|p1a: Sneasler|Sneasler, L50, M|100/100
|move|p2a: Sneasler|Close Combat|p1a: Sneasler
|-resisted|p1a: Sneasler|1
|-damage|p1a: Sneasler|44/100
|-unboost|p2a: Sneasler|def|1
|-unboost|p2a: Sneasler|spd|1
|-enditem|p2a: Sneasler|White Herb
|-clearnegativeboost|p2a: Sneasler|[silent]
|move|p2b: Raichu|Zap Cannon|p1b: Annihilape
|-damage|p1b: Annihilape|28/100
|-status|p1b: Annihilape|par
|move|p1b: Annihilape|Close Combat|p2b: Raichu
|-damage|p2b: Raichu|0 fnt
|-unboost|p1b: Annihilape|def|1
|-unboost|p1b: Annihilape|spd|1
|faint|p2b: Raichu
|
|-heal|p1b: Annihilape|34/100 par|[from] item: Leftovers
|upkeep
|c|☆Acaba estressando|stop slowplaying wtf
|
|t:|1783449416
|switch|p2b: Maushold|Maushold-Four, L50, shiny|100/100
|turn|4
|inactive|Penny_epic has 30 seconds left.
|
|t:|1783449443
|move|p2b: Maushold|Protect|p2b: Maushold
|-singleturn|p2b: Maushold|Protect
|move|p1a: Sneasler|Fake Out|p2a: Sneasler
|-damage|p2a: Sneasler|79/100
|cant|p2a: Sneasler|flinch
|move|p1b: Annihilape|Drain Punch|p2b: Maushold
|-activate|p2b: Maushold|move: Protect
|
|-heal|p1b: Annihilape|40/100 par|[from] item: Leftovers
|upkeep
|turn|5
|inactive|Penny_epic has 30 seconds left.
|
|t:|1783449469
|move|p1a: Sneasler|Protect|p1a: Sneasler
|-singleturn|p1a: Sneasler|Protect
|move|p2a: Sneasler|Rock Slide|p1b: Annihilape|[spread] p1b
|-activate|p1a: Sneasler|move: Protect
|-resisted|p1b: Annihilape|1
|-damage|p1b: Annihilape|25/100 par
|move|p2b: Maushold|Encore|p1a: Sneasler
|-activate|p1a: Sneasler|move: Protect
|move|p1b: Annihilape|Drain Punch|p2b: Maushold
|-supereffective|p2b: Maushold|1
|-damage|p2b: Maushold|0 fnt
|-heal|p1b: Annihilape|64/100 par|[from] drain|[of] p2b: Maushold
|faint|p2b: Maushold
|
|-heal|p1b: Annihilape|70/100 par|[from] item: Leftovers
|upkeep
|
|t:|1783449484
|switch|p2b: Sinistcha|Sinistcha, L50, shiny|100/100
|-heal|p2a: Sneasler|100/100|[from] ability: Hospitality|[of] p2b: Sinistcha
|turn|6
|
|t:|1783449505
|move|p2a: Sneasler|Rock Slide|p1a: Sneasler|[spread] p1a
|-miss|p2a: Sneasler|p1b: Annihilape
|-resisted|p1a: Sneasler|1
|-damage|p1a: Sneasler|28/100
|move|p1a: Sneasler|Dire Claw|p2b: Sinistcha
|-damage|p2b: Sinistcha|62/100
|move|p2b: Sinistcha|Matcha Gotcha|p1b: Annihilape|[spread] p1a,p1b
|-resisted|p1a: Sneasler|1
|-damage|p1a: Sneasler|13/100
|-heal|p2b: Sinistcha|69/100|[from] drain|[of] p1a: Sneasler
|-damage|p1b: Annihilape|36/100 par
|-heal|p2b: Sinistcha|88/100|[from] drain|[of] p1b: Annihilape
|move|p1b: Annihilape|Rage Fist|p2b: Sinistcha
|-supereffective|p2b: Sinistcha|1
|-damage|p2b: Sinistcha|0 fnt
|faint|p2b: Sinistcha
|
|-heal|p1b: Annihilape|42/100 par|[from] item: Leftovers
|upkeep
|turn|7
|inactive|Penny_epic has 30 seconds left.
|
|t:|1783449532
|move|p2a: Sneasler|Close Combat|p1b: Annihilape
|-immune|p1b: Annihilape
|move|p1a: Sneasler|Dire Claw|p2a: Sneasler
|-resisted|p2a: Sneasler|1
|-damage|p2a: Sneasler|62/100
|-status|p2a: Sneasler|par
|cant|p1b: Annihilape|par
|
|-heal|p1b: Annihilape|48/100 par|[from] item: Leftovers
|upkeep
|turn|8
|c|☆Penny_epic|gg
|
|t:|1783449548
|move|p2a: Sneasler|Rock Slide|p1b: Annihilape|[spread] p1a,p1b
|-resisted|p1a: Sneasler|1
|-resisted|p1b: Annihilape|1
|-damage|p1a: Sneasler|0 fnt
|-damage|p1b: Annihilape|31/100 par
|faint|p1a: Sneasler
|move|p1b: Annihilape|Rage Fist|p2a: Sneasler
|-damage|p2a: Sneasler|0 fnt
|faint|p2a: Sneasler
|
|win|Penny_epic
|raw|Penny_epic's rating: 1069 → 1093(+24 for winning)
|raw|Acaba estressando's rating: 1000 → 1000(+0 for losing)
|c|☆Acaba estressando|wtf dude is slowplaying in pkkmon showdow
|c|☆Acaba estressando|get a life dude wtf
|c|☆Penny_epic|its called thinking
|c|☆Acaba estressando|trying meta teams on showdown
|c|☆Penny_epic|bro what
|c|☆Acaba estressando|thinking? just draining punch with annihilape
|c|☆Penny_epic|and i thought to make that move
|n|‽Acaba estressando|acabaestressando
|l|‽Acaba estressando
|player|p2|
