|j|☆Roncolaenjoyer
|j|☆ronzthebonz
|html|Roncolaenjoyerronzthebonz    
|uhtml|bestof|Game 2 of a best-of-3
|t:|1783893538
|gametype|doubles
|player|p1|Roncolaenjoyer|nate|1507
|player|p2|ronzthebonz|170|1438
|gen|9
|tier|[Gen 9 Champions] VGC 2026 Reg M-B (Bo3)
|rated|
|rule|Species Clause: Limit one of each Pokémon
|rule|Item Clause: Limit 1 of each item
|clearpoke
|poke|p1|Charizard, L50, F|
|poke|p1|Sylveon, L50, M|
|poke|p1|Farigiraf, L50, F|
|poke|p1|Aerodactyl, L50, F|
|poke|p1|Kingambit, L50, M|
|poke|p1|Garchomp, L50, F|
|poke|p2|Charizard, L50, M|
|poke|p2|Venusaur, L50, M|
|poke|p2|Annihilape, L50, M|
|poke|p2|Garchomp, L50, M|
|poke|p2|Incineroar, L50, M|
|poke|p2|Toxapex, L50, M|
|teampreview|4
|showteam|p1|Charizard||CharizarditeY|SolarPower|Protect,WeatherBall,SolarBeam,HeatWave|Modest||F|||50|]Sylveon||FairyFeather|Pixilate|Detect,HyperVoice,QuickAttack,HyperBeam|Modest||M|||50|]Farigiraf||SitrusBerry|ArmorTail|Thunderbolt,TwinBeam,Roar,TrickRoom|Bold||F|||50|]Aerodactyl||Aerodactylite|Unnerve|RockSlide,DualWingbeat,IceFang,Tailwind|Jolly||F|||50|]Kingambit||FocusSash|Defiant|KowtowCleave,SuckerPunch,IronHead,LowKick|Adamant||M|||50|]Garchomp||LifeOrb|RoughSkin|Earthquake,StompingTantrum,DragonClaw,Protect|Jolly||F|||50|
|showteam|p2|Charizard||CharizarditeY|Blaze|HeatWave,WeatherBall,HelpingHand,Protect|Modest||M|||50|]Venusaur||LifeOrb|Chlorophyll|LeafStorm,SludgeBomb,EarthPower,Protect|Modest||M|||50|]Annihilape||FocusSash|Defiant|CloseCombat,PhantomForce,RockTomb,Protect|Jolly||M|||50|]Garchomp||ChoiceScarf|RoughSkin|DragonClaw,Earthquake,RockSlide,StompingTantrum|Adamant||M|||50|]Incineroar||SitrusBerry|Intimidate|FlareBlitz,ThroatChop,PartingShot,FakeOut|Impish||M|||50|]Toxapex||Leftovers|Regenerator|Toxic,Infestation,WideGuard,BanefulBunker|Bold||M|||50|
|inactive|Battle timer is ON: inactive players will automatically lose when time's up. (requested by Roncolaenjoyer)
|inactive|Roncolaenjoyer has 60 seconds left.
|
|t:|1783893575
|teamsize|p1|4
|teamsize|p2|4
|start
|switch|p1a: Aerodactyl|Aerodactyl, L50, F|100/100
|switch|p1b: Kingambit|Kingambit, L50, M|100/100
|switch|p2a: Toxapex|Toxapex, L50, M|100/100
|switch|p2b: Incineroar|Incineroar, L50, M|100/100
|-ability|p1a: Aerodactyl|Unnerve
|-ability|p2b: Incineroar|Intimidate|boost
|-unboost|p1a: Aerodactyl|atk|1
|-unboost|p1b: Kingambit|atk|1
|-ability|p1b: Kingambit|Defiant|boost
|-boost|p1b: Kingambit|atk|2
|turn|1
|
|t:|1783893598
|switch|p1a: Farigiraf|Farigiraf, L50, F|100/100
|move|p1b: Kingambit|Kowtow Cleave|p2a: Toxapex
|-damage|p2a: Toxapex|49/100
|move|p2b: Incineroar|Flare Blitz|p1b: Kingambit
|-supereffective|p1b: Kingambit|1
|-crit|p1b: Kingambit
|-enditem|p1b: Kingambit|Focus Sash
|-damage|p1b: Kingambit|1/100
|-damage|p2b: Incineroar|71/100|[from] Recoil
|move|p2a: Toxapex|Infestation|p1b: Kingambit
|-damage|p1b: Kingambit|0 fnt
|faint|p1b: Kingambit
|
|-heal|p2a: Toxapex|55/100|[from] item: Leftovers
|upkeep
|
|t:|1783893616
|switch|p1b: Garchomp|Garchomp, L50, F|100/100
|turn|2
|
|t:|1783893629
|switch|p2b: Garchomp|Garchomp, L50, M|100/100
|switch|p1a: Aerodactyl|Aerodactyl, L50, F|100/100
|-ability|p1a: Aerodactyl|Unnerve
|move|p2a: Toxapex|Baneful Bunker|p2a: Toxapex
|-singleturn|p2a: Toxapex|move: Protect
|move|p1b: Garchomp|Earthquake|p2b: Garchomp|[spread] p2b
|-activate|p2a: Toxapex|move: Protect
|-immune|p1a: Aerodactyl
|-damage|p2b: Garchomp|59/100
|-damage|p1b: Garchomp|90/100|[from] item: Life Orb
|
|-heal|p2a: Toxapex|61/100|[from] item: Leftovers
|upkeep
|turn|3
|inactive|Roncolaenjoyer has 30 seconds left.
|
|t:|1783893659
|-heal|p2a: Toxapex|94/100|[from] ability: Regenerator|[silent]
|switch|p2a: Incineroar|Incineroar, L50, M|71/100
|-ability|p2a: Incineroar|Intimidate|boost
|-unboost|p1a: Aerodactyl|atk|1
|-unboost|p1b: Garchomp|atk|1
|detailschange|p1a: Aerodactyl|Aerodactyl-Mega, L50, F
|-mega|p1a: Aerodactyl|Aerodactyl|Aerodactylite
|move|p1b: Garchomp|Protect|p1b: Garchomp
|-singleturn|p1b: Garchomp|Protect
|move|p2b: Garchomp|Dragon Claw|p1b: Garchomp
|-activate|p1b: Garchomp|move: Protect
|move|p1a: Aerodactyl|Ice Fang|p2b: Garchomp
|-supereffective|p2b: Garchomp|2
|-damage|p2b: Garchomp|0 fnt
|-damage|p1a: Aerodactyl|87/100|[from] ability: Rough Skin|[of] p2b: Garchomp
|faint|p2b: Garchomp
|
|upkeep
|
|t:|1783893683
|switch|p2b: Charizard|Charizard, L50, M|100/100
|turn|4
|
|t:|1783893701
|switch|p1b: Farigiraf|Farigiraf, L50, F|100/100
|move|p2b: Charizard|Protect|p2b: Charizard
|-singleturn|p2b: Charizard|Protect
|move|p1a: Aerodactyl|Rock Slide|p2a: Incineroar|[spread] p2a
|-activate|p2b: Charizard|move: Protect
|-supereffective|p2a: Incineroar|1
|-damage|p2a: Incineroar|43/100
|-enditem|p2a: Incineroar|Sitrus Berry|[eat]
|-heal|p2a: Incineroar|68/100|[from] item: Sitrus Berry
|move|p2a: Incineroar|Parting Shot|p1b: Farigiraf
|-unboost|p1b: Farigiraf|atk|1
|-unboost|p1b: Farigiraf|spa|1
|
|t:|1783893716
|switch|p2a: Toxapex|Toxapex, L50, M|94/100|[from] Parting Shot
|
|-heal|p2a: Toxapex|100/100|[from] item: Leftovers
|upkeep
|turn|5
|
|t:|1783893724
|detailschange|p2b: Charizard|Charizard-Mega-Y, L50, M
|-mega|p2b: Charizard|Charizard|Charizardite Y
|-weather|SunnyDay|[from] ability: Drought|[of] p2b: Charizard
|move|p2a: Toxapex|Wide Guard|p2a: Toxapex
|-singleturn|p2a: Toxapex|Wide Guard
|move|p1a: Aerodactyl|Rock Slide|p2a: Toxapex|[spread] 
|-activate|p2a: Toxapex|move: Wide Guard
|-activate|p2b: Charizard|move: Wide Guard
|move|p2b: Charizard|Heat Wave|p1b: Farigiraf|[spread] p1a,p1b
|-resisted|p1a: Aerodactyl|1
|-damage|p1a: Aerodactyl|57/100
|-damage|p1b: Farigiraf|41/100
|-enditem|p1b: Farigiraf|Sitrus Berry|[eat]
|-heal|p1b: Farigiraf|66/100|[from] item: Sitrus Berry
|move|p1b: Farigiraf|Thunderbolt|p2b: Charizard
|-supereffective|p2b: Charizard|1
|-damage|p2b: Charizard|72/100
|-status|p2b: Charizard|par
|
|-weather|SunnyDay|[upkeep]
|upkeep
|turn|6
|
|t:|1783893745
|move|p2a: Toxapex|Wide Guard|p2a: Toxapex
|-singleturn|p2a: Toxapex|Wide Guard
|move|p1a: Aerodactyl|Rock Slide|p2b: Charizard|[spread] 
|-activate|p2a: Toxapex|move: Wide Guard
|-activate|p2b: Charizard|move: Wide Guard
|move|p1b: Farigiraf|Thunderbolt|p2b: Charizard
|-supereffective|p2b: Charizard|1
|-damage|p2b: Charizard|44/100 par
|move|p2b: Charizard|Heat Wave|p1b: Farigiraf|[spread] p1a,p1b
|-resisted|p1a: Aerodactyl|1
|-damage|p1a: Aerodactyl|26/100
|-damage|p1b: Farigiraf|6/100
|
|-weather|SunnyDay|[upkeep]
|upkeep
|turn|7
|inactive|ronzthebonz has 30 seconds left.
|inactive|ronzthebonz has 20 seconds left.
|
|t:|1783893781
|switch|p1b: Garchomp|Garchomp, L50, F|90/100
|move|p2b: Charizard|Protect|p2b: Charizard
|-singleturn|p2b: Charizard|Protect
|move|p1a: Aerodactyl|Rock Slide|p2a: Toxapex|[spread] p2a
|-activate|p2b: Charizard|move: Protect
|-damage|p2a: Toxapex|88/100
|move|p2a: Toxapex|Infestation|p1b: Garchomp
|-damage|p1b: Garchomp|86/100
|-activate|p1b: Garchomp|move: Infestation|[of] p2a: Toxapex
|-damage|p2a: Toxapex|76/100|[from] ability: Rough Skin|[of] p1b: Garchomp
|
|-weather|SunnyDay|[upkeep]
|-heal|p2a: Toxapex|82/100|[from] item: Leftovers
|-damage|p1b: Garchomp|74/100|[from] move: Infestation|[partiallytrapped]
|upkeep
|turn|8
|
|t:|1783893806
|switch|p2b: Incineroar|Incineroar, L50, M|68/100
|-ability|p2b: Incineroar|Intimidate|boost
|-unboost|p1a: Aerodactyl|atk|1
|-unboost|p1b: Garchomp|atk|1
|move|p1a: Aerodactyl|Rock Slide|p2b: Incineroar|[spread] p2a,p2b
|-supereffective|p2b: Incineroar|1
|-damage|p2a: Toxapex|73/100
|-damage|p2b: Incineroar|46/100
|move|p1b: Garchomp|Stomping Tantrum|p2a: Toxapex
|-supereffective|p2a: Toxapex|1
|-damage|p2a: Toxapex|27/100
|-damage|p1b: Garchomp|64/100|[from] item: Life Orb
|move|p2a: Toxapex|Infestation|p1a: Aerodactyl
|-resisted|p1a: Aerodactyl|1
|-damage|p1a: Aerodactyl|24/100
|-activate|p1a: Aerodactyl|move: Infestation|[of] p2a: Toxapex
|
|-weather|SunnyDay|[upkeep]
|-heal|p2a: Toxapex|33/100|[from] item: Leftovers
|-damage|p1a: Aerodactyl|12/100|[from] move: Infestation|[partiallytrapped]
|-damage|p1b: Garchomp|51/100|[from] move: Infestation|[partiallytrapped]
|upkeep
|turn|9
|inactive|ronzthebonz has 30 seconds left.
|
|t:|1783893835
|move|p2b: Incineroar|Fake Out|p1b: Garchomp
|-damage|p1b: Garchomp|41/100
|-damage|p2b: Incineroar|34/100|[from] ability: Rough Skin|[of] p1b: Garchomp
|move|p1a: Aerodactyl|Rock Slide|p2a: Toxapex|[spread] p2a,p2b
|-supereffective|p2b: Incineroar|1
|-damage|p2a: Toxapex|24/100
|-damage|p2b: Incineroar|13/100
|cant|p1b: Garchomp|flinch
|move|p2a: Toxapex|Toxic|p1b: Garchomp
|-status|p1b: Garchomp|tox
|
|-weather|none
|-heal|p2a: Toxapex|30/100|[from] item: Leftovers
|-damage|p1b: Garchomp|35/100 tox|[from] psn
|-damage|p1a: Aerodactyl|1/100|[from] move: Infestation|[partiallytrapped]
|-damage|p1b: Garchomp|22/100 tox|[from] move: Infestation|[partiallytrapped]
|upkeep
|turn|10
|inactive|ronzthebonz has 30 seconds left.
|
|t:|1783893862
|move|p2a: Toxapex|Baneful Bunker|p2a: Toxapex
|-singleturn|p2a: Toxapex|move: Protect
|move|p1a: Aerodactyl|Dual Wingbeat|p2a: Toxapex
|-activate|p2a: Toxapex|move: Protect
|-status|p1a: Aerodactyl|psn
|move|p1b: Garchomp|Dragon Claw|p2b: Incineroar
|-damage|p2b: Incineroar|0 fnt
|faint|p2b: Incineroar
|-damage|p1b: Garchomp|12/100 tox|[from] item: Life Orb
|
|-heal|p2a: Toxapex|36/100|[from] item: Leftovers
|-damage|p1a: Aerodactyl|0 fnt|[from] psn
|faint|p1a: Aerodactyl
|-damage|p1b: Garchomp|1/100 tox|[from] psn
|-damage|p1b: Garchomp|0 fnt|[from] move: Infestation|[partiallytrapped]
|faint|p1b: Garchomp
|upkeep
|
|t:|1783893874
|switch|p1b: Farigiraf|Farigiraf, L50, F|6/100
|switch|p2b: Charizard|Charizard-Mega-Y, L50, M|44/100 par
|-weather|SunnyDay|[from] ability: Drought|[of] p2b: Charizard
|turn|11
|
|t:|1783893882
|move|p1b: Farigiraf|Thunderbolt|p2b: Charizard
|-supereffective|p2b: Charizard|1
|-damage|p2b: Charizard|4/100 par
|move|p2b: Charizard|Weather Ball|p1b: Farigiraf
|-damage|p1b: Farigiraf|0 fnt
|faint|p1b: Farigiraf
|
|win|ronzthebonz
|raw|Roncolaenjoyer's rating: 1507 → 1483(-24 for losing)
|raw|ronzthebonz's rating: 1438 → 1462(+24 for winning)
