|j|☆KodeBeast0526
|j|☆Rat Rizzo
|html|KodeBeast0526Rat Rizzo    
|uhtml|bestof|Game 1 of a best-of-3
|t:|1756596408
|gametype|doubles
|player|p1|KodeBeast0526|sailor|1186
|player|p2|Rat Rizzo|1|1156
|gen|9
|tier|[Gen 9] VGC 2025 Reg H (Bo3)
|rated|
|rule|Species Clause: Limit one of each Pokémon
|rule|Item Clause: Limit 1 of each item
|clearpoke
|poke|p1|Sneasler, L50, M|
|poke|p1|Excadrill, L50, M|
|poke|p1|Corviknight, L50, M|
|poke|p1|Tyranitar, L50, M|
|poke|p1|Indeedee-F, L50, F|
|poke|p1|Gholdengo, L50|
|poke|p2|Ursaluna, L50, M|
|poke|p2|Indeedee-F, L50, F|
|poke|p2|Torkoal, L50, F|
|poke|p2|Gallade, L50, M|
|poke|p2|Hatterene, L50, F|
|poke|p2|Armarouge, L50, M|
|teampreview|4
|showteam|p1|Sneasler||WhiteHerb|Unburden|CloseCombat,DireClaw,FakeOut,Coaching|||M|||50|,,,,,Flying]Excadrill||FocusSash|SandRush|Earthquake,IronHead,SwordsDance,Protect|||M|||50|,,,,,Ground]Corviknight||PsychicSeed|MirrorArmor|BraveBird,PowerTrip,BulkUp,Roost|||M|||50|,,,,,Water]Tyranitar||AssaultVest|SandStream|RockSlide,KnockOff,LowKick,TeraBlast|||M|||50|,,,,,Flying]Indeedee-F||SafetyGoggles|PsychicSurge|DazzlingGleam,FollowMe,HelpingHand,TrickRoom|||F|||50|,,,,,Fairy]Gholdengo||MetalCoat|GoodasGold|MakeItRain,ShadowBall,NastyPlot,Protect||||||50|,,,,,Water
|showteam|p2|Ursaluna||FlameOrb|Guts|Protect,Facade,HeadlongRush,IcePunch|||M|||50|,,,,,Ghost]Indeedee-F||PsychicSeed|PsychicSurge|FollowMe,TrickRoom,HelpingHand,Psychic|||F|||50|,,,,,Fairy]Torkoal||Charcoal|Drought|Protect,Eruption,HeatWave,EarthPower|||F|||50|,,,,,Fire]Gallade||ClearAmulet|Sharpness|WideGuard,TrickRoom,PsychoCut,SacredSword|||M|||50|,,,,,Grass]Hatterene||CovertCloak|MagicBounce|TrickRoom,ExpandingForce,MysticalFire,DazzlingGleam|||F|||50|,,,,,Fire]Armarouge||LifeOrb|FlashFire|TrickRoom,HeatWave,ExpandingForce,WideGuard|||M|||50|,,,,,Grass
|inactive|Battle timer is ON: inactive players will automatically lose when time's up. (requested by Rat Rizzo)
|
|t:|1756596435
|teamsize|p1|4
|teamsize|p2|4
|start
|switch|p1a: Tyranitar|Tyranitar, L50, M, shiny|100/100
|switch|p1b: Excadrill|Excadrill, L50, M, shiny|100/100
|switch|p2a: Indeedee|Indeedee-F, L50, F|100/100
|switch|p2b: Gallade|Gallade, L50, M|100/100
|-weather|Sandstorm|[from] ability: Sand Stream|[of] p1a: Tyranitar
|-fieldstart|move: Psychic Terrain|[from] ability: Psychic Surge|[of] p2a: Indeedee
|-enditem|p2a: Indeedee|Psychic Seed
|-boost|p2a: Indeedee|spd|1|[from] item: Psychic Seed
|turn|1
|inactive|Rat Rizzo has 30 seconds left.
|inactive|Rat Rizzo has 20 seconds left.
|inactive|Rat Rizzo has 15 seconds left.
|inactive|Rat Rizzo has 10 seconds left.
|inactive|Rat Rizzo has 5 seconds left.
|
|t:|1756596488
|-terastallize|p1a: Tyranitar|Flying
|-terastallize|p2a: Indeedee|Fairy
|move|p1b: Excadrill|Iron Head|p2a: Indeedee
|-supereffective|p2a: Indeedee
|-damage|p2a: Indeedee|23/100
|move|p1a: Tyranitar|Knock Off|p2a: Indeedee
|-resisted|p2a: Indeedee
|-damage|p2a: Indeedee|6/100
|move|p2b: Gallade|Sacred Sword|p1b: Excadrill
|-supereffective|p1b: Excadrill
|-enditem|p1b: Excadrill|Focus Sash
|-damage|p1b: Excadrill|1/100
|move|p2a: Indeedee|Trick Room|p2a: Indeedee
|-fieldstart|move: Trick Room|[of] p2a: Indeedee
|
|-weather|Sandstorm|[upkeep]
|-damage|p2b: Gallade|95/100|[from] Sandstorm
|-damage|p2a: Indeedee|0 fnt|[from] Sandstorm
|-damage|p1a: Tyranitar|95/100|[from] Sandstorm
|faint|p2a: Indeedee
|upkeep
|
|t:|1756596499
|switch|p2a: Torkoal|Torkoal, L50, F|100/100
|-weather|SunnyDay|[from] ability: Drought|[of] p2a: Torkoal
|turn|2
|
|t:|1756596514
|move|p2b: Gallade|Wide Guard|p2b: Gallade
|-singleturn|p2b: Gallade|Wide Guard
|move|p2a: Torkoal|Heat Wave|p1a: Tyranitar|[spread] p1a,p1b
|-supereffective|p1b: Excadrill
|-damage|p1a: Tyranitar|68/100
|-damage|p1b: Excadrill|0 fnt
|faint|p1b: Excadrill
|move|p1a: Tyranitar|Rock Slide|p2a: Torkoal|[spread] 
|-activate|p2a: Torkoal|move: Wide Guard
|-activate|p2b: Gallade|move: Wide Guard
|
|-weather|SunnyDay|[upkeep]
|upkeep
|
|t:|1756596520
|switch|p1b: Indeedee|Indeedee-F, L50, F|100/100
|turn|3
|
|t:|1756596532
|move|p2a: Torkoal|Eruption|p1a: Tyranitar|[spread] p1a,p1b
|-damage|p1a: Tyranitar|24/100
|-damage|p1b: Indeedee|19/100
|move|p2b: Gallade|Psycho Cut|p1a: Tyranitar
|-damage|p1a: Tyranitar|0 fnt
|faint|p1a: Tyranitar
|move|p1b: Indeedee|Trick Room|p1b: Indeedee
|-fieldend|move: Trick Room
|
|-weather|SunnyDay|[upkeep]
|upkeep
|
|t:|1756596541
|switch|p1a: Gholdengo|Gholdengo, L50, shiny|100/100
|turn|4
|
|t:|1756596553
|move|p2a: Torkoal|Protect|p2a: Torkoal
|-singleturn|p2a: Torkoal|Protect
|move|p1a: Gholdengo|Shadow Ball|p2b: Gallade
|-supereffective|p2b: Gallade
|-damage|p2b: Gallade|18/100
|move|p1b: Indeedee|Dazzling Gleam|p2b: Gallade|[spread] p2b
|-activate|p2a: Torkoal|move: Protect
|-supereffective|p2b: Gallade
|-damage|p2b: Gallade|0 fnt
|faint|p2b: Gallade
|
|-weather|SunnyDay|[upkeep]
|upkeep
|
|t:|1756596557
|switch|p2b: Ursaluna|Ursaluna, L50, M|100/100
|turn|5
|
|t:|1756596572
|move|p2b: Ursaluna|Protect|p2b: Ursaluna
|-singleturn|p2b: Ursaluna|Protect
|move|p1b: Indeedee|Follow Me|p1b: Indeedee
|-singleturn|p1b: Indeedee|move: Follow Me
|move|p1a: Gholdengo|Shadow Ball|p2a: Torkoal
|-damage|p2a: Torkoal|44/100
|move|p2a: Torkoal|Heat Wave|p1b: Indeedee|[spread] p1a,p1b
|-supereffective|p1a: Gholdengo
|-damage|p1a: Gholdengo|0 fnt
|-damage|p1b: Indeedee|0 fnt
|faint|p1a: Gholdengo
|faint|p1b: Indeedee
|
|win|Rat Rizzo
