|j|☆Mortipherus
|j|☆BranchingBee
|html|MortipherusBranchingBee    
|uhtml|bestof|Game 1 of a best-of-3
|t:|1756653957
|gametype|doubles
|player|p1|Mortipherus|biker-gen4|1101
|player|p2|BranchingBee|skyla|1036
|gen|9
|tier|[Gen 9] VGC 2025 Reg H (Bo3)
|rated|
|rule|Species Clause: Limit one of each Pokémon
|rule|Item Clause: Limit 1 of each item
|clearpoke
|poke|p1|Hydrapple, L50, F|
|poke|p1|Arcanine-Hisui, L50, M|
|poke|p1|Gholdengo, L50|
|poke|p1|Electabuzz, L50, M|
|poke|p1|Indeedee, L50, M|
|poke|p1|Sneasler, L50, M|
|poke|p2|Ursaluna-Bloodmoon, L50, M|
|poke|p2|Rillaboom, L50, M|
|poke|p2|Typhlosion-Hisui, L50, M|
|poke|p2|Kingambit, L50, M|
|poke|p2|Murkrow, L50, M|
|poke|p2|Sneasler, L50, F|
|teampreview|4
|showteam|p1|Hydrapple||AssaultVest|Regenerator|FickleBeam,EnergyBall,EarthPower,BreakingSwipe|||F|||50|,,,,,Ground]Arcanine-Hisui||ClearAmulet|Intimidate|Protect,ExtremeSpeed,FlareBlitz,RockSlide|||M|||50|,,,,,Grass]Gholdengo||LifeOrb|GoodasGold|Protect,NastyPlot,MakeItRain,ShadowBall||||||50|,,,,,Flying]Electabuzz||Eviolite|VitalSpirit|Protect,FollowMe,Taunt,Electroweb|||M|||50|,,,,,Dragon]Indeedee||FocusSash|PsychicSurge|Protect,TrickRoom,ExpandingForce,TeraBlast|||M|||50|,,,,,Ground]Sneasler||PsychicSeed|Unburden|Protect,ThroatChop,DireClaw,CloseCombat|||M|||50|,,,,,Dark
|showteam|p2|Ursaluna-Bloodmoon||LifeOrb|MindsEye|HyperVoice,BloodMoon,EarthPower,Protect|||M|||50|,,,,,Normal]Rillaboom||AssaultVest|GrassySurge|GrassyGlide,FakeOut,WoodHammer,Uturn|||M|||50|,,,,,Fire]Typhlosion-Hisui||ChoiceSpecs|Blaze|Eruption,ShadowBall,HeatWave,Overheat|||M|||50|,,,,,Fire]Kingambit||BlackGlasses|Defiant|SuckerPunch,KowtowCleave,Protect,IronHead|||M|||50|,,,,,Dark]Murkrow||Eviolite|Prankster|FoulPlay,Tailwind,SunnyDay,Haze|||M|||50|,,,,,Ghost]Sneasler||GrassySeed|Unburden|CloseCombat,DireClaw,Protect,Taunt|||F|||50|,,,,,Dark
|
|t:|1756653979
|teamsize|p1|4
|teamsize|p2|4
|start
|switch|p1a: Arcanine|Arcanine-Hisui, L50, M|100/100
|switch|p1b: Sneasler|Sneasler, L50, M|100/100
|switch|p2a: Typhlosion|Typhlosion-Hisui, L50, M|100/100
|switch|p2b: Murkrow|Murkrow, L50, M|100/100
|-ability|p1a: Arcanine|Intimidate|boost
|-unboost|p2a: Typhlosion|atk|1
|-unboost|p2b: Murkrow|atk|1
|turn|1
|inactive|Battle timer is ON: inactive players will automatically lose when time's up. (requested by Mortipherus)
|inactive|Mortipherus has 60 seconds left.
|
|t:|1756654018
|-terastallize|p2a: Typhlosion|Fire
|move|p1b: Sneasler|Protect|p1b: Sneasler
|-singleturn|p1b: Sneasler|Protect
|move|p2b: Murkrow|Tailwind|p2b: Murkrow
|-sidestart|p2: BranchingBee|move: Tailwind
|move|p2a: Typhlosion|Eruption|p1a: Arcanine|[spread] p1a
|-activate|p1b: Sneasler|move: Protect
|-resisted|p1a: Arcanine
|-damage|p1a: Arcanine|69/100
|move|p1a: Arcanine|Rock Slide|p2b: Murkrow|[spread] p2a,p2b
|-supereffective|p2a: Typhlosion
|-supereffective|p2b: Murkrow
|-damage|p2a: Typhlosion|27/100
|-damage|p2b: Murkrow|42/100
|
|upkeep
|turn|2
|
|t:|1756654039
|move|p1a: Arcanine|Extreme Speed|p2b: Murkrow
|-crit|p2b: Murkrow
|-damage|p2b: Murkrow|0 fnt
|faint|p2b: Murkrow
|move|p2a: Typhlosion|Eruption|p1a: Arcanine|[spread] p1a,p1b
|-resisted|p1a: Arcanine
|-damage|p1a: Arcanine|58/100
|-damage|p1b: Sneasler|45/100
|move|p1b: Sneasler|Dire Claw|p2a: Typhlosion
|-damage|p2a: Typhlosion|0 fnt
|faint|p2a: Typhlosion
|
|upkeep
|
|t:|1756654051
|switch|p2a: Sneasler|Sneasler, L50, F|100/100
|switch|p2b: Rillaboom|Rillaboom, L50, M|100/100
|-fieldstart|move: Grassy Terrain|[from] ability: Grassy Surge|[of] p2b: Rillaboom
|-enditem|p2a: Sneasler|Grassy Seed
|-boost|p2a: Sneasler|def|1|[from] item: Grassy Seed
|turn|3
|inactive|BranchingBee has 30 seconds left.
|
|t:|1756654077
|switch|p1a: Indeedee|Indeedee, L50, M|100/100
|-fieldstart|move: Psychic Terrain|[from] ability: Psychic Surge|[of] p1a: Indeedee
|-enditem|p1b: Sneasler|Psychic Seed
|-boost|p1b: Sneasler|spd|1|[from] item: Psychic Seed
|move|p2a: Sneasler|Close Combat|p1a: Indeedee
|-enditem|p1a: Indeedee|Focus Sash
|-damage|p1a: Indeedee|1/100
|-unboost|p2a: Sneasler|def|1
|-unboost|p2a: Sneasler|spd|1
|move|p1b: Sneasler|Dire Claw|p2b: Rillaboom
|-supereffective|p2b: Rillaboom
|-damage|p2b: Rillaboom|11/100
|-status|p2b: Rillaboom|par
|move|p2b: Rillaboom|Wood Hammer|p1b: Sneasler
|-resisted|p1b: Sneasler
|-damage|p1b: Sneasler|0 fnt
|faint|p1b: Sneasler
|-damage|p2b: Rillaboom|0 fnt|[from] Recoil
|faint|p2b: Rillaboom
|
|upkeep
|inactive|Mortipherus has 30 seconds left.
|
|t:|1756654103
|switch|p1b: Arcanine|Arcanine-Hisui, L50, M|58/100
|-ability|p1b: Arcanine|Intimidate|boost
|-unboost|p2a: Sneasler|atk|1
|turn|4
|
|t:|1756654116
|move|p1a: Indeedee|Protect|p1a: Indeedee
|-singleturn|p1a: Indeedee|Protect
|move|p1b: Arcanine|Protect|p1b: Arcanine
|-singleturn|p1b: Arcanine|Protect
|move|p2a: Sneasler|Dire Claw|p1a: Indeedee
|-activate|p1a: Indeedee|move: Protect
|
|-sideend|p2: BranchingBee|move: Tailwind
|upkeep
|turn|5
|inactive|BranchingBee has 30 seconds left.
|
|t:|1756654143
|switch|p1b: Hydrapple|Hydrapple, L50, F|100/100
|move|p2a: Sneasler|Dire Claw|p1a: Indeedee
|-damage|p1a: Indeedee|0 fnt
|faint|p1a: Indeedee
|
|upkeep
|
|t:|1756654151
|switch|p1a: Arcanine|Arcanine-Hisui, L50, M|58/100
|-ability|p1a: Arcanine|Intimidate|boost
|-unboost|p2a: Sneasler|atk|1
|turn|6
|
|t:|1756654161
|move|p1a: Arcanine|Protect|p1a: Arcanine
|-singleturn|p1a: Arcanine|Protect
|move|p2a: Sneasler|Dire Claw|p1b: Hydrapple
|-supereffective|p1b: Hydrapple
|-damage|p1b: Hydrapple|64/100
|move|p1b: Hydrapple|Earth Power|p2a: Sneasler
|-supereffective|p2a: Sneasler
|-damage|p2a: Sneasler|0 fnt
|faint|p2a: Sneasler
|
|win|Mortipherus
||BranchingBee is ready for game 2.
|inactive|Mortipherus has 30 seconds to confirm battle start!
