|j|☆tiaole123
|j|☆RiceOverNight
|html|tiaole123RiceOverNight    
|uhtml|bestof|Game 3 of a best-of-3
|t:|1785335685
|gametype|doubles
|player|p1|tiaole123|#smogonxnpa2026draftee2|
|player|p2|RiceOverNight|1|
|gen|9
|tier|[Gen 9 Champions] VGC 2026 Reg M-B (Bo3)
|rule|Species Clause: Limit one of each Pokémon
|rule|Item Clause: Limit 1 of each item
|clearpoke
|poke|p1|Tyranitar, L50, F|
|poke|p1|Excadrill, L50, F|
|poke|p1|Gholdengo, L50|
|poke|p1|Sinistcha, L50|
|poke|p1|Milotic, L50, F|
|poke|p1|Staraptor, L50, F|
|poke|p2|Venusaur, L50, M|
|poke|p2|Charizard, L50, M|
|poke|p2|Grimmsnarl, L50, M|
|poke|p2|Archaludon, L50, F|
|poke|p2|Basculegion, L50, M|
|poke|p2|Pelipper, L50, F|
|teampreview|4
|showteam|p1|Tyranitar||Tyranitarite|SandStream|RockSlide,KnockOff,LowKick,Protect|Jolly||F|||50|]Excadrill||FocusSash|SandRush|IronHead,HighHorsepower,RockSlide,Protect|Adamant||F|||50|]Gholdengo||LifeOrb|GoodasGold|ShadowBall,MakeItRain,NastyPlot,Protect|Modest|||||50|]Sinistcha||ColburBerry|Hospitality|MatchaGotcha,RagePowder,TrickRoom,Protect|Bold|||||50|]Milotic||SitrusBerry|Competitive|Scald,IcyWind,IceBeam,Protect|Calm||F|||50|]Staraptor||Staraptite|Intimidate|BraveBird,CloseCombat,Tailwind,Protect|Jolly||F|||50|
|showteam|p2|Venusaur||FocusSash|Chlorophyll|SludgeBomb,EarthPower,SleepPowder,Protect|Modest||M|||50|]Charizard||CharizarditeY|Blaze|Protect,HeatWave,SolarBeam,WeatherBall|Modest||M|||50|]Grimmsnarl||LightClay|Prankster|SpiritBreak,LightScreen,Reflect,PartingShot|Sassy||M|||50|]Archaludon||Leftovers|Stamina|ElectroShot,DragonPulse,FlashCannon,Protect|Calm||F|||50|]Basculegion||ChoiceScarf|Adaptability|WaveCrash,LastRespects,AquaJet,FlipTurn|Jolly||M|||50|]Pelipper||SitrusBerry|Drizzle|Hurricane,WeatherBall,Tailwind,WideGuard|Modest||F|||50|
|j| Haewonlove
|j| haxy0692
|inactive|Battle timer is ON: inactive players will automatically lose when time's up. (requested by RiceOverNight)
|j| r1111111111
|inactive|tiaole123 has 60 seconds left.
|inactive|RiceOverNight has 60 seconds left.
|inactive|tiaole123 has 30 seconds left.
|inactive|RiceOverNight has 30 seconds left.
|inactive|RiceOverNight has 20 seconds left.
|inactive|RiceOverNight has 15 seconds left.
|
|t:|1785335774
|teamsize|p1|4
|teamsize|p2|4
|start
|switch|p1a: Staraptor|Staraptor, L50, F|100/100
|switch|p1b: Excadrill|Excadrill, L50, F|100/100
|switch|p2a: Pelipper|Pelipper, L50, F|100/100
|switch|p2b: Archaludon|Archaludon, L50, F|100/100
|-ability|p1a: Staraptor|Intimidate|boost
|-unboost|p2a: Pelipper|atk|1
|-unboost|p2b: Archaludon|atk|1
|-weather|RainDance|[from] ability: Drizzle|[of] p2a: Pelipper
|turn|1
|inactive|tiaole123 has 30 seconds left.
|inactive|RiceOverNight has 30 seconds left.
|inactive|tiaole123 has 20 seconds left.
|inactive|RiceOverNight has 20 seconds left.
|inactive|tiaole123 has 15 seconds left.
|inactive|RiceOverNight has 15 seconds left.
|inactive|tiaole123 has 10 seconds left.
|
|t:|1785335822
|switch|p2b: Charizard|Charizard, L50, M|100/100
|detailschange|p1a: Staraptor|Staraptor-Mega, L50, F
|-mega|p1a: Staraptor|Staraptor|Staraptite
|move|p1a: Staraptor|Close Combat|p2b: Charizard
|-resisted|p2b: Charizard|1
|-damage|p2b: Charizard|71/100
|-boost|p1a: Staraptor|def|1
|-boost|p1a: Staraptor|spd|1
|move|p1b: Excadrill|High Horsepower|p2b: Charizard
|-immune|p2b: Charizard
|move|p2a: Pelipper|Tailwind|p2a: Pelipper
|-sidestart|p2: RiceOverNight|move: Tailwind
|
|-weather|RainDance|[upkeep]
|upkeep
|turn|2
|inactive|tiaole123 has 30 seconds left.
|inactive|RiceOverNight has 30 seconds left.
|inactive|RiceOverNight has 20 seconds left.
|
|t:|1785335861
|detailschange|p2b: Charizard|Charizard-Mega-Y, L50, M
|-mega|p2b: Charizard|Charizard|Charizardite Y
|-weather|SunnyDay|[from] ability: Drought|[of] p2b: Charizard
|move|p1a: Staraptor|Protect|p1a: Staraptor
|-singleturn|p1a: Staraptor|Protect
|move|p2a: Pelipper|Wide Guard|p2a: Pelipper
|-singleturn|p2a: Pelipper|Wide Guard
|move|p2b: Charizard|Heat Wave|p1a: Staraptor|[spread] p1b
|-activate|p1a: Staraptor|move: Protect
|-supereffective|p1b: Excadrill|1
|-enditem|p1b: Excadrill|Focus Sash
|-damage|p1b: Excadrill|1/100
|move|p1b: Excadrill|Rock Slide|p2a: Pelipper|[spread] 
|-activate|p2a: Pelipper|move: Wide Guard
|-activate|p2b: Charizard|move: Wide Guard
|
|-weather|SunnyDay|[upkeep]
|upkeep
|turn|3
|inactive|tiaole123 has 30 seconds left.
|inactive|RiceOverNight has 30 seconds left.
|inactive|tiaole123 has 20 seconds left.
|inactive|tiaole123 has 15 seconds left.
|inactive|tiaole123 has 10 seconds left.
|
|t:|1785335910
|switch|p2a: Archaludon|Archaludon, L50, F|100/100
|switch|p1b: Tyranitar|Tyranitar, L50, F|100/100
|-weather|Sandstorm|[from] ability: Sand Stream|[of] p1b: Tyranitar
|move|p2b: Charizard|Heat Wave|p1a: Staraptor|[spread] p1a,p1b
|-resisted|p1b: Tyranitar|1
|-damage|p1a: Staraptor|68/100
|-damage|p1b: Tyranitar|87/100
|-status|p1b: Tyranitar|brn
|move|p1a: Staraptor|Tailwind|p1a: Staraptor
|-sidestart|p1: tiaole123|move: Tailwind
|
|-weather|Sandstorm|[upkeep]
|-damage|p1a: Staraptor|62/100|[from] Sandstorm
|-damage|p2b: Charizard|64/100|[from] Sandstorm
|-damage|p1b: Tyranitar|81/100 brn|[from] brn
|upkeep
|turn|4
|inactive|tiaole123 has 30 seconds left.
|inactive|tiaole123 has 20 seconds left.
|inactive|tiaole123 has 15 seconds left.
|inactive|tiaole123 has 10 seconds left.
|
|t:|1785335958
|switch|p2b: Pelipper|Pelipper, L50, F|100/100
|-weather|RainDance|[from] ability: Drizzle|[of] p2b: Pelipper
|move|p1a: Staraptor|Close Combat|p2a: Archaludon
|-supereffective|p2a: Archaludon|1
|-damage|p2a: Archaludon|17/100
|-boost|p1a: Staraptor|def|1
|-boost|p1a: Staraptor|spd|1
|-ability|p2a: Archaludon|Stamina|boost
|-boost|p2a: Archaludon|def|1
|move|p1b: Tyranitar|Knock Off|p2a: Archaludon
|-damage|p2a: Archaludon|6/100
|-ability|p2a: Archaludon|Stamina|boost
|-boost|p2a: Archaludon|def|1
|-enditem|p2a: Archaludon|Leftovers|[from] move: Knock Off|[of] p1b: Tyranitar
|move|p2a: Archaludon|Electro Shot||[still]
|-prepare|p2a: Archaludon|Electro Shot
|-boost|p2a: Archaludon|spa|1
|-anim|p2a: Archaludon|Electro Shot|p1a: Staraptor
|-supereffective|p1a: Staraptor|1
|-crit|p1a: Staraptor
|-damage|p1a: Staraptor|0 fnt
|faint|p1a: Staraptor
|
|-weather|RainDance|[upkeep]
|-damage|p1b: Tyranitar|75/100 brn|[from] brn
|-sideend|p2: RiceOverNight|move: Tailwind
|upkeep
|
|t:|1785335982
|switch|p1a: Gholdengo|Gholdengo, L50|100/100
|turn|5
|
|t:|1785336001
|move|p2a: Archaludon|Protect|p2a: Archaludon
|-singleturn|p2a: Archaludon|Protect
|move|p1a: Gholdengo|Shadow Ball|p2b: Pelipper
|-damage|p2b: Pelipper|16/100
|-enditem|p2b: Pelipper|Sitrus Berry|[eat]
|-heal|p2b: Pelipper|40/100|[from] item: Sitrus Berry
|-damage|p1a: Gholdengo|90/100|[from] item: Life Orb
|move|p1b: Tyranitar|Rock Slide|p2b: Pelipper|[spread] p2b
|-activate|p2a: Archaludon|move: Protect
|-supereffective|p2b: Pelipper|1
|-damage|p2b: Pelipper|10/100
|move|p2b: Pelipper|Weather Ball|p1a: Gholdengo
|-damage|p1a: Gholdengo|23/100
|
|-weather|RainDance|[upkeep]
|-damage|p1b: Tyranitar|68/100 brn|[from] brn
|upkeep
|turn|6
|inactive|tiaole123 has 30 seconds left.
|inactive|RiceOverNight has 30 seconds left.
|
|t:|1785336033
|switch|p1b: Excadrill|Excadrill, L50, F|1/100
|move|p1a: Gholdengo|Make It Rain|p2a: Archaludon|[spread] p2a,p2b
|-resisted|p2a: Archaludon|1
|-crit|p2a: Archaludon
|-resisted|p2b: Pelipper|1
|-crit|p2b: Pelipper
|-damage|p2a: Archaludon|0 fnt
|-damage|p2b: Pelipper|0 fnt
|-unboost|p1a: Gholdengo|spa|2
|faint|p2a: Archaludon
|faint|p2b: Pelipper
|-damage|p1a: Gholdengo|13/100|[from] item: Life Orb
|
|-weather|RainDance|[upkeep]
|-sideend|p1: tiaole123|move: Tailwind
|upkeep
|
|t:|1785336046
|switch|p2a: Charizard|Charizard-Mega-Y, L50, M|64/100
|switch|p2b: Basculegion|Basculegion, L50, M|100/100
|-weather|SunnyDay|[from] ability: Drought|[of] p2a: Charizard
|turn|7
|
|t:|1785336067
|move|p1b: Excadrill|Protect|p1b: Excadrill
|-singleturn|p1b: Excadrill|Protect
|move|p2b: Basculegion|Aqua Jet|p1b: Excadrill
|-activate|p1b: Excadrill|move: Protect
|move|p2a: Charizard|Heat Wave|p1b: Excadrill|[spread] p1a
|-activate|p1b: Excadrill|move: Protect
|-supereffective|p1a: Gholdengo|1
|-damage|p1a: Gholdengo|0 fnt
|faint|p1a: Gholdengo
|
|-weather|SunnyDay|[upkeep]
|upkeep
|
|t:|1785336073
|switch|p1a: Tyranitar|Tyranitar, L50, F|68/100 brn
|-weather|Sandstorm|[from] ability: Sand Stream|[of] p1a: Tyranitar
|turn|8
|
|t:|1785336094
|move|p2a: Charizard|Protect|p2a: Charizard
|-singleturn|p2a: Charizard|Protect
|move|p2b: Basculegion|Aqua Jet|p1b: Excadrill
|-supereffective|p1b: Excadrill|1
|-damage|p1b: Excadrill|0 fnt
|faint|p1b: Excadrill
|move|p1a: Tyranitar|Rock Slide|p2b: Basculegion|[spread] p2b
|-activate|p2a: Charizard|move: Protect
|-damage|p2b: Basculegion|86/100
|
|-weather|Sandstorm|[upkeep]
|-damage|p2b: Basculegion|80/100|[from] Sandstorm
|-damage|p2a: Charizard|58/100|[from] Sandstorm
|-damage|p1a: Tyranitar|62/100 brn|[from] brn
|upkeep
|turn|9
|
|t:|1785336112
|move|p2b: Basculegion|Aqua Jet|p1a: Tyranitar
|-supereffective|p1a: Tyranitar|1
|-damage|p1a: Tyranitar|21/100 brn
|move|p2a: Charizard|Heat Wave|p1a: Tyranitar
|-resisted|p1a: Tyranitar|1
|-damage|p1a: Tyranitar|3/100 brn
|move|p1a: Tyranitar|Knock Off|p2b: Basculegion
|-supereffective|p2b: Basculegion|1
|-damage|p2b: Basculegion|29/100
|-enditem|p2b: Basculegion|Choice Scarf|[from] move: Knock Off|[of] p1a: Tyranitar
|
|-weather|Sandstorm|[upkeep]
|-damage|p2a: Charizard|52/100|[from] Sandstorm
|-damage|p2b: Basculegion|23/100|[from] Sandstorm
|-damage|p1a: Tyranitar|0 fnt|[from] brn
|faint|p1a: Tyranitar
|
|win|RiceOverNight
|l| Haewonlove
|l| r1111111111
|j| Littlepak3
