|j|☆MjMarjoram
|j|☆jeanmape
|html|MjMarjoramjeanmape    
|uhtml|bestof|Game 2 of a best-of-3
|t:|1782245367
|gametype|doubles
|player|p1|MjMarjoram|102|1000
|player|p2|jeanmape|linebacker|1119
|gen|9
|tier|[Gen 9 Champions] VGC 2026 Reg M-B (Bo3)
|rated|
|rule|Species Clause: Limit one of each Pokémon
|rule|Item Clause: Limit 1 of each item
|clearpoke
|poke|p1|Swampert, L50, F|
|poke|p1|Pelipper, L50, F|
|poke|p1|Sableye, L50, M|
|poke|p1|Archaludon, L50, F|
|poke|p1|Sinistcha, L50|
|poke|p1|Metagross, L50|
|poke|p2|Archaludon, L50, F|
|poke|p2|Pelipper, L50, M, shiny|
|poke|p2|Grimmsnarl, L50, M|
|poke|p2|Metagross, L50, shiny|
|poke|p2|Sinistcha, L50|
|poke|p2|Swampert, L50, M, shiny|
|teampreview|4
|showteam|p1|Swampert||Swampertite|Torrent|WaveCrash,Earthquake,IcePunch,Protect|Adamant||F|||50|]Pelipper||SitrusBerry|Drizzle|WeatherBall,Hurricane,Tailwind,WideGuard|Modest||F|||50|]Sableye||LightClay|Prankster|Reflect,LightScreen,RainDance,WillOWisp|Calm||M|||50|]Archaludon||Leftovers|Stamina|ElectroShot,DragonPulse,FlashCannon,Protect|Serious||F|||50|]Sinistcha||KasibBerry|Hospitality|MatchaGotcha,ShadowBall,RagePowder,LifeDew|Sassy|||||50|]Metagross||Metagrossite|ClearBody|BulletPunch,PsychicFangs,RockSlide,Protect|Serious|||||50|
|showteam|p2|Archaludon||Leftovers|Stamina|Protect,ElectroShot,FlashCannon,DragonPulse|Modest||F|||50|]Pelipper||SitrusBerry|Drizzle|WideGuard,Tailwind,WeatherBall,Hurricane|Modest||M|||50|]Grimmsnarl||LightClay|Prankster|FoulPlay,PartingShot,LightScreen,Reflect|Calm||M|||50|]Metagross||Metagrossite|ClearBody|Protect,BodyPress,PsychicFangs,IronHead|Jolly|||||50|]Sinistcha||CobaBerry|Hospitality|Protect,TrickRoom,MatchaGotcha,RagePowder|Relaxed|||||50|]Swampert||Swampertite|Damp|Protect,IcePunch,WaveCrash,Earthquake|Adamant||M|||50|
|inactive|Battle timer is ON: inactive players will automatically lose when time's up. (requested by MjMarjoram)
|
|t:|1782245468
|teamsize|p1|4
|teamsize|p2|4
|start
|switch|p1a: Archaludon|Archaludon, L50, F|100/100
|switch|p1b: Sableye|Sableye, L50, M|100/100
|switch|p2a: Grimmsnarl|Grimmsnarl, L50, M|100/100
|switch|p2b: Swampert|Swampert, L50, M, shiny|100/100
|turn|1
|inactive|jeanmape has 30 seconds left.
|inactive|jeanmape has 20 seconds left.
|inactive|jeanmape has 15 seconds left.
|
|t:|1782245511
|detailschange|p2b: Swampert|Swampert-Mega, L50, M, shiny
|-mega|p2b: Swampert|Swampert|Swampertite
|move|p2a: Grimmsnarl|Light Screen|p2a: Grimmsnarl
|-sidestart|p2: jeanmape|move: Light Screen
|move|p1b: Sableye|Rain Dance|p1b: Sableye
|-weather|RainDance
|move|p2b: Swampert|Ice Punch|p1b: Sableye
|-damage|p1b: Sableye|66/100
|move|p1a: Archaludon|Electro Shot||[still]
|-prepare|p1a: Archaludon|Electro Shot
|-boost|p1a: Archaludon|spa|1
|-anim|p1a: Archaludon|Electro Shot|p2a: Grimmsnarl
|-damage|p2a: Grimmsnarl|58/100
|
|-weather|RainDance|[upkeep]
|upkeep
|turn|2
|
|t:|1782245529
|move|p2a: Grimmsnarl|Parting Shot|p1a: Archaludon
|-unboost|p1a: Archaludon|atk|1
|-unboost|p1a: Archaludon|spa|1
|
|t:|1782245535
|switch|p2a: Sinistcha|Sinistcha, L50|100/100|[from] Parting Shot
|move|p1b: Sableye|Will-O-Wisp|p2b: Swampert
|-status|p2b: Swampert|brn
|move|p2b: Swampert|Earthquake|p1a: Archaludon|[spread] p2a,p1a,p1b
|-resisted|p2a: Sinistcha|1
|-supereffective|p1a: Archaludon|1
|-crit|p1a: Archaludon
|-damage|p2a: Sinistcha|89/100
|-damage|p1a: Archaludon|53/100
|-damage|p1b: Sableye|38/100
|-ability|p1a: Archaludon|Stamina|boost
|-boost|p1a: Archaludon|def|1
|move|p1a: Archaludon|Electro Shot||[still]
|-prepare|p1a: Archaludon|Electro Shot
|-boost|p1a: Archaludon|spa|1
|-anim|p1a: Archaludon|Electro Shot|p2a: Sinistcha
|-resisted|p2a: Sinistcha|1
|-damage|p2a: Sinistcha|63/100
|
|-weather|RainDance|[upkeep]
|-heal|p1a: Archaludon|59/100|[from] item: Leftovers
|-damage|p2b: Swampert|94/100 brn|[from] brn
|upkeep
|turn|3
|inactive|jeanmape has 30 seconds left.
|
|t:|1782245565
|switch|p1b: Sinistcha|Sinistcha, L50|100/100
|-heal|p1a: Archaludon|84/100|[from] ability: Hospitality|[of] p1b: Sinistcha
|move|p1a: Archaludon|Protect|p1a: Archaludon
|-singleturn|p1a: Archaludon|Protect
|move|p2b: Swampert|Earthquake|p1a: Archaludon|[spread] p2a,p1b
|-activate|p1a: Archaludon|move: Protect
|-resisted|p2a: Sinistcha|1
|-resisted|p1b: Sinistcha|1
|-damage|p2a: Sinistcha|53/100
|-damage|p1b: Sinistcha|90/100
|move|p2a: Sinistcha|Matcha Gotcha|p1a: Archaludon|[spread] p1b
|-activate|p1a: Archaludon|move: Protect
|-resisted|p1b: Sinistcha|1
|-damage|p1b: Sinistcha|80/100
|-heal|p2a: Sinistcha|59/100|[from] drain|[of] p1b: Sinistcha
|
|-weather|RainDance|[upkeep]
|-heal|p1a: Archaludon|90/100|[from] item: Leftovers
|-damage|p2b: Swampert|88/100 brn|[from] brn
|upkeep
|turn|4
|inactive|jeanmape has 30 seconds left.
|
|t:|1782245594
|move|p2b: Swampert|Protect|p2b: Swampert
|-singleturn|p2b: Swampert|Protect
|move|p1a: Archaludon|Electro Shot||[still]
|-prepare|p1a: Archaludon|Electro Shot
|-boost|p1a: Archaludon|spa|1
|-anim|p1a: Archaludon|Electro Shot|p2a: Sinistcha
|-resisted|p2a: Sinistcha|1
|-damage|p2a: Sinistcha|25/100
|move|p2a: Sinistcha|Matcha Gotcha|p1a: Archaludon|[spread] p1a,p1b
|-resisted|p1a: Archaludon|2
|-resisted|p1b: Sinistcha|1
|-damage|p1a: Archaludon|84/100
|-heal|p2a: Sinistcha|29/100|[from] drain|[of] p1a: Archaludon
|-damage|p1b: Sinistcha|69/100
|-heal|p2a: Sinistcha|36/100|[from] drain|[of] p1b: Sinistcha
|-status|p1b: Sinistcha|brn
|-ability|p1a: Archaludon|Stamina|boost
|-boost|p1a: Archaludon|def|1
|move|p1b: Sinistcha|Matcha Gotcha|p2b: Swampert|[spread] p2a
|-activate|p2b: Swampert|move: Protect
|-resisted|p2a: Sinistcha|1
|-damage|p2a: Sinistcha|25/100
|-heal|p1b: Sinistcha|74/100 brn|[from] drain|[of] p2a: Sinistcha
|
|-weather|RainDance|[upkeep]
|-heal|p1a: Archaludon|90/100|[from] item: Leftovers
|-damage|p2b: Swampert|82/100 brn|[from] brn
|-damage|p1b: Sinistcha|67/100 brn|[from] brn
|upkeep
|turn|5
|inactive|MjMarjoram has 30 seconds left.
|inactive|jeanmape has 30 seconds left.
|inactive|jeanmape has 20 seconds left.
|
|t:|1782245630
|switch|p2a: Grimmsnarl|Grimmsnarl, L50, M|58/100
|move|p2b: Swampert|Ice Punch|p1b: Sinistcha
|-supereffective|p1b: Sinistcha|1
|-damage|p1b: Sinistcha|44/100 brn
|move|p1a: Archaludon|Electro Shot||[still]
|-prepare|p1a: Archaludon|Electro Shot
|-boost|p1a: Archaludon|spa|1
|-anim|p1a: Archaludon|Electro Shot|p2a: Grimmsnarl
|-damage|p2a: Grimmsnarl|0 fnt
|faint|p2a: Grimmsnarl
|move|p1b: Sinistcha|Matcha Gotcha|p2b: Swampert
|-supereffective|p2b: Swampert|2
|-damage|p2b: Swampert|1/100 brn
|-heal|p1b: Sinistcha|84/100 brn|[from] drain|[of] p2b: Swampert
|
|-weather|none
|-heal|p1a: Archaludon|96/100|[from] item: Leftovers
|-damage|p2b: Swampert|0 fnt|[from] brn
|faint|p2b: Swampert
|-damage|p1b: Sinistcha|78/100 brn|[from] brn
|upkeep
|-message|jeanmape forfeited.
|
|win|MjMarjoram
||jeanmape is ready for game 3.
|inactive|MjMarjoram has 30 seconds to confirm battle start!
||MjMarjoram is ready for game 3.
|uhtml|next|Next: Game 3 of 3
|l|☆MjMarjoram
|player|p1|
