|j|☆DisisDanny
|j|☆pedriesta
|html|DisisDannypedriesta    
|uhtml|bestof|Game 3 of a best-of-3
|t:|1785692601
|gametype|doubles
|player|p1|DisisDanny|ingo|1192
|player|p2|pedriesta|1|1218
|gen|9
|tier|[Gen 9 Champions] VGC 2026 Reg M-B (Bo3)
|rated|
|rule|Species Clause: Limit one of each Pokémon
|rule|Item Clause: Limit 1 of each item
|clearpoke
|poke|p1|Tyranitar, L50, F|
|poke|p1|Excadrill, L50, F|
|poke|p1|Staraptor, L50, M|
|poke|p1|Sinistcha-Masterpiece, L50|
|poke|p1|Gholdengo, L50|
|poke|p1|Whimsicott, L50, F|
|poke|p2|Arcanine-Hisui, L50, M|
|poke|p2|Raichu, L50, F|
|poke|p2|Staraptor, L50, F|
|poke|p2|Farigiraf, L50, M|
|poke|p2|Sylveon, L50, M|
|poke|p2|Kingambit, L50, M|
|teampreview|4
|showteam|p1|Tyranitar||ChoiceScarf|SandStream|KnockOff,RockSlide,LowKick,IcePunch|Jolly||F|||50|]Excadrill||FocusSash|SandRush|IronHead,Earthquake,RockSlide,Protect|Brave||F|||50|]Staraptor||Staraptite|Intimidate|BraveBird,Tailwind,Protect,CloseCombat|Jolly||M|||50|]Sinistcha-Masterpiece||KasibBerry|Hospitality|MatchaGotcha,RagePowder,TrickRoom,Protect|Bold|||||50|]Gholdengo||LifeOrb|GoodasGold|ShadowBall,NastyPlot,MakeItRain,Protect|Modest|||||50|]Whimsicott||FairyFeather|Prankster|Moonblast,LightScreen,Charm,Protect|Modest||F|||50|
|showteam|p2|Arcanine-Hisui||FocusSash|RockHead|FlareBlitz,HeadSmash,ExtremeSpeed,Protect|Jolly||M|||50|]Raichu||RaichuniteY|LightningRod|ZapCannon,FocusBlast,Protect,FakeOut|Timid||F|||50|]Staraptor||Staraptite|Intimidate|BraveBird,CloseCombat,Protect,Tailwind|Jolly||F|||50|]Farigiraf||SitrusBerry|ArmorTail|Psychic,Thunderbolt,TrickRoom,HelpingHand|Bold||M|||50|]Sylveon||FairyFeather|Pixilate|HyperVoice,QuickAttack,HyperBeam,Detect|Modest||M|||50|]Kingambit||BlackGlasses|Defiant|KowtowCleave,SwordsDance,SuckerPunch,Protect|Adamant||M|||50|
|inactive|Battle timer is ON: inactive players will automatically lose when time's up. (requested by pedriesta)
|inactive|pedriesta has 60 seconds left.
|
|t:|1785692641
|teamsize|p1|4
|teamsize|p2|4
|start
|switch|p1a: Gholdengo|Gholdengo, L50|100/100
|switch|p1b: Whimsicott|Whimsicott, L50, F|100/100
|switch|p2a: Staraptor|Staraptor, L50, F|100/100
|switch|p2b: Farigiraf|Farigiraf, L50, M|100/100
|-ability|p2a: Staraptor|Intimidate|boost
|-unboost|p1a: Gholdengo|atk|1
|-unboost|p1b: Whimsicott|atk|1
|turn|1
|inactive|pedriesta has 30 seconds left.
|inactive|pedriesta has 20 seconds left.
|
|t:|1785692678
|switch|p2a: Kingambit|Kingambit, L50, M|100/100
|move|p1b: Whimsicott|Moonblast|p2a: Kingambit
|-damage|p2a: Kingambit|61/100
|move|p1a: Gholdengo|Nasty Plot|p1a: Gholdengo
|-boost|p1a: Gholdengo|spa|2
|move|p2b: Farigiraf|Trick Room|p2b: Farigiraf
|-fieldstart|move: Trick Room|[of] p2b: Farigiraf
|
|upkeep
|turn|2
|
|t:|1785692701
|move|p1b: Whimsicott|Protect|p1b: Whimsicott
|-singleturn|p1b: Whimsicott|Protect
|move|p2a: Kingambit|Protect|p2a: Kingambit
|-singleturn|p2a: Kingambit|Protect
|move|p2b: Farigiraf|Psychic|p1b: Whimsicott
|-activate|p1b: Whimsicott|move: Protect
|move|p1a: Gholdengo|Make It Rain|p2b: Farigiraf|[spread] p2b
|-activate|p2a: Kingambit|move: Protect
|-damage|p2b: Farigiraf|0 fnt
|-unboost|p1a: Gholdengo|spa|2
|faint|p2b: Farigiraf
|-damage|p1a: Gholdengo|90/100|[from] item: Life Orb
|
|upkeep
|
|t:|1785692707
|switch|p2b: Sylveon|Sylveon, L50, M|100/100
|turn|3
|inactive|pedriesta has 30 seconds left.
|
|t:|1785692733
|move|p1b: Whimsicott|Light Screen|p1b: Whimsicott
|-sidestart|p1: DisisDanny|move: Light Screen
|move|p2a: Kingambit|Kowtow Cleave|p1a: Gholdengo
|-supereffective|p1a: Gholdengo|1
|-damage|p1a: Gholdengo|0 fnt
|faint|p1a: Gholdengo
|move|p2b: Sylveon|Hyper Beam|p1b: Whimsicott
|-damage|p1b: Whimsicott|0 fnt
|-mustrecharge|p2b: Sylveon
|faint|p1b: Whimsicott
|
|upkeep
|
|t:|1785692747
|switch|p1a: Staraptor|Staraptor, L50, M|100/100
|switch|p1b: Sinistcha|Sinistcha-Masterpiece, L50|100/100
|-ability|p1a: Staraptor|Intimidate|boost
|-unboost|p2a: Kingambit|atk|1
|-ability|p2a: Kingambit|Defiant|boost
|-boost|p2a: Kingambit|atk|2
|-unboost|p2b: Sylveon|atk|1
|turn|4
|
|t:|1785692769
|switch|p2a: Staraptor|Staraptor, L50, F|100/100
|-ability|p2a: Staraptor|Intimidate|boost
|-unboost|p1a: Staraptor|atk|1
|-unboost|p1b: Sinistcha|atk|1
|detailschange|p1a: Staraptor|Staraptor-Mega, L50, M
|-mega|p1a: Staraptor|Staraptor|Staraptite
|cant|p2b: Sylveon|recharge
|move|p1a: Staraptor|Close Combat|p2a: Staraptor
|-damage|p2a: Staraptor|42/100
|-boost|p1a: Staraptor|def|1
|-boost|p1a: Staraptor|spd|1
|move|p1b: Sinistcha|Trick Room|p1b: Sinistcha
|-fieldend|move: Trick Room
|
|upkeep
|turn|5
|inactive|pedriesta has 30 seconds left.
|
|t:|1785692797
|move|p1b: Sinistcha|Rage Powder|p1b: Sinistcha
|-singleturn|p1b: Sinistcha|move: Rage Powder
|move|p1a: Staraptor|Close Combat|p2a: Staraptor
|-damage|p2a: Staraptor|0 fnt
|-boost|p1a: Staraptor|def|1
|-boost|p1a: Staraptor|spd|1
|faint|p2a: Staraptor
|move|p2b: Sylveon|Hyper Voice|p1b: Sinistcha|[spread] p1a,p1b
|-supereffective|p1a: Staraptor|1
|-damage|p1a: Staraptor|62/100
|-damage|p1b: Sinistcha|67/100
|
|upkeep
|
|t:|1785692809
|switch|p2a: Kingambit|Kingambit, L50, M|61/100
|turn|6
|
|t:|1785692818
|move|p2a: Kingambit|Protect|p2a: Kingambit
|-singleturn|p2a: Kingambit|Protect
|move|p1a: Staraptor|Brave Bird|p2b: Sylveon
|-damage|p2b: Sylveon|54/100
|-damage|p1a: Staraptor|48/100|[from] Recoil
|move|p1b: Sinistcha|Matcha Gotcha|p2b: Sylveon|[spread] p2b
|-activate|p2a: Kingambit|move: Protect
|-damage|p2b: Sylveon|35/100
|-heal|p1b: Sinistcha|76/100|[from] drain|[of] p2b: Sylveon
|move|p2b: Sylveon|Hyper Voice|p1b: Sinistcha|[spread] p1a,p1b
|-supereffective|p1a: Staraptor|1
|-damage|p1a: Staraptor|10/100
|-damage|p1b: Sinistcha|44/100
|
|upkeep
|turn|7
|inactive|pedriesta has 30 seconds left.
|
|t:|1785692852
|move|p1a: Staraptor|Close Combat|p2b: Sylveon
|-resisted|p2b: Sylveon|1
|-damage|p2b: Sylveon|14/100
|-boost|p1a: Staraptor|def|1
|-boost|p1a: Staraptor|spd|1
|move|p1b: Sinistcha|Matcha Gotcha|p2a: Kingambit|[spread] p2a,p2b
|-resisted|p2a: Kingambit|1
|-crit|p2b: Sylveon
|-damage|p2a: Kingambit|49/100
|-heal|p1b: Sinistcha|51/100|[from] drain|[of] p2a: Kingambit
|-damage|p2b: Sylveon|0 fnt
|-heal|p1b: Sinistcha|58/100|[from] drain|[of] p2b: Sylveon
|-status|p2a: Kingambit|brn
|faint|p2b: Sylveon
|move|p2a: Kingambit|Kowtow Cleave|p1a: Staraptor
|-resisted|p1a: Staraptor|1
|-damage|p1a: Staraptor|5/100
|
|-damage|p2a: Kingambit|43/100 brn|[from] brn
|-sideend|p1: DisisDanny|move: Light Screen
|upkeep
|turn|8
|c|☆pedriesta|xddddd
|c|☆pedriesta|crit burn
|inactive|pedriesta has 30 seconds left.
|inactive|pedriesta has 20 seconds left.
|-message|pedriesta forfeited.
|
|win|DisisDanny
|raw|DisisDanny's rating: 1192 → 1219(+27 for winning)
|raw|pedriesta's rating: 1218 → 1191(-27 for losing)
|l|☆pedriesta
|player|p2|
|j|☆pedriesta
|player|p2|pedriesta|1|
