|j|☆Gengis-Calm
|j|☆lipeater444
|html|Gengis-Calmlipeater444    
|uhtml|bestof|Game 2 of a best-of-3
|t:|1785610032
|gametype|doubles
|player|p1|Gengis-Calm|gentleman-gen4|
|player|p2|lipeater444|skierf-gen4dp|
|gen|9
|tier|[Gen 9 Champions] VGC 2026 Reg M-B (Bo3)
|rule|Species Clause: Limit one of each Pokémon
|rule|Item Clause: Limit 1 of each item
|clearpoke
|poke|p1|Metagross, L50, shiny|
|poke|p1|Aggron, L50, M, shiny|
|poke|p1|Klefki, L50, F, shiny|
|poke|p1|Aegislash, L50, F, shiny|
|poke|p1|Kingambit, L50, M, shiny|
|poke|p1|Lucario, L50, M|
|poke|p2|Metagross, L50|
|poke|p2|Delphox, L50, M|
|poke|p2|Meowstic, L50, M, shiny|
|poke|p2|Farigiraf, L50, M|
|poke|p2|Gardevoir, L50, M|
|poke|p2|Gallade, L50, M, shiny|
|teampreview|4
|showteam|p1|Metagross||Metagrossite|ClearBody|BodyPress,PsychicFangs,IronHead,Protect|Adamant|||||50|]Aggron||LifeOrb|RockHead|Protect,Avalanche,BodyPress,IronDefense|Relaxed||M|||50|]Klefki||FocusSash|Prankster|TrickRoom,Protect,DrainingKiss,LightScreen|Sassy||F|||50|]Aegislash||KingsRock|StanceChange|KingsShield,RockSlide,ShadowSneak,DestinyBond|Serious||F|||50|]Kingambit||BlackGlasses|Defiant|SuckerPunch,LowKick,KowtowCleave,Protect|Adamant||M|||50|]Lucario||ChoiceScarf|Steadfast|FinalGambit,AuraSphere,Protect,Agility|Naive||M|||50|
|showteam|p2|Metagross||LifeOrb|ClearBody|BulletPunch,IronHead,PsychicFangs,Protect|Brave|||||50|]Delphox||Delphoxite|Magician|HeatWave,Flamethrower,ExpandingForce,Protect|Timid||M|||50|]Meowstic||FocusSash|Prankster|LightScreen,Reflect,PsychicTerrain,ExpandingForce|Calm||M|||50|]Farigiraf||SitrusBerry|ArmorTail|TrickRoom,HyperVoice,HelpingHand,Protect|Sassy||M|||50|]Gardevoir||Gardevoirite|Trace|HyperVoice,AuraSphere,ExpandingForce,Protect|Timid||M|||50|]Gallade||ChoiceScarf|Sharpness|SacredSword,LeafBlade,PsychoCut,Trick|Jolly||M|||50|
|
|t:|1785610064
|teamsize|p1|4
|teamsize|p2|4
|start
|switch|p1a: Aegislash|Aegislash, L50, F, shiny|100/100
|switch|p1b: Kingambit|Kingambit, L50, M, shiny|100/100
|switch|p2a: Abyss|Farigiraf, L50, M|100/100
|switch|p2b: Kindo|Delphox, L50, M|100/100
|turn|1
|
|t:|1785610086
|detailschange|p2b: Kindo|Delphox-Mega, L50, M
|-mega|p2b: Kindo|Delphox|Delphoxite
|move|p2a: Abyss|Helping Hand|p2b: Kindo
|-singleturn|p2b: Kindo|Helping Hand|[of] p2a: Abyss
|-formechange|p1a: Aegislash|Aegislash-Blade|
|move|p1a: Aegislash|Shadow Sneak||[still]
|cant|p2a: Abyss|ability: Armor Tail|Shadow Sneak|[of] p1a: Aegislash
|move|p2b: Kindo|Heat Wave|p1a: Aegislash|[spread] p1b
|-miss|p2b: Kindo|p1a: Aegislash
|-supereffective|p1b: Kingambit|1
|-damage|p1b: Kingambit|0 fnt
|faint|p1b: Kingambit
|
|upkeep
|
|t:|1785610098
|switch|p1b: Metagross|Metagross, L50, shiny|100/100
|turn|2
|
|t:|1785610112
|detailschange|p1b: Metagross|Metagross-Mega, L50, shiny
|-mega|p1b: Metagross|Metagross|Metagrossite
|move|p2a: Abyss|Helping Hand|p2b: Kindo
|-singleturn|p2b: Kindo|Helping Hand|[of] p2a: Abyss
|move|p1b: Metagross|Protect|p1b: Metagross
|-singleturn|p1b: Metagross|Protect
|move|p2b: Kindo|Heat Wave|p1a: Aegislash|[spread] p1a
|-activate|p1b: Metagross|move: Protect
|-supereffective|p1a: Aegislash|1
|-damage|p1a: Aegislash|0 fnt
|faint|p1a: Aegislash
|
|upkeep
|
|t:|1785610123
|switch|p1a: Aggron|Aggron, L50, M, shiny|100/100
|turn|3
|
|t:|1785610135
|move|p2a: Abyss|Helping Hand|p2b: Kindo
|-singleturn|p2b: Kindo|Helping Hand|[of] p2a: Abyss
|move|p2b: Kindo|Flamethrower|p1b: Metagross
|-supereffective|p1b: Metagross|1
|-damage|p1b: Metagross|0 fnt
|faint|p1b: Metagross
|move|p1a: Aggron|Avalanche|p2a: Abyss
|-damage|p2a: Abyss|75/100
|-damage|p1a: Aggron|90/100|[from] item: Life Orb
|
|upkeep
|turn|4
|
|t:|1785610146
|move|p1a: Aggron|Protect|p1a: Aggron
|-singleturn|p1a: Aggron|Protect
|move|p2b: Kindo|Flamethrower|p1a: Aggron
|-activate|p1a: Aggron|move: Protect
|move|p2a: Abyss|Hyper Voice|p1a: Aggron
|-activate|p1a: Aggron|move: Protect
|
|upkeep
|turn|5
|
|t:|1785610156
|move|p2a: Abyss|Helping Hand|p2b: Kindo
|-singleturn|p2b: Kindo|Helping Hand|[of] p2a: Abyss
|move|p2b: Kindo|Flamethrower|p1a: Aggron
|-damage|p1a: Aggron|0 fnt
|faint|p1a: Aggron
|
|win|lipeater444
|l|☆Gengis-Calm
|player|p1|
