|j|☆Kylliza
|j|☆feragau
|html|Kyllizaferagau    
|uhtml|bestof|Game 2 of a best-of-3
|t:|1782337288
|gametype|doubles
|player|p1|Kylliza|265|1128
|player|p2|feragau|101|1081
|gen|9
|tier|[Gen 9 Champions] VGC 2026 Reg M-B (Bo3)
|rated|
|rule|Species Clause: Limit one of each Pokémon
|rule|Item Clause: Limit 1 of each item
|clearpoke
|poke|p1|Blaziken, L50, F|
|poke|p1|Whimsicott, L50, M|
|poke|p1|Incineroar, L50, F|
|poke|p1|Sylveon, L50, M|
|poke|p1|Basculegion, L50, M|
|poke|p1|Froslass, L50, F|
|poke|p2|Metagross, L50|
|poke|p2|Annihilape, L50, F|
|poke|p2|Staraptor, L50, M|
|poke|p2|Incineroar, L50, F|
|poke|p2|Primarina, L50, F|
|poke|p2|Grimmsnarl, L50, M|
|teampreview|4
|showteam|p1|Blaziken||Blazikenite|SpeedBoost|FlareBlitz,CloseCombat,RockSlide,Protect|Adamant||F|||50|]Whimsicott||FocusSash|Prankster|Moonblast,Tailwind,Encore,Protect|Timid||M|||50|]Incineroar||SitrusBerry|Intimidate|FakeOut,FlareBlitz,ThroatChop,PartingShot|Careful||F|||50|]Sylveon||FairyFeather|Pixilate|HyperVoice,HyperBeam,QuickAttack,Protect|Modest||M|||50|]Basculegion||ChoiceScarf|Adaptability|WaveCrash,LastRespects,AquaJet,FlipTurn|Jolly||M|||50|]Froslass||Froslassite|CursedBody|Blizzard,ShadowBall,AuroraVeil,Protect|Timid||F|||50|
|showteam|p2|Metagross||Metagrossite|ClearBody|BulletPunch,MeteorMash,PsychicFangs,Protect|Adamant|||||50|]Annihilape||Leftovers|Defiant|BulkUp,RageFist,DrainPunch,Protect|Adamant||F|||50|]Staraptor||Staraptite|Intimidate|CloseCombat,DualWingbeat,Tailwind,Protect|Jolly||M|||50|]Incineroar||SitrusBerry|Intimidate|FakeOut,FlareBlitz,PartingShot,DarkestLariat|Adamant||F|||50|]Primarina||MysticWater|LiquidVoice|Moonblast,HyperVoice,IcyWind,Protect|Modest||F|||50|]Grimmsnarl||LightClay|Prankster|Reflect,LightScreen,ScaryFace,SpiritBreak|Gentle||M|||50|
|
|t:|1782337312
|teamsize|p1|4
|teamsize|p2|4
|start
|switch|p1a: Froslass|Froslass, L50, F|100/100
|switch|p1b: Incineroar|Incineroar, L50, F|100/100
|switch|p2a: Staraptor|Staraptor, L50, M|100/100
|switch|p2b: Grimmsnarl|Grimmsnarl, L50, M|100/100
|-ability|p2a: Staraptor|Intimidate|boost
|-unboost|p1a: Froslass|atk|1
|-unboost|p1b: Incineroar|atk|1
|-ability|p1b: Incineroar|Intimidate|boost
|-unboost|p2a: Staraptor|atk|1
|-unboost|p2b: Grimmsnarl|atk|1
|turn|1
|
|t:|1782337330
|switch|p2a: Primarina|Primarina, L50, F|100/100
|detailschange|p1a: Froslass|Froslass-Mega, L50, F
|-mega|p1a: Froslass|Froslass|Froslassite
|-weather|Snowscape|[from] ability: Snow Warning|[of] p1a: Froslass
|move|p1b: Incineroar|Fake Out|p2b: Grimmsnarl
|-damage|p2b: Grimmsnarl|90/100
|cant|p2b: Grimmsnarl|flinch
|move|p1a: Froslass|Blizzard|p2a: Primarina|[spread] p2a,p2b
|-resisted|p2a: Primarina|1
|-damage|p2a: Primarina|82/100
|-damage|p2b: Grimmsnarl|55/100
|
|-weather|Snowscape|[upkeep]
|upkeep
|turn|2
|
|t:|1782337350
|move|p2b: Grimmsnarl|Light Screen|p2b: Grimmsnarl
|-sidestart|p2: feragau|move: Light Screen
|move|p1a: Froslass|Aurora Veil|p1a: Froslass
|-sidestart|p1: Kylliza|move: Aurora Veil
|move|p1b: Incineroar|Parting Shot|p2a: Primarina
|-unboost|p2a: Primarina|atk|1
|-unboost|p2a: Primarina|spa|1
|
|t:|1782337357
|switch|p1b: Sylveon|Sylveon, L50, M|100/100|[from] Parting Shot
|move|p2a: Primarina|Hyper Voice|p1b: Sylveon|[spread] p1a,p1b
|-crit|p1b: Sylveon
|-damage|p1a: Froslass|77/100
|-damage|p1b: Sylveon|45/100
|
|-weather|Snowscape|[upkeep]
|upkeep
|turn|3
|
|t:|1782337382
|move|p2b: Grimmsnarl|Scary Face|p1b: Sylveon
|-unboost|p1b: Sylveon|spe|2
|move|p1a: Froslass|Blizzard|p2b: Grimmsnarl|[spread] p2a,p2b
|-resisted|p2a: Primarina|1
|-damage|p2a: Primarina|69/100
|-damage|p2b: Grimmsnarl|33/100
|move|p2a: Primarina|Hyper Voice|p1b: Sylveon|[spread] p1a,p1b
|-damage|p1a: Froslass|53/100
|-damage|p1b: Sylveon|30/100
|move|p1b: Sylveon|Hyper Voice|p2a: Primarina|[spread] p2a,p2b
|-supereffective|p2b: Grimmsnarl|1
|-damage|p2a: Primarina|43/100
|-damage|p2b: Grimmsnarl|0 fnt
|faint|p2b: Grimmsnarl
|
|-weather|Snowscape|[upkeep]
|upkeep
|
|t:|1782337397
|switch|p2b: Annihilape|Annihilape, L50, F|100/100
|turn|4
|
|t:|1782337428
|switch|p2b: Staraptor|Staraptor, L50, M|100/100
|-ability|p2b: Staraptor|Intimidate|boost
|-unboost|p1a: Froslass|atk|1
|-unboost|p1b: Sylveon|atk|1
|move|p1a: Froslass|Shadow Ball|p2b: Staraptor
|-immune|p2b: Staraptor
|move|p2a: Primarina|Hyper Voice|p1b: Sylveon|[spread] p1a,p1b
|-damage|p1a: Froslass|29/100
|-damage|p1b: Sylveon|15/100
|move|p1b: Sylveon|Hyper Voice|p2b: Staraptor|[spread] p2a,p2b
|-damage|p2a: Primarina|16/100
|-damage|p2b: Staraptor|44/100
|
|-weather|Snowscape|[upkeep]
|upkeep
|turn|5
|inactive|Battle timer is ON: inactive players will automatically lose when time's up. (requested by feragau)
|
|t:|1782337473
|switch|p2b: Annihilape|Annihilape, L50, F|100/100
|move|p1b: Sylveon|Quick Attack|p2a: Primarina
|-damage|p2a: Primarina|6/100
|move|p1a: Froslass|Blizzard|p2b: Annihilape|[spread] p2a,p2b
|-resisted|p2a: Primarina|1
|-damage|p2a: Primarina|0 fnt
|-damage|p2b: Annihilape|75/100
|faint|p2a: Primarina
|
|-weather|none
|-heal|p2b: Annihilape|81/100|[from] item: Leftovers
|upkeep
|
|t:|1782337481
|switch|p2a: Staraptor|Staraptor, L50, M|44/100
|-ability|p2a: Staraptor|Intimidate|boost
|-unboost|p1a: Froslass|atk|1
|-unboost|p1b: Sylveon|atk|1
|turn|6
|inactive|Kylliza has 30 seconds left.
|
|t:|1782337506
|detailschange|p2a: Staraptor|Staraptor-Mega, L50, M
|-mega|p2a: Staraptor|Staraptor|Staraptite
|move|p2b: Annihilape|Protect|p2b: Annihilape
|-singleturn|p2b: Annihilape|Protect
|move|p1a: Froslass|Blizzard|p2a: Staraptor|[spread] 
|-activate|p2b: Annihilape|move: Protect
|-miss|p1a: Froslass|p2a: Staraptor
|move|p2a: Staraptor|Tailwind|p2a: Staraptor
|-sidestart|p2: feragau|move: Tailwind
|move|p1b: Sylveon|Hyper Beam|p2b: Annihilape
|-activate|p2b: Annihilape|move: Protect
|
|-heal|p2b: Annihilape|87/100|[from] item: Leftovers
|-sideend|p1: Kylliza|move: Aurora Veil
|upkeep
|turn|7
|
|t:|1782337530
|move|p2a: Staraptor|Close Combat|p1b: Sylveon
|-resisted|p1b: Sylveon|1
|-damage|p1b: Sylveon|0 fnt
|-boost|p2a: Staraptor|def|1
|-boost|p2a: Staraptor|spd|1
|faint|p1b: Sylveon
|move|p2b: Annihilape|Rage Fist|p1a: Froslass
|-supereffective|p1a: Froslass|1
|-damage|p1a: Froslass|0 fnt
|faint|p1a: Froslass
|
|-heal|p2b: Annihilape|93/100|[from] item: Leftovers
|upkeep
|
|t:|1782337542
|switch|p1a: Incineroar|Incineroar, L50, F|100/100
|switch|p1b: Basculegion|Basculegion, L50, M|100/100
|-ability|p1a: Incineroar|Intimidate|boost
|-boost|p2a: Staraptor|atk|1
|-unboost|p2b: Annihilape|atk|1
|-ability|p2b: Annihilape|Defiant|boost
|-boost|p2b: Annihilape|atk|2
|turn|8
|
|t:|1782337560
|move|p2a: Staraptor|Protect|p2a: Staraptor
|-singleturn|p2a: Staraptor|Protect
|move|p2b: Annihilape|Protect|p2b: Annihilape
|-singleturn|p2b: Annihilape|Protect
|move|p1a: Incineroar|Fake Out|p2a: Staraptor
|-activate|p2a: Staraptor|move: Protect
|move|p1b: Basculegion|Last Respects|p2b: Annihilape
|-activate|p2b: Annihilape|move: Protect
|
|-heal|p2b: Annihilape|99/100|[from] item: Leftovers
|upkeep
|turn|9
|
|t:|1782337574
|move|p2a: Staraptor|Close Combat|p1a: Incineroar
|-supereffective|p1a: Incineroar|1
|-damage|p1a: Incineroar|0 fnt
|-boost|p2a: Staraptor|def|1
|-boost|p2a: Staraptor|spd|1
|faint|p1a: Incineroar
|move|p2b: Annihilape|Rage Fist|p1b: Basculegion
|-supereffective|p1b: Basculegion|1
|-damage|p1b: Basculegion|0 fnt
|faint|p1b: Basculegion
|
|win|feragau
|raw|Kylliza's rating: 1128 → 1100(-28 for losing)
|raw|feragau's rating: 1081 → 1113(+32 for winning)
