|j|☆Joker113
|j|☆Gentlefish
|html|Joker113Gentlefish    
|uhtml|bestof|Game 2 of a best-of-3
|t:|1756841835
|gametype|doubles
|player|p1|Joker113|102|1042
|player|p2|Gentlefish|burglar-gen1rb|1094
|gen|9
|tier|[Gen 9] VGC 2025 Reg H (Bo3)
|rated|
|rule|Species Clause: Limit one of each Pokémon
|rule|Item Clause: Limit 1 of each item
|clearpoke
|poke|p1|Gliscor, L50, M|
|poke|p1|Amoonguss, L50, F|
|poke|p1|Palafin, L50, F|
|poke|p1|Dragonite, L50, M|
|poke|p1|Incineroar, L50, F|
|poke|p1|Ursaluna-Bloodmoon, L50, M|
|poke|p2|Garchomp, L50, F|
|poke|p2|Weezing-Galar, L50, F|
|poke|p2|Archaludon, L50, M|
|poke|p2|Gholdengo, L50|
|poke|p2|Talonflame, L50, M|
|poke|p2|Annihilape, L50, M|
|teampreview|4
|showteam|p1|Gliscor||ToxicOrb|PoisonHeal|Toxic,Protect,KnockOff,RockSlide|||M|||50|,,,,,Water]Amoonguss||SitrusBerry|Regenerator|SludgeBomb,RagePowder,Spore,Protect|||F|||50|,,,,,Water]Palafin||FocusSash|ZerotoHero|DrainPunch,Protect,WaveCrash,JetPunch|||F|||50|,,,,,Fighting]Dragonite||LifeOrb|InnerFocus|ExtremeSpeed,DragonDance,Protect,IceSpinner|||M|||50|,,,,,Normal]Incineroar||CovertCloak|Intimidate|FlareBlitz,FakeOut,WillOWisp,PartingShot|||F|||50|,,,,,Water]Ursaluna-Bloodmoon||AssaultVest|MindsEye|BloodMoon,EarthPower,HyperVoice,Moonblast|||M|||50|,,,,,Water
|showteam|p2|Garchomp||LifeOrb|RoughSkin|DragonClaw,Earthquake,StompingTantrum,Protect|||F|||50|,,,,,Ground]Weezing-Galar||FocusSash|NeutralizingGas|Protect,SludgeBomb,Taunt,StrangeSteam|||F|||50|,,,,,Flying]Archaludon||PowerHerb|Sturdy|ElectroShot,Thunderbolt,DracoMeteor,Protect|||M|||50|,,,,,Electric]Gholdengo||ChoiceSpecs|GoodasGold|ShadowBall,DazzlingGleam,PowerGem,MakeItRain||||||50|,,,,,Fairy]Talonflame||CovertCloak|GaleWings|Tailwind,DualWingbeat,Taunt,FlareBlitz|||M|||50|,,,,,Stellar]Annihilape||AssaultVest|Defiant|CloseCombat,RageFist,FinalGambit,IcePunch|||M|||50|,,,,,Grass
|inactive|Battle timer is ON: inactive players will automatically lose when time's up. (requested by Joker113)
|inactive|Gentlefish has 60 seconds left.
|inactive|Gentlefish has 30 seconds left.
|inactive|Gentlefish has 20 seconds left.
|l|☆Joker113
|inactive|Joker113 disconnected and has a minute to reconnect!
|player|p1|
|inactive|Gentlefish has 15 seconds left.
|inactive|Gentlefish has 10 seconds left.
|j|☆Joker113
|inactive|Joker113 reconnected.
|player|p1|Joker113|102|
|inactive|Gentlefish has 5 seconds left.
|
|t:|1756841923
|teamsize|p1|4
|teamsize|p2|4
|start
|switch|p1a: Palafin|Palafin, L50, F|100/100
|switch|p1b: Gliscor|Gliscor, L50, M|100/100
|switch|p2a: Garchomp|Garchomp, L50, F|100/100
|switch|p2b: Weezing|Weezing-Galar, L50, F|100/100
|-ability|p2b: Weezing|Neutralizing Gas
|turn|1
|inactive|Joker113 has 30 seconds left.
|inactive|Gentlefish has 30 seconds left.
|
|t:|1756841958
|move|p1a: Palafin|Protect|p1a: Palafin
|-singleturn|p1a: Palafin|Protect
|move|p2a: Garchomp|Stomping Tantrum|p1a: Palafin
|-activate|p1a: Palafin|move: Protect
|move|p1b: Gliscor|Toxic|p2a: Garchomp
|-status|p2a: Garchomp|tox
|move|p2b: Weezing|Strange Steam|p1b: Gliscor
|-crit|p1b: Gliscor
|-damage|p1b: Gliscor|33/100
|
|-damage|p2a: Garchomp|95/100 tox|[from] psn
|-status|p1b: Gliscor|tox|[from] item: Toxic Orb
|upkeep
|turn|2
|
|t:|1756841977
|move|p2b: Weezing|Protect|p2b: Weezing
|-singleturn|p2b: Weezing|Protect
|move|p2a: Garchomp|Earthquake|p1b: Gliscor|[spread] p1a
|-activate|p2b: Weezing|move: Protect
|-immune|p1b: Gliscor
|-damage|p1a: Palafin|31/100
|-damage|p2a: Garchomp|85/100 tox|[from] item: Life Orb
|move|p1a: Palafin|Wave Crash|p2a: Garchomp
|-damage|p2a: Garchomp|45/100 tox
|-damage|p1a: Palafin|18/100|[from] Recoil
|move|p1b: Gliscor|Knock Off|p2b: Weezing
|-activate|p2b: Weezing|move: Protect
|
|-damage|p2a: Garchomp|33/100 tox|[from] psn
|-damage|p1b: Gliscor|27/100 tox|[from] psn
|upkeep
|turn|3
|inactive|Gentlefish has 30 seconds left.
|inactive|Joker113 has 30 seconds left.
|inactive|Gentlefish has 20 seconds left.
|inactive|Gentlefish has 15 seconds left.
|
|t:|1756842020
|move|p2b: Weezing|Protect||[still]
|-fail|p2b: Weezing
|move|p1a: Palafin|Jet Punch|p2b: Weezing
|-damage|p2b: Weezing|75/100
|move|p2a: Garchomp|Dragon Claw|p1b: Gliscor
|-damage|p1b: Gliscor|0 fnt
|faint|p1b: Gliscor
|-damage|p2a: Garchomp|23/100 tox|[from] item: Life Orb
|
|-damage|p2a: Garchomp|5/100 tox|[from] psn
|upkeep
|
|t:|1756842033
|switch|p1b: Ursaluna|Ursaluna-Bloodmoon, L50, M|100/100
|turn|4
|inactive|Gentlefish has 30 seconds left.
|
|t:|1756842062
|switch|p2a: Annihilape|Annihilape, L50, M|100/100
|move|p2b: Weezing|Protect|p2b: Weezing
|-singleturn|p2b: Weezing|Protect
|move|p1a: Palafin|Jet Punch|p2a: Annihilape
|-damage|p2a: Annihilape|76/100
|move|p1b: Ursaluna|Blood Moon|p2b: Weezing
|-activate|p2b: Weezing|move: Protect
|
|upkeep
|turn|5
|
|t:|1756842086
|move|p1a: Palafin|Wave Crash|p2a: Annihilape
|-damage|p2a: Annihilape|26/100
|-damage|p1a: Palafin|0 fnt|[from] Recoil
|faint|p1a: Palafin
|move|p2a: Annihilape|Close Combat|p1b: Ursaluna
|-supereffective|p1b: Ursaluna
|-damage|p1b: Ursaluna|29/100
|-unboost|p2a: Annihilape|def|1
|-unboost|p2a: Annihilape|spd|1
|move|p2b: Weezing|Sludge Bomb|p1b: Ursaluna
|-resisted|p1b: Ursaluna
|-damage|p1b: Ursaluna|13/100
|move|p1b: Ursaluna|Hyper Voice|p2b: Weezing|[spread] p2b
|-immune|p2a: Annihilape
|-damage|p2b: Weezing|6/100
|
|upkeep
|
|t:|1756842092
|switch|p1a: Incineroar|Incineroar, L50, F|100/100
|turn|6
|
|t:|1756842108
|-end|p2b: Weezing|ability: Neutralizing Gas
|-ability|p1a: Incineroar|Intimidate|boost
|-unboost|p2a: Annihilape|atk|1
|-ability|p2a: Annihilape|Defiant|boost
|-boost|p2a: Annihilape|atk|2
|-unboost|p2b: Weezing|atk|1
|switch|p2b: Gholdengo|Gholdengo, L50|100/100
|move|p2a: Annihilape|Rage Fist|p1b: Ursaluna
|-immune|p1b: Ursaluna
|move|p1a: Incineroar|Flare Blitz|p2a: Annihilape
|-damage|p2a: Annihilape|0 fnt
|faint|p2a: Annihilape
|-damage|p1a: Incineroar|92/100|[from] Recoil
|move|p1b: Ursaluna|Hyper Voice|p2b: Gholdengo
|-resisted|p2b: Gholdengo
|-damage|p2b: Gholdengo|69/100
|
|upkeep
|
|t:|1756842126
|switch|p2a: Weezing|Weezing-Galar, L50, F|6/100
|-ability|p2a: Weezing|Neutralizing Gas
|turn|7
|
|t:|1756842149
|move|p2b: Gholdengo|Power Gem|p1a: Incineroar
|-supereffective|p1a: Incineroar
|-damage|p1a: Incineroar|26/100
|move|p2a: Weezing|Strange Steam|p1b: Ursaluna
|-damage|p1b: Ursaluna|0 fnt
|faint|p1b: Ursaluna
|move|p1a: Incineroar|Flare Blitz|p2b: Gholdengo
|-supereffective|p2b: Gholdengo
|-damage|p2b: Gholdengo|0 fnt
|faint|p2b: Gholdengo
|-damage|p1a: Incineroar|7/100|[from] Recoil
|
|upkeep
|
|t:|1756842156
|switch|p2b: Garchomp|Garchomp, L50, F|5/100 tox
|turn|8
|
|t:|1756842159
|move|p2b: Garchomp|Dragon Claw|p1a: Incineroar
|-damage|p1a: Incineroar|0 fnt
|faint|p1a: Incineroar
|-damage|p2b: Garchomp|0 fnt|[from] item: Life Orb
|faint|p2b: Garchomp
|
|win|Gentlefish
|l|☆Joker113
|player|p1|
||Gentlefish is ready for game 3.
|j|☆Joker113
|player|p1|Joker113|102|
|inactive|Joker113 has 30 seconds to confirm battle start!
||Joker113 is ready for game 3.
|uhtml|next|Next: Game 3 of 3
|l|☆Joker113
|player|p1|
