|j|☆lil saac
|j|☆Tajinvgc3
|html|lil saacTajinvgc3    
|uhtml|bestof|Game 3 of a best-of-3
|t:|1784163219
|gametype|doubles
|player|p1|lil saac|265|1161
|player|p2|Tajinvgc3|265|1173
|gen|9
|tier|[Gen 9 Champions] VGC 2026 Reg M-B (Bo3)
|rated|
|rule|Species Clause: Limit one of each Pokémon
|rule|Item Clause: Limit 1 of each item
|clearpoke
|poke|p1|Meowstic-F, L50, F|
|poke|p1|Kingambit, L50, M|
|poke|p1|Whimsicott, L50, F|
|poke|p1|Basculegion, L50, M|
|poke|p1|Sneasler, L50, M|
|poke|p1|Incineroar, L50, F|
|poke|p2|Venusaur, L50, F, shiny|
|poke|p2|Charizard, L50, F, shiny|
|poke|p2|Pelipper, L50, M, shiny|
|poke|p2|Grimmsnarl, L50, M, shiny|
|poke|p2|Archaludon, L50, M, shiny|
|poke|p2|Basculegion, L50, M|
|teampreview|4
|showteam|p1|Meowstic-F||Meowsticite|Competitive|AlluringVoice,Psychic,Thunderbolt,Protect|Modest||F|||50|]Kingambit||BlackGlasses|Defiant|SuckerPunch,KowtowCleave,IronHead,Protect|Adamant||M|||50|]Whimsicott||FocusSash|Prankster|Moonblast,Tailwind,Encore,Protect|Timid||F|||50|]Basculegion||ChoiceScarf|Adaptability|LastRespects,AquaJet,WaveCrash,Protect|Adamant||M|||50|]Sneasler||MentalHerb|Unburden|CloseCombat,FakeOut,Protect,DireClaw|Jolly||M|||50|]Incineroar||SitrusBerry|Intimidate|FakeOut,PartingShot,FlareBlitz,DarkestLariat|Careful||F|||50|
|showteam|p2|Venusaur||FocusSash|Chlorophyll|Protect,SludgeBomb,EarthPower,SleepPowder|Modest||F|||50|]Charizard||CharizarditeY|Blaze|Protect,HeatWave,WeatherBall,SolarBeam|Modest||F|||50|]Pelipper||SitrusBerry|Drizzle|Hurricane,Tailwind,WeatherBall,WideGuard|Modest||M|||50|]Grimmsnarl||LightClay|Prankster|SpiritBreak,Reflect,LightScreen,PartingShot|Sassy||M|||50|]Archaludon||Leftovers|Stamina|ElectroShot,Protect,DragonPulse,FlashCannon|Calm||M|||50|]Basculegion||ChoiceScarf|Adaptability|WaveCrash,AquaJet,FlipTurn,LastRespects|Jolly||M|||50|
|
|t:|1784163263
|teamsize|p1|4
|teamsize|p2|4
|start
|switch|p1a: Meowstic|Meowstic-F, L50, F|100/100
|switch|p1b: Sneasler|Sneasler, L50, M|100/100
|switch|p2a: Pelipper|Pelipper, L50, M, shiny|100/100
|switch|p2b: Archaludon|Archaludon, L50, M, shiny|100/100
|-weather|RainDance|[from] ability: Drizzle|[of] p2a: Pelipper
|turn|1
|
|t:|1784163324
|detailschange|p1a: Meowstic|Meowstic-F-Mega, L50, F
|-mega|p1a: Meowstic|Meowstic|Meowsticite
|-ability|p1a: Meowstic|Stamina|Trace|[from] ability: Trace|[of] p2b: Archaludon
|move|p2b: Archaludon|Protect|p2b: Archaludon
|-singleturn|p2b: Archaludon|Protect
|move|p1b: Sneasler|Fake Out|p2b: Archaludon
|-activate|p2b: Archaludon|move: Protect
|move|p1a: Meowstic|Thunderbolt|p2a: Pelipper
|-supereffective|p2a: Pelipper|2
|-damage|p2a: Pelipper|0 fnt
|faint|p2a: Pelipper
|
|-weather|RainDance|[upkeep]
|upkeep
|
|t:|1784163338
|switch|p2a: Basculegion|Basculegion, L50, M|100/100
|turn|2
|inactive|Battle timer is ON: inactive players will automatically lose when time's up. (requested by Tajinvgc3)
|
|t:|1784163349
|switch|p1b: Whimsicott|Whimsicott, L50, F|100/100
|move|p1a: Meowstic|Protect|p1a: Meowstic
|-singleturn|p1a: Meowstic|Protect
|move|p2a: Basculegion|Wave Crash|p1b: Whimsicott
|-resisted|p1b: Whimsicott|1
|-crit|p1b: Whimsicott
|-enditem|p1b: Whimsicott|Focus Sash
|-damage|p1b: Whimsicott|1/100
|-damage|p2a: Basculegion|76/100|[from] Recoil
|move|p2b: Archaludon|Electro Shot||[still]
|-prepare|p2b: Archaludon|Electro Shot
|-boost|p2b: Archaludon|spa|1
|-anim|p2b: Archaludon|Electro Shot|p1a: Meowstic
|-activate|p1a: Meowstic|move: Protect
|
|-weather|RainDance|[upkeep]
|upkeep
|turn|3
|inactive|Tajinvgc3 has 30 seconds left.
|inactive|Tajinvgc3 has 20 seconds left.
|inactive|Tajinvgc3 has 15 seconds left.
|inactive|Tajinvgc3 has 10 seconds left.
|inactive|Tajinvgc3 has 5 seconds left.
|
|t:|1784163401
|move|p1b: Whimsicott|Tailwind|p1b: Whimsicott
|-sidestart|p1: lil saac|move: Tailwind
|move|p1a: Meowstic|Thunderbolt|p2a: Basculegion
|-supereffective|p2a: Basculegion|1
|-damage|p2a: Basculegion|0 fnt
|faint|p2a: Basculegion
|move|p2b: Archaludon|Electro Shot||[still]
|-prepare|p2b: Archaludon|Electro Shot
|-boost|p2b: Archaludon|spa|1
|-anim|p2b: Archaludon|Electro Shot|p1a: Meowstic
|-damage|p1a: Meowstic|13/100
|-ability|p1a: Meowstic|Stamina|boost
|-boost|p1a: Meowstic|def|1
|
|-weather|RainDance|[upkeep]
|upkeep
|
|t:|1784163415
|switch|p2a: Charizard|Charizard, L50, F, shiny|100/100
|turn|4
|
|t:|1784163425
|move|p1b: Whimsicott|Protect|p1b: Whimsicott
|-singleturn|p1b: Whimsicott|Protect
|move|p2a: Charizard|Protect|p2a: Charizard
|-singleturn|p2a: Charizard|Protect
|move|p1a: Meowstic|Thunderbolt|p2a: Charizard
|-activate|p2a: Charizard|move: Protect
|move|p2b: Archaludon|Electro Shot||[still]
|-prepare|p2b: Archaludon|Electro Shot
|-boost|p2b: Archaludon|spa|1
|-anim|p2b: Archaludon|Electro Shot|p1b: Whimsicott
|-activate|p1b: Whimsicott|move: Protect
|
|-weather|RainDance|[upkeep]
|upkeep
|turn|5
|
|t:|1784163449
|move|p2a: Charizard|Protect|p2a: Charizard
|-singleturn|p2a: Charizard|Protect
|move|p1b: Whimsicott|Moonblast|p2b: Archaludon
|-damage|p2b: Archaludon|68/100
|-unboost|p2b: Archaludon|spa|1
|-ability|p2b: Archaludon|Stamina|boost
|-boost|p2b: Archaludon|def|1
|move|p1a: Meowstic|Thunderbolt|p2a: Charizard
|-activate|p2a: Charizard|move: Protect
|move|p2b: Archaludon|Electro Shot||[still]
|-prepare|p2b: Archaludon|Electro Shot
|-boost|p2b: Archaludon|spa|1
|-anim|p2b: Archaludon|Electro Shot|p1a: Meowstic
|-damage|p1a: Meowstic|0 fnt
|faint|p1a: Meowstic
|
|-weather|none
|-heal|p2b: Archaludon|75/100|[from] item: Leftovers
|upkeep
|
|t:|1784163469
|switch|p1a: Sneasler|Sneasler, L50, M|100/100
|turn|6
|
|t:|1784163489
|detailschange|p2a: Charizard|Charizard-Mega-Y, L50, F, shiny
|-mega|p2a: Charizard|Charizard|Charizardite Y
|-weather|SunnyDay|[from] ability: Drought|[of] p2a: Charizard
|move|p2b: Archaludon|Protect|p2b: Archaludon
|-singleturn|p2b: Archaludon|Protect
|move|p1a: Sneasler|Fake Out|p2a: Charizard
|-damage|p2a: Charizard|86/100
|move|p1b: Whimsicott|Moonblast|p2b: Archaludon
|-activate|p2b: Archaludon|move: Protect
|cant|p2a: Charizard|flinch
|
|-weather|SunnyDay|[upkeep]
|-heal|p2b: Archaludon|81/100|[from] item: Leftovers
|-sideend|p1: lil saac|move: Tailwind
|upkeep
|turn|7
|
|t:|1784163512
|move|p1b: Whimsicott|Tailwind|p1b: Whimsicott
|-sidestart|p1: lil saac|move: Tailwind
|move|p1a: Sneasler|Close Combat|p2b: Archaludon
|-supereffective|p2b: Archaludon|1
|-damage|p2b: Archaludon|14/100
|-unboost|p1a: Sneasler|def|1
|-unboost|p1a: Sneasler|spd|1
|-ability|p2b: Archaludon|Stamina|boost
|-boost|p2b: Archaludon|def|1
|move|p2a: Charizard|Heat Wave|p1a: Sneasler|[spread] p1a,p1b
|-supereffective|p1b: Whimsicott|1
|-damage|p1a: Sneasler|0 fnt
|-damage|p1b: Whimsicott|0 fnt
|faint|p1a: Sneasler
|faint|p1b: Whimsicott
|move|p2b: Archaludon|Dragon Pulse|p1: Sneasler|[notarget]
|-fail|p2b: Archaludon
|
|-weather|SunnyDay|[upkeep]
|-heal|p2b: Archaludon|20/100y|[from] item: Leftovers
|upkeep
|
|t:|1784163529
|switch|p1a: Basculegion|Basculegion, L50, M|100/100
|turn|8
|
|t:|1784163536
|move|p1a: Basculegion|Last Respects|p2b: Archaludon
|-damage|p2b: Archaludon|0 fnt
|faint|p2b: Archaludon
|move|p2a: Charizard|Solar Beam||[still]
|-prepare|p2a: Charizard|Solar Beam
|-anim|p2a: Charizard|Solar Beam|p1a: Basculegion
|-supereffective|p1a: Basculegion|1
|-damage|p1a: Basculegion|0 fnt
|faint|p1a: Basculegion
|
|win|Tajinvgc3
|raw|lil saac's rating: 1161 → 1137(-24 for losing)
|raw|Tajinvgc3's rating: 1173 → 1197(+24 for winning)
|c|☆Tajinvgc3|Ggwp
|c|☆Tajinvgc3|surprised you didn’t go for encore
|l|☆lil saac
|player|p1|
