|j|☆ScrewSalesman
|j|☆influxxyyy
|html|ScrewSalesmaninfluxxyyy    
|uhtml|bestof|Game 3 of a best-of-3
|t:|1756435871
|gametype|doubles
|player|p1|ScrewSalesman|cynthia-gen4|1100
|player|p2|influxxyyy|miku-ghost|1000
|gen|9
|tier|[Gen 9] VGC 2025 Reg H (Bo3)
|rated|
|rule|Species Clause: Limit one of each Pokémon
|rule|Item Clause: Limit 1 of each item
|clearpoke
|poke|p1|Porygon2, L50|
|poke|p1|Incineroar, L50, M|
|poke|p1|Ursaluna, L50, F|
|poke|p1|Jumpluff, L50, F|
|poke|p1|Charizard, L50, M|
|poke|p1|Torkoal, L50, M|
|poke|p2|Ursaluna, L50, F|
|poke|p2|Volcarona, L50, F|
|poke|p2|Talonflame, L50, M|
|poke|p2|Dragapult, L50, M|
|poke|p2|Rillaboom, L50, M|
|poke|p2|Incineroar, L50, M|
|teampreview|4
|showteam|p1|Porygon2||Eviolite|Download|TeraBlast,IceBeam,TrickRoom,Recover||||||50|,,,,,Fighting]Incineroar||SitrusBerry|Intimidate|FakeOut,KnockOff,FlareBlitz,PartingShot|||M|||50|,,,,,Ghost]Ursaluna||FlameOrb|Guts|HeadlongRush,Facade,Earthquake,Protect|||F|||50|,,,,,Ghost]Jumpluff||CovertCloak|Chlorophyll|RagePowder,PollenPuff,Tailwind,SleepPowder|||F|||50|,,,,,Water]Charizard||ChoiceSpecs|SolarPower|HeatWave,Overheat,WeatherBall,DragonPulse|||M|||50|,,,,,Ghost]Torkoal||EjectPack|Drought|Overheat,Eruption,HelpingHand,Protect|||M|||50|,,,,,Fire
|showteam|p2|Ursaluna||FlameOrb|Guts|Protect,Facade,HeadlongRush,Trailblaze|||F|||50|,,,,,Ghost]Volcarona||SitrusBerry|FlameBody|Protect,RagePowder,QuiverDance,HeatWave|||F|||50|,,,,,Water]Talonflame||CovertCloak|GaleWings|Tailwind,DualWingbeat,WillOWisp,FlareBlitz|||M|||50|,,,,,Fire]Dragapult||ChoiceBand|ClearBody|Uturn,DragonDarts,PhantomForce,SuckerPunch|||M|||50|,,,,,Dark]Rillaboom||AssaultVest|GrassySurge|FakeOut,WoodHammer,HighHorsepower,Uturn|||M|||50|,,,,,Fire]Incineroar||SafetyGoggles|Intimidate|FakeOut,KnockOff,Taunt,PartingShot|||M|||50|,,,,,Bug
|inactive|Battle timer is ON: inactive players will automatically lose when time's up. (requested by ScrewSalesman)
|inactive|influxxyyy also wants the timer to be on.
|inactive|influxxyyy has 60 seconds left.
|inactive|ScrewSalesman has 60 seconds left.
|inactive|influxxyyy has 30 seconds left.
|
|t:|1756435933
|teamsize|p1|4
|teamsize|p2|4
|start
|switch|p1a: Torkoal|Torkoal, L50, M|100/100
|switch|p1b: Charizard|Charizard, L50, M, shiny|100/100
|switch|p2a: Dragapult|Dragapult, L50, M|100/100
|switch|p2b: Incinerawr|Incineroar, L50, M|100/100
|-ability|p2b: Incinerawr|Intimidate|boost
|-unboost|p1a: Torkoal|atk|1
|-unboost|p1b: Charizard|atk|1
|-weather|SunnyDay|[from] ability: Drought|[of] p1a: Torkoal
|-enditem|p1a: Torkoal|Eject Pack
|
|t:|1756435945
|switch|p1a: Incineroar|Incineroar, L50, M|100/100
|-ability|p1a: Incineroar|Intimidate|boost
|-fail|p2a: Dragapult|unboost|[from] ability: Clear Body|[of] p2a: Dragapult
|-unboost|p2b: Incinerawr|atk|1
|turn|1
|inactive|influxxyyy has 30 seconds left.
|inactive|influxxyyy has 20 seconds left.
|inactive|influxxyyy has 15 seconds left.
|
|t:|1756435988
|switch|p1b: Porygon2|Porygon2, L50, shiny|100/100
|-ability|p1b: Porygon2|Download|boost
|-boost|p1b: Porygon2|spa|1
|move|p2b: Incinerawr|Fake Out|p1b: Porygon2
|-damage|p1b: Porygon2|96/100
|move|p2a: Dragapult|Dragon Darts|p1a: Incineroar
|-damage|p1a: Incineroar|60/100
|-anim|p2a: Dragapult|Dragon Darts|p1b: Porygon2
|-damage|p1b: Porygon2|70/100
|move|p1a: Incineroar|Knock Off|p2a: Dragapult
|-supereffective|p2a: Dragapult
|-damage|p2a: Dragapult|0 fnt
|-enditem|p2a: Dragapult|Choice Band|[from] move: Knock Off|[of] p1a: Incineroar
|faint|p2a: Dragapult
|
|-weather|SunnyDay|[upkeep]
|upkeep
|
|t:|1756436002
|switch|p2a: Ursaluna|Ursaluna, L50, F|100/100
|turn|2
|
|t:|1756436018
|move|p2a: Ursaluna|Protect|p2a: Ursaluna
|-singleturn|p2a: Ursaluna|Protect
|move|p1a: Incineroar|Parting Shot|p2b: Incinerawr
|-unboost|p2b: Incinerawr|atk|1
|-unboost|p2b: Incinerawr|spa|1
|
|t:|1756436024
|switch|p1a: Charizard|Charizard, L50, M, shiny|100/100|[from] Parting Shot
|move|p1b: Porygon2|Tera Blast|p2b: Incinerawr
|-damage|p2b: Incinerawr|51/100
|move|p2b: Incinerawr|Knock Off|p1b: Porygon2
|-damage|p1b: Porygon2|59/100
|-enditem|p1b: Porygon2|Eviolite|[from] move: Knock Off|[of] p2b: Incinerawr
|
|-weather|SunnyDay|[upkeep]
|-damage|p1a: Charizard|88/100|[from] ability: Solar Power|[of] p1a: Charizard
|-status|p2a: Ursaluna|brn|[from] item: Flame Orb
|upkeep
|turn|3
|inactive|influxxyyy has 30 seconds left.
|inactive|influxxyyy has 20 seconds left.
|l|☆influxxyyy
|inactive|influxxyyy disconnected and has a minute to reconnect!
|player|p2|
|inactive|influxxyyy has 15 seconds left.
|inactive|influxxyyy has 10 seconds left.
|inactive|influxxyyy has 5 seconds left.
|j|☆influxxyyy
|inactive|influxxyyy reconnected and has 5 seconds left.
|player|p2|influxxyyy|miku-ghost|
|
|t:|1756436079
|move|p2a: Ursaluna|Protect||[still]
|-fail|p2a: Ursaluna
|move|p2b: Incinerawr|Fake Out||[still]
|-hint|Fake Out only works on your first turn out.
|-fail|p2b: Incinerawr
|move|p1a: Charizard|Overheat|p2a: Ursaluna
|-damage|p2a: Ursaluna|0 fnt
|-unboost|p1a: Charizard|spa|2
|faint|p2a: Ursaluna
|move|p1b: Porygon2|Tera Blast|p2b: Incinerawr
|-crit|p2b: Incinerawr
|-damage|p2b: Incinerawr|0 fnt
|faint|p2b: Incinerawr
|
|-weather|SunnyDay|[upkeep]
|-damage|p1a: Charizard|76/100|[from] ability: Solar Power|[of] p1a: Charizard
|upkeep
|
|t:|1756436083
|switch|p2b: Rillaboom|Rillaboom, L50, M|100/100
|-fieldstart|move: Grassy Terrain|[from] ability: Grassy Surge|[of] p2b: Rillaboom
|turn|4
|c|☆influxxyyy|Fuck my internet
|inactive|influxxyyy has 30 seconds left.
|
|t:|1756436108
|switch|p1a: Incineroar|Incineroar, L50, M|60/100
|-ability|p1a: Incineroar|Intimidate|boost
|-unboost|p2b: Rillaboom|atk|1
|move|p2b: Rillaboom|Fake Out|p1a: Incineroar
|-damage|p1a: Incineroar|51/100
|move|p1b: Porygon2|Ice Beam|p2b: Rillaboom
|-supereffective|p2b: Rillaboom
|-damage|p2b: Rillaboom|39/100
|
|-weather|SunnyDay|[upkeep]
|-heal|p2b: Rillaboom|44/100|[from] Grassy Terrain
|-heal|p1a: Incineroar|57/100|[from] Grassy Terrain
|-heal|p1b: Porygon2|66/100|[from] Grassy Terrain
|upkeep
|turn|5
|
|t:|1756436120
|-terastallize|p2b: Rillaboom|Fire
|move|p1a: Incineroar|Fake Out|p2b: Rillaboom
|-damage|p2b: Rillaboom|31/100
|cant|p2b: Rillaboom|flinch
|move|p1b: Porygon2|Ice Beam|p2b: Rillaboom
|-resisted|p2b: Rillaboom
|-damage|p2b: Rillaboom|16/100
|
|-weather|none
|-heal|p2b: Rillaboom|22/100|[from] Grassy Terrain
|-heal|p1a: Incineroar|63/100|[from] Grassy Terrain
|-heal|p1b: Porygon2|72/100|[from] Grassy Terrain
|upkeep
|turn|6
|
|t:|1756436129
|move|p2b: Rillaboom|Wood Hammer|p1b: Porygon2
|-damage|p1b: Porygon2|25/100
|-damage|p2b: Rillaboom|7/100|[from] Recoil
|move|p1a: Incineroar|Knock Off|p2b: Rillaboom
|-damage|p2b: Rillaboom|0 fnt
|-enditem|p2b: Rillaboom|Assault Vest|[from] move: Knock Off|[of] p1a: Incineroar
|faint|p2b: Rillaboom
|
|win|ScrewSalesman
|raw|ScrewSalesman's rating: 1100 → 1121(+21 for winning)
|raw|influxxyyy's rating: 1044 → 1030(-14 for losing)
|l|☆influxxyyy
|player|p2|
