|j|☆breloomb01
|j|☆problamatic
|html|breloomb01problamatic    
|uhtml|bestof|Game 1 of a best-of-3
|t:|1786054113
|gametype|doubles
|player|p1|breloomb01|roughneck|1227
|player|p2|problamatic|boarder|1212
|gen|9
|tier|[Gen 9 Champions] VGC 2026 Reg M-B (Bo3)
|rated|
|rule|Species Clause: Limit one of each Pokémon
|rule|Item Clause: Limit 1 of each item
|clearpoke
|poke|p1|Floette-Eternal, L50, F|
|poke|p1|Incineroar, L50, M|
|poke|p1|Sinistcha, L50|
|poke|p1|Garchomp, L50, F|
|poke|p1|Sneasler, L50, F|
|poke|p1|Rotom-Wash, L50|
|poke|p2|Froslass, L50, F|
|poke|p2|Sneasler, L50, F|
|poke|p2|Kingambit, L50, M|
|poke|p2|Basculegion, L50, M|
|poke|p2|Scovillain, L50, F, shiny|
|poke|p2|Lycanroc-Dusk, L50, F|
|teampreview|4
|showteam|p1|Floette-Eternal||Floettite|FlowerVeil|DrainingKiss,DazzlingGleam,CalmMind,Protect|Modest||F|||50|]Incineroar||SitrusBerry|Intimidate|FakeOut,FlareBlitz,ThroatChop,PartingShot|Careful||M|||50|]Sinistcha||KasibBerry|Hospitality|Protect,RagePowder,MatchaGotcha,TrickRoom|Calm|||||50|]Garchomp||LifeOrb|RoughSkin|Earthquake,DragonClaw,RockSlide,Protect|Jolly||F|||50|]Sneasler||FocusSash|PoisonTouch|FakeOut,PoisonJab,CloseCombat,Protect|Jolly||F|||50|]Rotom-Wash||Leftovers|Levitate|HydroPump,Protect,WillOWisp,Thunderbolt|Bold|||||50|
|showteam|p2|Froslass||Froslassite|CursedBody|Protect,Blizzard,AuroraVeil,ShadowBall|Modest||F|||50|]Sneasler||WhiteHerb|Unburden|Protect,CloseCombat,FakeOut,GunkShot|Adamant||F|||50|]Kingambit||BlackGlasses|Defiant|Protect,KowtowCleave,SwordsDance,SuckerPunch|Adamant||M|||50|]Basculegion||SitrusBerry|Adaptability|Protect,WaveCrash,LastRespects,AquaJet|Adamant||M|||50|]Scovillain||Scovillainite|Moody|Protect,GigaDrain,Overheat,RagePowder|Bold||F|||50|]Lycanroc-Dusk||FocusSash|ToughClaws|Protect,Accelerock,RockSlide,CloseCombat|Adamant||F|||50|
|inactive|Battle timer is ON: inactive players will automatically lose when time's up. (requested by problamatic)
|inactive|problamatic has 60 seconds left.
|
|t:|1786054152
|teamsize|p1|4
|teamsize|p2|4
|start
|switch|p1a: Sneasler|Sneasler, L50, F|100/100
|switch|p1b: Rotom|Rotom-Wash, L50|100/100
|switch|p2a: Sneasler|Sneasler, L50, F|100/100
|switch|p2b: Froslass|Froslass, L50, F|100/100
|turn|1
|
|t:|1786054173
|detailschange|p2b: Froslass|Froslass-Mega, L50, F
|-mega|p2b: Froslass|Froslass|Froslassite
|-weather|Snowscape|[from] ability: Snow Warning|[of] p2b: Froslass
|move|p2a: Sneasler|Protect|p2a: Sneasler
|-singleturn|p2a: Sneasler|Protect
|move|p1a: Sneasler|Fake Out|p2a: Sneasler
|-activate|p2a: Sneasler|move: Protect
|move|p2b: Froslass|Aurora Veil|p2b: Froslass
|-sidestart|p2: problamatic|move: Aurora Veil
|move|p1b: Rotom|Will-O-Wisp|p2a: Sneasler
|-activate|p2a: Sneasler|move: Protect
|
|-weather|Snowscape|[upkeep]
|upkeep
|turn|2
|
|t:|1786054195
|move|p1a: Sneasler|Poison Jab|p2b: Froslass
|-resisted|p2b: Froslass|1
|-damage|p2b: Froslass|86/100
|-status|p2b: Froslass|psn
|move|p2b: Froslass|Blizzard|p1b: Rotom|[spread] p1a,p1b
|-resisted|p1b: Rotom|1
|-damage|p1a: Sneasler|43/100
|-damage|p1b: Rotom|77/100
|move|p2a: Sneasler|Close Combat|p1b: Rotom
|-damage|p1b: Rotom|26/100
|-unboost|p2a: Sneasler|def|1
|-unboost|p2a: Sneasler|spd|1
|-enditem|p2a: Sneasler|White Herb
|-clearnegativeboost|p2a: Sneasler|[silent]
|move|p1b: Rotom|Will-O-Wisp|p2a: Sneasler
|-status|p2a: Sneasler|brn
|
|-weather|Snowscape|[upkeep]
|-heal|p1b: Rotom|32/100|[from] item: Leftovers
|-damage|p2b: Froslass|73/100 psn|[from] psn
|-damage|p2a: Sneasler|94/100 brn|[from] brn
|upkeep
|turn|3
|
|t:|1786054216
|switch|p1a: Incineroar|Incineroar, L50, M|100/100
|-ability|p1a: Incineroar|Intimidate|boost
|-unboost|p2a: Sneasler|atk|1
|-unboost|p2b: Froslass|atk|1
|move|p2a: Sneasler|Close Combat|p1a: Incineroar
|-supereffective|p1a: Incineroar|1
|-damage|p1a: Incineroar|69/100
|-unboost|p2a: Sneasler|def|1
|-unboost|p2a: Sneasler|spd|1
|move|p2b: Froslass|Blizzard|p1b: Rotom|[spread] p1a,p1b
|-resisted|p1a: Incineroar|1
|-resisted|p1b: Rotom|1
|-damage|p1a: Incineroar|53/100
|-damage|p1b: Rotom|11/100
|move|p1b: Rotom|Hydro Pump|p2b: Froslass|[miss]
|-miss|p1b: Rotom|p2b: Froslass
|
|-weather|Snowscape|[upkeep]
|-heal|p1b: Rotom|17/100|[from] item: Leftovers
|-damage|p2b: Froslass|61/100 psn|[from] psn
|-damage|p2a: Sneasler|88/100 brn|[from] brn
|upkeep
|turn|4
|
|t:|1786054238
|switch|p2b: Basculegion|Basculegion, L50, M|100/100
|switch|p1b: Floette|Floette-Eternal, L50, F|100/100
|move|p2a: Sneasler|Protect|p2a: Sneasler
|-singleturn|p2a: Sneasler|Protect
|move|p1a: Incineroar|Parting Shot|p2b: Basculegion
|-unboost|p2b: Basculegion|atk|1
|-unboost|p2b: Basculegion|spa|1
|
|t:|1786054244
|switch|p1a: Sneasler|Sneasler, L50, F|43/100|[from] Parting Shot
|
|-weather|Snowscape|[upkeep]
|-damage|p2a: Sneasler|82/100 brn|[from] brn
|upkeep
|turn|5
|
|t:|1786054256
|switch|p1a: Incineroar|Incineroar, L50, M|53/100
|-ability|p1a: Incineroar|Intimidate|boost
|-unboost|p2a: Sneasler|atk|1
|-unboost|p2b: Basculegion|atk|1
|switch|p2b: Kingambit|Kingambit, L50, M|100/100
|move|p2a: Sneasler|Gunk Shot|p1b: Floette|[miss]
|-miss|p2a: Sneasler|p1b: Floette
|move|p1b: Floette|Calm Mind|p1b: Floette
|-boost|p1b: Floette|spa|1
|-boost|p1b: Floette|spd|1
|
|-weather|none
|-damage|p2a: Sneasler|76/100 brn|[from] brn
|-sideend|p2: problamatic|move: Aurora Veil
|upkeep
|turn|6
|
|t:|1786054278
|detailschange|p1b: Floette|Floette-Mega, L50, F
|-mega|p1b: Floette|Floette|Floettite
|-ability|p1b: Floette|Fairy Aura
|move|p2a: Sneasler|Protect|p2a: Sneasler
|-singleturn|p2a: Sneasler|Protect
|move|p1a: Incineroar|Fake Out|p2b: Kingambit
|-resisted|p2b: Kingambit|1
|-damage|p2b: Kingambit|96/100
|move|p1b: Floette|Draining Kiss|p2a: Sneasler
|-activate|p2a: Sneasler|move: Protect
|cant|p2b: Kingambit|flinch
|
|-damage|p2a: Sneasler|71/100 brn|[from] brn
|upkeep
|turn|7
|
|t:|1786054301
|move|p2b: Kingambit|Protect|p2b: Kingambit
|-singleturn|p2b: Kingambit|Protect
|move|p2a: Sneasler|Gunk Shot|p1b: Floette
|-supereffective|p1b: Floette|1
|-damage|p1b: Floette|66/100
|-status|p1b: Floette|psn
|move|p1b: Floette|Draining Kiss|p2b: Kingambit
|-activate|p2b: Kingambit|move: Protect
|move|p1a: Incineroar|Parting Shot|p2a: Sneasler
|-unboost|p2a: Sneasler|atk|1
|-unboost|p2a: Sneasler|spa|1
|
|t:|1786054306
|switch|p1a: Rotom|Rotom-Wash, L50|17/100|[from] Parting Shot
|
|-heal|p1a: Rotom|23/100|[from] item: Leftovers
|-damage|p1b: Floette|54/100 psn|[from] psn
|-damage|p2a: Sneasler|65/100 brn|[from] brn
|upkeep
|turn|8
|
|t:|1786054324
|move|p2a: Sneasler|Close Combat|p1a: Rotom
|-crit|p1a: Rotom
|-damage|p1a: Rotom|0 fnt
|-unboost|p2a: Sneasler|def|1
|-unboost|p2a: Sneasler|spd|1
|faint|p1a: Rotom
|move|p1b: Floette|Draining Kiss|p2a: Sneasler
|-damage|p2a: Sneasler|0 fnt
|-heal|p1b: Floette|100/100 psn|[from] drain|[of] p2a: Sneasler
|faint|p2a: Sneasler
|move|p2b: Kingambit|Swords Dance|p2b: Kingambit
|-boost|p2b: Kingambit|atk|2
|
|-damage|p1b: Floette|87/100 psn|[from] psn
|upkeep
|
|t:|1786054337
|switch|p2a: Basculegion|Basculegion, L50, M|100/100
|switch|p1a: Sneasler|Sneasler, L50, F|43/100
|turn|9
|
|t:|1786054352
|move|p1a: Sneasler|Protect|p1a: Sneasler
|-singleturn|p1a: Sneasler|Protect
|move|p2b: Kingambit|Protect|p2b: Kingambit
|-singleturn|p2b: Kingambit|Protect
|move|p1b: Floette|Draining Kiss|p2a: Basculegion
|-damage|p2a: Basculegion|39/100
|-heal|p1b: Floette|100/100 psn|[from] drain|[of] p2a: Basculegion
|-enditem|p2a: Basculegion|Sitrus Berry|[eat]
|-heal|p2a: Basculegion|64/100|[from] item: Sitrus Berry
|move|p2a: Basculegion|Wave Crash|p1a: Sneasler
|-activate|p1a: Sneasler|move: Protect
|
|-damage|p1b: Floette|87/100 psn|[from] psn
|upkeep
|turn|10
|
|t:|1786054368
|move|p2b: Kingambit|Sucker Punch|p1a: Sneasler
|-resisted|p1a: Sneasler|1
|-damage|p1a: Sneasler|0 fnt
|faint|p1a: Sneasler
|move|p1b: Floette|Dazzling Gleam|p2a: Basculegion|[spread] p2a,p2b
|-damage|p2a: Basculegion|0 fnt
|-damage|p2b: Kingambit|28/100
|faint|p2a: Basculegion
|
|-damage|p1b: Floette|75/100 psn|[from] psn
|upkeep
|
|t:|1786054374
|switch|p1a: Incineroar|Incineroar, L50, M|53/100
|switch|p2a: Froslass|Froslass-Mega, L50, F|61/100 psn
|-weather|Snowscape|[from] ability: Snow Warning|[of] p2a: Froslass
|-ability|p1a: Incineroar|Intimidate|boost
|-unboost|p2a: Froslass|atk|1
|-unboost|p2b: Kingambit|atk|1
|-ability|p2b: Kingambit|Defiant|boost
|-boost|p2b: Kingambit|atk|2
|turn|11
|inactive|problamatic has 30 seconds left.
|
|t:|1786054404
|move|p2a: Froslass|Protect|p2a: Froslass
|-singleturn|p2a: Froslass|Protect
|move|p2b: Kingambit|Protect|p2b: Kingambit
|-singleturn|p2b: Kingambit|Protect
|move|p1a: Incineroar|Fake Out|p2b: Kingambit
|-activate|p2b: Kingambit|move: Protect
|move|p1b: Floette|Dazzling Gleam|p2a: Froslass|[spread] 
|-activate|p2a: Froslass|move: Protect
|-activate|p2b: Kingambit|move: Protect
|
|-weather|Snowscape|[upkeep]
|-damage|p2a: Froslass|49/100 psn|[from] psn
|-damage|p1b: Floette|63/100 psn|[from] psn
|upkeep
|turn|12
|
|t:|1786054417
|move|p1b: Floette|Protect|p1b: Floette
|-singleturn|p1b: Floette|Protect
|move|p2b: Kingambit|Sucker Punch||[still]
|-fail|p2b: Kingambit
|move|p2a: Froslass|Blizzard|p1a: Incineroar|[spread] p1a
|-activate|p1b: Floette|move: Protect
|-resisted|p1a: Incineroar|1
|-damage|p1a: Incineroar|38/100
|-enditem|p1a: Incineroar|Sitrus Berry|[eat]
|-heal|p1a: Incineroar|62/100|[from] item: Sitrus Berry
|move|p1a: Incineroar|Flare Blitz|p2b: Kingambit
|-supereffective|p2b: Kingambit|1
|-damage|p2b: Kingambit|0 fnt
|faint|p2b: Kingambit
|-damage|p1a: Incineroar|53/100|[from] Recoil
|
|-weather|Snowscape|[upkeep]
|-damage|p2a: Froslass|36/100 psn|[from] psn
|-damage|p1b: Floette|51/100 psn|[from] psn
|upkeep
|turn|13
|
|t:|1786054422
|move|p2a: Froslass|Blizzard|p1b: Floette|[spread] p1a,p1b
|-resisted|p1a: Incineroar|1
|-damage|p1a: Incineroar|36/100
|-damage|p1b: Floette|29/100 psn
|move|p1b: Floette|Draining Kiss|p2a: Froslass
|-damage|p2a: Froslass|0 fnt
|-heal|p1b: Floette|55/100 psn|[from] drain|[of] p2a: Froslass
|faint|p2a: Froslass
|
|win|breloomb01
||problamatic is ready for game 2.
||breloomb01 is ready for game 2.
|uhtml|next|Next: Game 2 of 3
|l|☆problamatic
|player|p2|
