|j|☆Julio Potencia
|j|☆bosilek
|html|Julio Potenciabosilek    
|uhtml|bestof|Game 1 of a best-of-3
|t:|1756178750
|gametype|doubles
|player|p1|Julio Potencia|biker-gen4|1033
|player|p2|bosilek|hilbert-wonderlauncher|1071
|gen|9
|tier|[Gen 9] VGC 2025 Reg H (Bo3)
|rated|
|rule|Species Clause: Limit one of each Pokémon
|rule|Item Clause: Limit 1 of each item
|clearpoke
|poke|p1|Electabuzz, L50, F|
|poke|p1|Kingambit, L50, F|
|poke|p1|Volcarona, L50, F|
|poke|p1|Dragonite, L50, F|
|poke|p1|Sneasler, L50, F|
|poke|p1|Rillaboom, L50, M|
|poke|p2|Garchomp, L50, F|
|poke|p2|Incineroar, L50, M|
|poke|p2|Dragonite, L50, F|
|poke|p2|Farigiraf, L50, M|
|poke|p2|Sneasler, L50, M|
|poke|p2|Ninetales-Alola, L50, M|
|teampreview|4
|showteam|p1|Electabuzz||Eviolite|VitalSpirit|FollowMe,Thunderbolt,Taunt,Protect|||F|||50|,,,,,Ghost]Kingambit||BlackGlasses|Defiant|KowtowCleave,SuckerPunch,SwordsDance,Protect|||F|||50|,,,,,Dark]Volcarona||Leftovers|FlameBody|HeatWave,TeraBlast,QuiverDance,Protect|||F|||50|,,,,,Fairy]Dragonite||LoadedDice|Multiscale|ScaleShot,ExtremeSpeed,Haze,Protect|||F|||50|,,,,,Fairy]Sneasler||FocusSash|Unburden|DireClaw,CloseCombat,Coaching,FakeOut|||F|||50|,,,,,Stellar]Rillaboom||AssaultVest|GrassySurge|FakeOut,WoodHammer,GrassyGlide,HighHorsepower|||M|||50|,,,,,Fire
|showteam|p2|Garchomp||LifeOrb|RoughSkin|Protect,Earthquake,DragonClaw,StompingTantrum|||F|||50|,,,,,Ground]Incineroar||SafetyGoggles|Intimidate|FakeOut,PartingShot,KnockOff,FlareBlitz|||M|||50|,,,,,Ghost]Dragonite||LoadedDice|Multiscale|Protect,Tailwind,ScaleShot,ExtremeSpeed|||F|||50|,,,,,Fairy]Farigiraf||RockyHelmet|ArmorTail|DazzlingGleam,PsychicNoise,HelpingHand,TrickRoom|||M|||50|,,,,,Fairy]Sneasler||FocusSash|Unburden|Protect,CloseCombat,DireClaw,Coaching|||M|||50|,,,,,Flying]Ninetales-Alola||CovertCloak|SnowWarning|Blizzard,Moonblast,AuroraVeil,Encore|||M|||50|,,,,,Ghost
|
|t:|1756178805
|teamsize|p1|4
|teamsize|p2|4
|start
|switch|p1a: Electabuzz|Electabuzz, L50, F|100/100
|switch|p1b: Volcarona|Volcarona, L50, F|100/100
|switch|p2a: Farigiraf|Farigiraf, L50, M|100/100
|switch|p2b: Sneasler|Sneasler, L50, M|100/100
|turn|1
|
|t:|1756178825
|move|p2b: Sneasler|Dire Claw|p1a: Electabuzz
|-damage|p1a: Electabuzz|71/100
|move|p1b: Volcarona|Quiver Dance|p1b: Volcarona
|-boost|p1b: Volcarona|spa|1
|-boost|p1b: Volcarona|spd|1
|-boost|p1b: Volcarona|spe|1
|move|p1a: Electabuzz|Taunt|p2a: Farigiraf
|-start|p2a: Farigiraf|move: Taunt
|move|p2a: Farigiraf|Psychic Noise|p1b: Volcarona
|-damage|p1b: Volcarona|84/100
|-start|p1b: Volcarona|move: Heal Block
|
|upkeep
|turn|2
|
|t:|1756178846
|switch|p2a: Garchomp|Garchomp, L50, F, shiny|100/100
|move|p1b: Volcarona|Heat Wave|p2a: Garchomp|[spread] p2a,p2b
|-resisted|p2a: Garchomp
|-damage|p2a: Garchomp|74/100
|-damage|p2b: Sneasler|29/100
|move|p2b: Sneasler|Coaching|p2a: Garchomp
|-boost|p2a: Garchomp|atk|1
|-boost|p2a: Garchomp|def|1
|move|p1a: Electabuzz|Thunderbolt|p2a: Garchomp
|-immune|p2a: Garchomp
|
|-end|p1b: Volcarona|move: Heal Block
|upkeep
|turn|3
|
|t:|1756178866
|-terastallize|p2b: Sneasler|Flying
|move|p1b: Volcarona|Protect|p1b: Volcarona
|-singleturn|p1b: Volcarona|Protect
|move|p2b: Sneasler|Dire Claw|p1b: Volcarona
|-activate|p1b: Volcarona|move: Protect
|move|p2a: Garchomp|Earthquake|p1a: Electabuzz|[spread] p1a
|-activate|p1b: Volcarona|move: Protect
|-immune|p2b: Sneasler
|-supereffective|p1a: Electabuzz
|-damage|p1a: Electabuzz|0 fnt
|faint|p1a: Electabuzz
|-damage|p2a: Garchomp|64/100|[from] item: Life Orb
|
|-heal|p1b: Volcarona|91/100|[from] item: Leftovers
|upkeep
|
|t:|1756178882
|switch|p1a: Dragonite|Dragonite, L50, F|100/100
|turn|4
|
|t:|1756178902
|move|p1b: Volcarona|Heat Wave|p2a: Garchomp|[spread] p2a,p2b
|-resisted|p2a: Garchomp
|-damage|p2a: Garchomp|38/100
|-damage|p2b: Sneasler|0 fnt
|faint|p2b: Sneasler
|move|p2a: Garchomp|Dragon Claw|p1a: Dragonite
|-supereffective|p1a: Dragonite
|-damage|p1a: Dragonite|11/100
|-damage|p2a: Garchomp|28/100|[from] item: Life Orb
|move|p1a: Dragonite|Scale Shot|p2a: Garchomp
|-supereffective|p2a: Garchomp
|-damage|p2a: Garchomp|7/100
|-supereffective|p2a: Garchomp
|-crit|p2a: Garchomp
|-damage|p2a: Garchomp|0 fnt
|faint|p2a: Garchomp
|-hitcount|p2: Garchomp|2
|-unboost|p1a: Dragonite|def|1
|-boost|p1a: Dragonite|spe|1
|
|-heal|p1b: Volcarona|97/100|[from] item: Leftovers
|upkeep
|
|t:|1756178912
|switch|p2b: Dragonite|Dragonite, L50, F|100/100
|switch|p2a: Farigiraf|Farigiraf, L50, M|100/100
|turn|5
|
|t:|1756178927
|move|p1a: Dragonite|Protect|p1a: Dragonite
|-singleturn|p1a: Dragonite|Protect
|move|p2b: Dragonite|Protect|p2b: Dragonite
|-singleturn|p2b: Dragonite|Protect
|move|p1b: Volcarona|Heat Wave|p2b: Dragonite|[spread] p2a
|-activate|p2b: Dragonite|move: Protect
|-damage|p2a: Farigiraf|44/100
|move|p2a: Farigiraf|Dazzling Gleam|p1b: Volcarona|[spread] p1b
|-activate|p1a: Dragonite|move: Protect
|-resisted|p1b: Volcarona
|-damage|p1b: Volcarona|93/100
|
|-heal|p1b: Volcarona|99/100|[from] item: Leftovers
|upkeep
|turn|6
|
|t:|1756178944
|-terastallize|p1b: Volcarona|Fairy
|move|p1a: Dragonite|Extreme Speed||[still]
|cant|p2a: Farigiraf|ability: Armor Tail|Extreme Speed|[of] p1a: Dragonite
|move|p2b: Dragonite|Extreme Speed|p1a: Dragonite
|-damage|p1a: Dragonite|0 fnt
|faint|p1a: Dragonite
|move|p1b: Volcarona|Tera Blast|p2b: Dragonite|[anim] Tera Blast Fairy
|-supereffective|p2b: Dragonite
|-damage|p2b: Dragonite|35/100
|move|p2a: Farigiraf|Psychic Noise|p1b: Volcarona
|-damage|p1b: Volcarona|83/100
|-start|p1b: Volcarona|move: Heal Block
|
|upkeep
|
|t:|1756178953
|switch|p1a: Sneasler|Sneasler, L50, F|100/100
|turn|7
|
|t:|1756178966
|move|p2b: Dragonite|Extreme Speed|p1a: Sneasler
|-damage|p1a: Sneasler|44/100
|move|p1b: Volcarona|Heat Wave|p2a: Farigiraf|[spread] p2b
|-miss|p1b: Volcarona|p2a: Farigiraf
|-resisted|p2b: Dragonite
|-damage|p2b: Dragonite|8/100
|move|p1a: Sneasler|Dire Claw|p2b: Dragonite
|-damage|p2b: Dragonite|0 fnt
|faint|p2b: Dragonite
|move|p2a: Farigiraf|Psychic Noise|p1a: Sneasler
|-supereffective|p1a: Sneasler
|-damage|p1a: Sneasler|0 fnt
|faint|p1a: Sneasler
|
|-end|p1b: Volcarona|move: Heal Block
|upkeep
|turn|8
|c|☆bosilek|gr
|c|☆bosilek|gotta love volcarona
|
|t:|1756178982
|move|p1b: Volcarona|Tera Blast|p2a: Farigiraf|[anim] Tera Blast Fairy
|-damage|p2a: Farigiraf|0 fnt
|faint|p2a: Farigiraf
|
|win|Julio Potencia
