|j|☆CavaliereIsSoPeak
|j|☆yuriquars
|html|CavaliereIsSoPeakyuriquars    
|uhtml|bestof|Game 3 of a best-of-3
|t:|1757000898
|gametype|doubles
|player|p1|CavaliereIsSoPeak|gambler|
|player|p2|yuriquars|elesa|
|gen|9
|tier|[Gen 9] VGC 2025 Reg H (Bo3)
|rule|Species Clause: Limit one of each Pokémon
|rule|Item Clause: Limit 1 of each item
|clearpoke
|poke|p1|Volcarona, L50, M|
|poke|p1|Basculegion, L50, M|
|poke|p1|Sneasler, L50, F|
|poke|p1|Dragonite, L50, M|
|poke|p1|Ursaluna-Bloodmoon, L50, M|
|poke|p1|Whimsicott, L50, F|
|poke|p2|Incineroar, L50, M|
|poke|p2|Ursaluna-Bloodmoon, L50, M|
|poke|p2|Gholdengo, L50|
|poke|p2|Dragonite, L50, F|
|poke|p2|Rillaboom, L50, F|
|poke|p2|Annihilape, L50, M|
|teampreview|4
|showteam|p1|Volcarona||SitrusBerry|FlameBody|HeatWave,TeraBlast,QuiverDance,Protect|||M|||50|,,,,,Fairy]Basculegion||ChoiceBand|Adaptability|WaveCrash,FlipTurn,AquaJet,LastRespects|||M|||50|,,,,,Water]Sneasler||FocusSash|Unburden|DireClaw,CloseCombat,ThroatChop,Protect|||F|||50|,,,,,Dark]Dragonite||LoadedDice|Multiscale|ScaleShot,ExtremeSpeed,Haze,Protect|||M|||50|,,,,,Steel]Ursaluna-Bloodmoon||LifeOrb|MindsEye|BloodMoon,HyperVoice,EarthPower,Protect|||M|||50|,,,,,Normal]Whimsicott||CovertCloak|Prankster|Moonblast,Tailwind,Encore,Taunt|||F|||50|,,,,,Poison
|showteam|p2|Incineroar||SitrusBerry|Intimidate|FlareBlitz,KnockOff,PartingShot,FakeOut|||M|||50|,,,,,Ghost]Ursaluna-Bloodmoon||AssaultVest|MindsEye|HyperVoice,BloodMoon,EarthPower,VacuumWave|||M|||50|,,,,,Normal]Gholdengo||LifeOrb|GoodasGold|MakeItRain,ShadowBall,NastyPlot,Protect||||||50|,,,,,Water]Dragonite||LoadedDice|Multiscale|ScaleShot,Tailwind,Haze,Protect|||F|||50|,,,,,Fairy]Rillaboom||MeadowPlate|GrassySurge|GrassyGlide,FakeOut,WoodHammer,HighHorsepower|||F|||50|,,,,,Fire]Annihilape||FocusSash|Defiant|RageFist,CloseCombat,Taunt,Coaching|||M|||50|,,,,,Stellar
|
|t:|1757000916
|teamsize|p1|4
|teamsize|p2|4
|start
|switch|p1a: Dante|Volcarona, L50, M|100/100
|switch|p1b: Mary|Whimsicott, L50, F|100/100
|switch|p2a: Rillaboom|Rillaboom, L50, F|100/100
|switch|p2b: Dragonite|Dragonite, L50, F|100/100
|-fieldstart|move: Grassy Terrain|[from] ability: Grassy Surge|[of] p2a: Rillaboom
|turn|1
|
|t:|1757000944
|switch|p2b: Gholdengo|Gholdengo, L50|100/100
|switch|p2a: Incineroar|Incineroar, L50, M|100/100
|-ability|p2a: Incineroar|Intimidate|boost
|-unboost|p1a: Dante|atk|1
|-unboost|p1b: Mary|atk|1
|-terastallize|p1a: Dante|Fairy
|move|p1b: Mary|Encore|p2a: Incineroar
|-hint|Since gen 7, Dark is immune to Prankster moves.
|-immune|p2a: Incineroar
|move|p1a: Dante|Quiver Dance|p1a: Dante
|-boost|p1a: Dante|spa|1
|-boost|p1a: Dante|spd|1
|-boost|p1a: Dante|spe|1
|
|upkeep
|turn|2
|inactive|Battle timer is ON: inactive players will automatically lose when time's up. (requested by CavaliereIsSoPeak)
|
|t:|1757000961
|move|p1a: Dante|Protect|p1a: Dante
|-singleturn|p1a: Dante|Protect
|move|p2a: Incineroar|Fake Out|p1a: Dante
|-activate|p1a: Dante|move: Protect
|move|p1b: Mary|Tailwind|p1b: Mary
|-sidestart|p1: CavaliereIsSoPeak|move: Tailwind
|move|p2b: Gholdengo|Make It Rain|p1b: Mary|[spread] p1b
|-activate|p1a: Dante|move: Protect
|-supereffective|p1b: Mary
|-damage|p1b: Mary|0 fnt
|-unboost|p2b: Gholdengo|spa|1
|faint|p1b: Mary
|-damage|p2b: Gholdengo|91/100|[from] item: Life Orb
|
|-heal|p2b: Gholdengo|97/100|[from] Grassy Terrain
|upkeep
|
|t:|1757000978
|switch|p1b: D'oro|Sneasler, L50, F|100/100
|turn|3
|inactive|CavaliereIsSoPeak has 30 seconds left.
|inactive|yuriquars has 30 seconds left.
|inactive|yuriquars has 20 seconds left.
|inactive|yuriquars has 15 seconds left.
|inactive|yuriquars has 10 seconds left.
|inactive|yuriquars has 5 seconds left.
|
|t:|1757001030
|switch|p2b: Dragonite|Dragonite, L50, F|100/100
|move|p1a: Dante|Heat Wave|p2b: Dragonite|[spread] p2a,p2b
|-resisted|p2a: Incineroar
|-resisted|p2b: Dragonite
|-damage|p2a: Incineroar|80/100
|-damage|p2b: Dragonite|86/100
|move|p1b: D'oro|Close Combat|p2a: Incineroar
|-supereffective|p2a: Incineroar
|-damage|p2a: Incineroar|0 fnt
|-unboost|p1b: D'oro|def|1
|-unboost|p1b: D'oro|spd|1
|faint|p2a: Incineroar
|
|upkeep
|
|t:|1757001043
|switch|p2a: Rillaboom|Rillaboom, L50, F|100/100
|turn|4
|
|t:|1757001066
|-terastallize|p2a: Rillaboom|Fire
|move|p1a: Dante|Tera Blast|p2b: Dragonite|[anim] Tera Blast Fairy
|-supereffective|p2b: Dragonite
|-crit|p2b: Dragonite
|-damage|p2b: Dragonite|0 fnt
|faint|p2b: Dragonite
|move|p1b: D'oro|Dire Claw|p2a: Rillaboom
|-damage|p2a: Rillaboom|55/100
|move|p2a: Rillaboom|Wood Hammer|p1a: Dante
|-damage|p1a: Dante|0 fnt
|faint|p1a: Dante
|-damage|p2a: Rillaboom|28/100|[from] Recoil
|
|-heal|p2a: Rillaboom|34/100|[from] Grassy Terrain
|upkeep
|
|t:|1757001078
|switch|p1a: Ventus|Dragonite, L50, M|100/100
|switch|p2b: Gholdengo|Gholdengo, L50|97/100
|turn|5
|
|t:|1757001099
|move|p1b: D'oro|Protect|p1b: D'oro
|-singleturn|p1b: D'oro|Protect
|move|p2a: Rillaboom|Grassy Glide|p1b: D'oro
|-activate|p1b: D'oro|move: Protect
|move|p1a: Ventus|Scale Shot|p2a: Rillaboom
|-damage|p2a: Rillaboom|19/100
|-damage|p2a: Rillaboom|5/100
|-damage|p2a: Rillaboom|0 fnt
|faint|p2a: Rillaboom
|-hitcount|p2: Rillaboom|3
|-unboost|p1a: Ventus|def|1
|-boost|p1a: Ventus|spe|1
|move|p2b: Gholdengo|Make It Rain|p1a: Ventus|[spread] p1a
|-activate|p1b: D'oro|move: Protect
|-damage|p1a: Ventus|67/100
|-unboost|p2b: Gholdengo|spa|1
|-damage|p2b: Gholdengo|88/100|[from] item: Life Orb
|
|-heal|p2b: Gholdengo|94/100|[from] Grassy Terrain
|-sideend|p1: CavaliereIsSoPeak|move: Tailwind
|-fieldend|move: Grassy Terrain
|upkeep
|turn|6
|
|t:|1757001113
|move|p1a: Ventus|Scale Shot|p2b: Gholdengo
|-resisted|p2b: Gholdengo
|-damage|p2b: Gholdengo|86/100
|-resisted|p2b: Gholdengo
|-damage|p2b: Gholdengo|78/100
|-resisted|p2b: Gholdengo
|-damage|p2b: Gholdengo|70/100
|-resisted|p2b: Gholdengo
|-damage|p2b: Gholdengo|62/100
|-resisted|p2b: Gholdengo
|-damage|p2b: Gholdengo|54/100
|-hitcount|p2b: Gholdengo|5
|-unboost|p1a: Ventus|def|1
|-boost|p1a: Ventus|spe|1
|move|p1b: D'oro|Throat Chop|p2b: Gholdengo
|-supereffective|p2b: Gholdengo
|-damage|p2b: Gholdengo|0 fnt
|faint|p2b: Gholdengo
|
|win|CavaliereIsSoPeak
