|j|â˜†DrChunkalicious
|j|â˜†Sky_Yagami95
|html|DrChunkaliciousSky_Yagami95    
|uhtml|bestof|Game 2 of a best-of-3
|t:|1784035556
|gametype|doubles
|player|p1|DrChunkalicious|scientist-gen4|
|player|p2|Sky_Yagami95|riley|
|gen|9
|tier|[Gen 9 Champions] VGC 2026 Reg M-B (Bo3)
|rule|Species Clause: Limit one of each PokÃ©mon
|rule|Item Clause: Limit 1 of each item
|clearpoke
|poke|p1|Raichu, L50, F, shiny|
|poke|p1|Sinistcha-Masterpiece, L50, shiny|
|poke|p1|Sneasler, L50, F, shiny|
|poke|p1|Primarina, L50, M, shiny|
|poke|p1|Gengar, L50, M, shiny|
|poke|p1|Ditto, L50, shiny|
|poke|p2|Lycanroc, L50, M|
|poke|p2|Lucario, L50, M|
|poke|p2|Goodra, L50, M|
|poke|p2|Samurott-Hisui, L50, M|
|poke|p2|Altaria, L50, F|
|poke|p2|Umbreon, L50, M|
|teampreview|4
|showteam|p1|Raichu||RaichuniteY|LightningRod|ZapCannon,FocusBlast,Surf,NastyPlot|Timid||F|||50|]Sinistcha-Masterpiece||Leftovers|Hospitality|RagePowder,MatchaGotcha,Hex,LifeDew|Bold|||||50|]Sneasler||WhiteHerb|Unburden|Acrobatics,CloseCombat,DireClaw,FakeOut|Adamant||F|||50|]Primarina||ShedShell|LiquidVoice|PerishSong,HyperVoice,Moonblast,IceBeam|Modest||M|||50|]Gengar||Gengarite|CursedBody|DestinyBond,DarkPulse,SludgeWave,ShadowBall|Timid||M|||50|]Ditto||ChoiceScarf|Imposter|Transform|Bold|||||50|
|showteam|p2|Lycanroc||FocusSash|KeenEye|PlayRough,DrillRun,Endeavor,SuckerPunch|Jolly||M|||50|]Lucario||Lucarionite|InnerFocus|CloseCombat,MeteorMash,BulletPunch,BrickBreak|Jolly||M|||50|]Goodra||DampRock|Hydration|RainDance,DracoMeteor,Toxic,Rest|Calm||M|||50|]Samurott-Hisui||MentalHerb|Sharpness|AquaCutter,AirSlash,NightSlash,SacredSword|Naive||M|||50|]Altaria||Altarianite|CloudNine|DracoMeteor,BraveBird,Facade,AlluringVoice|Rash||F|||50|]Umbreon||LumBerry|Synchronize|Toxic,Substitute,Moonlight,DarkPulse|Calm||M|||50|
|c|â˜†DrChunkalicious|glhf!
|
|t:|1784035591
|teamsize|p1|4
|teamsize|p2|4
|start
|switch|p1a: Salon|Sneasler, L50, F, shiny|100/100
|switch|p1b: Spatk. go brrrr|Raichu, L50, F, shiny|100/100
|switch|p2a: Altaria|Altaria, L50, F|100/100
|switch|p2b: Lycanroc|Lycanroc, L50, M|100/100
|-ability|p2a: Altaria|Cloud Nine
|turn|1
|
|t:|1784035631
|detailschange|p1b: Spatk. go brrrr|Raichu-Mega-Y, L50, F, shiny
|-mega|p1b: Spatk. go brrrr|Raichu|Raichunite Y
|detailschange|p2a: Altaria|Altaria-Mega, L50, F
|-mega|p2a: Altaria|Altaria|Altarianite
|move|p1a: Salon|Fake Out|p2b: Lycanroc
|-resisted|p2b: Lycanroc|1
|-damage|p2b: Lycanroc|87/100
|move|p1b: Spatk. go brrrr|Focus Blast|p2b: Lycanroc
|-supereffective|p2b: Lycanroc|1
|-damage|p2b: Lycanroc|0 fnt
|faint|p2b: Lycanroc
|move|p2a: Altaria|Brave Bird|p1a: Salon
|-supereffective|p1a: Salon|1
|-damage|p1a: Salon|0 fnt
|faint|p1a: Salon
|-damage|p2a: Altaria|69/100|[from] Recoil
|
|upkeep
|
|t:|1784035652
|switch|p2b: Umbreon|Umbreon, L50, M|100/100
|switch|p1a: Antique|Sinistcha-Masterpiece, L50, shiny|100/100
|turn|2
|
|t:|1784035667
|move|p1a: Antique|Rage Powder|p1a: Antique
|-singleturn|p1a: Antique|move: Rage Powder
|move|p1b: Spatk. go brrrr|Zap Cannon|p2a: Altaria
|-resisted|p2a: Altaria|1
|-damage|p2a: Altaria|30/100
|-status|p2a: Altaria|par
|move|p2b: Umbreon|Substitute|p2b: Umbreon
|-start|p2b: Umbreon|Substitute
|-damage|p2b: Umbreon|75/100
|move|p2a: Altaria|Alluring Voice|p1a: Antique
|-damage|p1a: Antique|55/100
|
|-heal|p1a: Antique|61/100|[from] item: Leftovers
|upkeep
|turn|3
|
|t:|1784035700
|move|p1b: Spatk. go brrrr|Zap Cannon|p2a: Altaria
|-resisted|p2a: Altaria|1
|-damage|p2a: Altaria|0 fnt
|faint|p2a: Altaria
|move|p1a: Antique|Matcha Gotcha|p2b: Umbreon
|-activate|p2b: Umbreon|move: Substitute|[damage]
|-heal|p1a: Antique|73/100|[from] drain|[of] p2b: Umbreon
|move|p2b: Umbreon|Dark Pulse|p1a: Antique
|-supereffective|p1a: Antique|1
|-damage|p1a: Antique|25/100
|
|-heal|p1a: Antique|32/100|[from] item: Leftovers
|upkeep
|
|t:|1784035716
|switch|p2a: Goodra|Goodra, L50, M|100/100
|turn|4
|
|t:|1784035729
|move|p1b: Spatk. go brrrr|Focus Blast|p2a: Goodra
|-damage|p2a: Goodra|77/100
|move|p2a: Goodra|Rain Dance|p2a: Goodra
|-weather|RainDance
|move|p1a: Antique|Life Dew||[still]|[spread] p1a,p1b
|-heal|p1a: Antique|57/100
|-fail|p1b: Spatk. go brrrr|heal
|move|p2b: Umbreon|Dark Pulse|p1a: Antique
|-supereffective|p1a: Antique|1
|-damage|p1a: Antique|6/100
|
|-weather|RainDance|[upkeep]
|-heal|p1a: Antique|12/100|[from] item: Leftovers
|upkeep
|turn|5
|
|t:|1784035765
|move|p1a: Antique|Rage Powder|p1a: Antique
|-singleturn|p1a: Antique|move: Rage Powder
|move|p1b: Spatk. go brrrr|Focus Blast|p2a: Goodra
|-damage|p2a: Goodra|54/100
|move|p2a: Goodra|Rest|p2a: Goodra
|-status|p2a: Goodra|slp|[from] move: Rest
|-heal|p2a: Goodra|100/100 slp|[silent]
|move|p2b: Umbreon|Dark Pulse|p1a: Antique
|-supereffective|p1a: Antique|1
|-damage|p1a: Antique|0 fnt
|faint|p1a: Antique
|
|-weather|RainDance|[upkeep]
|-activate|p2a: Goodra|ability: Hydration
|-curestatus|p2a: Goodra|slp|[msg]
|upkeep
|
|t:|1784035768
|switch|p1a: Yoinked|Ditto, L50, shiny|100/100
|turn|6
|
|t:|1784035805
|move|p1b: Spatk. go brrrr|Focus Blast|p2b: Umbreon
|-supereffective|p2b: Umbreon|1
|-end|p2b: Umbreon|Substitute
|move|p1a: Yoinked|Transform|p2a: Goodra
|-transform|p1a: Yoinked|p2a: Goodra
|move|p2a: Goodra|Draco Meteor|p1b: Spatk. go brrrr
|-damage|p1b: Spatk. go brrrr|23/100
|-unboost|p2a: Goodra|spa|2
|move|p2b: Umbreon|Dark Pulse|p1b: Spatk. go brrrr
|-damage|p1b: Spatk. go brrrr|0 fnt
|faint|p1b: Spatk. go brrrr
|
|-weather|RainDance|[upkeep]
|upkeep
|turn|7
|
|t:|1784035834
|move|p1a: Yoinked|Draco Meteor|p2a: Goodra
|-supereffective|p2a: Goodra|1
|-damage|p2a: Goodra|51/100
|-unboost|p1a: Yoinked|spa|2
|move|p2a: Goodra|Draco Meteor|p1a: Yoinked
|-supereffective|p1a: Yoinked|1
|-damage|p1a: Yoinked|65/100
|-unboost|p2a: Goodra|spa|2
|move|p2b: Umbreon|Dark Pulse|p1a: Yoinked
|-damage|p1a: Yoinked|51/100
|
|-weather|RainDance|[upkeep]
|upkeep
|turn|8
|c|â˜†DrChunkalicious|gg
|
|t:|1784035854
|move|p1a: Yoinked|Draco Meteor|p2a: Goodra
|-supereffective|p2a: Goodra|1
|-damage|p2a: Goodra|26/100
|-unboost|p1a: Yoinked|spa|2
|move|p2a: Goodra|Rest|p2a: Goodra
|-status|p2a: Goodra|slp|[from] move: Rest
|-heal|p2a: Goodra|100/100 slp|[silent]
|move|p2b: Umbreon|Dark Pulse|p1a: Yoinked
|-damage|p1a: Yoinked|40/100
|
|-weather|RainDance|[upkeep]
|-activate|p2a: Goodra|ability: Hydration
|-curestatus|p2a: Goodra|slp|[msg]
|upkeep
|turn|9
|
|t:|1784035877
|move|p1a: Yoinked|Draco Meteor|p2b: Umbreon
|-damage|p2b: Umbreon|65/100
|-unboost|p1a: Yoinked|spa|2
|move|p2a: Goodra|Toxic|p1a: Yoinked
|-status|p1a: Yoinked|tox
|move|p2b: Umbreon|Dark Pulse|p1a: Yoinked
|-damage|p1a: Yoinked|27/100 tox
|
|-weather|RainDance|[upkeep]
|-activate|p1a: Yoinked|ability: Hydration
|-curestatus|p1a: Yoinked|tox|[msg]
|upkeep
|turn|10
|
|t:|1784035896
|move|p1a: Yoinked|Draco Meteor|p2a: Goodra|[miss]
|-miss|p1a: Yoinked|p2a: Goodra
|move|p2a: Goodra|Draco Meteor|p1a: Yoinked
|-supereffective|p1a: Yoinked|1
|-damage|p1a: Yoinked|7/100
|-unboost|p2a: Goodra|spa|2
|move|p2b: Umbreon|Dark Pulse|p1a: Yoinked
|-damage|p1a: Yoinked|0 fnt
|faint|p1a: Yoinked
|
|win|Sky_Yagami95
||DrChunkalicious is ready for game 3.
|inactive|Sky_Yagami95 has 30 seconds to confirm battle start!
||Sky_Yagami95 is ready for game 3.
|uhtml|next|Next: Game 3 of 3
