|j|☆marcosdeltasena31
|j|☆damage63
|html|marcosdeltasena31damage63    
|uhtml|bestof|Game 3 of a best-of-3
|t:|1754605543
|gametype|doubles
|player|p1|marcosdeltasena31|hilbert|1328
|player|p2|damage63|fisherman-gen4|1372
|gen|9
|tier|[Gen 9] VGC 2025 Reg H (Bo3)
|rated|
|rule|Species Clause: Limit one of each Pokémon
|rule|Item Clause: Limit 1 of each item
|clearpoke
|poke|p1|Dragonite, L50, F|
|poke|p1|Sneasler, L50, F|
|poke|p1|Volcarona, L50, F|
|poke|p1|Rillaboom, L50, M|
|poke|p1|Kingambit, L50, F|
|poke|p1|Electabuzz, L50, F|
|poke|p2|Charizard, L50, M|
|poke|p2|Torkoal, L50, M|
|poke|p2|Porygon2, L50|
|poke|p2|Incineroar, L50, M|
|poke|p2|Jumpluff, L50, M|
|poke|p2|Ursaluna, L50, F|
|teampreview|4
|showteam|p1|Dragonite||LoadedDice|Multiscale|ScaleShot,ExtremeSpeed,Haze,Protect|||F|||50|,,,,,Fairy]Sneasler||FocusSash|PoisonTouch|DireClaw,CloseCombat,FakeOut,Coaching|||F|||50|,,,,,Ghost]Volcarona||CovertCloak|FlameBody|HeatWave,TeraBlast,QuiverDance,Protect|||F|||50|,,,,,Fairy]Rillaboom||AssaultVest|GrassySurge|WoodHammer,FakeOut,GrassyGlide,HighHorsepower|||M|||50|,,,,,Fire]Kingambit||BlackGlasses|Defiant|KowtowCleave,SwordsDance,SuckerPunch,Protect|||F|||50|,,,,,Dark]Electabuzz||Eviolite|VitalSpirit|Electroweb,FollowMe,Taunt,Protect|||F|||50|,,,,,Ghost
|showteam|p2|Charizard||ChoiceSpecs|SolarPower|HeatWave,Overheat,WeatherBall,AirSlash|||M|||50|,,,,,Ghost]Torkoal||EjectPack|Drought|Eruption,Overheat,HelpingHand,Protect|||M|||50|,,,,,Fire]Porygon2||Eviolite|Download|IceBeam,TeraBlast,TrickRoom,Recover||||||50|,,,,,Fighting]Incineroar||SafetyGoggles|Intimidate|FlareBlitz,KnockOff,FakeOut,PartingShot|||M|||50|,,,,,Ghost]Jumpluff||CovertCloak|Chlorophyll|SleepPowder,SunnyDay,RagePowder,Tailwind|||M|||50|,,,,,Water]Ursaluna||FlameOrb|Guts|HeadlongRush,Facade,Earthquake,Protect|||F|||50|,,,,,Ghost
|
|t:|1754605584
|teamsize|p1|4
|teamsize|p2|4
|start
|switch|p1a: Dragonite|Dragonite, L50, F|100/100
|switch|p1b: Electabuzz|Electabuzz, L50, F|100/100
|switch|p2a: Jumpluff|Jumpluff, L50, M|100/100
|switch|p2b: Ursaluna|Ursaluna, L50, F|100/100
|turn|1
|
|t:|1754605612
|-terastallize|p1b: Electabuzz|Ghost
|move|p1b: Electabuzz|Follow Me|p1b: Electabuzz
|-singleturn|p1b: Electabuzz|move: Follow Me
|move|p2a: Jumpluff|Tailwind|p2a: Jumpluff
|-sidestart|p2: damage63|move: Tailwind
|move|p2b: Ursaluna|Headlong Rush|p1b: Electabuzz
|-damage|p1b: Electabuzz|42/100
|-unboost|p2b: Ursaluna|def|1
|-unboost|p2b: Ursaluna|spd|1
|move|p1a: Dragonite|Scale Shot|p2b: Ursaluna|[miss]
|-miss|p1a: Dragonite|p2b: Ursaluna
|
|-status|p2b: Ursaluna|brn|[from] item: Flame Orb
|upkeep
|turn|2
|
|t:|1754605634
|move|p1b: Electabuzz|Follow Me|p1b: Electabuzz
|-singleturn|p1b: Electabuzz|move: Follow Me
|move|p2a: Jumpluff|Sunny Day|p2a: Jumpluff
|-weather|SunnyDay
|move|p2b: Ursaluna|Headlong Rush|p1b: Electabuzz
|-damage|p1b: Electabuzz|0 fnt
|-unboost|p2b: Ursaluna|def|1
|-unboost|p2b: Ursaluna|spd|1
|faint|p1b: Electabuzz
|move|p1a: Dragonite|Scale Shot|p2b: Ursaluna
|-damage|p2b: Ursaluna|79/100 brn
|-damage|p2b: Ursaluna|55/100 brn
|-damage|p2b: Ursaluna|30/100 brn
|-damage|p2b: Ursaluna|7/100 brn
|-hitcount|p2b: Ursaluna|4
|-unboost|p1a: Dragonite|def|1
|-boost|p1a: Dragonite|spe|1
|
|-weather|SunnyDay|[upkeep]
|-damage|p2b: Ursaluna|1/100 brn|[from] brn
|upkeep
|
|t:|1754605654
|switch|p1b: Rillaboom|Rillaboom, L50, M|100/100
|-fieldstart|move: Grassy Terrain|[from] ability: Grassy Surge|[of] p1b: Rillaboom
|turn|3
|
|t:|1754605665
|move|p1b: Rillaboom|Grassy Glide|p2b: Ursaluna
|-supereffective|p2b: Ursaluna
|-damage|p2b: Ursaluna|0 fnt
|faint|p2b: Ursaluna
|move|p2a: Jumpluff|Sleep Powder|p1a: Dragonite
|-status|p1a: Dragonite|slp|[from] move: Sleep Powder
|cant|p1a: Dragonite|slp
|
|-weather|SunnyDay|[upkeep]
|upkeep
|
|t:|1754605671
|switch|p2b: Charizard|Charizard, L50, M|100/100
|turn|4
|
|t:|1754605693
|move|p2a: Jumpluff|Rage Powder|p2a: Jumpluff
|-singleturn|p2a: Jumpluff|move: Rage Powder
|move|p2b: Charizard|Heat Wave|p1b: Rillaboom|[spread] p1a,p1b
|-resisted|p1a: Dragonite
|-supereffective|p1b: Rillaboom
|-damage|p1a: Dragonite|72/100 slp
|-damage|p1b: Rillaboom|0 fnt
|faint|p1b: Rillaboom
|cant|p1a: Dragonite|slp
|
|-weather|SunnyDay|[upkeep]
|-damage|p2b: Charizard|88/100|[from] ability: Solar Power|[of] p2b: Charizard
|-sideend|p2: damage63|move: Tailwind
|upkeep
|
|t:|1754605700
|switch|p1b: Volcarona|Volcarona, L50, F|100/100
|turn|5
|
|t:|1754605708
|move|p1b: Volcarona|Protect|p1b: Volcarona
|-singleturn|p1b: Volcarona|Protect
|move|p2a: Jumpluff|Tailwind|p2a: Jumpluff
|-sidestart|p2: damage63|move: Tailwind
|move|p2b: Charizard|Heat Wave|p1b: Volcarona|[spread] p1a
|-activate|p1b: Volcarona|move: Protect
|-resisted|p1a: Dragonite
|-damage|p1a: Dragonite|18/100 slp
|cant|p1a: Dragonite|slp
|
|-weather|SunnyDay|[upkeep]
|-damage|p2b: Charizard|76/100|[from] ability: Solar Power|[of] p2b: Charizard
|upkeep
|turn|6
|
|t:|1754605732
|-terastallize|p2a: Jumpluff|Water
|move|p2a: Jumpluff|Rage Powder|p2a: Jumpluff
|-singleturn|p2a: Jumpluff|move: Rage Powder
|-curestatus|p1a: Dragonite|slp|[msg]
|move|p1a: Dragonite|Extreme Speed|p2a: Jumpluff
|-damage|p2a: Jumpluff|67/100
|move|p2b: Charizard|Heat Wave|p1a: Dragonite|[spread] p1a,p1b
|-resisted|p1a: Dragonite
|-damage|p1a: Dragonite|0 fnt
|-damage|p1b: Volcarona|0 fnt
|faint|p1a: Dragonite
|faint|p1b: Volcarona
|
|win|damage63
|raw|marcosdeltasena31's rating: 1328 → 1311(-17 for losing)
|raw|damage63's rating: 1372 → 1389(+17 for winning)
|l|☆damage63
|player|p2|
