|j|☆saiban004
|j|☆new mental
|html|saiban004new mental    
|uhtml|bestof|Game 1 of a best-of-3
|t:|1783946566
|gametype|doubles
|player|p1|saiban004|265|1196
|player|p2|new mental|volkner|1340
|gen|9
|tier|[Gen 9 Champions] VGC 2026 Reg M-B (Bo3)
|rated|
|rule|Species Clause: Limit one of each Pokémon
|rule|Item Clause: Limit 1 of each item
|clearpoke
|poke|p1|Metagross, L50, shiny|
|poke|p1|Sneasler, L50, M|
|poke|p1|Gardevoir, L50, F, shiny|
|poke|p1|Gallade, L50, M, shiny|
|poke|p1|Incineroar, L50, M|
|poke|p1|Aerodactyl, L50, M|
|poke|p2|Charizard, L50, F|
|poke|p2|Kingambit, L50, F|
|poke|p2|Sylveon, L50, M|
|poke|p2|Venusaur, L50, F|
|poke|p2|Aerodactyl, L50, F|
|poke|p2|Farigiraf, L50, F|
|teampreview|4
|showteam|p1|Metagross||Metagrossite|ClearBody|BulletPunch,PsychicFangs,Protect,BodyPress|Adamant|||||50|]Sneasler||WhiteHerb|Unburden|FakeOut,DireClaw,CloseCombat,Coaching|Jolly||M|||50|]Gardevoir||Gardevoirite|Trace|CalmMind,HyperVoice,Thunderbolt,Psychic|Modest||F|||50|]Gallade||ChoiceScarf|Sharpness|SacredSword,PsychoCut,AquaCutter,LeafBlade|Jolly||M|||50|]Incineroar||SitrusBerry|Intimidate|FakeOut,PartingShot,ThroatChop,FlareBlitz|Adamant||M|||50|]Aerodactyl||FocusSash|Unnerve|RockSlide,Tailwind,WideGuard,DualWingbeat|Jolly||M|||50|
|showteam|p2|Charizard||CharizarditeY|SolarPower|Protect,HeatWave,SolarBeam,WeatherBall|Modest||F|||50|]Kingambit||FocusSash|Defiant|IronHead,SuckerPunch,KowtowCleave,LowKick|Adamant||F|||50|]Sylveon||FairyFeather|Pixilate|Detect,HyperVoice,HyperBeam,QuickAttack|Modest||M|||50|]Venusaur||LifeOrb|Chlorophyll|EarthPower,SludgeBomb,SleepPowder,EnergyBall|Modest||F|||50|]Aerodactyl||Aerodactylite|Unnerve|IceFang,RockSlide,Tailwind,DualWingbeat|Jolly||F|||50|]Farigiraf||SitrusBerry|ArmorTail|TrickRoom,Psychic,Thunderbolt,Roar|Bold||F|||50|
|inactive|Battle timer is ON: inactive players will automatically lose when time's up. (requested by saiban004)
|inactive|new mental has 60 seconds left.
|
|t:|1783946624
|teamsize|p1|4
|teamsize|p2|4
|start
|switch|p1a: Aerodactyl|Aerodactyl, L50, M|100/100
|switch|p1b: Gardevoir|Gardevoir, L50, F, shiny|100/100
|switch|p2a: Charizard|Charizard, L50, F|100/100
|switch|p2b: Venusaur|Venusaur, L50, F|100/100
|-ability|p1a: Aerodactyl|Unnerve
|-ability|p1b: Gardevoir|Chlorophyll|Trace|[from] ability: Trace|[of] p2b: Venusaur
|turn|1
|inactive|saiban004 has 30 seconds left.
|
|t:|1783946654
|detailschange|p2a: Charizard|Charizard-Mega-Y, L50, F
|-mega|p2a: Charizard|Charizard|Charizardite Y
|-weather|SunnyDay|[from] ability: Drought|[of] p2a: Charizard
|detailschange|p1b: Gardevoir|Gardevoir-Mega, L50, F, shiny
|-mega|p1b: Gardevoir|Gardevoir|Gardevoirite
|move|p2b: Venusaur|Sleep Powder|p1a: Aerodactyl
|-status|p1a: Aerodactyl|slp|[from] move: Sleep Powder
|cant|p1a: Aerodactyl|slp
|move|p2a: Charizard|Weather Ball|p1b: Gardevoir
|-damage|p1b: Gardevoir|21/100
|move|p1b: Gardevoir|Calm Mind|p1b: Gardevoir
|-boost|p1b: Gardevoir|spa|1
|-boost|p1b: Gardevoir|spd|1
|
|-weather|SunnyDay|[upkeep]
|upkeep
|turn|2
|
|t:|1783946669
|move|p2b: Venusaur|Sludge Bomb|p1b: Gardevoir
|-supereffective|p1b: Gardevoir|1
|-damage|p1b: Gardevoir|0 fnt
|faint|p1b: Gardevoir
|-damage|p2b: Venusaur|90/100|[from] item: Life Orb
|cant|p1a: Aerodactyl|slp
|move|p2a: Charizard|Solar Beam||[still]
|-prepare|p2a: Charizard|Solar Beam
|-anim|p2a: Charizard|Solar Beam|p1a: Aerodactyl
|-damage|p1a: Aerodactyl|50/100y slp
|
|-weather|SunnyDay|[upkeep]
|upkeep
|
|t:|1783946674
|switch|p1b: Gallade|Gallade, L50, M, shiny|100/100
|turn|3
|
|t:|1783946682
|move|p2b: Venusaur|Energy Ball|p1a: Aerodactyl
|-damage|p1a: Aerodactyl|0 fnt
|faint|p1a: Aerodactyl
|-damage|p2b: Venusaur|80/100|[from] item: Life Orb
|move|p1b: Gallade|Psycho Cut|p2b: Venusaur
|-supereffective|p2b: Venusaur|1
|-crit|p2b: Venusaur
|-damage|p2b: Venusaur|0 fnt
|faint|p2b: Venusaur
|move|p2a: Charizard|Weather Ball|p1b: Gallade
|-damage|p1b: Gallade|4/100
|
|-weather|SunnyDay|[upkeep]
|upkeep
|
|t:|1783946693
|switch|p1a: Sneasler|Sneasler, L50, M|100/100
|switch|p2b: Kingambit|Kingambit, L50, F|100/100
|turn|4
|
|t:|1783946708
|move|p2a: Charizard|Protect|p2a: Charizard
|-singleturn|p2a: Charizard|Protect
|move|p1a: Sneasler|Fake Out|p2a: Charizard
|-activate|p2a: Charizard|move: Protect
|move|p2b: Kingambit|Sucker Punch|p1b: Gallade
|-damage|p1b: Gallade|0 fnt
|faint|p1b: Gallade
|
|-weather|SunnyDay|[upkeep]
|upkeep
|turn|5
|
|t:|1783946716
|move|p2b: Kingambit|Sucker Punch|p1a: Sneasler
|-resisted|p1a: Sneasler|1
|-damage|p1a: Sneasler|69/100
|move|p1a: Sneasler|Close Combat|p2b: Kingambit
|-supereffective|p2b: Kingambit|2
|-enditem|p2b: Kingambit|Focus Sash
|-damage|p2b: Kingambit|1/100
|-unboost|p1a: Sneasler|def|1
|-unboost|p1a: Sneasler|spd|1
|-enditem|p1a: Sneasler|White Herb
|-clearnegativeboost|p1a: Sneasler|[silent]
|move|p2a: Charizard|Weather Ball|p1a: Sneasler
|-damage|p1a: Sneasler|0 fnt
|faint|p1a: Sneasler
|
|win|new mental
||new mental is ready for game 2.
|l|☆saiban004
|player|p1|
||saiban004 is ready for game 2.
|uhtml|next|Next: Game 2 of 3
